|j|☆Truffle buddah
|j|☆WeRrsome
|t:|1769305786
|gametype|singles
|player|p1|Truffle buddah|li|1647
|player|p2|WeRrsome|169|1713
|gen|9
|tier|[Gen 9] OU
|rated|
|rule|HP Percentage Mod: HP is shown in percentages
|rule|Endless Battle Clause: Forcing endless battles is banned
|rule|Species Clause: Limit one of each Pokémon
|rule|OHKO Clause: OHKO moves are banned
|rule|Evasion Items Clause: Evasion items are banned
|rule|Evasion Moves Clause: Evasion moves are banned
|rule|Evasion Abilities Clause: Evasion abilities are banned
|rule|Sleep Moves Clause: Sleep-inducing moves are banned
|clearpoke
|poke|p1|Bronzong|
|poke|p1|Hydrapple, F|
|poke|p1|Excadrill, M|
|poke|p1|Hippowdon, F|
|poke|p1|Iron Moth|
|poke|p1|Mandibuzz, F|
|poke|p2|Araquanid, F|
|poke|p2|Raging Bolt|
|poke|p2|Dragonite, M|
|poke|p2|Iron Treads|
|poke|p2|Landorus-Therian, M|
|poke|p2|Ogerpon, F|
|teampreview
|inactive|Battle timer is ON: inactive players will automatically lose when time's up. (requested by WeRrsome)
|j| stampete5
|
|t:|1769305812
|teamsize|p1|6
|teamsize|p2|6
|start
|switch|p1a: Hydrapple|Hydrapple, F|100/100
|switch|p2a: Araquanid|Araquanid, F|100/100
|turn|1
|
|t:|1769305825
|move|p1a: Hydrapple|Nasty Plot|p1a: Hydrapple
|-boost|p1a: Hydrapple|spa|2
|move|p2a: Araquanid|Leech Life|p1a: Hydrapple
|-supereffective|p1a: Hydrapple
|-damage|p1a: Hydrapple|54/100
|
|upkeep
|turn|2
|
|t:|1769305832
|move|p1a: Hydrapple|Giga Drain|p2a: Araquanid
|-damage|p2a: Araquanid|17/100
|-heal|p1a: Hydrapple|88/100|[from] drain|[of] p2a: Araquanid
|-damage|p1a: Hydrapple|78/100|[from] item: Life Orb
|move|p2a: Araquanid|Leech Life|p1a: Hydrapple
|-supereffective|p1a: Hydrapple
|-damage|p1a: Hydrapple|32/100
|-heal|p2a: Araquanid|46/100|[from] drain|[of] p1a: Hydrapple
|
|upkeep
|turn|3
|
|t:|1769305840
|switch|p2a: Dragonite|Dragonite, M|100/100
|move|p1a: Hydrapple|Giga Drain|p2a: Dragonite
|-resisted|p2a: Dragonite
|-damage|p2a: Dragonite|88/100
|-heal|p1a: Hydrapple|37/100|[from] drain|[of] p2a: Dragonite
|-damage|p1a: Hydrapple|27/100|[from] item: Life Orb
|
|upkeep
|turn|4
|
|t:|1769305851
|switch|p1a: Bronzong|Bronzong|100/100
|move|p2a: Dragonite|Ice Beam|p1a: Bronzong
|-resisted|p1a: Bronzong
|-damage|p1a: Bronzong|93/100
|
|-heal|p1a: Bronzong|99/100|[from] item: Leftovers
|upkeep
|turn|5
|
|t:|1769305860
|move|p2a: Dragonite|Thunder Wave|p1a: Bronzong
|-status|p1a: Bronzong|par
|move|p1a: Bronzong|Stealth Rock|p2a: Dragonite
|-sidestart|p2: WeRrsome|move: Stealth Rock
|
|-heal|p1a: Bronzong|100/100 par|[from] item: Leftovers
|upkeep
|turn|6
|
|t:|1769305863
|switch|p2a: Iron Treads|Iron Treads|100/100
|-damage|p2a: Iron Treads|97/100|[from] Stealth Rock
|move|p1a: Bronzong|Psychic Noise|p2a: Iron Treads
|-resisted|p2a: Iron Treads
|-damage|p2a: Iron Treads|92/100
|-start|p2a: Iron Treads|move: Heal Block
|
|upkeep
|turn|7
|
|t:|1769305869
|move|p2a: Iron Treads|Rapid Spin|p1a: Bronzong
|-resisted|p1a: Bronzong
|-damage|p1a: Bronzong|94/100 par
|-boost|p2a: Iron Treads|spe|1
|-sideend|p2: WeRrsome|Stealth Rock|[from] move: Rapid Spin|[of] p2a: Iron Treads
|move|p1a: Bronzong|Body Press|p2a: Iron Treads
|-supereffective|p2a: Iron Treads
|-damage|p2a: Iron Treads|61/100
|
|-heal|p1a: Bronzong|100/100 par|[from] item: Leftovers
|-end|p2a: Iron Treads|move: Heal Block
|upkeep
|turn|8
|
|t:|1769305876
|switch|p1a: Mandibuzz|Mandibuzz, F|100/100
|move|p2a: Iron Treads|Knock Off|p1a: Mandibuzz
|-resisted|p1a: Mandibuzz
|-damage|p1a: Mandibuzz|91/100
|-enditem|p1a: Mandibuzz|Heavy-Duty Boots|[from] move: Knock Off|[of] p2a: Iron Treads
|
|upkeep
|turn|9
|
|t:|1769305884
|-end|p2a: Iron Treads|Quark Drive|[silent]
|switch|p2a: Raging Bolt|Raging Bolt|100/100
|move|p1a: Mandibuzz|Foul Play|p2a: Raging Bolt
|-damage|p2a: Raging Bolt|84/100
|
|upkeep
|turn|10
|
|t:|1769305898
|switch|p1a: Bronzong|Bronzong|100/100 par
|move|p2a: Raging Bolt|Volt Switch|p1a: Bronzong
|-damage|p1a: Bronzong|71/100 par
|inactive|WeRrsome has 120 seconds left.
|l| stampete5
|
|t:|1769305938
|-end|p2a: Raging Bolt|Protosynthesis|[silent]
|switch|p2a: Araquanid|Araquanid, F|46/100|[from] Volt Switch
|
|-heal|p1a: Bronzong|77/100 par|[from] item: Leftovers
|upkeep
|turn|11
|
|t:|1769305958
|move|p2a: Araquanid|Leech Life|p1a: Bronzong
|-damage|p1a: Bronzong|51/100 par
|-heal|p2a: Araquanid|59/100|[from] drain|[of] p1a: Bronzong
|move|p1a: Bronzong|Stealth Rock|p2a: Araquanid
|-sidestart|p2: WeRrsome|move: Stealth Rock
|
|-heal|p1a: Bronzong|58/100 par|[from] item: Leftovers
|upkeep
|turn|12
|inactive|WeRrsome has 120 seconds left.
|
|t:|1769305968
|switch|p1a: Iron Moth|Iron Moth|100/100
|move|p2a: Araquanid|Liquidation|p1a: Iron Moth
|-supereffective|p1a: Iron Moth
|-damage|p1a: Iron Moth|0 fnt
|faint|p1a: Iron Moth
|-end|p1a: Iron Moth|Quark Drive|[silent]
|
|upkeep
|
|t:|1769305976
|switch|p1a: Hydrapple|Hydrapple, F|61/100
|turn|13
|
|t:|1769305983
|move|p1a: Hydrapple|Draco Meteor|p2a: Araquanid
|-damage|p2a: Araquanid|0 fnt
|-unboost|p1a: Hydrapple|spa|2
|faint|p2a: Araquanid
|-damage|p1a: Hydrapple|51/100|[from] item: Life Orb
|
|upkeep
|
|t:|1769305992
|switch|p2a: Iron Treads|Iron Treads|61/100
|-damage|p2a: Iron Treads|58/100|[from] Stealth Rock
|turn|14
|
|t:|1769305997
|switch|p1a: Bronzong|Bronzong|58/100 par
|move|p2a: Iron Treads|Rapid Spin|p1a: Bronzong
|-resisted|p1a: Bronzong
|-damage|p1a: Bronzong|52/100 par
|-boost|p2a: Iron Treads|spe|1
|-sideend|p2: WeRrsome|Stealth Rock|[from] move: Rapid Spin|[of] p2a: Iron Treads
|
|-heal|p1a: Bronzong|58/100 par|[from] item: Leftovers
|upkeep
|turn|15
|
|t:|1769306001
|move|p2a: Iron Treads|Knock Off|p1a: Bronzong
|-supereffective|p1a: Bronzong
|-damage|p1a: Bronzong|14/100 par
|-enditem|p1a: Bronzong|Leftovers|[from] move: Knock Off|[of] p2a: Iron Treads
|move|p1a: Bronzong|Body Press|p2a: Iron Treads
|-supereffective|p2a: Iron Treads
|-damage|p2a: Iron Treads|26/100
|
|upkeep
|turn|16
|
|t:|1769306004
|move|p2a: Iron Treads|Knock Off|p1a: Bronzong
|-supereffective|p1a: Bronzong
|-damage|p1a: Bronzong|0 fnt
|faint|p1a: Bronzong
|
|upkeep
|
|t:|1769306010
|switch|p1a: Hippowdon|Hippowdon, F|100/100
|-weather|Sandstorm|[from] ability: Sand Stream|[of] p1a: Hippowdon
|turn|17
|inactive|Truffle buddah has 120 seconds left.
|
|t:|1769306043
|move|p2a: Iron Treads|Knock Off|p1a: Hippowdon
|-damage|p1a: Hippowdon|87/100
|-enditem|p1a: Hippowdon|Leftovers|[from] move: Knock Off|[of] p2a: Iron Treads
|move|p1a: Hippowdon|Ice Fang|p2a: Iron Treads
|-damage|p2a: Iron Treads|13/100
|-status|p2a: Iron Treads|frz
|
|-weather|Sandstorm|[upkeep]
|upkeep
|turn|18
|
|t:|1769306059
|cant|p2a: Iron Treads|frz
|move|p1a: Hippowdon|Curse|p1a: Hippowdon
|-unboost|p1a: Hippowdon|spe|1
|-boost|p1a: Hippowdon|atk|1
|-boost|p1a: Hippowdon|def|1
|
|-weather|Sandstorm|[upkeep]
|upkeep
|turn|19
|
|t:|1769306068
|cant|p2a: Iron Treads|frz
|move|p1a: Hippowdon|Curse|p1a: Hippowdon
|-unboost|p1a: Hippowdon|spe|1
|-boost|p1a: Hippowdon|atk|1
|-boost|p1a: Hippowdon|def|1
|
|-weather|Sandstorm|[upkeep]
|upkeep
|turn|20
|
|t:|1769306073
|cant|p2a: Iron Treads|frz
|move|p1a: Hippowdon|Ice Fang|p2a: Iron Treads
|-damage|p2a: Iron Treads|0 fnt
|faint|p2a: Iron Treads
|-end|p2a: Iron Treads|Quark Drive|[silent]
|
|-weather|Sandstorm|[upkeep]
|upkeep
|
|t:|1769306077
|switch|p2a: Raging Bolt|Raging Bolt|84/100
|turn|21
|
|t:|1769306085
|switch|p1a: Mandibuzz|Mandibuzz, F|91/100
|move|p2a: Raging Bolt|Draco Meteor|p1a: Mandibuzz
|-damage|p1a: Mandibuzz|47/100
|-unboost|p2a: Raging Bolt|spa|2
|
|-weather|none
|upkeep
|turn|22
|
|t:|1769306100
|-end|p2a: Raging Bolt|Protosynthesis|[silent]
|switch|p2a: Landorus|Landorus-Therian, M|100/100
|-ability|p2a: Landorus|Intimidate|boost
|-unboost|p1a: Mandibuzz|atk|1
|move|p1a: Mandibuzz|Roost|p1a: Mandibuzz
|-heal|p1a: Mandibuzz|97/100
|-singleturn|p1a: Mandibuzz|move: Roost
|
|upkeep
|turn|23
|
|t:|1769306111
|move|p2a: Landorus|Stealth Rock|p1a: Mandibuzz
|-sidestart|p1: Truffle buddah|move: Stealth Rock
|move|p1a: Mandibuzz|Toxic|p2a: Landorus
|-status|p2a: Landorus|tox
|
|-damage|p2a: Landorus|95/100 tox|[from] psn
|upkeep
|turn|24
|
|t:|1769306119
|switch|p2a: Raging Bolt|Raging Bolt|84/100
|move|p1a: Mandibuzz|Foul Play|p2a: Raging Bolt
|-damage|p2a: Raging Bolt|66/100
|
|upkeep
|turn|25
|
|t:|1769306126
|switch|p1a: Hippowdon|Hippowdon, F|87/100
|-damage|p1a: Hippowdon|81/100|[from] Stealth Rock
|-weather|Sandstorm|[from] ability: Sand Stream|[of] p1a: Hippowdon
|move|p2a: Raging Bolt|Thunderbolt|p1a: Hippowdon
|-immune|p1a: Hippowdon
|
|-weather|Sandstorm|[upkeep]
|-damage|p2a: Raging Bolt|60/100|[from] Sandstorm
|upkeep
|turn|26
|
|t:|1769306135
|move|p2a: Raging Bolt|Thunderbolt|p1a: Hippowdon
|-immune|p1a: Hippowdon
|move|p1a: Hippowdon|Ice Fang|p2a: Raging Bolt
|-supereffective|p2a: Raging Bolt
|-damage|p2a: Raging Bolt|33/100
|
|-weather|Sandstorm|[upkeep]
|-damage|p2a: Raging Bolt|27/100|[from] Sandstorm
|upkeep
|turn|27
|
|t:|1769306137
|move|p2a: Raging Bolt|Draco Meteor|p1a: Hippowdon
|-damage|p1a: Hippowdon|0 fnt
|-unboost|p2a: Raging Bolt|spa|2
|faint|p1a: Hippowdon
|
|-weather|Sandstorm|[upkeep]
|-damage|p2a: Raging Bolt|21/100|[from] Sandstorm
|upkeep
|
|t:|1769306142
|switch|p1a: Excadrill|Excadrill, M|100/100
|-damage|p1a: Excadrill|97/100|[from] Stealth Rock
|turn|28
|
|t:|1769306148
|-end|p2a: Raging Bolt|Protosynthesis|[silent]
|switch|p2a: Landorus|Landorus-Therian, M|95/100 tox
|-ability|p2a: Landorus|Intimidate|boost
|-unboost|p1a: Excadrill|atk|1
|move|p1a: Excadrill|Rapid Spin|p2a: Landorus
|-damage|p2a: Landorus|78/100 tox
|-boost|p1a: Excadrill|spe|1
|-sideend|p1: Truffle buddah|Stealth Rock|[from] move: Rapid Spin|[of] p1a: Excadrill
|
|-weather|Sandstorm|[upkeep]
|-heal|p1a: Excadrill|100/100|[from] item: Leftovers
|-damage|p2a: Landorus|72/100 tox|[from] psn
|upkeep
|turn|29
|
|t:|1769306155
|switch|p1a: Hydrapple|Hydrapple, F|84/100
|move|p2a: Landorus|Earthquake|p1a: Hydrapple
|-resisted|p1a: Hydrapple
|-damage|p1a: Hydrapple|64/100
|
|-weather|none
|-damage|p2a: Landorus|60/100 tox|[from] psn
|upkeep
|turn|30
|
|t:|1769306163
|switch|p2a: Dragonite|Dragonite, M|88/100
|move|p1a: Hydrapple|Draco Meteor|p2a: Dragonite
|-supereffective|p2a: Dragonite
|-crit|p2a: Dragonite
|-damage|p2a: Dragonite|0 fnt
|-unboost|p1a: Hydrapple|spa|2
|faint|p2a: Dragonite
|-damage|p1a: Hydrapple|54/100|[from] item: Life Orb
|
|upkeep
|
|t:|1769306174
|switch|p2a: Ogerpon|Ogerpon, F|100/100
|turn|31
|
|t:|1769306180
|switch|p1a: Mandibuzz|Mandibuzz, F|97/100
|move|p2a: Ogerpon|U-turn|p1a: Mandibuzz
|-damage|p1a: Mandibuzz|70/100
|
|t:|1769306182
|switch|p2a: Raging Bolt|Raging Bolt|21/100|[from] U-turn
|
|upkeep
|turn|32
|
|t:|1769306185
|switch|p1a: Excadrill|Excadrill, M|100/100
|move|p2a: Raging Bolt|Draco Meteor|p1a: Excadrill
|-resisted|p1a: Excadrill
|-damage|p1a: Excadrill|52/100
|-unboost|p2a: Raging Bolt|spa|2
|
|-heal|p1a: Excadrill|58/100|[from] item: Leftovers
|upkeep
|turn|33
|
|t:|1769306192
|-end|p2a: Raging Bolt|Protosynthesis|[silent]
|switch|p2a: Landorus|Landorus-Therian, M|60/100 tox
|-ability|p2a: Landorus|Intimidate|boost
|-unboost|p1a: Excadrill|atk|1
|move|p1a: Excadrill|Rock Slide|p2a: Landorus
|-damage|p2a: Landorus|37/100 tox
|
|-heal|p1a: Excadrill|64/100|[from] item: Leftovers
|-damage|p2a: Landorus|31/100 tox|[from] psn
|upkeep
|turn|34
|j| Homeless Bootcamp
|
|t:|1769306213
|switch|p1a: Mandibuzz|Mandibuzz, F|70/100
|move|p2a: Landorus|U-turn|p1a: Mandibuzz
|-damage|p1a: Mandibuzz|51/100
|
|t:|1769306217
|switch|p2a: Raging Bolt|Raging Bolt|21/100|[from] U-turn
|
|upkeep
|turn|35
|
|t:|1769306238
|switch|p1a: Excadrill|Excadrill, M|64/100
|move|p2a: Raging Bolt|Draco Meteor|p1a: Excadrill
|-resisted|p1a: Excadrill
|-damage|p1a: Excadrill|9/100
|-unboost|p2a: Raging Bolt|spa|2
|
|-heal|p1a: Excadrill|15/100|[from] item: Leftovers
|upkeep
|turn|36
|
|t:|1769306249
|-end|p2a: Raging Bolt|Protosynthesis|[silent]
|switch|p2a: Landorus|Landorus-Therian, M|31/100 tox
|-ability|p2a: Landorus|Intimidate|boost
|-unboost|p1a: Excadrill|atk|1
|move|p1a: Excadrill|Rock Slide|p2a: Landorus
|-damage|p2a: Landorus|6/100 tox
|
|-heal|p1a: Excadrill|22/100|[from] item: Leftovers
|-damage|p2a: Landorus|0 fnt|[from] psn
|faint|p2a: Landorus
|upkeep
|
|t:|1769306251
|switch|p2a: Ogerpon|Ogerpon, F|100/100
|turn|37
|
|t:|1769306264
|switch|p1a: Mandibuzz|Mandibuzz, F|51/100
|move|p2a: Ogerpon|U-turn|p1a: Mandibuzz
|-damage|p1a: Mandibuzz|23/100
|
|t:|1769306266
|switch|p2a: Raging Bolt|Raging Bolt|21/100|[from] U-turn
|
|upkeep
|turn|38
|
|t:|1769306273
|move|p1a: Mandibuzz|Foul Play|p2a: Raging Bolt
|-damage|p2a: Raging Bolt|3/100
|move|p2a: Raging Bolt|Draco Meteor|p1a: Mandibuzz
|-damage|p1a: Mandibuzz|0 fnt
|-unboost|p2a: Raging Bolt|spa|2
|faint|p1a: Mandibuzz
|
|upkeep
|
|t:|1769306275
|switch|p1a: Excadrill|Excadrill, M|22/100
|turn|39
|
|t:|1769306288
|move|p1a: Excadrill|Rock Slide|p2a: Raging Bolt
|-damage|p2a: Raging Bolt|0 fnt
|faint|p2a: Raging Bolt
|-end|p2a: Raging Bolt|Protosynthesis|[silent]
|
|-heal|p1a: Excadrill|28/100|[from] item: Leftovers
|upkeep
|
|t:|1769306289
|switch|p2a: Ogerpon|Ogerpon, F|100/100
|turn|40
|
|t:|1769306296
|-terastallize|p2a: Ogerpon|Grass
|detailschange|p2a: Ogerpon|Ogerpon-Teal-Tera, F, tera:Grass
|-ability|p2a: Ogerpon|Embody Aspect (Teal)|boost
|-boost|p2a: Ogerpon|spe|1
|move|p2a: Ogerpon|U-turn|p1a: Excadrill
|-resisted|p1a: Excadrill
|-damage|p1a: Excadrill|2/100
|move|p1a: Excadrill|Rock Slide|p2a: Ogerpon
|-damage|p2a: Ogerpon|61/100
|
|-heal|p1a: Excadrill|9/100|[from] item: Leftovers
|upkeep
|turn|41
|
|t:|1769306302
|move|p2a: Ogerpon|U-turn|p1a: Excadrill
|-resisted|p1a: Excadrill
|-damage|p1a: Excadrill|0 fnt
|faint|p1a: Excadrill
|
|upkeep
|
|t:|1769306304
|switch|p1a: Hydrapple|Hydrapple, F|88/100
|turn|42
|
|t:|1769306307
|-terastallize|p1a: Hydrapple|Dragon
|move|p2a: Ogerpon|U-turn|p1a: Hydrapple
|-damage|p1a: Hydrapple|60/100
|move|p1a: Hydrapple|Draco Meteor|p2a: Ogerpon
|-damage|p2a: Ogerpon|0 fnt
|-unboost|p1a: Hydrapple|spa|2
|faint|p2a: Ogerpon
|detailschange|p2: Ogerpon|Ogerpon, F|[silent]
|-damage|p1a: Hydrapple|50/100|[from] item: Life Orb
|
|win|Truffle buddah
|raw|Truffle buddah's rating: 1647 &rarr; <strong>1671</strong><br />(+24 for winning)
|raw|WeRrsome's rating: 1713 &rarr; <strong>1689</strong><br />(-24 for losing)
|l| Homeless Bootcamp
|c|☆Truffle buddah|Gg
|l|☆Truffle buddah
|player|p1|
|l|☆WeRrsome
|player|p2|
