|j|☆acedoesmining_
|j|☆shwibby
|t:|1769324421
|gametype|singles
|player|p1|acedoesmining_|miku-ghost|1093
|player|p2|shwibby|lucas|1140
|gen|9
|tier|[Gen 9] OU
|rated|
|rule|HP Percentage Mod: HP is shown in percentages
|rule|Endless Battle Clause: Forcing endless battles is banned
|rule|Species Clause: Limit one of each Pokémon
|rule|OHKO Clause: OHKO moves are banned
|rule|Evasion Items Clause: Evasion items are banned
|rule|Evasion Moves Clause: Evasion moves are banned
|rule|Evasion Abilities Clause: Evasion abilities are banned
|rule|Sleep Moves Clause: Sleep-inducing moves are banned
|clearpoke
|poke|p1|Cinderace, F|
|poke|p1|Landorus-Therian, M|
|poke|p1|Hatterene, F|
|poke|p1|Darkrai|
|poke|p1|Kyurem|
|poke|p1|Iron Valiant|
|poke|p2|Dusclops, M|
|poke|p2|Vikavolt, M|
|poke|p2|Snorlax, M|
|poke|p2|Glastrier|
|poke|p2|Chandelure, M|
|poke|p2|Rhyperior, F|
|teampreview
|inactive|Battle timer is ON: inactive players will automatically lose when time's up. (requested by acedoesmining_)
|
|t:|1769324435
|teamsize|p1|6
|teamsize|p2|6
|start
|switch|p1a: Landorus|Landorus-Therian, M|100/100
|switch|p2a: Dusclops|Dusclops, M, shiny|100/100
|-ability|p1a: Landorus|Intimidate|boost
|-unboost|p2a: Dusclops|atk|1
|-item|p1a: Landorus|Rocky Helmet|[from] ability: Frisk|[of] p2a: Dusclops
|turn|1
|
|t:|1769324445
|move|p1a: Landorus|Taunt|p2a: Dusclops
|-start|p2a: Dusclops|move: Taunt
|cant|p2a: Dusclops|move: Taunt|Will-O-Wisp
|
|upkeep
|turn|2
|
|t:|1769324450
|move|p1a: Landorus|Stealth Rock|p2a: Dusclops
|-sidestart|p2: shwibby|move: Stealth Rock
|move|p2a: Dusclops|Night Shade|p1a: Landorus
|-damage|p1a: Landorus|74/100
|
|upkeep
|turn|3
|
|t:|1769324456
|move|p1a: Landorus|U-turn|p2a: Dusclops
|-resisted|p2a: Dusclops
|-damage|p2a: Dusclops|93/100
|
|t:|1769324461
|switch|p1a: Darkrai|Darkrai|100/100|[from] U-turn
|move|p2a: Dusclops|Night Shade|p1a: Darkrai
|-damage|p1a: Darkrai|65/100
|
|-end|p2a: Dusclops|move: Taunt
|upkeep
|turn|4
|
|t:|1769324472
|switch|p1a: Hatterene|Hatterene, F|100/100
|-terastallize|p2a: Dusclops|Normal
|move|p2a: Dusclops|Trick Room|p2a: Dusclops
|-fieldstart|move: Trick Room|[of] p2a: Dusclops
|
|upkeep
|turn|5
|
|t:|1769324491
|switch|p2a: Vikavolt|Vikavolt, M, shiny|100/100
|-damage|p2a: Vikavolt|76/100|[from] Stealth Rock
|move|p1a: Hatterene|Nuzzle|p2a: Vikavolt
|-resisted|p2a: Vikavolt
|-damage|p2a: Vikavolt|73/100
|
|upkeep
|turn|6
|
|t:|1769324502
|move|p1a: Hatterene|Psychic Noise|p2a: Vikavolt
|-damage|p2a: Vikavolt|34/100
|-start|p2a: Vikavolt|move: Heal Block
|move|p2a: Vikavolt|Thunderbolt|p1a: Hatterene
|-damage|p1a: Hatterene|12/100
|
|upkeep
|turn|7
|
|t:|1769324512
|switch|p2a: Dusclops|Dusclops, M, shiny, tera:Normal|93/100
|-damage|p2a: Dusclops|81/100|[from] Stealth Rock
|-item|p1a: Hatterene|Rocky Helmet|[from] ability: Frisk|[of] p2a: Dusclops
|move|p1a: Hatterene|Draining Kiss|p2a: Dusclops
|-damage|p2a: Dusclops|70/100
|-heal|p1a: Hatterene|19/100|[from] drain|[of] p2a: Dusclops
|
|upkeep
|turn|8
|
|t:|1769324529
|switch|p1a: Kyurem|Kyurem|100/100
|-ability|p1a: Kyurem|Pressure
|move|p2a: Dusclops|Night Shade|p1a: Kyurem
|-damage|p1a: Kyurem|76/100
|
|-fieldend|move: Trick Room
|upkeep
|turn|9
|
|t:|1769324536
|move|p1a: Kyurem|Substitute|p1a: Kyurem
|-start|p1a: Kyurem|Substitute
|-damage|p1a: Kyurem|51/100
|move|p2a: Dusclops|Trick Room|p2a: Dusclops
|-fieldstart|move: Trick Room|[of] p2a: Dusclops
|
|upkeep
|turn|10
|
|t:|1769324547
|switch|p2a: Rhyperior|Rhyperior, F|100/100
|-damage|p2a: Rhyperior|94/100|[from] Stealth Rock
|move|p1a: Kyurem|Dragon Dance|p1a: Kyurem
|-boost|p1a: Kyurem|atk|1
|-boost|p1a: Kyurem|spe|1
|
|upkeep
|turn|11
|
|t:|1769324558
|move|p2a: Rhyperior|Heat Crash|p1a: Kyurem
|-activate|p1a: Kyurem|move: Substitute|[damage]
|move|p1a: Kyurem|Icicle Spear|p2a: Rhyperior
|-supereffective|p2a: Rhyperior
|-damage|p2a: Rhyperior|69/100
|-supereffective|p2a: Rhyperior
|-damage|p2a: Rhyperior|46/100
|-supereffective|p2a: Rhyperior
|-damage|p2a: Rhyperior|20/100
|-supereffective|p2a: Rhyperior
|-crit|p2a: Rhyperior
|-damage|p2a: Rhyperior|0 fnt
|faint|p2a: Rhyperior
|-hitcount|p2: Rhyperior|4
|
|upkeep
|
|t:|1769324573
|switch|p2a: Chandelure|Chandelure, M|100/100
|-damage|p2a: Chandelure|76/100|[from] Stealth Rock
|turn|12
|
|t:|1769324578
|move|p2a: Chandelure|Flamethrower|p1a: Kyurem
|-end|p1a: Kyurem|Substitute
|move|p1a: Kyurem|Icicle Spear|p2a: Chandelure
|-resisted|p2a: Chandelure
|-damage|p2a: Chandelure|64/100
|-resisted|p2a: Chandelure
|-damage|p2a: Chandelure|51/100
|-resisted|p2a: Chandelure
|-damage|p2a: Chandelure|40/100
|-resisted|p2a: Chandelure
|-damage|p2a: Chandelure|28/100
|-hitcount|p2a: Chandelure|4
|
|upkeep
|turn|13
|
|t:|1769324590
|switch|p1a: Landorus|Landorus-Therian, M|74/100
|-ability|p1a: Landorus|Intimidate|boost
|-unboost|p2a: Chandelure|atk|1
|move|p2a: Chandelure|Flamethrower|p1a: Landorus
|-damage|p1a: Landorus|17/100
|
|-fieldend|move: Trick Room
|upkeep
|turn|14
|
|t:|1769324609
|switch|p2a: Dusclops|Dusclops, M, shiny, tera:Normal|70/100
|-damage|p2a: Dusclops|58/100|[from] Stealth Rock
|-item|p1a: Landorus|Rocky Helmet|[from] ability: Frisk|[of] p2a: Dusclops
|move|p1a: Landorus|U-turn|p2a: Dusclops
|-damage|p2a: Dusclops|45/100
|
|t:|1769324612
|switch|p1a: Iron Valiant|Iron Valiant|100/100|[from] U-turn
|-enditem|p1a: Iron Valiant|Booster Energy
|-activate|p1a: Iron Valiant|ability: Quark Drive|[fromitem]
|-start|p1a: Iron Valiant|quarkdrivespe
|
|upkeep
|turn|15
|
|t:|1769324623
|move|p1a: Iron Valiant|Close Combat|p2a: Dusclops
|-supereffective|p2a: Dusclops
|-damage|p2a: Dusclops|0 fnt
|-unboost|p1a: Iron Valiant|def|1
|-unboost|p1a: Iron Valiant|spd|1
|faint|p2a: Dusclops
|
|upkeep
|
|t:|1769324637
|switch|p2a: Vikavolt|Vikavolt, M, shiny|34/100
|-damage|p2a: Vikavolt|9/100|[from] Stealth Rock
|turn|16
|
|t:|1769324653
|move|p1a: Iron Valiant|Moonblast|p2a: Vikavolt
|-crit|p2a: Vikavolt
|-damage|p2a: Vikavolt|0 fnt
|faint|p2a: Vikavolt
|
|upkeep
|-message|shwibby forfeited.
|
|win|acedoesmining_
|raw|acedoesmining_'s rating: 1093 &rarr; <strong>1123</strong><br />(+30 for winning)
|raw|shwibby's rating: 1140 &rarr; <strong>1112</strong><br />(-28 for losing)
|l|☆shwibby
|player|p2|
|l|☆acedoesmining_
|player|p1|
