|j|☆dragaloek2
|j|☆Drop a Draco 33
|t:|1769354213
|gametype|singles
|player|p1|dragaloek2|102|1290
|player|p2|Drop a Draco 33|rosa|1341
|gen|9
|tier|[Gen 9] OU
|rated|
|rule|HP Percentage Mod: HP is shown in percentages
|rule|Endless Battle Clause: Forcing endless battles is banned
|rule|Species Clause: Limit one of each Pokémon
|rule|OHKO Clause: OHKO moves are banned
|rule|Evasion Items Clause: Evasion items are banned
|rule|Evasion Moves Clause: Evasion moves are banned
|rule|Evasion Abilities Clause: Evasion abilities are banned
|rule|Sleep Moves Clause: Sleep-inducing moves are banned
|clearpoke
|poke|p1|Great Tusk|
|poke|p1|Slowking-Galar, M|
|poke|p1|Ogerpon, F|
|poke|p1|Toxtricity, F|
|poke|p1|Tornadus, M|
|poke|p1|Samurott-Hisui, F|
|poke|p2|Scizor, F|
|poke|p2|Iron Valiant|
|poke|p2|Meowscarada, M|
|poke|p2|Iron Moth|
|poke|p2|Corviknight, M|
|poke|p2|Ogerpon-Wellspring, F|
|teampreview
|inactive|Battle timer is ON: inactive players will automatically lose when time's up. (requested by dragaloek2)
|
|t:|1769354221
|teamsize|p1|6
|teamsize|p2|6
|start
|switch|p1a: Samurott|Samurott-Hisui, F|100/100
|switch|p2a: Meowscarada|Meowscarada, M|100/100
|turn|1
|
|t:|1769354228
|move|p2a: Meowscarada|Flower Trick|p1a: Samurott
|-start|p2a: Meowscarada|typechange|Grass|[from] ability: Protean
|-supereffective|p1a: Samurott
|-crit|p1a: Samurott
|-damage|p1a: Samurott|0 fnt
|faint|p1a: Samurott
|
|upkeep
|
|t:|1769354232
|switch|p1a: Tornadus|Tornadus, M|100/100
|turn|2
|
|t:|1769354240
|switch|p2a: Corviknight|Corviknight, M|100/100
|move|p1a: Tornadus|Tailwind|p1a: Tornadus
|-sidestart|p1: dragaloek2|move: Tailwind
|
|upkeep
|turn|3
|
|t:|1769354254
|move|p1a: Tornadus|U-turn|p2a: Corviknight
|-resisted|p2a: Corviknight
|-damage|p2a: Corviknight|98/100
|
|t:|1769354257
|switch|p1a: Toxtricity|Toxtricity, F|100/100|[from] U-turn
|move|p2a: Corviknight|Brave Bird|p1a: Toxtricity
|-resisted|p1a: Toxtricity
|-damage|p1a: Toxtricity|73/100
|-damage|p2a: Corviknight|91/100|[from] Recoil
|
|-heal|p2a: Corviknight|98/100|[from] item: Leftovers
|upkeep
|turn|4
|
|t:|1769354271
|switch|p2a: Meowscarada|Meowscarada, M|100/100
|-terastallize|p1a: Toxtricity|Normal
|move|p1a: Toxtricity|Boomburst|p2a: Meowscarada
|-damage|p2a: Meowscarada|0 fnt
|faint|p2a: Meowscarada
|
|upkeep
|
|t:|1769354293
|switch|p2a: Ogerpon|Ogerpon-Wellspring, F|100/100
|turn|5
|
|t:|1769354306
|-terastallize|p2a: Ogerpon|Water
|detailschange|p2a: Ogerpon|Ogerpon-Wellspring-Tera, F, tera:Water
|-ability|p2a: Ogerpon|Embody Aspect (Wellspring)|boost
|-boost|p2a: Ogerpon|spd|1
|move|p1a: Toxtricity|Boomburst|p2a: Ogerpon
|-damage|p2a: Ogerpon|0 fnt
|faint|p2a: Ogerpon
|detailschange|p2: Ogerpon|Ogerpon-Wellspring, F|[silent]
|
|-sideend|p1: dragaloek2|move: Tailwind
|upkeep
|inactive|Drop a Draco 33 has 120 seconds left.
|
|t:|1769354319
|switch|p2a: Scizor|Scizor, F|100/100
|turn|6
|
|t:|1769354329
|switch|p1a: Slowking|Slowking-Galar, M, shiny|100/100
|move|p2a: Scizor|Close Combat|p1a: Slowking
|-resisted|p1a: Slowking
|-damage|p1a: Slowking|89/100
|-unboost|p2a: Scizor|def|1
|-unboost|p2a: Scizor|spd|1
|
|upkeep
|turn|7
|
|t:|1769354334
|switch|p2a: Corviknight|Corviknight, M|98/100
|move|p1a: Slowking|Flamethrower|p2a: Corviknight
|-supereffective|p2a: Corviknight
|-damage|p2a: Corviknight|55/100
|
|-heal|p2a: Corviknight|61/100|[from] item: Leftovers
|upkeep
|turn|8
|
|t:|1769354342
|move|p2a: Corviknight|Roost|p2a: Corviknight
|-heal|p2a: Corviknight|100/100
|-singleturn|p2a: Corviknight|move: Roost
|move|p1a: Slowking|Psychic Noise|p2a: Corviknight
|-resisted|p2a: Corviknight
|-damage|p2a: Corviknight|87/100
|-start|p2a: Corviknight|move: Heal Block
|
|upkeep
|turn|9
|
|t:|1769354347
|move|p2a: Corviknight|U-turn|p1a: Slowking
|-damage|p1a: Slowking|77/100
|
|t:|1769354360
|switch|p2a: Iron Moth|Iron Moth|100/100|[from] U-turn
|move|p1a: Slowking|Flamethrower|p2a: Iron Moth
|-resisted|p2a: Iron Moth
|-damage|p2a: Iron Moth|89/100
|
|upkeep
|turn|10
|
|t:|1769354369
|move|p2a: Iron Moth|Fiery Dance|p1a: Slowking
|-damage|p1a: Slowking|55/100
|-boost|p2a: Iron Moth|spa|1
|move|p1a: Slowking|Psychic Noise|p2a: Iron Moth
|-supereffective|p2a: Iron Moth
|-damage|p2a: Iron Moth|26/100
|-start|p2a: Iron Moth|move: Heal Block
|
|upkeep
|turn|11
|
|t:|1769354384
|-end|p2a: Iron Moth|Quark Drive|[silent]
|switch|p2a: Scizor|Scizor, F|100/100
|move|p1a: Slowking|Psychic Noise|p2a: Scizor
|-resisted|p2a: Scizor
|-damage|p2a: Scizor|84/100
|-start|p2a: Scizor|move: Heal Block
|
|upkeep
|turn|12
|
|t:|1769354391
|move|p2a: Scizor|Knock Off|p1a: Slowking
|-supereffective|p1a: Slowking
|-damage|p1a: Slowking|0 fnt
|-enditem|p1a: Slowking|Assault Vest|[from] move: Knock Off|[of] p2a: Scizor
|faint|p1a: Slowking
|
|-end|p2a: Scizor|move: Heal Block
|upkeep
|
|t:|1769354400
|switch|p1a: Tornadus|Tornadus, M|100/100
|turn|13
|
|t:|1769354413
|switch|p2a: Iron Moth|Iron Moth|26/100
|move|p1a: Tornadus|Tailwind|p1a: Tornadus
|-sidestart|p1: dragaloek2|move: Tailwind
|
|upkeep
|turn|14
|
|t:|1769354430
|move|p1a: Tornadus|U-turn|p2a: Iron Moth
|-resisted|p2a: Iron Moth
|-damage|p2a: Iron Moth|19/100
|
|t:|1769354443
|switch|p1a: Great Tusk|Great Tusk, shiny|100/100|[from] U-turn
|move|p2a: Iron Moth|Fiery Dance|p1a: Great Tusk
|-damage|p1a: Great Tusk|31/100
|-boost|p2a: Iron Moth|spa|1
|
|upkeep
|turn|15
|
|t:|1769354451
|-end|p2a: Iron Moth|Quark Drive|[silent]
|switch|p2a: Corviknight|Corviknight, M|87/100
|move|p1a: Great Tusk|Headlong Rush|p2a: Corviknight
|-immune|p2a: Corviknight
|
|-heal|p2a: Corviknight|93/100|[from] item: Leftovers
|upkeep
|turn|16
|
|t:|1769354462
|move|p1a: Great Tusk|Stealth Rock|p2a: Corviknight
|-sidestart|p2: Drop a Draco 33|move: Stealth Rock
|move|p2a: Corviknight|Brave Bird|p1a: Great Tusk
|-supereffective|p1a: Great Tusk
|-damage|p1a: Great Tusk|0 fnt
|-damage|p2a: Corviknight|77/100|[from] item: Rocky Helmet|[of] p1a: Great Tusk
|faint|p1a: Great Tusk
|-end|p1a: Great Tusk|Protosynthesis|[silent]
|-damage|p2a: Corviknight|67/100|[from] Recoil
|
|-heal|p2a: Corviknight|74/100|[from] item: Leftovers
|-sideend|p1: dragaloek2|move: Tailwind
|upkeep
|
|t:|1769354467
|switch|p1a: Tornadus|Tornadus, M|100/100
|turn|17
|
|t:|1769354476
|move|p1a: Tornadus|Tailwind|p1a: Tornadus
|-sidestart|p1: dragaloek2|move: Tailwind
|move|p2a: Corviknight|Defog|p1a: Tornadus
|-unboost|p1a: Tornadus|evasion|1
|-sideend|p2: Drop a Draco 33|Stealth Rock|[from] move: Defog|[of] p2a: Corviknight
|
|-heal|p2a: Corviknight|80/100|[from] item: Leftovers
|upkeep
|turn|18
|
|t:|1769354484
|move|p1a: Tornadus|U-turn|p2a: Corviknight
|-resisted|p2a: Corviknight
|-damage|p2a: Corviknight|77/100
|
|t:|1769354487
|switch|p1a: Toxtricity|Toxtricity, F, tera:Normal|73/100|[from] U-turn
|move|p2a: Corviknight|Roost|p2a: Corviknight
|-heal|p2a: Corviknight|100/100
|-singleturn|p2a: Corviknight|move: Roost
|
|upkeep
|turn|19
|inactive|Drop a Draco 33 has 120 seconds left.
|
|t:|1769354529
|move|p1a: Toxtricity|Boomburst|p2a: Corviknight
|-resisted|p2a: Corviknight
|-damage|p2a: Corviknight|36/100
|move|p2a: Corviknight|Brave Bird|p1a: Toxtricity
|-damage|p1a: Toxtricity|16/100
|-damage|p2a: Corviknight|22/100|[from] Recoil
|
|-heal|p2a: Corviknight|28/100|[from] item: Leftovers
|upkeep
|turn|20
|
|t:|1769354537
|move|p1a: Toxtricity|Boomburst|p2a: Corviknight
|-resisted|p2a: Corviknight
|-damage|p2a: Corviknight|0 fnt
|faint|p2a: Corviknight
|
|-sideend|p1: dragaloek2|move: Tailwind
|upkeep
|
|t:|1769354542
|switch|p2a: Iron Moth|Iron Moth|19/100
|turn|21
|inactive|Drop a Draco 33 has 120 seconds left.
|
|t:|1769354553
|switch|p1a: Tornadus|Tornadus, M|100/100
|move|p2a: Iron Moth|Fiery Dance|p1a: Tornadus
|-damage|p1a: Tornadus|54/100
|
|upkeep
|turn|22
|
|t:|1769354560
|-end|p2a: Iron Moth|Quark Drive|[silent]
|switch|p2a: Scizor|Scizor, F|84/100
|move|p1a: Tornadus|Tailwind|p1a: Tornadus
|-sidestart|p1: dragaloek2|move: Tailwind
|
|upkeep
|turn|23
|
|t:|1769354565
|move|p1a: Tornadus|Taunt|p2a: Scizor
|-start|p2a: Scizor|move: Taunt
|move|p2a: Scizor|Bullet Punch|p1a: Tornadus
|-damage|p1a: Tornadus|0 fnt
|faint|p1a: Tornadus
|
|upkeep
|
|t:|1769354573
|switch|p1a: Ogerpon|Ogerpon, F|100/100
|turn|24
|
|t:|1769354577
|move|p2a: Scizor|Bullet Punch|p1a: Ogerpon
|-damage|p1a: Ogerpon|35/100
|move|p1a: Ogerpon|Knock Off|p2a: Scizor
|-damage|p2a: Scizor|32/100
|-enditem|p2a: Scizor|Choice Band|[from] move: Knock Off|[of] p1a: Ogerpon
|
|upkeep
|turn|25
|
|t:|1769354583
|move|p2a: Scizor|Bullet Punch|p1a: Ogerpon
|-damage|p1a: Ogerpon|0 fnt
|faint|p1a: Ogerpon
|
|-end|p2a: Scizor|move: Taunt
|-sideend|p1: dragaloek2|move: Tailwind
|upkeep
|
|t:|1769354585
|switch|p1a: Toxtricity|Toxtricity, F, tera:Normal|16/100
|turn|26
|
|t:|1769354588
|move|p2a: Scizor|Bullet Punch|p1a: Toxtricity
|-damage|p1a: Toxtricity|0 fnt
|faint|p1a: Toxtricity
|
|win|Drop a Draco 33
|raw|dragaloek2's rating: 1290 &rarr; <strong>1269</strong><br />(-21 for losing)
|raw|Drop a Draco 33's rating: 1341 &rarr; <strong>1358</strong><br />(+17 for winning)
|l|☆dragaloek2
|player|p1|
|l|☆Drop a Draco 33
|player|p2|
