|j|☆fraaaxn
|j|☆sampoke19
|t:|1769412470
|gametype|singles
|player|p1|fraaaxn|2|1609
|player|p2|sampoke19|265|1607
|gen|9
|tier|[Gen 9] OU
|rated|
|rule|HP Percentage Mod: HP is shown in percentages
|rule|Endless Battle Clause: Forcing endless battles is banned
|rule|Species Clause: Limit one of each Pokémon
|rule|OHKO Clause: OHKO moves are banned
|rule|Evasion Items Clause: Evasion items are banned
|rule|Evasion Moves Clause: Evasion moves are banned
|rule|Evasion Abilities Clause: Evasion abilities are banned
|rule|Sleep Moves Clause: Sleep-inducing moves are banned
|clearpoke
|poke|p1|Ogerpon-Wellspring, F|
|poke|p1|Iron Treads|
|poke|p1|Garganacl, F|
|poke|p1|Moltres|
|poke|p1|Zamazenta-*|
|poke|p1|Kingambit, F|
|poke|p2|Blastoise, M|
|poke|p2|Ceruledge, M|
|poke|p2|Kingambit, F|
|poke|p2|Volcanion|
|poke|p2|Great Tusk|
|poke|p2|Dragonite, M|
|teampreview
|inactive|Battle timer is ON: inactive players will automatically lose when time's up. (requested by fraaaxn)
|inactive|fraaaxn has 120 seconds left.
|
|t:|1769412511
|teamsize|p1|6
|teamsize|p2|6
|start
|switch|p1a: Ogerpon|Ogerpon-Wellspring, F|100/100
|switch|p2a: Dragonite|Dragonite, M|100/100
|turn|1
|
|t:|1769412527
|move|p1a: Ogerpon|U-turn|p2a: Dragonite
|-resisted|p2a: Dragonite
|-damage|p2a: Dragonite|92/100
|
|t:|1769412531
|switch|p1a: Zamazenta|Zamazenta|100/100|[from] U-turn
|-ability|p1a: Zamazenta|Dauntless Shield|boost
|-boost|p1a: Zamazenta|def|1
|move|p2a: Dragonite|Dragon Dance|p2a: Dragonite
|-boost|p2a: Dragonite|atk|1
|-boost|p2a: Dragonite|spe|1
|
|upkeep
|turn|2
|
|t:|1769412542
|move|p1a: Zamazenta|Iron Defense|p1a: Zamazenta
|-boost|p1a: Zamazenta|def|2
|move|p2a: Dragonite|Scale Shot|p1a: Zamazenta
|-damage|p1a: Zamazenta|94/100
|-damage|p1a: Zamazenta|87/100
|-damage|p1a: Zamazenta|80/100
|-damage|p1a: Zamazenta|73/100
|-hitcount|p1a: Zamazenta|4
|-unboost|p2a: Dragonite|def|1
|-boost|p2a: Dragonite|spe|1
|
|-heal|p1a: Zamazenta|80/100|[from] item: Leftovers
|upkeep
|turn|3
|
|t:|1769412556
|move|p2a: Dragonite|Scale Shot|p1a: Zamazenta
|-damage|p1a: Zamazenta|73/100
|-damage|p1a: Zamazenta|66/100
|-damage|p1a: Zamazenta|59/100
|-damage|p1a: Zamazenta|52/100
|-hitcount|p1a: Zamazenta|4
|-unboost|p2a: Dragonite|def|1
|-boost|p2a: Dragonite|spe|1
|move|p1a: Zamazenta|Body Press|p2a: Dragonite
|-resisted|p2a: Dragonite
|-damage|p2a: Dragonite|8/100
|
|-heal|p1a: Zamazenta|58/100|[from] item: Leftovers
|upkeep
|turn|4
|
|t:|1769412571
|move|p2a: Dragonite|Scale Shot|p1a: Zamazenta
|-damage|p1a: Zamazenta|52/100
|-damage|p1a: Zamazenta|44/100
|-damage|p1a: Zamazenta|38/100
|-damage|p1a: Zamazenta|31/100
|-damage|p1a: Zamazenta|25/100
|-hitcount|p1a: Zamazenta|5
|-unboost|p2a: Dragonite|def|1
|-boost|p2a: Dragonite|spe|1
|move|p1a: Zamazenta|Crunch|p2a: Dragonite
|-damage|p2a: Dragonite|0 fnt
|faint|p2a: Dragonite
|
|-heal|p1a: Zamazenta|31/100|[from] item: Leftovers
|upkeep
|
|t:|1769412592
|switch|p2a: Volcanion|Volcanion|100/100
|turn|5
|
|t:|1769412610
|switch|p1a: Ogerpon|Ogerpon-Wellspring, F|100/100
|move|p2a: Volcanion|Steam Eruption|p1a: Ogerpon
|-immune|p1a: Ogerpon|[from] ability: Water Absorb
|
|upkeep
|turn|6
|-message|sampoke19 forfeited.
|
|win|fraaaxn
|raw|fraaaxn's rating: 1609 &rarr; <strong>1629</strong><br />(+20 for winning)
|raw|sampoke19's rating: 1607 &rarr; <strong>1587</strong><br />(-20 for losing)
|l|☆sampoke19
|player|p2|
|l|☆fraaaxn
|player|p1|
