|j|☆Sunshinne
|j|☆OP Sand
|t:|1769328334
|gametype|singles
|player|p1|Sunshinne|caitlin|1622
|player|p2|OP Sand|giovanni-masters|1689
|gen|9
|tier|[Gen 9] OU
|rated|
|rule|HP Percentage Mod: HP is shown in percentages
|rule|Endless Battle Clause: Forcing endless battles is banned
|rule|Species Clause: Limit one of each Pokémon
|rule|OHKO Clause: OHKO moves are banned
|rule|Evasion Items Clause: Evasion items are banned
|rule|Evasion Moves Clause: Evasion moves are banned
|rule|Evasion Abilities Clause: Evasion abilities are banned
|rule|Sleep Moves Clause: Sleep-inducing moves are banned
|clearpoke
|poke|p1|Ribombee, F|
|poke|p1|Glimmora, F|
|poke|p1|Manaphy|
|poke|p1|Zamazenta-*|
|poke|p1|Gholdengo|
|poke|p1|Kingambit, F|
|poke|p2|Excadrill, F|
|poke|p2|Tyranitar, M|
|poke|p2|Kyurem|
|poke|p2|Hawlucha, M|
|poke|p2|Pawmot, M|
|poke|p2|Leavanny, M|
|teampreview
|inactive|Battle timer is ON: inactive players will automatically lose when time's up. (requested by OP Sand)
|inactive|Sunshinne also wants the timer to be on.
|
|t:|1769328356
|teamsize|p1|6
|teamsize|p2|6
|start
|switch|p1a: Ribombee|Ribombee, F|100/100
|switch|p2a: The sandstorm|Tyranitar, M, shiny|100/100
|-weather|Sandstorm|[from] ability: Sand Stream|[of] p2a: The sandstorm
|turn|1
|
|t:|1769328360
|move|p1a: Ribombee|Sticky Web|p2a: The sandstorm
|-sidestart|p2: OP Sand|move: Sticky Web
|move|p2a: The sandstorm|Thunder Wave|p1a: Ribombee
|-status|p1a: Ribombee|par
|
|-weather|Sandstorm|[upkeep]
|-damage|p1a: Ribombee|94/100 par|[from] Sandstorm
|upkeep
|turn|2
|
|t:|1769328362
|move|p1a: Ribombee|Stun Spore|p2a: The sandstorm
|-status|p2a: The sandstorm|par
|move|p2a: The sandstorm|Ice Beam|p1a: Ribombee
|-damage|p1a: Ribombee|52/100 par
|
|-weather|Sandstorm|[upkeep]
|-damage|p1a: Ribombee|46/100 par|[from] Sandstorm
|upkeep
|turn|3
|
|t:|1769328364
|move|p1a: Ribombee|Moonblast|p2a: The sandstorm
|-supereffective|p2a: The sandstorm
|-damage|p2a: The sandstorm|52/100 par
|move|p2a: The sandstorm|Ice Beam|p1a: Ribombee
|-damage|p1a: Ribombee|2/100 par
|
|-weather|Sandstorm|[upkeep]
|-damage|p1a: Ribombee|0 fnt|[from] Sandstorm
|faint|p1a: Ribombee
|upkeep
|
|t:|1769328370
|switch|p1a: Manaphy|Manaphy|100/100
|turn|4
|
|t:|1769328374
|move|p1a: Manaphy|Tail Glow|p1a: Manaphy
|-boost|p1a: Manaphy|spa|3
|move|p2a: The sandstorm|Roar|p1a: Manaphy
|drag|p1a: Gholdengo|Gholdengo|100/100
|-item|p1a: Gholdengo|Air Balloon
|
|-weather|Sandstorm|[upkeep]
|upkeep
|turn|5
|
|t:|1769328391
|switch|p2a: Porunga|Pawmot, M|100/100
|-activate|p2a: Porunga|move: Sticky Web
|-unboost|p2a: Porunga|spe|1
|move|p1a: Gholdengo|Make It Rain|p2a: Porunga
|-resisted|p2a: Porunga
|-damage|p2a: Porunga|58/100
|-unboost|p1a: Gholdengo|spa|1
|
|-weather|Sandstorm|[upkeep]
|-damage|p2a: Porunga|52/100|[from] Sandstorm
|upkeep
|turn|6
|
|t:|1769328397
|switch|p1a: Glimmora|Glimmora, F|100/100
|switch|p2a: Itachi|Hawlucha, M, shiny|100/100
|-ability|p2a: Itachi|Mold Breaker
|
|-weather|Sandstorm|[upkeep]
|-damage|p2a: Itachi|94/100|[from] Sandstorm
|upkeep
|turn|7
|
|t:|1769328401
|move|p2a: Itachi|Defog|p1a: Glimmora
|-unboost|p1a: Glimmora|evasion|1
|-sideend|p2: OP Sand|Sticky Web|[from] move: Defog|[of] p2a: Itachi
|move|p1a: Glimmora|Meteor Beam||[still]
|-prepare|p1a: Glimmora|Meteor Beam
|-boost|p1a: Glimmora|spa|1
|-enditem|p1a: Glimmora|Power Herb
|-anim|p1a: Glimmora|Meteor Beam|p2a: Itachi
|-damage|p2a: Itachi|0 fnt
|faint|p2a: Itachi
|
|-weather|Sandstorm|[upkeep]
|upkeep
|
|t:|1769328407
|switch|p2a: OP|Excadrill, F|100/100
|turn|8
|
|t:|1769328412
|move|p2a: OP|Iron Head|p1a: Glimmora
|-supereffective|p1a: Glimmora
|-damage|p1a: Glimmora|0 fnt
|-activate|p1a: Glimmora|ability: Toxic Debris
|-sidestart|p2: OP Sand|move: Toxic Spikes
|faint|p1a: Glimmora
|
|-weather|none
|upkeep
|
|t:|1769328414
|switch|p1a: Zamazenta|Zamazenta|100/100
|-ability|p1a: Zamazenta|Dauntless Shield|boost
|-boost|p1a: Zamazenta|def|1
|turn|9
|
|t:|1769328417
|switch|p2a: Leavanny|Leavanny, M|100/100
|-status|p2a: Leavanny|psn
|move|p1a: Zamazenta|Iron Defense|p1a: Zamazenta
|-boost|p1a: Zamazenta|def|2
|
|-damage|p2a: Leavanny|88/100 psn|[from] psn
|upkeep
|turn|10
|
|t:|1769328424
|move|p2a: Leavanny|Knock Off|p1a: Zamazenta
|-resisted|p1a: Zamazenta
|-damage|p1a: Zamazenta|96/100
|-enditem|p1a: Zamazenta|Mirror Herb|[from] move: Knock Off|[of] p2a: Leavanny
|move|p1a: Zamazenta|Stone Edge|p2a: Leavanny
|-supereffective|p2a: Leavanny
|-crit|p2a: Leavanny
|-damage|p2a: Leavanny|0 fnt
|faint|p2a: Leavanny
|
|upkeep
|c|☆OP Sand|Mirror herb
|c|☆OP Sand|of all things
|c|☆OP Sand|lmao
|
|t:|1769328453
|switch|p2a: The sandstorm|Tyranitar, M, shiny|52/100 par
|-weather|Sandstorm|[from] ability: Sand Stream|[of] p2a: The sandstorm
|turn|11
|
|t:|1769328468
|-terastallize|p2a: The sandstorm|Ghost
|move|p1a: Zamazenta|Body Press|p2a: The sandstorm
|-immune|p2a: The sandstorm
|move|p2a: The sandstorm|Thunder Wave|p1a: Zamazenta
|-status|p1a: Zamazenta|par
|
|-weather|Sandstorm|[upkeep]
|-damage|p1a: Zamazenta|89/100 par|[from] Sandstorm
|-damage|p2a: The sandstorm|46/100 par|[from] Sandstorm
|upkeep
|turn|12
|
|t:|1769328471
|cant|p1a: Zamazenta|par
|cant|p2a: The sandstorm|par
|
|-weather|Sandstorm|[upkeep]
|-damage|p1a: Zamazenta|83/100 par|[from] Sandstorm
|-damage|p2a: The sandstorm|40/100 par|[from] Sandstorm
|upkeep
|turn|13
|
|t:|1769328478
|move|p1a: Zamazenta|Iron Defense|p1a: Zamazenta
|-boost|p1a: Zamazenta|def|2
|move|p2a: The sandstorm|Roar|p1a: Zamazenta
|drag|p1a: Manaphy|Manaphy|100/100
|
|-weather|Sandstorm|[upkeep]
|-damage|p1a: Manaphy|94/100|[from] Sandstorm
|-damage|p2a: The sandstorm|34/100 par|[from] Sandstorm
|-heal|p1a: Manaphy|100/100|[from] item: Leftovers
|upkeep
|turn|14
|
|t:|1769328481
|switch|p2a: Frieza|Kyurem, shiny|100/100
|-status|p2a: Frieza|psn
|-ability|p2a: Frieza|Pressure
|move|p1a: Manaphy|Tail Glow|p1a: Manaphy
|-boost|p1a: Manaphy|spa|3
|
|-weather|Sandstorm|[upkeep]
|-damage|p2a: Frieza|94/100 psn|[from] Sandstorm
|-damage|p1a: Manaphy|94/100|[from] Sandstorm
|-heal|p1a: Manaphy|100/100|[from] item: Leftovers
|-damage|p2a: Frieza|82/100 psn|[from] psn
|upkeep
|turn|15
|
|t:|1769328483
|move|p2a: Frieza|Freeze-Dry|p1a: Manaphy
|-supereffective|p1a: Manaphy
|-damage|p1a: Manaphy|8/100
|move|p1a: Manaphy|Stored Power|p2a: Frieza
|-damage|p2a: Frieza|24/100 psn
|
|-weather|Sandstorm|[upkeep]
|-damage|p2a: Frieza|17/100 psn|[from] Sandstorm
|-damage|p1a: Manaphy|2/100|[from] Sandstorm
|-heal|p1a: Manaphy|8/100|[from] item: Leftovers
|-damage|p2a: Frieza|5/100 psn|[from] psn
|upkeep
|turn|16
|
|t:|1769328489
|move|p2a: Frieza|Shadow Ball|p1a: Manaphy
|-damage|p1a: Manaphy|0 fnt
|faint|p1a: Manaphy
|
|-weather|Sandstorm|[upkeep]
|-damage|p2a: Frieza|0 fnt|[from] Sandstorm
|faint|p2a: Frieza
|upkeep
|
|t:|1769328500
|switch|p2a: OP|Excadrill, F|100/100
|switch|p1a: Gholdengo|Gholdengo|100/100
|-item|p1a: Gholdengo|Air Balloon
|turn|17
|
|t:|1769328507
|switch|p1a: Zamazenta|Zamazenta|83/100 par
|move|p2a: OP|Iron Head|p1a: Zamazenta
|-damage|p1a: Zamazenta|32/100 par
|
|-weather|Sandstorm|[upkeep]
|-damage|p1a: Zamazenta|26/100 par|[from] Sandstorm
|upkeep
|turn|18
|
|t:|1769328509
|switch|p1a: Gholdengo|Gholdengo|100/100
|-item|p1a: Gholdengo|Air Balloon
|move|p2a: OP|Iron Head|p1a: Gholdengo
|-resisted|p1a: Gholdengo
|-damage|p1a: Gholdengo|70/100
|-enditem|p1a: Gholdengo|Air Balloon
|
|-weather|none
|upkeep
|turn|19
|
|t:|1769328512
|switch|p2a: The sandstorm|Tyranitar, M, shiny, tera:Ghost|34/100 par
|-weather|Sandstorm|[from] ability: Sand Stream|[of] p2a: The sandstorm
|move|p1a: Gholdengo|Hex|p2a: The sandstorm
|-supereffective|p2a: The sandstorm
|-damage|p2a: The sandstorm|0 fnt
|faint|p2a: The sandstorm
|
|-weather|Sandstorm|[upkeep]
|upkeep
|
|t:|1769328514
|switch|p2a: OP|Excadrill, F|100/100
|turn|20
|
|t:|1769328518
|switch|p1a: Zamazenta|Zamazenta|26/100 par
|move|p2a: OP|Earthquake|p1a: Zamazenta
|-damage|p1a: Zamazenta|0 fnt
|faint|p1a: Zamazenta
|
|-weather|Sandstorm|[upkeep]
|upkeep
|
|t:|1769328520
|switch|p1a: Kingambit|Kingambit, F|100/100
|-activate|p1a: Kingambit|ability: Supreme Overlord
|-start|p1a: Kingambit|fallen4|[silent]
|turn|21
|
|t:|1769328522
|move|p1a: Kingambit|Sucker Punch|p2a: OP
|-damage|p2a: OP|12/100
|move|p2a: OP|Earthquake|p1a: Kingambit
|-supereffective|p1a: Kingambit
|-damage|p1a: Kingambit|0 fnt
|faint|p1a: Kingambit
|-end|p1a: Kingambit|fallen4|[silent]
|
|-weather|Sandstorm|[upkeep]
|upkeep
|
|t:|1769328524
|switch|p1a: Gholdengo|Gholdengo|70/100
|turn|22
|
|t:|1769328526
|-terastallize|p1a: Gholdengo|Fairy
|move|p2a: OP|Earthquake|p1a: Gholdengo
|-damage|p1a: Gholdengo|0 fnt
|faint|p1a: Gholdengo
|
|win|OP Sand
|raw|Sunshinne's rating: 1622 &rarr; <strong>1606</strong><br />(-16 for losing)
|raw|OP Sand's rating: 1689 &rarr; <strong>1705</strong><br />(+16 for winning)
|l|☆Sunshinne
|player|p1|
|l|☆OP Sand
|player|p2|
