|j|☆sword over shield
|j|☆Alerjake
|t:|1769311291
|gametype|singles
|player|p1|sword over shield|265|1442
|player|p2|Alerjake|1|1439
|gen|9
|tier|[Gen 9] OU
|rated|
|rule|HP Percentage Mod: HP is shown in percentages
|rule|Endless Battle Clause: Forcing endless battles is banned
|rule|Species Clause: Limit one of each Pokémon
|rule|OHKO Clause: OHKO moves are banned
|rule|Evasion Items Clause: Evasion items are banned
|rule|Evasion Moves Clause: Evasion moves are banned
|rule|Evasion Abilities Clause: Evasion abilities are banned
|rule|Sleep Moves Clause: Sleep-inducing moves are banned
|clearpoke
|poke|p1|Ogerpon-Wellspring, F|
|poke|p1|Gholdengo|
|poke|p1|Ninetales-Alola, M|
|poke|p1|Rillaboom, M|
|poke|p1|Great Tusk|
|poke|p1|Iron Moth|
|poke|p2|Ceruledge, M|
|poke|p2|Ninetales-Alola, F|
|poke|p2|Raging Bolt|
|poke|p2|Iron Crown|
|poke|p2|Hydreigon, M|
|poke|p2|Iron Treads|
|teampreview
|inactive|Battle timer is ON: inactive players will automatically lose when time's up. (requested by Alerjake)
|
|t:|1769311311
|teamsize|p1|6
|teamsize|p2|6
|start
|switch|p1a: Gholdengo|Gholdengo|100/100
|switch|p2a: Ninetales|Ninetales-Alola, F|100/100
|-weather|Snowscape|[from] ability: Snow Warning|[of] p2a: Ninetales
|turn|1
|inactive|Alerjake has 120 seconds left.
|
|t:|1769311350
|switch|p2a: Hydreigon|Hydreigon, M|100/100
|move|p1a: Gholdengo|Make It Rain|p2a: Hydreigon
|-damage|p2a: Hydreigon|12/100
|-unboost|p1a: Gholdengo|spa|1
|
|-weather|Snowscape|[upkeep]
|-heal|p2a: Hydreigon|19/100|[from] item: Leftovers
|upkeep
|turn|2
|inactive|Alerjake has 120 seconds left.
|
|t:|1769311373
|move|p2a: Hydreigon|Dragon Pulse|p1a: Gholdengo
|-resisted|p1a: Gholdengo
|-damage|p1a: Gholdengo|76/100
|move|p1a: Gholdengo|Make It Rain|p2a: Hydreigon
|-damage|p2a: Hydreigon|0 fnt
|-unboost|p1a: Gholdengo|spa|1
|faint|p2a: Hydreigon
|
|-weather|Snowscape|[upkeep]
|upkeep
|
|t:|1769311381
|switch|p2a: Ceruledge|Ceruledge, M|100/100
|turn|3
|
|t:|1769311390
|switch|p1a: Great Tusk|Great Tusk|100/100
|-enditem|p1a: Great Tusk|Booster Energy
|-activate|p1a: Great Tusk|ability: Protosynthesis|[fromitem]
|-start|p1a: Great Tusk|protosynthesisspe
|move|p2a: Ceruledge|Swords Dance|p2a: Ceruledge
|-boost|p2a: Ceruledge|atk|2
|
|-weather|Snowscape|[upkeep]
|upkeep
|turn|4
|inactive|Alerjake has 120 seconds left.
|
|t:|1769311400
|-terastallize|p2a: Ceruledge|Ghost
|move|p1a: Great Tusk|Headlong Rush|p2a: Ceruledge
|-damage|p2a: Ceruledge|22/100
|-unboost|p1a: Great Tusk|def|1
|-unboost|p1a: Great Tusk|spd|1
|-ability|p2a: Ceruledge|Weak Armor|boost
|-unboost|p2a: Ceruledge|def|1
|-boost|p2a: Ceruledge|spe|2
|move|p2a: Ceruledge|Bitter Blade|p1a: Great Tusk
|-damage|p1a: Great Tusk|0 fnt
|-heal|p2a: Ceruledge|96/100|[from] drain|[of] p1a: Great Tusk
|faint|p1a: Great Tusk
|-end|p1a: Great Tusk|Protosynthesis|[silent]
|-damage|p2a: Ceruledge|86/100|[from] item: Life Orb
|
|-weather|Snowscape|[upkeep]
|upkeep
|inactive|sword over shield has 120 seconds left.
|
|t:|1769311438
|switch|p1a: Iron Moth|Iron Moth|100/100
|-enditem|p1a: Iron Moth|Booster Energy
|-activate|p1a: Iron Moth|ability: Quark Drive|[fromitem]
|-start|p1a: Iron Moth|quarkdrivespe
|turn|5
|
|t:|1769311448
|move|p2a: Ceruledge|Shadow Sneak|p1a: Iron Moth
|-damage|p1a: Iron Moth|2/100
|-damage|p2a: Ceruledge|76/100|[from] item: Life Orb
|move|p1a: Iron Moth|Fiery Dance|p2a: Ceruledge
|-damage|p2a: Ceruledge|31/100
|
|-weather|none
|upkeep
|turn|6
|inactive|sword over shield has 120 seconds left.
|
|t:|1769311456
|move|p2a: Ceruledge|Shadow Sneak|p1a: Iron Moth
|-damage|p1a: Iron Moth|0 fnt
|faint|p1a: Iron Moth
|-end|p1a: Iron Moth|Quark Drive|[silent]
|-damage|p2a: Ceruledge|21/100|[from] item: Life Orb
|
|upkeep
|inactive|sword over shield has 120 seconds left.
|
|t:|1769311462
|switch|p1a: Rillaboom|Rillaboom, M|100/100
|-fieldstart|move: Grassy Terrain|[from] ability: Grassy Surge|[of] p1a: Rillaboom
|turn|7
|
|t:|1769311474
|move|p2a: Ceruledge|Shadow Sneak|p1a: Rillaboom
|-damage|p1a: Rillaboom|22/100
|-damage|p2a: Ceruledge|11/100|[from] item: Life Orb
|move|p1a: Rillaboom|Grassy Glide|p2a: Ceruledge
|-damage|p2a: Ceruledge|0 fnt
|faint|p2a: Ceruledge
|
|-heal|p1a: Rillaboom|29/100|[from] Grassy Terrain
|upkeep
|
|t:|1769311479
|switch|p2a: Ninetales|Ninetales-Alola, F|100/100
|-weather|Snowscape|[from] ability: Snow Warning|[of] p2a: Ninetales
|turn|8
|
|t:|1769311489
|switch|p1a: Ninetales|Ninetales-Alola, M|100/100
|move|p2a: Ninetales|Aurora Veil|p2a: Ninetales
|-sidestart|p2: Alerjake|move: Aurora Veil
|
|-weather|Snowscape|[upkeep]
|upkeep
|turn|9
|
|t:|1769311498
|switch|p2a: Iron Crown|Iron Crown|100/100
|-enditem|p2a: Iron Crown|Booster Energy
|-activate|p2a: Iron Crown|ability: Quark Drive|[fromitem]
|-start|p2a: Iron Crown|quarkdrivespe
|move|p1a: Ninetales|Aurora Veil|p1a: Ninetales
|-sidestart|p1: sword over shield|move: Aurora Veil
|
|-weather|Snowscape|[upkeep]
|upkeep
|turn|10
|
|t:|1769311509
|switch|p1a: Gholdengo|Gholdengo|76/100
|move|p2a: Iron Crown|Calm Mind|p2a: Iron Crown
|-boost|p2a: Iron Crown|spa|1
|-boost|p2a: Iron Crown|spd|1
|
|-weather|Snowscape|[upkeep]
|-heal|p1a: Gholdengo|82/100|[from] Grassy Terrain
|upkeep
|turn|11
|
|t:|1769311526
|move|p2a: Iron Crown|Calm Mind|p2a: Iron Crown
|-boost|p2a: Iron Crown|spa|1
|-boost|p2a: Iron Crown|spd|1
|move|p1a: Gholdengo|Nasty Plot|p1a: Gholdengo
|-boost|p1a: Gholdengo|spa|2
|
|-weather|Snowscape|[upkeep]
|-heal|p1a: Gholdengo|88/100|[from] Grassy Terrain
|upkeep
|turn|12
|
|t:|1769311533
|move|p2a: Iron Crown|Tachyon Cutter|p1a: Gholdengo
|-resisted|p1a: Gholdengo
|-damage|p1a: Gholdengo|74/100
|-resisted|p1a: Gholdengo
|-damage|p1a: Gholdengo|60/100
|-hitcount|p1a: Gholdengo|2
|move|p1a: Gholdengo|Nasty Plot|p1a: Gholdengo
|-boost|p1a: Gholdengo|spa|2
|
|-weather|none
|-heal|p1a: Gholdengo|66/100|[from] Grassy Terrain
|upkeep
|turn|13
|
|t:|1769311545
|move|p2a: Iron Crown|Tachyon Cutter|p1a: Gholdengo
|-resisted|p1a: Gholdengo
|-damage|p1a: Gholdengo|53/100
|-resisted|p1a: Gholdengo
|-damage|p1a: Gholdengo|40/100
|-hitcount|p1a: Gholdengo|2
|move|p1a: Gholdengo|Recover|p1a: Gholdengo
|-heal|p1a: Gholdengo|90/100
|
|-heal|p1a: Gholdengo|96/100|[from] Grassy Terrain
|upkeep
|turn|14
|
|t:|1769311554
|move|p2a: Iron Crown|Calm Mind|p2a: Iron Crown
|-boost|p2a: Iron Crown|spa|1
|-boost|p2a: Iron Crown|spd|1
|move|p1a: Gholdengo|Nasty Plot|p1a: Gholdengo
|-boost|p1a: Gholdengo|spa|2
|
|-heal|p1a: Gholdengo|100/100|[from] Grassy Terrain
|-fieldend|move: Grassy Terrain
|upkeep
|turn|15
|
|t:|1769311561
|move|p2a: Iron Crown|Calm Mind|p2a: Iron Crown
|-boost|p2a: Iron Crown|spa|1
|-boost|p2a: Iron Crown|spd|1
|move|p1a: Gholdengo|Recover||[still]
|-fail|p1a: Gholdengo|heal
|
|-sideend|p2: Alerjake|move: Aurora Veil
|upkeep
|turn|16
|
|t:|1769311566
|move|p2a: Iron Crown|Tachyon Cutter|p1a: Gholdengo
|-resisted|p1a: Gholdengo
|-damage|p1a: Gholdengo|80/100
|-resisted|p1a: Gholdengo
|-damage|p1a: Gholdengo|57/100
|-hitcount|p1a: Gholdengo|2
|move|p1a: Gholdengo|Shadow Ball|p2a: Iron Crown
|-supereffective|p2a: Iron Crown
|-damage|p2a: Iron Crown|0 fnt
|faint|p2a: Iron Crown
|-end|p2a: Iron Crown|Quark Drive|[silent]
|
|-sideend|p1: sword over shield|move: Aurora Veil
|upkeep
|
|t:|1769311573
|switch|p2a: Iron Treads|Iron Treads|100/100
|-enditem|p2a: Iron Treads|Booster Energy
|-activate|p2a: Iron Treads|ability: Quark Drive|[fromitem]
|-start|p2a: Iron Treads|quarkdrivespe
|turn|17
|
|t:|1769311581
|switch|p1a: Rillaboom|Rillaboom, M|29/100
|-fieldstart|move: Grassy Terrain|[from] ability: Grassy Surge|[of] p1a: Rillaboom
|move|p2a: Iron Treads|Knock Off|p1a: Rillaboom
|-damage|p1a: Rillaboom|3/100
|-enditem|p1a: Rillaboom|Terrain Extender|[from] move: Knock Off|[of] p2a: Iron Treads
|
|-heal|p1a: Rillaboom|9/100|[from] Grassy Terrain
|upkeep
|turn|18
|
|t:|1769311590
|move|p1a: Rillaboom|Grassy Glide|p2a: Iron Treads
|-damage|p2a: Iron Treads|68/100
|move|p2a: Iron Treads|Iron Defense|p2a: Iron Treads
|-boost|p2a: Iron Treads|def|2
|
|-heal|p2a: Iron Treads|74/100|[from] Grassy Terrain
|-heal|p1a: Rillaboom|15/100|[from] Grassy Terrain
|upkeep
|turn|19
|
|t:|1769311602
|switch|p1a: Ogerpon|Ogerpon-Wellspring, F|100/100
|move|p2a: Iron Treads|Iron Defense|p2a: Iron Treads
|-boost|p2a: Iron Treads|def|2
|
|-heal|p2a: Iron Treads|81/100|[from] Grassy Terrain
|upkeep
|turn|20
|
|t:|1769311613
|move|p2a: Iron Treads|Body Press|p1a: Ogerpon
|-damage|p1a: Ogerpon|18/100
|move|p1a: Ogerpon|Swords Dance|p1a: Ogerpon
|-boost|p1a: Ogerpon|atk|2
|
|-heal|p2a: Iron Treads|87/100|[from] Grassy Terrain
|-heal|p1a: Ogerpon|24/100|[from] Grassy Terrain
|upkeep
|turn|21
|
|t:|1769311621
|switch|p1a: Rillaboom|Rillaboom, M|15/100
|move|p2a: Iron Treads|Body Press|p1a: Rillaboom
|-damage|p1a: Rillaboom|0 fnt
|faint|p1a: Rillaboom
|
|-heal|p2a: Iron Treads|93/100|[from] Grassy Terrain
|upkeep
|
|t:|1769311626
|switch|p1a: Gholdengo|Gholdengo|57/100
|turn|22
|
|t:|1769311629
|move|p2a: Iron Treads|Knock Off|p1a: Gholdengo
|-supereffective|p1a: Gholdengo
|-damage|p1a: Gholdengo|0 fnt
|-enditem|p1a: Gholdengo|Metal Coat|[from] move: Knock Off|[of] p2a: Iron Treads
|faint|p1a: Gholdengo
|
|-heal|p2a: Iron Treads|99/100|[from] Grassy Terrain
|upkeep
|-message|sword over shield forfeited.
|
|win|Alerjake
|raw|sword over shield's rating: 1442 &rarr; <strong>1422</strong><br />(-20 for losing)
|raw|Alerjake's rating: 1439 &rarr; <strong>1459</strong><br />(+20 for winning)
