|j|☆james5k0
|j|☆scorpion257
|t:|1769391959
|gametype|singles
|player|p1|james5k0|hilbert|1465
|player|p2|scorpion257|benga|1528
|gen|9
|tier|[Gen 9] OU
|rated|
|rule|HP Percentage Mod: HP is shown in percentages
|rule|Endless Battle Clause: Forcing endless battles is banned
|rule|Species Clause: Limit one of each Pokémon
|rule|OHKO Clause: OHKO moves are banned
|rule|Evasion Items Clause: Evasion items are banned
|rule|Evasion Moves Clause: Evasion moves are banned
|rule|Evasion Abilities Clause: Evasion abilities are banned
|rule|Sleep Moves Clause: Sleep-inducing moves are banned
|clearpoke
|poke|p1|Kommo-o, M|
|poke|p1|Ting-Lu|
|poke|p1|Dragonite, M|
|poke|p1|Hatterene, F|
|poke|p1|Gholdengo|
|poke|p1|Great Tusk|
|poke|p2|Dondozo, M|
|poke|p2|Blissey, F|
|poke|p2|Corviknight, F|
|poke|p2|Weezing-Galar, M|
|poke|p2|Gliscor, F|
|poke|p2|Toxapex, F|
|teampreview
|inactive|Battle timer is ON: inactive players will automatically lose when time's up. (requested by scorpion257)
|inactive|james5k0 has 120 seconds left.
|inactive|james5k0 has 90 seconds left.
|
|t:|1769392033
|teamsize|p1|6
|teamsize|p2|6
|start
|switch|p1a: Ting-Lu|Ting-Lu|100/100
|switch|p2a: Gliscor|Gliscor, F|100/100
|-ability|p1a: Ting-Lu|Vessel of Ruin
|turn|1
|
|t:|1769392046
|move|p2a: Gliscor|Knock Off|p1a: Ting-Lu
|-resisted|p1a: Ting-Lu
|-damage|p1a: Ting-Lu|94/100
|-enditem|p1a: Ting-Lu|Leftovers|[from] move: Knock Off|[of] p2a: Gliscor
|move|p1a: Ting-Lu|Stealth Rock|p2a: Gliscor
|-sidestart|p2: scorpion257|move: Stealth Rock
|
|-status|p2a: Gliscor|tox|[from] item: Toxic Orb
|upkeep
|turn|2
|
|t:|1769392068
|move|p2a: Gliscor|Earthquake|p1a: Ting-Lu
|-damage|p1a: Ting-Lu|77/100
|move|p1a: Ting-Lu|Ruination|p2a: Gliscor|[miss]
|-miss|p1a: Ting-Lu|p2a: Gliscor
|
|upkeep
|turn|3
|
|t:|1769392081
|switch|p2a: Weezing|Weezing-Galar, M|100/100
|-ability|p2a: Weezing|Neutralizing Gas
|move|p1a: Ting-Lu|Ruination|p2a: Weezing
|-damage|p2a: Weezing|50/100
|
|upkeep
|turn|4
|
|t:|1769392093
|move|p2a: Weezing|Will-O-Wisp|p1a: Ting-Lu
|-status|p1a: Ting-Lu|brn
|move|p1a: Ting-Lu|Earthquake|p2a: Weezing
|-supereffective|p2a: Weezing
|-damage|p2a: Weezing|25/100
|
|-damage|p1a: Ting-Lu|71/100 brn|[from] brn
|upkeep
|turn|5
|
|t:|1769392102
|switch|p1a: Gholdengo|Gholdengo|100/100
|-item|p1a: Gholdengo|Air Balloon
|move|p2a: Weezing|Pain Split|p1a: Gholdengo
|-sethp|p1a: Gholdengo|61/100|[from] move: Pain Split|[silent]
|-sethp|p2a: Weezing|69/100|[from] move: Pain Split
|
|upkeep
|turn|6
|
|t:|1769392118
|-end|p2a: Weezing|ability: Neutralizing Gas
|switch|p2a: Blissey|Blissey, F|100/100
|-damage|p2a: Blissey|88/100|[from] Stealth Rock
|move|p1a: Gholdengo|Nasty Plot|p1a: Gholdengo
|-boost|p1a: Gholdengo|spa|2
|
|-heal|p2a: Blissey|94/100|[from] item: Leftovers
|upkeep
|turn|7
|
|t:|1769392133
|switch|p1a: Hatterene|Hatterene, F|100/100
|move|p2a: Blissey|Calm Mind|p2a: Blissey
|-boost|p2a: Blissey|spa|1
|-boost|p2a: Blissey|spd|1
|
|-heal|p2a: Blissey|100/100|[from] item: Leftovers
|upkeep
|turn|8
|
|t:|1769392148
|move|p2a: Blissey|Seismic Toss|p1a: Hatterene
|-damage|p1a: Hatterene|69/100
|-damage|p2a: Blissey|84/100|[from] item: Rocky Helmet|[of] p1a: Hatterene
|move|p1a: Hatterene|Psychic Noise|p2a: Blissey
|-damage|p2a: Blissey|77/100
|-start|p2a: Blissey|move: Heal Block
|
|upkeep
|turn|9
|
|t:|1769392156
|move|p2a: Blissey|Seismic Toss|p1a: Hatterene
|-damage|p1a: Hatterene|38/100
|-damage|p2a: Blissey|60/100|[from] item: Rocky Helmet|[of] p1a: Hatterene
|move|p1a: Hatterene|Pain Split|p2a: Blissey
|-sethp|p2a: Blissey|39/100|[from] move: Pain Split|[silent]
|-sethp|p1a: Hatterene|81/100|[from] move: Pain Split
|
|-end|p2a: Blissey|move: Heal Block
|upkeep
|turn|10
|
|t:|1769392162
|move|p2a: Blissey|Soft-Boiled|p2a: Blissey
|-heal|p2a: Blissey|89/100
|move|p1a: Hatterene|Nuzzle|p2a: Blissey
|-damage|p2a: Blissey|85/100
|-status|p2a: Blissey|par
|
|-heal|p2a: Blissey|92/100 par|[from] item: Leftovers
|upkeep
|turn|11
|
|t:|1769392166
|-curestatus|p2a: Blissey|par|[from] ability: Natural Cure
|switch|p2a: Gliscor|Gliscor, F|100/100 tox
|-damage|p2a: Gliscor|88/100 tox|[from] Stealth Rock
|move|p1a: Hatterene|Psychic Noise|p2a: Gliscor
|-damage|p2a: Gliscor|59/100 tox
|-start|p2a: Gliscor|move: Heal Block
|
|upkeep
|turn|12
|
|t:|1769392178
|switch|p1a: Ting-Lu|Ting-Lu|71/100 brn
|-ability|p1a: Ting-Lu|Vessel of Ruin
|move|p2a: Gliscor|Knock Off|p1a: Ting-Lu
|-resisted|p1a: Ting-Lu
|-damage|p1a: Ting-Lu|67/100 brn
|
|-damage|p1a: Ting-Lu|61/100 brn|[from] brn
|-end|p2a: Gliscor|move: Heal Block
|upkeep
|turn|13
|
|t:|1769392182
|switch|p2a: Weezing|Weezing-Galar, M|69/100
|-ability|p2a: Weezing|Neutralizing Gas
|move|p1a: Ting-Lu|Whirlwind|p2a: Weezing
|-end|p2a: Weezing|ability: Neutralizing Gas
|-ability|p1a: Ting-Lu|Vessel of Ruin
|drag|p2a: Corviknight|Corviknight, F|100/100
|-damage|p2a: Corviknight|88/100|[from] Stealth Rock
|-ability|p2a: Corviknight|Pressure
|
|-heal|p2a: Corviknight|94/100|[from] item: Leftovers
|-damage|p1a: Ting-Lu|55/100 brn|[from] brn
|upkeep
|turn|14
|
|t:|1769392193
|switch|p2a: Gliscor|Gliscor, F|59/100 tox
|-damage|p2a: Gliscor|46/100 tox|[from] Stealth Rock
|switch|p1a: Gholdengo|Gholdengo|61/100
|-item|p1a: Gholdengo|Air Balloon
|
|-heal|p2a: Gliscor|59/100 tox|[from] ability: Poison Heal
|upkeep
|turn|15
|
|t:|1769392209
|move|p1a: Gholdengo|Nasty Plot|p1a: Gholdengo
|-boost|p1a: Gholdengo|spa|2
|move|p2a: Gliscor|Knock Off|p1a: Gholdengo
|-supereffective|p1a: Gholdengo
|-damage|p1a: Gholdengo|33/100
|-enditem|p1a: Gholdengo|Air Balloon
|
|-heal|p2a: Gliscor|71/100 tox|[from] ability: Poison Heal
|upkeep
|turn|16
|
|t:|1769392226
|switch|p2a: Blissey|Blissey, F|92/100
|-damage|p2a: Blissey|79/100|[from] Stealth Rock
|move|p1a: Gholdengo|Recover|p1a: Gholdengo
|-heal|p1a: Gholdengo|83/100
|
|-heal|p2a: Blissey|85/100|[from] item: Leftovers
|upkeep
|turn|17
|
|t:|1769392246
|switch|p1a: Hatterene|Hatterene, F|81/100
|move|p2a: Blissey|Calm Mind|p2a: Blissey
|-boost|p2a: Blissey|spa|1
|-boost|p2a: Blissey|spd|1
|
|-heal|p2a: Blissey|92/100|[from] item: Leftovers
|upkeep
|turn|18
|inactive|james5k0 has 120 seconds left.
|
|t:|1769392262
|move|p2a: Blissey|Calm Mind|p2a: Blissey
|-boost|p2a: Blissey|spa|1
|-boost|p2a: Blissey|spd|1
|move|p1a: Hatterene|Psychic Noise|p2a: Blissey
|-damage|p2a: Blissey|87/100
|-start|p2a: Blissey|move: Heal Block
|
|upkeep
|turn|19
|
|t:|1769392266
|move|p2a: Blissey|Calm Mind|p2a: Blissey
|-boost|p2a: Blissey|spa|1
|-boost|p2a: Blissey|spd|1
|move|p1a: Hatterene|Nuzzle|p2a: Blissey
|-damage|p2a: Blissey|83/100
|-status|p2a: Blissey|par
|
|-end|p2a: Blissey|move: Heal Block
|upkeep
|turn|20
|
|t:|1769392276
|move|p1a: Hatterene|Pain Split|p2a: Blissey
|-sethp|p2a: Blissey|61/100 par|[from] move: Pain Split|[silent]
|-sethp|p1a: Hatterene|100/100|[from] move: Pain Split
|cant|p2a: Blissey|par
|
|-heal|p2a: Blissey|67/100 par|[from] item: Leftovers
|upkeep
|turn|21
|
|t:|1769392281
|move|p1a: Hatterene|Psychic Noise|p2a: Blissey
|-crit|p2a: Blissey
|-damage|p2a: Blissey|51/100 par
|-start|p2a: Blissey|move: Heal Block
|move|p2a: Blissey|Calm Mind|p2a: Blissey
|-boost|p2a: Blissey|spa|1
|-boost|p2a: Blissey|spd|1
|
|upkeep
|turn|22
|
|t:|1769392300
|switch|p1a: Great Tusk|Great Tusk|100/100
|-enditem|p1a: Great Tusk|Booster Energy
|-activate|p1a: Great Tusk|ability: Protosynthesis|[fromitem]
|-start|p1a: Great Tusk|protosynthesisspe
|move|p2a: Blissey|Calm Mind|p2a: Blissey
|-boost|p2a: Blissey|spa|1
|-boost|p2a: Blissey|spd|1
|
|-end|p2a: Blissey|move: Heal Block
|upkeep
|turn|23
|
|t:|1769392310
|-end|p1a: Great Tusk|Protosynthesis|[silent]
|switch|p1a: Hatterene|Hatterene, F|100/100
|-curestatus|p2a: Blissey|par|[from] ability: Natural Cure
|switch|p2a: Corviknight|Corviknight, F|94/100
|-damage|p2a: Corviknight|82/100|[from] Stealth Rock
|-ability|p2a: Corviknight|Pressure
|
|-heal|p2a: Corviknight|88/100|[from] item: Leftovers
|upkeep
|turn|24
|
|t:|1769392320
|switch|p2a: Blissey|Blissey, F|51/100
|-damage|p2a: Blissey|39/100|[from] Stealth Rock
|move|p1a: Hatterene|Nuzzle|p2a: Blissey
|-damage|p2a: Blissey|34/100
|-status|p2a: Blissey|par
|
|-heal|p2a: Blissey|40/100 par|[from] item: Leftovers
|upkeep
|turn|25
|
|t:|1769392342
|move|p1a: Hatterene|Psychic Noise|p2a: Blissey
|-damage|p2a: Blissey|30/100 par
|-start|p2a: Blissey|move: Heal Block
|cant|p2a: Blissey|par
|
|upkeep
|turn|26
|
|t:|1769392349
|move|p1a: Hatterene|Psychic Noise|p2a: Blissey
|-damage|p2a: Blissey|19/100 par
|cant|p2a: Blissey|par
|
|-end|p2a: Blissey|move: Heal Block
|upkeep
|turn|27
|
|t:|1769392362
|-terastallize|p2a: Blissey|Dark
|move|p1a: Hatterene|Psychic Noise|p2a: Blissey
|-immune|p2a: Blissey
|move|p2a: Blissey|Soft-Boiled|p2a: Blissey
|-heal|p2a: Blissey|69/100 par
|
|-heal|p2a: Blissey|75/100 par|[from] item: Leftovers
|upkeep
|turn|28
|
|t:|1769392377
|move|p1a: Hatterene|Pain Split|p2a: Blissey
|-sethp|p2a: Blissey|62/100 par|[from] move: Pain Split|[silent]
|-sethp|p1a: Hatterene|100/100|[from] move: Pain Split
|cant|p2a: Blissey|par
|
|-heal|p2a: Blissey|68/100 par|[from] item: Leftovers
|upkeep
|turn|29
|inactive|james5k0 has 120 seconds left.
|
|t:|1769392419
|move|p1a: Hatterene|Draining Kiss|p2a: Blissey
|-supereffective|p2a: Blissey
|-damage|p2a: Blissey|55/100 par
|cant|p2a: Blissey|par
|
|-heal|p2a: Blissey|61/100 par|[from] item: Leftovers
|upkeep
|turn|30
|
|t:|1769392427
|move|p1a: Hatterene|Draining Kiss|p2a: Blissey
|-supereffective|p2a: Blissey
|-damage|p2a: Blissey|47/100 par
|cant|p2a: Blissey|par
|
|-heal|p2a: Blissey|53/100 par|[from] item: Leftovers
|upkeep
|turn|31
|inactive|james5k0 has 120 seconds left.
|
|t:|1769392434
|move|p1a: Hatterene|Psychic Noise|p2a: Blissey
|-immune|p2a: Blissey
|move|p2a: Blissey|Calm Mind|p2a: Blissey
|-boost|p2a: Blissey|spa|1
|-boost|p2a: Blissey|spd|1
|
|-heal|p2a: Blissey|59/100 par|[from] item: Leftovers
|upkeep
|turn|32
|
|t:|1769392445
|move|p1a: Hatterene|Draining Kiss|p2a: Blissey
|-supereffective|p2a: Blissey
|-damage|p2a: Blissey|50/100 par
|move|p2a: Blissey|Calm Mind|p2a: Blissey
|-boost|p2a: Blissey|spa|1
|-boost|p2a: Blissey|spd|1
|
|-heal|p2a: Blissey|56/100 par|[from] item: Leftovers
|upkeep
|turn|33
|
|t:|1769392464
|switch|p1a: Great Tusk|Great Tusk|100/100
|cant|p2a: Blissey|par
|
|-heal|p2a: Blissey|63/100 par|[from] item: Leftovers
|upkeep
|turn|34
|
|t:|1769392473
|-curestatus|p2a: Blissey|par|[from] ability: Natural Cure
|switch|p2a: Corviknight|Corviknight, F|88/100
|-damage|p2a: Corviknight|75/100|[from] Stealth Rock
|-ability|p2a: Corviknight|Pressure
|move|p1a: Great Tusk|Ice Spinner|p2a: Corviknight
|-damage|p2a: Corviknight|61/100
|
|-heal|p2a: Corviknight|67/100|[from] item: Leftovers
|upkeep
|turn|35
|
|t:|1769392483
|-end|p1a: Great Tusk|Protosynthesis|[silent]
|switch|p1a: Gholdengo|Gholdengo|83/100
|move|p2a: Corviknight|Defog|p1a: Gholdengo
|-immune|p1a: Gholdengo|[from] ability: Good as Gold
|
|-heal|p2a: Corviknight|74/100|[from] item: Leftovers
|upkeep
|turn|36
|
|t:|1769392490
|switch|p2a: Toxapex|Toxapex, F|100/100
|-damage|p2a: Toxapex|88/100|[from] Stealth Rock
|move|p1a: Gholdengo|Nasty Plot|p1a: Gholdengo
|-boost|p1a: Gholdengo|spa|2
|
|-heal|p2a: Toxapex|94/100|[from] item: Leftovers
|upkeep
|turn|37
|
|t:|1769392512
|move|p1a: Gholdengo|Nasty Plot|p1a: Gholdengo
|-boost|p1a: Gholdengo|spa|2
|move|p2a: Toxapex|Haze|p2a: Toxapex
|-clearallboost
|
|-heal|p2a: Toxapex|100/100|[from] item: Leftovers
|upkeep
|turn|38
|
|t:|1769392525
|switch|p2a: Blissey|Blissey, F, tera:Dark|63/100
|-damage|p2a: Blissey|50/100|[from] Stealth Rock
|move|p1a: Gholdengo|Shadow Ball|p2a: Blissey
|-resisted|p2a: Blissey
|-damage|p2a: Blissey|45/100
|
|-heal|p2a: Blissey|51/100|[from] item: Leftovers
|upkeep
|turn|39
|
|t:|1769392535
|move|p1a: Gholdengo|Make It Rain|p2a: Blissey
|-damage|p2a: Blissey|34/100
|-unboost|p1a: Gholdengo|spa|1
|move|p2a: Blissey|Soft-Boiled|p2a: Blissey
|-heal|p2a: Blissey|84/100
|
|-heal|p2a: Blissey|90/100|[from] item: Leftovers
|upkeep
|turn|40
|
|t:|1769392547
|switch|p1a: Hatterene|Hatterene, F|100/100
|move|p2a: Blissey|Calm Mind|p2a: Blissey
|-boost|p2a: Blissey|spa|1
|-boost|p2a: Blissey|spd|1
|
|-heal|p2a: Blissey|97/100|[from] item: Leftovers
|upkeep
|turn|41
|
|t:|1769392553
|move|p2a: Blissey|Calm Mind|p2a: Blissey
|-boost|p2a: Blissey|spa|1
|-boost|p2a: Blissey|spd|1
|move|p1a: Hatterene|Nuzzle|p2a: Blissey
|-damage|p2a: Blissey|93/100
|-status|p2a: Blissey|par
|
|-heal|p2a: Blissey|99/100 par|[from] item: Leftovers
|upkeep
|turn|42
|
|t:|1769392556
|move|p1a: Hatterene|Psychic Noise|p2a: Blissey
|-immune|p2a: Blissey
|move|p2a: Blissey|Calm Mind|p2a: Blissey
|-boost|p2a: Blissey|spa|1
|-boost|p2a: Blissey|spd|1
|
|-heal|p2a: Blissey|100/100 par|[from] item: Leftovers
|upkeep
|turn|43
|
|t:|1769392559
|move|p1a: Hatterene|Pain Split|p2a: Blissey
|-sethp|p2a: Blissey|75/100 par|[from] move: Pain Split|[silent]
|-sethp|p1a: Hatterene|100/100|[from] move: Pain Split
|move|p2a: Blissey|Calm Mind|p2a: Blissey
|-boost|p2a: Blissey|spa|1
|-boost|p2a: Blissey|spd|1
|
|-heal|p2a: Blissey|81/100 par|[from] item: Leftovers
|upkeep
|turn|44
|
|t:|1769392571
|switch|p1a: Great Tusk|Great Tusk|100/100
|move|p2a: Blissey|Calm Mind|p2a: Blissey
|-boost|p2a: Blissey|spa|1
|-boost|p2a: Blissey|spd|1
|
|-heal|p2a: Blissey|87/100 par|[from] item: Leftovers
|upkeep
|turn|45
|
|t:|1769392577
|-curestatus|p2a: Blissey|par|[from] ability: Natural Cure
|switch|p2a: Corviknight|Corviknight, F|74/100
|-damage|p2a: Corviknight|61/100|[from] Stealth Rock
|-ability|p2a: Corviknight|Pressure
|move|p1a: Great Tusk|Headlong Rush|p2a: Corviknight
|-immune|p2a: Corviknight
|
|-heal|p2a: Corviknight|67/100|[from] item: Leftovers
|upkeep
|turn|46
|
|t:|1769392587
|-end|p1a: Great Tusk|Protosynthesis|[silent]
|switch|p1a: Gholdengo|Gholdengo|83/100
|move|p2a: Corviknight|Iron Defense|p2a: Corviknight
|-boost|p2a: Corviknight|def|2
|
|-heal|p2a: Corviknight|74/100|[from] item: Leftovers
|upkeep
|turn|47
|
|t:|1769392591
|switch|p2a: Blissey|Blissey, F, tera:Dark|87/100
|-damage|p2a: Blissey|75/100|[from] Stealth Rock
|move|p1a: Gholdengo|Nasty Plot|p1a: Gholdengo
|-boost|p1a: Gholdengo|spa|2
|
|-heal|p2a: Blissey|81/100|[from] item: Leftovers
|upkeep
|turn|48
|
|t:|1769392594
|move|p1a: Gholdengo|Make It Rain|p2a: Blissey
|-damage|p2a: Blissey|47/100
|-unboost|p1a: Gholdengo|spa|1
|move|p2a: Blissey|Calm Mind|p2a: Blissey
|-boost|p2a: Blissey|spa|1
|-boost|p2a: Blissey|spd|1
|
|-heal|p2a: Blissey|53/100|[from] item: Leftovers
|upkeep
|turn|49
|
|t:|1769392602
|move|p1a: Gholdengo|Nasty Plot|p1a: Gholdengo
|-boost|p1a: Gholdengo|spa|2
|move|p2a: Blissey|Calm Mind|p2a: Blissey
|-boost|p2a: Blissey|spa|1
|-boost|p2a: Blissey|spd|1
|
|-heal|p2a: Blissey|60/100|[from] item: Leftovers
|upkeep
|turn|50
|
|t:|1769392605
|move|p1a: Gholdengo|Make It Rain|p2a: Blissey
|-damage|p2a: Blissey|38/100
|-unboost|p1a: Gholdengo|spa|1
|move|p2a: Blissey|Calm Mind|p2a: Blissey
|-boost|p2a: Blissey|spa|1
|-boost|p2a: Blissey|spd|1
|
|-heal|p2a: Blissey|44/100|[from] item: Leftovers
|upkeep
|turn|51
|
|t:|1769392613
|move|p1a: Gholdengo|Make It Rain|p2a: Blissey
|-damage|p2a: Blissey|32/100
|-unboost|p1a: Gholdengo|spa|1
|move|p2a: Blissey|Soft-Boiled|p2a: Blissey
|-heal|p2a: Blissey|82/100
|
|-heal|p2a: Blissey|89/100|[from] item: Leftovers
|upkeep
|turn|52
|
|t:|1769392620
|switch|p1a: Hatterene|Hatterene, F|100/100
|move|p2a: Blissey|Stealth Rock|p1a: Hatterene
|move|p1a: Hatterene|Stealth Rock||[from] ability: Magic Bounce|[still]
|-fail|p1a: Hatterene
|
|-heal|p2a: Blissey|95/100|[from] item: Leftovers
|upkeep
|turn|53
|
|t:|1769392625
|move|p2a: Blissey|Calm Mind|p2a: Blissey
|-boost|p2a: Blissey|spa|1
|-boost|p2a: Blissey|spd|1
|move|p1a: Hatterene|Nuzzle|p2a: Blissey
|-damage|p2a: Blissey|91/100
|-status|p2a: Blissey|par
|
|-heal|p2a: Blissey|97/100 par|[from] item: Leftovers
|upkeep
|turn|54
|
|t:|1769392630
|move|p1a: Hatterene|Pain Split|p2a: Blissey
|-sethp|p2a: Blissey|73/100 par|[from] move: Pain Split|[silent]
|-sethp|p1a: Hatterene|100/100|[from] move: Pain Split
|move|p2a: Blissey|Calm Mind|p2a: Blissey
|-boost|p2a: Blissey|spa|1
|-boost|p2a: Blissey|spd|1
|
|-heal|p2a: Blissey|79/100 par|[from] item: Leftovers
|upkeep
|turn|55
|
|t:|1769392639
|switch|p1a: Ting-Lu|Ting-Lu|55/100 brn
|-ability|p1a: Ting-Lu|Vessel of Ruin
|move|p2a: Blissey|Seismic Toss|p1a: Ting-Lu
|-damage|p1a: Ting-Lu|35/100 brn
|
|-heal|p2a: Blissey|86/100 par|[from] item: Leftovers
|-damage|p1a: Ting-Lu|29/100 brn|[from] brn
|upkeep
|turn|56
|
|t:|1769392646
|-curestatus|p2a: Blissey|par|[from] ability: Natural Cure
|switch|p2a: Weezing|Weezing-Galar, M|69/100
|-ability|p2a: Weezing|Neutralizing Gas
|move|p1a: Ting-Lu|Whirlwind|p2a: Weezing
|-end|p2a: Weezing|ability: Neutralizing Gas
|-ability|p1a: Ting-Lu|Vessel of Ruin
|drag|p2a: Gliscor|Gliscor, F|71/100 tox
|-damage|p2a: Gliscor|59/100 tox|[from] Stealth Rock
|
|-heal|p2a: Gliscor|71/100 tox|[from] ability: Poison Heal
|-damage|p1a: Ting-Lu|23/100 brn|[from] brn
|upkeep
|turn|57
|
|t:|1769392662
|switch|p1a: Great Tusk|Great Tusk|100/100
|move|p2a: Gliscor|Knock Off|p1a: Great Tusk
|-resisted|p1a: Great Tusk
|-damage|p1a: Great Tusk|96/100
|
|-heal|p2a: Gliscor|84/100 tox|[from] ability: Poison Heal
|upkeep
|turn|58
|
|t:|1769392671
|switch|p2a: Corviknight|Corviknight, F|74/100
|-damage|p2a: Corviknight|61/100|[from] Stealth Rock
|-ability|p2a: Corviknight|Pressure
|move|p1a: Great Tusk|Ice Spinner|p2a: Corviknight
|-damage|p2a: Corviknight|46/100
|
|-heal|p2a: Corviknight|53/100|[from] item: Leftovers
|upkeep
|turn|59
|
|t:|1769392681
|-end|p1a: Great Tusk|Protosynthesis|[silent]
|switch|p1a: Gholdengo|Gholdengo|83/100
|move|p2a: Corviknight|Roost|p2a: Corviknight
|-heal|p2a: Corviknight|100/100
|-singleturn|p2a: Corviknight|move: Roost
|
|upkeep
|turn|60
|
|t:|1769392685
|switch|p2a: Blissey|Blissey, F, tera:Dark|86/100
|-damage|p2a: Blissey|73/100|[from] Stealth Rock
|move|p1a: Gholdengo|Nasty Plot|p1a: Gholdengo
|-boost|p1a: Gholdengo|spa|2
|
|-heal|p2a: Blissey|79/100|[from] item: Leftovers
|upkeep
|turn|61
|
|t:|1769392691
|move|p1a: Gholdengo|Nasty Plot|p1a: Gholdengo
|-boost|p1a: Gholdengo|spa|2
|move|p2a: Blissey|Calm Mind|p2a: Blissey
|-boost|p2a: Blissey|spa|1
|-boost|p2a: Blissey|spd|1
|
|-heal|p2a: Blissey|86/100|[from] item: Leftovers
|upkeep
|turn|62
|
|t:|1769392698
|move|p1a: Gholdengo|Nasty Plot|p1a: Gholdengo
|-boost|p1a: Gholdengo|spa|2
|move|p2a: Blissey|Calm Mind|p2a: Blissey
|-boost|p2a: Blissey|spa|1
|-boost|p2a: Blissey|spd|1
|
|-heal|p2a: Blissey|92/100|[from] item: Leftovers
|upkeep
|turn|63
|inactive|scorpion257 has 120 seconds left.
|inactive|scorpion257 has 90 seconds left.
|
|t:|1769392774
|move|p1a: Gholdengo|Shadow Ball|p2a: Blissey
|-resisted|p2a: Blissey
|-damage|p2a: Blissey|80/100
|move|p2a: Blissey|Calm Mind|p2a: Blissey
|-boost|p2a: Blissey|spa|1
|-boost|p2a: Blissey|spd|1
|
|-heal|p2a: Blissey|87/100|[from] item: Leftovers
|upkeep
|turn|64
|
|t:|1769392781
|move|p1a: Gholdengo|Shadow Ball|p2a: Blissey
|-resisted|p2a: Blissey
|-damage|p2a: Blissey|78/100
|move|p2a: Blissey|Stealth Rock|p1a: Gholdengo
|-sidestart|p1: james5k0|move: Stealth Rock
|
|-heal|p2a: Blissey|84/100|[from] item: Leftovers
|upkeep
|turn|65
|
|t:|1769392788
|move|p1a: Gholdengo|Shadow Ball|p2a: Blissey
|-resisted|p2a: Blissey
|-damage|p2a: Blissey|76/100
|move|p2a: Blissey|Seismic Toss|p1a: Gholdengo
|-immune|p1a: Gholdengo
|
|-heal|p2a: Blissey|82/100|[from] item: Leftovers
|upkeep
|turn|66
|
|t:|1769392795
|move|p1a: Gholdengo|Make It Rain|p2a: Blissey
|-crit|p2a: Blissey
|-damage|p2a: Blissey|0 fnt
|-unboost|p1a: Gholdengo|spa|1
|faint|p2a: Blissey
|
|upkeep
|c|☆scorpion257|Fuck
|inactive|scorpion257 has 90 seconds left.
|c|☆scorpion257|Nice luck
|c|☆scorpion257|BG
|c|☆james5k0|softboiled was running out boy
|-message|scorpion257 forfeited.
|
|win|james5k0
|raw|james5k0's rating: 1465 &rarr; <strong>1489</strong><br />(+24 for winning)
|raw|scorpion257's rating: 1528 &rarr; <strong>1504</strong><br />(-24 for losing)
|l|☆scorpion257
|player|p2|
|c|☆james5k0|you got played
