|j|☆its called
|j|☆just dum luck
|t:|1769391915
|gametype|singles
|player|p1|its called|blue|1247
|player|p2|just dum luck|waiter-gen4|1293
|gen|9
|tier|[Gen 9] OU
|rated|
|rule|HP Percentage Mod: HP is shown in percentages
|rule|Endless Battle Clause: Forcing endless battles is banned
|rule|Species Clause: Limit one of each Pokémon
|rule|OHKO Clause: OHKO moves are banned
|rule|Evasion Items Clause: Evasion items are banned
|rule|Evasion Moves Clause: Evasion moves are banned
|rule|Evasion Abilities Clause: Evasion abilities are banned
|rule|Sleep Moves Clause: Sleep-inducing moves are banned
|clearpoke
|poke|p1|Alomomola, M|
|poke|p1|Blissey, F|
|poke|p1|Clodsire, F|
|poke|p1|Gliscor, F|
|poke|p1|Dondozo, M|
|poke|p1|Muk, F|
|poke|p2|Pelipper, M|
|poke|p2|Walking Wake|
|poke|p2|Ogerpon, F|
|poke|p2|Tinkaton, F|
|poke|p2|Barraskewda, F|
|poke|p2|Zapdos|
|teampreview
|inactive|Battle timer is ON: inactive players will automatically lose when time's up. (requested by its called)
|
|t:|1769391922
|teamsize|p1|6
|teamsize|p2|6
|start
|switch|p1a: Gliscor|Gliscor, F|100/100
|switch|p2a: Pelipper|Pelipper, M|100/100
|-weather|RainDance|[from] ability: Drizzle|[of] p2a: Pelipper
|turn|1
|
|t:|1769391932
|switch|p2a: Tinkaton|Tinkaton, F|100/100
|-ability|p2a: Tinkaton|Mold Breaker
|move|p1a: Gliscor|Protect||[still]
|-fail|p1a: Gliscor
|
|-weather|RainDance|[upkeep]
|-status|p1a: Gliscor|tox|[from] item: Toxic Orb
|upkeep
|turn|2
|
|t:|1769391937
|move|p2a: Tinkaton|Encore|p1a: Gliscor
|-start|p1a: Gliscor|Encore
|move|p1a: Gliscor|Protect||[still]
|-fail|p1a: Gliscor
|
|-weather|RainDance|[upkeep]
|upkeep
|turn|3
|
|t:|1769391939
|switch|p1a: Muk|Muk, F|100/100
|move|p2a: Tinkaton|Stealth Rock|p1a: Muk
|-sidestart|p1: its called|move: Stealth Rock
|
|-weather|RainDance|[upkeep]
|upkeep
|turn|4
|
|t:|1769391946
|switch|p1a: Gliscor|Gliscor, F|100/100 tox
|-damage|p1a: Gliscor|88/100 tox|[from] Stealth Rock
|move|p2a: Tinkaton|Gigaton Hammer|p1a: Gliscor
|-damage|p1a: Gliscor|60/100 tox
|
|-weather|RainDance|[upkeep]
|-heal|p1a: Gliscor|72/100 tox|[from] ability: Poison Heal
|upkeep
|turn|5
|
|t:|1769391958
|switch|p2a: Walking Wake|Walking Wake|100/100
|move|p1a: Gliscor|Spikes|p2a: Walking Wake
|-sidestart|p2: just dum luck|Spikes
|
|-weather|none
|-heal|p1a: Gliscor|85/100 tox|[from] ability: Poison Heal
|upkeep
|turn|6
|
|t:|1769391964
|move|p1a: Gliscor|Protect|p1a: Gliscor
|-singleturn|p1a: Gliscor|Protect
|move|p2a: Walking Wake|Surf|p1a: Gliscor
|-activate|p1a: Gliscor|move: Protect
|
|-heal|p1a: Gliscor|97/100 tox|[from] ability: Poison Heal
|upkeep
|turn|7
|
|t:|1769391967
|switch|p1a: Blissey|Blissey, F|100/100
|move|p2a: Walking Wake|Knock Off|p1a: Blissey
|-damage|p1a: Blissey|83/100
|-enditem|p1a: Blissey|Heavy-Duty Boots|[from] move: Knock Off|[of] p2a: Walking Wake
|
|upkeep
|turn|8
|
|t:|1769391971
|move|p2a: Walking Wake|Flip Turn|p1a: Blissey
|-damage|p1a: Blissey|65/100
|
|t:|1769391976
|-end|p2a: Walking Wake|Protosynthesis|[silent]
|switch|p2a: Tinkaton|Tinkaton, F|100/100|[from] Flip Turn
|-damage|p2a: Tinkaton|88/100|[from] Spikes
|-ability|p2a: Tinkaton|Mold Breaker
|move|p1a: Blissey|Stealth Rock|p2a: Tinkaton
|-sidestart|p2: just dum luck|move: Stealth Rock
|
|-heal|p2a: Tinkaton|94/100|[from] item: Leftovers
|upkeep
|turn|9
|-message|its called forfeited.
|
|win|just dum luck
|raw|its called's rating: 1247 &rarr; <strong>1225</strong><br />(-22 for losing)
|raw|just dum luck's rating: 1293 &rarr; <strong>1315</strong><br />(+22 for winning)
|l|☆its called
|player|p1|
|l|☆just dum luck
|player|p2|
