|badge|p1|bronze|gen9doublesou|100-8
|uhtml|medal-msg|<div class="broadcast-blue">Curious what those medals under the avatar are? PS now has Ladder Seasons! For more information, check out the <a href="https://www.smogon.com/forums/threads/3740067/">thread on Smogon.</a></div>
|j|☆RNG Savage
|j|☆siakam
|t:|1769379972
|gametype|singles
|player|p1|RNG Savage|giovanni-gen3|1387
|player|p2|siakam|170|1429
|gen|9
|tier|[Gen 9] OU
|rated|
|rule|HP Percentage Mod: HP is shown in percentages
|rule|Endless Battle Clause: Forcing endless battles is banned
|rule|Species Clause: Limit one of each Pokémon
|rule|OHKO Clause: OHKO moves are banned
|rule|Evasion Items Clause: Evasion items are banned
|rule|Evasion Moves Clause: Evasion moves are banned
|rule|Evasion Abilities Clause: Evasion abilities are banned
|rule|Sleep Moves Clause: Sleep-inducing moves are banned
|clearpoke
|poke|p1|Great Tusk|
|poke|p1|Rhyperior, M|
|poke|p1|Ursaluna, M|
|poke|p1|Gliscor, M|
|poke|p1|Magnezone|
|poke|p1|Kingambit, M|
|poke|p2|Kingambit, F|
|poke|p2|Cinderace, F|
|poke|p2|Landorus-Therian, M|
|poke|p2|Iron Valiant|
|poke|p2|Kyurem|
|poke|p2|Slowking-Galar, M|
|teampreview
|inactive|Battle timer is ON: inactive players will automatically lose when time's up. (requested by siakam)
|
|t:|1769379989
|teamsize|p1|6
|teamsize|p2|6
|start
|switch|p1a: Rhyperior|Rhyperior, M|100/100
|switch|p2a: Landorus|Landorus-Therian, M, shiny|100/100
|-ability|p2a: Landorus|Intimidate|boost
|-unboost|p1a: Rhyperior|atk|1
|turn|1
|
|t:|1769380005
|move|p2a: Landorus|U-turn|p1a: Rhyperior
|-damage|p1a: Rhyperior|86/100
|
|t:|1769380009
|switch|p2a: Slowking|Slowking-Galar, M, shiny|100/100|[from] U-turn
|move|p1a: Rhyperior|Ice Punch|p2a: Slowking
|-damage|p2a: Slowking|72/100
|
|upkeep
|turn|2
|
|t:|1769380020
|switch|p1a: Kingambit|Kingambit, M|100/100
|switch|p2a: Landorus|Landorus-Therian, M, shiny|100/100
|-ability|p2a: Landorus|Intimidate|boost
|-unboost|p1a: Kingambit|atk|1
|
|upkeep
|turn|3
|
|t:|1769380029
|-end|p1a: Kingambit|fallenundefined|[silent]
|switch|p1a: Gliscor|Gliscor, M, shiny|100/100
|move|p2a: Landorus|U-turn|p1a: Gliscor
|-resisted|p1a: Gliscor
|-damage|p1a: Gliscor|93/100
|
|t:|1769380034
|switch|p2a: Kyurem|Kyurem, shiny|100/100|[from] U-turn
|-ability|p2a: Kyurem|Pressure
|
|-status|p1a: Gliscor|tox|[from] item: Toxic Orb
|upkeep
|turn|4
|
|t:|1769380040
|move|p2a: Kyurem|Freeze-Dry|p1a: Gliscor
|-supereffective|p1a: Gliscor
|-damage|p1a: Gliscor|0 fnt
|faint|p1a: Gliscor
|
|upkeep
|inactive|RNG Savage has 120 seconds left.
|
|t:|1769380071
|switch|p1a: Ursaluna|Ursaluna, M, shiny|100/100
|turn|5
|
|t:|1769380081
|switch|p2a: Landorus|Landorus-Therian, M, shiny|100/100
|-ability|p2a: Landorus|Intimidate|boost
|-unboost|p1a: Ursaluna|atk|1
|move|p1a: Ursaluna|Protect||[still]
|-fail|p1a: Ursaluna
|
|-status|p1a: Ursaluna|brn|[from] item: Flame Orb
|upkeep
|turn|6
|
|t:|1769380103
|move|p2a: Landorus|Earthquake|p1a: Ursaluna
|-crit|p1a: Ursaluna
|-damage|p1a: Ursaluna|39/100 brn
|move|p1a: Ursaluna|Bulk Up|p1a: Ursaluna
|-boost|p1a: Ursaluna|atk|1
|-boost|p1a: Ursaluna|def|1
|
|-damage|p1a: Ursaluna|33/100 brn|[from] brn
|upkeep
|turn|7
|
|t:|1769380110
|move|p2a: Landorus|Earthquake|p1a: Ursaluna
|-damage|p1a: Ursaluna|8/100 brn
|move|p1a: Ursaluna|Facade|p2a: Landorus
|-damage|p2a: Landorus|0 fnt
|-damage|p1a: Ursaluna|0 fnt|[from] item: Rocky Helmet|[of] p2a: Landorus
|faint|p2a: Landorus
|faint|p1a: Ursaluna
|
|upkeep
|
|t:|1769380132
|switch|p2a: Kyurem|Kyurem, shiny|100/100
|switch|p1a: Magnezone|Magnezone, shiny|100/100
|-ability|p2a: Kyurem|Pressure
|turn|8
|
|t:|1769380144
|-terastallize|p2a: Kyurem|Ground
|move|p2a: Kyurem|Earth Power|p1a: Magnezone
|-supereffective|p1a: Magnezone
|-ability|p1a: Magnezone|Sturdy
|-damage|p1a: Magnezone|1/100
|-unboost|p1a: Magnezone|spd|1
|move|p1a: Magnezone|Mirror Coat|p2a: Kyurem
|-damage|p2a: Kyurem|0 fnt
|faint|p2a: Kyurem
|
|upkeep
|inactive|siakam has 120 seconds left.
|
|t:|1769380155
|switch|p2a: Slowking|Slowking-Galar, M, shiny|100/100
|turn|9
|
|t:|1769380165
|move|p1a: Magnezone|Thunderbolt|p2a: Slowking
|-damage|p2a: Slowking|69/100
|move|p2a: Slowking|Psychic Noise|p1a: Magnezone
|-resisted|p1a: Magnezone
|-damage|p1a: Magnezone|0 fnt
|faint|p1a: Magnezone
|
|upkeep
|
|t:|1769380176
|switch|p1a: Kingambit|Kingambit, M|100/100
|-activate|p1a: Kingambit|ability: Supreme Overlord
|-start|p1a: Kingambit|fallen3|[silent]
|turn|10
|
|t:|1769380181
|move|p1a: Kingambit|Thunder Wave|p2a: Slowking
|-status|p2a: Slowking|par
|cant|p2a: Slowking|par
|
|upkeep
|turn|11
|
|t:|1769380188
|move|p1a: Kingambit|Kowtow Cleave|p2a: Slowking
|-supereffective|p2a: Slowking
|-damage|p2a: Slowking|0 fnt
|faint|p2a: Slowking
|
|upkeep
|
|t:|1769380203
|switch|p2a: Cinderace|Cinderace, F|100/100
|turn|12
|
|t:|1769380219
|-end|p1a: Kingambit|fallen3|[silent]
|switch|p1a: Rhyperior|Rhyperior, M|86/100
|move|p2a: Cinderace|Will-O-Wisp|p1a: Rhyperior
|-status|p1a: Rhyperior|brn
|
|-damage|p1a: Rhyperior|80/100 brn|[from] brn
|upkeep
|turn|13
|
|t:|1769380233
|switch|p2a: Kingambit|Kingambit, F|100/100
|-activate|p2a: Kingambit|ability: Supreme Overlord
|-start|p2a: Kingambit|fallen3|[silent]
|move|p1a: Rhyperior|Earthquake|p2a: Kingambit
|-supereffective|p2a: Kingambit
|-damage|p2a: Kingambit|32/100
|
|-heal|p2a: Kingambit|38/100|[from] item: Leftovers
|-damage|p1a: Rhyperior|73/100 brn|[from] brn
|upkeep
|turn|14
|
|t:|1769380246
|move|p2a: Kingambit|Iron Head|p1a: Rhyperior
|-supereffective|p1a: Rhyperior
|-damage|p1a: Rhyperior|16/100 brn
|move|p1a: Rhyperior|Earthquake|p2a: Kingambit
|-supereffective|p2a: Kingambit
|-damage|p2a: Kingambit|0 fnt
|faint|p2a: Kingambit
|-end|p2a: Kingambit|fallen3|[silent]
|
|-damage|p1a: Rhyperior|10/100 brn|[from] brn
|upkeep
|
|t:|1769380264
|switch|p2a: Cinderace|Cinderace, F|100/100
|turn|15
|
|t:|1769380269
|move|p2a: Cinderace|Pyro Ball|p1a: Rhyperior
|-resisted|p1a: Rhyperior
|-crit|p1a: Rhyperior
|-damage|p1a: Rhyperior|0 fnt
|faint|p1a: Rhyperior
|
|upkeep
|
|t:|1769380273
|switch|p1a: Great Tusk|Great Tusk|100/100
|-enditem|p1a: Great Tusk|Booster Energy
|-activate|p1a: Great Tusk|ability: Protosynthesis|[fromitem]
|-start|p1a: Great Tusk|protosynthesisspe
|turn|16
|
|t:|1769380287
|switch|p2a: Iron Valiant|Iron Valiant|100/100
|-enditem|p2a: Iron Valiant|Booster Energy
|-activate|p2a: Iron Valiant|ability: Quark Drive|[fromitem]
|-start|p2a: Iron Valiant|quarkdrivespe
|move|p1a: Great Tusk|Headlong Rush|p2a: Iron Valiant
|-damage|p2a: Iron Valiant|37/100
|-unboost|p1a: Great Tusk|def|1
|-unboost|p1a: Great Tusk|spd|1
|
|upkeep
|turn|17
|
|t:|1769380297
|move|p2a: Iron Valiant|Moonblast|p1a: Great Tusk
|-supereffective|p1a: Great Tusk
|-damage|p1a: Great Tusk|0 fnt
|faint|p1a: Great Tusk
|-end|p1a: Great Tusk|Protosynthesis|[silent]
|
|upkeep
|
|t:|1769380300
|switch|p1a: Kingambit|Kingambit, M|100/100
|-activate|p1a: Kingambit|ability: Supreme Overlord
|-start|p1a: Kingambit|fallen5|[silent]
|turn|18
|
|t:|1769380311
|-terastallize|p1a: Kingambit|Dark
|move|p2a: Iron Valiant|Moonblast|p1a: Kingambit
|-supereffective|p1a: Kingambit
|-damage|p1a: Kingambit|8/100
|move|p1a: Kingambit|Swords Dance|p1a: Kingambit
|-boost|p1a: Kingambit|atk|2
|
|upkeep
|turn|19
|
|t:|1769380319
|move|p1a: Kingambit|Sucker Punch||[still]
|-fail|p1a: Kingambit
|move|p2a: Iron Valiant|Encore|p1a: Kingambit
|-start|p1a: Kingambit|Encore
|
|upkeep
|turn|20
|c|☆siakam|gg
|
|t:|1769380327
|-end|p2a: Iron Valiant|Quark Drive|[silent]
|switch|p2a: Cinderace|Cinderace, F|100/100
|move|p1a: Kingambit|Sucker Punch||[still]
|-fail|p1a: Kingambit
|
|upkeep
|turn|21
|
|t:|1769380333
|move|p1a: Kingambit|Sucker Punch||[still]
|-fail|p1a: Kingambit
|move|p2a: Cinderace|Will-O-Wisp|p1a: Kingambit
|-status|p1a: Kingambit|brn
|
|-damage|p1a: Kingambit|2/100 brn|[from] brn
|upkeep
|turn|22
|-message|RNG Savage forfeited.
|
|win|siakam
|raw|RNG Savage's rating: 1387 &rarr; <strong>1369</strong><br />(-18 for losing)
|raw|siakam's rating: 1429 &rarr; <strong>1447</strong><br />(+18 for winning)
|l|☆RNG Savage
|player|p1|
|l|☆siakam
|player|p2|
