|inactive|Battle timer is ON: inactive players will automatically lose when time's up.
|t:|1769365503
|gametype|singles
|player|p1|Kayzn|#cnpldawnoflightning|
|player|p2|MagcargoXXX|iono-masters|
|gen|9
|tier|[Gen 9] OU
|rule|HP Percentage Mod: HP is shown in percentages
|rule|Endless Battle Clause: Forcing endless battles is banned
|rule|Species Clause: Limit one of each Pokémon
|rule|OHKO Clause: OHKO moves are banned
|rule|Evasion Items Clause: Evasion items are banned
|rule|Evasion Moves Clause: Evasion moves are banned
|rule|Evasion Abilities Clause: Evasion abilities are banned
|rule|Sleep Moves Clause: Sleep-inducing moves are banned
|clearpoke
|poke|p1|Weezing-Galar, F|
|poke|p1|Ogerpon, F|
|poke|p1|Zapdos|
|poke|p1|Zamazenta-*|
|poke|p1|Pecharunt|
|poke|p1|Ting-Lu|
|poke|p2|Deoxys-Speed|
|poke|p2|Iron Valiant|
|poke|p2|Ting-Lu|
|poke|p2|Dragonite, F|
|poke|p2|Gholdengo|
|poke|p2|Volcanion|
|teampreview
|inactive|Kayzn also wants the timer to be on.
|c|☆MagcargoXXX|gl
|c|☆Kayzn|u2
|inactive|Kayzn has 270 seconds left.
|inactive|MagcargoXXX has 270 seconds left.
|inactive|Kayzn has 240 seconds left.
|
|t:|1769365564
|teamsize|p1|6
|teamsize|p2|6
|start
|switch|p1a: Ting-Lu|Ting-Lu|100/100
|switch|p2a: Volcanion|Volcanion|100/100
|-ability|p1a: Ting-Lu|Vessel of Ruin
|turn|1
|
|t:|1769365577
|move|p2a: Volcanion|Steam Eruption|p1a: Ting-Lu|[miss]
|-miss|p2a: Volcanion|p1a: Ting-Lu
|move|p1a: Ting-Lu|Earthquake|p2a: Volcanion
|-supereffective|p2a: Volcanion
|-damage|p2a: Volcanion|36/100
|
|upkeep
|turn|2
|inactive|Kayzn has 270 seconds left.
|
|t:|1769365608
|switch|p1a: Zapdos|Zapdos|100/100
|move|p2a: Volcanion|Steam Eruption|p1a: Zapdos
|-damage|p1a: Zapdos|16/100
|-status|p1a: Zapdos|brn
|
|-damage|p1a: Zapdos|10/100 brn|[from] brn
|upkeep
|turn|3
|inactive|Kayzn has 270 seconds left.
|
|t:|1769365620
|switch|p2a: Ting-Lu|Ting-Lu|100/100
|-ability|p2a: Ting-Lu|Vessel of Ruin
|move|p1a: Zapdos|Volt Switch|p2a: Ting-Lu
|-immune|p2a: Ting-Lu
|
|-damage|p1a: Zapdos|4/100 brn|[from] brn
|upkeep
|turn|4
|
|t:|1769365628
|move|p1a: Zapdos|Roost|p1a: Zapdos
|-heal|p1a: Zapdos|55/100 brn
|-singleturn|p1a: Zapdos|move: Roost
|move|p2a: Ting-Lu|Stealth Rock|p1a: Zapdos
|-sidestart|p1: Kayzn|move: Stealth Rock
|
|-damage|p1a: Zapdos|49/100 brn|[from] brn
|upkeep
|turn|5
|inactive|Kayzn has 270 seconds left.
|
|t:|1769365653
|switch|p1a: Weezing|Weezing-Galar, F|100/100
|-ability|p1a: Weezing|Neutralizing Gas
|move|p2a: Ting-Lu|Ruination|p1a: Weezing
|-damage|p1a: Weezing|50/100
|
|upkeep
|turn|6
|inactive|Kayzn has 270 seconds left.
|
|t:|1769365660
|switch|p2a: Volcanion|Volcanion|36/100
|move|p1a: Weezing|Defog|p2a: Volcanion
|-unboost|p2a: Volcanion|evasion|1
|-sideend|p1: Kayzn|Stealth Rock|[from] move: Defog|[of] p1a: Weezing
|
|upkeep
|turn|7
|
|t:|1769365667
|-end|p1a: Weezing|ability: Neutralizing Gas
|switch|p1a: Zapdos|Zapdos|49/100 brn
|move|p2a: Volcanion|Flamethrower|p1a: Zapdos
|-damage|p1a: Zapdos|0 fnt
|faint|p1a: Zapdos
|
|upkeep
|inactive|Kayzn has 270 seconds left.
|
|t:|1769365683
|switch|p1a: Ogerpon|Ogerpon, F|100/100
|turn|8
|
|t:|1769365690
|switch|p2a: Dragonite|Dragonite, F|100/100
|move|p1a: Ogerpon|U-turn|p2a: Dragonite
|-resisted|p2a: Dragonite
|-damage|p2a: Dragonite|91/100
|
|t:|1769365696
|switch|p1a: Ting-Lu|Ting-Lu|100/100|[from] U-turn
|-ability|p1a: Ting-Lu|Vessel of Ruin
|
|upkeep
|turn|9
|
|t:|1769365700
|switch|p2a: Ting-Lu|Ting-Lu|100/100
|-ability|p2a: Ting-Lu|Vessel of Ruin
|move|p1a: Ting-Lu|Stealth Rock|p2a: Ting-Lu
|-sidestart|p2: MagcargoXXX|move: Stealth Rock
|
|upkeep
|turn|10
|
|t:|1769365703
|switch|p1a: Weezing|Weezing-Galar, F|50/100
|-ability|p1a: Weezing|Neutralizing Gas
|move|p2a: Ting-Lu|Stealth Rock|p1a: Weezing
|-sidestart|p1: Kayzn|move: Stealth Rock
|
|upkeep
|turn|11
|
|t:|1769365711
|switch|p2a: Volcanion|Volcanion|36/100
|-damage|p2a: Volcanion|11/100|[from] Stealth Rock
|move|p1a: Weezing|Sludge Bomb|p2a: Volcanion
|-damage|p2a: Volcanion|0 fnt
|faint|p2a: Volcanion
|
|upkeep
|
|t:|1769365721
|switch|p2a: Gholdengo|Gholdengo|100/100
|-damage|p2a: Gholdengo|94/100|[from] Stealth Rock
|turn|12
|
|t:|1769365726
|-end|p1a: Weezing|ability: Neutralizing Gas
|switch|p1a: Ting-Lu|Ting-Lu|100/100
|-damage|p1a: Ting-Lu|94/100|[from] Stealth Rock
|-ability|p1a: Ting-Lu|Vessel of Ruin
|move|p2a: Gholdengo|Make It Rain|p1a: Ting-Lu
|-damage|p1a: Ting-Lu|73/100
|-unboost|p2a: Gholdengo|spa|1
|
|-heal|p1a: Ting-Lu|79/100|[from] item: Leftovers
|upkeep
|turn|13
|
|t:|1769365737
|switch|p2a: Dragonite|Dragonite, F|91/100
|move|p1a: Ting-Lu|Ruination|p2a: Dragonite
|-damage|p2a: Dragonite|46/100
|
|-heal|p1a: Ting-Lu|85/100|[from] item: Leftovers
|upkeep
|turn|14
|
|t:|1769365744
|switch|p1a: Weezing|Weezing-Galar, F|50/100
|-ability|p1a: Weezing|Neutralizing Gas
|move|p2a: Dragonite|Roost|p2a: Dragonite
|-heal|p2a: Dragonite|96/100
|-singleturn|p2a: Dragonite|move: Roost
|
|upkeep
|turn|15
|
|t:|1769365755
|switch|p2a: Deoxys|Deoxys-Speed|100/100
|-damage|p2a: Deoxys|88/100|[from] Stealth Rock
|move|p1a: Weezing|Pain Split|p2a: Deoxys
|-sethp|p2a: Deoxys|79/100|[from] move: Pain Split|[silent]
|-sethp|p1a: Weezing|57/100|[from] move: Pain Split
|
|upkeep
|turn|16
|
|t:|1769365769
|-end|p1a: Weezing|ability: Neutralizing Gas
|-ability|p2a: Deoxys|Pressure
|switch|p1a: Ting-Lu|Ting-Lu|85/100
|-damage|p1a: Ting-Lu|79/100|[from] Stealth Rock
|-ability|p1a: Ting-Lu|Vessel of Ruin
|move|p2a: Deoxys|Knock Off|p1a: Ting-Lu
|-resisted|p1a: Ting-Lu
|-damage|p1a: Ting-Lu|68/100
|-enditem|p1a: Ting-Lu|Leftovers|[from] move: Knock Off|[of] p2a: Deoxys
|-damage|p2a: Deoxys|69/100|[from] item: Life Orb
|
|upkeep
|turn|17
|
|t:|1769365779
|move|p2a: Deoxys|Superpower|p1a: Ting-Lu
|-supereffective|p1a: Ting-Lu
|-damage|p1a: Ting-Lu|13/100
|-unboost|p2a: Deoxys|atk|1
|-unboost|p2a: Deoxys|def|1
|-damage|p2a: Deoxys|59/100|[from] item: Life Orb
|move|p1a: Ting-Lu|Ruination|p2a: Deoxys
|-damage|p2a: Deoxys|30/100
|
|upkeep
|turn|18
|
|t:|1769365801
|move|p2a: Deoxys|Superpower|p1a: Ting-Lu
|-supereffective|p1a: Ting-Lu
|-damage|p1a: Ting-Lu|0 fnt
|-unboost|p2a: Deoxys|atk|1
|-unboost|p2a: Deoxys|def|1
|faint|p1a: Ting-Lu
|-damage|p2a: Deoxys|20/100|[from] item: Life Orb
|
|upkeep
|inactive|Kayzn has 270 seconds left.
|
|t:|1769365841
|switch|p1a: Ogerpon|Ogerpon, F|100/100
|-damage|p1a: Ogerpon|88/100|[from] Stealth Rock
|turn|19
|
|t:|1769365845
|-terastallize|p1a: Ogerpon|Grass
|detailschange|p1a: Ogerpon|Ogerpon-Teal-Tera, F, tera:Grass
|-ability|p1a: Ogerpon|Embody Aspect (Teal)|boost
|-boost|p1a: Ogerpon|spe|1
|move|p1a: Ogerpon|U-turn|p2a: Deoxys
|-supereffective|p2a: Deoxys
|-damage|p2a: Deoxys|0 fnt
|faint|p2a: Deoxys
|
|t:|1769365859
|switch|p1a: Zamazenta|Zamazenta|100/100|[from] U-turn
|-damage|p1a: Zamazenta|94/100|[from] Stealth Rock
|-ability|p1a: Zamazenta|Dauntless Shield|boost
|-boost|p1a: Zamazenta|def|1
|
|-heal|p1a: Zamazenta|100/100|[from] item: Leftovers
|upkeep
|
|t:|1769365873
|switch|p2a: Gholdengo|Gholdengo|94/100
|-damage|p2a: Gholdengo|88/100|[from] Stealth Rock
|turn|20
|
|t:|1769365876
|move|p1a: Zamazenta|Crunch|p2a: Gholdengo
|-supereffective|p2a: Gholdengo
|-damage|p2a: Gholdengo|60/100
|-unboost|p2a: Gholdengo|def|1
|move|p2a: Gholdengo|Thunder Wave|p1a: Zamazenta
|-status|p1a: Zamazenta|par
|
|upkeep
|turn|21
|inactive|Kayzn has 270 seconds left.
|
|t:|1769365891
|move|p2a: Gholdengo|Recover|p2a: Gholdengo
|-heal|p2a: Gholdengo|100/100
|cant|p1a: Zamazenta|par
|
|upkeep
|turn|22
|
|t:|1769365909
|move|p2a: Gholdengo|Hex|p1a: Zamazenta
|-damage|p1a: Zamazenta|51/100 par
|cant|p1a: Zamazenta|par
|
|-heal|p1a: Zamazenta|57/100 par|[from] item: Leftovers
|upkeep
|turn|23
|
|t:|1769365914
|move|p2a: Gholdengo|Hex|p1a: Zamazenta
|-damage|p1a: Zamazenta|8/100 par
|move|p1a: Zamazenta|Crunch|p2a: Gholdengo
|-supereffective|p2a: Gholdengo
|-damage|p2a: Gholdengo|53/100
|-unboost|p2a: Gholdengo|def|1
|
|-heal|p1a: Zamazenta|14/100 par|[from] item: Leftovers
|upkeep
|turn|24
|
|t:|1769365918
|move|p2a: Gholdengo|Hex|p1a: Zamazenta
|-damage|p1a: Zamazenta|0 fnt
|faint|p1a: Zamazenta
|
|upkeep
|
|t:|1769365932
|switch|p1a: Ogerpon|Ogerpon-Teal-Tera, F, tera:Grass|88/100
|-damage|p1a: Ogerpon|76/100|[from] Stealth Rock
|-ability|p1a: Ogerpon|Embody Aspect (Teal)|boost
|-boost|p1a: Ogerpon|spe|1
|turn|25
|
|t:|1769365936
|switch|p2a: Ting-Lu|Ting-Lu|100/100
|-damage|p2a: Ting-Lu|94/100|[from] Stealth Rock
|-ability|p2a: Ting-Lu|Vessel of Ruin
|move|p1a: Ogerpon|Ivy Cudgel|p2a: Ting-Lu
|-supereffective|p2a: Ting-Lu
|-damage|p2a: Ting-Lu|0 fnt
|faint|p2a: Ting-Lu
|
|upkeep
|
|t:|1769365940
|switch|p2a: Dragonite|Dragonite, F|96/100
|turn|26
|
|t:|1769365946
|switch|p1a: Weezing|Weezing-Galar, F|57/100
|-ability|p1a: Weezing|Neutralizing Gas
|move|p2a: Dragonite|Dragon Dance|p2a: Dragonite
|-boost|p2a: Dragonite|atk|1
|-boost|p2a: Dragonite|spe|1
|
|upkeep
|turn|27
|
|t:|1769365949
|move|p2a: Dragonite|Earthquake|p1a: Weezing
|-supereffective|p1a: Weezing
|-damage|p1a: Weezing|0 fnt
|faint|p1a: Weezing
|-end|p1a: Weezing|ability: Neutralizing Gas
|
|upkeep
|
|t:|1769365951
|switch|p1a: Pecharunt|Pecharunt|100/100
|turn|28
|
|t:|1769365954
|switch|p2a: Gholdengo|Gholdengo|53/100
|-damage|p2a: Gholdengo|47/100|[from] Stealth Rock
|move|p1a: Pecharunt|Malignant Chain|p2a: Gholdengo
|-immune|p2a: Gholdengo
|
|upkeep
|turn|29
|
|t:|1769365970
|move|p1a: Pecharunt|Shadow Ball|p2a: Gholdengo
|-supereffective|p2a: Gholdengo
|-damage|p2a: Gholdengo|0 fnt
|faint|p2a: Gholdengo
|
|upkeep
|
|t:|1769365973
|switch|p2a: Dragonite|Dragonite, F|96/100
|turn|30
|
|t:|1769365976
|move|p1a: Pecharunt|Malignant Chain|p2a: Dragonite
|-damage|p2a: Dragonite|63/100
|-status|p2a: Dragonite|tox
|-start|p2a: Dragonite|confusion|[from] ability: Poison Puppeteer|[of] p1a: Pecharunt
|-activate|p2a: Dragonite|confusion
|move|p2a: Dragonite|Dragon Dance|p2a: Dragonite
|-boost|p2a: Dragonite|atk|1
|-boost|p2a: Dragonite|spe|1
|
|-damage|p2a: Dragonite|57/100 tox|[from] psn
|upkeep
|turn|31
|
|t:|1769365986
|-activate|p2a: Dragonite|confusion
|move|p2a: Dragonite|Roost|p2a: Dragonite
|-heal|p2a: Dragonite|100/100 tox
|-singleturn|p2a: Dragonite|move: Roost
|move|p1a: Pecharunt|Recover||[still]
|-fail|p1a: Pecharunt|heal
|
|-damage|p2a: Dragonite|88/100 tox|[from] psn
|upkeep
|turn|32
|
|t:|1769365992
|switch|p1a: Ogerpon|Ogerpon-Teal-Tera, F, tera:Grass|76/100
|-damage|p1a: Ogerpon|64/100|[from] Stealth Rock
|-ability|p1a: Ogerpon|Embody Aspect (Teal)|boost
|-boost|p1a: Ogerpon|spe|1
|-end|p2a: Dragonite|confusion
|move|p2a: Dragonite|Earthquake|p1a: Ogerpon
|-resisted|p1a: Ogerpon
|-damage|p1a: Ogerpon|24/100
|
|-damage|p2a: Dragonite|70/100 tox|[from] psn
|upkeep
|turn|33
|
|t:|1769365998
|move|p2a: Dragonite|Extreme Speed|p1a: Ogerpon
|-damage|p1a: Ogerpon|0 fnt
|faint|p1a: Ogerpon
|detailschange|p1: Ogerpon|Ogerpon, F|[silent]
|
|-damage|p2a: Dragonite|46/100 tox|[from] psn
|upkeep
|
|t:|1769366000
|switch|p1a: Pecharunt|Pecharunt|100/100
|turn|34
|
|t:|1769366008
|move|p2a: Dragonite|Earthquake|p1a: Pecharunt
|-supereffective|p1a: Pecharunt
|-damage|p1a: Pecharunt|23/100
|move|p1a: Pecharunt|Recover|p1a: Pecharunt
|-heal|p1a: Pecharunt|73/100
|
|-damage|p2a: Dragonite|16/100 tox|[from] psn
|upkeep
|turn|35
|
|t:|1769366013
|move|p2a: Dragonite|Earthquake|p1a: Pecharunt
|-supereffective|p1a: Pecharunt
|-damage|p1a: Pecharunt|0 fnt
|faint|p1a: Pecharunt
|
|win|MagcargoXXX
