|j|☆ghvyb
|j|☆distantmonk
|t:|1769411292
|gametype|singles
|player|p1|ghvyb|proton|1097
|player|p2|distantmonk|li|1080
|gen|9
|tier|[Gen 9] OU
|rated|
|rule|HP Percentage Mod: HP is shown in percentages
|rule|Endless Battle Clause: Forcing endless battles is banned
|rule|Species Clause: Limit one of each Pokémon
|rule|OHKO Clause: OHKO moves are banned
|rule|Evasion Items Clause: Evasion items are banned
|rule|Evasion Moves Clause: Evasion moves are banned
|rule|Evasion Abilities Clause: Evasion abilities are banned
|rule|Sleep Moves Clause: Sleep-inducing moves are banned
|clearpoke
|poke|p1|Scyther, M|
|poke|p1|Flygon, F|
|poke|p1|Cramorant, F|
|poke|p1|Espeon, F|
|poke|p1|Staraptor, F|
|poke|p1|Golem-Alola, M|
|poke|p2|Iron Moth|
|poke|p2|Ceruledge, F|
|poke|p2|Great Tusk|
|poke|p2|Torkoal, F|
|poke|p2|Venusaur, M|
|poke|p2|Walking Wake|
|teampreview
|inactive|Battle timer is ON: inactive players will automatically lose when time's up. (requested by distantmonk)
|
|t:|1769411303
|teamsize|p1|6
|teamsize|p2|6
|start
|switch|p1a: Golem|Golem-Alola, M|100/100
|switch|p2a: Iron Moth|Iron Moth|100/100
|turn|1
|
|t:|1769411310
|move|p2a: Iron Moth|U-turn|p1a: Golem
|-damage|p1a: Golem|90/100
|-damage|p2a: Iron Moth|91/100|[from] item: Life Orb
|
|t:|1769411315
|-end|p2a: Iron Moth|Quark Drive|[silent]
|switch|p2a: Torkoal|Torkoal, F|100/100|[from] U-turn
|-weather|SunnyDay|[from] ability: Drought|[of] p2a: Torkoal
|move|p1a: Golem|Stealth Rock|p2a: Torkoal
|-sidestart|p2: distantmonk|move: Stealth Rock
|
|-weather|SunnyDay|[upkeep]
|upkeep
|turn|2
|
|t:|1769411324
|move|p1a: Golem|Explosion|p2a: Torkoal
|-damage|p2a: Torkoal|50/100
|faint|p1a: Golem
|move|p2a: Torkoal|Will-O-Wisp|p1: Golem|[notarget]
|-fail|p2a: Torkoal
|
|-weather|SunnyDay|[upkeep]
|upkeep
|
|t:|1769411336
|switch|p1a: Espeon|Espeon, F|100/100
|turn|3
|
|t:|1769411340
|move|p1a: Espeon|Psychic|p2a: Torkoal
|-damage|p2a: Torkoal|0 fnt
|faint|p2a: Torkoal
|
|-weather|SunnyDay|[upkeep]
|upkeep
|
|t:|1769411346
|switch|p2a: Iron Moth|Iron Moth|91/100
|-damage|p2a: Iron Moth|66/100|[from] Stealth Rock
|turn|4
|
|t:|1769411357
|-terastallize|p2a: Iron Moth|Fire
|move|p1a: Espeon|Psychic|p2a: Iron Moth
|-damage|p2a: Iron Moth|15/100
|move|p2a: Iron Moth|Fiery Dance|p1a: Espeon
|-damage|p1a: Espeon|0 fnt
|faint|p1a: Espeon
|-damage|p2a: Iron Moth|5/100|[from] item: Life Orb
|
|-weather|SunnyDay|[upkeep]
|upkeep
|
|t:|1769411372
|switch|p1a: Flygon|Flygon, F|100/100
|turn|5
|
|t:|1769411383
|move|p2a: Iron Moth|Fiery Dance|p1a: Flygon
|-resisted|p1a: Flygon
|-damage|p1a: Flygon|25/100
|-boost|p2a: Iron Moth|spa|1
|-damage|p2a: Iron Moth|0 fnt|[from] item: Life Orb
|faint|p2a: Iron Moth
|-end|p2a: Iron Moth|Quark Drive|[silent]
|move|p1a: Flygon|Dragon Dance|p1a: Flygon
|-boost|p1a: Flygon|atk|1
|-boost|p1a: Flygon|spe|1
|
|-weather|SunnyDay|[upkeep]
|upkeep
|
|t:|1769411388
|switch|p2a: Great Tusk|Great Tusk|100/100
|-damage|p2a: Great Tusk|98/100|[from] Stealth Rock
|-activate|p2a: Great Tusk|ability: Protosynthesis
|-start|p2a: Great Tusk|protosynthesisatk
|turn|6
|
|t:|1769411395
|move|p1a: Flygon|Earthquake|p2a: Great Tusk
|-damage|p2a: Great Tusk|25/100
|-damage|p1a: Flygon|15/100|[from] item: Life Orb
|move|p2a: Great Tusk|Rapid Spin|p1a: Flygon
|-damage|p1a: Flygon|0 fnt
|-boost|p2a: Great Tusk|spe|1
|-sideend|p2: distantmonk|Stealth Rock|[from] move: Rapid Spin|[of] p2a: Great Tusk
|faint|p1a: Flygon
|
|-weather|SunnyDay|[upkeep]
|upkeep
|
|t:|1769411401
|switch|p1a: Scyther|Scyther, M|100/100
|turn|7
|
|t:|1769411404
|move|p2a: Great Tusk|Stealth Rock|p1a: Scyther
|-sidestart|p1: ghvyb|move: Stealth Rock
|move|p1a: Scyther|Trailblaze|p2a: Great Tusk
|-supereffective|p2a: Great Tusk
|-damage|p2a: Great Tusk|0 fnt
|-boost|p1a: Scyther|spe|1
|-damage|p1a: Scyther|84/100|[from] item: Rocky Helmet|[of] p2a: Great Tusk
|faint|p2a: Great Tusk
|-end|p2a: Great Tusk|Protosynthesis|[silent]
|
|-weather|SunnyDay|[upkeep]
|upkeep
|
|t:|1769411411
|switch|p2a: Walking Wake|Walking Wake|100/100
|-activate|p2a: Walking Wake|ability: Protosynthesis
|-start|p2a: Walking Wake|protosynthesisspe
|turn|8
|
|t:|1769411427
|move|p2a: Walking Wake|Dragon Pulse|p1a: Scyther
|-damage|p1a: Scyther|0 fnt
|faint|p1a: Scyther
|
|-weather|none
|-end|p2a: Walking Wake|Protosynthesis
|upkeep
|-message|ghvyb forfeited.
|
|win|distantmonk
|raw|ghvyb's rating: 1097 &rarr; <strong>1071</strong><br />(-26 for losing)
|raw|distantmonk's rating: 1080 &rarr; <strong>1109</strong><br />(+29 for winning)
|l|☆ghvyb
|player|p1|
|l|☆distantmonk
|player|p2|
