|j|☆javalanche
|j|☆sunwinged
|t:|1769405745
|gametype|singles
|player|p1|javalanche|swimmerf|1225
|player|p2|sunwinged|shadowtriad|1252
|gen|9
|tier|[Gen 9] OU
|rated|
|rule|HP Percentage Mod: HP is shown in percentages
|rule|Endless Battle Clause: Forcing endless battles is banned
|rule|Species Clause: Limit one of each Pokémon
|rule|OHKO Clause: OHKO moves are banned
|rule|Evasion Items Clause: Evasion items are banned
|rule|Evasion Moves Clause: Evasion moves are banned
|rule|Evasion Abilities Clause: Evasion abilities are banned
|rule|Sleep Moves Clause: Sleep-inducing moves are banned
|clearpoke
|poke|p1|Alomomola, M|
|poke|p1|Clefable, F|
|poke|p1|Garganacl, F|
|poke|p1|Gholdengo|
|poke|p1|Tornadus-Therian, M|
|poke|p1|Ting-Lu|
|poke|p2|Jolteon, M|
|poke|p2|Slowking-Galar, F|
|poke|p2|Great Tusk|
|poke|p2|Moltres|
|poke|p2|Kingambit, F|
|poke|p2|Hydrapple, M|
|teampreview
|inactive|Battle timer is ON: inactive players will automatically lose when time's up. (requested by javalanche)
|
|t:|1769405772
|teamsize|p1|6
|teamsize|p2|6
|start
|switch|p1a: Clefable|Clefable, F|100/100
|switch|p2a: Jolteon|Jolteon, M|100/100
|turn|1
|
|t:|1769405780
|move|p2a: Jolteon|Calm Mind|p2a: Jolteon
|-boost|p2a: Jolteon|spa|1
|-boost|p2a: Jolteon|spd|1
|move|p1a: Clefable|Knock Off|p2a: Jolteon
|-damage|p2a: Jolteon|71/100
|-enditem|p2a: Jolteon|Heavy-Duty Boots|[from] move: Knock Off|[of] p1a: Clefable
|
|upkeep
|turn|2
|
|t:|1769405789
|switch|p1a: Ting-Lu|Ting-Lu|100/100
|-ability|p1a: Ting-Lu|Vessel of Ruin
|move|p2a: Jolteon|Calm Mind|p2a: Jolteon
|-boost|p2a: Jolteon|spa|1
|-boost|p2a: Jolteon|spd|1
|
|upkeep
|turn|3
|
|t:|1769405799
|-terastallize|p2a: Jolteon|Fairy
|move|p2a: Jolteon|Alluring Voice|p1a: Ting-Lu
|-supereffective|p1a: Ting-Lu
|-damage|p1a: Ting-Lu|29/100
|move|p1a: Ting-Lu|Whirlwind|p2a: Jolteon
|drag|p2a: Hydrapple|Hydrapple, M|100/100
|
|-heal|p1a: Ting-Lu|36/100|[from] item: Leftovers
|upkeep
|turn|4
|
|t:|1769405814
|switch|p1a: Tornadus|Tornadus-Therian, M|100/100
|move|p2a: Hydrapple|Giga Drain|p1a: Tornadus
|-resisted|p1a: Tornadus
|-crit|p1a: Tornadus
|-damage|p1a: Tornadus|74/100
|
|upkeep
|turn|5
|
|t:|1769405824
|move|p1a: Tornadus|Hurricane|p2a: Hydrapple
|-supereffective|p2a: Hydrapple
|-damage|p2a: Hydrapple|9/100
|move|p2a: Hydrapple|Fickle Beam|p1a: Tornadus
|-damage|p1a: Tornadus|36/100
|
|upkeep
|turn|6
|
|t:|1769405828
|switch|p2a: Jolteon|Jolteon, M, tera:Fairy|71/100
|move|p1a: Tornadus|U-turn|p2a: Jolteon
|-resisted|p2a: Jolteon
|-damage|p2a: Jolteon|55/100
|
|t:|1769405842
|switch|p1a: Gholdengo|Gholdengo|100/100|[from] U-turn
|
|upkeep
|turn|7
|
|t:|1769405856
|move|p1a: Gholdengo|Make It Rain|p2a: Jolteon
|-supereffective|p2a: Jolteon
|-damage|p2a: Jolteon|0 fnt
|-unboost|p1a: Gholdengo|spa|1
|faint|p2a: Jolteon
|
|upkeep
|
|t:|1769405862
|switch|p2a: Kingambit|Kingambit, F|100/100
|-activate|p2a: Kingambit|ability: Supreme Overlord
|-start|p2a: Kingambit|fallen1|[silent]
|turn|8
|
|t:|1769405873
|switch|p1a: Ting-Lu|Ting-Lu|36/100
|-ability|p1a: Ting-Lu|Vessel of Ruin
|move|p2a: Kingambit|Swords Dance|p2a: Kingambit
|-boost|p2a: Kingambit|atk|2
|
|-heal|p1a: Ting-Lu|42/100|[from] item: Leftovers
|upkeep
|turn|9
|
|t:|1769405877
|move|p2a: Kingambit|Iron Head|p1a: Ting-Lu
|-damage|p1a: Ting-Lu|0 fnt
|faint|p1a: Ting-Lu
|
|upkeep
|
|t:|1769405881
|switch|p1a: Garganacl|Garganacl, F|100/100
|turn|10
|
|t:|1769405885
|move|p2a: Kingambit|Iron Head|p1a: Garganacl
|-supereffective|p1a: Garganacl
|-damage|p1a: Garganacl|0 fnt
|faint|p1a: Garganacl
|
|upkeep
|
|t:|1769405896
|switch|p1a: Alomomola|Alomomola, M|100/100
|turn|11
|
|t:|1769405905
|move|p2a: Kingambit|Swords Dance|p2a: Kingambit
|-boost|p2a: Kingambit|atk|2
|move|p1a: Alomomola|Surf|p2a: Kingambit
|-damage|p2a: Kingambit|82/100
|
|-heal|p2a: Kingambit|88/100|[from] item: Leftovers
|upkeep
|turn|12
|
|t:|1769405915
|move|p2a: Kingambit|Swords Dance|p2a: Kingambit
|-boost|p2a: Kingambit|atk|2
|move|p1a: Alomomola|Wish|p1a: Alomomola
|
|-heal|p2a: Kingambit|94/100|[from] item: Leftovers
|upkeep
|turn|13
|
|t:|1769405923
|move|p2a: Kingambit|Kowtow Cleave|p1a: Alomomola
|-damage|p1a: Alomomola|0 fnt
|faint|p1a: Alomomola
|
|-heal|p2a: Kingambit|99/100|[from] item: Leftovers
|upkeep
|
|t:|1769405940
|switch|p1a: Tornadus|Tornadus-Therian, M|69/100
|turn|14
|
|t:|1769405943
|-terastallize|p1a: Tornadus|Fire
|move|p2a: Kingambit|Sucker Punch|p1a: Tornadus
|-damage|p1a: Tornadus|0 fnt
|faint|p1a: Tornadus
|
|-heal|p2a: Kingambit|100/100|[from] item: Leftovers
|upkeep
|-message|javalanche forfeited.
|
|win|sunwinged
|raw|javalanche's rating: 1225 &rarr; <strong>1202</strong><br />(-23 for losing)
|raw|sunwinged's rating: 1252 &rarr; <strong>1275</strong><br />(+23 for winning)
|l|☆javalanche
|player|p1|
|l|☆sunwinged
|player|p2|
