|j|☆dotchyisapdf
|j|☆cospway
|t:|1769366300
|gametype|singles
|player|p1|dotchyisapdf|266|1538
|player|p2|cospway|iris-gen5bw2|1504
|gen|9
|tier|[Gen 9] OU
|rated|
|rule|HP Percentage Mod: HP is shown in percentages
|rule|Endless Battle Clause: Forcing endless battles is banned
|rule|Species Clause: Limit one of each Pokémon
|rule|OHKO Clause: OHKO moves are banned
|rule|Evasion Items Clause: Evasion items are banned
|rule|Evasion Moves Clause: Evasion moves are banned
|rule|Evasion Abilities Clause: Evasion abilities are banned
|rule|Sleep Moves Clause: Sleep-inducing moves are banned
|clearpoke
|poke|p1|Pelipper, M|
|poke|p1|Barraskewda, F|
|poke|p1|Ogerpon-Wellspring, F|
|poke|p1|Glimmora, M|
|poke|p1|Zapdos|
|poke|p1|Scizor, M|
|poke|p2|Cresselia, F|
|poke|p2|Mew|
|poke|p2|Kingambit, F|
|poke|p2|Gholdengo|
|poke|p2|Azumarill, M|
|poke|p2|Hoopa-Unbound|
|teampreview
|inactive|Battle timer is ON: inactive players will automatically lose when time's up. (requested by cospway)
|
|t:|1769366316
|teamsize|p1|6
|teamsize|p2|6
|start
|switch|p1a: Pelipper|Pelipper, M|100/100
|switch|p2a: Mew|Mew|100/100
|-weather|RainDance|[from] ability: Drizzle|[of] p1a: Pelipper
|turn|1
|
|t:|1769366325
|move|p2a: Mew|Stealth Rock|p1a: Pelipper
|-sidestart|p1: dotchyisapdf|move: Stealth Rock
|move|p1a: Pelipper|Weather Ball|p2a: Mew
|-damage|p2a: Mew|28/100
|
|-weather|RainDance|[upkeep]
|upkeep
|turn|2
|
|t:|1769366338
|move|p1a: Pelipper|Weather Ball|p2a: Mew
|-damage|p2a: Mew|0 fnt
|faint|p2a: Mew
|
|-weather|RainDance|[upkeep]
|upkeep
|
|t:|1769366349
|switch|p2a: Azumarill|Azumarill, M|100/100
|turn|3
|
|t:|1769366357
|switch|p1a: Zapdos|Zapdos|100/100
|-damage|p1a: Zapdos|76/100|[from] Stealth Rock
|move|p2a: Azumarill|Liquidation|p1a: Zapdos
|-damage|p1a: Zapdos|0 fnt
|faint|p1a: Zapdos
|
|-weather|RainDance|[upkeep]
|upkeep
|
|t:|1769366363
|switch|p1a: Ogerpon|Ogerpon-Wellspring, F|100/100
|-damage|p1a: Ogerpon|88/100|[from] Stealth Rock
|turn|4
|
|t:|1769366373
|switch|p2a: Cresselia|Cresselia, F|100/100
|move|p1a: Ogerpon|Swords Dance|p1a: Ogerpon
|-boost|p1a: Ogerpon|atk|2
|
|-weather|RainDance|[upkeep]
|upkeep
|turn|5
|
|t:|1769366383
|move|p1a: Ogerpon|Ivy Cudgel|p2a: Cresselia|[anim] Ivy Cudgel Water
|-damage|p2a: Cresselia|4/100
|move|p2a: Cresselia|Trick Room|p2a: Cresselia
|-fieldstart|move: Trick Room|[of] p2a: Cresselia
|
|-weather|none
|upkeep
|turn|6
|
|t:|1769366391
|move|p2a: Cresselia|Lunar Dance|p2a: Cresselia
|faint|p2a: Cresselia
|move|p1a: Ogerpon|Encore|p2: Cresselia|[notarget]
|-fail|p1a: Ogerpon
|
|upkeep
|
|t:|1769366412
|switch|p2a: Azumarill|Azumarill, M|100/100
|-heal|p2a: Azumarill|100/100|[from] move: Lunar Dance
|turn|7
|
|t:|1769366419
|move|p2a: Azumarill|Play Rough|p1a: Ogerpon
|-damage|p1a: Ogerpon|0 fnt
|faint|p1a: Ogerpon
|
|upkeep
|
|t:|1769366428
|switch|p1a: Scizor|Scizor, M|100/100
|-damage|p1a: Scizor|88/100|[from] Stealth Rock
|turn|8
|
|t:|1769366433
|switch|p2a: Kingambit|Kingambit, F|100/100
|-activate|p2a: Kingambit|ability: Supreme Overlord
|-start|p2a: Kingambit|fallen2|[silent]
|move|p1a: Scizor|Swords Dance|p1a: Scizor
|-boost|p1a: Scizor|atk|2
|
|-heal|p1a: Scizor|94/100|[from] item: Leftovers
|upkeep
|turn|9
|
|t:|1769366444
|move|p2a: Kingambit|Kowtow Cleave|p1a: Scizor
|-damage|p1a: Scizor|35/100
|move|p1a: Scizor|Close Combat|p2a: Kingambit
|-supereffective|p2a: Kingambit
|-damage|p2a: Kingambit|0 fnt
|-unboost|p1a: Scizor|def|1
|-unboost|p1a: Scizor|spd|1
|faint|p2a: Kingambit
|-end|p2a: Kingambit|fallen2|[silent]
|
|-heal|p1a: Scizor|41/100|[from] item: Leftovers
|-fieldend|move: Trick Room
|upkeep
|
|t:|1769366454
|switch|p2a: Azumarill|Azumarill, M|100/100
|turn|10
|
|t:|1769366458
|move|p1a: Scizor|Bullet Punch|p2a: Azumarill
|-damage|p2a: Azumarill|31/100
|move|p2a: Azumarill|Aqua Jet|p1a: Scizor
|-damage|p1a: Scizor|0 fnt
|faint|p1a: Scizor
|
|upkeep
|
|t:|1769366463
|switch|p1a: Pelipper|Pelipper, M|100/100
|-damage|p1a: Pelipper|75/100|[from] Stealth Rock
|-weather|RainDance|[from] ability: Drizzle|[of] p1a: Pelipper
|turn|11
|
|t:|1769366472
|move|p2a: Azumarill|Aqua Jet|p1a: Pelipper
|-resisted|p1a: Pelipper
|-damage|p1a: Pelipper|39/100
|move|p1a: Pelipper|Weather Ball|p2a: Azumarill
|-resisted|p2a: Azumarill
|-damage|p2a: Azumarill|0 fnt
|faint|p2a: Azumarill
|
|-weather|RainDance|[upkeep]
|upkeep
|
|t:|1769366480
|switch|p2a: Hoopa|Hoopa-Unbound|100/100
|turn|12
|
|t:|1769366484
|move|p1a: Pelipper|Weather Ball|p2a: Hoopa
|-damage|p2a: Hoopa|29/100
|move|p2a: Hoopa|Trick Room|p2a: Hoopa
|-fieldstart|move: Trick Room|[of] p2a: Hoopa
|-enditem|p2a: Hoopa|Room Service
|-unboost|p2a: Hoopa|spe|1|[from] item: Room Service
|
|-weather|RainDance|[upkeep]
|upkeep
|turn|13
|
|t:|1769366492
|move|p2a: Hoopa|Hyperspace Fury|p1a: Pelipper
|-damage|p1a: Pelipper|0 fnt
|-unboost|p2a: Hoopa|def|1
|faint|p1a: Pelipper
|-item|p2a: Hoopa|Choice Specs|[from] ability: Magician|[of] p1: Pelipper
|
|-weather|RainDance|[upkeep]
|upkeep
|
|t:|1769366495
|switch|p1a: Glimmora|Glimmora, M|100/100
|-damage|p1a: Glimmora|88/100|[from] Stealth Rock
|turn|14
|
|t:|1769366504
|move|p2a: Hoopa|Drain Punch|p1a: Glimmora
|-damage|p1a: Glimmora|48/100
|-heal|p2a: Hoopa|46/100|[from] drain|[of] p1a: Glimmora
|-activate|p1a: Glimmora|ability: Toxic Debris
|-sidestart|p2: cospway|move: Toxic Spikes
|move|p1a: Glimmora|Meteor Beam||[still]
|-prepare|p1a: Glimmora|Meteor Beam
|-boost|p1a: Glimmora|spa|1
|-enditem|p1a: Glimmora|Power Herb
|-anim|p1a: Glimmora|Meteor Beam|p2a: Hoopa
|-damage|p2a: Hoopa|0 fnt
|faint|p2a: Hoopa
|
|-weather|RainDance|[upkeep]
|upkeep
|
|t:|1769366516
|switch|p2a: Gholdengo|Gholdengo|100/100
|turn|15
|
|t:|1769366527
|move|p2a: Gholdengo|Shadow Ball|p1a: Glimmora
|-damage|p1a: Glimmora|0 fnt
|faint|p1a: Glimmora
|
|-weather|none
|upkeep
|
|t:|1769366530
|switch|p1a: Barraskewda|Barraskewda, F|100/100
|-damage|p1a: Barraskewda|88/100|[from] Stealth Rock
|turn|16
|
|t:|1769366535
|-terastallize|p1a: Barraskewda|Water
|move|p2a: Gholdengo|Shadow Ball|p1a: Barraskewda
|-damage|p1a: Barraskewda|0 fnt
|faint|p1a: Barraskewda
|
|win|cospway
|raw|dotchyisapdf's rating: 1538 &rarr; <strong>1516</strong><br />(-22 for losing)
|raw|cospway's rating: 1504 &rarr; <strong>1526</strong><br />(+22 for winning)
|l|☆dotchyisapdf
|player|p1|
|l|☆cospway
|player|p2|
