|j|☆pikern
|j|☆Sgntkeroro
|t:|1769352997
|gametype|singles
|player|p1|pikern|cynthia-gen7|1288
|player|p2|Sgntkeroro|clown|1295
|gen|9
|tier|[Gen 9] OU
|rated|
|rule|HP Percentage Mod: HP is shown in percentages
|rule|Endless Battle Clause: Forcing endless battles is banned
|rule|Species Clause: Limit one of each Pokémon
|rule|OHKO Clause: OHKO moves are banned
|rule|Evasion Items Clause: Evasion items are banned
|rule|Evasion Moves Clause: Evasion moves are banned
|rule|Evasion Abilities Clause: Evasion abilities are banned
|rule|Sleep Moves Clause: Sleep-inducing moves are banned
|clearpoke
|poke|p1|Entei|
|poke|p1|Kingambit, F|
|poke|p1|Landorus-Therian, M|
|poke|p1|Incineroar, F|
|poke|p1|Zamazenta-*|
|poke|p1|Sandy Shocks|
|poke|p2|Gholdengo|
|poke|p2|Great Tusk|
|poke|p2|Dragapult, F|
|poke|p2|Iron Moth|
|poke|p2|Corviknight, M|
|poke|p2|Kingambit, M|
|teampreview
|inactive|Battle timer is ON: inactive players will automatically lose when time's up. (requested by pikern)
|
|t:|1769353002
|teamsize|p1|6
|teamsize|p2|6
|start
|switch|p1a: Sandy Shocks|Sandy Shocks|100/100
|switch|p2a: Great Tusk|Great Tusk|100/100
|-enditem|p1a: Sandy Shocks|Booster Energy
|-activate|p1a: Sandy Shocks|ability: Protosynthesis|[fromitem]
|-start|p1a: Sandy Shocks|protosynthesisspe
|turn|1
|
|t:|1769353023
|move|p1a: Sandy Shocks|Stealth Rock|p2a: Great Tusk
|-sidestart|p2: Sgntkeroro|move: Stealth Rock
|move|p2a: Great Tusk|Earthquake|p1a: Sandy Shocks
|-supereffective|p1a: Sandy Shocks
|-damage|p1a: Sandy Shocks|2/100
|
|upkeep
|turn|2
|
|t:|1769353030
|move|p1a: Sandy Shocks|Earth Power|p2a: Great Tusk
|-damage|p2a: Great Tusk|45/100
|move|p2a: Great Tusk|Rapid Spin|p1a: Sandy Shocks
|-damage|p1a: Sandy Shocks|0 fnt
|-boost|p2a: Great Tusk|spe|1
|-sideend|p2: Sgntkeroro|Stealth Rock|[from] move: Rapid Spin|[of] p2a: Great Tusk
|faint|p1a: Sandy Shocks
|-end|p1a: Sandy Shocks|Protosynthesis|[silent]
|
|-heal|p2a: Great Tusk|51/100|[from] item: Leftovers
|upkeep
|
|t:|1769353038
|switch|p1a: Landorus|Landorus-Therian, M|100/100
|-ability|p1a: Landorus|Intimidate|boost
|-unboost|p2a: Great Tusk|atk|1
|turn|3
|
|t:|1769353045
|switch|p1a: Incineroar|Incineroar, F|100/100
|-ability|p1a: Incineroar|Intimidate|boost
|-unboost|p2a: Great Tusk|atk|1
|move|p2a: Great Tusk|Stealth Rock|p1a: Incineroar
|-sidestart|p1: pikern|move: Stealth Rock
|
|-heal|p2a: Great Tusk|57/100|[from] item: Leftovers
|upkeep
|turn|4
|
|t:|1769353056
|move|p2a: Great Tusk|Knock Off|p1a: Incineroar
|-resisted|p1a: Incineroar
|-damage|p1a: Incineroar|94/100
|-enditem|p1a: Incineroar|Assault Vest|[from] move: Knock Off|[of] p2a: Great Tusk
|move|p1a: Incineroar|U-turn|p2a: Great Tusk
|-resisted|p2a: Great Tusk
|-damage|p2a: Great Tusk|53/100
|
|t:|1769353059
|switch|p1a: Landorus|Landorus-Therian, M|100/100|[from] U-turn
|-damage|p1a: Landorus|88/100|[from] Stealth Rock
|-ability|p1a: Landorus|Intimidate|boost
|-unboost|p2a: Great Tusk|atk|1
|
|-heal|p2a: Great Tusk|59/100|[from] item: Leftovers
|upkeep
|turn|5
|
|t:|1769353070
|move|p2a: Great Tusk|Knock Off|p1a: Landorus
|-damage|p1a: Landorus|75/100
|-damage|p2a: Great Tusk|43/100|[from] item: Rocky Helmet|[of] p1a: Landorus
|-enditem|p1a: Landorus|Rocky Helmet|[from] move: Knock Off|[of] p2a: Great Tusk
|move|p1a: Landorus|Stealth Rock|p2a: Great Tusk
|-sidestart|p2: Sgntkeroro|move: Stealth Rock
|
|-heal|p2a: Great Tusk|49/100|[from] item: Leftovers
|upkeep
|turn|6
|
|t:|1769353094
|-end|p2a: Great Tusk|Protosynthesis|[silent]
|switch|p2a: Corviknight|Corviknight, M|100/100
|-damage|p2a: Corviknight|88/100|[from] Stealth Rock
|-ability|p2a: Corviknight|Pressure
|move|p1a: Landorus|U-turn|p2a: Corviknight
|-resisted|p2a: Corviknight
|-damage|p2a: Corviknight|84/100
|-damage|p1a: Landorus|59/100|[from] item: Rocky Helmet|[of] p2a: Corviknight
|
|t:|1769353101
|switch|p1a: Entei|Entei|100/100|[from] U-turn
|-damage|p1a: Entei|76/100|[from] Stealth Rock
|
|-heal|p1a: Entei|82/100|[from] item: Leftovers
|upkeep
|turn|7
|
|t:|1769353113
|switch|p2a: Great Tusk|Great Tusk|49/100
|-damage|p2a: Great Tusk|46/100|[from] Stealth Rock
|move|p1a: Entei|Sacred Fire|p2a: Great Tusk
|-damage|p2a: Great Tusk|19/100
|
|-heal|p1a: Entei|88/100|[from] item: Leftovers
|-heal|p2a: Great Tusk|25/100|[from] item: Leftovers
|upkeep
|turn|8
|
|t:|1769353132
|move|p1a: Entei|Sacred Fire|p2a: Great Tusk
|-damage|p2a: Great Tusk|2/100
|-status|p2a: Great Tusk|brn
|move|p2a: Great Tusk|Rapid Spin|p1a: Entei
|-damage|p1a: Entei|82/100
|-boost|p2a: Great Tusk|spe|1
|-sideend|p2: Sgntkeroro|Stealth Rock|[from] move: Rapid Spin|[of] p2a: Great Tusk
|
|-heal|p2a: Great Tusk|8/100 brn|[from] item: Leftovers
|-heal|p1a: Entei|88/100|[from] item: Leftovers
|-damage|p2a: Great Tusk|2/100 brn|[from] brn
|upkeep
|turn|9
|
|t:|1769353144
|move|p2a: Great Tusk|Knock Off|p1a: Entei
|-crit|p1a: Entei
|-damage|p1a: Entei|67/100
|-enditem|p1a: Entei|Leftovers|[from] move: Knock Off|[of] p2a: Great Tusk
|move|p1a: Entei|Sacred Fire|p2a: Great Tusk
|-damage|p2a: Great Tusk|0 fnt
|faint|p2a: Great Tusk
|-end|p2a: Great Tusk|Protosynthesis|[silent]
|
|upkeep
|
|t:|1769353161
|switch|p2a: Dragapult|Dragapult, F|100/100
|turn|10
|
|t:|1769353168
|move|p2a: Dragapult|Draco Meteor|p1a: Entei
|-damage|p1a: Entei|0 fnt
|-unboost|p2a: Dragapult|spa|2
|faint|p1a: Entei
|
|upkeep
|
|t:|1769353174
|switch|p1a: Zamazenta|Zamazenta|100/100
|-damage|p1a: Zamazenta|94/100|[from] Stealth Rock
|-ability|p1a: Zamazenta|Dauntless Shield|boost
|-boost|p1a: Zamazenta|def|1
|turn|11
|
|t:|1769353186
|move|p2a: Dragapult|Draco Meteor|p1a: Zamazenta
|-damage|p1a: Zamazenta|64/100
|-unboost|p2a: Dragapult|spa|2
|move|p1a: Zamazenta|Iron Defense|p1a: Zamazenta
|-boost|p1a: Zamazenta|def|2
|
|-heal|p1a: Zamazenta|70/100|[from] item: Leftovers
|upkeep
|turn|12
|inactive|Sgntkeroro has 120 seconds left.
|
|t:|1769353215
|switch|p2a: Gholdengo|Gholdengo|100/100
|move|p1a: Zamazenta|Iron Defense|p1a: Zamazenta
|-boost|p1a: Zamazenta|def|2
|
|-heal|p1a: Zamazenta|76/100|[from] item: Leftovers
|upkeep
|turn|13
|inactive|Sgntkeroro has 120 seconds left.
|
|t:|1769353246
|-terastallize|p1a: Zamazenta|Fire
|move|p1a: Zamazenta|Crunch|p2a: Gholdengo
|-supereffective|p2a: Gholdengo
|-damage|p2a: Gholdengo|63/100
|move|p2a: Gholdengo|Shadow Ball|p1a: Zamazenta
|-damage|p1a: Zamazenta|39/100
|
|-heal|p1a: Zamazenta|45/100|[from] item: Leftovers
|-heal|p2a: Gholdengo|70/100|[from] item: Leftovers
|upkeep
|turn|14
|
|t:|1769353258
|move|p1a: Zamazenta|Crunch|p2a: Gholdengo
|-supereffective|p2a: Gholdengo
|-damage|p2a: Gholdengo|27/100
|move|p2a: Gholdengo|Shadow Ball|p1a: Zamazenta
|-damage|p1a: Zamazenta|10/100
|
|-heal|p1a: Zamazenta|16/100|[from] item: Leftovers
|-heal|p2a: Gholdengo|33/100|[from] item: Leftovers
|upkeep
|turn|15
|
|t:|1769353268
|move|p1a: Zamazenta|Crunch|p2a: Gholdengo
|-supereffective|p2a: Gholdengo
|-damage|p2a: Gholdengo|0 fnt
|faint|p2a: Gholdengo
|
|-heal|p1a: Zamazenta|22/100|[from] item: Leftovers
|upkeep
|
|t:|1769353276
|switch|p2a: Dragapult|Dragapult, F|100/100
|turn|16
|
|t:|1769353281
|move|p2a: Dragapult|Shadow Ball|p1a: Zamazenta
|-damage|p1a: Zamazenta|0 fnt
|faint|p1a: Zamazenta
|
|upkeep
|
|t:|1769353285
|switch|p1a: Incineroar|Incineroar, F|94/100
|-damage|p1a: Incineroar|69/100|[from] Stealth Rock
|-ability|p1a: Incineroar|Intimidate|boost
|-unboost|p2a: Dragapult|atk|1
|turn|17
|inactive|Sgntkeroro has 120 seconds left.
|
|t:|1769353301
|switch|p2a: Corviknight|Corviknight, M|84/100
|-ability|p2a: Corviknight|Pressure
|move|p1a: Incineroar|U-turn|p2a: Corviknight
|-resisted|p2a: Corviknight
|-damage|p2a: Corviknight|82/100
|-damage|p1a: Incineroar|53/100|[from] item: Rocky Helmet|[of] p2a: Corviknight
|
|t:|1769353305
|switch|p1a: Kingambit|Kingambit, F|100/100|[from] U-turn
|-damage|p1a: Kingambit|94/100|[from] Stealth Rock
|-activate|p1a: Kingambit|ability: Supreme Overlord
|-start|p1a: Kingambit|fallen3|[silent]
|
|-heal|p1a: Kingambit|100/100|[from] item: Leftovers
|upkeep
|turn|18
|inactive|Sgntkeroro has 120 seconds left.
|
|t:|1769353320
|-end|p1a: Kingambit|fallen3|[silent]
|switch|p1a: Landorus|Landorus-Therian, M|59/100
|-damage|p1a: Landorus|46/100|[from] Stealth Rock
|-ability|p1a: Landorus|Intimidate|boost
|-unboost|p2a: Corviknight|atk|1
|move|p2a: Corviknight|Brave Bird|p1a: Landorus
|-damage|p1a: Landorus|19/100
|-damage|p2a: Corviknight|74/100|[from] Recoil
|
|upkeep
|turn|19
|inactive|Sgntkeroro has 120 seconds left.
|
|t:|1769353343
|move|p1a: Landorus|Stealth Rock|p2a: Corviknight
|-sidestart|p2: Sgntkeroro|move: Stealth Rock
|move|p2a: Corviknight|Brave Bird|p1a: Landorus
|-damage|p1a: Landorus|0 fnt
|faint|p1a: Landorus
|-damage|p2a: Corviknight|69/100|[from] Recoil
|
|upkeep
|
|t:|1769353348
|switch|p1a: Kingambit|Kingambit, F|100/100
|-damage|p1a: Kingambit|94/100|[from] Stealth Rock
|-activate|p1a: Kingambit|ability: Supreme Overlord
|-start|p1a: Kingambit|fallen4|[silent]
|turn|20
|
|t:|1769353358
|move|p2a: Corviknight|Brave Bird|p1a: Kingambit
|-resisted|p1a: Kingambit
|-damage|p1a: Kingambit|85/100
|-damage|p2a: Corviknight|66/100|[from] Recoil
|move|p1a: Kingambit|Swords Dance|p1a: Kingambit
|-boost|p1a: Kingambit|atk|2
|
|-heal|p1a: Kingambit|92/100|[from] item: Leftovers
|upkeep
|turn|21
|
|t:|1769353373
|switch|p2a: Iron Moth|Iron Moth|100/100
|-damage|p2a: Iron Moth|76/100|[from] Stealth Rock
|-enditem|p2a: Iron Moth|Booster Energy
|-activate|p2a: Iron Moth|ability: Quark Drive|[fromitem]
|-start|p2a: Iron Moth|quarkdrivespa
|move|p1a: Kingambit|Swords Dance|p1a: Kingambit
|-boost|p1a: Kingambit|atk|2
|
|-heal|p1a: Kingambit|98/100|[from] item: Leftovers
|upkeep
|turn|22
|
|t:|1769353390
|move|p1a: Kingambit|Sucker Punch|p2a: Iron Moth
|-damage|p2a: Iron Moth|0 fnt
|faint|p2a: Iron Moth
|-end|p2a: Iron Moth|Quark Drive|[silent]
|
|-heal|p1a: Kingambit|100/100|[from] item: Leftovers
|upkeep
|inactive|Sgntkeroro has 90 seconds left.
|
|t:|1769353416
|switch|p2a: Dragapult|Dragapult, F|100/100
|-damage|p2a: Dragapult|88/100|[from] Stealth Rock
|turn|23
|
|t:|1769353421
|move|p1a: Kingambit|Sucker Punch|p2a: Dragapult
|-supereffective|p2a: Dragapult
|-damage|p2a: Dragapult|0 fnt
|faint|p2a: Dragapult
|
|upkeep
|
|t:|1769353427
|switch|p2a: Corviknight|Corviknight, M|66/100
|-damage|p2a: Corviknight|53/100|[from] Stealth Rock
|-ability|p2a: Corviknight|Pressure
|turn|24
|
|t:|1769353436
|move|p2a: Corviknight|Brave Bird|p1a: Kingambit
|-resisted|p1a: Kingambit
|-crit|p1a: Kingambit
|-damage|p1a: Kingambit|82/100
|-damage|p2a: Corviknight|47/100|[from] Recoil
|move|p1a: Kingambit|Kowtow Cleave|p2a: Corviknight
|-damage|p2a: Corviknight|0 fnt
|-damage|p1a: Kingambit|65/100|[from] item: Rocky Helmet|[of] p2a: Corviknight
|faint|p2a: Corviknight
|
|-heal|p1a: Kingambit|71/100|[from] item: Leftovers
|upkeep
|
|t:|1769353448
|switch|p2a: Kingambit|Kingambit, M|100/100
|-damage|p2a: Kingambit|94/100|[from] Stealth Rock
|-activate|p2a: Kingambit|ability: Supreme Overlord
|-start|p2a: Kingambit|fallen5|[silent]
|turn|25
|
|t:|1769353457
|-end|p1a: Kingambit|fallen4|[silent]
|switch|p1a: Incineroar|Incineroar, F|53/100
|-damage|p1a: Incineroar|28/100|[from] Stealth Rock
|-ability|p1a: Incineroar|Intimidate|boost
|-unboost|p2a: Kingambit|atk|1
|move|p2a: Kingambit|Kowtow Cleave|p1a: Incineroar
|-resisted|p1a: Incineroar
|-damage|p1a: Incineroar|2/100
|
|upkeep
|turn|26
|
|t:|1769353466
|move|p2a: Kingambit|Sucker Punch|p1a: Incineroar
|-resisted|p1a: Incineroar
|-damage|p1a: Incineroar|0 fnt
|faint|p1a: Incineroar
|
|upkeep
|
|t:|1769353469
|switch|p1a: Kingambit|Kingambit, F|71/100
|-damage|p1a: Kingambit|65/100|[from] Stealth Rock
|-activate|p1a: Kingambit|ability: Supreme Overlord
|-start|p1a: Kingambit|fallen5|[silent]
|turn|27
|
|t:|1769353482
|-terastallize|p2a: Kingambit|Dark
|move|p2a: Kingambit|Kowtow Cleave|p1a: Kingambit
|-resisted|p1a: Kingambit
|-damage|p1a: Kingambit|34/100
|move|p1a: Kingambit|Kowtow Cleave|p2a: Kingambit
|-resisted|p2a: Kingambit
|-damage|p2a: Kingambit|69/100
|
|-heal|p1a: Kingambit|41/100|[from] item: Leftovers
|upkeep
|turn|28
|
|t:|1769353493
|move|p1a: Kingambit|Iron Head|p2a: Kingambit
|-damage|p2a: Kingambit|16/100
|move|p2a: Kingambit|Kowtow Cleave|p1a: Kingambit
|-resisted|p1a: Kingambit
|-damage|p1a: Kingambit|9/100
|
|-heal|p1a: Kingambit|15/100|[from] item: Leftovers
|upkeep
|turn|29
|
|t:|1769353503
|move|p1a: Kingambit|Sucker Punch|p2a: Kingambit
|-resisted|p2a: Kingambit
|-damage|p2a: Kingambit|0 fnt
|faint|p2a: Kingambit
|-end|p2a: Kingambit|fallen5|[silent]
|
|win|pikern
|raw|pikern's rating: 1288 &rarr; <strong>1314</strong><br />(+26 for winning)
|raw|Sgntkeroro's rating: 1295 &rarr; <strong>1269</strong><br />(-26 for losing)
|l|☆pikern
|player|p1|
|l|☆Sgntkeroro
|player|p2|
