|j|☆Yaoshi
|j|☆abhii.g
|t:|1769394583
|gametype|singles
|player|p1|Yaoshi|silver-masters|1520
|player|p2|abhii.g|bruno|1529
|gen|9
|tier|[Gen 9] OU
|rated|
|rule|HP Percentage Mod: HP is shown in percentages
|rule|Endless Battle Clause: Forcing endless battles is banned
|rule|Species Clause: Limit one of each Pokémon
|rule|OHKO Clause: OHKO moves are banned
|rule|Evasion Items Clause: Evasion items are banned
|rule|Evasion Moves Clause: Evasion moves are banned
|rule|Evasion Abilities Clause: Evasion abilities are banned
|rule|Sleep Moves Clause: Sleep-inducing moves are banned
|clearpoke
|poke|p1|Cinderace, F|
|poke|p1|Darkrai|
|poke|p1|Dragonite, F|
|poke|p1|Snorlax, M|
|poke|p1|Primarina, M|
|poke|p1|Skarmory, M|
|poke|p2|Raging Bolt|
|poke|p2|Alomomola, M|
|poke|p2|Hatterene, F|
|poke|p2|Lokix, M|
|poke|p2|Great Tusk|
|poke|p2|Heatran, M|
|teampreview
|inactive|Battle timer is ON: inactive players will automatically lose when time's up. (requested by Yaoshi)
|
|t:|1769394592
|teamsize|p1|6
|teamsize|p2|6
|start
|switch|p1a: One Hit Wonder|Cinderace, F|100/100
|switch|p2a: Lokix|Lokix, M, shiny|100/100
|turn|1
|
|t:|1769394600
|-terastallize|p2a: Lokix|Bug
|move|p2a: Lokix|First Impression|p1a: One Hit Wonder
|-resisted|p1a: One Hit Wonder
|-damage|p1a: One Hit Wonder|0 fnt
|faint|p1a: One Hit Wonder
|
|upkeep
|
|t:|1769394603
|switch|p1a: Babe Ruth|Darkrai, shiny|100/100
|turn|2
|
|t:|1769394607
|switch|p2a: Gyatterene|Hatterene, F, shiny|100/100
|move|p1a: Babe Ruth|Will-O-Wisp|p2a: Gyatterene
|move|p2a: Gyatterene|Will-O-Wisp|p1a: Babe Ruth|[from] ability: Magic Bounce
|-status|p1a: Babe Ruth|brn
|
|-damage|p1a: Babe Ruth|94/100 brn|[from] brn
|upkeep
|turn|3
|
|t:|1769394613
|switch|p1a: Ayami Sato|Primarina, M, shiny|100/100
|move|p2a: Gyatterene|Nuzzle|p1a: Ayami Sato
|-supereffective|p1a: Ayami Sato
|-damage|p1a: Ayami Sato|94/100
|-status|p1a: Ayami Sato|par
|
|-heal|p1a: Ayami Sato|100/100 par|[from] item: Leftovers
|upkeep
|turn|4
|
|t:|1769394619
|move|p2a: Gyatterene|Future Sight|p1a: Ayami Sato
|-start|p2a: Gyatterene|move: Future Sight
|move|p1a: Ayami Sato|Calm Mind|p1a: Ayami Sato
|-boost|p1a: Ayami Sato|spa|1
|-boost|p1a: Ayami Sato|spd|1
|
|upkeep
|turn|5
|
|t:|1769394623
|switch|p2a: Luvdisk|Alomomola, M|100/100
|move|p1a: Ayami Sato|Calm Mind|p1a: Ayami Sato
|-boost|p1a: Ayami Sato|spa|1
|-boost|p1a: Ayami Sato|spd|1
|
|upkeep
|turn|6
|
|t:|1769394629
|move|p2a: Luvdisk|Flip Turn|p1a: Ayami Sato
|-resisted|p1a: Ayami Sato
|-damage|p1a: Ayami Sato|94/100 par
|
|t:|1769394632
|switch|p2a: Heatran|Heatran, M|100/100|[from] Flip Turn
|move|p1a: Ayami Sato|Calm Mind|p1a: Ayami Sato
|-boost|p1a: Ayami Sato|spa|1
|-boost|p1a: Ayami Sato|spd|1
|
|-end|p1a: Ayami Sato|move: Future Sight
|-damage|p1a: Ayami Sato|78/100 par
|-heal|p1a: Ayami Sato|84/100 par|[from] item: Leftovers
|upkeep
|turn|7
|
|t:|1769394637
|move|p2a: Heatran|Taunt|p1a: Ayami Sato
|-start|p1a: Ayami Sato|move: Taunt
|move|p1a: Ayami Sato|Psychic Noise|p2a: Heatran
|-supereffective|p2a: Heatran
|-damage|p2a: Heatran|0 fnt
|faint|p2a: Heatran
|
|-heal|p1a: Ayami Sato|90/100 par|[from] item: Leftovers
|upkeep
|
|t:|1769394643
|switch|p2a: U dropping neck?|Raging Bolt|100/100
|turn|8
|
|t:|1769394646
|move|p2a: U dropping neck?|Volt Switch|p1a: Ayami Sato
|-supereffective|p1a: Ayami Sato
|-damage|p1a: Ayami Sato|63/100 par
|
|t:|1769394649
|-end|p2a: U dropping neck?|Protosynthesis|[silent]
|switch|p2a: Luvdisk|Alomomola, M|100/100|[from] Volt Switch
|move|p1a: Ayami Sato|Draining Kiss|p2a: Luvdisk
|-damage|p2a: Luvdisk|50/100
|-heal|p1a: Ayami Sato|100/100 par|[from] drain|[of] p2a: Luvdisk
|-enditem|p2a: Luvdisk|Eject Button
|
|t:|1769394657
|switch|p2a: Lokix|Lokix, M, shiny, tera:Bug|100/100
|
|upkeep
|turn|9
|
|t:|1769394664
|move|p2a: Lokix|U-turn|p1a: Ayami Sato
|-resisted|p1a: Ayami Sato
|-damage|p1a: Ayami Sato|41/100 par
|
|t:|1769394667
|switch|p2a: Gyatterene|Hatterene, F, shiny|100/100|[from] U-turn
|move|p1a: Ayami Sato|Psychic Noise|p2a: Gyatterene
|-damage|p2a: Gyatterene|58/100
|-start|p2a: Gyatterene|move: Heal Block
|
|-heal|p1a: Ayami Sato|47/100 par|[from] item: Leftovers
|-end|p1a: Ayami Sato|move: Taunt
|upkeep
|turn|10
|
|t:|1769394674
|move|p2a: Gyatterene|Psychic Noise|p1a: Ayami Sato
|-damage|p1a: Ayami Sato|35/100 par
|-start|p1a: Ayami Sato|move: Heal Block
|cant|p1a: Ayami Sato|move: Heal Block|Draining Kiss
|
|-end|p2a: Gyatterene|move: Heal Block
|upkeep
|turn|11
|
|t:|1769394681
|move|p2a: Gyatterene|Future Sight|p1a: Ayami Sato
|-start|p2a: Gyatterene|move: Future Sight
|move|p1a: Ayami Sato|Psychic Noise|p2a: Gyatterene
|-damage|p2a: Gyatterene|18/100
|-start|p2a: Gyatterene|move: Heal Block
|
|-end|p1a: Ayami Sato|move: Heal Block
|upkeep
|turn|12
|
|t:|1769394691
|move|p2a: Gyatterene|Psychic Noise|p1a: Ayami Sato
|-damage|p1a: Ayami Sato|25/100 par
|-start|p1a: Ayami Sato|move: Heal Block
|cant|p1a: Ayami Sato|par
|
|-end|p2a: Gyatterene|move: Heal Block
|upkeep
|turn|13
|
|t:|1769394698
|move|p2a: Gyatterene|Draining Kiss|p1a: Ayami Sato
|-damage|p1a: Ayami Sato|17/100 par
|-heal|p2a: Gyatterene|25/100|[from] drain|[of] p1a: Ayami Sato
|cant|p1a: Ayami Sato|par
|
|-end|p1a: Ayami Sato|move: Future Sight
|-damage|p1a: Ayami Sato|0 fnt
|faint|p1a: Ayami Sato
|upkeep
|
|t:|1769394706
|switch|p1a: Ohtani|Dragonite, F|100/100
|turn|14
|
|t:|1769394709
|-terastallize|p1a: Ohtani|Normal
|move|p1a: Ohtani|Extreme Speed|p2a: Gyatterene
|-damage|p2a: Gyatterene|0 fnt
|faint|p2a: Gyatterene
|
|upkeep
|
|t:|1769394715
|switch|p2a: U dropping neck?|Raging Bolt|100/100
|turn|15
|
|t:|1769394721
|switch|p1a: Homerun|Snorlax, M, shiny|100/100
|move|p2a: U dropping neck?|Volt Switch|p1a: Homerun
|-damage|p1a: Homerun|83/100
|
|t:|1769394726
|-end|p2a: U dropping neck?|Protosynthesis|[silent]
|switch|p2a: Lokix|Lokix, M, shiny, tera:Bug|100/100|[from] Volt Switch
|
|upkeep
|turn|16
|
|t:|1769394731
|switch|p1a: Oz Smith|Skarmory, M, shiny|100/100
|move|p2a: Lokix|Knock Off|p1a: Oz Smith
|-crit|p1a: Oz Smith
|-damage|p1a: Oz Smith|36/100
|-damage|p2a: Lokix|84/100|[from] item: Rocky Helmet|[of] p1a: Oz Smith
|-enditem|p1a: Oz Smith|Rocky Helmet|[from] move: Knock Off|[of] p2a: Lokix
|
|upkeep
|turn|17
|
|t:|1769394740
|switch|p2a: U dropping neck?|Raging Bolt|100/100
|move|p1a: Oz Smith|Brave Bird|p2a: U dropping neck?
|-resisted|p2a: U dropping neck?
|-damage|p2a: U dropping neck?|86/100
|-damage|p1a: Oz Smith|30/100|[from] Recoil
|
|upkeep
|turn|18
|
|t:|1769394746
|move|p2a: U dropping neck?|Volt Switch|p1a: Oz Smith
|-supereffective|p1a: Oz Smith
|-damage|p1a: Oz Smith|0 fnt
|faint|p1a: Oz Smith
|
|t:|1769394749
|-end|p2a: U dropping neck?|Protosynthesis|[silent]
|switch|p2a: Lokix|Lokix, M, shiny, tera:Bug|84/100|[from] Volt Switch
|
|upkeep
|
|t:|1769394753
|switch|p1a: Ohtani|Dragonite, F, tera:Normal|100/100
|turn|19
|
|t:|1769394764
|move|p1a: Ohtani|Extreme Speed|p2a: Lokix
|-damage|p2a: Lokix|0 fnt
|faint|p2a: Lokix
|
|upkeep
|
|t:|1769394776
|switch|p2a: U dropping neck?|Raging Bolt|86/100
|turn|20
|
|t:|1769394779
|move|p1a: Ohtani|Extreme Speed|p2a: U dropping neck?
|-damage|p2a: U dropping neck?|21/100
|move|p2a: U dropping neck?|Volt Switch|p1a: Ohtani
|-damage|p1a: Ohtani|83/100
|
|t:|1769394784
|-end|p2a: U dropping neck?|Protosynthesis|[silent]
|switch|p2a: Manfred|Great Tusk|100/100|[from] Volt Switch
|
|upkeep
|turn|21
|
|t:|1769394788
|switch|p1a: Homerun|Snorlax, M, shiny|83/100
|move|p2a: Manfred|Close Combat|p1a: Homerun
|-supereffective|p1a: Homerun
|-damage|p1a: Homerun|0 fnt
|-unboost|p2a: Manfred|def|1
|-unboost|p2a: Manfred|spd|1
|faint|p1a: Homerun
|
|upkeep
|
|t:|1769394796
|switch|p1a: Ohtani|Dragonite, F, tera:Normal|83/100
|turn|22
|
|t:|1769394803
|move|p1a: Ohtani|Extreme Speed|p2a: Manfred
|-damage|p2a: Manfred|27/100
|move|p2a: Manfred|Close Combat|p1a: Ohtani
|-supereffective|p1a: Ohtani
|-damage|p1a: Ohtani|0 fnt
|-unboost|p2a: Manfred|def|1
|-unboost|p2a: Manfred|spd|1
|faint|p1a: Ohtani
|
|upkeep
|
|t:|1769394806
|switch|p1a: Babe Ruth|Darkrai, shiny|94/100 brn
|turn|23
|
|t:|1769394811
|-end|p2a: Manfred|Protosynthesis|[silent]
|switch|p2a: Luvdisk|Alomomola, M|84/100
|move|p1a: Babe Ruth|Dark Pulse|p2a: Luvdisk
|-damage|p2a: Luvdisk|43/100
|
|-heal|p1a: Babe Ruth|100/100 brn|[from] item: Leftovers
|-damage|p1a: Babe Ruth|94/100 brn|[from] brn
|upkeep
|turn|24
|
|t:|1769394818
|move|p1a: Babe Ruth|Dark Pulse|p2a: Luvdisk
|-damage|p2a: Luvdisk|5/100
|move|p2a: Luvdisk|Wish|p2a: Luvdisk
|
|-heal|p1a: Babe Ruth|100/100 brn|[from] item: Leftovers
|-damage|p1a: Babe Ruth|94/100 brn|[from] brn
|upkeep
|turn|25
|
|t:|1769394834
|switch|p2a: Manfred|Great Tusk|27/100
|move|p1a: Babe Ruth|Dark Pulse|p2a: Manfred
|-resisted|p2a: Manfred
|-damage|p2a: Manfred|6/100
|
|-heal|p2a: Manfred|70/100|[from] move: Wish|[wisher] Luvdisk
|-heal|p1a: Babe Ruth|100/100 brn|[from] item: Leftovers
|-damage|p1a: Babe Ruth|94/100 brn|[from] brn
|upkeep
|turn|26
|
|t:|1769394842
|move|p1a: Babe Ruth|Will-O-Wisp|p2a: Manfred|[miss]
|-miss|p1a: Babe Ruth|p2a: Manfred
|move|p2a: Manfred|Close Combat|p1a: Babe Ruth
|-supereffective|p1a: Babe Ruth
|-damage|p1a: Babe Ruth|0 fnt
|-unboost|p2a: Manfred|def|1
|-unboost|p2a: Manfred|spd|1
|faint|p1a: Babe Ruth
|
|win|abhii.g
|raw|Yaoshi's rating: 1520 &rarr; <strong>1501</strong><br />(-19 for losing)
|raw|abhii.g's rating: 1529 &rarr; <strong>1548</strong><br />(+19 for winning)
