|j|☆MrMoseby3500
|j|☆SacredScythee
|t:|1769317956
|gametype|singles
|player|p1|MrMoseby3500|marshal|1277
|player|p2|SacredScythee|265|1330
|gen|9
|tier|[Gen 9] OU
|rated|
|rule|HP Percentage Mod: HP is shown in percentages
|rule|Endless Battle Clause: Forcing endless battles is banned
|rule|Species Clause: Limit one of each Pokémon
|rule|OHKO Clause: OHKO moves are banned
|rule|Evasion Items Clause: Evasion items are banned
|rule|Evasion Moves Clause: Evasion moves are banned
|rule|Evasion Abilities Clause: Evasion abilities are banned
|rule|Sleep Moves Clause: Sleep-inducing moves are banned
|clearpoke
|poke|p1|Samurott-Hisui, M|
|poke|p1|Gholdengo|
|poke|p1|Great Tusk|
|poke|p1|Iron Moth|
|poke|p1|Ogerpon-Wellspring, F|
|poke|p1|Galvantula, F|
|poke|p2|Garchomp, M|
|poke|p2|Chandelure, M|
|poke|p2|Meowscarada, M|
|poke|p2|Corviknight, F|
|poke|p2|Heatran, F|
|poke|p2|Iron Valiant|
|teampreview
|inactive|Battle timer is ON: inactive players will automatically lose when time's up. (requested by SacredScythee)
|
|t:|1769318022
|teamsize|p1|6
|teamsize|p2|6
|start
|switch|p1a: Galvantula|Galvantula, F|100/100
|switch|p2a: Meowscarada|Meowscarada, M|100/100
|turn|1
|
|t:|1769318029
|move|p2a: Meowscarada|Triple Axel|p1a: Galvantula
|-start|p2a: Meowscarada|typechange|Ice|[from] ability: Protean
|-damage|p1a: Galvantula|75/100
|-damage|p1a: Galvantula|24/100
|-damage|p1a: Galvantula|0 fnt
|faint|p1a: Galvantula
|-hitcount|p1: Galvantula|3
|
|upkeep
|
|t:|1769318043
|switch|p1a: Iron Moth|Iron Moth|100/100
|-enditem|p1a: Iron Moth|Booster Energy
|-activate|p1a: Iron Moth|ability: Quark Drive|[fromitem]
|-start|p1a: Iron Moth|quarkdrivespe
|turn|2
|
|t:|1769318062
|-end|p1a: Iron Moth|Quark Drive|[silent]
|switch|p1a: Samurott|Samurott-Hisui, M|100/100
|switch|p2a: Heatran|Heatran, F|100/100
|
|upkeep
|turn|3
|
|t:|1769318072
|switch|p2a: Corviknight|Corviknight, F|100/100
|-ability|p2a: Corviknight|Pressure
|move|p1a: Samurott|Aqua Cutter|p2a: Corviknight
|-damage|p2a: Corviknight|69/100
|
|upkeep
|turn|4
|
|t:|1769318089
|switch|p1a: Gholdengo|Gholdengo|100/100
|-item|p1a: Gholdengo|Air Balloon
|move|p2a: Corviknight|U-turn|p1a: Gholdengo
|-resisted|p1a: Gholdengo
|-damage|p1a: Gholdengo|96/100
|-enditem|p1a: Gholdengo|Air Balloon
|inactive|SacredScythee has 120 seconds left.
|
|t:|1769318114
|switch|p2a: Chandelure|Chandelure, M|100/100|[from] U-turn
|
|upkeep
|turn|5
|
|t:|1769318123
|switch|p1a: Samurott|Samurott-Hisui, M|100/100
|move|p2a: Chandelure|Shadow Ball|p1a: Samurott
|-resisted|p1a: Samurott
|-damage|p1a: Samurott|69/100
|-unboost|p1a: Samurott|spd|1
|
|upkeep
|turn|6
|
|t:|1769318132
|switch|p2a: Corviknight|Corviknight, F|69/100
|-ability|p2a: Corviknight|Pressure
|-terastallize|p1a: Samurott|Dark
|move|p1a: Samurott|Sucker Punch||[still]
|-fail|p1a: Samurott
|
|upkeep
|turn|7
|
|t:|1769318145
|switch|p1a: Great Tusk|Great Tusk|100/100
|move|p2a: Corviknight|Roost|p2a: Corviknight
|-heal|p2a: Corviknight|100/100
|-singleturn|p2a: Corviknight|move: Roost
|
|upkeep
|turn|8
|inactive|SacredScythee has 120 seconds left.
|
|t:|1769318181
|move|p1a: Great Tusk|Stealth Rock|p2a: Corviknight
|-sidestart|p2: SacredScythee|move: Stealth Rock
|move|p2a: Corviknight|Brave Bird|p1a: Great Tusk
|-supereffective|p1a: Great Tusk
|-damage|p1a: Great Tusk|42/100
|-damage|p2a: Corviknight|82/100|[from] Recoil
|
|upkeep
|turn|9
|
|t:|1769318192
|-end|p1a: Great Tusk|Protosynthesis|[silent]
|switch|p1a: Gholdengo|Gholdengo|96/100
|move|p2a: Corviknight|Brave Bird|p1a: Gholdengo
|-resisted|p1a: Gholdengo
|-damage|p1a: Gholdengo|76/100
|-damage|p2a: Corviknight|77/100|[from] Recoil
|
|upkeep
|turn|10
|
|t:|1769318217
|switch|p2a: Heatran|Heatran, F|100/100
|-damage|p2a: Heatran|88/100|[from] Stealth Rock
|move|p1a: Gholdengo|Focus Blast|p2a: Heatran
|-supereffective|p2a: Heatran
|-damage|p2a: Heatran|36/100
|
|-heal|p2a: Heatran|42/100|[from] item: Leftovers
|upkeep
|turn|11
|inactive|SacredScythee has 90 seconds left.
|
|t:|1769318237
|move|p1a: Gholdengo|Focus Blast|p2a: Heatran
|-supereffective|p2a: Heatran
|-damage|p2a: Heatran|0 fnt
|faint|p2a: Heatran
|
|upkeep
|inactive|SacredScythee has 90 seconds left.
|
|t:|1769318247
|switch|p2a: Corviknight|Corviknight, F|77/100
|-damage|p2a: Corviknight|65/100|[from] Stealth Rock
|-ability|p2a: Corviknight|Pressure
|turn|12
|inactive|SacredScythee has 90 seconds left.
|
|t:|1769318254
|move|p1a: Gholdengo|Nasty Plot|p1a: Gholdengo
|-boost|p1a: Gholdengo|spa|2
|move|p2a: Corviknight|U-turn|p1a: Gholdengo
|-resisted|p1a: Gholdengo
|-damage|p1a: Gholdengo|72/100
|inactive|SacredScythee has 90 seconds left.
|
|t:|1769318260
|switch|p2a: Iron Valiant|Iron Valiant|100/100|[from] U-turn
|-damage|p2a: Iron Valiant|94/100|[from] Stealth Rock
|-enditem|p2a: Iron Valiant|Booster Energy
|-activate|p2a: Iron Valiant|ability: Quark Drive|[fromitem]
|-start|p2a: Iron Valiant|quarkdrivespe
|
|upkeep
|turn|13
|inactive|SacredScythee has 90 seconds left.
|
|t:|1769318274
|move|p2a: Iron Valiant|Shadow Ball|p1a: Gholdengo
|-supereffective|p1a: Gholdengo
|-damage|p1a: Gholdengo|14/100
|move|p1a: Gholdengo|Make It Rain|p2a: Iron Valiant
|-supereffective|p2a: Iron Valiant
|-damage|p2a: Iron Valiant|0 fnt
|-unboost|p1a: Gholdengo|spa|1
|faint|p2a: Iron Valiant
|-end|p2a: Iron Valiant|Quark Drive|[silent]
|
|upkeep
|inactive|SacredScythee has 90 seconds left.
|
|t:|1769318291
|switch|p2a: Chandelure|Chandelure, M|100/100
|-damage|p2a: Chandelure|76/100|[from] Stealth Rock
|turn|14
|
|t:|1769318296
|switch|p1a: Samurott|Samurott-Hisui, M, tera:Dark|69/100
|move|p2a: Chandelure|Energy Ball|p1a: Samurott
|-damage|p1a: Samurott|20/100
|
|upkeep
|turn|15
|inactive|SacredScythee has 90 seconds left.
|
|t:|1769318309
|switch|p2a: Meowscarada|Meowscarada, M|100/100
|-damage|p2a: Meowscarada|88/100|[from] Stealth Rock
|move|p1a: Samurott|Sucker Punch||[still]
|-fail|p1a: Samurott
|
|upkeep
|turn|16
|inactive|SacredScythee has 90 seconds left.
|
|t:|1769318326
|switch|p1a: Gholdengo|Gholdengo|14/100
|move|p2a: Meowscarada|U-turn|p1a: Gholdengo
|-start|p2a: Meowscarada|typechange|Bug|[from] ability: Protean
|-resisted|p1a: Gholdengo
|-damage|p1a: Gholdengo|0 fnt
|faint|p1a: Gholdengo
|
|t:|1769318338
|switch|p2a: Garchomp|Garchomp, M|100/100|[from] U-turn
|-damage|p2a: Garchomp|94/100|[from] Stealth Rock
|
|upkeep
|
|t:|1769318344
|switch|p1a: Great Tusk|Great Tusk|42/100
|turn|17
|inactive|SacredScythee has 90 seconds left.
|
|t:|1769318355
|move|p2a: Garchomp|Outrage|p1a: Great Tusk
|-damage|p1a: Great Tusk|0 fnt
|faint|p1a: Great Tusk
|-end|p1a: Great Tusk|Protosynthesis|[silent]
|
|upkeep
|
|t:|1769318361
|switch|p1a: Iron Moth|Iron Moth|100/100
|turn|18
|
|t:|1769318365
|move|p2a: Garchomp|Outrage|p1a: Iron Moth|[from] lockedmove
|-damage|p1a: Iron Moth|0 fnt
|faint|p1a: Iron Moth
|-end|p1a: Iron Moth|Quark Drive|[silent]
|
|upkeep
|
|t:|1769318370
|switch|p1a: Samurott|Samurott-Hisui, M, tera:Dark|20/100
|turn|19
|-message|MrMoseby3500 forfeited.
|
|win|SacredScythee
|raw|MrMoseby3500's rating: 1277 &rarr; <strong>1256</strong><br />(-21 for losing)
|raw|SacredScythee's rating: 1330 &rarr; <strong>1347</strong><br />(+17 for winning)
|l|☆MrMoseby3500
|player|p1|
|l|☆SacredScythee
|player|p2|
