|j|☆Chupapinamo
|j|☆timmytohns
|t:|1769409409
|gametype|singles
|player|p1|Chupapinamo|cynthia-masters4|1091
|player|p2|timmytohns|101|1133
|gen|9
|tier|[Gen 9] OU
|rated|
|rule|HP Percentage Mod: HP is shown in percentages
|rule|Endless Battle Clause: Forcing endless battles is banned
|rule|Species Clause: Limit one of each Pokémon
|rule|OHKO Clause: OHKO moves are banned
|rule|Evasion Items Clause: Evasion items are banned
|rule|Evasion Moves Clause: Evasion moves are banned
|rule|Evasion Abilities Clause: Evasion abilities are banned
|rule|Sleep Moves Clause: Sleep-inducing moves are banned
|clearpoke
|poke|p1|Primarina, M|
|poke|p1|Iron Treads|
|poke|p1|Jolteon, M|
|poke|p1|Kingdra, F|
|poke|p1|Pelipper, M|
|poke|p1|Toxicroak, M|
|poke|p2|Ogerpon-Wellspring, F|
|poke|p2|Dragonite, M|
|poke|p2|Deoxys-Speed|
|poke|p2|Gholdengo|
|poke|p2|Samurott-Hisui, M|
|poke|p2|Zamazenta-*|
|teampreview
|inactive|Battle timer is ON: inactive players will automatically lose when time's up. (requested by Chupapinamo)
|
|t:|1769409423
|teamsize|p1|6
|teamsize|p2|6
|start
|switch|p1a: Pelipper|Pelipper, M|100/100
|switch|p2a: Samurott|Samurott-Hisui, M|100/100
|-weather|RainDance|[from] ability: Drizzle|[of] p1a: Pelipper
|turn|1
|
|t:|1769409429
|switch|p1a: Toxicroak|Toxicroak, M|100/100
|move|p2a: Samurott|Knock Off|p1a: Toxicroak
|-resisted|p1a: Toxicroak
|-damage|p1a: Toxicroak|81/100
|-enditem|p1a: Toxicroak|Leftovers|[from] move: Knock Off|[of] p2a: Samurott
|
|-weather|RainDance|[upkeep]
|-heal|p1a: Toxicroak|93/100|[from] ability: Dry Skin
|upkeep
|turn|2
|
|t:|1769409458
|move|p2a: Samurott|Ceaseless Edge|p1a: Toxicroak|[miss]
|-miss|p2a: Samurott|p1a: Toxicroak
|move|p1a: Toxicroak|Toxic|p2a: Samurott
|-status|p2a: Samurott|tox
|
|-weather|RainDance|[upkeep]
|-heal|p1a: Toxicroak|100/100|[from] ability: Dry Skin
|-damage|p2a: Samurott|94/100 tox|[from] psn
|upkeep
|turn|3
|
|t:|1769409467
|move|p2a: Samurott|Ceaseless Edge|p1a: Toxicroak
|-resisted|p1a: Toxicroak
|-crit|p1a: Toxicroak
|-damage|p1a: Toxicroak|72/100
|-sidestart|p1: Chupapinamo|Spikes
|move|p1a: Toxicroak|Drain Punch|p2a: Samurott
|-supereffective|p2a: Samurott
|-damage|p2a: Samurott|24/100 tox
|-heal|p1a: Toxicroak|100/100|[from] drain|[of] p2a: Samurott
|
|-weather|RainDance|[upkeep]
|-damage|p2a: Samurott|12/100 tox|[from] psn
|upkeep
|turn|4
|
|t:|1769409473
|move|p2a: Samurott|Ceaseless Edge|p1a: Toxicroak
|-resisted|p1a: Toxicroak
|-damage|p1a: Toxicroak|82/100
|-sidestart|p1: Chupapinamo|Spikes
|move|p1a: Toxicroak|Knock Off|p2a: Samurott
|-resisted|p2a: Samurott
|-damage|p2a: Samurott|0 fnt
|-enditem|p2a: Samurott|Focus Sash|[from] move: Knock Off|[of] p1a: Toxicroak
|faint|p2a: Samurott
|
|-weather|RainDance|[upkeep]
|-heal|p1a: Toxicroak|94/100|[from] ability: Dry Skin
|upkeep
|
|t:|1769409497
|switch|p2a: Deoxys|Deoxys-Speed|100/100
|-ability|p2a: Deoxys|Pressure
|turn|5
|
|t:|1769409515
|-terastallize|p1a: Toxicroak|Ghost
|move|p2a: Deoxys|Psychic Noise|p1a: Toxicroak
|-damage|p1a: Toxicroak|66/100
|-start|p1a: Toxicroak|move: Heal Block
|move|p1a: Toxicroak|Knock Off|p2a: Deoxys
|-supereffective|p2a: Deoxys
|-enditem|p2a: Deoxys|Colbur Berry|[eat]
|-enditem|p2a: Deoxys|Colbur Berry|[weaken]
|-damage|p2a: Deoxys|73/100
|
|-weather|RainDance|[upkeep]
|upkeep
|turn|6
|-message|Chupapinamo forfeited.
|
|win|timmytohns
|raw|Chupapinamo's rating: 1091 &rarr; <strong>1070</strong><br />(-21 for losing)
|raw|timmytohns's rating: 1133 &rarr; <strong>1155</strong><br />(+22 for winning)
|l|☆Chupapinamo
|player|p1|
|l|☆timmytohns
|player|p2|
