|j|☆xxHaxmaster
|j|☆Qplazm10
|t:|1769434233
|gametype|singles
|player|p1|xxHaxmaster|benga|1396
|player|p2|Qplazm10|ltsurge|1390
|gen|9
|tier|[Gen 9] OU
|rated|
|rule|HP Percentage Mod: HP is shown in percentages
|rule|Endless Battle Clause: Forcing endless battles is banned
|rule|Species Clause: Limit one of each Pokémon
|rule|OHKO Clause: OHKO moves are banned
|rule|Evasion Items Clause: Evasion items are banned
|rule|Evasion Moves Clause: Evasion moves are banned
|rule|Evasion Abilities Clause: Evasion abilities are banned
|rule|Sleep Moves Clause: Sleep-inducing moves are banned
|clearpoke
|poke|p1|Munkidori, M|
|poke|p1|Rillaboom, F|
|poke|p1|Samurott-Hisui, M|
|poke|p1|Tornadus-Therian, M|
|poke|p1|Heatran, F|
|poke|p1|Raging Bolt|
|poke|p2|Hawlucha, F|
|poke|p2|Raging Bolt|
|poke|p2|Iron Leaves|
|poke|p2|Iron Treads|
|poke|p2|Iron Valiant|
|poke|p2|Pincurchin, M|
|teampreview
|inactive|Battle timer is ON: inactive players will automatically lose when time's up. (requested by Qplazm10)
|
|t:|1769434240
|teamsize|p1|6
|teamsize|p2|6
|start
|switch|p1a: Heatran|Heatran, F|100/100
|switch|p2a: The Urchinator|Pincurchin, M|100/100
|-fieldstart|move: Electric Terrain|[from] ability: Electric Surge|[of] p2a: The Urchinator
|turn|1
|
|t:|1769434252
|switch|p2a: Great Neck|Raging Bolt|100/100
|move|p1a: Heatran|Magma Storm|p2a: Great Neck|[miss]
|-miss|p1a: Heatran|p2a: Great Neck
|
|upkeep
|turn|2
|
|t:|1769434260
|move|p1a: Heatran|Stealth Rock|p2a: Great Neck
|-sidestart|p2: Qplazm10|move: Stealth Rock
|move|p2a: Great Neck|Rising Voltage|p1a: Heatran
|-hint|Rising Voltage's BP doubled on grounded target.
|-damage|p1a: Heatran|0 fnt
|faint|p1a: Heatran
|
|upkeep
|
|t:|1769434270
|switch|p1a: Rillaboom|Rillaboom, F|100/100
|-fieldstart|move: Grassy Terrain|[from] ability: Grassy Surge|[of] p1a: Rillaboom
|turn|3
|
|t:|1769434274
|move|p1a: Rillaboom|Knock Off|p2a: Great Neck
|-damage|p2a: Great Neck|71/100
|-enditem|p2a: Great Neck|Leftovers|[from] move: Knock Off|[of] p1a: Rillaboom
|move|p2a: Great Neck|Draco Meteor|p1a: Rillaboom
|-damage|p1a: Rillaboom|0 fnt
|-unboost|p2a: Great Neck|spa|2
|faint|p1a: Rillaboom
|
|-heal|p2a: Great Neck|77/100|[from] Grassy Terrain
|upkeep
|
|t:|1769434286
|switch|p1a: Samurott|Samurott-Hisui, M|100/100
|turn|4
|
|t:|1769434291
|move|p1a: Samurott|Ceaseless Edge|p2a: Great Neck
|-damage|p2a: Great Neck|40/100
|-sidestart|p2: Qplazm10|Spikes
|move|p2a: Great Neck|Rising Voltage|p1a: Samurott
|-supereffective|p1a: Samurott
|-damage|p1a: Samurott|72/100
|
|-heal|p1a: Samurott|78/100|[from] Grassy Terrain
|-heal|p2a: Great Neck|46/100|[from] Grassy Terrain
|upkeep
|turn|5
|
|t:|1769434302
|-end|p2a: Great Neck|Protosynthesis|[silent]
|switch|p2a: The Urchinator|Pincurchin, M|100/100
|-damage|p2a: The Urchinator|88/100|[from] Stealth Rock
|-damage|p2a: The Urchinator|76/100|[from] Spikes
|-fieldstart|move: Electric Terrain|[from] ability: Electric Surge|[of] p2a: The Urchinator
|move|p1a: Samurott|Ceaseless Edge|p2a: The Urchinator
|-crit|p2a: The Urchinator
|-damage|p2a: The Urchinator|3/100
|-sidestart|p2: Qplazm10|Spikes
|
|upkeep
|turn|6
|
|t:|1769434311
|switch|p2a: Tronphan|Iron Treads|100/100
|-damage|p2a: Tronphan|97/100|[from] Stealth Rock
|-damage|p2a: Tronphan|81/100|[from] Spikes
|-activate|p2a: Tronphan|ability: Quark Drive
|-start|p2a: Tronphan|quarkdrivespe
|move|p1a: Samurott|Ceaseless Edge|p2a: Tronphan
|-damage|p2a: Tronphan|41/100
|-sidestart|p2: Qplazm10|Spikes
|
|upkeep
|turn|7
|
|t:|1769434323
|move|p2a: Tronphan|Rapid Spin|p1a: Samurott
|-damage|p1a: Samurott|57/100
|-boost|p2a: Tronphan|spe|1
|-sideend|p2: Qplazm10|Spikes|[from] move: Rapid Spin|[of] p2a: Tronphan
|-sideend|p2: Qplazm10|Stealth Rock|[from] move: Rapid Spin|[of] p2a: Tronphan
|-damage|p2a: Tronphan|31/100|[from] item: Life Orb
|move|p1a: Samurott|Ceaseless Edge|p2a: Tronphan
|-damage|p2a: Tronphan|0 fnt
|-sidestart|p2: Qplazm10|Spikes
|faint|p2a: Tronphan
|-end|p2a: Tronphan|Quark Drive|[silent]
|
|upkeep
|
|t:|1769434329
|switch|p2a: Gardevlade|Iron Valiant|100/100
|-damage|p2a: Gardevlade|88/100|[from] Spikes
|-activate|p2a: Gardevlade|ability: Quark Drive
|-start|p2a: Gardevlade|quarkdrivespe
|turn|8
|
|t:|1769434334
|switch|p1a: Munkidori|Munkidori, M|100/100
|move|p2a: Gardevlade|Moonblast|p1a: Munkidori
|-resisted|p1a: Munkidori
|-damage|p1a: Munkidori|73/100
|-unboost|p1a: Munkidori|spa|1
|
|upkeep
|turn|9
|
|t:|1769434344
|-end|p2a: Gardevlade|Quark Drive|[silent]
|switch|p2a: The Urchinator|Pincurchin, M|3/100
|-damage|p2a: The Urchinator|0 fnt|[from] Spikes
|faint|p2a: The Urchinator
|move|p1a: Munkidori|Sludge Bomb|p2: The Urchinator|[notarget]
|-fail|p1a: Munkidori
|
|upkeep
|
|t:|1769434354
|switch|p2a: Great Neck|Raging Bolt|46/100
|-damage|p2a: Great Neck|34/100|[from] Spikes
|turn|10
|
|t:|1769434364
|switch|p1a: Samurott|Samurott-Hisui, M|57/100
|move|p2a: Great Neck|Rising Voltage|p1a: Samurott
|-hint|Rising Voltage's BP doubled on grounded target.
|-supereffective|p1a: Samurott
|-damage|p1a: Samurott|0 fnt
|faint|p1a: Samurott
|
|upkeep
|
|t:|1769434374
|switch|p1a: Raging Bolt|Raging Bolt|100/100
|-enditem|p1a: Raging Bolt|Booster Energy
|-activate|p1a: Raging Bolt|ability: Protosynthesis|[fromitem]
|-start|p1a: Raging Bolt|protosynthesisspa
|turn|11
|
|t:|1769434378
|move|p1a: Raging Bolt|Dragon Pulse|p2a: Great Neck
|-supereffective|p2a: Great Neck
|-damage|p2a: Great Neck|0 fnt
|faint|p2a: Great Neck
|-end|p2a: Great Neck|Protosynthesis|[silent]
|
|upkeep
|
|t:|1769434386
|switch|p2a: Gardevlade|Iron Valiant|88/100
|-damage|p2a: Gardevlade|76/100|[from] Spikes
|-activate|p2a: Gardevlade|ability: Quark Drive
|-start|p2a: Gardevlade|quarkdrivespe
|turn|12
|
|t:|1769434391
|-end|p2a: Gardevlade|Quark Drive|[silent]
|switch|p2a: Virizitron|Iron Leaves|100/100
|-damage|p2a: Virizitron|88/100|[from] Spikes
|-activate|p2a: Virizitron|ability: Quark Drive
|-start|p2a: Virizitron|quarkdrivespe
|move|p1a: Raging Bolt|Thunderclap||[still]
|-fail|p1a: Raging Bolt
|
|-fieldend|move: Electric Terrain
|-end|p2a: Virizitron|Quark Drive
|upkeep
|turn|13
|
|t:|1769434399
|-end|p1a: Raging Bolt|Protosynthesis|[silent]
|switch|p1a: Tornadus|Tornadus-Therian, M|100/100
|move|p2a: Virizitron|Psyblade|p1a: Tornadus
|-damage|p1a: Tornadus|26/100
|-damage|p2a: Virizitron|78/100|[from] item: Life Orb
|
|upkeep
|turn|14
|
|t:|1769434413
|move|p1a: Tornadus|Bleakwind Storm|p2a: Virizitron
|-supereffective|p2a: Virizitron
|-damage|p2a: Virizitron|0 fnt
|faint|p2a: Virizitron
|-end|p2a: Virizitron|Quark Drive|[silent]
|
|upkeep
|
|t:|1769434414
|switch|p2a: Nacho Libre|Hawlucha, F, shiny|100/100
|turn|15
|
|t:|1769434419
|-terastallize|p2a: Nacho Libre|Steel
|move|p1a: Tornadus|Bleakwind Storm|p2a: Nacho Libre|[miss]
|-miss|p1a: Tornadus|p2a: Nacho Libre
|move|p2a: Nacho Libre|Acrobatics|p1a: Tornadus
|-damage|p1a: Tornadus|0 fnt
|faint|p1a: Tornadus
|
|upkeep
|
|t:|1769434431
|switch|p1a: Raging Bolt|Raging Bolt|100/100
|turn|16
|
|t:|1769434435
|move|p2a: Nacho Libre|High Jump Kick|p1a: Raging Bolt
|-damage|p1a: Raging Bolt|42/100
|move|p1a: Raging Bolt|Thunderbolt|p2a: Nacho Libre
|-damage|p2a: Nacho Libre|26/100
|
|upkeep
|turn|17
|
|t:|1769434441
|move|p1a: Raging Bolt|Thunderclap|p2a: Nacho Libre
|-damage|p2a: Nacho Libre|0 fnt
|faint|p2a: Nacho Libre
|
|upkeep
|
|t:|1769434443
|switch|p2a: Gardevlade|Iron Valiant|76/100
|-damage|p2a: Gardevlade|63/100|[from] Spikes
|turn|18
|
|t:|1769434447
|move|p1a: Raging Bolt|Thunderclap||[still]
|-fail|p1a: Raging Bolt
|move|p2a: Gardevlade|Trick|p1a: Raging Bolt
|-activate|p2a: Gardevlade|move: Trick|[of] p1a: Raging Bolt
|-item|p1a: Raging Bolt|Choice Specs|[from] move: Trick
|-enditem|p2a: Gardevlade|Choice Specs|[silent]|[from] move: Trick
|
|upkeep
|turn|19
|
|t:|1769434455
|move|p1a: Raging Bolt|Thunderclap|p2a: Gardevlade
|-damage|p2a: Gardevlade|0 fnt
|faint|p2a: Gardevlade
|-end|p2a: Gardevlade|Quark Drive|[silent]
|
|win|xxHaxmaster
|raw|xxHaxmaster's rating: 1396 &rarr; <strong>1416</strong><br />(+20 for winning)
|raw|Qplazm10's rating: 1390 &rarr; <strong>1370</strong><br />(-20 for losing)
|l|☆Qplazm10
|player|p2|
|c|☆xxHaxmaster|gg
|l|☆xxHaxmaster
|player|p1|
