|j|☆thedogthatbites
|j|☆The Blxck
|t:|1769323322
|gametype|singles
|player|p1|thedogthatbites|caitlin|1173
|player|p2|The Blxck|gardenia|1188
|gen|9
|tier|[Gen 9] OU
|rated|
|rule|HP Percentage Mod: HP is shown in percentages
|rule|Endless Battle Clause: Forcing endless battles is banned
|rule|Species Clause: Limit one of each Pokémon
|rule|OHKO Clause: OHKO moves are banned
|rule|Evasion Items Clause: Evasion items are banned
|rule|Evasion Moves Clause: Evasion moves are banned
|rule|Evasion Abilities Clause: Evasion abilities are banned
|rule|Sleep Moves Clause: Sleep-inducing moves are banned
|clearpoke
|poke|p1|Samurott-Hisui, F|
|poke|p1|Dragapult, M|
|poke|p1|Iron Valiant|
|poke|p1|Gholdengo|
|poke|p1|Great Tusk|
|poke|p1|Kingambit, M|
|poke|p2|Tyranitar, F|
|poke|p2|Excadrill, M|
|poke|p2|Dachsbun, F|
|poke|p2|Greninja-*, M|
|poke|p2|Eelektross, F|
|poke|p2|Iron Valiant|
|teampreview
|inactive|Battle timer is ON: inactive players will automatically lose when time's up. (requested by The Blxck)
|
|t:|1769323330
|teamsize|p1|6
|teamsize|p2|6
|start
|switch|p1a: TasteOfTuskany|Great Tusk|100/100
|switch|p2a: Tyranitar|Tyranitar, F|100/100
|-weather|Sandstorm|[from] ability: Sand Stream|[of] p2a: Tyranitar
|turn|1
|
|t:|1769323337
|move|p1a: TasteOfTuskany|Close Combat|p2a: Tyranitar
|-supereffective|p2a: Tyranitar
|-damage|p2a: Tyranitar|0 fnt
|-unboost|p1a: TasteOfTuskany|def|1
|-unboost|p1a: TasteOfTuskany|spd|1
|faint|p2a: Tyranitar
|
|-weather|Sandstorm|[upkeep]
|upkeep
|
|t:|1769323348
|switch|p2a: Greninja|Greninja, M|100/100
|turn|2
|
|t:|1769323365
|-end|p1a: TasteOfTuskany|Protosynthesis|[silent]
|switch|p1a: Yojimboat|Samurott-Hisui, F|100/100
|move|p2a: Greninja|Water Shuriken|p1a: Yojimboat
|-resisted|p1a: Yojimboat
|-damage|p1a: Yojimboat|96/100
|-resisted|p1a: Yojimboat
|-crit|p1a: Yojimboat
|-damage|p1a: Yojimboat|88/100
|-resisted|p1a: Yojimboat
|-damage|p1a: Yojimboat|82/100
|-resisted|p1a: Yojimboat
|-damage|p1a: Yojimboat|77/100
|-resisted|p1a: Yojimboat
|-damage|p1a: Yojimboat|72/100
|-hitcount|p1a: Yojimboat|5
|
|-weather|Sandstorm|[upkeep]
|-damage|p2a: Greninja|95/100|[from] Sandstorm
|-damage|p1a: Yojimboat|66/100|[from] Sandstorm
|upkeep
|turn|3
|
|t:|1769323373
|switch|p2a: Eelektross|Eelektross, F|100/100
|move|p1a: Yojimboat|Ceaseless Edge|p2a: Eelektross
|-crit|p2a: Eelektross
|-damage|p2a: Eelektross|30/100
|-sidestart|p2: The Blxck|Spikes
|
|-weather|Sandstorm|[upkeep]
|-damage|p1a: Yojimboat|59/100|[from] Sandstorm
|-damage|p2a: Eelektross|24/100|[from] Sandstorm
|upkeep
|turn|4
|
|t:|1769323383
|move|p1a: Yojimboat|Ceaseless Edge|p2a: Eelektross
|-damage|p2a: Eelektross|0 fnt
|-sidestart|p2: The Blxck|Spikes
|faint|p2a: Eelektross
|
|-weather|Sandstorm|[upkeep]
|-damage|p1a: Yojimboat|53/100|[from] Sandstorm
|upkeep
|
|t:|1769323391
|switch|p2a: Excadrill|Excadrill, M|100/100
|turn|5
|
|t:|1769323401
|switch|p1a: TasteOfTuskany|Great Tusk|100/100
|move|p2a: Excadrill|Earthquake|p1a: TasteOfTuskany
|-damage|p1a: TasteOfTuskany|56/100
|
|-weather|Sandstorm|[upkeep]
|upkeep
|turn|6
|
|t:|1769323408
|move|p2a: Excadrill|Rapid Spin|p1a: TasteOfTuskany
|-damage|p1a: TasteOfTuskany|42/100
|-boost|p2a: Excadrill|spe|1
|-sideend|p2: The Blxck|Spikes|[from] move: Rapid Spin|[of] p2a: Excadrill
|move|p1a: TasteOfTuskany|Close Combat|p2a: Excadrill
|-supereffective|p2a: Excadrill
|-damage|p2a: Excadrill|0 fnt
|-unboost|p1a: TasteOfTuskany|def|1
|-unboost|p1a: TasteOfTuskany|spd|1
|faint|p2a: Excadrill
|
|-weather|Sandstorm|[upkeep]
|upkeep
|
|t:|1769323416
|switch|p2a: Dachsbun|Dachsbun, F|100/100
|turn|7
|
|t:|1769323421
|move|p1a: TasteOfTuskany|Headlong Rush|p2a: Dachsbun
|-damage|p2a: Dachsbun|60/100
|-unboost|p1a: TasteOfTuskany|def|1
|-unboost|p1a: TasteOfTuskany|spd|1
|move|p2a: Dachsbun|Play Rough|p1a: TasteOfTuskany
|-supereffective|p1a: TasteOfTuskany
|-damage|p1a: TasteOfTuskany|0 fnt
|faint|p1a: TasteOfTuskany
|-end|p1a: TasteOfTuskany|Protosynthesis|[silent]
|
|-weather|Sandstorm|[upkeep]
|-damage|p2a: Dachsbun|54/100|[from] Sandstorm
|-heal|p2a: Dachsbun|60/100|[from] item: Leftovers
|upkeep
|
|t:|1769323431
|switch|p1a: Jamie Fox|Gholdengo|100/100
|-item|p1a: Jamie Fox|Air Balloon
|turn|8
|
|t:|1769323440
|-terastallize|p2a: Dachsbun|Steel
|move|p1a: Jamie Fox|Make It Rain|p2a: Dachsbun
|-resisted|p2a: Dachsbun
|-damage|p2a: Dachsbun|17/100
|-unboost|p1a: Jamie Fox|spa|1
|move|p2a: Dachsbun|Wish|p2a: Dachsbun
|
|-weather|none
|-heal|p2a: Dachsbun|23/100|[from] item: Leftovers
|upkeep
|turn|9
|
|t:|1769323449
|move|p2a: Dachsbun|Protect|p2a: Dachsbun
|-singleturn|p2a: Dachsbun|Protect
|move|p1a: Jamie Fox|Nasty Plot|p1a: Jamie Fox
|-boost|p1a: Jamie Fox|spa|2
|
|-heal|p2a: Dachsbun|73/100|[from] move: Wish|[wisher] Dachsbun
|-heal|p2a: Dachsbun|79/100|[from] item: Leftovers
|upkeep
|turn|10
|
|t:|1769323459
|move|p1a: Jamie Fox|Shadow Ball|p2a: Dachsbun
|-damage|p2a: Dachsbun|0 fnt
|faint|p2a: Dachsbun
|
|upkeep
|
|t:|1769323463
|switch|p2a: Greninja|Greninja, M|95/100
|turn|11
|
|t:|1769323470
|-terastallize|p1a: Jamie Fox|Water
|move|p2a: Greninja|Dark Pulse|p1a: Jamie Fox
|-damage|p1a: Jamie Fox|60/100
|-enditem|p1a: Jamie Fox|Air Balloon
|move|p1a: Jamie Fox|Thunderbolt|p2a: Greninja
|-supereffective|p2a: Greninja
|-damage|p2a: Greninja|0 fnt
|faint|p2a: Greninja
|
|upkeep
|
|t:|1769323478
|switch|p2a: Iron Valiant|Iron Valiant|100/100
|-enditem|p2a: Iron Valiant|Booster Energy
|-activate|p2a: Iron Valiant|ability: Quark Drive|[fromitem]
|-start|p2a: Iron Valiant|quarkdrivespe
|turn|12
|
|t:|1769323483
|move|p2a: Iron Valiant|Leaf Blade|p1a: Jamie Fox
|-supereffective|p1a: Jamie Fox
|-crit|p1a: Jamie Fox
|-damage|p1a: Jamie Fox|0 fnt
|faint|p1a: Jamie Fox
|
|upkeep
|
|t:|1769323504
|switch|p1a: A Glock 40|Dragapult, M|100/100
|turn|13
|
|t:|1769323509
|move|p2a: Iron Valiant|Spirit Break|p1a: A Glock 40
|-supereffective|p1a: A Glock 40
|-damage|p1a: A Glock 40|0 fnt
|faint|p1a: A Glock 40
|
|upkeep
|
|t:|1769323512
|switch|p1a: Yojimboat|Samurott-Hisui, F|53/100
|turn|14
|
|t:|1769323518
|move|p1a: Yojimboat|Aqua Jet|p2a: Iron Valiant
|-damage|p2a: Iron Valiant|77/100
|move|p2a: Iron Valiant|Spirit Break|p1a: Yojimboat
|-supereffective|p1a: Yojimboat
|-damage|p1a: Yojimboat|0 fnt
|faint|p1a: Yojimboat
|
|upkeep
|
|t:|1769323524
|switch|p1a: King Von|Kingambit, M|100/100
|turn|15
|
|t:|1769323531
|move|p1a: King Von|Sucker Punch||[still]
|-fail|p1a: King Von
|move|p2a: Iron Valiant|Swords Dance|p2a: Iron Valiant
|-boost|p2a: Iron Valiant|atk|2
|
|upkeep
|turn|16
|
|t:|1769323539
|move|p2a: Iron Valiant|Close Combat|p1a: King Von
|-supereffective|p1a: King Von
|-damage|p1a: King Von|0 fnt
|-unboost|p2a: Iron Valiant|def|1
|-unboost|p2a: Iron Valiant|spd|1
|faint|p1a: King Von
|
|upkeep
|
|t:|1769323541
|switch|p1a: Ol' Reliable|Iron Valiant|100/100
|-enditem|p1a: Ol' Reliable|Booster Energy
|-activate|p1a: Ol' Reliable|ability: Quark Drive|[fromitem]
|-start|p1a: Ol' Reliable|quarkdrivespe
|turn|17
|
|t:|1769323551
|move|p1a: Ol' Reliable|Moonblast|p2a: Iron Valiant
|-supereffective|p2a: Iron Valiant
|-damage|p2a: Iron Valiant|0 fnt
|faint|p2a: Iron Valiant
|-end|p2a: Iron Valiant|Quark Drive|[silent]
|
|win|thedogthatbites
|raw|thedogthatbites's rating: 1173 &rarr; <strong>1199</strong><br />(+26 for winning)
|raw|The Blxck's rating: 1188 &rarr; <strong>1162</strong><br />(-26 for losing)
|l|☆The Blxck
|player|p2|
|l|☆thedogthatbites
|player|p1|
