|j|☆methiant
|j|‽jheebus
|t:|1769382882
|gametype|singles
|player|p1|methiant|102|1160
|player|p2|jheebus|101|1127
|gen|9
|tier|[Gen 9] OU
|rated|
|rule|HP Percentage Mod: HP is shown in percentages
|rule|Endless Battle Clause: Forcing endless battles is banned
|rule|Species Clause: Limit one of each Pokémon
|rule|OHKO Clause: OHKO moves are banned
|rule|Evasion Items Clause: Evasion items are banned
|rule|Evasion Moves Clause: Evasion moves are banned
|rule|Evasion Abilities Clause: Evasion abilities are banned
|rule|Sleep Moves Clause: Sleep-inducing moves are banned
|clearpoke
|poke|p1|Tyranitar, M|
|poke|p1|Deoxys-Speed|
|poke|p1|Iron Valiant|
|poke|p1|Electrode|
|poke|p1|Greninja-*, M|
|poke|p1|Dragonite, F|
|poke|p2|Great Tusk|
|poke|p2|Gholdengo|
|poke|p2|Heatran, F|
|poke|p2|Dragapult, F|
|poke|p2|Weezing-Galar, F|
|poke|p2|Primarina, F|
|teampreview
|inactive|Battle timer is ON: inactive players will automatically lose when time's up. (requested by jheebus)
|
|t:|1769382888
|teamsize|p1|6
|teamsize|p2|6
|start
|switch|p1a: Electrode|Electrode|100/100
|switch|p2a: Weezing|Weezing-Galar, F|100/100
|-ability|p2a: Weezing|Neutralizing Gas
|turn|1
|
|t:|1769382898
|move|p1a: Electrode|Explosion|p2a: Weezing
|-damage|p2a: Weezing|71/100
|faint|p1a: Electrode
|move|p2a: Weezing|Toxic|p1: Electrode|[notarget]
|-fail|p2a: Weezing
|
|-heal|p2a: Weezing|77/100|[from] item: Leftovers
|upkeep
|
|t:|1769382909
|switch|p1a: Deoxys|Deoxys-Speed|100/100
|turn|2
|
|t:|1769382913
|-terastallize|p1a: Deoxys|Rock
|move|p1a: Deoxys|Meteor Beam||[still]
|-prepare|p1a: Deoxys|Meteor Beam
|-boost|p1a: Deoxys|spa|1
|-enditem|p1a: Deoxys|Power Herb
|-anim|p1a: Deoxys|Meteor Beam|p2a: Weezing
|-damage|p2a: Weezing|0 fnt
|faint|p2a: Weezing
|-end|p2a: Weezing|ability: Neutralizing Gas
|-ability|p1a: Deoxys|Pressure
|
|upkeep
|
|t:|1769382927
|switch|p2a: Primarina|Primarina, F|100/100
|turn|3
|
|t:|1769382931
|move|p1a: Deoxys|Psycho Boost|p2a: Primarina
|-crit|p2a: Primarina
|-damage|p2a: Primarina|0 fnt
|-unboost|p1a: Deoxys|spa|2
|faint|p2a: Primarina
|
|upkeep
|
|t:|1769382940
|switch|p2a: Dragapult|Dragapult, F|100/100
|turn|4
|
|t:|1769382945
|move|p1a: Deoxys|Ice Beam|p2a: Dragapult
|-supereffective|p2a: Dragapult
|-damage|p2a: Dragapult|52/100
|move|p2a: Dragapult|Phantom Force||[still]
|-prepare|p2a: Dragapult|Phantom Force
|
|upkeep
|turn|5
|
|t:|1769382955
|switch|p1a: Tyranitar|Tyranitar, M|100/100
|-weather|Sandstorm|[from] ability: Sand Stream|[of] p1a: Tyranitar
|move|p2a: Dragapult|Phantom Force|p1a: Tyranitar|[from] lockedmove
|-resisted|p1a: Tyranitar
|-damage|p1a: Tyranitar|85/100
|
|-weather|Sandstorm|[upkeep]
|-damage|p2a: Dragapult|46/100|[from] Sandstorm
|upkeep
|turn|6
|
|t:|1769382965
|switch|p2a: Great Tusk|Great Tusk|100/100
|move|p1a: Tyranitar|Knock Off|p2a: Great Tusk
|-resisted|p2a: Great Tusk
|-damage|p2a: Great Tusk|75/100
|-enditem|p2a: Great Tusk|Heavy-Duty Boots|[from] move: Knock Off|[of] p1a: Tyranitar
|-damage|p1a: Tyranitar|75/100|[from] item: Life Orb
|
|-weather|Sandstorm|[upkeep]
|upkeep
|turn|7
|
|t:|1769382972
|switch|p1a: Deoxys|Deoxys-Speed, tera:Rock|100/100
|-ability|p1a: Deoxys|Pressure
|move|p2a: Great Tusk|Ice Spinner|p1a: Deoxys
|-damage|p1a: Deoxys|55/100
|
|-weather|Sandstorm|[upkeep]
|upkeep
|turn|8
|
|t:|1769382975
|move|p1a: Deoxys|Psycho Boost|p2a: Great Tusk
|-supereffective|p2a: Great Tusk
|-damage|p2a: Great Tusk|0 fnt
|-unboost|p1a: Deoxys|spa|2
|faint|p2a: Great Tusk
|-end|p2a: Great Tusk|Protosynthesis|[silent]
|
|-weather|Sandstorm|[upkeep]
|upkeep
|-message|jheebus forfeited.
|
|win|methiant
|raw|methiant's rating: 1160 &rarr; <strong>1183</strong><br />(+23 for winning)
|raw|jheebus's rating: 1127 &rarr; <strong>1104</strong><br />(-23 for losing)
|l|‽jheebus
|player|p2|
|l|☆methiant
|player|p1|
