|j|☆STALLWILLCONQUER
|j|☆SAURHEAD and PAIN
|t:|1769296108
|gametype|singles
|player|p1|STALLWILLCONQUER|colress|1534
|player|p2|SAURHEAD and PAIN|byron|1521
|gen|9
|tier|[Gen 9] OU
|rated|
|rule|HP Percentage Mod: HP is shown in percentages
|rule|Endless Battle Clause: Forcing endless battles is banned
|rule|Species Clause: Limit one of each Pokémon
|rule|OHKO Clause: OHKO moves are banned
|rule|Evasion Items Clause: Evasion items are banned
|rule|Evasion Moves Clause: Evasion moves are banned
|rule|Evasion Abilities Clause: Evasion abilities are banned
|rule|Sleep Moves Clause: Sleep-inducing moves are banned
|clearpoke
|poke|p1|Clodsire, M|
|poke|p1|Dondozo, M|
|poke|p1|Alomomola, M|
|poke|p1|Talonflame, F|
|poke|p1|Toxapex, M|
|poke|p1|Blissey, F|
|poke|p2|Rillaboom, M|
|poke|p2|Magnezone|
|poke|p2|Hawlucha, F|
|poke|p2|Dragapult, M|
|poke|p2|Keldeo-Resolute|
|poke|p2|Iron Treads|
|teampreview
|inactive|Battle timer is ON: inactive players will automatically lose when time's up. (requested by SAURHEAD and PAIN)
|
|t:|1769296123
|teamsize|p1|6
|teamsize|p2|6
|start
|switch|p1a: Toxapex|Toxapex, M|100/100
|switch|p2a: Keldeo|Keldeo-Resolute|100/100
|turn|1
|
|t:|1769296128
|switch|p2a: Magnezone|Magnezone|100/100
|move|p1a: Toxapex|Infestation|p2a: Magnezone
|-resisted|p2a: Magnezone
|-damage|p2a: Magnezone|99/100
|-activate|p2a: Magnezone|move: Infestation|[of] p1a: Toxapex
|
|-damage|p2a: Magnezone|87/100|[from] move: Infestation|[partiallytrapped]
|upkeep
|turn|2
|
|t:|1769296134
|switch|p1a: Clodsire|Clodsire, M|100/100
|move|p2a: Magnezone|Flash Cannon|p1a: Clodsire
|-damage|p1a: Clodsire|75/100
|
|-end|p2a: Magnezone|Infestation|[partiallytrapped]|[silent]
|upkeep
|turn|3
|
|t:|1769296142
|switch|p2a: Rillaboom|Rillaboom, M|100/100
|-fieldstart|move: Grassy Terrain|[from] ability: Grassy Surge|[of] p2a: Rillaboom
|move|p1a: Clodsire|Gunk Shot|p2a: Rillaboom
|-supereffective|p2a: Rillaboom
|-damage|p2a: Rillaboom|24/100
|-status|p2a: Rillaboom|psn
|
|-heal|p2a: Rillaboom|30/100 psn|[from] Grassy Terrain
|-heal|p1a: Clodsire|81/100|[from] Grassy Terrain
|-damage|p2a: Rillaboom|18/100 psn|[from] psn
|upkeep
|turn|4
|
|t:|1769296153
|move|p2a: Rillaboom|Knock Off|p1a: Clodsire
|-damage|p1a: Clodsire|26/100
|-enditem|p1a: Clodsire|Heavy-Duty Boots|[from] move: Knock Off|[of] p2a: Rillaboom
|move|p1a: Clodsire|Gunk Shot|p2a: Rillaboom
|-supereffective|p2a: Rillaboom
|-damage|p2a: Rillaboom|0 fnt
|faint|p2a: Rillaboom
|
|-heal|p1a: Clodsire|32/100|[from] Grassy Terrain
|upkeep
|
|t:|1769296160
|switch|p2a: Dragapult|Dragapult, M|100/100
|turn|5
|j| Nikator98
|
|t:|1769296163
|switch|p1a: Toxapex|Toxapex, M|100/100
|move|p2a: Dragapult|Will-O-Wisp|p1a: Toxapex
|-status|p1a: Toxapex|brn
|
|-damage|p1a: Toxapex|94/100 brn|[from] brn
|upkeep
|turn|6
|
|t:|1769296167
|move|p2a: Dragapult|Hex|p1a: Toxapex
|-damage|p1a: Toxapex|51/100 brn
|move|p1a: Toxapex|Toxic|p2a: Dragapult
|-status|p2a: Dragapult|tox
|
|-heal|p1a: Toxapex|58/100 brn|[from] Grassy Terrain
|-damage|p2a: Dragapult|95/100 tox|[from] psn
|-damage|p1a: Toxapex|51/100 brn|[from] brn
|upkeep
|turn|7
|
|t:|1769296171
|switch|p1a: Blissey|Blissey, F|100/100
|move|p2a: Dragapult|Dragon Darts|p1a: Blissey
|-damage|p1a: Blissey|60/100
|-anim|p2a: Dragapult|Dragon Darts|p1a: Blissey
|-damage|p1a: Blissey|18/100
|
|-heal|p2a: Dragapult|100/100 tox|[from] Grassy Terrain
|-heal|p1a: Blissey|24/100|[from] Grassy Terrain
|-damage|p2a: Dragapult|89/100 tox|[from] psn
|-fieldend|move: Grassy Terrain
|upkeep
|turn|8
|
|t:|1769296177
|switch|p1a: Dondozo|Dondozo, M|100/100
|move|p2a: Dragapult|Will-O-Wisp|p1a: Dondozo
|-status|p1a: Dondozo|brn
|
|-damage|p2a: Dragapult|71/100 tox|[from] psn
|-damage|p1a: Dondozo|94/100 brn|[from] brn
|upkeep
|turn|9
|
|t:|1769296179
|move|p2a: Dragapult|Hex|p1a: Dondozo
|-damage|p1a: Dondozo|43/100 brn
|move|p1a: Dondozo|Rest|p1a: Dondozo
|-status|p1a: Dondozo|slp|[from] move: Rest
|-heal|p1a: Dondozo|100/100 slp|[silent]
|
|-damage|p2a: Dragapult|47/100 tox|[from] psn
|upkeep
|turn|10
|
|t:|1769296184
|switch|p2a: Magnezone|Magnezone|87/100
|cant|p1a: Dondozo|slp
|move|p1a: Dondozo|Sleep Talk|p1a: Dondozo
|move|p1a: Dondozo|Body Press|p2a: Magnezone|[from] move: Sleep Talk
|-supereffective|p2a: Magnezone
|-damage|p2a: Magnezone|31/100
|
|upkeep
|turn|11
|
|t:|1769296194
|switch|p1a: Clodsire|Clodsire, M|32/100
|move|p2a: Magnezone|Flash Cannon|p1a: Clodsire
|-damage|p1a: Clodsire|6/100
|
|upkeep
|turn|12
|
|t:|1769296203
|switch|p1a: Talonflame|Talonflame, F|100/100
|move|p2a: Magnezone|Flash Cannon|p1a: Talonflame
|-resisted|p1a: Talonflame
|-damage|p1a: Talonflame|73/100
|
|upkeep
|turn|13
|
|t:|1769296210
|-terastallize|p2a: Magnezone|Fighting
|move|p1a: Talonflame|Flamethrower|p2a: Magnezone
|-damage|p2a: Magnezone|12/100
|move|p2a: Magnezone|Thunderbolt|p1a: Talonflame
|-supereffective|p1a: Talonflame
|-damage|p1a: Talonflame|0 fnt
|faint|p1a: Talonflame
|
|upkeep
|
|t:|1769296228
|switch|p1a: Toxapex|Toxapex, M|85/100 brn
|turn|14
|
|t:|1769296234
|switch|p2a: Dragapult|Dragapult, M|47/100 tox
|-terastallize|p1a: Toxapex|Fairy
|move|p1a: Toxapex|Infestation|p2a: Dragapult
|-resisted|p2a: Dragapult
|-damage|p2a: Dragapult|44/100 tox
|-activate|p2a: Dragapult|move: Infestation|[of] p1a: Toxapex
|
|-damage|p2a: Dragapult|38/100 tox|[from] psn
|-damage|p1a: Toxapex|78/100 brn|[from] brn
|-damage|p2a: Dragapult|26/100 tox|[from] move: Infestation|[partiallytrapped]
|upkeep
|turn|15
|
|t:|1769296240
|move|p2a: Dragapult|Hex|p1a: Toxapex
|-damage|p1a: Toxapex|38/100 brn
|move|p1a: Toxapex|Recover|p1a: Toxapex
|-heal|p1a: Toxapex|88/100 brn
|
|-damage|p2a: Dragapult|14/100 tox|[from] psn
|-damage|p1a: Toxapex|81/100 brn|[from] brn
|-damage|p2a: Dragapult|2/100 tox|[from] move: Infestation|[partiallytrapped]
|upkeep
|turn|16
|
|t:|1769296251
|move|p2a: Dragapult|Hex|p1a: Toxapex
|-damage|p1a: Toxapex|39/100 brn
|move|p1a: Toxapex|Recover|p1a: Toxapex
|-heal|p1a: Toxapex|89/100 brn
|
|-damage|p2a: Dragapult|0 fnt|[from] psn
|faint|p2a: Dragapult
|-damage|p1a: Toxapex|83/100 brn|[from] brn
|upkeep
|
|t:|1769296258
|switch|p2a: Magnezone|Magnezone, tera:Fighting|12/100
|turn|17
|
|t:|1769296260
|move|p2a: Magnezone|Flash Cannon|p1a: Toxapex
|-supereffective|p1a: Toxapex
|-damage|p1a: Toxapex|1/100 brn
|move|p1a: Toxapex|Toxic|p2a: Magnezone
|-status|p2a: Magnezone|tox
|
|-damage|p2a: Magnezone|6/100 tox|[from] psn
|-damage|p1a: Toxapex|0 fnt|[from] brn
|faint|p1a: Toxapex
|upkeep
|
|t:|1769296269
|switch|p1a: Alomomola|Alomomola, M|100/100
|turn|18
|
|t:|1769296280
|switch|p2a: Keldeo|Keldeo-Resolute|100/100
|move|p1a: Alomomola|Wish|p1a: Alomomola
|
|upkeep
|turn|19
|
|t:|1769296286
|move|p2a: Keldeo|Secret Sword|p1a: Alomomola
|-damage|p1a: Alomomola|75/100
|move|p1a: Alomomola|Flip Turn|p2a: Keldeo
|-resisted|p2a: Keldeo
|-damage|p2a: Keldeo|91/100
|
|t:|1769296292
|switch|p1a: Blissey|Blissey, F|24/100|[from] Flip Turn
|
|-heal|p1a: Blissey|62/100|[from] move: Wish|[wisher] Alomomola
|upkeep
|turn|20
|
|t:|1769296295
|switch|p1a: Alomomola|Alomomola, M|100/100
|move|p2a: Keldeo|Secret Sword|p1a: Alomomola
|-damage|p1a: Alomomola|77/100
|
|upkeep
|turn|21
|
|t:|1769296298
|move|p2a: Keldeo|Hydro Pump|p1a: Alomomola|[miss]
|-miss|p2a: Keldeo|p1a: Alomomola
|move|p1a: Alomomola|Wish|p1a: Alomomola
|
|upkeep
|turn|22
|
|t:|1769296303
|move|p2a: Keldeo|Secret Sword|p1a: Alomomola
|-damage|p1a: Alomomola|53/100
|move|p1a: Alomomola|Flip Turn|p2a: Keldeo
|-resisted|p2a: Keldeo
|-damage|p2a: Keldeo|81/100
|
|t:|1769296308
|switch|p1a: Clodsire|Clodsire, M|6/100|[from] Flip Turn
|
|-heal|p1a: Clodsire|63/100|[from] move: Wish|[wisher] Alomomola
|upkeep
|turn|23
|
|t:|1769296313
|switch|p2a: Iron Treads|Iron Treads|100/100
|switch|p1a: Alomomola|Alomomola, M|86/100
|
|upkeep
|turn|24
|
|t:|1769296318
|move|p2a: Iron Treads|Knock Off|p1a: Alomomola
|-damage|p1a: Alomomola|72/100
|-enditem|p1a: Alomomola|Heavy-Duty Boots|[from] move: Knock Off|[of] p2a: Iron Treads
|move|p1a: Alomomola|Whirlpool|p2a: Iron Treads
|-supereffective|p2a: Iron Treads
|-damage|p2a: Iron Treads|86/100
|-activate|p2a: Iron Treads|move: Whirlpool|[of] p1a: Alomomola
|
|-heal|p2a: Iron Treads|93/100|[from] item: Leftovers
|-damage|p2a: Iron Treads|80/100|[from] move: Whirlpool|[partiallytrapped]
|upkeep
|turn|25
|
|t:|1769296327
|move|p2a: Iron Treads|Stealth Rock|p1a: Alomomola
|-sidestart|p1: STALLWILLCONQUER|move: Stealth Rock
|move|p1a: Alomomola|Wish|p1a: Alomomola
|
|-heal|p2a: Iron Treads|86/100|[from] item: Leftovers
|-damage|p2a: Iron Treads|74/100|[from] move: Whirlpool|[partiallytrapped]
|upkeep
|turn|26
|
|t:|1769296334
|move|p2a: Iron Treads|Knock Off|p1a: Alomomola
|-damage|p1a: Alomomola|63/100
|move|p1a: Alomomola|Whirlpool|p2a: Iron Treads
|-supereffective|p2a: Iron Treads
|-damage|p2a: Iron Treads|61/100
|
|-heal|p1a: Alomomola|100/100|[from] move: Wish|[wisher] Alomomola
|-heal|p2a: Iron Treads|67/100|[from] item: Leftovers
|-damage|p2a: Iron Treads|55/100|[from] move: Whirlpool|[partiallytrapped]
|upkeep
|turn|27
|
|t:|1769296346
|move|p1a: Alomomola|Protect|p1a: Alomomola
|-singleturn|p1a: Alomomola|Protect
|move|p2a: Iron Treads|High Horsepower|p1a: Alomomola
|-activate|p1a: Alomomola|move: Protect
|
|-heal|p2a: Iron Treads|61/100|[from] item: Leftovers
|-damage|p2a: Iron Treads|48/100|[from] move: Whirlpool|[partiallytrapped]
|upkeep
|turn|28
|
|t:|1769296354
|move|p2a: Iron Treads|High Horsepower|p1a: Alomomola
|-damage|p1a: Alomomola|80/100
|move|p1a: Alomomola|Wish|p1a: Alomomola
|
|-heal|p2a: Iron Treads|55/100|[from] item: Leftovers
|-end|p2a: Iron Treads|Whirlpool|[partiallytrapped]
|upkeep
|turn|29
|
|t:|1769296364
|-end|p2a: Iron Treads|Quark Drive|[silent]
|switch|p2a: Keldeo|Keldeo-Resolute|81/100
|move|p1a: Alomomola|Whirlpool|p2a: Keldeo|[miss]
|-miss|p1a: Alomomola|p2a: Keldeo
|
|-heal|p1a: Alomomola|100/100|[from] move: Wish|[wisher] Alomomola
|upkeep
|turn|30
|
|t:|1769296368
|move|p2a: Keldeo|Hydro Pump|p1a: Alomomola
|-resisted|p1a: Alomomola
|-damage|p1a: Alomomola|66/100
|move|p1a: Alomomola|Whirlpool|p2a: Keldeo
|-resisted|p2a: Keldeo
|-damage|p2a: Keldeo|77/100
|-activate|p2a: Keldeo|move: Whirlpool|[of] p1a: Alomomola
|
|-damage|p2a: Keldeo|65/100|[from] move: Whirlpool|[partiallytrapped]
|upkeep
|turn|31
|
|t:|1769296376
|move|p1a: Alomomola|Protect|p1a: Alomomola
|-singleturn|p1a: Alomomola|Protect
|move|p2a: Keldeo|Hydro Pump|p1a: Alomomola
|-activate|p1a: Alomomola|move: Protect
|
|-damage|p2a: Keldeo|53/100|[from] move: Whirlpool|[partiallytrapped]
|upkeep
|turn|32
|
|t:|1769296383
|move|p2a: Keldeo|Hydro Pump|p1a: Alomomola
|-resisted|p1a: Alomomola
|-damage|p1a: Alomomola|33/100
|move|p1a: Alomomola|Wish|p1a: Alomomola
|
|-damage|p2a: Keldeo|40/100|[from] move: Whirlpool|[partiallytrapped]
|upkeep
|turn|33
|
|t:|1769296390
|move|p1a: Alomomola|Protect|p1a: Alomomola
|-singleturn|p1a: Alomomola|Protect
|move|p2a: Keldeo|Secret Sword|p1a: Alomomola
|-activate|p1a: Alomomola|move: Protect
|
|-heal|p1a: Alomomola|83/100|[from] move: Wish|[wisher] Alomomola
|-damage|p2a: Keldeo|28/100|[from] move: Whirlpool|[partiallytrapped]
|upkeep
|turn|34
|
|t:|1769296399
|move|p2a: Keldeo|Flip Turn|p1a: Alomomola
|-resisted|p1a: Alomomola
|-damage|p1a: Alomomola|79/100
|
|t:|1769296403
|switch|p2a: Hawlucha|Hawlucha, F|100/100|[from] Flip Turn
|move|p1a: Alomomola|Wish|p1a: Alomomola
|
|upkeep
|turn|35
|
|t:|1769296408
|move|p2a: Hawlucha|Swords Dance|p2a: Hawlucha
|-boost|p2a: Hawlucha|atk|2
|move|p1a: Alomomola|Flip Turn|p2a: Hawlucha
|-damage|p2a: Hawlucha|78/100
|
|t:|1769296414
|switch|p1a: Dondozo|Dondozo, M|100/100 slp|[from] Flip Turn
|
|upkeep
|turn|36
|
|t:|1769296420
|move|p2a: Hawlucha|Close Combat|p1a: Dondozo
|-damage|p1a: Dondozo|77/100 slp
|-unboost|p2a: Hawlucha|def|1
|-unboost|p2a: Hawlucha|spd|1
|cant|p1a: Dondozo|slp
|move|p1a: Dondozo|Sleep Talk|p1a: Dondozo
|move|p1a: Dondozo|Liquidation|p2a: Hawlucha|[from] move: Sleep Talk
|-damage|p2a: Hawlucha|36/100
|
|upkeep
|turn|37
|
|t:|1769296430
|move|p2a: Hawlucha|Close Combat|p1a: Dondozo
|-damage|p1a: Dondozo|53/100 slp
|-unboost|p2a: Hawlucha|def|1
|-unboost|p2a: Hawlucha|spd|1
|-curestatus|p1a: Dondozo|slp|[msg]
|move|p1a: Dondozo|Liquidation|p2a: Hawlucha
|-damage|p2a: Hawlucha|0 fnt
|faint|p2a: Hawlucha
|
|upkeep
|
|t:|1769296436
|switch|p2a: Magnezone|Magnezone, tera:Fighting|6/100 tox
|turn|38
|
|t:|1769296441
|switch|p1a: Clodsire|Clodsire, M|63/100
|-damage|p1a: Clodsire|57/100|[from] Stealth Rock
|move|p2a: Magnezone|Flash Cannon|p1a: Clodsire
|-damage|p1a: Clodsire|33/100
|
|-damage|p2a: Magnezone|0 fnt|[from] psn
|faint|p2a: Magnezone
|upkeep
|
|t:|1769296443
|switch|p2a: Keldeo|Keldeo-Resolute|28/100
|turn|39
|
|t:|1769296454
|move|p2a: Keldeo|Hydro Pump|p1a: Clodsire
|-supereffective|p1a: Clodsire
|-damage|p1a: Clodsire|0 fnt
|faint|p1a: Clodsire
|
|upkeep
|
|t:|1769296456
|switch|p1a: Alomomola|Alomomola, M|100/100
|-damage|p1a: Alomomola|88/100|[from] Stealth Rock
|turn|40
|
|t:|1769296460
|switch|p2a: Iron Treads|Iron Treads|55/100
|move|p1a: Alomomola|Wish|p1a: Alomomola
|
|-heal|p2a: Iron Treads|61/100|[from] item: Leftovers
|upkeep
|turn|41
|
|t:|1769296467
|move|p2a: Iron Treads|High Horsepower|p1a: Alomomola
|-damage|p1a: Alomomola|70/100
|move|p1a: Alomomola|Whirlpool|p2a: Iron Treads
|-supereffective|p2a: Iron Treads
|-damage|p2a: Iron Treads|47/100
|-activate|p2a: Iron Treads|move: Whirlpool|[of] p1a: Alomomola
|
|-heal|p1a: Alomomola|100/100|[from] move: Wish|[wisher] Alomomola
|-heal|p2a: Iron Treads|53/100|[from] item: Leftovers
|-damage|p2a: Iron Treads|41/100|[from] move: Whirlpool|[partiallytrapped]
|upkeep
|turn|42
|l| Nikator98
|-message|SAURHEAD and PAIN forfeited.
|
|win|STALLWILLCONQUER
|raw|STALLWILLCONQUER's rating: 1534 &rarr; <strong>1553</strong><br />(+19 for winning)
|raw|SAURHEAD and PAIN's rating: 1521 &rarr; <strong>1502</strong><br />(-19 for losing)
|l|☆SAURHEAD and PAIN
|player|p2|
|l|☆STALLWILLCONQUER
|player|p1|
|j| Nikator98
|l| Nikator98
