|j|☆adobo809
|j|☆Nags VGC
|t:|1769322446
|gametype|singles
|player|p1|adobo809|juan|1075
|player|p2|Nags VGC|rood|1111
|gen|9
|tier|[Gen 9] OU
|rated|
|rule|HP Percentage Mod: HP is shown in percentages
|rule|Endless Battle Clause: Forcing endless battles is banned
|rule|Species Clause: Limit one of each Pokémon
|rule|OHKO Clause: OHKO moves are banned
|rule|Evasion Items Clause: Evasion items are banned
|rule|Evasion Moves Clause: Evasion moves are banned
|rule|Evasion Abilities Clause: Evasion abilities are banned
|rule|Sleep Moves Clause: Sleep-inducing moves are banned
|clearpoke
|poke|p1|Ambipom, F|
|poke|p1|Glimmora, F|
|poke|p1|Heatran, M|
|poke|p1|Ogerpon-Wellspring, F|
|poke|p1|Hatterene, F|
|poke|p1|Dragapult, M|
|poke|p2|Iron Valiant|
|poke|p2|Excadrill, M|
|poke|p2|Tyranitar, M|
|poke|p2|Tornadus-Therian, M|
|poke|p2|Ogerpon-Cornerstone, F|
|poke|p2|Toxapex, M|
|teampreview
|
|t:|1769322461
|teamsize|p1|6
|teamsize|p2|6
|start
|switch|p1a: Heatran|Heatran, M|100/100
|switch|p2a: Tyranitar|Tyranitar, M, shiny|100/100
|-weather|Sandstorm|[from] ability: Sand Stream|[of] p2a: Tyranitar
|-item|p1a: Heatran|Air Balloon
|turn|1
|
|t:|1769322479
|move|p2a: Tyranitar|Stealth Rock|p1a: Heatran
|-sidestart|p1: adobo809|move: Stealth Rock
|move|p1a: Heatran|Flash Cannon|p2a: Tyranitar
|-supereffective|p2a: Tyranitar
|-damage|p2a: Tyranitar|47/100
|
|-weather|Sandstorm|[upkeep]
|upkeep
|turn|2
|inactive|Battle timer is ON: inactive players will automatically lose when time's up. (requested by adobo809)
|
|t:|1769322500
|move|p2a: Tyranitar|Knock Off|p1a: Heatran
|-damage|p1a: Heatran|57/100
|-enditem|p1a: Heatran|Air Balloon
|move|p1a: Heatran|Flash Cannon|p2a: Tyranitar
|-supereffective|p2a: Tyranitar
|-damage|p2a: Tyranitar|0 fnt
|faint|p2a: Tyranitar
|
|-weather|Sandstorm|[upkeep]
|upkeep
|
|t:|1769322509
|switch|p2a: Excadrill|Excadrill, M, shiny|100/100
|turn|3
|
|t:|1769322515
|-terastallize|p1a: Heatran|Grass
|move|p2a: Excadrill|Substitute|p2a: Excadrill
|-start|p2a: Excadrill|Substitute
|-damage|p2a: Excadrill|76/100
|move|p1a: Heatran|Magma Storm|p2a: Excadrill
|-supereffective|p2a: Excadrill
|-end|p2a: Excadrill|Substitute
|
|-weather|Sandstorm|[upkeep]
|-damage|p1a: Heatran|51/100|[from] Sandstorm
|-heal|p2a: Excadrill|82/100|[from] item: Leftovers
|upkeep
|turn|4
|
|t:|1769322530
|move|p2a: Excadrill|Rock Slide|p1a: Heatran
|-damage|p1a: Heatran|28/100
|move|p1a: Heatran|Magma Storm|p2a: Excadrill
|-supereffective|p2a: Excadrill
|-crit|p2a: Excadrill
|-damage|p2a: Excadrill|0 fnt
|faint|p2a: Excadrill
|
|-weather|Sandstorm|[upkeep]
|-damage|p1a: Heatran|22/100|[from] Sandstorm
|upkeep
|
|t:|1769322538
|switch|p2a: Tornadus|Tornadus-Therian, M, shiny|100/100
|turn|5
|
|t:|1769322546
|move|p2a: Tornadus|Bleakwind Storm|p1a: Heatran
|-supereffective|p1a: Heatran
|-damage|p1a: Heatran|0 fnt
|faint|p1a: Heatran
|
|-weather|Sandstorm|[upkeep]
|-damage|p2a: Tornadus|94/100|[from] Sandstorm
|upkeep
|
|t:|1769322549
|switch|p1a: Glimmora|Glimmora, F|100/100
|-damage|p1a: Glimmora|88/100|[from] Stealth Rock
|turn|6
|
|t:|1769322564
|switch|p2a: Toxapex|Toxapex, M, shiny|100/100
|move|p1a: Glimmora|Mortal Spin|p2a: Toxapex
|-resisted|p2a: Toxapex
|-damage|p2a: Toxapex|98/100
|-sideend|p1: adobo809|Stealth Rock|[from] move: Mortal Spin|[of] p1a: Glimmora
|-enditem|p2a: Toxapex|Eject Button
|inactive|Nags VGC has 120 seconds left.
|
|t:|1769322585
|switch|p2a: Iron Valiant|Iron Valiant, shiny|100/100
|
|-weather|Sandstorm|[upkeep]
|-damage|p2a: Iron Valiant|94/100|[from] Sandstorm
|upkeep
|turn|7
|inactive|Nags VGC has 120 seconds left.
|
|t:|1769322596
|move|p2a: Iron Valiant|Vacuum Wave|p1a: Glimmora
|-damage|p1a: Glimmora|62/100
|move|p1a: Glimmora|Mortal Spin|p2a: Iron Valiant
|-supereffective|p2a: Iron Valiant
|-damage|p2a: Iron Valiant|69/100
|-status|p2a: Iron Valiant|psn
|
|-weather|Sandstorm|[upkeep]
|-damage|p2a: Iron Valiant|62/100 psn|[from] Sandstorm
|-damage|p2a: Iron Valiant|50/100 psn|[from] psn
|upkeep
|turn|8
|
|t:|1769322607
|move|p1a: Glimmora|Spiky Shield|p1a: Glimmora
|-singleturn|p1a: Glimmora|move: Protect
|move|p2a: Iron Valiant|Vacuum Wave|p1a: Glimmora
|-activate|p1a: Glimmora|move: Protect
|
|-weather|none
|-damage|p2a: Iron Valiant|38/100 psn|[from] psn
|upkeep
|turn|9
|
|t:|1769322614
|move|p2a: Iron Valiant|Vacuum Wave|p1a: Glimmora
|-damage|p1a: Glimmora|24/100
|move|p1a: Glimmora|Spikes|p2a: Iron Valiant
|-sidestart|p2: Nags VGC|Spikes
|
|-damage|p2a: Iron Valiant|25/100 psn|[from] psn
|upkeep
|turn|10
|
|t:|1769322621
|move|p1a: Glimmora|Spiky Shield|p1a: Glimmora
|-singleturn|p1a: Glimmora|move: Protect
|move|p2a: Iron Valiant|Vacuum Wave|p1a: Glimmora
|-activate|p1a: Glimmora|move: Protect
|
|-damage|p2a: Iron Valiant|13/100 psn|[from] psn
|upkeep
|turn|11
|
|t:|1769322630
|move|p2a: Iron Valiant|Vacuum Wave|p1a: Glimmora
|-damage|p1a: Glimmora|0 fnt
|faint|p1a: Glimmora
|
|-damage|p2a: Iron Valiant|0 fnt|[from] psn
|faint|p2a: Iron Valiant
|-end|p2a: Iron Valiant|Quark Drive|[silent]
|upkeep
|
|t:|1769322641
|switch|p2a: Toxapex|Toxapex, M, shiny|100/100
|switch|p1a: Ambipom|Ambipom, F, shiny|100/100
|-damage|p2a: Toxapex|88/100|[from] Spikes
|turn|12
|
|t:|1769322650
|move|p1a: Ambipom|Fake Out|p2a: Toxapex
|-crit|p2a: Toxapex
|-damage|p2a: Toxapex|50/100
|-damage|p1a: Ambipom|91/100|[from] item: Life Orb
|cant|p2a: Toxapex|flinch
|
|upkeep
|turn|13
|
|t:|1769322657
|move|p1a: Ambipom|U-turn|p2a: Toxapex
|-resisted|p2a: Toxapex
|-damage|p2a: Toxapex|38/100
|-damage|p1a: Ambipom|81/100|[from] item: Life Orb
|
|t:|1769322660
|switch|p1a: Hatterene|Hatterene, F|100/100|[from] U-turn
|move|p2a: Toxapex|Toxic|p1a: Hatterene
|move|p1a: Hatterene|Toxic|p2a: Toxapex|[from] ability: Magic Bounce
|-immune|p2a: Toxapex
|
|upkeep
|turn|14
|
|t:|1769322669
|move|p2a: Toxapex|Recover|p2a: Toxapex
|-heal|p2a: Toxapex|89/100
|move|p1a: Hatterene|Psychic Noise|p2a: Toxapex
|-supereffective|p2a: Toxapex
|-damage|p2a: Toxapex|41/100
|-start|p2a: Toxapex|move: Heal Block
|
|upkeep
|turn|15
|
|t:|1769322685
|switch|p2a: Ogerpon|Ogerpon-Cornerstone, F|100/100
|-damage|p2a: Ogerpon|88/100|[from] Spikes
|move|p1a: Hatterene|Trick Room|p1a: Hatterene
|-fieldstart|move: Trick Room|[of] p1a: Hatterene
|
|upkeep
|turn|16
|
|t:|1769322698
|move|p1a: Hatterene|Psychic Noise|p2a: Ogerpon
|-damage|p2a: Ogerpon|48/100
|-start|p2a: Ogerpon|move: Heal Block
|move|p2a: Ogerpon|Knock Off|p1a: Hatterene
|-damage|p1a: Hatterene|66/100
|-enditem|p1a: Hatterene|Leftovers|[from] move: Knock Off|[of] p2a: Ogerpon
|
|upkeep
|turn|17
|
|t:|1769322718
|move|p1a: Hatterene|Draining Kiss|p2a: Ogerpon
|-damage|p2a: Ogerpon|21/100
|-heal|p1a: Hatterene|85/100|[from] drain|[of] p2a: Ogerpon
|move|p2a: Ogerpon|Ivy Cudgel|p1a: Hatterene|[anim] Ivy Cudgel Rock
|-damage|p1a: Hatterene|28/100
|
|-end|p2a: Ogerpon|move: Heal Block
|upkeep
|turn|18
|
|t:|1769322733
|move|p1a: Hatterene|Draining Kiss|p2a: Ogerpon
|-damage|p2a: Ogerpon|0 fnt
|-heal|p1a: Hatterene|43/100|[from] drain|[of] p2a: Ogerpon
|faint|p2a: Ogerpon
|
|upkeep
|
|t:|1769322736
|switch|p2a: Tornadus|Tornadus-Therian, M, shiny|100/100
|turn|19
|
|t:|1769322743
|-terastallize|p2a: Tornadus|Flying
|move|p1a: Hatterene|Pain Split|p2a: Tornadus
|-sethp|p2a: Tornadus|73/100|[from] move: Pain Split|[silent]
|-sethp|p1a: Hatterene|69/100|[from] move: Pain Split
|move|p2a: Tornadus|Bleakwind Storm|p1a: Hatterene
|-damage|p1a: Hatterene|0 fnt
|faint|p1a: Hatterene
|
|-fieldend|move: Trick Room
|upkeep
|
|t:|1769322753
|switch|p1a: Ambipom|Ambipom, F, shiny|81/100
|turn|20
|
|t:|1769322756
|move|p1a: Ambipom|Fake Out|p2a: Tornadus
|-damage|p2a: Tornadus|23/100
|-damage|p1a: Ambipom|71/100|[from] item: Life Orb
|cant|p2a: Tornadus|flinch
|
|upkeep
|turn|21
|
|t:|1769322761
|move|p2a: Tornadus|Bleakwind Storm|p1a: Ambipom
|-damage|p1a: Ambipom|0 fnt
|faint|p1a: Ambipom
|
|upkeep
|
|t:|1769322766
|switch|p1a: Dragapult|Dragapult, M|100/100
|turn|22
|
|t:|1769322770
|move|p1a: Dragapult|Dragon Darts|p2a: Tornadus
|-damage|p2a: Tornadus|0 fnt
|faint|p2a: Tornadus
|
|upkeep
|
|t:|1769322772
|switch|p2a: Toxapex|Toxapex, M, shiny|74/100
|-damage|p2a: Toxapex|62/100|[from] Spikes
|turn|23
|
|t:|1769322777
|move|p1a: Dragapult|Psychic Fangs|p2a: Toxapex
|-supereffective|p2a: Toxapex
|-damage|p2a: Toxapex|15/100
|move|p2a: Toxapex|Toxic|p1a: Dragapult
|-status|p1a: Dragapult|tox
|
|-damage|p1a: Dragapult|94/100 tox|[from] psn
|upkeep
|turn|24
|
|t:|1769322783
|move|p1a: Dragapult|Psychic Fangs|p2a: Toxapex
|-supereffective|p2a: Toxapex
|-damage|p2a: Toxapex|0 fnt
|faint|p2a: Toxapex
|
|win|adobo809
|raw|adobo809's rating: 1075 &rarr; <strong>1107</strong><br />(+32 for winning)
|raw|Nags VGC's rating: 1111 &rarr; <strong>1083</strong><br />(-28 for losing)
|l|☆adobo809
|player|p1|
|l|☆Nags VGC
|player|p2|
