|j|☆darkpiss28
|j|☆wintuhh
|t:|1769320416
|gametype|singles
|player|p1|darkpiss28|waiter|1249
|player|p2|wintuhh|caitlin|1273
|gen|9
|tier|[Gen 9] OU
|rated|
|rule|HP Percentage Mod: HP is shown in percentages
|rule|Endless Battle Clause: Forcing endless battles is banned
|rule|Species Clause: Limit one of each Pokémon
|rule|OHKO Clause: OHKO moves are banned
|rule|Evasion Items Clause: Evasion items are banned
|rule|Evasion Moves Clause: Evasion moves are banned
|rule|Evasion Abilities Clause: Evasion abilities are banned
|rule|Sleep Moves Clause: Sleep-inducing moves are banned
|clearpoke
|poke|p1|Zoroark-Hisui, M|
|poke|p1|Alomomola, M|
|poke|p1|Garganacl, F|
|poke|p1|Great Tusk|
|poke|p1|Latias, F|
|poke|p1|Corviknight, F|
|poke|p2|Ogerpon-Wellspring, F|
|poke|p2|Arcanine-Hisui, M|
|poke|p2|Tornadus-Therian, M|
|poke|p2|Great Tusk|
|poke|p2|Dragapult, M|
|poke|p2|Slowking-Galar, F|
|teampreview
|inactive|Battle timer is ON: inactive players will automatically lose when time's up. (requested by wintuhh)
|inactive|darkpiss28 also wants the timer to be on.
|inactive|darkpiss28 has 120 seconds left.
|inactive|darkpiss28 has 90 seconds left.
|
|t:|1769320495
|teamsize|p1|6
|teamsize|p2|6
|start
|switch|p1a: Solitude|Garganacl, F|100/100
|switch|p2a: Tornadus|Tornadus-Therian, M|100/100
|turn|1
|
|t:|1769320516
|move|p2a: Tornadus|U-turn|p1a: Solitude
|-damage|p1a: Solitude|90/100
|
|t:|1769320525
|switch|p2a: Slowking|Slowking-Galar, F|100/100|[from] U-turn
|move|p1a: Solitude|Salt Cure|p2a: Slowking
|-damage|p2a: Slowking|90/100
|-start|p2a: Slowking|Salt Cure
|
|-heal|p1a: Solitude|96/100|[from] item: Leftovers
|-damage|p2a: Slowking|77/100|[from] Salt Cure
|upkeep
|turn|2
|
|t:|1769320543
|move|p1a: Solitude|Protect|p1a: Solitude
|-singleturn|p1a: Solitude|Protect
|move|p2a: Slowking|Psychic Noise|p1a: Solitude
|-activate|p1a: Solitude|move: Protect
|
|-heal|p1a: Solitude|100/100|[from] item: Leftovers
|-damage|p2a: Slowking|65/100|[from] Salt Cure
|upkeep
|turn|3
|
|t:|1769320557
|move|p1a: Solitude|Stealth Rock|p2a: Slowking
|-sidestart|p2: wintuhh|move: Stealth Rock
|move|p2a: Slowking|Psychic Noise|p1a: Solitude
|-damage|p1a: Solitude|79/100
|-start|p1a: Solitude|move: Heal Block
|
|-damage|p2a: Slowking|52/100|[from] Salt Cure
|upkeep
|turn|4
|
|t:|1769320564
|move|p1a: Solitude|Protect|p1a: Solitude
|-singleturn|p1a: Solitude|Protect
|-prepare|p2a: Slowking|Chilly Reception|[premajor]
|move|p2a: Slowking|Chilly Reception|p2a: Slowking
|-weather|Snowscape
|
|t:|1769320570
|switch|p2a: Ogerpon|Ogerpon-Wellspring, F|100/100|[from] Chilly Reception
|-damage|p2a: Ogerpon|88/100|[from] Stealth Rock
|
|-weather|Snowscape|[upkeep]
|-end|p1a: Solitude|move: Heal Block
|upkeep
|turn|5
|inactive|darkpiss28 has 120 seconds left.
|
|t:|1769320608
|switch|p1a: Jarl Baller|Alomomola, M|100/100
|move|p2a: Ogerpon|Ivy Cudgel|p1a: Jarl Baller|[anim] Ivy Cudgel Water
|-resisted|p1a: Jarl Baller
|-damage|p1a: Jarl Baller|76/100
|
|-weather|Snowscape|[upkeep]
|upkeep
|turn|6
|
|t:|1769320624
|move|p2a: Ogerpon|Knock Off|p1a: Jarl Baller
|-damage|p1a: Jarl Baller|47/100
|-enditem|p1a: Jarl Baller|Assault Vest|[from] move: Knock Off|[of] p2a: Ogerpon
|move|p1a: Jarl Baller|Body Slam|p2a: Ogerpon
|-damage|p2a: Ogerpon|69/100
|
|-weather|Snowscape|[upkeep]
|upkeep
|turn|7
|inactive|darkpiss28 has 90 seconds left.
|
|t:|1769320661
|move|p2a: Ogerpon|Power Whip|p1a: Jarl Baller
|-supereffective|p1a: Jarl Baller
|-damage|p1a: Jarl Baller|0 fnt
|faint|p1a: Jarl Baller
|
|-weather|Snowscape|[upkeep]
|upkeep
|
|t:|1769320671
|switch|p1a: Paarthurnax|Corviknight, F, shiny|100/100
|turn|8
|
|t:|1769320685
|switch|p2a: Great Tusk|Great Tusk|100/100
|move|p1a: Paarthurnax|Hyper Voice|p2a: Great Tusk
|-damage|p2a: Great Tusk|4/100
|
|-weather|none
|upkeep
|turn|9
|
|t:|1769320691
|move|p1a: Paarthurnax|Hyper Voice|p2a: Great Tusk
|-damage|p2a: Great Tusk|0 fnt
|faint|p2a: Great Tusk
|-end|p2a: Great Tusk|Protosynthesis|[silent]
|
|upkeep
|
|t:|1769320702
|switch|p2a: Tornadus|Tornadus-Therian, M|100/100
|-damage|p2a: Tornadus|76/100|[from] Stealth Rock
|turn|10
|
|t:|1769320711
|switch|p1a: Solitude|Garganacl, F|79/100
|move|p2a: Tornadus|Knock Off|p1a: Solitude
|-damage|p1a: Solitude|66/100
|-enditem|p1a: Solitude|Leftovers|[from] move: Knock Off|[of] p2a: Tornadus
|
|upkeep
|turn|11
|
|t:|1769320716
|move|p2a: Tornadus|Grass Knot|p1a: Solitude
|-supereffective|p1a: Solitude
|-damage|p1a: Solitude|12/100
|move|p1a: Solitude|Recover|p1a: Solitude
|-heal|p1a: Solitude|62/100
|
|upkeep
|turn|12
|
|t:|1769320722
|move|p1a: Solitude|Protect|p1a: Solitude
|-singleturn|p1a: Solitude|Protect
|move|p2a: Tornadus|Grass Knot|p1a: Solitude
|-activate|p1a: Solitude|move: Protect
|
|upkeep
|turn|13
|
|t:|1769320731
|switch|p1a: Paarthurnax|Corviknight, F, shiny|100/100
|move|p2a: Tornadus|Grass Knot|p1a: Paarthurnax
|-resisted|p1a: Paarthurnax
|-damage|p1a: Paarthurnax|95/100
|
|-heal|p1a: Paarthurnax|100/100|[from] item: Leftovers
|upkeep
|turn|14
|
|t:|1769320754
|move|p2a: Tornadus|U-turn|p1a: Paarthurnax
|-resisted|p1a: Paarthurnax
|-damage|p1a: Paarthurnax|97/100
|
|t:|1769320759
|switch|p2a: Slowking|Slowking-Galar, F|85/100|[from] U-turn
|move|p1a: Paarthurnax|Iron Defense|p1a: Paarthurnax
|-boost|p1a: Paarthurnax|def|2
|
|-heal|p1a: Paarthurnax|100/100|[from] item: Leftovers
|upkeep
|turn|15
|inactive|darkpiss28 has 120 seconds left.
|
|t:|1769320789
|move|p1a: Paarthurnax|Nasty Plot|p1a: Paarthurnax
|-boost|p1a: Paarthurnax|spa|2
|move|p2a: Slowking|Psychic Noise|p1a: Paarthurnax
|-resisted|p1a: Paarthurnax
|-damage|p1a: Paarthurnax|88/100
|-start|p1a: Paarthurnax|move: Heal Block
|
|upkeep
|turn|16
|
|t:|1769320796
|move|p1a: Paarthurnax|Iron Defense|p1a: Paarthurnax
|-boost|p1a: Paarthurnax|def|2
|-prepare|p2a: Slowking|Chilly Reception|[premajor]
|move|p2a: Slowking|Chilly Reception|p2a: Slowking
|-weather|Snowscape
|
|t:|1769320803
|switch|p2a: Dragapult|Dragapult, M|100/100|[from] Chilly Reception
|-damage|p2a: Dragapult|88/100|[from] Stealth Rock
|
|-weather|Snowscape|[upkeep]
|-end|p1a: Paarthurnax|move: Heal Block
|upkeep
|turn|17
|inactive|darkpiss28 has 120 seconds left.
|
|t:|1769320829
|move|p2a: Dragapult|Shadow Ball|p1a: Paarthurnax
|-damage|p1a: Paarthurnax|41/100
|move|p1a: Paarthurnax|Hurricane|p2a: Dragapult|[miss]
|-miss|p1a: Paarthurnax|p2a: Dragapult
|
|-weather|Snowscape|[upkeep]
|-heal|p1a: Paarthurnax|47/100|[from] item: Leftovers
|upkeep
|turn|18
|inactive|darkpiss28 has 90 seconds left.
|
|t:|1769320853
|move|p2a: Dragapult|Shadow Ball|p1a: Paarthurnax
|-damage|p1a: Paarthurnax|0 fnt
|faint|p1a: Paarthurnax
|
|-weather|Snowscape|[upkeep]
|upkeep
|inactive|darkpiss28 has 90 seconds left.
|
|t:|1769320868
|switch|p1a: Solitude|Garganacl, F|62/100
|turn|19
|inactive|darkpiss28 has 90 seconds left.
|
|t:|1769320876
|switch|p2a: Slowking|Slowking-Galar, F|100/100
|move|p1a: Solitude|Recover|p1a: Solitude
|-heal|p1a: Solitude|100/100
|
|-weather|Snowscape|[upkeep]
|upkeep
|turn|20
|
|t:|1769320882
|move|p1a: Solitude|Protect|p1a: Solitude
|-singleturn|p1a: Solitude|Protect
|move|p2a: Slowking|Psychic Noise|p1a: Solitude
|-activate|p1a: Solitude|move: Protect
|
|-weather|none
|upkeep
|turn|21
|inactive|darkpiss28 has 90 seconds left.
|
|t:|1769320915
|switch|p1a: Durnehviir|Latias, F|100/100
|move|p2a: Slowking|Psychic Noise|p1a: Durnehviir
|-resisted|p1a: Durnehviir
|-damage|p1a: Durnehviir|90/100
|-start|p1a: Durnehviir|move: Heal Block
|
|upkeep
|turn|22
|
|t:|1769320927
|move|p1a: Durnehviir|Calm Mind|p1a: Durnehviir
|-boost|p1a: Durnehviir|spa|1
|-boost|p1a: Durnehviir|spd|1
|move|p2a: Slowking|Toxic|p1a: Durnehviir
|-status|p1a: Durnehviir|tox
|
|-damage|p1a: Durnehviir|84/100 tox|[from] psn
|-end|p1a: Durnehviir|move: Heal Block
|upkeep
|turn|23
|
|t:|1769320932
|move|p1a: Durnehviir|Calm Mind|p1a: Durnehviir
|-boost|p1a: Durnehviir|spa|1
|-boost|p1a: Durnehviir|spd|1
|-prepare|p2a: Slowking|Chilly Reception|[premajor]
|move|p2a: Slowking|Chilly Reception|p2a: Slowking
|-weather|Snowscape
|
|t:|1769320944
|switch|p2a: Tornadus|Tornadus-Therian, M|100/100|[from] Chilly Reception
|-damage|p2a: Tornadus|76/100|[from] Stealth Rock
|
|-weather|Snowscape|[upkeep]
|-damage|p1a: Durnehviir|72/100 tox|[from] psn
|upkeep
|turn|24
|inactive|darkpiss28 has 90 seconds left.
|
|t:|1769320956
|-terastallize|p1a: Durnehviir|Poison
|move|p2a: Tornadus|Knock Off|p1a: Durnehviir
|-damage|p1a: Durnehviir|55/100 tox
|-enditem|p1a: Durnehviir|Weakness Policy|[from] move: Knock Off|[of] p2a: Tornadus
|move|p1a: Durnehviir|Stored Power|p2a: Tornadus
|-damage|p2a: Tornadus|15/100
|
|-weather|Snowscape|[upkeep]
|-damage|p1a: Durnehviir|37/100 tox|[from] psn
|upkeep
|turn|25
|inactive|darkpiss28 has 90 seconds left.
|
|t:|1769320970
|move|p2a: Tornadus|U-turn|p1a: Durnehviir
|-resisted|p1a: Durnehviir
|-damage|p1a: Durnehviir|31/100 tox
|
|t:|1769320973
|switch|p2a: Slowking|Slowking-Galar, F|100/100|[from] U-turn
|move|p1a: Durnehviir|Recover|p1a: Durnehviir
|-heal|p1a: Durnehviir|81/100 tox
|
|-weather|Snowscape|[upkeep]
|-damage|p1a: Durnehviir|57/100 tox|[from] psn
|upkeep
|turn|26
|
|t:|1769320986
|move|p1a: Durnehviir|Stored Power|p2a: Slowking
|-damage|p2a: Slowking|44/100
|move|p2a: Slowking|Psychic Noise|p1a: Durnehviir
|-supereffective|p1a: Durnehviir
|-damage|p1a: Durnehviir|33/100 tox
|-start|p1a: Durnehviir|move: Heal Block
|
|-weather|Snowscape|[upkeep]
|-damage|p1a: Durnehviir|3/100 tox|[from] psn
|upkeep
|turn|27
|
|t:|1769321000
|switch|p2a: Dragapult|Dragapult, M|88/100
|-damage|p2a: Dragapult|76/100|[from] Stealth Rock
|move|p1a: Durnehviir|Stored Power|p2a: Dragapult
|-damage|p2a: Dragapult|0 fnt
|faint|p2a: Dragapult
|
|-weather|none
|-damage|p1a: Durnehviir|0 fnt|[from] psn
|faint|p1a: Durnehviir
|upkeep
|
|t:|1769321011
|switch|p2a: Slowking|Slowking-Galar, F|77/100
|switch|p1a: Solitude|Garganacl, F|100/100
|turn|28
|
|t:|1769321016
|move|p1a: Solitude|Salt Cure|p2a: Slowking
|-damage|p2a: Slowking|66/100
|-start|p2a: Slowking|Salt Cure
|move|p2a: Slowking|Psychic Noise|p1a: Solitude
|-damage|p1a: Solitude|79/100
|-start|p1a: Solitude|move: Heal Block
|
|-damage|p2a: Slowking|54/100|[from] Salt Cure
|upkeep
|turn|29
|
|t:|1769321027
|move|p1a: Solitude|Salt Cure|p2a: Slowking
|-damage|p2a: Slowking|44/100
|-prepare|p2a: Slowking|Chilly Reception|[premajor]
|move|p2a: Slowking|Chilly Reception|p2a: Slowking
|-weather|Snowscape
|
|t:|1769321038
|switch|p2a: Ogerpon|Ogerpon-Wellspring, F|69/100|[from] Chilly Reception
|-damage|p2a: Ogerpon|56/100|[from] Stealth Rock
|
|-weather|Snowscape|[upkeep]
|-end|p1a: Solitude|move: Heal Block
|upkeep
|turn|30
|
|t:|1769321059
|move|p2a: Ogerpon|Ivy Cudgel|p1a: Solitude|[anim] Ivy Cudgel Water
|-supereffective|p1a: Solitude
|-damage|p1a: Solitude|1/100
|move|p1a: Solitude|Salt Cure|p2a: Ogerpon
|-damage|p2a: Ogerpon|39/100
|-start|p2a: Ogerpon|Salt Cure
|
|-weather|Snowscape|[upkeep]
|-damage|p2a: Ogerpon|14/100|[from] Salt Cure
|upkeep
|turn|31
|
|t:|1769321068
|switch|p2a: Slowking|Slowking-Galar, F|78/100
|move|p1a: Solitude|Protect||[still]
|-fail|p1a: Solitude
|
|-weather|Snowscape|[upkeep]
|upkeep
|turn|32
|
|t:|1769321072
|move|p1a: Solitude|Recover|p1a: Solitude
|-heal|p1a: Solitude|51/100
|move|p2a: Slowking|Psychic Noise|p1a: Solitude
|-damage|p1a: Solitude|30/100
|-start|p1a: Solitude|move: Heal Block
|
|-weather|Snowscape|[upkeep]
|upkeep
|turn|33
|inactive|darkpiss28 has 120 seconds left.
|
|t:|1769321087
|move|p1a: Solitude|Protect|p1a: Solitude
|-singleturn|p1a: Solitude|Protect
|-prepare|p2a: Slowking|Chilly Reception|[premajor]
|move|p2a: Slowking|Chilly Reception|p2a: Slowking
|
|t:|1769321091
|switch|p2a: Ogerpon|Ogerpon-Wellspring, F|14/100|[from] Chilly Reception
|-damage|p2a: Ogerpon|2/100|[from] Stealth Rock
|
|-weather|none
|-end|p1a: Solitude|move: Heal Block
|upkeep
|turn|34
|inactive|darkpiss28 has 120 seconds left.
|
|t:|1769321126
|move|p2a: Ogerpon|Ivy Cudgel|p1a: Solitude|[anim] Ivy Cudgel Water
|-supereffective|p1a: Solitude
|-damage|p1a: Solitude|0 fnt
|faint|p1a: Solitude
|
|upkeep
|
|t:|1769321130
|switch|p1a: Dovaahkin|Great Tusk|100/100
|turn|35
|inactive|darkpiss28 has 90 seconds left.
|
|t:|1769321154
|move|p1a: Dovaahkin|Hyper Voice|p2a: Ogerpon
|-damage|p2a: Ogerpon|0 fnt
|faint|p2a: Ogerpon
|
|upkeep
|
|t:|1769321165
|switch|p2a: Slowking|Slowking-Galar, F|100/100
|turn|36
|
|t:|1769321179
|switch|p1a: Dovaahkin|Great Tusk|100/100
|-enditem|p1a: Dovaahkin|Booster Energy
|-activate|p1a: Dovaahkin|ability: Protosynthesis|[fromitem]
|-start|p1a: Dovaahkin|protosynthesisatk
|move|p2a: Slowking|Toxic|p1a: Dovaahkin
|-status|p1a: Dovaahkin|tox
|
|-damage|p1a: Dovaahkin|94/100 tox|[from] psn
|upkeep
|turn|37
|inactive|darkpiss28 has 90 seconds left.
|
|t:|1769321196
|switch|p2a: Tornadus|Tornadus-Therian, M|48/100
|-damage|p2a: Tornadus|24/100|[from] Stealth Rock
|move|p1a: Dovaahkin|Rapid Spin|p2a: Tornadus
|-damage|p2a: Tornadus|0 fnt
|-boost|p1a: Dovaahkin|spe|1
|faint|p2a: Tornadus
|
|-damage|p1a: Dovaahkin|82/100 tox|[from] psn
|upkeep
|
|t:|1769321206
|switch|p2a: Arcanine|Arcanine-Hisui, M|100/100
|-damage|p2a: Arcanine|76/100|[from] Stealth Rock
|turn|38
|
|t:|1769321215
|-terastallize|p2a: Arcanine|Normal
|move|p1a: Dovaahkin|Headlong Rush|p2a: Arcanine
|-damage|p2a: Arcanine|0 fnt
|-unboost|p1a: Dovaahkin|def|1
|-unboost|p1a: Dovaahkin|spd|1
|faint|p2a: Arcanine
|
|-damage|p1a: Dovaahkin|63/100 tox|[from] psn
|upkeep
|-message|wintuhh forfeited.
|
|win|darkpiss28
|raw|darkpiss28's rating: 1249 &rarr; <strong>1276</strong><br />(+27 for winning)
|raw|wintuhh's rating: 1273 &rarr; <strong>1246</strong><br />(-27 for losing)
|l|☆wintuhh
|player|p2|
|c|☆darkpiss28|GFGs
|l|☆darkpiss28
|player|p1|
