|j|☆nicewarmb33r
|j|☆cycyrobotv
|t:|1769338553
|gametype|singles
|player|p1|nicewarmb33r|2|1201
|player|p2|cycyrobotv|265|1198
|gen|9
|tier|[Gen 9] OU
|rated|
|rule|HP Percentage Mod: HP is shown in percentages
|rule|Endless Battle Clause: Forcing endless battles is banned
|rule|Species Clause: Limit one of each Pokémon
|rule|OHKO Clause: OHKO moves are banned
|rule|Evasion Items Clause: Evasion items are banned
|rule|Evasion Moves Clause: Evasion moves are banned
|rule|Evasion Abilities Clause: Evasion abilities are banned
|rule|Sleep Moves Clause: Sleep-inducing moves are banned
|clearpoke
|poke|p1|Garchomp, M|
|poke|p1|Garganacl, M|
|poke|p1|Walking Wake|
|poke|p1|Corviknight, F|
|poke|p1|Kommo-o, F|
|poke|p1|Ogerpon-Wellspring, F|
|poke|p2|Yanmega, M|
|poke|p2|Moltres|
|poke|p2|Hawlucha, F|
|poke|p2|Great Tusk|
|poke|p2|Raging Bolt|
|poke|p2|Dondozo, M|
|teampreview
|inactive|Battle timer is ON: inactive players will automatically lose when time's up. (requested by cycyrobotv)
|
|t:|1769338581
|teamsize|p1|6
|teamsize|p2|6
|start
|switch|p1a: Garchomp|Garchomp, M|100/100
|switch|p2a: ishmeal|Great Tusk|100/100
|turn|1
|
|t:|1769338589
|move|p2a: ishmeal|Ice Spinner|p1a: Garchomp
|-supereffective|p1a: Garchomp
|-damage|p1a: Garchomp|31/100
|-damage|p2a: ishmeal|88/100|[from] ability: Rough Skin|[of] p1a: Garchomp
|-damage|p2a: ishmeal|72/100|[from] item: Rocky Helmet|[of] p1a: Garchomp
|move|p1a: Garchomp|Dragon Tail|p2a: ishmeal
|-damage|p2a: ishmeal|53/100
|-end|p2a: ishmeal|Protosynthesis|[silent]
|drag|p2a: call it|Raging Bolt|100/100
|-enditem|p2a: call it|Booster Energy
|-activate|p2a: call it|ability: Protosynthesis|[fromitem]
|-start|p2a: call it|protosynthesisspa
|
|upkeep
|turn|2
|
|t:|1769338615
|switch|p1a: Garganacl|Garganacl, M|100/100
|-item|p1a: Garganacl|Air Balloon
|-end|p2a: call it|Protosynthesis|[silent]
|switch|p2a: flamin wings|Moltres|100/100
|
|upkeep
|turn|3
|
|t:|1769338627
|switch|p2a: new guy|Hawlucha, F|100/100
|move|p1a: Garganacl|Salt Cure|p2a: new guy
|-damage|p2a: new guy|80/100
|-start|p2a: new guy|Salt Cure
|
|-damage|p2a: new guy|68/100|[from] Salt Cure
|upkeep
|turn|4
|
|t:|1769338639
|-terastallize|p1a: Garganacl|Poison
|move|p2a: new guy|Close Combat|p1a: Garganacl
|-resisted|p1a: Garganacl
|-damage|p1a: Garganacl|83/100
|-unboost|p2a: new guy|def|1
|-unboost|p2a: new guy|spd|1
|-enditem|p1a: Garganacl|Air Balloon
|-enditem|p2a: new guy|White Herb
|-clearnegativeboost|p2a: new guy|[silent]
|move|p1a: Garganacl|Iron Defense|p1a: Garganacl
|-boost|p1a: Garganacl|def|2
|
|-damage|p2a: new guy|55/100|[from] Salt Cure
|upkeep
|turn|5
|
|t:|1769338667
|switch|p2a: call it|Raging Bolt|100/100
|move|p1a: Garganacl|Iron Defense|p1a: Garganacl
|-boost|p1a: Garganacl|def|2
|
|upkeep
|turn|6
|
|t:|1769338673
|move|p2a: call it|Thunderbolt|p1a: Garganacl
|-damage|p1a: Garganacl|49/100
|move|p1a: Garganacl|Salt Cure|p2a: call it
|-damage|p2a: call it|89/100
|-start|p2a: call it|Salt Cure
|
|-damage|p2a: call it|77/100|[from] Salt Cure
|upkeep
|turn|7
|
|t:|1769338680
|move|p2a: call it|Thunderbolt|p1a: Garganacl
|-damage|p1a: Garganacl|15/100
|move|p1a: Garganacl|Recover|p1a: Garganacl
|-heal|p1a: Garganacl|65/100
|
|-damage|p2a: call it|65/100|[from] Salt Cure
|upkeep
|turn|8
|
|t:|1769338687
|move|p2a: call it|Calm Mind|p2a: call it
|-boost|p2a: call it|spa|1
|-boost|p2a: call it|spd|1
|move|p1a: Garganacl|Recover|p1a: Garganacl
|-heal|p1a: Garganacl|100/100
|
|-damage|p2a: call it|52/100|[from] Salt Cure
|upkeep
|turn|9
|
|t:|1769338694
|move|p2a: call it|Calm Mind|p2a: call it
|-boost|p2a: call it|spa|1
|-boost|p2a: call it|spd|1
|move|p1a: Garganacl|Body Press|p2a: call it
|-crit|p2a: call it
|-damage|p2a: call it|0 fnt
|faint|p2a: call it
|-end|p2a: call it|Protosynthesis|[silent]
|
|upkeep
|
|t:|1769338699
|switch|p2a: the GOAT|Yanmega, M, shiny|100/100
|turn|10
|
|t:|1769338703
|-terastallize|p2a: the GOAT|Ground
|move|p2a: the GOAT|Tera Blast|p1a: Garganacl|[anim] Tera Blast Ground
|-supereffective|p1a: Garganacl
|-damage|p1a: Garganacl|27/100
|-damage|p2a: the GOAT|91/100|[from] item: Life Orb
|move|p1a: Garganacl|Salt Cure|p2a: the GOAT
|-resisted|p2a: the GOAT
|-damage|p2a: the GOAT|82/100
|-start|p2a: the GOAT|Salt Cure
|
|-damage|p2a: the GOAT|69/100|[from] Salt Cure
|-ability|p2a: the GOAT|Speed Boost|boost
|-boost|p2a: the GOAT|spe|1
|upkeep
|turn|11
|
|t:|1769338717
|switch|p1a: Corviknight|Corviknight, F|100/100
|move|p2a: the GOAT|Tera Blast|p1a: Corviknight|[anim] Tera Blast Ground
|-immune|p1a: Corviknight
|
|-damage|p2a: the GOAT|57/100|[from] Salt Cure
|-ability|p2a: the GOAT|Speed Boost|boost
|-boost|p2a: the GOAT|spe|1
|upkeep
|turn|12
|
|t:|1769338727
|switch|p2a: flamin wings|Moltres|100/100
|move|p1a: Corviknight|Brave Bird|p2a: flamin wings
|-damage|p2a: flamin wings|65/100
|-damage|p1a: Corviknight|89/100|[from] Recoil
|
|upkeep
|turn|13
|
|t:|1769338734
|move|p2a: flamin wings|Flamethrower|p1a: Corviknight
|-supereffective|p1a: Corviknight
|-damage|p1a: Corviknight|0 fnt
|faint|p1a: Corviknight
|
|upkeep
|
|t:|1769338751
|switch|p1a: Kommo-o|Kommo-o, F|100/100
|turn|14
|
|t:|1769338756
|move|p1a: Kommo-o|Clangorous Soul|p1a: Kommo-o
|-boost|p1a: Kommo-o|atk|1
|-boost|p1a: Kommo-o|def|1
|-boost|p1a: Kommo-o|spa|1
|-boost|p1a: Kommo-o|spd|1
|-boost|p1a: Kommo-o|spe|1
|-damage|p1a: Kommo-o|68/100
|-enditem|p1a: Kommo-o|Throat Spray
|-boost|p1a: Kommo-o|spa|1|[from] item: Throat Spray
|move|p2a: flamin wings|Hurricane|p1a: Kommo-o|[miss]
|-miss|p2a: flamin wings|p1a: Kommo-o
|
|upkeep
|turn|15
|
|t:|1769338773
|move|p1a: Kommo-o|Clanging Scales|p2a: flamin wings
|-damage|p2a: flamin wings|0 fnt
|faint|p2a: flamin wings
|-unboost|p1a: Kommo-o|def|1
|
|upkeep
|
|t:|1769338788
|switch|p2a: the GOAT|Yanmega, M, shiny, tera:Ground|57/100
|turn|16
|
|t:|1769338797
|move|p2a: the GOAT|Protect|p2a: the GOAT
|-singleturn|p2a: the GOAT|Protect
|move|p1a: Kommo-o|Clanging Scales|p2a: the GOAT
|-activate|p2a: the GOAT|move: Protect
|
|-ability|p2a: the GOAT|Speed Boost|boost
|-boost|p2a: the GOAT|spe|1
|upkeep
|turn|17
|
|t:|1769338804
|move|p1a: Kommo-o|Clanging Scales|p2a: the GOAT
|-damage|p2a: the GOAT|0 fnt
|faint|p2a: the GOAT
|-unboost|p1a: Kommo-o|def|1
|
|upkeep
|
|t:|1769338808
|switch|p2a: Dondozo|Dondozo, M|100/100
|turn|18
|
|t:|1769338814
|move|p1a: Kommo-o|Clanging Scales|p2a: Dondozo
|-damage|p2a: Dondozo|56/100
|-unboost|p1a: Kommo-o|def|1
|move|p2a: Dondozo|Body Press|p1a: Kommo-o
|-damage|p1a: Kommo-o|42/100
|
|-heal|p2a: Dondozo|62/100|[from] item: Leftovers
|upkeep
|turn|19
|
|t:|1769338824
|move|p1a: Kommo-o|Clanging Scales|p2a: Dondozo
|-damage|p2a: Dondozo|19/100
|-unboost|p1a: Kommo-o|def|1
|move|p2a: Dondozo|Body Press|p1a: Kommo-o
|-damage|p1a: Kommo-o|15/100
|
|-heal|p2a: Dondozo|26/100|[from] item: Leftovers
|upkeep
|turn|20
|
|t:|1769338831
|move|p1a: Kommo-o|Clanging Scales|p2a: Dondozo
|-damage|p2a: Dondozo|0 fnt
|faint|p2a: Dondozo
|-unboost|p1a: Kommo-o|def|1
|
|upkeep
|
|t:|1769338835
|switch|p2a: new guy|Hawlucha, F|55/100
|turn|21
|
|t:|1769338840
|move|p1a: Kommo-o|Clanging Scales|p2a: new guy
|-damage|p2a: new guy|0 fnt
|faint|p2a: new guy
|-unboost|p1a: Kommo-o|def|1
|
|upkeep
|
|t:|1769338843
|switch|p2a: ishmeal|Great Tusk|53/100
|turn|22
|
|t:|1769338849
|move|p1a: Kommo-o|Clanging Scales|p2a: ishmeal
|-damage|p2a: ishmeal|0 fnt
|faint|p2a: ishmeal
|-end|p2a: ishmeal|Protosynthesis|[silent]
|
|win|nicewarmb33r
|raw|nicewarmb33r's rating: 1201 &rarr; <strong>1226</strong><br />(+25 for winning)
|raw|cycyrobotv's rating: 1198 &rarr; <strong>1173</strong><br />(-25 for losing)
|l|☆nicewarmb33r
|player|p1|
|l|☆cycyrobotv
|player|p2|
