|j|☆IVN CRDZ
|j|☆ari5509
|t:|1769322399
|gametype|singles
|player|p1|IVN CRDZ|lass-gen4|1666
|player|p2|ari5509|ingo|1648
|gen|9
|tier|[Gen 9] OU
|rated|
|rule|HP Percentage Mod: HP is shown in percentages
|rule|Endless Battle Clause: Forcing endless battles is banned
|rule|Species Clause: Limit one of each Pokémon
|rule|OHKO Clause: OHKO moves are banned
|rule|Evasion Items Clause: Evasion items are banned
|rule|Evasion Moves Clause: Evasion moves are banned
|rule|Evasion Abilities Clause: Evasion abilities are banned
|rule|Sleep Moves Clause: Sleep-inducing moves are banned
|clearpoke
|poke|p1|Zapdos|
|poke|p1|Alomomola, F|
|poke|p1|Samurott-Hisui, F|
|poke|p1|Pecharunt|
|poke|p1|Landorus-Therian, M|
|poke|p1|Clefable, F|
|poke|p2|Dragapult, F|
|poke|p2|Alomomola, F|
|poke|p2|Ting-Lu|
|poke|p2|Kyurem|
|poke|p2|Weezing-Galar, F|
|poke|p2|Corviknight, F|
|teampreview
|inactive|Battle timer is ON: inactive players will automatically lose when time's up. (requested by ari5509)
|j| 16yxy
|inactive|IVN CRDZ has 120 seconds left.
|inactive|IVN CRDZ has 90 seconds left.
|
|t:|1769322463
|teamsize|p1|6
|teamsize|p2|6
|start
|switch|p1a: Clefable|Clefable, F|100/100
|switch|p2a: Weezing|Weezing-Galar, F|100/100
|-ability|p2a: Weezing|Neutralizing Gas
|turn|1
|
|t:|1769322472
|move|p2a: Weezing|Toxic|p1a: Clefable
|-status|p1a: Clefable|tox
|move|p1a: Clefable|Knock Off|p2a: Weezing
|-resisted|p2a: Weezing
|-damage|p2a: Weezing|94/100
|-enditem|p2a: Weezing|Leftovers|[from] move: Knock Off|[of] p1a: Clefable
|
|-damage|p1a: Clefable|94/100 tox|[from] psn
|upkeep
|turn|2
|
|t:|1769322484
|switch|p1a: Landorus|Landorus-Therian, M|100/100
|move|p2a: Weezing|Protect||[still]
|-fail|p2a: Weezing
|
|upkeep
|turn|3
|
|t:|1769322491
|-end|p2a: Weezing|ability: Neutralizing Gas
|-ability|p1a: Landorus|Intimidate|boost
|-unboost|p2a: Weezing|atk|1
|switch|p2a: Fogbound Lake|Alomomola, F|100/100
|move|p1a: Landorus|Earthquake|p2a: Fogbound Lake
|-damage|p2a: Fogbound Lake|75/100
|
|upkeep
|turn|4
|
|t:|1769322496
|move|p1a: Landorus|Stealth Rock|p2a: Fogbound Lake
|-sidestart|p2: ari5509|move: Stealth Rock
|move|p2a: Fogbound Lake|Flip Turn|p1a: Landorus
|-supereffective|p1a: Landorus
|-damage|p1a: Landorus|80/100
|
|t:|1769322500
|switch|p2a: Tiffany BlueStones|Kyurem, shiny|100/100|[from] Flip Turn
|-damage|p2a: Tiffany BlueStones|76/100|[from] Stealth Rock
|-ability|p2a: Tiffany BlueStones|Pressure
|
|-heal|p2a: Tiffany BlueStones|82/100|[from] item: Leftovers
|-heal|p1a: Landorus|86/100|[from] item: Leftovers
|upkeep
|turn|5
|
|t:|1769322509
|switch|p1a: Clefable|Clefable, F|94/100 tox
|move|p2a: Tiffany BlueStones|Substitute|p2a: Tiffany BlueStones
|-start|p2a: Tiffany BlueStones|Substitute
|-damage|p2a: Tiffany BlueStones|57/100
|
|-heal|p2a: Tiffany BlueStones|63/100|[from] item: Leftovers
|-heal|p1a: Clefable|100/100 tox|[from] item: Leftovers
|upkeep
|turn|6
|
|t:|1769322529
|move|p2a: Tiffany BlueStones|Freeze-Dry|p1a: Clefable
|-damage|p1a: Clefable|66/100 tox
|move|p1a: Clefable|Moonblast|p2a: Tiffany BlueStones
|-supereffective|p2a: Tiffany BlueStones
|-crit|p2a: Tiffany BlueStones
|-end|p2a: Tiffany BlueStones|Substitute
|
|-heal|p2a: Tiffany BlueStones|69/100|[from] item: Leftovers
|-heal|p1a: Clefable|72/100 tox|[from] item: Leftovers
|upkeep
|turn|7
|
|t:|1769322541
|switch|p2a: Weezing|Weezing-Galar, F|94/100
|-ability|p2a: Weezing|Neutralizing Gas
|-damage|p2a: Weezing|82/100|[from] Stealth Rock
|switch|p1a: Zapdos|Zapdos|100/100
|
|upkeep
|turn|8
|
|t:|1769322552
|switch|p1a: Samurott|Samurott-Hisui, F|100/100
|-end|p2a: Weezing|ability: Neutralizing Gas
|switch|p2a: Ting-Lu|Ting-Lu|100/100
|-damage|p2a: Ting-Lu|94/100|[from] Stealth Rock
|-ability|p2a: Ting-Lu|Vessel of Ruin
|
|-heal|p2a: Ting-Lu|100/100|[from] item: Leftovers
|upkeep
|turn|9
|
|t:|1769322559
|switch|p2a: Corviknight|Corviknight, F|100/100
|-damage|p2a: Corviknight|88/100|[from] Stealth Rock
|-ability|p2a: Corviknight|Pressure
|move|p1a: Samurott|Ceaseless Edge|p2a: Corviknight|[miss]
|-miss|p1a: Samurott|p2a: Corviknight
|
|-heal|p2a: Corviknight|94/100|[from] item: Leftovers
|upkeep
|turn|10
|
|t:|1769322566
|move|p1a: Samurott|Knock Off|p2a: Corviknight
|-damage|p2a: Corviknight|58/100
|-enditem|p2a: Corviknight|Leftovers|[from] move: Knock Off|[of] p1a: Samurott
|move|p2a: Corviknight|Defog|p1a: Samurott
|-unboost|p1a: Samurott|evasion|1
|-sideend|p2: ari5509|Stealth Rock|[from] move: Defog|[of] p2a: Corviknight
|
|upkeep
|turn|11
|
|t:|1769322571
|move|p1a: Samurott|Ceaseless Edge|p2a: Corviknight
|-damage|p2a: Corviknight|21/100
|-sidestart|p2: ari5509|Spikes
|move|p2a: Corviknight|Roost|p2a: Corviknight
|-heal|p2a: Corviknight|71/100
|-singleturn|p2a: Corviknight|move: Roost
|
|upkeep
|turn|12
|
|t:|1769322577
|move|p1a: Samurott|Ceaseless Edge|p2a: Corviknight
|-damage|p2a: Corviknight|37/100
|-sidestart|p2: ari5509|Spikes
|move|p2a: Corviknight|Defog|p1a: Samurott
|-unboost|p1a: Samurott|evasion|1
|-sideend|p2: ari5509|Spikes|[from] move: Defog|[of] p2a: Corviknight
|
|upkeep
|turn|13
|j| Shucklepilled
|
|t:|1769322585
|move|p1a: Samurott|Aqua Cutter|p2a: Corviknight
|-damage|p2a: Corviknight|0 fnt
|faint|p2a: Corviknight
|
|upkeep
|
|t:|1769322593
|switch|p2a: Tiffany BlueStones|Kyurem, shiny|69/100
|-ability|p2a: Tiffany BlueStones|Pressure
|turn|14
|
|t:|1769322600
|-terastallize|p1a: Samurott|Ghost
|move|p2a: Tiffany BlueStones|Freeze-Dry|p1a: Samurott
|-damage|p1a: Samurott|43/100
|move|p1a: Samurott|Ceaseless Edge|p2a: Tiffany BlueStones
|-damage|p2a: Tiffany BlueStones|23/100
|-sidestart|p2: ari5509|Spikes
|
|-heal|p2a: Tiffany BlueStones|29/100|[from] item: Leftovers
|upkeep
|turn|15
|
|t:|1769322620
|move|p1a: Samurott|Sucker Punch|p2a: Tiffany BlueStones
|-damage|p2a: Tiffany BlueStones|1/100
|move|p2a: Tiffany BlueStones|Freeze-Dry|p1a: Samurott
|-damage|p1a: Samurott|0 fnt
|faint|p1a: Samurott
|
|-heal|p2a: Tiffany BlueStones|7/100|[from] item: Leftovers
|upkeep
|
|t:|1769322625
|switch|p1a: Zapdos|Zapdos|100/100
|turn|16
|
|t:|1769322629
|switch|p2a: Ting-Lu|Ting-Lu|100/100
|-damage|p2a: Ting-Lu|88/100|[from] Spikes
|-ability|p2a: Ting-Lu|Vessel of Ruin
|move|p1a: Zapdos|Volt Switch|p2a: Ting-Lu
|-immune|p2a: Ting-Lu
|
|-heal|p2a: Ting-Lu|94/100|[from] item: Leftovers
|upkeep
|turn|17
|
|t:|1769322633
|switch|p1a: Landorus|Landorus-Therian, M|86/100
|-ability|p1a: Landorus|Intimidate|boost
|-unboost|p2a: Ting-Lu|atk|1
|move|p2a: Ting-Lu|Ruination|p1a: Landorus
|-damage|p1a: Landorus|43/100
|
|-heal|p1a: Landorus|49/100|[from] item: Leftovers
|-heal|p2a: Ting-Lu|100/100|[from] item: Leftovers
|upkeep
|turn|18
|
|t:|1769322642
|switch|p2a: Fogbound Lake|Alomomola, F|100/100
|-damage|p2a: Fogbound Lake|88/100|[from] Spikes
|move|p1a: Landorus|Stealth Rock|p2a: Fogbound Lake
|-sidestart|p2: ari5509|move: Stealth Rock
|
|-heal|p1a: Landorus|55/100|[from] item: Leftovers
|upkeep
|turn|19
|
|t:|1769322647
|move|p1a: Landorus|U-turn|p2a: Fogbound Lake
|-damage|p2a: Fogbound Lake|77/100
|-damage|p1a: Landorus|39/100|[from] item: Rocky Helmet|[of] p2a: Fogbound Lake
|j| waldo is real
|
|t:|1769322649
|switch|p1a: Zapdos|Zapdos|100/100|[from] U-turn
|move|p2a: Fogbound Lake|Wish|p2a: Fogbound Lake
|
|upkeep
|turn|20
|
|t:|1769322653
|move|p1a: Zapdos|Hurricane|p2a: Fogbound Lake|[miss]
|-miss|p1a: Zapdos|p2a: Fogbound Lake
|move|p2a: Fogbound Lake|Flip Turn|p1a: Zapdos
|-damage|p1a: Zapdos|79/100
|-status|p2a: Fogbound Lake|par|[from] ability: Static|[of] p1a: Zapdos
|
|t:|1769322655
|switch|p2a: Weezing|Weezing-Galar, F|82/100|[from] Flip Turn
|-ability|p2a: Weezing|Neutralizing Gas
|-damage|p2a: Weezing|70/100|[from] Spikes
|-damage|p2a: Weezing|58/100|[from] Stealth Rock
|
|-heal|p2a: Weezing|100/100|[from] move: Wish|[wisher] Fogbound Lake
|upkeep
|turn|21
|
|t:|1769322659
|move|p1a: Zapdos|Hurricane|p2a: Weezing|[miss]
|-miss|p1a: Zapdos|p2a: Weezing
|move|p2a: Weezing|Defog|p1a: Zapdos
|-unboost|p1a: Zapdos|evasion|1
|-sideend|p2: ari5509|Spikes|[from] move: Defog|[of] p2a: Weezing
|-sideend|p2: ari5509|Stealth Rock|[from] move: Defog|[of] p2a: Weezing
|
|upkeep
|turn|22
|
|t:|1769322662
|move|p1a: Zapdos|Hurricane|p2a: Weezing
|-damage|p2a: Weezing|18/100
|move|p2a: Weezing|Toxic|p1a: Zapdos
|-status|p1a: Zapdos|tox
|
|-damage|p1a: Zapdos|73/100 tox|[from] psn
|upkeep
|turn|23
|
|t:|1769322667
|switch|p1a: Landorus|Landorus-Therian, M|39/100
|move|p2a: Weezing|Protect||[still]
|-fail|p2a: Weezing
|
|-heal|p1a: Landorus|45/100|[from] item: Leftovers
|upkeep
|turn|24
|
|t:|1769322670
|move|p2a: Weezing|Protect|p2a: Weezing
|-singleturn|p2a: Weezing|Protect
|move|p1a: Landorus|Stealth Rock|p2a: Weezing
|-sidestart|p2: ari5509|move: Stealth Rock
|
|-heal|p1a: Landorus|51/100|[from] item: Leftovers
|upkeep
|turn|25
|
|t:|1769322676
|-end|p2a: Weezing|ability: Neutralizing Gas
|-ability|p1a: Landorus|Intimidate|boost
|-unboost|p2a: Weezing|atk|1
|switch|p2a: Fogbound Lake|Alomomola, F|100/100 par
|-damage|p2a: Fogbound Lake|88/100 par|[from] Stealth Rock
|move|p1a: Landorus|Earthquake|p2a: Fogbound Lake
|-damage|p2a: Fogbound Lake|63/100 par
|
|-heal|p1a: Landorus|57/100|[from] item: Leftovers
|upkeep
|turn|26
|
|t:|1769322683
|switch|p1a: Alomomola|Alomomola, F|100/100
|move|p2a: Fogbound Lake|Flip Turn|p1a: Alomomola
|-resisted|p1a: Alomomola
|-damage|p1a: Alomomola|95/100
|
|t:|1769322691
|switch|p2a: Moody Blues|Dragapult, F|100/100|[from] Flip Turn
|-damage|p2a: Moody Blues|88/100|[from] Stealth Rock
|
|upkeep
|turn|27
|
|t:|1769322695
|move|p2a: Moody Blues|U-turn|p1a: Alomomola
|-damage|p1a: Alomomola|71/100
|
|t:|1769322696
|switch|p2a: Fogbound Lake|Alomomola, F|96/100 par|[from] U-turn
|-damage|p2a: Fogbound Lake|84/100 par|[from] Stealth Rock
|move|p1a: Alomomola|Flip Turn|p2a: Fogbound Lake
|-resisted|p2a: Fogbound Lake
|-damage|p2a: Fogbound Lake|79/100 par
|-damage|p1a: Alomomola|55/100|[from] item: Rocky Helmet|[of] p2a: Fogbound Lake
|l| waldo is real
|
|t:|1769322709
|switch|p1a: Zapdos|Zapdos|73/100 tox|[from] Flip Turn
|
|-damage|p1a: Zapdos|67/100 tox|[from] psn
|upkeep
|turn|28
|
|t:|1769322714
|switch|p2a: Ting-Lu|Ting-Lu|100/100
|-damage|p2a: Ting-Lu|94/100|[from] Stealth Rock
|-ability|p2a: Ting-Lu|Vessel of Ruin
|move|p1a: Zapdos|Volt Switch|p2a: Ting-Lu
|-immune|p2a: Ting-Lu
|
|-heal|p2a: Ting-Lu|100/100|[from] item: Leftovers
|-damage|p1a: Zapdos|54/100 tox|[from] psn
|upkeep
|turn|29
|
|t:|1769322721
|switch|p1a: Landorus|Landorus-Therian, M|57/100
|-ability|p1a: Landorus|Intimidate|boost
|-unboost|p2a: Ting-Lu|atk|1
|move|p2a: Ting-Lu|Ruination|p1a: Landorus|[miss]
|-miss|p2a: Ting-Lu|p1a: Landorus
|
|-heal|p1a: Landorus|63/100|[from] item: Leftovers
|upkeep
|turn|30
|
|t:|1769322727
|move|p1a: Landorus|Earthquake|p2a: Ting-Lu
|-damage|p2a: Ting-Lu|76/100
|move|p2a: Ting-Lu|Ruination|p1a: Landorus
|-damage|p1a: Landorus|32/100
|
|-heal|p1a: Landorus|38/100|[from] item: Leftovers
|-heal|p2a: Ting-Lu|82/100|[from] item: Leftovers
|upkeep
|turn|31
|
|t:|1769322734
|move|p1a: Landorus|Earthquake|p2a: Ting-Lu
|-damage|p2a: Ting-Lu|55/100
|move|p2a: Ting-Lu|Ruination|p1a: Landorus|[miss]
|-miss|p2a: Ting-Lu|p1a: Landorus
|
|-heal|p1a: Landorus|44/100|[from] item: Leftovers
|-heal|p2a: Ting-Lu|61/100|[from] item: Leftovers
|upkeep
|turn|32
|
|t:|1769322737
|move|p1a: Landorus|Earthquake|p2a: Ting-Lu
|-damage|p2a: Ting-Lu|35/100
|move|p2a: Ting-Lu|Ruination|p1a: Landorus
|-damage|p1a: Landorus|22/100
|
|-heal|p1a: Landorus|28/100|[from] item: Leftovers
|-heal|p2a: Ting-Lu|41/100|[from] item: Leftovers
|upkeep
|turn|33
|
|t:|1769322741
|switch|p2a: Fogbound Lake|Alomomola, F|100/100 par
|-damage|p2a: Fogbound Lake|88/100 par|[from] Stealth Rock
|move|p1a: Landorus|Earthquake|p2a: Fogbound Lake
|-damage|p2a: Fogbound Lake|61/100 par
|
|-heal|p1a: Landorus|34/100|[from] item: Leftovers
|upkeep
|turn|34
|l| 16yxy
|
|t:|1769322762
|switch|p1a: Alomomola|Alomomola, F|88/100
|move|p2a: Fogbound Lake|Wish|p2a: Fogbound Lake
|
|upkeep
|turn|35
|
|t:|1769322766
|switch|p2a: Ting-Lu|Ting-Lu|41/100
|-damage|p2a: Ting-Lu|35/100|[from] Stealth Rock
|-ability|p2a: Ting-Lu|Vessel of Ruin
|move|p1a: Alomomola|Wish|p1a: Alomomola
|
|-heal|p2a: Ting-Lu|87/100|[from] move: Wish|[wisher] Fogbound Lake
|-heal|p2a: Ting-Lu|93/100|[from] item: Leftovers
|upkeep
|turn|36
|
|t:|1769322772
|move|p2a: Ting-Lu|Stealth Rock|p1a: Alomomola
|-sidestart|p1: IVN CRDZ|move: Stealth Rock
|move|p1a: Alomomola|Flip Turn|p2a: Ting-Lu
|-supereffective|p2a: Ting-Lu
|-damage|p2a: Ting-Lu|75/100
|
|t:|1769322775
|switch|p1a: Landorus|Landorus-Therian, M|34/100|[from] Flip Turn
|-damage|p1a: Landorus|22/100|[from] Stealth Rock
|-ability|p1a: Landorus|Intimidate|boost
|-unboost|p2a: Ting-Lu|atk|1
|
|-heal|p1a: Landorus|83/100|[from] move: Wish|[wisher] Alomomola
|-heal|p1a: Landorus|90/100|[from] item: Leftovers
|-heal|p2a: Ting-Lu|82/100|[from] item: Leftovers
|upkeep
|turn|37
|
|t:|1769322779
|move|p1a: Landorus|U-turn|p2a: Ting-Lu
|-supereffective|p2a: Ting-Lu
|-damage|p2a: Ting-Lu|59/100
|
|t:|1769322781
|switch|p1a: Clefable|Clefable, F|72/100 tox|[from] U-turn
|move|p2a: Ting-Lu|Ruination|p1a: Clefable
|-damage|p1a: Clefable|37/100 tox
|
|-heal|p1a: Clefable|43/100 tox|[from] item: Leftovers
|-heal|p2a: Ting-Lu|66/100|[from] item: Leftovers
|upkeep
|turn|38
|
|t:|1769322787
|move|p1a: Clefable|Moonlight|p1a: Clefable
|-heal|p1a: Clefable|93/100 tox
|move|p2a: Ting-Lu|Earthquake|p1a: Clefable
|-damage|p1a: Clefable|73/100 tox
|
|-heal|p1a: Clefable|79/100 tox|[from] item: Leftovers
|-heal|p2a: Ting-Lu|72/100|[from] item: Leftovers
|upkeep
|turn|39
|
|t:|1769322794
|switch|p2a: Fogbound Lake|Alomomola, F|94/100 par
|-damage|p2a: Fogbound Lake|82/100 par|[from] Stealth Rock
|move|p1a: Clefable|Knock Off|p2a: Fogbound Lake
|-damage|p2a: Fogbound Lake|75/100 par
|-enditem|p2a: Fogbound Lake|Rocky Helmet|[from] move: Knock Off|[of] p1a: Clefable
|
|-heal|p1a: Clefable|86/100 tox|[from] item: Leftovers
|upkeep
|turn|40
|
|t:|1769322798
|move|p1a: Clefable|Moonblast|p2a: Fogbound Lake
|-damage|p2a: Fogbound Lake|39/100 par
|move|p2a: Fogbound Lake|Wish|p2a: Fogbound Lake
|
|-heal|p1a: Clefable|92/100 tox|[from] item: Leftovers
|upkeep
|turn|41
|
|t:|1769322802
|move|p1a: Clefable|Moonblast|p2a: Fogbound Lake
|-damage|p2a: Fogbound Lake|2/100 par
|cant|p2a: Fogbound Lake|par
|
|-heal|p2a: Fogbound Lake|52/100 par|[from] move: Wish|[wisher] Fogbound Lake
|-heal|p1a: Clefable|98/100 tox|[from] item: Leftovers
|upkeep
|turn|42
|
|t:|1769322806
|move|p1a: Clefable|Moonblast|p2a: Fogbound Lake
|-damage|p2a: Fogbound Lake|15/100 par
|-unboost|p2a: Fogbound Lake|spa|1
|move|p2a: Fogbound Lake|Flip Turn|p1a: Clefable
|-damage|p1a: Clefable|85/100 tox
|
|t:|1769322814
|switch|p2a: Ting-Lu|Ting-Lu|72/100|[from] Flip Turn
|-damage|p2a: Ting-Lu|66/100|[from] Stealth Rock
|-ability|p2a: Ting-Lu|Vessel of Ruin
|
|-heal|p1a: Clefable|91/100 tox|[from] item: Leftovers
|-heal|p2a: Ting-Lu|72/100|[from] item: Leftovers
|upkeep
|turn|43
|
|t:|1769322818
|move|p1a: Clefable|Moonblast|p2a: Ting-Lu
|-supereffective|p2a: Ting-Lu
|-damage|p2a: Ting-Lu|45/100
|move|p2a: Ting-Lu|Ruination|p1a: Clefable
|-damage|p1a: Clefable|46/100 tox
|
|-heal|p1a: Clefable|52/100 tox|[from] item: Leftovers
|-heal|p2a: Ting-Lu|51/100|[from] item: Leftovers
|upkeep
|turn|44
|
|t:|1769322824
|switch|p1a: Landorus|Landorus-Therian, M|90/100
|-damage|p1a: Landorus|77/100|[from] Stealth Rock
|-ability|p1a: Landorus|Intimidate|boost
|-unboost|p2a: Ting-Lu|atk|1
|move|p2a: Ting-Lu|Ruination|p1a: Landorus
|-damage|p1a: Landorus|39/100
|
|-heal|p1a: Landorus|45/100|[from] item: Leftovers
|-heal|p2a: Ting-Lu|58/100|[from] item: Leftovers
|upkeep
|turn|45
|
|t:|1769322827
|switch|p2a: Fogbound Lake|Alomomola, F|49/100 par
|-damage|p2a: Fogbound Lake|36/100 par|[from] Stealth Rock
|move|p1a: Landorus|Earthquake|p2a: Fogbound Lake
|-damage|p2a: Fogbound Lake|12/100 par
|
|-heal|p1a: Landorus|51/100|[from] item: Leftovers
|upkeep
|turn|46
|
|t:|1769322831
|switch|p2a: Ting-Lu|Ting-Lu|58/100
|-damage|p2a: Ting-Lu|51/100|[from] Stealth Rock
|-ability|p2a: Ting-Lu|Vessel of Ruin
|move|p1a: Landorus|Earthquake|p2a: Ting-Lu
|-damage|p2a: Ting-Lu|27/100
|
|-heal|p1a: Landorus|57/100|[from] item: Leftovers
|-heal|p2a: Ting-Lu|33/100|[from] item: Leftovers
|upkeep
|turn|47
|
|t:|1769322835
|move|p1a: Landorus|Earthquake|p2a: Ting-Lu
|-damage|p2a: Ting-Lu|7/100
|move|p2a: Ting-Lu|Rest|p2a: Ting-Lu
|-status|p2a: Ting-Lu|slp|[from] move: Rest
|-heal|p2a: Ting-Lu|100/100 slp|[silent]
|
|-heal|p1a: Landorus|63/100|[from] item: Leftovers
|upkeep
|turn|48
|
|t:|1769322839
|move|p1a: Landorus|Grass Knot|p2a: Ting-Lu
|-supereffective|p2a: Ting-Lu
|-damage|p2a: Ting-Lu|80/100 slp
|cant|p2a: Ting-Lu|slp
|
|-heal|p1a: Landorus|69/100|[from] item: Leftovers
|-heal|p2a: Ting-Lu|86/100 slp|[from] item: Leftovers
|upkeep
|turn|49
|
|t:|1769322847
|move|p1a: Landorus|Earthquake|p2a: Ting-Lu
|-damage|p2a: Ting-Lu|62/100 slp
|cant|p2a: Ting-Lu|slp
|
|-heal|p1a: Landorus|75/100|[from] item: Leftovers
|-heal|p2a: Ting-Lu|68/100 slp|[from] item: Leftovers
|upkeep
|turn|50
|
|t:|1769322856
|move|p1a: Landorus|U-turn|p2a: Ting-Lu
|-supereffective|p2a: Ting-Lu
|-damage|p2a: Ting-Lu|45/100 slp
|
|t:|1769322858
|switch|p1a: Clefable|Clefable, F|52/100 tox|[from] U-turn
|-curestatus|p2a: Ting-Lu|slp|[msg]
|move|p2a: Ting-Lu|Ruination|p1a: Clefable
|-damage|p1a: Clefable|26/100 tox
|
|-heal|p1a: Clefable|32/100 tox|[from] item: Leftovers
|-heal|p2a: Ting-Lu|51/100|[from] item: Leftovers
|upkeep
|turn|51
|
|t:|1769322863
|move|p1a: Clefable|Moonlight|p1a: Clefable
|-heal|p1a: Clefable|82/100 tox
|move|p2a: Ting-Lu|Earthquake|p1a: Clefable
|-damage|p1a: Clefable|53/100 tox
|
|-heal|p1a: Clefable|59/100 tox|[from] item: Leftovers
|-heal|p2a: Ting-Lu|58/100|[from] item: Leftovers
|upkeep
|turn|52
|inactive|ari5509 has 120 seconds left.
|
|t:|1769322906
|move|p1a: Clefable|Moonblast|p2a: Ting-Lu
|-supereffective|p2a: Ting-Lu
|-damage|p2a: Ting-Lu|33/100
|move|p2a: Ting-Lu|Ruination|p1a: Clefable|[miss]
|-miss|p2a: Ting-Lu|p1a: Clefable
|
|-heal|p1a: Clefable|65/100 tox|[from] item: Leftovers
|-heal|p2a: Ting-Lu|39/100|[from] item: Leftovers
|upkeep
|turn|53
|
|t:|1769322913
|move|p1a: Clefable|Knock Off|p2a: Ting-Lu
|-resisted|p2a: Ting-Lu
|-damage|p2a: Ting-Lu|35/100
|-enditem|p2a: Ting-Lu|Leftovers|[from] move: Knock Off|[of] p1a: Clefable
|move|p2a: Ting-Lu|Rest|p2a: Ting-Lu
|-status|p2a: Ting-Lu|slp|[from] move: Rest
|-heal|p2a: Ting-Lu|100/100 slp|[silent]
|
|-heal|p1a: Clefable|72/100 tox|[from] item: Leftovers
|upkeep
|turn|54
|inactive|ari5509 has 120 seconds left.
|
|t:|1769322926
|move|p1a: Clefable|Moonblast|p2a: Ting-Lu
|-supereffective|p2a: Ting-Lu
|-damage|p2a: Ting-Lu|75/100 slp
|cant|p2a: Ting-Lu|slp
|
|-heal|p1a: Clefable|78/100 tox|[from] item: Leftovers
|upkeep
|turn|55
|inactive|ari5509 has 120 seconds left.
|
|t:|1769322932
|move|p1a: Clefable|Moonblast|p2a: Ting-Lu
|-supereffective|p2a: Ting-Lu
|-damage|p2a: Ting-Lu|50/100 slp
|cant|p2a: Ting-Lu|slp
|
|-heal|p1a: Clefable|84/100 tox|[from] item: Leftovers
|upkeep
|turn|56
|
|t:|1769322936
|move|p1a: Clefable|Moonblast|p2a: Ting-Lu
|-supereffective|p2a: Ting-Lu
|-damage|p2a: Ting-Lu|24/100 slp
|-curestatus|p2a: Ting-Lu|slp|[msg]
|move|p2a: Ting-Lu|Rest|p2a: Ting-Lu
|-status|p2a: Ting-Lu|slp|[from] move: Rest
|-heal|p2a: Ting-Lu|100/100 slp|[silent]
|
|-heal|p1a: Clefable|90/100 tox|[from] item: Leftovers
|upkeep
|turn|57
|
|t:|1769322951
|switch|p1a: Alomomola|Alomomola, F|100/100
|cant|p2a: Ting-Lu|slp
|
|upkeep
|turn|58
|
|t:|1769322953
|switch|p2a: Fogbound Lake|Alomomola, F|45/100 par
|-damage|p2a: Fogbound Lake|33/100 par|[from] Stealth Rock
|move|p1a: Alomomola|Wish|p1a: Alomomola
|
|upkeep
|turn|59
|
|t:|1769322957
|move|p1a: Alomomola|Flip Turn|p2a: Fogbound Lake
|-resisted|p2a: Fogbound Lake
|-damage|p2a: Fogbound Lake|28/100 par
|
|t:|1769322959
|switch|p1a: Zapdos|Zapdos|54/100 tox|[from] Flip Turn
|move|p2a: Fogbound Lake|Wish|p2a: Fogbound Lake
|
|-heal|p1a: Zapdos|100/100 tox|[from] move: Wish|[wisher] Alomomola
|-damage|p1a: Zapdos|94/100 tox|[from] psn
|upkeep
|turn|60
|
|t:|1769322976
|switch|p2a: Moody Blues|Dragapult, F|88/100
|-damage|p2a: Moody Blues|76/100|[from] Stealth Rock
|move|p1a: Zapdos|Volt Switch|p2a: Moody Blues
|-resisted|p2a: Moody Blues
|-damage|p2a: Moody Blues|50/100
|
|t:|1769322980
|switch|p1a: Alomomola|Alomomola, F|100/100|[from] Volt Switch
|
|-heal|p2a: Moody Blues|100/100|[from] move: Wish|[wisher] Fogbound Lake
|upkeep
|turn|61
|
|t:|1769322985
|switch|p2a: Fogbound Lake|Alomomola, F|62/100 par
|-damage|p2a: Fogbound Lake|49/100 par|[from] Stealth Rock
|move|p1a: Alomomola|Wish|p1a: Alomomola
|
|upkeep
|turn|62
|
|t:|1769322989
|move|p1a: Alomomola|Flip Turn|p2a: Fogbound Lake
|-resisted|p2a: Fogbound Lake
|-damage|p2a: Fogbound Lake|45/100 par
|
|t:|1769322991
|switch|p1a: Zapdos|Zapdos|94/100 tox|[from] Flip Turn
|move|p2a: Fogbound Lake|Wish|p2a: Fogbound Lake
|
|-heal|p1a: Zapdos|100/100 tox|[from] move: Wish|[wisher] Alomomola
|-damage|p1a: Zapdos|94/100 tox|[from] psn
|upkeep
|turn|63
|
|t:|1769323006
|switch|p2a: Moody Blues|Dragapult, F|100/100
|-damage|p2a: Moody Blues|88/100|[from] Stealth Rock
|move|p1a: Zapdos|Volt Switch|p2a: Moody Blues
|-resisted|p2a: Moody Blues
|-damage|p2a: Moody Blues|63/100
|
|t:|1769323017
|switch|p1a: Alomomola|Alomomola, F|100/100|[from] Volt Switch
|
|-heal|p2a: Moody Blues|100/100|[from] move: Wish|[wisher] Fogbound Lake
|upkeep
|turn|64
|
|t:|1769323023
|move|p2a: Moody Blues|Dragon Darts|p1a: Alomomola
|-damage|p1a: Alomomola|75/100
|-anim|p2a: Moody Blues|Dragon Darts|p1a: Alomomola
|-damage|p1a: Alomomola|50/100
|move|p1a: Alomomola|Flip Turn|p2a: Moody Blues
|-resisted|p2a: Moody Blues
|-damage|p2a: Moody Blues|90/100
|
|t:|1769323027
|switch|p1a: Landorus|Landorus-Therian, M|75/100|[from] Flip Turn
|-damage|p1a: Landorus|63/100|[from] Stealth Rock
|-ability|p1a: Landorus|Intimidate|boost
|-unboost|p2a: Moody Blues|atk|1
|
|-heal|p1a: Landorus|69/100|[from] item: Leftovers
|upkeep
|turn|65
|
|t:|1769323032
|move|p2a: Moody Blues|Dragon Darts|p1a: Landorus
|-damage|p1a: Landorus|50/100
|-anim|p2a: Moody Blues|Dragon Darts|p1a: Landorus
|-crit|p1a: Landorus
|-damage|p1a: Landorus|14/100
|move|p1a: Landorus|Grass Knot|p2a: Moody Blues
|-resisted|p2a: Moody Blues
|-damage|p2a: Moody Blues|77/100
|
|-heal|p1a: Landorus|20/100|[from] item: Leftovers
|upkeep
|turn|66
|
|t:|1769323038
|switch|p1a: Alomomola|Alomomola, F|84/100
|move|p2a: Moody Blues|Dragon Darts|p1a: Alomomola
|-damage|p1a: Alomomola|69/100
|-anim|p2a: Moody Blues|Dragon Darts|p1a: Alomomola
|-damage|p1a: Alomomola|53/100
|
|upkeep
|turn|67
|
|t:|1769323042
|switch|p2a: Fogbound Lake|Alomomola, F|78/100 par
|-damage|p2a: Fogbound Lake|66/100 par|[from] Stealth Rock
|move|p1a: Alomomola|Wish|p1a: Alomomola
|
|upkeep
|turn|68
|
|t:|1769323062
|move|p1a: Alomomola|Flip Turn|p2a: Fogbound Lake
|-resisted|p2a: Fogbound Lake
|-damage|p2a: Fogbound Lake|62/100 par
|
|t:|1769323065
|switch|p1a: Zapdos|Zapdos|94/100 tox|[from] Flip Turn
|move|p2a: Fogbound Lake|Wish|p2a: Fogbound Lake
|
|-heal|p1a: Zapdos|100/100 tox|[from] move: Wish|[wisher] Alomomola
|-damage|p1a: Zapdos|94/100 tox|[from] psn
|upkeep
|turn|69
|
|t:|1769323071
|switch|p2a: Moody Blues|Dragapult, F|77/100
|-damage|p2a: Moody Blues|65/100|[from] Stealth Rock
|move|p1a: Zapdos|Hurricane|p2a: Moody Blues
|-damage|p2a: Moody Blues|0 fnt
|faint|p2a: Moody Blues
|
|-damage|p1a: Zapdos|82/100 tox|[from] psn
|upkeep
|
|t:|1769323080
|switch|p2a: Ting-Lu|Ting-Lu|100/100 slp
|-damage|p2a: Ting-Lu|94/100 slp|[from] Stealth Rock
|-ability|p2a: Ting-Lu|Vessel of Ruin
|turn|70
|
|t:|1769323083
|switch|p1a: Alomomola|Alomomola, F|87/100
|cant|p2a: Ting-Lu|slp
|
|upkeep
|turn|71
|
|t:|1769323087
|switch|p2a: Fogbound Lake|Alomomola, F|95/100 par
|-damage|p2a: Fogbound Lake|83/100 par|[from] Stealth Rock
|move|p1a: Alomomola|Wish|p1a: Alomomola
|
|upkeep
|turn|72
|
|t:|1769323090
|move|p1a: Alomomola|Flip Turn|p2a: Fogbound Lake
|-resisted|p2a: Fogbound Lake
|-damage|p2a: Fogbound Lake|78/100 par
|
|t:|1769323092
|switch|p1a: Landorus|Landorus-Therian, M|20/100|[from] Flip Turn
|-damage|p1a: Landorus|8/100|[from] Stealth Rock
|-ability|p1a: Landorus|Intimidate|boost
|-unboost|p2a: Fogbound Lake|atk|1
|move|p2a: Fogbound Lake|Flip Turn|p1a: Landorus
|-supereffective|p1a: Landorus
|-damage|p1a: Landorus|0 fnt
|faint|p1a: Landorus
|
|t:|1769323098
|switch|p2a: Ting-Lu|Ting-Lu|94/100 slp|[from] Flip Turn
|-damage|p2a: Ting-Lu|88/100 slp|[from] Stealth Rock
|-ability|p2a: Ting-Lu|Vessel of Ruin
|
|upkeep
|
|t:|1769323105
|switch|p1a: Clefable|Clefable, F|90/100 tox
|turn|73
|
|t:|1769323108
|move|p1a: Clefable|Moonblast|p2a: Ting-Lu
|-supereffective|p2a: Ting-Lu
|-damage|p2a: Ting-Lu|64/100 slp
|-unboost|p2a: Ting-Lu|spa|1
|-curestatus|p2a: Ting-Lu|slp|[msg]
|move|p2a: Ting-Lu|Ruination|p1a: Clefable
|-damage|p1a: Clefable|45/100 tox
|
|-heal|p1a: Clefable|51/100 tox|[from] item: Leftovers
|upkeep
|turn|74
|
|t:|1769323120
|move|p1a: Clefable|Moonblast|p2a: Ting-Lu
|-supereffective|p2a: Ting-Lu
|-damage|p2a: Ting-Lu|35/100
|move|p2a: Ting-Lu|Ruination|p1a: Clefable
|-damage|p1a: Clefable|26/100 tox
|
|-heal|p1a: Clefable|32/100 tox|[from] item: Leftovers
|upkeep
|turn|75
|
|t:|1769323131
|move|p1a: Clefable|Moonlight|p1a: Clefable
|-heal|p1a: Clefable|82/100 tox
|move|p2a: Ting-Lu|Rest|p2a: Ting-Lu
|-status|p2a: Ting-Lu|slp|[from] move: Rest
|-heal|p2a: Ting-Lu|100/100 slp|[silent]
|
|-heal|p1a: Clefable|88/100 tox|[from] item: Leftovers
|upkeep
|turn|76
|
|t:|1769323139
|switch|p1a: Zapdos|Zapdos|82/100 tox
|cant|p2a: Ting-Lu|slp
|
|-damage|p1a: Zapdos|76/100 tox|[from] psn
|upkeep
|turn|77
|
|t:|1769323143
|move|p1a: Zapdos|Hurricane|p2a: Ting-Lu
|-damage|p2a: Ting-Lu|77/100 slp
|-start|p2a: Ting-Lu|confusion
|cant|p2a: Ting-Lu|slp
|
|-damage|p1a: Zapdos|63/100 tox|[from] psn
|upkeep
|turn|78
|
|t:|1769323161
|move|p1a: Zapdos|Hurricane|p2a: Ting-Lu
|-damage|p2a: Ting-Lu|54/100 slp
|-curestatus|p2a: Ting-Lu|slp|[msg]
|-activate|p2a: Ting-Lu|confusion
|move|p2a: Ting-Lu|Earthquake|p1a: Zapdos
|-immune|p1a: Zapdos
|
|-damage|p1a: Zapdos|44/100 tox|[from] psn
|upkeep
|turn|79
|
|t:|1769323168
|switch|p1a: Alomomola|Alomomola, F|100/100
|-activate|p2a: Ting-Lu|confusion
|-damage|p2a: Ting-Lu|48/100|[from] confusion
|
|upkeep
|turn|80
|
|t:|1769323173
|-end|p2a: Ting-Lu|confusion
|move|p2a: Ting-Lu|Rest|p2a: Ting-Lu
|-status|p2a: Ting-Lu|slp|[from] move: Rest
|-heal|p2a: Ting-Lu|100/100 slp|[silent]
|move|p1a: Alomomola|Wish|p1a: Alomomola
|
|upkeep
|turn|81
|
|t:|1769323182
|cant|p2a: Ting-Lu|slp
|move|p1a: Alomomola|Flip Turn|p2a: Ting-Lu
|-supereffective|p2a: Ting-Lu
|-damage|p2a: Ting-Lu|83/100 slp
|
|t:|1769323184
|switch|p1a: Zapdos|Zapdos|44/100 tox|[from] Flip Turn
|
|-heal|p1a: Zapdos|100/100 tox|[from] move: Wish|[wisher] Alomomola
|-damage|p1a: Zapdos|94/100 tox|[from] psn
|upkeep
|turn|82
|
|t:|1769323201
|move|p1a: Zapdos|Hurricane|p2a: Ting-Lu|[miss]
|-miss|p1a: Zapdos|p2a: Ting-Lu
|cant|p2a: Ting-Lu|slp
|
|-damage|p1a: Zapdos|82/100 tox|[from] psn
|upkeep
|turn|83
|
|t:|1769323204
|move|p1a: Zapdos|Hurricane|p2a: Ting-Lu|[miss]
|-miss|p1a: Zapdos|p2a: Ting-Lu
|-curestatus|p2a: Ting-Lu|slp|[msg]
|move|p2a: Ting-Lu|Ruination|p1a: Zapdos
|-damage|p1a: Zapdos|41/100 tox
|
|-damage|p1a: Zapdos|23/100 tox|[from] psn
|upkeep
|turn|84
|
|t:|1769323211
|switch|p1a: Alomomola|Alomomola, F|100/100
|switch|p2a: Fogbound Lake|Alomomola, F|100/100 par
|-damage|p2a: Fogbound Lake|88/100 par|[from] Stealth Rock
|
|upkeep
|turn|85
|
|t:|1769323223
|move|p1a: Alomomola|Flip Turn|p2a: Fogbound Lake
|-resisted|p2a: Fogbound Lake
|-damage|p2a: Fogbound Lake|84/100 par
|
|t:|1769323225
|switch|p1a: Zapdos|Zapdos|23/100 tox|[from] Flip Turn
|move|p2a: Fogbound Lake|Wish|p2a: Fogbound Lake
|
|-damage|p1a: Zapdos|16/100 tox|[from] psn
|upkeep
|turn|86
|
|t:|1769323238
|switch|p1a: Alomomola|Alomomola, F|100/100
|-terastallize|p2a: Fogbound Lake|Ghost
|move|p2a: Fogbound Lake|Flip Turn|p1a: Alomomola
|-resisted|p1a: Alomomola
|-damage|p1a: Alomomola|95/100
|
|t:|1769323241
|switch|p2a: Weezing|Weezing-Galar, F|18/100|[from] Flip Turn
|-ability|p2a: Weezing|Neutralizing Gas
|-damage|p2a: Weezing|5/100|[from] Stealth Rock
|
|-heal|p2a: Weezing|85/100|[from] move: Wish|[wisher] Fogbound Lake
|upkeep
|turn|87
|
|t:|1769323254
|move|p2a: Weezing|Defog|p1a: Alomomola
|-unboost|p1a: Alomomola|evasion|1
|-sideend|p1: IVN CRDZ|Stealth Rock|[from] move: Defog|[of] p2a: Weezing
|-sideend|p2: ari5509|Stealth Rock|[from] move: Defog|[of] p2a: Weezing
|move|p1a: Alomomola|Wish|p1a: Alomomola
|
|upkeep
|turn|88
|
|t:|1769323269
|-end|p2a: Weezing|ability: Neutralizing Gas
|switch|p2a: Fogbound Lake|Alomomola, F, tera:Ghost|100/100 par
|switch|p1a: Zapdos|Zapdos|16/100 tox
|
|-heal|p1a: Zapdos|90/100 tox|[from] move: Wish|[wisher] Alomomola
|-damage|p1a: Zapdos|83/100 tox|[from] psn
|upkeep
|turn|89
|
|t:|1769323275
|move|p1a: Zapdos|Hurricane|p2a: Fogbound Lake
|-damage|p2a: Fogbound Lake|32/100 par
|move|p2a: Fogbound Lake|Flip Turn|p1a: Zapdos
|-damage|p1a: Zapdos|63/100 tox
|
|t:|1769323282
|switch|p2a: Tiffany BlueStones|Kyurem, shiny|7/100|[from] Flip Turn
|-ability|p2a: Tiffany BlueStones|Pressure
|
|-heal|p2a: Tiffany BlueStones|13/100|[from] item: Leftovers
|-damage|p1a: Zapdos|50/100 tox|[from] psn
|upkeep
|turn|90
|
|t:|1769323285
|move|p1a: Zapdos|Volt Switch|p2a: Tiffany BlueStones
|-resisted|p2a: Tiffany BlueStones
|-damage|p2a: Tiffany BlueStones|0 fnt
|faint|p2a: Tiffany BlueStones
|
|t:|1769323290
|switch|p1a: Clefable|Clefable, F|88/100 tox|[from] Volt Switch
|
|-heal|p1a: Clefable|94/100 tox|[from] item: Leftovers
|upkeep
|
|t:|1769323298
|switch|p2a: Fogbound Lake|Alomomola, F, tera:Ghost|65/100 par
|turn|91
|
|t:|1769323303
|move|p1a: Clefable|Stealth Rock|p2a: Fogbound Lake
|-sidestart|p2: ari5509|move: Stealth Rock
|cant|p2a: Fogbound Lake|par
|
|-heal|p1a: Clefable|99/100 tox|[from] item: Leftovers
|upkeep
|turn|92
|
|t:|1769323306
|move|p1a: Clefable|Moonblast|p2a: Fogbound Lake
|-damage|p2a: Fogbound Lake|28/100 par
|move|p2a: Fogbound Lake|Flip Turn|p1a: Clefable
|-damage|p1a: Clefable|89/100 tox
|
|t:|1769323313
|switch|p2a: Weezing|Weezing-Galar, F|85/100|[from] Flip Turn
|-ability|p2a: Weezing|Neutralizing Gas
|-damage|p2a: Weezing|73/100|[from] Stealth Rock
|
|-heal|p1a: Clefable|95/100 tox|[from] item: Leftovers
|-damage|p1a: Clefable|76/100 tox|[from] psn
|upkeep
|turn|93
|
|t:|1769323320
|switch|p1a: Pecharunt|Pecharunt|100/100
|move|p2a: Weezing|Defog|p1a: Pecharunt
|-unboost|p1a: Pecharunt|evasion|1
|-sideend|p2: ari5509|Stealth Rock|[from] move: Defog|[of] p2a: Weezing
|
|upkeep
|turn|94
|
|t:|1769323324
|move|p1a: Pecharunt|Malignant Chain|p2a: Weezing
|-damage|p2a: Weezing|32/100
|move|p2a: Weezing|Will-O-Wisp|p1a: Pecharunt
|-status|p1a: Pecharunt|brn
|
|-damage|p1a: Pecharunt|94/100 brn|[from] brn
|upkeep
|turn|95
|
|t:|1769323330
|move|p2a: Weezing|Protect|p2a: Weezing
|-singleturn|p2a: Weezing|Protect
|move|p1a: Pecharunt|Parting Shot|p2a: Weezing
|-activate|p2a: Weezing|move: Protect
|
|-damage|p1a: Pecharunt|88/100 brn|[from] brn
|upkeep
|turn|96
|
|t:|1769323335
|-end|p2a: Weezing|ability: Neutralizing Gas
|switch|p2a: Ting-Lu|Ting-Lu|83/100
|-ability|p2a: Ting-Lu|Vessel of Ruin
|move|p1a: Pecharunt|Parting Shot|p2a: Ting-Lu
|-unboost|p2a: Ting-Lu|atk|1
|-unboost|p2a: Ting-Lu|spa|1
|
|t:|1769323338
|switch|p1a: Clefable|Clefable, F|76/100 tox|[from] Parting Shot
|
|-heal|p1a: Clefable|82/100 tox|[from] item: Leftovers
|upkeep
|turn|97
|
|t:|1769323343
|switch|p2a: Fogbound Lake|Alomomola, F, tera:Ghost|61/100 par
|move|p1a: Clefable|Stealth Rock|p2a: Fogbound Lake
|-sidestart|p2: ari5509|move: Stealth Rock
|
|-heal|p1a: Clefable|89/100 tox|[from] item: Leftovers
|upkeep
|turn|98
|
|t:|1769323346
|move|p1a: Clefable|Moonblast|p2a: Fogbound Lake
|-damage|p2a: Fogbound Lake|28/100 par
|move|p2a: Fogbound Lake|Wish|p2a: Fogbound Lake
|
|-heal|p1a: Clefable|95/100 tox|[from] item: Leftovers
|upkeep
|turn|99
|
|t:|1769323357
|switch|p1a: Pecharunt|Pecharunt|88/100 brn
|switch|p2a: Ting-Lu|Ting-Lu|83/100
|-damage|p2a: Ting-Lu|76/100|[from] Stealth Rock
|-ability|p2a: Ting-Lu|Vessel of Ruin
|
|-heal|p2a: Ting-Lu|100/100|[from] move: Wish|[wisher] Fogbound Lake
|-damage|p1a: Pecharunt|82/100 brn|[from] brn
|upkeep
|turn|100
|
|t:|1769323364
|move|p1a: Pecharunt|Malignant Chain|p2a: Ting-Lu
|-resisted|p2a: Ting-Lu
|-damage|p2a: Ting-Lu|94/100
|move|p2a: Ting-Lu|Earthquake|p1a: Pecharunt
|-supereffective|p1a: Pecharunt
|-damage|p1a: Pecharunt|45/100 brn
|
|-damage|p1a: Pecharunt|39/100 brn|[from] brn
|upkeep
|turn|101
|
|t:|1769323371
|move|p1a: Pecharunt|Recover|p1a: Pecharunt
|-heal|p1a: Pecharunt|89/100 brn
|move|p2a: Ting-Lu|Earthquake|p1a: Pecharunt
|-supereffective|p1a: Pecharunt
|-damage|p1a: Pecharunt|51/100 brn
|
|-damage|p1a: Pecharunt|45/100 brn|[from] brn
|upkeep
|turn|102
|
|t:|1769323378
|move|p1a: Pecharunt|Recover|p1a: Pecharunt
|-heal|p1a: Pecharunt|95/100 brn
|move|p2a: Ting-Lu|Earthquake|p1a: Pecharunt
|-supereffective|p1a: Pecharunt
|-damage|p1a: Pecharunt|57/100 brn
|
|-damage|p1a: Pecharunt|50/100 brn|[from] brn
|upkeep
|turn|103
|
|t:|1769323382
|move|p1a: Pecharunt|Malignant Chain|p2a: Ting-Lu
|-resisted|p2a: Ting-Lu
|-damage|p2a: Ting-Lu|87/100
|move|p2a: Ting-Lu|Earthquake|p1a: Pecharunt
|-supereffective|p1a: Pecharunt
|-damage|p1a: Pecharunt|8/100 brn
|
|-damage|p1a: Pecharunt|2/100 brn|[from] brn
|upkeep
|turn|104
|
|t:|1769323388
|move|p1a: Pecharunt|Parting Shot|p2a: Ting-Lu
|-unboost|p2a: Ting-Lu|atk|1
|-unboost|p2a: Ting-Lu|spa|1
|
|t:|1769323390
|switch|p1a: Clefable|Clefable, F|95/100 tox|[from] Parting Shot
|move|p2a: Ting-Lu|Earthquake|p1a: Clefable
|-damage|p1a: Clefable|77/100 tox
|
|-heal|p1a: Clefable|83/100 tox|[from] item: Leftovers
|upkeep
|turn|105
|
|t:|1769323398
|switch|p2a: Fogbound Lake|Alomomola, F, tera:Ghost|62/100 par
|-damage|p2a: Fogbound Lake|49/100 par|[from] Stealth Rock
|move|p1a: Clefable|Moonblast|p2a: Fogbound Lake
|-damage|p2a: Fogbound Lake|10/100 par
|
|-heal|p1a: Clefable|89/100 tox|[from] item: Leftovers
|upkeep
|turn|106
|
|t:|1769323402
|switch|p2a: Ting-Lu|Ting-Lu|87/100
|-damage|p2a: Ting-Lu|81/100|[from] Stealth Rock
|-ability|p2a: Ting-Lu|Vessel of Ruin
|move|p1a: Clefable|Moonblast|p2a: Ting-Lu
|-supereffective|p2a: Ting-Lu
|-damage|p2a: Ting-Lu|54/100
|-unboost|p2a: Ting-Lu|spa|1
|
|-heal|p1a: Clefable|95/100 tox|[from] item: Leftovers
|upkeep
|turn|107
|
|t:|1769323415
|switch|p1a: Alomomola|Alomomola, F|100/100
|move|p2a: Ting-Lu|Ruination|p1a: Alomomola
|-damage|p1a: Alomomola|51/100
|
|upkeep
|turn|108
|
|t:|1769323420
|move|p2a: Ting-Lu|Stealth Rock|p1a: Alomomola
|-sidestart|p1: IVN CRDZ|move: Stealth Rock
|move|p1a: Alomomola|Wish|p1a: Alomomola
|
|upkeep
|turn|109
|
|t:|1769323426
|move|p2a: Ting-Lu|Earthquake|p1a: Alomomola
|-damage|p1a: Alomomola|24/100
|move|p1a: Alomomola|Flip Turn|p2a: Ting-Lu
|-supereffective|p2a: Ting-Lu
|-damage|p2a: Ting-Lu|37/100
|
|t:|1769323430
|switch|p1a: Zapdos|Zapdos|50/100 tox|[from] Flip Turn
|
|-heal|p1a: Zapdos|100/100 tox|[from] move: Wish|[wisher] Alomomola
|-damage|p1a: Zapdos|94/100 tox|[from] psn
|upkeep
|turn|110
|
|t:|1769323433
|move|p1a: Zapdos|Hurricane|p2a: Ting-Lu|[miss]
|-miss|p1a: Zapdos|p2a: Ting-Lu
|move|p2a: Ting-Lu|Rest|p2a: Ting-Lu
|-status|p2a: Ting-Lu|slp|[from] move: Rest
|-heal|p2a: Ting-Lu|100/100 slp|[silent]
|
|-damage|p1a: Zapdos|82/100 tox|[from] psn
|upkeep
|turn|111
|
|t:|1769323444
|switch|p1a: Alomomola|Alomomola, F|58/100
|cant|p2a: Ting-Lu|slp
|
|upkeep
|turn|112
|
|t:|1769323452
|cant|p2a: Ting-Lu|slp
|move|p1a: Alomomola|Flip Turn|p2a: Ting-Lu
|-supereffective|p2a: Ting-Lu
|-damage|p2a: Ting-Lu|81/100 slp
|
|t:|1769323459
|switch|p1a: Zapdos|Zapdos|82/100 tox|[from] Flip Turn
|
|-damage|p1a: Zapdos|76/100 tox|[from] psn
|upkeep
|turn|113
|
|t:|1769323463
|move|p1a: Zapdos|Hurricane|p2a: Ting-Lu
|-damage|p2a: Ting-Lu|58/100 slp
|-curestatus|p2a: Ting-Lu|slp|[msg]
|move|p2a: Ting-Lu|Ruination|p1a: Zapdos
|-damage|p1a: Zapdos|38/100 tox
|
|-damage|p1a: Zapdos|26/100 tox|[from] psn
|upkeep
|turn|114
|
|t:|1769323473
|switch|p1a: Alomomola|Alomomola, F|91/100
|move|p2a: Ting-Lu|Earthquake|p1a: Alomomola
|-damage|p1a: Alomomola|68/100
|
|upkeep
|turn|115
|
|t:|1769323478
|move|p2a: Ting-Lu|Earthquake|p1a: Alomomola
|-damage|p1a: Alomomola|43/100
|move|p1a: Alomomola|Wish|p1a: Alomomola
|
|upkeep
|turn|116
|
|t:|1769323487
|move|p2a: Ting-Lu|Earthquake|p1a: Alomomola
|-damage|p1a: Alomomola|16/100
|move|p1a: Alomomola|Flip Turn|p2a: Ting-Lu
|-supereffective|p2a: Ting-Lu
|-damage|p2a: Ting-Lu|38/100
|
|t:|1769323490
|switch|p1a: Zapdos|Zapdos|26/100 tox|[from] Flip Turn
|
|-heal|p1a: Zapdos|99/100 tox|[from] move: Wish|[wisher] Alomomola
|-damage|p1a: Zapdos|93/100 tox|[from] psn
|upkeep
|turn|117
|
|t:|1769323491
|move|p1a: Zapdos|Hurricane|p2a: Ting-Lu
|-damage|p2a: Ting-Lu|15/100
|move|p2a: Ting-Lu|Rest|p2a: Ting-Lu
|-status|p2a: Ting-Lu|slp|[from] move: Rest
|-heal|p2a: Ting-Lu|100/100 slp|[silent]
|
|-damage|p1a: Zapdos|80/100 tox|[from] psn
|upkeep
|turn|118
|
|t:|1769323499
|switch|p1a: Alomomola|Alomomola, F|49/100
|cant|p2a: Ting-Lu|slp
|
|upkeep
|turn|119
|
|t:|1769323505
|switch|p2a: Fogbound Lake|Alomomola, F, tera:Ghost|44/100 par
|-damage|p2a: Fogbound Lake|31/100 par|[from] Stealth Rock
|move|p1a: Alomomola|Flip Turn|p2a: Fogbound Lake
|-damage|p2a: Fogbound Lake|22/100 par
|
|t:|1769323508
|switch|p1a: Clefable|Clefable, F|95/100 tox|[from] Flip Turn
|
|-heal|p1a: Clefable|100/100 tox|[from] item: Leftovers
|upkeep
|turn|120
|
|t:|1769323510
|switch|p2a: Ting-Lu|Ting-Lu|100/100 slp
|-damage|p2a: Ting-Lu|94/100 slp|[from] Stealth Rock
|-ability|p2a: Ting-Lu|Vessel of Ruin
|move|p1a: Clefable|Moonblast|p2a: Ting-Lu
|-supereffective|p2a: Ting-Lu
|-damage|p2a: Ting-Lu|66/100 slp
|
|upkeep
|turn|121
|
|t:|1769323514
|move|p1a: Clefable|Moonblast|p2a: Ting-Lu
|-supereffective|p2a: Ting-Lu
|-crit|p2a: Ting-Lu
|-damage|p2a: Ting-Lu|24/100 slp
|cant|p2a: Ting-Lu|slp
|
|upkeep
|turn|122
|c|☆IVN CRDZ|jackpot
|
|t:|1769323533
|switch|p2a: Weezing|Weezing-Galar, F|32/100
|-ability|p2a: Weezing|Neutralizing Gas
|-damage|p2a: Weezing|20/100|[from] Stealth Rock
|move|p1a: Clefable|Moonblast|p2a: Weezing
|-resisted|p2a: Weezing
|-damage|p2a: Weezing|0 fnt
|faint|p2a: Weezing
|-end|p2a: Weezing|ability: Neutralizing Gas
|
|upkeep
|
|t:|1769323537
|switch|p2a: Fogbound Lake|Alomomola, F, tera:Ghost|55/100 par
|-damage|p2a: Fogbound Lake|43/100 par|[from] Stealth Rock
|turn|123
|c|☆ari5509|Gambling addiction is no joke bro
|
|t:|1769323566
|move|p1a: Clefable|Moonblast|p2a: Fogbound Lake
|-damage|p2a: Fogbound Lake|6/100 par
|move|p2a: Fogbound Lake|Wish|p2a: Fogbound Lake
|
|upkeep
|turn|124
|
|t:|1769323575
|switch|p1a: Zapdos|Zapdos|80/100 tox
|cant|p2a: Fogbound Lake|par
|
|-heal|p2a: Fogbound Lake|56/100 par|[from] move: Wish|[wisher] Fogbound Lake
|-damage|p1a: Zapdos|74/100 tox|[from] psn
|upkeep
|turn|125
|
|t:|1769323580
|move|p1a: Zapdos|Hurricane|p2a: Fogbound Lake
|-damage|p2a: Fogbound Lake|0 fnt
|faint|p2a: Fogbound Lake
|
|-damage|p1a: Zapdos|62/100 tox|[from] psn
|upkeep
|
|t:|1769323582
|switch|p2a: Ting-Lu|Ting-Lu|24/100 slp
|-damage|p2a: Ting-Lu|18/100 slp|[from] Stealth Rock
|-ability|p2a: Ting-Lu|Vessel of Ruin
|turn|126
|
|t:|1769323586
|move|p1a: Zapdos|Hurricane|p2a: Ting-Lu
|-damage|p2a: Ting-Lu|0 fnt
|faint|p2a: Ting-Lu
|
|win|IVN CRDZ
|raw|IVN CRDZ's rating: 1666 &rarr; <strong>1685</strong><br />(+19 for winning)
|raw|ari5509's rating: 1648 &rarr; <strong>1629</strong><br />(-19 for losing)
|c|☆ari5509|Gg
|l|☆ari5509
|player|p2|
|c|☆IVN CRDZ|gg
|l|☆IVN CRDZ
|player|p1|
