|inactive|Battle timer is ON: inactive players will automatically lose when time's up.
|t:|1769369181
|gametype|singles
|player|p1|Gen9Trihard|265|
|player|p2|SupaGmoney|#wcop2024ussouth|
|gen|9
|tier|[Gen 9] OU
|rule|HP Percentage Mod: HP is shown in percentages
|rule|Endless Battle Clause: Forcing endless battles is banned
|rule|Species Clause: Limit one of each Pokémon
|rule|OHKO Clause: OHKO moves are banned
|rule|Evasion Items Clause: Evasion items are banned
|rule|Evasion Moves Clause: Evasion moves are banned
|rule|Evasion Abilities Clause: Evasion abilities are banned
|rule|Sleep Moves Clause: Sleep-inducing moves are banned
|clearpoke
|poke|p1|Dondozo, F|
|poke|p1|Blissey, F|
|poke|p1|Corviknight, F|
|poke|p1|Weezing-Galar, F|
|poke|p1|Gliscor, M|
|poke|p1|Toxapex, M|
|poke|p2|Kyurem|
|poke|p2|Cinderace, F|
|poke|p2|Dragonite, M|
|poke|p2|Toxapex, M|
|poke|p2|Great Tusk|
|poke|p2|Kingambit, F|
|teampreview
|c|☆Gen9Trihard|gl hf
|c|☆SupaGmoney|u2
|c|+glass shadows|lfgi supa
|inactive|Gen9Trihard has 270 seconds left.
|inactive|SupaGmoney has 270 seconds left.
|inactive|SupaGmoney has 240 seconds left.
|inactive|SupaGmoney has 210 seconds left.
|
|t:|1769369273
|teamsize|p1|6
|teamsize|p2|6
|start
|switch|p1a: Gliscor|Gliscor, M|100/100
|switch|p2a: Kyurem|Kyurem|100/100
|-ability|p2a: Kyurem|Pressure
|turn|1
|
|t:|1769369289
|switch|p1a: Blissey|Blissey, F|100/100
|move|p2a: Kyurem|Freeze-Dry|p1a: Blissey
|-damage|p1a: Blissey|83/100
|
|-heal|p1a: Blissey|89/100|[from] item: Leftovers
|upkeep
|turn|2
|
|t:|1769369297
|switch|p2a: Great Tusk|Great Tusk|100/100
|move|p1a: Blissey|Stealth Rock|p2a: Great Tusk
|-sidestart|p2: SupaGmoney|move: Stealth Rock
|
|-heal|p1a: Blissey|96/100|[from] item: Leftovers
|upkeep
|turn|3
|
|t:|1769369307
|switch|p1a: Corviknight|Corviknight, F|100/100
|-ability|p1a: Corviknight|Pressure
|move|p2a: Great Tusk|Stealth Rock|p1a: Corviknight
|-sidestart|p1: Gen9Trihard|move: Stealth Rock
|
|upkeep
|turn|4
|
|t:|1769369316
|-end|p2a: Great Tusk|Protosynthesis|[silent]
|switch|p2a: Cinderace|Cinderace, F|100/100
|move|p1a: Corviknight|Iron Defense|p1a: Corviknight
|-boost|p1a: Corviknight|def|2
|
|upkeep
|turn|5
|
|t:|1769369322
|move|p2a: Cinderace|Will-O-Wisp|p1a: Corviknight
|-status|p1a: Corviknight|brn
|move|p1a: Corviknight|Body Press|p2a: Cinderace
|-damage|p2a: Cinderace|70/100
|
|-damage|p1a: Corviknight|94/100 brn|[from] brn
|upkeep
|turn|6
|
|t:|1769369330
|move|p2a: Cinderace|U-turn|p1a: Corviknight
|-resisted|p1a: Corviknight
|-damage|p1a: Corviknight|93/100 brn
|
|t:|1769369332
|switch|p2a: Toxapex|Toxapex, M|100/100|[from] U-turn
|-damage|p2a: Toxapex|88/100|[from] Stealth Rock
|move|p1a: Corviknight|Defog|p2a: Toxapex
|-unboost|p2a: Toxapex|evasion|1
|-sideend|p2: SupaGmoney|Stealth Rock|[from] move: Defog|[of] p1a: Corviknight
|-sideend|p1: Gen9Trihard|Stealth Rock|[from] move: Defog|[of] p1a: Corviknight
|
|-heal|p1a: Corviknight|99/100 brn|[from] item: Leftovers
|-damage|p1a: Corviknight|93/100 brn|[from] brn
|upkeep
|turn|7
|
|t:|1769369342
|switch|p2a: Kyurem|Kyurem|100/100
|-ability|p2a: Kyurem|Pressure
|move|p1a: Corviknight|Iron Defense|p1a: Corviknight
|-boost|p1a: Corviknight|def|2
|
|-heal|p1a: Corviknight|99/100 brn|[from] item: Leftovers
|-damage|p1a: Corviknight|93/100 brn|[from] brn
|upkeep
|turn|8
|
|t:|1769369348
|switch|p2a: Toxapex|Toxapex, M|100/100
|move|p1a: Corviknight|Body Press|p2a: Toxapex
|-resisted|p2a: Toxapex
|-damage|p2a: Toxapex|84/100
|-enditem|p2a: Toxapex|Eject Button
|
|t:|1769369351
|switch|p2a: Cinderace|Cinderace, F|70/100
|
|-heal|p1a: Corviknight|99/100 brn|[from] item: Leftovers
|-damage|p1a: Corviknight|93/100 brn|[from] brn
|upkeep
|turn|9
|
|t:|1769369355
|move|p2a: Cinderace|U-turn|p1a: Corviknight
|-resisted|p1a: Corviknight
|-damage|p1a: Corviknight|92/100 brn
|
|t:|1769369357
|switch|p2a: Toxapex|Toxapex, M|100/100|[from] U-turn
|move|p1a: Corviknight|Iron Defense|p1a: Corviknight
|-boost|p1a: Corviknight|def|2
|
|-heal|p1a: Corviknight|98/100 brn|[from] item: Leftovers
|-damage|p1a: Corviknight|92/100 brn|[from] brn
|upkeep
|turn|10
|
|t:|1769369366
|move|p1a: Corviknight|Iron Defense|p1a: Corviknight
|-boost|p1a: Corviknight|def|0
|move|p2a: Toxapex|Haze|p2a: Toxapex
|-clearallboost
|
|-heal|p1a: Corviknight|98/100 brn|[from] item: Leftovers
|-damage|p1a: Corviknight|92/100 brn|[from] brn
|upkeep
|turn|11
|
|t:|1769369376
|switch|p2a: Great Tusk|Great Tusk|100/100
|move|p1a: Corviknight|Iron Defense|p1a: Corviknight
|-boost|p1a: Corviknight|def|2
|
|-heal|p1a: Corviknight|98/100 brn|[from] item: Leftovers
|-damage|p1a: Corviknight|92/100 brn|[from] brn
|upkeep
|turn|12
|
|t:|1769369382
|-end|p2a: Great Tusk|Protosynthesis|[silent]
|switch|p2a: Toxapex|Toxapex, M|100/100
|move|p1a: Corviknight|Body Press|p2a: Toxapex
|-resisted|p2a: Toxapex
|-damage|p2a: Toxapex|90/100
|
|-heal|p1a: Corviknight|98/100 brn|[from] item: Leftovers
|-damage|p1a: Corviknight|92/100 brn|[from] brn
|upkeep
|turn|13
|
|t:|1769369395
|move|p1a: Corviknight|Iron Defense|p1a: Corviknight
|-boost|p1a: Corviknight|def|2
|move|p2a: Toxapex|Haze|p2a: Toxapex
|-clearallboost
|
|-heal|p1a: Corviknight|98/100 brn|[from] item: Leftovers
|-damage|p1a: Corviknight|92/100 brn|[from] brn
|upkeep
|turn|14
|
|t:|1769369398
|switch|p2a: Great Tusk|Great Tusk|100/100
|move|p1a: Corviknight|Iron Defense|p1a: Corviknight
|-boost|p1a: Corviknight|def|2
|
|-heal|p1a: Corviknight|98/100 brn|[from] item: Leftovers
|-damage|p1a: Corviknight|92/100 brn|[from] brn
|upkeep
|turn|15
|
|t:|1769369404
|-end|p2a: Great Tusk|Protosynthesis|[silent]
|switch|p2a: Toxapex|Toxapex, M|100/100
|move|p1a: Corviknight|Iron Defense|p1a: Corviknight
|-boost|p1a: Corviknight|def|2
|
|-heal|p1a: Corviknight|98/100 brn|[from] item: Leftovers
|-damage|p1a: Corviknight|92/100 brn|[from] brn
|upkeep
|turn|16
|
|t:|1769369410
|move|p1a: Corviknight|Body Press|p2a: Toxapex
|-resisted|p2a: Toxapex
|-damage|p2a: Toxapex|85/100
|move|p2a: Toxapex|Haze|p2a: Toxapex
|-clearallboost
|
|-heal|p1a: Corviknight|98/100 brn|[from] item: Leftovers
|-damage|p1a: Corviknight|92/100 brn|[from] brn
|upkeep
|turn|17
|
|t:|1769369415
|switch|p1a: Gliscor|Gliscor, M|100/100
|switch|p2a: Kyurem|Kyurem|100/100
|-ability|p2a: Kyurem|Pressure
|
|-status|p1a: Gliscor|tox|[from] item: Toxic Orb
|upkeep
|turn|18
|
|t:|1769369422
|move|p1a: Gliscor|Protect|p1a: Gliscor
|-singleturn|p1a: Gliscor|Protect
|move|p2a: Kyurem|Ice Beam|p1a: Gliscor
|-activate|p1a: Gliscor|move: Protect
|
|upkeep
|turn|19
|
|t:|1769369433
|switch|p2a: Great Tusk|Great Tusk|100/100
|switch|p1a: Toxapex|Toxapex, M|100/100
|
|upkeep
|turn|20
|
|t:|1769369443
|-end|p2a: Great Tusk|Protosynthesis|[silent]
|switch|p2a: Kingambit|Kingambit, F|100/100
|switch|p1a: Corviknight|Corviknight, F|92/100 brn
|-ability|p1a: Corviknight|Pressure
|
|-heal|p1a: Corviknight|98/100 brn|[from] item: Leftovers
|-damage|p1a: Corviknight|92/100 brn|[from] brn
|upkeep
|turn|21
|
|t:|1769369450
|-end|p2a: Kingambit|fallenundefined|[silent]
|switch|p2a: Toxapex|Toxapex, M|100/100
|move|p1a: Corviknight|Body Press|p2a: Toxapex
|-resisted|p2a: Toxapex
|-damage|p2a: Toxapex|96/100
|
|-heal|p1a: Corviknight|98/100 brn|[from] item: Leftovers
|-damage|p1a: Corviknight|92/100 brn|[from] brn
|upkeep
|turn|22
|
|t:|1769369454
|switch|p1a: Gliscor|Gliscor, M|100/100 tox
|switch|p2a: Kyurem|Kyurem|100/100
|-ability|p2a: Kyurem|Pressure
|
|upkeep
|turn|23
|
|t:|1769369459
|move|p1a: Gliscor|Protect|p1a: Gliscor
|-singleturn|p1a: Gliscor|Protect
|move|p2a: Kyurem|Ice Beam|p1a: Gliscor
|-activate|p1a: Gliscor|move: Protect
|
|upkeep
|turn|24
|
|t:|1769369467
|switch|p1a: Toxapex|Toxapex, M|100/100
|move|p2a: Kyurem|Ice Beam|p1a: Toxapex
|-resisted|p1a: Toxapex
|-damage|p1a: Toxapex|79/100
|
|-heal|p1a: Toxapex|85/100|[from] item: Leftovers
|upkeep
|turn|25
|
|t:|1769369474
|switch|p2a: Kingambit|Kingambit, F|100/100
|move|p1a: Toxapex|Toxic|p2a: Kingambit
|-immune|p2a: Kingambit
|
|-heal|p1a: Toxapex|91/100|[from] item: Leftovers
|upkeep
|turn|26
|
|t:|1769369479
|move|p2a: Kingambit|Swords Dance|p2a: Kingambit
|-boost|p2a: Kingambit|atk|2
|move|p1a: Toxapex|Toxic|p2a: Kingambit
|-immune|p2a: Kingambit
|
|-heal|p1a: Toxapex|98/100|[from] item: Leftovers
|upkeep
|turn|27
|
|t:|1769369484
|switch|p1a: Dondozo|Dondozo, F|100/100
|move|p2a: Kingambit|Kowtow Cleave|p1a: Dondozo
|-damage|p1a: Dondozo|77/100
|
|-heal|p1a: Dondozo|83/100|[from] item: Leftovers
|upkeep
|turn|28
|
|t:|1769369493
|-end|p2a: Kingambit|fallenundefined|[silent]
|switch|p2a: Toxapex|Toxapex, M|100/100
|move|p1a: Dondozo|Body Press|p2a: Toxapex
|-resisted|p2a: Toxapex
|-damage|p2a: Toxapex|90/100
|
|-heal|p1a: Dondozo|90/100|[from] item: Leftovers
|upkeep
|turn|29
|
|t:|1769369499
|switch|p1a: Blissey|Blissey, F|96/100
|switch|p2a: Kyurem|Kyurem|100/100
|-ability|p2a: Kyurem|Pressure
|
|-heal|p1a: Blissey|100/100|[from] item: Leftovers
|upkeep
|turn|30
|
|t:|1769369503
|switch|p2a: Great Tusk|Great Tusk|100/100
|move|p1a: Blissey|Stealth Rock|p2a: Great Tusk
|-sidestart|p2: SupaGmoney|move: Stealth Rock
|
|upkeep
|turn|31
|
|t:|1769369515
|switch|p1a: Corviknight|Corviknight, F|92/100 brn
|-ability|p1a: Corviknight|Pressure
|move|p2a: Great Tusk|Stealth Rock|p1a: Corviknight
|-sidestart|p1: Gen9Trihard|move: Stealth Rock
|
|-heal|p1a: Corviknight|98/100 brn|[from] item: Leftovers
|-damage|p1a: Corviknight|92/100 brn|[from] brn
|upkeep
|turn|32
|
|t:|1769369522
|-end|p2a: Great Tusk|Protosynthesis|[silent]
|switch|p2a: Dragonite|Dragonite, M|100/100
|move|p1a: Corviknight|Defog|p2a: Dragonite
|-unboost|p2a: Dragonite|evasion|1
|-sideend|p2: SupaGmoney|Stealth Rock|[from] move: Defog|[of] p1a: Corviknight
|-sideend|p1: Gen9Trihard|Stealth Rock|[from] move: Defog|[of] p1a: Corviknight
|
|-heal|p1a: Corviknight|98/100 brn|[from] item: Leftovers
|-damage|p1a: Corviknight|92/100 brn|[from] brn
|upkeep
|turn|33
|
|t:|1769369534
|switch|p2a: Great Tusk|Great Tusk|100/100
|move|p1a: Corviknight|Iron Defense|p1a: Corviknight
|-boost|p1a: Corviknight|def|2
|
|-heal|p1a: Corviknight|98/100 brn|[from] item: Leftovers
|-damage|p1a: Corviknight|92/100 brn|[from] brn
|upkeep
|turn|34
|
|t:|1769369546
|switch|p1a: Dondozo|Dondozo, F|90/100
|move|p2a: Great Tusk|Stealth Rock|p1a: Dondozo
|-sidestart|p1: Gen9Trihard|move: Stealth Rock
|
|-heal|p1a: Dondozo|96/100|[from] item: Leftovers
|upkeep
|turn|35
|
|t:|1769369550
|-end|p2a: Great Tusk|Protosynthesis|[silent]
|switch|p2a: Kyurem|Kyurem|100/100
|-ability|p2a: Kyurem|Pressure
|move|p1a: Dondozo|Avalanche|p2a: Kyurem
|-damage|p2a: Kyurem|86/100
|
|-heal|p1a: Dondozo|100/100|[from] item: Leftovers
|upkeep
|turn|36
|
|t:|1769369555
|switch|p2a: Kingambit|Kingambit, F|100/100
|switch|p1a: Blissey|Blissey, F|100/100
|-damage|p1a: Blissey|88/100|[from] Stealth Rock
|
|-heal|p1a: Blissey|94/100|[from] item: Leftovers
|upkeep
|turn|37
|
|t:|1769369564
|switch|p1a: Dondozo|Dondozo, F|100/100
|-damage|p1a: Dondozo|88/100|[from] Stealth Rock
|move|p2a: Kingambit|Kowtow Cleave|p1a: Dondozo
|-damage|p1a: Dondozo|66/100
|
|-heal|p1a: Dondozo|72/100|[from] item: Leftovers
|upkeep
|turn|38
|
|t:|1769369569
|-end|p2a: Kingambit|fallenundefined|[silent]
|switch|p2a: Toxapex|Toxapex, M|100/100
|move|p1a: Dondozo|Body Press|p2a: Toxapex
|-resisted|p2a: Toxapex
|-damage|p2a: Toxapex|90/100
|
|-heal|p1a: Dondozo|78/100|[from] item: Leftovers
|upkeep
|turn|39
|
|t:|1769369573
|switch|p1a: Toxapex|Toxapex, M|100/100
|-damage|p1a: Toxapex|88/100|[from] Stealth Rock
|switch|p2a: Kyurem|Kyurem|86/100
|-ability|p2a: Kyurem|Pressure
|
|-heal|p1a: Toxapex|94/100|[from] item: Leftovers
|upkeep
|turn|40
|
|t:|1769369580
|switch|p2a: Kingambit|Kingambit, F|100/100
|switch|p1a: Blissey|Blissey, F|94/100
|-damage|p1a: Blissey|82/100|[from] Stealth Rock
|
|-heal|p1a: Blissey|88/100|[from] item: Leftovers
|upkeep
|turn|41
|
|t:|1769369587
|switch|p1a: Corviknight|Corviknight, F|92/100 brn
|-damage|p1a: Corviknight|79/100 brn|[from] Stealth Rock
|-ability|p1a: Corviknight|Pressure
|-end|p2a: Kingambit|fallenundefined|[silent]
|switch|p2a: Kyurem|Kyurem|86/100
|-ability|p2a: Kyurem|Pressure
|
|-heal|p1a: Corviknight|85/100 brn|[from] item: Leftovers
|-damage|p1a: Corviknight|79/100 brn|[from] brn
|upkeep
|turn|42
|
|t:|1769369593
|switch|p1a: Blissey|Blissey, F|88/100
|-damage|p1a: Blissey|75/100|[from] Stealth Rock
|move|p2a: Kyurem|Ice Beam|p1a: Blissey
|-damage|p1a: Blissey|54/100
|
|-heal|p1a: Blissey|60/100|[from] item: Leftovers
|upkeep
|turn|43
|
|t:|1769369596
|switch|p2a: Kingambit|Kingambit, F|100/100
|move|p1a: Blissey|Stealth Rock|p2a: Kingambit
|-sidestart|p2: SupaGmoney|move: Stealth Rock
|
|-heal|p1a: Blissey|66/100|[from] item: Leftovers
|upkeep
|turn|44
|
|t:|1769369601
|switch|p1a: Dondozo|Dondozo, F|78/100
|-damage|p1a: Dondozo|66/100|[from] Stealth Rock
|move|p2a: Kingambit|Swords Dance|p2a: Kingambit
|-boost|p2a: Kingambit|atk|2
|
|-heal|p1a: Dondozo|72/100|[from] item: Leftovers
|upkeep
|turn|45
|
|t:|1769369608
|-end|p2a: Kingambit|fallenundefined|[silent]
|switch|p2a: Toxapex|Toxapex, M|100/100
|-damage|p2a: Toxapex|88/100|[from] Stealth Rock
|move|p1a: Dondozo|Body Press|p2a: Toxapex
|-resisted|p2a: Toxapex
|-damage|p2a: Toxapex|78/100
|
|-heal|p1a: Dondozo|78/100|[from] item: Leftovers
|upkeep
|turn|46
|
|t:|1769369613
|switch|p2a: Great Tusk|Great Tusk|100/100
|switch|p1a: Gliscor|Gliscor, M|100/100 tox
|-damage|p1a: Gliscor|88/100 tox|[from] Stealth Rock
|
|-heal|p1a: Gliscor|100/100 tox|[from] ability: Poison Heal
|upkeep
|turn|47
|
|t:|1769369636
|-end|p2a: Great Tusk|Protosynthesis|[silent]
|switch|p2a: Toxapex|Toxapex, M|100/100
|-damage|p2a: Toxapex|88/100|[from] Stealth Rock
|move|p1a: Gliscor|Knock Off|p2a: Toxapex
|-damage|p2a: Toxapex|77/100
|
|upkeep
|turn|48
|
|t:|1769369644
|switch|p2a: Dragonite|Dragonite, M|100/100
|move|p1a: Gliscor|Spikes|p2a: Dragonite
|-sidestart|p2: SupaGmoney|Spikes
|
|upkeep
|turn|49
|
|t:|1769369647
|move|p2a: Dragonite|Dragon Dance|p2a: Dragonite
|-boost|p2a: Dragonite|atk|1
|-boost|p2a: Dragonite|spe|1
|move|p1a: Gliscor|Knock Off|p2a: Dragonite
|-damage|p2a: Dragonite|90/100
|-enditem|p2a: Dragonite|Heavy-Duty Boots|[from] move: Knock Off|[of] p1a: Gliscor
|
|upkeep
|turn|50
|c|+aquiIo|no way bro tried to stall the svou stall GOAT
|
|t:|1769369658
|switch|p1a: Dondozo|Dondozo, F|78/100
|-damage|p1a: Dondozo|66/100|[from] Stealth Rock
|move|p2a: Dragonite|Dragon Dance|p2a: Dragonite
|-boost|p2a: Dragonite|atk|1
|-boost|p2a: Dragonite|spe|1
|
|-heal|p1a: Dondozo|72/100|[from] item: Leftovers
|upkeep
|turn|51
|
|t:|1769369664
|switch|p2a: Toxapex|Toxapex, M|100/100
|-damage|p2a: Toxapex|88/100|[from] Stealth Rock
|-damage|p2a: Toxapex|76/100|[from] Spikes
|move|p1a: Dondozo|Avalanche|p2a: Toxapex
|-resisted|p2a: Toxapex
|-damage|p2a: Toxapex|71/100
|
|-heal|p1a: Dondozo|78/100|[from] item: Leftovers
|upkeep
|turn|52
|c|+aquiIo|lgi supa goat money
|
|t:|1769369670
|switch|p1a: Gliscor|Gliscor, M|100/100 tox
|-damage|p1a: Gliscor|88/100 tox|[from] Stealth Rock
|switch|p2a: Great Tusk|Great Tusk|100/100
|
|-heal|p1a: Gliscor|100/100 tox|[from] ability: Poison Heal
|upkeep
|turn|53
|
|t:|1769369677
|move|p2a: Great Tusk|Ice Spinner|p1a: Gliscor
|-supereffective|p1a: Gliscor
|-damage|p1a: Gliscor|25/100 tox
|move|p1a: Gliscor|Knock Off|p2a: Great Tusk
|-resisted|p2a: Great Tusk
|-damage|p2a: Great Tusk|94/100
|-enditem|p2a: Great Tusk|Heavy-Duty Boots|[from] move: Knock Off|[of] p1a: Gliscor
|
|-heal|p1a: Gliscor|38/100 tox|[from] ability: Poison Heal
|upkeep
|turn|54
|
|t:|1769369682
|move|p1a: Gliscor|Protect|p1a: Gliscor
|-singleturn|p1a: Gliscor|Protect
|move|p2a: Great Tusk|Ice Spinner|p1a: Gliscor
|-activate|p1a: Gliscor|move: Protect
|
|-heal|p1a: Gliscor|50/100 tox|[from] ability: Poison Heal
|upkeep
|turn|55
|
|t:|1769369687
|-end|p2a: Great Tusk|Protosynthesis|[silent]
|switch|p2a: Cinderace|Cinderace, F|70/100
|switch|p1a: Corviknight|Corviknight, F|79/100 brn
|-damage|p1a: Corviknight|67/100 brn|[from] Stealth Rock
|-ability|p1a: Corviknight|Pressure
|
|-heal|p1a: Corviknight|73/100 brn|[from] item: Leftovers
|-damage|p1a: Corviknight|67/100 brn|[from] brn
|upkeep
|turn|56
|
|t:|1769369702
|switch|p1a: Toxapex|Toxapex, M|100/100
|-damage|p1a: Toxapex|88/100|[from] Stealth Rock
|move|p2a: Cinderace|Court Change|p2a: Cinderace
|-swapsideconditions
|-activate|p2a: Cinderace|move: Court Change
|
|-heal|p1a: Toxapex|94/100|[from] item: Leftovers
|upkeep
|turn|57
|
|t:|1769369721
|move|p2a: Cinderace|U-turn|p1a: Toxapex
|-resisted|p1a: Toxapex
|-damage|p1a: Toxapex|87/100
|
|t:|1769369727
|switch|p2a: Kingambit|Kingambit, F|100/100|[from] U-turn
|-damage|p2a: Kingambit|94/100|[from] Stealth Rock
|move|p1a: Toxapex|Toxic|p2a: Kingambit
|-immune|p2a: Kingambit
|
|-heal|p2a: Kingambit|100/100|[from] item: Leftovers
|-heal|p1a: Toxapex|94/100|[from] item: Leftovers
|upkeep
|turn|58
|
|t:|1769369749
|move|p2a: Kingambit|Swords Dance|p2a: Kingambit
|-boost|p2a: Kingambit|atk|2
|move|p1a: Toxapex|Haze|p1a: Toxapex
|-clearallboost
|
|-heal|p1a: Toxapex|99/100|[from] item: Leftovers
|upkeep
|turn|59
|
|t:|1769369754
|move|p2a: Kingambit|Swords Dance|p2a: Kingambit
|-boost|p2a: Kingambit|atk|2
|move|p1a: Toxapex|Haze|p1a: Toxapex
|-clearallboost
|
|-heal|p1a: Toxapex|100/100|[from] item: Leftovers
|upkeep
|turn|60
|
|t:|1769369760
|-end|p2a: Kingambit|fallenundefined|[silent]
|switch|p2a: Toxapex|Toxapex, M|100/100
|-damage|p2a: Toxapex|88/100|[from] Stealth Rock
|move|p1a: Toxapex|Haze|p1a: Toxapex
|-clearallboost
|
|upkeep
|turn|61
|
|t:|1769369767
|switch|p2a: Kingambit|Kingambit, F|100/100
|-damage|p2a: Kingambit|94/100|[from] Stealth Rock
|move|p1a: Toxapex|Toxic|p2a: Kingambit
|-immune|p2a: Kingambit
|
|-heal|p2a: Kingambit|100/100|[from] item: Leftovers
|upkeep
|turn|62
|
|t:|1769369771
|-end|p2a: Kingambit|fallenundefined|[silent]
|switch|p2a: Toxapex|Toxapex, M|100/100
|-damage|p2a: Toxapex|88/100|[from] Stealth Rock
|move|p1a: Toxapex|Haze|p1a: Toxapex
|-clearallboost
|
|upkeep
|turn|63
|
|t:|1769369775
|switch|p2a: Kingambit|Kingambit, F|100/100
|-damage|p2a: Kingambit|94/100|[from] Stealth Rock
|switch|p1a: Corviknight|Corviknight, F|67/100 brn
|-damage|p1a: Corviknight|54/100 brn|[from] Stealth Rock
|-ability|p1a: Corviknight|Pressure
|
|-heal|p1a: Corviknight|60/100 brn|[from] item: Leftovers
|-heal|p2a: Kingambit|100/100|[from] item: Leftovers
|-damage|p1a: Corviknight|54/100 brn|[from] brn
|upkeep
|turn|64
|
|t:|1769369794
|-end|p2a: Kingambit|fallenundefined|[silent]
|switch|p2a: Toxapex|Toxapex, M|100/100
|-damage|p2a: Toxapex|88/100|[from] Stealth Rock
|move|p1a: Corviknight|Defog|p2a: Toxapex
|-unboost|p2a: Toxapex|evasion|1
|-sideend|p2: SupaGmoney|Stealth Rock|[from] move: Defog|[of] p1a: Corviknight
|-sideend|p1: Gen9Trihard|Spikes|[from] move: Defog|[of] p1a: Corviknight
|-sideend|p1: Gen9Trihard|Stealth Rock|[from] move: Defog|[of] p1a: Corviknight
|
|-heal|p1a: Corviknight|60/100 brn|[from] item: Leftovers
|-damage|p1a: Corviknight|54/100 brn|[from] brn
|upkeep
|turn|65
|c|☆Gen9Trihard|why are there 18 people in this game lol
|inactive|Gen9Trihard has 270 seconds left.
|inactive|Gen9Trihard has 240 seconds left.
|c|☆Gen9Trihard|also is it just a visual bug? because im still seeing the hazard on my screen
|
|t:|1769369862
|switch|p2a: Great Tusk|Great Tusk|94/100
|move|p1a: Corviknight|Roost|p1a: Corviknight
|-heal|p1a: Corviknight|100/100 brn
|-singleturn|p1a: Corviknight|move: Roost
|
|-damage|p1a: Corviknight|94/100 brn|[from] brn
|upkeep
|turn|66
|inactive|Gen9Trihard has 240 seconds left.
|c|+sire clod|WE are supagmoney 
|
|t:|1769369876
|move|p2a: Great Tusk|Stealth Rock|p1a: Corviknight
|-sidestart|p1: Gen9Trihard|move: Stealth Rock
|move|p1a: Corviknight|Iron Defense|p1a: Corviknight
|-boost|p1a: Corviknight|def|2
|
|-heal|p1a: Corviknight|100/100 brn|[from] item: Leftovers
|-damage|p1a: Corviknight|94/100 brn|[from] brn
|upkeep
|turn|67
|c|+sire clod|we carry the flame
|c|+BUNDY|the team ur using rn
|inactive|Gen9Trihard has 240 seconds left.
|c|+BUNDY|we all made it togetheer
|c|+Pokemh|67
|c|+aquiIo|WE FIGHT FOR THE GOSTALL
|
|t:|1769369894
|-end|p2a: Great Tusk|Protosynthesis|[silent]
|switch|p2a: Kyurem|Kyurem|86/100
|-ability|p2a: Kyurem|Pressure
|switch|p1a: Gliscor|Gliscor, M|50/100 tox
|-damage|p1a: Gliscor|38/100 tox|[from] Stealth Rock
|
|-heal|p1a: Gliscor|50/100 tox|[from] ability: Poison Heal
|upkeep
|turn|68
|
|t:|1769369900
|move|p1a: Gliscor|Protect|p1a: Gliscor
|-singleturn|p1a: Gliscor|Protect
|move|p2a: Kyurem|Ice Beam|p1a: Gliscor
|-activate|p1a: Gliscor|move: Protect
|
|-heal|p1a: Gliscor|63/100 tox|[from] ability: Poison Heal
|upkeep
|turn|69
|
|t:|1769369907
|switch|p1a: Toxapex|Toxapex, M|100/100
|-damage|p1a: Toxapex|88/100|[from] Stealth Rock
|move|p2a: Kyurem|Ice Beam|p1a: Toxapex
|-resisted|p1a: Toxapex
|-damage|p1a: Toxapex|65/100
|
|-heal|p1a: Toxapex|72/100|[from] item: Leftovers
|upkeep
|turn|70
|c|+aquiIo|WE HONOR HIS NAME
|inactive|Gen9Trihard has 240 seconds left.
|
|t:|1769369943
|switch|p2a: Kingambit|Kingambit, F|100/100
|switch|p1a: Weezing|Weezing-Galar, F|100/100
|-ability|p1a: Weezing|Neutralizing Gas
|
|upkeep
|turn|71
|
|t:|1769369949
|-end|p2a: Kingambit|fallenundefined|[silent]
|switch|p2a: Cinderace|Cinderace, F|70/100
|move|p1a: Weezing|Will-O-Wisp|p2a: Cinderace
|-immune|p2a: Cinderace
|
|upkeep
|turn|72
|
|t:|1769369958
|move|p2a: Cinderace|Will-O-Wisp|p1a: Weezing
|-status|p1a: Weezing|brn
|move|p1a: Weezing|Toxic Spikes|p2a: Cinderace
|-sidestart|p2: SupaGmoney|move: Toxic Spikes
|
|-damage|p1a: Weezing|95/100 brn|[from] brn
|upkeep
|turn|73
|inactive|Gen9Trihard has 240 seconds left.
|
|t:|1769369969
|move|p2a: Cinderace|Pyro Ball|p1a: Weezing
|-damage|p1a: Weezing|66/100 brn
|move|p1a: Weezing|Will-O-Wisp|p2a: Cinderace
|-immune|p2a: Cinderace
|
|-damage|p1a: Weezing|60/100 brn|[from] brn
|upkeep
|turn|74
|
|t:|1769369971
|move|p2a: Cinderace|Pyro Ball|p1a: Weezing
|-damage|p1a: Weezing|31/100 brn
|move|p1a: Weezing|Pain Split|p2a: Cinderace
|-sethp|p2a: Cinderace|49/100|[from] move: Pain Split|[silent]
|-sethp|p1a: Weezing|53/100 brn|[from] move: Pain Split
|
|-damage|p1a: Weezing|48/100 brn|[from] brn
|upkeep
|turn|75
|
|t:|1769369974
|-end|p1a: Weezing|ability: Neutralizing Gas
|switch|p1a: Toxapex|Toxapex, M|100/100
|-damage|p1a: Toxapex|88/100|[from] Stealth Rock
|move|p2a: Cinderace|Pyro Ball|p1a: Toxapex
|-resisted|p1a: Toxapex
|-damage|p1a: Toxapex|70/100
|
|-heal|p1a: Toxapex|76/100|[from] item: Leftovers
|upkeep
|turn|76
|
|t:|1769369980
|switch|p1a: Dondozo|Dondozo, F|78/100
|-damage|p1a: Dondozo|66/100|[from] Stealth Rock
|move|p2a: Cinderace|U-turn|p1a: Dondozo
|-damage|p1a: Dondozo|58/100
|
|t:|1769369985
|switch|p2a: Toxapex|Toxapex, M|100/100|[from] U-turn
|-sideend|p2: SupaGmoney|move: Toxic Spikes|[of] p2a: Toxapex
|
|-heal|p1a: Dondozo|65/100|[from] item: Leftovers
|upkeep
|turn|77
|inactive|Gen9Trihard has 270 seconds left.
|
|t:|1769369991
|switch|p1a: Gliscor|Gliscor, M|63/100 tox
|-damage|p1a: Gliscor|50/100 tox|[from] Stealth Rock
|switch|p2a: Kyurem|Kyurem|86/100
|-ability|p2a: Kyurem|Pressure
|
|-heal|p1a: Gliscor|63/100 tox|[from] ability: Poison Heal
|upkeep
|turn|78
|
|t:|1769369994
|move|p1a: Gliscor|Protect|p1a: Gliscor
|-singleturn|p1a: Gliscor|Protect
|move|p2a: Kyurem|Freeze-Dry|p1a: Gliscor
|-activate|p1a: Gliscor|move: Protect
|
|-heal|p1a: Gliscor|75/100 tox|[from] ability: Poison Heal
|upkeep
|turn|79
|
|t:|1769370001
|switch|p1a: Blissey|Blissey, F|66/100
|-damage|p1a: Blissey|54/100|[from] Stealth Rock
|move|p2a: Kyurem|Freeze-Dry|p1a: Blissey
|-damage|p1a: Blissey|38/100
|
|-heal|p1a: Blissey|44/100|[from] item: Leftovers
|upkeep
|turn|80
|
|t:|1769370007
|switch|p2a: Kingambit|Kingambit, F|100/100
|move|p1a: Blissey|Stealth Rock|p2a: Kingambit
|-sidestart|p2: SupaGmoney|move: Stealth Rock
|
|-heal|p1a: Blissey|50/100|[from] item: Leftovers
|upkeep
|turn|81
|
|t:|1769370015
|switch|p1a: Toxapex|Toxapex, M|100/100
|-damage|p1a: Toxapex|88/100|[from] Stealth Rock
|move|p2a: Kingambit|Swords Dance|p2a: Kingambit
|-boost|p2a: Kingambit|atk|2
|
|-heal|p1a: Toxapex|94/100|[from] item: Leftovers
|upkeep
|turn|82
|
|t:|1769370018
|move|p2a: Kingambit|Kowtow Cleave|p1a: Toxapex
|-damage|p1a: Toxapex|12/100
|move|p1a: Toxapex|Haze|p1a: Toxapex
|-clearallboost
|
|-heal|p1a: Toxapex|19/100|[from] item: Leftovers
|upkeep
|turn|83
|
|t:|1769370022
|switch|p1a: Dondozo|Dondozo, F|65/100
|-damage|p1a: Dondozo|52/100|[from] Stealth Rock
|move|p2a: Kingambit|Swords Dance|p2a: Kingambit
|-boost|p2a: Kingambit|atk|2
|
|-heal|p1a: Dondozo|58/100|[from] item: Leftovers
|upkeep
|turn|84
|inactive|SupaGmoney has 270 seconds left.
|
|t:|1769370063
|-end|p2a: Kingambit|fallenundefined|[silent]
|switch|p2a: Toxapex|Toxapex, M|100/100
|-damage|p2a: Toxapex|88/100|[from] Stealth Rock
|move|p1a: Dondozo|Body Press|p2a: Toxapex
|-resisted|p2a: Toxapex
|-damage|p2a: Toxapex|76/100
|
|-heal|p1a: Dondozo|65/100|[from] item: Leftovers
|upkeep
|turn|85
|
|t:|1769370072
|switch|p1a: Gliscor|Gliscor, M|75/100 tox
|-damage|p1a: Gliscor|63/100 tox|[from] Stealth Rock
|switch|p2a: Great Tusk|Great Tusk|94/100
|-damage|p2a: Great Tusk|91/100|[from] Stealth Rock
|
|-heal|p1a: Gliscor|75/100 tox|[from] ability: Poison Heal
|upkeep
|turn|86
|
|t:|1769370078
|move|p1a: Gliscor|Protect|p1a: Gliscor
|-singleturn|p1a: Gliscor|Protect
|move|p2a: Great Tusk|Ice Spinner|p1a: Gliscor
|-activate|p1a: Gliscor|move: Protect
|
|-heal|p1a: Gliscor|88/100 tox|[from] ability: Poison Heal
|upkeep
|turn|87
|
|t:|1769370090
|switch|p1a: Corviknight|Corviknight, F|94/100 brn
|-damage|p1a: Corviknight|82/100 brn|[from] Stealth Rock
|-ability|p1a: Corviknight|Pressure
|move|p2a: Great Tusk|Ice Spinner|p1a: Corviknight
|-damage|p1a: Corviknight|68/100 brn
|
|-heal|p1a: Corviknight|74/100 brn|[from] item: Leftovers
|-damage|p1a: Corviknight|68/100 brn|[from] brn
|upkeep
|turn|88
|
|t:|1769370094
|-end|p2a: Great Tusk|Protosynthesis|[silent]
|switch|p2a: Cinderace|Cinderace, F|49/100
|switch|p1a: Toxapex|Toxapex, M|52/100
|-damage|p1a: Toxapex|39/100|[from] Stealth Rock
|
|-heal|p1a: Toxapex|46/100|[from] item: Leftovers
|upkeep
|turn|89
|
|t:|1769370099
|move|p2a: Cinderace|U-turn|p1a: Toxapex
|-resisted|p1a: Toxapex
|-damage|p1a: Toxapex|38/100
|
|t:|1769370101
|switch|p2a: Toxapex|Toxapex, M|100/100|[from] U-turn
|-damage|p2a: Toxapex|88/100|[from] Stealth Rock
|move|p1a: Toxapex|Recover|p1a: Toxapex
|-heal|p1a: Toxapex|88/100
|
|-heal|p1a: Toxapex|95/100|[from] item: Leftovers
|upkeep
|turn|90
|
|t:|1769370106
|switch|p2a: Cinderace|Cinderace, F|49/100
|switch|p1a: Weezing|Weezing-Galar, F|48/100 brn
|-ability|p1a: Weezing|Neutralizing Gas
|
|-damage|p1a: Weezing|42/100 brn|[from] brn
|upkeep
|turn|91
|
|t:|1769370110
|move|p2a: Cinderace|Pyro Ball|p1a: Weezing
|-crit|p1a: Weezing
|-damage|p1a: Weezing|0 fnt
|faint|p1a: Weezing
|-end|p1a: Weezing|ability: Neutralizing Gas
|
|upkeep
|
|t:|1769370115
|switch|p1a: Gliscor|Gliscor, M|88/100 tox
|-damage|p1a: Gliscor|75/100 tox|[from] Stealth Rock
|turn|92
|
|t:|1769370119
|move|p2a: Cinderace|U-turn|p1a: Gliscor
|-resisted|p1a: Gliscor
|-damage|p1a: Gliscor|69/100 tox
|
|t:|1769370128
|switch|p2a: Dragonite|Dragonite, M|90/100|[from] U-turn
|-damage|p2a: Dragonite|65/100|[from] Stealth Rock
|move|p1a: Gliscor|Knock Off|p2a: Dragonite
|-damage|p2a: Dragonite|50/100
|
|-heal|p1a: Gliscor|81/100 tox|[from] ability: Poison Heal
|upkeep
|turn|93
|
|t:|1769370133
|move|p2a: Dragonite|Roost|p2a: Dragonite
|-heal|p2a: Dragonite|99/100
|-singleturn|p2a: Dragonite|move: Roost
|move|p1a: Gliscor|Spikes|p2a: Dragonite
|-sidestart|p2: SupaGmoney|Spikes
|
|-heal|p1a: Gliscor|94/100 tox|[from] ability: Poison Heal
|upkeep
|turn|94
|
|t:|1769370135
|move|p2a: Dragonite|Dragon Dance|p2a: Dragonite
|-boost|p2a: Dragonite|atk|1
|-boost|p2a: Dragonite|spe|1
|move|p1a: Gliscor|Earthquake|p2a: Dragonite
|-immune|p2a: Dragonite
|
|-heal|p1a: Gliscor|100/100 tox|[from] ability: Poison Heal
|upkeep
|turn|95
|
|t:|1769370140
|switch|p1a: Toxapex|Toxapex, M|100/100
|-damage|p1a: Toxapex|88/100|[from] Stealth Rock
|move|p2a: Dragonite|Dragon Dance|p2a: Dragonite
|-boost|p2a: Dragonite|atk|1
|-boost|p2a: Dragonite|spe|1
|
|-heal|p1a: Toxapex|94/100|[from] item: Leftovers
|upkeep
|turn|96
|c|+sire clod|supaTakinMoney
|
|t:|1769370146
|switch|p1a: Dondozo|Dondozo, F|65/100
|-damage|p1a: Dondozo|52/100|[from] Stealth Rock
|move|p2a: Dragonite|Earthquake|p1a: Dondozo
|-damage|p1a: Dondozo|36/100
|
|-heal|p1a: Dondozo|42/100|[from] item: Leftovers
|upkeep
|turn|97
|
|t:|1769370155
|move|p2a: Dragonite|Roost|p2a: Dragonite
|-heal|p2a: Dragonite|100/100
|-singleturn|p2a: Dragonite|move: Roost
|move|p1a: Dondozo|Rest|p1a: Dondozo
|-status|p1a: Dondozo|slp|[from] move: Rest
|-heal|p1a: Dondozo|100/100 slp|[silent]
|
|upkeep
|turn|98
|c|+Quamnckkk|+$7k to the pro-supa lobby
|
|t:|1769370168
|switch|p2a: Toxapex|Toxapex, M|100/100
|-damage|p2a: Toxapex|88/100|[from] Stealth Rock
|-damage|p2a: Toxapex|76/100|[from] Spikes
|cant|p1a: Dondozo|slp
|move|p1a: Dondozo|Sleep Talk|p1a: Dondozo
|move|p1a: Dondozo|Body Press|p2a: Toxapex|[from] move: Sleep Talk
|-resisted|p2a: Toxapex
|-damage|p2a: Toxapex|66/100
|
|upkeep
|turn|99
|
|t:|1769370173
|move|p2a: Toxapex|Toxic Spikes|p1a: Dondozo
|-sidestart|p1: Gen9Trihard|move: Toxic Spikes
|cant|p1a: Dondozo|slp
|move|p1a: Dondozo|Sleep Talk|p1a: Dondozo
|move|p1a: Dondozo|Body Press|p2a: Toxapex|[from] move: Sleep Talk
|-resisted|p2a: Toxapex
|-damage|p2a: Toxapex|55/100
|
|upkeep
|turn|100
|
|t:|1769370178
|switch|p1a: Gliscor|Gliscor, M|100/100 tox
|-damage|p1a: Gliscor|88/100 tox|[from] Stealth Rock
|move|p2a: Toxapex|Recover|p2a: Toxapex
|-heal|p2a: Toxapex|100/100
|
|-heal|p1a: Gliscor|100/100 tox|[from] ability: Poison Heal
|upkeep
|turn|101
|
|t:|1769370181
|switch|p2a: Dragonite|Dragonite, M|100/100
|-damage|p2a: Dragonite|76/100|[from] Stealth Rock
|move|p1a: Gliscor|Spikes|p2a: Dragonite
|-sidestart|p2: SupaGmoney|Spikes
|
|upkeep
|turn|102
|
|t:|1769370185
|move|p2a: Dragonite|Dragon Dance|p2a: Dragonite
|-boost|p2a: Dragonite|atk|1
|-boost|p2a: Dragonite|spe|1
|move|p1a: Gliscor|Spikes|p2a: Dragonite
|-sidestart|p2: SupaGmoney|Spikes
|
|upkeep
|turn|103
|
|t:|1769370189
|switch|p1a: Dondozo|Dondozo, F|100/100 slp
|-damage|p1a: Dondozo|88/100 slp|[from] Stealth Rock
|move|p2a: Dragonite|Dragon Dance|p2a: Dragonite
|-boost|p2a: Dragonite|atk|1
|-boost|p2a: Dragonite|spe|1
|
|-heal|p1a: Dondozo|94/100 slp|[from] item: Leftovers
|upkeep
|turn|104
|
|t:|1769370194
|move|p2a: Dragonite|Roost|p2a: Dragonite
|-heal|p2a: Dragonite|100/100
|-singleturn|p2a: Dragonite|move: Roost
|-curestatus|p1a: Dondozo|slp|[msg]
|move|p1a: Dondozo|Avalanche|p2a: Dragonite
|-supereffective|p2a: Dragonite
|-damage|p2a: Dragonite|86/100
|
|-heal|p1a: Dondozo|100/100|[from] item: Leftovers
|upkeep
|turn|105
|
|t:|1769370203
|switch|p2a: Toxapex|Toxapex, M|100/100
|-damage|p2a: Toxapex|88/100|[from] Stealth Rock
|-damage|p2a: Toxapex|64/100|[from] Spikes
|move|p1a: Dondozo|Avalanche|p2a: Toxapex
|-resisted|p2a: Toxapex
|-damage|p2a: Toxapex|59/100
|
|upkeep
|turn|106
|
|t:|1769370213
|switch|p1a: Gliscor|Gliscor, M|100/100 tox
|-damage|p1a: Gliscor|88/100 tox|[from] Stealth Rock
|move|p2a: Toxapex|Toxic Spikes|p1a: Gliscor
|-sidestart|p1: Gen9Trihard|move: Toxic Spikes
|
|-heal|p1a: Gliscor|100/100 tox|[from] ability: Poison Heal
|upkeep
|turn|107
|
|t:|1769370217
|switch|p2a: Dragonite|Dragonite, M|86/100
|-damage|p2a: Dragonite|61/100|[from] Stealth Rock
|move|p1a: Gliscor|Knock Off|p2a: Dragonite
|-damage|p2a: Dragonite|47/100
|
|upkeep
|turn|108
|
|t:|1769370221
|switch|p1a: Toxapex|Toxapex, M|100/100
|-damage|p1a: Toxapex|88/100|[from] Stealth Rock
|-sideend|p1: Gen9Trihard|move: Toxic Spikes|[of] p1a: Toxapex
|move|p2a: Dragonite|Roost|p2a: Dragonite
|-heal|p2a: Dragonite|97/100
|-singleturn|p2a: Dragonite|move: Roost
|
|-heal|p1a: Toxapex|94/100|[from] item: Leftovers
|upkeep
|turn|109
|
|t:|1769370228
|switch|p2a: Toxapex|Toxapex, M|92/100
|-damage|p2a: Toxapex|80/100|[from] Stealth Rock
|-damage|p2a: Toxapex|55/100|[from] Spikes
|move|p1a: Toxapex|Toxic|p2a: Toxapex
|-immune|p2a: Toxapex
|
|-heal|p1a: Toxapex|100/100|[from] item: Leftovers
|upkeep
|turn|110
|
|t:|1769370234
|switch|p1a: Blissey|Blissey, F|50/100
|-damage|p1a: Blissey|38/100|[from] Stealth Rock
|move|p2a: Toxapex|Recover|p2a: Toxapex
|-heal|p2a: Toxapex|100/100
|
|-heal|p1a: Blissey|44/100|[from] item: Leftovers
|upkeep
|turn|111
|
|t:|1769370241
|switch|p2a: Cinderace|Cinderace, F|49/100
|move|p1a: Blissey|Seismic Toss|p2a: Cinderace
|-damage|p2a: Cinderace|22/100
|
|-heal|p1a: Blissey|50/100|[from] item: Leftovers
|upkeep
|turn|112
|
|t:|1769370249
|move|p2a: Cinderace|Court Change|p2a: Cinderace
|-swapsideconditions
|-activate|p2a: Cinderace|move: Court Change
|move|p1a: Blissey|Seismic Toss|p2a: Cinderace
|-damage|p2a: Cinderace|0 fnt
|faint|p2a: Cinderace
|
|-heal|p1a: Blissey|57/100|[from] item: Leftovers
|upkeep
|
|t:|1769370255
|switch|p2a: Kingambit|Kingambit, F|100/100
|-damage|p2a: Kingambit|94/100|[from] Stealth Rock
|-activate|p2a: Kingambit|ability: Supreme Overlord
|-start|p2a: Kingambit|fallen1|[silent]
|turn|113
|
|t:|1769370265
|switch|p1a: Dondozo|Dondozo, F|100/100
|-damage|p1a: Dondozo|88/100|[from] Stealth Rock
|-damage|p1a: Dondozo|63/100|[from] Spikes
|move|p2a: Kingambit|Swords Dance|p2a: Kingambit
|-boost|p2a: Kingambit|atk|2
|
|-heal|p2a: Kingambit|100/100|[from] item: Leftovers
|-heal|p1a: Dondozo|69/100|[from] item: Leftovers
|upkeep
|turn|114
|
|t:|1769370272
|-end|p2a: Kingambit|fallen1|[silent]
|switch|p2a: Great Tusk|Great Tusk|91/100
|-damage|p2a: Great Tusk|88/100|[from] Stealth Rock
|move|p1a: Dondozo|Body Press|p2a: Great Tusk
|-damage|p2a: Great Tusk|71/100
|
|-heal|p1a: Dondozo|76/100|[from] item: Leftovers
|upkeep
|turn|115
|
|t:|1769370281
|move|p2a: Great Tusk|Rapid Spin|p1a: Dondozo
|-damage|p1a: Dondozo|70/100
|-boost|p2a: Great Tusk|spe|1
|-sideend|p2: SupaGmoney|Stealth Rock|[from] move: Rapid Spin|[of] p2a: Great Tusk
|move|p1a: Dondozo|Avalanche|p2a: Great Tusk
|-supereffective|p2a: Great Tusk
|-damage|p2a: Great Tusk|38/100
|
|-heal|p1a: Dondozo|76/100|[from] item: Leftovers
|upkeep
|turn|116
|
|t:|1769370288
|-end|p2a: Great Tusk|Protosynthesis|[silent]
|switch|p2a: Kyurem|Kyurem|86/100
|-ability|p2a: Kyurem|Pressure
|move|p1a: Dondozo|Avalanche|p2a: Kyurem
|-damage|p2a: Kyurem|73/100
|
|-heal|p1a: Dondozo|82/100|[from] item: Leftovers
|upkeep
|turn|117
|inactive|Gen9Trihard has 270 seconds left.
|
|t:|1769370320
|switch|p1a: Corviknight|Corviknight, F|68/100 brn
|-damage|p1a: Corviknight|55/100 brn|[from] Stealth Rock
|-ability|p1a: Corviknight|Pressure
|move|p2a: Kyurem|Freeze-Dry|p1a: Corviknight
|-damage|p1a: Corviknight|2/100 brn
|
|-heal|p1a: Corviknight|9/100 brn|[from] item: Leftovers
|-damage|p1a: Corviknight|2/100 brn|[from] brn
|upkeep
|turn|118
|inactive|Gen9Trihard has 270 seconds left.
|
|t:|1769370331
|move|p2a: Kyurem|Freeze-Dry|p1a: Corviknight
|-damage|p1a: Corviknight|0 fnt
|faint|p1a: Corviknight
|
|upkeep
|
|t:|1769370332
|switch|p1a: Blissey|Blissey, F|57/100
|-damage|p1a: Blissey|44/100|[from] Stealth Rock
|-damage|p1a: Blissey|19/100|[from] Spikes
|turn|119
|
|t:|1769370336
|move|p2a: Kyurem|Freeze-Dry|p1a: Blissey
|-damage|p1a: Blissey|4/100
|move|p1a: Blissey|Soft-Boiled|p1a: Blissey
|-heal|p1a: Blissey|54/100
|
|-heal|p1a: Blissey|60/100|[from] item: Leftovers
|upkeep
|turn|120
|
|t:|1769370343
|switch|p2a: Dragonite|Dragonite, M|97/100
|move|p1a: Blissey|Soft-Boiled|p1a: Blissey
|-heal|p1a: Blissey|100/100
|
|upkeep
|turn|121
|
|t:|1769370347
|move|p2a: Dragonite|Earthquake|p1a: Blissey
|-damage|p1a: Blissey|59/100
|move|p1a: Blissey|Stealth Rock|p2a: Dragonite
|-sidestart|p2: SupaGmoney|move: Stealth Rock
|
|-heal|p1a: Blissey|65/100|[from] item: Leftovers
|upkeep
|turn|122
|
|t:|1769370351
|switch|p1a: Gliscor|Gliscor, M|100/100 tox
|-damage|p1a: Gliscor|88/100 tox|[from] Stealth Rock
|move|p2a: Dragonite|Earthquake|p1a: Gliscor
|-immune|p1a: Gliscor
|
|-heal|p1a: Gliscor|100/100 tox|[from] ability: Poison Heal
|upkeep
|turn|123
|
|t:|1769370354
|switch|p2a: Great Tusk|Great Tusk|38/100
|-damage|p2a: Great Tusk|35/100|[from] Stealth Rock
|move|p1a: Gliscor|Spikes|p2a: Great Tusk
|-sidestart|p2: SupaGmoney|Spikes
|
|upkeep
|turn|124
|
|t:|1769370361
|move|p2a: Great Tusk|Rapid Spin|p1a: Gliscor
|-damage|p1a: Gliscor|88/100 tox
|-boost|p2a: Great Tusk|spe|1
|-sideend|p2: SupaGmoney|Spikes|[from] move: Rapid Spin|[of] p2a: Great Tusk
|-sideend|p2: SupaGmoney|Stealth Rock|[from] move: Rapid Spin|[of] p2a: Great Tusk
|move|p1a: Gliscor|Earthquake|p2a: Great Tusk
|-damage|p2a: Great Tusk|13/100
|
|-heal|p1a: Gliscor|100/100 tox|[from] ability: Poison Heal
|upkeep
|turn|125
|
|t:|1769370364
|-end|p2a: Great Tusk|Protosynthesis|[silent]
|switch|p2a: Kyurem|Kyurem|73/100
|-ability|p2a: Kyurem|Pressure
|move|p1a: Gliscor|Earthquake|p2a: Kyurem
|-damage|p2a: Kyurem|40/100
|
|upkeep
|turn|126
|
|t:|1769370368
|move|p1a: Gliscor|Protect|p1a: Gliscor
|-singleturn|p1a: Gliscor|Protect
|move|p2a: Kyurem|Ice Beam|p1a: Gliscor
|-activate|p1a: Gliscor|move: Protect
|
|upkeep
|turn|127
|
|t:|1769370372
|switch|p1a: Blissey|Blissey, F|65/100
|-damage|p1a: Blissey|53/100|[from] Stealth Rock
|-damage|p1a: Blissey|28/100|[from] Spikes
|move|p2a: Kyurem|Ice Beam|p1a: Blissey
|-damage|p1a: Blissey|6/100
|
|-heal|p1a: Blissey|13/100|[from] item: Leftovers
|upkeep
|turn|128
|c|+aquiIo|and thats why u dont stall big money in svou 🗣️ 
|
|t:|1769370378
|switch|p1a: Toxapex|Toxapex, M|100/100
|-damage|p1a: Toxapex|88/100|[from] Stealth Rock
|-damage|p1a: Toxapex|63/100|[from] Spikes
|move|p2a: Kyurem|Ice Beam|p1a: Toxapex
|-resisted|p1a: Toxapex
|-damage|p1a: Toxapex|39/100
|
|-heal|p1a: Toxapex|46/100|[from] item: Leftovers
|upkeep
|turn|129
|
|t:|1769370384
|switch|p2a: Kingambit|Kingambit, F|100/100
|-activate|p2a: Kingambit|ability: Supreme Overlord
|-start|p2a: Kingambit|fallen1|[silent]
|move|p1a: Toxapex|Recover|p1a: Toxapex
|-heal|p1a: Toxapex|96/100
|
|-heal|p1a: Toxapex|100/100|[from] item: Leftovers
|upkeep
|turn|130
|
|t:|1769370390
|switch|p1a: Gliscor|Gliscor, M|100/100 tox
|-damage|p1a: Gliscor|88/100 tox|[from] Stealth Rock
|move|p2a: Kingambit|Kowtow Cleave|p1a: Gliscor
|-damage|p1a: Gliscor|48/100 tox
|
|-heal|p1a: Gliscor|60/100 tox|[from] ability: Poison Heal
|upkeep
|turn|131
|
|t:|1769370392
|-end|p2a: Kingambit|fallen1|[silent]
|switch|p2a: Kyurem|Kyurem|40/100
|-ability|p2a: Kyurem|Pressure
|move|p1a: Gliscor|Spikes|p2a: Kyurem
|-sidestart|p2: SupaGmoney|Spikes
|
|-heal|p1a: Gliscor|73/100 tox|[from] ability: Poison Heal
|upkeep
|turn|132
|
|t:|1769370396
|move|p1a: Gliscor|Protect|p1a: Gliscor
|-singleturn|p1a: Gliscor|Protect
|move|p2a: Kyurem|Freeze-Dry|p1a: Gliscor
|-activate|p1a: Gliscor|move: Protect
|
|-heal|p1a: Gliscor|85/100 tox|[from] ability: Poison Heal
|upkeep
|turn|133
|
|t:|1769370403
|switch|p1a: Blissey|Blissey, F|13/100
|-damage|p1a: Blissey|0 fnt|[from] Stealth Rock
|faint|p1a: Blissey
|move|p2a: Kyurem|Freeze-Dry|p1: Blissey|[notarget]
|-fail|p2a: Kyurem
|
|upkeep
|
|t:|1769370405
|switch|p1a: Toxapex|Toxapex, M|100/100
|-damage|p1a: Toxapex|88/100|[from] Stealth Rock
|-damage|p1a: Toxapex|63/100|[from] Spikes
|turn|134
|
|t:|1769370409
|-terastallize|p1a: Toxapex|Steel
|move|p2a: Kyurem|Freeze-Dry|p1a: Toxapex
|-resisted|p1a: Toxapex
|-damage|p1a: Toxapex|46/100
|move|p1a: Toxapex|Poison Jab|p2a: Kyurem
|-damage|p2a: Kyurem|25/100
|
|-heal|p1a: Toxapex|52/100|[from] item: Leftovers
|upkeep
|turn|135
|
|t:|1769370411
|switch|p2a: Toxapex|Toxapex, M|100/100
|-damage|p2a: Toxapex|88/100|[from] Spikes
|move|p1a: Toxapex|Recover|p1a: Toxapex
|-heal|p1a: Toxapex|100/100
|
|upkeep
|turn|136
|
|t:|1769370418
|switch|p2a: Dragonite|Dragonite, M|97/100
|switch|p1a: Gliscor|Gliscor, M|85/100 tox
|-damage|p1a: Gliscor|73/100 tox|[from] Stealth Rock
|
|-heal|p1a: Gliscor|85/100 tox|[from] ability: Poison Heal
|upkeep
|turn|137
|
|t:|1769370421
|move|p2a: Dragonite|Dragon Dance|p2a: Dragonite
|-boost|p2a: Dragonite|atk|1
|-boost|p2a: Dragonite|spe|1
|move|p1a: Gliscor|Spikes|p2a: Dragonite
|-sidestart|p2: SupaGmoney|Spikes
|
|-heal|p1a: Gliscor|98/100 tox|[from] ability: Poison Heal
|upkeep
|turn|138
|
|t:|1769370423
|move|p2a: Dragonite|Earthquake|p1a: Gliscor
|-immune|p1a: Gliscor
|move|p1a: Gliscor|Spikes|p2a: Dragonite
|-sidestart|p2: SupaGmoney|Spikes
|
|-heal|p1a: Gliscor|100/100 tox|[from] ability: Poison Heal
|upkeep
|turn|139
|
|t:|1769370427
|move|p2a: Dragonite|Dragon Dance|p2a: Dragonite
|-boost|p2a: Dragonite|atk|1
|-boost|p2a: Dragonite|spe|1
|move|p1a: Gliscor|Knock Off|p2a: Dragonite
|-damage|p2a: Dragonite|82/100
|
|upkeep
|turn|140
|
|t:|1769370430
|switch|p1a: Dondozo|Dondozo, F|82/100
|-damage|p1a: Dondozo|70/100|[from] Stealth Rock
|-damage|p1a: Dondozo|45/100|[from] Spikes
|move|p2a: Dragonite|Extreme Speed|p1a: Dondozo
|-damage|p1a: Dondozo|32/100
|
|-heal|p1a: Dondozo|38/100|[from] item: Leftovers
|upkeep
|turn|141
|
|t:|1769370437
|switch|p2a: Toxapex|Toxapex, M|100/100
|-damage|p2a: Toxapex|76/100|[from] Spikes
|move|p1a: Dondozo|Rest|p1a: Dondozo
|-status|p1a: Dondozo|slp|[from] move: Rest
|-heal|p1a: Dondozo|100/100 slp|[silent]
|
|upkeep
|turn|142
|
|t:|1769370440
|switch|p1a: Toxapex|Toxapex, M, tera:Steel|100/100
|-damage|p1a: Toxapex|94/100|[from] Stealth Rock
|-damage|p1a: Toxapex|69/100|[from] Spikes
|move|p2a: Toxapex|Toxic Spikes|p1a: Toxapex
|-sidestart|p1: Gen9Trihard|move: Toxic Spikes
|
|-heal|p1a: Toxapex|75/100|[from] item: Leftovers
|upkeep
|turn|143
|
|t:|1769370444
|move|p2a: Toxapex|Toxic Spikes|p1a: Toxapex
|-sidestart|p1: Gen9Trihard|move: Toxic Spikes
|move|p1a: Toxapex|Toxic|p2a: Toxapex|[miss]
|-miss|p1a: Toxapex|p2a: Toxapex
|
|-heal|p1a: Toxapex|82/100|[from] item: Leftovers
|upkeep
|turn|144
|
|t:|1769370470
|move|p2a: Toxapex|Haze|p2a: Toxapex
|-clearallboost
|move|p1a: Toxapex|Poison Jab|p2a: Toxapex
|-resisted|p2a: Toxapex
|-damage|p2a: Toxapex|69/100
|
|-heal|p1a: Toxapex|88/100|[from] item: Leftovers
|upkeep
|turn|145
|
|t:|1769370475
|move|p2a: Toxapex|Haze|p2a: Toxapex
|-clearallboost
|move|p1a: Toxapex|Poison Jab|p2a: Toxapex
|-resisted|p2a: Toxapex
|-damage|p2a: Toxapex|63/100
|
|-heal|p1a: Toxapex|94/100|[from] item: Leftovers
|upkeep
|turn|146
|
|t:|1769370480
|move|p2a: Toxapex|Haze|p2a: Toxapex
|-clearallboost
|move|p1a: Toxapex|Poison Jab|p2a: Toxapex
|-resisted|p2a: Toxapex
|-damage|p2a: Toxapex|56/100
|
|-heal|p1a: Toxapex|100/100|[from] item: Leftovers
|upkeep
|turn|147
|
|t:|1769370483
|move|p2a: Toxapex|Haze|p2a: Toxapex
|-clearallboost
|move|p1a: Toxapex|Poison Jab|p2a: Toxapex
|-resisted|p2a: Toxapex
|-damage|p2a: Toxapex|50/100
|
|upkeep
|turn|148
|
|t:|1769370487
|move|p2a: Toxapex|Haze|p2a: Toxapex
|-clearallboost
|move|p1a: Toxapex|Poison Jab|p2a: Toxapex
|-resisted|p2a: Toxapex
|-damage|p2a: Toxapex|43/100
|
|upkeep
|turn|149
|
|t:|1769370489
|move|p2a: Toxapex|Haze|p2a: Toxapex
|-clearallboost
|move|p1a: Toxapex|Haze|p1a: Toxapex
|-clearallboost
|
|upkeep
|turn|150
|
|t:|1769370491
|move|p2a: Toxapex|Haze|p2a: Toxapex
|-clearallboost
|move|p1a: Toxapex|Haze|p1a: Toxapex
|-clearallboost
|
|upkeep
|turn|151
|
|t:|1769370493
|move|p2a: Toxapex|Haze|p2a: Toxapex
|-clearallboost
|move|p1a: Toxapex|Haze|p1a: Toxapex
|-clearallboost
|
|upkeep
|turn|152
|
|t:|1769370495
|move|p2a: Toxapex|Toxic Spikes||[still]
|-fail|p2a: Toxapex
|move|p1a: Toxapex|Haze|p1a: Toxapex
|-clearallboost
|
|upkeep
|turn|153
|
|t:|1769370500
|switch|p1a: Gliscor|Gliscor, M|100/100 tox
|-damage|p1a: Gliscor|88/100 tox|[from] Stealth Rock
|move|p2a: Toxapex|Toxic Spikes||[still]
|-fail|p2a: Toxapex
|
|-heal|p1a: Gliscor|100/100 tox|[from] ability: Poison Heal
|upkeep
|turn|154
|
|t:|1769370504
|switch|p2a: Dragonite|Dragonite, M|82/100
|move|p1a: Gliscor|Earthquake|p2a: Dragonite
|-immune|p2a: Dragonite
|
|upkeep
|turn|155
|
|t:|1769370508
|move|p2a: Dragonite|Dragon Dance|p2a: Dragonite
|-boost|p2a: Dragonite|atk|1
|-boost|p2a: Dragonite|spe|1
|move|p1a: Gliscor|Knock Off|p2a: Dragonite
|-damage|p2a: Dragonite|69/100
|
|upkeep
|turn|156
|
|t:|1769370513
|switch|p1a: Dondozo|Dondozo, F|100/100 slp
|-damage|p1a: Dondozo|88/100 slp|[from] Stealth Rock
|-damage|p1a: Dondozo|63/100 slp|[from] Spikes
|move|p2a: Dragonite|Earthquake|p1a: Dondozo
|-damage|p1a: Dondozo|44/100 slp
|
|-heal|p1a: Dondozo|51/100 slp|[from] item: Leftovers
|upkeep
|turn|157
|inactive|SupaGmoney has 270 seconds left.
|
|t:|1769370569
|switch|p2a: Toxapex|Toxapex, M|76/100
|-damage|p2a: Toxapex|52/100|[from] Spikes
|cant|p1a: Dondozo|slp
|move|p1a: Dondozo|Sleep Talk|p1a: Dondozo
|move|p1a: Dondozo|Body Press|p2a: Toxapex|[from] move: Sleep Talk
|-resisted|p2a: Toxapex
|-damage|p2a: Toxapex|40/100
|
|-heal|p1a: Dondozo|57/100 slp|[from] item: Leftovers
|upkeep
|turn|158
|
|t:|1769370577
|cant|p1a: Dondozo|slp
|move|p2a: Toxapex|Recover|p2a: Toxapex
|-heal|p2a: Toxapex|91/100
|
|-heal|p1a: Dondozo|63/100 slp|[from] item: Leftovers
|upkeep
|turn|159
|
|t:|1769370587
|move|p2a: Toxapex|Haze|p2a: Toxapex
|-clearallboost
|-curestatus|p1a: Dondozo|slp|[msg]
|move|p1a: Dondozo|Rest|p1a: Dondozo
|-status|p1a: Dondozo|slp|[from] move: Rest
|-heal|p1a: Dondozo|100/100 slp|[silent]
|
|upkeep
|turn|160
|
|t:|1769370590
|move|p2a: Toxapex|Toxic||[still]
|-fail|p2a: Toxapex
|cant|p1a: Dondozo|slp
|
|upkeep
|turn|161
|
|t:|1769370602
|cant|p1a: Dondozo|slp
|move|p2a: Toxapex|Haze|p2a: Toxapex
|-clearallboost
|
|upkeep
|turn|162
|
|t:|1769370606
|switch|p1a: Gliscor|Gliscor, M|100/100 tox
|-damage|p1a: Gliscor|88/100 tox|[from] Stealth Rock
|move|p2a: Toxapex|Toxic Spikes||[still]
|-fail|p2a: Toxapex
|
|-heal|p1a: Gliscor|100/100 tox|[from] ability: Poison Heal
|upkeep
|turn|163
|
|t:|1769370610
|switch|p2a: Dragonite|Dragonite, M|69/100
|move|p1a: Gliscor|Knock Off|p2a: Dragonite
|-damage|p2a: Dragonite|55/100
|
|upkeep
|turn|164
|
|t:|1769370614
|switch|p1a: Dondozo|Dondozo, F|100/100 slp
|-damage|p1a: Dondozo|88/100 slp|[from] Stealth Rock
|-damage|p1a: Dondozo|63/100 slp|[from] Spikes
|move|p2a: Dragonite|Roost|p2a: Dragonite
|-heal|p2a: Dragonite|100/100
|-singleturn|p2a: Dragonite|move: Roost
|
|-heal|p1a: Dondozo|69/100 slp|[from] item: Leftovers
|upkeep
|turn|165
|
|t:|1769370617
|switch|p2a: Toxapex|Toxapex, M|100/100
|-damage|p2a: Toxapex|76/100|[from] Spikes
|-curestatus|p1a: Dondozo|slp|[msg]
|move|p1a: Dondozo|Avalanche|p2a: Toxapex
|-resisted|p2a: Toxapex
|-damage|p2a: Toxapex|70/100
|
|-heal|p1a: Dondozo|76/100|[from] item: Leftovers
|upkeep
|turn|166
|
|t:|1769370624
|move|p1a: Dondozo|Body Press|p2a: Toxapex
|-resisted|p2a: Toxapex
|-damage|p2a: Toxapex|60/100
|move|p2a: Toxapex|Toxic|p1a: Dondozo
|-status|p1a: Dondozo|tox
|
|-heal|p1a: Dondozo|82/100 tox|[from] item: Leftovers
|-damage|p1a: Dondozo|76/100 tox|[from] psn
|upkeep
|turn|167
|
|t:|1769370630
|switch|p2a: Dragonite|Dragonite, M|100/100
|move|p1a: Dondozo|Avalanche|p2a: Dragonite
|-supereffective|p2a: Dragonite
|-damage|p2a: Dragonite|75/100
|
|-heal|p1a: Dondozo|82/100 tox|[from] item: Leftovers
|-damage|p1a: Dondozo|69/100 tox|[from] psn
|upkeep
|turn|168
|
|t:|1769370635
|switch|p2a: Toxapex|Toxapex, M|93/100
|-damage|p2a: Toxapex|68/100|[from] Spikes
|move|p1a: Dondozo|Rest|p1a: Dondozo
|-status|p1a: Dondozo|slp|[from] move: Rest
|-heal|p1a: Dondozo|100/100 slp|[silent]
|
|upkeep
|turn|169
|
|t:|1769370637
|switch|p1a: Gliscor|Gliscor, M|100/100 tox
|-damage|p1a: Gliscor|88/100 tox|[from] Stealth Rock
|move|p2a: Toxapex|Haze|p2a: Toxapex
|-clearallboost
|
|-heal|p1a: Gliscor|100/100 tox|[from] ability: Poison Heal
|upkeep
|turn|170
|
|t:|1769370643
|switch|p2a: Dragonite|Dragonite, M|75/100
|move|p1a: Gliscor|Knock Off|p2a: Dragonite
|-damage|p2a: Dragonite|60/100
|
|upkeep
|turn|171
|
|t:|1769370646
|switch|p1a: Dondozo|Dondozo, F|100/100 slp
|-damage|p1a: Dondozo|88/100 slp|[from] Stealth Rock
|-damage|p1a: Dondozo|63/100 slp|[from] Spikes
|move|p2a: Dragonite|Dragon Dance|p2a: Dragonite
|-boost|p2a: Dragonite|atk|1
|-boost|p2a: Dragonite|spe|1
|
|-heal|p1a: Dondozo|69/100 slp|[from] item: Leftovers
|upkeep
|turn|172
|
|t:|1769370650
|move|p2a: Dragonite|Roost|p2a: Dragonite
|-heal|p2a: Dragonite|100/100
|-singleturn|p2a: Dragonite|move: Roost
|cant|p1a: Dondozo|slp
|move|p1a: Dondozo|Sleep Talk|p1a: Dondozo
|move|p1a: Dondozo|Body Press|p2a: Dragonite|[from] move: Sleep Talk
|-damage|p2a: Dragonite|87/100
|
|-heal|p1a: Dondozo|76/100 slp|[from] item: Leftovers
|upkeep
|turn|173
|
|t:|1769370652
|switch|p2a: Toxapex|Toxapex, M|100/100
|-damage|p2a: Toxapex|76/100|[from] Spikes
|cant|p1a: Dondozo|slp
|move|p1a: Dondozo|Sleep Talk|p1a: Dondozo
|move|p1a: Dondozo|Body Press|p2a: Toxapex|[from] move: Sleep Talk
|-resisted|p2a: Toxapex
|-damage|p2a: Toxapex|65/100
|
|-heal|p1a: Dondozo|82/100 slp|[from] item: Leftovers
|upkeep
|turn|174
|
|t:|1769370664
|switch|p1a: Toxapex|Toxapex, M, tera:Steel|100/100
|-damage|p1a: Toxapex|94/100|[from] Stealth Rock
|-damage|p1a: Toxapex|69/100|[from] Spikes
|move|p2a: Toxapex|Toxic Spikes||[still]
|-fail|p2a: Toxapex
|
|-heal|p1a: Toxapex|75/100|[from] item: Leftovers
|upkeep
|turn|175
|
|t:|1769370672
|move|p2a: Toxapex|Haze|p2a: Toxapex
|-clearallboost
|move|p1a: Toxapex|Poison Jab|p2a: Toxapex
|-resisted|p2a: Toxapex
|-damage|p2a: Toxapex|58/100
|
|-heal|p1a: Toxapex|82/100|[from] item: Leftovers
|upkeep
|turn|176
|
|t:|1769370676
|move|p2a: Toxapex|Haze|p2a: Toxapex
|-clearallboost
|move|p1a: Toxapex|Haze|p1a: Toxapex
|-clearallboost
|
|-heal|p1a: Toxapex|88/100|[from] item: Leftovers
|upkeep
|turn|177
|
|t:|1769370682
|move|p2a: Toxapex|Haze|p2a: Toxapex
|-clearallboost
|move|p1a: Toxapex|Haze|p1a: Toxapex
|-clearallboost
|
|-heal|p1a: Toxapex|94/100|[from] item: Leftovers
|upkeep
|turn|178
|
|t:|1769370685
|switch|p2a: Dragonite|Dragonite, M|87/100
|move|p1a: Toxapex|Haze|p1a: Toxapex
|-clearallboost
|
|-heal|p1a: Toxapex|100/100|[from] item: Leftovers
|upkeep
|turn|179
|
|t:|1769370688
|switch|p2a: Toxapex|Toxapex, M|92/100
|-damage|p2a: Toxapex|67/100|[from] Spikes
|move|p1a: Toxapex|Toxic|p2a: Toxapex
|-immune|p2a: Toxapex
|
|upkeep
|turn|180
|
|t:|1769370692
|move|p2a: Toxapex|Toxic Spikes||[still]
|-fail|p2a: Toxapex
|move|p1a: Toxapex|Haze|p1a: Toxapex
|-clearallboost
|
|upkeep
|turn|181
|
|t:|1769370694
|move|p2a: Toxapex|Toxic Spikes||[still]
|-fail|p2a: Toxapex
|move|p1a: Toxapex|Haze|p1a: Toxapex
|-clearallboost
|
|upkeep
|turn|182
|
|t:|1769370696
|switch|p2a: Dragonite|Dragonite, M|87/100
|move|p1a: Toxapex|Haze|p1a: Toxapex
|-clearallboost
|
|upkeep
|turn|183
|
|t:|1769370701
|switch|p2a: Toxapex|Toxapex, M|99/100
|-damage|p2a: Toxapex|75/100|[from] Spikes
|move|p1a: Toxapex|Poison Jab|p2a: Toxapex
|-resisted|p2a: Toxapex
|-damage|p2a: Toxapex|69/100
|
|upkeep
|turn|184
|
|t:|1769370721
|switch|p2a: Great Tusk|Great Tusk|13/100
|-damage|p2a: Great Tusk|0 fnt|[from] Spikes
|faint|p2a: Great Tusk
|-end|p2a: Great Tusk|Protosynthesis|[silent]
|move|p1a: Toxapex|Haze|p1a: Toxapex
|-clearallboost
|
|upkeep
|
|t:|1769370723
|switch|p2a: Kyurem|Kyurem|25/100
|-damage|p2a: Kyurem|0 fnt|[from] Spikes
|faint|p2a: Kyurem
|
|t:|1769370724
|switch|p2a: Kingambit|Kingambit, F|100/100
|-damage|p2a: Kingambit|75/100|[from] Spikes
|-activate|p2a: Kingambit|ability: Supreme Overlord
|-start|p2a: Kingambit|fallen3|[silent]
|turn|185
|
|t:|1769370728
|switch|p1a: Dondozo|Dondozo, F|82/100 slp
|-damage|p1a: Dondozo|69/100 slp|[from] Stealth Rock
|-damage|p1a: Dondozo|45/100 slp|[from] Spikes
|move|p2a: Kingambit|Swords Dance|p2a: Kingambit
|-boost|p2a: Kingambit|atk|2
|
|-heal|p2a: Kingambit|82/100|[from] item: Leftovers
|-heal|p1a: Dondozo|51/100 slp|[from] item: Leftovers
|upkeep
|turn|186
|
|t:|1769370733
|-terastallize|p2a: Kingambit|Fighting
|move|p2a: Kingambit|Low Kick|p1a: Dondozo
|-damage|p1a: Dondozo|11/100 slp
|-curestatus|p1a: Dondozo|slp|[msg]
|move|p1a: Dondozo|Body Press|p2a: Kingambit
|-crit|p2a: Kingambit
|-damage|p2a: Kingambit|52/100
|
|-heal|p2a: Kingambit|58/100|[from] item: Leftovers
|-heal|p1a: Dondozo|17/100|[from] item: Leftovers
|upkeep
|turn|187
|
|t:|1769370738
|switch|p1a: Gliscor|Gliscor, M|100/100 tox
|-damage|p1a: Gliscor|88/100 tox|[from] Stealth Rock
|move|p2a: Kingambit|Low Kick|p1a: Gliscor
|-resisted|p1a: Gliscor
|-damage|p1a: Gliscor|52/100 tox
|
|-heal|p2a: Kingambit|64/100|[from] item: Leftovers
|-heal|p1a: Gliscor|65/100 tox|[from] ability: Poison Heal
|upkeep
|turn|188
|
|t:|1769370741
|move|p1a: Gliscor|Earthquake|p2a: Kingambit
|-damage|p2a: Kingambit|37/100
|move|p2a: Kingambit|Kowtow Cleave|p1a: Gliscor
|-damage|p1a: Gliscor|0 fnt
|faint|p1a: Gliscor
|
|-heal|p2a: Kingambit|43/100|[from] item: Leftovers
|upkeep
|c|☆SupaGmoney|gg
|c|☆Gen9Trihard|gg
|-message|Gen9Trihard forfeited.
|
|win|SupaGmoney
|player|p1|
|c|+aquiIo|bro tried to outstall stall himself
|c|+aquiIo|✌️ 
