|j|☆Cesar2702
|j|☆Trainermilton00
|t:|1769323320
|gametype|singles
|player|p1|Cesar2702|palmer|1105
|player|p2|Trainermilton00|morty|1107
|gen|9
|tier|[Gen 9] OU
|rated|
|rule|HP Percentage Mod: HP is shown in percentages
|rule|Endless Battle Clause: Forcing endless battles is banned
|rule|Species Clause: Limit one of each Pokémon
|rule|OHKO Clause: OHKO moves are banned
|rule|Evasion Items Clause: Evasion items are banned
|rule|Evasion Moves Clause: Evasion moves are banned
|rule|Evasion Abilities Clause: Evasion abilities are banned
|rule|Sleep Moves Clause: Sleep-inducing moves are banned
|clearpoke
|poke|p1|Lurantis, F|
|poke|p1|Yanmega, M|
|poke|p1|Snorlax, F|
|poke|p1|Azumarill, F|
|poke|p1|Tentacruel, F|
|poke|p1|Morpeko, M|
|poke|p2|Samurott-Hisui, M|
|poke|p2|Gholdengo|
|poke|p2|Iron Valiant|
|poke|p2|Dragonite, F|
|poke|p2|Kingambit, M|
|poke|p2|Great Tusk|
|teampreview
|
|t:|1769323324
|teamsize|p1|6
|teamsize|p2|6
|start
|switch|p1a: Morpeko|Morpeko, M|100/100
|switch|p2a: Samurott|Samurott-Hisui, M|100/100
|turn|1
|inactive|Battle timer is ON: inactive players will automatically lose when time's up. (requested by Cesar2702)
|
|t:|1769323335
|move|p1a: Morpeko|Fake Out|p2a: Samurott
|-damage|p2a: Samurott|85/100
|cant|p2a: Samurott|flinch
|
|-formechange|p1a: Morpeko|Morpeko-Hangry||[from] ability: Hunger Switch
|upkeep
|turn|2
|
|t:|1769323343
|move|p2a: Samurott|Ceaseless Edge|p1a: Morpeko
|-resisted|p1a: Morpeko
|-damage|p1a: Morpeko|59/100
|-sidestart|p1: Cesar2702|Spikes
|move|p1a: Morpeko|Aura Wheel|p2a: Samurott
|-resisted|p2a: Samurott
|-damage|p2a: Samurott|52/100
|-boost|p1a: Morpeko|spe|1
|
|-formechange|p1a: Morpeko|Morpeko||[from] ability: Hunger Switch
|upkeep
|turn|3
|
|t:|1769323354
|move|p1a: Morpeko|Aura Wheel|p2a: Samurott
|-supereffective|p2a: Samurott
|-damage|p2a: Samurott|0 fnt
|-boost|p1a: Morpeko|spe|1
|faint|p2a: Samurott
|
|-formechange|p1a: Morpeko|Morpeko-Hangry||[from] ability: Hunger Switch
|upkeep
|
|t:|1769323364
|switch|p2a: Iron Valiant|Iron Valiant|100/100
|-enditem|p2a: Iron Valiant|Booster Energy
|-activate|p2a: Iron Valiant|ability: Quark Drive|[fromitem]
|-start|p2a: Iron Valiant|quarkdrivespe
|turn|4
|
|t:|1769323375
|switch|p1a: Tentacruel|Tentacruel, F|100/100
|-damage|p1a: Tentacruel|88/100|[from] Spikes
|move|p2a: Iron Valiant|Moonblast|p1a: Tentacruel
|-resisted|p1a: Tentacruel
|-damage|p1a: Tentacruel|69/100
|-unboost|p1a: Tentacruel|spa|1
|
|-heal|p1a: Tentacruel|75/100|[from] item: Black Sludge
|upkeep
|turn|5
|
|t:|1769323386
|move|p2a: Iron Valiant|Calm Mind|p2a: Iron Valiant
|-boost|p2a: Iron Valiant|spa|1
|-boost|p2a: Iron Valiant|spd|1
|move|p1a: Tentacruel|Rapid Spin|p2a: Iron Valiant
|-damage|p2a: Iron Valiant|91/100
|-boost|p1a: Tentacruel|spe|1
|-sideend|p1: Cesar2702|Spikes|[from] move: Rapid Spin|[of] p1a: Tentacruel
|
|-heal|p1a: Tentacruel|81/100|[from] item: Black Sludge
|upkeep
|turn|6
|
|t:|1769323395
|move|p2a: Iron Valiant|Calm Mind|p2a: Iron Valiant
|-boost|p2a: Iron Valiant|spa|1
|-boost|p2a: Iron Valiant|spd|1
|move|p1a: Tentacruel|Muddy Water|p2a: Iron Valiant
|-damage|p2a: Iron Valiant|73/100
|-unboost|p2a: Iron Valiant|accuracy|1
|
|-heal|p1a: Tentacruel|87/100|[from] item: Black Sludge
|upkeep
|turn|7
|
|t:|1769323404
|move|p2a: Iron Valiant|Psyshock|p1a: Tentacruel
|-supereffective|p1a: Tentacruel
|-damage|p1a: Tentacruel|0 fnt
|faint|p1a: Tentacruel
|
|upkeep
|
|t:|1769323416
|switch|p1a: Azumarill|Azumarill, F|100/100
|turn|8
|
|t:|1769323422
|move|p2a: Iron Valiant|Thunderbolt|p1a: Azumarill
|-supereffective|p1a: Azumarill
|-damage|p1a: Azumarill|0 fnt
|faint|p1a: Azumarill
|
|upkeep
|
|t:|1769323427
|switch|p1a: Yanmega|Yanmega, M, shiny|100/100
|turn|9
|
|t:|1769323452
|move|p1a: Yanmega|Protect|p1a: Yanmega
|-singleturn|p1a: Yanmega|Protect
|move|p2a: Iron Valiant|Thunderbolt|p1a: Yanmega
|-activate|p1a: Yanmega|move: Protect
|
|-ability|p1a: Yanmega|Speed Boost|boost
|-boost|p1a: Yanmega|spe|1
|upkeep
|turn|10
|
|t:|1769323460
|move|p2a: Iron Valiant|Thunderbolt|p1a: Yanmega|[miss]
|-miss|p2a: Iron Valiant|p1a: Yanmega
|move|p1a: Yanmega|Air Slash|p2a: Iron Valiant
|-supereffective|p2a: Iron Valiant
|-damage|p2a: Iron Valiant|0 fnt
|faint|p2a: Iron Valiant
|-end|p2a: Iron Valiant|Quark Drive|[silent]
|
|-ability|p1a: Yanmega|Speed Boost|boost
|-boost|p1a: Yanmega|spe|1
|upkeep
|inactive|Trainermilton00 has 120 seconds left.
|
|t:|1769323478
|switch|p2a: Dragonite|Dragonite, F|100/100
|turn|11
|
|t:|1769323482
|-terastallize|p2a: Dragonite|Normal
|move|p1a: Yanmega|Air Slash|p2a: Dragonite
|-damage|p2a: Dragonite|79/100
|move|p2a: Dragonite|Dragon Dance|p2a: Dragonite
|-boost|p2a: Dragonite|atk|1
|-boost|p2a: Dragonite|spe|1
|
|-ability|p1a: Yanmega|Speed Boost|boost
|-boost|p1a: Yanmega|spe|1
|upkeep
|turn|12
|
|t:|1769323494
|-terastallize|p1a: Yanmega|Normal
|move|p1a: Yanmega|Air Slash|p2a: Dragonite
|-damage|p2a: Dragonite|35/100
|cant|p2a: Dragonite|flinch
|
|-ability|p1a: Yanmega|Speed Boost|boost
|-boost|p1a: Yanmega|spe|1
|upkeep
|turn|13
|
|t:|1769323503
|move|p2a: Dragonite|Extreme Speed|p1a: Yanmega
|-damage|p1a: Yanmega|26/100
|move|p1a: Yanmega|Air Slash|p2a: Dragonite
|-damage|p2a: Dragonite|0 fnt
|faint|p2a: Dragonite
|
|-ability|p1a: Yanmega|Speed Boost|boost
|-boost|p1a: Yanmega|spe|1
|upkeep
|
|t:|1769323517
|switch|p2a: Gholdengo|Gholdengo|100/100
|-item|p2a: Gholdengo|Air Balloon
|turn|14
|
|t:|1769323522
|move|p1a: Yanmega|Air Slash|p2a: Gholdengo
|-resisted|p2a: Gholdengo
|-damage|p2a: Gholdengo|79/100
|-enditem|p2a: Gholdengo|Air Balloon
|move|p2a: Gholdengo|Make It Rain|p1a: Yanmega
|-damage|p1a: Yanmega|0 fnt
|-unboost|p2a: Gholdengo|spa|1
|faint|p1a: Yanmega
|
|upkeep
|
|t:|1769323529
|switch|p1a: Morpeko|Morpeko, M|59/100
|turn|15
|
|t:|1769323543
|move|p1a: Morpeko|Aura Wheel|p2a: Gholdengo
|-damage|p2a: Gholdengo|21/100
|-boost|p1a: Morpeko|spe|1
|move|p2a: Gholdengo|Make It Rain|p1a: Morpeko
|-resisted|p1a: Morpeko
|-damage|p1a: Morpeko|11/100
|-unboost|p2a: Gholdengo|spa|1
|
|-formechange|p1a: Morpeko|Morpeko-Hangry||[from] ability: Hunger Switch
|upkeep
|turn|16
|
|t:|1769323558
|move|p1a: Morpeko|Aura Wheel|p2a: Gholdengo
|-supereffective|p2a: Gholdengo
|-damage|p2a: Gholdengo|0 fnt
|-boost|p1a: Morpeko|spe|1
|faint|p2a: Gholdengo
|
|-formechange|p1a: Morpeko|Morpeko||[from] ability: Hunger Switch
|upkeep
|
|t:|1769323568
|switch|p2a: Kingambit|Kingambit, M|100/100
|-activate|p2a: Kingambit|ability: Supreme Overlord
|-start|p2a: Kingambit|fallen4|[silent]
|turn|17
|
|t:|1769323574
|move|p1a: Morpeko|Endeavor|p2a: Kingambit
|-damage|p2a: Kingambit|9/100
|move|p2a: Kingambit|Swords Dance|p2a: Kingambit
|-boost|p2a: Kingambit|atk|2
|
|-formechange|p1a: Morpeko|Morpeko-Hangry||[from] ability: Hunger Switch
|upkeep
|turn|18
|
|t:|1769323583
|move|p1a: Morpeko|Quick Attack|p2a: Kingambit
|-resisted|p2a: Kingambit
|-crit|p2a: Kingambit
|-damage|p2a: Kingambit|1/100
|move|p2a: Kingambit|Sucker Punch||[still]
|-fail|p2a: Kingambit
|
|-formechange|p1a: Morpeko|Morpeko||[from] ability: Hunger Switch
|upkeep
|turn|19
|
|t:|1769323592
|move|p1a: Morpeko|Quick Attack|p2a: Kingambit
|-resisted|p2a: Kingambit
|-damage|p2a: Kingambit|0 fnt
|faint|p2a: Kingambit
|-end|p2a: Kingambit|fallen4|[silent]
|
|-formechange|p1a: Morpeko|Morpeko-Hangry||[from] ability: Hunger Switch
|upkeep
|
|t:|1769323599
|switch|p2a: Great Tusk|Great Tusk|100/100
|turn|20
|
|t:|1769323606
|move|p1a: Morpeko|Endeavor|p2a: Great Tusk
|-damage|p2a: Great Tusk|8/100
|move|p2a: Great Tusk|Ice Spinner|p1a: Morpeko
|-damage|p1a: Morpeko|0 fnt
|faint|p1a: Morpeko
|
|upkeep
|l|☆Cesar2702
|inactive|Cesar2702 disconnected and has a minute to reconnect!
|player|p1|
|j|☆Cesar2702
|inactive|Cesar2702 reconnected and has 125 seconds left.
|player|p1|Cesar2702|palmer|
|inactive|Cesar2702 has 120 seconds left.
|
|t:|1769323637
|switch|p1a: Lurantis|Lurantis, F|100/100
|turn|21
|
|t:|1769323651
|move|p2a: Great Tusk|Headlong Rush|p1a: Lurantis
|-resisted|p1a: Lurantis
|-damage|p1a: Lurantis|68/100
|-unboost|p2a: Great Tusk|def|1
|-unboost|p2a: Great Tusk|spd|1
|move|p1a: Lurantis|Superpower|p2a: Great Tusk
|-damage|p2a: Great Tusk|0 fnt
|-boost|p1a: Lurantis|atk|1
|-boost|p1a: Lurantis|def|1
|faint|p2a: Great Tusk
|-end|p2a: Great Tusk|Protosynthesis|[silent]
|
|win|Cesar2702
|raw|Cesar2702's rating: 1105 &rarr; <strong>1130</strong><br />(+25 for winning)
|raw|Trainermilton00's rating: 1107 &rarr; <strong>1082</strong><br />(-25 for losing)
|l|☆Trainermilton00
|player|p2|
|l|☆Cesar2702
|player|p1|
