|j|☆The Elite Roman
|j|☆acearc074
|t:|1769332201
|gametype|singles
|player|p1|The Elite Roman|aaron|1242
|player|p2|acearc074|cynthia|1205
|gen|9
|tier|[Gen 9] OU
|rated|
|rule|HP Percentage Mod: HP is shown in percentages
|rule|Endless Battle Clause: Forcing endless battles is banned
|rule|Species Clause: Limit one of each Pokémon
|rule|OHKO Clause: OHKO moves are banned
|rule|Evasion Items Clause: Evasion items are banned
|rule|Evasion Moves Clause: Evasion moves are banned
|rule|Evasion Abilities Clause: Evasion abilities are banned
|rule|Sleep Moves Clause: Sleep-inducing moves are banned
|clearpoke
|poke|p1|Krookodile, M|
|poke|p1|Jirachi|
|poke|p1|Zapdos|
|poke|p1|Ogerpon-Wellspring, F|
|poke|p1|Blaziken, M|
|poke|p1|Cyclizar, F|
|poke|p2|Great Tusk|
|poke|p2|Walking Wake|
|poke|p2|Kingambit, M|
|poke|p2|Venusaur, M|
|poke|p2|Ninetales, M|
|poke|p2|Raging Bolt|
|teampreview
|
|t:|1769332217
|teamsize|p1|6
|teamsize|p2|6
|start
|switch|p1a: Cyclizar|Cyclizar, F|100/100
|switch|p2a: Great Tusk|Great Tusk|100/100
|turn|1
|
|t:|1769332228
|move|p1a: Cyclizar|U-turn|p2a: Great Tusk
|-resisted|p2a: Great Tusk
|-damage|p2a: Great Tusk|96/100
|
|t:|1769332251
|switch|p1a: Zapdos|Zapdos|100/100|[from] U-turn
|-ability|p1a: Zapdos|Pressure
|move|p2a: Great Tusk|Close Combat|p1a: Zapdos
|-resisted|p1a: Zapdos
|-damage|p1a: Zapdos|72/100
|-unboost|p2a: Great Tusk|def|1
|-unboost|p2a: Great Tusk|spd|1
|
|upkeep
|turn|2
|
|t:|1769332261
|move|p2a: Great Tusk|Ice Spinner|p1a: Zapdos
|-supereffective|p1a: Zapdos
|-damage|p1a: Zapdos|21/100
|move|p1a: Zapdos|Brave Bird|p2a: Great Tusk
|-supereffective|p2a: Great Tusk
|-damage|p2a: Great Tusk|28/100
|-damage|p1a: Zapdos|0 fnt|[from] Recoil
|faint|p1a: Zapdos
|
|upkeep
|
|t:|1769332311
|switch|p1a: Ogerpon|Ogerpon-Wellspring, F|100/100
|turn|3
|inactive|Battle timer is ON: inactive players will automatically lose when time's up. (requested by acearc074)
|
|t:|1769332319
|-end|p2a: Great Tusk|Protosynthesis|[silent]
|switch|p2a: Ninetales|Ninetales, M|100/100
|-weather|SunnyDay|[from] ability: Drought|[of] p2a: Ninetales
|move|p1a: Ogerpon|Horn Leech|p2a: Ninetales
|-resisted|p2a: Ninetales
|-damage|p2a: Ninetales|77/100
|
|-weather|SunnyDay|[upkeep]
|upkeep
|turn|4
|
|t:|1769332327
|move|p1a: Ogerpon|Spiky Shield|p1a: Ogerpon
|-singleturn|p1a: Ogerpon|move: Protect
|move|p2a: Ninetales|Will-O-Wisp|p1a: Ogerpon
|-activate|p1a: Ogerpon|move: Protect
|
|-weather|SunnyDay|[upkeep]
|upkeep
|turn|5
|
|t:|1769332338
|switch|p1a: Blaziken|Blaziken, M|100/100
|move|p2a: Ninetales|Will-O-Wisp|p1a: Blaziken
|-immune|p1a: Blaziken
|
|-weather|SunnyDay|[upkeep]
|upkeep
|turn|6
|
|t:|1769332360
|switch|p2a: Walking Wake|Walking Wake|100/100
|-activate|p2a: Walking Wake|ability: Protosynthesis
|-start|p2a: Walking Wake|protosynthesisspe
|move|p1a: Blaziken|Swords Dance|p1a: Blaziken
|-boost|p1a: Blaziken|atk|2
|
|-weather|SunnyDay|[upkeep]
|-ability|p1a: Blaziken|Speed Boost|boost
|-boost|p1a: Blaziken|spe|1
|upkeep
|turn|7
|
|t:|1769332369
|move|p2a: Walking Wake|Hydro Steam|p1a: Blaziken
|-supereffective|p1a: Blaziken
|-damage|p1a: Blaziken|0 fnt
|faint|p1a: Blaziken
|
|-weather|SunnyDay|[upkeep]
|upkeep
|
|t:|1769332376
|switch|p1a: Ogerpon|Ogerpon-Wellspring, F|100/100
|turn|8
|
|t:|1769332382
|-end|p2a: Walking Wake|Protosynthesis|[silent]
|switch|p2a: Venusaur|Venusaur, M|100/100
|move|p1a: Ogerpon|Leech Seed|p2a: Venusaur
|-immune|p2a: Venusaur
|
|-weather|SunnyDay|[upkeep]
|upkeep
|turn|9
|inactive|The Elite Roman has 120 seconds left.
|
|t:|1769332412
|switch|p1a: Jirachi|Jirachi|100/100
|move|p2a: Venusaur|Growth|p2a: Venusaur
|-boost|p2a: Venusaur|atk|2
|-boost|p2a: Venusaur|spa|2
|
|-weather|SunnyDay|[upkeep]
|upkeep
|turn|10
|
|t:|1769332419
|move|p1a: Jirachi|Protect|p1a: Jirachi
|-singleturn|p1a: Jirachi|Protect
|move|p2a: Venusaur|Weather Ball|p1a: Jirachi
|-activate|p1a: Jirachi|move: Protect
|
|-weather|none
|upkeep
|turn|11
|
|t:|1769332430
|switch|p2a: Ninetales|Ninetales, M|77/100
|-weather|SunnyDay|[from] ability: Drought|[of] p2a: Ninetales
|move|p1a: Jirachi|Doom Desire|p2a: Ninetales
|-start|p1a: Jirachi|Doom Desire
|
|-weather|SunnyDay|[upkeep]
|upkeep
|turn|12
|
|t:|1769332443
|switch|p1a: Cyclizar|Cyclizar, F|100/100
|move|p2a: Ninetales|Weather Ball|p1a: Cyclizar
|-resisted|p1a: Cyclizar
|-damage|p1a: Cyclizar|69/100
|
|-weather|SunnyDay|[upkeep]
|upkeep
|turn|13
|
|t:|1769332453
|move|p1a: Cyclizar|Draco Meteor|p2a: Ninetales
|-damage|p2a: Ninetales|40/100
|-unboost|p1a: Cyclizar|spa|2
|move|p2a: Ninetales|Will-O-Wisp|p1a: Cyclizar
|-status|p1a: Cyclizar|brn
|
|-weather|SunnyDay|[upkeep]
|-end|p2a: Ninetales|move: Doom Desire
|-resisted|p2a: Ninetales
|-damage|p2a: Ninetales|11/100
|-damage|p1a: Cyclizar|63/100 brn|[from] brn
|upkeep
|turn|14
|
|t:|1769332480
|move|p1a: Cyclizar|Rapid Spin|p2a: Ninetales
|-damage|p2a: Ninetales|2/100
|-boost|p1a: Cyclizar|spe|1
|move|p2a: Ninetales|Healing Wish|p2a: Ninetales
|faint|p2a: Ninetales
|
|-weather|SunnyDay|[upkeep]
|-damage|p1a: Cyclizar|57/100 brn|[from] brn
|upkeep
|
|t:|1769332487
|switch|p2a: Great Tusk|Great Tusk|28/100
|-heal|p2a: Great Tusk|100/100|[from] move: Healing Wish
|-activate|p2a: Great Tusk|ability: Protosynthesis
|-start|p2a: Great Tusk|protosynthesisatk
|turn|15
|inactive|The Elite Roman has 120 seconds left.
|
|t:|1769332510
|move|p1a: Cyclizar|U-turn|p2a: Great Tusk
|-resisted|p2a: Great Tusk
|-damage|p2a: Great Tusk|98/100
|
|t:|1769332512
|switch|p1a: Ogerpon|Ogerpon-Wellspring, F|100/100|[from] U-turn
|move|p2a: Great Tusk|Headlong Rush|p1a: Ogerpon
|-resisted|p1a: Ogerpon
|-damage|p1a: Ogerpon|57/100
|-unboost|p2a: Great Tusk|def|1
|-unboost|p2a: Great Tusk|spd|1
|
|-weather|SunnyDay|[upkeep]
|upkeep
|turn|16
|
|t:|1769332524
|switch|p1a: Cyclizar|Cyclizar, F|90/100 brn
|-end|p2a: Great Tusk|Protosynthesis|[silent]
|switch|p2a: Venusaur|Venusaur, M|100/100
|
|-weather|SunnyDay|[upkeep]
|-damage|p1a: Cyclizar|84/100 brn|[from] brn
|upkeep
|turn|17
|
|t:|1769332531
|move|p2a: Venusaur|Growth|p2a: Venusaur
|-boost|p2a: Venusaur|atk|2
|-boost|p2a: Venusaur|spa|2
|move|p1a: Cyclizar|Draco Meteor|p2a: Venusaur
|-damage|p2a: Venusaur|56/100
|-unboost|p1a: Cyclizar|spa|2
|
|-weather|SunnyDay|[upkeep]
|-damage|p1a: Cyclizar|78/100 brn|[from] brn
|upkeep
|turn|18
|inactive|The Elite Roman has 120 seconds left.
|
|t:|1769332553
|move|p2a: Venusaur|Giga Drain|p1a: Cyclizar
|-resisted|p1a: Cyclizar
|-damage|p1a: Cyclizar|15/100 brn
|-heal|p2a: Venusaur|92/100|[from] drain|[of] p1a: Cyclizar
|-damage|p2a: Venusaur|82/100|[from] item: Life Orb
|move|p1a: Cyclizar|Draco Meteor|p2a: Venusaur
|-damage|p2a: Venusaur|57/100
|-unboost|p1a: Cyclizar|spa|2
|
|-weather|none
|-damage|p1a: Cyclizar|9/100 brn|[from] brn
|upkeep
|turn|19
|
|t:|1769332571
|move|p1a: Cyclizar|U-turn|p2a: Venusaur
|-crit|p2a: Venusaur
|-damage|p2a: Venusaur|43/100
|
|t:|1769332574
|switch|p1a: Ogerpon|Ogerpon-Wellspring, F|57/100|[from] U-turn
|move|p2a: Venusaur|Giga Drain|p1a: Ogerpon
|-damage|p1a: Ogerpon|0 fnt
|-heal|p2a: Venusaur|78/100|[from] drain|[of] p1a: Ogerpon
|faint|p1a: Ogerpon
|-damage|p2a: Venusaur|68/100|[from] item: Life Orb
|
|upkeep
|
|t:|1769332577
|switch|p1a: Jirachi|Jirachi|100/100
|turn|20
|
|t:|1769332592
|-terastallize|p2a: Venusaur|Fire
|move|p1a: Jirachi|Doom Desire|p2a: Venusaur
|-start|p1a: Jirachi|Doom Desire
|move|p2a: Venusaur|Giga Drain|p1a: Jirachi
|-resisted|p1a: Jirachi
|-damage|p1a: Jirachi|64/100
|-heal|p2a: Venusaur|90/100|[from] drain|[of] p1a: Jirachi
|-damage|p2a: Venusaur|80/100|[from] item: Life Orb
|
|upkeep
|turn|21
|
|t:|1769332600
|move|p1a: Jirachi|Iron Head|p2a: Venusaur
|-resisted|p2a: Venusaur
|-damage|p2a: Venusaur|59/100
|move|p2a: Venusaur|Giga Drain|p1a: Jirachi
|-resisted|p1a: Jirachi
|-damage|p1a: Jirachi|23/100
|-heal|p2a: Venusaur|85/100|[from] drain|[of] p1a: Jirachi
|-damage|p2a: Venusaur|75/100|[from] item: Life Orb
|
|upkeep
|turn|22
|
|t:|1769332608
|move|p1a: Jirachi|Iron Head|p2a: Venusaur
|-resisted|p2a: Venusaur
|-damage|p2a: Venusaur|56/100
|move|p2a: Venusaur|Giga Drain|p1a: Jirachi
|-resisted|p1a: Jirachi
|-damage|p1a: Jirachi|0 fnt
|-heal|p2a: Venusaur|69/100|[from] drain|[of] p1a: Jirachi
|faint|p1a: Jirachi
|-damage|p2a: Venusaur|59/100|[from] item: Life Orb
|
|-end|p2a: Venusaur|move: Doom Desire
|-resisted|p2a: Venusaur
|-damage|p2a: Venusaur|24/100
|upkeep
|
|t:|1769332618
|switch|p1a: Krookodile|Krookodile, M|100/100
|turn|23
|
|t:|1769332631
|switch|p2a: Walking Wake|Walking Wake|100/100
|-terastallize|p1a: Krookodile|Poison
|move|p1a: Krookodile|Bulk Up|p1a: Krookodile
|-boost|p1a: Krookodile|atk|1
|-boost|p1a: Krookodile|def|1
|
|upkeep
|turn|24
|
|t:|1769332650
|move|p2a: Walking Wake|Hydro Steam|p1a: Krookodile
|-damage|p1a: Krookodile|40/100
|move|p1a: Krookodile|Scale Shot|p2a: Walking Wake
|-supereffective|p2a: Walking Wake
|-damage|p2a: Walking Wake|74/100
|-supereffective|p2a: Walking Wake
|-damage|p2a: Walking Wake|46/100
|-supereffective|p2a: Walking Wake
|-damage|p2a: Walking Wake|16/100
|-supereffective|p2a: Walking Wake
|-damage|p2a: Walking Wake|0 fnt
|faint|p2a: Walking Wake
|-end|p2a: Walking Wake|Protosynthesis|[silent]
|-ability|p1a: Krookodile|Moxie|boost
|-boost|p1a: Krookodile|atk|1
|-hitcount|p2: Walking Wake|4
|-unboost|p1a: Krookodile|def|1
|-boost|p1a: Krookodile|spe|1
|
|upkeep
|
|t:|1769332670
|switch|p2a: Kingambit|Kingambit, M|100/100
|-activate|p2a: Kingambit|ability: Supreme Overlord
|-start|p2a: Kingambit|fallen2|[silent]
|-item|p2a: Kingambit|Air Balloon
|turn|25
|
|t:|1769332683
|move|p2a: Kingambit|Sucker Punch|p1a: Krookodile
|-damage|p1a: Krookodile|0 fnt
|faint|p1a: Krookodile
|
|upkeep
|l|☆The Elite Roman
|inactive|The Elite Roman disconnected and has a minute to reconnect!
|player|p1|
|inactive|The Elite Roman has 30 seconds to reconnect!
|inactive|The Elite Roman has 20 seconds to reconnect!
|inactive|The Elite Roman has 15 seconds to reconnect!
|inactive|The Elite Roman has 10 seconds to reconnect!
|inactive|The Elite Roman has 5 seconds to reconnect!
|-message|The Elite Roman lost due to inactivity.
|
|win|acearc074
|raw|The Elite Roman's rating: 1242 &rarr; <strong>1214</strong><br />(-28 for losing)
|raw|acearc074's rating: 1205 &rarr; <strong>1233</strong><br />(+28 for winning)
|l|☆acearc074
|player|p2|
