|j|☆lavalover
|j|☆wetrain
|t:|1769400326
|gametype|singles
|player|p1|lavalover|silver|1090
|player|p2|wetrain|169|1086
|gen|9
|tier|[Gen 9] OU
|rated|
|rule|HP Percentage Mod: HP is shown in percentages
|rule|Endless Battle Clause: Forcing endless battles is banned
|rule|Species Clause: Limit one of each Pokémon
|rule|OHKO Clause: OHKO moves are banned
|rule|Evasion Items Clause: Evasion items are banned
|rule|Evasion Moves Clause: Evasion moves are banned
|rule|Evasion Abilities Clause: Evasion abilities are banned
|rule|Sleep Moves Clause: Sleep-inducing moves are banned
|clearpoke
|poke|p1|Glimmora, F|
|poke|p1|Meowscarada, F|
|poke|p1|Samurott-Hisui, F|
|poke|p1|Clefable, M|
|poke|p1|Staraptor, F|
|poke|p1|Ceruledge, F|
|poke|p2|Tinkaton, F|
|poke|p2|Basculin-Blue-Striped, F|
|poke|p2|Pyroar, F|
|poke|p2|Lumineon, F|
|poke|p2|Great Tusk|
|poke|p2|Serperior, M|
|teampreview
|
|t:|1769400361
|teamsize|p1|6
|teamsize|p2|6
|start
|switch|p1a: Glimmora|Glimmora, F|100/100
|switch|p2a: Lumineon|Lumineon, F|100/100
|turn|1
|
|t:|1769400388
|move|p2a: Lumineon|Whirlpool|p1a: Glimmora
|-supereffective|p1a: Glimmora
|-damage|p1a: Glimmora|63/100
|-activate|p1a: Glimmora|move: Whirlpool|[of] p2a: Lumineon
|move|p1a: Glimmora|Stealth Rock|p2a: Lumineon
|-sidestart|p2: wetrain|move: Stealth Rock
|
|-damage|p1a: Glimmora|47/100|[from] move: Whirlpool|[partiallytrapped]
|upkeep
|turn|2
|
|t:|1769400397
|move|p2a: Lumineon|Encore|p1a: Glimmora
|-start|p1a: Glimmora|Encore
|move|p1a: Glimmora|Stealth Rock||[still]
|-fail|p1a: Glimmora
|
|-damage|p1a: Glimmora|30/100|[from] move: Whirlpool|[partiallytrapped]
|upkeep
|turn|3
|
|t:|1769400405
|move|p2a: Lumineon|Whirlpool|p1a: Glimmora
|-supereffective|p1a: Glimmora
|-damage|p1a: Glimmora|0 fnt
|faint|p1a: Glimmora
|
|upkeep
|
|t:|1769400411
|switch|p1a: Meowscarada|Meowscarada, F|100/100
|turn|4
|
|t:|1769400433
|move|p1a: Meowscarada|Knock Off|p2a: Lumineon
|-start|p1a: Meowscarada|typechange|Dark|[from] ability: Protean
|-damage|p2a: Lumineon|0 fnt
|-enditem|p2a: Lumineon|Binding Band|[from] move: Knock Off|[of] p1a: Meowscarada
|faint|p2a: Lumineon
|
|upkeep
|
|t:|1769400447
|switch|p2a: Great Tusk|Great Tusk|100/100
|turn|5
|
|t:|1769400468
|switch|p1a: Clefable|Clefable, M|100/100
|move|p2a: Great Tusk|Headlong Rush|p1a: Clefable
|-damage|p1a: Clefable|54/100
|-unboost|p2a: Great Tusk|def|1
|-unboost|p2a: Great Tusk|spd|1
|
|-heal|p1a: Clefable|60/100|[from] item: Leftovers
|upkeep
|turn|6
|
|t:|1769400490
|-terastallize|p2a: Great Tusk|Ghost
|move|p2a: Great Tusk|Rapid Spin|p1a: Clefable
|-damage|p1a: Clefable|47/100
|-boost|p2a: Great Tusk|spe|1
|-sideend|p2: wetrain|Stealth Rock|[from] move: Rapid Spin|[of] p2a: Great Tusk
|move|p1a: Clefable|Moonblast|p2a: Great Tusk
|-damage|p2a: Great Tusk|38/100
|
|-heal|p1a: Clefable|53/100|[from] item: Leftovers
|upkeep
|turn|7
|
|t:|1769400509
|-end|p2a: Great Tusk|Protosynthesis|[silent]
|switch|p2a: Tinkaton|Tinkaton, F|100/100
|-ability|p2a: Tinkaton|Mold Breaker
|move|p1a: Clefable|Moonblast|p2a: Tinkaton
|-resisted|p2a: Tinkaton
|-damage|p2a: Tinkaton|83/100
|
|-heal|p1a: Clefable|59/100|[from] item: Leftovers
|upkeep
|turn|8
|
|t:|1769400522
|switch|p1a: Ceruledge|Ceruledge, F|100/100
|move|p2a: Tinkaton|Thunder Wave|p1a: Ceruledge
|-status|p1a: Ceruledge|par
|
|upkeep
|turn|9
|
|t:|1769400529
|move|p2a: Tinkaton|Knock Off|p1a: Ceruledge
|-supereffective|p1a: Ceruledge
|-damage|p1a: Ceruledge|31/100 par
|-ability|p1a: Ceruledge|Weak Armor|boost
|-unboost|p1a: Ceruledge|def|1
|-boost|p1a: Ceruledge|spe|2
|-enditem|p1a: Ceruledge|Focus Sash|[from] move: Knock Off|[of] p2a: Tinkaton
|move|p1a: Ceruledge|Swords Dance|p1a: Ceruledge
|-boost|p1a: Ceruledge|atk|2
|
|upkeep
|turn|10
|
|t:|1769400546
|move|p1a: Ceruledge|Shadow Sneak|p2a: Tinkaton
|-damage|p2a: Tinkaton|24/100
|move|p2a: Tinkaton|Knock Off|p1a: Ceruledge
|-supereffective|p1a: Ceruledge
|-damage|p1a: Ceruledge|0 fnt
|faint|p1a: Ceruledge
|
|upkeep
|
|t:|1769400560
|switch|p1a: Meowscarada|Meowscarada, F|100/100
|turn|11
|
|t:|1769400579
|move|p1a: Meowscarada|U-turn|p2a: Tinkaton
|-start|p1a: Meowscarada|typechange|Bug|[from] ability: Protean
|-resisted|p2a: Tinkaton
|-damage|p2a: Tinkaton|8/100
|
|t:|1769400589
|switch|p1a: Samurott|Samurott-Hisui, F|100/100|[from] U-turn
|move|p2a: Tinkaton|Thunder Wave|p1a: Samurott
|-status|p1a: Samurott|par
|
|upkeep
|turn|12
|
|t:|1769400597
|move|p1a: Samurott|Aqua Jet|p2a: Tinkaton
|-damage|p2a: Tinkaton|0 fnt
|faint|p2a: Tinkaton
|
|upkeep
|
|t:|1769400602
|switch|p2a: Serperior|Serperior, M|100/100
|turn|13
|
|t:|1769400618
|switch|p1a: Staraptor|Staraptor, F|100/100
|move|p2a: Serperior|Leech Seed|p1a: Staraptor|[miss]
|-miss|p2a: Serperior|p1a: Staraptor
|
|upkeep
|turn|14
|
|t:|1769400628
|move|p1a: Staraptor|U-turn|p2a: Serperior
|-supereffective|p2a: Serperior
|-crit|p2a: Serperior
|-damage|p2a: Serperior|28/100
|
|t:|1769400634
|switch|p1a: Meowscarada|Meowscarada, F|100/100|[from] U-turn
|move|p2a: Serperior|Dragon Pulse|p1a: Meowscarada
|-damage|p1a: Meowscarada|76/100
|
|-heal|p2a: Serperior|34/100|[from] item: Leftovers
|upkeep
|turn|15
|c|☆wetrain|dang i gotta miss and get critted o_o
|
|t:|1769400655
|move|p1a: Meowscarada|U-turn|p2a: Serperior
|-start|p1a: Meowscarada|typechange|Bug|[from] ability: Protean
|-supereffective|p2a: Serperior
|-damage|p2a: Serperior|0 fnt
|faint|p2a: Serperior
|
|t:|1769400666
|switch|p1a: Samurott|Samurott-Hisui, F|100/100 par|[from] U-turn
|
|upkeep
|
|t:|1769400676
|switch|p2a: Great Tusk|Great Tusk, tera:Ghost|38/100
|turn|16
|
|t:|1769400691
|-terastallize|p1a: Samurott|Fighting
|move|p2a: Great Tusk|Stealth Rock|p1a: Samurott
|-sidestart|p1: lavalover|move: Stealth Rock
|move|p1a: Samurott|Ceaseless Edge|p2a: Great Tusk
|-supereffective|p2a: Great Tusk
|-crit|p2a: Great Tusk
|-damage|p2a: Great Tusk|0 fnt
|-sidestart|p2: wetrain|Spikes
|faint|p2a: Great Tusk
|-end|p2a: Great Tusk|Protosynthesis|[silent]
|
|upkeep
|
|t:|1769400703
|switch|p2a: Basculin|Basculin-Blue-Striped, F|100/100
|-damage|p2a: Basculin|88/100|[from] Spikes
|turn|17
|
|t:|1769400714
|move|p2a: Basculin|Flip Turn|p1a: Samurott
|-damage|p1a: Samurott|52/100 par
|
|t:|1769400717
|switch|p2a: Pyroar|Pyroar, F|100/100|[from] Flip Turn
|-ability|p2a: Pyroar|Unnerve
|-damage|p2a: Pyroar|88/100|[from] Spikes
|cant|p1a: Samurott|par
|
|upkeep
|turn|18
|
|t:|1769400729
|move|p2a: Pyroar|Hyper Voice|p1a: Samurott
|-damage|p1a: Samurott|0 fnt
|faint|p1a: Samurott
|
|upkeep
|
|t:|1769400739
|switch|p1a: Staraptor|Staraptor, F|100/100
|-damage|p1a: Staraptor|76/100|[from] Stealth Rock
|turn|19
|
|t:|1769400746
|move|p1a: Staraptor|Brave Bird|p2a: Pyroar
|-damage|p2a: Pyroar|0 fnt
|faint|p2a: Pyroar
|-damage|p1a: Staraptor|46/100|[from] Recoil
|
|upkeep
|
|t:|1769400751
|switch|p2a: Basculin|Basculin-Blue-Striped, F|88/100
|-damage|p2a: Basculin|76/100|[from] Spikes
|turn|20
|
|t:|1769400758
|move|p1a: Staraptor|Brave Bird|p2a: Basculin
|-damage|p2a: Basculin|0 fnt
|faint|p2a: Basculin
|-damage|p1a: Staraptor|23/100|[from] Recoil
|
|win|lavalover
|raw|lavalover's rating: 1090 &rarr; <strong>1116</strong><br />(+26 for winning)
|raw|wetrain's rating: 1086 &rarr; <strong>1063</strong><br />(-23 for losing)
|l|☆wetrain
|player|p2|
|l|☆lavalover
|player|p1|
