|j|☆Efrain.9
|j|☆OP Sand
|t:|1769333502
|gametype|singles
|player|p1|Efrain.9|hilbert-wonderlauncher|1643
|player|p2|OP Sand|giovanni-masters|1702
|gen|9
|tier|[Gen 9] OU
|rated|
|rule|HP Percentage Mod: HP is shown in percentages
|rule|Endless Battle Clause: Forcing endless battles is banned
|rule|Species Clause: Limit one of each Pokémon
|rule|OHKO Clause: OHKO moves are banned
|rule|Evasion Items Clause: Evasion items are banned
|rule|Evasion Moves Clause: Evasion moves are banned
|rule|Evasion Abilities Clause: Evasion abilities are banned
|rule|Sleep Moves Clause: Sleep-inducing moves are banned
|clearpoke
|poke|p1|Pelipper, F|
|poke|p1|Basculegion, M|
|poke|p1|Umbreon, M|
|poke|p1|Scizor, M|
|poke|p1|Raging Bolt|
|poke|p1|Ogerpon-Wellspring, F|
|poke|p2|Excadrill, F|
|poke|p2|Tyranitar, M|
|poke|p2|Kyurem|
|poke|p2|Hawlucha, F|
|poke|p2|Pawmot, M|
|poke|p2|Greninja-*, F|
|teampreview
|inactive|Battle timer is ON: inactive players will automatically lose when time's up. (requested by OP Sand)
|
|t:|1769333514
|teamsize|p1|6
|teamsize|p2|6
|start
|switch|p1a: Scizor|Scizor, M|100/100
|switch|p2a: Frieza|Kyurem, shiny|100/100
|-ability|p2a: Frieza|Pressure
|turn|1
|
|t:|1769333523
|switch|p2a: Greninja|Greninja, F|100/100
|move|p1a: Scizor|U-turn|p2a: Greninja
|-supereffective|p2a: Greninja
|-damage|p2a: Greninja|0 fnt
|faint|p2a: Greninja
|
|t:|1769333539
|switch|p1a: Raging Bolt|Raging Bolt|100/100|[from] U-turn
|
|upkeep
|
|t:|1769333546
|switch|p2a: Shukaku|Tyranitar, M, shiny|100/100
|-weather|Sandstorm|[from] ability: Sand Stream|[of] p2a: Shukaku
|turn|2
|
|t:|1769333550
|move|p1a: Raging Bolt|Volt Switch|p2a: Shukaku
|-damage|p2a: Shukaku|62/100
|
|t:|1769333557
|-end|p1a: Raging Bolt|Protosynthesis|[silent]
|switch|p1a: Umbreon|Umbreon, M|100/100|[from] Volt Switch
|move|p2a: Shukaku|Stealth Rock|p1a: Umbreon
|-sidestart|p1: Efrain.9|move: Stealth Rock
|
|-weather|Sandstorm|[upkeep]
|-damage|p1a: Umbreon|94/100|[from] Sandstorm
|-heal|p1a: Umbreon|100/100|[from] item: Leftovers
|upkeep
|turn|3
|
|t:|1769333565
|move|p1a: Umbreon|Toxic|p2a: Shukaku
|-status|p2a: Shukaku|tox
|move|p2a: Shukaku|Thunder Wave||[still]
|-status|p1a: Umbreon|par
|-activate|p1a: Umbreon|ability: Synchronize
|-fail|p1a: Umbreon
|
|-weather|Sandstorm|[upkeep]
|-damage|p1a: Umbreon|94/100 par|[from] Sandstorm
|-heal|p1a: Umbreon|100/100 par|[from] item: Leftovers
|-damage|p2a: Shukaku|56/100 tox|[from] psn
|upkeep
|turn|4
|
|t:|1769333577
|switch|p2a: Porunga|Pawmot, M|100/100
|move|p1a: Umbreon|Wish|p1a: Umbreon
|
|-weather|Sandstorm|[upkeep]
|-damage|p2a: Porunga|95/100|[from] Sandstorm
|-damage|p1a: Umbreon|94/100 par|[from] Sandstorm
|-heal|p1a: Umbreon|100/100 par|[from] item: Leftovers
|upkeep
|turn|5
|
|t:|1769333586
|move|p2a: Porunga|Revival Blessing|p2a: Porunga
|-enditem|p2a: Porunga|Leppa Berry|[eat]
|-activate|p2a: Porunga|item: Leppa Berry|Revival Blessing|[consumed]
|
|t:|1769333590
|-heal|p2: Greninja|50/100|[from] move: Revival Blessing
|move|p1a: Umbreon|Toxic|p2a: Porunga
|-status|p2a: Porunga|tox
|
|-weather|Sandstorm|[upkeep]
|-damage|p2a: Porunga|89/100 tox|[from] Sandstorm
|-damage|p1a: Umbreon|94/100 par|[from] Sandstorm
|-heal|p1a: Umbreon|100/100 par|[from] move: Wish|[wisher] Umbreon
|-damage|p2a: Porunga|83/100 tox|[from] psn
|upkeep
|turn|6
|j| Samurajen
|
|t:|1769333614
|switch|p2a: OP|Excadrill, F|100/100
|move|p1a: Umbreon|Foul Play|p2a: OP
|-damage|p2a: OP|20/100
|
|-weather|Sandstorm|[upkeep]
|-damage|p1a: Umbreon|94/100 par|[from] Sandstorm
|-heal|p1a: Umbreon|100/100 par|[from] item: Leftovers
|upkeep
|turn|7
|
|t:|1769333625
|move|p2a: OP|Iron Head|p1a: Umbreon
|-damage|p1a: Umbreon|55/100 par
|cant|p1a: Umbreon|par
|
|-weather|Sandstorm|[upkeep]
|-damage|p1a: Umbreon|49/100 par|[from] Sandstorm
|-heal|p1a: Umbreon|55/100 par|[from] item: Leftovers
|upkeep
|turn|8
|
|t:|1769333635
|move|p2a: OP|Iron Head|p1a: Umbreon
|-damage|p1a: Umbreon|10/100 par
|move|p1a: Umbreon|Foul Play|p2a: OP
|-crit|p2a: OP
|-damage|p2a: OP|0 fnt
|faint|p2a: OP
|
|-weather|Sandstorm|[upkeep]
|-damage|p1a: Umbreon|4/100 par|[from] Sandstorm
|-heal|p1a: Umbreon|10/100 par|[from] item: Leftovers
|upkeep
|
|t:|1769333657
|switch|p2a: Porunga|Pawmot, M|83/100 tox
|turn|9
|
|t:|1769333661
|move|p2a: Porunga|Revival Blessing|p2a: Porunga
|
|t:|1769333663
|-heal|p2: OP|50/100|[from] move: Revival Blessing
|cant|p1a: Umbreon|par
|
|-weather|none
|-heal|p1a: Umbreon|16/100 par|[from] item: Leftovers
|-damage|p2a: Porunga|77/100 tox|[from] psn
|upkeep
|turn|10
|
|t:|1769333671
|move|p1a: Umbreon|Protect|p1a: Umbreon
|-singleturn|p1a: Umbreon|Protect
|move|p2a: Porunga|Metronome|p2a: Porunga
|move|p2a: Porunga|Slack Off|p2a: Porunga|[from] move: Metronome
|-heal|p2a: Porunga|100/100 tox
|
|-heal|p1a: Umbreon|23/100 par|[from] item: Leftovers
|-damage|p2a: Porunga|89/100 tox|[from] psn
|upkeep
|turn|11
|
|t:|1769333696
|switch|p2a: Greninja|Greninja, F|50/100
|move|p1a: Umbreon|Wish|p1a: Umbreon
|
|-heal|p1a: Umbreon|29/100 par|[from] item: Leftovers
|upkeep
|turn|12
|
|t:|1769333707
|move|p1a: Umbreon|Protect|p1a: Umbreon
|-singleturn|p1a: Umbreon|Protect
|move|p2a: Greninja|Sludge Wave|p1a: Umbreon
|-start|p2a: Greninja|typechange|Poison|[from] ability: Protean
|-activate|p1a: Umbreon|move: Protect
|
|-heal|p1a: Umbreon|79/100 par|[from] move: Wish|[wisher] Umbreon
|-heal|p1a: Umbreon|85/100 par|[from] item: Leftovers
|upkeep
|turn|13
|
|t:|1769333717
|switch|p2a: Shukaku|Tyranitar, M, shiny|56/100 tox
|-weather|Sandstorm|[from] ability: Sand Stream|[of] p2a: Shukaku
|move|p1a: Umbreon|Foul Play|p2a: Shukaku
|-resisted|p2a: Shukaku
|-damage|p2a: Shukaku|45/100 tox
|
|-weather|Sandstorm|[upkeep]
|-damage|p1a: Umbreon|79/100 par|[from] Sandstorm
|-heal|p1a: Umbreon|85/100 par|[from] item: Leftovers
|-damage|p2a: Shukaku|38/100 tox|[from] psn
|upkeep
|turn|14
|
|t:|1769333728
|move|p1a: Umbreon|Wish|p1a: Umbreon
|move|p2a: Shukaku|Roar|p1a: Umbreon
|drag|p1a: Raging Bolt|Raging Bolt|100/100
|-damage|p1a: Raging Bolt|88/100|[from] Stealth Rock
|
|-weather|Sandstorm|[upkeep]
|-damage|p1a: Raging Bolt|82/100|[from] Sandstorm
|-damage|p2a: Shukaku|26/100 tox|[from] psn
|upkeep
|turn|15
|
|t:|1769333741
|switch|p2a: Itachi|Hawlucha, F, shiny|100/100
|-ability|p2a: Itachi|Mold Breaker
|move|p1a: Raging Bolt|Draco Meteor|p2a: Itachi
|-damage|p2a: Itachi|0 fnt
|-unboost|p1a: Raging Bolt|spa|2
|faint|p2a: Itachi
|
|-weather|Sandstorm|[upkeep]
|-damage|p1a: Raging Bolt|76/100|[from] Sandstorm
|-heal|p1a: Raging Bolt|100/100|[from] move: Wish|[wisher] Umbreon
|upkeep
|
|t:|1769333747
|switch|p2a: Frieza|Kyurem, shiny|100/100
|-ability|p2a: Frieza|Pressure
|turn|16
|
|t:|1769333757
|-terastallize|p2a: Frieza|Ghost
|-terastallize|p1a: Raging Bolt|Fairy
|move|p2a: Frieza|Shadow Ball|p1a: Raging Bolt
|-damage|p1a: Raging Bolt|61/100
|move|p1a: Raging Bolt|Draco Meteor|p2a: Frieza
|-damage|p2a: Frieza|44/100
|-unboost|p1a: Raging Bolt|spa|2
|
|-weather|Sandstorm|[upkeep]
|-damage|p2a: Frieza|37/100|[from] Sandstorm
|-damage|p1a: Raging Bolt|55/100|[from] Sandstorm
|upkeep
|turn|17
|
|t:|1769333774
|-end|p1a: Raging Bolt|Protosynthesis|[silent]
|switch|p1a: Umbreon|Umbreon, M|85/100 par
|-damage|p1a: Umbreon|72/100 par|[from] Stealth Rock
|move|p2a: Frieza|Shadow Ball|p1a: Umbreon
|-resisted|p1a: Umbreon
|-damage|p1a: Umbreon|57/100 par
|
|-weather|Sandstorm|[upkeep]
|-damage|p2a: Frieza|31/100|[from] Sandstorm
|-damage|p1a: Umbreon|51/100 par|[from] Sandstorm
|-heal|p1a: Umbreon|57/100 par|[from] item: Leftovers
|upkeep
|turn|18
|
|t:|1769333784
|move|p2a: Frieza|Freeze-Dry|p1a: Umbreon
|-damage|p1a: Umbreon|32/100 par
|move|p1a: Umbreon|Wish|p1a: Umbreon
|
|-weather|Sandstorm|[upkeep]
|-damage|p2a: Frieza|25/100|[from] Sandstorm
|-damage|p1a: Umbreon|26/100 par|[from] Sandstorm
|-heal|p1a: Umbreon|32/100 par|[from] item: Leftovers
|upkeep
|turn|19
|
|t:|1769333794
|move|p1a: Umbreon|Protect|p1a: Umbreon
|-singleturn|p1a: Umbreon|Protect
|move|p2a: Frieza|Freeze-Dry|p1a: Umbreon
|-activate|p1a: Umbreon|move: Protect
|
|-weather|Sandstorm|[upkeep]
|-damage|p2a: Frieza|19/100|[from] Sandstorm
|-damage|p1a: Umbreon|26/100 par|[from] Sandstorm
|-heal|p1a: Umbreon|76/100 par|[from] move: Wish|[wisher] Umbreon
|-heal|p1a: Umbreon|82/100 par|[from] item: Leftovers
|upkeep
|turn|20
|
|t:|1769333805
|move|p2a: Frieza|Endeavor|p1a: Umbreon
|-damage|p1a: Umbreon|19/100 par
|move|p1a: Umbreon|Foul Play|p2a: Frieza
|-supereffective|p2a: Frieza
|-damage|p2a: Frieza|0 fnt
|faint|p2a: Frieza
|
|-weather|none
|-heal|p1a: Umbreon|25/100 par|[from] item: Leftovers
|upkeep
|
|t:|1769333812
|switch|p2a: OP|Excadrill, F|50/100
|turn|21
|
|t:|1769333816
|move|p2a: OP|Iron Head|p1a: Umbreon
|-damage|p1a: Umbreon|0 fnt
|faint|p1a: Umbreon
|
|upkeep
|
|t:|1769333820
|switch|p1a: Basculegion|Basculegion, M|100/100
|-damage|p1a: Basculegion|88/100|[from] Stealth Rock
|turn|22
|
|t:|1769333844
|move|p2a: OP|Iron Head|p1a: Basculegion
|-resisted|p1a: Basculegion
|-damage|p1a: Basculegion|44/100
|move|p1a: Basculegion|Flip Turn|p2a: OP
|-supereffective|p2a: OP
|-damage|p2a: OP|0 fnt
|faint|p2a: OP
|
|t:|1769333863
|switch|p1a: Scizor|Scizor, M|100/100|[from] Flip Turn
|
|upkeep
|
|t:|1769333868
|switch|p2a: Greninja|Greninja, F|50/100
|turn|23
|
|t:|1769333874
|move|p2a: Greninja|Dark Pulse|p1a: Scizor
|-start|p2a: Greninja|typechange|Dark|[from] ability: Protean
|-damage|p1a: Scizor|32/100
|move|p1a: Scizor|U-turn|p2a: Greninja
|-supereffective|p2a: Greninja
|-crit|p2a: Greninja
|-damage|p2a: Greninja|0 fnt
|faint|p2a: Greninja
|inactive|Efrain.9 has 120 seconds left.
|
|t:|1769333912
|switch|p1a: Raging Bolt|Raging Bolt, tera:Fairy|55/100|[from] U-turn
|-damage|p1a: Raging Bolt|43/100|[from] Stealth Rock
|
|upkeep
|
|t:|1769333927
|switch|p2a: Shukaku|Tyranitar, M, shiny|26/100 tox
|-weather|Sandstorm|[from] ability: Sand Stream|[of] p2a: Shukaku
|turn|24
|
|t:|1769333932
|move|p1a: Raging Bolt|Volt Switch|p2a: Shukaku
|-damage|p2a: Shukaku|0 fnt
|faint|p2a: Shukaku
|
|t:|1769333939
|-end|p1a: Raging Bolt|Protosynthesis|[silent]
|switch|p1a: Pelipper|Pelipper, F|100/100|[from] Volt Switch
|-damage|p1a: Pelipper|76/100|[from] Stealth Rock
|-weather|RainDance|[from] ability: Drizzle|[of] p1a: Pelipper
|
|-weather|RainDance|[upkeep]
|upkeep
|
|t:|1769333942
|switch|p2a: Porunga|Pawmot, M|89/100 tox
|turn|25
|
|t:|1769333947
|move|p2a: Porunga|Rest|p2a: Porunga
|-status|p2a: Porunga|slp|[from] move: Rest
|-heal|p2a: Porunga|100/100 slp|[silent]
|move|p1a: Pelipper|Hurricane|p2a: Porunga
|-damage|p2a: Porunga|30/100 slp
|-start|p2a: Porunga|confusion
|
|-weather|RainDance|[upkeep]
|upkeep
|turn|26
|
|t:|1769333956
|cant|p2a: Porunga|slp
|-activate|p2a: Porunga|confusion
|move|p2a: Porunga|Sleep Talk|p2a: Porunga
|move|p2a: Porunga|Rest||[from] move: Sleep Talk|[still]
|-fail|p2a: Porunga
|move|p1a: Pelipper|Weather Ball|p2a: Porunga
|-damage|p2a: Porunga|0 fnt
|faint|p2a: Porunga
|
|win|Efrain.9
|raw|Efrain.9's rating: 1643 &rarr; <strong>1666</strong><br />(+23 for winning)
|raw|OP Sand's rating: 1702 &rarr; <strong>1679</strong><br />(-23 for losing)
|l|☆OP Sand
|player|p2|
|l|☆Efrain.9
|player|p1|
