|j|☆pedr0h10_
|j|☆luckyvender
|t:|1769404038
|gametype|singles
|player|p1|pedr0h10_|170|1120
|player|p2|luckyvender|cheren-gen5bw2|1172
|gen|9
|tier|[Gen 9] OU
|rated|
|rule|HP Percentage Mod: HP is shown in percentages
|rule|Endless Battle Clause: Forcing endless battles is banned
|rule|Species Clause: Limit one of each Pokémon
|rule|OHKO Clause: OHKO moves are banned
|rule|Evasion Items Clause: Evasion items are banned
|rule|Evasion Moves Clause: Evasion moves are banned
|rule|Evasion Abilities Clause: Evasion abilities are banned
|rule|Sleep Moves Clause: Sleep-inducing moves are banned
|clearpoke
|poke|p1|Cinderace, M|
|poke|p1|Iron Boulder|
|poke|p1|Dondozo, F|
|poke|p1|Iron Valiant|
|poke|p1|Kingambit, F|
|poke|p1|Garchomp, M|
|poke|p2|Slowking-Galar, L99, F|
|poke|p2|Darkrai|
|poke|p2|Pecharunt|
|poke|p2|Iron Treads|
|poke|p2|Zamazenta-*|
|poke|p2|Scizor, M|
|teampreview
|inactive|Battle timer is ON: inactive players will automatically lose when time's up. (requested by luckyvender)
|
|t:|1769404048
|teamsize|p1|6
|teamsize|p2|6
|start
|switch|p1a: Dondozo|Dondozo, F|100/100
|switch|p2a: Zamazenta|Zamazenta|100/100
|-ability|p2a: Zamazenta|Dauntless Shield|boost
|-boost|p2a: Zamazenta|def|1
|turn|1
|
|t:|1769404055
|move|p1a: Dondozo|Curse|p1a: Dondozo
|-unboost|p1a: Dondozo|spe|1
|-boost|p1a: Dondozo|atk|1
|-boost|p1a: Dondozo|def|1
|move|p2a: Zamazenta|Roar|p1a: Dondozo
|drag|p1a: Iron Valiant|Iron Valiant|100/100
|
|upkeep
|turn|2
|
|t:|1769404067
|switch|p2a: Pecharunt|Pecharunt|100/100
|move|p1a: Iron Valiant|Calm Mind|p1a: Iron Valiant
|-boost|p1a: Iron Valiant|spa|1
|-boost|p1a: Iron Valiant|spd|1
|
|upkeep
|turn|3
|
|t:|1769404082
|move|p1a: Iron Valiant|Thunderbolt|p2a: Pecharunt
|-damage|p2a: Pecharunt|60/100
|move|p2a: Pecharunt|Parting Shot|p1a: Iron Valiant
|-unboost|p1a: Iron Valiant|atk|1
|-unboost|p1a: Iron Valiant|spa|1
|
|t:|1769404088
|switch|p2a: Scizor|Scizor, M|100/100|[from] Parting Shot
|
|upkeep
|turn|4
|
|t:|1769404100
|-end|p1a: Iron Valiant|Quark Drive|[silent]
|switch|p1a: Garchomp|Garchomp, M|100/100
|move|p2a: Scizor|Bullet Punch|p1a: Garchomp
|-damage|p1a: Garchomp|58/100
|-damage|p2a: Scizor|88/100|[from] ability: Rough Skin|[of] p1a: Garchomp
|-damage|p2a: Scizor|72/100|[from] item: Rocky Helmet|[of] p1a: Garchomp
|-damage|p2a: Scizor|62/100|[from] item: Life Orb
|
|upkeep
|turn|5
|
|t:|1769404123
|switch|p2a: Pecharunt|Pecharunt|60/100
|move|p1a: Garchomp|Stealth Rock|p2a: Pecharunt
|-sidestart|p2: luckyvender|move: Stealth Rock
|
|upkeep
|turn|6
|
|t:|1769404139
|move|p1a: Garchomp|Earthquake|p2a: Pecharunt
|-supereffective|p2a: Pecharunt
|-damage|p2a: Pecharunt|9/100
|move|p2a: Pecharunt|Malignant Chain|p1a: Garchomp
|-resisted|p1a: Garchomp
|-damage|p1a: Garchomp|41/100
|-status|p1a: Garchomp|tox
|-start|p1a: Garchomp|confusion|[from] ability: Poison Puppeteer|[of] p2a: Pecharunt
|
|-damage|p1a: Garchomp|34/100 tox|[from] psn
|upkeep
|turn|7
|
|t:|1769404150
|-activate|p1a: Garchomp|confusion
|-damage|p1a: Garchomp|21/100 tox|[from] confusion
|move|p2a: Pecharunt|Recover|p2a: Pecharunt
|-heal|p2a: Pecharunt|59/100
|
|-damage|p1a: Garchomp|9/100 tox|[from] psn
|upkeep
|turn|8
|
|t:|1769404154
|-activate|p1a: Garchomp|confusion
|move|p1a: Garchomp|Earthquake|p2a: Pecharunt
|-supereffective|p2a: Pecharunt
|-damage|p2a: Pecharunt|12/100
|move|p2a: Pecharunt|Recover|p2a: Pecharunt
|-heal|p2a: Pecharunt|62/100
|
|-damage|p1a: Garchomp|0 fnt|[from] psn
|faint|p1a: Garchomp
|upkeep
|
|t:|1769404165
|switch|p1a: Iron Boulder|Iron Boulder|100/100
|turn|9
|
|t:|1769404182
|move|p1a: Iron Boulder|Earthquake|p2a: Pecharunt
|-supereffective|p2a: Pecharunt
|-damage|p2a: Pecharunt|15/100
|move|p2a: Pecharunt|Recover|p2a: Pecharunt
|-heal|p2a: Pecharunt|65/100
|
|upkeep
|turn|10
|
|t:|1769404187
|move|p1a: Iron Boulder|Earthquake|p2a: Pecharunt
|-supereffective|p2a: Pecharunt
|-damage|p2a: Pecharunt|17/100
|move|p2a: Pecharunt|Recover|p2a: Pecharunt
|-heal|p2a: Pecharunt|67/100
|
|upkeep
|turn|11
|
|t:|1769404191
|move|p1a: Iron Boulder|Earthquake|p2a: Pecharunt
|-supereffective|p2a: Pecharunt
|-damage|p2a: Pecharunt|22/100
|move|p2a: Pecharunt|Parting Shot|p1a: Iron Boulder
|-unboost|p1a: Iron Boulder|atk|1
|-unboost|p1a: Iron Boulder|spa|1
|
|t:|1769404197
|switch|p2a: Scizor|Scizor, M|62/100|[from] Parting Shot
|-damage|p2a: Scizor|50/100|[from] Stealth Rock
|
|upkeep
|turn|12
|
|t:|1769404227
|-end|p1a: Iron Boulder|Quark Drive|[silent]
|switch|p1a: Dondozo|Dondozo, F|100/100
|move|p2a: Scizor|Bullet Punch|p1a: Dondozo
|-resisted|p1a: Dondozo
|-damage|p1a: Dondozo|87/100
|-damage|p2a: Scizor|40/100|[from] item: Life Orb
|
|-heal|p1a: Dondozo|93/100|[from] item: Leftovers
|upkeep
|turn|13
|
|t:|1769404235
|switch|p2a: Zamazenta|Zamazenta|100/100
|-damage|p2a: Zamazenta|94/100|[from] Stealth Rock
|move|p1a: Dondozo|Curse|p1a: Dondozo
|-unboost|p1a: Dondozo|spe|1
|-boost|p1a: Dondozo|atk|1
|-boost|p1a: Dondozo|def|1
|
|-heal|p2a: Zamazenta|100/100|[from] item: Leftovers
|-heal|p1a: Dondozo|99/100|[from] item: Leftovers
|upkeep
|turn|14
|
|t:|1769404244
|move|p1a: Dondozo|Liquidation|p2a: Zamazenta
|-damage|p2a: Zamazenta|61/100
|move|p2a: Zamazenta|Roar|p1a: Dondozo
|drag|p1a: Cinderace|Cinderace, M|100/100
|
|-heal|p2a: Zamazenta|67/100|[from] item: Leftovers
|upkeep
|turn|15
|
|t:|1769404253
|move|p2a: Zamazenta|Iron Defense|p2a: Zamazenta
|-boost|p2a: Zamazenta|def|2
|move|p1a: Cinderace|Pyro Ball|p2a: Zamazenta
|-damage|p2a: Zamazenta|45/100
|
|-heal|p2a: Zamazenta|51/100|[from] item: Leftovers
|upkeep
|turn|16
|
|t:|1769404259
|switch|p1a: Dondozo|Dondozo, F|99/100
|move|p2a: Zamazenta|Body Press|p1a: Dondozo
|-damage|p1a: Dondozo|77/100
|
|-heal|p2a: Zamazenta|57/100|[from] item: Leftovers
|-heal|p1a: Dondozo|83/100|[from] item: Leftovers
|upkeep
|turn|17
|
|t:|1769404269
|switch|p2a: Slowking|Slowking-Galar, L99, F|100/100
|move|p1a: Dondozo|Curse|p1a: Dondozo
|-unboost|p1a: Dondozo|spe|1
|-boost|p1a: Dondozo|atk|1
|-boost|p1a: Dondozo|def|1
|
|-heal|p1a: Dondozo|89/100|[from] item: Leftovers
|upkeep
|turn|18
|
|t:|1769404280
|move|p1a: Dondozo|Crunch|p2a: Slowking
|-supereffective|p2a: Slowking
|-damage|p2a: Slowking|15/100
|move|p2a: Slowking|Sludge Bomb|p1a: Dondozo
|-damage|p1a: Dondozo|57/100
|
|-heal|p1a: Dondozo|63/100|[from] item: Leftovers
|upkeep
|turn|19
|
|t:|1769404287
|switch|p2a: Zamazenta|Zamazenta|57/100
|-damage|p2a: Zamazenta|51/100|[from] Stealth Rock
|move|p1a: Dondozo|Crunch|p2a: Zamazenta
|-resisted|p2a: Zamazenta
|-damage|p2a: Zamazenta|37/100
|
|-heal|p2a: Zamazenta|43/100|[from] item: Leftovers
|-heal|p1a: Dondozo|69/100|[from] item: Leftovers
|upkeep
|turn|20
|-message|luckyvender forfeited.
|
|win|pedr0h10_
|raw|pedr0h10_'s rating: 1120 &rarr; <strong>1149</strong><br />(+29 for winning)
|raw|luckyvender's rating: 1172 &rarr; <strong>1143</strong><br />(-29 for losing)
|l|☆luckyvender
|player|p2|
|l|☆pedr0h10_
|player|p1|
