|j|☆Eel56
|j|☆roddyj
|t:|1769321402
|gametype|singles
|player|p1|Eel56|2|1807
|player|p2|roddyj|ethan|1687
|gen|9
|tier|[Gen 9] OU
|rated|
|rule|HP Percentage Mod: HP is shown in percentages
|rule|Endless Battle Clause: Forcing endless battles is banned
|rule|Species Clause: Limit one of each Pokémon
|rule|OHKO Clause: OHKO moves are banned
|rule|Evasion Items Clause: Evasion items are banned
|rule|Evasion Moves Clause: Evasion moves are banned
|rule|Evasion Abilities Clause: Evasion abilities are banned
|rule|Sleep Moves Clause: Sleep-inducing moves are banned
|clearpoke
|poke|p1|Great Tusk|
|poke|p1|Pecharunt|
|poke|p1|Iron Valiant|
|poke|p1|Iron Crown|
|poke|p1|Samurott-Hisui, M|
|poke|p1|Dragonite, M|
|poke|p2|Dragapult, M|
|poke|p2|Iron Moth|
|poke|p2|Ogerpon-Wellspring, F|
|poke|p2|Blaziken, M|
|poke|p2|Corviknight, M|
|poke|p2|Incineroar, M|
|teampreview
|j| waldo is real
|inactive|Battle timer is ON: inactive players will automatically lose when time's up. (requested by roddyj)
|
|t:|1769321416
|teamsize|p1|6
|teamsize|p2|6
|start
|switch|p1a: Samurott|Samurott-Hisui, M, shiny|100/100
|switch|p2a: Incineroar|Incineroar, M, shiny|100/100
|-ability|p2a: Incineroar|Intimidate|boost
|-unboost|p1a: Samurott|atk|1
|turn|1
|
|t:|1769321421
|move|p1a: Samurott|Flip Turn|p2a: Incineroar
|-supereffective|p2a: Incineroar
|-damage|p2a: Incineroar|59/100
|
|t:|1769321423
|switch|p1a: Pecharunt|Pecharunt|100/100|[from] Flip Turn
|move|p2a: Incineroar|Will-O-Wisp|p1a: Pecharunt
|-status|p1a: Pecharunt|brn
|
|-damage|p1a: Pecharunt|94/100 brn|[from] brn
|upkeep
|turn|2
|
|t:|1769321436
|move|p1a: Pecharunt|Parting Shot|p2a: Incineroar
|-unboost|p2a: Incineroar|atk|1
|-unboost|p2a: Incineroar|spa|1
|
|t:|1769321440
|switch|p1a: Samurott|Samurott-Hisui, M, shiny|100/100|[from] Parting Shot
|move|p2a: Incineroar|Knock Off|p1a: Samurott
|-resisted|p1a: Samurott
|-damage|p1a: Samurott|85/100
|-enditem|p1a: Samurott|Black Glasses|[from] move: Knock Off|[of] p2a: Incineroar
|
|upkeep
|turn|3
|
|t:|1769321447
|switch|p2a: Corviknight|Corviknight, M, shiny|100/100
|-ability|p2a: Corviknight|Pressure
|move|p1a: Samurott|Flip Turn|p2a: Corviknight
|-damage|p2a: Corviknight|83/100
|
|t:|1769321453
|switch|p1a: Iron Crown|Iron Crown|100/100|[from] Flip Turn
|
|-heal|p2a: Corviknight|89/100|[from] item: Leftovers
|upkeep
|turn|4
|
|t:|1769321456
|switch|p2a: Incineroar|Incineroar, M, shiny|59/100
|-ability|p2a: Incineroar|Intimidate|boost
|-unboost|p1a: Iron Crown|atk|1
|move|p1a: Iron Crown|Volt Switch|p2a: Incineroar
|-damage|p2a: Incineroar|42/100
|
|t:|1769321459
|-end|p1a: Iron Crown|Quark Drive|[silent]
|switch|p1a: Samurott|Samurott-Hisui, M, shiny|85/100|[from] Volt Switch
|
|upkeep
|turn|5
|
|t:|1769321463
|switch|p2a: Corviknight|Corviknight, M, shiny|89/100
|-ability|p2a: Corviknight|Pressure
|move|p1a: Samurott|Flip Turn|p2a: Corviknight
|-damage|p2a: Corviknight|71/100
|
|t:|1769321465
|switch|p1a: Iron Crown|Iron Crown|100/100|[from] Flip Turn
|
|-heal|p2a: Corviknight|77/100|[from] item: Leftovers
|upkeep
|turn|6
|
|t:|1769321471
|move|p1a: Iron Crown|Psychic Noise|p2a: Corviknight
|-resisted|p2a: Corviknight
|-damage|p2a: Corviknight|58/100
|-start|p2a: Corviknight|move: Heal Block
|move|p2a: Corviknight|Body Press|p1a: Iron Crown
|-damage|p1a: Iron Crown|72/100
|
|upkeep
|turn|7
|
|t:|1769321478
|move|p1a: Iron Crown|Volt Switch|p2a: Corviknight
|-supereffective|p2a: Corviknight
|-damage|p2a: Corviknight|9/100
|
|t:|1769321480
|-end|p1a: Iron Crown|Quark Drive|[silent]
|switch|p1a: Pecharunt|Pecharunt|94/100 brn|[from] Volt Switch
|move|p2a: Corviknight|Body Press|p1a: Pecharunt
|-immune|p1a: Pecharunt
|
|-damage|p1a: Pecharunt|88/100 brn|[from] brn
|-end|p2a: Corviknight|move: Heal Block
|upkeep
|turn|8
|
|t:|1769321484
|move|p1a: Pecharunt|Shadow Ball|p2a: Corviknight
|-damage|p2a: Corviknight|0 fnt
|faint|p2a: Corviknight
|
|-damage|p1a: Pecharunt|82/100 brn|[from] brn
|upkeep
|
|t:|1769321501
|switch|p2a: Incineroar|Incineroar, M, shiny|42/100
|-ability|p2a: Incineroar|Intimidate|boost
|-unboost|p1a: Pecharunt|atk|1
|turn|9
|
|t:|1769321512
|move|p1a: Pecharunt|Parting Shot|p2a: Incineroar
|-unboost|p2a: Incineroar|atk|1
|-unboost|p2a: Incineroar|spa|1
|
|t:|1769321525
|switch|p1a: Samurott|Samurott-Hisui, M, shiny|85/100|[from] Parting Shot
|move|p2a: Incineroar|Will-O-Wisp|p1a: Samurott
|-status|p1a: Samurott|brn
|
|-damage|p1a: Samurott|78/100 brn|[from] brn
|upkeep
|turn|10
|
|t:|1769321532
|move|p1a: Samurott|Ceaseless Edge|p2a: Incineroar|[miss]
|-miss|p1a: Samurott|p2a: Incineroar
|move|p2a: Incineroar|Parting Shot|p1a: Samurott
|-unboost|p1a: Samurott|atk|1
|-unboost|p1a: Samurott|spa|1
|
|t:|1769321537
|switch|p2a: Dragapult|Dragapult, M, shiny|100/100|[from] Parting Shot
|
|-damage|p1a: Samurott|72/100 brn|[from] brn
|upkeep
|turn|11
|
|t:|1769321549
|switch|p1a: Iron Crown|Iron Crown|72/100
|move|p2a: Dragapult|Dragon Darts|p1a: Iron Crown
|-resisted|p1a: Iron Crown
|-damage|p1a: Iron Crown|52/100
|-anim|p2a: Dragapult|Dragon Darts|p1a: Iron Crown
|-resisted|p1a: Iron Crown
|-damage|p1a: Iron Crown|30/100
|
|upkeep
|turn|12
|
|t:|1769321557
|-end|p1a: Iron Crown|Quark Drive|[silent]
|switch|p1a: Pecharunt|Pecharunt|82/100 brn
|move|p2a: Dragapult|Dragon Darts|p1a: Pecharunt
|-damage|p1a: Pecharunt|63/100 brn
|-anim|p2a: Dragapult|Dragon Darts|p1a: Pecharunt
|-damage|p1a: Pecharunt|45/100 brn
|
|-damage|p1a: Pecharunt|39/100 brn|[from] brn
|upkeep
|turn|13
|
|t:|1769321567
|move|p2a: Dragapult|Dragon Darts|p1a: Pecharunt
|-damage|p1a: Pecharunt|20/100 brn
|-anim|p2a: Dragapult|Dragon Darts|p1a: Pecharunt
|-damage|p1a: Pecharunt|0 fnt
|faint|p1a: Pecharunt
|
|upkeep
|
|t:|1769321574
|switch|p1a: Iron Valiant|Iron Valiant, shiny|100/100
|turn|14
|
|t:|1769321581
|switch|p2a: Incineroar|Incineroar, M, shiny|42/100
|-ability|p2a: Incineroar|Intimidate|boost
|-unboost|p1a: Iron Valiant|atk|1
|move|p1a: Iron Valiant|Shadow Ball|p2a: Incineroar
|-resisted|p2a: Incineroar
|-damage|p2a: Incineroar|29/100
|
|upkeep
|turn|15
|
|t:|1769321588
|-end|p1a: Iron Valiant|Quark Drive|[silent]
|switch|p1a: Samurott|Samurott-Hisui, M, shiny|72/100 brn
|move|p2a: Incineroar|Parting Shot|p1a: Samurott
|-unboost|p1a: Samurott|atk|1
|-unboost|p1a: Samurott|spa|1
|
|t:|1769321593
|switch|p2a: Dragapult|Dragapult, M, shiny|100/100|[from] Parting Shot
|
|-damage|p1a: Samurott|66/100 brn|[from] brn
|upkeep
|turn|16
|
|t:|1769321601
|move|p2a: Dragapult|U-turn|p1a: Samurott
|-supereffective|p1a: Samurott
|-damage|p1a: Samurott|0 fnt
|faint|p1a: Samurott
|
|t:|1769321605
|switch|p2a: Ogerpon|Ogerpon-Wellspring, F|100/100|[from] U-turn
|
|upkeep
|
|t:|1769321615
|switch|p1a: Dragonite|Dragonite, M, shiny|100/100
|turn|17
|
|t:|1769321618
|switch|p2a: Incineroar|Incineroar, M, shiny|29/100
|-ability|p2a: Incineroar|Intimidate|boost
|-unboost|p1a: Dragonite|atk|1
|move|p1a: Dragonite|Dragon Dance|p1a: Dragonite
|-boost|p1a: Dragonite|atk|1
|-boost|p1a: Dragonite|spe|1
|
|upkeep
|turn|18
|
|t:|1769321625
|move|p1a: Dragonite|Earthquake|p2a: Incineroar
|-supereffective|p2a: Incineroar
|-damage|p2a: Incineroar|0 fnt
|faint|p2a: Incineroar
|
|upkeep
|
|t:|1769321632
|switch|p2a: Dragapult|Dragapult, M, shiny|100/100
|turn|19
|
|t:|1769321639
|switch|p1a: Iron Crown|Iron Crown|30/100
|move|p2a: Dragapult|Dragon Darts|p1a: Iron Crown
|-resisted|p1a: Iron Crown
|-damage|p1a: Iron Crown|7/100
|-anim|p2a: Dragapult|Dragon Darts|p1a: Iron Crown
|-resisted|p1a: Iron Crown
|-damage|p1a: Iron Crown|0 fnt
|faint|p1a: Iron Crown
|-end|p1a: Iron Crown|Quark Drive|[silent]
|
|upkeep
|
|t:|1769321642
|switch|p1a: Iron Valiant|Iron Valiant, shiny|100/100
|turn|20
|
|t:|1769321659
|switch|p2a: Iron Moth|Iron Moth|100/100
|-enditem|p2a: Iron Moth|Booster Energy
|-activate|p2a: Iron Moth|ability: Quark Drive|[fromitem]
|-start|p2a: Iron Moth|quarkdrivespa
|move|p1a: Iron Valiant|Shadow Ball|p2a: Iron Moth
|-damage|p2a: Iron Moth|57/100
|
|upkeep
|turn|21
|
|t:|1769321669
|-end|p1a: Iron Valiant|Quark Drive|[silent]
|switch|p1a: Great Tusk|Great Tusk, shiny|100/100
|move|p2a: Iron Moth|Sludge Wave|p1a: Great Tusk
|-resisted|p1a: Great Tusk
|-damage|p1a: Great Tusk|48/100
|
|upkeep
|turn|22
|
|t:|1769321674
|move|p2a: Iron Moth|Fiery Dance|p1a: Great Tusk
|-damage|p1a: Great Tusk|0 fnt
|-boost|p2a: Iron Moth|spa|1
|faint|p1a: Great Tusk
|-end|p1a: Great Tusk|Protosynthesis|[silent]
|
|upkeep
|
|t:|1769321675
|switch|p1a: Dragonite|Dragonite, M, shiny|100/100
|turn|23
|
|t:|1769321679
|move|p2a: Iron Moth|Sludge Wave|p1a: Dragonite
|-damage|p1a: Dragonite|48/100
|move|p1a: Dragonite|Dragon Dance|p1a: Dragonite
|-boost|p1a: Dragonite|atk|1
|-boost|p1a: Dragonite|spe|1
|
|upkeep
|turn|24
|
|t:|1769321684
|move|p1a: Dragonite|Earthquake|p2a: Iron Moth
|-supereffective|p2a: Iron Moth
|-damage|p2a: Iron Moth|0 fnt
|faint|p2a: Iron Moth
|-end|p2a: Iron Moth|Quark Drive|[silent]
|
|upkeep
|
|t:|1769321690
|switch|p2a: Ogerpon|Ogerpon-Wellspring, F|100/100
|turn|25
|
|t:|1769321694
|-terastallize|p1a: Dragonite|Flying
|move|p1a: Dragonite|Tera Blast|p2a: Ogerpon|[anim] Tera Blast Flying
|-supereffective|p2a: Ogerpon
|-damage|p2a: Ogerpon|0 fnt
|faint|p2a: Ogerpon
|
|upkeep
|
|t:|1769321706
|switch|p2a: Blaziken|Blaziken, M, shiny|100/100
|turn|26
|j| Ziiiii
|
|t:|1769321717
|move|p1a: Dragonite|Roost|p1a: Dragonite
|-heal|p1a: Dragonite|98/100
|-hint|If a Terastallized Pokemon uses Roost, it remains Flying-type.
|move|p2a: Blaziken|Swords Dance|p2a: Blaziken
|-boost|p2a: Blaziken|atk|2
|
|-ability|p2a: Blaziken|Speed Boost|boost
|-boost|p2a: Blaziken|spe|1
|upkeep
|turn|27
|
|t:|1769321729
|move|p1a: Dragonite|Tera Blast|p2a: Blaziken|[anim] Tera Blast Flying
|-supereffective|p2a: Blaziken
|-enditem|p2a: Blaziken|Focus Sash
|-damage|p2a: Blaziken|1/100
|move|p2a: Blaziken|Blaze Kick|p1a: Dragonite
|-damage|p1a: Dragonite|4/100
|
|-ability|p2a: Blaziken|Speed Boost|boost
|-boost|p2a: Blaziken|spe|1
|upkeep
|turn|28
|
|t:|1769321740
|move|p2a: Blaziken|Reversal|p1a: Dragonite
|-resisted|p1a: Dragonite
|-damage|p1a: Dragonite|0 fnt
|faint|p1a: Dragonite
|
|-ability|p2a: Blaziken|Speed Boost|boost
|-boost|p2a: Blaziken|spe|1
|upkeep
|
|t:|1769321741
|switch|p1a: Iron Valiant|Iron Valiant, shiny|100/100
|turn|29
|
|t:|1769321748
|-terastallize|p2a: Blaziken|Ghost
|move|p1a: Iron Valiant|Vacuum Wave|p2a: Blaziken
|-immune|p2a: Blaziken
|move|p2a: Blaziken|Reversal|p1a: Iron Valiant
|-resisted|p1a: Iron Valiant
|-damage|p1a: Iron Valiant|0 fnt
|faint|p1a: Iron Valiant
|-end|p1a: Iron Valiant|Quark Drive|[silent]
|
|win|roddyj
|raw|Eel56's rating: 1807 &rarr; <strong>1780</strong><br />(-27 for losing)
|raw|roddyj's rating: 1687 &rarr; <strong>1714</strong><br />(+27 for winning)
|l|☆Eel56
|player|p1|
|l|☆roddyj
|player|p2|
|l| Ziiiii
