|j|☆Playinhdisgaem4fun
|j|☆Shidoka14
|t:|1769424946
|gametype|singles
|player|p1|Playinhdisgaem4fun|maid-gen6|1333
|player|p2|Shidoka14|palmer|1313
|gen|9
|tier|[Gen 9] OU
|rated|
|rule|HP Percentage Mod: HP is shown in percentages
|rule|Endless Battle Clause: Forcing endless battles is banned
|rule|Species Clause: Limit one of each Pokémon
|rule|OHKO Clause: OHKO moves are banned
|rule|Evasion Items Clause: Evasion items are banned
|rule|Evasion Moves Clause: Evasion moves are banned
|rule|Evasion Abilities Clause: Evasion abilities are banned
|rule|Sleep Moves Clause: Sleep-inducing moves are banned
|clearpoke
|poke|p1|Great Tusk|
|poke|p1|Ting-Lu|
|poke|p1|Gholdengo|
|poke|p1|Raging Bolt|
|poke|p1|Ogerpon-Wellspring, F|
|poke|p1|Kingambit, M|
|poke|p2|Cinderace, F|
|poke|p2|Gengar, F|
|poke|p2|Kingambit, M|
|poke|p2|Clodsire, F|
|poke|p2|Corviknight, F|
|poke|p2|Latias, F|
|teampreview
|inactive|Battle timer is ON: inactive players will automatically lose when time's up. (requested by Playinhdisgaem4fun)
|
|t:|1769424961
|teamsize|p1|6
|teamsize|p2|6
|start
|switch|p1a: Great Tusk|Great Tusk|100/100
|switch|p2a: Griezman|Cinderace, F, shiny|100/100
|turn|1
|
|t:|1769424972
|switch|p2a: Metal Bird|Corviknight, F, shiny|100/100
|-ability|p2a: Metal Bird|Pressure
|move|p1a: Great Tusk|Knock Off|p2a: Metal Bird
|-damage|p2a: Metal Bird|83/100
|-damage|p1a: Great Tusk|84/100|[from] item: Rocky Helmet|[of] p2a: Metal Bird
|-enditem|p2a: Metal Bird|Rocky Helmet|[from] move: Knock Off|[of] p1a: Great Tusk
|
|upkeep
|turn|2
|inactive|Playinhdisgaem4fun has 120 seconds left.
|
|t:|1769425025
|-end|p1a: Great Tusk|Protosynthesis|[silent]
|switch|p1a: Raging Bolt|Raging Bolt|100/100
|move|p2a: Metal Bird|Brave Bird|p1a: Raging Bolt
|-resisted|p1a: Raging Bolt
|-damage|p1a: Raging Bolt|87/100
|-damage|p2a: Metal Bird|77/100|[from] Recoil
|
|upkeep
|turn|3
|
|t:|1769425039
|switch|p2a: Gooby|Clodsire, F, shiny|100/100
|move|p1a: Raging Bolt|Dragon Pulse|p2a: Gooby
|-damage|p2a: Gooby|69/100
|
|-heal|p2a: Gooby|75/100|[from] item: Leftovers
|upkeep
|turn|4
|
|t:|1769425049
|-end|p1a: Raging Bolt|Protosynthesis|[silent]
|switch|p1a: Gholdengo|Gholdengo|100/100
|-item|p1a: Gholdengo|Air Balloon
|move|p2a: Gooby|Toxic|p1a: Gholdengo
|-immune|p1a: Gholdengo|[from] ability: Good as Gold
|
|-heal|p2a: Gooby|81/100|[from] item: Leftovers
|upkeep
|turn|5
|
|t:|1769425067
|switch|p2a: Metal Bird|Corviknight, F, shiny|77/100
|-ability|p2a: Metal Bird|Pressure
|move|p1a: Gholdengo|Make It Rain|p2a: Metal Bird
|-resisted|p2a: Metal Bird
|-damage|p2a: Metal Bird|48/100
|-unboost|p1a: Gholdengo|spa|1
|
|upkeep
|turn|6
|
|t:|1769425086
|switch|p1a: Ting-Lu|Ting-Lu|100/100
|-ability|p1a: Ting-Lu|Vessel of Ruin
|move|p2a: Metal Bird|Roost|p2a: Metal Bird
|-heal|p2a: Metal Bird|98/100
|-singleturn|p2a: Metal Bird|move: Roost
|
|upkeep
|turn|7
|
|t:|1769425095
|move|p2a: Metal Bird|U-turn|p1a: Ting-Lu
|-supereffective|p1a: Ting-Lu
|-damage|p1a: Ting-Lu|85/100
|
|t:|1769425105
|switch|p2a: Griezman|Cinderace, F, shiny|100/100|[from] U-turn
|move|p1a: Ting-Lu|Ruination|p2a: Griezman
|-damage|p2a: Griezman|50/100
|
|-heal|p1a: Ting-Lu|91/100|[from] item: Leftovers
|upkeep
|turn|8
|inactive|Playinhdisgaem4fun has 120 seconds left.
|
|t:|1769425118
|switch|p1a: Great Tusk|Great Tusk|84/100
|move|p2a: Griezman|High Jump Kick|p1a: Great Tusk
|-start|p2a: Griezman|typechange|Fighting|[from] ability: Libero
|-crit|p1a: Great Tusk
|-damage|p1a: Great Tusk|38/100
|
|upkeep
|turn|9
|inactive|Playinhdisgaem4fun has 120 seconds left.
|
|t:|1769425134
|switch|p2a: Metal Bird|Corviknight, F, shiny|98/100
|-ability|p2a: Metal Bird|Pressure
|move|p1a: Great Tusk|Stealth Rock|p2a: Metal Bird
|-sidestart|p2: Shidoka14|move: Stealth Rock
|
|upkeep
|turn|10
|
|t:|1769425142
|-end|p1a: Great Tusk|Protosynthesis|[silent]
|switch|p1a: Gholdengo|Gholdengo|100/100
|-item|p1a: Gholdengo|Air Balloon
|move|p2a: Metal Bird|U-turn|p1a: Gholdengo
|-resisted|p1a: Gholdengo
|-damage|p1a: Gholdengo|96/100
|-enditem|p1a: Gholdengo|Air Balloon
|
|t:|1769425159
|switch|p2a: Griezman|Cinderace, F, shiny|50/100|[from] U-turn
|
|upkeep
|turn|11
|inactive|Playinhdisgaem4fun has 120 seconds left.
|
|t:|1769425184
|switch|p1a: Ogerpon|Ogerpon-Wellspring, F|100/100
|move|p2a: Griezman|Pyro Ball|p1a: Ogerpon
|-damage|p1a: Ogerpon|39/100
|-status|p1a: Ogerpon|brn
|
|-damage|p1a: Ogerpon|33/100 brn|[from] brn
|upkeep
|turn|12
|inactive|Playinhdisgaem4fun has 120 seconds left.
|c|☆Shidoka14|Wow
|
|t:|1769425208
|switch|p1a: Ting-Lu|Ting-Lu|91/100
|-ability|p1a: Ting-Lu|Vessel of Ruin
|move|p2a: Griezman|Pyro Ball|p1a: Ting-Lu
|-damage|p1a: Ting-Lu|59/100
|
|-heal|p1a: Ting-Lu|65/100|[from] item: Leftovers
|upkeep
|turn|13
|
|t:|1769425221
|move|p2a: Griezman|U-turn|p1a: Ting-Lu
|-start|p2a: Griezman|typechange|Bug|[from] ability: Libero
|-supereffective|p1a: Ting-Lu
|-damage|p1a: Ting-Lu|30/100
|
|t:|1769425234
|switch|p2a: Katerine|Latias, F, shiny|100/100|[from] U-turn
|-damage|p2a: Katerine|88/100|[from] Stealth Rock
|move|p1a: Ting-Lu|Whirlwind|p2a: Katerine
|drag|p2a: Metal Bird|Corviknight, F, shiny|98/100
|-damage|p2a: Metal Bird|86/100|[from] Stealth Rock
|-ability|p2a: Metal Bird|Pressure
|
|-heal|p1a: Ting-Lu|36/100|[from] item: Leftovers
|upkeep
|turn|14
|inactive|Playinhdisgaem4fun has 120 seconds left.
|
|t:|1769425248
|switch|p1a: Gholdengo|Gholdengo|96/100
|move|p2a: Metal Bird|Brave Bird|p1a: Gholdengo
|-resisted|p1a: Gholdengo
|-damage|p1a: Gholdengo|76/100
|-damage|p2a: Metal Bird|80/100|[from] Recoil
|
|upkeep
|turn|15
|
|t:|1769425258
|move|p1a: Gholdengo|Shadow Ball|p2a: Metal Bird
|-damage|p2a: Metal Bird|41/100
|move|p2a: Metal Bird|U-turn|p1a: Gholdengo
|-resisted|p1a: Gholdengo
|-damage|p1a: Gholdengo|72/100
|
|t:|1769425270
|switch|p2a: Paul McCartney|Gengar, F, shiny|100/100|[from] U-turn
|-damage|p2a: Paul McCartney|88/100|[from] Stealth Rock
|
|upkeep
|turn|16
|
|t:|1769425279
|switch|p1a: Ogerpon|Ogerpon-Wellspring, F|33/100 brn
|move|p2a: Paul McCartney|Shadow Ball|p1a: Ogerpon
|-damage|p1a: Ogerpon|0 fnt
|faint|p1a: Ogerpon
|
|upkeep
|
|t:|1769425286
|switch|p1a: Ting-Lu|Ting-Lu|36/100
|-ability|p1a: Ting-Lu|Vessel of Ruin
|turn|17
|
|t:|1769425300
|move|p2a: Paul McCartney|Dazzling Gleam|p1a: Ting-Lu
|-supereffective|p1a: Ting-Lu
|-damage|p1a: Ting-Lu|12/100
|move|p1a: Ting-Lu|Whirlwind|p2a: Paul McCartney
|drag|p2a: Gooby|Clodsire, F, shiny|81/100
|-damage|p2a: Gooby|75/100|[from] Stealth Rock
|
|-heal|p1a: Ting-Lu|18/100|[from] item: Leftovers
|-heal|p2a: Gooby|81/100|[from] item: Leftovers
|upkeep
|turn|18
|
|t:|1769425324
|move|p1a: Ting-Lu|Spikes|p2a: Gooby
|-sidestart|p2: Shidoka14|Spikes
|move|p2a: Gooby|Stealth Rock|p1a: Ting-Lu
|-sidestart|p1: Playinhdisgaem4fun|move: Stealth Rock
|
|-heal|p1a: Ting-Lu|24/100|[from] item: Leftovers
|-heal|p2a: Gooby|87/100|[from] item: Leftovers
|upkeep
|turn|19
|
|t:|1769425332
|switch|p1a: Gholdengo|Gholdengo|72/100
|-damage|p1a: Gholdengo|66/100|[from] Stealth Rock
|move|p2a: Gooby|Earthquake|p1a: Gholdengo
|-supereffective|p1a: Gholdengo
|-damage|p1a: Gholdengo|3/100
|
|-heal|p2a: Gooby|93/100|[from] item: Leftovers
|upkeep
|turn|20
|
|t:|1769425351
|switch|p1a: Great Tusk|Great Tusk|38/100
|move|p2a: Gooby|Earthquake|p1a: Great Tusk
|-damage|p1a: Great Tusk|24/100
|
|-heal|p2a: Gooby|99/100|[from] item: Leftovers
|upkeep
|turn|21
|
|t:|1769425363
|switch|p2a: Metal Bird|Corviknight, F, shiny|41/100
|-damage|p2a: Metal Bird|29/100|[from] Stealth Rock
|-ability|p2a: Metal Bird|Pressure
|move|p1a: Great Tusk|Earthquake|p2a: Metal Bird
|-immune|p2a: Metal Bird
|
|upkeep
|turn|22
|
|t:|1769425374
|move|p1a: Great Tusk|Rapid Spin|p2a: Metal Bird
|-resisted|p2a: Metal Bird
|-damage|p2a: Metal Bird|24/100
|-boost|p1a: Great Tusk|spe|1
|-sideend|p1: Playinhdisgaem4fun|Stealth Rock|[from] move: Rapid Spin|[of] p1a: Great Tusk
|move|p2a: Metal Bird|Roost|p2a: Metal Bird
|-heal|p2a: Metal Bird|74/100
|-singleturn|p2a: Metal Bird|move: Roost
|
|upkeep
|turn|23
|
|t:|1769425384
|-end|p1a: Great Tusk|Protosynthesis|[silent]
|switch|p1a: Raging Bolt|Raging Bolt|87/100
|move|p2a: Metal Bird|Brave Bird|p1a: Raging Bolt
|-resisted|p1a: Raging Bolt
|-damage|p1a: Raging Bolt|72/100
|-damage|p2a: Metal Bird|69/100|[from] Recoil
|
|upkeep
|turn|24
|
|t:|1769425406
|-end|p1a: Raging Bolt|Protosynthesis|[silent]
|switch|p1a: Ting-Lu|Ting-Lu|24/100
|-ability|p1a: Ting-Lu|Vessel of Ruin
|switch|p2a: Gooby|Clodsire, F, shiny|99/100
|-damage|p2a: Gooby|93/100|[from] Stealth Rock
|-damage|p2a: Gooby|81/100|[from] Spikes
|
|-heal|p1a: Ting-Lu|30/100|[from] item: Leftovers
|-heal|p2a: Gooby|87/100|[from] item: Leftovers
|upkeep
|turn|25
|inactive|Playinhdisgaem4fun has 120 seconds left.
|
|t:|1769425458
|switch|p2a: Griezman|Cinderace, F, shiny|50/100
|move|p1a: Ting-Lu|Ruination|p2a: Griezman
|-damage|p2a: Griezman|26/100
|
|-heal|p1a: Ting-Lu|36/100|[from] item: Leftovers
|upkeep
|turn|26
|inactive|Playinhdisgaem4fun has 90 seconds left.
|inactive|Playinhdisgaem4fun has 60 seconds left.
|
|t:|1769425513
|move|p2a: Griezman|Court Change|p2a: Griezman
|-start|p2a: Griezman|typechange|Normal|[from] ability: Libero
|-swapsideconditions
|-activate|p2a: Griezman|move: Court Change
|move|p1a: Ting-Lu|Earthquake|p2a: Griezman
|-damage|p2a: Griezman|0 fnt
|faint|p2a: Griezman
|
|-heal|p1a: Ting-Lu|43/100|[from] item: Leftovers
|upkeep
|inactive|Shidoka14 has 120 seconds left.
|
|t:|1769425532
|switch|p2a: Paul McCartney|Gengar, F, shiny|88/100
|turn|27
|
|t:|1769425540
|move|p2a: Paul McCartney|Destiny Bond|p2a: Paul McCartney
|-singlemove|p2a: Paul McCartney|Destiny Bond
|move|p1a: Ting-Lu|Earthquake|p2a: Paul McCartney
|-supereffective|p2a: Paul McCartney
|-damage|p2a: Paul McCartney|0 fnt
|-start|p1a: Ting-Lu|Disable|Earthquake|[from] ability: Cursed Body|[of] p2a: Paul McCartney
|faint|p2a: Paul McCartney
|-activate|p2a: Paul McCartney|move: Destiny Bond
|faint|p1a: Ting-Lu
|
|upkeep
|inactive|Playinhdisgaem4fun has 60 seconds left.
|inactive|Shidoka14 has 120 seconds left.
|
|t:|1769425561
|switch|p2a: Katerine|Latias, F, shiny|88/100
|switch|p1a: Raging Bolt|Raging Bolt|72/100
|-damage|p1a: Raging Bolt|60/100|[from] Stealth Rock
|-damage|p1a: Raging Bolt|47/100|[from] Spikes
|turn|28
|inactive|Shidoka14 has 120 seconds left.
|inactive|Playinhdisgaem4fun has 60 seconds left.
|
|t:|1769425586
|-end|p1a: Raging Bolt|Protosynthesis|[silent]
|switch|p1a: Gholdengo|Gholdengo|3/100
|-damage|p1a: Gholdengo|0 fnt|[from] Stealth Rock
|faint|p1a: Gholdengo
|move|p2a: Katerine|Ice Beam|p1: Gholdengo|[notarget]
|-fail|p2a: Katerine
|
|-heal|p2a: Katerine|94/100|[from] item: Leftovers
|upkeep
|inactive|Playinhdisgaem4fun has 30 seconds left.
|inactive|Playinhdisgaem4fun has 20 seconds left.
|inactive|Playinhdisgaem4fun has 15 seconds left.
|inactive|Playinhdisgaem4fun has 10 seconds left.
|
|t:|1769425640
|switch|p1a: Raging Bolt|Raging Bolt|47/100
|-damage|p1a: Raging Bolt|35/100|[from] Stealth Rock
|-damage|p1a: Raging Bolt|23/100|[from] Spikes
|turn|29
|inactive|Playinhdisgaem4fun has 20 seconds left this turn.
|inactive|Playinhdisgaem4fun has 15 seconds left.
|inactive|Playinhdisgaem4fun has 10 seconds left.
|
|t:|1769425655
|move|p2a: Katerine|Ice Beam|p1a: Raging Bolt
|-supereffective|p1a: Raging Bolt
|-damage|p1a: Raging Bolt|0 fnt
|faint|p1a: Raging Bolt
|-end|p1a: Raging Bolt|Protosynthesis|[silent]
|
|-heal|p2a: Katerine|99/100|[from] item: Leftovers
|upkeep
|inactive|Playinhdisgaem4fun has 15 seconds left this turn.
|
|t:|1769425657
|switch|p1a: Great Tusk|Great Tusk|24/100
|turn|30
|inactive|Playinhdisgaem4fun has 25 seconds left this turn.
|inactive|Shidoka14 has 120 seconds left.
|
|t:|1769425670
|move|p2a: Katerine|Ice Beam|p1a: Great Tusk
|-supereffective|p1a: Great Tusk
|-damage|p1a: Great Tusk|0 fnt
|faint|p1a: Great Tusk
|-end|p1a: Great Tusk|Protosynthesis|[silent]
|
|-heal|p2a: Katerine|100/100|[from] item: Leftovers
|upkeep
|inactive|Playinhdisgaem4fun has 30 seconds left this turn.
|
|t:|1769425672
|switch|p1a: Kingambit|Kingambit, M|100/100
|-damage|p1a: Kingambit|94/100|[from] Stealth Rock
|-damage|p1a: Kingambit|82/100|[from] Spikes
|-activate|p1a: Kingambit|ability: Supreme Overlord
|-start|p1a: Kingambit|fallen5|[silent]
|turn|31
|inactive|Playinhdisgaem4fun has 30 seconds left.
|inactive|Shidoka14 has 120 seconds left.
|inactive|Playinhdisgaem4fun has 20 seconds left.
|inactive|Playinhdisgaem4fun has 15 seconds left.
|inactive|Playinhdisgaem4fun has 10 seconds left.
|
|t:|1769425705
|-terastallize|p2a: Katerine|Fairy
|-terastallize|p1a: Kingambit|Dark
|move|p2a: Katerine|Ice Beam|p1a: Kingambit
|-damage|p1a: Kingambit|59/100
|move|p1a: Kingambit|Swords Dance|p1a: Kingambit
|-boost|p1a: Kingambit|atk|2
|
|upkeep
|turn|32
|inactive|Playinhdisgaem4fun has 20 seconds left this turn.
|inactive|Shidoka14 has 120 seconds left.
|
|t:|1769425716
|move|p2a: Katerine|Draco Meteor|p1a: Kingambit
|-damage|p1a: Kingambit|10/100
|-unboost|p2a: Katerine|spa|2
|move|p1a: Kingambit|Iron Head|p2a: Katerine
|-supereffective|p2a: Katerine
|-damage|p2a: Katerine|0 fnt
|faint|p2a: Katerine
|
|upkeep
|
|t:|1769425728
|switch|p2a: Metal Bird|Corviknight, F, shiny|69/100
|-ability|p2a: Metal Bird|Pressure
|turn|33
|inactive|Playinhdisgaem4fun has 30 seconds left.
|inactive|Playinhdisgaem4fun has 20 seconds left.
|
|t:|1769425747
|move|p1a: Kingambit|Sucker Punch|p2a: Metal Bird
|-damage|p2a: Metal Bird|0 fnt
|faint|p2a: Metal Bird
|
|upkeep
|inactive|Shidoka14 has 120 seconds left.
|
|t:|1769425761
|switch|p2a: Undyne|Kingambit, M, shiny|100/100
|-activate|p2a: Undyne|ability: Supreme Overlord
|-start|p2a: Undyne|fallen4|[silent]
|turn|34
|inactive|Playinhdisgaem4fun has 30 seconds left.
|inactive|Shidoka14 has 120 seconds left.
|
|t:|1769425770
|move|p2a: Undyne|Kowtow Cleave|p1a: Kingambit
|-resisted|p1a: Kingambit
|-damage|p1a: Kingambit|0 fnt
|faint|p1a: Kingambit
|-end|p1a: Kingambit|fallen5|[silent]
|
|win|Shidoka14
|raw|Playinhdisgaem4fun's rating: 1333 &rarr; <strong>1312</strong><br />(-21 for losing)
|raw|Shidoka14's rating: 1313 &rarr; <strong>1334</strong><br />(+21 for winning)
|c|☆Playinhdisgaem4fun|gg
|l|☆Playinhdisgaem4fun
|player|p1|
|c|☆Shidoka14|Gg
|l|☆Shidoka14
|player|p2|
