|j|☆Kanto's Finest
|j|☆Bobforce1
|t:|1769379167
|gametype|singles
|player|p1|Kanto's Finest|acetrainer-gen1rb|1284
|player|p2|Bobforce1|169|1323
|gen|9
|tier|[Gen 9] OU
|rated|
|rule|HP Percentage Mod: HP is shown in percentages
|rule|Endless Battle Clause: Forcing endless battles is banned
|rule|Species Clause: Limit one of each Pokémon
|rule|OHKO Clause: OHKO moves are banned
|rule|Evasion Items Clause: Evasion items are banned
|rule|Evasion Moves Clause: Evasion moves are banned
|rule|Evasion Abilities Clause: Evasion abilities are banned
|rule|Sleep Moves Clause: Sleep-inducing moves are banned
|clearpoke
|poke|p1|Pikachu, F|
|poke|p1|Hitmonlee, M|
|poke|p1|Exeggutor, F|
|poke|p1|Rhydon, M|
|poke|p1|Gengar, F|
|poke|p1|Gyarados, M|
|poke|p2|Glimmora, M|
|poke|p2|Hatterene, F|
|poke|p2|Porygon2|
|poke|p2|Ursaluna, M|
|poke|p2|Iron Hands|
|poke|p2|Volcanion|
|teampreview
|
|t:|1769379178
|teamsize|p1|6
|teamsize|p2|6
|start
|switch|p1a: Gyarados|Gyarados, M|100/100
|switch|p2a: Porygon2|Porygon2|100/100
|-ability|p2a: Porygon2|Download|boost
|-boost|p2a: Porygon2|atk|1
|turn|1
|
|t:|1769379186
|-terastallize|p1a: Gyarados|Dragon
|move|p1a: Gyarados|Scale Shot|p2a: Porygon2
|-damage|p2a: Porygon2|91/100
|-damage|p2a: Porygon2|81/100
|-damage|p2a: Porygon2|71/100
|-damage|p2a: Porygon2|61/100
|-damage|p2a: Porygon2|51/100
|-hitcount|p2a: Porygon2|5
|-unboost|p1a: Gyarados|def|1
|-boost|p1a: Gyarados|spe|1
|move|p2a: Porygon2|Trick Room|p2a: Porygon2
|-fieldstart|move: Trick Room|[of] p2a: Porygon2
|
|upkeep
|turn|2
|
|t:|1769379210
|switch|p2a: Hatterene|Hatterene, F|100/100
|move|p1a: Gyarados|Scale Shot|p2a: Hatterene
|-immune|p2a: Hatterene
|
|upkeep
|turn|3
|
|t:|1769379220
|switch|p1a: Exeggutor|Exeggutor, F|100/100
|move|p2a: Hatterene|Dazzling Gleam|p1a: Exeggutor
|-crit|p1a: Exeggutor
|-damage|p1a: Exeggutor|20/100
|-enditem|p1a: Exeggutor|Sitrus Berry|[eat]
|-heal|p1a: Exeggutor|45/100|[from] item: Sitrus Berry
|
|-item|p1a: Exeggutor|Sitrus Berry|[from] ability: Harvest
|upkeep
|-enditem|p1a: Exeggutor|Sitrus Berry|[eat]
|-heal|p1a: Exeggutor|70/100|[from] item: Sitrus Berry
|turn|4
|
|t:|1769379234
|move|p2a: Hatterene|Dazzling Gleam|p1a: Exeggutor
|-damage|p1a: Exeggutor|17/100
|move|p1a: Exeggutor|Calm Mind|p1a: Exeggutor
|-boost|p1a: Exeggutor|spa|1
|-boost|p1a: Exeggutor|spd|1
|
|upkeep
|turn|5
|
|t:|1769379242
|switch|p1a: Gengar|Gengar, F|100/100
|move|p2a: Hatterene|Psychic Noise|p1a: Gengar
|-supereffective|p1a: Gengar
|-enditem|p1a: Gengar|Focus Sash
|-damage|p1a: Gengar|1/100
|-start|p1a: Gengar|move: Heal Block
|
|-fieldend|move: Trick Room
|upkeep
|turn|6
|
|t:|1769379264
|switch|p2a: Glimmora|Glimmora, M|100/100
|move|p1a: Gengar|Shadow Ball|p2a: Glimmora
|-damage|p2a: Glimmora|53/100
|
|-end|p1a: Gengar|move: Heal Block
|upkeep
|turn|7
|
|t:|1769379280
|move|p1a: Gengar|Shadow Ball|p2a: Glimmora
|-damage|p2a: Glimmora|6/100
|move|p2a: Glimmora|Mortal Spin|p1a: Gengar
|-resisted|p1a: Gengar
|-damage|p1a: Gengar|0 fnt
|faint|p1a: Gengar
|
|upkeep
|
|t:|1769379285
|switch|p1a: Gyarados|Gyarados, M, tera:Dragon|100/100
|turn|8
|
|t:|1769379290
|switch|p2a: Hatterene|Hatterene, F|100/100
|move|p1a: Gyarados|Waterfall|p2a: Hatterene
|-damage|p2a: Hatterene|52/100
|
|upkeep
|turn|9
|
|t:|1769379301
|move|p1a: Gyarados|Waterfall|p2a: Hatterene
|-damage|p2a: Hatterene|1/100
|move|p2a: Hatterene|Trick Room|p2a: Hatterene
|-fieldstart|move: Trick Room|[of] p2a: Hatterene
|
|upkeep
|turn|10
|
|t:|1769379316
|switch|p1a: Exeggutor|Exeggutor, F|17/100
|move|p2a: Hatterene|Healing Wish|p2a: Hatterene
|faint|p2a: Hatterene
|
|upkeep
|inactive|Battle timer is ON: inactive players will automatically lose when time's up. (requested by Kanto's Finest)
|
|t:|1769379329
|switch|p2a: Ursaluna|Ursaluna, M|100/100
|turn|11
|
|t:|1769379336
|move|p2a: Ursaluna|Facade|p1a: Exeggutor
|-damage|p1a: Exeggutor|0 fnt
|faint|p1a: Exeggutor
|
|-status|p2a: Ursaluna|brn|[from] item: Flame Orb
|upkeep
|
|t:|1769379342
|switch|p1a: Rhydon|Rhydon, M, shiny|100/100
|turn|12
|
|t:|1769379348
|move|p1a: Rhydon|Earthquake|p2a: Ursaluna
|-damage|p2a: Ursaluna|63/100 brn
|move|p2a: Ursaluna|Headlong Rush|p1a: Rhydon
|-supereffective|p1a: Rhydon
|-damage|p1a: Rhydon|10/100
|-unboost|p2a: Ursaluna|def|1
|-unboost|p2a: Ursaluna|spd|1
|
|-damage|p2a: Ursaluna|57/100 brn|[from] brn
|upkeep
|turn|13
|
|t:|1769379368
|move|p2a: Ursaluna|Protect|p2a: Ursaluna
|-singleturn|p2a: Ursaluna|Protect
|move|p1a: Rhydon|Earthquake|p2a: Ursaluna
|-activate|p2a: Ursaluna|move: Protect
|
|-damage|p2a: Ursaluna|51/100 brn|[from] brn
|-fieldend|move: Trick Room
|upkeep
|turn|14
|
|t:|1769379385
|switch|p1a: Gyarados|Gyarados, M, tera:Dragon|100/100
|move|p2a: Ursaluna|Facade|p1a: Gyarados
|-damage|p1a: Gyarados|0 fnt
|faint|p1a: Gyarados
|
|-damage|p2a: Ursaluna|45/100 brn|[from] brn
|upkeep
|
|t:|1769379388
|switch|p1a: Pikachu|Pikachu, F|100/100
|turn|15
|
|t:|1769379408
|switch|p2a: Glimmora|Glimmora, M|6/100
|-heal|p2a: Glimmora|100/100|[from] move: Healing Wish
|move|p1a: Pikachu|Dig||[still]
|-prepare|p1a: Pikachu|Dig
|
|upkeep
|turn|16
|inactive|Bobforce1 has 120 seconds left.
|
|t:|1769379436
|-terastallize|p2a: Glimmora|Ghost
|move|p1a: Pikachu|Dig|p2a: Glimmora|[from] lockedmove
|-damage|p2a: Glimmora|68/100
|-activate|p2a: Glimmora|ability: Toxic Debris
|-sidestart|p1: Kanto's Finest|move: Toxic Spikes
|move|p2a: Glimmora|Energy Ball|p1a: Pikachu
|-damage|p1a: Pikachu|5/100
|-unboost|p1a: Pikachu|spd|1
|
|upkeep
|turn|17
|inactive|Bobforce1 has 120 seconds left.
|
|t:|1769379448
|move|p1a: Pikachu|Volt Tackle|p2a: Glimmora
|-damage|p2a: Glimmora|0 fnt
|-activate|p2a: Glimmora|ability: Toxic Debris
|-sidestart|p1: Kanto's Finest|move: Toxic Spikes
|faint|p2a: Glimmora
|-damage|p1a: Pikachu|0 fnt|[from] Recoil
|faint|p1a: Pikachu
|
|upkeep
|inactive|Bobforce1 has 120 seconds left.
|inactive|Kanto's Finest has 120 seconds left.
|l|☆Kanto's Finest
|inactive|Kanto's Finest disconnected and has a minute to reconnect!
|player|p1|
|j|☆Kanto's Finest
|inactive|Kanto's Finest reconnected and has 95 seconds left.
|player|p1|Kanto's Finest|acetrainer-gen1rb|
|inactive|Kanto's Finest has 90 seconds left.
|
|t:|1769379509
|switch|p1a: Rhydon|Rhydon, M, shiny|10/100
|switch|p2a: Porygon2|Porygon2|51/100
|-ability|p2a: Porygon2|Download|boost
|-boost|p2a: Porygon2|spa|1
|-status|p1a: Rhydon|tox
|turn|18
|
|t:|1769379517
|move|p1a: Rhydon|Earthquake|p2a: Porygon2
|-damage|p2a: Porygon2|11/100
|move|p2a: Porygon2|Trick Room|p2a: Porygon2
|-fieldstart|move: Trick Room|[of] p2a: Porygon2
|
|-damage|p1a: Rhydon|4/100 tox|[from] psn
|upkeep
|turn|19
|inactive|Kanto's Finest has 90 seconds left.
|
|t:|1769379541
|move|p1a: Rhydon|Stealth Rock|p2a: Porygon2
|-sidestart|p2: Bobforce1|move: Stealth Rock
|move|p2a: Porygon2|Ice Beam|p1a: Rhydon
|-supereffective|p1a: Rhydon
|-damage|p1a: Rhydon|0 fnt
|faint|p1a: Rhydon
|
|upkeep
|inactive|Kanto's Finest has 90 seconds left.
|
|t:|1769379549
|switch|p1a: Hitmonlee|Hitmonlee, M|100/100
|-status|p1a: Hitmonlee|tox
|turn|20
|-message|Kanto's Finest forfeited.
|
|win|Bobforce1
|raw|Kanto&apos;s Finest's rating: 1284 &rarr; <strong>1262</strong><br />(-22 for losing)
|raw|Bobforce1's rating: 1323 &rarr; <strong>1341</strong><br />(+18 for winning)
|l|☆Kanto's Finest
|player|p1|
|l|☆Bobforce1
|player|p2|
