|j|☆waha8
|j|☆tmchina
|t:|1769408051
|gametype|singles
|player|p1|waha8|265|1509
|player|p2|tmchina|169|1558
|gen|9
|tier|[Gen 9] OU
|rated|
|rule|HP Percentage Mod: HP is shown in percentages
|rule|Endless Battle Clause: Forcing endless battles is banned
|rule|Species Clause: Limit one of each Pokémon
|rule|OHKO Clause: OHKO moves are banned
|rule|Evasion Items Clause: Evasion items are banned
|rule|Evasion Moves Clause: Evasion moves are banned
|rule|Evasion Abilities Clause: Evasion abilities are banned
|rule|Sleep Moves Clause: Sleep-inducing moves are banned
|clearpoke
|poke|p1|Garchomp, F|
|poke|p1|Skeledirge, M|
|poke|p1|Ogerpon-Wellspring, F|
|poke|p1|Gholdengo|
|poke|p1|Cinderace, M|
|poke|p1|Ribombee, M|
|poke|p2|Kyurem|
|poke|p2|Gholdengo|
|poke|p2|Crawdaunt, F|
|poke|p2|Corviknight, F|
|poke|p2|Dragonite, F|
|poke|p2|Ribombee, F|
|teampreview
|inactive|Battle timer is ON: inactive players will automatically lose when time's up. (requested by waha8)
|
|t:|1769408087
|teamsize|p1|6
|teamsize|p2|6
|start
|switch|p1a: ReverseUNO|Cinderace, M|100/100
|switch|p2a: Ribombee|Ribombee, F|100/100
|turn|1
|
|t:|1769408092
|move|p2a: Ribombee|Stun Spore|p1a: ReverseUNO
|-status|p1a: ReverseUNO|par
|move|p1a: ReverseUNO|Pyro Ball|p2a: Ribombee
|-supereffective|p2a: Ribombee
|-enditem|p2a: Ribombee|Focus Sash
|-damage|p2a: Ribombee|1/100
|
|upkeep
|turn|2
|
|t:|1769408102
|switch|p1a: Mavis|Ribombee, M|100/100
|move|p2a: Ribombee|Tailwind|p2a: Ribombee
|-sidestart|p2: tmchina|move: Tailwind
|
|upkeep
|turn|3
|
|t:|1769408109
|move|p2a: Ribombee|Moonblast|p1a: Mavis
|-damage|p1a: Mavis|48/100
|move|p1a: Mavis|Trick|p2a: Ribombee
|-activate|p1a: Mavis|move: Trick|[of] p2a: Ribombee
|-item|p2a: Ribombee|Choice Scarf|[from] move: Trick
|-enditem|p1a: Mavis|Choice Scarf|[silent]|[from] move: Trick
|
|upkeep
|turn|4
|
|t:|1769408119
|switch|p1a: YouDidWhatNow?|Skeledirge, M|100/100
|move|p2a: Ribombee|Moonblast|p1a: YouDidWhatNow?
|-resisted|p1a: YouDidWhatNow?
|-damage|p1a: YouDidWhatNow?|84/100
|
|-heal|p1a: YouDidWhatNow?|91/100|[from] item: Leftovers
|upkeep
|turn|5
|
|t:|1769408145
|move|p2a: Ribombee|Moonblast|p1a: YouDidWhatNow?
|-resisted|p1a: YouDidWhatNow?
|-damage|p1a: YouDidWhatNow?|74/100
|move|p1a: YouDidWhatNow?|Torch Song|p2a: Ribombee
|-supereffective|p2a: Ribombee
|-damage|p2a: Ribombee|0 fnt
|-boost|p1a: YouDidWhatNow?|spa|1
|faint|p2a: Ribombee
|
|-heal|p1a: YouDidWhatNow?|81/100|[from] item: Leftovers
|-sideend|p2: tmchina|move: Tailwind
|upkeep
|inactive|tmchina has 120 seconds left.
|
|t:|1769408158
|switch|p2a: Crawdaunt|Crawdaunt, F|100/100
|turn|6
|
|t:|1769408162
|-terastallize|p1a: YouDidWhatNow?|Fairy
|move|p2a: Crawdaunt|Crabhammer|p1a: YouDidWhatNow?
|-damage|p1a: YouDidWhatNow?|28/100
|-damage|p2a: Crawdaunt|91/100|[from] item: Life Orb
|move|p1a: YouDidWhatNow?|Will-O-Wisp|p2a: Crawdaunt
|-status|p2a: Crawdaunt|brn
|
|-heal|p1a: YouDidWhatNow?|34/100|[from] item: Leftovers
|-damage|p2a: Crawdaunt|85/100 brn|[from] brn
|upkeep
|turn|7
|
|t:|1769408172
|switch|p1a: Orochimaru|Ogerpon-Wellspring, F|100/100
|move|p2a: Crawdaunt|Crabhammer|p1a: Orochimaru
|-immune|p1a: Orochimaru|[from] ability: Water Absorb
|
|-damage|p2a: Crawdaunt|79/100 brn|[from] brn
|upkeep
|turn|8
|
|t:|1769408184
|move|p1a: Orochimaru|Wood Hammer|p2a: Crawdaunt
|-supereffective|p2a: Crawdaunt
|-damage|p2a: Crawdaunt|0 fnt
|faint|p2a: Crawdaunt
|-damage|p1a: Orochimaru|78/100|[from] Recoil
|
|upkeep
|
|t:|1769408188
|switch|p2a: Corviknight|Corviknight, F|100/100
|-ability|p2a: Corviknight|Pressure
|turn|9
|
|t:|1769408192
|switch|p1a: KeepTheChange|Gholdengo|100/100
|move|p2a: Corviknight|U-turn|p1a: KeepTheChange
|-resisted|p1a: KeepTheChange
|-damage|p1a: KeepTheChange|97/100
|
|t:|1769408197
|switch|p2a: Gholdengo|Gholdengo|100/100|[from] U-turn
|-item|p2a: Gholdengo|Air Balloon
|
|upkeep
|turn|10
|
|t:|1769408214
|move|p2a: Gholdengo|Shadow Ball|p1a: KeepTheChange
|-supereffective|p1a: KeepTheChange
|-damage|p1a: KeepTheChange|0 fnt
|faint|p1a: KeepTheChange
|
|upkeep
|
|t:|1769408222
|switch|p1a: ReverseUNO|Cinderace, M|100/100 par
|turn|11
|
|t:|1769408233
|-terastallize|p2a: Gholdengo|Fairy
|move|p2a: Gholdengo|Shadow Ball|p1a: ReverseUNO
|-damage|p1a: ReverseUNO|41/100 par
|move|p1a: ReverseUNO|Pyro Ball|p2a: Gholdengo
|-damage|p2a: Gholdengo|33/100
|-enditem|p2a: Gholdengo|Air Balloon
|
|upkeep
|turn|12
|
|t:|1769408242
|move|p2a: Gholdengo|Shadow Ball|p1a: ReverseUNO
|-damage|p1a: ReverseUNO|0 fnt
|faint|p1a: ReverseUNO
|
|upkeep
|
|t:|1769408253
|switch|p1a: Mavis|Ribombee, M|48/100
|turn|13
|
|t:|1769408258
|move|p1a: Mavis|Moonblast|p2a: Gholdengo
|-crit|p2a: Gholdengo
|-damage|p2a: Gholdengo|0 fnt
|faint|p2a: Gholdengo
|
|upkeep
|
|t:|1769408266
|switch|p2a: Dragonite|Dragonite, F|100/100
|turn|14
|
|t:|1769408272
|move|p2a: Dragonite|Extreme Speed|p1a: Mavis
|-damage|p1a: Mavis|0 fnt
|faint|p1a: Mavis
|
|upkeep
|
|t:|1769408276
|switch|p1a: YouDidWhatNow?|Skeledirge, M, tera:Fairy|34/100
|turn|15
|
|t:|1769408292
|move|p2a: Dragonite|Earthquake|p1a: YouDidWhatNow?
|-damage|p1a: YouDidWhatNow?|11/100
|move|p1a: YouDidWhatNow?|Will-O-Wisp|p2a: Dragonite
|-status|p2a: Dragonite|brn
|
|-heal|p1a: YouDidWhatNow?|17/100|[from] item: Leftovers
|-damage|p2a: Dragonite|94/100 brn|[from] brn
|upkeep
|turn|16
|
|t:|1769408304
|switch|p2a: Kyurem|Kyurem|100/100
|-ability|p2a: Kyurem|Pressure
|move|p1a: YouDidWhatNow?|Hex|p2a: Kyurem
|-damage|p2a: Kyurem|77/100
|
|-heal|p1a: YouDidWhatNow?|23/100|[from] item: Leftovers
|upkeep
|turn|17
|
|t:|1769408319
|move|p2a: Kyurem|Ice Beam|p1a: YouDidWhatNow?
|-damage|p1a: YouDidWhatNow?|0 fnt
|faint|p1a: YouDidWhatNow?
|
|upkeep
|
|t:|1769408323
|switch|p1a: Orochimaru|Ogerpon-Wellspring, F|78/100
|turn|18
|
|t:|1769408329
|move|p1a: Orochimaru|Trailblaze|p2a: Kyurem
|-resisted|p2a: Kyurem
|-damage|p2a: Kyurem|62/100
|-boost|p1a: Orochimaru|spe|1
|move|p2a: Kyurem|Ice Beam|p1a: Orochimaru
|-damage|p1a: Orochimaru|0 fnt
|faint|p1a: Orochimaru
|
|upkeep
|
|t:|1769408337
|switch|p1a: RunJollyChomp|Garchomp, F|100/100
|turn|19
|
|t:|1769408339
|move|p2a: Kyurem|Ice Beam|p1a: RunJollyChomp
|-supereffective|p1a: RunJollyChomp
|-damage|p1a: RunJollyChomp|0 fnt
|faint|p1a: RunJollyChomp
|
|win|tmchina
|raw|waha8's rating: 1509 &rarr; <strong>1492</strong><br />(-17 for losing)
|raw|tmchina's rating: 1558 &rarr; <strong>1575</strong><br />(+17 for winning)
|c|☆tmchina|gg
|c|☆waha8|gg
|l|☆waha8
|player|p1|
|l|☆tmchina
|player|p2|
