|j|☆newbytho
|j|☆Cheese_contest
|t:|1769370960
|gametype|singles
|player|p1|newbytho|1|1635
|player|p2|Cheese_contest|colress|1613
|gen|9
|tier|[Gen 9] OU
|rated|
|rule|HP Percentage Mod: HP is shown in percentages
|rule|Endless Battle Clause: Forcing endless battles is banned
|rule|Species Clause: Limit one of each Pokémon
|rule|OHKO Clause: OHKO moves are banned
|rule|Evasion Items Clause: Evasion items are banned
|rule|Evasion Moves Clause: Evasion moves are banned
|rule|Evasion Abilities Clause: Evasion abilities are banned
|rule|Sleep Moves Clause: Sleep-inducing moves are banned
|clearpoke
|poke|p1|Pecharunt|
|poke|p1|Zapdos|
|poke|p1|Ting-Lu|
|poke|p1|Great Tusk|
|poke|p1|Slowking-Galar, F|
|poke|p1|Kingambit, M|
|poke|p2|Pelipper, F|
|poke|p2|Ogerpon-Wellspring, F|
|poke|p2|Kingdra, M|
|poke|p2|Thundurus-Therian, M|
|poke|p2|Great Tusk|
|poke|p2|Kingambit, M|
|teampreview
|inactive|Battle timer is ON: inactive players will automatically lose when time's up. (requested by Cheese_contest)
|
|t:|1769370968
|teamsize|p1|6
|teamsize|p2|6
|start
|switch|p1a: Zapdos|Zapdos|100/100
|switch|p2a: Pelipper|Pelipper, F|100/100
|-weather|RainDance|[from] ability: Drizzle|[of] p2a: Pelipper
|turn|1
|
|t:|1769370971
|switch|p2a: Thundurus|Thundurus-Therian, M|100/100
|move|p1a: Zapdos|Volt Switch|p2a: Thundurus
|-immune|p2a: Thundurus|[from] ability: Volt Absorb
|
|-weather|RainDance|[upkeep]
|upkeep
|turn|2
|
|t:|1769370977
|switch|p1a: Slowking|Slowking-Galar, F|100/100
|move|p2a: Thundurus|Weather Ball|p1a: Slowking
|-damage|p1a: Slowking|73/100
|
|-weather|RainDance|[upkeep]
|upkeep
|turn|3
|
|t:|1769370983
|move|p2a: Thundurus|Weather Ball|p1a: Slowking
|-damage|p1a: Slowking|46/100
|move|p1a: Slowking|Flamethrower|p2a: Thundurus
|-damage|p2a: Thundurus|82/100
|
|-weather|RainDance|[upkeep]
|upkeep
|turn|4
|
|t:|1769370986
|move|p2a: Thundurus|Weather Ball|p1a: Slowking
|-damage|p1a: Slowking|18/100
|move|p1a: Slowking|Sludge Bomb|p2a: Thundurus
|-damage|p2a: Thundurus|26/100
|
|-weather|RainDance|[upkeep]
|upkeep
|turn|5
|
|t:|1769370995
|switch|p1a: Ting-Lu|Ting-Lu|100/100
|-ability|p1a: Ting-Lu|Vessel of Ruin
|move|p2a: Thundurus|Weather Ball|p1a: Ting-Lu
|-supereffective|p1a: Ting-Lu
|-damage|p1a: Ting-Lu|49/100
|
|-weather|RainDance|[upkeep]
|-heal|p1a: Ting-Lu|55/100|[from] item: Leftovers
|upkeep
|turn|6
|
|t:|1769370999
|move|p2a: Thundurus|Weather Ball|p1a: Ting-Lu
|-supereffective|p1a: Ting-Lu
|-damage|p1a: Ting-Lu|7/100
|move|p1a: Ting-Lu|Stealth Rock|p2a: Thundurus
|-sidestart|p2: Cheese_contest|move: Stealth Rock
|
|-weather|RainDance|[upkeep]
|-heal|p1a: Ting-Lu|13/100|[from] item: Leftovers
|upkeep
|turn|7
|
|t:|1769371006
|move|p2a: Thundurus|Weather Ball|p1a: Ting-Lu
|-supereffective|p1a: Ting-Lu
|-damage|p1a: Ting-Lu|0 fnt
|faint|p1a: Ting-Lu
|
|-weather|RainDance|[upkeep]
|upkeep
|
|t:|1769371016
|switch|p1a: Kingambit|Kingambit, M|100/100
|-activate|p1a: Kingambit|ability: Supreme Overlord
|-start|p1a: Kingambit|fallen1|[silent]
|turn|8
|
|t:|1769371020
|move|p1a: Kingambit|Sucker Punch|p2a: Thundurus
|-damage|p2a: Thundurus|0 fnt
|faint|p2a: Thundurus
|
|-weather|none
|upkeep
|
|t:|1769371022
|switch|p2a: Great Tusk|Great Tusk|100/100
|-damage|p2a: Great Tusk|98/100|[from] Stealth Rock
|-enditem|p2a: Great Tusk|Booster Energy
|-activate|p2a: Great Tusk|ability: Protosynthesis|[fromitem]
|-start|p2a: Great Tusk|protosynthesisspe
|turn|9
|
|t:|1769371030
|-end|p1a: Kingambit|fallen1|[silent]
|switch|p1a: Pecharunt|Pecharunt|100/100
|move|p2a: Great Tusk|Headlong Rush|p1a: Pecharunt
|-supereffective|p1a: Pecharunt
|-damage|p1a: Pecharunt|54/100
|-unboost|p2a: Great Tusk|def|1
|-unboost|p2a: Great Tusk|spd|1
|
|upkeep
|turn|10
|
|t:|1769371037
|move|p2a: Great Tusk|Stealth Rock|p1a: Pecharunt
|-sidestart|p1: newbytho|move: Stealth Rock
|move|p1a: Pecharunt|Recover|p1a: Pecharunt
|-heal|p1a: Pecharunt|100/100
|
|upkeep
|turn|11
|
|t:|1769371041
|-end|p2a: Great Tusk|Protosynthesis|[silent]
|switch|p2a: Pelipper|Pelipper, F|100/100
|-damage|p2a: Pelipper|76/100|[from] Stealth Rock
|-weather|RainDance|[from] ability: Drizzle|[of] p2a: Pelipper
|move|p1a: Pecharunt|Malignant Chain|p2a: Pelipper
|-damage|p2a: Pelipper|32/100
|-status|p2a: Pelipper|tox
|-start|p2a: Pelipper|confusion|[from] ability: Poison Puppeteer|[of] p1a: Pecharunt
|
|-weather|RainDance|[upkeep]
|-damage|p2a: Pelipper|26/100 tox|[from] psn
|upkeep
|turn|12
|
|t:|1769371054
|switch|p1a: Slowking|Slowking-Galar, F|51/100
|-damage|p1a: Slowking|38/100|[from] Stealth Rock
|-activate|p2a: Pelipper|confusion
|move|p2a: Pelipper|U-turn|p1a: Slowking
|-damage|p1a: Slowking|29/100
|
|t:|1769371061
|switch|p2a: Kingdra|Kingdra, M|100/100|[from] U-turn
|-damage|p2a: Kingdra|88/100|[from] Stealth Rock
|
|-weather|RainDance|[upkeep]
|upkeep
|turn|13
|inactive|newbytho has 120 seconds left.
|
|t:|1769371119
|move|p2a: Kingdra|Weather Ball|p1a: Slowking
|-damage|p1a: Slowking|0 fnt
|faint|p1a: Slowking
|-damage|p2a: Kingdra|78/100|[from] item: Life Orb
|
|-weather|RainDance|[upkeep]
|upkeep
|inactive|newbytho has 90 seconds left.
|
|t:|1769371139
|switch|p1a: Kingambit|Kingambit, M|100/100
|-damage|p1a: Kingambit|94/100|[from] Stealth Rock
|-activate|p1a: Kingambit|ability: Supreme Overlord
|-start|p1a: Kingambit|fallen2|[silent]
|turn|14
|
|t:|1769371142
|switch|p2a: Great Tusk|Great Tusk|98/100
|-damage|p2a: Great Tusk|95/100|[from] Stealth Rock
|move|p1a: Kingambit|Iron Head|p2a: Great Tusk
|-damage|p2a: Great Tusk|58/100
|
|-weather|RainDance|[upkeep]
|-heal|p1a: Kingambit|100/100|[from] item: Leftovers
|upkeep
|turn|15
|
|t:|1769371151
|-end|p1a: Kingambit|fallen2|[silent]
|switch|p1a: Pecharunt|Pecharunt|100/100
|-damage|p1a: Pecharunt|88/100|[from] Stealth Rock
|move|p2a: Great Tusk|Headlong Rush|p1a: Pecharunt
|-supereffective|p1a: Pecharunt
|-damage|p1a: Pecharunt|41/100
|-unboost|p2a: Great Tusk|def|1
|-unboost|p2a: Great Tusk|spd|1
|
|-weather|RainDance|[upkeep]
|upkeep
|turn|16
|
|t:|1769371170
|-end|p2a: Great Tusk|Protosynthesis|[silent]
|switch|p2a: Kingdra|Kingdra, M|78/100
|-damage|p2a: Kingdra|66/100|[from] Stealth Rock
|-terastallize|p1a: Pecharunt|Ghost
|move|p1a: Pecharunt|Recover|p1a: Pecharunt
|-heal|p1a: Pecharunt|91/100
|
|-weather|RainDance|[upkeep]
|upkeep
|turn|17
|inactive|newbytho has 90 seconds left.
|
|t:|1769371192
|switch|p1a: Zapdos|Zapdos|100/100
|move|p2a: Kingdra|Weather Ball|p1a: Zapdos
|-damage|p1a: Zapdos|12/100
|-damage|p2a: Kingdra|56/100|[from] item: Life Orb
|
|-weather|RainDance|[upkeep]
|upkeep
|turn|18
|inactive|newbytho has 90 seconds left.
|
|t:|1769371200
|move|p2a: Kingdra|Weather Ball|p1a: Zapdos
|-damage|p1a: Zapdos|0 fnt
|faint|p1a: Zapdos
|-damage|p2a: Kingdra|46/100|[from] item: Life Orb
|
|-weather|none
|upkeep
|inactive|newbytho has 90 seconds left.
|
|t:|1769371211
|switch|p1a: Kingambit|Kingambit, M|100/100
|-damage|p1a: Kingambit|94/100|[from] Stealth Rock
|-activate|p1a: Kingambit|ability: Supreme Overlord
|-start|p1a: Kingambit|fallen3|[silent]
|turn|19
|
|t:|1769371214
|move|p2a: Kingdra|Flip Turn|p1a: Kingambit
|-damage|p1a: Kingambit|78/100
|-damage|p2a: Kingdra|36/100|[from] item: Life Orb
|
|t:|1769371218
|switch|p2a: Great Tusk|Great Tusk|58/100|[from] Flip Turn
|-damage|p2a: Great Tusk|55/100|[from] Stealth Rock
|move|p1a: Kingambit|Iron Head|p2a: Great Tusk
|-crit|p2a: Great Tusk
|-damage|p2a: Great Tusk|2/100
|
|-heal|p1a: Kingambit|85/100|[from] item: Leftovers
|upkeep
|turn|20
|
|t:|1769371226
|move|p1a: Kingambit|Sucker Punch|p2a: Great Tusk
|-resisted|p2a: Great Tusk
|-damage|p2a: Great Tusk|0 fnt
|faint|p2a: Great Tusk
|-end|p2a: Great Tusk|Protosynthesis|[silent]
|
|-heal|p1a: Kingambit|91/100|[from] item: Leftovers
|upkeep
|
|t:|1769371231
|switch|p2a: Pelipper|Pelipper, F|26/100 tox
|-damage|p2a: Pelipper|1/100 tox|[from] Stealth Rock
|-weather|RainDance|[from] ability: Drizzle|[of] p2a: Pelipper
|turn|21
|
|t:|1769371237
|move|p2a: Pelipper|Weather Ball|p1a: Kingambit
|-damage|p1a: Kingambit|40/100
|move|p1a: Kingambit|Swords Dance|p1a: Kingambit
|-boost|p1a: Kingambit|atk|2
|
|-weather|RainDance|[upkeep]
|-heal|p1a: Kingambit|46/100|[from] item: Leftovers
|-damage|p2a: Pelipper|0 fnt|[from] psn
|faint|p2a: Pelipper
|upkeep
|
|t:|1769371246
|switch|p2a: Kingambit|Kingambit, M|100/100
|-damage|p2a: Kingambit|94/100|[from] Stealth Rock
|-activate|p2a: Kingambit|ability: Supreme Overlord
|-start|p2a: Kingambit|fallen3|[silent]
|turn|22
|
|t:|1769371253
|-end|p1a: Kingambit|fallen3|[silent]
|switch|p1a: Great Tusk|Great Tusk|100/100
|-damage|p1a: Great Tusk|97/100|[from] Stealth Rock
|move|p2a: Kingambit|Kowtow Cleave|p1a: Great Tusk
|-resisted|p1a: Great Tusk
|-damage|p1a: Great Tusk|78/100
|
|-weather|RainDance|[upkeep]
|-heal|p1a: Great Tusk|84/100|[from] item: Leftovers
|-heal|p2a: Kingambit|100/100|[from] item: Leftovers
|upkeep
|turn|23
|
|t:|1769371257
|-end|p2a: Kingambit|fallen3|[silent]
|switch|p2a: Kingdra|Kingdra, M|36/100
|-damage|p2a: Kingdra|24/100|[from] Stealth Rock
|move|p1a: Great Tusk|Close Combat|p2a: Kingdra
|-damage|p2a: Kingdra|0 fnt
|-unboost|p1a: Great Tusk|def|1
|-unboost|p1a: Great Tusk|spd|1
|faint|p2a: Kingdra
|
|-weather|RainDance|[upkeep]
|-heal|p1a: Great Tusk|90/100|[from] item: Leftovers
|upkeep
|
|t:|1769371259
|switch|p2a: Ogerpon|Ogerpon-Wellspring, F|100/100
|-damage|p2a: Ogerpon|88/100|[from] Stealth Rock
|turn|24
|
|t:|1769371266
|-end|p1a: Great Tusk|Protosynthesis|[silent]
|switch|p1a: Pecharunt|Pecharunt, tera:Ghost|91/100
|-damage|p1a: Pecharunt|78/100|[from] Stealth Rock
|-terastallize|p2a: Ogerpon|Water
|detailschange|p2a: Ogerpon|Ogerpon-Wellspring-Tera, F, tera:Water
|-ability|p2a: Ogerpon|Embody Aspect (Wellspring)|boost
|-boost|p2a: Ogerpon|spd|1
|move|p2a: Ogerpon|Ivy Cudgel|p1a: Pecharunt|[anim] Ivy Cudgel Water
|-damage|p1a: Pecharunt|18/100
|
|-weather|RainDance|[upkeep]
|upkeep
|turn|25
|
|t:|1769371273
|move|p2a: Ogerpon|Ivy Cudgel|p1a: Pecharunt|[anim] Ivy Cudgel Water
|-damage|p1a: Pecharunt|0 fnt
|faint|p1a: Pecharunt
|
|-weather|RainDance|[upkeep]
|upkeep
|
|t:|1769371276
|switch|p1a: Kingambit|Kingambit, M|46/100
|-damage|p1a: Kingambit|40/100|[from] Stealth Rock
|-activate|p1a: Kingambit|ability: Supreme Overlord
|-start|p1a: Kingambit|fallen4|[silent]
|turn|26
|
|t:|1769371279
|move|p1a: Kingambit|Sucker Punch|p2a: Ogerpon
|-damage|p2a: Ogerpon|13/100
|move|p2a: Ogerpon|Ivy Cudgel|p1a: Kingambit|[anim] Ivy Cudgel Water
|-damage|p1a: Kingambit|0 fnt
|faint|p1a: Kingambit
|-end|p1a: Kingambit|fallen4|[silent]
|
|-weather|RainDance|[upkeep]
|upkeep
|-message|newbytho forfeited.
|
|win|Cheese_contest
|raw|newbytho's rating: 1635 &rarr; <strong>1614</strong><br />(-21 for losing)
|raw|Cheese_contest's rating: 1613 &rarr; <strong>1634</strong><br />(+21 for winning)
|l|☆newbytho
|player|p1|
|l|☆Cheese_contest
|player|p2|
