|j|☆czar625
|j|☆nicerioknight
|t:|1769363514
|gametype|singles
|player|p1|czar625|candice|1364
|player|p2|nicerioknight|1|1328
|gen|9
|tier|[Gen 9] OU
|rated|
|rule|HP Percentage Mod: HP is shown in percentages
|rule|Endless Battle Clause: Forcing endless battles is banned
|rule|Species Clause: Limit one of each Pokémon
|rule|OHKO Clause: OHKO moves are banned
|rule|Evasion Items Clause: Evasion items are banned
|rule|Evasion Moves Clause: Evasion moves are banned
|rule|Evasion Abilities Clause: Evasion abilities are banned
|rule|Sleep Moves Clause: Sleep-inducing moves are banned
|clearpoke
|poke|p1|Charizard, F|
|poke|p1|Torkoal, F|
|poke|p1|Leafeon, M|
|poke|p1|Sandy Shocks|
|poke|p1|Gengar, F|
|poke|p1|Avalugg, F|
|poke|p2|Lokix, M|
|poke|p2|Vikavolt, F|
|poke|p2|Politoed, F|
|poke|p2|Cinderace, F|
|poke|p2|Dragapult, F|
|poke|p2|Great Tusk|
|teampreview
|
|t:|1769363537
|teamsize|p1|6
|teamsize|p2|6
|start
|switch|p1a: Sandy Shocks|Sandy Shocks|100/100
|switch|p2a: Vikavolt|Vikavolt, F|100/100
|turn|1
|
|t:|1769363541
|move|p1a: Sandy Shocks|Power Gem|p2a: Vikavolt
|-supereffective|p2a: Vikavolt
|-damage|p2a: Vikavolt|4/100
|move|p2a: Vikavolt|Sticky Web|p1a: Sandy Shocks
|-sidestart|p1: czar625|move: Sticky Web
|
|upkeep
|turn|2
|
|t:|1769363553
|switch|p2a: Great Tusk|Great Tusk|100/100
|move|p1a: Sandy Shocks|Power Gem|p2a: Great Tusk
|-resisted|p2a: Great Tusk
|-damage|p2a: Great Tusk|92/100
|
|upkeep
|turn|3
|
|t:|1769363560
|-end|p1a: Sandy Shocks|Protosynthesis|[silent]
|switch|p1a: Avalugg|Avalugg, F|100/100
|-activate|p1a: Avalugg|move: Sticky Web
|-unboost|p1a: Avalugg|spe|1
|move|p2a: Great Tusk|Rapid Spin|p1a: Avalugg
|-crit|p1a: Avalugg
|-damage|p1a: Avalugg|88/100
|-boost|p2a: Great Tusk|spe|1
|-damage|p2a: Great Tusk|75/100|[from] item: Rocky Helmet|[of] p1a: Avalugg
|
|upkeep
|turn|4
|
|t:|1769363564
|move|p2a: Great Tusk|Close Combat|p1a: Avalugg
|-supereffective|p1a: Avalugg
|-damage|p1a: Avalugg|37/100
|-unboost|p2a: Great Tusk|def|1
|-unboost|p2a: Great Tusk|spd|1
|-damage|p2a: Great Tusk|59/100|[from] item: Rocky Helmet|[of] p1a: Avalugg
|move|p1a: Avalugg|Rapid Spin|p2a: Great Tusk
|-damage|p2a: Great Tusk|46/100
|-boost|p1a: Avalugg|spe|1
|-sideend|p1: czar625|Sticky Web|[from] move: Rapid Spin|[of] p1a: Avalugg
|
|upkeep
|turn|5
|
|t:|1769363573
|switch|p1a: Gengar|Gengar, F|100/100
|move|p2a: Great Tusk|Close Combat|p1a: Gengar
|-immune|p1a: Gengar
|
|upkeep
|turn|6
|
|t:|1769363582
|switch|p1a: Avalugg|Avalugg, F|37/100
|move|p2a: Great Tusk|Headlong Rush|p1a: Avalugg
|-damage|p1a: Avalugg|11/100
|-unboost|p2a: Great Tusk|def|1
|-unboost|p2a: Great Tusk|spd|1
|-damage|p2a: Great Tusk|29/100|[from] item: Rocky Helmet|[of] p1a: Avalugg
|
|upkeep
|turn|7
|
|t:|1769363588
|move|p2a: Great Tusk|Close Combat|p1a: Avalugg
|-supereffective|p1a: Avalugg
|-damage|p1a: Avalugg|0 fnt
|-unboost|p2a: Great Tusk|def|1
|-unboost|p2a: Great Tusk|spd|1
|-damage|p2a: Great Tusk|13/100|[from] item: Rocky Helmet|[of] p1a: Avalugg
|faint|p1a: Avalugg
|
|upkeep
|
|t:|1769363594
|switch|p1a: Torkoal|Torkoal, F|100/100
|-weather|SunnyDay|[from] ability: Drought|[of] p1a: Torkoal
|-activate|p2a: Great Tusk|ability: Protosynthesis
|-start|p2a: Great Tusk|protosynthesisatk
|turn|8
|
|t:|1769363598
|switch|p1a: Charizard|Charizard, F|100/100
|move|p2a: Great Tusk|Headlong Rush|p1a: Charizard
|-immune|p1a: Charizard
|
|-weather|SunnyDay|[upkeep]
|-damage|p1a: Charizard|88/100|[from] ability: Solar Power|[of] p1a: Charizard
|upkeep
|turn|9
|
|t:|1769363605
|move|p1a: Charizard|Dragon Pulse|p2a: Great Tusk
|-damage|p2a: Great Tusk|0 fnt
|faint|p2a: Great Tusk
|-end|p2a: Great Tusk|Protosynthesis|[silent]
|
|-weather|SunnyDay|[upkeep]
|-damage|p1a: Charizard|76/100|[from] ability: Solar Power|[of] p1a: Charizard
|upkeep
|
|t:|1769363609
|switch|p2a: Politoed|Politoed, F|100/100
|-weather|RainDance|[from] ability: Drizzle|[of] p2a: Politoed
|turn|10
|
|t:|1769363616
|switch|p1a: Torkoal|Torkoal, F|100/100
|-weather|SunnyDay|[from] ability: Drought|[of] p1a: Torkoal
|move|p2a: Politoed|Low Sweep|p1a: Torkoal
|-damage|p1a: Torkoal|94/100
|-unboost|p1a: Torkoal|spe|1
|
|-weather|SunnyDay|[upkeep]
|upkeep
|turn|11
|inactive|Battle timer is ON: inactive players will automatically lose when time's up. (requested by nicerioknight)
|
|t:|1769363623
|switch|p2a: Cinderace|Cinderace, F|100/100
|switch|p1a: Sandy Shocks|Sandy Shocks|100/100
|-activate|p1a: Sandy Shocks|ability: Protosynthesis
|-start|p1a: Sandy Shocks|protosynthesisspe
|
|-weather|SunnyDay|[upkeep]
|upkeep
|turn|12
|
|t:|1769363629
|move|p1a: Sandy Shocks|Earth Power|p2a: Cinderace
|-supereffective|p2a: Cinderace
|-damage|p2a: Cinderace|0 fnt
|faint|p2a: Cinderace
|
|-weather|SunnyDay|[upkeep]
|upkeep
|
|t:|1769363640
|switch|p2a: Politoed|Politoed, F|100/100
|-weather|RainDance|[from] ability: Drizzle|[of] p2a: Politoed
|-end|p1a: Sandy Shocks|Protosynthesis
|turn|13
|
|t:|1769363645
|-end|p1a: Sandy Shocks|Protosynthesis|[silent]
|switch|p1a: Torkoal|Torkoal, F|94/100
|-weather|SunnyDay|[from] ability: Drought|[of] p1a: Torkoal
|move|p2a: Politoed|Weather Ball|p1a: Torkoal
|-resisted|p1a: Torkoal
|-damage|p1a: Torkoal|70/100
|
|-weather|SunnyDay|[upkeep]
|upkeep
|turn|14
|
|t:|1769363650
|switch|p2a: Dragapult|Dragapult, F|100/100
|move|p1a: Torkoal|Stealth Rock|p2a: Dragapult
|-sidestart|p2: nicerioknight|move: Stealth Rock
|
|-weather|SunnyDay|[upkeep]
|upkeep
|turn|15
|c|☆nicerioknight|Nooo
|c|☆nicerioknight|My custap berry
|
|t:|1769363665
|switch|p1a: Charizard|Charizard, F|76/100
|move|p2a: Dragapult|Dragon Dance|p2a: Dragapult
|-boost|p2a: Dragapult|atk|1
|-boost|p2a: Dragapult|spe|1
|
|-weather|SunnyDay|[upkeep]
|-damage|p1a: Charizard|63/100|[from] ability: Solar Power|[of] p1a: Charizard
|upkeep
|turn|16
|c|☆czar625|oof
|
|t:|1769363679
|-terastallize|p2a: Dragapult|Dragon
|move|p2a: Dragapult|Dragon Darts|p1a: Charizard
|-damage|p1a: Charizard|0 fnt
|faint|p1a: Charizard
|
|-weather|SunnyDay|[upkeep]
|upkeep
|
|t:|1769363682
|switch|p1a: Leafeon|Leafeon, M|100/100
|turn|17
|
|t:|1769363690
|-terastallize|p1a: Leafeon|Ice
|move|p1a: Leafeon|Tera Blast|p2a: Dragapult|[anim] Tera Blast Ice
|-supereffective|p2a: Dragapult
|-damage|p2a: Dragapult|0 fnt
|faint|p2a: Dragapult
|
|-weather|SunnyDay|[upkeep]
|upkeep
|
|t:|1769363700
|switch|p2a: Vikavolt|Vikavolt, F|4/100
|-damage|p2a: Vikavolt|0 fnt|[from] Stealth Rock
|faint|p2a: Vikavolt
|
|t:|1769363705
|switch|p2a: Lokix|Lokix, M|100/100
|-damage|p2a: Lokix|76/100|[from] Stealth Rock
|turn|18
|
|t:|1769363713
|move|p1a: Leafeon|Tera Blast|p2a: Lokix|[anim] Tera Blast Ice
|-damage|p2a: Lokix|0 fnt
|faint|p2a: Lokix
|
|-weather|SunnyDay|[upkeep]
|upkeep
|
|t:|1769363718
|switch|p2a: Politoed|Politoed, F|100/100
|-damage|p2a: Politoed|88/100|[from] Stealth Rock
|-weather|RainDance|[from] ability: Drizzle|[of] p2a: Politoed
|turn|19
|
|t:|1769363724
|switch|p1a: Torkoal|Torkoal, F|70/100
|-weather|SunnyDay|[from] ability: Drought|[of] p1a: Torkoal
|move|p2a: Politoed|Low Sweep|p1a: Torkoal
|-damage|p1a: Torkoal|63/100
|-unboost|p1a: Torkoal|spe|1
|
|-weather|SunnyDay|[upkeep]
|upkeep
|turn|20
|
|t:|1769363727
|move|p2a: Politoed|Perish Song|p2a: Politoed
|-start|p1a: Torkoal|perish3|[silent]
|-start|p2a: Politoed|perish3|[silent]
|-fieldactivate|move: Perish Song
|move|p1a: Torkoal|Body Press|p2a: Politoed
|-damage|p2a: Politoed|50/100
|
|-weather|SunnyDay|[upkeep]
|-start|p2a: Politoed|perish3
|-start|p1a: Torkoal|perish3
|upkeep
|turn|21
|
|t:|1769363731
|move|p2a: Politoed|Weather Ball|p1a: Torkoal
|-resisted|p1a: Torkoal
|-damage|p1a: Torkoal|40/100
|move|p1a: Torkoal|Body Press|p2a: Politoed
|-damage|p2a: Politoed|11/100
|
|-weather|SunnyDay|[upkeep]
|-start|p2a: Politoed|perish2
|-start|p1a: Torkoal|perish2
|upkeep
|turn|22
|c|☆czar625|ggggggggg
|
|t:|1769363738
|move|p2a: Politoed|Weather Ball|p1a: Torkoal
|-resisted|p1a: Torkoal
|-damage|p1a: Torkoal|13/100
|move|p1a: Torkoal|Body Press|p2a: Politoed
|-damage|p2a: Politoed|0 fnt
|faint|p2a: Politoed
|
|win|czar625
|raw|czar625's rating: 1364 &rarr; <strong>1382</strong><br />(+18 for winning)
|raw|nicerioknight's rating: 1328 &rarr; <strong>1310</strong><br />(-18 for losing)
|c|☆nicerioknight|GG
|l|☆czar625
|player|p1|
|l|☆nicerioknight
|player|p2|
