|j|☆c1634
|j|☆AliImtiaz
|t:|1769408853
|gametype|singles
|player|p1|c1634|fisherman|1248
|player|p2|AliImtiaz|red|1244
|gen|9
|tier|[Gen 9] OU
|rated|
|rule|HP Percentage Mod: HP is shown in percentages
|rule|Endless Battle Clause: Forcing endless battles is banned
|rule|Species Clause: Limit one of each Pokémon
|rule|OHKO Clause: OHKO moves are banned
|rule|Evasion Items Clause: Evasion items are banned
|rule|Evasion Moves Clause: Evasion moves are banned
|rule|Evasion Abilities Clause: Evasion abilities are banned
|rule|Sleep Moves Clause: Sleep-inducing moves are banned
|clearpoke
|poke|p1|Gholdengo|
|poke|p1|Ting-Lu|
|poke|p1|Dragonite, F|
|poke|p1|Weavile, F|
|poke|p1|Slowking-Galar, M|
|poke|p1|Zamazenta-*|
|poke|p2|Zoroark-Hisui, M|
|poke|p2|Iron Treads|
|poke|p2|Zapdos|
|poke|p2|Dragonite, F|
|poke|p2|Pecharunt|
|poke|p2|Infernape, F|
|teampreview
|inactive|Battle timer is ON: inactive players will automatically lose when time's up. (requested by AliImtiaz)
|
|t:|1769408878
|teamsize|p1|6
|teamsize|p2|6
|start
|switch|p1a: Ting-Lu|Ting-Lu|100/100
|switch|p2a: Infernape|Infernape, F|100/100
|-ability|p1a: Ting-Lu|Vessel of Ruin
|turn|1
|
|t:|1769408896
|move|p2a: Infernape|U-turn|p1a: Ting-Lu
|-supereffective|p1a: Ting-Lu
|-damage|p1a: Ting-Lu|77/100
|
|t:|1769408901
|switch|p2a: Pecharunt|Pecharunt|100/100|[from] U-turn
|move|p1a: Ting-Lu|Spikes|p2a: Pecharunt
|-sidestart|p2: AliImtiaz|Spikes
|
|-heal|p1a: Ting-Lu|83/100|[from] item: Leftovers
|upkeep
|turn|2
|
|t:|1769408910
|move|p2a: Pecharunt|Malignant Chain|p1a: Ting-Lu
|-resisted|p1a: Ting-Lu
|-damage|p1a: Ting-Lu|74/100
|move|p1a: Ting-Lu|Ruination|p2a: Pecharunt
|-damage|p2a: Pecharunt|51/100
|
|-heal|p2a: Pecharunt|57/100|[from] item: Black Sludge
|-heal|p1a: Ting-Lu|80/100|[from] item: Leftovers
|upkeep
|turn|3
|
|t:|1769408921
|switch|p1a: Gholdengo|Gholdengo|100/100
|move|p2a: Pecharunt|Recover|p2a: Pecharunt
|-heal|p2a: Pecharunt|100/100
|
|upkeep
|turn|4
|
|t:|1769408928
|move|p1a: Gholdengo|Shadow Ball|p2a: Pecharunt
|-supereffective|p2a: Pecharunt
|-damage|p2a: Pecharunt|17/100
|move|p2a: Pecharunt|Shadow Ball|p1a: Gholdengo
|-supereffective|p1a: Gholdengo
|-damage|p1a: Gholdengo|16/100
|
|-heal|p2a: Pecharunt|23/100|[from] item: Black Sludge
|upkeep
|turn|5
|
|t:|1769408935
|move|p1a: Gholdengo|Shadow Ball|p2a: Pecharunt
|-supereffective|p2a: Pecharunt
|-damage|p2a: Pecharunt|0 fnt
|faint|p2a: Pecharunt
|
|upkeep
|
|t:|1769408939
|switch|p2a: Zapdos|Zapdos|100/100
|turn|6
|
|t:|1769408950
|switch|p1a: Ting-Lu|Ting-Lu|80/100
|-ability|p1a: Ting-Lu|Vessel of Ruin
|switch|p2a: Infernape|Infernape, F|100/100
|-damage|p2a: Infernape|88/100|[from] Spikes
|
|-heal|p1a: Ting-Lu|86/100|[from] item: Leftovers
|upkeep
|turn|7
|
|t:|1769408973
|switch|p1a: Zamazenta|Zamazenta|100/100
|-ability|p1a: Zamazenta|Dauntless Shield|boost
|-boost|p1a: Zamazenta|def|1
|move|p2a: Infernape|Drain Punch|p1a: Zamazenta
|-damage|p1a: Zamazenta|82/100
|-heal|p2a: Infernape|100/100|[from] drain|[of] p1a: Zamazenta
|
|-heal|p1a: Zamazenta|88/100|[from] item: Leftovers
|upkeep
|turn|8
|
|t:|1769408984
|move|p1a: Zamazenta|Substitute|p1a: Zamazenta
|-start|p1a: Zamazenta|Substitute
|-damage|p1a: Zamazenta|63/100
|move|p2a: Infernape|Fire Punch|p1a: Zamazenta
|-crit|p1a: Zamazenta
|-end|p1a: Zamazenta|Substitute
|
|-heal|p1a: Zamazenta|69/100|[from] item: Leftovers
|upkeep
|turn|9
|
|t:|1769408990
|move|p1a: Zamazenta|Iron Defense|p1a: Zamazenta
|-boost|p1a: Zamazenta|def|2
|move|p2a: Infernape|Fire Punch|p1a: Zamazenta
|-damage|p1a: Zamazenta|57/100
|
|-heal|p1a: Zamazenta|64/100|[from] item: Leftovers
|upkeep
|turn|10
|
|t:|1769408994
|move|p1a: Zamazenta|Substitute|p1a: Zamazenta
|-start|p1a: Zamazenta|Substitute
|-damage|p1a: Zamazenta|39/100
|move|p2a: Infernape|U-turn|p1a: Zamazenta
|-resisted|p1a: Zamazenta
|-activate|p1a: Zamazenta|move: Substitute|[damage]
|
|t:|1769408999
|switch|p2a: Dragonite|Dragonite, F|100/100|[from] U-turn
|
|-heal|p1a: Zamazenta|45/100|[from] item: Leftovers
|upkeep
|turn|11
|
|t:|1769409004
|move|p1a: Zamazenta|Crunch|p2a: Dragonite
|-damage|p2a: Dragonite|88/100
|move|p2a: Dragonite|Dragon Dance|p2a: Dragonite
|-boost|p2a: Dragonite|atk|1
|-boost|p2a: Dragonite|spe|1
|
|-heal|p1a: Zamazenta|51/100|[from] item: Leftovers
|upkeep
|turn|12
|
|t:|1769409012
|move|p2a: Dragonite|Scale Shot|p1a: Zamazenta|[miss]
|-miss|p2a: Dragonite|p1a: Zamazenta
|move|p1a: Zamazenta|Iron Defense|p1a: Zamazenta
|-boost|p1a: Zamazenta|def|2
|
|-heal|p1a: Zamazenta|57/100|[from] item: Leftovers
|upkeep
|turn|13
|
|t:|1769409017
|move|p2a: Dragonite|Scale Shot|p1a: Zamazenta
|-activate|p1a: Zamazenta|move: Substitute|[damage]
|-activate|p1a: Zamazenta|move: Substitute|[damage]
|-activate|p1a: Zamazenta|move: Substitute|[damage]
|-hitcount|p1a: Zamazenta|3
|-unboost|p2a: Dragonite|def|1
|-boost|p2a: Dragonite|spe|1
|move|p1a: Zamazenta|Crunch|p2a: Dragonite
|-damage|p2a: Dragonite|50/100
|
|-heal|p1a: Zamazenta|63/100|[from] item: Leftovers
|upkeep
|turn|14
|
|t:|1769409031
|move|p2a: Dragonite|Scale Shot|p1a: Zamazenta
|-activate|p1a: Zamazenta|move: Substitute|[damage]
|-activate|p1a: Zamazenta|move: Substitute|[damage]
|-end|p1a: Zamazenta|Substitute
|-damage|p1a: Zamazenta|59/100
|-hitcount|p1a: Zamazenta|4
|-unboost|p2a: Dragonite|def|1
|-boost|p2a: Dragonite|spe|1
|move|p1a: Zamazenta|Body Press|p2a: Dragonite
|-resisted|p2a: Dragonite
|-damage|p2a: Dragonite|0 fnt
|faint|p2a: Dragonite
|
|-heal|p1a: Zamazenta|65/100|[from] item: Leftovers
|upkeep
|
|t:|1769409034
|switch|p2a: Zapdos|Zapdos|100/100
|turn|15
|
|t:|1769409057
|move|p1a: Zamazenta|Body Press|p2a: Zapdos
|-resisted|p2a: Zapdos
|-damage|p2a: Zapdos|24/100
|move|p2a: Zapdos|Hurricane|p1a: Zamazenta
|-supereffective|p1a: Zamazenta
|-damage|p1a: Zamazenta|0 fnt
|faint|p1a: Zamazenta
|
|upkeep
|
|t:|1769409066
|switch|p1a: Weavile|Weavile, F|100/100
|-ability|p1a: Weavile|Pressure
|turn|16
|
|t:|1769409072
|move|p1a: Weavile|Ice Shard|p2a: Zapdos
|-supereffective|p2a: Zapdos
|-damage|p2a: Zapdos|0 fnt
|faint|p2a: Zapdos
|
|upkeep
|
|t:|1769409077
|switch|p2a: Iron Treads|Iron Treads|100/100
|-damage|p2a: Iron Treads|88/100|[from] Spikes
|-enditem|p2a: Iron Treads|Booster Energy
|-activate|p2a: Iron Treads|ability: Quark Drive|[fromitem]
|-start|p2a: Iron Treads|quarkdrivespe
|turn|17
|
|t:|1769409087
|switch|p1a: Ting-Lu|Ting-Lu|86/100
|-ability|p1a: Ting-Lu|Vessel of Ruin
|move|p2a: Iron Treads|Earthquake|p1a: Ting-Lu
|-damage|p1a: Ting-Lu|61/100
|
|-heal|p1a: Ting-Lu|67/100|[from] item: Leftovers
|upkeep
|turn|18
|
|t:|1769409094
|move|p2a: Iron Treads|Rapid Spin|p1a: Ting-Lu
|-damage|p1a: Ting-Lu|58/100
|-boost|p2a: Iron Treads|spe|1
|-sideend|p2: AliImtiaz|Spikes|[from] move: Rapid Spin|[of] p2a: Iron Treads
|move|p1a: Ting-Lu|Spikes|p2a: Iron Treads
|-sidestart|p2: AliImtiaz|Spikes
|
|-heal|p1a: Ting-Lu|64/100|[from] item: Leftovers
|upkeep
|turn|19
|
|t:|1769409098
|move|p2a: Iron Treads|Ice Spinner|p1a: Ting-Lu
|-supereffective|p1a: Ting-Lu
|-damage|p1a: Ting-Lu|34/100
|move|p1a: Ting-Lu|Earthquake|p2a: Iron Treads
|-supereffective|p2a: Iron Treads
|-damage|p2a: Iron Treads|15/100
|
|-heal|p1a: Ting-Lu|41/100|[from] item: Leftovers
|upkeep
|turn|20
|
|t:|1769409107
|move|p2a: Iron Treads|Rapid Spin|p1a: Ting-Lu
|-damage|p1a: Ting-Lu|31/100
|-boost|p2a: Iron Treads|spe|1
|-sideend|p2: AliImtiaz|Spikes|[from] move: Rapid Spin|[of] p2a: Iron Treads
|move|p1a: Ting-Lu|Earthquake|p2a: Iron Treads
|-supereffective|p2a: Iron Treads
|-damage|p2a: Iron Treads|0 fnt
|faint|p2a: Iron Treads
|-end|p2a: Iron Treads|Quark Drive|[silent]
|
|-heal|p1a: Ting-Lu|37/100|[from] item: Leftovers
|upkeep
|
|t:|1769409109
|switch|p2a: Infernape|Infernape, F|100/100
|turn|21
|
|t:|1769409118
|-terastallize|p1a: Ting-Lu|Ghost
|move|p2a: Infernape|Hyper Voice|p1a: Ting-Lu
|-immune|p1a: Ting-Lu
|move|p1a: Ting-Lu|Earthquake|p2a: Infernape
|-damage|p2a: Infernape|27/100
|replace|p2a: Zoroark|Zoroark-Hisui, M
|-end|p2a: Zoroark|Illusion
|
|-heal|p1a: Ting-Lu|44/100|[from] item: Leftovers
|upkeep
|turn|22
|
|t:|1769409131
|switch|p2a: Infernape|Infernape, F|100/100
|move|p1a: Ting-Lu|Earthquake|p2a: Infernape
|-supereffective|p2a: Infernape
|-enditem|p2a: Infernape|Focus Sash
|-damage|p2a: Infernape|1/100
|
|-heal|p1a: Ting-Lu|50/100|[from] item: Leftovers
|upkeep
|turn|23
|
|t:|1769409136
|move|p2a: Infernape|Fire Punch|p1a: Ting-Lu
|-damage|p1a: Ting-Lu|29/100
|move|p1a: Ting-Lu|Spikes|p2a: Infernape
|-sidestart|p2: AliImtiaz|Spikes
|
|-heal|p1a: Ting-Lu|36/100|[from] item: Leftovers
|upkeep
|turn|24
|
|t:|1769409139
|move|p2a: Infernape|Fire Punch|p1a: Ting-Lu
|-damage|p1a: Ting-Lu|13/100
|move|p1a: Ting-Lu|Spikes|p2a: Infernape
|-sidestart|p2: AliImtiaz|Spikes
|
|-heal|p1a: Ting-Lu|19/100|[from] item: Leftovers
|upkeep
|turn|25
|
|t:|1769409141
|move|p2a: Infernape|Fire Punch|p1a: Ting-Lu
|-damage|p1a: Ting-Lu|0 fnt
|faint|p1a: Ting-Lu
|
|upkeep
|
|t:|1769409144
|switch|p1a: Gholdengo|Gholdengo|16/100
|turn|26
|
|t:|1769409145
|move|p1a: Gholdengo|Make It Rain|p2a: Infernape
|-resisted|p2a: Infernape
|-damage|p2a: Infernape|0 fnt
|-unboost|p1a: Gholdengo|spa|1
|faint|p2a: Infernape
|
|upkeep
|
|t:|1769409148
|switch|p2a: Zoroark|Zoroark-Hisui, M|27/100
|-damage|p2a: Zoroark|11/100|[from] Spikes
|turn|27
|
|t:|1769409151
|move|p1a: Gholdengo|Make It Rain|p2a: Zoroark
|-damage|p2a: Zoroark|0 fnt
|-unboost|p1a: Gholdengo|spa|1
|faint|p2a: Zoroark
|
|win|c1634
|raw|c1634's rating: 1248 &rarr; <strong>1273</strong><br />(+25 for winning)
|raw|AliImtiaz's rating: 1244 &rarr; <strong>1219</strong><br />(-25 for losing)
|l|☆AliImtiaz
|player|p2|
|l|☆c1634
|player|p1|
