|j|☆elassie
|j|☆Vega_M2
|t:|1769355431
|gametype|singles
|player|p1|elassie|emmet|1320
|player|p2|Vega_M2|byron|1380
|gen|9
|tier|[Gen 9] OU
|rated|
|rule|HP Percentage Mod: HP is shown in percentages
|rule|Endless Battle Clause: Forcing endless battles is banned
|rule|Species Clause: Limit one of each Pokémon
|rule|OHKO Clause: OHKO moves are banned
|rule|Evasion Items Clause: Evasion items are banned
|rule|Evasion Moves Clause: Evasion moves are banned
|rule|Evasion Abilities Clause: Evasion abilities are banned
|rule|Sleep Moves Clause: Sleep-inducing moves are banned
|clearpoke
|poke|p1|Hatterene, F|
|poke|p1|Zoroark-Hisui, M|
|poke|p1|Meowscarada, M|
|poke|p1|Corviknight, M|
|poke|p1|Slowking-Galar, M|
|poke|p1|Raging Bolt|
|poke|p2|Pelipper, M|
|poke|p2|Ogerpon-Wellspring, F|
|poke|p2|Basculegion-F, F|
|poke|p2|Rillaboom, F|
|poke|p2|Kingambit, M|
|poke|p2|Zapdos|
|teampreview
|inactive|Battle timer is ON: inactive players will automatically lose when time's up. (requested by Vega_M2)
|
|t:|1769355451
|teamsize|p1|6
|teamsize|p2|6
|start
|switch|p1a: Slowking|Slowking-Galar, M|100/100
|switch|p2a: Rillaboom|Rillaboom, F|100/100
|-fieldstart|move: Grassy Terrain|[from] ability: Grassy Surge|[of] p2a: Rillaboom
|turn|1
|
|t:|1769355464
|switch|p1a: Corviknight|Corviknight, M|100/100
|-ability|p1a: Corviknight|Pressure
|move|p2a: Rillaboom|U-turn|p1a: Corviknight
|-resisted|p1a: Corviknight
|-damage|p1a: Corviknight|97/100
|-damage|p2a: Rillaboom|84/100|[from] item: Rocky Helmet|[of] p1a: Corviknight
|
|t:|1769355475
|switch|p2a: Zapdos|Zapdos|100/100|[from] U-turn
|
|upkeep
|turn|2
|
|t:|1769355483
|switch|p1a: Slowking|Slowking-Galar, M|100/100
|move|p2a: Zapdos|Thunder|p1a: Slowking
|-damage|p1a: Slowking|64/100
|-status|p1a: Slowking|par
|
|-heal|p1a: Slowking|70/100 par|[from] Grassy Terrain
|upkeep
|turn|3
|
|t:|1769355493
|switch|p2a: Kingambit|Kingambit, M|100/100
|move|p1a: Slowking|Future Sight|p2a: Kingambit
|-start|p1a: Slowking|move: Future Sight
|
|-heal|p1a: Slowking|76/100 par|[from] Grassy Terrain
|upkeep
|turn|4
|
|t:|1769355501
|switch|p1a: Corviknight|Corviknight, M|97/100
|-ability|p1a: Corviknight|Pressure
|move|p2a: Kingambit|Stealth Rock|p1a: Corviknight
|-sidestart|p1: elassie|move: Stealth Rock
|
|upkeep
|turn|5
|
|t:|1769355512
|move|p1a: Corviknight|Defog|p2a: Kingambit
|-unboost|p2a: Kingambit|evasion|1
|-sideend|p1: elassie|Stealth Rock|[from] move: Defog|[of] p1a: Corviknight
|-fieldend|move: Grassy Terrain
|move|p2a: Kingambit|Iron Head|p1a: Corviknight
|-resisted|p1a: Corviknight
|-damage|p1a: Corviknight|83/100
|-damage|p2a: Kingambit|84/100|[from] item: Rocky Helmet|[of] p1a: Corviknight
|
|-end|p2a: Kingambit|move: Future Sight
|-immune|p2a: Kingambit
|upkeep
|turn|6
|
|t:|1769355523
|-end|p2a: Kingambit|fallenundefined|[silent]
|switch|p2a: Pelipper|Pelipper, M|100/100
|-weather|RainDance|[from] ability: Drizzle|[of] p2a: Pelipper
|move|p1a: Corviknight|U-turn|p2a: Pelipper
|-resisted|p2a: Pelipper
|-damage|p2a: Pelipper|95/100
|
|t:|1769355526
|switch|p1a: Raging Bolt|Raging Bolt|100/100|[from] U-turn
|
|-weather|RainDance|[upkeep]
|upkeep
|turn|7
|
|t:|1769355545
|switch|p2a: Rillaboom|Rillaboom, F|84/100
|-fieldstart|move: Grassy Terrain|[from] ability: Grassy Surge|[of] p2a: Rillaboom
|move|p1a: Raging Bolt|Calm Mind|p1a: Raging Bolt
|-boost|p1a: Raging Bolt|spa|1
|-boost|p1a: Raging Bolt|spd|1
|
|-weather|RainDance|[upkeep]
|-heal|p2a: Rillaboom|90/100|[from] Grassy Terrain
|upkeep
|turn|8
|
|t:|1769355556
|-terastallize|p1a: Raging Bolt|Flying
|move|p2a: Rillaboom|Wood Hammer|p1a: Raging Bolt
|-resisted|p1a: Raging Bolt
|-damage|p1a: Raging Bolt|64/100
|-damage|p2a: Rillaboom|76/100|[from] Recoil
|move|p1a: Raging Bolt|Dragon Pulse|p2a: Rillaboom
|-damage|p2a: Rillaboom|0 fnt
|faint|p2a: Rillaboom
|
|-weather|RainDance|[upkeep]
|-heal|p1a: Raging Bolt|70/100|[from] item: Leftovers
|upkeep
|
|t:|1769355572
|switch|p2a: Zapdos|Zapdos|100/100
|turn|9
|
|t:|1769355583
|-terastallize|p2a: Zapdos|Electric
|move|p2a: Zapdos|Thunder|p1a: Raging Bolt
|-supereffective|p1a: Raging Bolt
|-damage|p1a: Raging Bolt|0 fnt
|faint|p1a: Raging Bolt
|-end|p1a: Raging Bolt|Protosynthesis|[silent]
|
|-weather|RainDance|[upkeep]
|upkeep
|
|t:|1769355587
|switch|p1a: Slowking|Slowking-Galar, M|100/100 par
|turn|10
|
|t:|1769355591
|move|p2a: Zapdos|Thunder|p1a: Slowking
|-damage|p1a: Slowking|52/100 par
|move|p1a: Slowking|Sludge Bomb|p2a: Zapdos
|-damage|p2a: Zapdos|58/100
|
|-weather|RainDance|[upkeep]
|-heal|p2a: Zapdos|65/100|[from] Grassy Terrain
|-heal|p1a: Slowking|58/100 par|[from] Grassy Terrain
|upkeep
|turn|11
|
|t:|1769355599
|move|p2a: Zapdos|Thunder|p1a: Slowking
|-damage|p1a: Slowking|10/100 par
|cant|p1a: Slowking|par
|
|-weather|RainDance|[upkeep]
|-heal|p2a: Zapdos|71/100|[from] Grassy Terrain
|-heal|p1a: Slowking|16/100 par|[from] Grassy Terrain
|upkeep
|turn|12
|
|t:|1769355607
|switch|p1a: Hatterene|Hatterene, F|100/100
|move|p2a: Zapdos|Thunder|p1a: Hatterene
|-damage|p1a: Hatterene|21/100
|-status|p1a: Hatterene|par
|
|-weather|RainDance|[upkeep]
|-heal|p2a: Zapdos|77/100|[from] Grassy Terrain
|-heal|p1a: Hatterene|27/100 par|[from] Grassy Terrain
|-heal|p1a: Hatterene|33/100 par|[from] item: Leftovers
|upkeep
|turn|13
|
|t:|1769355618
|move|p2a: Zapdos|Thunder|p1a: Hatterene
|-damage|p1a: Hatterene|0 fnt
|faint|p1a: Hatterene
|
|-weather|none
|-heal|p2a: Zapdos|83/100|[from] Grassy Terrain
|upkeep
|
|t:|1769355624
|switch|p1a: Slowking|Slowking-Galar, M|100/100
|turn|14
|
|t:|1769355629
|switch|p2a: Pelipper|Pelipper, M|95/100
|-weather|RainDance|[from] ability: Drizzle|[of] p2a: Pelipper
|move|p1a: Slowking|Shadow Ball|p2a: Pelipper
|-damage|p2a: Pelipper|8/100
|-unboost|p2a: Pelipper|spd|1
|
|-weather|RainDance|[upkeep]
|-fieldend|move: Grassy Terrain
|upkeep
|turn|15
|
|t:|1769355638
|switch|p2a: Kingambit|Kingambit, M|84/100
|-activate|p2a: Kingambit|ability: Supreme Overlord
|-start|p2a: Kingambit|fallen1|[silent]
|move|p1a: Slowking|Shadow Ball|p2a: Kingambit
|-resisted|p2a: Kingambit
|-damage|p2a: Kingambit|53/100
|
|-weather|RainDance|[upkeep]
|upkeep
|turn|16
|
|t:|1769355646
|switch|p1a: Corviknight|Corviknight, M|83/100
|-ability|p1a: Corviknight|Pressure
|move|p2a: Kingambit|Stealth Rock|p1a: Corviknight
|-sidestart|p1: elassie|move: Stealth Rock
|
|-weather|RainDance|[upkeep]
|upkeep
|turn|17
|
|t:|1769355657
|-end|p2a: Kingambit|fallen1|[silent]
|switch|p2a: Zapdos|Zapdos, tera:Electric|83/100
|move|p1a: Corviknight|Defog|p2a: Zapdos
|-unboost|p2a: Zapdos|evasion|1
|-sideend|p1: elassie|Stealth Rock|[from] move: Defog|[of] p1a: Corviknight
|
|-weather|RainDance|[upkeep]
|upkeep
|turn|18
|inactive|elassie has 120 seconds left.
|
|t:|1769355690
|switch|p1a: Slowking|Slowking-Galar, M|49/100 par
|move|p2a: Zapdos|Thunder|p1a: Slowking
|-damage|p1a: Slowking|2/100 par
|
|-weather|RainDance|[upkeep]
|upkeep
|turn|19
|
|t:|1769355696
|move|p2a: Zapdos|Thunder|p1a: Slowking
|-damage|p1a: Slowking|0 fnt
|faint|p1a: Slowking
|
|-weather|RainDance|[upkeep]
|upkeep
|
|t:|1769355699
|switch|p1a: Corviknight|Corviknight, M|100/100
|turn|20
|
|t:|1769355703
|move|p1a: Corviknight|Shadow Ball|p2a: Zapdos
|-damage|p2a: Zapdos|19/100
|move|p2a: Zapdos|Thunder|p1a: Corviknight
|-damage|p1a: Corviknight|0 fnt
|replace|p1a: Zoroark|Zoroark-Hisui, M
|-end|p1a: Zoroark|Illusion
|faint|p1a: Zoroark
|
|-weather|RainDance|[upkeep]
|upkeep
|
|t:|1769355706
|switch|p1a: Meowscarada|Meowscarada, M|100/100
|turn|21
|
|t:|1769355718
|switch|p2a: Kingambit|Kingambit, M|53/100
|-activate|p2a: Kingambit|ability: Supreme Overlord
|-start|p2a: Kingambit|fallen1|[silent]
|move|p1a: Meowscarada|Flower Trick|p2a: Kingambit
|-start|p1a: Meowscarada|typechange|Grass|[from] ability: Protean
|-resisted|p2a: Kingambit
|-crit|p2a: Kingambit
|-damage|p2a: Kingambit|36/100
|
|-weather|none
|upkeep
|turn|22
|
|t:|1769355729
|move|p2a: Kingambit|Sucker Punch|p1a: Meowscarada
|-damage|p1a: Meowscarada|13/100
|move|p1a: Meowscarada|Low Kick|p2a: Kingambit
|-supereffective|p2a: Kingambit
|-damage|p2a: Kingambit|0 fnt
|faint|p2a: Kingambit
|-end|p2a: Kingambit|fallen1|[silent]
|
|upkeep
|
|t:|1769355735
|switch|p2a: Pelipper|Pelipper, M|8/100
|-weather|RainDance|[from] ability: Drizzle|[of] p2a: Pelipper
|turn|23
|
|t:|1769355739
|move|p1a: Meowscarada|Knock Off|p2a: Pelipper
|-damage|p2a: Pelipper|0 fnt
|-enditem|p2a: Pelipper|Damp Rock|[from] move: Knock Off|[of] p1a: Meowscarada
|faint|p2a: Pelipper
|
|-weather|RainDance|[upkeep]
|upkeep
|
|t:|1769355750
|switch|p2a: Basculegion|Basculegion-F, F|100/100
|turn|24
|
|t:|1769355757
|switch|p1a: Corviknight|Corviknight, M|83/100
|-ability|p1a: Corviknight|Pressure
|move|p2a: Basculegion|Surf|p1a: Corviknight
|-damage|p1a: Corviknight|0 fnt
|faint|p1a: Corviknight
|
|-weather|RainDance|[upkeep]
|upkeep
|-message|elassie forfeited.
|
|win|Vega_M2
|raw|elassie's rating: 1320 &rarr; <strong>1303</strong><br />(-17 for losing)
|raw|Vega_M2's rating: 1380 &rarr; <strong>1397</strong><br />(+17 for winning)
|l|☆elassie
|player|p1|
|l|☆Vega_M2
|player|p2|
