|j|☆U_Quokka
|j|☆firecharmander004
|t:|1769368961
|gametype|singles
|player|p1|U_Quokka|waiter-gen4dp|1610
|player|p2|firecharmander004|266|1556
|gen|9
|tier|[Gen 9] OU
|rated|
|rule|HP Percentage Mod: HP is shown in percentages
|rule|Endless Battle Clause: Forcing endless battles is banned
|rule|Species Clause: Limit one of each Pokémon
|rule|OHKO Clause: OHKO moves are banned
|rule|Evasion Items Clause: Evasion items are banned
|rule|Evasion Moves Clause: Evasion moves are banned
|rule|Evasion Abilities Clause: Evasion abilities are banned
|rule|Sleep Moves Clause: Sleep-inducing moves are banned
|clearpoke
|poke|p1|Deoxys-Speed|
|poke|p1|Ceruledge, M|
|poke|p1|Zamazenta-*|
|poke|p1|Ogerpon-Wellspring, F|
|poke|p1|Glimmora, M|
|poke|p1|Moltres-Galar|
|poke|p2|Charizard, F|
|poke|p2|Walking Wake|
|poke|p2|Hatterene, F|
|poke|p2|Venusaur, F|
|poke|p2|Great Tusk|
|poke|p2|Ninetales, M|
|teampreview
|inactive|Battle timer is ON: inactive players will automatically lose when time's up. (requested by firecharmander004)
|
|t:|1769368968
|teamsize|p1|6
|teamsize|p2|6
|start
|switch|p1a: Deoxys|Deoxys-Speed|100/100
|switch|p2a: Ninetales|Ninetales, M|100/100
|-ability|p1a: Deoxys|Pressure
|-weather|SunnyDay|[from] ability: Drought|[of] p2a: Ninetales
|turn|1
|
|t:|1769368974
|move|p1a: Deoxys|Light Screen|p1a: Deoxys
|-sidestart|p1: U_Quokka|move: Light Screen
|move|p2a: Ninetales|Encore|p1a: Deoxys
|-start|p1a: Deoxys|Encore
|
|-weather|SunnyDay|[upkeep]
|upkeep
|turn|2
|
|t:|1769368990
|switch|p1a: Glimmora|Glimmora, M|100/100
|switch|p2a: Charizard|Charizard, F|100/100
|
|-weather|SunnyDay|[upkeep]
|-damage|p2a: Charizard|88/100|[from] ability: Solar Power|[of] p2a: Charizard
|upkeep
|turn|3
|
|t:|1769368997
|switch|p2a: Hatterene|Hatterene, F|100/100
|move|p1a: Glimmora|Meteor Beam||[still]
|-prepare|p1a: Glimmora|Meteor Beam
|-boost|p1a: Glimmora|spa|1
|-enditem|p1a: Glimmora|Power Herb
|-anim|p1a: Glimmora|Meteor Beam|p2a: Hatterene
|-damage|p2a: Hatterene|9/100
|-enditem|p2a: Hatterene|Eject Button
|
|t:|1769369022
|switch|p2a: Walking Wake|Walking Wake|100/100
|-activate|p2a: Walking Wake|ability: Protosynthesis
|-start|p2a: Walking Wake|protosynthesisspe
|
|-weather|SunnyDay|[upkeep]
|upkeep
|turn|4
|inactive|U_Quokka has 120 seconds left.
|
|t:|1769369065
|move|p2a: Walking Wake|Hydro Steam|p1a: Glimmora
|-supereffective|p1a: Glimmora
|-damage|p1a: Glimmora|0 fnt
|faint|p1a: Glimmora
|
|-weather|SunnyDay|[upkeep]
|upkeep
|
|t:|1769369071
|switch|p1a: Moltres|Moltres-Galar|100/100
|turn|5
|
|t:|1769369080
|-end|p2a: Walking Wake|Protosynthesis|[silent]
|switch|p2a: Ninetales|Ninetales, M|100/100
|move|p1a: Moltres|Agility|p1a: Moltres
|-boost|p1a: Moltres|spe|2
|
|-weather|SunnyDay|[upkeep]
|upkeep
|turn|6
|
|t:|1769369089
|move|p1a: Moltres|Fiery Wrath|p2a: Ninetales
|-damage|p2a: Ninetales|56/100
|move|p2a: Ninetales|Encore|p1a: Moltres
|-start|p1a: Moltres|Encore
|
|-weather|SunnyDay|[upkeep]
|upkeep
|turn|7
|
|t:|1769369095
|switch|p2a: Hatterene|Hatterene, F|9/100
|move|p1a: Moltres|Fiery Wrath|p2a: Hatterene
|-damage|p2a: Hatterene|0 fnt
|faint|p2a: Hatterene
|
|-weather|SunnyDay|[upkeep]
|upkeep
|
|t:|1769369110
|switch|p2a: Charizard|Charizard, F|88/100
|turn|8
|
|t:|1769369114
|-terastallize|p2a: Charizard|Fire
|move|p1a: Moltres|Fiery Wrath|p2a: Charizard
|-damage|p2a: Charizard|32/100
|move|p2a: Charizard|Overheat|p1a: Moltres
|-damage|p1a: Moltres|0 fnt
|-unboost|p2a: Charizard|spa|2
|faint|p1a: Moltres
|
|-weather|none
|-sideend|p1: U_Quokka|move: Light Screen
|upkeep
|
|t:|1769369121
|switch|p1a: Deoxys|Deoxys-Speed|100/100
|-ability|p1a: Deoxys|Pressure
|turn|9
|
|t:|1769369124
|move|p1a: Deoxys|Light Screen|p1a: Deoxys
|-sidestart|p1: U_Quokka|move: Light Screen
|move|p2a: Charizard|Overheat|p1a: Deoxys
|-damage|p1a: Deoxys|67/100
|-unboost|p2a: Charizard|spa|2
|
|upkeep
|turn|10
|
|t:|1769369128
|switch|p2a: Ninetales|Ninetales, M|56/100
|-weather|SunnyDay|[from] ability: Drought|[of] p2a: Ninetales
|move|p1a: Deoxys|Reflect|p1a: Deoxys
|-sidestart|p1: U_Quokka|Reflect
|
|-weather|SunnyDay|[upkeep]
|upkeep
|turn|11
|
|t:|1769369143
|switch|p2a: Charizard|Charizard, F, tera:Fire|32/100
|move|p1a: Deoxys|Taunt|p2a: Charizard
|-start|p2a: Charizard|move: Taunt
|
|-weather|SunnyDay|[upkeep]
|-damage|p2a: Charizard|20/100|[from] ability: Solar Power|[of] p2a: Charizard
|upkeep
|turn|12
|
|t:|1769369150
|move|p1a: Deoxys|Psycho Boost|p2a: Charizard
|-damage|p2a: Charizard|0 fnt
|-unboost|p1a: Deoxys|spa|2
|faint|p2a: Charizard
|
|-weather|SunnyDay|[upkeep]
|upkeep
|
|t:|1769369161
|switch|p2a: Walking Wake|Walking Wake|100/100
|-activate|p2a: Walking Wake|ability: Protosynthesis
|-start|p2a: Walking Wake|protosynthesisspe
|turn|13
|
|t:|1769369174
|switch|p1a: Ogerpon|Ogerpon-Wellspring, F|100/100
|move|p2a: Walking Wake|Draco Meteor|p1a: Ogerpon
|-damage|p1a: Ogerpon|39/100
|-unboost|p2a: Walking Wake|spa|2
|
|-weather|SunnyDay|[upkeep]
|upkeep
|turn|14
|
|t:|1769369179
|-end|p2a: Walking Wake|Protosynthesis|[silent]
|switch|p2a: Venusaur|Venusaur, F|100/100
|move|p1a: Ogerpon|Swords Dance|p1a: Ogerpon
|-boost|p1a: Ogerpon|atk|2
|
|-weather|SunnyDay|[upkeep]
|upkeep
|turn|15
|
|t:|1769369184
|move|p2a: Venusaur|Sludge Bomb|p1a: Ogerpon
|-supereffective|p1a: Ogerpon
|-damage|p1a: Ogerpon|0 fnt
|faint|p1a: Ogerpon
|-damage|p2a: Venusaur|91/100|[from] item: Life Orb
|
|-weather|SunnyDay|[upkeep]
|upkeep
|
|t:|1769369186
|switch|p1a: Ceruledge|Ceruledge, M|100/100
|turn|16
|
|t:|1769369189
|switch|p2a: Walking Wake|Walking Wake|100/100
|-activate|p2a: Walking Wake|ability: Protosynthesis
|-start|p2a: Walking Wake|protosynthesisspe
|move|p1a: Ceruledge|Swords Dance|p1a: Ceruledge
|-boost|p1a: Ceruledge|atk|2
|
|-weather|SunnyDay|[upkeep]
|-sideend|p1: U_Quokka|move: Light Screen
|upkeep
|turn|17
|
|t:|1769369194
|switch|p1a: Zamazenta|Zamazenta|100/100
|-ability|p1a: Zamazenta|Dauntless Shield|boost
|-boost|p1a: Zamazenta|def|1
|move|p2a: Walking Wake|Hydro Steam|p1a: Zamazenta
|-damage|p1a: Zamazenta|20/100
|
|-weather|none
|-end|p2a: Walking Wake|Protosynthesis
|-heal|p1a: Zamazenta|26/100|[from] item: Leftovers
|-sideend|p1: U_Quokka|Reflect
|upkeep
|turn|18
|
|t:|1769369198
|-end|p2a: Walking Wake|Protosynthesis|[silent]
|switch|p2a: Ninetales|Ninetales, M|56/100
|-weather|SunnyDay|[from] ability: Drought|[of] p2a: Ninetales
|move|p1a: Zamazenta|Body Press|p2a: Ninetales
|-damage|p2a: Ninetales|0 fnt
|faint|p2a: Ninetales
|
|-weather|SunnyDay|[upkeep]
|-heal|p1a: Zamazenta|32/100|[from] item: Leftovers
|upkeep
|
|t:|1769369207
|switch|p2a: Walking Wake|Walking Wake|100/100
|-activate|p2a: Walking Wake|ability: Protosynthesis
|-start|p2a: Walking Wake|protosynthesisspe
|turn|19
|
|t:|1769369209
|move|p2a: Walking Wake|Hydro Steam|p1a: Zamazenta
|-damage|p1a: Zamazenta|0 fnt
|faint|p1a: Zamazenta
|
|-weather|SunnyDay|[upkeep]
|upkeep
|
|t:|1769369211
|switch|p1a: Deoxys|Deoxys-Speed|67/100
|-ability|p1a: Deoxys|Pressure
|turn|20
|
|t:|1769369213
|move|p2a: Walking Wake|Hydro Steam|p1a: Deoxys
|-damage|p1a: Deoxys|0 fnt
|faint|p1a: Deoxys
|
|-weather|SunnyDay|[upkeep]
|upkeep
|
|t:|1769369214
|switch|p1a: Ceruledge|Ceruledge, M|100/100
|turn|21
|
|t:|1769369216
|-terastallize|p1a: Ceruledge|Ghost
|move|p2a: Walking Wake|Hydro Steam|p1a: Ceruledge
|-damage|p1a: Ceruledge|0 fnt
|faint|p1a: Ceruledge
|
|win|firecharmander004
|raw|U_Quokka's rating: 1610 &rarr; <strong>1587</strong><br />(-23 for losing)
|raw|firecharmander004's rating: 1556 &rarr; <strong>1579</strong><br />(+23 for winning)
