|j|☆feeeeeeeeash
|j|☆Dudeman737
|t:|1769406315
|gametype|singles
|player|p1|feeeeeeeeash|marlon|1129
|player|p2|Dudeman737|2|1102
|gen|9
|tier|[Gen 9] OU
|rated|
|rule|HP Percentage Mod: HP is shown in percentages
|rule|Endless Battle Clause: Forcing endless battles is banned
|rule|Species Clause: Limit one of each Pokémon
|rule|OHKO Clause: OHKO moves are banned
|rule|Evasion Items Clause: Evasion items are banned
|rule|Evasion Moves Clause: Evasion moves are banned
|rule|Evasion Abilities Clause: Evasion abilities are banned
|rule|Sleep Moves Clause: Sleep-inducing moves are banned
|clearpoke
|poke|p1|Basculegion, M|
|poke|p1|Slowking-Galar, M|
|poke|p1|Iron Valiant|
|poke|p1|Lokix, M|
|poke|p1|Hydrapple, F|
|poke|p1|Iron Treads|
|poke|p2|Maushold-Four|
|poke|p2|Kingambit, F|
|poke|p2|Garganacl, F|
|poke|p2|Great Tusk|
|poke|p2|Greninja-*, F|
|poke|p2|Heatran, F|
|teampreview
|
|t:|1769406334
|teamsize|p1|6
|teamsize|p2|6
|start
|switch|p1a: Basculegion|Basculegion, M|100/100
|switch|p2a: Miceofdoom/despair|Maushold-Four|100/100
|turn|1
|inactive|Battle timer is ON: inactive players will automatically lose when time's up. (requested by feeeeeeeeash)
|
|t:|1769406362
|move|p1a: Basculegion|Wave Crash|p2a: Miceofdoom/despair
|-damage|p2a: Miceofdoom/despair|0 fnt
|faint|p2a: Miceofdoom/despair
|-damage|p1a: Basculegion|76/100|[from] Recoil
|
|upkeep
|
|t:|1769406388
|switch|p2a: Mygloriousking|Garganacl, F|100/100
|turn|2
|
|t:|1769406395
|switch|p1a: Slowking|Slowking-Galar, M|100/100
|-terastallize|p2a: Mygloriousking|Water
|move|p2a: Mygloriousking|Iron Defense|p2a: Mygloriousking
|-boost|p2a: Mygloriousking|def|2
|
|upkeep
|turn|3
|inactive|Dudeman737 has 120 seconds left.
|
|t:|1769406434
|move|p2a: Mygloriousking|Iron Defense|p2a: Mygloriousking
|-boost|p2a: Mygloriousking|def|2
|move|p1a: Slowking|Future Sight|p2a: Mygloriousking
|-start|p1a: Slowking|move: Future Sight
|
|upkeep
|turn|4
|inactive|Dudeman737 has 120 seconds left.
|
|t:|1769406457
|move|p2a: Mygloriousking|Salt Cure|p1a: Slowking
|-damage|p1a: Slowking|83/100
|-start|p1a: Slowking|Salt Cure
|-prepare|p1a: Slowking|Chilly Reception|[premajor]
|move|p1a: Slowking|Chilly Reception|p1a: Slowking
|-weather|Snowscape
|
|t:|1769406462
|switch|p1a: Hydrapple|Hydrapple, F|100/100|[from] Chilly Reception
|
|-weather|Snowscape|[upkeep]
|upkeep
|turn|5
|
|t:|1769406473
|move|p1a: Hydrapple|Nasty Plot|p1a: Hydrapple
|-boost|p1a: Hydrapple|spa|2
|move|p2a: Mygloriousking|Body Press|p1a: Hydrapple
|-damage|p1a: Hydrapple|51/100
|-damage|p2a: Mygloriousking|84/100|[from] item: Rocky Helmet|[of] p1a: Hydrapple
|
|-weather|Snowscape|[upkeep]
|-end|p2a: Mygloriousking|move: Future Sight
|-damage|p2a: Mygloriousking|37/100
|-heal|p2a: Mygloriousking|44/100|[from] item: Leftovers
|upkeep
|turn|6
|
|t:|1769406480
|move|p1a: Hydrapple|Giga Drain|p2a: Mygloriousking
|-supereffective|p2a: Mygloriousking
|-damage|p2a: Mygloriousking|0 fnt
|-heal|p1a: Hydrapple|70/100|[from] drain|[of] p2a: Mygloriousking
|faint|p2a: Mygloriousking
|
|-weather|Snowscape|[upkeep]
|upkeep
|
|t:|1769406501
|switch|p2a: Loydthegreenninja|Greninja, F|100/100
|turn|7
|
|t:|1769406513
|-terastallize|p1a: Hydrapple|Fairy
|move|p2a: Loydthegreenninja|Ice Beam|p1a: Hydrapple
|-start|p2a: Loydthegreenninja|typechange|Ice|[from] ability: Protean
|-damage|p1a: Hydrapple|18/100
|-damage|p2a: Loydthegreenninja|91/100|[from] item: Life Orb
|move|p1a: Hydrapple|Fickle Beam|p2a: Loydthegreenninja
|-damage|p2a: Loydthegreenninja|0 fnt
|faint|p2a: Loydthegreenninja
|
|-weather|Snowscape|[upkeep]
|upkeep
|-message|Dudeman737 forfeited.
|
|win|feeeeeeeeash
|raw|feeeeeeeeash's rating: 1129 &rarr; <strong>1152</strong><br />(+23 for winning)
|raw|Dudeman737's rating: 1102 &rarr; <strong>1079</strong><br />(-23 for losing)
|l|☆Dudeman737
|player|p2|
|j|☆Dudeman737
|player|p2|Dudeman737|2|
|l|☆feeeeeeeeash
|player|p1|
|l|☆Dudeman737
|player|p2|
