|j|☆blockayethe1st
|j|☆Girovisk
|t:|1769299646
|gametype|singles
|player|p1|blockayethe1st|lance|1250
|player|p2|Girovisk|veteran|1240
|gen|9
|tier|[Gen 9] OU
|rated|
|rule|HP Percentage Mod: HP is shown in percentages
|rule|Endless Battle Clause: Forcing endless battles is banned
|rule|Species Clause: Limit one of each Pokémon
|rule|OHKO Clause: OHKO moves are banned
|rule|Evasion Items Clause: Evasion items are banned
|rule|Evasion Moves Clause: Evasion moves are banned
|rule|Evasion Abilities Clause: Evasion abilities are banned
|rule|Sleep Moves Clause: Sleep-inducing moves are banned
|clearpoke
|poke|p1|Hatterene, F|
|poke|p1|Slowking-Galar, M|
|poke|p1|Ursaluna, M|
|poke|p1|Kingambit, F|
|poke|p1|Iron Hands|
|poke|p1|Scizor, F|
|poke|p2|Maushold-Four|
|poke|p2|Goodra-Hisui, M|
|poke|p2|Comfey, F|
|poke|p2|Oricorio-Pom-Pom, F|
|poke|p2|Mimikyu, F|
|poke|p2|Muk-Alola, M|
|teampreview
|inactive|Battle timer is ON: inactive players will automatically lose when time's up. (requested by Girovisk)
|l|☆Girovisk
|inactive|Girovisk disconnected and has a minute to reconnect!
|player|p2|
|j|☆Girovisk
|inactive|Girovisk reconnected and has 130 seconds left.
|player|p2|Girovisk|veteran|
|inactive|Girovisk has 120 seconds left.
|
|t:|1769299678
|teamsize|p1|6
|teamsize|p2|6
|start
|switch|p1a: Scizor|Scizor, F|100/100
|switch|p2a: Maushold|Maushold-Four|100/100
|turn|1
|
|t:|1769299684
|move|p2a: Maushold|U-turn|p1a: Scizor
|-resisted|p1a: Scizor
|-damage|p1a: Scizor|92/100
|
|t:|1769299687
|switch|p2a: Muk|Muk-Alola, M|100/100|[from] U-turn
|move|p1a: Scizor|Swords Dance|p1a: Scizor
|-boost|p1a: Scizor|atk|2
|
|upkeep
|turn|2
|
|t:|1769299693
|move|p1a: Scizor|Bullet Punch|p2a: Muk
|-damage|p2a: Muk|9/100
|-damage|p1a: Scizor|82/100|[from] item: Life Orb
|move|p2a: Muk|Knock Off|p1a: Scizor
|-damage|p1a: Scizor|47/100
|-enditem|p1a: Scizor|Life Orb|[from] move: Knock Off|[of] p2a: Muk
|
|-heal|p2a: Muk|15/100|[from] item: Black Sludge
|upkeep
|turn|3
|
|t:|1769299703
|move|p1a: Scizor|Bullet Punch|p2a: Muk
|-damage|p2a: Muk|0 fnt
|faint|p2a: Muk
|
|upkeep
|
|t:|1769299707
|switch|p2a: Oricorio|Oricorio-Pom-Pom, F|100/100
|turn|4
|
|t:|1769299712
|move|p2a: Oricorio|Revelation Dance|p1a: Scizor
|-damage|p1a: Scizor|11/100
|move|p1a: Scizor|U-turn|p2a: Oricorio
|-resisted|p2a: Oricorio
|-damage|p2a: Oricorio|60/100
|
|t:|1769299719
|switch|p1a: Slowking|Slowking-Galar, M|100/100|[from] U-turn
|
|-heal|p2a: Oricorio|66/100|[from] item: Leftovers
|upkeep
|turn|5
|
|t:|1769299722
|switch|p2a: Goodra|Goodra-Hisui, M|100/100
|move|p1a: Slowking|Future Sight|p2a: Goodra
|-start|p1a: Slowking|move: Future Sight
|
|upkeep
|turn|6
|
|t:|1769299727
|move|p2a: Goodra|Curse|p2a: Goodra
|-unboost|p2a: Goodra|spe|1
|-boost|p2a: Goodra|atk|1
|-boost|p2a: Goodra|def|1
|move|p1a: Slowking|Trick Room|p1a: Slowking
|-fieldstart|move: Trick Room|[of] p1a: Slowking
|
|upkeep
|turn|7
|
|t:|1769299734
|switch|p1a: Ursaluna|Ursaluna, M|100/100
|move|p2a: Goodra|Curse|p2a: Goodra
|-unboost|p2a: Goodra|spe|1
|-boost|p2a: Goodra|atk|1
|-boost|p2a: Goodra|def|1
|
|-end|p2a: Goodra|move: Future Sight
|-resisted|p2a: Goodra
|-damage|p2a: Goodra|86/100
|-heal|p2a: Goodra|92/100|[from] item: Leftovers
|-status|p1a: Ursaluna|brn|[from] item: Flame Orb
|upkeep
|turn|8
|
|t:|1769299743
|move|p2a: Goodra|Curse|p2a: Goodra
|-unboost|p2a: Goodra|spe|1
|-boost|p2a: Goodra|atk|1
|-boost|p2a: Goodra|def|1
|move|p1a: Ursaluna|Headlong Rush|p2a: Goodra
|-supereffective|p2a: Goodra
|-damage|p2a: Goodra|1/100
|-unboost|p1a: Ursaluna|def|1
|-unboost|p1a: Ursaluna|spd|1
|
|-heal|p2a: Goodra|7/100|[from] item: Leftovers
|-damage|p1a: Ursaluna|94/100 brn|[from] brn
|upkeep
|turn|9
|
|t:|1769299756
|move|p2a: Goodra|Gyro Ball|p1a: Ursaluna
|-damage|p1a: Ursaluna|23/100 brn
|move|p1a: Ursaluna|Drain Punch|p2a: Goodra
|-supereffective|p2a: Goodra
|-damage|p2a: Goodra|0 fnt
|-heal|p1a: Ursaluna|25/100 brn|[from] drain|[of] p2a: Goodra
|faint|p2a: Goodra
|
|-damage|p1a: Ursaluna|19/100 brn|[from] brn
|upkeep
|
|t:|1769299764
|switch|p2a: Comfey|Comfey, F|100/100
|turn|10
|
|t:|1769299767
|move|p2a: Comfey|Giga Drain|p1a: Ursaluna
|-supereffective|p1a: Ursaluna
|-damage|p1a: Ursaluna|0 fnt
|faint|p1a: Ursaluna
|
|-fieldend|move: Trick Room
|upkeep
|
|t:|1769299769
|switch|p1a: Scizor|Scizor, F|11/100
|turn|11
|
|t:|1769299772
|move|p2a: Comfey|Draining Kiss|p1a: Scizor
|-resisted|p1a: Scizor
|-damage|p1a: Scizor|0 fnt
|faint|p1a: Scizor
|
|upkeep
|
|t:|1769299780
|switch|p1a: Hatterene|Hatterene, F|100/100
|turn|12
|
|t:|1769299784
|switch|p2a: Maushold|Maushold-Four|100/100
|move|p1a: Hatterene|Trick Room|p1a: Hatterene
|-fieldstart|move: Trick Room|[of] p1a: Hatterene
|
|upkeep
|turn|13
|
|t:|1769299791
|move|p1a: Hatterene|Misty Explosion|p2a: Maushold
|-damage|p2a: Maushold|6/100
|faint|p1a: Hatterene
|move|p2a: Maushold|Population Bomb|p1: Hatterene|[notarget]
|-fail|p2a: Maushold
|
|upkeep
|
|t:|1769299797
|switch|p1a: Iron Hands|Iron Hands|100/100
|turn|14
|
|t:|1769299801
|switch|p2a: Mimikyu|Mimikyu, F|100/100
|move|p1a: Iron Hands|Thunder Punch|p2a: Mimikyu
|-activate|p2a: Mimikyu|ability: Disguise
|-damage|p2a: Mimikyu|100/100
|detailschange|p2a: Mimikyu|Mimikyu-Busted, F
|-damage|p2a: Mimikyu|88/100|[from] pokemon: Mimikyu-Busted
|
|-heal|p2a: Mimikyu|94/100|[from] item: Leftovers
|upkeep
|turn|15
|
|t:|1769299808
|move|p1a: Iron Hands|Thunder Punch|p2a: Mimikyu
|-damage|p2a: Mimikyu|14/100
|move|p2a: Mimikyu|Play Rough|p1a: Iron Hands
|-supereffective|p1a: Iron Hands
|-damage|p1a: Iron Hands|57/100
|
|-heal|p2a: Mimikyu|20/100|[from] item: Leftovers
|upkeep
|turn|16
|
|t:|1769299817
|move|p2a: Mimikyu|Shadow Sneak|p1a: Iron Hands
|-damage|p1a: Iron Hands|47/100
|move|p1a: Iron Hands|Thunder Punch|p2a: Mimikyu
|-damage|p2a: Mimikyu|0 fnt
|faint|p2a: Mimikyu
|
|-fieldend|move: Trick Room
|upkeep
|
|t:|1769299821
|switch|p2a: Comfey|Comfey, F|100/100
|turn|17
|
|t:|1769299828
|-end|p1a: Iron Hands|Quark Drive|[silent]
|switch|p1a: Slowking|Slowking-Galar, M|100/100
|-terastallize|p2a: Comfey|Ground
|move|p2a: Comfey|Calm Mind|p2a: Comfey
|-boost|p2a: Comfey|spa|1
|-boost|p2a: Comfey|spd|1
|
|upkeep
|turn|18
|
|t:|1769299832
|move|p2a: Comfey|Calm Mind|p2a: Comfey
|-boost|p2a: Comfey|spa|1
|-boost|p2a: Comfey|spd|1
|move|p1a: Slowking|Trick Room|p1a: Slowking
|-fieldstart|move: Trick Room|[of] p1a: Slowking
|
|upkeep
|turn|19
|
|t:|1769299835
|move|p1a: Slowking|Future Sight|p2a: Comfey
|-start|p1a: Slowking|move: Future Sight
|move|p2a: Comfey|Calm Mind|p2a: Comfey
|-boost|p2a: Comfey|spa|1
|-boost|p2a: Comfey|spd|1
|
|upkeep
|turn|20
|
|t:|1769299838
|-prepare|p1a: Slowking|Chilly Reception|[premajor]
|move|p1a: Slowking|Chilly Reception|p1a: Slowking
|-weather|Snowscape
|
|t:|1769299840
|switch|p1a: Kingambit|Kingambit, F|100/100|[from] Chilly Reception
|-activate|p1a: Kingambit|ability: Supreme Overlord
|-start|p1a: Kingambit|fallen3|[silent]
|move|p2a: Comfey|Calm Mind|p2a: Comfey
|-boost|p2a: Comfey|spa|1
|-boost|p2a: Comfey|spd|1
|
|-weather|Snowscape|[upkeep]
|upkeep
|turn|21
|
|t:|1769299847
|move|p1a: Kingambit|Sucker Punch|p2a: Comfey
|-damage|p2a: Comfey|33/100
|move|p2a: Comfey|Tera Blast|p1a: Kingambit|[anim] Tera Blast Ground
|-supereffective|p1a: Kingambit
|-damage|p1a: Kingambit|0 fnt
|faint|p1a: Kingambit
|-end|p1a: Kingambit|fallen3|[silent]
|
|-weather|Snowscape|[upkeep]
|-end|p2a: Comfey|move: Future Sight
|-damage|p2a: Comfey|16/100
|upkeep
|
|t:|1769299856
|switch|p1a: Iron Hands|Iron Hands|47/100
|turn|22
|
|t:|1769299858
|-terastallize|p1a: Iron Hands|Fire
|move|p2a: Comfey|Draining Kiss|p1a: Iron Hands
|-resisted|p1a: Iron Hands
|-damage|p1a: Iron Hands|21/100
|-heal|p2a: Comfey|57/100|[from] drain|[of] p1a: Iron Hands
|move|p1a: Iron Hands|Ice Punch|p2a: Comfey
|-supereffective|p2a: Comfey
|-damage|p2a: Comfey|0 fnt
|faint|p2a: Comfey
|
|-weather|Snowscape|[upkeep]
|-fieldend|move: Trick Room
|upkeep
|
|t:|1769299868
|switch|p2a: Maushold|Maushold-Four|6/100
|turn|23
|
|t:|1769299870
|move|p2a: Maushold|Population Bomb|p1a: Iron Hands
|-damage|p1a: Iron Hands|14/100
|-damage|p1a: Iron Hands|7/100
|-damage|p1a: Iron Hands|0 fnt
|faint|p1a: Iron Hands
|-end|p1a: Iron Hands|Quark Drive|[silent]
|-hitcount|p1: Iron Hands|3
|
|-weather|Snowscape|[upkeep]
|upkeep
|
|t:|1769299872
|switch|p1a: Slowking|Slowking-Galar, M|100/100
|turn|24
|
|t:|1769299876
|move|p2a: Maushold|Population Bomb|p1a: Slowking
|-damage|p1a: Slowking|87/100
|-damage|p1a: Slowking|73/100
|-damage|p1a: Slowking|60/100
|-damage|p1a: Slowking|45/100
|-damage|p1a: Slowking|31/100
|-damage|p1a: Slowking|17/100
|-damage|p1a: Slowking|2/100
|-damage|p1a: Slowking|0 fnt
|faint|p1a: Slowking
|-hitcount|p1: Slowking|8
|
|win|Girovisk
|raw|blockayethe1st's rating: 1250 &rarr; <strong>1224</strong><br />(-26 for losing)
|raw|Girovisk's rating: 1240 &rarr; <strong>1266</strong><br />(+26 for winning)
|c|☆blockayethe1st|gg
|l|☆blockayethe1st
|player|p1|
