|j|☆Obling
|j|☆bugcatcherweevil
|t:|1769362542
|gametype|singles
|player|p1|Obling|turo-ai|1761
|player|p2|bugcatcherweevil|169|1713
|gen|9
|tier|[Gen 9] OU
|rated|
|rule|HP Percentage Mod: HP is shown in percentages
|rule|Endless Battle Clause: Forcing endless battles is banned
|rule|Species Clause: Limit one of each Pokémon
|rule|OHKO Clause: OHKO moves are banned
|rule|Evasion Items Clause: Evasion items are banned
|rule|Evasion Moves Clause: Evasion moves are banned
|rule|Evasion Abilities Clause: Evasion abilities are banned
|rule|Sleep Moves Clause: Sleep-inducing moves are banned
|clearpoke
|poke|p1|Iron Thorns|
|poke|p1|Maushold-Four|
|poke|p1|Bisharp, F|
|poke|p1|Glastrier|
|poke|p1|Cresselia, F|
|poke|p1|Porygon-Z|
|poke|p2|Ninetales, F|
|poke|p2|Slither Wing|
|poke|p2|Fezandipiti, M|
|poke|p2|Great Tusk|
|poke|p2|Dragapult, F|
|poke|p2|Raging Bolt|
|teampreview
|inactive|Battle timer is ON: inactive players will automatically lose when time's up. (requested by Obling)
|inactive|bugcatcherweevil has 120 seconds left.
|inactive|bugcatcherweevil has 90 seconds left.
|j| Grimblez
|inactive|bugcatcherweevil has 60 seconds left.
|
|t:|1769362656
|teamsize|p1|6
|teamsize|p2|6
|start
|switch|p1a: Iron Thorns|Iron Thorns|100/100
|switch|p2a: Slither Wing|Slither Wing|100/100
|-enditem|p1a: Iron Thorns|Booster Energy
|-activate|p1a: Iron Thorns|ability: Quark Drive|[fromitem]
|-start|p1a: Iron Thorns|quarkdrivespe
|turn|1
|
|t:|1769362678
|move|p1a: Iron Thorns|Stealth Rock|p2a: Slither Wing
|-sidestart|p2: bugcatcherweevil|move: Stealth Rock
|move|p2a: Slither Wing|U-turn|p1a: Iron Thorns
|-damage|p1a: Iron Thorns|50/100
|
|t:|1769362695
|-end|p2a: Slither Wing|Protosynthesis|[silent]
|switch|p2a: Great Tusk|Great Tusk|100/100|[from] U-turn
|
|upkeep
|turn|2
|
|t:|1769362702
|move|p2a: Great Tusk|Rapid Spin|p1a: Iron Thorns
|-resisted|p1a: Iron Thorns
|-damage|p1a: Iron Thorns|43/100
|-boost|p2a: Great Tusk|spe|1
|-sideend|p2: bugcatcherweevil|Stealth Rock|[from] move: Rapid Spin|[of] p2a: Great Tusk
|move|p1a: Iron Thorns|Dragon Tail|p2a: Great Tusk
|-damage|p2a: Great Tusk|90/100
|-end|p2a: Great Tusk|Protosynthesis|[silent]
|drag|p2a: Dragapult|Dragapult, F|100/100
|
|upkeep
|turn|3
|l|☆Obling
|inactive|Obling disconnected and has a minute to reconnect!
|player|p1|
|inactive|Obling has 30 seconds to reconnect!
|inactive|Obling has 20 seconds to reconnect!
|inactive|Obling has 15 seconds to reconnect!
|j|☆Obling
|inactive|Obling reconnected and has 90 seconds left.
|player|p1|Obling|turo-ai|
|
|t:|1769362765
|move|p2a: Dragapult|Draco Meteor|p1a: Iron Thorns
|-damage|p1a: Iron Thorns|0 fnt
|-unboost|p2a: Dragapult|spa|2
|faint|p1a: Iron Thorns
|-end|p1a: Iron Thorns|Quark Drive|[silent]
|-damage|p2a: Dragapult|91/100|[from] item: Life Orb
|
|upkeep
|inactive|Obling has 90 seconds left.
|
|t:|1769362771
|switch|p1a: Glastrier|Glastrier|100/100
|turn|4
|inactive|bugcatcherweevil has 120 seconds left.
|
|t:|1769362789
|switch|p2a: Slither Wing|Slither Wing|100/100
|move|p1a: Glastrier|High Horsepower|p2a: Slither Wing
|-resisted|p2a: Slither Wing
|-damage|p2a: Slither Wing|75/100
|
|upkeep
|turn|5
|
|t:|1769362795
|move|p2a: Slither Wing|U-turn|p1a: Glastrier
|-damage|p1a: Glastrier|59/100
|
|t:|1769362797
|-end|p2a: Slither Wing|Protosynthesis|[silent]
|switch|p2a: Ninetales|Ninetales, F|100/100|[from] U-turn
|-weather|SunnyDay|[from] ability: Drought|[of] p2a: Ninetales
|move|p1a: Glastrier|Icicle Crash|p2a: Ninetales|[miss]
|-miss|p1a: Glastrier|p2a: Ninetales
|
|-weather|SunnyDay|[upkeep]
|upkeep
|turn|6
|
|t:|1769362800
|move|p2a: Ninetales|Weather Ball|p1a: Glastrier
|-supereffective|p1a: Glastrier
|-damage|p1a: Glastrier|0 fnt
|faint|p1a: Glastrier
|
|-weather|SunnyDay|[upkeep]
|upkeep
|
|t:|1769362807
|switch|p1a: Maushold|Maushold-Four|100/100
|turn|7
|
|t:|1769362812
|move|p1a: Maushold|Population Bomb|p2a: Ninetales
|-damage|p2a: Ninetales|86/100
|-damage|p2a: Ninetales|74/100
|-damage|p2a: Ninetales|61/100
|-damage|p2a: Ninetales|46/100
|-crit|p2a: Ninetales
|-damage|p2a: Ninetales|27/100
|-damage|p2a: Ninetales|13/100
|-damage|p2a: Ninetales|0 fnt
|faint|p2a: Ninetales
|-hitcount|p2: Ninetales|7
|
|-weather|SunnyDay|[upkeep]
|upkeep
|
|t:|1769362820
|switch|p2a: Slither Wing|Slither Wing|75/100
|-activate|p2a: Slither Wing|ability: Protosynthesis
|-start|p2a: Slither Wing|protosynthesisatk
|turn|8
|
|t:|1769362827
|switch|p1a: Bisharp|Bisharp, F|100/100
|move|p2a: Slither Wing|First Impression|p1a: Bisharp
|-damage|p1a: Bisharp|28/100
|
|-weather|SunnyDay|[upkeep]
|upkeep
|turn|9
|
|t:|1769362832
|-end|p2a: Slither Wing|Protosynthesis|[silent]
|switch|p2a: Great Tusk|Great Tusk|90/100
|-activate|p2a: Great Tusk|ability: Protosynthesis
|-start|p2a: Great Tusk|protosynthesisatk
|move|p1a: Bisharp|Iron Head|p2a: Great Tusk
|-damage|p2a: Great Tusk|64/100
|
|-weather|SunnyDay|[upkeep]
|upkeep
|turn|10
|
|t:|1769362841
|move|p2a: Great Tusk|Headlong Rush|p1a: Bisharp
|-supereffective|p1a: Bisharp
|-damage|p1a: Bisharp|0 fnt
|-unboost|p2a: Great Tusk|def|1
|-unboost|p2a: Great Tusk|spd|1
|faint|p1a: Bisharp
|
|-weather|SunnyDay|[upkeep]
|upkeep
|
|t:|1769362845
|switch|p1a: Porygon-Z|Porygon-Z|100/100
|turn|11
|
|t:|1769362852
|-end|p2a: Great Tusk|Protosynthesis|[silent]
|switch|p2a: Fezandipiti|Fezandipiti, M|100/100
|move|p1a: Porygon-Z|Agility|p1a: Porygon-Z
|-boost|p1a: Porygon-Z|spe|2
|
|-weather|SunnyDay|[upkeep]
|upkeep
|turn|12
|
|t:|1769362859
|move|p1a: Porygon-Z|Tera Blast|p2a: Fezandipiti
|-damage|p2a: Fezandipiti|47/100
|-damage|p1a: Porygon-Z|91/100|[from] item: Life Orb
|move|p2a: Fezandipiti|Beat Up|p1a: Porygon-Z
|-damage|p1a: Porygon-Z|86/100
|-status|p1a: Porygon-Z|tox|[from] ability: Toxic Chain|[of] p2a: Fezandipiti
|-damage|p1a: Porygon-Z|80/100 tox
|-damage|p1a: Porygon-Z|74/100 tox
|-damage|p1a: Porygon-Z|68/100 tox
|-damage|p1a: Porygon-Z|64/100 tox
|-hitcount|p1a: Porygon-Z|5
|
|-weather|none
|-damage|p1a: Porygon-Z|57/100 tox|[from] psn
|upkeep
|turn|13
|
|t:|1769362887
|move|p1a: Porygon-Z|Ice Beam|p2a: Fezandipiti
|-damage|p2a: Fezandipiti|18/100
|-damage|p1a: Porygon-Z|48/100 tox|[from] item: Life Orb
|move|p2a: Fezandipiti|Roost|p2a: Fezandipiti
|-heal|p2a: Fezandipiti|68/100
|-singleturn|p2a: Fezandipiti|move: Roost
|
|-damage|p1a: Porygon-Z|35/100 tox|[from] psn
|upkeep
|turn|14
|
|t:|1769362896
|move|p1a: Porygon-Z|Tera Blast|p2a: Fezandipiti
|-damage|p2a: Fezandipiti|10/100
|-damage|p1a: Porygon-Z|25/100 tox|[from] item: Life Orb
|move|p2a: Fezandipiti|Roost|p2a: Fezandipiti
|-heal|p2a: Fezandipiti|60/100
|-singleturn|p2a: Fezandipiti|move: Roost
|
|-damage|p1a: Porygon-Z|7/100 tox|[from] psn
|upkeep
|turn|15
|
|t:|1769362906
|move|p1a: Porygon-Z|Tera Blast|p2a: Fezandipiti
|-damage|p2a: Fezandipiti|7/100
|-damage|p1a: Porygon-Z|0 fnt|[from] item: Life Orb
|faint|p1a: Porygon-Z
|move|p2a: Fezandipiti|Roost|p2a: Fezandipiti
|-heal|p2a: Fezandipiti|57/100
|-singleturn|p2a: Fezandipiti|move: Roost
|
|upkeep
|
|t:|1769362910
|switch|p1a: Maushold|Maushold-Four|100/100
|turn|16
|
|t:|1769362914
|switch|p2a: Great Tusk|Great Tusk|64/100
|move|p1a: Maushold|Tidy Up|p1a: Maushold
|-boost|p1a: Maushold|atk|1
|-boost|p1a: Maushold|spe|1
|
|upkeep
|turn|17
|
|t:|1769362922
|-terastallize|p2a: Great Tusk|Steel
|move|p1a: Maushold|Population Bomb|p2a: Great Tusk
|-resisted|p2a: Great Tusk
|-damage|p2a: Great Tusk|59/100
|-resisted|p2a: Great Tusk
|-damage|p2a: Great Tusk|54/100
|-resisted|p2a: Great Tusk
|-damage|p2a: Great Tusk|48/100
|-resisted|p2a: Great Tusk
|-damage|p2a: Great Tusk|43/100
|-resisted|p2a: Great Tusk
|-damage|p2a: Great Tusk|38/100
|-resisted|p2a: Great Tusk
|-damage|p2a: Great Tusk|33/100
|-resisted|p2a: Great Tusk
|-damage|p2a: Great Tusk|28/100
|-resisted|p2a: Great Tusk
|-damage|p2a: Great Tusk|23/100
|-resisted|p2a: Great Tusk
|-damage|p2a: Great Tusk|17/100
|-resisted|p2a: Great Tusk
|-damage|p2a: Great Tusk|12/100
|-hitcount|p2a: Great Tusk|10
|move|p2a: Great Tusk|Headlong Rush|p1a: Maushold
|-damage|p1a: Maushold|0 fnt
|-unboost|p2a: Great Tusk|def|1
|-unboost|p2a: Great Tusk|spd|1
|faint|p1a: Maushold
|
|upkeep
|
|t:|1769362928
|switch|p1a: Cresselia|Cresselia, F|100/100
|turn|18
|
|t:|1769362931
|-terastallize|p1a: Cresselia|Poison
|move|p2a: Great Tusk|Knock Off|p1a: Cresselia
|-damage|p1a: Cresselia|79/100
|-enditem|p1a: Cresselia|Leftovers|[from] move: Knock Off|[of] p2a: Great Tusk
|move|p1a: Cresselia|Calm Mind|p1a: Cresselia
|-boost|p1a: Cresselia|spa|1
|-boost|p1a: Cresselia|spd|1
|
|upkeep
|turn|19
|
|t:|1769362944
|-end|p2a: Great Tusk|Protosynthesis|[silent]
|switch|p2a: Slither Wing|Slither Wing|75/100
|move|p1a: Cresselia|Calm Mind|p1a: Cresselia
|-boost|p1a: Cresselia|spa|1
|-boost|p1a: Cresselia|spd|1
|
|upkeep
|turn|20
|
|t:|1769362951
|move|p2a: Slither Wing|Flare Blitz|p1a: Cresselia
|-damage|p1a: Cresselia|40/100
|-damage|p2a: Slither Wing|57/100|[from] Recoil
|move|p1a: Cresselia|Moonlight|p1a: Cresselia
|-heal|p1a: Cresselia|90/100
|
|upkeep
|turn|21
|j| shedtailhater
|l| shedtailhater
|
|t:|1769362963
|-end|p2a: Slither Wing|Protosynthesis|[silent]
|switch|p2a: Raging Bolt|Raging Bolt|100/100
|move|p1a: Cresselia|Stored Power|p2a: Raging Bolt
|-damage|p2a: Raging Bolt|53/100
|
|upkeep
|turn|22
|
|t:|1769362967
|move|p1a: Cresselia|Calm Mind|p1a: Cresselia
|-boost|p1a: Cresselia|spa|1
|-boost|p1a: Cresselia|spd|1
|move|p2a: Raging Bolt|Volt Switch|p1a: Cresselia
|-damage|p1a: Cresselia|74/100
|
|t:|1769362970
|-end|p2a: Raging Bolt|Protosynthesis|[silent]
|switch|p2a: Dragapult|Dragapult, F|91/100|[from] Volt Switch
|
|upkeep
|turn|23
|
|t:|1769362974
|move|p2a: Dragapult|Dragon Darts|p1a: Cresselia
|-damage|p1a: Cresselia|61/100
|-anim|p2a: Dragapult|Dragon Darts|p1a: Cresselia
|-damage|p1a: Cresselia|45/100
|-damage|p2a: Dragapult|81/100|[from] item: Life Orb
|move|p1a: Cresselia|Moonlight|p1a: Cresselia
|-heal|p1a: Cresselia|95/100
|
|upkeep
|turn|24
|
|t:|1769362982
|move|p2a: Dragapult|Dragon Darts|p1a: Cresselia
|-damage|p1a: Cresselia|81/100
|-anim|p2a: Dragapult|Dragon Darts|p1a: Cresselia
|-damage|p1a: Cresselia|67/100
|-damage|p2a: Dragapult|71/100|[from] item: Life Orb
|move|p1a: Cresselia|Moonblast|p2a: Dragapult
|-supereffective|p2a: Dragapult
|-damage|p2a: Dragapult|0 fnt
|faint|p2a: Dragapult
|
|upkeep
|j| firecharmander004
|
|t:|1769362994
|switch|p2a: Slither Wing|Slither Wing|57/100
|turn|25
|
|t:|1769362998
|move|p2a: Slither Wing|U-turn|p1a: Cresselia
|-resisted|p1a: Cresselia
|-damage|p1a: Cresselia|50/100
|
|t:|1769363001
|-end|p2a: Slither Wing|Protosynthesis|[silent]
|switch|p2a: Great Tusk|Great Tusk, tera:Steel|12/100|[from] U-turn
|move|p1a: Cresselia|Moonlight|p1a: Cresselia
|-heal|p1a: Cresselia|99/100
|
|upkeep
|turn|26
|
|t:|1769363008
|move|p2a: Great Tusk|Knock Off|p1a: Cresselia
|-damage|p1a: Cresselia|87/100
|move|p1a: Cresselia|Stored Power|p2a: Great Tusk
|-resisted|p2a: Great Tusk
|-damage|p2a: Great Tusk|0 fnt
|faint|p2a: Great Tusk
|-end|p2a: Great Tusk|Protosynthesis|[silent]
|
|upkeep
|j| oshered
|
|t:|1769363016
|switch|p2a: Raging Bolt|Raging Bolt|53/100
|turn|27
|
|t:|1769363020
|move|p1a: Cresselia|Stored Power|p2a: Raging Bolt
|-damage|p2a: Raging Bolt|0 fnt
|faint|p2a: Raging Bolt
|-end|p2a: Raging Bolt|Protosynthesis|[silent]
|
|upkeep
|j| shedtailhater
|-message|bugcatcherweevil forfeited.
|
|win|Obling
|raw|Obling's rating: 1761 &rarr; <strong>1778</strong><br />(+17 for winning)
|raw|bugcatcherweevil's rating: 1713 &rarr; <strong>1696</strong><br />(-17 for losing)
|l|☆bugcatcherweevil
|player|p2|
|l|☆Obling
|player|p1|
|l| shedtailhater
|l| Grimblez
|l| oshered
