|j|☆AzakOFC
|j|☆YummyGravy
|t:|1769401265
|gametype|singles
|player|p1|AzakOFC|red|1123
|player|p2|YummyGravy|proton|1119
|gen|9
|tier|[Gen 9] OU
|rated|
|rule|HP Percentage Mod: HP is shown in percentages
|rule|Endless Battle Clause: Forcing endless battles is banned
|rule|Species Clause: Limit one of each Pokémon
|rule|OHKO Clause: OHKO moves are banned
|rule|Evasion Items Clause: Evasion items are banned
|rule|Evasion Moves Clause: Evasion moves are banned
|rule|Evasion Abilities Clause: Evasion abilities are banned
|rule|Sleep Moves Clause: Sleep-inducing moves are banned
|clearpoke
|poke|p1|Lucario, M|
|poke|p1|Blaziken, M|
|poke|p1|Zoroark-Hisui, M|
|poke|p1|Greninja-*, M|
|poke|p1|Meowscarada, F|
|poke|p1|Sylveon, F|
|poke|p2|Swalot, M|
|poke|p2|Scream Tail|
|poke|p2|Meowscarada, F|
|poke|p2|Rotom-Wash|
|poke|p2|Garchomp, M|
|poke|p2|Corviknight, F|
|teampreview
|c|☆YummyGravy|Glhf
|inactive|Battle timer is ON: inactive players will automatically lose when time's up. (requested by YummyGravy)
|
|t:|1769401323
|teamsize|p1|6
|teamsize|p2|6
|start
|switch|p1a: Meowscarada|Meowscarada, F, shiny|100/100
|switch|p2a: Rotom|Rotom-Wash|100/100
|turn|1
|
|t:|1769401330
|move|p1a: Meowscarada|Flower Trick|p2a: Rotom
|-start|p1a: Meowscarada|typechange|Grass|[from] ability: Protean
|-supereffective|p2a: Rotom
|-crit|p2a: Rotom
|-damage|p2a: Rotom|23/100
|move|p2a: Rotom|Thunder Wave|p1a: Meowscarada
|-status|p1a: Meowscarada|par
|
|-heal|p2a: Rotom|29/100|[from] item: Leftovers
|upkeep
|turn|2
|
|t:|1769401345
|move|p2a: Rotom|Volt Switch|p1a: Meowscarada
|-resisted|p1a: Meowscarada
|-damage|p1a: Meowscarada|81/100 par
|
|t:|1769401358
|switch|p2a: Corviknight|Corviknight, F|100/100|[from] Volt Switch
|-ability|p2a: Corviknight|Pressure
|move|p1a: Meowscarada|Flower Trick|p2a: Corviknight
|-resisted|p2a: Corviknight
|-crit|p2a: Corviknight
|-damage|p2a: Corviknight|93/100
|
|upkeep
|turn|3
|
|t:|1769401371
|move|p1a: Meowscarada|Thunder Punch|p2a: Corviknight
|-supereffective|p2a: Corviknight
|-damage|p2a: Corviknight|63/100
|-damage|p1a: Meowscarada|64/100 par|[from] item: Rocky Helmet|[of] p2a: Corviknight
|move|p2a: Corviknight|Brave Bird|p1a: Meowscarada
|-supereffective|p1a: Meowscarada
|-damage|p1a: Meowscarada|0 fnt
|faint|p1a: Meowscarada
|-damage|p2a: Corviknight|47/100|[from] Recoil
|
|upkeep
|
|t:|1769401384
|switch|p1a: Blaziken|Blaziken, M, shiny|100/100
|turn|4
|
|t:|1769401388
|move|p1a: Blaziken|Blaze Kick|p2a: Corviknight
|-supereffective|p2a: Corviknight
|-crit|p2a: Corviknight
|-damage|p2a: Corviknight|0 fnt
|-damage|p1a: Blaziken|84/100|[from] item: Rocky Helmet|[of] p2a: Corviknight
|faint|p2a: Corviknight
|-damage|p1a: Blaziken|74/100|[from] item: Life Orb
|
|-ability|p1a: Blaziken|Speed Boost|boost
|-boost|p1a: Blaziken|spe|1
|upkeep
|
|t:|1769401408
|switch|p2a: Garchomp|Garchomp, M|100/100
|turn|5
|
|t:|1769401420
|move|p1a: Blaziken|Protect|p1a: Blaziken
|-singleturn|p1a: Blaziken|Protect
|move|p2a: Garchomp|Earthquake|p1a: Blaziken
|-activate|p1a: Blaziken|move: Protect
|
|-ability|p1a: Blaziken|Speed Boost|boost
|-boost|p1a: Blaziken|spe|1
|upkeep
|turn|6
|
|t:|1769401433
|switch|p1a: Sylveon|Sylveon, F, shiny|100/100
|move|p2a: Garchomp|Earthquake|p1a: Sylveon
|-damage|p1a: Sylveon|54/100
|-damage|p2a: Garchomp|91/100|[from] item: Life Orb
|
|upkeep
|turn|7
|
|t:|1769401443
|switch|p2a: Swalot|Swalot, M, shiny|100/100
|move|p1a: Sylveon|Reflect|p1a: Sylveon
|-sidestart|p1: AzakOFC|Reflect
|
|upkeep
|turn|8
|
|t:|1769401449
|move|p2a: Swalot|Stuff Cheeks|p2a: Swalot
|-boost|p2a: Swalot|def|2
|-enditem|p2a: Swalot|Liechi Berry|[eat]
|-boost|p2a: Swalot|atk|1|[from] item: Liechi Berry
|move|p1a: Sylveon|Light Screen|p1a: Sylveon
|-sidestart|p1: AzakOFC|move: Light Screen
|
|upkeep
|turn|9
|
|t:|1769401459
|switch|p1a: Sylveon|Sylveon, F, shiny|100/100
|move|p2a: Swalot|Toxic|p1a: Sylveon
|-status|p1a: Sylveon|tox
|
|-damage|p1a: Sylveon|95/100 tox|[from] psn
|upkeep
|turn|10
|
|t:|1769401472
|move|p1a: Sylveon|Psychic|p2a: Swalot
|-supereffective|p2a: Swalot
|-crit|p2a: Swalot
|-damage|p2a: Swalot|0 fnt
|faint|p2a: Swalot
|-damage|p1a: Sylveon|85/100 tox|[from] item: Life Orb
|
|-damage|p1a: Sylveon|73/100 tox|[from] psn
|upkeep
|
|t:|1769401482
|switch|p2a: Meowscarada|Meowscarada, F|100/100
|turn|11
|
|t:|1769401486
|move|p2a: Meowscarada|Knock Off|p1a: Sylveon
|-start|p2a: Meowscarada|typechange|Dark|[from] ability: Protean
|-supereffective|p1a: Sylveon
|-crit|p1a: Sylveon
|-damage|p1a: Sylveon|0 fnt
|replace|p1a: Zoroark|Zoroark-Hisui, M, shiny
|-end|p1a: Zoroark|Illusion
|-enditem|p1a: Zoroark|Life Orb|[from] move: Knock Off|[of] p2a: Meowscarada
|faint|p1a: Zoroark
|
|upkeep
|
|t:|1769401498
|switch|p1a: Blaziken|Blaziken, M, shiny|74/100
|turn|12
|
|t:|1769401511
|switch|p2a: Garchomp|Garchomp, M|91/100
|move|p1a: Blaziken|Blaze Kick|p2a: Garchomp
|-resisted|p2a: Garchomp
|-crit|p2a: Garchomp
|-damage|p2a: Garchomp|49/100
|-damage|p1a: Blaziken|62/100|[from] ability: Rough Skin|[of] p2a: Garchomp
|-damage|p1a: Blaziken|52/100|[from] item: Life Orb
|
|-ability|p1a: Blaziken|Speed Boost|boost
|-boost|p1a: Blaziken|spe|1
|upkeep
|turn|13
|
|t:|1769401523
|move|p1a: Blaziken|Close Combat|p2a: Garchomp
|-damage|p2a: Garchomp|0 fnt
|-unboost|p1a: Blaziken|def|1
|-unboost|p1a: Blaziken|spd|1
|-damage|p1a: Blaziken|39/100|[from] ability: Rough Skin|[of] p2a: Garchomp
|faint|p2a: Garchomp
|-damage|p1a: Blaziken|29/100|[from] item: Life Orb
|
|-ability|p1a: Blaziken|Speed Boost|boost
|-boost|p1a: Blaziken|spe|1
|upkeep
|
|t:|1769401548
|switch|p2a: Rotom|Rotom-Wash|29/100
|turn|14
|
|t:|1769401555
|-terastallize|p2a: Rotom|Ghost
|move|p1a: Blaziken|Close Combat|p2a: Rotom
|-immune|p2a: Rotom
|move|p2a: Rotom|Hydro Pump|p1a: Blaziken
|-supereffective|p1a: Blaziken
|-crit|p1a: Blaziken
|-damage|p1a: Blaziken|0 fnt
|faint|p1a: Blaziken
|
|-heal|p2a: Rotom|34/100|[from] item: Leftovers
|-sideend|p1: AzakOFC|Reflect
|upkeep
|
|t:|1769401578
|switch|p1a: Sylveon|Sylveon, F, shiny|54/100
|turn|15
|
|t:|1769401585
|move|p2a: Rotom|Thunder Wave|p1a: Sylveon
|-status|p1a: Sylveon|par
|move|p1a: Sylveon|Reflect|p1a: Sylveon
|-sidestart|p1: AzakOFC|Reflect
|
|-heal|p2a: Rotom|40/100|[from] item: Leftovers
|-sideend|p1: AzakOFC|move: Light Screen
|upkeep
|turn|16
|
|t:|1769401598
|move|p2a: Rotom|Hydro Pump|p1a: Sylveon|[miss]
|-miss|p2a: Rotom|p1a: Sylveon
|move|p1a: Sylveon|Light Screen|p1a: Sylveon
|-sidestart|p1: AzakOFC|move: Light Screen
|
|-heal|p2a: Rotom|46/100|[from] item: Leftovers
|upkeep
|turn|17
|
|t:|1769401605
|move|p2a: Rotom|Hydro Pump|p1a: Sylveon
|-damage|p1a: Sylveon|40/100 par
|move|p1a: Sylveon|Shadow Ball|p2a: Rotom
|-supereffective|p2a: Rotom
|-damage|p2a: Rotom|5/100
|
|-heal|p2a: Rotom|11/100|[from] item: Leftovers
|upkeep
|turn|18
|
|t:|1769401615
|move|p2a: Rotom|Volt Switch|p1a: Sylveon
|-damage|p1a: Sylveon|32/100 par
|
|t:|1769401618
|switch|p2a: Meowscarada|Meowscarada, F|100/100|[from] Volt Switch
|move|p1a: Sylveon|Shadow Ball|p2a: Meowscarada
|-resisted|p2a: Meowscarada
|-damage|p2a: Meowscarada|86/100
|
|upkeep
|turn|19
|
|t:|1769401630
|move|p2a: Meowscarada|Flower Trick|p1a: Sylveon
|-start|p2a: Meowscarada|typechange|Grass|[from] ability: Protean
|-crit|p1a: Sylveon
|-damage|p1a: Sylveon|0 fnt
|faint|p1a: Sylveon
|
|upkeep
|
|t:|1769401637
|switch|p1a: Greninja|Greninja, M, shiny|100/100
|turn|20
|
|t:|1769401640
|move|p2a: Meowscarada|Flower Trick|p1a: Greninja
|-supereffective|p1a: Greninja
|-crit|p1a: Greninja
|-damage|p1a: Greninja|0 fnt
|faint|p1a: Greninja
|
|upkeep
|
|t:|1769401644
|switch|p1a: Lucario|Lucario, M|100/100
|turn|21
|
|t:|1769401653
|switch|p2a: Rotom|Rotom-Wash, tera:Ghost|11/100
|move|p1a: Lucario|Meteor Mash|p2a: Rotom
|-damage|p2a: Rotom|0 fnt
|faint|p2a: Rotom
|
|upkeep
|
|t:|1769401672
|switch|p2a: Scream Tail|Scream Tail|100/100
|turn|22
|
|t:|1769401675
|move|p1a: Lucario|Meteor Mash|p2a: Scream Tail
|-supereffective|p2a: Scream Tail
|-damage|p2a: Scream Tail|44/100
|move|p2a: Scream Tail|Wish|p2a: Scream Tail
|
|-heal|p2a: Scream Tail|50/100|[from] item: Leftovers
|-sideend|p1: AzakOFC|Reflect
|upkeep
|turn|23
|
|t:|1769401685
|move|p2a: Scream Tail|Protect|p2a: Scream Tail
|-singleturn|p2a: Scream Tail|Protect
|move|p1a: Lucario|Meteor Mash|p2a: Scream Tail
|-activate|p2a: Scream Tail|move: Protect
|
|-heal|p2a: Scream Tail|99/100|[from] move: Wish|[wisher] Scream Tail
|-heal|p2a: Scream Tail|100/100|[from] item: Leftovers
|-sideend|p1: AzakOFC|move: Light Screen
|upkeep
|turn|24
|
|t:|1769401696
|move|p1a: Lucario|Meteor Mash|p2a: Scream Tail
|-supereffective|p2a: Scream Tail
|-damage|p2a: Scream Tail|48/100
|move|p2a: Scream Tail|Dazzling Gleam|p1a: Lucario
|-damage|p1a: Lucario|71/100
|
|-heal|p2a: Scream Tail|54/100|[from] item: Leftovers
|upkeep
|turn|25
|
|t:|1769401708
|move|p1a: Lucario|Meteor Mash|p2a: Scream Tail|[miss]
|-miss|p1a: Lucario|p2a: Scream Tail
|move|p2a: Scream Tail|Dazzling Gleam|p1a: Lucario
|-damage|p1a: Lucario|40/100
|
|-heal|p2a: Scream Tail|60/100|[from] item: Leftovers
|upkeep
|turn|26
|
|t:|1769401718
|move|p1a: Lucario|Meteor Mash|p2a: Scream Tail
|-supereffective|p2a: Scream Tail
|-damage|p2a: Scream Tail|8/100
|move|p2a: Scream Tail|Dazzling Gleam|p1a: Lucario
|-damage|p1a: Lucario|6/100
|
|-heal|p2a: Scream Tail|14/100|[from] item: Leftovers
|upkeep
|turn|27
|
|t:|1769401728
|move|p1a: Lucario|Extreme Speed|p2a: Scream Tail
|-damage|p2a: Scream Tail|0 fnt
|faint|p2a: Scream Tail
|-end|p2a: Scream Tail|Protosynthesis|[silent]
|
|upkeep
|
|t:|1769401734
|switch|p2a: Meowscarada|Meowscarada, F|86/100
|turn|28
|
|t:|1769401743
|move|p1a: Lucario|Extreme Speed|p2a: Meowscarada
|-damage|p2a: Meowscarada|47/100
|move|p2a: Meowscarada|Flower Trick|p1a: Lucario
|-start|p2a: Meowscarada|typechange|Grass|[from] ability: Protean
|-resisted|p1a: Lucario
|-crit|p1a: Lucario
|-damage|p1a: Lucario|0 fnt
|faint|p1a: Lucario
|
|win|YummyGravy
|raw|AzakOFC's rating: 1123 &rarr; <strong>1098</strong><br />(-25 for losing)
|raw|YummyGravy's rating: 1119 &rarr; <strong>1144</strong><br />(+25 for winning)
|c|☆YummyGravy|Gg
|l|☆YummyGravy
|player|p2|
|l|☆AzakOFC
|player|p1|
