|inactive|Battle timer is ON: inactive players will automatically lose when time's up.
|t:|1769350463
|gametype|singles
|player|p1|Macaco Socialista|ogreclan|
|player|p2|Timothee shelmet|1|
|gen|9
|tier|[Gen 9] OU
|rule|HP Percentage Mod: HP is shown in percentages
|rule|Endless Battle Clause: Forcing endless battles is banned
|rule|Species Clause: Limit one of each Pokémon
|rule|OHKO Clause: OHKO moves are banned
|rule|Evasion Items Clause: Evasion items are banned
|rule|Evasion Moves Clause: Evasion moves are banned
|rule|Evasion Abilities Clause: Evasion abilities are banned
|rule|Sleep Moves Clause: Sleep-inducing moves are banned
|clearpoke
|poke|p1|Rillaboom, F|
|poke|p1|Serperior, F|
|poke|p1|Heatran, M|
|poke|p1|Gholdengo|
|poke|p1|Zamazenta-*|
|poke|p1|Great Tusk|
|poke|p2|Zamazenta-*|
|poke|p2|Tornadus-Therian, M|
|poke|p2|Pecharunt|
|poke|p2|Ting-Lu|
|poke|p2|Kyurem|
|poke|p2|Iron Treads|
|teampreview
|inactive|Macaco Socialista also wants the timer to be on.
|c|☆Timothee shelmet|Hf
|c|☆Macaco Socialista|u2 
|inactive|Macaco Socialista has 270 seconds left.
|c|+starry|lets go macaco socialista
|inactive|Timothee shelmet disconnected and has 300 seconds to reconnect!
|player|p2|
|inactive|Macaco Socialista has 240 seconds left.
|
|t:|1769350527
|teamsize|p1|6
|teamsize|p2|6
|start
|switch|p1a: Heatran|Heatran, M|100/100
|switch|p2a: Kyurem|Kyurem|100/100
|-ability|p2a: Kyurem|Pressure
|-item|p1a: Heatran|Air Balloon
|turn|1
|inactive|Timothee shelmet reconnected and has 300 seconds left.
|player|p2|Timothee shelmet|1|
|
|t:|1769350545
|move|p2a: Kyurem|Freeze-Dry|p1a: Heatran
|-resisted|p1a: Heatran
|-crit|p1a: Heatran
|-damage|p1a: Heatran|91/100
|-enditem|p1a: Heatran|Air Balloon
|move|p1a: Heatran|Stealth Rock|p2a: Kyurem
|-sidestart|p2: Timothee shelmet|move: Stealth Rock
|
|upkeep
|turn|2
|inactive|Macaco Socialista has 270 seconds left.
|c|+Sheik|lets go expulso but lets go macaco too
|inactive|Macaco Socialista has 240 seconds left.
|c|☆Timothee shelmet|go classy
|
|t:|1769350616
|switch|p1a: Zamazenta|Zamazenta|100/100
|-ability|p1a: Zamazenta|Dauntless Shield|boost
|-boost|p1a: Zamazenta|def|1
|move|p2a: Kyurem|Earth Power|p1a: Zamazenta
|-damage|p1a: Zamazenta|73/100
|
|upkeep
|turn|3
|
|t:|1769350643
|switch|p2a: Pecharunt|Pecharunt|100/100
|move|p1a: Zamazenta|Close Combat|p2a: Pecharunt
|-immune|p2a: Pecharunt
|
|upkeep
|turn|4
|
|t:|1769350649
|move|p1a: Zamazenta|Psychic Fangs|p2a: Pecharunt
|-supereffective|p2a: Pecharunt
|-damage|p2a: Pecharunt|50/100
|-damage|p1a: Zamazenta|63/100|[from] item: Life Orb
|move|p2a: Pecharunt|Shadow Ball|p1a: Zamazenta
|-damage|p1a: Zamazenta|41/100
|
|upkeep
|turn|5
|
|t:|1769350670
|switch|p2a: Ting-Lu|Ting-Lu|100/100
|-damage|p2a: Ting-Lu|94/100|[from] Stealth Rock
|-ability|p2a: Ting-Lu|Vessel of Ruin
|move|p1a: Zamazenta|Psychic Fangs|p2a: Ting-Lu
|-immune|p2a: Ting-Lu
|
|-heal|p2a: Ting-Lu|100/100|[from] item: Leftovers
|upkeep
|turn|6
|inactive|Timothee shelmet has 270 seconds left.
|c|+Xrn|LETS GO MACACO
|
|t:|1769350708
|move|p1a: Zamazenta|Close Combat|p2a: Ting-Lu
|-supereffective|p2a: Ting-Lu
|-damage|p2a: Ting-Lu|2/100
|-unboost|p1a: Zamazenta|def|1
|-unboost|p1a: Zamazenta|spd|1
|-damage|p1a: Zamazenta|32/100|[from] item: Life Orb
|move|p2a: Ting-Lu|Earthquake|p1a: Zamazenta
|-damage|p1a: Zamazenta|0 fnt
|faint|p1a: Zamazenta
|
|-heal|p2a: Ting-Lu|8/100|[from] item: Leftovers
|upkeep
|inactive|Macaco Socialista has 210 seconds left.
|
|t:|1769350721
|switch|p1a: Serperior|Serperior, F|100/100
|turn|7
|inactive|Timothee shelmet has 270 seconds left.
|c|+sulfura152|Let's go macaco !
|
|t:|1769350729
|move|p1a: Serperior|Knock Off|p2a: Ting-Lu
|-resisted|p2a: Ting-Lu
|-damage|p2a: Ting-Lu|4/100
|-enditem|p2a: Ting-Lu|Leftovers|[from] move: Knock Off|[of] p1a: Serperior
|move|p2a: Ting-Lu|Whirlwind|p1a: Serperior
|drag|p1a: Gholdengo|Gholdengo|100/100
|
|upkeep
|turn|8
|c|+sulfura152|Sinj power !
|inactive|Timothee shelmet has 270 seconds left.
|inactive|Macaco Socialista has 210 seconds left.
|
|t:|1769350757
|switch|p2a: Iron Treads|Iron Treads|100/100
|-damage|p2a: Iron Treads|98/100|[from] Stealth Rock
|move|p1a: Gholdengo|Shadow Ball|p2a: Iron Treads
|-damage|p2a: Iron Treads|62/100
|-unboost|p2a: Iron Treads|spd|1
|
|-heal|p2a: Iron Treads|68/100|[from] item: Leftovers
|upkeep
|turn|9
|inactive|Macaco Socialista has 210 seconds left.
|
|t:|1769350792
|move|p2a: Iron Treads|Stealth Rock|p1a: Gholdengo
|-sidestart|p1: Macaco Socialista|move: Stealth Rock
|move|p1a: Gholdengo|Focus Blast|p2a: Iron Treads
|-supereffective|p2a: Iron Treads
|-damage|p2a: Iron Treads|0 fnt
|faint|p2a: Iron Treads
|-end|p2a: Iron Treads|Quark Drive|[silent]
|
|upkeep
|inactive|Timothee shelmet has 240 seconds left.
|
|t:|1769350825
|switch|p2a: Kyurem|Kyurem|100/100
|-damage|p2a: Kyurem|76/100|[from] Stealth Rock
|-ability|p2a: Kyurem|Pressure
|turn|10
|
|t:|1769350841
|move|p2a: Kyurem|Earth Power|p1a: Gholdengo
|-supereffective|p1a: Gholdengo
|-damage|p1a: Gholdengo|48/100
|move|p1a: Gholdengo|Focus Blast|p2a: Kyurem
|-supereffective|p2a: Kyurem
|-damage|p2a: Kyurem|0 fnt
|faint|p2a: Kyurem
|
|upkeep
|inactive|Timothee shelmet has 240 seconds left.
|
|t:|1769350855
|switch|p2a: Pecharunt|Pecharunt|50/100
|turn|11
|inactive|Macaco Socialista has 180 seconds left.
|
|t:|1769350904
|move|p2a: Pecharunt|Shadow Ball|p1a: Gholdengo
|-supereffective|p1a: Gholdengo
|-damage|p1a: Gholdengo|3/100
|move|p1a: Gholdengo|Shadow Ball|p2a: Pecharunt
|-supereffective|p2a: Pecharunt
|-damage|p2a: Pecharunt|0 fnt
|faint|p2a: Pecharunt
|
|upkeep
|
|t:|1769350910
|switch|p2a: Tornadus|Tornadus-Therian, M|100/100
|-damage|p2a: Tornadus|76/100|[from] Stealth Rock
|turn|12
|
|t:|1769350915
|move|p2a: Tornadus|Knock Off|p1a: Gholdengo
|-supereffective|p1a: Gholdengo
|-damage|p1a: Gholdengo|0 fnt
|-enditem|p1a: Gholdengo|Grassy Seed|[from] move: Knock Off|[of] p2a: Tornadus
|faint|p1a: Gholdengo
|
|upkeep
|
|t:|1769350923
|switch|p1a: Heatran|Heatran, M|91/100
|-damage|p1a: Heatran|79/100|[from] Stealth Rock
|turn|13
|
|t:|1769350926
|move|p2a: Tornadus|U-turn|p1a: Heatran
|-resisted|p1a: Heatran
|-damage|p1a: Heatran|76/100
|
|t:|1769350928
|switch|p2a: Ting-Lu|Ting-Lu|4/100|[from] U-turn
|-damage|p2a: Ting-Lu|0 fnt|[from] Stealth Rock
|faint|p2a: Ting-Lu
|move|p1a: Heatran|Magma Storm|p2: Ting-Lu|[notarget]
|-fail|p1a: Heatran
|
|upkeep
|inactive|Timothee shelmet has 270 seconds left.
|
|t:|1769350938
|switch|p2a: Zamazenta|Zamazenta|100/100
|-damage|p2a: Zamazenta|94/100|[from] Stealth Rock
|-ability|p2a: Zamazenta|Dauntless Shield|boost
|-boost|p2a: Zamazenta|def|1
|turn|14
|inactive|Macaco Socialista has 180 seconds left.
|inactive|Macaco Socialista has 150 seconds left.
|
|t:|1769351013
|switch|p1a: Great Tusk|Great Tusk|100/100
|-damage|p1a: Great Tusk|97/100|[from] Stealth Rock
|-enditem|p1a: Great Tusk|Booster Energy
|-activate|p1a: Great Tusk|ability: Protosynthesis|[fromitem]
|-start|p1a: Great Tusk|protosynthesisspe
|-terastallize|p2a: Zamazenta|Fire
|move|p2a: Zamazenta|Iron Defense|p2a: Zamazenta
|-boost|p2a: Zamazenta|def|2
|
|-heal|p2a: Zamazenta|100/100|[from] item: Leftovers
|upkeep
|turn|15
|c|+Piyu|!weak ground
|c|+Piyu|/raw <div class="infobox">Ground:<br /><span class="message-effect-weak">Weaknesses</span>: Grass, Ice, Water<br /><span class="message-effect-resist">Resistances</span>: Poison, Rock<br /><span class="message-effect-immune">Immunities</span>: Electric, Sandstorm damage</div>
|
|t:|1769351029
|move|p1a: Great Tusk|Headlong Rush|p2a: Zamazenta
|-supereffective|p2a: Zamazenta
|-crit|p2a: Zamazenta
|-damage|p2a: Zamazenta|0 fnt
|-unboost|p1a: Great Tusk|def|1
|-unboost|p1a: Great Tusk|spd|1
|faint|p2a: Zamazenta
|
|upkeep
|c|☆Macaco Socialista|Mb
|c|☆Timothee shelmet|Gg
|c|☆Timothee shelmet|nw
|inactive|Timothee shelmet has 270 seconds left.
|-message|Timothee shelmet forfeited.
|
|win|Macaco Socialista
|c|+starry|dont apologize he deserved it
