|badge|p2|bronze|gen9uu|100-8
|uhtml|medal-msg|<div class="broadcast-blue">Curious what those medals under the avatar are? PS now has Ladder Seasons! For more information, check out the <a href="https://www.smogon.com/forums/threads/3740067/">thread on Smogon.</a></div>
|j|☆keyshotbab
|j|☆damorush
|t:|1769414872
|gametype|singles
|player|p1|keyshotbab|1|1696
|player|p2|damorush|169|1671
|gen|9
|tier|[Gen 9] OU
|rated|
|rule|HP Percentage Mod: HP is shown in percentages
|rule|Endless Battle Clause: Forcing endless battles is banned
|rule|Species Clause: Limit one of each Pokémon
|rule|OHKO Clause: OHKO moves are banned
|rule|Evasion Items Clause: Evasion items are banned
|rule|Evasion Moves Clause: Evasion moves are banned
|rule|Evasion Abilities Clause: Evasion abilities are banned
|rule|Sleep Moves Clause: Sleep-inducing moves are banned
|clearpoke
|poke|p1|Clodsire, F|
|poke|p1|Grimmsnarl, M|
|poke|p1|Latias, F|
|poke|p1|Zamazenta-*|
|poke|p1|Gliscor, F|
|poke|p1|Ursaluna, F|
|poke|p2|Iron Crown|
|poke|p2|Samurott-Hisui, F|
|poke|p2|Zapdos|
|poke|p2|Dragapult, M|
|poke|p2|Great Tusk|
|poke|p2|Iron Boulder|
|teampreview
|
|t:|1769414884
|teamsize|p1|6
|teamsize|p2|6
|start
|switch|p1a: Zamazenta|Zamazenta|100/100
|switch|p2a: Mindreader|Iron Crown|100/100
|-ability|p1a: Zamazenta|Dauntless Shield|boost
|-boost|p1a: Zamazenta|def|1
|turn|1
|
|t:|1769414894
|switch|p1a: Grimmsnarl|Grimmsnarl, M|100/100
|move|p2a: Mindreader|Tachyon Cutter|p1a: Grimmsnarl
|-supereffective|p1a: Grimmsnarl
|-damage|p1a: Grimmsnarl|46/100
|-supereffective|p1a: Grimmsnarl
|-damage|p1a: Grimmsnarl|0 fnt
|faint|p1a: Grimmsnarl
|-hitcount|p1: Grimmsnarl|2
|
|upkeep
|
|t:|1769414903
|switch|p1a: Zamazenta|Zamazenta|100/100
|turn|2
|
|t:|1769414906
|move|p1a: Zamazenta|Light Screen|p1a: Zamazenta
|-sidestart|p1: keyshotbab|move: Light Screen
|move|p2a: Mindreader|Tachyon Cutter|p1a: Zamazenta
|-damage|p1a: Zamazenta|83/100
|-damage|p1a: Zamazenta|67/100
|-hitcount|p1a: Zamazenta|2
|
|upkeep
|turn|3
|
|t:|1769414910
|move|p1a: Zamazenta|Reflect|p1a: Zamazenta
|-sidestart|p1: keyshotbab|Reflect
|move|p2a: Mindreader|Tachyon Cutter|p1a: Zamazenta
|-damage|p1a: Zamazenta|51/100
|-damage|p1a: Zamazenta|34/100
|-hitcount|p1a: Zamazenta|2
|
|upkeep
|turn|4
|
|t:|1769414925
|switch|p1a: Ursaluna|Ursaluna, F|100/100
|move|p2a: Mindreader|Tachyon Cutter|p1a: Ursaluna
|-damage|p1a: Ursaluna|82/100
|-damage|p1a: Ursaluna|65/100
|-hitcount|p1a: Ursaluna|2
|
|-status|p1a: Ursaluna|brn|[from] item: Flame Orb
|upkeep
|turn|5
|
|t:|1769414945
|-end|p2a: Mindreader|Quark Drive|[silent]
|switch|p2a: Pump It|Great Tusk|100/100
|move|p1a: Ursaluna|Facade|p2a: Pump It
|-damage|p2a: Pump It|14/100
|
|-damage|p1a: Ursaluna|59/100 brn|[from] brn
|upkeep
|turn|6
|inactive|Battle timer is ON: inactive players will automatically lose when time's up. (requested by keyshotbab)
|
|t:|1769414953
|move|p2a: Pump It|Stealth Rock|p1a: Ursaluna
|-sidestart|p1: keyshotbab|move: Stealth Rock
|move|p1a: Ursaluna|Facade|p2a: Pump It
|-damage|p2a: Pump It|0 fnt
|faint|p2a: Pump It
|-end|p2a: Pump It|Protosynthesis|[silent]
|
|-damage|p1a: Ursaluna|53/100 brn|[from] brn
|upkeep
|
|t:|1769414963
|switch|p2a: Mindreader|Iron Crown|100/100
|turn|7
|
|t:|1769414972
|-terastallize|p2a: Mindreader|Steel
|move|p2a: Mindreader|Tachyon Cutter|p1a: Ursaluna
|-damage|p1a: Ursaluna|30/100 brn
|-damage|p1a: Ursaluna|8/100 brn
|-hitcount|p1a: Ursaluna|2
|move|p1a: Ursaluna|Fire Punch|p2a: Mindreader
|-supereffective|p2a: Mindreader
|-damage|p2a: Mindreader|0 fnt
|faint|p2a: Mindreader
|-end|p2a: Mindreader|Quark Drive|[silent]
|
|-damage|p1a: Ursaluna|2/100 brn|[from] brn
|upkeep
|inactive|damorush has 120 seconds left.
|
|t:|1769415004
|switch|p2a: Everytime We Touch|Samurott-Hisui, F|100/100
|turn|8
|
|t:|1769415017
|move|p2a: Everytime We Touch|Ceaseless Edge|p1a: Ursaluna
|-damage|p1a: Ursaluna|0 fnt
|-sidestart|p1: keyshotbab|Spikes
|faint|p1a: Ursaluna
|
|upkeep
|
|t:|1769415028
|switch|p1a: Zamazenta|Zamazenta|34/100
|-damage|p1a: Zamazenta|28/100|[from] Stealth Rock
|-damage|p1a: Zamazenta|16/100|[from] Spikes
|turn|9
|
|t:|1769415033
|move|p2a: Everytime We Touch|Ceaseless Edge|p1a: Zamazenta
|-resisted|p1a: Zamazenta
|-damage|p1a: Zamazenta|5/100
|-sidestart|p1: keyshotbab|Spikes
|move|p1a: Zamazenta|Close Combat|p2a: Everytime We Touch
|-supereffective|p2a: Everytime We Touch
|-damage|p2a: Everytime We Touch|0 fnt
|-unboost|p1a: Zamazenta|def|1
|-unboost|p1a: Zamazenta|spd|1
|faint|p2a: Everytime We Touch
|
|-sideend|p1: keyshotbab|move: Light Screen
|upkeep
|
|t:|1769415039
|switch|p2a: Parasite|Dragapult, M|100/100
|turn|10
|
|t:|1769415043
|move|p2a: Parasite|Dragon Darts|p1a: Zamazenta
|-damage|p1a: Zamazenta|0 fnt
|faint|p1a: Zamazenta
|
|-sideend|p1: keyshotbab|Reflect
|upkeep
|
|t:|1769415049
|switch|p1a: Latias|Latias, F|100/100
|-damage|p1a: Latias|88/100|[from] Stealth Rock
|turn|11
|
|t:|1769415053
|switch|p2a: Revery|Iron Boulder|100/100
|-enditem|p2a: Revery|Booster Energy
|-activate|p2a: Revery|ability: Quark Drive|[fromitem]
|-start|p2a: Revery|quarkdrivespe
|-terastallize|p1a: Latias|Fairy
|move|p1a: Latias|Agility|p1a: Latias
|-boost|p1a: Latias|spe|2
|
|-heal|p1a: Latias|94/100|[from] item: Leftovers
|upkeep
|turn|12
|
|t:|1769415069
|move|p2a: Revery|Swords Dance|p2a: Revery
|-boost|p2a: Revery|atk|2
|move|p1a: Latias|Calm Mind|p1a: Latias
|-boost|p1a: Latias|spa|1
|-boost|p1a: Latias|spd|1
|
|-heal|p1a: Latias|100/100|[from] item: Leftovers
|upkeep
|turn|13
|j| Hybbridd
|
|t:|1769415073
|move|p2a: Revery|Mighty Cleave|p1a: Latias
|-damage|p1a: Latias|6/100
|move|p1a: Latias|Draining Kiss|p2a: Revery
|-damage|p2a: Revery|60/100
|-heal|p1a: Latias|34/100|[from] drain|[of] p2a: Revery
|
|-heal|p1a: Latias|40/100|[from] item: Leftovers
|upkeep
|turn|14
|
|t:|1769415080
|move|p2a: Revery|Mighty Cleave|p1a: Latias
|-damage|p1a: Latias|0 fnt
|faint|p1a: Latias
|
|upkeep
|
|t:|1769415084
|switch|p1a: Clodsire|Clodsire, F|100/100
|-damage|p1a: Clodsire|94/100|[from] Stealth Rock
|-damage|p1a: Clodsire|78/100|[from] Spikes
|turn|15
|
|t:|1769415086
|move|p2a: Revery|Zen Headbutt|p1a: Clodsire
|-supereffective|p1a: Clodsire
|-damage|p1a: Clodsire|19/100
|move|p1a: Clodsire|Stockpile|p1a: Clodsire
|-start|p1a: Clodsire|stockpile1
|-boost|p1a: Clodsire|def|1
|-boost|p1a: Clodsire|spd|1
|
|-heal|p1a: Clodsire|26/100|[from] item: Leftovers
|upkeep
|turn|16
|inactive|keyshotbab has 120 seconds left.
|inactive|keyshotbab has 90 seconds left.
|j| Tbccc15
|
|t:|1769415160
|move|p2a: Revery|Zen Headbutt|p1a: Clodsire|[miss]
|-miss|p2a: Revery|p1a: Clodsire
|move|p1a: Clodsire|Recover|p1a: Clodsire
|-heal|p1a: Clodsire|76/100
|
|-heal|p1a: Clodsire|82/100|[from] item: Leftovers
|upkeep
|turn|17
|
|t:|1769415179
|move|p2a: Revery|Zen Headbutt|p1a: Clodsire
|-supereffective|p1a: Clodsire
|-damage|p1a: Clodsire|45/100
|move|p1a: Clodsire|Stockpile|p1a: Clodsire
|-start|p1a: Clodsire|stockpile2
|-boost|p1a: Clodsire|def|1
|-boost|p1a: Clodsire|spd|1
|
|-heal|p1a: Clodsire|52/100|[from] item: Leftovers
|upkeep
|turn|18
|inactive|keyshotbab has 90 seconds left.
|
|t:|1769415184
|move|p2a: Revery|Zen Headbutt|p1a: Clodsire
|-supereffective|p1a: Clodsire
|-damage|p1a: Clodsire|24/100
|move|p1a: Clodsire|Recover|p1a: Clodsire
|-heal|p1a: Clodsire|74/100
|
|-heal|p1a: Clodsire|81/100|[from] item: Leftovers
|upkeep
|turn|19
|
|t:|1769415188
|move|p2a: Revery|Zen Headbutt|p1a: Clodsire
|-supereffective|p1a: Clodsire
|-damage|p1a: Clodsire|54/100
|move|p1a: Clodsire|Recover|p1a: Clodsire
|-heal|p1a: Clodsire|100/100
|
|upkeep
|turn|20
|
|t:|1769415192
|move|p2a: Revery|Zen Headbutt|p1a: Clodsire
|-supereffective|p1a: Clodsire
|-damage|p1a: Clodsire|71/100
|move|p1a: Clodsire|Earthquake|p2a: Revery
|-supereffective|p2a: Revery
|-damage|p2a: Revery|0 fnt
|faint|p2a: Revery
|-end|p2a: Revery|Quark Drive|[silent]
|
|-heal|p1a: Clodsire|77/100|[from] item: Leftovers
|upkeep
|
|t:|1769415198
|switch|p2a: Parasite|Dragapult, M|100/100
|turn|21
|inactive|keyshotbab has 120 seconds left.
|
|t:|1769415205
|move|p2a: Parasite|Dragon Darts|p1a: Clodsire
|-damage|p1a: Clodsire|63/100
|-anim|p2a: Parasite|Dragon Darts|p1a: Clodsire
|-damage|p1a: Clodsire|49/100
|move|p1a: Clodsire|Toxic|p2a: Parasite
|-status|p2a: Parasite|tox
|
|-heal|p1a: Clodsire|55/100|[from] item: Leftovers
|-damage|p2a: Parasite|95/100 tox|[from] psn
|upkeep
|turn|22
|
|t:|1769415208
|move|p2a: Parasite|Dragon Darts|p1a: Clodsire
|-damage|p1a: Clodsire|41/100
|-anim|p2a: Parasite|Dragon Darts|p1a: Clodsire
|-damage|p1a: Clodsire|29/100
|move|p1a: Clodsire|Recover|p1a: Clodsire
|-heal|p1a: Clodsire|79/100
|
|-heal|p1a: Clodsire|85/100|[from] item: Leftovers
|-damage|p2a: Parasite|83/100 tox|[from] psn
|upkeep
|turn|23
|j| zouzmaa
|
|t:|1769415213
|move|p2a: Parasite|Dragon Darts|p1a: Clodsire
|-damage|p1a: Clodsire|70/100
|-anim|p2a: Parasite|Dragon Darts|p1a: Clodsire
|-damage|p1a: Clodsire|56/100
|move|p1a: Clodsire|Stockpile|p1a: Clodsire
|-start|p1a: Clodsire|stockpile3
|-boost|p1a: Clodsire|def|1
|-boost|p1a: Clodsire|spd|1
|
|-heal|p1a: Clodsire|62/100|[from] item: Leftovers
|-damage|p2a: Parasite|65/100 tox|[from] psn
|upkeep
|turn|24
|-message|damorush forfeited.
|
|win|keyshotbab
|raw|keyshotbab's rating: 1696 &rarr; <strong>1713</strong><br />(+17 for winning)
|raw|damorush's rating: 1648 &rarr; <strong>1631</strong><br />(-17 for losing)
|l|☆damorush
|player|p2|
|l| Hybbridd
|l|☆keyshotbab
|player|p1|
|l| Tbccc15
