|j|☆Ulookugly
|j|☆1337muffin1337
|t:|1769321047
|gametype|singles
|player|p1|Ulookugly|101|1153
|player|p2|1337muffin1337|rocketgruntf|1099
|gen|9
|tier|[Gen 9] OU
|rated|
|rule|HP Percentage Mod: HP is shown in percentages
|rule|Endless Battle Clause: Forcing endless battles is banned
|rule|Species Clause: Limit one of each Pokémon
|rule|OHKO Clause: OHKO moves are banned
|rule|Evasion Items Clause: Evasion items are banned
|rule|Evasion Moves Clause: Evasion moves are banned
|rule|Evasion Abilities Clause: Evasion abilities are banned
|rule|Sleep Moves Clause: Sleep-inducing moves are banned
|clearpoke
|poke|p1|Gengar, F|
|poke|p1|Meowscarada, F|
|poke|p1|Greninja-*, M|
|poke|p1|Iron Crown|
|poke|p1|Infernape, F|
|poke|p1|Hatterene, F|
|poke|p2|Delphox, F|
|poke|p2|Venusaur, F|
|poke|p2|Blastoise, M|
|poke|p2|Darkrai|
|poke|p2|Iron Treads|
|poke|p2|Conkeldurr, M|
|teampreview
|inactive|Battle timer is ON: inactive players will automatically lose when time's up. (requested by Ulookugly)
|
|t:|1769321068
|teamsize|p1|6
|teamsize|p2|6
|start
|switch|p1a: Hatterene|Hatterene, F|100/100
|switch|p2a: Delphox|Delphox, F|100/100
|turn|1
|
|t:|1769321084
|move|p2a: Delphox|Nasty Plot|p2a: Delphox
|-boost|p2a: Delphox|spa|2
|move|p1a: Hatterene|Future Sight|p2a: Delphox
|-start|p1a: Hatterene|move: Future Sight
|
|upkeep
|turn|2
|
|t:|1769321098
|switch|p1a: Meowscarada|Meowscarada, F|100/100
|move|p2a: Delphox|Night Shade|p1a: Meowscarada
|-damage|p1a: Meowscarada|66/100
|
|upkeep
|turn|3
|
|t:|1769321108
|move|p1a: Meowscarada|Chilling Water|p2a: Delphox
|-start|p1a: Meowscarada|typechange|Water|[from] ability: Protean
|-supereffective|p2a: Delphox
|-damage|p2a: Delphox|36/100
|-unboost|p2a: Delphox|atk|1
|move|p2a: Delphox|Fire Blast|p1a: Meowscarada
|-resisted|p1a: Meowscarada
|-damage|p1a: Meowscarada|0 fnt
|faint|p1a: Meowscarada
|
|-end|p2a: Delphox|move: Future Sight
|-resisted|p2a: Delphox
|-damage|p2a: Delphox|5/100
|upkeep
|
|t:|1769321121
|switch|p1a: Greninja|Greninja, M|100/100
|turn|4
|
|t:|1769321131
|move|p1a: Greninja|Water Shuriken|p2a: Delphox
|-supereffective|p2a: Delphox
|-damage|p2a: Delphox|0 fnt
|faint|p2a: Delphox
|-ability|p1a: Greninja|Battle Bond|boost
|-boost|p1a: Greninja|atk|1
|-boost|p1a: Greninja|spa|1
|-boost|p1a: Greninja|spe|1
|-activate|p1a: Greninja|ability: Battle Bond
|-hitcount|p2: Delphox|1
|
|upkeep
|
|t:|1769321139
|switch|p2a: Blastoise|Blastoise, M|100/100
|turn|5
|
|t:|1769321150
|switch|p2a: Venusaur|Venusaur, F, shiny|100/100
|move|p1a: Greninja|Sludge Wave|p2a: Venusaur
|-damage|p2a: Venusaur|54/100
|
|-heal|p2a: Venusaur|60/100|[from] item: Leftovers
|upkeep
|turn|6
|
|t:|1769321159
|move|p1a: Greninja|Extrasensory|p2a: Venusaur
|-supereffective|p2a: Venusaur
|-damage|p2a: Venusaur|0 fnt
|faint|p2a: Venusaur
|
|upkeep
|
|t:|1769321167
|switch|p2a: Iron Treads|Iron Treads|100/100
|-enditem|p2a: Iron Treads|Booster Energy
|-activate|p2a: Iron Treads|ability: Quark Drive|[fromitem]
|-start|p2a: Iron Treads|quarkdrivespe
|turn|7
|
|t:|1769321175
|move|p1a: Greninja|Water Shuriken|p2a: Iron Treads
|-supereffective|p2a: Iron Treads
|-damage|p2a: Iron Treads|70/100
|-supereffective|p2a: Iron Treads
|-damage|p2a: Iron Treads|38/100
|-supereffective|p2a: Iron Treads
|-damage|p2a: Iron Treads|8/100
|-supereffective|p2a: Iron Treads
|-damage|p2a: Iron Treads|0 fnt
|faint|p2a: Iron Treads
|-end|p2a: Iron Treads|Quark Drive|[silent]
|-hitcount|p2: Iron Treads|4
|
|upkeep
|
|t:|1769321184
|switch|p2a: Conkeldurr|Conkeldurr, M|100/100
|turn|8
|
|t:|1769321196
|move|p1a: Greninja|Sludge Wave|p2a: Conkeldurr
|-damage|p2a: Conkeldurr|48/100
|move|p2a: Conkeldurr|Drain Punch|p1a: Greninja
|-supereffective|p1a: Greninja
|-damage|p1a: Greninja|0 fnt
|-heal|p2a: Conkeldurr|82/100|[from] drain|[of] p1a: Greninja
|faint|p1a: Greninja
|
|upkeep
|
|t:|1769321203
|switch|p1a: Gengar|Gengar, F|100/100
|turn|9
|
|t:|1769321209
|move|p1a: Gengar|Toxic|p2a: Conkeldurr
|-status|p2a: Conkeldurr|tox
|move|p2a: Conkeldurr|Fire Punch|p1a: Gengar
|-damage|p1a: Gengar|37/100
|-start|p2a: Conkeldurr|Disable|Fire Punch|[from] ability: Cursed Body|[of] p1a: Gengar
|
|-damage|p2a: Conkeldurr|76/100 tox|[from] psn
|upkeep
|turn|10
|
|t:|1769321220
|switch|p1a: Infernape|Infernape, F|100/100
|move|p2a: Conkeldurr|Ice Punch|p1a: Infernape
|-resisted|p1a: Infernape
|-damage|p1a: Infernape|77/100
|
|-damage|p2a: Conkeldurr|64/100 tox|[from] psn
|upkeep
|turn|11
|
|t:|1769321233
|move|p1a: Infernape|Switcheroo|p2a: Conkeldurr
|-activate|p1a: Infernape|move: Trick|[of] p2a: Conkeldurr
|-item|p2a: Conkeldurr|Choice Scarf|[from] move: Switcheroo
|-item|p1a: Infernape|Punching Glove|[from] move: Switcheroo
|move|p2a: Conkeldurr|Drain Punch|p1a: Infernape
|-damage|p1a: Infernape|12/100
|-heal|p2a: Conkeldurr|87/100 tox|[from] drain|[of] p1a: Infernape
|
|-damage|p2a: Conkeldurr|69/100 tox|[from] psn
|upkeep
|turn|12
|
|t:|1769321258
|switch|p2a: Blastoise|Blastoise, M|100/100
|move|p1a: Infernape|Mach Punch|p2a: Blastoise
|-damage|p2a: Blastoise|76/100
|
|upkeep
|turn|13
|
|t:|1769321268
|move|p1a: Infernape|Knock Off|p2a: Blastoise
|-damage|p2a: Blastoise|45/100
|-enditem|p2a: Blastoise|Expert Belt|[from] move: Knock Off|[of] p1a: Infernape
|move|p2a: Blastoise|Shell Smash|p2a: Blastoise
|-unboost|p2a: Blastoise|def|1
|-unboost|p2a: Blastoise|spd|1
|-boost|p2a: Blastoise|atk|2
|-boost|p2a: Blastoise|spa|2
|-boost|p2a: Blastoise|spe|2
|
|upkeep
|turn|14
|
|t:|1769321280
|move|p1a: Infernape|Mach Punch|p2a: Blastoise
|-damage|p2a: Blastoise|7/100
|move|p2a: Blastoise|Earthquake|p1a: Infernape
|-supereffective|p1a: Infernape
|-damage|p1a: Infernape|0 fnt
|faint|p1a: Infernape
|
|upkeep
|
|t:|1769321287
|switch|p1a: Gengar|Gengar, F|37/100
|turn|15
|
|t:|1769321290
|move|p1a: Gengar|Toxic|p2a: Blastoise
|-status|p2a: Blastoise|tox
|move|p2a: Blastoise|Earthquake|p1a: Gengar
|-supereffective|p1a: Gengar
|-damage|p1a: Gengar|0 fnt
|faint|p1a: Gengar
|
|-damage|p2a: Blastoise|0 fnt|[from] psn
|faint|p2a: Blastoise
|upkeep
|
|t:|1769321298
|switch|p1a: Hatterene|Hatterene, F|100/100
|switch|p2a: Conkeldurr|Conkeldurr, M|69/100 tox
|turn|16
|
|t:|1769321309
|move|p2a: Conkeldurr|Ice Punch|p1a: Hatterene
|-damage|p1a: Hatterene|54/100
|move|p1a: Hatterene|Future Sight|p2a: Conkeldurr
|-start|p1a: Hatterene|move: Future Sight
|
|-damage|p2a: Conkeldurr|63/100 tox|[from] psn
|upkeep
|turn|17
|
|t:|1769321314
|switch|p1a: Iron Crown|Iron Crown|100/100
|-enditem|p1a: Iron Crown|Booster Energy
|-activate|p1a: Iron Crown|ability: Quark Drive|[fromitem]
|-start|p1a: Iron Crown|quarkdrivespa
|move|p2a: Conkeldurr|Ice Punch|p1a: Iron Crown
|-resisted|p1a: Iron Crown
|-damage|p1a: Iron Crown|82/100
|
|-damage|p2a: Conkeldurr|51/100 tox|[from] psn
|upkeep
|turn|18
|
|t:|1769321324
|move|p1a: Iron Crown|Calm Mind|p1a: Iron Crown
|-boost|p1a: Iron Crown|spa|1
|-boost|p1a: Iron Crown|spd|1
|move|p2a: Conkeldurr|Ice Punch|p1a: Iron Crown
|-resisted|p1a: Iron Crown
|-damage|p1a: Iron Crown|64/100
|
|-end|p2a: Conkeldurr|move: Future Sight
|-supereffective|p2a: Conkeldurr
|-damage|p2a: Conkeldurr|0 fnt
|faint|p2a: Conkeldurr
|upkeep
|
|t:|1769321333
|switch|p2a: Darkrai|Darkrai|100/100
|turn|19
|
|t:|1769321345
|-terastallize|p1a: Iron Crown|Steel
|move|p2a: Darkrai|Dark Pulse|p1a: Iron Crown
|-damage|p1a: Iron Crown|35/100
|move|p1a: Iron Crown|Tachyon Cutter|p2a: Darkrai
|-damage|p2a: Darkrai|9/100
|-damage|p2a: Darkrai|0 fnt
|faint|p2a: Darkrai
|-hitcount|p2: Darkrai|2
|
|win|Ulookugly
|raw|Ulookugly's rating: 1153 &rarr; <strong>1174</strong><br />(+21 for winning)
|raw|1337muffin1337's rating: 1099 &rarr; <strong>1078</strong><br />(-21 for losing)
|l|☆Ulookugly
|player|p1|
|l|☆1337muffin1337
|player|p2|
