|j|☆Wyvern fiend
|j|☆bakabomb
|t:|1769409995
|gametype|singles
|player|p1|Wyvern fiend|ingo|1333
|player|p2|bakabomb|266|1253
|gen|9
|tier|[Gen 9] OU
|rated|
|rule|HP Percentage Mod: HP is shown in percentages
|rule|Endless Battle Clause: Forcing endless battles is banned
|rule|Species Clause: Limit one of each Pokémon
|rule|OHKO Clause: OHKO moves are banned
|rule|Evasion Items Clause: Evasion items are banned
|rule|Evasion Moves Clause: Evasion moves are banned
|rule|Evasion Abilities Clause: Evasion abilities are banned
|rule|Sleep Moves Clause: Sleep-inducing moves are banned
|clearpoke
|poke|p1|Veluza, M|
|poke|p1|Magnezone|
|poke|p1|Ninetales-Alola, M|
|poke|p1|Moltres-Galar|
|poke|p1|Ceruledge, F|
|poke|p1|Noivern, M|
|poke|p2|Keldeo-Resolute|
|poke|p2|Rillaboom, M|
|poke|p2|Gholdengo|
|poke|p2|Great Tusk|
|poke|p2|Cinderace, F|
|poke|p2|Hydreigon, M|
|teampreview
|
|t:|1769410009
|teamsize|p1|6
|teamsize|p2|6
|start
|switch|p1a: Frozen Fish|Ninetales-Alola, M|100/100
|switch|p2a: Hydreigon|Hydreigon, M|100/100
|-weather|Snowscape|[from] ability: Snow Warning|[of] p1a: Frozen Fish
|turn|1
|
|t:|1769410016
|move|p2a: Hydreigon|Flash Cannon|p1a: Frozen Fish
|-supereffective|p1a: Frozen Fish
|-damage|p1a: Frozen Fish|0 fnt
|faint|p1a: Frozen Fish
|
|-weather|Snowscape|[upkeep]
|upkeep
|
|t:|1769410030
|switch|p1a: Plesioth|Veluza, M, shiny|100/100
|-ability|p1a: Plesioth|Mold Breaker
|turn|2
|
|t:|1769410037
|switch|p2a: Rillaboom|Rillaboom, M|100/100
|-fieldstart|move: Grassy Terrain|[from] ability: Grassy Surge|[of] p2a: Rillaboom
|move|p1a: Plesioth|Fillet Away|p1a: Plesioth
|-boost|p1a: Plesioth|atk|2
|-boost|p1a: Plesioth|spa|2
|-boost|p1a: Plesioth|spe|2
|-damage|p1a: Plesioth|50/100
|-enditem|p1a: Plesioth|Sitrus Berry|[eat]
|-heal|p1a: Plesioth|75/100|[from] item: Sitrus Berry
|
|-weather|Snowscape|[upkeep]
|-heal|p1a: Plesioth|82/100|[from] Grassy Terrain
|upkeep
|turn|3
|
|t:|1769410050
|-terastallize|p1a: Plesioth|Psychic
|move|p2a: Rillaboom|Grassy Glide|p1a: Plesioth
|-damage|p1a: Plesioth|31/100
|move|p1a: Plesioth|Stored Power|p2a: Rillaboom
|-damage|p2a: Rillaboom|0 fnt
|faint|p2a: Rillaboom
|
|-weather|Snowscape|[upkeep]
|-heal|p1a: Plesioth|37/100|[from] Grassy Terrain
|upkeep
|
|t:|1769410058
|switch|p2a: Hydreigon|Hydreigon, M|100/100
|turn|4
|
|t:|1769410065
|move|p1a: Plesioth|Surf|p2a: Hydreigon
|-resisted|p2a: Hydreigon
|-damage|p2a: Hydreigon|62/100
|move|p2a: Hydreigon|Dark Pulse|p1a: Plesioth
|-supereffective|p1a: Plesioth
|-damage|p1a: Plesioth|0 fnt
|faint|p1a: Plesioth
|
|-weather|Snowscape|[upkeep]
|upkeep
|
|t:|1769410073
|switch|p1a: Mt. Chiliad|Magnezone|100/100
|turn|5
|
|t:|1769410100
|switch|p2a: Great Tusk|Great Tusk|100/100
|switch|p1a: Monochrome Copy|Moltres-Galar|100/100
|
|-weather|none
|upkeep
|turn|6
|
|t:|1769410107
|-end|p2a: Great Tusk|Protosynthesis|[silent]
|switch|p2a: Cinderace|Cinderace, F|100/100
|move|p1a: Monochrome Copy|Agility|p1a: Monochrome Copy
|-boost|p1a: Monochrome Copy|spe|2
|
|upkeep
|turn|7
|
|t:|1769410114
|move|p1a: Monochrome Copy|Fiery Wrath|p2a: Cinderace
|-damage|p2a: Cinderace|37/100
|cant|p2a: Cinderace|flinch
|
|-heal|p2a: Cinderace|43/100|[from] Grassy Terrain
|upkeep
|turn|8
|
|t:|1769410120
|move|p1a: Monochrome Copy|Fiery Wrath|p2a: Cinderace
|-damage|p2a: Cinderace|0 fnt
|faint|p2a: Cinderace
|
|upkeep
|
|t:|1769410123
|switch|p2a: Hydreigon|Hydreigon, M|62/100
|turn|9
|
|t:|1769410128
|move|p1a: Monochrome Copy|Hurricane|p2a: Hydreigon
|-damage|p2a: Hydreigon|6/100
|-start|p2a: Hydreigon|confusion
|-activate|p2a: Hydreigon|confusion
|move|p2a: Hydreigon|Draco Meteor|p1a: Monochrome Copy
|-damage|p1a: Monochrome Copy|39/100
|-unboost|p2a: Hydreigon|spa|2
|-ability|p1a: Monochrome Copy|Berserk|boost
|-boost|p1a: Monochrome Copy|spa|1
|-enditem|p1a: Monochrome Copy|Sitrus Berry|[eat]
|-heal|p1a: Monochrome Copy|63/100|[from] item: Sitrus Berry
|
|-fieldend|move: Grassy Terrain
|upkeep
|turn|10
|-message|bakabomb forfeited.
|
|win|Wyvern fiend
|raw|Wyvern fiend's rating: 1333 &rarr; <strong>1348</strong><br />(+15 for winning)
|raw|bakabomb's rating: 1253 &rarr; <strong>1234</strong><br />(-19 for losing)
|l|☆bakabomb
|player|p2|
|c|☆Wyvern fiend|gg
|l|☆Wyvern fiend
|player|p1|
