|j|☆666xxx
|j|☆ArvenDs
|t:|1769367803
|gametype|singles
|player|p1|666xxx|170|1277
|player|p2|ArvenDs|acetrainer|1217
|gen|9
|tier|[Gen 9] OU
|rated|
|rule|HP Percentage Mod: HP is shown in percentages
|rule|Endless Battle Clause: Forcing endless battles is banned
|rule|Species Clause: Limit one of each Pokémon
|rule|OHKO Clause: OHKO moves are banned
|rule|Evasion Items Clause: Evasion items are banned
|rule|Evasion Moves Clause: Evasion moves are banned
|rule|Evasion Abilities Clause: Evasion abilities are banned
|rule|Sleep Moves Clause: Sleep-inducing moves are banned
|clearpoke
|poke|p1|Serperior, F|
|poke|p1|Ursaluna, F|
|poke|p1|Cinderace, F|
|poke|p1|Keldeo-Resolute|
|poke|p1|Slowking-Galar, M|
|poke|p1|Great Tusk|
|poke|p2|Magnemite|
|poke|p2|Voltorb|
|poke|p2|Pikachu, M|
|poke|p2|Magneton|
|poke|p2|Electabuzz, M|
|poke|p2|Zapdos|
|teampreview
|
|t:|1769367823
|teamsize|p1|6
|teamsize|p2|6
|start
|switch|p1a: Cinderace|Cinderace, F|100/100
|switch|p2a: Magnemite|Magnemite|100/100
|turn|1
|
|t:|1769367829
|move|p1a: Cinderace|Pyro Ball|p2a: Magnemite
|-supereffective|p2a: Magnemite
|-ability|p2a: Magnemite|Sturdy
|-damage|p2a: Magnemite|1/100
|move|p2a: Magnemite|Thunder Wave|p1a: Cinderace
|-status|p1a: Cinderace|par
|
|upkeep
|turn|2
|-enditem|p2a: Magnemite|Custap Berry|[eat]
|-activate|p2a: Magnemite|item: Custap Berry|[consumed]
|
|t:|1769367840
|move|p2a: Magnemite|Zap Cannon|p1a: Cinderace
|-damage|p1a: Cinderace|27/100 par
|move|p1a: Cinderace|U-turn|p2a: Magnemite
|-start|p1a: Cinderace|typechange|Bug|[from] ability: Libero
|-resisted|p2a: Magnemite
|-damage|p2a: Magnemite|0 fnt
|faint|p2a: Magnemite
|
|t:|1769367864
|switch|p1a: Keldeo|Keldeo-Resolute|100/100|[from] U-turn
|
|upkeep
|
|t:|1769367877
|switch|p2a: Magneton|Magneton|100/100
|turn|3
|
|t:|1769367885
|move|p1a: Keldeo|Secret Sword|p2a: Magneton
|-supereffective|p2a: Magneton
|-ability|p2a: Magneton|Sturdy
|-damage|p2a: Magneton|1/100
|-damage|p1a: Keldeo|91/100|[from] item: Life Orb
|move|p2a: Magneton|Thunder|p1a: Keldeo|[miss]
|-miss|p2a: Magneton|p1a: Keldeo
|
|upkeep
|turn|4
|
|t:|1769367896
|move|p1a: Keldeo|Surf|p2a: Magneton
|-damage|p2a: Magneton|0 fnt
|faint|p2a: Magneton
|-damage|p1a: Keldeo|81/100|[from] item: Life Orb
|
|upkeep
|
|t:|1769367901
|switch|p2a: Voltorb|Voltorb|100/100
|turn|5
|
|t:|1769367907
|switch|p1a: Cinderace|Cinderace, F|27/100 par
|move|p2a: Voltorb|Rain Dance|p2a: Voltorb
|-weather|RainDance
|
|-weather|RainDance|[upkeep]
|upkeep
|turn|6
|
|t:|1769367919
|move|p1a: Cinderace|Sucker Punch|p2a: Voltorb
|-start|p1a: Cinderace|typechange|Dark|[from] ability: Libero
|-damage|p2a: Voltorb|3/100
|move|p2a: Voltorb|Explosion|p1a: Cinderace
|-damage|p1a: Cinderace|0 fnt
|faint|p2a: Voltorb
|faint|p1a: Cinderace
|
|-weather|RainDance|[upkeep]
|upkeep
|
|t:|1769367933
|switch|p1a: Keldeo|Keldeo-Resolute|81/100
|switch|p2a: Zapdos|Zapdos|100/100
|turn|7
|
|t:|1769367939
|move|p1a: Keldeo|Surf|p2a: Zapdos
|-damage|p2a: Zapdos|0 fnt
|faint|p2a: Zapdos
|-damage|p1a: Keldeo|71/100|[from] item: Life Orb
|
|-weather|RainDance|[upkeep]
|upkeep
|-message|ArvenDs forfeited.
|
|win|666xxx
|raw|666xxx's rating: 1277 &rarr; <strong>1298</strong><br />(+21 for winning)
|raw|ArvenDs's rating: 1217 &rarr; <strong>1196</strong><br />(-21 for losing)
|l|☆ArvenDs
|player|p2|
|l|☆666xxx
|player|p1|
