|badge|p1|bronze|gen9uu|100-8
|badge|p1|bronze|gen9doublesou|100-8
|uhtml|medal-msg|<div class="broadcast-blue">Curious what those medals under the avatar are? PS now has Ladder Seasons! For more information, check out the <a href="https://www.smogon.com/forums/threads/3740067/">thread on Smogon.</a></div>
|j|☆SrandomG
|j|☆Acastillo631
|t:|1769444332
|gametype|singles
|player|p1|SrandomG|169|1790
|player|p2|Acastillo631|silver|1842
|gen|9
|tier|[Gen 9] OU
|rated|
|rule|HP Percentage Mod: HP is shown in percentages
|rule|Endless Battle Clause: Forcing endless battles is banned
|rule|Species Clause: Limit one of each Pokémon
|rule|OHKO Clause: OHKO moves are banned
|rule|Evasion Items Clause: Evasion items are banned
|rule|Evasion Moves Clause: Evasion moves are banned
|rule|Evasion Abilities Clause: Evasion abilities are banned
|rule|Sleep Moves Clause: Sleep-inducing moves are banned
|clearpoke
|poke|p1|Iron Hands|
|poke|p1|Glimmora, F|
|poke|p1|Landorus-Therian, M|
|poke|p1|Dragapult, M|
|poke|p1|Primarina, M|
|poke|p1|Kingambit, F|
|poke|p2|Iron Valiant|
|poke|p2|Sinistcha|
|poke|p2|Tyranitar, M|
|poke|p2|Keldeo-Resolute|
|poke|p2|Iron Treads|
|poke|p2|Klefki, M|
|teampreview
|
|t:|1769444339
|teamsize|p1|6
|teamsize|p2|6
|start
|switch|p1a: Primarina|Primarina, M|100/100
|switch|p2a: Redips|Klefki, M|100/100
|turn|1
|
|t:|1769444368
|move|p2a: Redips|Thunder Wave|p1a: Primarina
|-status|p1a: Primarina|par
|move|p1a: Primarina|Psychic Noise|p2a: Redips
|-damage|p2a: Redips|54/100
|-start|p2a: Redips|move: Heal Block
|
|upkeep
|turn|2
|
|t:|1769444372
|move|p2a: Redips|Spikes|p1a: Primarina
|-sidestart|p1: SrandomG|Spikes
|move|p1a: Primarina|Psychic Noise|p2a: Redips
|-damage|p2a: Redips|10/100
|
|-end|p2a: Redips|move: Heal Block
|upkeep
|turn|3
|
|t:|1769444378
|switch|p2a: Wire Sponge|Sinistcha|100/100
|move|p1a: Primarina|Psychic Noise|p2a: Wire Sponge
|-resisted|p2a: Wire Sponge
|-damage|p2a: Wire Sponge|81/100
|-start|p2a: Wire Sponge|move: Heal Block
|
|upkeep
|turn|4
|
|t:|1769444389
|switch|p1a: Glimmora|Glimmora, F|100/100
|-damage|p1a: Glimmora|88/100|[from] Spikes
|move|p2a: Wire Sponge|Nasty Plot|p2a: Wire Sponge
|-boost|p2a: Wire Sponge|spa|2
|
|-end|p2a: Wire Sponge|move: Heal Block
|upkeep
|turn|5
|
|t:|1769444394
|move|p1a: Glimmora|Mortal Spin|p2a: Wire Sponge
|-damage|p2a: Wire Sponge|76/100
|-status|p2a: Wire Sponge|psn
|-sideend|p1: SrandomG|Spikes|[from] move: Mortal Spin|[of] p1a: Glimmora
|move|p2a: Wire Sponge|Matcha Gotcha|p1a: Glimmora
|-damage|p1a: Glimmora|2/100
|-heal|p2a: Wire Sponge|100/100 psn|[from] drain|[of] p1a: Glimmora
|
|-damage|p2a: Wire Sponge|88/100 psn|[from] psn
|upkeep
|turn|6
|
|t:|1769444405
|switch|p1a: Kingambit|Kingambit, F|100/100
|switch|p2a: Redips|Klefki, M|10/100
|
|upkeep
|turn|7
|
|t:|1769444409
|-end|p1a: Kingambit|fallenundefined|[silent]
|switch|p1a: Glimmora|Glimmora, F|2/100
|move|p2a: Redips|Spikes|p1a: Glimmora
|-sidestart|p1: SrandomG|Spikes
|
|upkeep
|turn|8
|
|t:|1769444416
|move|p2a: Redips|Spikes|p1a: Glimmora
|-sidestart|p1: SrandomG|Spikes
|move|p1a: Glimmora|Earth Power|p2a: Redips
|-supereffective|p2a: Redips
|-damage|p2a: Redips|0 fnt
|faint|p2a: Redips
|
|upkeep
|
|t:|1769444421
|switch|p2a: Spiral Pegasus|Keldeo-Resolute|100/100
|turn|9
|
|t:|1769444423
|move|p1a: Glimmora|Earth Power|p2a: Spiral Pegasus
|-damage|p2a: Spiral Pegasus|67/100
|move|p2a: Spiral Pegasus|Surf|p1a: Glimmora
|-supereffective|p1a: Glimmora
|-damage|p1a: Glimmora|0 fnt
|faint|p1a: Glimmora
|
|upkeep
|
|t:|1769444426
|switch|p1a: Primarina|Primarina, M|100/100 par
|-damage|p1a: Primarina|84/100 par|[from] Spikes
|turn|10
|j| pandaman18
|inactive|Battle timer is ON: inactive players will automatically lose when time's up. (requested by SrandomG)
|
|t:|1769444461
|move|p2a: Spiral Pegasus|Flip Turn|p1a: Primarina
|-resisted|p1a: Primarina
|-damage|p1a: Primarina|77/100 par
|
|t:|1769444463
|switch|p2a: Eregion|Tyranitar, M|100/100|[from] Flip Turn
|-weather|Sandstorm|[from] ability: Sand Stream|[of] p2a: Eregion
|move|p1a: Primarina|Moonblast|p2a: Eregion
|-supereffective|p2a: Eregion
|-damage|p2a: Eregion|64/100
|
|-weather|Sandstorm|[upkeep]
|-damage|p1a: Primarina|71/100 par|[from] Sandstorm
|-heal|p2a: Eregion|71/100|[from] item: Leftovers
|upkeep
|turn|11
|
|t:|1769444473
|move|p2a: Eregion|Stealth Rock|p1a: Primarina
|-sidestart|p1: SrandomG|move: Stealth Rock
|cant|p1a: Primarina|par
|
|-weather|Sandstorm|[upkeep]
|-damage|p1a: Primarina|65/100 par|[from] Sandstorm
|-heal|p2a: Eregion|77/100|[from] item: Leftovers
|upkeep
|turn|12
|
|t:|1769444477
|move|p2a: Eregion|Knock Off|p1a: Primarina
|-resisted|p1a: Primarina
|-damage|p1a: Primarina|42/100 par
|-enditem|p1a: Primarina|Assault Vest|[from] move: Knock Off|[of] p2a: Eregion
|cant|p1a: Primarina|par
|
|-weather|Sandstorm|[upkeep]
|-damage|p1a: Primarina|36/100 par|[from] Sandstorm
|-heal|p2a: Eregion|83/100|[from] item: Leftovers
|upkeep
|turn|13
|
|t:|1769444484
|move|p1a: Primarina|Psychic Noise|p2a: Eregion
|-supereffective|p2a: Eregion
|-damage|p2a: Eregion|53/100
|-start|p2a: Eregion|move: Heal Block
|move|p2a: Eregion|Roar|p1a: Primarina
|drag|p1a: Landorus|Landorus-Therian, M|100/100
|-damage|p1a: Landorus|88/100|[from] Stealth Rock
|-ability|p1a: Landorus|Intimidate|boost
|-unboost|p2a: Eregion|atk|1
|
|-weather|Sandstorm|[upkeep]
|upkeep
|turn|14
|
|t:|1769444502
|switch|p2a: Wire Sponge|Sinistcha|88/100 psn
|move|p1a: Landorus|Stealth Rock|p2a: Wire Sponge
|-sidestart|p2: Acastillo631|move: Stealth Rock
|
|-weather|none
|-damage|p2a: Wire Sponge|76/100 psn|[from] psn
|upkeep
|turn|15
|
|t:|1769444508
|move|p1a: Landorus|U-turn|p2a: Wire Sponge
|-damage|p2a: Wire Sponge|61/100 psn
|
|t:|1769444511
|switch|p1a: Kingambit|Kingambit, F|100/100|[from] U-turn
|-damage|p1a: Kingambit|84/100|[from] Spikes
|-damage|p1a: Kingambit|78/100|[from] Stealth Rock
|-activate|p1a: Kingambit|ability: Supreme Overlord
|-start|p1a: Kingambit|fallen1|[silent]
|move|p2a: Wire Sponge|Matcha Gotcha|p1a: Kingambit
|-resisted|p1a: Kingambit
|-damage|p1a: Kingambit|63/100
|-heal|p2a: Wire Sponge|70/100 psn|[from] drain|[of] p1a: Kingambit
|
|-heal|p1a: Kingambit|70/100|[from] item: Leftovers
|-damage|p2a: Wire Sponge|57/100 psn|[from] psn
|upkeep
|turn|16
|l|☆SrandomG
|inactive|SrandomG disconnected and has a minute to reconnect!
|player|p1|
|j|☆SrandomG
|inactive|SrandomG reconnected.
|player|p1|SrandomG|169|
|inactive|Acastillo631 has 120 seconds left.
|l|☆Acastillo631
|inactive|Acastillo631 disconnected and has a minute to reconnect!
|player|p2|
|j|☆Acastillo631
|inactive|Acastillo631 reconnected and has 110 seconds left.
|player|p2|Acastillo631|silver|
|
|t:|1769444558
|switch|p2a: Spiral Pegasus|Keldeo-Resolute|67/100
|move|p1a: Kingambit|Kowtow Cleave|p2a: Spiral Pegasus
|-resisted|p2a: Spiral Pegasus
|-damage|p2a: Spiral Pegasus|32/100
|-ability|p2a: Spiral Pegasus|Justified|boost
|-boost|p2a: Spiral Pegasus|atk|1
|
|-heal|p1a: Kingambit|76/100|[from] item: Leftovers
|upkeep
|turn|17
|
|t:|1769444569
|-end|p1a: Kingambit|fallen1|[silent]
|switch|p1a: Primarina|Primarina, M|36/100 par
|-damage|p1a: Primarina|20/100 par|[from] Spikes
|-damage|p1a: Primarina|7/100 par|[from] Stealth Rock
|move|p2a: Spiral Pegasus|Secret Sword|p1a: Primarina
|-resisted|p1a: Primarina
|-damage|p1a: Primarina|0 fnt
|faint|p1a: Primarina
|
|upkeep
|
|t:|1769444578
|switch|p1a: Dragapult|Dragapult, M|100/100
|-damage|p1a: Dragapult|84/100|[from] Spikes
|-damage|p1a: Dragapult|72/100|[from] Stealth Rock
|turn|18
|
|t:|1769444589
|switch|p2a: Eregion|Tyranitar, M|53/100
|-damage|p2a: Eregion|41/100|[from] Stealth Rock
|-weather|Sandstorm|[from] ability: Sand Stream|[of] p2a: Eregion
|move|p1a: Dragapult|Dragon Darts|p2a: Eregion
|-damage|p2a: Eregion|14/100
|-anim|p1a: Dragapult|Dragon Darts|p2a: Eregion
|-damage|p2a: Eregion|0 fnt
|faint|p2a: Eregion
|
|-weather|Sandstorm|[upkeep]
|-damage|p1a: Dragapult|66/100|[from] Sandstorm
|upkeep
|l| pandaman18
|
|t:|1769444614
|switch|p2a: Armored Armadillo|Iron Treads|100/100
|-damage|p2a: Armored Armadillo|97/100|[from] Stealth Rock
|-item|p2a: Armored Armadillo|Air Balloon
|turn|19
|
|t:|1769444623
|move|p1a: Dragapult|Dragon Darts|p2a: Armored Armadillo
|-resisted|p2a: Armored Armadillo
|-damage|p2a: Armored Armadillo|80/100
|-enditem|p2a: Armored Armadillo|Air Balloon
|-anim|p1a: Dragapult|Dragon Darts|p2a: Armored Armadillo
|-resisted|p2a: Armored Armadillo
|-damage|p2a: Armored Armadillo|64/100
|move|p2a: Armored Armadillo|Ice Spinner|p1a: Dragapult
|-supereffective|p1a: Dragapult
|-damage|p1a: Dragapult|0 fnt
|faint|p1a: Dragapult
|
|-weather|Sandstorm|[upkeep]
|upkeep
|
|t:|1769444633
|switch|p1a: Landorus|Landorus-Therian, M|88/100
|-damage|p1a: Landorus|76/100|[from] Stealth Rock
|-ability|p1a: Landorus|Intimidate|boost
|-unboost|p2a: Armored Armadillo|atk|1
|turn|20
|
|t:|1769444645
|move|p2a: Armored Armadillo|Ice Spinner|p1a: Landorus
|-supereffective|p1a: Landorus
|-damage|p1a: Landorus|16/100
|-damage|p2a: Armored Armadillo|48/100|[from] item: Rocky Helmet|[of] p1a: Landorus
|move|p1a: Landorus|Earth Power|p2a: Armored Armadillo
|-supereffective|p2a: Armored Armadillo
|-damage|p2a: Armored Armadillo|0 fnt
|faint|p2a: Armored Armadillo
|-end|p2a: Armored Armadillo|Quark Drive|[silent]
|
|-weather|Sandstorm|[upkeep]
|upkeep
|
|t:|1769444658
|switch|p2a: Spiral Pegasus|Keldeo-Resolute|32/100
|turn|21
|
|t:|1769444662
|move|p2a: Spiral Pegasus|Surf|p1a: Landorus
|-supereffective|p1a: Landorus
|-damage|p1a: Landorus|0 fnt
|faint|p1a: Landorus
|
|-weather|Sandstorm|[upkeep]
|-damage|p2a: Spiral Pegasus|26/100|[from] Sandstorm
|upkeep
|
|t:|1769444673
|switch|p1a: Kingambit|Kingambit, F|76/100
|-damage|p1a: Kingambit|59/100|[from] Spikes
|-damage|p1a: Kingambit|53/100|[from] Stealth Rock
|-activate|p1a: Kingambit|ability: Supreme Overlord
|-start|p1a: Kingambit|fallen4|[silent]
|turn|22
|j| Brinyjarl
|inactive|Acastillo631 has 120 seconds left.
|
|t:|1769444681
|move|p1a: Kingambit|Sucker Punch|p2a: Spiral Pegasus
|-resisted|p2a: Spiral Pegasus
|-damage|p2a: Spiral Pegasus|0 fnt
|faint|p2a: Spiral Pegasus
|
|-weather|none
|-heal|p1a: Kingambit|59/100|[from] item: Leftovers
|upkeep
|
|t:|1769444685
|switch|p2a: Sage Harpuia|Iron Valiant|100/100
|-damage|p2a: Sage Harpuia|94/100|[from] Stealth Rock
|-enditem|p2a: Sage Harpuia|Booster Energy
|-activate|p2a: Sage Harpuia|ability: Quark Drive|[fromitem]
|-start|p2a: Sage Harpuia|quarkdrivespe
|turn|23
|
|t:|1769444708
|-terastallize|p1a: Kingambit|Grass
|move|p2a: Sage Harpuia|Encore|p1a: Kingambit
|-start|p1a: Kingambit|Encore
|move|p1a: Kingambit|Sucker Punch||[still]
|-fail|p1a: Kingambit
|
|-heal|p1a: Kingambit|66/100|[from] item: Leftovers
|upkeep
|turn|24
|inactive|Acastillo631 has 120 seconds left.
|l|☆Acastillo631
|inactive|Acastillo631 disconnected and has a minute to reconnect!
|player|p2|
|j|☆Acastillo631
|inactive|Acastillo631 reconnected and has 110 seconds left.
|player|p2|Acastillo631|silver|
|
|t:|1769444751
|-end|p1a: Kingambit|fallen4|[silent]
|switch|p1a: Iron Hands|Iron Hands|100/100
|-damage|p1a: Iron Hands|84/100|[from] Spikes
|-damage|p1a: Iron Hands|78/100|[from] Stealth Rock
|-enditem|p1a: Iron Hands|Booster Energy
|-activate|p1a: Iron Hands|ability: Quark Drive|[fromitem]
|-start|p1a: Iron Hands|quarkdriveatk
|move|p2a: Sage Harpuia|Moonblast|p1a: Iron Hands
|-supereffective|p1a: Iron Hands
|-damage|p1a: Iron Hands|0 fnt
|faint|p1a: Iron Hands
|-end|p1a: Iron Hands|Quark Drive|[silent]
|
|upkeep
|
|t:|1769444759
|switch|p1a: Kingambit|Kingambit, F, tera:Grass|66/100
|-damage|p1a: Kingambit|49/100|[from] Spikes
|-damage|p1a: Kingambit|37/100|[from] Stealth Rock
|-activate|p1a: Kingambit|ability: Supreme Overlord
|-start|p1a: Kingambit|fallen5|[silent]
|turn|25
|
|t:|1769444764
|-terastallize|p2a: Sage Harpuia|Steel
|move|p2a: Sage Harpuia|Moonblast|p1a: Kingambit
|-damage|p1a: Kingambit|0 fnt
|faint|p1a: Kingambit
|-end|p1a: Kingambit|fallen5|[silent]
|
|win|Acastillo631
|raw|SrandomG's rating: 1790 &rarr; <strong>1773</strong><br />(-17 for losing)
|raw|Acastillo631's rating: 1842 &rarr; <strong>1859</strong><br />(+17 for winning)
|l|☆SrandomG
|player|p1|
|l|☆Acastillo631
|player|p2|
|l| Brinyjarl
