|j|☆m709lkjo
|j|☆Leriskato
|t:|1769340174
|gametype|singles
|player|p1|m709lkjo|265|1314
|player|p2|Leriskato|hoopster|1353
|gen|9
|tier|[Gen 9] OU
|rated|
|rule|HP Percentage Mod: HP is shown in percentages
|rule|Endless Battle Clause: Forcing endless battles is banned
|rule|Species Clause: Limit one of each Pokémon
|rule|OHKO Clause: OHKO moves are banned
|rule|Evasion Items Clause: Evasion items are banned
|rule|Evasion Moves Clause: Evasion moves are banned
|rule|Evasion Abilities Clause: Evasion abilities are banned
|rule|Sleep Moves Clause: Sleep-inducing moves are banned
|clearpoke
|poke|p1|Arcanine-Hisui, M|
|poke|p1|Kleavor, M|
|poke|p1|Scyther, F|
|poke|p1|Hariyama, F|
|poke|p1|Drifblim, M|
|poke|p1|Cottonee, M|
|poke|p2|Minior|
|poke|p2|Gholdengo|
|poke|p2|Maushold|
|poke|p2|Ninetales-Alola, M|
|poke|p2|Kyurem|
|poke|p2|Glimmora, F|
|teampreview
|
|t:|1769340180
|teamsize|p1|6
|teamsize|p2|6
|start
|switch|p1a: RU|Kleavor, M|100/100
|switch|p2a: Ninetales|Ninetales-Alola, M|100/100
|-weather|Snowscape|[from] ability: Snow Warning|[of] p2a: Ninetales
|turn|1
|c|☆m709lkjo|gl hf
|
|t:|1769340184
|move|p1a: RU|Stone Axe|p2a: Ninetales
|-supereffective|p2a: Ninetales
|-damage|p2a: Ninetales|4/100
|-sidestart|p2: Leriskato|move: Stealth Rock
|move|p2a: Ninetales|Aurora Veil|p2a: Ninetales
|-sidestart|p2: Leriskato|move: Aurora Veil
|
|-weather|Snowscape|[upkeep]
|upkeep
|turn|2
|
|t:|1769340195
|switch|p2a: Glimmora|Glimmora, F|100/100
|-damage|p2a: Glimmora|88/100|[from] Stealth Rock
|-item|p2a: Glimmora|Air Balloon
|move|p1a: RU|Stone Axe|p2a: Glimmora
|-damage|p2a: Glimmora|54/100
|-activate|p2a: Glimmora|ability: Toxic Debris
|-sidestart|p1: m709lkjo|move: Toxic Spikes
|-enditem|p2a: Glimmora|Air Balloon
|
|-weather|Snowscape|[upkeep]
|upkeep
|turn|3
|inactive|Battle timer is ON: inactive players will automatically lose when time's up. (requested by Leriskato)
|
|t:|1769340251
|move|p1a: RU|Stone Axe|p2a: Glimmora
|-damage|p2a: Glimmora|24/100
|-activate|p2a: Glimmora|ability: Toxic Debris
|-sidestart|p1: m709lkjo|move: Toxic Spikes
|move|p2a: Glimmora|Stealth Rock|p1a: RU
|-sidestart|p1: m709lkjo|move: Stealth Rock
|
|-weather|Snowscape|[upkeep]
|upkeep
|turn|4
|
|t:|1769340261
|move|p1a: RU|Stone Axe|p2a: Glimmora
|-damage|p2a: Glimmora|0 fnt
|faint|p2a: Glimmora
|
|-weather|Snowscape|[upkeep]
|upkeep
|
|t:|1769340263
|switch|p2a: Minior|Minior|100/100
|-damage|p2a: Minior|76/100|[from] Stealth Rock
|-formechange|p2a: Minior|Minior-Meteor||[from] ability: Shields Down
|turn|5
|
|t:|1769340267
|move|p1a: RU|Stone Axe|p2a: Minior
|-supereffective|p2a: Minior
|-damage|p2a: Minior|12/100
|move|p2a: Minior|Shell Smash|p2a: Minior
|-unboost|p2a: Minior|def|1
|-unboost|p2a: Minior|spd|1
|-boost|p2a: Minior|atk|2
|-boost|p2a: Minior|spa|2
|-boost|p2a: Minior|spe|2
|-enditem|p2a: Minior|White Herb
|-clearnegativeboost|p2a: Minior|[silent]
|
|-weather|none
|-formechange|p2a: Minior|Minior||[from] ability: Shields Down
|upkeep
|turn|6
|
|t:|1769340275
|move|p2a: Minior|Acrobatics|p1a: RU
|-damage|p1a: RU|0 fnt
|faint|p1a: RU
|
|upkeep
|
|t:|1769340284
|switch|p1a: PU|Hariyama, F|100/100
|-status|p1a: PU|tox
|-damage|p1a: PU|94/100 tox|[from] Stealth Rock
|turn|7
|
|t:|1769340288
|move|p1a: PU|Bullet Punch|p2a: Minior
|-supereffective|p2a: Minior
|-damage|p2a: Minior|0 fnt
|faint|p2a: Minior
|
|-damage|p1a: PU|88/100 tox|[from] psn
|upkeep
|
|t:|1769340294
|switch|p2a: Kyurem|Kyurem|100/100
|-damage|p2a: Kyurem|76/100|[from] Stealth Rock
|-ability|p2a: Kyurem|Pressure
|turn|8
|
|t:|1769340301
|move|p2a: Kyurem|Dragon Dance|p2a: Kyurem
|-boost|p2a: Kyurem|atk|1
|-boost|p2a: Kyurem|spe|1
|move|p1a: PU|Close Combat|p2a: Kyurem
|-supereffective|p2a: Kyurem
|-damage|p2a: Kyurem|11/100
|-unboost|p1a: PU|def|1
|-unboost|p1a: PU|spd|1
|
|-damage|p1a: PU|76/100 tox|[from] psn
|-sideend|p2: Leriskato|move: Aurora Veil
|upkeep
|turn|9
|
|t:|1769340320
|move|p1a: PU|Bullet Punch|p2a: Kyurem
|-supereffective|p2a: Kyurem
|-damage|p2a: Kyurem|0 fnt
|faint|p2a: Kyurem
|
|-damage|p1a: PU|58/100 tox|[from] psn
|upkeep
|
|t:|1769340322
|switch|p2a: Maushold|Maushold|100/100
|-damage|p2a: Maushold|88/100|[from] Stealth Rock
|turn|10
|
|t:|1769340328
|move|p2a: Maushold|Population Bomb|p1a: PU
|-damage|p1a: PU|39/100 tox
|-damage|p1a: PU|19/100 tox
|-damage|p1a: PU|0 fnt
|faint|p1a: PU
|-hitcount|p1: PU|3
|
|upkeep
|
|t:|1769340333
|switch|p1a: ZU|Drifblim, M|100/100
|turn|11
|
|t:|1769340339
|move|p2a: Maushold|Aerial Ace|p1a: ZU
|-damage|p1a: ZU|83/100
|move|p1a: ZU|Defog|p2a: Maushold
|-unboost|p2a: Maushold|evasion|1
|-sideend|p2: Leriskato|Stealth Rock|[from] move: Defog|[of] p1a: ZU
|-sideend|p1: m709lkjo|Toxic Spikes|[from] move: Defog|[of] p1a: ZU
|-sideend|p1: m709lkjo|Stealth Rock|[from] move: Defog|[of] p1a: ZU
|
|upkeep
|turn|12
|
|t:|1769340349
|switch|p2a: Gholdengo|Gholdengo|100/100
|-item|p2a: Gholdengo|Air Balloon
|move|p1a: ZU|Will-O-Wisp|p2a: Gholdengo
|-immune|p2a: Gholdengo|[from] ability: Good as Gold
|
|upkeep
|turn|13
|
|t:|1769340359
|switch|p1a: LC|Cottonee, M|100/100
|move|p2a: Gholdengo|Nasty Plot|p2a: Gholdengo
|-boost|p2a: Gholdengo|spa|2
|
|upkeep
|turn|14
|inactive|m709lkjo has 120 seconds left.
|
|t:|1769340392
|move|p1a: LC|Leech Seed|p2a: Gholdengo
|-immune|p2a: Gholdengo|[from] ability: Good as Gold
|move|p2a: Gholdengo|Make It Rain|p1a: LC
|-supereffective|p1a: LC
|-damage|p1a: LC|0 fnt
|-unboost|p2a: Gholdengo|spa|1
|faint|p1a: LC
|
|upkeep
|
|t:|1769340395
|switch|p1a: UU|Arcanine-Hisui, M|100/100
|turn|15
|
|t:|1769340401
|move|p2a: Gholdengo|Make It Rain|p1a: UU
|-damage|p1a: UU|1/100
|-unboost|p2a: Gholdengo|spa|1
|move|p1a: UU|Flare Blitz|p2a: Gholdengo
|-supereffective|p2a: Gholdengo
|-damage|p2a: Gholdengo|0 fnt
|-enditem|p2a: Gholdengo|Air Balloon
|faint|p2a: Gholdengo
|
|upkeep
|
|t:|1769340405
|switch|p2a: Ninetales|Ninetales-Alola, M|4/100
|-weather|Snowscape|[from] ability: Snow Warning|[of] p2a: Ninetales
|turn|16
|
|t:|1769340409
|move|p1a: UU|Extreme Speed|p2a: Ninetales
|-damage|p2a: Ninetales|0 fnt
|faint|p2a: Ninetales
|
|-weather|Snowscape|[upkeep]
|upkeep
|
|t:|1769340411
|switch|p2a: Maushold|Maushold|88/100
|turn|17
|
|t:|1769340421
|switch|p1a: ZU|Drifblim, M|83/100
|move|p2a: Maushold|Tidy Up|p2a: Maushold
|-boost|p2a: Maushold|atk|1
|-boost|p2a: Maushold|spe|1
|
|-weather|Snowscape|[upkeep]
|upkeep
|turn|18
|
|t:|1769340424
|move|p2a: Maushold|Bullet Seed|p1a: ZU
|-resisted|p1a: ZU
|-damage|p1a: ZU|78/100
|-resisted|p1a: ZU
|-damage|p1a: ZU|73/100
|-resisted|p1a: ZU
|-crit|p1a: ZU
|-damage|p1a: ZU|64/100
|-resisted|p1a: ZU
|-damage|p1a: ZU|58/100
|-hitcount|p1a: ZU|4
|move|p1a: ZU|Strength Sap|p2a: Maushold
|-unboost|p2a: Maushold|atk|1
|-heal|p1a: ZU|100/100
|
|-weather|Snowscape|[upkeep]
|upkeep
|turn|19
|
|t:|1769340427
|move|p2a: Maushold|Aerial Ace|p1a: ZU
|-damage|p1a: ZU|84/100
|move|p1a: ZU|Will-O-Wisp|p2a: Maushold
|-status|p2a: Maushold|brn
|
|-weather|Snowscape|[upkeep]
|-damage|p2a: Maushold|82/100 brn|[from] brn
|upkeep
|turn|20
|
|t:|1769340433
|move|p2a: Maushold|Population Bomb|p1a: ZU
|-immune|p1a: ZU
|move|p1a: ZU|Knock Off|p2a: Maushold
|-damage|p2a: Maushold|52/100 brn
|-enditem|p2a: Maushold|Loaded Dice|[from] move: Knock Off|[of] p1a: ZU
|
|-weather|none
|-damage|p2a: Maushold|45/100 brn|[from] brn
|upkeep
|turn|21
|-message|Leriskato forfeited.
|
|win|m709lkjo
|raw|m709lkjo's rating: 1314 &rarr; <strong>1336</strong><br />(+22 for winning)
|raw|Leriskato's rating: 1353 &rarr; <strong>1331</strong><br />(-22 for losing)
|l|☆Leriskato
|player|p2|
|c|☆m709lkjo|gg
|l|☆m709lkjo
|player|p1|
