|j|☆CambridgeFoulPlay
|j|☆Magguss
|t:|1769372489
|gametype|singles
|player|p1|CambridgeFoulPlay|266|1749
|player|p2|Magguss|red-gen1|1828
|gen|9
|tier|[Gen 9] OU
|rated|
|rule|HP Percentage Mod: HP is shown in percentages
|rule|Endless Battle Clause: Forcing endless battles is banned
|rule|Species Clause: Limit one of each Pokémon
|rule|OHKO Clause: OHKO moves are banned
|rule|Evasion Items Clause: Evasion items are banned
|rule|Evasion Moves Clause: Evasion moves are banned
|rule|Evasion Abilities Clause: Evasion abilities are banned
|rule|Sleep Moves Clause: Sleep-inducing moves are banned
|clearpoke
|poke|p1|Hydrapple, M|
|poke|p1|Tyranitar, F|
|poke|p1|Moltres|
|poke|p1|Zamazenta-*|
|poke|p1|Slowking-Galar, M|
|poke|p1|Excadrill, F|
|poke|p2|Zamazenta-*|
|poke|p2|Ursaluna, M|
|poke|p2|Sinistcha|
|poke|p2|Raging Bolt|
|poke|p2|Cinderace, M|
|poke|p2|Azumarill, F|
|teampreview
|inactive|Battle timer is ON: inactive players will automatically lose when time's up. (requested by Magguss)
|c|☆CambridgeFoulPlay|hf
|inactive|CambridgeFoulPlay also wants the timer to be on.
|c|☆Magguss|idem
|
|t:|1769372503
|teamsize|p1|6
|teamsize|p2|6
|start
|switch|p1a: Zamazenta|Zamazenta|100/100
|switch|p2a: Azumarill|Azumarill, F, shiny|100/100
|-ability|p1a: Zamazenta|Dauntless Shield|boost
|-boost|p1a: Zamazenta|def|1
|turn|1
|
|t:|1769372506
|move|p1a: Zamazenta|Iron Defense|p1a: Zamazenta
|-boost|p1a: Zamazenta|def|2
|move|p2a: Azumarill|Play Rough|p1a: Zamazenta
|-supereffective|p1a: Zamazenta
|-damage|p1a: Zamazenta|64/100
|
|-heal|p1a: Zamazenta|70/100|[from] item: Leftovers
|upkeep
|turn|2
|
|t:|1769372510
|switch|p2a: Sinistcha|Sinistcha|100/100
|move|p1a: Zamazenta|Roar|p2a: Sinistcha
|drag|p2a: Cinderace|Cinderace, M|100/100
|
|-heal|p1a: Zamazenta|76/100|[from] item: Leftovers
|upkeep
|turn|3
|
|t:|1769372512
|switch|p2a: Sinistcha|Sinistcha|100/100
|move|p1a: Zamazenta|Roar|p2a: Sinistcha
|drag|p2a: Zamazenta|Zamazenta, shiny|100/100
|-ability|p2a: Zamazenta|Dauntless Shield|boost
|-boost|p2a: Zamazenta|def|1
|
|-heal|p1a: Zamazenta|82/100|[from] item: Leftovers
|upkeep
|turn|4
|
|t:|1769372515
|move|p2a: Zamazenta|Body Press|p1a: Zamazenta
|-damage|p1a: Zamazenta|66/100
|move|p1a: Zamazenta|Roar|p2a: Zamazenta
|drag|p2a: Cinderace|Cinderace, M|100/100
|
|-heal|p1a: Zamazenta|72/100|[from] item: Leftovers
|upkeep
|turn|5
|
|t:|1769372518
|switch|p2a: Sinistcha|Sinistcha|100/100
|move|p1a: Zamazenta|Roar|p2a: Sinistcha
|drag|p2a: Zamazenta|Zamazenta, shiny|100/100
|
|-heal|p1a: Zamazenta|79/100|[from] item: Leftovers
|upkeep
|turn|6
|
|t:|1769372521
|switch|p2a: Sinistcha|Sinistcha|100/100
|move|p1a: Zamazenta|Roar|p2a: Sinistcha
|drag|p2a: Ursaluna|Ursaluna, M, shiny|100/100
|
|-heal|p1a: Zamazenta|85/100|[from] item: Leftovers
|-status|p2a: Ursaluna|brn|[from] item: Flame Orb
|upkeep
|turn|7
|
|t:|1769372524
|switch|p2a: Sinistcha|Sinistcha|100/100
|move|p1a: Zamazenta|Roar|p2a: Sinistcha
|drag|p2a: Zamazenta|Zamazenta, shiny|100/100
|
|-heal|p1a: Zamazenta|91/100|[from] item: Leftovers
|upkeep
|turn|8
|
|t:|1769372528
|switch|p2a: Sinistcha|Sinistcha|100/100
|move|p1a: Zamazenta|Roar|p2a: Sinistcha
|drag|p2a: Zamazenta|Zamazenta, shiny|100/100
|
|-heal|p1a: Zamazenta|97/100|[from] item: Leftovers
|upkeep
|turn|9
|
|t:|1769372531
|switch|p2a: Sinistcha|Sinistcha|100/100
|move|p1a: Zamazenta|Roar|p2a: Sinistcha
|drag|p2a: Azumarill|Azumarill, F, shiny|100/100
|
|-heal|p1a: Zamazenta|100/100|[from] item: Leftovers
|upkeep
|turn|10
|
|t:|1769372534
|switch|p2a: Sinistcha|Sinistcha|100/100
|move|p1a: Zamazenta|Roar|p2a: Sinistcha
|drag|p2a: Ursaluna|Ursaluna, M, shiny|100/100 brn
|
|-damage|p2a: Ursaluna|94/100 brn|[from] brn
|upkeep
|turn|11
|
|t:|1769372536
|switch|p2a: Azumarill|Azumarill, F, shiny|100/100
|move|p1a: Zamazenta|Roar|p2a: Azumarill
|drag|p2a: Ursaluna|Ursaluna, M, shiny|94/100 brn
|
|-damage|p2a: Ursaluna|88/100 brn|[from] brn
|upkeep
|turn|12
|
|t:|1769372539
|switch|p2a: Sinistcha|Sinistcha|100/100
|move|p1a: Zamazenta|Roar|p2a: Sinistcha
|drag|p2a: Ursaluna|Ursaluna, M, shiny|88/100 brn
|
|-damage|p2a: Ursaluna|82/100 brn|[from] brn
|upkeep
|turn|13
|j| shedtailhater
|
|t:|1769372542
|move|p2a: Ursaluna|Facade|p1a: Zamazenta
|-damage|p1a: Zamazenta|63/100
|move|p1a: Zamazenta|Roar|p2a: Ursaluna
|drag|p2a: Cinderace|Cinderace, M|100/100
|
|-heal|p1a: Zamazenta|69/100|[from] item: Leftovers
|upkeep
|turn|14
|j| deadbyflinch
|
|t:|1769372545
|switch|p2a: Sinistcha|Sinistcha|100/100
|move|p1a: Zamazenta|Roar|p2a: Sinistcha
|drag|p2a: Cinderace|Cinderace, M|100/100
|
|-heal|p1a: Zamazenta|76/100|[from] item: Leftovers
|upkeep
|turn|15
|
|t:|1769372548
|switch|p2a: Sinistcha|Sinistcha|100/100
|move|p1a: Zamazenta|Roar|p2a: Sinistcha
|drag|p2a: Zamazenta|Zamazenta, shiny|100/100
|
|-heal|p1a: Zamazenta|82/100|[from] item: Leftovers
|upkeep
|turn|16
|
|t:|1769372550
|move|p1a: Zamazenta|Roar|p2a: Zamazenta
|drag|p2a: Azumarill|Azumarill, F, shiny|100/100
|
|-heal|p1a: Zamazenta|88/100|[from] item: Leftovers
|upkeep
|turn|17
|
|t:|1769372554
|switch|p2a: Raging Bolt|Raging Bolt|100/100
|-enditem|p2a: Raging Bolt|Booster Energy
|-activate|p2a: Raging Bolt|ability: Protosynthesis|[fromitem]
|-start|p2a: Raging Bolt|protosynthesisspa
|move|p1a: Zamazenta|Body Press|p2a: Raging Bolt
|-damage|p2a: Raging Bolt|21/100
|
|-heal|p1a: Zamazenta|94/100|[from] item: Leftovers
|upkeep
|turn|18
|
|t:|1769372557
|move|p1a: Zamazenta|Body Press|p2a: Raging Bolt
|-damage|p2a: Raging Bolt|0 fnt
|faint|p2a: Raging Bolt
|-end|p2a: Raging Bolt|Protosynthesis|[silent]
|
|-heal|p1a: Zamazenta|99/100|[from] item: Leftovers
|upkeep
|
|t:|1769372559
|switch|p2a: Sinistcha|Sinistcha|100/100
|turn|19
|
|t:|1769372561
|move|p2a: Sinistcha|Strength Sap|p1a: Zamazenta
|-unboost|p1a: Zamazenta|atk|1
|move|p1a: Zamazenta|Roar|p2a: Sinistcha
|drag|p2a: Cinderace|Cinderace, M|100/100
|
|-heal|p1a: Zamazenta|100/100|[from] item: Leftovers
|upkeep
|turn|20
|
|t:|1769372565
|move|p2a: Cinderace|High Jump Kick|p1a: Zamazenta|[miss]
|-start|p2a: Cinderace|typechange|Fighting|[from] ability: Libero
|-miss|p2a: Cinderace|p1a: Zamazenta
|-damage|p2a: Cinderace|51/100|[from] highjumpkick
|move|p1a: Zamazenta|Roar|p2a: Cinderace
|drag|p2a: Sinistcha|Sinistcha|100/100
|
|upkeep
|turn|21
|
|t:|1769372569
|move|p2a: Sinistcha|Matcha Gotcha|p1a: Zamazenta
|-damage|p1a: Zamazenta|71/100
|move|p1a: Zamazenta|Roar|p2a: Sinistcha
|drag|p2a: Azumarill|Azumarill, F, shiny|100/100
|
|-heal|p1a: Zamazenta|77/100|[from] item: Leftovers
|upkeep
|turn|22
|j| El.Capo.Camino
|
|t:|1769372576
|move|p2a: Azumarill|Play Rough|p1a: Zamazenta
|-supereffective|p1a: Zamazenta
|-damage|p1a: Zamazenta|44/100
|move|p1a: Zamazenta|Roar|p2a: Azumarill
|drag|p2a: Cinderace|Cinderace, M|51/100
|
|-heal|p1a: Zamazenta|50/100|[from] item: Leftovers
|upkeep
|turn|23
|
|t:|1769372579
|move|p2a: Cinderace|High Jump Kick|p1a: Zamazenta
|-start|p2a: Cinderace|typechange|Fighting|[from] ability: Libero
|-damage|p1a: Zamazenta|31/100
|move|p1a: Zamazenta|Roar|p2a: Cinderace
|drag|p2a: Azumarill|Azumarill, F, shiny|100/100
|
|-heal|p1a: Zamazenta|37/100|[from] item: Leftovers
|upkeep
|turn|24
|
|t:|1769372583
|move|p1a: Zamazenta|Body Press|p2a: Azumarill
|-resisted|p2a: Azumarill
|-damage|p2a: Azumarill|50/100
|move|p2a: Azumarill|Play Rough|p1a: Zamazenta
|-supereffective|p1a: Zamazenta
|-damage|p1a: Zamazenta|0 fnt
|faint|p1a: Zamazenta
|
|upkeep
|
|t:|1769372586
|switch|p1a: Hydrapple|Hydrapple, M|100/100
|turn|25
|
|t:|1769372589
|move|p2a: Azumarill|Play Rough|p1a: Hydrapple
|-supereffective|p1a: Hydrapple
|-damage|p1a: Hydrapple|35/100
|move|p1a: Hydrapple|Giga Drain|p2a: Azumarill
|-supereffective|p2a: Azumarill
|-damage|p2a: Azumarill|0 fnt
|-heal|p1a: Hydrapple|60/100|[from] drain|[of] p2a: Azumarill
|faint|p2a: Azumarill
|
|upkeep
|
|t:|1769372592
|switch|p2a: Ursaluna|Ursaluna, M, shiny|82/100 brn
|turn|26
|
|t:|1769372594
|switch|p1a: Tyranitar|Tyranitar, F|100/100
|-weather|Sandstorm|[from] ability: Sand Stream|[of] p1a: Tyranitar
|move|p2a: Ursaluna|Facade|p1a: Tyranitar
|-resisted|p1a: Tyranitar
|-damage|p1a: Tyranitar|54/100
|
|-weather|Sandstorm|[upkeep]
|-damage|p2a: Ursaluna|76/100 brn|[from] brn
|upkeep
|turn|27
|
|t:|1769372597
|move|p1a: Tyranitar|Knock Off|p2a: Ursaluna
|-damage|p2a: Ursaluna|45/100 brn
|-enditem|p2a: Ursaluna|Flame Orb|[from] move: Knock Off|[of] p1a: Tyranitar
|move|p2a: Ursaluna|Earthquake|p1a: Tyranitar
|-supereffective|p1a: Tyranitar
|-damage|p1a: Tyranitar|0 fnt
|faint|p1a: Tyranitar
|
|-weather|Sandstorm|[upkeep]
|-damage|p2a: Ursaluna|39/100 brn|[from] brn
|upkeep
|
|t:|1769372600
|switch|p1a: Hydrapple|Hydrapple, M|94/100
|turn|28
|
|t:|1769372603
|move|p2a: Ursaluna|Facade|p1a: Hydrapple
|-damage|p1a: Hydrapple|11/100
|move|p1a: Hydrapple|Giga Drain|p2a: Ursaluna
|-supereffective|p2a: Ursaluna
|-damage|p2a: Ursaluna|0 fnt
|-heal|p1a: Hydrapple|33/100|[from] drain|[of] p2a: Ursaluna
|faint|p2a: Ursaluna
|
|-weather|Sandstorm|[upkeep]
|-damage|p1a: Hydrapple|27/100|[from] Sandstorm
|upkeep
|
|t:|1769372610
|switch|p2a: Sinistcha|Sinistcha|100/100
|turn|29
|
|t:|1769372612
|switch|p1a: Moltres|Moltres|100/100
|move|p2a: Sinistcha|Calm Mind|p2a: Sinistcha
|-boost|p2a: Sinistcha|spa|1
|-boost|p2a: Sinistcha|spd|1
|
|-weather|Sandstorm|[upkeep]
|-damage|p1a: Moltres|94/100|[from] Sandstorm
|-damage|p2a: Sinistcha|94/100|[from] Sandstorm
|-heal|p2a: Sinistcha|100/100|[from] item: Leftovers
|upkeep
|turn|30
|
|t:|1769372614
|move|p2a: Sinistcha|Calm Mind|p2a: Sinistcha
|-boost|p2a: Sinistcha|spa|1
|-boost|p2a: Sinistcha|spd|1
|move|p1a: Moltres|Roar|p2a: Sinistcha
|drag|p2a: Cinderace|Cinderace, M|51/100
|
|-weather|Sandstorm|[upkeep]
|-damage|p2a: Cinderace|45/100|[from] Sandstorm
|-damage|p1a: Moltres|88/100|[from] Sandstorm
|upkeep
|turn|31
|l| shedtailhater
|
|t:|1769372617
|move|p2a: Cinderace|Pyro Ball|p1a: Moltres
|-resisted|p1a: Moltres
|-damage|p1a: Moltres|67/100
|move|p1a: Moltres|Flamethrower|p2a: Cinderace
|-resisted|p2a: Cinderace
|-damage|p2a: Cinderace|18/100
|
|-weather|Sandstorm|[upkeep]
|-damage|p2a: Cinderace|12/100|[from] Sandstorm
|-damage|p1a: Moltres|61/100|[from] Sandstorm
|upkeep
|turn|32
|
|t:|1769372620
|move|p2a: Cinderace|Pyro Ball|p1a: Moltres
|-resisted|p1a: Moltres
|-damage|p1a: Moltres|43/100
|move|p1a: Moltres|Roost|p1a: Moltres
|-heal|p1a: Moltres|93/100
|-singleturn|p1a: Moltres|move: Roost
|
|-weather|Sandstorm|[upkeep]
|-damage|p2a: Cinderace|6/100|[from] Sandstorm
|-damage|p1a: Moltres|87/100|[from] Sandstorm
|upkeep
|turn|33
|
|t:|1769372623
|move|p2a: Cinderace|Pyro Ball|p1a: Moltres
|-resisted|p1a: Moltres
|-damage|p1a: Moltres|68/100
|move|p1a: Moltres|Flamethrower|p2a: Cinderace
|-resisted|p2a: Cinderace
|-damage|p2a: Cinderace|0 fnt
|faint|p2a: Cinderace
|
|-weather|none
|upkeep
|
|t:|1769372629
|switch|p2a: Zamazenta|Zamazenta, shiny|100/100
|turn|34
|
|t:|1769372632
|move|p2a: Zamazenta|Iron Defense|p2a: Zamazenta
|-boost|p2a: Zamazenta|def|2
|move|p1a: Moltres|Roost|p1a: Moltres
|-heal|p1a: Moltres|100/100
|-singleturn|p1a: Moltres|move: Roost
|
|upkeep
|turn|35
|
|t:|1769372635
|move|p1a: Moltres|Flamethrower|p2a: Zamazenta
|-damage|p2a: Zamazenta|73/100
|move|p2a: Zamazenta|Roar|p1a: Moltres
|drag|p1a: Excadrill|Excadrill, F|100/100
|-item|p1a: Excadrill|Air Balloon
|
|-heal|p2a: Zamazenta|80/100|[from] item: Leftovers
|upkeep
|turn|36
|
|t:|1769372639
|switch|p1a: Moltres|Moltres|100/100
|move|p2a: Zamazenta|Crunch|p1a: Moltres
|-damage|p1a: Moltres|85/100
|
|-heal|p2a: Zamazenta|86/100|[from] item: Leftovers
|upkeep
|turn|37
|
|t:|1769372641
|move|p2a: Zamazenta|Body Press|p1a: Moltres
|-resisted|p1a: Moltres
|-damage|p1a: Moltres|60/100
|move|p1a: Moltres|Flamethrower|p2a: Zamazenta
|-crit|p2a: Zamazenta
|-damage|p2a: Zamazenta|41/100
|
|-heal|p2a: Zamazenta|48/100|[from] item: Leftovers
|upkeep
|turn|38
|
|t:|1769372643
|move|p2a: Zamazenta|Body Press|p1a: Moltres
|-resisted|p1a: Moltres
|-damage|p1a: Moltres|38/100
|move|p1a: Moltres|Flamethrower|p2a: Zamazenta
|-crit|p2a: Zamazenta
|-damage|p2a: Zamazenta|0 fnt
|faint|p2a: Zamazenta
|
|upkeep
|
|t:|1769372646
|switch|p2a: Sinistcha|Sinistcha|100/100
|turn|39
|
|t:|1769372647
|move|p1a: Moltres|Flamethrower|p2a: Sinistcha
|-supereffective|p2a: Sinistcha
|-damage|p2a: Sinistcha|58/100
|move|p2a: Sinistcha|Calm Mind|p2a: Sinistcha
|-boost|p2a: Sinistcha|spa|1
|-boost|p2a: Sinistcha|spd|1
|
|-heal|p2a: Sinistcha|64/100|[from] item: Leftovers
|upkeep
|turn|40
|
|t:|1769372650
|move|p1a: Moltres|Flamethrower|p2a: Sinistcha
|-supereffective|p2a: Sinistcha
|-damage|p2a: Sinistcha|36/100
|-status|p2a: Sinistcha|brn
|move|p2a: Sinistcha|Strength Sap|p1a: Moltres
|-unboost|p1a: Moltres|atk|1
|-heal|p2a: Sinistcha|97/100 brn
|
|-heal|p2a: Sinistcha|100/100 brn|[from] item: Leftovers
|-damage|p2a: Sinistcha|98/100 brn|[from] brn
|upkeep
|turn|41
|
|t:|1769372652
|move|p1a: Moltres|Flamethrower|p2a: Sinistcha
|-supereffective|p2a: Sinistcha
|-damage|p2a: Sinistcha|69/100 brn
|move|p2a: Sinistcha|Calm Mind|p2a: Sinistcha
|-boost|p2a: Sinistcha|spa|1
|-boost|p2a: Sinistcha|spd|1
|
|-heal|p2a: Sinistcha|75/100 brn|[from] item: Leftovers
|-damage|p2a: Sinistcha|72/100 brn|[from] brn
|upkeep
|turn|42
|
|t:|1769372654
|move|p1a: Moltres|Roost|p1a: Moltres
|-heal|p1a: Moltres|88/100
|-singleturn|p1a: Moltres|move: Roost
|move|p2a: Sinistcha|Calm Mind|p2a: Sinistcha
|-boost|p2a: Sinistcha|spa|1
|-boost|p2a: Sinistcha|spd|1
|
|-heal|p2a: Sinistcha|78/100 brn|[from] item: Leftovers
|-damage|p2a: Sinistcha|76/100 brn|[from] brn
|upkeep
|turn|43
|
|t:|1769372659
|move|p1a: Moltres|Flamethrower|p2a: Sinistcha
|-supereffective|p2a: Sinistcha
|-damage|p2a: Sinistcha|56/100 brn
|move|p2a: Sinistcha|Calm Mind|p2a: Sinistcha
|-boost|p2a: Sinistcha|spa|1
|-boost|p2a: Sinistcha|spd|1
|
|-heal|p2a: Sinistcha|63/100 brn|[from] item: Leftovers
|-damage|p2a: Sinistcha|60/100 brn|[from] brn
|upkeep
|turn|44
|
|t:|1769372660
|move|p1a: Moltres|Flamethrower|p2a: Sinistcha
|-supereffective|p2a: Sinistcha
|-damage|p2a: Sinistcha|44/100 brn
|move|p2a: Sinistcha|Strength Sap|p1a: Moltres
|-unboost|p1a: Moltres|atk|1
|-heal|p2a: Sinistcha|85/100 brn
|
|-heal|p2a: Sinistcha|91/100 brn|[from] item: Leftovers
|-damage|p2a: Sinistcha|88/100 brn|[from] brn
|upkeep
|turn|45
|
|t:|1769372662
|move|p1a: Moltres|U-turn|p2a: Sinistcha
|-damage|p2a: Sinistcha|83/100 brn
|
|t:|1769372664
|switch|p1a: Slowking|Slowking-Galar, M|100/100|[from] U-turn
|move|p2a: Sinistcha|Shadow Ball|p1a: Slowking
|-supereffective|p1a: Slowking
|-damage|p1a: Slowking|4/100
|
|-heal|p2a: Sinistcha|89/100 brn|[from] item: Leftovers
|-damage|p2a: Sinistcha|86/100 brn|[from] brn
|upkeep
|turn|46
|
|t:|1769372666
|move|p2a: Sinistcha|Shadow Ball|p1a: Slowking
|-supereffective|p1a: Slowking
|-damage|p1a: Slowking|0 fnt
|faint|p1a: Slowking
|
|-heal|p2a: Sinistcha|92/100 brn|[from] item: Leftovers
|-damage|p2a: Sinistcha|89/100 brn|[from] brn
|upkeep
|
|t:|1769372667
|switch|p1a: Moltres|Moltres|88/100
|turn|47
|
|t:|1769372669
|-terastallize|p1a: Moltres|Fairy
|move|p1a: Moltres|Flamethrower|p2a: Sinistcha
|-supereffective|p2a: Sinistcha
|-damage|p2a: Sinistcha|74/100 brn
|move|p2a: Sinistcha|Shadow Ball|p1a: Moltres
|-damage|p1a: Moltres|0 fnt
|faint|p1a: Moltres
|
|-heal|p2a: Sinistcha|80/100 brn|[from] item: Leftovers
|-damage|p2a: Sinistcha|77/100 brn|[from] brn
|upkeep
|
|t:|1769372671
|switch|p1a: Excadrill|Excadrill, F|100/100
|-item|p1a: Excadrill|Air Balloon
|turn|48
|j| shedtailhater
|
|t:|1769372675
|move|p1a: Excadrill|Iron Head|p2a: Sinistcha
|-damage|p2a: Sinistcha|45/100 brn
|move|p2a: Sinistcha|Matcha Gotcha|p1a: Excadrill
|-damage|p1a: Excadrill|0 fnt
|-heal|p2a: Sinistcha|98/100 brn|[from] drain|[of] p1a: Excadrill
|-enditem|p1a: Excadrill|Air Balloon
|faint|p1a: Excadrill
|
|-heal|p2a: Sinistcha|100/100 brn|[from] item: Leftovers
|-damage|p2a: Sinistcha|98/100 brn|[from] brn
|upkeep
|
|t:|1769372677
|switch|p1a: Hydrapple|Hydrapple, M|60/100
|turn|49
|
|t:|1769372678
|-terastallize|p2a: Sinistcha|Steel
|move|p2a: Sinistcha|Shadow Ball|p1a: Hydrapple
|-damage|p1a: Hydrapple|0 fnt
|faint|p1a: Hydrapple
|
|win|Magguss
|raw|CambridgeFoulPlay's rating: 1749 &rarr; <strong>1733</strong><br />(-16 for losing)
|raw|Magguss's rating: 1828 &rarr; <strong>1844</strong><br />(+16 for winning)
|c|☆CambridgeFoulPlay|gg
|l|☆CambridgeFoulPlay
|player|p1|
|c|☆Magguss|gg
|l|☆Magguss
|player|p2|
|l| shedtailhater
|l| deadbyflinch
