|j|☆rblt ryo
|j|☆Squashua333
|t:|1769295427
|gametype|singles
|player|p1|rblt ryo|dawn|1513
|player|p2|Squashua333|striker|1473
|gen|9
|tier|[Gen 9] OU
|rated|
|rule|HP Percentage Mod: HP is shown in percentages
|rule|Endless Battle Clause: Forcing endless battles is banned
|rule|Species Clause: Limit one of each Pokémon
|rule|OHKO Clause: OHKO moves are banned
|rule|Evasion Items Clause: Evasion items are banned
|rule|Evasion Moves Clause: Evasion moves are banned
|rule|Evasion Abilities Clause: Evasion abilities are banned
|rule|Sleep Moves Clause: Sleep-inducing moves are banned
|clearpoke
|poke|p1|Rhyperior, M|
|poke|p1|Articuno|
|poke|p1|Suicune|
|poke|p1|Heatran, F|
|poke|p1|Decidueye-Hisui, M|
|poke|p1|Latios, M|
|poke|p2|Hoopa-Unbound|
|poke|p2|Dragapult, F|
|poke|p2|Landorus-Therian, M|
|poke|p2|Kingambit, M|
|poke|p2|Empoleon, F|
|poke|p2|Great Tusk|
|teampreview
|
|t:|1769295493
|teamsize|p1|6
|teamsize|p2|6
|start
|switch|p1a: Rhyperior|Rhyperior, M|100/100
|switch|p2a: Empoleon|Empoleon, F|100/100
|turn|1
|
|t:|1769295505
|move|p2a: Empoleon|Flash Cannon|p1a: Rhyperior
|-supereffective|p1a: Rhyperior
|-damage|p1a: Rhyperior|25/100
|-unboost|p1a: Rhyperior|spd|1
|move|p1a: Rhyperior|Earthquake|p2a: Empoleon
|-supereffective|p2a: Empoleon
|-damage|p2a: Empoleon|0 fnt
|faint|p2a: Empoleon
|
|upkeep
|
|t:|1769295518
|switch|p2a: Dragapult|Dragapult, F|100/100
|turn|2
|
|t:|1769295528
|move|p2a: Dragapult|Hex|p1a: Rhyperior
|-damage|p1a: Rhyperior|0 fnt
|faint|p1a: Rhyperior
|
|upkeep
|
|t:|1769295548
|switch|p1a: Suicune|Suicune, shiny|100/100
|-ability|p1a: Suicune|Pressure
|turn|3
|
|t:|1769295561
|move|p2a: Dragapult|Will-O-Wisp|p1a: Suicune
|-status|p1a: Suicune|brn
|move|p1a: Suicune|Calm Mind|p1a: Suicune
|-boost|p1a: Suicune|spa|1
|-boost|p1a: Suicune|spd|1
|
|-damage|p1a: Suicune|94/100 brn|[from] brn
|upkeep
|turn|4
|
|t:|1769295569
|move|p2a: Dragapult|Hex|p1a: Suicune
|-damage|p1a: Suicune|66/100 brn
|move|p1a: Suicune|Calm Mind|p1a: Suicune
|-boost|p1a: Suicune|spa|1
|-boost|p1a: Suicune|spd|1
|
|-heal|p1a: Suicune|72/100 brn|[from] item: Leftovers
|-damage|p1a: Suicune|66/100 brn|[from] brn
|upkeep
|turn|5
|
|t:|1769295575
|move|p2a: Dragapult|Dragon Darts|p1a: Suicune
|-damage|p1a: Suicune|53/100 brn
|-anim|p2a: Dragapult|Dragon Darts|p1a: Suicune
|-damage|p1a: Suicune|41/100 brn
|move|p1a: Suicune|Ice Beam|p2a: Dragapult
|-supereffective|p2a: Dragapult
|-damage|p2a: Dragapult|0 fnt
|faint|p2a: Dragapult
|
|-heal|p1a: Suicune|47/100 brn|[from] item: Leftovers
|-damage|p1a: Suicune|41/100 brn|[from] brn
|upkeep
|
|t:|1769295584
|switch|p2a: Hoopa|Hoopa-Unbound|100/100
|turn|6
|
|t:|1769295590
|move|p1a: Suicune|Scald|p2a: Hoopa
|-damage|p2a: Hoopa|76/100
|-status|p2a: Hoopa|brn
|move|p2a: Hoopa|Knock Off|p1a: Suicune
|-damage|p1a: Suicune|27/100 brn
|-enditem|p1a: Suicune|Leftovers|[from] move: Knock Off|[of] p2a: Hoopa
|
|-damage|p1a: Suicune|21/100 brn|[from] brn
|-damage|p2a: Hoopa|70/100 brn|[from] brn
|upkeep
|turn|7
|
|t:|1769295602
|move|p1a: Suicune|Scald|p2a: Hoopa
|-damage|p2a: Hoopa|42/100 brn
|move|p2a: Hoopa|Psychic Noise|p1a: Suicune
|-damage|p1a: Suicune|2/100 brn
|-start|p1a: Suicune|move: Heal Block
|
|-damage|p1a: Suicune|0 fnt|[from] brn
|faint|p1a: Suicune
|-damage|p2a: Hoopa|36/100 brn|[from] brn
|upkeep
|
|t:|1769295619
|switch|p1a: Latios|Latios, M, shiny|100/100
|turn|8
|
|t:|1769295649
|switch|p1a: Heatran|Heatran, F|100/100
|move|p2a: Hoopa|Knock Off|p1a: Heatran
|-damage|p1a: Heatran|81/100
|-enditem|p1a: Heatran|Leftovers|[from] move: Knock Off|[of] p2a: Hoopa
|
|-damage|p2a: Hoopa|30/100 brn|[from] brn
|upkeep
|turn|9
|
|t:|1769295659
|move|p1a: Heatran|Magma Storm|p2a: Hoopa
|-damage|p2a: Hoopa|10/100 brn
|-activate|p2a: Hoopa|move: Magma Storm|[of] p1a: Heatran
|move|p2a: Hoopa|Drain Punch|p1a: Heatran
|-supereffective|p1a: Heatran
|-damage|p1a: Heatran|60/100
|-heal|p2a: Hoopa|21/100 brn|[from] drain|[of] p1a: Heatran
|
|-damage|p2a: Hoopa|15/100 brn|[from] brn
|-damage|p2a: Hoopa|3/100 brn|[from] move: Magma Storm|[partiallytrapped]
|upkeep
|turn|10
|
|t:|1769295669
|move|p1a: Heatran|Stealth Rock|p2a: Hoopa
|-sidestart|p2: Squashua333|move: Stealth Rock
|move|p2a: Hoopa|Drain Punch|p1a: Heatran
|-supereffective|p1a: Heatran
|-damage|p1a: Heatran|37/100
|-heal|p2a: Hoopa|15/100 brn|[from] drain|[of] p1a: Heatran
|
|-damage|p2a: Hoopa|9/100 brn|[from] brn
|-damage|p2a: Hoopa|0 fnt|[from] move: Magma Storm|[partiallytrapped]
|faint|p2a: Hoopa
|upkeep
|
|t:|1769295681
|switch|p2a: Landorus|Landorus-Therian, M|100/100
|-damage|p2a: Landorus|88/100|[from] Stealth Rock
|-ability|p2a: Landorus|Intimidate|boost
|-unboost|p1a: Heatran|atk|1
|turn|11
|
|t:|1769295689
|move|p2a: Landorus|Earth Power|p1a: Heatran
|-supereffective|p1a: Heatran
|-damage|p1a: Heatran|0 fnt
|faint|p1a: Heatran
|
|upkeep
|
|t:|1769295706
|switch|p1a: Articuno|Articuno, shiny|100/100
|-ability|p1a: Articuno|Pressure
|turn|12
|
|t:|1769295712
|switch|p2a: Kingambit|Kingambit, M|100/100
|-damage|p2a: Kingambit|94/100|[from] Stealth Rock
|-activate|p2a: Kingambit|ability: Supreme Overlord
|-start|p2a: Kingambit|fallen3|[silent]
|switch|p1a: Latios|Latios, M, shiny|100/100
|
|upkeep
|turn|13
|
|t:|1769295731
|-end|p2a: Kingambit|fallen3|[silent]
|switch|p2a: Landorus|Landorus-Therian, M|88/100
|-damage|p2a: Landorus|76/100|[from] Stealth Rock
|-ability|p2a: Landorus|Intimidate|boost
|-unboost|p1a: Latios|atk|1
|-terastallize|p1a: Latios|Fighting
|move|p1a: Latios|Aura Sphere|p2a: Landorus
|-resisted|p2a: Landorus
|-damage|p2a: Landorus|54/100
|
|upkeep
|turn|14
|
|t:|1769295765
|switch|p1a: Decidueye|Decidueye-Hisui, M, shiny|100/100
|move|p2a: Landorus|Stealth Rock|p1a: Decidueye
|-sidestart|p1: rblt ryo|move: Stealth Rock
|
|upkeep
|turn|15
|
|t:|1769295777
|move|p2a: Landorus|U-turn|p1a: Decidueye
|-damage|p1a: Decidueye|84/100
|-damage|p2a: Landorus|38/100|[from] item: Rocky Helmet|[of] p1a: Decidueye
|
|t:|1769295780
|switch|p2a: Great Tusk|Great Tusk|100/100|[from] U-turn
|-damage|p2a: Great Tusk|98/100|[from] Stealth Rock
|move|p1a: Decidueye|Grass Knot|p2a: Great Tusk
|-supereffective|p2a: Great Tusk
|-damage|p2a: Great Tusk|0 fnt
|faint|p2a: Great Tusk
|-end|p2a: Great Tusk|Protosynthesis|[silent]
|
|upkeep
|
|t:|1769295788
|switch|p2a: Landorus|Landorus-Therian, M|38/100
|-damage|p2a: Landorus|25/100|[from] Stealth Rock
|-ability|p2a: Landorus|Intimidate|boost
|-fail|p1a: Decidueye|unboost|Attack|[from] ability: Scrappy|[of] p1a: Decidueye
|turn|16
|
|t:|1769295805
|move|p2a: Landorus|Earth Power|p1a: Decidueye
|-resisted|p1a: Decidueye
|-damage|p1a: Decidueye|68/100
|move|p1a: Decidueye|Roost|p1a: Decidueye
|-heal|p1a: Decidueye|100/100
|-singleturn|p1a: Decidueye|move: Roost
|
|upkeep
|turn|17
|
|t:|1769295810
|switch|p1a: Articuno|Articuno, shiny|100/100
|-ability|p1a: Articuno|Pressure
|move|p2a: Landorus|Earth Power|p1a: Articuno
|-immune|p1a: Articuno
|
|upkeep
|turn|18
|
|t:|1769295821
|move|p2a: Landorus|Taunt|p1a: Articuno
|-start|p1a: Articuno|move: Taunt
|cant|p1a: Articuno|move: Taunt|Roar
|
|upkeep
|turn|19
|
|t:|1769295832
|switch|p1a: Decidueye|Decidueye-Hisui, M, shiny|100/100
|-damage|p1a: Decidueye|94/100|[from] Stealth Rock
|move|p2a: Landorus|Earth Power|p1a: Decidueye
|-resisted|p1a: Decidueye
|-damage|p1a: Decidueye|80/100
|-unboost|p1a: Decidueye|spd|1
|
|upkeep
|turn|20
|
|t:|1769295847
|switch|p1a: Articuno|Articuno, shiny|100/100
|-ability|p1a: Articuno|Pressure
|move|p2a: Landorus|Taunt|p1a: Articuno
|-start|p1a: Articuno|move: Taunt
|
|upkeep
|turn|21
|
|t:|1769295872
|switch|p2a: Kingambit|Kingambit, M|94/100
|-damage|p2a: Kingambit|88/100|[from] Stealth Rock
|-activate|p2a: Kingambit|ability: Supreme Overlord
|-start|p2a: Kingambit|fallen4|[silent]
|switch|p1a: Decidueye|Decidueye-Hisui, M, shiny|80/100
|-damage|p1a: Decidueye|74/100|[from] Stealth Rock
|
|upkeep
|turn|22
|
|t:|1769295882
|-end|p2a: Kingambit|fallen4|[silent]
|switch|p2a: Landorus|Landorus-Therian, M|25/100
|-damage|p2a: Landorus|13/100|[from] Stealth Rock
|-ability|p2a: Landorus|Intimidate|boost
|-fail|p1a: Decidueye|unboost|Attack|[from] ability: Scrappy|[of] p1a: Decidueye
|move|p1a: Decidueye|Triple Arrows|p2a: Landorus
|-resisted|p2a: Landorus
|-damage|p2a: Landorus|0 fnt
|faint|p2a: Landorus
|
|upkeep
|
|t:|1769295890
|switch|p2a: Kingambit|Kingambit, M|88/100
|-damage|p2a: Kingambit|82/100|[from] Stealth Rock
|-activate|p2a: Kingambit|ability: Supreme Overlord
|-start|p2a: Kingambit|fallen5|[silent]
|turn|23
|
|t:|1769295894
|-terastallize|p2a: Kingambit|Flying
|move|p2a: Kingambit|Iron Head|p1a: Decidueye
|-damage|p1a: Decidueye|25/100
|-damage|p2a: Kingambit|66/100|[from] item: Rocky Helmet|[of] p1a: Decidueye
|move|p1a: Decidueye|Triple Arrows|p2a: Kingambit
|-resisted|p2a: Kingambit
|-damage|p2a: Kingambit|52/100
|-unboost|p2a: Kingambit|def|1
|
|upkeep
|turn|24
|
|t:|1769295905
|move|p2a: Kingambit|Iron Head|p1a: Decidueye
|-damage|p1a: Decidueye|0 fnt
|-damage|p2a: Kingambit|36/100|[from] item: Rocky Helmet|[of] p1a: Decidueye
|faint|p1a: Decidueye
|
|upkeep
|
|t:|1769295911
|switch|p1a: Articuno|Articuno, shiny|100/100
|-ability|p1a: Articuno|Pressure
|turn|25
|
|t:|1769295916
|move|p2a: Kingambit|Sucker Punch|p1a: Articuno
|-damage|p1a: Articuno|33/100
|move|p1a: Articuno|Freeze-Dry|p2a: Kingambit
|-supereffective|p2a: Kingambit
|-damage|p2a: Kingambit|0 fnt
|faint|p2a: Kingambit
|-end|p2a: Kingambit|fallen5|[silent]
|
|win|rblt ryo
|raw|rblt ryo's rating: 1513 &rarr; <strong>1531</strong><br />(+18 for winning)
|raw|Squashua333's rating: 1473 &rarr; <strong>1455</strong><br />(-18 for losing)
|l|☆Squashua333
|player|p2|
