|j|☆CambridgeFoulPlay
|j|☆Mr Tpen
|t:|1769355778
|gametype|singles
|player|p1|CambridgeFoulPlay|266|1741
|player|p2|Mr Tpen|265|1677
|gen|9
|tier|[Gen 9] OU
|rated|
|rule|HP Percentage Mod: HP is shown in percentages
|rule|Endless Battle Clause: Forcing endless battles is banned
|rule|Species Clause: Limit one of each Pokémon
|rule|OHKO Clause: OHKO moves are banned
|rule|Evasion Items Clause: Evasion items are banned
|rule|Evasion Moves Clause: Evasion moves are banned
|rule|Evasion Abilities Clause: Evasion abilities are banned
|rule|Sleep Moves Clause: Sleep-inducing moves are banned
|clearpoke
|poke|p1|Hydrapple, M|
|poke|p1|Tyranitar, F|
|poke|p1|Moltres|
|poke|p1|Zamazenta-*|
|poke|p1|Slowking-Galar, F|
|poke|p1|Excadrill, F|
|poke|p2|Enamorus, F|
|poke|p2|Kyurem|
|poke|p2|Landorus-Therian, M|
|poke|p2|Kingambit, F|
|poke|p2|Ogerpon-Wellspring, F|
|poke|p2|Glimmora, F|
|teampreview
|inactive|Battle timer is ON: inactive players will automatically lose when time's up. (requested by Mr Tpen)
|
|t:|1769355781
|teamsize|p1|6
|teamsize|p2|6
|start
|switch|p1a: Slowking|Slowking-Galar, F|100/100
|switch|p2a: Ogerpon|Ogerpon-Wellspring, F|100/100
|turn|1
|c|☆CambridgeFoulPlay|hf
|inactive|CambridgeFoulPlay also wants the timer to be on.
|
|t:|1769355783
|move|p2a: Ogerpon|Knock Off|p1a: Slowking
|-supereffective|p1a: Slowking
|-damage|p1a: Slowking|40/100
|-enditem|p1a: Slowking|Assault Vest|[from] move: Knock Off|[of] p2a: Ogerpon
|move|p1a: Slowking|Flamethrower|p2a: Ogerpon
|-damage|p2a: Ogerpon|76/100
|
|upkeep
|turn|2
|
|t:|1769355787
|switch|p1a: Zamazenta|Zamazenta|100/100
|-ability|p1a: Zamazenta|Dauntless Shield|boost
|-boost|p1a: Zamazenta|def|1
|move|p2a: Ogerpon|Knock Off|p1a: Zamazenta
|-resisted|p1a: Zamazenta
|-damage|p1a: Zamazenta|92/100
|-enditem|p1a: Zamazenta|Leftovers|[from] move: Knock Off|[of] p2a: Ogerpon
|
|upkeep
|turn|3
|
|t:|1769355792
|switch|p2a: Landorus|Landorus-Therian, M|100/100
|-ability|p2a: Landorus|Intimidate|boost
|-unboost|p1a: Zamazenta|atk|1
|move|p1a: Zamazenta|Roar|p2a: Landorus
|drag|p2a: Ogerpon|Ogerpon-Wellspring, F|76/100
|
|upkeep
|turn|4
|
|t:|1769355796
|switch|p2a: Landorus|Landorus-Therian, M|100/100
|-ability|p2a: Landorus|Intimidate|boost
|-unboost|p1a: Zamazenta|atk|1
|move|p1a: Zamazenta|Body Press|p2a: Landorus
|-resisted|p2a: Landorus
|-damage|p2a: Landorus|73/100
|-damage|p1a: Zamazenta|75/100|[from] item: Rocky Helmet|[of] p2a: Landorus
|
|upkeep
|turn|5
|
|t:|1769355799
|switch|p1a: Slowking|Slowking-Galar, F|73/100
|move|p2a: Landorus|Stealth Rock|p1a: Slowking
|-sidestart|p1: CambridgeFoulPlay|move: Stealth Rock
|
|upkeep
|turn|6
|
|t:|1769355802
|switch|p1a: Moltres|Moltres|100/100
|move|p2a: Landorus|Earthquake|p1a: Moltres
|-immune|p1a: Moltres
|
|upkeep
|turn|7
|
|t:|1769355804
|move|p2a: Landorus|Smack Down|p1a: Moltres
|-supereffective|p1a: Moltres
|-damage|p1a: Moltres|55/100
|-start|p1a: Moltres|Smack Down
|move|p1a: Moltres|Flamethrower|p2a: Landorus
|-damage|p2a: Landorus|34/100
|
|upkeep
|turn|8
|
|t:|1769355806
|move|p2a: Landorus|Earthquake|p1a: Moltres
|-supereffective|p1a: Moltres
|-damage|p1a: Moltres|0 fnt
|faint|p1a: Moltres
|
|upkeep
|
|t:|1769355807
|switch|p1a: Excadrill|Excadrill, F|100/100
|-damage|p1a: Excadrill|97/100|[from] Stealth Rock
|-item|p1a: Excadrill|Air Balloon
|turn|9
|
|t:|1769355812
|move|p2a: Landorus|Smack Down|p1a: Excadrill
|-resisted|p1a: Excadrill
|-damage|p1a: Excadrill|92/100
|-enditem|p1a: Excadrill|Air Balloon
|move|p1a: Excadrill|Rapid Spin|p2a: Landorus
|-damage|p2a: Landorus|18/100
|-boost|p1a: Excadrill|spe|1
|-damage|p1a: Excadrill|75/100|[from] item: Rocky Helmet|[of] p2a: Landorus
|-sideend|p1: CambridgeFoulPlay|Stealth Rock|[from] move: Rapid Spin|[of] p1a: Excadrill
|
|upkeep
|turn|10
|
|t:|1769355814
|switch|p2a: Glimmora|Glimmora, F|100/100
|move|p1a: Excadrill|Iron Head|p2a: Glimmora
|-supereffective|p2a: Glimmora
|-damage|p2a: Glimmora|40/100
|-activate|p2a: Glimmora|ability: Toxic Debris
|-sidestart|p1: CambridgeFoulPlay|move: Toxic Spikes
|-enditem|p2a: Glimmora|Red Card|[of] p1a: Excadrill
|drag|p1a: Tyranitar|Tyranitar, F|100/100
|-status|p1a: Tyranitar|psn
|-weather|Sandstorm|[from] ability: Sand Stream|[of] p1a: Tyranitar
|
|-weather|Sandstorm|[upkeep]
|-damage|p1a: Tyranitar|88/100 psn|[from] psn
|upkeep
|turn|11
|
|t:|1769355818
|move|p2a: Glimmora|Spikes|p1a: Tyranitar
|-sidestart|p1: CambridgeFoulPlay|Spikes
|move|p1a: Tyranitar|Stealth Rock|p2a: Glimmora
|-sidestart|p2: Mr Tpen|move: Stealth Rock
|
|-weather|Sandstorm|[upkeep]
|-damage|p1a: Tyranitar|76/100 psn|[from] psn
|upkeep
|turn|12
|
|t:|1769355820
|switch|p1a: Excadrill|Excadrill, F|75/100
|-damage|p1a: Excadrill|63/100|[from] Spikes
|move|p2a: Glimmora|Mortal Spin|p1a: Excadrill
|-immune|p1a: Excadrill
|
|-weather|Sandstorm|[upkeep]
|upkeep
|turn|13
|
|t:|1769355823
|-terastallize|p2a: Glimmora|Ghost
|move|p1a: Excadrill|Earthquake|p2a: Glimmora
|-damage|p2a: Glimmora|1/100
|-activate|p2a: Glimmora|ability: Toxic Debris
|-sidestart|p1: CambridgeFoulPlay|move: Toxic Spikes
|move|p2a: Glimmora|Earth Power|p1a: Excadrill
|-supereffective|p1a: Excadrill
|-damage|p1a: Excadrill|0 fnt
|faint|p1a: Excadrill
|
|-weather|Sandstorm|[upkeep]
|-damage|p2a: Glimmora|0 fnt|[from] Sandstorm
|faint|p2a: Glimmora
|upkeep
|
|t:|1769355828
|switch|p1a: Slowking|Slowking-Galar, F|100/100
|switch|p2a: Landorus|Landorus-Therian, M|18/100
|-damage|p2a: Landorus|5/100|[from] Stealth Rock
|-ability|p2a: Landorus|Intimidate|boost
|-unboost|p1a: Slowking|atk|1
|-sideend|p1: CambridgeFoulPlay|move: Toxic Spikes|[of] p1a: Slowking
|-damage|p1a: Slowking|88/100|[from] Spikes
|turn|14
|
|t:|1769355831
|switch|p1a: Hydrapple|Hydrapple, M|100/100
|move|p2a: Landorus|Stealth Rock|p1a: Hydrapple
|-sidestart|p1: CambridgeFoulPlay|move: Stealth Rock
|
|-weather|Sandstorm|[upkeep]
|-damage|p1a: Hydrapple|94/100|[from] Sandstorm
|upkeep
|turn|15
|
|t:|1769355835
|move|p2a: Landorus|Earthquake|p1a: Hydrapple
|-resisted|p1a: Hydrapple
|-damage|p1a: Hydrapple|81/100
|move|p1a: Hydrapple|Nasty Plot|p1a: Hydrapple
|-boost|p1a: Hydrapple|spa|2
|
|-weather|Sandstorm|[upkeep]
|-damage|p1a: Hydrapple|75/100|[from] Sandstorm
|upkeep
|turn|16
|
|t:|1769355837
|move|p2a: Landorus|Earthquake|p1a: Hydrapple
|-resisted|p1a: Hydrapple
|-damage|p1a: Hydrapple|60/100
|move|p1a: Hydrapple|Giga Drain|p2a: Landorus
|-damage|p2a: Landorus|0 fnt
|-heal|p1a: Hydrapple|62/100|[from] drain|[of] p2a: Landorus
|faint|p2a: Landorus
|
|-weather|Sandstorm|[upkeep]
|-damage|p1a: Hydrapple|56/100|[from] Sandstorm
|upkeep
|
|t:|1769355838
|switch|p2a: Enamorus|Enamorus, F|100/100
|turn|17
|
|t:|1769355841
|switch|p1a: Slowking|Slowking-Galar, F|100/100
|-damage|p1a: Slowking|88/100|[from] Spikes
|-damage|p1a: Slowking|76/100|[from] Stealth Rock
|move|p2a: Enamorus|Moonblast|p1a: Slowking
|-resisted|p1a: Slowking
|-damage|p1a: Slowking|55/100
|-unboost|p1a: Slowking|spa|1
|
|-weather|none
|upkeep
|turn|18
|
|t:|1769355844
|move|p2a: Enamorus|Earth Power|p1a: Slowking
|-supereffective|p1a: Slowking
|-damage|p1a: Slowking|3/100
|-unboost|p1a: Slowking|spd|1
|move|p1a: Slowking|Sludge Bomb|p2a: Enamorus
|-supereffective|p2a: Enamorus
|-damage|p2a: Enamorus|26/100
|
|upkeep
|turn|19
|
|t:|1769355849
|switch|p1a: Tyranitar|Tyranitar, F|76/100 psn
|-damage|p1a: Tyranitar|63/100 psn|[from] Spikes
|-damage|p1a: Tyranitar|51/100 psn|[from] Stealth Rock
|-weather|Sandstorm|[from] ability: Sand Stream|[of] p1a: Tyranitar
|move|p2a: Enamorus|Moonblast|p1a: Tyranitar
|-supereffective|p1a: Tyranitar
|-damage|p1a: Tyranitar|12/100 psn
|-unboost|p1a: Tyranitar|spa|1
|
|-weather|Sandstorm|[upkeep]
|-damage|p2a: Enamorus|20/100|[from] Sandstorm
|-damage|p1a: Tyranitar|0 fnt|[from] psn
|faint|p1a: Tyranitar
|upkeep
|
|t:|1769355851
|switch|p1a: Zamazenta|Zamazenta|75/100
|-damage|p1a: Zamazenta|63/100|[from] Spikes
|-damage|p1a: Zamazenta|56/100|[from] Stealth Rock
|turn|20
|
|t:|1769355854
|switch|p1a: Slowking|Slowking-Galar, F|36/100
|-damage|p1a: Slowking|23/100|[from] Spikes
|-damage|p1a: Slowking|11/100|[from] Stealth Rock
|move|p2a: Enamorus|Moonblast|p1a: Slowking
|-resisted|p1a: Slowking
|-damage|p1a: Slowking|0 fnt
|faint|p1a: Slowking
|
|-weather|Sandstorm|[upkeep]
|-damage|p2a: Enamorus|13/100|[from] Sandstorm
|upkeep
|
|t:|1769355856
|switch|p1a: Zamazenta|Zamazenta|56/100
|-damage|p1a: Zamazenta|44/100|[from] Spikes
|-damage|p1a: Zamazenta|38/100|[from] Stealth Rock
|turn|21
|
|t:|1769355860
|move|p1a: Zamazenta|Body Press|p2a: Enamorus
|-resisted|p2a: Enamorus
|-damage|p2a: Enamorus|0 fnt
|faint|p2a: Enamorus
|
|-weather|Sandstorm|[upkeep]
|-damage|p1a: Zamazenta|32/100|[from] Sandstorm
|upkeep
|
|t:|1769355862
|switch|p2a: Kyurem|Kyurem|100/100
|-damage|p2a: Kyurem|76/100|[from] Stealth Rock
|-ability|p2a: Kyurem|Pressure
|turn|22
|
|t:|1769355864
|switch|p1a: Hydrapple|Hydrapple, M|90/100
|move|p2a: Kyurem|Ice Beam|p1a: Hydrapple
|-supereffective|p1a: Hydrapple
|-damage|p1a: Hydrapple|0 fnt
|faint|p1a: Hydrapple
|
|-weather|Sandstorm|[upkeep]
|-damage|p2a: Kyurem|70/100|[from] Sandstorm
|upkeep
|
|t:|1769355866
|switch|p1a: Zamazenta|Zamazenta|32/100
|-damage|p1a: Zamazenta|20/100|[from] Spikes
|-damage|p1a: Zamazenta|13/100|[from] Stealth Rock
|turn|23
|
|t:|1769355868
|switch|p2a: Ogerpon|Ogerpon-Wellspring, F|76/100
|-damage|p2a: Ogerpon|64/100|[from] Stealth Rock
|-terastallize|p1a: Zamazenta|Fire
|move|p1a: Zamazenta|Body Press|p2a: Ogerpon
|-damage|p2a: Ogerpon|11/100
|
|-weather|Sandstorm|[upkeep]
|-damage|p1a: Zamazenta|7/100|[from] Sandstorm
|-damage|p2a: Ogerpon|5/100|[from] Sandstorm
|upkeep
|turn|24
|
|t:|1769355870
|move|p1a: Zamazenta|Body Press|p2a: Ogerpon
|-damage|p2a: Ogerpon|0 fnt
|faint|p2a: Ogerpon
|
|-weather|Sandstorm|[upkeep]
|-damage|p1a: Zamazenta|1/100|[from] Sandstorm
|upkeep
|
|t:|1769355872
|switch|p2a: Kingambit|Kingambit, F|100/100
|-damage|p2a: Kingambit|94/100|[from] Stealth Rock
|-activate|p2a: Kingambit|ability: Supreme Overlord
|-start|p2a: Kingambit|fallen4|[silent]
|-item|p2a: Kingambit|Air Balloon
|turn|25
|
|t:|1769355874
|move|p2a: Kingambit|Sucker Punch||[still]
|-fail|p2a: Kingambit
|move|p1a: Zamazenta|Roar|p2a: Kingambit
|-end|p2a: Kingambit|fallen4|[silent]
|drag|p2a: Kyurem|Kyurem|70/100
|-damage|p2a: Kyurem|45/100|[from] Stealth Rock
|-ability|p2a: Kyurem|Pressure
|
|-weather|Sandstorm|[upkeep]
|-damage|p2a: Kyurem|39/100|[from] Sandstorm
|-damage|p1a: Zamazenta|0 fnt|[from] Sandstorm
|faint|p1a: Zamazenta
|
|win|Mr Tpen
|raw|CambridgeFoulPlay's rating: 1741 &rarr; <strong>1717</strong><br />(-24 for losing)
|raw|Mr Tpen's rating: 1677 &rarr; <strong>1701</strong><br />(+24 for winning)
|c|☆CambridgeFoulPlay|gg
