|j|☆salukiwa
|j|☆Bobforce1
|t:|1769351759
|gametype|singles
|player|p1|salukiwa|266|1324
|player|p2|Bobforce1|169|1275
|gen|9
|tier|[Gen 9] OU
|rated|
|rule|HP Percentage Mod: HP is shown in percentages
|rule|Endless Battle Clause: Forcing endless battles is banned
|rule|Species Clause: Limit one of each Pokémon
|rule|OHKO Clause: OHKO moves are banned
|rule|Evasion Items Clause: Evasion items are banned
|rule|Evasion Moves Clause: Evasion moves are banned
|rule|Evasion Abilities Clause: Evasion abilities are banned
|rule|Sleep Moves Clause: Sleep-inducing moves are banned
|clearpoke
|poke|p1|Garganacl, M|
|poke|p1|Blaziken, M|
|poke|p1|Ogerpon-Wellspring, F|
|poke|p1|Weezing-Galar, M|
|poke|p1|Kingambit, M|
|poke|p1|Zapdos|
|poke|p2|Ninetales, M|
|poke|p2|Swadloon, F|
|poke|p2|Great Tusk|
|poke|p2|Cinderace, M|
|poke|p2|Walking Wake|
|poke|p2|Gholdengo|
|teampreview
|
|t:|1769351788
|teamsize|p1|6
|teamsize|p2|6
|start
|switch|p1a: Zapdos|Zapdos|100/100
|switch|p2a: Cinderace|Cinderace, M|100/100
|turn|1
|
|t:|1769351804
|switch|p2a: Ninetales|Ninetales, M|100/100
|-weather|SunnyDay|[from] ability: Drought|[of] p2a: Ninetales
|move|p1a: Zapdos|Hurricane|p2a: Ninetales
|-damage|p2a: Ninetales|45/100
|
|-weather|SunnyDay|[upkeep]
|upkeep
|turn|2
|
|t:|1769351825
|switch|p2a: Great Tusk|Great Tusk|100/100
|-activate|p2a: Great Tusk|ability: Protosynthesis
|-start|p2a: Great Tusk|protosynthesisspe
|move|p1a: Zapdos|Hurricane|p2a: Great Tusk|[miss]
|-miss|p1a: Zapdos|p2a: Great Tusk
|
|-weather|SunnyDay|[upkeep]
|upkeep
|turn|3
|l|☆salukiwa
|player|p1|
|j|☆salukiwa
|player|p1|salukiwa|266|
|
|t:|1769351853
|move|p2a: Great Tusk|Stealth Rock|p1a: Zapdos
|-sidestart|p1: salukiwa|move: Stealth Rock
|move|p1a: Zapdos|Hurricane|p2a: Great Tusk
|-supereffective|p2a: Great Tusk
|-damage|p2a: Great Tusk|0 fnt
|faint|p2a: Great Tusk
|-end|p2a: Great Tusk|Protosynthesis|[silent]
|
|-weather|SunnyDay|[upkeep]
|upkeep
|
|t:|1769351862
|switch|p2a: Walking Wake|Walking Wake|100/100
|-activate|p2a: Walking Wake|ability: Protosynthesis
|-start|p2a: Walking Wake|protosynthesisspe
|turn|4
|
|t:|1769351873
|-terastallize|p2a: Walking Wake|Water
|move|p2a: Walking Wake|Hydro Steam|p1a: Zapdos
|-damage|p1a: Zapdos|0 fnt
|faint|p1a: Zapdos
|
|-weather|SunnyDay|[upkeep]
|upkeep
|
|t:|1769351897
|switch|p1a: Weezing|Weezing-Galar, M|100/100
|-damage|p1a: Weezing|88/100|[from] Stealth Rock
|turn|5
|
|t:|1769351902
|move|p2a: Walking Wake|Hydro Steam|p1a: Weezing
|-damage|p1a: Weezing|0 fnt
|faint|p1a: Weezing
|
|-weather|SunnyDay|[upkeep]
|upkeep
|
|t:|1769351913
|switch|p1a: Garganacl|Garganacl, M|100/100
|-damage|p1a: Garganacl|88/100|[from] Stealth Rock
|turn|6
|
|t:|1769351917
|switch|p1a: Ogerpon|Ogerpon-Wellspring, F|100/100
|-damage|p1a: Ogerpon|88/100|[from] Stealth Rock
|move|p2a: Walking Wake|Hydro Steam|p1a: Ogerpon
|-heal|p1a: Ogerpon|100/100|[from] ability: Water Absorb|[of] p2a: Walking Wake
|
|-weather|SunnyDay|[upkeep]
|upkeep
|turn|7
|
|t:|1769351926
|-end|p2a: Walking Wake|Protosynthesis|[silent]
|switch|p2a: Swadloon|Swadloon, F|100/100
|move|p1a: Ogerpon|Play Rough|p2a: Swadloon
|-damage|p2a: Swadloon|73/100
|
|-weather|SunnyDay|[upkeep]
|upkeep
|turn|8
|
|t:|1769351936
|move|p1a: Ogerpon|U-turn|p2a: Swadloon
|-supereffective|p2a: Swadloon
|-damage|p2a: Swadloon|35/100
|
|t:|1769351941
|switch|p1a: Kingambit|Kingambit, M|100/100|[from] U-turn
|-damage|p1a: Kingambit|94/100|[from] Stealth Rock
|-activate|p1a: Kingambit|ability: Supreme Overlord
|-start|p1a: Kingambit|fallen2|[silent]
|move|p2a: Swadloon|Sticky Web|p1a: Kingambit
|-sidestart|p1: salukiwa|move: Sticky Web
|
|-weather|none
|-heal|p1a: Kingambit|100/100|[from] item: Leftovers
|upkeep
|turn|9
|
|t:|1769351955
|switch|p2a: Ninetales|Ninetales, M|45/100
|-weather|SunnyDay|[from] ability: Drought|[of] p2a: Ninetales
|move|p1a: Kingambit|Swords Dance|p1a: Kingambit
|-boost|p1a: Kingambit|atk|2
|
|-weather|SunnyDay|[upkeep]
|upkeep
|turn|10
|
|t:|1769351964
|move|p1a: Kingambit|Sucker Punch||[still]
|-fail|p1a: Kingambit
|move|p2a: Ninetales|Encore|p1a: Kingambit
|-start|p1a: Kingambit|Encore
|
|-weather|SunnyDay|[upkeep]
|upkeep
|turn|11
|
|t:|1769351969
|move|p1a: Kingambit|Sucker Punch||[still]
|-fail|p1a: Kingambit
|move|p2a: Ninetales|Will-O-Wisp|p1a: Kingambit|[miss]
|-miss|p2a: Ninetales|p1a: Kingambit
|
|-weather|SunnyDay|[upkeep]
|upkeep
|turn|12
|
|t:|1769351975
|move|p1a: Kingambit|Sucker Punch||[still]
|-fail|p1a: Kingambit
|move|p2a: Ninetales|Will-O-Wisp|p1a: Kingambit
|-status|p1a: Kingambit|brn
|
|-weather|SunnyDay|[upkeep]
|-damage|p1a: Kingambit|94/100 brn|[from] brn
|upkeep
|turn|13
|
|t:|1769351983
|move|p1a: Kingambit|Sucker Punch||[still]
|-fail|p1a: Kingambit
|move|p2a: Ninetales|Encore||[still]
|-fail|p2a: Ninetales
|
|-weather|SunnyDay|[upkeep]
|-heal|p1a: Kingambit|100/100 brn|[from] item: Leftovers
|-damage|p1a: Kingambit|94/100 brn|[from] brn
|-end|p1a: Kingambit|Encore
|upkeep
|turn|14
|
|t:|1769351991
|move|p2a: Ninetales|Encore|p1a: Kingambit
|-start|p1a: Kingambit|Encore
|move|p1a: Kingambit|Sucker Punch||[still]
|-fail|p1a: Kingambit
|
|-weather|SunnyDay|[upkeep]
|-heal|p1a: Kingambit|100/100 brn|[from] item: Leftovers
|-damage|p1a: Kingambit|94/100 brn|[from] brn
|upkeep
|turn|15
|inactive|Battle timer is ON: inactive players will automatically lose when time's up. (requested by salukiwa)
|
|t:|1769352018
|switch|p2a: Cinderace|Cinderace, M|100/100
|-end|p1a: Kingambit|fallen2|[silent]
|switch|p1a: Blaziken|Blaziken, M|100/100
|-damage|p1a: Blaziken|88/100|[from] Stealth Rock
|-activate|p1a: Blaziken|move: Sticky Web
|-unboost|p1a: Blaziken|spe|1
|
|-weather|SunnyDay|[upkeep]
|upkeep
|turn|16
|
|t:|1769352037
|move|p2a: Cinderace|U-turn|p1a: Blaziken
|-start|p2a: Cinderace|typechange|Bug|[from] ability: Libero
|-resisted|p1a: Blaziken
|-damage|p1a: Blaziken|75/100
|
|t:|1769352051
|switch|p2a: Gholdengo|Gholdengo|100/100|[from] U-turn
|move|p1a: Blaziken|Brave Bird|p2a: Gholdengo
|-resisted|p2a: Gholdengo
|-damage|p2a: Gholdengo|62/100
|-damage|p1a: Blaziken|62/100|[from] Recoil
|
|-weather|none
|-ability|p1a: Blaziken|Speed Boost|boost
|-boost|p1a: Blaziken|spe|1
|upkeep
|turn|17
|
|t:|1769352067
|switch|p1a: Kingambit|Kingambit, M|94/100 brn
|-damage|p1a: Kingambit|88/100 brn|[from] Stealth Rock
|-activate|p1a: Kingambit|move: Sticky Web
|-unboost|p1a: Kingambit|spe|1
|-activate|p1a: Kingambit|ability: Supreme Overlord
|-start|p1a: Kingambit|fallen2|[silent]
|move|p2a: Gholdengo|Shadow Ball|p1a: Kingambit
|-resisted|p1a: Kingambit
|-damage|p1a: Kingambit|66/100 brn
|
|-heal|p1a: Kingambit|72/100 brn|[from] item: Leftovers
|-damage|p1a: Kingambit|66/100 brn|[from] brn
|upkeep
|turn|18
|
|t:|1769352086
|switch|p2a: Ninetales|Ninetales, M|45/100
|-weather|SunnyDay|[from] ability: Drought|[of] p2a: Ninetales
|move|p1a: Kingambit|Kowtow Cleave|p2a: Ninetales
|-damage|p2a: Ninetales|6/100
|
|-weather|SunnyDay|[upkeep]
|-heal|p1a: Kingambit|72/100 brn|[from] item: Leftovers
|-damage|p1a: Kingambit|66/100 brn|[from] brn
|upkeep
|turn|19
|inactive|Bobforce1 has 120 seconds left.
|
|t:|1769352107
|switch|p2a: Walking Wake|Walking Wake, tera:Water|100/100
|-activate|p2a: Walking Wake|ability: Protosynthesis
|-start|p2a: Walking Wake|protosynthesisspe
|move|p1a: Kingambit|Kowtow Cleave|p2a: Walking Wake
|-damage|p2a: Walking Wake|68/100
|
|-weather|SunnyDay|[upkeep]
|-heal|p1a: Kingambit|72/100 brn|[from] item: Leftovers
|-damage|p1a: Kingambit|66/100 brn|[from] brn
|upkeep
|turn|20
|inactive|Bobforce1 has 120 seconds left.
|
|t:|1769352126
|move|p2a: Walking Wake|Flamethrower|p1a: Kingambit
|-supereffective|p1a: Kingambit
|-damage|p1a: Kingambit|0 fnt
|faint|p1a: Kingambit
|-end|p1a: Kingambit|fallen2|[silent]
|
|-weather|SunnyDay|[upkeep]
|upkeep
|
|t:|1769352139
|switch|p1a: Blaziken|Blaziken, M|62/100
|-damage|p1a: Blaziken|50/100|[from] Stealth Rock
|-activate|p1a: Blaziken|move: Sticky Web
|-unboost|p1a: Blaziken|spe|1
|turn|21
|inactive|Bobforce1 has 120 seconds left.
|
|t:|1769352161
|-end|p2a: Walking Wake|Protosynthesis|[silent]
|switch|p2a: Cinderace|Cinderace, M|100/100
|move|p1a: Blaziken|Flare Blitz|p2a: Cinderace
|-resisted|p2a: Cinderace
|-damage|p2a: Cinderace|4/100
|-damage|p1a: Blaziken|18/100|[from] Recoil
|
|-weather|SunnyDay|[upkeep]
|-ability|p1a: Blaziken|Speed Boost|boost
|-boost|p1a: Blaziken|spe|1
|upkeep
|turn|22
|
|t:|1769352172
|move|p2a: Cinderace|U-turn|p1a: Blaziken
|-start|p2a: Cinderace|typechange|Bug|[from] ability: Libero
|-resisted|p1a: Blaziken
|-damage|p1a: Blaziken|5/100
|
|t:|1769352182
|switch|p2a: Walking Wake|Walking Wake, tera:Water|68/100|[from] U-turn
|-activate|p2a: Walking Wake|ability: Protosynthesis
|-start|p2a: Walking Wake|protosynthesisspe
|move|p1a: Blaziken|Flare Blitz|p2a: Walking Wake
|-resisted|p2a: Walking Wake
|-damage|p2a: Walking Wake|0 fnt
|faint|p2a: Walking Wake
|-end|p2a: Walking Wake|Protosynthesis|[silent]
|-damage|p1a: Blaziken|0 fnt|[from] Recoil
|faint|p1a: Blaziken
|
|-weather|SunnyDay|[upkeep]
|upkeep
|
|t:|1769352203
|switch|p2a: Gholdengo|Gholdengo|62/100
|switch|p1a: Garganacl|Garganacl, M|88/100
|-damage|p1a: Garganacl|76/100|[from] Stealth Rock
|-activate|p1a: Garganacl|move: Sticky Web
|-unboost|p1a: Garganacl|spe|1
|turn|23
|
|t:|1769352211
|-terastallize|p1a: Garganacl|Fairy
|move|p2a: Gholdengo|Make It Rain|p1a: Garganacl
|-supereffective|p1a: Garganacl
|-damage|p1a: Garganacl|0 fnt
|-unboost|p2a: Gholdengo|spa|1
|faint|p1a: Garganacl
|
|-weather|SunnyDay|[upkeep]
|upkeep
|
|t:|1769352218
|switch|p1a: Ogerpon|Ogerpon-Wellspring, F|100/100
|-damage|p1a: Ogerpon|88/100|[from] Stealth Rock
|-activate|p1a: Ogerpon|move: Sticky Web
|-unboost|p1a: Ogerpon|spe|1
|turn|24
|
|t:|1769352229
|switch|p2a: Swadloon|Swadloon, F|35/100
|move|p1a: Ogerpon|Knock Off|p2a: Swadloon
|-damage|p2a: Swadloon|8/100
|-enditem|p2a: Swadloon|Eviolite|[from] move: Knock Off|[of] p1a: Ogerpon
|
|-weather|SunnyDay|[upkeep]
|upkeep
|turn|25
|
|t:|1769352241
|move|p1a: Ogerpon|Knock Off|p2a: Swadloon
|-damage|p2a: Swadloon|0 fnt
|faint|p2a: Swadloon
|
|-weather|none
|upkeep
|
|t:|1769352252
|switch|p2a: Gholdengo|Gholdengo|62/100
|turn|26
|
|t:|1769352258
|move|p2a: Gholdengo|Make It Rain|p1a: Ogerpon
|-resisted|p1a: Ogerpon
|-damage|p1a: Ogerpon|48/100
|-unboost|p2a: Gholdengo|spa|1
|move|p1a: Ogerpon|Knock Off|p2a: Gholdengo
|-supereffective|p2a: Gholdengo
|-damage|p2a: Gholdengo|0 fnt
|-enditem|p2a: Gholdengo|Choice Scarf|[from] move: Knock Off|[of] p1a: Ogerpon
|faint|p2a: Gholdengo
|
|upkeep
|
|t:|1769352268
|switch|p2a: Ninetales|Ninetales, M|6/100
|-weather|SunnyDay|[from] ability: Drought|[of] p2a: Ninetales
|turn|27
|
|t:|1769352276
|move|p2a: Ninetales|Weather Ball|p1a: Ogerpon
|-damage|p1a: Ogerpon|0 fnt
|faint|p1a: Ogerpon
|
|win|Bobforce1
|raw|salukiwa's rating: 1324 &rarr; <strong>1301</strong><br />(-23 for losing)
|raw|Bobforce1's rating: 1275 &rarr; <strong>1304</strong><br />(+29 for winning)
|l|☆salukiwa
|player|p1|
|l|☆Bobforce1
|player|p2|
