|j|☆Coolradguy
|j|☆valiums
|t:|1769322192
|gametype|singles
|player|p1|Coolradguy|ghetsis|1430
|player|p2|valiums|iono-masters2|1456
|gen|9
|tier|[Gen 9] OU
|rated|
|rule|HP Percentage Mod: HP is shown in percentages
|rule|Endless Battle Clause: Forcing endless battles is banned
|rule|Species Clause: Limit one of each Pokémon
|rule|OHKO Clause: OHKO moves are banned
|rule|Evasion Items Clause: Evasion items are banned
|rule|Evasion Moves Clause: Evasion moves are banned
|rule|Evasion Abilities Clause: Evasion abilities are banned
|rule|Sleep Moves Clause: Sleep-inducing moves are banned
|clearpoke
|poke|p1|Samurott-Hisui, M|
|poke|p1|Iron Treads|
|poke|p1|Ditto|
|poke|p1|Zapdos|
|poke|p1|Iron Valiant|
|poke|p1|Glastrier|
|poke|p2|Pecharunt|
|poke|p2|Hatterene, F|
|poke|p2|Rillaboom, F|
|poke|p2|Ceruledge, F|
|poke|p2|Iron Treads|
|poke|p2|Araquanid, F|
|teampreview
|
|t:|1769322212
|teamsize|p1|6
|teamsize|p2|6
|start
|switch|p1a: Ditto|Ditto, shiny|100/100
|switch|p2a: Rillaboom|Rillaboom, F, shiny|100/100
|-transform|p1a: Ditto|p2a: Rillaboom|[from] ability: Imposter
|-fieldstart|move: Grassy Terrain|[from] ability: Grassy Surge|[of] p1a: Ditto
|turn|1
|
|t:|1769322219
|switch|p2a: Ceruledge|Ceruledge, F, shiny|100/100
|move|p1a: Ditto|U-turn|p2a: Ceruledge
|-resisted|p2a: Ceruledge
|-damage|p2a: Ceruledge|91/100
|-ability|p2a: Ceruledge|Weak Armor|boost
|-unboost|p2a: Ceruledge|def|1
|-boost|p2a: Ceruledge|spe|2
|
|t:|1769322230
|switch|p1a: Samurott|Samurott-Hisui, M|100/100|[from] U-turn
|
|-heal|p2a: Ceruledge|97/100|[from] Grassy Terrain
|upkeep
|turn|2
|
|t:|1769322239
|move|p1a: Samurott|Sucker Punch|p2a: Ceruledge
|-supereffective|p2a: Ceruledge
|-damage|p2a: Ceruledge|0 fnt
|faint|p2a: Ceruledge
|
|upkeep
|
|t:|1769322248
|switch|p2a: Hatterene|Hatterene, F, shiny|100/100
|-enditem|p2a: Hatterene|Grassy Seed
|-boost|p2a: Hatterene|def|1|[from] item: Grassy Seed
|turn|3
|
|t:|1769322256
|move|p1a: Samurott|Aqua Cutter|p2a: Hatterene
|-damage|p2a: Hatterene|76/100
|move|p2a: Hatterene|Calm Mind|p2a: Hatterene
|-boost|p2a: Hatterene|spa|1
|-boost|p2a: Hatterene|spd|1
|
|-heal|p2a: Hatterene|82/100|[from] Grassy Terrain
|upkeep
|turn|4
|
|t:|1769322278
|switch|p1a: Iron Treads|Iron Treads|100/100
|move|p2a: Hatterene|Calm Mind|p2a: Hatterene
|-boost|p2a: Hatterene|spa|1
|-boost|p2a: Hatterene|spd|1
|
|-heal|p2a: Hatterene|88/100|[from] Grassy Terrain
|upkeep
|turn|5
|
|t:|1769322288
|switch|p2a: Araquanid|Araquanid, F, shiny|100/100
|move|p1a: Iron Treads|Iron Head|p2a: Araquanid
|-resisted|p2a: Araquanid
|-damage|p2a: Araquanid|80/100
|
|-heal|p2a: Araquanid|86/100|[from] Grassy Terrain
|-fieldend|move: Grassy Terrain
|upkeep
|turn|6
|
|t:|1769322292
|move|p1a: Iron Treads|Stealth Rock|p2a: Araquanid
|-sidestart|p2: valiums|move: Stealth Rock
|move|p2a: Araquanid|Sticky Web|p1a: Iron Treads
|-sidestart|p1: Coolradguy|move: Sticky Web
|
|upkeep
|turn|7
|
|t:|1769322300
|-end|p1a: Iron Treads|Quark Drive|[silent]
|switch|p1a: Ditto|Ditto, shiny|100/100
|-activate|p1a: Ditto|move: Sticky Web
|-unboost|p1a: Ditto|spe|1
|-transform|p1a: Ditto|p2a: Araquanid|[from] ability: Imposter
|move|p2a: Araquanid|Surf|p1a: Ditto
|-resisted|p1a: Ditto
|-damage|p1a: Ditto|75/100
|
|upkeep
|turn|8
|
|t:|1769322307
|switch|p2a: Iron Treads|Iron Treads|100/100
|-damage|p2a: Iron Treads|97/100|[from] Stealth Rock
|-enditem|p2a: Iron Treads|Booster Energy
|-activate|p2a: Iron Treads|ability: Quark Drive|[fromitem]
|-start|p2a: Iron Treads|quarkdrivespe
|move|p1a: Ditto|Sticky Web|p2a: Iron Treads
|-sidestart|p2: valiums|move: Sticky Web
|
|upkeep
|turn|9
|
|t:|1769322312
|switch|p1a: Samurott|Samurott-Hisui, M|100/100
|-activate|p1a: Samurott|move: Sticky Web
|-unboost|p1a: Samurott|spe|1
|move|p2a: Iron Treads|Rapid Spin|p1a: Samurott
|-damage|p1a: Samurott|80/100
|-boost|p2a: Iron Treads|spe|1
|-sideend|p2: valiums|Stealth Rock|[from] move: Rapid Spin|[of] p2a: Iron Treads
|-sideend|p2: valiums|Sticky Web|[from] move: Rapid Spin|[of] p2a: Iron Treads
|
|upkeep
|turn|10
|
|t:|1769322323
|-end|p2a: Iron Treads|Quark Drive|[silent]
|switch|p2a: Hatterene|Hatterene, F, shiny|88/100
|move|p1a: Samurott|Aqua Cutter|p2a: Hatterene
|-damage|p2a: Hatterene|50/100
|
|upkeep
|turn|11
|
|t:|1769322331
|move|p1a: Samurott|Aqua Cutter|p2a: Hatterene
|-damage|p2a: Hatterene|9/100
|move|p2a: Hatterene|Draining Kiss|p1a: Samurott
|-supereffective|p1a: Samurott
|-damage|p1a: Samurott|35/100
|-heal|p2a: Hatterene|43/100|[from] drain|[of] p1a: Samurott
|
|upkeep
|turn|12
|
|t:|1769322344
|move|p1a: Samurott|Aqua Cutter|p2a: Hatterene
|-damage|p2a: Hatterene|6/100
|move|p2a: Hatterene|Draining Kiss|p1a: Samurott
|-supereffective|p1a: Samurott
|-damage|p1a: Samurott|0 fnt
|-heal|p2a: Hatterene|32/100|[from] drain|[of] p1a: Samurott
|faint|p1a: Samurott
|
|upkeep
|
|t:|1769322352
|switch|p1a: Iron Treads|Iron Treads|100/100
|-activate|p1a: Iron Treads|move: Sticky Web
|-unboost|p1a: Iron Treads|spe|1
|turn|13
|
|t:|1769322360
|switch|p2a: Araquanid|Araquanid, F, shiny|86/100
|move|p1a: Iron Treads|Rapid Spin|p2a: Araquanid
|-damage|p2a: Araquanid|70/100
|-boost|p1a: Iron Treads|spe|1
|-sideend|p1: Coolradguy|Sticky Web|[from] move: Rapid Spin|[of] p1a: Iron Treads
|
|upkeep
|turn|14
|
|t:|1769322373
|-end|p1a: Iron Treads|Quark Drive|[silent]
|switch|p1a: Zapdos|Zapdos, shiny|100/100
|switch|p2a: Rillaboom|Rillaboom, F, shiny|100/100
|-fieldstart|move: Grassy Terrain|[from] ability: Grassy Surge|[of] p2a: Rillaboom
|
|upkeep
|turn|15
|
|t:|1769322386
|switch|p2a: Iron Treads|Iron Treads|97/100
|move|p1a: Zapdos|Heat Wave|p2a: Iron Treads
|-supereffective|p2a: Iron Treads
|-damage|p2a: Iron Treads|0 fnt
|faint|p2a: Iron Treads
|-end|p2a: Iron Treads|Quark Drive|[silent]
|
|upkeep
|
|t:|1769322393
|switch|p2a: Pecharunt|Pecharunt|100/100
|turn|16
|
|t:|1769322397
|move|p2a: Pecharunt|Parting Shot|p1a: Zapdos
|-unboost|p1a: Zapdos|atk|1
|-unboost|p1a: Zapdos|spa|1
|
|t:|1769322404
|switch|p2a: Araquanid|Araquanid, F, shiny|70/100|[from] Parting Shot
|move|p1a: Zapdos|Discharge|p2a: Araquanid
|-supereffective|p2a: Araquanid
|-damage|p2a: Araquanid|26/100
|-status|p2a: Araquanid|par
|
|-heal|p2a: Araquanid|32/100 par|[from] Grassy Terrain
|upkeep
|turn|17
|
|t:|1769322413
|move|p1a: Zapdos|Discharge|p2a: Araquanid
|-supereffective|p2a: Araquanid
|-damage|p2a: Araquanid|0 fnt
|faint|p2a: Araquanid
|
|upkeep
|
|t:|1769322418
|switch|p2a: Pecharunt|Pecharunt|100/100
|turn|18
|
|t:|1769322424
|move|p2a: Pecharunt|Malignant Chain|p1a: Zapdos
|-damage|p1a: Zapdos|71/100
|-status|p1a: Zapdos|tox
|-start|p1a: Zapdos|confusion|[from] ability: Poison Puppeteer|[of] p2a: Pecharunt
|-activate|p1a: Zapdos|confusion
|move|p1a: Zapdos|Discharge|p2a: Pecharunt
|-damage|p2a: Pecharunt|68/100
|
|-heal|p2a: Pecharunt|74/100|[from] Grassy Terrain
|-damage|p1a: Zapdos|65/100 tox|[from] psn
|-fieldend|move: Grassy Terrain
|upkeep
|turn|19
|
|t:|1769322437
|move|p2a: Pecharunt|Malignant Chain|p1a: Zapdos
|-damage|p1a: Zapdos|35/100 tox
|-activate|p1a: Zapdos|confusion
|move|p1a: Zapdos|Discharge|p2a: Pecharunt
|-damage|p2a: Pecharunt|42/100
|
|-damage|p1a: Zapdos|23/100 tox|[from] psn
|upkeep
|turn|20
|
|t:|1769322448
|switch|p1a: Ditto|Ditto, shiny|75/100
|-transform|p1a: Ditto|p2a: Pecharunt|[from] ability: Imposter
|move|p2a: Pecharunt|Recover|p2a: Pecharunt
|-heal|p2a: Pecharunt|92/100
|
|upkeep
|turn|21
|
|t:|1769322454
|move|p1a: Ditto|Parting Shot|p2a: Pecharunt
|-unboost|p2a: Pecharunt|atk|1
|-unboost|p2a: Pecharunt|spa|1
|
|t:|1769322463
|switch|p1a: Glastrier|Glastrier|100/100|[from] Parting Shot
|move|p2a: Pecharunt|Parting Shot|p1a: Glastrier
|-unboost|p1a: Glastrier|atk|1
|-unboost|p1a: Glastrier|spa|1
|
|t:|1769322473
|switch|p2a: Rillaboom|Rillaboom, F, shiny|100/100|[from] Parting Shot
|-fieldstart|move: Grassy Terrain|[from] ability: Grassy Surge|[of] p2a: Rillaboom
|
|upkeep
|turn|22
|
|t:|1769322482
|move|p2a: Rillaboom|U-turn|p1a: Glastrier
|-damage|p1a: Glastrier|81/100
|
|t:|1769322485
|switch|p2a: Pecharunt|Pecharunt|92/100|[from] U-turn
|move|p1a: Glastrier|Avalanche|p2a: Pecharunt
|-damage|p2a: Pecharunt|77/100
|
|-heal|p2a: Pecharunt|83/100|[from] Grassy Terrain
|-heal|p1a: Glastrier|87/100|[from] Grassy Terrain
|-heal|p1a: Glastrier|94/100|[from] item: Leftovers
|upkeep
|turn|23
|
|t:|1769322496
|move|p2a: Pecharunt|Malignant Chain|p1a: Glastrier
|-crit|p1a: Glastrier
|-damage|p1a: Glastrier|60/100
|move|p1a: Glastrier|Swords Dance|p1a: Glastrier
|-boost|p1a: Glastrier|atk|2
|
|-heal|p2a: Pecharunt|89/100|[from] Grassy Terrain
|-heal|p1a: Glastrier|66/100|[from] Grassy Terrain
|-heal|p1a: Glastrier|72/100|[from] item: Leftovers
|upkeep
|turn|24
|
|t:|1769322504
|move|p2a: Pecharunt|Parting Shot|p1a: Glastrier
|-unboost|p1a: Glastrier|atk|1
|-unboost|p1a: Glastrier|spa|1
|
|t:|1769322507
|switch|p2a: Rillaboom|Rillaboom, F, shiny|100/100|[from] Parting Shot
|move|p1a: Glastrier|High Horsepower|p2a: Rillaboom
|-resisted|p2a: Rillaboom
|-damage|p2a: Rillaboom|83/100
|
|-heal|p2a: Rillaboom|89/100|[from] Grassy Terrain
|-heal|p1a: Glastrier|78/100|[from] Grassy Terrain
|-heal|p1a: Glastrier|85/100|[from] item: Leftovers
|upkeep
|turn|25
|
|t:|1769322518
|move|p2a: Rillaboom|U-turn|p1a: Glastrier
|-damage|p1a: Glastrier|66/100
|
|t:|1769322521
|switch|p2a: Pecharunt|Pecharunt|89/100|[from] U-turn
|move|p1a: Glastrier|Swords Dance|p1a: Glastrier
|-boost|p1a: Glastrier|atk|2
|
|-heal|p2a: Pecharunt|95/100|[from] Grassy Terrain
|-heal|p1a: Glastrier|73/100|[from] Grassy Terrain
|-heal|p1a: Glastrier|79/100|[from] item: Leftovers
|-fieldend|move: Grassy Terrain
|upkeep
|turn|26
|
|t:|1769322529
|move|p2a: Pecharunt|Malignant Chain|p1a: Glastrier
|-damage|p1a: Glastrier|55/100
|move|p1a: Glastrier|Swords Dance|p1a: Glastrier
|-boost|p1a: Glastrier|atk|2
|
|-heal|p1a: Glastrier|61/100|[from] item: Leftovers
|upkeep
|turn|27
|
|t:|1769322535
|move|p2a: Pecharunt|Malignant Chain|p1a: Glastrier
|-damage|p1a: Glastrier|35/100
|move|p1a: Glastrier|Avalanche|p2a: Pecharunt
|-damage|p2a: Pecharunt|0 fnt
|faint|p2a: Pecharunt
|-ability|p1a: Glastrier|Chilling Neigh|boost
|-boost|p1a: Glastrier|atk|1
|
|-heal|p1a: Glastrier|41/100|[from] item: Leftovers
|upkeep
|
|t:|1769322542
|switch|p2a: Rillaboom|Rillaboom, F, shiny|89/100
|-fieldstart|move: Grassy Terrain|[from] ability: Grassy Surge|[of] p2a: Rillaboom
|turn|28
|
|t:|1769322547
|switch|p2a: Hatterene|Hatterene, F, shiny|32/100
|move|p1a: Glastrier|Avalanche|p2a: Hatterene
|-damage|p2a: Hatterene|0 fnt
|faint|p2a: Hatterene
|-ability|p1a: Glastrier|Chilling Neigh|boost
|-boost|p1a: Glastrier|atk|1
|
|-heal|p1a: Glastrier|47/100|[from] Grassy Terrain
|-heal|p1a: Glastrier|53/100|[from] item: Leftovers
|upkeep
|
|t:|1769322550
|switch|p2a: Rillaboom|Rillaboom, F, shiny|89/100
|turn|29
|c|☆valiums|lol gg i got way too stoned between our matches
|inactive|Battle timer is ON: inactive players will automatically lose when time's up. (requested by Coolradguy)
|
|t:|1769322564
|-terastallize|p2a: Rillaboom|Grass
|move|p2a: Rillaboom|Grassy Glide|p1a: Glastrier
|-damage|p1a: Glastrier|19/100
|move|p1a: Glastrier|Avalanche|p2a: Rillaboom
|-supereffective|p2a: Rillaboom
|-damage|p2a: Rillaboom|0 fnt
|faint|p2a: Rillaboom
|
|win|Coolradguy
|raw|Coolradguy's rating: 1430 &rarr; <strong>1451</strong><br />(+21 for winning)
|raw|valiums's rating: 1456 &rarr; <strong>1435</strong><br />(-21 for losing)
|l|☆valiums
|player|p2|
