|inactive|Battle timer is ON: inactive players will automatically lose when time's up.
|t:|1769339515
|gametype|singles
|player|p1|EG JHONX!|#gscpl4ladderbayleefsaints|
|player|p2|Nowelle|roxanne|
|gen|9
|tier|[Gen 9] OU
|rule|HP Percentage Mod: HP is shown in percentages
|rule|Endless Battle Clause: Forcing endless battles is banned
|rule|Species Clause: Limit one of each Pokémon
|rule|OHKO Clause: OHKO moves are banned
|rule|Evasion Items Clause: Evasion items are banned
|rule|Evasion Moves Clause: Evasion moves are banned
|rule|Evasion Abilities Clause: Evasion abilities are banned
|rule|Sleep Moves Clause: Sleep-inducing moves are banned
|clearpoke
|poke|p1|Deoxys-Speed|
|poke|p1|Samurott-Hisui, F|
|poke|p1|Gholdengo|
|poke|p1|Great Tusk|
|poke|p1|Enamorus, F|
|poke|p1|Dragonite, F|
|poke|p2|Darkrai|
|poke|p2|Heatran, F|
|poke|p2|Scizor, F|
|poke|p2|Great Tusk|
|poke|p2|Iron Valiant|
|poke|p2|Rillaboom, F|
|teampreview
|
|t:|1769339532
|teamsize|p1|6
|teamsize|p2|6
|start
|switch|p1a: Enamorus|Enamorus, F|100/100
|switch|p2a: Rillaboom|Rillaboom, F|100/100
|-fieldstart|move: Grassy Terrain|[from] ability: Grassy Surge|[of] p2a: Rillaboom
|turn|1
|c|☆Nowelle|Hf
|
|t:|1769339544
|move|p1a: Enamorus|Moonblast|p2a: Rillaboom
|-damage|p2a: Rillaboom|33/100
|move|p2a: Rillaboom|Wood Hammer|p1a: Enamorus
|-resisted|p1a: Enamorus
|-damage|p1a: Enamorus|0 fnt
|faint|p1a: Enamorus
|-damage|p2a: Rillaboom|7/100|[from] Recoil
|
|-heal|p2a: Rillaboom|14/100|[from] Grassy Terrain
|upkeep
|c|☆EG JHONX!|lol it kills
|
|t:|1769339565
|switch|p1a: Dragonite|Dragonite, F|100/100
|turn|2
|
|t:|1769339571
|switch|p2a: Darkrai|Darkrai|100/100
|move|p1a: Dragonite|Extreme Speed|p2a: Darkrai
|-damage|p2a: Darkrai|62/100
|
|-heal|p2a: Darkrai|68/100|[from] Grassy Terrain
|upkeep
|turn|3
|
|t:|1769339586
|move|p1a: Dragonite|Extreme Speed|p2a: Darkrai
|-damage|p2a: Darkrai|26/100
|move|p2a: Darkrai|Ice Beam|p1a: Dragonite
|-supereffective|p1a: Dragonite
|-damage|p1a: Dragonite|36/100
|
|-heal|p2a: Darkrai|32/100|[from] Grassy Terrain
|upkeep
|turn|4
|
|t:|1769339596
|switch|p2a: Scizor|Scizor, F|100/100
|move|p1a: Dragonite|Extreme Speed|p2a: Scizor
|-resisted|p2a: Scizor
|-damage|p2a: Scizor|86/100
|
|-heal|p2a: Scizor|92/100|[from] Grassy Terrain
|upkeep
|turn|5
|
|t:|1769339601
|switch|p1a: Gholdengo|Gholdengo|100/100
|move|p2a: Scizor|Knock Off|p1a: Gholdengo
|-supereffective|p1a: Gholdengo
|-damage|p1a: Gholdengo|0 fnt
|-enditem|p1a: Gholdengo|Eject Pack|[from] move: Knock Off|[of] p2a: Scizor
|faint|p1a: Gholdengo
|-damage|p2a: Scizor|82/100|[from] item: Life Orb
|
|-heal|p2a: Scizor|89/100|[from] Grassy Terrain
|-fieldend|move: Grassy Terrain
|upkeep
|
|t:|1769339613
|switch|p1a: Great Tusk|Great Tusk|100/100
|turn|6
|c|☆Nowelle|C'est le rilla de zoyotte 
|
|t:|1769339630
|switch|p2a: Great Tusk|Great Tusk|100/100
|move|p1a: Great Tusk|Rapid Spin|p2a: Great Tusk
|-damage|p2a: Great Tusk|91/100
|-boost|p1a: Great Tusk|spe|1
|
|-heal|p2a: Great Tusk|97/100|[from] item: Leftovers
|upkeep
|turn|7
|
|t:|1769339651
|move|p1a: Great Tusk|Ice Spinner|p2a: Great Tusk
|-supereffective|p2a: Great Tusk
|-damage|p2a: Great Tusk|70/100
|move|p2a: Great Tusk|Bulk Up|p2a: Great Tusk
|-boost|p2a: Great Tusk|atk|1
|-boost|p2a: Great Tusk|def|1
|
|-heal|p2a: Great Tusk|76/100|[from] item: Leftovers
|upkeep
|turn|8
|
|t:|1769339662
|-terastallize|p1a: Great Tusk|Fighting
|move|p1a: Great Tusk|Close Combat|p2a: Great Tusk
|-damage|p2a: Great Tusk|41/100
|-unboost|p1a: Great Tusk|def|1
|-unboost|p1a: Great Tusk|spd|1
|move|p2a: Great Tusk|Ice Spinner|p1a: Great Tusk
|-damage|p1a: Great Tusk|65/100
|
|-heal|p2a: Great Tusk|47/100|[from] item: Leftovers
|upkeep
|turn|9
|
|t:|1769339678
|move|p1a: Great Tusk|Close Combat|p2a: Great Tusk
|-damage|p2a: Great Tusk|16/100
|-unboost|p1a: Great Tusk|def|1
|-unboost|p1a: Great Tusk|spd|1
|move|p2a: Great Tusk|Headlong Rush|p1a: Great Tusk
|-damage|p1a: Great Tusk|0 fnt
|-unboost|p2a: Great Tusk|def|1
|-unboost|p2a: Great Tusk|spd|1
|faint|p1a: Great Tusk
|-end|p1a: Great Tusk|Protosynthesis|[silent]
|
|-heal|p2a: Great Tusk|22/100|[from] item: Leftovers
|upkeep
|inactive|EG JHONX! has 270 seconds left.
|c|☆EG JHONX!|ok I totally threw
|c|☆EG JHONX!|LOL
|
|t:|1769339704
|switch|p1a: Deoxys|Deoxys-Speed|100/100
|-ability|p1a: Deoxys|Pressure
|turn|10
|
|t:|1769339710
|move|p1a: Deoxys|Psycho Boost|p2a: Great Tusk|[miss]
|-miss|p1a: Deoxys|p2a: Great Tusk
|move|p2a: Great Tusk|Headlong Rush|p1a: Deoxys
|-damage|p1a: Deoxys|0 fnt
|-unboost|p2a: Great Tusk|def|1
|-unboost|p2a: Great Tusk|spd|1
|faint|p1a: Deoxys
|
|-heal|p2a: Great Tusk|28/100|[from] item: Leftovers
|upkeep
|c|☆Nowelle|My bad
|
|t:|1769339717
|switch|p1a: Dragonite|Dragonite, F|36/100
|turn|11
|c|☆EG JHONX!|np
|
|t:|1769339724
|move|p1a: Dragonite|Extreme Speed|p2a: Great Tusk
|-damage|p2a: Great Tusk|4/100
|move|p2a: Great Tusk|Ice Spinner|p1a: Dragonite
|-supereffective|p1a: Dragonite
|-crit|p1a: Dragonite
|-damage|p1a: Dragonite|0 fnt
|faint|p1a: Dragonite
|
|-heal|p2a: Great Tusk|10/100|[from] item: Leftovers
|upkeep
|
|t:|1769339728
|switch|p1a: Samurott|Samurott-Hisui, F|100/100
|turn|12
|
|t:|1769339732
|move|p1a: Samurott|Flip Turn|p2a: Great Tusk
|-supereffective|p2a: Great Tusk
|-damage|p2a: Great Tusk|0 fnt
|faint|p2a: Great Tusk
|-end|p2a: Great Tusk|Protosynthesis|[silent]
|
|upkeep
|
|t:|1769339734
|switch|p2a: Rillaboom|Rillaboom, F|14/100
|-fieldstart|move: Grassy Terrain|[from] ability: Grassy Surge|[of] p2a: Rillaboom
|turn|13
|c|☆EG JHONX!|lmao it was faster
|
|t:|1769339744
|move|p1a: Samurott|Sucker Punch|p2a: Rillaboom
|-damage|p2a: Rillaboom|0 fnt
|faint|p2a: Rillaboom
|
|upkeep
|
|t:|1769339748
|switch|p2a: Iron Valiant|Iron Valiant|100/100
|-enditem|p2a: Iron Valiant|Booster Energy
|-activate|p2a: Iron Valiant|ability: Quark Drive|[fromitem]
|-start|p2a: Iron Valiant|quarkdrivespe
|turn|14
|
|t:|1769339755
|move|p2a: Iron Valiant|Moonblast|p1a: Samurott
|-supereffective|p1a: Samurott
|-damage|p1a: Samurott|0 fnt
|faint|p1a: Samurott
|
|win|Nowelle
|c|☆Nowelle|Gg
|c|☆EG JHONX!|gg
