|inactive|Battle timer is ON: inactive players will automatically lose when time's up.
|t:|1769337244
|gametype|singles
|player|p1|GLOWKING AGENDA|lady-gen4|
|player|p2|Diamondnt_|n-masters|
|gen|9
|tier|[Gen 9] OU
|rule|HP Percentage Mod: HP is shown in percentages
|rule|Endless Battle Clause: Forcing endless battles is banned
|rule|Species Clause: Limit one of each Pokémon
|rule|OHKO Clause: OHKO moves are banned
|rule|Evasion Items Clause: Evasion items are banned
|rule|Evasion Moves Clause: Evasion moves are banned
|rule|Evasion Abilities Clause: Evasion abilities are banned
|rule|Sleep Moves Clause: Sleep-inducing moves are banned
|clearpoke
|poke|p1|Gliscor, F|
|poke|p1|Blissey, F|
|poke|p1|Clefable, F|
|poke|p1|Toxapex, F|
|poke|p1|Dondozo, F|
|poke|p1|Corviknight, F|
|poke|p2|Scizor, M|
|poke|p2|Ogerpon-Wellspring, F|
|poke|p2|Iron Valiant|
|poke|p2|Zapdos|
|poke|p2|Alomomola, M|
|poke|p2|Cinderace, M|
|teampreview
|c|☆GLOWKING AGENDA|glhf
|c|☆Diamondnt_|glhf
|
|t:|1769337262
|teamsize|p1|6
|teamsize|p2|6
|start
|switch|p1a: Lash|Toxapex, F, shiny|100/100
|switch|p2a: Zapdos|Zapdos, shiny|100/100
|turn|1
|
|t:|1769337281
|switch|p1a: Flesh Tutu|Blissey, F|100/100
|move|p2a: Zapdos|Volt Switch|p1a: Flesh Tutu
|-damage|p1a: Flesh Tutu|91/100
|
|t:|1769337286
|switch|p2a: Iron Valiant|Iron Valiant|100/100|[from] Volt Switch
|-enditem|p2a: Iron Valiant|Booster Energy
|-activate|p2a: Iron Valiant|ability: Quark Drive|[fromitem]
|-start|p2a: Iron Valiant|quarkdrivespe
|
|upkeep
|turn|2
|
|t:|1769337292
|switch|p1a: Nell|Clefable, F|100/100
|move|p2a: Iron Valiant|Knock Off|p1a: Nell
|-resisted|p1a: Nell
|-damage|p1a: Nell|89/100
|
|-damage|p2a: Iron Valiant|88/100|[from] item: Sticky Barb
|upkeep
|turn|3
|
|t:|1769337309
|-end|p2a: Iron Valiant|Quark Drive|[silent]
|switch|p2a: Alomomola|Alomomola, M|100/100
|move|p1a: Nell|Moonblast|p2a: Alomomola
|-damage|p2a: Alomomola|71/100
|-unboost|p2a: Alomomola|spa|1
|
|upkeep
|turn|4
|
|t:|1769337318
|switch|p1a: Adder|Gliscor, F|100/100
|move|p2a: Alomomola|Flip Turn|p1a: Adder
|-supereffective|p1a: Adder
|-damage|p1a: Adder|80/100
|
|t:|1769337328
|switch|p2a: Ogerpon|Ogerpon-Wellspring, F|100/100|[from] Flip Turn
|
|-status|p1a: Adder|tox|[from] item: Toxic Orb
|upkeep
|turn|5
|
|t:|1769337337
|switch|p1a: Lash|Toxapex, F, shiny|100/100
|move|p2a: Ogerpon|Horn Leech|p1a: Lash
|-damage|p1a: Lash|76/100
|
|upkeep
|turn|6
|
|t:|1769337347
|move|p2a: Ogerpon|U-turn|p1a: Lash
|-resisted|p1a: Lash
|-damage|p1a: Lash|68/100
|
|t:|1769337350
|switch|p2a: Scizor|Scizor, M|100/100|[from] U-turn
|move|p1a: Lash|Infestation|p2a: Scizor
|-resisted|p2a: Scizor
|-damage|p2a: Scizor|99/100
|-activate|p2a: Scizor|move: Infestation|[of] p1a: Lash
|
|-damage|p2a: Scizor|86/100|[from] move: Infestation|[partiallytrapped]
|upkeep
|turn|7
|
|t:|1769337359
|switch|p1a: Jugger|Dondozo, F, shiny|100/100
|move|p2a: Scizor|U-turn|p1a: Jugger
|-damage|p1a: Jugger|71/100
|
|t:|1769337364
|switch|p2a: Ogerpon|Ogerpon-Wellspring, F|100/100|[from] U-turn
|
|upkeep
|turn|8
|
|t:|1769337371
|switch|p1a: Lash|Toxapex, F, shiny|100/100
|move|p2a: Ogerpon|Ivy Cudgel|p1a: Lash|[anim] Ivy Cudgel Water
|-resisted|p1a: Lash
|-damage|p1a: Lash|82/100
|
|upkeep
|turn|9
|inactive|Diamondnt_ disconnected and has 300 seconds to reconnect!
|player|p2|
|inactive|Diamondnt_ reconnected and has 275 seconds left.
|player|p2|Diamondnt_|n-masters|
|inactive|Diamondnt_ has 270 seconds left.
|c|☆Diamondnt_|it disconnected me
|c|☆Diamondnt_|srry
|c|☆GLOWKING AGENDA|np
|
|t:|1769337420
|move|p2a: Ogerpon|U-turn|p1a: Lash
|-resisted|p1a: Lash
|-damage|p1a: Lash|74/100
|
|t:|1769337425
|switch|p2a: Zapdos|Zapdos, shiny|100/100|[from] U-turn
|move|p1a: Lash|Infestation|p2a: Zapdos
|-resisted|p2a: Zapdos
|-damage|p2a: Zapdos|99/100
|-activate|p2a: Zapdos|move: Infestation|[of] p1a: Lash
|
|-damage|p2a: Zapdos|87/100|[from] move: Infestation|[partiallytrapped]
|upkeep
|turn|10
|inactive|Diamondnt_ has 270 seconds left.
|
|t:|1769337435
|switch|p1a: Flesh Tutu|Blissey, F|91/100
|move|p2a: Zapdos|Hurricane|p1a: Flesh Tutu
|-damage|p1a: Flesh Tutu|77/100
|
|-end|p2a: Zapdos|Infestation|[partiallytrapped]|[silent]
|upkeep
|turn|11
|inactive|Diamondnt_ has 270 seconds left.
|
|t:|1769337443
|move|p2a: Zapdos|Thunder Wave|p1a: Flesh Tutu
|-status|p1a: Flesh Tutu|par
|move|p1a: Flesh Tutu|Seismic Toss|p2a: Zapdos
|-damage|p2a: Zapdos|61/100
|
|upkeep
|turn|12
|
|t:|1769337448
|move|p2a: Zapdos|Volt Switch|p1a: Flesh Tutu
|-damage|p1a: Flesh Tutu|68/100 par
|
|t:|1769337452
|switch|p2a: Alomomola|Alomomola, M|100/100|[from] Volt Switch
|cant|p1a: Flesh Tutu|par
|
|upkeep
|turn|13
|
|t:|1769337459
|move|p2a: Alomomola|Wish|p2a: Alomomola
|cant|p1a: Flesh Tutu|par
|
|upkeep
|turn|14
|
|t:|1769337465
|move|p2a: Alomomola|Flip Turn|p1a: Flesh Tutu
|-damage|p1a: Flesh Tutu|48/100 par
|
|t:|1769337468
|switch|p2a: Scizor|Scizor, M|86/100|[from] Flip Turn
|move|p1a: Flesh Tutu|Soft-Boiled|p1a: Flesh Tutu
|-heal|p1a: Flesh Tutu|98/100 par
|
|-heal|p2a: Scizor|100/100|[from] move: Wish|[wisher] Alomomola
|upkeep
|turn|15
|
|t:|1769337477
|-curestatus|p1a: Flesh Tutu|par|[from] ability: Natural Cure
|switch|p1a: Jugger|Dondozo, F, shiny|71/100
|move|p2a: Scizor|Knock Off|p1a: Jugger
|-damage|p1a: Jugger|48/100
|-enditem|p1a: Jugger|Heavy-Duty Boots|[from] move: Knock Off|[of] p2a: Scizor
|
|upkeep
|turn|16
|
|t:|1769337492
|switch|p2a: Alomomola|Alomomola, M|100/100
|move|p1a: Jugger|Rest|p1a: Jugger
|-status|p1a: Jugger|slp|[from] move: Rest
|-heal|p1a: Jugger|100/100 slp|[silent]
|
|upkeep
|turn|17
|
|t:|1769337504
|switch|p2a: Iron Valiant|Iron Valiant|88/100
|cant|p1a: Jugger|slp
|move|p1a: Jugger|Sleep Talk|p1a: Jugger
|move|p1a: Jugger|Avalanche|p2a: Iron Valiant|[from] move: Sleep Talk
|-damage|p2a: Iron Valiant|71/100
|
|-damage|p1a: Jugger|88/100 slp|[from] item: Sticky Barb
|upkeep
|turn|18
|
|t:|1769337514
|switch|p1a: Nell|Clefable, F|89/100
|move|p2a: Iron Valiant|Encore||[still]
|-fail|p2a: Iron Valiant
|
|upkeep
|turn|19
|
|t:|1769337531
|-end|p2a: Iron Valiant|Quark Drive|[silent]
|switch|p2a: Scizor|Scizor, M|100/100
|move|p1a: Nell|Moonblast|p2a: Scizor
|-resisted|p2a: Scizor
|-damage|p2a: Scizor|78/100
|-unboost|p2a: Scizor|spa|1
|
|upkeep
|turn|20
|
|t:|1769337538
|switch|p1a: Jugger|Dondozo, F, shiny|88/100 slp
|move|p2a: Scizor|Bullet Punch|p1a: Jugger
|-resisted|p1a: Jugger
|-damage|p1a: Jugger|76/100 slp
|
|-damage|p1a: Jugger|64/100 slp|[from] item: Sticky Barb
|upkeep
|turn|21
|
|t:|1769337557
|switch|p2a: Alomomola|Alomomola, M|100/100
|cant|p1a: Jugger|slp
|move|p1a: Jugger|Sleep Talk|p1a: Jugger
|move|p1a: Jugger|Body Press|p2a: Alomomola|[from] move: Sleep Talk
|-damage|p2a: Alomomola|85/100
|
|-damage|p1a: Jugger|51/100 slp|[from] item: Sticky Barb
|upkeep
|turn|22
|
|t:|1769337569
|move|p2a: Alomomola|Wish|p2a: Alomomola
|-curestatus|p1a: Jugger|slp|[msg]
|move|p1a: Jugger|Rest|p1a: Jugger
|-status|p1a: Jugger|slp|[from] move: Rest
|-heal|p1a: Jugger|100/100 slp|[silent]
|
|-damage|p1a: Jugger|88/100 slp|[from] item: Sticky Barb
|upkeep
|turn|23
|
|t:|1769337578
|switch|p1a: Lash|Toxapex, F, shiny|100/100
|move|p2a: Alomomola|Flip Turn|p1a: Lash
|-resisted|p1a: Lash
|-damage|p1a: Lash|96/100
|
|t:|1769337584
|switch|p2a: Zapdos|Zapdos, shiny|61/100|[from] Flip Turn
|
|-heal|p2a: Zapdos|100/100|[from] move: Wish|[wisher] Alomomola
|upkeep
|turn|24
|
|t:|1769337592
|switch|p1a: Adder|Gliscor, F|80/100 tox
|move|p2a: Zapdos|Thunder Wave|p1a: Adder
|-immune|p1a: Adder
|
|-heal|p1a: Adder|93/100 tox|[from] ability: Poison Heal
|upkeep
|turn|25
|
|t:|1769337599
|switch|p1a: Flesh Tutu|Blissey, F|98/100
|move|p2a: Zapdos|Hurricane|p1a: Flesh Tutu
|-damage|p1a: Flesh Tutu|85/100
|
|upkeep
|turn|26
|
|t:|1769337605
|move|p2a: Zapdos|Volt Switch|p1a: Flesh Tutu
|-damage|p1a: Flesh Tutu|77/100
|
|t:|1769337618
|switch|p2a: Ogerpon|Ogerpon-Wellspring, F|100/100|[from] Volt Switch
|move|p1a: Flesh Tutu|Seismic Toss|p2a: Ogerpon
|-damage|p2a: Ogerpon|67/100
|
|upkeep
|turn|27
|
|t:|1769337627
|switch|p1a: Lash|Toxapex, F, shiny|100/100
|move|p2a: Ogerpon|Horn Leech|p1a: Lash
|-damage|p1a: Lash|71/100
|-heal|p2a: Ogerpon|82/100|[from] drain|[of] p1a: Lash
|
|upkeep
|turn|28
|
|t:|1769337635
|-terastallize|p2a: Ogerpon|Water
|detailschange|p2a: Ogerpon|Ogerpon-Wellspring-Tera, F, tera:Water
|-ability|p2a: Ogerpon|Embody Aspect (Wellspring)|boost
|-boost|p2a: Ogerpon|spd|1
|move|p2a: Ogerpon|Horn Leech|p1a: Lash
|-damage|p1a: Lash|45/100
|-heal|p2a: Ogerpon|95/100|[from] drain|[of] p1a: Lash
|move|p1a: Lash|Infestation|p2a: Ogerpon
|-damage|p2a: Ogerpon|93/100
|-activate|p2a: Ogerpon|move: Infestation|[of] p1a: Lash
|
|-damage|p2a: Ogerpon|81/100|[from] move: Infestation|[partiallytrapped]
|upkeep
|turn|29
|
|t:|1769337646
|move|p2a: Ogerpon|Horn Leech|p1a: Lash
|-damage|p1a: Lash|19/100
|-heal|p2a: Ogerpon|95/100|[from] drain|[of] p1a: Lash
|move|p1a: Lash|Recover|p1a: Lash
|-heal|p1a: Lash|69/100
|
|-damage|p2a: Ogerpon|82/100|[from] move: Infestation|[partiallytrapped]
|upkeep
|turn|30
|
|t:|1769337654
|move|p2a: Ogerpon|U-turn|p1a: Lash
|-resisted|p1a: Lash
|-damage|p1a: Lash|61/100
|
|t:|1769337657
|switch|p2a: Iron Valiant|Iron Valiant|71/100|[from] U-turn
|move|p1a: Lash|Recover|p1a: Lash
|-heal|p1a: Lash|100/100
|
|upkeep
|turn|31
|
|t:|1769337662
|switch|p1a: Nell|Clefable, F|89/100
|move|p2a: Iron Valiant|Encore||[still]
|-fail|p2a: Iron Valiant
|
|upkeep
|turn|32
|
|t:|1769337676
|-end|p2a: Iron Valiant|Quark Drive|[silent]
|switch|p2a: Cinderace|Cinderace, M, shiny|100/100
|move|p1a: Nell|Trick|p2a: Cinderace
|-activate|p1a: Nell|move: Trick|[of] p2a: Cinderace
|-enditem|p2a: Cinderace|Heavy-Duty Boots|[silent]|[from] move: Trick
|-item|p1a: Nell|Heavy-Duty Boots|[from] move: Trick
|
|upkeep
|turn|33
|
|t:|1769337686
|switch|p1a: Jugger|Dondozo, F, shiny|88/100 slp
|move|p2a: Cinderace|Will-O-Wisp|p1a: Jugger|[miss]
|-miss|p2a: Cinderace|p1a: Jugger
|
|-damage|p1a: Jugger|75/100 slp|[from] item: Sticky Barb
|upkeep
|turn|34
|
|t:|1769337691
|move|p2a: Cinderace|U-turn|p1a: Jugger
|-damage|p1a: Jugger|67/100 slp
|
|t:|1769337695
|switch|p2a: Zapdos|Zapdos, shiny|100/100|[from] U-turn
|cant|p1a: Jugger|slp
|move|p1a: Jugger|Sleep Talk|p1a: Jugger
|move|p1a: Jugger|Body Press|p2a: Zapdos|[from] move: Sleep Talk
|-resisted|p2a: Zapdos
|-damage|p2a: Zapdos|91/100
|
|upkeep
|turn|35
|
|t:|1769337712
|switch|p1a: Flesh Tutu|Blissey, F|77/100
|move|p2a: Zapdos|Volt Switch|p1a: Flesh Tutu
|-damage|p1a: Flesh Tutu|68/100
|
|t:|1769337719
|switch|p2a: Iron Valiant|Iron Valiant|71/100|[from] Volt Switch
|
|upkeep
|turn|36
|
|t:|1769337723
|switch|p1a: Nell|Clefable, F|89/100
|move|p2a: Iron Valiant|Knock Off|p1a: Nell
|-resisted|p1a: Nell
|-damage|p1a: Nell|78/100
|-enditem|p1a: Nell|Heavy-Duty Boots|[from] move: Knock Off|[of] p2a: Iron Valiant
|
|upkeep
|turn|37
|
|t:|1769337732
|move|p2a: Iron Valiant|Close Combat|p1a: Nell
|-resisted|p1a: Nell
|-damage|p1a: Nell|58/100
|-unboost|p2a: Iron Valiant|def|1
|-unboost|p2a: Iron Valiant|spd|1
|move|p1a: Nell|Moonblast|p2a: Iron Valiant
|-supereffective|p2a: Iron Valiant
|-damage|p2a: Iron Valiant|0 fnt
|faint|p2a: Iron Valiant
|-end|p2a: Iron Valiant|Quark Drive|[silent]
|
|upkeep
|
|t:|1769337739
|switch|p2a: Cinderace|Cinderace, M, shiny|100/100
|turn|38
|
|t:|1769337747
|move|p2a: Cinderace|Pyro Ball|p1a: Nell
|-crit|p1a: Nell
|-damage|p1a: Nell|0 fnt
|faint|p1a: Nell
|
|-damage|p2a: Cinderace|88/100|[from] item: Sticky Barb
|upkeep
|
|t:|1769337750
|switch|p1a: Jugger|Dondozo, F, shiny|67/100 slp
|turn|39
|
|t:|1769337757
|move|p2a: Cinderace|U-turn|p1a: Jugger
|-damage|p1a: Jugger|59/100 slp
|
|t:|1769337761
|switch|p2a: Ogerpon|Ogerpon-Wellspring-Tera, F, tera:Water|82/100|[from] U-turn
|-ability|p2a: Ogerpon|Embody Aspect (Wellspring)|boost
|-boost|p2a: Ogerpon|spd|1
|cant|p1a: Jugger|slp
|move|p1a: Jugger|Sleep Talk|p1a: Jugger
|move|p1a: Jugger|Rest||[from] move: Sleep Talk|[still]
|-fail|p1a: Jugger
|
|upkeep
|turn|40
|
|t:|1769337769
|switch|p1a: Lash|Toxapex, F, shiny|100/100
|move|p2a: Ogerpon|Horn Leech|p1a: Lash
|-damage|p1a: Lash|73/100
|-heal|p2a: Ogerpon|96/100|[from] drain|[of] p1a: Lash
|
|upkeep
|turn|41
|
|t:|1769337776
|move|p2a: Ogerpon|Horn Leech|p1a: Lash
|-damage|p1a: Lash|47/100
|-heal|p2a: Ogerpon|100/100|[from] drain|[of] p1a: Lash
|move|p1a: Lash|Toxic|p2a: Ogerpon
|-status|p2a: Ogerpon|tox
|
|-damage|p2a: Ogerpon|95/100 tox|[from] psn
|upkeep
|turn|42
|
|t:|1769337784
|move|p2a: Ogerpon|Horn Leech|p1a: Lash
|-damage|p1a: Lash|18/100
|-heal|p2a: Ogerpon|100/100 tox|[from] drain|[of] p1a: Lash
|move|p1a: Lash|Recover|p1a: Lash
|-heal|p1a: Lash|68/100
|
|-damage|p2a: Ogerpon|89/100 tox|[from] psn
|upkeep
|turn|43
|
|t:|1769337791
|move|p2a: Ogerpon|U-turn|p1a: Lash
|-resisted|p1a: Lash
|-damage|p1a: Lash|61/100
|
|t:|1769337795
|switch|p2a: Cinderace|Cinderace, M, shiny|88/100|[from] U-turn
|move|p1a: Lash|Infestation|p2a: Cinderace
|-resisted|p2a: Cinderace
|-crit|p2a: Cinderace
|-damage|p2a: Cinderace|86/100
|-activate|p2a: Cinderace|move: Infestation|[of] p1a: Lash
|
|-damage|p2a: Cinderace|73/100|[from] move: Infestation|[partiallytrapped]
|-damage|p2a: Cinderace|61/100|[from] item: Sticky Barb
|upkeep
|turn|44
|
|t:|1769337812
|switch|p1a: Jugger|Dondozo, F, shiny|59/100 slp
|move|p2a: Cinderace|Will-O-Wisp||[still]
|-fail|p2a: Cinderace
|
|-end|p2a: Cinderace|Infestation|[partiallytrapped]|[silent]
|-damage|p2a: Cinderace|49/100|[from] item: Sticky Barb
|upkeep
|turn|45
|
|t:|1769337818
|move|p2a: Cinderace|Pyro Ball|p1a: Jugger
|-resisted|p1a: Jugger
|-damage|p1a: Jugger|48/100 slp
|-curestatus|p1a: Jugger|slp|[msg]
|move|p1a: Jugger|Rest|p1a: Jugger
|-status|p1a: Jugger|slp|[from] move: Rest
|-heal|p1a: Jugger|100/100 slp|[silent]
|
|-damage|p2a: Cinderace|36/100|[from] item: Sticky Barb
|upkeep
|turn|46
|
|t:|1769337827
|move|p2a: Cinderace|U-turn|p1a: Jugger
|-damage|p1a: Jugger|92/100 slp
|
|t:|1769337833
|switch|p2a: Scizor|Scizor, M|78/100|[from] U-turn
|cant|p1a: Jugger|slp
|
|upkeep
|turn|47
|
|t:|1769337840
|move|p2a: Scizor|Dual Wingbeat|p1a: Jugger
|-crit|p1a: Jugger
|-damage|p1a: Jugger|68/100 slp
|-damage|p1a: Jugger|53/100 slp
|-hitcount|p1a: Jugger|2
|cant|p1a: Jugger|slp
|
|upkeep
|turn|48
|
|t:|1769337850
|move|p2a: Scizor|Dual Wingbeat|p1a: Jugger
|-damage|p1a: Jugger|38/100 slp
|-damage|p1a: Jugger|22/100 slp
|-hitcount|p1a: Jugger|2
|-curestatus|p1a: Jugger|slp|[msg]
|move|p1a: Jugger|Rest|p1a: Jugger
|-status|p1a: Jugger|slp|[from] move: Rest
|-heal|p1a: Jugger|100/100 slp|[silent]
|
|upkeep
|turn|49
|
|t:|1769337859
|move|p2a: Scizor|Dual Wingbeat|p1a: Jugger
|-damage|p1a: Jugger|84/100 slp
|-damage|p1a: Jugger|68/100 slp
|-hitcount|p1a: Jugger|2
|cant|p1a: Jugger|slp
|move|p1a: Jugger|Sleep Talk|p1a: Jugger
|move|p1a: Jugger|Rest||[from] move: Sleep Talk|[still]
|-fail|p1a: Jugger
|
|upkeep
|turn|50
|
|t:|1769337867
|move|p2a: Scizor|Dual Wingbeat|p1a: Jugger
|-damage|p1a: Jugger|52/100 slp
|-damage|p1a: Jugger|37/100 slp
|-hitcount|p1a: Jugger|2
|cant|p1a: Jugger|slp
|
|upkeep
|turn|51
|
|t:|1769337873
|move|p2a: Scizor|Dual Wingbeat|p1a: Jugger
|-damage|p1a: Jugger|23/100 slp
|-damage|p1a: Jugger|9/100 slp
|-hitcount|p1a: Jugger|2
|-curestatus|p1a: Jugger|slp|[msg]
|move|p1a: Jugger|Rest|p1a: Jugger
|-status|p1a: Jugger|slp|[from] move: Rest
|-heal|p1a: Jugger|100/100 slp|[silent]
|
|upkeep
|turn|52
|
|t:|1769337889
|switch|p2a: Alomomola|Alomomola, M|100/100
|switch|p1a: Sturm|Corviknight, F, shiny|100/100
|-ability|p1a: Sturm|Pressure
|
|upkeep
|turn|53
|
|t:|1769337898
|move|p1a: Sturm|Substitute|p1a: Sturm
|-start|p1a: Sturm|Substitute
|-damage|p1a: Sturm|76/100
|move|p2a: Alomomola|Wish|p2a: Alomomola
|
|-heal|p1a: Sturm|82/100|[from] item: Leftovers
|upkeep
|turn|54
|
|t:|1769337903
|move|p1a: Sturm|Protect|p1a: Sturm
|-singleturn|p1a: Sturm|Protect
|move|p2a: Alomomola|Flip Turn|p1a: Sturm
|-activate|p1a: Sturm|move: Protect
|
|-heal|p1a: Sturm|88/100|[from] item: Leftovers
|upkeep
|turn|55
|
|t:|1769337907
|move|p1a: Sturm|Spite|p2a: Alomomola
|-activate|p2a: Alomomola|move: Spite|Flip Turn|4
|move|p2a: Alomomola|Flip Turn|p1a: Sturm
|-activate|p1a: Sturm|move: Substitute|[damage]
|
|t:|1769337912
|switch|p2a: Cinderace|Cinderace, M, shiny|36/100|[from] Flip Turn
|
|-heal|p1a: Sturm|94/100|[from] item: Leftovers
|-damage|p2a: Cinderace|24/100|[from] item: Sticky Barb
|upkeep
|turn|56
|
|t:|1769337920
|move|p1a: Sturm|Protect|p1a: Sturm
|-singleturn|p1a: Sturm|Protect
|move|p2a: Cinderace|Pyro Ball|p1a: Sturm
|-activate|p1a: Sturm|move: Protect
|
|-heal|p1a: Sturm|99/100|[from] item: Leftovers
|-damage|p2a: Cinderace|12/100|[from] item: Sticky Barb
|upkeep
|turn|57
|
|t:|1769337925
|move|p2a: Cinderace|U-turn|p1a: Sturm
|-resisted|p1a: Sturm
|-activate|p1a: Sturm|move: Substitute|[damage]
|
|t:|1769337929
|switch|p2a: Zapdos|Zapdos, shiny|91/100|[from] U-turn
|move|p1a: Sturm|Substitute|p1a: Sturm
|-fail|p1a: Sturm|move: Substitute
|
|-heal|p1a: Sturm|100/100|[from] item: Leftovers
|upkeep
|turn|58
|
|t:|1769337941
|move|p2a: Zapdos|Hurricane|p1a: Sturm
|-resisted|p1a: Sturm
|-end|p1a: Sturm|Substitute
|move|p1a: Sturm|Spite|p2a: Zapdos
|-activate|p2a: Zapdos|move: Spite|Hurricane|4
|
|upkeep
|turn|59
|
|t:|1769337947
|switch|p1a: Flesh Tutu|Blissey, F|68/100
|move|p2a: Zapdos|Thunder Wave|p1a: Flesh Tutu
|-status|p1a: Flesh Tutu|par
|
|upkeep
|turn|60
|
|t:|1769337954
|move|p2a: Zapdos|Volt Switch|p1a: Flesh Tutu
|-damage|p1a: Flesh Tutu|60/100 par
|
|t:|1769337959
|switch|p2a: Alomomola|Alomomola, M|100/100|[from] Volt Switch
|move|p1a: Flesh Tutu|Soft-Boiled|p1a: Flesh Tutu
|-heal|p1a: Flesh Tutu|100/100 par
|
|upkeep
|turn|61
|
|t:|1769337966
|-curestatus|p1a: Flesh Tutu|par|[from] ability: Natural Cure
|switch|p1a: Sturm|Corviknight, F, shiny|100/100
|-ability|p1a: Sturm|Pressure
|move|p2a: Alomomola|Wish|p2a: Alomomola
|
|upkeep
|turn|62
|
|t:|1769337973
|switch|p2a: Cinderace|Cinderace, M, shiny|12/100
|move|p1a: Sturm|Substitute|p1a: Sturm
|-start|p1a: Sturm|Substitute
|-damage|p1a: Sturm|76/100
|
|-heal|p2a: Cinderace|78/100|[from] move: Wish|[wisher] Alomomola
|-heal|p1a: Sturm|82/100|[from] item: Leftovers
|-damage|p2a: Cinderace|65/100|[from] item: Sticky Barb
|upkeep
|turn|63
|
|t:|1769337984
|move|p2a: Cinderace|Pyro Ball|p1a: Sturm
|-supereffective|p1a: Sturm
|-end|p1a: Sturm|Substitute
|move|p1a: Sturm|Spite|p2a: Cinderace
|-activate|p2a: Cinderace|move: Spite|Pyro Ball|2
|
|-heal|p1a: Sturm|88/100|[from] item: Leftovers
|-damage|p2a: Cinderace|53/100|[from] item: Sticky Barb
|upkeep
|turn|64
|
|t:|1769337987
|move|p2a: Cinderace|Will-O-Wisp|p1a: Sturm
|-status|p1a: Sturm|brn
|move|p1a: Sturm|Substitute|p1a: Sturm
|-start|p1a: Sturm|Substitute
|-damage|p1a: Sturm|63/100 brn
|
|-heal|p1a: Sturm|69/100 brn|[from] item: Leftovers
|-damage|p1a: Sturm|63/100 brn|[from] brn
|-damage|p2a: Cinderace|41/100|[from] item: Sticky Barb
|upkeep
|turn|65
|
|t:|1769337996
|move|p1a: Sturm|Protect|p1a: Sturm
|-singleturn|p1a: Sturm|Protect
|move|p2a: Cinderace|U-turn|p1a: Sturm
|-activate|p1a: Sturm|move: Protect
|
|-heal|p1a: Sturm|69/100 brn|[from] item: Leftovers
|-damage|p1a: Sturm|63/100 brn|[from] brn
|-damage|p2a: Cinderace|29/100|[from] item: Sticky Barb
|upkeep
|turn|66
|
|t:|1769338003
|switch|p2a: Scizor|Scizor, M|78/100
|move|p1a: Sturm|Roost|p1a: Sturm
|-heal|p1a: Sturm|100/100 brn
|-singleturn|p1a: Sturm|move: Roost
|
|-damage|p1a: Sturm|94/100 brn|[from] brn
|upkeep
|turn|67
|
|t:|1769338013
|move|p1a: Sturm|Protect|p1a: Sturm
|-singleturn|p1a: Sturm|Protect
|move|p2a: Scizor|Knock Off|p1a: Sturm
|-activate|p1a: Sturm|move: Protect
|
|-heal|p1a: Sturm|100/100 brn|[from] item: Leftovers
|-damage|p1a: Sturm|94/100 brn|[from] brn
|upkeep
|turn|68
|
|t:|1769338023
|move|p2a: Scizor|Knock Off|p1a: Sturm
|-end|p1a: Sturm|Substitute
|move|p1a: Sturm|Spite|p2a: Scizor
|-activate|p2a: Scizor|move: Spite|Knock Off|4
|
|-heal|p1a: Sturm|100/100 brn|[from] item: Leftovers
|-damage|p1a: Sturm|94/100 brn|[from] brn
|upkeep
|turn|69
|
|t:|1769338030
|switch|p1a: Adder|Gliscor, F|93/100 tox
|move|p2a: Scizor|Knock Off|p1a: Adder
|-damage|p1a: Adder|57/100 tox
|-enditem|p1a: Adder|Toxic Orb|[from] move: Knock Off|[of] p2a: Scizor
|
|-heal|p1a: Adder|70/100 tox|[from] ability: Poison Heal
|upkeep
|turn|70
|
|t:|1769338038
|switch|p2a: Ogerpon|Ogerpon-Wellspring-Tera, F, tera:Water|89/100 tox
|-ability|p2a: Ogerpon|Embody Aspect (Wellspring)|boost
|-boost|p2a: Ogerpon|spd|1
|move|p1a: Adder|Toxic|p2a: Ogerpon
|-fail|p2a: Ogerpon|tox
|
|-damage|p2a: Ogerpon|83/100 tox|[from] psn
|-heal|p1a: Adder|82/100 tox|[from] ability: Poison Heal
|upkeep
|turn|71
|
|t:|1769338047
|move|p1a: Adder|Protect|p1a: Adder
|-singleturn|p1a: Adder|Protect
|move|p2a: Ogerpon|Horn Leech|p1a: Adder
|-activate|p1a: Adder|move: Protect
|
|-damage|p2a: Ogerpon|71/100 tox|[from] psn
|-heal|p1a: Adder|95/100 tox|[from] ability: Poison Heal
|upkeep
|turn|72
|
|t:|1769338051
|switch|p1a: Lash|Toxapex, F, shiny|94/100
|move|p2a: Ogerpon|Ivy Cudgel|p1a: Lash|[anim] Ivy Cudgel Water
|-resisted|p1a: Lash
|-damage|p1a: Lash|69/100
|
|-damage|p2a: Ogerpon|53/100 tox|[from] psn
|upkeep
|turn|73
|
|t:|1769338056
|move|p2a: Ogerpon|Horn Leech|p1a: Lash
|-damage|p1a: Lash|40/100
|-heal|p2a: Ogerpon|67/100 tox|[from] drain|[of] p1a: Lash
|move|p1a: Lash|Infestation|p2a: Ogerpon
|-damage|p2a: Ogerpon|65/100 tox
|-activate|p2a: Ogerpon|move: Infestation|[of] p1a: Lash
|
|-damage|p2a: Ogerpon|41/100 tox|[from] psn
|-damage|p2a: Ogerpon|29/100 tox|[from] move: Infestation|[partiallytrapped]
|upkeep
|turn|74
|
|t:|1769338069
|switch|p1a: Adder|Gliscor, F|95/100 tox
|move|p2a: Ogerpon|U-turn|p1a: Adder
|-resisted|p1a: Adder
|-damage|p1a: Adder|87/100 tox
|
|t:|1769338074
|switch|p2a: Alomomola|Alomomola, M|100/100|[from] U-turn
|
|-heal|p1a: Adder|99/100 tox|[from] ability: Poison Heal
|upkeep
|turn|75
|
|t:|1769338079
|move|p1a: Adder|Knock Off|p2a: Alomomola
|-damage|p2a: Alomomola|88/100
|-enditem|p2a: Alomomola|Heavy-Duty Boots|[from] move: Knock Off|[of] p1a: Adder
|move|p2a: Alomomola|Wish|p2a: Alomomola
|
|-heal|p1a: Adder|100/100 tox|[from] ability: Poison Heal
|upkeep
|turn|76
|
|t:|1769338085
|move|p1a: Adder|Toxic|p2a: Alomomola
|-status|p2a: Alomomola|tox
|move|p2a: Alomomola|Flip Turn|p1a: Adder
|-supereffective|p1a: Adder
|-damage|p1a: Adder|79/100 tox
|
|t:|1769338091
|switch|p2a: Ogerpon|Ogerpon-Wellspring-Tera, F, tera:Water|29/100 tox|[from] Flip Turn
|-ability|p2a: Ogerpon|Embody Aspect (Wellspring)|boost
|-boost|p2a: Ogerpon|spd|1
|
|-heal|p2a: Ogerpon|100/100 tox|[from] move: Wish|[wisher] Alomomola
|-damage|p2a: Ogerpon|95/100 tox|[from] psn
|-heal|p1a: Adder|92/100 tox|[from] ability: Poison Heal
|upkeep
|turn|77
|
|t:|1769338105
|switch|p1a: Lash|Toxapex, F, shiny|74/100
|move|p2a: Ogerpon|Horn Leech|p1a: Lash
|-damage|p1a: Lash|48/100
|-heal|p2a: Ogerpon|100/100 tox|[from] drain|[of] p1a: Lash
|
|-damage|p2a: Ogerpon|89/100 tox|[from] psn
|upkeep
|turn|78
|
|t:|1769338114
|move|p2a: Ogerpon|Horn Leech|p1a: Lash
|-damage|p1a: Lash|20/100
|-heal|p2a: Ogerpon|100/100 tox|[from] drain|[of] p1a: Lash
|move|p1a: Lash|Recover|p1a: Lash
|-heal|p1a: Lash|70/100
|
|-damage|p2a: Ogerpon|83/100 tox|[from] psn
|upkeep
|turn|79
|
|t:|1769338122
|move|p2a: Ogerpon|Horn Leech|p1a: Lash
|-damage|p1a: Lash|43/100
|-heal|p2a: Ogerpon|96/100 tox|[from] drain|[of] p1a: Lash
|move|p1a: Lash|Infestation|p2a: Ogerpon
|-damage|p2a: Ogerpon|94/100 tox
|-activate|p2a: Ogerpon|move: Infestation|[of] p1a: Lash
|
|-damage|p2a: Ogerpon|70/100 tox|[from] psn
|-damage|p2a: Ogerpon|58/100 tox|[from] move: Infestation|[partiallytrapped]
|upkeep
|turn|80
|
|t:|1769338131
|move|p2a: Ogerpon|U-turn|p1a: Lash
|-resisted|p1a: Lash
|-damage|p1a: Lash|35/100
|
|t:|1769338134
|switch|p2a: Zapdos|Zapdos, shiny|91/100|[from] U-turn
|move|p1a: Lash|Recover|p1a: Lash
|-heal|p1a: Lash|85/100
|
|upkeep
|turn|81
|
|t:|1769338141
|switch|p1a: Flesh Tutu|Blissey, F|100/100
|move|p2a: Zapdos|Thunder Wave|p1a: Flesh Tutu|[miss]
|-miss|p2a: Zapdos|p1a: Flesh Tutu
|
|upkeep
|turn|82
|
|t:|1769338148
|move|p2a: Zapdos|Roost|p2a: Zapdos
|-heal|p2a: Zapdos|100/100
|-singleturn|p2a: Zapdos|move: Roost
|move|p1a: Flesh Tutu|Seismic Toss|p2a: Zapdos
|-damage|p2a: Zapdos|74/100
|
|upkeep
|turn|83
|
|t:|1769338155
|move|p2a: Zapdos|Roost|p2a: Zapdos
|-heal|p2a: Zapdos|100/100
|-singleturn|p2a: Zapdos|move: Roost
|move|p1a: Flesh Tutu|Seismic Toss|p2a: Zapdos
|-damage|p2a: Zapdos|74/100
|-status|p1a: Flesh Tutu|par|[from] ability: Static|[of] p2a: Zapdos
|
|upkeep
|turn|84
|
|t:|1769338164
|move|p2a: Zapdos|Volt Switch|p1a: Flesh Tutu
|-damage|p1a: Flesh Tutu|92/100 par
|
|t:|1769338168
|switch|p2a: Scizor|Scizor, M|78/100|[from] Volt Switch
|move|p1a: Flesh Tutu|Seismic Toss|p2a: Scizor
|-damage|p2a: Scizor|46/100
|
|upkeep
|turn|85
|
|t:|1769338176
|-curestatus|p1a: Flesh Tutu|par|[from] ability: Natural Cure
|switch|p1a: Jugger|Dondozo, F, shiny|100/100 slp
|move|p2a: Scizor|Bullet Punch|p1a: Jugger
|-resisted|p1a: Jugger
|-damage|p1a: Jugger|89/100 slp
|
|upkeep
|turn|86
|
|t:|1769338185
|switch|p2a: Alomomola|Alomomola, M|100/100 tox
|switch|p1a: Sturm|Corviknight, F, shiny|94/100 brn
|-ability|p1a: Sturm|Pressure
|
|-heal|p1a: Sturm|100/100 brn|[from] item: Leftovers
|-damage|p2a: Alomomola|94/100 tox|[from] psn
|-damage|p1a: Sturm|94/100 brn|[from] brn
|upkeep
|turn|87
|
|t:|1769338195
|move|p1a: Sturm|Substitute|p1a: Sturm
|-start|p1a: Sturm|Substitute
|-damage|p1a: Sturm|70/100 brn
|move|p2a: Alomomola|Wish|p2a: Alomomola
|
|-heal|p1a: Sturm|76/100 brn|[from] item: Leftovers
|-damage|p2a: Alomomola|82/100 tox|[from] psn
|-damage|p1a: Sturm|70/100 brn|[from] brn
|upkeep
|turn|88
|
|t:|1769338203
|switch|p2a: Scizor|Scizor, M|46/100
|move|p1a: Sturm|Spite||[still]
|-fail|p1a: Sturm
|
|-heal|p2a: Scizor|100/100|[from] move: Wish|[wisher] Alomomola
|-heal|p1a: Sturm|76/100 brn|[from] item: Leftovers
|-damage|p1a: Sturm|70/100 brn|[from] brn
|upkeep
|turn|89
|
|t:|1769338214
|move|p1a: Sturm|Protect|p1a: Sturm
|-singleturn|p1a: Sturm|Protect
|move|p2a: Scizor|Dual Wingbeat|p1a: Sturm
|-activate|p1a: Sturm|move: Protect
|
|-heal|p1a: Sturm|76/100 brn|[from] item: Leftovers
|-damage|p1a: Sturm|70/100 brn|[from] brn
|upkeep
|turn|90
|
|t:|1769338222
|switch|p2a: Zapdos|Zapdos, shiny|74/100
|move|p1a: Sturm|Spite||[still]
|-fail|p1a: Sturm
|
|-heal|p1a: Sturm|76/100 brn|[from] item: Leftovers
|-damage|p1a: Sturm|70/100 brn|[from] brn
|upkeep
|turn|91
|
|t:|1769338234
|move|p2a: Zapdos|Volt Switch|p1a: Sturm
|-supereffective|p1a: Sturm
|-end|p1a: Sturm|Substitute
|
|t:|1769338240
|switch|p2a: Cinderace|Cinderace, M, shiny|29/100|[from] Volt Switch
|move|p1a: Sturm|Spite||[still]
|-fail|p1a: Sturm
|
|-heal|p1a: Sturm|76/100 brn|[from] item: Leftovers
|-damage|p1a: Sturm|70/100 brn|[from] brn
|-damage|p2a: Cinderace|16/100|[from] item: Sticky Barb
|upkeep
|turn|92
|
|t:|1769338256
|move|p1a: Sturm|Protect|p1a: Sturm
|-singleturn|p1a: Sturm|Protect
|move|p2a: Cinderace|U-turn|p1a: Sturm
|-activate|p1a: Sturm|move: Protect
|
|-heal|p1a: Sturm|76/100 brn|[from] item: Leftovers
|-damage|p1a: Sturm|70/100 brn|[from] brn
|-damage|p2a: Cinderace|4/100|[from] item: Sticky Barb
|upkeep
|turn|93
|
|t:|1769338262
|move|p2a: Cinderace|U-turn|p1a: Sturm
|-resisted|p1a: Sturm
|-damage|p1a: Sturm|66/100 brn
|
|t:|1769338268
|switch|p2a: Zapdos|Zapdos, shiny|74/100|[from] U-turn
|move|p1a: Sturm|Substitute|p1a: Sturm
|-start|p1a: Sturm|Substitute
|-damage|p1a: Sturm|41/100 brn
|
|-heal|p1a: Sturm|47/100 brn|[from] item: Leftovers
|-damage|p1a: Sturm|41/100 brn|[from] brn
|upkeep
|turn|94
|
|t:|1769338277
|move|p2a: Zapdos|Volt Switch|p1a: Sturm
|-supereffective|p1a: Sturm
|-crit|p1a: Sturm
|-end|p1a: Sturm|Substitute
|
|t:|1769338281
|switch|p2a: Scizor|Scizor, M|100/100|[from] Volt Switch
|move|p1a: Sturm|Roost|p1a: Sturm
|-heal|p1a: Sturm|91/100 brn
|-singleturn|p1a: Sturm|move: Roost
|
|-heal|p1a: Sturm|97/100 brn|[from] item: Leftovers
|-damage|p1a: Sturm|91/100 brn|[from] brn
|upkeep
|turn|95
|
|t:|1769338295
|move|p1a: Sturm|Protect|p1a: Sturm
|-singleturn|p1a: Sturm|Protect
|move|p2a: Scizor|Knock Off|p1a: Sturm
|-activate|p1a: Sturm|move: Protect
|
|-heal|p1a: Sturm|97/100 brn|[from] item: Leftovers
|-damage|p1a: Sturm|91/100 brn|[from] brn
|upkeep
|turn|96
|
|t:|1769338301
|switch|p1a: Adder|Gliscor, F|92/100 tox
|move|p2a: Scizor|Knock Off|p1a: Adder
|-damage|p1a: Adder|69/100 tox
|
|-heal|p1a: Adder|81/100 tox|[from] ability: Poison Heal
|upkeep
|turn|97
|
|t:|1769338310
|switch|p2a: Zapdos|Zapdos, shiny|74/100
|move|p1a: Adder|Spikes|p2a: Zapdos
|-sidestart|p2: Diamondnt_|Spikes
|
|-heal|p1a: Adder|94/100 tox|[from] ability: Poison Heal
|upkeep
|turn|98
|
|t:|1769338322
|switch|p1a: Flesh Tutu|Blissey, F|92/100
|move|p2a: Zapdos|Hurricane|p1a: Flesh Tutu
|-damage|p1a: Flesh Tutu|78/100
|-start|p1a: Flesh Tutu|confusion
|
|upkeep
|turn|99
|
|t:|1769338329
|move|p2a: Zapdos|Volt Switch|p1a: Flesh Tutu
|-crit|p1a: Flesh Tutu
|-damage|p1a: Flesh Tutu|64/100
|
|t:|1769338333
|switch|p2a: Scizor|Scizor, M|100/100|[from] Volt Switch
|-damage|p2a: Scizor|88/100|[from] Spikes
|-activate|p1a: Flesh Tutu|confusion
|-damage|p1a: Flesh Tutu|62/100|[from] confusion
|
|upkeep
|turn|100
|
|t:|1769338340
|switch|p1a: Jugger|Dondozo, F, shiny|89/100 slp
|move|p2a: Scizor|Dual Wingbeat|p1a: Jugger
|-damage|p1a: Jugger|74/100 slp
|-damage|p1a: Jugger|59/100 slp
|-hitcount|p1a: Jugger|2
|
|upkeep
|turn|101
|
|t:|1769338347
|move|p2a: Scizor|Dual Wingbeat|p1a: Jugger
|-damage|p1a: Jugger|44/100 slp
|-damage|p1a: Jugger|29/100 slp
|-hitcount|p1a: Jugger|2
|cant|p1a: Jugger|slp
|move|p1a: Jugger|Sleep Talk|p1a: Jugger
|move|p1a: Jugger|Rest||[from] move: Sleep Talk|[still]
|-fail|p1a: Jugger
|
|upkeep
|turn|102
|
|t:|1769338357
|switch|p1a: Sturm|Corviknight, F, shiny|91/100 brn
|-ability|p1a: Sturm|Pressure
|move|p2a: Scizor|Dual Wingbeat|p1a: Sturm
|-resisted|p1a: Sturm
|-damage|p1a: Sturm|78/100 brn
|-resisted|p1a: Sturm
|-damage|p1a: Sturm|64/100 brn
|-hitcount|p1a: Sturm|2
|
|-heal|p1a: Sturm|70/100 brn|[from] item: Leftovers
|-damage|p1a: Sturm|64/100 brn|[from] brn
|upkeep
|turn|103
|
|t:|1769338369
|switch|p2a: Zapdos|Zapdos, shiny|74/100
|move|p1a: Sturm|Spite||[still]
|-fail|p1a: Sturm
|
|-heal|p1a: Sturm|70/100 brn|[from] item: Leftovers
|-damage|p1a: Sturm|64/100 brn|[from] brn
|upkeep
|turn|104
|
|t:|1769338378
|move|p1a: Sturm|Protect|p1a: Sturm
|-singleturn|p1a: Sturm|Protect
|move|p2a: Zapdos|Volt Switch|p1a: Sturm
|-activate|p1a: Sturm|move: Protect
|
|-heal|p1a: Sturm|70/100 brn|[from] item: Leftovers
|-damage|p1a: Sturm|64/100 brn|[from] brn
|upkeep
|turn|105
|
|t:|1769338382
|switch|p1a: Flesh Tutu|Blissey, F|62/100
|move|p2a: Zapdos|Volt Switch|p1a: Flesh Tutu
|-damage|p1a: Flesh Tutu|53/100
|
|t:|1769338395
|switch|p2a: Alomomola|Alomomola, M|100/100 tox|[from] Volt Switch
|-damage|p2a: Alomomola|88/100 tox|[from] Spikes
|
|-damage|p2a: Alomomola|82/100 tox|[from] psn
|upkeep
|turn|106
|
|t:|1769338402
|move|p2a: Alomomola|Wish|p2a: Alomomola
|move|p1a: Flesh Tutu|Soft-Boiled|p1a: Flesh Tutu
|-heal|p1a: Flesh Tutu|100/100
|
|-damage|p2a: Alomomola|70/100 tox|[from] psn
|upkeep
|turn|107
|
|t:|1769338412
|switch|p1a: Lash|Toxapex, F, shiny|100/100
|move|p2a: Alomomola|Flip Turn|p1a: Lash
|-resisted|p1a: Lash
|-damage|p1a: Lash|96/100
|
|t:|1769338418
|switch|p2a: Zapdos|Zapdos, shiny|74/100|[from] Flip Turn
|
|-heal|p2a: Zapdos|100/100|[from] move: Wish|[wisher] Alomomola
|upkeep
|turn|108
|
|t:|1769338425
|switch|p1a: Flesh Tutu|Blissey, F|100/100
|move|p2a: Zapdos|Thunder Wave|p1a: Flesh Tutu|[miss]
|-miss|p2a: Zapdos|p1a: Flesh Tutu
|
|upkeep
|turn|109
|
|t:|1769338430
|move|p2a: Zapdos|Volt Switch|p1a: Flesh Tutu
|-damage|p1a: Flesh Tutu|92/100
|
|t:|1769338435
|switch|p2a: Cinderace|Cinderace, M, shiny|4/100|[from] Volt Switch
|-damage|p2a: Cinderace|0 fnt|[from] Spikes
|faint|p2a: Cinderace
|move|p1a: Flesh Tutu|Seismic Toss|p2: Cinderace|[notarget]
|-fail|p1a: Flesh Tutu
|
|upkeep
|
|t:|1769338451
|switch|p2a: Scizor|Scizor, M|88/100
|-damage|p2a: Scizor|76/100|[from] Spikes
|turn|110
|
|t:|1769338455
|switch|p1a: Adder|Gliscor, F|94/100 tox
|move|p2a: Scizor|Dual Wingbeat|p1a: Adder|[miss]
|-miss|p2a: Scizor|p1a: Adder
|
|-heal|p1a: Adder|100/100 tox|[from] ability: Poison Heal
|upkeep
|turn|111
|
|t:|1769338464
|move|p1a: Adder|Protect|p1a: Adder
|-singleturn|p1a: Adder|Protect
|move|p2a: Scizor|Dual Wingbeat|p1a: Adder
|-activate|p1a: Adder|move: Protect
|
|upkeep
|turn|112
|
|t:|1769338470
|switch|p2a: Alomomola|Alomomola, M|100/100 tox
|-damage|p2a: Alomomola|88/100 tox|[from] Spikes
|move|p1a: Adder|Spikes|p2a: Alomomola
|-sidestart|p2: Diamondnt_|Spikes
|
|-damage|p2a: Alomomola|82/100 tox|[from] psn
|upkeep
|turn|113
|
|t:|1769338478
|move|p1a: Adder|Spikes|p2a: Alomomola
|-sidestart|p2: Diamondnt_|Spikes
|move|p2a: Alomomola|Wish|p2a: Alomomola
|
|-damage|p2a: Alomomola|70/100 tox|[from] psn
|upkeep
|turn|114
|
|t:|1769338482
|move|p1a: Adder|Protect|p1a: Adder
|-singleturn|p1a: Adder|Protect
|move|p2a: Alomomola|Flip Turn|p1a: Adder
|-activate|p1a: Adder|move: Protect
|
|-heal|p2a: Alomomola|100/100 tox|[from] move: Wish|[wisher] Alomomola
|-damage|p2a: Alomomola|82/100 tox|[from] psn
|upkeep
|turn|115
|
|t:|1769338487
|move|p1a: Adder|Knock Off|p2a: Alomomola
|-damage|p2a: Alomomola|74/100 tox
|move|p2a: Alomomola|Flip Turn|p1a: Adder
|-supereffective|p1a: Adder
|-damage|p1a: Adder|79/100 tox
|
|t:|1769338492
|switch|p2a: Ogerpon|Ogerpon-Wellspring-Tera, F, tera:Water|58/100 tox|[from] Flip Turn
|-damage|p2a: Ogerpon|33/100 tox|[from] Spikes
|-ability|p2a: Ogerpon|Embody Aspect (Wellspring)|boost
|-boost|p2a: Ogerpon|spd|1
|
|-damage|p2a: Ogerpon|27/100 tox|[from] psn
|-heal|p1a: Adder|92/100 tox|[from] ability: Poison Heal
|upkeep
|turn|116
|
|t:|1769338501
|move|p1a: Adder|Protect|p1a: Adder
|-singleturn|p1a: Adder|Protect
|move|p2a: Ogerpon|Ivy Cudgel|p1a: Adder|[anim] Ivy Cudgel Water
|-activate|p1a: Adder|move: Protect
|
|-damage|p2a: Ogerpon|15/100 tox|[from] psn
|-heal|p1a: Adder|100/100 tox|[from] ability: Poison Heal
|upkeep
|turn|117
|
|t:|1769338504
|switch|p1a: Lash|Toxapex, F, shiny|100/100
|move|p2a: Ogerpon|Ivy Cudgel|p1a: Lash|[anim] Ivy Cudgel Water
|-resisted|p1a: Lash
|-damage|p1a: Lash|77/100
|
|-damage|p2a: Ogerpon|0 fnt|[from] psn
|faint|p2a: Ogerpon
|detailschange|p2: Ogerpon|Ogerpon-Wellspring, F|[silent]
|upkeep
|
|t:|1769338509
|switch|p2a: Zapdos|Zapdos, shiny|100/100
|turn|118
|
|t:|1769338514
|switch|p1a: Flesh Tutu|Blissey, F|92/100
|move|p2a: Zapdos|Volt Switch|p1a: Flesh Tutu
|-crit|p1a: Flesh Tutu
|-damage|p1a: Flesh Tutu|80/100
|
|t:|1769338520
|switch|p2a: Scizor|Scizor, M|76/100|[from] Volt Switch
|-damage|p2a: Scizor|51/100|[from] Spikes
|
|upkeep
|turn|119
|
|t:|1769338525
|switch|p1a: Adder|Gliscor, F|100/100 tox
|move|p2a: Scizor|Dual Wingbeat|p1a: Adder
|-damage|p1a: Adder|79/100 tox
|-damage|p1a: Adder|59/100 tox
|-hitcount|p1a: Adder|2
|
|-heal|p1a: Adder|71/100 tox|[from] ability: Poison Heal
|upkeep
|turn|120
|
|t:|1769338533
|move|p1a: Adder|Protect|p1a: Adder
|-singleturn|p1a: Adder|Protect
|move|p2a: Scizor|Dual Wingbeat|p1a: Adder
|-activate|p1a: Adder|move: Protect
|
|-heal|p1a: Adder|84/100 tox|[from] ability: Poison Heal
|upkeep
|turn|121
|
|t:|1769338538
|switch|p1a: Sturm|Corviknight, F, shiny|64/100 brn
|-ability|p1a: Sturm|Pressure
|move|p2a: Scizor|Dual Wingbeat|p1a: Sturm
|-resisted|p1a: Sturm
|-damage|p1a: Sturm|50/100 brn
|-resisted|p1a: Sturm
|-damage|p1a: Sturm|35/100 brn
|-hitcount|p1a: Sturm|2
|
|-heal|p1a: Sturm|41/100 brn|[from] item: Leftovers
|-damage|p1a: Sturm|35/100 brn|[from] brn
|upkeep
|turn|122
|
|t:|1769338549
|switch|p2a: Zapdos|Zapdos, shiny|100/100
|move|p1a: Sturm|Roost|p1a: Sturm
|-heal|p1a: Sturm|85/100 brn
|-singleturn|p1a: Sturm|move: Roost
|
|-heal|p1a: Sturm|91/100 brn|[from] item: Leftovers
|-damage|p1a: Sturm|85/100 brn|[from] brn
|upkeep
|turn|123
|
|t:|1769338560
|move|p1a: Sturm|Protect|p1a: Sturm
|-singleturn|p1a: Sturm|Protect
|move|p2a: Zapdos|Volt Switch|p1a: Sturm
|-activate|p1a: Sturm|move: Protect
|
|-heal|p1a: Sturm|91/100 brn|[from] item: Leftovers
|-damage|p1a: Sturm|85/100 brn|[from] brn
|upkeep
|turn|124
|
|t:|1769338569
|switch|p1a: Flesh Tutu|Blissey, F|80/100
|move|p2a: Zapdos|Volt Switch|p1a: Flesh Tutu
|-damage|p1a: Flesh Tutu|70/100
|
|t:|1769338575
|switch|p2a: Alomomola|Alomomola, M|100/100 tox|[from] Volt Switch
|-damage|p2a: Alomomola|75/100 tox|[from] Spikes
|
|-damage|p2a: Alomomola|69/100 tox|[from] psn
|upkeep
|turn|125
|
|t:|1769338581
|move|p2a: Alomomola|Wish|p2a: Alomomola
|move|p1a: Flesh Tutu|Seismic Toss|p2a: Alomomola
|-damage|p2a: Alomomola|48/100 tox
|
|-damage|p2a: Alomomola|36/100 tox|[from] psn
|upkeep
|turn|126
|
|t:|1769338587
|move|p2a: Alomomola|Flip Turn|p1a: Flesh Tutu
|-damage|p1a: Flesh Tutu|51/100
|
|t:|1769338589
|switch|p2a: Scizor|Scizor, M|51/100|[from] Flip Turn
|-damage|p2a: Scizor|27/100|[from] Spikes
|move|p1a: Flesh Tutu|Seismic Toss|p2a: Scizor
|-damage|p2a: Scizor|0 fnt
|faint|p2a: Scizor
|
|upkeep
|c|☆Diamondnt_|gg
|
|t:|1769338601
|switch|p2a: Zapdos|Zapdos, shiny|100/100
|turn|127
|c|☆GLOWKING AGENDA|ggs
|
|t:|1769338605
|move|p2a: Zapdos|Volt Switch|p1a: Flesh Tutu
|-damage|p1a: Flesh Tutu|43/100
|
|t:|1769338609
|switch|p2a: Alomomola|Alomomola, M|69/100 tox|[from] Volt Switch
|-damage|p2a: Alomomola|44/100 tox|[from] Spikes
|move|p1a: Flesh Tutu|Soft-Boiled|p1a: Flesh Tutu
|-heal|p1a: Flesh Tutu|93/100
|
|-damage|p2a: Alomomola|38/100 tox|[from] psn
|upkeep
|turn|128
|-message|Diamondnt_ forfeited.
|
|win|GLOWKING AGENDA
