|j|☆flygonisdragon
|j|☆CambridgeFoulPlay
|t:|1769328508
|gametype|singles
|player|p1|flygonisdragon|alder|1620
|player|p2|CambridgeFoulPlay|266|1633
|gen|9
|tier|[Gen 9] OU
|rated|
|rule|HP Percentage Mod: HP is shown in percentages
|rule|Endless Battle Clause: Forcing endless battles is banned
|rule|Species Clause: Limit one of each Pokémon
|rule|OHKO Clause: OHKO moves are banned
|rule|Evasion Items Clause: Evasion items are banned
|rule|Evasion Moves Clause: Evasion moves are banned
|rule|Evasion Abilities Clause: Evasion abilities are banned
|rule|Sleep Moves Clause: Sleep-inducing moves are banned
|clearpoke
|poke|p1|Meloetta|
|poke|p1|Volcanion|
|poke|p1|Kyurem|
|poke|p1|Kommo-o, F|
|poke|p1|Hatterene, F|
|poke|p1|Cinderace, M|
|poke|p2|Hydrapple, M|
|poke|p2|Tyranitar, F|
|poke|p2|Moltres|
|poke|p2|Zamazenta-*|
|poke|p2|Slowking-Galar, F|
|poke|p2|Excadrill, F|
|teampreview
|c|☆CambridgeFoulPlay|hf
|
|t:|1769328512
|teamsize|p1|6
|teamsize|p2|6
|start
|switch|p1a: Volcanion|Volcanion|100/100
|switch|p2a: Slowking|Slowking-Galar, F|100/100
|turn|1
|inactive|Battle timer is ON: inactive players will automatically lose when time's up. (requested by CambridgeFoulPlay)
|
|t:|1769328516
|move|p1a: Volcanion|Steam Eruption|p2a: Slowking
|-damage|p2a: Slowking|48/100
|move|p2a: Slowking|Sludge Bomb|p1a: Volcanion
|-damage|p1a: Volcanion|56/100
|
|upkeep
|turn|2
|
|t:|1769328520
|switch|p2a: Hydrapple|Hydrapple, M|100/100
|move|p1a: Volcanion|Steam Eruption|p2a: Hydrapple
|-resisted|p2a: Hydrapple
|-damage|p2a: Hydrapple|77/100
|-status|p2a: Hydrapple|brn
|
|-damage|p2a: Hydrapple|70/100 brn|[from] brn
|upkeep
|turn|3
|
|t:|1769328525
|switch|p1a: Meloetta|Meloetta, shiny|100/100
|move|p2a: Hydrapple|Giga Drain|p1a: Meloetta
|-damage|p1a: Meloetta|75/100
|-heal|p2a: Hydrapple|81/100 brn|[from] drain|[of] p1a: Meloetta
|
|-damage|p2a: Hydrapple|75/100 brn|[from] brn
|upkeep
|turn|4
|
|t:|1769328528
|switch|p2a: Slowking|Slowking-Galar, F|81/100
|move|p1a: Meloetta|Knock Off|p2a: Slowking
|-supereffective|p2a: Slowking
|-damage|p2a: Slowking|52/100
|-enditem|p2a: Slowking|Assault Vest|[from] move: Knock Off|[of] p1a: Meloetta
|
|upkeep
|turn|5
|
|t:|1769328533
|switch|p2a: Zamazenta|Zamazenta|100/100
|-ability|p2a: Zamazenta|Dauntless Shield|boost
|-boost|p2a: Zamazenta|def|1
|move|p1a: Meloetta|Relic Song|p2a: Zamazenta
|-damage|p2a: Zamazenta|66/100
|-formechange|p1a: Meloetta|Meloetta-Pirouette|[msg]
|
|-heal|p2a: Zamazenta|72/100|[from] item: Leftovers
|upkeep
|turn|6
|
|t:|1769328541
|move|p2a: Zamazenta|Body Press|p1a: Meloetta
|-supereffective|p1a: Meloetta
|-crit|p1a: Meloetta
|-damage|p1a: Meloetta|0 fnt
|faint|p1a: Meloetta
|
|-heal|p2a: Zamazenta|78/100|[from] item: Leftovers
|upkeep
|
|t:|1769328548
|switch|p1a: Cinderace|Cinderace, M|100/100
|turn|7
|
|t:|1769328551
|move|p2a: Zamazenta|Body Press|p1a: Cinderace
|-damage|p1a: Cinderace|30/100
|move|p1a: Cinderace|Will-O-Wisp|p2a: Zamazenta
|-status|p2a: Zamazenta|brn
|
|-heal|p2a: Zamazenta|84/100 brn|[from] item: Leftovers
|-damage|p2a: Zamazenta|78/100 brn|[from] brn
|upkeep
|turn|8
|
|t:|1769328556
|switch|p1a: Hatterene|Hatterene, F|100/100
|move|p2a: Zamazenta|Body Press|p1a: Hatterene
|-resisted|p1a: Hatterene
|-damage|p1a: Hatterene|95/100
|
|-heal|p2a: Zamazenta|84/100 brn|[from] item: Leftovers
|-damage|p2a: Zamazenta|78/100 brn|[from] brn
|upkeep
|turn|9
|
|t:|1769328560
|switch|p2a: Excadrill|Excadrill, F|100/100
|-item|p2a: Excadrill|Air Balloon
|move|p1a: Hatterene|Calm Mind|p1a: Hatterene
|-boost|p1a: Hatterene|spa|1
|-boost|p1a: Hatterene|spd|1
|
|upkeep
|turn|10
|
|t:|1769328566
|-terastallize|p1a: Hatterene|Water
|move|p2a: Excadrill|Swords Dance|p2a: Excadrill
|-boost|p2a: Excadrill|atk|2
|move|p1a: Hatterene|Mystical Fire|p2a: Excadrill
|-supereffective|p2a: Excadrill
|-damage|p2a: Excadrill|6/100
|-unboost|p2a: Excadrill|spa|1
|-enditem|p2a: Excadrill|Air Balloon
|
|upkeep
|turn|11
|
|t:|1769328573
|switch|p1a: Cinderace|Cinderace, M|30/100
|move|p2a: Excadrill|Earthquake|p1a: Cinderace
|-supereffective|p1a: Cinderace
|-damage|p1a: Cinderace|0 fnt
|faint|p1a: Cinderace
|
|upkeep
|
|t:|1769328574
|switch|p1a: Kyurem|Kyurem|100/100
|-ability|p1a: Kyurem|Pressure
|turn|12
|
|t:|1769328577
|switch|p2a: Tyranitar|Tyranitar, F|100/100
|-weather|Sandstorm|[from] ability: Sand Stream|[of] p2a: Tyranitar
|move|p1a: Kyurem|Freeze-Dry|p2a: Tyranitar
|-damage|p2a: Tyranitar|85/100
|
|-weather|Sandstorm|[upkeep]
|-damage|p1a: Kyurem|94/100|[from] Sandstorm
|-heal|p1a: Kyurem|100/100|[from] item: Leftovers
|upkeep
|turn|13
|
|t:|1769328580
|move|p1a: Kyurem|Protect|p1a: Kyurem
|-singleturn|p1a: Kyurem|Protect
|move|p2a: Tyranitar|Knock Off|p1a: Kyurem
|-activate|p1a: Kyurem|move: Protect
|
|-weather|Sandstorm|[upkeep]
|-damage|p1a: Kyurem|94/100|[from] Sandstorm
|-heal|p1a: Kyurem|100/100|[from] item: Leftovers
|upkeep
|turn|14
|
|t:|1769328583
|move|p1a: Kyurem|Substitute|p1a: Kyurem
|-start|p1a: Kyurem|Substitute
|-damage|p1a: Kyurem|75/100
|move|p2a: Tyranitar|Knock Off|p1a: Kyurem
|-end|p1a: Kyurem|Substitute
|
|-weather|Sandstorm|[upkeep]
|-damage|p1a: Kyurem|69/100|[from] Sandstorm
|-heal|p1a: Kyurem|75/100|[from] item: Leftovers
|upkeep
|turn|15
|
|t:|1769328586
|move|p1a: Kyurem|Protect|p1a: Kyurem
|-singleturn|p1a: Kyurem|Protect
|move|p2a: Tyranitar|Knock Off|p1a: Kyurem
|-activate|p1a: Kyurem|move: Protect
|
|-weather|Sandstorm|[upkeep]
|-damage|p1a: Kyurem|69/100|[from] Sandstorm
|-heal|p1a: Kyurem|75/100|[from] item: Leftovers
|upkeep
|turn|16
|
|t:|1769328588
|move|p1a: Kyurem|Substitute|p1a: Kyurem
|-start|p1a: Kyurem|Substitute
|-damage|p1a: Kyurem|50/100
|move|p2a: Tyranitar|Knock Off|p1a: Kyurem
|-end|p1a: Kyurem|Substitute
|
|-weather|Sandstorm|[upkeep]
|-damage|p1a: Kyurem|44/100|[from] Sandstorm
|-heal|p1a: Kyurem|50/100|[from] item: Leftovers
|upkeep
|turn|17
|
|t:|1769328590
|move|p1a: Kyurem|Protect|p1a: Kyurem
|-singleturn|p1a: Kyurem|Protect
|move|p2a: Tyranitar|Knock Off|p1a: Kyurem
|-activate|p1a: Kyurem|move: Protect
|
|-weather|Sandstorm|[upkeep]
|-damage|p1a: Kyurem|44/100|[from] Sandstorm
|-heal|p1a: Kyurem|50/100|[from] item: Leftovers
|upkeep
|turn|18
|
|t:|1769328594
|move|p1a: Kyurem|Earth Power|p2a: Tyranitar
|-supereffective|p2a: Tyranitar
|-damage|p2a: Tyranitar|59/100
|-unboost|p2a: Tyranitar|spd|1
|move|p2a: Tyranitar|Knock Off|p1a: Kyurem
|-damage|p1a: Kyurem|11/100
|-enditem|p1a: Kyurem|Leftovers|[from] move: Knock Off|[of] p2a: Tyranitar
|
|-weather|Sandstorm|[upkeep]
|-damage|p1a: Kyurem|5/100|[from] Sandstorm
|upkeep
|turn|19
|
|t:|1769328598
|move|p1a: Kyurem|Earth Power|p2a: Tyranitar
|-supereffective|p2a: Tyranitar
|-damage|p2a: Tyranitar|17/100
|move|p2a: Tyranitar|Stealth Rock|p1a: Kyurem
|-sidestart|p1: flygonisdragon|move: Stealth Rock
|
|-weather|none
|upkeep
|turn|20
|j| boli6uayo
|
|t:|1769328602
|switch|p2a: Slowking|Slowking-Galar, F|85/100
|move|p1a: Kyurem|Earth Power|p2a: Slowking
|-supereffective|p2a: Slowking
|-damage|p2a: Slowking|39/100
|
|upkeep
|turn|21
|
|t:|1769328604
|switch|p2a: Zamazenta|Zamazenta|78/100 brn
|move|p1a: Kyurem|Earth Power|p2a: Zamazenta
|-damage|p2a: Zamazenta|51/100 brn
|
|-heal|p2a: Zamazenta|57/100 brn|[from] item: Leftovers
|-damage|p2a: Zamazenta|51/100 brn|[from] brn
|upkeep
|turn|22
|
|t:|1769328607
|move|p2a: Zamazenta|Crunch|p1a: Kyurem
|-damage|p1a: Kyurem|0 fnt
|faint|p1a: Kyurem
|
|-heal|p2a: Zamazenta|57/100 brn|[from] item: Leftovers
|-damage|p2a: Zamazenta|51/100 brn|[from] brn
|upkeep
|
|t:|1769328610
|switch|p1a: Kommo-o|Kommo-o, F|100/100
|-damage|p1a: Kommo-o|94/100|[from] Stealth Rock
|turn|23
|
|t:|1769328612
|move|p1a: Kommo-o|Flamethrower|p2a: Zamazenta
|-damage|p2a: Zamazenta|28/100 brn
|move|p2a: Zamazenta|Roar|p1a: Kommo-o
|drag|p1a: Hatterene|Hatterene, F, tera:Water|95/100
|-damage|p1a: Hatterene|83/100|[from] Stealth Rock
|
|-heal|p2a: Zamazenta|35/100 brn|[from] item: Leftovers
|-damage|p2a: Zamazenta|28/100 brn|[from] brn
|upkeep
|turn|24
|
|t:|1769328616
|move|p1a: Hatterene|Draining Kiss|p2a: Zamazenta
|-supereffective|p2a: Zamazenta
|-damage|p2a: Zamazenta|0 fnt
|-heal|p1a: Hatterene|100/100|[from] drain|[of] p2a: Zamazenta
|faint|p2a: Zamazenta
|
|upkeep
|
|t:|1769328618
|switch|p2a: Hydrapple|Hydrapple, M|100/100 brn
|turn|25
|
|t:|1769328622
|switch|p1a: Volcanion|Volcanion|56/100
|-damage|p1a: Volcanion|31/100|[from] Stealth Rock
|move|p2a: Hydrapple|Nasty Plot|p2a: Hydrapple
|-boost|p2a: Hydrapple|spa|2
|
|-damage|p2a: Hydrapple|94/100 brn|[from] brn
|upkeep
|turn|26
|
|t:|1769328624
|switch|p2a: Tyranitar|Tyranitar, F|17/100
|-weather|Sandstorm|[from] ability: Sand Stream|[of] p2a: Tyranitar
|move|p1a: Volcanion|Sludge Bomb|p2a: Tyranitar
|-resisted|p2a: Tyranitar
|-damage|p2a: Tyranitar|5/100
|
|-weather|Sandstorm|[upkeep]
|-damage|p1a: Volcanion|25/100|[from] Sandstorm
|upkeep
|turn|27
|
|t:|1769328626
|switch|p2a: Excadrill|Excadrill, F|6/100
|move|p1a: Volcanion|Sludge Bomb|p2a: Excadrill
|-immune|p2a: Excadrill
|
|-weather|Sandstorm|[upkeep]
|-damage|p1a: Volcanion|19/100|[from] Sandstorm
|upkeep
|turn|28
|
|t:|1769328629
|move|p2a: Excadrill|Swords Dance|p2a: Excadrill
|-boost|p2a: Excadrill|atk|2
|move|p1a: Volcanion|Sludge Bomb|p2a: Excadrill
|-immune|p2a: Excadrill
|
|-weather|Sandstorm|[upkeep]
|-damage|p1a: Volcanion|13/100|[from] Sandstorm
|upkeep
|turn|29
|
|t:|1769328631
|move|p2a: Excadrill|Earthquake|p1a: Volcanion
|-supereffective|p1a: Volcanion
|-damage|p1a: Volcanion|0 fnt
|faint|p1a: Volcanion
|
|-weather|Sandstorm|[upkeep]
|upkeep
|
|t:|1769328635
|switch|p1a: Hatterene|Hatterene, F, tera:Water|100/100
|-damage|p1a: Hatterene|88/100|[from] Stealth Rock
|turn|30
|
|t:|1769328636
|move|p2a: Excadrill|Earthquake|p1a: Hatterene
|-damage|p1a: Hatterene|0 fnt
|faint|p1a: Hatterene
|
|-weather|Sandstorm|[upkeep]
|upkeep
|-message|flygonisdragon forfeited.
|
|win|CambridgeFoulPlay
|raw|flygonisdragon's rating: 1620 &rarr; <strong>1601</strong><br />(-19 for losing)
|raw|CambridgeFoulPlay's rating: 1633 &rarr; <strong>1652</strong><br />(+19 for winning)
|c|☆CambridgeFoulPlay|gg
|l|☆flygonisdragon
|player|p1|
