|j|☆Romain05
|j|☆stall is gay ngl
|t:|1769297537
|gametype|singles
|player|p1|Romain05|ghetsis|1105
|player|p2|stall is gay ngl|170|1074
|gen|9
|tier|[Gen 9] OU
|rated|
|rule|HP Percentage Mod: HP is shown in percentages
|rule|Endless Battle Clause: Forcing endless battles is banned
|rule|Species Clause: Limit one of each Pokémon
|rule|OHKO Clause: OHKO moves are banned
|rule|Evasion Items Clause: Evasion items are banned
|rule|Evasion Moves Clause: Evasion moves are banned
|rule|Evasion Abilities Clause: Evasion abilities are banned
|rule|Sleep Moves Clause: Sleep-inducing moves are banned
|clearpoke
|poke|p1|Venusaur, F|
|poke|p1|Torkoal, F|
|poke|p1|Raging Bolt|
|poke|p1|Walking Wake|
|poke|p1|Great Tusk|
|poke|p1|Scream Tail|
|poke|p2|Gyarados, M|
|poke|p2|Glimmora, F|
|poke|p2|Cottonee, L1, M|
|teampreview
|inactive|Battle timer is ON: inactive players will automatically lose when time's up. (requested by Romain05)
|c|☆stall is gay ngl|glhf
|
|t:|1769297564
|teamsize|p1|6
|teamsize|p2|3
|start
|switch|p1a: Torkoal|Torkoal, F|100/100
|switch|p2a: Glimmora|Glimmora, F|100/100
|-weather|SunnyDay|[from] ability: Drought|[of] p1a: Torkoal
|turn|1
|
|t:|1769297573
|move|p2a: Glimmora|Stealth Rock|p1a: Torkoal
|-sidestart|p1: Romain05|move: Stealth Rock
|move|p1a: Torkoal|Eruption|p2a: Glimmora
|-resisted|p2a: Glimmora
|-damage|p2a: Glimmora|19/100
|
|-weather|SunnyDay|[upkeep]
|upkeep
|turn|2
|
|t:|1769297584
|move|p2a: Glimmora|Spiky Shield|p2a: Glimmora
|-singleturn|p2a: Glimmora|move: Protect
|move|p1a: Torkoal|Eruption|p2a: Glimmora
|-activate|p2a: Glimmora|move: Protect
|
|-weather|SunnyDay|[upkeep]
|upkeep
|turn|3
|
|t:|1769297596
|move|p2a: Glimmora|Mortal Spin|p1a: Torkoal
|-damage|p1a: Torkoal|95/100
|-status|p1a: Torkoal|psn
|move|p1a: Torkoal|Eruption|p2a: Glimmora
|-resisted|p2a: Glimmora
|-damage|p2a: Glimmora|0 fnt
|faint|p2a: Glimmora
|
|-weather|SunnyDay|[upkeep]
|-damage|p1a: Torkoal|83/100 psn|[from] psn
|upkeep
|
|t:|1769297609
|switch|p2a: gerry|Gyarados, M, shiny|100/100
|turn|4
|
|t:|1769297621
|switch|p1a: Raging Bolt|Raging Bolt|100/100
|-damage|p1a: Raging Bolt|88/100|[from] Stealth Rock
|-activate|p1a: Raging Bolt|ability: Protosynthesis
|-start|p1a: Raging Bolt|protosynthesisspa
|-terastallize|p2a: gerry|Ground
|move|p2a: gerry|Dragon Dance|p2a: gerry
|-boost|p2a: gerry|atk|1
|-boost|p2a: gerry|spe|1
|
|-weather|SunnyDay|[upkeep]
|-heal|p1a: Raging Bolt|94/100|[from] item: Leftovers
|upkeep
|turn|5
|
|t:|1769297632
|move|p2a: gerry|Earthquake|p1a: Raging Bolt
|-supereffective|p1a: Raging Bolt
|-damage|p1a: Raging Bolt|0 fnt
|faint|p1a: Raging Bolt
|-end|p1a: Raging Bolt|Protosynthesis|[silent]
|-ability|p2a: gerry|Moxie|boost
|-boost|p2a: gerry|atk|1
|
|-weather|none
|upkeep
|c|☆stall is gay ngl|kek
|
|t:|1769297639
|switch|p1a: Torkoal|Torkoal, F|83/100 psn
|-damage|p1a: Torkoal|58/100 psn|[from] Stealth Rock
|-weather|SunnyDay|[from] ability: Drought|[of] p1a: Torkoal
|turn|6
|
|t:|1769297645
|move|p2a: gerry|Earthquake|p1a: Torkoal
|-supereffective|p1a: Torkoal
|-damage|p1a: Torkoal|0 fnt
|faint|p1a: Torkoal
|-ability|p2a: gerry|Moxie|boost
|-boost|p2a: gerry|atk|1
|
|-weather|SunnyDay|[upkeep]
|upkeep
|
|t:|1769297651
|switch|p1a: Walking Wake|Walking Wake|100/100
|-damage|p1a: Walking Wake|88/100|[from] Stealth Rock
|-activate|p1a: Walking Wake|ability: Protosynthesis
|-start|p1a: Walking Wake|protosynthesisspe
|turn|7
|
|t:|1769297659
|move|p1a: Walking Wake|Hydro Steam|p2a: gerry
|-supereffective|p2a: gerry
|-damage|p2a: gerry|0 fnt
|faint|p2a: gerry
|
|-weather|SunnyDay|[upkeep]
|upkeep
|
|t:|1769297665
|switch|p2a: sweeper|Cottonee, L1, M|100/100
|turn|8
|
|t:|1769297670
|move|p2a: sweeper|Leech Seed|p1a: Walking Wake
|-start|p1a: Walking Wake|move: Leech Seed
|move|p1a: Walking Wake|Hydro Steam|p2a: sweeper
|-resisted|p2a: sweeper
|-enditem|p2a: sweeper|Focus Sash
|-damage|p2a: sweeper|9/100
|
|-weather|SunnyDay|[upkeep]
|-damage|p1a: Walking Wake|76/100|[from] Leech Seed|[of] p2a: sweeper
|-heal|p2a: sweeper|100/100|[silent]
|upkeep
|turn|9
|
|t:|1769297679
|-end|p1a: Walking Wake|Protosynthesis|[silent]
|switch|p1a: Scream Tail|Scream Tail|100/100
|-damage|p1a: Scream Tail|88/100|[from] Stealth Rock
|-activate|p1a: Scream Tail|ability: Protosynthesis
|-start|p1a: Scream Tail|protosynthesisspd
|move|p2a: sweeper|Substitute|p2a: sweeper
|-start|p2a: sweeper|Substitute
|-damage|p2a: sweeper|75/100
|
|-weather|SunnyDay|[upkeep]
|-damage|p1a: Scream Tail|76/100|[from] item: Sticky Barb
|upkeep
|turn|10
|c|☆stall is gay ngl|ur team is actually cool could u send after match?
|
|t:|1769297703
|move|p2a: sweeper|Leech Seed|p1a: Scream Tail
|-start|p1a: Scream Tail|move: Leech Seed
|move|p1a: Scream Tail|Trick||[still]
|-fail|p1a: Scream Tail
|
|-weather|none
|-end|p1a: Scream Tail|Protosynthesis
|-damage|p1a: Scream Tail|63/100|[from] Leech Seed|[of] p2a: sweeper
|-heal|p2a: sweeper|100/100|[silent]
|-damage|p1a: Scream Tail|51/100|[from] item: Sticky Barb
|upkeep
|turn|11
|c|☆Romain05|oui bien sur
|inactive|stall is gay ngl has 120 seconds left.
|c|☆stall is gay ngl|ty
|c|☆stall is gay ngl|merci
|
|t:|1769297753
|-end|p1a: Scream Tail|Protosynthesis|[silent]
|switch|p1a: Venusaur|Venusaur, F|100/100
|-damage|p1a: Venusaur|88/100|[from] Stealth Rock
|move|p2a: sweeper|Endeavor|p1a: Venusaur
|-damage|p1a: Venusaur|4/100
|
|upkeep
|turn|12
|
|t:|1769297773
|move|p2a: sweeper|Leech Seed|p1a: Venusaur
|-immune|p1a: Venusaur
|move|p1a: Venusaur|Sludge Bomb|p2a: sweeper
|-supereffective|p2a: sweeper
|-crit|p2a: sweeper
|-end|p2a: sweeper|Substitute
|-damage|p1a: Venusaur|0 fnt|[from] item: Life Orb
|faint|p1a: Venusaur
|
|upkeep
|
|t:|1769297790
|switch|p1a: Great Tusk|Great Tusk|100/100
|-damage|p1a: Great Tusk|98/100|[from] Stealth Rock
|turn|13
|
|t:|1769297801
|move|p2a: sweeper|Substitute|p2a: sweeper
|-start|p2a: sweeper|Substitute
|-damage|p2a: sweeper|75/100
|move|p1a: Great Tusk|Rapid Spin|p2a: sweeper
|-end|p2a: sweeper|Substitute
|-sideend|p1: Romain05|Stealth Rock|[from] move: Rapid Spin|[of] p1a: Great Tusk
|-boost|p1a: Great Tusk|spe|1
|
|-heal|p1a: Great Tusk|100/100|[from] item: Leftovers
|upkeep
|turn|14
|c|☆stall is gay ngl|gg
|
|t:|1769297811
|move|p2a: sweeper|Leech Seed|p1a: Great Tusk
|-start|p1a: Great Tusk|move: Leech Seed
|move|p1a: Great Tusk|Rapid Spin|p2a: sweeper
|-damage|p2a: sweeper|0 fnt
|-boost|p1a: Great Tusk|spe|1
|-end|p1a: Great Tusk|Leech Seed|[from] move: Rapid Spin|[of] p1a: Great Tusk
|faint|p2a: sweeper
|
|win|Romain05
|raw|Romain05's rating: 1105 &rarr; <strong>1128</strong><br />(+23 for winning)
|raw|stall is gay ngl's rating: 1074 &rarr; <strong>1055</strong><br />(-19 for losing)
|c|☆Romain05|https://pokepast.es/09fece0efe4059b6
|c|☆stall is gay ngl|merci
|c|☆Romain05|c'est la team
|c|☆stall is gay ngl|ty
|l|☆stall is gay ngl
|player|p2|
|c|☆Romain05|je te préviens elle est pas parfaite
|l|☆Romain05
|player|p1|
