|j|☆furioelectr0
|j|‽Ndjdjfndkd
|t:|1769418607
|gametype|singles
|player|p1|furioelectr0|crasherwake|1250
|player|p2|Ndjdjfndkd|lucian|1248
|gen|9
|tier|[Gen 9] OU
|rated|
|rule|HP Percentage Mod: HP is shown in percentages
|rule|Endless Battle Clause: Forcing endless battles is banned
|rule|Species Clause: Limit one of each Pokémon
|rule|OHKO Clause: OHKO moves are banned
|rule|Evasion Items Clause: Evasion items are banned
|rule|Evasion Moves Clause: Evasion moves are banned
|rule|Evasion Abilities Clause: Evasion abilities are banned
|rule|Sleep Moves Clause: Sleep-inducing moves are banned
|clearpoke
|poke|p1|Garchomp, F|
|poke|p1|Iron Valiant|
|poke|p1|Kingambit, M|
|poke|p1|Dragapult, M|
|poke|p1|Dragonite, M|
|poke|p1|Great Tusk|
|poke|p2|Orthworm, F|
|poke|p2|Clodsire, F|
|poke|p2|Pecharunt|
|poke|p2|Great Tusk|
|poke|p2|Slowking, F|
|poke|p2|Weavile, F|
|teampreview
|inactive|Battle timer is ON: inactive players will automatically lose when time's up. (requested by Ndjdjfndkd)
|
|t:|1769418612
|teamsize|p1|6
|teamsize|p2|6
|start
|switch|p1a: Garchomp|Garchomp, F|100/100
|switch|p2a: Orthworm|Orthworm, F, shiny|100/100
|turn|1
|
|t:|1769418619
|move|p1a: Garchomp|Earthquake|p2a: Orthworm
|-immune|p2a: Orthworm|[from] ability: Earth Eater
|move|p2a: Orthworm|Spikes|p1a: Garchomp
|-sidestart|p1: furioelectr0|Spikes
|
|upkeep
|turn|2
|
|t:|1769418628
|move|p1a: Garchomp|Stealth Rock|p2a: Orthworm
|-sidestart|p2: Ndjdjfndkd|move: Stealth Rock
|move|p2a: Orthworm|Spikes|p1a: Garchomp
|-sidestart|p1: furioelectr0|Spikes
|
|upkeep
|turn|3
|
|t:|1769418633
|move|p1a: Garchomp|Spikes|p2a: Orthworm
|-sidestart|p2: Ndjdjfndkd|Spikes
|move|p2a: Orthworm|Spikes|p1a: Garchomp
|-sidestart|p1: furioelectr0|Spikes
|
|upkeep
|turn|4
|
|t:|1769418639
|move|p1a: Garchomp|Spikes|p2a: Orthworm
|-sidestart|p2: Ndjdjfndkd|Spikes
|move|p2a: Orthworm|Iron Defense|p2a: Orthworm
|-boost|p2a: Orthworm|def|2
|
|upkeep
|turn|5
|
|t:|1769418647
|move|p2a: Orthworm|Iron Defense|p2a: Orthworm
|-boost|p2a: Orthworm|def|2
|move|p1a: Garchomp|Dragon Tail|p2a: Orthworm
|-resisted|p2a: Orthworm
|-damage|p2a: Orthworm|98/100
|-damage|p1a: Garchomp|84/100|[from] item: Rocky Helmet|[of] p2a: Orthworm
|drag|p2a: Pecharunt|Pecharunt|100/100
|
|upkeep
|turn|6
|
|t:|1769418660
|switch|p2a: Orthworm|Orthworm, F, shiny|98/100
|-damage|p2a: Orthworm|92/100|[from] Stealth Rock
|-damage|p2a: Orthworm|75/100|[from] Spikes
|move|p1a: Garchomp|Earthquake|p2a: Orthworm
|-heal|p2a: Orthworm|99/100|[from] ability: Earth Eater|[of] p1a: Garchomp
|
|upkeep
|turn|7
|
|t:|1769418675
|move|p1a: Garchomp|Spikes|p2a: Orthworm
|-sidestart|p2: Ndjdjfndkd|Spikes
|move|p2a: Orthworm|Iron Defense|p2a: Orthworm
|-boost|p2a: Orthworm|def|2
|
|upkeep
|turn|8
|
|t:|1769418679
|move|p2a: Orthworm|Body Press|p1a: Garchomp
|-damage|p1a: Garchomp|13/100
|-damage|p2a: Orthworm|88/100|[from] ability: Rough Skin|[of] p1a: Garchomp
|move|p1a: Garchomp|Dragon Tail|p2a: Orthworm
|-resisted|p2a: Orthworm
|-damage|p2a: Orthworm|83/100
|-damage|p1a: Garchomp|0 fnt|[from] item: Rocky Helmet|[of] p2a: Orthworm
|faint|p1a: Garchomp
|drag|p2a: Clodsire|Clodsire, F, shiny|100/100
|
|upkeep
|
|t:|1769418701
|switch|p1a: Great Tusk|Great Tusk|100/100
|-damage|p1a: Great Tusk|76/100|[from] Spikes
|turn|9
|
|t:|1769418706
|switch|p2a: Pecharunt|Pecharunt|100/100
|move|p1a: Great Tusk|Rapid Spin|p2a: Pecharunt
|-immune|p2a: Pecharunt
|
|upkeep
|turn|10
|inactive|furioelectr0 has 120 seconds left.
|
|t:|1769418745
|-end|p1a: Great Tusk|Protosynthesis|[silent]
|switch|p1a: Dragonite|Dragonite, M|100/100
|switch|p2a: Orthworm|Orthworm, F, shiny|83/100
|-damage|p2a: Orthworm|78/100|[from] Stealth Rock
|-damage|p2a: Orthworm|53/100|[from] Spikes
|
|upkeep
|turn|11
|inactive|furioelectr0 has 120 seconds left.
|
|t:|1769418754
|move|p1a: Dragonite|Dragon Dance|p1a: Dragonite
|-boost|p1a: Dragonite|atk|1
|-boost|p1a: Dragonite|spe|1
|move|p2a: Orthworm|Iron Defense|p2a: Orthworm
|-boost|p2a: Orthworm|def|2
|
|upkeep
|turn|12
|
|t:|1769418760
|move|p1a: Dragonite|Fire Punch|p2a: Orthworm
|-supereffective|p2a: Orthworm
|-damage|p2a: Orthworm|26/100
|-damage|p1a: Dragonite|84/100|[from] item: Rocky Helmet|[of] p2a: Orthworm
|move|p2a: Orthworm|Iron Defense|p2a: Orthworm
|-boost|p2a: Orthworm|def|2
|
|upkeep
|turn|13
|
|t:|1769418773
|move|p1a: Dragonite|Fire Punch|p2a: Orthworm
|-supereffective|p2a: Orthworm
|-damage|p2a: Orthworm|10/100
|-damage|p1a: Dragonite|68/100|[from] item: Rocky Helmet|[of] p2a: Orthworm
|move|p2a: Orthworm|Body Press|p1a: Dragonite
|-resisted|p1a: Dragonite
|-damage|p1a: Dragonite|17/100
|
|upkeep
|turn|14
|
|t:|1769418781
|move|p1a: Dragonite|Fire Punch|p2a: Orthworm
|-supereffective|p2a: Orthworm
|-damage|p2a: Orthworm|0 fnt
|-damage|p1a: Dragonite|0 fnt|[from] item: Rocky Helmet|[of] p2a: Orthworm
|faint|p2a: Orthworm
|faint|p1a: Dragonite
|
|upkeep
|
|t:|1769418788
|switch|p1a: Great Tusk|Great Tusk|76/100
|switch|p2a: Great Tusk|Great Tusk, shiny|100/100
|-damage|p1a: Great Tusk|51/100|[from] Spikes
|turn|15
|
|t:|1769418796
|move|p1a: Great Tusk|Headlong Rush|p2a: Great Tusk
|-damage|p2a: Great Tusk|57/100
|-unboost|p1a: Great Tusk|def|1
|-unboost|p1a: Great Tusk|spd|1
|move|p2a: Great Tusk|Rapid Spin|p1a: Great Tusk
|-damage|p1a: Great Tusk|33/100
|-boost|p2a: Great Tusk|spe|1
|-sideend|p2: Ndjdjfndkd|Spikes|[from] move: Rapid Spin|[of] p2a: Great Tusk
|-sideend|p2: Ndjdjfndkd|Stealth Rock|[from] move: Rapid Spin|[of] p2a: Great Tusk
|
|upkeep
|turn|16
|
|t:|1769418807
|move|p1a: Great Tusk|Headlong Rush|p2a: Great Tusk
|-damage|p2a: Great Tusk|14/100
|-unboost|p1a: Great Tusk|def|1
|-unboost|p1a: Great Tusk|spd|1
|move|p2a: Great Tusk|Ice Spinner|p1a: Great Tusk
|-supereffective|p1a: Great Tusk
|-damage|p1a: Great Tusk|0 fnt
|faint|p1a: Great Tusk
|-end|p1a: Great Tusk|Protosynthesis|[silent]
|
|upkeep
|
|t:|1769418813
|switch|p1a: Iron Valiant|Iron Valiant|100/100
|-damage|p1a: Iron Valiant|76/100|[from] Spikes
|-enditem|p1a: Iron Valiant|Booster Energy
|-activate|p1a: Iron Valiant|ability: Quark Drive|[fromitem]
|-start|p1a: Iron Valiant|quarkdrivespe
|turn|17
|
|t:|1769418820
|move|p1a: Iron Valiant|Moonblast|p2a: Great Tusk
|-supereffective|p2a: Great Tusk
|-damage|p2a: Great Tusk|0 fnt
|faint|p2a: Great Tusk
|-end|p2a: Great Tusk|Protosynthesis|[silent]
|
|upkeep
|
|t:|1769418827
|switch|p2a: Clodsire|Clodsire, F, shiny|100/100
|turn|18
|
|t:|1769418832
|move|p1a: Iron Valiant|Psychic|p2a: Clodsire
|-supereffective|p2a: Clodsire
|-damage|p2a: Clodsire|75/100
|move|p2a: Clodsire|Stealth Rock|p1a: Iron Valiant
|-sidestart|p1: furioelectr0|move: Stealth Rock
|
|upkeep
|turn|19
|
|t:|1769418838
|move|p1a: Iron Valiant|Encore|p2a: Clodsire
|-start|p2a: Clodsire|Encore
|move|p2a: Clodsire|Stealth Rock||[still]
|-fail|p2a: Clodsire
|
|upkeep
|turn|20
|
|t:|1769418847
|switch|p2a: Weavile|Weavile, F, shiny|100/100
|-ability|p2a: Weavile|Pressure
|move|p1a: Iron Valiant|Close Combat|p2a: Weavile
|-supereffective|p2a: Weavile
|-damage|p2a: Weavile|0 fnt
|-unboost|p1a: Iron Valiant|def|1
|-unboost|p1a: Iron Valiant|spd|1
|faint|p2a: Weavile
|
|upkeep
|
|t:|1769418855
|switch|p2a: Clodsire|Clodsire, F, shiny|75/100
|turn|21
|
|t:|1769418862
|move|p1a: Iron Valiant|Psychic|p2a: Clodsire
|-supereffective|p2a: Clodsire
|-damage|p2a: Clodsire|48/100
|move|p2a: Clodsire|Toxic|p1a: Iron Valiant
|-status|p1a: Iron Valiant|tox
|
|-damage|p1a: Iron Valiant|69/100 tox|[from] psn
|upkeep
|turn|22
|
|t:|1769418867
|move|p1a: Iron Valiant|Psychic|p2a: Clodsire
|-supereffective|p2a: Clodsire
|-damage|p2a: Clodsire|22/100
|move|p2a: Clodsire|Recover|p2a: Clodsire
|-heal|p2a: Clodsire|72/100
|
|-damage|p1a: Iron Valiant|57/100 tox|[from] psn
|upkeep
|turn|23
|
|t:|1769418872
|move|p1a: Iron Valiant|Encore|p2a: Clodsire
|-start|p2a: Clodsire|Encore
|move|p2a: Clodsire|Recover|p2a: Clodsire
|-heal|p2a: Clodsire|100/100
|
|-damage|p1a: Iron Valiant|38/100 tox|[from] psn
|upkeep
|turn|24
|
|t:|1769418881
|-end|p1a: Iron Valiant|Quark Drive|[silent]
|switch|p1a: Kingambit|Kingambit, M|100/100
|-damage|p1a: Kingambit|75/100|[from] Spikes
|-damage|p1a: Kingambit|69/100|[from] Stealth Rock
|-activate|p1a: Kingambit|ability: Supreme Overlord
|-start|p1a: Kingambit|fallen3|[silent]
|move|p2a: Clodsire|Recover||[still]
|-fail|p2a: Clodsire|heal
|
|upkeep
|turn|25
|
|t:|1769418888
|switch|p2a: Slowking|Slowking, F, shiny|100/100
|-terastallize|p1a: Kingambit|Dark
|move|p1a: Kingambit|Swords Dance|p1a: Kingambit
|-boost|p1a: Kingambit|atk|2
|
|upkeep
|turn|26
|
|t:|1769418895
|-terastallize|p2a: Slowking|Fairy
|move|p1a: Kingambit|Kowtow Cleave|p2a: Slowking
|-resisted|p2a: Slowking
|-damage|p2a: Slowking|0 fnt
|faint|p2a: Slowking
|
|upkeep
|
|t:|1769418901
|switch|p2a: Clodsire|Clodsire, F, shiny|100/100
|turn|27
|
|t:|1769418904
|move|p1a: Kingambit|Kowtow Cleave|p2a: Clodsire
|-damage|p2a: Clodsire|0 fnt
|faint|p2a: Clodsire
|
|upkeep
|
|t:|1769418907
|switch|p2a: Pecharunt|Pecharunt|100/100
|turn|28
|
|t:|1769418909
|move|p2a: Pecharunt|Malignant Chain|p1a: Kingambit
|-damage|p1a: Kingambit|40/100
|move|p1a: Kingambit|Kowtow Cleave|p2a: Pecharunt
|-supereffective|p2a: Pecharunt
|-damage|p2a: Pecharunt|0 fnt
|faint|p2a: Pecharunt
|
|win|furioelectr0
|raw|furioelectr0's rating: 1250 &rarr; <strong>1275</strong><br />(+25 for winning)
|raw|Ndjdjfndkd's rating: 1248 &rarr; <strong>1223</strong><br />(-25 for losing)
|l|‽Ndjdjfndkd
|player|p2|
|c|☆furioelectr0|gg
|l|☆furioelectr0
|player|p1|
