|j|‽Pingunos117
|j|☆mckilly
|t:|1769413140
|gametype|singles
|player|p1|Pingunos117|rosa|1462
|player|p2|mckilly|wally|1470
|gen|9
|tier|[Gen 9] OU
|rated|
|rule|HP Percentage Mod: HP is shown in percentages
|rule|Endless Battle Clause: Forcing endless battles is banned
|rule|Species Clause: Limit one of each Pokémon
|rule|OHKO Clause: OHKO moves are banned
|rule|Evasion Items Clause: Evasion items are banned
|rule|Evasion Moves Clause: Evasion moves are banned
|rule|Evasion Abilities Clause: Evasion abilities are banned
|rule|Sleep Moves Clause: Sleep-inducing moves are banned
|clearpoke
|poke|p1|Moltres-Galar|
|poke|p1|Dragapult, M|
|poke|p1|Heatran, M|
|poke|p1|Scizor, M|
|poke|p1|Latias, F|
|poke|p1|Great Tusk|
|poke|p2|Heatran, F|
|poke|p2|Pecharunt|
|poke|p2|Iron Valiant|
|poke|p2|Great Tusk|
|poke|p2|Zapdos|
|poke|p2|Weavile, M|
|teampreview
|inactive|Battle timer is ON: inactive players will automatically lose when time's up. (requested by mckilly)
|
|t:|1769413155
|teamsize|p1|6
|teamsize|p2|6
|start
|switch|p1a: Dragapult|Dragapult, M, shiny|100/100
|switch|p2a: Weavile|Weavile, M|100/100
|-ability|p2a: Weavile|Pressure
|turn|1
|
|t:|1769413164
|switch|p1a: Heatran|Heatran, M, shiny|100/100
|move|p2a: Weavile|Knock Off|p1a: Heatran
|-damage|p1a: Heatran|62/100
|-enditem|p1a: Heatran|Leftovers|[from] move: Knock Off|[of] p2a: Weavile
|
|upkeep
|turn|2
|
|t:|1769413173
|switch|p2a: Great Tusk|Great Tusk|100/100
|move|p1a: Heatran|Magma Storm|p2a: Great Tusk
|-damage|p2a: Great Tusk|37/100
|-activate|p2a: Great Tusk|move: Magma Storm|[of] p1a: Heatran
|
|-heal|p2a: Great Tusk|43/100|[from] item: Leftovers
|-damage|p2a: Great Tusk|31/100|[from] move: Magma Storm|[partiallytrapped]
|upkeep
|turn|3
|
|t:|1769413185
|switch|p1a: Latias|Latias, F, shiny|100/100
|move|p2a: Great Tusk|Headlong Rush|p1a: Latias
|-immune|p1a: Latias|[from] ability: Levitate
|
|-heal|p2a: Great Tusk|37/100|[from] item: Leftovers
|-end|p2a: Great Tusk|Magma Storm|[partiallytrapped]|[silent]
|upkeep
|turn|4
|
|t:|1769413199
|-end|p2a: Great Tusk|Protosynthesis|[silent]
|switch|p2a: Iron Valiant|Iron Valiant|100/100
|-enditem|p2a: Iron Valiant|Booster Energy
|-activate|p2a: Iron Valiant|ability: Quark Drive|[fromitem]
|-start|p2a: Iron Valiant|quarkdrivespe
|move|p1a: Latias|Draining Kiss|p2a: Iron Valiant
|-supereffective|p2a: Iron Valiant
|-damage|p2a: Iron Valiant|35/100
|
|upkeep
|turn|5
|
|t:|1769413214
|switch|p1a: Scizor|Scizor, M, shiny|100/100
|move|p2a: Iron Valiant|Moonblast|p1a: Scizor
|-resisted|p1a: Scizor
|-damage|p1a: Scizor|72/100
|
|upkeep
|turn|6
|
|t:|1769413227
|-end|p2a: Iron Valiant|Quark Drive|[silent]
|switch|p2a: Pecharunt|Pecharunt|100/100
|move|p1a: Scizor|Bullet Punch|p2a: Pecharunt
|-damage|p2a: Pecharunt|68/100
|
|-heal|p2a: Pecharunt|74/100|[from] item: Leftovers
|upkeep
|turn|7
|
|t:|1769413243
|switch|p1a: Heatran|Heatran, M, shiny|62/100
|move|p2a: Pecharunt|Parting Shot|p1a: Heatran
|-unboost|p1a: Heatran|atk|1
|-unboost|p1a: Heatran|spa|1
|
|t:|1769413255
|switch|p2a: Heatran|Heatran, F|100/100|[from] Parting Shot
|-item|p2a: Heatran|Air Balloon
|
|upkeep
|turn|8
|
|t:|1769413264
|move|p1a: Heatran|Stealth Rock|p2a: Heatran
|-sidestart|p2: mckilly|move: Stealth Rock
|move|p2a: Heatran|Stealth Rock|p1a: Heatran
|-sidestart|p1: Pingunos117|move: Stealth Rock
|
|upkeep
|turn|9
|
|t:|1769413277
|switch|p1a: Latias|Latias, F, shiny|100/100
|-damage|p1a: Latias|88/100|[from] Stealth Rock
|move|p2a: Heatran|Scorching Sands|p1a: Latias
|-immune|p1a: Latias|[from] ability: Levitate
|
|upkeep
|turn|10
|
|t:|1769413286
|switch|p2a: Iron Valiant|Iron Valiant|35/100
|-damage|p2a: Iron Valiant|29/100|[from] Stealth Rock
|move|p1a: Latias|Agility|p1a: Latias
|-boost|p1a: Latias|spe|2
|
|upkeep
|turn|11
|
|t:|1769413294
|move|p1a: Latias|Draining Kiss|p2a: Iron Valiant
|-supereffective|p2a: Iron Valiant
|-damage|p2a: Iron Valiant|0 fnt
|-heal|p1a: Latias|100/100|[from] drain|[of] p2a: Iron Valiant
|faint|p2a: Iron Valiant
|-end|p2a: Iron Valiant|Quark Drive|[silent]
|
|upkeep
|
|t:|1769413306
|switch|p2a: Zapdos|Zapdos|100/100
|turn|12
|
|t:|1769413311
|move|p1a: Latias|Calm Mind|p1a: Latias
|-boost|p1a: Latias|spa|1
|-boost|p1a: Latias|spd|1
|move|p2a: Zapdos|Thunderbolt|p1a: Latias
|-resisted|p1a: Latias
|-damage|p1a: Latias|88/100
|
|upkeep
|turn|13
|
|t:|1769413325
|move|p1a: Latias|Calm Mind|p1a: Latias
|-boost|p1a: Latias|spa|1
|-boost|p1a: Latias|spd|1
|move|p2a: Zapdos|Volt Switch|p1a: Latias
|-resisted|p1a: Latias
|-damage|p1a: Latias|80/100
|
|t:|1769413334
|switch|p2a: Heatran|Heatran, F|100/100|[from] Volt Switch
|-damage|p2a: Heatran|88/100|[from] Stealth Rock
|-item|p2a: Heatran|Air Balloon
|
|upkeep
|turn|14
|
|t:|1769413341
|move|p1a: Latias|Stored Power|p2a: Heatran
|-resisted|p2a: Heatran
|-damage|p2a: Heatran|33/100
|-enditem|p2a: Heatran|Air Balloon
|move|p2a: Heatran|Lava Plume|p1a: Latias
|-resisted|p1a: Latias
|-damage|p1a: Latias|71/100
|-status|p1a: Latias|brn
|
|-damage|p1a: Latias|65/100 brn|[from] brn
|upkeep
|turn|15
|
|t:|1769413354
|switch|p2a: Weavile|Weavile, M|100/100
|-damage|p2a: Weavile|76/100|[from] Stealth Rock
|-ability|p2a: Weavile|Pressure
|move|p1a: Latias|Calm Mind|p1a: Latias
|-boost|p1a: Latias|spa|1
|-boost|p1a: Latias|spd|1
|
|-damage|p1a: Latias|58/100 brn|[from] brn
|upkeep
|turn|16
|
|t:|1769413364
|move|p2a: Weavile|Fake Out|p1a: Latias
|-damage|p1a: Latias|44/100 brn
|cant|p1a: Latias|flinch
|
|-damage|p1a: Latias|37/100 brn|[from] brn
|upkeep
|turn|17
|
|t:|1769413370
|-terastallize|p1a: Latias|Fairy
|move|p2a: Weavile|Ice Shard|p1a: Latias
|-crit|p1a: Latias
|-damage|p1a: Latias|1/100 brn
|move|p1a: Latias|Draining Kiss|p2a: Weavile
|-supereffective|p2a: Weavile
|-damage|p2a: Weavile|0 fnt
|-heal|p1a: Latias|51/100 brn|[from] drain|[of] p2a: Weavile
|faint|p2a: Weavile
|
|-damage|p1a: Latias|45/100 brn|[from] brn
|upkeep
|
|t:|1769413386
|switch|p2a: Zapdos|Zapdos|100/100
|turn|18
|
|t:|1769413390
|switch|p2a: Pecharunt|Pecharunt|74/100
|-damage|p2a: Pecharunt|62/100|[from] Stealth Rock
|move|p1a: Latias|Stored Power|p2a: Pecharunt
|-supereffective|p2a: Pecharunt
|-damage|p2a: Pecharunt|0 fnt
|faint|p2a: Pecharunt
|
|-damage|p1a: Latias|38/100 brn|[from] brn
|upkeep
|-message|mckilly forfeited.
|
|win|Pingunos117
|raw|Pingunos117's rating: 1462 &rarr; <strong>1482</strong><br />(+20 for winning)
|raw|mckilly's rating: 1470 &rarr; <strong>1450</strong><br />(-20 for losing)
|l|☆mckilly
|player|p2|
|l|‽Pingunos117
|player|p1|
