|j|☆KinnCrimson
|j|☆NicheLadder
|t:|1769294552
|gametype|singles
|player|p1|KinnCrimson|scientist|1639
|player|p2|NicheLadder|170|1619
|gen|9
|tier|[Gen 9] OU
|rated|
|rule|HP Percentage Mod: HP is shown in percentages
|rule|Endless Battle Clause: Forcing endless battles is banned
|rule|Species Clause: Limit one of each Pokémon
|rule|OHKO Clause: OHKO moves are banned
|rule|Evasion Items Clause: Evasion items are banned
|rule|Evasion Moves Clause: Evasion moves are banned
|rule|Evasion Abilities Clause: Evasion abilities are banned
|rule|Sleep Moves Clause: Sleep-inducing moves are banned
|clearpoke
|poke|p1|Great Tusk|
|poke|p1|Sinistcha|
|poke|p1|Gholdengo|
|poke|p1|Tyranitar, M|
|poke|p1|Garchomp, M|
|poke|p1|Scizor, M|
|poke|p2|Kingambit, M|
|poke|p2|Corviknight, F|
|poke|p2|Cinderace, M|
|poke|p2|Sylveon, M|
|poke|p2|Darkrai|
|poke|p2|Alomomola, F|
|teampreview
|inactive|Battle timer is ON: inactive players will automatically lose when time's up. (requested by NicheLadder)
|inactive|NicheLadder has 120 seconds left.
|inactive|KinnCrimson has 120 seconds left.
|
|t:|1769294599
|teamsize|p1|6
|teamsize|p2|6
|start
|switch|p1a: Tyranitar|Tyranitar, M|100/100
|switch|p2a: Sylveon|Sylveon, M|100/100
|-weather|Sandstorm|[from] ability: Sand Stream|[of] p1a: Tyranitar
|turn|1
|inactive|NicheLadder has 120 seconds left.
|
|t:|1769294658
|-terastallize|p2a: Sylveon|Fairy
|move|p2a: Sylveon|Hyper Voice|p1a: Tyranitar
|-supereffective|p1a: Tyranitar
|-damage|p1a: Tyranitar|7/100
|move|p1a: Tyranitar|Thunder Wave|p2a: Sylveon
|-status|p2a: Sylveon|par
|
|-weather|Sandstorm|[upkeep]
|-damage|p2a: Sylveon|94/100 par|[from] Sandstorm
|-heal|p1a: Tyranitar|14/100|[from] item: Leftovers
|upkeep
|turn|2
|
|t:|1769294678
|move|p1a: Tyranitar|Stealth Rock|p2a: Sylveon
|-sidestart|p2: NicheLadder|move: Stealth Rock
|cant|p2a: Sylveon|par
|
|-weather|Sandstorm|[upkeep]
|-damage|p2a: Sylveon|88/100 par|[from] Sandstorm
|-heal|p1a: Tyranitar|20/100|[from] item: Leftovers
|upkeep
|turn|3
|inactive|KinnCrimson has 120 seconds left.
|
|t:|1769294714
|switch|p1a: Gholdengo|Gholdengo|100/100
|move|p2a: Sylveon|Hyper Voice|p1a: Gholdengo
|-resisted|p1a: Gholdengo
|-damage|p1a: Gholdengo|43/100
|
|-weather|Sandstorm|[upkeep]
|-damage|p2a: Sylveon|82/100 par|[from] Sandstorm
|upkeep
|turn|4
|
|t:|1769294725
|switch|p2a: Alomomola|Alomomola, F|100/100
|-damage|p2a: Alomomola|88/100|[from] Stealth Rock
|move|p1a: Gholdengo|Recover|p1a: Gholdengo
|-heal|p1a: Gholdengo|93/100
|
|-weather|Sandstorm|[upkeep]
|-damage|p2a: Alomomola|82/100|[from] Sandstorm
|upkeep
|turn|5
|inactive|NicheLadder has 120 seconds left.
|
|t:|1769294736
|switch|p1a: Garchomp|Garchomp, M|100/100
|move|p2a: Alomomola|Flip Turn|p1a: Garchomp
|-damage|p1a: Garchomp|91/100
|-damage|p2a: Alomomola|70/100|[from] ability: Rough Skin|[of] p1a: Garchomp
|-damage|p2a: Alomomola|53/100|[from] item: Rocky Helmet|[of] p1a: Garchomp
|inactive|NicheLadder has 120 seconds left.
|
|t:|1769294742
|switch|p2a: Corviknight|Corviknight, F|100/100|[from] Flip Turn
|-damage|p2a: Corviknight|88/100|[from] Stealth Rock
|-ability|p2a: Corviknight|Pressure
|
|-weather|none
|upkeep
|turn|6
|
|t:|1769294745
|switch|p1a: Gholdengo|Gholdengo|93/100
|move|p2a: Corviknight|Iron Defense|p2a: Corviknight
|-boost|p2a: Corviknight|def|2
|
|upkeep
|turn|7
|
|t:|1769294751
|switch|p2a: Alomomola|Alomomola, F|86/100
|-damage|p2a: Alomomola|74/100|[from] Stealth Rock
|move|p1a: Gholdengo|Nasty Plot|p1a: Gholdengo
|-boost|p1a: Gholdengo|spa|2
|
|upkeep
|turn|8
|j| Nikator98
|l| Nikator98
|
|t:|1769294755
|move|p1a: Gholdengo|Shadow Ball|p2a: Alomomola
|-damage|p2a: Alomomola|35/100
|-unboost|p2a: Alomomola|spd|1
|move|p2a: Alomomola|Mirror Coat|p1a: Gholdengo
|-damage|p1a: Gholdengo|0 fnt
|faint|p1a: Gholdengo
|
|upkeep
|
|t:|1769294778
|switch|p1a: Sinistcha|Sinistcha|100/100
|turn|9
|j| Nikator98
|l| Nikator98
|
|t:|1769294791
|switch|p2a: Corviknight|Corviknight, F|88/100
|-damage|p2a: Corviknight|76/100|[from] Stealth Rock
|-ability|p2a: Corviknight|Pressure
|move|p1a: Sinistcha|Matcha Gotcha|p2a: Corviknight
|-resisted|p2a: Corviknight
|-damage|p2a: Corviknight|69/100
|
|upkeep
|turn|10
|
|t:|1769294793
|move|p1a: Sinistcha|Calm Mind|p1a: Sinistcha
|-boost|p1a: Sinistcha|spa|1
|-boost|p1a: Sinistcha|spd|1
|move|p2a: Corviknight|U-turn|p1a: Sinistcha
|-damage|p1a: Sinistcha|91/100
|
|t:|1769294799
|switch|p2a: Cinderace|Cinderace, M|100/100|[from] U-turn
|
|-heal|p1a: Sinistcha|97/100|[from] item: Leftovers
|upkeep
|turn|11
|
|t:|1769294811
|move|p2a: Cinderace|Court Change|p2a: Cinderace
|-start|p2a: Cinderace|typechange|Normal|[from] ability: Libero
|-swapsideconditions
|-activate|p2a: Cinderace|move: Court Change
|move|p1a: Sinistcha|Strength Sap|p2a: Cinderace
|-unboost|p2a: Cinderace|atk|1
|-heal|p1a: Sinistcha|100/100
|
|upkeep
|turn|12
|
|t:|1769294816
|move|p2a: Cinderace|U-turn|p1a: Sinistcha
|-damage|p1a: Sinistcha|90/100
|
|t:|1769294822
|switch|p2a: Kingambit|Kingambit, M|100/100|[from] U-turn
|move|p1a: Sinistcha|Calm Mind|p1a: Sinistcha
|-boost|p1a: Sinistcha|spa|1
|-boost|p1a: Sinistcha|spd|1
|
|-heal|p1a: Sinistcha|96/100|[from] item: Leftovers
|upkeep
|turn|13
|
|t:|1769294831
|-terastallize|p1a: Sinistcha|Steel
|move|p2a: Kingambit|Swords Dance|p2a: Kingambit
|-boost|p2a: Kingambit|atk|2
|move|p1a: Sinistcha|Strength Sap|p2a: Kingambit
|-unboost|p2a: Kingambit|atk|1
|-heal|p1a: Sinistcha|100/100
|
|upkeep
|turn|14
|
|t:|1769294835
|move|p2a: Kingambit|Swords Dance|p2a: Kingambit
|-boost|p2a: Kingambit|atk|2
|move|p1a: Sinistcha|Matcha Gotcha|p2a: Kingambit
|-resisted|p2a: Kingambit
|-damage|p2a: Kingambit|61/100
|
|-heal|p2a: Kingambit|67/100|[from] item: Leftovers
|upkeep
|turn|15
|
|t:|1769294841
|move|p2a: Kingambit|Kowtow Cleave|p1a: Sinistcha
|-damage|p1a: Sinistcha|10/100
|move|p1a: Sinistcha|Strength Sap|p2a: Kingambit
|-unboost|p2a: Kingambit|atk|1
|-heal|p1a: Sinistcha|100/100
|
|-heal|p2a: Kingambit|73/100|[from] item: Leftovers
|upkeep
|turn|16
|
|t:|1769294846
|move|p2a: Kingambit|Swords Dance|p2a: Kingambit
|-boost|p2a: Kingambit|atk|2
|move|p1a: Sinistcha|Matcha Gotcha|p2a: Kingambit
|-resisted|p2a: Kingambit
|-damage|p2a: Kingambit|35/100
|
|-heal|p2a: Kingambit|42/100|[from] item: Leftovers
|upkeep
|turn|17
|
|t:|1769294852
|move|p2a: Kingambit|Kowtow Cleave|p1a: Sinistcha
|-damage|p1a: Sinistcha|0 fnt
|faint|p1a: Sinistcha
|
|-heal|p2a: Kingambit|48/100|[from] item: Leftovers
|upkeep
|
|t:|1769294856
|switch|p1a: Great Tusk|Great Tusk|100/100
|-damage|p1a: Great Tusk|98/100|[from] Stealth Rock
|turn|18
|
|t:|1769294865
|-end|p2a: Kingambit|fallenundefined|[silent]
|switch|p2a: Corviknight|Corviknight, F|69/100
|-ability|p2a: Corviknight|Pressure
|move|p1a: Great Tusk|Earthquake|p2a: Corviknight
|-immune|p2a: Corviknight
|
|-heal|p1a: Great Tusk|100/100|[from] item: Leftovers
|upkeep
|turn|19
|
|t:|1769294876
|-end|p1a: Great Tusk|Protosynthesis|[silent]
|switch|p1a: Tyranitar|Tyranitar, M|20/100
|-damage|p1a: Tyranitar|7/100|[from] Stealth Rock
|-weather|Sandstorm|[from] ability: Sand Stream|[of] p1a: Tyranitar
|move|p2a: Corviknight|Iron Defense|p2a: Corviknight
|-boost|p2a: Corviknight|def|2
|
|-weather|Sandstorm|[upkeep]
|-heal|p1a: Tyranitar|14/100|[from] item: Leftovers
|upkeep
|turn|20
|
|t:|1769294882
|move|p2a: Corviknight|Body Press|p1a: Tyranitar
|-supereffective|p1a: Tyranitar
|-damage|p1a: Tyranitar|0 fnt
|faint|p1a: Tyranitar
|
|-weather|Sandstorm|[upkeep]
|upkeep
|
|t:|1769294888
|switch|p1a: Scizor|Scizor, M|100/100
|turn|21
|
|t:|1769294892
|move|p1a: Scizor|Swords Dance|p1a: Scizor
|-boost|p1a: Scizor|atk|2
|move|p2a: Corviknight|Iron Defense|p2a: Corviknight
|-boost|p2a: Corviknight|def|2
|
|-weather|Sandstorm|[upkeep]
|upkeep
|turn|22
|
|t:|1769294896
|move|p1a: Scizor|Swords Dance|p1a: Scizor
|-boost|p1a: Scizor|atk|2
|move|p2a: Corviknight|Iron Defense|p2a: Corviknight
|-boost|p2a: Corviknight|def|2
|
|-weather|Sandstorm|[upkeep]
|upkeep
|turn|23
|
|t:|1769294902
|move|p1a: Scizor|Close Combat|p2a: Corviknight
|-damage|p2a: Corviknight|48/100
|-unboost|p1a: Scizor|def|1
|-unboost|p1a: Scizor|spd|1
|-damage|p1a: Scizor|84/100|[from] item: Rocky Helmet|[of] p2a: Corviknight
|move|p2a: Corviknight|Body Press|p1a: Scizor
|-damage|p1a: Scizor|0 fnt
|faint|p1a: Scizor
|
|-weather|none
|upkeep
|c|☆NicheLadder|gg
|-message|KinnCrimson forfeited.
|
|win|NicheLadder
|raw|KinnCrimson's rating: 1639 &rarr; <strong>1618</strong><br />(-21 for losing)
|raw|NicheLadder's rating: 1619 &rarr; <strong>1640</strong><br />(+21 for winning)
|l|☆KinnCrimson
|player|p1|
