|j|☆meiopotato
|j|☆Gyo99
|t:|1769306096
|gametype|singles
|player|p1|meiopotato|265|1512
|player|p2|Gyo99|rocketgrunt|1525
|gen|9
|tier|[Gen 9] OU
|rated|
|rule|HP Percentage Mod: HP is shown in percentages
|rule|Endless Battle Clause: Forcing endless battles is banned
|rule|Species Clause: Limit one of each Pokémon
|rule|OHKO Clause: OHKO moves are banned
|rule|Evasion Items Clause: Evasion items are banned
|rule|Evasion Moves Clause: Evasion moves are banned
|rule|Evasion Abilities Clause: Evasion abilities are banned
|rule|Sleep Moves Clause: Sleep-inducing moves are banned
|clearpoke
|poke|p1|Cresselia, F|
|poke|p1|Iron Moth|
|poke|p1|Polteageist|
|poke|p1|Ogerpon-Wellspring, F|
|poke|p1|Kingambit, M|
|poke|p1|Zamazenta-*|
|poke|p2|Garchomp, M|
|poke|p2|Corviknight, M|
|poke|p2|Clefable, F|
|poke|p2|Swampert, M|
|poke|p2|Cinderace, M|
|poke|p2|Darkrai|
|teampreview
|inactive|Battle timer is ON: inactive players will automatically lose when time's up. (requested by meiopotato)
|
|t:|1769306113
|teamsize|p1|6
|teamsize|p2|6
|start
|switch|p1a: Polteageist|Polteageist|100/100
|switch|p2a: Swampert|Swampert, M|100/100
|turn|1
|
|t:|1769306119
|move|p1a: Polteageist|Shell Smash|p1a: Polteageist
|-unboost|p1a: Polteageist|def|1
|-unboost|p1a: Polteageist|spd|1
|-boost|p1a: Polteageist|atk|2
|-boost|p1a: Polteageist|spa|2
|-boost|p1a: Polteageist|spe|2
|move|p2a: Swampert|Roar|p1a: Polteageist
|drag|p1a: Iron Moth|Iron Moth|100/100
|
|upkeep
|turn|2
|
|t:|1769306128
|move|p1a: Iron Moth|Energy Ball|p2a: Swampert
|-supereffective|p2a: Swampert
|-damage|p2a: Swampert|12/100
|move|p2a: Swampert|Stealth Rock|p1a: Iron Moth
|-sidestart|p1: meiopotato|move: Stealth Rock
|
|-heal|p2a: Swampert|18/100|[from] item: Leftovers
|upkeep
|turn|3
|j| Reixo‽♪
|
|t:|1769306144
|move|p1a: Iron Moth|Fiery Dance|p2a: Swampert
|-resisted|p2a: Swampert
|-damage|p2a: Swampert|4/100
|move|p2a: Swampert|Knock Off|p1a: Iron Moth
|-damage|p1a: Iron Moth|58/100
|-enditem|p1a: Iron Moth|Focus Sash|[from] move: Knock Off|[of] p2a: Swampert
|
|-heal|p2a: Swampert|10/100|[from] item: Leftovers
|upkeep
|turn|4
|l| Reixo‽♪
|
|t:|1769306154
|move|p1a: Iron Moth|Fiery Dance|p2a: Swampert
|-resisted|p2a: Swampert
|-crit|p2a: Swampert
|-damage|p2a: Swampert|0 fnt
|faint|p2a: Swampert
|
|upkeep
|
|t:|1769306164
|switch|p2a: Darkrai|Darkrai, shiny|100/100
|turn|5
|
|t:|1769306168
|move|p2a: Darkrai|Dark Pulse|p1a: Iron Moth
|-damage|p1a: Iron Moth|0 fnt
|faint|p1a: Iron Moth
|-end|p1a: Iron Moth|Quark Drive|[silent]
|
|upkeep
|
|t:|1769306171
|switch|p1a: Kingambit|Kingambit, M|100/100
|-damage|p1a: Kingambit|94/100|[from] Stealth Rock
|-activate|p1a: Kingambit|ability: Supreme Overlord
|-start|p1a: Kingambit|fallen1|[silent]
|turn|6
|
|t:|1769306178
|switch|p2a: Corviknight|Corviknight, M, shiny|100/100
|move|p1a: Kingambit|Swords Dance|p1a: Kingambit
|-boost|p1a: Kingambit|atk|2
|
|-heal|p1a: Kingambit|100/100|[from] item: Leftovers
|upkeep
|turn|7
|
|t:|1769306189
|move|p1a: Kingambit|Swords Dance|p1a: Kingambit
|-boost|p1a: Kingambit|atk|2
|move|p2a: Corviknight|U-turn|p1a: Kingambit
|-damage|p1a: Kingambit|89/100
|
|t:|1769306195
|switch|p2a: Clefable|Clefable, F, shiny|100/100|[from] U-turn
|
|-heal|p1a: Kingambit|95/100|[from] item: Leftovers
|upkeep
|turn|8
|
|t:|1769306201
|move|p1a: Kingambit|Iron Head|p2a: Clefable
|-supereffective|p2a: Clefable
|-damage|p2a: Clefable|0 fnt
|faint|p2a: Clefable
|
|-heal|p1a: Kingambit|100/100|[from] item: Leftovers
|upkeep
|
|t:|1769306209
|switch|p2a: Darkrai|Darkrai, shiny|100/100
|turn|9
|
|t:|1769306214
|move|p2a: Darkrai|Trick|p1a: Kingambit
|-activate|p2a: Darkrai|move: Trick|[of] p1a: Kingambit
|-item|p1a: Kingambit|Choice Specs|[from] move: Trick
|-item|p2a: Darkrai|Leftovers|[from] move: Trick
|move|p1a: Kingambit|Low Kick|p2a: Darkrai
|-supereffective|p2a: Darkrai
|-damage|p2a: Darkrai|0 fnt
|faint|p2a: Darkrai
|
|upkeep
|
|t:|1769306222
|switch|p2a: Cinderace|Cinderace, M, shiny|100/100
|turn|10
|
|t:|1769306227
|move|p2a: Cinderace|Pyro Ball|p1a: Kingambit
|-supereffective|p1a: Kingambit
|-damage|p1a: Kingambit|0 fnt
|faint|p1a: Kingambit
|-end|p1a: Kingambit|fallen1|[silent]
|
|upkeep
|
|t:|1769306231
|switch|p1a: Cresselia|Cresselia, F, shiny|100/100
|-damage|p1a: Cresselia|88/100|[from] Stealth Rock
|turn|11
|
|t:|1769306236
|move|p2a: Cinderace|Pyro Ball|p1a: Cresselia
|-damage|p1a: Cresselia|35/100
|move|p1a: Cresselia|Calm Mind|p1a: Cresselia
|-boost|p1a: Cresselia|spa|1
|-boost|p1a: Cresselia|spd|1
|
|-heal|p1a: Cresselia|41/100|[from] item: Leftovers
|upkeep
|turn|12
|
|t:|1769306257
|-terastallize|p2a: Cinderace|Fire
|move|p2a: Cinderace|Pyro Ball|p1a: Cresselia
|-damage|p1a: Cresselia|0 fnt
|faint|p1a: Cresselia
|
|upkeep
|
|t:|1769306262
|switch|p1a: Zamazenta|Zamazenta|100/100
|-damage|p1a: Zamazenta|94/100|[from] Stealth Rock
|-ability|p1a: Zamazenta|Dauntless Shield|boost
|-boost|p1a: Zamazenta|def|1
|turn|13
|
|t:|1769306270
|-terastallize|p1a: Zamazenta|Fire
|move|p1a: Zamazenta|Iron Defense|p1a: Zamazenta
|-boost|p1a: Zamazenta|def|2
|move|p2a: Cinderace|Pyro Ball|p1a: Zamazenta
|-resisted|p1a: Zamazenta
|-crit|p1a: Zamazenta
|-damage|p1a: Zamazenta|9/100
|
|-heal|p1a: Zamazenta|15/100|[from] item: Leftovers
|upkeep
|turn|14
|
|t:|1769306280
|switch|p2a: Corviknight|Corviknight, M, shiny|100/100
|move|p1a: Zamazenta|Body Press|p2a: Corviknight
|-damage|p2a: Corviknight|58/100
|-damage|p1a: Zamazenta|0 fnt|[from] item: Rocky Helmet|[of] p2a: Corviknight
|faint|p1a: Zamazenta
|
|upkeep
|
|t:|1769306283
|switch|p1a: Polteageist|Polteageist|100/100
|-damage|p1a: Polteageist|88/100|[from] Stealth Rock
|turn|15
|
|t:|1769306292
|move|p1a: Polteageist|Shell Smash|p1a: Polteageist
|-unboost|p1a: Polteageist|def|1
|-unboost|p1a: Polteageist|spd|1
|-boost|p1a: Polteageist|atk|2
|-boost|p1a: Polteageist|spa|2
|-boost|p1a: Polteageist|spe|2
|move|p2a: Corviknight|Brave Bird|p1a: Polteageist
|-damage|p1a: Polteageist|0 fnt
|faint|p1a: Polteageist
|-damage|p2a: Corviknight|39/100|[from] Recoil
|
|upkeep
|
|t:|1769306295
|switch|p1a: Ogerpon|Ogerpon-Wellspring, F|100/100
|-damage|p1a: Ogerpon|88/100|[from] Stealth Rock
|turn|16
|
|t:|1769306306
|move|p1a: Ogerpon|Ivy Cudgel|p2a: Corviknight|[anim] Ivy Cudgel Water
|-damage|p2a: Corviknight|6/100
|move|p2a: Corviknight|Brave Bird|p1a: Ogerpon
|-supereffective|p1a: Ogerpon
|-crit|p1a: Ogerpon
|-damage|p1a: Ogerpon|0 fnt
|faint|p1a: Ogerpon
|-damage|p2a: Corviknight|0 fnt|[from] Recoil
|faint|p2a: Corviknight
|
|win|Gyo99
|raw|meiopotato's rating: 1534 &rarr; <strong>1513</strong><br />(-21 for losing)
|raw|Gyo99's rating: 1525 &rarr; <strong>1546</strong><br />(+21 for winning)
|l|☆meiopotato
|player|p1|
|l|☆Gyo99
|player|p2|
