|j|☆driderwebs
|j|☆pepinoloko
|t:|1769439336
|gametype|singles
|player|p1|driderwebs|170|1603
|player|p2|pepinoloko|byron|1562
|gen|9
|tier|[Gen 9] OU
|rated|
|rule|HP Percentage Mod: HP is shown in percentages
|rule|Endless Battle Clause: Forcing endless battles is banned
|rule|Species Clause: Limit one of each Pokémon
|rule|OHKO Clause: OHKO moves are banned
|rule|Evasion Items Clause: Evasion items are banned
|rule|Evasion Moves Clause: Evasion moves are banned
|rule|Evasion Abilities Clause: Evasion abilities are banned
|rule|Sleep Moves Clause: Sleep-inducing moves are banned
|clearpoke
|poke|p1|Iron Valiant|
|poke|p1|Garganacl, M|
|poke|p1|Moltres|
|poke|p1|Iron Treads|
|poke|p1|Meowscarada, F|
|poke|p1|Araquanid, M|
|poke|p2|Cinderace, F|
|poke|p2|Landorus-Therian, M|
|poke|p2|Conkeldurr, F|
|poke|p2|Toxapex, F|
|poke|p2|Zapdos|
|poke|p2|Grimmsnarl, M|
|teampreview
|
|t:|1769439341
|teamsize|p1|6
|teamsize|p2|6
|start
|switch|p1a: Meowscarada|Meowscarada, F|100/100
|switch|p2a: Quiet Desperation|Toxapex, F, shiny|100/100
|turn|1
|inactive|Battle timer is ON: inactive players will automatically lose when time's up. (requested by pepinoloko)
|
|t:|1769439346
|move|p2a: Quiet Desperation|Baneful Bunker|p2a: Quiet Desperation
|-singleturn|p2a: Quiet Desperation|move: Protect
|move|p1a: Meowscarada|Knock Off|p2a: Quiet Desperation
|-start|p1a: Meowscarada|typechange|Dark|[from] ability: Protean
|-activate|p2a: Quiet Desperation|move: Protect
|-status|p1a: Meowscarada|psn
|
|-damage|p1a: Meowscarada|88/100 psn|[from] psn
|upkeep
|turn|2
|
|t:|1769439348
|move|p1a: Meowscarada|Knock Off|p2a: Quiet Desperation
|-damage|p2a: Quiet Desperation|51/100
|-enditem|p2a: Quiet Desperation|Leftovers|[from] move: Knock Off|[of] p1a: Meowscarada
|move|p2a: Quiet Desperation|Infestation|p1a: Meowscarada
|-supereffective|p1a: Meowscarada
|-damage|p1a: Meowscarada|79/100 psn
|-activate|p1a: Meowscarada|move: Infestation|[of] p2a: Quiet Desperation
|
|-damage|p1a: Meowscarada|67/100 psn|[from] psn
|-damage|p1a: Meowscarada|55/100 psn|[from] move: Infestation|[partiallytrapped]
|upkeep
|turn|3
|
|t:|1769439352
|move|p2a: Quiet Desperation|Baneful Bunker|p2a: Quiet Desperation
|-singleturn|p2a: Quiet Desperation|move: Protect
|move|p1a: Meowscarada|Knock Off|p2a: Quiet Desperation
|-activate|p2a: Quiet Desperation|move: Protect
|
|-damage|p1a: Meowscarada|42/100 psn|[from] psn
|-damage|p1a: Meowscarada|30/100 psn|[from] move: Infestation|[partiallytrapped]
|upkeep
|turn|4
|
|t:|1769439354
|move|p1a: Meowscarada|Knock Off|p2a: Quiet Desperation
|-damage|p2a: Quiet Desperation|18/100
|move|p2a: Quiet Desperation|Recover|p2a: Quiet Desperation
|-heal|p2a: Quiet Desperation|68/100
|
|-damage|p1a: Meowscarada|18/100 psn|[from] psn
|-damage|p1a: Meowscarada|6/100 psn|[from] move: Infestation|[partiallytrapped]
|upkeep
|turn|5
|
|t:|1769439357
|move|p1a: Meowscarada|Knock Off|p2a: Quiet Desperation
|-damage|p2a: Quiet Desperation|34/100
|move|p2a: Quiet Desperation|Recover|p2a: Quiet Desperation
|-heal|p2a: Quiet Desperation|84/100
|
|-damage|p1a: Meowscarada|0 fnt|[from] psn
|faint|p1a: Meowscarada
|upkeep
|
|t:|1769439360
|switch|p1a: Iron Treads|Iron Treads|100/100
|turn|6
|
|t:|1769439370
|move|p1a: Iron Treads|Earthquake|p2a: Quiet Desperation
|-supereffective|p2a: Quiet Desperation
|-damage|p2a: Quiet Desperation|11/100
|move|p2a: Quiet Desperation|Infestation|p1a: Iron Treads
|-resisted|p1a: Iron Treads
|-damage|p1a: Iron Treads|98/100
|-activate|p1a: Iron Treads|move: Infestation|[of] p2a: Quiet Desperation
|
|-damage|p1a: Iron Treads|86/100|[from] move: Infestation|[partiallytrapped]
|upkeep
|turn|7
|
|t:|1769439377
|move|p2a: Quiet Desperation|Baneful Bunker|p2a: Quiet Desperation
|-singleturn|p2a: Quiet Desperation|move: Protect
|move|p1a: Iron Treads|Earthquake|p2a: Quiet Desperation
|-activate|p2a: Quiet Desperation|move: Protect
|
|-damage|p1a: Iron Treads|73/100|[from] move: Infestation|[partiallytrapped]
|upkeep
|turn|8
|
|t:|1769439379
|switch|p2a: return to Him|Zapdos|100/100
|move|p1a: Iron Treads|Earthquake|p2a: return to Him
|-immune|p2a: return to Him
|
|-end|p1a: Iron Treads|Infestation|[partiallytrapped]|[silent]
|upkeep
|turn|9
|
|t:|1769439385
|-end|p1a: Iron Treads|Quark Drive|[silent]
|switch|p1a: Garganacl|Garganacl, M|100/100
|move|p2a: return to Him|U-turn|p1a: Garganacl
|-damage|p1a: Garganacl|94/100
|
|t:|1769439390
|switch|p2a: Love has a name|Grimmsnarl, M|100/100|[from] U-turn
|
|-heal|p1a: Garganacl|99/100|[from] item: Leftovers
|upkeep
|turn|10
|
|t:|1769439394
|move|p2a: Love has a name|Trick|p1a: Garganacl
|-activate|p2a: Love has a name|move: Trick|[of] p1a: Garganacl
|-item|p1a: Garganacl|Choice Scarf|[from] move: Trick
|-item|p2a: Love has a name|Leftovers|[from] move: Trick
|move|p1a: Garganacl|Salt Cure|p2a: Love has a name
|-damage|p2a: Love has a name|88/100
|-start|p2a: Love has a name|Salt Cure
|
|-heal|p2a: Love has a name|94/100|[from] item: Leftovers
|-damage|p2a: Love has a name|82/100|[from] Salt Cure
|upkeep
|turn|11
|
|t:|1769439400
|switch|p1a: Araquanid|Araquanid, M|100/100
|move|p2a: Love has a name|Hammer Arm|p1a: Araquanid
|-resisted|p1a: Araquanid
|-damage|p1a: Araquanid|85/100
|-unboost|p2a: Love has a name|spe|1
|
|-heal|p2a: Love has a name|88/100|[from] item: Leftovers
|-damage|p2a: Love has a name|75/100|[from] Salt Cure
|upkeep
|turn|12
|
|t:|1769439410
|move|p2a: Love has a name|Parting Shot|p1a: Araquanid
|-unboost|p1a: Araquanid|atk|1
|-unboost|p1a: Araquanid|spa|1
|
|t:|1769439412
|switch|p2a: Quiet Desperation|Toxapex, F, shiny|45/100|[from] Parting Shot
|move|p1a: Araquanid|Liquidation|p2a: Quiet Desperation
|-resisted|p2a: Quiet Desperation
|-damage|p2a: Quiet Desperation|30/100
|
|upkeep
|turn|13
|
|t:|1769439421
|switch|p1a: Iron Treads|Iron Treads|73/100
|move|p2a: Quiet Desperation|Recover|p2a: Quiet Desperation
|-heal|p2a: Quiet Desperation|80/100
|
|upkeep
|turn|14
|
|t:|1769439425
|switch|p2a: return to Him|Zapdos|100/100
|move|p1a: Iron Treads|Earthquake|p2a: return to Him
|-immune|p2a: return to Him
|
|upkeep
|turn|15
|
|t:|1769439430
|move|p1a: Iron Treads|Ice Spinner|p2a: return to Him
|-supereffective|p2a: return to Him
|-damage|p2a: return to Him|60/100
|-status|p1a: Iron Treads|par|[from] ability: Static|[of] p2a: return to Him
|move|p2a: return to Him|U-turn|p1a: Iron Treads
|-resisted|p1a: Iron Treads
|-damage|p1a: Iron Treads|67/100 par
|
|t:|1769439434
|switch|p2a: Be free|Conkeldurr, F, shiny|100/100|[from] U-turn
|
|-status|p2a: Be free|brn|[from] item: Flame Orb
|upkeep
|turn|16
|
|t:|1769439439
|-end|p1a: Iron Treads|Quark Drive|[silent]
|switch|p1a: Moltres|Moltres|100/100
|move|p2a: Be free|Mach Punch|p1a: Moltres
|-resisted|p1a: Moltres
|-damage|p1a: Moltres|83/100
|
|-damage|p2a: Be free|95/100 brn|[from] brn
|upkeep
|turn|17
|
|t:|1769439445
|switch|p2a: Quiet Desperation|Toxapex, F, shiny|100/100
|move|p1a: Moltres|Hurricane|p2a: Quiet Desperation|[miss]
|-miss|p1a: Moltres|p2a: Quiet Desperation
|
|upkeep
|turn|18
|
|t:|1769439450
|move|p1a: Moltres|Hurricane|p2a: Quiet Desperation
|-damage|p2a: Quiet Desperation|59/100
|move|p2a: Quiet Desperation|Infestation|p1a: Moltres
|-resisted|p1a: Moltres
|-damage|p1a: Moltres|82/100
|-activate|p1a: Moltres|move: Infestation|[of] p2a: Quiet Desperation
|
|-damage|p1a: Moltres|70/100|[from] move: Infestation|[partiallytrapped]
|upkeep
|turn|19
|
|t:|1769439457
|move|p2a: Quiet Desperation|Baneful Bunker|p2a: Quiet Desperation
|-singleturn|p2a: Quiet Desperation|move: Protect
|move|p1a: Moltres|Hurricane|p2a: Quiet Desperation
|-activate|p2a: Quiet Desperation|move: Protect
|
|-damage|p1a: Moltres|58/100|[from] move: Infestation|[partiallytrapped]
|upkeep
|turn|20
|
|t:|1769439460
|move|p1a: Moltres|Hurricane|p2a: Quiet Desperation
|-damage|p2a: Quiet Desperation|20/100
|move|p2a: Quiet Desperation|Toxic|p1a: Moltres
|-status|p1a: Moltres|tox
|
|-damage|p1a: Moltres|52/100 tox|[from] psn
|-damage|p1a: Moltres|40/100 tox|[from] move: Infestation|[partiallytrapped]
|upkeep
|turn|21
|
|t:|1769439466
|move|p1a: Moltres|Roost|p1a: Moltres
|-heal|p1a: Moltres|90/100 tox
|-singleturn|p1a: Moltres|move: Roost
|move|p2a: Quiet Desperation|Recover|p2a: Quiet Desperation
|-heal|p2a: Quiet Desperation|70/100
|
|-damage|p1a: Moltres|78/100 tox|[from] psn
|-damage|p1a: Moltres|66/100 tox|[from] move: Infestation|[partiallytrapped]
|upkeep
|turn|22
|
|t:|1769439470
|move|p2a: Quiet Desperation|Baneful Bunker|p2a: Quiet Desperation
|-singleturn|p2a: Quiet Desperation|move: Protect
|move|p1a: Moltres|Hurricane|p2a: Quiet Desperation
|-activate|p2a: Quiet Desperation|move: Protect
|
|-damage|p1a: Moltres|47/100 tox|[from] psn
|-end|p1a: Moltres|Infestation|[partiallytrapped]
|upkeep
|turn|23
|
|t:|1769439473
|move|p1a: Moltres|U-turn|p2a: Quiet Desperation
|-resisted|p2a: Quiet Desperation
|-damage|p2a: Quiet Desperation|65/100
|
|t:|1769439478
|switch|p1a: Garganacl|Garganacl, M|99/100|[from] U-turn
|move|p2a: Quiet Desperation|Infestation|p1a: Garganacl
|-damage|p1a: Garganacl|97/100
|-activate|p1a: Garganacl|move: Infestation|[of] p2a: Quiet Desperation
|
|-damage|p1a: Garganacl|85/100|[from] move: Infestation|[partiallytrapped]
|upkeep
|turn|24
|
|t:|1769439483
|move|p2a: Quiet Desperation|Baneful Bunker|p2a: Quiet Desperation
|-singleturn|p2a: Quiet Desperation|move: Protect
|move|p1a: Garganacl|Salt Cure|p2a: Quiet Desperation
|-activate|p2a: Quiet Desperation|move: Protect
|
|-damage|p1a: Garganacl|72/100|[from] move: Infestation|[partiallytrapped]
|upkeep
|turn|25
|
|t:|1769439485
|switch|p2a: Love has a name|Grimmsnarl, M|75/100
|move|p1a: Garganacl|Salt Cure|p2a: Love has a name
|-damage|p2a: Love has a name|62/100
|-start|p2a: Love has a name|Salt Cure
|
|-heal|p2a: Love has a name|68/100|[from] item: Leftovers
|-damage|p2a: Love has a name|56/100|[from] Salt Cure
|-end|p1a: Garganacl|Infestation|[partiallytrapped]|[silent]
|upkeep
|turn|26
|
|t:|1769439490
|switch|p1a: Iron Treads|Iron Treads|67/100 par
|move|p2a: Love has a name|Hammer Arm|p1a: Iron Treads
|-supereffective|p1a: Iron Treads
|-damage|p1a: Iron Treads|9/100 par
|-unboost|p2a: Love has a name|spe|1
|
|-heal|p2a: Love has a name|62/100|[from] item: Leftovers
|-damage|p2a: Love has a name|50/100|[from] Salt Cure
|upkeep
|turn|27
|
|t:|1769439497
|move|p2a: Love has a name|Parting Shot|p1a: Iron Treads
|-unboost|p1a: Iron Treads|atk|1
|-unboost|p1a: Iron Treads|spa|1
|
|t:|1769439499
|switch|p2a: Quiet Desperation|Toxapex, F, shiny|99/100|[from] Parting Shot
|move|p1a: Iron Treads|Iron Head|p2a: Quiet Desperation
|-resisted|p2a: Quiet Desperation
|-damage|p2a: Quiet Desperation|90/100
|
|upkeep
|turn|28
|-message|driderwebs forfeited.
|
|win|pepinoloko
|raw|driderwebs's rating: 1603 &rarr; <strong>1581</strong><br />(-22 for losing)
|raw|pepinoloko's rating: 1562 &rarr; <strong>1584</strong><br />(+22 for winning)
|l|☆driderwebs
|player|p1|
|l|☆pepinoloko
|player|p2|
