|j|☆lirip
|j|☆gleeokhunter
|t:|1769306024
|gametype|singles
|player|p1|lirip|drayden|1447
|player|p2|gleeokhunter|veteran|1382
|gen|9
|tier|[Gen 9] OU
|rated|
|rule|HP Percentage Mod: HP is shown in percentages
|rule|Endless Battle Clause: Forcing endless battles is banned
|rule|Species Clause: Limit one of each Pokémon
|rule|OHKO Clause: OHKO moves are banned
|rule|Evasion Items Clause: Evasion items are banned
|rule|Evasion Moves Clause: Evasion moves are banned
|rule|Evasion Abilities Clause: Evasion abilities are banned
|rule|Sleep Moves Clause: Sleep-inducing moves are banned
|clearpoke
|poke|p1|Walking Wake|
|poke|p1|Samurott-Hisui, M|
|poke|p1|Ceruledge, F|
|poke|p1|Ninetales, M|
|poke|p1|Great Tusk|
|poke|p1|Gholdengo|
|poke|p2|Ogerpon-Wellspring, F|
|poke|p2|Scizor, M|
|poke|p2|Great Tusk|
|poke|p2|Darkrai|
|poke|p2|Skeledirge, F|
|poke|p2|Enamorus, F|
|teampreview
|inactive|Battle timer is ON: inactive players will automatically lose when time's up. (requested by gleeokhunter)
|
|t:|1769306043
|teamsize|p1|6
|teamsize|p2|6
|start
|switch|p1a: Samurott|Samurott-Hisui, M|100/100
|switch|p2a: Enamorus|Enamorus, F|100/100
|turn|1
|
|t:|1769306056
|switch|p1a: Ceruledge|Ceruledge, F|100/100
|move|p2a: Enamorus|Moonblast|p1a: Ceruledge
|-resisted|p1a: Ceruledge
|-damage|p1a: Ceruledge|76/100
|
|upkeep
|turn|2
|
|t:|1769306067
|switch|p2a: Skeledirge|Skeledirge, F|100/100
|move|p1a: Ceruledge|Bitter Blade|p2a: Skeledirge
|-resisted|p2a: Skeledirge
|-damage|p2a: Skeledirge|85/100
|-heal|p1a: Ceruledge|84/100|[from] drain|[of] p2a: Skeledirge
|
|-heal|p2a: Skeledirge|91/100|[from] item: Leftovers
|upkeep
|turn|3
|
|t:|1769306086
|move|p1a: Ceruledge|Poltergeist|p2a: Skeledirge
|-activate|p2a: Skeledirge|move: Poltergeist|Leftovers
|-supereffective|p2a: Skeledirge
|-damage|p2a: Skeledirge|10/100
|move|p2a: Skeledirge|Shadow Ball|p1a: Ceruledge
|-supereffective|p1a: Ceruledge
|-damage|p1a: Ceruledge|42/100
|
|-heal|p2a: Skeledirge|16/100|[from] item: Leftovers
|upkeep
|turn|4
|
|t:|1769306104
|move|p1a: Ceruledge|Shadow Sneak|p2a: Skeledirge
|-supereffective|p2a: Skeledirge
|-damage|p2a: Skeledirge|0 fnt
|faint|p2a: Skeledirge
|
|upkeep
|inactive|gleeokhunter has 120 seconds left.
|
|t:|1769306121
|switch|p2a: Great Tusk|Great Tusk|100/100
|-enditem|p2a: Great Tusk|Booster Energy
|-activate|p2a: Great Tusk|ability: Protosynthesis|[fromitem]
|-start|p2a: Great Tusk|protosynthesisdef
|turn|5
|
|t:|1769306126
|switch|p1a: Walking Wake|Walking Wake|100/100
|move|p2a: Great Tusk|Stealth Rock|p1a: Walking Wake
|-sidestart|p1: lirip|move: Stealth Rock
|
|upkeep
|turn|6
|
|t:|1769306134
|-end|p2a: Great Tusk|Protosynthesis|[silent]
|switch|p2a: Ogerpon|Ogerpon-Wellspring, F|100/100
|move|p1a: Walking Wake|Draco Meteor|p2a: Ogerpon
|-crit|p2a: Ogerpon
|-damage|p2a: Ogerpon|0 fnt
|-unboost|p1a: Walking Wake|spa|2
|faint|p2a: Ogerpon
|
|upkeep
|c|☆lirip|YES
|-message|gleeokhunter forfeited.
|
|win|lirip
|raw|lirip's rating: 1447 &rarr; <strong>1463</strong><br />(+16 for winning)
|raw|gleeokhunter's rating: 1382 &rarr; <strong>1366</strong><br />(-16 for losing)
|l|☆gleeokhunter
|player|p2|
