|j|☆gabb_brn
|j|☆Avv2121
|t:|1769391964
|gametype|singles
|player|p1|gabb_brn|lucas|1222
|player|p2|Avv2121|dragontamer|1189
|gen|9
|tier|[Gen 9] OU
|rated|
|rule|HP Percentage Mod: HP is shown in percentages
|rule|Endless Battle Clause: Forcing endless battles is banned
|rule|Species Clause: Limit one of each Pokémon
|rule|OHKO Clause: OHKO moves are banned
|rule|Evasion Items Clause: Evasion items are banned
|rule|Evasion Moves Clause: Evasion moves are banned
|rule|Evasion Abilities Clause: Evasion abilities are banned
|rule|Sleep Moves Clause: Sleep-inducing moves are banned
|clearpoke
|poke|p1|Manaphy|
|poke|p1|Skeledirge, F|
|poke|p1|Great Tusk|
|poke|p1|Kingambit, F|
|poke|p1|Dragapult, F|
|poke|p1|Slowking-Galar, M|
|poke|p2|Dragapult, F|
|poke|p2|Garganacl, M|
|poke|p2|Persian-Alola, M|
|poke|p2|Sinistcha-Masterpiece|
|poke|p2|Great Tusk|
|poke|p2|Clefable, F|
|teampreview
|inactive|Battle timer is ON: inactive players will automatically lose when time's up. (requested by Avv2121)
|
|t:|1769391971
|teamsize|p1|6
|teamsize|p2|6
|start
|switch|p1a: bombozini guizini|Dragapult, F|100/100
|switch|p2a: Persian|Persian-Alola, M|100/100
|turn|1
|
|t:|1769391976
|move|p1a: bombozini guizini|U-turn|p2a: Persian
|-supereffective|p2a: Persian
|-damage|p2a: Persian|72/100
|
|t:|1769391980
|switch|p1a: lirili larilà|Great Tusk|100/100|[from] U-turn
|move|p2a: Persian|Knock Off|p1a: lirili larilà
|-resisted|p1a: lirili larilà
|-damage|p1a: lirili larilà|95/100
|-enditem|p1a: lirili larilà|Leftovers|[from] move: Knock Off|[of] p2a: Persian
|
|upkeep
|turn|2
|
|t:|1769391987
|move|p2a: Persian|Parting Shot|p1a: lirili larilà
|-unboost|p1a: lirili larilà|atk|1
|-unboost|p1a: lirili larilà|spa|1
|
|t:|1769391999
|switch|p2a: Garganacl|Garganacl, M|100/100|[from] Parting Shot
|move|p1a: lirili larilà|Knock Off|p2a: Garganacl
|-damage|p2a: Garganacl|90/100
|-enditem|p2a: Garganacl|Leftovers|[from] move: Knock Off|[of] p1a: lirili larilà
|
|upkeep
|turn|3
|
|t:|1769392006
|move|p1a: lirili larilà|Stealth Rock|p2a: Garganacl
|-sidestart|p2: Avv2121|move: Stealth Rock
|move|p2a: Garganacl|Salt Cure|p1a: lirili larilà
|-resisted|p1a: lirili larilà
|-damage|p1a: lirili larilà|93/100
|-start|p1a: lirili larilà|Salt Cure
|
|-damage|p1a: lirili larilà|80/100|[from] Salt Cure
|upkeep
|turn|4
|
|t:|1769392018
|move|p1a: lirili larilà|Earthquake|p2a: Garganacl
|-supereffective|p2a: Garganacl
|-damage|p2a: Garganacl|62/100
|move|p2a: Garganacl|Salt Cure|p1a: lirili larilà
|-resisted|p1a: lirili larilà
|-damage|p1a: lirili larilà|78/100
|
|-damage|p1a: lirili larilà|66/100|[from] Salt Cure
|upkeep
|turn|5
|
|t:|1769392044
|-end|p1a: lirili larilà|Protosynthesis|[silent]
|switch|p1a: bombozini guizini|Dragapult, F|100/100
|move|p2a: Garganacl|Recover|p2a: Garganacl
|-heal|p2a: Garganacl|100/100
|
|upkeep
|turn|6
|
|t:|1769392053
|move|p1a: bombozini guizini|Shadow Ball|p2a: Garganacl
|-damage|p2a: Garganacl|76/100
|move|p2a: Garganacl|Salt Cure|p1a: bombozini guizini
|-damage|p1a: bombozini guizini|80/100
|-start|p1a: bombozini guizini|Salt Cure
|
|-damage|p1a: bombozini guizini|68/100|[from] Salt Cure
|upkeep
|turn|7
|
|t:|1769392058
|move|p1a: bombozini guizini|Shadow Ball|p2a: Garganacl
|-damage|p2a: Garganacl|52/100
|move|p2a: Garganacl|Curse|p2a: Garganacl
|-unboost|p2a: Garganacl|spe|1
|-boost|p2a: Garganacl|atk|1
|-boost|p2a: Garganacl|def|1
|
|-damage|p1a: bombozini guizini|56/100|[from] Salt Cure
|upkeep
|turn|8
|
|t:|1769392067
|switch|p1a: bombrdirocrocodlo|Skeledirge, F, shiny|100/100
|move|p2a: Garganacl|Recover|p2a: Garganacl
|-heal|p2a: Garganacl|100/100
|
|upkeep
|turn|9
|
|t:|1769392075
|move|p1a: bombrdirocrocodlo|Torch Song|p2a: Garganacl
|-resisted|p2a: Garganacl
|-damage|p2a: Garganacl|86/100
|-boost|p1a: bombrdirocrocodlo|spa|1
|move|p2a: Garganacl|Salt Cure|p1a: bombrdirocrocodlo
|-supereffective|p1a: bombrdirocrocodlo
|-damage|p1a: bombrdirocrocodlo|84/100
|-start|p1a: bombrdirocrocodlo|Salt Cure
|
|-damage|p1a: bombrdirocrocodlo|72/100|[from] Salt Cure
|upkeep
|turn|10
|
|t:|1769392090
|move|p1a: bombrdirocrocodlo|Torch Song|p2a: Garganacl
|-resisted|p2a: Garganacl
|-damage|p2a: Garganacl|67/100
|-boost|p1a: bombrdirocrocodlo|spa|1
|move|p2a: Garganacl|Salt Cure|p1a: bombrdirocrocodlo
|-supereffective|p1a: bombrdirocrocodlo
|-damage|p1a: bombrdirocrocodlo|55/100
|
|-damage|p1a: bombrdirocrocodlo|42/100|[from] Salt Cure
|upkeep
|turn|11
|
|t:|1769392098
|-terastallize|p1a: bombrdirocrocodlo|Fairy
|move|p2a: Garganacl|Protect|p2a: Garganacl
|-singleturn|p2a: Garganacl|Protect
|move|p1a: bombrdirocrocodlo|Slack Off|p1a: bombrdirocrocodlo
|-heal|p1a: bombrdirocrocodlo|92/100
|
|-damage|p1a: bombrdirocrocodlo|80/100|[from] Salt Cure
|upkeep
|turn|12
|
|t:|1769392107
|-terastallize|p2a: Garganacl|Ghost
|move|p1a: bombrdirocrocodlo|Hex|p2a: Garganacl
|-supereffective|p2a: Garganacl
|-damage|p2a: Garganacl|25/100
|move|p2a: Garganacl|Curse|p1a: bombrdirocrocodlo
|-start|p1a: bombrdirocrocodlo|Curse|[of] p2a: Garganacl
|-damage|p2a: Garganacl|0 fnt
|faint|p2a: Garganacl
|
|-damage|p1a: bombrdirocrocodlo|55/100|[from] Curse
|-damage|p1a: bombrdirocrocodlo|43/100|[from] Salt Cure
|upkeep
|
|t:|1769392118
|switch|p2a: Persian|Persian-Alola, M|72/100
|turn|13
|
|t:|1769392124
|move|p2a: Persian|Thunder Wave|p1a: bombrdirocrocodlo
|-status|p1a: bombrdirocrocodlo|par
|cant|p1a: bombrdirocrocodlo|par
|
|-damage|p1a: bombrdirocrocodlo|18/100 par|[from] Curse
|-damage|p1a: bombrdirocrocodlo|5/100 par|[from] Salt Cure
|upkeep
|turn|14
|
|t:|1769392130
|move|p2a: Persian|Knock Off|p1a: bombrdirocrocodlo
|-resisted|p1a: bombrdirocrocodlo
|-damage|p1a: bombrdirocrocodlo|0 fnt
|-enditem|p1a: bombrdirocrocodlo|Heavy-Duty Boots|[from] move: Knock Off|[of] p2a: Persian
|faint|p1a: bombrdirocrocodlo
|
|upkeep
|
|t:|1769392155
|switch|p1a: bombozini guizini|Dragapult, F|56/100
|turn|15
|
|t:|1769392165
|move|p1a: bombozini guizini|U-turn|p2a: Persian
|-supereffective|p2a: Persian
|-damage|p2a: Persian|46/100
|
|t:|1769392170
|switch|p1a: lirili larilà|Great Tusk|66/100|[from] U-turn
|move|p2a: Persian|Foul Play|p1a: lirili larilà
|-resisted|p1a: lirili larilà
|-damage|p1a: lirili larilà|54/100
|
|upkeep
|turn|16
|
|t:|1769392181
|move|p2a: Persian|Parting Shot|p1a: lirili larilà
|-unboost|p1a: lirili larilà|atk|1
|-unboost|p1a: lirili larilà|spa|1
|
|t:|1769392188
|switch|p2a: Sinistcha|Sinistcha-Masterpiece|100/100|[from] Parting Shot
|move|p1a: lirili larilà|Rapid Spin|p2a: Sinistcha
|-immune|p2a: Sinistcha
|
|upkeep
|turn|17
|
|t:|1769392195
|move|p1a: lirili larilà|Knock Off|p2a: Sinistcha
|-supereffective|p2a: Sinistcha
|-damage|p2a: Sinistcha|73/100
|-enditem|p2a: Sinistcha|Heavy-Duty Boots|[from] move: Knock Off|[of] p1a: lirili larilà
|move|p2a: Sinistcha|Calm Mind|p2a: Sinistcha
|-boost|p2a: Sinistcha|spa|1
|-boost|p2a: Sinistcha|spd|1
|
|upkeep
|turn|18
|
|t:|1769392212
|move|p1a: lirili larilà|Earthquake|p2a: Sinistcha
|-resisted|p2a: Sinistcha
|-damage|p2a: Sinistcha|62/100
|move|p2a: Sinistcha|Matcha Gotcha|p1a: lirili larilà
|-supereffective|p1a: lirili larilà
|-damage|p1a: lirili larilà|0 fnt
|-heal|p2a: Sinistcha|96/100|[from] drain|[of] p1a: lirili larilà
|faint|p1a: lirili larilà
|-end|p1a: lirili larilà|Protosynthesis|[silent]
|
|upkeep
|
|t:|1769392224
|switch|p1a: bombozini guizini|Dragapult, F|56/100
|turn|19
|
|t:|1769392230
|move|p1a: bombozini guizini|Shadow Ball|p2a: Sinistcha
|-supereffective|p2a: Sinistcha
|-damage|p2a: Sinistcha|20/100
|move|p2a: Sinistcha|Strength Sap|p1a: bombozini guizini
|-unboost|p1a: bombozini guizini|atk|1
|-heal|p2a: Sinistcha|92/100
|
|upkeep
|turn|20
|
|t:|1769392241
|move|p1a: bombozini guizini|Shadow Ball|p2a: Sinistcha
|-supereffective|p2a: Sinistcha
|-damage|p2a: Sinistcha|10/100
|move|p2a: Sinistcha|Hex|p1a: bombozini guizini
|-supereffective|p1a: bombozini guizini
|-damage|p1a: bombozini guizini|0 fnt
|faint|p1a: bombozini guizini
|
|upkeep
|
|t:|1769392252
|switch|p1a: trippy troppy|Manaphy|100/100
|turn|21
|
|t:|1769392255
|move|p1a: trippy troppy|Scald|p2a: Sinistcha
|-resisted|p2a: Sinistcha
|-damage|p2a: Sinistcha|0 fnt
|faint|p2a: Sinistcha
|
|upkeep
|
|t:|1769392258
|switch|p2a: Persian|Persian-Alola, M|46/100
|turn|22
|
|t:|1769392267
|move|p2a: Persian|Knock Off|p1a: trippy troppy
|-damage|p1a: trippy troppy|82/100
|-enditem|p1a: trippy troppy|Leftovers|[from] move: Knock Off|[of] p2a: Persian
|move|p1a: trippy troppy|Acid Armor|p1a: trippy troppy
|-boost|p1a: trippy troppy|def|2
|
|upkeep
|turn|23
|
|t:|1769392273
|move|p2a: Persian|Thunder Wave|p1a: trippy troppy
|-status|p1a: trippy troppy|par
|cant|p1a: trippy troppy|par
|
|upkeep
|turn|24
|
|t:|1769392278
|move|p2a: Persian|Parting Shot|p1a: trippy troppy
|-unboost|p1a: trippy troppy|atk|1
|-unboost|p1a: trippy troppy|spa|1
|
|t:|1769392283
|switch|p2a: Clefable|Clefable, F|100/100|[from] Parting Shot
|move|p1a: trippy troppy|Take Heart|p1a: trippy troppy
|-boost|p1a: trippy troppy|spa|1
|-boost|p1a: trippy troppy|spd|1
|-curestatus|p1a: trippy troppy|par|[msg]
|
|upkeep
|turn|25
|
|t:|1769392290
|move|p1a: trippy troppy|Scald|p2a: Clefable
|-damage|p2a: Clefable|71/100
|move|p2a: Clefable|Calm Mind|p2a: Clefable
|-boost|p2a: Clefable|spa|1
|-boost|p2a: Clefable|spd|1
|
|upkeep
|turn|26
|
|t:|1769392296
|move|p1a: trippy troppy|Take Heart|p1a: trippy troppy
|-boost|p1a: trippy troppy|spa|1
|-boost|p1a: trippy troppy|spd|1
|move|p2a: Clefable|Thunderbolt|p1a: trippy troppy
|-supereffective|p1a: trippy troppy
|-damage|p1a: trippy troppy|37/100
|
|upkeep
|turn|27
|
|t:|1769392304
|move|p1a: trippy troppy|Scald|p2a: Clefable
|-damage|p2a: Clefable|45/100
|move|p2a: Clefable|Thunderbolt|p1a: trippy troppy
|-supereffective|p1a: trippy troppy
|-damage|p1a: trippy troppy|0 fnt
|faint|p1a: trippy troppy
|
|upkeep
|
|t:|1769392311
|switch|p1a: saturna saturnita|Slowking-Galar, M|100/100
|turn|28
|
|t:|1769392315
|move|p2a: Clefable|Moonblast|p1a: saturna saturnita
|-resisted|p1a: saturna saturnita
|-damage|p1a: saturna saturnita|73/100
|move|p1a: saturna saturnita|Sludge Bomb|p2a: Clefable
|-supereffective|p2a: Clefable
|-damage|p2a: Clefable|5/100
|
|upkeep
|turn|29
|
|t:|1769392326
|move|p2a: Clefable|Moonblast|p1a: saturna saturnita
|-resisted|p1a: saturna saturnita
|-damage|p1a: saturna saturnita|47/100
|move|p1a: saturna saturnita|Sludge Bomb|p2a: Clefable
|-supereffective|p2a: Clefable
|-damage|p2a: Clefable|0 fnt
|faint|p2a: Clefable
|
|upkeep
|
|t:|1769392329
|switch|p2a: Persian|Persian-Alola, M|46/100
|turn|30
|
|t:|1769392341
|move|p2a: Persian|Thunder Wave|p1a: saturna saturnita
|-status|p1a: saturna saturnita|par
|-prepare|p1a: saturna saturnita|Chilly Reception|[premajor]
|move|p1a: saturna saturnita|Chilly Reception|p1a: saturna saturnita
|-weather|Snowscape
|
|t:|1769392347
|switch|p1a: tungtungtung|Kingambit, F|100/100|[from] Chilly Reception
|-activate|p1a: tungtungtung|ability: Supreme Overlord
|-start|p1a: tungtungtung|fallen4|[silent]
|
|-weather|Snowscape|[upkeep]
|upkeep
|turn|31
|
|t:|1769392354
|move|p2a: Persian|Thunder Wave|p1a: tungtungtung
|-status|p1a: tungtungtung|par
|cant|p1a: tungtungtung|par
|
|-weather|Snowscape|[upkeep]
|upkeep
|turn|32
|
|t:|1769392362
|move|p2a: Persian|Foul Play|p1a: tungtungtung
|-resisted|p1a: tungtungtung
|-damage|p1a: tungtungtung|80/100 par
|move|p1a: tungtungtung|Swords Dance|p1a: tungtungtung
|-boost|p1a: tungtungtung|atk|2
|
|-weather|Snowscape|[upkeep]
|upkeep
|turn|33
|
|t:|1769392370
|move|p2a: Persian|Parting Shot|p1a: tungtungtung
|-unboost|p1a: tungtungtung|atk|1
|-unboost|p1a: tungtungtung|spa|1
|
|t:|1769392372
|switch|p2a: Dragapult|Dragapult, F|100/100|[from] Parting Shot
|move|p1a: tungtungtung|Kowtow Cleave|p2a: Dragapult
|-supereffective|p2a: Dragapult
|-crit|p2a: Dragapult
|-damage|p2a: Dragapult|0 fnt
|faint|p2a: Dragapult
|
|-weather|Snowscape|[upkeep]
|upkeep
|
|t:|1769392374
|switch|p2a: Great Tusk|Great Tusk|100/100
|-damage|p2a: Great Tusk|98/100|[from] Stealth Rock
|-enditem|p2a: Great Tusk|Booster Energy
|-activate|p2a: Great Tusk|ability: Protosynthesis|[fromitem]
|-start|p2a: Great Tusk|protosynthesisatk
|turn|34
|
|t:|1769392387
|move|p1a: tungtungtung|Sucker Punch|p2a: Great Tusk
|-resisted|p2a: Great Tusk
|-damage|p2a: Great Tusk|63/100
|move|p2a: Great Tusk|Headlong Rush|p1a: tungtungtung
|-supereffective|p1a: tungtungtung
|-damage|p1a: tungtungtung|0 fnt
|-unboost|p2a: Great Tusk|def|1
|-unboost|p2a: Great Tusk|spd|1
|faint|p1a: tungtungtung
|-end|p1a: tungtungtung|fallen4|[silent]
|
|-weather|none
|upkeep
|
|t:|1769392396
|switch|p1a: saturna saturnita|Slowking-Galar, M|80/100 par
|turn|35
|
|t:|1769392403
|move|p2a: Great Tusk|Headlong Rush|p1a: saturna saturnita
|-supereffective|p1a: saturna saturnita
|-damage|p1a: saturna saturnita|0 fnt
|-unboost|p2a: Great Tusk|def|1
|-unboost|p2a: Great Tusk|spd|1
|faint|p1a: saturna saturnita
|
|win|Avv2121
|raw|gabb_brn's rating: 1222 &rarr; <strong>1195</strong><br />(-27 for losing)
|raw|Avv2121's rating: 1189 &rarr; <strong>1216</strong><br />(+27 for winning)
|l|☆gabb_brn
|player|p1|
|l|☆Avv2121
|player|p2|
