|j|☆Goblin Demolisher
|j|☆raviolikid
|t:|1769372702
|gametype|singles
|player|p1|Goblin Demolisher|cheryl|1628
|player|p2|raviolikid|zinnia|1742
|gen|9
|tier|[Gen 9] OU
|rated|
|rule|HP Percentage Mod: HP is shown in percentages
|rule|Endless Battle Clause: Forcing endless battles is banned
|rule|Species Clause: Limit one of each Pokémon
|rule|OHKO Clause: OHKO moves are banned
|rule|Evasion Items Clause: Evasion items are banned
|rule|Evasion Moves Clause: Evasion moves are banned
|rule|Evasion Abilities Clause: Evasion abilities are banned
|rule|Sleep Moves Clause: Sleep-inducing moves are banned
|clearpoke
|poke|p1|Wo-Chien|
|poke|p1|Ting-Lu|
|poke|p1|Alomomola, F|
|poke|p1|Moltres|
|poke|p1|Dragapult, M|
|poke|p1|Zamazenta-*|
|poke|p2|Pecharunt|
|poke|p2|Kingambit, F|
|poke|p2|Volcanion|
|poke|p2|Iron Valiant|
|poke|p2|Landorus-Therian, M|
|poke|p2|Deoxys-Speed|
|teampreview
|inactive|Battle timer is ON: inactive players will automatically lose when time's up. (requested by raviolikid)
|
|t:|1769372730
|teamsize|p1|6
|teamsize|p2|6
|start
|switch|p1a: Ting-Lu|Ting-Lu|100/100
|switch|p2a: Deoxys|Deoxys-Speed|100/100
|-ability|p2a: Deoxys|Pressure
|-ability|p1a: Ting-Lu|Vessel of Ruin
|turn|1
|
|t:|1769372737
|move|p2a: Deoxys|Spikes|p1a: Ting-Lu
|-sidestart|p1: Goblin Demolisher|Spikes
|move|p1a: Ting-Lu|Earthquake|p2a: Deoxys
|-crit|p2a: Deoxys
|-damage|p2a: Deoxys|13/100
|
|upkeep
|turn|2
|
|t:|1769372742
|move|p2a: Deoxys|Superpower|p1a: Ting-Lu
|-supereffective|p1a: Ting-Lu
|-damage|p1a: Ting-Lu|68/100
|-unboost|p2a: Deoxys|atk|1
|-unboost|p2a: Deoxys|def|1
|-enditem|p2a: Deoxys|Eject Pack
|
|t:|1769372745
|switch|p2a: Landorus|Landorus-Therian, M|100/100
|-ability|p2a: Landorus|Intimidate|boost
|-unboost|p1a: Ting-Lu|atk|1
|move|p1a: Ting-Lu|Stealth Rock|p2a: Landorus
|-sidestart|p2: raviolikid|move: Stealth Rock
|
|-heal|p1a: Ting-Lu|74/100|[from] item: Leftovers
|upkeep
|turn|3
|
|t:|1769372752
|move|p2a: Landorus|Stealth Rock|p1a: Ting-Lu
|-sidestart|p1: Goblin Demolisher|move: Stealth Rock
|move|p1a: Ting-Lu|Spikes|p2a: Landorus
|-sidestart|p2: raviolikid|Spikes
|
|-heal|p1a: Ting-Lu|80/100|[from] item: Leftovers
|upkeep
|turn|4
|
|t:|1769372755
|switch|p1a: Moltres|Moltres|100/100
|move|p2a: Landorus|Taunt|p1a: Moltres
|-start|p1a: Moltres|move: Taunt
|
|upkeep
|turn|5
|
|t:|1769372765
|switch|p2a: Deoxys|Deoxys-Speed|13/100
|-damage|p2a: Deoxys|1/100|[from] Stealth Rock
|-damage|p2a: Deoxys|0 fnt|[from] Spikes
|faint|p2a: Deoxys
|switch|p1a: Alomomola|Alomomola, F|100/100
|
|upkeep
|
|t:|1769372782
|switch|p2a: Pecharunt|Pecharunt|100/100
|turn|6
|
|t:|1769372791
|move|p2a: Pecharunt|Nasty Plot|p2a: Pecharunt
|-boost|p2a: Pecharunt|spa|2
|move|p1a: Alomomola|Flip Turn|p2a: Pecharunt
|-damage|p2a: Pecharunt|89/100
|
|t:|1769372802
|switch|p1a: Ting-Lu|Ting-Lu|80/100|[from] Flip Turn
|-damage|p1a: Ting-Lu|68/100|[from] Spikes
|-damage|p1a: Ting-Lu|62/100|[from] Stealth Rock
|-ability|p1a: Ting-Lu|Vessel of Ruin
|
|-heal|p1a: Ting-Lu|68/100|[from] item: Leftovers
|upkeep
|turn|7
|
|t:|1769372809
|move|p2a: Pecharunt|Malignant Chain|p1a: Ting-Lu
|-resisted|p1a: Ting-Lu
|-damage|p1a: Ting-Lu|54/100
|-status|p1a: Ting-Lu|tox
|-start|p1a: Ting-Lu|confusion|[from] ability: Poison Puppeteer|[of] p2a: Pecharunt
|-activate|p1a: Ting-Lu|confusion
|move|p1a: Ting-Lu|Earthquake|p2a: Pecharunt
|-supereffective|p2a: Pecharunt
|-damage|p2a: Pecharunt|41/100
|
|-heal|p1a: Ting-Lu|60/100 tox|[from] item: Leftovers
|-damage|p1a: Ting-Lu|54/100 tox|[from] psn
|upkeep
|turn|8
|
|t:|1769372818
|move|p2a: Pecharunt|Recover|p2a: Pecharunt
|-heal|p2a: Pecharunt|92/100
|-activate|p1a: Ting-Lu|confusion
|move|p1a: Ting-Lu|Whirlwind|p2a: Pecharunt
|drag|p2a: Iron Valiant|Iron Valiant|100/100
|-damage|p2a: Iron Valiant|94/100|[from] Stealth Rock
|-damage|p2a: Iron Valiant|82/100|[from] Spikes
|-enditem|p2a: Iron Valiant|Booster Energy
|-activate|p2a: Iron Valiant|ability: Quark Drive|[fromitem]
|-start|p2a: Iron Valiant|quarkdrivespe
|
|-heal|p1a: Ting-Lu|60/100 tox|[from] item: Leftovers
|-damage|p1a: Ting-Lu|48/100 tox|[from] psn
|upkeep
|turn|9
|
|t:|1769372828
|switch|p1a: Moltres|Moltres|100/100
|move|p2a: Iron Valiant|Close Combat|p1a: Moltres
|-resisted|p1a: Moltres
|-damage|p1a: Moltres|74/100
|-unboost|p2a: Iron Valiant|def|1
|-unboost|p2a: Iron Valiant|spd|1
|
|upkeep
|turn|10
|
|t:|1769372835
|move|p2a: Iron Valiant|Knock Off|p1a: Moltres
|-damage|p1a: Moltres|46/100
|-enditem|p1a: Moltres|Heavy-Duty Boots|[from] move: Knock Off|[of] p2a: Iron Valiant
|move|p1a: Moltres|Flamethrower|p2a: Iron Valiant
|-damage|p2a: Iron Valiant|0 fnt
|faint|p2a: Iron Valiant
|-end|p2a: Iron Valiant|Quark Drive|[silent]
|
|upkeep
|
|t:|1769372844
|switch|p2a: Volcanion|Volcanion|100/100
|-damage|p2a: Volcanion|76/100|[from] Stealth Rock
|-damage|p2a: Volcanion|63/100|[from] Spikes
|turn|11
|
|t:|1769372858
|move|p2a: Volcanion|Steam Eruption|p1a: Moltres
|-supereffective|p1a: Moltres
|-damage|p1a: Moltres|0 fnt
|faint|p1a: Moltres
|
|-heal|p2a: Volcanion|69/100|[from] item: Leftovers
|upkeep
|inactive|Goblin Demolisher has 120 seconds left.
|
|t:|1769372887
|switch|p1a: Wo-Chien|Wo-Chien, shiny|100/100
|-damage|p1a: Wo-Chien|88/100|[from] Spikes
|-damage|p1a: Wo-Chien|76/100|[from] Stealth Rock
|-ability|p1a: Wo-Chien|Tablets of Ruin
|turn|12
|
|t:|1769372895
|move|p2a: Volcanion|Flamethrower|p1a: Wo-Chien
|-supereffective|p1a: Wo-Chien
|-damage|p1a: Wo-Chien|34/100
|move|p1a: Wo-Chien|Knock Off|p2a: Volcanion
|-damage|p2a: Volcanion|46/100
|-enditem|p2a: Volcanion|Leftovers|[from] move: Knock Off|[of] p1a: Wo-Chien
|
|upkeep
|turn|13
|inactive|Goblin Demolisher has 120 seconds left.
|
|t:|1769372925
|-terastallize|p1a: Wo-Chien|Ghost
|move|p2a: Volcanion|Flamethrower|p1a: Wo-Chien
|-crit|p1a: Wo-Chien
|-damage|p1a: Wo-Chien|3/100
|move|p1a: Wo-Chien|Leaf Storm|p2a: Volcanion
|-damage|p2a: Volcanion|0 fnt
|-unboost|p1a: Wo-Chien|spa|2
|faint|p2a: Volcanion
|
|upkeep
|
|t:|1769372948
|switch|p2a: Kingambit|Kingambit, F|100/100
|-damage|p2a: Kingambit|94/100|[from] Stealth Rock
|-damage|p2a: Kingambit|82/100|[from] Spikes
|-activate|p2a: Kingambit|ability: Supreme Overlord
|-start|p2a: Kingambit|fallen3|[silent]
|turn|14
|inactive|Goblin Demolisher has 120 seconds left.
|
|t:|1769372954
|move|p2a: Kingambit|Swords Dance|p2a: Kingambit
|-boost|p2a: Kingambit|atk|2
|move|p1a: Wo-Chien|Foul Play|p2a: Kingambit
|-resisted|p2a: Kingambit
|-damage|p2a: Kingambit|42/100
|
|-heal|p2a: Kingambit|48/100|[from] item: Leftovers
|upkeep
|turn|15
|
|t:|1769372959
|move|p2a: Kingambit|Iron Head|p1a: Wo-Chien
|-damage|p1a: Wo-Chien|0 fnt
|faint|p1a: Wo-Chien
|
|-heal|p2a: Kingambit|55/100|[from] item: Leftovers
|upkeep
|
|t:|1769372972
|switch|p1a: Zamazenta|Zamazenta|100/100
|-ability|p1a: Zamazenta|Dauntless Shield|boost
|-boost|p1a: Zamazenta|def|1
|turn|16
|
|t:|1769372977
|-terastallize|p2a: Kingambit|Fighting
|move|p1a: Zamazenta|Iron Defense|p1a: Zamazenta
|-boost|p1a: Zamazenta|def|2
|move|p2a: Kingambit|Low Kick|p1a: Zamazenta
|-damage|p1a: Zamazenta|55/100
|
|-heal|p2a: Kingambit|61/100|[from] item: Leftovers
|upkeep
|turn|17
|
|t:|1769372981
|-end|p2a: Kingambit|fallen3|[silent]
|switch|p2a: Pecharunt|Pecharunt|92/100
|move|p1a: Zamazenta|Body Press|p2a: Pecharunt
|-immune|p2a: Pecharunt
|
|upkeep
|turn|18
|
|t:|1769372990
|switch|p1a: Alomomola|Alomomola, F|100/100
|move|p2a: Pecharunt|Nasty Plot|p2a: Pecharunt
|-boost|p2a: Pecharunt|spa|2
|
|upkeep
|turn|19
|
|t:|1769372997
|move|p2a: Pecharunt|Malignant Chain|p1a: Alomomola
|-damage|p1a: Alomomola|34/100
|-status|p1a: Alomomola|tox
|-start|p1a: Alomomola|confusion|[from] ability: Poison Puppeteer|[of] p2a: Pecharunt
|-activate|p1a: Alomomola|confusion
|move|p1a: Alomomola|Wish|p1a: Alomomola
|
|-damage|p1a: Alomomola|28/100 tox|[from] psn
|upkeep
|turn|20
|
|t:|1769373011
|switch|p1a: Ting-Lu|Ting-Lu|48/100 tox
|-damage|p1a: Ting-Lu|35/100 tox|[from] Spikes
|-damage|p1a: Ting-Lu|29/100 tox|[from] Stealth Rock
|-ability|p1a: Ting-Lu|Vessel of Ruin
|move|p2a: Pecharunt|Shadow Ball|p1a: Ting-Lu
|-resisted|p1a: Ting-Lu
|-damage|p1a: Ting-Lu|16/100 tox
|-unboost|p1a: Ting-Lu|spd|1
|
|-heal|p1a: Ting-Lu|62/100 tox|[from] move: Wish|[wisher] Alomomola
|-heal|p1a: Ting-Lu|68/100 tox|[from] item: Leftovers
|-damage|p1a: Ting-Lu|62/100 tox|[from] psn
|upkeep
|turn|21
|
|t:|1769373023
|move|p2a: Pecharunt|Malignant Chain|p1a: Ting-Lu
|-resisted|p1a: Ting-Lu
|-damage|p1a: Ting-Lu|38/100 tox
|move|p1a: Ting-Lu|Earthquake|p2a: Pecharunt
|-supereffective|p2a: Pecharunt
|-damage|p2a: Pecharunt|42/100
|
|-heal|p1a: Ting-Lu|44/100 tox|[from] item: Leftovers
|-damage|p1a: Ting-Lu|31/100 tox|[from] psn
|upkeep
|turn|22
|
|t:|1769373025
|move|p2a: Pecharunt|Recover|p2a: Pecharunt
|-heal|p2a: Pecharunt|92/100
|move|p1a: Ting-Lu|Earthquake|p2a: Pecharunt
|-supereffective|p2a: Pecharunt
|-damage|p2a: Pecharunt|44/100
|
|-heal|p1a: Ting-Lu|38/100 tox|[from] item: Leftovers
|-damage|p1a: Ting-Lu|19/100 tox|[from] psn
|upkeep
|turn|23
|
|t:|1769373033
|move|p2a: Pecharunt|Recover|p2a: Pecharunt
|-heal|p2a: Pecharunt|94/100
|move|p1a: Ting-Lu|Earthquake|p2a: Pecharunt
|-supereffective|p2a: Pecharunt
|-damage|p2a: Pecharunt|42/100
|
|-heal|p1a: Ting-Lu|25/100 tox|[from] item: Leftovers
|-damage|p1a: Ting-Lu|0 fnt|[from] psn
|faint|p1a: Ting-Lu
|upkeep
|
|t:|1769373037
|switch|p1a: Dragapult|Dragapult, M|100/100
|turn|24
|
|t:|1769373042
|switch|p2a: Landorus|Landorus-Therian, M|100/100
|-damage|p2a: Landorus|88/100|[from] Stealth Rock
|-ability|p2a: Landorus|Intimidate|boost
|-unboost|p1a: Dragapult|atk|1
|move|p1a: Dragapult|Hex|p2a: Landorus
|-damage|p2a: Landorus|63/100
|
|upkeep
|turn|25
|
|t:|1769373047
|move|p1a: Dragapult|Will-O-Wisp|p2a: Landorus
|-status|p2a: Landorus|brn
|move|p2a: Landorus|Earthquake|p1a: Dragapult
|-crit|p1a: Dragapult
|-damage|p1a: Dragapult|50/100
|
|-damage|p2a: Landorus|57/100 brn|[from] brn
|upkeep
|turn|26
|
|t:|1769373061
|move|p1a: Dragapult|Hex|p2a: Landorus
|-damage|p2a: Landorus|6/100 brn
|move|p2a: Landorus|Earthquake|p1a: Dragapult
|-damage|p1a: Dragapult|16/100
|
|-damage|p2a: Landorus|0 fnt|[from] brn
|faint|p2a: Landorus
|upkeep
|
|t:|1769373077
|switch|p2a: Kingambit|Kingambit, F, tera:Fighting|61/100
|-damage|p2a: Kingambit|55/100|[from] Stealth Rock
|-damage|p2a: Kingambit|42/100|[from] Spikes
|-activate|p2a: Kingambit|ability: Supreme Overlord
|-start|p2a: Kingambit|fallen4|[silent]
|turn|27
|
|t:|1769373085
|switch|p1a: Alomomola|Alomomola, F|62/100 tox
|move|p2a: Kingambit|Iron Head|p1a: Alomomola
|-resisted|p1a: Alomomola
|-damage|p1a: Alomomola|45/100 tox
|
|-heal|p2a: Kingambit|48/100|[from] item: Leftovers
|-damage|p1a: Alomomola|39/100 tox|[from] psn
|upkeep
|turn|28
|
|t:|1769373093
|move|p2a: Kingambit|Swords Dance|p2a: Kingambit
|-boost|p2a: Kingambit|atk|2
|move|p1a: Alomomola|Flip Turn|p2a: Kingambit
|-damage|p2a: Kingambit|35/100
|
|t:|1769373095
|switch|p1a: Zamazenta|Zamazenta|55/100|[from] Flip Turn
|
|-heal|p2a: Kingambit|41/100|[from] item: Leftovers
|upkeep
|turn|29
|
|t:|1769373101
|move|p2a: Kingambit|Sucker Punch|p1a: Zamazenta
|-resisted|p1a: Zamazenta
|-damage|p1a: Zamazenta|14/100
|move|p1a: Zamazenta|Body Press|p2a: Kingambit
|-damage|p2a: Kingambit|12/100
|
|-heal|p2a: Kingambit|19/100|[from] item: Leftovers
|upkeep
|turn|30
|
|t:|1769373106
|move|p2a: Kingambit|Sucker Punch||[still]
|-fail|p2a: Kingambit
|move|p1a: Zamazenta|Iron Defense|p1a: Zamazenta
|-boost|p1a: Zamazenta|def|2
|
|-heal|p2a: Kingambit|25/100|[from] item: Leftovers
|upkeep
|turn|31
|
|t:|1769373117
|move|p2a: Kingambit|Sucker Punch|p1a: Zamazenta
|-resisted|p1a: Zamazenta
|-damage|p1a: Zamazenta|0 fnt
|faint|p1a: Zamazenta
|
|-heal|p2a: Kingambit|31/100|[from] item: Leftovers
|upkeep
|
|t:|1769373125
|switch|p1a: Dragapult|Dragapult, M|16/100
|turn|32
|
|t:|1769373135
|move|p2a: Kingambit|Sucker Punch||[still]
|-fail|p2a: Kingambit
|move|p1a: Dragapult|Will-O-Wisp|p2a: Kingambit
|-status|p2a: Kingambit|brn
|
|-heal|p2a: Kingambit|37/100 brn|[from] item: Leftovers
|-damage|p2a: Kingambit|31/100 brn|[from] brn
|upkeep
|turn|33
|
|t:|1769373141
|switch|p1a: Alomomola|Alomomola, F|72/100 tox
|move|p2a: Kingambit|Iron Head|p1a: Alomomola
|-resisted|p1a: Alomomola
|-damage|p1a: Alomomola|55/100 tox
|
|-heal|p2a: Kingambit|37/100 brn|[from] item: Leftovers
|-damage|p1a: Alomomola|48/100 tox|[from] psn
|-damage|p2a: Kingambit|31/100 brn|[from] brn
|upkeep
|turn|34
|
|t:|1769373150
|move|p2a: Kingambit|Low Kick|p1a: Alomomola
|-damage|p1a: Alomomola|19/100 tox
|move|p1a: Alomomola|Body Slam|p2a: Kingambit
|-damage|p2a: Kingambit|17/100 brn
|
|-heal|p2a: Kingambit|24/100 brn|[from] item: Leftovers
|-damage|p1a: Alomomola|7/100 tox|[from] psn
|-damage|p2a: Kingambit|17/100 brn|[from] brn
|upkeep
|turn|35
|
|t:|1769373159
|move|p2a: Kingambit|Iron Head|p1a: Alomomola
|-resisted|p1a: Alomomola
|-damage|p1a: Alomomola|0 fnt
|faint|p1a: Alomomola
|
|-heal|p2a: Kingambit|24/100 brn|[from] item: Leftovers
|-damage|p2a: Kingambit|17/100 brn|[from] brn
|upkeep
|
|t:|1769373161
|switch|p1a: Dragapult|Dragapult, M|16/100
|turn|36
|
|t:|1769373172
|move|p2a: Kingambit|Sucker Punch||[still]
|-fail|p2a: Kingambit
|move|p1a: Dragapult|Will-O-Wisp|p2a: Kingambit
|-fail|p2a: Kingambit|brn
|
|-heal|p2a: Kingambit|24/100 brn|[from] item: Leftovers
|-damage|p2a: Kingambit|17/100 brn|[from] brn
|upkeep
|turn|37
|
|t:|1769373175
|move|p1a: Dragapult|Will-O-Wisp|p2a: Kingambit
|-fail|p2a: Kingambit|brn
|move|p2a: Kingambit|Iron Head|p1a: Dragapult
|-damage|p1a: Dragapult|0 fnt
|faint|p1a: Dragapult
|
|win|raviolikid
|raw|Goblin Demolisher's rating: 1628 &rarr; <strong>1614</strong><br />(-14 for losing)
|raw|raviolikid's rating: 1742 &rarr; <strong>1756</strong><br />(+14 for winning)
