|j|☆Incognito260
|j|☆raleighk
|t:|1769342706
|gametype|singles
|player|p1|Incognito260|hilbert|1503
|player|p2|raleighk|102|1470
|gen|9
|tier|[Gen 9] OU
|rated|
|rule|HP Percentage Mod: HP is shown in percentages
|rule|Endless Battle Clause: Forcing endless battles is banned
|rule|Species Clause: Limit one of each Pokémon
|rule|OHKO Clause: OHKO moves are banned
|rule|Evasion Items Clause: Evasion items are banned
|rule|Evasion Moves Clause: Evasion moves are banned
|rule|Evasion Abilities Clause: Evasion abilities are banned
|rule|Sleep Moves Clause: Sleep-inducing moves are banned
|clearpoke
|poke|p1|Iron Hands|
|poke|p1|Kingambit, M|
|poke|p1|Primarina, F|
|poke|p1|Enamorus-Therian, F|
|poke|p1|Zamazenta-*|
|poke|p1|Rillaboom, M|
|poke|p2|Dragonite, F|
|poke|p2|Gyarados, M|
|poke|p2|Zapdos|
|poke|p2|Hatterene, F|
|poke|p2|Zamazenta-*|
|poke|p2|Espeon, F|
|teampreview
|inactive|Battle timer is ON: inactive players will automatically lose when time's up. (requested by Incognito260)
|
|t:|1769342711
|teamsize|p1|6
|teamsize|p2|6
|start
|switch|p1a: Rillaboom|Rillaboom, M|100/100
|switch|p2a: Espeon|Espeon, F|100/100
|-fieldstart|move: Grassy Terrain|[from] ability: Grassy Surge|[of] p1a: Rillaboom
|turn|1
|
|t:|1769342717
|move|p2a: Espeon|Thunder Wave|p1a: Rillaboom
|-status|p1a: Rillaboom|par
|move|p1a: Rillaboom|Swords Dance|p1a: Rillaboom
|-boost|p1a: Rillaboom|atk|2
|
|upkeep
|turn|2
|
|t:|1769342723
|move|p1a: Rillaboom|Grassy Glide|p2a: Espeon
|-enditem|p2a: Espeon|Focus Sash
|-damage|p2a: Espeon|1/100
|-damage|p1a: Rillaboom|91/100 par|[from] item: Life Orb
|move|p2a: Espeon|Psychic|p1a: Rillaboom
|-damage|p1a: Rillaboom|23/100 par
|
|-heal|p2a: Espeon|7/100|[from] Grassy Terrain
|-heal|p1a: Rillaboom|30/100 par|[from] Grassy Terrain
|upkeep
|turn|3
|
|t:|1769342732
|cant|p1a: Rillaboom|par
|move|p2a: Espeon|Psychic|p1a: Rillaboom
|-damage|p1a: Rillaboom|0 fnt
|faint|p1a: Rillaboom
|
|-heal|p2a: Espeon|13/100|[from] Grassy Terrain
|upkeep
|
|t:|1769342738
|switch|p1a: Zamazenta|Zamazenta|100/100
|-ability|p1a: Zamazenta|Dauntless Shield|boost
|-boost|p1a: Zamazenta|def|1
|turn|4
|
|t:|1769342743
|move|p1a: Zamazenta|Ice Fang|p2a: Espeon
|-damage|p2a: Espeon|0 fnt
|faint|p2a: Espeon
|-damage|p1a: Zamazenta|91/100|[from] item: Life Orb
|
|-heal|p1a: Zamazenta|97/100|[from] Grassy Terrain
|upkeep
|
|t:|1769342762
|switch|p2a: Zapdos|Zapdos|100/100
|turn|5
|
|t:|1769342766
|switch|p1a: LeBron James|Iron Hands, shiny|100/100
|-enditem|p1a: LeBron James|Booster Energy
|-activate|p1a: LeBron James|ability: Quark Drive|[fromitem]
|-start|p1a: LeBron James|quarkdriveatk
|-terastallize|p2a: Zapdos|Electric
|move|p2a: Zapdos|Hurricane|p1a: LeBron James
|-damage|p1a: LeBron James|42/100
|-start|p1a: LeBron James|confusion
|
|-heal|p1a: LeBron James|48/100|[from] Grassy Terrain
|-fieldend|move: Grassy Terrain
|upkeep
|turn|6
|
|t:|1769342777
|move|p2a: Zapdos|Hurricane|p1a: LeBron James|[miss]
|-miss|p2a: Zapdos|p1a: LeBron James
|-activate|p1a: LeBron James|confusion
|-damage|p1a: LeBron James|39/100|[from] confusion
|
|upkeep
|turn|7
|
|t:|1769342783
|move|p2a: Zapdos|Hurricane|p1a: LeBron James
|-damage|p1a: LeBron James|0 fnt
|faint|p1a: LeBron James
|-end|p1a: LeBron James|Quark Drive|[silent]
|
|upkeep
|
|t:|1769342790
|switch|p1a: Primarina|Primarina, F, shiny|100/100
|turn|8
|
|t:|1769342793
|move|p2a: Zapdos|Thunderbolt|p1a: Primarina
|-supereffective|p1a: Primarina
|-damage|p1a: Primarina|35/100
|move|p1a: Primarina|Moonblast|p2a: Zapdos
|-damage|p2a: Zapdos|38/100
|
|-heal|p2a: Zapdos|44/100|[from] item: Leftovers
|upkeep
|turn|9
|
|t:|1769342800
|move|p2a: Zapdos|Thunderbolt|p1a: Primarina
|-supereffective|p1a: Primarina
|-damage|p1a: Primarina|0 fnt
|faint|p1a: Primarina
|
|-heal|p2a: Zapdos|50/100|[from] item: Leftovers
|upkeep
|
|t:|1769342802
|switch|p1a: Zamazenta|Zamazenta|97/100
|turn|10
|c|☆Incognito260|If i get paralyzed , I destroy my mental health
|
|t:|1769342827
|move|p1a: Zamazenta|Close Combat|p2a: Zapdos
|-damage|p2a: Zapdos|0 fnt
|-unboost|p1a: Zamazenta|def|1
|-unboost|p1a: Zamazenta|spd|1
|faint|p2a: Zapdos
|-damage|p1a: Zamazenta|87/100|[from] item: Life Orb
|
|upkeep
|c|☆raleighk|hahahahha
|
|t:|1769342841
|switch|p2a: Hatterene|Hatterene, F|100/100
|turn|11
|
|t:|1769342845
|move|p1a: Zamazenta|Heavy Slam|p2a: Hatterene
|-supereffective|p2a: Hatterene
|-damage|p2a: Hatterene|0 fnt
|faint|p2a: Hatterene
|-damage|p1a: Zamazenta|77/100|[from] item: Life Orb
|
|upkeep
|c|☆raleighk|fawkkkk
|
|t:|1769342872
|switch|p2a: Zamazenta|Zamazenta|100/100
|-ability|p2a: Zamazenta|Dauntless Shield|boost
|-boost|p2a: Zamazenta|def|1
|turn|12
|
|t:|1769342876
|switch|p1a: Kingambit|Kingambit, M, shiny|100/100
|-item|p1a: Kingambit|Air Balloon
|move|p2a: Zamazenta|Play Rough|p1a: Kingambit
|-damage|p1a: Kingambit|78/100
|-enditem|p1a: Kingambit|Air Balloon
|
|upkeep
|turn|13
|
|t:|1769342885
|switch|p1a: Enamorus|Enamorus-Therian, F|100/100
|move|p2a: Zamazenta|Body Press|p1a: Enamorus
|-resisted|p1a: Enamorus
|-crit|p1a: Enamorus
|-damage|p1a: Enamorus|84/100
|
|upkeep
|turn|14
|
|t:|1769342892
|switch|p2a: Gyarados|Gyarados, M|100/100
|move|p1a: Enamorus|Agility|p1a: Enamorus
|-boost|p1a: Enamorus|spe|2
|
|upkeep
|turn|15
|
|t:|1769342899
|move|p1a: Enamorus|Draining Kiss|p2a: Gyarados
|-damage|p2a: Gyarados|74/100
|-heal|p1a: Enamorus|100/100|[from] drain|[of] p2a: Gyarados
|move|p2a: Gyarados|Dragon Dance|p2a: Gyarados
|-boost|p2a: Gyarados|atk|1
|-boost|p2a: Gyarados|spe|1
|
|-heal|p2a: Gyarados|80/100|[from] item: Leftovers
|upkeep
|turn|16
|
|t:|1769342907
|move|p1a: Enamorus|Draining Kiss|p2a: Gyarados
|-damage|p2a: Gyarados|52/100
|move|p2a: Gyarados|Dragon Dance|p2a: Gyarados
|-boost|p2a: Gyarados|atk|1
|-boost|p2a: Gyarados|spe|1
|
|-heal|p2a: Gyarados|58/100|[from] item: Leftovers
|upkeep
|turn|17
|
|t:|1769342920
|move|p2a: Gyarados|Waterfall|p1a: Enamorus
|-damage|p1a: Enamorus|17/100
|cant|p1a: Enamorus|flinch
|
|-heal|p2a: Gyarados|64/100|[from] item: Leftovers
|upkeep
|turn|18
|c|☆raleighk|gg
|
|t:|1769342935
|switch|p1a: Zamazenta|Zamazenta|77/100
|move|p2a: Gyarados|Waterfall|p1a: Zamazenta
|-damage|p1a: Zamazenta|0 fnt
|faint|p1a: Zamazenta
|-ability|p2a: Gyarados|Moxie|boost
|-boost|p2a: Gyarados|atk|1
|
|-heal|p2a: Gyarados|70/100|[from] item: Leftovers
|upkeep
|
|t:|1769342936
|switch|p1a: Kingambit|Kingambit, M, shiny|78/100
|turn|19
|c|☆Incognito260|gg
|
|t:|1769342946
|move|p2a: Gyarados|Earthquake|p1a: Kingambit
|-supereffective|p1a: Kingambit
|-damage|p1a: Kingambit|0 fnt
|faint|p1a: Kingambit
|-ability|p2a: Gyarados|Moxie|boost
|-boost|p2a: Gyarados|atk|1
|
|-heal|p2a: Gyarados|76/100|[from] item: Leftovers
|upkeep
|
|t:|1769342948
|switch|p1a: Enamorus|Enamorus-Therian, F|17/100
|turn|20
|
|t:|1769342954
|-terastallize|p1a: Enamorus|Ground
|move|p2a: Gyarados|Waterfall|p1a: Enamorus
|-supereffective|p1a: Enamorus
|-damage|p1a: Enamorus|0 fnt
|faint|p1a: Enamorus
|
|win|raleighk
|raw|Incognito260's rating: 1503 &rarr; <strong>1481</strong><br />(-22 for losing)
|raw|raleighk's rating: 1470 &rarr; <strong>1492</strong><br />(+22 for winning)
|l|☆Incognito260
|player|p1|
|l|☆raleighk
|player|p2|
