|j|☆dragonyuk
|j|☆vi_amethyste
|t:|1769441196
|gametype|singles
|player|p1|dragonyuk|169|1195
|player|p2|vi_amethyste|guitarist|1130
|gen|9
|tier|[Gen 9] OU
|rated|
|rule|HP Percentage Mod: HP is shown in percentages
|rule|Endless Battle Clause: Forcing endless battles is banned
|rule|Species Clause: Limit one of each Pokémon
|rule|OHKO Clause: OHKO moves are banned
|rule|Evasion Items Clause: Evasion items are banned
|rule|Evasion Moves Clause: Evasion moves are banned
|rule|Evasion Abilities Clause: Evasion abilities are banned
|rule|Sleep Moves Clause: Sleep-inducing moves are banned
|clearpoke
|poke|p1|Magneton|
|poke|p1|Psyduck, M|
|poke|p1|Toxapex, F|
|poke|p1|Zoroark-Hisui, M|
|poke|p1|Maushold|
|poke|p1|Hitmontop, M|
|poke|p2|Cinderace, F|
|poke|p2|Darkrai|
|poke|p2|Landorus-Therian, M|
|poke|p2|Zamazenta-*|
|poke|p2|Pecharunt|
|poke|p2|Primarina, F|
|teampreview
|inactive|Battle timer is ON: inactive players will automatically lose when time's up. (requested by dragonyuk)
|
|t:|1769441212
|teamsize|p1|6
|teamsize|p2|6
|start
|switch|p1a: Beyblade|Hitmontop, M|100/100
|switch|p2a: Landorus|Landorus-Therian, M|100/100
|-ability|p2a: Landorus|Intimidate|boost
|-unboost|p1a: Beyblade|atk|1
|turn|1
|
|t:|1769441219
|move|p2a: Landorus|U-turn|p1a: Beyblade
|-resisted|p1a: Beyblade
|-damage|p1a: Beyblade|83/100
|
|t:|1769441222
|switch|p2a: Pecharunt|Pecharunt|100/100|[from] U-turn
|move|p1a: Beyblade|Triple Axel|p2a: Pecharunt
|-damage|p2a: Pecharunt|97/100
|-damage|p2a: Pecharunt|89/100
|-hitcount|p2a: Pecharunt|2
|
|-heal|p1a: Beyblade|89/100|[from] item: Leftovers
|upkeep
|turn|2
|
|t:|1769441230
|switch|p1a: DA WALL|Toxapex, F|100/100
|move|p2a: Pecharunt|Malignant Chain|p1a: DA WALL
|-resisted|p1a: DA WALL
|-damage|p1a: DA WALL|89/100
|
|upkeep
|turn|3
|
|t:|1769441241
|switch|p1a: Beyblade|Hitmontop, M|89/100
|move|p2a: Pecharunt|Parting Shot|p1a: Beyblade
|-unboost|p1a: Beyblade|atk|1
|-unboost|p1a: Beyblade|spa|1
|
|t:|1769441247
|switch|p2a: Primarina|Primarina, F|100/100|[from] Parting Shot
|
|-heal|p1a: Beyblade|95/100|[from] item: Leftovers
|upkeep
|turn|4
|
|t:|1769441252
|switch|p1a: DA WALL|Toxapex, F|100/100
|move|p2a: Primarina|Moonblast|p1a: DA WALL
|-resisted|p1a: DA WALL
|-damage|p1a: DA WALL|78/100
|-unboost|p1a: DA WALL|spa|1
|
|upkeep
|turn|5
|
|t:|1769441258
|switch|p2a: Pecharunt|Pecharunt|89/100
|move|p1a: DA WALL|Gunk Shot|p2a: Pecharunt
|-resisted|p2a: Pecharunt
|-damage|p2a: Pecharunt|79/100
|
|upkeep
|turn|6
|
|t:|1769441265
|move|p2a: Pecharunt|Shadow Ball|p1a: DA WALL
|-damage|p1a: DA WALL|59/100
|move|p1a: DA WALL|Gunk Shot|p2a: Pecharunt
|-resisted|p2a: Pecharunt
|-damage|p2a: Pecharunt|70/100
|
|upkeep
|turn|7
|
|t:|1769441272
|switch|p1a: Family|Maushold|100/100
|move|p2a: Pecharunt|Shadow Ball|p1a: Family
|-immune|p1a: Family
|
|upkeep
|turn|8
|
|t:|1769441277
|move|p1a: Family|Shadow Ball|p2a: Pecharunt
|-supereffective|p2a: Pecharunt
|-damage|p2a: Pecharunt|0 fnt
|faint|p2a: Pecharunt
|
|upkeep
|
|t:|1769441282
|switch|p2a: Darkrai|Darkrai|100/100
|turn|9
|
|t:|1769441285
|switch|p1a: DA WALL|Toxapex, F|92/100
|move|p2a: Darkrai|Dark Pulse|p1a: DA WALL
|-damage|p1a: DA WALL|58/100
|
|upkeep
|turn|10
|
|t:|1769441293
|-terastallize|p2a: Darkrai|Poison
|move|p2a: Darkrai|Dark Pulse|p1a: DA WALL
|-damage|p1a: DA WALL|23/100
|move|p1a: DA WALL|Liquidation|p2a: Darkrai
|-damage|p2a: Darkrai|40/100
|
|upkeep
|turn|11
|
|t:|1769441300
|switch|p1a: Beyblade|Hitmontop, M|95/100
|move|p2a: Darkrai|Dark Pulse|p1a: Beyblade
|-resisted|p1a: Beyblade
|-damage|p1a: Beyblade|72/100
|
|-heal|p1a: Beyblade|79/100|[from] item: Leftovers
|upkeep
|turn|12
|
|t:|1769441308
|switch|p2a: Landorus|Landorus-Therian, M|100/100
|-ability|p2a: Landorus|Intimidate|boost
|-unboost|p1a: Beyblade|atk|1
|move|p1a: Beyblade|Triple Axel|p2a: Landorus
|-supereffective|p2a: Landorus
|-damage|p2a: Landorus|73/100
|-supereffective|p2a: Landorus
|-damage|p2a: Landorus|14/100
|-supereffective|p2a: Landorus
|-damage|p2a: Landorus|0 fnt
|faint|p2a: Landorus
|-hitcount|p2: Landorus|3
|
|-heal|p1a: Beyblade|85/100|[from] item: Leftovers
|upkeep
|
|t:|1769441318
|switch|p2a: Primarina|Primarina, F|100/100
|turn|13
|
|t:|1769441322
|switch|p1a: DA WALL|Toxapex, F|56/100
|move|p2a: Primarina|Surf|p1a: DA WALL
|-resisted|p1a: DA WALL
|-damage|p1a: DA WALL|37/100
|
|upkeep
|turn|14
|
|t:|1769441326
|move|p2a: Primarina|Psychic Noise|p1a: DA WALL
|-supereffective|p1a: DA WALL
|-damage|p1a: DA WALL|0 fnt
|faint|p1a: DA WALL
|
|upkeep
|
|t:|1769441344
|switch|p1a: DA GOAT|Magneton, shiny|100/100
|turn|15
|
|t:|1769441351
|switch|p2a: Cinderace|Cinderace, F|100/100
|move|p1a: DA GOAT|Thunderbolt|p2a: Cinderace
|-damage|p2a: Cinderace|36/100
|
|upkeep
|turn|16
|
|t:|1769441357
|move|p1a: DA GOAT|Thunderbolt|p2a: Cinderace
|-crit|p2a: Cinderace
|-damage|p2a: Cinderace|0 fnt
|faint|p2a: Cinderace
|
|upkeep
|
|t:|1769441362
|switch|p2a: Zamazenta|Zamazenta|100/100
|-ability|p2a: Zamazenta|Dauntless Shield|boost
|-boost|p2a: Zamazenta|def|1
|turn|17
|
|t:|1769441371
|switch|p1a: Beyblade|Hitmontop, M|85/100
|move|p2a: Zamazenta|Crunch|p1a: Beyblade
|-resisted|p1a: Beyblade
|-damage|p1a: Beyblade|69/100
|-unboost|p1a: Beyblade|def|1
|
|-heal|p1a: Beyblade|75/100|[from] item: Leftovers
|upkeep
|turn|18
|
|t:|1769441380
|move|p2a: Zamazenta|Heavy Slam|p1a: Beyblade
|-damage|p1a: Beyblade|14/100
|move|p1a: Beyblade|Bulk Up|p1a: Beyblade
|-boost|p1a: Beyblade|atk|1
|-boost|p1a: Beyblade|def|1
|
|-heal|p1a: Beyblade|20/100|[from] item: Leftovers
|upkeep
|turn|19
|
|t:|1769441388
|move|p1a: Beyblade|Mach Punch|p2a: Zamazenta
|-damage|p2a: Zamazenta|76/100
|move|p2a: Zamazenta|Heavy Slam|p1a: Beyblade
|-damage|p1a: Beyblade|0 fnt
|faint|p1a: Beyblade
|
|upkeep
|
|t:|1769441391
|switch|p1a: FEAR ME|Psyduck, M|100/100
|-ability|p1a: FEAR ME|Cloud Nine
|turn|20
|
|t:|1769441399
|move|p2a: Zamazenta|Crunch|p1a: FEAR ME
|-damage|p1a: FEAR ME|38/100
|move|p1a: FEAR ME|Endeavor|p2a: Zamazenta
|-damage|p2a: Zamazenta|35/100
|
|upkeep
|turn|21
|
|t:|1769441405
|move|p1a: FEAR ME|Vacuum Wave|p2a: Zamazenta
|-damage|p2a: Zamazenta|26/100
|move|p2a: Zamazenta|Crunch|p1a: FEAR ME
|-damage|p1a: FEAR ME|0 fnt
|faint|p1a: FEAR ME
|
|upkeep
|c|☆dragonyuk|hm ho
|
|t:|1769441409
|switch|p1a: DA GOAT|Magneton, shiny|100/100
|turn|22
|
|t:|1769441414
|move|p2a: Zamazenta|Crunch|p1a: DA GOAT
|-damage|p1a: DA GOAT|58/100
|move|p1a: DA GOAT|Thunderbolt|p2a: Zamazenta
|-damage|p2a: Zamazenta|0 fnt
|faint|p2a: Zamazenta
|
|upkeep
|
|t:|1769441421
|switch|p2a: Darkrai|Darkrai, tera:Poison|40/100
|turn|23
|
|t:|1769441427
|move|p1a: DA GOAT|Thunderbolt|p2a: Darkrai
|-damage|p2a: Darkrai|0 fnt
|faint|p2a: Darkrai
|
|upkeep
|
|t:|1769441432
|switch|p2a: Primarina|Primarina, F|100/100
|turn|24
|
|t:|1769441435
|move|p1a: DA GOAT|Thunderbolt|p2a: Primarina
|-supereffective|p2a: Primarina
|-damage|p2a: Primarina|10/100
|move|p2a: Primarina|Surf|p1a: DA GOAT
|-damage|p1a: DA GOAT|0 fnt
|faint|p1a: DA GOAT
|
|upkeep
|
|t:|1769441438
|switch|p1a: Family|Maushold|100/100
|turn|25
|
|t:|1769441441
|move|p1a: Family|Bite|p2a: Primarina
|-resisted|p2a: Primarina
|-damage|p2a: Primarina|0 fnt
|faint|p2a: Primarina
|
|win|dragonyuk
|raw|dragonyuk's rating: 1195 &rarr; <strong>1215</strong><br />(+20 for winning)
|raw|vi_amethyste's rating: 1130 &rarr; <strong>1110</strong><br />(-20 for losing)
|l|☆vi_amethyste
|player|p2|
|l|☆dragonyuk
|player|p1|
