|j|☆NewNewPoke
|j|‽hisohisokurione
|t:|1769327216
|gametype|singles
|player|p1|NewNewPoke|101|1169
|player|p2|hisohisokurione|backersf|1157
|gen|9
|tier|[Gen 9] OU
|rated|
|rule|HP Percentage Mod: HP is shown in percentages
|rule|Endless Battle Clause: Forcing endless battles is banned
|rule|Species Clause: Limit one of each Pokémon
|rule|OHKO Clause: OHKO moves are banned
|rule|Evasion Items Clause: Evasion items are banned
|rule|Evasion Moves Clause: Evasion moves are banned
|rule|Evasion Abilities Clause: Evasion abilities are banned
|rule|Sleep Moves Clause: Sleep-inducing moves are banned
|clearpoke
|poke|p1|Kingambit, M|
|poke|p1|Ogerpon-Wellspring, F|
|poke|p1|Iron Treads|
|poke|p1|Rillaboom, M|
|poke|p1|Hydrapple, M|
|poke|p1|Heatran, M|
|poke|p2|Registeel|
|poke|p2|Sunkern, M|
|poke|p2|Dragapult, F|
|poke|p2|Torkoal, M|
|poke|p2|Mew|
|poke|p2|Pecharunt|
|teampreview
|
|t:|1769327226
|teamsize|p1|6
|teamsize|p2|6
|start
|switch|p1a: Iron Treads|Iron Treads|100/100
|switch|p2a: Torkoal|Torkoal, M|100/100
|-weather|SunnyDay|[from] ability: Drought|[of] p2a: Torkoal
|turn|1
|
|t:|1769327236
|move|p1a: Iron Treads|Volt Switch|p2a: Torkoal
|-damage|p2a: Torkoal|89/100
|
|t:|1769327240
|-end|p1a: Iron Treads|Quark Drive|[silent]
|switch|p1a: Heatran|Heatran, M|100/100|[from] Volt Switch
|move|p2a: Torkoal|Stealth Rock|p1a: Heatran
|-sidestart|p1: NewNewPoke|move: Stealth Rock
|
|-weather|SunnyDay|[upkeep]
|upkeep
|turn|2
|
|t:|1769327264
|switch|p2a: Mew|Mew|100/100
|move|p1a: Heatran|Taunt|p2a: Mew
|-start|p2a: Mew|move: Taunt
|
|-weather|SunnyDay|[upkeep]
|upkeep
|turn|3
|
|t:|1769327282
|move|p2a: Mew|Rock Blast|p1a: Heatran
|-damage|p1a: Heatran|94/100
|-damage|p1a: Heatran|87/100
|-damage|p1a: Heatran|81/100
|-damage|p1a: Heatran|74/100
|-damage|p1a: Heatran|68/100
|-hitcount|p1a: Heatran|5
|move|p1a: Heatran|Magma Storm|p2a: Mew
|-damage|p2a: Mew|40/100
|-activate|p2a: Mew|move: Magma Storm|[of] p1a: Heatran
|
|-weather|SunnyDay|[upkeep]
|-heal|p1a: Heatran|74/100|[from] item: Leftovers
|-damage|p2a: Mew|27/100|[from] move: Magma Storm|[partiallytrapped]
|upkeep
|turn|4
|
|t:|1769327308
|move|p2a: Mew|Rock Blast|p1a: Heatran
|-damage|p1a: Heatran|67/100
|-damage|p1a: Heatran|60/100
|-damage|p1a: Heatran|52/100
|-crit|p1a: Heatran
|-damage|p1a: Heatran|42/100
|-hitcount|p1a: Heatran|4
|move|p1a: Heatran|Will-O-Wisp|p2a: Mew
|-status|p2a: Mew|brn
|-activate|p2a: Mew|ability: Synchronize
|-immune|p1a: Heatran
|
|-weather|SunnyDay|[upkeep]
|-heal|p1a: Heatran|48/100|[from] item: Leftovers
|-damage|p2a: Mew|21/100 brn|[from] brn
|-damage|p2a: Mew|9/100 brn|[from] move: Magma Storm|[partiallytrapped]
|-end|p2a: Mew|move: Taunt
|upkeep
|turn|5
|
|t:|1769327337
|switch|p1a: Iron Treads|Iron Treads|100/100
|-damage|p1a: Iron Treads|98/100|[from] Stealth Rock
|move|p2a: Mew|Rock Blast|p1a: Iron Treads
|-resisted|p1a: Iron Treads
|-damage|p1a: Iron Treads|97/100
|-resisted|p1a: Iron Treads
|-damage|p1a: Iron Treads|96/100
|-resisted|p1a: Iron Treads
|-damage|p1a: Iron Treads|96/100
|-resisted|p1a: Iron Treads
|-crit|p1a: Iron Treads
|-damage|p1a: Iron Treads|95/100
|-hitcount|p1a: Iron Treads|4
|
|-weather|none
|-heal|p1a: Iron Treads|100/100|[from] item: Leftovers
|-damage|p2a: Mew|3/100 brn|[from] brn
|-end|p2a: Mew|Magma Storm|[partiallytrapped]|[silent]
|upkeep
|turn|6
|
|t:|1769327358
|switch|p2a: Registeel|Registeel|100/100
|move|p1a: Iron Treads|Rapid Spin|p2a: Registeel
|-resisted|p2a: Registeel
|-damage|p2a: Registeel|96/100
|-boost|p1a: Iron Treads|spe|1
|-sideend|p1: NewNewPoke|Stealth Rock|[from] move: Rapid Spin|[of] p1a: Iron Treads
|
|-heal|p2a: Registeel|100/100|[from] item: Leftovers
|upkeep
|turn|7
|
|t:|1769327368
|move|p1a: Iron Treads|Stealth Rock|p2a: Registeel
|-sidestart|p2: hisohisokurione|move: Stealth Rock
|move|p2a: Registeel|Iron Defense|p2a: Registeel
|-boost|p2a: Registeel|def|2
|
|upkeep
|turn|8
|
|t:|1769327380
|move|p1a: Iron Treads|Volt Switch|p2a: Registeel
|-damage|p2a: Registeel|94/100
|
|t:|1769327395
|-end|p1a: Iron Treads|Quark Drive|[silent]
|switch|p1a: Heatran|Heatran, M|48/100|[from] Volt Switch
|move|p2a: Registeel|Amnesia|p2a: Registeel
|-boost|p2a: Registeel|spd|2
|
|-heal|p1a: Heatran|55/100|[from] item: Leftovers
|-heal|p2a: Registeel|100/100|[from] item: Leftovers
|upkeep
|turn|9
|
|t:|1769327404
|move|p1a: Heatran|Magma Storm|p2a: Registeel|[miss]
|-miss|p1a: Heatran|p2a: Registeel
|move|p2a: Registeel|Amnesia|p2a: Registeel
|-boost|p2a: Registeel|spd|2
|
|-heal|p1a: Heatran|61/100|[from] item: Leftovers
|upkeep
|turn|10
|
|t:|1769327414
|move|p1a: Heatran|Taunt|p2a: Registeel
|-start|p2a: Registeel|move: Taunt
|cant|p2a: Registeel|move: Taunt|Iron Defense
|
|-heal|p1a: Heatran|67/100|[from] item: Leftovers
|upkeep
|turn|11
|
|t:|1769327421
|move|p1a: Heatran|Will-O-Wisp|p2a: Registeel|[miss]
|-miss|p1a: Heatran|p2a: Registeel
|move|p2a: Registeel|Body Press|p1a: Heatran
|-supereffective|p1a: Heatran
|-damage|p1a: Heatran|0 fnt
|faint|p1a: Heatran
|
|upkeep
|
|t:|1769327430
|switch|p1a: Hydrapple|Hydrapple, M|100/100
|turn|12
|
|t:|1769327433
|move|p2a: Registeel|Body Press|p1a: Hydrapple
|-damage|p1a: Hydrapple|72/100
|move|p1a: Hydrapple|Nasty Plot|p1a: Hydrapple
|-boost|p1a: Hydrapple|spa|2
|
|-heal|p1a: Hydrapple|78/100|[from] item: Leftovers
|-end|p2a: Registeel|move: Taunt
|upkeep
|turn|13
|
|t:|1769327443
|move|p2a: Registeel|Iron Defense|p2a: Registeel
|-boost|p2a: Registeel|def|2
|move|p1a: Hydrapple|Earth Power|p2a: Registeel
|-supereffective|p2a: Registeel
|-damage|p2a: Registeel|85/100
|
|-heal|p2a: Registeel|91/100|[from] item: Leftovers
|-heal|p1a: Hydrapple|84/100|[from] item: Leftovers
|upkeep
|turn|14
|
|t:|1769327452
|move|p2a: Registeel|Amnesia|p2a: Registeel
|-boost|p2a: Registeel|spd|2
|move|p1a: Hydrapple|Nasty Plot|p1a: Hydrapple
|-boost|p1a: Hydrapple|spa|2
|
|-heal|p2a: Registeel|97/100|[from] item: Leftovers
|-heal|p1a: Hydrapple|90/100|[from] item: Leftovers
|upkeep
|turn|15
|
|t:|1769327461
|move|p2a: Registeel|Iron Defense|p2a: Registeel
|-boost|p2a: Registeel|def|2
|move|p1a: Hydrapple|Nasty Plot|p1a: Hydrapple
|-boost|p1a: Hydrapple|spa|2
|
|-heal|p2a: Registeel|100/100|[from] item: Leftovers
|-heal|p1a: Hydrapple|96/100|[from] item: Leftovers
|upkeep
|turn|16
|
|t:|1769327468
|move|p2a: Registeel|Body Press|p1a: Hydrapple
|-damage|p1a: Hydrapple|34/100
|move|p1a: Hydrapple|Earth Power|p2a: Registeel
|-supereffective|p2a: Registeel
|-damage|p2a: Registeel|77/100
|
|-heal|p2a: Registeel|83/100|[from] item: Leftovers
|-heal|p1a: Hydrapple|40/100|[from] item: Leftovers
|upkeep
|turn|17
|c|☆NewNewPoke|gg
|
|t:|1769327483
|move|p2a: Registeel|Body Press|p1a: Hydrapple
|-damage|p1a: Hydrapple|0 fnt
|faint|p1a: Hydrapple
|
|-heal|p2a: Registeel|90/100|[from] item: Leftovers
|upkeep
|
|t:|1769327492
|switch|p1a: Kingambit|Kingambit, M|100/100
|-activate|p1a: Kingambit|ability: Supreme Overlord
|-start|p1a: Kingambit|fallen2|[silent]
|turn|18
|-message|NewNewPoke forfeited.
|
|win|hisohisokurione
|raw|NewNewPoke's rating: 1169 &rarr; <strong>1143</strong><br />(-26 for losing)
|raw|hisohisokurione's rating: 1157 &rarr; <strong>1183</strong><br />(+26 for winning)
|l|☆NewNewPoke
|player|p1|
|l|‽hisohisokurione
|player|p2|
