|j|☆fuhfyjddhh
|j|☆KrokoIsLoko
|t:|1769371613
|gametype|singles
|player|p1|fuhfyjddhh|policeman-gen4|1503
|player|p2|KrokoIsLoko|pokemaniac-gen2|1495
|gen|9
|tier|[Gen 9] OU
|rated|
|rule|HP Percentage Mod: HP is shown in percentages
|rule|Endless Battle Clause: Forcing endless battles is banned
|rule|Species Clause: Limit one of each Pokémon
|rule|OHKO Clause: OHKO moves are banned
|rule|Evasion Items Clause: Evasion items are banned
|rule|Evasion Moves Clause: Evasion moves are banned
|rule|Evasion Abilities Clause: Evasion abilities are banned
|rule|Sleep Moves Clause: Sleep-inducing moves are banned
|clearpoke
|poke|p1|Cinderace, M|
|poke|p1|Alomomola, F|
|poke|p1|Great Tusk|
|poke|p1|Iron Valiant|
|poke|p1|Pecharunt|
|poke|p1|Ogerpon-Wellspring, F|
|poke|p2|Tyranitar, M|
|poke|p2|Slowking-Galar, M|
|poke|p2|Gholdengo|
|poke|p2|Hydrapple, M|
|poke|p2|Zamazenta-*|
|poke|p2|Cinderace, M|
|teampreview
|
|t:|1769371638
|teamsize|p1|6
|teamsize|p2|6
|start
|switch|p1a: Cinderace|Cinderace, M|100/100
|switch|p2a: Cinderace|Cinderace, M|100/100
|turn|1
|
|t:|1769371648
|move|p2a: Cinderace|U-turn|p1a: Cinderace
|-resisted|p1a: Cinderace
|-damage|p1a: Cinderace|87/100
|
|t:|1769371655
|switch|p2a: Hydrapple|Hydrapple, M|100/100|[from] U-turn
|move|p1a: Cinderace|Gunk Shot|p2a: Hydrapple
|-start|p1a: Cinderace|typechange|Poison|[from] ability: Libero
|-supereffective|p2a: Hydrapple
|-damage|p2a: Hydrapple|12/100
|
|upkeep
|turn|2
|
|t:|1769371669
|switch|p1a: Alomomola|Alomomola, F|100/100
|switch|p2a: Slowking|Slowking-Galar, M|100/100
|
|upkeep
|turn|3
|
|t:|1769371678
|move|p1a: Alomomola|Scald|p2a: Slowking
|-damage|p2a: Slowking|93/100
|move|p2a: Slowking|Future Sight|p1a: Alomomola
|-start|p2a: Slowking|move: Future Sight
|
|upkeep
|turn|4
|
|t:|1769371683
|move|p1a: Alomomola|Body Slam|p2a: Slowking
|-damage|p2a: Slowking|76/100
|move|p2a: Slowking|Thunder Wave|p1a: Alomomola
|-status|p1a: Alomomola|par
|
|upkeep
|turn|5
|
|t:|1769371688
|-prepare|p2a: Slowking|Chilly Reception|[premajor]
|move|p2a: Slowking|Chilly Reception|p2a: Slowking
|-weather|Snowscape
|
|t:|1769371692
|switch|p2a: Gholdengo|Gholdengo|100/100|[from] Chilly Reception
|-item|p2a: Gholdengo|Air Balloon
|move|p1a: Alomomola|Mirror Coat||[still]
|-fail|p1a: Alomomola
|
|-weather|Snowscape|[upkeep]
|-end|p1a: Alomomola|move: Future Sight
|-damage|p1a: Alomomola|76/100 par
|upkeep
|turn|6
|
|t:|1769371709
|switch|p2a: Hydrapple|Hydrapple, M|45/100
|cant|p1a: Alomomola|par
|
|-weather|Snowscape|[upkeep]
|upkeep
|turn|7
|
|t:|1769371714
|switch|p2a: Slowking|Slowking-Galar, M|100/100
|cant|p1a: Alomomola|par
|
|-weather|Snowscape|[upkeep]
|upkeep
|turn|8
|
|t:|1769371721
|move|p2a: Slowking|Future Sight|p1a: Alomomola
|-start|p2a: Slowking|move: Future Sight
|cant|p1a: Alomomola|par
|
|-weather|Snowscape|[upkeep]
|upkeep
|turn|9
|
|t:|1769371724
|-prepare|p2a: Slowking|Chilly Reception|[premajor]
|move|p2a: Slowking|Chilly Reception|p2a: Slowking
|
|t:|1769371726
|switch|p2a: Hydrapple|Hydrapple, M|78/100|[from] Chilly Reception
|move|p1a: Alomomola|Scald|p2a: Hydrapple
|-resisted|p2a: Hydrapple
|-damage|p2a: Hydrapple|75/100
|
|-weather|none
|upkeep
|turn|10
|
|t:|1769371732
|move|p2a: Hydrapple|Nasty Plot|p2a: Hydrapple
|-boost|p2a: Hydrapple|spa|2
|cant|p1a: Alomomola|par
|
|-end|p1a: Alomomola|move: Future Sight
|-damage|p1a: Alomomola|51/100 par
|upkeep
|turn|11
|
|t:|1769371743
|-terastallize|p1a: Alomomola|Fairy
|move|p2a: Hydrapple|Nasty Plot|p2a: Hydrapple
|-boost|p2a: Hydrapple|spa|2
|move|p1a: Alomomola|Mirror Coat||[still]
|-fail|p1a: Alomomola
|
|upkeep
|turn|12
|
|t:|1769371750
|move|p2a: Hydrapple|Nasty Plot|p2a: Hydrapple
|-boost|p2a: Hydrapple|spa|2
|cant|p1a: Alomomola|par
|
|upkeep
|turn|13
|
|t:|1769371758
|move|p2a: Hydrapple|Giga Drain|p1a: Alomomola
|-damage|p1a: Alomomola|0 fnt
|-heal|p2a: Hydrapple|100/100|[from] drain|[of] p1a: Alomomola
|faint|p1a: Alomomola
|
|upkeep
|
|t:|1769371761
|switch|p1a: Cinderace|Cinderace, M|87/100
|turn|14
|
|t:|1769371771
|switch|p2a: Slowking|Slowking-Galar, M|100/100
|move|p1a: Cinderace|Gunk Shot|p2a: Slowking|[miss]
|-start|p1a: Cinderace|typechange|Poison|[from] ability: Libero
|-miss|p1a: Cinderace|p2a: Slowking
|
|upkeep
|turn|15
|
|t:|1769371783
|switch|p1a: Ogerpon|Ogerpon-Wellspring, F|100/100
|move|p2a: Slowking|Thunder Wave|p1a: Ogerpon
|-status|p1a: Ogerpon|par
|
|upkeep
|turn|16
|-message|fuhfyjddhh forfeited.
|
|win|KrokoIsLoko
|raw|fuhfyjddhh's rating: 1503 &rarr; <strong>1483</strong><br />(-20 for losing)
|raw|KrokoIsLoko's rating: 1495 &rarr; <strong>1515</strong><br />(+20 for winning)
|l|☆fuhfyjddhh
|player|p1|
