|j|☆nimjaisugly
|j|☆ChessDennis
|t:|1769447546
|gametype|singles
|player|p1|nimjaisugly|clavell-s|1522
|player|p2|ChessDennis|2|1545
|gen|9
|tier|[Gen 9] OU
|rated|
|rule|HP Percentage Mod: HP is shown in percentages
|rule|Endless Battle Clause: Forcing endless battles is banned
|rule|Species Clause: Limit one of each Pokémon
|rule|OHKO Clause: OHKO moves are banned
|rule|Evasion Items Clause: Evasion items are banned
|rule|Evasion Moves Clause: Evasion moves are banned
|rule|Evasion Abilities Clause: Evasion abilities are banned
|rule|Sleep Moves Clause: Sleep-inducing moves are banned
|clearpoke
|poke|p1|Porygon-Z|
|poke|p1|Kingambit, F|
|poke|p1|Dragapult, F|
|poke|p1|Alomomola, F|
|poke|p1|Pecharunt|
|poke|p1|Iron Treads|
|poke|p2|Zamazenta-*|
|poke|p2|Iron Valiant|
|poke|p2|Iron Crown|
|poke|p2|Dragapult, F|
|poke|p2|Slowking-Galar, F|
|poke|p2|Ting-Lu|
|teampreview
|inactive|Battle timer is ON: inactive players will automatically lose when time's up. (requested by nimjaisugly)
|
|t:|1769447558
|teamsize|p1|6
|teamsize|p2|6
|start
|switch|p1a: Porygon-Z|Porygon-Z|100/100
|switch|p2a: Zamazenta|Zamazenta|100/100
|-ability|p2a: Zamazenta|Dauntless Shield|boost
|-boost|p2a: Zamazenta|def|1
|-ability|p1a: Porygon-Z|Download|boost
|-boost|p1a: Porygon-Z|spa|1
|turn|1
|
|t:|1769447563
|switch|p1a: Pecharunt|Pecharunt|100/100
|move|p2a: Zamazenta|Close Combat|p1a: Pecharunt
|-immune|p1a: Pecharunt
|
|upkeep
|turn|2
|
|t:|1769447569
|switch|p2a: Slowking|Slowking-Galar, F|100/100
|move|p1a: Pecharunt|Parting Shot|p2a: Slowking
|-unboost|p2a: Slowking|atk|1
|-unboost|p2a: Slowking|spa|1
|
|t:|1769447579
|switch|p1a: Kingambit|Kingambit, F|100/100|[from] Parting Shot
|
|upkeep
|turn|3
|
|t:|1769447583
|switch|p2a: Ting-Lu|Ting-Lu|100/100
|-ability|p2a: Ting-Lu|Vessel of Ruin
|move|p1a: Kingambit|Kowtow Cleave|p2a: Ting-Lu
|-resisted|p2a: Ting-Lu
|-damage|p2a: Ting-Lu|84/100
|
|-heal|p2a: Ting-Lu|91/100|[from] item: Leftovers
|upkeep
|turn|4
|
|t:|1769447587
|-end|p1a: Kingambit|fallenundefined|[silent]
|switch|p1a: Porygon-Z|Porygon-Z|100/100
|-ability|p1a: Porygon-Z|Download|boost
|-boost|p1a: Porygon-Z|spa|1
|move|p2a: Ting-Lu|Whirlwind|p1a: Porygon-Z
|drag|p1a: Pecharunt|Pecharunt|100/100
|
|-heal|p2a: Ting-Lu|97/100|[from] item: Leftovers
|upkeep
|turn|5
|
|t:|1769447593
|move|p1a: Pecharunt|Malignant Chain|p2a: Ting-Lu
|-resisted|p2a: Ting-Lu
|-crit|p2a: Ting-Lu
|-damage|p2a: Ting-Lu|85/100
|move|p2a: Ting-Lu|Payback|p1a: Pecharunt
|-supereffective|p1a: Pecharunt
|-damage|p1a: Pecharunt|54/100
|
|-heal|p2a: Ting-Lu|91/100|[from] item: Leftovers
|upkeep
|turn|6
|
|t:|1769447599
|switch|p2a: Slowking|Slowking-Galar, F|100/100
|move|p1a: Pecharunt|Parting Shot|p2a: Slowking
|-unboost|p2a: Slowking|atk|1
|-unboost|p2a: Slowking|spa|1
|
|t:|1769447603
|switch|p1a: Porygon-Z|Porygon-Z|100/100|[from] Parting Shot
|-ability|p1a: Porygon-Z|Download|boost
|-boost|p1a: Porygon-Z|atk|1
|
|upkeep
|turn|7
|
|t:|1769447610
|switch|p1a: Kingambit|Kingambit, F|100/100
|move|p2a: Slowking|Psychic Noise|p1a: Kingambit
|-immune|p1a: Kingambit
|
|upkeep
|turn|8
|
|t:|1769447623
|-end|p1a: Kingambit|fallenundefined|[silent]
|switch|p1a: Porygon-Z|Porygon-Z|100/100
|-ability|p1a: Porygon-Z|Download|boost
|-boost|p1a: Porygon-Z|atk|1
|switch|p2a: Ting-Lu|Ting-Lu|91/100
|-ability|p2a: Ting-Lu|Vessel of Ruin
|
|-heal|p2a: Ting-Lu|97/100|[from] item: Leftovers
|upkeep
|turn|9
|
|t:|1769447629
|switch|p1a: Pecharunt|Pecharunt|54/100
|move|p2a: Ting-Lu|Payback|p1a: Pecharunt
|-supereffective|p1a: Pecharunt
|-damage|p1a: Pecharunt|30/100
|
|-heal|p2a: Ting-Lu|100/100|[from] item: Leftovers
|upkeep
|turn|10
|
|t:|1769447637
|switch|p2a: Iron Crown|Iron Crown|100/100
|move|p1a: Pecharunt|Recover|p1a: Pecharunt
|-heal|p1a: Pecharunt|80/100
|
|upkeep
|turn|11
|
|t:|1769447643
|switch|p1a: Alomomola|Alomomola, F|100/100
|move|p2a: Iron Crown|Tachyon Cutter|p1a: Alomomola
|-resisted|p1a: Alomomola
|-damage|p1a: Alomomola|89/100
|-resisted|p1a: Alomomola
|-damage|p1a: Alomomola|79/100
|-hitcount|p1a: Alomomola|2
|
|upkeep
|turn|12
|
|t:|1769447648
|-end|p2a: Iron Crown|Quark Drive|[silent]
|switch|p2a: Slowking|Slowking-Galar, F|100/100
|move|p1a: Alomomola|Flip Turn|p2a: Slowking
|-damage|p2a: Slowking|82/100
|
|t:|1769447652
|switch|p1a: Kingambit|Kingambit, F|100/100|[from] Flip Turn
|
|upkeep
|turn|13
|
|t:|1769447657
|switch|p2a: Ting-Lu|Ting-Lu|100/100
|-ability|p2a: Ting-Lu|Vessel of Ruin
|move|p1a: Kingambit|Kowtow Cleave|p2a: Ting-Lu
|-resisted|p2a: Ting-Lu
|-damage|p2a: Ting-Lu|86/100
|
|-heal|p2a: Ting-Lu|92/100|[from] item: Leftovers
|upkeep
|turn|14
|
|t:|1769447660
|-end|p1a: Kingambit|fallenundefined|[silent]
|switch|p1a: Pecharunt|Pecharunt|80/100
|move|p2a: Ting-Lu|Whirlwind|p1a: Pecharunt
|drag|p1a: Kingambit|Kingambit, F|100/100
|
|-heal|p2a: Ting-Lu|98/100|[from] item: Leftovers
|upkeep
|turn|15
|
|t:|1769447664
|-end|p1a: Kingambit|fallenundefined|[silent]
|switch|p1a: Pecharunt|Pecharunt|80/100
|move|p2a: Ting-Lu|Whirlwind|p1a: Pecharunt
|drag|p1a: Alomomola|Alomomola, F|100/100
|
|-heal|p2a: Ting-Lu|100/100|[from] item: Leftovers
|upkeep
|turn|16
|
|t:|1769447669
|switch|p2a: Slowking|Slowking-Galar, F|100/100
|move|p1a: Alomomola|Flip Turn|p2a: Slowking
|-damage|p2a: Slowking|81/100
|
|t:|1769447672
|switch|p1a: Kingambit|Kingambit, F|100/100|[from] Flip Turn
|
|upkeep
|turn|17
|
|t:|1769447675
|-end|p1a: Kingambit|fallenundefined|[silent]
|switch|p1a: Pecharunt|Pecharunt|80/100
|switch|p2a: Ting-Lu|Ting-Lu|100/100
|-ability|p2a: Ting-Lu|Vessel of Ruin
|
|upkeep
|turn|18
|
|t:|1769447683
|move|p1a: Pecharunt|Parting Shot|p2a: Ting-Lu
|-unboost|p2a: Ting-Lu|atk|1
|-unboost|p2a: Ting-Lu|spa|1
|
|t:|1769447684
|switch|p1a: Alomomola|Alomomola, F|100/100|[from] Parting Shot
|move|p2a: Ting-Lu|Payback|p1a: Alomomola
|-damage|p1a: Alomomola|89/100
|
|upkeep
|turn|19
|
|t:|1769447689
|switch|p2a: Slowking|Slowking-Galar, F|100/100
|move|p1a: Alomomola|Scald|p2a: Slowking
|-damage|p2a: Slowking|94/100
|-status|p2a: Slowking|brn
|
|-damage|p2a: Slowking|88/100 brn|[from] brn
|upkeep
|turn|20
|
|t:|1769447692
|move|p1a: Alomomola|Flip Turn|p2a: Slowking
|-damage|p2a: Slowking|70/100 brn
|
|t:|1769447699
|switch|p1a: Iron Treads|Iron Treads|100/100|[from] Flip Turn
|-item|p1a: Iron Treads|Air Balloon
|move|p2a: Slowking|Future Sight|p1a: Iron Treads
|-start|p2a: Slowking|move: Future Sight
|
|-damage|p2a: Slowking|64/100 brn|[from] brn
|upkeep
|turn|21
|
|t:|1769447705
|switch|p2a: Ting-Lu|Ting-Lu|100/100
|-ability|p2a: Ting-Lu|Vessel of Ruin
|move|p1a: Iron Treads|Knock Off|p2a: Ting-Lu
|-resisted|p2a: Ting-Lu
|-damage|p2a: Ting-Lu|94/100
|-enditem|p2a: Ting-Lu|Leftovers|[from] move: Knock Off|[of] p1a: Iron Treads
|
|upkeep
|turn|22
|
|t:|1769447710
|-end|p1a: Iron Treads|Quark Drive|[silent]
|switch|p1a: Alomomola|Alomomola, F|100/100
|move|p2a: Ting-Lu|Payback|p1a: Alomomola
|-damage|p1a: Alomomola|83/100
|
|-end|p1a: Alomomola|move: Future Sight
|-damage|p1a: Alomomola|60/100
|upkeep
|turn|23
|
|t:|1769447718
|switch|p2a: Iron Valiant|Iron Valiant|100/100
|-enditem|p2a: Iron Valiant|Booster Energy
|-activate|p2a: Iron Valiant|ability: Quark Drive|[fromitem]
|-start|p2a: Iron Valiant|quarkdrivespe
|move|p1a: Alomomola|Flip Turn|p2a: Iron Valiant
|-damage|p2a: Iron Valiant|82/100
|
|t:|1769447728
|switch|p1a: Pecharunt|Pecharunt|80/100|[from] Flip Turn
|
|upkeep
|turn|24
|
|t:|1769447733
|move|p2a: Iron Valiant|Knock Off|p1a: Pecharunt
|-supereffective|p1a: Pecharunt
|-damage|p1a: Pecharunt|53/100
|-enditem|p1a: Pecharunt|Heavy-Duty Boots|[from] move: Knock Off|[of] p2a: Iron Valiant
|move|p1a: Pecharunt|Malignant Chain|p2a: Iron Valiant
|-supereffective|p2a: Iron Valiant
|-damage|p2a: Iron Valiant|0 fnt
|faint|p2a: Iron Valiant
|-end|p2a: Iron Valiant|Quark Drive|[silent]
|
|upkeep
|
|t:|1769447738
|switch|p2a: Dragapult|Dragapult, F|100/100
|turn|25
|
|t:|1769447741
|switch|p1a: Alomomola|Alomomola, F|93/100
|move|p2a: Dragapult|Will-O-Wisp|p1a: Alomomola|[miss]
|-miss|p2a: Dragapult|p1a: Alomomola
|
|upkeep
|turn|26
|
|t:|1769447754
|move|p2a: Dragapult|Dragon Dance|p2a: Dragapult
|-boost|p2a: Dragapult|atk|1
|-boost|p2a: Dragapult|spe|1
|move|p1a: Alomomola|Scald|p2a: Dragapult
|-resisted|p2a: Dragapult
|-damage|p2a: Dragapult|92/100
|
|upkeep
|turn|27
|
|t:|1769447758
|move|p2a: Dragapult|Dragon Dance|p2a: Dragapult
|-boost|p2a: Dragapult|atk|1
|-boost|p2a: Dragapult|spe|1
|move|p1a: Alomomola|Scald|p2a: Dragapult
|-resisted|p2a: Dragapult
|-damage|p2a: Dragapult|83/100
|
|upkeep
|turn|28
|
|t:|1769447761
|move|p2a: Dragapult|Dragon Darts|p1a: Alomomola
|-damage|p1a: Alomomola|57/100
|-anim|p2a: Dragapult|Dragon Darts|p1a: Alomomola
|-damage|p1a: Alomomola|22/100
|move|p1a: Alomomola|Scald|p2a: Dragapult
|-resisted|p2a: Dragapult
|-damage|p2a: Dragapult|74/100
|
|upkeep
|turn|29
|
|t:|1769447769
|move|p2a: Dragapult|Dragon Darts|p1a: Alomomola
|-damage|p1a: Alomomola|0 fnt
|faint|p1a: Alomomola
|
|upkeep
|
|t:|1769447787
|switch|p1a: Iron Treads|Iron Treads|100/100
|-item|p1a: Iron Treads|Air Balloon
|turn|30
|
|t:|1769447793
|-terastallize|p2a: Dragapult|Ghost
|move|p2a: Dragapult|Tera Blast|p1a: Iron Treads|[anim] Tera Blast Ghost
|-damage|p1a: Iron Treads|19/100
|-enditem|p1a: Iron Treads|Air Balloon
|move|p1a: Iron Treads|Knock Off|p2a: Dragapult
|-supereffective|p2a: Dragapult
|-damage|p2a: Dragapult|9/100
|-enditem|p2a: Dragapult|Focus Sash|[from] move: Knock Off|[of] p1a: Iron Treads
|
|upkeep
|turn|31
|
|t:|1769447805
|move|p2a: Dragapult|Tera Blast|p1a: Iron Treads|[anim] Tera Blast Ghost
|-damage|p1a: Iron Treads|0 fnt
|faint|p1a: Iron Treads
|-end|p1a: Iron Treads|Quark Drive|[silent]
|
|upkeep
|
|t:|1769447810
|switch|p1a: Pecharunt|Pecharunt|53/100
|turn|32
|
|t:|1769447815
|-terastallize|p1a: Pecharunt|Dark
|move|p2a: Dragapult|Tera Blast|p1a: Pecharunt|[anim] Tera Blast Ghost
|-resisted|p1a: Pecharunt
|-damage|p1a: Pecharunt|28/100
|move|p1a: Pecharunt|Shadow Ball|p2a: Dragapult
|-supereffective|p2a: Dragapult
|-damage|p2a: Dragapult|0 fnt
|faint|p2a: Dragapult
|
|upkeep
|
|t:|1769447824
|switch|p2a: Iron Crown|Iron Crown|100/100
|turn|33
|
|t:|1769447829
|switch|p1a: Porygon-Z|Porygon-Z|100/100
|-ability|p1a: Porygon-Z|Download|boost
|-boost|p1a: Porygon-Z|atk|1
|move|p2a: Iron Crown|Tachyon Cutter|p1a: Porygon-Z
|-damage|p1a: Porygon-Z|46/100
|-damage|p1a: Porygon-Z|0 fnt
|faint|p1a: Porygon-Z
|-hitcount|p1: Porygon-Z|2
|
|upkeep
|
|t:|1769447836
|switch|p1a: Dragapult|Dragapult, F|100/100
|turn|34
|
|t:|1769447846
|move|p1a: Dragapult|Will-O-Wisp|p2a: Iron Crown|[miss]
|-miss|p1a: Dragapult|p2a: Iron Crown
|move|p2a: Iron Crown|Tachyon Cutter|p1a: Dragapult
|-damage|p1a: Dragapult|42/100
|-damage|p1a: Dragapult|0 fnt
|faint|p1a: Dragapult
|-hitcount|p1: Dragapult|2
|
|upkeep
|-message|nimjaisugly forfeited.
|
|win|ChessDennis
|raw|nimjaisugly's rating: 1522 &rarr; <strong>1503</strong><br />(-19 for losing)
|raw|ChessDennis's rating: 1545 &rarr; <strong>1564</strong><br />(+19 for winning)
|l|☆nimjaisugly
|player|p1|
|l|☆ChessDennis
|player|p2|
