|badge|p2|bronze|gen9ou|100-8
|uhtml|medal-msg|<div class="broadcast-blue">Curious what those medals under the avatar are? PS now has Ladder Seasons! For more information, check out the <a href="https://www.smogon.com/forums/threads/3740067/">thread on Smogon.</a></div>
|j|☆SkitterSkatt
|j|☆noob1877 test
|t:|1769360317
|gametype|singles
|player|p1|SkitterSkatt|lucas|1683
|player|p2|noob1877 test|1|1792
|gen|9
|tier|[Gen 9] OU
|rated|
|rule|HP Percentage Mod: HP is shown in percentages
|rule|Endless Battle Clause: Forcing endless battles is banned
|rule|Species Clause: Limit one of each Pokémon
|rule|OHKO Clause: OHKO moves are banned
|rule|Evasion Items Clause: Evasion items are banned
|rule|Evasion Moves Clause: Evasion moves are banned
|rule|Evasion Abilities Clause: Evasion abilities are banned
|rule|Sleep Moves Clause: Sleep-inducing moves are banned
|clearpoke
|poke|p1|Weezing-Galar, F|
|poke|p1|Hawlucha, F|
|poke|p1|Raging Bolt|
|poke|p1|Kingambit, F|
|poke|p1|Great Tusk|
|poke|p1|Polteageist|
|poke|p2|Hydrapple, M|
|poke|p2|Clodsire, F|
|poke|p2|Cinderace, F|
|poke|p2|Great Tusk|
|poke|p2|Pecharunt|
|poke|p2|Bronzong|
|teampreview
|inactive|Battle timer is ON: inactive players will automatically lose when time's up. (requested by SkitterSkatt)
|j| cara de chancho
|j| Goobshiester1st
|inactive|noob1877 test has 120 seconds left.
|
|t:|1769360358
|teamsize|p1|6
|teamsize|p2|6
|start
|switch|p1a: Weezing|Weezing-Galar, F|100/100
|switch|p2a: Bronzong|Bronzong|100/100
|-fieldstart|move: Misty Terrain|[from] ability: Misty Surge|[of] p1a: Weezing
|turn|1
|
|t:|1769360366
|move|p1a: Weezing|Overheat|p2a: Bronzong
|-supereffective|p2a: Bronzong
|-damage|p2a: Bronzong|53/100
|-unboost|p1a: Weezing|spa|2
|move|p2a: Bronzong|Stealth Rock|p1a: Weezing
|-sidestart|p1: SkitterSkatt|move: Stealth Rock
|
|-heal|p2a: Bronzong|59/100|[from] item: Leftovers
|upkeep
|turn|2
|
|t:|1769360391
|switch|p1a: Kingambit|Kingambit, F|100/100
|-damage|p1a: Kingambit|94/100|[from] Stealth Rock
|move|p2a: Bronzong|Psychic Noise|p1a: Kingambit
|-immune|p1a: Kingambit
|
|-heal|p1a: Kingambit|100/100|[from] item: Leftovers
|-heal|p2a: Bronzong|66/100|[from] item: Leftovers
|upkeep
|turn|3
|
|t:|1769360404
|switch|p2a: Cinderace|Cinderace, F|100/100
|move|p1a: Kingambit|Iron Head|p2a: Cinderace
|-resisted|p2a: Cinderace
|-damage|p2a: Cinderace|73/100
|
|upkeep
|turn|4
|j| js_redstar
|
|t:|1769360411
|move|p2a: Cinderace|U-turn|p1a: Kingambit
|-crit|p1a: Kingambit
|-damage|p1a: Kingambit|74/100
|l| js_redstar
|
|t:|1769360412
|switch|p2a: Great Tusk|Great Tusk|100/100|[from] U-turn
|move|p1a: Kingambit|Kowtow Cleave|p2a: Great Tusk
|-resisted|p2a: Great Tusk
|-damage|p2a: Great Tusk|83/100
|
|-heal|p1a: Kingambit|81/100|[from] item: Leftovers
|upkeep
|turn|5
|
|t:|1769360439
|move|p2a: Great Tusk|Ice Spinner|p1a: Kingambit
|-resisted|p1a: Kingambit
|-damage|p1a: Kingambit|69/100
|-fieldend|Misty Terrain
|move|p1a: Kingambit|Iron Head|p2a: Great Tusk
|-damage|p2a: Great Tusk|50/100
|
|-heal|p1a: Kingambit|75/100|[from] item: Leftovers
|upkeep
|turn|6
|
|t:|1769360445
|-end|p1a: Kingambit|fallenundefined|[silent]
|switch|p1a: Great Tusk|Great Tusk|100/100
|-damage|p1a: Great Tusk|98/100|[from] Stealth Rock
|-enditem|p1a: Great Tusk|Booster Energy
|-activate|p1a: Great Tusk|ability: Protosynthesis|[fromitem]
|-start|p1a: Great Tusk|protosynthesisspe
|move|p2a: Great Tusk|Headlong Rush|p1a: Great Tusk
|-damage|p1a: Great Tusk|61/100
|-unboost|p2a: Great Tusk|def|1
|-unboost|p2a: Great Tusk|spd|1
|
|upkeep
|turn|7
|
|t:|1769360456
|-end|p2a: Great Tusk|Protosynthesis|[silent]
|switch|p2a: Pecharunt|Pecharunt|100/100
|move|p1a: Great Tusk|Rapid Spin|p2a: Pecharunt
|-immune|p2a: Pecharunt
|
|upkeep
|turn|8
|
|t:|1769360461
|-end|p1a: Great Tusk|Protosynthesis|[silent]
|switch|p1a: Weezing|Weezing-Galar, F|100/100
|-damage|p1a: Weezing|88/100|[from] Stealth Rock
|-fieldstart|move: Misty Terrain|[from] ability: Misty Surge|[of] p1a: Weezing
|move|p2a: Pecharunt|Malignant Chain|p1a: Weezing
|-damage|p1a: Weezing|33/100
|
|upkeep
|turn|9
|
|t:|1769360476
|switch|p1a: Kingambit|Kingambit, F|75/100
|-damage|p1a: Kingambit|69/100|[from] Stealth Rock
|move|p2a: Pecharunt|Malignant Chain|p1a: Kingambit
|-immune|p1a: Kingambit
|
|-heal|p1a: Kingambit|75/100|[from] item: Leftovers
|upkeep
|turn|10
|
|t:|1769360483
|move|p2a: Pecharunt|Parting Shot|p1a: Kingambit
|-unboost|p1a: Kingambit|atk|1
|-unboost|p1a: Kingambit|spa|1
|
|t:|1769360485
|switch|p2a: Hydrapple|Hydrapple, M|100/100|[from] Parting Shot
|move|p1a: Kingambit|Swords Dance|p1a: Kingambit
|-boost|p1a: Kingambit|atk|2
|
|-heal|p1a: Kingambit|81/100|[from] item: Leftovers
|upkeep
|turn|11
|
|t:|1769360504
|-end|p1a: Kingambit|fallenundefined|[silent]
|switch|p1a: Hawlucha|Hawlucha, F|100/100
|-damage|p1a: Hawlucha|88/100|[from] Stealth Rock
|-enditem|p1a: Hawlucha|Misty Seed
|-boost|p1a: Hawlucha|spd|1|[from] item: Misty Seed
|move|p2a: Hydrapple|Earth Power|p1a: Hawlucha
|-immune|p1a: Hawlucha
|
|upkeep
|turn|12
|
|t:|1769360511
|switch|p2a: Pecharunt|Pecharunt|100/100
|move|p1a: Hawlucha|Swords Dance|p1a: Hawlucha
|-boost|p1a: Hawlucha|atk|2
|
|upkeep
|turn|13
|
|t:|1769360523
|-terastallize|p1a: Hawlucha|Fighting
|move|p1a: Hawlucha|Acrobatics|p2a: Pecharunt
|-damage|p2a: Pecharunt|54/100
|move|p2a: Pecharunt|Malignant Chain|p1a: Hawlucha
|-damage|p1a: Hawlucha|53/100
|
|upkeep
|turn|14
|inactive|noob1877 test has 120 seconds left.
|
|t:|1769360578
|-terastallize|p2a: Pecharunt|Dark
|move|p1a: Hawlucha|Swords Dance|p1a: Hawlucha
|-boost|p1a: Hawlucha|atk|2
|move|p2a: Pecharunt|Foul Play|p1a: Hawlucha
|-resisted|p1a: Hawlucha
|-damage|p1a: Hawlucha|0 fnt
|faint|p1a: Hawlucha
|
|upkeep
|c|☆SkitterSkatt|Wp
|inactive|SkitterSkatt has 120 seconds left.
|l| Goobshiester1st
|
|t:|1769360617
|switch|p1a: Great Tusk|Great Tusk|61/100
|-damage|p1a: Great Tusk|58/100|[from] Stealth Rock
|turn|15
|inactive|noob1877 test has 90 seconds left.
|
|t:|1769360647
|move|p1a: Great Tusk|Rapid Spin|p2a: Pecharunt
|-damage|p2a: Pecharunt|47/100
|-boost|p1a: Great Tusk|spe|1
|-sideend|p1: SkitterSkatt|Stealth Rock|[from] move: Rapid Spin|[of] p1a: Great Tusk
|move|p2a: Pecharunt|Recover|p2a: Pecharunt
|-heal|p2a: Pecharunt|97/100
|
|-fieldend|Misty Terrain
|upkeep
|turn|16
|
|t:|1769360655
|-end|p1a: Great Tusk|Protosynthesis|[silent]
|switch|p1a: Weezing|Weezing-Galar, F|33/100
|-fieldstart|move: Misty Terrain|[from] ability: Misty Surge|[of] p1a: Weezing
|move|p2a: Pecharunt|Parting Shot|p1a: Weezing
|-unboost|p1a: Weezing|atk|1
|-unboost|p1a: Weezing|spa|1
|
|t:|1769360663
|switch|p2a: Great Tusk|Great Tusk|50/100|[from] Parting Shot
|
|upkeep
|turn|17
|inactive|SkitterSkatt has 120 seconds left.
|inactive|noob1877 test has 90 seconds left.
|
|t:|1769360712
|switch|p1a: Polteageist|Polteageist|100/100
|move|p2a: Great Tusk|Headlong Rush|p1a: Polteageist
|-damage|p1a: Polteageist|23/100
|-unboost|p2a: Great Tusk|def|1
|-unboost|p2a: Great Tusk|spd|1
|-start|p2a: Great Tusk|Disable|Headlong Rush|[from] ability: Cursed Body|[of] p1a: Polteageist
|
|upkeep
|turn|18
|
|t:|1769360717
|-end|p2a: Great Tusk|Protosynthesis|[silent]
|switch|p2a: Pecharunt|Pecharunt, tera:Dark|97/100
|move|p1a: Polteageist|Shadow Ball|p2a: Pecharunt
|-resisted|p2a: Pecharunt
|-damage|p2a: Pecharunt|78/100
|-unboost|p2a: Pecharunt|spd|1
|
|upkeep
|turn|19
|
|t:|1769360720
|move|p2a: Pecharunt|Foul Play|p1a: Polteageist
|-supereffective|p1a: Polteageist
|-damage|p1a: Polteageist|0 fnt
|faint|p1a: Polteageist
|
|upkeep
|inactive|SkitterSkatt has 120 seconds left.
|
|t:|1769360728
|switch|p1a: Kingambit|Kingambit, F|81/100
|-activate|p1a: Kingambit|ability: Supreme Overlord
|-start|p1a: Kingambit|fallen2|[silent]
|turn|20
|inactive|noob1877 test has 120 seconds left.
|
|t:|1769360736
|move|p2a: Pecharunt|Parting Shot|p1a: Kingambit
|-unboost|p1a: Kingambit|atk|1
|-unboost|p1a: Kingambit|spa|1
|
|t:|1769360738
|switch|p2a: Cinderace|Cinderace, F|73/100|[from] Parting Shot
|move|p1a: Kingambit|Swords Dance|p1a: Kingambit
|-boost|p1a: Kingambit|atk|2
|
|-heal|p1a: Kingambit|87/100|[from] item: Leftovers
|upkeep
|turn|21
|
|t:|1769360747
|move|p1a: Kingambit|Sucker Punch|p2a: Cinderace
|-damage|p2a: Cinderace|0 fnt
|faint|p2a: Cinderace
|
|-heal|p1a: Kingambit|93/100|[from] item: Leftovers
|upkeep
|
|t:|1769360750
|switch|p2a: Great Tusk|Great Tusk|50/100
|turn|22
|
|t:|1769360763
|move|p2a: Great Tusk|Headlong Rush|p1a: Kingambit
|-supereffective|p1a: Kingambit
|-damage|p1a: Kingambit|0 fnt
|-unboost|p2a: Great Tusk|def|1
|-unboost|p2a: Great Tusk|spd|1
|faint|p1a: Kingambit
|-end|p1a: Kingambit|fallen2|[silent]
|
|upkeep
|-message|SkitterSkatt forfeited.
|
|win|noob1877 test
|raw|SkitterSkatt's rating: 1683 &rarr; <strong>1669</strong><br />(-14 for losing)
|raw|noob1877 test's rating: 1792 &rarr; <strong>1806</strong><br />(+14 for winning)
|l|☆SkitterSkatt
|player|p1|
|l|☆noob1877 test
|player|p2|
|l| cara de chancho
