|j|☆swl_kitkat
|j|☆constartus
|t:|1769339727
|gametype|singles
|player|p1|swl_kitkat|pokemonbreederf-gen4|1454
|player|p2|constartus|az|1346
|gen|9
|tier|[Gen 9] OU
|rated|
|rule|HP Percentage Mod: HP is shown in percentages
|rule|Endless Battle Clause: Forcing endless battles is banned
|rule|Species Clause: Limit one of each Pokémon
|rule|OHKO Clause: OHKO moves are banned
|rule|Evasion Items Clause: Evasion items are banned
|rule|Evasion Moves Clause: Evasion moves are banned
|rule|Evasion Abilities Clause: Evasion abilities are banned
|rule|Sleep Moves Clause: Sleep-inducing moves are banned
|clearpoke
|poke|p1|Polteageist|
|poke|p1|Great Tusk|
|poke|p1|Zapdos|
|poke|p1|Cinderace, M|
|poke|p1|Iron Valiant|
|poke|p1|Tyranitar, M|
|poke|p2|Ribombee, F|
|poke|p2|Empoleon, M|
|poke|p2|Ogerpon, F|
|poke|p2|Kingambit, M|
|poke|p2|Gothitelle, F|
|poke|p2|Smeargle, M|
|teampreview
|inactive|Battle timer is ON: inactive players will automatically lose when time's up. (requested by constartus)
|
|t:|1769339748
|teamsize|p1|6
|teamsize|p2|6
|start
|switch|p1a: Cinderace|Cinderace, M|100/100
|switch|p2a: Ribombee|Ribombee, F, shiny|100/100
|turn|1
|
|t:|1769339758
|move|p2a: Ribombee|Sticky Web|p1a: Cinderace
|-sidestart|p1: swl_kitkat|move: Sticky Web
|move|p1a: Cinderace|Pyro Ball|p2a: Ribombee
|-supereffective|p2a: Ribombee
|-enditem|p2a: Ribombee|Focus Sash
|-damage|p2a: Ribombee|1/100
|
|upkeep
|turn|2
|
|t:|1769339763
|move|p2a: Ribombee|Stun Spore|p1a: Cinderace
|-status|p1a: Cinderace|par
|cant|p1a: Cinderace|par
|
|upkeep
|turn|3
|
|t:|1769339768
|move|p2a: Ribombee|Switcheroo|p1a: Cinderace
|-activate|p2a: Ribombee|move: Trick|[of] p1a: Cinderace
|-enditem|p1a: Cinderace|Heavy-Duty Boots|[silent]|[from] move: Switcheroo
|-item|p2a: Ribombee|Heavy-Duty Boots|[from] move: Switcheroo
|move|p1a: Cinderace|Pyro Ball|p2a: Ribombee
|-supereffective|p2a: Ribombee
|-damage|p2a: Ribombee|0 fnt
|faint|p2a: Ribombee
|
|upkeep
|
|t:|1769339776
|switch|p2a: TC Nick 4|Empoleon, M|100/100
|turn|4
|
|t:|1769339779
|move|p1a: Cinderace|Court Change|p1a: Cinderace
|-start|p1a: Cinderace|typechange|Normal|[from] ability: Libero
|-swapsideconditions
|-activate|p1a: Cinderace|move: Court Change
|move|p2a: TC Nick 4|Surf|p1a: Cinderace
|-damage|p1a: Cinderace|9/100 par
|-damage|p2a: TC Nick 4|91/100|[from] item: Life Orb
|
|upkeep
|turn|5
|
|t:|1769339785
|switch|p2a: Smeargle|Smeargle, M|100/100
|-activate|p2a: Smeargle|move: Sticky Web
|-unboost|p2a: Smeargle|spe|1
|move|p1a: Cinderace|U-turn|p2a: Smeargle
|-damage|p2a: Smeargle|48/100
|
|t:|1769339795
|switch|p1a: Polteabag|Polteageist|100/100|[from] U-turn
|
|upkeep
|turn|6
|
|t:|1769339802
|move|p1a: Polteabag|Shell Smash|p1a: Polteabag
|-unboost|p1a: Polteabag|def|1
|-unboost|p1a: Polteabag|spd|1
|-boost|p1a: Polteabag|atk|2
|-boost|p1a: Polteabag|spa|2
|-boost|p1a: Polteabag|spe|2
|-enditem|p1a: Polteabag|White Herb
|-clearnegativeboost|p1a: Polteabag|[silent]
|move|p2a: Smeargle|Toxic Thread|p1a: Polteabag
|-unboost|p1a: Polteabag|spe|1
|-status|p1a: Polteabag|psn
|
|-damage|p1a: Polteabag|88/100 psn|[from] psn
|upkeep
|turn|7
|
|t:|1769339812
|move|p2a: Smeargle|Silk Trap|p2a: Smeargle
|-singleturn|p2a: Smeargle|Protect
|move|p1a: Polteabag|Stored Power|p2a: Smeargle
|-activate|p2a: Smeargle|move: Protect
|
|-damage|p1a: Polteabag|76/100 psn|[from] psn
|upkeep
|turn|8
|
|t:|1769339818
|move|p1a: Polteabag|Stored Power|p2a: Smeargle
|-damage|p2a: Smeargle|0 fnt
|faint|p2a: Smeargle
|
|-damage|p1a: Polteabag|64/100 psn|[from] psn
|upkeep
|
|t:|1769339822
|switch|p2a: TC Nick 4|Empoleon, M|91/100
|-activate|p2a: TC Nick 4|move: Sticky Web
|-unboost|p2a: TC Nick 4|spe|1
|-ability|p2a: TC Nick 4|Competitive|boost
|-boost|p2a: TC Nick 4|spa|2
|turn|9
|
|t:|1769339827
|-terastallize|p1a: Polteabag|Fighting
|move|p1a: Polteabag|Tera Blast|p2a: TC Nick 4|[anim] Tera Blast Fighting
|-supereffective|p2a: TC Nick 4
|-damage|p2a: TC Nick 4|0 fnt
|faint|p2a: TC Nick 4
|
|-damage|p1a: Polteabag|51/100 psn|[from] psn
|upkeep
|
|t:|1769339848
|switch|p2a: Ogerpon|Ogerpon, F|100/100
|-activate|p2a: Ogerpon|move: Sticky Web
|-unboost|p2a: Ogerpon|spe|1
|-ability|p2a: Ogerpon|Defiant|boost
|-boost|p2a: Ogerpon|atk|2
|-enditem|p2a: Ogerpon|White Herb
|-clearnegativeboost|p2a: Ogerpon|[silent]
|turn|10
|
|t:|1769339861
|-terastallize|p2a: Ogerpon|Grass
|detailschange|p2a: Ogerpon|Ogerpon-Teal-Tera, F, tera:Grass
|-ability|p2a: Ogerpon|Embody Aspect (Teal)|boost
|-boost|p2a: Ogerpon|spe|1
|move|p2a: Ogerpon|Ivy Cudgel|p1a: Polteabag
|-damage|p1a: Polteabag|0 fnt
|faint|p1a: Polteabag
|
|upkeep
|
|t:|1769339868
|switch|p1a: Iron Valiant|Iron Valiant|100/100
|-enditem|p1a: Iron Valiant|Booster Energy
|-activate|p1a: Iron Valiant|ability: Quark Drive|[fromitem]
|-start|p1a: Iron Valiant|quarkdrivespe
|turn|11
|
|t:|1769339873
|move|p1a: Iron Valiant|Moonblast|p2a: Ogerpon
|-damage|p2a: Ogerpon|47/100
|move|p2a: Ogerpon|Ivy Cudgel|p1a: Iron Valiant
|-crit|p1a: Iron Valiant
|-damage|p1a: Iron Valiant|0 fnt
|faint|p1a: Iron Valiant
|-end|p1a: Iron Valiant|Quark Drive|[silent]
|
|upkeep
|
|t:|1769339879
|switch|p1a: Zapdos|Zapdos|100/100
|turn|12
|
|t:|1769339885
|move|p2a: Ogerpon|Knock Off|p1a: Zapdos
|-damage|p1a: Zapdos|33/100
|-enditem|p1a: Zapdos|Leftovers|[from] move: Knock Off|[of] p2a: Ogerpon
|move|p1a: Zapdos|Heat Wave|p2a: Ogerpon
|-supereffective|p2a: Ogerpon
|-damage|p2a: Ogerpon|0 fnt
|faint|p2a: Ogerpon
|detailschange|p2: Ogerpon|Ogerpon, F|[silent]
|
|upkeep
|
|t:|1769339891
|switch|p2a: Gothitelle|Gothitelle, F|100/100
|-activate|p2a: Gothitelle|move: Sticky Web
|-unboost|p2a: Gothitelle|spe|1
|-ability|p2a: Gothitelle|Competitive|boost
|-boost|p2a: Gothitelle|spa|2
|turn|13
|
|t:|1769339894
|move|p1a: Zapdos|Hurricane|p2a: Gothitelle
|-damage|p2a: Gothitelle|41/100
|-enditem|p2a: Gothitelle|Sitrus Berry|[eat]
|-heal|p2a: Gothitelle|66/100|[from] item: Sitrus Berry
|move|p2a: Gothitelle|Trick Room|p2a: Gothitelle
|-fieldstart|move: Trick Room|[of] p2a: Gothitelle
|
|upkeep
|turn|14
|
|t:|1769339901
|move|p2a: Gothitelle|Dark Pulse|p1a: Zapdos
|-damage|p1a: Zapdos|0 fnt
|faint|p1a: Zapdos
|
|upkeep
|
|t:|1769339904
|switch|p1a: Tyranitar|Tyranitar, M|100/100
|-weather|Sandstorm|[from] ability: Sand Stream|[of] p1a: Tyranitar
|turn|15
|
|t:|1769339907
|move|p2a: Gothitelle|Thunderbolt|p1a: Tyranitar
|-damage|p1a: Tyranitar|64/100
|move|p1a: Tyranitar|Knock Off|p2a: Gothitelle
|-supereffective|p2a: Gothitelle
|-damage|p2a: Gothitelle|0 fnt
|faint|p2a: Gothitelle
|
|-weather|Sandstorm|[upkeep]
|upkeep
|
|t:|1769339909
|switch|p2a: Kingambit|Kingambit, M|100/100
|-activate|p2a: Kingambit|move: Sticky Web
|-unboost|p2a: Kingambit|spe|1
|-ability|p2a: Kingambit|Defiant|boost
|-boost|p2a: Kingambit|atk|2
|turn|16
|
|t:|1769339914
|move|p2a: Kingambit|Iron Head|p1a: Tyranitar
|-supereffective|p1a: Tyranitar
|-damage|p1a: Tyranitar|0 fnt
|faint|p1a: Tyranitar
|
|-weather|Sandstorm|[upkeep]
|upkeep
|
|t:|1769339918
|switch|p1a: Tusk|Great Tusk|100/100
|turn|17
|
|t:|1769339920
|move|p2a: Kingambit|Iron Head|p1a: Tusk
|-damage|p1a: Tusk|33/100
|move|p1a: Tusk|Body Press|p2a: Kingambit
|-supereffective|p2a: Kingambit
|-damage|p2a: Kingambit|0 fnt
|faint|p2a: Kingambit
|
|win|swl_kitkat
|raw|swl_kitkat's rating: 1454 &rarr; <strong>1468</strong><br />(+14 for winning)
|raw|constartus's rating: 1346 &rarr; <strong>1332</strong><br />(-14 for losing)
|l|☆constartus
|player|p2|
|c|☆swl_kitkat|gg
|l|☆swl_kitkat
|player|p1|
