|j|☆Igoodnamename
|j|☆Above ur wayss
|t:|1769405482
|gametype|singles
|player|p1|Igoodnamename|266|1557
|player|p2|Above ur wayss|170|1670
|gen|9
|tier|[Gen 9] OU
|rated|
|rule|HP Percentage Mod: HP is shown in percentages
|rule|Endless Battle Clause: Forcing endless battles is banned
|rule|Species Clause: Limit one of each Pokémon
|rule|OHKO Clause: OHKO moves are banned
|rule|Evasion Items Clause: Evasion items are banned
|rule|Evasion Moves Clause: Evasion moves are banned
|rule|Evasion Abilities Clause: Evasion abilities are banned
|rule|Sleep Moves Clause: Sleep-inducing moves are banned
|clearpoke
|poke|p1|Garchomp, M|
|poke|p1|Tinkaton, F|
|poke|p1|Weavile, M|
|poke|p1|Zamazenta-*|
|poke|p1|Gholdengo|
|poke|p1|Walking Wake|
|poke|p2|Kyurem|
|poke|p2|Cinderace, F|
|poke|p2|Landorus-Therian, M|
|poke|p2|Kingambit, M|
|poke|p2|Glimmora, M|
|poke|p2|Dragapult, M|
|teampreview
|j| Asrzzz
|
|t:|1769405530
|teamsize|p1|6
|teamsize|p2|6
|start
|switch|p1a: Garchomp|Garchomp, M|100/100
|switch|p2a: Dragapult|Dragapult, M|100/100
|turn|1
|
|t:|1769405539
|switch|p1a: Tinkaton|Tinkaton, F|100/100
|-ability|p1a: Tinkaton|Mold Breaker
|-item|p1a: Tinkaton|Air Balloon
|move|p2a: Dragapult|Flamethrower|p1a: Tinkaton
|-supereffective|p1a: Tinkaton
|-damage|p1a: Tinkaton|29/100
|-enditem|p1a: Tinkaton|Air Balloon
|
|upkeep
|turn|2
|
|t:|1769405552
|switch|p2a: Kyurem|Kyurem|100/100
|-ability|p2a: Kyurem|Pressure
|switch|p1a: Walking Wake|Walking Wake|100/100
|
|upkeep
|turn|3
|
|t:|1769405563
|move|p2a: Kyurem|Protect|p2a: Kyurem
|-singleturn|p2a: Kyurem|Protect
|move|p1a: Walking Wake|Draco Meteor|p2a: Kyurem
|-activate|p2a: Kyurem|move: Protect
|
|upkeep
|turn|4
|
|t:|1769405568
|-terastallize|p2a: Kyurem|Ground
|move|p1a: Walking Wake|Flip Turn|p2a: Kyurem
|-supereffective|p2a: Kyurem
|-damage|p2a: Kyurem|69/100
|
|t:|1769405575
|-end|p1a: Walking Wake|Protosynthesis|[silent]
|switch|p1a: Gholdengo|Gholdengo|100/100|[from] Flip Turn
|move|p2a: Kyurem|Freeze-Dry|p1a: Gholdengo
|-resisted|p1a: Gholdengo
|-damage|p1a: Gholdengo|79/100
|
|-heal|p2a: Kyurem|75/100|[from] item: Leftovers
|upkeep
|turn|5
|
|t:|1769405592
|switch|p1a: Zamazenta|Zamazenta|100/100
|-ability|p1a: Zamazenta|Dauntless Shield|boost
|-boost|p1a: Zamazenta|def|1
|move|p2a: Kyurem|Substitute|p2a: Kyurem
|-start|p2a: Kyurem|Substitute
|-damage|p2a: Kyurem|50/100
|
|-heal|p2a: Kyurem|57/100|[from] item: Leftovers
|upkeep
|turn|6
|
|t:|1769405602
|move|p2a: Kyurem|Protect|p2a: Kyurem
|-singleturn|p2a: Kyurem|Protect
|move|p1a: Zamazenta|Close Combat|p2a: Kyurem
|-activate|p2a: Kyurem|move: Protect
|
|-heal|p2a: Kyurem|63/100|[from] item: Leftovers
|upkeep
|turn|7
|inactive|Battle timer is ON: inactive players will automatically lose when time's up. (requested by Above ur wayss)
|
|t:|1769405610
|move|p1a: Zamazenta|Close Combat|p2a: Kyurem
|-end|p2a: Kyurem|Substitute
|-unboost|p1a: Zamazenta|def|1
|-unboost|p1a: Zamazenta|spd|1
|move|p2a: Kyurem|Substitute|p2a: Kyurem
|-start|p2a: Kyurem|Substitute
|-damage|p2a: Kyurem|38/100
|
|-heal|p2a: Kyurem|44/100|[from] item: Leftovers
|upkeep
|turn|8
|
|t:|1769405617
|move|p1a: Zamazenta|Stone Edge|p2a: Kyurem|[miss]
|-miss|p1a: Zamazenta|p2a: Kyurem
|move|p2a: Kyurem|Freeze-Dry|p1a: Zamazenta
|-damage|p1a: Zamazenta|65/100
|
|-heal|p2a: Kyurem|50/100|[from] item: Leftovers
|upkeep
|turn|9
|
|t:|1769405623
|switch|p1a: Weavile|Weavile, M|100/100
|-ability|p1a: Weavile|Pressure
|move|p2a: Kyurem|Protect||[still]
|-fail|p2a: Kyurem
|
|-heal|p2a: Kyurem|56/100|[from] item: Leftovers
|upkeep
|turn|10
|
|t:|1769405632
|move|p2a: Kyurem|Protect|p2a: Kyurem
|-singleturn|p2a: Kyurem|Protect
|move|p1a: Weavile|Triple Axel|p2a: Kyurem
|-activate|p2a: Kyurem|move: Protect
|
|-heal|p2a: Kyurem|63/100|[from] item: Leftovers
|upkeep
|turn|11
|
|t:|1769405639
|switch|p2a: Glimmora|Glimmora, M|100/100
|move|p1a: Weavile|Triple Axel|p2a: Glimmora
|-damage|p2a: Glimmora|92/100
|-activate|p2a: Glimmora|ability: Toxic Debris
|-sidestart|p1: Igoodnamename|move: Toxic Spikes
|-damage|p2a: Glimmora|73/100
|-activate|p2a: Glimmora|ability: Toxic Debris
|-sidestart|p1: Igoodnamename|move: Toxic Spikes
|-damage|p2a: Glimmora|45/100
|-hitcount|p2a: Glimmora|3
|-enditem|p2a: Glimmora|Red Card|[of] p1a: Weavile
|drag|p1a: Walking Wake|Walking Wake|100/100
|
|upkeep
|turn|12
|
|t:|1769405655
|move|p1a: Walking Wake|Scald|p2a: Glimmora
|-supereffective|p2a: Glimmora
|-damage|p2a: Glimmora|0 fnt
|faint|p2a: Glimmora
|
|upkeep
|
|t:|1769405660
|switch|p2a: Dragapult|Dragapult, M|100/100
|turn|13
|
|t:|1769405665
|-terastallize|p1a: Walking Wake|Fairy
|move|p2a: Dragapult|U-turn|p1a: Walking Wake
|-resisted|p1a: Walking Wake
|-crit|p1a: Walking Wake
|-damage|p1a: Walking Wake|87/100
|
|t:|1769405678
|switch|p2a: Kingambit|Kingambit, M|100/100|[from] U-turn
|-activate|p2a: Kingambit|ability: Supreme Overlord
|-start|p2a: Kingambit|fallen1|[silent]
|move|p1a: Walking Wake|Draco Meteor|p2a: Kingambit
|-resisted|p2a: Kingambit
|-damage|p2a: Kingambit|67/100
|-unboost|p1a: Walking Wake|spa|2
|
|upkeep
|turn|14
|
|t:|1769405696
|-end|p1a: Walking Wake|Protosynthesis|[silent]
|switch|p1a: Garchomp|Garchomp, M|100/100
|-status|p1a: Garchomp|tox
|-end|p2a: Kingambit|fallen1|[silent]
|switch|p2a: Dragapult|Dragapult, M|100/100
|
|-damage|p1a: Garchomp|94/100 tox|[from] psn
|upkeep
|turn|15
|
|t:|1769405705
|switch|p1a: Gholdengo|Gholdengo|79/100
|move|p2a: Dragapult|Draco Meteor|p1a: Gholdengo
|-resisted|p1a: Gholdengo
|-damage|p1a: Gholdengo|34/100
|-unboost|p2a: Dragapult|spa|2
|
|upkeep
|turn|16
|
|t:|1769405723
|switch|p2a: Landorus|Landorus-Therian, M|100/100
|-ability|p2a: Landorus|Intimidate|boost
|-unboost|p1a: Gholdengo|atk|1
|move|p1a: Gholdengo|Shadow Ball|p2a: Landorus
|-damage|p2a: Landorus|52/100
|-unboost|p2a: Landorus|spd|1
|
|upkeep
|turn|17
|
|t:|1769405728
|move|p1a: Gholdengo|Shadow Ball|p2a: Landorus
|-damage|p2a: Landorus|0 fnt
|faint|p2a: Landorus
|
|upkeep
|
|t:|1769405744
|switch|p2a: Kyurem|Kyurem, tera:Ground|63/100
|-ability|p2a: Kyurem|Pressure
|turn|18
|
|t:|1769405748
|move|p1a: Gholdengo|Shadow Ball|p2a: Kyurem
|-damage|p2a: Kyurem|26/100
|-unboost|p2a: Kyurem|spd|1
|move|p2a: Kyurem|Earth Power|p1a: Gholdengo
|-supereffective|p1a: Gholdengo
|-damage|p1a: Gholdengo|0 fnt
|faint|p1a: Gholdengo
|
|-heal|p2a: Kyurem|32/100|[from] item: Leftovers
|upkeep
|
|t:|1769405755
|switch|p1a: Weavile|Weavile, M|100/100
|-ability|p1a: Weavile|Pressure
|turn|19
|
|t:|1769405761
|move|p1a: Weavile|Swords Dance|p1a: Weavile
|-boost|p1a: Weavile|atk|2
|move|p2a: Kyurem|Earth Power|p1a: Weavile
|-damage|p1a: Weavile|41/100
|
|-heal|p2a: Kyurem|39/100|[from] item: Leftovers
|upkeep
|turn|20
|
|t:|1769405768
|move|p1a: Weavile|Ice Shard|p2a: Kyurem
|-supereffective|p2a: Kyurem
|-damage|p2a: Kyurem|0 fnt
|faint|p2a: Kyurem
|
|upkeep
|
|t:|1769405771
|switch|p2a: Kingambit|Kingambit, M|67/100
|-activate|p2a: Kingambit|ability: Supreme Overlord
|-start|p2a: Kingambit|fallen3|[silent]
|turn|21
|
|t:|1769405775
|move|p1a: Weavile|Ice Shard|p2a: Kingambit
|-resisted|p2a: Kingambit
|-damage|p2a: Kingambit|50/100
|move|p2a: Kingambit|Iron Head|p1a: Weavile
|-supereffective|p1a: Weavile
|-damage|p1a: Weavile|0 fnt
|faint|p1a: Weavile
|
|upkeep
|
|t:|1769405781
|switch|p1a: Zamazenta|Zamazenta|65/100
|-status|p1a: Zamazenta|tox
|turn|22
|
|t:|1769405802
|-end|p2a: Kingambit|fallen3|[silent]
|switch|p2a: Dragapult|Dragapult, M|100/100
|move|p1a: Zamazenta|Crunch|p2a: Dragapult
|-supereffective|p2a: Dragapult
|-crit|p2a: Dragapult
|-damage|p2a: Dragapult|0 fnt
|faint|p2a: Dragapult
|
|-damage|p1a: Zamazenta|59/100 tox|[from] psn
|upkeep
|inactive|Above ur wayss has 120 seconds left.
|inactive|Above ur wayss has 90 seconds left.
|inactive|Above ur wayss has 60 seconds left.
|inactive|Above ur wayss has 30 seconds left.
|inactive|Above ur wayss has 20 seconds left.
|inactive|Above ur wayss has 15 seconds left.
|inactive|Above ur wayss has 10 seconds left.
|inactive|Above ur wayss has 5 seconds left.
|-message|Above ur wayss lost due to inactivity.
|
|win|Igoodnamename
|raw|Igoodnamename's rating: 1557 &rarr; <strong>1583</strong><br />(+26 for winning)
|raw|Above ur wayss's rating: 1670 &rarr; <strong>1644</strong><br />(-26 for losing)
|l| Asrzzz
|l|☆Igoodnamename
|player|p1|
