|j|☆Zettaaa
|j|☆Evioliths for win
|t:|1769348692
|gametype|singles
|player|p1|Zettaaa|brawly|1290
|player|p2|Evioliths for win|ninjaboy|1335
|gen|9
|tier|[Gen 9] OU
|rated|
|rule|HP Percentage Mod: HP is shown in percentages
|rule|Endless Battle Clause: Forcing endless battles is banned
|rule|Species Clause: Limit one of each Pokémon
|rule|OHKO Clause: OHKO moves are banned
|rule|Evasion Items Clause: Evasion items are banned
|rule|Evasion Moves Clause: Evasion moves are banned
|rule|Evasion Abilities Clause: Evasion abilities are banned
|rule|Sleep Moves Clause: Sleep-inducing moves are banned
|clearpoke
|poke|p1|Scizor, M|
|poke|p1|Weavile, M|
|poke|p1|Iron Jugulis|
|poke|p1|Zoroark-Hisui, F|
|poke|p1|Orthworm, F|
|poke|p1|Lycanroc-Midnight, M|
|poke|p2|Darkrai|
|poke|p2|Landorus-Therian, M|
|poke|p2|Clefable, F|
|poke|p2|Gholdengo|
|poke|p2|Corviknight, M|
|poke|p2|Great Tusk|
|teampreview
|inactive|Battle timer is ON: inactive players will automatically lose when time's up. (requested by Evioliths for win)
|
|t:|1769348704
|teamsize|p1|6
|teamsize|p2|6
|start
|switch|p1a: Weavile|Weavile, M|100/100
|switch|p2a: Landorus|Landorus-Therian, M|100/100
|-ability|p1a: Weavile|Pressure
|-ability|p2a: Landorus|Intimidate|boost
|-unboost|p1a: Weavile|atk|1
|turn|1
|
|t:|1769348723
|switch|p2a: Corviknight|Corviknight, M|100/100
|move|p1a: Weavile|Fake Out|p2a: Corviknight
|-resisted|p2a: Corviknight
|-crit|p2a: Corviknight
|-damage|p2a: Corviknight|95/100
|
|-heal|p2a: Corviknight|100/100|[from] item: Leftovers
|upkeep
|turn|2
|
|t:|1769348737
|switch|p1a: Lycanroc|Lycanroc-Midnight, M|100/100
|move|p2a: Corviknight|U-turn|p1a: Lycanroc
|-resisted|p1a: Lycanroc
|-damage|p1a: Lycanroc|86/100
|replace|p1a: Zoroark|Zoroark-Hisui, F
|-end|p1a: Zoroark|Illusion
|
|t:|1769348749
|switch|p2a: Landorus|Landorus-Therian, M|100/100|[from] U-turn
|-ability|p2a: Landorus|Intimidate|boost
|-unboost|p1a: Zoroark|atk|1
|
|upkeep
|turn|3
|
|t:|1769348759
|move|p1a: Zoroark|Taunt|p2a: Landorus
|-start|p2a: Landorus|move: Taunt
|cant|p2a: Landorus|move: Taunt|Stealth Rock
|
|upkeep
|turn|4
|
|t:|1769348772
|switch|p1a: Weavile|Weavile, M|100/100
|-ability|p1a: Weavile|Pressure
|move|p2a: Landorus|U-turn|p1a: Weavile
|-supereffective|p1a: Weavile
|-damage|p1a: Weavile|24/100
|
|t:|1769348781
|switch|p2a: Corviknight|Corviknight, M|100/100|[from] U-turn
|
|upkeep
|turn|5
|
|t:|1769348784
|move|p1a: Weavile|Knock Off|p2a: Corviknight
|-damage|p2a: Corviknight|74/100
|-enditem|p2a: Corviknight|Leftovers|[from] move: Knock Off|[of] p1a: Weavile
|move|p2a: Corviknight|U-turn|p1a: Weavile
|-supereffective|p1a: Weavile
|-damage|p1a: Weavile|0 fnt
|faint|p1a: Weavile
|
|t:|1769348802
|switch|p2a: Landorus|Landorus-Therian, M|100/100|[from] U-turn
|
|upkeep
|
|t:|1769348815
|switch|p1a: Orthworm|Orthworm, F|100/100
|turn|6
|
|t:|1769348824
|move|p2a: Landorus|Stealth Rock|p1a: Orthworm
|-sidestart|p1: Zettaaa|move: Stealth Rock
|move|p1a: Orthworm|Stealth Rock|p2a: Landorus
|-sidestart|p2: Evioliths for win|move: Stealth Rock
|
|upkeep
|turn|7
|
|t:|1769348839
|move|p2a: Landorus|Taunt|p1a: Orthworm
|-start|p1a: Orthworm|move: Taunt
|cant|p1a: Orthworm|move: Taunt|Iron Defense
|
|upkeep
|turn|8
|
|t:|1769348847
|switch|p1a: Lycanroc|Lycanroc-Midnight, M|86/100
|-damage|p1a: Lycanroc|74/100|[from] Stealth Rock
|move|p2a: Landorus|U-turn|p1a: Lycanroc
|-resisted|p1a: Lycanroc
|-damage|p1a: Lycanroc|52/100
|replace|p1a: Zoroark|Zoroark-Hisui, F
|-end|p1a: Zoroark|Illusion
|
|t:|1769348870
|switch|p2a: Gholdengo|Gholdengo|100/100|[from] U-turn
|-damage|p2a: Gholdengo|94/100|[from] Stealth Rock
|
|upkeep
|turn|9
|
|t:|1769348878
|move|p2a: Gholdengo|Trick|p1a: Zoroark
|-activate|p2a: Gholdengo|move: Trick|[of] p1a: Zoroark
|-item|p1a: Zoroark|Choice Scarf|[from] move: Trick
|-item|p2a: Gholdengo|Choice Specs|[from] move: Trick
|move|p1a: Zoroark|Shadow Ball|p2a: Gholdengo
|-supereffective|p2a: Gholdengo
|-damage|p2a: Gholdengo|4/100
|
|upkeep
|turn|10
|
|t:|1769348891
|switch|p2a: Clefable|Clefable, F|100/100
|move|p1a: Zoroark|Shadow Ball|p2a: Clefable
|-damage|p2a: Clefable|72/100
|
|-heal|p2a: Clefable|78/100|[from] item: Leftovers
|upkeep
|turn|11
|
|t:|1769348906
|switch|p1a: Scizor|Scizor, M|100/100
|-damage|p1a: Scizor|88/100|[from] Stealth Rock
|move|p2a: Clefable|Moonblast|p1a: Scizor
|-resisted|p1a: Scizor
|-damage|p1a: Scizor|69/100
|
|-heal|p2a: Clefable|84/100|[from] item: Leftovers
|upkeep
|turn|12
|
|t:|1769348914
|move|p1a: Scizor|U-turn|p2a: Clefable
|-resisted|p2a: Clefable
|-damage|p2a: Clefable|50/100
|
|t:|1769348925
|switch|p1a: Lycanroc|Lycanroc-Midnight, M|100/100|[from] U-turn
|-damage|p1a: Lycanroc|88/100|[from] Stealth Rock
|move|p2a: Clefable|Flamethrower|p1a: Lycanroc
|-resisted|p1a: Lycanroc
|-damage|p1a: Lycanroc|74/100
|
|-heal|p2a: Clefable|56/100|[from] item: Leftovers
|upkeep
|turn|13
|
|t:|1769348938
|switch|p2a: Great Tusk|Great Tusk|100/100
|move|p1a: Lycanroc|Stone Edge|p2a: Great Tusk
|-resisted|p2a: Great Tusk
|-damage|p2a: Great Tusk|93/100
|
|upkeep
|turn|14
|
|t:|1769348946
|switch|p1a: Orthworm|Orthworm, F|100/100
|-damage|p1a: Orthworm|94/100|[from] Stealth Rock
|move|p2a: Great Tusk|Rapid Spin|p1a: Orthworm
|-resisted|p1a: Orthworm
|-damage|p1a: Orthworm|89/100
|-boost|p2a: Great Tusk|spe|1
|-damage|p2a: Great Tusk|76/100|[from] item: Rocky Helmet|[of] p1a: Orthworm
|-sideend|p2: Evioliths for win|Stealth Rock|[from] move: Rapid Spin|[of] p2a: Great Tusk
|
|upkeep
|turn|15
|
|t:|1769348958
|move|p2a: Great Tusk|Knock Off|p1a: Orthworm
|-damage|p1a: Orthworm|69/100
|-damage|p2a: Great Tusk|59/100|[from] item: Rocky Helmet|[of] p1a: Orthworm
|-enditem|p1a: Orthworm|Rocky Helmet|[from] move: Knock Off|[of] p2a: Great Tusk
|move|p1a: Orthworm|Stealth Rock|p2a: Great Tusk
|-sidestart|p2: Evioliths for win|move: Stealth Rock
|
|upkeep
|turn|16
|
|t:|1769348966
|switch|p1a: Scizor|Scizor, M|52/100
|-damage|p1a: Scizor|40/100|[from] Stealth Rock
|move|p2a: Great Tusk|Close Combat|p1a: Scizor
|-immune|p1a: Scizor
|
|upkeep
|turn|17
|
|t:|1769348987
|-end|p2a: Great Tusk|Protosynthesis|[silent]
|switch|p2a: Clefable|Clefable, F|56/100
|move|p1a: Scizor|Trick|p2a: Clefable
|-activate|p1a: Scizor|move: Trick|[of] p2a: Clefable
|-item|p2a: Clefable|Choice Scarf|[from] move: Trick
|-item|p1a: Scizor|Leftovers|[from] move: Trick
|
|-heal|p1a: Scizor|46/100|[from] item: Leftovers
|upkeep
|turn|18
|
|t:|1769349002
|move|p1a: Scizor|Hyper Voice|p2a: Clefable
|-damage|p2a: Clefable|28/100
|move|p2a: Clefable|Thunder Wave|p1a: Scizor
|-status|p1a: Scizor|par
|
|-heal|p1a: Scizor|52/100 par|[from] item: Leftovers
|upkeep
|turn|19
|
|t:|1769349012
|switch|p2a: Corviknight|Corviknight, M|74/100
|-damage|p2a: Corviknight|62/100|[from] Stealth Rock
|move|p1a: Scizor|Hyper Voice|p2a: Corviknight
|-resisted|p2a: Corviknight
|-crit|p2a: Corviknight
|-damage|p2a: Corviknight|26/100
|
|-heal|p1a: Scizor|58/100 par|[from] item: Leftovers
|upkeep
|turn|20
|
|t:|1769349019
|move|p1a: Scizor|Taunt|p2a: Corviknight
|-start|p2a: Corviknight|move: Taunt
|move|p2a: Corviknight|U-turn|p1a: Scizor
|-resisted|p1a: Scizor
|-damage|p1a: Scizor|43/100 par
|replace|p1a: Zoroark|Zoroark-Hisui, F
|-end|p1a: Zoroark|Illusion
|
|t:|1769349029
|switch|p2a: Great Tusk|Great Tusk|59/100|[from] U-turn
|
|-heal|p1a: Zoroark|49/100 par|[from] item: Leftovers
|upkeep
|turn|21
|
|t:|1769349039
|move|p2a: Great Tusk|Knock Off|p1a: Zoroark
|-supereffective|p1a: Zoroark
|-damage|p1a: Zoroark|0 fnt
|-enditem|p1a: Zoroark|Leftovers|[from] move: Knock Off|[of] p2a: Great Tusk
|faint|p1a: Zoroark
|
|upkeep
|
|t:|1769349050
|switch|p1a: Iron Jugulis|Iron Jugulis|100/100
|-damage|p1a: Iron Jugulis|76/100|[from] Stealth Rock
|-enditem|p1a: Iron Jugulis|Booster Energy
|-activate|p1a: Iron Jugulis|ability: Quark Drive|[fromitem]
|-start|p1a: Iron Jugulis|quarkdrivespa
|turn|22
|
|t:|1769349066
|-end|p2a: Great Tusk|Protosynthesis|[silent]
|switch|p2a: Gholdengo|Gholdengo|4/100
|-damage|p2a: Gholdengo|0 fnt|[from] Stealth Rock
|faint|p2a: Gholdengo
|-terastallize|p1a: Iron Jugulis|Flying
|move|p1a: Iron Jugulis|Tera Blast|p2: Gholdengo|[notarget]
|-fail|p1a: Iron Jugulis
|
|upkeep
|
|t:|1769349079
|switch|p2a: Darkrai|Darkrai|100/100
|-damage|p2a: Darkrai|88/100|[from] Stealth Rock
|turn|23
|
|t:|1769349085
|move|p2a: Darkrai|Ice Beam|p1a: Iron Jugulis
|-supereffective|p1a: Iron Jugulis
|-damage|p1a: Iron Jugulis|0 fnt
|faint|p1a: Iron Jugulis
|-end|p1a: Iron Jugulis|Quark Drive|[silent]
|-damage|p2a: Darkrai|78/100|[from] item: Life Orb
|
|upkeep
|
|t:|1769349090
|switch|p1a: Lycanroc|Lycanroc-Midnight, M|74/100
|-damage|p1a: Lycanroc|62/100|[from] Stealth Rock
|turn|24
|
|t:|1769349104
|switch|p2a: Great Tusk|Great Tusk|59/100
|move|p1a: Lycanroc|Stone Edge|p2a: Great Tusk
|-resisted|p2a: Great Tusk
|-damage|p2a: Great Tusk|52/100
|
|upkeep
|turn|25
|
|t:|1769349114
|move|p1a: Lycanroc|Stone Edge|p2a: Great Tusk
|-resisted|p2a: Great Tusk
|-damage|p2a: Great Tusk|43/100
|move|p2a: Great Tusk|Rapid Spin|p1a: Lycanroc
|-resisted|p1a: Lycanroc
|-damage|p1a: Lycanroc|51/100
|-boost|p2a: Great Tusk|spe|1
|-sideend|p2: Evioliths for win|Stealth Rock|[from] move: Rapid Spin|[of] p2a: Great Tusk
|
|upkeep
|turn|26
|
|t:|1769349122
|switch|p1a: Orthworm|Orthworm, F|69/100
|-damage|p1a: Orthworm|63/100|[from] Stealth Rock
|move|p2a: Great Tusk|Close Combat|p1a: Orthworm
|-supereffective|p1a: Orthworm
|-damage|p1a: Orthworm|0 fnt
|-unboost|p2a: Great Tusk|def|1
|-unboost|p2a: Great Tusk|spd|1
|faint|p1a: Orthworm
|
|upkeep
|
|t:|1769349129
|switch|p1a: Scizor|Scizor, M|69/100
|-damage|p1a: Scizor|57/100|[from] Stealth Rock
|turn|27
|
|t:|1769349137
|-end|p2a: Great Tusk|Protosynthesis|[silent]
|switch|p2a: Clefable|Clefable, F|28/100
|move|p1a: Scizor|Bullet Punch|p2a: Clefable
|-supereffective|p2a: Clefable
|-damage|p2a: Clefable|0 fnt
|faint|p2a: Clefable
|
|upkeep
|
|t:|1769349141
|switch|p2a: Landorus|Landorus-Therian, M|100/100
|-ability|p2a: Landorus|Intimidate|boost
|-unboost|p1a: Scizor|atk|1
|turn|28
|
|t:|1769349144
|switch|p1a: Lycanroc|Lycanroc-Midnight, M|51/100
|-damage|p1a: Lycanroc|38/100|[from] Stealth Rock
|move|p2a: Landorus|Earthquake|p1a: Lycanroc
|-supereffective|p1a: Lycanroc
|-damage|p1a: Lycanroc|0 fnt
|faint|p1a: Lycanroc
|
|upkeep
|
|t:|1769349146
|switch|p1a: Scizor|Scizor, M|57/100
|-damage|p1a: Scizor|44/100|[from] Stealth Rock
|turn|29
|
|t:|1769349149
|switch|p2a: Corviknight|Corviknight, M|26/100
|move|p1a: Scizor|Bullet Punch|p2a: Corviknight
|-resisted|p2a: Corviknight
|-damage|p2a: Corviknight|12/100
|
|upkeep
|turn|30
|
|t:|1769349155
|move|p1a: Scizor|Bullet Punch|p2a: Corviknight
|-resisted|p2a: Corviknight
|-damage|p2a: Corviknight|0 fnt
|faint|p2a: Corviknight
|
|upkeep
|
|t:|1769349158
|switch|p2a: Landorus|Landorus-Therian, M|100/100
|-ability|p2a: Landorus|Intimidate|boost
|-unboost|p1a: Scizor|atk|1
|turn|31
|
|t:|1769349160
|move|p1a: Scizor|Bullet Punch|p2a: Landorus
|-damage|p2a: Landorus|77/100
|move|p2a: Landorus|Earthquake|p1a: Scizor
|-damage|p1a: Scizor|0 fnt
|faint|p1a: Scizor
|
|win|Evioliths for win
|raw|Zettaaa's rating: 1290 &rarr; <strong>1268</strong><br />(-22 for losing)
|raw|Evioliths for win's rating: 1335 &rarr; <strong>1352</strong><br />(+17 for winning)
|l|☆Zettaaa
|player|p1|
|l|☆Evioliths for win
|player|p2|
