|j|☆BashimBen
|j|☆Koibitio
|t:|1769327834
|gametype|singles
|player|p1|BashimBen|hugh|1223
|player|p2|Koibitio|backpacker|1245
|gen|9
|tier|[Gen 9] OU
|rated|
|rule|HP Percentage Mod: HP is shown in percentages
|rule|Endless Battle Clause: Forcing endless battles is banned
|rule|Species Clause: Limit one of each Pokémon
|rule|OHKO Clause: OHKO moves are banned
|rule|Evasion Items Clause: Evasion items are banned
|rule|Evasion Moves Clause: Evasion moves are banned
|rule|Evasion Abilities Clause: Evasion abilities are banned
|rule|Sleep Moves Clause: Sleep-inducing moves are banned
|clearpoke
|poke|p1|Ogerpon, F|
|poke|p1|Heatran, M|
|poke|p1|Corviknight, F|
|poke|p1|Raging Bolt|
|poke|p1|Gliscor, F|
|poke|p1|Primarina, M|
|poke|p2|Raging Bolt|
|poke|p2|Zamazenta-*|
|poke|p2|Landorus-Therian, M|
|poke|p2|Grafaiai, M|
|poke|p2|Dragapult, M|
|poke|p2|Smeargle, M|
|teampreview
|
|t:|1769327889
|teamsize|p1|6
|teamsize|p2|6
|start
|switch|p1a: Gliscor|Gliscor, F|100/100
|switch|p2a: Toge 🗣️|Grafaiai, M, shiny|100/100
|turn|1
|
|t:|1769327899
|move|p1a: Gliscor|Protect|p1a: Gliscor
|-singleturn|p1a: Gliscor|Protect
|move|p2a: Toge 🗣️|Knock Off|p1a: Gliscor
|-activate|p1a: Gliscor|move: Protect
|
|-status|p1a: Gliscor|tox|[from] item: Toxic Orb
|upkeep
|turn|2
|
|t:|1769327906
|move|p2a: Toge 🗣️|Encore|p1a: Gliscor
|-start|p1a: Gliscor|Encore
|move|p1a: Gliscor|Protect||[still]
|-fail|p1a: Gliscor
|
|upkeep
|turn|3
|
|t:|1769327930
|switch|p1a: Heatran|Heatran, M|100/100
|move|p2a: Toge 🗣️|Parting Shot|p1a: Heatran
|-unboost|p1a: Heatran|atk|1
|-unboost|p1a: Heatran|spa|1
|
|t:|1769327941
|switch|p2a: 🤨|Landorus-Therian, M|100/100|[from] Parting Shot
|-ability|p2a: 🤨|Intimidate|boost
|-unboost|p1a: Heatran|atk|1
|
|upkeep
|turn|4
|
|t:|1769327947
|switch|p1a: Gliscor|Gliscor, F|100/100 tox
|move|p2a: 🤨|Smack Down|p1a: Gliscor
|-damage|p1a: Gliscor|87/100 tox
|-start|p1a: Gliscor|Smack Down
|
|-heal|p1a: Gliscor|99/100 tox|[from] ability: Poison Heal
|upkeep
|turn|5
|
|t:|1769327956
|move|p2a: 🤨|U-turn|p1a: Gliscor
|-resisted|p1a: Gliscor
|-damage|p1a: Gliscor|92/100 tox
|
|t:|1769327964
|switch|p2a: Toge 🗣️|Grafaiai, M, shiny|100/100|[from] U-turn
|move|p1a: Gliscor|Spikes|p2a: Toge 🗣️
|-sidestart|p2: Koibitio|Spikes
|
|-heal|p1a: Gliscor|100/100 tox|[from] ability: Poison Heal
|upkeep
|turn|6
|
|t:|1769327971
|move|p2a: Toge 🗣️|Encore|p1a: Gliscor
|-start|p1a: Gliscor|Encore
|move|p1a: Gliscor|Spikes|p2a: Toge 🗣️
|-sidestart|p2: Koibitio|Spikes
|
|upkeep
|turn|7
|
|t:|1769327975
|move|p2a: Toge 🗣️|Copycat|p2a: Toge 🗣️
|move|p2a: Toge 🗣️|Spikes|p1a: Gliscor|[from] move: Copycat
|-sidestart|p1: BashimBen|Spikes
|move|p1a: Gliscor|Spikes|p2a: Toge 🗣️
|-sidestart|p2: Koibitio|Spikes
|
|upkeep
|turn|8
|
|t:|1769327981
|switch|p1a: Heatran|Heatran, M|100/100
|-damage|p1a: Heatran|88/100|[from] Spikes
|move|p2a: Toge 🗣️|Copycat|p2a: Toge 🗣️
|move|p2a: Toge 🗣️|Spikes|p1a: Heatran|[from] move: Copycat
|-sidestart|p1: BashimBen|Spikes
|
|upkeep
|turn|9
|
|t:|1769327989
|move|p2a: Toge 🗣️|Parting Shot|p1a: Heatran
|-unboost|p1a: Heatran|atk|1
|-unboost|p1a: Heatran|spa|1
|
|t:|1769327994
|switch|p2a: 🤨|Landorus-Therian, M|100/100|[from] Parting Shot
|-ability|p2a: 🤨|Intimidate|boost
|-unboost|p1a: Heatran|atk|1
|move|p1a: Heatran|Will-O-Wisp|p2a: 🤨
|-status|p2a: 🤨|brn
|
|-damage|p2a: 🤨|95/100 brn|[from] brn
|upkeep
|turn|10
|
|t:|1769328006
|switch|p1a: Corviknight|Corviknight, F|100/100
|-ability|p1a: Corviknight|Pressure
|move|p2a: 🤨|U-turn|p1a: Corviknight
|-resisted|p1a: Corviknight
|-damage|p1a: Corviknight|98/100
|-damage|p2a: 🤨|78/100 brn|[from] item: Rocky Helmet|[of] p1a: Corviknight
|
|t:|1769328015
|switch|p2a: 👁️‍🗨️|Raging Bolt|100/100|[from] U-turn
|-damage|p2a: 👁️‍🗨️|76/100|[from] Spikes
|
|upkeep
|turn|11
|
|t:|1769328024
|switch|p1a: Gliscor|Gliscor, F|100/100 tox
|move|p2a: 👁️‍🗨️|Calm Mind|p2a: 👁️‍🗨️
|-boost|p2a: 👁️‍🗨️|spa|1
|-boost|p2a: 👁️‍🗨️|spd|1
|
|upkeep
|turn|12
|
|t:|1769328038
|-terastallize|p2a: 👁️‍🗨️|Flying
|move|p1a: Gliscor|Earthquake|p2a: 👁️‍🗨️
|-immune|p2a: 👁️‍🗨️
|move|p2a: 👁️‍🗨️|Calm Mind|p2a: 👁️‍🗨️
|-boost|p2a: 👁️‍🗨️|spa|1
|-boost|p2a: 👁️‍🗨️|spd|1
|
|upkeep
|turn|13
|
|t:|1769328072
|move|p1a: Gliscor|U-turn|p2a: 👁️‍🗨️
|-resisted|p2a: 👁️‍🗨️
|-damage|p2a: 👁️‍🗨️|69/100
|
|t:|1769328080
|switch|p1a: Heatran|Heatran, M|88/100|[from] U-turn
|-damage|p1a: Heatran|71/100|[from] Spikes
|move|p2a: 👁️‍🗨️|Draco Meteor|p1a: Heatran
|-resisted|p1a: Heatran
|-damage|p1a: Heatran|26/100
|-unboost|p2a: 👁️‍🗨️|spa|2
|
|upkeep
|turn|14
|
|t:|1769328095
|move|p2a: 👁️‍🗨️|Thunderclap||[still]
|-fail|p2a: 👁️‍🗨️
|move|p1a: Heatran|Will-O-Wisp|p2a: 👁️‍🗨️
|-status|p2a: 👁️‍🗨️|brn
|
|-damage|p2a: 👁️‍🗨️|63/100 brn|[from] brn
|upkeep
|turn|15
|
|t:|1769328102
|move|p1a: Heatran|Taunt|p2a: 👁️‍🗨️
|-start|p2a: 👁️‍🗨️|move: Taunt
|move|p2a: 👁️‍🗨️|Snarl|p1a: Heatran
|-damage|p1a: Heatran|13/100
|-unboost|p1a: Heatran|spa|1
|
|-damage|p2a: 👁️‍🗨️|57/100 brn|[from] brn
|upkeep
|turn|16
|
|t:|1769328111
|move|p2a: 👁️‍🗨️|Thunderclap|p1a: Heatran
|-damage|p1a: Heatran|0 fnt
|faint|p1a: Heatran
|
|-damage|p2a: 👁️‍🗨️|50/100 brn|[from] brn
|upkeep
|
|t:|1769328121
|switch|p1a: Ogerpon|Ogerpon, F|100/100
|turn|17
|
|t:|1769328131
|-terastallize|p1a: Ogerpon|Grass
|detailschange|p1a: Ogerpon|Ogerpon-Teal-Tera, F, tera:Grass
|-ability|p1a: Ogerpon|Embody Aspect (Teal)|boost
|-boost|p1a: Ogerpon|spe|1
|move|p1a: Ogerpon|Swords Dance|p1a: Ogerpon
|-boost|p1a: Ogerpon|atk|2
|move|p2a: 👁️‍🗨️|Draco Meteor|p1a: Ogerpon
|-damage|p1a: Ogerpon|13/100
|-unboost|p2a: 👁️‍🗨️|spa|2
|
|-damage|p2a: 👁️‍🗨️|44/100 brn|[from] brn
|-end|p2a: 👁️‍🗨️|move: Taunt
|upkeep
|turn|18
|
|t:|1769328148
|move|p2a: 👁️‍🗨️|Thunderclap||[still]
|-fail|p2a: 👁️‍🗨️
|move|p1a: Ogerpon|Synthesis|p1a: Ogerpon
|-heal|p1a: Ogerpon|63/100
|
|-damage|p2a: 👁️‍🗨️|38/100 brn|[from] brn
|upkeep
|turn|19
|
|t:|1769328157
|-end|p2a: 👁️‍🗨️|Protosynthesis|[silent]
|switch|p2a: 🤨|Landorus-Therian, M|78/100 brn
|-ability|p2a: 🤨|Intimidate|boost
|-unboost|p1a: Ogerpon|atk|1
|move|p1a: Ogerpon|Knock Off|p2a: 🤨
|-damage|p2a: 🤨|17/100 brn
|-damage|p1a: Ogerpon|46/100|[from] item: Rocky Helmet|[of] p2a: 🤨
|-enditem|p2a: 🤨|Rocky Helmet|[from] move: Knock Off|[of] p1a: Ogerpon
|
|-damage|p2a: 🤨|11/100 brn|[from] brn
|upkeep
|turn|20
|
|t:|1769328167
|move|p1a: Ogerpon|Knock Off|p2a: 🤨
|-damage|p2a: 🤨|0 fnt
|faint|p2a: 🤨
|
|upkeep
|
|t:|1769328172
|switch|p2a: Toge 🗣️|Grafaiai, M, shiny|100/100
|-damage|p2a: Toge 🗣️|75/100|[from] Spikes
|turn|21
|
|t:|1769328177
|switch|p1a: Gliscor|Gliscor, F|100/100 tox
|move|p2a: Toge 🗣️|Parting Shot|p1a: Gliscor
|-unboost|p1a: Gliscor|atk|1
|-unboost|p1a: Gliscor|spa|1
|
|t:|1769328188
|switch|p2a: 👁️‍🗨️|Raging Bolt, tera:Flying|38/100 brn|[from] Parting Shot
|
|-damage|p2a: 👁️‍🗨️|32/100 brn|[from] brn
|upkeep
|turn|22
|
|t:|1769328200
|move|p1a: Gliscor|U-turn|p2a: 👁️‍🗨️
|-resisted|p2a: 👁️‍🗨️
|-damage|p2a: 👁️‍🗨️|28/100 brn
|
|t:|1769328242
|switch|p1a: Corviknight|Corviknight, F|98/100|[from] U-turn
|-ability|p1a: Corviknight|Pressure
|move|p2a: 👁️‍🗨️|Calm Mind|p2a: 👁️‍🗨️
|-boost|p2a: 👁️‍🗨️|spa|1
|-boost|p2a: 👁️‍🗨️|spd|1
|
|-damage|p2a: 👁️‍🗨️|22/100 brn|[from] brn
|upkeep
|turn|23
|
|t:|1769328269
|move|p2a: 👁️‍🗨️|Thunderclap|p1a: Corviknight
|-supereffective|p1a: Corviknight
|-damage|p1a: Corviknight|0 fnt
|faint|p1a: Corviknight
|
|-damage|p2a: 👁️‍🗨️|15/100 brn|[from] brn
|upkeep
|
|t:|1769328283
|switch|p1a: Gliscor|Gliscor, F|100/100 tox
|turn|24
|
|t:|1769328286
|move|p1a: Gliscor|Protect|p1a: Gliscor
|-singleturn|p1a: Gliscor|Protect
|move|p2a: 👁️‍🗨️|Draco Meteor|p1a: Gliscor
|-activate|p1a: Gliscor|move: Protect
|
|-damage|p2a: 👁️‍🗨️|9/100 brn|[from] brn
|upkeep
|turn|25
|
|t:|1769328303
|switch|p1a: Primarina|Primarina, M|100/100
|-damage|p1a: Primarina|84/100|[from] Spikes
|move|p2a: 👁️‍🗨️|Snarl|p1a: Primarina
|-resisted|p1a: Primarina
|-damage|p1a: Primarina|70/100
|-unboost|p1a: Primarina|spa|1
|
|-heal|p1a: Primarina|76/100|[from] item: Leftovers
|-damage|p2a: 👁️‍🗨️|3/100 brn|[from] brn
|upkeep
|turn|26
|
|t:|1769328314
|switch|p1a: Gliscor|Gliscor, F|100/100 tox
|move|p2a: 👁️‍🗨️|Snarl|p1a: Gliscor
|-damage|p1a: Gliscor|59/100 tox
|-unboost|p1a: Gliscor|spa|1
|
|-heal|p1a: Gliscor|71/100 tox|[from] ability: Poison Heal
|-damage|p2a: 👁️‍🗨️|0 fnt|[from] brn
|faint|p2a: 👁️‍🗨️
|-end|p2a: 👁️‍🗨️|Protosynthesis|[silent]
|upkeep
|
|t:|1769328339
|switch|p2a: Swifty 🛩️|Dragapult, M, shiny|100/100
|-damage|p2a: Swifty 🛩️|76/100|[from] Spikes
|turn|27
|
|t:|1769328344
|move|p1a: Gliscor|Protect|p1a: Gliscor
|-singleturn|p1a: Gliscor|Protect
|move|p2a: Swifty 🛩️|Dragon Dance|p2a: Swifty 🛩️
|-boost|p2a: Swifty 🛩️|atk|1
|-boost|p2a: Swifty 🛩️|spe|1
|
|-heal|p1a: Gliscor|84/100 tox|[from] ability: Poison Heal
|upkeep
|turn|28
|
|t:|1769328349
|move|p2a: Swifty 🛩️|Dragon Darts|p1a: Gliscor
|-damage|p1a: Gliscor|56/100 tox
|-anim|p2a: Swifty 🛩️|Dragon Darts|p1a: Gliscor
|-damage|p1a: Gliscor|28/100 tox
|move|p1a: Gliscor|Earthquake|p2a: Swifty 🛩️
|-crit|p2a: Swifty 🛩️
|-damage|p2a: Swifty 🛩️|3/100
|
|-heal|p1a: Gliscor|41/100 tox|[from] ability: Poison Heal
|upkeep
|turn|29
|
|t:|1769328362
|move|p1a: Gliscor|Protect|p1a: Gliscor
|-singleturn|p1a: Gliscor|Protect
|move|p2a: Swifty 🛩️|Dragon Dance|p2a: Swifty 🛩️
|-boost|p2a: Swifty 🛩️|atk|1
|-boost|p2a: Swifty 🛩️|spe|1
|
|-heal|p1a: Gliscor|53/100 tox|[from] ability: Poison Heal
|upkeep
|turn|30
|
|t:|1769328376
|move|p2a: Swifty 🛩️|Phantom Force||[still]
|-prepare|p2a: Swifty 🛩️|Phantom Force
|move|p1a: Gliscor|Earthquake|p2a: Swifty 🛩️|[miss]
|-miss|p1a: Gliscor|p2a: Swifty 🛩️
|
|-heal|p1a: Gliscor|66/100 tox|[from] ability: Poison Heal
|upkeep
|turn|31
|
|t:|1769328389
|move|p2a: Swifty 🛩️|Phantom Force|p1a: Gliscor|[from] lockedmove
|-damage|p1a: Gliscor|0 fnt
|faint|p1a: Gliscor
|
|upkeep
|
|t:|1769328418
|switch|p1a: Raging Bolt|Raging Bolt|100/100
|-damage|p1a: Raging Bolt|84/100|[from] Spikes
|turn|32
|
|t:|1769328425
|move|p2a: Swifty 🛩️|Sucker Punch|p1a: Raging Bolt
|-damage|p1a: Raging Bolt|39/100
|move|p1a: Raging Bolt|Thunderbolt|p2a: Swifty 🛩️
|-resisted|p2a: Swifty 🛩️
|-damage|p2a: Swifty 🛩️|0 fnt
|faint|p2a: Swifty 🛩️
|
|upkeep
|
|t:|1769328435
|switch|p2a: 👹🧌|Smeargle, M|100/100
|-damage|p2a: 👹🧌|76/100|[from] Spikes
|turn|33
|
|t:|1769328441
|move|p2a: 👹🧌|Sticky Web|p1a: Raging Bolt
|-sidestart|p1: BashimBen|move: Sticky Web
|move|p1a: Raging Bolt|Thunderbolt|p2a: 👹🧌
|-damage|p2a: 👹🧌|0 fnt
|faint|p2a: 👹🧌
|
|upkeep
|
|t:|1769328448
|switch|p2a: Toge 🗣️|Grafaiai, M, shiny|75/100
|-damage|p2a: Toge 🗣️|50/100|[from] Spikes
|turn|34
|
|t:|1769328452
|move|p2a: Toge 🗣️|Knock Off|p1a: Raging Bolt
|-crit|p1a: Raging Bolt
|-damage|p1a: Raging Bolt|11/100
|-enditem|p1a: Raging Bolt|Choice Specs|[from] move: Knock Off|[of] p2a: Toge 🗣️
|move|p1a: Raging Bolt|Thunderbolt|p2a: Toge 🗣️
|-damage|p2a: Toge 🗣️|0 fnt
|faint|p2a: Toge 🗣️
|
|upkeep
|
|t:|1769328458
|switch|p2a: Last line 🙏😭|Zamazenta|100/100
|-damage|p2a: Last line 🙏😭|75/100|[from] Spikes
|-ability|p2a: Last line 🙏😭|Dauntless Shield|boost
|-boost|p2a: Last line 🙏😭|def|1
|turn|35
|
|t:|1769328465
|move|p2a: Last line 🙏😭|Ice Fang|p1a: Raging Bolt
|-supereffective|p1a: Raging Bolt
|-damage|p1a: Raging Bolt|0 fnt
|faint|p1a: Raging Bolt
|-end|p1a: Raging Bolt|Protosynthesis|[silent]
|
|upkeep
|
|t:|1769328478
|switch|p1a: Primarina|Primarina, M|76/100
|-damage|p1a: Primarina|59/100|[from] Spikes
|-activate|p1a: Primarina|move: Sticky Web
|-unboost|p1a: Primarina|spe|1
|turn|36
|
|t:|1769328482
|move|p2a: Last line 🙏😭|Heavy Slam|p1a: Primarina
|-damage|p1a: Primarina|19/100
|move|p1a: Primarina|Moonblast|p2a: Last line 🙏😭
|-supereffective|p2a: Last line 🙏😭
|-damage|p2a: Last line 🙏😭|20/100
|
|-heal|p1a: Primarina|25/100|[from] item: Leftovers
|upkeep
|turn|37
|
|t:|1769328488
|move|p2a: Last line 🙏😭|Heavy Slam|p1a: Primarina
|-damage|p1a: Primarina|0 fnt
|faint|p1a: Primarina
|
|upkeep
|
|t:|1769328490
|switch|p1a: Ogerpon|Ogerpon-Teal-Tera, F, tera:Grass|46/100
|-ability|p1a: Ogerpon|Embody Aspect (Teal)|boost
|-boost|p1a: Ogerpon|spe|1
|turn|38
|
|t:|1769328501
|move|p1a: Ogerpon|Ivy Cudgel|p2a: Last line 🙏😭
|-damage|p2a: Last line 🙏😭|0 fnt
|faint|p2a: Last line 🙏😭
|
|win|BashimBen
|raw|BashimBen's rating: 1223 &rarr; <strong>1250</strong><br />(+27 for winning)
|raw|Koibitio's rating: 1245 &rarr; <strong>1218</strong><br />(-27 for losing)
|c|☆Koibitio|Ggg
|c|☆BashimBen|gg
|l|☆BashimBen
|player|p1|
|l|☆Koibitio
|player|p2|
