|j|☆67ohioamogus
|j|☆boom moon
|t:|1769377723
|gametype|singles
|player|p1|67ohioamogus|rocketgrunt|1199
|player|p2|boom moon|102|1183
|gen|9
|tier|[Gen 9] OU
|rated|
|rule|HP Percentage Mod: HP is shown in percentages
|rule|Endless Battle Clause: Forcing endless battles is banned
|rule|Species Clause: Limit one of each Pokémon
|rule|OHKO Clause: OHKO moves are banned
|rule|Evasion Items Clause: Evasion items are banned
|rule|Evasion Moves Clause: Evasion moves are banned
|rule|Evasion Abilities Clause: Evasion abilities are banned
|rule|Sleep Moves Clause: Sleep-inducing moves are banned
|clearpoke
|poke|p1|Iron Moth|
|poke|p1|Landorus-Therian, M|
|poke|p1|Samurott-Hisui, F|
|poke|p1|Kingambit, F|
|poke|p1|Gholdengo|
|poke|p1|Enamorus, F|
|poke|p2|Breloom, F|
|poke|p2|Maushold|
|poke|p2|Azumarill, M|
|poke|p2|Greninja-*, M|
|poke|p2|Muk-Alola, F|
|poke|p2|Magmortar, M|
|teampreview
|inactive|Battle timer is ON: inactive players will automatically lose when time's up. (requested by 67ohioamogus)
|
|t:|1769377738
|teamsize|p1|6
|teamsize|p2|6
|start
|switch|p1a: Gholdengo|Gholdengo|100/100
|switch|p2a: Magmortar|Magmortar, M|100/100
|turn|1
|inactive|boom moon has 120 seconds left.
|
|t:|1769377781
|switch|p1a: Samurott|Samurott-Hisui, F|100/100
|move|p2a: Magmortar|Flame Charge|p1a: Samurott
|-resisted|p1a: Samurott
|-damage|p1a: Samurott|86/100
|-boost|p2a: Magmortar|spe|1
|
|upkeep
|turn|2
|
|t:|1769377788
|move|p2a: Magmortar|Belly Drum|p2a: Magmortar
|-damage|p2a: Magmortar|50/100
|-setboost|p2a: Magmortar|atk|6|[from] move: Belly Drum
|move|p1a: Samurott|Razor Shell|p2a: Magmortar
|-supereffective|p2a: Magmortar
|-damage|p2a: Magmortar|0 fnt
|faint|p2a: Magmortar
|
|upkeep
|
|t:|1769377791
|switch|p2a: Breloom|Breloom, F|100/100
|turn|3
|
|t:|1769377794
|switch|p1a: Enamorus|Enamorus, F|100/100
|move|p2a: Breloom|Bullet Seed|p1a: Enamorus
|-resisted|p1a: Enamorus
|-damage|p1a: Enamorus|84/100
|-resisted|p1a: Enamorus
|-damage|p1a: Enamorus|68/100
|-resisted|p1a: Enamorus
|-damage|p1a: Enamorus|50/100
|-resisted|p1a: Enamorus
|-damage|p1a: Enamorus|34/100
|-resisted|p1a: Enamorus
|-damage|p1a: Enamorus|16/100
|-hitcount|p1a: Enamorus|5
|
|upkeep
|turn|4
|
|t:|1769377798
|move|p2a: Breloom|Mach Punch|p1a: Enamorus
|-resisted|p1a: Enamorus
|-damage|p1a: Enamorus|2/100
|-damage|p2a: Breloom|84/100|[from] item: Rocky Helmet|[of] p1a: Enamorus
|move|p1a: Enamorus|Moonblast|p2a: Breloom
|-supereffective|p2a: Breloom
|-damage|p2a: Breloom|0 fnt
|faint|p2a: Breloom
|
|upkeep
|
|t:|1769377802
|switch|p2a: Greninja|Greninja, M|100/100
|turn|5
|
|t:|1769377816
|switch|p1a: Iron Moth|Iron Moth|100/100
|-enditem|p1a: Iron Moth|Booster Energy
|-activate|p1a: Iron Moth|ability: Quark Drive|[fromitem]
|-start|p1a: Iron Moth|quarkdrivespe
|move|p2a: Greninja|Ice Beam|p1a: Iron Moth
|-resisted|p1a: Iron Moth
|-damage|p1a: Iron Moth|86/100
|
|upkeep
|turn|6
|
|t:|1769377821
|-terastallize|p2a: Greninja|Water
|move|p2a: Greninja|Water Shuriken|p1a: Iron Moth
|-supereffective|p1a: Iron Moth
|-damage|p1a: Iron Moth|66/100
|-supereffective|p1a: Iron Moth
|-damage|p1a: Iron Moth|45/100
|-supereffective|p1a: Iron Moth
|-damage|p1a: Iron Moth|25/100
|-supereffective|p1a: Iron Moth
|-damage|p1a: Iron Moth|5/100
|-hitcount|p1a: Iron Moth|4
|move|p1a: Iron Moth|Sludge Wave|p2a: Greninja
|-damage|p2a: Greninja|23/100
|
|upkeep
|turn|7
|
|t:|1769377831
|move|p1a: Iron Moth|Sludge Wave|p2a: Greninja
|-damage|p2a: Greninja|0 fnt
|faint|p2a: Greninja
|
|upkeep
|
|t:|1769377835
|switch|p2a: Azumarill|Azumarill, M|100/100
|turn|8
|
|t:|1769377838
|move|p2a: Azumarill|Aqua Jet|p1a: Iron Moth
|-supereffective|p1a: Iron Moth
|-damage|p1a: Iron Moth|0 fnt
|faint|p1a: Iron Moth
|-end|p1a: Iron Moth|Quark Drive|[silent]
|-damage|p2a: Azumarill|91/100|[from] item: Life Orb
|
|upkeep
|
|t:|1769377848
|switch|p1a: Landorus|Landorus-Therian, M|100/100
|-ability|p1a: Landorus|Intimidate|boost
|-unboost|p2a: Azumarill|atk|1
|turn|9
|
|t:|1769377866
|-terastallize|p1a: Landorus|Water
|move|p1a: Landorus|Earthquake|p2a: Azumarill
|-crit|p2a: Azumarill
|-damage|p2a: Azumarill|0 fnt
|faint|p2a: Azumarill
|
|upkeep
|
|t:|1769377871
|switch|p2a: Maushold|Maushold|100/100
|turn|10
|
|t:|1769377874
|switch|p1a: Gholdengo|Gholdengo|100/100
|move|p2a: Maushold|Tidy Up|p2a: Maushold
|-boost|p2a: Maushold|atk|1
|-boost|p2a: Maushold|spe|1
|
|upkeep
|turn|11
|
|t:|1769377876
|move|p2a: Maushold|Bite|p1a: Gholdengo
|-supereffective|p1a: Gholdengo
|-damage|p1a: Gholdengo|51/100
|-damage|p2a: Maushold|84/100|[from] item: Rocky Helmet|[of] p1a: Gholdengo
|move|p1a: Gholdengo|Thunder Wave|p2a: Maushold
|-status|p2a: Maushold|par
|
|upkeep
|turn|12
|
|t:|1769377883
|switch|p1a: Samurott|Samurott-Hisui, F|86/100
|move|p2a: Maushold|Tidy Up|p2a: Maushold
|-boost|p2a: Maushold|atk|1
|-boost|p2a: Maushold|spe|1
|
|upkeep
|turn|13
|
|t:|1769377897
|cant|p2a: Maushold|par
|move|p1a: Samurott|Knock Off|p2a: Maushold
|-damage|p2a: Maushold|1/100 par
|-enditem|p2a: Maushold|Wide Lens|[from] move: Knock Off|[of] p1a: Samurott
|
|upkeep
|turn|14
|
|t:|1769377901
|move|p1a: Samurott|Sucker Punch||[still]
|-fail|p1a: Samurott
|move|p2a: Maushold|Thunder Wave|p1a: Samurott
|-status|p1a: Samurott|par
|
|upkeep
|turn|15
|
|t:|1769377909
|switch|p1a: Enamorus|Enamorus, F|2/100
|cant|p2a: Maushold|par
|
|upkeep
|turn|16
|
|t:|1769377912
|move|p1a: Enamorus|Moonblast|p2a: Maushold
|-damage|p2a: Maushold|0 fnt
|faint|p2a: Maushold
|
|upkeep
|
|t:|1769377914
|switch|p2a: Muk|Muk-Alola, F|100/100
|turn|17
|-message|boom moon forfeited.
|
|win|67ohioamogus
|raw|67ohioamogus's rating: 1199 &rarr; <strong>1223</strong><br />(+24 for winning)
|raw|boom moon's rating: 1183 &rarr; <strong>1159</strong><br />(-24 for losing)
|l|☆boom moon
|player|p2|
|l|☆67ohioamogus
|player|p1|
