|j|☆Joshmosh
|j|☆zoro88h
|t:|1769340134
|gametype|singles
|player|p1|Joshmosh|janitor|1296
|player|p2|zoro88h|blackbelt-gen4|1260
|gen|9
|tier|[Gen 9] OU
|rated|
|rule|HP Percentage Mod: HP is shown in percentages
|rule|Endless Battle Clause: Forcing endless battles is banned
|rule|Species Clause: Limit one of each Pokémon
|rule|OHKO Clause: OHKO moves are banned
|rule|Evasion Items Clause: Evasion items are banned
|rule|Evasion Moves Clause: Evasion moves are banned
|rule|Evasion Abilities Clause: Evasion abilities are banned
|rule|Sleep Moves Clause: Sleep-inducing moves are banned
|clearpoke
|poke|p1|Toxapex, M|
|poke|p1|Greninja-*, M|
|poke|p1|Pelipper, F|
|poke|p1|Iron Treads|
|poke|p1|Hoopa-Unbound|
|poke|p1|Goodra-Hisui, M|
|poke|p2|Gliscor, M|
|poke|p2|Breloom, M|
|poke|p2|Scizor, F|
|poke|p2|Deoxys-Speed|
|poke|p2|Garchomp, F|
|poke|p2|Excadrill, M|
|teampreview
|c|☆zoro88h|glhf
|inactive|Battle timer is ON: inactive players will automatically lose when time's up. (requested by zoro88h)
|
|t:|1769340157
|teamsize|p1|6
|teamsize|p2|6
|start
|switch|p1a: Dumbo 2|Iron Treads|100/100
|switch|p2a: Garchomp|Garchomp, F|100/100
|turn|1
|
|t:|1769340165
|move|p1a: Dumbo 2|Steel Beam|p2a: Garchomp
|-damage|p2a: Garchomp|31/100
|-damage|p1a: Dumbo 2|50/100|[from] steelbeam
|move|p2a: Garchomp|Earthquake|p1a: Dumbo 2
|-supereffective|p1a: Dumbo 2
|-damage|p1a: Dumbo 2|0 fnt
|faint|p1a: Dumbo 2
|-end|p1a: Dumbo 2|Quark Drive|[silent]
|
|upkeep
|
|t:|1769340178
|switch|p1a: Instagram Reels|Greninja, M|100/100
|turn|2
|
|t:|1769340192
|move|p1a: Instagram Reels|Surf|p2a: Garchomp
|-start|p1a: Instagram Reels|typechange|Water|[from] ability: Protean
|-damage|p2a: Garchomp|4/100
|move|p2a: Garchomp|Stealth Rock|p1a: Instagram Reels
|-sidestart|p1: Joshmosh|move: Stealth Rock
|
|upkeep
|turn|3
|
|t:|1769340205
|move|p1a: Instagram Reels|Surf|p2a: Garchomp
|-damage|p2a: Garchomp|0 fnt
|faint|p2a: Garchomp
|
|upkeep
|
|t:|1769340210
|switch|p2a: Breloom|Breloom, M|100/100
|turn|4
|
|t:|1769340217
|move|p1a: Instagram Reels|Taunt|p2a: Breloom
|-start|p2a: Breloom|move: Taunt
|move|p2a: Breloom|Bullet Seed|p1a: Instagram Reels
|-supereffective|p1a: Instagram Reels
|-damage|p1a: Instagram Reels|47/100
|-supereffective|p1a: Instagram Reels
|-damage|p1a: Instagram Reels|0 fnt
|faint|p1a: Instagram Reels
|-hitcount|p1: Instagram Reels|2
|
|upkeep
|
|t:|1769340223
|switch|p1a: Toxapecks|Toxapex, M|100/100
|-damage|p1a: Toxapecks|88/100|[from] Stealth Rock
|turn|5
|
|t:|1769340231
|switch|p2a: Gliscor|Gliscor, M, shiny|100/100
|move|p1a: Toxapecks|Liquidation|p2a: Gliscor
|-supereffective|p2a: Gliscor
|-damage|p2a: Gliscor|38/100
|
|-status|p2a: Gliscor|tox|[from] item: Toxic Orb
|upkeep
|turn|6
|
|t:|1769340240
|move|p2a: Gliscor|Earthquake|p1a: Toxapecks
|-supereffective|p1a: Toxapecks
|-damage|p1a: Toxapecks|34/100
|move|p1a: Toxapecks|Liquidation|p2a: Gliscor
|-supereffective|p2a: Gliscor
|-crit|p2a: Gliscor
|-damage|p2a: Gliscor|0 fnt
|faint|p2a: Gliscor
|
|upkeep
|
|t:|1769340248
|switch|p2a: Breloom|Breloom, M|100/100
|turn|7
|
|t:|1769340252
|switch|p1a: Slopnado|Pelipper, F|100/100
|-weather|RainDance|[from] ability: Drizzle|[of] p1a: Slopnado
|move|p2a: Breloom|Swords Dance|p2a: Breloom
|-boost|p2a: Breloom|atk|2
|
|-weather|RainDance|[upkeep]
|upkeep
|turn|8
|
|t:|1769340264
|move|p2a: Breloom|Rock Tomb|p1a: Slopnado
|-supereffective|p1a: Slopnado
|-damage|p1a: Slopnado|0 fnt
|faint|p1a: Slopnado
|
|-weather|RainDance|[upkeep]
|upkeep
|
|t:|1769340272
|switch|p1a: Julian|Goodra-Hisui, M|100/100
|-damage|p1a: Julian|94/100|[from] Stealth Rock
|turn|9
|
|t:|1769340280
|-terastallize|p1a: Julian|Stellar
|move|p2a: Breloom|Mach Punch|p1a: Julian
|-supereffective|p1a: Julian
|-damage|p1a: Julian|0 fnt
|-ability|p1a: Julian|Gooey
|-unboost|p2a: Breloom|spe|1
|faint|p1a: Julian
|
|-weather|RainDance|[upkeep]
|upkeep
|
|t:|1769340284
|switch|p1a: Ghislane Maxwell|Hoopa-Unbound|100/100
|-damage|p1a: Ghislane Maxwell|88/100|[from] Stealth Rock
|turn|10
|
|t:|1769340291
|move|p2a: Breloom|Mach Punch|p1a: Ghislane Maxwell
|-crit|p1a: Ghislane Maxwell
|-damage|p1a: Ghislane Maxwell|0 fnt
|faint|p1a: Ghislane Maxwell
|
|-weather|RainDance|[upkeep]
|upkeep
|
|t:|1769340293
|switch|p1a: Toxapecks|Toxapex, M|34/100
|-damage|p1a: Toxapecks|22/100|[from] Stealth Rock
|turn|11
|
|t:|1769340299
|move|p2a: Breloom|Bullet Seed|p1a: Toxapecks
|-damage|p1a: Toxapecks|0 fnt
|faint|p1a: Toxapecks
|-hitcount|p1: Toxapecks|1
|
|win|zoro88h
|raw|Joshmosh's rating: 1296 &rarr; <strong>1268</strong><br />(-28 for losing)
|raw|zoro88h's rating: 1260 &rarr; <strong>1288</strong><br />(+28 for winning)
|c|☆Joshmosh|Gg
|c|☆zoro88h|gg
|l|☆Joshmosh
|player|p1|
|l|☆zoro88h
|player|p2|
