|j|☆AVRLIKESGIRLS
|j|☆jelynfish
|t:|1769319189
|gametype|singles
|player|p1|AVRLIKESGIRLS|dawn|1385
|player|p2|jelynfish|miku-ghost|1489
|gen|9
|tier|[Gen 9] OU
|rated|
|rule|HP Percentage Mod: HP is shown in percentages
|rule|Endless Battle Clause: Forcing endless battles is banned
|rule|Species Clause: Limit one of each Pokémon
|rule|OHKO Clause: OHKO moves are banned
|rule|Evasion Items Clause: Evasion items are banned
|rule|Evasion Moves Clause: Evasion moves are banned
|rule|Evasion Abilities Clause: Evasion abilities are banned
|rule|Sleep Moves Clause: Sleep-inducing moves are banned
|clearpoke
|poke|p1|Zoroark-Hisui, M|
|poke|p1|Iron Boulder|
|poke|p1|Raging Bolt|
|poke|p1|Greninja-*, M|
|poke|p1|Dragonite, F|
|poke|p1|Kingambit, F|
|poke|p2|Tyranitar, M|
|poke|p2|Excadrill, F|
|poke|p2|Zapdos|
|poke|p2|Gholdengo|
|poke|p2|Ogerpon-Wellspring, F|
|poke|p2|Kingambit, M|
|teampreview
|
|t:|1769319196
|teamsize|p1|6
|teamsize|p2|6
|start
|switch|p1a: Dragonite|Dragonite, F|100/100
|switch|p2a: Zapdos|Zapdos|100/100
|turn|1
|inactive|Battle timer is ON: inactive players will automatically lose when time's up. (requested by AVRLIKESGIRLS)
|
|t:|1769319202
|move|p2a: Zapdos|Volt Switch|p1a: Dragonite
|-damage|p1a: Dragonite|22/100
|replace|p1a: Zoroark|Zoroark-Hisui, M
|-end|p1a: Zoroark|Illusion
|
|t:|1769319213
|switch|p2a: Tyranitar|Tyranitar, M|100/100|[from] Volt Switch
|-weather|Sandstorm|[from] ability: Sand Stream|[of] p2a: Tyranitar
|move|p1a: Zoroark|Shadow Ball|p2a: Tyranitar
|-resisted|p2a: Tyranitar
|-damage|p2a: Tyranitar|87/100
|
|-weather|Sandstorm|[upkeep]
|-damage|p1a: Zoroark|16/100|[from] Sandstorm
|upkeep
|turn|2
|
|t:|1769319225
|move|p1a: Zoroark|Focus Blast|p2a: Tyranitar|[miss]
|-miss|p1a: Zoroark|p2a: Tyranitar
|move|p2a: Tyranitar|Knock Off|p1a: Zoroark
|-supereffective|p1a: Zoroark
|-damage|p1a: Zoroark|0 fnt
|-enditem|p1a: Zoroark|Heavy-Duty Boots|[from] move: Knock Off|[of] p2a: Tyranitar
|faint|p1a: Zoroark
|
|-weather|Sandstorm|[upkeep]
|upkeep
|
|t:|1769319239
|switch|p1a: Greninja|Greninja, M|100/100
|turn|3
|
|t:|1769319248
|switch|p2a: Ogerpon|Ogerpon-Wellspring, F|100/100
|move|p1a: Greninja|Ice Beam|p2a: Ogerpon
|-damage|p2a: Ogerpon|58/100
|-damage|p1a: Greninja|91/100|[from] item: Life Orb
|
|-weather|Sandstorm|[upkeep]
|-damage|p1a: Greninja|85/100|[from] Sandstorm
|-damage|p2a: Ogerpon|52/100|[from] Sandstorm
|upkeep
|turn|4
|
|t:|1769319258
|move|p1a: Greninja|Dark Pulse|p2a: Ogerpon
|-damage|p2a: Ogerpon|0 fnt
|faint|p2a: Ogerpon
|-ability|p1a: Greninja|Battle Bond|boost
|-boost|p1a: Greninja|atk|1
|-boost|p1a: Greninja|spa|1
|-boost|p1a: Greninja|spe|1
|-activate|p1a: Greninja|ability: Battle Bond
|-damage|p1a: Greninja|75/100|[from] item: Life Orb
|
|-weather|Sandstorm|[upkeep]
|-damage|p1a: Greninja|69/100|[from] Sandstorm
|upkeep
|
|t:|1769319261
|switch|p2a: Kingambit|Kingambit, M|100/100
|-activate|p2a: Kingambit|ability: Supreme Overlord
|-start|p2a: Kingambit|fallen1|[silent]
|turn|5
|
|t:|1769319275
|move|p1a: Greninja|Hydro Pump|p2a: Kingambit|[miss]
|-miss|p1a: Greninja|p2a: Kingambit
|move|p2a: Kingambit|Low Kick|p1a: Greninja
|-supereffective|p1a: Greninja
|-damage|p1a: Greninja|0 fnt
|faint|p1a: Greninja
|
|-weather|none
|upkeep
|
|t:|1769319289
|switch|p1a: Iron Boulder|Iron Boulder|100/100
|-enditem|p1a: Iron Boulder|Booster Energy
|-activate|p1a: Iron Boulder|ability: Quark Drive|[fromitem]
|-start|p1a: Iron Boulder|quarkdrivespe
|turn|6
|
|t:|1769319305
|-terastallize|p1a: Iron Boulder|Fighting
|move|p1a: Iron Boulder|Swords Dance|p1a: Iron Boulder
|-boost|p1a: Iron Boulder|atk|2
|move|p2a: Kingambit|Iron Head|p1a: Iron Boulder
|-damage|p1a: Iron Boulder|42/100
|
|upkeep
|turn|7
|
|t:|1769319322
|-end|p2a: Kingambit|fallen1|[silent]
|switch|p2a: Tyranitar|Tyranitar, M|87/100
|-weather|Sandstorm|[from] ability: Sand Stream|[of] p2a: Tyranitar
|move|p1a: Iron Boulder|Earthquake|p2a: Tyranitar
|-supereffective|p2a: Tyranitar
|-damage|p2a: Tyranitar|0 fnt
|faint|p2a: Tyranitar
|
|-weather|Sandstorm|[upkeep]
|-damage|p1a: Iron Boulder|35/100|[from] Sandstorm
|upkeep
|
|t:|1769319326
|switch|p2a: Excadrill|Excadrill, F, shiny|100/100
|-item|p2a: Excadrill|Air Balloon
|turn|8
|
|t:|1769319345
|move|p2a: Excadrill|Earthquake|p1a: Iron Boulder
|-damage|p1a: Iron Boulder|0 fnt
|faint|p1a: Iron Boulder
|-end|p1a: Iron Boulder|Quark Drive|[silent]
|
|-weather|Sandstorm|[upkeep]
|upkeep
|
|t:|1769319360
|switch|p1a: Dragonite|Dragonite, F|100/100
|turn|9
|
|t:|1769319364
|-terastallize|p2a: Excadrill|Ghost
|move|p2a: Excadrill|Swords Dance|p2a: Excadrill
|-boost|p2a: Excadrill|atk|2
|move|p1a: Dragonite|Dragon Dance|p1a: Dragonite
|-boost|p1a: Dragonite|atk|1
|-boost|p1a: Dragonite|spe|1
|
|-weather|Sandstorm|[upkeep]
|-damage|p1a: Dragonite|94/100|[from] Sandstorm
|upkeep
|turn|10
|
|t:|1769319375
|move|p2a: Excadrill|Rock Slide|p1a: Dragonite|[miss]
|-miss|p2a: Excadrill|p1a: Dragonite
|move|p1a: Dragonite|Ice Spinner|p2a: Excadrill
|-damage|p2a: Excadrill|36/100
|-enditem|p2a: Excadrill|Air Balloon
|
|-weather|Sandstorm|[upkeep]
|-damage|p1a: Dragonite|88/100|[from] Sandstorm
|upkeep
|turn|11
|
|t:|1769319385
|move|p2a: Excadrill|Rock Slide|p1a: Dragonite
|-supereffective|p1a: Dragonite
|-damage|p1a: Dragonite|0 fnt
|faint|p1a: Dragonite
|
|-weather|none
|upkeep
|
|t:|1769319393
|switch|p1a: Raging Bolt|Raging Bolt|100/100
|-enditem|p1a: Raging Bolt|Booster Energy
|-activate|p1a: Raging Bolt|ability: Protosynthesis|[fromitem]
|-start|p1a: Raging Bolt|protosynthesisspa
|turn|12
|
|t:|1769319401
|switch|p2a: Kingambit|Kingambit, M|100/100
|-activate|p2a: Kingambit|ability: Supreme Overlord
|-start|p2a: Kingambit|fallen2|[silent]
|move|p1a: Raging Bolt|Thunderbolt|p2a: Kingambit
|-damage|p2a: Kingambit|17/100
|
|upkeep
|turn|13
|
|t:|1769319409
|move|p2a: Kingambit|Sucker Punch|p1a: Raging Bolt
|-damage|p1a: Raging Bolt|61/100
|move|p1a: Raging Bolt|Thunderbolt|p2a: Kingambit
|-crit|p2a: Kingambit
|-damage|p2a: Kingambit|0 fnt
|faint|p2a: Kingambit
|-end|p2a: Kingambit|fallen2|[silent]
|
|upkeep
|
|t:|1769319412
|switch|p2a: Gholdengo|Gholdengo|100/100
|turn|14
|
|t:|1769319419
|move|p2a: Gholdengo|Shadow Ball|p1a: Raging Bolt
|-damage|p1a: Raging Bolt|0 fnt
|faint|p1a: Raging Bolt
|-end|p1a: Raging Bolt|Protosynthesis|[silent]
|
|upkeep
|
|t:|1769319425
|switch|p1a: Kingambit|Kingambit, F|100/100
|-activate|p1a: Kingambit|ability: Supreme Overlord
|-start|p1a: Kingambit|fallen5|[silent]
|turn|15
|
|t:|1769319433
|switch|p2a: Zapdos|Zapdos|100/100
|move|p1a: Kingambit|Kowtow Cleave|p2a: Zapdos
|-damage|p2a: Zapdos|11/100
|-status|p1a: Kingambit|par|[from] ability: Static|[of] p2a: Zapdos
|
|upkeep
|turn|16
|
|t:|1769319440
|move|p1a: Kingambit|Sucker Punch|p2a: Zapdos
|-damage|p2a: Zapdos|0 fnt
|faint|p2a: Zapdos
|
|upkeep
|
|t:|1769319442
|switch|p2a: Gholdengo|Gholdengo|100/100
|turn|17
|
|t:|1769319448
|move|p2a: Gholdengo|Trick|p1a: Kingambit
|-activate|p2a: Gholdengo|move: Trick|[of] p1a: Kingambit
|-item|p1a: Kingambit|Choice Specs|[from] move: Trick
|-item|p2a: Gholdengo|Leftovers|[from] move: Trick
|move|p1a: Kingambit|Kowtow Cleave|p2a: Gholdengo
|-supereffective|p2a: Gholdengo
|-damage|p2a: Gholdengo|0 fnt
|faint|p2a: Gholdengo
|
|upkeep
|
|t:|1769319452
|switch|p2a: Excadrill|Excadrill, F, shiny, tera:Ghost|36/100
|turn|18
|
|t:|1769319459
|move|p2a: Excadrill|Earthquake|p1a: Kingambit
|-supereffective|p1a: Kingambit
|-damage|p1a: Kingambit|16/100 par
|move|p1a: Kingambit|Kowtow Cleave|p2a: Excadrill
|-supereffective|p2a: Excadrill
|-damage|p2a: Excadrill|0 fnt
|faint|p2a: Excadrill
|
|win|AVRLIKESGIRLS
|raw|AVRLIKESGIRLS's rating: 1385 &rarr; <strong>1411</strong><br />(+26 for winning)
|raw|jelynfish's rating: 1489 &rarr; <strong>1463</strong><br />(-26 for losing)
|l|☆jelynfish
|player|p2|
|c|☆AVRLIKESGIRLS|Gg
|l|☆AVRLIKESGIRLS
|player|p1|
|j|☆AVRLIKESGIRLS
|player|p1|AVRLIKESGIRLS|dawn|
|l|☆AVRLIKESGIRLS
|player|p1|
