|j|☆Edge Seven
|j|☆bjls
|t:|1769425835
|gametype|singles
|player|p1|Edge Seven|malva|1484
|player|p2|bjls|hilda-wonderlauncher|1392
|gen|9
|tier|[Gen 9] OU
|rated|
|rule|HP Percentage Mod: HP is shown in percentages
|rule|Endless Battle Clause: Forcing endless battles is banned
|rule|Species Clause: Limit one of each Pokémon
|rule|OHKO Clause: OHKO moves are banned
|rule|Evasion Items Clause: Evasion items are banned
|rule|Evasion Moves Clause: Evasion moves are banned
|rule|Evasion Abilities Clause: Evasion abilities are banned
|rule|Sleep Moves Clause: Sleep-inducing moves are banned
|clearpoke
|poke|p1|Corviknight, F|
|poke|p1|Landorus-Therian, M|
|poke|p1|Primarina, F|
|poke|p1|Raging Bolt|
|poke|p1|Rillaboom, M|
|poke|p1|Zamazenta-*|
|poke|p2|Pelipper, M|
|poke|p2|Basculegion, M|
|poke|p2|Braviary-Hisui, M|
|poke|p2|Raging Bolt|
|poke|p2|Iron Treads|
|poke|p2|Kingambit, M|
|teampreview
|inactive|Battle timer is ON: inactive players will automatically lose when time's up. (requested by bjls)
|inactive|Edge Seven has 120 seconds left.
|
|t:|1769425873
|teamsize|p1|6
|teamsize|p2|6
|start
|switch|p1a: Rillaboom|Rillaboom, M|100/100
|switch|p2a: 大卫·戴|Pelipper, M|100/100
|-fieldstart|move: Grassy Terrain|[from] ability: Grassy Surge|[of] p1a: Rillaboom
|-weather|RainDance|[from] ability: Drizzle|[of] p2a: 大卫·戴
|turn|1
|
|t:|1769425884
|move|p1a: Rillaboom|U-turn|p2a: 大卫·戴
|-resisted|p2a: 大卫·戴
|-damage|p2a: 大卫·戴|87/100
|
|t:|1769425899
|switch|p1a: Primarina|Primarina, F|100/100|[from] U-turn
|move|p2a: 大卫·戴|Hurricane|p1a: Primarina
|-damage|p1a: Primarina|77/100
|-start|p1a: Primarina|confusion
|
|-weather|RainDance|[upkeep]
|-heal|p1a: Primarina|83/100|[from] Grassy Terrain
|upkeep
|turn|2
|
|t:|1769425904
|-activate|p1a: Primarina|confusion
|move|p1a: Primarina|Moonblast|p2a: 大卫·戴
|-crit|p2a: 大卫·戴
|-damage|p2a: 大卫·戴|0 fnt
|faint|p2a: 大卫·戴
|
|-weather|RainDance|[upkeep]
|-heal|p1a: Primarina|89/100|[from] Grassy Terrain
|upkeep
|
|t:|1769425909
|switch|p2a: 驭雷掣电天尊|Raging Bolt|100/100
|-enditem|p2a: 驭雷掣电天尊|Booster Energy
|-activate|p2a: 驭雷掣电天尊|ability: Protosynthesis|[fromitem]
|-start|p2a: 驭雷掣电天尊|protosynthesisspa
|turn|3
|
|t:|1769425912
|-activate|p1a: Primarina|confusion
|move|p1a: Primarina|Moonblast|p2a: 驭雷掣电天尊
|-supereffective|p2a: 驭雷掣电天尊
|-damage|p2a: 驭雷掣电天尊|15/100
|-unboost|p2a: 驭雷掣电天尊|spa|1
|move|p2a: 驭雷掣电天尊|Thunderbolt|p1a: Primarina
|-supereffective|p1a: Primarina
|-crit|p1a: Primarina
|-damage|p1a: Primarina|0 fnt
|faint|p1a: Primarina
|
|-weather|RainDance|[upkeep]
|-heal|p2a: 驭雷掣电天尊|21/100|[from] Grassy Terrain
|upkeep
|c|☆Edge Seven|what a start
|
|t:|1769425932
|switch|p1a: Landorus|Landorus-Therian, M|100/100
|-ability|p1a: Landorus|Intimidate|boost
|-unboost|p2a: 驭雷掣电天尊|atk|1
|turn|4
|
|t:|1769425935
|move|p1a: Landorus|Earth Power|p2a: 驭雷掣电天尊
|-supereffective|p2a: 驭雷掣电天尊
|-damage|p2a: 驭雷掣电天尊|0 fnt
|faint|p2a: 驭雷掣电天尊
|-end|p2a: 驭雷掣电天尊|Protosynthesis|[silent]
|
|-weather|RainDance|[upkeep]
|upkeep
|
|t:|1769425939
|switch|p2a: 一汽·大运|Basculegion, M|100/100
|turn|5
|inactive|Edge Seven has 120 seconds left.
|
|t:|1769425975
|switch|p2a: 扶摇|Braviary-Hisui, M|100/100
|switch|p1a: Raging Bolt|Raging Bolt|100/100
|-enditem|p1a: Raging Bolt|Booster Energy
|-activate|p1a: Raging Bolt|ability: Protosynthesis|[fromitem]
|-start|p1a: Raging Bolt|protosynthesisspa
|
|-weather|RainDance|[upkeep]
|-fieldend|move: Grassy Terrain
|upkeep
|turn|6
|inactive|Edge Seven has 120 seconds left.
|
|t:|1769425994
|-end|p1a: Raging Bolt|Protosynthesis|[silent]
|switch|p1a: Rillaboom|Rillaboom, M|100/100
|-fieldstart|move: Grassy Terrain|[from] ability: Grassy Surge|[of] p1a: Rillaboom
|move|p2a: 扶摇|Hurricane|p1a: Rillaboom
|-supereffective|p1a: Rillaboom
|-damage|p1a: Rillaboom|0 fnt
|faint|p1a: Rillaboom
|
|-weather|RainDance|[upkeep]
|upkeep
|
|t:|1769426001
|switch|p1a: Raging Bolt|Raging Bolt|100/100
|turn|7
|
|t:|1769426005
|switch|p2a: 帝车超光所向捷|Iron Treads|100/100
|-enditem|p2a: 帝车超光所向捷|Booster Energy
|-activate|p2a: 帝车超光所向捷|ability: Quark Drive|[fromitem]
|-start|p2a: 帝车超光所向捷|quarkdrivespe
|move|p1a: Raging Bolt|Calm Mind|p1a: Raging Bolt
|-boost|p1a: Raging Bolt|spa|1
|-boost|p1a: Raging Bolt|spd|1
|
|-weather|RainDance|[upkeep]
|upkeep
|turn|8
|
|t:|1769426012
|move|p2a: 帝车超光所向捷|Ice Spinner|p1a: Raging Bolt
|-supereffective|p1a: Raging Bolt
|-damage|p1a: Raging Bolt|57/100
|-fieldend|move: Grassy Terrain
|move|p1a: Raging Bolt|Dragon Pulse|p2a: 帝车超光所向捷
|-resisted|p2a: 帝车超光所向捷
|-damage|p2a: 帝车超光所向捷|50/100
|
|-weather|none
|upkeep
|turn|9
|
|t:|1769426018
|-end|p1a: Raging Bolt|Protosynthesis|[silent]
|switch|p1a: Zamazenta|Zamazenta|100/100
|-ability|p1a: Zamazenta|Dauntless Shield|boost
|-boost|p1a: Zamazenta|def|1
|move|p2a: 帝车超光所向捷|Earthquake|p1a: Zamazenta
|-damage|p1a: Zamazenta|72/100
|
|upkeep
|turn|10
|
|t:|1769426025
|-end|p2a: 帝车超光所向捷|Quark Drive|[silent]
|switch|p2a: 扶摇|Braviary-Hisui, M|100/100
|move|p1a: Zamazenta|Close Combat|p2a: 扶摇
|-resisted|p2a: 扶摇
|-damage|p2a: 扶摇|80/100
|-unboost|p1a: Zamazenta|def|1
|-unboost|p1a: Zamazenta|spd|1
|-damage|p1a: Zamazenta|63/100|[from] item: Life Orb
|
|upkeep
|turn|11
|
|t:|1769426031
|move|p1a: Zamazenta|Stone Edge|p2a: 扶摇
|-supereffective|p2a: 扶摇
|-damage|p2a: 扶摇|0 fnt
|faint|p2a: 扶摇
|-damage|p1a: Zamazenta|53/100|[from] item: Life Orb
|
|upkeep
|
|t:|1769426036
|switch|p2a: 一汽·大运|Basculegion, M|100/100
|turn|12
|
|t:|1769426041
|-terastallize|p1a: Zamazenta|Dark
|move|p1a: Zamazenta|Crunch|p2a: 一汽·大运
|-supereffective|p2a: 一汽·大运
|-damage|p2a: 一汽·大运|0 fnt
|faint|p2a: 一汽·大运
|-damage|p1a: Zamazenta|43/100|[from] item: Life Orb
|
|upkeep
|
|t:|1769426050
|switch|p2a: 万夫莫敌|Kingambit, M|100/100
|-activate|p2a: 万夫莫敌|ability: Supreme Overlord
|-start|p2a: 万夫莫敌|fallen4|[silent]
|-item|p2a: 万夫莫敌|Air Balloon
|turn|13
|
|t:|1769426056
|-terastallize|p2a: 万夫莫敌|Ghost
|move|p1a: Zamazenta|Close Combat|p2a: 万夫莫敌
|-immune|p2a: 万夫莫敌
|move|p2a: 万夫莫敌|Swords Dance|p2a: 万夫莫敌
|-boost|p2a: 万夫莫敌|atk|2
|
|upkeep
|turn|14
|
|t:|1769426069
|switch|p1a: Landorus|Landorus-Therian, M|100/100
|-ability|p1a: Landorus|Intimidate|boost
|-unboost|p2a: 万夫莫敌|atk|1
|move|p2a: 万夫莫敌|Sucker Punch||[still]
|-fail|p2a: 万夫莫敌
|
|upkeep
|turn|15
|
|t:|1769426075
|move|p2a: 万夫莫敌|Sucker Punch|p1a: Landorus
|-damage|p1a: Landorus|9/100
|-damage|p2a: 万夫莫敌|84/100|[from] item: Rocky Helmet|[of] p1a: Landorus
|move|p1a: Landorus|U-turn|p2a: 万夫莫敌
|-resisted|p2a: 万夫莫敌
|-damage|p2a: 万夫莫敌|76/100
|-enditem|p2a: 万夫莫敌|Air Balloon
|
|t:|1769426078
|switch|p1a: Corviknight|Corviknight, F|100/100|[from] U-turn
|-ability|p1a: Corviknight|Pressure
|
|upkeep
|turn|16
|
|t:|1769426082
|move|p2a: 万夫莫敌|Swords Dance|p2a: 万夫莫敌
|-boost|p2a: 万夫莫敌|atk|2
|move|p1a: Corviknight|U-turn|p2a: 万夫莫敌
|-resisted|p2a: 万夫莫敌
|-damage|p2a: 万夫莫敌|70/100
|
|t:|1769426087
|switch|p1a: Zamazenta|Zamazenta, tera:Dark|43/100|[from] U-turn
|
|upkeep
|turn|17
|
|t:|1769426090
|switch|p1a: Landorus|Landorus-Therian, M|9/100
|-ability|p1a: Landorus|Intimidate|boost
|-unboost|p2a: 万夫莫敌|atk|1
|move|p2a: 万夫莫敌|Sucker Punch||[still]
|-fail|p2a: 万夫莫敌
|
|upkeep
|turn|18
|
|t:|1769426094
|move|p2a: 万夫莫敌|Sucker Punch||[still]
|-fail|p2a: 万夫莫敌
|move|p1a: Landorus|Taunt|p2a: 万夫莫敌
|-start|p2a: 万夫莫敌|move: Taunt
|
|upkeep
|turn|19
|
|t:|1769426100
|move|p1a: Landorus|Taunt||[still]
|-fail|p1a: Landorus
|move|p2a: 万夫莫敌|Kowtow Cleave|p1a: Landorus
|-damage|p1a: Landorus|0 fnt
|-damage|p2a: 万夫莫敌|53/100|[from] item: Rocky Helmet|[of] p1a: Landorus
|faint|p1a: Landorus
|
|upkeep
|
|t:|1769426111
|switch|p1a: Raging Bolt|Raging Bolt|57/100
|turn|20
|
|t:|1769426115
|-end|p1a: Raging Bolt|Protosynthesis|[silent]
|switch|p1a: Corviknight|Corviknight, F|100/100
|-ability|p1a: Corviknight|Pressure
|move|p2a: 万夫莫敌|Kowtow Cleave|p1a: Corviknight
|-damage|p1a: Corviknight|12/100
|
|upkeep
|turn|21
|
|t:|1769426121
|move|p2a: 万夫莫敌|Kowtow Cleave|p1a: Corviknight
|-damage|p1a: Corviknight|0 fnt
|faint|p1a: Corviknight
|
|-end|p2a: 万夫莫敌|move: Taunt
|upkeep
|
|t:|1769426124
|switch|p1a: Raging Bolt|Raging Bolt|57/100
|turn|22
|
|t:|1769426129
|move|p2a: 万夫莫敌|Kowtow Cleave|p1a: Raging Bolt
|-damage|p1a: Raging Bolt|0 fnt
|faint|p1a: Raging Bolt
|-end|p1a: Raging Bolt|Protosynthesis|[silent]
|
|upkeep
|
|t:|1769426134
|switch|p1a: Zamazenta|Zamazenta, tera:Dark|43/100
|turn|23
|
|t:|1769426137
|move|p2a: 万夫莫敌|Sucker Punch|p1a: Zamazenta
|-resisted|p1a: Zamazenta
|-damage|p1a: Zamazenta|0 fnt
|faint|p1a: Zamazenta
|
|win|bjls
|raw|Edge Seven's rating: 1484 &rarr; <strong>1459</strong><br />(-25 for losing)
|raw|bjls's rating: 1392 &rarr; <strong>1417</strong><br />(+25 for winning)
|l|☆Edge Seven
|player|p1|
|l|☆bjls
|player|p2|
