|j|☆lightery
|j|☆skibidi1989
|t:|1769421019
|gametype|singles
|player|p1|lightery|cilan|1366
|player|p2|skibidi1989|265|1359
|gen|9
|tier|[Gen 9] OU
|rated|
|rule|HP Percentage Mod: HP is shown in percentages
|rule|Endless Battle Clause: Forcing endless battles is banned
|rule|Species Clause: Limit one of each Pokémon
|rule|OHKO Clause: OHKO moves are banned
|rule|Evasion Items Clause: Evasion items are banned
|rule|Evasion Moves Clause: Evasion moves are banned
|rule|Evasion Abilities Clause: Evasion abilities are banned
|rule|Sleep Moves Clause: Sleep-inducing moves are banned
|clearpoke
|poke|p1|Quaquaval, F|
|poke|p1|Zapdos|
|poke|p1|Rillaboom, F|
|poke|p1|Ursaluna, M|
|poke|p1|Conkeldurr, F|
|poke|p1|Enamorus, F|
|poke|p2|Gholdengo|
|poke|p2|Darkrai|
|poke|p2|Zoroark-Hisui, F|
|poke|p2|Ting-Lu|
|poke|p2|Dragonite, F|
|poke|p2|Pecharunt|
|teampreview
|c|☆lightery|Gl
|
|t:|1769421033
|teamsize|p1|6
|teamsize|p2|6
|start
|switch|p1a: Monkie|Rillaboom, F|100/100
|switch|p2a: Ting-Lu|Ting-Lu|100/100
|-fieldstart|move: Grassy Terrain|[from] ability: Grassy Surge|[of] p1a: Monkie
|-ability|p2a: Ting-Lu|Vessel of Ruin
|turn|1
|inactive|Battle timer is ON: inactive players will automatically lose when time's up. (requested by skibidi1989)
|
|t:|1769421036
|move|p1a: Monkie|U-turn|p2a: Ting-Lu
|-supereffective|p2a: Ting-Lu
|-damage|p2a: Ting-Lu|73/100
|-enditem|p2a: Ting-Lu|Red Card|[of] p1a: Monkie
|drag|p1a: Ursie|Ursaluna, M|100/100
|move|p2a: Ting-Lu|Stealth Rock|p1a: Ursie
|-sidestart|p1: lightery|move: Stealth Rock
|
|-heal|p2a: Ting-Lu|79/100|[from] Grassy Terrain
|-status|p1a: Ursie|brn|[from] item: Flame Orb
|upkeep
|turn|2
|
|t:|1769421046
|move|p1a: Ursie|Headlong Rush|p2a: Ting-Lu
|-damage|p2a: Ting-Lu|24/100
|-unboost|p1a: Ursie|def|1
|-unboost|p1a: Ursie|spd|1
|move|p2a: Ting-Lu|Spikes|p1a: Ursie
|-sidestart|p1: lightery|Spikes
|
|-heal|p2a: Ting-Lu|30/100|[from] Grassy Terrain
|-damage|p1a: Ursie|94/100 brn|[from] brn
|upkeep
|turn|3
|
|t:|1769421055
|move|p1a: Ursie|Ice Punch|p2a: Ting-Lu
|-supereffective|p2a: Ting-Lu
|-damage|p2a: Ting-Lu|0 fnt
|faint|p2a: Ting-Lu
|
|-heal|p1a: Ursie|100/100 brn|[from] Grassy Terrain
|-damage|p1a: Ursie|94/100 brn|[from] brn
|upkeep
|
|t:|1769421069
|switch|p2a: Gholdengo|Gholdengo|100/100
|turn|4
|
|t:|1769421079
|switch|p1a: Cloudie|Zapdos|100/100
|move|p2a: Gholdengo|Grass Knot|p1a: Cloudie
|-resisted|p1a: Cloudie
|-damage|p1a: Cloudie|85/100
|
|upkeep
|turn|5
|
|t:|1769421094
|switch|p2a: Gholdengo|Gholdengo|100/100
|move|p1a: Cloudie|Discharge|p2a: Gholdengo
|-damage|p2a: Gholdengo|49/100
|
|-heal|p2a: Gholdengo|55/100|[from] Grassy Terrain
|-fieldend|move: Grassy Terrain
|upkeep
|turn|6
|
|t:|1769421103
|move|p2a: Gholdengo|Shadow Ball|p1a: Cloudie
|-damage|p1a: Cloudie|41/100
|move|p1a: Cloudie|Discharge|p2a: Gholdengo
|-damage|p2a: Gholdengo|6/100
|
|upkeep
|turn|7
|
|t:|1769421105
|move|p2a: Gholdengo|Shadow Ball|p1a: Cloudie
|-damage|p1a: Cloudie|1/100
|move|p1a: Cloudie|Volt Switch|p2a: Gholdengo
|-damage|p2a: Gholdengo|0 fnt
|faint|p2a: Gholdengo
|
|t:|1769421118
|switch|p1a: Duckie|Quaquaval, F|100/100|[from] Volt Switch
|-damage|p1a: Duckie|94/100|[from] Stealth Rock
|-damage|p1a: Duckie|82/100|[from] Spikes
|
|-heal|p1a: Duckie|88/100|[from] item: Leftovers
|upkeep
|
|t:|1769421125
|switch|p2a: Pecharunt|Pecharunt|100/100
|turn|8
|
|t:|1769421133
|switch|p1a: Ursie|Ursaluna, M|94/100 brn
|-damage|p1a: Ursie|88/100 brn|[from] Stealth Rock
|-damage|p1a: Ursie|76/100 brn|[from] Spikes
|move|p2a: Pecharunt|Grass Knot|p1a: Ursie
|-supereffective|p1a: Ursie
|-damage|p1a: Ursie|0 fnt
|faint|p1a: Ursie
|
|upkeep
|
|t:|1769421141
|switch|p1a: Brickie|Conkeldurr, F|100/100
|-damage|p1a: Brickie|94/100|[from] Stealth Rock
|-damage|p1a: Brickie|82/100|[from] Spikes
|turn|9
|
|t:|1769421150
|move|p2a: Pecharunt|Shadow Ball|p1a: Brickie
|-damage|p1a: Brickie|48/100
|move|p1a: Brickie|Knock Off|p2a: Pecharunt
|-supereffective|p2a: Pecharunt
|-damage|p2a: Pecharunt|0 fnt
|replace|p2a: Zoroark|Zoroark-Hisui, F
|-end|p2a: Zoroark|Illusion
|-enditem|p2a: Zoroark|Heavy-Duty Boots|[from] move: Knock Off|[of] p1a: Brickie
|faint|p2a: Zoroark
|
|upkeep
|
|t:|1769421156
|switch|p2a: Pecharunt|Pecharunt|100/100
|turn|10
|
|t:|1769421159
|move|p2a: Pecharunt|Malignant Chain|p1a: Brickie
|-damage|p1a: Brickie|23/100
|-status|p1a: Brickie|tox
|-start|p1a: Brickie|confusion|[from] ability: Poison Puppeteer|[of] p2a: Pecharunt
|-activate|p1a: Brickie|confusion
|-damage|p1a: Brickie|8/100 tox|[from] confusion
|
|-damage|p1a: Brickie|2/100 tox|[from] psn
|upkeep
|turn|11
|
|t:|1769421164
|move|p2a: Pecharunt|Recover||[still]
|-fail|p2a: Pecharunt|heal
|-activate|p1a: Brickie|confusion
|-damage|p1a: Brickie|0 fnt|[from] confusion
|faint|p1a: Brickie
|
|upkeep
|
|t:|1769421172
|switch|p1a: Monkie|Rillaboom, F|100/100
|-damage|p1a: Monkie|88/100|[from] Stealth Rock
|-damage|p1a: Monkie|75/100|[from] Spikes
|-fieldstart|move: Grassy Terrain|[from] ability: Grassy Surge|[of] p1a: Monkie
|turn|12
|inactive|skibidi1989 has 120 seconds left.
|inactive|skibidi1989 has 90 seconds left.
|
|t:|1769421254
|move|p2a: Pecharunt|Malignant Chain|p1a: Monkie
|-supereffective|p1a: Monkie
|-crit|p1a: Monkie
|-damage|p1a: Monkie|0 fnt
|faint|p1a: Monkie
|
|upkeep
|
|t:|1769421266
|switch|p1a: Lovie|Enamorus, F|100/100
|-damage|p1a: Lovie|76/100|[from] Stealth Rock
|turn|13
|
|t:|1769421270
|-terastallize|p1a: Lovie|Ground
|move|p1a: Lovie|Earth Power|p2a: Pecharunt
|-supereffective|p2a: Pecharunt
|-damage|p2a: Pecharunt|0 fnt
|faint|p2a: Pecharunt
|
|-heal|p1a: Lovie|82/100|[from] Grassy Terrain
|upkeep
|
|t:|1769421277
|switch|p2a: Darkrai|Darkrai|100/100
|turn|14
|
|t:|1769421282
|switch|p1a: Duckie|Quaquaval, F|88/100
|-damage|p1a: Duckie|82/100|[from] Stealth Rock
|-damage|p1a: Duckie|70/100|[from] Spikes
|move|p2a: Darkrai|Ice Beam|p1a: Duckie
|-resisted|p1a: Duckie
|-damage|p1a: Duckie|49/100
|
|-heal|p1a: Duckie|55/100|[from] Grassy Terrain
|-heal|p1a: Duckie|62/100|[from] item: Leftovers
|upkeep
|turn|15
|
|t:|1769421287
|move|p2a: Darkrai|Thunder Wave|p1a: Duckie
|-status|p1a: Duckie|par
|move|p1a: Duckie|Rapid Spin|p2a: Darkrai
|-damage|p2a: Darkrai|75/100
|-boost|p1a: Duckie|spe|1
|-sideend|p1: lightery|Spikes|[from] move: Rapid Spin|[of] p1a: Duckie
|-sideend|p1: lightery|Stealth Rock|[from] move: Rapid Spin|[of] p1a: Duckie
|
|-heal|p2a: Darkrai|81/100|[from] Grassy Terrain
|-heal|p1a: Duckie|68/100 par|[from] Grassy Terrain
|-heal|p1a: Duckie|74/100 par|[from] item: Leftovers
|upkeep
|turn|16
|
|t:|1769421299
|move|p2a: Darkrai|Dark Pulse|p1a: Duckie
|-resisted|p1a: Duckie
|-damage|p1a: Duckie|43/100 par
|cant|p1a: Duckie|par
|
|-heal|p2a: Darkrai|87/100|[from] Grassy Terrain
|-heal|p1a: Duckie|49/100 par|[from] Grassy Terrain
|-heal|p1a: Duckie|55/100 par|[from] item: Leftovers
|-fieldend|move: Grassy Terrain
|upkeep
|turn|17
|
|t:|1769421302
|move|p2a: Darkrai|Dark Pulse|p1a: Duckie
|-resisted|p1a: Duckie
|-damage|p1a: Duckie|23/100 par
|move|p1a: Duckie|Aqua Step|p2a: Darkrai
|-damage|p2a: Darkrai|29/100
|-boost|p1a: Duckie|spe|1
|
|-heal|p1a: Duckie|29/100 par|[from] item: Leftovers
|upkeep
|turn|18
|
|t:|1769421304
|move|p2a: Darkrai|Dark Pulse|p1a: Duckie
|-resisted|p1a: Duckie
|-damage|p1a: Duckie|0 fnt
|faint|p1a: Duckie
|
|upkeep
|
|t:|1769421308
|switch|p1a: Cloudie|Zapdos|1/100
|turn|19
|
|t:|1769421311
|move|p2a: Darkrai|Ice Beam|p1a: Cloudie
|-supereffective|p1a: Cloudie
|-damage|p1a: Cloudie|0 fnt
|faint|p1a: Cloudie
|
|upkeep
|
|t:|1769421313
|switch|p1a: Lovie|Enamorus, F, tera:Ground|82/100
|turn|20
|
|t:|1769421315
|move|p2a: Darkrai|Ice Beam|p1a: Lovie
|-supereffective|p1a: Lovie
|-damage|p1a: Lovie|0 fnt
|faint|p1a: Lovie
|
|win|skibidi1989
|raw|lightery's rating: 1366 &rarr; <strong>1346</strong><br />(-20 for losing)
|raw|skibidi1989's rating: 1359 &rarr; <strong>1379</strong><br />(+20 for winning)
|c|☆lightery|Gg
|l|☆lightery
|player|p1|
|l|☆skibidi1989
|player|p2|
