|j|☆praveenkumart236
|j|☆sebeck
|t:|1769343207
|gametype|singles
|player|p1|praveenkumart236|170|1585
|player|p2|sebeck|170|1508
|gen|9
|tier|[Gen 9] OU
|rated|
|rule|HP Percentage Mod: HP is shown in percentages
|rule|Endless Battle Clause: Forcing endless battles is banned
|rule|Species Clause: Limit one of each Pokémon
|rule|OHKO Clause: OHKO moves are banned
|rule|Evasion Items Clause: Evasion items are banned
|rule|Evasion Moves Clause: Evasion moves are banned
|rule|Evasion Abilities Clause: Evasion abilities are banned
|rule|Sleep Moves Clause: Sleep-inducing moves are banned
|clearpoke
|poke|p1|Farigiraf, F|
|poke|p1|Kingambit, F|
|poke|p1|Raging Bolt|
|poke|p1|Pecharunt|
|poke|p1|Great Tusk|
|poke|p1|Grimmsnarl, M|
|poke|p2|Iron Boulder|
|poke|p2|Dragapult, F|
|poke|p2|Zapdos|
|poke|p2|Iron Crown|
|poke|p2|Great Tusk|
|poke|p2|Samurott-Hisui, M|
|teampreview
|inactive|Battle timer is ON: inactive players will automatically lose when time's up. (requested by sebeck)
|inactive|praveenkumart236 also wants the timer to be on.
|
|t:|1769343211
|teamsize|p1|6
|teamsize|p2|6
|start
|switch|p1a: Grimmsnarl|Grimmsnarl, M|100/100
|switch|p2a: Iron Crown|Iron Crown|100/100
|turn|1
|
|t:|1769343222
|move|p1a: Grimmsnarl|Parting Shot|p2a: Iron Crown
|-unboost|p2a: Iron Crown|atk|1
|-unboost|p2a: Iron Crown|spa|1
|
|t:|1769343225
|switch|p1a: Kingambit|Kingambit, F|100/100|[from] Parting Shot
|move|p2a: Iron Crown|Tachyon Cutter|p1a: Kingambit
|-resisted|p1a: Kingambit
|-damage|p1a: Kingambit|87/100
|-resisted|p1a: Kingambit
|-damage|p1a: Kingambit|72/100
|-hitcount|p1a: Kingambit|2
|
|upkeep
|turn|2
|
|t:|1769343243
|-end|p2a: Iron Crown|Quark Drive|[silent]
|switch|p2a: Great Tusk|Great Tusk|100/100
|-end|p1a: Kingambit|fallenundefined|[silent]
|switch|p1a: Grimmsnarl|Grimmsnarl, M|100/100
|
|upkeep
|turn|3
|
|t:|1769343253
|-end|p2a: Great Tusk|Protosynthesis|[silent]
|switch|p2a: Iron Crown|Iron Crown|100/100
|move|p1a: Grimmsnarl|Reflect|p1a: Grimmsnarl
|-sidestart|p1: praveenkumart236|Reflect
|
|upkeep
|turn|4
|j| bdid7tf
|
|t:|1769343266
|move|p1a: Grimmsnarl|Light Screen|p1a: Grimmsnarl
|-sidestart|p1: praveenkumart236|move: Light Screen
|move|p2a: Iron Crown|Tachyon Cutter|p1a: Grimmsnarl
|-supereffective|p1a: Grimmsnarl
|-damage|p1a: Grimmsnarl|71/100
|-supereffective|p1a: Grimmsnarl
|-damage|p1a: Grimmsnarl|42/100
|-hitcount|p1a: Grimmsnarl|2
|
|upkeep
|turn|5
|
|t:|1769343276
|move|p1a: Grimmsnarl|Parting Shot|p2a: Iron Crown
|-unboost|p2a: Iron Crown|atk|1
|-unboost|p2a: Iron Crown|spa|1
|
|t:|1769343280
|switch|p1a: Farigiraf|Farigiraf, F|100/100|[from] Parting Shot
|move|p2a: Iron Crown|Tachyon Cutter|p1a: Farigiraf
|-damage|p1a: Farigiraf|87/100
|-damage|p1a: Farigiraf|75/100
|-hitcount|p1a: Farigiraf|2
|
|-heal|p1a: Farigiraf|81/100|[from] item: Leftovers
|upkeep
|turn|6
|
|t:|1769343285
|-end|p2a: Iron Crown|Quark Drive|[silent]
|switch|p2a: Zapdos|Zapdos|100/100
|move|p1a: Farigiraf|Nasty Plot|p1a: Farigiraf
|-boost|p1a: Farigiraf|spa|2
|
|-heal|p1a: Farigiraf|88/100|[from] item: Leftovers
|upkeep
|turn|7
|
|t:|1769343292
|move|p2a: Zapdos|Discharge|p1a: Farigiraf
|-damage|p1a: Farigiraf|70/100
|move|p1a: Farigiraf|Nasty Plot|p1a: Farigiraf
|-boost|p1a: Farigiraf|spa|2
|
|-heal|p1a: Farigiraf|77/100|[from] item: Leftovers
|upkeep
|turn|8
|
|t:|1769343297
|move|p2a: Zapdos|Discharge|p1a: Farigiraf
|-damage|p1a: Farigiraf|59/100
|move|p1a: Farigiraf|Trick Room|p1a: Farigiraf
|-fieldstart|move: Trick Room|[of] p1a: Farigiraf
|
|-heal|p1a: Farigiraf|66/100|[from] item: Leftovers
|upkeep
|turn|9
|
|t:|1769343306
|switch|p2a: Samurott|Samurott-Hisui, M, shiny|100/100
|move|p1a: Farigiraf|Tera Blast|p2a: Samurott
|-crit|p2a: Samurott
|-damage|p2a: Samurott|0 fnt
|faint|p2a: Samurott
|
|-heal|p1a: Farigiraf|72/100|[from] item: Leftovers
|upkeep
|l| bdid7tf
|
|t:|1769343328
|switch|p2a: Great Tusk|Great Tusk|100/100
|turn|10
|
|t:|1769343336
|-end|p2a: Great Tusk|Protosynthesis|[silent]
|switch|p2a: Dragapult|Dragapult, F|100/100
|move|p1a: Farigiraf|Shadow Ball|p2a: Dragapult
|-supereffective|p2a: Dragapult
|-damage|p2a: Dragapult|0 fnt
|faint|p2a: Dragapult
|
|-heal|p1a: Farigiraf|78/100|[from] item: Leftovers
|-sideend|p1: praveenkumart236|Reflect
|upkeep
|-message|sebeck forfeited.
|
|win|praveenkumart236
|raw|praveenkumart236's rating: 1585 &rarr; <strong>1601</strong><br />(+16 for winning)
|raw|sebeck's rating: 1508 &rarr; <strong>1492</strong><br />(-16 for losing)
|l|☆sebeck
|player|p2|
|l|☆praveenkumart236
|player|p1|
