|j|☆The Dragon Lair
|j|☆Evioliths for win
|t:|1769369571
|gametype|singles
|player|p1|The Dragon Lair|ghetsis-gen5bw|1217
|player|p2|Evioliths for win|ninjaboy|1209
|gen|9
|tier|[Gen 9] OU
|rated|
|rule|HP Percentage Mod: HP is shown in percentages
|rule|Endless Battle Clause: Forcing endless battles is banned
|rule|Species Clause: Limit one of each Pokémon
|rule|OHKO Clause: OHKO moves are banned
|rule|Evasion Items Clause: Evasion items are banned
|rule|Evasion Moves Clause: Evasion moves are banned
|rule|Evasion Abilities Clause: Evasion abilities are banned
|rule|Sleep Moves Clause: Sleep-inducing moves are banned
|clearpoke
|poke|p1|Dragonite, F|
|poke|p1|Dragapult, F|
|poke|p1|Regidrago|
|poke|p1|Raging Bolt|
|poke|p1|Goodra-Hisui, F|
|poke|p1|Noivern, M|
|poke|p2|Darkrai|
|poke|p2|Gliscor, M|
|poke|p2|Goodra, F|
|poke|p2|Weezing-Galar, F|
|poke|p2|Vikavolt, F|
|poke|p2|Naclstack, F|
|teampreview
|
|t:|1769369587
|teamsize|p1|6
|teamsize|p2|6
|start
|switch|p1a: Dragapult|Dragapult, F|100/100
|switch|p2a: Vikavolt|Vikavolt, F|100/100
|turn|1
|c|☆Evioliths for win|nice team bro
|
|t:|1769369597
|move|p1a: Dragapult|Will-O-Wisp|p2a: Vikavolt
|-status|p2a: Vikavolt|brn
|move|p2a: Vikavolt|Sticky Web|p1a: Dragapult
|-sidestart|p1: The Dragon Lair|move: Sticky Web
|
|-damage|p2a: Vikavolt|94/100 brn|[from] brn
|upkeep
|turn|2
|
|t:|1769369605
|switch|p1a: Goodra|Goodra-Hisui, F|100/100
|-activate|p1a: Goodra|move: Sticky Web
|-unboost|p1a: Goodra|spe|1
|switch|p2a: Naclstack|Naclstack, F|100/100
|
|upkeep
|turn|3
|
|t:|1769369635
|move|p2a: Naclstack|Salt Cure|p1a: Goodra
|-resisted|p1a: Goodra
|-damage|p1a: Goodra|96/100
|-start|p1a: Goodra|Salt Cure
|move|p1a: Goodra|Dragon Tail|p2a: Naclstack
|-damage|p2a: Naclstack|81/100
|drag|p2a: Weezing|Weezing-Galar, F|100/100
|
|-heal|p1a: Goodra|100/100|[from] item: Leftovers
|-damage|p1a: Goodra|75/100|[from] Salt Cure
|upkeep
|turn|4
|inactive|Battle timer is ON: inactive players will automatically lose when time's up. (requested by The Dragon Lair)
|
|t:|1769369649
|switch|p2a: Vikavolt|Vikavolt, F|94/100 brn
|move|p1a: Goodra|Curse|p1a: Goodra
|-unboost|p1a: Goodra|spe|1
|-boost|p1a: Goodra|atk|1
|-boost|p1a: Goodra|def|1
|
|-heal|p1a: Goodra|82/100|[from] item: Leftovers
|-damage|p2a: Vikavolt|88/100 brn|[from] brn
|-damage|p1a: Goodra|57/100|[from] Salt Cure
|upkeep
|turn|5
|
|t:|1769369660
|move|p2a: Vikavolt|Thunderbolt|p1a: Goodra
|-resisted|p1a: Goodra
|-damage|p1a: Goodra|37/100
|move|p1a: Goodra|Dragon Tail|p2a: Vikavolt
|-damage|p2a: Vikavolt|34/100 brn
|drag|p2a: Goodra|Goodra, F|100/100
|
|-heal|p1a: Goodra|43/100|[from] item: Leftovers
|-damage|p1a: Goodra|18/100|[from] Salt Cure
|upkeep
|turn|6
|
|t:|1769369671
|move|p2a: Goodra|Earthquake|p1a: Goodra
|-supereffective|p1a: Goodra
|-damage|p1a: Goodra|0 fnt
|faint|p1a: Goodra
|
|upkeep
|
|t:|1769369690
|switch|p1a: Dragonite|Dragonite, F|100/100
|turn|7
|
|t:|1769369698
|move|p1a: Dragonite|Dragon Dance|p1a: Dragonite
|-boost|p1a: Dragonite|atk|1
|-boost|p1a: Dragonite|spe|1
|move|p2a: Goodra|Knock Off|p1a: Dragonite
|-crit|p1a: Dragonite
|-damage|p1a: Dragonite|62/100
|-enditem|p1a: Dragonite|Weakness Policy|[from] move: Knock Off|[of] p2a: Goodra
|
|upkeep
|turn|8
|
|t:|1769369706
|switch|p2a: Vikavolt|Vikavolt, F|34/100 brn
|move|p1a: Dragonite|Dragon Claw|p2a: Vikavolt
|-damage|p2a: Vikavolt|0 fnt
|faint|p2a: Vikavolt
|
|upkeep
|
|t:|1769369711
|switch|p2a: Weezing|Weezing-Galar, F|100/100
|turn|9
|
|t:|1769369737
|switch|p1a: Noivern|Noivern, M|100/100
|move|p2a: Weezing|Toxic|p1a: Noivern
|-status|p1a: Noivern|tox
|
|-damage|p1a: Noivern|94/100 tox|[from] psn
|upkeep
|turn|10
|
|t:|1769369745
|switch|p2a: Naclstack|Naclstack, F|81/100
|move|p1a: Noivern|Switcheroo|p2a: Naclstack
|-activate|p1a: Noivern|move: Trick|[of] p2a: Naclstack
|-item|p2a: Naclstack|Choice Scarf|[from] move: Switcheroo
|-item|p1a: Noivern|Eviolite|[from] move: Switcheroo
|
|-damage|p1a: Noivern|82/100 tox|[from] psn
|upkeep
|turn|11
|
|t:|1769369759
|move|p1a: Noivern|Dragon Pulse|p2a: Naclstack
|-damage|p2a: Naclstack|55/100
|move|p2a: Naclstack|Salt Cure|p1a: Noivern
|-supereffective|p1a: Noivern
|-damage|p1a: Noivern|64/100 tox
|-start|p1a: Noivern|Salt Cure
|
|-damage|p1a: Noivern|45/100 tox|[from] psn
|-damage|p1a: Noivern|33/100 tox|[from] Salt Cure
|upkeep
|turn|12
|
|t:|1769369773
|move|p1a: Noivern|Dragon Pulse|p2a: Naclstack
|-damage|p2a: Naclstack|24/100
|move|p2a: Naclstack|Salt Cure|p1a: Noivern
|-supereffective|p1a: Noivern
|-damage|p1a: Noivern|14/100 tox
|
|-damage|p1a: Noivern|0 fnt|[from] psn
|faint|p1a: Noivern
|upkeep
|
|t:|1769369787
|switch|p1a: Dragapult|Dragapult, F|100/100
|turn|13
|
|t:|1769369796
|move|p1a: Dragapult|Hex|p2a: Naclstack
|-damage|p2a: Naclstack|9/100
|move|p2a: Naclstack|Salt Cure|p1a: Dragapult
|-damage|p1a: Dragapult|85/100
|-start|p1a: Dragapult|Salt Cure
|
|-damage|p1a: Dragapult|73/100|[from] Salt Cure
|upkeep
|turn|14
|
|t:|1769369808
|move|p1a: Dragapult|Hex|p2a: Naclstack
|-damage|p2a: Naclstack|0 fnt
|faint|p2a: Naclstack
|
|-damage|p1a: Dragapult|61/100|[from] Salt Cure
|upkeep
|
|t:|1769369811
|switch|p2a: Gliscor|Gliscor, M|100/100
|turn|15
|
|t:|1769369827
|move|p2a: Gliscor|Protect|p2a: Gliscor
|-singleturn|p2a: Gliscor|Protect
|move|p1a: Dragapult|Will-O-Wisp|p2a: Gliscor
|-activate|p2a: Gliscor|move: Protect
|
|-damage|p1a: Dragapult|48/100|[from] Salt Cure
|-status|p2a: Gliscor|tox|[from] item: Toxic Orb
|upkeep
|turn|16
|
|t:|1769369841
|move|p1a: Dragapult|Hex|p2a: Gliscor
|-damage|p2a: Gliscor|52/100 tox
|move|p2a: Gliscor|Spikes|p1a: Dragapult
|-sidestart|p1: The Dragon Lair|Spikes
|
|-heal|p2a: Gliscor|65/100 tox|[from] ability: Poison Heal
|-damage|p1a: Dragapult|36/100|[from] Salt Cure
|upkeep
|turn|17
|
|t:|1769369854
|move|p2a: Gliscor|Protect|p2a: Gliscor
|-singleturn|p2a: Gliscor|Protect
|move|p1a: Dragapult|Hex|p2a: Gliscor
|-activate|p2a: Gliscor|move: Protect
|
|-heal|p2a: Gliscor|77/100 tox|[from] ability: Poison Heal
|-damage|p1a: Dragapult|24/100|[from] Salt Cure
|upkeep
|turn|18
|
|t:|1769369872
|move|p2a: Gliscor|Protect|p2a: Gliscor
|-singleturn|p2a: Gliscor|Protect
|move|p1a: Dragapult|Phantom Force||[still]
|-prepare|p1a: Dragapult|Phantom Force
|
|-heal|p2a: Gliscor|90/100 tox|[from] ability: Poison Heal
|-damage|p1a: Dragapult|12/100|[from] Salt Cure
|upkeep
|turn|19
|
|t:|1769369882
|move|p1a: Dragapult|Phantom Force|p2a: Gliscor|[from] lockedmove
|-damage|p2a: Gliscor|59/100 tox
|move|p2a: Gliscor|Earthquake|p1a: Dragapult
|-damage|p1a: Dragapult|0 fnt
|faint|p1a: Dragapult
|
|-heal|p2a: Gliscor|72/100 tox|[from] ability: Poison Heal
|upkeep
|inactive|The Dragon Lair has 120 seconds left.
|
|t:|1769369893
|switch|p1a: Regidrago|Regidrago|100/100
|-activate|p1a: Regidrago|move: Sticky Web
|-unboost|p1a: Regidrago|spe|1
|-damage|p1a: Regidrago|88/100|[from] Spikes
|turn|20
|inactive|The Dragon Lair has 120 seconds left.
|
|t:|1769369907
|switch|p2a: Weezing|Weezing-Galar, F|100/100
|-terastallize|p1a: Regidrago|Dragon
|move|p1a: Regidrago|Dragon Pulse|p2a: Weezing
|-immune|p2a: Weezing
|
|upkeep
|turn|21
|-message|The Dragon Lair forfeited.
|
|win|Evioliths for win
|raw|The Dragon Lair's rating: 1217 &rarr; <strong>1191</strong><br />(-26 for losing)
|raw|Evioliths for win's rating: 1209 &rarr; <strong>1235</strong><br />(+26 for winning)
|l|☆The Dragon Lair
|player|p1|
|l|☆Evioliths for win
|player|p2|
