|j|‽besovshina
|j|☆Iamhrishi
|t:|1769331858
|gametype|singles
|player|p1|besovshina|alder|1164
|player|p2|Iamhrishi|102|1189
|gen|9
|tier|[Gen 9] OU
|rated|
|rule|HP Percentage Mod: HP is shown in percentages
|rule|Endless Battle Clause: Forcing endless battles is banned
|rule|Species Clause: Limit one of each Pokémon
|rule|OHKO Clause: OHKO moves are banned
|rule|Evasion Items Clause: Evasion items are banned
|rule|Evasion Moves Clause: Evasion moves are banned
|rule|Evasion Abilities Clause: Evasion abilities are banned
|rule|Sleep Moves Clause: Sleep-inducing moves are banned
|clearpoke
|poke|p1|Emboar, F|
|poke|p1|Enamorus-Therian, F|
|poke|p1|Exeggutor-Alola, M|
|poke|p1|Ursaluna, F|
|poke|p1|Porygon2|
|poke|p1|Bronzong|
|poke|p2|Porygon-Z|
|poke|p2|Zoroark-Hisui, F|
|poke|p2|Noivern, F|
|poke|p2|Haxorus, F|
|poke|p2|Scizor, M|
|poke|p2|Slither Wing|
|teampreview
|inactive|Battle timer is ON: inactive players will automatically lose when time's up. (requested by besovshina)
|
|t:|1769331868
|teamsize|p1|6
|teamsize|p2|6
|start
|switch|p1a: Exeggutor|Exeggutor-Alola, M, shiny|100/100
|switch|p2a: Scizor|Scizor, M|100/100
|-item|p2a: Scizor|Punching Glove|[from] ability: Frisk|[of] p1a: Exeggutor
|turn|1
|
|t:|1769331877
|move|p2a: Scizor|Swords Dance|p2a: Scizor
|-boost|p2a: Scizor|atk|2
|move|p1a: Exeggutor|Trick Room|p1a: Exeggutor
|-fieldstart|move: Trick Room|[of] p1a: Exeggutor
|
|upkeep
|turn|2
|
|t:|1769331886
|move|p1a: Exeggutor|Flamethrower|p2a: Scizor
|-supereffective|p2a: Scizor
|-damage|p2a: Scizor|0 fnt
|faint|p2a: Scizor
|
|upkeep
|
|t:|1769331891
|switch|p2a: Haxorus|Haxorus, F|100/100
|turn|3
|
|t:|1769331894
|move|p1a: Exeggutor|Draco Meteor|p2a: Haxorus
|-damage|p2a: Haxorus|0 fnt
|-unboost|p1a: Exeggutor|spa|2
|replace|p2a: Zoroark|Zoroark-Hisui, F
|-end|p2a: Zoroark|Illusion
|faint|p2a: Zoroark
|-enditem|p1a: Exeggutor|Eject Pack
|
|t:|1769331901
|switch|p1a: Ursaluna|Ursaluna, F|100/100
|
|-status|p1a: Ursaluna|brn|[from] item: Flame Orb
|upkeep
|
|t:|1769331909
|switch|p2a: Slither Wing|Slither Wing|100/100
|-enditem|p2a: Slither Wing|Booster Energy
|-activate|p2a: Slither Wing|ability: Protosynthesis|[fromitem]
|-start|p2a: Slither Wing|protosynthesisatk
|turn|4
|
|t:|1769331916
|-terastallize|p2a: Slither Wing|Bug
|move|p2a: Slither Wing|First Impression|p1a: Ursaluna
|-damage|p1a: Ursaluna|33/100 brn
|move|p1a: Ursaluna|Facade|p2a: Slither Wing
|-damage|p2a: Slither Wing|0 fnt
|faint|p2a: Slither Wing
|-end|p2a: Slither Wing|Protosynthesis|[silent]
|
|-damage|p1a: Ursaluna|27/100 brn|[from] brn
|upkeep
|
|t:|1769331922
|switch|p2a: Haxorus|Haxorus, F|100/100
|-ability|p2a: Haxorus|Mold Breaker
|turn|5
|
|t:|1769331931
|switch|p1a: Bronzong|Bronzong, shiny|100/100
|move|p2a: Haxorus|Iron Head|p1a: Bronzong
|-resisted|p1a: Bronzong
|-damage|p1a: Bronzong|87/100
|-damage|p2a: Haxorus|84/100|[from] item: Rocky Helmet|[of] p1a: Bronzong
|
|-fieldend|move: Trick Room
|upkeep
|turn|6
|
|t:|1769331940
|switch|p2a: Porygon-Z|Porygon-Z|100/100
|move|p1a: Bronzong|Trick Room|p1a: Bronzong
|-fieldstart|move: Trick Room|[of] p1a: Bronzong
|
|upkeep
|turn|7
|
|t:|1769331947
|move|p1a: Bronzong|Body Press|p2a: Porygon-Z
|-supereffective|p2a: Porygon-Z
|-damage|p2a: Porygon-Z|18/100
|move|p2a: Porygon-Z|Hyper Beam|p1a: Bronzong
|-resisted|p1a: Bronzong
|-damage|p1a: Bronzong|6/100
|-mustrecharge|p2a: Porygon-Z
|
|upkeep
|turn|8
|
|t:|1769331954
|move|p1a: Bronzong|Body Press|p2a: Porygon-Z
|-supereffective|p2a: Porygon-Z
|-damage|p2a: Porygon-Z|0 fnt
|faint|p2a: Porygon-Z
|
|upkeep
|
|t:|1769331959
|switch|p2a: Haxorus|Haxorus, F|84/100
|-ability|p2a: Haxorus|Mold Breaker
|turn|9
|
|t:|1769331963
|move|p1a: Bronzong|Gyro Ball|p2a: Haxorus
|-damage|p2a: Haxorus|23/100
|move|p2a: Haxorus|Iron Head|p1a: Bronzong
|-resisted|p1a: Bronzong
|-damage|p1a: Bronzong|0 fnt
|-damage|p2a: Haxorus|6/100|[from] item: Rocky Helmet|[of] p1a: Bronzong
|faint|p1a: Bronzong
|
|upkeep
|
|t:|1769331969
|switch|p1a: Emboar|Emboar, F, shiny|100/100
|turn|10
|
|t:|1769331972
|move|p1a: Emboar|Flare Blitz|p2a: Haxorus
|-resisted|p2a: Haxorus
|-damage|p2a: Haxorus|0 fnt
|faint|p2a: Haxorus
|-damage|p1a: Emboar|99/100|[from] Recoil
|-damage|p1a: Emboar|89/100|[from] item: Life Orb
|
|-fieldend|move: Trick Room
|upkeep
|
|t:|1769331975
|switch|p2a: Noivern|Noivern, F|100/100
|turn|11
|
|t:|1769331980
|move|p2a: Noivern|Boomburst|p1a: Emboar
|-damage|p1a: Emboar|20/100
|move|p1a: Emboar|Head Smash|p2a: Noivern
|-supereffective|p2a: Noivern
|-damage|p2a: Noivern|0 fnt
|faint|p2a: Noivern
|-damage|p1a: Emboar|0 fnt|[from] Recoil
|faint|p1a: Emboar
|
|win|besovshina
|raw|besovshina's rating: 1164 &rarr; <strong>1191</strong><br />(+27 for winning)
|raw|Iamhrishi's rating: 1189 &rarr; <strong>1162</strong><br />(-27 for losing)
|l|☆Iamhrishi
|player|p2|
|l|‽besovshina
|player|p1|
