|j|☆Tocanada
|j|☆vyktor
|t:|1769415191
|gametype|singles
|player|p1|Tocanada|266|1220
|player|p2|vyktor|265|1170
|gen|9
|tier|[Gen 9] OU
|rated|
|rule|HP Percentage Mod: HP is shown in percentages
|rule|Endless Battle Clause: Forcing endless battles is banned
|rule|Species Clause: Limit one of each Pokémon
|rule|OHKO Clause: OHKO moves are banned
|rule|Evasion Items Clause: Evasion items are banned
|rule|Evasion Moves Clause: Evasion moves are banned
|rule|Evasion Abilities Clause: Evasion abilities are banned
|rule|Sleep Moves Clause: Sleep-inducing moves are banned
|clearpoke
|poke|p1|Zoroark-Hisui, F|
|poke|p1|Ogerpon-Wellspring, F|
|poke|p1|Great Tusk|
|poke|p1|Garganacl, M|
|poke|p1|Pecharunt|
|poke|p1|Alomomola, M|
|poke|p2|Ceruledge, M|
|poke|p2|Arboliva, M|
|poke|p2|Ninetales-Alola, F|
|poke|p2|Kleavor, M|
|poke|p2|Inteleon, M|
|poke|p2|Sandaconda, M|
|teampreview
|inactive|Battle timer is ON: inactive players will automatically lose when time's up. (requested by Tocanada)
|
|t:|1769415215
|teamsize|p1|6
|teamsize|p2|6
|start
|switch|p1a: Garganacl|Garganacl, M|100/100
|switch|p2a: Kleavor|Kleavor, M, shiny|100/100
|turn|1
|
|t:|1769415222
|move|p2a: Kleavor|Stone Axe|p1a: Garganacl
|-damage|p1a: Garganacl|63/100
|-sidestart|p1: Tocanada|move: Stealth Rock
|move|p1a: Garganacl|Salt Cure|p2a: Kleavor
|-supereffective|p2a: Kleavor
|-damage|p2a: Kleavor|62/100
|-start|p2a: Kleavor|Salt Cure
|
|-heal|p1a: Garganacl|69/100|[from] item: Leftovers
|-damage|p2a: Kleavor|50/100|[from] Salt Cure
|upkeep
|turn|2
|
|t:|1769415234
|move|p2a: Kleavor|Brick Break|p1a: Garganacl
|-supereffective|p1a: Garganacl
|-damage|p1a: Garganacl|29/100
|move|p1a: Garganacl|Salt Cure|p2a: Kleavor
|-supereffective|p2a: Kleavor
|-damage|p2a: Kleavor|11/100
|
|-heal|p1a: Garganacl|35/100|[from] item: Leftovers
|-damage|p2a: Kleavor|0 fnt|[from] Salt Cure
|faint|p2a: Kleavor
|upkeep
|
|t:|1769415245
|switch|p2a: Inteleon|Inteleon, M, shiny|100/100
|turn|3
|
|t:|1769415252
|switch|p1a: Alomomola|Alomomola, M|100/100
|-damage|p1a: Alomomola|88/100|[from] Stealth Rock
|move|p2a: Inteleon|Snipe Shot|p1a: Alomomola
|-resisted|p1a: Alomomola
|-damage|p1a: Alomomola|75/100
|
|upkeep
|turn|4
|
|t:|1769415261
|switch|p2a: Oliver|Arboliva, M, shiny|100/100
|move|p1a: Alomomola|Flip Turn|p2a: Oliver
|-resisted|p2a: Oliver
|-damage|p2a: Oliver|95/100
|-fieldstart|move: Grassy Terrain|[from] ability: Seed Sower|[of] p2a: Oliver
|-enditem|p2a: Oliver|Grassy Seed
|-boost|p2a: Oliver|def|1|[from] item: Grassy Seed
|
|t:|1769415269
|switch|p1a: Pecharunt|Pecharunt|100/100|[from] Flip Turn
|
|-heal|p2a: Oliver|100/100|[from] Grassy Terrain
|upkeep
|turn|5
|
|t:|1769415282
|move|p1a: Pecharunt|Malignant Chain|p2a: Oliver
|-supereffective|p2a: Oliver
|-damage|p2a: Oliver|48/100
|move|p2a: Oliver|Earth Power|p1a: Pecharunt
|-supereffective|p1a: Pecharunt
|-damage|p1a: Pecharunt|46/100
|-unboost|p1a: Pecharunt|spd|1
|
|-heal|p1a: Pecharunt|52/100|[from] Grassy Terrain
|-heal|p2a: Oliver|54/100|[from] Grassy Terrain
|upkeep
|turn|6
|
|t:|1769415293
|move|p1a: Pecharunt|Malignant Chain|p2a: Oliver
|-supereffective|p2a: Oliver
|-damage|p2a: Oliver|4/100
|-status|p2a: Oliver|tox
|-start|p2a: Oliver|confusion|[from] ability: Poison Puppeteer|[of] p1a: Pecharunt
|-activate|p2a: Oliver|confusion
|move|p2a: Oliver|Earth Power|p1a: Pecharunt
|-supereffective|p1a: Pecharunt
|-damage|p1a: Pecharunt|0 fnt
|faint|p1a: Pecharunt
|
|-heal|p2a: Oliver|10/100 tox|[from] Grassy Terrain
|-damage|p2a: Oliver|4/100 tox|[from] psn
|upkeep
|inactive|Tocanada has 120 seconds left.
|
|t:|1769415332
|switch|p1a: Ogerpon|Ogerpon-Wellspring, F|100/100
|-damage|p1a: Ogerpon|88/100|[from] Stealth Rock
|turn|7
|inactive|Tocanada has 120 seconds left.
|
|t:|1769415338
|move|p1a: Ogerpon|U-turn|p2a: Oliver
|-supereffective|p2a: Oliver
|-damage|p2a: Oliver|0 fnt
|faint|p2a: Oliver
|inactive|Tocanada has 120 seconds left.
|
|t:|1769415350
|switch|p1a: Alomomola|Alomomola, M|100/100|[from] U-turn
|-damage|p1a: Alomomola|88/100|[from] Stealth Rock
|
|-heal|p1a: Alomomola|94/100|[from] Grassy Terrain
|upkeep
|
|t:|1769415362
|switch|p2a: Soul|Ceruledge, M, shiny|100/100
|turn|8
|
|t:|1769415371
|-terastallize|p2a: Soul|Grass
|move|p2a: Soul|Bitter Blade|p1a: Alomomola
|-resisted|p1a: Alomomola
|-damage|p1a: Alomomola|77/100
|move|p1a: Alomomola|Scald|p2a: Soul
|-resisted|p2a: Soul
|-damage|p2a: Soul|93/100
|
|-heal|p2a: Soul|99/100|[from] Grassy Terrain
|-heal|p1a: Alomomola|83/100|[from] Grassy Terrain
|-fieldend|move: Grassy Terrain
|upkeep
|turn|9
|
|t:|1769415385
|move|p2a: Soul|Swords Dance|p2a: Soul
|-boost|p2a: Soul|atk|2
|move|p1a: Alomomola|Flip Turn|p2a: Soul
|-resisted|p2a: Soul
|-damage|p2a: Soul|88/100
|inactive|Tocanada has 120 seconds left.
|
|t:|1769415397
|switch|p1a: Ogerpon|Ogerpon-Wellspring, F|88/100|[from] Flip Turn
|-damage|p1a: Ogerpon|76/100|[from] Stealth Rock
|
|upkeep
|turn|10
|
|t:|1769415403
|move|p1a: Ogerpon|U-turn|p2a: Soul
|-supereffective|p2a: Soul
|-crit|p2a: Soul
|-damage|p2a: Soul|28/100
|
|t:|1769415408
|switch|p1a: Garganacl|Garganacl, M|35/100|[from] U-turn
|-damage|p1a: Garganacl|23/100|[from] Stealth Rock
|move|p2a: Soul|Bitter Blade|p1a: Garganacl
|-resisted|p1a: Garganacl
|-damage|p1a: Garganacl|0 fnt
|-heal|p2a: Soul|43/100|[from] drain|[of] p1a: Garganacl
|faint|p1a: Garganacl
|
|upkeep
|
|t:|1769415416
|switch|p1a: Ogerpon|Ogerpon-Wellspring, F|100/100
|-damage|p1a: Ogerpon|88/100|[from] Stealth Rock
|turn|11
|
|t:|1769415424
|move|p1a: Ogerpon|Ivy Cudgel|p2a: Soul|[anim] Ivy Cudgel Water
|-resisted|p2a: Soul
|-damage|p2a: Soul|1/100
|move|p2a: Soul|Bitter Blade|p1a: Ogerpon
|-damage|p1a: Ogerpon|0 fnt
|-heal|p2a: Soul|46/100|[from] drain|[of] p1a: Ogerpon
|faint|p1a: Ogerpon
|
|upkeep
|-message|Tocanada forfeited.
|
|win|vyktor
|raw|Tocanada's rating: 1220 &rarr; <strong>1191</strong><br />(-29 for losing)
|raw|vyktor's rating: 1170 &rarr; <strong>1199</strong><br />(+29 for winning)
|l|☆Tocanada
|player|p1|
