|j|☆INTZ2902
|j|☆BaruchHerodotus
|t:|1769408711
|gametype|singles
|player|p1|INTZ2902|youngster-gen4dp|1043
|player|p2|BaruchHerodotus|lucas|1040
|gen|9
|tier|[Gen 9] OU
|rated|
|rule|HP Percentage Mod: HP is shown in percentages
|rule|Endless Battle Clause: Forcing endless battles is banned
|rule|Species Clause: Limit one of each Pokémon
|rule|OHKO Clause: OHKO moves are banned
|rule|Evasion Items Clause: Evasion items are banned
|rule|Evasion Moves Clause: Evasion moves are banned
|rule|Evasion Abilities Clause: Evasion abilities are banned
|rule|Sleep Moves Clause: Sleep-inducing moves are banned
|clearpoke
|poke|p1|Zapdos|
|poke|p1|Hatterene, F|
|poke|p1|Garchomp, F|
|poke|p1|Umbreon, M|
|poke|p1|Scizor, F|
|poke|p1|Cinderace, M|
|poke|p2|Hydrapple, M|
|poke|p2|Gliscor, M|
|poke|p2|Slowking-Galar, M|
|poke|p2|Cinderace, M|
|poke|p2|Kingambit, M|
|poke|p2|Iron Valiant|
|teampreview
|inactive|Battle timer is ON: inactive players will automatically lose when time's up. (requested by BaruchHerodotus)
|
|t:|1769408771
|teamsize|p1|6
|teamsize|p2|6
|start
|switch|p1a: Scizor|Scizor, F|100/100
|switch|p2a: Slowking|Slowking-Galar, M, shiny|100/100
|turn|1
|
|t:|1769408778
|switch|p2a: Cinderace|Cinderace, M, shiny|100/100
|move|p1a: Scizor|Swords Dance|p1a: Scizor
|-boost|p1a: Scizor|atk|2
|
|upkeep
|turn|2
|
|t:|1769408788
|-terastallize|p1a: Scizor|Fire
|move|p2a: Cinderace|Pyro Ball|p1a: Scizor
|-resisted|p1a: Scizor
|-damage|p1a: Scizor|71/100
|move|p1a: Scizor|Close Combat|p2a: Cinderace
|-damage|p2a: Cinderace|0 fnt
|-unboost|p1a: Scizor|def|1
|-unboost|p1a: Scizor|spd|1
|faint|p2a: Cinderace
|
|upkeep
|
|t:|1769408798
|switch|p2a: Slowking|Slowking-Galar, M, shiny|100/100
|turn|3
|
|t:|1769408806
|-terastallize|p2a: Slowking|Water
|move|p1a: Scizor|Tera Blast|p2a: Slowking|[anim] Tera Blast Fire
|-resisted|p2a: Slowking
|-damage|p2a: Slowking|65/100
|move|p2a: Slowking|Whirlpool|p1a: Scizor
|-supereffective|p1a: Scizor
|-damage|p1a: Scizor|0 fnt
|faint|p1a: Scizor
|
|upkeep
|
|t:|1769408815
|switch|p1a: Zapdos|Zapdos|100/100
|turn|4
|
|t:|1769408830
|move|p1a: Zapdos|Thunder Wave|p2a: Slowking
|-status|p2a: Slowking|par
|move|p2a: Slowking|Whirlpool|p1a: Zapdos
|-damage|p1a: Zapdos|79/100
|-activate|p1a: Zapdos|move: Whirlpool|[of] p2a: Slowking
|
|-heal|p1a: Zapdos|86/100|[from] item: Leftovers
|-damage|p1a: Zapdos|73/100|[from] move: Whirlpool|[partiallytrapped]
|upkeep
|turn|5
|
|t:|1769408842
|move|p1a: Zapdos|Thunderbolt|p2a: Slowking
|-supereffective|p2a: Slowking
|-damage|p2a: Slowking|28/100 par
|move|p2a: Slowking|Flamethrower|p1a: Zapdos
|-damage|p1a: Zapdos|50/100
|-status|p1a: Zapdos|brn
|
|-heal|p1a: Zapdos|56/100 brn|[from] item: Leftovers
|-damage|p1a: Zapdos|50/100 brn|[from] brn
|-damage|p1a: Zapdos|38/100 brn|[from] move: Whirlpool|[partiallytrapped]
|upkeep
|turn|6
|
|t:|1769408855
|switch|p2a: Gliscor|Gliscor, M, shiny|100/100
|move|p1a: Zapdos|Roost|p1a: Zapdos
|-heal|p1a: Zapdos|88/100 brn
|-singleturn|p1a: Zapdos|move: Roost
|
|-heal|p1a: Zapdos|94/100 brn|[from] item: Leftovers
|-damage|p1a: Zapdos|88/100 brn|[from] brn
|-end|p1a: Zapdos|Whirlpool|[partiallytrapped]|[silent]
|-status|p2a: Gliscor|tox|[from] item: Toxic Orb
|upkeep
|turn|7
|
|t:|1769408869
|switch|p1a: Hatterene|Hatterene, F|100/100
|move|p2a: Gliscor|Swords Dance|p2a: Gliscor
|-boost|p2a: Gliscor|atk|2
|
|upkeep
|turn|8
|
|t:|1769408880
|switch|p1a: Umbreon|Umbreon, M|100/100
|move|p2a: Gliscor|Earthquake|p1a: Umbreon
|-damage|p1a: Umbreon|51/100
|
|-heal|p1a: Umbreon|57/100|[from] item: Leftovers
|upkeep
|turn|9
|
|t:|1769408887
|move|p2a: Gliscor|Earthquake|p1a: Umbreon
|-damage|p1a: Umbreon|9/100
|move|p1a: Umbreon|Foul Play|p2a: Gliscor
|-damage|p2a: Gliscor|20/100 tox
|
|-heal|p1a: Umbreon|15/100|[from] item: Leftovers
|-heal|p2a: Gliscor|32/100 tox|[from] ability: Poison Heal
|upkeep
|turn|10
|
|t:|1769408911
|switch|p1a: Cinderace|Cinderace, M|100/100
|move|p2a: Gliscor|Earthquake|p1a: Cinderace
|-supereffective|p1a: Cinderace
|-damage|p1a: Cinderace|0 fnt
|faint|p1a: Cinderace
|
|-heal|p2a: Gliscor|44/100 tox|[from] ability: Poison Heal
|upkeep
|
|t:|1769408920
|switch|p1a: Garchomp|Garchomp, F|100/100
|turn|11
|
|t:|1769408937
|move|p2a: Gliscor|Earthquake|p1a: Garchomp
|-damage|p1a: Garchomp|10/100
|move|p1a: Garchomp|Surf|p2a: Gliscor
|-supereffective|p2a: Gliscor
|-damage|p2a: Gliscor|0 fnt
|faint|p2a: Gliscor
|
|upkeep
|
|t:|1769408943
|switch|p2a: Iron Valiant|Iron Valiant, shiny|100/100
|-enditem|p2a: Iron Valiant|Booster Energy
|-activate|p2a: Iron Valiant|ability: Quark Drive|[fromitem]
|-start|p2a: Iron Valiant|quarkdrivespe
|turn|12
|
|t:|1769408955
|switch|p1a: Hatterene|Hatterene, F|100/100
|move|p2a: Iron Valiant|Moonblast|p1a: Hatterene
|-damage|p1a: Hatterene|60/100
|
|-heal|p1a: Hatterene|66/100|[from] item: Leftovers
|upkeep
|turn|13
|
|t:|1769408970
|move|p2a: Iron Valiant|Destiny Bond|p2a: Iron Valiant
|-singlemove|p2a: Iron Valiant|Destiny Bond
|move|p1a: Hatterene|Draining Kiss|p2a: Iron Valiant
|-supereffective|p2a: Iron Valiant
|-damage|p2a: Iron Valiant|9/100
|-heal|p1a: Hatterene|100/100|[from] drain|[of] p2a: Iron Valiant
|
|upkeep
|turn|14
|
|t:|1769408980
|move|p2a: Iron Valiant|Knock Off|p1a: Hatterene
|-damage|p1a: Hatterene|71/100
|-enditem|p1a: Hatterene|Leftovers|[from] move: Knock Off|[of] p2a: Iron Valiant
|move|p1a: Hatterene|Mystical Fire|p2a: Iron Valiant
|-damage|p2a: Iron Valiant|0 fnt
|faint|p2a: Iron Valiant
|-end|p2a: Iron Valiant|Quark Drive|[silent]
|
|upkeep
|
|t:|1769408995
|switch|p2a: Hydrapple|Hydrapple, M, shiny|100/100
|turn|15
|
|t:|1769409002
|move|p2a: Hydrapple|Earth Power|p1a: Hatterene
|-damage|p1a: Hatterene|39/100
|-damage|p2a: Hydrapple|91/100|[from] item: Life Orb
|move|p1a: Hatterene|Draining Kiss|p2a: Hydrapple
|-supereffective|p2a: Hydrapple
|-damage|p2a: Hydrapple|45/100
|-heal|p1a: Hatterene|83/100|[from] drain|[of] p2a: Hydrapple
|
|upkeep
|turn|16
|
|t:|1769409011
|switch|p2a: Slowking|Slowking-Galar, M, shiny, tera:Water|61/100 par
|move|p1a: Hatterene|Calm Mind|p1a: Hatterene
|-boost|p1a: Hatterene|spa|1
|-boost|p1a: Hatterene|spd|1
|
|upkeep
|turn|17
|
|t:|1769409018
|move|p1a: Hatterene|Draining Kiss|p2a: Slowking
|-damage|p2a: Slowking|43/100 par
|-heal|p1a: Hatterene|99/100|[from] drain|[of] p2a: Slowking
|cant|p2a: Slowking|par
|
|upkeep
|turn|18
|
|t:|1769409023
|move|p1a: Hatterene|Mystical Fire|p2a: Slowking
|-resisted|p2a: Slowking
|-damage|p2a: Slowking|34/100 par
|-unboost|p2a: Slowking|spa|1
|move|p2a: Slowking|Sludge Bomb|p1a: Hatterene
|-supereffective|p1a: Hatterene
|-crit|p1a: Hatterene
|-damage|p1a: Hatterene|19/100
|
|upkeep
|turn|19
|
|t:|1769409034
|move|p1a: Hatterene|Draining Kiss|p2a: Slowking
|-damage|p2a: Slowking|17/100 par
|-heal|p1a: Hatterene|35/100|[from] drain|[of] p2a: Slowking
|move|p2a: Slowking|Sludge Bomb|p1a: Hatterene
|-supereffective|p1a: Hatterene
|-damage|p1a: Hatterene|10/100
|-status|p1a: Hatterene|psn
|
|-damage|p1a: Hatterene|0 fnt|[from] psn
|faint|p1a: Hatterene
|upkeep
|
|t:|1769409045
|switch|p1a: Umbreon|Umbreon, M|15/100
|turn|20
|
|t:|1769409050
|move|p1a: Umbreon|Wish|p1a: Umbreon
|move|p2a: Slowking|Whirlpool|p1a: Umbreon
|-damage|p1a: Umbreon|5/100
|-activate|p1a: Umbreon|move: Whirlpool|[of] p2a: Slowking
|
|-heal|p1a: Umbreon|11/100|[from] item: Leftovers
|-damage|p1a: Umbreon|0 fnt|[from] move: Whirlpool|[partiallytrapped]
|faint|p1a: Umbreon
|upkeep
|
|t:|1769409058
|switch|p1a: Garchomp|Garchomp, F|10/100
|turn|21
|
|t:|1769409064
|move|p1a: Garchomp|Earth Power|p2a: Slowking
|-damage|p2a: Slowking|0 fnt
|faint|p2a: Slowking
|
|-heal|p1a: Garchomp|65/100|[from] move: Wish|[wisher] Umbreon
|upkeep
|
|t:|1769409071
|switch|p2a: Hydrapple|Hydrapple, M, shiny|79/100
|turn|22
|
|t:|1769409078
|move|p1a: Garchomp|Draco Meteor|p2a: Hydrapple|[miss]
|-miss|p1a: Garchomp|p2a: Hydrapple
|move|p2a: Hydrapple|Draco Meteor|p1a: Garchomp
|-supereffective|p1a: Garchomp
|-damage|p1a: Garchomp|0 fnt
|-unboost|p2a: Hydrapple|spa|2
|faint|p1a: Garchomp
|-damage|p2a: Hydrapple|69/100|[from] item: Life Orb
|
|upkeep
|
|t:|1769409087
|switch|p1a: Zapdos|Zapdos|88/100 brn
|turn|23
|c|☆BaruchHerodotus|netanyahu interveneing on my behalf
|
|t:|1769409100
|move|p1a: Zapdos|Thunder Wave|p2a: Hydrapple
|-status|p2a: Hydrapple|par
|cant|p2a: Hydrapple|par
|
|-heal|p1a: Zapdos|94/100 brn|[from] item: Leftovers
|-damage|p1a: Zapdos|88/100 brn|[from] brn
|upkeep
|turn|24
|
|t:|1769409109
|move|p1a: Zapdos|Heat Wave|p2a: Hydrapple
|-damage|p2a: Hydrapple|42/100 par
|move|p2a: Hydrapple|Draco Meteor|p1a: Zapdos
|-crit|p1a: Zapdos
|-damage|p1a: Zapdos|0 fnt
|-unboost|p2a: Hydrapple|spa|2
|faint|p1a: Zapdos
|-damage|p2a: Hydrapple|32/100 par|[from] item: Life Orb
|
|win|BaruchHerodotus
|raw|INTZ2902's rating: 1043 &rarr; <strong>1026</strong><br />(-17 for losing)
|raw|BaruchHerodotus's rating: 1040 &rarr; <strong>1074</strong><br />(+34 for winning)
|l|☆INTZ2902
|player|p1|
|c|☆BaruchHerodotus|you desserved the win
