|j|☆Downtownclown
|j|☆Wafffkfkjjjyhg
|t:|1769364055
|gametype|singles
|player|p1|Downtownclown|1|1366
|player|p2|Wafffkfkjjjyhg|2|1328
|gen|9
|tier|[Gen 9] OU
|rated|
|rule|HP Percentage Mod: HP is shown in percentages
|rule|Endless Battle Clause: Forcing endless battles is banned
|rule|Species Clause: Limit one of each Pokémon
|rule|OHKO Clause: OHKO moves are banned
|rule|Evasion Items Clause: Evasion items are banned
|rule|Evasion Moves Clause: Evasion moves are banned
|rule|Evasion Abilities Clause: Evasion abilities are banned
|rule|Sleep Moves Clause: Sleep-inducing moves are banned
|clearpoke
|poke|p1|Blastoise, M|
|poke|p1|Quaquaval, F|
|poke|p1|Lycanroc-Dusk, F|
|poke|p1|Iron Crown|
|poke|p1|Darkrai|
|poke|p1|Enamorus, F|
|poke|p2|Chansey, F|
|poke|p2|Dragonite, F|
|poke|p2|Mandibuzz, F|
|poke|p2|Ceruledge, F|
|poke|p2|Walking Wake|
|poke|p2|Serperior, F|
|teampreview
|inactive|Battle timer is ON: inactive players will automatically lose when time's up. (requested by Downtownclown)
|
|t:|1769364065
|teamsize|p1|6
|teamsize|p2|6
|start
|switch|p1a: Lycanroc|Lycanroc-Dusk, F|100/100
|switch|p2a: Ceruledge|Ceruledge, F|100/100
|turn|1
|
|t:|1769364071
|move|p1a: Lycanroc|Stealth Rock|p2a: Ceruledge
|-sidestart|p2: Wafffkfkjjjyhg|move: Stealth Rock
|move|p2a: Ceruledge|Close Combat|p1a: Lycanroc
|-supereffective|p1a: Lycanroc
|-enditem|p1a: Lycanroc|Focus Sash
|-damage|p1a: Lycanroc|1/100
|-unboost|p2a: Ceruledge|def|1
|-unboost|p2a: Ceruledge|spd|1
|
|upkeep
|turn|2
|
|t:|1769364088
|move|p1a: Lycanroc|Accelerock|p2a: Ceruledge
|-supereffective|p2a: Ceruledge
|-enditem|p2a: Ceruledge|Focus Sash
|-damage|p2a: Ceruledge|1/100
|-ability|p2a: Ceruledge|Weak Armor|boost
|-unboost|p2a: Ceruledge|def|1
|-boost|p2a: Ceruledge|spe|2
|move|p2a: Ceruledge|Shadow Sneak|p1a: Lycanroc
|-damage|p1a: Lycanroc|0 fnt
|faint|p1a: Lycanroc
|
|upkeep
|
|t:|1769364102
|switch|p1a: Darkrai|Darkrai|100/100
|turn|3
|
|t:|1769364106
|switch|p1a: Enamorus|Enamorus, F|100/100
|move|p2a: Ceruledge|Close Combat|p1a: Enamorus
|-resisted|p1a: Enamorus
|-damage|p1a: Enamorus|84/100
|-unboost|p2a: Ceruledge|def|1
|-unboost|p2a: Ceruledge|spd|1
|
|upkeep
|turn|4
|
|t:|1769364116
|move|p2a: Ceruledge|Bitter Blade|p1a: Enamorus
|-damage|p1a: Enamorus|1/100
|-heal|p2a: Ceruledge|42/100|[from] drain|[of] p1a: Enamorus
|move|p1a: Enamorus|Moonblast|p2a: Ceruledge
|-resisted|p2a: Ceruledge
|-damage|p2a: Ceruledge|0 fnt
|faint|p2a: Ceruledge
|-damage|p1a: Enamorus|0 fnt|[from] item: Life Orb
|faint|p1a: Enamorus
|
|upkeep
|
|t:|1769364132
|switch|p1a: Quaquaval|Quaquaval, F|100/100
|switch|p2a: Walking Wake|Walking Wake|100/100
|-damage|p2a: Walking Wake|88/100|[from] Stealth Rock
|turn|5
|
|t:|1769364139
|move|p2a: Walking Wake|Draco Meteor|p1a: Quaquaval
|-damage|p1a: Quaquaval|4/100
|-unboost|p2a: Walking Wake|spa|2
|move|p1a: Quaquaval|Rapid Spin|p2a: Walking Wake
|-damage|p2a: Walking Wake|71/100
|-boost|p1a: Quaquaval|spe|1
|
|upkeep
|turn|6
|
|t:|1769364149
|-end|p2a: Walking Wake|Protosynthesis|[silent]
|switch|p2a: Mandibuzz|Mandibuzz, F|100/100
|-damage|p2a: Mandibuzz|75/100|[from] Stealth Rock
|move|p1a: Quaquaval|Close Combat|p2a: Mandibuzz
|-damage|p2a: Mandibuzz|45/100
|-unboost|p1a: Quaquaval|def|1
|-unboost|p1a: Quaquaval|spd|1
|-damage|p1a: Quaquaval|0 fnt|[from] item: Rocky Helmet|[of] p2a: Mandibuzz
|faint|p1a: Quaquaval
|
|upkeep
|
|t:|1769364161
|switch|p1a: Darkrai|Darkrai|100/100
|turn|7
|
|t:|1769364165
|move|p1a: Darkrai|Ice Beam|p2a: Mandibuzz
|-supereffective|p2a: Mandibuzz
|-damage|p2a: Mandibuzz|0 fnt
|faint|p2a: Mandibuzz
|
|upkeep
|
|t:|1769364175
|switch|p2a: Chansey|Chansey, F|100/100
|-damage|p2a: Chansey|88/100|[from] Stealth Rock
|turn|8
|
|t:|1769364181
|switch|p1a: Blastoise|Blastoise, M|100/100
|move|p2a: Chansey|Seismic Toss|p1a: Blastoise
|-damage|p1a: Blastoise|67/100
|
|upkeep
|turn|9
|
|t:|1769364188
|move|p1a: Blastoise|Shell Smash|p1a: Blastoise
|-unboost|p1a: Blastoise|def|1
|-unboost|p1a: Blastoise|spd|1
|-boost|p1a: Blastoise|atk|2
|-boost|p1a: Blastoise|spa|2
|-boost|p1a: Blastoise|spe|2
|-enditem|p1a: Blastoise|White Herb
|-clearnegativeboost|p1a: Blastoise|[silent]
|move|p2a: Chansey|Thunder Wave|p1a: Blastoise
|-status|p1a: Blastoise|par
|
|upkeep
|turn|10
|
|t:|1769364198
|switch|p2a: Serperior|Serperior, F|100/100
|-damage|p2a: Serperior|88/100|[from] Stealth Rock
|cant|p1a: Blastoise|par
|
|-heal|p2a: Serperior|94/100|[from] item: Leftovers
|upkeep
|turn|11
|
|t:|1769364207
|move|p2a: Serperior|Substitute|p2a: Serperior
|-start|p2a: Serperior|Substitute
|-damage|p2a: Serperior|69/100
|move|p1a: Blastoise|Shell Smash|p1a: Blastoise
|-unboost|p1a: Blastoise|def|1
|-unboost|p1a: Blastoise|spd|1
|-boost|p1a: Blastoise|atk|2
|-boost|p1a: Blastoise|spa|2
|-boost|p1a: Blastoise|spe|2
|
|-heal|p2a: Serperior|75/100|[from] item: Leftovers
|upkeep
|turn|12
|
|t:|1769364218
|move|p1a: Blastoise|Aura Sphere|p2a: Serperior
|-end|p2a: Serperior|Substitute
|move|p2a: Serperior|Leaf Storm|p1a: Blastoise
|-supereffective|p1a: Blastoise
|-damage|p1a: Blastoise|0 fnt
|-boost|p2a: Serperior|spa|2
|faint|p1a: Blastoise
|
|-heal|p2a: Serperior|82/100|[from] item: Leftovers
|upkeep
|
|t:|1769364228
|switch|p1a: Darkrai|Darkrai|100/100
|turn|13
|
|t:|1769364232
|move|p1a: Darkrai|Ice Beam|p2a: Serperior
|-supereffective|p2a: Serperior
|-damage|p2a: Serperior|0 fnt
|faint|p2a: Serperior
|
|upkeep
|
|t:|1769364238
|switch|p2a: Chansey|Chansey, F|88/100
|-damage|p2a: Chansey|76/100|[from] Stealth Rock
|turn|14
|
|t:|1769364243
|move|p1a: Darkrai|Ice Beam|p2a: Chansey
|-crit|p2a: Chansey
|-damage|p2a: Chansey|55/100
|move|p2a: Chansey|Thunder Wave|p1a: Darkrai
|-status|p1a: Darkrai|par
|
|upkeep
|turn|15
|
|t:|1769364250
|move|p1a: Darkrai|Ice Beam|p2a: Chansey
|-damage|p2a: Chansey|41/100
|move|p2a: Chansey|Soft-Boiled|p2a: Chansey
|-heal|p2a: Chansey|91/100
|
|upkeep
|turn|16
|
|t:|1769364256
|move|p1a: Darkrai|Ice Beam|p2a: Chansey
|-damage|p2a: Chansey|78/100
|move|p2a: Chansey|Seismic Toss|p1a: Darkrai
|-damage|p1a: Darkrai|65/100 par
|
|upkeep
|turn|17
|
|t:|1769364263
|cant|p1a: Darkrai|par
|move|p2a: Chansey|Seismic Toss|p1a: Darkrai
|-damage|p1a: Darkrai|29/100 par
|
|upkeep
|turn|18
|
|t:|1769364269
|move|p1a: Darkrai|Ice Beam|p2a: Chansey
|-damage|p2a: Chansey|65/100
|move|p2a: Chansey|Seismic Toss|p1a: Darkrai
|-damage|p1a: Darkrai|0 fnt
|faint|p1a: Darkrai
|
|upkeep
|
|t:|1769364276
|switch|p1a: Iron Crown|Iron Crown|100/100
|-enditem|p1a: Iron Crown|Booster Energy
|-activate|p1a: Iron Crown|ability: Quark Drive|[fromitem]
|-start|p1a: Iron Crown|quarkdrivespe
|turn|19
|
|t:|1769364282
|move|p1a: Iron Crown|Calm Mind|p1a: Iron Crown
|-boost|p1a: Iron Crown|spa|1
|-boost|p1a: Iron Crown|spd|1
|move|p2a: Chansey|Thunder Wave|p1a: Iron Crown
|-status|p1a: Iron Crown|par
|
|upkeep
|turn|20
|
|t:|1769364289
|move|p1a: Iron Crown|Calm Mind|p1a: Iron Crown
|-boost|p1a: Iron Crown|spa|1
|-boost|p1a: Iron Crown|spd|1
|move|p2a: Chansey|Seismic Toss|p1a: Iron Crown
|-damage|p1a: Iron Crown|71/100 par
|
|upkeep
|turn|21
|
|t:|1769364304
|move|p1a: Iron Crown|Calm Mind|p1a: Iron Crown
|-boost|p1a: Iron Crown|spa|1
|-boost|p1a: Iron Crown|spd|1
|move|p2a: Chansey|Seismic Toss|p1a: Iron Crown
|-damage|p1a: Iron Crown|42/100 par
|
|upkeep
|turn|22
|
|t:|1769364311
|cant|p1a: Iron Crown|par
|move|p2a: Chansey|Seismic Toss|p1a: Iron Crown
|-damage|p1a: Iron Crown|13/100 par
|
|upkeep
|turn|23
|
|t:|1769364317
|cant|p1a: Iron Crown|par
|move|p2a: Chansey|Seismic Toss|p1a: Iron Crown
|-damage|p1a: Iron Crown|0 fnt
|faint|p1a: Iron Crown
|-end|p1a: Iron Crown|Quark Drive|[silent]
|
|win|Wafffkfkjjjyhg
|raw|Downtownclown's rating: 1366 &rarr; <strong>1344</strong><br />(-22 for losing)
|raw|Wafffkfkjjjyhg's rating: 1328 &rarr; <strong>1350</strong><br />(+22 for winning)
|l|☆Downtownclown
|player|p1|
|l|☆Wafffkfkjjjyhg
|player|p2|
