|j|☆DerDonPorrello
|j|☆fedboi
|t:|1769339983
|gametype|singles
|player|p1|DerDonPorrello|hiker-gen4|1175
|player|p2|fedboi|266|1210
|gen|9
|tier|[Gen 9] OU
|rated|
|rule|HP Percentage Mod: HP is shown in percentages
|rule|Endless Battle Clause: Forcing endless battles is banned
|rule|Species Clause: Limit one of each Pokémon
|rule|OHKO Clause: OHKO moves are banned
|rule|Evasion Items Clause: Evasion items are banned
|rule|Evasion Moves Clause: Evasion moves are banned
|rule|Evasion Abilities Clause: Evasion abilities are banned
|rule|Sleep Moves Clause: Sleep-inducing moves are banned
|clearpoke
|poke|p1|Zamazenta-*|
|poke|p1|Empoleon, M|
|poke|p1|Hydrapple, M|
|poke|p1|Ninetales, M|
|poke|p1|Hitmontop, M|
|poke|p1|Lilligant-Hisui, F|
|poke|p2|Zapdos-Galar|
|poke|p2|Blaziken, F|
|poke|p2|Rillaboom, M|
|poke|p2|Kommo-o, F|
|poke|p2|Galvantula, F|
|poke|p2|Blastoise, F|
|teampreview
|
|t:|1769339993
|teamsize|p1|6
|teamsize|p2|6
|start
|switch|p1a: Empoleon|Empoleon, M|100/100
|switch|p2a: Galvantula|Galvantula, F|100/100
|turn|1
|
|t:|1769340006
|move|p2a: Galvantula|Thunder Wave|p1a: Empoleon
|-status|p1a: Empoleon|par
|cant|p1a: Empoleon|par
|
|upkeep
|turn|2
|
|t:|1769340012
|switch|p1a: Hitmontop|Hitmontop, M|100/100
|-ability|p1a: Hitmontop|Intimidate|boost
|-unboost|p2a: Galvantula|atk|1
|move|p2a: Galvantula|Sticky Web|p1a: Hitmontop
|-sidestart|p1: DerDonPorrello|move: Sticky Web
|
|upkeep
|turn|3
|
|t:|1769340018
|move|p2a: Galvantula|Thunder Wave|p1a: Hitmontop
|-status|p1a: Hitmontop|par
|move|p1a: Hitmontop|Rapid Spin|p2a: Galvantula
|-damage|p2a: Galvantula|74/100
|-boost|p1a: Hitmontop|spe|1
|-sideend|p1: DerDonPorrello|Sticky Web|[from] move: Rapid Spin|[of] p1a: Hitmontop
|
|upkeep
|turn|4
|
|t:|1769340026
|move|p2a: Galvantula|String Shot|p1a: Hitmontop
|-unboost|p1a: Hitmontop|spe|2
|move|p1a: Hitmontop|Triple Axel|p2a: Galvantula|[miss]
|-miss|p1a: Hitmontop|p2a: Galvantula
|
|upkeep
|turn|5
|
|t:|1769340035
|move|p2a: Galvantula|Sticky Web|p1a: Hitmontop
|-sidestart|p1: DerDonPorrello|move: Sticky Web
|move|p1a: Hitmontop|Triple Axel|p2a: Galvantula
|-damage|p2a: Galvantula|63/100
|-damage|p2a: Galvantula|42/100
|-damage|p2a: Galvantula|11/100
|-hitcount|p2a: Galvantula|3
|
|upkeep
|turn|6
|
|t:|1769340043
|move|p2a: Galvantula|Thunder|p1a: Hitmontop
|-damage|p1a: Hitmontop|70/100 par
|cant|p1a: Hitmontop|par
|
|upkeep
|turn|7
|
|t:|1769340053
|move|p2a: Galvantula|String Shot|p1a: Hitmontop
|-unboost|p1a: Hitmontop|spe|2
|move|p1a: Hitmontop|Rapid Spin|p2a: Galvantula
|-damage|p2a: Galvantula|0 fnt
|-boost|p1a: Hitmontop|spe|1
|-sideend|p1: DerDonPorrello|Sticky Web|[from] move: Rapid Spin|[of] p1a: Hitmontop
|faint|p2a: Galvantula
|
|upkeep
|
|t:|1769340064
|switch|p2a: Zapdos|Zapdos-Galar|100/100
|turn|8
|
|t:|1769340072
|move|p2a: Zapdos|U-turn|p1a: Hitmontop
|-resisted|p1a: Hitmontop
|-damage|p1a: Hitmontop|52/100 par
|-damage|p2a: Zapdos|91/100|[from] item: Life Orb
|
|t:|1769340080
|switch|p2a: Rillaboom|Rillaboom, M|100/100|[from] U-turn
|-fieldstart|move: Grassy Terrain|[from] ability: Grassy Surge|[of] p2a: Rillaboom
|move|p1a: Hitmontop|Triple Axel|p2a: Rillaboom
|-supereffective|p2a: Rillaboom
|-damage|p2a: Rillaboom|89/100
|-supereffective|p2a: Rillaboom
|-damage|p2a: Rillaboom|67/100
|-supereffective|p2a: Rillaboom
|-damage|p2a: Rillaboom|36/100
|-hitcount|p2a: Rillaboom|3
|
|-heal|p2a: Rillaboom|42/100|[from] Grassy Terrain
|-heal|p1a: Hitmontop|58/100 par|[from] Grassy Terrain
|upkeep
|turn|9
|
|t:|1769340095
|switch|p1a: Hydrapple|Hydrapple, M|100/100
|move|p2a: Rillaboom|Wood Hammer|p1a: Hydrapple
|-resisted|p1a: Hydrapple
|-damage|p1a: Hydrapple|82/100
|-damage|p2a: Rillaboom|36/100|[from] Recoil
|
|-heal|p2a: Rillaboom|42/100|[from] Grassy Terrain
|-heal|p1a: Hydrapple|88/100|[from] Grassy Terrain
|upkeep
|turn|10
|
|t:|1769340108
|move|p2a: Rillaboom|Wood Hammer|p1a: Hydrapple
|-resisted|p1a: Hydrapple
|-damage|p1a: Hydrapple|70/100
|-damage|p2a: Rillaboom|36/100|[from] Recoil
|move|p1a: Hydrapple|Fickle Beam|p2a: Rillaboom
|-damage|p2a: Rillaboom|0 fnt
|faint|p2a: Rillaboom
|
|-heal|p1a: Hydrapple|76/100|[from] Grassy Terrain
|upkeep
|
|t:|1769340132
|switch|p2a: Zapdos|Zapdos-Galar|91/100
|turn|11
|
|t:|1769340143
|switch|p1a: Ninetales|Ninetales, M|100/100
|-weather|SunnyDay|[from] ability: Drought|[of] p1a: Ninetales
|move|p2a: Zapdos|Brave Bird|p1a: Ninetales
|-damage|p1a: Ninetales|0 fnt
|faint|p1a: Ninetales
|-damage|p2a: Zapdos|55/100|[from] Recoil
|-damage|p2a: Zapdos|45/100|[from] item: Life Orb
|
|-weather|SunnyDay|[upkeep]
|upkeep
|
|t:|1769340153
|switch|p1a: Lilligant|Lilligant-Hisui, F|100/100
|turn|12
|
|t:|1769340159
|move|p1a: Lilligant|Triple Axel|p2a: Zapdos
|-supereffective|p2a: Zapdos
|-damage|p2a: Zapdos|23/100
|-supereffective|p2a: Zapdos
|-damage|p2a: Zapdos|0 fnt
|faint|p2a: Zapdos
|-hitcount|p2: Zapdos|2
|-damage|p1a: Lilligant|91/100|[from] item: Life Orb
|
|-weather|SunnyDay|[upkeep]
|-heal|p1a: Lilligant|97/100|[from] Grassy Terrain
|-fieldend|move: Grassy Terrain
|upkeep
|
|t:|1769340173
|switch|p2a: Blastoise|Blastoise, F|100/100
|turn|13
|
|t:|1769340176
|move|p1a: Lilligant|Solar Blade||[still]
|-prepare|p1a: Lilligant|Solar Blade
|-anim|p1a: Lilligant|Solar Blade|p2a: Blastoise
|-supereffective|p2a: Blastoise
|-enditem|p2a: Blastoise|Focus Sash
|-damage|p2a: Blastoise|1/100
|-damage|p1a: Lilligant|87/100|[from] item: Life Orb
|move|p2a: Blastoise|Ice Beam|p1a: Lilligant
|-supereffective|p1a: Lilligant
|-damage|p1a: Lilligant|14/100
|
|-weather|SunnyDay|[upkeep]
|upkeep
|turn|14
|
|t:|1769340187
|move|p1a: Lilligant|Solar Blade||[still]
|-prepare|p1a: Lilligant|Solar Blade
|-anim|p1a: Lilligant|Solar Blade|p2a: Blastoise
|-supereffective|p2a: Blastoise
|-damage|p2a: Blastoise|0 fnt
|faint|p2a: Blastoise
|-damage|p1a: Lilligant|4/100|[from] item: Life Orb
|
|-weather|SunnyDay|[upkeep]
|upkeep
|
|t:|1769340194
|switch|p2a: Blaziken|Blaziken, F|100/100
|turn|15
|
|t:|1769340200
|move|p2a: Blaziken|Protect|p2a: Blaziken
|-singleturn|p2a: Blaziken|Protect
|move|p1a: Lilligant|Close Combat|p2a: Blaziken
|-activate|p2a: Blaziken|move: Protect
|
|-weather|SunnyDay|[upkeep]
|-ability|p2a: Blaziken|Speed Boost|boost
|-boost|p2a: Blaziken|spe|1
|upkeep
|turn|16
|
|t:|1769340211
|move|p2a: Blaziken|Protect||[still]
|-fail|p2a: Blaziken
|move|p1a: Lilligant|Close Combat|p2a: Blaziken
|-damage|p2a: Blaziken|0 fnt
|-unboost|p1a: Lilligant|def|1
|-unboost|p1a: Lilligant|spd|1
|faint|p2a: Blaziken
|-damage|p1a: Lilligant|0 fnt|[from] item: Life Orb
|faint|p1a: Lilligant
|
|-weather|SunnyDay|[upkeep]
|upkeep
|
|t:|1769340221
|switch|p1a: Hydrapple|Hydrapple, M|100/100
|switch|p2a: Kommo-o|Kommo-o, F|100/100
|turn|17
|
|t:|1769340232
|-terastallize|p1a: Hydrapple|Fairy
|move|p2a: Kommo-o|Clangorous Soul|p2a: Kommo-o
|-boost|p2a: Kommo-o|atk|1
|-boost|p2a: Kommo-o|def|1
|-boost|p2a: Kommo-o|spa|1
|-boost|p2a: Kommo-o|spd|1
|-boost|p2a: Kommo-o|spe|1
|-damage|p2a: Kommo-o|68/100
|-enditem|p2a: Kommo-o|Throat Spray
|-boost|p2a: Kommo-o|spa|1|[from] item: Throat Spray
|move|p1a: Hydrapple|Fickle Beam|p2a: Kommo-o|[anim] Fickle Beam All Out
|-activate|p1a: Hydrapple|move: Fickle Beam
|-supereffective|p2a: Kommo-o
|-damage|p2a: Kommo-o|0 fnt
|faint|p2a: Kommo-o
|
|win|DerDonPorrello
|raw|DerDonPorrello's rating: 1175 &rarr; <strong>1203</strong><br />(+28 for winning)
|raw|fedboi's rating: 1210 &rarr; <strong>1182</strong><br />(-28 for losing)
|l|☆fedboi
|player|p2|
|l|☆DerDonPorrello
|player|p1|
