|j|☆Onsen3gg
|j|☆d'ent42
|t:|1769323831
|gametype|singles
|player|p1|Onsen3gg|ethan|1240
|player|p2|d'ent42|janitor|1246
|gen|9
|tier|[Gen 9] OU
|rated|
|rule|HP Percentage Mod: HP is shown in percentages
|rule|Endless Battle Clause: Forcing endless battles is banned
|rule|Species Clause: Limit one of each Pokémon
|rule|OHKO Clause: OHKO moves are banned
|rule|Evasion Items Clause: Evasion items are banned
|rule|Evasion Moves Clause: Evasion moves are banned
|rule|Evasion Abilities Clause: Evasion abilities are banned
|rule|Sleep Moves Clause: Sleep-inducing moves are banned
|clearpoke
|poke|p1|Torkoal, F|
|poke|p1|Typhlosion-Hisui, F|
|poke|p1|Corviknight, F|
|poke|p1|Venusaur, F|
|poke|p1|Great Tusk|
|poke|p1|Clodsire, M|
|poke|p2|Orthworm, M|
|poke|p2|Dragapult, F|
|poke|p2|Amoonguss, M|
|poke|p2|Hariyama, M|
|poke|p2|Gastrodon, F|
|poke|p2|Dondozo, M|
|teampreview
|inactive|Battle timer is ON: inactive players will automatically lose when time's up. (requested by d'ent42)
|
|t:|1769323836
|teamsize|p1|6
|teamsize|p2|6
|start
|switch|p1a: Sunshine|Torkoal, F|100/100
|switch|p2a: Gastrodon|Gastrodon, F|100/100
|-weather|SunnyDay|[from] ability: Drought|[of] p1a: Sunshine
|turn|1
|
|t:|1769323844
|move|p2a: Gastrodon|Earth Power|p1a: Sunshine
|-supereffective|p1a: Sunshine
|-crit|p1a: Sunshine
|-damage|p1a: Sunshine|19/100
|move|p1a: Sunshine|Stealth Rock|p2a: Gastrodon
|-sidestart|p2: d'ent42|move: Stealth Rock
|
|-weather|SunnyDay|[upkeep]
|upkeep
|turn|2
|
|t:|1769323854
|switch|p1a: Mr.Sire|Clodsire, M|100/100
|-item|p1a: Mr.Sire|Air Balloon
|move|p2a: Gastrodon|Earth Power|p1a: Mr.Sire
|-immune|p1a: Mr.Sire
|
|-weather|SunnyDay|[upkeep]
|upkeep
|turn|3
|
|t:|1769323863
|move|p2a: Gastrodon|Ice Beam|p1a: Mr.Sire
|-supereffective|p1a: Mr.Sire
|-damage|p1a: Mr.Sire|74/100
|-enditem|p1a: Mr.Sire|Air Balloon
|move|p1a: Mr.Sire|Toxic|p2a: Gastrodon
|-status|p2a: Gastrodon|tox
|
|-weather|SunnyDay|[upkeep]
|-damage|p2a: Gastrodon|94/100 tox|[from] psn
|upkeep
|turn|4
|
|t:|1769323874
|switch|p1a: Libero|Corviknight, F|100/100
|-ability|p1a: Libero|Pressure
|move|p2a: Gastrodon|Stealth Rock|p1a: Libero
|-sidestart|p1: Onsen3gg|move: Stealth Rock
|
|-weather|SunnyDay|[upkeep]
|-heal|p2a: Gastrodon|100/100 tox|[from] item: Leftovers
|-damage|p2a: Gastrodon|88/100 tox|[from] psn
|upkeep
|turn|5
|
|t:|1769323886
|switch|p2a: Dragapult|Dragapult, F|100/100
|-damage|p2a: Dragapult|88/100|[from] Stealth Rock
|move|p1a: Libero|Body Press|p2a: Dragapult
|-immune|p2a: Dragapult
|
|-weather|SunnyDay|[upkeep]
|upkeep
|turn|6
|
|t:|1769323896
|move|p2a: Dragapult|Thunderbolt|p1a: Libero
|-supereffective|p1a: Libero
|-damage|p1a: Libero|34/100
|-damage|p2a: Dragapult|78/100|[from] item: Life Orb
|move|p1a: Libero|Defog|p2a: Dragapult
|-unboost|p2a: Dragapult|evasion|1
|-sideend|p2: d'ent42|Stealth Rock|[from] move: Defog|[of] p1a: Libero
|-sideend|p1: Onsen3gg|Stealth Rock|[from] move: Defog|[of] p1a: Libero
|
|-weather|SunnyDay|[upkeep]
|-heal|p1a: Libero|40/100|[from] item: Leftovers
|upkeep
|turn|7
|
|t:|1769323908
|switch|p1a: Ivory|Great Tusk|100/100
|-activate|p1a: Ivory|ability: Protosynthesis
|-start|p1a: Ivory|protosynthesisatk
|move|p2a: Dragapult|Shadow Ball|p1a: Ivory
|-damage|p1a: Ivory|72/100
|-damage|p2a: Dragapult|69/100|[from] item: Life Orb
|
|-weather|SunnyDay|[upkeep]
|upkeep
|turn|8
|
|t:|1769323919
|move|p2a: Dragapult|Draco Meteor|p1a: Ivory
|-damage|p1a: Ivory|27/100
|-unboost|p2a: Dragapult|spa|2
|-damage|p2a: Dragapult|59/100|[from] item: Life Orb
|move|p1a: Ivory|Knock Off|p2a: Dragapult
|-supereffective|p2a: Dragapult
|-damage|p2a: Dragapult|0 fnt
|-enditem|p2a: Dragapult|Life Orb|[from] move: Knock Off|[of] p1a: Ivory
|faint|p2a: Dragapult
|
|-weather|none
|-end|p1a: Ivory|Protosynthesis
|upkeep
|
|t:|1769323923
|switch|p2a: Dondozo|Dondozo, M|100/100
|turn|9
|
|t:|1769323934
|move|p1a: Ivory|Knock Off|p2a: Dondozo
|-damage|p2a: Dondozo|84/100
|-enditem|p2a: Dondozo|Leftovers|[from] move: Knock Off|[of] p1a: Ivory
|move|p2a: Dondozo|Liquidation|p1a: Ivory
|-supereffective|p1a: Ivory
|-damage|p1a: Ivory|0 fnt
|faint|p1a: Ivory
|-end|p1a: Ivory|Protosynthesis|[silent]
|
|upkeep
|
|t:|1769323950
|switch|p1a: Sunshine|Torkoal, F|19/100
|-weather|SunnyDay|[from] ability: Drought|[of] p1a: Sunshine
|turn|10
|
|t:|1769323959
|move|p2a: Dondozo|Liquidation|p1a: Sunshine
|-supereffective|p1a: Sunshine
|-damage|p1a: Sunshine|0 fnt
|faint|p1a: Sunshine
|
|-weather|SunnyDay|[upkeep]
|upkeep
|
|t:|1769323965
|switch|p1a: Verstapen|Venusaur, F|100/100
|turn|11
|
|t:|1769323971
|switch|p2a: Orthworm|Orthworm, M|100/100
|move|p1a: Verstapen|Growth|p1a: Verstapen
|-boost|p1a: Verstapen|atk|2
|-boost|p1a: Verstapen|spa|2
|
|-weather|SunnyDay|[upkeep]
|upkeep
|turn|12
|
|t:|1769323978
|move|p1a: Verstapen|Weather Ball|p2a: Orthworm
|-supereffective|p2a: Orthworm
|-damage|p2a: Orthworm|0 fnt
|faint|p2a: Orthworm
|-damage|p1a: Verstapen|91/100|[from] item: Life Orb
|
|-weather|SunnyDay|[upkeep]
|upkeep
|
|t:|1769323982
|switch|p2a: Hariyama|Hariyama, M|100/100
|turn|13
|
|t:|1769323990
|move|p1a: Verstapen|Solar Beam||[still]
|-prepare|p1a: Verstapen|Solar Beam
|-anim|p1a: Verstapen|Solar Beam|p2a: Hariyama
|-damage|p2a: Hariyama|0 fnt
|faint|p2a: Hariyama
|-damage|p1a: Verstapen|81/100|[from] item: Life Orb
|
|-weather|SunnyDay|[upkeep]
|upkeep
|-message|d'ent42 forfeited.
|
|win|Onsen3gg
|raw|Onsen3gg's rating: 1240 &rarr; <strong>1265</strong><br />(+25 for winning)
|raw|d&apos;ent42's rating: 1246 &rarr; <strong>1221</strong><br />(-25 for losing)
|l|☆d'ent42
|player|p2|
|l|☆Onsen3gg
|player|p1|
