|j|☆yohanraptor130
|j|☆Ryu_NLF
|t:|1769410867
|gametype|singles
|player|p1|yohanraptor130|2|1171
|player|p2|Ryu_NLF|jasmine|1181
|gen|9
|tier|[Gen 9] OU
|rated|
|rule|HP Percentage Mod: HP is shown in percentages
|rule|Endless Battle Clause: Forcing endless battles is banned
|rule|Species Clause: Limit one of each Pokémon
|rule|OHKO Clause: OHKO moves are banned
|rule|Evasion Items Clause: Evasion items are banned
|rule|Evasion Moves Clause: Evasion moves are banned
|rule|Evasion Abilities Clause: Evasion abilities are banned
|rule|Sleep Moves Clause: Sleep-inducing moves are banned
|clearpoke
|poke|p1|Corviknight, F|
|poke|p1|Clodsire, F|
|poke|p1|Primarina, F|
|poke|p1|Cinderace, F|
|poke|p1|Dragonite, F|
|poke|p1|Ogerpon, F|
|poke|p2|Goodra, M|
|poke|p2|Forretress, F|
|poke|p2|Mamoswine, M|
|poke|p2|Ribombee, F|
|poke|p2|Chandelure, M|
|poke|p2|Gyarados, F|
|teampreview
|
|t:|1769410893
|teamsize|p1|6
|teamsize|p2|6
|start
|switch|p1a: Ogerpon|Ogerpon, F|100/100
|switch|p2a: Ribombee|Ribombee, F|100/100
|turn|1
|
|t:|1769410900
|switch|p2a: Forretress|Forretress, F|100/100
|-terastallize|p1a: Ogerpon|Grass
|detailschange|p1a: Ogerpon|Ogerpon-Teal-Tera, F, tera:Grass
|-ability|p1a: Ogerpon|Embody Aspect (Teal)|boost
|-boost|p1a: Ogerpon|spe|1
|move|p1a: Ogerpon|Swords Dance|p1a: Ogerpon
|-boost|p1a: Ogerpon|atk|2
|
|upkeep
|turn|2
|
|t:|1769410915
|move|p1a: Ogerpon|Brick Break|p2a: Forretress
|-damage|p2a: Forretress|73/100
|move|p2a: Forretress|Volt Switch|p1a: Ogerpon
|-resisted|p1a: Ogerpon
|-damage|p1a: Ogerpon|94/100
|
|t:|1769410923
|switch|p2a: Goodra|Goodra, M|100/100|[from] Volt Switch
|
|upkeep
|turn|3
|
|t:|1769410935
|move|p1a: Ogerpon|Swords Dance|p1a: Ogerpon
|-boost|p1a: Ogerpon|atk|2
|move|p2a: Goodra|Flamethrower|p1a: Ogerpon
|-supereffective|p1a: Ogerpon
|-damage|p1a: Ogerpon|43/100
|
|upkeep
|turn|4
|
|t:|1769410946
|move|p1a: Ogerpon|Horn Leech|p2a: Goodra
|-resisted|p2a: Goodra
|-damage|p2a: Goodra|14/100
|-heal|p1a: Ogerpon|99/100|[from] drain|[of] p2a: Goodra
|-ability|p2a: Goodra|Gooey
|-unboost|p1a: Ogerpon|spe|1
|move|p2a: Goodra|Ice Beam|p1a: Ogerpon
|-supereffective|p1a: Ogerpon
|-damage|p1a: Ogerpon|48/100
|
|upkeep
|turn|5
|
|t:|1769410973
|move|p1a: Ogerpon|Horn Leech|p2a: Goodra
|-resisted|p2a: Goodra
|-damage|p2a: Goodra|0 fnt
|-heal|p1a: Ogerpon|56/100|[from] drain|[of] p2a: Goodra
|-ability|p2a: Goodra|Gooey
|-unboost|p1a: Ogerpon|spe|1
|faint|p2a: Goodra
|
|upkeep
|
|t:|1769410987
|switch|p2a: Mamoswine|Mamoswine, M|100/100
|turn|6
|
|t:|1769410994
|switch|p1a: Clodsire|Clodsire, F, shiny|100/100
|move|p2a: Mamoswine|Icicle Crash|p1a: Clodsire
|-supereffective|p1a: Clodsire
|-damage|p1a: Clodsire|3/100
|
|-heal|p1a: Clodsire|9/100|[from] item: Leftovers
|upkeep
|turn|7
|
|t:|1769411004
|move|p2a: Mamoswine|Trailblaze|p1a: Clodsire
|-damage|p1a: Clodsire|0 fnt
|-boost|p2a: Mamoswine|spe|1
|faint|p1a: Clodsire
|
|upkeep
|
|t:|1769411016
|switch|p1a: Cinderace|Cinderace, F, shiny|100/100
|turn|8
|
|t:|1769411021
|move|p2a: Mamoswine|Earthquake|p1a: Cinderace
|-supereffective|p1a: Cinderace
|-damage|p1a: Cinderace|0 fnt
|faint|p1a: Cinderace
|
|upkeep
|
|t:|1769411026
|switch|p1a: Ogerpon|Ogerpon-Teal-Tera, F, tera:Grass|56/100
|-ability|p1a: Ogerpon|Embody Aspect (Teal)|boost
|-boost|p1a: Ogerpon|spe|1
|turn|9
|
|t:|1769411035
|move|p2a: Mamoswine|Ice Shard|p1a: Ogerpon
|-supereffective|p1a: Ogerpon
|-damage|p1a: Ogerpon|2/100
|move|p1a: Ogerpon|Brick Break|p2a: Mamoswine
|-supereffective|p2a: Mamoswine
|-damage|p2a: Mamoswine|47/100
|-enditem|p2a: Mamoswine|Sitrus Berry|[eat]
|-heal|p2a: Mamoswine|72/100|[from] item: Sitrus Berry
|
|upkeep
|turn|10
|
|t:|1769411045
|switch|p1a: Corviknight|Corviknight, F, shiny|100/100
|move|p2a: Mamoswine|Ice Shard|p1a: Corviknight
|-damage|p1a: Corviknight|82/100
|
|upkeep
|turn|11
|
|t:|1769411052
|move|p2a: Mamoswine|Icicle Crash|p1a: Corviknight
|-damage|p1a: Corviknight|48/100
|move|p1a: Corviknight|Body Press|p2a: Mamoswine
|-supereffective|p2a: Mamoswine
|-damage|p2a: Mamoswine|31/100
|
|upkeep
|turn|12
|
|t:|1769411060
|move|p2a: Mamoswine|Icicle Crash|p1a: Corviknight
|-damage|p1a: Corviknight|11/100
|move|p1a: Corviknight|Body Press|p2a: Mamoswine
|-supereffective|p2a: Mamoswine
|-damage|p2a: Mamoswine|0 fnt
|faint|p2a: Mamoswine
|
|upkeep
|
|t:|1769411072
|switch|p2a: Gyarados|Gyarados, F|100/100
|turn|13
|
|t:|1769411078
|move|p2a: Gyarados|Dragon Dance|p2a: Gyarados
|-boost|p2a: Gyarados|atk|1
|-boost|p2a: Gyarados|spe|1
|move|p1a: Corviknight|U-turn|p2a: Gyarados
|-resisted|p2a: Gyarados
|-damage|p2a: Gyarados|90/100
|
|t:|1769411084
|switch|p1a: Ogerpon|Ogerpon-Teal-Tera, F, tera:Grass|2/100|[from] U-turn
|-ability|p1a: Ogerpon|Embody Aspect (Teal)|boost
|-boost|p1a: Ogerpon|spe|1
|
|upkeep
|turn|14
|
|t:|1769411095
|move|p1a: Ogerpon|Horn Leech|p2a: Gyarados
|-damage|p2a: Gyarados|26/100
|-heal|p1a: Ogerpon|38/100|[from] drain|[of] p2a: Gyarados
|move|p2a: Gyarados|Temper Flare|p1a: Ogerpon
|-supereffective|p1a: Ogerpon
|-damage|p1a: Ogerpon|0 fnt
|faint|p1a: Ogerpon
|detailschange|p1: Ogerpon|Ogerpon, F|[silent]
|-ability|p2a: Gyarados|Moxie|boost
|-boost|p2a: Gyarados|atk|1
|
|upkeep
|
|t:|1769411105
|switch|p1a: Primarina|Primarina, F, shiny|100/100
|turn|15
|
|t:|1769411110
|move|p2a: Gyarados|Waterfall|p1a: Primarina
|-resisted|p1a: Primarina
|-damage|p1a: Primarina|49/100
|move|p1a: Primarina|Energy Ball|p2a: Gyarados
|-damage|p2a: Gyarados|0 fnt
|faint|p2a: Gyarados
|-damage|p1a: Primarina|39/100|[from] item: Life Orb
|
|upkeep
|
|t:|1769411121
|switch|p2a: Ribombee|Ribombee, F|100/100
|turn|16
|
|t:|1769411127
|-terastallize|p2a: Ribombee|Electric
|move|p2a: Ribombee|Tera Blast|p1a: Primarina|[anim] Tera Blast Electric
|-supereffective|p1a: Primarina
|-damage|p1a: Primarina|0 fnt
|faint|p1a: Primarina
|
|upkeep
|
|t:|1769411142
|switch|p1a: Corviknight|Corviknight, F, shiny|11/100
|turn|17
|
|t:|1769411147
|move|p2a: Ribombee|Tera Blast|p1a: Corviknight|[anim] Tera Blast Electric
|-supereffective|p1a: Corviknight
|-damage|p1a: Corviknight|0 fnt
|faint|p1a: Corviknight
|
|upkeep
|
|t:|1769411152
|switch|p1a: Dragonite|Dragonite, F, shiny|100/100
|turn|18
|
|t:|1769411156
|move|p2a: Ribombee|Moonblast|p1a: Dragonite
|-supereffective|p1a: Dragonite
|-damage|p1a: Dragonite|57/100
|move|p1a: Dragonite|Dragon Dance|p1a: Dragonite
|-boost|p1a: Dragonite|atk|1
|-boost|p1a: Dragonite|spe|1
|
|upkeep
|turn|19
|
|t:|1769411163
|move|p1a: Dragonite|Dragon Dance|p1a: Dragonite
|-boost|p1a: Dragonite|atk|1
|-boost|p1a: Dragonite|spe|1
|move|p2a: Ribombee|Stun Spore|p1a: Dragonite
|-status|p1a: Dragonite|par
|
|upkeep
|turn|20
|
|t:|1769411171
|move|p2a: Ribombee|Moonblast|p1a: Dragonite
|-supereffective|p1a: Dragonite
|-damage|p1a: Dragonite|0 fnt
|faint|p1a: Dragonite
|
|win|Ryu_NLF
|raw|yohanraptor130's rating: 1171 &rarr; <strong>1147</strong><br />(-24 for losing)
|raw|Ryu_NLF's rating: 1181 &rarr; <strong>1205</strong><br />(+24 for winning)
|l|☆yohanraptor130
|player|p1|
|l|☆Ryu_NLF
|player|p2|
