|j|☆dj istivi
|j|☆i love skarmory
|t:|1769375370
|gametype|singles
|player|p1|dj istivi|picnicker|
|player|p2|i love skarmory|101|
|gen|9
|tier|[Gen 9] OU
|rule|HP Percentage Mod: HP is shown in percentages
|rule|Endless Battle Clause: Forcing endless battles is banned
|rule|Species Clause: Limit one of each Pokémon
|rule|OHKO Clause: OHKO moves are banned
|rule|Evasion Items Clause: Evasion items are banned
|rule|Evasion Moves Clause: Evasion moves are banned
|rule|Evasion Abilities Clause: Evasion abilities are banned
|rule|Sleep Moves Clause: Sleep-inducing moves are banned
|clearpoke
|poke|p1|Landorus-Therian, M|
|poke|p1|Gholdengo|
|poke|p1|Primarina, M|
|poke|p1|Corviknight, F|
|poke|p1|Iron Valiant|
|poke|p1|Kingambit, M|
|poke|p2|Darkrai|
|poke|p2|Volcanion|
|poke|p2|Great Tusk|
|poke|p2|Scizor, F|
|poke|p2|Iron Valiant|
|poke|p2|Zapdos|
|teampreview
|c|☆dj istivi|randolinha
|c|☆i love skarmory|glhf
|c|☆i love skarmory|iloveyou<3
|c|☆dj istivi|u2
|
|t:|1769375407
|teamsize|p1|6
|teamsize|p2|6
|start
|switch|p1a: Landorus|Landorus-Therian, M|100/100
|switch|p2a: Zapdos|Zapdos|100/100
|-ability|p1a: Landorus|Intimidate|boost
|-unboost|p2a: Zapdos|atk|1
|turn|1
|c|☆dj istivi|lhe amo
|
|t:|1769375413
|move|p1a: Landorus|Stone Edge|p2a: Zapdos
|-supereffective|p2a: Zapdos
|-damage|p2a: Zapdos|57/100
|move|p2a: Zapdos|Hurricane|p1a: Landorus|[miss]
|-miss|p2a: Zapdos|p1a: Landorus
|
|upkeep
|turn|2
|
|t:|1769375417
|move|p1a: Landorus|Stone Edge|p2a: Zapdos
|-supereffective|p2a: Zapdos
|-damage|p2a: Zapdos|14/100
|move|p2a: Zapdos|Roost|p2a: Zapdos
|-heal|p2a: Zapdos|64/100
|-singleturn|p2a: Zapdos|move: Roost
|
|upkeep
|turn|3
|c|☆dj istivi|ez
|c|☆dj istivi|ez
|c|☆dj istivi|ez
|c|☆i love skarmory|nao haxeaxxxx
|c|☆dj istivi|n erro
|c|☆i love skarmory|nao é pra hexeaxxxxx
|
|t:|1769375430
|switch|p2a: Great Tusk|Great Tusk|100/100
|-enditem|p2a: Great Tusk|Booster Energy
|-activate|p2a: Great Tusk|ability: Protosynthesis|[fromitem]
|-start|p2a: Great Tusk|protosynthesisspe
|move|p1a: Landorus|Stealth Rock|p2a: Great Tusk
|-sidestart|p2: i love skarmory|move: Stealth Rock
|
|upkeep
|turn|4
|c|☆dj istivi|é sim
|
|t:|1769375435
|switch|p1a: Primarina|Primarina, M|100/100
|move|p2a: Great Tusk|Stealth Rock|p1a: Primarina
|-sidestart|p1: dj istivi|move: Stealth Rock
|
|upkeep
|turn|5
|
|t:|1769375450
|move|p2a: Great Tusk|Headlong Rush|p1a: Primarina
|-damage|p1a: Primarina|33/100
|-unboost|p2a: Great Tusk|def|1
|-unboost|p2a: Great Tusk|spd|1
|move|p1a: Primarina|Moonblast|p2a: Great Tusk
|-supereffective|p2a: Great Tusk
|-damage|p2a: Great Tusk|0 fnt
|faint|p2a: Great Tusk
|-end|p2a: Great Tusk|Protosynthesis|[silent]
|
|upkeep
|c|☆i love skarmory|farmei?
|
|t:|1769375464
|switch|p2a: Darkrai|Darkrai|100/100
|turn|6
|c|☆i love skarmory|agora so ice beam e dark pulse e focus blast em gera
|c|☆i love skarmory|butiiiiiiiiiii
|
|t:|1769375490
|move|p2a: Darkrai|Sludge Bomb|p1a: Primarina
|-supereffective|p1a: Primarina
|-damage|p1a: Primarina|0 fnt
|faint|p1a: Primarina
|
|upkeep
|c|☆i love skarmory|GG]
|
|t:|1769375503
|switch|p1a: Iron Valiant|Iron Valiant|100/100
|-damage|p1a: Iron Valiant|94/100|[from] Stealth Rock
|-enditem|p1a: Iron Valiant|Booster Energy
|-activate|p1a: Iron Valiant|ability: Quark Drive|[fromitem]
|-start|p1a: Iron Valiant|quarkdrivespe
|turn|7
|c|☆i love skarmory|mds tropa esse cara n sabe farmar
|
|t:|1769375515
|switch|p2a: Scizor|Scizor, F|100/100
|-damage|p2a: Scizor|88/100|[from] Stealth Rock
|move|p1a: Iron Valiant|Close Combat|p2a: Scizor
|-damage|p2a: Scizor|31/100
|-unboost|p1a: Iron Valiant|def|1
|-unboost|p1a: Iron Valiant|spd|1
|
|upkeep
|turn|8
|
|t:|1769375518
|-end|p1a: Iron Valiant|Quark Drive|[silent]
|switch|p1a: Corviknight|Corviknight, F|100/100
|-ability|p1a: Corviknight|Pressure
|move|p2a: Scizor|U-turn|p1a: Corviknight
|-resisted|p1a: Corviknight
|-damage|p1a: Corviknight|91/100
|
|t:|1769375521
|switch|p2a: Zapdos|Zapdos|64/100|[from] U-turn
|
|upkeep
|turn|9
|
|t:|1769375525
|switch|p1a: Landorus|Landorus-Therian, M|100/100
|-damage|p1a: Landorus|88/100|[from] Stealth Rock
|-ability|p1a: Landorus|Intimidate|boost
|-unboost|p2a: Zapdos|atk|1
|move|p2a: Zapdos|U-turn|p1a: Landorus
|-resisted|p1a: Landorus
|-damage|p1a: Landorus|85/100
|-damage|p2a: Zapdos|47/100|[from] item: Rocky Helmet|[of] p1a: Landorus
|
|t:|1769375533
|switch|p2a: Darkrai|Darkrai|100/100|[from] U-turn
|
|upkeep
|turn|10
|
|t:|1769375543
|-terastallize|p1a: Landorus|Water
|move|p2a: Darkrai|Dark Pulse|p1a: Landorus
|-damage|p1a: Landorus|42/100
|move|p1a: Landorus|Earthquake|p2a: Darkrai
|-damage|p2a: Darkrai|39/100
|
|upkeep
|turn|11
|c|☆i love skarmory|aq ce toma buxa
|c|☆i love skarmory|SABIA
|c|☆dj istivi|pqp
|
|t:|1769375551
|move|p2a: Darkrai|Dark Pulse|p1a: Landorus
|-crit|p1a: Landorus
|-damage|p1a: Landorus|0 fnt
|faint|p1a: Landorus
|
|upkeep
|
|t:|1769375558
|switch|p1a: Kingambit|Kingambit, M|100/100
|-damage|p1a: Kingambit|94/100|[from] Stealth Rock
|-activate|p1a: Kingambit|ability: Supreme Overlord
|-start|p1a: Kingambit|fallen2|[silent]
|turn|12
|
|t:|1769375563
|move|p2a: Darkrai|Focus Blast|p1a: Kingambit|[miss]
|-miss|p2a: Darkrai|p1a: Kingambit
|move|p1a: Kingambit|Iron Head|p2a: Darkrai
|-damage|p2a: Darkrai|0 fnt
|faint|p2a: Darkrai
|
|upkeep
|c|☆dj istivi|e\z
|c|☆i love skarmory|kitei
|c|☆dj istivi|ez\
|c|☆dj istivi|e
|c|☆dj istivi|ez
|c|☆dj istivi|ez
|c|☆dj istivi|ez
|
|t:|1769375570
|switch|p2a: Iron Valiant|Iron Valiant|100/100
|-damage|p2a: Iron Valiant|94/100|[from] Stealth Rock
|-enditem|p2a: Iron Valiant|Booster Energy
|-activate|p2a: Iron Valiant|ability: Quark Drive|[fromitem]
|-start|p2a: Iron Valiant|quarkdrivespe
|turn|13
|c|☆dj istivi|ez
|c|☆dj istivi|ez
|c|☆dj istivi|ez
|
|t:|1769375582
|-end|p1a: Kingambit|fallen2|[silent]
|switch|p1a: Corviknight|Corviknight, F|91/100
|-ability|p1a: Corviknight|Pressure
|move|p2a: Iron Valiant|Calm Mind|p2a: Iron Valiant
|-boost|p2a: Iron Valiant|spa|1
|-boost|p2a: Iron Valiant|spd|1
|
|upkeep
|turn|14
|c|☆dj istivi|aqui nois rouba
|
|t:|1769375593
|move|p2a: Iron Valiant|Thunderbolt|p1a: Corviknight
|-supereffective|p1a: Corviknight
|-damage|p1a: Corviknight|17/100
|move|p1a: Corviknight|U-turn|p2a: Iron Valiant
|-resisted|p2a: Iron Valiant
|-damage|p2a: Iron Valiant|89/100
|
|t:|1769375596
|switch|p1a: Iron Valiant|Iron Valiant|94/100|[from] U-turn
|-damage|p1a: Iron Valiant|88/100|[from] Stealth Rock
|
|upkeep
|turn|15
|c|☆i love skarmory|o hax ai tropa
|
|t:|1769375600
|move|p2a: Iron Valiant|Moonblast|p1a: Iron Valiant
|-supereffective|p1a: Iron Valiant
|-damage|p1a: Iron Valiant|0 fnt
|faint|p1a: Iron Valiant
|-end|p1a: Iron Valiant|Quark Drive|[silent]
|
|upkeep
|c|☆dj istivi|perdi
|c|☆dj istivi|a
|c|☆i love skarmory|GG
|c|☆i love skarmory|me beija
|
|t:|1769375605
|switch|p1a: Gholdengo|Gholdengo|100/100
|-damage|p1a: Gholdengo|94/100|[from] Stealth Rock
|turn|16
|
|t:|1769375608
|-terastallize|p2a: Iron Valiant|Ground
|move|p2a: Iron Valiant|Tera Blast|p1a: Gholdengo|[anim] Tera Blast Ground
|-supereffective|p1a: Gholdengo
|-damage|p1a: Gholdengo|0 fnt
|faint|p1a: Gholdengo
|
|upkeep
|c|☆i love skarmory|me namore
|
|t:|1769375612
|switch|p1a: Corviknight|Corviknight, F|17/100
|-ability|p1a: Corviknight|Pressure
|turn|17
|
|t:|1769375615
|move|p2a: Iron Valiant|Moonblast|p1a: Corviknight
|-resisted|p1a: Corviknight
|-damage|p1a: Corviknight|0 fnt
|faint|p1a: Corviknight
|
|upkeep
|
|t:|1769375617
|switch|p1a: Kingambit|Kingambit, M|94/100
|-damage|p1a: Kingambit|88/100|[from] Stealth Rock
|-activate|p1a: Kingambit|ability: Supreme Overlord
|-start|p1a: Kingambit|fallen5|[silent]
|turn|18
|
|t:|1769375620
|move|p1a: Kingambit|Sucker Punch|p2a: Iron Valiant
|-damage|p2a: Iron Valiant|0 fnt
|faint|p2a: Iron Valiant
|-end|p2a: Iron Valiant|Quark Drive|[silent]
|
|upkeep
|c|☆dj istivi|tu achou ne
|
|t:|1769375627
|switch|p2a: Volcanion|Volcanion|100/100
|turn|19
|
|t:|1769375641
|move|p2a: Volcanion|Steam Eruption|p1a: Kingambit
|-damage|p1a: Kingambit|24/100
|move|p1a: Kingambit|Swords Dance|p1a: Kingambit
|-boost|p1a: Kingambit|atk|2
|
|upkeep
|turn|20
|
|t:|1769375649
|move|p1a: Kingambit|Sucker Punch|p2a: Volcanion
|-damage|p2a: Volcanion|0 fnt
|faint|p2a: Volcanion
|
|upkeep
|
|t:|1769375657
|switch|p2a: Zapdos|Zapdos|47/100
|turn|21
|
|t:|1769375667
|move|p1a: Kingambit|Sucker Punch|p2a: Zapdos
|-damage|p2a: Zapdos|0 fnt
|faint|p2a: Zapdos
|
|upkeep
|c|☆i love skarmory|o hax ai
|
|t:|1769375673
|switch|p2a: Scizor|Scizor, F|31/100
|-damage|p2a: Scizor|18/100|[from] Stealth Rock
|turn|22
|c|☆i love skarmory|da sucker dnv
|
|t:|1769375679
|move|p2a: Scizor|Close Combat|p1a: Kingambit
|-supereffective|p1a: Kingambit
|-damage|p1a: Kingambit|0 fnt
|-unboost|p2a: Scizor|def|1
|-unboost|p2a: Scizor|spd|1
|faint|p1a: Kingambit
|-end|p1a: Kingambit|fallen5|[silent]
|
|win|i love skarmory
|c|☆i love skarmory|KKKKKKKKKKKK
|c|☆dj istivi|fdp
