|j|☆pokemon hot guy 97
|j|☆fishermanmiguel
|t:|1769329133
|gametype|singles
|player|p1|pokemon hot guy 97|cynthia-gen4|1073
|player|p2|fishermanmiguel|fisherman-gen4|1112
|gen|9
|tier|[Gen 9] OU
|rated|
|rule|HP Percentage Mod: HP is shown in percentages
|rule|Endless Battle Clause: Forcing endless battles is banned
|rule|Species Clause: Limit one of each Pokémon
|rule|OHKO Clause: OHKO moves are banned
|rule|Evasion Items Clause: Evasion items are banned
|rule|Evasion Moves Clause: Evasion moves are banned
|rule|Evasion Abilities Clause: Evasion abilities are banned
|rule|Sleep Moves Clause: Sleep-inducing moves are banned
|clearpoke
|poke|p1|Zapdos|
|poke|p1|Garganacl, M|
|poke|p1|Gliscor, F|
|poke|p1|Rotom-Frost|
|poke|p1|Ogerpon-Wellspring, F|
|poke|p1|Iron Valiant|
|poke|p2|Clefable, F|
|poke|p2|Gliscor, F|
|poke|p2|Blissey, F|
|poke|p2|Clodsire, M|
|poke|p2|Alomomola, M|
|poke|p2|Skeledirge, F|
|teampreview
|
|t:|1769329142
|teamsize|p1|6
|teamsize|p2|6
|start
|switch|p1a: Gliscor|Gliscor, F, shiny|100/100
|switch|p2a: Gliscor|Gliscor, F|100/100
|turn|1
|
|t:|1769329153
|move|p1a: Gliscor|Toxic Spikes|p2a: Gliscor
|-sidestart|p2: fishermanmiguel|move: Toxic Spikes
|move|p2a: Gliscor|Knock Off|p1a: Gliscor
|-damage|p1a: Gliscor|77/100
|-enditem|p1a: Gliscor|Toxic Orb|[from] move: Knock Off|[of] p2a: Gliscor
|
|-status|p2a: Gliscor|tox|[from] item: Toxic Orb
|upkeep
|turn|2
|
|t:|1769329163
|move|p1a: Gliscor|Earthquake|p2a: Gliscor
|-immune|p2a: Gliscor
|move|p2a: Gliscor|Stealth Rock|p1a: Gliscor
|-sidestart|p1: pokemon hot guy 97|move: Stealth Rock
|
|upkeep
|turn|3
|
|t:|1769329177
|switch|p1a: Garganacl|Garganacl, M|100/100
|-damage|p1a: Garganacl|88/100|[from] Stealth Rock
|move|p2a: Gliscor|Knock Off|p1a: Garganacl
|-damage|p1a: Garganacl|75/100
|-damage|p2a: Gliscor|84/100 tox|[from] item: Rocky Helmet|[of] p1a: Garganacl
|-enditem|p1a: Garganacl|Rocky Helmet|[from] move: Knock Off|[of] p2a: Gliscor
|
|-heal|p2a: Gliscor|97/100 tox|[from] ability: Poison Heal
|upkeep
|turn|4
|
|t:|1769329200
|switch|p2a: Clefable|Clefable, F|100/100
|-status|p2a: Clefable|psn
|move|p1a: Garganacl|Avalanche|p2a: Clefable
|-damage|p2a: Clefable|87/100 psn
|
|-heal|p2a: Clefable|93/100 psn|[from] item: Leftovers
|upkeep
|turn|5
|
|t:|1769329212
|move|p2a: Clefable|Moonblast|p1a: Garganacl
|-damage|p1a: Garganacl|47/100
|move|p1a: Garganacl|Heavy Slam|p2a: Clefable
|-supereffective|p2a: Clefable
|-damage|p2a: Clefable|32/100 psn
|
|-heal|p2a: Clefable|38/100 psn|[from] item: Leftovers
|upkeep
|turn|6
|
|t:|1769329226
|switch|p2a: Gliscor|Gliscor, F|97/100 tox
|move|p1a: Garganacl|Recover|p1a: Garganacl
|-heal|p1a: Garganacl|97/100
|
|-heal|p2a: Gliscor|100/100 tox|[from] ability: Poison Heal
|upkeep
|turn|7
|
|t:|1769329238
|move|p2a: Gliscor|Protect|p2a: Gliscor
|-singleturn|p2a: Gliscor|Protect
|move|p1a: Garganacl|Heavy Slam|p2a: Gliscor
|-activate|p2a: Gliscor|move: Protect
|
|upkeep
|turn|8
|
|t:|1769329244
|switch|p2a: Clefable|Clefable, F|38/100 psn
|move|p1a: Garganacl|Heavy Slam|p2a: Clefable
|-supereffective|p2a: Clefable
|-damage|p2a: Clefable|0 fnt
|faint|p2a: Clefable
|
|upkeep
|
|t:|1769329255
|switch|p2a: Skeledirge|Skeledirge, F|100/100
|turn|9
|
|t:|1769329262
|move|p2a: Skeledirge|Torch Song|p1a: Garganacl
|-resisted|p1a: Garganacl
|-crit|p1a: Garganacl
|-damage|p1a: Garganacl|77/100
|-boost|p2a: Skeledirge|spa|1
|move|p1a: Garganacl|Avalanche|p2a: Skeledirge
|-resisted|p2a: Skeledirge
|-damage|p2a: Skeledirge|85/100
|
|upkeep
|turn|10
|inactive|Battle timer is ON: inactive players will automatically lose when time's up. (requested by fishermanmiguel)
|
|t:|1769329278
|switch|p1a: Ogerpon|Ogerpon-Wellspring, F|100/100
|-damage|p1a: Ogerpon|88/100|[from] Stealth Rock
|move|p2a: Skeledirge|Torch Song|p1a: Ogerpon
|-damage|p1a: Ogerpon|40/100
|-boost|p2a: Skeledirge|spa|1
|
|upkeep
|turn|11
|
|t:|1769329296
|-terastallize|p1a: Ogerpon|Water
|detailschange|p1a: Ogerpon|Ogerpon-Wellspring-Tera, F, tera:Water
|-ability|p1a: Ogerpon|Embody Aspect (Wellspring)|boost
|-boost|p1a: Ogerpon|spd|1
|-terastallize|p2a: Skeledirge|Fairy
|move|p1a: Ogerpon|Ivy Cudgel|p2a: Skeledirge|[anim] Ivy Cudgel Water
|-damage|p2a: Skeledirge|30/100
|move|p2a: Skeledirge|Torch Song|p1a: Ogerpon
|-resisted|p1a: Ogerpon
|-damage|p1a: Ogerpon|4/100
|-boost|p2a: Skeledirge|spa|1
|
|upkeep
|turn|12
|
|t:|1769329312
|switch|p1a: Zapdos|Zapdos|100/100
|-damage|p1a: Zapdos|75/100|[from] Stealth Rock
|switch|p2a: Alomomola|Alomomola, M|100/100
|
|-heal|p1a: Zapdos|82/100|[from] item: Leftovers
|upkeep
|turn|13
|
|t:|1769329322
|switch|p2a: Blissey|Blissey, F|100/100
|-status|p2a: Blissey|psn
|move|p1a: Zapdos|Thunderbolt|p2a: Blissey
|-crit|p2a: Blissey
|-damage|p2a: Blissey|77/100 psn
|
|-heal|p1a: Zapdos|88/100|[from] item: Leftovers
|-heal|p2a: Blissey|83/100 psn|[from] item: Leftovers
|-damage|p2a: Blissey|71/100 psn|[from] psn
|upkeep
|turn|14
|
|t:|1769329335
|switch|p1a: Iron Valiant|Iron Valiant|100/100
|-damage|p1a: Iron Valiant|94/100|[from] Stealth Rock
|-enditem|p1a: Iron Valiant|Booster Energy
|-activate|p1a: Iron Valiant|ability: Quark Drive|[fromitem]
|-start|p1a: Iron Valiant|quarkdrivespe
|move|p2a: Blissey|Soft-Boiled|p2a: Blissey
|-heal|p2a: Blissey|100/100 psn
|
|-damage|p2a: Blissey|88/100 psn|[from] psn
|upkeep
|turn|15
|
|t:|1769329344
|-curestatus|p2a: Blissey|psn|[from] ability: Natural Cure
|switch|p2a: Gliscor|Gliscor, F|100/100 tox
|move|p1a: Iron Valiant|Drain Punch|p2a: Gliscor
|-resisted|p2a: Gliscor
|-damage|p2a: Gliscor|86/100 tox
|-heal|p1a: Iron Valiant|100/100|[from] drain|[of] p2a: Gliscor
|
|-heal|p2a: Gliscor|98/100 tox|[from] ability: Poison Heal
|upkeep
|turn|16
|
|t:|1769329359
|-end|p1a: Iron Valiant|Quark Drive|[silent]
|switch|p1a: Zapdos|Zapdos|88/100
|-damage|p1a: Zapdos|63/100|[from] Stealth Rock
|move|p2a: Gliscor|Knock Off|p1a: Zapdos
|-damage|p1a: Zapdos|43/100
|-enditem|p1a: Zapdos|Leftovers|[from] move: Knock Off|[of] p2a: Gliscor
|
|-heal|p2a: Gliscor|100/100 tox|[from] ability: Poison Heal
|upkeep
|turn|17
|
|t:|1769329368
|move|p1a: Zapdos|Roost|p1a: Zapdos
|-heal|p1a: Zapdos|93/100
|-singleturn|p1a: Zapdos|move: Roost
|move|p2a: Gliscor|Toxic|p1a: Zapdos
|-status|p1a: Zapdos|tox
|
|-damage|p1a: Zapdos|87/100 tox|[from] psn
|upkeep
|turn|18
|
|t:|1769329380
|switch|p2a: Alomomola|Alomomola, M|100/100
|move|p1a: Zapdos|Thunderbolt|p2a: Alomomola
|-supereffective|p2a: Alomomola
|-damage|p2a: Alomomola|0 fnt
|faint|p2a: Alomomola
|
|-damage|p1a: Zapdos|74/100 tox|[from] psn
|upkeep
|
|t:|1769329388
|switch|p2a: Clodsire|Clodsire, M|100/100
|-sideend|p2: fishermanmiguel|move: Toxic Spikes|[of] p2a: Clodsire
|turn|19
|
|t:|1769329393
|move|p1a: Zapdos|Hurricane|p2a: Clodsire
|-damage|p2a: Clodsire|65/100
|-start|p2a: Clodsire|confusion
|-activate|p2a: Clodsire|confusion
|move|p2a: Clodsire|Amnesia|p2a: Clodsire
|-boost|p2a: Clodsire|spd|2
|
|-damage|p1a: Zapdos|55/100 tox|[from] psn
|upkeep
|turn|20
|
|t:|1769329402
|move|p1a: Zapdos|Roost|p1a: Zapdos
|-heal|p1a: Zapdos|100/100 tox
|-singleturn|p1a: Zapdos|move: Roost
|-activate|p2a: Clodsire|confusion
|move|p2a: Clodsire|Recover|p2a: Clodsire
|-heal|p2a: Clodsire|100/100
|
|-damage|p1a: Zapdos|75/100 tox|[from] psn
|upkeep
|turn|21
|
|t:|1769329410
|move|p1a: Zapdos|Hurricane|p2a: Clodsire|[miss]
|-miss|p1a: Zapdos|p2a: Clodsire
|-end|p2a: Clodsire|confusion
|move|p2a: Clodsire|Amnesia|p2a: Clodsire
|-boost|p2a: Clodsire|spd|2
|
|-damage|p1a: Zapdos|44/100 tox|[from] psn
|upkeep
|turn|22
|
|t:|1769329427
|switch|p1a: Gliscor|Gliscor, F, shiny|77/100
|-damage|p1a: Gliscor|65/100|[from] Stealth Rock
|move|p2a: Clodsire|Amnesia|p2a: Clodsire
|-boost|p2a: Clodsire|spd|2
|
|upkeep
|turn|23
|
|t:|1769329439
|switch|p2a: Skeledirge|Skeledirge, F, tera:Fairy|30/100
|move|p1a: Gliscor|U-turn|p2a: Skeledirge
|-resisted|p2a: Skeledirge
|-damage|p2a: Skeledirge|23/100
|
|t:|1769329450
|switch|p1a: Rotom|Rotom-Frost|100/100|[from] U-turn
|-damage|p1a: Rotom|75/100|[from] Stealth Rock
|
|upkeep
|turn|24
|
|t:|1769329457
|move|p1a: Rotom|Volt Switch|p2a: Skeledirge
|-damage|p2a: Skeledirge|4/100
|
|t:|1769329462
|switch|p1a: Garganacl|Garganacl, M|77/100|[from] Volt Switch
|-damage|p1a: Garganacl|64/100|[from] Stealth Rock
|move|p2a: Skeledirge|Slack Off|p2a: Skeledirge
|-heal|p2a: Skeledirge|54/100
|
|upkeep
|turn|25
|
|t:|1769329474
|move|p2a: Skeledirge|Slack Off|p2a: Skeledirge
|-heal|p2a: Skeledirge|100/100
|move|p1a: Garganacl|Heavy Slam|p2a: Skeledirge
|-supereffective|p2a: Skeledirge
|-damage|p2a: Skeledirge|79/100
|
|upkeep
|turn|26
|
|t:|1769329483
|move|p2a: Skeledirge|Torch Song|p1a: Garganacl
|-resisted|p1a: Garganacl
|-damage|p1a: Garganacl|52/100
|-boost|p2a: Skeledirge|spa|1
|move|p1a: Garganacl|Explosion|p2a: Skeledirge
|-damage|p2a: Skeledirge|17/100
|faint|p1a: Garganacl
|
|upkeep
|
|t:|1769329491
|switch|p1a: Zapdos|Zapdos|44/100 tox
|-damage|p1a: Zapdos|19/100 tox|[from] Stealth Rock
|turn|27
|
|t:|1769329496
|switch|p2a: Clodsire|Clodsire, M|100/100
|move|p1a: Zapdos|Hurricane|p2a: Clodsire
|-damage|p2a: Clodsire|68/100
|
|-damage|p1a: Zapdos|13/100 tox|[from] psn
|upkeep
|turn|28
|
|t:|1769329504
|move|p1a: Zapdos|Roost|p1a: Zapdos
|-heal|p1a: Zapdos|63/100 tox
|-singleturn|p1a: Zapdos|move: Roost
|move|p2a: Clodsire|Recover|p2a: Clodsire
|-heal|p2a: Clodsire|100/100
|
|-damage|p1a: Zapdos|50/100 tox|[from] psn
|upkeep
|turn|29
|
|t:|1769329512
|move|p1a: Zapdos|Roost|p1a: Zapdos
|-heal|p1a: Zapdos|100/100 tox
|-singleturn|p1a: Zapdos|move: Roost
|move|p2a: Clodsire|Amnesia|p2a: Clodsire
|-boost|p2a: Clodsire|spd|2
|
|-damage|p1a: Zapdos|82/100 tox|[from] psn
|upkeep
|turn|30
|
|t:|1769329521
|move|p1a: Zapdos|Thunderbolt|p2a: Clodsire
|-immune|p2a: Clodsire
|move|p2a: Clodsire|Amnesia|p2a: Clodsire
|-boost|p2a: Clodsire|spd|2
|
|-damage|p1a: Zapdos|57/100 tox|[from] psn
|upkeep
|turn|31
|
|t:|1769329529
|switch|p1a: Ogerpon|Ogerpon-Wellspring-Tera, F, tera:Water|4/100
|-damage|p1a: Ogerpon|0 fnt|[from] Stealth Rock
|faint|p1a: Ogerpon
|detailschange|p1: Ogerpon|Ogerpon-Wellspring, F|[silent]
|move|p2a: Clodsire|Amnesia|p2a: Clodsire
|-boost|p2a: Clodsire|spd|2
|
|upkeep
|
|t:|1769329538
|switch|p1a: Iron Valiant|Iron Valiant|100/100
|-damage|p1a: Iron Valiant|94/100|[from] Stealth Rock
|turn|32
|
|t:|1769329542
|move|p1a: Iron Valiant|Drain Punch|p2a: Clodsire
|-resisted|p2a: Clodsire
|-crit|p2a: Clodsire
|-damage|p2a: Clodsire|70/100
|-heal|p1a: Iron Valiant|100/100|[from] drain|[of] p2a: Clodsire
|move|p2a: Clodsire|Toxic|p1a: Iron Valiant
|-status|p1a: Iron Valiant|tox
|
|-damage|p1a: Iron Valiant|94/100 tox|[from] psn
|upkeep
|turn|33
|
|t:|1769329551
|move|p1a: Iron Valiant|Dazzling Gleam|p2a: Clodsire
|-resisted|p2a: Clodsire
|-damage|p2a: Clodsire|68/100
|move|p2a: Clodsire|Recover|p2a: Clodsire
|-heal|p2a: Clodsire|100/100
|
|-damage|p1a: Iron Valiant|82/100 tox|[from] psn
|upkeep
|turn|34
|c|☆pokemon hot guy 97|lame move set ash
|c|☆fishermanmiguel|what is 'ash'
|inactive|pokemon hot guy 97 has 120 seconds left.
|c|☆pokemon hot guy 97|recover recover recover
|-message|pokemon hot guy 97 forfeited.
|
|win|fishermanmiguel
|raw|pokemon hot guy 97's rating: 1073 &rarr; <strong>1054</strong><br />(-19 for losing)
|raw|fishermanmiguel's rating: 1112 &rarr; <strong>1134</strong><br />(+22 for winning)
|l|☆pokemon hot guy 97
|player|p1|
|l|☆fishermanmiguel
|player|p2|
