|inactive|Battle timer is ON: inactive players will automatically lose when time's up.
|t:|1769364534
|gametype|singles
|player|p1|pdt|#splxviibigs2|
|player|p2|Capidaxter|red-gen1main|
|gen|9
|tier|[Gen 9] OU
|rule|HP Percentage Mod: HP is shown in percentages
|rule|Endless Battle Clause: Forcing endless battles is banned
|rule|Species Clause: Limit one of each Pokémon
|rule|OHKO Clause: OHKO moves are banned
|rule|Evasion Items Clause: Evasion items are banned
|rule|Evasion Moves Clause: Evasion moves are banned
|rule|Evasion Abilities Clause: Evasion abilities are banned
|rule|Sleep Moves Clause: Sleep-inducing moves are banned
|clearpoke
|poke|p1|Garganacl, M|
|poke|p1|Dragonite, M|
|poke|p1|Great Tusk|
|poke|p1|Gholdengo|
|poke|p1|Clefable, F|
|poke|p1|Meowscarada, M|
|poke|p2|Skarmory, F|
|poke|p2|Gliscor, M|
|poke|p2|Amoonguss, F|
|poke|p2|Blissey, F|
|poke|p2|Dondozo, M|
|poke|p2|Clodsire, M|
|teampreview
|c|☆Capidaxter|hf
|
|t:|1769364555
|teamsize|p1|6
|teamsize|p2|6
|start
|switch|p1a: Meowscarada|Meowscarada, M|100/100
|switch|p2a: Gliscor|Gliscor, M|100/100
|turn|1
|
|t:|1769364565
|move|p2a: Gliscor|Protect|p2a: Gliscor
|-singleturn|p2a: Gliscor|Protect
|move|p1a: Meowscarada|Spikes|p2a: Gliscor
|-start|p1a: Meowscarada|typechange|Ground|[from] ability: Protean
|-sidestart|p2: Capidaxter|Spikes
|
|-status|p2a: Gliscor|tox|[from] item: Toxic Orb
|upkeep
|turn|2
|inactive|Capidaxter has 270 seconds left.
|
|t:|1769364596
|move|p1a: Meowscarada|Knock Off|p2a: Gliscor
|-damage|p2a: Gliscor|77/100 tox
|-enditem|p2a: Gliscor|Toxic Orb|[from] move: Knock Off|[of] p1a: Meowscarada
|move|p2a: Gliscor|Earthquake|p1a: Meowscarada
|-damage|p1a: Meowscarada|46/100
|
|-heal|p2a: Gliscor|89/100 tox|[from] ability: Poison Heal
|upkeep
|turn|3
|inactive|Capidaxter has 270 seconds left.
|
|t:|1769364615
|move|p2a: Gliscor|Protect|p2a: Gliscor
|-singleturn|p2a: Gliscor|Protect
|move|p1a: Meowscarada|Knock Off|p2a: Gliscor
|-activate|p2a: Gliscor|move: Protect
|
|-heal|p2a: Gliscor|100/100 tox|[from] ability: Poison Heal
|upkeep
|turn|4
|
|t:|1769364620
|move|p1a: Meowscarada|Triple Axel|p2a: Gliscor
|-supereffective|p2a: Gliscor
|-damage|p2a: Gliscor|80/100 tox
|-supereffective|p2a: Gliscor
|-damage|p2a: Gliscor|38/100 tox
|-supereffective|p2a: Gliscor
|-damage|p2a: Gliscor|0 fnt
|faint|p2a: Gliscor
|-hitcount|p2: Gliscor|3
|
|upkeep
|inactive|Capidaxter has 270 seconds left.
|c|☆Capidaxter|i already want to ff
|inactive|Capidaxter has 240 seconds left.
|
|t:|1769364667
|switch|p2a: Skarmory|Skarmory, F|100/100
|turn|5
|inactive|Capidaxter has 240 seconds left.
|
|t:|1769364694
|switch|p1a: Gholdengo|Gholdengo|100/100
|move|p2a: Skarmory|Spikes|p1a: Gholdengo
|-sidestart|p1: pdt|Spikes
|
|upkeep
|turn|6
|inactive|Capidaxter has 240 seconds left.
|
|t:|1769364712
|move|p1a: Gholdengo|Trick|p2a: Skarmory
|-activate|p1a: Gholdengo|move: Trick|[of] p2a: Skarmory
|-item|p2a: Skarmory|Choice Scarf|[from] move: Trick
|-item|p1a: Gholdengo|Rocky Helmet|[from] move: Trick
|move|p2a: Skarmory|Spikes|p1a: Gholdengo
|-sidestart|p1: pdt|Spikes
|
|upkeep
|turn|7
|
|t:|1769364727
|switch|p2a: Blissey|Blissey, F|100/100
|move|p1a: Gholdengo|Trick|p2a: Blissey
|-activate|p1a: Gholdengo|move: Trick|[of] p2a: Blissey
|-item|p2a: Blissey|Rocky Helmet|[from] move: Trick
|-item|p1a: Gholdengo|Heavy-Duty Boots|[from] move: Trick
|
|upkeep
|turn|8
|inactive|Capidaxter has 240 seconds left.
|
|t:|1769364741
|switch|p1a: Garganacl|Garganacl, M|100/100
|-damage|p1a: Garganacl|84/100|[from] Spikes
|move|p2a: Blissey|Stealth Rock|p1a: Garganacl
|-sidestart|p1: pdt|move: Stealth Rock
|
|-heal|p1a: Garganacl|90/100|[from] item: Leftovers
|upkeep
|turn|9
|
|t:|1769364746
|move|p2a: Blissey|Seismic Toss|p1a: Garganacl
|-damage|p1a: Garganacl|65/100
|move|p1a: Garganacl|Salt Cure|p2a: Blissey
|-damage|p2a: Blissey|86/100
|-start|p2a: Blissey|Salt Cure
|
|-heal|p1a: Garganacl|72/100|[from] item: Leftovers
|-damage|p2a: Blissey|73/100|[from] Salt Cure
|upkeep
|turn|10
|
|t:|1769364753
|switch|p2a: Amoonguss|Amoonguss, F|100/100
|move|p1a: Garganacl|Salt Cure|p2a: Amoonguss
|-damage|p2a: Amoonguss|90/100
|-start|p2a: Amoonguss|Salt Cure
|
|-heal|p1a: Garganacl|78/100|[from] item: Leftovers
|-damage|p2a: Amoonguss|77/100|[from] Salt Cure
|upkeep
|turn|11
|inactive|Capidaxter has 240 seconds left.
|c|+Akeras|GO CAPIDAXTER
|inactive|Capidaxter has 210 seconds left.
|c|☆Capidaxter|ça sert à rien de m'encourager j'ai déjà perdu
|inactive|Capidaxter has 180 seconds left.
|
|t:|1769364846
|move|p1a: Garganacl|Protect|p1a: Garganacl
|-singleturn|p1a: Garganacl|Protect
|move|p2a: Amoonguss|Grass Knot|p1a: Garganacl
|-activate|p1a: Garganacl|move: Protect
|
|-heal|p1a: Garganacl|84/100|[from] item: Leftovers
|-damage|p2a: Amoonguss|65/100|[from] Salt Cure
|upkeep
|turn|12
|inactive|Capidaxter has 150 seconds left.
|-message|Capidaxter forfeited.
|
|win|pdt
|c|☆Capidaxter|gg
|player|p2|
|c|☆pdt|gg
