|j|☆mckilly
|j|☆yiiiih
|t:|1769360060
|gametype|singles
|player|p1|mckilly|wally|1528
|player|p2|yiiiih|bellelba|1507
|gen|9
|tier|[Gen 9] OU
|rated|
|rule|HP Percentage Mod: HP is shown in percentages
|rule|Endless Battle Clause: Forcing endless battles is banned
|rule|Species Clause: Limit one of each Pokémon
|rule|OHKO Clause: OHKO moves are banned
|rule|Evasion Items Clause: Evasion items are banned
|rule|Evasion Moves Clause: Evasion moves are banned
|rule|Evasion Abilities Clause: Evasion abilities are banned
|rule|Sleep Moves Clause: Sleep-inducing moves are banned
|clearpoke
|poke|p1|Heatran, M|
|poke|p1|Pecharunt|
|poke|p1|Iron Valiant|
|poke|p1|Great Tusk|
|poke|p1|Zapdos|
|poke|p1|Weavile, M|
|poke|p2|Iron Moth|
|poke|p2|Kingambit, M|
|poke|p2|Dragonite, F|
|poke|p2|Ogerpon-Cornerstone, F|
|poke|p2|Iron Valiant|
|poke|p2|Raging Bolt|
|teampreview
|inactive|Battle timer is ON: inactive players will automatically lose when time's up. (requested by yiiiih)
|inactive|mckilly also wants the timer to be on.
|
|t:|1769360072
|teamsize|p1|6
|teamsize|p2|6
|start
|switch|p1a: Weavile|Weavile, M|100/100
|switch|p2a: Iron Valiant|Iron Valiant|100/100
|-ability|p1a: Weavile|Pressure
|-enditem|p2a: Iron Valiant|Booster Energy
|-activate|p2a: Iron Valiant|ability: Quark Drive|[fromitem]
|-start|p2a: Iron Valiant|quarkdrivespe
|turn|1
|
|t:|1769360081
|move|p1a: Weavile|Fake Out|p2a: Iron Valiant
|-damage|p2a: Iron Valiant|85/100
|cant|p2a: Iron Valiant|flinch
|
|upkeep
|turn|2
|
|t:|1769360085
|move|p2a: Iron Valiant|Close Combat|p1a: Weavile
|-supereffective|p1a: Weavile
|-enditem|p1a: Weavile|Focus Sash
|-damage|p1a: Weavile|1/100
|-unboost|p2a: Iron Valiant|def|1
|-unboost|p2a: Iron Valiant|spd|1
|move|p1a: Weavile|Ice Spinner|p2a: Iron Valiant
|-damage|p2a: Iron Valiant|13/100
|
|upkeep
|turn|3
|
|t:|1769360094
|move|p1a: Weavile|Ice Shard|p2a: Iron Valiant
|-damage|p2a: Iron Valiant|0 fnt
|faint|p2a: Iron Valiant
|-end|p2a: Iron Valiant|Quark Drive|[silent]
|
|upkeep
|
|t:|1769360097
|switch|p2a: Iron Moth|Iron Moth|100/100
|-enditem|p2a: Iron Moth|Booster Energy
|-activate|p2a: Iron Moth|ability: Quark Drive|[fromitem]
|-start|p2a: Iron Moth|quarkdrivespe
|turn|4
|
|t:|1769360105
|switch|p1a: Heatran|Heatran, M|100/100
|-item|p1a: Heatran|Air Balloon
|move|p2a: Iron Moth|Fiery Dance|p1a: Heatran
|-damage|p1a: Heatran|65/100
|-boost|p2a: Iron Moth|spa|1
|-enditem|p1a: Heatran|Air Balloon
|
|upkeep
|turn|5
|
|t:|1769360121
|move|p2a: Iron Moth|Fiery Dance|p1a: Heatran
|-damage|p1a: Heatran|12/100
|-boost|p2a: Iron Moth|spa|1
|move|p1a: Heatran|Scorching Sands|p2a: Iron Moth
|-supereffective|p2a: Iron Moth
|-damage|p2a: Iron Moth|0 fnt
|faint|p2a: Iron Moth
|-end|p2a: Iron Moth|Quark Drive|[silent]
|
|upkeep
|
|t:|1769360128
|switch|p2a: Dragonite|Dragonite, F|100/100
|turn|6
|
|t:|1769360133
|switch|p1a: Pecharunt|Pecharunt|100/100
|move|p2a: Dragonite|Dragon Dance|p2a: Dragonite
|-boost|p2a: Dragonite|atk|1
|-boost|p2a: Dragonite|spe|1
|
|upkeep
|turn|7
|
|t:|1769360139
|move|p2a: Dragonite|Earthquake|p1a: Pecharunt
|-supereffective|p1a: Pecharunt
|-damage|p1a: Pecharunt|26/100
|move|p1a: Pecharunt|Malignant Chain|p2a: Dragonite
|-damage|p2a: Dragonite|76/100
|-status|p2a: Dragonite|tox
|-start|p2a: Dragonite|confusion|[from] ability: Poison Puppeteer|[of] p1a: Pecharunt
|
|-heal|p1a: Pecharunt|32/100|[from] item: Leftovers
|-damage|p2a: Dragonite|70/100 tox|[from] psn
|upkeep
|turn|8
|
|t:|1769360151
|-activate|p2a: Dragonite|confusion
|move|p2a: Dragonite|Earthquake|p1a: Pecharunt
|-supereffective|p1a: Pecharunt
|-damage|p1a: Pecharunt|0 fnt
|faint|p1a: Pecharunt
|
|-damage|p2a: Dragonite|57/100 tox|[from] psn
|upkeep
|
|t:|1769360158
|switch|p1a: Weavile|Weavile, M|1/100
|-ability|p1a: Weavile|Pressure
|turn|9
|
|t:|1769360162
|move|p1a: Weavile|Fake Out|p2a: Dragonite
|-damage|p2a: Dragonite|43/100 tox
|cant|p2a: Dragonite|flinch
|
|-damage|p2a: Dragonite|24/100 tox|[from] psn
|upkeep
|turn|10
|
|t:|1769360175
|switch|p1a: Heatran|Heatran, M|12/100
|-activate|p2a: Dragonite|confusion
|move|p2a: Dragonite|Extreme Speed|p1a: Heatran
|-resisted|p1a: Heatran
|-damage|p1a: Heatran|0 fnt
|faint|p1a: Heatran
|
|-damage|p2a: Dragonite|0 fnt|[from] psn
|faint|p2a: Dragonite
|upkeep
|
|t:|1769360186
|switch|p2a: Ogerpon|Ogerpon-Cornerstone, F|100/100
|switch|p1a: Great Tusk|Great Tusk|100/100
|turn|11
|
|t:|1769360195
|-end|p1a: Great Tusk|Protosynthesis|[silent]
|switch|p1a: Zapdos|Zapdos|100/100
|move|p2a: Ogerpon|Power Whip|p1a: Zapdos
|-resisted|p1a: Zapdos
|-damage|p1a: Zapdos|55/100
|-status|p2a: Ogerpon|par|[from] ability: Static|[of] p1a: Zapdos
|
|upkeep
|turn|12
|
|t:|1769360205
|move|p1a: Zapdos|Roost|p1a: Zapdos
|-heal|p1a: Zapdos|100/100
|-singleturn|p1a: Zapdos|move: Roost
|move|p2a: Ogerpon|Ivy Cudgel|p1a: Zapdos|[anim] Ivy Cudgel Rock
|-damage|p1a: Zapdos|28/100
|
|upkeep
|turn|13
|
|t:|1769360212
|move|p1a: Zapdos|Air Cutter|p2a: Ogerpon
|-damage|p2a: Ogerpon|61/100 par
|move|p2a: Ogerpon|Ivy Cudgel|p1a: Zapdos|[anim] Ivy Cudgel Rock
|-supereffective|p1a: Zapdos
|-damage|p1a: Zapdos|0 fnt
|faint|p1a: Zapdos
|
|upkeep
|
|t:|1769360219
|switch|p1a: Weavile|Weavile, M|1/100
|-ability|p1a: Weavile|Pressure
|turn|14
|
|t:|1769360223
|move|p1a: Weavile|Ice Spinner|p2a: Ogerpon
|-supereffective|p2a: Ogerpon
|-damage|p2a: Ogerpon|0 fnt
|faint|p2a: Ogerpon
|
|upkeep
|
|t:|1769360226
|switch|p2a: Raging Bolt|Raging Bolt|100/100
|-enditem|p2a: Raging Bolt|Booster Energy
|-activate|p2a: Raging Bolt|ability: Protosynthesis|[fromitem]
|-start|p2a: Raging Bolt|protosynthesisspa
|turn|15
|
|t:|1769360233
|move|p1a: Weavile|Ice Shard|p2a: Raging Bolt
|-supereffective|p2a: Raging Bolt
|-damage|p2a: Raging Bolt|64/100
|move|p2a: Raging Bolt|Dragon Pulse|p1a: Weavile
|-damage|p1a: Weavile|0 fnt
|faint|p1a: Weavile
|
|upkeep
|
|t:|1769360239
|switch|p1a: Iron Valiant|Iron Valiant|100/100
|-enditem|p1a: Iron Valiant|Booster Energy
|-activate|p1a: Iron Valiant|ability: Quark Drive|[fromitem]
|-start|p1a: Iron Valiant|quarkdrivespe
|turn|16
|
|t:|1769360244
|move|p2a: Raging Bolt|Thunderclap|p1a: Iron Valiant
|-damage|p1a: Iron Valiant|3/100
|move|p1a: Iron Valiant|Moonblast|p2a: Raging Bolt
|-supereffective|p2a: Raging Bolt
|-damage|p2a: Raging Bolt|0 fnt
|faint|p2a: Raging Bolt
|-end|p2a: Raging Bolt|Protosynthesis|[silent]
|
|upkeep
|
|t:|1769360249
|switch|p2a: Kingambit|Kingambit, M|100/100
|-activate|p2a: Kingambit|ability: Supreme Overlord
|-start|p2a: Kingambit|fallen5|[silent]
|turn|17
|
|t:|1769360255
|move|p1a: Iron Valiant|Calm Mind|p1a: Iron Valiant
|-boost|p1a: Iron Valiant|spa|1
|-boost|p1a: Iron Valiant|spd|1
|move|p2a: Kingambit|Kowtow Cleave|p1a: Iron Valiant
|-resisted|p1a: Iron Valiant
|-damage|p1a: Iron Valiant|0 fnt
|faint|p1a: Iron Valiant
|-end|p1a: Iron Valiant|Quark Drive|[silent]
|
|upkeep
|
|t:|1769360262
|switch|p1a: Great Tusk|Great Tusk|100/100
|turn|18
|
|t:|1769360268
|-terastallize|p1a: Great Tusk|Ground
|-terastallize|p2a: Kingambit|Ghost
|move|p1a: Great Tusk|Close Combat|p2a: Kingambit
|-immune|p2a: Kingambit
|move|p2a: Kingambit|Iron Head|p1a: Great Tusk
|-damage|p1a: Great Tusk|51/100
|
|-heal|p1a: Great Tusk|57/100|[from] item: Leftovers
|upkeep
|turn|19
|
|t:|1769360279
|move|p2a: Kingambit|Sucker Punch|p1a: Great Tusk
|-damage|p1a: Great Tusk|10/100
|move|p1a: Great Tusk|Headlong Rush|p2a: Kingambit
|-damage|p2a: Kingambit|24/100
|-unboost|p1a: Great Tusk|def|1
|-unboost|p1a: Great Tusk|spd|1
|
|-heal|p1a: Great Tusk|16/100|[from] item: Leftovers
|upkeep
|turn|20
|
|t:|1769360288
|move|p2a: Kingambit|Sucker Punch||[still]
|-fail|p2a: Kingambit
|move|p1a: Great Tusk|Stealth Rock|p2a: Kingambit
|-sidestart|p2: yiiiih|move: Stealth Rock
|
|-heal|p1a: Great Tusk|22/100|[from] item: Leftovers
|upkeep
|turn|21
|
|t:|1769360296
|move|p2a: Kingambit|Sucker Punch||[still]
|-fail|p2a: Kingambit
|move|p1a: Great Tusk|Stealth Rock||[still]
|-fail|p1a: Great Tusk
|
|-heal|p1a: Great Tusk|28/100|[from] item: Leftovers
|upkeep
|turn|22
|
|t:|1769360312
|move|p2a: Kingambit|Sucker Punch|p1a: Great Tusk
|-damage|p1a: Great Tusk|0 fnt
|faint|p1a: Great Tusk
|-end|p1a: Great Tusk|Protosynthesis|[silent]
|
|win|yiiiih
|raw|mckilly's rating: 1528 &rarr; <strong>1507</strong><br />(-21 for losing)
|raw|yiiiih's rating: 1507 &rarr; <strong>1528</strong><br />(+21 for winning)
