|j|☆toxel.png
|j|☆dblockgoat
|t:|1769367053
|gametype|singles
|player|p1|toxel.png|roxie|1402
|player|p2|dblockgoat|zinzolin|1357
|gen|9
|tier|[Gen 9] OU
|rated|
|rule|HP Percentage Mod: HP is shown in percentages
|rule|Endless Battle Clause: Forcing endless battles is banned
|rule|Species Clause: Limit one of each Pokémon
|rule|OHKO Clause: OHKO moves are banned
|rule|Evasion Items Clause: Evasion items are banned
|rule|Evasion Moves Clause: Evasion moves are banned
|rule|Evasion Abilities Clause: Evasion abilities are banned
|rule|Sleep Moves Clause: Sleep-inducing moves are banned
|clearpoke
|poke|p1|Grimmsnarl, M|
|poke|p1|Toxtricity, M|
|poke|p1|Dragonite, M|
|poke|p1|Incineroar, M|
|poke|p1|Weavile, M|
|poke|p1|Corviknight, F|
|poke|p2|Samurott-Hisui, M|
|poke|p2|Gholdengo|
|poke|p2|Dragonite, M|
|poke|p2|Iron Valiant|
|poke|p2|Kingambit, F|
|poke|p2|Iron Moth|
|teampreview
|inactive|Battle timer is ON: inactive players will automatically lose when time's up. (requested by dblockgoat)
|
|t:|1769367076
|teamsize|p1|6
|teamsize|p2|6
|start
|switch|p1a: ♪ Chop Suey!|Grimmsnarl, M|100/100
|switch|p2a: Iron Moth|Iron Moth|100/100
|-enditem|p2a: Iron Moth|Booster Energy
|-activate|p2a: Iron Moth|ability: Quark Drive|[fromitem]
|-start|p2a: Iron Moth|quarkdrivespa
|turn|1
|
|t:|1769367080
|move|p1a: ♪ Chop Suey!|Parting Shot|p2a: Iron Moth
|-unboost|p2a: Iron Moth|atk|1
|-unboost|p2a: Iron Moth|spa|1
|
|t:|1769367082
|switch|p1a: ♪ One Beer|Incineroar, M|100/100|[from] Parting Shot
|-ability|p1a: ♪ One Beer|Intimidate|boost
|-unboost|p2a: Iron Moth|atk|1
|move|p2a: Iron Moth|Fiery Dance|p1a: ♪ One Beer
|-resisted|p1a: ♪ One Beer
|-damage|p1a: ♪ One Beer|88/100
|
|upkeep
|turn|2
|
|t:|1769367086
|move|p2a: Iron Moth|Sludge Wave|p1a: ♪ One Beer
|-damage|p1a: ♪ One Beer|57/100
|move|p1a: ♪ One Beer|Knock Off|p2a: Iron Moth
|-damage|p2a: Iron Moth|60/100
|
|upkeep
|turn|3
|
|t:|1769367092
|move|p2a: Iron Moth|Fiery Dance|p1a: ♪ One Beer
|-resisted|p1a: ♪ One Beer
|-damage|p1a: ♪ One Beer|45/100
|move|p1a: ♪ One Beer|Parting Shot|p2a: Iron Moth
|-unboost|p2a: Iron Moth|atk|1
|-unboost|p2a: Iron Moth|spa|1
|
|t:|1769367095
|switch|p1a: ♪ Stricken|Toxtricity, M|100/100|[from] Parting Shot
|
|upkeep
|turn|4
|
|t:|1769367104
|move|p2a: Iron Moth|Fiery Dance|p1a: ♪ Stricken
|-damage|p1a: ♪ Stricken|52/100
|move|p1a: ♪ Stricken|Volt Switch|p2a: Iron Moth
|-damage|p2a: Iron Moth|2/100
|
|t:|1769367108
|switch|p1a: ♪ Chop Suey!|Grimmsnarl, M|100/100|[from] Volt Switch
|
|upkeep
|turn|5
|
|t:|1769367111
|move|p1a: ♪ Chop Suey!|Sucker Punch|p2a: Iron Moth
|-damage|p2a: Iron Moth|0 fnt
|faint|p2a: Iron Moth
|-end|p2a: Iron Moth|Quark Drive|[silent]
|
|upkeep
|
|t:|1769367115
|switch|p2a: Gholdengo|Gholdengo|100/100
|turn|6
|
|t:|1769367121
|switch|p1a: ♪ Still Shinin’|Corviknight, F|100/100
|-ability|p1a: ♪ Still Shinin’|Pressure
|move|p2a: Gholdengo|Trick|p1a: ♪ Still Shinin’
|-activate|p2a: Gholdengo|move: Trick|[of] p1a: ♪ Still Shinin’
|-item|p1a: ♪ Still Shinin’|Choice Scarf|[from] move: Trick
|-item|p2a: Gholdengo|Rocky Helmet|[from] move: Trick
|
|upkeep
|turn|7
|
|t:|1769367124
|switch|p2a: Samurott|Samurott-Hisui, M|100/100
|move|p1a: ♪ Still Shinin’|U-turn|p2a: Samurott
|-supereffective|p2a: Samurott
|-damage|p2a: Samurott|61/100
|
|t:|1769367127
|switch|p1a: ♪ King Von|Weavile, M|100/100|[from] U-turn
|-ability|p1a: ♪ King Von|Pressure
|
|upkeep
|turn|8
|
|t:|1769367130
|move|p2a: Samurott|Aqua Jet|p1a: ♪ King Von
|-damage|p1a: ♪ King Von|68/100
|move|p1a: ♪ King Von|Low Kick|p2a: Samurott
|-supereffective|p2a: Samurott
|-damage|p2a: Samurott|0 fnt
|faint|p2a: Samurott
|
|upkeep
|
|t:|1769367134
|switch|p2a: Iron Valiant|Iron Valiant|100/100
|-enditem|p2a: Iron Valiant|Booster Energy
|-activate|p2a: Iron Valiant|ability: Quark Drive|[fromitem]
|-start|p2a: Iron Valiant|quarkdrivespe
|turn|9
|
|t:|1769367139
|switch|p1a: ♪ Still Shinin’|Corviknight, F|100/100
|-ability|p1a: ♪ Still Shinin’|Pressure
|move|p2a: Iron Valiant|Calm Mind|p2a: Iron Valiant
|-boost|p2a: Iron Valiant|spa|1
|-boost|p2a: Iron Valiant|spd|1
|
|upkeep
|turn|10
|
|t:|1769367142
|move|p2a: Iron Valiant|Thunderbolt|p1a: ♪ Still Shinin’
|-supereffective|p1a: ♪ Still Shinin’
|-damage|p1a: ♪ Still Shinin’|9/100
|move|p1a: ♪ Still Shinin’|U-turn|p2a: Iron Valiant
|-resisted|p2a: Iron Valiant
|-damage|p2a: Iron Valiant|96/100
|
|t:|1769367147
|switch|p1a: ♪ Chop Suey!|Grimmsnarl, M|100/100|[from] U-turn
|
|upkeep
|turn|11
|
|t:|1769367149
|move|p1a: ♪ Chop Suey!|Thunder Wave|p2a: Iron Valiant
|-status|p2a: Iron Valiant|par
|cant|p2a: Iron Valiant|par
|
|upkeep
|turn|12
|
|t:|1769367152
|move|p2a: Iron Valiant|Moonblast|p1a: ♪ Chop Suey!
|-supereffective|p1a: ♪ Chop Suey!
|-damage|p1a: ♪ Chop Suey!|0 fnt
|faint|p1a: ♪ Chop Suey!
|
|upkeep
|
|t:|1769367166
|switch|p1a: ♪ King Von|Weavile, M|68/100
|-ability|p1a: ♪ King Von|Pressure
|turn|13
|
|t:|1769367168
|move|p1a: ♪ King Von|Triple Axel|p2a: Iron Valiant|[miss]
|-miss|p1a: ♪ King Von|p2a: Iron Valiant
|move|p2a: Iron Valiant|Moonblast|p1a: ♪ King Von
|-supereffective|p1a: ♪ King Von
|-damage|p1a: ♪ King Von|0 fnt
|faint|p1a: ♪ King Von
|
|upkeep
|
|t:|1769367175
|switch|p1a: ♪ Aeriels|Dragonite, M|100/100
|turn|14
|
|t:|1769367181
|-terastallize|p1a: ♪ Aeriels|Flying
|move|p2a: Iron Valiant|Moonblast|p1a: ♪ Aeriels
|-damage|p1a: ♪ Aeriels|62/100
|move|p1a: ♪ Aeriels|Dragon Dance|p1a: ♪ Aeriels
|-boost|p1a: ♪ Aeriels|atk|1
|-boost|p1a: ♪ Aeriels|spe|1
|
|upkeep
|turn|15
|
|t:|1769367185
|move|p1a: ♪ Aeriels|Roost|p1a: ♪ Aeriels
|-heal|p1a: ♪ Aeriels|100/100
|-hint|If a Terastallized Pokemon uses Roost, it remains Flying-type.
|cant|p2a: Iron Valiant|par
|
|upkeep
|turn|16
|
|t:|1769367189
|move|p1a: ♪ Aeriels|Dragon Dance|p1a: ♪ Aeriels
|-boost|p1a: ♪ Aeriels|atk|1
|-boost|p1a: ♪ Aeriels|spe|1
|move|p2a: Iron Valiant|Moonblast|p1a: ♪ Aeriels
|-damage|p1a: ♪ Aeriels|65/100
|
|upkeep
|turn|17
|
|t:|1769367193
|-end|p2a: Iron Valiant|Quark Drive|[silent]
|switch|p2a: Gholdengo|Gholdengo|100/100
|move|p1a: ♪ Aeriels|Roost|p1a: ♪ Aeriels
|-heal|p1a: ♪ Aeriels|100/100
|-hint|If a Terastallized Pokemon uses Roost, it remains Flying-type.
|
|upkeep
|turn|18
|
|t:|1769367196
|move|p1a: ♪ Aeriels|Earthquake|p2a: Gholdengo
|-supereffective|p2a: Gholdengo
|-damage|p2a: Gholdengo|0 fnt
|faint|p2a: Gholdengo
|
|upkeep
|
|t:|1769367202
|switch|p2a: Kingambit|Kingambit, F|100/100
|-activate|p2a: Kingambit|ability: Supreme Overlord
|-start|p2a: Kingambit|fallen3|[silent]
|turn|19
|
|t:|1769367206
|-terastallize|p2a: Kingambit|Dark
|move|p2a: Kingambit|Sucker Punch|p1a: ♪ Aeriels
|-damage|p1a: ♪ Aeriels|57/100
|move|p1a: ♪ Aeriels|Earthquake|p2a: Kingambit
|-damage|p2a: Kingambit|42/100
|
|upkeep
|turn|20
|
|t:|1769367211
|move|p1a: ♪ Aeriels|Roost|p1a: ♪ Aeriels
|-heal|p1a: ♪ Aeriels|100/100
|-hint|If a Terastallized Pokemon uses Roost, it remains Flying-type.
|move|p2a: Kingambit|Kowtow Cleave|p1a: ♪ Aeriels
|-damage|p1a: ♪ Aeriels|48/100
|
|upkeep
|turn|21
|
|t:|1769367216
|move|p2a: Kingambit|Sucker Punch||[still]
|-fail|p2a: Kingambit
|move|p1a: ♪ Aeriels|Roost|p1a: ♪ Aeriels
|-heal|p1a: ♪ Aeriels|98/100
|-hint|If a Terastallized Pokemon uses Roost, it remains Flying-type.
|
|upkeep
|turn|22
|
|t:|1769367218
|move|p1a: ♪ Aeriels|Tera Blast|p2a: Kingambit|[anim] Tera Blast Flying
|-damage|p2a: Kingambit|0 fnt
|faint|p2a: Kingambit
|-end|p2a: Kingambit|fallen3|[silent]
|
|upkeep
|-message|dblockgoat forfeited.
|
|win|toxel.png
|raw|toxel.png's rating: 1402 &rarr; <strong>1418</strong><br />(+16 for winning)
|raw|dblockgoat's rating: 1338 &rarr; <strong>1322</strong><br />(-16 for losing)
|l|☆dblockgoat
|player|p2|
|l|☆toxel.png
|player|p1|
