|j|☆Chigusa_24zono
|j|☆kookabura7
|t:|1769346245
|gametype|singles
|player|p1|Chigusa_24zono|lass|1549
|player|p2|kookabura7|hilbert|1510
|gen|9
|tier|[Gen 9] OU
|rated|
|rule|HP Percentage Mod: HP is shown in percentages
|rule|Endless Battle Clause: Forcing endless battles is banned
|rule|Species Clause: Limit one of each Pokémon
|rule|OHKO Clause: OHKO moves are banned
|rule|Evasion Items Clause: Evasion items are banned
|rule|Evasion Moves Clause: Evasion moves are banned
|rule|Evasion Abilities Clause: Evasion abilities are banned
|rule|Sleep Moves Clause: Sleep-inducing moves are banned
|clearpoke
|poke|p1|Iron Jugulis|
|poke|p1|Sandy Shocks|
|poke|p1|Manaphy|
|poke|p1|Latios, M|
|poke|p1|Scizor, F|
|poke|p1|Ogerpon, F|
|poke|p2|Gliscor, F|
|poke|p2|Dragapult, F|
|poke|p2|Suicune|
|poke|p2|Iron Valiant|
|poke|p2|Heatran, F|
|poke|p2|Corviknight, M|
|teampreview
|inactive|Battle timer is ON: inactive players will automatically lose when time's up. (requested by Chigusa_24zono)
|
|t:|1769346250
|teamsize|p1|6
|teamsize|p2|6
|start
|switch|p1a: Sandy Shocks|Sandy Shocks, shiny|100/100
|switch|p2a: Heatran|Heatran, F|100/100
|-enditem|p1a: Sandy Shocks|Booster Energy
|-activate|p1a: Sandy Shocks|ability: Protosynthesis|[fromitem]
|-start|p1a: Sandy Shocks|protosynthesisspe
|turn|1
|
|t:|1769346255
|switch|p2a: Gliscor|Gliscor, F|100/100
|move|p1a: Sandy Shocks|Stealth Rock|p2a: Gliscor
|-sidestart|p2: kookabura7|move: Stealth Rock
|
|-status|p2a: Gliscor|tox|[from] item: Toxic Orb
|upkeep
|turn|2
|
|t:|1769346258
|move|p1a: Sandy Shocks|Spikes|p2a: Gliscor
|-sidestart|p2: kookabura7|Spikes
|move|p2a: Gliscor|Earthquake|p1a: Sandy Shocks
|-supereffective|p1a: Sandy Shocks
|-damage|p1a: Sandy Shocks|33/100
|
|upkeep
|turn|3
|
|t:|1769346262
|move|p1a: Sandy Shocks|Spikes|p2a: Gliscor
|-sidestart|p2: kookabura7|Spikes
|move|p2a: Gliscor|Earthquake|p1a: Sandy Shocks
|-supereffective|p1a: Sandy Shocks
|-damage|p1a: Sandy Shocks|0 fnt
|faint|p1a: Sandy Shocks
|-end|p1a: Sandy Shocks|Protosynthesis|[silent]
|
|upkeep
|
|t:|1769346269
|switch|p1a: Ogerpon|Ogerpon, F|100/100
|turn|4
|
|t:|1769346279
|switch|p1a: Scizor|Scizor, F, shiny|100/100
|move|p2a: Gliscor|Toxic|p1a: Scizor
|-immune|p1a: Scizor
|
|upkeep
|turn|5
|
|t:|1769346283
|move|p2a: Gliscor|Knock Off|p1a: Scizor
|-damage|p1a: Scizor|77/100
|-enditem|p1a: Scizor|Sitrus Berry|[from] move: Knock Off|[of] p2a: Gliscor
|move|p1a: Scizor|Swords Dance|p1a: Scizor
|-boost|p1a: Scizor|atk|2
|
|upkeep
|turn|6
|
|t:|1769346290
|switch|p2a: Corviknight|Corviknight, M|100/100
|-damage|p2a: Corviknight|88/100|[from] Stealth Rock
|-ability|p2a: Corviknight|Pressure
|move|p1a: Scizor|Knock Off|p2a: Corviknight
|-damage|p2a: Corviknight|43/100
|-damage|p1a: Scizor|61/100|[from] item: Rocky Helmet|[of] p2a: Corviknight
|-enditem|p2a: Corviknight|Rocky Helmet|[from] move: Knock Off|[of] p1a: Scizor
|
|upkeep
|turn|7
|
|t:|1769346294
|switch|p1a: Ogerpon|Ogerpon, F|100/100
|move|p2a: Corviknight|Roost|p2a: Corviknight
|-heal|p2a: Corviknight|93/100
|-singleturn|p2a: Corviknight|move: Roost
|
|upkeep
|turn|8
|
|t:|1769346297
|move|p1a: Ogerpon|Encore|p2a: Corviknight
|-start|p2a: Corviknight|Encore
|move|p2a: Corviknight|Roost|p2a: Corviknight
|-heal|p2a: Corviknight|100/100
|-singleturn|p2a: Corviknight|move: Roost
|
|upkeep
|turn|9
|
|t:|1769346300
|switch|p2a: Gliscor|Gliscor, F|100/100 tox
|-damage|p2a: Gliscor|88/100 tox|[from] Stealth Rock
|move|p1a: Ogerpon|Swords Dance|p1a: Ogerpon
|-boost|p1a: Ogerpon|atk|2
|
|-heal|p2a: Gliscor|100/100 tox|[from] ability: Poison Heal
|upkeep
|turn|10
|
|t:|1769346304
|-terastallize|p1a: Ogerpon|Grass
|detailschange|p1a: Ogerpon|Ogerpon-Teal-Tera, F, tera:Grass
|-ability|p1a: Ogerpon|Embody Aspect (Teal)|boost
|-boost|p1a: Ogerpon|spe|1
|move|p1a: Ogerpon|Ivy Cudgel|p2a: Gliscor
|-damage|p2a: Gliscor|0 fnt
|faint|p2a: Gliscor
|-damage|p1a: Ogerpon|91/100|[from] item: Life Orb
|
|upkeep
|
|t:|1769346312
|switch|p2a: Heatran|Heatran, F|100/100
|-damage|p2a: Heatran|88/100|[from] Stealth Rock
|-damage|p2a: Heatran|71/100|[from] Spikes
|turn|11
|
|t:|1769346323
|move|p1a: Ogerpon|Rock Tomb|p2a: Heatran
|-damage|p2a: Heatran|27/100
|-unboost|p2a: Heatran|spe|1
|-damage|p1a: Ogerpon|81/100|[from] item: Life Orb
|move|p2a: Heatran|Lava Plume|p1a: Ogerpon
|-supereffective|p1a: Ogerpon
|-crit|p1a: Ogerpon
|-damage|p1a: Ogerpon|0 fnt
|faint|p1a: Ogerpon
|detailschange|p1: Ogerpon|Ogerpon, F|[silent]
|
|-heal|p2a: Heatran|33/100|[from] item: Leftovers
|upkeep
|
|t:|1769346332
|switch|p1a: Iron Jugulis|Iron Jugulis, shiny|100/100
|-enditem|p1a: Iron Jugulis|Booster Energy
|-activate|p1a: Iron Jugulis|ability: Quark Drive|[fromitem]
|-start|p1a: Iron Jugulis|quarkdrivespe
|turn|12
|
|t:|1769346337
|switch|p2a: Corviknight|Corviknight, M|100/100
|-damage|p2a: Corviknight|88/100|[from] Stealth Rock
|-ability|p2a: Corviknight|Pressure
|move|p1a: Iron Jugulis|Earth Power|p2a: Corviknight
|-immune|p2a: Corviknight
|
|upkeep
|turn|13
|
|t:|1769346340
|move|p1a: Iron Jugulis|Taunt|p2a: Corviknight
|-start|p2a: Corviknight|move: Taunt
|cant|p2a: Corviknight|move: Taunt|Defog
|
|upkeep
|turn|14
|
|t:|1769346343
|move|p1a: Iron Jugulis|Dark Pulse|p2a: Corviknight
|-damage|p2a: Corviknight|51/100
|move|p2a: Corviknight|U-turn|p1a: Iron Jugulis
|-damage|p1a: Iron Jugulis|84/100
|
|t:|1769346354
|switch|p2a: Suicune|Suicune|100/100|[from] U-turn
|-damage|p2a: Suicune|88/100|[from] Stealth Rock
|-damage|p2a: Suicune|72/100|[from] Spikes
|-ability|p2a: Suicune|Pressure
|
|-heal|p2a: Suicune|78/100|[from] item: Leftovers
|upkeep
|turn|15
|
|t:|1769346359
|move|p1a: Iron Jugulis|Taunt|p2a: Suicune
|-start|p2a: Suicune|move: Taunt
|cant|p2a: Suicune|move: Taunt|Calm Mind
|
|-heal|p2a: Suicune|84/100|[from] item: Leftovers
|upkeep
|turn|16
|
|t:|1769346363
|move|p1a: Iron Jugulis|Dark Pulse|p2a: Suicune
|-damage|p2a: Suicune|52/100
|move|p2a: Suicune|Ice Beam|p1a: Iron Jugulis
|-supereffective|p1a: Iron Jugulis
|-damage|p1a: Iron Jugulis|29/100
|
|-heal|p2a: Suicune|58/100|[from] item: Leftovers
|upkeep
|turn|17
|
|t:|1769346369
|move|p1a: Iron Jugulis|Dark Pulse|p2a: Suicune
|-damage|p2a: Suicune|27/100
|move|p2a: Suicune|Scald|p1a: Iron Jugulis
|-damage|p1a: Iron Jugulis|0 fnt
|faint|p1a: Iron Jugulis
|-end|p1a: Iron Jugulis|Quark Drive|[silent]
|
|-heal|p2a: Suicune|33/100|[from] item: Leftovers
|-end|p2a: Suicune|move: Taunt
|upkeep
|
|t:|1769346372
|switch|p1a: Latios|Latios, M, shiny|100/100
|turn|18
|
|t:|1769346374
|move|p1a: Latios|Agility|p1a: Latios
|-boost|p1a: Latios|spe|2
|move|p2a: Suicune|Ice Beam|p1a: Latios
|-supereffective|p1a: Latios
|-damage|p1a: Latios|64/100
|-enditem|p1a: Latios|Weakness Policy
|-boost|p1a: Latios|atk|2|[from] item: Weakness Policy
|-boost|p1a: Latios|spa|2|[from] item: Weakness Policy
|
|-heal|p2a: Suicune|39/100|[from] item: Leftovers
|upkeep
|turn|19
|
|t:|1769346380
|move|p1a: Latios|Stored Power|p2a: Suicune
|-damage|p2a: Suicune|0 fnt
|faint|p2a: Suicune
|
|upkeep
|
|t:|1769346385
|switch|p2a: Iron Valiant|Iron Valiant|100/100
|-damage|p2a: Iron Valiant|94/100|[from] Stealth Rock
|-damage|p2a: Iron Valiant|78/100|[from] Spikes
|-enditem|p2a: Iron Valiant|Booster Energy
|-activate|p2a: Iron Valiant|ability: Quark Drive|[fromitem]
|-start|p2a: Iron Valiant|quarkdrivespe
|turn|20
|
|t:|1769346387
|move|p1a: Latios|Stored Power|p2a: Iron Valiant
|-supereffective|p2a: Iron Valiant
|-damage|p2a: Iron Valiant|0 fnt
|faint|p2a: Iron Valiant
|-end|p2a: Iron Valiant|Quark Drive|[silent]
|
|upkeep
|
|t:|1769346390
|switch|p2a: Dragapult|Dragapult, F|100/100
|-damage|p2a: Dragapult|88/100|[from] Stealth Rock
|-damage|p2a: Dragapult|72/100|[from] Spikes
|turn|21
|
|t:|1769346392
|move|p1a: Latios|Stored Power|p2a: Dragapult
|-damage|p2a: Dragapult|0 fnt
|faint|p2a: Dragapult
|
|upkeep
|c|☆kookabura7|gg
|
|t:|1769346400
|switch|p2a: Heatran|Heatran, F|33/100
|-damage|p2a: Heatran|20/100|[from] Stealth Rock
|-damage|p2a: Heatran|4/100|[from] Spikes
|turn|22
|
|t:|1769346404
|move|p1a: Latios|Stored Power|p2a: Heatran
|-resisted|p2a: Heatran
|-damage|p2a: Heatran|0 fnt
|faint|p2a: Heatran
|
|upkeep
|
|t:|1769346406
|switch|p2a: Corviknight|Corviknight, M|51/100
|-damage|p2a: Corviknight|38/100|[from] Stealth Rock
|-ability|p2a: Corviknight|Pressure
|turn|23
|
|t:|1769346407
|move|p1a: Latios|Aura Sphere|p2a: Corviknight
|-damage|p2a: Corviknight|0 fnt
|faint|p2a: Corviknight
|
|win|Chigusa_24zono
|raw|Chigusa_24zono's rating: 1549 &rarr; <strong>1567</strong><br />(+18 for winning)
|raw|kookabura7's rating: 1510 &rarr; <strong>1492</strong><br />(-18 for losing)
|l|☆kookabura7
|player|p2|
|l|☆Chigusa_24zono
|player|p1|
