|inactive|Battle timer is ON: inactive players will automatically lose when time's up.
|t:|1769351173
|gametype|singles
|player|p1|Timothee shelmet|1|
|player|p2|Macaco Socialista|ogreclan|
|gen|9
|tier|[Gen 9] OU
|rule|HP Percentage Mod: HP is shown in percentages
|rule|Endless Battle Clause: Forcing endless battles is banned
|rule|Species Clause: Limit one of each Pokémon
|rule|OHKO Clause: OHKO moves are banned
|rule|Evasion Items Clause: Evasion items are banned
|rule|Evasion Moves Clause: Evasion moves are banned
|rule|Evasion Abilities Clause: Evasion abilities are banned
|rule|Sleep Moves Clause: Sleep-inducing moves are banned
|clearpoke
|poke|p1|Hatterene, F|
|poke|p1|Dragonite, F|
|poke|p1|Great Tusk|
|poke|p1|Iron Crown|
|poke|p1|Landorus-Therian, M|
|poke|p1|Dragapult, F|
|poke|p2|Deoxys-Speed|
|poke|p2|Ceruledge, M|
|poke|p2|Zamazenta-*|
|poke|p2|Ogerpon-Wellspring, F|
|poke|p2|Glimmora, F|
|poke|p2|Moltres-Galar|
|teampreview
|inactive|Macaco Socialista also wants the timer to be on.
|c|☆Timothee shelmet|Hf
|c|☆Macaco Socialista|u2 
|inactive|Macaco Socialista has 270 seconds left.
|c|+sulfura152|Go my monkey !
|
|t:|1769351212
|teamsize|p1|6
|teamsize|p2|6
|start
|switch|p1a: Dragapult|Dragapult, F|100/100
|switch|p2a: Deoxys|Deoxys-Speed|100/100
|-ability|p2a: Deoxys|Pressure
|turn|1
|
|t:|1769351234
|move|p2a: Deoxys|Light Screen|p2a: Deoxys
|-sidestart|p2: Macaco Socialista|move: Light Screen
|move|p1a: Dragapult|Dragon Darts|p2a: Deoxys
|-damage|p2a: Deoxys|53/100
|-anim|p1a: Dragapult|Dragon Darts|p2a: Deoxys
|-damage|p2a: Deoxys|9/100
|
|upkeep
|turn|2
|inactive|Timothee shelmet has 270 seconds left.
|
|t:|1769351270
|switch|p1a: Iron Crown|Iron Crown|100/100
|move|p2a: Deoxys|Psycho Boost|p1a: Iron Crown|[miss]
|-miss|p2a: Deoxys|p1a: Iron Crown
|
|upkeep
|turn|3
|
|t:|1769351277
|move|p2a: Deoxys|Reflect|p2a: Deoxys
|-sidestart|p2: Macaco Socialista|Reflect
|move|p1a: Iron Crown|Volt Switch|p2a: Deoxys
|-damage|p2a: Deoxys|0 fnt
|faint|p2a: Deoxys
|
|t:|1769351291
|-end|p1a: Iron Crown|Quark Drive|[silent]
|switch|p1a: Landorus|Landorus-Therian, M|100/100|[from] Volt Switch
|
|upkeep
|
|t:|1769351305
|switch|p2a: Ogerpon|Ogerpon-Wellspring, F|100/100
|turn|4
|inactive|Timothee shelmet has 270 seconds left.
|
|t:|1769351322
|move|p2a: Ogerpon|Ivy Cudgel|p1a: Landorus|[anim] Ivy Cudgel Water
|-supereffective|p1a: Landorus
|-damage|p1a: Landorus|0 fnt
|faint|p1a: Landorus
|
|upkeep
|c|☆Timothee shelmet|Not my brightest moment
|inactive|Timothee shelmet has 240 seconds left.
|
|t:|1769351347
|switch|p1a: Dragapult|Dragapult, F|100/100
|turn|5
|
|t:|1769351363
|move|p1a: Dragapult|U-turn|p2a: Ogerpon
|-supereffective|p2a: Ogerpon
|-damage|p2a: Ogerpon|52/100
|
|t:|1769351368
|switch|p1a: Iron Crown|Iron Crown|100/100|[from] U-turn
|move|p2a: Ogerpon|Play Rough|p1a: Iron Crown
|-resisted|p1a: Iron Crown
|-damage|p1a: Iron Crown|78/100
|
|upkeep
|turn|6
|inactive|Timothee shelmet has 240 seconds left.
|
|t:|1769351394
|move|p1a: Iron Crown|Volt Switch|p2a: Ogerpon
|-damage|p2a: Ogerpon|31/100
|
|t:|1769351398
|-end|p1a: Iron Crown|Quark Drive|[silent]
|switch|p1a: Dragonite|Dragonite, F|100/100|[from] Volt Switch
|move|p2a: Ogerpon|Ivy Cudgel|p1a: Dragonite|[anim] Ivy Cudgel Water
|-resisted|p1a: Dragonite
|-damage|p1a: Dragonite|85/100
|
|upkeep
|turn|7
|c|☆Macaco Socialista|I don't play server games or anything like that
|
|t:|1769351407
|switch|p1a: Iron Crown|Iron Crown|78/100
|move|p2a: Ogerpon|Play Rough|p1a: Iron Crown
|-resisted|p1a: Iron Crown
|-damage|p1a: Iron Crown|57/100
|-unboost|p1a: Iron Crown|atk|1
|
|upkeep
|turn|8
|
|t:|1769351415
|move|p1a: Iron Crown|Psyshock|p2a: Ogerpon
|-damage|p2a: Ogerpon|0 fnt
|faint|p2a: Ogerpon
|
|-sideend|p2: Macaco Socialista|move: Light Screen
|upkeep
|
|t:|1769351430
|switch|p2a: Glimmora|Glimmora, F|100/100
|turn|9
|
|t:|1769351438
|move|p1a: Iron Crown|Psyshock|p2a: Glimmora
|-supereffective|p2a: Glimmora
|-damage|p2a: Glimmora|0 fnt
|faint|p2a: Glimmora
|
|upkeep
|inactive|Macaco Socialista has 270 seconds left.
|
|t:|1769351473
|switch|p2a: Ceruledge|Ceruledge, M|100/100
|turn|10
|
|t:|1769351477
|move|p2a: Ceruledge|Shadow Sneak|p1a: Iron Crown
|-supereffective|p1a: Iron Crown
|-damage|p1a: Iron Crown|0 fnt
|faint|p1a: Iron Crown
|-end|p1a: Iron Crown|Quark Drive|[silent]
|-damage|p2a: Ceruledge|91/100|[from] item: Life Orb
|
|-sideend|p2: Macaco Socialista|Reflect
|upkeep
|
|t:|1769351491
|switch|p1a: Great Tusk|Great Tusk|100/100
|turn|11
|
|t:|1769351500
|switch|p2a: Moltres|Moltres-Galar|100/100
|move|p1a: Great Tusk|Headlong Rush|p2a: Moltres
|-immune|p2a: Moltres
|
|upkeep
|turn|12
|inactive|Timothee shelmet has 270 seconds left.
|
|t:|1769351531
|-end|p1a: Great Tusk|Protosynthesis|[silent]
|switch|p1a: Hatterene|Hatterene, F|100/100
|move|p2a: Moltres|Agility|p2a: Moltres
|-boost|p2a: Moltres|spe|2
|
|upkeep
|turn|13
|
|t:|1769351546
|move|p2a: Moltres|Fiery Wrath|p1a: Hatterene
|-damage|p1a: Hatterene|72/100
|move|p1a: Hatterene|Nuzzle|p2a: Moltres
|-supereffective|p2a: Moltres
|-damage|p2a: Moltres|93/100
|-status|p2a: Moltres|par
|
|upkeep
|turn|14
|
|t:|1769351553
|cant|p2a: Moltres|par
|move|p1a: Hatterene|Draining Kiss|p2a: Moltres
|-supereffective|p2a: Moltres
|-damage|p2a: Moltres|50/100 par
|-heal|p1a: Hatterene|100/100|[from] drain|[of] p2a: Moltres
|-ability|p2a: Moltres|Berserk|boost
|-boost|p2a: Moltres|spa|1
|-enditem|p2a: Moltres|Sitrus Berry|[eat]
|-heal|p2a: Moltres|75/100 par|[from] item: Sitrus Berry
|
|upkeep
|turn|15
|
|t:|1769351559
|move|p2a: Moltres|Fiery Wrath|p1a: Hatterene
|-damage|p1a: Hatterene|55/100
|move|p1a: Hatterene|Draining Kiss|p2a: Moltres
|-supereffective|p2a: Moltres
|-damage|p2a: Moltres|26/100 par
|-heal|p1a: Hatterene|93/100|[from] drain|[of] p2a: Moltres
|-ability|p2a: Moltres|Berserk|boost
|-boost|p2a: Moltres|spa|1
|
|upkeep
|turn|16
|
|t:|1769351574
|switch|p1a: Great Tusk|Great Tusk|100/100
|cant|p2a: Moltres|par
|
|upkeep
|turn|17
|
|t:|1769351579
|move|p1a: Great Tusk|Ice Spinner|p2a: Moltres
|-supereffective|p2a: Moltres
|-damage|p2a: Moltres|0 fnt
|faint|p2a: Moltres
|
|upkeep
|
|t:|1769351589
|switch|p2a: Zamazenta|Zamazenta|100/100
|-ability|p2a: Zamazenta|Dauntless Shield|boost
|-boost|p2a: Zamazenta|def|1
|turn|18
|
|t:|1769351603
|-end|p1a: Great Tusk|Protosynthesis|[silent]
|switch|p1a: Hatterene|Hatterene, F|93/100
|move|p2a: Zamazenta|Heavy Slam|p1a: Hatterene
|-supereffective|p1a: Hatterene
|-damage|p1a: Hatterene|18/100
|
|upkeep
|turn|19
|inactive|Timothee shelmet has 270 seconds left.
|
|t:|1769351642
|move|p2a: Zamazenta|Heavy Slam|p1a: Hatterene
|-supereffective|p1a: Hatterene
|-damage|p1a: Hatterene|0 fnt
|faint|p1a: Hatterene
|
|upkeep
|
|t:|1769351647
|switch|p1a: Great Tusk|Great Tusk|100/100
|turn|20
|inactive|Timothee shelmet has 270 seconds left.
|
|t:|1769351662
|-terastallize|p1a: Great Tusk|Poison
|move|p2a: Zamazenta|Iron Defense|p2a: Zamazenta
|-boost|p2a: Zamazenta|def|2
|move|p1a: Great Tusk|Rapid Spin|p2a: Zamazenta
|-damage|p2a: Zamazenta|96/100
|-boost|p1a: Great Tusk|spe|1
|
|-heal|p2a: Zamazenta|100/100|[from] item: Leftovers
|upkeep
|turn|21
|
|t:|1769351675
|move|p1a: Great Tusk|Knock Off|p2a: Zamazenta
|-resisted|p2a: Zamazenta
|-damage|p2a: Zamazenta|96/100
|-enditem|p2a: Zamazenta|Leftovers|[from] move: Knock Off|[of] p1a: Great Tusk
|move|p2a: Zamazenta|Body Press|p1a: Great Tusk
|-resisted|p1a: Great Tusk
|-damage|p1a: Great Tusk|72/100
|
|upkeep
|turn|22
|
|t:|1769351684
|-end|p1a: Great Tusk|Protosynthesis|[silent]
|switch|p1a: Dragapult|Dragapult, F|100/100
|move|p2a: Zamazenta|Heavy Slam|p1a: Dragapult
|-damage|p1a: Dragapult|66/100
|
|upkeep
|turn|23
|
|t:|1769351696
|move|p1a: Dragapult|Will-O-Wisp|p2a: Zamazenta|[miss]
|-miss|p1a: Dragapult|p2a: Zamazenta
|move|p2a: Zamazenta|Heavy Slam|p1a: Dragapult
|-damage|p1a: Dragapult|31/100
|
|upkeep
|turn|24
|
|t:|1769351700
|move|p1a: Dragapult|Will-O-Wisp|p2a: Zamazenta
|-status|p2a: Zamazenta|brn
|move|p2a: Zamazenta|Heavy Slam|p1a: Dragapult
|-damage|p1a: Dragapult|13/100
|
|-damage|p2a: Zamazenta|90/100 brn|[from] brn
|upkeep
|turn|25
|
|t:|1769351716
|switch|p1a: Great Tusk|Great Tusk, tera:Poison|72/100
|move|p2a: Zamazenta|Heavy Slam|p1a: Great Tusk
|-crit|p1a: Great Tusk
|-damage|p1a: Great Tusk|67/100
|
|-damage|p2a: Zamazenta|84/100 brn|[from] brn
|upkeep
|turn|26
|
|t:|1769351720
|move|p2a: Zamazenta|Iron Defense|p2a: Zamazenta
|-boost|p2a: Zamazenta|def|2
|move|p1a: Great Tusk|Rapid Spin|p2a: Zamazenta
|-damage|p2a: Zamazenta|81/100 brn
|-boost|p1a: Great Tusk|spe|1
|
|-damage|p2a: Zamazenta|75/100 brn|[from] brn
|upkeep
|turn|27
|
|t:|1769351725
|move|p1a: Great Tusk|Ice Spinner|p2a: Zamazenta
|-damage|p2a: Zamazenta|69/100 brn
|move|p2a: Zamazenta|Body Press|p1a: Great Tusk
|-resisted|p1a: Great Tusk
|-damage|p1a: Great Tusk|46/100
|
|-damage|p2a: Zamazenta|63/100 brn|[from] brn
|upkeep
|turn|28
|
|t:|1769351747
|move|p1a: Great Tusk|Ice Spinner|p2a: Zamazenta
|-damage|p2a: Zamazenta|58/100 brn
|move|p2a: Zamazenta|Heavy Slam|p1a: Great Tusk
|-damage|p1a: Great Tusk|43/100
|
|-damage|p2a: Zamazenta|52/100 brn|[from] brn
|upkeep
|turn|29
|
|t:|1769351755
|move|p1a: Great Tusk|Headlong Rush|p2a: Zamazenta
|-damage|p2a: Zamazenta|40/100 brn
|-unboost|p1a: Great Tusk|def|1
|-unboost|p1a: Great Tusk|spd|1
|move|p2a: Zamazenta|Body Press|p1a: Great Tusk
|-resisted|p1a: Great Tusk
|-damage|p1a: Great Tusk|11/100
|
|-damage|p2a: Zamazenta|34/100 brn|[from] brn
|upkeep
|turn|30
|
|t:|1769351763
|move|p1a: Great Tusk|Headlong Rush|p2a: Zamazenta
|-damage|p2a: Zamazenta|23/100 brn
|-unboost|p1a: Great Tusk|def|1
|-unboost|p1a: Great Tusk|spd|1
|move|p2a: Zamazenta|Heavy Slam|p1a: Great Tusk
|-damage|p1a: Great Tusk|4/100
|
|-damage|p2a: Zamazenta|16/100 brn|[from] brn
|upkeep
|turn|31
|
|t:|1769351774
|move|p1a: Great Tusk|Headlong Rush|p2a: Zamazenta
|-damage|p2a: Zamazenta|4/100 brn
|-unboost|p1a: Great Tusk|def|1
|-unboost|p1a: Great Tusk|spd|1
|move|p2a: Zamazenta|Heavy Slam|p1a: Great Tusk
|-damage|p1a: Great Tusk|0 fnt
|faint|p1a: Great Tusk
|-end|p1a: Great Tusk|Protosynthesis|[silent]
|
|-damage|p2a: Zamazenta|0 fnt|[from] brn
|faint|p2a: Zamazenta
|upkeep
|
|t:|1769351779
|switch|p2a: Ceruledge|Ceruledge, M|91/100
|switch|p1a: Dragonite|Dragonite, F|85/100
|turn|32
|
|t:|1769351790
|-terastallize|p2a: Ceruledge|Ghost
|move|p2a: Ceruledge|Poltergeist|p1a: Dragonite
|-activate|p1a: Dragonite|move: Poltergeist|Heavy-Duty Boots
|-damage|p1a: Dragonite|0 fnt
|faint|p1a: Dragonite
|-damage|p2a: Ceruledge|81/100|[from] item: Life Orb
|
|upkeep
|
|t:|1769351793
|switch|p1a: Dragapult|Dragapult, F|13/100
|turn|33
|
|t:|1769351801
|move|p2a: Ceruledge|Shadow Sneak|p1a: Dragapult
|-supereffective|p1a: Dragapult
|-damage|p1a: Dragapult|0 fnt
|faint|p1a: Dragapult
|-damage|p2a: Ceruledge|71/100|[from] item: Life Orb
|
|win|Macaco Socialista
|c|☆Timothee shelmet|Ggs
|c|☆Macaco Socialista|Gg
|player|p2|
|player|p1|
|c|+sulfura152|Goat 
