|j|☆Cotowol
|j|☆Skrotinho
|t:|1769357110
|gametype|singles
|player|p1|Cotowol|acetrainer-gen4dp|1271
|player|p2|Skrotinho|burglar|1217
|gen|9
|tier|[Gen 9] OU
|rated|
|rule|HP Percentage Mod: HP is shown in percentages
|rule|Endless Battle Clause: Forcing endless battles is banned
|rule|Species Clause: Limit one of each Pokémon
|rule|OHKO Clause: OHKO moves are banned
|rule|Evasion Items Clause: Evasion items are banned
|rule|Evasion Moves Clause: Evasion moves are banned
|rule|Evasion Abilities Clause: Evasion abilities are banned
|rule|Sleep Moves Clause: Sleep-inducing moves are banned
|clearpoke
|poke|p1|Gliscor, F|
|poke|p1|Pecharunt|
|poke|p1|Heatran, M|
|poke|p1|Dragapult, F|
|poke|p1|Iron Valiant|
|poke|p1|Greninja-*, M|
|poke|p2|Hariyama, M|
|poke|p2|Slowking-Galar, F|
|poke|p2|Kyurem|
|poke|p2|Corviknight, F|
|poke|p2|Landorus-Therian, M|
|poke|p2|Hydrapple, M|
|teampreview
|inactive|Battle timer is ON: inactive players will automatically lose when time's up. (requested by Skrotinho)
|
|t:|1769357129
|teamsize|p1|6
|teamsize|p2|6
|start
|switch|p1a: Gliscor|Gliscor, F|100/100
|switch|p2a: Landorus|Landorus-Therian, M|100/100
|-ability|p2a: Landorus|Intimidate|boost
|-unboost|p1a: Gliscor|atk|1
|turn|1
|
|t:|1769357136
|move|p1a: Gliscor|Protect|p1a: Gliscor
|-singleturn|p1a: Gliscor|Protect
|move|p2a: Landorus|Stealth Rock|p1a: Gliscor
|-sidestart|p1: Cotowol|move: Stealth Rock
|
|-status|p1a: Gliscor|tox|[from] item: Toxic Orb
|upkeep
|turn|2
|
|t:|1769357143
|move|p2a: Landorus|U-turn|p1a: Gliscor
|-resisted|p1a: Gliscor
|-damage|p1a: Gliscor|91/100 tox
|
|t:|1769357155
|switch|p2a: Corviknight|Corviknight, F|100/100|[from] U-turn
|-ability|p2a: Corviknight|Pressure
|move|p1a: Gliscor|Spikes|p2a: Corviknight
|-sidestart|p2: Skrotinho|Spikes
|
|-heal|p1a: Gliscor|100/100 tox|[from] ability: Poison Heal
|upkeep
|turn|3
|
|t:|1769357163
|move|p1a: Gliscor|Knock Off|p2a: Corviknight
|-damage|p2a: Corviknight|91/100
|-damage|p1a: Gliscor|84/100 tox|[from] item: Rocky Helmet|[of] p2a: Corviknight
|-enditem|p2a: Corviknight|Rocky Helmet|[from] move: Knock Off|[of] p1a: Gliscor
|move|p2a: Corviknight|U-turn|p1a: Gliscor
|-resisted|p1a: Gliscor
|-damage|p1a: Gliscor|79/100 tox
|
|t:|1769357166
|switch|p2a: Hariyama|Hariyama, M, shiny|100/100|[from] U-turn
|-damage|p2a: Hariyama|88/100|[from] Spikes
|
|-heal|p1a: Gliscor|91/100 tox|[from] ability: Poison Heal
|upkeep
|turn|4
|
|t:|1769357177
|move|p1a: Gliscor|Knock Off|p2a: Hariyama
|-resisted|p2a: Hariyama
|-damage|p2a: Hariyama|81/100
|-enditem|p2a: Hariyama|Sitrus Berry|[from] move: Knock Off|[of] p1a: Gliscor
|move|p2a: Hariyama|Belly Drum|p2a: Hariyama
|-damage|p2a: Hariyama|31/100
|-setboost|p2a: Hariyama|atk|6|[from] move: Belly Drum
|
|-heal|p1a: Gliscor|100/100 tox|[from] ability: Poison Heal
|upkeep
|turn|5
|
|t:|1769357193
|move|p2a: Hariyama|Bullet Punch|p1a: Gliscor
|-damage|p1a: Gliscor|58/100 tox
|move|p1a: Gliscor|Earthquake|p2a: Hariyama
|-damage|p2a: Hariyama|9/100
|
|-heal|p1a: Gliscor|71/100 tox|[from] ability: Poison Heal
|upkeep
|turn|6
|
|t:|1769357200
|move|p1a: Gliscor|Protect|p1a: Gliscor
|-singleturn|p1a: Gliscor|Protect
|move|p2a: Hariyama|Bullet Punch|p1a: Gliscor
|-activate|p1a: Gliscor|move: Protect
|
|-heal|p1a: Gliscor|83/100 tox|[from] ability: Poison Heal
|upkeep
|turn|7
|
|t:|1769357209
|move|p1a: Gliscor|Earthquake|p2a: Hariyama
|-damage|p2a: Hariyama|0 fnt
|faint|p2a: Hariyama
|
|-heal|p1a: Gliscor|96/100 tox|[from] ability: Poison Heal
|upkeep
|
|t:|1769357214
|switch|p2a: Kyurem|Kyurem|100/100
|-damage|p2a: Kyurem|88/100|[from] Spikes
|-ability|p2a: Kyurem|Pressure
|turn|8
|
|t:|1769357235
|-terastallize|p1a: Gliscor|Water
|move|p2a: Kyurem|Earth Power|p1a: Gliscor
|-damage|p1a: Gliscor|71/100 tox
|move|p1a: Gliscor|Knock Off|p2a: Kyurem
|-damage|p2a: Kyurem|75/100
|-enditem|p2a: Kyurem|Choice Scarf|[from] move: Knock Off|[of] p1a: Gliscor
|
|-heal|p1a: Gliscor|84/100 tox|[from] ability: Poison Heal
|upkeep
|turn|9
|
|t:|1769357245
|move|p1a: Gliscor|Protect|p1a: Gliscor
|-singleturn|p1a: Gliscor|Protect
|move|p2a: Kyurem|Freeze-Dry|p1a: Gliscor
|-activate|p1a: Gliscor|move: Protect
|
|-heal|p1a: Gliscor|96/100 tox|[from] ability: Poison Heal
|upkeep
|turn|10
|
|t:|1769357261
|switch|p1a: Iron Valiant|Iron Valiant|100/100
|-damage|p1a: Iron Valiant|94/100|[from] Stealth Rock
|-enditem|p1a: Iron Valiant|Booster Energy
|-activate|p1a: Iron Valiant|ability: Quark Drive|[fromitem]
|-start|p1a: Iron Valiant|quarkdrivespe
|move|p2a: Kyurem|Earth Power|p1a: Iron Valiant
|-damage|p1a: Iron Valiant|34/100
|
|upkeep
|turn|11
|
|t:|1769357271
|switch|p2a: Slowking|Slowking-Galar, F|100/100
|move|p1a: Iron Valiant|Moonblast|p2a: Slowking
|-resisted|p2a: Slowking
|-damage|p2a: Slowking|87/100
|
|upkeep
|turn|12
|
|t:|1769357287
|-end|p1a: Iron Valiant|Quark Drive|[silent]
|switch|p1a: Gliscor|Gliscor, F, tera:Water|96/100 tox
|-damage|p1a: Gliscor|84/100 tox|[from] Stealth Rock
|-prepare|p2a: Slowking|Chilly Reception|[premajor]
|move|p2a: Slowking|Chilly Reception|p2a: Slowking
|-weather|Snowscape
|
|t:|1769357289
|switch|p2a: Kyurem|Kyurem|75/100|[from] Chilly Reception
|-damage|p2a: Kyurem|62/100|[from] Spikes
|-ability|p2a: Kyurem|Pressure
|
|-weather|Snowscape|[upkeep]
|-heal|p1a: Gliscor|96/100 tox|[from] ability: Poison Heal
|upkeep
|turn|13
|
|t:|1769357304
|switch|p1a: Dragapult|Dragapult, F|100/100
|-damage|p1a: Dragapult|88/100|[from] Stealth Rock
|move|p2a: Kyurem|Freeze-Dry|p1a: Dragapult
|-supereffective|p1a: Dragapult
|-damage|p1a: Dragapult|0 fnt
|faint|p1a: Dragapult
|
|-weather|Snowscape|[upkeep]
|upkeep
|
|t:|1769357318
|switch|p1a: Greninja|Greninja, M|100/100
|-damage|p1a: Greninja|88/100|[from] Stealth Rock
|turn|14
|
|t:|1769357332
|switch|p2a: Slowking|Slowking-Galar, F|100/100
|move|p1a: Greninja|Dark Pulse|p2a: Slowking
|-supereffective|p2a: Slowking
|-damage|p2a: Slowking|42/100
|-damage|p1a: Greninja|78/100|[from] item: Life Orb
|
|-weather|Snowscape|[upkeep]
|upkeep
|turn|15
|
|t:|1769357343
|-terastallize|p2a: Slowking|Water
|move|p1a: Greninja|Dark Pulse|p2a: Slowking
|-damage|p2a: Slowking|14/100
|-damage|p1a: Greninja|69/100|[from] item: Life Orb
|move|p2a: Slowking|Slack Off|p2a: Slowking
|-heal|p2a: Slowking|64/100
|
|-weather|Snowscape|[upkeep]
|upkeep
|turn|16
|
|t:|1769357358
|switch|p1a: Pecharunt|Pecharunt|100/100
|move|p2a: Slowking|Slack Off|p2a: Slowking
|-heal|p2a: Slowking|100/100
|
|-weather|none
|upkeep
|turn|17
|
|t:|1769357366
|move|p1a: Pecharunt|Parting Shot|p2a: Slowking
|-unboost|p2a: Slowking|atk|1
|-unboost|p2a: Slowking|spa|1
|
|t:|1769357376
|switch|p1a: Heatran|Heatran, M|100/100|[from] Parting Shot
|-damage|p1a: Heatran|88/100|[from] Stealth Rock
|-item|p1a: Heatran|Air Balloon
|move|p2a: Slowking|Psyshock|p1a: Heatran
|-resisted|p1a: Heatran
|-damage|p1a: Heatran|78/100
|-enditem|p1a: Heatran|Air Balloon
|
|upkeep
|turn|18
|
|t:|1769357390
|move|p1a: Heatran|Taunt|p2a: Slowking
|-start|p2a: Slowking|move: Taunt
|-prepare|p2a: Slowking|Chilly Reception|[premajor]
|cant|p2a: Slowking|move: Taunt|Chilly Reception
|
|upkeep
|turn|19
|l|☆Skrotinho
|inactive|Skrotinho disconnected and has a minute to reconnect!
|player|p2|
|j|☆Skrotinho
|inactive|Skrotinho reconnected and has 140 seconds left.
|player|p2|Skrotinho|burglar|
|
|t:|1769357409
|switch|p2a: Landorus|Landorus-Therian, M|100/100
|-ability|p2a: Landorus|Intimidate|boost
|-unboost|p1a: Heatran|atk|1
|move|p1a: Heatran|Magma Storm|p2a: Landorus
|-damage|p2a: Landorus|30/100
|-activate|p2a: Landorus|move: Magma Storm|[of] p1a: Heatran
|
|-damage|p2a: Landorus|17/100|[from] move: Magma Storm|[partiallytrapped]
|upkeep
|turn|20
|
|t:|1769357421
|switch|p1a: Gliscor|Gliscor, F, tera:Water|96/100 tox
|-damage|p1a: Gliscor|84/100 tox|[from] Stealth Rock
|move|p2a: Landorus|Earthquake|p1a: Gliscor
|-damage|p1a: Gliscor|34/100 tox
|
|-heal|p1a: Gliscor|47/100 tox|[from] ability: Poison Heal
|-end|p2a: Landorus|Magma Storm|[partiallytrapped]|[silent]
|upkeep
|turn|21
|
|t:|1769357437
|switch|p2a: Hydrapple|Hydrapple, M|100/100
|-damage|p2a: Hydrapple|88/100|[from] Spikes
|move|p1a: Gliscor|Protect||[still]
|-fail|p1a: Gliscor
|
|-heal|p1a: Gliscor|59/100 tox|[from] ability: Poison Heal
|upkeep
|turn|22
|
|t:|1769357450
|move|p1a: Gliscor|Spikes|p2a: Hydrapple
|-sidestart|p2: Skrotinho|Spikes
|move|p2a: Hydrapple|Nasty Plot|p2a: Hydrapple
|-boost|p2a: Hydrapple|spa|2
|
|-heal|p1a: Gliscor|72/100 tox|[from] ability: Poison Heal
|upkeep
|turn|23
|
|t:|1769357457
|move|p1a: Gliscor|Knock Off|p2a: Hydrapple
|-damage|p2a: Hydrapple|77/100
|-damage|p1a: Gliscor|55/100 tox|[from] item: Rocky Helmet|[of] p2a: Hydrapple
|-enditem|p2a: Hydrapple|Rocky Helmet|[from] move: Knock Off|[of] p1a: Gliscor
|move|p2a: Hydrapple|Fickle Beam|p1a: Gliscor
|-damage|p1a: Gliscor|0 fnt
|faint|p1a: Gliscor
|
|upkeep
|
|t:|1769357466
|switch|p1a: Iron Valiant|Iron Valiant|34/100
|-damage|p1a: Iron Valiant|28/100|[from] Stealth Rock
|turn|24
|
|t:|1769357473
|move|p1a: Iron Valiant|Moonblast|p2a: Hydrapple
|-supereffective|p2a: Hydrapple
|-damage|p2a: Hydrapple|0 fnt
|faint|p2a: Hydrapple
|
|upkeep
|
|t:|1769357481
|switch|p2a: Corviknight|Corviknight, F|91/100
|-ability|p2a: Corviknight|Pressure
|turn|25
|
|t:|1769357489
|-end|p1a: Iron Valiant|Quark Drive|[silent]
|switch|p1a: Heatran|Heatran, M|78/100
|-damage|p1a: Heatran|66/100|[from] Stealth Rock
|move|p2a: Corviknight|Brave Bird|p1a: Heatran
|-resisted|p1a: Heatran
|-damage|p1a: Heatran|47/100
|-damage|p2a: Corviknight|86/100|[from] Recoil
|
|upkeep
|turn|26
|
|t:|1769357505
|switch|p2a: Slowking|Slowking-Galar, F, tera:Water|100/100
|move|p1a: Heatran|Magma Storm|p2a: Slowking
|-resisted|p2a: Slowking
|-damage|p2a: Slowking|85/100
|-activate|p2a: Slowking|move: Magma Storm|[of] p1a: Heatran
|
|-damage|p2a: Slowking|73/100|[from] move: Magma Storm|[partiallytrapped]
|upkeep
|turn|27
|
|t:|1769357513
|move|p1a: Heatran|Taunt|p2a: Slowking
|-start|p2a: Slowking|move: Taunt
|move|p2a: Slowking|Psyshock|p1a: Heatran
|-resisted|p1a: Heatran
|-damage|p1a: Heatran|32/100
|
|-damage|p2a: Slowking|60/100|[from] move: Magma Storm|[partiallytrapped]
|upkeep
|turn|28
|
|t:|1769357524
|move|p1a: Heatran|Stealth Rock|p2a: Slowking
|-sidestart|p2: Skrotinho|move: Stealth Rock
|move|p2a: Slowking|Psyshock|p1a: Heatran
|-resisted|p1a: Heatran
|-damage|p1a: Heatran|17/100
|
|-damage|p2a: Slowking|48/100|[from] move: Magma Storm|[partiallytrapped]
|upkeep
|turn|29
|
|t:|1769357532
|move|p1a: Heatran|Earth Power|p2a: Slowking
|-damage|p2a: Slowking|28/100
|move|p2a: Slowking|Psyshock|p1a: Heatran
|-resisted|p1a: Heatran
|-damage|p1a: Heatran|2/100
|
|-damage|p2a: Slowking|16/100|[from] move: Magma Storm|[partiallytrapped]
|-end|p2a: Slowking|move: Taunt
|upkeep
|turn|30
|
|t:|1769357544
|move|p1a: Heatran|Earth Power|p2a: Slowking
|-damage|p2a: Slowking|0 fnt
|faint|p2a: Slowking
|
|upkeep
|
|t:|1769357552
|switch|p2a: Landorus|Landorus-Therian, M|17/100
|-damage|p2a: Landorus|5/100|[from] Stealth Rock
|-ability|p2a: Landorus|Intimidate|boost
|-unboost|p1a: Heatran|atk|1
|turn|31
|
|t:|1769357560
|move|p2a: Landorus|U-turn|p1a: Heatran
|-resisted|p1a: Heatran
|-damage|p1a: Heatran|0 fnt
|faint|p1a: Heatran
|
|t:|1769357562
|switch|p2a: Corviknight|Corviknight, F|86/100|[from] U-turn
|-damage|p2a: Corviknight|74/100|[from] Stealth Rock
|-ability|p2a: Corviknight|Pressure
|
|upkeep
|
|t:|1769357575
|switch|p1a: Pecharunt|Pecharunt|100/100
|turn|32
|
|t:|1769357578
|move|p1a: Pecharunt|Shadow Ball|p2a: Corviknight
|-damage|p2a: Corviknight|50/100
|-unboost|p2a: Corviknight|spd|1
|move|p2a: Corviknight|Defog|p1a: Pecharunt
|-unboost|p1a: Pecharunt|evasion|1
|-sideend|p1: Cotowol|Stealth Rock|[from] move: Defog|[of] p2a: Corviknight
|-sideend|p2: Skrotinho|Spikes|[from] move: Defog|[of] p2a: Corviknight
|-sideend|p2: Skrotinho|Stealth Rock|[from] move: Defog|[of] p2a: Corviknight
|
|upkeep
|turn|33
|
|t:|1769357587
|move|p1a: Pecharunt|Shadow Ball|p2a: Corviknight
|-damage|p2a: Corviknight|11/100
|move|p2a: Corviknight|U-turn|p1a: Pecharunt
|-resisted|p1a: Pecharunt
|-damage|p1a: Pecharunt|99/100
|
|t:|1769357590
|switch|p2a: Landorus|Landorus-Therian, M|5/100|[from] U-turn
|-ability|p2a: Landorus|Intimidate|boost
|-unboost|p1a: Pecharunt|atk|1
|
|upkeep
|turn|34
|
|t:|1769357602
|move|p2a: Landorus|Earthquake|p1a: Pecharunt
|-supereffective|p1a: Pecharunt
|-damage|p1a: Pecharunt|32/100
|move|p1a: Pecharunt|Shadow Ball|p2a: Landorus
|-damage|p2a: Landorus|0 fnt
|faint|p2a: Landorus
|
|upkeep
|
|t:|1769357605
|switch|p2a: Kyurem|Kyurem|62/100
|-ability|p2a: Kyurem|Pressure
|turn|35
|
|t:|1769357614
|move|p2a: Kyurem|Ice Beam|p1a: Pecharunt
|-damage|p1a: Pecharunt|0 fnt
|faint|p1a: Pecharunt
|
|upkeep
|
|t:|1769357618
|switch|p1a: Iron Valiant|Iron Valiant|28/100
|turn|36
|
|t:|1769357624
|switch|p2a: Corviknight|Corviknight, F|11/100
|-ability|p2a: Corviknight|Pressure
|move|p1a: Iron Valiant|Moonblast|p2a: Corviknight
|-resisted|p2a: Corviknight
|-damage|p2a: Corviknight|0 fnt
|faint|p2a: Corviknight
|
|upkeep
|
|t:|1769357629
|switch|p2a: Kyurem|Kyurem|62/100
|-ability|p2a: Kyurem|Pressure
|turn|37
|
|t:|1769357637
|move|p1a: Iron Valiant|Moonblast|p2a: Kyurem
|-supereffective|p2a: Kyurem
|-damage|p2a: Kyurem|0 fnt
|faint|p2a: Kyurem
|
|win|Cotowol
|raw|Cotowol's rating: 1271 &rarr; <strong>1292</strong><br />(+21 for winning)
|raw|Skrotinho's rating: 1217 &rarr; <strong>1196</strong><br />(-21 for losing)
|l|☆Skrotinho
|player|p2|
