|j|☆clsxmn4保姆曼波侠
|j|☆ramoncombats95
|t:|1769341439
|gametype|singles
|player|p1|clsxmn4保姆曼波侠|parasollady|1165
|player|p2|ramoncombats95|benga|1249
|gen|9
|tier|[Gen 9] OU
|rated|
|rule|HP Percentage Mod: HP is shown in percentages
|rule|Endless Battle Clause: Forcing endless battles is banned
|rule|Species Clause: Limit one of each Pokémon
|rule|OHKO Clause: OHKO moves are banned
|rule|Evasion Items Clause: Evasion items are banned
|rule|Evasion Moves Clause: Evasion moves are banned
|rule|Evasion Abilities Clause: Evasion abilities are banned
|rule|Sleep Moves Clause: Sleep-inducing moves are banned
|clearpoke
|poke|p1|Landorus-Therian, M|
|poke|p1|Alomomola, F|
|poke|p1|Iron Treads|
|poke|p1|Ursaluna, M|
|poke|p1|Rotom-Heat|
|poke|p1|Ogerpon-Wellspring, F|
|poke|p2|Milotic, M|
|poke|p2|Lokix, M|
|poke|p2|Gliscor, F|
|poke|p2|Corviknight, F|
|poke|p2|Eelektross, F|
|poke|p2|Mienshao, M|
|teampreview
|
|t:|1769341453
|teamsize|p1|6
|teamsize|p2|6
|start
|switch|p1a: Rotom|Rotom-Heat|100/100
|switch|p2a: Milotic|Milotic, M, shiny|100/100
|turn|1
|
|t:|1769341464
|move|p1a: Rotom|Will-O-Wisp|p2a: Milotic
|-status|p2a: Milotic|brn
|move|p2a: Milotic|Scald|p1a: Rotom
|-supereffective|p1a: Rotom
|-crit|p1a: Rotom
|-damage|p1a: Rotom|0 fnt
|faint|p1a: Rotom
|
|-damage|p2a: Milotic|94/100 brn|[from] brn
|upkeep
|
|t:|1769341474
|switch|p1a: Ursaluna|Ursaluna, M|100/100
|turn|2
|
|t:|1769341496
|-terastallize|p1a: Ursaluna|Normal
|move|p2a: Milotic|Scald|p1a: Ursaluna
|-damage|p1a: Ursaluna|66/100
|move|p1a: Ursaluna|Trailblaze|p2a: Milotic
|-supereffective|p2a: Milotic
|-crit|p2a: Milotic
|-damage|p2a: Milotic|25/100 brn
|-boost|p1a: Ursaluna|spe|1
|
|-heal|p2a: Milotic|31/100 brn|[from] item: Leftovers
|-damage|p2a: Milotic|25/100 brn|[from] brn
|-status|p1a: Ursaluna|brn|[from] item: Flame Orb
|upkeep
|turn|3
|
|t:|1769341526
|switch|p2a: Corviknight|Corviknight, F, shiny|100/100
|-ability|p2a: Corviknight|Pressure
|move|p1a: Ursaluna|Trailblaze|p2a: Corviknight
|-resisted|p2a: Corviknight
|-damage|p2a: Corviknight|96/100
|-boost|p1a: Ursaluna|spe|1
|-damage|p1a: Ursaluna|50/100 brn|[from] item: Rocky Helmet|[of] p2a: Corviknight
|
|-damage|p1a: Ursaluna|44/100 brn|[from] brn
|upkeep
|turn|4
|
|t:|1769341540
|move|p1a: Ursaluna|Facade|p2a: Corviknight
|-resisted|p2a: Corviknight
|-damage|p2a: Corviknight|45/100
|-damage|p1a: Ursaluna|27/100 brn|[from] item: Rocky Helmet|[of] p2a: Corviknight
|move|p2a: Corviknight|Bulk Up|p2a: Corviknight
|-boost|p2a: Corviknight|atk|1
|-boost|p2a: Corviknight|def|1
|
|-damage|p1a: Ursaluna|21/100 brn|[from] brn
|upkeep
|turn|5
|
|t:|1769341550
|move|p1a: Ursaluna|Facade|p2a: Corviknight
|-resisted|p2a: Corviknight
|-damage|p2a: Corviknight|12/100
|-damage|p1a: Ursaluna|5/100 brn|[from] item: Rocky Helmet|[of] p2a: Corviknight
|move|p2a: Corviknight|Roost|p2a: Corviknight
|-heal|p2a: Corviknight|62/100
|-singleturn|p2a: Corviknight|move: Roost
|
|-damage|p1a: Ursaluna|0 fnt|[from] brn
|faint|p1a: Ursaluna
|upkeep
|-message|clsxmn4保姆曼波侠 forfeited.
|
|win|ramoncombats95
|raw|clsxmn4保姆曼波侠's rating: 1165 &rarr; <strong>1148</strong><br />(-17 for losing)
|raw|ramoncombats95's rating: 1278 &rarr; <strong>1295</strong><br />(+17 for winning)
|l|☆clsxmn4保姆曼波侠
|player|p1|
|l|☆ramoncombats95
|player|p2|
