|j|☆nezk025
|j|☆Phillip Blevin
|t:|1769413158
|gametype|singles
|player|p1|nezk025|nate|1371
|player|p2|Phillip Blevin|265|1452
|gen|9
|tier|[Gen 9] OU
|rated|
|rule|HP Percentage Mod: HP is shown in percentages
|rule|Endless Battle Clause: Forcing endless battles is banned
|rule|Species Clause: Limit one of each Pokémon
|rule|OHKO Clause: OHKO moves are banned
|rule|Evasion Items Clause: Evasion items are banned
|rule|Evasion Moves Clause: Evasion moves are banned
|rule|Evasion Abilities Clause: Evasion abilities are banned
|rule|Sleep Moves Clause: Sleep-inducing moves are banned
|clearpoke
|poke|p1|Tyranitar, F|
|poke|p1|Excadrill, F|
|poke|p1|Skarmory, M|
|poke|p1|Gholdengo|
|poke|p1|Darkrai|
|poke|p1|Raging Bolt|
|poke|p2|Iron Hands|
|poke|p2|Mandibuzz, F|
|poke|p2|Garganacl, M|
|poke|p2|Landorus-Therian, M|
|poke|p2|Alomomola, F|
|poke|p2|Dragapult, M|
|teampreview
|inactive|Battle timer is ON: inactive players will automatically lose when time's up. (requested by Phillip Blevin)
|c|☆nezk025|https://pokepast.es/a57a764bae9a3746
|c|☆nezk025|this is the team
|c|☆nezk025|glhf
|c|☆Phillip Blevin|?
|inactive|nezk025 has 120 seconds left.
|
|t:|1769413189
|teamsize|p1|6
|teamsize|p2|6
|start
|switch|p1a: Skarmory|Skarmory, M|100/100
|switch|p2a: Dragapult|Dragapult, M|100/100
|turn|1
|c|☆Phillip Blevin|aura farming on low ladder
|
|t:|1769413197
|switch|p2a: Alomomola|Alomomola, F|100/100
|switch|p1a: Tyranitar|Tyranitar, F|100/100
|-weather|Sandstorm|[from] ability: Sand Stream|[of] p1a: Tyranitar
|
|-weather|Sandstorm|[upkeep]
|-damage|p2a: Alomomola|94/100|[from] Sandstorm
|upkeep
|turn|2
|
|t:|1769413207
|move|p2a: Alomomola|Protect|p2a: Alomomola
|-singleturn|p2a: Alomomola|Protect
|move|p1a: Tyranitar|Knock Off|p2a: Alomomola
|-activate|p2a: Alomomola|move: Protect
|
|-weather|Sandstorm|[upkeep]
|-damage|p2a: Alomomola|88/100|[from] Sandstorm
|upkeep
|turn|3
|
|t:|1769413212
|move|p1a: Tyranitar|Dragon Dance|p1a: Tyranitar
|-boost|p1a: Tyranitar|atk|1
|-boost|p1a: Tyranitar|spe|1
|move|p2a: Alomomola|Flip Turn|p1a: Tyranitar
|-supereffective|p1a: Tyranitar
|-damage|p1a: Tyranitar|70/100
|c|☆nezk025|lol
|
|t:|1769413217
|switch|p2a: Landorus|Landorus-Therian, M|100/100|[from] Flip Turn
|-ability|p2a: Landorus|Intimidate|boost
|-unboost|p1a: Tyranitar|atk|1
|
|-weather|Sandstorm|[upkeep]
|upkeep
|turn|4
|
|t:|1769413236
|switch|p1a: Skarmory|Skarmory, M|100/100
|move|p2a: Landorus|Stealth Rock|p1a: Skarmory
|-sidestart|p1: nezk025|move: Stealth Rock
|
|-weather|Sandstorm|[upkeep]
|upkeep
|turn|5
|
|t:|1769413243
|switch|p2a: Alomomola|Alomomola, F|100/100
|move|p1a: Skarmory|Spikes|p2a: Alomomola
|-sidestart|p2: Phillip Blevin|Spikes
|
|-weather|none
|upkeep
|turn|6
|
|t:|1769413252
|move|p1a: Skarmory|Spikes|p2a: Alomomola
|-sidestart|p2: Phillip Blevin|Spikes
|move|p2a: Alomomola|Scald|p1a: Skarmory
|-damage|p1a: Skarmory|82/100
|
|upkeep
|turn|7
|
|t:|1769413263
|switch|p1a: Raging Bolt|Raging Bolt|100/100
|move|p2a: Alomomola|Flip Turn|p1a: Raging Bolt
|-resisted|p1a: Raging Bolt
|-damage|p1a: Raging Bolt|94/100
|
|t:|1769413267
|switch|p2a: Landorus|Landorus-Therian, M|100/100|[from] Flip Turn
|-ability|p2a: Landorus|Intimidate|boost
|-unboost|p1a: Raging Bolt|atk|1
|
|upkeep
|turn|8
|
|t:|1769413274
|-end|p1a: Raging Bolt|Protosynthesis|[silent]
|switch|p1a: Skarmory|Skarmory, M|82/100
|-damage|p1a: Skarmory|70/100|[from] Stealth Rock
|move|p2a: Landorus|U-turn|p1a: Skarmory
|-resisted|p1a: Skarmory
|-damage|p1a: Skarmory|66/100
|-damage|p2a: Landorus|84/100|[from] item: Rocky Helmet|[of] p1a: Skarmory
|
|t:|1769413277
|switch|p2a: Garganacl|Garganacl, M|100/100|[from] U-turn
|-damage|p2a: Garganacl|84/100|[from] Spikes
|
|-heal|p2a: Garganacl|90/100|[from] item: Leftovers
|upkeep
|turn|9
|
|t:|1769413293
|move|p1a: Skarmory|Spikes|p2a: Garganacl
|-sidestart|p2: Phillip Blevin|Spikes
|move|p2a: Garganacl|Salt Cure|p1a: Skarmory
|-damage|p1a: Skarmory|57/100
|-start|p1a: Skarmory|Salt Cure
|
|-heal|p2a: Garganacl|96/100|[from] item: Leftovers
|-damage|p1a: Skarmory|32/100|[from] Salt Cure
|upkeep
|turn|10
|
|t:|1769413296
|move|p1a: Skarmory|Roost|p1a: Skarmory
|-heal|p1a: Skarmory|82/100
|-singleturn|p1a: Skarmory|move: Roost
|move|p2a: Garganacl|Iron Defense|p2a: Garganacl
|-boost|p2a: Garganacl|def|2
|
|-heal|p2a: Garganacl|100/100|[from] item: Leftovers
|-damage|p1a: Skarmory|57/100|[from] Salt Cure
|upkeep
|turn|11
|
|t:|1769413310
|-terastallize|p1a: Skarmory|Dragon
|move|p1a: Skarmory|Iron Defense|p1a: Skarmory
|-boost|p1a: Skarmory|def|2
|move|p2a: Garganacl|Iron Defense|p2a: Garganacl
|-boost|p2a: Garganacl|def|2
|
|-damage|p1a: Skarmory|45/100|[from] Salt Cure
|upkeep
|turn|12
|
|t:|1769413321
|move|p1a: Skarmory|Iron Defense|p1a: Skarmory
|-boost|p1a: Skarmory|def|2
|move|p2a: Garganacl|Body Press|p1a: Skarmory
|-damage|p1a: Skarmory|31/100
|-damage|p2a: Garganacl|84/100|[from] item: Rocky Helmet|[of] p1a: Skarmory
|
|-heal|p2a: Garganacl|90/100|[from] item: Leftovers
|-damage|p1a: Skarmory|19/100|[from] Salt Cure
|upkeep
|turn|13
|
|t:|1769413326
|move|p1a: Skarmory|Roost|p1a: Skarmory
|-heal|p1a: Skarmory|69/100
|move|p2a: Garganacl|Iron Defense|p2a: Garganacl
|-boost|p2a: Garganacl|def|2
|
|-heal|p2a: Garganacl|96/100|[from] item: Leftovers
|-damage|p1a: Skarmory|56/100|[from] Salt Cure
|upkeep
|turn|14
|
|t:|1769413331
|move|p1a: Skarmory|Iron Defense|p1a: Skarmory
|-boost|p1a: Skarmory|def|2
|move|p2a: Garganacl|Body Press|p1a: Skarmory
|-damage|p1a: Skarmory|42/100
|-damage|p2a: Garganacl|80/100|[from] item: Rocky Helmet|[of] p1a: Skarmory
|
|-heal|p2a: Garganacl|86/100|[from] item: Leftovers
|-damage|p1a: Skarmory|30/100|[from] Salt Cure
|upkeep
|turn|15
|
|t:|1769413336
|move|p1a: Skarmory|Roost|p1a: Skarmory
|-heal|p1a: Skarmory|80/100
|move|p2a: Garganacl|Body Press|p1a: Skarmory
|-damage|p1a: Skarmory|66/100
|-damage|p2a: Garganacl|69/100|[from] item: Rocky Helmet|[of] p1a: Skarmory
|
|-heal|p2a: Garganacl|75/100|[from] item: Leftovers
|-damage|p1a: Skarmory|53/100|[from] Salt Cure
|upkeep
|turn|16
|
|t:|1769413343
|switch|p2a: Mandibuzz|Mandibuzz, F|100/100
|move|p1a: Skarmory|Roost|p1a: Skarmory
|-heal|p1a: Skarmory|100/100
|
|-damage|p1a: Skarmory|88/100|[from] Salt Cure
|upkeep
|turn|17
|
|t:|1769413348
|switch|p1a: Gholdengo|Gholdengo|100/100
|move|p2a: Mandibuzz|Whirlwind|p1a: Gholdengo
|-immune|p1a: Gholdengo|[from] ability: Good as Gold
|
|upkeep
|turn|18
|
|t:|1769413365
|switch|p2a: Iron Hands|Iron Hands|100/100
|-damage|p2a: Iron Hands|76/100|[from] Spikes
|move|p1a: Gholdengo|Hex|p2a: Iron Hands
|-damage|p2a: Iron Hands|61/100
|
|upkeep
|turn|19
|
|t:|1769413383
|switch|p1a: Raging Bolt|Raging Bolt|94/100
|move|p2a: Iron Hands|Earthquake|p1a: Raging Bolt
|-supereffective|p1a: Raging Bolt
|-damage|p1a: Raging Bolt|30/100
|
|upkeep
|turn|20
|
|t:|1769413390
|move|p1a: Raging Bolt|Draco Meteor|p2a: Iron Hands|[miss]
|-miss|p1a: Raging Bolt|p2a: Iron Hands
|move|p2a: Iron Hands|Drain Punch|p1a: Raging Bolt
|-damage|p1a: Raging Bolt|0 fnt
|-heal|p2a: Iron Hands|75/100|[from] drain|[of] p1a: Raging Bolt
|faint|p1a: Raging Bolt
|-end|p1a: Raging Bolt|Protosynthesis|[silent]
|
|upkeep
|
|t:|1769413398
|switch|p1a: Excadrill|Excadrill, F|100/100
|-damage|p1a: Excadrill|97/100|[from] Stealth Rock
|turn|21
|
|t:|1769413401
|move|p1a: Excadrill|Stealth Rock|p2a: Iron Hands
|-sidestart|p2: Phillip Blevin|move: Stealth Rock
|move|p2a: Iron Hands|Drain Punch|p1a: Excadrill
|-supereffective|p1a: Excadrill
|-damage|p1a: Excadrill|0 fnt
|-heal|p2a: Iron Hands|100/100|[from] drain|[of] p1a: Excadrill
|faint|p1a: Excadrill
|
|upkeep
|
|t:|1769413410
|switch|p1a: Skarmory|Skarmory, M, tera:Dragon|88/100
|-damage|p1a: Skarmory|76/100|[from] Stealth Rock
|turn|22
|
|t:|1769413415
|-end|p2a: Iron Hands|Quark Drive|[silent]
|switch|p2a: Mandibuzz|Mandibuzz, F|100/100
|move|p1a: Skarmory|Iron Defense|p1a: Skarmory
|-boost|p1a: Skarmory|def|2
|
|upkeep
|turn|23
|
|t:|1769413420
|switch|p1a: Gholdengo|Gholdengo|100/100
|move|p2a: Mandibuzz|Whirlwind|p1a: Gholdengo
|-immune|p1a: Gholdengo|[from] ability: Good as Gold
|
|upkeep
|turn|24
|
|t:|1769413428
|switch|p1a: Skarmory|Skarmory, M, tera:Dragon|76/100
|-damage|p1a: Skarmory|64/100|[from] Stealth Rock
|switch|p2a: Alomomola|Alomomola, F|100/100
|
|upkeep
|turn|25
|
|t:|1769413438
|move|p1a: Skarmory|Roost|p1a: Skarmory
|-heal|p1a: Skarmory|100/100
|move|p2a: Alomomola|Flip Turn|p1a: Skarmory
|-resisted|p1a: Skarmory
|-damage|p1a: Skarmory|95/100
|-damage|p2a: Alomomola|84/100|[from] item: Rocky Helmet|[of] p1a: Skarmory
|
|t:|1769413440
|switch|p2a: Dragapult|Dragapult, M|100/100|[from] Flip Turn
|-damage|p2a: Dragapult|76/100|[from] Spikes
|-damage|p2a: Dragapult|63/100|[from] Stealth Rock
|
|upkeep
|turn|26
|
|t:|1769413453
|switch|p1a: Tyranitar|Tyranitar, F|70/100
|-damage|p1a: Tyranitar|58/100|[from] Stealth Rock
|-weather|Sandstorm|[from] ability: Sand Stream|[of] p1a: Tyranitar
|move|p2a: Dragapult|Dragon Darts|p1a: Tyranitar
|-damage|p1a: Tyranitar|21/100
|-anim|p2a: Dragapult|Dragon Darts|p1a: Tyranitar
|-damage|p1a: Tyranitar|0 fnt
|faint|p1a: Tyranitar
|
|-weather|Sandstorm|[upkeep]
|-damage|p2a: Dragapult|57/100|[from] Sandstorm
|upkeep
|
|t:|1769413466
|switch|p1a: Gholdengo|Gholdengo|100/100
|turn|27
|
|t:|1769413476
|switch|p2a: Alomomola|Alomomola, F|100/100
|move|p1a: Gholdengo|Hex|p2a: Alomomola
|-damage|p2a: Alomomola|65/100
|
|-weather|Sandstorm|[upkeep]
|-damage|p2a: Alomomola|59/100|[from] Sandstorm
|upkeep
|turn|28
|
|t:|1769413484
|move|p1a: Gholdengo|Hex|p2a: Alomomola
|-damage|p2a: Alomomola|23/100
|move|p2a: Alomomola|Flip Turn|p1a: Gholdengo
|-damage|p1a: Gholdengo|89/100
|
|t:|1769413492
|switch|p2a: Iron Hands|Iron Hands|100/100|[from] Flip Turn
|-damage|p2a: Iron Hands|76/100|[from] Spikes
|-damage|p2a: Iron Hands|69/100|[from] Stealth Rock
|
|-weather|Sandstorm|[upkeep]
|-damage|p2a: Iron Hands|63/100|[from] Sandstorm
|upkeep
|turn|29
|
|t:|1769413501
|move|p1a: Gholdengo|Hex|p2a: Iron Hands
|-damage|p2a: Iron Hands|46/100
|move|p2a: Iron Hands|Earthquake|p1a: Gholdengo
|-supereffective|p1a: Gholdengo
|-damage|p1a: Gholdengo|35/100
|
|-weather|Sandstorm|[upkeep]
|-damage|p2a: Iron Hands|40/100|[from] Sandstorm
|upkeep
|turn|30
|
|t:|1769413507
|switch|p1a: Skarmory|Skarmory, M, tera:Dragon|95/100
|-damage|p1a: Skarmory|83/100|[from] Stealth Rock
|move|p2a: Iron Hands|Earthquake|p1a: Skarmory
|-damage|p1a: Skarmory|57/100
|
|-weather|none
|upkeep
|turn|31
|
|t:|1769413515
|-end|p2a: Iron Hands|Quark Drive|[silent]
|switch|p2a: Mandibuzz|Mandibuzz, F|100/100
|move|p1a: Skarmory|Body Press|p2a: Mandibuzz
|-damage|p2a: Mandibuzz|83/100
|
|upkeep
|turn|32
|
|t:|1769413523
|switch|p1a: Gholdengo|Gholdengo|35/100
|move|p2a: Mandibuzz|Foul Play|p1a: Gholdengo
|-supereffective|p1a: Gholdengo
|-damage|p1a: Gholdengo|15/100
|
|upkeep
|turn|33
|
|t:|1769413529
|move|p1a: Gholdengo|Recover|p1a: Gholdengo
|-heal|p1a: Gholdengo|65/100
|move|p2a: Mandibuzz|Foul Play|p1a: Gholdengo
|-supereffective|p1a: Gholdengo
|-damage|p1a: Gholdengo|40/100
|
|upkeep
|turn|34
|
|t:|1769413535
|switch|p2a: Landorus|Landorus-Therian, M|84/100
|-damage|p2a: Landorus|72/100|[from] Stealth Rock
|-ability|p2a: Landorus|Intimidate|boost
|-unboost|p1a: Gholdengo|atk|1
|move|p1a: Gholdengo|Recover|p1a: Gholdengo
|-heal|p1a: Gholdengo|90/100
|
|upkeep
|turn|35
|
|t:|1769413542
|switch|p1a: Darkrai|Darkrai|100/100
|move|p2a: Landorus|Earthquake|p1a: Darkrai
|-damage|p1a: Darkrai|31/100
|
|upkeep
|turn|36
|
|t:|1769413553
|move|p2a: Landorus|Earthquake|p1a: Darkrai
|-damage|p1a: Darkrai|0 fnt
|faint|p1a: Darkrai
|
|upkeep
|
|t:|1769413560
|switch|p1a: Skarmory|Skarmory, M, tera:Dragon|57/100
|-damage|p1a: Skarmory|45/100|[from] Stealth Rock
|turn|37
|
|t:|1769413565
|switch|p2a: Mandibuzz|Mandibuzz, F|83/100
|move|p1a: Skarmory|Iron Defense|p1a: Skarmory
|-boost|p1a: Skarmory|def|2
|
|upkeep
|turn|38
|
|t:|1769413570
|switch|p1a: Gholdengo|Gholdengo|90/100
|move|p2a: Mandibuzz|Whirlwind|p1a: Gholdengo
|-immune|p1a: Gholdengo|[from] ability: Good as Gold
|
|upkeep
|turn|39
|
|t:|1769413577
|switch|p2a: Landorus|Landorus-Therian, M|72/100
|-damage|p2a: Landorus|59/100|[from] Stealth Rock
|-ability|p2a: Landorus|Intimidate|boost
|-unboost|p1a: Gholdengo|atk|1
|move|p1a: Gholdengo|Make It Rain|p2a: Landorus
|-damage|p2a: Landorus|0 fnt
|-unboost|p1a: Gholdengo|spa|1
|faint|p2a: Landorus
|
|upkeep
|
|t:|1769413586
|switch|p2a: Dragapult|Dragapult, M|57/100
|-damage|p2a: Dragapult|32/100|[from] Spikes
|-damage|p2a: Dragapult|20/100|[from] Stealth Rock
|turn|40
|c|☆Phillip Blevin|gg
|c|☆nezk025|tera blast right
|
|t:|1769413605
|-terastallize|p2a: Dragapult|Ghost
|move|p2a: Dragapult|Tera Blast|p1a: Gholdengo|[anim] Tera Blast Ghost
|-supereffective|p1a: Gholdengo
|-crit|p1a: Gholdengo
|-damage|p1a: Gholdengo|0 fnt
|faint|p1a: Gholdengo
|
|upkeep
|c|☆nezk025|gg
|
|t:|1769413613
|switch|p1a: Skarmory|Skarmory, M, tera:Dragon|45/100
|-damage|p1a: Skarmory|33/100|[from] Stealth Rock
|turn|41
|
|t:|1769413616
|move|p2a: Dragapult|Tera Blast|p1a: Skarmory|[anim] Tera Blast Ghost
|-damage|p1a: Skarmory|0 fnt
|faint|p1a: Skarmory
|
|win|Phillip Blevin
|raw|nezk025's rating: 1371 &rarr; <strong>1356</strong><br />(-15 for losing)
|raw|Phillip Blevin's rating: 1452 &rarr; <strong>1467</strong><br />(+15 for winning)
