|j|☆InfinityPokeRang3r
|j|☆waha8
|t:|1769303996
|gametype|singles
|player|p1|InfinityPokeRang3r|ingo|1444
|player|p2|waha8|1|1405
|gen|9
|tier|[Gen 9] OU
|rated|
|rule|HP Percentage Mod: HP is shown in percentages
|rule|Endless Battle Clause: Forcing endless battles is banned
|rule|Species Clause: Limit one of each Pokémon
|rule|OHKO Clause: OHKO moves are banned
|rule|Evasion Items Clause: Evasion items are banned
|rule|Evasion Moves Clause: Evasion moves are banned
|rule|Evasion Abilities Clause: Evasion abilities are banned
|rule|Sleep Moves Clause: Sleep-inducing moves are banned
|clearpoke
|poke|p1|Dragapult, F|
|poke|p1|Araquanid, M|
|poke|p1|Iron Valiant|
|poke|p1|Rotom-Heat|
|poke|p1|Iron Treads|
|poke|p1|Skarmory, F|
|poke|p2|Slowking-Galar, M|
|poke|p2|Indeedee, M|
|poke|p2|Espeon, F|
|poke|p2|Cinderace, M|
|poke|p2|Ninetales-Alola, M|
|poke|p2|Torkoal, M|
|teampreview
|
|t:|1769304011
|teamsize|p1|6
|teamsize|p2|6
|start
|switch|p1a: Araquanid|Araquanid, M, shiny|100/100
|switch|p2a: Kyubi|Ninetales-Alola, M|100/100
|-weather|Snowscape|[from] ability: Snow Warning|[of] p2a: Kyubi
|turn|1
|
|t:|1769304024
|switch|p1a: Iron Treads|Iron Treads|100/100
|move|p2a: Kyubi|Freeze-Dry|p1a: Iron Treads
|-damage|p1a: Iron Treads|81/100
|
|-weather|Snowscape|[upkeep]
|upkeep
|turn|2
|
|t:|1769304035
|move|p2a: Kyubi|Aurora Veil|p2a: Kyubi
|-sidestart|p2: waha8|move: Aurora Veil
|move|p1a: Iron Treads|Rapid Spin|p2a: Kyubi
|-damage|p2a: Kyubi|94/100
|-boost|p1a: Iron Treads|spe|1
|
|-weather|Snowscape|[upkeep]
|upkeep
|turn|3
|
|t:|1769304041
|move|p1a: Iron Treads|Iron Head|p2a: Kyubi
|-supereffective|p2a: Kyubi
|-damage|p2a: Kyubi|28/100
|move|p2a: Kyubi|Encore|p1a: Iron Treads
|-start|p1a: Iron Treads|Encore
|
|-weather|Snowscape|[upkeep]
|upkeep
|turn|4
|
|t:|1769304048
|switch|p2a: DeeDee|Indeedee, M|100/100
|-fieldstart|move: Psychic Terrain|[from] ability: Psychic Surge|[of] p2a: DeeDee
|move|p1a: Iron Treads|Iron Head|p2a: DeeDee
|-damage|p2a: DeeDee|58/100
|
|-weather|Snowscape|[upkeep]
|upkeep
|turn|5
|
|t:|1769304056
|switch|p2a: SageOfSixPaths|Slowking-Galar, M|100/100
|move|p1a: Iron Treads|Iron Head|p2a: SageOfSixPaths
|-damage|p2a: SageOfSixPaths|77/100
|
|-weather|none
|upkeep
|turn|6
|
|t:|1769304062
|move|p1a: Iron Treads|Iron Head|p2a: SageOfSixPaths
|-damage|p2a: SageOfSixPaths|58/100
|cant|p2a: SageOfSixPaths|flinch
|
|-end|p1a: Iron Treads|Encore
|upkeep
|turn|7
|
|t:|1769304069
|-terastallize|p2a: SageOfSixPaths|Psychic
|move|p1a: Iron Treads|Earthquake|p2a: SageOfSixPaths
|-crit|p2a: SageOfSixPaths
|-damage|p2a: SageOfSixPaths|0 fnt
|faint|p2a: SageOfSixPaths
|
|upkeep
|
|t:|1769304078
|switch|p2a: ReverseUNO|Cinderace, M|100/100
|turn|8
|
|t:|1769304094
|-end|p1a: Iron Treads|Quark Drive|[silent]
|switch|p1a: Araquanid|Araquanid, M, shiny|100/100
|move|p2a: ReverseUNO|Pyro Ball|p1a: Araquanid
|-damage|p1a: Araquanid|67/100
|
|upkeep
|turn|9
|
|t:|1769304102
|move|p2a: ReverseUNO|Gunk Shot|p1a: Araquanid
|-start|p2a: ReverseUNO|typechange|Poison|[from] ability: Libero
|-damage|p1a: Araquanid|7/100
|move|p1a: Araquanid|Liquidation|p2a: ReverseUNO
|-damage|p2a: ReverseUNO|53/100
|-unboost|p2a: ReverseUNO|def|1
|
|-sideend|p2: waha8|move: Aurora Veil
|upkeep
|turn|10
|
|t:|1769304111
|switch|p2a: Kyubi|Ninetales-Alola, M|28/100
|-weather|Snowscape|[from] ability: Snow Warning|[of] p2a: Kyubi
|move|p1a: Araquanid|Liquidation|p2a: Kyubi
|-damage|p2a: Kyubi|0 fnt
|faint|p2a: Kyubi
|
|-weather|Snowscape|[upkeep]
|upkeep
|
|t:|1769304121
|switch|p2a: ReverseUNO|Cinderace, M|53/100
|turn|11
|
|t:|1769304123
|move|p2a: ReverseUNO|Pyro Ball|p1a: Araquanid
|-damage|p1a: Araquanid|0 fnt
|faint|p1a: Araquanid
|
|-weather|Snowscape|[upkeep]
|-fieldend|move: Psychic Terrain
|upkeep
|
|t:|1769304130
|switch|p1a: Iron Valiant|Iron Valiant|100/100
|-enditem|p1a: Iron Valiant|Booster Energy
|-activate|p1a: Iron Valiant|ability: Quark Drive|[fromitem]
|-start|p1a: Iron Valiant|quarkdrivespe
|turn|12
|
|t:|1769304135
|move|p1a: Iron Valiant|Close Combat|p2a: ReverseUNO
|-damage|p2a: ReverseUNO|0 fnt
|-unboost|p1a: Iron Valiant|def|1
|-unboost|p1a: Iron Valiant|spd|1
|faint|p2a: ReverseUNO
|
|-weather|Snowscape|[upkeep]
|upkeep
|
|t:|1769304146
|switch|p2a: Sage|Torkoal, M|100/100
|-weather|SunnyDay|[from] ability: Drought|[of] p2a: Sage
|turn|13
|
|t:|1769304161
|-end|p1a: Iron Valiant|Quark Drive|[silent]
|switch|p1a: Rotom|Rotom-Heat|100/100
|move|p2a: Sage|Solar Beam||[still]
|-prepare|p2a: Sage|Solar Beam
|-anim|p2a: Sage|Solar Beam|p1a: Rotom
|-resisted|p1a: Rotom
|-damage|p1a: Rotom|77/100
|
|-weather|SunnyDay|[upkeep]
|upkeep
|turn|14
|
|t:|1769304172
|move|p1a: Rotom|Discharge|p2a: Sage
|-damage|p2a: Sage|24/100
|move|p2a: Sage|Eruption|p1a: Rotom
|-resisted|p1a: Rotom
|-damage|p1a: Rotom|61/100
|
|-weather|SunnyDay|[upkeep]
|upkeep
|turn|15
|
|t:|1769304186
|move|p1a: Rotom|Discharge|p2a: Sage
|-damage|p2a: Sage|0 fnt
|faint|p2a: Sage
|
|-weather|SunnyDay|[upkeep]
|upkeep
|
|t:|1769304193
|switch|p2a: DeeDee|Indeedee, M|58/100
|-fieldstart|move: Psychic Terrain|[from] ability: Psychic Surge|[of] p2a: DeeDee
|turn|16
|
|t:|1769304198
|move|p2a: DeeDee|Expanding Force|p1a: Rotom
|-damage|p1a: Rotom|0 fnt
|faint|p1a: Rotom
|
|-weather|SunnyDay|[upkeep]
|upkeep
|
|t:|1769304202
|switch|p1a: Iron Treads|Iron Treads|81/100
|turn|17
|
|t:|1769304206
|move|p2a: DeeDee|Encore||[still]
|-fail|p2a: DeeDee
|move|p1a: Iron Treads|Knock Off|p2a: DeeDee
|-supereffective|p2a: DeeDee
|-damage|p2a: DeeDee|0 fnt
|-enditem|p2a: DeeDee|Terrain Extender|[from] move: Knock Off|[of] p1a: Iron Treads
|faint|p2a: DeeDee
|
|-weather|none
|upkeep
|c|☆waha8|gg
|-message|waha8 forfeited.
|
|win|InfinityPokeRang3r
|raw|InfinityPokeRang3r's rating: 1444 &rarr; <strong>1462</strong><br />(+18 for winning)
|raw|waha8's rating: 1405 &rarr; <strong>1387</strong><br />(-18 for losing)
|l|☆waha8
|player|p2|
|l|☆InfinityPokeRang3r
|player|p1|
