|j|☆Alerjake
|j|☆TKODATRUTH
|t:|1769310308
|gametype|singles
|player|p1|Alerjake|1|1375
|player|p2|TKODATRUTH|lance|1379
|gen|9
|tier|[Gen 9] OU
|rated|
|rule|HP Percentage Mod: HP is shown in percentages
|rule|Endless Battle Clause: Forcing endless battles is banned
|rule|Species Clause: Limit one of each Pokémon
|rule|OHKO Clause: OHKO moves are banned
|rule|Evasion Items Clause: Evasion items are banned
|rule|Evasion Moves Clause: Evasion moves are banned
|rule|Evasion Abilities Clause: Evasion abilities are banned
|rule|Sleep Moves Clause: Sleep-inducing moves are banned
|clearpoke
|poke|p1|Ceruledge, M|
|poke|p1|Ninetales-Alola, F|
|poke|p1|Raging Bolt|
|poke|p1|Iron Crown|
|poke|p1|Hydreigon, F|
|poke|p1|Iron Treads|
|poke|p2|Charizard, M|
|poke|p2|Ninetales, M|
|poke|p2|Raging Bolt|
|poke|p2|Walking Wake|
|poke|p2|Great Tusk|
|poke|p2|Kingambit, F|
|teampreview
|inactive|Battle timer is ON: inactive players will automatically lose when time's up. (requested by Alerjake)
|
|t:|1769310332
|teamsize|p1|6
|teamsize|p2|6
|start
|switch|p1a: Hydreigon|Hydreigon, F|100/100
|switch|p2a: Blaze|Ninetales, M, shiny|100/100
|-weather|SunnyDay|[from] ability: Drought|[of] p2a: Blaze
|turn|1
|
|t:|1769310344
|switch|p2a: Sideswipe|Kingambit, F|100/100
|move|p1a: Hydreigon|Nasty Plot|p1a: Hydreigon
|-boost|p1a: Hydreigon|spa|2
|
|-weather|SunnyDay|[upkeep]
|upkeep
|turn|2
|
|t:|1769310369
|-end|p2a: Sideswipe|fallenundefined|[silent]
|switch|p2a: Blaze|Ninetales, M, shiny|100/100
|move|p1a: Hydreigon|Dragon Pulse|p2a: Blaze
|-damage|p2a: Blaze|0 fnt
|faint|p2a: Blaze
|
|-weather|SunnyDay|[upkeep]
|upkeep
|inactive|TKODATRUTH has 120 seconds left.
|
|t:|1769310383
|switch|p2a: Optimus|Walking Wake|100/100
|-activate|p2a: Optimus|ability: Protosynthesis
|-start|p2a: Optimus|protosynthesisspa
|turn|3
|inactive|TKODATRUTH has 120 seconds left.
|
|t:|1769310404
|-terastallize|p2a: Optimus|Flying
|-terastallize|p1a: Hydreigon|Steel
|move|p2a: Optimus|Hurricane|p1a: Hydreigon
|-resisted|p1a: Hydreigon
|-damage|p1a: Hydreigon|62/100
|move|p1a: Hydreigon|Dragon Pulse|p2a: Optimus
|-damage|p2a: Optimus|5/100
|
|-weather|SunnyDay|[upkeep]
|-heal|p1a: Hydreigon|68/100|[from] item: Leftovers
|upkeep
|turn|4
|
|t:|1769310425
|move|p2a: Optimus|Hurricane|p1a: Hydreigon
|-resisted|p1a: Hydreigon
|-damage|p1a: Hydreigon|30/100
|-start|p1a: Hydreigon|confusion
|-activate|p1a: Hydreigon|confusion
|-damage|p1a: Hydreigon|21/100|[from] confusion
|
|-weather|SunnyDay|[upkeep]
|-heal|p1a: Hydreigon|28/100|[from] item: Leftovers
|upkeep
|turn|5
|inactive|Alerjake has 120 seconds left.
|
|t:|1769310465
|move|p2a: Optimus|Hurricane|p1a: Hydreigon|[miss]
|-miss|p2a: Optimus|p1a: Hydreigon
|-activate|p1a: Hydreigon|confusion
|move|p1a: Hydreigon|Flash Cannon|p2a: Optimus
|-damage|p2a: Optimus|0 fnt
|faint|p2a: Optimus
|-end|p2a: Optimus|Protosynthesis|[silent]
|
|-weather|SunnyDay|[upkeep]
|-heal|p1a: Hydreigon|34/100|[from] item: Leftovers
|upkeep
|inactive|TKODATRUTH has 90 seconds left.
|
|t:|1769310491
|switch|p2a: Jetfire|Charizard, M, shiny|100/100
|turn|6
|inactive|Alerjake has 120 seconds left.
|inactive|TKODATRUTH has 90 seconds left.
|
|t:|1769310506
|move|p2a: Jetfire|Fire Blast|p1a: Hydreigon|[miss]
|-miss|p2a: Jetfire|p1a: Hydreigon
|-activate|p1a: Hydreigon|confusion
|move|p1a: Hydreigon|Dragon Pulse|p2a: Jetfire
|-damage|p2a: Jetfire|0 fnt
|faint|p2a: Jetfire
|
|-weather|SunnyDay|[upkeep]
|-heal|p1a: Hydreigon|40/100|[from] item: Leftovers
|upkeep
|inactive|TKODATRUTH has 90 seconds left.
|
|t:|1769310527
|switch|p2a: Rodimus|Raging Bolt|100/100
|-activate|p2a: Rodimus|ability: Protosynthesis
|-start|p2a: Rodimus|protosynthesisspa
|turn|7
|inactive|Alerjake has 120 seconds left.
|
|t:|1769310552
|move|p2a: Rodimus|Thunderclap||[still]
|-fail|p2a: Rodimus
|-end|p1a: Hydreigon|confusion
|move|p1a: Hydreigon|Substitute|p1a: Hydreigon
|-start|p1a: Hydreigon|Substitute
|-damage|p1a: Hydreigon|15/100
|
|-weather|SunnyDay|[upkeep]
|-heal|p1a: Hydreigon|21/100|[from] item: Leftovers
|upkeep
|turn|8
|
|t:|1769310572
|-end|p2a: Rodimus|Protosynthesis|[silent]
|switch|p2a: Sideswipe|Kingambit, F|100/100
|-activate|p2a: Sideswipe|ability: Supreme Overlord
|-start|p2a: Sideswipe|fallen3|[silent]
|move|p1a: Hydreigon|Dragon Pulse|p2a: Sideswipe
|-resisted|p2a: Sideswipe
|-damage|p2a: Sideswipe|61/100
|
|-weather|none
|-heal|p1a: Hydreigon|27/100|[from] item: Leftovers
|upkeep
|turn|9
|inactive|Alerjake has 120 seconds left.
|
|t:|1769310587
|move|p2a: Sideswipe|Sucker Punch|p1a: Hydreigon
|-end|p1a: Hydreigon|Substitute
|move|p1a: Hydreigon|Flash Cannon|p2a: Sideswipe
|-resisted|p2a: Sideswipe
|-damage|p2a: Sideswipe|20/100
|
|-heal|p1a: Hydreigon|33/100|[from] item: Leftovers
|upkeep
|turn|10
|inactive|Alerjake has 120 seconds left.
|
|t:|1769310620
|move|p1a: Hydreigon|Substitute|p1a: Hydreigon
|-start|p1a: Hydreigon|Substitute
|-damage|p1a: Hydreigon|8/100
|move|p2a: Sideswipe|Kowtow Cleave|p1a: Hydreigon
|-end|p1a: Hydreigon|Substitute
|
|-heal|p1a: Hydreigon|15/100|[from] item: Leftovers
|upkeep
|turn|11
|
|t:|1769310628
|move|p2a: Sideswipe|Sucker Punch||[still]
|-fail|p2a: Sideswipe
|move|p1a: Hydreigon|Substitute|p1a: Hydreigon
|-fail|p1a: Hydreigon|move: Substitute|[weak]
|
|-heal|p1a: Hydreigon|21/100|[from] item: Leftovers
|upkeep
|turn|12
|
|t:|1769310637
|move|p2a: Sideswipe|Sucker Punch||[still]
|-fail|p2a: Sideswipe
|move|p1a: Hydreigon|Substitute|p1a: Hydreigon
|-fail|p1a: Hydreigon|move: Substitute|[weak]
|
|-heal|p1a: Hydreigon|27/100|[from] item: Leftovers
|upkeep
|turn|13
|
|t:|1769310656
|move|p2a: Sideswipe|Sucker Punch|p1a: Hydreigon
|-damage|p1a: Hydreigon|0 fnt
|faint|p1a: Hydreigon
|
|upkeep
|
|t:|1769310659
|switch|p1a: Ninetales|Ninetales-Alola, F|100/100
|-weather|Snowscape|[from] ability: Snow Warning|[of] p1a: Ninetales
|turn|14
|
|t:|1769310679
|-end|p2a: Sideswipe|fallen3|[silent]
|switch|p2a: Rodimus|Raging Bolt|100/100
|move|p1a: Ninetales|Aurora Veil|p1a: Ninetales
|-sidestart|p1: Alerjake|move: Aurora Veil
|
|-weather|Snowscape|[upkeep]
|upkeep
|turn|15
|
|t:|1769310697
|move|p1a: Ninetales|Moonblast|p2a: Rodimus
|-supereffective|p2a: Rodimus
|-damage|p2a: Rodimus|54/100
|move|p2a: Rodimus|Weather Ball|p1a: Ninetales
|-resisted|p1a: Ninetales
|-damage|p1a: Ninetales|87/100
|
|-weather|Snowscape|[upkeep]
|upkeep
|turn|16
|
|t:|1769310708
|-end|p2a: Rodimus|Protosynthesis|[silent]
|switch|p2a: Tidas|Great Tusk, shiny|100/100
|move|p1a: Ninetales|Moonblast|p2a: Tidas
|-supereffective|p2a: Tidas
|-damage|p2a: Tidas|14/100
|
|-weather|Snowscape|[upkeep]
|upkeep
|turn|17
|-message|TKODATRUTH forfeited.
|
|win|Alerjake
|raw|Alerjake's rating: 1375 &rarr; <strong>1395</strong><br />(+20 for winning)
|raw|TKODATRUTH's rating: 1379 &rarr; <strong>1359</strong><br />(-20 for losing)
