|badge|p2|silver|gen9ou|30-8
|uhtml|medal-msg|<div class="broadcast-blue">Curious what those medals under the avatar are? PS now has Ladder Seasons! For more information, check out the <a href="https://www.smogon.com/forums/threads/3740067/">thread on Smogon.</a></div>
|j|☆flygonisdragon
|j|‽ClRCUS MAXIMUS
|t:|1769318318
|gametype|singles
|player|p1|flygonisdragon|alder|1676
|player|p2|ClRCUS MAXIMUS|rood|1907
|gen|9
|tier|[Gen 9] OU
|rated|
|rule|HP Percentage Mod: HP is shown in percentages
|rule|Endless Battle Clause: Forcing endless battles is banned
|rule|Species Clause: Limit one of each Pokémon
|rule|OHKO Clause: OHKO moves are banned
|rule|Evasion Items Clause: Evasion items are banned
|rule|Evasion Moves Clause: Evasion moves are banned
|rule|Evasion Abilities Clause: Evasion abilities are banned
|rule|Sleep Moves Clause: Sleep-inducing moves are banned
|clearpoke
|poke|p1|Meloetta|
|poke|p1|Volcanion|
|poke|p1|Kyurem|
|poke|p1|Kommo-o, M|
|poke|p1|Hatterene, F|
|poke|p1|Cinderace, M|
|poke|p2|Ogerpon-Cornerstone, F|
|poke|p2|Pecharunt|
|poke|p2|Great Tusk|
|poke|p2|Alomomola, F|
|poke|p2|Iron Valiant|
|poke|p2|Garganacl, M|
|teampreview
|inactive|Battle timer is ON: inactive players will automatically lose when time's up. (requested by ClRCUS MAXIMUS)
|inactive|flygonisdragon has 120 seconds left.
|
|t:|1769318357
|teamsize|p1|6
|teamsize|p2|6
|start
|switch|p1a: Kyurem|Kyurem|100/100
|switch|p2a: Iron Valiant|Iron Valiant, shiny|100/100
|-ability|p1a: Kyurem|Pressure
|turn|1
|
|t:|1769318362
|switch|p1a: Hatterene|Hatterene, F|100/100
|move|p2a: Iron Valiant|Moonblast|p1a: Hatterene
|-damage|p1a: Hatterene|57/100
|
|upkeep
|turn|2
|
|t:|1769318370
|-end|p2a: Iron Valiant|Quark Drive|[silent]
|switch|p2a: Alomomola|Alomomola, F, shiny|100/100
|move|p1a: Hatterene|Draining Kiss|p2a: Alomomola
|-damage|p2a: Alomomola|85/100
|-heal|p1a: Hatterene|74/100|[from] drain|[of] p2a: Alomomola
|
|upkeep
|turn|3
|
|t:|1769318377
|move|p1a: Hatterene|Nuzzle|p2a: Alomomola
|-supereffective|p2a: Alomomola
|-damage|p2a: Alomomola|81/100
|-status|p2a: Alomomola|par
|move|p2a: Alomomola|Mirror Coat||[still]
|-fail|p2a: Alomomola
|
|upkeep
|turn|4
|
|t:|1769318387
|move|p1a: Hatterene|Draining Kiss|p2a: Alomomola
|-damage|p2a: Alomomola|65/100 par
|-heal|p1a: Hatterene|92/100|[from] drain|[of] p2a: Alomomola
|move|p2a: Alomomola|Flip Turn|p1a: Hatterene
|-damage|p1a: Hatterene|73/100
|
|t:|1769318393
|switch|p2a: Garganacl|Garganacl, M, shiny|100/100|[from] Flip Turn
|
|upkeep
|turn|5
|
|t:|1769318401
|move|p1a: Hatterene|Draining Kiss|p2a: Garganacl
|-crit|p2a: Garganacl
|-damage|p2a: Garganacl|73/100
|-heal|p1a: Hatterene|99/100|[from] drain|[of] p2a: Garganacl
|move|p2a: Garganacl|Salt Cure|p1a: Hatterene
|-damage|p1a: Hatterene|82/100
|-start|p1a: Hatterene|Salt Cure
|
|-heal|p2a: Garganacl|80/100|[from] item: Leftovers
|-damage|p1a: Hatterene|70/100|[from] Salt Cure
|upkeep
|turn|6
|
|t:|1769318406
|move|p2a: Garganacl|Protect|p2a: Garganacl
|-singleturn|p2a: Garganacl|Protect
|move|p1a: Hatterene|Draining Kiss|p2a: Garganacl
|-activate|p2a: Garganacl|move: Protect
|
|-heal|p2a: Garganacl|86/100|[from] item: Leftovers
|-damage|p1a: Hatterene|58/100|[from] Salt Cure
|upkeep
|turn|7
|
|t:|1769318414
|move|p1a: Hatterene|Draining Kiss|p2a: Garganacl
|-damage|p2a: Garganacl|68/100
|-heal|p1a: Hatterene|74/100|[from] drain|[of] p2a: Garganacl
|move|p2a: Garganacl|Salt Cure|p1a: Hatterene
|-crit|p1a: Hatterene
|-damage|p1a: Hatterene|51/100
|
|-heal|p2a: Garganacl|75/100|[from] item: Leftovers
|-damage|p1a: Hatterene|39/100|[from] Salt Cure
|upkeep
|turn|8
|
|t:|1769318422
|move|p2a: Garganacl|Protect|p2a: Garganacl
|-singleturn|p2a: Garganacl|Protect
|move|p1a: Hatterene|Draining Kiss|p2a: Garganacl
|-activate|p2a: Garganacl|move: Protect
|
|-heal|p2a: Garganacl|81/100|[from] item: Leftovers
|-damage|p1a: Hatterene|26/100|[from] Salt Cure
|upkeep
|turn|9
|
|t:|1769318426
|switch|p2a: Pecharunt|Pecharunt|100/100
|move|p1a: Hatterene|Draining Kiss|p2a: Pecharunt
|-resisted|p2a: Pecharunt
|-damage|p2a: Pecharunt|87/100
|-heal|p1a: Hatterene|39/100|[from] drain|[of] p2a: Pecharunt
|
|-damage|p1a: Hatterene|26/100|[from] Salt Cure
|upkeep
|turn|10
|
|t:|1769318432
|move|p2a: Pecharunt|Malignant Chain|p1a: Hatterene
|-supereffective|p1a: Hatterene
|-damage|p1a: Hatterene|0 fnt
|faint|p1a: Hatterene
|
|upkeep
|
|t:|1769318436
|switch|p1a: Meloetta|Meloetta, shiny|100/100
|turn|11
|
|t:|1769318441
|switch|p2a: Alomomola|Alomomola, F, shiny|98/100 par
|move|p1a: Meloetta|Knock Off|p2a: Alomomola
|-damage|p2a: Alomomola|84/100 par
|-enditem|p2a: Alomomola|Assault Vest|[from] move: Knock Off|[of] p1a: Meloetta
|
|upkeep
|turn|12
|
|t:|1769318450
|move|p1a: Meloetta|Swords Dance|p1a: Meloetta
|-boost|p1a: Meloetta|atk|2
|move|p2a: Alomomola|Flip Turn|p1a: Meloetta
|-damage|p1a: Meloetta|81/100
|
|t:|1769318452
|switch|p2a: Ogerpon|Ogerpon-Cornerstone, F|100/100|[from] Flip Turn
|
|upkeep
|turn|13
|
|t:|1769318463
|move|p2a: Ogerpon|Encore|p1a: Meloetta
|-start|p1a: Meloetta|Encore
|move|p1a: Meloetta|Swords Dance|p1a: Meloetta
|-boost|p1a: Meloetta|atk|2
|
|upkeep
|turn|14
|
|t:|1769318473
|switch|p2a: Iron Valiant|Iron Valiant, shiny|100/100
|switch|p1a: Cinderace|Cinderace, M|100/100
|
|upkeep
|turn|15
|
|t:|1769318482
|move|p1a: Cinderace|Pyro Ball|p2a: Iron Valiant
|-damage|p2a: Iron Valiant|43/100
|move|p2a: Iron Valiant|Shadow Ball|p1a: Cinderace
|-damage|p1a: Cinderace|54/100
|
|upkeep
|turn|16
|
|t:|1769318488
|-end|p2a: Iron Valiant|Quark Drive|[silent]
|switch|p2a: Garganacl|Garganacl, M, shiny|81/100
|move|p1a: Cinderace|Pyro Ball|p2a: Garganacl
|-resisted|p2a: Garganacl
|-damage|p2a: Garganacl|64/100
|
|-heal|p2a: Garganacl|70/100|[from] item: Leftovers
|upkeep
|turn|17
|
|t:|1769318494
|switch|p1a: Volcanion|Volcanion|100/100
|move|p2a: Garganacl|Stealth Rock|p1a: Volcanion
|-sidestart|p1: flygonisdragon|move: Stealth Rock
|
|-heal|p2a: Garganacl|76/100|[from] item: Leftovers
|upkeep
|turn|18
|
|t:|1769318498
|move|p2a: Garganacl|Protect|p2a: Garganacl
|-singleturn|p2a: Garganacl|Protect
|move|p1a: Volcanion|Steam Eruption|p2a: Garganacl
|-activate|p2a: Garganacl|move: Protect
|
|-heal|p2a: Garganacl|83/100|[from] item: Leftovers
|upkeep
|turn|19
|
|t:|1769318501
|switch|p2a: Alomomola|Alomomola, F, shiny|100/100 par
|move|p1a: Volcanion|Steam Eruption|p2a: Alomomola
|-resisted|p2a: Alomomola
|-damage|p2a: Alomomola|62/100 par
|
|upkeep
|turn|20
|
|t:|1769318506
|switch|p1a: Cinderace|Cinderace, M|54/100
|move|p2a: Alomomola|Mirror Coat||[still]
|-fail|p2a: Alomomola
|
|upkeep
|turn|21
|
|t:|1769318511
|move|p1a: Cinderace|Court Change|p1a: Cinderace
|-swapsideconditions
|-activate|p1a: Cinderace|move: Court Change
|cant|p2a: Alomomola|par
|
|upkeep
|turn|22
|
|t:|1769318516
|switch|p1a: Volcanion|Volcanion|100/100
|switch|p2a: Great Tusk|Great Tusk, shiny|100/100
|
|upkeep
|turn|23
|
|t:|1769318521
|move|p2a: Great Tusk|Rapid Spin|p1a: Volcanion
|-damage|p1a: Volcanion|83/100
|-boost|p2a: Great Tusk|spe|1
|-sideend|p2: ClRCUS MAXIMUS|Stealth Rock|[from] move: Rapid Spin|[of] p2a: Great Tusk
|move|p1a: Volcanion|Steam Eruption|p2a: Great Tusk
|-supereffective|p2a: Great Tusk
|-damage|p2a: Great Tusk|0 fnt
|faint|p2a: Great Tusk
|-end|p2a: Great Tusk|Protosynthesis|[silent]
|
|upkeep
|
|t:|1769318523
|switch|p2a: Ogerpon|Ogerpon-Cornerstone, F|100/100
|turn|24
|
|t:|1769318542
|-terastallize|p1a: Volcanion|Ground
|move|p2a: Ogerpon|Ivy Cudgel|p1a: Volcanion|[anim] Ivy Cudgel Rock
|-resisted|p1a: Volcanion
|-damage|p1a: Volcanion|52/100
|move|p1a: Volcanion|Steam Eruption|p2a: Ogerpon
|-ability|p2a: Ogerpon|Sturdy
|-damage|p2a: Ogerpon|1/100
|
|upkeep
|turn|25
|inactive|flygonisdragon has 120 seconds left.
|
|t:|1769318596
|switch|p1a: Cinderace|Cinderace, M|54/100
|move|p2a: Ogerpon|Power Whip|p1a: Cinderace
|-resisted|p1a: Cinderace
|-damage|p1a: Cinderace|7/100
|
|upkeep
|turn|26
|
|t:|1769318607
|switch|p2a: Alomomola|Alomomola, F, shiny|95/100 par
|move|p1a: Cinderace|Pyro Ball|p2a: Alomomola
|-resisted|p2a: Alomomola
|-damage|p2a: Alomomola|71/100 par
|
|upkeep
|turn|27
|
|t:|1769318613
|switch|p1a: Volcanion|Volcanion, tera:Ground|52/100
|move|p2a: Alomomola|Body Slam|p1a: Volcanion
|-damage|p1a: Volcanion|36/100
|
|upkeep
|turn|28
|
|t:|1769318619
|move|p1a: Volcanion|Earth Power|p2a: Alomomola
|-crit|p2a: Alomomola
|-damage|p2a: Alomomola|0 fnt
|faint|p2a: Alomomola
|
|upkeep
|
|t:|1769318625
|switch|p2a: Iron Valiant|Iron Valiant, shiny|43/100
|turn|29
|
|t:|1769318634
|move|p2a: Iron Valiant|Moonblast|p1a: Volcanion
|-damage|p1a: Volcanion|0 fnt
|faint|p1a: Volcanion
|
|upkeep
|
|t:|1769318636
|switch|p1a: Meloetta|Meloetta, shiny|81/100
|turn|30
|
|t:|1769318642
|-end|p2a: Iron Valiant|Quark Drive|[silent]
|switch|p2a: Pecharunt|Pecharunt|87/100
|move|p1a: Meloetta|Relic Song|p2a: Pecharunt
|-immune|p2a: Pecharunt
|
|upkeep
|turn|31
|
|t:|1769318658
|move|p1a: Meloetta|Knock Off|p2a: Pecharunt
|-supereffective|p2a: Pecharunt
|-damage|p2a: Pecharunt|63/100
|-enditem|p2a: Pecharunt|Heavy-Duty Boots|[from] move: Knock Off|[of] p1a: Meloetta
|move|p2a: Pecharunt|Malignant Chain|p1a: Meloetta
|-damage|p1a: Meloetta|56/100
|
|upkeep
|turn|32
|
|t:|1769318671
|move|p1a: Meloetta|Swords Dance|p1a: Meloetta
|-boost|p1a: Meloetta|atk|2
|move|p2a: Pecharunt|Recover|p2a: Pecharunt
|-heal|p2a: Pecharunt|100/100
|
|upkeep
|turn|33
|
|t:|1769318679
|move|p1a: Meloetta|Knock Off|p2a: Pecharunt
|-supereffective|p2a: Pecharunt
|-damage|p2a: Pecharunt|70/100
|move|p2a: Pecharunt|Malignant Chain|p1a: Meloetta
|-crit|p1a: Meloetta
|-damage|p1a: Meloetta|20/100
|
|upkeep
|turn|34
|
|t:|1769318684
|move|p1a: Meloetta|Knock Off|p2a: Pecharunt
|-supereffective|p2a: Pecharunt
|-damage|p2a: Pecharunt|39/100
|move|p2a: Pecharunt|Recover|p2a: Pecharunt
|-heal|p2a: Pecharunt|89/100
|
|upkeep
|turn|35
|inactive|ClRCUS MAXIMUS has 120 seconds left.
|
|t:|1769318733
|move|p1a: Meloetta|Knock Off|p2a: Pecharunt
|-supereffective|p2a: Pecharunt
|-crit|p2a: Pecharunt
|-damage|p2a: Pecharunt|43/100
|move|p2a: Pecharunt|Recover|p2a: Pecharunt
|-heal|p2a: Pecharunt|93/100
|
|upkeep
|turn|36
|j| firecharmander004
|inactive|ClRCUS MAXIMUS has 90 seconds left.
|inactive|ClRCUS MAXIMUS has 60 seconds left.
|inactive|ClRCUS MAXIMUS has 30 seconds left.
|
|t:|1769318826
|switch|p2a: Ogerpon|Ogerpon-Cornerstone, F|1/100
|move|p1a: Meloetta|Knock Off|p2a: Ogerpon
|-damage|p2a: Ogerpon|0 fnt
|faint|p2a: Ogerpon
|
|upkeep
|inactive|ClRCUS MAXIMUS has 30 seconds left this turn.
|
|t:|1769318828
|switch|p2a: Iron Valiant|Iron Valiant, shiny|43/100
|turn|37
|
|t:|1769318837
|move|p2a: Iron Valiant|Moonblast|p1a: Meloetta
|-damage|p1a: Meloetta|0 fnt
|faint|p1a: Meloetta
|
|upkeep
|
|t:|1769318841
|switch|p1a: Cinderace|Cinderace, M|7/100
|turn|38
|
|t:|1769318849
|-end|p2a: Iron Valiant|Quark Drive|[silent]
|switch|p2a: Pecharunt|Pecharunt|93/100
|move|p1a: Cinderace|Pyro Ball|p2a: Pecharunt
|-damage|p2a: Pecharunt|60/100
|
|upkeep
|turn|39
|
|t:|1769318858
|move|p1a: Cinderace|Pyro Ball|p2a: Pecharunt
|-damage|p2a: Pecharunt|29/100
|move|p2a: Pecharunt|Recover|p2a: Pecharunt
|-heal|p2a: Pecharunt|79/100
|
|upkeep
|turn|40
|
|t:|1769318861
|move|p1a: Cinderace|Pyro Ball|p2a: Pecharunt
|-damage|p2a: Pecharunt|45/100
|move|p2a: Pecharunt|Recover|p2a: Pecharunt
|-heal|p2a: Pecharunt|95/100
|
|upkeep
|turn|41
|
|t:|1769318865
|switch|p2a: Garganacl|Garganacl, M, shiny|83/100
|move|p1a: Cinderace|Pyro Ball|p2a: Garganacl|[miss]
|-miss|p1a: Cinderace|p2a: Garganacl
|
|-heal|p2a: Garganacl|89/100|[from] item: Leftovers
|upkeep
|turn|42
|
|t:|1769318875
|move|p1a: Cinderace|Pyro Ball|p2a: Garganacl
|-resisted|p2a: Garganacl
|-damage|p2a: Garganacl|66/100
|move|p2a: Garganacl|Salt Cure|p1a: Cinderace
|-supereffective|p1a: Cinderace
|-damage|p1a: Cinderace|0 fnt
|faint|p1a: Cinderace
|
|-heal|p2a: Garganacl|72/100|[from] item: Leftovers
|upkeep
|
|t:|1769318886
|switch|p1a: Kyurem|Kyurem|100/100
|-ability|p1a: Kyurem|Pressure
|turn|43
|
|t:|1769318890
|move|p1a: Kyurem|Substitute|p1a: Kyurem
|-start|p1a: Kyurem|Substitute
|-damage|p1a: Kyurem|75/100
|move|p2a: Garganacl|Salt Cure|p1a: Kyurem
|-supereffective|p1a: Kyurem
|-activate|p1a: Kyurem|move: Substitute|[damage]
|
|-heal|p1a: Kyurem|82/100|[from] item: Leftovers
|-heal|p2a: Garganacl|78/100|[from] item: Leftovers
|upkeep
|turn|44
|
|t:|1769318896
|move|p1a: Kyurem|Protect|p1a: Kyurem
|-singleturn|p1a: Kyurem|Protect
|move|p2a: Garganacl|Salt Cure|p1a: Kyurem
|-activate|p1a: Kyurem|move: Protect
|
|-heal|p1a: Kyurem|88/100|[from] item: Leftovers
|-heal|p2a: Garganacl|84/100|[from] item: Leftovers
|upkeep
|turn|45
|
|t:|1769318901
|move|p1a: Kyurem|Earth Power|p2a: Garganacl
|-supereffective|p2a: Garganacl
|-damage|p2a: Garganacl|44/100
|move|p2a: Garganacl|Salt Cure|p1a: Kyurem
|-supereffective|p1a: Kyurem
|-end|p1a: Kyurem|Substitute
|
|-heal|p1a: Kyurem|94/100|[from] item: Leftovers
|-heal|p2a: Garganacl|51/100|[from] item: Leftovers
|upkeep
|turn|46
|inactive|ClRCUS MAXIMUS has 120 seconds left.
|
|t:|1769318918
|move|p1a: Kyurem|Substitute|p1a: Kyurem
|-start|p1a: Kyurem|Substitute
|-damage|p1a: Kyurem|69/100
|move|p2a: Garganacl|Salt Cure|p1a: Kyurem
|-supereffective|p1a: Kyurem
|-end|p1a: Kyurem|Substitute
|
|-heal|p1a: Kyurem|75/100|[from] item: Leftovers
|-heal|p2a: Garganacl|57/100|[from] item: Leftovers
|upkeep
|turn|47
|
|t:|1769318929
|move|p1a: Kyurem|Substitute|p1a: Kyurem
|-start|p1a: Kyurem|Substitute
|-damage|p1a: Kyurem|50/100
|move|p2a: Garganacl|Salt Cure|p1a: Kyurem
|-supereffective|p1a: Kyurem
|-end|p1a: Kyurem|Substitute
|
|-heal|p1a: Kyurem|56/100|[from] item: Leftovers
|-heal|p2a: Garganacl|63/100|[from] item: Leftovers
|upkeep
|turn|48
|
|t:|1769318936
|move|p1a: Kyurem|Protect|p1a: Kyurem
|-singleturn|p1a: Kyurem|Protect
|move|p2a: Garganacl|Salt Cure|p1a: Kyurem
|-activate|p1a: Kyurem|move: Protect
|
|-heal|p1a: Kyurem|63/100|[from] item: Leftovers
|-heal|p2a: Garganacl|69/100|[from] item: Leftovers
|upkeep
|turn|49
|
|t:|1769318954
|move|p1a: Kyurem|Substitute|p1a: Kyurem
|-start|p1a: Kyurem|Substitute
|-damage|p1a: Kyurem|38/100
|move|p2a: Garganacl|Salt Cure|p1a: Kyurem
|-supereffective|p1a: Kyurem
|-end|p1a: Kyurem|Substitute
|
|-heal|p1a: Kyurem|44/100|[from] item: Leftovers
|-heal|p2a: Garganacl|75/100|[from] item: Leftovers
|upkeep
|turn|50
|
|t:|1769318960
|move|p1a: Kyurem|Substitute|p1a: Kyurem
|-start|p1a: Kyurem|Substitute
|-damage|p1a: Kyurem|19/100
|move|p2a: Garganacl|Salt Cure|p1a: Kyurem
|-supereffective|p1a: Kyurem
|-end|p1a: Kyurem|Substitute
|
|-heal|p1a: Kyurem|25/100|[from] item: Leftovers
|-heal|p2a: Garganacl|82/100|[from] item: Leftovers
|upkeep
|turn|51
|
|t:|1769318966
|move|p1a: Kyurem|Substitute|p1a: Kyurem
|-fail|p1a: Kyurem|move: Substitute|[weak]
|move|p2a: Garganacl|Salt Cure|p1a: Kyurem
|-supereffective|p1a: Kyurem
|-damage|p1a: Kyurem|0 fnt
|faint|p1a: Kyurem
|
|-heal|p2a: Garganacl|88/100|[from] item: Leftovers
|upkeep
|
|t:|1769318969
|switch|p1a: Kommo-o|Kommo-o, M|100/100
|turn|52
|
|t:|1769318975
|switch|p2a: Pecharunt|Pecharunt|95/100
|move|p1a: Kommo-o|Clangorous Soul|p1a: Kommo-o
|-boost|p1a: Kommo-o|atk|1
|-boost|p1a: Kommo-o|def|1
|-boost|p1a: Kommo-o|spa|1
|-boost|p1a: Kommo-o|spd|1
|-boost|p1a: Kommo-o|spe|1
|-damage|p1a: Kommo-o|68/100
|-enditem|p1a: Kommo-o|Throat Spray
|-boost|p1a: Kommo-o|spa|1|[from] item: Throat Spray
|
|upkeep
|turn|53
|l| firecharmander004
|
|t:|1769318982
|move|p1a: Kommo-o|Clanging Scales|p2a: Pecharunt
|-damage|p2a: Pecharunt|6/100
|-unboost|p1a: Kommo-o|def|1
|move|p2a: Pecharunt|Parting Shot|p1a: Kommo-o
|-unboost|p1a: Kommo-o|atk|1
|-unboost|p1a: Kommo-o|spa|1
|
|t:|1769318990
|switch|p2a: Iron Valiant|Iron Valiant, shiny|43/100|[from] Parting Shot
|
|upkeep
|turn|54
|inactive|ClRCUS MAXIMUS has 120 seconds left.
|
|t:|1769319044
|-end|p2a: Iron Valiant|Quark Drive|[silent]
|switch|p2a: Pecharunt|Pecharunt|6/100
|move|p1a: Kommo-o|Boomburst|p2a: Pecharunt
|-immune|p2a: Pecharunt
|
|upkeep
|turn|55
|
|t:|1769319057
|move|p1a: Kommo-o|Flamethrower|p2a: Pecharunt
|-damage|p2a: Pecharunt|0 fnt
|faint|p2a: Pecharunt
|
|upkeep
|
|t:|1769319064
|switch|p2a: Garganacl|Garganacl, M, shiny|88/100
|turn|56
|
|t:|1769319075
|move|p1a: Kommo-o|Clanging Scales|p2a: Garganacl
|-damage|p2a: Garganacl|41/100
|-unboost|p1a: Kommo-o|def|1
|move|p2a: Garganacl|Salt Cure|p1a: Kommo-o
|-resisted|p1a: Kommo-o
|-damage|p1a: Kommo-o|57/100
|-start|p1a: Kommo-o|Salt Cure
|
|-heal|p2a: Garganacl|48/100|[from] item: Leftovers
|-damage|p1a: Kommo-o|44/100|[from] Salt Cure
|upkeep
|turn|57
|
|t:|1769319083
|move|p2a: Garganacl|Protect|p2a: Garganacl
|-singleturn|p2a: Garganacl|Protect
|move|p1a: Kommo-o|Clanging Scales|p2a: Garganacl
|-activate|p2a: Garganacl|move: Protect
|
|-heal|p2a: Garganacl|54/100|[from] item: Leftovers
|-damage|p1a: Kommo-o|32/100|[from] Salt Cure
|upkeep
|turn|58
|
|t:|1769319086
|move|p1a: Kommo-o|Clanging Scales|p2a: Garganacl
|-damage|p2a: Garganacl|5/100
|-unboost|p1a: Kommo-o|def|1
|move|p2a: Garganacl|Recover|p2a: Garganacl
|-heal|p2a: Garganacl|55/100
|
|-heal|p2a: Garganacl|62/100|[from] item: Leftovers
|-damage|p1a: Kommo-o|20/100|[from] Salt Cure
|upkeep
|turn|59
|
|t:|1769319090
|move|p2a: Garganacl|Protect|p2a: Garganacl
|-singleturn|p2a: Garganacl|Protect
|move|p1a: Kommo-o|Clanging Scales|p2a: Garganacl
|-activate|p2a: Garganacl|move: Protect
|
|-heal|p2a: Garganacl|68/100|[from] item: Leftovers
|-damage|p1a: Kommo-o|7/100|[from] Salt Cure
|upkeep
|turn|60
|
|t:|1769319092
|move|p1a: Kommo-o|Clanging Scales|p2a: Garganacl
|-damage|p2a: Garganacl|19/100
|-unboost|p1a: Kommo-o|def|1
|move|p2a: Garganacl|Recover|p2a: Garganacl
|-heal|p2a: Garganacl|69/100
|
|-heal|p2a: Garganacl|75/100|[from] item: Leftovers
|-damage|p1a: Kommo-o|0 fnt|[from] Salt Cure
|faint|p1a: Kommo-o
|
|win|ClRCUS MAXIMUS
|raw|flygonisdragon's rating: 1676 &rarr; <strong>1668</strong><br />(-8 for losing)
|raw|ClRCUS MAXIMUS's rating: 1907 &rarr; <strong>1915</strong><br />(+8 for winning)
|l|‽ClRCUS MAXIMUS
|player|p2|
|l|☆flygonisdragon
|player|p1|
