|j|☆EleaRosea
|j|☆rekka auto
|t:|1769337890
|gametype|singles
|player|p1|EleaRosea|harmony|1478
|player|p2|rekka auto|drayden|1517
|gen|9
|tier|[Gen 9] OU
|rated|
|rule|HP Percentage Mod: HP is shown in percentages
|rule|Endless Battle Clause: Forcing endless battles is banned
|rule|Species Clause: Limit one of each Pokémon
|rule|OHKO Clause: OHKO moves are banned
|rule|Evasion Items Clause: Evasion items are banned
|rule|Evasion Moves Clause: Evasion moves are banned
|rule|Evasion Abilities Clause: Evasion abilities are banned
|rule|Sleep Moves Clause: Sleep-inducing moves are banned
|clearpoke
|poke|p1|Great Tusk|
|poke|p1|Heatran, F|
|poke|p1|Weavile, F|
|poke|p1|Primarina, F|
|poke|p1|Ogerpon, F|
|poke|p1|Pecharunt|
|poke|p2|Rotom-Wash|
|poke|p2|Scizor, M|
|poke|p2|Great Tusk|
|poke|p2|Gholdengo|
|poke|p2|Dragonite, M|
|poke|p2|Ting-Lu|
|teampreview
|inactive|Battle timer is ON: inactive players will automatically lose when time's up. (requested by rekka auto)
|inactive|rekka auto has 120 seconds left.
|
|t:|1769337923
|teamsize|p1|6
|teamsize|p2|6
|start
|switch|p1a: Anonymous|Ogerpon, F|100/100
|switch|p2a: Rotom|Rotom-Wash|100/100
|turn|1
|
|t:|1769337949
|switch|p2a: Scizor|Scizor, M|100/100
|move|p1a: Anonymous|Ivy Cudgel|p2a: Scizor
|-resisted|p2a: Scizor
|-damage|p2a: Scizor|79/100
|
|upkeep
|turn|2
|
|t:|1769337953
|switch|p1a: Overseer|Pecharunt|100/100
|move|p2a: Scizor|Knock Off|p1a: Overseer
|-supereffective|p1a: Overseer
|-damage|p1a: Overseer|46/100
|-damage|p2a: Scizor|63/100|[from] item: Rocky Helmet|[of] p1a: Overseer
|-enditem|p1a: Overseer|Rocky Helmet|[from] move: Knock Off|[of] p2a: Scizor
|
|upkeep
|turn|3
|
|t:|1769337962
|switch|p2a: Gholdengo|Gholdengo|100/100
|move|p1a: Overseer|Recover|p1a: Overseer
|-heal|p1a: Overseer|96/100
|
|upkeep
|turn|4
|
|t:|1769337967
|switch|p1a: Celestine|Primarina, F, shiny|100/100
|move|p2a: Gholdengo|Trick|p1a: Celestine
|-activate|p2a: Gholdengo|move: Trick|[of] p1a: Celestine
|-item|p1a: Celestine|Choice Scarf|[from] move: Trick
|-item|p2a: Gholdengo|Assault Vest|[from] move: Trick
|
|upkeep
|turn|5
|
|t:|1769337976
|move|p2a: Gholdengo|Make It Rain|p1a: Celestine
|-damage|p1a: Celestine|47/100
|-unboost|p2a: Gholdengo|spa|1
|move|p1a: Celestine|Flip Turn|p2a: Gholdengo
|-damage|p2a: Gholdengo|85/100
|
|t:|1769337994
|switch|p1a: Bandit|Weavile, F, shiny|100/100|[from] Flip Turn
|-ability|p1a: Bandit|Pressure
|
|upkeep
|turn|6
|
|t:|1769338000
|switch|p2a: Great Tusk|Great Tusk|100/100
|move|p1a: Bandit|Knock Off|p2a: Great Tusk
|-resisted|p2a: Great Tusk
|-damage|p2a: Great Tusk|77/100
|-enditem|p2a: Great Tusk|Heavy-Duty Boots|[from] move: Knock Off|[of] p1a: Bandit
|
|upkeep
|turn|7
|
|t:|1769338016
|switch|p1a: Celestine|Primarina, F, shiny|47/100
|-end|p2a: Great Tusk|Protosynthesis|[silent]
|switch|p2a: Rotom|Rotom-Wash|100/100
|
|upkeep
|turn|8
|
|t:|1769338020
|move|p1a: Celestine|Flip Turn|p2a: Rotom
|-resisted|p2a: Rotom
|-damage|p2a: Rotom|95/100
|-damage|p1a: Celestine|30/100|[from] item: Rocky Helmet|[of] p2a: Rotom
|
|t:|1769338033
|switch|p1a: Anonymous|Ogerpon, F|100/100|[from] Flip Turn
|move|p2a: Rotom|Volt Switch|p1a: Anonymous
|-resisted|p1a: Anonymous
|-damage|p1a: Anonymous|85/100
|
|t:|1769338039
|switch|p2a: Dragonite|Dragonite, M|100/100|[from] Volt Switch
|
|upkeep
|turn|9
|inactive|EleaRosea has 120 seconds left.
|
|t:|1769338081
|move|p1a: Anonymous|U-turn|p2a: Dragonite
|-resisted|p2a: Dragonite
|-damage|p2a: Dragonite|91/100
|
|t:|1769338090
|switch|p1a: Bandit|Weavile, F, shiny|100/100|[from] U-turn
|-ability|p1a: Bandit|Pressure
|move|p2a: Dragonite|Dragon Dance|p2a: Dragonite
|-boost|p2a: Dragonite|atk|1
|-boost|p2a: Dragonite|spe|1
|
|upkeep
|turn|10
|
|t:|1769338101
|move|p1a: Bandit|Ice Shard|p2a: Dragonite
|-supereffective|p2a: Dragonite
|-damage|p2a: Dragonite|0 fnt
|faint|p2a: Dragonite
|
|upkeep
|inactive|rekka auto has 120 seconds left.
|
|t:|1769338131
|switch|p2a: Great Tusk|Great Tusk|77/100
|turn|11
|inactive|rekka auto has 120 seconds left.
|inactive|EleaRosea has 120 seconds left.
|
|t:|1769338145
|switch|p1a: Celestine|Primarina, F, shiny|30/100
|move|p2a: Great Tusk|Rapid Spin|p1a: Celestine
|-damage|p1a: Celestine|9/100
|-boost|p2a: Great Tusk|spe|1
|
|upkeep
|turn|12
|
|t:|1769338149
|move|p2a: Great Tusk|Rapid Spin|p1a: Celestine
|-damage|p1a: Celestine|0 fnt
|-boost|p2a: Great Tusk|spe|1
|faint|p1a: Celestine
|
|upkeep
|
|t:|1769338163
|switch|p1a: Anonymous|Ogerpon, F|85/100
|turn|13
|
|t:|1769338169
|move|p2a: Great Tusk|Ice Spinner|p1a: Anonymous
|-supereffective|p1a: Anonymous
|-damage|p1a: Anonymous|12/100
|move|p1a: Anonymous|Ivy Cudgel|p2a: Great Tusk
|-supereffective|p2a: Great Tusk
|-damage|p2a: Great Tusk|0 fnt
|faint|p2a: Great Tusk
|-end|p2a: Great Tusk|Protosynthesis|[silent]
|
|upkeep
|
|t:|1769338175
|switch|p2a: Scizor|Scizor, M|63/100
|turn|14
|
|t:|1769338179
|switch|p1a: Overseer|Pecharunt|96/100
|move|p2a: Scizor|U-turn|p1a: Overseer
|-resisted|p1a: Overseer
|-damage|p1a: Overseer|89/100
|
|t:|1769338182
|switch|p2a: Ting-Lu|Ting-Lu|100/100|[from] U-turn
|-ability|p2a: Ting-Lu|Vessel of Ruin
|
|upkeep
|turn|15
|
|t:|1769338186
|move|p1a: Overseer|Parting Shot|p2a: Ting-Lu
|-unboost|p2a: Ting-Lu|atk|1
|-unboost|p2a: Ting-Lu|spa|1
|
|t:|1769338204
|switch|p1a: Chaos|Heatran, F, shiny|100/100|[from] Parting Shot
|-item|p1a: Chaos|Air Balloon
|move|p2a: Ting-Lu|Earthquake|p1a: Chaos
|-immune|p1a: Chaos
|
|upkeep
|turn|16
|
|t:|1769338209
|switch|p2a: Rotom|Rotom-Wash|95/100
|move|p1a: Chaos|Taunt|p2a: Rotom
|-start|p2a: Rotom|move: Taunt
|
|upkeep
|turn|17
|
|t:|1769338239
|switch|p1a: Bandit|Weavile, F, shiny|100/100
|-ability|p1a: Bandit|Pressure
|move|p2a: Rotom|Hydro Pump|p1a: Bandit
|-damage|p1a: Bandit|42/100
|
|upkeep
|turn|18
|
|t:|1769338256
|move|p1a: Bandit|Knock Off|p2a: Rotom
|-damage|p2a: Rotom|41/100
|-damage|p1a: Bandit|26/100|[from] item: Rocky Helmet|[of] p2a: Rotom
|-enditem|p2a: Rotom|Rocky Helmet|[from] move: Knock Off|[of] p1a: Bandit
|move|p2a: Rotom|Volt Switch|p1a: Bandit
|-damage|p1a: Bandit|0 fnt
|faint|p1a: Bandit
|
|t:|1769338263
|switch|p2a: Gholdengo|Gholdengo|85/100|[from] Volt Switch
|
|upkeep
|
|t:|1769338272
|switch|p1a: Behemoth|Great Tusk, shiny|100/100
|turn|19
|
|t:|1769338285
|-terastallize|p2a: Gholdengo|Steel
|move|p1a: Behemoth|Close Combat|p2a: Gholdengo
|-supereffective|p2a: Gholdengo
|-damage|p2a: Gholdengo|0 fnt
|-unboost|p1a: Behemoth|def|1
|-unboost|p1a: Behemoth|spd|1
|faint|p2a: Gholdengo
|
|upkeep
|c|☆EleaRosea|ayyy
|c|☆rekka auto|???
|
|t:|1769338298
|switch|p2a: Scizor|Scizor, M|63/100
|turn|20
|
|t:|1769338303
|move|p1a: Behemoth|Close Combat|p2a: Scizor
|-damage|p2a: Scizor|0 fnt
|-unboost|p1a: Behemoth|def|1
|-unboost|p1a: Behemoth|spd|1
|faint|p2a: Scizor
|
|upkeep
|-message|rekka auto forfeited.
|
|win|EleaRosea
|raw|EleaRosea's rating: 1478 &rarr; <strong>1500</strong><br />(+22 for winning)
|raw|rekka auto's rating: 1517 &rarr; <strong>1495</strong><br />(-22 for losing)
|l|☆rekka auto
|player|p2|
|c|☆EleaRosea|lmao
|l|☆EleaRosea
|player|p1|
