|j|☆MfxxkingReal
|j|☆PixelPenguin2
|t:|1769320207
|gametype|singles
|player|p1|MfxxkingReal|101|1465
|player|p2|PixelPenguin2|guitarist|1482
|gen|9
|tier|[Gen 9] OU
|rated|
|rule|HP Percentage Mod: HP is shown in percentages
|rule|Endless Battle Clause: Forcing endless battles is banned
|rule|Species Clause: Limit one of each Pokémon
|rule|OHKO Clause: OHKO moves are banned
|rule|Evasion Items Clause: Evasion items are banned
|rule|Evasion Moves Clause: Evasion moves are banned
|rule|Evasion Abilities Clause: Evasion abilities are banned
|rule|Sleep Moves Clause: Sleep-inducing moves are banned
|clearpoke
|poke|p1|Corviknight, F|
|poke|p1|Samurott-Hisui, M|
|poke|p1|Ursaluna, F|
|poke|p1|Landorus-Therian, M|
|poke|p1|Dragapult, M|
|poke|p1|Slowking-Galar, F|
|poke|p2|Zoroark-Hisui, M|
|poke|p2|Ogerpon-Wellspring, F|
|poke|p2|Great Tusk|
|poke|p2|Garganacl, F|
|poke|p2|Pecharunt|
|poke|p2|Alomomola, M|
|teampreview
|inactive|Battle timer is ON: inactive players will automatically lose when time's up. (requested by PixelPenguin2)
|inactive|PixelPenguin2 has 120 seconds left.
|
|t:|1769320257
|teamsize|p1|6
|teamsize|p2|6
|start
|switch|p1a: Dragapult|Dragapult, M|100/100
|switch|p2a: Ogerpon|Ogerpon-Wellspring, F|100/100
|turn|1
|inactive|MfxxkingReal has 120 seconds left.
|
|t:|1769320302
|switch|p2a: Alomomola|Alomomola, M|100/100
|move|p1a: Dragapult|U-turn|p2a: Alomomola
|-damage|p2a: Alomomola|88/100
|
|t:|1769320308
|switch|p1a: Ursaluna|Ursaluna, F|100/100|[from] U-turn
|
|-status|p1a: Ursaluna|brn|[from] item: Flame Orb
|upkeep
|turn|2
|
|t:|1769320322
|switch|p2a: Pecharunt|Pecharunt|100/100
|-terastallize|p1a: Ursaluna|Ghost
|move|p1a: Ursaluna|Trailblaze|p2a: Pecharunt
|-resisted|p2a: Pecharunt
|-damage|p2a: Pecharunt|94/100
|-boost|p1a: Ursaluna|spe|1
|
|-damage|p1a: Ursaluna|94/100 brn|[from] brn
|upkeep
|turn|3
|inactive|MfxxkingReal has 120 seconds left.
|
|t:|1769320332
|-terastallize|p2a: Pecharunt|Dark
|move|p1a: Ursaluna|Headlong Rush|p2a: Pecharunt
|-damage|p2a: Pecharunt|42/100
|-unboost|p1a: Ursaluna|def|1
|-unboost|p1a: Ursaluna|spd|1
|move|p2a: Pecharunt|Foul Play|p1a: Ursaluna
|-supereffective|p1a: Ursaluna
|-damage|p1a: Ursaluna|0 fnt
|faint|p1a: Ursaluna
|
|upkeep
|inactive|MfxxkingReal has 120 seconds left.
|
|t:|1769320337
|switch|p1a: Dragapult|Dragapult, M|100/100
|turn|4
|
|t:|1769320341
|move|p1a: Dragapult|U-turn|p2a: Pecharunt
|-supereffective|p2a: Pecharunt
|-damage|p2a: Pecharunt|25/100
|
|t:|1769320344
|switch|p1a: Samurott|Samurott-Hisui, M, shiny|100/100|[from] U-turn
|move|p2a: Pecharunt|Recover|p2a: Pecharunt
|-heal|p2a: Pecharunt|75/100
|
|upkeep
|turn|5
|
|t:|1769320349
|move|p1a: Samurott|Aqua Cutter|p2a: Pecharunt
|-damage|p2a: Pecharunt|50/100
|move|p2a: Pecharunt|Malignant Chain|p1a: Samurott
|-damage|p1a: Samurott|55/100
|-status|p1a: Samurott|tox
|-start|p1a: Samurott|confusion|[from] ability: Poison Puppeteer|[of] p2a: Pecharunt
|
|-damage|p1a: Samurott|48/100 tox|[from] psn
|upkeep
|turn|6
|
|t:|1769320352
|-activate|p1a: Samurott|confusion
|move|p1a: Samurott|Aqua Cutter|p2a: Pecharunt
|-damage|p2a: Pecharunt|25/100
|move|p2a: Pecharunt|Recover|p2a: Pecharunt
|-heal|p2a: Pecharunt|75/100
|
|-damage|p1a: Samurott|36/100 tox|[from] psn
|upkeep
|turn|7
|-message|MfxxkingReal forfeited.
|
|win|PixelPenguin2
|raw|MfxxkingReal's rating: 1465 &rarr; <strong>1446</strong><br />(-19 for losing)
|raw|PixelPenguin2's rating: 1482 &rarr; <strong>1501</strong><br />(+19 for winning)
|l|☆MfxxkingReal
|player|p1|
|l|☆PixelPenguin2
|player|p2|
