|j|☆godliestwalrus
|j|☆I'm evil and spicy
|t:|1769424777
|gametype|singles
|player|p1|godliestwalrus|acerola|1497
|player|p2|I'm evil and spicy|elesa|1525
|gen|9
|tier|[Gen 9] OU
|rated|
|rule|HP Percentage Mod: HP is shown in percentages
|rule|Endless Battle Clause: Forcing endless battles is banned
|rule|Species Clause: Limit one of each Pokémon
|rule|OHKO Clause: OHKO moves are banned
|rule|Evasion Items Clause: Evasion items are banned
|rule|Evasion Moves Clause: Evasion moves are banned
|rule|Evasion Abilities Clause: Evasion abilities are banned
|rule|Sleep Moves Clause: Sleep-inducing moves are banned
|clearpoke
|poke|p1|Primarina, F|
|poke|p1|Jirachi|
|poke|p1|Cinderace, M|
|poke|p1|Weavile, M|
|poke|p1|Landorus-Therian, M|
|poke|p1|Raging Bolt|
|poke|p2|Hoopa-Unbound|
|poke|p2|Blissey, F|
|poke|p2|Quagsire, F|
|poke|p2|Alomomola, F|
|poke|p2|Weezing-Galar, M|
|poke|p2|Corviknight, M|
|teampreview
|inactive|Battle timer is ON: inactive players will automatically lose when time's up. (requested by godliestwalrus)
|
|t:|1769424793
|teamsize|p1|6
|teamsize|p2|6
|start
|switch|p1a: Cinderace|Cinderace, M|100/100
|switch|p2a: Blissey|Blissey, F|100/100
|turn|1
|
|t:|1769424798
|switch|p2a: Alomomola|Alomomola, F|100/100
|move|p1a: Cinderace|U-turn|p2a: Alomomola
|-start|p1a: Cinderace|typechange|Bug|[from] ability: Libero
|-damage|p2a: Alomomola|79/100
|-damage|p1a: Cinderace|84/100|[from] item: Rocky Helmet|[of] p2a: Alomomola
|
|t:|1769424812
|switch|p1a: Primarina|Primarina, F|100/100|[from] U-turn
|
|upkeep
|turn|2
|
|t:|1769424819
|move|p1a: Primarina|Whirlpool|p2a: Alomomola
|-resisted|p2a: Alomomola
|-damage|p2a: Alomomola|70/100
|-activate|p2a: Alomomola|move: Whirlpool|[of] p1a: Primarina
|move|p2a: Alomomola|Flip Turn|p1a: Primarina
|-resisted|p1a: Primarina
|-damage|p1a: Primarina|89/100
|c|☆godliestwalrus|?
|
|t:|1769424830
|switch|p2a: Hoopa|Hoopa-Unbound|100/100|[from] Flip Turn
|
|upkeep
|turn|3
|c|☆godliestwalrus|u dont know my set
|c|☆godliestwalrus|btw
|c|☆godliestwalrus|coinflipping with a semi stall is interesting
|
|t:|1769424854
|switch|p1a: Landorus|Landorus-Therian, M|100/100
|-ability|p1a: Landorus|Intimidate|boost
|-unboost|p2a: Hoopa|atk|1
|move|p2a: Hoopa|Thunderbolt|p1a: Landorus
|-immune|p1a: Landorus
|
|upkeep
|turn|4
|
|t:|1769424860
|switch|p2a: Alomomola|Alomomola, F|100/100
|move|p1a: Landorus|Stealth Rock|p2a: Alomomola
|-sidestart|p2: I'm evil and spicy|move: Stealth Rock
|
|upkeep
|turn|5
|
|t:|1769424865
|switch|p1a: Raging Bolt|Raging Bolt|100/100
|move|p2a: Alomomola|Scald|p1a: Raging Bolt
|-resisted|p1a: Raging Bolt
|-damage|p1a: Raging Bolt|94/100
|-status|p1a: Raging Bolt|brn
|
|-heal|p1a: Raging Bolt|100/100 brn|[from] item: Leftovers
|-damage|p1a: Raging Bolt|94/100 brn|[from] brn
|upkeep
|turn|6
|
|t:|1769424872
|switch|p2a: Blissey|Blissey, F|100/100
|-damage|p2a: Blissey|88/100|[from] Stealth Rock
|move|p1a: Raging Bolt|Draco Meteor|p2a: Blissey
|-damage|p2a: Blissey|65/100
|-unboost|p1a: Raging Bolt|spa|2
|
|-heal|p1a: Raging Bolt|100/100 brn|[from] item: Leftovers
|-heal|p2a: Blissey|71/100|[from] item: Leftovers
|-damage|p1a: Raging Bolt|94/100 brn|[from] brn
|upkeep
|turn|7
|
|t:|1769424880
|-end|p1a: Raging Bolt|Protosynthesis|[silent]
|switch|p1a: Landorus|Landorus-Therian, M|100/100
|-ability|p1a: Landorus|Intimidate|boost
|-unboost|p2a: Blissey|atk|1
|move|p2a: Blissey|Stealth Rock|p1a: Landorus
|-sidestart|p1: godliestwalrus|move: Stealth Rock
|
|-heal|p2a: Blissey|77/100|[from] item: Leftovers
|upkeep
|turn|8
|
|t:|1769424887
|switch|p2a: Alomomola|Alomomola, F|100/100
|-damage|p2a: Alomomola|88/100|[from] Stealth Rock
|move|p1a: Landorus|U-turn|p2a: Alomomola
|-damage|p2a: Alomomola|75/100
|-damage|p1a: Landorus|84/100|[from] item: Rocky Helmet|[of] p2a: Alomomola
|
|t:|1769424891
|switch|p1a: Primarina|Primarina, F|89/100|[from] U-turn
|-damage|p1a: Primarina|77/100|[from] Stealth Rock
|
|upkeep
|turn|9
|
|t:|1769424894
|move|p1a: Primarina|Moonblast|p2a: Alomomola
|-damage|p2a: Alomomola|30/100
|-unboost|p2a: Alomomola|spa|1
|move|p2a: Alomomola|Flip Turn|p1a: Primarina
|-resisted|p1a: Primarina
|-damage|p1a: Primarina|66/100
|
|t:|1769424905
|switch|p2a: Blissey|Blissey, F|77/100|[from] Flip Turn
|-damage|p2a: Blissey|65/100|[from] Stealth Rock
|
|-heal|p2a: Blissey|71/100|[from] item: Leftovers
|upkeep
|turn|10
|
|t:|1769424927
|switch|p2a: Hoopa|Hoopa-Unbound|100/100
|-damage|p2a: Hoopa|88/100|[from] Stealth Rock
|move|p1a: Primarina|Flip Turn|p2a: Hoopa
|-damage|p2a: Hoopa|71/100
|
|t:|1769424939
|switch|p1a: Cinderace|Cinderace, M|84/100|[from] Flip Turn
|
|upkeep
|turn|11
|
|t:|1769424943
|switch|p2a: Alomomola|Alomomola, F|63/100
|-damage|p2a: Alomomola|51/100|[from] Stealth Rock
|move|p1a: Cinderace|U-turn|p2a: Alomomola
|-start|p1a: Cinderace|typechange|Bug|[from] ability: Libero
|-damage|p2a: Alomomola|31/100
|-damage|p1a: Cinderace|67/100|[from] item: Rocky Helmet|[of] p2a: Alomomola
|
|t:|1769424951
|switch|p1a: Weavile|Weavile, M|100/100|[from] U-turn
|
|upkeep
|turn|12
|
|t:|1769424957
|switch|p2a: Corviknight|Corviknight, M|100/100
|-damage|p2a: Corviknight|88/100|[from] Stealth Rock
|-ability|p2a: Corviknight|Pressure
|move|p1a: Weavile|Knock Off|p2a: Corviknight
|-damage|p2a: Corviknight|56/100
|-enditem|p2a: Corviknight|Leftovers|[from] move: Knock Off|[of] p1a: Weavile
|
|upkeep
|turn|13
|
|t:|1769424971
|switch|p1a: Jirachi|Jirachi|100/100
|-damage|p1a: Jirachi|94/100|[from] Stealth Rock
|move|p2a: Corviknight|Defog|p1a: Jirachi
|-unboost|p1a: Jirachi|evasion|1
|-sideend|p1: godliestwalrus|Stealth Rock|[from] move: Defog|[of] p2a: Corviknight
|-sideend|p2: I'm evil and spicy|Stealth Rock|[from] move: Defog|[of] p2a: Corviknight
|
|-heal|p1a: Jirachi|100/100|[from] item: Leftovers
|upkeep
|turn|14
|
|t:|1769424977
|move|p1a: Jirachi|Wish|p1a: Jirachi
|move|p2a: Corviknight|Roost|p2a: Corviknight
|-heal|p2a: Corviknight|100/100
|-singleturn|p2a: Corviknight|move: Roost
|
|upkeep
|turn|15
|
|t:|1769424984
|switch|p2a: Alomomola|Alomomola, F|64/100
|move|p1a: Jirachi|U-turn|p2a: Alomomola
|-damage|p2a: Alomomola|55/100
|-damage|p1a: Jirachi|84/100|[from] item: Rocky Helmet|[of] p2a: Alomomola
|
|t:|1769424988
|switch|p1a: Primarina|Primarina, F|66/100|[from] U-turn
|
|-heal|p1a: Primarina|100/100|[from] move: Wish|[wisher] Jirachi
|upkeep
|turn|16
|
|t:|1769425000
|switch|p2a: Blissey|Blissey, F|71/100
|move|p1a: Primarina|Moonblast|p2a: Blissey
|-damage|p2a: Blissey|55/100
|
|-heal|p2a: Blissey|61/100|[from] item: Leftovers
|upkeep
|turn|17
|
|t:|1769425005
|move|p1a: Primarina|Psychic Noise|p2a: Blissey
|-damage|p2a: Blissey|49/100
|-start|p2a: Blissey|move: Heal Block
|cant|p2a: Blissey|move: Heal Block|Soft-Boiled
|
|upkeep
|turn|18
|
|t:|1769425032
|switch|p2a: Hoopa|Hoopa-Unbound|71/100
|move|p1a: Primarina|Whirlpool|p2a: Hoopa
|-damage|p2a: Hoopa|61/100
|-activate|p2a: Hoopa|move: Whirlpool|[of] p1a: Primarina
|
|-damage|p2a: Hoopa|48/100|[from] move: Whirlpool|[partiallytrapped]
|upkeep
|turn|19
|
|t:|1769425048
|-terastallize|p2a: Hoopa|Fairy
|move|p1a: Primarina|Moonblast|p2a: Hoopa
|-damage|p2a: Hoopa|19/100
|-unboost|p2a: Hoopa|spa|1
|move|p2a: Hoopa|Knock Off|p1a: Primarina
|-resisted|p1a: Primarina
|-damage|p1a: Primarina|68/100
|-enditem|p1a: Primarina|Assault Vest|[from] move: Knock Off|[of] p2a: Hoopa
|
|-damage|p2a: Hoopa|7/100|[from] move: Whirlpool|[partiallytrapped]
|upkeep
|turn|20
|
|t:|1769425056
|move|p1a: Primarina|Flip Turn|p2a: Hoopa
|-damage|p2a: Hoopa|0 fnt
|faint|p2a: Hoopa
|
|t:|1769425074
|switch|p1a: Jirachi|Jirachi|84/100|[from] Flip Turn
|
|-heal|p1a: Jirachi|90/100|[from] item: Leftovers
|upkeep
|
|t:|1769425080
|switch|p2a: Quagsire|Quagsire, F|100/100
|turn|21
|
|t:|1769425094
|move|p1a: Jirachi|Wish|p1a: Jirachi
|move|p2a: Quagsire|Earthquake|p1a: Jirachi
|-supereffective|p1a: Jirachi
|-damage|p1a: Jirachi|36/100
|
|-heal|p1a: Jirachi|42/100|[from] item: Leftovers
|upkeep
|turn|22
|
|t:|1769425100
|move|p1a: Jirachi|U-turn|p2a: Quagsire
|-damage|p2a: Quagsire|91/100
|
|t:|1769425105
|switch|p1a: Primarina|Primarina, F|68/100|[from] U-turn
|move|p2a: Quagsire|Toxic|p1a: Primarina
|-status|p1a: Primarina|tox
|
|-heal|p1a: Primarina|100/100 tox|[from] move: Wish|[wisher] Jirachi
|-heal|p2a: Quagsire|97/100|[from] item: Leftovers
|-damage|p1a: Primarina|94/100 tox|[from] psn
|upkeep
|turn|23
|
|t:|1769425124
|switch|p2a: Alomomola|Alomomola, F|89/100
|move|p1a: Primarina|Whirlpool|p2a: Alomomola
|-resisted|p2a: Alomomola
|-damage|p2a: Alomomola|80/100
|-activate|p2a: Alomomola|move: Whirlpool|[of] p1a: Primarina
|
|-damage|p1a: Primarina|82/100 tox|[from] psn
|-damage|p2a: Alomomola|68/100|[from] move: Whirlpool|[partiallytrapped]
|upkeep
|turn|24
|
|t:|1769425132
|move|p1a: Primarina|Moonblast|p2a: Alomomola
|-damage|p2a: Alomomola|20/100
|move|p2a: Alomomola|Flip Turn|p1a: Primarina
|-resisted|p1a: Primarina
|-damage|p1a: Primarina|71/100 tox
|
|t:|1769425154
|switch|p2a: Blissey|Blissey, F|49/100|[from] Flip Turn
|
|-heal|p2a: Blissey|56/100|[from] item: Leftovers
|-damage|p1a: Primarina|53/100 tox|[from] psn
|upkeep
|turn|25
|
|t:|1769425163
|switch|p2a: Alomomola|Alomomola, F|54/100
|move|p1a: Primarina|Flip Turn|p2a: Alomomola
|-resisted|p2a: Alomomola
|-damage|p2a: Alomomola|50/100
|-damage|p1a: Primarina|36/100 tox|[from] item: Rocky Helmet|[of] p2a: Alomomola
|
|t:|1769425178
|switch|p1a: Jirachi|Jirachi|42/100|[from] Flip Turn
|
|-heal|p1a: Jirachi|49/100|[from] item: Leftovers
|upkeep
|turn|26
|
|t:|1769425184
|move|p1a: Jirachi|Doom Desire|p2a: Alomomola
|-start|p1a: Jirachi|Doom Desire
|move|p2a: Alomomola|Scald|p1a: Jirachi
|-damage|p1a: Jirachi|40/100
|-status|p1a: Jirachi|brn
|
|-heal|p1a: Jirachi|46/100 brn|[from] item: Leftovers
|-damage|p1a: Jirachi|40/100 brn|[from] brn
|upkeep
|turn|27
|
|t:|1769425196
|move|p1a: Jirachi|Wish|p1a: Jirachi
|move|p2a: Alomomola|Wish|p2a: Alomomola
|
|-heal|p1a: Jirachi|46/100 brn|[from] item: Leftovers
|-damage|p1a: Jirachi|40/100 brn|[from] brn
|upkeep
|turn|28
|
|t:|1769425202
|move|p1a: Jirachi|Protect|p1a: Jirachi
|-singleturn|p1a: Jirachi|Protect
|move|p2a: Alomomola|Flip Turn|p1a: Jirachi
|-activate|p1a: Jirachi|move: Protect
|
|-end|p2a: Alomomola|move: Doom Desire
|-resisted|p2a: Alomomola
|-damage|p2a: Alomomola|29/100
|-heal|p1a: Jirachi|90/100 brn|[from] move: Wish|[wisher] Jirachi
|-heal|p2a: Alomomola|79/100|[from] move: Wish|[wisher] Alomomola
|-heal|p1a: Jirachi|96/100 brn|[from] item: Leftovers
|-damage|p1a: Jirachi|90/100 brn|[from] brn
|upkeep
|turn|29
|
|t:|1769425207
|move|p1a: Jirachi|Wish|p1a: Jirachi
|move|p2a: Alomomola|Wish|p2a: Alomomola
|
|-heal|p1a: Jirachi|96/100 brn|[from] item: Leftovers
|-damage|p1a: Jirachi|90/100 brn|[from] brn
|upkeep
|turn|30
|
|t:|1769425213
|switch|p2a: Blissey|Blissey, F|56/100
|move|p1a: Jirachi|U-turn|p2a: Blissey
|-damage|p2a: Blissey|49/100
|
|t:|1769425224
|switch|p1a: Landorus|Landorus-Therian, M|84/100|[from] U-turn
|-ability|p1a: Landorus|Intimidate|boost
|-unboost|p2a: Blissey|atk|1
|
|-heal|p1a: Landorus|100/100|[from] move: Wish|[wisher] Jirachi
|-heal|p2a: Blissey|85/100|[from] move: Wish|[wisher] Alomomola
|-heal|p2a: Blissey|91/100|[from] item: Leftovers
|upkeep
|turn|31
|
|t:|1769425230
|switch|p2a: Alomomola|Alomomola, F|100/100
|move|p1a: Landorus|Stealth Rock|p2a: Alomomola
|-sidestart|p2: I'm evil and spicy|move: Stealth Rock
|
|upkeep
|turn|32
|
|t:|1769425236
|move|p1a: Landorus|U-turn|p2a: Alomomola
|-damage|p2a: Alomomola|86/100
|-damage|p1a: Landorus|84/100|[from] item: Rocky Helmet|[of] p2a: Alomomola
|
|t:|1769425239
|switch|p1a: Raging Bolt|Raging Bolt|94/100 brn|[from] U-turn
|move|p2a: Alomomola|Flip Turn|p1a: Raging Bolt
|-resisted|p1a: Raging Bolt
|-damage|p1a: Raging Bolt|87/100 brn
|
|t:|1769425243
|switch|p2a: Blissey|Blissey, F|91/100|[from] Flip Turn
|-damage|p2a: Blissey|78/100|[from] Stealth Rock
|
|-heal|p1a: Raging Bolt|94/100 brn|[from] item: Leftovers
|-heal|p2a: Blissey|85/100|[from] item: Leftovers
|-damage|p1a: Raging Bolt|87/100 brn|[from] brn
|upkeep
|turn|33
|
|t:|1769425249
|-end|p1a: Raging Bolt|Protosynthesis|[silent]
|switch|p1a: Landorus|Landorus-Therian, M|84/100
|-ability|p1a: Landorus|Intimidate|boost
|-unboost|p2a: Blissey|atk|1
|move|p2a: Blissey|Stealth Rock|p1a: Landorus
|-sidestart|p1: godliestwalrus|move: Stealth Rock
|
|-heal|p2a: Blissey|91/100|[from] item: Leftovers
|upkeep
|turn|34
|
|t:|1769425259
|switch|p2a: Alomomola|Alomomola, F|100/100
|-damage|p2a: Alomomola|88/100|[from] Stealth Rock
|move|p1a: Landorus|U-turn|p2a: Alomomola
|-damage|p2a: Alomomola|75/100
|-damage|p1a: Landorus|67/100|[from] item: Rocky Helmet|[of] p2a: Alomomola
|
|t:|1769425270
|switch|p1a: Jirachi|Jirachi|90/100 brn|[from] U-turn
|-damage|p1a: Jirachi|84/100 brn|[from] Stealth Rock
|
|-heal|p1a: Jirachi|90/100 brn|[from] item: Leftovers
|-damage|p1a: Jirachi|84/100 brn|[from] brn
|upkeep
|turn|35
|
|t:|1769425281
|move|p1a: Jirachi|Wish|p1a: Jirachi
|move|p2a: Alomomola|Flip Turn|p1a: Jirachi
|-damage|p1a: Jirachi|70/100 brn
|
|t:|1769425285
|switch|p2a: Quagsire|Quagsire, F|97/100|[from] Flip Turn
|-damage|p2a: Quagsire|91/100|[from] Stealth Rock
|
|-heal|p1a: Jirachi|76/100 brn|[from] item: Leftovers
|-heal|p2a: Quagsire|97/100|[from] item: Leftovers
|-damage|p1a: Jirachi|70/100 brn|[from] brn
|upkeep
|turn|36
|
|t:|1769425310
|move|p1a: Jirachi|U-turn|p2a: Quagsire
|-crit|p2a: Quagsire
|-damage|p2a: Quagsire|89/100
|
|t:|1769425317
|switch|p1a: Landorus|Landorus-Therian, M|67/100|[from] U-turn
|-damage|p1a: Landorus|55/100|[from] Stealth Rock
|-ability|p1a: Landorus|Intimidate|boost
|-unboost|p2a: Quagsire|atk|1
|move|p2a: Quagsire|Earthquake|p1a: Landorus
|-immune|p1a: Landorus
|
|-heal|p1a: Landorus|100/100|[from] move: Wish|[wisher] Jirachi
|-heal|p2a: Quagsire|95/100|[from] item: Leftovers
|upkeep
|turn|37
|
|t:|1769425322
|move|p1a: Landorus|Taunt|p2a: Quagsire
|-start|p2a: Quagsire|move: Taunt
|cant|p2a: Quagsire|move: Taunt|Toxic
|
|-heal|p2a: Quagsire|100/100|[from] item: Leftovers
|upkeep
|turn|38
|
|t:|1769425328
|switch|p2a: Alomomola|Alomomola, F|100/100
|-damage|p2a: Alomomola|88/100|[from] Stealth Rock
|move|p1a: Landorus|U-turn|p2a: Alomomola
|-damage|p2a: Alomomola|75/100
|-damage|p1a: Landorus|84/100|[from] item: Rocky Helmet|[of] p2a: Alomomola
|
|t:|1769425351
|switch|p1a: Raging Bolt|Raging Bolt|87/100 brn|[from] U-turn
|-damage|p1a: Raging Bolt|75/100 brn|[from] Stealth Rock
|
|-heal|p1a: Raging Bolt|81/100 brn|[from] item: Leftovers
|-damage|p1a: Raging Bolt|75/100 brn|[from] brn
|upkeep
|turn|39
|
|t:|1769425358
|move|p2a: Alomomola|Protect|p2a: Alomomola
|-singleturn|p2a: Alomomola|Protect
|move|p1a: Raging Bolt|Calm Mind|p1a: Raging Bolt
|-boost|p1a: Raging Bolt|spa|1
|-boost|p1a: Raging Bolt|spd|1
|
|-heal|p1a: Raging Bolt|81/100 brn|[from] item: Leftovers
|-damage|p1a: Raging Bolt|75/100 brn|[from] brn
|upkeep
|turn|40
|
|t:|1769425363
|switch|p2a: Blissey|Blissey, F|91/100
|-damage|p2a: Blissey|78/100|[from] Stealth Rock
|move|p1a: Raging Bolt|Thunderbolt|p2a: Blissey
|-damage|p2a: Blissey|53/100
|
|-heal|p1a: Raging Bolt|81/100 brn|[from] item: Leftovers
|-heal|p2a: Blissey|59/100|[from] item: Leftovers
|-damage|p1a: Raging Bolt|75/100 brn|[from] brn
|upkeep
|turn|41
|
|t:|1769425369
|move|p1a: Raging Bolt|Calm Mind|p1a: Raging Bolt
|-boost|p1a: Raging Bolt|spa|1
|-boost|p1a: Raging Bolt|spd|1
|move|p2a: Blissey|Soft-Boiled|p2a: Blissey
|-heal|p2a: Blissey|100/100
|
|-heal|p1a: Raging Bolt|81/100 brn|[from] item: Leftovers
|-damage|p1a: Raging Bolt|75/100 brn|[from] brn
|upkeep
|turn|42
|
|t:|1769425393
|move|p1a: Raging Bolt|Calm Mind|p1a: Raging Bolt
|-boost|p1a: Raging Bolt|spa|1
|-boost|p1a: Raging Bolt|spd|1
|move|p2a: Blissey|Calm Mind|p2a: Blissey
|-boost|p2a: Blissey|spa|1
|-boost|p2a: Blissey|spd|1
|
|-heal|p1a: Raging Bolt|81/100 brn|[from] item: Leftovers
|-damage|p1a: Raging Bolt|75/100 brn|[from] brn
|upkeep
|turn|43
|
|t:|1769425407
|move|p1a: Raging Bolt|Thunderbolt|p2a: Blissey
|-damage|p2a: Blissey|73/100
|move|p2a: Blissey|Calm Mind|p2a: Blissey
|-boost|p2a: Blissey|spa|1
|-boost|p2a: Blissey|spd|1
|
|-heal|p1a: Raging Bolt|81/100 brn|[from] item: Leftovers
|-heal|p2a: Blissey|79/100|[from] item: Leftovers
|-damage|p1a: Raging Bolt|75/100 brn|[from] brn
|upkeep
|turn|44
|
|t:|1769425410
|-end|p1a: Raging Bolt|Protosynthesis|[silent]
|switch|p1a: Landorus|Landorus-Therian, M|84/100
|-damage|p1a: Landorus|72/100|[from] Stealth Rock
|-ability|p1a: Landorus|Intimidate|boost
|-unboost|p2a: Blissey|atk|1
|move|p2a: Blissey|Calm Mind|p2a: Blissey
|-boost|p2a: Blissey|spa|1
|-boost|p2a: Blissey|spd|1
|
|-heal|p2a: Blissey|86/100|[from] item: Leftovers
|upkeep
|turn|45
|
|t:|1769425416
|switch|p2a: Alomomola|Alomomola, F|100/100
|-damage|p2a: Alomomola|88/100|[from] Stealth Rock
|move|p1a: Landorus|Earthquake|p2a: Alomomola
|-damage|p2a: Alomomola|59/100
|
|upkeep
|turn|46
|
|t:|1769425424
|move|p1a: Landorus|Earthquake|p2a: Alomomola
|-damage|p2a: Alomomola|32/100
|move|p2a: Alomomola|Flip Turn|p1a: Landorus
|-supereffective|p1a: Landorus
|-damage|p1a: Landorus|46/100
|-damage|p2a: Alomomola|15/100|[from] item: Rocky Helmet|[of] p1a: Landorus
|
|t:|1769425431
|switch|p2a: Quagsire|Quagsire, F|100/100|[from] Flip Turn
|-damage|p2a: Quagsire|94/100|[from] Stealth Rock
|
|-heal|p2a: Quagsire|100/100|[from] item: Leftovers
|upkeep
|turn|47
|
|t:|1769425444
|switch|p2a: Alomomola|Alomomola, F|48/100
|-damage|p2a: Alomomola|36/100|[from] Stealth Rock
|move|p1a: Landorus|U-turn|p2a: Alomomola
|-damage|p2a: Alomomola|23/100
|-damage|p1a: Landorus|29/100|[from] item: Rocky Helmet|[of] p2a: Alomomola
|
|t:|1769425467
|switch|p1a: Weavile|Weavile, M|100/100|[from] U-turn
|
|upkeep
|turn|48
|
|t:|1769425476
|switch|p2a: Weezing|Weezing-Galar, M|100/100
|-ability|p2a: Weezing|Neutralizing Gas
|move|p1a: Weavile|Swords Dance|p1a: Weavile
|-boost|p1a: Weavile|atk|2
|
|upkeep
|turn|49
|
|t:|1769425482
|-terastallize|p1a: Weavile|Ice
|move|p1a: Weavile|Triple Axel|p2a: Weezing
|-damage|p2a: Weezing|83/100
|-damage|p2a: Weezing|51/100
|-damage|p2a: Weezing|0 fnt
|faint|p2a: Weezing
|-end|p2a: Weezing|ability: Neutralizing Gas
|-hitcount|p2: Weezing|3
|
|upkeep
|
|t:|1769425485
|switch|p2a: Quagsire|Quagsire, F|100/100
|-damage|p2a: Quagsire|94/100|[from] Stealth Rock
|turn|50
|
|t:|1769425497
|move|p1a: Weavile|Triple Axel|p2a: Quagsire
|-damage|p2a: Quagsire|85/100
|-damage|p2a: Quagsire|65/100
|-hitcount|p2a: Quagsire|2
|move|p2a: Quagsire|Toxic|p1a: Weavile
|-status|p1a: Weavile|tox
|
|-heal|p2a: Quagsire|71/100|[from] item: Leftovers
|-damage|p1a: Weavile|94/100 tox|[from] psn
|upkeep
|turn|51
|
|t:|1769425503
|move|p1a: Weavile|Knock Off|p2a: Quagsire
|-damage|p2a: Quagsire|39/100
|-enditem|p2a: Quagsire|Leftovers|[from] move: Knock Off|[of] p1a: Weavile
|move|p2a: Quagsire|Counter|p1a: Weavile
|-damage|p1a: Weavile|4/100 tox
|
|-damage|p1a: Weavile|0 fnt|[from] psn
|faint|p1a: Weavile
|upkeep
|
|t:|1769425506
|switch|p1a: Primarina|Primarina, F|36/100 tox
|-damage|p1a: Primarina|24/100 tox|[from] Stealth Rock
|turn|52
|c|☆godliestwalrus|the luck is crazy xd
|inactive|godliestwalrus has 120 seconds left.
|
|t:|1769425555
|switch|p2a: Blissey|Blissey, F|86/100
|-damage|p2a: Blissey|73/100|[from] Stealth Rock
|move|p1a: Primarina|Flip Turn|p2a: Blissey
|-damage|p2a: Blissey|59/100
|c|☆I'm evil and spicy|"luck", what luck?
|
|t:|1769425566
|switch|p1a: Cinderace|Cinderace, M|67/100|[from] Flip Turn
|
|-heal|p2a: Blissey|65/100|[from] item: Leftovers
|upkeep
|turn|53
|
|t:|1769425574
|switch|p2a: Alomomola|Alomomola, F|56/100
|-damage|p2a: Alomomola|44/100|[from] Stealth Rock
|move|p1a: Cinderace|Gunk Shot|p2a: Alomomola
|-start|p1a: Cinderace|typechange|Poison|[from] ability: Libero
|-damage|p2a: Alomomola|10/100
|
|upkeep
|turn|54
|c|☆godliestwalrus|the 2 hit axel
|c|☆godliestwalrus|u lose the game
|c|☆godliestwalrus|if i get 3 hits
|inactive|godliestwalrus has 90 seconds left.
|c|☆I'm evil and spicy|That's on you for running an inconsistent move
|
|t:|1769425616
|switch|p2a: Quagsire|Quagsire, F|39/100
|-damage|p2a: Quagsire|33/100|[from] Stealth Rock
|move|p1a: Cinderace|Pyro Ball|p2a: Quagsire|[miss]
|-miss|p1a: Cinderace|p2a: Quagsire
|
|upkeep
|turn|55
|
|t:|1769425621
|move|p1a: Cinderace|Gunk Shot|p2a: Quagsire
|-resisted|p2a: Quagsire
|-damage|p2a: Quagsire|14/100
|move|p2a: Quagsire|Recover|p2a: Quagsire
|-heal|p2a: Quagsire|64/100
|
|upkeep
|turn|56
|
|t:|1769425624
|move|p1a: Cinderace|U-turn|p2a: Quagsire
|-damage|p2a: Quagsire|50/100
|inactive|godliestwalrus has 90 seconds left.
|
|t:|1769425629
|switch|p1a: Landorus|Landorus-Therian, M|29/100|[from] U-turn
|-damage|p1a: Landorus|17/100|[from] Stealth Rock
|-ability|p1a: Landorus|Intimidate|boost
|-unboost|p2a: Quagsire|atk|1
|move|p2a: Quagsire|Earthquake|p1a: Landorus
|-immune|p1a: Landorus
|
|upkeep
|turn|57
|
|t:|1769425641
|switch|p2a: Corviknight|Corviknight, M|100/100
|-damage|p2a: Corviknight|88/100|[from] Stealth Rock
|-ability|p2a: Corviknight|Pressure
|move|p1a: Landorus|Taunt|p2a: Corviknight
|-start|p2a: Corviknight|move: Taunt
|
|upkeep
|turn|58
|
|t:|1769425648
|switch|p2a: Alomomola|Alomomola, F|43/100
|-damage|p2a: Alomomola|31/100|[from] Stealth Rock
|move|p1a: Landorus|U-turn|p2a: Alomomola
|-damage|p2a: Alomomola|18/100
|-damage|p1a: Landorus|0 fnt|[from] item: Rocky Helmet|[of] p2a: Alomomola
|faint|p1a: Landorus
|
|upkeep
|
|t:|1769425670
|switch|p1a: Primarina|Primarina, F|24/100 tox
|-damage|p1a: Primarina|11/100 tox|[from] Stealth Rock
|turn|59
|
|t:|1769425676
|move|p2a: Alomomola|Protect|p2a: Alomomola
|-singleturn|p2a: Alomomola|Protect
|move|p1a: Primarina|Psychic Noise|p2a: Alomomola
|-activate|p2a: Alomomola|move: Protect
|
|-damage|p1a: Primarina|5/100 tox|[from] psn
|upkeep
|turn|60
|
|t:|1769425680
|switch|p2a: Blissey|Blissey, F|65/100
|-damage|p2a: Blissey|53/100|[from] Stealth Rock
|move|p1a: Primarina|Psychic Noise|p2a: Blissey
|-damage|p2a: Blissey|40/100
|-start|p2a: Blissey|move: Heal Block
|
|-damage|p1a: Primarina|0 fnt|[from] psn
|faint|p1a: Primarina
|upkeep
|
|t:|1769425684
|switch|p1a: Raging Bolt|Raging Bolt|75/100 brn
|-damage|p1a: Raging Bolt|63/100 brn|[from] Stealth Rock
|turn|61
|
|t:|1769425691
|move|p1a: Raging Bolt|Draco Meteor|p2a: Blissey
|-damage|p2a: Blissey|18/100
|-unboost|p1a: Raging Bolt|spa|2
|move|p2a: Blissey|Calm Mind|p2a: Blissey
|-boost|p2a: Blissey|spa|1
|-boost|p2a: Blissey|spd|1
|
|-heal|p1a: Raging Bolt|69/100 brn|[from] item: Leftovers
|-damage|p1a: Raging Bolt|63/100 brn|[from] brn
|-end|p2a: Blissey|move: Heal Block
|upkeep
|turn|62
|-message|godliestwalrus forfeited.
|
|win|I'm evil and spicy
|raw|godliestwalrus's rating: 1497 &rarr; <strong>1479</strong><br />(-18 for losing)
|raw|I&apos;m evil and spicy's rating: 1525 &rarr; <strong>1543</strong><br />(+18 for winning)
|l|☆godliestwalrus
|player|p1|
|l|☆I'm evil and spicy
|player|p2|
