|j|☆ya123456
|j|☆llamarada
|t:|1769345920
|gametype|singles
|player|p1|ya123456|1|1177
|player|p2|llamarada|102|1217
|gen|9
|tier|[Gen 9] OU
|rated|
|rule|HP Percentage Mod: HP is shown in percentages
|rule|Endless Battle Clause: Forcing endless battles is banned
|rule|Species Clause: Limit one of each Pokémon
|rule|OHKO Clause: OHKO moves are banned
|rule|Evasion Items Clause: Evasion items are banned
|rule|Evasion Moves Clause: Evasion moves are banned
|rule|Evasion Abilities Clause: Evasion abilities are banned
|rule|Sleep Moves Clause: Sleep-inducing moves are banned
|clearpoke
|poke|p1|Ceruledge, M|
|poke|p1|Deoxys-Speed|
|poke|p1|Great Tusk|
|poke|p1|Gliscor, M|
|poke|p1|Heatran, M|
|poke|p1|Rotom-Mow|
|poke|p2|Hatterene, F|
|poke|p2|Cresselia, F|
|poke|p2|Ursaluna, M|
|poke|p2|Iron Hands|
|poke|p2|Kingambit, M|
|poke|p2|Toxapex, M|
|teampreview
|
|t:|1769345932
|teamsize|p1|6
|teamsize|p2|6
|start
|switch|p1a: Heatran|Heatran, M|100/100
|switch|p2a: Iron Hands|Iron Hands|100/100
|turn|1
|
|t:|1769345943
|switch|p1a: Great Tusk|Great Tusk|100/100
|move|p2a: Iron Hands|Fake Out|p1a: Great Tusk
|-damage|p1a: Great Tusk|91/100
|
|upkeep
|turn|2
|
|t:|1769345953
|-end|p2a: Iron Hands|Quark Drive|[silent]
|switch|p2a: Cresselia|Cresselia, F|100/100
|move|p1a: Great Tusk|Bulk Up|p1a: Great Tusk
|-boost|p1a: Great Tusk|atk|1
|-boost|p1a: Great Tusk|def|1
|
|upkeep
|turn|3
|
|t:|1769345967
|-end|p1a: Great Tusk|Protosynthesis|[silent]
|switch|p1a: Gliscor|Gliscor, M|100/100
|-terastallize|p2a: Cresselia|Fairy
|move|p2a: Cresselia|Trick Room|p2a: Cresselia
|-fieldstart|move: Trick Room|[of] p2a: Cresselia
|
|-status|p1a: Gliscor|tox|[from] item: Toxic Orb
|upkeep
|turn|4
|
|t:|1769345978
|move|p2a: Cresselia|Ice Beam|p1a: Gliscor
|-supereffective|p1a: Gliscor
|-damage|p1a: Gliscor|20/100 tox
|move|p1a: Gliscor|Toxic|p2a: Cresselia
|-status|p2a: Cresselia|tox
|
|-damage|p2a: Cresselia|94/100 tox|[from] psn
|-heal|p1a: Gliscor|33/100 tox|[from] ability: Poison Heal
|upkeep
|turn|5
|
|t:|1769345987
|move|p1a: Gliscor|Protect|p1a: Gliscor
|-singleturn|p1a: Gliscor|Protect
|move|p2a: Cresselia|Lunar Blessing|p2a: Cresselia
|-heal|p2a: Cresselia|100/100 tox
|-curestatus|p2a: Cresselia|tox|[msg]
|
|-heal|p1a: Gliscor|45/100 tox|[from] ability: Poison Heal
|upkeep
|turn|6
|
|t:|1769345999
|switch|p1a: Heatran|Heatran, M|100/100
|move|p2a: Cresselia|Ice Beam|p1a: Heatran
|-resisted|p1a: Heatran
|-damage|p1a: Heatran|97/100
|
|-heal|p1a: Heatran|100/100|[from] item: Leftovers
|upkeep
|turn|7
|
|t:|1769346007
|switch|p2a: Toxapex|Toxapex, M|100/100
|move|p1a: Heatran|Stealth Rock|p2a: Toxapex
|-sidestart|p2: llamarada|move: Stealth Rock
|
|-fieldend|move: Trick Room
|upkeep
|turn|8
|
|t:|1769346020
|switch|p1a: Rotom|Rotom-Mow, shiny|100/100
|move|p2a: Toxapex|Toxic Spikes|p1a: Rotom
|-sidestart|p1: ya123456|move: Toxic Spikes
|
|upkeep
|turn|9
|
|t:|1769346037
|move|p1a: Rotom|Thunderbolt|p2a: Toxapex
|-supereffective|p2a: Toxapex
|-damage|p2a: Toxapex|37/100
|move|p2a: Toxapex|Toxic Spikes|p1a: Rotom
|-sidestart|p1: ya123456|move: Toxic Spikes
|
|-heal|p2a: Toxapex|44/100|[from] item: Black Sludge
|upkeep
|turn|10
|
|t:|1769346044
|switch|p2a: Ursaluna|Ursaluna, M|100/100
|-damage|p2a: Ursaluna|94/100|[from] Stealth Rock
|move|p1a: Rotom|Thunderbolt|p2a: Ursaluna
|-immune|p2a: Ursaluna
|
|-status|p2a: Ursaluna|brn|[from] item: Flame Orb
|upkeep
|turn|11
|
|t:|1769346056
|move|p2a: Ursaluna|Protect|p2a: Ursaluna
|-singleturn|p2a: Ursaluna|Protect
|move|p1a: Rotom|Leaf Storm|p2a: Ursaluna
|-activate|p2a: Ursaluna|move: Protect
|
|-damage|p2a: Ursaluna|88/100 brn|[from] brn
|upkeep
|turn|12
|
|t:|1769346091
|switch|p2a: Cresselia|Cresselia, F, tera:Fairy|100/100
|-damage|p2a: Cresselia|88/100|[from] Stealth Rock
|move|p1a: Rotom|Leaf Storm|p2a: Cresselia
|-damage|p2a: Cresselia|49/100
|-unboost|p1a: Rotom|spa|2
|
|upkeep
|turn|13
|
|t:|1769346105
|switch|p1a: Heatran|Heatran, M|100/100
|move|p2a: Cresselia|Lunar Blessing|p2a: Cresselia
|-heal|p2a: Cresselia|74/100
|
|upkeep
|turn|14
|
|t:|1769346113
|move|p1a: Heatran|Magma Storm|p2a: Cresselia
|-damage|p2a: Cresselia|34/100
|-activate|p2a: Cresselia|move: Magma Storm|[of] p1a: Heatran
|move|p2a: Cresselia|Trick Room|p2a: Cresselia
|-fieldstart|move: Trick Room|[of] p2a: Cresselia
|
|-damage|p2a: Cresselia|21/100|[from] move: Magma Storm|[partiallytrapped]
|upkeep
|turn|15
|inactive|Battle timer is ON: inactive players will automatically lose when time's up. (requested by ya123456)
|inactiveoff|Battle timer is now OFF.
|inactive|Battle timer is ON: inactive players will automatically lose when time's up. (requested by ya123456)
|inactive|llamarada has 120 seconds left.
|inactive|llamarada has 90 seconds left.
|
|t:|1769346253
|move|p2a: Cresselia|Ice Beam|p1a: Heatran
|-resisted|p1a: Heatran
|-damage|p1a: Heatran|97/100
|move|p1a: Heatran|Earth Power|p2a: Cresselia
|-immune|p2a: Cresselia|[from] ability: Levitate
|
|-heal|p1a: Heatran|100/100|[from] item: Leftovers
|-damage|p2a: Cresselia|9/100|[from] move: Magma Storm|[partiallytrapped]
|upkeep
|turn|16
|
|t:|1769346263
|move|p2a: Cresselia|Lunar Blessing|p2a: Cresselia
|-heal|p2a: Cresselia|34/100
|move|p1a: Heatran|Earth Power|p2a: Cresselia
|-immune|p2a: Cresselia|[from] ability: Levitate
|
|-damage|p2a: Cresselia|22/100|[from] move: Magma Storm|[partiallytrapped]
|upkeep
|turn|17
|
|t:|1769346268
|move|p2a: Cresselia|Lunar Blessing|p2a: Cresselia
|-heal|p2a: Cresselia|47/100
|move|p1a: Heatran|Earth Power|p2a: Cresselia
|-immune|p2a: Cresselia|[from] ability: Levitate
|
|-damage|p2a: Cresselia|34/100|[from] move: Magma Storm|[partiallytrapped]
|upkeep
|turn|18
|
|t:|1769346272
|move|p2a: Cresselia|Lunar Blessing|p2a: Cresselia
|-heal|p2a: Cresselia|59/100
|move|p1a: Heatran|Flash Cannon|p2a: Cresselia
|-supereffective|p2a: Cresselia
|-damage|p2a: Cresselia|1/100
|
|-damage|p2a: Cresselia|0 fnt|[from] move: Magma Storm|[partiallytrapped]
|faint|p2a: Cresselia
|-fieldend|move: Trick Room
|upkeep
|
|t:|1769346288
|switch|p2a: Toxapex|Toxapex, M|77/100
|-damage|p2a: Toxapex|64/100|[from] Stealth Rock
|turn|19
|
|t:|1769346298
|move|p1a: Heatran|Flash Cannon|p2a: Toxapex
|-resisted|p2a: Toxapex
|-damage|p2a: Toxapex|48/100
|-unboost|p2a: Toxapex|spd|1
|move|p2a: Toxapex|Recover|p2a: Toxapex
|-heal|p2a: Toxapex|98/100
|
|-heal|p2a: Toxapex|100/100|[from] item: Black Sludge
|upkeep
|turn|20
|
|t:|1769346307
|move|p1a: Heatran|Magma Storm|p2a: Toxapex
|-resisted|p2a: Toxapex
|-damage|p2a: Toxapex|66/100
|-activate|p2a: Toxapex|move: Magma Storm|[of] p1a: Heatran
|move|p2a: Toxapex|Chilling Water|p1a: Heatran
|-supereffective|p1a: Heatran
|-damage|p1a: Heatran|84/100
|-unboost|p1a: Heatran|atk|1
|
|-heal|p1a: Heatran|91/100|[from] item: Leftovers
|-heal|p2a: Toxapex|73/100|[from] item: Black Sludge
|-damage|p2a: Toxapex|60/100|[from] move: Magma Storm|[partiallytrapped]
|upkeep
|turn|21
|
|t:|1769346324
|move|p1a: Heatran|Flash Cannon|p2a: Toxapex
|-resisted|p2a: Toxapex
|-damage|p2a: Toxapex|32/100
|move|p2a: Toxapex|Recover|p2a: Toxapex
|-heal|p2a: Toxapex|82/100
|
|-heal|p1a: Heatran|97/100|[from] item: Leftovers
|-heal|p2a: Toxapex|88/100|[from] item: Black Sludge
|-damage|p2a: Toxapex|75/100|[from] move: Magma Storm|[partiallytrapped]
|upkeep
|turn|22
|
|t:|1769346333
|move|p1a: Heatran|Flash Cannon|p2a: Toxapex
|-resisted|p2a: Toxapex
|-damage|p2a: Toxapex|49/100
|move|p2a: Toxapex|Recover|p2a: Toxapex
|-heal|p2a: Toxapex|99/100
|
|-heal|p1a: Heatran|100/100|[from] item: Leftovers
|-heal|p2a: Toxapex|100/100|[from] item: Black Sludge
|-damage|p2a: Toxapex|88/100|[from] move: Magma Storm|[partiallytrapped]
|upkeep
|turn|23
|
|t:|1769346344
|move|p1a: Heatran|Stealth Rock||[still]
|-fail|p1a: Heatran
|move|p2a: Toxapex|Chilling Water|p1a: Heatran
|-supereffective|p1a: Heatran
|-damage|p1a: Heatran|83/100
|-unboost|p1a: Heatran|atk|1
|
|-heal|p1a: Heatran|90/100|[from] item: Leftovers
|-heal|p2a: Toxapex|94/100|[from] item: Black Sludge
|-damage|p2a: Toxapex|82/100|[from] move: Magma Storm|[partiallytrapped]
|upkeep
|turn|24
|inactive|llamarada has 120 seconds left.
|
|t:|1769346386
|move|p1a: Heatran|Flash Cannon|p2a: Toxapex
|-resisted|p2a: Toxapex
|-damage|p2a: Toxapex|56/100
|move|p2a: Toxapex|Chilling Water|p1a: Heatran
|-supereffective|p1a: Heatran
|-damage|p1a: Heatran|72/100
|-unboost|p1a: Heatran|atk|1
|
|-heal|p1a: Heatran|78/100|[from] item: Leftovers
|-heal|p2a: Toxapex|62/100|[from] item: Black Sludge
|-end|p2a: Toxapex|Magma Storm|[partiallytrapped]
|upkeep
|turn|25
|
|t:|1769346406
|switch|p1a: Great Tusk|Great Tusk|91/100
|move|p2a: Toxapex|Chilling Water|p1a: Great Tusk
|-supereffective|p1a: Great Tusk
|-damage|p1a: Great Tusk|65/100
|-unboost|p1a: Great Tusk|atk|1
|
|-heal|p2a: Toxapex|69/100|[from] item: Black Sludge
|upkeep
|turn|26
|inactive|llamarada has 90 seconds left.
|
|t:|1769346431
|move|p1a: Great Tusk|Rapid Spin|p2a: Toxapex
|-damage|p2a: Toxapex|61/100
|-boost|p1a: Great Tusk|spe|1
|-sideend|p1: ya123456|Toxic Spikes|[from] move: Rapid Spin|[of] p1a: Great Tusk
|move|p2a: Toxapex|Chilling Water|p1a: Great Tusk
|-supereffective|p1a: Great Tusk
|-damage|p1a: Great Tusk|39/100
|-unboost|p1a: Great Tusk|atk|1
|
|-heal|p2a: Toxapex|67/100|[from] item: Black Sludge
|upkeep
|turn|27
|
|t:|1769346438
|-end|p1a: Great Tusk|Protosynthesis|[silent]
|switch|p1a: Rotom|Rotom-Mow, shiny|100/100
|move|p2a: Toxapex|Recover|p2a: Toxapex
|-heal|p2a: Toxapex|100/100
|
|upkeep
|turn|28
|inactive|llamarada has 90 seconds left.
|inactive|llamarada has 60 seconds left.
|
|t:|1769346493
|switch|p2a: Hatterene|Hatterene, F|100/100
|-damage|p2a: Hatterene|88/100|[from] Stealth Rock
|move|p1a: Rotom|Thunderbolt|p2a: Hatterene
|-damage|p2a: Hatterene|44/100
|
|-heal|p2a: Hatterene|50/100|[from] item: Leftovers
|upkeep
|turn|29
|
|t:|1769346505
|move|p1a: Rotom|Leaf Storm|p2a: Hatterene
|-damage|p2a: Hatterene|0 fnt
|-unboost|p1a: Rotom|spa|2
|faint|p2a: Hatterene
|
|upkeep
|inactive|llamarada has 60 seconds left.
|
|t:|1769346516
|switch|p2a: Ursaluna|Ursaluna, M|88/100 brn
|-damage|p2a: Ursaluna|82/100 brn|[from] Stealth Rock
|turn|30
|
|t:|1769346529
|switch|p1a: Gliscor|Gliscor, M|45/100 tox
|move|p2a: Ursaluna|Fire Punch|p1a: Gliscor
|-damage|p1a: Gliscor|17/100 tox
|
|-heal|p1a: Gliscor|30/100 tox|[from] ability: Poison Heal
|-damage|p2a: Ursaluna|75/100 brn|[from] brn
|upkeep
|turn|31
|
|t:|1769346536
|move|p1a: Gliscor|Protect|p1a: Gliscor
|-singleturn|p1a: Gliscor|Protect
|move|p2a: Ursaluna|Facade|p1a: Gliscor
|-activate|p1a: Gliscor|move: Protect
|
|-heal|p1a: Gliscor|42/100 tox|[from] ability: Poison Heal
|-damage|p2a: Ursaluna|69/100 brn|[from] brn
|upkeep
|turn|32
|
|t:|1769346543
|move|p1a: Gliscor|Ice Fang|p2a: Ursaluna
|-supereffective|p2a: Ursaluna
|-damage|p2a: Ursaluna|50/100 brn
|move|p2a: Ursaluna|Facade|p1a: Gliscor
|-damage|p1a: Gliscor|0 fnt
|faint|p1a: Gliscor
|
|-damage|p2a: Ursaluna|44/100 brn|[from] brn
|upkeep
|
|t:|1769346570
|switch|p1a: Rotom|Rotom-Mow, shiny|100/100
|turn|33
|inactive|llamarada has 90 seconds left.
|
|t:|1769346587
|move|p1a: Rotom|Leaf Storm|p2a: Ursaluna
|-supereffective|p2a: Ursaluna
|-damage|p2a: Ursaluna|0 fnt
|-unboost|p1a: Rotom|spa|2
|faint|p2a: Ursaluna
|
|upkeep
|
|t:|1769346592
|switch|p2a: Iron Hands|Iron Hands|100/100
|-damage|p2a: Iron Hands|94/100|[from] Stealth Rock
|turn|34
|
|t:|1769346612
|switch|p1a: Deoxys|Deoxys-Speed, shiny|100/100
|-ability|p1a: Deoxys|Pressure
|move|p2a: Iron Hands|Fake Out|p1a: Deoxys
|-damage|p1a: Deoxys|76/100
|
|upkeep
|turn|35
|
|t:|1769346630
|-end|p2a: Iron Hands|Quark Drive|[silent]
|switch|p2a: Toxapex|Toxapex, M|100/100
|-damage|p2a: Toxapex|88/100|[from] Stealth Rock
|move|p1a: Deoxys|Superpower|p2a: Toxapex
|-resisted|p2a: Toxapex
|-damage|p2a: Toxapex|79/100
|-unboost|p1a: Deoxys|atk|1
|-unboost|p1a: Deoxys|def|1
|
|-heal|p2a: Toxapex|86/100|[from] item: Black Sludge
|upkeep
|turn|36
|
|t:|1769346640
|move|p1a: Deoxys|Psycho Boost|p2a: Toxapex
|-supereffective|p2a: Toxapex
|-damage|p2a: Toxapex|0 fnt
|-unboost|p1a: Deoxys|spa|2
|faint|p2a: Toxapex
|
|upkeep
|
|t:|1769346652
|switch|p2a: Kingambit|Kingambit, M|100/100
|-damage|p2a: Kingambit|94/100|[from] Stealth Rock
|-activate|p2a: Kingambit|ability: Supreme Overlord
|-start|p2a: Kingambit|fallen4|[silent]
|turn|37
|
|t:|1769346660
|switch|p1a: Great Tusk|Great Tusk|39/100
|move|p2a: Kingambit|Kowtow Cleave|p1a: Great Tusk
|-resisted|p1a: Great Tusk
|-damage|p1a: Great Tusk|16/100
|
|-heal|p2a: Kingambit|100/100|[from] item: Leftovers
|upkeep
|turn|38
|
|t:|1769346668
|move|p2a: Kingambit|Sucker Punch|p1a: Great Tusk
|-resisted|p1a: Great Tusk
|-damage|p1a: Great Tusk|0 fnt
|faint|p1a: Great Tusk
|-end|p1a: Great Tusk|Protosynthesis|[silent]
|
|upkeep
|
|t:|1769346673
|switch|p1a: Deoxys|Deoxys-Speed, shiny|76/100
|-ability|p1a: Deoxys|Pressure
|turn|39
|inactive|llamarada has 120 seconds left.
|
|t:|1769346703
|-terastallize|p1a: Deoxys|Fighting
|move|p1a: Deoxys|Superpower|p2a: Kingambit
|-supereffective|p2a: Kingambit
|-damage|p2a: Kingambit|0 fnt
|-unboost|p1a: Deoxys|atk|1
|-unboost|p1a: Deoxys|def|1
|faint|p2a: Kingambit
|-end|p2a: Kingambit|fallen4|[silent]
|
|upkeep
|
|t:|1769346707
|switch|p2a: Iron Hands|Iron Hands|94/100
|-damage|p2a: Iron Hands|88/100|[from] Stealth Rock
|turn|40
|
|t:|1769346726
|move|p2a: Iron Hands|Fake Out|p1a: Deoxys
|-damage|p1a: Deoxys|36/100
|cant|p1a: Deoxys|flinch
|
|upkeep
|turn|41
|inactive|llamarada has 120 seconds left.
|
|t:|1769346751
|move|p1a: Deoxys|Psycho Boost|p2a: Iron Hands
|-supereffective|p2a: Iron Hands
|-damage|p2a: Iron Hands|21/100
|-unboost|p1a: Deoxys|spa|2
|move|p2a: Iron Hands|Ice Punch|p1a: Deoxys
|-damage|p1a: Deoxys|0 fnt
|faint|p1a: Deoxys
|
|upkeep
|
|t:|1769346768
|switch|p1a: Heatran|Heatran, M|78/100
|turn|42
|
|t:|1769346770
|move|p1a: Heatran|Earth Power|p2a: Iron Hands
|-supereffective|p2a: Iron Hands
|-damage|p2a: Iron Hands|0 fnt
|faint|p2a: Iron Hands
|-end|p2a: Iron Hands|Quark Drive|[silent]
|
|win|ya123456
|raw|ya123456's rating: 1177 &rarr; <strong>1205</strong><br />(+28 for winning)
|raw|llamarada's rating: 1217 &rarr; <strong>1189</strong><br />(-28 for losing)
|l|☆llamarada
|player|p2|
|l|☆ya123456
|player|p1|
