|j|☆SacredScythee
|j|☆turbotoby95
|t:|1769323553
|gametype|singles
|player|p1|SacredScythee|265|1380
|player|p2|turbotoby95|2|1371
|gen|9
|tier|[Gen 9] OU
|rated|
|rule|HP Percentage Mod: HP is shown in percentages
|rule|Endless Battle Clause: Forcing endless battles is banned
|rule|Species Clause: Limit one of each Pokémon
|rule|OHKO Clause: OHKO moves are banned
|rule|Evasion Items Clause: Evasion items are banned
|rule|Evasion Moves Clause: Evasion moves are banned
|rule|Evasion Abilities Clause: Evasion abilities are banned
|rule|Sleep Moves Clause: Sleep-inducing moves are banned
|clearpoke
|poke|p1|Garchomp, M|
|poke|p1|Chandelure, F|
|poke|p1|Hatterene, F|
|poke|p1|Ogerpon, F|
|poke|p1|Iron Crown|
|poke|p1|Mandibuzz, F|
|poke|p2|Vaporeon, F|
|poke|p2|Darkrai|
|poke|p2|Ting-Lu|
|poke|p2|Gholdengo|
|poke|p2|Ditto|
|poke|p2|Dragonite, M|
|teampreview
|inactive|Battle timer is ON: inactive players will automatically lose when time's up. (requested by turbotoby95)
|
|t:|1769323576
|teamsize|p1|6
|teamsize|p2|6
|start
|switch|p1a: Ogerpon|Ogerpon, F|100/100
|switch|p2a: Yoink!|Ditto|100/100
|-transform|p2a: Yoink!|p1a: Ogerpon|[from] ability: Imposter
|turn|1
|
|t:|1769323591
|switch|p1a: Garchomp|Garchomp, M|100/100
|move|p2a: Yoink!|U-turn|p1a: Garchomp
|-damage|p1a: Garchomp|85/100
|-damage|p2a: Yoink!|88/100|[from] ability: Rough Skin|[of] p1a: Garchomp
|-damage|p2a: Yoink!|72/100|[from] item: Rocky Helmet|[of] p1a: Garchomp
|
|t:|1769323594
|switch|p2a: Darkrai|Darkrai|100/100|[from] U-turn
|
|upkeep
|turn|2
|
|t:|1769323610
|switch|p1a: Iron Crown|Iron Crown|100/100
|move|p2a: Darkrai|Nasty Plot|p2a: Darkrai
|-boost|p2a: Darkrai|spa|2
|
|upkeep
|turn|3
|
|t:|1769323623
|move|p2a: Darkrai|Dark Pulse|p1a: Iron Crown
|-supereffective|p1a: Iron Crown
|-damage|p1a: Iron Crown|0 fnt
|faint|p1a: Iron Crown
|-end|p1a: Iron Crown|Quark Drive|[silent]
|
|upkeep
|inactive|SacredScythee has 120 seconds left.
|
|t:|1769323659
|switch|p1a: Chandelure|Chandelure, F|100/100
|turn|4
|
|t:|1769323666
|move|p1a: Chandelure|Overheat|p2a: Darkrai
|-damage|p2a: Darkrai|8/100
|-unboost|p1a: Chandelure|spa|2
|move|p2a: Darkrai|Dark Pulse|p1a: Chandelure
|-supereffective|p1a: Chandelure
|-damage|p1a: Chandelure|0 fnt
|faint|p1a: Chandelure
|
|-heal|p2a: Darkrai|14/100|[from] item: Leftovers
|upkeep
|
|t:|1769323680
|switch|p1a: Ogerpon|Ogerpon, F|100/100
|turn|5
|
|t:|1769323686
|switch|p2a: Gholdengo|Gholdengo|100/100
|-terastallize|p1a: Ogerpon|Grass
|detailschange|p1a: Ogerpon|Ogerpon-Teal-Tera, F, tera:Grass
|-ability|p1a: Ogerpon|Embody Aspect (Teal)|boost
|-boost|p1a: Ogerpon|spe|1
|move|p1a: Ogerpon|Ivy Cudgel|p2a: Gholdengo
|-resisted|p2a: Gholdengo
|-damage|p2a: Gholdengo|62/100
|
|upkeep
|turn|6
|
|t:|1769323705
|switch|p2a: Darkrai|Darkrai|14/100
|move|p1a: Ogerpon|Knock Off|p2a: Darkrai
|-resisted|p2a: Darkrai
|-damage|p2a: Darkrai|0 fnt
|-enditem|p2a: Darkrai|Leftovers|[from] move: Knock Off|[of] p1a: Ogerpon
|faint|p2a: Darkrai
|
|upkeep
|
|t:|1769323708
|switch|p2a: Swagonite|Dragonite, M|100/100
|turn|7
|
|t:|1769323721
|move|p1a: Ogerpon|U-turn|p2a: Swagonite
|-resisted|p2a: Swagonite
|-damage|p2a: Swagonite|94/100
|
|t:|1769323726
|switch|p1a: Mandibuzz|Mandibuzz, F|100/100|[from] U-turn
|move|p2a: Swagonite|Dragon Dance|p2a: Swagonite
|-boost|p2a: Swagonite|atk|1
|-boost|p2a: Swagonite|spe|1
|
|-heal|p2a: Swagonite|99/100|[from] item: Leftovers
|upkeep
|turn|8
|
|t:|1769323736
|switch|p2a: Gholdengo|Gholdengo|62/100
|move|p1a: Mandibuzz|Foul Play|p2a: Gholdengo
|-supereffective|p2a: Gholdengo
|-damage|p2a: Gholdengo|24/100
|
|upkeep
|turn|9
|
|t:|1769323752
|move|p2a: Gholdengo|Trick|p1a: Mandibuzz
|-activate|p2a: Gholdengo|move: Trick|[of] p1a: Mandibuzz
|-item|p1a: Mandibuzz|Choice Scarf|[from] move: Trick
|-item|p2a: Gholdengo|Heavy-Duty Boots|[from] move: Trick
|move|p1a: Mandibuzz|Foul Play|p2a: Gholdengo
|-supereffective|p2a: Gholdengo
|-damage|p2a: Gholdengo|0 fnt
|faint|p2a: Gholdengo
|
|upkeep
|
|t:|1769323757
|switch|p2a: Yoink!|Ditto|72/100
|-transform|p2a: Yoink!|p1a: Mandibuzz|[from] ability: Imposter
|turn|10
|
|t:|1769323770
|switch|p1a: Garchomp|Garchomp, M|85/100
|move|p2a: Yoink!|U-turn|p1a: Garchomp
|-damage|p1a: Garchomp|79/100
|-damage|p2a: Yoink!|59/100|[from] ability: Rough Skin|[of] p1a: Garchomp
|-damage|p2a: Yoink!|43/100|[from] item: Rocky Helmet|[of] p1a: Garchomp
|
|t:|1769323780
|switch|p2a: Mom|Vaporeon, F, shiny|100/100|[from] U-turn
|
|upkeep
|turn|11
|inactive|SacredScythee has 120 seconds left.
|
|t:|1769323787
|move|p1a: Garchomp|Stealth Rock|p2a: Mom
|-sidestart|p2: turbotoby95|move: Stealth Rock
|move|p2a: Mom|Ice Beam|p1a: Garchomp
|-supereffective|p1a: Garchomp
|-damage|p1a: Garchomp|0 fnt
|faint|p1a: Garchomp
|
|upkeep
|inactive|SacredScythee has 120 seconds left.
|
|t:|1769323800
|switch|p1a: Ogerpon|Ogerpon-Teal-Tera, F, tera:Grass|100/100
|-ability|p1a: Ogerpon|Embody Aspect (Teal)|boost
|-boost|p1a: Ogerpon|spe|1
|turn|12
|inactive|SacredScythee has 120 seconds left.
|
|t:|1769323805
|move|p1a: Ogerpon|Ivy Cudgel|p2a: Mom
|-supereffective|p2a: Mom
|-damage|p2a: Mom|7/100
|move|p2a: Mom|Wish|p2a: Mom
|
|-heal|p2a: Mom|13/100|[from] item: Leftovers
|upkeep
|turn|13
|inactive|SacredScythee has 120 seconds left.
|
|t:|1769323819
|switch|p2a: Swagonite|Dragonite, M|99/100
|-damage|p2a: Swagonite|75/100|[from] Stealth Rock
|move|p1a: Ogerpon|Ivy Cudgel|p2a: Swagonite
|-resisted|p2a: Swagonite
|-crit|p2a: Swagonite
|-damage|p2a: Swagonite|49/100
|
|-heal|p2a: Swagonite|100/100|[from] move: Wish|[wisher] Mom
|upkeep
|turn|14
|inactive|SacredScythee has 120 seconds left.
|
|t:|1769323829
|move|p1a: Ogerpon|U-turn|p2a: Swagonite
|-resisted|p2a: Swagonite
|-damage|p2a: Swagonite|95/100
|inactive|SacredScythee has 120 seconds left.
|
|t:|1769323836
|switch|p1a: Hatterene|Hatterene, F|100/100|[from] U-turn
|move|p2a: Swagonite|Dragon Dance|p2a: Swagonite
|-boost|p2a: Swagonite|atk|1
|-boost|p2a: Swagonite|spe|1
|
|-heal|p2a: Swagonite|100/100|[from] item: Leftovers
|upkeep
|turn|15
|
|t:|1769323846
|-terastallize|p2a: Swagonite|Fire
|move|p2a: Swagonite|Dragon Dance|p2a: Swagonite
|-boost|p2a: Swagonite|atk|1
|-boost|p2a: Swagonite|spe|1
|move|p1a: Hatterene|Draining Kiss|p2a: Swagonite
|-resisted|p2a: Swagonite
|-damage|p2a: Swagonite|95/100
|
|-heal|p2a: Swagonite|100/100|[from] item: Leftovers
|upkeep
|turn|16
|
|t:|1769323855
|switch|p1a: Mandibuzz|Mandibuzz, F|100/100
|move|p2a: Swagonite|Earthquake|p1a: Mandibuzz
|-immune|p1a: Mandibuzz
|
|upkeep
|turn|17
|inactive|SacredScythee has 120 seconds left.
|
|t:|1769323876
|move|p2a: Swagonite|Ice Spinner|p1a: Mandibuzz
|-supereffective|p1a: Mandibuzz
|-damage|p1a: Mandibuzz|39/100
|move|p1a: Mandibuzz|Foul Play|p2a: Swagonite
|-damage|p2a: Swagonite|47/100
|
|-heal|p2a: Swagonite|53/100|[from] item: Leftovers
|upkeep
|turn|18
|inactive|SacredScythee has 120 seconds left.
|
|t:|1769323886
|move|p2a: Swagonite|Ice Spinner|p1a: Mandibuzz
|-supereffective|p1a: Mandibuzz
|-damage|p1a: Mandibuzz|0 fnt
|faint|p1a: Mandibuzz
|
|-heal|p2a: Swagonite|59/100|[from] item: Leftovers
|upkeep
|inactive|SacredScythee has 120 seconds left.
|
|t:|1769323892
|switch|p1a: Ogerpon|Ogerpon-Teal-Tera, F, tera:Grass|100/100
|-ability|p1a: Ogerpon|Embody Aspect (Teal)|boost
|-boost|p1a: Ogerpon|spe|1
|turn|19
|c|☆turbotoby95|gg
|inactive|SacredScythee has 120 seconds left.
|-message|SacredScythee forfeited.
|
|win|turbotoby95
|raw|SacredScythee's rating: 1380 &rarr; <strong>1359</strong><br />(-21 for losing)
|raw|turbotoby95's rating: 1371 &rarr; <strong>1392</strong><br />(+21 for winning)
|l|☆SacredScythee
|player|p1|
