|j|☆151htyrneh
|j|☆lommlomm
|t:|1769441979
|gametype|singles
|player|p1|151htyrneh|wallace|1702
|player|p2|lommlomm|cameraman|1594
|gen|9
|tier|[Gen 9] OU
|rated|
|rule|HP Percentage Mod: HP is shown in percentages
|rule|Endless Battle Clause: Forcing endless battles is banned
|rule|Species Clause: Limit one of each Pokémon
|rule|OHKO Clause: OHKO moves are banned
|rule|Evasion Items Clause: Evasion items are banned
|rule|Evasion Moves Clause: Evasion moves are banned
|rule|Evasion Abilities Clause: Evasion abilities are banned
|rule|Sleep Moves Clause: Sleep-inducing moves are banned
|clearpoke
|poke|p1|Glimmora, F|
|poke|p1|Landorus-Therian, M|
|poke|p1|Kyurem|
|poke|p1|Kingambit, F|
|poke|p1|Iron Valiant|
|poke|p1|Cinderace, F|
|poke|p2|Araquanid, M|
|poke|p2|Great Tusk|
|poke|p2|Enamorus, F|
|poke|p2|Glimmora, F|
|poke|p2|Gholdengo|
|poke|p2|Dragonite, M|
|teampreview
|
|t:|1769441989
|teamsize|p1|6
|teamsize|p2|6
|start
|switch|p1a: Kyurem|Kyurem|100/100
|switch|p2a: Glimmora|Glimmora, F|100/100
|-ability|p1a: Kyurem|Pressure
|turn|1
|inactive|Battle timer is ON: inactive players will automatically lose when time's up. (requested by lommlomm)
|
|t:|1769441994
|move|p2a: Glimmora|Meteor Beam||[still]
|-prepare|p2a: Glimmora|Meteor Beam
|-boost|p2a: Glimmora|spa|1
|-enditem|p2a: Glimmora|Power Herb
|-anim|p2a: Glimmora|Meteor Beam|p1a: Kyurem
|-supereffective|p1a: Kyurem
|-damage|p1a: Kyurem|0 fnt
|faint|p1a: Kyurem
|
|upkeep
|
|t:|1769441997
|switch|p1a: Landorus|Landorus-Therian, M|100/100
|-ability|p1a: Landorus|Intimidate|boost
|-unboost|p2a: Glimmora|atk|1
|turn|2
|
|t:|1769442011
|switch|p2a: Araquanid|Araquanid, M, shiny|100/100
|move|p1a: Landorus|Stealth Rock|p2a: Araquanid
|-sidestart|p2: lommlomm|move: Stealth Rock
|
|upkeep
|turn|3
|
|t:|1769442018
|move|p1a: Landorus|U-turn|p2a: Araquanid
|-damage|p2a: Araquanid|83/100
|-enditem|p2a: Araquanid|Red Card|[of] p1a: Landorus
|drag|p1a: Iron Valiant|Iron Valiant|100/100
|-enditem|p1a: Iron Valiant|Booster Energy
|-activate|p1a: Iron Valiant|ability: Quark Drive|[fromitem]
|-start|p1a: Iron Valiant|quarkdrivespe
|move|p2a: Araquanid|Sticky Web|p1a: Iron Valiant
|-sidestart|p1: 151htyrneh|move: Sticky Web
|
|upkeep
|turn|4
|
|t:|1769442024
|move|p1a: Iron Valiant|Moonblast|p2a: Araquanid
|-damage|p2a: Araquanid|50/100
|move|p2a: Araquanid|Surf|p1a: Iron Valiant
|-damage|p1a: Iron Valiant|35/100
|
|upkeep
|turn|5
|
|t:|1769442031
|move|p1a: Iron Valiant|Moonblast|p2a: Araquanid
|-damage|p2a: Araquanid|18/100
|-unboost|p2a: Araquanid|spa|1
|move|p2a: Araquanid|Surf|p1a: Iron Valiant
|-crit|p1a: Iron Valiant
|-damage|p1a: Iron Valiant|0 fnt
|faint|p1a: Iron Valiant
|-end|p1a: Iron Valiant|Quark Drive|[silent]
|
|upkeep
|
|t:|1769442033
|switch|p1a: Glimmora|Glimmora, F|100/100
|-activate|p1a: Glimmora|move: Sticky Web
|-unboost|p1a: Glimmora|spe|1
|turn|6
|
|t:|1769442041
|move|p1a: Glimmora|Dazzling Gleam|p2a: Araquanid
|-damage|p2a: Araquanid|0 fnt
|faint|p2a: Araquanid
|
|upkeep
|
|t:|1769442060
|switch|p2a: Glimmora|Glimmora, F|100/100
|-damage|p2a: Glimmora|88/100|[from] Stealth Rock
|turn|7
|inactive|151htyrneh has 120 seconds left.
|
|t:|1769442099
|switch|p1a: Kingambit|Kingambit, F|100/100
|-activate|p1a: Kingambit|move: Sticky Web
|-unboost|p1a: Kingambit|spe|1
|-activate|p1a: Kingambit|ability: Supreme Overlord
|-start|p1a: Kingambit|fallen2|[silent]
|move|p2a: Glimmora|Earth Power|p1a: Kingambit
|-supereffective|p1a: Kingambit
|-damage|p1a: Kingambit|27/100
|
|upkeep
|turn|8
|c|☆lommlomm|。
|
|t:|1769442111
|-end|p1a: Kingambit|fallen2|[silent]
|switch|p1a: Landorus|Landorus-Therian, M|100/100
|-ability|p1a: Landorus|Intimidate|boost
|-unboost|p2a: Glimmora|atk|1
|move|p2a: Glimmora|Earth Power|p1a: Landorus
|-immune|p1a: Landorus
|
|upkeep
|turn|9
|inactive|151htyrneh has 120 seconds left.
|
|t:|1769442139
|move|p1a: Landorus|Earth Power|p2a: Glimmora
|-supereffective|p2a: Glimmora
|-damage|p2a: Glimmora|0 fnt
|faint|p2a: Glimmora
|
|upkeep
|
|t:|1769442151
|switch|p2a: Enamorus|Enamorus, F|100/100
|-damage|p2a: Enamorus|76/100|[from] Stealth Rock
|turn|10
|
|t:|1769442154
|move|p2a: Enamorus|Moonblast|p1a: Landorus
|-damage|p1a: Landorus|17/100
|-unboost|p1a: Landorus|spa|1
|move|p1a: Landorus|U-turn|p2a: Enamorus
|-resisted|p2a: Enamorus
|-damage|p2a: Enamorus|67/100
|
|t:|1769442157
|switch|p1a: Cinderace|Cinderace, F|100/100|[from] U-turn
|
|upkeep
|turn|11
|
|t:|1769442167
|move|p1a: Cinderace|Pyro Ball|p2a: Enamorus
|-damage|p2a: Enamorus|0 fnt
|faint|p2a: Enamorus
|
|upkeep
|
|t:|1769442172
|switch|p2a: Great Tusk|Great Tusk|100/100
|-damage|p2a: Great Tusk|98/100|[from] Stealth Rock
|-enditem|p2a: Great Tusk|Booster Energy
|-activate|p2a: Great Tusk|ability: Protosynthesis|[fromitem]
|-start|p2a: Great Tusk|protosynthesisatk
|turn|12
|
|t:|1769442178
|move|p1a: Cinderace|U-turn|p2a: Great Tusk
|-start|p1a: Cinderace|typechange|Bug|[from] ability: Libero
|-resisted|p2a: Great Tusk
|-damage|p2a: Great Tusk|86/100
|
|t:|1769442179
|switch|p1a: Landorus|Landorus-Therian, M|17/100|[from] U-turn
|-ability|p1a: Landorus|Intimidate|boost
|-unboost|p2a: Great Tusk|atk|1
|move|p2a: Great Tusk|Rapid Spin|p1a: Landorus
|-damage|p1a: Landorus|2/100
|-boost|p2a: Great Tusk|spe|1
|-damage|p2a: Great Tusk|70/100|[from] item: Rocky Helmet|[of] p1a: Landorus
|-sideend|p2: lommlomm|Stealth Rock|[from] move: Rapid Spin|[of] p2a: Great Tusk
|
|upkeep
|turn|13
|
|t:|1769442192
|switch|p1a: Kingambit|Kingambit, F|27/100
|-activate|p1a: Kingambit|move: Sticky Web
|-unboost|p1a: Kingambit|spe|1
|-activate|p1a: Kingambit|ability: Supreme Overlord
|-start|p1a: Kingambit|fallen2|[silent]
|move|p2a: Great Tusk|Rapid Spin|p1a: Kingambit
|-resisted|p1a: Kingambit
|-damage|p1a: Kingambit|20/100
|-boost|p2a: Great Tusk|spe|1
|
|upkeep
|turn|14
|
|t:|1769442198
|move|p2a: Great Tusk|Ice Spinner|p1a: Kingambit
|-resisted|p1a: Kingambit
|-damage|p1a: Kingambit|11/100
|move|p1a: Kingambit|Low Kick|p2a: Great Tusk
|-damage|p2a: Great Tusk|31/100
|
|upkeep
|turn|15
|
|t:|1769442204
|-end|p1a: Kingambit|fallen2|[silent]
|switch|p1a: Landorus|Landorus-Therian, M|2/100
|-ability|p1a: Landorus|Intimidate|boost
|-unboost|p2a: Great Tusk|atk|1
|move|p2a: Great Tusk|Headlong Rush|p1a: Landorus
|-immune|p1a: Landorus
|
|upkeep
|turn|16
|
|t:|1769442211
|switch|p1a: Kingambit|Kingambit, F|11/100
|-activate|p1a: Kingambit|move: Sticky Web
|-unboost|p1a: Kingambit|spe|1
|-activate|p1a: Kingambit|ability: Supreme Overlord
|-start|p1a: Kingambit|fallen2|[silent]
|move|p2a: Great Tusk|Ice Spinner|p1a: Kingambit
|-resisted|p1a: Kingambit
|-damage|p1a: Kingambit|3/100
|
|upkeep
|turn|17
|
|t:|1769442219
|-end|p1a: Kingambit|fallen2|[silent]
|switch|p1a: Landorus|Landorus-Therian, M|2/100
|-ability|p1a: Landorus|Intimidate|boost
|-unboost|p2a: Great Tusk|atk|1
|move|p2a: Great Tusk|Ice Spinner|p1a: Landorus
|-supereffective|p1a: Landorus
|-damage|p1a: Landorus|0 fnt
|-damage|p2a: Great Tusk|15/100|[from] item: Rocky Helmet|[of] p1a: Landorus
|faint|p1a: Landorus
|
|upkeep
|
|t:|1769442222
|switch|p1a: Kingambit|Kingambit, F|3/100
|-activate|p1a: Kingambit|move: Sticky Web
|-unboost|p1a: Kingambit|spe|1
|-activate|p1a: Kingambit|ability: Supreme Overlord
|-start|p1a: Kingambit|fallen3|[silent]
|turn|18
|
|t:|1769442229
|move|p1a: Kingambit|Sucker Punch|p2a: Great Tusk
|-resisted|p2a: Great Tusk
|-damage|p2a: Great Tusk|0 fnt
|faint|p2a: Great Tusk
|-end|p2a: Great Tusk|Protosynthesis|[silent]
|
|upkeep
|
|t:|1769442240
|switch|p2a: Dragonite|Dragonite, M|100/100
|turn|19
|
|t:|1769442243
|move|p2a: Dragonite|Dragon Dance|p2a: Dragonite
|-boost|p2a: Dragonite|atk|1
|-boost|p2a: Dragonite|spe|1
|move|p1a: Kingambit|Kowtow Cleave|p2a: Dragonite
|-damage|p2a: Dragonite|65/100
|
|-heal|p2a: Dragonite|71/100|[from] item: Leftovers
|upkeep
|turn|20
|
|t:|1769442254
|move|p2a: Dragonite|Roost|p2a: Dragonite
|-heal|p2a: Dragonite|100/100
|-singleturn|p2a: Dragonite|move: Roost
|move|p1a: Kingambit|Kowtow Cleave|p2a: Dragonite
|-damage|p2a: Dragonite|69/100
|
|-heal|p2a: Dragonite|75/100|[from] item: Leftovers
|upkeep
|turn|21
|
|t:|1769442266
|move|p2a: Dragonite|Roost|p2a: Dragonite
|-heal|p2a: Dragonite|100/100
|-singleturn|p2a: Dragonite|move: Roost
|move|p1a: Kingambit|Kowtow Cleave|p2a: Dragonite
|-damage|p2a: Dragonite|65/100
|
|-heal|p2a: Dragonite|71/100|[from] item: Leftovers
|upkeep
|turn|22
|
|t:|1769442275
|-terastallize|p2a: Dragonite|Fairy
|move|p2a: Dragonite|Dragon Dance|p2a: Dragonite
|-boost|p2a: Dragonite|atk|1
|-boost|p2a: Dragonite|spe|1
|move|p1a: Kingambit|Kowtow Cleave|p2a: Dragonite
|-resisted|p2a: Dragonite
|-damage|p2a: Dragonite|41/100
|
|-heal|p2a: Dragonite|47/100|[from] item: Leftovers
|upkeep
|turn|23
|
|t:|1769442288
|move|p2a: Dragonite|Roost|p2a: Dragonite
|-heal|p2a: Dragonite|97/100
|move|p1a: Kingambit|Kowtow Cleave|p2a: Dragonite
|-resisted|p2a: Dragonite
|-damage|p2a: Dragonite|63/100
|
|-heal|p2a: Dragonite|69/100|[from] item: Leftovers
|upkeep
|turn|24
|
|t:|1769442296
|move|p2a: Dragonite|Earthquake|p1a: Kingambit
|-supereffective|p1a: Kingambit
|-damage|p1a: Kingambit|0 fnt
|faint|p1a: Kingambit
|-end|p1a: Kingambit|fallen3|[silent]
|
|-heal|p2a: Dragonite|76/100|[from] item: Leftovers
|upkeep
|
|t:|1769442299
|switch|p1a: Glimmora|Glimmora, F|100/100
|-activate|p1a: Glimmora|move: Sticky Web
|-unboost|p1a: Glimmora|spe|1
|turn|25
|
|t:|1769442308
|-terastallize|p1a: Glimmora|Fairy
|move|p2a: Dragonite|Earthquake|p1a: Glimmora
|-damage|p1a: Glimmora|16/100
|-activate|p1a: Glimmora|ability: Toxic Debris
|-sidestart|p2: lommlomm|move: Toxic Spikes
|move|p1a: Glimmora|Sludge Wave|p2a: Dragonite
|-supereffective|p2a: Dragonite
|-damage|p2a: Dragonite|0 fnt
|faint|p2a: Dragonite
|
|upkeep
|
|t:|1769442318
|switch|p2a: Gholdengo|Gholdengo|100/100
|-item|p2a: Gholdengo|Air Balloon
|turn|26
|
|t:|1769442323
|move|p1a: Glimmora|Sludge Wave|p2a: Gholdengo
|-immune|p2a: Gholdengo
|move|p2a: Gholdengo|Shadow Ball|p1a: Glimmora
|-damage|p1a: Glimmora|0 fnt
|faint|p1a: Glimmora
|
|upkeep
|
|t:|1769442327
|switch|p1a: Cinderace|Cinderace, F|100/100
|turn|27
|
|t:|1769442336
|move|p1a: Cinderace|Pyro Ball|p2a: Gholdengo
|-supereffective|p2a: Gholdengo
|-damage|p2a: Gholdengo|0 fnt
|-enditem|p2a: Gholdengo|Air Balloon
|faint|p2a: Gholdengo
|
|win|151htyrneh
|raw|151htyrneh's rating: 1702 &rarr; <strong>1716</strong><br />(+14 for winning)
|raw|lommlomm's rating: 1594 &rarr; <strong>1580</strong><br />(-14 for losing)
|l|☆lommlomm
|player|p2|
