|j|☆acobb21
|j|☆Amol Ketchum
|t:|1769433186
|gametype|singles
|player|p1|acobb21|swimmer-gen4|1115
|player|p2|Amol Ketchum|red|1065
|gen|9
|tier|[Gen 9] OU
|rated|
|rule|HP Percentage Mod: HP is shown in percentages
|rule|Endless Battle Clause: Forcing endless battles is banned
|rule|Species Clause: Limit one of each Pokémon
|rule|OHKO Clause: OHKO moves are banned
|rule|Evasion Items Clause: Evasion items are banned
|rule|Evasion Moves Clause: Evasion moves are banned
|rule|Evasion Abilities Clause: Evasion abilities are banned
|rule|Sleep Moves Clause: Sleep-inducing moves are banned
|clearpoke
|poke|p1|Grimmsnarl, M|
|poke|p1|Iron Treads|
|poke|p1|Raging Bolt|
|poke|p1|Deoxys-Speed|
|poke|p1|Ogerpon-Wellspring, F|
|poke|p1|Ceruledge, M|
|poke|p2|Pikachu-Partner, M|
|poke|p2|Greninja-*, M|
|poke|p2|Talonflame, M|
|poke|p2|Hawlucha, M|
|poke|p2|Noivern, M|
|poke|p2|Goodra, M|
|teampreview
|inactive|Battle timer is ON: inactive players will automatically lose when time's up. (requested by Amol Ketchum)
|
|t:|1769433215
|teamsize|p1|6
|teamsize|p2|6
|start
|switch|p1a: Grimmsnarl|Grimmsnarl, M, shiny|100/100
|switch|p2a: Pikachu|Pikachu-Partner, M|100/100
|turn|1
|
|t:|1769433221
|move|p1a: Grimmsnarl|Taunt|p2a: Pikachu
|-start|p2a: Pikachu|move: Taunt
|move|p2a: Pikachu|Iron Tail|p1a: Grimmsnarl|[miss]
|-miss|p2a: Pikachu|p1a: Grimmsnarl
|
|upkeep
|turn|2
|
|t:|1769433238
|move|p1a: Grimmsnarl|Reflect|p1a: Grimmsnarl
|-sidestart|p1: acobb21|Reflect
|move|p2a: Pikachu|Iron Tail|p1a: Grimmsnarl|[miss]
|-miss|p2a: Pikachu|p1a: Grimmsnarl
|
|upkeep
|turn|3
|
|t:|1769433244
|move|p1a: Grimmsnarl|Light Screen|p1a: Grimmsnarl
|-sidestart|p1: acobb21|move: Light Screen
|move|p2a: Pikachu|Iron Tail|p1a: Grimmsnarl
|-supereffective|p1a: Grimmsnarl
|-damage|p1a: Grimmsnarl|56/100
|-unboost|p1a: Grimmsnarl|def|1
|
|-end|p2a: Pikachu|move: Taunt
|upkeep
|turn|4
|
|t:|1769433252
|switch|p1a: Ceruledge|Ceruledge, M, shiny|100/100
|move|p2a: Pikachu|Iron Tail|p1a: Ceruledge
|-resisted|p1a: Ceruledge
|-crit|p1a: Ceruledge
|-damage|p1a: Ceruledge|68/100
|-ability|p1a: Ceruledge|Weak Armor|boost
|-unboost|p1a: Ceruledge|def|1
|-boost|p1a: Ceruledge|spe|2
|
|upkeep
|turn|5
|
|t:|1769433262
|move|p1a: Ceruledge|Swords Dance|p1a: Ceruledge
|-boost|p1a: Ceruledge|atk|2
|move|p2a: Pikachu|Iron Tail|p1a: Ceruledge
|-resisted|p1a: Ceruledge
|-crit|p1a: Ceruledge
|-damage|p1a: Ceruledge|24/100
|-ability|p1a: Ceruledge|Weak Armor|boost
|-unboost|p1a: Ceruledge|def|1
|-boost|p1a: Ceruledge|spe|2
|
|upkeep
|turn|6
|
|t:|1769433271
|move|p1a: Ceruledge|Bitter Blade|p2a: Pikachu
|-crit|p2a: Pikachu
|-damage|p2a: Pikachu|0 fnt
|-heal|p1a: Ceruledge|63/100|[from] drain|[of] p2a: Pikachu
|faint|p2a: Pikachu
|-damage|p1a: Ceruledge|53/100|[from] item: Life Orb
|
|upkeep
|
|t:|1769433281
|switch|p2a: Talonflame|Talonflame, M|100/100
|turn|7
|
|t:|1769433285
|move|p1a: Ceruledge|Poltergeist|p2a: Talonflame
|-activate|p2a: Talonflame|move: Poltergeist|Heavy-Duty Boots
|-damage|p2a: Talonflame|0 fnt
|faint|p2a: Talonflame
|-damage|p1a: Ceruledge|43/100|[from] item: Life Orb
|
|upkeep
|
|t:|1769433293
|switch|p2a: Greninja|Greninja, M|100/100
|turn|8
|
|t:|1769433320
|move|p1a: Ceruledge|Bitter Blade|p2a: Greninja
|-resisted|p2a: Greninja
|-damage|p2a: Greninja|21/100
|-heal|p1a: Ceruledge|82/100|[from] drain|[of] p2a: Greninja
|-damage|p1a: Ceruledge|73/100|[from] item: Life Orb
|move|p2a: Greninja|Dark Pulse|p1a: Ceruledge
|-supereffective|p1a: Ceruledge
|-damage|p1a: Ceruledge|38/100
|
|upkeep
|turn|9
|l|☆Amol Ketchum
|inactive|Amol Ketchum disconnected and has a minute to reconnect!
|player|p2|
|inactive|Amol Ketchum has 30 seconds to reconnect!
|inactive|Amol Ketchum has 20 seconds to reconnect!
|inactive|Amol Ketchum has 15 seconds to reconnect!
|inactive|Amol Ketchum has 10 seconds to reconnect!
|inactive|Amol Ketchum has 5 seconds to reconnect!
|-message|Amol Ketchum lost due to inactivity.
|
|win|acobb21
|raw|acobb21's rating: 1115 &rarr; <strong>1136</strong><br />(+21 for winning)
|raw|Amol Ketchum's rating: 1065 &rarr; <strong>1048</strong><br />(-17 for losing)
|l|☆acobb21
|player|p1|
