|j|☆PrimeXStriker
|j|☆bjls
|t:|1769347384
|gametype|singles
|player|p1|PrimeXStriker|bruno|1442
|player|p2|bjls|hilda-wonderlauncher|1509
|gen|9
|tier|[Gen 9] OU
|rated|
|rule|HP Percentage Mod: HP is shown in percentages
|rule|Endless Battle Clause: Forcing endless battles is banned
|rule|Species Clause: Limit one of each Pokémon
|rule|OHKO Clause: OHKO moves are banned
|rule|Evasion Items Clause: Evasion items are banned
|rule|Evasion Moves Clause: Evasion moves are banned
|rule|Evasion Abilities Clause: Evasion abilities are banned
|rule|Sleep Moves Clause: Sleep-inducing moves are banned
|clearpoke
|poke|p1|Tornadus-Therian, M|
|poke|p1|Weezing-Galar, M|
|poke|p1|Ting-Lu|
|poke|p1|Volcanion|
|poke|p1|Meowscarada, M|
|poke|p1|Decidueye-Hisui, M|
|poke|p2|Pelipper, M|
|poke|p2|Basculegion, M|
|poke|p2|Braviary-Hisui, M|
|poke|p2|Raging Bolt|
|poke|p2|Iron Treads|
|poke|p2|Kingambit, M|
|teampreview
|inactive|Battle timer is ON: inactive players will automatically lose when time's up. (requested by bjls)
|
|t:|1769347397
|teamsize|p1|6
|teamsize|p2|6
|start
|switch|p1a: Meowscarada|Meowscarada, M|100/100
|switch|p2a: 大卫·戴|Pelipper, M|100/100
|-weather|RainDance|[from] ability: Drizzle|[of] p2a: 大卫·戴
|turn|1
|
|t:|1769347401
|move|p1a: Meowscarada|Knock Off|p2a: 大卫·戴
|-start|p1a: Meowscarada|typechange|Dark|[from] ability: Protean
|-damage|p2a: 大卫·戴|64/100
|-enditem|p2a: 大卫·戴|Damp Rock|[from] move: Knock Off|[of] p1a: Meowscarada
|move|p2a: 大卫·戴|U-turn|p1a: Meowscarada
|-supereffective|p1a: Meowscarada
|-damage|p1a: Meowscarada|72/100
|
|t:|1769347410
|switch|p2a: 驭雷掣电天尊|Raging Bolt|100/100|[from] U-turn
|-enditem|p2a: 驭雷掣电天尊|Booster Energy
|-activate|p2a: 驭雷掣电天尊|ability: Protosynthesis|[fromitem]
|-start|p2a: 驭雷掣电天尊|protosynthesisspa
|
|-weather|RainDance|[upkeep]
|upkeep
|turn|2
|
|t:|1769347420
|switch|p1a: Decidueye|Decidueye-Hisui, M|100/100
|move|p2a: 驭雷掣电天尊|Weather Ball|p1a: Decidueye
|-resisted|p1a: Decidueye
|-damage|p1a: Decidueye|58/100
|
|-weather|RainDance|[upkeep]
|upkeep
|turn|3
|
|t:|1769347431
|move|p1a: Decidueye|Triple Arrows|p2a: 驭雷掣电天尊
|-damage|p2a: 驭雷掣电天尊|65/100
|-unboost|p2a: 驭雷掣电天尊|def|1
|move|p2a: 驭雷掣电天尊|Weather Ball|p1a: Decidueye
|-resisted|p1a: Decidueye
|-damage|p1a: Decidueye|17/100
|
|-weather|RainDance|[upkeep]
|upkeep
|turn|4
|
|t:|1769347438
|move|p2a: 驭雷掣电天尊|Thunderclap||[still]
|-fail|p2a: 驭雷掣电天尊
|move|p1a: Decidueye|Roost|p1a: Decidueye
|-heal|p1a: Decidueye|67/100
|-singleturn|p1a: Decidueye|move: Roost
|
|-weather|RainDance|[upkeep]
|upkeep
|turn|5
|
|t:|1769347444
|move|p1a: Decidueye|Triple Arrows|p2a: 驭雷掣电天尊
|-damage|p2a: 驭雷掣电天尊|8/100
|cant|p2a: 驭雷掣电天尊|flinch
|
|-weather|RainDance|[upkeep]
|upkeep
|turn|6
|
|t:|1769347450
|move|p2a: 驭雷掣电天尊|Thunderclap|p1a: Decidueye
|-resisted|p1a: Decidueye
|-damage|p1a: Decidueye|36/100
|move|p1a: Decidueye|Triple Arrows|p2a: 驭雷掣电天尊
|-damage|p2a: 驭雷掣电天尊|0 fnt
|faint|p2a: 驭雷掣电天尊
|-end|p2a: 驭雷掣电天尊|Protosynthesis|[silent]
|
|-weather|RainDance|[upkeep]
|upkeep
|
|t:|1769347454
|switch|p2a: 一汽·大运|Basculegion, M|100/100
|turn|7
|
|t:|1769347464
|switch|p1a: Ting-Lu|Ting-Lu|100/100
|-ability|p1a: Ting-Lu|Vessel of Ruin
|move|p2a: 一汽·大运|Outrage|p1a: Ting-Lu
|-damage|p1a: Ting-Lu|69/100
|
|-weather|RainDance|[upkeep]
|-heal|p1a: Ting-Lu|75/100|[from] item: Leftovers
|upkeep
|turn|8
|
|t:|1769347482
|move|p2a: 一汽·大运|Outrage|p1a: Ting-Lu|[from] lockedmove
|-damage|p1a: Ting-Lu|42/100
|move|p1a: Ting-Lu|Earthquake|p2a: 一汽·大运
|-damage|p2a: 一汽·大运|57/100
|
|-weather|none
|-heal|p1a: Ting-Lu|48/100|[from] item: Leftovers
|upkeep
|turn|9
|
|t:|1769347493
|move|p2a: 一汽·大运|Outrage|p1a: Ting-Lu|[from] lockedmove
|-damage|p1a: Ting-Lu|16/100
|-start|p2a: 一汽·大运|confusion|[fatigue]
|move|p1a: Ting-Lu|Earthquake|p2a: 一汽·大运
|-damage|p2a: 一汽·大运|13/100
|
|-heal|p1a: Ting-Lu|22/100|[from] item: Leftovers
|upkeep
|turn|10
|
|t:|1769347500
|-activate|p2a: 一汽·大运|confusion
|-damage|p2a: 一汽·大运|0 fnt|[from] confusion
|faint|p2a: 一汽·大运
|move|p1a: Ting-Lu|Stealth Rock|p2: 一汽·大运
|-sidestart|p2: bjls|move: Stealth Rock
|
|-heal|p1a: Ting-Lu|28/100|[from] item: Leftovers
|upkeep
|
|t:|1769347506
|switch|p2a: 帝车超光所向捷|Iron Treads|100/100
|-damage|p2a: 帝车超光所向捷|97/100|[from] Stealth Rock
|-enditem|p2a: 帝车超光所向捷|Booster Energy
|-activate|p2a: 帝车超光所向捷|ability: Quark Drive|[fromitem]
|-start|p2a: 帝车超光所向捷|quarkdrivespe
|turn|11
|
|t:|1769347511
|move|p2a: 帝车超光所向捷|Ice Spinner|p1a: Ting-Lu
|-supereffective|p1a: Ting-Lu
|-damage|p1a: Ting-Lu|0 fnt
|faint|p1a: Ting-Lu
|
|upkeep
|
|t:|1769347526
|switch|p1a: Meowscarada|Meowscarada, M|72/100
|turn|12
|
|t:|1769347535
|move|p1a: Meowscarada|Low Kick|p2a: 帝车超光所向捷
|-start|p1a: Meowscarada|typechange|Fighting|[from] ability: Protean
|-supereffective|p2a: 帝车超光所向捷
|-damage|p2a: 帝车超光所向捷|0 fnt
|faint|p2a: 帝车超光所向捷
|-end|p2a: 帝车超光所向捷|Quark Drive|[silent]
|
|upkeep
|
|t:|1769347544
|switch|p2a: 大卫·戴|Pelipper, M|64/100
|-damage|p2a: 大卫·戴|39/100|[from] Stealth Rock
|-weather|RainDance|[from] ability: Drizzle|[of] p2a: 大卫·戴
|turn|13
|
|t:|1769347553
|switch|p1a: Tornadus|Tornadus-Therian, M|100/100
|move|p2a: 大卫·戴|U-turn|p1a: Tornadus
|-resisted|p1a: Tornadus
|-damage|p1a: Tornadus|96/100
|
|t:|1769347557
|switch|p2a: 扶摇|Braviary-Hisui, M|100/100|[from] U-turn
|-damage|p2a: 扶摇|75/100|[from] Stealth Rock
|
|-weather|RainDance|[upkeep]
|upkeep
|turn|14
|
|t:|1769347564
|move|p1a: Tornadus|Knock Off|p2a: 扶摇
|-supereffective|p2a: 扶摇
|-damage|p2a: 扶摇|34/100
|-enditem|p2a: 扶摇|Life Orb|[from] move: Knock Off|[of] p1a: Tornadus
|move|p2a: 扶摇|Hurricane|p1a: Tornadus
|-damage|p1a: Tornadus|24/100
|
|-weather|RainDance|[upkeep]
|upkeep
|turn|15
|
|t:|1769347572
|move|p1a: Tornadus|Bleakwind Storm|p2a: 扶摇
|-damage|p2a: 扶摇|0 fnt
|faint|p2a: 扶摇
|
|-weather|RainDance|[upkeep]
|upkeep
|
|t:|1769347576
|switch|p2a: 大卫·戴|Pelipper, M|39/100
|-damage|p2a: 大卫·戴|14/100|[from] Stealth Rock
|turn|16
|
|t:|1769347579
|move|p1a: Tornadus|Bleakwind Storm|p2a: 大卫·戴
|-damage|p2a: 大卫·戴|0 fnt
|faint|p2a: 大卫·戴
|
|-weather|RainDance|[upkeep]
|upkeep
|
|t:|1769347582
|switch|p2a: 万夫莫敌|Kingambit, M|100/100
|-damage|p2a: 万夫莫敌|94/100|[from] Stealth Rock
|-activate|p2a: 万夫莫敌|ability: Supreme Overlord
|-start|p2a: 万夫莫敌|fallen5|[silent]
|-item|p2a: 万夫莫敌|Air Balloon
|turn|17
|
|t:|1769347593
|move|p1a: Tornadus|U-turn|p2a: 万夫莫敌
|-crit|p2a: 万夫莫敌
|-damage|p2a: 万夫莫敌|76/100
|-enditem|p2a: 万夫莫敌|Air Balloon
|
|t:|1769347596
|switch|p1a: Decidueye|Decidueye-Hisui, M|36/100|[from] U-turn
|move|p2a: 万夫莫敌|Swords Dance|p2a: 万夫莫敌
|-boost|p2a: 万夫莫敌|atk|2
|
|-weather|none
|upkeep
|turn|18
|
|t:|1769347610
|-terastallize|p2a: 万夫莫敌|Ghost
|move|p1a: Decidueye|Triple Arrows|p2a: 万夫莫敌
|-damage|p2a: 万夫莫敌|41/100
|-unboost|p2a: 万夫莫敌|def|1
|move|p2a: 万夫莫敌|Kowtow Cleave|p1a: Decidueye
|-resisted|p1a: Decidueye
|-damage|p1a: Decidueye|0 fnt
|-damage|p2a: 万夫莫敌|24/100|[from] item: Rocky Helmet|[of] p1a: Decidueye
|faint|p1a: Decidueye
|
|upkeep
|
|t:|1769347622
|switch|p1a: Meowscarada|Meowscarada, M|72/100
|turn|19
|
|t:|1769347625
|move|p2a: 万夫莫敌|Sucker Punch|p1a: Meowscarada
|-resisted|p1a: Meowscarada
|-damage|p1a: Meowscarada|0 fnt
|faint|p1a: Meowscarada
|
|upkeep
|
|t:|1769347638
|switch|p1a: Volcanion|Volcanion|100/100
|turn|20
|
|t:|1769347645
|move|p1a: Volcanion|Flamethrower|p2a: 万夫莫敌
|-damage|p2a: 万夫莫敌|0 fnt
|faint|p2a: 万夫莫敌
|-end|p2a: 万夫莫敌|fallen5|[silent]
|
|win|PrimeXStriker
|raw|PrimeXStriker's rating: 1442 &rarr; <strong>1466</strong><br />(+24 for winning)
|raw|bjls's rating: 1509 &rarr; <strong>1485</strong><br />(-24 for losing)
|l|☆PrimeXStriker
|player|p1|
|l|☆bjls
|player|p2|
