|j|☆cardinals29
|j|☆BeachLeak
|t:|1769306776
|gametype|singles
|player|p1|cardinals29|steven|1430
|player|p2|BeachLeak|archer|1454
|gen|9
|tier|[Gen 9] OU
|rated|
|rule|HP Percentage Mod: HP is shown in percentages
|rule|Endless Battle Clause: Forcing endless battles is banned
|rule|Species Clause: Limit one of each Pokémon
|rule|OHKO Clause: OHKO moves are banned
|rule|Evasion Items Clause: Evasion items are banned
|rule|Evasion Moves Clause: Evasion moves are banned
|rule|Evasion Abilities Clause: Evasion abilities are banned
|rule|Sleep Moves Clause: Sleep-inducing moves are banned
|clearpoke
|poke|p1|Ogerpon-Cornerstone, F|
|poke|p1|Iron Crown|
|poke|p1|Moltres|
|poke|p1|Tinkaton, F|
|poke|p1|Great Tusk|
|poke|p1|Dragapult, F|
|poke|p2|Kyurem|
|poke|p2|Slowking-Galar, F|
|poke|p2|Moltres|
|poke|p2|Porygon-Z|
|poke|p2|Araquanid, M|
|poke|p2|Iron Treads|
|teampreview
|
|t:|1769306785
|teamsize|p1|6
|teamsize|p2|6
|start
|switch|p1a: Ogerpon|Ogerpon-Cornerstone, F|100/100
|switch|p2a: gambling haram|Moltres|100/100
|turn|1
|
|t:|1769306790
|switch|p2a: inlovewuseless|Iron Treads|100/100
|move|p1a: Ogerpon|Ivy Cudgel|p2a: inlovewuseless|[anim] Ivy Cudgel Rock
|-resisted|p2a: inlovewuseless
|-damage|p2a: inlovewuseless|88/100
|
|-heal|p2a: inlovewuseless|94/100|[from] item: Leftovers
|upkeep
|turn|2
|
|t:|1769306797
|switch|p1a: Great Tusk|Great Tusk|100/100
|-enditem|p1a: Great Tusk|Booster Energy
|-activate|p1a: Great Tusk|ability: Protosynthesis|[fromitem]
|-start|p1a: Great Tusk|protosynthesisspe
|move|p2a: inlovewuseless|Knock Off|p1a: Great Tusk
|-resisted|p1a: Great Tusk
|-damage|p1a: Great Tusk|95/100
|
|-heal|p2a: inlovewuseless|100/100|[from] item: Leftovers
|upkeep
|turn|3
|
|t:|1769306807
|-end|p1a: Great Tusk|Protosynthesis|[silent]
|switch|p1a: Ogerpon|Ogerpon-Cornerstone, F|100/100
|-end|p2a: inlovewuseless|Quark Drive|[silent]
|switch|p2a: gambling haram|Moltres|100/100
|
|upkeep
|turn|4
|
|t:|1769306810
|switch|p2a: inlovewuseless|Iron Treads|100/100
|move|p1a: Ogerpon|Power Whip|p2a: inlovewuseless
|-damage|p2a: inlovewuseless|41/100
|
|-heal|p2a: inlovewuseless|47/100|[from] item: Leftovers
|upkeep
|turn|5
|inactive|Battle timer is ON: inactive players will automatically lose when time's up. (requested by BeachLeak)
|
|t:|1769306820
|move|p1a: Ogerpon|Power Whip|p2a: inlovewuseless
|-damage|p2a: inlovewuseless|0 fnt
|faint|p2a: inlovewuseless
|-end|p2a: inlovewuseless|Quark Drive|[silent]
|
|upkeep
|
|t:|1769306834
|switch|p2a: IDLSIDGO|Kyurem|100/100
|-ability|p2a: IDLSIDGO|Pressure
|turn|6
|
|t:|1769306842
|switch|p1a: Iron Crown|Iron Crown|100/100
|move|p2a: IDLSIDGO|Draco Meteor|p1a: Iron Crown
|-resisted|p1a: Iron Crown
|-damage|p1a: Iron Crown|76/100
|-unboost|p2a: IDLSIDGO|spa|2
|
|upkeep
|turn|7
|
|t:|1769306848
|switch|p2a: Kerwin Frost|Slowking-Galar, F|100/100
|move|p1a: Iron Crown|Future Sight|p2a: Kerwin Frost
|-start|p1a: Iron Crown|move: Future Sight
|
|upkeep
|turn|8
|
|t:|1769306855
|move|p1a: Iron Crown|Tachyon Cutter|p2a: Kerwin Frost
|-damage|p2a: Kerwin Frost|85/100
|-damage|p2a: Kerwin Frost|68/100
|-hitcount|p2a: Kerwin Frost|2
|move|p2a: Kerwin Frost|Thunder Wave|p1a: Iron Crown
|-status|p1a: Iron Crown|par
|
|-heal|p2a: Kerwin Frost|74/100|[from] item: Black Sludge
|upkeep
|turn|9
|
|t:|1769306862
|move|p1a: Iron Crown|Volt Switch|p2a: Kerwin Frost
|-damage|p2a: Kerwin Frost|59/100
|
|t:|1769306866
|-end|p1a: Iron Crown|Quark Drive|[silent]
|switch|p1a: Tinkaton|Tinkaton, F|100/100|[from] Volt Switch
|-item|p1a: Tinkaton|Air Balloon
|-prepare|p2a: Kerwin Frost|Chilly Reception|[premajor]
|move|p2a: Kerwin Frost|Chilly Reception|p2a: Kerwin Frost
|-weather|Snowscape
|
|t:|1769306872
|switch|p2a: might as well|Araquanid, M, shiny|100/100|[from] Chilly Reception
|
|-weather|Snowscape|[upkeep]
|-end|p2a: might as well|move: Future Sight
|-damage|p2a: might as well|56/100
|upkeep
|turn|10
|
|t:|1769306881
|move|p1a: Tinkaton|Stealth Rock|p2a: might as well
|-sidestart|p2: BeachLeak|move: Stealth Rock
|move|p2a: might as well|Sticky Web|p1a: Tinkaton
|-sidestart|p1: cardinals29|move: Sticky Web
|
|-weather|Snowscape|[upkeep]
|upkeep
|turn|11
|
|t:|1769306884
|move|p1a: Tinkaton|Encore|p2a: might as well
|-start|p2a: might as well|Encore
|move|p2a: might as well|Sticky Web||[still]
|-fail|p2a: might as well
|
|-weather|Snowscape|[upkeep]
|upkeep
|turn|12
|
|t:|1769306896
|switch|p2a: gambling haram|Moltres|100/100
|move|p1a: Tinkaton|Knock Off|p2a: gambling haram
|-damage|p2a: gambling haram|87/100
|-enditem|p2a: gambling haram|Heavy-Duty Boots|[from] move: Knock Off|[of] p1a: Tinkaton
|
|-weather|Snowscape|[upkeep]
|upkeep
|turn|13
|
|t:|1769306904
|switch|p1a: Iron Crown|Iron Crown|76/100 par
|-activate|p1a: Iron Crown|move: Sticky Web
|-unboost|p1a: Iron Crown|spe|1
|move|p2a: gambling haram|Flamethrower|p1a: Iron Crown
|-supereffective|p1a: Iron Crown
|-damage|p1a: Iron Crown|25/100 par
|
|-weather|none
|upkeep
|turn|14
|
|t:|1769306908
|move|p2a: gambling haram|Flamethrower|p1a: Iron Crown
|-supereffective|p1a: Iron Crown
|-damage|p1a: Iron Crown|0 fnt
|faint|p1a: Iron Crown
|-end|p1a: Iron Crown|Quark Drive|[silent]
|
|upkeep
|
|t:|1769306921
|switch|p1a: Dragapult|Dragapult, F|100/100
|-activate|p1a: Dragapult|move: Sticky Web
|-fail|p1a: Dragapult|unboost|[from] ability: Clear Body|[of] p1a: Dragapult
|turn|15
|
|t:|1769306931
|move|p1a: Dragapult|Draco Meteor|p2a: gambling haram
|-damage|p2a: gambling haram|0 fnt
|-unboost|p1a: Dragapult|spa|2
|faint|p2a: gambling haram
|
|upkeep
|
|t:|1769306938
|switch|p2a: Kerwin Frost|Slowking-Galar, F|92/100
|-damage|p2a: Kerwin Frost|79/100|[from] Stealth Rock
|turn|16
|inactive|cardinals29 has 120 seconds left.
|
|t:|1769306969
|switch|p1a: Great Tusk|Great Tusk|95/100
|-activate|p1a: Great Tusk|move: Sticky Web
|-unboost|p1a: Great Tusk|spe|1
|move|p2a: Kerwin Frost|Thunder Wave|p1a: Great Tusk
|-immune|p1a: Great Tusk
|
|-heal|p2a: Kerwin Frost|86/100|[from] item: Black Sludge
|upkeep
|turn|17
|
|t:|1769306981
|move|p1a: Great Tusk|Rapid Spin|p2a: Kerwin Frost
|-damage|p2a: Kerwin Frost|71/100
|-boost|p1a: Great Tusk|spe|1
|-sideend|p1: cardinals29|Sticky Web|[from] move: Rapid Spin|[of] p1a: Great Tusk
|move|p2a: Kerwin Frost|Psyshock|p1a: Great Tusk
|-supereffective|p1a: Great Tusk
|-crit|p1a: Great Tusk
|-damage|p1a: Great Tusk|33/100
|
|-heal|p2a: Kerwin Frost|77/100|[from] item: Black Sludge
|upkeep
|turn|18
|
|t:|1769306991
|move|p1a: Great Tusk|Headlong Rush|p2a: Kerwin Frost
|-supereffective|p2a: Kerwin Frost
|-damage|p2a: Kerwin Frost|0 fnt
|-unboost|p1a: Great Tusk|def|1
|-unboost|p1a: Great Tusk|spd|1
|faint|p2a: Kerwin Frost
|
|upkeep
|
|t:|1769306997
|switch|p2a: WonderSwan|Porygon-Z|100/100
|-damage|p2a: WonderSwan|88/100|[from] Stealth Rock
|-ability|p2a: WonderSwan|Download|boost
|-boost|p2a: WonderSwan|spa|1
|turn|19
|
|t:|1769307004
|move|p2a: WonderSwan|Ice Beam|p1a: Great Tusk
|-supereffective|p1a: Great Tusk
|-damage|p1a: Great Tusk|0 fnt
|faint|p1a: Great Tusk
|-end|p1a: Great Tusk|Protosynthesis|[silent]
|
|upkeep
|
|t:|1769307019
|switch|p1a: Moltres|Moltres|100/100
|turn|20
|
|t:|1769307029
|move|p2a: WonderSwan|Thunderbolt|p1a: Moltres
|-supereffective|p1a: Moltres
|-damage|p1a: Moltres|0 fnt
|faint|p1a: Moltres
|
|upkeep
|
|t:|1769307035
|switch|p1a: Dragapult|Dragapult, F|100/100
|turn|21
|
|t:|1769307040
|move|p1a: Dragapult|Draco Meteor|p2a: WonderSwan
|-damage|p2a: WonderSwan|0 fnt
|-unboost|p1a: Dragapult|spa|2
|faint|p2a: WonderSwan
|
|upkeep
|
|t:|1769307047
|switch|p2a: might as well|Araquanid, M, shiny|56/100
|-damage|p2a: might as well|31/100|[from] Stealth Rock
|turn|22
|
|t:|1769307053
|switch|p1a: Ogerpon|Ogerpon-Cornerstone, F|100/100
|move|p2a: might as well|Sticky Web|p1a: Ogerpon
|-sidestart|p1: cardinals29|move: Sticky Web
|
|upkeep
|turn|23
|
|t:|1769307067
|move|p1a: Ogerpon|Ivy Cudgel|p2a: might as well|[anim] Ivy Cudgel Rock
|-supereffective|p2a: might as well
|-damage|p2a: might as well|0 fnt
|faint|p2a: might as well
|
|upkeep
|
|t:|1769307069
|switch|p2a: IDLSIDGO|Kyurem|100/100
|-damage|p2a: IDLSIDGO|76/100|[from] Stealth Rock
|-ability|p2a: IDLSIDGO|Pressure
|turn|24
|
|t:|1769307077
|-terastallize|p2a: IDLSIDGO|Ground
|move|p2a: IDLSIDGO|Blizzard|p1a: Ogerpon
|-supereffective|p1a: Ogerpon
|-ability|p1a: Ogerpon|Sturdy
|-damage|p1a: Ogerpon|1/100
|move|p1a: Ogerpon|Ivy Cudgel|p2a: IDLSIDGO|[anim] Ivy Cudgel Rock
|-resisted|p2a: IDLSIDGO
|-damage|p2a: IDLSIDGO|48/100
|
|upkeep
|turn|25
|
|t:|1769307084
|move|p2a: IDLSIDGO|Blizzard|p1a: Ogerpon
|-supereffective|p1a: Ogerpon
|-damage|p1a: Ogerpon|0 fnt
|faint|p1a: Ogerpon
|
|upkeep
|
|t:|1769307088
|switch|p1a: Tinkaton|Tinkaton, F|100/100
|-item|p1a: Tinkaton|Air Balloon
|turn|26
|
|t:|1769307090
|move|p2a: IDLSIDGO|Blizzard|p1a: Tinkaton|[miss]
|-miss|p2a: IDLSIDGO|p1a: Tinkaton
|move|p1a: Tinkaton|Gigaton Hammer|p2a: IDLSIDGO
|-damage|p2a: IDLSIDGO|6/100
|
|upkeep
|turn|27
|-message|BeachLeak forfeited.
|
|win|cardinals29
|raw|cardinals29's rating: 1430 &rarr; <strong>1451</strong><br />(+21 for winning)
|raw|BeachLeak's rating: 1454 &rarr; <strong>1433</strong><br />(-21 for losing)
|l|☆BeachLeak
|player|p2|
