|j|☆elianaxx
|j|☆yunoiaj
|inactive|Battle timer is ON: inactive players will automatically lose when time's up.
|t:|1769441152
|gametype|singles
|player|p1|elianaxx|winona-gen3|
|player|p2|yunoiaj|yellow|
|gen|9
|tier|[Gen 9] OU
|rated|Tournament battle
|rule|HP Percentage Mod: HP is shown in percentages
|rule|Endless Battle Clause: Forcing endless battles is banned
|rule|Species Clause: Limit one of each Pokémon
|rule|OHKO Clause: OHKO moves are banned
|rule|Evasion Items Clause: Evasion items are banned
|rule|Evasion Moves Clause: Evasion moves are banned
|rule|Evasion Abilities Clause: Evasion abilities are banned
|rule|Sleep Moves Clause: Sleep-inducing moves are banned
|clearpoke
|poke|p1|Landorus-Therian, M|
|poke|p1|Hatterene, F|
|poke|p1|Kingambit, M|
|poke|p1|Pecharunt|
|poke|p1|Samurott-Hisui, F|
|poke|p1|Iron Valiant|
|poke|p2|Ceruledge, F|
|poke|p2|Torkoal, M|
|poke|p2|Walking Wake|
|poke|p2|Enamorus, F|
|poke|p2|Gholdengo|
|poke|p2|Ting-Lu|
|teampreview
|j| TeamLOCK3D!
|c|☆yunoiaj|glhf
|j| Howard Webbs
|c|☆elianaxx|u2
|c|☆yunoiaj|ur lucky i beat the last guy
|j| cal
|c|☆yunoiaj|pure stall
|c|☆elianaxx|oh well stall is not that good I think
|inactive|elianaxx has 120 seconds left.
|j| packrat386
|
|t:|1769441183
|teamsize|p1|6
|teamsize|p2|6
|start
|switch|p1a: Een|Samurott-Hisui, F|100/100
|switch|p2a: JUST HANGIN|Torkoal, M|100/100
|-weather|SunnyDay|[from] ability: Drought|[of] p2a: JUST HANGIN
|turn|1
|c|☆yunoiaj|very annoying tho
|c|☆elianaxx|I guess so
|
|t:|1769441194
|move|p1a: Een|Ceaseless Edge|p2a: JUST HANGIN
|-damage|p2a: JUST HANGIN|67/100
|-sidestart|p2: yunoiaj|Spikes
|move|p2a: JUST HANGIN|Stealth Rock|p1a: Een
|-sidestart|p1: elianaxx|move: Stealth Rock
|
|-weather|SunnyDay|[upkeep]
|upkeep
|turn|2
|j| FuguReborn
|inactive|yunoiaj has 120 seconds left.
|j| Oxyderkes
|
|t:|1769441228
|switch|p2a: Himothy|Ting-Lu|100/100
|-damage|p2a: Himothy|88/100|[from] Spikes
|-ability|p2a: Himothy|Vessel of Ruin
|move|p1a: Een|Ceaseless Edge|p2a: Himothy
|-resisted|p2a: Himothy
|-damage|p2a: Himothy|73/100
|-sidestart|p2: yunoiaj|Spikes
|
|-weather|SunnyDay|[upkeep]
|-heal|p2a: Himothy|79/100|[from] item: Leftovers
|upkeep
|turn|3
|j| AbrarS
|inactive|elianaxx has 120 seconds left.
|
|t:|1769441267
|move|p1a: Een|Ceaseless Edge|p2a: Himothy
|-resisted|p2a: Himothy
|-damage|p2a: Himothy|66/100
|-sidestart|p2: yunoiaj|Spikes
|move|p2a: Himothy|Spikes|p1a: Een
|-sidestart|p1: elianaxx|Spikes
|
|-weather|SunnyDay|[upkeep]
|-heal|p2a: Himothy|72/100|[from] item: Leftovers
|upkeep
|turn|4
|inactive|elianaxx has 120 seconds left.
|
|t:|1769441284
|move|p1a: Een|Swords Dance|p1a: Een
|-boost|p1a: Een|atk|2
|move|p2a: Himothy|Ruination|p1a: Een
|-damage|p1a: Een|51/100
|
|-weather|SunnyDay|[upkeep]
|-heal|p2a: Himothy|78/100|[from] item: Leftovers
|upkeep
|turn|5
|inactive|elianaxx has 120 seconds left.
|inactive|yunoiaj has 120 seconds left.
|j| Light SV
|
|t:|1769441304
|move|p1a: Een|Razor Shell|p2a: Himothy
|-supereffective|p2a: Himothy
|-damage|p2a: Himothy|27/100
|move|p2a: Himothy|Earthquake|p1a: Een
|-damage|p1a: Een|1/100
|
|-weather|none
|-heal|p2a: Himothy|33/100|[from] item: Leftovers
|upkeep
|turn|6
|inactive|yunoiaj has 120 seconds left.
|
|t:|1769441325
|move|p1a: Een|Razor Shell|p2a: Himothy
|-supereffective|p2a: Himothy
|-damage|p2a: Himothy|0 fnt
|faint|p2a: Himothy
|
|upkeep
|
|t:|1769441336
|switch|p2a: Jared Goff|Walking Wake|100/100
|-damage|p2a: Jared Goff|76/100|[from] Spikes
|turn|7
|
|t:|1769441343
|move|p1a: Een|Sucker Punch|p2a: Jared Goff
|-damage|p2a: Jared Goff|0 fnt
|faint|p2a: Jared Goff
|-end|p2a: Jared Goff|Protosynthesis|[silent]
|
|upkeep
|
|t:|1769441358
|switch|p2a: JUST HANGIN|Torkoal, M|67/100
|-weather|SunnyDay|[from] ability: Drought|[of] p2a: JUST HANGIN
|turn|8
|
|t:|1769441362
|move|p1a: Een|Ceaseless Edge|p2a: JUST HANGIN
|-damage|p2a: JUST HANGIN|5/100
|move|p2a: JUST HANGIN|Rapid Spin|p1a: Een
|-damage|p1a: Een|0 fnt
|-boost|p2a: JUST HANGIN|spe|1
|-sideend|p2: yunoiaj|Spikes|[from] move: Rapid Spin|[of] p2a: JUST HANGIN
|faint|p1a: Een
|
|-weather|SunnyDay|[upkeep]
|upkeep
|j|+nastynastygirl7
|
|t:|1769441382
|switch|p1a: Atlas|Landorus-Therian, M|100/100
|-damage|p1a: Atlas|88/100|[from] Stealth Rock
|-ability|p1a: Atlas|Intimidate|boost
|-unboost|p2a: JUST HANGIN|atk|1
|turn|9
|inactive|yunoiaj has 120 seconds left.
|
|t:|1769441395
|move|p1a: Atlas|Stealth Rock|p2a: JUST HANGIN
|-sidestart|p2: yunoiaj|move: Stealth Rock
|move|p2a: JUST HANGIN|Lava Plume|p1a: Atlas
|-damage|p1a: Atlas|51/100
|-status|p1a: Atlas|brn
|
|-weather|SunnyDay|[upkeep]
|-damage|p1a: Atlas|45/100 brn|[from] brn
|upkeep
|turn|10
|
|t:|1769441400
|move|p1a: Atlas|Earthquake|p2a: JUST HANGIN
|-supereffective|p2a: JUST HANGIN
|-damage|p2a: JUST HANGIN|0 fnt
|faint|p2a: JUST HANGIN
|
|-weather|SunnyDay|[upkeep]
|-damage|p1a: Atlas|39/100 brn|[from] brn
|upkeep
|c| AbrarS|All those hazards gone, reduced to atoms
|inactive|yunoiaj has 120 seconds left.
|
|t:|1769441417
|switch|p2a: Kagetsu|Ceruledge, F|100/100
|-damage|p2a: Kagetsu|76/100|[from] Stealth Rock
|turn|11
|c|☆elianaxx|ig I could have terad to save the hazards, but its fine
|
|t:|1769441427
|move|p1a: Atlas|Taunt|p2a: Kagetsu
|-start|p2a: Kagetsu|move: Taunt
|move|p2a: Kagetsu|Bitter Blade|p1a: Atlas
|-damage|p1a: Atlas|0 fnt
|-heal|p2a: Kagetsu|100/100|[from] drain|[of] p1a: Atlas
|-damage|p2a: Kagetsu|84/100|[from] item: Rocky Helmet|[of] p1a: Atlas
|faint|p1a: Atlas
|
|-weather|SunnyDay|[upkeep]
|upkeep
|
|t:|1769441443
|switch|p1a: Pecharunt|Pecharunt|100/100
|-damage|p1a: Pecharunt|88/100|[from] Stealth Rock
|-item|p1a: Pecharunt|Air Balloon
|turn|12
|j| hiyopon
|
|t:|1769441464
|-terastallize|p1a: Pecharunt|Ghost
|move|p1a: Pecharunt|Shadow Ball|p2a: Kagetsu
|-supereffective|p2a: Kagetsu
|-damage|p2a: Kagetsu|0 fnt
|faint|p2a: Kagetsu
|
|-weather|none
|upkeep
|inactive|yunoiaj has 120 seconds left.
|j| ResonantChambers
|j| idonteatpets
|c| idonteatpets|hi
|
|t:|1769441494
|switch|p2a: Charon|Gholdengo, shiny|100/100
|-damage|p2a: Charon|94/100|[from] Stealth Rock
|-item|p2a: Charon|Air Balloon
|turn|13
|l| FuguReborn
|c| AbrarS|dont eat pets
|
|t:|1769441504
|move|p1a: Pecharunt|Shadow Ball|p2a: Charon
|-supereffective|p2a: Charon
|-damage|p2a: Charon|7/100
|-enditem|p2a: Charon|Air Balloon
|move|p2a: Charon|Shadow Ball|p1a: Pecharunt
|-supereffective|p1a: Pecharunt
|-damage|p1a: Pecharunt|5/100
|-enditem|p1a: Pecharunt|Air Balloon
|
|upkeep
|turn|14
|j| FuguReborn
|l| hiyopon
|
|t:|1769441513
|move|p1a: Pecharunt|Shadow Ball|p2a: Charon
|-supereffective|p2a: Charon
|-damage|p2a: Charon|0 fnt
|faint|p2a: Charon
|
|upkeep
|
|t:|1769441516
|switch|p2a: IRON EDEN|Enamorus, F|100/100
|-damage|p2a: IRON EDEN|76/100|[from] Stealth Rock
|turn|15
|inactive|yunoiaj has 120 seconds left.
|j| JspKiC
|inactive|yunoiaj has 90 seconds left.
|
|t:|1769441558
|-terastallize|p2a: IRON EDEN|Stellar
|move|p2a: IRON EDEN|Moonblast|p1a: Pecharunt
|-damage|p1a: Pecharunt|0 fnt
|faint|p1a: Pecharunt
|
|upkeep
|
|t:|1769441566
|switch|p1a: Minah|Hatterene, F|100/100
|-damage|p1a: Minah|88/100|[from] Stealth Rock
|-damage|p1a: Minah|76/100|[from] Spikes
|turn|16
|
|t:|1769441569
|move|p2a: IRON EDEN|Moonblast|p1a: Minah
|-damage|p1a: Minah|41/100
|-unboost|p1a: Minah|spa|1
|move|p1a: Minah|Draining Kiss|p2a: IRON EDEN
|-crit|p2a: IRON EDEN
|-damage|p2a: IRON EDEN|21/100
|-heal|p1a: Minah|78/100|[from] drain|[of] p2a: IRON EDEN
|
|upkeep
|turn|17
|
|t:|1769441573
|move|p2a: IRON EDEN|Moonblast|p1a: Minah
|-damage|p1a: Minah|44/100
|move|p1a: Minah|Draining Kiss|p2a: IRON EDEN
|-damage|p2a: IRON EDEN|0 fnt
|-heal|p1a: Minah|58/100|[from] drain|[of] p2a: IRON EDEN
|faint|p2a: IRON EDEN
|
|win|elianaxx
|n|☆elianaxx|elianaxx
|n|☆yunoiaj|yunoiaj
|n| TeamLOCK3D!|teamlock3d
|n| Howard Webbs|howardwebbs
|n| cal|cal
|n| packrat386|packrat386
|n| Oxyderkes|oxyderkes
|n| AbrarS|abrars
|n| Light SV|lightsv
|n| nastynastygirl7|nastynastygirl7
|n| ResonantChambers|resonantchambers
|n| idonteatpets|idonteatpets
|n| FuguReborn|fugureborn
|n| JspKiC|jspkic
