|j|☆AshPikachuu
|j|☆leevoiceact
|t:|1769322385
|gametype|singles
|player|p1|AshPikachuu|steven|1125
|player|p2|leevoiceact|giovanni|1109
|gen|9
|tier|[Gen 9] OU
|rated|
|rule|HP Percentage Mod: HP is shown in percentages
|rule|Endless Battle Clause: Forcing endless battles is banned
|rule|Species Clause: Limit one of each Pokémon
|rule|OHKO Clause: OHKO moves are banned
|rule|Evasion Items Clause: Evasion items are banned
|rule|Evasion Moves Clause: Evasion moves are banned
|rule|Evasion Abilities Clause: Evasion abilities are banned
|rule|Sleep Moves Clause: Sleep-inducing moves are banned
|clearpoke
|poke|p1|Kyurem|
|poke|p1|Great Tusk|
|poke|p1|Kingambit, F|
|poke|p1|Iron Moth|
|poke|p1|Ogerpon-Wellspring, F|
|poke|p1|Enamorus, F|
|poke|p2|Cyclizar, M|
|poke|p2|Infernape, F|
|poke|p2|Darkrai|
|poke|p2|Conkeldurr, F|
|poke|p2|Staraptor, F|
|poke|p2|Thundurus-Therian, M|
|teampreview
|inactive|Battle timer is ON: inactive players will automatically lose when time's up. (requested by AshPikachuu)
|
|t:|1769322399
|teamsize|p1|6
|teamsize|p2|6
|start
|switch|p1a: Enamorus|Enamorus, F|100/100
|switch|p2a: Bonkers|Conkeldurr, F|100/100
|turn|1
|
|t:|1769322412
|switch|p2a: Thundurus|Thundurus-Therian, M|100/100
|move|p1a: Enamorus|Moonblast|p2a: Thundurus
|-damage|p2a: Thundurus|22/100
|
|upkeep
|turn|2
|
|t:|1769322424
|move|p1a: Enamorus|Moonblast|p2a: Thundurus
|-damage|p2a: Thundurus|0 fnt
|faint|p2a: Thundurus
|
|upkeep
|
|t:|1769322428
|switch|p2a: Edgelord|Staraptor, F|100/100
|turn|3
|
|t:|1769322440
|move|p1a: Enamorus|Moonblast|p2a: Edgelord
|-damage|p2a: Edgelord|14/100
|move|p2a: Edgelord|Brave Bird|p1a: Enamorus
|-damage|p1a: Enamorus|0 fnt
|faint|p1a: Enamorus
|-damage|p2a: Edgelord|0 fnt|[from] Recoil
|faint|p2a: Edgelord
|
|upkeep
|
|t:|1769322451
|switch|p2a: Bonkers|Conkeldurr, F|100/100
|switch|p1a: Ogerpon|Ogerpon-Wellspring, F|100/100
|turn|4
|
|t:|1769322472
|move|p1a: Ogerpon|U-turn|p2a: Bonkers
|-resisted|p2a: Bonkers
|-damage|p2a: Bonkers|87/100
|
|t:|1769322480
|switch|p1a: Iron Moth|Iron Moth|100/100|[from] U-turn
|-enditem|p1a: Iron Moth|Booster Energy
|-activate|p1a: Iron Moth|ability: Quark Drive|[fromitem]
|-start|p1a: Iron Moth|quarkdrivespe
|move|p2a: Bonkers|Drain Punch|p1a: Iron Moth
|-resisted|p1a: Iron Moth
|-damage|p1a: Iron Moth|66/100
|-heal|p2a: Bonkers|100/100|[from] drain|[of] p1a: Iron Moth
|
|-status|p2a: Bonkers|brn|[from] item: Flame Orb
|upkeep
|turn|5
|inactive|AshPikachuu has 120 seconds left.
|
|t:|1769322503
|move|p1a: Iron Moth|Substitute|p1a: Iron Moth
|-start|p1a: Iron Moth|Substitute
|-damage|p1a: Iron Moth|41/100
|move|p2a: Bonkers|Facade|p1a: Iron Moth
|-end|p1a: Iron Moth|Substitute
|
|-damage|p2a: Bonkers|95/100 brn|[from] brn
|upkeep
|turn|6
|inactive|AshPikachuu has 120 seconds left.
|
|t:|1769322514
|-terastallize|p1a: Iron Moth|Fairy
|move|p1a: Iron Moth|Dazzling Gleam|p2a: Bonkers
|-supereffective|p2a: Bonkers
|-damage|p2a: Bonkers|14/100 brn
|move|p2a: Bonkers|Facade|p1a: Iron Moth
|-damage|p1a: Iron Moth|0 fnt
|faint|p1a: Iron Moth
|-end|p1a: Iron Moth|Quark Drive|[silent]
|
|-damage|p2a: Bonkers|8/100 brn|[from] brn
|upkeep
|inactive|AshPikachuu has 120 seconds left.
|
|t:|1769322529
|switch|p1a: Great Tusk|Great Tusk|100/100
|turn|7
|inactive|AshPikachuu has 120 seconds left.
|
|t:|1769322540
|switch|p2a: Reaper|Darkrai|100/100
|move|p1a: Great Tusk|Rapid Spin|p2a: Reaper
|-damage|p2a: Reaper|75/100
|-boost|p1a: Great Tusk|spe|1
|
|upkeep
|turn|8
|inactive|AshPikachuu has 120 seconds left.
|
|t:|1769322553
|move|p1a: Great Tusk|Stealth Rock|p2a: Reaper
|-sidestart|p2: leevoiceact|move: Stealth Rock
|move|p2a: Reaper|Ice Beam|p1a: Great Tusk
|-supereffective|p1a: Great Tusk
|-damage|p1a: Great Tusk|0 fnt
|faint|p1a: Great Tusk
|-end|p1a: Great Tusk|Protosynthesis|[silent]
|
|upkeep
|inactive|AshPikachuu has 90 seconds left.
|
|t:|1769322586
|switch|p1a: Ogerpon|Ogerpon-Wellspring, F|100/100
|turn|9
|
|t:|1769322594
|move|p2a: Reaper|Ice Beam|p1a: Ogerpon
|-damage|p1a: Ogerpon|46/100
|move|p1a: Ogerpon|Knock Off|p2a: Reaper
|-resisted|p2a: Reaper
|-damage|p2a: Reaper|51/100
|-enditem|p2a: Reaper|Choice Specs|[from] move: Knock Off|[of] p1a: Ogerpon
|
|upkeep
|turn|10
|inactive|AshPikachuu has 90 seconds left.
|
|t:|1769322620
|move|p2a: Reaper|Sludge Bomb|p1a: Ogerpon
|-supereffective|p1a: Ogerpon
|-damage|p1a: Ogerpon|0 fnt
|faint|p1a: Ogerpon
|
|upkeep
|
|t:|1769322627
|switch|p1a: Kyurem|Kyurem|100/100
|-ability|p1a: Kyurem|Pressure
|turn|11
|
|t:|1769322646
|move|p2a: Reaper|Dark Pulse|p1a: Kyurem
|-damage|p1a: Kyurem|60/100
|cant|p1a: Kyurem|flinch
|
|upkeep
|turn|12
|
|t:|1769322655
|move|p2a: Reaper|Dark Pulse|p1a: Kyurem
|-damage|p1a: Kyurem|16/100
|move|p1a: Kyurem|Ice Beam|p2a: Reaper
|-damage|p2a: Reaper|0 fnt
|faint|p2a: Reaper
|
|upkeep
|
|t:|1769322667
|switch|p2a: Unicycle|Cyclizar, M|100/100
|turn|13
|
|t:|1769322673
|move|p2a: Unicycle|Rapid Spin|p1a: Kyurem
|-damage|p1a: Kyurem|0 fnt
|-boost|p2a: Unicycle|spe|1
|-sideend|p2: leevoiceact|Stealth Rock|[from] move: Rapid Spin|[of] p2a: Unicycle
|faint|p1a: Kyurem
|
|upkeep
|
|t:|1769322676
|switch|p1a: Kingambit|Kingambit, F|100/100
|-activate|p1a: Kingambit|ability: Supreme Overlord
|-start|p1a: Kingambit|fallen5|[silent]
|turn|14
|
|t:|1769322694
|move|p1a: Kingambit|Sucker Punch|p2a: Unicycle
|-damage|p2a: Unicycle|0 fnt
|faint|p2a: Unicycle
|
|upkeep
|
|t:|1769322699
|switch|p2a: Bonkers|Conkeldurr, F|8/100 brn
|turn|15
|
|t:|1769322714
|move|p1a: Kingambit|Sucker Punch|p2a: Bonkers
|-resisted|p2a: Bonkers
|-damage|p2a: Bonkers|0 fnt
|faint|p2a: Bonkers
|
|upkeep
|
|t:|1769322719
|switch|p2a: Monking|Infernape, F|100/100
|turn|16
|
|t:|1769322733
|-terastallize|p2a: Monking|Fire
|move|p1a: Kingambit|Sucker Punch|p2a: Monking
|-crit|p2a: Monking
|-damage|p2a: Monking|0 fnt
|faint|p2a: Monking
|
|win|AshPikachuu
|raw|AshPikachuu's rating: 1125 &rarr; <strong>1149</strong><br />(+24 for winning)
|raw|leevoiceact's rating: 1109 &rarr; <strong>1085</strong><br />(-24 for losing)
|l|☆leevoiceact
|player|p2|
