|j|☆summerenaissance
|j|☆Downtownclown
|t:|1769377595
|gametype|singles
|player|p1|summerenaissance|blaine|1419
|player|p2|Downtownclown|101|1439
|gen|9
|tier|[Gen 9] OU
|rated|
|rule|HP Percentage Mod: HP is shown in percentages
|rule|Endless Battle Clause: Forcing endless battles is banned
|rule|Species Clause: Limit one of each Pokémon
|rule|OHKO Clause: OHKO moves are banned
|rule|Evasion Items Clause: Evasion items are banned
|rule|Evasion Moves Clause: Evasion moves are banned
|rule|Evasion Abilities Clause: Evasion abilities are banned
|rule|Sleep Moves Clause: Sleep-inducing moves are banned
|clearpoke
|poke|p1|Gliscor, F|
|poke|p1|Clodsire, F|
|poke|p1|Corviknight, F|
|poke|p1|Kyurem|
|poke|p1|Blissey, F|
|poke|p1|Alomomola, M|
|poke|p2|Blastoise, M|
|poke|p2|Quaquaval, F|
|poke|p2|Lycanroc-Dusk, F|
|poke|p2|Iron Crown|
|poke|p2|Darkrai|
|poke|p2|Enamorus, F|
|teampreview
|inactive|Battle timer is ON: inactive players will automatically lose when time's up. (requested by Downtownclown)
|
|t:|1769377617
|teamsize|p1|6
|teamsize|p2|6
|start
|switch|p1a: Gliscor|Gliscor, F|100/100
|switch|p2a: Lycanroc|Lycanroc-Dusk, F|100/100
|turn|1
|
|t:|1769377622
|move|p2a: Lycanroc|Stealth Rock|p1a: Gliscor
|-sidestart|p1: summerenaissance|move: Stealth Rock
|move|p1a: Gliscor|Toxic|p2a: Lycanroc
|-status|p2a: Lycanroc|tox
|
|-damage|p2a: Lycanroc|94/100 tox|[from] psn
|-status|p1a: Gliscor|tox|[from] item: Toxic Orb
|upkeep
|turn|2
|
|t:|1769377631
|switch|p2a: Enamorus|Enamorus, F|100/100
|move|p1a: Gliscor|Substitute|p1a: Gliscor
|-start|p1a: Gliscor|Substitute
|-damage|p1a: Gliscor|75/100 tox
|
|-heal|p1a: Gliscor|88/100 tox|[from] ability: Poison Heal
|upkeep
|turn|3
|
|t:|1769377639
|move|p2a: Enamorus|Moonblast|p1a: Gliscor
|-end|p1a: Gliscor|Substitute
|-damage|p2a: Enamorus|91/100|[from] item: Life Orb
|move|p1a: Gliscor|Toxic|p2a: Enamorus
|-status|p2a: Enamorus|tox
|
|-damage|p2a: Enamorus|85/100 tox|[from] psn
|-heal|p1a: Gliscor|100/100 tox|[from] ability: Poison Heal
|upkeep
|turn|4
|
|t:|1769377648
|move|p1a: Gliscor|Protect|p1a: Gliscor
|-singleturn|p1a: Gliscor|Protect
|move|p2a: Enamorus|Moonblast|p1a: Gliscor
|-activate|p1a: Gliscor|move: Protect
|
|-damage|p2a: Enamorus|72/100 tox|[from] psn
|upkeep
|turn|5
|
|t:|1769377655
|move|p2a: Enamorus|Moonblast|p1a: Gliscor
|-crit|p1a: Gliscor
|-damage|p1a: Gliscor|0 fnt
|faint|p1a: Gliscor
|-damage|p2a: Enamorus|62/100 tox|[from] item: Life Orb
|
|-damage|p2a: Enamorus|44/100 tox|[from] psn
|upkeep
|
|t:|1769377660
|switch|p1a: Clodsire|Clodsire, F|100/100
|-damage|p1a: Clodsire|94/100|[from] Stealth Rock
|turn|6
|
|t:|1769377677
|switch|p2a: Lycanroc|Lycanroc-Dusk, F|94/100 tox
|move|p1a: Clodsire|Spikes|p2a: Lycanroc
|-sidestart|p2: Downtownclown|Spikes
|
|-heal|p1a: Clodsire|100/100|[from] item: Leftovers
|-damage|p2a: Lycanroc|88/100 tox|[from] psn
|upkeep
|turn|7
|
|t:|1769377686
|move|p2a: Lycanroc|Accelerock|p1a: Clodsire
|-resisted|p1a: Clodsire
|-damage|p1a: Clodsire|86/100
|move|p1a: Clodsire|Earthquake|p2a: Lycanroc
|-supereffective|p2a: Lycanroc
|-damage|p2a: Lycanroc|12/100 tox
|
|-heal|p1a: Clodsire|92/100|[from] item: Leftovers
|-damage|p2a: Lycanroc|0 fnt|[from] psn
|faint|p2a: Lycanroc
|upkeep
|
|t:|1769377696
|switch|p2a: Quaquaval|Quaquaval, F|100/100
|turn|8
|
|t:|1769377700
|switch|p1a: Alomomola|Alomomola, M|100/100
|-damage|p1a: Alomomola|88/100|[from] Stealth Rock
|move|p2a: Quaquaval|Rapid Spin|p1a: Alomomola
|-damage|p1a: Alomomola|80/100
|-boost|p2a: Quaquaval|spe|1
|-damage|p2a: Quaquaval|84/100|[from] item: Rocky Helmet|[of] p1a: Alomomola
|-sideend|p2: Downtownclown|Spikes|[from] move: Rapid Spin|[of] p2a: Quaquaval
|
|upkeep
|turn|9
|
|t:|1769377710
|switch|p2a: Enamorus|Enamorus, F|44/100 tox
|move|p1a: Alomomola|Scald|p2a: Enamorus
|-damage|p2a: Enamorus|24/100 tox
|
|-damage|p2a: Enamorus|18/100 tox|[from] psn
|upkeep
|turn|10
|
|t:|1769377720
|move|p1a: Alomomola|Protect|p1a: Alomomola
|-singleturn|p1a: Alomomola|Protect
|move|p2a: Enamorus|Moonblast|p1a: Alomomola
|-activate|p1a: Alomomola|move: Protect
|
|-damage|p2a: Enamorus|5/100 tox|[from] psn
|upkeep
|turn|11
|
|t:|1769377732
|switch|p2a: Quaquaval|Quaquaval, F|84/100
|switch|p1a: Clodsire|Clodsire, F|92/100
|-damage|p1a: Clodsire|86/100|[from] Stealth Rock
|
|-heal|p1a: Clodsire|92/100|[from] item: Leftovers
|upkeep
|turn|12
|
|t:|1769377742
|switch|p2a: Enamorus|Enamorus, F|5/100 tox
|switch|p1a: Alomomola|Alomomola, M|100/100
|-damage|p1a: Alomomola|88/100|[from] Stealth Rock
|
|-damage|p2a: Enamorus|0 fnt|[from] psn
|faint|p2a: Enamorus
|upkeep
|
|t:|1769377752
|switch|p2a: Darkrai|Darkrai|100/100
|turn|13
|
|t:|1769377756
|switch|p1a: Blissey|Blissey, F|100/100
|-damage|p1a: Blissey|88/100|[from] Stealth Rock
|move|p2a: Darkrai|Psyshock|p1a: Blissey
|-damage|p1a: Blissey|41/100
|
|-heal|p1a: Blissey|47/100|[from] item: Leftovers
|upkeep
|turn|14
|
|t:|1769377766
|-terastallize|p1a: Blissey|Dark
|move|p2a: Darkrai|Psyshock|p1a: Blissey
|-immune|p1a: Blissey
|move|p1a: Blissey|Stealth Rock|p2a: Darkrai
|-sidestart|p2: Downtownclown|move: Stealth Rock
|
|-heal|p1a: Blissey|53/100|[from] item: Leftovers
|upkeep
|turn|15
|
|t:|1769377775
|switch|p2a: Quaquaval|Quaquaval, F|84/100
|move|p1a: Blissey|Shadow Ball|p2a: Quaquaval
|-damage|p2a: Quaquaval|64/100
|
|-heal|p1a: Blissey|59/100|[from] item: Leftovers
|upkeep
|turn|16
|
|t:|1769377783
|switch|p1a: Corviknight|Corviknight, F|100/100
|-damage|p1a: Corviknight|88/100|[from] Stealth Rock
|-ability|p1a: Corviknight|Pressure
|move|p2a: Quaquaval|Rapid Spin|p1a: Corviknight
|-resisted|p1a: Corviknight
|-damage|p1a: Corviknight|84/100
|-boost|p2a: Quaquaval|spe|1
|-sideend|p2: Downtownclown|Stealth Rock|[from] move: Rapid Spin|[of] p2a: Quaquaval
|
|-heal|p1a: Corviknight|90/100|[from] item: Leftovers
|upkeep
|turn|17
|
|t:|1769377796
|switch|p2a: Darkrai|Darkrai|100/100
|move|p1a: Corviknight|Defog|p2a: Darkrai
|-unboost|p2a: Darkrai|evasion|1
|-sideend|p1: summerenaissance|Stealth Rock|[from] move: Defog|[of] p1a: Corviknight
|
|-heal|p1a: Corviknight|96/100|[from] item: Leftovers
|upkeep
|turn|18
|
|t:|1769377808
|move|p2a: Darkrai|Dark Pulse|p1a: Corviknight
|-damage|p1a: Corviknight|34/100
|move|p1a: Corviknight|Spite|p2a: Darkrai
|-activate|p2a: Darkrai|move: Spite|Dark Pulse|4
|
|-heal|p1a: Corviknight|40/100|[from] item: Leftovers
|upkeep
|turn|19
|
|t:|1769377816
|switch|p1a: Blissey|Blissey, F, tera:Dark|59/100
|move|p2a: Darkrai|Dark Pulse|p1a: Blissey
|-resisted|p1a: Blissey
|-damage|p1a: Blissey|50/100
|
|-heal|p1a: Blissey|56/100|[from] item: Leftovers
|upkeep
|turn|20
|
|t:|1769377839
|switch|p2a: Quaquaval|Quaquaval, F|64/100
|move|p1a: Blissey|Stealth Rock|p2a: Quaquaval
|-sidestart|p2: Downtownclown|move: Stealth Rock
|
|-heal|p1a: Blissey|62/100|[from] item: Leftovers
|upkeep
|turn|21
|
|t:|1769377846
|switch|p1a: Alomomola|Alomomola, M|100/100
|move|p2a: Quaquaval|Rapid Spin|p1a: Alomomola
|-damage|p1a: Alomomola|91/100
|-boost|p2a: Quaquaval|spe|1
|-damage|p2a: Quaquaval|48/100|[from] item: Rocky Helmet|[of] p1a: Alomomola
|-sideend|p2: Downtownclown|Stealth Rock|[from] move: Rapid Spin|[of] p2a: Quaquaval
|
|upkeep
|turn|22
|
|t:|1769377854
|switch|p2a: Darkrai|Darkrai|100/100
|move|p1a: Alomomola|Scald|p2a: Darkrai
|-damage|p2a: Darkrai|84/100
|
|upkeep
|turn|23
|
|t:|1769377867
|switch|p2a: Iron Crown|Iron Crown|100/100
|-enditem|p2a: Iron Crown|Booster Energy
|-activate|p2a: Iron Crown|ability: Quark Drive|[fromitem]
|-start|p2a: Iron Crown|quarkdrivespe
|move|p1a: Alomomola|Protect||[still]
|-fail|p1a: Alomomola
|
|upkeep
|turn|24
|
|t:|1769377876
|switch|p1a: Blissey|Blissey, F, tera:Dark|62/100
|move|p2a: Iron Crown|Calm Mind|p2a: Iron Crown
|-boost|p2a: Iron Crown|spa|1
|-boost|p2a: Iron Crown|spd|1
|
|-heal|p1a: Blissey|68/100|[from] item: Leftovers
|upkeep
|turn|25
|
|t:|1769377888
|move|p2a: Iron Crown|Calm Mind|p2a: Iron Crown
|-boost|p2a: Iron Crown|spa|1
|-boost|p2a: Iron Crown|spd|1
|move|p1a: Blissey|Calm Mind|p1a: Blissey
|-boost|p1a: Blissey|spa|1
|-boost|p1a: Blissey|spd|1
|
|-heal|p1a: Blissey|74/100|[from] item: Leftovers
|upkeep
|turn|26
|
|t:|1769377895
|move|p2a: Iron Crown|Tachyon Cutter|p1a: Blissey
|-damage|p1a: Blissey|64/100
|-crit|p1a: Blissey
|-damage|p1a: Blissey|41/100
|-hitcount|p1a: Blissey|2
|move|p1a: Blissey|Calm Mind|p1a: Blissey
|-boost|p1a: Blissey|spa|1
|-boost|p1a: Blissey|spd|1
|
|-heal|p1a: Blissey|47/100|[from] item: Leftovers
|upkeep
|turn|27
|
|t:|1769377905
|move|p2a: Iron Crown|Tachyon Cutter|p1a: Blissey
|-damage|p1a: Blissey|40/100
|-damage|p1a: Blissey|32/100
|-hitcount|p1a: Blissey|2
|move|p1a: Blissey|Soft-Boiled|p1a: Blissey
|-heal|p1a: Blissey|82/100
|
|-heal|p1a: Blissey|88/100|[from] item: Leftovers
|upkeep
|turn|28
|
|t:|1769377913
|move|p2a: Iron Crown|Calm Mind|p2a: Iron Crown
|-boost|p2a: Iron Crown|spa|1
|-boost|p2a: Iron Crown|spd|1
|move|p1a: Blissey|Calm Mind|p1a: Blissey
|-boost|p1a: Blissey|spa|1
|-boost|p1a: Blissey|spd|1
|
|-heal|p1a: Blissey|94/100|[from] item: Leftovers
|upkeep
|turn|29
|
|t:|1769377920
|move|p2a: Iron Crown|Calm Mind|p2a: Iron Crown
|-boost|p2a: Iron Crown|spa|1
|-boost|p2a: Iron Crown|spd|1
|move|p1a: Blissey|Calm Mind|p1a: Blissey
|-boost|p1a: Blissey|spa|1
|-boost|p1a: Blissey|spd|1
|
|-heal|p1a: Blissey|99/100|[from] item: Leftovers
|upkeep
|turn|30
|
|t:|1769377927
|move|p2a: Iron Crown|Calm Mind|p2a: Iron Crown
|-boost|p2a: Iron Crown|spa|1
|-boost|p2a: Iron Crown|spd|1
|move|p1a: Blissey|Shadow Ball|p2a: Iron Crown
|-supereffective|p2a: Iron Crown
|-damage|p2a: Iron Crown|77/100
|
|-heal|p1a: Blissey|100/100|[from] item: Leftovers
|upkeep
|turn|31
|
|t:|1769377935
|move|p2a: Iron Crown|Calm Mind|p2a: Iron Crown
|-boost|p2a: Iron Crown|spa|1
|-boost|p2a: Iron Crown|spd|1
|move|p1a: Blissey|Shadow Ball|p2a: Iron Crown
|-supereffective|p2a: Iron Crown
|-damage|p2a: Iron Crown|55/100
|
|upkeep
|turn|32
|
|t:|1769377942
|move|p2a: Iron Crown|Tachyon Cutter|p1a: Blissey
|-damage|p1a: Blissey|92/100
|-damage|p1a: Blissey|82/100
|-hitcount|p1a: Blissey|2
|move|p1a: Blissey|Calm Mind|p1a: Blissey
|-boost|p1a: Blissey|spa|1
|-boost|p1a: Blissey|spd|1
|
|-heal|p1a: Blissey|88/100|[from] item: Leftovers
|upkeep
|turn|33
|
|t:|1769377956
|move|p2a: Iron Crown|Tachyon Cutter|p1a: Blissey
|-damage|p1a: Blissey|80/100
|-damage|p1a: Blissey|70/100
|-hitcount|p1a: Blissey|2
|move|p1a: Blissey|Shadow Ball|p2a: Iron Crown
|-supereffective|p2a: Iron Crown
|-damage|p2a: Iron Crown|30/100
|
|-heal|p1a: Blissey|77/100|[from] item: Leftovers
|upkeep
|turn|34
|
|t:|1769377965
|move|p2a: Iron Crown|Tachyon Cutter|p1a: Blissey
|-damage|p1a: Blissey|68/100
|-damage|p1a: Blissey|59/100
|-hitcount|p1a: Blissey|2
|move|p1a: Blissey|Shadow Ball|p2a: Iron Crown
|-supereffective|p2a: Iron Crown
|-damage|p2a: Iron Crown|6/100
|
|-heal|p1a: Blissey|65/100|[from] item: Leftovers
|upkeep
|turn|35
|
|t:|1769377974
|move|p2a: Iron Crown|Tachyon Cutter|p1a: Blissey
|-damage|p1a: Blissey|57/100
|-damage|p1a: Blissey|48/100
|-hitcount|p1a: Blissey|2
|move|p1a: Blissey|Soft-Boiled|p1a: Blissey
|-heal|p1a: Blissey|98/100
|
|-heal|p1a: Blissey|100/100|[from] item: Leftovers
|upkeep
|turn|36
|
|t:|1769377982
|move|p2a: Iron Crown|Tachyon Cutter|p1a: Blissey
|-damage|p1a: Blissey|92/100
|-damage|p1a: Blissey|84/100
|-hitcount|p1a: Blissey|2
|move|p1a: Blissey|Shadow Ball|p2a: Iron Crown
|-supereffective|p2a: Iron Crown
|-damage|p2a: Iron Crown|0 fnt
|faint|p2a: Iron Crown
|-end|p2a: Iron Crown|Quark Drive|[silent]
|
|-heal|p1a: Blissey|90/100|[from] item: Leftovers
|upkeep
|
|t:|1769377993
|switch|p2a: Quaquaval|Quaquaval, F|48/100
|turn|37
|
|t:|1769377998
|switch|p2a: Darkrai|Darkrai|84/100
|switch|p1a: Alomomola|Alomomola, M|100/100
|
|upkeep
|turn|38
|
|t:|1769378010
|switch|p2a: Quaquaval|Quaquaval, F|48/100
|move|p1a: Alomomola|Protect||[still]
|-fail|p1a: Alomomola
|
|upkeep
|turn|39
|
|t:|1769378017
|switch|p2a: Darkrai|Darkrai|84/100
|move|p1a: Alomomola|Scald|p2a: Darkrai
|-damage|p2a: Darkrai|65/100
|
|upkeep
|turn|40
|
|t:|1769378025
|switch|p2a: Blastoise|Blastoise, M|100/100
|move|p1a: Alomomola|Protect||[still]
|-fail|p1a: Alomomola
|
|upkeep
|turn|41
|
|t:|1769378033
|switch|p1a: Clodsire|Clodsire, F|92/100
|move|p2a: Blastoise|Shell Smash|p2a: Blastoise
|-unboost|p2a: Blastoise|def|1
|-unboost|p2a: Blastoise|spd|1
|-boost|p2a: Blastoise|atk|2
|-boost|p2a: Blastoise|spa|2
|-boost|p2a: Blastoise|spe|2
|-enditem|p2a: Blastoise|White Herb
|-clearnegativeboost|p2a: Blastoise|[silent]
|
|-heal|p1a: Clodsire|98/100|[from] item: Leftovers
|upkeep
|turn|42
|
|t:|1769378044
|move|p2a: Blastoise|Surf|p1a: Clodsire
|-supereffective|p1a: Clodsire
|-damage|p1a: Clodsire|55/100
|move|p1a: Clodsire|Toxic|p2a: Blastoise
|-status|p2a: Blastoise|tox
|
|-heal|p1a: Clodsire|61/100|[from] item: Leftovers
|-damage|p2a: Blastoise|94/100 tox|[from] psn
|upkeep
|turn|43
|c|☆summerenaissance|gg
|
|t:|1769378051
|move|p2a: Blastoise|Surf|p1a: Clodsire
|-supereffective|p1a: Clodsire
|-damage|p1a: Clodsire|20/100
|move|p1a: Clodsire|Recover|p1a: Clodsire
|-heal|p1a: Clodsire|70/100
|
|-heal|p1a: Clodsire|76/100|[from] item: Leftovers
|-damage|p2a: Blastoise|82/100 tox|[from] psn
|upkeep
|turn|44
|c|☆summerenaissance|sorry
|
|t:|1769378059
|move|p2a: Blastoise|Surf|p1a: Clodsire
|-supereffective|p1a: Clodsire
|-damage|p1a: Clodsire|36/100
|move|p1a: Clodsire|Recover|p1a: Clodsire
|-heal|p1a: Clodsire|86/100
|
|-heal|p1a: Clodsire|92/100|[from] item: Leftovers
|-damage|p2a: Blastoise|64/100 tox|[from] psn
|upkeep
|turn|45
|
|t:|1769378067
|move|p2a: Blastoise|Surf|p1a: Clodsire
|-supereffective|p1a: Clodsire
|-damage|p1a: Clodsire|54/100
|move|p1a: Clodsire|Spikes|p2a: Blastoise
|-sidestart|p2: Downtownclown|Spikes
|
|-heal|p1a: Clodsire|60/100|[from] item: Leftovers
|-damage|p2a: Blastoise|40/100 tox|[from] psn
|upkeep
|turn|46
|
|t:|1769378074
|move|p2a: Blastoise|Surf|p1a: Clodsire
|-supereffective|p1a: Clodsire
|-damage|p1a: Clodsire|18/100
|move|p1a: Clodsire|Recover|p1a: Clodsire
|-heal|p1a: Clodsire|69/100
|
|-heal|p1a: Clodsire|75/100|[from] item: Leftovers
|-damage|p2a: Blastoise|10/100 tox|[from] psn
|upkeep
|turn|47
|
|t:|1769378082
|move|p2a: Blastoise|Surf|p1a: Clodsire
|-supereffective|p1a: Clodsire
|-damage|p1a: Clodsire|12/100
|move|p1a: Clodsire|Recover|p1a: Clodsire
|-heal|p1a: Clodsire|62/100
|
|-heal|p1a: Clodsire|69/100|[from] item: Leftovers
|-damage|p2a: Blastoise|0 fnt|[from] psn
|faint|p2a: Blastoise
|upkeep
|
|t:|1769378091
|switch|p2a: Darkrai|Darkrai|65/100
|-damage|p2a: Darkrai|52/100|[from] Spikes
|turn|48
|
|t:|1769378097
|move|p2a: Darkrai|Psyshock|p1a: Clodsire
|-supereffective|p1a: Clodsire
|-damage|p1a: Clodsire|0 fnt
|faint|p1a: Clodsire
|
|upkeep
|
|t:|1769378102
|switch|p1a: Kyurem|Kyurem|100/100
|-ability|p1a: Kyurem|Pressure
|turn|49
|
|t:|1769378105
|move|p2a: Darkrai|Psyshock|p1a: Kyurem
|-damage|p1a: Kyurem|58/100
|move|p1a: Kyurem|Freeze-Dry|p2a: Darkrai
|-damage|p2a: Darkrai|4/100
|-status|p2a: Darkrai|frz
|
|-heal|p1a: Kyurem|64/100|[from] item: Leftovers
|upkeep
|turn|50
|c|☆summerenaissance|gg
|
|t:|1769378113
|cant|p2a: Darkrai|frz
|move|p1a: Kyurem|Substitute|p1a: Kyurem
|-start|p1a: Kyurem|Substitute
|-damage|p1a: Kyurem|39/100
|
|-heal|p1a: Kyurem|45/100|[from] item: Leftovers
|upkeep
|turn|51
|
|t:|1769378119
|cant|p2a: Darkrai|frz
|move|p1a: Kyurem|Freeze-Dry|p2a: Darkrai
|-damage|p2a: Darkrai|0 fnt
|faint|p2a: Darkrai
|
|-heal|p1a: Kyurem|51/100|[from] item: Leftovers
|upkeep
|
|t:|1769378126
|switch|p2a: Quaquaval|Quaquaval, F|48/100
|turn|52
|c|☆summerenaissance|gg
|
|t:|1769378130
|move|p1a: Kyurem|Freeze-Dry|p2a: Quaquaval
|-supereffective|p2a: Quaquaval
|-damage|p2a: Quaquaval|0 fnt
|faint|p2a: Quaquaval
|
|win|summerenaissance
|raw|summerenaissance's rating: 1399 &rarr; <strong>1421</strong><br />(+22 for winning)
|raw|Downtownclown's rating: 1439 &rarr; <strong>1417</strong><br />(-22 for losing)
|l|☆summerenaissance
|player|p1|
|l|☆Downtownclown
|player|p2|
