|j|☆kiko5bolas
|j|☆baakrisht
|t:|1769343493
|gametype|singles
|player|p1|kiko5bolas|101|1145
|player|p2|baakrisht|101|1134
|gen|9
|tier|[Gen 9] OU
|rated|
|rule|HP Percentage Mod: HP is shown in percentages
|rule|Endless Battle Clause: Forcing endless battles is banned
|rule|Species Clause: Limit one of each Pokémon
|rule|OHKO Clause: OHKO moves are banned
|rule|Evasion Items Clause: Evasion items are banned
|rule|Evasion Moves Clause: Evasion moves are banned
|rule|Evasion Abilities Clause: Evasion abilities are banned
|rule|Sleep Moves Clause: Sleep-inducing moves are banned
|clearpoke
|poke|p1|Gardevoir, M|
|poke|p1|Iron Valiant|
|poke|p1|Ceruledge, F|
|poke|p1|Garganacl, M|
|poke|p1|Metagross|
|poke|p1|Ninetales, M|
|poke|p2|Blissey, F|
|poke|p2|Espeon, F|
|poke|p2|Goodra, F|
|poke|p2|Weezing-Galar, F|
|poke|p2|Orthworm, F|
|poke|p2|Suicune|
|teampreview
|
|t:|1769343514
|teamsize|p1|6
|teamsize|p2|6
|start
|switch|p1a: Ninetales|Ninetales, M|100/100
|switch|p2a: Goodra|Goodra, F|100/100
|-weather|SunnyDay|[from] ability: Drought|[of] p1a: Ninetales
|turn|1
|
|t:|1769343523
|move|p1a: Ninetales|Will-O-Wisp|p2a: Goodra
|-status|p2a: Goodra|brn
|move|p2a: Goodra|Rain Dance|p2a: Goodra
|-weather|RainDance
|
|-weather|RainDance|[upkeep]
|-activate|p2a: Goodra|ability: Hydration
|-curestatus|p2a: Goodra|brn|[msg]
|upkeep
|turn|2
|
|t:|1769343535
|switch|p1a: Gardevoir|Gardevoir, M|100/100
|-ability|p1a: Gardevoir|Hydration|Trace|[from] ability: Trace|[of] p2a: Goodra
|move|p2a: Goodra|Sludge Bomb|p1a: Gardevoir
|-supereffective|p1a: Gardevoir
|-damage|p1a: Gardevoir|55/100
|
|-weather|RainDance|[upkeep]
|upkeep
|turn|3
|
|t:|1769343547
|switch|p2a: Blissey|Blissey, F|100/100
|-terastallize|p1a: Gardevoir|Fairy
|move|p1a: Gardevoir|Moonblast|p2a: Blissey
|-damage|p2a: Blissey|81/100
|
|-weather|RainDance|[upkeep]
|-heal|p2a: Blissey|87/100|[from] item: Leftovers
|upkeep
|turn|4
|
|t:|1769343555
|switch|p1a: Ninetales|Ninetales, M|100/100
|-weather|SunnyDay|[from] ability: Drought|[of] p1a: Ninetales
|move|p2a: Blissey|Seismic Toss|p1a: Ninetales
|-damage|p1a: Ninetales|66/100
|
|-weather|SunnyDay|[upkeep]
|-heal|p2a: Blissey|93/100|[from] item: Leftovers
|upkeep
|turn|5
|
|t:|1769343569
|move|p1a: Ninetales|Will-O-Wisp|p2a: Blissey
|-status|p2a: Blissey|brn
|move|p2a: Blissey|Thunder Wave|p1a: Ninetales
|-status|p1a: Ninetales|par
|
|-weather|SunnyDay|[upkeep]
|-heal|p2a: Blissey|99/100 brn|[from] item: Leftovers
|-damage|p2a: Blissey|93/100 brn|[from] brn
|upkeep
|turn|6
|
|t:|1769343580
|switch|p1a: Garganacl|Garganacl, M|100/100
|-curestatus|p2a: Blissey|brn|[from] ability: Natural Cure
|switch|p2a: Goodra|Goodra, F|100/100
|
|-weather|SunnyDay|[upkeep]
|upkeep
|turn|7
|
|t:|1769343590
|move|p2a: Goodra|Rain Dance|p2a: Goodra
|-weather|RainDance
|move|p1a: Garganacl|Salt Cure|p2a: Goodra
|-damage|p2a: Goodra|83/100
|-start|p2a: Goodra|Salt Cure
|
|-weather|RainDance|[upkeep]
|-damage|p2a: Goodra|71/100|[from] Salt Cure
|upkeep
|turn|8
|
|t:|1769343598
|switch|p2a: Espeon|Espeon, F|100/100
|move|p1a: Garganacl|Protect||[still]
|-fail|p1a: Garganacl
|
|-weather|RainDance|[upkeep]
|upkeep
|turn|9
|
|t:|1769343603
|move|p2a: Espeon|Trick|p1a: Garganacl
|-activate|p2a: Espeon|move: Trick|[of] p1a: Garganacl
|-item|p1a: Garganacl|Choice Scarf|[from] move: Trick
|-item|p2a: Espeon|Leftovers|[from] move: Trick
|move|p1a: Garganacl|Salt Cure|p2a: Espeon
|-damage|p2a: Espeon|79/100
|-start|p2a: Espeon|Salt Cure
|
|-weather|RainDance|[upkeep]
|-heal|p2a: Espeon|85/100|[from] item: Leftovers
|-damage|p2a: Espeon|72/100|[from] Salt Cure
|upkeep
|turn|10
|
|t:|1769343614
|switch|p2a: Orthworm|Orthworm, F|100/100
|move|p1a: Garganacl|Salt Cure|p2a: Orthworm
|-resisted|p2a: Orthworm
|-damage|p2a: Orthworm|97/100
|-start|p2a: Orthworm|Salt Cure
|
|-weather|RainDance|[upkeep]
|-heal|p2a: Orthworm|100/100|[from] item: Leftovers
|-damage|p2a: Orthworm|75/100|[from] Salt Cure
|upkeep
|turn|11
|
|t:|1769343625
|switch|p1a: Metagross|Metagross|100/100
|move|p2a: Orthworm|Iron Defense|p2a: Orthworm
|-boost|p2a: Orthworm|def|2
|
|-weather|RainDance|[upkeep]
|-heal|p2a: Orthworm|82/100|[from] item: Leftovers
|-damage|p2a: Orthworm|57/100|[from] Salt Cure
|upkeep
|turn|12
|l|☆baakrisht
|player|p2|
|inactive|Battle timer is ON: inactive players will automatically lose when time's up. (requested by kiko5bolas)
|j|☆baakrisht
|inactive|baakrisht reconnected and has 145 seconds left.
|player|p2|baakrisht|101|
|
|t:|1769343662
|move|p1a: Metagross|Meteor Mash|p2a: Orthworm
|-resisted|p2a: Orthworm
|-damage|p2a: Orthworm|49/100
|move|p2a: Orthworm|Body Press|p1a: Metagross
|-damage|p1a: Metagross|49/100
|
|-weather|RainDance|[upkeep]
|-heal|p2a: Orthworm|55/100|[from] item: Leftovers
|-damage|p2a: Orthworm|30/100|[from] Salt Cure
|upkeep
|turn|13
|
|t:|1769343666
|move|p1a: Metagross|Earthquake|p2a: Orthworm
|-heal|p2a: Orthworm|55/100|[from] ability: Earth Eater|[of] p1a: Metagross
|move|p2a: Orthworm|Body Press|p1a: Metagross
|-damage|p1a: Metagross|0 fnt
|faint|p1a: Metagross
|
|-weather|RainDance|[upkeep]
|-heal|p2a: Orthworm|62/100|[from] item: Leftovers
|-damage|p2a: Orthworm|37/100|[from] Salt Cure
|upkeep
|
|t:|1769343670
|switch|p1a: Ceruledge|Ceruledge, F|100/100
|-item|p1a: Ceruledge|Air Balloon
|turn|14
|
|t:|1769343677
|switch|p1a: Garganacl|Garganacl, M|100/100
|switch|p2a: Weezing|Weezing-Galar, F|100/100
|
|-weather|none
|upkeep
|turn|15
|
|t:|1769343684
|move|p1a: Garganacl|Salt Cure|p2a: Weezing
|-damage|p2a: Weezing|92/100
|-start|p2a: Weezing|Salt Cure
|move|p2a: Weezing|Toxic Spikes|p1a: Garganacl
|-sidestart|p1: kiko5bolas|move: Toxic Spikes
|
|-damage|p2a: Weezing|79/100|[from] Salt Cure
|upkeep
|turn|16
|
|t:|1769343704
|switch|p2a: Goodra|Goodra, F|71/100
|move|p1a: Garganacl|Salt Cure|p2a: Goodra
|-damage|p2a: Goodra|54/100
|-start|p2a: Goodra|Salt Cure
|
|-damage|p2a: Goodra|42/100|[from] Salt Cure
|upkeep
|turn|17
|
|t:|1769343713
|move|p2a: Goodra|Rain Dance|p2a: Goodra
|-weather|RainDance
|move|p1a: Garganacl|Salt Cure|p2a: Goodra
|-damage|p2a: Goodra|25/100
|
|-weather|RainDance|[upkeep]
|-damage|p2a: Goodra|13/100|[from] Salt Cure
|upkeep
|turn|18
|
|t:|1769343721
|switch|p1a: Ninetales|Ninetales, M|66/100 par
|-weather|SunnyDay|[from] ability: Drought|[of] p1a: Ninetales
|move|p2a: Goodra|Rest|p2a: Goodra
|-status|p2a: Goodra|slp|[from] move: Rest
|-heal|p2a: Goodra|100/100 slp|[silent]
|
|-weather|SunnyDay|[upkeep]
|-damage|p2a: Goodra|88/100 slp|[from] Salt Cure
|upkeep
|turn|19
|
|t:|1769343736
|switch|p2a: Blissey|Blissey, F|93/100
|move|p1a: Ninetales|Encore||[still]
|-fail|p1a: Ninetales
|
|-weather|SunnyDay|[upkeep]
|-heal|p2a: Blissey|99/100|[from] item: Leftovers
|upkeep
|turn|20
|
|t:|1769343740
|switch|p1a: Garganacl|Garganacl, M|100/100
|move|p2a: Blissey|Heal Bell|p2a: Blissey
|-activate|p2a: Blissey|move: Heal Bell
|-curestatus|p2: Goodra|slp|[msg]
|
|-weather|SunnyDay|[upkeep]
|-heal|p2a: Blissey|100/100|[from] item: Leftovers
|upkeep
|turn|21
|
|t:|1769343752
|switch|p2a: Goodra|Goodra, F|88/100
|move|p1a: Garganacl|Salt Cure|p2a: Goodra
|-damage|p2a: Goodra|71/100
|-start|p2a: Goodra|Salt Cure
|
|-weather|SunnyDay|[upkeep]
|-damage|p2a: Goodra|59/100|[from] Salt Cure
|upkeep
|turn|22
|
|t:|1769343764
|move|p2a: Goodra|Rain Dance|p2a: Goodra
|-weather|RainDance
|move|p1a: Garganacl|Salt Cure|p2a: Goodra
|-damage|p2a: Goodra|41/100
|
|-weather|RainDance|[upkeep]
|-damage|p2a: Goodra|28/100|[from] Salt Cure
|upkeep
|turn|23
|
|t:|1769343773
|switch|p1a: Ninetales|Ninetales, M|66/100 par
|-weather|SunnyDay|[from] ability: Drought|[of] p1a: Ninetales
|move|p2a: Goodra|Thunder|p1a: Ninetales
|-damage|p1a: Ninetales|35/100 par
|
|-weather|SunnyDay|[upkeep]
|-damage|p2a: Goodra|16/100|[from] Salt Cure
|upkeep
|turn|24
|
|t:|1769343786
|switch|p1a: Garganacl|Garganacl, M|100/100
|move|p2a: Goodra|Rest|p2a: Goodra
|-status|p2a: Goodra|slp|[from] move: Rest
|-heal|p2a: Goodra|100/100 slp|[silent]
|
|-weather|SunnyDay|[upkeep]
|-damage|p2a: Goodra|88/100 slp|[from] Salt Cure
|upkeep
|turn|25
|
|t:|1769343796
|switch|p2a: Blissey|Blissey, F|100/100
|move|p1a: Garganacl|Stealth Rock|p2a: Blissey
|-sidestart|p2: baakrisht|move: Stealth Rock
|
|-weather|SunnyDay|[upkeep]
|upkeep
|turn|26
|
|t:|1769343807
|switch|p1a: Ninetales|Ninetales, M|35/100 par
|move|p2a: Blissey|Seismic Toss|p1a: Ninetales
|-damage|p1a: Ninetales|0 fnt
|faint|p1a: Ninetales
|
|-weather|SunnyDay|[upkeep]
|upkeep
|
|t:|1769343818
|switch|p1a: Ceruledge|Ceruledge, F|100/100
|-item|p1a: Ceruledge|Air Balloon
|turn|27
|
|t:|1769343827
|switch|p2a: Suicune|Suicune|100/100
|-damage|p2a: Suicune|88/100|[from] Stealth Rock
|-ability|p2a: Suicune|Pressure
|move|p1a: Ceruledge|Swords Dance|p1a: Ceruledge
|-boost|p1a: Ceruledge|atk|2
|
|-weather|SunnyDay|[upkeep]
|upkeep
|turn|28
|
|t:|1769343838
|move|p1a: Ceruledge|Close Combat|p2a: Suicune
|-damage|p2a: Suicune|43/100
|-unboost|p1a: Ceruledge|def|1
|-unboost|p1a: Ceruledge|spd|1
|-damage|p1a: Ceruledge|84/100|[from] item: Rocky Helmet|[of] p2a: Suicune
|move|p2a: Suicune|Scald|p1a: Ceruledge
|-supereffective|p1a: Ceruledge
|-damage|p1a: Ceruledge|40/100
|-enditem|p1a: Ceruledge|Air Balloon
|
|-weather|SunnyDay|[upkeep]
|upkeep
|turn|29
|
|t:|1769343843
|move|p1a: Ceruledge|Bitter Blade|p2a: Suicune
|-resisted|p2a: Suicune
|-damage|p2a: Suicune|6/100
|-heal|p1a: Ceruledge|66/100|[from] drain|[of] p2a: Suicune
|-damage|p1a: Ceruledge|49/100|[from] item: Rocky Helmet|[of] p2a: Suicune
|move|p2a: Suicune|Scald|p1a: Ceruledge
|-supereffective|p1a: Ceruledge
|-damage|p1a: Ceruledge|6/100
|
|-weather|SunnyDay|[upkeep]
|upkeep
|turn|30
|
|t:|1769343849
|move|p1a: Ceruledge|Bitter Blade|p2a: Suicune
|-resisted|p2a: Suicune
|-damage|p2a: Suicune|0 fnt
|-heal|p1a: Ceruledge|10/100|[from] drain|[of] p2a: Suicune
|-damage|p1a: Ceruledge|0 fnt|[from] item: Rocky Helmet|[of] p2a: Suicune
|faint|p2a: Suicune
|faint|p1a: Ceruledge
|
|-weather|none
|upkeep
|
|t:|1769343855
|switch|p1a: Iron Valiant|Iron Valiant|100/100
|switch|p2a: Blissey|Blissey, F|100/100
|-status|p1a: Iron Valiant|psn
|-damage|p2a: Blissey|88/100|[from] Stealth Rock
|-enditem|p1a: Iron Valiant|Booster Energy
|-activate|p1a: Iron Valiant|ability: Quark Drive|[fromitem]
|-start|p1a: Iron Valiant|quarkdrivespe
|turn|31
|
|t:|1769343868
|switch|p2a: Orthworm|Orthworm, F|37/100
|-damage|p2a: Orthworm|30/100|[from] Stealth Rock
|move|p1a: Iron Valiant|Close Combat|p2a: Orthworm
|-supereffective|p2a: Orthworm
|-damage|p2a: Orthworm|0 fnt
|-unboost|p1a: Iron Valiant|def|1
|-unboost|p1a: Iron Valiant|spd|1
|faint|p2a: Orthworm
|
|-damage|p1a: Iron Valiant|88/100 psn|[from] psn
|upkeep
|
|t:|1769343878
|switch|p2a: Espeon|Espeon, F|72/100
|-damage|p2a: Espeon|60/100|[from] Stealth Rock
|turn|32
|
|t:|1769343884
|move|p1a: Iron Valiant|Destiny Bond|p1a: Iron Valiant
|-singlemove|p1a: Iron Valiant|Destiny Bond
|move|p2a: Espeon|Psychic|p1a: Iron Valiant
|-supereffective|p1a: Iron Valiant
|-damage|p1a: Iron Valiant|0 fnt
|faint|p1a: Iron Valiant
|-activate|p1a: Iron Valiant|move: Destiny Bond
|-end|p1a: Iron Valiant|Quark Drive|[silent]
|faint|p2a: Espeon
|
|upkeep
|
|t:|1769343895
|switch|p1a: Garganacl|Garganacl, M|100/100
|switch|p2a: Blissey|Blissey, F|88/100
|-damage|p2a: Blissey|76/100|[from] Stealth Rock
|turn|33
|
|t:|1769343901
|move|p1a: Garganacl|Salt Cure|p2a: Blissey
|-damage|p2a: Blissey|46/100
|-start|p2a: Blissey|Salt Cure
|move|p2a: Blissey|Heal Bell|p2a: Blissey
|-activate|p2a: Blissey|move: Heal Bell
|-curestatus|p2: Goodra|slp|[msg]
|
|-heal|p2a: Blissey|52/100|[from] item: Leftovers
|-damage|p2a: Blissey|40/100|[from] Salt Cure
|upkeep
|turn|34
|
|t:|1769343914
|move|p1a: Garganacl|Salt Cure|p2a: Blissey
|-damage|p2a: Blissey|11/100
|move|p2a: Blissey|Soft-Boiled|p2a: Blissey
|-heal|p2a: Blissey|61/100
|
|-heal|p2a: Blissey|67/100|[from] item: Leftovers
|-damage|p2a: Blissey|54/100|[from] Salt Cure
|upkeep
|turn|35
|
|t:|1769343928
|switch|p2a: Weezing|Weezing-Galar, F|79/100
|-damage|p2a: Weezing|67/100|[from] Stealth Rock
|move|p1a: Garganacl|Salt Cure|p2a: Weezing
|-damage|p2a: Weezing|59/100
|-start|p2a: Weezing|Salt Cure
|
|-damage|p2a: Weezing|46/100|[from] Salt Cure
|upkeep
|turn|36
|
|t:|1769343938
|move|p1a: Garganacl|Salt Cure|p2a: Weezing
|-damage|p2a: Weezing|37/100
|move|p2a: Weezing|Flamethrower|p1a: Garganacl
|-resisted|p1a: Garganacl
|-damage|p1a: Garganacl|95/100
|
|-damage|p2a: Weezing|25/100|[from] Salt Cure
|upkeep
|turn|37
|
|t:|1769343941
|move|p1a: Garganacl|Salt Cure|p2a: Weezing
|-damage|p2a: Weezing|17/100
|move|p2a: Weezing|Destiny Bond|p2a: Weezing
|-singlemove|p2a: Weezing|Destiny Bond
|
|-damage|p2a: Weezing|4/100|[from] Salt Cure
|upkeep
|turn|38
|
|t:|1769343950
|switch|p1a: Gardevoir|Gardevoir, M, tera:Fairy|55/100
|-status|p1a: Gardevoir|psn
|-ability|p1a: Gardevoir|Levitate|Trace|[from] ability: Trace|[of] p2a: Weezing
|move|p2a: Weezing|Flamethrower|p1a: Gardevoir
|-damage|p1a: Gardevoir|36/100 psn
|
|-damage|p1a: Gardevoir|24/100 psn|[from] psn
|-damage|p2a: Weezing|0 fnt|[from] Salt Cure
|faint|p2a: Weezing
|upkeep
|
|t:|1769343955
|switch|p2a: Blissey|Blissey, F|54/100
|-damage|p2a: Blissey|42/100|[from] Stealth Rock
|turn|39
|
|t:|1769343970
|switch|p1a: Garganacl|Garganacl, M|95/100
|move|p2a: Blissey|Soft-Boiled|p2a: Blissey
|-heal|p2a: Blissey|92/100
|
|-heal|p2a: Blissey|98/100|[from] item: Leftovers
|upkeep
|turn|40
|
|t:|1769343979
|switch|p2a: Goodra|Goodra, F|88/100
|-damage|p2a: Goodra|75/100|[from] Stealth Rock
|move|p1a: Garganacl|Salt Cure|p2a: Goodra
|-crit|p2a: Goodra
|-damage|p2a: Goodra|51/100
|-start|p2a: Goodra|Salt Cure
|
|-damage|p2a: Goodra|39/100|[from] Salt Cure
|upkeep
|turn|41
|
|t:|1769343990
|move|p2a: Goodra|Rest|p2a: Goodra
|-status|p2a: Goodra|slp|[from] move: Rest
|-heal|p2a: Goodra|100/100 slp|[silent]
|move|p1a: Garganacl|Salt Cure|p2a: Goodra
|-damage|p2a: Goodra|85/100 slp
|
|-damage|p2a: Goodra|73/100 slp|[from] Salt Cure
|upkeep
|turn|42
|
|t:|1769343999
|switch|p2a: Blissey|Blissey, F|98/100
|-damage|p2a: Blissey|86/100|[from] Stealth Rock
|move|p1a: Garganacl|Salt Cure|p2a: Blissey
|-damage|p2a: Blissey|60/100
|-start|p2a: Blissey|Salt Cure
|
|-heal|p2a: Blissey|66/100|[from] item: Leftovers
|-damage|p2a: Blissey|54/100|[from] Salt Cure
|upkeep
|turn|43
|
|t:|1769344010
|move|p1a: Garganacl|Salt Cure|p2a: Blissey
|-damage|p2a: Blissey|25/100
|move|p2a: Blissey|Soft-Boiled|p2a: Blissey
|-heal|p2a: Blissey|75/100
|
|-heal|p2a: Blissey|81/100|[from] item: Leftovers
|-damage|p2a: Blissey|68/100|[from] Salt Cure
|upkeep
|turn|44
|
|t:|1769344020
|move|p1a: Garganacl|Salt Cure|p2a: Blissey
|-damage|p2a: Blissey|41/100
|move|p2a: Blissey|Heal Bell|p2a: Blissey
|-activate|p2a: Blissey|move: Heal Bell
|-curestatus|p2: Goodra|slp|[msg]
|
|-heal|p2a: Blissey|47/100|[from] item: Leftovers
|-damage|p2a: Blissey|34/100|[from] Salt Cure
|upkeep
|turn|45
|
|t:|1769344037
|move|p1a: Garganacl|Salt Cure|p2a: Blissey
|-damage|p2a: Blissey|7/100
|move|p2a: Blissey|Soft-Boiled|p2a: Blissey
|-heal|p2a: Blissey|57/100
|
|-heal|p2a: Blissey|64/100|[from] item: Leftovers
|-damage|p2a: Blissey|51/100|[from] Salt Cure
|upkeep
|turn|46
|
|t:|1769344047
|move|p1a: Garganacl|Salt Cure|p2a: Blissey
|-damage|p2a: Blissey|24/100
|move|p2a: Blissey|Soft-Boiled|p2a: Blissey
|-heal|p2a: Blissey|74/100
|
|-heal|p2a: Blissey|80/100|[from] item: Leftovers
|-damage|p2a: Blissey|68/100|[from] Salt Cure
|upkeep
|turn|47
|
|t:|1769344061
|switch|p1a: Gardevoir|Gardevoir, M, tera:Fairy|24/100 psn
|-ability|p1a: Gardevoir|Natural Cure|Trace|[from] ability: Trace|[of] p2a: Blissey
|switch|p2a: Goodra|Goodra, F|73/100
|-damage|p2a: Goodra|60/100|[from] Stealth Rock
|
|-damage|p1a: Gardevoir|12/100 psn|[from] psn
|upkeep
|turn|48
|
|t:|1769344074
|switch|p2a: Blissey|Blissey, F|68/100
|-damage|p2a: Blissey|55/100|[from] Stealth Rock
|move|p1a: Gardevoir|Moonblast|p2a: Blissey
|-damage|p2a: Blissey|35/100
|
|-heal|p2a: Blissey|41/100|[from] item: Leftovers
|-damage|p1a: Gardevoir|0 fnt|[from] psn
|faint|p1a: Gardevoir
|upkeep
|
|t:|1769344078
|switch|p1a: Garganacl|Garganacl, M|95/100
|turn|49
|
|t:|1769344087
|move|p1a: Garganacl|Salt Cure|p2a: Blissey
|-damage|p2a: Blissey|14/100
|-start|p2a: Blissey|Salt Cure
|move|p2a: Blissey|Soft-Boiled|p2a: Blissey
|-heal|p2a: Blissey|64/100
|
|-heal|p2a: Blissey|70/100|[from] item: Leftovers
|-damage|p2a: Blissey|57/100|[from] Salt Cure
|upkeep
|turn|50
|
|t:|1769344096
|move|p1a: Garganacl|Salt Cure|p2a: Blissey
|-damage|p2a: Blissey|32/100
|move|p2a: Blissey|Soft-Boiled|p2a: Blissey
|-heal|p2a: Blissey|82/100
|
|-heal|p2a: Blissey|88/100|[from] item: Leftovers
|-damage|p2a: Blissey|76/100|[from] Salt Cure
|upkeep
|turn|51
|
|t:|1769344101
|move|p1a: Garganacl|Salt Cure|p2a: Blissey
|-damage|p2a: Blissey|51/100
|move|p2a: Blissey|Soft-Boiled|p2a: Blissey
|-heal|p2a: Blissey|100/100
|
|-damage|p2a: Blissey|88/100|[from] Salt Cure
|upkeep
|turn|52
|
|t:|1769344105
|move|p1a: Garganacl|Salt Cure|p2a: Blissey
|-damage|p2a: Blissey|59/100
|move|p2a: Blissey|Thunder Wave|p1a: Garganacl
|-immune|p1a: Garganacl|[from] ability: Purifying Salt
|
|-heal|p2a: Blissey|66/100|[from] item: Leftovers
|-damage|p2a: Blissey|53/100|[from] Salt Cure
|upkeep
|turn|53
|
|t:|1769344112
|switch|p2a: Goodra|Goodra, F|60/100
|-damage|p2a: Goodra|48/100|[from] Stealth Rock
|-activate|p1a: Garganacl|move: Struggle
|move|p1a: Garganacl|Struggle|p2a: Goodra
|-damage|p2a: Goodra|34/100
|-damage|p1a: Garganacl|70/100|[from] recoil
|
|upkeep
|turn|54
|
|t:|1769344118
|move|p2a: Goodra|Rain Dance|p2a: Goodra
|-weather|RainDance
|-activate|p1a: Garganacl|move: Struggle
|move|p1a: Garganacl|Struggle|p2a: Goodra
|-damage|p2a: Goodra|20/100
|-damage|p1a: Garganacl|45/100|[from] recoil
|
|-weather|RainDance|[upkeep]
|upkeep
|turn|55
|
|t:|1769344123
|move|p2a: Goodra|Rest|p2a: Goodra
|-status|p2a: Goodra|slp|[from] move: Rest
|-heal|p2a: Goodra|100/100 slp|[silent]
|-activate|p1a: Garganacl|move: Struggle
|move|p1a: Garganacl|Struggle|p2a: Goodra
|-damage|p2a: Goodra|87/100 slp
|-damage|p1a: Garganacl|20/100|[from] recoil
|
|-weather|RainDance|[upkeep]
|-activate|p2a: Goodra|ability: Hydration
|-curestatus|p2a: Goodra|slp|[msg]
|upkeep
|turn|56
|
|t:|1769344127
|move|p2a: Goodra|Thunder|p1a: Garganacl
|-damage|p1a: Garganacl|2/100
|-activate|p1a: Garganacl|move: Struggle
|move|p1a: Garganacl|Struggle|p2a: Goodra
|-damage|p2a: Goodra|74/100
|-damage|p1a: Garganacl|0 fnt|[from] recoil
|faint|p1a: Garganacl
|
|win|baakrisht
|raw|kiko5bolas's rating: 1145 &rarr; <strong>1119</strong><br />(-26 for losing)
|raw|baakrisht's rating: 1134 &rarr; <strong>1160</strong><br />(+26 for winning)
|c|☆baakrisht|Absolutely hate garcanacal
|l|☆kiko5bolas
|player|p1|
|l|☆baakrisht
|player|p2|
|j|☆baakrisht
|player|p2|baakrisht|101|
