|j|☆eltitoguille
|j|☆AFish14
|t:|1769446995
|gametype|singles
|player|p1|eltitoguille|101|1610
|player|p2|AFish14|169|1495
|gen|9
|tier|[Gen 9] OU
|rated|
|rule|HP Percentage Mod: HP is shown in percentages
|rule|Endless Battle Clause: Forcing endless battles is banned
|rule|Species Clause: Limit one of each Pokémon
|rule|OHKO Clause: OHKO moves are banned
|rule|Evasion Items Clause: Evasion items are banned
|rule|Evasion Moves Clause: Evasion moves are banned
|rule|Evasion Abilities Clause: Evasion abilities are banned
|rule|Sleep Moves Clause: Sleep-inducing moves are banned
|clearpoke
|poke|p1|Zapdos-Galar|
|poke|p1|Blissey, F|
|poke|p1|Darkrai|
|poke|p1|Gliscor, F|
|poke|p1|Skarmory, M|
|poke|p1|Pecharunt|
|poke|p2|Porygon2|
|poke|p2|Dragonite, M|
|poke|p2|Arcanine, F|
|poke|p2|Gengar, F|
|poke|p2|Iron Valiant|
|poke|p2|Metagross|
|teampreview
|inactive|Battle timer is ON: inactive players will automatically lose when time's up. (requested by AFish14)
|
|t:|1769447010
|teamsize|p1|6
|teamsize|p2|6
|start
|switch|p1a: Da Kicker|Zapdos-Galar|100/100
|switch|p2a: Porygon2|Porygon2, shiny|100/100
|-ability|p2a: Porygon2|Download|boost
|-boost|p2a: Porygon2|atk|1
|turn|1
|
|t:|1769447022
|move|p1a: Da Kicker|U-turn|p2a: Porygon2
|-damage|p2a: Porygon2|77/100
|
|t:|1769447030
|switch|p1a: Blissey|Blissey, F|100/100|[from] U-turn
|move|p2a: Porygon2|Ice Beam|p1a: Blissey
|-damage|p1a: Blissey|91/100
|
|upkeep
|turn|2
|
|t:|1769447034
|switch|p2a: Arcanine|Arcanine, F|100/100
|-ability|p2a: Arcanine|Intimidate|boost
|-unboost|p1a: Blissey|atk|1
|move|p1a: Blissey|Stealth Rock|p2a: Arcanine
|-sidestart|p2: AFish14|move: Stealth Rock
|
|upkeep
|turn|3
|
|t:|1769447043
|move|p2a: Arcanine|Close Combat|p1a: Blissey
|-supereffective|p1a: Blissey
|-damage|p1a: Blissey|0 fnt
|-unboost|p2a: Arcanine|def|1
|-unboost|p2a: Arcanine|spd|1
|faint|p1a: Blissey
|
|upkeep
|
|t:|1769447049
|switch|p1a: Da Kicker|Zapdos-Galar|100/100
|turn|4
|
|t:|1769447066
|switch|p2a: Dragonite|Dragonite, M|100/100
|-damage|p2a: Dragonite|76/100|[from] Stealth Rock
|move|p1a: Da Kicker|Knock Off|p2a: Dragonite
|-damage|p2a: Dragonite|21/100
|-enditem|p2a: Dragonite|Assault Vest|[from] move: Knock Off|[of] p1a: Da Kicker
|
|upkeep
|turn|5
|
|t:|1769447078
|move|p2a: Dragonite|Extreme Speed|p1a: Da Kicker
|-damage|p1a: Da Kicker|62/100
|move|p1a: Da Kicker|Knock Off|p2a: Dragonite
|-damage|p2a: Dragonite|0 fnt
|faint|p2a: Dragonite
|
|upkeep
|
|t:|1769447091
|switch|p2a: Iron Valiant|Iron Valiant|100/100
|-damage|p2a: Iron Valiant|95/100|[from] Stealth Rock
|-enditem|p2a: Iron Valiant|Booster Energy
|-activate|p2a: Iron Valiant|ability: Quark Drive|[fromitem]
|-start|p2a: Iron Valiant|quarkdrivespe
|turn|6
|
|t:|1769447097
|switch|p1a: Pecharunt|Pecharunt|100/100
|-item|p1a: Pecharunt|Air Balloon
|move|p2a: Iron Valiant|Calm Mind|p2a: Iron Valiant
|-boost|p2a: Iron Valiant|spa|1
|-boost|p2a: Iron Valiant|spd|1
|
|upkeep
|turn|7
|
|t:|1769447109
|-terastallize|p2a: Iron Valiant|Fighting
|move|p2a: Iron Valiant|Shadow Ball|p1a: Pecharunt
|-supereffective|p1a: Pecharunt
|-damage|p1a: Pecharunt|15/100
|-enditem|p1a: Pecharunt|Air Balloon
|move|p1a: Pecharunt|Malignant Chain|p2a: Iron Valiant
|-damage|p2a: Iron Valiant|57/100
|-status|p2a: Iron Valiant|tox
|-start|p2a: Iron Valiant|confusion|[from] ability: Poison Puppeteer|[of] p1a: Pecharunt
|
|-damage|p2a: Iron Valiant|51/100 tox|[from] psn
|upkeep
|turn|8
|
|t:|1769447120
|-activate|p2a: Iron Valiant|confusion
|move|p2a: Iron Valiant|Shadow Ball|p1a: Pecharunt
|-supereffective|p1a: Pecharunt
|-damage|p1a: Pecharunt|0 fnt
|faint|p1a: Pecharunt
|
|-damage|p2a: Iron Valiant|39/100 tox|[from] psn
|upkeep
|
|t:|1769447124
|switch|p1a: Gliscor|Gliscor, F|100/100
|turn|9
|
|t:|1769447127
|move|p1a: Gliscor|Protect|p1a: Gliscor
|-singleturn|p1a: Gliscor|Protect
|-activate|p2a: Iron Valiant|confusion
|move|p2a: Iron Valiant|Moonblast|p1a: Gliscor
|-activate|p1a: Gliscor|move: Protect
|
|-damage|p2a: Iron Valiant|21/100 tox|[from] psn
|-status|p1a: Gliscor|tox|[from] item: Toxic Orb
|upkeep
|turn|10
|
|t:|1769447134
|move|p1a: Gliscor|Protect||[still]
|-fail|p1a: Gliscor
|-activate|p2a: Iron Valiant|confusion
|move|p2a: Iron Valiant|Moonblast|p1a: Gliscor
|-damage|p1a: Gliscor|30/100 tox
|
|-damage|p2a: Iron Valiant|0 fnt|[from] psn
|faint|p2a: Iron Valiant
|-end|p2a: Iron Valiant|Quark Drive|[silent]
|-heal|p1a: Gliscor|42/100 tox|[from] ability: Poison Heal
|upkeep
|
|t:|1769447140
|switch|p2a: Porygon2|Porygon2, shiny|77/100
|-damage|p2a: Porygon2|64/100|[from] Stealth Rock
|-ability|p2a: Porygon2|Download|boost
|-boost|p2a: Porygon2|spa|1
|turn|11
|
|t:|1769447150
|move|p1a: Gliscor|Protect|p1a: Gliscor
|-singleturn|p1a: Gliscor|Protect
|move|p2a: Porygon2|Recover|p2a: Porygon2
|-heal|p2a: Porygon2|100/100
|
|-heal|p1a: Gliscor|55/100 tox|[from] ability: Poison Heal
|upkeep
|turn|12
|
|t:|1769447165
|switch|p1a: Skarmory|Skarmory, M|100/100
|move|p2a: Porygon2|Ice Beam|p1a: Skarmory
|-damage|p1a: Skarmory|41/100
|
|upkeep
|turn|13
|
|t:|1769447178
|move|p1a: Skarmory|Spikes|p2a: Porygon2
|-sidestart|p2: AFish14|Spikes
|move|p2a: Porygon2|Ice Beam|p1a: Skarmory
|-damage|p1a: Skarmory|0 fnt
|faint|p1a: Skarmory
|
|upkeep
|j| js_redstar
|
|t:|1769447185
|switch|p1a: Da Kicker|Zapdos-Galar|62/100
|turn|14
|
|t:|1769447205
|move|p1a: Da Kicker|Close Combat|p2a: Porygon2
|-supereffective|p2a: Porygon2
|-damage|p2a: Porygon2|0 fnt
|-unboost|p1a: Da Kicker|def|1
|-unboost|p1a: Da Kicker|spd|1
|faint|p2a: Porygon2
|
|upkeep
|
|t:|1769447217
|switch|p2a: Gengar|Gengar, F|100/100
|-damage|p2a: Gengar|88/100|[from] Stealth Rock
|-damage|p2a: Gengar|76/100|[from] Spikes
|turn|15
|
|t:|1769447229
|switch|p1a: Gliscor|Gliscor, F|55/100 tox
|move|p2a: Gengar|Sludge Wave|p1a: Gliscor
|-resisted|p1a: Gliscor
|-damage|p1a: Gliscor|31/100 tox
|
|-heal|p1a: Gliscor|43/100 tox|[from] ability: Poison Heal
|upkeep
|turn|16
|
|t:|1769447239
|switch|p2a: Metagross|Metagross|100/100
|-damage|p2a: Metagross|95/100|[from] Stealth Rock
|-damage|p2a: Metagross|82/100|[from] Spikes
|move|p1a: Gliscor|Protect||[still]
|-fail|p1a: Gliscor
|
|-heal|p1a: Gliscor|56/100 tox|[from] ability: Poison Heal
|upkeep
|turn|17
|
|t:|1769447245
|move|p1a: Gliscor|Protect|p1a: Gliscor
|-singleturn|p1a: Gliscor|Protect
|move|p2a: Metagross|Agility|p2a: Metagross
|-boost|p2a: Metagross|spe|2
|
|-heal|p1a: Gliscor|68/100 tox|[from] ability: Poison Heal
|upkeep
|turn|18
|
|t:|1769447251
|move|p2a: Metagross|Agility|p2a: Metagross
|-boost|p2a: Metagross|spe|2
|move|p1a: Gliscor|Knock Off|p2a: Metagross
|-supereffective|p2a: Metagross
|-damage|p2a: Metagross|51/100
|-enditem|p2a: Metagross|Weakness Policy
|-boost|p2a: Metagross|atk|2|[from] item: Weakness Policy
|-boost|p2a: Metagross|spa|2|[from] item: Weakness Policy
|
|-heal|p1a: Gliscor|81/100 tox|[from] ability: Poison Heal
|upkeep
|turn|19
|
|t:|1769447262
|move|p2a: Metagross|Iron Head|p1a: Gliscor
|-damage|p1a: Gliscor|12/100 tox
|move|p1a: Gliscor|Knock Off|p2a: Metagross
|-supereffective|p2a: Metagross
|-damage|p2a: Metagross|30/100
|
|-heal|p1a: Gliscor|24/100 tox|[from] ability: Poison Heal
|upkeep
|turn|20
|l| js_redstar
|
|t:|1769447268
|move|p1a: Gliscor|Protect|p1a: Gliscor
|-singleturn|p1a: Gliscor|Protect
|move|p2a: Metagross|Iron Head|p1a: Gliscor
|-activate|p1a: Gliscor|move: Protect
|
|-heal|p1a: Gliscor|37/100 tox|[from] ability: Poison Heal
|upkeep
|turn|21
|
|t:|1769447284
|move|p2a: Metagross|Iron Head|p1a: Gliscor
|-damage|p1a: Gliscor|0 fnt
|faint|p1a: Gliscor
|
|upkeep
|
|t:|1769447287
|switch|p1a: Darkrai|Darkrai|100/100
|turn|22
|
|t:|1769447291
|move|p2a: Metagross|Iron Head|p1a: Darkrai
|-damage|p1a: Darkrai|0 fnt
|faint|p1a: Darkrai
|
|upkeep
|-message|eltitoguille forfeited.
|
|win|AFish14
|raw|eltitoguille's rating: 1610 &rarr; <strong>1584</strong><br />(-26 for losing)
|raw|AFish14's rating: 1495 &rarr; <strong>1521</strong><br />(+26 for winning)
|l|☆eltitoguille
|player|p1|
|l|☆AFish14
|player|p2|
