|j|☆BasketbaII
|j|☆hoaxial
|t:|1769437712
|gametype|singles
|player|p1|BasketbaII|1|1205
|player|p2|hoaxial|klara|1175
|gen|9
|tier|[Gen 9] OU
|rated|
|rule|HP Percentage Mod: HP is shown in percentages
|rule|Endless Battle Clause: Forcing endless battles is banned
|rule|Species Clause: Limit one of each Pokémon
|rule|OHKO Clause: OHKO moves are banned
|rule|Evasion Items Clause: Evasion items are banned
|rule|Evasion Moves Clause: Evasion moves are banned
|rule|Evasion Abilities Clause: Evasion abilities are banned
|rule|Sleep Moves Clause: Sleep-inducing moves are banned
|clearpoke
|poke|p1|Arcanine-Hisui, F|
|poke|p1|Darkrai|
|poke|p1|Great Tusk|
|poke|p1|Hatterene, F|
|poke|p1|Ogerpon-Wellspring, F|
|poke|p1|Zapdos|
|poke|p2|Garganacl, M|
|poke|p2|Hippowdon, F|
|poke|p2|Tsareena, F|
|poke|p2|Magnezone|
|poke|p2|Tauros-Paldea-Blaze, M|
|poke|p2|Latias, F|
|teampreview
|c|☆BasketbaII|oo nice team
|
|t:|1769437733
|teamsize|p1|6
|teamsize|p2|6
|start
|switch|p1a: Ogerpon|Ogerpon-Wellspring, F|100/100
|switch|p2a: Tauros|Tauros-Paldea-Blaze, M|100/100
|-ability|p2a: Tauros|Intimidate|boost
|-unboost|p1a: Ogerpon|atk|1
|turn|1
|c|☆BasketbaII|gl hf
|
|t:|1769437744
|move|p1a: Ogerpon|U-turn|p2a: Tauros
|-resisted|p2a: Tauros
|-damage|p2a: Tauros|95/100
|c|☆hoaxial|gl hf
|
|t:|1769437748
|switch|p1a: Great Tusk|Great Tusk|100/100|[from] U-turn
|move|p2a: Tauros|Close Combat|p1a: Great Tusk
|-damage|p1a: Great Tusk|45/100
|-unboost|p2a: Tauros|def|1
|-unboost|p2a: Tauros|spd|1
|-damage|p2a: Tauros|79/100|[from] item: Rocky Helmet|[of] p1a: Great Tusk
|
|upkeep
|turn|2
|inactive|Battle timer is ON: inactive players will automatically lose when time's up. (requested by hoaxial)
|
|t:|1769437755
|move|p2a: Tauros|Close Combat|p1a: Great Tusk
|-damage|p1a: Great Tusk|0 fnt
|-unboost|p2a: Tauros|def|1
|-unboost|p2a: Tauros|spd|1
|-damage|p2a: Tauros|62/100|[from] item: Rocky Helmet|[of] p1a: Great Tusk
|faint|p1a: Great Tusk
|-end|p1a: Great Tusk|Protosynthesis|[silent]
|
|upkeep
|
|t:|1769437759
|switch|p1a: Zapdos|Zapdos|100/100
|turn|3
|
|t:|1769437765
|switch|p2a: Hippowdon|Hippowdon, F|100/100
|-weather|Sandstorm|[from] ability: Sand Stream|[of] p2a: Hippowdon
|move|p1a: Zapdos|Volt Switch|p2a: Hippowdon
|-immune|p2a: Hippowdon
|
|-weather|Sandstorm|[upkeep]
|-damage|p1a: Zapdos|94/100|[from] Sandstorm
|upkeep
|turn|4
|
|t:|1769437773
|switch|p1a: Ogerpon|Ogerpon-Wellspring, F|100/100
|move|p2a: Hippowdon|Roar|p1a: Ogerpon
|drag|p1a: Arcanine|Arcanine-Hisui, F|100/100
|
|-weather|Sandstorm|[upkeep]
|upkeep
|turn|5
|
|t:|1769437779
|switch|p1a: Ogerpon|Ogerpon-Wellspring, F|100/100
|move|p2a: Hippowdon|Stone Edge|p1a: Ogerpon
|-damage|p1a: Ogerpon|65/100
|
|-weather|Sandstorm|[upkeep]
|-damage|p1a: Ogerpon|59/100|[from] Sandstorm
|upkeep
|turn|6
|
|t:|1769437787
|switch|p2a: Latias|Latias, F|100/100
|move|p1a: Ogerpon|Ivy Cudgel|p2a: Latias|[anim] Ivy Cudgel Water
|-resisted|p2a: Latias
|-damage|p2a: Latias|68/100
|
|-weather|Sandstorm|[upkeep]
|-damage|p2a: Latias|62/100|[from] Sandstorm
|-damage|p1a: Ogerpon|53/100|[from] Sandstorm
|upkeep
|turn|7
|
|t:|1769437794
|move|p2a: Latias|Agility|p2a: Latias
|-boost|p2a: Latias|spe|2
|move|p1a: Ogerpon|Knock Off|p2a: Latias
|-supereffective|p2a: Latias
|-damage|p2a: Latias|0 fnt
|-enditem|p2a: Latias|Weakness Policy|[from] move: Knock Off|[of] p1a: Ogerpon
|faint|p2a: Latias
|
|-weather|none
|upkeep
|
|t:|1769437806
|switch|p2a: Tsareena|Tsareena, F|100/100
|turn|8
|
|t:|1769437810
|move|p1a: Ogerpon|U-turn|p2a: Tsareena
|-supereffective|p2a: Tsareena
|-damage|p2a: Tsareena|43/100
|
|t:|1769437812
|switch|p1a: Zapdos|Zapdos|94/100|[from] U-turn
|move|p2a: Tsareena|Rapid Spin|p1a: Zapdos
|-damage|p1a: Zapdos|82/100
|-boost|p2a: Tsareena|spe|1
|
|upkeep
|turn|9
|
|t:|1769437817
|move|p2a: Tsareena|Triple Axel|p1a: Zapdos
|-supereffective|p1a: Zapdos
|-damage|p1a: Zapdos|69/100
|-supereffective|p1a: Zapdos
|-damage|p1a: Zapdos|44/100
|-supereffective|p1a: Zapdos
|-damage|p1a: Zapdos|6/100
|-hitcount|p1a: Zapdos|3
|move|p1a: Zapdos|Hurricane|p2a: Tsareena|[miss]
|-miss|p1a: Zapdos|p2a: Tsareena
|
|upkeep
|turn|10
|
|t:|1769437825
|move|p2a: Tsareena|Rapid Spin|p1a: Zapdos
|-damage|p1a: Zapdos|0 fnt
|-boost|p2a: Tsareena|spe|1
|faint|p1a: Zapdos
|
|upkeep
|
|t:|1769437831
|switch|p1a: Hatterene|Hatterene, F|100/100
|turn|11
|
|t:|1769437838
|move|p2a: Tsareena|Knock Off|p1a: Hatterene
|-damage|p1a: Hatterene|62/100
|-enditem|p1a: Hatterene|Assault Vest|[from] move: Knock Off|[of] p2a: Tsareena
|move|p1a: Hatterene|Mystical Fire|p2a: Tsareena
|-supereffective|p2a: Tsareena
|-damage|p2a: Tsareena|0 fnt
|faint|p2a: Tsareena
|
|upkeep
|
|t:|1769437855
|switch|p2a: Tauros|Tauros-Paldea-Blaze, M|62/100
|-ability|p2a: Tauros|Intimidate|boost
|-unboost|p1a: Hatterene|atk|1
|turn|12
|
|t:|1769437872
|move|p2a: Tauros|Close Combat|p1a: Hatterene
|-resisted|p1a: Hatterene
|-damage|p1a: Hatterene|37/100
|-unboost|p2a: Tauros|def|1
|-unboost|p2a: Tauros|spd|1
|move|p1a: Hatterene|Draining Kiss|p2a: Tauros
|-damage|p2a: Tauros|2/100
|-heal|p1a: Hatterene|79/100|[from] drain|[of] p2a: Tauros
|
|upkeep
|turn|13
|
|t:|1769437882
|move|p2a: Tauros|Close Combat|p1a: Hatterene
|-resisted|p1a: Hatterene
|-damage|p1a: Hatterene|56/100
|-unboost|p2a: Tauros|def|1
|-unboost|p2a: Tauros|spd|1
|move|p1a: Hatterene|Draining Kiss|p2a: Tauros
|-damage|p2a: Tauros|0 fnt
|-heal|p1a: Hatterene|56/100|[from] drain|[of] p2a: Tauros
|faint|p2a: Tauros
|
|upkeep
|
|t:|1769437886
|switch|p2a: Magnezone|Magnezone|100/100
|turn|14
|
|t:|1769437894
|move|p2a: Magnezone|Thunderbolt|p1a: Hatterene
|-damage|p1a: Hatterene|9/100
|move|p1a: Hatterene|Mystical Fire|p2a: Magnezone
|-supereffective|p2a: Magnezone
|-damage|p2a: Magnezone|33/100
|-unboost|p2a: Magnezone|spa|1
|
|upkeep
|turn|15
|
|t:|1769437900
|move|p2a: Magnezone|Thunderbolt|p1a: Hatterene
|-damage|p1a: Hatterene|0 fnt
|faint|p1a: Hatterene
|
|upkeep
|
|t:|1769437911
|switch|p1a: Ogerpon|Ogerpon-Wellspring, F|53/100
|turn|16
|
|t:|1769437915
|move|p2a: Magnezone|Thunderbolt|p1a: Ogerpon
|-damage|p1a: Ogerpon|18/100
|move|p1a: Ogerpon|Ivy Cudgel|p2a: Magnezone|[anim] Ivy Cudgel Water
|-damage|p2a: Magnezone|0 fnt
|faint|p2a: Magnezone
|
|upkeep
|
|t:|1769437922
|switch|p2a: Garganacl|Garganacl, M|100/100
|turn|17
|
|t:|1769437927
|-terastallize|p2a: Garganacl|Flying
|move|p1a: Ogerpon|Ivy Cudgel|p2a: Garganacl|[anim] Ivy Cudgel Water
|-damage|p2a: Garganacl|61/100
|move|p2a: Garganacl|Iron Defense|p2a: Garganacl
|-boost|p2a: Garganacl|def|2
|
|-heal|p2a: Garganacl|67/100|[from] item: Leftovers
|upkeep
|turn|18
|
|t:|1769437938
|move|p1a: Ogerpon|Ivy Cudgel|p2a: Garganacl|[anim] Ivy Cudgel Water
|-damage|p2a: Garganacl|47/100
|move|p2a: Garganacl|Recover|p2a: Garganacl
|-heal|p2a: Garganacl|97/100
|
|-heal|p2a: Garganacl|100/100|[from] item: Leftovers
|upkeep
|turn|19
|
|t:|1769437943
|move|p1a: Ogerpon|Knock Off|p2a: Garganacl
|-crit|p2a: Garganacl
|-damage|p2a: Garganacl|59/100
|-enditem|p2a: Garganacl|Leftovers|[from] move: Knock Off|[of] p1a: Ogerpon
|move|p2a: Garganacl|Salt Cure|p1a: Ogerpon
|-damage|p1a: Ogerpon|1/100
|-start|p1a: Ogerpon|Salt Cure
|
|-damage|p1a: Ogerpon|0 fnt|[from] Salt Cure
|faint|p1a: Ogerpon
|upkeep
|
|t:|1769437946
|switch|p1a: Darkrai|Darkrai|100/100
|turn|20
|
|t:|1769437949
|move|p1a: Darkrai|Ice Beam|p2a: Garganacl
|-supereffective|p2a: Garganacl
|-damage|p2a: Garganacl|15/100
|move|p2a: Garganacl|Recover|p2a: Garganacl
|-heal|p2a: Garganacl|65/100
|
|upkeep
|turn|21
|
|t:|1769437954
|move|p1a: Darkrai|Ice Beam|p2a: Garganacl
|-supereffective|p2a: Garganacl
|-damage|p2a: Garganacl|24/100
|move|p2a: Garganacl|Recover|p2a: Garganacl
|-heal|p2a: Garganacl|74/100
|
|upkeep
|turn|22
|
|t:|1769437957
|move|p1a: Darkrai|Ice Beam|p2a: Garganacl
|-supereffective|p2a: Garganacl
|-damage|p2a: Garganacl|34/100
|move|p2a: Garganacl|Recover|p2a: Garganacl
|-heal|p2a: Garganacl|84/100
|
|upkeep
|turn|23
|
|t:|1769437960
|move|p1a: Darkrai|Ice Beam|p2a: Garganacl
|-supereffective|p2a: Garganacl
|-crit|p2a: Garganacl
|-damage|p2a: Garganacl|24/100
|move|p2a: Garganacl|Salt Cure|p1a: Darkrai
|-damage|p1a: Darkrai|83/100
|-start|p1a: Darkrai|Salt Cure
|
|-damage|p1a: Darkrai|71/100|[from] Salt Cure
|upkeep
|turn|24
|c|☆hoaxial|ffs
|c|☆BasketbaII|lol
|
|t:|1769437973
|move|p1a: Darkrai|Ice Beam|p2a: Garganacl
|-supereffective|p2a: Garganacl
|-damage|p2a: Garganacl|0 fnt
|faint|p2a: Garganacl
|
|-damage|p1a: Darkrai|58/100|[from] Salt Cure
|upkeep
|
|t:|1769437976
|switch|p2a: Hippowdon|Hippowdon, F|100/100
|-weather|Sandstorm|[from] ability: Sand Stream|[of] p2a: Hippowdon
|turn|25
|
|t:|1769437996
|move|p1a: Darkrai|Ice Beam|p2a: Hippowdon
|-supereffective|p2a: Hippowdon
|-damage|p2a: Hippowdon|26/100
|move|p2a: Hippowdon|Earthquake|p1a: Darkrai
|-damage|p1a: Darkrai|4/100
|
|-weather|Sandstorm|[upkeep]
|-damage|p1a: Darkrai|0 fnt|[from] Sandstorm
|faint|p1a: Darkrai
|upkeep
|
|t:|1769437999
|switch|p1a: Arcanine|Arcanine-Hisui, F|100/100
|turn|26
|
|t:|1769438008
|move|p1a: Arcanine|Flare Blitz|p2a: Hippowdon
|-damage|p2a: Hippowdon|0 fnt
|-damage|p1a: Arcanine|84/100|[from] item: Rocky Helmet|[of] p2a: Hippowdon
|faint|p2a: Hippowdon
|
|win|BasketbaII
|raw|BasketbaII's rating: 1205 &rarr; <strong>1228</strong><br />(+23 for winning)
|raw|hoaxial's rating: 1175 &rarr; <strong>1152</strong><br />(-23 for losing)
|c|☆hoaxial|awesome won from one crit
|c|☆hoaxial|so fair
|l|☆hoaxial
|player|p2|
|c|☆BasketbaII|loool
|l|☆BasketbaII
|player|p1|
