|j|☆Nachi TL
|j|☆sam bjiku kaiju
|inactive|Battle timer is ON: inactive players will automatically lose when time's up.
|t:|1769427171
|gametype|singles
|player|p1|Nachi TL|iono-masters|
|player|p2|sam bjiku kaiju|170|
|gen|9
|tier|[Gen 9] OU
|rated|Tournament battle
|rule|HP Percentage Mod: HP is shown in percentages
|rule|Endless Battle Clause: Forcing endless battles is banned
|rule|Species Clause: Limit one of each Pokémon
|rule|OHKO Clause: OHKO moves are banned
|rule|Evasion Items Clause: Evasion items are banned
|rule|Evasion Moves Clause: Evasion moves are banned
|rule|Evasion Abilities Clause: Evasion abilities are banned
|rule|Sleep Moves Clause: Sleep-inducing moves are banned
|clearpoke
|poke|p1|Blissey, F|
|poke|p1|Espeon, F|
|poke|p1|Garchomp, M|
|poke|p1|Corviknight, M|
|poke|p1|Great Tusk|
|poke|p1|Iron Hands|
|poke|p2|Gholdengo|
|poke|p2|Ogerpon, F|
|poke|p2|Rillaboom, M|
|poke|p2|Samurott-Hisui, M|
|poke|p2|Glimmora, M|
|poke|p2|Raging Bolt|
|teampreview
|j|*Lady Monita ☃️
|
|t:|1769427180
|teamsize|p1|6
|teamsize|p2|6
|start
|switch|p1a: Espeon|Espeon, F|100/100
|switch|p2a: Ogerpon|Ogerpon, F|100/100
|turn|1
|
|t:|1769427190
|switch|p1a: Corviknight|Corviknight, M|100/100
|-ability|p1a: Corviknight|Pressure
|move|p2a: Ogerpon|U-turn|p1a: Corviknight
|-resisted|p1a: Corviknight
|-damage|p1a: Corviknight|94/100
|
|t:|1769427194
|switch|p2a: Glimmora|Glimmora, M, shiny|100/100|[from] U-turn
|
|-heal|p1a: Corviknight|99/100|[from] item: Leftovers
|upkeep
|turn|2
|
|t:|1769427201
|switch|p1a: Espeon|Espeon, F|100/100
|move|p2a: Glimmora|Power Gem|p1a: Espeon
|-damage|p1a: Espeon|71/100
|
|upkeep
|turn|3
|
|t:|1769427216
|switch|p2a: Samurott|Samurott-Hisui, M, shiny|100/100
|move|p1a: Espeon|Grass Knot|p2a: Samurott
|-supereffective|p2a: Samurott
|-crit|p2a: Samurott
|-damage|p2a: Samurott|0 fnt
|faint|p2a: Samurott
|
|upkeep
|
|t:|1769427224
|switch|p2a: Ogerpon|Ogerpon, F|100/100
|turn|4
|
|t:|1769427227
|switch|p1a: Corviknight|Corviknight, M|99/100
|-ability|p1a: Corviknight|Pressure
|move|p2a: Ogerpon|U-turn|p1a: Corviknight
|-resisted|p1a: Corviknight
|-damage|p1a: Corviknight|94/100
|
|t:|1769427230
|switch|p2a: Glimmora|Glimmora, M, shiny|100/100|[from] U-turn
|
|-heal|p1a: Corviknight|99/100|[from] item: Leftovers
|upkeep
|turn|5
|
|t:|1769427238
|switch|p1a: Espeon|Espeon, F|71/100
|move|p2a: Glimmora|Mortal Spin|p1a: Espeon
|-damage|p1a: Espeon|62/100
|-status|p1a: Espeon|psn
|
|-damage|p1a: Espeon|50/100 psn|[from] psn
|upkeep
|turn|6
|
|t:|1769427251
|move|p1a: Espeon|Psychic|p2a: Glimmora
|-supereffective|p2a: Glimmora
|-damage|p2a: Glimmora|11/100
|-enditem|p2a: Glimmora|Red Card|[of] p1a: Espeon
|drag|p1a: Great Tusk|Great Tusk|100/100
|move|p2a: Glimmora|Power Gem|p1a: Great Tusk
|-resisted|p1a: Great Tusk
|-damage|p1a: Great Tusk|86/100
|
|upkeep
|turn|7
|
|t:|1769427262
|switch|p2a: Gholdengo|Gholdengo, shiny|100/100
|move|p1a: Great Tusk|Ice Spinner|p2a: Gholdengo
|-resisted|p2a: Gholdengo
|-damage|p2a: Gholdengo|92/100
|
|upkeep
|turn|8
|
|t:|1769427272
|-end|p1a: Great Tusk|Protosynthesis|[silent]
|switch|p1a: Blissey|Blissey, F|100/100
|switch|p2a: Glimmora|Glimmora, M, shiny|11/100
|
|upkeep
|turn|9
|
|t:|1769427285
|switch|p1a: Espeon|Espeon, F|50/100 psn
|move|p2a: Glimmora|Stealth Rock|p1a: Espeon
|move|p1a: Espeon|Stealth Rock|p2a: Glimmora|[from] ability: Magic Bounce
|-sidestart|p2: sam bjiku kaiju|move: Stealth Rock
|
|-damage|p1a: Espeon|37/100 psn|[from] psn
|upkeep
|turn|10
|
|t:|1769427296
|switch|p2a: Gholdengo|Gholdengo, shiny|92/100
|-damage|p2a: Gholdengo|86/100|[from] Stealth Rock
|move|p1a: Espeon|Shadow Ball|p2a: Gholdengo
|-supereffective|p2a: Gholdengo
|-damage|p2a: Gholdengo|23/100
|-unboost|p2a: Gholdengo|spd|1
|
|-damage|p1a: Espeon|25/100 psn|[from] psn
|upkeep
|turn|11
|
|t:|1769427308
|switch|p1a: Blissey|Blissey, F|100/100
|switch|p2a: Glimmora|Glimmora, M, shiny|11/100
|-damage|p2a: Glimmora|0 fnt|[from] Stealth Rock
|faint|p2a: Glimmora
|
|upkeep
|
|t:|1769427312
|switch|p2a: Gholdengo|Gholdengo, shiny|23/100
|-damage|p2a: Gholdengo|16/100|[from] Stealth Rock
|turn|12
|
|t:|1769427324
|move|p2a: Gholdengo|Recover|p2a: Gholdengo
|-heal|p2a: Gholdengo|67/100
|move|p1a: Blissey|Fire Blast|p2a: Gholdengo
|-supereffective|p2a: Gholdengo
|-damage|p2a: Gholdengo|0 fnt
|faint|p2a: Gholdengo
|
|upkeep
|
|t:|1769427343
|switch|p2a: Ogerpon|Ogerpon, F|100/100
|-damage|p2a: Ogerpon|88/100|[from] Stealth Rock
|turn|13
|
|t:|1769427350
|switch|p1a: Corviknight|Corviknight, M|99/100
|-ability|p1a: Corviknight|Pressure
|move|p2a: Ogerpon|U-turn|p1a: Corviknight
|-resisted|p1a: Corviknight
|-damage|p1a: Corviknight|94/100
|
|t:|1769427352
|switch|p2a: Raging Bolt|Raging Bolt|100/100|[from] U-turn
|-damage|p2a: Raging Bolt|88/100|[from] Stealth Rock
|-enditem|p2a: Raging Bolt|Booster Energy
|-activate|p2a: Raging Bolt|ability: Protosynthesis|[fromitem]
|-start|p2a: Raging Bolt|protosynthesisspa
|
|-heal|p1a: Corviknight|99/100|[from] item: Leftovers
|upkeep
|turn|14
|
|t:|1769427362
|move|p2a: Raging Bolt|Dragon Pulse|p1a: Corviknight
|-resisted|p1a: Corviknight
|-damage|p1a: Corviknight|73/100
|move|p1a: Corviknight|U-turn|p2a: Raging Bolt
|-damage|p2a: Raging Bolt|75/100
|
|t:|1769427374
|switch|p1a: Garchomp|Garchomp, M|100/100|[from] U-turn
|
|upkeep
|turn|15
|
|t:|1769427393
|-terastallize|p2a: Raging Bolt|Fairy
|move|p1a: Garchomp|Earthquake|p2a: Raging Bolt
|-damage|p2a: Raging Bolt|25/100
|move|p2a: Raging Bolt|Dragon Pulse|p1a: Garchomp
|-supereffective|p1a: Garchomp
|-crit|p1a: Garchomp
|-damage|p1a: Garchomp|0 fnt
|faint|p1a: Garchomp
|
|upkeep
|
|t:|1769427411
|switch|p1a: Blissey|Blissey, F|100/100
|turn|16
|
|t:|1769427429
|move|p2a: Raging Bolt|Dragon Pulse|p1a: Blissey
|-damage|p1a: Blissey|80/100
|move|p1a: Blissey|Tera Blast|p2a: Raging Bolt
|-crit|p2a: Raging Bolt
|-damage|p2a: Raging Bolt|0 fnt
|faint|p2a: Raging Bolt
|-end|p2a: Raging Bolt|Protosynthesis|[silent]
|
|upkeep
|
|t:|1769427434
|switch|p2a: Ogerpon|Ogerpon, F|88/100
|-damage|p2a: Ogerpon|76/100|[from] Stealth Rock
|turn|17
|
|t:|1769427442
|switch|p1a: Corviknight|Corviknight, M|73/100
|-ability|p1a: Corviknight|Pressure
|move|p2a: Ogerpon|Superpower|p1a: Corviknight
|-damage|p1a: Corviknight|32/100
|-unboost|p2a: Ogerpon|atk|1
|-unboost|p2a: Ogerpon|def|1
|
|-heal|p1a: Corviknight|38/100|[from] item: Leftovers
|upkeep
|turn|18
|
|t:|1769427462
|-terastallize|p1a: Corviknight|Flying
|move|p2a: Ogerpon|Superpower|p1a: Corviknight
|-resisted|p1a: Corviknight
|-damage|p1a: Corviknight|24/100
|-unboost|p2a: Ogerpon|atk|1
|-unboost|p2a: Ogerpon|def|1
|move|p1a: Corviknight|U-turn|p2a: Ogerpon
|-supereffective|p2a: Ogerpon
|-damage|p2a: Ogerpon|2/100
|
|t:|1769427475
|switch|p1a: Iron Hands|Iron Hands|100/100|[from] U-turn
|
|upkeep
|turn|19
|
|t:|1769427481
|move|p2a: Ogerpon|Superpower|p1a: Iron Hands
|-damage|p1a: Iron Hands|81/100
|-unboost|p2a: Ogerpon|atk|1
|-unboost|p2a: Ogerpon|def|1
|move|p1a: Iron Hands|Drain Punch|p2a: Ogerpon
|-damage|p2a: Ogerpon|0 fnt
|-heal|p1a: Iron Hands|82/100|[from] drain|[of] p2a: Ogerpon
|faint|p2a: Ogerpon
|
|upkeep
|
|t:|1769427487
|switch|p2a: Rillaboom|Rillaboom, M, shiny|100/100
|-damage|p2a: Rillaboom|88/100|[from] Stealth Rock
|-fieldstart|move: Grassy Terrain|[from] ability: Grassy Surge|[of] p2a: Rillaboom
|turn|20
|
|t:|1769427493
|move|p2a: Rillaboom|Swords Dance|p2a: Rillaboom
|-boost|p2a: Rillaboom|atk|2
|move|p1a: Iron Hands|Drain Punch|p2a: Rillaboom
|-damage|p2a: Rillaboom|40/100
|-heal|p1a: Iron Hands|99/100|[from] drain|[of] p2a: Rillaboom
|
|-heal|p2a: Rillaboom|46/100|[from] Grassy Terrain
|-heal|p1a: Iron Hands|100/100|[from] Grassy Terrain
|upkeep
|turn|21
|
|t:|1769427495
|move|p2a: Rillaboom|High Horsepower|p1a: Iron Hands
|-supereffective|p1a: Iron Hands
|-enditem|p1a: Iron Hands|Shuca Berry|[eat]
|-enditem|p1a: Iron Hands|Shuca Berry|[weaken]
|-damage|p1a: Iron Hands|36/100
|-damage|p2a: Rillaboom|36/100|[from] item: Life Orb
|move|p1a: Iron Hands|Ice Punch|p2a: Rillaboom
|-supereffective|p2a: Rillaboom
|-damage|p2a: Rillaboom|0 fnt
|faint|p2a: Rillaboom
|
|win|Nachi TL
|n|☆Nachi TL|nachitl
|n|☆sam bjiku kaiju|sambjikukaiju
|n|*Lady Monita ☃️|ladymonita
|l|*Lady Monita ☃️
|c|☆Nachi TL|gg
|l|☆sam bjiku kaiju
|player|p2|
