|j|‽losts0ulsmc
|j|☆Iznamakin
|t:|1769439003
|gametype|singles
|player|p1|losts0ulsmc|102|1661
|player|p2|Iznamakin|chase|1803
|gen|9
|tier|[Gen 9] OU
|rated|
|rule|HP Percentage Mod: HP is shown in percentages
|rule|Endless Battle Clause: Forcing endless battles is banned
|rule|Species Clause: Limit one of each Pokémon
|rule|OHKO Clause: OHKO moves are banned
|rule|Evasion Items Clause: Evasion items are banned
|rule|Evasion Moves Clause: Evasion moves are banned
|rule|Evasion Abilities Clause: Evasion abilities are banned
|rule|Sleep Moves Clause: Sleep-inducing moves are banned
|clearpoke
|poke|p1|Iron Valiant|
|poke|p1|Kingambit, F|
|poke|p1|Ogerpon-Wellspring, F|
|poke|p1|Gholdengo|
|poke|p1|Great Tusk|
|poke|p1|Pecharunt|
|poke|p2|Iron Valiant|
|poke|p2|Greninja-*, M|
|poke|p2|Glimmora, F|
|poke|p2|Kingambit, M|
|poke|p2|Iron Jugulis|
|poke|p2|Iron Moth|
|teampreview
|inactive|Battle timer is ON: inactive players will automatically lose when time's up. (requested by losts0ulsmc)
|
|t:|1769439006
|teamsize|p1|6
|teamsize|p2|6
|start
|switch|p1a: Gholdengo|Gholdengo|100/100
|switch|p2a: Iron Jugulis|Iron Jugulis|100/100
|-enditem|p2a: Iron Jugulis|Booster Energy
|-activate|p2a: Iron Jugulis|ability: Quark Drive|[fromitem]
|-start|p2a: Iron Jugulis|quarkdrivespe
|turn|1
|
|t:|1769439014
|move|p2a: Iron Jugulis|Knock Off|p1a: Gholdengo
|-supereffective|p1a: Gholdengo
|-damage|p1a: Gholdengo|41/100
|-enditem|p1a: Gholdengo|Choice Specs|[from] move: Knock Off|[of] p2a: Iron Jugulis
|move|p1a: Gholdengo|Dazzling Gleam|p2a: Iron Jugulis
|-supereffective|p2a: Iron Jugulis
|-damage|p2a: Iron Jugulis|26/100
|
|upkeep
|turn|2
|
|t:|1769439021
|switch|p1a: Kingambit|Kingambit, F, shiny|100/100
|move|p2a: Iron Jugulis|Fire Blast|p1a: Kingambit
|-supereffective|p1a: Kingambit
|-damage|p1a: Kingambit|26/100
|
|-heal|p1a: Kingambit|32/100|[from] item: Leftovers
|upkeep
|turn|3
|
|t:|1769439028
|move|p2a: Iron Jugulis|Fire Blast|p1a: Kingambit
|-supereffective|p1a: Kingambit
|-crit|p1a: Kingambit
|-damage|p1a: Kingambit|0 fnt
|faint|p1a: Kingambit
|-end|p1a: Kingambit|fallenundefined|[silent]
|
|upkeep
|
|t:|1769439030
|switch|p1a: Iron Valiant|Iron Valiant, shiny|100/100
|-enditem|p1a: Iron Valiant|Booster Energy
|-activate|p1a: Iron Valiant|ability: Quark Drive|[fromitem]
|-start|p1a: Iron Valiant|quarkdrivespe
|turn|4
|
|t:|1769439033
|-end|p2a: Iron Jugulis|Quark Drive|[silent]
|switch|p2a: Glimmora|Glimmora, F|100/100
|move|p1a: Iron Valiant|Spirit Break|p2a: Glimmora
|-resisted|p2a: Glimmora
|-damage|p2a: Glimmora|79/100
|-unboost|p2a: Glimmora|spa|1
|-activate|p2a: Glimmora|ability: Toxic Debris
|-sidestart|p1: losts0ulsmc|move: Toxic Spikes
|
|upkeep
|turn|5
|
|t:|1769439036
|move|p1a: Iron Valiant|Swords Dance|p1a: Iron Valiant
|-boost|p1a: Iron Valiant|atk|2
|move|p2a: Glimmora|Sludge Wave|p1a: Iron Valiant
|-supereffective|p1a: Iron Valiant
|-damage|p1a: Iron Valiant|0 fnt
|faint|p1a: Iron Valiant
|-end|p1a: Iron Valiant|Quark Drive|[silent]
|
|upkeep
|
|t:|1769439044
|switch|p1a: Gholdengo|Gholdengo|41/100
|turn|6
|
|t:|1769439047
|move|p2a: Glimmora|Stealth Rock|p1a: Gholdengo
|-sidestart|p1: losts0ulsmc|move: Stealth Rock
|move|p1a: Gholdengo|Make It Rain|p2a: Glimmora
|-supereffective|p2a: Glimmora
|-damage|p2a: Glimmora|0 fnt
|-unboost|p1a: Gholdengo|spa|1
|faint|p2a: Glimmora
|
|upkeep
|
|t:|1769439050
|switch|p2a: Greninja|Greninja, M|100/100
|turn|7
|
|t:|1769439054
|switch|p1a: Great Tusk|Great Tusk, shiny|100/100
|move|p2a: Greninja|Dark Pulse|p1a: Great Tusk
|-resisted|p1a: Great Tusk
|-damage|p1a: Great Tusk|64/100
|-damage|p2a: Greninja|91/100|[from] item: Life Orb
|
|upkeep
|turn|8
|
|t:|1769439059
|move|p2a: Greninja|Hydro Pump|p1a: Great Tusk
|-supereffective|p1a: Great Tusk
|-damage|p1a: Great Tusk|0 fnt
|faint|p1a: Great Tusk
|-end|p1a: Great Tusk|Protosynthesis|[silent]
|-ability|p2a: Greninja|Battle Bond|boost
|-boost|p2a: Greninja|atk|1
|-boost|p2a: Greninja|spa|1
|-boost|p2a: Greninja|spe|1
|-activate|p2a: Greninja|ability: Battle Bond
|-damage|p2a: Greninja|81/100|[from] item: Life Orb
|
|upkeep
|-message|losts0ulsmc forfeited.
|
|win|Iznamakin
|raw|losts0ulsmc's rating: 1661 &rarr; <strong>1649</strong><br />(-12 for losing)
|raw|Iznamakin's rating: 1803 &rarr; <strong>1815</strong><br />(+12 for winning)
|l|‽losts0ulsmc
|player|p1|
|l|☆Iznamakin
|player|p2|
