|j|☆nd777
|j|☆toipers_1
|t:|1769361333
|gametype|singles
|player|p1|nd777|veteran|1095
|player|p2|toipers_1|steven|1054
|gen|9
|tier|[Gen 9] OU
|rated|
|rule|HP Percentage Mod: HP is shown in percentages
|rule|Endless Battle Clause: Forcing endless battles is banned
|rule|Species Clause: Limit one of each Pokémon
|rule|OHKO Clause: OHKO moves are banned
|rule|Evasion Items Clause: Evasion items are banned
|rule|Evasion Moves Clause: Evasion moves are banned
|rule|Evasion Abilities Clause: Evasion abilities are banned
|rule|Sleep Moves Clause: Sleep-inducing moves are banned
|clearpoke
|poke|p1|Gholdengo|
|poke|p1|Dragapult, M|
|poke|p1|Ting-Lu|
|poke|p1|Iron Valiant|
|poke|p1|Great Tusk|
|poke|p1|Ogerpon-Wellspring, F|
|poke|p2|Lycanroc-Dusk, M|
|poke|p2|Ceruledge, M|
|poke|p2|Kingambit, M|
|poke|p2|Toxtricity-Low-Key, F|
|poke|p2|Mudsdale, F|
|poke|p2|Clawitzer, F|
|teampreview
|
|t:|1769361342
|teamsize|p1|6
|teamsize|p2|6
|start
|switch|p1a: Ogerpon|Ogerpon-Wellspring, F|100/100
|switch|p2a: Lycanroc|Lycanroc-Dusk, M, shiny|100/100
|turn|1
|
|t:|1769361352
|move|p1a: Ogerpon|Ivy Cudgel|p2a: Lycanroc|[anim] Ivy Cudgel Water
|-supereffective|p2a: Lycanroc
|-enditem|p2a: Lycanroc|Focus Sash
|-damage|p2a: Lycanroc|1/100
|move|p2a: Lycanroc|Rock Tomb|p1a: Ogerpon
|-damage|p1a: Ogerpon|61/100
|-unboost|p1a: Ogerpon|spe|1
|
|upkeep
|turn|2
|
|t:|1769361372
|move|p2a: Lycanroc|Close Combat|p1a: Ogerpon
|-damage|p1a: Ogerpon|0 fnt
|-unboost|p2a: Lycanroc|def|1
|-unboost|p2a: Lycanroc|spd|1
|faint|p1a: Ogerpon
|
|upkeep
|
|t:|1769361382
|switch|p1a: Dragapult|Dragapult, M, shiny|100/100
|turn|3
|
|t:|1769361392
|move|p1a: Dragapult|U-turn|p2a: Lycanroc
|-damage|p2a: Lycanroc|0 fnt
|faint|p2a: Lycanroc
|
|t:|1769361397
|switch|p1a: Ting-Lu|Ting-Lu|100/100|[from] U-turn
|-ability|p1a: Ting-Lu|Vessel of Ruin
|
|upkeep
|
|t:|1769361403
|switch|p2a: Clawitzer|Clawitzer, F|100/100
|turn|4
|
|t:|1769361414
|move|p2a: Clawitzer|Water Pulse|p1a: Ting-Lu
|-supereffective|p1a: Ting-Lu
|-damage|p1a: Ting-Lu|62/100
|move|p1a: Ting-Lu|Stealth Rock|p2a: Clawitzer
|-sidestart|p2: toipers_1|move: Stealth Rock
|
|-heal|p1a: Ting-Lu|68/100|[from] item: Leftovers
|upkeep
|turn|5
|
|t:|1769361431
|move|p2a: Clawitzer|Water Pulse|p1a: Ting-Lu
|-supereffective|p1a: Ting-Lu
|-damage|p1a: Ting-Lu|28/100
|move|p1a: Ting-Lu|Whirlwind|p2a: Clawitzer
|drag|p2a: Kingambit|Kingambit, M|100/100
|-damage|p2a: Kingambit|94/100|[from] Stealth Rock
|-activate|p2a: Kingambit|ability: Supreme Overlord
|-start|p2a: Kingambit|fallen1|[silent]
|
|-heal|p1a: Ting-Lu|34/100|[from] item: Leftovers
|upkeep
|turn|6
|
|t:|1769361451
|-terastallize|p2a: Kingambit|Dark
|move|p2a: Kingambit|X-Scissor|p1a: Ting-Lu
|-supereffective|p1a: Ting-Lu
|-damage|p1a: Ting-Lu|0 fnt
|faint|p1a: Ting-Lu
|
|upkeep
|
|t:|1769361460
|switch|p1a: Dragapult|Dragapult, M, shiny|100/100
|turn|7
|
|t:|1769361466
|move|p1a: Dragapult|U-turn|p2a: Kingambit
|-supereffective|p2a: Kingambit
|-damage|p2a: Kingambit|71/100
|
|t:|1769361471
|switch|p1a: Great Tusk|Great Tusk|100/100|[from] U-turn
|move|p2a: Kingambit|Swords Dance|p2a: Kingambit
|-boost|p2a: Kingambit|atk|2
|
|upkeep
|turn|8
|
|t:|1769361497
|move|p1a: Great Tusk|Earthquake|p2a: Kingambit
|-damage|p2a: Kingambit|42/100
|move|p2a: Kingambit|Iron Head|p1a: Great Tusk
|-damage|p1a: Great Tusk|53/100
|-damage|p2a: Kingambit|25/100|[from] item: Rocky Helmet|[of] p1a: Great Tusk
|
|upkeep
|turn|9
|
|t:|1769361515
|move|p2a: Kingambit|Sucker Punch|p1a: Great Tusk
|-resisted|p1a: Great Tusk
|-damage|p1a: Great Tusk|25/100
|-damage|p2a: Kingambit|9/100|[from] item: Rocky Helmet|[of] p1a: Great Tusk
|move|p1a: Great Tusk|Rapid Spin|p2a: Kingambit
|-damage|p2a: Kingambit|0 fnt
|-boost|p1a: Great Tusk|spe|1
|faint|p2a: Kingambit
|-end|p2a: Kingambit|fallen1|[silent]
|
|upkeep
|
|t:|1769361521
|switch|p2a: Clawitzer|Clawitzer, F|100/100
|-damage|p2a: Clawitzer|88/100|[from] Stealth Rock
|turn|10
|
|t:|1769361544
|-end|p1a: Great Tusk|Protosynthesis|[silent]
|switch|p1a: Dragapult|Dragapult, M, shiny|100/100
|move|p2a: Clawitzer|Water Pulse|p1a: Dragapult
|-resisted|p1a: Dragapult
|-damage|p1a: Dragapult|69/100
|
|-heal|p2a: Clawitzer|94/100|[from] item: Leftovers
|upkeep
|turn|11
|
|t:|1769361558
|move|p1a: Dragapult|U-turn|p2a: Clawitzer
|-damage|p2a: Clawitzer|77/100
|
|t:|1769361561
|switch|p1a: Iron Valiant|Iron Valiant|100/100|[from] U-turn
|-enditem|p1a: Iron Valiant|Booster Energy
|-activate|p1a: Iron Valiant|ability: Quark Drive|[fromitem]
|-start|p1a: Iron Valiant|quarkdrivespe
|move|p2a: Clawitzer|Dragon Pulse|p1a: Iron Valiant
|-immune|p1a: Iron Valiant
|
|-heal|p2a: Clawitzer|83/100|[from] item: Leftovers
|upkeep
|turn|12
|
|t:|1769361596
|switch|p2a: Toxtricity|Toxtricity-Low-Key, F|100/100
|-damage|p2a: Toxtricity|88/100|[from] Stealth Rock
|-item|p2a: Toxtricity|Air Balloon
|move|p1a: Iron Valiant|Thunderbolt|p2a: Toxtricity
|-resisted|p2a: Toxtricity
|-damage|p2a: Toxtricity|63/100
|-enditem|p2a: Toxtricity|Air Balloon
|
|upkeep
|turn|13
|c|☆toipers_1|dam mb i totally forgot
|
|t:|1769361788
|-end|p1a: Iron Valiant|Quark Drive|[silent]
|switch|p1a: Gholdengo|Gholdengo|100/100
|move|p2a: Toxtricity|Sludge Wave|p1a: Gholdengo
|-immune|p1a: Gholdengo
|
|upkeep
|turn|14
|
|t:|1769361806
|move|p1a: Gholdengo|Shadow Ball|p2a: Toxtricity
|-damage|p2a: Toxtricity|0 fnt
|faint|p2a: Toxtricity
|
|upkeep
|
|t:|1769361817
|switch|p2a: Mudsdale|Mudsdale, F|100/100
|-damage|p2a: Mudsdale|94/100|[from] Stealth Rock
|turn|15
|
|t:|1769361862
|switch|p1a: Dragapult|Dragapult, M, shiny|69/100
|move|p2a: Mudsdale|Curse|p2a: Mudsdale
|-unboost|p2a: Mudsdale|spe|1
|-boost|p2a: Mudsdale|atk|1
|-boost|p2a: Mudsdale|def|1
|
|upkeep
|turn|16
|-message|nd777 forfeited.
|
|win|toipers_1
|raw|nd777's rating: 1095 &rarr; <strong>1068</strong><br />(-27 for losing)
|raw|toipers_1's rating: 1054 &rarr; <strong>1090</strong><br />(+36 for winning)
|l|☆nd777
|player|p1|
|l|☆toipers_1
|player|p2|
