|j|☆Dragonzord6
|j|☆swoaj
|t:|1769429461
|gametype|singles
|player|p1|Dragonzord6|lance|1413
|player|p2|swoaj|cynthia|1395
|gen|9
|tier|[Gen 9] OU
|rated|
|rule|HP Percentage Mod: HP is shown in percentages
|rule|Endless Battle Clause: Forcing endless battles is banned
|rule|Species Clause: Limit one of each Pokémon
|rule|OHKO Clause: OHKO moves are banned
|rule|Evasion Items Clause: Evasion items are banned
|rule|Evasion Moves Clause: Evasion moves are banned
|rule|Evasion Abilities Clause: Evasion abilities are banned
|rule|Sleep Moves Clause: Sleep-inducing moves are banned
|clearpoke
|poke|p1|Pelipper, M|
|poke|p1|Kingdra, F|
|poke|p1|Barraskewda, F|
|poke|p1|Raging Bolt|
|poke|p1|Kyurem|
|poke|p1|Dragalge, F|
|poke|p2|Armarouge, F|
|poke|p2|Indeedee, M|
|poke|p2|Slowking, F|
|poke|p2|Zapdos|
|poke|p2|Scizor, M|
|poke|p2|Deoxys-Speed|
|teampreview
|inactive|Battle timer is ON: inactive players will automatically lose when time's up. (requested by Dragonzord6)
|
|t:|1769429473
|teamsize|p1|6
|teamsize|p2|6
|start
|switch|p1a: Messenger|Pelipper, M, shiny|100/100
|switch|p2a: Zapdos|Zapdos|100/100
|-weather|RainDance|[from] ability: Drizzle|[of] p1a: Messenger
|turn|1
|
|t:|1769429481
|-terastallize|p1a: Messenger|Ground
|move|p2a: Zapdos|Volt Switch|p1a: Messenger
|-immune|p1a: Messenger
|move|p1a: Messenger|Weather Ball|p2a: Zapdos
|-damage|p2a: Zapdos|39/100
|
|-weather|RainDance|[upkeep]
|upkeep
|turn|2
|
|t:|1769429492
|switch|p2a: 发呆第一快|Slowking, F|100/100
|move|p1a: Messenger|U-turn|p2a: 发呆第一快
|-supereffective|p2a: 发呆第一快
|-damage|p2a: 发呆第一快|83/100
|
|t:|1769429500
|switch|p1a: Kyurem|Kyurem, shiny|100/100|[from] U-turn
|-ability|p1a: Kyurem|Pressure
|
|-weather|RainDance|[upkeep]
|-heal|p2a: 发呆第一快|89/100|[from] item: Leftovers
|upkeep
|turn|3
|
|t:|1769429508
|move|p1a: Kyurem|Freeze-Dry|p2a: 发呆第一快
|-supereffective|p2a: 发呆第一快
|-damage|p2a: 发呆第一快|14/100
|-prepare|p2a: 发呆第一快|Chilly Reception|[premajor]
|move|p2a: 发呆第一快|Chilly Reception|p2a: 发呆第一快
|-weather|Snowscape
|
|t:|1769429517
|switch|p2a: 比第一还快|Scizor, M|100/100|[from] Chilly Reception
|
|-weather|Snowscape|[upkeep]
|upkeep
|turn|4
|
|t:|1769429523
|switch|p1a: Messenger|Pelipper, M, shiny, tera:Ground|100/100
|-weather|RainDance|[from] ability: Drizzle|[of] p1a: Messenger
|move|p2a: 比第一还快|Knock Off|p1a: Messenger
|-damage|p1a: Messenger|63/100
|-enditem|p1a: Messenger|Damp Rock|[from] move: Knock Off|[of] p2a: 比第一还快
|
|-weather|RainDance|[upkeep]
|upkeep
|turn|5
|
|t:|1769429532
|move|p2a: 比第一还快|U-turn|p1a: Messenger
|-damage|p1a: Messenger|20/100
|
|t:|1769429535
|switch|p2a: 发呆第一快|Slowking, F|47/100|[from] U-turn
|move|p1a: Messenger|Weather Ball|p2a: 发呆第一快
|-resisted|p2a: 发呆第一快
|-damage|p2a: 发呆第一快|25/100
|
|-weather|RainDance|[upkeep]
|-heal|p2a: 发呆第一快|31/100|[from] item: Leftovers
|upkeep
|turn|6
|
|t:|1769429546
|move|p1a: Messenger|Hurricane|p2a: 发呆第一快
|-damage|p2a: 发呆第一快|0 fnt
|faint|p2a: 发呆第一快
|
|-weather|RainDance|[upkeep]
|upkeep
|
|t:|1769429561
|switch|p2a: 不准比第一快|Indeedee, M|100/100
|-fieldstart|move: Psychic Terrain|[from] ability: Psychic Surge|[of] p2a: 不准比第一快
|turn|7
|
|t:|1769429566
|switch|p1a: Dragalge|Dragalge, F, shiny|100/100
|move|p2a: 不准比第一快|Expanding Force|p1a: Dragalge
|-supereffective|p1a: Dragalge
|-damage|p1a: Dragalge|14/100
|
|-weather|RainDance|[upkeep]
|upkeep
|turn|8
|
|t:|1769429576
|move|p2a: 不准比第一快|Expanding Force|p1a: Dragalge
|-supereffective|p1a: Dragalge
|-damage|p1a: Dragalge|0 fnt
|faint|p1a: Dragalge
|
|-weather|RainDance|[upkeep]
|upkeep
|
|t:|1769429585
|switch|p1a: Kingdra|Kingdra, F, shiny|100/100
|turn|9
|
|t:|1769429592
|switch|p2a: Zapdos|Zapdos|39/100
|move|p1a: Kingdra|Weather Ball|p2a: Zapdos
|-damage|p2a: Zapdos|0 fnt
|faint|p2a: Zapdos
|
|-weather|RainDance|[upkeep]
|upkeep
|
|t:|1769429600
|switch|p2a: 比第一还快|Scizor, M|100/100
|turn|10
|
|t:|1769429605
|move|p1a: Kingdra|Weather Ball|p2a: 比第一还快
|-damage|p2a: 比第一还快|0 fnt
|faint|p2a: 比第一还快
|
|-weather|RainDance|[upkeep]
|upkeep
|
|t:|1769429617
|switch|p2a: 宇宙第一快|Deoxys-Speed|100/100
|-ability|p2a: 宇宙第一快|Pressure
|turn|11
|
|t:|1769429621
|move|p1a: Kingdra|Weather Ball|p2a: 宇宙第一快
|-damage|p2a: 宇宙第一快|0 fnt
|faint|p2a: 宇宙第一快
|
|-weather|none
|-fieldend|move: Psychic Terrain
|upkeep
|
|t:|1769429624
|switch|p2a: 不准比第一快|Indeedee, M|100/100
|-fieldstart|move: Psychic Terrain|[from] ability: Psychic Surge|[of] p2a: 不准比第一快
|turn|12
|
|t:|1769429632
|switch|p1a: Messenger|Pelipper, M, shiny, tera:Ground|20/100
|-weather|RainDance|[from] ability: Drizzle|[of] p1a: Messenger
|-terastallize|p2a: 不准比第一快|Psychic
|move|p2a: 不准比第一快|Expanding Force|p1a: Messenger
|-damage|p1a: Messenger|0 fnt
|faint|p1a: Messenger
|
|-weather|RainDance|[upkeep]
|upkeep
|
|t:|1769429645
|switch|p1a: Kingdra|Kingdra, F, shiny|100/100
|turn|13
|
|t:|1769429648
|move|p1a: Kingdra|Weather Ball|p2a: 不准比第一快
|-damage|p2a: 不准比第一快|0 fnt
|faint|p2a: 不准比第一快
|
|-weather|RainDance|[upkeep]
|upkeep
|
|t:|1769429651
|switch|p2a: 我也要变快|Armarouge, F, shiny|100/100
|turn|14
|
|t:|1769429657
|move|p1a: Kingdra|Weather Ball|p2a: 我也要变快
|-supereffective|p2a: 我也要变快
|-enditem|p2a: 我也要变快|Focus Sash
|-damage|p2a: 我也要变快|1/100
|move|p2a: 我也要变快|Expanding Force|p1a: Kingdra
|-damage|p1a: Kingdra|0 fnt
|faint|p1a: Kingdra
|
|-weather|RainDance|[upkeep]
|upkeep
|
|t:|1769429667
|switch|p1a: Raging Bolt|Raging Bolt|100/100
|-enditem|p1a: Raging Bolt|Booster Energy
|-activate|p1a: Raging Bolt|ability: Protosynthesis|[fromitem]
|-start|p1a: Raging Bolt|protosynthesisspa
|turn|15
|
|t:|1769429673
|move|p2a: 我也要变快|Expanding Force|p1a: Raging Bolt
|-damage|p1a: Raging Bolt|33/100
|move|p1a: Raging Bolt|Thunder|p2a: 我也要变快
|-damage|p2a: 我也要变快|0 fnt
|faint|p2a: 我也要变快
|
|win|Dragonzord6
|raw|Dragonzord6's rating: 1413 &rarr; <strong>1432</strong><br />(+19 for winning)
|raw|swoaj's rating: 1395 &rarr; <strong>1376</strong><br />(-19 for losing)
|l|☆swoaj
|player|p2|
|l|☆Dragonzord6
|player|p1|
