|j|☆niloswan
|j|☆BorderofSeal
|t:|1769382963
|gametype|singles
|player|p1|niloswan|zinzolin|1488
|player|p2|BorderofSeal|1|1587
|gen|9
|tier|[Gen 9] OU
|rated|
|rule|HP Percentage Mod: HP is shown in percentages
|rule|Endless Battle Clause: Forcing endless battles is banned
|rule|Species Clause: Limit one of each Pokémon
|rule|OHKO Clause: OHKO moves are banned
|rule|Evasion Items Clause: Evasion items are banned
|rule|Evasion Moves Clause: Evasion moves are banned
|rule|Evasion Abilities Clause: Evasion abilities are banned
|rule|Sleep Moves Clause: Sleep-inducing moves are banned
|clearpoke
|poke|p1|Tyranitar, F|
|poke|p1|Hydrapple, M|
|poke|p1|Gholdengo|
|poke|p1|Weezing-Galar, F|
|poke|p1|Ogerpon-Wellspring, F|
|poke|p1|Scizor, F|
|poke|p2|Iron Treads|
|poke|p2|Rillaboom, F|
|poke|p2|Heatran, F|
|poke|p2|Zapdos|
|poke|p2|Iron Valiant|
|poke|p2|Serperior, F|
|teampreview
|inactive|Battle timer is ON: inactive players will automatically lose when time's up. (requested by niloswan)
|inactive|BorderofSeal has 120 seconds left.
|
|t:|1769382997
|teamsize|p1|6
|teamsize|p2|6
|start
|switch|p1a: Ogerpon|Ogerpon-Wellspring, F|100/100
|switch|p2a: Rillaboom|Rillaboom, F|100/100
|-fieldstart|move: Grassy Terrain|[from] ability: Grassy Surge|[of] p2a: Rillaboom
|turn|1
|
|t:|1769383004
|move|p1a: Ogerpon|U-turn|p2a: Rillaboom
|-supereffective|p2a: Rillaboom
|-crit|p2a: Rillaboom
|-damage|p2a: Rillaboom|6/100
|c|☆niloswan|myb
|
|t:|1769383012
|switch|p1a: Hydrapple|Hydrapple, M|100/100|[from] U-turn
|move|p2a: Rillaboom|Knock Off|p1a: Hydrapple
|-damage|p1a: Hydrapple|65/100
|-enditem|p1a: Hydrapple|Life Orb|[from] move: Knock Off|[of] p2a: Rillaboom
|
|-heal|p2a: Rillaboom|12/100|[from] Grassy Terrain
|-heal|p1a: Hydrapple|71/100|[from] Grassy Terrain
|upkeep
|turn|2
|c|☆BorderofSeal|dw chief, after my last couple of games i deserved that crit
|
|t:|1769383036
|switch|p2a: Zapdos|Zapdos|100/100
|-ability|p2a: Zapdos|Pressure
|move|p1a: Hydrapple|Earth Power|p2a: Zapdos
|-immune|p2a: Zapdos
|
|-heal|p1a: Hydrapple|77/100|[from] Grassy Terrain
|upkeep
|turn|3
|c|☆niloswan|haha
|c|☆BorderofSeal|glare is so incredibly evil
|
|t:|1769383048
|switch|p1a: Tyranitar|Tyranitar, F|100/100
|-weather|Sandstorm|[from] ability: Sand Stream|[of] p1a: Tyranitar
|move|p2a: Zapdos|Volt Switch|p1a: Tyranitar
|-damage|p1a: Tyranitar|89/100
|
|t:|1769383050
|switch|p2a: Serperior|Serperior, F|100/100|[from] Volt Switch
|
|-weather|Sandstorm|[upkeep]
|-damage|p2a: Serperior|94/100|[from] Sandstorm
|-heal|p2a: Serperior|100/100|[from] Grassy Terrain
|-heal|p1a: Tyranitar|96/100|[from] Grassy Terrain
|-heal|p1a: Tyranitar|100/100|[from] item: Leftovers
|upkeep
|turn|4
|c|☆niloswan|for real
|c|☆niloswan|thanks for revealing the set haha
|c|☆BorderofSeal|yeah
|inactive|niloswan has 120 seconds left.
|
|t:|1769383090
|switch|p1a: Hydrapple|Hydrapple, M|100/100
|move|p2a: Serperior|Leaf Storm|p1a: Hydrapple
|-resisted|p1a: Hydrapple
|-damage|p1a: Hydrapple|85/100
|-boost|p2a: Serperior|spa|2
|
|-weather|Sandstorm|[upkeep]
|-damage|p2a: Serperior|94/100|[from] Sandstorm
|-damage|p1a: Hydrapple|79/100|[from] Sandstorm
|-heal|p2a: Serperior|100/100|[from] Grassy Terrain
|-heal|p1a: Hydrapple|85/100|[from] Grassy Terrain
|upkeep
|turn|5
|c|☆niloswan|for how long have you been playing
|
|t:|1769383117
|move|p2a: Serperior|Substitute|p2a: Serperior
|-start|p2a: Serperior|Substitute
|-damage|p2a: Serperior|76/100
|move|p1a: Hydrapple|Draco Meteor|p2a: Serperior
|-end|p2a: Serperior|Substitute
|-unboost|p1a: Hydrapple|spa|2
|
|-weather|Sandstorm|[upkeep]
|-damage|p2a: Serperior|70/100|[from] Sandstorm
|-damage|p1a: Hydrapple|79/100|[from] Sandstorm
|-heal|p2a: Serperior|76/100|[from] Grassy Terrain
|-heal|p2a: Serperior|82/100|[from] item: Leftovers
|-heal|p1a: Hydrapple|85/100|[from] Grassy Terrain
|-fieldend|move: Grassy Terrain
|upkeep
|turn|6
|c|☆BorderofSeal|for today, just a couple games
|
|t:|1769383136
|move|p2a: Serperior|Leaf Storm|p1a: Hydrapple
|-resisted|p1a: Hydrapple
|-damage|p1a: Hydrapple|61/100
|-boost|p2a: Serperior|spa|2
|move|p1a: Hydrapple|Nasty Plot|p1a: Hydrapple
|-boost|p1a: Hydrapple|spa|2
|
|-weather|Sandstorm|[upkeep]
|-damage|p2a: Serperior|76/100|[from] Sandstorm
|-damage|p1a: Hydrapple|55/100|[from] Sandstorm
|-heal|p2a: Serperior|82/100|[from] item: Leftovers
|upkeep
|turn|7
|inactive|niloswan has 90 seconds left.
|
|t:|1769383156
|-terastallize|p2a: Serperior|Fire
|move|p2a: Serperior|Tera Blast|p1a: Hydrapple|[anim] Tera Blast Fire
|-damage|p1a: Hydrapple|0 fnt
|faint|p1a: Hydrapple
|
|-weather|none
|-heal|p2a: Serperior|88/100|[from] item: Leftovers
|upkeep
|inactive|niloswan has 90 seconds left.
|c|☆niloswan|howww
|
|t:|1769383165
|switch|p1a: Ogerpon|Ogerpon-Wellspring, F|100/100
|turn|8
|
|t:|1769383169
|move|p2a: Serperior|Leaf Storm|p1a: Ogerpon
|-damage|p1a: Ogerpon|0 fnt
|-boost|p2a: Serperior|spa|2
|faint|p1a: Ogerpon
|
|-heal|p2a: Serperior|94/100|[from] item: Leftovers
|upkeep
|c|☆niloswan|i forget
|c|☆niloswan|357
|inactive|niloswan has 90 seconds left.
|c|☆niloswan|i might be fucked
|c|☆BorderofSeal|yeah
|
|t:|1769383194
|switch|p1a: Weezing|Weezing-Galar, F|100/100
|turn|9
|
|t:|1769383202
|move|p2a: Serperior|Tera Blast|p1a: Weezing|[anim] Tera Blast Fire
|-damage|p1a: Weezing|0 fnt
|faint|p1a: Weezing
|
|-heal|p2a: Serperior|100/100|[from] item: Leftovers
|upkeep
|c|☆niloswan|gg
|c|☆niloswan|so quick x)
|c|☆niloswan|first 6-0 of the month i think*
|c|☆BorderofSeal|serp either hits or flops
|c|☆niloswan|fr
|inactive|niloswan has 60 seconds left.
|-message|niloswan forfeited.
|
|win|BorderofSeal
|raw|niloswan's rating: 1488 &rarr; <strong>1474</strong><br />(-14 for losing)
|raw|BorderofSeal's rating: 1587 &rarr; <strong>1601</strong><br />(+14 for winning)
|l|☆niloswan
|player|p1|
