|j|☆Vipro
|j|☆Chorley Cakes
|t:|1769333972
|gametype|singles
|player|p1|Vipro|alder|1500
|player|p2|Chorley Cakes|waiter-gen4|1606
|gen|9
|tier|[Gen 9] OU
|rated|
|rule|HP Percentage Mod: HP is shown in percentages
|rule|Endless Battle Clause: Forcing endless battles is banned
|rule|Species Clause: Limit one of each Pokémon
|rule|OHKO Clause: OHKO moves are banned
|rule|Evasion Items Clause: Evasion items are banned
|rule|Evasion Moves Clause: Evasion moves are banned
|rule|Evasion Abilities Clause: Evasion abilities are banned
|rule|Sleep Moves Clause: Sleep-inducing moves are banned
|clearpoke
|poke|p1|Iron Valiant|
|poke|p1|Ting-Lu|
|poke|p1|Gholdengo|
|poke|p1|Moltres|
|poke|p1|Ogerpon-Wellspring, F|
|poke|p1|Glimmora, M|
|poke|p2|Ribombee, M|
|poke|p2|Serperior, F|
|poke|p2|Gholdengo|
|poke|p2|Kingambit, F|
|poke|p2|Iron Moth|
|poke|p2|Mamoswine, F|
|teampreview
|inactive|Battle timer is ON: inactive players will automatically lose when time's up. (requested by Chorley Cakes)
|inactive|Vipro also wants the timer to be on.
|c|☆Chorley Cakes|hf
|
|t:|1769334000
|teamsize|p1|6
|teamsize|p2|6
|start
|switch|p1a: Moltres|Moltres, shiny|100/100
|switch|p2a: Gholdengo|Gholdengo|100/100
|turn|1
|
|t:|1769334012
|switch|p2a: Ribombee|Ribombee, M|100/100
|move|p1a: Moltres|Flamethrower|p2a: Ribombee
|-supereffective|p2a: Ribombee
|-enditem|p2a: Ribombee|Focus Sash
|-damage|p2a: Ribombee|1/100
|
|upkeep
|turn|2
|
|t:|1769334022
|move|p2a: Ribombee|Sticky Web|p1a: Moltres
|-sidestart|p1: Vipro|move: Sticky Web
|move|p1a: Moltres|U-turn|p2a: Ribombee
|-resisted|p2a: Ribombee
|-damage|p2a: Ribombee|0 fnt
|faint|p2a: Ribombee
|
|t:|1769334040
|switch|p1a: Glimmora|Glimmora, M, shiny|100/100|[from] U-turn
|-activate|p1a: Glimmora|move: Sticky Web
|-unboost|p1a: Glimmora|spe|1
|
|upkeep
|
|t:|1769334047
|switch|p2a: Gholdengo|Gholdengo|100/100
|turn|3
|
|t:|1769334070
|switch|p1a: Ting-Lu|Ting-Lu|100/100
|-activate|p1a: Ting-Lu|move: Sticky Web
|-unboost|p1a: Ting-Lu|spe|1
|-ability|p1a: Ting-Lu|Vessel of Ruin
|move|p2a: Gholdengo|Trick|p1a: Ting-Lu
|-activate|p2a: Gholdengo|move: Trick|[of] p1a: Ting-Lu
|-item|p1a: Ting-Lu|Choice Scarf|[from] move: Trick
|-item|p2a: Gholdengo|Leftovers|[from] move: Trick
|
|upkeep
|turn|4
|
|t:|1769334079
|switch|p2a: Serperior|Serperior, F|100/100
|move|p1a: Ting-Lu|Spikes|p2a: Serperior
|-sidestart|p2: Chorley Cakes|Spikes
|
|upkeep
|turn|5
|
|t:|1769334083
|switch|p1a: Moltres|Moltres, shiny|100/100
|move|p2a: Serperior|Substitute|p2a: Serperior
|-start|p2a: Serperior|Substitute
|-damage|p2a: Serperior|76/100
|
|-heal|p2a: Serperior|82/100|[from] item: Leftovers
|upkeep
|turn|6
|
|t:|1769334085
|move|p2a: Serperior|Glare|p1a: Moltres
|-status|p1a: Moltres|par
|move|p1a: Moltres|Flamethrower|p2a: Serperior
|-supereffective|p2a: Serperior
|-end|p2a: Serperior|Substitute
|
|-heal|p2a: Serperior|88/100|[from] item: Leftovers
|upkeep
|turn|7
|
|t:|1769334099
|switch|p2a: Iron Moth|Iron Moth|100/100
|-damage|p2a: Iron Moth|88/100|[from] Spikes
|-enditem|p2a: Iron Moth|Booster Energy
|-activate|p2a: Iron Moth|ability: Quark Drive|[fromitem]
|-start|p2a: Iron Moth|quarkdrivespa
|cant|p1a: Moltres|par
|
|upkeep
|turn|8
|
|t:|1769334106
|switch|p1a: Glimmora|Glimmora, M, shiny|100/100
|-activate|p1a: Glimmora|move: Sticky Web
|-unboost|p1a: Glimmora|spe|1
|move|p2a: Iron Moth|Fiery Dance|p1a: Glimmora
|-resisted|p1a: Glimmora
|-damage|p1a: Glimmora|79/100
|-boost|p2a: Iron Moth|spa|1
|
|upkeep
|turn|9
|
|t:|1769334119
|-end|p2a: Iron Moth|Quark Drive|[silent]
|switch|p2a: Gholdengo|Gholdengo|100/100
|-damage|p2a: Gholdengo|88/100|[from] Spikes
|move|p1a: Glimmora|Earth Power|p2a: Gholdengo
|-supereffective|p2a: Gholdengo
|-damage|p2a: Gholdengo|4/100
|
|-heal|p2a: Gholdengo|10/100|[from] item: Leftovers
|upkeep
|turn|10
|
|t:|1769334144
|switch|p1a: Ting-Lu|Ting-Lu|100/100
|-activate|p1a: Ting-Lu|move: Sticky Web
|-unboost|p1a: Ting-Lu|spe|1
|-ability|p1a: Ting-Lu|Vessel of Ruin
|move|p2a: Gholdengo|Make It Rain|p1a: Ting-Lu
|-damage|p1a: Ting-Lu|70/100
|-unboost|p2a: Gholdengo|spa|1
|
|-heal|p2a: Gholdengo|16/100|[from] item: Leftovers
|upkeep
|turn|11
|
|t:|1769334156
|switch|p2a: Serperior|Serperior, F|88/100
|-damage|p2a: Serperior|75/100|[from] Spikes
|move|p1a: Ting-Lu|Spikes|p2a: Serperior
|-sidestart|p2: Chorley Cakes|Spikes
|
|-heal|p2a: Serperior|81/100|[from] item: Leftovers
|upkeep
|turn|12
|
|t:|1769334162
|switch|p1a: Moltres|Moltres, shiny|100/100 par
|move|p2a: Serperior|Leaf Storm|p1a: Moltres
|-resisted|p1a: Moltres
|-damage|p1a: Moltres|89/100 par
|-boost|p2a: Serperior|spa|2
|
|-heal|p2a: Serperior|87/100|[from] item: Leftovers
|upkeep
|turn|13
|
|t:|1769334175
|-terastallize|p2a: Serperior|Ghost
|move|p2a: Serperior|Tera Blast|p1a: Moltres|[anim] Tera Blast Ghost
|-damage|p1a: Moltres|37/100 par
|move|p1a: Moltres|Flamethrower|p2a: Serperior
|-damage|p2a: Serperior|45/100
|
|-heal|p2a: Serperior|51/100|[from] item: Leftovers
|upkeep
|turn|14
|
|t:|1769334188
|switch|p1a: Glimmora|Glimmora, M, shiny|79/100
|-activate|p1a: Glimmora|move: Sticky Web
|-unboost|p1a: Glimmora|spe|1
|move|p2a: Serperior|Tera Blast|p1a: Glimmora|[anim] Tera Blast Ghost
|-damage|p1a: Glimmora|34/100
|
|-heal|p2a: Serperior|57/100|[from] item: Leftovers
|upkeep
|turn|15
|
|t:|1769334197
|move|p2a: Serperior|Tera Blast|p1a: Glimmora|[anim] Tera Blast Ghost
|-damage|p1a: Glimmora|0 fnt
|faint|p1a: Glimmora
|
|-heal|p2a: Serperior|63/100|[from] item: Leftovers
|upkeep
|j| Samurajen
|
|t:|1769334221
|switch|p1a: Gholdengo|Gholdengo|100/100
|-activate|p1a: Gholdengo|move: Sticky Web
|-unboost|p1a: Gholdengo|spe|1
|turn|16
|
|t:|1769334230
|-terastallize|p1a: Gholdengo|Dragon
|move|p2a: Serperior|Substitute|p2a: Serperior
|-start|p2a: Serperior|Substitute
|-damage|p2a: Serperior|38/100
|move|p1a: Gholdengo|Thunder Wave|p2a: Serperior|[miss]
|-miss|p1a: Gholdengo|p2a: Serperior
|
|-heal|p2a: Serperior|44/100|[from] item: Leftovers
|upkeep
|turn|17
|
|t:|1769334237
|move|p2a: Serperior|Tera Blast|p1a: Gholdengo|[anim] Tera Blast Ghost
|-damage|p1a: Gholdengo|49/100
|move|p1a: Gholdengo|Hex|p2a: Serperior
|-supereffective|p2a: Serperior
|-end|p2a: Serperior|Substitute
|
|-heal|p2a: Serperior|50/100|[from] item: Leftovers
|-heal|p1a: Gholdengo|55/100|[from] item: Leftovers
|upkeep
|turn|18
|
|t:|1769334261
|move|p2a: Serperior|Tera Blast|p1a: Gholdengo|[anim] Tera Blast Ghost
|-damage|p1a: Gholdengo|2/100
|move|p1a: Gholdengo|Hex|p2a: Serperior
|-supereffective|p2a: Serperior
|-damage|p2a: Serperior|0 fnt
|faint|p2a: Serperior
|
|-heal|p1a: Gholdengo|8/100|[from] item: Leftovers
|upkeep
|
|t:|1769334267
|switch|p2a: Iron Moth|Iron Moth|88/100
|-damage|p2a: Iron Moth|72/100|[from] Spikes
|turn|19
|
|t:|1769334272
|move|p2a: Iron Moth|Fiery Dance|p1a: Gholdengo
|-resisted|p1a: Gholdengo
|-damage|p1a: Gholdengo|0 fnt
|-boost|p2a: Iron Moth|spa|1
|faint|p1a: Gholdengo
|
|upkeep
|
|t:|1769334275
|switch|p1a: Ting-Lu|Ting-Lu|70/100
|-activate|p1a: Ting-Lu|move: Sticky Web
|-unboost|p1a: Ting-Lu|spe|1
|-ability|p1a: Ting-Lu|Vessel of Ruin
|turn|20
|
|t:|1769334290
|move|p2a: Iron Moth|Dazzling Gleam|p1a: Ting-Lu
|-supereffective|p1a: Ting-Lu
|-damage|p1a: Ting-Lu|29/100
|move|p1a: Ting-Lu|Earthquake|p2a: Iron Moth
|-supereffective|p2a: Iron Moth
|-damage|p2a: Iron Moth|0 fnt
|faint|p2a: Iron Moth
|-end|p2a: Iron Moth|Quark Drive|[silent]
|
|upkeep
|
|t:|1769334298
|switch|p2a: Mamoswine|Mamoswine, F|100/100
|-damage|p2a: Mamoswine|84/100|[from] Spikes
|turn|21
|
|t:|1769334309
|move|p2a: Mamoswine|Icicle Spear|p1a: Ting-Lu
|-supereffective|p1a: Ting-Lu
|-damage|p1a: Ting-Lu|12/100
|-supereffective|p1a: Ting-Lu
|-damage|p1a: Ting-Lu|0 fnt
|faint|p1a: Ting-Lu
|-hitcount|p1: Ting-Lu|2
|
|upkeep
|
|t:|1769334321
|switch|p1a: Ogerpon|Ogerpon-Wellspring, F|100/100
|-activate|p1a: Ogerpon|move: Sticky Web
|-unboost|p1a: Ogerpon|spe|1
|turn|22
|
|t:|1769334326
|move|p2a: Mamoswine|Icicle Spear|p1a: Ogerpon
|-damage|p1a: Ogerpon|82/100
|-damage|p1a: Ogerpon|61/100
|-damage|p1a: Ogerpon|43/100
|-damage|p1a: Ogerpon|25/100
|-hitcount|p1a: Ogerpon|4
|move|p1a: Ogerpon|Ivy Cudgel|p2a: Mamoswine|[anim] Ivy Cudgel Water
|-supereffective|p2a: Mamoswine
|-damage|p2a: Mamoswine|0 fnt
|faint|p2a: Mamoswine
|
|upkeep
|
|t:|1769334343
|switch|p2a: Gholdengo|Gholdengo|16/100
|-damage|p2a: Gholdengo|0 fnt|[from] Spikes
|faint|p2a: Gholdengo
|
|t:|1769334344
|switch|p2a: Kingambit|Kingambit, F|100/100
|-activate|p2a: Kingambit|ability: Supreme Overlord
|-start|p2a: Kingambit|fallen5|[silent]
|-item|p2a: Kingambit|Air Balloon
|turn|23
|
|t:|1769334360
|move|p2a: Kingambit|Sucker Punch|p1a: Ogerpon
|-damage|p1a: Ogerpon|0 fnt
|faint|p1a: Ogerpon
|
|upkeep
|
|t:|1769334364
|switch|p1a: Moltres|Moltres, shiny|37/100 par
|turn|24
|
|t:|1769334369
|move|p2a: Kingambit|Kowtow Cleave|p1a: Moltres
|-damage|p1a: Moltres|0 fnt
|-status|p2a: Kingambit|brn|[from] ability: Flame Body|[of] p1a: Moltres
|faint|p1a: Moltres
|
|-damage|p2a: Kingambit|94/100 brn|[from] brn
|upkeep
|
|t:|1769334372
|switch|p1a: Iron Valiant|Iron Valiant, shiny|100/100
|-activate|p1a: Iron Valiant|move: Sticky Web
|-unboost|p1a: Iron Valiant|spe|1
|turn|25
|c|☆Chorley Cakes|gg
|
|t:|1769334379
|move|p1a: Iron Valiant|Aura Sphere|p2a: Kingambit
|-supereffective|p2a: Kingambit
|-damage|p2a: Kingambit|0 fnt
|-enditem|p2a: Kingambit|Air Balloon
|faint|p2a: Kingambit
|-end|p2a: Kingambit|fallen5|[silent]
|
|win|Vipro
|raw|Vipro's rating: 1500 &rarr; <strong>1526</strong><br />(+26 for winning)
|raw|Chorley Cakes's rating: 1606 &rarr; <strong>1580</strong><br />(-26 for losing)
|l|☆Chorley Cakes
|player|p2|
|l|☆Vipro
|player|p1|
