|j|☆que pasa pepe
|j|☆gangnamgu
|t:|1769328937
|gametype|singles
|player|p1|que pasa pepe|102|1122
|player|p2|gangnamgu|169|1091
|gen|9
|tier|[Gen 9] OU
|rated|
|rule|HP Percentage Mod: HP is shown in percentages
|rule|Endless Battle Clause: Forcing endless battles is banned
|rule|Species Clause: Limit one of each Pokémon
|rule|OHKO Clause: OHKO moves are banned
|rule|Evasion Items Clause: Evasion items are banned
|rule|Evasion Moves Clause: Evasion moves are banned
|rule|Evasion Abilities Clause: Evasion abilities are banned
|rule|Sleep Moves Clause: Sleep-inducing moves are banned
|clearpoke
|poke|p1|Garganacl, M|
|poke|p1|Ceruledge, M|
|poke|p1|Oricorio-Pom-Pom, F|
|poke|p1|Quaquaval, F|
|poke|p1|Kingambit, M|
|poke|p1|Hydrapple, M|
|poke|p2|Meowscarada, F|
|poke|p2|Skarmory, M|
|poke|p2|Great Tusk|
|poke|p2|Clefable, F|
|poke|p2|Gholdengo|
|poke|p2|Slowking-Galar, F|
|teampreview
|
|t:|1769328942
|teamsize|p1|6
|teamsize|p2|6
|start
|switch|p1a: Quaquaval|Quaquaval, F, shiny|100/100
|switch|p2a: Gholdengo|Gholdengo|100/100
|turn|1
|
|t:|1769328952
|switch|p2a: Skarmory|Skarmory, M|100/100
|move|p1a: Quaquaval|Aqua Step|p2a: Skarmory
|-damage|p2a: Skarmory|76/100
|-boost|p1a: Quaquaval|spe|1
|-damage|p1a: Quaquaval|84/100|[from] item: Rocky Helmet|[of] p2a: Skarmory
|
|upkeep
|turn|2
|
|t:|1769328962
|move|p1a: Quaquaval|Swords Dance|p1a: Quaquaval
|-boost|p1a: Quaquaval|atk|2
|move|p2a: Skarmory|Stealth Rock|p1a: Quaquaval
|-sidestart|p1: que pasa pepe|move: Stealth Rock
|
|upkeep
|turn|3
|
|t:|1769328967
|move|p1a: Quaquaval|Swords Dance|p1a: Quaquaval
|-boost|p1a: Quaquaval|atk|2
|move|p2a: Skarmory|Iron Defense|p2a: Skarmory
|-boost|p2a: Skarmory|def|2
|
|upkeep
|turn|4
|
|t:|1769328972
|move|p1a: Quaquaval|Swords Dance|p1a: Quaquaval
|-boost|p1a: Quaquaval|atk|2
|move|p2a: Skarmory|Iron Defense|p2a: Skarmory
|-boost|p2a: Skarmory|def|2
|
|upkeep
|turn|5
|
|t:|1769328977
|move|p1a: Quaquaval|Aqua Step|p2a: Skarmory
|-damage|p2a: Skarmory|45/100
|-boost|p1a: Quaquaval|spe|1
|-damage|p1a: Quaquaval|68/100|[from] item: Rocky Helmet|[of] p2a: Skarmory
|move|p2a: Skarmory|Iron Defense|p2a: Skarmory
|-boost|p2a: Skarmory|def|2
|
|upkeep
|turn|6
|
|t:|1769328989
|move|p1a: Quaquaval|Aqua Step|p2a: Skarmory
|-damage|p2a: Skarmory|22/100
|-boost|p1a: Quaquaval|spe|1
|-damage|p1a: Quaquaval|51/100|[from] item: Rocky Helmet|[of] p2a: Skarmory
|move|p2a: Skarmory|Roost|p2a: Skarmory
|-heal|p2a: Skarmory|72/100
|-singleturn|p2a: Skarmory|move: Roost
|
|upkeep
|turn|7
|
|t:|1769329003
|switch|p1a: MVP|Oricorio-Pom-Pom, F, shiny|100/100
|move|p2a: Skarmory|Roost|p2a: Skarmory
|-heal|p2a: Skarmory|100/100
|-singleturn|p2a: Skarmory|move: Roost
|
|upkeep
|turn|8
|
|t:|1769329022
|switch|p2a: Slowking|Slowking-Galar, F|100/100
|move|p1a: MVP|Quiver Dance|p1a: MVP
|-boost|p1a: MVP|spa|1
|-boost|p1a: MVP|spd|1
|-boost|p1a: MVP|spe|1
|
|upkeep
|turn|9
|
|t:|1769329031
|switch|p1a: Kingambit|Kingambit, M, shiny|100/100
|-damage|p1a: Kingambit|94/100|[from] Stealth Rock
|move|p2a: Slowking|Sludge Bomb|p1a: Kingambit
|-immune|p1a: Kingambit
|
|-heal|p1a: Kingambit|100/100|[from] item: Leftovers
|upkeep
|turn|10
|
|t:|1769329042
|switch|p2a: Great Tusk|Great Tusk|100/100
|move|p1a: Kingambit|Swords Dance|p1a: Kingambit
|-boost|p1a: Kingambit|atk|2
|
|upkeep
|turn|11
|inactive|Battle timer is ON: inactive players will automatically lose when time's up. (requested by que pasa pepe)
|inactive|gangnamgu has 120 seconds left.
|inactive|gangnamgu has 90 seconds left.
|inactive|gangnamgu has 60 seconds left.
|inactive|gangnamgu has 30 seconds left.
|inactive|gangnamgu has 20 seconds left.
|inactive|gangnamgu has 15 seconds left.
|
|t:|1769329210
|-end|p1a: Kingambit|fallenundefined|[silent]
|switch|p1a: MVP|Oricorio-Pom-Pom, F, shiny|100/100
|move|p2a: Great Tusk|Headlong Rush|p1a: MVP
|-immune|p1a: MVP
|
|upkeep
|turn|12
|
|t:|1769329218
|-end|p2a: Great Tusk|Protosynthesis|[silent]
|switch|p2a: Slowking|Slowking-Galar, F|100/100
|move|p1a: MVP|Hurricane|p2a: Slowking
|-damage|p2a: Slowking|78/100
|-start|p2a: Slowking|confusion
|
|upkeep
|turn|13
|
|t:|1769329227
|switch|p1a: Kingambit|Kingambit, M, shiny|100/100
|-damage|p1a: Kingambit|94/100|[from] Stealth Rock
|-prepare|p2a: Slowking|Chilly Reception|[premajor]
|-activate|p2a: Slowking|confusion
|move|p2a: Slowking|Chilly Reception|p2a: Slowking
|-weather|Snowscape
|
|t:|1769329239
|switch|p2a: Great Tusk|Great Tusk|100/100|[from] Chilly Reception
|
|-weather|Snowscape|[upkeep]
|-heal|p1a: Kingambit|100/100|[from] item: Leftovers
|upkeep
|turn|14
|
|t:|1769329251
|-end|p1a: Kingambit|fallenundefined|[silent]
|switch|p1a: MVP|Oricorio-Pom-Pom, F, shiny|100/100
|move|p2a: Great Tusk|Knock Off|p1a: MVP
|-damage|p1a: MVP|75/100
|-enditem|p1a: MVP|Heavy-Duty Boots|[from] move: Knock Off|[of] p2a: Great Tusk
|
|-weather|Snowscape|[upkeep]
|upkeep
|turn|15
|
|t:|1769329265
|-end|p2a: Great Tusk|Protosynthesis|[silent]
|switch|p2a: Slowking|Slowking-Galar, F|100/100
|move|p1a: MVP|Hurricane|p2a: Slowking
|-damage|p2a: Slowking|80/100
|-start|p2a: Slowking|confusion
|
|-weather|Snowscape|[upkeep]
|upkeep
|turn|16
|
|t:|1769329279
|move|p1a: MVP|Revelation Dance|p2a: Slowking
|-damage|p2a: Slowking|64/100
|-activate|p2a: Slowking|confusion
|move|p2a: Slowking|Flamethrower|p1a: MVP
|-damage|p1a: MVP|45/100
|
|-weather|Snowscape|[upkeep]
|upkeep
|turn|17
|
|t:|1769329287
|move|p1a: MVP|Roost|p1a: MVP
|-heal|p1a: MVP|95/100
|-singleturn|p1a: MVP|move: Roost
|-prepare|p2a: Slowking|Chilly Reception|[premajor]
|-activate|p2a: Slowking|confusion
|-damage|p2a: Slowking|58/100|[from] confusion
|
|-weather|none
|upkeep
|turn|18
|
|t:|1769329295
|move|p1a: MVP|Quiver Dance|p1a: MVP
|-boost|p1a: MVP|spa|1
|-boost|p1a: MVP|spd|1
|-boost|p1a: MVP|spe|1
|-prepare|p2a: Slowking|Chilly Reception|[premajor]
|-end|p2a: Slowking|confusion
|move|p2a: Slowking|Chilly Reception|p2a: Slowking
|-weather|Snowscape
|
|t:|1769329312
|switch|p2a: Gholdengo|Gholdengo|100/100|[from] Chilly Reception
|
|-weather|Snowscape|[upkeep]
|upkeep
|turn|19
|
|t:|1769329321
|move|p2a: Gholdengo|Trick|p1a: MVP
|-activate|p2a: Gholdengo|move: Trick|[of] p1a: MVP
|-item|p1a: MVP|Choice Scarf|[from] move: Trick
|-enditem|p2a: Gholdengo|Choice Scarf|[silent]|[from] move: Trick
|move|p1a: MVP|Revelation Dance|p2a: Gholdengo
|-damage|p2a: Gholdengo|56/100
|
|-weather|Snowscape|[upkeep]
|upkeep
|turn|20
|inactive|gangnamgu has 120 seconds left.
|
|t:|1769329340
|move|p1a: MVP|Revelation Dance|p2a: Gholdengo
|-damage|p2a: Gholdengo|13/100
|move|p2a: Gholdengo|Recover|p2a: Gholdengo
|-heal|p2a: Gholdengo|63/100
|
|-weather|Snowscape|[upkeep]
|upkeep
|turn|21
|
|t:|1769329353
|switch|p1a: Kingambit|Kingambit, M, shiny|100/100
|-damage|p1a: Kingambit|94/100|[from] Stealth Rock
|switch|p2a: Great Tusk|Great Tusk|100/100
|
|-weather|Snowscape|[upkeep]
|-heal|p1a: Kingambit|100/100|[from] item: Leftovers
|upkeep
|turn|22
|inactive|gangnamgu has 120 seconds left.
|inactive|gangnamgu has 90 seconds left.
|inactive|gangnamgu has 60 seconds left.
|inactive|gangnamgu has 30 seconds left.
|inactive|gangnamgu has 20 seconds left.
|inactive|gangnamgu has 15 seconds left.
|inactive|gangnamgu has 10 seconds left.
|inactive|gangnamgu has 5 seconds left.
|-message|gangnamgu lost due to inactivity.
|
|win|que pasa pepe
|raw|que pasa pepe's rating: 1122 &rarr; <strong>1145</strong><br />(+23 for winning)
|raw|gangnamgu's rating: 1091 &rarr; <strong>1069</strong><br />(-22 for losing)
|l|☆que pasa pepe
|player|p1|
|l|☆gangnamgu
|player|p2|
