|j|☆Zen Marlon
|j|☆Platypuzzled
|t:|1769319162
|gametype|singles
|player|p1|Zen Marlon|marlon|1136
|player|p2|Platypuzzled|burglar-lgpe|1173
|gen|9
|tier|[Gen 9] OU
|rated|
|rule|HP Percentage Mod: HP is shown in percentages
|rule|Endless Battle Clause: Forcing endless battles is banned
|rule|Species Clause: Limit one of each Pokémon
|rule|OHKO Clause: OHKO moves are banned
|rule|Evasion Items Clause: Evasion items are banned
|rule|Evasion Moves Clause: Evasion moves are banned
|rule|Evasion Abilities Clause: Evasion abilities are banned
|rule|Sleep Moves Clause: Sleep-inducing moves are banned
|clearpoke
|poke|p1|Pelipper, F|
|poke|p1|Lanturn, F|
|poke|p1|Toxapex, F|
|poke|p1|Kingdra, M|
|poke|p1|Samurott-Hisui, M|
|poke|p1|Barraskewda, M|
|poke|p2|Samurott-Hisui, M|
|poke|p2|Corviknight, M|
|poke|p2|Muk-Alola, M|
|poke|p2|Kommo-o, M|
|poke|p2|Sandy Shocks|
|poke|p2|Cramorant, F|
|teampreview
|c|☆Platypuzzled|glhf
|inactive|Battle timer is ON: inactive players will automatically lose when time's up. (requested by Platypuzzled)
|
|t:|1769319176
|teamsize|p1|6
|teamsize|p2|6
|start
|switch|p1a: Barraskewda|Barraskewda, M|100/100
|switch|p2a: Slop|Muk-Alola, M|100/100
|turn|1
|
|t:|1769319195
|move|p1a: Barraskewda|Close Combat|p2a: Slop
|-damage|p2a: Slop|38/100
|-unboost|p1a: Barraskewda|def|1
|-unboost|p1a: Barraskewda|spd|1
|move|p2a: Slop|Knock Off|p1a: Barraskewda
|-damage|p1a: Barraskewda|0 fnt
|-enditem|p1a: Barraskewda|Choice Band|[from] move: Knock Off|[of] p2a: Slop
|faint|p1a: Barraskewda
|
|upkeep
|
|t:|1769319207
|switch|p1a: Pelipper|Pelipper, F|100/100
|-weather|RainDance|[from] ability: Drizzle|[of] p1a: Pelipper
|turn|2
|
|t:|1769319220
|move|p1a: Pelipper|Weather Ball|p2a: Slop
|-damage|p2a: Slop|14/100
|move|p2a: Slop|Knock Off|p1a: Pelipper
|-damage|p1a: Pelipper|70/100
|-enditem|p1a: Pelipper|Damp Rock|[from] move: Knock Off|[of] p2a: Slop
|
|-weather|RainDance|[upkeep]
|upkeep
|turn|3
|
|t:|1769319242
|move|p1a: Pelipper|U-turn|p2a: Slop
|-damage|p2a: Slop|6/100
|
|t:|1769319247
|switch|p1a: Toxapex|Toxapex, F|100/100|[from] U-turn
|move|p2a: Slop|Knock Off|p1a: Toxapex
|-damage|p1a: Toxapex|78/100
|-enditem|p1a: Toxapex|Leftovers|[from] move: Knock Off|[of] p2a: Slop
|
|-weather|RainDance|[upkeep]
|upkeep
|turn|4
|
|t:|1769319261
|move|p2a: Slop|Drain Punch|p1a: Toxapex
|-resisted|p1a: Toxapex
|-damage|p1a: Toxapex|72/100
|-heal|p2a: Slop|9/100|[from] drain|[of] p1a: Toxapex
|move|p1a: Toxapex|Chilling Water|p2a: Slop
|-damage|p2a: Slop|1/100
|-unboost|p2a: Slop|atk|1
|
|-weather|RainDance|[upkeep]
|upkeep
|turn|5
|
|t:|1769319286
|switch|p2a: Chicken|Corviknight, M|100/100
|-ability|p2a: Chicken|Pressure
|move|p1a: Toxapex|Chilling Water|p2a: Chicken
|-damage|p2a: Chicken|85/100
|-unboost|p2a: Chicken|atk|1
|
|-weather|RainDance|[upkeep]
|upkeep
|turn|6
|
|t:|1769319311
|move|p2a: Chicken|Brave Bird|p1a: Toxapex
|-damage|p1a: Toxapex|56/100
|-damage|p2a: Chicken|80/100|[from] Recoil
|move|p1a: Toxapex|Toxic Spikes|p2a: Chicken
|-sidestart|p2: Platypuzzled|move: Toxic Spikes
|
|-weather|RainDance|[upkeep]
|upkeep
|turn|7
|inactive|Platypuzzled has 120 seconds left.
|inactive|Platypuzzled has 90 seconds left.
|
|t:|1769319374
|switch|p1a: Lanturn|Lanturn, F|100/100
|move|p2a: Chicken|Brave Bird|p1a: Lanturn
|-resisted|p1a: Lanturn
|-damage|p1a: Lanturn|84/100
|-damage|p2a: Chicken|74/100|[from] Recoil
|
|-weather|RainDance|[upkeep]
|-heal|p1a: Lanturn|90/100|[from] item: Leftovers
|upkeep
|turn|8
|
|t:|1769319393
|move|p1a: Lanturn|Thunder|p2a: Chicken
|-supereffective|p2a: Chicken
|-damage|p2a: Chicken|0 fnt
|faint|p2a: Chicken
|
|-weather|RainDance|[upkeep]
|-heal|p1a: Lanturn|96/100|[from] item: Leftovers
|upkeep
|inactive|Platypuzzled has 90 seconds left.
|
|t:|1769319413
|switch|p2a: Polycule|Sandy Shocks|100/100
|-status|p2a: Polycule|psn
|-enditem|p2a: Polycule|Booster Energy
|-activate|p2a: Polycule|ability: Protosynthesis|[fromitem]
|-start|p2a: Polycule|protosynthesisspe
|turn|9
|
|t:|1769319426
|move|p2a: Polycule|Earth Power|p1a: Lanturn
|-supereffective|p1a: Lanturn
|-damage|p1a: Lanturn|17/100
|move|p1a: Lanturn|Scald|p2a: Polycule
|-supereffective|p2a: Polycule
|-damage|p2a: Polycule|0 fnt
|faint|p2a: Polycule
|-end|p2a: Polycule|Protosynthesis|[silent]
|
|-weather|none
|-heal|p1a: Lanturn|23/100|[from] item: Leftovers
|upkeep
|inactive|Platypuzzled has 90 seconds left.
|
|t:|1769319441
|switch|p2a: Slop|Muk-Alola, M|1/100
|-sideend|p2: Platypuzzled|move: Toxic Spikes|[of] p2a: Slop
|turn|10
|
|t:|1769319449
|move|p1a: Lanturn|Scald|p2a: Slop
|-damage|p2a: Slop|0 fnt
|faint|p2a: Slop
|
|-heal|p1a: Lanturn|29/100|[from] item: Leftovers
|upkeep
|inactive|Platypuzzled has 90 seconds left.
|inactive|Platypuzzled has 60 seconds left.
|
|t:|1769319493
|switch|p2a: Wet Dog|Samurott-Hisui, M|100/100
|turn|11
|
|t:|1769319510
|move|p2a: Wet Dog|Ceaseless Edge|p1a: Lanturn
|-damage|p1a: Lanturn|0 fnt
|-sidestart|p1: Zen Marlon|Spikes
|faint|p1a: Lanturn
|
|upkeep
|
|t:|1769319516
|switch|p1a: Pelipper|Pelipper, F|70/100
|-weather|RainDance|[from] ability: Drizzle|[of] p1a: Pelipper
|turn|12
|
|t:|1769319532
|move|p2a: Wet Dog|Ceaseless Edge|p1a: Pelipper
|-damage|p1a: Pelipper|35/100
|-sidestart|p1: Zen Marlon|Spikes
|move|p1a: Pelipper|Hurricane|p2a: Wet Dog
|-damage|p2a: Wet Dog|45/100
|
|-weather|RainDance|[upkeep]
|upkeep
|turn|13
|
|t:|1769319542
|move|p2a: Wet Dog|Ceaseless Edge|p1a: Pelipper
|-damage|p1a: Pelipper|0 fnt
|-sidestart|p1: Zen Marlon|Spikes
|faint|p1a: Pelipper
|
|-weather|RainDance|[upkeep]
|upkeep
|
|t:|1769319549
|switch|p1a: Kingdra|Kingdra, M|100/100
|turn|14
|inactive|Platypuzzled has 90 seconds left.
|
|t:|1769319562
|move|p1a: Kingdra|Hydro Pump|p2a: Wet Dog|[miss]
|-miss|p1a: Kingdra|p2a: Wet Dog
|move|p2a: Wet Dog|Ceaseless Edge|p1a: Kingdra
|-damage|p1a: Kingdra|39/100
|
|-weather|RainDance|[upkeep]
|upkeep
|turn|15
|inactive|Platypuzzled has 90 seconds left.
|
|t:|1769319574
|move|p1a: Kingdra|Hydro Pump|p2a: Wet Dog
|-resisted|p2a: Wet Dog
|-damage|p2a: Wet Dog|0 fnt
|faint|p2a: Wet Dog
|
|-weather|RainDance|[upkeep]
|upkeep
|
|t:|1769319576
|switch|p2a: Bird :D|Cramorant, F|100/100
|turn|16
|
|t:|1769319591
|-terastallize|p1a: Kingdra|Steel
|move|p1a: Kingdra|Ice Beam|p2a: Bird :D
|-damage|p2a: Bird :D|66/100
|move|p2a: Bird :D|Hurricane|p1a: Kingdra
|-resisted|p1a: Kingdra
|-damage|p1a: Kingdra|8/100
|-start|p1a: Kingdra|confusion
|
|-weather|none
|upkeep
|turn|17
|
|t:|1769319614
|-activate|p1a: Kingdra|confusion
|move|p1a: Kingdra|Draco Meteor|p2a: Bird :D|[miss]
|-miss|p1a: Kingdra|p2a: Bird :D
|move|p2a: Bird :D|Surf|p1a: Kingdra
|-formechange|p2a: Bird :D|Cramorant-Gulping|
|-damage|p1a: Kingdra|0 fnt
|faint|p1a: Kingdra
|
|upkeep
|
|t:|1769319627
|switch|p1a: Toxapex|Toxapex, F|89/100
|-damage|p1a: Toxapex|64/100|[from] Spikes
|turn|18
|
|t:|1769319654
|move|p2a: Bird :D|Hurricane|p1a: Toxapex
|-damage|p1a: Toxapex|28/100
|move|p1a: Toxapex|Toxic Spikes|p2a: Bird :D
|-sidestart|p2: Platypuzzled|move: Toxic Spikes
|
|upkeep
|turn|19
|
|t:|1769319667
|move|p2a: Bird :D|Hurricane|p1a: Toxapex
|-damage|p1a: Toxapex|0 fnt
|faint|p1a: Toxapex
|
|upkeep
|
|t:|1769319672
|switch|p1a: Samurott|Samurott-Hisui, M|100/100
|-damage|p1a: Samurott|76/100|[from] Spikes
|turn|20
|inactive|Zen Marlon has 120 seconds left.
|
|t:|1769319698
|move|p1a: Samurott|Ceaseless Edge|p2a: Bird :D
|-damage|p2a: Bird :D|0 fnt
|-damage|p1a: Samurott|51/100|[from] ability: Gulp Missile|[of] p2a: Bird :D
|-unboost|p1a: Samurott|def|1
|-formechange|p2a: Bird :D|Cramorant|
|-sidestart|p2: Platypuzzled|Spikes
|faint|p2a: Bird :D
|
|upkeep
|
|t:|1769319719
|switch|p2a: Banana Horse|Kommo-o, M|100/100
|-status|p2a: Banana Horse|psn
|-damage|p2a: Banana Horse|88/100 psn|[from] Spikes
|turn|21
|
|t:|1769319728
|move|p1a: Samurott|Sacred Sword|p2a: Banana Horse
|-damage|p2a: Banana Horse|50/100 psn
|move|p2a: Banana Horse|Clanging Scales|p1a: Samurott
|-damage|p1a: Samurott|0 fnt
|faint|p1a: Samurott
|-enditem|p2a: Banana Horse|Throat Spray
|
|win|Platypuzzled
|raw|Zen Marlon's rating: 1136 &rarr; <strong>1114</strong><br />(-22 for losing)
|raw|Platypuzzled's rating: 1173 &rarr; <strong>1195</strong><br />(+22 for winning)
|c|☆Platypuzzled|gg
|c|☆Zen Marlon|GG
|l|☆Platypuzzled
|player|p2|
