|j|☆Red the pikamon
|j|☆Shy Sammy
|t:|1769404957
|gametype|singles
|player|p1|Red the pikamon|firebreather|1113
|player|p2|Shy Sammy|pokemaniac|1111
|gen|9
|tier|[Gen 9] OU
|rated|
|rule|HP Percentage Mod: HP is shown in percentages
|rule|Endless Battle Clause: Forcing endless battles is banned
|rule|Species Clause: Limit one of each Pokémon
|rule|OHKO Clause: OHKO moves are banned
|rule|Evasion Items Clause: Evasion items are banned
|rule|Evasion Moves Clause: Evasion moves are banned
|rule|Evasion Abilities Clause: Evasion abilities are banned
|rule|Sleep Moves Clause: Sleep-inducing moves are banned
|clearpoke
|poke|p1|Pikachu, M|
|poke|p1|Charizard, F|
|poke|p1|Venusaur, M|
|poke|p1|Blastoise, F|
|poke|p1|Snorlax, M|
|poke|p1|Dragonite, M|
|poke|p2|Pelipper, M|
|poke|p2|Barraskewda, M|
|poke|p2|Kingdra, M|
|poke|p2|Thundurus, M|
|poke|p2|Amoonguss, M|
|poke|p2|Clodsire, M|
|teampreview
|
|t:|1769404962
|teamsize|p1|6
|teamsize|p2|6
|start
|switch|p1a: Pikachu|Pikachu, M|100/100
|switch|p2a: Peppers|Pelipper, M|100/100
|-weather|RainDance|[from] ability: Drizzle|[of] p2a: Peppers
|turn|1
|
|t:|1769404972
|move|p1a: Pikachu|Volt Tackle|p2a: Peppers
|-supereffective|p2a: Peppers
|-damage|p2a: Peppers|0 fnt
|faint|p2a: Peppers
|-damage|p1a: Pikachu|60/100|[from] Recoil
|
|-weather|RainDance|[upkeep]
|upkeep
|
|t:|1769404978
|switch|p2a: Vroom Vroom|Barraskewda, M|100/100
|turn|2
|
|t:|1769404982
|switch|p1a: Venusaur|Venusaur, M|100/100
|-terastallize|p2a: Vroom Vroom|Water
|move|p2a: Vroom Vroom|Liquidation|p1a: Venusaur
|-resisted|p1a: Venusaur
|-damage|p1a: Venusaur|45/100
|
|-weather|RainDance|[upkeep]
|-heal|p1a: Venusaur|51/100|[from] item: Black Sludge
|upkeep
|turn|3
|
|t:|1769404991
|move|p2a: Vroom Vroom|Liquidation|p1a: Venusaur
|-resisted|p1a: Venusaur
|-damage|p1a: Venusaur|0 fnt
|faint|p1a: Venusaur
|
|-weather|RainDance|[upkeep]
|upkeep
|
|t:|1769405001
|switch|p1a: Blastoise|Blastoise, F|100/100
|turn|4
|
|t:|1769405006
|move|p2a: Vroom Vroom|Liquidation|p1a: Blastoise
|-resisted|p1a: Blastoise
|-damage|p1a: Blastoise|57/100
|move|p1a: Blastoise|Surf|p2a: Vroom Vroom
|-resisted|p2a: Vroom Vroom
|-damage|p2a: Vroom Vroom|56/100
|
|-weather|RainDance|[upkeep]
|upkeep
|turn|5
|
|t:|1769405014
|move|p2a: Vroom Vroom|Liquidation|p1a: Blastoise
|-resisted|p1a: Blastoise
|-damage|p1a: Blastoise|10/100
|-unboost|p1a: Blastoise|def|1
|move|p1a: Blastoise|Flip Turn|p2a: Vroom Vroom
|-resisted|p2a: Vroom Vroom
|-damage|p2a: Vroom Vroom|22/100
|
|t:|1769405021
|switch|p1a: Dragonite|Dragonite, M|100/100|[from] Flip Turn
|
|-weather|RainDance|[upkeep]
|upkeep
|turn|6
|
|t:|1769405028
|move|p1a: Dragonite|Extreme Speed|p2a: Vroom Vroom
|-damage|p2a: Vroom Vroom|0 fnt
|faint|p2a: Vroom Vroom
|
|-weather|RainDance|[upkeep]
|upkeep
|
|t:|1769405034
|switch|p2a: Pew Pew|Kingdra, M|100/100
|turn|7
|
|t:|1769405047
|switch|p1a: Blastoise|Blastoise, F|10/100
|move|p2a: Pew Pew|Draco Meteor|p1a: Blastoise
|-damage|p1a: Blastoise|0 fnt
|-unboost|p2a: Pew Pew|spa|2
|faint|p1a: Blastoise
|
|-weather|RainDance|[upkeep]
|upkeep
|
|t:|1769405054
|switch|p1a: Pikachu|Pikachu, M|60/100
|turn|8
|
|t:|1769405059
|move|p2a: Pew Pew|Draco Meteor|p1a: Pikachu
|-damage|p1a: Pikachu|0 fnt
|-unboost|p2a: Pew Pew|spa|2
|faint|p1a: Pikachu
|
|-weather|none
|upkeep
|
|t:|1769405066
|switch|p1a: Snorlax|Snorlax, M|100/100
|turn|9
|
|t:|1769405071
|switch|p2a: Special Dumplin|Clodsire, M|100/100
|move|p1a: Snorlax|Curse|p1a: Snorlax
|-unboost|p1a: Snorlax|spe|1
|-boost|p1a: Snorlax|atk|1
|-boost|p1a: Snorlax|def|1
|
|upkeep
|turn|10
|
|t:|1769405078
|move|p2a: Special Dumplin|Stealth Rock|p1a: Snorlax
|-sidestart|p1: Red the pikamon|move: Stealth Rock
|move|p1a: Snorlax|Curse|p1a: Snorlax
|-unboost|p1a: Snorlax|spe|1
|-boost|p1a: Snorlax|atk|1
|-boost|p1a: Snorlax|def|1
|
|upkeep
|turn|11
|
|t:|1769405084
|move|p2a: Special Dumplin|Toxic|p1a: Snorlax
|-status|p1a: Snorlax|tox
|move|p1a: Snorlax|Body Slam|p2a: Special Dumplin
|-damage|p2a: Special Dumplin|33/100
|-status|p2a: Special Dumplin|par
|
|-heal|p2a: Special Dumplin|39/100 par|[from] item: Leftovers
|-damage|p1a: Snorlax|94/100 tox|[from] psn
|upkeep
|turn|12
|
|t:|1769405096
|move|p1a: Snorlax|Curse|p1a: Snorlax
|-unboost|p1a: Snorlax|spe|1
|-boost|p1a: Snorlax|atk|1
|-boost|p1a: Snorlax|def|1
|cant|p2a: Special Dumplin|par
|
|-heal|p1a: Snorlax|100/100 tox|[from] item: Leftovers
|-heal|p2a: Special Dumplin|45/100 par|[from] item: Leftovers
|-damage|p1a: Snorlax|88/100 tox|[from] psn
|upkeep
|turn|13
|
|t:|1769405107
|cant|p2a: Special Dumplin|par
|move|p1a: Snorlax|Rest|p1a: Snorlax
|-status|p1a: Snorlax|slp|[from] move: Rest
|-heal|p1a: Snorlax|100/100 slp|[silent]
|
|-heal|p2a: Special Dumplin|51/100 par|[from] item: Leftovers
|upkeep
|turn|14
|
|t:|1769405116
|cant|p1a: Snorlax|slp
|move|p1a: Snorlax|Sleep Talk|p1a: Snorlax
|move|p1a: Snorlax|Body Slam|p2a: Special Dumplin|[from] move: Sleep Talk
|-damage|p2a: Special Dumplin|0 fnt
|faint|p2a: Special Dumplin
|
|upkeep
|
|t:|1769405122
|switch|p2a: Eat Me|Amoonguss, M|100/100
|turn|15
|
|t:|1769405125
|move|p2a: Eat Me|Clear Smog|p1a: Snorlax
|-damage|p1a: Snorlax|93/100 slp
|-clearboost|p1a: Snorlax
|cant|p1a: Snorlax|slp
|move|p1a: Snorlax|Sleep Talk|p1a: Snorlax
|move|p1a: Snorlax|Curse|p1a: Snorlax|[from] move: Sleep Talk
|-unboost|p1a: Snorlax|spe|1
|-boost|p1a: Snorlax|atk|1
|-boost|p1a: Snorlax|def|1
|
|-heal|p1a: Snorlax|99/100 slp|[from] item: Leftovers
|upkeep
|turn|16
|
|t:|1769405136
|move|p2a: Eat Me|Clear Smog|p1a: Snorlax
|-damage|p1a: Snorlax|91/100 slp
|-clearboost|p1a: Snorlax
|-curestatus|p1a: Snorlax|slp|[msg]
|move|p1a: Snorlax|Body Slam|p2a: Eat Me
|-damage|p2a: Eat Me|75/100
|
|-heal|p1a: Snorlax|97/100|[from] item: Leftovers
|upkeep
|turn|17
|
|t:|1769405146
|move|p2a: Eat Me|Stun Spore|p1a: Snorlax
|-status|p1a: Snorlax|par
|move|p1a: Snorlax|Body Slam|p2a: Eat Me
|-damage|p2a: Eat Me|50/100
|
|-heal|p1a: Snorlax|100/100 par|[from] item: Leftovers
|upkeep
|turn|18
|
|t:|1769405158
|switch|p2a: Old Fart|Thundurus, M|100/100
|move|p1a: Snorlax|Curse|p1a: Snorlax
|-unboost|p1a: Snorlax|spe|1
|-boost|p1a: Snorlax|atk|1
|-boost|p1a: Snorlax|def|1
|
|upkeep
|turn|19
|
|t:|1769405168
|move|p2a: Old Fart|Nasty Plot|p2a: Old Fart
|-boost|p2a: Old Fart|spa|2
|move|p1a: Snorlax|Rest|p1a: Snorlax
|-fail|p1a: Snorlax|heal
|
|upkeep
|turn|20
|
|t:|1769405185
|move|p2a: Old Fart|Focus Blast|p1a: Snorlax
|-supereffective|p1a: Snorlax
|-damage|p1a: Snorlax|0 fnt
|faint|p1a: Snorlax
|-damage|p2a: Old Fart|90/100|[from] item: Life Orb
|
|upkeep
|
|t:|1769405193
|switch|p1a: Dragonite|Dragonite, M|100/100
|turn|21
|
|t:|1769405202
|move|p2a: Old Fart|Thunder|p1a: Dragonite
|-crit|p1a: Dragonite
|-damage|p1a: Dragonite|0 fnt
|faint|p1a: Dragonite
|-damage|p2a: Old Fart|80/100|[from] item: Life Orb
|
|upkeep
|
|t:|1769405209
|switch|p1a: Charizard|Charizard, F|100/100
|turn|22
|
|t:|1769405213
|move|p2a: Old Fart|Thunder|p1a: Charizard
|-supereffective|p1a: Charizard
|-damage|p1a: Charizard|0 fnt
|faint|p1a: Charizard
|-damage|p2a: Old Fart|70/100|[from] item: Life Orb
|
|win|Shy Sammy
|raw|Red the pikamon's rating: 1113 &rarr; <strong>1088</strong><br />(-25 for losing)
|raw|Shy Sammy's rating: 1111 &rarr; <strong>1136</strong><br />(+25 for winning)
|l|☆Shy Sammy
|player|p2|
|l|☆Red the pikamon
|player|p1|
