|j|☆Kairak
|j|☆Strolley
|t:|1769335066
|gametype|singles
|player|p1|Kairak|roughneck-gen4|1488
|player|p2|Strolley|265|1561
|gen|9
|tier|[Gen 9] OU
|rated|
|rule|HP Percentage Mod: HP is shown in percentages
|rule|Endless Battle Clause: Forcing endless battles is banned
|rule|Species Clause: Limit one of each Pokémon
|rule|OHKO Clause: OHKO moves are banned
|rule|Evasion Items Clause: Evasion items are banned
|rule|Evasion Moves Clause: Evasion moves are banned
|rule|Evasion Abilities Clause: Evasion abilities are banned
|rule|Sleep Moves Clause: Sleep-inducing moves are banned
|clearpoke
|poke|p1|Ninetales, F|
|poke|p1|Raging Bolt|
|poke|p1|Great Tusk|
|poke|p1|Walking Wake|
|poke|p1|Alomomola, F|
|poke|p1|Ceruledge, F|
|poke|p2|Tyranitar, F|
|poke|p2|Rillaboom, M|
|poke|p2|Moltres|
|poke|p2|Great Tusk|
|poke|p2|Alomomola, F|
|poke|p2|Tornadus-Therian, M|
|teampreview
|
|t:|1769335095
|teamsize|p1|6
|teamsize|p2|6
|start
|switch|p1a: Raging Bolt|Raging Bolt|100/100
|switch|p2a: Great Tusk|Great Tusk|100/100
|turn|1
|
|t:|1769335104
|-end|p1a: Raging Bolt|Protosynthesis|[silent]
|switch|p1a: Great Tusk|Great Tusk|100/100
|-end|p2a: Great Tusk|Protosynthesis|[silent]
|switch|p2a: Alomomola|Alomomola, F|100/100
|
|upkeep
|turn|2
|
|t:|1769335112
|-end|p1a: Great Tusk|Protosynthesis|[silent]
|switch|p1a: Raging Bolt|Raging Bolt|100/100
|move|p2a: Alomomola|Flip Turn|p1a: Raging Bolt
|-resisted|p1a: Raging Bolt
|-damage|p1a: Raging Bolt|94/100
|
|t:|1769335122
|switch|p2a: Tyranitar|Tyranitar, F|100/100|[from] Flip Turn
|-weather|Sandstorm|[from] ability: Sand Stream|[of] p2a: Tyranitar
|
|-weather|Sandstorm|[upkeep]
|-damage|p1a: Raging Bolt|87/100|[from] Sandstorm
|-heal|p1a: Raging Bolt|94/100|[from] item: Leftovers
|upkeep
|turn|3
|
|t:|1769335128
|-end|p1a: Raging Bolt|Protosynthesis|[silent]
|switch|p1a: Great Tusk|Great Tusk|100/100
|move|p2a: Tyranitar|Stone Edge|p1a: Great Tusk
|-resisted|p1a: Great Tusk
|-damage|p1a: Great Tusk|85/100
|
|-weather|Sandstorm|[upkeep]
|upkeep
|turn|4
|
|t:|1769335141
|-end|p1a: Great Tusk|Protosynthesis|[silent]
|switch|p1a: Walking Wake|Walking Wake|100/100
|switch|p2a: Moltres|Moltres|100/100
|
|-weather|Sandstorm|[upkeep]
|-damage|p1a: Walking Wake|94/100|[from] Sandstorm
|-damage|p2a: Moltres|94/100|[from] Sandstorm
|upkeep
|turn|5
|
|t:|1769335150
|-end|p1a: Walking Wake|Protosynthesis|[silent]
|switch|p1a: Ninetales|Ninetales, F|100/100
|-weather|SunnyDay|[from] ability: Drought|[of] p1a: Ninetales
|switch|p2a: Alomomola|Alomomola, F|100/100
|
|-weather|SunnyDay|[upkeep]
|upkeep
|turn|6
|
|t:|1769335154
|move|p1a: Ninetales|Will-O-Wisp|p2a: Alomomola
|-status|p2a: Alomomola|brn
|move|p2a: Alomomola|Flip Turn|p1a: Ninetales
|-supereffective|p1a: Ninetales
|-damage|p1a: Ninetales|90/100
|
|t:|1769335156
|switch|p2a: Tyranitar|Tyranitar, F|100/100|[from] Flip Turn
|-weather|Sandstorm|[from] ability: Sand Stream|[of] p2a: Tyranitar
|
|-weather|Sandstorm|[upkeep]
|-damage|p1a: Ninetales|84/100|[from] Sandstorm
|upkeep
|turn|7
|
|t:|1769335161
|move|p1a: Ninetales|Will-O-Wisp|p2a: Tyranitar
|-status|p2a: Tyranitar|brn
|move|p2a: Tyranitar|Ice Punch|p1a: Ninetales
|-resisted|p1a: Ninetales
|-damage|p1a: Ninetales|71/100
|-status|p1a: Ninetales|frz
|
|-weather|Sandstorm|[upkeep]
|-damage|p1a: Ninetales|65/100 frz|[from] Sandstorm
|-damage|p2a: Tyranitar|94/100 brn|[from] brn
|upkeep
|turn|8
|
|t:|1769335176
|switch|p1a: Great Tusk|Great Tusk|85/100
|switch|p2a: Great Tusk|Great Tusk|100/100
|
|-weather|Sandstorm|[upkeep]
|upkeep
|turn|9
|
|t:|1769335180
|move|p1a: Great Tusk|Ice Spinner|p2a: Great Tusk
|-supereffective|p2a: Great Tusk
|-damage|p2a: Great Tusk|70/100
|-damage|p1a: Great Tusk|69/100|[from] item: Rocky Helmet|[of] p2a: Great Tusk
|move|p2a: Great Tusk|Stealth Rock|p1a: Great Tusk
|-sidestart|p1: Kairak|move: Stealth Rock
|
|-weather|Sandstorm|[upkeep]
|upkeep
|turn|10
|
|t:|1769335191
|move|p1a: Great Tusk|Rapid Spin|p2a: Great Tusk
|-damage|p2a: Great Tusk|61/100
|-boost|p1a: Great Tusk|spe|1
|-damage|p1a: Great Tusk|52/100|[from] item: Rocky Helmet|[of] p2a: Great Tusk
|-sideend|p1: Kairak|Stealth Rock|[from] move: Rapid Spin|[of] p1a: Great Tusk
|move|p2a: Great Tusk|Headlong Rush|p1a: Great Tusk
|-damage|p1a: Great Tusk|15/100
|-unboost|p2a: Great Tusk|def|1
|-unboost|p2a: Great Tusk|spd|1
|
|-weather|none
|upkeep
|turn|11
|
|t:|1769335198
|-end|p2a: Great Tusk|Protosynthesis|[silent]
|switch|p2a: Moltres|Moltres|94/100
|move|p1a: Great Tusk|Ice Spinner|p2a: Moltres
|-damage|p2a: Moltres|72/100
|
|upkeep
|turn|12
|
|t:|1769335205
|-end|p1a: Great Tusk|Protosynthesis|[silent]
|switch|p1a: Walking Wake|Walking Wake|94/100
|move|p2a: Moltres|Flamethrower|p1a: Walking Wake
|-resisted|p1a: Walking Wake
|-damage|p1a: Walking Wake|84/100
|
|upkeep
|turn|13
|
|t:|1769335210
|switch|p2a: Alomomola|Alomomola, F|100/100 brn
|move|p1a: Walking Wake|Draco Meteor|p2a: Alomomola|[miss]
|-miss|p1a: Walking Wake|p2a: Alomomola
|
|-damage|p2a: Alomomola|94/100 brn|[from] brn
|upkeep
|turn|14
|
|t:|1769335215
|-end|p1a: Walking Wake|Protosynthesis|[silent]
|switch|p1a: Raging Bolt|Raging Bolt|94/100
|move|p2a: Alomomola|Wish|p2a: Alomomola
|
|-heal|p1a: Raging Bolt|99/100|[from] item: Leftovers
|-damage|p2a: Alomomola|88/100 brn|[from] brn
|upkeep
|turn|15
|
|t:|1769335228
|switch|p2a: Great Tusk|Great Tusk|61/100
|move|p1a: Raging Bolt|Calm Mind|p1a: Raging Bolt
|-boost|p1a: Raging Bolt|spa|1
|-boost|p1a: Raging Bolt|spd|1
|
|-heal|p2a: Great Tusk|100/100|[from] move: Wish|[wisher] Alomomola
|-heal|p1a: Raging Bolt|100/100|[from] item: Leftovers
|upkeep
|turn|16
|
|t:|1769335240
|move|p1a: Raging Bolt|Dragon Pulse|p2a: Great Tusk
|-damage|p2a: Great Tusk|0 fnt
|faint|p2a: Great Tusk
|-end|p2a: Great Tusk|Protosynthesis|[silent]
|
|upkeep
|
|t:|1769335276
|switch|p2a: Tyranitar|Tyranitar, F|94/100 brn
|-weather|Sandstorm|[from] ability: Sand Stream|[of] p2a: Tyranitar
|turn|17
|
|t:|1769335294
|move|p1a: Raging Bolt|Thunderbolt|p2a: Tyranitar
|-damage|p2a: Tyranitar|45/100 brn
|move|p2a: Tyranitar|Knock Off|p1a: Raging Bolt
|-damage|p1a: Raging Bolt|63/100
|-enditem|p1a: Raging Bolt|Leftovers|[from] move: Knock Off|[of] p2a: Tyranitar
|
|-weather|Sandstorm|[upkeep]
|-damage|p1a: Raging Bolt|57/100|[from] Sandstorm
|-damage|p2a: Tyranitar|39/100 brn|[from] brn
|upkeep
|turn|18
|inactive|Battle timer is ON: inactive players will automatically lose when time's up. (requested by Kairak)
|inactive|Strolley has 120 seconds left.
|inactive|Strolley has 90 seconds left.
|inactive|Strolley has 60 seconds left.
|inactive|Strolley has 30 seconds left.
|inactive|Strolley has 20 seconds left.
|inactive|Strolley has 15 seconds left.
|inactive|Strolley has 10 seconds left.
|inactive|Strolley has 5 seconds left.
|-message|Strolley lost due to inactivity.
|
|win|Kairak
|raw|Kairak's rating: 1488 &rarr; <strong>1512</strong><br />(+24 for winning)
|raw|Strolley's rating: 1561 &rarr; <strong>1537</strong><br />(-24 for losing)
|l|☆Strolley
|player|p2|
|l|☆Kairak
|player|p1|
