|j|☆Zong200
|j|☆SmolTuna
|t:|1769355835
|gametype|singles
|player|p1|Zong200|169|1666
|player|p2|SmolTuna|169|1656
|gen|9
|tier|[Gen 9] OU
|rated|
|rule|HP Percentage Mod: HP is shown in percentages
|rule|Endless Battle Clause: Forcing endless battles is banned
|rule|Species Clause: Limit one of each Pokémon
|rule|OHKO Clause: OHKO moves are banned
|rule|Evasion Items Clause: Evasion items are banned
|rule|Evasion Moves Clause: Evasion moves are banned
|rule|Evasion Abilities Clause: Evasion abilities are banned
|rule|Sleep Moves Clause: Sleep-inducing moves are banned
|clearpoke
|poke|p1|Darkrai|
|poke|p1|Volcanion|
|poke|p1|Great Tusk|
|poke|p1|Scizor, F|
|poke|p1|Iron Valiant|
|poke|p1|Zapdos|
|poke|p2|Landorus-Therian, M|
|poke|p2|Iron Hands|
|poke|p2|Primarina, M|
|poke|p2|Glimmora, M|
|poke|p2|Dragapult, M|
|poke|p2|Kingambit, F|
|teampreview
|inactive|Battle timer is ON: inactive players will automatically lose when time's up. (requested by Zong200)
|
|t:|1769355864
|teamsize|p1|6
|teamsize|p2|6
|start
|switch|p1a: Volcanion|Volcanion|100/100
|switch|p2a: Dragapult|Dragapult, M|100/100
|turn|1
|
|t:|1769355870
|switch|p1a: Zapdos|Zapdos|100/100
|move|p2a: Dragapult|Dragon Darts|p1a: Zapdos
|-damage|p1a: Zapdos|72/100
|-anim|p2a: Dragapult|Dragon Darts|p1a: Zapdos
|-damage|p1a: Zapdos|47/100
|
|upkeep
|turn|2
|
|t:|1769355877
|move|p2a: Dragapult|Dragon Darts|p1a: Zapdos
|-damage|p1a: Zapdos|22/100
|-anim|p2a: Dragapult|Dragon Darts|p1a: Zapdos
|-damage|p1a: Zapdos|0 fnt
|faint|p1a: Zapdos
|
|upkeep
|
|t:|1769355880
|switch|p1a: Scizor|Scizor, F|100/100
|turn|3
|
|t:|1769355883
|switch|p2a: Landorus|Landorus-Therian, M, shiny|100/100
|-ability|p2a: Landorus|Intimidate|boost
|-unboost|p1a: Scizor|atk|1
|move|p1a: Scizor|Knock Off|p2a: Landorus
|-damage|p2a: Landorus|63/100
|-damage|p1a: Scizor|84/100|[from] item: Rocky Helmet|[of] p2a: Landorus
|-enditem|p2a: Landorus|Rocky Helmet|[from] move: Knock Off|[of] p1a: Scizor
|
|upkeep
|turn|4
|
|t:|1769355887
|switch|p1a: Darkrai|Darkrai|100/100
|move|p2a: Landorus|U-turn|p1a: Darkrai
|-supereffective|p1a: Darkrai
|-damage|p1a: Darkrai|51/100
|
|t:|1769355890
|switch|p2a: Primarina|Primarina, M, shiny|100/100|[from] U-turn
|
|upkeep
|turn|5
|
|t:|1769355893
|switch|p2a: Glimmora|Glimmora, M, shiny|100/100
|move|p1a: Darkrai|Sludge Bomb|p2a: Glimmora
|-resisted|p2a: Glimmora
|-damage|p2a: Glimmora|90/100
|
|upkeep
|turn|6
|
|t:|1769355902
|move|p2a: Glimmora|Sludge Wave|p1a: Darkrai
|-damage|p1a: Darkrai|0 fnt
|faint|p1a: Darkrai
|
|upkeep
|
|t:|1769355907
|switch|p1a: Volcanion|Volcanion|100/100
|turn|7
|
|t:|1769355912
|move|p2a: Glimmora|Sludge Wave|p1a: Volcanion
|-damage|p1a: Volcanion|46/100
|move|p1a: Volcanion|Steam Eruption|p2a: Glimmora
|-supereffective|p2a: Glimmora
|-damage|p2a: Glimmora|0 fnt
|faint|p2a: Glimmora
|
|upkeep
|
|t:|1769355915
|switch|p2a: Dragapult|Dragapult, M|100/100
|turn|8
|
|t:|1769355917
|move|p2a: Dragapult|Dragon Darts|p1a: Volcanion
|-damage|p1a: Volcanion|14/100
|-anim|p2a: Dragapult|Dragon Darts|p1a: Volcanion
|-damage|p1a: Volcanion|0 fnt
|faint|p1a: Volcanion
|
|upkeep
|
|t:|1769355920
|switch|p1a: Iron Valiant|Iron Valiant|100/100
|-enditem|p1a: Iron Valiant|Booster Energy
|-activate|p1a: Iron Valiant|ability: Quark Drive|[fromitem]
|-start|p1a: Iron Valiant|quarkdrivespe
|turn|9
|
|t:|1769355924
|switch|p2a: Primarina|Primarina, M, shiny|100/100
|move|p1a: Iron Valiant|Calm Mind|p1a: Iron Valiant
|-boost|p1a: Iron Valiant|spa|1
|-boost|p1a: Iron Valiant|spd|1
|
|upkeep
|turn|10
|
|t:|1769355930
|-terastallize|p1a: Iron Valiant|Ground
|move|p1a: Iron Valiant|Thunderbolt|p2a: Primarina
|-supereffective|p2a: Primarina
|-damage|p2a: Primarina|50/100
|move|p2a: Primarina|Moonblast|p1a: Iron Valiant
|-damage|p1a: Iron Valiant|42/100
|
|upkeep
|turn|11
|
|t:|1769355948
|move|p2a: Primarina|Aqua Jet|p1a: Iron Valiant
|-supereffective|p1a: Iron Valiant
|-damage|p1a: Iron Valiant|16/100
|move|p1a: Iron Valiant|Tera Blast|p2a: Primarina|[anim] Tera Blast Ground
|-damage|p2a: Primarina|18/100
|
|upkeep
|turn|12
|
|t:|1769355951
|move|p2a: Primarina|Aqua Jet|p1a: Iron Valiant
|-supereffective|p1a: Iron Valiant
|-damage|p1a: Iron Valiant|0 fnt
|faint|p1a: Iron Valiant
|-end|p1a: Iron Valiant|Quark Drive|[silent]
|
|upkeep
|
|t:|1769355953
|switch|p1a: Great Tusk|Great Tusk|100/100
|-enditem|p1a: Great Tusk|Booster Energy
|-activate|p1a: Great Tusk|ability: Protosynthesis|[fromitem]
|-start|p1a: Great Tusk|protosynthesisspe
|turn|13
|
|t:|1769355956
|move|p1a: Great Tusk|Rapid Spin|p2a: Primarina
|-damage|p2a: Primarina|3/100
|-boost|p1a: Great Tusk|spe|1
|move|p2a: Primarina|Psychic Noise|p1a: Great Tusk
|-supereffective|p1a: Great Tusk
|-damage|p1a: Great Tusk|8/100
|-start|p1a: Great Tusk|move: Heal Block
|
|upkeep
|turn|14
|
|t:|1769355959
|move|p2a: Primarina|Aqua Jet|p1a: Great Tusk
|-supereffective|p1a: Great Tusk
|-damage|p1a: Great Tusk|0 fnt
|faint|p1a: Great Tusk
|-end|p1a: Great Tusk|Protosynthesis|[silent]
|
|upkeep
|
|t:|1769355960
|switch|p1a: Scizor|Scizor, F|84/100
|turn|15
|
|t:|1769355961
|move|p1a: Scizor|Bullet Punch|p2a: Primarina
|-damage|p2a: Primarina|0 fnt
|faint|p2a: Primarina
|
|upkeep
|
|t:|1769355964
|switch|p2a: Iron Hands|Iron Hands, shiny|100/100
|-enditem|p2a: Iron Hands|Booster Energy
|-activate|p2a: Iron Hands|ability: Quark Drive|[fromitem]
|-start|p2a: Iron Hands|quarkdriveatk
|turn|16
|
|t:|1769355966
|move|p1a: Scizor|Bullet Punch|p2a: Iron Hands
|-resisted|p2a: Iron Hands
|-damage|p2a: Iron Hands|82/100
|move|p2a: Iron Hands|Close Combat|p1a: Scizor
|-damage|p1a: Scizor|0 fnt
|-unboost|p2a: Iron Hands|def|1
|-unboost|p2a: Iron Hands|spd|1
|faint|p1a: Scizor
|
|win|SmolTuna
|raw|Zong200's rating: 1666 &rarr; <strong>1645</strong><br />(-21 for losing)
|raw|SmolTuna's rating: 1656 &rarr; <strong>1677</strong><br />(+21 for winning)
|c|☆SmolTuna|gg
|l|☆SmolTuna
|player|p2|
