|j|☆GottaGoFastBoiii
|j|☆May-sama
|t:|1769386346
|gametype|singles
|player|p1|GottaGoFastBoiii|101|1441
|player|p2|May-sama|miku-fairy|1438
|gen|9
|tier|[Gen 9] OU
|rated|
|rule|HP Percentage Mod: HP is shown in percentages
|rule|Endless Battle Clause: Forcing endless battles is banned
|rule|Species Clause: Limit one of each Pokémon
|rule|OHKO Clause: OHKO moves are banned
|rule|Evasion Items Clause: Evasion items are banned
|rule|Evasion Moves Clause: Evasion moves are banned
|rule|Evasion Abilities Clause: Evasion abilities are banned
|rule|Sleep Moves Clause: Sleep-inducing moves are banned
|clearpoke
|poke|p1|Glastrier|
|poke|p1|Iron Hands|
|poke|p1|Enamorus-Therian, F|
|poke|p1|Golurk|
|poke|p1|Dondozo, M|
|poke|p1|Slowbro-Galar, M|
|poke|p2|Clefable, F|
|poke|p2|Reuniclus, F|
|poke|p2|Kingambit, M|
|poke|p2|Iron Valiant|
|poke|p2|Kyurem|
|poke|p2|Zamazenta-*|
|teampreview
|inactive|Battle timer is ON: inactive players will automatically lose when time's up. (requested by May-sama)
|
|t:|1769386352
|teamsize|p1|6
|teamsize|p2|6
|start
|switch|p1a: Golurk|Golurk|100/100
|switch|p2a: Clefable|Clefable, F|100/100
|turn|1
|
|t:|1769386361
|move|p2a: Clefable|Ice Beam|p1a: Golurk
|-supereffective|p1a: Golurk
|-damage|p1a: Golurk|23/100
|move|p1a: Golurk|Poltergeist|p2a: Clefable
|-activate|p2a: Clefable|move: Poltergeist|Life Orb
|-damage|p2a: Clefable|13/100
|
|upkeep
|turn|2
|
|t:|1769386368
|move|p2a: Clefable|Ice Beam|p1a: Golurk
|-supereffective|p1a: Golurk
|-damage|p1a: Golurk|0 fnt
|faint|p1a: Golurk
|
|upkeep
|
|t:|1769386373
|switch|p1a: Slowbro|Slowbro-Galar, M|100/100
|turn|3
|
|t:|1769386377
|move|p2a: Clefable|Thunder|p1a: Slowbro|[miss]
|-miss|p2a: Clefable|p1a: Slowbro
|move|p1a: Slowbro|Psychic|p2a: Clefable
|-damage|p2a: Clefable|0 fnt
|faint|p2a: Clefable
|
|upkeep
|
|t:|1769386385
|switch|p2a: Kingambit|Kingambit, M|100/100
|-activate|p2a: Kingambit|ability: Supreme Overlord
|-start|p2a: Kingambit|fallen1|[silent]
|turn|4
|
|t:|1769386391
|-end|p2a: Kingambit|fallen1|[silent]
|switch|p2a: Kyurem|Kyurem|100/100
|-ability|p2a: Kyurem|Pressure
|move|p1a: Slowbro|Flamethrower|p2a: Kyurem
|-damage|p2a: Kyurem|75/100
|
|upkeep
|turn|5
|-activate|p1a: Slowbro|item: Quick Claw
|
|t:|1769386400
|move|p1a: Slowbro|Nasty Plot|p1a: Slowbro
|-boost|p1a: Slowbro|spa|2
|move|p2a: Kyurem|Earth Power|p1a: Slowbro
|-supereffective|p1a: Slowbro
|-damage|p1a: Slowbro|9/100
|-damage|p2a: Kyurem|65/100|[from] item: Life Orb
|
|upkeep
|turn|6
|
|t:|1769386408
|move|p2a: Kyurem|Earth Power|p1a: Slowbro
|-supereffective|p1a: Slowbro
|-damage|p1a: Slowbro|0 fnt
|faint|p1a: Slowbro
|-damage|p2a: Kyurem|55/100|[from] item: Life Orb
|
|upkeep
|
|t:|1769386410
|switch|p1a: Iron Hands|Iron Hands|100/100
|turn|7
|
|t:|1769386412
|move|p2a: Kyurem|Earth Power|p1a: Iron Hands
|-supereffective|p1a: Iron Hands
|-damage|p1a: Iron Hands|33/100
|-damage|p2a: Kyurem|45/100|[from] item: Life Orb
|move|p1a: Iron Hands|Drain Punch|p2a: Kyurem
|-supereffective|p2a: Kyurem
|-damage|p2a: Kyurem|0 fnt
|-heal|p1a: Iron Hands|50/100|[from] drain|[of] p2a: Kyurem
|faint|p2a: Kyurem
|
|upkeep
|
|t:|1769386417
|switch|p2a: Iron Valiant|Iron Valiant|100/100
|turn|8
|
|t:|1769386420
|move|p2a: Iron Valiant|Moonblast|p1a: Iron Hands
|-supereffective|p1a: Iron Hands
|-damage|p1a: Iron Hands|0 fnt
|faint|p1a: Iron Hands
|-end|p1a: Iron Hands|Quark Drive|[silent]
|-damage|p2a: Iron Valiant|91/100|[from] item: Life Orb
|
|upkeep
|
|t:|1769386423
|switch|p1a: Enamorus|Enamorus-Therian, F|100/100
|turn|9
|
|t:|1769386428
|move|p2a: Iron Valiant|Moonblast|p1a: Enamorus
|-damage|p1a: Enamorus|51/100
|-damage|p2a: Iron Valiant|81/100|[from] item: Life Orb
|move|p1a: Enamorus|Moonblast|p2a: Iron Valiant
|-supereffective|p2a: Iron Valiant
|-damage|p2a: Iron Valiant|0 fnt
|faint|p2a: Iron Valiant
|-end|p2a: Iron Valiant|Quark Drive|[silent]
|
|upkeep
|
|t:|1769386433
|switch|p2a: Kingambit|Kingambit, M|100/100
|-activate|p2a: Kingambit|ability: Supreme Overlord
|-start|p2a: Kingambit|fallen3|[silent]
|turn|10
|
|t:|1769386438
|move|p2a: Kingambit|Iron Head|p1a: Enamorus
|-supereffective|p1a: Enamorus
|-damage|p1a: Enamorus|0 fnt
|faint|p1a: Enamorus
|-damage|p2a: Kingambit|91/100|[from] item: Life Orb
|
|upkeep
|
|t:|1769386442
|switch|p1a: Dondozo|Dondozo, M|100/100
|turn|11
|
|t:|1769386450
|-end|p2a: Kingambit|fallen3|[silent]
|switch|p2a: Reuniclus|Reuniclus, F|100/100
|move|p1a: Dondozo|Curse|p1a: Dondozo
|-unboost|p1a: Dondozo|spe|1
|-boost|p1a: Dondozo|atk|1
|-boost|p1a: Dondozo|def|1
|
|upkeep
|turn|12
|-activate|p1a: Dondozo|item: Quick Claw
|
|t:|1769386456
|move|p1a: Dondozo|Wave Crash|p2a: Reuniclus
|-crit|p2a: Reuniclus
|-damage|p2a: Reuniclus|0 fnt
|faint|p2a: Reuniclus
|-damage|p1a: Dondozo|73/100|[from] Recoil
|
|upkeep
|
|t:|1769386464
|switch|p2a: Kingambit|Kingambit, M|91/100
|-activate|p2a: Kingambit|ability: Supreme Overlord
|-start|p2a: Kingambit|fallen4|[silent]
|turn|13
|
|t:|1769386468
|move|p2a: Kingambit|Low Kick|p1a: Dondozo
|-damage|p1a: Dondozo|37/100
|-damage|p2a: Kingambit|81/100|[from] item: Life Orb
|move|p1a: Dondozo|Earthquake|p2a: Kingambit
|-supereffective|p2a: Kingambit
|-damage|p2a: Kingambit|8/100
|
|upkeep
|turn|14
|
|t:|1769386471
|move|p2a: Kingambit|Low Kick|p1a: Dondozo
|-damage|p1a: Dondozo|2/100
|-damage|p2a: Kingambit|0 fnt|[from] item: Life Orb
|faint|p2a: Kingambit
|-end|p2a: Kingambit|fallen4|[silent]
|move|p1a: Dondozo|Wave Crash|p2: Kingambit|[notarget]
|-fail|p1a: Dondozo
|
|upkeep
|
|t:|1769386473
|switch|p2a: Zamazenta|Zamazenta|100/100
|-ability|p2a: Zamazenta|Dauntless Shield|boost
|-boost|p2a: Zamazenta|def|1
|turn|15
|-activate|p1a: Dondozo|item: Quick Claw
|
|t:|1769386479
|move|p1a: Dondozo|Wave Crash|p2a: Zamazenta
|-damage|p2a: Zamazenta|20/100
|-damage|p1a: Dondozo|0 fnt|[from] Recoil
|faint|p1a: Dondozo
|move|p2a: Zamazenta|Crunch|p1: Dondozo|[notarget]
|-fail|p2a: Zamazenta
|
|upkeep
|
|t:|1769386480
|switch|p1a: Glastrier|Glastrier|100/100
|turn|16
|
|t:|1769386488
|-terastallize|p1a: Glastrier|Ground
|move|p2a: Zamazenta|Close Combat|p1a: Glastrier
|-damage|p1a: Glastrier|45/100
|-unboost|p2a: Zamazenta|def|1
|-unboost|p2a: Zamazenta|spd|1
|-damage|p2a: Zamazenta|10/100|[from] item: Life Orb
|move|p1a: Glastrier|High Horsepower|p2a: Zamazenta
|-damage|p2a: Zamazenta|0 fnt
|faint|p2a: Zamazenta
|
|win|GottaGoFastBoiii
|raw|GottaGoFastBoiii's rating: 1441 &rarr; <strong>1461</strong><br />(+20 for winning)
|raw|May-sama's rating: 1438 &rarr; <strong>1418</strong><br />(-20 for losing)
|l|☆May-sama
|player|p2|
|l|☆GottaGoFastBoiii
|player|p1|
