|j|☆CryingDaniel
|j|☆G2Alvarito
|t:|1769422924
|gametype|singles
|player|p1|CryingDaniel|waitress-gen4|1140
|player|p2|G2Alvarito|102|1116
|gen|9
|tier|[Gen 9] OU
|rated|
|rule|HP Percentage Mod: HP is shown in percentages
|rule|Endless Battle Clause: Forcing endless battles is banned
|rule|Species Clause: Limit one of each Pokémon
|rule|OHKO Clause: OHKO moves are banned
|rule|Evasion Items Clause: Evasion items are banned
|rule|Evasion Moves Clause: Evasion moves are banned
|rule|Evasion Abilities Clause: Evasion abilities are banned
|rule|Sleep Moves Clause: Sleep-inducing moves are banned
|clearpoke
|poke|p1|Regigigas|
|poke|p1|Pelipper, F|
|poke|p1|Floatzel, M|
|poke|p1|Kingambit, F|
|poke|p1|Slowking-Galar, M|
|poke|p1|Forretress, F|
|poke|p2|Weezing, F|
|poke|p2|Amoonguss, M|
|poke|p2|Garchomp, F|
|poke|p2|Dragapult, M|
|poke|p2|Tentacruel, M|
|poke|p2|Samurott-Hisui, M|
|teampreview
|inactive|Battle timer is ON: inactive players will automatically lose when time's up. (requested by CryingDaniel)
|c|☆CryingDaniel|cool team
|
|t:|1769422951
|teamsize|p1|6
|teamsize|p2|6
|start
|switch|p1a: Kingambit|Kingambit, F|100/100
|switch|p2a: Garchomp|Garchomp, F|100/100
|-item|p1a: Kingambit|Air Balloon
|turn|1
|
|t:|1769422958
|move|p2a: Garchomp|Stealth Rock|p1a: Kingambit
|-sidestart|p1: CryingDaniel|move: Stealth Rock
|move|p1a: Kingambit|Stealth Rock|p2a: Garchomp
|-sidestart|p2: G2Alvarito|move: Stealth Rock
|
|upkeep
|turn|2
|
|t:|1769422968
|-end|p1a: Kingambit|fallenundefined|[silent]
|switch|p1a: Forretress|Forretress, F|100/100
|move|p2a: Garchomp|Spikes|p1a: Forretress
|-sidestart|p1: CryingDaniel|Spikes
|
|upkeep
|turn|3
|
|t:|1769422973
|move|p2a: Garchomp|Earthquake|p1a: Forretress
|-damage|p1a: Forretress|76/100
|move|p1a: Forretress|Spikes|p2a: Garchomp
|-sidestart|p2: G2Alvarito|Spikes
|
|upkeep
|turn|4
|
|t:|1769422982
|move|p2a: Garchomp|Earthquake|p1a: Forretress
|-damage|p1a: Forretress|53/100
|move|p1a: Forretress|Rapid Spin|p2a: Garchomp
|-damage|p2a: Garchomp|94/100
|-boost|p1a: Forretress|spe|1
|-damage|p1a: Forretress|41/100|[from] ability: Rough Skin|[of] p2a: Garchomp
|-damage|p1a: Forretress|24/100|[from] item: Rocky Helmet|[of] p2a: Garchomp
|-sideend|p1: CryingDaniel|Spikes|[from] move: Rapid Spin|[of] p1a: Forretress
|-sideend|p1: CryingDaniel|Stealth Rock|[from] move: Rapid Spin|[of] p1a: Forretress
|
|upkeep
|turn|5
|
|t:|1769422987
|switch|p2a: Dragapult|Dragapult, M|100/100
|-damage|p2a: Dragapult|88/100|[from] Stealth Rock
|-damage|p2a: Dragapult|76/100|[from] Spikes
|move|p1a: Forretress|Toxic Spikes|p2a: Dragapult
|-sidestart|p2: G2Alvarito|move: Toxic Spikes
|
|upkeep
|turn|6
|
|t:|1769422997
|switch|p2a: Tentacruel|Tentacruel, M|100/100
|-damage|p2a: Tentacruel|88/100|[from] Stealth Rock
|-damage|p2a: Tentacruel|76/100|[from] Spikes
|-sideend|p2: G2Alvarito|move: Toxic Spikes|[of] p2a: Tentacruel
|move|p1a: Forretress|Thunder Wave|p2a: Tentacruel
|-status|p2a: Tentacruel|par
|
|-heal|p2a: Tentacruel|82/100 par|[from] item: Black Sludge
|upkeep
|turn|7
|
|t:|1769423007
|move|p1a: Forretress|Spikes|p2a: Tentacruel
|-sidestart|p2: G2Alvarito|Spikes
|cant|p2a: Tentacruel|par
|
|-heal|p2a: Tentacruel|88/100 par|[from] item: Black Sludge
|upkeep
|turn|8
|
|t:|1769423013
|move|p1a: Forretress|Spikes|p2a: Tentacruel
|-sidestart|p2: G2Alvarito|Spikes
|cant|p2a: Tentacruel|par
|
|-heal|p2a: Tentacruel|94/100 par|[from] item: Black Sludge
|upkeep
|turn|9
|
|t:|1769423017
|move|p1a: Forretress|Toxic Spikes|p2a: Tentacruel
|-sidestart|p2: G2Alvarito|move: Toxic Spikes
|move|p2a: Tentacruel|Rapid Spin|p1a: Forretress
|-resisted|p1a: Forretress
|-damage|p1a: Forretress|22/100
|-boost|p2a: Tentacruel|spe|1
|-sideend|p2: G2Alvarito|Spikes|[from] move: Rapid Spin|[of] p2a: Tentacruel
|-sideend|p2: G2Alvarito|Toxic Spikes|[from] move: Rapid Spin|[of] p2a: Tentacruel
|-sideend|p2: G2Alvarito|Stealth Rock|[from] move: Rapid Spin|[of] p2a: Tentacruel
|
|-heal|p2a: Tentacruel|99/100 par|[from] item: Black Sludge
|upkeep
|turn|10
|
|t:|1769423025
|move|p2a: Tentacruel|Chilling Water|p1a: Forretress
|-damage|p1a: Forretress|1/100
|-unboost|p1a: Forretress|atk|1
|move|p1a: Forretress|Spikes|p2a: Tentacruel
|-sidestart|p2: G2Alvarito|Spikes
|
|-heal|p2a: Tentacruel|100/100 par|[from] item: Black Sludge
|upkeep
|turn|11
|
|t:|1769423035
|switch|p1a: Pelipper|Pelipper, F|100/100
|-weather|RainDance|[from] ability: Drizzle|[of] p1a: Pelipper
|move|p2a: Tentacruel|Rapid Spin|p1a: Pelipper
|-damage|p1a: Pelipper|95/100
|-boost|p2a: Tentacruel|spe|1
|-sideend|p2: G2Alvarito|Spikes|[from] move: Rapid Spin|[of] p2a: Tentacruel
|
|-weather|RainDance|[upkeep]
|upkeep
|turn|12
|
|t:|1769423053
|switch|p2a: Amoonguss|Amoonguss, M|100/100
|move|p1a: Pelipper|U-turn|p2a: Amoonguss
|-damage|p2a: Amoonguss|93/100
|
|t:|1769423062
|switch|p1a: Regigigas|Regigigas, shiny|100/100|[from] U-turn
|-start|p1a: Regigigas|ability: Slow Start
|
|-weather|RainDance|[upkeep]
|-heal|p2a: Amoonguss|99/100|[from] item: Black Sludge
|upkeep
|turn|13
|
|t:|1769423066
|move|p1a: Regigigas|Earth Power|p2a: Amoonguss
|-damage|p2a: Amoonguss|69/100
|-unboost|p2a: Amoonguss|spd|1
|move|p2a: Amoonguss|Toxic|p1a: Regigigas
|-status|p1a: Regigigas|tox
|
|-weather|RainDance|[upkeep]
|-heal|p2a: Amoonguss|75/100|[from] item: Black Sludge
|-damage|p1a: Regigigas|94/100 tox|[from] psn
|upkeep
|turn|14
|
|t:|1769423090
|move|p1a: Regigigas|Earth Power|p2a: Amoonguss
|-damage|p2a: Amoonguss|29/100
|move|p2a: Amoonguss|Giga Drain|p1a: Regigigas
|-damage|p1a: Regigigas|77/100 tox
|-heal|p2a: Amoonguss|37/100|[from] drain|[of] p1a: Regigigas
|
|-weather|RainDance|[upkeep]
|-heal|p2a: Amoonguss|44/100|[from] item: Black Sludge
|-damage|p1a: Regigigas|65/100 tox|[from] psn
|upkeep
|turn|15
|
|t:|1769423096
|move|p2a: Amoonguss|Protect|p2a: Amoonguss
|-singleturn|p2a: Amoonguss|Protect
|move|p1a: Regigigas|Earth Power|p2a: Amoonguss
|-activate|p2a: Amoonguss|move: Protect
|
|-weather|none
|-heal|p2a: Amoonguss|50/100|[from] item: Black Sludge
|-damage|p1a: Regigigas|47/100 tox|[from] psn
|upkeep
|turn|16
|
|t:|1769423102
|switch|p1a: Pelipper|Pelipper, F|95/100
|-weather|RainDance|[from] ability: Drizzle|[of] p1a: Pelipper
|switch|p2a: Weezing|Weezing, F|100/100
|
|-weather|RainDance|[upkeep]
|upkeep
|turn|17
|
|t:|1769423114
|switch|p2a: Amoonguss|Amoonguss, M|83/100
|move|p1a: Pelipper|Weather Ball|p2a: Amoonguss
|-resisted|p2a: Amoonguss
|-damage|p2a: Amoonguss|61/100
|
|-weather|RainDance|[upkeep]
|-heal|p2a: Amoonguss|68/100|[from] item: Black Sludge
|upkeep
|turn|18
|
|t:|1769423120
|move|p1a: Pelipper|Hurricane|p2a: Amoonguss
|-supereffective|p2a: Amoonguss
|-damage|p2a: Amoonguss|7/100
|move|p2a: Amoonguss|Toxic|p1a: Pelipper
|-status|p1a: Pelipper|tox
|
|-weather|RainDance|[upkeep]
|-heal|p2a: Amoonguss|13/100|[from] item: Black Sludge
|-damage|p1a: Pelipper|88/100 tox|[from] psn
|upkeep
|turn|19
|
|t:|1769423127
|switch|p1a: Floatzel|Floatzel, M, shiny|100/100
|move|p2a: Amoonguss|Protect||[still]
|-fail|p2a: Amoonguss
|
|-weather|RainDance|[upkeep]
|-heal|p2a: Amoonguss|19/100|[from] item: Black Sludge
|upkeep
|turn|20
|
|t:|1769423135
|switch|p2a: Samurott|Samurott-Hisui, M|100/100
|move|p1a: Floatzel|Wave Crash|p2a: Samurott
|-resisted|p2a: Samurott
|-crit|p2a: Samurott
|-damage|p2a: Samurott|11/100
|-damage|p1a: Floatzel|64/100|[from] Recoil
|
|-weather|none
|upkeep
|turn|21
|
|t:|1769423149
|switch|p2a: Garchomp|Garchomp, F|94/100
|move|p1a: Floatzel|Wave Crash|p2a: Garchomp
|-damage|p2a: Garchomp|34/100
|-damage|p1a: Floatzel|52/100|[from] ability: Rough Skin|[of] p2a: Garchomp
|-damage|p1a: Floatzel|36/100|[from] item: Rocky Helmet|[of] p2a: Garchomp
|-damage|p1a: Floatzel|9/100|[from] Recoil
|
|upkeep
|turn|22
|
|t:|1769423159
|switch|p1a: Pelipper|Pelipper, F|88/100 tox
|-weather|RainDance|[from] ability: Drizzle|[of] p1a: Pelipper
|move|p2a: Garchomp|Stealth Rock|p1a: Pelipper
|-sidestart|p1: CryingDaniel|move: Stealth Rock
|
|-weather|RainDance|[upkeep]
|-damage|p1a: Pelipper|82/100 tox|[from] psn
|upkeep
|turn|23
|
|t:|1769423178
|switch|p2a: Amoonguss|Amoonguss, M|52/100
|move|p1a: Pelipper|U-turn|p2a: Amoonguss
|-damage|p2a: Amoonguss|45/100
|
|t:|1769423185
|switch|p1a: Forretress|Forretress, F|1/100|[from] U-turn
|
|-weather|RainDance|[upkeep]
|-heal|p2a: Amoonguss|52/100|[from] item: Black Sludge
|upkeep
|turn|24
|
|t:|1769423193
|move|p1a: Forretress|Rapid Spin|p2a: Amoonguss
|-damage|p2a: Amoonguss|44/100
|-boost|p1a: Forretress|spe|1
|-sideend|p1: CryingDaniel|Stealth Rock|[from] move: Rapid Spin|[of] p1a: Forretress
|move|p2a: Amoonguss|Giga Drain|p1a: Forretress
|-resisted|p1a: Forretress
|-damage|p1a: Forretress|0 fnt
|-heal|p2a: Amoonguss|44/100|[from] drain|[of] p1a: Forretress
|faint|p1a: Forretress
|
|-weather|RainDance|[upkeep]
|-heal|p2a: Amoonguss|50/100|[from] item: Black Sludge
|upkeep
|
|t:|1769423197
|switch|p1a: Floatzel|Floatzel, M, shiny|9/100
|turn|25
|
|t:|1769423211
|move|p2a: Amoonguss|Protect|p2a: Amoonguss
|-singleturn|p2a: Amoonguss|Protect
|move|p1a: Floatzel|Ice Spinner|p2a: Amoonguss
|-activate|p2a: Amoonguss|move: Protect
|
|-weather|RainDance|[upkeep]
|-heal|p2a: Amoonguss|57/100|[from] item: Black Sludge
|upkeep
|turn|26
|
|t:|1769423226
|switch|p2a: Weezing|Weezing, F|100/100
|move|p1a: Floatzel|Ice Spinner|p2a: Weezing
|-damage|p2a: Weezing|74/100
|
|-weather|none
|-heal|p2a: Weezing|80/100|[from] item: Black Sludge
|upkeep
|turn|27
|
|t:|1769423235
|switch|p1a: Regigigas|Regigigas, shiny|47/100 tox
|-start|p1a: Regigigas|ability: Slow Start
|move|p2a: Weezing|Toxic Spikes|p1a: Regigigas
|-sidestart|p1: CryingDaniel|move: Toxic Spikes
|
|-heal|p2a: Weezing|86/100|[from] item: Black Sludge
|-damage|p1a: Regigigas|41/100 tox|[from] psn
|upkeep
|turn|28
|
|t:|1769423238
|move|p2a: Weezing|Toxic Spikes|p1a: Regigigas
|-sidestart|p1: CryingDaniel|move: Toxic Spikes
|move|p1a: Regigigas|Earth Power|p2a: Weezing
|-immune|p2a: Weezing|[from] ability: Levitate
|
|-heal|p2a: Weezing|92/100|[from] item: Black Sludge
|-damage|p1a: Regigigas|28/100 tox|[from] psn
|upkeep
|turn|29
|
|t:|1769423246
|switch|p1a: Pelipper|Pelipper, F|82/100 tox
|-weather|RainDance|[from] ability: Drizzle|[of] p1a: Pelipper
|move|p2a: Weezing|Clear Smog|p1a: Pelipper
|-damage|p1a: Pelipper|69/100 tox
|-clearboost|p1a: Pelipper
|
|-weather|RainDance|[upkeep]
|-heal|p2a: Weezing|98/100|[from] item: Black Sludge
|-damage|p1a: Pelipper|63/100 tox|[from] psn
|upkeep
|turn|30
|
|t:|1769423260
|switch|p2a: Tentacruel|Tentacruel, M|100/100 par
|move|p1a: Pelipper|U-turn|p2a: Tentacruel
|-resisted|p2a: Tentacruel
|-damage|p2a: Tentacruel|95/100 par
|
|t:|1769423265
|switch|p1a: Floatzel|Floatzel, M, shiny|9/100|[from] U-turn
|-status|p1a: Floatzel|tox
|
|-weather|RainDance|[upkeep]
|-heal|p2a: Tentacruel|100/100 par|[from] item: Black Sludge
|-damage|p1a: Floatzel|3/100 tox|[from] psn
|upkeep
|turn|31
|
|t:|1769423275
|cant|p2a: Tentacruel|par
|move|p1a: Floatzel|Wave Crash|p2a: Tentacruel
|-resisted|p2a: Tentacruel
|-damage|p2a: Tentacruel|8/100 par
|-damage|p1a: Floatzel|0 fnt|[from] Recoil
|faint|p1a: Floatzel
|
|-weather|RainDance|[upkeep]
|-heal|p2a: Tentacruel|14/100 par|[from] item: Black Sludge
|upkeep
|
|t:|1769423286
|switch|p1a: Regigigas|Regigigas, shiny|28/100 tox
|-start|p1a: Regigigas|ability: Slow Start
|turn|32
|
|t:|1769423293
|switch|p2a: Weezing|Weezing, F|98/100
|move|p1a: Regigigas|Thunder|p2a: Weezing
|-damage|p2a: Weezing|38/100
|-status|p2a: Weezing|par
|
|-weather|RainDance|[upkeep]
|-heal|p2a: Weezing|44/100 par|[from] item: Black Sludge
|-damage|p1a: Regigigas|22/100 tox|[from] psn
|upkeep
|turn|33
|
|t:|1769423299
|move|p2a: Weezing|Protect|p2a: Weezing
|-singleturn|p2a: Weezing|Protect
|move|p1a: Regigigas|Thunder|p2a: Weezing
|-activate|p2a: Weezing|move: Protect
|
|-weather|none
|-heal|p2a: Weezing|50/100 par|[from] item: Black Sludge
|-damage|p1a: Regigigas|10/100 tox|[from] psn
|upkeep
|turn|34
|
|t:|1769423305
|switch|p2a: Garchomp|Garchomp, F|34/100
|move|p1a: Regigigas|Thunder|p2a: Garchomp
|-immune|p2a: Garchomp
|
|-damage|p1a: Regigigas|0 fnt|[from] psn
|faint|p1a: Regigigas
|upkeep
|
|t:|1769423310
|switch|p1a: Pelipper|Pelipper, F|63/100 tox
|-weather|RainDance|[from] ability: Drizzle|[of] p1a: Pelipper
|turn|35
|
|t:|1769423319
|move|p2a: Garchomp|Stealth Rock|p1a: Pelipper
|-sidestart|p1: CryingDaniel|move: Stealth Rock
|move|p1a: Pelipper|Ice Beam|p2a: Garchomp
|-supereffective|p2a: Garchomp
|-damage|p2a: Garchomp|0 fnt
|faint|p2a: Garchomp
|
|-weather|RainDance|[upkeep]
|-damage|p1a: Pelipper|57/100 tox|[from] psn
|upkeep
|
|t:|1769423326
|switch|p2a: Samurott|Samurott-Hisui, M|11/100
|turn|36
|
|t:|1769423333
|move|p2a: Samurott|Ceaseless Edge|p1a: Pelipper
|-damage|p1a: Pelipper|30/100 tox
|-sidestart|p1: CryingDaniel|Spikes
|move|p1a: Pelipper|Hurricane|p2a: Samurott
|-damage|p2a: Samurott|0 fnt
|faint|p2a: Samurott
|
|-weather|RainDance|[upkeep]
|-damage|p1a: Pelipper|17/100 tox|[from] psn
|upkeep
|
|t:|1769423340
|switch|p2a: Tentacruel|Tentacruel, M|14/100 par
|turn|37
|
|t:|1769423346
|switch|p1a: Slowking|Slowking-Galar, M|100/100
|-sideend|p1: CryingDaniel|move: Toxic Spikes|[of] p1a: Slowking
|-damage|p1a: Slowking|88/100|[from] Stealth Rock
|-damage|p1a: Slowking|76/100|[from] Spikes
|move|p2a: Tentacruel|Protect||[still]
|-fail|p2a: Tentacruel
|
|-weather|RainDance|[upkeep]
|-heal|p2a: Tentacruel|20/100 par|[from] item: Black Sludge
|-heal|p1a: Slowking|82/100|[from] item: Leftovers
|upkeep
|turn|38
|
|t:|1769423359
|move|p2a: Tentacruel|Chilling Water|p1a: Slowking
|-damage|p1a: Slowking|69/100
|-unboost|p1a: Slowking|atk|1
|move|p1a: Slowking|Sludge Wave|p2a: Tentacruel
|-resisted|p2a: Tentacruel
|-damage|p2a: Tentacruel|9/100 par
|
|-weather|RainDance|[upkeep]
|-heal|p2a: Tentacruel|15/100 par|[from] item: Black Sludge
|-heal|p1a: Slowking|75/100|[from] item: Leftovers
|upkeep
|turn|39
|
|t:|1769423369
|move|p2a: Tentacruel|Chilling Water|p1a: Slowking
|-damage|p1a: Slowking|61/100
|-unboost|p1a: Slowking|atk|1
|move|p1a: Slowking|Sludge Wave|p2a: Tentacruel
|-resisted|p2a: Tentacruel
|-damage|p2a: Tentacruel|3/100 par
|
|-weather|none
|-heal|p2a: Tentacruel|9/100 par|[from] item: Black Sludge
|-heal|p1a: Slowking|68/100|[from] item: Leftovers
|upkeep
|turn|40
|
|t:|1769423376
|cant|p2a: Tentacruel|par
|move|p1a: Slowking|Sludge Wave|p2a: Tentacruel
|-resisted|p2a: Tentacruel
|-damage|p2a: Tentacruel|0 fnt
|faint|p2a: Tentacruel
|
|-heal|p1a: Slowking|74/100|[from] item: Leftovers
|upkeep
|
|t:|1769423380
|switch|p2a: Dragapult|Dragapult, M|76/100
|turn|41
|
|t:|1769423386
|switch|p1a: Pelipper|Pelipper, F|17/100 tox
|-damage|p1a: Pelipper|0 fnt|[from] Stealth Rock
|faint|p1a: Pelipper
|move|p2a: Dragapult|Shadow Ball|p1: Pelipper|[notarget]
|-fail|p2a: Dragapult
|
|upkeep
|
|t:|1769423393
|switch|p1a: Kingambit|Kingambit, F|100/100
|-damage|p1a: Kingambit|94/100|[from] Stealth Rock
|-activate|p1a: Kingambit|ability: Supreme Overlord
|-start|p1a: Kingambit|fallen4|[silent]
|-item|p1a: Kingambit|Air Balloon
|turn|42
|
|t:|1769423402
|move|p1a: Kingambit|Sucker Punch|p2a: Dragapult
|-supereffective|p2a: Dragapult
|-damage|p2a: Dragapult|0 fnt
|faint|p2a: Dragapult
|
|upkeep
|
|t:|1769423410
|switch|p2a: Amoonguss|Amoonguss, M|90/100
|turn|43
|
|t:|1769423417
|move|p1a: Kingambit|Swords Dance|p1a: Kingambit
|-boost|p1a: Kingambit|atk|2
|move|p2a: Amoonguss|Giga Drain|p1a: Kingambit
|-resisted|p1a: Kingambit
|-damage|p1a: Kingambit|84/100
|-heal|p2a: Amoonguss|95/100|[from] drain|[of] p1a: Kingambit
|-enditem|p1a: Kingambit|Air Balloon
|
|-heal|p2a: Amoonguss|100/100|[from] item: Black Sludge
|upkeep
|turn|44
|-message|G2Alvarito forfeited.
|
|win|CryingDaniel
|raw|CryingDaniel's rating: 1140 &rarr; <strong>1163</strong><br />(+23 for winning)
|raw|G2Alvarito's rating: 1116 &rarr; <strong>1093</strong><br />(-23 for losing)
|l|☆G2Alvarito
|player|p2|
|l|☆CryingDaniel
|player|p1|
