|j|☆esquimilo
|j|☆zahtoo
|t:|1769363818
|gametype|singles
|player|p1|esquimilo|102|1209
|player|p2|zahtoo|clair|1294
|gen|9
|tier|[Gen 9] OU
|rated|
|rule|HP Percentage Mod: HP is shown in percentages
|rule|Endless Battle Clause: Forcing endless battles is banned
|rule|Species Clause: Limit one of each Pokémon
|rule|OHKO Clause: OHKO moves are banned
|rule|Evasion Items Clause: Evasion items are banned
|rule|Evasion Moves Clause: Evasion moves are banned
|rule|Evasion Abilities Clause: Evasion abilities are banned
|rule|Sleep Moves Clause: Sleep-inducing moves are banned
|clearpoke
|poke|p1|Iron Hands|
|poke|p1|Rillaboom, F|
|poke|p1|Ursaluna, F|
|poke|p1|Iron Treads|
|poke|p1|Darkrai|
|poke|p1|Hatterene, F|
|poke|p2|Ninetales-Alola, F|
|poke|p2|Eiscue, M|
|poke|p2|Ogerpon-Wellspring, F|
|poke|p2|Ceruledge, F|
|poke|p2|Kingambit, F|
|poke|p2|Iron Moth|
|teampreview
|inactive|Battle timer is ON: inactive players will automatically lose when time's up. (requested by zahtoo)
|
|t:|1769363837
|teamsize|p1|6
|teamsize|p2|6
|start
|switch|p1a: Rillaboom|Rillaboom, F, shiny|100/100
|switch|p2a: Ninetales|Ninetales-Alola, F|100/100
|-weather|Snowscape|[from] ability: Snow Warning|[of] p2a: Ninetales
|-fieldstart|move: Grassy Terrain|[from] ability: Grassy Surge|[of] p1a: Rillaboom
|turn|1
|
|t:|1769363852
|move|p2a: Ninetales|Aurora Veil|p2a: Ninetales
|-sidestart|p2: zahtoo|move: Aurora Veil
|move|p1a: Rillaboom|Knock Off|p2a: Ninetales
|-resisted|p2a: Ninetales
|-damage|p2a: Ninetales|92/100
|-enditem|p2a: Ninetales|Light Clay|[from] move: Knock Off|[of] p1a: Rillaboom
|
|-weather|Snowscape|[upkeep]
|-heal|p2a: Ninetales|98/100|[from] Grassy Terrain
|upkeep
|turn|2
|
|t:|1769363878
|switch|p2a: My Nightmare|Eiscue, M, shiny|100/100
|move|p1a: Rillaboom|U-turn|p2a: My Nightmare
|-activate|p2a: My Nightmare|ability: Ice Face
|-damage|p2a: My Nightmare|100/100
|detailschange|p2a: My Nightmare|Eiscue-Noice, M, shiny
|
|t:|1769363884
|switch|p1a: Iron Hands|Iron Hands|100/100|[from] U-turn
|
|-weather|Snowscape|[upkeep]
|upkeep
|turn|3
|l|☆esquimilo
|inactive|esquimilo disconnected and has a minute to reconnect!
|player|p1|
|
|t:|1769363897
|move|p2a: My Nightmare|Belly Drum|p2a: My Nightmare
|-damage|p2a: My Nightmare|50/100
|-setboost|p2a: My Nightmare|atk|6|[from] move: Belly Drum
|move|p1a: Iron Hands|Swords Dance|p1a: Iron Hands
|-boost|p1a: Iron Hands|atk|2
|
|-weather|Snowscape|[upkeep]
|-heal|p2a: My Nightmare|57/100|[from] Grassy Terrain
|upkeep
|turn|4
|j|☆esquimilo
|inactive|esquimilo reconnected and has 120 seconds left.
|player|p1|esquimilo|102|
|
|t:|1769363928
|move|p2a: My Nightmare|Substitute|p2a: My Nightmare
|-start|p2a: My Nightmare|Substitute
|-damage|p2a: My Nightmare|32/100
|move|p1a: Iron Hands|Drain Punch|p2a: My Nightmare
|-supereffective|p2a: My Nightmare
|-end|p2a: My Nightmare|Substitute
|
|-weather|Snowscape|[upkeep]
|-heal|p2a: My Nightmare|38/100|[from] Grassy Terrain
|upkeep
|turn|5
|
|t:|1769363940
|move|p2a: My Nightmare|Icicle Crash|p1a: Iron Hands
|-damage|p1a: Iron Hands|36/100
|move|p1a: Iron Hands|Drain Punch|p2a: My Nightmare
|-supereffective|p2a: My Nightmare
|-damage|p2a: My Nightmare|0 fnt
|-heal|p1a: Iron Hands|47/100|[from] drain|[of] p2a: My Nightmare
|faint|p2a: My Nightmare
|
|-weather|none
|-heal|p1a: Iron Hands|53/100|[from] Grassy Terrain
|-heal|p1a: Iron Hands|59/100|[from] item: Leftovers
|upkeep
|
|t:|1769363950
|switch|p2a: Ninetales|Ninetales-Alola, F|98/100
|-weather|Snowscape|[from] ability: Snow Warning|[of] p2a: Ninetales
|turn|6
|
|t:|1769363953
|move|p2a: Ninetales|Moonblast|p1a: Iron Hands
|-supereffective|p1a: Iron Hands
|-damage|p1a: Iron Hands|0 fnt
|faint|p1a: Iron Hands
|-end|p1a: Iron Hands|Quark Drive|[silent]
|
|-weather|Snowscape|[upkeep]
|-heal|p2a: Ninetales|100/100|[from] Grassy Terrain
|upkeep
|
|t:|1769363956
|switch|p1a: Ursaluna|Ursaluna, F|100/100
|turn|7
|
|t:|1769363964
|move|p2a: Ninetales|Nasty Plot|p2a: Ninetales
|-boost|p2a: Ninetales|spa|2
|move|p1a: Ursaluna|Bulk Up|p1a: Ursaluna
|-boost|p1a: Ursaluna|atk|1
|-boost|p1a: Ursaluna|def|1
|
|-weather|Snowscape|[upkeep]
|upkeep
|turn|8
|
|t:|1769363970
|move|p2a: Ninetales|Moonblast|p1a: Ursaluna
|-damage|p1a: Ursaluna|49/100
|move|p1a: Ursaluna|Body Slam|p2a: Ninetales
|-damage|p2a: Ninetales|69/100
|
|-weather|Snowscape|[upkeep]
|-heal|p2a: Ninetales|75/100|[from] Grassy Terrain
|-heal|p1a: Ursaluna|55/100|[from] Grassy Terrain
|-heal|p1a: Ursaluna|61/100|[from] item: Leftovers
|-sideend|p2: zahtoo|move: Aurora Veil
|-fieldend|move: Grassy Terrain
|upkeep
|turn|9
|
|t:|1769363978
|move|p1a: Ursaluna|Protect|p1a: Ursaluna
|-singleturn|p1a: Ursaluna|Protect
|move|p2a: Ninetales|Aurora Veil|p2a: Ninetales
|-sidestart|p2: zahtoo|move: Aurora Veil
|
|-weather|Snowscape|[upkeep]
|-heal|p1a: Ursaluna|68/100|[from] item: Leftovers
|upkeep
|turn|10
|
|t:|1769363982
|move|p2a: Ninetales|Moonblast|p1a: Ursaluna
|-damage|p1a: Ursaluna|17/100
|move|p1a: Ursaluna|Body Slam|p2a: Ninetales
|-damage|p2a: Ninetales|48/100
|
|-weather|none
|-heal|p1a: Ursaluna|23/100|[from] item: Leftovers
|upkeep
|turn|11
|
|t:|1769363987
|move|p1a: Ursaluna|Protect|p1a: Ursaluna
|-singleturn|p1a: Ursaluna|Protect
|move|p2a: Ninetales|Moonblast|p1a: Ursaluna
|-activate|p1a: Ursaluna|move: Protect
|
|-heal|p1a: Ursaluna|29/100|[from] item: Leftovers
|upkeep
|turn|12
|
|t:|1769363993
|switch|p1a: Iron Treads|Iron Treads|100/100
|-item|p1a: Iron Treads|Air Balloon
|move|p2a: Ninetales|Moonblast|p1a: Iron Treads
|-resisted|p1a: Iron Treads
|-damage|p1a: Iron Treads|52/100
|-unboost|p1a: Iron Treads|spa|1
|-enditem|p1a: Iron Treads|Air Balloon
|
|upkeep
|turn|13
|
|t:|1769364002
|-terastallize|p2a: Ninetales|Fire
|move|p2a: Ninetales|Tera Blast|p1a: Iron Treads|[anim] Tera Blast Fire
|-supereffective|p1a: Iron Treads
|-crit|p1a: Iron Treads
|-damage|p1a: Iron Treads|0 fnt
|faint|p1a: Iron Treads
|-end|p1a: Iron Treads|Quark Drive|[silent]
|
|-sideend|p2: zahtoo|move: Aurora Veil
|upkeep
|
|t:|1769364007
|switch|p1a: Darkrai|Darkrai|100/100
|turn|14
|
|t:|1769364013
|switch|p2a: Kingambit|Kingambit, F|100/100
|-activate|p2a: Kingambit|ability: Supreme Overlord
|-start|p2a: Kingambit|fallen1|[silent]
|move|p1a: Darkrai|Trick|p2a: Kingambit
|-activate|p1a: Darkrai|move: Trick|[of] p2a: Kingambit
|-item|p2a: Kingambit|Choice Scarf|[from] move: Trick
|-item|p1a: Darkrai|Leftovers|[from] move: Trick
|
|upkeep
|turn|15
|
|t:|1769364021
|move|p1a: Darkrai|Will-O-Wisp|p2a: Kingambit
|-status|p2a: Kingambit|brn
|move|p2a: Kingambit|Iron Head|p1a: Darkrai
|-damage|p1a: Darkrai|65/100
|
|-heal|p1a: Darkrai|71/100|[from] item: Leftovers
|-damage|p2a: Kingambit|94/100 brn|[from] brn
|upkeep
|turn|16
|
|t:|1769364030
|switch|p1a: Rillaboom|Rillaboom, F, shiny|100/100
|-fieldstart|move: Grassy Terrain|[from] ability: Grassy Surge|[of] p1a: Rillaboom
|-end|p2a: Kingambit|fallen1|[silent]
|switch|p2a: Iron Moth|Iron Moth|100/100
|-enditem|p2a: Iron Moth|Booster Energy
|-activate|p2a: Iron Moth|ability: Quark Drive|[fromitem]
|-start|p2a: Iron Moth|quarkdrivespe
|
|upkeep
|turn|17
|l|☆esquimilo
|inactive|esquimilo disconnected and has a minute to reconnect!
|player|p1|
|j|☆esquimilo
|inactive|esquimilo reconnected and has 140 seconds left.
|player|p1|esquimilo|102|
|
|t:|1769364050
|move|p2a: Iron Moth|Substitute|p2a: Iron Moth
|-start|p2a: Iron Moth|Substitute
|-damage|p2a: Iron Moth|76/100
|move|p1a: Rillaboom|U-turn|p2a: Iron Moth
|-resisted|p2a: Iron Moth
|-activate|p2a: Iron Moth|move: Substitute|[damage]
|
|t:|1769364056
|switch|p1a: Ursaluna|Ursaluna, F|29/100|[from] U-turn
|
|-heal|p2a: Iron Moth|82/100|[from] Grassy Terrain
|-heal|p1a: Ursaluna|36/100|[from] Grassy Terrain
|-heal|p1a: Ursaluna|42/100|[from] item: Leftovers
|upkeep
|turn|18
|
|t:|1769364061
|move|p1a: Ursaluna|Protect|p1a: Ursaluna
|-singleturn|p1a: Ursaluna|Protect
|move|p2a: Iron Moth|Fiery Dance|p1a: Ursaluna
|-activate|p1a: Ursaluna|move: Protect
|
|-heal|p2a: Iron Moth|88/100|[from] Grassy Terrain
|-heal|p1a: Ursaluna|48/100|[from] Grassy Terrain
|-heal|p1a: Ursaluna|54/100|[from] item: Leftovers
|upkeep
|turn|19
|
|t:|1769364066
|move|p2a: Iron Moth|Fiery Dance|p1a: Ursaluna
|-damage|p1a: Ursaluna|28/100
|-boost|p2a: Iron Moth|spa|1
|move|p1a: Ursaluna|Body Slam|p2a: Iron Moth
|-end|p2a: Iron Moth|Substitute
|
|-heal|p2a: Iron Moth|94/100|[from] Grassy Terrain
|-heal|p1a: Ursaluna|34/100|[from] Grassy Terrain
|-heal|p1a: Ursaluna|40/100|[from] item: Leftovers
|upkeep
|turn|20
|
|t:|1769364071
|move|p2a: Iron Moth|Fiery Dance|p1a: Ursaluna
|-damage|p1a: Ursaluna|0 fnt
|-boost|p2a: Iron Moth|spa|1
|faint|p1a: Ursaluna
|
|-heal|p2a: Iron Moth|99/100|[from] Grassy Terrain
|upkeep
|
|t:|1769364079
|switch|p1a: Darkrai|Darkrai|71/100
|turn|21
|
|t:|1769364082
|move|p2a: Iron Moth|Sludge Wave|p1a: Darkrai
|-damage|p1a: Darkrai|0 fnt
|faint|p1a: Darkrai
|
|-heal|p2a: Iron Moth|100/100|[from] Grassy Terrain
|upkeep
|l|☆esquimilo
|inactive|esquimilo disconnected and has a minute to reconnect!
|player|p1|
|inactive|esquimilo has 30 seconds to reconnect!
|inactive|esquimilo has 20 seconds to reconnect!
|inactive|esquimilo has 15 seconds to reconnect!
|inactive|esquimilo has 10 seconds to reconnect!
|inactive|esquimilo has 5 seconds to reconnect!
|-message|esquimilo lost due to inactivity.
|
|win|zahtoo
|raw|esquimilo's rating: 1209 &rarr; <strong>1190</strong><br />(-19 for losing)
|raw|zahtoo's rating: 1294 &rarr; <strong>1313</strong><br />(+19 for winning)
|l|☆zahtoo
|player|p2|
