|j|☆Patxongo
|j|☆Jules93
|t:|1769440014
|gametype|singles
|player|p1|Patxongo|lyra|1159
|player|p2|Jules93|2|1115
|gen|9
|tier|[Gen 9] OU
|rated|
|rule|HP Percentage Mod: HP is shown in percentages
|rule|Endless Battle Clause: Forcing endless battles is banned
|rule|Species Clause: Limit one of each Pokémon
|rule|OHKO Clause: OHKO moves are banned
|rule|Evasion Items Clause: Evasion items are banned
|rule|Evasion Moves Clause: Evasion moves are banned
|rule|Evasion Abilities Clause: Evasion abilities are banned
|rule|Sleep Moves Clause: Sleep-inducing moves are banned
|clearpoke
|poke|p1|Weavile, F|
|poke|p1|Dragonite, F|
|poke|p1|Gliscor, F|
|poke|p1|Clefable, F|
|poke|p1|Corviknight, F|
|poke|p1|Ting-Lu|
|poke|p2|Arcanine, M|
|poke|p2|Scyther, M|
|poke|p2|Gengar, F|
|poke|p2|Blastoise, M|
|poke|p2|Magneton|
|poke|p2|Snorlax, M|
|teampreview
|
|t:|1769440030
|teamsize|p1|6
|teamsize|p2|6
|start
|switch|p1a: Clefable|Clefable, F|100/100
|switch|p2a: Magneton|Magneton|100/100
|-item|p2a: Magneton|Air Balloon
|turn|1
|inactive|Battle timer is ON: inactive players will automatically lose when time's up. (requested by Patxongo)
|
|t:|1769440039
|-terastallize|p2a: Magneton|Electric
|move|p2a: Magneton|Magnet Rise|p2a: Magneton
|-start|p2a: Magneton|Magnet Rise
|move|p1a: Clefable|Calm Mind|p1a: Clefable
|-boost|p1a: Clefable|spa|1
|-boost|p1a: Clefable|spd|1
|
|upkeep
|turn|2
|
|t:|1769440051
|move|p2a: Magneton|Flash Cannon|p1a: Clefable
|-supereffective|p1a: Clefable
|-crit|p1a: Clefable
|-damage|p1a: Clefable|1/100
|move|p1a: Clefable|Moonblast|p2a: Magneton
|-damage|p2a: Magneton|31/100
|-unboost|p2a: Magneton|spa|1
|-enditem|p2a: Magneton|Air Balloon
|
|upkeep
|turn|3
|
|t:|1769440070
|switch|p1a: Gliscor|Gliscor, F|100/100
|move|p2a: Magneton|Flash Cannon|p1a: Gliscor
|-damage|p1a: Gliscor|77/100
|
|-status|p1a: Gliscor|tox|[from] item: Toxic Orb
|upkeep
|turn|4
|
|t:|1769440081
|move|p1a: Gliscor|Knock Off|p2a: Magneton
|-damage|p2a: Magneton|13/100
|move|p2a: Magneton|Flash Cannon|p1a: Gliscor
|-damage|p1a: Gliscor|55/100 tox
|
|-heal|p1a: Gliscor|67/100 tox|[from] ability: Poison Heal
|upkeep
|turn|5
|
|t:|1769440094
|move|p1a: Gliscor|Knock Off|p2a: Magneton
|-damage|p2a: Magneton|0 fnt
|faint|p2a: Magneton
|
|-heal|p1a: Gliscor|80/100 tox|[from] ability: Poison Heal
|upkeep
|
|t:|1769440103
|switch|p2a: Snorlax|Snorlax, M|100/100
|turn|6
|
|t:|1769440108
|move|p1a: Gliscor|Knock Off|p2a: Snorlax
|-damage|p2a: Snorlax|90/100
|move|p2a: Snorlax|Ice Punch|p1a: Gliscor
|-supereffective|p1a: Gliscor
|-damage|p1a: Gliscor|18/100 tox
|
|-heal|p1a: Gliscor|31/100 tox|[from] ability: Poison Heal
|upkeep
|turn|7
|
|t:|1769440118
|switch|p1a: Corviknight|Corviknight, F|100/100
|-ability|p1a: Corviknight|Pressure
|move|p2a: Snorlax|Ice Punch|p1a: Corviknight
|-damage|p1a: Corviknight|87/100
|-damage|p2a: Snorlax|74/100|[from] item: Rocky Helmet|[of] p1a: Corviknight
|
|upkeep
|turn|8
|
|t:|1769440132
|switch|p1a: Ting-Lu|Ting-Lu|100/100
|-ability|p1a: Ting-Lu|Vessel of Ruin
|move|p2a: Snorlax|Protect||[still]
|-fail|p2a: Snorlax
|
|upkeep
|turn|9
|
|t:|1769440142
|move|p1a: Ting-Lu|Stealth Rock|p2a: Snorlax
|-sidestart|p2: Jules93|move: Stealth Rock
|move|p2a: Snorlax|Ice Punch|p1a: Ting-Lu
|-supereffective|p1a: Ting-Lu
|-crit|p1a: Ting-Lu
|-damage|p1a: Ting-Lu|65/100
|
|-heal|p1a: Ting-Lu|72/100|[from] item: Leftovers
|upkeep
|turn|10
|
|t:|1769440155
|move|p2a: Snorlax|Protect|p2a: Snorlax
|-singleturn|p2a: Snorlax|Protect
|move|p1a: Ting-Lu|Spikes|p2a: Snorlax
|-sidestart|p2: Jules93|Spikes
|
|-heal|p1a: Ting-Lu|78/100|[from] item: Leftovers
|upkeep
|turn|11
|
|t:|1769440181
|move|p1a: Ting-Lu|Ruination|p2a: Snorlax
|-damage|p2a: Snorlax|37/100
|move|p2a: Snorlax|Ice Punch|p1a: Ting-Lu
|-supereffective|p1a: Ting-Lu
|-damage|p1a: Ting-Lu|56/100
|
|-heal|p1a: Ting-Lu|62/100|[from] item: Leftovers
|upkeep
|turn|12
|
|t:|1769440193
|switch|p1a: Weavile|Weavile, F|100/100
|-ability|p1a: Weavile|Pressure
|move|p2a: Snorlax|Ice Punch|p1a: Weavile
|-resisted|p1a: Weavile
|-damage|p1a: Weavile|85/100
|
|upkeep
|turn|13
|
|t:|1769440205
|move|p2a: Snorlax|Protect|p2a: Snorlax
|-singleturn|p2a: Snorlax|Protect
|move|p1a: Weavile|Icicle Crash|p2a: Snorlax
|-activate|p2a: Snorlax|move: Protect
|
|upkeep
|turn|14
|inactive|Jules93 has 120 seconds left.
|
|t:|1769440231
|switch|p2a: Blastoise|Blastoise, M|100/100
|-damage|p2a: Blastoise|88/100|[from] Stealth Rock
|-damage|p2a: Blastoise|76/100|[from] Spikes
|move|p1a: Weavile|Icicle Crash|p2a: Blastoise
|-resisted|p2a: Blastoise
|-damage|p2a: Blastoise|56/100
|
|upkeep
|turn|15
|inactive|Jules93 has 120 seconds left.
|
|t:|1769440243
|move|p1a: Weavile|Knock Off|p2a: Blastoise
|-damage|p2a: Blastoise|26/100
|move|p2a: Blastoise|Body Press|p1a: Weavile
|-supereffective|p1a: Weavile
|-damage|p1a: Weavile|0 fnt
|faint|p1a: Weavile
|
|upkeep
|
|t:|1769440254
|switch|p1a: Dragonite|Dragonite, F|100/100
|turn|16
|inactive|Jules93 has 120 seconds left.
|
|t:|1769440267
|move|p2a: Blastoise|Crunch|p1a: Dragonite
|-damage|p1a: Dragonite|92/100
|move|p1a: Dragonite|Dragon Dance|p1a: Dragonite
|-boost|p1a: Dragonite|atk|1
|-boost|p1a: Dragonite|spe|1
|
|upkeep
|turn|17
|
|t:|1769440274
|move|p1a: Dragonite|Earthquake|p2a: Blastoise
|-damage|p2a: Blastoise|0 fnt
|faint|p2a: Blastoise
|
|upkeep
|
|t:|1769440278
|switch|p2a: Snorlax|Snorlax, M|37/100
|-damage|p2a: Snorlax|25/100|[from] Stealth Rock
|-damage|p2a: Snorlax|12/100|[from] Spikes
|turn|18
|
|t:|1769440284
|move|p1a: Dragonite|Earthquake|p2a: Snorlax
|-damage|p2a: Snorlax|0 fnt
|faint|p2a: Snorlax
|
|upkeep
|
|t:|1769440294
|switch|p2a: Gengar|Gengar, F|100/100
|-damage|p2a: Gengar|88/100|[from] Stealth Rock
|-damage|p2a: Gengar|76/100|[from] Spikes
|turn|19
|
|t:|1769440302
|move|p1a: Dragonite|Earthquake|p2a: Gengar
|-supereffective|p2a: Gengar
|-damage|p2a: Gengar|0 fnt
|faint|p2a: Gengar
|
|upkeep
|
|t:|1769440307
|switch|p2a: Scyther|Scyther, M|100/100
|-damage|p2a: Scyther|51/100|[from] Stealth Rock
|turn|20
|
|t:|1769440314
|move|p1a: Dragonite|Extreme Speed|p2a: Scyther
|-damage|p2a: Scyther|0 fnt
|faint|p2a: Scyther
|
|upkeep
|
|t:|1769440318
|switch|p2a: Arcanine|Arcanine, M|100/100
|-damage|p2a: Arcanine|76/100|[from] Stealth Rock
|-damage|p2a: Arcanine|63/100|[from] Spikes
|-ability|p2a: Arcanine|Intimidate|boost
|-unboost|p1a: Dragonite|atk|1
|turn|21
|
|t:|1769440324
|move|p2a: Arcanine|Extreme Speed|p1a: Dragonite
|-damage|p1a: Dragonite|76/100
|move|p1a: Dragonite|Earthquake|p2a: Arcanine
|-supereffective|p2a: Arcanine
|-damage|p2a: Arcanine|0 fnt
|faint|p2a: Arcanine
|
|win|Patxongo
|raw|Patxongo's rating: 1159 &rarr; <strong>1181</strong><br />(+22 for winning)
|raw|Jules93's rating: 1115 &rarr; <strong>1093</strong><br />(-22 for losing)
|l|☆Patxongo
|player|p1|
