|j|☆Hot dry noodles
|j|☆aerodynamite
|t:|1769305280
|gametype|singles
|player|p1|Hot dry noodles|blackbelt-gen4dp|1271
|player|p2|aerodynamite|unknown|1209
|gen|9
|tier|[Gen 9] OU
|rated|
|rule|HP Percentage Mod: HP is shown in percentages
|rule|Endless Battle Clause: Forcing endless battles is banned
|rule|Species Clause: Limit one of each Pokémon
|rule|OHKO Clause: OHKO moves are banned
|rule|Evasion Items Clause: Evasion items are banned
|rule|Evasion Moves Clause: Evasion moves are banned
|rule|Evasion Abilities Clause: Evasion abilities are banned
|rule|Sleep Moves Clause: Sleep-inducing moves are banned
|clearpoke
|poke|p1|Comfey, M|
|poke|p1|Whimsicott, M|
|poke|p1|Iron Moth|
|poke|p1|Walking Wake|
|poke|p1|Great Tusk|
|poke|p1|Ninetales, F|
|poke|p2|Rillaboom, F|
|poke|p2|Zarude-Dada|
|poke|p2|Slaking, M|
|poke|p2|Munkidori, M|
|poke|p2|Infernape, M|
|poke|p2|Ambipom, M|
|teampreview
|inactive|Battle timer is ON: inactive players will automatically lose when time's up. (requested by aerodynamite)
|
|t:|1769305295
|teamsize|p1|6
|teamsize|p2|6
|start
|switch|p1a: Ninetales|Ninetales, F|100/100
|switch|p2a: Ambipom|Ambipom, M|100/100
|-weather|SunnyDay|[from] ability: Drought|[of] p1a: Ninetales
|turn|1
|
|t:|1769305323
|switch|p1a: Comfey|Comfey, M|100/100
|move|p2a: Ambipom|Fake Out|p1a: Comfey
|-damage|p1a: Comfey|70/100
|
|-weather|SunnyDay|[upkeep]
|upkeep
|turn|2
|
|t:|1769305334
|move|p1a: Comfey|Synthesis|p1a: Comfey
|-heal|p1a: Comfey|100/100
|move|p2a: Ambipom|Triple Axel|p1a: Comfey
|-damage|p1a: Comfey|89/100
|-damage|p1a: Comfey|68/100
|-damage|p1a: Comfey|35/100
|-hitcount|p1a: Comfey|3
|
|-weather|SunnyDay|[upkeep]
|upkeep
|turn|3
|
|t:|1769305345
|move|p1a: Comfey|Synthesis|p1a: Comfey
|-heal|p1a: Comfey|100/100
|move|p2a: Ambipom|Knock Off|p1a: Comfey
|-resisted|p1a: Comfey
|-damage|p1a: Comfey|84/100
|-enditem|p1a: Comfey|Life Orb|[from] move: Knock Off|[of] p2a: Ambipom
|
|-weather|SunnyDay|[upkeep]
|upkeep
|turn|4
|
|t:|1769305357
|move|p2a: Ambipom|Triple Axel|p1a: Comfey
|-damage|p1a: Comfey|73/100
|-damage|p1a: Comfey|53/100
|-damage|p1a: Comfey|20/100
|-hitcount|p1a: Comfey|3
|move|p1a: Comfey|Growth|p1a: Comfey
|-boost|p1a: Comfey|atk|2
|-boost|p1a: Comfey|spa|2
|
|-weather|SunnyDay|[upkeep]
|upkeep
|turn|5
|
|t:|1769305370
|move|p1a: Comfey|Synthesis|p1a: Comfey
|-heal|p1a: Comfey|86/100
|move|p2a: Ambipom|Triple Axel|p1a: Comfey
|-damage|p1a: Comfey|77/100
|-hitcount|p1a: Comfey|1
|
|-weather|SunnyDay|[upkeep]
|upkeep
|turn|6
|
|t:|1769305381
|move|p1a: Comfey|Draining Kiss|p2a: Ambipom
|-damage|p2a: Ambipom|26/100
|-heal|p1a: Comfey|100/100|[from] drain|[of] p2a: Ambipom
|move|p2a: Ambipom|Triple Axel|p1a: Comfey
|-damage|p1a: Comfey|91/100
|-damage|p1a: Comfey|70/100
|-damage|p1a: Comfey|36/100
|-hitcount|p1a: Comfey|3
|
|-weather|SunnyDay|[upkeep]
|upkeep
|turn|7
|c|☆aerodynamite|Bad monke
|
|t:|1769305394
|move|p1a: Comfey|Draining Kiss|p2a: Ambipom
|-damage|p2a: Ambipom|0 fnt
|-heal|p1a: Comfey|55/100|[from] drain|[of] p2a: Ambipom
|faint|p2a: Ambipom
|
|-weather|SunnyDay|[upkeep]
|upkeep
|
|t:|1769305402
|switch|p2a: Slaking|Slaking, M|100/100
|turn|8
|
|t:|1769305412
|move|p1a: Comfey|Draining Kiss|p2a: Slaking
|-damage|p2a: Slaking|52/100
|-heal|p1a: Comfey|100/100|[from] drain|[of] p2a: Slaking
|move|p2a: Slaking|Double-Edge|p1a: Comfey
|-damage|p1a: Comfey|0 fnt
|faint|p1a: Comfey
|-damage|p2a: Slaking|29/100|[from] Recoil
|
|-weather|none
|upkeep
|
|t:|1769305425
|switch|p1a: Ninetales|Ninetales, F|100/100
|-weather|SunnyDay|[from] ability: Drought|[of] p1a: Ninetales
|turn|9
|
|t:|1769305436
|switch|p2a: Infernape|Infernape, M|100/100
|switch|p1a: Great Tusk|Great Tusk|100/100
|-activate|p1a: Great Tusk|ability: Protosynthesis
|-start|p1a: Great Tusk|protosynthesisspe
|
|-weather|SunnyDay|[upkeep]
|upkeep
|turn|10
|inactive|Hot dry noodles has 120 seconds left.
|
|t:|1769305468
|-terastallize|p1a: Great Tusk|Fire
|move|p1a: Great Tusk|Headlong Rush|p2a: Infernape
|-supereffective|p2a: Infernape
|-damage|p2a: Infernape|0 fnt
|-unboost|p1a: Great Tusk|def|1
|-unboost|p1a: Great Tusk|spd|1
|faint|p2a: Infernape
|
|-weather|SunnyDay|[upkeep]
|upkeep
|
|t:|1769305478
|switch|p2a: Rillaboom|Rillaboom, F|100/100
|-fieldstart|move: Grassy Terrain|[from] ability: Grassy Surge|[of] p2a: Rillaboom
|turn|11
|
|t:|1769305485
|move|p1a: Great Tusk|Ice Spinner|p2a: Rillaboom
|-supereffective|p2a: Rillaboom
|-damage|p2a: Rillaboom|54/100
|-fieldend|move: Grassy Terrain
|move|p2a: Rillaboom|U-turn|p1a: Great Tusk
|-resisted|p1a: Great Tusk
|-damage|p1a: Great Tusk|88/100
|-damage|p2a: Rillaboom|37/100|[from] item: Rocky Helmet|[of] p1a: Great Tusk
|
|t:|1769305492
|switch|p2a: Munkidori|Munkidori, M|100/100|[from] U-turn
|
|-weather|SunnyDay|[upkeep]
|upkeep
|turn|12
|
|t:|1769305500
|move|p2a: Munkidori|Psychic|p1a: Great Tusk
|-damage|p1a: Great Tusk|0 fnt
|faint|p1a: Great Tusk
|-end|p1a: Great Tusk|Protosynthesis|[silent]
|
|-weather|SunnyDay|[upkeep]
|upkeep
|
|t:|1769305510
|switch|p1a: Iron Moth|Iron Moth|100/100
|-enditem|p1a: Iron Moth|Booster Energy
|-activate|p1a: Iron Moth|ability: Quark Drive|[fromitem]
|-start|p1a: Iron Moth|quarkdrivespa
|turn|13
|
|t:|1769305518
|move|p2a: Munkidori|Psychic|p1a: Iron Moth
|-supereffective|p1a: Iron Moth
|-damage|p1a: Iron Moth|0 fnt
|faint|p1a: Iron Moth
|-end|p1a: Iron Moth|Quark Drive|[silent]
|
|-weather|SunnyDay|[upkeep]
|upkeep
|
|t:|1769305525
|switch|p1a: Walking Wake|Walking Wake|100/100
|-activate|p1a: Walking Wake|ability: Protosynthesis
|-start|p1a: Walking Wake|protosynthesisspe
|turn|14
|
|t:|1769305532
|switch|p2a: Rillaboom|Rillaboom, F|37/100
|-fieldstart|move: Grassy Terrain|[from] ability: Grassy Surge|[of] p2a: Rillaboom
|move|p1a: Walking Wake|Draco Meteor|p2a: Rillaboom
|-damage|p2a: Rillaboom|0 fnt
|-unboost|p1a: Walking Wake|spa|2
|faint|p2a: Rillaboom
|
|-weather|SunnyDay|[upkeep]
|upkeep
|
|t:|1769305544
|switch|p2a: Slaking|Slaking, M|29/100
|turn|15
|
|t:|1769305554
|-end|p1a: Walking Wake|Protosynthesis|[silent]
|switch|p1a: Whimsicott|Whimsicott, M|100/100
|move|p2a: Slaking|Double-Edge|p1a: Whimsicott
|-damage|p1a: Whimsicott|0 fnt
|faint|p1a: Whimsicott
|-damage|p2a: Slaking|6/100|[from] Recoil
|
|-weather|SunnyDay|[upkeep]
|-heal|p2a: Slaking|12/100|[from] Grassy Terrain
|upkeep
|
|t:|1769305565
|switch|p1a: Walking Wake|Walking Wake|100/100
|-activate|p1a: Walking Wake|ability: Protosynthesis
|-start|p1a: Walking Wake|protosynthesisspe
|turn|16
|
|t:|1769305571
|move|p1a: Walking Wake|Hydro Steam|p2a: Slaking
|-damage|p2a: Slaking|0 fnt
|faint|p2a: Slaking
|
|-weather|none
|-end|p1a: Walking Wake|Protosynthesis
|upkeep
|
|t:|1769305579
|switch|p2a: Zarude|Zarude-Dada|100/100
|turn|17
|
|t:|1769305583
|-end|p1a: Walking Wake|Protosynthesis|[silent]
|switch|p1a: Ninetales|Ninetales, F|100/100
|-weather|SunnyDay|[from] ability: Drought|[of] p1a: Ninetales
|move|p2a: Zarude|Swords Dance|p2a: Zarude
|-boost|p2a: Zarude|atk|2
|
|-weather|SunnyDay|[upkeep]
|upkeep
|turn|18
|
|t:|1769305592
|move|p2a: Zarude|Knock Off|p1a: Ninetales
|-damage|p1a: Ninetales|0 fnt
|-enditem|p1a: Ninetales|Heat Rock|[from] move: Knock Off|[of] p2a: Zarude
|faint|p1a: Ninetales
|
|-weather|SunnyDay|[upkeep]
|upkeep
|
|t:|1769305600
|switch|p1a: Walking Wake|Walking Wake|100/100
|-activate|p1a: Walking Wake|ability: Protosynthesis
|-start|p1a: Walking Wake|protosynthesisspe
|turn|19
|
|t:|1769305609
|-terastallize|p2a: Zarude|Poison
|move|p1a: Walking Wake|Draco Meteor|p2a: Zarude
|-damage|p2a: Zarude|42/100
|-unboost|p1a: Walking Wake|spa|2
|move|p2a: Zarude|Knock Off|p1a: Walking Wake
|-damage|p1a: Walking Wake|15/100
|-enditem|p1a: Walking Wake|Assault Vest|[from] move: Knock Off|[of] p2a: Zarude
|
|-weather|SunnyDay|[upkeep]
|-heal|p1a: Walking Wake|21/100|[from] Grassy Terrain
|-heal|p2a: Zarude|48/100|[from] Grassy Terrain
|-heal|p2a: Zarude|53/100|[from] item: Leftovers
|upkeep
|turn|20
|
|t:|1769305623
|move|p1a: Walking Wake|Draco Meteor|p2a: Zarude
|-damage|p2a: Zarude|25/100
|-unboost|p1a: Walking Wake|spa|2
|move|p2a: Zarude|Power Whip|p1a: Walking Wake|[miss]
|-miss|p2a: Zarude|p1a: Walking Wake
|
|-weather|SunnyDay|[upkeep]
|-heal|p1a: Walking Wake|27/100|[from] Grassy Terrain
|-heal|p2a: Zarude|31/100|[from] Grassy Terrain
|-heal|p2a: Zarude|37/100|[from] item: Leftovers
|upkeep
|turn|21
|c|☆aerodynamite|Quit monkeying around
|-message|Hot dry noodles forfeited.
|
|win|aerodynamite
|raw|Hot dry noodles's rating: 1271 &rarr; <strong>1242</strong><br />(-29 for losing)
|raw|aerodynamite's rating: 1209 &rarr; <strong>1238</strong><br />(+29 for winning)
|l|☆Hot dry noodles
|player|p1|
