|j|‽dbuddy42
|j|☆glos lad
|t:|1769297668
|gametype|singles
|player|p1|dbuddy42|265|1359
|player|p2|glos lad|170|1403
|gen|9
|tier|[Gen 9] OU
|rated|
|rule|HP Percentage Mod: HP is shown in percentages
|rule|Endless Battle Clause: Forcing endless battles is banned
|rule|Species Clause: Limit one of each Pokémon
|rule|OHKO Clause: OHKO moves are banned
|rule|Evasion Items Clause: Evasion items are banned
|rule|Evasion Moves Clause: Evasion moves are banned
|rule|Evasion Abilities Clause: Evasion abilities are banned
|rule|Sleep Moves Clause: Sleep-inducing moves are banned
|clearpoke
|poke|p1|Tinkaton, F|
|poke|p1|Gallade, M|
|poke|p1|Cinderace, M|
|poke|p1|Sinistcha|
|poke|p1|Slowking-Galar, F|
|poke|p1|Mandibuzz, F|
|poke|p2|Araquanid, M|
|poke|p2|Gholdengo|
|poke|p2|Raging Bolt|
|poke|p2|Iron Valiant|
|poke|p2|Ceruledge, F|
|poke|p2|Deoxys-Speed|
|teampreview
|
|t:|1769297712
|teamsize|p1|6
|teamsize|p2|6
|start
|switch|p1a: Tinkaton|Tinkaton, F|100/100
|switch|p2a: Araquanid|Araquanid, M|100/100
|-ability|p1a: Tinkaton|Mold Breaker
|turn|1
|
|t:|1769297763
|move|p1a: Tinkaton|Stealth Rock|p2a: Araquanid
|-sidestart|p2: glos lad|move: Stealth Rock
|move|p2a: Araquanid|Sticky Web|p1a: Tinkaton
|-sidestart|p1: dbuddy42|move: Sticky Web
|
|upkeep
|turn|2
|
|t:|1769297812
|move|p1a: Tinkaton|Encore|p2a: Araquanid
|-start|p2a: Araquanid|Encore
|move|p2a: Araquanid|Sticky Web||[still]
|-fail|p2a: Araquanid
|
|upkeep
|turn|3
|
|t:|1769297820
|switch|p2a: Raging Bolt|Raging Bolt|100/100
|-damage|p2a: Raging Bolt|88/100|[from] Stealth Rock
|-enditem|p2a: Raging Bolt|Booster Energy
|-activate|p2a: Raging Bolt|ability: Protosynthesis|[fromitem]
|-start|p2a: Raging Bolt|protosynthesisspa
|move|p1a: Tinkaton|Thunder Wave|p2a: Raging Bolt
|-immune|p2a: Raging Bolt
|
|upkeep
|turn|4
|
|t:|1769297830
|move|p1a: Tinkaton|Gigaton Hammer|p2a: Raging Bolt
|-resisted|p2a: Raging Bolt
|-damage|p2a: Raging Bolt|67/100
|move|p2a: Raging Bolt|Calm Mind|p2a: Raging Bolt
|-boost|p2a: Raging Bolt|spa|1
|-boost|p2a: Raging Bolt|spd|1
|
|upkeep
|turn|5
|
|t:|1769297836
|move|p1a: Tinkaton|Encore|p2a: Raging Bolt
|-start|p2a: Raging Bolt|Encore
|move|p2a: Raging Bolt|Calm Mind|p2a: Raging Bolt
|-boost|p2a: Raging Bolt|spa|1
|-boost|p2a: Raging Bolt|spd|1
|
|upkeep
|turn|6
|
|t:|1769297849
|switch|p1a: Gallade|Gallade, M|100/100
|-activate|p1a: Gallade|move: Sticky Web
|-unboost|p1a: Gallade|spe|1
|move|p2a: Raging Bolt|Calm Mind|p2a: Raging Bolt
|-boost|p2a: Raging Bolt|spa|1
|-boost|p2a: Raging Bolt|spd|1
|
|upkeep
|turn|7
|
|t:|1769297857
|-terastallize|p1a: Gallade|Fighting
|move|p1a: Gallade|Sacred Sword|p2a: Raging Bolt
|-damage|p2a: Raging Bolt|0 fnt
|faint|p2a: Raging Bolt
|-end|p2a: Raging Bolt|Protosynthesis|[silent]
|
|upkeep
|
|t:|1769297868
|switch|p2a: Deoxys|Deoxys-Speed|100/100
|-damage|p2a: Deoxys|88/100|[from] Stealth Rock
|-ability|p2a: Deoxys|Pressure
|turn|8
|
|t:|1769297875
|switch|p1a: Slowking|Slowking-Galar, F|100/100
|move|p2a: Deoxys|Nasty Plot|p2a: Deoxys
|-boost|p2a: Deoxys|spa|2
|
|upkeep
|turn|9
|
|t:|1769297885
|move|p2a: Deoxys|Psycho Boost|p1a: Slowking
|-damage|p1a: Slowking|3/100
|-unboost|p2a: Deoxys|spa|2
|-damage|p2a: Deoxys|79/100|[from] item: Life Orb
|move|p1a: Slowking|Sludge Bomb|p2a: Deoxys
|-damage|p2a: Deoxys|33/100
|
|upkeep
|turn|10
|
|t:|1769297893
|switch|p1a: Mandibuzz|Mandibuzz, F|100/100
|move|p2a: Deoxys|Ice Beam|p1a: Mandibuzz
|-supereffective|p1a: Mandibuzz
|-damage|p1a: Mandibuzz|40/100
|-damage|p2a: Deoxys|23/100|[from] item: Life Orb
|
|upkeep
|turn|11
|
|t:|1769297901
|move|p2a: Deoxys|Ice Beam|p1a: Mandibuzz
|-supereffective|p1a: Mandibuzz
|-damage|p1a: Mandibuzz|0 fnt
|faint|p1a: Mandibuzz
|-damage|p2a: Deoxys|14/100|[from] item: Life Orb
|
|upkeep
|
|t:|1769297906
|switch|p1a: Tinkaton|Tinkaton, F|100/100
|-activate|p1a: Tinkaton|move: Sticky Web
|-unboost|p1a: Tinkaton|spe|1
|-ability|p1a: Tinkaton|Mold Breaker
|turn|12
|
|t:|1769297913
|move|p2a: Deoxys|Focus Blast|p1a: Tinkaton
|-damage|p1a: Tinkaton|56/100
|-damage|p2a: Deoxys|4/100|[from] item: Life Orb
|move|p1a: Tinkaton|Thunder Wave|p2a: Deoxys
|-status|p2a: Deoxys|par
|
|upkeep
|turn|13
|
|t:|1769297920
|move|p2a: Deoxys|Focus Blast|p1a: Tinkaton|[miss]
|-miss|p2a: Deoxys|p1a: Tinkaton
|move|p1a: Tinkaton|Encore|p2a: Deoxys
|-start|p2a: Deoxys|Encore
|
|upkeep
|turn|14
|
|t:|1769297927
|switch|p1a: Cinderace|Cinderace, M|100/100
|cant|p2a: Deoxys|par
|
|upkeep
|turn|15
|
|t:|1769297932
|move|p1a: Cinderace|Court Change|p1a: Cinderace
|-start|p1a: Cinderace|typechange|Normal|[from] ability: Libero
|-swapsideconditions
|-activate|p1a: Cinderace|move: Court Change
|move|p2a: Deoxys|Focus Blast|p1a: Cinderace
|-supereffective|p1a: Cinderace
|-damage|p1a: Cinderace|0 fnt
|faint|p1a: Cinderace
|-damage|p2a: Deoxys|0 fnt|[from] item: Life Orb
|faint|p2a: Deoxys
|
|upkeep
|inactive|Battle timer is ON: inactive players will automatically lose when time's up. (requested by dbuddy42)
|inactive|glos lad has 120 seconds left.
|inactive|glos lad has 90 seconds left.
|inactive|glos lad has 60 seconds left.
|
|t:|1769298093
|switch|p2a: Araquanid|Araquanid, M|100/100
|switch|p1a: Sinistcha|Sinistcha|100/100
|-damage|p1a: Sinistcha|88/100|[from] Stealth Rock
|-activate|p2a: Araquanid|move: Sticky Web
|-unboost|p2a: Araquanid|spe|1
|turn|16
|
|t:|1769298121
|move|p1a: Sinistcha|Calm Mind|p1a: Sinistcha
|-boost|p1a: Sinistcha|spa|1
|-boost|p1a: Sinistcha|spd|1
|move|p2a: Araquanid|Sticky Web|p1a: Sinistcha
|-sidestart|p1: dbuddy42|move: Sticky Web
|
|upkeep
|turn|17
|inactive|glos lad has 120 seconds left.
|
|t:|1769298146
|move|p1a: Sinistcha|Calm Mind|p1a: Sinistcha
|-boost|p1a: Sinistcha|spa|1
|-boost|p1a: Sinistcha|spd|1
|move|p2a: Araquanid|Lunge|p1a: Sinistcha
|-damage|p1a: Sinistcha|75/100
|-unboost|p1a: Sinistcha|atk|1
|
|upkeep
|turn|18
|inactive|glos lad has 120 seconds left.
|
|t:|1769298155
|move|p1a: Sinistcha|Calm Mind|p1a: Sinistcha
|-boost|p1a: Sinistcha|spa|1
|-boost|p1a: Sinistcha|spd|1
|move|p2a: Araquanid|Lunge|p1a: Sinistcha
|-damage|p1a: Sinistcha|61/100
|-unboost|p1a: Sinistcha|atk|1
|
|upkeep
|turn|19
|
|t:|1769298165
|switch|p2a: Ceruledge|Ceruledge, F|100/100
|-activate|p2a: Ceruledge|move: Sticky Web
|-unboost|p2a: Ceruledge|spe|1
|move|p1a: Sinistcha|Calm Mind|p1a: Sinistcha
|-boost|p1a: Sinistcha|spa|1
|-boost|p1a: Sinistcha|spd|1
|
|upkeep
|turn|20
|
|t:|1769298177
|move|p2a: Ceruledge|Swords Dance|p2a: Ceruledge
|-boost|p2a: Ceruledge|atk|2
|move|p1a: Sinistcha|Strength Sap|p2a: Ceruledge
|-unboost|p2a: Ceruledge|atk|1
|-heal|p1a: Sinistcha|100/100
|
|upkeep
|turn|21
|
|t:|1769298186
|move|p2a: Ceruledge|Bitter Blade|p1a: Sinistcha
|-supereffective|p1a: Sinistcha
|-damage|p1a: Sinistcha|52/100
|move|p1a: Sinistcha|Shadow Ball|p2a: Ceruledge
|-supereffective|p2a: Ceruledge
|-enditem|p2a: Ceruledge|Focus Sash
|-damage|p2a: Ceruledge|1/100
|
|upkeep
|turn|22
|
|t:|1769298195
|move|p2a: Ceruledge|Bitter Blade|p1a: Sinistcha
|-supereffective|p1a: Sinistcha
|-damage|p1a: Sinistcha|3/100
|-heal|p2a: Ceruledge|30/100|[from] drain|[of] p1a: Sinistcha
|move|p1a: Sinistcha|Shadow Ball|p2a: Ceruledge
|-supereffective|p2a: Ceruledge
|-damage|p2a: Ceruledge|0 fnt
|faint|p2a: Ceruledge
|
|upkeep
|
|t:|1769298204
|switch|p2a: Gholdengo|Gholdengo|100/100
|-item|p2a: Gholdengo|Air Balloon
|turn|23
|
|t:|1769298209
|move|p2a: Gholdengo|Shadow Ball|p1a: Sinistcha
|-supereffective|p1a: Sinistcha
|-damage|p1a: Sinistcha|0 fnt
|faint|p1a: Sinistcha
|
|upkeep
|
|t:|1769298217
|switch|p1a: Tinkaton|Tinkaton, F|56/100
|-damage|p1a: Tinkaton|49/100|[from] Stealth Rock
|-activate|p1a: Tinkaton|move: Sticky Web
|-unboost|p1a: Tinkaton|spe|1
|-ability|p1a: Tinkaton|Mold Breaker
|-enditem|p1a: Tinkaton|Sitrus Berry|[eat]
|-heal|p1a: Tinkaton|74/100|[from] item: Sitrus Berry
|turn|24
|
|t:|1769298226
|move|p2a: Gholdengo|Shadow Ball|p1a: Tinkaton
|-damage|p1a: Tinkaton|35/100
|-unboost|p1a: Tinkaton|spd|1
|move|p1a: Tinkaton|Thunder Wave|p2a: Gholdengo
|-status|p2a: Gholdengo|par
|
|upkeep
|turn|25
|
|t:|1769298236
|move|p1a: Tinkaton|Gigaton Hammer|p2a: Gholdengo
|-resisted|p2a: Gholdengo
|-damage|p2a: Gholdengo|79/100 par
|-enditem|p2a: Gholdengo|Air Balloon
|move|p2a: Gholdengo|Shadow Ball|p1a: Tinkaton
|-damage|p1a: Tinkaton|0 fnt
|faint|p1a: Tinkaton
|
|upkeep
|
|t:|1769298246
|switch|p1a: Slowking|Slowking-Galar, F|37/100
|turn|26
|
|t:|1769298249
|move|p2a: Gholdengo|Shadow Ball|p1a: Slowking
|-supereffective|p1a: Slowking
|-damage|p1a: Slowking|0 fnt
|faint|p1a: Slowking
|
|upkeep
|
|t:|1769298254
|switch|p1a: Gallade|Gallade, M, tera:Fighting|100/100
|-damage|p1a: Gallade|94/100|[from] Stealth Rock
|-activate|p1a: Gallade|move: Sticky Web
|-unboost|p1a: Gallade|spe|1
|turn|27
|
|t:|1769298264
|move|p1a: Gallade|Psycho Cut|p2a: Gholdengo
|-resisted|p2a: Gholdengo
|-damage|p2a: Gholdengo|49/100 par
|move|p2a: Gholdengo|Make It Rain|p1a: Gallade
|-damage|p1a: Gallade|21/100
|-unboost|p2a: Gholdengo|spa|1
|
|upkeep
|turn|28
|-message|dbuddy42 forfeited.
|
|win|glos lad
|raw|dbuddy42's rating: 1359 &rarr; <strong>1342</strong><br />(-17 for losing)
|raw|glos lad's rating: 1403 &rarr; <strong>1420</strong><br />(+17 for winning)
|l|‽dbuddy42
|player|p1|
|l|☆glos lad
|player|p2|
