|j|☆Smingus69
|j|☆pksooo
|t:|1769317319
|gametype|singles
|player|p1|Smingus69|janitor|1374
|player|p2|pksooo|102|1286
|gen|9
|tier|[Gen 9] OU
|rated|
|rule|HP Percentage Mod: HP is shown in percentages
|rule|Endless Battle Clause: Forcing endless battles is banned
|rule|Species Clause: Limit one of each Pokémon
|rule|OHKO Clause: OHKO moves are banned
|rule|Evasion Items Clause: Evasion items are banned
|rule|Evasion Moves Clause: Evasion moves are banned
|rule|Evasion Abilities Clause: Evasion abilities are banned
|rule|Sleep Moves Clause: Sleep-inducing moves are banned
|clearpoke
|poke|p1|Quaquaval, F|
|poke|p1|Zarude|
|poke|p1|Iron Moth|
|poke|p1|Corviknight, M|
|poke|p1|Ting-Lu|
|poke|p1|Uxie|
|poke|p2|Toxicroak, F|
|poke|p2|Arcanine-Hisui, F|
|poke|p2|Raging Bolt|
|poke|p2|Hitmonlee, M|
|poke|p2|Pelipper, M|
|poke|p2|Kingdra, F|
|teampreview
|inactive|Battle timer is ON: inactive players will automatically lose when time's up. (requested by Smingus69)
|
|t:|1769317334
|teamsize|p1|6
|teamsize|p2|6
|start
|switch|p1a: Uxie|Uxie|100/100
|switch|p2a: Arcanine|Arcanine-Hisui, F|100/100
|turn|1
|
|t:|1769317346
|move|p2a: Arcanine|Head Smash|p1a: Uxie
|-damage|p1a: Uxie|23/100
|move|p1a: Uxie|Reflect|p1a: Uxie
|-sidestart|p1: Smingus69|Reflect
|
|-heal|p1a: Uxie|29/100|[from] item: Leftovers
|upkeep
|turn|2
|
|t:|1769317352
|switch|p1a: Ting-Lu|Ting-Lu|100/100
|-ability|p1a: Ting-Lu|Vessel of Ruin
|move|p2a: Arcanine|Head Smash|p1a: Ting-Lu|[miss]
|-miss|p2a: Arcanine|p1a: Ting-Lu
|
|upkeep
|turn|3
|
|t:|1769317361
|switch|p2a: Pelipper|Pelipper, M|100/100
|-weather|RainDance|[from] ability: Drizzle|[of] p2a: Pelipper
|move|p1a: Ting-Lu|Ruination|p2a: Pelipper
|-damage|p2a: Pelipper|51/100
|
|-weather|RainDance|[upkeep]
|upkeep
|turn|4
|
|t:|1769317369
|switch|p1a: Corviknight|Corviknight, M|100/100
|-ability|p1a: Corviknight|Pressure
|move|p2a: Pelipper|U-turn|p1a: Corviknight
|-resisted|p1a: Corviknight
|-damage|p1a: Corviknight|99/100
|-damage|p2a: Pelipper|34/100|[from] item: Rocky Helmet|[of] p1a: Corviknight
|
|t:|1769317374
|switch|p2a: Kingdra|Kingdra, F|100/100|[from] U-turn
|
|-weather|RainDance|[upkeep]
|upkeep
|turn|5
|
|t:|1769317382
|move|p2a: Kingdra|Hydro Pump|p1a: Corviknight
|-damage|p1a: Corviknight|0 fnt
|faint|p1a: Corviknight
|
|-weather|RainDance|[upkeep]
|-sideend|p1: Smingus69|Reflect
|upkeep
|
|t:|1769317399
|switch|p1a: Zarude|Zarude|100/100
|turn|6
|
|t:|1769317405
|switch|p2a: Arcanine|Arcanine-Hisui, F|100/100
|move|p1a: Zarude|Drain Punch|p2a: Arcanine
|-supereffective|p2a: Arcanine
|-damage|p2a: Arcanine|33/100
|
|-weather|RainDance|[upkeep]
|upkeep
|turn|7
|
|t:|1769317426
|switch|p1a: Ting-Lu|Ting-Lu|100/100
|-ability|p1a: Ting-Lu|Vessel of Ruin
|move|p2a: Arcanine|Extreme Speed|p1a: Ting-Lu
|-damage|p1a: Ting-Lu|81/100
|
|-weather|RainDance|[upkeep]
|-heal|p1a: Ting-Lu|87/100|[from] item: Leftovers
|upkeep
|turn|8
|
|t:|1769317454
|switch|p2a: Toxicroak|Toxicroak, F|100/100
|move|p1a: Ting-Lu|Stealth Rock|p2a: Toxicroak
|-sidestart|p2: pksooo|move: Stealth Rock
|
|-weather|RainDance|[upkeep]
|-heal|p1a: Ting-Lu|93/100|[from] item: Leftovers
|upkeep
|turn|9
|
|t:|1769317470
|move|p2a: Toxicroak|Close Combat|p1a: Ting-Lu
|-supereffective|p1a: Ting-Lu
|-damage|p1a: Ting-Lu|35/100
|-unboost|p2a: Toxicroak|def|1
|-unboost|p2a: Toxicroak|spd|1
|move|p1a: Ting-Lu|Whirlwind|p2a: Toxicroak
|drag|p2a: Kingdra|Kingdra, F|100/100
|-damage|p2a: Kingdra|88/100|[from] Stealth Rock
|
|-weather|RainDance|[upkeep]
|-heal|p1a: Ting-Lu|41/100|[from] item: Leftovers
|upkeep
|turn|10
|
|t:|1769317484
|switch|p1a: Uxie|Uxie|29/100
|move|p2a: Kingdra|Draco Meteor|p1a: Uxie|[miss]
|-miss|p2a: Kingdra|p1a: Uxie
|
|-weather|none
|-heal|p1a: Uxie|36/100|[from] item: Leftovers
|upkeep
|turn|11
|
|t:|1769317495
|move|p2a: Kingdra|Draco Meteor|p1a: Uxie
|-damage|p1a: Uxie|0 fnt
|-unboost|p2a: Kingdra|spa|2
|faint|p1a: Uxie
|
|upkeep
|
|t:|1769317501
|switch|p1a: Zarude|Zarude|100/100
|turn|12
|
|t:|1769317505
|switch|p2a: Pelipper|Pelipper, M|34/100
|-damage|p2a: Pelipper|9/100|[from] Stealth Rock
|-weather|RainDance|[from] ability: Drizzle|[of] p2a: Pelipper
|move|p1a: Zarude|Bulk Up|p1a: Zarude
|-boost|p1a: Zarude|atk|1
|-boost|p1a: Zarude|def|1
|
|-weather|RainDance|[upkeep]
|upkeep
|turn|13
|
|t:|1769317515
|-terastallize|p1a: Zarude|Poison
|move|p1a: Zarude|Bulk Up|p1a: Zarude
|-boost|p1a: Zarude|atk|1
|-boost|p1a: Zarude|def|1
|move|p2a: Pelipper|Hurricane|p1a: Zarude
|-damage|p1a: Zarude|69/100
|-start|p1a: Zarude|confusion
|
|-weather|RainDance|[upkeep]
|-heal|p1a: Zarude|75/100|[from] item: Leftovers
|upkeep
|turn|14
|
|t:|1769317527
|-activate|p1a: Zarude|confusion
|move|p1a: Zarude|Drain Punch|p2a: Pelipper
|-resisted|p2a: Pelipper
|-damage|p2a: Pelipper|0 fnt
|-heal|p1a: Zarude|78/100|[from] drain|[of] p2a: Pelipper
|faint|p2a: Pelipper
|
|-weather|RainDance|[upkeep]
|-heal|p1a: Zarude|84/100|[from] item: Leftovers
|upkeep
|
|t:|1769317531
|switch|p2a: Kingdra|Kingdra, F|88/100
|-damage|p2a: Kingdra|76/100|[from] Stealth Rock
|turn|15
|
|t:|1769317539
|-terastallize|p2a: Kingdra|Water
|move|p2a: Kingdra|Hydro Pump|p1a: Zarude
|-damage|p1a: Zarude|0 fnt
|faint|p1a: Zarude
|
|-weather|RainDance|[upkeep]
|upkeep
|
|t:|1769317547
|switch|p1a: Ting-Lu|Ting-Lu|41/100
|-ability|p1a: Ting-Lu|Vessel of Ruin
|turn|16
|
|t:|1769317552
|move|p2a: Kingdra|Hydro Pump|p1a: Ting-Lu
|-supereffective|p1a: Ting-Lu
|-damage|p1a: Ting-Lu|0 fnt
|faint|p1a: Ting-Lu
|
|-weather|RainDance|[upkeep]
|upkeep
|
|t:|1769317555
|switch|p1a: Quaquaval|Quaquaval, F|100/100
|turn|17
|
|t:|1769317563
|move|p2a: Kingdra|Hydro Pump|p1a: Quaquaval
|-resisted|p1a: Quaquaval
|-damage|p1a: Quaquaval|19/100
|move|p1a: Quaquaval|Close Combat|p2a: Kingdra
|-damage|p2a: Kingdra|0 fnt
|-unboost|p1a: Quaquaval|def|1
|-unboost|p1a: Quaquaval|spd|1
|faint|p2a: Kingdra
|-ability|p1a: Quaquaval|Moxie|boost
|-boost|p1a: Quaquaval|atk|1
|
|-weather|RainDance|[upkeep]
|upkeep
|
|t:|1769317580
|switch|p2a: Arcanine|Arcanine-Hisui, F|33/100
|-damage|p2a: Arcanine|8/100|[from] Stealth Rock
|turn|18
|
|t:|1769317589
|move|p2a: Arcanine|Extreme Speed|p1a: Quaquaval
|-damage|p1a: Quaquaval|0 fnt
|faint|p1a: Quaquaval
|
|-weather|RainDance|[upkeep]
|upkeep
|
|t:|1769317592
|switch|p1a: Iron Moth|Iron Moth|100/100
|-enditem|p1a: Iron Moth|Booster Energy
|-activate|p1a: Iron Moth|ability: Quark Drive|[fromitem]
|-start|p1a: Iron Moth|quarkdrivespe
|turn|19
|
|t:|1769317599
|move|p2a: Arcanine|Extreme Speed|p1a: Iron Moth
|-damage|p1a: Iron Moth|40/100
|move|p1a: Iron Moth|Fiery Dance|p2a: Arcanine
|-resisted|p2a: Arcanine
|-damage|p2a: Arcanine|2/100
|-boost|p1a: Iron Moth|spa|1
|
|-weather|none
|upkeep
|turn|20
|
|t:|1769317606
|move|p2a: Arcanine|Extreme Speed|p1a: Iron Moth
|-damage|p1a: Iron Moth|0 fnt
|faint|p1a: Iron Moth
|-end|p1a: Iron Moth|Quark Drive|[silent]
|
|win|pksooo
|raw|Smingus69's rating: 1374 &rarr; <strong>1349</strong><br />(-25 for losing)
|raw|pksooo's rating: 1286 &rarr; <strong>1317</strong><br />(+31 for winning)
|l|☆Smingus69
|player|p1|
|l|☆pksooo
|player|p2|
