|j|☆prototypefrog
|j|☆luigi888888888
|t:|1769320094
|gametype|singles
|player|p1|prototypefrog|bianca|1095
|player|p2|luigi888888888|101|1075
|gen|9
|tier|[Gen 9] OU
|rated|
|rule|HP Percentage Mod: HP is shown in percentages
|rule|Endless Battle Clause: Forcing endless battles is banned
|rule|Species Clause: Limit one of each Pokémon
|rule|OHKO Clause: OHKO moves are banned
|rule|Evasion Items Clause: Evasion items are banned
|rule|Evasion Moves Clause: Evasion moves are banned
|rule|Evasion Abilities Clause: Evasion abilities are banned
|rule|Sleep Moves Clause: Sleep-inducing moves are banned
|clearpoke
|poke|p1|Walking Wake|
|poke|p1|Pecharunt|
|poke|p1|Darkrai|
|poke|p1|Scizor, F|
|poke|p1|Cloyster, M|
|poke|p1|Zapdos|
|poke|p2|Ting-Lu|
|poke|p2|Great Tusk|
|poke|p2|Kingambit, F|
|poke|p2|Alomomola, M|
|poke|p2|Zapdos|
|poke|p2|Dondozo, F|
|teampreview
|inactive|Battle timer is ON: inactive players will automatically lose when time's up. (requested by luigi888888888)
|
|t:|1769320119
|teamsize|p1|6
|teamsize|p2|6
|start
|switch|p1a: Zapdos|Zapdos|100/100
|switch|p2a: Ting-Lu|Ting-Lu|100/100
|-ability|p2a: Ting-Lu|Vessel of Ruin
|turn|1
|
|t:|1769320135
|move|p1a: Zapdos|Hurricane|p2a: Ting-Lu|[miss]
|-miss|p1a: Zapdos|p2a: Ting-Lu
|move|p2a: Ting-Lu|Stealth Rock|p1a: Zapdos
|-sidestart|p1: prototypefrog|move: Stealth Rock
|
|upkeep
|turn|2
|
|t:|1769320144
|move|p1a: Zapdos|Hurricane|p2a: Ting-Lu
|-damage|p2a: Ting-Lu|73/100
|-start|p2a: Ting-Lu|confusion
|-activate|p2a: Ting-Lu|confusion
|move|p2a: Ting-Lu|Spikes|p1a: Zapdos
|-sidestart|p1: prototypefrog|Spikes
|
|-heal|p2a: Ting-Lu|80/100|[from] item: Leftovers
|upkeep
|turn|3
|
|t:|1769320153
|switch|p1a: Scizor|Scizor, F|100/100
|-activate|p2a: Ting-Lu|confusion
|move|p2a: Ting-Lu|Spikes|p1a: Scizor
|-sidestart|p1: prototypefrog|Spikes
|
|-heal|p2a: Ting-Lu|86/100|[from] item: Leftovers
|upkeep
|turn|4
|
|t:|1769320160
|switch|p2a: Zapdos|Zapdos|100/100
|move|p1a: Scizor|Defog|p2a: Zapdos
|-unboost|p2a: Zapdos|evasion|1
|-sideend|p1: prototypefrog|Spikes|[from] move: Defog|[of] p1a: Scizor
|-sideend|p1: prototypefrog|Stealth Rock|[from] move: Defog|[of] p1a: Scizor
|
|upkeep
|turn|5
|inactive|prototypefrog has 120 seconds left.
|
|t:|1769320195
|switch|p1a: Walking Wake|Walking Wake|100/100
|move|p2a: Zapdos|Volt Switch|p1a: Walking Wake
|-damage|p1a: Walking Wake|70/100
|
|t:|1769320207
|switch|p2a: Kingambit|Kingambit, F|100/100|[from] Volt Switch
|
|upkeep
|turn|6
|inactive|prototypefrog has 120 seconds left.
|
|t:|1769320218
|move|p1a: Walking Wake|Flamethrower|p2a: Kingambit
|-supereffective|p2a: Kingambit
|-damage|p2a: Kingambit|39/100
|move|p2a: Kingambit|Kowtow Cleave|p1a: Walking Wake
|-damage|p1a: Walking Wake|8/100
|
|upkeep
|turn|7
|inactive|prototypefrog has 120 seconds left.
|
|t:|1769320228
|-end|p1a: Walking Wake|Protosynthesis|[silent]
|switch|p1a: Scizor|Scizor, F|100/100
|move|p2a: Kingambit|Sucker Punch||[still]
|-fail|p2a: Kingambit
|
|upkeep
|turn|8
|inactive|prototypefrog has 120 seconds left.
|
|t:|1769320248
|-end|p2a: Kingambit|fallenundefined|[silent]
|switch|p2a: Zapdos|Zapdos|100/100
|move|p1a: Scizor|Bullet Punch|p2a: Zapdos
|-resisted|p2a: Zapdos
|-damage|p2a: Zapdos|83/100
|
|upkeep
|turn|9
|
|t:|1769320258
|move|p2a: Zapdos|Heat Wave|p1a: Scizor
|-supereffective|p1a: Scizor
|-damage|p1a: Scizor|0 fnt
|faint|p1a: Scizor
|
|upkeep
|
|t:|1769320279
|switch|p1a: Darkrai|Darkrai|100/100
|turn|10
|
|t:|1769320283
|move|p1a: Darkrai|Ice Beam|p2a: Zapdos
|-supereffective|p2a: Zapdos
|-damage|p2a: Zapdos|0 fnt
|faint|p2a: Zapdos
|
|upkeep
|
|t:|1769320292
|switch|p2a: Great Tusk|Great Tusk|100/100
|turn|11
|inactive|prototypefrog has 120 seconds left.
|
|t:|1769320309
|move|p1a: Darkrai|Ice Beam|p2a: Great Tusk
|-supereffective|p2a: Great Tusk
|-damage|p2a: Great Tusk|0 fnt
|faint|p2a: Great Tusk
|-end|p2a: Great Tusk|Protosynthesis|[silent]
|
|upkeep
|
|t:|1769320313
|switch|p2a: Alomomola|Alomomola, M|100/100
|turn|12
|inactive|prototypefrog has 120 seconds left.
|
|t:|1769320326
|switch|p1a: Zapdos|Zapdos|100/100
|move|p2a: Alomomola|Wish|p2a: Alomomola
|
|upkeep
|turn|13
|inactive|prototypefrog has 120 seconds left.
|inactive|prototypefrog has 90 seconds left.
|
|t:|1769320366
|move|p1a: Zapdos|Hurricane|p2a: Alomomola|[miss]
|-miss|p1a: Zapdos|p2a: Alomomola
|move|p2a: Alomomola|Flip Turn|p1a: Zapdos
|-damage|p1a: Zapdos|83/100
|
|t:|1769320371
|switch|p2a: Kingambit|Kingambit, F|39/100|[from] Flip Turn
|-activate|p2a: Kingambit|ability: Supreme Overlord
|-start|p2a: Kingambit|fallen2|[silent]
|
|-heal|p2a: Kingambit|100/100|[from] move: Wish|[wisher] Alomomola
|upkeep
|turn|14
|inactive|prototypefrog has 90 seconds left.
|
|t:|1769320386
|-terastallize|p2a: Kingambit|Dark
|move|p1a: Zapdos|Heat Wave|p2a: Kingambit
|-damage|p2a: Kingambit|75/100
|move|p2a: Kingambit|Swords Dance|p2a: Kingambit
|-boost|p2a: Kingambit|atk|2
|
|upkeep
|turn|15
|inactive|prototypefrog has 90 seconds left.
|inactive|prototypefrog has 60 seconds left.
|
|t:|1769320446
|move|p1a: Zapdos|Heat Wave|p2a: Kingambit
|-damage|p2a: Kingambit|48/100
|-status|p2a: Kingambit|brn
|move|p2a: Kingambit|Kowtow Cleave|p1a: Zapdos
|-damage|p1a: Zapdos|0 fnt
|faint|p1a: Zapdos
|
|-damage|p2a: Kingambit|42/100 brn|[from] brn
|upkeep
|
|t:|1769320460
|switch|p1a: Darkrai|Darkrai|100/100
|turn|16
|inactive|prototypefrog has 30 seconds left.
|
|t:|1769320479
|move|p2a: Kingambit|Sucker Punch|p1a: Darkrai
|-resisted|p1a: Darkrai
|-damage|p1a: Darkrai|49/100
|move|p1a: Darkrai|Ice Beam|p2a: Kingambit
|-damage|p2a: Kingambit|0 fnt
|faint|p2a: Kingambit
|-end|p2a: Kingambit|fallen2|[silent]
|
|upkeep
|
|t:|1769320487
|switch|p2a: Dondozo|Dondozo, F|100/100
|turn|17
|
|t:|1769320495
|switch|p1a: Pecharunt|Pecharunt|100/100
|move|p2a: Dondozo|Wave Crash|p1a: Pecharunt
|-damage|p1a: Pecharunt|82/100
|-damage|p2a: Dondozo|96/100|[from] Recoil
|
|-heal|p1a: Pecharunt|88/100|[from] item: Leftovers
|-heal|p2a: Dondozo|100/100|[from] item: Leftovers
|upkeep
|turn|18
|
|t:|1769320504
|switch|p2a: Ting-Lu|Ting-Lu|86/100
|-ability|p2a: Ting-Lu|Vessel of Ruin
|move|p1a: Pecharunt|Malignant Chain|p2a: Ting-Lu
|-resisted|p2a: Ting-Lu
|-damage|p2a: Ting-Lu|77/100
|
|-heal|p1a: Pecharunt|94/100|[from] item: Leftovers
|-heal|p2a: Ting-Lu|83/100|[from] item: Leftovers
|upkeep
|turn|19
|
|t:|1769320522
|switch|p1a: Darkrai|Darkrai|49/100
|move|p2a: Ting-Lu|Stealth Rock|p1a: Darkrai
|-sidestart|p1: prototypefrog|move: Stealth Rock
|
|-heal|p2a: Ting-Lu|90/100|[from] item: Leftovers
|upkeep
|turn|20
|
|t:|1769320533
|switch|p2a: Alomomola|Alomomola, M|100/100
|move|p1a: Darkrai|Trick|p2a: Alomomola
|-activate|p1a: Darkrai|move: Trick|[of] p2a: Alomomola
|-item|p2a: Alomomola|Choice Specs|[from] move: Trick
|-item|p1a: Darkrai|Leftovers|[from] move: Trick
|
|-heal|p1a: Darkrai|55/100|[from] item: Leftovers
|upkeep
|turn|21
|inactive|prototypefrog has 30 seconds left.
|inactive|prototypefrog has 20 seconds left.
|
|t:|1769320567
|move|p1a: Darkrai|Dark Pulse|p2a: Alomomola
|-damage|p2a: Alomomola|69/100
|move|p2a: Alomomola|Flip Turn|p1a: Darkrai
|-damage|p1a: Darkrai|32/100
|
|t:|1769320573
|switch|p2a: Dondozo|Dondozo, F|100/100|[from] Flip Turn
|
|-heal|p1a: Darkrai|38/100|[from] item: Leftovers
|upkeep
|turn|22
|inactive|prototypefrog has 30 seconds left.
|
|t:|1769320580
|move|p1a: Darkrai|Dark Pulse|p2a: Dondozo
|-damage|p2a: Dondozo|60/100
|move|p2a: Dondozo|Wave Crash|p1a: Darkrai
|-damage|p1a: Darkrai|0 fnt
|faint|p1a: Darkrai
|-damage|p2a: Dondozo|53/100|[from] Recoil
|
|-heal|p2a: Dondozo|59/100|[from] item: Leftovers
|upkeep
|inactive|prototypefrog has 30 seconds left.
|
|t:|1769320590
|switch|p1a: Pecharunt|Pecharunt|94/100
|-damage|p1a: Pecharunt|81/100|[from] Stealth Rock
|turn|23
|
|t:|1769320595
|switch|p2a: Ting-Lu|Ting-Lu|90/100
|-ability|p2a: Ting-Lu|Vessel of Ruin
|move|p1a: Pecharunt|Malignant Chain|p2a: Ting-Lu
|-resisted|p2a: Ting-Lu
|-damage|p2a: Ting-Lu|80/100
|-status|p2a: Ting-Lu|tox
|-start|p2a: Ting-Lu|confusion|[from] ability: Poison Puppeteer|[of] p1a: Pecharunt
|
|-heal|p1a: Pecharunt|87/100|[from] item: Leftovers
|-heal|p2a: Ting-Lu|86/100 tox|[from] item: Leftovers
|-damage|p2a: Ting-Lu|80/100 tox|[from] psn
|upkeep
|turn|24
|
|t:|1769320609
|switch|p1a: Cloyster|Cloyster, M|100/100
|-damage|p1a: Cloyster|76/100|[from] Stealth Rock
|-activate|p2a: Ting-Lu|confusion
|move|p2a: Ting-Lu|Ruination|p1a: Cloyster
|-damage|p1a: Cloyster|38/100
|
|-heal|p2a: Ting-Lu|86/100 tox|[from] item: Leftovers
|-damage|p2a: Ting-Lu|74/100 tox|[from] psn
|upkeep
|turn|25
|inactive|prototypefrog has 30 seconds left.
|
|t:|1769320626
|switch|p2a: Dondozo|Dondozo, F|59/100
|move|p1a: Cloyster|Shell Smash|p1a: Cloyster
|-unboost|p1a: Cloyster|def|1
|-unboost|p1a: Cloyster|spd|1
|-boost|p1a: Cloyster|atk|2
|-boost|p1a: Cloyster|spa|2
|-boost|p1a: Cloyster|spe|2
|-enditem|p1a: Cloyster|White Herb
|-clearnegativeboost|p1a: Cloyster|[silent]
|
|-heal|p2a: Dondozo|65/100|[from] item: Leftovers
|upkeep
|turn|26
|inactive|prototypefrog has 30 seconds left.
|
|t:|1769320639
|move|p1a: Cloyster|Liquidation|p2a: Dondozo
|-resisted|p2a: Dondozo
|-damage|p2a: Dondozo|58/100
|-unboost|p2a: Dondozo|def|1
|move|p2a: Dondozo|Rest|p2a: Dondozo
|-status|p2a: Dondozo|slp|[from] move: Rest
|-heal|p2a: Dondozo|100/100 slp|[silent]
|
|upkeep
|turn|27
|
|t:|1769320648
|switch|p1a: Pecharunt|Pecharunt|87/100
|-damage|p1a: Pecharunt|75/100|[from] Stealth Rock
|cant|p2a: Dondozo|slp
|move|p2a: Dondozo|Sleep Talk|p2a: Dondozo
|move|p2a: Dondozo|Wave Crash|p1a: Pecharunt|[from] move: Sleep Talk
|-damage|p1a: Pecharunt|57/100
|-damage|p2a: Dondozo|96/100 slp|[from] Recoil
|
|-heal|p1a: Pecharunt|63/100|[from] item: Leftovers
|-heal|p2a: Dondozo|100/100 slp|[from] item: Leftovers
|upkeep
|turn|28
|
|t:|1769320657
|move|p1a: Pecharunt|Recover|p1a: Pecharunt
|-heal|p1a: Pecharunt|100/100
|cant|p2a: Dondozo|slp
|move|p2a: Dondozo|Sleep Talk|p2a: Dondozo
|move|p2a: Dondozo|Wave Crash|p1a: Pecharunt|[from] move: Sleep Talk
|-damage|p1a: Pecharunt|81/100
|-damage|p2a: Dondozo|96/100 slp|[from] Recoil
|
|-heal|p1a: Pecharunt|87/100|[from] item: Leftovers
|-heal|p2a: Dondozo|100/100 slp|[from] item: Leftovers
|upkeep
|turn|29
|
|t:|1769320668
|move|p1a: Pecharunt|Malignant Chain|p2a: Dondozo
|-damage|p2a: Dondozo|69/100 slp
|-curestatus|p2a: Dondozo|slp|[msg]
|move|p2a: Dondozo|Curse|p2a: Dondozo
|-unboost|p2a: Dondozo|spe|1
|-boost|p2a: Dondozo|atk|1
|-boost|p2a: Dondozo|def|1
|
|-heal|p1a: Pecharunt|93/100|[from] item: Leftovers
|-heal|p2a: Dondozo|75/100|[from] item: Leftovers
|upkeep
|turn|30
|
|t:|1769320678
|move|p1a: Pecharunt|Malignant Chain|p2a: Dondozo
|-damage|p2a: Dondozo|48/100
|-status|p2a: Dondozo|tox
|-start|p2a: Dondozo|confusion|[from] ability: Poison Puppeteer|[of] p1a: Pecharunt
|-activate|p2a: Dondozo|confusion
|move|p2a: Dondozo|Curse|p2a: Dondozo
|-unboost|p2a: Dondozo|spe|1
|-boost|p2a: Dondozo|atk|1
|-boost|p2a: Dondozo|def|1
|
|-heal|p1a: Pecharunt|99/100|[from] item: Leftovers
|-heal|p2a: Dondozo|54/100 tox|[from] item: Leftovers
|-damage|p2a: Dondozo|48/100 tox|[from] psn
|upkeep
|turn|31
|
|t:|1769320691
|move|p1a: Pecharunt|Hex|p2a: Dondozo
|-damage|p2a: Dondozo|6/100 tox
|-activate|p2a: Dondozo|confusion
|move|p2a: Dondozo|Rest|p2a: Dondozo
|-status|p2a: Dondozo|slp|[from] move: Rest
|-heal|p2a: Dondozo|100/100 slp|[silent]
|
|-heal|p1a: Pecharunt|100/100|[from] item: Leftovers
|upkeep
|turn|32
|
|t:|1769320698
|move|p1a: Pecharunt|Malignant Chain|p2a: Dondozo
|-damage|p2a: Dondozo|72/100 slp
|cant|p2a: Dondozo|slp
|-activate|p2a: Dondozo|confusion
|-damage|p2a: Dondozo|66/100 slp|[from] confusion
|
|-heal|p2a: Dondozo|72/100 slp|[from] item: Leftovers
|upkeep
|turn|33
|
|t:|1769320712
|move|p1a: Pecharunt|Parting Shot|p2a: Dondozo
|-unboost|p2a: Dondozo|atk|1
|-unboost|p2a: Dondozo|spa|1
|
|t:|1769320715
|switch|p1a: Cloyster|Cloyster, M|38/100|[from] Parting Shot
|-damage|p1a: Cloyster|13/100|[from] Stealth Rock
|cant|p2a: Dondozo|slp
|-activate|p2a: Dondozo|confusion
|move|p2a: Dondozo|Sleep Talk|p2a: Dondozo
|move|p2a: Dondozo|Curse|p2a: Dondozo|[from] move: Sleep Talk
|-unboost|p2a: Dondozo|spe|1
|-boost|p2a: Dondozo|atk|1
|-boost|p2a: Dondozo|def|1
|
|-heal|p2a: Dondozo|78/100 slp|[from] item: Leftovers
|upkeep
|turn|34
|inactive|prototypefrog has 60 seconds left.
|
|t:|1769320734
|move|p1a: Cloyster|Shell Smash|p1a: Cloyster
|-unboost|p1a: Cloyster|def|1
|-unboost|p1a: Cloyster|spd|1
|-boost|p1a: Cloyster|atk|2
|-boost|p1a: Cloyster|spa|2
|-boost|p1a: Cloyster|spe|2
|-curestatus|p2a: Dondozo|slp|[msg]
|-end|p2a: Dondozo|confusion
|move|p2a: Dondozo|Wave Crash|p1a: Cloyster
|-resisted|p1a: Cloyster
|-damage|p1a: Cloyster|0 fnt
|faint|p1a: Cloyster
|-damage|p2a: Dondozo|76/100|[from] Recoil
|
|-heal|p2a: Dondozo|82/100|[from] item: Leftovers
|upkeep
|
|t:|1769320739
|switch|p1a: Pecharunt|Pecharunt|100/100
|-damage|p1a: Pecharunt|88/100|[from] Stealth Rock
|turn|35
|
|t:|1769320749
|move|p1a: Pecharunt|Hex|p2a: Dondozo
|-damage|p2a: Dondozo|64/100
|move|p2a: Dondozo|Wave Crash|p1a: Pecharunt
|-damage|p1a: Pecharunt|50/100
|-damage|p2a: Dondozo|54/100|[from] Recoil
|
|-heal|p1a: Pecharunt|56/100|[from] item: Leftovers
|-heal|p2a: Dondozo|60/100|[from] item: Leftovers
|upkeep
|turn|36
|inactive|prototypefrog has 60 seconds left.
|
|t:|1769320760
|move|p1a: Pecharunt|Recover|p1a: Pecharunt
|-heal|p1a: Pecharunt|100/100
|move|p2a: Dondozo|Wave Crash|p1a: Pecharunt
|-damage|p1a: Pecharunt|64/100
|-damage|p2a: Dondozo|51/100|[from] Recoil
|
|-heal|p1a: Pecharunt|70/100|[from] item: Leftovers
|-heal|p2a: Dondozo|57/100|[from] item: Leftovers
|upkeep
|turn|37
|inactive|prototypefrog has 60 seconds left.
|
|t:|1769320769
|move|p1a: Pecharunt|Malignant Chain|p2a: Dondozo
|-damage|p2a: Dondozo|27/100
|-status|p2a: Dondozo|tox
|-start|p2a: Dondozo|confusion|[from] ability: Poison Puppeteer|[of] p1a: Pecharunt
|-activate|p2a: Dondozo|confusion
|-damage|p2a: Dondozo|23/100 tox|[from] confusion
|
|-heal|p1a: Pecharunt|76/100|[from] item: Leftovers
|-heal|p2a: Dondozo|29/100 tox|[from] item: Leftovers
|-damage|p2a: Dondozo|23/100 tox|[from] psn
|upkeep
|turn|38
|inactive|prototypefrog has 60 seconds left.
|
|t:|1769320780
|move|p1a: Pecharunt|Hex|p2a: Dondozo
|-damage|p2a: Dondozo|0 fnt
|faint|p2a: Dondozo
|
|-heal|p1a: Pecharunt|82/100|[from] item: Leftovers
|upkeep
|-message|luigi888888888 forfeited.
|
|win|prototypefrog
|raw|prototypefrog's rating: 1095 &rarr; <strong>1119</strong><br />(+24 for winning)
|raw|luigi888888888's rating: 1075 &rarr; <strong>1055</strong><br />(-20 for losing)
|l|☆luigi888888888
|player|p2|
|l|☆prototypefrog
|player|p1|
