|j|☆thebugkid
|j|☆yesgamerfleet
|t:|1769317936
|gametype|singles
|player|p1|thebugkid|bugsy-gen2|1365
|player|p2|yesgamerfleet|iris-gen5bw2|1337
|gen|9
|tier|[Gen 9] OU
|rated|
|rule|HP Percentage Mod: HP is shown in percentages
|rule|Endless Battle Clause: Forcing endless battles is banned
|rule|Species Clause: Limit one of each Pokémon
|rule|OHKO Clause: OHKO moves are banned
|rule|Evasion Items Clause: Evasion items are banned
|rule|Evasion Moves Clause: Evasion moves are banned
|rule|Evasion Abilities Clause: Evasion abilities are banned
|rule|Sleep Moves Clause: Sleep-inducing moves are banned
|clearpoke
|poke|p1|Great Tusk|
|poke|p1|Venusaur, M|
|poke|p1|Kingambit, F|
|poke|p1|Walking Wake|
|poke|p1|Ninetales, F|
|poke|p1|Raging Bolt|
|poke|p2|Deoxys-Speed|
|poke|p2|Ceruledge, M|
|poke|p2|Zamazenta-*|
|poke|p2|Ogerpon-Wellspring, F|
|poke|p2|Glimmora, M|
|poke|p2|Great Tusk|
|teampreview
|inactive|Battle timer is ON: inactive players will automatically lose when time's up. (requested by yesgamerfleet)
|
|t:|1769317949
|teamsize|p1|6
|teamsize|p2|6
|start
|switch|p1a: the|Ninetales, F, shiny|100/100
|switch|p2a: Deoxys|Deoxys-Speed|100/100
|-ability|p2a: Deoxys|Pressure
|-weather|SunnyDay|[from] ability: Drought|[of] p1a: the
|turn|1
|
|t:|1769317957
|switch|p1a: an|Kingambit, F, shiny|100/100
|-item|p1a: an|Air Balloon
|move|p2a: Deoxys|Light Screen|p2a: Deoxys
|-sidestart|p2: yesgamerfleet|move: Light Screen
|
|-weather|SunnyDay|[upkeep]
|upkeep
|turn|2
|
|t:|1769317976
|move|p2a: Deoxys|Reflect|p2a: Deoxys
|-sidestart|p2: yesgamerfleet|Reflect
|move|p1a: an|Swords Dance|p1a: an
|-boost|p1a: an|atk|2
|
|-weather|SunnyDay|[upkeep]
|upkeep
|turn|3
|
|t:|1769317982
|move|p2a: Deoxys|Taunt|p1a: an
|-start|p1a: an|move: Taunt
|move|p1a: an|Kowtow Cleave|p2a: Deoxys
|-supereffective|p2a: Deoxys
|-damage|p2a: Deoxys|0 fnt
|faint|p2a: Deoxys
|
|-weather|SunnyDay|[upkeep]
|upkeep
|
|t:|1769317990
|switch|p2a: Zamazenta|Zamazenta|100/100
|-ability|p2a: Zamazenta|Dauntless Shield|boost
|-boost|p2a: Zamazenta|def|1
|turn|4
|
|t:|1769317999
|-end|p1a: an|fallenundefined|[silent]
|switch|p1a: idiot|Venusaur, M, shiny|100/100
|move|p2a: Zamazenta|Iron Defense|p2a: Zamazenta
|-boost|p2a: Zamazenta|def|2
|
|-weather|SunnyDay|[upkeep]
|upkeep
|turn|5
|
|t:|1769318006
|move|p1a: idiot|Giga Drain|p2a: Zamazenta
|-crit|p2a: Zamazenta
|-damage|p2a: Zamazenta|39/100
|-damage|p1a: idiot|91/100|[from] item: Life Orb
|move|p2a: Zamazenta|Body Press|p1a: idiot
|-resisted|p1a: idiot
|-damage|p1a: idiot|30/100
|
|-weather|SunnyDay|[upkeep]
|-heal|p2a: Zamazenta|45/100|[from] item: Leftovers
|upkeep
|turn|6
|inactive|thebugkid has 120 seconds left.
|
|t:|1769318050
|-terastallize|p1a: idiot|Fire
|move|p1a: idiot|Weather Ball|p2a: Zamazenta
|-damage|p2a: Zamazenta|3/100
|-damage|p1a: idiot|20/100|[from] item: Life Orb
|move|p2a: Zamazenta|Body Press|p1a: idiot
|-damage|p1a: idiot|0 fnt
|faint|p1a: idiot
|
|-weather|SunnyDay|[upkeep]
|-heal|p2a: Zamazenta|9/100|[from] item: Leftovers
|upkeep
|
|t:|1769318064
|switch|p1a: buddy|Walking Wake|100/100
|-activate|p1a: buddy|ability: Protosynthesis
|-start|p1a: buddy|protosynthesisspe
|turn|7
|
|t:|1769318073
|move|p1a: buddy|Flamethrower|p2a: Zamazenta
|-damage|p2a: Zamazenta|0 fnt
|faint|p2a: Zamazenta
|
|-weather|SunnyDay|[upkeep]
|upkeep
|inactive|yesgamerfleet has 120 seconds left.
|inactive|yesgamerfleet has 90 seconds left.
|
|t:|1769318135
|switch|p2a: Glimmora|Glimmora, M|100/100
|turn|8
|inactive|yesgamerfleet has 90 seconds left.
|inactive|yesgamerfleet has 60 seconds left.
|
|t:|1769318187
|-end|p1a: buddy|Protosynthesis|[silent]
|switch|p1a: ?|Great Tusk, shiny|100/100
|-activate|p1a: ?|ability: Protosynthesis
|-start|p1a: ?|protosynthesisatk
|-terastallize|p2a: Glimmora|Ghost
|move|p2a: Glimmora|Meteor Beam||[still]
|-prepare|p2a: Glimmora|Meteor Beam
|-boost|p2a: Glimmora|spa|1
|-enditem|p2a: Glimmora|Power Herb
|-anim|p2a: Glimmora|Meteor Beam|p1a: ?
|-resisted|p1a: ?
|-damage|p1a: ?|80/100
|
|-weather|none
|-end|p1a: ?|Protosynthesis
|-sideend|p2: yesgamerfleet|move: Light Screen
|upkeep
|turn|9
|inactive|thebugkid has 120 seconds left.
|
|t:|1769318227
|-end|p1a: ?|Protosynthesis|[silent]
|switch|p1a: the|Ninetales, F, shiny|100/100
|-weather|SunnyDay|[from] ability: Drought|[of] p1a: the
|move|p2a: Glimmora|Stealth Rock|p1a: the
|-sidestart|p1: thebugkid|move: Stealth Rock
|
|-weather|SunnyDay|[upkeep]
|-sideend|p2: yesgamerfleet|Reflect
|upkeep
|turn|10
|
|t:|1769318233
|move|p1a: the|Encore|p2a: Glimmora
|-start|p2a: Glimmora|Encore
|move|p2a: Glimmora|Stealth Rock||[still]
|-fail|p2a: Glimmora
|
|-weather|SunnyDay|[upkeep]
|upkeep
|turn|11
|
|t:|1769318242
|switch|p1a: buddy|Walking Wake|100/100
|-damage|p1a: buddy|88/100|[from] Stealth Rock
|-activate|p1a: buddy|ability: Protosynthesis
|-start|p1a: buddy|protosynthesisspe
|switch|p2a: Great Tusk|Great Tusk|100/100
|-activate|p2a: Great Tusk|ability: Protosynthesis
|-start|p2a: Great Tusk|protosynthesisatk
|
|-weather|SunnyDay|[upkeep]
|upkeep
|turn|12
|
|t:|1769318252
|-end|p2a: Great Tusk|Protosynthesis|[silent]
|switch|p2a: Ogerpon|Ogerpon-Wellspring, F|100/100
|move|p1a: buddy|Hydro Steam|p2a: Ogerpon
|-immune|p2a: Ogerpon|[from] ability: Water Absorb
|
|-weather|SunnyDay|[upkeep]
|upkeep
|turn|13
|inactive|thebugkid has 120 seconds left.
|
|t:|1769318263
|move|p1a: buddy|Draco Meteor|p2a: Ogerpon
|-damage|p2a: Ogerpon|22/100
|-unboost|p1a: buddy|spa|2
|move|p2a: Ogerpon|Swords Dance|p2a: Ogerpon
|-boost|p2a: Ogerpon|atk|2
|
|-weather|SunnyDay|[upkeep]
|upkeep
|turn|14
|inactive|thebugkid has 120 seconds left.
|
|t:|1769318270
|move|p1a: buddy|Flamethrower|p2a: Ogerpon
|-damage|p2a: Ogerpon|0 fnt
|faint|p2a: Ogerpon
|
|-weather|SunnyDay|[upkeep]
|upkeep
|inactive|yesgamerfleet has 90 seconds left.
|
|t:|1769318276
|switch|p2a: Great Tusk|Great Tusk|100/100
|-activate|p2a: Great Tusk|ability: Protosynthesis
|-start|p2a: Great Tusk|protosynthesisatk
|turn|15
|
|t:|1769318282
|move|p1a: buddy|Hydro Steam|p2a: Great Tusk
|-supereffective|p2a: Great Tusk
|-damage|p2a: Great Tusk|0 fnt
|faint|p2a: Great Tusk
|-end|p2a: Great Tusk|Protosynthesis|[silent]
|
|-weather|SunnyDay|[upkeep]
|upkeep
|inactive|yesgamerfleet has 90 seconds left.
|c|☆yesgamerfleet|at at koes at 0-2  ?
|
|t:|1769318308
|switch|p2a: Glimmora|Glimmora, M, tera:Ghost|100/100
|turn|16
|c|☆thebugkid|yes
|c|☆yesgamerfleet|damn
|
|t:|1769318317
|-end|p1a: buddy|Protosynthesis|[silent]
|switch|p1a: an|Kingambit, F, shiny|100/100
|-damage|p1a: an|94/100|[from] Stealth Rock
|-activate|p1a: an|ability: Supreme Overlord
|-start|p1a: an|fallen1|[silent]
|-item|p1a: an|Air Balloon
|move|p2a: Glimmora|Earth Power|p1a: an
|-immune|p1a: an
|
|-weather|none
|upkeep
|turn|17
|inactive|yesgamerfleet has 90 seconds left.
|c|☆yesgamerfleet|i used a sun team with a wake but
|c|☆yesgamerfleet|with a special atk boost'
|c|☆yesgamerfleet|booster
|
|t:|1769318339
|move|p2a: Glimmora|Earth Power|p1a: an
|-immune|p1a: an
|move|p1a: an|Kowtow Cleave|p2a: Glimmora
|-supereffective|p2a: Glimmora
|-damage|p2a: Glimmora|0 fnt
|-activate|p2a: Glimmora|ability: Toxic Debris
|-sidestart|p1: thebugkid|move: Toxic Spikes
|faint|p2a: Glimmora
|
|upkeep
|c|☆thebugkid|wise glassses
|
|t:|1769318342
|switch|p2a: Ceruledge|Ceruledge, M|100/100
|turn|18
|inactive|yesgamerfleet has 90 seconds left.
|l|☆yesgamerfleet
|inactive|yesgamerfleet disconnected and has a minute to reconnect!
|player|p2|
|inactive|yesgamerfleet has 30 seconds to reconnect!
|inactive|yesgamerfleet has 20 seconds to reconnect!
|inactive|yesgamerfleet has 15 seconds to reconnect!
|inactive|yesgamerfleet has 10 seconds to reconnect!
|inactive|yesgamerfleet has 5 seconds to reconnect!
|-message|yesgamerfleet lost due to inactivity.
|
|win|thebugkid
|raw|thebugkid's rating: 1365 &rarr; <strong>1383</strong><br />(+18 for winning)
|raw|yesgamerfleet's rating: 1337 &rarr; <strong>1319</strong><br />(-18 for losing)
|l|☆thebugkid
|player|p1|
