|j|☆wilddaisy
|j|☆rogerrc93
|t:|1769439154
|gametype|singles
|player|p1|wilddaisy|medium|1476
|player|p2|rogerrc93|picnicker|1433
|gen|9
|tier|[Gen 9] OU
|rated|
|rule|HP Percentage Mod: HP is shown in percentages
|rule|Endless Battle Clause: Forcing endless battles is banned
|rule|Species Clause: Limit one of each Pokémon
|rule|OHKO Clause: OHKO moves are banned
|rule|Evasion Items Clause: Evasion items are banned
|rule|Evasion Moves Clause: Evasion moves are banned
|rule|Evasion Abilities Clause: Evasion abilities are banned
|rule|Sleep Moves Clause: Sleep-inducing moves are banned
|clearpoke
|poke|p1|Rillaboom, M|
|poke|p1|Hawlucha, F|
|poke|p1|Great Tusk|
|poke|p1|Kyurem|
|poke|p1|Slowking-Galar, F|
|poke|p1|Skarmory, F|
|poke|p2|Meowscarada, F|
|poke|p2|Volcanion|
|poke|p2|Iron Moth|
|poke|p2|Corviknight, M|
|poke|p2|Clodsire, F|
|poke|p2|Maushold-Four|
|teampreview
|inactive|Battle timer is ON: inactive players will automatically lose when time's up. (requested by rogerrc93)
|
|t:|1769439187
|teamsize|p1|6
|teamsize|p2|6
|start
|switch|p1a: Kyurem|Kyurem|100/100
|switch|p2a: Meowscarada|Meowscarada, F|100/100
|-ability|p1a: Kyurem|Pressure
|turn|1
|
|t:|1769439191
|switch|p1a: Skarmory|Skarmory, F|100/100
|move|p2a: Meowscarada|Triple Axel|p1a: Skarmory
|-start|p2a: Meowscarada|typechange|Ice|[from] ability: Protean
|-damage|p1a: Skarmory|95/100
|-damage|p2a: Meowscarada|84/100|[from] item: Rocky Helmet|[of] p1a: Skarmory
|-damage|p1a: Skarmory|84/100
|-damage|p2a: Meowscarada|68/100|[from] item: Rocky Helmet|[of] p1a: Skarmory
|-damage|p1a: Skarmory|66/100
|-damage|p2a: Meowscarada|51/100|[from] item: Rocky Helmet|[of] p1a: Skarmory
|-hitcount|p1a: Skarmory|3
|
|upkeep
|turn|2
|
|t:|1769439204
|switch|p2a: Volcanion|Volcanion|100/100
|move|p1a: Skarmory|Roost|p1a: Skarmory
|-heal|p1a: Skarmory|100/100
|-singleturn|p1a: Skarmory|move: Roost
|
|upkeep
|turn|3
|
|t:|1769439209
|switch|p1a: Slowking|Slowking-Galar, F|100/100
|move|p2a: Volcanion|Steam Eruption|p1a: Slowking
|-damage|p1a: Slowking|62/100
|-status|p1a: Slowking|brn
|
|-damage|p1a: Slowking|56/100 brn|[from] brn
|upkeep
|turn|4
|
|t:|1769439221
|move|p2a: Volcanion|Earth Power|p1a: Slowking
|-supereffective|p1a: Slowking
|-crit|p1a: Slowking
|-damage|p1a: Slowking|0 fnt
|faint|p1a: Slowking
|
|upkeep
|
|t:|1769439227
|switch|p1a: Great Tusk|Great Tusk|100/100
|turn|5
|
|t:|1769439240
|-terastallize|p2a: Volcanion|Ground
|move|p1a: Great Tusk|Close Combat|p2a: Volcanion
|-damage|p2a: Volcanion|54/100
|-unboost|p1a: Great Tusk|def|1
|-unboost|p1a: Great Tusk|spd|1
|move|p2a: Volcanion|Steam Eruption|p1a: Great Tusk|[miss]
|-miss|p2a: Volcanion|p1a: Great Tusk
|
|upkeep
|turn|6
|
|t:|1769439254
|-end|p1a: Great Tusk|Protosynthesis|[silent]
|switch|p1a: Rillaboom|Rillaboom, M|100/100
|-fieldstart|move: Grassy Terrain|[from] ability: Grassy Surge|[of] p1a: Rillaboom
|move|p2a: Volcanion|Steam Eruption|p1a: Rillaboom
|-resisted|p1a: Rillaboom
|-damage|p1a: Rillaboom|62/100
|-status|p1a: Rillaboom|brn
|
|-heal|p1a: Rillaboom|68/100 brn|[from] Grassy Terrain
|-heal|p2a: Volcanion|60/100|[from] Grassy Terrain
|-damage|p1a: Rillaboom|62/100 brn|[from] brn
|upkeep
|turn|7
|
|t:|1769439265
|switch|p2a: Corviknight|Corviknight, M, shiny|100/100
|-ability|p2a: Corviknight|Pressure
|move|p1a: Rillaboom|Knock Off|p2a: Corviknight
|-damage|p2a: Corviknight|84/100
|-damage|p1a: Rillaboom|46/100 brn|[from] item: Rocky Helmet|[of] p2a: Corviknight
|-enditem|p2a: Corviknight|Rocky Helmet|[from] move: Knock Off|[of] p1a: Rillaboom
|
|-heal|p1a: Rillaboom|52/100 brn|[from] Grassy Terrain
|-damage|p1a: Rillaboom|46/100 brn|[from] brn
|upkeep
|turn|8
|
|t:|1769439282
|switch|p1a: Kyurem|Kyurem|100/100
|-ability|p1a: Kyurem|Pressure
|move|p2a: Corviknight|Brave Bird|p1a: Kyurem
|-damage|p1a: Kyurem|67/100
|-damage|p2a: Corviknight|73/100|[from] Recoil
|
|-heal|p1a: Kyurem|73/100|[from] Grassy Terrain
|upkeep
|turn|9
|
|t:|1769439294
|switch|p2a: Iron Moth|Iron Moth|100/100
|-enditem|p2a: Iron Moth|Booster Energy
|-activate|p2a: Iron Moth|ability: Quark Drive|[fromitem]
|-start|p2a: Iron Moth|quarkdrivespe
|move|p1a: Kyurem|Freeze-Dry|p2a: Iron Moth
|-resisted|p2a: Iron Moth
|-damage|p2a: Iron Moth|74/100
|
|-heal|p2a: Iron Moth|80/100|[from] Grassy Terrain
|-heal|p1a: Kyurem|79/100|[from] Grassy Terrain
|upkeep
|turn|10
|
|t:|1769439310
|switch|p1a: Great Tusk|Great Tusk|100/100
|move|p2a: Iron Moth|Fiery Dance|p1a: Great Tusk
|-damage|p1a: Great Tusk|39/100
|-boost|p2a: Iron Moth|spa|1
|
|-heal|p2a: Iron Moth|86/100|[from] Grassy Terrain
|-heal|p1a: Great Tusk|45/100|[from] Grassy Terrain
|-fieldend|move: Grassy Terrain
|upkeep
|turn|11
|
|t:|1769439317
|move|p2a: Iron Moth|Fiery Dance|p1a: Great Tusk
|-damage|p1a: Great Tusk|0 fnt
|-boost|p2a: Iron Moth|spa|1
|faint|p1a: Great Tusk
|-end|p1a: Great Tusk|Protosynthesis|[silent]
|
|upkeep
|
|t:|1769439321
|switch|p1a: Rillaboom|Rillaboom, M|46/100 brn
|-fieldstart|move: Grassy Terrain|[from] ability: Grassy Surge|[of] p1a: Rillaboom
|turn|12
|
|t:|1769439325
|move|p1a: Rillaboom|Grassy Glide|p2a: Iron Moth
|-resisted|p2a: Iron Moth
|-damage|p2a: Iron Moth|74/100
|move|p2a: Iron Moth|Fiery Dance|p1a: Rillaboom
|-supereffective|p1a: Rillaboom
|-damage|p1a: Rillaboom|0 fnt
|faint|p1a: Rillaboom
|
|-heal|p2a: Iron Moth|80/100|[from] Grassy Terrain
|upkeep
|
|t:|1769439329
|switch|p1a: Hawlucha|Hawlucha, F|100/100
|-enditem|p1a: Hawlucha|Grassy Seed
|-boost|p1a: Hawlucha|def|1|[from] item: Grassy Seed
|turn|13
|
|t:|1769439332
|-terastallize|p1a: Hawlucha|Fire
|move|p1a: Hawlucha|Swords Dance|p1a: Hawlucha
|-boost|p1a: Hawlucha|atk|2
|move|p2a: Iron Moth|Discharge|p1a: Hawlucha
|-damage|p1a: Hawlucha|11/100
|
|-heal|p1a: Hawlucha|17/100|[from] Grassy Terrain
|-heal|p2a: Iron Moth|86/100|[from] Grassy Terrain
|upkeep
|turn|14
|
|t:|1769439346
|-end|p2a: Iron Moth|Quark Drive|[silent]
|switch|p2a: Clodsire|Clodsire, F|100/100
|move|p1a: Hawlucha|Acrobatics|p2a: Clodsire
|-damage|p2a: Clodsire|47/100
|
|-heal|p1a: Hawlucha|23/100|[from] Grassy Terrain
|-heal|p2a: Clodsire|54/100|[from] Grassy Terrain
|-heal|p2a: Clodsire|60/100|[from] item: Leftovers
|upkeep
|turn|15
|
|t:|1769439363
|move|p1a: Hawlucha|Acrobatics|p2a: Clodsire
|-damage|p2a: Clodsire|4/100
|move|p2a: Clodsire|Toxic|p1a: Hawlucha
|-status|p1a: Hawlucha|tox
|
|-heal|p1a: Hawlucha|29/100 tox|[from] Grassy Terrain
|-heal|p2a: Clodsire|10/100|[from] Grassy Terrain
|-heal|p2a: Clodsire|16/100|[from] item: Leftovers
|-damage|p1a: Hawlucha|23/100 tox|[from] psn
|upkeep
|turn|16
|
|t:|1769439370
|switch|p2a: Corviknight|Corviknight, M, shiny|73/100
|-ability|p2a: Corviknight|Pressure
|move|p1a: Hawlucha|Acrobatics|p2a: Corviknight
|-resisted|p2a: Corviknight
|-crit|p2a: Corviknight
|-damage|p2a: Corviknight|30/100
|
|-heal|p1a: Hawlucha|29/100 tox|[from] Grassy Terrain
|-damage|p1a: Hawlucha|17/100 tox|[from] psn
|-fieldend|move: Grassy Terrain
|upkeep
|turn|17
|
|t:|1769439381
|move|p1a: Hawlucha|Close Combat|p2a: Corviknight
|-damage|p2a: Corviknight|0 fnt
|-unboost|p1a: Hawlucha|def|1
|-unboost|p1a: Hawlucha|spd|1
|faint|p2a: Corviknight
|
|-damage|p1a: Hawlucha|0 fnt|[from] psn
|faint|p1a: Hawlucha
|upkeep
|
|t:|1769439391
|switch|p1a: Kyurem|Kyurem|79/100
|switch|p2a: Meowscarada|Meowscarada, F|51/100
|-ability|p1a: Kyurem|Pressure
|turn|18
|
|t:|1769439397
|move|p2a: Meowscarada|Trick|p1a: Kyurem
|-start|p2a: Meowscarada|typechange|Psychic|[from] ability: Protean
|-activate|p2a: Meowscarada|move: Trick|[of] p1a: Kyurem
|-item|p1a: Kyurem|Choice Scarf|[from] move: Trick
|-item|p2a: Meowscarada|Choice Specs|[from] move: Trick
|move|p1a: Kyurem|Ice Beam|p2a: Meowscarada
|-damage|p2a: Meowscarada|0 fnt
|faint|p2a: Meowscarada
|
|upkeep
|
|t:|1769439408
|switch|p2a: Iron Moth|Iron Moth|86/100
|turn|19
|
|t:|1769439411
|switch|p1a: Skarmory|Skarmory, F|100/100
|move|p2a: Iron Moth|Fiery Dance|p1a: Skarmory
|-supereffective|p1a: Skarmory
|-ability|p1a: Skarmory|Sturdy
|-damage|p1a: Skarmory|1/100
|-boost|p2a: Iron Moth|spa|1
|
|upkeep
|turn|20
|
|t:|1769439418
|move|p2a: Iron Moth|Fiery Dance|p1a: Skarmory
|-supereffective|p1a: Skarmory
|-damage|p1a: Skarmory|0 fnt
|faint|p1a: Skarmory
|
|upkeep
|
|t:|1769439419
|switch|p1a: Kyurem|Kyurem|79/100
|-ability|p1a: Kyurem|Pressure
|turn|21
|
|t:|1769439425
|move|p1a: Kyurem|Earth Power|p2a: Iron Moth
|-supereffective|p2a: Iron Moth
|-damage|p2a: Iron Moth|0 fnt
|faint|p2a: Iron Moth
|-end|p2a: Iron Moth|Quark Drive|[silent]
|
|upkeep
|
|t:|1769439427
|switch|p2a: Maushold|Maushold-Four|100/100
|turn|22
|
|t:|1769439432
|move|p1a: Kyurem|Earth Power|p2a: Maushold
|-damage|p2a: Maushold|52/100
|move|p2a: Maushold|Population Bomb|p1a: Kyurem
|-damage|p1a: Kyurem|69/100
|-damage|p1a: Kyurem|58/100
|-damage|p1a: Kyurem|47/100
|-damage|p1a: Kyurem|36/100
|-damage|p1a: Kyurem|26/100
|-damage|p1a: Kyurem|16/100
|-damage|p1a: Kyurem|5/100
|-damage|p1a: Kyurem|0 fnt
|faint|p1a: Kyurem
|-hitcount|p1: Kyurem|8
|
|win|rogerrc93
|raw|wilddaisy's rating: 1476 &rarr; <strong>1454</strong><br />(-22 for losing)
|raw|rogerrc93's rating: 1433 &rarr; <strong>1455</strong><br />(+22 for winning)
|l|☆wilddaisy
|player|p1|
|l|☆rogerrc93
|player|p2|
