|j|☆dexbex
|j|☆ProKameron Bot
|t:|1769311402
|gametype|singles
|player|p1|dexbex|dancer|
|player|p2|ProKameron Bot|sada-ai|
|gen|9
|tier|[Gen 9] OU
|rule|HP Percentage Mod: HP is shown in percentages
|rule|Endless Battle Clause: Forcing endless battles is banned
|rule|Species Clause: Limit one of each Pokémon
|rule|OHKO Clause: OHKO moves are banned
|rule|Evasion Items Clause: Evasion items are banned
|rule|Evasion Moves Clause: Evasion moves are banned
|rule|Evasion Abilities Clause: Evasion abilities are banned
|rule|Sleep Moves Clause: Sleep-inducing moves are banned
|clearpoke
|poke|p1|Tyranitar, M|
|poke|p1|Excadrill, M|
|poke|p1|Gliscor, M|
|poke|p1|Iron Boulder|
|poke|p1|Kingambit, M|
|poke|p1|Ogerpon-Cornerstone, F|
|poke|p2|Great Tusk|
|poke|p2|Kingambit, F|
|poke|p2|Raging Bolt|
|poke|p2|Walking Wake|
|poke|p2|Ninetales, F|
|poke|p2|Ceruledge, F|
|teampreview
|c|☆ProKameron Bot|Please note: I am a bot, not a human. As per what the <<help>> room says (``/roomfaq bots``), bots are allowed to ladder & battle humans. If you find my dialogue annoying, use ``/ignore prokameronbot`` and you won't see any of my messages. Please do not open any help tickets, it wastes staff's time.
|raw|<div class="broadcast-red"><strong>Moderated chat was set to autoconfirmed!</strong><br />Only users of rank autoconfirmed and higher can talk.</div>
|c|☆ProKameron Bot|Hello! My name is ProKameron Bot. And I am, of course, a bot. Good luck and have fun!
|inactive|Battle timer is ON: inactive players will automatically lose when time's up. (requested by ProKameron Bot)
|
|t:|1769311406
|teamsize|p1|6
|teamsize|p2|6
|start
|switch|p1a: Tyranitar|Tyranitar, M|100/100
|switch|p2a: Walking Wake|Walking Wake|100/100
|-weather|Sandstorm|[from] ability: Sand Stream|[of] p1a: Tyranitar
|turn|1
|inactive|dexbex has 270 seconds left.
|
|t:|1769311441
|switch|p1a: Ogerpon|Ogerpon-Cornerstone, F|100/100
|move|p2a: Walking Wake|Hydro Steam|p1a: Ogerpon
|-damage|p1a: Ogerpon|67/100
|
|-weather|Sandstorm|[upkeep]
|-damage|p2a: Walking Wake|94/100|[from] Sandstorm
|upkeep
|turn|2
|inactive|dexbex has 270 seconds left.
|
|t:|1769311454
|move|p1a: Ogerpon|Horn Leech|p2a: Walking Wake
|-damage|p2a: Walking Wake|45/100
|-heal|p1a: Ogerpon|95/100|[from] drain|[of] p2a: Walking Wake
|move|p2a: Walking Wake|Draco Meteor|p1a: Ogerpon|[miss]
|-miss|p2a: Walking Wake|p1a: Ogerpon
|
|-weather|Sandstorm|[upkeep]
|-damage|p2a: Walking Wake|39/100|[from] Sandstorm
|upkeep
|turn|3
|
|t:|1769311462
|move|p1a: Ogerpon|Horn Leech|p2a: Walking Wake
|-damage|p2a: Walking Wake|0 fnt
|-heal|p1a: Ogerpon|100/100|[from] drain|[of] p2a: Walking Wake
|faint|p2a: Walking Wake
|-end|p2a: Walking Wake|Protosynthesis|[silent]
|
|-weather|Sandstorm|[upkeep]
|upkeep
|
|t:|1769311462
|switch|p2a: Great Tusk|Great Tusk|100/100
|turn|4
|inactive|dexbex has 270 seconds left.
|inactive|dexbex has 240 seconds left.
|
|t:|1769311526
|move|p1a: Ogerpon|Horn Leech|p2a: Great Tusk
|-supereffective|p2a: Great Tusk
|-damage|p2a: Great Tusk|31/100
|move|p2a: Great Tusk|Headlong Rush|p1a: Ogerpon
|-damage|p1a: Ogerpon|13/100
|-unboost|p2a: Great Tusk|def|1
|-unboost|p2a: Great Tusk|spd|1
|
|-weather|Sandstorm|[upkeep]
|upkeep
|turn|5
|
|t:|1769311535
|move|p1a: Ogerpon|Horn Leech|p2a: Great Tusk
|-supereffective|p2a: Great Tusk
|-damage|p2a: Great Tusk|0 fnt
|-heal|p1a: Ogerpon|32/100|[from] drain|[of] p2a: Great Tusk
|faint|p2a: Great Tusk
|-end|p2a: Great Tusk|Protosynthesis|[silent]
|
|-weather|Sandstorm|[upkeep]
|upkeep
|
|t:|1769311535
|switch|p2a: Ninetales|Ninetales, F|100/100
|-weather|SunnyDay|[from] ability: Drought|[of] p2a: Ninetales
|turn|6
|inactive|dexbex has 240 seconds left.
|inactive|dexbex has 210 seconds left.
|inactive|dexbex has 180 seconds left.
|
|t:|1769311620
|switch|p1a: Tyranitar|Tyranitar, M|100/100
|-weather|Sandstorm|[from] ability: Sand Stream|[of] p1a: Tyranitar
|move|p2a: Ninetales|Overheat|p1a: Tyranitar
|-resisted|p1a: Tyranitar
|-damage|p1a: Tyranitar|90/100
|-unboost|p2a: Ninetales|spa|2
|
|-weather|Sandstorm|[upkeep]
|-damage|p2a: Ninetales|94/100|[from] Sandstorm
|upkeep
|turn|7
|inactive|dexbex has 150 seconds left.
|
|t:|1769311679
|switch|p2a: Kingambit|Kingambit, F|100/100
|-activate|p2a: Kingambit|ability: Supreme Overlord
|-start|p2a: Kingambit|fallen2|[silent]
|-item|p2a: Kingambit|Air Balloon
|move|p1a: Tyranitar|Stealth Rock|p2a: Kingambit
|-sidestart|p2: ProKameron Bot|move: Stealth Rock
|
|-weather|Sandstorm|[upkeep]
|upkeep
|turn|8
|inactive|dexbex has 120 seconds left.
|
|t:|1769311723
|switch|p1a: Excadrill|Excadrill, M|100/100
|move|p2a: Kingambit|Low Kick|p1a: Excadrill
|-supereffective|p1a: Excadrill
|-damage|p1a: Excadrill|12/100
|
|-weather|Sandstorm|[upkeep]
|-heal|p1a: Excadrill|19/100|[from] item: Leftovers
|upkeep
|turn|9
|inactive|dexbex has 90 seconds left.
|inactive|dexbex has 60 seconds left.
|inactive|dexbex has 30 seconds left.
|
|t:|1769311801
|switch|p1a: Iron Boulder|Iron Boulder|100/100
|-enditem|p1a: Iron Boulder|Booster Energy
|-activate|p1a: Iron Boulder|ability: Quark Drive|[fromitem]
|-start|p1a: Iron Boulder|quarkdrivespe
|move|p2a: Kingambit|Sucker Punch||[still]
|-fail|p2a: Kingambit
|
|-weather|Sandstorm|[upkeep]
|upkeep
|turn|10
|inactive|dexbex has 30 seconds left.
|
|t:|1769311814
|move|p1a: Iron Boulder|Psychic|p2a: Kingambit
|-immune|p2a: Kingambit
|move|p2a: Kingambit|Kowtow Cleave|p1a: Iron Boulder
|-supereffective|p1a: Iron Boulder
|-damage|p1a: Iron Boulder|0 fnt
|faint|p1a: Iron Boulder
|-end|p1a: Iron Boulder|Quark Drive|[silent]
|
|-weather|Sandstorm|[upkeep]
|upkeep
|inactive|dexbex has 30 seconds left.
|
|t:|1769311824
|switch|p1a: Gliscor|Gliscor, M|100/100
|turn|11
|inactive|dexbex has 30 seconds left.
|
|t:|1769311832
|move|p1a: Gliscor|Ice Fang|p2a: Kingambit
|-resisted|p2a: Kingambit
|-damage|p2a: Kingambit|93/100
|-enditem|p2a: Kingambit|Air Balloon
|move|p2a: Kingambit|Swords Dance|p2a: Kingambit
|-boost|p2a: Kingambit|atk|2
|
|-weather|Sandstorm|[upkeep]
|-status|p1a: Gliscor|tox|[from] item: Toxic Orb
|upkeep
|turn|12
|inactive|dexbex has 30 seconds left.
|
|t:|1769311850
|-terastallize|p1a: Gliscor|Ground
|move|p1a: Gliscor|Earthquake|p2a: Kingambit
|-supereffective|p2a: Kingambit
|-damage|p2a: Kingambit|0 fnt
|faint|p2a: Kingambit
|-end|p2a: Kingambit|fallen2|[silent]
|
|-weather|Sandstorm|[upkeep]
|upkeep
|
|t:|1769311850
|switch|p2a: Ninetales|Ninetales, F|94/100
|-damage|p2a: Ninetales|70/100|[from] Stealth Rock
|-weather|SunnyDay|[from] ability: Drought|[of] p2a: Ninetales
|turn|13
|inactive|dexbex has 30 seconds left.
|inactive|dexbex has 20 seconds left.
|inactive|dexbex has 15 seconds left.
|inactive|dexbex has 10 seconds left.
|inactive|dexbex has 5 seconds left.
|
|t:|1769311886
|move|p2a: Ninetales|Overheat|p1a: Gliscor
|-damage|p1a: Gliscor|0 fnt
|-unboost|p2a: Ninetales|spa|2
|faint|p1a: Gliscor
|
|-weather|SunnyDay|[upkeep]
|upkeep
|inactive|dexbex has 10 seconds left this turn.
|inactive|dexbex has 5 seconds left.
|
|t:|1769311893
|switch|p1a: Tyranitar|Tyranitar, M|90/100
|-weather|Sandstorm|[from] ability: Sand Stream|[of] p1a: Tyranitar
|turn|14
|inactive|dexbex has 15 seconds left this turn.
|inactive|dexbex has 10 seconds left.
|
|t:|1769311901
|move|p2a: Ninetales|Scorching Sands|p1a: Tyranitar
|-supereffective|p1a: Tyranitar
|-damage|p1a: Tyranitar|82/100
|-status|p1a: Tyranitar|brn
|move|p1a: Tyranitar|Stealth Rock||[still]
|-fail|p1a: Tyranitar
|
|-weather|Sandstorm|[upkeep]
|-damage|p2a: Ninetales|63/100|[from] Sandstorm
|-damage|p1a: Tyranitar|76/100 brn|[from] brn
|upkeep
|turn|15
|inactive|dexbex has 20 seconds left this turn.
|inactive|dexbex has 15 seconds left.
|inactive|dexbex has 10 seconds left.
|
|t:|1769311911
|move|p2a: Ninetales|Encore|p1a: Tyranitar
|-start|p1a: Tyranitar|Encore
|move|p1a: Tyranitar|Stealth Rock||[still]
|-fail|p1a: Tyranitar
|
|-weather|Sandstorm|[upkeep]
|-damage|p2a: Ninetales|57/100|[from] Sandstorm
|-damage|p1a: Tyranitar|70/100 brn|[from] brn
|upkeep
|turn|16
|inactive|dexbex has 20 seconds left this turn.
|inactive|dexbex has 15 seconds left.
|inactive|dexbex has 10 seconds left.
|
|t:|1769311926
|switch|p1a: Kingambit|Kingambit, M|100/100
|-activate|p1a: Kingambit|ability: Supreme Overlord
|-start|p1a: Kingambit|fallen2|[silent]
|move|p2a: Ninetales|Scorching Sands|p1a: Kingambit
|-supereffective|p1a: Kingambit
|-damage|p1a: Kingambit|81/100
|-status|p1a: Kingambit|brn
|
|-weather|Sandstorm|[upkeep]
|-damage|p2a: Ninetales|51/100|[from] Sandstorm
|-damage|p1a: Kingambit|75/100 brn|[from] brn
|upkeep
|turn|17
|inactive|dexbex has 20 seconds left this turn.
|inactive|dexbex has 15 seconds left.
|inactive|dexbex has 10 seconds left.
|inactive|dexbex has 5 seconds left.
|
|t:|1769311944
|move|p2a: Ninetales|Overheat|p1a: Kingambit
|-supereffective|p1a: Kingambit
|-damage|p1a: Kingambit|28/100 brn
|-unboost|p2a: Ninetales|spa|2
|move|p1a: Kingambit|Kowtow Cleave|p2a: Ninetales
|-damage|p2a: Ninetales|0 fnt
|faint|p2a: Ninetales
|
|-weather|Sandstorm|[upkeep]
|-damage|p1a: Kingambit|22/100 brn|[from] brn
|upkeep
|
|t:|1769311945
|switch|p2a: Raging Bolt|Raging Bolt|100/100
|-damage|p2a: Raging Bolt|88/100|[from] Stealth Rock
|turn|18
|inactive|dexbex has 20 seconds left this turn.
|inactive|dexbex has 15 seconds left.
|inactive|dexbex has 10 seconds left.
|inactive|dexbex has 5 seconds left.
|-message|dexbex lost due to inactivity.
|
|win|ProKameron Bot
|c|☆ProKameron Bot|**Good game, human.**
|l|☆ProKameron Bot
|player|p2|
