|j|☆KintaroLD
|j|☆goated_araquanid
|t:|1769364311
|gametype|singles
|player|p1|KintaroLD|266|1309
|player|p2|goated_araquanid|266|1328
|gen|9
|tier|[Gen 9] OU
|rated|
|rule|HP Percentage Mod: HP is shown in percentages
|rule|Endless Battle Clause: Forcing endless battles is banned
|rule|Species Clause: Limit one of each Pokémon
|rule|OHKO Clause: OHKO moves are banned
|rule|Evasion Items Clause: Evasion items are banned
|rule|Evasion Moves Clause: Evasion moves are banned
|rule|Evasion Abilities Clause: Evasion abilities are banned
|rule|Sleep Moves Clause: Sleep-inducing moves are banned
|clearpoke
|poke|p1|Rillaboom, M|
|poke|p1|Garganacl, M|
|poke|p1|Dragapult, M|
|poke|p1|Gliscor, M|
|poke|p1|Slowking-Galar, M|
|poke|p1|Iron Valiant|
|poke|p2|Regirock|
|poke|p2|Ninetales-Alola, M|
|poke|p2|Enamorus, F|
|poke|p2|Okidogi, M|
|poke|p2|Hatterene, F|
|poke|p2|Scizor, M|
|teampreview
|inactive|Battle timer is ON: inactive players will automatically lose when time's up. (requested by goated_araquanid)
|
|t:|1769364330
|teamsize|p1|6
|teamsize|p2|6
|start
|switch|p1a: Gliscor|Gliscor, M, shiny|100/100
|switch|p2a: Ninetales|Ninetales-Alola, M|100/100
|-weather|Snowscape|[from] ability: Snow Warning|[of] p2a: Ninetales
|turn|1
|
|t:|1769364345
|switch|p1a: Slowking|Slowking-Galar, M|100/100
|move|p2a: Ninetales|Blizzard|p1a: Slowking
|-damage|p1a: Slowking|80/100
|
|-weather|Snowscape|[upkeep]
|upkeep
|turn|2
|
|t:|1769364357
|move|p2a: Ninetales|Aurora Veil|p2a: Ninetales
|-sidestart|p2: goated_araquanid|move: Aurora Veil
|move|p1a: Slowking|Flamethrower|p2a: Ninetales
|-supereffective|p2a: Ninetales
|-damage|p2a: Ninetales|79/100
|
|-weather|Snowscape|[upkeep]
|upkeep
|turn|3
|
|t:|1769364362
|move|p2a: Ninetales|Encore|p1a: Slowking
|-start|p1a: Slowking|Encore
|move|p1a: Slowking|Flamethrower|p2a: Ninetales
|-supereffective|p2a: Ninetales
|-damage|p2a: Ninetales|56/100
|
|-weather|Snowscape|[upkeep]
|upkeep
|turn|4
|
|t:|1769364366
|switch|p2a: Regirock|Regirock|100/100
|switch|p1a: Gliscor|Gliscor, M, shiny|100/100
|
|-weather|Snowscape|[upkeep]
|-status|p1a: Gliscor|tox|[from] item: Toxic Orb
|upkeep
|turn|5
|
|t:|1769364378
|move|p1a: Gliscor|Substitute|p1a: Gliscor
|-start|p1a: Gliscor|Substitute
|-damage|p1a: Gliscor|75/100 tox
|move|p2a: Regirock|Curse|p2a: Regirock
|-unboost|p2a: Regirock|spe|1
|-boost|p2a: Regirock|atk|1
|-boost|p2a: Regirock|def|1
|
|-weather|none
|-heal|p1a: Gliscor|88/100 tox|[from] ability: Poison Heal
|upkeep
|turn|6
|
|t:|1769364385
|move|p1a: Gliscor|Toxic|p2a: Regirock
|-status|p2a: Regirock|tox
|move|p2a: Regirock|Stone Edge|p1a: Gliscor
|-end|p1a: Gliscor|Substitute
|
|-heal|p1a: Gliscor|100/100 tox|[from] ability: Poison Heal
|-damage|p2a: Regirock|94/100 tox|[from] psn
|upkeep
|turn|7
|
|t:|1769364395
|move|p1a: Gliscor|Substitute|p1a: Gliscor
|-start|p1a: Gliscor|Substitute
|-damage|p1a: Gliscor|75/100 tox
|move|p2a: Regirock|Curse|p2a: Regirock
|-unboost|p2a: Regirock|spe|1
|-boost|p2a: Regirock|atk|1
|-boost|p2a: Regirock|def|1
|
|-heal|p1a: Gliscor|88/100 tox|[from] ability: Poison Heal
|-damage|p2a: Regirock|82/100 tox|[from] psn
|upkeep
|turn|8
|
|t:|1769364402
|move|p1a: Gliscor|Protect|p1a: Gliscor
|-singleturn|p1a: Gliscor|Protect
|move|p2a: Regirock|Stone Edge|p1a: Gliscor
|-activate|p1a: Gliscor|move: Protect
|
|-heal|p1a: Gliscor|100/100 tox|[from] ability: Poison Heal
|-damage|p2a: Regirock|64/100 tox|[from] psn
|upkeep
|turn|9
|
|t:|1769364412
|move|p1a: Gliscor|Earthquake|p2a: Regirock
|-supereffective|p2a: Regirock
|-damage|p2a: Regirock|55/100 tox
|move|p2a: Regirock|Stone Edge|p1a: Gliscor
|-crit|p1a: Gliscor
|-end|p1a: Gliscor|Substitute
|
|-damage|p2a: Regirock|31/100 tox|[from] psn
|-sideend|p2: goated_araquanid|move: Aurora Veil
|upkeep
|turn|10
|
|t:|1769364425
|move|p1a: Gliscor|Substitute|p1a: Gliscor
|-start|p1a: Gliscor|Substitute
|-damage|p1a: Gliscor|75/100 tox
|move|p2a: Regirock|Rest|p2a: Regirock
|-status|p2a: Regirock|slp|[from] move: Rest
|-heal|p2a: Regirock|100/100 slp|[silent]
|
|-heal|p1a: Gliscor|88/100 tox|[from] ability: Poison Heal
|upkeep
|turn|11
|
|t:|1769364431
|move|p1a: Gliscor|Toxic||[still]
|-fail|p1a: Gliscor
|cant|p2a: Regirock|slp
|
|-heal|p1a: Gliscor|100/100 tox|[from] ability: Poison Heal
|upkeep
|turn|12
|
|t:|1769364449
|move|p1a: Gliscor|Toxic||[still]
|-fail|p1a: Gliscor
|cant|p2a: Regirock|slp
|
|upkeep
|turn|13
|
|t:|1769364456
|move|p1a: Gliscor|Earthquake|p2a: Regirock
|-supereffective|p2a: Regirock
|-damage|p2a: Regirock|84/100 slp
|-curestatus|p2a: Regirock|slp|[msg]
|move|p2a: Regirock|Body Press|p1a: Gliscor
|-resisted|p1a: Gliscor
|-end|p1a: Gliscor|Substitute
|
|upkeep
|turn|14
|
|t:|1769364465
|move|p1a: Gliscor|Substitute|p1a: Gliscor
|-start|p1a: Gliscor|Substitute
|-damage|p1a: Gliscor|75/100 tox
|move|p2a: Regirock|Stone Edge|p1a: Gliscor
|-end|p1a: Gliscor|Substitute
|
|-heal|p1a: Gliscor|88/100 tox|[from] ability: Poison Heal
|upkeep
|turn|15
|
|t:|1769364473
|move|p1a: Gliscor|Substitute|p1a: Gliscor
|-start|p1a: Gliscor|Substitute
|-damage|p1a: Gliscor|63/100 tox
|move|p2a: Regirock|Curse|p2a: Regirock
|-unboost|p2a: Regirock|spe|1
|-boost|p2a: Regirock|atk|1
|-boost|p2a: Regirock|def|1
|
|-heal|p1a: Gliscor|75/100 tox|[from] ability: Poison Heal
|upkeep
|turn|16
|
|t:|1769364481
|move|p1a: Gliscor|Toxic|p2a: Regirock
|-status|p2a: Regirock|tox
|move|p2a: Regirock|Body Press|p1a: Gliscor
|-resisted|p1a: Gliscor
|-end|p1a: Gliscor|Substitute
|
|-heal|p1a: Gliscor|88/100 tox|[from] ability: Poison Heal
|-damage|p2a: Regirock|78/100 tox|[from] psn
|upkeep
|turn|17
|
|t:|1769364487
|move|p1a: Gliscor|Protect|p1a: Gliscor
|-singleturn|p1a: Gliscor|Protect
|move|p2a: Regirock|Body Press|p1a: Gliscor
|-activate|p1a: Gliscor|move: Protect
|
|-heal|p1a: Gliscor|100/100 tox|[from] ability: Poison Heal
|-damage|p2a: Regirock|66/100 tox|[from] psn
|upkeep
|turn|18
|
|t:|1769364493
|move|p1a: Gliscor|Substitute|p1a: Gliscor
|-start|p1a: Gliscor|Substitute
|-damage|p1a: Gliscor|75/100 tox
|move|p2a: Regirock|Curse|p2a: Regirock
|-unboost|p2a: Regirock|spe|1
|-boost|p2a: Regirock|atk|1
|-boost|p2a: Regirock|def|1
|
|-heal|p1a: Gliscor|88/100 tox|[from] ability: Poison Heal
|-damage|p2a: Regirock|48/100 tox|[from] psn
|upkeep
|turn|19
|
|t:|1769364499
|move|p1a: Gliscor|Earthquake|p2a: Regirock
|-supereffective|p2a: Regirock
|-damage|p2a: Regirock|36/100 tox
|move|p2a: Regirock|Rest|p2a: Regirock
|-status|p2a: Regirock|slp|[from] move: Rest
|-heal|p2a: Regirock|100/100 slp|[silent]
|
|-heal|p1a: Gliscor|100/100 tox|[from] ability: Poison Heal
|upkeep
|turn|20
|
|t:|1769364515
|switch|p1a: Garganacl|Garganacl, M|100/100
|cant|p2a: Regirock|slp
|
|upkeep
|turn|21
|
|t:|1769364517
|move|p1a: Garganacl|Iron Defense|p1a: Garganacl
|-boost|p1a: Garganacl|def|2
|cant|p2a: Regirock|slp
|
|upkeep
|turn|22
|
|t:|1769364526
|move|p1a: Garganacl|Iron Defense|p1a: Garganacl
|-boost|p1a: Garganacl|def|2
|-curestatus|p2a: Regirock|slp|[msg]
|move|p2a: Regirock|Body Press|p1a: Garganacl
|-supereffective|p1a: Garganacl
|-damage|p1a: Garganacl|58/100
|
|-heal|p1a: Garganacl|64/100|[from] item: Leftovers
|upkeep
|turn|23
|
|t:|1769364535
|-terastallize|p2a: Regirock|Flying
|move|p1a: Garganacl|Iron Defense|p1a: Garganacl
|-boost|p1a: Garganacl|def|2
|move|p2a: Regirock|Body Press|p1a: Garganacl
|-supereffective|p1a: Garganacl
|-damage|p1a: Garganacl|27/100
|
|-heal|p1a: Garganacl|33/100|[from] item: Leftovers
|upkeep
|turn|24
|
|t:|1769364542
|move|p1a: Garganacl|Recover|p1a: Garganacl
|-heal|p1a: Garganacl|83/100
|move|p2a: Regirock|Curse|p2a: Regirock
|-unboost|p2a: Regirock|spe|1
|-boost|p2a: Regirock|atk|1
|-boost|p2a: Regirock|def|1
|
|-heal|p1a: Garganacl|89/100|[from] item: Leftovers
|upkeep
|turn|25
|
|t:|1769364552
|-terastallize|p1a: Garganacl|Water
|move|p1a: Garganacl|Salt Cure|p2a: Regirock
|-supereffective|p2a: Regirock
|-damage|p2a: Regirock|96/100
|-start|p2a: Regirock|Salt Cure
|move|p2a: Regirock|Curse|p2a: Regirock
|-unboost|p2a: Regirock|spe|1
|-boost|p2a: Regirock|atk|1
|-boost|p2a: Regirock|def|1
|
|-heal|p1a: Garganacl|96/100|[from] item: Leftovers
|-damage|p2a: Regirock|83/100|[from] Salt Cure
|upkeep
|turn|26
|
|t:|1769364570
|move|p1a: Garganacl|Body Press|p2a: Regirock
|-resisted|p2a: Regirock
|-damage|p2a: Regirock|77/100
|move|p2a: Regirock|Body Press|p1a: Garganacl
|-crit|p1a: Garganacl
|-damage|p1a: Garganacl|0 fnt
|faint|p1a: Garganacl
|
|-damage|p2a: Regirock|65/100|[from] Salt Cure
|upkeep
|
|t:|1769364580
|switch|p1a: Dragapult|Dragapult, M|100/100
|turn|27
|
|t:|1769364584
|move|p1a: Dragapult|Draco Meteor|p2a: Regirock
|-damage|p2a: Regirock|7/100
|-unboost|p1a: Dragapult|spa|2
|-enditem|p2a: Regirock|Maranga Berry|[eat]
|-boost|p2a: Regirock|spd|1|[from] item: Maranga Berry
|move|p2a: Regirock|Stone Edge|p1a: Dragapult
|-damage|p1a: Dragapult|0 fnt
|faint|p1a: Dragapult
|
|-damage|p2a: Regirock|0 fnt|[from] Salt Cure
|faint|p2a: Regirock
|upkeep
|
|t:|1769364604
|switch|p1a: Rillaboom|Rillaboom, M|100/100
|switch|p2a: Ninetales|Ninetales-Alola, M|56/100
|-weather|Snowscape|[from] ability: Snow Warning|[of] p2a: Ninetales
|-fieldstart|move: Grassy Terrain|[from] ability: Grassy Surge|[of] p1a: Rillaboom
|turn|28
|
|t:|1769364616
|move|p2a: Ninetales|Aurora Veil|p2a: Ninetales
|-sidestart|p2: goated_araquanid|move: Aurora Veil
|move|p1a: Rillaboom|Swords Dance|p1a: Rillaboom
|-boost|p1a: Rillaboom|atk|2
|
|-weather|Snowscape|[upkeep]
|-heal|p2a: Ninetales|62/100|[from] Grassy Terrain
|upkeep
|turn|29
|
|t:|1769364625
|move|p1a: Rillaboom|Grassy Glide|p2a: Ninetales
|-damage|p2a: Ninetales|12/100
|-damage|p1a: Rillaboom|91/100|[from] item: Life Orb
|move|p2a: Ninetales|Encore|p1a: Rillaboom
|-start|p1a: Rillaboom|Encore
|
|-weather|Snowscape|[upkeep]
|-heal|p2a: Ninetales|18/100|[from] Grassy Terrain
|-heal|p1a: Rillaboom|97/100|[from] Grassy Terrain
|upkeep
|turn|30
|
|t:|1769364631
|switch|p2a: Scizor|Scizor, M|100/100
|switch|p1a: Slowking|Slowking-Galar, M|100/100
|
|-weather|Snowscape|[upkeep]
|upkeep
|turn|31
|
|t:|1769364635
|move|p2a: Scizor|Swords Dance|p2a: Scizor
|-boost|p2a: Scizor|atk|2
|move|p1a: Slowking|Flamethrower|p2a: Scizor
|-supereffective|p2a: Scizor
|-damage|p2a: Scizor|37/100
|
|-weather|Snowscape|[upkeep]
|-heal|p2a: Scizor|43/100|[from] Grassy Terrain
|-heal|p2a: Scizor|49/100|[from] item: Leftovers
|upkeep
|turn|32
|
|t:|1769364639
|move|p2a: Scizor|Knock Off|p1a: Slowking
|-supereffective|p1a: Slowking
|-damage|p1a: Slowking|0 fnt
|-enditem|p1a: Slowking|Heavy-Duty Boots|[from] move: Knock Off|[of] p2a: Scizor
|faint|p1a: Slowking
|
|-weather|none
|-heal|p2a: Scizor|55/100|[from] Grassy Terrain
|-heal|p2a: Scizor|61/100|[from] item: Leftovers
|-fieldend|move: Grassy Terrain
|upkeep
|-message|KintaroLD forfeited.
|
|win|goated_araquanid
|raw|KintaroLD's rating: 1309 &rarr; <strong>1290</strong><br />(-19 for losing)
|raw|goated_araquanid's rating: 1328 &rarr; <strong>1347</strong><br />(+19 for winning)
|l|☆KintaroLD
|player|p1|
