|j|☆patchworrk
|j|☆Cetus45
|t:|1769304162
|gametype|singles
|player|p1|patchworrk|rosa|1305
|player|p2|Cetus45|waiter|1409
|gen|9
|tier|[Gen 9] OU
|rated|
|rule|HP Percentage Mod: HP is shown in percentages
|rule|Endless Battle Clause: Forcing endless battles is banned
|rule|Species Clause: Limit one of each Pokémon
|rule|OHKO Clause: OHKO moves are banned
|rule|Evasion Items Clause: Evasion items are banned
|rule|Evasion Moves Clause: Evasion moves are banned
|rule|Evasion Abilities Clause: Evasion abilities are banned
|rule|Sleep Moves Clause: Sleep-inducing moves are banned
|clearpoke
|poke|p1|Primarina, M|
|poke|p1|Enamorus, F|
|poke|p1|Iron Moth|
|poke|p1|Iron Treads|
|poke|p1|Dragapult, M|
|poke|p1|Iron Jugulis|
|poke|p2|Samurott-Hisui, M|
|poke|p2|Okidogi, M|
|poke|p2|Gliscor, F|
|poke|p2|Great Tusk|
|poke|p2|Gholdengo|
|poke|p2|Zamazenta-*|
|teampreview
|inactive|Battle timer is ON: inactive players will automatically lose when time's up. (requested by Cetus45)
|
|t:|1769304173
|teamsize|p1|6
|teamsize|p2|6
|start
|switch|p1a: golden wind|Dragapult, M, shiny|100/100
|switch|p2a: Gliscor|Gliscor, F|100/100
|turn|1
|
|t:|1769304188
|move|p2a: Gliscor|Protect|p2a: Gliscor
|-singleturn|p2a: Gliscor|Protect
|move|p1a: golden wind|U-turn|p2a: Gliscor
|-activate|p2a: Gliscor|move: Protect
|
|-status|p2a: Gliscor|tox|[from] item: Toxic Orb
|upkeep
|turn|2
|
|t:|1769304194
|move|p1a: golden wind|U-turn|p2a: Gliscor
|-resisted|p2a: Gliscor
|-damage|p2a: Gliscor|87/100 tox
|
|t:|1769304201
|switch|p1a: persephone|Primarina, M, shiny|100/100|[from] U-turn
|move|p2a: Gliscor|Stealth Rock|p1a: persephone
|-sidestart|p1: patchworrk|move: Stealth Rock
|
|-heal|p2a: Gliscor|99/100 tox|[from] ability: Poison Heal
|upkeep
|turn|3
|
|t:|1769304213
|move|p2a: Gliscor|U-turn|p1a: persephone
|-resisted|p1a: persephone
|-damage|p1a: persephone|91/100
|
|t:|1769304219
|switch|p2a: Samurott|Samurott-Hisui, M|100/100|[from] U-turn
|move|p1a: persephone|Whirlpool|p2a: Samurott|[miss]
|-miss|p1a: persephone|p2a: Samurott
|
|-heal|p1a: persephone|97/100|[from] item: Leftovers
|upkeep
|turn|4
|
|t:|1769304232
|switch|p2a: Okidogi|Okidogi, M|100/100
|move|p1a: persephone|Moonblast|p2a: Okidogi
|-damage|p2a: Okidogi|60/100
|
|-heal|p2a: Okidogi|66/100|[from] item: Leftovers
|-heal|p1a: persephone|100/100|[from] item: Leftovers
|upkeep
|turn|5
|
|t:|1769304244
|switch|p1a: address me|Iron Treads|100/100
|-damage|p1a: address me|97/100|[from] Stealth Rock
|-item|p1a: address me|Air Balloon
|move|p2a: Okidogi|Poison Jab|p1a: address me
|-immune|p1a: address me
|
|-heal|p2a: Okidogi|72/100|[from] item: Leftovers
|upkeep
|turn|6
|
|t:|1769304265
|move|p1a: address me|Earthquake|p2a: Okidogi
|-supereffective|p2a: Okidogi
|-damage|p2a: Okidogi|0 fnt
|faint|p2a: Okidogi
|
|upkeep
|
|t:|1769304271
|switch|p2a: Great Tusk|Great Tusk|100/100
|turn|7
|
|t:|1769304276
|move|p1a: address me|Ice Spinner|p2a: Great Tusk
|-supereffective|p2a: Great Tusk
|-damage|p2a: Great Tusk|63/100
|move|p2a: Great Tusk|Rapid Spin|p1a: address me
|-resisted|p1a: address me
|-damage|p1a: address me|90/100
|-boost|p2a: Great Tusk|spe|1
|-enditem|p1a: address me|Air Balloon
|
|upkeep
|turn|8
|
|t:|1769304299
|-end|p1a: address me|Quark Drive|[silent]
|switch|p1a: twink|Enamorus, F|100/100
|-damage|p1a: twink|76/100|[from] Stealth Rock
|move|p2a: Great Tusk|Headlong Rush|p1a: twink
|-immune|p1a: twink
|
|upkeep
|turn|9
|
|t:|1769304312
|-terastallize|p2a: Great Tusk|Steel
|move|p1a: twink|Moonblast|p2a: Great Tusk
|-resisted|p2a: Great Tusk
|-damage|p2a: Great Tusk|19/100
|move|p2a: Great Tusk|Ice Spinner|p1a: twink
|-supereffective|p1a: twink
|-damage|p1a: twink|0 fnt
|faint|p1a: twink
|
|upkeep
|
|t:|1769304324
|switch|p1a: iron mugulus|Iron Jugulis, shiny|100/100
|-damage|p1a: iron mugulus|76/100|[from] Stealth Rock
|-enditem|p1a: iron mugulus|Booster Energy
|-activate|p1a: iron mugulus|ability: Quark Drive|[fromitem]
|-start|p1a: iron mugulus|quarkdrivespe
|turn|10
|
|t:|1769304330
|-end|p2a: Great Tusk|Protosynthesis|[silent]
|switch|p2a: Samurott|Samurott-Hisui, M|100/100
|move|p1a: iron mugulus|Earth Power|p2a: Samurott
|-damage|p2a: Samurott|81/100
|
|upkeep
|turn|11
|
|t:|1769304339
|-terastallize|p1a: iron mugulus|Fairy
|move|p1a: iron mugulus|Tera Blast|p2a: Samurott|[anim] Tera Blast Fairy
|-supereffective|p2a: Samurott
|-damage|p2a: Samurott|26/100
|move|p2a: Samurott|Ceaseless Edge|p1a: iron mugulus
|-resisted|p1a: iron mugulus
|-damage|p1a: iron mugulus|51/100
|-sidestart|p1: patchworrk|Spikes
|
|upkeep
|turn|12
|
|t:|1769304351
|move|p2a: Samurott|Sucker Punch|p1a: iron mugulus
|-resisted|p1a: iron mugulus
|-damage|p1a: iron mugulus|33/100
|move|p1a: iron mugulus|Tera Blast|p2a: Samurott|[anim] Tera Blast Fairy
|-supereffective|p2a: Samurott
|-damage|p2a: Samurott|0 fnt
|faint|p2a: Samurott
|
|upkeep
|
|t:|1769304358
|switch|p2a: Gliscor|Gliscor, F|99/100 tox
|turn|13
|
|t:|1769304364
|-end|p1a: iron mugulus|Quark Drive|[silent]
|switch|p1a: persephone|Primarina, M, shiny|100/100
|-damage|p1a: persephone|88/100|[from] Stealth Rock
|-damage|p1a: persephone|76/100|[from] Spikes
|move|p2a: Gliscor|Earthquake|p1a: persephone
|-damage|p1a: persephone|35/100
|
|-heal|p1a: persephone|41/100|[from] item: Leftovers
|-heal|p2a: Gliscor|100/100 tox|[from] ability: Poison Heal
|upkeep
|turn|14
|
|t:|1769304380
|move|p2a: Gliscor|Earthquake|p1a: persephone
|-damage|p1a: persephone|0 fnt
|faint|p1a: persephone
|
|upkeep
|
|t:|1769304387
|switch|p1a: address me|Iron Treads|90/100
|-damage|p1a: address me|87/100|[from] Stealth Rock
|-damage|p1a: address me|74/100|[from] Spikes
|turn|15
|
|t:|1769304398
|switch|p2a: Gholdengo|Gholdengo|100/100
|-item|p2a: Gholdengo|Air Balloon
|move|p1a: address me|Ice Spinner|p2a: Gholdengo
|-resisted|p2a: Gholdengo
|-damage|p2a: Gholdengo|85/100
|-enditem|p2a: Gholdengo|Air Balloon
|
|upkeep
|turn|16
|
|t:|1769304409
|move|p1a: address me|Earthquake|p2a: Gholdengo
|-supereffective|p2a: Gholdengo
|-damage|p2a: Gholdengo|0 fnt
|faint|p2a: Gholdengo
|
|upkeep
|
|t:|1769304413
|switch|p2a: Zamazenta|Zamazenta|100/100
|-ability|p2a: Zamazenta|Dauntless Shield|boost
|-boost|p2a: Zamazenta|def|1
|turn|17
|
|t:|1769304425
|move|p2a: Zamazenta|Body Press|p1a: address me
|-supereffective|p1a: address me
|-damage|p1a: address me|0 fnt
|faint|p1a: address me
|-end|p1a: address me|Quark Drive|[silent]
|
|upkeep
|
|t:|1769304429
|switch|p1a: iron mugulus|Iron Jugulis, shiny, tera:Fairy|33/100
|-damage|p1a: iron mugulus|20/100|[from] Stealth Rock
|-damage|p1a: iron mugulus|8/100|[from] Spikes
|turn|18
|
|t:|1769304435
|move|p2a: Zamazenta|Body Press|p1a: iron mugulus
|-resisted|p1a: iron mugulus
|-damage|p1a: iron mugulus|0 fnt
|faint|p1a: iron mugulus
|-end|p1a: iron mugulus|Quark Drive|[silent]
|
|upkeep
|
|t:|1769304448
|switch|p1a: golden wind|Dragapult, M, shiny|100/100
|-damage|p1a: golden wind|88/100|[from] Stealth Rock
|-damage|p1a: golden wind|76/100|[from] Spikes
|turn|19
|
|t:|1769304457
|move|p1a: golden wind|Dragon Darts|p2a: Zamazenta
|-damage|p2a: Zamazenta|83/100
|-anim|p1a: golden wind|Dragon Darts|p2a: Zamazenta
|-damage|p2a: Zamazenta|65/100
|move|p2a: Zamazenta|Crunch|p1a: golden wind
|-supereffective|p1a: golden wind
|-damage|p1a: golden wind|23/100
|
|-heal|p2a: Zamazenta|71/100|[from] item: Leftovers
|upkeep
|turn|20
|
|t:|1769304468
|switch|p1a: hivemind|Iron Moth|100/100
|-damage|p1a: hivemind|76/100|[from] Stealth Rock
|-damage|p1a: hivemind|63/100|[from] Spikes
|-enditem|p1a: hivemind|Booster Energy
|-activate|p1a: hivemind|ability: Quark Drive|[fromitem]
|-start|p1a: hivemind|quarkdrivespa
|move|p2a: Zamazenta|Crunch|p1a: hivemind
|-damage|p1a: hivemind|29/100
|-unboost|p1a: hivemind|def|1
|
|-heal|p2a: Zamazenta|77/100|[from] item: Leftovers
|upkeep
|turn|21
|
|t:|1769304482
|move|p2a: Zamazenta|Crunch|p1a: hivemind
|-damage|p1a: hivemind|0 fnt
|faint|p1a: hivemind
|-end|p1a: hivemind|Quark Drive|[silent]
|
|-heal|p2a: Zamazenta|83/100|[from] item: Leftovers
|upkeep
|
|t:|1769304485
|switch|p1a: golden wind|Dragapult, M, shiny|23/100
|-damage|p1a: golden wind|10/100|[from] Stealth Rock
|-damage|p1a: golden wind|0 fnt|[from] Spikes
|faint|p1a: golden wind
|
|win|Cetus45
|raw|patchworrk's rating: 1305 &rarr; <strong>1291</strong><br />(-14 for losing)
|raw|Cetus45's rating: 1409 &rarr; <strong>1423</strong><br />(+14 for winning)
