|j|☆CambridgeFoulPlay
|j|☆poopseydoopsey
|t:|1769374052
|gametype|singles
|player|p1|CambridgeFoulPlay|266|1762
|player|p2|poopseydoopsey|hiker-gen6|1797
|gen|9
|tier|[Gen 9] OU
|rated|
|rule|HP Percentage Mod: HP is shown in percentages
|rule|Endless Battle Clause: Forcing endless battles is banned
|rule|Species Clause: Limit one of each Pokémon
|rule|OHKO Clause: OHKO moves are banned
|rule|Evasion Items Clause: Evasion items are banned
|rule|Evasion Moves Clause: Evasion moves are banned
|rule|Evasion Abilities Clause: Evasion abilities are banned
|rule|Sleep Moves Clause: Sleep-inducing moves are banned
|clearpoke
|poke|p1|Hydrapple, M|
|poke|p1|Tyranitar, F|
|poke|p1|Moltres|
|poke|p1|Zamazenta-*|
|poke|p1|Slowking-Galar, M|
|poke|p1|Excadrill, F|
|poke|p2|Dragapult, M|
|poke|p2|Samurott-Hisui, F|
|poke|p2|Dragonite, F|
|poke|p2|Great Tusk|
|poke|p2|Rillaboom, F|
|poke|p2|Heatran, M|
|teampreview
|inactive|Battle timer is ON: inactive players will automatically lose when time's up. (requested by poopseydoopsey)
|c|☆CambridgeFoulPlay|hf
|inactive|CambridgeFoulPlay also wants the timer to be on.
|c|☆poopseydoopsey|gl
|
|t:|1769374073
|teamsize|p1|6
|teamsize|p2|6
|start
|switch|p1a: Zamazenta|Zamazenta|100/100
|switch|p2a: truecel rage|Rillaboom, F|100/100
|-ability|p1a: Zamazenta|Dauntless Shield|boost
|-boost|p1a: Zamazenta|def|1
|-fieldstart|move: Grassy Terrain|[from] ability: Grassy Surge|[of] p2a: truecel rage
|turn|1
|
|t:|1769374079
|move|p1a: Zamazenta|Crunch|p2a: truecel rage
|-damage|p2a: truecel rage|77/100
|move|p2a: truecel rage|Wood Hammer|p1a: Zamazenta
|-damage|p1a: Zamazenta|37/100
|-damage|p2a: truecel rage|57/100|[from] Recoil
|
|-heal|p1a: Zamazenta|44/100|[from] Grassy Terrain
|-heal|p1a: Zamazenta|50/100|[from] item: Leftovers
|-heal|p2a: truecel rage|63/100|[from] Grassy Terrain
|upkeep
|turn|2
|
|t:|1769374091
|switch|p2a: IDF war machine|Heatran, M|100/100
|move|p1a: Zamazenta|Body Press|p2a: IDF war machine
|-supereffective|p2a: IDF war machine
|-damage|p2a: IDF war machine|0 fnt
|faint|p2a: IDF war machine
|
|-heal|p1a: Zamazenta|56/100|[from] Grassy Terrain
|-heal|p1a: Zamazenta|62/100|[from] item: Leftovers
|upkeep
|
|t:|1769374104
|switch|p2a: foid annihilator|Dragapult, M|100/100
|turn|3
|
|t:|1769374106
|move|p1a: Zamazenta|Crunch|p2a: foid annihilator
|-supereffective|p2a: foid annihilator
|-damage|p2a: foid annihilator|44/100
|move|p2a: foid annihilator|Draco Meteor|p1a: Zamazenta
|-damage|p1a: Zamazenta|0 fnt
|-unboost|p2a: foid annihilator|spa|2
|faint|p1a: Zamazenta
|-damage|p2a: foid annihilator|35/100|[from] item: Life Orb
|
|-heal|p2a: foid annihilator|41/100|[from] Grassy Terrain
|upkeep
|
|t:|1769374110
|switch|p1a: Slowking|Slowking-Galar, M|100/100
|turn|4
|
|t:|1769374114
|switch|p2a: chudtopia|Samurott-Hisui, F|100/100
|move|p1a: Slowking|Sludge Bomb|p2a: chudtopia
|-damage|p2a: chudtopia|70/100
|
|-heal|p2a: chudtopia|76/100|[from] Grassy Terrain
|upkeep
|turn|5
|
|t:|1769374117
|switch|p1a: Hydrapple|Hydrapple, M|100/100
|move|p2a: chudtopia|Ceaseless Edge|p1a: Hydrapple
|-damage|p1a: Hydrapple|70/100
|-sidestart|p1: CambridgeFoulPlay|Spikes
|
|-heal|p2a: chudtopia|82/100|[from] Grassy Terrain
|-heal|p1a: Hydrapple|76/100|[from] Grassy Terrain
|-fieldend|move: Grassy Terrain
|upkeep
|turn|6
|
|t:|1769374128
|move|p2a: chudtopia|Ceaseless Edge|p1a: Hydrapple
|-damage|p1a: Hydrapple|49/100
|-sidestart|p1: CambridgeFoulPlay|Spikes
|move|p1a: Hydrapple|Fickle Beam|p2a: chudtopia|[anim] Fickle Beam All Out
|-activate|p1a: Hydrapple|move: Fickle Beam
|-damage|p2a: chudtopia|26/100
|
|upkeep
|turn|7
|
|t:|1769374134
|move|p2a: chudtopia|Ceaseless Edge|p1a: Hydrapple
|-damage|p1a: Hydrapple|20/100
|-sidestart|p1: CambridgeFoulPlay|Spikes
|move|p1a: Hydrapple|Giga Drain|p2a: chudtopia
|-supereffective|p2a: chudtopia
|-damage|p2a: chudtopia|0 fnt
|-heal|p1a: Hydrapple|31/100|[from] drain|[of] p2a: chudtopia
|faint|p2a: chudtopia
|
|upkeep
|
|t:|1769374141
|switch|p2a: foid annihilator|Dragapult, M|41/100
|turn|8
|
|t:|1769374144
|switch|p1a: Tyranitar|Tyranitar, F|100/100
|-damage|p1a: Tyranitar|76/100|[from] Spikes
|-weather|Sandstorm|[from] ability: Sand Stream|[of] p1a: Tyranitar
|move|p2a: foid annihilator|Dragon Darts|p1a: Tyranitar
|-damage|p1a: Tyranitar|56/100
|-anim|p2a: foid annihilator|Dragon Darts|p1a: Tyranitar
|-damage|p1a: Tyranitar|37/100
|-damage|p2a: foid annihilator|31/100|[from] item: Life Orb
|
|-weather|Sandstorm|[upkeep]
|-damage|p2a: foid annihilator|25/100|[from] Sandstorm
|upkeep
|turn|9
|
|t:|1769374147
|move|p2a: foid annihilator|Dragon Darts|p1a: Tyranitar
|-damage|p1a: Tyranitar|18/100
|-anim|p2a: foid annihilator|Dragon Darts|p1a: Tyranitar
|-damage|p1a: Tyranitar|0 fnt
|faint|p1a: Tyranitar
|-damage|p2a: foid annihilator|15/100|[from] item: Life Orb
|
|-weather|Sandstorm|[upkeep]
|-damage|p2a: foid annihilator|9/100|[from] Sandstorm
|upkeep
|
|t:|1769374150
|switch|p1a: Excadrill|Excadrill, F|100/100
|-item|p1a: Excadrill|Air Balloon
|turn|10
|
|t:|1769374171
|switch|p2a: truecel rage|Rillaboom, F|63/100
|-fieldstart|move: Grassy Terrain|[from] ability: Grassy Surge|[of] p2a: truecel rage
|move|p1a: Excadrill|Iron Head|p2a: truecel rage
|-damage|p2a: truecel rage|18/100
|
|-weather|Sandstorm|[upkeep]
|-damage|p2a: truecel rage|12/100|[from] Sandstorm
|-heal|p2a: truecel rage|18/100|[from] Grassy Terrain
|upkeep
|turn|11
|
|t:|1769374178
|switch|p1a: Hydrapple|Hydrapple, M|64/100
|switch|p2a: foid annihilator|Dragapult, M|9/100
|
|-weather|Sandstorm|[upkeep]
|-damage|p2a: foid annihilator|3/100|[from] Sandstorm
|-damage|p1a: Hydrapple|58/100|[from] Sandstorm
|-heal|p2a: foid annihilator|9/100|[from] Grassy Terrain
|-heal|p1a: Hydrapple|64/100|[from] Grassy Terrain
|upkeep
|turn|12
|
|t:|1769374184
|switch|p1a: Slowking|Slowking-Galar, M|100/100
|-damage|p1a: Slowking|76/100|[from] Spikes
|move|p2a: foid annihilator|Draco Meteor|p1a: Slowking
|-damage|p1a: Slowking|33/100
|-unboost|p2a: foid annihilator|spa|2
|-damage|p2a: foid annihilator|0 fnt|[from] item: Life Orb
|faint|p2a: foid annihilator
|
|-weather|Sandstorm|[upkeep]
|-damage|p1a: Slowking|27/100|[from] Sandstorm
|-heal|p1a: Slowking|33/100|[from] Grassy Terrain
|upkeep
|
|t:|1769374188
|switch|p2a: benjamin netanyahu|Dragonite, F|100/100
|turn|13
|
|t:|1769374193
|switch|p1a: Moltres|Moltres|100/100
|move|p2a: benjamin netanyahu|Scale Shot|p1a: Moltres|[miss]
|-miss|p2a: benjamin netanyahu|p1a: Moltres
|
|-weather|Sandstorm|[upkeep]
|-damage|p2a: benjamin netanyahu|94/100|[from] Sandstorm
|-damage|p1a: Moltres|94/100|[from] Sandstorm
|upkeep
|turn|14
|j| ebizi
|
|t:|1769374199
|switch|p2a: truecel rage|Rillaboom, F|18/100
|move|p1a: Moltres|Roar|p2a: truecel rage
|drag|p2a: benjamin netanyahu|Dragonite, F|94/100
|
|-weather|Sandstorm|[upkeep]
|-damage|p2a: benjamin netanyahu|88/100|[from] Sandstorm
|-damage|p1a: Moltres|88/100|[from] Sandstorm
|-fieldend|move: Grassy Terrain
|upkeep
|turn|15
|
|t:|1769374203
|move|p2a: benjamin netanyahu|Encore|p1a: Moltres
|-start|p1a: Moltres|Encore
|move|p1a: Moltres|Roar|p2a: benjamin netanyahu
|drag|p2a: goy destroyer|Great Tusk|100/100
|-enditem|p2a: goy destroyer|Booster Energy
|-activate|p2a: goy destroyer|ability: Protosynthesis|[fromitem]
|-start|p2a: goy destroyer|protosynthesisatk
|
|-weather|none
|upkeep
|turn|16
|
|t:|1769374206
|move|p2a: goy destroyer|Ice Spinner|p1a: Moltres
|-damage|p1a: Moltres|66/100
|move|p1a: Moltres|Roar|p2a: goy destroyer
|-end|p2a: goy destroyer|Protosynthesis|[silent]
|drag|p2a: truecel rage|Rillaboom, F|18/100
|-fieldstart|move: Grassy Terrain|[from] ability: Grassy Surge|[of] p2a: truecel rage
|
|-heal|p2a: truecel rage|24/100|[from] Grassy Terrain
|upkeep
|turn|17
|
|t:|1769374209
|switch|p1a: Hydrapple|Hydrapple, M|98/100
|move|p2a: truecel rage|Knock Off|p1a: Hydrapple
|-damage|p1a: Hydrapple|67/100
|-enditem|p1a: Hydrapple|Heavy-Duty Boots|[from] move: Knock Off|[of] p2a: truecel rage
|
|-heal|p2a: truecel rage|30/100|[from] Grassy Terrain
|-heal|p1a: Hydrapple|74/100|[from] Grassy Terrain
|upkeep
|turn|18
|
|t:|1769374217
|move|p2a: truecel rage|Knock Off|p1a: Hydrapple
|-damage|p1a: Hydrapple|50/100
|move|p1a: Hydrapple|Fickle Beam|p2a: truecel rage
|-damage|p2a: truecel rage|0 fnt
|faint|p2a: truecel rage
|
|-heal|p1a: Hydrapple|57/100|[from] Grassy Terrain
|upkeep
|
|t:|1769374219
|switch|p2a: goy destroyer|Great Tusk|100/100
|turn|19
|
|t:|1769374227
|switch|p1a: Moltres|Moltres|66/100
|move|p2a: goy destroyer|Ice Spinner|p1a: Moltres
|-damage|p1a: Moltres|50/100
|-fieldend|move: Grassy Terrain
|
|upkeep
|turn|20
|
|t:|1769374232
|-end|p2a: goy destroyer|Protosynthesis|[silent]
|switch|p2a: benjamin netanyahu|Dragonite, F|88/100
|move|p1a: Moltres|Flamethrower|p2a: benjamin netanyahu
|-resisted|p2a: benjamin netanyahu
|-damage|p2a: benjamin netanyahu|70/100
|
|upkeep
|turn|21
|
|t:|1769374235
|move|p2a: benjamin netanyahu|Scale Shot|p1a: Moltres
|-damage|p1a: Moltres|40/100
|-damage|p1a: Moltres|31/100
|-damage|p1a: Moltres|21/100
|-damage|p1a: Moltres|12/100
|-damage|p1a: Moltres|2/100
|-hitcount|p1a: Moltres|5
|-unboost|p2a: benjamin netanyahu|def|1
|-boost|p2a: benjamin netanyahu|spe|1
|move|p1a: Moltres|Roost|p1a: Moltres
|-heal|p1a: Moltres|52/100
|-singleturn|p1a: Moltres|move: Roost
|
|upkeep
|turn|22
|
|t:|1769374241
|move|p2a: benjamin netanyahu|Scale Shot|p1a: Moltres
|-damage|p1a: Moltres|43/100
|-damage|p1a: Moltres|34/100
|-damage|p1a: Moltres|23/100
|-damage|p1a: Moltres|14/100
|-damage|p1a: Moltres|5/100
|-hitcount|p1a: Moltres|5
|-unboost|p2a: benjamin netanyahu|def|1
|-boost|p2a: benjamin netanyahu|spe|1
|move|p1a: Moltres|Roost|p1a: Moltres
|-heal|p1a: Moltres|55/100
|-singleturn|p1a: Moltres|move: Roost
|
|upkeep
|turn|23
|
|t:|1769374247
|move|p2a: benjamin netanyahu|Scale Shot|p1a: Moltres
|-damage|p1a: Moltres|45/100
|-damage|p1a: Moltres|35/100
|-damage|p1a: Moltres|25/100
|-damage|p1a: Moltres|15/100
|-damage|p1a: Moltres|6/100
|-hitcount|p1a: Moltres|5
|-unboost|p2a: benjamin netanyahu|def|1
|-boost|p2a: benjamin netanyahu|spe|1
|move|p1a: Moltres|Roost|p1a: Moltres
|-heal|p1a: Moltres|56/100
|-singleturn|p1a: Moltres|move: Roost
|
|upkeep
|turn|24
|
|t:|1769374250
|move|p2a: benjamin netanyahu|Scale Shot|p1a: Moltres
|-damage|p1a: Moltres|47/100
|-damage|p1a: Moltres|39/100
|-damage|p1a: Moltres|29/100
|-damage|p1a: Moltres|20/100
|-hitcount|p1a: Moltres|4
|-unboost|p2a: benjamin netanyahu|def|1
|-boost|p2a: benjamin netanyahu|spe|1
|move|p1a: Moltres|Roar|p2a: benjamin netanyahu
|drag|p2a: goy destroyer|Great Tusk|100/100
|
|upkeep
|turn|25
|
|t:|1769374261
|-end|p2a: goy destroyer|Protosynthesis|[silent]
|switch|p2a: benjamin netanyahu|Dragonite, F|70/100
|move|p1a: Moltres|Roost|p1a: Moltres
|-heal|p1a: Moltres|70/100
|-singleturn|p1a: Moltres|move: Roost
|
|upkeep
|turn|26
|
|t:|1769374263
|move|p2a: benjamin netanyahu|Scale Shot|p1a: Moltres
|-damage|p1a: Moltres|60/100
|-damage|p1a: Moltres|49/100
|-damage|p1a: Moltres|40/100
|-damage|p1a: Moltres|30/100
|-hitcount|p1a: Moltres|4
|-unboost|p2a: benjamin netanyahu|def|1
|-boost|p2a: benjamin netanyahu|spe|1
|move|p1a: Moltres|Roar|p2a: benjamin netanyahu
|drag|p2a: goy destroyer|Great Tusk|100/100
|
|upkeep
|turn|27
|
|t:|1769374266
|-end|p2a: goy destroyer|Protosynthesis|[silent]
|switch|p2a: benjamin netanyahu|Dragonite, F|70/100
|move|p1a: Moltres|Roost|p1a: Moltres
|-heal|p1a: Moltres|80/100
|-singleturn|p1a: Moltres|move: Roost
|
|upkeep
|turn|28
|
|t:|1769374269
|switch|p1a: Excadrill|Excadrill, F|100/100
|-item|p1a: Excadrill|Air Balloon
|move|p2a: benjamin netanyahu|Scale Shot|p1a: Excadrill
|-resisted|p1a: Excadrill
|-damage|p1a: Excadrill|90/100
|-enditem|p1a: Excadrill|Air Balloon
|-resisted|p1a: Excadrill
|-damage|p1a: Excadrill|80/100
|-resisted|p1a: Excadrill
|-damage|p1a: Excadrill|70/100
|-resisted|p1a: Excadrill
|-damage|p1a: Excadrill|61/100
|-hitcount|p1a: Excadrill|4
|-unboost|p2a: benjamin netanyahu|def|1
|-boost|p2a: benjamin netanyahu|spe|1
|
|upkeep
|turn|29
|
|t:|1769374275
|-terastallize|p1a: Excadrill|Fire
|move|p2a: benjamin netanyahu|Fire Punch|p1a: Excadrill
|-resisted|p1a: Excadrill
|-crit|p1a: Excadrill
|-damage|p1a: Excadrill|34/100
|move|p1a: Excadrill|Rapid Spin|p2a: benjamin netanyahu
|-damage|p2a: benjamin netanyahu|40/100
|-boost|p1a: Excadrill|spe|1
|-sideend|p1: CambridgeFoulPlay|Spikes|[from] move: Rapid Spin|[of] p1a: Excadrill
|
|upkeep
|turn|30
|
|t:|1769374283
|switch|p2a: goy destroyer|Great Tusk|100/100
|move|p1a: Excadrill|Iron Head|p2a: goy destroyer
|-crit|p2a: goy destroyer
|-damage|p2a: goy destroyer|54/100
|
|upkeep
|turn|31
|
|t:|1769374288
|-end|p2a: goy destroyer|Protosynthesis|[silent]
|switch|p2a: benjamin netanyahu|Dragonite, F|40/100
|move|p1a: Excadrill|Iron Head|p2a: benjamin netanyahu
|-damage|p2a: benjamin netanyahu|0 fnt
|faint|p2a: benjamin netanyahu
|
|upkeep
|c|☆poopseydoopsey|bro you played that horribly
|-message|poopseydoopsey forfeited.
|
|win|CambridgeFoulPlay
|raw|CambridgeFoulPlay's rating: 1762 &rarr; <strong>1784</strong><br />(+22 for winning)
|raw|poopseydoopsey's rating: 1797 &rarr; <strong>1775</strong><br />(-22 for losing)
|c|☆CambridgeFoulPlay|gg
|l|☆CambridgeFoulPlay
|player|p1|
|l|☆poopseydoopsey
|player|p2|
|j| UntalentedSkill
