|j|☆SDLU
|j|☆EmiTheQTBat
|t:|1769413866
|gametype|singles
|player|p1|SDLU|1|1339
|player|p2|EmiTheQTBat|rosa|1325
|gen|9
|tier|[Gen 9] OU
|rated|
|rule|HP Percentage Mod: HP is shown in percentages
|rule|Endless Battle Clause: Forcing endless battles is banned
|rule|Species Clause: Limit one of each Pokémon
|rule|OHKO Clause: OHKO moves are banned
|rule|Evasion Items Clause: Evasion items are banned
|rule|Evasion Moves Clause: Evasion moves are banned
|rule|Evasion Abilities Clause: Evasion abilities are banned
|rule|Sleep Moves Clause: Sleep-inducing moves are banned
|clearpoke
|poke|p1|Dragapult, F|
|poke|p1|Gastrodon, F|
|poke|p1|Skeledirge, M|
|poke|p1|Garganacl, M|
|poke|p1|Clefable, F|
|poke|p1|Moltres|
|poke|p2|Deoxys-Defense|
|poke|p2|Slowking-Galar, M|
|poke|p2|Hatterene, F|
|poke|p2|Corviknight, M|
|poke|p2|Hoopa-Unbound|
|poke|p2|Ursaluna, M|
|teampreview
|inactive|Battle timer is ON: inactive players will automatically lose when time's up. (requested by EmiTheQTBat)
|inactive|SDLU also wants the timer to be on.
|
|t:|1769413887
|teamsize|p1|6
|teamsize|p2|6
|start
|switch|p1a: Dragapult|Dragapult, F|100/100
|switch|p2a: Deoxys|Deoxys-Defense|100/100
|-ability|p2a: Deoxys|Pressure
|turn|1
|
|t:|1769413895
|move|p1a: Dragapult|U-turn|p2a: Deoxys
|-supereffective|p2a: Deoxys
|-damage|p2a: Deoxys|73/100
|-damage|p1a: Dragapult|84/100|[from] item: Rocky Helmet|[of] p2a: Deoxys
|
|t:|1769413902
|switch|p1a: Garganacl|Garganacl, M|100/100|[from] U-turn
|move|p2a: Deoxys|Thunder Wave|p1a: Garganacl
|-immune|p1a: Garganacl|[from] ability: Purifying Salt
|
|upkeep
|turn|2
|
|t:|1769413917
|move|p1a: Garganacl|Stealth Rock|p2a: Deoxys
|-sidestart|p2: EmiTheQTBat|move: Stealth Rock
|move|p2a: Deoxys|Teleport|p2a: Deoxys
|
|t:|1769413920
|switch|p2a: Just a Bear|Ursaluna, M|100/100|[from] Teleport
|-damage|p2a: Just a Bear|94/100|[from] Stealth Rock
|
|-status|p2a: Just a Bear|brn|[from] item: Flame Orb
|upkeep
|turn|3
|
|t:|1769413930
|move|p1a: Garganacl|Protect|p1a: Garganacl
|-singleturn|p1a: Garganacl|Protect
|move|p2a: Just a Bear|Drain Punch|p1a: Garganacl
|-activate|p1a: Garganacl|move: Protect
|
|-damage|p2a: Just a Bear|88/100 brn|[from] brn
|upkeep
|turn|4
|
|t:|1769413937
|switch|p1a: Moltres|Moltres|100/100
|move|p2a: Just a Bear|Earthquake|p1a: Moltres
|-immune|p1a: Moltres
|
|-damage|p2a: Just a Bear|82/100 brn|[from] brn
|upkeep
|turn|5
|
|t:|1769413948
|move|p1a: Moltres|Hurricane|p2a: Just a Bear|[miss]
|-miss|p1a: Moltres|p2a: Just a Bear
|move|p2a: Just a Bear|Facade|p1a: Moltres
|-damage|p1a: Moltres|0 fnt
|faint|p1a: Moltres
|
|-damage|p2a: Just a Bear|76/100 brn|[from] brn
|upkeep
|
|t:|1769413966
|switch|p1a: Garganacl|Garganacl, M|100/100
|turn|6
|
|t:|1769413983
|-terastallize|p1a: Garganacl|Water
|move|p2a: Just a Bear|Swords Dance|p2a: Just a Bear
|-boost|p2a: Just a Bear|atk|2
|move|p1a: Garganacl|Salt Cure|p2a: Just a Bear
|-resisted|p2a: Just a Bear
|-damage|p2a: Just a Bear|71/100 brn
|-start|p2a: Just a Bear|Salt Cure
|
|-damage|p2a: Just a Bear|65/100 brn|[from] brn
|-damage|p2a: Just a Bear|53/100 brn|[from] Salt Cure
|upkeep
|turn|7
|
|t:|1769413995
|move|p1a: Garganacl|Protect|p1a: Garganacl
|-singleturn|p1a: Garganacl|Protect
|move|p2a: Just a Bear|Swords Dance|p2a: Just a Bear
|-boost|p2a: Just a Bear|atk|2
|
|-damage|p2a: Just a Bear|47/100 brn|[from] brn
|-damage|p2a: Just a Bear|35/100 brn|[from] Salt Cure
|upkeep
|turn|8
|
|t:|1769414008
|switch|p1a: Skeledirge|Skeledirge, M|100/100
|move|p2a: Just a Bear|Drain Punch|p1a: Skeledirge
|-immune|p1a: Skeledirge
|
|-damage|p2a: Just a Bear|29/100 brn|[from] brn
|-damage|p2a: Just a Bear|16/100 brn|[from] Salt Cure
|upkeep
|turn|9
|
|t:|1769414018
|move|p1a: Skeledirge|Slack Off||[still]
|-fail|p1a: Skeledirge|heal
|move|p2a: Just a Bear|Earthquake|p1a: Skeledirge
|-supereffective|p1a: Skeledirge
|-damage|p1a: Skeledirge|0 fnt
|faint|p1a: Skeledirge
|
|-damage|p2a: Just a Bear|10/100 brn|[from] brn
|-damage|p2a: Just a Bear|0 fnt|[from] Salt Cure
|faint|p2a: Just a Bear
|upkeep
|
|t:|1769414031
|switch|p1a: Garganacl|Garganacl, M, tera:Water|100/100
|switch|p2a: Deoxys|Deoxys-Defense|73/100
|-damage|p2a: Deoxys|61/100|[from] Stealth Rock
|-ability|p2a: Deoxys|Pressure
|turn|10
|
|t:|1769414044
|move|p1a: Garganacl|Salt Cure|p2a: Deoxys
|-damage|p2a: Deoxys|52/100
|-start|p2a: Deoxys|Salt Cure
|move|p2a: Deoxys|Teleport|p2a: Deoxys
|
|t:|1769414054
|switch|p2a: Shell Head|Slowking-Galar, M|100/100|[from] Teleport
|-damage|p2a: Shell Head|88/100|[from] Stealth Rock
|
|-heal|p2a: Shell Head|94/100|[from] item: Black Sludge
|upkeep
|turn|11
|
|t:|1769414068
|move|p1a: Garganacl|Protect|p1a: Garganacl
|-singleturn|p1a: Garganacl|Protect
|move|p2a: Shell Head|Trick Room|p2a: Shell Head
|-fieldstart|move: Trick Room|[of] p2a: Shell Head
|
|-heal|p2a: Shell Head|99/100|[from] item: Black Sludge
|upkeep
|turn|12
|
|t:|1769414074
|move|p2a: Shell Head|Psychic Noise|p1a: Garganacl
|-damage|p1a: Garganacl|64/100
|-start|p1a: Garganacl|move: Heal Block
|move|p1a: Garganacl|Salt Cure|p2a: Shell Head
|-damage|p2a: Shell Head|86/100
|-start|p2a: Shell Head|Salt Cure
|
|-heal|p2a: Shell Head|92/100|[from] item: Black Sludge
|-damage|p2a: Shell Head|79/100|[from] Salt Cure
|upkeep
|turn|13
|
|t:|1769414087
|switch|p1a: Gastrodon|Gastrodon, F|100/100
|move|p2a: Shell Head|Psychic Noise|p1a: Gastrodon
|-damage|p1a: Gastrodon|76/100
|-start|p1a: Gastrodon|move: Heal Block
|
|-heal|p2a: Shell Head|85/100|[from] item: Black Sludge
|-damage|p2a: Shell Head|73/100|[from] Salt Cure
|upkeep
|turn|14
|
|t:|1769414099
|switch|p2a: Hooper|Hoopa-Unbound|100/100
|-damage|p2a: Hooper|88/100|[from] Stealth Rock
|move|p1a: Gastrodon|Spikes|p2a: Hooper
|-sidestart|p2: EmiTheQTBat|Spikes
|
|-end|p1a: Gastrodon|move: Heal Block
|upkeep
|turn|15
|
|t:|1769414112
|switch|p1a: Clefable|Clefable, F|100/100
|move|p2a: Hooper|Hyperspace Fury|p1a: Clefable
|-resisted|p1a: Clefable
|-damage|p1a: Clefable|63/100
|-unboost|p2a: Hooper|def|1
|
|-fieldend|move: Trick Room
|upkeep
|turn|16
|
|t:|1769414129
|switch|p2a: Deoxys|Deoxys-Defense|52/100
|-damage|p2a: Deoxys|39/100|[from] Stealth Rock
|-damage|p2a: Deoxys|27/100|[from] Spikes
|-ability|p2a: Deoxys|Pressure
|move|p1a: Clefable|Moonlight|p1a: Clefable
|-heal|p1a: Clefable|100/100
|
|upkeep
|turn|17
|
|t:|1769414146
|switch|p1a: Gastrodon|Gastrodon, F|76/100
|move|p2a: Deoxys|Trick Room|p2a: Deoxys
|-fieldstart|move: Trick Room|[of] p2a: Deoxys
|
|upkeep
|turn|18
|
|t:|1769414152
|move|p1a: Gastrodon|Spikes|p2a: Deoxys
|-sidestart|p2: EmiTheQTBat|Spikes
|move|p2a: Deoxys|Recover|p2a: Deoxys
|-heal|p2a: Deoxys|77/100
|
|upkeep
|turn|19
|
|t:|1769414158
|move|p1a: Gastrodon|Spikes|p2a: Deoxys
|-sidestart|p2: EmiTheQTBat|Spikes
|move|p2a: Deoxys|Teleport|p2a: Deoxys
|
|t:|1769414173
|switch|p2a: Hatterene|Hatterene, F|100/100|[from] Teleport
|-damage|p2a: Hatterene|88/100|[from] Stealth Rock
|-damage|p2a: Hatterene|63/100|[from] Spikes
|
|-heal|p2a: Hatterene|69/100|[from] item: Leftovers
|upkeep
|turn|20
|
|t:|1769414183
|move|p2a: Hatterene|Calm Mind|p2a: Hatterene
|-boost|p2a: Hatterene|spa|1
|-boost|p2a: Hatterene|spd|1
|move|p1a: Gastrodon|Recover|p1a: Gastrodon
|-heal|p1a: Gastrodon|100/100
|
|-heal|p2a: Hatterene|75/100|[from] item: Leftovers
|upkeep
|turn|21
|
|t:|1769414188
|move|p2a: Hatterene|Calm Mind|p2a: Hatterene
|-boost|p2a: Hatterene|spa|1
|-boost|p2a: Hatterene|spd|1
|move|p1a: Gastrodon|Sludge Bomb|p2a: Hatterene
|-supereffective|p2a: Hatterene
|-damage|p2a: Hatterene|56/100
|-status|p2a: Hatterene|psn
|
|-heal|p2a: Hatterene|62/100 psn|[from] item: Leftovers
|-damage|p2a: Hatterene|50/100 psn|[from] psn
|-fieldend|move: Trick Room
|upkeep
|turn|22
|
|t:|1769414199
|switch|p1a: Clefable|Clefable, F|100/100
|move|p2a: Hatterene|Trick Room|p2a: Hatterene
|-fieldstart|move: Trick Room|[of] p2a: Hatterene
|
|-heal|p2a: Hatterene|56/100 psn|[from] item: Leftovers
|-damage|p2a: Hatterene|44/100 psn|[from] psn
|upkeep
|turn|23
|
|t:|1769414206
|-terastallize|p2a: Hatterene|Fairy
|move|p2a: Hatterene|Draining Kiss|p1a: Clefable
|-damage|p1a: Clefable|76/100
|-heal|p2a: Hatterene|67/100 psn|[from] drain|[of] p1a: Clefable
|move|p1a: Clefable|Calm Mind|p1a: Clefable
|-boost|p1a: Clefable|spa|1
|-boost|p1a: Clefable|spd|1
|
|-heal|p2a: Hatterene|73/100 psn|[from] item: Leftovers
|-damage|p2a: Hatterene|61/100 psn|[from] psn
|upkeep
|turn|24
|
|t:|1769414218
|move|p2a: Hatterene|Psychic Noise|p1a: Clefable
|-damage|p1a: Clefable|58/100
|move|p1a: Clefable|Calm Mind|p1a: Clefable
|-boost|p1a: Clefable|spa|1
|-boost|p1a: Clefable|spd|1
|
|-heal|p2a: Hatterene|67/100 psn|[from] item: Leftovers
|-damage|p2a: Hatterene|55/100 psn|[from] psn
|upkeep
|turn|25
|
|t:|1769414232
|move|p2a: Hatterene|Draining Kiss|p1a: Clefable
|-damage|p1a: Clefable|45/100
|-heal|p2a: Hatterene|67/100 psn|[from] drain|[of] p1a: Clefable
|move|p1a: Clefable|Moonlight|p1a: Clefable
|-heal|p1a: Clefable|95/100
|
|-heal|p2a: Hatterene|73/100 psn|[from] item: Leftovers
|-damage|p2a: Hatterene|60/100 psn|[from] psn
|upkeep
|turn|26
|inactive|EmiTheQTBat has 120 seconds left.
|
|t:|1769414273
|switch|p2a: Shell Head|Slowking-Galar, M|100/100
|-damage|p2a: Shell Head|88/100|[from] Stealth Rock
|-damage|p2a: Shell Head|63/100|[from] Spikes
|move|p1a: Clefable|Calm Mind|p1a: Clefable
|-boost|p1a: Clefable|spa|1
|-boost|p1a: Clefable|spd|1
|
|-heal|p2a: Shell Head|69/100|[from] item: Black Sludge
|-fieldend|move: Trick Room
|upkeep
|turn|27
|
|t:|1769414284
|move|p1a: Clefable|Calm Mind|p1a: Clefable
|-boost|p1a: Clefable|spa|1
|-boost|p1a: Clefable|spd|1
|move|p2a: Shell Head|Trick Room|p2a: Shell Head
|-fieldstart|move: Trick Room|[of] p2a: Shell Head
|
|-heal|p2a: Shell Head|75/100|[from] item: Black Sludge
|upkeep
|turn|28
|-message|EmiTheQTBat forfeited.
|
|win|SDLU
|raw|SDLU's rating: 1339 &rarr; <strong>1358</strong><br />(+19 for winning)
|raw|EmiTheQTBat's rating: 1325 &rarr; <strong>1306</strong><br />(-19 for losing)
|l|☆EmiTheQTBat
|player|p2|
|l|☆SDLU
|player|p1|
