|j|☆bigtestsofbig
|j|☆fuck on my dj
|t:|1769363336
|gametype|singles
|player|p1|bigtestsofbig|266|1516
|player|p2|fuck on my dj|brycenman|1465
|gen|9
|tier|[Gen 9] OU
|rated|
|rule|HP Percentage Mod: HP is shown in percentages
|rule|Endless Battle Clause: Forcing endless battles is banned
|rule|Species Clause: Limit one of each Pokémon
|rule|OHKO Clause: OHKO moves are banned
|rule|Evasion Items Clause: Evasion items are banned
|rule|Evasion Moves Clause: Evasion moves are banned
|rule|Evasion Abilities Clause: Evasion abilities are banned
|rule|Sleep Moves Clause: Sleep-inducing moves are banned
|clearpoke
|poke|p1|Garchomp, M|
|poke|p1|Kingambit, M|
|poke|p1|Hatterene, F|
|poke|p1|Iron Treads|
|poke|p1|Dragonite, M|
|poke|p1|Moltres|
|poke|p2|Pelipper, M|
|poke|p2|Ludicolo, F|
|poke|p2|Iron Treads|
|poke|p2|Landorus-Therian, M|
|poke|p2|Barraskewda, F|
|poke|p2|Basculegion-F, F|
|teampreview
|c|☆fuck on my dj|gl hf
|inactive|Battle timer is ON: inactive players will automatically lose when time's up. (requested by fuck on my dj)
|inactive|bigtestsofbig has 120 seconds left.
|
|t:|1769363385
|teamsize|p1|6
|teamsize|p2|6
|start
|switch|p1a: Moltres|Moltres|100/100
|switch|p2a: Pelipper|Pelipper, M|100/100
|-weather|RainDance|[from] ability: Drizzle|[of] p2a: Pelipper
|turn|1
|
|t:|1769363394
|-terastallize|p1a: Moltres|Grass
|move|p1a: Moltres|Hurricane|p2a: Pelipper
|-crit|p2a: Pelipper
|-damage|p2a: Pelipper|0 fnt
|faint|p2a: Pelipper
|
|-weather|RainDance|[upkeep]
|upkeep
|inactive|fuck on my dj has 120 seconds left.
|
|t:|1769363427
|switch|p2a: Landorus|Landorus-Therian, M|100/100
|-ability|p2a: Landorus|Intimidate|boost
|-unboost|p1a: Moltres|atk|1
|turn|2
|
|t:|1769363434
|switch|p1a: Hatterene|Hatterene, F|100/100
|move|p2a: Landorus|Sludge Bomb|p1a: Hatterene
|-supereffective|p1a: Hatterene
|-damage|p1a: Hatterene|50/100
|
|-weather|RainDance|[upkeep]
|upkeep
|turn|3
|
|t:|1769363450
|switch|p2a: Barraskewda|Barraskewda, F|100/100
|move|p1a: Hatterene|Psychic Noise|p2a: Barraskewda
|-damage|p2a: Barraskewda|11/100
|-start|p2a: Barraskewda|move: Heal Block
|
|-weather|RainDance|[upkeep]
|upkeep
|turn|4
|inactive|bigtestsofbig has 120 seconds left.
|
|t:|1769363480
|move|p2a: Barraskewda|Liquidation|p1a: Hatterene
|-damage|p1a: Hatterene|0 fnt
|faint|p1a: Hatterene
|
|-weather|RainDance|[upkeep]
|-end|p2a: Barraskewda|move: Heal Block
|upkeep
|inactive|bigtestsofbig has 120 seconds left.
|
|t:|1769363492
|switch|p1a: Kingambit|Kingambit, M|100/100
|-activate|p1a: Kingambit|ability: Supreme Overlord
|-start|p1a: Kingambit|fallen1|[silent]
|turn|5
|
|t:|1769363499
|switch|p2a: Landorus|Landorus-Therian, M|100/100
|-ability|p2a: Landorus|Intimidate|boost
|-unboost|p1a: Kingambit|atk|1
|move|p1a: Kingambit|Sucker Punch||[still]
|-fail|p1a: Kingambit
|
|-weather|RainDance|[upkeep]
|upkeep
|turn|6
|
|t:|1769363511
|-end|p1a: Kingambit|fallen1|[silent]
|switch|p1a: Dragonite|Dragonite, M|100/100
|move|p2a: Landorus|Sludge Bomb|p1a: Dragonite
|-damage|p1a: Dragonite|81/100
|
|-weather|RainDance|[upkeep]
|upkeep
|turn|7
|
|t:|1769363519
|switch|p2a: Ludicolo|Ludicolo, F|100/100
|move|p1a: Dragonite|Roost|p1a: Dragonite
|-heal|p1a: Dragonite|100/100
|-singleturn|p1a: Dragonite|move: Roost
|
|-weather|RainDance|[upkeep]
|upkeep
|turn|8
|
|t:|1769363524
|move|p2a: Ludicolo|Ice Beam|p1a: Dragonite
|-supereffective|p1a: Dragonite
|-damage|p1a: Dragonite|35/100
|-status|p1a: Dragonite|frz
|-damage|p2a: Ludicolo|91/100|[from] item: Life Orb
|cant|p1a: Dragonite|frz
|
|-weather|none
|upkeep
|turn|9
|
|t:|1769363540
|cant|p1a: Dragonite|frz
|move|p2a: Ludicolo|Ice Beam|p1a: Dragonite
|-supereffective|p1a: Dragonite
|-damage|p1a: Dragonite|0 fnt
|faint|p1a: Dragonite
|-damage|p2a: Ludicolo|81/100|[from] item: Life Orb
|
|upkeep
|
|t:|1769363543
|switch|p1a: Kingambit|Kingambit, M|100/100
|-activate|p1a: Kingambit|ability: Supreme Overlord
|-start|p1a: Kingambit|fallen2|[silent]
|turn|10
|
|t:|1769363550
|move|p2a: Ludicolo|Hydro Pump|p1a: Kingambit|[miss]
|-miss|p2a: Ludicolo|p1a: Kingambit
|move|p1a: Kingambit|Kowtow Cleave|p2a: Ludicolo
|-damage|p2a: Ludicolo|0 fnt
|faint|p2a: Ludicolo
|
|upkeep
|
|t:|1769363557
|switch|p2a: Landorus|Landorus-Therian, M|100/100
|-ability|p2a: Landorus|Intimidate|boost
|-unboost|p1a: Kingambit|atk|1
|turn|11
|
|t:|1769363564
|-end|p1a: Kingambit|fallen2|[silent]
|switch|p1a: Moltres|Moltres, tera:Grass|100/100
|move|p2a: Landorus|Sandsear Storm|p1a: Moltres
|-resisted|p1a: Moltres
|-damage|p1a: Moltres|65/100
|
|upkeep
|turn|12
|
|t:|1769363580
|switch|p2a: Basculegion|Basculegion-F, F|100/100
|switch|p1a: Iron Treads|Iron Treads|100/100
|
|upkeep
|turn|13
|
|t:|1769363589
|-end|p1a: Iron Treads|Quark Drive|[silent]
|switch|p1a: Kingambit|Kingambit, M|100/100
|-activate|p1a: Kingambit|ability: Supreme Overlord
|-start|p1a: Kingambit|fallen2|[silent]
|move|p2a: Basculegion|Surf|p1a: Kingambit
|-damage|p1a: Kingambit|50/100
|-damage|p2a: Basculegion|91/100|[from] item: Life Orb
|
|-heal|p1a: Kingambit|56/100|[from] item: Leftovers
|upkeep
|turn|14
|
|t:|1769363605
|-terastallize|p2a: Basculegion|Electric
|move|p2a: Basculegion|Tera Blast|p1a: Kingambit|[anim] Tera Blast Electric
|-damage|p1a: Kingambit|6/100
|-damage|p2a: Basculegion|81/100|[from] item: Life Orb
|move|p1a: Kingambit|Kowtow Cleave|p2a: Basculegion
|-damage|p2a: Basculegion|3/100
|
|-heal|p1a: Kingambit|12/100|[from] item: Leftovers
|upkeep
|turn|15
|
|t:|1769363619
|switch|p2a: Barraskewda|Barraskewda, F|11/100
|move|p1a: Kingambit|Sucker Punch||[still]
|-fail|p1a: Kingambit
|
|-heal|p1a: Kingambit|18/100|[from] item: Leftovers
|upkeep
|turn|16
|
|t:|1769363624
|-end|p1a: Kingambit|fallen2|[silent]
|switch|p1a: Moltres|Moltres, tera:Grass|65/100
|move|p2a: Barraskewda|Liquidation|p1a: Moltres
|-resisted|p1a: Moltres
|-damage|p1a: Moltres|35/100
|-unboost|p1a: Moltres|def|1
|-status|p2a: Barraskewda|brn|[from] ability: Flame Body|[of] p1a: Moltres
|
|-damage|p2a: Barraskewda|5/100 brn|[from] brn
|upkeep
|turn|17
|
|t:|1769363645
|switch|p1a: Iron Treads|Iron Treads|100/100
|move|p2a: Barraskewda|Liquidation|p1a: Iron Treads
|-supereffective|p1a: Iron Treads
|-damage|p1a: Iron Treads|31/100
|
|-damage|p2a: Barraskewda|0 fnt|[from] brn
|faint|p2a: Barraskewda
|upkeep
|inactive|fuck on my dj has 120 seconds left.
|
|t:|1769363676
|switch|p2a: Iron Treads|Iron Treads|100/100
|turn|18
|
|t:|1769363679
|move|p1a: Iron Treads|Earthquake|p2a: Iron Treads
|-supereffective|p2a: Iron Treads
|-damage|p2a: Iron Treads|30/100
|move|p2a: Iron Treads|Earthquake|p1a: Iron Treads
|-supereffective|p1a: Iron Treads
|-damage|p1a: Iron Treads|0 fnt
|faint|p1a: Iron Treads
|-end|p1a: Iron Treads|Quark Drive|[silent]
|
|upkeep
|
|t:|1769363691
|switch|p1a: Kingambit|Kingambit, M|18/100
|-activate|p1a: Kingambit|ability: Supreme Overlord
|-start|p1a: Kingambit|fallen3|[silent]
|turn|19
|
|t:|1769363704
|move|p1a: Kingambit|Sucker Punch|p2a: Iron Treads
|-damage|p2a: Iron Treads|0 fnt
|faint|p2a: Iron Treads
|-end|p2a: Iron Treads|Quark Drive|[silent]
|
|-heal|p1a: Kingambit|24/100|[from] item: Leftovers
|upkeep
|
|t:|1769363706
|switch|p2a: Landorus|Landorus-Therian, M|100/100
|-ability|p2a: Landorus|Intimidate|boost
|-unboost|p1a: Kingambit|atk|1
|turn|20
|
|t:|1769363712
|move|p1a: Kingambit|Sucker Punch|p2a: Landorus
|-damage|p2a: Landorus|60/100
|move|p2a: Landorus|Sandsear Storm|p1a: Kingambit|[miss]
|-miss|p2a: Landorus|p1a: Kingambit
|
|-heal|p1a: Kingambit|30/100|[from] item: Leftovers
|upkeep
|turn|21
|
|t:|1769363717
|move|p1a: Kingambit|Sucker Punch|p2a: Landorus
|-damage|p2a: Landorus|17/100
|move|p2a: Landorus|Sandsear Storm|p1a: Kingambit
|-supereffective|p1a: Kingambit
|-damage|p1a: Kingambit|0 fnt
|faint|p1a: Kingambit
|-end|p1a: Kingambit|fallen3|[silent]
|
|upkeep
|
|t:|1769363724
|switch|p1a: Moltres|Moltres, tera:Grass|35/100
|turn|22
|
|t:|1769363729
|move|p2a: Landorus|Sandsear Storm|p1a: Moltres
|-resisted|p1a: Moltres
|-damage|p1a: Moltres|0 fnt
|faint|p1a: Moltres
|
|upkeep
|
|t:|1769363733
|switch|p1a: Garchomp|Garchomp, M|100/100
|turn|23
|
|t:|1769363737
|move|p2a: Landorus|Sandsear Storm|p1a: Garchomp|[miss]
|-miss|p2a: Landorus|p1a: Garchomp
|move|p1a: Garchomp|Scale Shot|p2a: Landorus
|-damage|p2a: Landorus|0 fnt
|faint|p2a: Landorus
|-hitcount|p2: Landorus|1
|-unboost|p1a: Garchomp|def|1
|-boost|p1a: Garchomp|spe|1
|-damage|p1a: Garchomp|91/100|[from] item: Life Orb
|
|upkeep
|-message|fuck on my dj forfeited.
|
|win|bigtestsofbig
|raw|bigtestsofbig's rating: 1516 &rarr; <strong>1533</strong><br />(+17 for winning)
|raw|fuck on my dj's rating: 1465 &rarr; <strong>1448</strong><br />(-17 for losing)
|l|☆fuck on my dj
|player|p2|
|l|☆bigtestsofbig
|player|p1|
