|j|☆kingsy14
|j|☆Flarefofo
|t:|1769333271
|gametype|singles
|player|p1|kingsy14|veteran|1451
|player|p2|Flarefofo|2|1445
|gen|9
|tier|[Gen 9] OU
|rated|
|rule|HP Percentage Mod: HP is shown in percentages
|rule|Endless Battle Clause: Forcing endless battles is banned
|rule|Species Clause: Limit one of each Pokémon
|rule|OHKO Clause: OHKO moves are banned
|rule|Evasion Items Clause: Evasion items are banned
|rule|Evasion Moves Clause: Evasion moves are banned
|rule|Evasion Abilities Clause: Evasion abilities are banned
|rule|Sleep Moves Clause: Sleep-inducing moves are banned
|clearpoke
|poke|p1|Zamazenta-*|
|poke|p1|Dragapult, M|
|poke|p1|Iron Valiant|
|poke|p1|Alomomola, F|
|poke|p1|Corviknight, F|
|poke|p1|Garchomp, F|
|poke|p2|Landorus-Therian, M|
|poke|p2|Latios, M|
|poke|p2|Zamazenta-*|
|poke|p2|Heatran, F|
|poke|p2|Pecharunt|
|poke|p2|Ogerpon-Cornerstone, F|
|teampreview
|inactive|Battle timer is ON: inactive players will automatically lose when time's up. (requested by kingsy14)
|
|t:|1769333278
|teamsize|p1|6
|teamsize|p2|6
|start
|switch|p1a: Dragapult|Dragapult, M|100/100
|switch|p2a: Latios|Latios, M, shiny|100/100
|turn|1
|
|t:|1769333284
|switch|p1a: Alomomola|Alomomola, F|100/100
|switch|p2a: Heatran|Heatran, F, shiny|100/100
|
|upkeep
|turn|2
|
|t:|1769333289
|move|p2a: Heatran|Stealth Rock|p1a: Alomomola
|-sidestart|p1: kingsy14|move: Stealth Rock
|move|p1a: Alomomola|Flip Turn|p2a: Heatran
|-supereffective|p2a: Heatran
|-damage|p2a: Heatran|72/100
|
|t:|1769333292
|switch|p1a: Garchomp|Garchomp, F|100/100|[from] Flip Turn
|-damage|p1a: Garchomp|94/100|[from] Stealth Rock
|
|-heal|p2a: Heatran|78/100|[from] item: Leftovers
|upkeep
|turn|3
|
|t:|1769333299
|switch|p2a: Latios|Latios, M, shiny|100/100
|move|p1a: Garchomp|Earthquake|p2a: Latios
|-immune|p2a: Latios|[from] ability: Levitate
|
|upkeep
|turn|4
|
|t:|1769333303
|switch|p1a: Alomomola|Alomomola, F|100/100
|-damage|p1a: Alomomola|88/100|[from] Stealth Rock
|move|p2a: Latios|Flip Turn|p1a: Alomomola
|-resisted|p1a: Alomomola
|-damage|p1a: Alomomola|84/100
|
|t:|1769333310
|switch|p2a: Ogerpon|Ogerpon-Cornerstone, F|100/100|[from] Flip Turn
|
|upkeep
|turn|5
|
|t:|1769333314
|move|p2a: Ogerpon|Swords Dance|p2a: Ogerpon
|-boost|p2a: Ogerpon|atk|2
|move|p1a: Alomomola|Flip Turn|p2a: Ogerpon
|-damage|p2a: Ogerpon|80/100
|
|t:|1769333321
|switch|p1a: Iron Valiant|Iron Valiant|100/100|[from] Flip Turn
|-damage|p1a: Iron Valiant|94/100|[from] Stealth Rock
|
|upkeep
|turn|6
|
|t:|1769333326
|switch|p2a: Landorus|Landorus-Therian, M, shiny|100/100
|-ability|p2a: Landorus|Intimidate|boost
|-unboost|p1a: Iron Valiant|atk|1
|move|p1a: Iron Valiant|Moonblast|p2a: Landorus
|-damage|p2a: Landorus|39/100
|
|upkeep
|turn|7
|
|t:|1769333331
|-end|p1a: Iron Valiant|Quark Drive|[silent]
|switch|p1a: Alomomola|Alomomola, F|100/100
|-damage|p1a: Alomomola|88/100|[from] Stealth Rock
|move|p2a: Landorus|U-turn|p1a: Alomomola
|-damage|p1a: Alomomola|70/100
|
|t:|1769333336
|switch|p2a: Ogerpon|Ogerpon-Cornerstone, F|80/100|[from] U-turn
|
|upkeep
|turn|8
|
|t:|1769333340
|switch|p1a: Corviknight|Corviknight, F|100/100
|-damage|p1a: Corviknight|88/100|[from] Stealth Rock
|move|p2a: Ogerpon|Trailblaze|p1a: Corviknight
|-resisted|p1a: Corviknight
|-damage|p1a: Corviknight|83/100
|-boost|p2a: Ogerpon|spe|1
|
|-heal|p1a: Corviknight|90/100|[from] item: Leftovers
|upkeep
|turn|9
|
|t:|1769333345
|move|p2a: Ogerpon|Swords Dance|p2a: Ogerpon
|-boost|p2a: Ogerpon|atk|2
|move|p1a: Corviknight|Brave Bird|p2a: Ogerpon
|-damage|p2a: Ogerpon|28/100
|-damage|p1a: Corviknight|76/100|[from] Recoil
|
|-heal|p1a: Corviknight|83/100|[from] item: Leftovers
|upkeep
|turn|10
|
|t:|1769333355
|move|p2a: Ogerpon|Ivy Cudgel|p1a: Corviknight|[anim] Ivy Cudgel Rock
|-damage|p1a: Corviknight|5/100
|move|p1a: Corviknight|U-turn|p2a: Ogerpon
|-supereffective|p2a: Ogerpon
|-damage|p2a: Ogerpon|0 fnt
|faint|p2a: Ogerpon
|
|t:|1769333372
|switch|p1a: Iron Valiant|Iron Valiant|94/100|[from] U-turn
|-damage|p1a: Iron Valiant|88/100|[from] Stealth Rock
|
|upkeep
|
|t:|1769333379
|switch|p2a: Pecharunt|Pecharunt|100/100
|turn|11
|
|t:|1769333383
|-end|p1a: Iron Valiant|Quark Drive|[silent]
|switch|p1a: Corviknight|Corviknight, F|5/100
|-damage|p1a: Corviknight|0 fnt|[from] Stealth Rock
|faint|p1a: Corviknight
|move|p2a: Pecharunt|Parting Shot|p1: Corviknight|[notarget]
|-fail|p2a: Pecharunt
|
|upkeep
|
|t:|1769333389
|switch|p1a: Dragapult|Dragapult, M|100/100
|-damage|p1a: Dragapult|88/100|[from] Stealth Rock
|turn|12
|
|t:|1769333396
|switch|p2a: Heatran|Heatran, F, shiny|78/100
|-terastallize|p1a: Dragapult|Ghost
|move|p1a: Dragapult|Shadow Ball|p2a: Heatran
|-damage|p2a: Heatran|32/100
|
|-heal|p2a: Heatran|38/100|[from] item: Leftovers
|upkeep
|turn|13
|
|t:|1769333408
|move|p1a: Dragapult|Shadow Ball|p2a: Heatran
|-damage|p2a: Heatran|0 fnt
|faint|p2a: Heatran
|
|upkeep
|
|t:|1769333415
|switch|p2a: Zamazenta|Zamazenta, shiny|100/100
|-ability|p2a: Zamazenta|Dauntless Shield|boost
|-boost|p2a: Zamazenta|def|1
|turn|14
|
|t:|1769333419
|move|p1a: Dragapult|Shadow Ball|p2a: Zamazenta
|-damage|p2a: Zamazenta|46/100
|move|p2a: Zamazenta|Heavy Slam|p1a: Dragapult
|-damage|p1a: Dragapult|50/100
|
|-heal|p2a: Zamazenta|52/100|[from] item: Leftovers
|upkeep
|turn|15
|
|t:|1769333433
|move|p1a: Dragapult|Shadow Ball|p2a: Zamazenta
|-damage|p2a: Zamazenta|0 fnt
|faint|p2a: Zamazenta
|
|upkeep
|
|t:|1769333435
|switch|p2a: Landorus|Landorus-Therian, M, shiny|39/100
|-ability|p2a: Landorus|Intimidate|boost
|-fail|p1a: Dragapult|unboost|[from] ability: Clear Body|[of] p1a: Dragapult
|turn|16
|
|t:|1769333438
|switch|p1a: Alomomola|Alomomola, F|100/100
|-damage|p1a: Alomomola|88/100|[from] Stealth Rock
|move|p2a: Landorus|Earthquake|p1a: Alomomola
|-crit|p1a: Alomomola
|-damage|p1a: Alomomola|32/100
|
|upkeep
|turn|17
|
|t:|1769333446
|switch|p2a: Latios|Latios, M, shiny|100/100
|switch|p1a: Garchomp|Garchomp, F|94/100
|-damage|p1a: Garchomp|88/100|[from] Stealth Rock
|
|upkeep
|turn|18
|
|t:|1769333452
|move|p1a: Garchomp|Outrage|p2a: Latios
|-supereffective|p2a: Latios
|-damage|p2a: Latios|0 fnt
|faint|p2a: Latios
|
|upkeep
|
|t:|1769333457
|switch|p2a: Landorus|Landorus-Therian, M, shiny|39/100
|-ability|p2a: Landorus|Intimidate|boost
|-unboost|p1a: Garchomp|atk|1
|turn|19
|
|t:|1769333459
|switch|p2a: Pecharunt|Pecharunt|100/100
|move|p1a: Garchomp|Outrage|p2a: Pecharunt|[from] lockedmove
|-damage|p2a: Pecharunt|80/100
|
|upkeep
|turn|20
|
|t:|1769333464
|move|p1a: Garchomp|Outrage|p2a: Pecharunt|[from] lockedmove
|-damage|p2a: Pecharunt|60/100
|-start|p1a: Garchomp|confusion|[fatigue]
|move|p2a: Pecharunt|Malignant Chain|p1a: Garchomp
|-resisted|p1a: Garchomp
|-damage|p1a: Garchomp|71/100
|
|upkeep
|turn|21
|
|t:|1769333469
|switch|p1a: Alomomola|Alomomola, F|65/100
|-damage|p1a: Alomomola|52/100|[from] Stealth Rock
|move|p2a: Pecharunt|Recover|p2a: Pecharunt
|-heal|p2a: Pecharunt|100/100
|
|upkeep
|turn|22
|
|t:|1769333474
|move|p2a: Pecharunt|Malignant Chain|p1a: Alomomola
|-damage|p1a: Alomomola|34/100
|move|p1a: Alomomola|Mirror Coat|p2a: Pecharunt
|-damage|p2a: Pecharunt|56/100
|
|upkeep
|turn|23
|
|t:|1769333483
|move|p2a: Pecharunt|Malignant Chain|p1a: Alomomola
|-damage|p1a: Alomomola|18/100
|move|p1a: Alomomola|Flip Turn|p2a: Pecharunt
|-crit|p2a: Pecharunt
|-damage|p2a: Pecharunt|44/100
|
|t:|1769333487
|switch|p1a: Dragapult|Dragapult, M, tera:Ghost|50/100|[from] Flip Turn
|-damage|p1a: Dragapult|38/100|[from] Stealth Rock
|
|upkeep
|turn|24
|
|t:|1769333489
|move|p1a: Dragapult|Shadow Ball|p2a: Pecharunt
|-supereffective|p2a: Pecharunt
|-damage|p2a: Pecharunt|0 fnt
|faint|p2a: Pecharunt
|
|upkeep
|
|t:|1769333490
|switch|p2a: Landorus|Landorus-Therian, M, shiny|39/100
|-ability|p2a: Landorus|Intimidate|boost
|-fail|p1a: Dragapult|unboost|[from] ability: Clear Body|[of] p1a: Dragapult
|turn|25
|
|t:|1769333494
|-terastallize|p2a: Landorus|Flying
|move|p2a: Landorus|Tera Blast|p1a: Dragapult|[anim] Tera Blast Flying
|-damage|p1a: Dragapult|0 fnt
|faint|p1a: Dragapult
|
|upkeep
|
|t:|1769333496
|switch|p1a: Iron Valiant|Iron Valiant|88/100
|-damage|p1a: Iron Valiant|82/100|[from] Stealth Rock
|turn|26
|
|t:|1769333499
|move|p1a: Iron Valiant|Moonblast|p2a: Landorus
|-damage|p2a: Landorus|0 fnt
|faint|p2a: Landorus
|
|win|kingsy14
|raw|kingsy14's rating: 1451 &rarr; <strong>1471</strong><br />(+20 for winning)
|raw|Flarefofo's rating: 1445 &rarr; <strong>1425</strong><br />(-20 for losing)
|l|☆Flarefofo
|player|p2|
