|j|☆poktt
|j|☆Yeezus95
|t:|1769375063
|gametype|singles
|player|p1|poktt|dawn|1109
|player|p2|Yeezus95|guitarist-gen4|1082
|gen|9
|tier|[Gen 9] OU
|rated|
|rule|HP Percentage Mod: HP is shown in percentages
|rule|Endless Battle Clause: Forcing endless battles is banned
|rule|Species Clause: Limit one of each Pokémon
|rule|OHKO Clause: OHKO moves are banned
|rule|Evasion Items Clause: Evasion items are banned
|rule|Evasion Moves Clause: Evasion moves are banned
|rule|Evasion Abilities Clause: Evasion abilities are banned
|rule|Sleep Moves Clause: Sleep-inducing moves are banned
|clearpoke
|poke|p1|Flareon, M|
|poke|p1|Dragonite, F|
|poke|p1|Scizor, F|
|poke|p1|Empoleon, M|
|poke|p1|Gardevoir, M|
|poke|p1|Torterra, F|
|poke|p2|Great Tusk|
|poke|p2|Gholdengo|
|poke|p2|Kingambit, F|
|poke|p2|Dragapult, M|
|poke|p2|Toxapex, F|
|poke|p2|Iron Valiant|
|teampreview
|
|t:|1769375076
|teamsize|p1|6
|teamsize|p2|6
|start
|switch|p1a: Empoleon|Empoleon, M|100/100
|switch|p2a: Great Tusk|Great Tusk|100/100
|turn|1
|
|t:|1769375083
|-terastallize|p1a: Empoleon|Water
|move|p2a: Great Tusk|Stealth Rock|p1a: Empoleon
|-sidestart|p1: poktt|move: Stealth Rock
|move|p1a: Empoleon|Surf|p2a: Great Tusk
|-supereffective|p2a: Great Tusk
|-damage|p2a: Great Tusk|0 fnt
|faint|p2a: Great Tusk
|-end|p2a: Great Tusk|Protosynthesis|[silent]
|
|upkeep
|
|t:|1769375092
|switch|p2a: Toxapex|Toxapex, F|100/100
|turn|2
|
|t:|1769375101
|switch|p1a: Scizor|Scizor, F|100/100
|-damage|p1a: Scizor|88/100|[from] Stealth Rock
|move|p2a: Toxapex|Toxic|p1a: Scizor
|-immune|p1a: Scizor
|
|upkeep
|turn|3
|
|t:|1769375116
|move|p1a: Scizor|Defog|p2a: Toxapex
|-unboost|p2a: Toxapex|evasion|1
|-sideend|p1: poktt|Stealth Rock|[from] move: Defog|[of] p1a: Scizor
|move|p2a: Toxapex|Surf|p1a: Scizor
|-damage|p1a: Scizor|65/100
|
|upkeep
|turn|4
|
|t:|1769375124
|switch|p1a: Empoleon|Empoleon, M, tera:Water|100/100
|move|p2a: Toxapex|Surf|p1a: Empoleon
|-resisted|p1a: Empoleon
|-damage|p1a: Empoleon|92/100
|
|-heal|p1a: Empoleon|98/100|[from] item: Leftovers
|upkeep
|turn|5
|
|t:|1769375136
|move|p1a: Empoleon|Surf|p2a: Toxapex
|-resisted|p2a: Toxapex
|-damage|p2a: Toxapex|75/100
|move|p2a: Toxapex|Toxic|p1a: Empoleon
|-status|p1a: Empoleon|tox
|
|-heal|p1a: Empoleon|100/100 tox|[from] item: Leftovers
|-damage|p1a: Empoleon|94/100 tox|[from] psn
|upkeep
|turn|6
|
|t:|1769375146
|move|p1a: Empoleon|Stealth Rock|p2a: Toxapex
|-sidestart|p2: Yeezus95|move: Stealth Rock
|move|p2a: Toxapex|Recover|p2a: Toxapex
|-heal|p2a: Toxapex|100/100
|
|-heal|p1a: Empoleon|100/100 tox|[from] item: Leftovers
|-damage|p1a: Empoleon|88/100 tox|[from] psn
|upkeep
|turn|7
|
|t:|1769375156
|switch|p1a: Scizor|Scizor, F|65/100
|move|p2a: Toxapex|Surf|p1a: Scizor
|-damage|p1a: Scizor|41/100
|
|upkeep
|turn|8
|
|t:|1769375162
|move|p1a: Scizor|Knock Off|p2a: Toxapex
|-damage|p2a: Toxapex|69/100
|-damage|p1a: Scizor|25/100|[from] item: Rocky Helmet|[of] p2a: Toxapex
|-enditem|p2a: Toxapex|Rocky Helmet|[from] move: Knock Off|[of] p1a: Scizor
|move|p2a: Toxapex|Surf|p1a: Scizor
|-damage|p1a: Scizor|2/100
|
|upkeep
|turn|9
|
|t:|1769375180
|switch|p1a: Gardevoir|Gardevoir, M|100/100
|-ability|p1a: Gardevoir|Regenerator|Trace|[from] ability: Trace|[of] p2a: Toxapex
|move|p2a: Toxapex|Toxic|p1a: Gardevoir
|-status|p1a: Gardevoir|tox
|
|-damage|p1a: Gardevoir|94/100 tox|[from] psn
|upkeep
|turn|10
|
|t:|1769375201
|move|p1a: Gardevoir|Mystical Fire|p2a: Toxapex
|-resisted|p2a: Toxapex
|-damage|p2a: Toxapex|58/100
|-unboost|p2a: Toxapex|spa|1
|move|p2a: Toxapex|Haze|p2a: Toxapex
|-clearallboost
|
|-damage|p1a: Gardevoir|82/100 tox|[from] psn
|upkeep
|turn|11
|
|t:|1769375218
|switch|p1a: Empoleon|Empoleon, M, tera:Water|88/100 tox
|move|p2a: Toxapex|Recover|p2a: Toxapex
|-heal|p2a: Toxapex|100/100
|
|-heal|p1a: Empoleon|94/100 tox|[from] item: Leftovers
|-damage|p1a: Empoleon|88/100 tox|[from] psn
|upkeep
|turn|12
|
|t:|1769375225
|move|p1a: Empoleon|Flash Cannon|p2a: Toxapex
|-resisted|p2a: Toxapex
|-crit|p2a: Toxapex
|-damage|p2a: Toxapex|76/100
|move|p2a: Toxapex|Surf|p1a: Empoleon
|-resisted|p1a: Empoleon
|-damage|p1a: Empoleon|80/100 tox
|
|-heal|p1a: Empoleon|86/100 tox|[from] item: Leftovers
|-damage|p1a: Empoleon|73/100 tox|[from] psn
|upkeep
|turn|13
|
|t:|1769375235
|switch|p1a: Gardevoir|Gardevoir, M|100/100 tox
|-ability|p1a: Gardevoir|Regenerator|Trace|[from] ability: Trace|[of] p2a: Toxapex
|move|p2a: Toxapex|Surf|p1a: Gardevoir
|-damage|p1a: Gardevoir|80/100 tox
|
|-damage|p1a: Gardevoir|74/100 tox|[from] psn
|upkeep
|turn|14
|
|t:|1769375244
|move|p1a: Gardevoir|Psyshock|p2a: Toxapex
|-supereffective|p2a: Toxapex
|-damage|p2a: Toxapex|30/100
|move|p2a: Toxapex|Recover|p2a: Toxapex
|-heal|p2a: Toxapex|80/100
|
|-damage|p1a: Gardevoir|62/100 tox|[from] psn
|upkeep
|turn|15
|
|t:|1769375251
|switch|p1a: Torterra|Torterra, F|100/100
|move|p2a: Toxapex|Recover|p2a: Toxapex
|-heal|p2a: Toxapex|100/100
|
|upkeep
|turn|16
|
|t:|1769375256
|move|p1a: Torterra|Shell Smash|p1a: Torterra
|-unboost|p1a: Torterra|def|1
|-unboost|p1a: Torterra|spd|1
|-boost|p1a: Torterra|atk|2
|-boost|p1a: Torterra|spa|2
|-boost|p1a: Torterra|spe|2
|move|p2a: Toxapex|Toxic|p1a: Torterra
|-status|p1a: Torterra|tox
|
|-damage|p1a: Torterra|94/100 tox|[from] psn
|upkeep
|turn|17
|
|t:|1769375269
|move|p1a: Torterra|Headlong Rush|p2a: Toxapex
|-supereffective|p2a: Toxapex
|-damage|p2a: Toxapex|0 fnt
|-unboost|p1a: Torterra|def|1
|-unboost|p1a: Torterra|spd|1
|faint|p2a: Toxapex
|
|-damage|p1a: Torterra|82/100 tox|[from] psn
|upkeep
|
|t:|1769375288
|switch|p2a: Dragapult|Dragapult, M|100/100
|-damage|p2a: Dragapult|88/100|[from] Stealth Rock
|turn|18
|
|t:|1769375297
|move|p1a: Torterra|Headlong Rush|p2a: Dragapult
|-damage|p2a: Dragapult|0 fnt
|-unboost|p1a: Torterra|def|1
|-unboost|p1a: Torterra|spd|1
|faint|p2a: Dragapult
|
|-damage|p1a: Torterra|64/100 tox|[from] psn
|upkeep
|
|t:|1769375304
|switch|p2a: Kingambit|Kingambit, F|100/100
|-damage|p2a: Kingambit|94/100|[from] Stealth Rock
|-activate|p2a: Kingambit|ability: Supreme Overlord
|-start|p2a: Kingambit|fallen3|[silent]
|turn|19
|
|t:|1769375318
|move|p2a: Kingambit|Sucker Punch||[still]
|-fail|p2a: Kingambit
|move|p1a: Torterra|Shell Smash|p1a: Torterra
|-unboost|p1a: Torterra|def|1
|-unboost|p1a: Torterra|spd|1
|-boost|p1a: Torterra|atk|2
|-boost|p1a: Torterra|spa|2
|-boost|p1a: Torterra|spe|2
|
|-damage|p1a: Torterra|40/100 tox|[from] psn
|upkeep
|turn|20
|
|t:|1769375329
|move|p2a: Kingambit|Sucker Punch|p1a: Torterra
|-damage|p1a: Torterra|0 fnt
|faint|p1a: Torterra
|
|upkeep
|
|t:|1769375331
|switch|p1a: Flareon|Flareon, M|100/100
|turn|21
|
|t:|1769375350
|-terastallize|p2a: Kingambit|Dark
|move|p2a: Kingambit|Sucker Punch|p1a: Flareon
|-crit|p1a: Flareon
|-damage|p1a: Flareon|0 fnt
|faint|p1a: Flareon
|
|upkeep
|
|t:|1769375354
|switch|p1a: Gardevoir|Gardevoir, M|95/100 tox
|-ability|p1a: Gardevoir|Supreme Overlord|Trace|[from] ability: Trace|[of] p2a: Kingambit
|-activate|p1a: Gardevoir|ability: Supreme Overlord
|-start|p1a: Gardevoir|fallen2|[silent]
|turn|22
|
|t:|1769375362
|move|p2a: Kingambit|Sucker Punch|p1a: Gardevoir
|-damage|p1a: Gardevoir|0 fnt
|faint|p1a: Gardevoir
|-end|p1a: Gardevoir|fallen2|[silent]
|
|upkeep
|
|t:|1769375370
|switch|p1a: Scizor|Scizor, F|2/100
|turn|23
|
|t:|1769375373
|move|p1a: Scizor|Bullet Punch|p2a: Kingambit
|-damage|p2a: Kingambit|58/100
|move|p2a: Kingambit|Sucker Punch||[still]
|-fail|p2a: Kingambit
|
|upkeep
|turn|24
|
|t:|1769375379
|move|p1a: Scizor|Bullet Punch|p2a: Kingambit
|-crit|p2a: Kingambit
|-damage|p2a: Kingambit|0 fnt
|faint|p2a: Kingambit
|-end|p2a: Kingambit|fallen3|[silent]
|
|upkeep
|
|t:|1769375391
|switch|p2a: Gholdengo|Gholdengo|100/100
|-damage|p2a: Gholdengo|94/100|[from] Stealth Rock
|turn|25
|
|t:|1769375399
|switch|p1a: Empoleon|Empoleon, M, tera:Water|73/100 tox
|move|p2a: Gholdengo|Shadow Ball|p1a: Empoleon
|-damage|p1a: Empoleon|43/100 tox
|
|-heal|p2a: Gholdengo|100/100|[from] item: Leftovers
|-heal|p1a: Empoleon|49/100 tox|[from] item: Leftovers
|-damage|p1a: Empoleon|43/100 tox|[from] psn
|upkeep
|turn|26
|
|t:|1769375411
|move|p2a: Gholdengo|Nasty Plot|p2a: Gholdengo
|-boost|p2a: Gholdengo|spa|2
|move|p1a: Empoleon|Surf|p2a: Gholdengo
|-damage|p2a: Gholdengo|42/100
|
|-heal|p2a: Gholdengo|48/100|[from] item: Leftovers
|-heal|p1a: Empoleon|49/100 tox|[from] item: Leftovers
|-damage|p1a: Empoleon|37/100 tox|[from] psn
|upkeep
|turn|27
|
|t:|1769375422
|move|p2a: Gholdengo|Shadow Ball|p1a: Empoleon
|-damage|p1a: Empoleon|0 fnt
|faint|p1a: Empoleon
|
|-heal|p2a: Gholdengo|54/100|[from] item: Leftovers
|upkeep
|
|t:|1769375427
|switch|p1a: Dragonite|Dragonite, F|100/100
|turn|28
|
|t:|1769375437
|move|p2a: Gholdengo|Make It Rain|p1a: Dragonite
|-damage|p1a: Dragonite|44/100
|-unboost|p2a: Gholdengo|spa|1
|move|p1a: Dragonite|Dragon Dance|p1a: Dragonite
|-boost|p1a: Dragonite|atk|1
|-boost|p1a: Dragonite|spe|1
|
|-heal|p2a: Gholdengo|61/100|[from] item: Leftovers
|upkeep
|turn|29
|
|t:|1769375448
|move|p1a: Dragonite|Outrage|p2a: Gholdengo
|-resisted|p2a: Gholdengo
|-damage|p2a: Gholdengo|12/100
|move|p2a: Gholdengo|Make It Rain|p1a: Dragonite
|-damage|p1a: Dragonite|0 fnt
|-unboost|p2a: Gholdengo|spa|1
|faint|p1a: Dragonite
|
|-heal|p2a: Gholdengo|18/100|[from] item: Leftovers
|upkeep
|
|t:|1769375453
|switch|p1a: Scizor|Scizor, F|2/100
|turn|30
|
|t:|1769375462
|move|p1a: Scizor|Bullet Punch|p2a: Gholdengo
|-resisted|p2a: Gholdengo
|-damage|p2a: Gholdengo|0 fnt
|faint|p2a: Gholdengo
|
|upkeep
|
|t:|1769375466
|switch|p2a: Iron Valiant|Iron Valiant|100/100
|-damage|p2a: Iron Valiant|94/100|[from] Stealth Rock
|-enditem|p2a: Iron Valiant|Booster Energy
|-activate|p2a: Iron Valiant|ability: Quark Drive|[fromitem]
|-start|p2a: Iron Valiant|quarkdrivespe
|turn|31
|c|☆poktt|gg
|
|t:|1769375474
|move|p1a: Scizor|Bullet Punch|p2a: Iron Valiant
|-supereffective|p2a: Iron Valiant
|-damage|p2a: Iron Valiant|0 fnt
|faint|p2a: Iron Valiant
|-end|p2a: Iron Valiant|Quark Drive|[silent]
|
|win|poktt
|raw|poktt's rating: 1109 &rarr; <strong>1132</strong><br />(+23 for winning)
|raw|Yeezus95's rating: 1082 &rarr; <strong>1061</strong><br />(-21 for losing)
|l|☆Yeezus95
|player|p2|
|l|☆poktt
|player|p1|
