|j|☆soulcritic51
|j|☆kilobyt3
|t:|1769385099
|gametype|singles
|player|p1|soulcritic51|169|1142
|player|p2|kilobyt3|lucas-gen4pt|1189
|gen|9
|tier|[Gen 9] OU
|rated|
|rule|HP Percentage Mod: HP is shown in percentages
|rule|Endless Battle Clause: Forcing endless battles is banned
|rule|Species Clause: Limit one of each Pokémon
|rule|OHKO Clause: OHKO moves are banned
|rule|Evasion Items Clause: Evasion items are banned
|rule|Evasion Moves Clause: Evasion moves are banned
|rule|Evasion Abilities Clause: Evasion abilities are banned
|rule|Sleep Moves Clause: Sleep-inducing moves are banned
|clearpoke
|poke|p1|Zapdos|
|poke|p1|Kingambit, M|
|poke|p1|Primarina, F|
|poke|p1|Gliscor, F|
|poke|p1|Deoxys-Speed|
|poke|p1|Dragapult, M|
|poke|p2|Umbreon, F|
|poke|p2|Gholdengo|
|poke|p2|Great Tusk|
|poke|p2|Samurott-Hisui, F|
|poke|p2|Raging Bolt|
|poke|p2|Alomomola, M|
|teampreview
|inactive|Battle timer is ON: inactive players will automatically lose when time's up. (requested by kilobyt3)
|
|t:|1769385140
|teamsize|p1|6
|teamsize|p2|6
|start
|switch|p1a: Deoxys|Deoxys-Speed|100/100
|switch|p2a: Samurott|Samurott-Hisui, F|100/100
|-ability|p1a: Deoxys|Pressure
|turn|1
|
|t:|1769385150
|move|p1a: Deoxys|Reflect|p1a: Deoxys
|-sidestart|p1: soulcritic51|Reflect
|move|p2a: Samurott|Ceaseless Edge|p1a: Deoxys
|-supereffective|p1a: Deoxys
|-damage|p1a: Deoxys|51/100
|-sidestart|p1: soulcritic51|Spikes
|
|upkeep
|turn|2
|
|t:|1769385158
|move|p1a: Deoxys|Light Screen|p1a: Deoxys
|-sidestart|p1: soulcritic51|move: Light Screen
|move|p2a: Samurott|Ceaseless Edge|p1a: Deoxys
|-supereffective|p1a: Deoxys
|-damage|p1a: Deoxys|0 fnt
|-sidestart|p1: soulcritic51|Spikes
|faint|p1a: Deoxys
|
|upkeep
|
|t:|1769385178
|switch|p1a: Zapdos|Zapdos|100/100
|turn|3
|inactive|kilobyt3 has 120 seconds left.
|
|t:|1769385213
|move|p2a: Samurott|Ceaseless Edge|p1a: Zapdos
|-damage|p1a: Zapdos|84/100
|-status|p2a: Samurott|par|[from] ability: Static|[of] p1a: Zapdos
|-sidestart|p1: soulcritic51|Spikes
|move|p1a: Zapdos|Hurricane|p2a: Samurott|[miss]
|-miss|p1a: Zapdos|p2a: Samurott
|
|upkeep
|turn|4
|inactive|kilobyt3 has 120 seconds left.
|
|t:|1769385224
|switch|p2a: Umbreon|Umbreon, F|100/100
|move|p1a: Zapdos|Discharge|p2a: Umbreon
|-damage|p2a: Umbreon|84/100
|
|-heal|p2a: Umbreon|90/100|[from] item: Leftovers
|upkeep
|turn|5
|inactive|kilobyt3 has 120 seconds left.
|
|t:|1769385235
|move|p1a: Zapdos|Hurricane|p2a: Umbreon
|-crit|p2a: Umbreon
|-damage|p2a: Umbreon|57/100
|move|p2a: Umbreon|Roar|p1a: Zapdos
|drag|p1a: Gliscor|Gliscor, F, shiny|100/100
|
|-heal|p2a: Umbreon|63/100|[from] item: Leftovers
|-status|p1a: Gliscor|tox|[from] item: Toxic Orb
|upkeep
|turn|6
|inactive|kilobyt3 has 120 seconds left.
|
|t:|1769385253
|move|p1a: Gliscor|Toxic|p2a: Umbreon
|-status|p2a: Umbreon|tox
|-activate|p2a: Umbreon|ability: Synchronize
|-fail|p1a: Gliscor|tox
|move|p2a: Umbreon|Moonlight|p2a: Umbreon
|-heal|p2a: Umbreon|100/100 tox
|
|-damage|p2a: Umbreon|94/100 tox|[from] psn
|upkeep
|turn|7
|
|t:|1769385265
|move|p1a: Gliscor|Knock Off|p2a: Umbreon
|-resisted|p2a: Umbreon
|-damage|p2a: Umbreon|87/100 tox
|-enditem|p2a: Umbreon|Leftovers|[from] move: Knock Off|[of] p1a: Gliscor
|move|p2a: Umbreon|Roar|p1a: Gliscor
|drag|p1a: Dragapult|Dragapult, M|100/100
|
|-damage|p2a: Umbreon|74/100 tox|[from] psn
|upkeep
|turn|8
|
|t:|1769385278
|-terastallize|p1a: Dragapult|Fairy
|move|p1a: Dragapult|Hex|p2a: Umbreon
|-resisted|p2a: Umbreon
|-damage|p2a: Umbreon|61/100 tox
|move|p2a: Umbreon|Thunder Wave|p1a: Dragapult|[miss]
|-miss|p2a: Umbreon|p1a: Dragapult
|
|-damage|p2a: Umbreon|43/100 tox|[from] psn
|-sideend|p1: soulcritic51|Reflect
|upkeep
|turn|9
|
|t:|1769385293
|switch|p1a: Gliscor|Gliscor, F, shiny|100/100 tox
|move|p2a: Umbreon|Moonlight|p2a: Umbreon
|-heal|p2a: Umbreon|93/100 tox
|
|-damage|p2a: Umbreon|69/100 tox|[from] psn
|-sideend|p1: soulcritic51|move: Light Screen
|upkeep
|turn|10
|
|t:|1769385311
|switch|p2a: Samurott|Samurott-Hisui, F|100/100 par
|move|p1a: Gliscor|Earthquake|p2a: Samurott
|-damage|p2a: Samurott|55/100 par
|
|upkeep
|turn|11
|
|t:|1769385330
|switch|p1a: Primarina|Primarina, F, shiny|100/100
|-damage|p1a: Primarina|76/100|[from] Spikes
|move|p2a: Samurott|Razor Shell|p1a: Primarina
|-resisted|p1a: Primarina
|-damage|p1a: Primarina|42/100
|
|-heal|p1a: Primarina|48/100|[from] item: Leftovers
|upkeep
|turn|12
|
|t:|1769385345
|move|p2a: Samurott|Razor Shell|p1a: Primarina
|-resisted|p1a: Primarina
|-damage|p1a: Primarina|13/100
|-unboost|p1a: Primarina|def|1
|move|p1a: Primarina|Moonblast|p2a: Samurott
|-supereffective|p2a: Samurott
|-damage|p2a: Samurott|0 fnt
|faint|p2a: Samurott
|
|-heal|p1a: Primarina|20/100|[from] item: Leftovers
|upkeep
|
|t:|1769385360
|switch|p2a: Great Tusk|Great Tusk|100/100
|turn|13
|
|t:|1769385381
|move|p2a: Great Tusk|Rapid Spin|p1a: Primarina
|-damage|p1a: Primarina|0 fnt
|-boost|p2a: Great Tusk|spe|1
|faint|p1a: Primarina
|
|upkeep
|inactive|soulcritic51 has 120 seconds left.
|
|t:|1769385406
|switch|p1a: Gliscor|Gliscor, F, shiny|100/100 tox
|turn|14
|
|t:|1769385418
|move|p2a: Great Tusk|Ice Spinner|p1a: Gliscor
|-supereffective|p1a: Gliscor
|-damage|p1a: Gliscor|12/100 tox
|move|p1a: Gliscor|Knock Off|p2a: Great Tusk
|-resisted|p2a: Great Tusk
|-damage|p2a: Great Tusk|93/100
|-damage|p1a: Gliscor|0 fnt|[from] item: Rocky Helmet|[of] p2a: Great Tusk
|faint|p1a: Gliscor
|
|upkeep
|
|t:|1769385432
|switch|p1a: Zapdos|Zapdos|84/100
|turn|15
|
|t:|1769385440
|move|p2a: Great Tusk|Ice Spinner|p1a: Zapdos
|-supereffective|p1a: Zapdos
|-damage|p1a: Zapdos|46/100
|move|p1a: Zapdos|Hurricane|p2a: Great Tusk
|-supereffective|p2a: Great Tusk
|-damage|p2a: Great Tusk|0 fnt
|faint|p2a: Great Tusk
|-end|p2a: Great Tusk|Protosynthesis|[silent]
|
|upkeep
|
|t:|1769385452
|switch|p2a: Raging Bolt|Raging Bolt|100/100
|-enditem|p2a: Raging Bolt|Booster Energy
|-activate|p2a: Raging Bolt|ability: Protosynthesis|[fromitem]
|-start|p2a: Raging Bolt|protosynthesisspa
|turn|16
|
|t:|1769385461
|move|p1a: Zapdos|Hurricane|p2a: Raging Bolt
|-resisted|p2a: Raging Bolt
|-damage|p2a: Raging Bolt|83/100
|move|p2a: Raging Bolt|Thunderbolt|p1a: Zapdos
|-damage|p1a: Zapdos|0 fnt
|faint|p1a: Zapdos
|
|upkeep
|
|t:|1769385472
|switch|p1a: Dragapult|Dragapult, M, tera:Fairy|100/100
|turn|17
|
|t:|1769385486
|move|p1a: Dragapult|Dragon Darts|p2a: Raging Bolt
|-supereffective|p2a: Raging Bolt
|-damage|p2a: Raging Bolt|51/100
|-anim|p1a: Dragapult|Dragon Darts|p2a: Raging Bolt
|-supereffective|p2a: Raging Bolt
|-damage|p2a: Raging Bolt|18/100
|move|p2a: Raging Bolt|Thunderbolt|p1a: Dragapult
|-damage|p1a: Dragapult|0 fnt
|faint|p1a: Dragapult
|
|upkeep
|
|t:|1769385495
|switch|p1a: Kingambit|Kingambit, M, shiny|100/100
|-damage|p1a: Kingambit|76/100|[from] Spikes
|-activate|p1a: Kingambit|ability: Supreme Overlord
|-start|p1a: Kingambit|fallen5|[silent]
|turn|18
|inactive|soulcritic51 has 120 seconds left.
|
|t:|1769385503
|move|p2a: Raging Bolt|Thunderclap|p1a: Kingambit
|-damage|p1a: Kingambit|17/100
|move|p1a: Kingambit|Sucker Punch||[still]
|-fail|p1a: Kingambit
|
|-heal|p1a: Kingambit|23/100|[from] item: Leftovers
|upkeep
|turn|19
|
|t:|1769385509
|move|p2a: Raging Bolt|Volt Switch|p1a: Kingambit
|-damage|p1a: Kingambit|0 fnt
|faint|p1a: Kingambit
|-end|p1a: Kingambit|fallen5|[silent]
|
|win|kilobyt3
|raw|soulcritic51's rating: 1142 &rarr; <strong>1120</strong><br />(-22 for losing)
|raw|kilobyt3's rating: 1189 &rarr; <strong>1211</strong><br />(+22 for winning)
