|j|☆kazcrafte
|j|☆poopnuts56
|t:|1769414752
|gametype|singles
|player|p1|kazcrafte|cyrus|1172
|player|p2|poopnuts56|1|1225
|gen|9
|tier|[Gen 9] OU
|rated|
|rule|HP Percentage Mod: HP is shown in percentages
|rule|Endless Battle Clause: Forcing endless battles is banned
|rule|Species Clause: Limit one of each Pokémon
|rule|OHKO Clause: OHKO moves are banned
|rule|Evasion Items Clause: Evasion items are banned
|rule|Evasion Moves Clause: Evasion moves are banned
|rule|Evasion Abilities Clause: Evasion abilities are banned
|rule|Sleep Moves Clause: Sleep-inducing moves are banned
|clearpoke
|poke|p1|Pecharunt|
|poke|p1|Mabosstiff, M|
|poke|p1|Volcanion|
|poke|p1|Iron Valiant|
|poke|p1|Landorus-Therian, M|
|poke|p1|Deoxys-Speed|
|poke|p2|Tyranitar, F|
|poke|p2|Hydrapple, M|
|poke|p2|Alomomola, F|
|poke|p2|Excadrill, F|
|poke|p2|Garganacl, M|
|poke|p2|Iron Valiant|
|teampreview
|inactive|Battle timer is ON: inactive players will automatically lose when time's up. (requested by kazcrafte)
|
|t:|1769414766
|teamsize|p1|6
|teamsize|p2|6
|start
|switch|p1a: Landorus|Landorus-Therian, M|100/100
|switch|p2a: Tyranitar|Tyranitar, F|100/100
|-ability|p1a: Landorus|Intimidate|boost
|-unboost|p2a: Tyranitar|atk|1
|-weather|Sandstorm|[from] ability: Sand Stream|[of] p2a: Tyranitar
|turn|1
|
|t:|1769414774
|move|p1a: Landorus|U-turn|p2a: Tyranitar
|-supereffective|p2a: Tyranitar
|-damage|p2a: Tyranitar|61/100
|
|t:|1769414780
|switch|p1a: Pecharunt|Pecharunt|100/100|[from] U-turn
|move|p2a: Tyranitar|Ice Punch|p1a: Pecharunt
|-damage|p1a: Pecharunt|78/100
|
|-weather|Sandstorm|[upkeep]
|-damage|p1a: Pecharunt|72/100|[from] Sandstorm
|upkeep
|turn|2
|
|t:|1769414788
|switch|p2a: Garganacl|Garganacl, M|100/100
|move|p1a: Pecharunt|Malignant Chain|p2a: Garganacl
|-resisted|p2a: Garganacl
|-crit|p2a: Garganacl
|-damage|p2a: Garganacl|86/100
|
|-weather|Sandstorm|[upkeep]
|-damage|p1a: Pecharunt|66/100|[from] Sandstorm
|-heal|p2a: Garganacl|93/100|[from] item: Leftovers
|upkeep
|turn|3
|
|t:|1769414797
|switch|p1a: Landorus|Landorus-Therian, M|100/100
|-ability|p1a: Landorus|Intimidate|boost
|-unboost|p2a: Garganacl|atk|1
|move|p2a: Garganacl|Stealth Rock|p1a: Landorus
|-sidestart|p1: kazcrafte|move: Stealth Rock
|
|-weather|Sandstorm|[upkeep]
|-heal|p2a: Garganacl|99/100|[from] item: Leftovers
|upkeep
|turn|4
|
|t:|1769414802
|move|p1a: Landorus|Stealth Rock|p2a: Garganacl
|-sidestart|p2: poopnuts56|move: Stealth Rock
|move|p2a: Garganacl|Salt Cure|p1a: Landorus
|-damage|p1a: Landorus|91/100
|-start|p1a: Landorus|Salt Cure
|
|-weather|Sandstorm|[upkeep]
|-heal|p2a: Garganacl|100/100|[from] item: Leftovers
|-damage|p1a: Landorus|78/100|[from] Salt Cure
|upkeep
|turn|5
|
|t:|1769414809
|switch|p2a: Alomomola|Alomomola, F|100/100
|move|p1a: Landorus|U-turn|p2a: Alomomola
|-crit|p2a: Alomomola
|-damage|p2a: Alomomola|80/100
|
|t:|1769414815
|switch|p1a: Volcanion|Volcanion|100/100|[from] U-turn
|-damage|p1a: Volcanion|76/100|[from] Stealth Rock
|
|-weather|none
|-heal|p1a: Volcanion|82/100|[from] item: Leftovers
|upkeep
|turn|6
|
|t:|1769414822
|switch|p2a: Hydrapple|Hydrapple, M|100/100
|-damage|p2a: Hydrapple|88/100|[from] Stealth Rock
|move|p1a: Volcanion|Taunt|p2a: Hydrapple
|-start|p2a: Hydrapple|move: Taunt
|
|-heal|p1a: Volcanion|88/100|[from] item: Leftovers
|upkeep
|turn|7
|
|t:|1769414835
|move|p1a: Volcanion|Will-O-Wisp|p2a: Hydrapple
|-status|p2a: Hydrapple|brn
|move|p2a: Hydrapple|Giga Drain|p1a: Volcanion
|-damage|p1a: Volcanion|59/100
|-heal|p2a: Hydrapple|100/100 brn|[from] drain|[of] p1a: Volcanion
|
|-heal|p1a: Volcanion|65/100|[from] item: Leftovers
|-damage|p2a: Hydrapple|94/100 brn|[from] brn
|upkeep
|turn|8
|
|t:|1769414844
|switch|p1a: Pecharunt|Pecharunt|66/100
|move|p2a: Hydrapple|Earth Power|p1a: Pecharunt
|-supereffective|p1a: Pecharunt
|-damage|p1a: Pecharunt|6/100
|-unboost|p1a: Pecharunt|spd|1
|
|-damage|p2a: Hydrapple|88/100 brn|[from] brn
|-end|p2a: Hydrapple|move: Taunt
|upkeep
|turn|9
|
|t:|1769414857
|move|p1a: Pecharunt|Malignant Chain|p2a: Hydrapple
|-supereffective|p2a: Hydrapple
|-damage|p2a: Hydrapple|7/100 brn
|move|p2a: Hydrapple|Earth Power|p1a: Pecharunt
|-supereffective|p1a: Pecharunt
|-damage|p1a: Pecharunt|0 fnt
|faint|p1a: Pecharunt
|
|-damage|p2a: Hydrapple|1/100 brn|[from] brn
|upkeep
|
|t:|1769414877
|switch|p1a: Deoxys|Deoxys-Speed|100/100
|-damage|p1a: Deoxys|88/100|[from] Stealth Rock
|-ability|p1a: Deoxys|Pressure
|turn|10
|
|t:|1769414881
|switch|p2a: Alomomola|Alomomola, F|100/100
|move|p1a: Deoxys|Spikes|p2a: Alomomola
|-sidestart|p2: poopnuts56|Spikes
|
|upkeep
|turn|11
|
|t:|1769414885
|move|p1a: Deoxys|Knock Off|p2a: Alomomola
|-damage|p2a: Alomomola|82/100
|-enditem|p2a: Alomomola|Heavy-Duty Boots|[from] move: Knock Off|[of] p1a: Deoxys
|move|p2a: Alomomola|Flip Turn|p1a: Deoxys
|-damage|p1a: Deoxys|61/100
|
|t:|1769414890
|switch|p2a: Tyranitar|Tyranitar, F|61/100|[from] Flip Turn
|-damage|p2a: Tyranitar|49/100|[from] Stealth Rock
|-damage|p2a: Tyranitar|37/100|[from] Spikes
|-weather|Sandstorm|[from] ability: Sand Stream|[of] p2a: Tyranitar
|
|-weather|Sandstorm|[upkeep]
|-damage|p1a: Deoxys|54/100|[from] Sandstorm
|upkeep
|turn|12
|
|t:|1769414893
|move|p1a: Deoxys|Psycho Boost|p2a: Tyranitar
|-immune|p2a: Tyranitar
|move|p2a: Tyranitar|Knock Off|p1a: Deoxys
|-supereffective|p1a: Deoxys
|-damage|p1a: Deoxys|0 fnt
|-enditem|p1a: Deoxys|Eject Pack|[from] move: Knock Off|[of] p2a: Tyranitar
|faint|p1a: Deoxys
|
|-weather|Sandstorm|[upkeep]
|upkeep
|
|t:|1769414899
|switch|p1a: Landorus|Landorus-Therian, M|78/100
|-damage|p1a: Landorus|66/100|[from] Stealth Rock
|-ability|p1a: Landorus|Intimidate|boost
|-unboost|p2a: Tyranitar|atk|1
|turn|13
|
|t:|1769414904
|switch|p2a: Alomomola|Alomomola, F|100/100
|-damage|p2a: Alomomola|88/100|[from] Stealth Rock
|-damage|p2a: Alomomola|76/100|[from] Spikes
|move|p1a: Landorus|U-turn|p2a: Alomomola
|-damage|p2a: Alomomola|61/100
|
|t:|1769414910
|switch|p1a: Volcanion|Volcanion|65/100|[from] U-turn
|-damage|p1a: Volcanion|40/100|[from] Stealth Rock
|
|-weather|Sandstorm|[upkeep]
|-damage|p1a: Volcanion|34/100|[from] Sandstorm
|-damage|p2a: Alomomola|55/100|[from] Sandstorm
|-heal|p1a: Volcanion|40/100|[from] item: Leftovers
|upkeep
|turn|14
|
|t:|1769414915
|switch|p2a: Garganacl|Garganacl, M|100/100
|-damage|p2a: Garganacl|88/100|[from] Stealth Rock
|-damage|p2a: Garganacl|76/100|[from] Spikes
|move|p1a: Volcanion|Flamethrower|p2a: Garganacl
|-resisted|p2a: Garganacl
|-damage|p2a: Garganacl|67/100
|
|-weather|Sandstorm|[upkeep]
|-damage|p1a: Volcanion|34/100|[from] Sandstorm
|-heal|p1a: Volcanion|40/100|[from] item: Leftovers
|-heal|p2a: Garganacl|73/100|[from] item: Leftovers
|upkeep
|turn|15
|
|t:|1769414928
|-terastallize|p2a: Garganacl|Water
|move|p1a: Volcanion|Taunt|p2a: Garganacl
|-start|p2a: Garganacl|move: Taunt
|move|p2a: Garganacl|Salt Cure|p1a: Volcanion
|-supereffective|p1a: Volcanion
|-damage|p1a: Volcanion|18/100
|-start|p1a: Volcanion|Salt Cure
|
|-weather|none
|-heal|p1a: Volcanion|24/100|[from] item: Leftovers
|-heal|p2a: Garganacl|79/100|[from] item: Leftovers
|-damage|p1a: Volcanion|0 fnt|[from] Salt Cure
|faint|p1a: Volcanion
|upkeep
|
|t:|1769414938
|switch|p1a: Mabosstiff|Mabosstiff, M|100/100
|-damage|p1a: Mabosstiff|88/100|[from] Stealth Rock
|-ability|p1a: Mabosstiff|Intimidate|boost
|-unboost|p2a: Garganacl|atk|1
|turn|16
|
|t:|1769414945
|move|p1a: Mabosstiff|Jaw Lock|p2a: Garganacl
|-damage|p2a: Garganacl|51/100
|-activate|p1a: Mabosstiff|trapped
|-activate|p2a: Garganacl|trapped
|move|p2a: Garganacl|Salt Cure|p1a: Mabosstiff
|-damage|p1a: Mabosstiff|78/100
|-start|p1a: Mabosstiff|Salt Cure
|-enditem|p1a: Mabosstiff|Kee Berry|[eat]
|-boost|p1a: Mabosstiff|def|1|[from] item: Kee Berry
|
|-heal|p2a: Garganacl|57/100|[from] item: Leftovers
|-damage|p1a: Mabosstiff|66/100|[from] Salt Cure
|upkeep
|turn|17
|
|t:|1769414955
|move|p1a: Mabosstiff|Trailblaze|p2a: Garganacl
|-supereffective|p2a: Garganacl
|-damage|p2a: Garganacl|33/100
|-boost|p1a: Mabosstiff|spe|1
|move|p2a: Garganacl|Salt Cure|p1a: Mabosstiff
|-damage|p1a: Mabosstiff|59/100
|
|-heal|p2a: Garganacl|39/100|[from] item: Leftovers
|-damage|p1a: Mabosstiff|46/100|[from] Salt Cure
|-end|p2a: Garganacl|move: Taunt
|upkeep
|turn|18
|
|t:|1769414980
|move|p2a: Garganacl|Protect|p2a: Garganacl
|-singleturn|p2a: Garganacl|Protect
|move|p1a: Mabosstiff|Hone Claws|p1a: Mabosstiff
|-boost|p1a: Mabosstiff|atk|1
|-boost|p1a: Mabosstiff|accuracy|1
|
|-heal|p2a: Garganacl|45/100|[from] item: Leftovers
|-damage|p1a: Mabosstiff|34/100|[from] Salt Cure
|upkeep
|turn|19
|
|t:|1769414987
|move|p1a: Mabosstiff|Hone Claws|p1a: Mabosstiff
|-boost|p1a: Mabosstiff|atk|1
|-boost|p1a: Mabosstiff|accuracy|1
|move|p2a: Garganacl|Recover|p2a: Garganacl
|-heal|p2a: Garganacl|95/100
|
|-heal|p2a: Garganacl|100/100|[from] item: Leftovers
|-damage|p1a: Mabosstiff|21/100|[from] Salt Cure
|upkeep
|turn|20
|
|t:|1769414990
|move|p1a: Mabosstiff|Rest|p1a: Mabosstiff
|-status|p1a: Mabosstiff|slp|[from] move: Rest
|-heal|p1a: Mabosstiff|100/100 slp|[silent]
|move|p2a: Garganacl|Salt Cure|p1a: Mabosstiff
|-damage|p1a: Mabosstiff|94/100 slp
|
|-damage|p1a: Mabosstiff|81/100 slp|[from] Salt Cure
|upkeep
|turn|21
|
|t:|1769414995
|cant|p1a: Mabosstiff|slp
|move|p2a: Garganacl|Salt Cure|p1a: Mabosstiff
|-damage|p1a: Mabosstiff|74/100 slp
|
|-damage|p1a: Mabosstiff|62/100 slp|[from] Salt Cure
|upkeep
|turn|22
|
|t:|1769414997
|cant|p1a: Mabosstiff|slp
|move|p2a: Garganacl|Salt Cure|p1a: Mabosstiff
|-damage|p1a: Mabosstiff|56/100 slp
|
|-damage|p1a: Mabosstiff|43/100 slp|[from] Salt Cure
|upkeep
|turn|23
|
|t:|1769415001
|-curestatus|p1a: Mabosstiff|slp|[msg]
|move|p1a: Mabosstiff|Trailblaze|p2a: Garganacl
|-supereffective|p2a: Garganacl
|-damage|p2a: Garganacl|51/100
|-boost|p1a: Mabosstiff|spe|1
|move|p2a: Garganacl|Salt Cure|p1a: Mabosstiff
|-crit|p1a: Mabosstiff
|-damage|p1a: Mabosstiff|22/100
|
|-heal|p2a: Garganacl|58/100|[from] item: Leftovers
|-damage|p1a: Mabosstiff|10/100|[from] Salt Cure
|upkeep
|turn|24
|
|t:|1769415009
|move|p1a: Mabosstiff|Rest|p1a: Mabosstiff
|-status|p1a: Mabosstiff|slp|[from] move: Rest
|-heal|p1a: Mabosstiff|100/100 slp|[silent]
|move|p2a: Garganacl|Recover|p2a: Garganacl
|-heal|p2a: Garganacl|100/100
|
|-damage|p1a: Mabosstiff|88/100 slp|[from] Salt Cure
|upkeep
|turn|25
|
|t:|1769415012
|cant|p1a: Mabosstiff|slp
|move|p2a: Garganacl|Stealth Rock||[still]
|-fail|p2a: Garganacl
|
|-damage|p1a: Mabosstiff|75/100 slp|[from] Salt Cure
|upkeep
|turn|26
|
|t:|1769415014
|cant|p1a: Mabosstiff|slp
|move|p2a: Garganacl|Stealth Rock||[still]
|-fail|p2a: Garganacl
|
|-damage|p1a: Mabosstiff|63/100 slp|[from] Salt Cure
|upkeep
|turn|27
|
|t:|1769415021
|-curestatus|p1a: Mabosstiff|slp|[msg]
|move|p1a: Mabosstiff|Trailblaze|p2a: Garganacl
|-supereffective|p2a: Garganacl
|-damage|p2a: Garganacl|56/100
|-boost|p1a: Mabosstiff|spe|1
|move|p2a: Garganacl|Stealth Rock||[still]
|-fail|p2a: Garganacl
|
|-heal|p2a: Garganacl|62/100|[from] item: Leftovers
|-damage|p1a: Mabosstiff|50/100|[from] Salt Cure
|upkeep
|turn|28
|
|t:|1769415031
|move|p1a: Mabosstiff|Trailblaze|p2a: Garganacl
|-supereffective|p2a: Garganacl
|-damage|p2a: Garganacl|18/100
|-boost|p1a: Mabosstiff|spe|1
|move|p2a: Garganacl|Salt Cure|p1a: Mabosstiff
|-damage|p1a: Mabosstiff|44/100
|
|-heal|p2a: Garganacl|25/100|[from] item: Leftovers
|-damage|p1a: Mabosstiff|31/100|[from] Salt Cure
|upkeep
|turn|29
|
|t:|1769415043
|move|p2a: Garganacl|Protect|p2a: Garganacl
|-singleturn|p2a: Garganacl|Protect
|move|p1a: Mabosstiff|Hone Claws|p1a: Mabosstiff
|-boost|p1a: Mabosstiff|atk|1
|-boost|p1a: Mabosstiff|accuracy|1
|
|-heal|p2a: Garganacl|31/100|[from] item: Leftovers
|-damage|p1a: Mabosstiff|19/100|[from] Salt Cure
|upkeep
|turn|30
|
|t:|1769415047
|move|p1a: Mabosstiff|Rest|p1a: Mabosstiff
|-status|p1a: Mabosstiff|slp|[from] move: Rest
|-heal|p1a: Mabosstiff|100/100 slp|[silent]
|move|p2a: Garganacl|Recover|p2a: Garganacl
|-heal|p2a: Garganacl|81/100
|
|-heal|p2a: Garganacl|87/100|[from] item: Leftovers
|-damage|p1a: Mabosstiff|88/100 slp|[from] Salt Cure
|upkeep
|turn|31
|
|t:|1769415050
|cant|p1a: Mabosstiff|slp
|move|p2a: Garganacl|Stealth Rock||[still]
|-fail|p2a: Garganacl
|
|-heal|p2a: Garganacl|93/100|[from] item: Leftovers
|-damage|p1a: Mabosstiff|75/100 slp|[from] Salt Cure
|upkeep
|turn|32
|
|t:|1769415053
|cant|p1a: Mabosstiff|slp
|move|p2a: Garganacl|Stealth Rock||[still]
|-fail|p2a: Garganacl
|
|-heal|p2a: Garganacl|99/100|[from] item: Leftovers
|-damage|p1a: Mabosstiff|63/100 slp|[from] Salt Cure
|upkeep
|turn|33
|
|t:|1769415056
|-curestatus|p1a: Mabosstiff|slp|[msg]
|move|p1a: Mabosstiff|Hone Claws|p1a: Mabosstiff
|-boost|p1a: Mabosstiff|atk|1
|-boost|p1a: Mabosstiff|accuracy|1
|move|p2a: Garganacl|Stealth Rock||[still]
|-fail|p2a: Garganacl
|
|-heal|p2a: Garganacl|100/100|[from] item: Leftovers
|-damage|p1a: Mabosstiff|50/100|[from] Salt Cure
|upkeep
|turn|34
|
|t:|1769415060
|move|p1a: Mabosstiff|Hone Claws|p1a: Mabosstiff
|-boost|p1a: Mabosstiff|atk|1
|-boost|p1a: Mabosstiff|accuracy|1
|move|p2a: Garganacl|Salt Cure|p1a: Mabosstiff
|-damage|p1a: Mabosstiff|43/100
|
|-damage|p1a: Mabosstiff|31/100|[from] Salt Cure
|upkeep
|turn|35
|
|t:|1769415070
|move|p1a: Mabosstiff|Hone Claws|p1a: Mabosstiff
|-boost|p1a: Mabosstiff|atk|1
|-boost|p1a: Mabosstiff|accuracy|1
|move|p2a: Garganacl|Salt Cure|p1a: Mabosstiff
|-damage|p1a: Mabosstiff|24/100
|
|-damage|p1a: Mabosstiff|12/100|[from] Salt Cure
|upkeep
|turn|36
|
|t:|1769415077
|move|p1a: Mabosstiff|Rest|p1a: Mabosstiff
|-status|p1a: Mabosstiff|slp|[from] move: Rest
|-heal|p1a: Mabosstiff|100/100 slp|[silent]
|move|p2a: Garganacl|Salt Cure|p1a: Mabosstiff
|-damage|p1a: Mabosstiff|93/100 slp
|
|-damage|p1a: Mabosstiff|81/100 slp|[from] Salt Cure
|upkeep
|turn|37
|
|t:|1769415081
|cant|p1a: Mabosstiff|slp
|move|p2a: Garganacl|Stealth Rock||[still]
|-fail|p2a: Garganacl
|
|-damage|p1a: Mabosstiff|68/100 slp|[from] Salt Cure
|upkeep
|turn|38
|
|t:|1769415084
|cant|p1a: Mabosstiff|slp
|move|p2a: Garganacl|Stealth Rock||[still]
|-fail|p2a: Garganacl
|
|-damage|p1a: Mabosstiff|56/100 slp|[from] Salt Cure
|upkeep
|turn|39
|
|t:|1769415085
|-curestatus|p1a: Mabosstiff|slp|[msg]
|move|p1a: Mabosstiff|Trailblaze|p2a: Garganacl
|-supereffective|p2a: Garganacl
|-damage|p2a: Garganacl|4/100
|-boost|p1a: Mabosstiff|spe|1
|move|p2a: Garganacl|Stealth Rock||[still]
|-fail|p2a: Garganacl
|
|-heal|p2a: Garganacl|10/100|[from] item: Leftovers
|-damage|p1a: Mabosstiff|43/100|[from] Salt Cure
|upkeep
|turn|40
|
|t:|1769415089
|move|p2a: Garganacl|Protect|p2a: Garganacl
|-singleturn|p2a: Garganacl|Protect
|move|p1a: Mabosstiff|Trailblaze|p2a: Garganacl
|-activate|p2a: Garganacl|move: Protect
|
|-heal|p2a: Garganacl|17/100|[from] item: Leftovers
|-damage|p1a: Mabosstiff|31/100|[from] Salt Cure
|upkeep
|turn|41
|
|t:|1769415093
|move|p1a: Mabosstiff|Rest|p1a: Mabosstiff
|-status|p1a: Mabosstiff|slp|[from] move: Rest
|-heal|p1a: Mabosstiff|100/100 slp|[silent]
|move|p2a: Garganacl|Recover|p2a: Garganacl
|-heal|p2a: Garganacl|67/100
|
|-heal|p2a: Garganacl|73/100|[from] item: Leftovers
|-damage|p1a: Mabosstiff|88/100 slp|[from] Salt Cure
|upkeep
|turn|42
|
|t:|1769415096
|cant|p1a: Mabosstiff|slp
|move|p2a: Garganacl|Stealth Rock||[still]
|-fail|p2a: Garganacl
|
|-heal|p2a: Garganacl|79/100|[from] item: Leftovers
|-damage|p1a: Mabosstiff|75/100 slp|[from] Salt Cure
|upkeep
|turn|43
|
|t:|1769415098
|cant|p1a: Mabosstiff|slp
|move|p2a: Garganacl|Salt Cure|p1a: Mabosstiff
|-damage|p1a: Mabosstiff|69/100 slp
|
|-heal|p2a: Garganacl|85/100|[from] item: Leftovers
|-damage|p1a: Mabosstiff|56/100 slp|[from] Salt Cure
|upkeep
|turn|44
|
|t:|1769415100
|-curestatus|p1a: Mabosstiff|slp|[msg]
|move|p1a: Mabosstiff|Trailblaze|p2a: Garganacl
|-supereffective|p2a: Garganacl
|-damage|p2a: Garganacl|0 fnt
|-boost|p1a: Mabosstiff|spe|1
|faint|p2a: Garganacl
|
|-damage|p1a: Mabosstiff|44/100|[from] Salt Cure
|upkeep
|
|t:|1769415104
|switch|p2a: Tyranitar|Tyranitar, F|37/100
|-damage|p2a: Tyranitar|24/100|[from] Stealth Rock
|-damage|p2a: Tyranitar|12/100|[from] Spikes
|-weather|Sandstorm|[from] ability: Sand Stream|[of] p2a: Tyranitar
|turn|45
|
|t:|1769415107
|move|p1a: Mabosstiff|Trailblaze|p2a: Tyranitar
|-supereffective|p2a: Tyranitar
|-damage|p2a: Tyranitar|0 fnt
|faint|p2a: Tyranitar
|
|-weather|Sandstorm|[upkeep]
|-damage|p1a: Mabosstiff|37/100|[from] Sandstorm
|-damage|p1a: Mabosstiff|25/100|[from] Salt Cure
|upkeep
|
|t:|1769415110
|switch|p2a: Iron Valiant|Iron Valiant|100/100
|-damage|p2a: Iron Valiant|94/100|[from] Stealth Rock
|-damage|p2a: Iron Valiant|82/100|[from] Spikes
|turn|46
|
|t:|1769415122
|-end|p2a: Iron Valiant|Quark Drive|[silent]
|switch|p2a: Hydrapple|Hydrapple, M|34/100 brn
|-damage|p2a: Hydrapple|22/100 brn|[from] Stealth Rock
|-damage|p2a: Hydrapple|10/100 brn|[from] Spikes
|move|p1a: Mabosstiff|Trailblaze|p2a: Hydrapple
|-resisted|p2a: Hydrapple
|-damage|p2a: Hydrapple|0 fnt
|-damage|p1a: Mabosstiff|8/100|[from] item: Rocky Helmet|[of] p2a: Hydrapple
|faint|p2a: Hydrapple
|
|-weather|Sandstorm|[upkeep]
|-damage|p1a: Mabosstiff|2/100|[from] Sandstorm
|-damage|p1a: Mabosstiff|0 fnt|[from] Salt Cure
|faint|p1a: Mabosstiff
|upkeep
|
|t:|1769415134
|switch|p1a: Landorus|Landorus-Therian, M|66/100
|switch|p2a: Excadrill|Excadrill, F|100/100
|-damage|p2a: Excadrill|97/100|[from] Stealth Rock
|-damage|p2a: Excadrill|85/100|[from] Spikes
|-damage|p1a: Landorus|54/100|[from] Stealth Rock
|-ability|p1a: Landorus|Intimidate|boost
|-unboost|p2a: Excadrill|atk|1
|turn|47
|
|t:|1769415139
|move|p2a: Excadrill|Rock Slide|p1a: Landorus
|-damage|p1a: Landorus|38/100
|cant|p1a: Landorus|flinch
|
|-weather|Sandstorm|[upkeep]
|-heal|p2a: Excadrill|91/100|[from] item: Leftovers
|upkeep
|turn|48
|
|t:|1769415144
|move|p2a: Excadrill|Substitute|p2a: Excadrill
|-start|p2a: Excadrill|Substitute
|-damage|p2a: Excadrill|66/100
|move|p1a: Landorus|Earthquake|p2a: Excadrill
|-supereffective|p2a: Excadrill
|-end|p2a: Excadrill|Substitute
|
|-weather|Sandstorm|[upkeep]
|-heal|p2a: Excadrill|72/100|[from] item: Leftovers
|upkeep
|turn|49
|
|t:|1769415148
|move|p2a: Excadrill|Rapid Spin|p1a: Landorus
|-damage|p1a: Landorus|25/100
|-boost|p2a: Excadrill|spe|1
|-damage|p2a: Excadrill|56/100|[from] item: Rocky Helmet|[of] p1a: Landorus
|-sideend|p2: poopnuts56|Spikes|[from] move: Rapid Spin|[of] p2a: Excadrill
|-sideend|p2: poopnuts56|Stealth Rock|[from] move: Rapid Spin|[of] p2a: Excadrill
|move|p1a: Landorus|Earthquake|p2a: Excadrill
|-supereffective|p2a: Excadrill
|-damage|p2a: Excadrill|0 fnt
|faint|p2a: Excadrill
|
|-weather|none
|upkeep
|
|t:|1769415152
|switch|p2a: Iron Valiant|Iron Valiant|82/100
|turn|50
|
|t:|1769415156
|move|p2a: Iron Valiant|Moonblast|p1a: Landorus
|-damage|p1a: Landorus|0 fnt
|faint|p1a: Landorus
|
|upkeep
|
|t:|1769415161
|switch|p1a: Iron Valiant|Iron Valiant|100/100
|-damage|p1a: Iron Valiant|94/100|[from] Stealth Rock
|-enditem|p1a: Iron Valiant|Booster Energy
|-activate|p1a: Iron Valiant|ability: Quark Drive|[fromitem]
|-start|p1a: Iron Valiant|quarkdrivespe
|turn|51
|
|t:|1769415166
|-end|p2a: Iron Valiant|Quark Drive|[silent]
|switch|p2a: Alomomola|Alomomola, F|88/100
|-terastallize|p1a: Iron Valiant|Stellar
|move|p1a: Iron Valiant|Moonblast|p2a: Alomomola
|-damage|p2a: Alomomola|50/100
|
|upkeep
|turn|52
|
|t:|1769415175
|move|p1a: Iron Valiant|Moonblast|p2a: Alomomola
|-damage|p2a: Alomomola|16/100
|move|p2a: Alomomola|Wish|p2a: Alomomola
|
|upkeep
|turn|53
|
|t:|1769415181
|move|p2a: Alomomola|Protect|p2a: Alomomola
|-singleturn|p2a: Alomomola|Protect
|move|p1a: Iron Valiant|Moonblast|p2a: Alomomola
|-activate|p2a: Alomomola|move: Protect
|
|-heal|p2a: Alomomola|66/100|[from] move: Wish|[wisher] Alomomola
|upkeep
|turn|54
|
|t:|1769415183
|move|p1a: Iron Valiant|Encore|p2a: Alomomola
|-start|p2a: Alomomola|Encore
|move|p2a: Alomomola|Protect||[still]
|-fail|p2a: Alomomola
|
|upkeep
|turn|55
|
|t:|1769415187
|move|p2a: Alomomola|Protect|p2a: Alomomola
|-singleturn|p2a: Alomomola|Protect
|move|p1a: Iron Valiant|Knock Off|p2a: Alomomola
|-activate|p2a: Alomomola|move: Protect
|
|upkeep
|turn|56
|
|t:|1769415190
|move|p2a: Alomomola|Protect||[still]
|-fail|p2a: Alomomola
|move|p1a: Iron Valiant|Knock Off|p2a: Alomomola
|-damage|p2a: Alomomola|47/100
|
|-end|p2a: Alomomola|Encore
|upkeep
|turn|57
|
|t:|1769415192
|move|p1a: Iron Valiant|Encore|p2a: Alomomola
|-start|p2a: Alomomola|Encore
|move|p2a: Alomomola|Protect||[still]
|-fail|p2a: Alomomola
|
|upkeep
|turn|58
|
|t:|1769415200
|switch|p2a: Iron Valiant|Iron Valiant|82/100
|move|p1a: Iron Valiant|Knock Off|p2a: Iron Valiant
|-resisted|p2a: Iron Valiant
|-damage|p2a: Iron Valiant|71/100
|-enditem|p2a: Iron Valiant|Choice Scarf|[from] move: Knock Off|[of] p1a: Iron Valiant
|
|upkeep
|turn|59
|
|t:|1769415205
|move|p1a: Iron Valiant|Moonblast|p2a: Iron Valiant
|-supereffective|p2a: Iron Valiant
|-damage|p2a: Iron Valiant|0 fnt
|faint|p2a: Iron Valiant
|-end|p2a: Iron Valiant|Quark Drive|[silent]
|
|upkeep
|-message|poopnuts56 forfeited.
|
|win|kazcrafte
|raw|kazcrafte's rating: 1172 &rarr; <strong>1201</strong><br />(+29 for winning)
|raw|poopnuts56's rating: 1225 &rarr; <strong>1196</strong><br />(-29 for losing)
|l|☆poopnuts56
|player|p2|
|l|☆kazcrafte
|player|p1|
