|j|☆gummy worm ddd
|j|☆grfhrvy
|t:|1769328572
|gametype|singles
|player|p1|gummy worm ddd|red|1289
|player|p2|grfhrvy|psychic-gen4|1246
|gen|9
|tier|[Gen 9] OU
|rated|
|rule|HP Percentage Mod: HP is shown in percentages
|rule|Endless Battle Clause: Forcing endless battles is banned
|rule|Species Clause: Limit one of each Pokémon
|rule|OHKO Clause: OHKO moves are banned
|rule|Evasion Items Clause: Evasion items are banned
|rule|Evasion Moves Clause: Evasion moves are banned
|rule|Evasion Abilities Clause: Evasion abilities are banned
|rule|Sleep Moves Clause: Sleep-inducing moves are banned
|clearpoke
|poke|p1|Zapdos|
|poke|p1|Politoed, M|
|poke|p1|Overqwil, F|
|poke|p1|Rillaboom, M|
|poke|p1|Blastoise, M|
|poke|p1|Garchomp, M|
|poke|p2|Tornadus-Therian, M|
|poke|p2|Dragapult, M|
|poke|p2|Slowking-Galar, F|
|poke|p2|Raging Bolt|
|poke|p2|Great Tusk|
|poke|p2|Pecharunt|
|teampreview
|inactive|Battle timer is ON: inactive players will automatically lose when time's up. (requested by grfhrvy)
|
|t:|1769328587
|teamsize|p1|6
|teamsize|p2|6
|start
|switch|p1a: Zapdos|Zapdos|100/100
|switch|p2a: Dragapult|Dragapult, M|100/100
|turn|1
|
|t:|1769328594
|move|p2a: Dragapult|Draco Meteor|p1a: Zapdos
|-damage|p1a: Zapdos|9/100
|-unboost|p2a: Dragapult|spa|2
|move|p1a: Zapdos|Thunder Wave|p2a: Dragapult
|-status|p2a: Dragapult|par
|
|upkeep
|turn|2
|
|t:|1769328602
|move|p1a: Zapdos|Volt Switch|p2a: Dragapult
|-resisted|p2a: Dragapult
|-crit|p2a: Dragapult
|-damage|p2a: Dragapult|72/100 par
|
|t:|1769328606
|switch|p1a: Rillaboom|Rillaboom, M|100/100|[from] Volt Switch
|-fieldstart|move: Grassy Terrain|[from] ability: Grassy Surge|[of] p1a: Rillaboom
|move|p2a: Dragapult|Draco Meteor|p1a: Rillaboom
|-damage|p1a: Rillaboom|40/100
|-unboost|p2a: Dragapult|spa|2
|
|-heal|p1a: Rillaboom|47/100|[from] Grassy Terrain
|-heal|p2a: Dragapult|78/100 par|[from] Grassy Terrain
|upkeep
|turn|3
|
|t:|1769328620
|switch|p2a: Pecharunt|Pecharunt|100/100
|-item|p2a: Pecharunt|Air Balloon
|move|p1a: Rillaboom|Knock Off|p2a: Pecharunt
|-supereffective|p2a: Pecharunt
|-damage|p2a: Pecharunt|46/100
|-enditem|p2a: Pecharunt|Air Balloon
|
|-heal|p1a: Rillaboom|53/100|[from] Grassy Terrain
|-heal|p2a: Pecharunt|52/100|[from] Grassy Terrain
|upkeep
|turn|4
|
|t:|1769328631
|move|p1a: Rillaboom|Knock Off|p2a: Pecharunt
|-supereffective|p2a: Pecharunt
|-damage|p2a: Pecharunt|15/100
|move|p2a: Pecharunt|Malignant Chain|p1a: Rillaboom
|-supereffective|p1a: Rillaboom
|-damage|p1a: Rillaboom|0 fnt
|faint|p1a: Rillaboom
|
|-heal|p2a: Pecharunt|22/100|[from] Grassy Terrain
|upkeep
|
|t:|1769328640
|switch|p1a: Garchomp|Garchomp, M|100/100
|turn|5
|
|t:|1769328647
|move|p1a: Garchomp|Scale Shot|p2a: Pecharunt
|-damage|p2a: Pecharunt|14/100
|-damage|p2a: Pecharunt|6/100
|-damage|p2a: Pecharunt|0 fnt
|faint|p2a: Pecharunt
|-hitcount|p2: Pecharunt|3
|-unboost|p1a: Garchomp|def|1
|-boost|p1a: Garchomp|spe|1
|
|upkeep
|
|t:|1769328657
|switch|p2a: Raging Bolt|Raging Bolt|100/100
|-enditem|p2a: Raging Bolt|Booster Energy
|-activate|p2a: Raging Bolt|ability: Protosynthesis|[fromitem]
|-start|p2a: Raging Bolt|protosynthesisspa
|turn|6
|
|t:|1769328664
|-terastallize|p2a: Raging Bolt|Fairy
|move|p1a: Garchomp|Earthquake|p2a: Raging Bolt
|-damage|p2a: Raging Bolt|77/100
|move|p2a: Raging Bolt|Dragon Pulse|p1a: Garchomp
|-supereffective|p1a: Garchomp
|-damage|p1a: Garchomp|0 fnt
|faint|p1a: Garchomp
|
|-heal|p2a: Raging Bolt|84/100|[from] Grassy Terrain
|-fieldend|move: Grassy Terrain
|upkeep
|
|t:|1769328672
|switch|p1a: Mrs. Puff|Overqwil, F|100/100
|turn|7
|
|t:|1769328684
|-end|p2a: Raging Bolt|Protosynthesis|[silent]
|switch|p2a: Slowking|Slowking-Galar, F|100/100
|move|p1a: Mrs. Puff|Poison Jab|p2a: Slowking
|-resisted|p2a: Slowking
|-damage|p2a: Slowking|81/100
|-damage|p1a: Mrs. Puff|91/100|[from] item: Life Orb
|
|upkeep
|turn|8
|
|t:|1769328697
|switch|p2a: Great Tusk|Great Tusk|100/100
|move|p1a: Mrs. Puff|Crunch|p2a: Great Tusk
|-resisted|p2a: Great Tusk
|-damage|p2a: Great Tusk|79/100
|-damage|p1a: Mrs. Puff|81/100|[from] item: Life Orb
|
|upkeep
|turn|9
|
|t:|1769328706
|switch|p1a: Politoed|Politoed, M|100/100
|-weather|RainDance|[from] ability: Drizzle|[of] p1a: Politoed
|move|p2a: Great Tusk|Rapid Spin|p1a: Politoed
|-damage|p1a: Politoed|74/100
|-boost|p2a: Great Tusk|spe|1
|-damage|p2a: Great Tusk|69/100|[from] item: Life Orb
|
|-weather|RainDance|[upkeep]
|upkeep
|turn|10
|
|t:|1769328716
|move|p2a: Great Tusk|Close Combat|p1a: Politoed
|-damage|p1a: Politoed|0 fnt
|-unboost|p2a: Great Tusk|def|1
|-unboost|p2a: Great Tusk|spd|1
|faint|p1a: Politoed
|-damage|p2a: Great Tusk|60/100|[from] item: Life Orb
|
|-weather|RainDance|[upkeep]
|upkeep
|
|t:|1769328720
|switch|p1a: Mrs. Puff|Overqwil, F|81/100
|turn|11
|
|t:|1769328728
|-terastallize|p1a: Mrs. Puff|Water
|move|p1a: Mrs. Puff|Liquidation|p2a: Great Tusk
|-supereffective|p2a: Great Tusk
|-damage|p2a: Great Tusk|0 fnt
|faint|p2a: Great Tusk
|-end|p2a: Great Tusk|Protosynthesis|[silent]
|-damage|p1a: Mrs. Puff|71/100|[from] item: Life Orb
|
|-weather|RainDance|[upkeep]
|upkeep
|
|t:|1769328742
|switch|p2a: Tornadus|Tornadus-Therian, M|100/100
|turn|12
|
|t:|1769328748
|move|p1a: Mrs. Puff|Liquidation|p2a: Tornadus
|-crit|p2a: Tornadus
|-damage|p2a: Tornadus|0 fnt
|faint|p2a: Tornadus
|-damage|p1a: Mrs. Puff|61/100|[from] item: Life Orb
|
|-weather|RainDance|[upkeep]
|upkeep
|
|t:|1769328760
|switch|p2a: Slowking|Slowking-Galar, F|100/100
|turn|13
|
|t:|1769328766
|move|p1a: Mrs. Puff|Crunch|p2a: Slowking
|-supereffective|p2a: Slowking
|-damage|p2a: Slowking|27/100
|-damage|p1a: Mrs. Puff|51/100|[from] item: Life Orb
|-prepare|p2a: Slowking|Chilly Reception|[premajor]
|move|p2a: Slowking|Chilly Reception|p2a: Slowking
|-weather|Snowscape
|
|t:|1769328774
|switch|p2a: Raging Bolt|Raging Bolt, tera:Fairy|84/100|[from] Chilly Reception
|
|-weather|Snowscape|[upkeep]
|upkeep
|turn|14
|
|t:|1769328780
|move|p1a: Mrs. Puff|Aqua Jet|p2a: Raging Bolt
|-damage|p2a: Raging Bolt|60/100
|-damage|p1a: Mrs. Puff|41/100|[from] item: Life Orb
|move|p2a: Raging Bolt|Thunderclap||[still]
|-fail|p2a: Raging Bolt
|
|-weather|Snowscape|[upkeep]
|upkeep
|turn|15
|
|t:|1769328790
|move|p1a: Mrs. Puff|Aqua Jet|p2a: Raging Bolt
|-damage|p2a: Raging Bolt|37/100
|-damage|p1a: Mrs. Puff|31/100|[from] item: Life Orb
|move|p2a: Raging Bolt|Thunderbolt|p1a: Mrs. Puff
|-supereffective|p1a: Mrs. Puff
|-damage|p1a: Mrs. Puff|0 fnt
|faint|p1a: Mrs. Puff
|
|-weather|Snowscape|[upkeep]
|upkeep
|
|t:|1769328793
|switch|p1a: Zapdos|Zapdos|9/100
|turn|16
|
|t:|1769328803
|move|p2a: Raging Bolt|Thunderclap||[still]
|-fail|p2a: Raging Bolt
|move|p1a: Zapdos|Roost|p1a: Zapdos
|-heal|p1a: Zapdos|59/100
|-singleturn|p1a: Zapdos|move: Roost
|
|-weather|Snowscape|[upkeep]
|upkeep
|turn|17
|
|t:|1769328811
|move|p1a: Zapdos|Volt Switch|p2a: Raging Bolt
|-crit|p2a: Raging Bolt
|-damage|p2a: Raging Bolt|3/100
|
|t:|1769328814
|switch|p1a: Blastoise|Blastoise, M|100/100|[from] Volt Switch
|move|p2a: Raging Bolt|Thunderbolt|p1a: Blastoise
|-supereffective|p1a: Blastoise
|-damage|p1a: Blastoise|0 fnt
|faint|p1a: Blastoise
|
|-weather|none
|upkeep
|
|t:|1769328815
|switch|p1a: Zapdos|Zapdos|59/100
|turn|18
|
|t:|1769328825
|move|p1a: Zapdos|Volt Switch|p2a: Raging Bolt
|-damage|p2a: Raging Bolt|0 fnt
|faint|p2a: Raging Bolt
|-end|p2a: Raging Bolt|Protosynthesis|[silent]
|
|upkeep
|
|t:|1769328831
|switch|p2a: Dragapult|Dragapult, M|78/100 par
|turn|19
|
|t:|1769328835
|move|p1a: Zapdos|Hurricane|p2a: Dragapult|[miss]
|-miss|p1a: Zapdos|p2a: Dragapult
|move|p2a: Dragapult|Draco Meteor|p1a: Zapdos
|-damage|p1a: Zapdos|0 fnt
|-unboost|p2a: Dragapult|spa|2
|faint|p1a: Zapdos
|
|win|grfhrvy
|raw|gummy worm ddd's rating: 1289 &rarr; <strong>1261</strong><br />(-28 for losing)
|raw|grfhrvy's rating: 1246 &rarr; <strong>1274</strong><br />(+28 for winning)
|l|☆gummy worm ddd
|player|p1|
|l|☆grfhrvy
|player|p2|
