|j|☆Blungebobb
|j|☆d00d guy
|t:|1769413584
|gametype|singles
|player|p1|Blungebobb|steven|1462
|player|p2|d00d guy|emmet|1388
|gen|9
|tier|[Gen 9] OU
|rated|
|rule|HP Percentage Mod: HP is shown in percentages
|rule|Endless Battle Clause: Forcing endless battles is banned
|rule|Species Clause: Limit one of each Pokémon
|rule|OHKO Clause: OHKO moves are banned
|rule|Evasion Items Clause: Evasion items are banned
|rule|Evasion Moves Clause: Evasion moves are banned
|rule|Evasion Abilities Clause: Evasion abilities are banned
|rule|Sleep Moves Clause: Sleep-inducing moves are banned
|clearpoke
|poke|p1|Zamazenta-*|
|poke|p1|Ceruledge, M|
|poke|p1|Serperior, F|
|poke|p1|Iron Treads|
|poke|p1|Araquanid, F|
|poke|p1|Raging Bolt|
|poke|p2|Tyranitar, M|
|poke|p2|Excadrill, M|
|poke|p2|Iron Valiant|
|poke|p2|Zapdos|
|poke|p2|Ogerpon, F|
|poke|p2|Toxapex, M|
|teampreview
|inactive|Battle timer is ON: inactive players will automatically lose when time's up. (requested by d00d guy)
|
|t:|1769413600
|teamsize|p1|6
|teamsize|p2|6
|start
|switch|p1a: Iron Treads|Iron Treads|100/100
|switch|p2a: Tyranitar|Tyranitar, M, shiny|100/100
|-weather|Sandstorm|[from] ability: Sand Stream|[of] p2a: Tyranitar
|-enditem|p1a: Iron Treads|Booster Energy
|-activate|p1a: Iron Treads|ability: Quark Drive|[fromitem]
|-start|p1a: Iron Treads|quarkdrivespe
|turn|1
|
|t:|1769413620
|switch|p2a: Zapdos|Zapdos, shiny|100/100
|move|p1a: Iron Treads|Earthquake|p2a: Zapdos
|-immune|p2a: Zapdos
|
|-weather|Sandstorm|[upkeep]
|-damage|p2a: Zapdos|94/100|[from] Sandstorm
|upkeep
|turn|2
|
|t:|1769413628
|move|p1a: Iron Treads|Knock Off|p2a: Zapdos
|-damage|p2a: Zapdos|58/100
|-enditem|p2a: Zapdos|Heavy-Duty Boots|[from] move: Knock Off|[of] p1a: Iron Treads
|move|p2a: Zapdos|Heat Wave|p1a: Iron Treads
|-supereffective|p1a: Iron Treads
|-damage|p1a: Iron Treads|13/100
|
|-weather|Sandstorm|[upkeep]
|-damage|p2a: Zapdos|51/100|[from] Sandstorm
|upkeep
|turn|3
|
|t:|1769413635
|move|p1a: Iron Treads|Ice Spinner|p2a: Zapdos
|-supereffective|p2a: Zapdos
|-damage|p2a: Zapdos|0 fnt
|faint|p2a: Zapdos
|
|-weather|Sandstorm|[upkeep]
|upkeep
|
|t:|1769413653
|switch|p2a: Excadrill|Excadrill, M, shiny|100/100
|turn|4
|
|t:|1769413659
|move|p2a: Excadrill|Earthquake|p1a: Iron Treads
|-supereffective|p1a: Iron Treads
|-damage|p1a: Iron Treads|0 fnt
|faint|p1a: Iron Treads
|-end|p1a: Iron Treads|Quark Drive|[silent]
|
|-weather|Sandstorm|[upkeep]
|upkeep
|
|t:|1769413663
|switch|p1a: Zamazenta|Zamazenta|100/100
|-ability|p1a: Zamazenta|Dauntless Shield|boost
|-boost|p1a: Zamazenta|def|1
|turn|5
|inactive|d00d guy has 120 seconds left.
|
|t:|1769413713
|switch|p2a: Toxapex|Toxapex, M, shiny|100/100
|move|p1a: Zamazenta|Iron Defense|p1a: Zamazenta
|-boost|p1a: Zamazenta|def|2
|
|-weather|Sandstorm|[upkeep]
|-damage|p1a: Zamazenta|94/100|[from] Sandstorm
|-damage|p2a: Toxapex|95/100|[from] Sandstorm
|upkeep
|turn|6
|
|t:|1769413733
|move|p1a: Zamazenta|Iron Defense|p1a: Zamazenta
|-boost|p1a: Zamazenta|def|2
|move|p2a: Toxapex|Toxic|p1a: Zamazenta
|-status|p1a: Zamazenta|tox
|
|-weather|Sandstorm|[upkeep]
|-damage|p1a: Zamazenta|88/100 tox|[from] Sandstorm
|-damage|p2a: Toxapex|89/100|[from] Sandstorm
|-damage|p1a: Zamazenta|82/100 tox|[from] psn
|upkeep
|turn|7
|
|t:|1769413737
|move|p1a: Zamazenta|Body Press|p2a: Toxapex
|-resisted|p2a: Toxapex
|-damage|p2a: Toxapex|42/100
|-enditem|p2a: Toxapex|Eject Button
|inactive|d00d guy has 120 seconds left.
|
|t:|1769413754
|switch|p2a: Ogerpon|Ogerpon, F|100/100
|
|-weather|Sandstorm|[upkeep]
|-damage|p1a: Zamazenta|76/100 tox|[from] Sandstorm
|-damage|p2a: Ogerpon|95/100|[from] Sandstorm
|-damage|p1a: Zamazenta|64/100 tox|[from] psn
|upkeep
|turn|8
|
|t:|1769413761
|switch|p2a: Toxapex|Toxapex, M, shiny|75/100
|move|p1a: Zamazenta|Body Press|p2a: Toxapex
|-resisted|p2a: Toxapex
|-damage|p2a: Toxapex|30/100
|
|-weather|none
|-damage|p1a: Zamazenta|45/100 tox|[from] psn
|upkeep
|turn|9
|inactive|d00d guy has 120 seconds left.
|
|t:|1769413769
|switch|p2a: Iron Valiant|Iron Valiant, shiny|100/100
|move|p1a: Zamazenta|Body Press|p2a: Iron Valiant
|-resisted|p2a: Iron Valiant
|-damage|p2a: Iron Valiant|12/100
|
|-damage|p1a: Zamazenta|20/100 tox|[from] psn
|upkeep
|turn|10
|
|t:|1769413779
|switch|p1a: Araquanid|Araquanid, F|100/100
|-end|p2a: Iron Valiant|Quark Drive|[silent]
|switch|p2a: Toxapex|Toxapex, M, shiny|64/100
|
|upkeep
|turn|11
|
|t:|1769413785
|move|p1a: Araquanid|Sticky Web|p2a: Toxapex
|-sidestart|p2: d00d guy|move: Sticky Web
|move|p2a: Toxapex|Toxic Spikes|p1a: Araquanid
|-sidestart|p1: Blungebobb|move: Toxic Spikes
|
|upkeep
|turn|12
|
|t:|1769413793
|switch|p1a: Zamazenta|Zamazenta|20/100 tox
|move|p2a: Toxapex|Recover|p2a: Toxapex
|-heal|p2a: Toxapex|100/100
|
|-damage|p1a: Zamazenta|14/100 tox|[from] psn
|upkeep
|turn|13
|
|t:|1769413798
|move|p1a: Zamazenta|Reflect|p1a: Zamazenta
|-sidestart|p1: Blungebobb|Reflect
|move|p2a: Toxapex|Haze|p2a: Toxapex
|-clearallboost
|
|-damage|p1a: Zamazenta|2/100 tox|[from] psn
|upkeep
|turn|14
|
|t:|1769413803
|move|p1a: Zamazenta|Light Screen|p1a: Zamazenta
|-sidestart|p1: Blungebobb|move: Light Screen
|move|p2a: Toxapex|Toxic Spikes|p1a: Zamazenta
|-sidestart|p1: Blungebobb|move: Toxic Spikes
|
|-damage|p1a: Zamazenta|0 fnt|[from] psn
|faint|p1a: Zamazenta
|upkeep
|
|t:|1769413812
|switch|p1a: Raging Bolt|Raging Bolt|100/100
|-status|p1a: Raging Bolt|tox
|-enditem|p1a: Raging Bolt|Booster Energy
|-activate|p1a: Raging Bolt|ability: Protosynthesis|[fromitem]
|-start|p1a: Raging Bolt|protosynthesisspa
|turn|15
|
|t:|1769413823
|move|p1a: Raging Bolt|Thunderbolt|p2a: Toxapex
|-supereffective|p2a: Toxapex
|-damage|p2a: Toxapex|1/100
|move|p2a: Toxapex|Toxic Spikes||[still]
|-fail|p2a: Toxapex
|
|-damage|p1a: Raging Bolt|94/100 tox|[from] psn
|upkeep
|turn|16
|
|t:|1769413848
|switch|p2a: Tyranitar|Tyranitar, M, shiny|100/100
|-activate|p2a: Tyranitar|move: Sticky Web
|-unboost|p2a: Tyranitar|spe|1
|-weather|Sandstorm|[from] ability: Sand Stream|[of] p2a: Tyranitar
|move|p1a: Raging Bolt|Dragon Pulse|p2a: Tyranitar
|-damage|p2a: Tyranitar|55/100
|
|-weather|Sandstorm|[upkeep]
|-damage|p1a: Raging Bolt|88/100 tox|[from] Sandstorm
|-damage|p1a: Raging Bolt|76/100 tox|[from] psn
|upkeep
|turn|17
|
|t:|1769413855
|move|p1a: Raging Bolt|Thunderbolt|p2a: Tyranitar
|-damage|p2a: Tyranitar|7/100
|-status|p2a: Tyranitar|par
|cant|p2a: Tyranitar|par
|
|-weather|Sandstorm|[upkeep]
|-damage|p1a: Raging Bolt|70/100 tox|[from] Sandstorm
|-damage|p1a: Raging Bolt|51/100 tox|[from] psn
|upkeep
|turn|18
|
|t:|1769413861
|move|p1a: Raging Bolt|Dragon Pulse|p2a: Tyranitar
|-damage|p2a: Tyranitar|0 fnt
|faint|p2a: Tyranitar
|
|-weather|Sandstorm|[upkeep]
|-damage|p1a: Raging Bolt|45/100 tox|[from] Sandstorm
|-damage|p1a: Raging Bolt|21/100 tox|[from] psn
|upkeep
|
|t:|1769413863
|switch|p2a: Excadrill|Excadrill, M, shiny|100/100
|-activate|p2a: Excadrill|move: Sticky Web
|-unboost|p2a: Excadrill|spe|1
|turn|19
|
|t:|1769413875
|move|p2a: Excadrill|Rapid Spin|p1a: Raging Bolt
|-damage|p1a: Raging Bolt|11/100 tox
|-boost|p2a: Excadrill|spe|1
|-sideend|p2: d00d guy|Sticky Web|[from] move: Rapid Spin|[of] p2a: Excadrill
|move|p1a: Raging Bolt|Dragon Pulse|p2a: Excadrill
|-resisted|p2a: Excadrill
|-damage|p2a: Excadrill|54/100
|
|-weather|Sandstorm|[upkeep]
|-damage|p1a: Raging Bolt|5/100 tox|[from] Sandstorm
|-heal|p2a: Excadrill|60/100|[from] item: Leftovers
|-damage|p1a: Raging Bolt|0 fnt|[from] psn
|faint|p1a: Raging Bolt
|-end|p1a: Raging Bolt|Protosynthesis|[silent]
|upkeep
|
|t:|1769413879
|switch|p1a: Ceruledge|Ceruledge, M|100/100
|-status|p1a: Ceruledge|tox
|turn|20
|
|t:|1769413886
|-terastallize|p1a: Ceruledge|Fighting
|move|p2a: Excadrill|Substitute|p2a: Excadrill
|-start|p2a: Excadrill|Substitute
|-damage|p2a: Excadrill|35/100
|move|p1a: Ceruledge|Swords Dance|p1a: Ceruledge
|-boost|p1a: Ceruledge|atk|2
|
|-weather|Sandstorm|[upkeep]
|-damage|p1a: Ceruledge|94/100 tox|[from] Sandstorm
|-heal|p2a: Excadrill|41/100|[from] item: Leftovers
|-damage|p1a: Ceruledge|88/100 tox|[from] psn
|-sideend|p1: Blungebobb|Reflect
|upkeep
|turn|21
|
|t:|1769413902
|move|p2a: Excadrill|Earthquake|p1a: Ceruledge
|-damage|p1a: Ceruledge|18/100 tox
|-ability|p1a: Ceruledge|Weak Armor|boost
|-unboost|p1a: Ceruledge|def|1
|-boost|p1a: Ceruledge|spe|2
|move|p1a: Ceruledge|Bitter Blade|p2a: Excadrill
|-supereffective|p2a: Excadrill
|-end|p2a: Excadrill|Substitute
|-heal|p1a: Ceruledge|32/100 tox|[from] drain|[of] p2a: Excadrill
|
|-weather|Sandstorm|[upkeep]
|-damage|p1a: Ceruledge|26/100 tox|[from] Sandstorm
|-heal|p2a: Excadrill|47/100|[from] item: Leftovers
|-damage|p1a: Ceruledge|14/100 tox|[from] psn
|-sideend|p1: Blungebobb|move: Light Screen
|upkeep
|turn|22
|
|t:|1769413919
|move|p1a: Ceruledge|Shadow Sneak|p2a: Excadrill
|-damage|p2a: Excadrill|0 fnt
|faint|p2a: Excadrill
|
|-weather|Sandstorm|[upkeep]
|-damage|p1a: Ceruledge|8/100 tox|[from] Sandstorm
|-damage|p1a: Ceruledge|0 fnt|[from] psn
|faint|p1a: Ceruledge
|upkeep
|
|t:|1769413933
|switch|p2a: Toxapex|Toxapex, M, shiny|34/100
|switch|p1a: Araquanid|Araquanid, F|100/100
|-status|p1a: Araquanid|tox
|turn|23
|
|t:|1769413940
|move|p1a: Araquanid|Sticky Web|p2a: Toxapex
|-sidestart|p2: d00d guy|move: Sticky Web
|move|p2a: Toxapex|Recover|p2a: Toxapex
|-heal|p2a: Toxapex|84/100
|
|-weather|none
|-damage|p1a: Araquanid|94/100 tox|[from] psn
|upkeep
|turn|24
|
|t:|1769413947
|move|p1a: Araquanid|Liquidation|p2a: Toxapex
|-resisted|p2a: Toxapex
|-damage|p2a: Toxapex|65/100
|-unboost|p2a: Toxapex|def|1
|move|p2a: Toxapex|Toxic Spikes||[still]
|-fail|p2a: Toxapex
|
|-damage|p1a: Araquanid|82/100 tox|[from] psn
|upkeep
|turn|25
|
|t:|1769413950
|move|p1a: Araquanid|Liquidation|p2a: Toxapex
|-resisted|p2a: Toxapex
|-damage|p2a: Toxapex|31/100
|move|p2a: Toxapex|Recover|p2a: Toxapex
|-heal|p2a: Toxapex|81/100
|
|-damage|p1a: Araquanid|64/100 tox|[from] psn
|upkeep
|turn|26
|
|t:|1769413955
|move|p1a: Araquanid|Lunge|p2a: Toxapex
|-resisted|p2a: Toxapex
|-damage|p2a: Toxapex|67/100
|-unboost|p2a: Toxapex|atk|1
|move|p2a: Toxapex|Recover|p2a: Toxapex
|-heal|p2a: Toxapex|100/100
|
|-damage|p1a: Araquanid|39/100 tox|[from] psn
|upkeep
|turn|27
|
|t:|1769413967
|switch|p2a: Iron Valiant|Iron Valiant, shiny|12/100
|-activate|p2a: Iron Valiant|move: Sticky Web
|-unboost|p2a: Iron Valiant|spe|1
|move|p1a: Araquanid|Endeavor|p2a: Iron Valiant
|-immune|p2a: Iron Valiant
|
|-damage|p1a: Araquanid|8/100 tox|[from] psn
|upkeep
|turn|28
|-enditem|p1a: Araquanid|Custap Berry|[eat]
|-activate|p1a: Araquanid|item: Custap Berry|[consumed]
|
|t:|1769413972
|move|p2a: Iron Valiant|Vacuum Wave|p1a: Araquanid
|-resisted|p1a: Araquanid
|-damage|p1a: Araquanid|0 fnt
|faint|p1a: Araquanid
|
|upkeep
|
|t:|1769413976
|switch|p1a: Serperior|Serperior, F|100/100
|-status|p1a: Serperior|tox
|turn|29
|
|t:|1769413980
|move|p2a: Iron Valiant|Vacuum Wave|p1a: Serperior
|-damage|p1a: Serperior|63/100 tox
|move|p1a: Serperior|Leaf Storm|p2a: Iron Valiant
|-damage|p2a: Iron Valiant|0 fnt
|-boost|p1a: Serperior|spa|2
|faint|p2a: Iron Valiant
|-end|p2a: Iron Valiant|Quark Drive|[silent]
|
|-heal|p1a: Serperior|69/100 tox|[from] item: Leftovers
|-damage|p1a: Serperior|63/100 tox|[from] psn
|upkeep
|
|t:|1769413986
|switch|p2a: Toxapex|Toxapex, M, shiny|100/100
|-activate|p2a: Toxapex|move: Sticky Web
|-unboost|p2a: Toxapex|spe|1
|turn|30
|
|t:|1769413989
|move|p1a: Serperior|Leaf Storm|p2a: Toxapex|[miss]
|-miss|p1a: Serperior|p2a: Toxapex
|move|p2a: Toxapex|Haze|p2a: Toxapex
|-clearallboost
|
|-heal|p1a: Serperior|69/100 tox|[from] item: Leftovers
|-damage|p1a: Serperior|57/100 tox|[from] psn
|upkeep
|turn|31
|
|t:|1769413994
|move|p1a: Serperior|Leaf Storm|p2a: Toxapex
|-damage|p2a: Toxapex|68/100
|-boost|p1a: Serperior|spa|2
|move|p2a: Toxapex|Haze|p2a: Toxapex
|-clearallboost
|
|-heal|p1a: Serperior|63/100 tox|[from] item: Leftovers
|-damage|p1a: Serperior|45/100 tox|[from] psn
|upkeep
|turn|32
|
|t:|1769413998
|move|p1a: Serperior|Leaf Storm|p2a: Toxapex
|-damage|p2a: Toxapex|35/100
|-boost|p1a: Serperior|spa|2
|move|p2a: Toxapex|Recover|p2a: Toxapex
|-heal|p2a: Toxapex|85/100
|
|-heal|p1a: Serperior|51/100 tox|[from] item: Leftovers
|-damage|p1a: Serperior|26/100 tox|[from] psn
|upkeep
|turn|33
|
|t:|1769414001
|move|p1a: Serperior|Taunt|p2a: Toxapex
|-start|p2a: Toxapex|move: Taunt
|cant|p2a: Toxapex|move: Taunt|Haze
|
|-heal|p1a: Serperior|32/100 tox|[from] item: Leftovers
|-damage|p1a: Serperior|2/100 tox|[from] psn
|upkeep
|turn|34
|
|t:|1769414004
|move|p1a: Serperior|Leaf Storm|p2a: Toxapex
|-damage|p2a: Toxapex|16/100
|-boost|p1a: Serperior|spa|2
|-activate|p2a: Toxapex|move: Struggle
|move|p2a: Toxapex|Struggle|p1a: Serperior
|-damage|p1a: Serperior|0 fnt
|faint|p1a: Serperior
|-damage|p2a: Toxapex|0 fnt|[from] recoil
|faint|p2a: Toxapex
|
|win|d00d guy
|raw|Blungebobb's rating: 1462 &rarr; <strong>1438</strong><br />(-24 for losing)
|raw|d00d guy's rating: 1388 &rarr; <strong>1412</strong><br />(+24 for winning)
