|j|☆pivotslophaxmaxxer
|j|☆planecrazy4u
|t:|1769384293
|gametype|singles
|player|p1|pivotslophaxmaxxer|supernerd|1657
|player|p2|planecrazy4u|101|1641
|gen|9
|tier|[Gen 9] OU
|rated|
|rule|HP Percentage Mod: HP is shown in percentages
|rule|Endless Battle Clause: Forcing endless battles is banned
|rule|Species Clause: Limit one of each Pokémon
|rule|OHKO Clause: OHKO moves are banned
|rule|Evasion Items Clause: Evasion items are banned
|rule|Evasion Moves Clause: Evasion moves are banned
|rule|Evasion Abilities Clause: Evasion abilities are banned
|rule|Sleep Moves Clause: Sleep-inducing moves are banned
|clearpoke
|poke|p1|Rillaboom, F|
|poke|p1|Serperior, F|
|poke|p1|Moltres|
|poke|p1|Ursaluna, F|
|poke|p1|Glimmora, M|
|poke|p1|Hatterene, F|
|poke|p2|Kyurem|
|poke|p2|Corviknight, F|
|poke|p2|Ting-Lu|
|poke|p2|Dondozo, F|
|poke|p2|Slowking-Galar, F|
|poke|p2|Cinderace, M|
|teampreview
|
|t:|1769384332
|teamsize|p1|6
|teamsize|p2|6
|start
|switch|p1a: Hatterene|Hatterene, F|100/100
|switch|p2a: Dondozo|Dondozo, F|100/100
|turn|1
|
|t:|1769384336
|move|p1a: Hatterene|Psychic Noise|p2a: Dondozo
|-damage|p2a: Dondozo|77/100
|-start|p2a: Dondozo|move: Heal Block
|move|p2a: Dondozo|Waterfall|p1a: Hatterene
|-damage|p1a: Hatterene|78/100
|
|-heal|p1a: Hatterene|84/100|[from] item: Leftovers
|upkeep
|turn|2
|j| Ssul
|
|t:|1769384345
|move|p1a: Hatterene|Psychic Noise|p2a: Dondozo
|-damage|p2a: Dondozo|54/100
|move|p2a: Dondozo|Curse|p2a: Dondozo
|-unboost|p2a: Dondozo|spe|1
|-boost|p2a: Dondozo|atk|1
|-boost|p2a: Dondozo|def|1
|
|-heal|p1a: Hatterene|90/100|[from] item: Leftovers
|-end|p2a: Dondozo|move: Heal Block
|upkeep
|turn|3
|
|t:|1769384359
|switch|p2a: Ting-Lu|Ting-Lu|100/100
|-ability|p2a: Ting-Lu|Vessel of Ruin
|move|p1a: Hatterene|Draining Kiss|p2a: Ting-Lu
|-supereffective|p2a: Ting-Lu
|-damage|p2a: Ting-Lu|82/100
|-heal|p1a: Hatterene|100/100|[from] drain|[of] p2a: Ting-Lu
|
|-heal|p2a: Ting-Lu|88/100|[from] item: Leftovers
|upkeep
|turn|4
|
|t:|1769384363
|move|p2a: Ting-Lu|Payback|p1a: Hatterene
|-damage|p1a: Hatterene|84/100
|move|p1a: Hatterene|Calm Mind|p1a: Hatterene
|-boost|p1a: Hatterene|spa|1
|-boost|p1a: Hatterene|spd|1
|
|-heal|p2a: Ting-Lu|94/100|[from] item: Leftovers
|-heal|p1a: Hatterene|90/100|[from] item: Leftovers
|upkeep
|turn|5
|
|t:|1769384372
|move|p2a: Ting-Lu|Earthquake|p1a: Hatterene
|-damage|p1a: Hatterene|56/100
|move|p1a: Hatterene|Psychic Noise|p2a: Ting-Lu
|-immune|p2a: Ting-Lu
|
|-heal|p2a: Ting-Lu|100/100|[from] item: Leftovers
|-heal|p1a: Hatterene|62/100|[from] item: Leftovers
|upkeep
|turn|6
|
|t:|1769384375
|move|p2a: Ting-Lu|Earthquake|p1a: Hatterene
|-damage|p1a: Hatterene|34/100
|move|p1a: Hatterene|Draining Kiss|p2a: Ting-Lu
|-supereffective|p2a: Ting-Lu
|-damage|p2a: Ting-Lu|72/100
|-heal|p1a: Hatterene|68/100|[from] drain|[of] p2a: Ting-Lu
|
|-heal|p2a: Ting-Lu|79/100|[from] item: Leftovers
|-heal|p1a: Hatterene|74/100|[from] item: Leftovers
|upkeep
|turn|7
|
|t:|1769384382
|switch|p2a: Cinderace|Cinderace, M|100/100
|move|p1a: Hatterene|Calm Mind|p1a: Hatterene
|-boost|p1a: Hatterene|spa|1
|-boost|p1a: Hatterene|spd|1
|
|-heal|p1a: Hatterene|80/100|[from] item: Leftovers
|upkeep
|turn|8
|
|t:|1769384403
|-terastallize|p1a: Hatterene|Water
|move|p2a: Cinderace|Pyro Ball|p1a: Hatterene
|-resisted|p1a: Hatterene
|-damage|p1a: Hatterene|61/100
|move|p1a: Hatterene|Psychic Noise|p2a: Cinderace
|-damage|p2a: Cinderace|16/100
|-start|p2a: Cinderace|move: Heal Block
|
|-heal|p1a: Hatterene|67/100|[from] item: Leftovers
|upkeep
|turn|9
|
|t:|1769384419
|move|p2a: Cinderace|U-turn|p1a: Hatterene
|-damage|p1a: Hatterene|52/100
|
|t:|1769384421
|switch|p2a: Corviknight|Corviknight, F|100/100|[from] U-turn
|-ability|p2a: Corviknight|Pressure
|move|p1a: Hatterene|Draining Kiss|p2a: Corviknight
|-resisted|p2a: Corviknight
|-damage|p2a: Corviknight|78/100
|-heal|p1a: Hatterene|74/100|[from] drain|[of] p2a: Corviknight
|-damage|p1a: Hatterene|57/100|[from] item: Rocky Helmet|[of] p2a: Corviknight
|
|-heal|p1a: Hatterene|63/100|[from] item: Leftovers
|upkeep
|turn|10
|
|t:|1769384426
|move|p2a: Corviknight|Brave Bird|p1a: Hatterene
|-damage|p1a: Hatterene|30/100
|-damage|p2a: Corviknight|69/100|[from] Recoil
|move|p1a: Hatterene|Mystical Fire|p2a: Corviknight
|-supereffective|p2a: Corviknight
|-damage|p2a: Corviknight|0 fnt
|faint|p2a: Corviknight
|
|-heal|p1a: Hatterene|36/100|[from] item: Leftovers
|upkeep
|
|t:|1769384453
|switch|p2a: Kyurem|Kyurem|100/100
|-ability|p2a: Kyurem|Pressure
|turn|11
|
|t:|1769384462
|move|p2a: Kyurem|Freeze-Dry|p1a: Hatterene
|-supereffective|p1a: Hatterene
|-damage|p1a: Hatterene|0 fnt
|faint|p1a: Hatterene
|
|upkeep
|
|t:|1769384489
|switch|p1a: Ursaluna|Ursaluna, F|100/100
|turn|12
|
|t:|1769384501
|move|p2a: Kyurem|Freeze-Dry|p1a: Ursaluna
|-supereffective|p1a: Ursaluna
|-damage|p1a: Ursaluna|59/100
|-status|p1a: Ursaluna|frz
|cant|p1a: Ursaluna|frz
|
|-heal|p1a: Ursaluna|65/100 frz|[from] item: Leftovers
|upkeep
|turn|13
|
|t:|1769384508
|move|p2a: Kyurem|Substitute|p2a: Kyurem
|-start|p2a: Kyurem|Substitute
|-damage|p2a: Kyurem|75/100
|cant|p1a: Ursaluna|frz
|
|-heal|p2a: Kyurem|82/100|[from] item: Leftovers
|-heal|p1a: Ursaluna|71/100 frz|[from] item: Leftovers
|upkeep
|turn|14
|
|t:|1769384511
|move|p2a: Kyurem|Freeze-Dry|p1a: Ursaluna
|-supereffective|p1a: Ursaluna
|-crit|p1a: Ursaluna
|-damage|p1a: Ursaluna|9/100 frz
|cant|p1a: Ursaluna|frz
|
|-heal|p2a: Kyurem|88/100|[from] item: Leftovers
|-heal|p1a: Ursaluna|15/100 frz|[from] item: Leftovers
|upkeep
|turn|15
|
|t:|1769384514
|move|p2a: Kyurem|Freeze-Dry|p1a: Ursaluna
|-supereffective|p1a: Ursaluna
|-damage|p1a: Ursaluna|0 fnt
|faint|p1a: Ursaluna
|
|-heal|p2a: Kyurem|94/100|[from] item: Leftovers
|upkeep
|
|t:|1769384516
|switch|p1a: Moltres|Moltres|100/100
|turn|16
|
|t:|1769384518
|move|p2a: Kyurem|Freeze-Dry|p1a: Moltres
|-damage|p1a: Moltres|67/100
|move|p1a: Moltres|Roar|p2a: Kyurem
|drag|p2a: Cinderace|Cinderace, M|16/100
|
|upkeep
|turn|17
|
|t:|1769384525
|move|p2a: Cinderace|U-turn|p1a: Moltres
|-resisted|p1a: Moltres
|-damage|p1a: Moltres|64/100
|
|t:|1769384528
|switch|p2a: Dondozo|Dondozo, F|54/100|[from] U-turn
|move|p1a: Moltres|U-turn|p2a: Dondozo
|-damage|p2a: Dondozo|46/100
|l| Ssul
|
|t:|1769384535
|switch|p1a: Serperior|Serperior, F|100/100|[from] U-turn
|
|-heal|p2a: Dondozo|52/100|[from] item: Leftovers
|upkeep
|turn|18
|
|t:|1769384544
|switch|p2a: Slowking|Slowking-Galar, F|100/100
|move|p1a: Serperior|Leaf Storm|p2a: Slowking
|-resisted|p2a: Slowking
|-damage|p2a: Slowking|78/100
|-boost|p1a: Serperior|spa|2
|
|upkeep
|turn|19
|
|t:|1769384548
|switch|p1a: Glimmora|Glimmora, M|100/100
|-prepare|p2a: Slowking|Chilly Reception|[premajor]
|move|p2a: Slowking|Chilly Reception|p2a: Slowking
|-weather|Snowscape
|
|t:|1769384567
|switch|p2a: Dondozo|Dondozo, F|52/100|[from] Chilly Reception
|
|-weather|Snowscape|[upkeep]
|-heal|p2a: Dondozo|58/100|[from] item: Leftovers
|upkeep
|turn|20
|
|t:|1769384574
|move|p1a: Glimmora|Stealth Rock|p2a: Dondozo
|-sidestart|p2: planecrazy4u|move: Stealth Rock
|move|p2a: Dondozo|Waterfall|p1a: Glimmora
|-supereffective|p1a: Glimmora
|-damage|p1a: Glimmora|28/100
|-activate|p1a: Glimmora|ability: Toxic Debris
|-sidestart|p2: planecrazy4u|move: Toxic Spikes
|
|-weather|Snowscape|[upkeep]
|-heal|p2a: Dondozo|65/100|[from] item: Leftovers
|upkeep
|turn|21
|
|t:|1769384581
|switch|p1a: Moltres|Moltres|64/100
|move|p2a: Dondozo|Waterfall|p1a: Moltres
|-supereffective|p1a: Moltres
|-damage|p1a: Moltres|26/100
|
|-weather|Snowscape|[upkeep]
|-heal|p2a: Dondozo|71/100|[from] item: Leftovers
|upkeep
|turn|22
|
|t:|1769384585
|move|p1a: Moltres|Roost|p1a: Moltres
|-heal|p1a: Moltres|76/100
|-singleturn|p1a: Moltres|move: Roost
|move|p2a: Dondozo|Waterfall|p1a: Moltres
|-supereffective|p1a: Moltres
|-damage|p1a: Moltres|40/100
|
|-weather|Snowscape|[upkeep]
|-heal|p2a: Dondozo|77/100|[from] item: Leftovers
|upkeep
|turn|23
|
|t:|1769384588
|move|p1a: Moltres|Roost|p1a: Moltres
|-heal|p1a: Moltres|90/100
|-singleturn|p1a: Moltres|move: Roost
|move|p2a: Dondozo|Curse|p2a: Dondozo
|-unboost|p2a: Dondozo|spe|1
|-boost|p2a: Dondozo|atk|1
|-boost|p2a: Dondozo|def|1
|
|-weather|none
|-heal|p2a: Dondozo|83/100|[from] item: Leftovers
|upkeep
|turn|24
|
|t:|1769384591
|move|p2a: Dondozo|Curse|p2a: Dondozo
|-unboost|p2a: Dondozo|spe|1
|-boost|p2a: Dondozo|atk|1
|-boost|p2a: Dondozo|def|1
|move|p1a: Moltres|Roar|p2a: Dondozo
|drag|p2a: Kyurem|Kyurem|94/100
|-damage|p2a: Kyurem|69/100|[from] Stealth Rock
|-status|p2a: Kyurem|psn
|-ability|p2a: Kyurem|Pressure
|
|-heal|p2a: Kyurem|75/100 psn|[from] item: Leftovers
|-damage|p2a: Kyurem|63/100 psn|[from] psn
|upkeep
|turn|25
|
|t:|1769384600
|switch|p2a: Slowking|Slowking-Galar, F|100/100
|-damage|p2a: Slowking|88/100|[from] Stealth Rock
|-sideend|p2: planecrazy4u|move: Toxic Spikes|[of] p2a: Slowking
|move|p1a: Moltres|Flamethrower|p2a: Slowking
|-damage|p2a: Slowking|56/100
|
|upkeep
|turn|26
|
|t:|1769384605
|move|p1a: Moltres|Flamethrower|p2a: Slowking
|-damage|p2a: Slowking|23/100
|-prepare|p2a: Slowking|Chilly Reception|[premajor]
|move|p2a: Slowking|Chilly Reception|p2a: Slowking
|-weather|Snowscape
|
|t:|1769384608
|switch|p2a: Cinderace|Cinderace, M|16/100|[from] Chilly Reception
|
|-weather|Snowscape|[upkeep]
|upkeep
|turn|27
|
|t:|1769384611
|move|p2a: Cinderace|Court Change|p2a: Cinderace
|-swapsideconditions
|-activate|p2a: Cinderace|move: Court Change
|move|p1a: Moltres|Flamethrower|p2a: Cinderace
|-resisted|p2a: Cinderace
|-damage|p2a: Cinderace|0 fnt
|faint|p2a: Cinderace
|
|-weather|Snowscape|[upkeep]
|upkeep
|
|t:|1769384619
|switch|p2a: Slowking|Slowking-Galar, F|56/100
|turn|28
|
|t:|1769384624
|switch|p2a: Dondozo|Dondozo, F|83/100
|move|p1a: Moltres|Flamethrower|p2a: Dondozo
|-resisted|p2a: Dondozo
|-damage|p2a: Dondozo|70/100
|
|-weather|Snowscape|[upkeep]
|-heal|p2a: Dondozo|77/100|[from] item: Leftovers
|upkeep
|turn|29
|
|t:|1769384635
|switch|p1a: Serperior|Serperior, F|100/100
|-damage|p1a: Serperior|88/100|[from] Stealth Rock
|move|p2a: Dondozo|Rest|p2a: Dondozo
|-status|p2a: Dondozo|slp|[from] move: Rest
|-heal|p2a: Dondozo|100/100 slp|[silent]
|
|-weather|Snowscape|[upkeep]
|upkeep
|turn|30
|
|t:|1769384640
|switch|p2a: Slowking|Slowking-Galar, F|90/100
|move|p1a: Serperior|Leaf Storm|p2a: Slowking|[miss]
|-miss|p1a: Serperior|p2a: Slowking
|
|-weather|none
|upkeep
|turn|31
|
|t:|1769384643
|move|p1a: Serperior|Leaf Storm|p2a: Slowking
|-resisted|p2a: Slowking
|-crit|p2a: Slowking
|-damage|p2a: Slowking|57/100
|-boost|p1a: Serperior|spa|2
|-prepare|p2a: Slowking|Chilly Reception|[premajor]
|move|p2a: Slowking|Chilly Reception|p2a: Slowking
|-weather|Snowscape
|
|t:|1769384649
|switch|p2a: Kyurem|Kyurem|63/100 psn|[from] Chilly Reception
|-ability|p2a: Kyurem|Pressure
|
|-weather|Snowscape|[upkeep]
|-heal|p2a: Kyurem|69/100 psn|[from] item: Leftovers
|-damage|p2a: Kyurem|57/100 psn|[from] psn
|upkeep
|turn|32
|
|t:|1769384652
|move|p1a: Serperior|Leaf Storm|p2a: Kyurem
|-resisted|p2a: Kyurem
|-damage|p2a: Kyurem|12/100 psn
|-boost|p1a: Serperior|spa|2
|move|p2a: Kyurem|Freeze-Dry|p1a: Serperior
|-supereffective|p1a: Serperior
|-damage|p1a: Serperior|6/100
|
|-weather|Snowscape|[upkeep]
|-heal|p2a: Kyurem|18/100 psn|[from] item: Leftovers
|-damage|p2a: Kyurem|6/100 psn|[from] psn
|upkeep
|turn|33
|
|t:|1769384658
|move|p1a: Serperior|Leaf Storm|p2a: Kyurem
|-resisted|p2a: Kyurem
|-damage|p2a: Kyurem|0 fnt
|-boost|p1a: Serperior|spa|2
|faint|p2a: Kyurem
|
|-weather|Snowscape|[upkeep]
|upkeep
|
|t:|1769384660
|switch|p2a: Slowking|Slowking-Galar, F|90/100
|turn|34
|
|t:|1769384662
|move|p1a: Serperior|Leaf Storm|p2a: Slowking
|-resisted|p2a: Slowking
|-damage|p2a: Slowking|7/100
|move|p2a: Slowking|Ice Beam|p1a: Serperior
|-supereffective|p1a: Serperior
|-damage|p1a: Serperior|0 fnt
|faint|p1a: Serperior
|
|-weather|Snowscape|[upkeep]
|upkeep
|
|t:|1769384670
|switch|p1a: Rillaboom|Rillaboom, F|100/100
|-damage|p1a: Rillaboom|88/100|[from] Stealth Rock
|-fieldstart|move: Grassy Terrain|[from] ability: Grassy Surge|[of] p1a: Rillaboom
|turn|35
|
|t:|1769384674
|switch|p2a: Ting-Lu|Ting-Lu|79/100
|-ability|p2a: Ting-Lu|Vessel of Ruin
|move|p1a: Rillaboom|Knock Off|p2a: Ting-Lu
|-resisted|p2a: Ting-Lu
|-damage|p2a: Ting-Lu|68/100
|-enditem|p2a: Ting-Lu|Leftovers|[from] move: Knock Off|[of] p1a: Rillaboom
|
|-weather|none
|-heal|p1a: Rillaboom|94/100|[from] Grassy Terrain
|-heal|p2a: Ting-Lu|74/100|[from] Grassy Terrain
|upkeep
|turn|36
|
|t:|1769384682
|move|p1a: Rillaboom|U-turn|p2a: Ting-Lu
|-supereffective|p2a: Ting-Lu
|-damage|p2a: Ting-Lu|47/100
|
|t:|1769384686
|switch|p1a: Moltres|Moltres|90/100|[from] U-turn
|move|p2a: Ting-Lu|Payback|p1a: Moltres
|-damage|p1a: Moltres|78/100
|
|-heal|p2a: Ting-Lu|54/100|[from] Grassy Terrain
|upkeep
|turn|37
|
|t:|1769384694
|move|p1a: Moltres|Flamethrower|p2a: Ting-Lu
|-damage|p2a: Ting-Lu|37/100
|move|p2a: Ting-Lu|Rest|p2a: Ting-Lu
|-status|p2a: Ting-Lu|slp|[from] move: Rest
|-heal|p2a: Ting-Lu|100/100 slp|[silent]
|
|upkeep
|turn|38
|
|t:|1769384698
|switch|p2a: Slowking|Slowking-Galar, F|40/100
|move|p1a: Moltres|Flamethrower|p2a: Slowking
|-damage|p2a: Slowking|12/100
|
|-heal|p2a: Slowking|18/100|[from] Grassy Terrain
|upkeep
|turn|39
|
|t:|1769384703
|switch|p2a: Dondozo|Dondozo, F|100/100 slp
|move|p1a: Moltres|U-turn|p2a: Dondozo
|-damage|p2a: Dondozo|91/100 slp
|
|t:|1769384705
|switch|p1a: Glimmora|Glimmora, M|28/100|[from] U-turn
|-damage|p1a: Glimmora|16/100|[from] Stealth Rock
|
|-heal|p1a: Glimmora|22/100|[from] Grassy Terrain
|-heal|p2a: Dondozo|97/100 slp|[from] Grassy Terrain
|-heal|p2a: Dondozo|100/100 slp|[from] item: Leftovers
|upkeep
|turn|40
|
|t:|1769384710
|switch|p2a: Slowking|Slowking-Galar, F|52/100
|move|p1a: Glimmora|Stealth Rock|p2a: Slowking
|-sidestart|p2: planecrazy4u|move: Stealth Rock
|
|-heal|p1a: Glimmora|28/100|[from] Grassy Terrain
|-heal|p2a: Slowking|58/100|[from] Grassy Terrain
|upkeep
|turn|41
|
|t:|1769384715
|switch|p2a: Ting-Lu|Ting-Lu|100/100 slp
|-damage|p2a: Ting-Lu|94/100 slp|[from] Stealth Rock
|-ability|p2a: Ting-Lu|Vessel of Ruin
|move|p1a: Glimmora|Meteor Beam||[still]
|-prepare|p1a: Glimmora|Meteor Beam
|-boost|p1a: Glimmora|spa|1
|-enditem|p1a: Glimmora|Power Herb
|-anim|p1a: Glimmora|Meteor Beam|p2a: Ting-Lu
|-resisted|p2a: Ting-Lu
|-damage|p2a: Ting-Lu|76/100 slp
|
|-heal|p1a: Glimmora|34/100|[from] Grassy Terrain
|-heal|p2a: Ting-Lu|83/100 slp|[from] Grassy Terrain
|upkeep
|turn|42
|
|t:|1769384718
|move|p1a: Glimmora|Mortal Spin|p2a: Ting-Lu
|-resisted|p2a: Ting-Lu
|-damage|p2a: Ting-Lu|81/100 slp
|-sideend|p1: pivotslophaxmaxxer|Stealth Rock|[from] move: Mortal Spin|[of] p1a: Glimmora
|cant|p2a: Ting-Lu|slp
|move|p2a: Ting-Lu|Sleep Talk|p2a: Ting-Lu
|move|p2a: Ting-Lu|Earthquake|p1a: Glimmora|[from] move: Sleep Talk
|-supereffective|p1a: Glimmora
|-damage|p1a: Glimmora|0 fnt
|-activate|p1a: Glimmora|ability: Toxic Debris
|-sidestart|p2: planecrazy4u|move: Toxic Spikes
|faint|p1a: Glimmora
|
|-heal|p2a: Ting-Lu|87/100 slp|[from] Grassy Terrain
|-fieldend|move: Grassy Terrain
|upkeep
|
|t:|1769384721
|switch|p1a: Rillaboom|Rillaboom, F|94/100
|-fieldstart|move: Grassy Terrain|[from] ability: Grassy Surge|[of] p1a: Rillaboom
|turn|43
|
|t:|1769384727
|switch|p2a: Slowking|Slowking-Galar, F|91/100
|-damage|p2a: Slowking|78/100|[from] Stealth Rock
|-sideend|p2: planecrazy4u|move: Toxic Spikes|[of] p2a: Slowking
|move|p1a: Rillaboom|Knock Off|p2a: Slowking
|-supereffective|p2a: Slowking
|-damage|p2a: Slowking|28/100
|-enditem|p2a: Slowking|Shuca Berry|[from] move: Knock Off|[of] p1a: Rillaboom
|
|-heal|p1a: Rillaboom|100/100|[from] Grassy Terrain
|-heal|p2a: Slowking|34/100|[from] Grassy Terrain
|upkeep
|turn|44
|
|t:|1769384731
|move|p1a: Rillaboom|Knock Off|p2a: Slowking
|-supereffective|p2a: Slowking
|-damage|p2a: Slowking|0 fnt
|faint|p2a: Slowking
|
|upkeep
|
|t:|1769384735
|switch|p2a: Dondozo|Dondozo, F|100/100 slp
|-damage|p2a: Dondozo|88/100 slp|[from] Stealth Rock
|turn|45
|
|t:|1769384738
|-terastallize|p2a: Dondozo|Dark
|move|p1a: Rillaboom|Knock Off|p2a: Dondozo
|-resisted|p2a: Dondozo
|-damage|p2a: Dondozo|78/100 slp
|-enditem|p2a: Dondozo|Leftovers|[from] move: Knock Off|[of] p1a: Rillaboom
|cant|p2a: Dondozo|slp
|
|-heal|p2a: Dondozo|84/100 slp|[from] Grassy Terrain
|upkeep
|turn|46
|
|t:|1769384741
|move|p1a: Rillaboom|U-turn|p2a: Dondozo
|-supereffective|p2a: Dondozo
|-damage|p2a: Dondozo|53/100 slp
|
|t:|1769384743
|switch|p1a: Moltres|Moltres|78/100|[from] U-turn
|cant|p2a: Dondozo|slp
|
|-heal|p2a: Dondozo|60/100 slp|[from] Grassy Terrain
|upkeep
|turn|47
|
|t:|1769384746
|move|p1a: Moltres|U-turn|p2a: Dondozo
|-supereffective|p2a: Dondozo
|-damage|p2a: Dondozo|43/100 slp
|
|t:|1769384748
|switch|p1a: Rillaboom|Rillaboom, F|100/100|[from] U-turn
|-curestatus|p2a: Dondozo|slp|[msg]
|move|p2a: Dondozo|Curse|p2a: Dondozo
|-unboost|p2a: Dondozo|spe|1
|-boost|p2a: Dondozo|atk|1
|-boost|p2a: Dondozo|def|1
|
|-heal|p2a: Dondozo|49/100|[from] Grassy Terrain
|upkeep
|turn|48
|
|t:|1769384754
|move|p1a: Rillaboom|U-turn|p2a: Dondozo
|-supereffective|p2a: Dondozo
|-damage|p2a: Dondozo|28/100
|
|t:|1769384756
|switch|p1a: Moltres|Moltres|78/100|[from] U-turn
|move|p2a: Dondozo|Curse|p2a: Dondozo
|-unboost|p2a: Dondozo|spe|1
|-boost|p2a: Dondozo|atk|1
|-boost|p2a: Dondozo|def|1
|
|-heal|p2a: Dondozo|34/100|[from] Grassy Terrain
|upkeep
|turn|49
|
|t:|1769384758
|move|p2a: Dondozo|Rest|p2a: Dondozo
|-status|p2a: Dondozo|slp|[from] move: Rest
|-heal|p2a: Dondozo|100/100 slp|[silent]
|move|p1a: Moltres|Roar|p2a: Dondozo
|drag|p2a: Ting-Lu|Ting-Lu|87/100 slp
|-damage|p2a: Ting-Lu|81/100 slp|[from] Stealth Rock
|-ability|p2a: Ting-Lu|Vessel of Ruin
|
|-heal|p2a: Ting-Lu|87/100 slp|[from] Grassy Terrain
|upkeep
|turn|50
|
|t:|1769384763
|move|p1a: Moltres|U-turn|p2a: Ting-Lu
|-supereffective|p2a: Ting-Lu
|-damage|p2a: Ting-Lu|71/100 slp
|
|t:|1769384765
|switch|p1a: Rillaboom|Rillaboom, F|100/100|[from] U-turn
|cant|p2a: Ting-Lu|slp
|move|p2a: Ting-Lu|Sleep Talk|p2a: Ting-Lu
|move|p2a: Ting-Lu|Rest||[from] move: Sleep Talk|[still]
|-fail|p2a: Ting-Lu
|
|-heal|p2a: Ting-Lu|77/100 slp|[from] Grassy Terrain
|-fieldend|move: Grassy Terrain
|upkeep
|turn|51
|
|t:|1769384773
|move|p1a: Rillaboom|U-turn|p2a: Ting-Lu
|-supereffective|p2a: Ting-Lu
|-damage|p2a: Ting-Lu|48/100 slp
|
|t:|1769384776
|switch|p1a: Moltres|Moltres|78/100|[from] U-turn
|-curestatus|p2a: Ting-Lu|slp|[msg]
|move|p2a: Ting-Lu|Payback|p1a: Moltres
|-damage|p1a: Moltres|66/100
|-status|p2a: Ting-Lu|brn|[from] ability: Flame Body|[of] p1a: Moltres
|
|-damage|p2a: Ting-Lu|42/100 brn|[from] brn
|upkeep
|turn|52
|
|t:|1769384781
|move|p1a: Moltres|U-turn|p2a: Ting-Lu
|-supereffective|p2a: Ting-Lu
|-damage|p2a: Ting-Lu|27/100 brn
|
|t:|1769384783
|switch|p1a: Rillaboom|Rillaboom, F|100/100|[from] U-turn
|-fieldstart|move: Grassy Terrain|[from] ability: Grassy Surge|[of] p1a: Rillaboom
|move|p2a: Ting-Lu|Rest|p2a: Ting-Lu
|-status|p2a: Ting-Lu|slp|[from] move: Rest
|-heal|p2a: Ting-Lu|100/100 slp|[silent]
|
|upkeep
|turn|53
|
|t:|1769384786
|move|p1a: Rillaboom|Grassy Glide|p2a: Ting-Lu
|-supereffective|p2a: Ting-Lu
|-damage|p2a: Ting-Lu|57/100 slp
|cant|p2a: Ting-Lu|slp
|move|p2a: Ting-Lu|Sleep Talk|p2a: Ting-Lu
|move|p2a: Ting-Lu|Payback|p1a: Rillaboom|[from] move: Sleep Talk
|-damage|p1a: Rillaboom|63/100
|
|-heal|p1a: Rillaboom|69/100|[from] Grassy Terrain
|-heal|p2a: Ting-Lu|63/100 slp|[from] Grassy Terrain
|upkeep
|turn|54
|
|t:|1769384793
|move|p1a: Rillaboom|U-turn|p2a: Ting-Lu
|-supereffective|p2a: Ting-Lu
|-damage|p2a: Ting-Lu|33/100 slp
|
|t:|1769384796
|switch|p1a: Moltres|Moltres|66/100|[from] U-turn
|cant|p2a: Ting-Lu|slp
|move|p2a: Ting-Lu|Sleep Talk|p2a: Ting-Lu
|move|p2a: Ting-Lu|Payback|p1a: Moltres|[from] move: Sleep Talk
|-damage|p1a: Moltres|52/100
|
|-heal|p2a: Ting-Lu|39/100 slp|[from] Grassy Terrain
|upkeep
|turn|55
|
|t:|1769384799
|move|p1a: Moltres|U-turn|p2a: Ting-Lu
|-supereffective|p2a: Ting-Lu
|-damage|p2a: Ting-Lu|23/100 slp
|
|t:|1769384801
|switch|p1a: Rillaboom|Rillaboom, F|69/100|[from] U-turn
|-curestatus|p2a: Ting-Lu|slp|[msg]
|move|p2a: Ting-Lu|Rest|p2a: Ting-Lu
|-status|p2a: Ting-Lu|slp|[from] move: Rest
|-heal|p2a: Ting-Lu|100/100 slp|[silent]
|
|-heal|p1a: Rillaboom|75/100|[from] Grassy Terrain
|upkeep
|turn|56
|
|t:|1769384805
|move|p1a: Rillaboom|Grassy Glide|p2a: Ting-Lu
|-supereffective|p2a: Ting-Lu
|-damage|p2a: Ting-Lu|53/100 slp
|cant|p2a: Ting-Lu|slp
|move|p2a: Ting-Lu|Sleep Talk|p2a: Ting-Lu
|move|p2a: Ting-Lu|Payback|p1a: Rillaboom|[from] move: Sleep Talk
|-damage|p1a: Rillaboom|42/100
|
|-heal|p1a: Rillaboom|48/100|[from] Grassy Terrain
|-heal|p2a: Ting-Lu|59/100 slp|[from] Grassy Terrain
|upkeep
|turn|57
|
|t:|1769384813
|move|p1a: Rillaboom|Grassy Glide|p2a: Ting-Lu
|-supereffective|p2a: Ting-Lu
|-damage|p2a: Ting-Lu|19/100 slp
|cant|p2a: Ting-Lu|slp
|move|p2a: Ting-Lu|Sleep Talk|p2a: Ting-Lu
|move|p2a: Ting-Lu|Earthquake|p1a: Rillaboom|[from] move: Sleep Talk
|-resisted|p1a: Rillaboom
|-damage|p1a: Rillaboom|39/100
|
|-heal|p1a: Rillaboom|45/100|[from] Grassy Terrain
|-heal|p2a: Ting-Lu|25/100 slp|[from] Grassy Terrain
|upkeep
|turn|58
|
|t:|1769384822
|move|p1a: Rillaboom|Grassy Glide|p2a: Ting-Lu
|-supereffective|p2a: Ting-Lu
|-damage|p2a: Ting-Lu|0 fnt
|faint|p2a: Ting-Lu
|
|-heal|p1a: Rillaboom|52/100|[from] Grassy Terrain
|upkeep
|
|t:|1769384824
|switch|p2a: Dondozo|Dondozo, F, tera:Dark|100/100 slp
|-damage|p2a: Dondozo|88/100 slp|[from] Stealth Rock
|turn|59
|
|t:|1769384827
|move|p1a: Rillaboom|U-turn|p2a: Dondozo
|-supereffective|p2a: Dondozo
|-damage|p2a: Dondozo|55/100 slp
|
|t:|1769384829
|switch|p1a: Moltres|Moltres|52/100|[from] U-turn
|cant|p2a: Dondozo|slp
|
|-heal|p2a: Dondozo|61/100 slp|[from] Grassy Terrain
|-fieldend|move: Grassy Terrain
|upkeep
|turn|60
|
|t:|1769384833
|move|p1a: Moltres|Flamethrower|p2a: Dondozo
|-damage|p2a: Dondozo|35/100 slp
|cant|p2a: Dondozo|slp
|
|upkeep
|turn|61
|
|t:|1769384837
|move|p1a: Moltres|Flamethrower|p2a: Dondozo
|-damage|p2a: Dondozo|12/100 slp
|-curestatus|p2a: Dondozo|slp|[msg]
|move|p2a: Dondozo|Rest|p2a: Dondozo
|-status|p2a: Dondozo|slp|[from] move: Rest
|-heal|p2a: Dondozo|100/100 slp|[silent]
|
|upkeep
|turn|62
|
|t:|1769384841
|move|p1a: Moltres|Flamethrower|p2a: Dondozo
|-damage|p2a: Dondozo|78/100 slp
|cant|p2a: Dondozo|slp
|
|upkeep
|turn|63
|
|t:|1769384843
|move|p1a: Moltres|Flamethrower|p2a: Dondozo
|-damage|p2a: Dondozo|55/100 slp
|cant|p2a: Dondozo|slp
|
|upkeep
|turn|64
|
|t:|1769384845
|move|p1a: Moltres|Flamethrower|p2a: Dondozo
|-damage|p2a: Dondozo|32/100 slp
|-curestatus|p2a: Dondozo|slp|[msg]
|move|p2a: Dondozo|Curse|p2a: Dondozo
|-unboost|p2a: Dondozo|spe|1
|-boost|p2a: Dondozo|atk|1
|-boost|p2a: Dondozo|def|1
|
|upkeep
|turn|65
|
|t:|1769384848
|move|p1a: Moltres|Flamethrower|p2a: Dondozo
|-damage|p2a: Dondozo|9/100
|move|p2a: Dondozo|Rest|p2a: Dondozo
|-status|p2a: Dondozo|slp|[from] move: Rest
|-heal|p2a: Dondozo|100/100 slp|[silent]
|
|upkeep
|turn|66
|
|t:|1769384850
|move|p1a: Moltres|Flamethrower|p2a: Dondozo
|-damage|p2a: Dondozo|74/100 slp
|cant|p2a: Dondozo|slp
|
|upkeep
|turn|67
|
|t:|1769384852
|move|p1a: Moltres|Flamethrower|p2a: Dondozo
|-damage|p2a: Dondozo|50/100 slp
|cant|p2a: Dondozo|slp
|
|upkeep
|turn|68
|
|t:|1769384855
|move|p1a: Moltres|Flamethrower|p2a: Dondozo
|-damage|p2a: Dondozo|24/100 slp
|-curestatus|p2a: Dondozo|slp|[msg]
|move|p2a: Dondozo|Curse|p2a: Dondozo
|-unboost|p2a: Dondozo|spe|1
|-boost|p2a: Dondozo|atk|1
|-boost|p2a: Dondozo|def|1
|
|upkeep
|turn|69
|
|t:|1769384859
|move|p1a: Moltres|Flamethrower|p2a: Dondozo
|-damage|p2a: Dondozo|2/100
|move|p2a: Dondozo|Rest|p2a: Dondozo
|-status|p2a: Dondozo|slp|[from] move: Rest
|-heal|p2a: Dondozo|100/100 slp|[silent]
|
|upkeep
|turn|70
|
|t:|1769384862
|move|p1a: Moltres|Flamethrower|p2a: Dondozo
|-damage|p2a: Dondozo|78/100 slp
|cant|p2a: Dondozo|slp
|
|upkeep
|turn|71
|
|t:|1769384865
|move|p1a: Moltres|Flamethrower|p2a: Dondozo
|-damage|p2a: Dondozo|56/100 slp
|cant|p2a: Dondozo|slp
|
|upkeep
|turn|72
|
|t:|1769384867
|move|p1a: Moltres|Flamethrower|p2a: Dondozo
|-damage|p2a: Dondozo|33/100 slp
|-curestatus|p2a: Dondozo|slp|[msg]
|move|p2a: Dondozo|Waterfall|p1a: Moltres
|-supereffective|p1a: Moltres
|-damage|p1a: Moltres|0 fnt
|faint|p1a: Moltres
|
|upkeep
|
|t:|1769384870
|switch|p1a: Rillaboom|Rillaboom, F|52/100
|-fieldstart|move: Grassy Terrain|[from] ability: Grassy Surge|[of] p1a: Rillaboom
|turn|73
|
|t:|1769384873
|move|p1a: Rillaboom|U-turn|p2a: Dondozo
|-supereffective|p2a: Dondozo
|-damage|p2a: Dondozo|16/100
|move|p2a: Dondozo|Rest|p2a: Dondozo
|-status|p2a: Dondozo|slp|[from] move: Rest
|-heal|p2a: Dondozo|100/100 slp|[silent]
|
|-heal|p1a: Rillaboom|58/100|[from] Grassy Terrain
|upkeep
|turn|74
|
|t:|1769384876
|move|p1a: Rillaboom|U-turn|p2a: Dondozo
|-supereffective|p2a: Dondozo
|-damage|p2a: Dondozo|86/100 slp
|cant|p2a: Dondozo|slp
|
|-heal|p1a: Rillaboom|64/100|[from] Grassy Terrain
|-heal|p2a: Dondozo|92/100 slp|[from] Grassy Terrain
|upkeep
|turn|75
|
|t:|1769384879
|move|p1a: Rillaboom|U-turn|p2a: Dondozo
|-supereffective|p2a: Dondozo
|-damage|p2a: Dondozo|75/100 slp
|cant|p2a: Dondozo|slp
|
|-heal|p1a: Rillaboom|70/100|[from] Grassy Terrain
|-heal|p2a: Dondozo|81/100 slp|[from] Grassy Terrain
|upkeep
|turn|76
|
|t:|1769384881
|move|p1a: Rillaboom|U-turn|p2a: Dondozo
|-supereffective|p2a: Dondozo
|-damage|p2a: Dondozo|66/100 slp
|-curestatus|p2a: Dondozo|slp|[msg]
|move|p2a: Dondozo|Body Press|p1a: Rillaboom
|-damage|p1a: Rillaboom|28/100
|
|-heal|p1a: Rillaboom|34/100|[from] Grassy Terrain
|-heal|p2a: Dondozo|72/100|[from] Grassy Terrain
|upkeep
|turn|77
|
|t:|1769384883
|move|p1a: Rillaboom|U-turn|p2a: Dondozo
|-supereffective|p2a: Dondozo
|-damage|p2a: Dondozo|55/100
|move|p2a: Dondozo|Body Press|p1a: Rillaboom
|-damage|p1a: Rillaboom|0 fnt
|faint|p1a: Rillaboom
|
|win|planecrazy4u
|raw|pivotslophaxmaxxer's rating: 1657 &rarr; <strong>1636</strong><br />(-21 for losing)
|raw|planecrazy4u's rating: 1641 &rarr; <strong>1662</strong><br />(+21 for winning)
|l|☆pivotslophaxmaxxer
|player|p1|
|l|☆planecrazy4u
|player|p2|
