|j|☆potayo
|j|☆CambridgeFoulPlay
|t:|1769368667
|gametype|singles
|player|p1|potayo|clerk|1669
|player|p2|CambridgeFoulPlay|266|1696
|gen|9
|tier|[Gen 9] OU
|rated|
|rule|HP Percentage Mod: HP is shown in percentages
|rule|Endless Battle Clause: Forcing endless battles is banned
|rule|Species Clause: Limit one of each Pokémon
|rule|OHKO Clause: OHKO moves are banned
|rule|Evasion Items Clause: Evasion items are banned
|rule|Evasion Moves Clause: Evasion moves are banned
|rule|Evasion Abilities Clause: Evasion abilities are banned
|rule|Sleep Moves Clause: Sleep-inducing moves are banned
|clearpoke
|poke|p1|Reuniclus, L50, F|
|poke|p1|Hoopa-Unbound|
|poke|p1|Hatterene, F|
|poke|p1|Pecharunt|
|poke|p1|Ursaluna, M|
|poke|p1|Rabsca, F|
|poke|p2|Hydrapple, M|
|poke|p2|Tyranitar, F|
|poke|p2|Moltres|
|poke|p2|Zamazenta-*|
|poke|p2|Slowking-Galar, M|
|poke|p2|Excadrill, F|
|teampreview
|c|☆CambridgeFoulPlay|hf
|inactive|Battle timer is ON: inactive players will automatically lose when time's up. (requested by CambridgeFoulPlay)
|
|t:|1769368684
|teamsize|p1|6
|teamsize|p2|6
|start
|switch|p1a: Ursaluna|Ursaluna, M|100/100
|switch|p2a: Zamazenta|Zamazenta|100/100
|-ability|p2a: Zamazenta|Dauntless Shield|boost
|-boost|p2a: Zamazenta|def|1
|turn|1
|
|t:|1769368698
|switch|p1a: Pecharunt|Pecharunt|100/100
|move|p2a: Zamazenta|Body Press|p1a: Pecharunt
|-immune|p1a: Pecharunt
|
|upkeep
|turn|2
|
|t:|1769368703
|move|p2a: Zamazenta|Crunch|p1a: Pecharunt
|-supereffective|p1a: Pecharunt
|-damage|p1a: Pecharunt|79/100
|-damage|p2a: Zamazenta|84/100|[from] item: Rocky Helmet|[of] p1a: Pecharunt
|move|p1a: Pecharunt|Parting Shot|p2a: Zamazenta
|-unboost|p2a: Zamazenta|atk|1
|-unboost|p2a: Zamazenta|spa|1
|
|t:|1769368715
|switch|p1a: Hatterene|Hatterene, F|100/100|[from] Parting Shot
|
|-heal|p2a: Zamazenta|90/100|[from] item: Leftovers
|upkeep
|turn|3
|
|t:|1769368718
|switch|p2a: Tyranitar|Tyranitar, F|100/100
|-weather|Sandstorm|[from] ability: Sand Stream|[of] p2a: Tyranitar
|switch|p1a: Pecharunt|Pecharunt|79/100
|
|-weather|Sandstorm|[upkeep]
|-damage|p1a: Pecharunt|73/100|[from] Sandstorm
|upkeep
|turn|4
|
|t:|1769368722
|switch|p1a: Ursaluna|Ursaluna, M|100/100
|move|p2a: Tyranitar|Knock Off|p1a: Ursaluna
|-damage|p1a: Ursaluna|67/100
|-enditem|p1a: Ursaluna|Choice Band|[from] move: Knock Off|[of] p2a: Tyranitar
|
|-weather|Sandstorm|[upkeep]
|upkeep
|turn|5
|
|t:|1769368729
|switch|p2a: Hydrapple|Hydrapple, M|100/100
|move|p1a: Ursaluna|Earthquake|p2a: Hydrapple
|-resisted|p2a: Hydrapple
|-damage|p2a: Hydrapple|83/100
|
|-weather|Sandstorm|[upkeep]
|-damage|p2a: Hydrapple|77/100|[from] Sandstorm
|upkeep
|turn|6
|
|t:|1769368733
|move|p1a: Ursaluna|Ice Punch|p2a: Hydrapple
|-supereffective|p2a: Hydrapple
|-damage|p2a: Hydrapple|9/100
|move|p2a: Hydrapple|Giga Drain|p1a: Ursaluna
|-supereffective|p1a: Ursaluna
|-damage|p1a: Ursaluna|14/100
|-heal|p2a: Hydrapple|40/100|[from] drain|[of] p1a: Ursaluna
|
|-weather|Sandstorm|[upkeep]
|-damage|p2a: Hydrapple|34/100|[from] Sandstorm
|upkeep
|turn|7
|
|t:|1769368743
|switch|p2a: Excadrill|Excadrill, F|100/100
|-item|p2a: Excadrill|Air Balloon
|move|p1a: Ursaluna|Double-Edge|p2a: Excadrill
|-resisted|p2a: Excadrill
|-damage|p2a: Excadrill|52/100
|-enditem|p2a: Excadrill|Air Balloon
|-damage|p1a: Ursaluna|1/100|[from] Recoil
|
|-weather|Sandstorm|[upkeep]
|upkeep
|turn|8
|
|t:|1769368772
|move|p2a: Excadrill|Earthquake|p1a: Ursaluna
|-crit|p1a: Ursaluna
|-damage|p1a: Ursaluna|0 fnt
|faint|p1a: Ursaluna
|
|-weather|Sandstorm|[upkeep]
|upkeep
|
|t:|1769368774
|switch|p1a: Rabsca|Rabsca, F|100/100
|turn|9
|
|t:|1769368776
|move|p2a: Excadrill|Swords Dance|p2a: Excadrill
|-boost|p2a: Excadrill|atk|2
|move|p1a: Rabsca|Revival Blessing|p1a: Rabsca
|-enditem|p1a: Rabsca|Leppa Berry|[eat]
|-activate|p1a: Rabsca|item: Leppa Berry|Revival Blessing|[consumed]
|
|t:|1769368778
|-heal|p1: Ursaluna|50/100|[from] move: Revival Blessing
|
|-weather|Sandstorm|[upkeep]
|-damage|p1a: Rabsca|94/100|[from] Sandstorm
|upkeep
|turn|10
|
|t:|1769368781
|move|p2a: Excadrill|Iron Head|p1a: Rabsca
|-damage|p1a: Rabsca|24/100
|move|p1a: Rabsca|Trick Room|p1a: Rabsca
|-fieldstart|move: Trick Room|[of] p1a: Rabsca
|
|-weather|none
|upkeep
|turn|11
|
|t:|1769368787
|move|p1a: Rabsca|Gravity|p1a: Rabsca
|-fieldstart|move: Gravity
|move|p2a: Excadrill|Earthquake|p1a: Rabsca
|-resisted|p1a: Rabsca
|-damage|p1a: Rabsca|0 fnt
|faint|p1a: Rabsca
|
|upkeep
|
|t:|1769368791
|switch|p1a: Ursaluna|Ursaluna, M|50/100
|turn|12
|
|t:|1769368802
|switch|p2a: Zamazenta|Zamazenta|90/100
|-terastallize|p1a: Ursaluna|Ground
|move|p1a: Ursaluna|Headlong Rush|p2a: Zamazenta
|-damage|p2a: Zamazenta|13/100
|-unboost|p1a: Ursaluna|def|1
|-unboost|p1a: Ursaluna|spd|1
|
|-heal|p2a: Zamazenta|19/100|[from] item: Leftovers
|upkeep
|turn|13
|
|t:|1769368807
|switch|p2a: Moltres|Moltres|100/100
|move|p1a: Ursaluna|Headlong Rush|p2a: Moltres
|-supereffective|p2a: Moltres
|-damage|p2a: Moltres|0 fnt
|-unboost|p1a: Ursaluna|def|1
|-unboost|p1a: Ursaluna|spd|1
|faint|p2a: Moltres
|
|upkeep
|
|t:|1769368809
|switch|p2a: Hydrapple|Hydrapple, M|67/100
|turn|14
|
|t:|1769368831
|switch|p1a: Hoopa|Hoopa-Unbound|100/100
|move|p2a: Hydrapple|Giga Drain|p1a: Hoopa
|-damage|p1a: Hoopa|82/100
|-heal|p2a: Hydrapple|76/100|[from] drain|[of] p1a: Hoopa
|
|-fieldend|move: Trick Room
|upkeep
|turn|15
|
|t:|1769368847
|switch|p2a: Tyranitar|Tyranitar, F|100/100
|-weather|Sandstorm|[from] ability: Sand Stream|[of] p2a: Tyranitar
|move|p1a: Hoopa|Trick Room|p1a: Hoopa
|-fieldstart|move: Trick Room|[of] p1a: Hoopa
|
|-weather|Sandstorm|[upkeep]
|-damage|p1a: Hoopa|75/100|[from] Sandstorm
|-fieldend|move: Gravity
|upkeep
|turn|16
|inactive|potayo has 120 seconds left.
|
|t:|1769368869
|switch|p1a: Ursaluna|Ursaluna, M, tera:Ground|50/100
|move|p2a: Tyranitar|Ice Beam|p1a: Ursaluna
|-supereffective|p1a: Ursaluna
|-damage|p1a: Ursaluna|15/100
|
|-weather|Sandstorm|[upkeep]
|upkeep
|turn|17
|inactive|potayo has 120 seconds left.
|
|t:|1769368881
|switch|p2a: Hydrapple|Hydrapple, M|100/100
|move|p1a: Ursaluna|Headlong Rush|p2a: Hydrapple
|-resisted|p2a: Hydrapple
|-crit|p2a: Hydrapple
|-damage|p2a: Hydrapple|55/100
|-unboost|p1a: Ursaluna|def|1
|-unboost|p1a: Ursaluna|spd|1
|
|-weather|Sandstorm|[upkeep]
|-damage|p2a: Hydrapple|49/100|[from] Sandstorm
|upkeep
|turn|18
|inactive|potayo has 120 seconds left.
|
|t:|1769368886
|switch|p1a: Hoopa|Hoopa-Unbound|75/100
|move|p2a: Hydrapple|Giga Drain|p1a: Hoopa
|-damage|p1a: Hoopa|57/100
|-heal|p2a: Hydrapple|57/100|[from] drain|[of] p1a: Hoopa
|
|-weather|Sandstorm|[upkeep]
|-damage|p2a: Hydrapple|51/100|[from] Sandstorm
|-damage|p1a: Hoopa|51/100|[from] Sandstorm
|upkeep
|turn|19
|inactive|potayo has 120 seconds left.
|
|t:|1769368901
|switch|p2a: Excadrill|Excadrill, F|52/100
|move|p1a: Hoopa|Hyperspace Fury|p2a: Excadrill
|-damage|p2a: Excadrill|0 fnt
|-unboost|p1a: Hoopa|def|1
|faint|p2a: Excadrill
|
|-weather|Sandstorm|[upkeep]
|-damage|p1a: Hoopa|45/100|[from] Sandstorm
|-enditem|p1a: Hoopa|Sitrus Berry|[eat]
|-heal|p1a: Hoopa|70/100|[from] item: Sitrus Berry
|-fieldend|move: Trick Room
|upkeep
|
|t:|1769368903
|switch|p2a: Tyranitar|Tyranitar, F|100/100
|turn|20
|
|t:|1769368916
|move|p1a: Hoopa|Hyperspace Fury|p2a: Tyranitar
|-resisted|p2a: Tyranitar
|-damage|p2a: Tyranitar|81/100
|-unboost|p1a: Hoopa|def|1
|-item|p1a: Hoopa|Smooth Rock|[from] ability: Magician|[of] p2a: Tyranitar
|move|p2a: Tyranitar|Thunder Wave|p1a: Hoopa
|-status|p1a: Hoopa|par
|
|-weather|Sandstorm|[upkeep]
|-damage|p1a: Hoopa|64/100 par|[from] Sandstorm
|upkeep
|turn|21
|
|t:|1769368924
|move|p2a: Tyranitar|Knock Off|p1a: Hoopa
|-damage|p1a: Hoopa|0 fnt
|-enditem|p1a: Hoopa|Smooth Rock|[from] move: Knock Off|[of] p2a: Tyranitar
|faint|p1a: Hoopa
|
|-weather|Sandstorm|[upkeep]
|upkeep
|inactive|potayo has 120 seconds left.
|
|t:|1769368942
|switch|p1a: Hatterene|Hatterene, F|100/100
|turn|22
|inactive|potayo has 120 seconds left.
|
|t:|1769368973
|move|p2a: Tyranitar|Knock Off|p1a: Hatterene
|-damage|p1a: Hatterene|64/100
|-enditem|p1a: Hatterene|Leftovers|[from] move: Knock Off|[of] p2a: Tyranitar
|move|p1a: Hatterene|Draining Kiss|p2a: Tyranitar
|-supereffective|p2a: Tyranitar
|-crit|p2a: Tyranitar
|-damage|p2a: Tyranitar|54/100
|-heal|p1a: Hatterene|90/100|[from] drain|[of] p2a: Tyranitar
|
|-weather|none
|upkeep
|turn|23
|
|t:|1769368979
|switch|p2a: Slowking|Slowking-Galar, M|100/100
|move|p1a: Hatterene|Draining Kiss|p2a: Slowking
|-resisted|p2a: Slowking
|-damage|p2a: Slowking|95/100
|-heal|p1a: Hatterene|95/100|[from] drain|[of] p2a: Slowking
|
|upkeep
|turn|24
|
|t:|1769368991
|move|p2a: Slowking|Ice Beam|p1a: Hatterene
|-damage|p1a: Hatterene|70/100
|-status|p1a: Hatterene|frz
|cant|p1a: Hatterene|frz
|
|upkeep
|turn|25
|
|t:|1769368998
|switch|p2a: Hydrapple|Hydrapple, M|84/100
|-curestatus|p1a: Hatterene|frz|[msg]
|move|p1a: Hatterene|Healing Wish|p1a: Hatterene
|faint|p1a: Hatterene
|
|upkeep
|
|t:|1769369000
|switch|p1a: Ursaluna|Ursaluna, M, tera:Ground|15/100
|-heal|p1a: Ursaluna|100/100|[from] move: Healing Wish
|turn|26
|inactive|potayo has 120 seconds left.
|
|t:|1769369006
|move|p1a: Ursaluna|Ice Punch|p2a: Hydrapple
|-supereffective|p2a: Hydrapple
|-damage|p2a: Hydrapple|13/100
|move|p2a: Hydrapple|Giga Drain|p1a: Ursaluna
|-supereffective|p1a: Ursaluna
|-crit|p1a: Ursaluna
|-damage|p1a: Ursaluna|15/100
|-heal|p2a: Hydrapple|62/100|[from] drain|[of] p1a: Ursaluna
|
|upkeep
|turn|27
|
|t:|1769369011
|switch|p2a: Zamazenta|Zamazenta|19/100
|move|p1a: Ursaluna|Ice Punch|p2a: Zamazenta
|-damage|p2a: Zamazenta|0 fnt
|faint|p2a: Zamazenta
|
|upkeep
|
|t:|1769369013
|switch|p2a: Hydrapple|Hydrapple, M|96/100
|turn|28
|
|t:|1769369023
|move|p1a: Ursaluna|Ice Punch|p2a: Hydrapple
|-supereffective|p2a: Hydrapple
|-damage|p2a: Hydrapple|27/100
|-status|p2a: Hydrapple|frz
|cant|p2a: Hydrapple|frz
|
|upkeep
|turn|29
|
|t:|1769369035
|move|p1a: Ursaluna|Earthquake|p2a: Hydrapple
|-resisted|p2a: Hydrapple
|-damage|p2a: Hydrapple|0 fnt
|faint|p2a: Hydrapple
|
|upkeep
|
|t:|1769369037
|switch|p2a: Tyranitar|Tyranitar, F|54/100
|-weather|Sandstorm|[from] ability: Sand Stream|[of] p2a: Tyranitar
|turn|30
|
|t:|1769369052
|switch|p1a: Pecharunt|Pecharunt|73/100
|move|p2a: Tyranitar|Ice Beam|p1a: Pecharunt
|-damage|p1a: Pecharunt|52/100
|
|-weather|Sandstorm|[upkeep]
|-damage|p1a: Pecharunt|46/100|[from] Sandstorm
|upkeep
|turn|31
|
|t:|1769369061
|move|p1a: Pecharunt|Recover|p1a: Pecharunt
|-heal|p1a: Pecharunt|96/100
|move|p2a: Tyranitar|Ice Beam|p1a: Pecharunt
|-damage|p1a: Pecharunt|74/100
|
|-weather|Sandstorm|[upkeep]
|-damage|p1a: Pecharunt|68/100|[from] Sandstorm
|upkeep
|turn|32
|
|t:|1769369073
|move|p1a: Pecharunt|Malignant Chain|p2a: Tyranitar
|-resisted|p2a: Tyranitar
|-damage|p2a: Tyranitar|47/100
|move|p2a: Tyranitar|Thunder Wave|p1a: Pecharunt
|-status|p1a: Pecharunt|par
|
|-weather|Sandstorm|[upkeep]
|-damage|p1a: Pecharunt|62/100 par|[from] Sandstorm
|upkeep
|turn|33
|
|t:|1769369083
|move|p2a: Tyranitar|Knock Off|p1a: Pecharunt
|-supereffective|p1a: Pecharunt
|-damage|p1a: Pecharunt|19/100 par
|-damage|p2a: Tyranitar|31/100|[from] item: Rocky Helmet|[of] p1a: Pecharunt
|-enditem|p1a: Pecharunt|Rocky Helmet|[from] move: Knock Off|[of] p2a: Tyranitar
|cant|p1a: Pecharunt|par
|
|-weather|Sandstorm|[upkeep]
|-damage|p1a: Pecharunt|13/100 par|[from] Sandstorm
|upkeep
|turn|34
|
|t:|1769369089
|move|p2a: Tyranitar|Knock Off|p1a: Pecharunt
|-supereffective|p1a: Pecharunt
|-damage|p1a: Pecharunt|0 fnt
|faint|p1a: Pecharunt
|
|-weather|none
|upkeep
|
|t:|1769369092
|switch|p1a: Reuniclus|Reuniclus, L50, F|100/100
|turn|35
|
|t:|1769369098
|-terastallize|p2a: Tyranitar|Flying
|move|p2a: Tyranitar|Knock Off|p1a: Reuniclus
|-supereffective|p1a: Reuniclus
|-enditem|p1a: Reuniclus|Focus Sash
|-damage|p1a: Reuniclus|1/100
|move|p1a: Reuniclus|Trick Room|p1a: Reuniclus
|-fieldstart|move: Trick Room|[of] p1a: Reuniclus
|
|upkeep
|turn|36
|
|t:|1769369124
|move|p1a: Reuniclus|Psychic Noise|p2a: Tyranitar
|-damage|p2a: Tyranitar|23/100
|-start|p2a: Tyranitar|move: Heal Block
|move|p2a: Tyranitar|Knock Off|p1a: Reuniclus
|-supereffective|p1a: Reuniclus
|-damage|p1a: Reuniclus|0 fnt
|faint|p1a: Reuniclus
|
|upkeep
|
|t:|1769369127
|switch|p1a: Ursaluna|Ursaluna, M, tera:Ground|15/100
|turn|37
|
|t:|1769369131
|move|p1a: Ursaluna|Ice Punch|p2a: Tyranitar
|-supereffective|p2a: Tyranitar
|-damage|p2a: Tyranitar|0 fnt
|faint|p2a: Tyranitar
|
|upkeep
|
|t:|1769369133
|switch|p2a: Slowking|Slowking-Galar, M|100/100
|turn|38
|
|t:|1769369134
|move|p2a: Slowking|Ice Beam|p1a: Ursaluna
|-supereffective|p1a: Ursaluna
|-damage|p1a: Ursaluna|0 fnt
|faint|p1a: Ursaluna
|
|win|CambridgeFoulPlay
|raw|potayo's rating: 1669 &rarr; <strong>1651</strong><br />(-18 for losing)
|raw|CambridgeFoulPlay's rating: 1696 &rarr; <strong>1714</strong><br />(+18 for winning)
|c|☆CambridgeFoulPlay|gg
|l|☆CambridgeFoulPlay
|player|p2|
|c|☆potayo|gg
|l|☆potayo
|player|p1|
