|j|☆rjmachine3
|j|☆shinmyou
|t:|1769437286
|gametype|singles
|player|p1|rjmachine3|harlequin|1259
|player|p2|shinmyou|dawn|1298
|gen|9
|tier|[Gen 9] OU
|rated|
|rule|HP Percentage Mod: HP is shown in percentages
|rule|Endless Battle Clause: Forcing endless battles is banned
|rule|Species Clause: Limit one of each Pokémon
|rule|OHKO Clause: OHKO moves are banned
|rule|Evasion Items Clause: Evasion items are banned
|rule|Evasion Moves Clause: Evasion moves are banned
|rule|Evasion Abilities Clause: Evasion abilities are banned
|rule|Sleep Moves Clause: Sleep-inducing moves are banned
|clearpoke
|poke|p1|Great Tusk|
|poke|p1|Ninetales-Alola, F|
|poke|p1|Cetitan, M|
|poke|p1|Lokix, M|
|poke|p1|Ceruledge, F|
|poke|p1|Slowking, F|
|poke|p2|Gholdengo|
|poke|p2|Ursaluna, M|
|poke|p2|Great Tusk|
|poke|p2|Ogerpon-Wellspring, F|
|poke|p2|Darkrai|
|poke|p2|Walking Wake|
|teampreview
|
|t:|1769437297
|teamsize|p1|6
|teamsize|p2|6
|start
|switch|p1a: Lokix|Lokix, M|100/100
|switch|p2a: Gholdengo|Gholdengo|100/100
|turn|1
|
|t:|1769437311
|-terastallize|p2a: Gholdengo|Fairy
|move|p2a: Gholdengo|Dazzling Gleam|p1a: Lokix
|-supereffective|p1a: Lokix
|-crit|p1a: Lokix
|-damage|p1a: Lokix|0 fnt
|faint|p1a: Lokix
|
|upkeep
|
|t:|1769437326
|switch|p1a: Ninetales|Ninetales-Alola, F|100/100
|-weather|Snowscape|[from] ability: Snow Warning|[of] p1a: Ninetales
|turn|2
|
|t:|1769437338
|move|p2a: Gholdengo|Dazzling Gleam|p1a: Ninetales
|-damage|p1a: Ninetales|53/100
|move|p1a: Ninetales|Aurora Veil|p1a: Ninetales
|-sidestart|p1: rjmachine3|move: Aurora Veil
|
|-weather|Snowscape|[upkeep]
|upkeep
|turn|3
|
|t:|1769437350
|move|p2a: Gholdengo|Dazzling Gleam|p1a: Ninetales
|-damage|p1a: Ninetales|27/100
|move|p1a: Ninetales|Blizzard|p2a: Gholdengo
|-crit|p2a: Gholdengo
|-damage|p2a: Gholdengo|28/100
|
|-weather|Snowscape|[upkeep]
|upkeep
|turn|4
|
|t:|1769437371
|move|p2a: Gholdengo|Dazzling Gleam|p1a: Ninetales
|-crit|p1a: Ninetales
|-damage|p1a: Ninetales|0 fnt
|faint|p1a: Ninetales
|
|-weather|Snowscape|[upkeep]
|upkeep
|
|t:|1769437378
|switch|p1a: Cetitan|Cetitan, M, shiny|100/100
|turn|5
|
|t:|1769437384
|move|p1a: Cetitan|Belly Drum|p1a: Cetitan
|-damage|p1a: Cetitan|50/100
|-setboost|p1a: Cetitan|atk|6|[from] move: Belly Drum
|-enditem|p1a: Cetitan|Sitrus Berry|[eat]
|-heal|p1a: Cetitan|75/100|[from] item: Sitrus Berry
|move|p2a: Gholdengo|Dazzling Gleam|p1a: Cetitan
|-damage|p1a: Cetitan|53/100
|
|-weather|Snowscape|[upkeep]
|upkeep
|turn|6
|
|t:|1769437396
|move|p1a: Cetitan|Earthquake|p2a: Gholdengo
|-damage|p2a: Gholdengo|0 fnt
|faint|p2a: Gholdengo
|
|-weather|none
|upkeep
|
|t:|1769437405
|switch|p2a: Great Tusk|Great Tusk|100/100
|-enditem|p2a: Great Tusk|Booster Energy
|-activate|p2a: Great Tusk|ability: Protosynthesis|[fromitem]
|-start|p2a: Great Tusk|protosynthesisatk
|turn|7
|inactive|Battle timer is ON: inactive players will automatically lose when time's up. (requested by shinmyou)
|
|t:|1769437427
|move|p1a: Cetitan|Ice Shard|p2a: Great Tusk
|-supereffective|p2a: Great Tusk
|-crit|p2a: Great Tusk
|-damage|p2a: Great Tusk|0 fnt
|faint|p2a: Great Tusk
|-end|p2a: Great Tusk|Protosynthesis|[silent]
|
|upkeep
|
|t:|1769437435
|switch|p2a: Walking Wake|Walking Wake|100/100
|-enditem|p2a: Walking Wake|Booster Energy
|-activate|p2a: Walking Wake|ability: Protosynthesis|[fromitem]
|-start|p2a: Walking Wake|protosynthesisspe
|turn|8
|
|t:|1769437448
|-terastallize|p1a: Cetitan|Water
|move|p2a: Walking Wake|Flamethrower|p1a: Cetitan
|-resisted|p1a: Cetitan
|-damage|p1a: Cetitan|43/100
|move|p1a: Cetitan|Icicle Crash|p2a: Walking Wake|[miss]
|-miss|p1a: Cetitan|p2a: Walking Wake
|
|upkeep
|turn|9
|
|t:|1769437462
|move|p2a: Walking Wake|Draco Meteor|p1a: Cetitan
|-damage|p1a: Cetitan|6/100
|-unboost|p2a: Walking Wake|spa|2
|move|p1a: Cetitan|Icicle Crash|p2a: Walking Wake
|-damage|p2a: Walking Wake|0 fnt
|faint|p2a: Walking Wake
|-end|p2a: Walking Wake|Protosynthesis|[silent]
|
|-sideend|p1: rjmachine3|move: Aurora Veil
|upkeep
|
|t:|1769437465
|switch|p2a: Darkrai|Darkrai|100/100
|turn|10
|
|t:|1769437474
|move|p1a: Cetitan|Ice Shard|p2a: Darkrai
|-damage|p2a: Darkrai|5/100
|move|p2a: Darkrai|Dark Pulse|p1a: Cetitan
|-damage|p1a: Cetitan|0 fnt
|faint|p1a: Cetitan
|
|upkeep
|
|t:|1769437482
|switch|p1a: Ceruledge|Ceruledge, F|100/100
|turn|11
|
|t:|1769437485
|move|p1a: Ceruledge|Shadow Sneak|p2a: Darkrai
|-resisted|p2a: Darkrai
|-damage|p2a: Darkrai|0 fnt
|faint|p2a: Darkrai
|-damage|p1a: Ceruledge|91/100|[from] item: Life Orb
|
|upkeep
|
|t:|1769437487
|switch|p2a: Ursaluna|Ursaluna, M|100/100
|turn|12
|
|t:|1769437505
|move|p1a: Ceruledge|Bitter Blade|p2a: Ursaluna
|-crit|p2a: Ursaluna
|-damage|p2a: Ursaluna|32/100
|-heal|p1a: Ceruledge|100/100|[from] drain|[of] p2a: Ursaluna
|-damage|p1a: Ceruledge|91/100|[from] item: Life Orb
|move|p2a: Ursaluna|Earthquake|p1a: Ceruledge
|-supereffective|p1a: Ceruledge
|-damage|p1a: Ceruledge|0 fnt
|faint|p1a: Ceruledge
|
|-status|p2a: Ursaluna|brn|[from] item: Flame Orb
|upkeep
|
|t:|1769437519
|switch|p1a: Great Tusk|Great Tusk|100/100
|turn|13
|
|t:|1769437528
|move|p1a: Great Tusk|Rapid Spin|p2a: Ursaluna
|-damage|p2a: Ursaluna|20/100 brn
|-boost|p1a: Great Tusk|spe|1
|move|p2a: Ursaluna|Facade|p1a: Great Tusk
|-damage|p1a: Great Tusk|23/100
|-damage|p2a: Ursaluna|3/100 brn|[from] item: Rocky Helmet|[of] p1a: Great Tusk
|
|-damage|p2a: Ursaluna|0 fnt|[from] brn
|faint|p2a: Ursaluna
|upkeep
|
|t:|1769437530
|switch|p2a: Ogerpon|Ogerpon-Wellspring, F|100/100
|turn|14
|
|t:|1769437545
|move|p1a: Great Tusk|Ice Spinner|p2a: Ogerpon
|-damage|p2a: Ogerpon|62/100
|move|p2a: Ogerpon|Horn Leech|p1a: Great Tusk
|-supereffective|p1a: Great Tusk
|-damage|p1a: Great Tusk|0 fnt
|-heal|p2a: Ogerpon|77/100|[from] drain|[of] p1a: Great Tusk
|-damage|p2a: Ogerpon|60/100|[from] item: Rocky Helmet|[of] p1a: Great Tusk
|faint|p1a: Great Tusk
|-end|p1a: Great Tusk|Protosynthesis|[silent]
|
|upkeep
|
|t:|1769437555
|switch|p1a: Slowking|Slowking, F|100/100
|turn|15
|
|t:|1769437561
|move|p2a: Ogerpon|Horn Leech|p1a: Slowking
|-supereffective|p1a: Slowking
|-damage|p1a: Slowking|27/100
|-heal|p2a: Ogerpon|100/100|[from] drain|[of] p1a: Slowking
|move|p1a: Slowking|Thunder Wave|p2a: Ogerpon
|-status|p2a: Ogerpon|par
|
|upkeep
|turn|16
|-message|rjmachine3 forfeited.
|
|win|shinmyou
|raw|rjmachine3's rating: 1259 &rarr; <strong>1237</strong><br />(-22 for losing)
|raw|shinmyou's rating: 1298 &rarr; <strong>1320</strong><br />(+22 for winning)
|l|☆rjmachine3
|player|p1|
|l|☆shinmyou
|player|p2|
