|j|☆Ryan Cowtinho
|j|☆suprya
|t:|1769371288
|gametype|singles
|player|p1|Ryan Cowtinho|2|1591
|player|p2|suprya|wattson|1609
|gen|9
|tier|[Gen 9] OU
|rated|
|rule|HP Percentage Mod: HP is shown in percentages
|rule|Endless Battle Clause: Forcing endless battles is banned
|rule|Species Clause: Limit one of each Pokémon
|rule|OHKO Clause: OHKO moves are banned
|rule|Evasion Items Clause: Evasion items are banned
|rule|Evasion Moves Clause: Evasion moves are banned
|rule|Evasion Abilities Clause: Evasion abilities are banned
|rule|Sleep Moves Clause: Sleep-inducing moves are banned
|clearpoke
|poke|p1|Tyranitar, F|
|poke|p1|Excadrill, M|
|poke|p1|Ogerpon-Wellspring, F|
|poke|p1|Pecharunt|
|poke|p1|Skarmory, M|
|poke|p1|Zamazenta-*|
|poke|p2|Sandaconda, F|
|poke|p2|Excadrill, F|
|poke|p2|Heatran, F|
|poke|p2|Enamorus-Therian, F|
|poke|p2|Raging Bolt|
|poke|p2|Meowscarada, M|
|teampreview
|inactive|Battle timer is ON: inactive players will automatically lose when time's up. (requested by suprya)
|
|t:|1769371295
|teamsize|p1|6
|teamsize|p2|6
|start
|switch|p1a: Tyranitar|Tyranitar, F|100/100
|switch|p2a: Raging Bolt|Raging Bolt|100/100
|-weather|Sandstorm|[from] ability: Sand Stream|[of] p1a: Tyranitar
|turn|1
|
|t:|1769371301
|move|p2a: Raging Bolt|Calm Mind|p2a: Raging Bolt
|-boost|p2a: Raging Bolt|spa|1
|-boost|p2a: Raging Bolt|spd|1
|move|p1a: Tyranitar|Stealth Rock|p2a: Raging Bolt
|-sidestart|p2: suprya|move: Stealth Rock
|
|-weather|Sandstorm|[upkeep]
|-damage|p2a: Raging Bolt|94/100|[from] Sandstorm
|-heal|p2a: Raging Bolt|100/100|[from] item: Leftovers
|upkeep
|turn|2
|
|t:|1769371305
|switch|p1a: Excadrill|Excadrill, M|100/100
|-item|p1a: Excadrill|Air Balloon
|move|p2a: Raging Bolt|Dragon Pulse|p1a: Excadrill
|-resisted|p1a: Excadrill
|-damage|p1a: Excadrill|48/100
|-enditem|p1a: Excadrill|Air Balloon
|
|-weather|Sandstorm|[upkeep]
|-damage|p2a: Raging Bolt|94/100|[from] Sandstorm
|-heal|p2a: Raging Bolt|100/100|[from] item: Leftovers
|upkeep
|turn|3
|
|t:|1769371317
|-terastallize|p2a: Raging Bolt|Bug
|move|p1a: Excadrill|Iron Head|p2a: Raging Bolt
|-damage|p2a: Raging Bolt|60/100
|move|p2a: Raging Bolt|Dragon Pulse|p1a: Excadrill
|-resisted|p1a: Excadrill
|-damage|p1a: Excadrill|0 fnt
|faint|p1a: Excadrill
|
|-weather|Sandstorm|[upkeep]
|-damage|p2a: Raging Bolt|54/100|[from] Sandstorm
|-heal|p2a: Raging Bolt|60/100|[from] item: Leftovers
|upkeep
|
|t:|1769371323
|switch|p1a: Zamazenta|Zamazenta|100/100
|-ability|p1a: Zamazenta|Dauntless Shield|boost
|-boost|p1a: Zamazenta|def|1
|turn|4
|
|t:|1769371337
|move|p1a: Zamazenta|Stone Edge|p2a: Raging Bolt
|-supereffective|p2a: Raging Bolt
|-damage|p2a: Raging Bolt|6/100
|move|p2a: Raging Bolt|Thunderbolt|p1a: Zamazenta
|-damage|p1a: Zamazenta|28/100
|
|-weather|Sandstorm|[upkeep]
|-damage|p1a: Zamazenta|21/100|[from] Sandstorm
|-damage|p2a: Raging Bolt|0 fnt|[from] Sandstorm
|faint|p2a: Raging Bolt
|-end|p2a: Raging Bolt|Protosynthesis|[silent]
|upkeep
|
|t:|1769371351
|switch|p2a: Excadrill|Excadrill, F|100/100
|-damage|p2a: Excadrill|97/100|[from] Stealth Rock
|turn|5
|
|t:|1769371358
|switch|p1a: Skarmory|Skarmory, M|100/100
|move|p2a: Excadrill|Earthquake|p1a: Skarmory
|-immune|p1a: Skarmory
|
|-weather|Sandstorm|[upkeep]
|upkeep
|turn|6
|
|t:|1769371362
|move|p2a: Excadrill|Rapid Spin|p1a: Skarmory
|-resisted|p1a: Skarmory
|-damage|p1a: Skarmory|94/100
|-boost|p2a: Excadrill|spe|1
|-damage|p2a: Excadrill|81/100|[from] item: Rocky Helmet|[of] p1a: Skarmory
|-sideend|p2: suprya|Stealth Rock|[from] move: Rapid Spin|[of] p2a: Excadrill
|move|p1a: Skarmory|Body Press|p2a: Excadrill
|-supereffective|p2a: Excadrill
|-damage|p2a: Excadrill|0 fnt
|faint|p2a: Excadrill
|
|-weather|Sandstorm|[upkeep]
|upkeep
|
|t:|1769371364
|switch|p2a: Heatran|Heatran, F|100/100
|turn|7
|
|t:|1769371367
|switch|p1a: Tyranitar|Tyranitar, F|100/100
|move|p2a: Heatran|Will-O-Wisp|p1a: Tyranitar|[miss]
|-miss|p2a: Heatran|p1a: Tyranitar
|
|-weather|Sandstorm|[upkeep]
|upkeep
|turn|8
|
|t:|1769371371
|move|p2a: Heatran|Will-O-Wisp|p1a: Tyranitar
|-status|p1a: Tyranitar|brn
|move|p1a: Tyranitar|Knock Off|p2a: Heatran
|-damage|p2a: Heatran|82/100
|-enditem|p2a: Heatran|Leftovers|[from] move: Knock Off|[of] p1a: Tyranitar
|
|-weather|none
|-damage|p1a: Tyranitar|94/100 brn|[from] brn
|upkeep
|turn|9
|
|t:|1769371376
|move|p2a: Heatran|Magma Storm|p1a: Tyranitar
|-resisted|p1a: Tyranitar
|-damage|p1a: Tyranitar|81/100 brn
|-activate|p1a: Tyranitar|move: Magma Storm|[of] p2a: Heatran
|move|p1a: Tyranitar|Stealth Rock|p2a: Heatran
|-sidestart|p2: suprya|move: Stealth Rock
|
|-damage|p1a: Tyranitar|75/100 brn|[from] brn
|-damage|p1a: Tyranitar|62/100 brn|[from] move: Magma Storm|[partiallytrapped]
|upkeep
|turn|10
|
|t:|1769371388
|move|p2a: Heatran|Earth Power|p1a: Tyranitar
|-supereffective|p1a: Tyranitar
|-damage|p1a: Tyranitar|33/100 brn
|move|p1a: Tyranitar|Low Kick|p2a: Heatran
|-supereffective|p2a: Heatran
|-damage|p2a: Heatran|52/100
|
|-damage|p1a: Tyranitar|26/100 brn|[from] brn
|-damage|p1a: Tyranitar|14/100 brn|[from] move: Magma Storm|[partiallytrapped]
|upkeep
|turn|11
|
|t:|1769371393
|switch|p2a: Enamorus|Enamorus-Therian, F|100/100
|move|p1a: Tyranitar|Low Kick|p2a: Enamorus
|-resisted|p2a: Enamorus
|-damage|p2a: Enamorus|99/100
|
|-damage|p1a: Tyranitar|8/100 brn|[from] brn
|-end|p1a: Tyranitar|Magma Storm|[partiallytrapped]|[silent]
|upkeep
|turn|12
|
|t:|1769371397
|switch|p1a: Pecharunt|Pecharunt|100/100
|move|p2a: Enamorus|Calm Mind|p2a: Enamorus
|-boost|p2a: Enamorus|spa|1
|-boost|p2a: Enamorus|spd|1
|
|upkeep
|turn|13
|
|t:|1769371400
|move|p1a: Pecharunt|Malignant Chain|p2a: Enamorus
|-supereffective|p2a: Enamorus
|-damage|p2a: Enamorus|57/100
|move|p2a: Enamorus|Earth Power|p1a: Pecharunt
|-supereffective|p1a: Pecharunt
|-damage|p1a: Pecharunt|13/100
|
|upkeep
|turn|14
|
|t:|1769371412
|move|p1a: Pecharunt|Malignant Chain|p2a: Enamorus
|-supereffective|p2a: Enamorus
|-damage|p2a: Enamorus|19/100
|-status|p2a: Enamorus|tox
|-start|p2a: Enamorus|confusion|[from] ability: Poison Puppeteer|[of] p1a: Pecharunt
|-activate|p2a: Enamorus|confusion
|move|p2a: Enamorus|Draining Kiss|p1a: Pecharunt
|-resisted|p1a: Pecharunt
|-damage|p1a: Pecharunt|0 fnt
|-heal|p2a: Enamorus|30/100 tox|[from] drain|[of] p1a: Pecharunt
|faint|p1a: Pecharunt
|
|-damage|p2a: Enamorus|24/100 tox|[from] psn
|upkeep
|
|t:|1769371420
|switch|p1a: Ogerpon|Ogerpon-Wellspring, F|100/100
|turn|15
|
|t:|1769371423
|move|p1a: Ogerpon|Ivy Cudgel|p2a: Enamorus|[anim] Ivy Cudgel Water
|-damage|p2a: Enamorus|0 fnt
|faint|p2a: Enamorus
|
|upkeep
|
|t:|1769371425
|switch|p2a: Meowscarada|Meowscarada, M|100/100
|-damage|p2a: Meowscarada|88/100|[from] Stealth Rock
|turn|16
|
|t:|1769371433
|switch|p1a: Tyranitar|Tyranitar, F|8/100 brn
|-weather|Sandstorm|[from] ability: Sand Stream|[of] p1a: Tyranitar
|move|p2a: Meowscarada|Knock Off|p1a: Tyranitar
|-start|p2a: Meowscarada|typechange|Dark|[from] ability: Protean
|-resisted|p1a: Tyranitar
|-damage|p1a: Tyranitar|0 fnt
|-enditem|p1a: Tyranitar|Smooth Rock|[from] move: Knock Off|[of] p2a: Meowscarada
|faint|p1a: Tyranitar
|
|-weather|Sandstorm|[upkeep]
|-damage|p2a: Meowscarada|82/100|[from] Sandstorm
|upkeep
|
|t:|1769371435
|switch|p1a: Skarmory|Skarmory, M|94/100
|turn|17
|
|t:|1769371438
|switch|p2a: Sandaconda|Sandaconda, F|100/100
|-damage|p2a: Sandaconda|94/100|[from] Stealth Rock
|move|p1a: Skarmory|Body Press|p2a: Sandaconda
|-damage|p2a: Sandaconda|75/100
|
|-weather|Sandstorm|[upkeep]
|upkeep
|turn|18
|
|t:|1769371440
|move|p1a: Skarmory|Iron Defense|p1a: Skarmory
|-boost|p1a: Skarmory|def|2
|move|p2a: Sandaconda|Glare|p1a: Skarmory
|-status|p1a: Skarmory|par
|
|-weather|Sandstorm|[upkeep]
|upkeep
|turn|19
|
|t:|1769371446
|move|p2a: Sandaconda|Stealth Rock|p1a: Skarmory
|-sidestart|p1: Ryan Cowtinho|move: Stealth Rock
|move|p1a: Skarmory|Iron Defense|p1a: Skarmory
|-boost|p1a: Skarmory|def|2
|
|-weather|Sandstorm|[upkeep]
|upkeep
|turn|20
|
|t:|1769371450
|move|p2a: Sandaconda|Stone Edge|p1a: Skarmory|[miss]
|-miss|p2a: Sandaconda|p1a: Skarmory
|move|p1a: Skarmory|Iron Defense|p1a: Skarmory
|-boost|p1a: Skarmory|def|2
|
|-weather|Sandstorm|[upkeep]
|upkeep
|turn|21
|
|t:|1769371453
|move|p2a: Sandaconda|Stone Edge|p1a: Skarmory|[miss]
|-miss|p2a: Sandaconda|p1a: Skarmory
|move|p1a: Skarmory|Body Press|p2a: Sandaconda
|-damage|p2a: Sandaconda|0 fnt
|faint|p2a: Sandaconda
|
|-weather|Sandstorm|[upkeep]
|upkeep
|
|t:|1769371455
|switch|p2a: Heatran|Heatran, F|52/100
|-damage|p2a: Heatran|40/100|[from] Stealth Rock
|turn|22
|
|t:|1769371461
|-terastallize|p1a: Skarmory|Dragon
|move|p2a: Heatran|Magma Storm|p1a: Skarmory
|-resisted|p1a: Skarmory
|-damage|p1a: Skarmory|63/100 par
|-activate|p1a: Skarmory|move: Magma Storm|[of] p2a: Heatran
|move|p1a: Skarmory|Body Press|p2a: Heatran
|-supereffective|p2a: Heatran
|-damage|p2a: Heatran|0 fnt
|faint|p2a: Heatran
|
|-weather|Sandstorm|[upkeep]
|-damage|p1a: Skarmory|57/100 par|[from] Sandstorm
|-end|p1a: Skarmory|Magma Storm|[partiallytrapped]|[silent]
|upkeep
|
|t:|1769371465
|switch|p2a: Meowscarada|Meowscarada, M|82/100
|-damage|p2a: Meowscarada|70/100|[from] Stealth Rock
|turn|23
|
|t:|1769371468
|move|p2a: Meowscarada|Triple Axel|p1a: Skarmory
|-start|p2a: Meowscarada|typechange|Ice|[from] ability: Protean
|-supereffective|p1a: Skarmory
|-damage|p1a: Skarmory|51/100 par
|-damage|p2a: Meowscarada|53/100|[from] item: Rocky Helmet|[of] p1a: Skarmory
|-supereffective|p1a: Skarmory
|-damage|p1a: Skarmory|41/100 par
|-damage|p2a: Meowscarada|37/100|[from] item: Rocky Helmet|[of] p1a: Skarmory
|-supereffective|p1a: Skarmory
|-damage|p1a: Skarmory|28/100 par
|-damage|p2a: Meowscarada|21/100|[from] item: Rocky Helmet|[of] p1a: Skarmory
|-hitcount|p1a: Skarmory|3
|move|p1a: Skarmory|Roost|p1a: Skarmory
|-heal|p1a: Skarmory|78/100 par
|
|-weather|none
|upkeep
|turn|24
|-message|suprya forfeited.
|
|win|Ryan Cowtinho
|raw|Ryan Cowtinho's rating: 1591 &rarr; <strong>1612</strong><br />(+21 for winning)
|raw|suprya's rating: 1609 &rarr; <strong>1588</strong><br />(-21 for losing)
|l|☆suprya
|player|p2|
|l|☆Ryan Cowtinho
|player|p1|
