|j|☆Chaincrush
|j|☆beztgan
|t:|1769343358
|gametype|singles
|player|p1|Chaincrush|265|1358
|player|p2|beztgan|1|1314
|gen|9
|tier|[Gen 9] OU
|rated|
|rule|HP Percentage Mod: HP is shown in percentages
|rule|Endless Battle Clause: Forcing endless battles is banned
|rule|Species Clause: Limit one of each Pokémon
|rule|OHKO Clause: OHKO moves are banned
|rule|Evasion Items Clause: Evasion items are banned
|rule|Evasion Moves Clause: Evasion moves are banned
|rule|Evasion Abilities Clause: Evasion abilities are banned
|rule|Sleep Moves Clause: Sleep-inducing moves are banned
|clearpoke
|poke|p1|Blaziken, M|
|poke|p1|Gliscor, F|
|poke|p1|Lokix, F|
|poke|p1|Slowking-Galar, F|
|poke|p1|Palossand, M|
|poke|p1|Blissey, F|
|poke|p2|Darkrai|
|poke|p2|Great Tusk|
|poke|p2|Ogerpon-Wellspring, F|
|poke|p2|Gholdengo|
|poke|p2|Dragonite, M|
|poke|p2|Ting-Lu|
|teampreview
|inactive|Battle timer is ON: inactive players will automatically lose when time's up. (requested by Chaincrush)
|
|t:|1769343371
|teamsize|p1|6
|teamsize|p2|6
|start
|switch|p1a: Irresistible|Lokix, F|100/100
|switch|p2a: Great Tusk|Great Tusk|100/100
|turn|1
|
|t:|1769343384
|move|p2a: Great Tusk|Stealth Rock|p1a: Irresistible
|-sidestart|p1: Chaincrush|move: Stealth Rock
|move|p1a: Irresistible|Knock Off|p2a: Great Tusk
|-resisted|p2a: Great Tusk
|-damage|p2a: Great Tusk|45/100
|-enditem|p2a: Great Tusk|Heavy-Duty Boots|[from] move: Knock Off|[of] p1a: Irresistible
|
|upkeep
|turn|2
|
|t:|1769343392
|switch|p1a: Chippy|Palossand, M|100/100
|-damage|p1a: Chippy|94/100|[from] Stealth Rock
|move|p2a: Great Tusk|Rapid Spin|p1a: Chippy
|-immune|p1a: Chippy
|
|-heal|p1a: Chippy|100/100|[from] item: Leftovers
|upkeep
|turn|3
|
|t:|1769343400
|-end|p2a: Great Tusk|Protosynthesis|[silent]
|switch|p2a: Ting-Lu|Ting-Lu|100/100
|-ability|p2a: Ting-Lu|Vessel of Ruin
|move|p1a: Chippy|Stealth Rock|p2a: Ting-Lu
|-sidestart|p2: beztgan|move: Stealth Rock
|
|upkeep
|turn|4
|
|t:|1769343406
|switch|p1a: Toxic Core|Gliscor, F|100/100
|-damage|p1a: Toxic Core|88/100|[from] Stealth Rock
|move|p2a: Ting-Lu|Spikes|p1a: Toxic Core
|-sidestart|p1: Chaincrush|Spikes
|
|-status|p1a: Toxic Core|tox|[from] item: Toxic Orb
|upkeep
|turn|5
|
|t:|1769343411
|switch|p2a: Gholdengo|Gholdengo|100/100
|-damage|p2a: Gholdengo|94/100|[from] Stealth Rock
|-item|p2a: Gholdengo|Air Balloon
|move|p1a: Toxic Core|Toxic|p2a: Gholdengo
|-immune|p2a: Gholdengo|[from] ability: Good as Gold
|
|-heal|p1a: Toxic Core|100/100 tox|[from] ability: Poison Heal
|upkeep
|turn|6
|
|t:|1769343418
|switch|p1a: Sleepy Time|Blissey, F|100/100
|move|p2a: Gholdengo|Nasty Plot|p2a: Gholdengo
|-boost|p2a: Gholdengo|spa|2
|
|upkeep
|turn|7
|
|t:|1769343425
|switch|p2a: Ting-Lu|Ting-Lu|100/100
|-damage|p2a: Ting-Lu|94/100|[from] Stealth Rock
|-ability|p2a: Ting-Lu|Vessel of Ruin
|move|p1a: Sleepy Time|Shadow Ball|p2a: Ting-Lu
|-resisted|p2a: Ting-Lu
|-damage|p2a: Ting-Lu|90/100
|
|-heal|p2a: Ting-Lu|96/100|[from] item: Leftovers
|upkeep
|turn|8
|
|t:|1769343434
|switch|p1a: Toxic Core|Gliscor, F|100/100 tox
|-damage|p1a: Toxic Core|88/100 tox|[from] Stealth Rock
|move|p2a: Ting-Lu|Ruination|p1a: Toxic Core
|-damage|p1a: Toxic Core|44/100 tox
|
|-heal|p2a: Ting-Lu|100/100|[from] item: Leftovers
|-heal|p1a: Toxic Core|57/100 tox|[from] ability: Poison Heal
|upkeep
|turn|9
|
|t:|1769343442
|switch|p2a: Gholdengo|Gholdengo|94/100
|-damage|p2a: Gholdengo|88/100|[from] Stealth Rock
|-item|p2a: Gholdengo|Air Balloon
|move|p1a: Toxic Core|Spikes|p2a: Gholdengo
|-sidestart|p2: beztgan|Spikes
|
|-heal|p1a: Toxic Core|69/100 tox|[from] ability: Poison Heal
|upkeep
|turn|10
|
|t:|1769343451
|switch|p1a: Sleepy Time|Blissey, F|100/100
|move|p2a: Gholdengo|Dazzling Gleam|p1a: Sleepy Time
|-damage|p1a: Sleepy Time|91/100
|
|upkeep
|turn|11
|
|t:|1769343460
|switch|p2a: Ting-Lu|Ting-Lu|100/100
|-damage|p2a: Ting-Lu|94/100|[from] Stealth Rock
|-damage|p2a: Ting-Lu|82/100|[from] Spikes
|-ability|p2a: Ting-Lu|Vessel of Ruin
|move|p1a: Sleepy Time|Seismic Toss|p2a: Ting-Lu
|-damage|p2a: Ting-Lu|62/100
|
|-heal|p2a: Ting-Lu|69/100|[from] item: Leftovers
|upkeep
|turn|12
|
|t:|1769343469
|switch|p1a: Toxic Core|Gliscor, F|69/100 tox
|-damage|p1a: Toxic Core|57/100 tox|[from] Stealth Rock
|move|p2a: Ting-Lu|Whirlwind|p1a: Toxic Core
|drag|p1a: End Flame|Blaziken, M|100/100
|-damage|p1a: End Flame|88/100|[from] Stealth Rock
|-damage|p1a: End Flame|75/100|[from] Spikes
|
|-heal|p1a: End Flame|82/100|[from] item: Leftovers
|-heal|p2a: Ting-Lu|75/100|[from] item: Leftovers
|upkeep
|turn|13
|
|t:|1769343481
|switch|p2a: Dragonite|Dragonite, M|100/100
|move|p1a: End Flame|Close Combat|p2a: Dragonite
|-resisted|p2a: Dragonite
|-damage|p2a: Dragonite|85/100
|-unboost|p1a: End Flame|def|1
|-unboost|p1a: End Flame|spd|1
|
|-heal|p1a: End Flame|88/100|[from] item: Leftovers
|-ability|p1a: End Flame|Speed Boost|boost
|-boost|p1a: End Flame|spe|1
|upkeep
|turn|14
|
|t:|1769343489
|switch|p1a: Freezing Dawn|Slowking-Galar, F|100/100
|move|p2a: Dragonite|Dragon Tail|p1a: Freezing Dawn
|-damage|p1a: Freezing Dawn|64/100
|drag|p1a: Sleepy Time|Blissey, F|91/100
|
|upkeep
|turn|15
|
|t:|1769343500
|switch|p2a: Gholdengo|Gholdengo|88/100
|-damage|p2a: Gholdengo|82/100|[from] Stealth Rock
|-item|p2a: Gholdengo|Air Balloon
|switch|p1a: Toxic Core|Gliscor, F|57/100 tox
|-damage|p1a: Toxic Core|44/100 tox|[from] Stealth Rock
|
|-heal|p1a: Toxic Core|57/100 tox|[from] ability: Poison Heal
|upkeep
|turn|16
|
|t:|1769343508
|switch|p1a: Sleepy Time|Blissey, F|91/100
|switch|p2a: Ting-Lu|Ting-Lu|75/100
|-damage|p2a: Ting-Lu|69/100|[from] Stealth Rock
|-damage|p2a: Ting-Lu|56/100|[from] Spikes
|-ability|p2a: Ting-Lu|Vessel of Ruin
|
|-heal|p2a: Ting-Lu|62/100|[from] item: Leftovers
|upkeep
|turn|17
|
|t:|1769343520
|switch|p1a: Toxic Core|Gliscor, F|57/100 tox
|-damage|p1a: Toxic Core|44/100 tox|[from] Stealth Rock
|move|p2a: Ting-Lu|Whirlwind|p1a: Toxic Core
|drag|p1a: Chippy|Palossand, M|100/100
|-damage|p1a: Chippy|94/100|[from] Stealth Rock
|-damage|p1a: Chippy|82/100|[from] Spikes
|
|-heal|p2a: Ting-Lu|69/100|[from] item: Leftovers
|-heal|p1a: Chippy|88/100|[from] item: Leftovers
|upkeep
|turn|18
|
|t:|1769343531
|move|p2a: Ting-Lu|Spikes|p1a: Chippy
|-sidestart|p1: Chaincrush|Spikes
|move|p1a: Chippy|Scorching Sands|p2a: Ting-Lu
|-damage|p2a: Ting-Lu|59/100
|-status|p2a: Ting-Lu|brn
|
|-heal|p2a: Ting-Lu|65/100 brn|[from] item: Leftovers
|-heal|p1a: Chippy|94/100|[from] item: Leftovers
|-damage|p2a: Ting-Lu|59/100 brn|[from] brn
|upkeep
|turn|19
|
|t:|1769343541
|switch|p1a: Freezing Dawn|Slowking-Galar, F|98/100
|move|p2a: Ting-Lu|Whirlwind|p1a: Freezing Dawn
|drag|p1a: Sleepy Time|Blissey, F|91/100
|
|-heal|p2a: Ting-Lu|65/100 brn|[from] item: Leftovers
|-damage|p2a: Ting-Lu|59/100 brn|[from] brn
|upkeep
|turn|20
|
|t:|1769343548
|switch|p1a: Freezing Dawn|Slowking-Galar, F|100/100
|move|p2a: Ting-Lu|Spikes|p1a: Freezing Dawn
|-sidestart|p1: Chaincrush|Spikes
|
|-heal|p2a: Ting-Lu|65/100 brn|[from] item: Leftovers
|-damage|p2a: Ting-Lu|59/100 brn|[from] brn
|upkeep
|turn|21
|
|t:|1769343552
|move|p2a: Ting-Lu|Ruination|p1a: Freezing Dawn
|-damage|p1a: Freezing Dawn|50/100
|move|p1a: Freezing Dawn|Toxic Spikes|p2a: Ting-Lu
|-sidestart|p2: beztgan|move: Toxic Spikes
|
|-heal|p2a: Ting-Lu|65/100 brn|[from] item: Leftovers
|-damage|p2a: Ting-Lu|59/100 brn|[from] brn
|upkeep
|turn|22
|
|t:|1769343556
|move|p1a: Freezing Dawn|Toxic Spikes|p2a: Ting-Lu
|-sidestart|p2: beztgan|move: Toxic Spikes
|move|p2a: Ting-Lu|Whirlwind|p1a: Freezing Dawn
|drag|p1a: Chippy|Palossand, M|94/100
|-damage|p1a: Chippy|88/100|[from] Stealth Rock
|-damage|p1a: Chippy|63/100|[from] Spikes
|
|-heal|p2a: Ting-Lu|65/100 brn|[from] item: Leftovers
|-heal|p1a: Chippy|69/100|[from] item: Leftovers
|-damage|p2a: Ting-Lu|59/100 brn|[from] brn
|upkeep
|turn|23
|
|t:|1769343562
|move|p1a: Chippy|Shore Up|p1a: Chippy
|-heal|p1a: Chippy|100/100
|move|p2a: Ting-Lu|Whirlwind|p1a: Chippy
|drag|p1a: Toxic Core|Gliscor, F|44/100 tox
|-damage|p1a: Toxic Core|32/100 tox|[from] Stealth Rock
|
|-heal|p2a: Ting-Lu|65/100 brn|[from] item: Leftovers
|-heal|p1a: Toxic Core|44/100 tox|[from] ability: Poison Heal
|-damage|p2a: Ting-Lu|59/100 brn|[from] brn
|upkeep
|turn|24
|
|t:|1769343570
|move|p1a: Toxic Core|Spikes|p2a: Ting-Lu
|-sidestart|p2: beztgan|Spikes
|move|p2a: Ting-Lu|Whirlwind|p1a: Toxic Core
|drag|p1a: Freezing Dawn|Slowking-Galar, F|84/100
|
|-heal|p2a: Ting-Lu|65/100 brn|[from] item: Leftovers
|-damage|p2a: Ting-Lu|59/100 brn|[from] brn
|upkeep
|turn|25
|
|t:|1769343579
|move|p1a: Freezing Dawn|Ice Beam|p2a: Ting-Lu
|-supereffective|p2a: Ting-Lu
|-damage|p2a: Ting-Lu|40/100 brn
|move|p2a: Ting-Lu|Whirlwind|p1a: Freezing Dawn
|drag|p1a: Sleepy Time|Blissey, F|91/100
|
|-heal|p2a: Ting-Lu|46/100 brn|[from] item: Leftovers
|-damage|p2a: Ting-Lu|40/100 brn|[from] brn
|upkeep
|turn|26
|
|t:|1769343587
|move|p1a: Sleepy Time|Seismic Toss|p2a: Ting-Lu
|-damage|p2a: Ting-Lu|20/100 brn
|move|p2a: Ting-Lu|Whirlwind|p1a: Sleepy Time
|drag|p1a: Toxic Core|Gliscor, F|44/100 tox
|-damage|p1a: Toxic Core|32/100 tox|[from] Stealth Rock
|
|-heal|p2a: Ting-Lu|26/100 brn|[from] item: Leftovers
|-heal|p1a: Toxic Core|44/100 tox|[from] ability: Poison Heal
|-damage|p2a: Ting-Lu|20/100 brn|[from] brn
|upkeep
|turn|27
|
|t:|1769343594
|move|p1a: Toxic Core|Spikes|p2a: Ting-Lu
|-sidestart|p2: beztgan|Spikes
|move|p2a: Ting-Lu|Whirlwind|p1a: Toxic Core
|drag|p1a: Freezing Dawn|Slowking-Galar, F|100/100
|
|-heal|p2a: Ting-Lu|26/100 brn|[from] item: Leftovers
|-damage|p2a: Ting-Lu|20/100 brn|[from] brn
|upkeep
|turn|28
|c|☆Chaincrush|lol
|c|☆Chaincrush|no luck eh
|
|t:|1769343607
|move|p1a: Freezing Dawn|Ice Beam|p2a: Ting-Lu
|-supereffective|p2a: Ting-Lu
|-damage|p2a: Ting-Lu|2/100 brn
|move|p2a: Ting-Lu|Whirlwind|p1a: Freezing Dawn
|drag|p1a: Chippy|Palossand, M|100/100
|-damage|p1a: Chippy|94/100|[from] Stealth Rock
|-damage|p1a: Chippy|69/100|[from] Spikes
|
|-heal|p2a: Ting-Lu|8/100 brn|[from] item: Leftovers
|-heal|p1a: Chippy|76/100|[from] item: Leftovers
|-damage|p2a: Ting-Lu|2/100 brn|[from] brn
|upkeep
|turn|29
|
|t:|1769343614
|move|p2a: Ting-Lu|Ruination|p1a: Chippy
|-damage|p1a: Chippy|38/100
|move|p1a: Chippy|Shore Up|p1a: Chippy
|-heal|p1a: Chippy|88/100
|
|-heal|p2a: Ting-Lu|8/100 brn|[from] item: Leftovers
|-heal|p1a: Chippy|94/100|[from] item: Leftovers
|-damage|p2a: Ting-Lu|2/100 brn|[from] brn
|upkeep
|turn|30
|
|t:|1769343623
|switch|p1a: Toxic Core|Gliscor, F|44/100 tox
|-damage|p1a: Toxic Core|32/100 tox|[from] Stealth Rock
|move|p2a: Ting-Lu|Ruination|p1a: Toxic Core
|-damage|p1a: Toxic Core|16/100 tox
|
|-heal|p2a: Ting-Lu|8/100 brn|[from] item: Leftovers
|-heal|p1a: Toxic Core|29/100 tox|[from] ability: Poison Heal
|-damage|p2a: Ting-Lu|2/100 brn|[from] brn
|upkeep
|turn|31
|
|t:|1769343630
|move|p1a: Toxic Core|Earthquake|p2a: Ting-Lu
|-damage|p2a: Ting-Lu|0 fnt
|faint|p2a: Ting-Lu
|
|-heal|p1a: Toxic Core|41/100 tox|[from] ability: Poison Heal
|upkeep
|
|t:|1769343639
|switch|p2a: Gholdengo|Gholdengo|82/100
|-damage|p2a: Gholdengo|76/100|[from] Stealth Rock
|-item|p2a: Gholdengo|Air Balloon
|turn|32
|
|t:|1769343644
|switch|p1a: Sleepy Time|Blissey, F|91/100
|switch|p2a: Ogerpon|Ogerpon-Wellspring, F|100/100
|-damage|p2a: Ogerpon|88/100|[from] Stealth Rock
|-damage|p2a: Ogerpon|63/100|[from] Spikes
|-status|p2a: Ogerpon|tox
|
|-damage|p2a: Ogerpon|57/100 tox|[from] psn
|upkeep
|turn|33
|
|t:|1769343654
|switch|p1a: Freezing Dawn|Slowking-Galar, F|100/100
|move|p2a: Ogerpon|Knock Off|p1a: Freezing Dawn
|-supereffective|p1a: Freezing Dawn
|-damage|p1a: Freezing Dawn|32/100
|-enditem|p1a: Freezing Dawn|Heavy-Duty Boots|[from] move: Knock Off|[of] p2a: Ogerpon
|
|-damage|p2a: Ogerpon|45/100 tox|[from] psn
|upkeep
|turn|34
|
|t:|1769343661
|move|p2a: Ogerpon|Knock Off|p1a: Freezing Dawn
|-supereffective|p1a: Freezing Dawn
|-damage|p1a: Freezing Dawn|0 fnt
|faint|p1a: Freezing Dawn
|
|-damage|p2a: Ogerpon|27/100 tox|[from] psn
|upkeep
|
|t:|1769343672
|switch|p1a: End Flame|Blaziken, M|88/100
|-damage|p1a: End Flame|75/100|[from] Stealth Rock
|-damage|p1a: End Flame|50/100|[from] Spikes
|turn|35
|
|t:|1769343676
|switch|p2a: Dragonite|Dragonite, M|85/100
|move|p1a: End Flame|Protect||[still]
|-fail|p1a: End Flame
|
|-heal|p1a: End Flame|57/100|[from] item: Leftovers
|-ability|p1a: End Flame|Speed Boost|boost
|-boost|p1a: End Flame|spe|1
|upkeep
|turn|36
|
|t:|1769343689
|switch|p1a: Toxic Core|Gliscor, F|41/100 tox
|-damage|p1a: Toxic Core|29/100 tox|[from] Stealth Rock
|move|p2a: Dragonite|Dragon Tail|p1a: Toxic Core
|-damage|p1a: Toxic Core|8/100 tox
|drag|p1a: End Flame|Blaziken, M|57/100
|-damage|p1a: End Flame|44/100|[from] Stealth Rock
|-damage|p1a: End Flame|19/100|[from] Spikes
|
|-heal|p1a: End Flame|25/100|[from] item: Leftovers
|upkeep
|turn|37
|
|t:|1769343700
|move|p1a: End Flame|Protect|p1a: End Flame
|-singleturn|p1a: End Flame|Protect
|move|p2a: Dragonite|Extreme Speed|p1a: End Flame
|-activate|p1a: End Flame|move: Protect
|
|-heal|p1a: End Flame|32/100|[from] item: Leftovers
|-ability|p1a: End Flame|Speed Boost|boost
|-boost|p1a: End Flame|spe|1
|upkeep
|turn|38
|
|t:|1769343706
|switch|p1a: Chippy|Palossand, M|94/100
|-damage|p1a: Chippy|88/100|[from] Stealth Rock
|-damage|p1a: Chippy|63/100|[from] Spikes
|move|p2a: Dragonite|Dragon Tail|p1a: Chippy
|-damage|p1a: Chippy|42/100
|drag|p1a: Sleepy Time|Blissey, F|91/100
|
|upkeep
|turn|39
|
|t:|1769343717
|move|p1a: Sleepy Time|Thunder Wave|p2a: Dragonite
|-status|p2a: Dragonite|par
|move|p2a: Dragonite|Dragon Tail|p1a: Sleepy Time|[miss]
|-miss|p2a: Dragonite|p1a: Sleepy Time
|
|upkeep
|turn|40
|
|t:|1769343725
|move|p1a: Sleepy Time|Seismic Toss|p2a: Dragonite
|-damage|p2a: Dragonite|59/100 par
|move|p2a: Dragonite|Dragon Tail|p1a: Sleepy Time
|-crit|p1a: Sleepy Time
|-damage|p1a: Sleepy Time|26/100
|drag|p1a: Toxic Core|Gliscor, F|8/100 tox
|-damage|p1a: Toxic Core|0 fnt|[from] Stealth Rock
|faint|p1a: Toxic Core
|
|upkeep
|
|t:|1769343733
|switch|p1a: Chippy|Palossand, M|42/100
|-damage|p1a: Chippy|36/100|[from] Stealth Rock
|-damage|p1a: Chippy|11/100|[from] Spikes
|turn|41
|
|t:|1769343737
|move|p1a: Chippy|Shore Up|p1a: Chippy
|-heal|p1a: Chippy|61/100
|move|p2a: Dragonite|Dragon Tail|p1a: Chippy|[miss]
|-miss|p2a: Dragonite|p1a: Chippy
|
|-heal|p1a: Chippy|67/100|[from] item: Leftovers
|upkeep
|turn|42
|
|t:|1769343745
|move|p1a: Chippy|Hex|p2a: Dragonite
|-damage|p2a: Dragonite|16/100 par
|move|p2a: Dragonite|Dragon Tail|p1a: Chippy
|-damage|p1a: Chippy|46/100
|drag|p1a: Irresistible|Lokix, F|100/100
|-damage|p1a: Irresistible|76/100|[from] Stealth Rock
|-damage|p1a: Irresistible|51/100|[from] Spikes
|
|upkeep
|turn|43
|
|t:|1769343752
|move|p1a: Irresistible|First Impression|p2a: Dragonite
|-resisted|p2a: Dragonite
|-damage|p2a: Dragonite|0 fnt
|faint|p2a: Dragonite
|
|upkeep
|
|t:|1769343771
|switch|p2a: Great Tusk|Great Tusk|45/100
|-damage|p2a: Great Tusk|42/100|[from] Stealth Rock
|-damage|p2a: Great Tusk|17/100|[from] Spikes
|-status|p2a: Great Tusk|tox
|turn|44
|inactive|Chaincrush has 120 seconds left.
|
|t:|1769343814
|switch|p1a: Chippy|Palossand, M|46/100
|-damage|p1a: Chippy|40/100|[from] Stealth Rock
|-damage|p1a: Chippy|15/100|[from] Spikes
|move|p2a: Great Tusk|Ice Spinner|p1a: Chippy
|-supereffective|p1a: Chippy
|-damage|p1a: Chippy|0 fnt
|faint|p1a: Chippy
|
|-damage|p2a: Great Tusk|11/100 tox|[from] psn
|upkeep
|
|t:|1769343821
|switch|p1a: End Flame|Blaziken, M|32/100
|-damage|p1a: End Flame|19/100|[from] Stealth Rock
|-damage|p1a: End Flame|0 fnt|[from] Spikes
|faint|p1a: End Flame
|
|t:|1769343827
|switch|p1a: Irresistible|Lokix, F|51/100
|-damage|p1a: Irresistible|26/100|[from] Stealth Rock
|-damage|p1a: Irresistible|1/100|[from] Spikes
|turn|45
|
|t:|1769343831
|move|p1a: Irresistible|First Impression|p2a: Great Tusk
|-resisted|p2a: Great Tusk
|-crit|p2a: Great Tusk
|-damage|p2a: Great Tusk|0 fnt
|faint|p2a: Great Tusk
|-end|p2a: Great Tusk|Protosynthesis|[silent]
|
|upkeep
|
|t:|1769343835
|switch|p2a: Gholdengo|Gholdengo|76/100
|-damage|p2a: Gholdengo|70/100|[from] Stealth Rock
|-item|p2a: Gholdengo|Air Balloon
|turn|46
|
|t:|1769343840
|switch|p1a: Sleepy Time|Blissey, F|26/100
|move|p2a: Gholdengo|Recover|p2a: Gholdengo
|-heal|p2a: Gholdengo|100/100
|
|upkeep
|turn|47
|
|t:|1769343845
|move|p2a: Gholdengo|Nasty Plot|p2a: Gholdengo
|-boost|p2a: Gholdengo|spa|2
|move|p1a: Sleepy Time|Rest|p1a: Sleepy Time
|-status|p1a: Sleepy Time|slp|[from] move: Rest
|-heal|p1a: Sleepy Time|100/100 slp|[silent]
|
|upkeep
|turn|48
|
|t:|1769343850
|-curestatus|p1a: Sleepy Time|slp|[from] ability: Natural Cure
|switch|p1a: Irresistible|Lokix, F|1/100
|-damage|p1a: Irresistible|0 fnt|[from] Stealth Rock
|faint|p1a: Irresistible
|move|p2a: Gholdengo|Nasty Plot|p2a: Gholdengo
|-boost|p2a: Gholdengo|spa|2
|
|upkeep
|
|t:|1769343857
|switch|p1a: Sleepy Time|Blissey, F|100/100
|turn|49
|
|t:|1769343867
|-terastallize|p1a: Sleepy Time|Water
|move|p2a: Gholdengo|Nasty Plot|p2a: Gholdengo
|-boost|p2a: Gholdengo|spa|2
|move|p1a: Sleepy Time|Shadow Ball|p2a: Gholdengo
|-supereffective|p2a: Gholdengo
|-damage|p2a: Gholdengo|60/100
|-enditem|p2a: Gholdengo|Air Balloon
|
|upkeep
|turn|50
|
|t:|1769343875
|move|p2a: Gholdengo|Shadow Ball|p1a: Sleepy Time
|-damage|p1a: Sleepy Time|47/100
|move|p1a: Sleepy Time|Shadow Ball|p2a: Gholdengo
|-supereffective|p2a: Gholdengo
|-damage|p2a: Gholdengo|18/100
|
|upkeep
|turn|51
|
|t:|1769343882
|move|p2a: Gholdengo|Shadow Ball|p1a: Sleepy Time
|-damage|p1a: Sleepy Time|0 fnt
|faint|p1a: Sleepy Time
|
|win|beztgan
|raw|Chaincrush's rating: 1358 &rarr; <strong>1335</strong><br />(-23 for losing)
|raw|beztgan's rating: 1314 &rarr; <strong>1337</strong><br />(+23 for winning)
|l|☆Chaincrush
|player|p1|
|l|☆beztgan
|player|p2|
