|j|☆pokomonplayer
|j|‽poo0
|t:|1769320421
|gametype|singles
|player|p1|pokomonplayer|firebreather|1161
|player|p2|poo0|102|1105
|gen|9
|tier|[Gen 9] OU
|rated|
|rule|HP Percentage Mod: HP is shown in percentages
|rule|Endless Battle Clause: Forcing endless battles is banned
|rule|Species Clause: Limit one of each Pokémon
|rule|OHKO Clause: OHKO moves are banned
|rule|Evasion Items Clause: Evasion items are banned
|rule|Evasion Moves Clause: Evasion moves are banned
|rule|Evasion Abilities Clause: Evasion abilities are banned
|rule|Sleep Moves Clause: Sleep-inducing moves are banned
|clearpoke
|poke|p1|Slowking-Galar, M|
|poke|p1|Hoopa-Unbound|
|poke|p1|Zamazenta-*|
|poke|p1|Iron Crown|
|poke|p1|Raging Bolt|
|poke|p1|Rillaboom, F|
|poke|p2|Landorus-Therian, M|
|poke|p2|Skeledirge, M|
|poke|p2|Skarmory, M|
|poke|p2|Hydrapple, M|
|poke|p2|Samurott-Hisui, M|
|poke|p2|Fezandipiti, M|
|teampreview
|inactive|Battle timer is ON: inactive players will automatically lose when time's up. (requested by pokomonplayer)
|
|t:|1769320431
|teamsize|p1|6
|teamsize|p2|6
|start
|switch|p1a: Slowking|Slowking-Galar, M|100/100
|switch|p2a: Samurott|Samurott-Hisui, M, shiny|100/100
|turn|1
|
|t:|1769320447
|switch|p1a: Rillaboom|Rillaboom, F|100/100
|-fieldstart|move: Grassy Terrain|[from] ability: Grassy Surge|[of] p1a: Rillaboom
|move|p2a: Samurott|Ceaseless Edge|p1a: Rillaboom
|-damage|p1a: Rillaboom|69/100
|-sidestart|p1: pokomonplayer|Spikes
|
|-heal|p1a: Rillaboom|75/100|[from] Grassy Terrain
|upkeep
|turn|2
|
|t:|1769320467
|move|p1a: Rillaboom|Fake Out|p2a: Samurott
|-damage|p2a: Samurott|80/100
|-damage|p1a: Rillaboom|65/100|[from] item: Life Orb
|cant|p2a: Samurott|flinch
|
|-heal|p2a: Samurott|86/100|[from] Grassy Terrain
|-heal|p1a: Rillaboom|71/100|[from] Grassy Terrain
|upkeep
|turn|3
|
|t:|1769320477
|move|p1a: Rillaboom|Grassy Glide|p2a: Samurott
|-supereffective|p2a: Samurott
|-damage|p2a: Samurott|0 fnt
|faint|p2a: Samurott
|-damage|p1a: Rillaboom|61/100|[from] item: Life Orb
|
|-heal|p1a: Rillaboom|68/100|[from] Grassy Terrain
|upkeep
|
|t:|1769320489
|switch|p2a: Skeledirge|Skeledirge, M, shiny|100/100
|turn|4
|
|t:|1769320496
|move|p1a: Rillaboom|Earthquake|p2a: Skeledirge
|-supereffective|p2a: Skeledirge
|-damage|p2a: Skeledirge|75/100
|-damage|p1a: Rillaboom|58/100|[from] item: Life Orb
|move|p2a: Skeledirge|Torch Song|p1a: Rillaboom
|-supereffective|p1a: Rillaboom
|-damage|p1a: Rillaboom|0 fnt
|-boost|p2a: Skeledirge|spa|1
|faint|p1a: Rillaboom
|
|-heal|p2a: Skeledirge|81/100|[from] Grassy Terrain
|upkeep
|
|t:|1769320509
|switch|p1a: Hoopa|Hoopa-Unbound|100/100
|-damage|p1a: Hoopa|88/100|[from] Spikes
|turn|5
|
|t:|1769320517
|-terastallize|p1a: Hoopa|Dark
|move|p1a: Hoopa|Hyperspace Fury|p2a: Skeledirge
|-supereffective|p2a: Skeledirge
|-damage|p2a: Skeledirge|0 fnt
|-unboost|p1a: Hoopa|def|1
|faint|p2a: Skeledirge
|
|-heal|p1a: Hoopa|94/100|[from] Grassy Terrain
|-fieldend|move: Grassy Terrain
|upkeep
|
|t:|1769320526
|switch|p2a: Fezandipiti|Fezandipiti, M|100/100
|turn|6
|
|t:|1769320537
|switch|p1a: Iron Crown|Iron Crown|100/100
|-damage|p1a: Iron Crown|88/100|[from] Spikes
|move|p2a: Fezandipiti|Moonblast|p1a: Iron Crown
|-resisted|p1a: Iron Crown
|-damage|p1a: Iron Crown|80/100
|
|upkeep
|turn|7
|
|t:|1769320546
|switch|p2a: Landorus|Landorus-Therian, M, shiny|100/100
|-ability|p2a: Landorus|Intimidate|boost
|-unboost|p1a: Iron Crown|atk|1
|move|p1a: Iron Crown|Tachyon Cutter|p2a: Landorus
|-damage|p2a: Landorus|62/100
|-damage|p2a: Landorus|28/100
|-hitcount|p2a: Landorus|2
|
|upkeep
|turn|8
|
|t:|1769320559
|move|p2a: Landorus|Earthquake|p1a: Iron Crown
|-supereffective|p1a: Iron Crown
|-damage|p1a: Iron Crown|0 fnt
|faint|p1a: Iron Crown
|-end|p1a: Iron Crown|Quark Drive|[silent]
|
|upkeep
|
|t:|1769320566
|switch|p1a: Zamazenta|Zamazenta, shiny|100/100
|-damage|p1a: Zamazenta|88/100|[from] Spikes
|-ability|p1a: Zamazenta|Dauntless Shield|boost
|-boost|p1a: Zamazenta|def|1
|turn|9
|
|t:|1769320575
|switch|p2a: Skarmory|Skarmory, M, shiny|100/100
|move|p1a: Zamazenta|Close Combat|p2a: Skarmory
|-crit|p2a: Skarmory
|-damage|p2a: Skarmory|38/100
|-unboost|p1a: Zamazenta|def|1
|-unboost|p1a: Zamazenta|spd|1
|-damage|p1a: Zamazenta|72/100|[from] item: Rocky Helmet|[of] p2a: Skarmory
|
|upkeep
|turn|10
|
|t:|1769320587
|move|p1a: Zamazenta|Close Combat|p2a: Skarmory
|-damage|p2a: Skarmory|0 fnt
|-unboost|p1a: Zamazenta|def|1
|-unboost|p1a: Zamazenta|spd|1
|-damage|p1a: Zamazenta|55/100|[from] item: Rocky Helmet|[of] p2a: Skarmory
|faint|p2a: Skarmory
|
|upkeep
|
|t:|1769320591
|switch|p2a: Fezandipiti|Fezandipiti, M|100/100
|turn|11
|
|t:|1769320603
|switch|p1a: Raging Bolt|Raging Bolt|100/100
|-damage|p1a: Raging Bolt|88/100|[from] Spikes
|move|p2a: Fezandipiti|Moonblast|p1a: Raging Bolt
|-supereffective|p1a: Raging Bolt
|-damage|p1a: Raging Bolt|48/100
|
|-heal|p1a: Raging Bolt|54/100|[from] item: Leftovers
|upkeep
|turn|12
|
|t:|1769320619
|move|p2a: Fezandipiti|Moonblast|p1a: Raging Bolt
|-supereffective|p1a: Raging Bolt
|-damage|p1a: Raging Bolt|12/100
|-unboost|p1a: Raging Bolt|spa|1
|move|p1a: Raging Bolt|Calm Mind|p1a: Raging Bolt
|-boost|p1a: Raging Bolt|spa|1
|-boost|p1a: Raging Bolt|spd|1
|
|-heal|p1a: Raging Bolt|18/100|[from] item: Leftovers
|upkeep
|turn|13
|
|t:|1769320631
|move|p1a: Raging Bolt|Thunderclap|p2a: Fezandipiti
|-damage|p2a: Fezandipiti|77/100
|move|p2a: Fezandipiti|Moonblast|p1a: Raging Bolt
|-supereffective|p1a: Raging Bolt
|-crit|p1a: Raging Bolt
|-damage|p1a: Raging Bolt|0 fnt
|faint|p1a: Raging Bolt
|-end|p1a: Raging Bolt|Protosynthesis|[silent]
|
|upkeep
|
|t:|1769320641
|switch|p1a: Hoopa|Hoopa-Unbound, tera:Dark|94/100
|-damage|p1a: Hoopa|82/100|[from] Spikes
|turn|14
|
|t:|1769320650
|move|p1a: Hoopa|Zen Headbutt|p2a: Fezandipiti
|-supereffective|p2a: Fezandipiti
|-damage|p2a: Fezandipiti|0 fnt
|faint|p2a: Fezandipiti
|
|upkeep
|
|t:|1769320657
|switch|p2a: Hydrapple|Hydrapple, M, shiny|100/100
|turn|15
|
|t:|1769320666
|switch|p1a: Slowking|Slowking-Galar, M|100/100
|-damage|p1a: Slowking|88/100|[from] Spikes
|move|p2a: Hydrapple|Fickle Beam|p1a: Slowking|[anim] Fickle Beam All Out
|-activate|p2a: Hydrapple|move: Fickle Beam
|-damage|p1a: Slowking|17/100
|
|-heal|p1a: Slowking|23/100|[from] item: Black Sludge
|upkeep
|turn|16
|
|t:|1769320680
|move|p2a: Hydrapple|Giga Drain|p1a: Slowking
|-resisted|p1a: Slowking
|-damage|p1a: Slowking|6/100
|move|p1a: Slowking|Ice Beam|p2a: Hydrapple
|-supereffective|p2a: Hydrapple
|-crit|p2a: Hydrapple
|-damage|p2a: Hydrapple|0 fnt
|faint|p2a: Hydrapple
|
|-heal|p1a: Slowking|12/100|[from] item: Black Sludge
|upkeep
|
|t:|1769320683
|switch|p2a: Landorus|Landorus-Therian, M, shiny|28/100
|-ability|p2a: Landorus|Intimidate|boost
|-unboost|p1a: Slowking|atk|1
|turn|17
|
|t:|1769320696
|move|p2a: Landorus|Earthquake|p1a: Slowking
|-supereffective|p1a: Slowking
|-crit|p1a: Slowking
|-damage|p1a: Slowking|0 fnt
|faint|p1a: Slowking
|
|upkeep
|
|t:|1769320704
|switch|p1a: Zamazenta|Zamazenta, shiny|55/100
|-damage|p1a: Zamazenta|43/100|[from] Spikes
|turn|18
|
|t:|1769320711
|move|p2a: Landorus|Earthquake|p1a: Zamazenta
|-damage|p1a: Zamazenta|0 fnt
|faint|p1a: Zamazenta
|
|upkeep
|
|t:|1769320716
|switch|p1a: Hoopa|Hoopa-Unbound, tera:Dark|82/100
|-damage|p1a: Hoopa|70/100|[from] Spikes
|turn|19
|
|t:|1769320723
|move|p2a: Landorus|Earthquake|p1a: Hoopa
|-damage|p1a: Hoopa|0 fnt
|faint|p1a: Hoopa
|
|win|poo0
|raw|pokomonplayer's rating: 1161 &rarr; <strong>1132</strong><br />(-29 for losing)
|raw|poo0's rating: 1105 &rarr; <strong>1134</strong><br />(+29 for winning)
|l|☆pokomonplayer
|player|p1|
|l|‽poo0
|player|p2|
