|j|☆mrturtledog
|j|☆youseeme20226
|t:|1769408429
|gametype|singles
|player|p1|mrturtledog|2|1144
|player|p2|youseeme20226|170|1198
|gen|9
|tier|[Gen 9] OU
|rated|
|rule|HP Percentage Mod: HP is shown in percentages
|rule|Endless Battle Clause: Forcing endless battles is banned
|rule|Species Clause: Limit one of each Pokémon
|rule|OHKO Clause: OHKO moves are banned
|rule|Evasion Items Clause: Evasion items are banned
|rule|Evasion Moves Clause: Evasion moves are banned
|rule|Evasion Abilities Clause: Evasion abilities are banned
|rule|Sleep Moves Clause: Sleep-inducing moves are banned
|clearpoke
|poke|p1|Tyranitar, M|
|poke|p1|Excadrill, M|
|poke|p1|Iron Valiant|
|poke|p1|Zapdos|
|poke|p1|Ogerpon, F|
|poke|p1|Toxapex, M|
|poke|p2|Dodrio, M|
|poke|p2|Latios, M|
|poke|p2|Glastrier|
|poke|p2|Honchkrow, M|
|poke|p2|Bastiodon, M|
|poke|p2|Victreebel, M|
|teampreview
|
|t:|1769408438
|teamsize|p1|6
|teamsize|p2|6
|start
|switch|p1a: Iron Valiant|Iron Valiant, shiny|100/100
|switch|p2a: Dodrio|Dodrio, M|100/100
|turn|1
|
|t:|1769408449
|move|p2a: Dodrio|Endure|p2a: Dodrio
|-singleturn|p2a: Dodrio|move: Endure
|move|p1a: Iron Valiant|Thunderbolt|p2a: Dodrio
|-supereffective|p2a: Dodrio
|-activate|p2a: Dodrio|move: Endure
|-damage|p2a: Dodrio|1/100
|-enditem|p2a: Dodrio|Wiki Berry|[eat]
|-heal|p2a: Dodrio|34/100|[from] item: Wiki Berry
|-start|p2a: Dodrio|confusion
|
|upkeep
|turn|2
|
|t:|1769408462
|-end|p1a: Iron Valiant|Quark Drive|[silent]
|switch|p1a: Toxapex|Toxapex, M|100/100
|-activate|p2a: Dodrio|confusion
|move|p2a: Dodrio|Thrash|p1a: Toxapex
|-crit|p1a: Toxapex
|-damage|p1a: Toxapex|42/100
|-enditem|p1a: Toxapex|Eject Button
|inactive|Battle timer is ON: inactive players will automatically lose when time's up. (requested by youseeme20226)
|
|t:|1769408473
|switch|p1a: Tyranitar|Tyranitar, M|100/100
|-weather|Sandstorm|[from] ability: Sand Stream|[of] p1a: Tyranitar
|
|-weather|Sandstorm|[upkeep]
|-damage|p2a: Dodrio|28/100|[from] Sandstorm
|upkeep
|turn|3
|
|t:|1769408483
|-activate|p2a: Dodrio|confusion
|-damage|p2a: Dodrio|8/100|[from] confusion
|move|p1a: Tyranitar|Ice Punch|p2a: Dodrio|[miss]
|-miss|p1a: Tyranitar|p2a: Dodrio
|
|-weather|Sandstorm|[upkeep]
|-damage|p2a: Dodrio|2/100|[from] Sandstorm
|upkeep
|turn|4
|
|t:|1769408493
|-activate|p2a: Dodrio|confusion
|move|p2a: Dodrio|Drill Run|p1a: Tyranitar
|-supereffective|p1a: Tyranitar
|-crit|p1a: Tyranitar
|-damage|p1a: Tyranitar|34/100
|move|p1a: Tyranitar|Ice Punch|p2a: Dodrio|[miss]
|-miss|p1a: Tyranitar|p2a: Dodrio
|
|-weather|Sandstorm|[upkeep]
|-damage|p2a: Dodrio|0 fnt|[from] Sandstorm
|faint|p2a: Dodrio
|upkeep
|
|t:|1769408507
|switch|p2a: Victreebel|Victreebel, M|100/100
|turn|5
|
|t:|1769408517
|switch|p1a: Excadrill|Excadrill, M|100/100
|move|p2a: Victreebel|Sunny Day|p2a: Victreebel
|-weather|SunnyDay
|
|-weather|SunnyDay|[upkeep]
|upkeep
|turn|6
|
|t:|1769408526
|switch|p1a: Zapdos|Zapdos, shiny|100/100
|move|p2a: Victreebel|Solar Beam||[still]
|-prepare|p2a: Victreebel|Solar Beam
|-anim|p2a: Victreebel|Solar Beam|p1a: Zapdos
|-resisted|p1a: Zapdos
|-damage|p1a: Zapdos|57/100
|-damage|p2a: Victreebel|91/100|[from] item: Life Orb
|
|-weather|SunnyDay|[upkeep]
|upkeep
|turn|7
|
|t:|1769408535
|move|p2a: Victreebel|Sludge Wave|p1a: Zapdos
|-damage|p1a: Zapdos|0 fnt
|faint|p1a: Zapdos
|-damage|p2a: Victreebel|81/100|[from] item: Life Orb
|
|-weather|SunnyDay|[upkeep]
|upkeep
|
|t:|1769408547
|switch|p1a: Excadrill|Excadrill, M|100/100
|turn|8
|inactive|youseeme20226 has 120 seconds left.
|
|t:|1769408578
|switch|p1a: Toxapex|Toxapex, M|75/100
|move|p2a: Victreebel|Strength Sap|p1a: Toxapex
|-unboost|p1a: Toxapex|atk|1
|-heal|p2a: Victreebel|100/100
|
|-weather|SunnyDay|[upkeep]
|upkeep
|turn|9
|
|t:|1769408589
|move|p2a: Victreebel|Solar Beam||[still]
|-prepare|p2a: Victreebel|Solar Beam
|-anim|p2a: Victreebel|Solar Beam|p1a: Toxapex
|-crit|p1a: Toxapex
|-damage|p1a: Toxapex|0 fnt
|faint|p1a: Toxapex
|-damage|p2a: Victreebel|91/100|[from] item: Life Orb
|
|-weather|none
|upkeep
|
|t:|1769408603
|switch|p1a: Ogerpon|Ogerpon, F|100/100
|turn|10
|
|t:|1769408609
|move|p1a: Ogerpon|U-turn|p2a: Victreebel
|-damage|p2a: Victreebel|37/100
|
|t:|1769408619
|switch|p1a: Iron Valiant|Iron Valiant, shiny|100/100|[from] U-turn
|move|p2a: Victreebel|Sludge Wave|p1a: Iron Valiant
|-supereffective|p1a: Iron Valiant
|-damage|p1a: Iron Valiant|0 fnt
|faint|p1a: Iron Valiant
|-end|p1a: Iron Valiant|Quark Drive|[silent]
|-damage|p2a: Victreebel|27/100|[from] item: Life Orb
|
|upkeep
|-message|mrturtledog forfeited.
|
|win|youseeme20226
|raw|mrturtledog's rating: 1144 &rarr; <strong>1123</strong><br />(-21 for losing)
|raw|youseeme20226's rating: 1198 &rarr; <strong>1219</strong><br />(+21 for winning)
|l|☆mrturtledog
|player|p1|
|l|☆youseeme20226
|player|p2|
