|j|☆CambridgeFoulPlay
|j|☆faiyex-san
|t:|1769339735
|gametype|singles
|player|p1|CambridgeFoulPlay|266|1643
|player|p2|faiyex-san|erika|1735
|gen|9
|tier|[Gen 9] OU
|rated|
|rule|HP Percentage Mod: HP is shown in percentages
|rule|Endless Battle Clause: Forcing endless battles is banned
|rule|Species Clause: Limit one of each Pokémon
|rule|OHKO Clause: OHKO moves are banned
|rule|Evasion Items Clause: Evasion items are banned
|rule|Evasion Moves Clause: Evasion moves are banned
|rule|Evasion Abilities Clause: Evasion abilities are banned
|rule|Sleep Moves Clause: Sleep-inducing moves are banned
|clearpoke
|poke|p1|Hydrapple, M|
|poke|p1|Tyranitar, F|
|poke|p1|Moltres|
|poke|p1|Zamazenta-*|
|poke|p1|Slowking-Galar, F|
|poke|p1|Excadrill, F|
|poke|p2|Thundurus-Therian, M|
|poke|p2|Slowking-Galar, F|
|poke|p2|Samurott-Hisui, F|
|poke|p2|Dragapult, M|
|poke|p2|Great Tusk|
|poke|p2|Scizor, F|
|teampreview
|c|☆CambridgeFoulPlay|hf
|inactive|Battle timer is ON: inactive players will automatically lose when time's up. (requested by CambridgeFoulPlay)
|
|t:|1769339753
|teamsize|p1|6
|teamsize|p2|6
|start
|switch|p1a: Zamazenta|Zamazenta|100/100
|switch|p2a: Thundurus|Thundurus-Therian, M|100/100
|-ability|p1a: Zamazenta|Dauntless Shield|boost
|-boost|p1a: Zamazenta|def|1
|turn|1
|
|t:|1769339766
|-terastallize|p2a: Thundurus|Fairy
|move|p1a: Zamazenta|Body Press|p2a: Thundurus
|-resisted|p2a: Thundurus
|-damage|p2a: Thundurus|57/100
|move|p2a: Thundurus|Tera Blast|p1a: Zamazenta|[anim] Tera Blast Fairy
|-supereffective|p1a: Zamazenta
|-damage|p1a: Zamazenta|0 fnt
|faint|p1a: Zamazenta
|
|upkeep
|
|t:|1769339769
|switch|p1a: Excadrill|Excadrill, F|100/100
|-item|p1a: Excadrill|Air Balloon
|turn|2
|
|t:|1769339774
|switch|p2a: Great Tusk|Great Tusk|100/100
|move|p1a: Excadrill|Earthquake|p2a: Great Tusk
|-crit|p2a: Great Tusk
|-damage|p2a: Great Tusk|39/100
|
|upkeep
|turn|3
|
|t:|1769339786
|move|p1a: Excadrill|Earthquake|p2a: Great Tusk
|-damage|p2a: Great Tusk|0 fnt
|faint|p2a: Great Tusk
|-end|p2a: Great Tusk|Protosynthesis|[silent]
|
|upkeep
|
|t:|1769339790
|switch|p2a: Samurott|Samurott-Hisui, F|100/100
|turn|4
|
|t:|1769339793
|switch|p1a: Hydrapple|Hydrapple, M|100/100
|move|p2a: Samurott|Ceaseless Edge|p1a: Hydrapple
|-damage|p1a: Hydrapple|71/100
|-sidestart|p1: CambridgeFoulPlay|Spikes
|
|upkeep
|turn|5
|
|t:|1769339796
|switch|p2a: Slowking|Slowking-Galar, F|100/100
|move|p1a: Hydrapple|Giga Drain|p2a: Slowking
|-resisted|p2a: Slowking
|-damage|p2a: Slowking|91/100
|-heal|p1a: Hydrapple|76/100|[from] drain|[of] p2a: Slowking
|
|upkeep
|turn|6
|
|t:|1769339800
|move|p1a: Hydrapple|Nasty Plot|p1a: Hydrapple
|-boost|p1a: Hydrapple|spa|2
|-prepare|p2a: Slowking|Chilly Reception|[premajor]
|move|p2a: Slowking|Chilly Reception|p2a: Slowking
|-weather|Snowscape
|
|t:|1769339802
|switch|p2a: Thundurus|Thundurus-Therian, M, tera:Fairy|57/100|[from] Chilly Reception
|
|-weather|Snowscape|[upkeep]
|upkeep
|turn|7
|
|t:|1769339806
|-terastallize|p1a: Hydrapple|Poison
|move|p2a: Thundurus|Volt Switch|p1a: Hydrapple
|-damage|p1a: Hydrapple|18/100
|
|t:|1769339812
|switch|p2a: Scizor|Scizor, F|100/100|[from] Volt Switch
|move|p1a: Hydrapple|Giga Drain|p2a: Scizor
|-resisted|p2a: Scizor
|-damage|p2a: Scizor|78/100
|-heal|p1a: Hydrapple|26/100|[from] drain|[of] p2a: Scizor
|
|-weather|Snowscape|[upkeep]
|upkeep
|turn|8
|
|t:|1769339815
|switch|p1a: Moltres|Moltres|100/100
|move|p2a: Scizor|Bullet Punch|p1a: Moltres
|-resisted|p1a: Moltres
|-damage|p1a: Moltres|82/100
|
|-weather|Snowscape|[upkeep]
|upkeep
|turn|9
|
|t:|1769339819
|switch|p2a: Slowking|Slowking-Galar, F|100/100
|move|p1a: Moltres|U-turn|p2a: Slowking
|-damage|p2a: Slowking|85/100
|
|t:|1769339822
|switch|p1a: Excadrill|Excadrill, F|100/100|[from] U-turn
|-item|p1a: Excadrill|Air Balloon
|
|-weather|Snowscape|[upkeep]
|upkeep
|turn|10
|
|t:|1769339832
|switch|p2a: Scizor|Scizor, F|78/100
|move|p1a: Excadrill|Earthquake|p2a: Scizor
|-damage|p2a: Scizor|17/100
|
|-weather|none
|upkeep
|turn|11
|
|t:|1769339835
|switch|p1a: Moltres|Moltres|82/100
|move|p2a: Scizor|Bullet Punch|p1a: Moltres
|-resisted|p1a: Moltres
|-damage|p1a: Moltres|64/100
|-status|p2a: Scizor|brn|[from] ability: Flame Body|[of] p1a: Moltres
|
|-damage|p2a: Scizor|10/100 brn|[from] brn
|upkeep
|turn|12
|
|t:|1769339842
|switch|p2a: Thundurus|Thundurus-Therian, M, tera:Fairy|57/100
|move|p1a: Moltres|U-turn|p2a: Thundurus
|-resisted|p2a: Thundurus
|-damage|p2a: Thundurus|46/100
|
|t:|1769339845
|switch|p1a: Excadrill|Excadrill, F|100/100|[from] U-turn
|-item|p1a: Excadrill|Air Balloon
|
|upkeep
|turn|13
|
|t:|1769339849
|move|p2a: Thundurus|Focus Blast|p1a: Excadrill|[miss]
|-miss|p2a: Thundurus|p1a: Excadrill
|move|p1a: Excadrill|Swords Dance|p1a: Excadrill
|-boost|p1a: Excadrill|atk|2
|
|upkeep
|turn|14
|
|t:|1769339852
|switch|p1a: Hydrapple|Hydrapple, M, tera:Poison|60/100
|move|p2a: Thundurus|Focus Blast|p1a: Hydrapple
|-resisted|p1a: Hydrapple
|-damage|p1a: Hydrapple|24/100
|
|upkeep
|turn|15
|
|t:|1769339856
|switch|p1a: Slowking|Slowking-Galar, F|100/100
|-damage|p1a: Slowking|88/100|[from] Spikes
|move|p2a: Thundurus|Focus Blast|p1a: Slowking
|-resisted|p1a: Slowking
|-damage|p1a: Slowking|80/100
|
|upkeep
|turn|16
|
|t:|1769339859
|switch|p2a: Samurott|Samurott-Hisui, F|100/100
|switch|p1a: Hydrapple|Hydrapple, M, tera:Poison|58/100
|
|upkeep
|turn|17
|
|t:|1769339862
|switch|p2a: Slowking|Slowking-Galar, F|100/100
|move|p1a: Hydrapple|Giga Drain|p2a: Slowking
|-resisted|p2a: Slowking
|-damage|p2a: Slowking|91/100
|-heal|p1a: Hydrapple|62/100|[from] drain|[of] p2a: Slowking
|
|upkeep
|turn|18
|j| Specnier
|
|t:|1769339867
|switch|p1a: Excadrill|Excadrill, F|100/100
|-item|p1a: Excadrill|Air Balloon
|move|p2a: Slowking|Future Sight|p1a: Excadrill
|-start|p2a: Slowking|move: Future Sight
|
|upkeep
|turn|19
|
|t:|1769339870
|switch|p2a: Scizor|Scizor, F|10/100 brn
|move|p1a: Excadrill|Earthquake|p2a: Scizor
|-damage|p2a: Scizor|0 fnt
|faint|p2a: Scizor
|
|upkeep
|
|t:|1769339872
|switch|p2a: Thundurus|Thundurus-Therian, M, tera:Fairy|46/100
|turn|20
|
|t:|1769339875
|move|p2a: Thundurus|Focus Blast|p1a: Excadrill
|-supereffective|p1a: Excadrill
|-damage|p1a: Excadrill|0 fnt
|-enditem|p1a: Excadrill|Air Balloon
|faint|p1a: Excadrill
|
|-hint|Future Sight did not hit because the target is fainted.
|upkeep
|
|t:|1769339876
|switch|p1a: Hydrapple|Hydrapple, M, tera:Poison|96/100
|turn|21
|
|t:|1769339879
|switch|p2a: Slowking|Slowking-Galar, F|100/100
|move|p1a: Hydrapple|Nasty Plot|p1a: Hydrapple
|-boost|p1a: Hydrapple|spa|2
|
|upkeep
|turn|22
|
|t:|1769339882
|move|p1a: Hydrapple|Earth Power|p2a: Slowking
|-supereffective|p2a: Slowking
|-damage|p2a: Slowking|43/100
|move|p2a: Slowking|Future Sight|p1a: Hydrapple
|-start|p2a: Slowking|move: Future Sight
|
|upkeep
|turn|23
|
|t:|1769339888
|move|p1a: Hydrapple|Earth Power|p2a: Slowking
|-supereffective|p2a: Slowking
|-damage|p2a: Slowking|0 fnt
|faint|p2a: Slowking
|
|upkeep
|
|t:|1769339894
|switch|p2a: Thundurus|Thundurus-Therian, M, tera:Fairy|46/100
|turn|24
|
|t:|1769339896
|switch|p1a: Slowking|Slowking-Galar, F|100/100
|-damage|p1a: Slowking|88/100|[from] Spikes
|move|p2a: Thundurus|Volt Switch|p1a: Slowking
|-damage|p1a: Slowking|53/100
|
|t:|1769339899
|switch|p2a: Samurott|Samurott-Hisui, F|100/100|[from] Volt Switch
|
|-end|p1a: Slowking|move: Future Sight
|-damage|p1a: Slowking|29/100
|upkeep
|turn|25
|
|t:|1769339901
|switch|p1a: Hydrapple|Hydrapple, M, tera:Poison|100/100
|move|p2a: Samurott|Ceaseless Edge|p1a: Hydrapple
|-damage|p1a: Hydrapple|72/100
|-sidestart|p1: CambridgeFoulPlay|Spikes
|
|upkeep
|turn|26
|
|t:|1769339907
|move|p2a: Samurott|Knock Off|p1a: Hydrapple
|-damage|p1a: Hydrapple|46/100
|-enditem|p1a: Hydrapple|Heavy-Duty Boots|[from] move: Knock Off|[of] p2a: Samurott
|move|p1a: Hydrapple|Giga Drain|p2a: Samurott
|-supereffective|p2a: Samurott
|-damage|p2a: Samurott|5/100
|-heal|p1a: Hydrapple|84/100|[from] drain|[of] p2a: Samurott
|
|upkeep
|turn|27
|
|t:|1769339909
|switch|p1a: Tyranitar|Tyranitar, F|100/100
|-damage|p1a: Tyranitar|84/100|[from] Spikes
|-weather|Sandstorm|[from] ability: Sand Stream|[of] p1a: Tyranitar
|move|p2a: Samurott|Encore||[still]
|-fail|p2a: Samurott
|
|-weather|Sandstorm|[upkeep]
|-damage|p2a: Samurott|0 fnt|[from] Sandstorm
|faint|p2a: Samurott
|upkeep
|
|t:|1769339915
|switch|p2a: Thundurus|Thundurus-Therian, M, tera:Fairy|46/100
|turn|28
|j| Narwhale37
|
|t:|1769339922
|move|p2a: Thundurus|Tera Blast|p1a: Tyranitar|[anim] Tera Blast Fairy
|-supereffective|p1a: Tyranitar
|-damage|p1a: Tyranitar|22/100
|move|p1a: Tyranitar|Knock Off|p2a: Thundurus
|-resisted|p2a: Thundurus
|-damage|p2a: Thundurus|16/100
|-enditem|p2a: Thundurus|Choice Specs|[from] move: Knock Off|[of] p1a: Tyranitar
|
|-weather|Sandstorm|[upkeep]
|-damage|p2a: Thundurus|10/100|[from] Sandstorm
|upkeep
|turn|29
|
|t:|1769339925
|move|p2a: Thundurus|Volt Switch|p1a: Tyranitar
|-damage|p1a: Tyranitar|7/100
|
|t:|1769339927
|switch|p2a: Dragapult|Dragapult, M|100/100|[from] Volt Switch
|move|p1a: Tyranitar|Knock Off|p2a: Dragapult
|-supereffective|p2a: Dragapult
|-damage|p2a: Dragapult|0 fnt
|-enditem|p2a: Dragapult|Heavy-Duty Boots|[from] move: Knock Off|[of] p1a: Tyranitar
|faint|p2a: Dragapult
|
|-weather|Sandstorm|[upkeep]
|upkeep
|
|t:|1769339928
|switch|p2a: Thundurus|Thundurus-Therian, M, tera:Fairy|10/100
|turn|30
|
|t:|1769339932
|switch|p1a: Slowking|Slowking-Galar, F|62/100
|-damage|p1a: Slowking|46/100|[from] Spikes
|move|p2a: Thundurus|Volt Switch|p1a: Slowking
|-damage|p1a: Slowking|23/100
|
|-weather|Sandstorm|[upkeep]
|-damage|p2a: Thundurus|4/100|[from] Sandstorm
|-damage|p1a: Slowking|17/100|[from] Sandstorm
|upkeep
|turn|31
|
|t:|1769339934
|move|p2a: Thundurus|Thunderbolt|p1a: Slowking
|-damage|p1a: Slowking|0 fnt
|faint|p1a: Slowking
|
|-weather|Sandstorm|[upkeep]
|-damage|p2a: Thundurus|0 fnt|[from] Sandstorm
|faint|p2a: Thundurus
|
|win|CambridgeFoulPlay
|raw|CambridgeFoulPlay's rating: 1643 &rarr; <strong>1668</strong><br />(+25 for winning)
|raw|faiyex-san's rating: 1735 &rarr; <strong>1710</strong><br />(-25 for losing)
|c|☆CambridgeFoulPlay|gg
|l|☆CambridgeFoulPlay
|player|p1|
|l|☆faiyex-san
|player|p2|
|l| Specnier
