|j|☆Folthanos
|j|‽Majshshdv
|t:|1769359882
|gametype|singles
|player|p1|Folthanos|169|1000
|player|p2|Majshshdv|2|1000
|gen|9
|tier|[Gen 9] OU
|rated|
|rule|HP Percentage Mod: HP is shown in percentages
|rule|Endless Battle Clause: Forcing endless battles is banned
|rule|Species Clause: Limit one of each Pokémon
|rule|OHKO Clause: OHKO moves are banned
|rule|Evasion Items Clause: Evasion items are banned
|rule|Evasion Moves Clause: Evasion moves are banned
|rule|Evasion Abilities Clause: Evasion abilities are banned
|rule|Sleep Moves Clause: Sleep-inducing moves are banned
|clearpoke
|poke|p1|Garganacl, M|
|poke|p1|Hippowdon, M|
|poke|p1|Hydrapple, M|
|poke|p1|Slowking-Galar, M|
|poke|p1|Samurott-Hisui, M|
|poke|p1|Excadrill, M|
|poke|p2|Ting-Lu|
|poke|p2|Gholdengo|
|poke|p2|Great Tusk|
|poke|p2|Ogerpon-Wellspring, F|
|poke|p2|Raging Bolt|
|poke|p2|Weavile, M|
|teampreview
|
|t:|1769359929
|teamsize|p1|6
|teamsize|p2|6
|start
|switch|p1a: Hippowdon|Hippowdon, M, shiny|100/100
|switch|p2a: Ogerpon|Ogerpon-Wellspring, F|100/100
|-weather|Sandstorm|[from] ability: Sand Stream|[of] p1a: Hippowdon
|turn|1
|
|t:|1769359952
|switch|p1a: Hydrapple|Hydrapple, M, shiny|100/100
|move|p2a: Ogerpon|Ivy Cudgel|p1a: Hydrapple|[anim] Ivy Cudgel Water
|-resisted|p1a: Hydrapple
|-damage|p1a: Hydrapple|89/100
|
|-weather|Sandstorm|[upkeep]
|-damage|p2a: Ogerpon|95/100|[from] Sandstorm
|-damage|p1a: Hydrapple|83/100|[from] Sandstorm
|upkeep
|turn|2
|
|t:|1769359966
|switch|p2a: Ting-Lu|Ting-Lu|100/100
|-ability|p2a: Ting-Lu|Vessel of Ruin
|move|p1a: Hydrapple|Nasty Plot|p1a: Hydrapple
|-boost|p1a: Hydrapple|spa|2
|
|-weather|Sandstorm|[upkeep]
|-damage|p1a: Hydrapple|77/100|[from] Sandstorm
|upkeep
|turn|3
|inactive|Battle timer is ON: inactive players will automatically lose when time's up. (requested by Majshshdv)
|
|t:|1769359977
|move|p2a: Ting-Lu|Stealth Rock|p1a: Hydrapple
|-sidestart|p1: Folthanos|move: Stealth Rock
|move|p1a: Hydrapple|Giga Drain|p2a: Ting-Lu
|-supereffective|p2a: Ting-Lu
|-damage|p2a: Ting-Lu|28/100
|-heal|p1a: Hydrapple|100/100|[from] drain|[of] p2a: Ting-Lu
|-enditem|p2a: Ting-Lu|Red Card|[of] p1a: Hydrapple
|drag|p1a: Garganacl|Garganacl, M, shiny|100/100
|-damage|p1a: Garganacl|88/100|[from] Stealth Rock
|
|-weather|Sandstorm|[upkeep]
|-heal|p1a: Garganacl|94/100|[from] item: Leftovers
|upkeep
|turn|4
|inactive|Folthanos has 120 seconds left.
|
|t:|1769360025
|switch|p1a: Hippowdon|Hippowdon, M, shiny|100/100
|-damage|p1a: Hippowdon|94/100|[from] Stealth Rock
|move|p2a: Ting-Lu|Spikes|p1a: Hippowdon
|-sidestart|p1: Folthanos|Spikes
|
|-weather|Sandstorm|[upkeep]
|upkeep
|turn|5
|
|t:|1769360034
|move|p1a: Hippowdon|Stealth Rock|p2a: Ting-Lu
|-sidestart|p2: Majshshdv|move: Stealth Rock
|move|p2a: Ting-Lu|Whirlwind|p1a: Hippowdon
|drag|p1a: Slowking|Slowking-Galar, M, shiny|100/100
|-damage|p1a: Slowking|88/100|[from] Stealth Rock
|-damage|p1a: Slowking|76/100|[from] Spikes
|
|-weather|none
|upkeep
|turn|6
|inactive|Folthanos has 90 seconds left.
|
|t:|1769360073
|switch|p1a: Hydrapple|Hydrapple, M, shiny|100/100
|move|p2a: Ting-Lu|Earthquake|p1a: Hydrapple
|-resisted|p1a: Hydrapple
|-damage|p1a: Hydrapple|86/100
|
|upkeep
|turn|7
|inactive|Folthanos has 90 seconds left.
|
|t:|1769360083
|move|p1a: Hydrapple|Giga Drain|p2a: Ting-Lu
|-supereffective|p2a: Ting-Lu
|-damage|p2a: Ting-Lu|0 fnt
|-heal|p1a: Hydrapple|100/100|[from] drain|[of] p2a: Ting-Lu
|faint|p2a: Ting-Lu
|
|upkeep
|
|t:|1769360086
|switch|p2a: Weavile|Weavile, M|100/100
|-damage|p2a: Weavile|76/100|[from] Stealth Rock
|-ability|p2a: Weavile|Pressure
|turn|8
|inactive|Folthanos has 90 seconds left.
|
|t:|1769360103
|switch|p1a: Excadrill|Excadrill, M, shiny|100/100
|move|p2a: Weavile|Knock Off|p1a: Excadrill
|-damage|p1a: Excadrill|3/100
|-enditem|p1a: Excadrill|Heavy-Duty Boots|[from] move: Knock Off|[of] p2a: Weavile
|
|upkeep
|turn|9
|
|t:|1769360112
|move|p2a: Weavile|Knock Off|p1a: Excadrill
|-damage|p1a: Excadrill|0 fnt
|faint|p1a: Excadrill
|
|upkeep
|inactive|Folthanos has 90 seconds left.
|
|t:|1769360123
|switch|p1a: Hippowdon|Hippowdon, M, shiny|94/100
|-damage|p1a: Hippowdon|88/100|[from] Stealth Rock
|-damage|p1a: Hippowdon|76/100|[from] Spikes
|-weather|Sandstorm|[from] ability: Sand Stream|[of] p1a: Hippowdon
|turn|10
|
|t:|1769360137
|switch|p2a: Great Tusk|Great Tusk|100/100
|-damage|p2a: Great Tusk|98/100|[from] Stealth Rock
|-enditem|p2a: Great Tusk|Booster Energy
|-activate|p2a: Great Tusk|ability: Protosynthesis|[fromitem]
|-start|p2a: Great Tusk|protosynthesisspe
|move|p1a: Hippowdon|Body Press|p2a: Great Tusk
|-damage|p2a: Great Tusk|80/100
|
|-weather|Sandstorm|[upkeep]
|upkeep
|turn|11
|inactive|Folthanos has 90 seconds left.
|
|t:|1769360164
|move|p2a: Great Tusk|Rapid Spin|p1a: Hippowdon
|-damage|p1a: Hippowdon|67/100
|-boost|p2a: Great Tusk|spe|1
|-damage|p2a: Great Tusk|63/100|[from] item: Rocky Helmet|[of] p1a: Hippowdon
|-sideend|p2: Majshshdv|Stealth Rock|[from] move: Rapid Spin|[of] p2a: Great Tusk
|move|p1a: Hippowdon|Scorching Sands|p2a: Great Tusk
|-damage|p2a: Great Tusk|39/100
|
|-weather|Sandstorm|[upkeep]
|upkeep
|turn|12
|inactive|Majshshdv has 120 seconds left.
|
|t:|1769360198
|move|p2a: Great Tusk|Bulk Up|p2a: Great Tusk
|-boost|p2a: Great Tusk|atk|1
|-boost|p2a: Great Tusk|def|1
|move|p1a: Hippowdon|Scorching Sands|p2a: Great Tusk
|-damage|p2a: Great Tusk|15/100
|
|-weather|Sandstorm|[upkeep]
|upkeep
|turn|13
|
|t:|1769360206
|move|p2a: Great Tusk|Ice Spinner|p1a: Hippowdon
|-supereffective|p1a: Hippowdon
|-damage|p1a: Hippowdon|34/100
|-damage|p2a: Great Tusk|0 fnt|[from] item: Rocky Helmet|[of] p1a: Hippowdon
|faint|p2a: Great Tusk
|-end|p2a: Great Tusk|Protosynthesis|[silent]
|move|p1a: Hippowdon|Scorching Sands|p2: Great Tusk|[notarget]
|-fail|p1a: Hippowdon
|
|-weather|Sandstorm|[upkeep]
|upkeep
|inactive|Majshshdv has 120 seconds left.
|
|t:|1769360227
|switch|p2a: Ogerpon|Ogerpon-Wellspring, F|95/100
|turn|14
|inactive|Folthanos has 90 seconds left.
|
|t:|1769360238
|move|p2a: Ogerpon|Swords Dance|p2a: Ogerpon
|-boost|p2a: Ogerpon|atk|2
|move|p1a: Hippowdon|Slack Off|p1a: Hippowdon
|-heal|p1a: Hippowdon|84/100
|
|-weather|none
|upkeep
|turn|15
|inactive|Folthanos has 90 seconds left.
|inactive|Majshshdv has 120 seconds left.
|
|t:|1769360251
|-terastallize|p2a: Ogerpon|Water
|detailschange|p2a: Ogerpon|Ogerpon-Wellspring-Tera, F, tera:Water
|-ability|p2a: Ogerpon|Embody Aspect (Wellspring)|boost
|-boost|p2a: Ogerpon|spd|1
|move|p2a: Ogerpon|Ivy Cudgel|p1a: Hippowdon|[anim] Ivy Cudgel Water
|-supereffective|p1a: Hippowdon
|-damage|p1a: Hippowdon|0 fnt
|faint|p1a: Hippowdon
|
|upkeep
|
|t:|1769360280
|switch|p1a: Hydrapple|Hydrapple, M, shiny|100/100
|turn|16
|inactive|Majshshdv has 120 seconds left.
|
|t:|1769360314
|move|p2a: Ogerpon|Knock Off|p1a: Hydrapple
|-damage|p1a: Hydrapple|39/100
|-enditem|p1a: Hydrapple|Heavy-Duty Boots|[from] move: Knock Off|[of] p2a: Ogerpon
|move|p1a: Hydrapple|Nasty Plot|p1a: Hydrapple
|-boost|p1a: Hydrapple|spa|2
|
|upkeep
|turn|17
|
|t:|1769360322
|-terastallize|p1a: Hydrapple|Fairy
|move|p2a: Ogerpon|Knock Off|p1a: Hydrapple
|-resisted|p1a: Hydrapple
|-damage|p1a: Hydrapple|21/100
|move|p1a: Hydrapple|Giga Drain|p2a: Ogerpon
|-supereffective|p2a: Ogerpon
|-damage|p2a: Ogerpon|0 fnt
|-heal|p1a: Hydrapple|55/100|[from] drain|[of] p2a: Ogerpon
|faint|p2a: Ogerpon
|detailschange|p2: Ogerpon|Ogerpon-Wellspring, F|[silent]
|
|upkeep
|
|t:|1769360333
|switch|p2a: Gholdengo|Gholdengo|100/100
|-item|p2a: Gholdengo|Air Balloon
|turn|18
|
|t:|1769360344
|switch|p1a: Samurott|Samurott-Hisui, M, shiny|100/100
|move|p2a: Gholdengo|Make It Rain|p1a: Samurott
|-resisted|p1a: Samurott
|-damage|p1a: Samurott|63/100
|-unboost|p2a: Gholdengo|spa|1
|
|upkeep
|turn|19
|
|t:|1769360370
|switch|p2a: Raging Bolt|Raging Bolt|100/100
|-enditem|p2a: Raging Bolt|Booster Energy
|-activate|p2a: Raging Bolt|ability: Protosynthesis|[fromitem]
|-start|p2a: Raging Bolt|protosynthesisspa
|move|p1a: Samurott|Ceaseless Edge|p2a: Raging Bolt
|-damage|p2a: Raging Bolt|53/100
|-sidestart|p2: Majshshdv|Spikes
|
|upkeep
|turn|20
|
|t:|1769360388
|switch|p1a: Hydrapple|Hydrapple, M, shiny, tera:Fairy|88/100
|-damage|p1a: Hydrapple|76/100|[from] Stealth Rock
|-damage|p1a: Hydrapple|64/100|[from] Spikes
|move|p2a: Raging Bolt|Calm Mind|p2a: Raging Bolt
|-boost|p2a: Raging Bolt|spa|1
|-boost|p2a: Raging Bolt|spd|1
|
|upkeep
|turn|21
|
|t:|1769360399
|move|p2a: Raging Bolt|Thunderbolt|p1a: Hydrapple
|-damage|p1a: Hydrapple|0 fnt
|faint|p1a: Hydrapple
|
|upkeep
|
|t:|1769360408
|switch|p1a: Slowking|Slowking-Galar, M, shiny|100/100
|-damage|p1a: Slowking|88/100|[from] Stealth Rock
|-damage|p1a: Slowking|76/100|[from] Spikes
|turn|22
|
|t:|1769360428
|-end|p2a: Raging Bolt|Protosynthesis|[silent]
|switch|p2a: Weavile|Weavile, M|76/100
|-damage|p2a: Weavile|63/100|[from] Spikes
|-ability|p2a: Weavile|Pressure
|move|p1a: Slowking|Sludge Bomb|p2a: Weavile
|-damage|p2a: Weavile|19/100
|-status|p2a: Weavile|psn
|
|-damage|p2a: Weavile|7/100 psn|[from] psn
|upkeep
|turn|23
|inactive|Majshshdv has 90 seconds left.
|
|t:|1769360465
|switch|p1a: Garganacl|Garganacl, M, shiny|94/100
|-damage|p1a: Garganacl|82/100|[from] Stealth Rock
|-damage|p1a: Garganacl|69/100|[from] Spikes
|move|p2a: Weavile|Low Kick|p1a: Garganacl
|-supereffective|p1a: Garganacl
|-damage|p1a: Garganacl|0 fnt
|faint|p1a: Garganacl
|
|-damage|p2a: Weavile|0 fnt|[from] psn
|faint|p2a: Weavile
|upkeep
|inactive|Folthanos has 60 seconds left.
|inactive|Majshshdv has 60 seconds left.
|
|t:|1769360506
|switch|p2a: Raging Bolt|Raging Bolt|53/100
|switch|p1a: Slowking|Slowking-Galar, M, shiny|100/100
|-damage|p2a: Raging Bolt|41/100|[from] Spikes
|-damage|p1a: Slowking|88/100|[from] Stealth Rock
|-damage|p1a: Slowking|76/100|[from] Spikes
|turn|24
|inactive|Folthanos has 60 seconds left.
|
|t:|1769360521
|move|p2a: Raging Bolt|Thunderbolt|p1a: Slowking
|-damage|p1a: Slowking|46/100
|-status|p1a: Slowking|par
|move|p1a: Slowking|Sludge Bomb|p2a: Raging Bolt
|-damage|p2a: Raging Bolt|6/100
|
|upkeep
|turn|25
|inactive|Folthanos has 60 seconds left.
|
|t:|1769360535
|move|p2a: Raging Bolt|Thunderbolt|p1a: Slowking
|-damage|p1a: Slowking|16/100 par
|move|p1a: Slowking|Sludge Bomb|p2a: Raging Bolt
|-damage|p2a: Raging Bolt|0 fnt
|faint|p2a: Raging Bolt
|-end|p2a: Raging Bolt|Protosynthesis|[silent]
|
|upkeep
|
|t:|1769360539
|switch|p2a: Gholdengo|Gholdengo|100/100
|-item|p2a: Gholdengo|Air Balloon
|turn|26
|
|t:|1769360554
|move|p2a: Gholdengo|Nasty Plot|p2a: Gholdengo
|-boost|p2a: Gholdengo|spa|2
|move|p1a: Slowking|Flamethrower|p2a: Gholdengo
|-supereffective|p2a: Gholdengo
|-damage|p2a: Gholdengo|58/100
|-enditem|p2a: Gholdengo|Air Balloon
|
|upkeep
|turn|27
|
|t:|1769360562
|move|p2a: Gholdengo|Recover|p2a: Gholdengo
|-heal|p2a: Gholdengo|100/100
|move|p1a: Slowking|Flamethrower|p2a: Gholdengo
|-supereffective|p2a: Gholdengo
|-damage|p2a: Gholdengo|58/100
|
|upkeep
|turn|28
|inactive|Majshshdv has 60 seconds left.
|
|t:|1769360570
|move|p2a: Gholdengo|Recover|p2a: Gholdengo
|-heal|p2a: Gholdengo|100/100
|move|p1a: Slowking|Flamethrower|p2a: Gholdengo
|-supereffective|p2a: Gholdengo
|-damage|p2a: Gholdengo|60/100
|
|upkeep
|turn|29
|
|t:|1769360578
|move|p2a: Gholdengo|Recover|p2a: Gholdengo
|-heal|p2a: Gholdengo|100/100
|move|p1a: Slowking|Flamethrower|p2a: Gholdengo
|-supereffective|p2a: Gholdengo
|-crit|p2a: Gholdengo
|-damage|p2a: Gholdengo|31/100
|
|upkeep
|turn|30
|inactive|Folthanos has 90 seconds left.
|
|t:|1769360585
|move|p2a: Gholdengo|Recover|p2a: Gholdengo
|-heal|p2a: Gholdengo|81/100
|move|p1a: Slowking|Flamethrower|p2a: Gholdengo
|-supereffective|p2a: Gholdengo
|-damage|p2a: Gholdengo|37/100
|
|upkeep
|turn|31
|
|t:|1769360591
|move|p2a: Gholdengo|Recover|p2a: Gholdengo
|-heal|p2a: Gholdengo|87/100
|move|p1a: Slowking|Flamethrower|p2a: Gholdengo
|-supereffective|p2a: Gholdengo
|-damage|p2a: Gholdengo|47/100
|
|upkeep
|turn|32
|
|t:|1769360597
|move|p2a: Gholdengo|Recover|p2a: Gholdengo
|-heal|p2a: Gholdengo|97/100
|move|p1a: Slowking|Flamethrower|p2a: Gholdengo
|-supereffective|p2a: Gholdengo
|-damage|p2a: Gholdengo|50/100
|
|upkeep
|turn|33
|
|t:|1769360604
|move|p2a: Gholdengo|Recover|p2a: Gholdengo
|-heal|p2a: Gholdengo|100/100
|move|p1a: Slowking|Flamethrower|p2a: Gholdengo
|-supereffective|p2a: Gholdengo
|-damage|p2a: Gholdengo|56/100
|
|upkeep
|turn|34
|
|t:|1769360610
|move|p2a: Gholdengo|Recover|p2a: Gholdengo
|-heal|p2a: Gholdengo|100/100
|move|p1a: Slowking|Flamethrower|p2a: Gholdengo
|-supereffective|p2a: Gholdengo
|-damage|p2a: Gholdengo|59/100
|
|upkeep
|turn|35
|
|t:|1769360619
|move|p2a: Gholdengo|Shadow Ball|p1a: Slowking
|-supereffective|p1a: Slowking
|-damage|p1a: Slowking|0 fnt
|faint|p1a: Slowking
|
|upkeep
|
|t:|1769360625
|switch|p1a: Samurott|Samurott-Hisui, M, shiny|63/100
|turn|36
|inactive|Folthanos has 120 seconds left.
|
|t:|1769360637
|move|p1a: Samurott|Sucker Punch|p2a: Gholdengo
|-supereffective|p2a: Gholdengo
|-damage|p2a: Gholdengo|11/100
|move|p2a: Gholdengo|Make It Rain|p1a: Samurott
|-resisted|p1a: Samurott
|-damage|p1a: Samurott|0 fnt
|-unboost|p2a: Gholdengo|spa|1
|faint|p1a: Samurott
|
|win|Majshshdv
|raw|Folthanos's rating: 1000 &rarr; <strong>1000</strong><br />(+0 for losing)
|raw|Majshshdv's rating: 1000 &rarr; <strong>1040</strong><br />(+40 for winning)
|l|☆Folthanos
|player|p1|
