|inactive|Battle timer is ON: inactive players will automatically lose when time's up.
|t:|1769367153
|gametype|singles
|player|p1|stareal|#splxviibigs2|
|player|p2|lax|#lax|
|gen|9
|tier|[Gen 9] OU
|rule|HP Percentage Mod: HP is shown in percentages
|rule|Endless Battle Clause: Forcing endless battles is banned
|rule|Species Clause: Limit one of each Pokémon
|rule|OHKO Clause: OHKO moves are banned
|rule|Evasion Items Clause: Evasion items are banned
|rule|Evasion Moves Clause: Evasion moves are banned
|rule|Evasion Abilities Clause: Evasion abilities are banned
|rule|Sleep Moves Clause: Sleep-inducing moves are banned
|clearpoke
|poke|p1|Kingambit, M|
|poke|p1|Great Tusk|
|poke|p1|Garganacl, M|
|poke|p1|Landorus-Therian, M|
|poke|p1|Dragapult, M|
|poke|p1|Slowking-Galar, M|
|poke|p2|Dragapult, M|
|poke|p2|Kingambit, M|
|poke|p2|Volcanion|
|poke|p2|Landorus-Therian, M|
|poke|p2|Tyranitar, F|
|poke|p2|Meowscarada, F|
|teampreview
|c|☆stareal|hf
|c|☆lax|u2
|inactive|stareal has 270 seconds left.
|inactive|lax has 270 seconds left.
|inactive|stareal has 240 seconds left.
|inactive|lax has 240 seconds left.
|rated|Smogon Premier League
|inactive|stareal has 210 seconds left.
|inactive|lax has 210 seconds left.
|
|t:|1769367265
|teamsize|p1|6
|teamsize|p2|6
|start
|switch|p1a: Garganacl|Garganacl, M|100/100
|switch|p2a: Leonardo!|Meowscarada, F|100/100
|turn|1
|inactive|lax has 270 seconds left.
|
|t:|1769367284
|move|p1a: Garganacl|Protect|p1a: Garganacl
|-singleturn|p1a: Garganacl|Protect
|move|p2a: Leonardo!|Flower Trick|p1a: Garganacl
|-start|p2a: Leonardo!|typechange|Grass|[from] ability: Protean
|-activate|p1a: Garganacl|move: Protect
|
|upkeep
|turn|2
|inactive|lax has 270 seconds left.
|inactive|stareal has 240 seconds left.
|inactive|stareal has 210 seconds left.
|inactive|lax has 240 seconds left.
|
|t:|1769367337
|switch|p1a: Kingambit|Kingambit, M|100/100
|move|p2a: Leonardo!|Flower Trick|p1a: Kingambit
|-resisted|p1a: Kingambit
|-crit|p1a: Kingambit
|-damage|p1a: Kingambit|74/100
|
|-heal|p1a: Kingambit|80/100|[from] item: Leftovers
|upkeep
|turn|3
|inactive|stareal has 210 seconds left.
|
|t:|1769367353
|switch|p2a: Jump|Landorus-Therian, M|100/100
|-ability|p2a: Jump|Intimidate|boost
|-unboost|p1a: Kingambit|atk|1
|-end|p1a: Kingambit|fallenundefined|[silent]
|switch|p1a: Dragapult|Dragapult, M|100/100
|
|upkeep
|turn|4
|inactive|stareal has 210 seconds left.
|
|t:|1769367366
|move|p1a: Dragapult|Will-O-Wisp|p2a: Jump|[miss]
|-miss|p1a: Dragapult|p2a: Jump
|move|p2a: Jump|Stealth Rock|p1a: Dragapult
|-sidestart|p1: stareal|move: Stealth Rock
|
|upkeep
|turn|5
|inactive|stareal has 210 seconds left.
|
|t:|1769367371
|move|p1a: Dragapult|Draco Meteor|p2a: Jump|[miss]
|-miss|p1a: Dragapult|p2a: Jump
|move|p2a: Jump|U-turn|p1a: Dragapult
|-resisted|p1a: Dragapult
|-damage|p1a: Dragapult|88/100
|
|t:|1769367378
|switch|p2a: wanna see you|Tyranitar, F|100/100|[from] U-turn
|-weather|Sandstorm|[from] ability: Sand Stream|[of] p2a: wanna see you
|
|-weather|Sandstorm|[upkeep]
|-damage|p1a: Dragapult|82/100|[from] Sandstorm
|upkeep
|turn|6
|
|t:|1769367390
|move|p1a: Dragapult|U-turn|p2a: wanna see you
|-supereffective|p2a: wanna see you
|-damage|p2a: wanna see you|72/100
|
|t:|1769367404
|switch|p1a: Great Tusk|Great Tusk|100/100|[from] U-turn
|-damage|p1a: Great Tusk|97/100|[from] Stealth Rock
|move|p2a: wanna see you|Ice Punch|p1a: Great Tusk
|-supereffective|p1a: Great Tusk
|-damage|p1a: Great Tusk|56/100
|
|-weather|Sandstorm|[upkeep]
|-heal|p1a: Great Tusk|62/100|[from] item: Leftovers
|upkeep
|turn|7
|inactive|lax has 270 seconds left.
|
|t:|1769367418
|switch|p2a: Jump|Landorus-Therian, M|100/100
|-ability|p2a: Jump|Intimidate|boost
|-unboost|p1a: Great Tusk|atk|1
|move|p1a: Great Tusk|Ice Spinner|p2a: Jump
|-supereffective|p2a: Jump
|-damage|p2a: Jump|23/100
|-damage|p1a: Great Tusk|45/100|[from] item: Rocky Helmet|[of] p2a: Jump
|
|-weather|Sandstorm|[upkeep]
|-heal|p1a: Great Tusk|52/100|[from] item: Leftovers
|upkeep
|turn|8
|
|t:|1769367424
|-end|p1a: Great Tusk|Protosynthesis|[silent]
|switch|p1a: Landorus|Landorus-Therian, M|100/100
|-damage|p1a: Landorus|88/100|[from] Stealth Rock
|-ability|p1a: Landorus|Intimidate|boost
|-unboost|p2a: Jump|atk|1
|move|p2a: Jump|U-turn|p1a: Landorus
|-resisted|p1a: Landorus
|-damage|p1a: Landorus|80/100
|
|t:|1769367428
|switch|p2a: bocchi the steam|Volcanion|100/100|[from] U-turn
|
|-weather|Sandstorm|[upkeep]
|-damage|p2a: bocchi the steam|94/100|[from] Sandstorm
|upkeep
|turn|9
|
|t:|1769367456
|move|p1a: Landorus|U-turn|p2a: bocchi the steam
|-resisted|p2a: bocchi the steam
|-damage|p2a: bocchi the steam|83/100
|inactive|stareal has 210 seconds left.
|
|t:|1769367468
|switch|p1a: Dragapult|Dragapult, M|82/100|[from] U-turn
|move|p2a: bocchi the steam|Steam Eruption|p1a: Dragapult
|-resisted|p1a: Dragapult
|-damage|p1a: Dragapult|40/100
|
|-weather|none
|upkeep
|turn|10
|
|t:|1769367475
|move|p1a: Dragapult|U-turn|p2a: bocchi the steam
|-resisted|p2a: bocchi the steam
|-damage|p2a: bocchi the steam|76/100
|
|t:|1769367479
|switch|p1a: Slowking|Slowking-Galar, M|100/100|[from] U-turn
|move|p2a: bocchi the steam|Steam Eruption|p1a: Slowking
|-crit|p1a: Slowking
|-damage|p1a: Slowking|40/100
|-status|p1a: Slowking|brn
|
|-damage|p1a: Slowking|34/100 brn|[from] brn
|upkeep
|turn|11
|inactive|stareal has 210 seconds left.
|
|t:|1769367504
|move|p2a: bocchi the steam|Steam Eruption|p1a: Slowking
|-damage|p1a: Slowking|0 fnt
|faint|p1a: Slowking
|
|upkeep
|
|t:|1769367513
|switch|p1a: Garganacl|Garganacl, M|100/100
|-damage|p1a: Garganacl|88/100|[from] Stealth Rock
|turn|12
|
|t:|1769367518
|-terastallize|p1a: Garganacl|Water
|move|p2a: bocchi the steam|Taunt|p1a: Garganacl
|-start|p1a: Garganacl|move: Taunt
|move|p1a: Garganacl|Salt Cure|p2a: bocchi the steam
|-supereffective|p2a: bocchi the steam
|-damage|p2a: bocchi the steam|53/100
|-start|p2a: bocchi the steam|Salt Cure
|
|-heal|p1a: Garganacl|94/100|[from] item: Leftovers
|-damage|p2a: bocchi the steam|28/100|[from] Salt Cure
|upkeep
|turn|13
|
|t:|1769367525
|switch|p2a: Leonardo!|Meowscarada, F|100/100
|move|p1a: Garganacl|Salt Cure|p2a: Leonardo!
|-damage|p2a: Leonardo!|81/100
|-start|p2a: Leonardo!|Salt Cure
|
|-heal|p1a: Garganacl|100/100|[from] item: Leftovers
|-damage|p2a: Leonardo!|68/100|[from] Salt Cure
|upkeep
|turn|14
|
|t:|1769367541
|switch|p1a: Kingambit|Kingambit, M|80/100
|-damage|p1a: Kingambit|74/100|[from] Stealth Rock
|-activate|p1a: Kingambit|ability: Supreme Overlord
|-start|p1a: Kingambit|fallen1|[silent]
|move|p2a: Leonardo!|Flower Trick|p1a: Kingambit
|-start|p2a: Leonardo!|typechange|Grass|[from] ability: Protean
|-resisted|p1a: Kingambit
|-crit|p1a: Kingambit
|-damage|p1a: Kingambit|46/100
|
|-heal|p1a: Kingambit|52/100|[from] item: Leftovers
|-damage|p2a: Leonardo!|56/100|[from] Salt Cure
|upkeep
|turn|15
|
|t:|1769367552
|switch|p2a: Jump|Landorus-Therian, M|23/100
|-ability|p2a: Jump|Intimidate|boost
|-unboost|p1a: Kingambit|atk|1
|move|p1a: Kingambit|Kowtow Cleave|p2a: Jump
|-damage|p2a: Jump|0 fnt
|-damage|p1a: Kingambit|36/100|[from] item: Rocky Helmet|[of] p2a: Jump
|faint|p2a: Jump
|
|-heal|p1a: Kingambit|42/100|[from] item: Leftovers
|upkeep
|
|t:|1769367578
|switch|p2a: wanna see you|Tyranitar, F|72/100
|-weather|Sandstorm|[from] ability: Sand Stream|[of] p2a: wanna see you
|turn|16
|
|t:|1769367589
|-end|p1a: Kingambit|fallen1|[silent]
|switch|p1a: Landorus|Landorus-Therian, M|80/100
|-damage|p1a: Landorus|68/100|[from] Stealth Rock
|-ability|p1a: Landorus|Intimidate|boost
|-unboost|p2a: wanna see you|atk|1
|move|p2a: wanna see you|Low Kick|p1a: Landorus
|-resisted|p1a: Landorus
|-damage|p1a: Landorus|56/100
|
|-weather|Sandstorm|[upkeep]
|upkeep
|turn|17
|
|t:|1769367601
|switch|p2a: bocchi the steam|Volcanion|28/100
|move|p1a: Landorus|Earthquake|p2a: bocchi the steam
|-supereffective|p2a: bocchi the steam
|-enditem|p2a: bocchi the steam|Shuca Berry|[eat]
|-enditem|p2a: bocchi the steam|Shuca Berry|[weaken]
|-damage|p2a: bocchi the steam|0 fnt
|faint|p2a: bocchi the steam
|
|-weather|Sandstorm|[upkeep]
|upkeep
|
|t:|1769367612
|switch|p2a: Around|Dragapult, M|100/100
|turn|18
|
|t:|1769367617
|switch|p1a: Garganacl|Garganacl, M, tera:Water|100/100
|-damage|p1a: Garganacl|88/100|[from] Stealth Rock
|move|p2a: Around|Dragon Darts|p1a: Garganacl
|-damage|p1a: Garganacl|64/100
|-anim|p2a: Around|Dragon Darts|p1a: Garganacl
|-crit|p1a: Garganacl
|-damage|p1a: Garganacl|28/100
|
|-weather|Sandstorm|[upkeep]
|-damage|p2a: Around|95/100|[from] Sandstorm
|-damage|p1a: Garganacl|22/100|[from] Sandstorm
|-heal|p1a: Garganacl|28/100|[from] item: Leftovers
|upkeep
|turn|19
|
|t:|1769367632
|move|p1a: Garganacl|Protect|p1a: Garganacl
|-singleturn|p1a: Garganacl|Protect
|move|p2a: Around|Dragon Darts|p1a: Garganacl
|-activate|p1a: Garganacl|move: Protect
|
|-weather|Sandstorm|[upkeep]
|-damage|p2a: Around|89/100|[from] Sandstorm
|-damage|p1a: Garganacl|22/100|[from] Sandstorm
|-heal|p1a: Garganacl|28/100|[from] item: Leftovers
|upkeep
|turn|20
|
|t:|1769367655
|move|p2a: Around|Dragon Darts|p1a: Garganacl
|-damage|p1a: Garganacl|6/100
|-anim|p2a: Around|Dragon Darts|p1a: Garganacl
|-damage|p1a: Garganacl|0 fnt
|faint|p1a: Garganacl
|
|-weather|none
|upkeep
|inactive|stareal has 210 seconds left.
|
|t:|1769367666
|switch|p1a: Kingambit|Kingambit, M|42/100
|-damage|p1a: Kingambit|36/100|[from] Stealth Rock
|-activate|p1a: Kingambit|ability: Supreme Overlord
|-start|p1a: Kingambit|fallen2|[silent]
|turn|21
|inactive|stareal has 210 seconds left.
|inactive|lax has 270 seconds left.
|inactive|stareal has 180 seconds left.
|inactive|lax has 240 seconds left.
|inactive|stareal has 150 seconds left.
|inactive|lax has 210 seconds left.
|inactive|stareal has 120 seconds left.
|inactive|lax has 180 seconds left.
|inactive|stareal has 90 seconds left.
|inactive|lax has 150 seconds left.
|
|t:|1769367821
|switch|p2a: Leonardo!|Meowscarada, F|56/100
|move|p1a: Kingambit|Iron Head|p2a: Leonardo!
|-damage|p2a: Leonardo!|0 fnt
|faint|p2a: Leonardo!
|
|-heal|p1a: Kingambit|42/100|[from] item: Leftovers
|upkeep
|
|t:|1769367825
|switch|p2a: wanna see you|Tyranitar, F|72/100
|-weather|Sandstorm|[from] ability: Sand Stream|[of] p2a: wanna see you
|turn|22
|
|t:|1769367835
|-end|p1a: Kingambit|fallen2|[silent]
|switch|p1a: Landorus|Landorus-Therian, M|56/100
|-damage|p1a: Landorus|44/100|[from] Stealth Rock
|-ability|p1a: Landorus|Intimidate|boost
|-unboost|p2a: wanna see you|atk|1
|move|p2a: wanna see you|Knock Off|p1a: Landorus
|-damage|p1a: Landorus|0 fnt
|-enditem|p1a: Landorus|Choice Scarf|[from] move: Knock Off|[of] p2a: wanna see you
|faint|p1a: Landorus
|
|-weather|Sandstorm|[upkeep]
|upkeep
|
|t:|1769367843
|switch|p1a: Great Tusk|Great Tusk|52/100
|-damage|p1a: Great Tusk|48/100|[from] Stealth Rock
|turn|23
|
|t:|1769367851
|switch|p2a: Around|Dragapult, M|89/100
|move|p1a: Great Tusk|Headlong Rush|p2a: Around
|-damage|p2a: Around|0 fnt
|-unboost|p1a: Great Tusk|def|1
|-unboost|p1a: Great Tusk|spd|1
|faint|p2a: Around
|
|-weather|Sandstorm|[upkeep]
|-heal|p1a: Great Tusk|55/100|[from] item: Leftovers
|upkeep
|inactive|lax has 180 seconds left.
|
|t:|1769367856
|switch|p2a: post purge S|Kingambit, M|100/100
|-activate|p2a: post purge S|ability: Supreme Overlord
|-start|p2a: post purge S|fallen4|[silent]
|turn|24
|inactive|stareal has 90 seconds left.
|
|t:|1769367873
|-end|p1a: Great Tusk|Protosynthesis|[silent]
|switch|p1a: Kingambit|Kingambit, M|42/100
|-damage|p1a: Kingambit|36/100|[from] Stealth Rock
|-activate|p1a: Kingambit|ability: Supreme Overlord
|-start|p1a: Kingambit|fallen3|[silent]
|-terastallize|p2a: post purge S|Fairy
|move|p2a: post purge S|Tera Blast|p1a: Kingambit|[anim] Tera Blast Fairy
|-damage|p1a: Kingambit|0 fnt
|faint|p1a: Kingambit
|-end|p1a: Kingambit|fallen3|[silent]
|
|-weather|Sandstorm|[upkeep]
|-damage|p2a: post purge S|94/100|[from] Sandstorm
|upkeep
|
|t:|1769367885
|switch|p1a: Dragapult|Dragapult, M|40/100
|turn|25
|inactive|lax has 180 seconds left.
|inactive|stareal has 60 seconds left.
|inactive|lax has 150 seconds left.
|inactive|stareal has 30 seconds left.
|inactive|stareal has 20 seconds left.
|
|t:|1769367968
|move|p1a: Dragapult|Hex|p2a: post purge S
|-damage|p2a: post purge S|66/100
|move|p2a: post purge S|Tera Blast|p1a: Dragapult|[anim] Tera Blast Fairy
|-supereffective|p1a: Dragapult
|-damage|p1a: Dragapult|0 fnt
|faint|p1a: Dragapult
|
|-weather|Sandstorm|[upkeep]
|-damage|p2a: post purge S|60/100|[from] Sandstorm
|upkeep
|inactive|stareal has 25 seconds left this turn.
|
|t:|1769367970
|switch|p1a: Great Tusk|Great Tusk|55/100
|-damage|p1a: Great Tusk|52/100|[from] Stealth Rock
|turn|26
|
|t:|1769367977
|move|p1a: Great Tusk|Headlong Rush|p2a: post purge S
|-damage|p2a: post purge S|8/100
|-unboost|p1a: Great Tusk|def|1
|-unboost|p1a: Great Tusk|spd|1
|move|p2a: post purge S|Tera Blast|p1a: Great Tusk|[anim] Tera Blast Fairy
|-supereffective|p1a: Great Tusk
|-damage|p1a: Great Tusk|0 fnt
|faint|p1a: Great Tusk
|-end|p1a: Great Tusk|Protosynthesis|[silent]
|
|win|lax
|c|☆lax|gg
|c|☆stareal|gg
