|j|☆elmmg
|j|☆supabro10
|t:|1769404945
|gametype|singles
|player|p1|elmmg|giovanni|1225
|player|p2|supabro10|juan|1212
|gen|9
|tier|[Gen 9] OU
|rated|
|rule|HP Percentage Mod: HP is shown in percentages
|rule|Endless Battle Clause: Forcing endless battles is banned
|rule|Species Clause: Limit one of each Pokémon
|rule|OHKO Clause: OHKO moves are banned
|rule|Evasion Items Clause: Evasion items are banned
|rule|Evasion Moves Clause: Evasion moves are banned
|rule|Evasion Abilities Clause: Evasion abilities are banned
|rule|Sleep Moves Clause: Sleep-inducing moves are banned
|clearpoke
|poke|p1|Heatran, M|
|poke|p1|Slither Wing|
|poke|p1|Ninetales, M|
|poke|p1|Hatterene, F|
|poke|p1|Walking Wake|
|poke|p1|Landorus-Therian, M|
|poke|p2|Rillaboom, F|
|poke|p2|Ting-Lu|
|poke|p2|Dragapult, M|
|poke|p2|Maushold|
|poke|p2|Iron Crown|
|poke|p2|Samurott-Hisui, F|
|teampreview
|inactive|Battle timer is ON: inactive players will automatically lose when time's up. (requested by elmmg)
|
|t:|1769404953
|teamsize|p1|6
|teamsize|p2|6
|start
|switch|p1a: Slither Wing|Slither Wing|100/100
|switch|p2a: Uggh A Lugg|Samurott-Hisui, F|100/100
|turn|1
|
|t:|1769404959
|switch|p2a: Pulty|Dragapult, M|100/100
|move|p1a: Slither Wing|First Impression|p2a: Pulty
|-resisted|p2a: Pulty
|-damage|p2a: Pulty|62/100
|
|upkeep
|turn|2
|
|t:|1769404963
|-end|p1a: Slither Wing|Protosynthesis|[silent]
|switch|p1a: Landorus|Landorus-Therian, M|100/100
|-ability|p1a: Landorus|Intimidate|boost
|-fail|p2a: Pulty|unboost|[from] ability: Clear Body|[of] p2a: Pulty
|move|p2a: Pulty|Dragon Dance|p2a: Pulty
|-boost|p2a: Pulty|atk|1
|-boost|p2a: Pulty|spe|1
|
|upkeep
|turn|3
|
|t:|1769404977
|-terastallize|p2a: Pulty|Dragon
|move|p2a: Pulty|Dragon Darts|p1a: Landorus
|-damage|p1a: Landorus|35/100
|-anim|p2a: Pulty|Dragon Darts|p1a: Landorus
|-damage|p1a: Landorus|0 fnt
|faint|p1a: Landorus
|-damage|p2a: Pulty|53/100|[from] item: Life Orb
|
|upkeep
|
|t:|1769404989
|switch|p1a: Ninetales|Ninetales, M|100/100
|-weather|SunnyDay|[from] ability: Drought|[of] p1a: Ninetales
|turn|4
|
|t:|1769404992
|move|p2a: Pulty|Dragon Darts|p1a: Ninetales
|-damage|p1a: Ninetales|17/100
|-anim|p2a: Pulty|Dragon Darts|p1a: Ninetales
|-damage|p1a: Ninetales|0 fnt
|faint|p1a: Ninetales
|-damage|p2a: Pulty|43/100|[from] item: Life Orb
|
|-weather|SunnyDay|[upkeep]
|upkeep
|
|t:|1769405002
|switch|p1a: Slither Wing|Slither Wing|100/100
|-activate|p1a: Slither Wing|ability: Protosynthesis
|-start|p1a: Slither Wing|protosynthesisatk
|turn|5
|
|t:|1769405009
|move|p1a: Slither Wing|First Impression|p2a: Pulty
|-damage|p2a: Pulty|0 fnt
|faint|p2a: Pulty
|
|-weather|SunnyDay|[upkeep]
|upkeep
|inactive|supabro10 has 120 seconds left.
|
|t:|1769405040
|switch|p2a: Uggh A Lugg|Samurott-Hisui, F|100/100
|turn|6
|
|t:|1769405046
|move|p2a: Uggh A Lugg|Ceaseless Edge|p1a: Slither Wing
|-resisted|p1a: Slither Wing
|-damage|p1a: Slither Wing|71/100
|-sidestart|p1: elmmg|Spikes
|move|p1a: Slither Wing|U-turn|p2a: Uggh A Lugg
|-supereffective|p2a: Uggh A Lugg
|-damage|p2a: Uggh A Lugg|0 fnt
|faint|p2a: Uggh A Lugg
|inactive|elmmg has 120 seconds left.
|
|t:|1769405077
|-end|p1a: Slither Wing|Protosynthesis|[silent]
|switch|p1a: Heatran|Heatran, M, shiny|100/100|[from] U-turn
|-item|p1a: Heatran|Air Balloon
|
|-weather|SunnyDay|[upkeep]
|upkeep
|
|t:|1769405087
|switch|p2a: Agarthan King|Iron Crown|100/100
|-enditem|p2a: Agarthan King|Booster Energy
|-activate|p2a: Agarthan King|ability: Quark Drive|[fromitem]
|-start|p2a: Agarthan King|quarkdrivespe
|turn|7
|
|t:|1769405091
|move|p2a: Agarthan King|Focus Blast|p1a: Heatran|[miss]
|-miss|p2a: Agarthan King|p1a: Heatran
|move|p1a: Heatran|Flamethrower|p2a: Agarthan King
|-supereffective|p2a: Agarthan King
|-damage|p2a: Agarthan King|0 fnt
|faint|p2a: Agarthan King
|-end|p2a: Agarthan King|Quark Drive|[silent]
|
|-weather|SunnyDay|[upkeep]
|upkeep
|
|t:|1769405105
|switch|p2a: Ting-Goo|Ting-Lu|100/100
|-ability|p2a: Ting-Goo|Vessel of Ruin
|turn|8
|
|t:|1769405122
|move|p1a: Heatran|Taunt|p2a: Ting-Goo
|-start|p2a: Ting-Goo|move: Taunt
|move|p2a: Ting-Goo|Payback|p1a: Heatran
|-crit|p1a: Heatran
|-damage|p1a: Heatran|44/100
|-enditem|p1a: Heatran|Air Balloon
|
|-weather|SunnyDay|[upkeep]
|upkeep
|turn|9
|
|t:|1769405130
|move|p1a: Heatran|Solar Beam||[still]
|-prepare|p1a: Heatran|Solar Beam
|-anim|p1a: Heatran|Solar Beam|p2a: Ting-Goo
|-supereffective|p2a: Ting-Goo
|-damage|p2a: Ting-Goo|47/100
|move|p2a: Ting-Goo|Earthquake|p1a: Heatran
|-supereffective|p1a: Heatran
|-damage|p1a: Heatran|0 fnt
|faint|p1a: Heatran
|
|-weather|SunnyDay|[upkeep]
|-heal|p2a: Ting-Goo|53/100|[from] item: Leftovers
|upkeep
|
|t:|1769405143
|switch|p1a: Slither Wing|Slither Wing|71/100
|-damage|p1a: Slither Wing|58/100|[from] Spikes
|-activate|p1a: Slither Wing|ability: Protosynthesis
|-start|p1a: Slither Wing|protosynthesisatk
|turn|10
|
|t:|1769405149
|move|p1a: Slither Wing|U-turn|p2a: Ting-Goo
|-supereffective|p2a: Ting-Goo
|-damage|p2a: Ting-Goo|7/100
|
|t:|1769405152
|-end|p1a: Slither Wing|Protosynthesis|[silent]
|switch|p1a: Hatterene|Hatterene, F|100/100|[from] U-turn
|-damage|p1a: Hatterene|88/100|[from] Spikes
|move|p2a: Ting-Goo|Payback|p1a: Hatterene
|-damage|p1a: Hatterene|71/100
|
|-weather|SunnyDay|[upkeep]
|-heal|p2a: Ting-Goo|13/100|[from] item: Leftovers
|-end|p2a: Ting-Goo|move: Taunt
|upkeep
|turn|11
|
|t:|1769405156
|move|p2a: Ting-Goo|Earthquake|p1a: Hatterene
|-damage|p1a: Hatterene|40/100
|move|p1a: Hatterene|Draining Kiss|p2a: Ting-Goo
|-supereffective|p2a: Ting-Goo
|-damage|p2a: Ting-Goo|0 fnt
|-heal|p1a: Hatterene|55/100|[from] drain|[of] p2a: Ting-Goo
|faint|p2a: Ting-Goo
|
|-weather|none
|upkeep
|
|t:|1769405170
|switch|p2a: Ape Droid|Rillaboom, F|100/100
|-fieldstart|move: Grassy Terrain|[from] ability: Grassy Surge|[of] p2a: Ape Droid
|turn|12
|
|t:|1769405185
|move|p2a: Ape Droid|Knock Off|p1a: Hatterene
|-damage|p1a: Hatterene|22/100
|-enditem|p1a: Hatterene|Custap Berry|[from] move: Knock Off|[of] p2a: Ape Droid
|-damage|p2a: Ape Droid|91/100|[from] item: Life Orb
|move|p1a: Hatterene|Mystical Fire|p2a: Ape Droid
|-supereffective|p2a: Ape Droid
|-damage|p2a: Ape Droid|32/100
|-unboost|p2a: Ape Droid|spa|1
|
|-heal|p2a: Ape Droid|39/100|[from] Grassy Terrain
|-heal|p1a: Hatterene|28/100|[from] Grassy Terrain
|upkeep
|turn|13
|
|t:|1769405204
|move|p2a: Ape Droid|Grassy Glide|p1a: Hatterene
|-damage|p1a: Hatterene|0 fnt
|faint|p1a: Hatterene
|-damage|p2a: Ape Droid|29/100|[from] item: Life Orb
|
|-heal|p2a: Ape Droid|35/100|[from] Grassy Terrain
|upkeep
|
|t:|1769405215
|switch|p1a: Slither Wing|Slither Wing|58/100
|-damage|p1a: Slither Wing|46/100|[from] Spikes
|turn|14
|
|t:|1769405218
|move|p1a: Slither Wing|First Impression|p2a: Ape Droid
|-supereffective|p2a: Ape Droid
|-damage|p2a: Ape Droid|0 fnt
|faint|p2a: Ape Droid
|
|-heal|p1a: Slither Wing|52/100|[from] Grassy Terrain
|upkeep
|
|t:|1769405220
|switch|p2a: Ough|Maushold|100/100
|turn|15
|
|t:|1769405246
|move|p2a: Ough|Aerial Ace|p1a: Slither Wing
|-supereffective|p1a: Slither Wing
|-damage|p1a: Slither Wing|0 fnt
|faint|p1a: Slither Wing
|-end|p1a: Slither Wing|Protosynthesis|[silent]
|
|upkeep
|
|t:|1769405248
|switch|p1a: Walking Wake|Walking Wake|100/100
|-damage|p1a: Walking Wake|88/100|[from] Spikes
|turn|16
|
|t:|1769405256
|-terastallize|p1a: Walking Wake|Water
|move|p2a: Ough|Population Bomb|p1a: Walking Wake
|-damage|p1a: Walking Wake|77/100
|-damage|p1a: Walking Wake|64/100
|-damage|p1a: Walking Wake|52/100
|-hitcount|p1a: Walking Wake|3
|move|p1a: Walking Wake|Hydro Steam|p2a: Ough
|-damage|p2a: Ough|0 fnt
|faint|p2a: Ough
|
|win|elmmg
|raw|elmmg's rating: 1225 &rarr; <strong>1249</strong><br />(+24 for winning)
|raw|supabro10's rating: 1212 &rarr; <strong>1188</strong><br />(-24 for losing)
|l|☆elmmg
|player|p1|
|l|☆supabro10
|player|p2|
