|j|☆Igoodnamename
|j|☆apexacer
|t:|1769422610
|gametype|singles
|player|p1|Igoodnamename|266|1552
|player|p2|apexacer|266|1648
|gen|9
|tier|[Gen 9] OU
|rated|
|rule|HP Percentage Mod: HP is shown in percentages
|rule|Endless Battle Clause: Forcing endless battles is banned
|rule|Species Clause: Limit one of each Pokémon
|rule|OHKO Clause: OHKO moves are banned
|rule|Evasion Items Clause: Evasion items are banned
|rule|Evasion Moves Clause: Evasion moves are banned
|rule|Evasion Abilities Clause: Evasion abilities are banned
|rule|Sleep Moves Clause: Sleep-inducing moves are banned
|clearpoke
|poke|p1|Pecharunt|
|poke|p1|Great Tusk|
|poke|p1|Garganacl, F|
|poke|p1|Primarina, F|
|poke|p1|Darkrai|
|poke|p1|Ogerpon, F|
|poke|p2|Indeedee, M|
|poke|p2|Kingambit, F|
|poke|p2|Polteageist|
|poke|p2|Grimmsnarl, M|
|poke|p2|Great Tusk|
|poke|p2|Kyurem|
|teampreview
|
|t:|1769422624
|teamsize|p1|6
|teamsize|p2|6
|start
|switch|p1a: Garganacl|Garganacl, F|100/100
|switch|p2a: Great Tusk|Great Tusk|100/100
|turn|1
|inactive|Battle timer is ON: inactive players will automatically lose when time's up. (requested by apexacer)
|
|t:|1769422632
|move|p2a: Great Tusk|Stealth Rock|p1a: Garganacl
|-sidestart|p1: Igoodnamename|move: Stealth Rock
|move|p1a: Garganacl|Salt Cure|p2a: Great Tusk
|-resisted|p2a: Great Tusk
|-damage|p2a: Great Tusk|98/100
|-start|p2a: Great Tusk|Salt Cure
|
|-damage|p2a: Great Tusk|86/100|[from] Salt Cure
|upkeep
|turn|2
|j| hbgzd
|
|t:|1769422637
|move|p2a: Great Tusk|Headlong Rush|p1a: Garganacl
|-supereffective|p1a: Garganacl
|-damage|p1a: Garganacl|18/100
|-unboost|p2a: Great Tusk|def|1
|-unboost|p2a: Great Tusk|spd|1
|move|p1a: Garganacl|Stealth Rock|p2a: Great Tusk
|-sidestart|p2: apexacer|move: Stealth Rock
|
|-heal|p1a: Garganacl|25/100|[from] item: Leftovers
|-damage|p2a: Great Tusk|73/100|[from] Salt Cure
|upkeep
|turn|3
|
|t:|1769422644
|move|p1a: Garganacl|Protect|p1a: Garganacl
|-singleturn|p1a: Garganacl|Protect
|move|p2a: Great Tusk|Headlong Rush|p1a: Garganacl
|-activate|p1a: Garganacl|move: Protect
|
|-heal|p1a: Garganacl|31/100|[from] item: Leftovers
|-damage|p2a: Great Tusk|61/100|[from] Salt Cure
|upkeep
|turn|4
|
|t:|1769422647
|switch|p1a: Ogerpon|Ogerpon, F|100/100
|-damage|p1a: Ogerpon|88/100|[from] Stealth Rock
|move|p2a: Great Tusk|Headlong Rush|p1a: Ogerpon
|-resisted|p1a: Ogerpon
|-damage|p1a: Ogerpon|45/100
|-unboost|p2a: Great Tusk|def|1
|-unboost|p2a: Great Tusk|spd|1
|
|-damage|p2a: Great Tusk|48/100|[from] Salt Cure
|upkeep
|turn|5
|
|t:|1769422653
|-end|p2a: Great Tusk|Protosynthesis|[silent]
|switch|p2a: Kyurem|Kyurem|100/100
|-damage|p2a: Kyurem|76/100|[from] Stealth Rock
|-ability|p2a: Kyurem|Pressure
|move|p1a: Ogerpon|Ivy Cudgel|p2a: Kyurem
|-resisted|p2a: Kyurem
|-damage|p2a: Kyurem|41/100
|
|upkeep
|turn|6
|
|t:|1769422661
|-terastallize|p1a: Ogerpon|Grass
|detailschange|p1a: Ogerpon|Ogerpon-Teal-Tera, F, tera:Grass
|-ability|p1a: Ogerpon|Embody Aspect (Teal)|boost
|-boost|p1a: Ogerpon|spe|1
|move|p1a: Ogerpon|Ivy Cudgel|p2a: Kyurem
|-resisted|p2a: Kyurem
|-damage|p2a: Kyurem|0 fnt
|faint|p2a: Kyurem
|
|upkeep
|
|t:|1769422670
|switch|p2a: Grimmsnarl|Grimmsnarl, M|100/100
|-damage|p2a: Grimmsnarl|88/100|[from] Stealth Rock
|turn|7
|
|t:|1769422674
|move|p2a: Grimmsnarl|Reflect|p2a: Grimmsnarl
|-sidestart|p2: apexacer|Reflect
|move|p1a: Ogerpon|Ivy Cudgel|p2a: Grimmsnarl
|-damage|p2a: Grimmsnarl|30/100
|
|upkeep
|turn|8
|
|t:|1769422679
|move|p2a: Grimmsnarl|Thunder Wave|p1a: Ogerpon|[miss]
|-miss|p2a: Grimmsnarl|p1a: Ogerpon
|move|p1a: Ogerpon|Ivy Cudgel|p2a: Grimmsnarl
|-damage|p2a: Grimmsnarl|0 fnt
|faint|p2a: Grimmsnarl
|
|upkeep
|
|t:|1769422689
|switch|p2a: Kingambit|Kingambit, F|100/100
|-damage|p2a: Kingambit|94/100|[from] Stealth Rock
|-activate|p2a: Kingambit|ability: Supreme Overlord
|-start|p2a: Kingambit|fallen2|[silent]
|turn|9
|
|t:|1769422702
|switch|p1a: Great Tusk|Great Tusk|100/100
|move|p2a: Kingambit|Iron Head|p1a: Great Tusk
|-damage|p1a: Great Tusk|57/100
|
|upkeep
|turn|10
|
|t:|1769422711
|-end|p2a: Kingambit|fallen2|[silent]
|switch|p2a: Polteageist|Polteageist|100/100
|-damage|p2a: Polteageist|88/100|[from] Stealth Rock
|move|p1a: Great Tusk|Close Combat|p2a: Polteageist
|-immune|p2a: Polteageist
|
|upkeep
|turn|11
|
|t:|1769422728
|move|p1a: Great Tusk|Ice Spinner|p2a: Polteageist
|-damage|p2a: Polteageist|61/100
|-start|p1a: Great Tusk|Disable|Ice Spinner|[from] ability: Cursed Body|[of] p2a: Polteageist
|move|p2a: Polteageist|Shell Smash|p2a: Polteageist
|-unboost|p2a: Polteageist|def|1
|-unboost|p2a: Polteageist|spd|1
|-boost|p2a: Polteageist|atk|2
|-boost|p2a: Polteageist|spa|2
|-boost|p2a: Polteageist|spe|2
|-enditem|p2a: Polteageist|White Herb
|-clearnegativeboost|p2a: Polteageist|[silent]
|
|upkeep
|turn|12
|
|t:|1769422738
|-end|p1a: Great Tusk|Protosynthesis|[silent]
|switch|p1a: Garganacl|Garganacl, F|31/100
|-damage|p1a: Garganacl|18/100|[from] Stealth Rock
|move|p2a: Polteageist|Shadow Ball|p1a: Garganacl
|-damage|p1a: Garganacl|0 fnt
|faint|p1a: Garganacl
|
|upkeep
|
|t:|1769422741
|switch|p1a: Primarina|Primarina, F|100/100
|-damage|p1a: Primarina|88/100|[from] Stealth Rock
|turn|13
|
|t:|1769422749
|move|p2a: Polteageist|Stored Power|p1a: Primarina
|-damage|p1a: Primarina|16/100
|move|p1a: Primarina|Psychic Noise|p2a: Polteageist
|-damage|p2a: Polteageist|27/100
|-start|p2a: Polteageist|move: Heal Block
|-start|p1a: Primarina|Disable|Psychic Noise|[from] ability: Cursed Body|[of] p2a: Polteageist
|
|upkeep
|turn|14
|
|t:|1769422759
|move|p2a: Polteageist|Shadow Ball|p1a: Primarina
|-damage|p1a: Primarina|0 fnt
|faint|p1a: Primarina
|
|-end|p2a: Polteageist|move: Heal Block
|-sideend|p2: apexacer|Reflect
|upkeep
|
|t:|1769422771
|switch|p1a: Darkrai|Darkrai|100/100
|-damage|p1a: Darkrai|88/100|[from] Stealth Rock
|turn|15
|j| deadbyflinch
|j| scarfwake
|
|t:|1769422776
|-terastallize|p2a: Polteageist|Fighting
|move|p2a: Polteageist|Tera Blast|p1a: Darkrai|[anim] Tera Blast Fighting
|-supereffective|p1a: Darkrai
|-damage|p1a: Darkrai|0 fnt
|faint|p1a: Darkrai
|
|upkeep
|
|t:|1769422783
|switch|p1a: Ogerpon|Ogerpon-Teal-Tera, F, tera:Grass|45/100
|-damage|p1a: Ogerpon|33/100|[from] Stealth Rock
|-ability|p1a: Ogerpon|Embody Aspect (Teal)|boost
|-boost|p1a: Ogerpon|spe|1
|turn|16
|
|t:|1769422789
|move|p1a: Ogerpon|Ivy Cudgel|p2a: Polteageist
|-damage|p2a: Polteageist|0 fnt
|faint|p2a: Polteageist
|
|upkeep
|
|t:|1769422798
|switch|p2a: Kingambit|Kingambit, F|94/100
|-damage|p2a: Kingambit|88/100|[from] Stealth Rock
|-activate|p2a: Kingambit|ability: Supreme Overlord
|-start|p2a: Kingambit|fallen3|[silent]
|turn|17
|
|t:|1769422807
|move|p1a: Ogerpon|Ivy Cudgel|p2a: Kingambit
|-resisted|p2a: Kingambit
|-crit|p2a: Kingambit
|-damage|p2a: Kingambit|36/100
|move|p2a: Kingambit|Iron Head|p1a: Ogerpon
|-damage|p1a: Ogerpon|0 fnt
|faint|p1a: Ogerpon
|detailschange|p1: Ogerpon|Ogerpon, F|[silent]
|
|upkeep
|
|t:|1769422813
|switch|p1a: Great Tusk|Great Tusk|57/100
|turn|18
|
|t:|1769422823
|-end|p2a: Kingambit|fallen3|[silent]
|switch|p2a: Great Tusk|Great Tusk|48/100
|-damage|p2a: Great Tusk|46/100|[from] Stealth Rock
|move|p1a: Great Tusk|Headlong Rush|p2a: Great Tusk
|-damage|p2a: Great Tusk|0 fnt
|-unboost|p1a: Great Tusk|def|1
|-unboost|p1a: Great Tusk|spd|1
|-damage|p1a: Great Tusk|40/100|[from] item: Rocky Helmet|[of] p2a: Great Tusk
|faint|p2a: Great Tusk
|-end|p2a: Great Tusk|Protosynthesis|[silent]
|
|upkeep
|
|t:|1769422834
|switch|p2a: Indeedee|Indeedee, M|100/100
|-damage|p2a: Indeedee|88/100|[from] Stealth Rock
|-fieldstart|move: Psychic Terrain|[from] ability: Psychic Surge|[of] p2a: Indeedee
|turn|19
|j| js_redstar
|
|t:|1769422841
|-end|p1a: Great Tusk|Protosynthesis|[silent]
|switch|p1a: Pecharunt|Pecharunt|100/100
|move|p2a: Indeedee|Expanding Force|p1a: Pecharunt
|-supereffective|p1a: Pecharunt
|-damage|p1a: Pecharunt|0 fnt
|faint|p1a: Pecharunt
|
|upkeep
|
|t:|1769422844
|switch|p1a: Great Tusk|Great Tusk|40/100
|turn|20
|
|t:|1769422848
|move|p2a: Indeedee|Expanding Force|p1a: Great Tusk
|-supereffective|p1a: Great Tusk
|-damage|p1a: Great Tusk|0 fnt
|faint|p1a: Great Tusk
|-end|p1a: Great Tusk|Protosynthesis|[silent]
|
|win|apexacer
|raw|Igoodnamename's rating: 1552 &rarr; <strong>1537</strong><br />(-15 for losing)
|raw|apexacer's rating: 1648 &rarr; <strong>1663</strong><br />(+15 for winning)
|c|☆Igoodnamename|ggs
|c|☆apexacer|gg
|l|☆apexacer
|player|p2|
|l|☆Igoodnamename
|player|p1|
|l| scarfwake
|l| deadbyflinch
|l| hbgzd
