|j|☆Egrassi
|j|☆NameTay
|t:|1769391351
|gametype|singles
|player|p1|Egrassi|1|
|player|p2|NameTay|swimmer-gen4dp|
|gen|9
|tier|[Gen 9] OU
|rule|HP Percentage Mod: HP is shown in percentages
|rule|Endless Battle Clause: Forcing endless battles is banned
|rule|Species Clause: Limit one of each Pokémon
|rule|OHKO Clause: OHKO moves are banned
|rule|Evasion Items Clause: Evasion items are banned
|rule|Evasion Moves Clause: Evasion moves are banned
|rule|Evasion Abilities Clause: Evasion abilities are banned
|rule|Sleep Moves Clause: Sleep-inducing moves are banned
|clearpoke
|poke|p1|Weezing-Galar, F|
|poke|p1|Kingambit, M|
|poke|p1|Clodsire, F|
|poke|p1|Zapdos-Galar|
|poke|p1|Clefable, F|
|poke|p1|Greninja-*, M|
|poke|p2|Pelipper, M|
|poke|p2|Toxicroak, F|
|poke|p2|Dondozo, M|
|poke|p2|Kingdra, M|
|poke|p2|Excadrill, M|
|poke|p2|Mew|
|teampreview
|
|t:|1769391368
|teamsize|p1|6
|teamsize|p2|6
|start
|switch|p1a: Clodsire|Clodsire, F|100/100
|switch|p2a: gulper|Pelipper, M|100/100
|-weather|RainDance|[from] ability: Drizzle|[of] p2a: gulper
|turn|1
|
|t:|1769391390
|move|p2a: gulper|Hydro Pump|p1a: Clodsire
|-immune|p1a: Clodsire|[from] ability: Water Absorb
|move|p1a: Clodsire|Toxic|p2a: gulper
|-status|p2a: gulper|tox
|
|-weather|RainDance|[upkeep]
|-damage|p2a: gulper|94/100 tox|[from] psn
|upkeep
|turn|2
|
|t:|1769391403
|switch|p2a: Dondozo|Dondozo, M|100/100
|move|p1a: Clodsire|Stealth Rock|p2a: Dondozo
|-sidestart|p2: NameTay|move: Stealth Rock
|
|-weather|RainDance|[upkeep]
|upkeep
|turn|3
|
|t:|1769391451
|move|p2a: Dondozo|Outrage|p1a: Clodsire
|-damage|p1a: Clodsire|58/100
|move|p1a: Clodsire|Toxic|p2a: Dondozo
|-status|p2a: Dondozo|tox
|
|-weather|RainDance|[upkeep]
|-heal|p1a: Clodsire|64/100|[from] item: Leftovers
|-damage|p2a: Dondozo|94/100 tox|[from] psn
|upkeep
|turn|4
|
|t:|1769391460
|move|p2a: Dondozo|Outrage|p1a: Clodsire|[from] lockedmove
|-damage|p1a: Clodsire|18/100
|move|p1a: Clodsire|Recover|p1a: Clodsire
|-heal|p1a: Clodsire|69/100
|
|-weather|RainDance|[upkeep]
|-heal|p1a: Clodsire|75/100|[from] item: Leftovers
|-damage|p2a: Dondozo|82/100 tox|[from] psn
|upkeep
|turn|5
|
|t:|1769391491
|move|p2a: Dondozo|Outrage|p1a: Clodsire|[from] lockedmove
|-damage|p1a: Clodsire|30/100
|-start|p2a: Dondozo|confusion|[fatigue]
|move|p1a: Clodsire|Recover|p1a: Clodsire
|-heal|p1a: Clodsire|80/100
|
|-weather|RainDance|[upkeep]
|-heal|p1a: Clodsire|86/100|[from] item: Leftovers
|-damage|p2a: Dondozo|64/100 tox|[from] psn
|upkeep
|turn|6
|
|t:|1769391522
|-activate|p2a: Dondozo|confusion
|move|p2a: Dondozo|Rest|p2a: Dondozo
|-status|p2a: Dondozo|slp|[from] move: Rest
|-heal|p2a: Dondozo|100/100 slp|[silent]
|move|p1a: Clodsire|Earthquake|p2a: Dondozo
|-damage|p2a: Dondozo|84/100 slp
|
|-weather|RainDance|[upkeep]
|-heal|p1a: Clodsire|92/100|[from] item: Leftovers
|upkeep
|turn|7
|
|t:|1769391530
|switch|p2a: Mew|Mew|100/100
|-damage|p2a: Mew|88/100|[from] Stealth Rock
|move|p1a: Clodsire|Toxic|p2a: Mew
|-status|p2a: Mew|tox
|-activate|p2a: Mew|ability: Synchronize
|-immune|p1a: Clodsire
|
|-weather|RainDance|[upkeep]
|-heal|p1a: Clodsire|98/100|[from] item: Leftovers
|-damage|p2a: Mew|82/100 tox|[from] psn
|upkeep
|turn|8
|
|t:|1769391550
|switch|p1a: Greninja|Greninja, M|100/100
|move|p2a: Mew|Psychic|p1a: Greninja
|-immune|p1a: Greninja
|
|-weather|none
|-damage|p2a: Mew|70/100 tox|[from] psn
|upkeep
|turn|9
|
|t:|1769391568
|switch|p2a: realnga|Toxicroak, F|100/100
|-damage|p2a: realnga|94/100|[from] Stealth Rock
|move|p1a: Greninja|Water Shuriken|p2a: realnga
|-start|p1a: Greninja|typechange|Water|[from] ability: Protean
|-heal|p2a: realnga|100/100|[from] ability: Dry Skin|[of] p1a: Greninja
|
|upkeep
|turn|10
|
|t:|1769391603
|move|p1a: Greninja|Extrasensory|p2a: realnga
|-supereffective|p2a: realnga
|-damage|p2a: realnga|0 fnt
|faint|p2a: realnga
|
|upkeep
|
|t:|1769391612
|switch|p2a: dih head|Excadrill, M|100/100
|-damage|p2a: dih head|97/100|[from] Stealth Rock
|-ability|p2a: dih head|Mold Breaker
|turn|11
|
|t:|1769391623
|move|p1a: Greninja|Water Shuriken|p2a: dih head
|-supereffective|p2a: dih head
|-damage|p2a: dih head|78/100
|-supereffective|p2a: dih head
|-crit|p2a: dih head
|-damage|p2a: dih head|49/100
|-supereffective|p2a: dih head
|-damage|p2a: dih head|31/100
|-supereffective|p2a: dih head
|-damage|p2a: dih head|13/100
|-supereffective|p2a: dih head
|-damage|p2a: dih head|0 fnt
|faint|p2a: dih head
|-hitcount|p2: dih head|5
|
|upkeep
|
|t:|1769391637
|switch|p2a: gulper|Pelipper, M|94/100 tox
|-damage|p2a: gulper|70/100 tox|[from] Stealth Rock
|-weather|RainDance|[from] ability: Drizzle|[of] p2a: gulper
|turn|12
|
|t:|1769391664
|switch|p2a: Kingdra|Kingdra, M|100/100
|-damage|p2a: Kingdra|88/100|[from] Stealth Rock
|move|p1a: Greninja|Extrasensory|p2a: Kingdra
|-damage|p2a: Kingdra|59/100
|
|-weather|RainDance|[upkeep]
|upkeep
|turn|13
|
|t:|1769391675
|switch|p1a: Clodsire|Clodsire, F|98/100
|move|p2a: Kingdra|Draco Meteor|p1a: Clodsire
|-damage|p1a: Clodsire|67/100
|-unboost|p2a: Kingdra|spa|2
|
|-weather|RainDance|[upkeep]
|-heal|p1a: Clodsire|73/100|[from] item: Leftovers
|upkeep
|turn|14
|
|t:|1769391690
|move|p2a: Kingdra|Draco Meteor|p1a: Clodsire
|-damage|p1a: Clodsire|57/100
|-unboost|p2a: Kingdra|spa|2
|move|p1a: Clodsire|Toxic|p2a: Kingdra
|-status|p2a: Kingdra|tox
|
|-weather|RainDance|[upkeep]
|-heal|p1a: Clodsire|63/100|[from] item: Leftovers
|-damage|p2a: Kingdra|52/100 tox|[from] psn
|upkeep
|turn|15
|
|t:|1769391703
|switch|p2a: Mew|Mew|70/100 tox
|-damage|p2a: Mew|57/100 tox|[from] Stealth Rock
|move|p1a: Clodsire|Earthquake|p2a: Mew
|-damage|p2a: Mew|31/100 tox
|
|-weather|RainDance|[upkeep]
|-heal|p1a: Clodsire|69/100|[from] item: Leftovers
|-damage|p2a: Mew|25/100 tox|[from] psn
|upkeep
|turn|16
|
|t:|1769391713
|move|p2a: Mew|Thunder|p1a: Clodsire
|-immune|p1a: Clodsire
|move|p1a: Clodsire|Recover|p1a: Clodsire
|-heal|p1a: Clodsire|100/100
|
|-weather|RainDance|[upkeep]
|-damage|p2a: Mew|12/100 tox|[from] psn
|upkeep
|turn|17
|
|t:|1769391723
|switch|p2a: Dondozo|Dondozo, M|84/100 slp
|-damage|p2a: Dondozo|71/100 slp|[from] Stealth Rock
|move|p1a: Clodsire|Earthquake|p2a: Dondozo
|-damage|p2a: Dondozo|54/100 slp
|
|-weather|RainDance|[upkeep]
|upkeep
|turn|18
|
|t:|1769391730
|cant|p2a: Dondozo|slp
|move|p2a: Dondozo|Sleep Talk|p2a: Dondozo
|move|p2a: Dondozo|Wave Crash|p1a: Clodsire|[from] move: Sleep Talk
|-immune|p1a: Clodsire|[from] ability: Water Absorb
|move|p1a: Clodsire|Toxic||[still]
|-fail|p1a: Clodsire
|
|-weather|RainDance|[upkeep]
|upkeep
|turn|19
|
|t:|1769391741
|cant|p2a: Dondozo|slp
|move|p1a: Clodsire|Earthquake|p2a: Dondozo
|-damage|p2a: Dondozo|37/100 slp
|
|-weather|none
|upkeep
|turn|20
|
|t:|1769391747
|-curestatus|p2a: Dondozo|slp|[msg]
|move|p2a: Dondozo|Rest|p2a: Dondozo
|-status|p2a: Dondozo|slp|[from] move: Rest
|-heal|p2a: Dondozo|100/100 slp|[silent]
|move|p1a: Clodsire|Earthquake|p2a: Dondozo
|-damage|p2a: Dondozo|85/100 slp
|
|upkeep
|turn|21
|
|t:|1769391759
|switch|p1a: Clefable|Clefable, F|100/100
|cant|p2a: Dondozo|slp
|move|p2a: Dondozo|Sleep Talk|p2a: Dondozo
|move|p2a: Dondozo|Rest||[from] move: Sleep Talk|[still]
|-fail|p2a: Dondozo
|
|upkeep
|turn|22
|
|t:|1769391768
|switch|p2a: gulper|Pelipper, M|70/100 tox
|-damage|p2a: gulper|45/100 tox|[from] Stealth Rock
|-weather|RainDance|[from] ability: Drizzle|[of] p2a: gulper
|move|p1a: Clefable|Calm Mind|p1a: Clefable
|-boost|p1a: Clefable|spa|1
|-boost|p1a: Clefable|spd|1
|
|-weather|RainDance|[upkeep]
|-damage|p2a: gulper|39/100 tox|[from] psn
|upkeep
|turn|23
|
|t:|1769391781
|switch|p2a: Dondozo|Dondozo, M|85/100 slp
|-damage|p2a: Dondozo|72/100 slp|[from] Stealth Rock
|move|p1a: Clefable|Calm Mind|p1a: Clefable
|-boost|p1a: Clefable|spa|1
|-boost|p1a: Clefable|spd|1
|
|-weather|RainDance|[upkeep]
|upkeep
|turn|24
|
|t:|1769391788
|move|p1a: Clefable|Reflect|p1a: Clefable
|-sidestart|p1: Egrassi|Reflect
|cant|p2a: Dondozo|slp
|move|p2a: Dondozo|Sleep Talk|p2a: Dondozo
|move|p2a: Dondozo|Rest||[from] move: Sleep Talk|[still]
|-fail|p2a: Dondozo
|
|-weather|RainDance|[upkeep]
|upkeep
|turn|25
|
|t:|1769391796
|move|p1a: Clefable|Calm Mind|p1a: Clefable
|-boost|p1a: Clefable|spa|1
|-boost|p1a: Clefable|spd|1
|-curestatus|p2a: Dondozo|slp|[msg]
|move|p2a: Dondozo|Outrage|p1a: Clefable
|-immune|p1a: Clefable
|
|-weather|RainDance|[upkeep]
|upkeep
|turn|26
|
|t:|1769391804
|move|p1a: Clefable|Calm Mind|p1a: Clefable
|-boost|p1a: Clefable|spa|1
|-boost|p1a: Clefable|spd|1
|move|p2a: Dondozo|Wave Crash|p1a: Clefable
|-damage|p1a: Clefable|41/100
|-damage|p2a: Dondozo|57/100|[from] Recoil
|
|-weather|RainDance|[upkeep]
|-heal|p1a: Clefable|47/100|[from] item: Leftovers
|upkeep
|turn|27
|
|t:|1769391826
|move|p1a: Clefable|Moonblast|p2a: Dondozo
|-damage|p2a: Dondozo|13/100
|move|p2a: Dondozo|Wave Crash|p1a: Clefable
|-damage|p1a: Clefable|0 fnt
|faint|p1a: Clefable
|-damage|p2a: Dondozo|1/100|[from] Recoil
|
|-weather|RainDance|[upkeep]
|upkeep
|
|t:|1769391842
|switch|p1a: Zapdos|Zapdos-Galar|100/100
|turn|28
|
|t:|1769391852
|switch|p2a: Kingdra|Kingdra, M|52/100 tox
|-damage|p2a: Kingdra|40/100 tox|[from] Stealth Rock
|move|p1a: Zapdos|Brave Bird|p2a: Kingdra
|-damage|p2a: Kingdra|0 fnt
|faint|p2a: Kingdra
|-damage|p1a: Zapdos|89/100|[from] Recoil
|
|-weather|RainDance|[upkeep]
|-sideend|p1: Egrassi|Reflect
|upkeep
|
|t:|1769391863
|switch|p2a: Mew|Mew|12/100 tox
|-damage|p2a: Mew|0 fnt|[from] Stealth Rock
|faint|p2a: Mew
|
|t:|1769391867
|switch|p2a: gulper|Pelipper, M|39/100 tox
|-damage|p2a: gulper|14/100 tox|[from] Stealth Rock
|turn|29
|
|t:|1769391873
|move|p1a: Zapdos|Brave Bird|p2a: gulper
|-damage|p2a: gulper|0 fnt
|faint|p2a: gulper
|-damage|p1a: Zapdos|84/100|[from] Recoil
|
|-weather|none
|upkeep
|
|t:|1769391878
|switch|p2a: Dondozo|Dondozo, M|1/100
|-damage|p2a: Dondozo|0 fnt|[from] Stealth Rock
|faint|p2a: Dondozo
|
|win|Egrassi
