|j|☆yerichan
|j|☆sketchizard
|t:|1769364277
|gametype|singles
|player|p1|yerichan|ash|1197
|player|p2|sketchizard|lance|1261
|gen|9
|tier|[Gen 9] OU
|rated|
|rule|HP Percentage Mod: HP is shown in percentages
|rule|Endless Battle Clause: Forcing endless battles is banned
|rule|Species Clause: Limit one of each Pokémon
|rule|OHKO Clause: OHKO moves are banned
|rule|Evasion Items Clause: Evasion items are banned
|rule|Evasion Moves Clause: Evasion moves are banned
|rule|Evasion Abilities Clause: Evasion abilities are banned
|rule|Sleep Moves Clause: Sleep-inducing moves are banned
|clearpoke
|poke|p1|Skeledirge, F|
|poke|p1|Ting-Lu|
|poke|p1|Dragonite, M|
|poke|p1|Ogerpon-Wellspring, F|
|poke|p1|Gholdengo|
|poke|p1|Minior-Yellow|
|poke|p2|Iron Valiant|
|poke|p2|Tyranitar, F|
|poke|p2|Excadrill, F|
|poke|p2|Slowking-Galar, M|
|poke|p2|Samurott-Hisui, M|
|poke|p2|Gliscor, F|
|teampreview
|
|t:|1769364303
|teamsize|p1|6
|teamsize|p2|6
|start
|switch|p1a: Minior|Minior-Yellow|100/100
|switch|p2a: Tyranitar|Tyranitar, F|100/100
|-weather|Sandstorm|[from] ability: Sand Stream|[of] p2a: Tyranitar
|-formechange|p1a: Minior|Minior-Meteor||[from] ability: Shields Down
|turn|1
|inactive|Battle timer is ON: inactive players will automatically lose when time's up. (requested by sketchizard)
|
|t:|1769364315
|-terastallize|p1a: Minior|Ground
|move|p1a: Minior|Shell Smash|p1a: Minior
|-unboost|p1a: Minior|def|1
|-unboost|p1a: Minior|spd|1
|-boost|p1a: Minior|atk|2
|-boost|p1a: Minior|spa|2
|-boost|p1a: Minior|spe|2
|-enditem|p1a: Minior|White Herb
|-clearnegativeboost|p1a: Minior|[silent]
|move|p2a: Tyranitar|Stealth Rock|p1a: Minior
|-sidestart|p1: yerichan|move: Stealth Rock
|
|-weather|Sandstorm|[upkeep]
|upkeep
|turn|2
|
|t:|1769364332
|switch|p2a: Gliscor|Gliscor, F|100/100
|move|p1a: Minior|Earthquake|p2a: Gliscor
|-immune|p2a: Gliscor
|
|-weather|Sandstorm|[upkeep]
|-status|p2a: Gliscor|tox|[from] item: Toxic Orb
|upkeep
|turn|3
|
|t:|1769364348
|move|p1a: Minior|Acrobatics|p2a: Gliscor
|-damage|p2a: Gliscor|36/100 tox
|move|p2a: Gliscor|Earthquake|p1a: Minior
|-damage|p1a: Minior|56/100
|
|-weather|Sandstorm|[upkeep]
|-heal|p2a: Gliscor|48/100 tox|[from] ability: Poison Heal
|upkeep
|turn|4
|
|t:|1769364360
|move|p2a: Gliscor|Protect|p2a: Gliscor
|-singleturn|p2a: Gliscor|Protect
|move|p1a: Minior|Acrobatics|p2a: Gliscor
|-activate|p2a: Gliscor|move: Protect
|
|-weather|Sandstorm|[upkeep]
|-heal|p2a: Gliscor|60/100 tox|[from] ability: Poison Heal
|upkeep
|turn|5
|
|t:|1769364367
|move|p1a: Minior|Acrobatics|p2a: Gliscor
|-damage|p2a: Gliscor|0 fnt
|faint|p2a: Gliscor
|
|-weather|Sandstorm|[upkeep]
|upkeep
|
|t:|1769364377
|switch|p2a: Excadrill|Excadrill, F|100/100
|turn|6
|
|t:|1769364386
|-terastallize|p2a: Excadrill|Ground
|move|p2a: Excadrill|Earthquake|p1a: Minior
|-damage|p1a: Minior|0 fnt
|faint|p1a: Minior
|
|-weather|Sandstorm|[upkeep]
|upkeep
|-message|yerichan forfeited.
|
|win|sketchizard
|raw|yerichan's rating: 1197 &rarr; <strong>1177</strong><br />(-20 for losing)
|raw|sketchizard's rating: 1261 &rarr; <strong>1281</strong><br />(+20 for winning)
|l|☆yerichan
|player|p1|
|l|☆sketchizard
|player|p2|
