|j|☆GODKUD
|j|☆Trainer #39
|t:|1769348940
|gametype|singles
|player|p1|GODKUD|ghetsis|1639
|player|p2|Trainer #39|bugsy|1710
|gen|9
|tier|[Gen 9] OU
|rated|
|rule|HP Percentage Mod: HP is shown in percentages
|rule|Endless Battle Clause: Forcing endless battles is banned
|rule|Species Clause: Limit one of each Pokémon
|rule|OHKO Clause: OHKO moves are banned
|rule|Evasion Items Clause: Evasion items are banned
|rule|Evasion Moves Clause: Evasion moves are banned
|rule|Evasion Abilities Clause: Evasion abilities are banned
|rule|Sleep Moves Clause: Sleep-inducing moves are banned
|clearpoke
|poke|p1|Ceruledge, F|
|poke|p1|Corviknight, F|
|poke|p1|Slowking-Galar, M|
|poke|p1|Great Tusk|
|poke|p1|Hydreigon, F|
|poke|p1|Primarina, F|
|poke|p2|Blissey, F|
|poke|p2|Corviknight, M|
|poke|p2|Dondozo, M|
|poke|p2|Gliscor, M|
|poke|p2|Clefable, M|
|poke|p2|Slowking-Galar, M|
|teampreview
|inactive|Battle timer is ON: inactive players will automatically lose when time's up. (requested by GODKUD)
|
|t:|1769348968
|teamsize|p1|6
|teamsize|p2|6
|start
|switch|p1a: Slowking|Slowking-Galar, M|100/100
|switch|p2a: Free Palestine|Gliscor, M|100/100
|turn|1
|
|t:|1769348973
|switch|p1a: Corviknight|Corviknight, F|100/100
|-ability|p1a: Corviknight|Pressure
|move|p2a: Free Palestine|Substitute|p2a: Free Palestine
|-start|p2a: Free Palestine|Substitute
|-damage|p2a: Free Palestine|76/100
|
|-status|p2a: Free Palestine|tox|[from] item: Toxic Orb
|upkeep
|turn|2
|
|t:|1769348983
|switch|p2a: Save Sudan|Slowking-Galar, M|100/100
|move|p1a: Corviknight|Brave Bird|p2a: Save Sudan
|-damage|p2a: Save Sudan|53/100
|-damage|p1a: Corviknight|87/100|[from] Recoil
|
|upkeep
|turn|3
|
|t:|1769348991
|move|p2a: Save Sudan|Trick|p1a: Corviknight
|-activate|p2a: Save Sudan|move: Trick|[of] p1a: Corviknight
|-item|p1a: Corviknight|Choice Scarf|[from] move: Trick
|-item|p2a: Save Sudan|Rocky Helmet|[from] move: Trick
|move|p1a: Corviknight|U-turn|p2a: Save Sudan
|-damage|p2a: Save Sudan|34/100
|-damage|p1a: Corviknight|70/100|[from] item: Rocky Helmet|[of] p2a: Save Sudan
|
|t:|1769349008
|switch|p1a: Hydreigon|Hydreigon, F|100/100|[from] U-turn
|
|upkeep
|turn|4
|
|t:|1769349015
|switch|p1a: Primarina|Primarina, F|100/100
|switch|p2a: brat|Blissey, F|100/100
|
|upkeep
|turn|5
|
|t:|1769349020
|switch|p2a: Save Sudan|Slowking-Galar, M|67/100
|move|p1a: Primarina|Calm Mind|p1a: Primarina
|-boost|p1a: Primarina|spa|1
|-boost|p1a: Primarina|spd|1
|
|upkeep
|turn|6
|j| Ssul
|
|t:|1769349028
|-terastallize|p1a: Primarina|Steel
|move|p2a: Save Sudan|Thunder Wave|p1a: Primarina
|-status|p1a: Primarina|par
|move|p1a: Primarina|Calm Mind|p1a: Primarina
|-boost|p1a: Primarina|spa|1
|-boost|p1a: Primarina|spd|1
|
|upkeep
|turn|7
|
|t:|1769349034
|switch|p2a: Charli xcx|Clefable, M|100/100
|move|p1a: Primarina|Psychic Noise|p2a: Charli xcx
|-damage|p2a: Charli xcx|79/100
|-start|p2a: Charli xcx|move: Heal Block
|
|upkeep
|turn|8
|
|t:|1769349042
|switch|p1a: Slowking|Slowking-Galar, M|100/100
|move|p2a: Charli xcx|Knock Off|p1a: Slowking
|-supereffective|p1a: Slowking
|-crit|p1a: Slowking
|-damage|p1a: Slowking|52/100
|-enditem|p1a: Slowking|Heavy-Duty Boots|[from] move: Knock Off|[of] p2a: Charli xcx
|
|-end|p2a: Charli xcx|move: Heal Block
|upkeep
|turn|9
|
|t:|1769349046
|switch|p2a: Save Sudan|Slowking-Galar, M|100/100
|move|p1a: Slowking|Future Sight|p2a: Save Sudan
|-start|p1a: Slowking|move: Future Sight
|
|upkeep
|turn|10
|
|t:|1769349050
|move|p2a: Save Sudan|Thunder Wave|p1a: Slowking
|-status|p1a: Slowking|par
|-prepare|p1a: Slowking|Chilly Reception|[premajor]
|move|p1a: Slowking|Chilly Reception|p1a: Slowking
|-weather|Snowscape
|
|t:|1769349058
|switch|p1a: Great Tusk|Great Tusk|100/100|[from] Chilly Reception
|-enditem|p1a: Great Tusk|Booster Energy
|-activate|p1a: Great Tusk|ability: Protosynthesis|[fromitem]
|-start|p1a: Great Tusk|protosynthesisspe
|
|-weather|Snowscape|[upkeep]
|upkeep
|turn|11
|
|t:|1769349062
|switch|p2a: Trump is low IQ|Corviknight, M|100/100
|-ability|p2a: Trump is low IQ|Pressure
|move|p1a: Great Tusk|Stealth Rock|p2a: Trump is low IQ
|-sidestart|p2: Trainer #39|move: Stealth Rock
|
|-weather|Snowscape|[upkeep]
|-end|p2a: Trump is low IQ|move: Future Sight
|-resisted|p2a: Trump is low IQ
|-damage|p2a: Trump is low IQ|77/100
|upkeep
|turn|12
|
|t:|1769349066
|-end|p1a: Great Tusk|Protosynthesis|[silent]
|switch|p1a: Slowking|Slowking-Galar, M|86/100 par
|move|p2a: Trump is low IQ|Defog|p1a: Slowking
|-unboost|p1a: Slowking|evasion|1
|-sideend|p2: Trainer #39|Stealth Rock|[from] move: Defog|[of] p2a: Trump is low IQ
|
|-weather|Snowscape|[upkeep]
|upkeep
|turn|13
|
|t:|1769349075
|move|p2a: Trump is low IQ|U-turn|p1a: Slowking
|-damage|p1a: Slowking|71/100 par
|
|t:|1769349092
|switch|p2a: brat|Blissey, F|100/100|[from] U-turn
|move|p1a: Slowking|Future Sight|p2a: brat
|-start|p1a: Slowking|move: Future Sight
|
|-weather|Snowscape|[upkeep]
|upkeep
|turn|14
|
|t:|1769349098
|move|p2a: brat|Stealth Rock|p1a: Slowking
|-sidestart|p1: GODKUD|move: Stealth Rock
|-prepare|p1a: Slowking|Chilly Reception|[premajor]
|move|p1a: Slowking|Chilly Reception|p1a: Slowking
|
|t:|1769349101
|switch|p1a: Corviknight|Corviknight, F|70/100|[from] Chilly Reception
|-damage|p1a: Corviknight|58/100|[from] Stealth Rock
|-ability|p1a: Corviknight|Pressure
|
|-weather|none
|upkeep
|turn|15
|-message|GODKUD forfeited.
|
|win|Trainer #39
|raw|GODKUD's rating: 1639 &rarr; <strong>1623</strong><br />(-16 for losing)
|raw|Trainer #39's rating: 1710 &rarr; <strong>1726</strong><br />(+16 for winning)
|l|☆GODKUD
|player|p1|
|l|☆Trainer #39
|player|p2|
|l| Ssul
