|j|☆DuelerFigure
|j|☆RoyalNeptune
|t:|1769398260
|gametype|singles
|player|p1|DuelerFigure|cynthia-gen4|
|player|p2|RoyalNeptune|102|
|gen|9
|tier|[Gen 9] OU
|rule|HP Percentage Mod: HP is shown in percentages
|rule|Endless Battle Clause: Forcing endless battles is banned
|rule|Species Clause: Limit one of each Pokémon
|rule|OHKO Clause: OHKO moves are banned
|rule|Evasion Items Clause: Evasion items are banned
|rule|Evasion Moves Clause: Evasion moves are banned
|rule|Evasion Abilities Clause: Evasion abilities are banned
|rule|Sleep Moves Clause: Sleep-inducing moves are banned
|clearpoke
|poke|p1|Rillaboom, M|
|poke|p1|Dragapult, F|
|poke|p1|Iron Moth|
|poke|p1|Garchomp, M|
|poke|p1|Dondozo, M|
|poke|p1|Cinderace, M|
|poke|p2|Samurott-Hisui, F|
|poke|p2|Suicune|
|poke|p2|Excadrill, F|
|poke|p2|Kyurem|
|poke|p2|Enamorus, F|
|poke|p2|Kingambit, F|
|teampreview
|j| TacoDile 3 Returns
|j| Raichudvd13
|
|t:|1769398303
|teamsize|p1|6
|teamsize|p2|6
|start
|switch|p1a: Rillabomboclat|Rillaboom, M, shiny|100/100
|switch|p2a: ASUS ROG STRIX G16|Samurott-Hisui, F, shiny|100/100
|-fieldstart|move: Grassy Terrain|[from] ability: Grassy Surge|[of] p1a: Rillabomboclat
|turn|1
|
|t:|1769398328
|move|p1a: Rillabomboclat|Wood Hammer|p2a: ASUS ROG STRIX G16
|-supereffective|p2a: ASUS ROG STRIX G16
|-damage|p2a: ASUS ROG STRIX G16|0 fnt
|faint|p2a: ASUS ROG STRIX G16
|-damage|p1a: Rillabomboclat|64/100|[from] Recoil
|
|-heal|p1a: Rillabomboclat|70/100|[from] Grassy Terrain
|upkeep
|
|t:|1769398346
|switch|p2a: MSI KATANA 15 HX|Enamorus, F|100/100
|turn|2
|
|t:|1769398388
|switch|p1a: #1 Jolteon Hater|Cinderace, M, shiny|100/100
|move|p2a: MSI KATANA 15 HX|Mystical Fire|p1a: #1 Jolteon Hater
|-resisted|p1a: #1 Jolteon Hater
|-damage|p1a: #1 Jolteon Hater|79/100
|-unboost|p1a: #1 Jolteon Hater|spa|1
|
|-heal|p1a: #1 Jolteon Hater|85/100|[from] Grassy Terrain
|upkeep
|turn|3
|
|t:|1769398408
|switch|p2a: ACER NITRO V 16S|Suicune, shiny|100/100
|-ability|p2a: ACER NITRO V 16S|Pressure
|move|p1a: #1 Jolteon Hater|Gunk Shot|p2a: ACER NITRO V 16S
|-start|p1a: #1 Jolteon Hater|typechange|Poison|[from] ability: Libero
|-damage|p2a: ACER NITRO V 16S|50/100
|
|-heal|p1a: #1 Jolteon Hater|91/100|[from] Grassy Terrain
|-heal|p2a: ACER NITRO V 16S|56/100|[from] Grassy Terrain
|-heal|p2a: ACER NITRO V 16S|62/100|[from] item: Leftovers
|upkeep
|turn|4
|
|t:|1769398439
|move|p1a: #1 Jolteon Hater|U-turn|p2a: ACER NITRO V 16S
|-damage|p2a: ACER NITRO V 16S|45/100
|
|t:|1769398442
|switch|p1a: Rillabomboclat|Rillaboom, M, shiny|70/100|[from] U-turn
|move|p2a: ACER NITRO V 16S|Scald|p1a: Rillabomboclat
|-resisted|p1a: Rillabomboclat
|-damage|p1a: Rillabomboclat|52/100
|-status|p1a: Rillabomboclat|brn
|
|-heal|p2a: ACER NITRO V 16S|51/100|[from] Grassy Terrain
|-heal|p2a: ACER NITRO V 16S|57/100|[from] item: Leftovers
|-heal|p1a: Rillabomboclat|58/100 brn|[from] Grassy Terrain
|-damage|p1a: Rillabomboclat|52/100 brn|[from] brn
|upkeep
|turn|5
|
|t:|1769398486
|switch|p2a: MSI KATANA 15 HX|Enamorus, F|100/100
|move|p1a: Rillabomboclat|Wood Hammer|p2a: MSI KATANA 15 HX
|-resisted|p2a: MSI KATANA 15 HX
|-damage|p2a: MSI KATANA 15 HX|50/100
|-damage|p1a: Rillabomboclat|38/100 brn|[from] Recoil
|
|-heal|p1a: Rillabomboclat|44/100 brn|[from] Grassy Terrain
|-damage|p1a: Rillabomboclat|38/100 brn|[from] brn
|-fieldend|move: Grassy Terrain
|upkeep
|turn|6
|
|t:|1769398505
|move|p2a: MSI KATANA 15 HX|Mystical Fire|p1a: Rillabomboclat
|-supereffective|p1a: Rillabomboclat
|-damage|p1a: Rillabomboclat|0 fnt
|faint|p1a: Rillabomboclat
|
|upkeep
|
|t:|1769398513
|switch|p1a: LAMP|Iron Moth|100/100
|-enditem|p1a: LAMP|Booster Energy
|-activate|p1a: LAMP|ability: Quark Drive|[fromitem]
|-start|p1a: LAMP|quarkdrivespe
|turn|7
|
|t:|1769398543
|switch|p2a: ACER NITRO V 16S|Suicune, shiny|57/100
|-ability|p2a: ACER NITRO V 16S|Pressure
|move|p1a: LAMP|Sludge Wave|p2a: ACER NITRO V 16S
|-crit|p2a: ACER NITRO V 16S
|-damage|p2a: ACER NITRO V 16S|3/100
|
|-heal|p2a: ACER NITRO V 16S|9/100|[from] item: Leftovers
|upkeep
|turn|8
|
|t:|1769398556
|move|p1a: LAMP|Sludge Wave|p2a: ACER NITRO V 16S
|-damage|p2a: ACER NITRO V 16S|0 fnt
|faint|p2a: ACER NITRO V 16S
|
|upkeep
|
|t:|1769398569
|switch|p2a: LEGIONPRO7IUTRA7|Excadrill, F, shiny|100/100
|turn|9
|
|t:|1769398598
|move|p1a: LAMP|Fiery Dance|p2a: LEGIONPRO7IUTRA7
|-supereffective|p2a: LEGIONPRO7IUTRA7
|-damage|p2a: LEGIONPRO7IUTRA7|0 fnt
|faint|p2a: LEGIONPRO7IUTRA7
|
|upkeep
|
|t:|1769398613
|switch|p2a: LEGIONPRO7IUTRA9|Kyurem, shiny|100/100
|-ability|p2a: LEGIONPRO7IUTRA9|Pressure
|turn|10
|
|t:|1769398654
|move|p1a: LAMP|Substitute|p1a: LAMP
|-start|p1a: LAMP|Substitute
|-damage|p1a: LAMP|76/100
|move|p2a: LEGIONPRO7IUTRA9|Earth Power|p1a: LAMP
|-supereffective|p1a: LAMP
|-end|p1a: LAMP|Substitute
|
|upkeep
|turn|11
|
|t:|1769398678
|-terastallize|p1a: LAMP|Fairy
|move|p1a: LAMP|Dazzling Gleam|p2a: LEGIONPRO7IUTRA9
|-supereffective|p2a: LEGIONPRO7IUTRA9
|-damage|p2a: LEGIONPRO7IUTRA9|23/100
|move|p2a: LEGIONPRO7IUTRA9|Earth Power|p1a: LAMP
|-damage|p1a: LAMP|41/100
|
|upkeep
|turn|12
|
|t:|1769398706
|switch|p2a: HP OMEN GMNG LPTP|Kingambit, F, shiny|100/100
|-activate|p2a: HP OMEN GMNG LPTP|ability: Supreme Overlord
|-start|p2a: HP OMEN GMNG LPTP|fallen3|[silent]
|move|p1a: LAMP|Dazzling Gleam|p2a: HP OMEN GMNG LPTP
|-damage|p2a: HP OMEN GMNG LPTP|59/100
|
|-heal|p2a: HP OMEN GMNG LPTP|66/100|[from] item: Leftovers
|upkeep
|turn|13
|
|t:|1769398737
|move|p1a: LAMP|Fiery Dance|p2a: HP OMEN GMNG LPTP
|-supereffective|p2a: HP OMEN GMNG LPTP
|-damage|p2a: HP OMEN GMNG LPTP|0 fnt
|-boost|p1a: LAMP|spa|1
|faint|p2a: HP OMEN GMNG LPTP
|-end|p2a: HP OMEN GMNG LPTP|fallen3|[silent]
|
|upkeep
|
|t:|1769398743
|switch|p2a: MSI KATANA 15 HX|Enamorus, F|50/100
|turn|14
|
|t:|1769398754
|move|p1a: LAMP|Sludge Wave|p2a: MSI KATANA 15 HX
|-supereffective|p2a: MSI KATANA 15 HX
|-damage|p2a: MSI KATANA 15 HX|0 fnt
|faint|p2a: MSI KATANA 15 HX
|
|upkeep
|
|t:|1769398759
|switch|p2a: LEGIONPRO7IUTRA9|Kyurem, shiny|23/100
|-ability|p2a: LEGIONPRO7IUTRA9|Pressure
|turn|15
|
|t:|1769398772
|move|p1a: LAMP|Fiery Dance|p2a: LEGIONPRO7IUTRA9
|-damage|p2a: LEGIONPRO7IUTRA9|0 fnt
|faint|p2a: LEGIONPRO7IUTRA9
|
|win|DuelerFigure
