|j|☆LaportaPotty
|j|☆alexxledain
|t:|1769425688
|gametype|singles
|player|p1|LaportaPotty|170|1279
|player|p2|alexxledain|ninjaboy|1247
|gen|9
|tier|[Gen 9] OU
|rated|
|rule|HP Percentage Mod: HP is shown in percentages
|rule|Endless Battle Clause: Forcing endless battles is banned
|rule|Species Clause: Limit one of each Pokémon
|rule|OHKO Clause: OHKO moves are banned
|rule|Evasion Items Clause: Evasion items are banned
|rule|Evasion Moves Clause: Evasion moves are banned
|rule|Evasion Abilities Clause: Evasion abilities are banned
|rule|Sleep Moves Clause: Sleep-inducing moves are banned
|clearpoke
|poke|p1|Duraludon, M|
|poke|p1|Primarina, M|
|poke|p1|Landorus-Therian, M|
|poke|p1|Mew|
|poke|p1|Tinkaton, F|
|poke|p1|Dragonite, M|
|poke|p2|Gallade, M|
|poke|p2|Slowking-Galar, M|
|poke|p2|Raging Bolt|
|poke|p2|Meowscarada, M|
|poke|p2|Gliscor, F|
|poke|p2|Cinderace, M|
|teampreview
|inactive|Battle timer is ON: inactive players will automatically lose when time's up. (requested by alexxledain)
|
|t:|1769425701
|teamsize|p1|6
|teamsize|p2|6
|start
|switch|p1a: Mew|Mew|100/100
|switch|p2a: Meowscarada|Meowscarada, M|100/100
|turn|1
|
|t:|1769425709
|move|p2a: Meowscarada|U-turn|p1a: Mew
|-start|p2a: Meowscarada|typechange|Bug|[from] ability: Protean
|-supereffective|p1a: Mew
|-damage|p1a: Mew|44/100
|
|t:|1769425716
|switch|p2a: Slowking|Slowking-Galar, M|100/100|[from] U-turn
|move|p1a: Mew|U-turn|p2a: Slowking
|-damage|p2a: Slowking|86/100
|
|t:|1769425725
|switch|p1a: Duraludon|Duraludon, M|100/100|[from] U-turn
|
|-heal|p2a: Slowking|92/100|[from] item: Leftovers
|upkeep
|turn|2
|
|t:|1769425736
|move|p1a: Duraludon|Flash Cannon|p2a: Slowking
|-damage|p2a: Slowking|70/100
|-prepare|p2a: Slowking|Chilly Reception|[premajor]
|move|p2a: Slowking|Chilly Reception|p2a: Slowking
|-weather|Snowscape
|
|t:|1769425742
|switch|p2a: Gliscor|Gliscor, F|100/100|[from] Chilly Reception
|
|-weather|Snowscape|[upkeep]
|-status|p2a: Gliscor|tox|[from] item: Toxic Orb
|upkeep
|turn|3
|
|t:|1769425750
|move|p2a: Gliscor|Stealth Rock|p1a: Duraludon
|-sidestart|p1: LaportaPotty|move: Stealth Rock
|move|p1a: Duraludon|Stealth Rock|p2a: Gliscor
|-sidestart|p2: alexxledain|move: Stealth Rock
|
|-weather|Snowscape|[upkeep]
|upkeep
|turn|4
|
|t:|1769425758
|switch|p1a: Landorus|Landorus-Therian, M|100/100
|-ability|p1a: Landorus|Intimidate|boost
|-unboost|p2a: Gliscor|atk|1
|move|p2a: Gliscor|Earthquake|p1a: Landorus
|-immune|p1a: Landorus
|
|-weather|Snowscape|[upkeep]
|upkeep
|turn|5
|
|t:|1769425768
|move|p1a: Landorus|Taunt|p2a: Gliscor
|-start|p2a: Gliscor|move: Taunt
|cant|p2a: Gliscor|move: Taunt|Toxic
|
|-weather|Snowscape|[upkeep]
|upkeep
|turn|6
|
|t:|1769425790
|switch|p2a: Meowscarada|Meowscarada, M|100/100
|-damage|p2a: Meowscarada|88/100|[from] Stealth Rock
|move|p1a: Landorus|U-turn|p2a: Meowscarada
|-supereffective|p2a: Meowscarada
|-damage|p2a: Meowscarada|0 fnt
|faint|p2a: Meowscarada
|
|t:|1769425798
|switch|p1a: Dragonite|Dragonite, M|100/100|[from] U-turn
|
|-weather|none
|upkeep
|
|t:|1769425816
|switch|p2a: Gliscor|Gliscor, F|100/100 tox
|-damage|p2a: Gliscor|88/100 tox|[from] Stealth Rock
|turn|7
|
|t:|1769425821
|move|p1a: Dragonite|Ice Spinner|p2a: Gliscor
|-supereffective|p2a: Gliscor
|-damage|p2a: Gliscor|12/100 tox
|move|p2a: Gliscor|Toxic|p1a: Dragonite
|-status|p1a: Dragonite|tox
|
|-damage|p1a: Dragonite|94/100 tox|[from] psn
|-heal|p2a: Gliscor|25/100 tox|[from] ability: Poison Heal
|upkeep
|turn|8
|
|t:|1769425832
|switch|p1a: Landorus|Landorus-Therian, M|100/100
|-ability|p1a: Landorus|Intimidate|boost
|-unboost|p2a: Gliscor|atk|1
|move|p2a: Gliscor|Protect||[still]
|-fail|p2a: Gliscor
|
|-heal|p2a: Gliscor|37/100 tox|[from] ability: Poison Heal
|upkeep
|turn|9
|
|t:|1769425841
|move|p1a: Landorus|Taunt|p2a: Gliscor
|-start|p2a: Gliscor|move: Taunt
|cant|p2a: Gliscor|move: Taunt|Toxic
|
|-heal|p2a: Gliscor|50/100 tox|[from] ability: Poison Heal
|upkeep
|turn|10
|
|t:|1769425849
|move|p1a: Landorus|Rock Slide|p2a: Gliscor|[miss]
|-miss|p1a: Landorus|p2a: Gliscor
|move|p2a: Gliscor|Earthquake|p1a: Landorus
|-immune|p1a: Landorus
|
|-heal|p2a: Gliscor|62/100 tox|[from] ability: Poison Heal
|upkeep
|turn|11
|
|t:|1769425858
|switch|p1a: Mew|Mew|44/100
|-damage|p1a: Mew|32/100|[from] Stealth Rock
|move|p2a: Gliscor|Earthquake|p1a: Mew
|-damage|p1a: Mew|11/100
|
|-heal|p2a: Gliscor|75/100 tox|[from] ability: Poison Heal
|-end|p2a: Gliscor|move: Taunt
|upkeep
|turn|12
|
|t:|1769425870
|move|p1a: Mew|Ice Beam|p2a: Gliscor
|-supereffective|p2a: Gliscor
|-damage|p2a: Gliscor|0 fnt
|faint|p2a: Gliscor
|
|upkeep
|
|t:|1769425877
|switch|p2a: Raging Bolt|Raging Bolt|100/100
|-damage|p2a: Raging Bolt|88/100|[from] Stealth Rock
|-enditem|p2a: Raging Bolt|Booster Energy
|-activate|p2a: Raging Bolt|ability: Protosynthesis|[fromitem]
|-start|p2a: Raging Bolt|protosynthesisspa
|turn|13
|
|t:|1769425889
|move|p2a: Raging Bolt|Thunderclap||[still]
|-fail|p2a: Raging Bolt
|move|p1a: Mew|Taunt|p2a: Raging Bolt
|-start|p2a: Raging Bolt|move: Taunt
|
|upkeep
|turn|14
|
|t:|1769425898
|move|p1a: Mew|Spikes|p2a: Raging Bolt
|-sidestart|p2: alexxledain|Spikes
|move|p2a: Raging Bolt|Thunderbolt|p1a: Mew
|-damage|p1a: Mew|0 fnt
|faint|p1a: Mew
|
|upkeep
|
|t:|1769425904
|switch|p1a: Tinkaton|Tinkaton, F|100/100
|-damage|p1a: Tinkaton|94/100|[from] Stealth Rock
|-ability|p1a: Tinkaton|Mold Breaker
|turn|15
|
|t:|1769425915
|-end|p2a: Raging Bolt|Protosynthesis|[silent]
|switch|p2a: Cinderace|Cinderace, M|100/100
|move|p1a: Tinkaton|Play Rough|p2a: Cinderace
|-resisted|p2a: Cinderace
|-damage|p2a: Cinderace|74/100
|
|-heal|p1a: Tinkaton|100/100|[from] item: Leftovers
|upkeep
|turn|16
|
|t:|1769425935
|switch|p1a: Dragonite|Dragonite, M|94/100 tox
|move|p2a: Cinderace|Taunt|p1a: Dragonite
|-start|p2a: Cinderace|typechange|Dark|[from] ability: Libero
|-start|p1a: Dragonite|move: Taunt
|
|-damage|p1a: Dragonite|88/100 tox|[from] psn
|upkeep
|turn|17
|
|t:|1769425945
|move|p2a: Cinderace|Court Change|p2a: Cinderace
|-swapsideconditions
|-activate|p2a: Cinderace|move: Court Change
|move|p1a: Dragonite|Earthquake|p2a: Cinderace
|-damage|p2a: Cinderace|14/100
|
|-damage|p1a: Dragonite|76/100 tox|[from] psn
|upkeep
|turn|18
|
|t:|1769425958
|move|p1a: Dragonite|Extreme Speed|p2a: Cinderace
|-damage|p2a: Cinderace|0 fnt
|faint|p2a: Cinderace
|
|-damage|p1a: Dragonite|57/100 tox|[from] psn
|-end|p1a: Dragonite|move: Taunt
|upkeep
|inactive|alexxledain has 120 seconds left.
|
|t:|1769425978
|switch|p2a: Gallade|Gallade, M, shiny|100/100
|-damage|p2a: Gallade|94/100|[from] Stealth Rock
|turn|19
|inactive|alexxledain has 120 seconds left.
|
|t:|1769425994
|move|p1a: Dragonite|Extreme Speed|p2a: Gallade
|-damage|p2a: Gallade|40/100
|move|p2a: Gallade|Psycho Cut|p1a: Dragonite
|-damage|p1a: Dragonite|0 fnt
|faint|p1a: Dragonite
|
|upkeep
|
|t:|1769426000
|switch|p1a: Landorus|Landorus-Therian, M|100/100
|-ability|p1a: Landorus|Intimidate|boost
|-unboost|p2a: Gallade|atk|1
|turn|20
|
|t:|1769426010
|switch|p2a: Slowking|Slowking-Galar, M|100/100
|-damage|p2a: Slowking|88/100|[from] Stealth Rock
|move|p1a: Landorus|Earthquake|p2a: Slowking
|-supereffective|p2a: Slowking
|-damage|p2a: Slowking|0 fnt
|faint|p2a: Slowking
|
|upkeep
|
|t:|1769426019
|switch|p2a: Raging Bolt|Raging Bolt|88/100
|-damage|p2a: Raging Bolt|76/100|[from] Stealth Rock
|turn|21
|
|t:|1769426025
|-terastallize|p2a: Raging Bolt|Dragon
|move|p1a: Landorus|Earthquake|p2a: Raging Bolt
|-damage|p2a: Raging Bolt|32/100
|move|p2a: Raging Bolt|Draco Meteor|p1a: Landorus
|-damage|p1a: Landorus|0 fnt
|-unboost|p2a: Raging Bolt|spa|2
|faint|p1a: Landorus
|
|upkeep
|
|t:|1769426034
|switch|p1a: Tinkaton|Tinkaton, F|100/100
|-damage|p1a: Tinkaton|94/100|[from] Stealth Rock
|-damage|p1a: Tinkaton|82/100|[from] Spikes
|-ability|p1a: Tinkaton|Mold Breaker
|turn|22
|
|t:|1769426044
|move|p1a: Tinkaton|Play Rough|p2a: Raging Bolt
|-supereffective|p2a: Raging Bolt
|-damage|p2a: Raging Bolt|0 fnt
|faint|p2a: Raging Bolt
|-end|p2a: Raging Bolt|Protosynthesis|[silent]
|
|-heal|p1a: Tinkaton|88/100|[from] item: Leftovers
|upkeep
|
|t:|1769426054
|switch|p2a: Gallade|Gallade, M, shiny|40/100
|-damage|p2a: Gallade|34/100|[from] Stealth Rock
|turn|23
|
|t:|1769426059
|move|p1a: Tinkaton|Gigaton Hammer|p2a: Gallade
|-damage|p2a: Gallade|0 fnt
|faint|p2a: Gallade
|
|win|LaportaPotty
|raw|LaportaPotty's rating: 1279 &rarr; <strong>1302</strong><br />(+23 for winning)
|raw|alexxledain's rating: 1247 &rarr; <strong>1224</strong><br />(-23 for losing)
|l|☆alexxledain
|player|p2|
|l|☆LaportaPotty
|player|p1|
