|j|☆casear618
|j|☆Unender
|t:|1769317143
|gametype|singles
|player|p1|casear618|steven|1393
|player|p2|Unender|1|1384
|gen|9
|tier|[Gen 9] OU
|rated|
|rule|HP Percentage Mod: HP is shown in percentages
|rule|Endless Battle Clause: Forcing endless battles is banned
|rule|Species Clause: Limit one of each Pokémon
|rule|OHKO Clause: OHKO moves are banned
|rule|Evasion Items Clause: Evasion items are banned
|rule|Evasion Moves Clause: Evasion moves are banned
|rule|Evasion Abilities Clause: Evasion abilities are banned
|rule|Sleep Moves Clause: Sleep-inducing moves are banned
|clearpoke
|poke|p1|Landorus-Therian, M|
|poke|p1|Ogerpon-Wellspring, F|
|poke|p1|Dragonite, F|
|poke|p1|Raging Bolt|
|poke|p1|Cinderace, M|
|poke|p1|Grimmsnarl, M|
|poke|p2|Scizor, F|
|poke|p2|Raging Bolt|
|poke|p2|Rillaboom, M|
|poke|p2|Primarina, M|
|poke|p2|Landorus-Therian, M|
|poke|p2|Great Tusk|
|teampreview
|inactive|Battle timer is ON: inactive players will automatically lose when time's up. (requested by casear618)
|
|t:|1769317166
|teamsize|p1|6
|teamsize|p2|6
|start
|switch|p1a: Grimmsnarl|Grimmsnarl, M|100/100
|switch|p2a: Scizor|Scizor, F|100/100
|turn|1
|
|t:|1769317179
|switch|p1a: Raging Bolt|Raging Bolt|100/100
|move|p2a: Scizor|Bullet Punch|p1a: Raging Bolt
|-resisted|p1a: Raging Bolt
|-damage|p1a: Raging Bolt|80/100
|-damage|p2a: Scizor|91/100|[from] item: Life Orb
|
|upkeep
|turn|2
|
|t:|1769317196
|switch|p2a: Landorus|Landorus-Therian, M|100/100
|-ability|p2a: Landorus|Intimidate|boost
|-unboost|p1a: Raging Bolt|atk|1
|move|p1a: Raging Bolt|Volt Switch|p2a: Landorus
|-immune|p2a: Landorus
|
|upkeep
|turn|3
|
|t:|1769317204
|-end|p1a: Raging Bolt|Protosynthesis|[silent]
|switch|p1a: Landorus|Landorus-Therian, M|100/100
|-ability|p1a: Landorus|Intimidate|boost
|-unboost|p2a: Landorus|atk|1
|move|p2a: Landorus|Earth Power|p1a: Landorus
|-immune|p1a: Landorus
|
|upkeep
|turn|4
|
|t:|1769317211
|move|p2a: Landorus|Taunt|p1a: Landorus
|-start|p1a: Landorus|move: Taunt
|move|p1a: Landorus|Earthquake|p2a: Landorus
|-immune|p2a: Landorus
|
|upkeep
|turn|5
|
|t:|1769317229
|switch|p1a: Grimmsnarl|Grimmsnarl, M|100/100
|move|p2a: Landorus|Stealth Rock|p1a: Grimmsnarl
|-sidestart|p1: casear618|move: Stealth Rock
|
|upkeep
|turn|6
|
|t:|1769317235
|move|p1a: Grimmsnarl|Reflect|p1a: Grimmsnarl
|-sidestart|p1: casear618|Reflect
|move|p2a: Landorus|U-turn|p1a: Grimmsnarl
|-damage|p1a: Grimmsnarl|93/100
|
|t:|1769317245
|switch|p2a: Scizor|Scizor, F|91/100|[from] U-turn
|
|upkeep
|turn|7
|
|t:|1769317251
|move|p1a: Grimmsnarl|Thunder Wave|p2a: Scizor
|-status|p2a: Scizor|par
|move|p2a: Scizor|Swords Dance|p2a: Scizor
|-boost|p2a: Scizor|atk|2
|
|upkeep
|turn|8
|
|t:|1769317258
|move|p1a: Grimmsnarl|Parting Shot|p2a: Scizor
|-unboost|p2a: Scizor|atk|1
|-unboost|p2a: Scizor|spa|1
|
|t:|1769317262
|switch|p1a: Cinderace|Cinderace, M|100/100|[from] Parting Shot
|cant|p2a: Scizor|par
|
|upkeep
|turn|9
|
|t:|1769317271
|switch|p2a: Landorus|Landorus-Therian, M|100/100
|-ability|p2a: Landorus|Intimidate|boost
|-unboost|p1a: Cinderace|atk|1
|move|p1a: Cinderace|Pyro Ball|p2a: Landorus
|-damage|p2a: Landorus|60/100
|
|upkeep
|turn|10
|
|t:|1769317280
|move|p1a: Cinderace|Court Change|p1a: Cinderace
|-start|p1a: Cinderace|typechange|Normal|[from] ability: Libero
|-swapsideconditions
|-activate|p1a: Cinderace|move: Court Change
|move|p2a: Landorus|Earth Power|p1a: Cinderace
|-damage|p1a: Cinderace|54/100
|
|upkeep
|turn|11
|
|t:|1769317291
|move|p1a: Cinderace|Will-O-Wisp|p2a: Landorus
|-status|p2a: Landorus|brn
|move|p2a: Landorus|Stealth Rock|p1a: Cinderace
|-sidestart|p1: casear618|move: Stealth Rock
|
|-damage|p2a: Landorus|54/100 brn|[from] brn
|upkeep
|turn|12
|
|t:|1769317302
|move|p1a: Cinderace|Court Change|p1a: Cinderace
|-swapsideconditions
|-activate|p1a: Cinderace|move: Court Change
|move|p2a: Landorus|U-turn|p1a: Cinderace
|-damage|p1a: Cinderace|47/100
|
|t:|1769317311
|switch|p2a: Great Tusk|Great Tusk|100/100|[from] U-turn
|-damage|p2a: Great Tusk|98/100|[from] Stealth Rock
|
|upkeep
|turn|13
|
|t:|1769317319
|move|p2a: Great Tusk|Close Combat|p1a: Cinderace
|-supereffective|p1a: Cinderace
|-damage|p1a: Cinderace|0 fnt
|-unboost|p2a: Great Tusk|def|1
|-unboost|p2a: Great Tusk|spd|1
|faint|p1a: Cinderace
|
|-sideend|p1: casear618|Reflect
|upkeep
|
|t:|1769317327
|switch|p1a: Landorus|Landorus-Therian, M|100/100
|-damage|p1a: Landorus|88/100|[from] Stealth Rock
|-ability|p1a: Landorus|Intimidate|boost
|-unboost|p2a: Great Tusk|atk|1
|turn|14
|
|t:|1769317343
|-end|p2a: Great Tusk|Protosynthesis|[silent]
|switch|p2a: Rillaboom|Rillaboom, M|100/100
|-damage|p2a: Rillaboom|88/100|[from] Stealth Rock
|-fieldstart|move: Grassy Terrain|[from] ability: Grassy Surge|[of] p2a: Rillaboom
|move|p1a: Landorus|Swords Dance|p1a: Landorus
|-boost|p1a: Landorus|atk|2
|
|-heal|p2a: Rillaboom|94/100|[from] Grassy Terrain
|upkeep
|turn|15
|
|t:|1769317354
|-terastallize|p1a: Landorus|Flying
|move|p1a: Landorus|Tera Blast|p2a: Rillaboom|[anim] Tera Blast Flying
|-supereffective|p2a: Rillaboom
|-damage|p2a: Rillaboom|0 fnt
|faint|p2a: Rillaboom
|
|upkeep
|
|t:|1769317360
|switch|p2a: Raging Bolt|Raging Bolt|100/100
|-damage|p2a: Raging Bolt|88/100|[from] Stealth Rock
|turn|16
|
|t:|1769317369
|switch|p1a: Dragonite|Dragonite, F|100/100
|-terastallize|p2a: Raging Bolt|Fairy
|move|p2a: Raging Bolt|Thunderbolt|p1a: Dragonite
|-damage|p1a: Dragonite|74/100
|
|-heal|p2a: Raging Bolt|94/100|[from] Grassy Terrain
|-heal|p2a: Raging Bolt|100/100|[from] item: Leftovers
|upkeep
|turn|17
|
|t:|1769317384
|move|p1a: Dragonite|Earthquake|p2a: Raging Bolt
|-damage|p2a: Raging Bolt|81/100
|move|p2a: Raging Bolt|Calm Mind|p2a: Raging Bolt
|-boost|p2a: Raging Bolt|spa|1
|-boost|p2a: Raging Bolt|spd|1
|
|-heal|p2a: Raging Bolt|87/100|[from] Grassy Terrain
|-heal|p2a: Raging Bolt|93/100|[from] item: Leftovers
|upkeep
|turn|18
|
|t:|1769317393
|switch|p1a: Ogerpon|Ogerpon-Wellspring, F|100/100
|-damage|p1a: Ogerpon|88/100|[from] Stealth Rock
|move|p2a: Raging Bolt|Dragon Pulse|p1a: Ogerpon
|-damage|p1a: Ogerpon|4/100
|
|-heal|p1a: Ogerpon|10/100|[from] Grassy Terrain
|-heal|p2a: Raging Bolt|99/100|[from] Grassy Terrain
|-heal|p2a: Raging Bolt|100/100|[from] item: Leftovers
|-fieldend|move: Grassy Terrain
|upkeep
|turn|19
|
|t:|1769317408
|move|p1a: Ogerpon|Ivy Cudgel|p2a: Raging Bolt|[anim] Ivy Cudgel Water
|-crit|p2a: Raging Bolt
|-damage|p2a: Raging Bolt|11/100
|move|p2a: Raging Bolt|Thunderbolt|p1a: Ogerpon
|-damage|p1a: Ogerpon|0 fnt
|faint|p1a: Ogerpon
|
|-heal|p2a: Raging Bolt|17/100|[from] item: Leftovers
|upkeep
|
|t:|1769317417
|switch|p1a: Dragonite|Dragonite, F|74/100
|turn|20
|
|t:|1769317424
|-end|p2a: Raging Bolt|Protosynthesis|[silent]
|switch|p2a: Landorus|Landorus-Therian, M|54/100 brn
|-damage|p2a: Landorus|42/100 brn|[from] Stealth Rock
|-ability|p2a: Landorus|Intimidate|boost
|-unboost|p1a: Dragonite|atk|1
|move|p1a: Dragonite|Extreme Speed|p2a: Landorus
|-damage|p2a: Landorus|23/100 brn
|-damage|p1a: Dragonite|57/100|[from] item: Rocky Helmet|[of] p2a: Landorus
|
|-damage|p2a: Landorus|17/100 brn|[from] brn
|upkeep
|turn|21
|
|t:|1769317434
|move|p2a: Landorus|U-turn|p1a: Dragonite
|-resisted|p1a: Dragonite
|-damage|p1a: Dragonite|52/100
|
|t:|1769317437
|switch|p2a: Great Tusk|Great Tusk|98/100|[from] U-turn
|-damage|p2a: Great Tusk|95/100|[from] Stealth Rock
|move|p1a: Dragonite|Roost|p1a: Dragonite
|-heal|p1a: Dragonite|100/100
|-singleturn|p1a: Dragonite|move: Roost
|
|upkeep
|turn|22
|
|t:|1769317446
|move|p2a: Great Tusk|Ice Spinner|p1a: Dragonite
|-supereffective|p1a: Dragonite
|-damage|p1a: Dragonite|40/100
|move|p1a: Dragonite|Dragon Dance|p1a: Dragonite
|-boost|p1a: Dragonite|atk|1
|-boost|p1a: Dragonite|spe|1
|
|upkeep
|turn|23
|
|t:|1769317457
|switch|p1a: Grimmsnarl|Grimmsnarl, M|93/100
|-damage|p1a: Grimmsnarl|80/100|[from] Stealth Rock
|move|p2a: Great Tusk|Ice Spinner|p1a: Grimmsnarl
|-damage|p1a: Grimmsnarl|43/100
|
|upkeep
|turn|24
|
|t:|1769317466
|-end|p2a: Great Tusk|Protosynthesis|[silent]
|switch|p2a: Scizor|Scizor, F|91/100 par
|-damage|p2a: Scizor|78/100 par|[from] Stealth Rock
|move|p1a: Grimmsnarl|Reflect|p1a: Grimmsnarl
|-sidestart|p1: casear618|Reflect
|
|upkeep
|turn|25
|
|t:|1769317472
|move|p1a: Grimmsnarl|Light Screen|p1a: Grimmsnarl
|-sidestart|p1: casear618|move: Light Screen
|cant|p2a: Scizor|par
|
|upkeep
|turn|26
|
|t:|1769317476
|move|p1a: Grimmsnarl|Parting Shot|p2a: Scizor
|-unboost|p2a: Scizor|atk|1
|-unboost|p2a: Scizor|spa|1
|
|t:|1769317479
|switch|p1a: Landorus|Landorus-Therian, M, tera:Flying|88/100|[from] Parting Shot
|-damage|p1a: Landorus|63/100|[from] Stealth Rock
|-ability|p1a: Landorus|Intimidate|boost
|-unboost|p2a: Scizor|atk|1
|move|p2a: Scizor|Swords Dance|p2a: Scizor
|-boost|p2a: Scizor|atk|2
|
|upkeep
|turn|27
|
|t:|1769317491
|move|p1a: Landorus|Swords Dance|p1a: Landorus
|-boost|p1a: Landorus|atk|2
|move|p2a: Scizor|Swords Dance|p2a: Scizor
|-boost|p2a: Scizor|atk|2
|
|upkeep
|turn|28
|
|t:|1769317501
|move|p2a: Scizor|Bullet Punch|p1a: Landorus
|-damage|p1a: Landorus|8/100
|-enditem|p1a: Landorus|Salac Berry|[eat]
|-boost|p1a: Landorus|spe|1|[from] item: Salac Berry
|-damage|p2a: Scizor|68/100 par|[from] item: Life Orb
|move|p1a: Landorus|Swords Dance|p1a: Landorus
|-boost|p1a: Landorus|atk|2
|
|upkeep
|turn|29
|
|t:|1769317511
|move|p1a: Landorus|Endure|p1a: Landorus
|-singleturn|p1a: Landorus|move: Endure
|move|p2a: Scizor|Bullet Punch|p1a: Landorus
|-activate|p1a: Landorus|move: Endure
|-damage|p1a: Landorus|1/100
|-damage|p2a: Scizor|58/100 par|[from] item: Life Orb
|
|upkeep
|turn|30
|
|t:|1769317519
|move|p2a: Scizor|Bullet Punch|p1a: Landorus
|-damage|p1a: Landorus|0 fnt
|faint|p1a: Landorus
|-damage|p2a: Scizor|48/100 par|[from] item: Life Orb
|
|upkeep
|-message|casear618 forfeited.
|
|win|Unender
|raw|casear618's rating: 1393 &rarr; <strong>1372</strong><br />(-21 for losing)
|raw|Unender's rating: 1384 &rarr; <strong>1405</strong><br />(+21 for winning)
|l|☆casear618
|player|p1|
|l|☆Unender
|player|p2|
