|j|☆Yung Embryo
|j|☆suaiaj
|t:|1769380660
|gametype|singles
|player|p1|Yung Embryo|giovanni-gen1rb|1559
|player|p2|suaiaj|wallace|1547
|gen|9
|tier|[Gen 9] OU
|rated|
|rule|HP Percentage Mod: HP is shown in percentages
|rule|Endless Battle Clause: Forcing endless battles is banned
|rule|Species Clause: Limit one of each Pokémon
|rule|OHKO Clause: OHKO moves are banned
|rule|Evasion Items Clause: Evasion items are banned
|rule|Evasion Moves Clause: Evasion moves are banned
|rule|Evasion Abilities Clause: Evasion abilities are banned
|rule|Sleep Moves Clause: Sleep-inducing moves are banned
|clearpoke
|poke|p1|Ceruledge, M|
|poke|p1|Hatterene, F|
|poke|p1|Great Tusk|
|poke|p1|Ogerpon-Wellspring, F|
|poke|p1|Muk-Alola, F|
|poke|p1|Enamorus, F|
|poke|p2|Tyranitar, F|
|poke|p2|Gholdengo|
|poke|p2|Sandy Shocks|
|poke|p2|Kyurem|
|poke|p2|Landorus-Therian, M|
|poke|p2|Hatterene, F|
|teampreview
|
|t:|1769380679
|teamsize|p1|6
|teamsize|p2|6
|start
|switch|p1a: Great Tusk|Great Tusk|100/100
|switch|p2a: Landorus|Landorus-Therian, M|100/100
|-ability|p2a: Landorus|Intimidate|boost
|-unboost|p1a: Great Tusk|atk|1
|turn|1
|
|t:|1769380689
|-end|p1a: Great Tusk|Protosynthesis|[silent]
|switch|p1a: Hatterene|Hatterene, F|100/100
|-terastallize|p2a: Landorus|Flying
|move|p2a: Landorus|Tera Blast|p1a: Hatterene|[anim] Tera Blast Flying
|-damage|p1a: Hatterene|40/100
|
|-heal|p1a: Hatterene|46/100|[from] item: Leftovers
|upkeep
|turn|2
|
|t:|1769380701
|move|p2a: Landorus|Tera Blast|p1a: Hatterene|[anim] Tera Blast Flying
|-damage|p1a: Hatterene|0 fnt
|faint|p1a: Hatterene
|
|upkeep
|
|t:|1769380723
|switch|p1a: Ceruledge|Ceruledge, M|100/100
|turn|3
|
|t:|1769380727
|switch|p2a: Tyranitar|Tyranitar, F|100/100
|-weather|Sandstorm|[from] ability: Sand Stream|[of] p2a: Tyranitar
|move|p1a: Ceruledge|Swords Dance|p1a: Ceruledge
|-boost|p1a: Ceruledge|atk|2
|
|-weather|Sandstorm|[upkeep]
|-damage|p1a: Ceruledge|94/100|[from] Sandstorm
|upkeep
|turn|4
|
|t:|1769380739
|switch|p1a: Great Tusk|Great Tusk|100/100
|switch|p2a: Landorus|Landorus-Therian, M, tera:Flying|100/100
|-ability|p2a: Landorus|Intimidate|boost
|-unboost|p1a: Great Tusk|atk|1
|
|-weather|Sandstorm|[upkeep]
|-damage|p2a: Landorus|94/100|[from] Sandstorm
|upkeep
|turn|5
|
|t:|1769380749
|move|p2a: Landorus|Tera Blast|p1a: Great Tusk|[anim] Tera Blast Flying
|-supereffective|p1a: Great Tusk
|-damage|p1a: Great Tusk|10/100
|move|p1a: Great Tusk|Stealth Rock|p2a: Landorus
|-sidestart|p2: suaiaj|move: Stealth Rock
|
|-weather|Sandstorm|[upkeep]
|-damage|p2a: Landorus|88/100|[from] Sandstorm
|upkeep
|turn|6
|
|t:|1769380755
|move|p2a: Landorus|Tera Blast|p1a: Great Tusk|[anim] Tera Blast Flying
|-supereffective|p1a: Great Tusk
|-damage|p1a: Great Tusk|0 fnt
|faint|p1a: Great Tusk
|-end|p1a: Great Tusk|Protosynthesis|[silent]
|
|-weather|Sandstorm|[upkeep]
|-damage|p2a: Landorus|82/100|[from] Sandstorm
|upkeep
|
|t:|1769380758
|switch|p1a: Ceruledge|Ceruledge, M|94/100
|turn|7
|
|t:|1769380762
|switch|p2a: Sandy Shocks|Sandy Shocks|100/100
|-damage|p2a: Sandy Shocks|94/100|[from] Stealth Rock
|-enditem|p2a: Sandy Shocks|Booster Energy
|-activate|p2a: Sandy Shocks|ability: Protosynthesis|[fromitem]
|-start|p2a: Sandy Shocks|protosynthesisspe
|move|p1a: Ceruledge|Poltergeist||[still]
|-fail|p1a: Ceruledge
|
|-weather|none
|upkeep
|turn|8
|
|t:|1769380767
|switch|p1a: Muk|Muk-Alola, F|100/100
|move|p2a: Sandy Shocks|Earth Power|p1a: Muk
|-supereffective|p1a: Muk
|-damage|p1a: Muk|60/100
|
|upkeep
|turn|9
|
|t:|1769380773
|move|p2a: Sandy Shocks|Stealth Rock|p1a: Muk
|-sidestart|p1: Yung Embryo|move: Stealth Rock
|move|p1a: Muk|Ice Punch|p2a: Sandy Shocks
|-supereffective|p2a: Sandy Shocks
|-damage|p2a: Sandy Shocks|49/100
|-status|p2a: Sandy Shocks|psn|[from] ability: Poison Touch|[of] p1a: Muk
|
|-damage|p2a: Sandy Shocks|37/100 psn|[from] psn
|upkeep
|turn|10
|
|t:|1769380778
|move|p2a: Sandy Shocks|Earth Power|p1a: Muk
|-supereffective|p1a: Muk
|-damage|p1a: Muk|21/100
|move|p1a: Muk|Ice Punch|p2a: Sandy Shocks
|-supereffective|p2a: Sandy Shocks
|-damage|p2a: Sandy Shocks|0 fnt
|faint|p2a: Sandy Shocks
|-end|p2a: Sandy Shocks|Protosynthesis|[silent]
|
|upkeep
|
|t:|1769380786
|switch|p2a: Kyurem|Kyurem, shiny|100/100
|-damage|p2a: Kyurem|75/100|[from] Stealth Rock
|-ability|p2a: Kyurem|Pressure
|turn|11
|
|t:|1769380790
|move|p2a: Kyurem|Freeze-Dry|p1a: Muk
|-damage|p1a: Muk|0 fnt
|faint|p1a: Muk
|
|upkeep
|
|t:|1769380794
|switch|p1a: Enamorus|Enamorus, F|100/100
|-damage|p1a: Enamorus|76/100|[from] Stealth Rock
|turn|12
|
|t:|1769380797
|move|p1a: Enamorus|Moonblast|p2a: Kyurem
|-supereffective|p2a: Kyurem
|-damage|p2a: Kyurem|0 fnt
|faint|p2a: Kyurem
|
|upkeep
|
|t:|1769380806
|switch|p2a: Hatterene|Hatterene, F|100/100
|-damage|p2a: Hatterene|88/100|[from] Stealth Rock
|turn|13
|
|t:|1769380815
|switch|p1a: Ceruledge|Ceruledge, M|94/100
|-damage|p1a: Ceruledge|70/100|[from] Stealth Rock
|move|p2a: Hatterene|Nuzzle|p1a: Ceruledge
|-damage|p1a: Ceruledge|64/100
|-status|p1a: Ceruledge|par
|-ability|p1a: Ceruledge|Weak Armor|boost
|-unboost|p1a: Ceruledge|def|1
|-boost|p1a: Ceruledge|spe|2
|
|upkeep
|turn|14
|
|t:|1769380819
|cant|p1a: Ceruledge|par
|move|p2a: Hatterene|Psychic Noise|p1a: Ceruledge
|-damage|p1a: Ceruledge|19/100 par
|-start|p1a: Ceruledge|move: Heal Block
|
|upkeep
|turn|15
|
|t:|1769380827
|switch|p2a: Landorus|Landorus-Therian, M, tera:Flying|82/100
|-damage|p2a: Landorus|57/100|[from] Stealth Rock
|-ability|p2a: Landorus|Intimidate|boost
|-unboost|p1a: Ceruledge|atk|1
|move|p1a: Ceruledge|Poltergeist|p2a: Landorus
|-activate|p2a: Landorus|move: Poltergeist|Choice Scarf
|-crit|p2a: Landorus
|-damage|p2a: Landorus|0 fnt
|faint|p2a: Landorus
|
|-end|p1a: Ceruledge|move: Heal Block
|upkeep
|
|t:|1769380836
|switch|p2a: Tyranitar|Tyranitar, F|100/100
|-damage|p2a: Tyranitar|88/100|[from] Stealth Rock
|-weather|Sandstorm|[from] ability: Sand Stream|[of] p2a: Tyranitar
|turn|16
|
|t:|1769380840
|cant|p1a: Ceruledge|par
|move|p2a: Tyranitar|Stone Edge|p1a: Ceruledge
|-supereffective|p1a: Ceruledge
|-damage|p1a: Ceruledge|0 fnt
|faint|p1a: Ceruledge
|
|-weather|Sandstorm|[upkeep]
|upkeep
|
|t:|1769380842
|switch|p1a: Ogerpon|Ogerpon-Wellspring, F|100/100
|-damage|p1a: Ogerpon|88/100|[from] Stealth Rock
|turn|17
|
|t:|1769380847
|move|p1a: Ogerpon|Ivy Cudgel|p2a: Tyranitar|[anim] Ivy Cudgel Water
|-supereffective|p2a: Tyranitar
|-damage|p2a: Tyranitar|0 fnt
|faint|p2a: Tyranitar
|
|-weather|Sandstorm|[upkeep]
|-damage|p1a: Ogerpon|82/100|[from] Sandstorm
|upkeep
|
|t:|1769380850
|switch|p2a: Gholdengo|Gholdengo|100/100
|-damage|p2a: Gholdengo|94/100|[from] Stealth Rock
|-item|p2a: Gholdengo|Air Balloon
|turn|18
|
|t:|1769380857
|-terastallize|p1a: Ogerpon|Water
|detailschange|p1a: Ogerpon|Ogerpon-Wellspring-Tera, F, tera:Water
|-ability|p1a: Ogerpon|Embody Aspect (Wellspring)|boost
|-boost|p1a: Ogerpon|spd|1
|move|p1a: Ogerpon|Ivy Cudgel|p2a: Gholdengo|[anim] Ivy Cudgel Water
|-damage|p2a: Gholdengo|44/100
|-enditem|p2a: Gholdengo|Air Balloon
|move|p2a: Gholdengo|Thunder Wave|p1a: Ogerpon
|-status|p1a: Ogerpon|par
|
|-weather|Sandstorm|[upkeep]
|-damage|p1a: Ogerpon|76/100 par|[from] Sandstorm
|upkeep
|turn|19
|
|t:|1769380867
|move|p2a: Gholdengo|Recover|p2a: Gholdengo
|-heal|p2a: Gholdengo|94/100
|cant|p1a: Ogerpon|par
|
|-weather|Sandstorm|[upkeep]
|-damage|p1a: Ogerpon|70/100 par|[from] Sandstorm
|upkeep
|turn|20
|
|t:|1769380871
|move|p2a: Gholdengo|Hex|p1a: Ogerpon
|-damage|p1a: Ogerpon|29/100 par
|cant|p1a: Ogerpon|par
|
|-weather|none
|upkeep
|turn|21
|
|t:|1769380875
|move|p2a: Gholdengo|Hex|p1a: Ogerpon
|-damage|p1a: Ogerpon|0 fnt
|faint|p1a: Ogerpon
|detailschange|p1: Ogerpon|Ogerpon-Wellspring, F|[silent]
|
|upkeep
|
|t:|1769380877
|switch|p1a: Enamorus|Enamorus, F|76/100
|-damage|p1a: Enamorus|51/100|[from] Stealth Rock
|turn|22
|
|t:|1769380880
|move|p1a: Enamorus|Earth Power|p2a: Gholdengo
|-supereffective|p2a: Gholdengo
|-damage|p2a: Gholdengo|28/100
|move|p2a: Gholdengo|Thunder Wave|p1a: Enamorus
|-status|p1a: Enamorus|par
|
|upkeep
|turn|23
|
|t:|1769380886
|cant|p1a: Enamorus|par
|move|p2a: Gholdengo|Hex|p1a: Enamorus
|-damage|p1a: Enamorus|0 fnt
|faint|p1a: Enamorus
|
|win|suaiaj
|raw|Yung Embryo's rating: 1559 &rarr; <strong>1538</strong><br />(-21 for losing)
|raw|suaiaj's rating: 1547 &rarr; <strong>1568</strong><br />(+21 for winning)
|l|☆Yung Embryo
|player|p1|
|l|☆suaiaj
|player|p2|
