|j|☆joshbutbad
|j|☆fylekull
|t:|1769388538
|gametype|singles
|player|p1|joshbutbad|101|
|player|p2|fylekull|1|
|gen|9
|tier|[Gen 9] OU
|rule|HP Percentage Mod: HP is shown in percentages
|rule|Endless Battle Clause: Forcing endless battles is banned
|rule|Species Clause: Limit one of each Pokémon
|rule|OHKO Clause: OHKO moves are banned
|rule|Evasion Items Clause: Evasion items are banned
|rule|Evasion Moves Clause: Evasion moves are banned
|rule|Evasion Abilities Clause: Evasion abilities are banned
|rule|Sleep Moves Clause: Sleep-inducing moves are banned
|clearpoke
|poke|p1|Samurott-Hisui, F|
|poke|p1|Volcanion|
|poke|p1|Kingdra, F|
|poke|p1|Zapdos|
|poke|p1|Pelipper, F|
|poke|p1|Barraskewda, F|
|poke|p2|Dragonite, M|
|poke|p2|Grimmsnarl, M|
|poke|p2|Empoleon, M|
|poke|p2|Florges, F|
|poke|p2|Porygon-Z|
|poke|p2|Venusaur, F|
|teampreview
|c|☆fylekull|gl
|c|☆joshbutbad|gl
|
|t:|1769388553
|teamsize|p1|6
|teamsize|p2|6
|start
|switch|p1a: Pelipper|Pelipper, F|100/100
|switch|p2a: Grimmsnarl|Grimmsnarl, M, shiny|100/100
|-weather|RainDance|[from] ability: Drizzle|[of] p1a: Pelipper
|turn|1
|
|t:|1769388567
|move|p2a: Grimmsnarl|Thunder Wave|p1a: Pelipper
|-status|p1a: Pelipper|par
|move|p1a: Pelipper|U-turn|p2a: Grimmsnarl
|-damage|p2a: Grimmsnarl|90/100
|
|t:|1769388588
|switch|p1a: Barraskewda|Barraskewda, F|100/100|[from] U-turn
|
|-weather|RainDance|[upkeep]
|upkeep
|turn|2
|
|t:|1769388595
|-terastallize|p1a: Barraskewda|Water
|move|p2a: Grimmsnarl|Thunder Wave|p1a: Barraskewda
|-status|p1a: Barraskewda|par
|move|p1a: Barraskewda|Liquidation|p2a: Grimmsnarl
|-damage|p2a: Grimmsnarl|0 fnt
|faint|p2a: Grimmsnarl
|
|-weather|RainDance|[upkeep]
|upkeep
|
|t:|1769388609
|switch|p2a: Venusaur|Venusaur, F|100/100
|turn|3
|
|t:|1769388619
|switch|p1a: Kingdra|Kingdra, F|100/100
|-terastallize|p2a: Venusaur|Water
|move|p2a: Venusaur|Giga Drain|p1a: Kingdra
|-damage|p1a: Kingdra|71/100
|
|-weather|RainDance|[upkeep]
|upkeep
|turn|4
|
|t:|1769388640
|move|p1a: Kingdra|Draco Meteor|p2a: Venusaur
|-damage|p2a: Venusaur|15/100
|-unboost|p1a: Kingdra|spa|2
|move|p2a: Venusaur|Knock Off|p1a: Kingdra
|-damage|p1a: Kingdra|50/100
|-enditem|p1a: Kingdra|Choice Specs|[from] move: Knock Off|[of] p2a: Venusaur
|
|-weather|RainDance|[upkeep]
|-heal|p2a: Venusaur|21/100|[from] item: Leftovers
|upkeep
|turn|5
|
|t:|1769388662
|switch|p1a: Zapdos|Zapdos|100/100
|switch|p2a: Florges|Florges, F, shiny|100/100
|
|-weather|RainDance|[upkeep]
|upkeep
|turn|6
|
|t:|1769388674
|move|p1a: Zapdos|Hurricane|p2a: Florges
|-damage|p2a: Florges|70/100
|move|p2a: Florges|Calm Mind|p2a: Florges
|-boost|p2a: Florges|spa|1
|-boost|p2a: Florges|spd|1
|
|-weather|RainDance|[upkeep]
|-heal|p2a: Florges|76/100|[from] item: Leftovers
|upkeep
|turn|7
|
|t:|1769388698
|switch|p1a: Volcanion|Volcanion|100/100
|move|p2a: Florges|Moonblast|p1a: Volcanion
|-resisted|p1a: Volcanion
|-damage|p1a: Volcanion|67/100
|
|-weather|RainDance|[upkeep]
|-heal|p2a: Florges|82/100|[from] item: Leftovers
|upkeep
|turn|8
|
|t:|1769388732
|switch|p2a: Empoleon|Empoleon, M, shiny|100/100
|-item|p2a: Empoleon|Air Balloon
|move|p1a: Volcanion|Steam Eruption|p2a: Empoleon
|-resisted|p2a: Empoleon
|-damage|p2a: Empoleon|57/100
|-status|p2a: Empoleon|brn
|-enditem|p2a: Empoleon|Air Balloon
|
|-weather|none
|-damage|p2a: Empoleon|51/100 brn|[from] brn
|upkeep
|turn|9
|
|t:|1769388763
|move|p1a: Volcanion|Steam Eruption|p2a: Empoleon
|-resisted|p2a: Empoleon
|-damage|p2a: Empoleon|19/100 brn
|move|p2a: Empoleon|Stealth Rock|p1a: Volcanion
|-sidestart|p1: joshbutbad|move: Stealth Rock
|
|-damage|p2a: Empoleon|13/100 brn|[from] brn
|upkeep
|turn|10
|
|t:|1769388777
|switch|p1a: Pelipper|Pelipper, F|100/100 par
|-damage|p1a: Pelipper|76/100 par|[from] Stealth Rock
|-weather|RainDance|[from] ability: Drizzle|[of] p1a: Pelipper
|move|p2a: Empoleon|Surf|p1a: Pelipper
|-resisted|p1a: Pelipper
|-damage|p1a: Pelipper|41/100 par
|
|-weather|RainDance|[upkeep]
|-damage|p2a: Empoleon|7/100 brn|[from] brn
|upkeep
|turn|11
|
|t:|1769388800
|move|p2a: Empoleon|Knock Off|p1a: Pelipper
|-damage|p1a: Pelipper|34/100 par
|-enditem|p1a: Pelipper|Damp Rock|[from] move: Knock Off|[of] p2a: Empoleon
|move|p1a: Pelipper|U-turn|p2a: Empoleon
|-resisted|p2a: Empoleon
|-damage|p2a: Empoleon|2/100 brn
|
|t:|1769388819
|switch|p1a: Barraskewda|Barraskewda, F, tera:Water|100/100 par|[from] U-turn
|-damage|p1a: Barraskewda|88/100 par|[from] Stealth Rock
|
|-weather|RainDance|[upkeep]
|-damage|p2a: Empoleon|0 fnt|[from] brn
|faint|p2a: Empoleon
|upkeep
|
|t:|1769388847
|switch|p2a: Venusaur|Venusaur, F, tera:Water|21/100
|turn|12
|
|t:|1769388856
|move|p1a: Barraskewda|Liquidation|p2a: Venusaur
|-resisted|p2a: Venusaur
|-damage|p2a: Venusaur|0 fnt
|faint|p2a: Venusaur
|
|-weather|RainDance|[upkeep]
|upkeep
|
|t:|1769388863
|switch|p2a: Dragonite|Dragonite, M|100/100
|turn|13
|
|t:|1769388868
|move|p1a: Barraskewda|Liquidation|p2a: Dragonite
|-resisted|p2a: Dragonite
|-damage|p2a: Dragonite|60/100
|move|p2a: Dragonite|Thunder|p1a: Barraskewda
|-supereffective|p1a: Barraskewda
|-damage|p1a: Barraskewda|0 fnt
|faint|p1a: Barraskewda
|
|-weather|RainDance|[upkeep]
|upkeep
|
|t:|1769388877
|switch|p1a: Kingdra|Kingdra, F|50/100
|-damage|p1a: Kingdra|38/100|[from] Stealth Rock
|turn|14
|
|t:|1769388883
|switch|p2a: Florges|Florges, F, shiny|82/100
|move|p1a: Kingdra|Draco Meteor|p2a: Florges
|-immune|p2a: Florges
|
|-weather|RainDance|[upkeep]
|-heal|p2a: Florges|89/100|[from] item: Leftovers
|upkeep
|turn|15
|
|t:|1769388892
|move|p1a: Kingdra|Flip Turn|p2a: Florges
|-damage|p2a: Florges|65/100
|
|t:|1769388894
|switch|p1a: Volcanion|Volcanion|67/100|[from] Flip Turn
|-damage|p1a: Volcanion|42/100|[from] Stealth Rock
|move|p2a: Florges|Calm Mind|p2a: Florges
|-boost|p2a: Florges|spa|1
|-boost|p2a: Florges|spd|1
|
|-weather|RainDance|[upkeep]
|-heal|p2a: Florges|71/100|[from] item: Leftovers
|upkeep
|turn|16
|
|t:|1769388910
|move|p1a: Volcanion|Sludge Bomb|p2a: Florges
|-supereffective|p2a: Florges
|-damage|p2a: Florges|29/100
|move|p2a: Florges|Moonblast|p1a: Volcanion
|-resisted|p1a: Volcanion
|-damage|p1a: Volcanion|6/100
|
|-weather|RainDance|[upkeep]
|-heal|p2a: Florges|35/100|[from] item: Leftovers
|upkeep
|turn|17
|
|t:|1769388941
|switch|p2a: Dragonite|Dragonite, M|60/100
|move|p1a: Volcanion|Sludge Bomb|p2a: Dragonite
|-damage|p2a: Dragonite|9/100
|
|-weather|none
|upkeep
|turn|18
|
|t:|1769388959
|move|p2a: Dragonite|Extreme Speed|p1a: Volcanion
|-damage|p1a: Volcanion|0 fnt
|faint|p1a: Volcanion
|
|upkeep
|
|t:|1769388964
|switch|p1a: Pelipper|Pelipper, F|34/100 par
|-damage|p1a: Pelipper|9/100 par|[from] Stealth Rock
|-weather|RainDance|[from] ability: Drizzle|[of] p1a: Pelipper
|turn|19
|
|t:|1769388969
|move|p2a: Dragonite|Extreme Speed|p1a: Pelipper
|-damage|p1a: Pelipper|0 fnt
|faint|p1a: Pelipper
|
|-weather|RainDance|[upkeep]
|upkeep
|
|t:|1769388981
|switch|p1a: Kingdra|Kingdra, F|38/100
|-damage|p1a: Kingdra|25/100|[from] Stealth Rock
|turn|20
|
|t:|1769388989
|move|p2a: Dragonite|Extreme Speed|p1a: Kingdra
|-damage|p1a: Kingdra|0 fnt
|faint|p1a: Kingdra
|
|-weather|RainDance|[upkeep]
|upkeep
|
|t:|1769388992
|switch|p1a: Zapdos|Zapdos|100/100
|turn|21
|c|☆fylekull|shpuldnt have rocks hit him there
|c|☆fylekull|confused
|c|☆joshbutbad|i have heavy duty boots
|c|☆joshbutbad|on zapdos
|c|☆fylekull|makes sense lmao
|
|t:|1769389028
|move|p2a: Dragonite|Extreme Speed|p1a: Zapdos
|-damage|p1a: Zapdos|80/100
|-status|p2a: Dragonite|par|[from] ability: Static|[of] p1a: Zapdos
|move|p1a: Zapdos|Hurricane|p2a: Dragonite
|-damage|p2a: Dragonite|0 fnt
|faint|p2a: Dragonite
|
|-weather|RainDance|[upkeep]
|upkeep
|c|☆fylekull|fogot about that
|
|t:|1769389040
|switch|p2a: Florges|Florges, F, shiny|35/100
|turn|22
|
|t:|1769389051
|move|p1a: Zapdos|Hurricane|p2a: Florges
|-damage|p2a: Florges|6/100
|move|p2a: Florges|Calm Mind|p2a: Florges
|-boost|p2a: Florges|spa|1
|-boost|p2a: Florges|spd|1
|
|-weather|RainDance|[upkeep]
|-heal|p2a: Florges|12/100|[from] item: Leftovers
|upkeep
|turn|23
|
|t:|1769389061
|move|p1a: Zapdos|Hurricane|p2a: Florges
|-damage|p2a: Florges|0 fnt
|faint|p2a: Florges
|
|-weather|none
|upkeep
|
|t:|1769389066
|switch|p2a: Porygon-Z|Porygon-Z, shiny|100/100
|-ability|p2a: Porygon-Z|Download|boost
|-boost|p2a: Porygon-Z|spa|1
|turn|24
|
|t:|1769389081
|move|p2a: Porygon-Z|Ice Beam|p1a: Zapdos
|-supereffective|p1a: Zapdos
|-damage|p1a: Zapdos|0 fnt
|faint|p1a: Zapdos
|
|upkeep
|
|t:|1769389084
|switch|p1a: Samurott|Samurott-Hisui, F|100/100
|-damage|p1a: Samurott|88/100|[from] Stealth Rock
|turn|25
|
|t:|1769389094
|move|p2a: Porygon-Z|Thunder|p1a: Samurott
|-supereffective|p1a: Samurott
|-damage|p1a: Samurott|2/100
|move|p1a: Samurott|Razor Shell|p2a: Porygon-Z
|-damage|p2a: Porygon-Z|27/100
|
|upkeep
|turn|26
|
|t:|1769389101
|move|p1a: Samurott|Sucker Punch|p2a: Porygon-Z
|-damage|p2a: Porygon-Z|0 fnt
|faint|p2a: Porygon-Z
|
|win|joshbutbad
|c|☆fylekull|gg
|c|☆joshbutbad|gg
|l|☆fylekull
|player|p2|
