|j|☆monkeoogaboog2
|j|☆NoobishTrainerJoe
|t:|1769407640
|gametype|singles
|player|p1|monkeoogaboog2|169|1660
|player|p2|NoobishTrainerJoe|kurt|1708
|gen|9
|tier|[Gen 9] OU
|rated|
|rule|HP Percentage Mod: HP is shown in percentages
|rule|Endless Battle Clause: Forcing endless battles is banned
|rule|Species Clause: Limit one of each Pokémon
|rule|OHKO Clause: OHKO moves are banned
|rule|Evasion Items Clause: Evasion items are banned
|rule|Evasion Moves Clause: Evasion moves are banned
|rule|Evasion Abilities Clause: Evasion abilities are banned
|rule|Sleep Moves Clause: Sleep-inducing moves are banned
|clearpoke
|poke|p1|Heatran, M|
|poke|p1|Rillaboom, M|
|poke|p1|Darkrai|
|poke|p1|Primarina, F|
|poke|p1|Kingambit, M|
|poke|p1|Great Tusk|
|poke|p2|Scyther, M|
|poke|p2|Alomomola, M|
|poke|p2|Hydrapple, F|
|poke|p2|Cinderace, M|
|poke|p2|Pecharunt|
|poke|p2|Ting-Lu|
|teampreview
|
|t:|1769407655
|teamsize|p1|6
|teamsize|p2|6
|start
|switch|p1a: Heatran|Heatran, M|100/100
|switch|p2a: Slaying Mantis|Scyther, M, shiny|100/100
|turn|1
|
|t:|1769407657
|move|p2a: Slaying Mantis|Close Combat|p1a: Heatran
|-supereffective|p1a: Heatran
|-damage|p1a: Heatran|0 fnt
|-unboost|p2a: Slaying Mantis|def|1
|-unboost|p2a: Slaying Mantis|spd|1
|faint|p1a: Heatran
|
|upkeep
|
|t:|1769407663
|switch|p1a: Primarina|Primarina, F|100/100
|turn|2
|j| J Pokemon Master M
|
|t:|1769407671
|switch|p2a: On The Flip Side|Alomomola, M, shiny|100/100
|move|p1a: Primarina|Moonblast|p2a: On The Flip Side
|-damage|p2a: On The Flip Side|69/100
|-unboost|p2a: On The Flip Side|spa|1
|
|upkeep
|turn|3
|
|t:|1769407675
|move|p1a: Primarina|Flip Turn|p2a: On The Flip Side
|-resisted|p2a: On The Flip Side
|-damage|p2a: On The Flip Side|64/100
|
|t:|1769407678
|switch|p1a: Rillaboom|Rillaboom, M|100/100|[from] Flip Turn
|-fieldstart|move: Grassy Terrain|[from] ability: Grassy Surge|[of] p1a: Rillaboom
|move|p2a: On The Flip Side|Flip Turn|p1a: Rillaboom
|-resisted|p1a: Rillaboom
|-damage|p1a: Rillaboom|92/100
|
|t:|1769407680
|switch|p2a: Slaying Mantis|Scyther, M, shiny|100/100|[from] Flip Turn
|
|-heal|p1a: Rillaboom|98/100|[from] Grassy Terrain
|upkeep
|turn|4
|
|t:|1769407682
|move|p2a: Slaying Mantis|U-turn|p1a: Rillaboom
|-supereffective|p1a: Rillaboom
|-damage|p1a: Rillaboom|0 fnt
|faint|p1a: Rillaboom
|
|t:|1769407694
|switch|p2a: On The Flip Side|Alomomola, M, shiny|97/100|[from] U-turn
|
|-heal|p2a: On The Flip Side|100/100|[from] Grassy Terrain
|upkeep
|
|t:|1769407703
|switch|p1a: Darkrai|Darkrai|100/100
|turn|5
|j| lanarey
|
|t:|1769407712
|move|p1a: Darkrai|Nasty Plot|p1a: Darkrai
|-boost|p1a: Darkrai|spa|2
|move|p2a: On The Flip Side|Flip Turn|p1a: Darkrai
|-damage|p1a: Darkrai|79/100
|
|t:|1769407724
|switch|p2a: Awaken the Basin|Ting-Lu|100/100|[from] Flip Turn
|-ability|p2a: Awaken the Basin|Vessel of Ruin
|
|-heal|p1a: Darkrai|85/100|[from] Grassy Terrain
|upkeep
|turn|6
|
|t:|1769407729
|switch|p2a: On The Flip Side|Alomomola, M, shiny|100/100
|move|p1a: Darkrai|Ice Beam|p2a: On The Flip Side
|-resisted|p2a: On The Flip Side
|-damage|p2a: On The Flip Side|80/100
|-damage|p1a: Darkrai|75/100|[from] item: Life Orb
|
|-heal|p1a: Darkrai|81/100|[from] Grassy Terrain
|-heal|p2a: On The Flip Side|86/100|[from] Grassy Terrain
|upkeep
|turn|7
|
|t:|1769407735
|move|p1a: Darkrai|Nasty Plot|p1a: Darkrai
|-boost|p1a: Darkrai|spa|2
|move|p2a: On The Flip Side|Mirror Coat||[still]
|-fail|p2a: On The Flip Side
|
|-heal|p1a: Darkrai|87/100|[from] Grassy Terrain
|-heal|p2a: On The Flip Side|92/100|[from] Grassy Terrain
|-fieldend|move: Grassy Terrain
|upkeep
|turn|8
|
|t:|1769407741
|move|p1a: Darkrai|Nasty Plot|p1a: Darkrai
|-boost|p1a: Darkrai|spa|2
|move|p2a: On The Flip Side|Flip Turn|p1a: Darkrai
|-damage|p1a: Darkrai|65/100
|
|t:|1769407760
|switch|p2a: Awaken the Basin|Ting-Lu|100/100|[from] Flip Turn
|-ability|p2a: Awaken the Basin|Vessel of Ruin
|
|upkeep
|turn|9
|
|t:|1769407768
|-terastallize|p2a: Awaken the Basin|Water
|move|p1a: Darkrai|Ice Beam|p2a: Awaken the Basin
|-resisted|p2a: Awaken the Basin
|-damage|p2a: Awaken the Basin|66/100
|-damage|p1a: Darkrai|55/100|[from] item: Life Orb
|move|p2a: Awaken the Basin|Earthquake|p1a: Darkrai
|-damage|p1a: Darkrai|4/100
|
|-heal|p2a: Awaken the Basin|72/100|[from] item: Leftovers
|upkeep
|turn|10
|
|t:|1769407780
|move|p1a: Darkrai|Dark Pulse|p2a: Awaken the Basin
|-damage|p2a: Awaken the Basin|0 fnt
|faint|p2a: Awaken the Basin
|-damage|p1a: Darkrai|0 fnt|[from] item: Life Orb
|faint|p1a: Darkrai
|
|upkeep
|l| lanarey
|
|t:|1769407788
|switch|p1a: Great Tusk|Great Tusk|100/100
|switch|p2a: Slaying Mantis|Scyther, M, shiny|100/100
|turn|11
|
|t:|1769407789
|move|p2a: Slaying Mantis|Dual Wingbeat|p1a: Great Tusk
|-supereffective|p1a: Great Tusk
|-damage|p1a: Great Tusk|49/100
|-damage|p2a: Slaying Mantis|84/100|[from] item: Rocky Helmet|[of] p1a: Great Tusk
|-supereffective|p1a: Great Tusk
|-damage|p1a: Great Tusk|0 fnt
|-damage|p2a: Slaying Mantis|68/100|[from] item: Rocky Helmet|[of] p1a: Great Tusk
|faint|p1a: Great Tusk
|-end|p1a: Great Tusk|Protosynthesis|[silent]
|-hitcount|p1: Great Tusk|2
|
|upkeep
|
|t:|1769407792
|switch|p1a: Kingambit|Kingambit, M|100/100
|-activate|p1a: Kingambit|ability: Supreme Overlord
|-start|p1a: Kingambit|fallen4|[silent]
|turn|12
|
|t:|1769407799
|move|p2a: Slaying Mantis|Dual Wingbeat|p1a: Kingambit
|-resisted|p1a: Kingambit
|-damage|p1a: Kingambit|86/100
|-resisted|p1a: Kingambit
|-damage|p1a: Kingambit|71/100
|-hitcount|p1a: Kingambit|2
|move|p1a: Kingambit|Swords Dance|p1a: Kingambit
|-boost|p1a: Kingambit|atk|2
|
|-heal|p1a: Kingambit|77/100|[from] item: Leftovers
|upkeep
|turn|13
|j| KappaHalo
|
|t:|1769407810
|switch|p2a: On The Flip Side|Alomomola, M, shiny|100/100
|move|p1a: Kingambit|Swords Dance|p1a: Kingambit
|-boost|p1a: Kingambit|atk|2
|
|-heal|p1a: Kingambit|83/100|[from] item: Leftovers
|upkeep
|turn|14
|
|t:|1769407814
|move|p1a: Kingambit|Kowtow Cleave|p2a: On The Flip Side
|-damage|p2a: On The Flip Side|0 fnt
|faint|p2a: On The Flip Side
|
|-heal|p1a: Kingambit|89/100|[from] item: Leftovers
|upkeep
|
|t:|1769407817
|switch|p2a: Isaac Fruiton|Hydrapple, F, shiny|100/100
|turn|15
|
|t:|1769407824
|move|p1a: Kingambit|Kowtow Cleave|p2a: Isaac Fruiton
|-damage|p2a: Isaac Fruiton|0 fnt
|faint|p2a: Isaac Fruiton
|
|-heal|p1a: Kingambit|95/100|[from] item: Leftovers
|upkeep
|
|t:|1769407828
|switch|p2a: Pyro Punter|Cinderace, M, shiny|100/100
|turn|16
|
|t:|1769407832
|-terastallize|p1a: Kingambit|Fire
|move|p2a: Pyro Punter|Sucker Punch|p1a: Kingambit
|-start|p2a: Pyro Punter|typechange|Dark|[from] ability: Libero
|-damage|p1a: Kingambit|70/100
|move|p1a: Kingambit|Kowtow Cleave|p2a: Pyro Punter
|-resisted|p2a: Pyro Punter
|-damage|p2a: Pyro Punter|0 fnt
|faint|p2a: Pyro Punter
|
|-heal|p1a: Kingambit|76/100|[from] item: Leftovers
|upkeep
|
|t:|1769407840
|switch|p2a: Slaying Mantis|Scyther, M, shiny|68/100
|turn|17
|
|t:|1769407842
|move|p2a: Slaying Mantis|Quick Attack|p1a: Kingambit
|-damage|p1a: Kingambit|55/100
|move|p1a: Kingambit|Sucker Punch||[still]
|-fail|p1a: Kingambit
|
|-heal|p1a: Kingambit|61/100|[from] item: Leftovers
|upkeep
|turn|18
|
|t:|1769407847
|move|p2a: Slaying Mantis|Quick Attack|p1a: Kingambit
|-damage|p1a: Kingambit|42/100
|move|p1a: Kingambit|Kowtow Cleave|p2a: Slaying Mantis
|-damage|p2a: Slaying Mantis|0 fnt
|faint|p2a: Slaying Mantis
|
|-heal|p1a: Kingambit|48/100|[from] item: Leftovers
|upkeep
|
|t:|1769407849
|switch|p2a: Venomtriloquist|Pecharunt|100/100
|turn|19
|
|t:|1769407852
|move|p1a: Kingambit|Sucker Punch|p2a: Venomtriloquist
|-supereffective|p2a: Venomtriloquist
|-damage|p2a: Venomtriloquist|0 fnt
|-damage|p1a: Kingambit|32/100|[from] item: Rocky Helmet|[of] p2a: Venomtriloquist
|faint|p2a: Venomtriloquist
|
|win|monkeoogaboog2
|raw|monkeoogaboog2's rating: 1660 &rarr; <strong>1683</strong><br />(+23 for winning)
|raw|NoobishTrainerJoe's rating: 1708 &rarr; <strong>1685</strong><br />(-23 for losing)
|l|☆NoobishTrainerJoe
|player|p2|
|l| KappaHalo
|l|☆monkeoogaboog2
|player|p1|
