|j|☆kahuai
|j|☆Maroco_God
|t:|1769429034
|gametype|singles
|player|p1|kahuai|steven|1168
|player|p2|Maroco_God|red|1200
|gen|9
|tier|[Gen 9] OU
|rated|
|rule|HP Percentage Mod: HP is shown in percentages
|rule|Endless Battle Clause: Forcing endless battles is banned
|rule|Species Clause: Limit one of each Pokémon
|rule|OHKO Clause: OHKO moves are banned
|rule|Evasion Items Clause: Evasion items are banned
|rule|Evasion Moves Clause: Evasion moves are banned
|rule|Evasion Abilities Clause: Evasion abilities are banned
|rule|Sleep Moves Clause: Sleep-inducing moves are banned
|clearpoke
|poke|p1|Muk-Alola, M|
|poke|p1|Kleavor, M|
|poke|p1|Iron Hands|
|poke|p1|Yanmega, F|
|poke|p1|Chandelure, M|
|poke|p1|Volcanion|
|poke|p2|Ceruledge, F|
|poke|p2|Meowscarada, F|
|poke|p2|Sandslash, F|
|poke|p2|Zoroark-Hisui, F|
|poke|p2|Inteleon, F|
|poke|p2|Tyranitar, M|
|teampreview
|
|t:|1769429043
|teamsize|p1|6
|teamsize|p2|6
|start
|switch|p1a: Kleavor|Kleavor, M|100/100
|switch|p2a: LA CABRA|Sandslash, F, shiny|100/100
|turn|1
|c|☆kahuai|Not the zoroark
|
|t:|1769429053
|move|p2a: LA CABRA|Nasty Plot|p2a: LA CABRA
|-boost|p2a: LA CABRA|spa|2
|move|p1a: Kleavor|Stone Axe|p2a: LA CABRA
|-crit|p2a: LA CABRA
|-enditem|p2a: LA CABRA|Focus Sash
|-damage|p2a: LA CABRA|1/100
|replace|p2a: Zoroark|Zoroark-Hisui, F, shiny
|-end|p2a: Zoroark|Illusion
|-sidestart|p2: Maroco_God|move: Stealth Rock
|
|upkeep
|turn|2
|
|t:|1769429083
|move|p2a: Zoroark|Flamethrower|p1a: Kleavor
|-damage|p1a: Kleavor|0 fnt
|faint|p1a: Kleavor
|
|upkeep
|
|t:|1769429091
|switch|p1a: Chandelure|Chandelure, M|100/100
|turn|3
|
|t:|1769429094
|move|p1a: Chandelure|Flamethrower|p2a: Zoroark
|-damage|p2a: Zoroark|0 fnt
|faint|p2a: Zoroark
|
|upkeep
|
|t:|1769429105
|switch|p2a: Meowscarada|Meowscarada, F, shiny|100/100
|-damage|p2a: Meowscarada|88/100|[from] Stealth Rock
|turn|4
|
|t:|1769429112
|move|p1a: Chandelure|Flamethrower|p2a: Meowscarada
|-supereffective|p2a: Meowscarada
|-damage|p2a: Meowscarada|0 fnt
|faint|p2a: Meowscarada
|
|upkeep
|
|t:|1769429117
|switch|p2a: Inteleon|Inteleon, F, shiny|100/100
|-damage|p2a: Inteleon|88/100|[from] Stealth Rock
|turn|5
|c|☆kahuai|Why would u doo that
|
|t:|1769429127
|switch|p1a: Volcanion|Volcanion|100/100
|move|p2a: Inteleon|Dark Pulse|p1a: Volcanion
|-crit|p1a: Volcanion
|-damage|p1a: Volcanion|0 fnt
|faint|p1a: Volcanion
|
|upkeep
|
|t:|1769429136
|switch|p1a: Iron Hands|Iron Hands|100/100
|-enditem|p1a: Iron Hands|Booster Energy
|-activate|p1a: Iron Hands|ability: Quark Drive|[fromitem]
|-start|p1a: Iron Hands|quarkdriveatk
|turn|6
|
|t:|1769429141
|switch|p2a: LA CABRA|Sandslash, F, shiny|100/100
|-damage|p2a: LA CABRA|94/100|[from] Stealth Rock
|move|p1a: Iron Hands|Fake Out|p2a: LA CABRA
|-damage|p2a: LA CABRA|77/100
|
|upkeep
|turn|7
|
|t:|1769429149
|move|p2a: LA CABRA|Stealth Rock|p1a: Iron Hands
|-sidestart|p1: kahuai|move: Stealth Rock
|move|p1a: Iron Hands|Drain Punch|p2a: LA CABRA
|-damage|p2a: LA CABRA|26/100
|
|upkeep
|turn|8
|
|t:|1769429155
|move|p2a: LA CABRA|Earthquake|p1a: Iron Hands
|-supereffective|p1a: Iron Hands
|-damage|p1a: Iron Hands|61/100
|move|p1a: Iron Hands|Drain Punch|p2a: LA CABRA
|-damage|p2a: LA CABRA|0 fnt
|-heal|p1a: Iron Hands|68/100|[from] drain|[of] p2a: LA CABRA
|faint|p2a: LA CABRA
|
|upkeep
|
|t:|1769429169
|switch|p2a: Ceruledge|Ceruledge, F, shiny|100/100
|-damage|p2a: Ceruledge|76/100|[from] Stealth Rock
|turn|9
|
|t:|1769429175
|move|p2a: Ceruledge|Bitter Blade|p1a: Iron Hands
|-damage|p1a: Iron Hands|29/100
|-heal|p2a: Ceruledge|100/100|[from] drain|[of] p1a: Iron Hands
|-damage|p2a: Ceruledge|91/100|[from] item: Life Orb
|move|p1a: Iron Hands|Wild Charge|p2a: Ceruledge
|-damage|p2a: Ceruledge|0 fnt
|faint|p2a: Ceruledge
|-damage|p1a: Iron Hands|16/100|[from] Recoil
|
|upkeep
|
|t:|1769429189
|switch|p2a: Inteleon|Inteleon, F, shiny|88/100
|-damage|p2a: Inteleon|76/100|[from] Stealth Rock
|turn|10
|
|t:|1769429194
|move|p2a: Inteleon|Snipe Shot|p1a: Iron Hands
|-damage|p1a: Iron Hands|0 fnt
|faint|p1a: Iron Hands
|-end|p1a: Iron Hands|Quark Drive|[silent]
|
|upkeep
|
|t:|1769429196
|switch|p1a: Muk|Muk-Alola, M|100/100
|-damage|p1a: Muk|88/100|[from] Stealth Rock
|turn|11
|
|t:|1769429202
|switch|p2a: Tyranitar|Tyranitar, M, shiny|100/100
|-damage|p2a: Tyranitar|88/100|[from] Stealth Rock
|-weather|Sandstorm|[from] ability: Sand Stream|[of] p2a: Tyranitar
|move|p1a: Muk|Knock Off|p2a: Tyranitar
|-resisted|p2a: Tyranitar
|-damage|p2a: Tyranitar|75/100
|-enditem|p2a: Tyranitar|Assault Vest|[from] move: Knock Off|[of] p1a: Muk
|
|-weather|Sandstorm|[upkeep]
|-damage|p1a: Muk|82/100|[from] Sandstorm
|-heal|p1a: Muk|88/100|[from] item: Black Sludge
|upkeep
|turn|12
|
|t:|1769429219
|move|p2a: Tyranitar|Earthquake|p1a: Muk
|-supereffective|p1a: Muk
|-damage|p1a: Muk|24/100
|move|p1a: Muk|Poison Jab|p2a: Tyranitar
|-resisted|p2a: Tyranitar
|-damage|p2a: Tyranitar|64/100
|
|-weather|Sandstorm|[upkeep]
|-damage|p1a: Muk|18/100|[from] Sandstorm
|-heal|p1a: Muk|24/100|[from] item: Black Sludge
|upkeep
|turn|13
|
|t:|1769429231
|move|p2a: Tyranitar|Earthquake|p1a: Muk
|-supereffective|p1a: Muk
|-damage|p1a: Muk|0 fnt
|faint|p1a: Muk
|
|-weather|Sandstorm|[upkeep]
|upkeep
|
|t:|1769429233
|switch|p1a: Chandelure|Chandelure, M|100/100
|-damage|p1a: Chandelure|76/100|[from] Stealth Rock
|turn|14
|
|t:|1769429241
|-terastallize|p1a: Chandelure|Grass
|move|p1a: Chandelure|Energy Ball|p2a: Tyranitar
|-supereffective|p2a: Tyranitar
|-damage|p2a: Tyranitar|4/100
|move|p2a: Tyranitar|Knock Off|p1a: Chandelure
|-damage|p1a: Chandelure|11/100
|-enditem|p1a: Chandelure|Choice Scarf|[from] move: Knock Off|[of] p2a: Tyranitar
|
|-weather|Sandstorm|[upkeep]
|-damage|p1a: Chandelure|5/100|[from] Sandstorm
|upkeep
|turn|15
|
|t:|1769429254
|move|p1a: Chandelure|Energy Ball|p2a: Tyranitar
|-supereffective|p2a: Tyranitar
|-damage|p2a: Tyranitar|0 fnt
|faint|p2a: Tyranitar
|
|-weather|none
|upkeep
|
|t:|1769429260
|switch|p2a: Inteleon|Inteleon, F, shiny|76/100
|-damage|p2a: Inteleon|63/100|[from] Stealth Rock
|turn|16
|
|t:|1769429283
|move|p2a: Inteleon|Ice Beam|p1a: Chandelure
|-supereffective|p1a: Chandelure
|-damage|p1a: Chandelure|0 fnt
|faint|p1a: Chandelure
|
|upkeep
|
|t:|1769429286
|switch|p1a: Yanmega|Yanmega, F|100/100
|-damage|p1a: Yanmega|51/100|[from] Stealth Rock
|turn|17
|
|t:|1769429291
|move|p2a: Inteleon|Ice Beam|p1a: Yanmega
|-supereffective|p1a: Yanmega
|-damage|p1a: Yanmega|0 fnt
|faint|p1a: Yanmega
|
|win|Maroco_God
|raw|kahuai's rating: 1168 &rarr; <strong>1145</strong><br />(-23 for losing)
|raw|Maroco_God's rating: 1200 &rarr; <strong>1223</strong><br />(+23 for winning)
|l|☆kahuai
|player|p1|
|l|☆Maroco_God
|player|p2|
