|j|☆Syph0n_78
|j|☆ghighas
|t:|1769319095
|gametype|singles
|player|p1|Syph0n_78|cynthia-gen4|1332
|player|p2|ghighas|ghetsis|1335
|gen|9
|tier|[Gen 9] OU
|rated|
|rule|HP Percentage Mod: HP is shown in percentages
|rule|Endless Battle Clause: Forcing endless battles is banned
|rule|Species Clause: Limit one of each Pokémon
|rule|OHKO Clause: OHKO moves are banned
|rule|Evasion Items Clause: Evasion items are banned
|rule|Evasion Moves Clause: Evasion moves are banned
|rule|Evasion Abilities Clause: Evasion abilities are banned
|rule|Sleep Moves Clause: Sleep-inducing moves are banned
|clearpoke
|poke|p1|Latios, M|
|poke|p1|Primarina, M|
|poke|p1|Blaziken, F|
|poke|p1|Zapdos|
|poke|p1|Iron Treads|
|poke|p1|Meowscarada, F|
|poke|p2|Barraskewda, F|
|poke|p2|Pelipper, M|
|poke|p2|Dondozo, F|
|poke|p2|Ogerpon-Wellspring, F|
|poke|p2|Goodra-Hisui, M|
|poke|p2|Great Tusk|
|teampreview
|
|t:|1769319139
|teamsize|p1|6
|teamsize|p2|6
|start
|switch|p1a: Meowscarada|Meowscarada, F|100/100
|switch|p2a: Ogerpon|Ogerpon-Wellspring, F|100/100
|turn|1
|
|t:|1769319149
|switch|p2a: Pelipper|Pelipper, M|100/100
|-weather|RainDance|[from] ability: Drizzle|[of] p2a: Pelipper
|move|p1a: Meowscarada|U-turn|p2a: Pelipper
|-start|p1a: Meowscarada|typechange|Bug|[from] ability: Protean
|-resisted|p2a: Pelipper
|-damage|p2a: Pelipper|80/100
|
|t:|1769319168
|switch|p1a: Zapdos|Zapdos|100/100|[from] U-turn
|
|-weather|RainDance|[upkeep]
|upkeep
|turn|2
|
|t:|1769319181
|switch|p2a: Great Tusk|Great Tusk|100/100
|move|p1a: Zapdos|Volt Switch|p2a: Great Tusk
|-immune|p2a: Great Tusk
|
|-weather|RainDance|[upkeep]
|upkeep
|turn|3
|
|t:|1769319183
|-end|p2a: Great Tusk|Protosynthesis|[silent]
|switch|p2a: Goodra|Goodra-Hisui, M|100/100
|move|p1a: Zapdos|Hurricane|p2a: Goodra
|-resisted|p2a: Goodra
|-damage|p2a: Goodra|86/100
|
|-weather|RainDance|[upkeep]
|upkeep
|turn|4
|
|t:|1769319185
|move|p1a: Zapdos|Volt Switch|p2a: Goodra
|-resisted|p2a: Goodra
|-damage|p2a: Goodra|76/100
|
|t:|1769319193
|switch|p1a: Iron Treads|Iron Treads|100/100|[from] Volt Switch
|move|p2a: Goodra|Curse|p2a: Goodra
|-unboost|p2a: Goodra|spe|1
|-boost|p2a: Goodra|atk|1
|-boost|p2a: Goodra|def|1
|
|-weather|RainDance|[upkeep]
|upkeep
|turn|5
|
|t:|1769319204
|switch|p2a: Dondozo|Dondozo, F|100/100
|move|p1a: Iron Treads|Earthquake|p2a: Dondozo
|-damage|p2a: Dondozo|81/100
|
|-weather|RainDance|[upkeep]
|-heal|p2a: Dondozo|87/100|[from] item: Leftovers
|upkeep
|turn|6
|
|t:|1769319236
|-end|p1a: Iron Treads|Quark Drive|[silent]
|switch|p1a: Latios|Latios, M|100/100
|move|p2a: Dondozo|Wave Crash|p1a: Latios
|-resisted|p1a: Latios
|-damage|p1a: Latios|58/100
|-damage|p2a: Dondozo|78/100|[from] Recoil
|
|-weather|RainDance|[upkeep]
|-heal|p2a: Dondozo|84/100|[from] item: Leftovers
|upkeep
|turn|7
|
|t:|1769319246
|switch|p2a: Goodra|Goodra-Hisui, M|76/100
|move|p1a: Latios|Draco Meteor|p2a: Goodra
|-damage|p2a: Goodra|29/100
|-unboost|p1a: Latios|spa|2
|
|-weather|RainDance|[upkeep]
|upkeep
|turn|8
|
|t:|1769319310
|switch|p1a: Meowscarada|Meowscarada, F|100/100
|move|p2a: Goodra|Dragon Tail|p1a: Meowscarada
|-damage|p1a: Meowscarada|64/100
|drag|p1a: Zapdos|Zapdos|100/100
|
|-weather|none
|upkeep
|turn|9
|
|t:|1769319317
|move|p1a: Zapdos|Volt Switch|p2a: Goodra
|-resisted|p2a: Goodra
|-damage|p2a: Goodra|19/100
|
|t:|1769319321
|switch|p1a: Iron Treads|Iron Treads|100/100|[from] Volt Switch
|move|p2a: Goodra|Rest|p2a: Goodra
|-status|p2a: Goodra|slp|[from] move: Rest
|-heal|p2a: Goodra|100/100 slp|[silent]
|
|upkeep
|turn|10
|
|t:|1769319343
|switch|p2a: Pelipper|Pelipper, M|80/100
|-weather|RainDance|[from] ability: Drizzle|[of] p2a: Pelipper
|move|p1a: Iron Treads|Stealth Rock|p2a: Pelipper
|-sidestart|p2: ghighas|move: Stealth Rock
|
|-weather|RainDance|[upkeep]
|upkeep
|turn|11
|
|t:|1769319348
|-end|p1a: Iron Treads|Quark Drive|[silent]
|switch|p1a: Zapdos|Zapdos|100/100
|move|p2a: Pelipper|U-turn|p1a: Zapdos
|-resisted|p1a: Zapdos
|-damage|p1a: Zapdos|96/100
|
|t:|1769319350
|switch|p2a: Barraskewda|Barraskewda, F, shiny|100/100|[from] U-turn
|-damage|p2a: Barraskewda|88/100|[from] Stealth Rock
|
|-weather|RainDance|[upkeep]
|upkeep
|turn|12
|
|t:|1769319397
|-terastallize|p2a: Barraskewda|Water
|move|p2a: Barraskewda|Liquidation|p1a: Zapdos
|-damage|p1a: Zapdos|0 fnt
|faint|p1a: Zapdos
|
|-weather|RainDance|[upkeep]
|upkeep
|
|t:|1769319418
|switch|p1a: Primarina|Primarina, M|100/100
|turn|13
|
|t:|1769319432
|switch|p2a: Ogerpon|Ogerpon-Wellspring, F|100/100
|-damage|p2a: Ogerpon|88/100|[from] Stealth Rock
|move|p1a: Primarina|Moonblast|p2a: Ogerpon
|-damage|p2a: Ogerpon|44/100
|
|-weather|RainDance|[upkeep]
|upkeep
|turn|14
|
|t:|1769319437
|switch|p1a: Latios|Latios, M|58/100
|move|p2a: Ogerpon|Ivy Cudgel|p1a: Latios|[anim] Ivy Cudgel Water
|-resisted|p1a: Latios
|-damage|p1a: Latios|1/100
|
|-weather|RainDance|[upkeep]
|upkeep
|turn|15
|
|t:|1769319450
|switch|p2a: Goodra|Goodra-Hisui, M|100/100 slp
|move|p1a: Latios|Draco Meteor|p2a: Goodra
|-damage|p2a: Goodra|52/100 slp
|-unboost|p1a: Latios|spa|2
|
|-weather|RainDance|[upkeep]
|upkeep
|turn|16
|
|t:|1769319453
|move|p1a: Latios|Flip Turn|p2a: Goodra
|-resisted|p2a: Goodra
|-damage|p2a: Goodra|44/100 slp
|
|t:|1769319456
|switch|p1a: Iron Treads|Iron Treads|100/100|[from] Flip Turn
|cant|p2a: Goodra|slp
|
|-weather|RainDance|[upkeep]
|upkeep
|turn|17
|
|t:|1769319468
|switch|p2a: Dondozo|Dondozo, F|84/100
|-damage|p2a: Dondozo|72/100|[from] Stealth Rock
|move|p1a: Iron Treads|Volt Switch|p2a: Dondozo
|-supereffective|p2a: Dondozo
|-damage|p2a: Dondozo|52/100
|
|t:|1769319473
|-end|p1a: Iron Treads|Quark Drive|[silent]
|switch|p1a: Latios|Latios, M|1/100|[from] Volt Switch
|
|-weather|none
|-heal|p2a: Dondozo|58/100|[from] item: Leftovers
|upkeep
|turn|18
|
|t:|1769319515
|switch|p2a: Goodra|Goodra-Hisui, M|44/100 slp
|move|p1a: Latios|Draco Meteor|p2a: Goodra
|-damage|p2a: Goodra|2/100 slp
|-unboost|p1a: Latios|spa|2
|
|upkeep
|turn|19
|
|t:|1769319523
|move|p1a: Latios|Flip Turn|p2a: Goodra
|-resisted|p2a: Goodra
|-damage|p2a: Goodra|0 fnt
|faint|p2a: Goodra
|
|t:|1769319533
|switch|p1a: Meowscarada|Meowscarada, F|64/100|[from] Flip Turn
|
|upkeep
|
|t:|1769319536
|switch|p2a: Pelipper|Pelipper, M|80/100
|-damage|p2a: Pelipper|56/100|[from] Stealth Rock
|-weather|RainDance|[from] ability: Drizzle|[of] p2a: Pelipper
|turn|20
|
|t:|1769319542
|move|p1a: Meowscarada|Flower Trick|p2a: Pelipper
|-start|p1a: Meowscarada|typechange|Grass|[from] ability: Protean
|-crit|p2a: Pelipper
|-damage|p2a: Pelipper|0 fnt
|faint|p2a: Pelipper
|
|-weather|RainDance|[upkeep]
|upkeep
|
|t:|1769319546
|switch|p2a: Barraskewda|Barraskewda, F, shiny, tera:Water|88/100
|-damage|p2a: Barraskewda|75/100|[from] Stealth Rock
|turn|21
|
|t:|1769319552
|switch|p1a: Blaziken|Blaziken, F|100/100
|move|p2a: Barraskewda|Liquidation|p1a: Blaziken
|-supereffective|p1a: Blaziken
|-damage|p1a: Blaziken|0 fnt
|faint|p1a: Blaziken
|
|-weather|RainDance|[upkeep]
|upkeep
|
|t:|1769319555
|switch|p1a: Primarina|Primarina, M|100/100
|turn|22
|
|t:|1769319562
|move|p2a: Barraskewda|Liquidation|p1a: Primarina
|-resisted|p1a: Primarina
|-damage|p1a: Primarina|47/100
|-unboost|p1a: Primarina|def|1
|move|p1a: Primarina|Moonblast|p2a: Barraskewda
|-damage|p2a: Barraskewda|0 fnt
|faint|p2a: Barraskewda
|
|-weather|RainDance|[upkeep]
|upkeep
|
|t:|1769319566
|switch|p2a: Ogerpon|Ogerpon-Wellspring, F|44/100
|-damage|p2a: Ogerpon|31/100|[from] Stealth Rock
|turn|23
|inactive|Battle timer is ON: inactive players will automatically lose when time's up. (requested by ghighas)
|
|t:|1769319583
|move|p2a: Ogerpon|Ivy Cudgel|p1a: Primarina|[anim] Ivy Cudgel Water
|-resisted|p1a: Primarina
|-damage|p1a: Primarina|0 fnt
|faint|p1a: Primarina
|
|-weather|RainDance|[upkeep]
|upkeep
|
|t:|1769319584
|switch|p1a: Meowscarada|Meowscarada, F|64/100
|turn|24
|
|t:|1769319587
|switch|p2a: Great Tusk|Great Tusk|100/100
|move|p1a: Meowscarada|Flower Trick|p2a: Great Tusk
|-start|p1a: Meowscarada|typechange|Grass|[from] ability: Protean
|-supereffective|p2a: Great Tusk
|-crit|p2a: Great Tusk
|-damage|p2a: Great Tusk|22/100
|
|-weather|RainDance|[upkeep]
|upkeep
|turn|25
|
|t:|1769319589
|move|p1a: Meowscarada|Flower Trick|p2a: Great Tusk
|-supereffective|p2a: Great Tusk
|-crit|p2a: Great Tusk
|-damage|p2a: Great Tusk|0 fnt
|faint|p2a: Great Tusk
|-end|p2a: Great Tusk|Protosynthesis|[silent]
|
|-weather|RainDance|[upkeep]
|upkeep
|
|t:|1769319591
|switch|p2a: Dondozo|Dondozo, F|58/100
|-damage|p2a: Dondozo|45/100|[from] Stealth Rock
|turn|26
|
|t:|1769319596
|move|p1a: Meowscarada|Flower Trick|p2a: Dondozo
|-supereffective|p2a: Dondozo
|-crit|p2a: Dondozo
|-damage|p2a: Dondozo|0 fnt
|faint|p2a: Dondozo
|
|-weather|RainDance|[upkeep]
|upkeep
|
|t:|1769319611
|switch|p2a: Ogerpon|Ogerpon-Wellspring, F|31/100
|-damage|p2a: Ogerpon|19/100|[from] Stealth Rock
|turn|27
|-message|ghighas forfeited.
|
|win|Syph0n_78
|raw|Syph0n_78's rating: 1332 &rarr; <strong>1355</strong><br />(+23 for winning)
|raw|ghighas's rating: 1379 &rarr; <strong>1356</strong><br />(-23 for losing)
|l|☆ghighas
|player|p2|
|c|☆Syph0n_78|gg
