|j|☆zidmank
|j|‽BentoBo
|t:|1769376004
|gametype|singles
|player|p1|zidmank|266|1101
|player|p2|BentoBo|burglar|1123
|gen|9
|tier|[Gen 9] OU
|rated|
|rule|HP Percentage Mod: HP is shown in percentages
|rule|Endless Battle Clause: Forcing endless battles is banned
|rule|Species Clause: Limit one of each Pokémon
|rule|OHKO Clause: OHKO moves are banned
|rule|Evasion Items Clause: Evasion items are banned
|rule|Evasion Moves Clause: Evasion moves are banned
|rule|Evasion Abilities Clause: Evasion abilities are banned
|rule|Sleep Moves Clause: Sleep-inducing moves are banned
|clearpoke
|poke|p1|Mamoswine, M|
|poke|p1|Clefable, M|
|poke|p1|Corviknight, F|
|poke|p1|Rotom-Wash|
|poke|p1|Heatran, M|
|poke|p1|Dragapult, M|
|poke|p2|Keldeo-Resolute|
|poke|p2|Cobalion|
|poke|p2|Terrakion|
|poke|p2|Virizion|
|poke|p2|Kyurem|
|poke|p2|Zoroark, F|
|teampreview
|inactive|Battle timer is ON: inactive players will automatically lose when time's up. (requested by BentoBo)
|
|t:|1769376032
|teamsize|p1|6
|teamsize|p2|6
|start
|switch|p1a: Heatran|Heatran, M|100/100
|switch|p2a: Keldeo|Keldeo-Resolute|100/100
|turn|1
|
|t:|1769376048
|switch|p1a: Dragapult|Dragapult, M|100/100
|move|p2a: Keldeo|Icy Wind|p1a: Dragapult
|-supereffective|p1a: Dragapult
|-damage|p1a: Dragapult|23/100
|-unboost|p1a: Dragapult|spe|1
|
|upkeep
|turn|2
|
|t:|1769376054
|move|p2a: Keldeo|Icy Wind|p1a: Dragapult
|-supereffective|p1a: Dragapult
|-damage|p1a: Dragapult|0 fnt
|faint|p1a: Dragapult
|
|upkeep
|
|t:|1769376065
|switch|p1a: Corviknight|Corviknight, F|100/100
|-ability|p1a: Corviknight|Pressure
|turn|3
|
|t:|1769376074
|switch|p2a: Terrakion|Terrakion|100/100
|move|p1a: Corviknight|Brave Bird|p2a: Terrakion
|-damage|p2a: Terrakion|55/100
|-damage|p1a: Corviknight|88/100|[from] Recoil
|
|-heal|p1a: Corviknight|94/100|[from] item: Leftovers
|upkeep
|turn|4
|
|t:|1769376085
|move|p2a: Terrakion|Close Combat|p1a: Corviknight
|-damage|p1a: Corviknight|27/100
|-unboost|p2a: Terrakion|def|1
|-unboost|p2a: Terrakion|spd|1
|move|p1a: Corviknight|U-turn|p2a: Terrakion
|-resisted|p2a: Terrakion
|-damage|p2a: Terrakion|42/100
|
|t:|1769376091
|switch|p1a: Heatran|Heatran, M|100/100|[from] U-turn
|
|upkeep
|turn|5
|
|t:|1769376097
|move|p2a: Terrakion|Close Combat|p1a: Heatran
|-supereffective|p1a: Heatran
|-damage|p1a: Heatran|0 fnt
|-unboost|p2a: Terrakion|def|1
|-unboost|p2a: Terrakion|spd|1
|faint|p1a: Heatran
|
|upkeep
|
|t:|1769376102
|switch|p1a: Rotom|Rotom-Wash|100/100
|turn|6
|
|t:|1769376107
|switch|p2a: Keldeo|Keldeo-Resolute|100/100
|move|p1a: Rotom|Hydro Pump|p2a: Keldeo
|-resisted|p2a: Keldeo
|-damage|p2a: Keldeo|77/100
|
|upkeep
|turn|7
|
|t:|1769376118
|move|p2a: Keldeo|Secret Sword|p1a: Rotom
|-damage|p1a: Rotom|42/100
|move|p1a: Rotom|Volt Switch|p2a: Keldeo
|-supereffective|p2a: Keldeo
|-damage|p2a: Keldeo|20/100
|
|t:|1769376126
|switch|p1a: Clefable|Clefable, M|100/100|[from] Volt Switch
|
|upkeep
|turn|8
|
|t:|1769376131
|switch|p2a: Cobalion|Cobalion|100/100
|move|p1a: Clefable|Moonblast|p2a: Cobalion
|-damage|p2a: Cobalion|63/100
|
|upkeep
|turn|9
|
|t:|1769376137
|move|p2a: Cobalion|Stealth Rock|p1a: Clefable
|-sidestart|p1: zidmank|move: Stealth Rock
|move|p1a: Clefable|Wish|p1a: Clefable
|
|upkeep
|turn|10
|
|t:|1769376165
|move|p2a: Cobalion|Thunder Wave|p1a: Clefable
|-status|p1a: Clefable|par
|move|p1a: Clefable|Moonblast|p2a: Cobalion
|-damage|p2a: Cobalion|23/100
|
|upkeep
|turn|11
|
|t:|1769376177
|move|p2a: Cobalion|Volt Switch|p1a: Clefable
|-damage|p1a: Clefable|89/100 par
|
|t:|1769376185
|switch|p2a: Keldeo|Keldeo-Resolute|20/100|[from] Volt Switch
|move|p1a: Clefable|Wish|p1a: Clefable
|
|-heal|p1a: Clefable|95/100 par|[from] item: Leftovers
|upkeep
|turn|12
|
|t:|1769376189
|move|p2a: Keldeo|Icy Wind|p1a: Clefable
|-damage|p1a: Clefable|72/100 par
|-unboost|p1a: Clefable|spe|1
|move|p1a: Clefable|Moonblast|p2a: Keldeo
|-supereffective|p2a: Keldeo
|-damage|p2a: Keldeo|0 fnt
|faint|p2a: Keldeo
|
|-heal|p1a: Clefable|100/100 par|[from] move: Wish|[wisher] Clefable
|upkeep
|
|t:|1769376208
|switch|p2a: Virizion|Virizion|100/100
|turn|13
|
|t:|1769376218
|switch|p1a: Corviknight|Corviknight, F|27/100
|-damage|p1a: Corviknight|14/100|[from] Stealth Rock
|-ability|p1a: Corviknight|Pressure
|move|p2a: Virizion|Sludge Bomb|p1a: Corviknight
|-immune|p1a: Corviknight
|
|-heal|p1a: Corviknight|20/100|[from] item: Leftovers
|upkeep
|turn|14
|
|t:|1769376222
|move|p2a: Virizion|Flamethrower|p1a: Corviknight
|-supereffective|p1a: Corviknight
|-damage|p1a: Corviknight|0 fnt
|faint|p1a: Corviknight
|-damage|p2a: Virizion|91/100|[from] item: Life Orb
|
|upkeep
|
|t:|1769376225
|switch|p1a: Mamoswine|Mamoswine, M|100/100
|-damage|p1a: Mamoswine|88/100|[from] Stealth Rock
|turn|15
|inactive|BentoBo has 120 seconds left.
|
|t:|1769376265
|switch|p2a: Cobalion|Cobalion|23/100
|move|p1a: Mamoswine|Icicle Crash|p2a: Cobalion
|-resisted|p2a: Cobalion
|-damage|p2a: Cobalion|5/100
|-damage|p1a: Mamoswine|78/100|[from] item: Life Orb
|
|upkeep
|turn|16
|
|t:|1769376272
|move|p2a: Cobalion|Body Press|p1a: Mamoswine
|-supereffective|p1a: Mamoswine
|-damage|p1a: Mamoswine|0 fnt
|faint|p1a: Mamoswine
|
|upkeep
|
|t:|1769376276
|switch|p1a: Rotom|Rotom-Wash|42/100
|-damage|p1a: Rotom|29/100|[from] Stealth Rock
|turn|17
|
|t:|1769376289
|move|p2a: Cobalion|Volt Switch|p1a: Rotom
|-damage|p1a: Rotom|15/100
|inactive|BentoBo has 120 seconds left.
|
|t:|1769376304
|switch|p2a: Virizion|Virizion|100/100|[from] Volt Switch
|move|p1a: Rotom|Volt Switch|p2a: Virizion
|-resisted|p2a: Virizion
|-damage|p2a: Virizion|91/100
|
|t:|1769376311
|switch|p1a: Clefable|Clefable, M|100/100 par|[from] Volt Switch
|
|-heal|p2a: Virizion|97/100|[from] item: Leftovers
|upkeep
|turn|18
|
|t:|1769376317
|move|p2a: Virizion|Giga Drain|p1a: Clefable
|-damage|p1a: Clefable|69/100 par
|-heal|p2a: Virizion|100/100|[from] drain|[of] p1a: Clefable
|move|p1a: Clefable|Wish|p1a: Clefable
|
|-heal|p1a: Clefable|75/100 par|[from] item: Leftovers
|upkeep
|turn|19
|
|t:|1769376320
|move|p2a: Virizion|Calm Mind|p2a: Virizion
|-boost|p2a: Virizion|spa|1
|-boost|p2a: Virizion|spd|1
|cant|p1a: Clefable|par
|
|-heal|p1a: Clefable|100/100 par|[from] move: Wish|[wisher] Clefable
|upkeep
|turn|20
|
|t:|1769376327
|move|p2a: Virizion|Calm Mind|p2a: Virizion
|-boost|p2a: Virizion|spa|1
|-boost|p2a: Virizion|spd|1
|move|p1a: Clefable|Wish|p1a: Clefable
|
|upkeep
|turn|21
|
|t:|1769376329
|move|p2a: Virizion|Giga Drain|p1a: Clefable
|-damage|p1a: Clefable|41/100 par
|cant|p1a: Clefable|par
|
|-heal|p1a: Clefable|91/100 par|[from] move: Wish|[wisher] Clefable
|-heal|p1a: Clefable|97/100 par|[from] item: Leftovers
|upkeep
|turn|22
|
|t:|1769376333
|move|p2a: Virizion|Giga Drain|p1a: Clefable
|-damage|p1a: Clefable|42/100 par
|move|p1a: Clefable|Thunder Wave|p2a: Virizion
|-status|p2a: Virizion|par
|
|-heal|p1a: Clefable|48/100 par|[from] item: Leftovers
|upkeep
|turn|23
|
|t:|1769376337
|move|p1a: Clefable|Protect|p1a: Clefable
|-singleturn|p1a: Clefable|Protect
|move|p2a: Virizion|Giga Drain|p1a: Clefable
|-activate|p1a: Clefable|move: Protect
|
|-heal|p1a: Clefable|54/100 par|[from] item: Leftovers
|upkeep
|turn|24
|
|t:|1769376342
|cant|p2a: Virizion|par
|cant|p1a: Clefable|par
|
|-heal|p1a: Clefable|60/100 par|[from] item: Leftovers
|upkeep
|turn|25
|
|t:|1769376345
|move|p1a: Clefable|Protect|p1a: Clefable
|-singleturn|p1a: Clefable|Protect
|move|p2a: Virizion|Calm Mind|p2a: Virizion
|-boost|p2a: Virizion|spa|1
|-boost|p2a: Virizion|spd|1
|
|-heal|p1a: Clefable|66/100 par|[from] item: Leftovers
|upkeep
|turn|26
|
|t:|1769376350
|cant|p2a: Virizion|par
|move|p1a: Clefable|Wish|p1a: Clefable
|
|-heal|p1a: Clefable|73/100 par|[from] item: Leftovers
|upkeep
|turn|27
|
|t:|1769376351
|move|p1a: Clefable|Protect|p1a: Clefable
|-singleturn|p1a: Clefable|Protect
|move|p2a: Virizion|Calm Mind|p2a: Virizion
|-boost|p2a: Virizion|spa|1
|-boost|p2a: Virizion|spd|1
|
|-heal|p1a: Clefable|100/100 par|[from] move: Wish|[wisher] Clefable
|upkeep
|turn|28
|
|t:|1769376355
|move|p2a: Virizion|Calm Mind|p2a: Virizion
|-boost|p2a: Virizion|spa|1
|-boost|p2a: Virizion|spd|1
|move|p1a: Clefable|Moonblast|p2a: Virizion
|-supereffective|p2a: Virizion
|-damage|p2a: Virizion|88/100 par
|-unboost|p2a: Virizion|spa|1
|
|-heal|p2a: Virizion|94/100 par|[from] item: Leftovers
|upkeep
|turn|29
|
|t:|1769376358
|move|p1a: Clefable|Protect|p1a: Clefable
|-singleturn|p1a: Clefable|Protect
|move|p2a: Virizion|Calm Mind|p2a: Virizion
|-boost|p2a: Virizion|spa|1
|-boost|p2a: Virizion|spd|1
|
|-heal|p2a: Virizion|100/100 par|[from] item: Leftovers
|upkeep
|turn|30
|
|t:|1769376363
|cant|p2a: Virizion|par
|move|p1a: Clefable|Wish|p1a: Clefable
|
|upkeep
|turn|31
|
|t:|1769376365
|cant|p2a: Virizion|par
|move|p1a: Clefable|Moonblast|p2a: Virizion
|-supereffective|p2a: Virizion
|-damage|p2a: Virizion|88/100 par
|
|-heal|p2a: Virizion|94/100 par|[from] item: Leftovers
|upkeep
|turn|32
|
|t:|1769376367
|move|p1a: Clefable|Protect|p1a: Clefable
|-singleturn|p1a: Clefable|Protect
|move|p2a: Virizion|Calm Mind|p2a: Virizion
|-boost|p2a: Virizion|spa|1
|-boost|p2a: Virizion|spd|0
|
|-heal|p2a: Virizion|99/100 par|[from] item: Leftovers
|upkeep
|turn|33
|
|t:|1769376370
|move|p2a: Virizion|Giga Drain|p1a: Clefable
|-damage|p1a: Clefable|0 fnt
|-heal|p2a: Virizion|100/100 par|[from] drain|[of] p1a: Clefable
|faint|p1a: Clefable
|
|upkeep
|
|t:|1769376373
|switch|p1a: Rotom|Rotom-Wash|15/100
|-damage|p1a: Rotom|2/100|[from] Stealth Rock
|turn|34
|
|t:|1769376376
|move|p1a: Rotom|Pain Split|p2a: Virizion
|-sethp|p2a: Virizion|51/100 par|[from] move: Pain Split|[silent]
|-sethp|p1a: Rotom|65/100|[from] move: Pain Split
|move|p2a: Virizion|Giga Drain|p1a: Rotom
|-supereffective|p1a: Rotom
|-damage|p1a: Rotom|0 fnt
|-heal|p2a: Virizion|77/100 par|[from] drain|[of] p1a: Rotom
|faint|p1a: Rotom
|
|win|BentoBo
|raw|zidmank's rating: 1101 &rarr; <strong>1078</strong><br />(-23 for losing)
|raw|BentoBo's rating: 1123 &rarr; <strong>1146</strong><br />(+23 for winning)
|l|‽BentoBo
|player|p2|
|l|☆zidmank
|player|p1|
