|j|☆hexonicgd
|j|☆captain0ob
|t:|1769391303
|gametype|singles
|player|p1|hexonicgd|102|1333
|player|p2|captain0ob|riley|1319
|gen|9
|tier|[Gen 9] OU
|rated|
|rule|HP Percentage Mod: HP is shown in percentages
|rule|Endless Battle Clause: Forcing endless battles is banned
|rule|Species Clause: Limit one of each Pokémon
|rule|OHKO Clause: OHKO moves are banned
|rule|Evasion Items Clause: Evasion items are banned
|rule|Evasion Moves Clause: Evasion moves are banned
|rule|Evasion Abilities Clause: Evasion abilities are banned
|rule|Sleep Moves Clause: Sleep-inducing moves are banned
|clearpoke
|poke|p1|Azelf|
|poke|p1|Porygon-Z|
|poke|p1|Araquanid, F|
|poke|p1|Gholdengo|
|poke|p1|Iron Moth|
|poke|p1|Iron Valiant|
|poke|p2|Scream Tail|
|poke|p2|Iron Treads|
|poke|p2|Iron Valiant|
|poke|p2|Dragonite, M|
|poke|p2|Darkrai|
|poke|p2|Zamazenta-*|
|teampreview
|inactive|Battle timer is ON: inactive players will automatically lose when time's up. (requested by captain0ob)
|
|t:|1769391314
|teamsize|p1|6
|teamsize|p2|6
|start
|switch|p1a: Araquanid|Araquanid, F|100/100
|switch|p2a: aa aaa AAAA|Scream Tail|100/100
|turn|1
|
|t:|1769391322
|move|p2a: aa aaa AAAA|Light Screen|p2a: aa aaa AAAA
|-sidestart|p2: captain0ob|move: Light Screen
|move|p1a: Araquanid|Sticky Web|p2a: aa aaa AAAA
|-sidestart|p2: captain0ob|move: Sticky Web
|
|upkeep
|turn|2
|
|t:|1769391328
|move|p2a: aa aaa AAAA|Encore|p1a: Araquanid
|-start|p1a: Araquanid|Encore
|move|p1a: Araquanid|Sticky Web||[still]
|-fail|p1a: Araquanid
|
|upkeep
|turn|3
|
|t:|1769391345
|-end|p2a: aa aaa AAAA|Protosynthesis|[silent]
|switch|p2a: Iron Treads|Iron Treads|100/100
|-activate|p2a: Iron Treads|move: Sticky Web
|-unboost|p2a: Iron Treads|spe|1
|-enditem|p2a: Iron Treads|Booster Energy
|-activate|p2a: Iron Treads|ability: Quark Drive|[fromitem]
|-start|p2a: Iron Treads|quarkdriveatk
|switch|p1a: Porygon-Z|Porygon-Z|100/100
|
|upkeep
|turn|4
|
|t:|1769391355
|-terastallize|p1a: Porygon-Z|Fighting
|-terastallize|p2a: Iron Treads|Dark
|move|p1a: Porygon-Z|Tera Blast|p2a: Iron Treads|[anim] Tera Blast Fighting
|-supereffective|p2a: Iron Treads
|-damage|p2a: Iron Treads|0 fnt
|faint|p2a: Iron Treads
|-end|p2a: Iron Treads|Quark Drive|[silent]
|
|upkeep
|
|t:|1769391375
|switch|p2a: Gallade MKII|Iron Valiant|100/100
|-activate|p2a: Gallade MKII|move: Sticky Web
|-unboost|p2a: Gallade MKII|spe|1
|-enditem|p2a: Gallade MKII|Booster Energy
|-activate|p2a: Gallade MKII|ability: Quark Drive|[fromitem]
|-start|p2a: Gallade MKII|quarkdrivespa
|turn|5
|
|t:|1769391384
|switch|p1a: Araquanid|Araquanid, F|100/100
|move|p2a: Gallade MKII|Moonblast|p1a: Araquanid
|-damage|p1a: Araquanid|53/100
|
|upkeep
|turn|6
|
|t:|1769391391
|move|p2a: Gallade MKII|Moonblast|p1a: Araquanid
|-damage|p1a: Araquanid|6/100
|move|p1a: Araquanid|Surf|p2a: Gallade MKII
|-damage|p2a: Gallade MKII|56/100
|
|upkeep
|turn|7
|-enditem|p1a: Araquanid|Custap Berry|[eat]
|-activate|p1a: Araquanid|item: Custap Berry|[consumed]
|
|t:|1769391395
|move|p1a: Araquanid|Surf|p2a: Gallade MKII
|-damage|p2a: Gallade MKII|11/100
|move|p2a: Gallade MKII|Moonblast|p1a: Araquanid
|-damage|p1a: Araquanid|0 fnt
|faint|p1a: Araquanid
|
|upkeep
|
|t:|1769391403
|switch|p1a: Iron Moth|Iron Moth|100/100
|-enditem|p1a: Iron Moth|Booster Energy
|-activate|p1a: Iron Moth|ability: Quark Drive|[fromitem]
|-start|p1a: Iron Moth|quarkdrivespe
|turn|8
|
|t:|1769391407
|move|p1a: Iron Moth|Substitute|p1a: Iron Moth
|-start|p1a: Iron Moth|Substitute
|-damage|p1a: Iron Moth|76/100
|move|p2a: Gallade MKII|Psyshock|p1a: Iron Moth
|-supereffective|p1a: Iron Moth
|-end|p1a: Iron Moth|Substitute
|
|-sideend|p2: captain0ob|move: Light Screen
|upkeep
|turn|9
|
|t:|1769391413
|move|p1a: Iron Moth|Fiery Dance|p2a: Gallade MKII
|-crit|p2a: Gallade MKII
|-damage|p2a: Gallade MKII|0 fnt
|faint|p2a: Gallade MKII
|-end|p2a: Gallade MKII|Quark Drive|[silent]
|
|upkeep
|
|t:|1769391430
|switch|p2a: Dragontales|Dragonite, M, shiny|100/100
|turn|10
|
|t:|1769391433
|move|p1a: Iron Moth|Sludge Wave|p2a: Dragontales
|-damage|p2a: Dragontales|77/100
|move|p2a: Dragontales|Dragon Dance|p2a: Dragontales
|-boost|p2a: Dragontales|atk|1
|-boost|p2a: Dragontales|spe|1
|
|-heal|p2a: Dragontales|83/100|[from] item: Leftovers
|upkeep
|turn|11
|
|t:|1769391438
|move|p1a: Iron Moth|Sludge Wave|p2a: Dragontales
|-damage|p2a: Dragontales|30/100
|move|p2a: Dragontales|Earthquake|p1a: Iron Moth
|-supereffective|p1a: Iron Moth
|-damage|p1a: Iron Moth|0 fnt
|faint|p1a: Iron Moth
|-end|p1a: Iron Moth|Quark Drive|[silent]
|
|-heal|p2a: Dragontales|36/100|[from] item: Leftovers
|upkeep
|
|t:|1769391444
|switch|p1a: Iron Valiant|Iron Valiant|100/100
|-enditem|p1a: Iron Valiant|Booster Energy
|-activate|p1a: Iron Valiant|ability: Quark Drive|[fromitem]
|-start|p1a: Iron Valiant|quarkdrivespe
|turn|12
|
|t:|1769391450
|move|p2a: Dragontales|Extreme Speed|p1a: Iron Valiant
|-damage|p1a: Iron Valiant|41/100
|move|p1a: Iron Valiant|Moonblast|p2a: Dragontales
|-supereffective|p2a: Dragontales
|-damage|p2a: Dragontales|0 fnt
|faint|p2a: Dragontales
|
|upkeep
|
|t:|1769391455
|switch|p2a: aa aaa AAAA|Scream Tail|100/100
|-activate|p2a: aa aaa AAAA|move: Sticky Web
|-unboost|p2a: aa aaa AAAA|spe|1
|turn|13
|
|t:|1769391463
|move|p1a: Iron Valiant|Moonblast|p2a: aa aaa AAAA
|-damage|p2a: aa aaa AAAA|71/100
|move|p2a: aa aaa AAAA|Light Screen|p2a: aa aaa AAAA
|-sidestart|p2: captain0ob|move: Light Screen
|
|upkeep
|turn|14
|
|t:|1769391467
|move|p1a: Iron Valiant|Encore|p2a: aa aaa AAAA
|-start|p2a: aa aaa AAAA|Encore
|move|p2a: aa aaa AAAA|Light Screen||[still]
|-fail|p2a: aa aaa AAAA
|
|upkeep
|turn|15
|
|t:|1769391476
|-end|p2a: aa aaa AAAA|Protosynthesis|[silent]
|switch|p2a: Dog of Wisdom|Zamazenta|100/100
|-activate|p2a: Dog of Wisdom|move: Sticky Web
|-unboost|p2a: Dog of Wisdom|spe|1
|-ability|p2a: Dog of Wisdom|Dauntless Shield|boost
|-boost|p2a: Dog of Wisdom|def|1
|move|p1a: Iron Valiant|Moonblast|p2a: Dog of Wisdom
|-supereffective|p2a: Dog of Wisdom
|-damage|p2a: Dog of Wisdom|56/100
|
|-heal|p2a: Dog of Wisdom|62/100|[from] item: Leftovers
|upkeep
|turn|16
|
|t:|1769391486
|move|p1a: Iron Valiant|Knock Off|p2a: Dog of Wisdom
|-resisted|p2a: Dog of Wisdom
|-damage|p2a: Dog of Wisdom|53/100
|-enditem|p2a: Dog of Wisdom|Leftovers|[from] move: Knock Off|[of] p1a: Iron Valiant
|move|p2a: Dog of Wisdom|Close Combat|p1a: Iron Valiant
|-resisted|p1a: Iron Valiant
|-damage|p1a: Iron Valiant|0 fnt
|-unboost|p2a: Dog of Wisdom|def|1
|-unboost|p2a: Dog of Wisdom|spd|1
|faint|p1a: Iron Valiant
|-end|p1a: Iron Valiant|Quark Drive|[silent]
|
|upkeep
|
|t:|1769391495
|switch|p1a: Azelf|Azelf|100/100
|turn|17
|
|t:|1769391497
|move|p1a: Azelf|Mystical Power|p2a: Dog of Wisdom
|-supereffective|p2a: Dog of Wisdom
|-damage|p2a: Dog of Wisdom|0 fnt
|-boost|p1a: Azelf|spa|1
|faint|p2a: Dog of Wisdom
|
|upkeep
|
|t:|1769391503
|switch|p2a: Arsene|Darkrai, shiny|100/100
|turn|18
|
|t:|1769391508
|move|p2a: Arsene|Nasty Plot|p2a: Arsene
|-boost|p2a: Arsene|spa|2
|move|p1a: Azelf|Dazzling Gleam|p2a: Arsene
|-supereffective|p2a: Arsene
|-damage|p2a: Arsene|31/100
|
|upkeep
|turn|19
|
|t:|1769391511
|move|p2a: Arsene|Dark Pulse|p1a: Azelf
|-supereffective|p1a: Azelf
|-damage|p1a: Azelf|0 fnt
|faint|p1a: Azelf
|
|upkeep
|
|t:|1769391518
|switch|p1a: Porygon-Z|Porygon-Z, tera:Fighting|100/100
|turn|20
|
|t:|1769391522
|move|p2a: Arsene|Sludge Bomb|p1a: Porygon-Z
|-damage|p1a: Porygon-Z|6/100
|move|p1a: Porygon-Z|Tera Blast|p2a: Arsene|[anim] Tera Blast Fighting
|-supereffective|p2a: Arsene
|-damage|p2a: Arsene|0 fnt
|faint|p2a: Arsene
|
|-sideend|p2: captain0ob|move: Light Screen
|upkeep
|-message|captain0ob forfeited.
|
|win|hexonicgd
|raw|hexonicgd's rating: 1333 &rarr; <strong>1352</strong><br />(+19 for winning)
|raw|captain0ob's rating: 1319 &rarr; <strong>1300</strong><br />(-19 for losing)
|l|☆captain0ob
|player|p2|
