|j|☆fangcunaite
|j|☆Leriskato
|t:|1769340007
|gametype|singles
|player|p1|fangcunaite|clair|1392
|player|p2|Leriskato|hoopster|1329
|gen|9
|tier|[Gen 9] OU
|rated|
|rule|HP Percentage Mod: HP is shown in percentages
|rule|Endless Battle Clause: Forcing endless battles is banned
|rule|Species Clause: Limit one of each Pokémon
|rule|OHKO Clause: OHKO moves are banned
|rule|Evasion Items Clause: Evasion items are banned
|rule|Evasion Moves Clause: Evasion moves are banned
|rule|Evasion Abilities Clause: Evasion abilities are banned
|rule|Sleep Moves Clause: Sleep-inducing moves are banned
|clearpoke
|poke|p1|Pincurchin, M|
|poke|p1|Iron Crown|
|poke|p1|Raging Bolt|
|poke|p1|Torkoal, F|
|poke|p1|Iron Moth|
|poke|p1|Great Tusk|
|poke|p2|Minior|
|poke|p2|Gholdengo|
|poke|p2|Maushold|
|poke|p2|Ninetales-Alola, F|
|poke|p2|Kyurem|
|poke|p2|Glimmora, F|
|teampreview
|inactive|Battle timer is ON: inactive players will automatically lose when time's up. (requested by fangcunaite)
|
|t:|1769340013
|teamsize|p1|6
|teamsize|p2|6
|start
|switch|p1a: Pincurchin|Pincurchin, M|100/100
|switch|p2a: Glimmora|Glimmora, F|100/100
|-item|p2a: Glimmora|Air Balloon
|-fieldstart|move: Electric Terrain|[from] ability: Electric Surge|[of] p1a: Pincurchin
|turn|1
|
|t:|1769340017
|move|p2a: Glimmora|Stealth Rock|p1a: Pincurchin
|-sidestart|p1: fangcunaite|move: Stealth Rock
|move|p1a: Pincurchin|Memento|p2a: Glimmora
|-unboost|p2a: Glimmora|atk|2
|-unboost|p2a: Glimmora|spa|2
|faint|p1a: Pincurchin
|
|upkeep
|
|t:|1769340020
|switch|p1a: Torkoal|Torkoal, F|100/100
|-damage|p1a: Torkoal|76/100|[from] Stealth Rock
|-weather|SunnyDay|[from] ability: Drought|[of] p1a: Torkoal
|turn|2
|
|t:|1769340026
|switch|p1a: Raging Bolt|Raging Bolt|100/100
|-damage|p1a: Raging Bolt|88/100|[from] Stealth Rock
|-activate|p1a: Raging Bolt|ability: Protosynthesis
|-start|p1a: Raging Bolt|protosynthesisspa
|move|p2a: Glimmora|Mortal Spin|p1a: Raging Bolt
|-damage|p1a: Raging Bolt|86/100
|-status|p1a: Raging Bolt|psn
|
|-weather|SunnyDay|[upkeep]
|-damage|p1a: Raging Bolt|73/100 psn|[from] psn
|upkeep
|turn|3
|
|t:|1769340036
|switch|p2a: Ninetales|Ninetales-Alola, F|100/100
|-weather|Snowscape|[from] ability: Snow Warning|[of] p2a: Ninetales
|-end|p1a: Raging Bolt|Protosynthesis
|move|p1a: Raging Bolt|Rising Voltage|p2a: Ninetales
|-hint|Rising Voltage's BP doubled on grounded target.
|-damage|p2a: Ninetales|0 fnt
|faint|p2a: Ninetales
|
|-weather|Snowscape|[upkeep]
|-damage|p1a: Raging Bolt|61/100 psn|[from] psn
|upkeep
|
|t:|1769340041
|switch|p2a: Minior|Minior|100/100
|-formechange|p2a: Minior|Minior-Meteor||[from] ability: Shields Down
|turn|4
|
|t:|1769340052
|move|p2a: Minior|Shell Smash|p2a: Minior
|-unboost|p2a: Minior|def|1
|-unboost|p2a: Minior|spd|1
|-boost|p2a: Minior|atk|2
|-boost|p2a: Minior|spa|2
|-boost|p2a: Minior|spe|2
|-enditem|p2a: Minior|White Herb
|-clearnegativeboost|p2a: Minior|[silent]
|move|p1a: Raging Bolt|Rising Voltage|p2a: Minior
|-supereffective|p2a: Minior
|-damage|p2a: Minior|0 fnt
|faint|p2a: Minior
|
|-weather|Snowscape|[upkeep]
|-damage|p1a: Raging Bolt|49/100 psn|[from] psn
|upkeep
|
|t:|1769340059
|switch|p2a: Maushold|Maushold|100/100
|turn|5
|
|t:|1769340084
|move|p2a: Maushold|Tidy Up|p2a: Maushold
|-sideend|p1: fangcunaite|Stealth Rock
|-activate|p2a: Maushold|move: Tidy Up
|-boost|p2a: Maushold|atk|1
|-boost|p2a: Maushold|spe|1
|move|p1a: Raging Bolt|Rising Voltage|p2a: Maushold
|-hint|Rising Voltage's BP doubled on grounded target.
|-damage|p2a: Maushold|0 fnt
|faint|p2a: Maushold
|
|-weather|Snowscape|[upkeep]
|-damage|p1a: Raging Bolt|36/100 psn|[from] psn
|-fieldend|move: Electric Terrain
|upkeep
|
|t:|1769340091
|switch|p2a: Kyurem|Kyurem|100/100
|-ability|p2a: Kyurem|Pressure
|turn|6
|
|t:|1769340097
|-end|p1a: Raging Bolt|Protosynthesis|[silent]
|switch|p1a: Torkoal|Torkoal, F|76/100
|-weather|SunnyDay|[from] ability: Drought|[of] p1a: Torkoal
|move|p2a: Kyurem|Dragon Dance|p2a: Kyurem
|-boost|p2a: Kyurem|atk|1
|-boost|p2a: Kyurem|spe|1
|
|-weather|SunnyDay|[upkeep]
|upkeep
|turn|7
|
|t:|1769340110
|move|p2a: Kyurem|Scale Shot|p1a: Torkoal
|-damage|p1a: Torkoal|61/100
|-damage|p1a: Torkoal|45/100
|-damage|p1a: Torkoal|31/100
|-damage|p1a: Torkoal|15/100
|-damage|p1a: Torkoal|0 fnt
|faint|p1a: Torkoal
|-hitcount|p1: Torkoal|5
|-unboost|p2a: Kyurem|def|1
|-boost|p2a: Kyurem|spe|1
|
|-weather|SunnyDay|[upkeep]
|upkeep
|
|t:|1769340122
|switch|p1a: Great Tusk|Great Tusk|100/100
|-activate|p1a: Great Tusk|ability: Protosynthesis
|-start|p1a: Great Tusk|protosynthesisatk
|turn|8
|
|t:|1769340127
|move|p2a: Kyurem|Icicle Spear|p1a: Great Tusk
|-supereffective|p1a: Great Tusk
|-damage|p1a: Great Tusk|68/100
|-supereffective|p1a: Great Tusk
|-damage|p1a: Great Tusk|39/100
|-supereffective|p1a: Great Tusk
|-damage|p1a: Great Tusk|6/100
|-supereffective|p1a: Great Tusk
|-damage|p1a: Great Tusk|0 fnt
|faint|p1a: Great Tusk
|-end|p1a: Great Tusk|Protosynthesis|[silent]
|-hitcount|p1: Great Tusk|4
|
|-weather|SunnyDay|[upkeep]
|upkeep
|
|t:|1769340136
|switch|p1a: Iron Crown|Iron Crown|100/100
|turn|9
|
|t:|1769340141
|-terastallize|p2a: Kyurem|Fire
|move|p2a: Kyurem|Tera Blast|p1a: Iron Crown|[anim] Tera Blast Fire
|-supereffective|p1a: Iron Crown
|-damage|p1a: Iron Crown|0 fnt
|faint|p1a: Iron Crown
|-end|p1a: Iron Crown|Quark Drive|[silent]
|
|-weather|SunnyDay|[upkeep]
|upkeep
|-message|fangcunaite forfeited.
|
|win|Leriskato
|raw|fangcunaite's rating: 1392 &rarr; <strong>1368</strong><br />(-24 for losing)
|raw|Leriskato's rating: 1329 &rarr; <strong>1353</strong><br />(+24 for winning)
|l|☆fangcunaite
|player|p1|
|l|☆Leriskato
|player|p2|
