|j|☆Fhwiio
|j|☆xxnb
|t:|1769333477
|gametype|singles
|player|p1|Fhwiio|swimmerf-gen4|1081
|player|p2|xxnb|iris-gen5bw2|1151
|gen|9
|tier|[Gen 9] OU
|rated|
|rule|HP Percentage Mod: HP is shown in percentages
|rule|Endless Battle Clause: Forcing endless battles is banned
|rule|Species Clause: Limit one of each Pokémon
|rule|OHKO Clause: OHKO moves are banned
|rule|Evasion Items Clause: Evasion items are banned
|rule|Evasion Moves Clause: Evasion moves are banned
|rule|Evasion Abilities Clause: Evasion abilities are banned
|rule|Sleep Moves Clause: Sleep-inducing moves are banned
|clearpoke
|poke|p1|Hatterene, F|
|poke|p1|Gastrodon-East, F|
|poke|p1|Tyranitar, F|
|poke|p1|Bisharp, F|
|poke|p1|Mandibuzz, F|
|poke|p1|Pawmot, M|
|poke|p2|Clefable, M|
|poke|p2|Porygon2|
|poke|p2|Grimmsnarl, M|
|poke|p2|Landorus-Therian, M|
|poke|p2|Great Tusk|
|poke|p2|Ceruledge, F|
|teampreview
|inactive|Battle timer is ON: inactive players will automatically lose when time's up. (requested by xxnb)
|
|t:|1769333492
|teamsize|p1|6
|teamsize|p2|6
|start
|switch|p1a: Bisharp|Bisharp, F|100/100
|switch|p2a: Grimmsnarl|Grimmsnarl, M|100/100
|turn|1
|
|t:|1769333504
|switch|p2a: Landorus|Landorus-Therian, M|100/100
|-ability|p2a: Landorus|Intimidate|boost
|-unboost|p1a: Bisharp|atk|1
|-ability|p1a: Bisharp|Defiant|boost
|-boost|p1a: Bisharp|atk|2
|move|p1a: Bisharp|Thunder Wave|p2a: Landorus
|-immune|p2a: Landorus
|
|upkeep
|turn|2
|
|t:|1769333512
|-terastallize|p1a: Bisharp|Dark
|move|p2a: Landorus|U-turn|p1a: Bisharp
|-supereffective|p1a: Bisharp
|-damage|p1a: Bisharp|39/100
|
|t:|1769333521
|switch|p2a: Great Tusk|Great Tusk|100/100|[from] U-turn
|move|p1a: Bisharp|Swords Dance|p1a: Bisharp
|-boost|p1a: Bisharp|atk|2
|
|upkeep
|turn|3
|
|t:|1769333528
|move|p1a: Bisharp|Sucker Punch|p2a: Great Tusk
|-resisted|p2a: Great Tusk
|-damage|p2a: Great Tusk|77/100
|move|p2a: Great Tusk|Close Combat|p1a: Bisharp
|-supereffective|p1a: Bisharp
|-damage|p1a: Bisharp|0 fnt
|-unboost|p2a: Great Tusk|def|1
|-unboost|p2a: Great Tusk|spd|1
|faint|p1a: Bisharp
|
|-heal|p2a: Great Tusk|83/100|[from] item: Leftovers
|upkeep
|
|t:|1769333532
|switch|p1a: Pawmot|Pawmot, M|100/100
|turn|4
|
|t:|1769333543
|switch|p1a: Mandibuzz|Mandibuzz, F|100/100
|-end|p2a: Great Tusk|Protosynthesis|[silent]
|switch|p2a: Grimmsnarl|Grimmsnarl, M|100/100
|
|upkeep
|turn|5
|
|t:|1769333552
|move|p2a: Grimmsnarl|Reflect|p2a: Grimmsnarl
|-sidestart|p2: xxnb|Reflect
|move|p1a: Mandibuzz|Toxic|p2a: Grimmsnarl
|-status|p2a: Grimmsnarl|tox
|
|-damage|p2a: Grimmsnarl|94/100 tox|[from] psn
|upkeep
|turn|6
|
|t:|1769333559
|move|p2a: Grimmsnarl|Light Screen|p2a: Grimmsnarl
|-sidestart|p2: xxnb|move: Light Screen
|move|p1a: Mandibuzz|Knock Off|p2a: Grimmsnarl
|-resisted|p2a: Grimmsnarl
|-damage|p2a: Grimmsnarl|91/100 tox
|-enditem|p2a: Grimmsnarl|Light Clay|[from] move: Knock Off|[of] p1a: Mandibuzz
|
|-damage|p2a: Grimmsnarl|79/100 tox|[from] psn
|upkeep
|turn|7
|
|t:|1769333583
|move|p2a: Grimmsnarl|Taunt|p1a: Mandibuzz
|-hint|Since gen 7, Dark is immune to Prankster moves.
|-immune|p1a: Mandibuzz
|move|p1a: Mandibuzz|Defog|p2a: Grimmsnarl
|-unboost|p2a: Grimmsnarl|evasion|1
|-sideend|p2: xxnb|Reflect
|-sideend|p2: xxnb|move: Light Screen
|
|-damage|p2a: Grimmsnarl|61/100 tox|[from] psn
|upkeep
|turn|8
|
|t:|1769333596
|switch|p2a: Clefable|Clefable, M|100/100
|move|p1a: Mandibuzz|Knock Off|p2a: Clefable
|-resisted|p2a: Clefable
|-damage|p2a: Clefable|80/100
|-enditem|p2a: Clefable|Life Orb|[from] move: Knock Off|[of] p1a: Mandibuzz
|
|upkeep
|turn|9
|
|t:|1769333605
|switch|p1a: Hatterene|Hatterene, F|100/100
|move|p2a: Clefable|Calm Mind|p2a: Clefable
|-boost|p2a: Clefable|spa|1
|-boost|p2a: Clefable|spd|1
|
|upkeep
|turn|10
|
|t:|1769333613
|move|p2a: Clefable|Calm Mind|p2a: Clefable
|-boost|p2a: Clefable|spa|1
|-boost|p2a: Clefable|spd|1
|move|p1a: Hatterene|Mystical Fire|p2a: Clefable
|-damage|p2a: Clefable|66/100
|-unboost|p2a: Clefable|spa|1
|
|upkeep
|turn|11
|
|t:|1769333618
|move|p2a: Clefable|Moonlight|p2a: Clefable
|-heal|p2a: Clefable|100/100
|move|p1a: Hatterene|Mystical Fire|p2a: Clefable
|-damage|p2a: Clefable|88/100
|-unboost|p2a: Clefable|spa|1
|
|upkeep
|turn|12
|
|t:|1769333625
|move|p2a: Clefable|Calm Mind|p2a: Clefable
|-boost|p2a: Clefable|spa|1
|-boost|p2a: Clefable|spd|1
|move|p1a: Hatterene|Mystical Fire|p2a: Clefable
|-damage|p2a: Clefable|77/100
|-unboost|p2a: Clefable|spa|1
|
|upkeep
|turn|13
|
|t:|1769333632
|switch|p1a: Tyranitar|Tyranitar, F|100/100
|-weather|Sandstorm|[from] ability: Sand Stream|[of] p1a: Tyranitar
|move|p2a: Clefable|Calm Mind|p2a: Clefable
|-boost|p2a: Clefable|spa|1
|-boost|p2a: Clefable|spd|1
|
|-weather|Sandstorm|[upkeep]
|upkeep
|turn|14
|
|t:|1769333638
|move|p1a: Tyranitar|Iron Head|p2a: Clefable
|-supereffective|p2a: Clefable
|-damage|p2a: Clefable|23/100
|move|p2a: Clefable|Moonblast|p1a: Tyranitar
|-supereffective|p1a: Tyranitar
|-damage|p1a: Tyranitar|28/100
|-enditem|p1a: Tyranitar|Weakness Policy
|-boost|p1a: Tyranitar|atk|2|[from] item: Weakness Policy
|-boost|p1a: Tyranitar|spa|2|[from] item: Weakness Policy
|
|-weather|Sandstorm|[upkeep]
|upkeep
|turn|15
|
|t:|1769333663
|switch|p2a: Landorus|Landorus-Therian, M|100/100
|-ability|p2a: Landorus|Intimidate|boost
|-unboost|p1a: Tyranitar|atk|1
|move|p1a: Tyranitar|Iron Head|p2a: Landorus
|-damage|p2a: Landorus|53/100
|
|-weather|Sandstorm|[upkeep]
|upkeep
|turn|16
|
|t:|1769333670
|switch|p1a: Gastrodon|Gastrodon-East, F|100/100
|move|p2a: Landorus|U-turn|p1a: Gastrodon
|-damage|p1a: Gastrodon|61/100
|-damage|p2a: Landorus|37/100|[from] item: Rocky Helmet|[of] p1a: Gastrodon
|
|t:|1769333679
|switch|p2a: Grimmsnarl|Grimmsnarl, M|61/100 tox|[from] U-turn
|
|-weather|Sandstorm|[upkeep]
|-damage|p2a: Grimmsnarl|55/100 tox|[from] Sandstorm
|-damage|p2a: Grimmsnarl|48/100 tox|[from] psn
|upkeep
|turn|17
|
|t:|1769333687
|switch|p1a: Mandibuzz|Mandibuzz, F|100/100
|move|p2a: Grimmsnarl|Taunt|p1a: Mandibuzz
|-hint|Since gen 7, Dark is immune to Prankster moves.
|-immune|p1a: Mandibuzz
|
|-weather|none
|-damage|p2a: Grimmsnarl|36/100 tox|[from] psn
|upkeep
|turn|18
|
|t:|1769333701
|switch|p1a: Tyranitar|Tyranitar, F|28/100
|-weather|Sandstorm|[from] ability: Sand Stream|[of] p1a: Tyranitar
|move|p2a: Grimmsnarl|Spirit Break|p1a: Tyranitar
|-supereffective|p1a: Tyranitar
|-damage|p1a: Tyranitar|0 fnt
|faint|p1a: Tyranitar
|
|-weather|Sandstorm|[upkeep]
|-damage|p2a: Grimmsnarl|30/100 tox|[from] Sandstorm
|-damage|p2a: Grimmsnarl|12/100 tox|[from] psn
|upkeep
|
|t:|1769333710
|switch|p1a: Pawmot|Pawmot, M|100/100
|turn|19
|
|t:|1769333720
|move|p1a: Pawmot|Mach Punch|p2a: Grimmsnarl
|-crit|p2a: Grimmsnarl
|-damage|p2a: Grimmsnarl|0 fnt
|faint|p2a: Grimmsnarl
|
|-weather|Sandstorm|[upkeep]
|-damage|p1a: Pawmot|94/100|[from] Sandstorm
|upkeep
|
|t:|1769333732
|switch|p2a: Great Tusk|Great Tusk|83/100
|turn|20
|
|t:|1769333739
|switch|p1a: Mandibuzz|Mandibuzz, F|100/100
|move|p2a: Great Tusk|Stealth Rock|p1a: Mandibuzz
|-sidestart|p1: Fhwiio|move: Stealth Rock
|
|-weather|Sandstorm|[upkeep]
|-heal|p2a: Great Tusk|89/100|[from] item: Leftovers
|upkeep
|turn|21
|
|t:|1769333747
|move|p2a: Great Tusk|Knock Off|p1a: Mandibuzz
|-resisted|p1a: Mandibuzz
|-damage|p1a: Mandibuzz|89/100
|-enditem|p1a: Mandibuzz|Figy Berry|[from] move: Knock Off|[of] p2a: Great Tusk
|move|p1a: Mandibuzz|Toxic|p2a: Great Tusk
|-status|p2a: Great Tusk|tox
|
|-weather|Sandstorm|[upkeep]
|-heal|p2a: Great Tusk|96/100 tox|[from] item: Leftovers
|-damage|p2a: Great Tusk|89/100 tox|[from] psn
|upkeep
|turn|22
|
|t:|1769333764
|-end|p2a: Great Tusk|Protosynthesis|[silent]
|switch|p2a: Landorus|Landorus-Therian, M|37/100
|-ability|p2a: Landorus|Intimidate|boost
|-unboost|p1a: Mandibuzz|atk|1
|move|p1a: Mandibuzz|Defog|p2a: Landorus
|-unboost|p2a: Landorus|evasion|1
|-sideend|p1: Fhwiio|Stealth Rock|[from] move: Defog|[of] p1a: Mandibuzz
|
|-weather|none
|upkeep
|turn|23
|
|t:|1769333773
|move|p2a: Landorus|U-turn|p1a: Mandibuzz
|-damage|p1a: Mandibuzz|55/100
|
|t:|1769333776
|switch|p2a: Clefable|Clefable, M|23/100|[from] U-turn
|move|p1a: Mandibuzz|Knock Off|p2a: Clefable
|-resisted|p2a: Clefable
|-damage|p2a: Clefable|13/100
|
|upkeep
|turn|24
|
|t:|1769333789
|switch|p1a: Hatterene|Hatterene, F|100/100
|move|p2a: Clefable|Moonlight|p2a: Clefable
|-heal|p2a: Clefable|63/100
|
|upkeep
|turn|25
|
|t:|1769333798
|switch|p1a: Pawmot|Pawmot, M|94/100
|move|p2a: Clefable|Moonlight|p2a: Clefable
|-heal|p2a: Clefable|100/100
|
|upkeep
|turn|26
|
|t:|1769333808
|move|p1a: Pawmot|Revival Blessing|p1a: Pawmot
|
|t:|1769333810
|-heal|p1: Tyranitar|50/100|[from] move: Revival Blessing
|move|p2a: Clefable|Moonblast|p1a: Pawmot
|-supereffective|p1a: Pawmot
|-damage|p1a: Pawmot|0 fnt
|faint|p1a: Pawmot
|
|upkeep
|
|t:|1769333817
|switch|p1a: Tyranitar|Tyranitar, F|50/100
|-weather|Sandstorm|[from] ability: Sand Stream|[of] p1a: Tyranitar
|turn|27
|
|t:|1769333828
|-terastallize|p2a: Clefable|Steel
|move|p1a: Tyranitar|Dragon Dance|p1a: Tyranitar
|-boost|p1a: Tyranitar|atk|1
|-boost|p1a: Tyranitar|spe|1
|move|p2a: Clefable|Moonblast|p1a: Tyranitar
|-supereffective|p1a: Tyranitar
|-damage|p1a: Tyranitar|0 fnt
|faint|p1a: Tyranitar
|
|-weather|Sandstorm|[upkeep]
|upkeep
|
|t:|1769333844
|switch|p1a: Gastrodon|Gastrodon-East, F|61/100
|turn|28
|
|t:|1769333853
|switch|p2a: Landorus|Landorus-Therian, M|37/100
|-ability|p2a: Landorus|Intimidate|boost
|-unboost|p1a: Gastrodon|atk|1
|move|p1a: Gastrodon|Recover|p1a: Gastrodon
|-heal|p1a: Gastrodon|100/100
|
|-weather|Sandstorm|[upkeep]
|upkeep
|turn|29
|
|t:|1769333861
|move|p2a: Landorus|Earthquake|p1a: Gastrodon
|-damage|p1a: Gastrodon|5/100
|move|p1a: Gastrodon|Hydro Pump|p2a: Landorus
|-supereffective|p2a: Landorus
|-damage|p2a: Landorus|0 fnt
|faint|p2a: Landorus
|
|-weather|Sandstorm|[upkeep]
|upkeep
|
|t:|1769333882
|switch|p2a: Great Tusk|Great Tusk|89/100 tox
|turn|30
|
|t:|1769333888
|switch|p1a: Mandibuzz|Mandibuzz, F|55/100
|move|p2a: Great Tusk|Knock Off|p1a: Mandibuzz
|-resisted|p1a: Mandibuzz
|-damage|p1a: Mandibuzz|47/100
|
|-weather|Sandstorm|[upkeep]
|-heal|p2a: Great Tusk|96/100 tox|[from] item: Leftovers
|-damage|p2a: Great Tusk|89/100 tox|[from] psn
|upkeep
|turn|31
|
|t:|1769333897
|move|p2a: Great Tusk|Close Combat|p1a: Mandibuzz
|-damage|p1a: Mandibuzz|2/100
|-unboost|p2a: Great Tusk|def|1
|-unboost|p2a: Great Tusk|spd|1
|move|p1a: Mandibuzz|Roost|p1a: Mandibuzz
|-heal|p1a: Mandibuzz|53/100
|-singleturn|p1a: Mandibuzz|move: Roost
|
|-weather|none
|-heal|p2a: Great Tusk|96/100 tox|[from] item: Leftovers
|-damage|p2a: Great Tusk|83/100 tox|[from] psn
|upkeep
|turn|32
|
|t:|1769333904
|move|p2a: Great Tusk|Close Combat|p1a: Mandibuzz
|-damage|p1a: Mandibuzz|10/100
|-unboost|p2a: Great Tusk|def|1
|-unboost|p2a: Great Tusk|spd|1
|move|p1a: Mandibuzz|Roost|p1a: Mandibuzz
|-heal|p1a: Mandibuzz|60/100
|-singleturn|p1a: Mandibuzz|move: Roost
|
|-heal|p2a: Great Tusk|89/100 tox|[from] item: Leftovers
|-damage|p2a: Great Tusk|71/100 tox|[from] psn
|upkeep
|turn|33
|
|t:|1769333911
|-end|p2a: Great Tusk|Protosynthesis|[silent]
|switch|p2a: Clefable|Clefable, M, tera:Steel|100/100
|move|p1a: Mandibuzz|Roost|p1a: Mandibuzz
|-heal|p1a: Mandibuzz|100/100
|-singleturn|p1a: Mandibuzz|move: Roost
|
|upkeep
|turn|34
|
|t:|1769333918
|switch|p1a: Hatterene|Hatterene, F|100/100
|move|p2a: Clefable|Calm Mind|p2a: Clefable
|-boost|p2a: Clefable|spa|1
|-boost|p2a: Clefable|spd|1
|
|upkeep
|turn|35
|
|t:|1769333925
|switch|p2a: Ceruledge|Ceruledge, F|100/100
|move|p1a: Hatterene|Mystical Fire|p2a: Ceruledge
|-start|p2a: Ceruledge|ability: Flash Fire
|
|upkeep
|turn|36
|
|t:|1769333935
|switch|p1a: Mandibuzz|Mandibuzz, F|100/100
|move|p2a: Ceruledge|Bitter Blade|p1a: Mandibuzz
|-damage|p1a: Mandibuzz|40/100
|
|upkeep
|turn|37
|
|t:|1769333944
|switch|p1a: Gastrodon|Gastrodon-East, F|5/100
|move|p2a: Ceruledge|Bitter Blade|p1a: Gastrodon
|-resisted|p1a: Gastrodon
|-damage|p1a: Gastrodon|0 fnt
|-damage|p2a: Ceruledge|84/100|[from] item: Rocky Helmet|[of] p1a: Gastrodon
|faint|p1a: Gastrodon
|
|upkeep
|
|t:|1769333954
|switch|p1a: Mandibuzz|Mandibuzz, F|40/100
|turn|38
|
|t:|1769333956
|switch|p1a: Hatterene|Hatterene, F|100/100
|move|p2a: Ceruledge|Bitter Blade|p1a: Hatterene
|-damage|p1a: Hatterene|28/100
|-heal|p2a: Ceruledge|100/100|[from] drain|[of] p1a: Hatterene
|-enditem|p1a: Hatterene|Red Card|[of] p2a: Ceruledge
|-end|p2a: Ceruledge|ability: Flash Fire|[silent]
|drag|p2a: Great Tusk|Great Tusk|71/100 tox
|
|-heal|p2a: Great Tusk|77/100 tox|[from] item: Leftovers
|-damage|p2a: Great Tusk|71/100 tox|[from] psn
|upkeep
|turn|39
|
|t:|1769333974
|-end|p2a: Great Tusk|Protosynthesis|[silent]
|switch|p2a: Porygon2|Porygon2|100/100
|move|p1a: Hatterene|Trick Room|p1a: Hatterene
|-fieldstart|move: Trick Room|[of] p1a: Hatterene
|
|upkeep
|turn|40
|
|t:|1769333981
|move|p1a: Hatterene|Mystical Fire|p2a: Porygon2
|-damage|p2a: Porygon2|89/100
|-unboost|p2a: Porygon2|spa|1
|move|p2a: Porygon2|Shadow Ball|p1a: Hatterene
|-supereffective|p1a: Hatterene
|-crit|p1a: Hatterene
|-damage|p1a: Hatterene|0 fnt
|faint|p1a: Hatterene
|
|upkeep
|
|t:|1769333987
|switch|p1a: Mandibuzz|Mandibuzz, F|40/100
|turn|41
|
|t:|1769333993
|move|p2a: Porygon2|Ice Beam|p1a: Mandibuzz
|-supereffective|p1a: Mandibuzz
|-damage|p1a: Mandibuzz|16/100
|move|p1a: Mandibuzz|Roost|p1a: Mandibuzz
|-heal|p1a: Mandibuzz|66/100
|-singleturn|p1a: Mandibuzz|move: Roost
|
|upkeep
|turn|42
|
|t:|1769333999
|move|p2a: Porygon2|Thunder Wave|p1a: Mandibuzz
|-status|p1a: Mandibuzz|par
|move|p1a: Mandibuzz|Roost|p1a: Mandibuzz
|-heal|p1a: Mandibuzz|100/100 par
|-singleturn|p1a: Mandibuzz|move: Roost
|
|upkeep
|turn|43
|
|t:|1769334005
|switch|p2a: Clefable|Clefable, M, tera:Steel|100/100
|move|p1a: Mandibuzz|Knock Off|p2a: Clefable
|-damage|p2a: Clefable|73/100
|
|-fieldend|move: Trick Room
|upkeep
|turn|44
|
|t:|1769334012
|move|p2a: Clefable|Calm Mind|p2a: Clefable
|-boost|p2a: Clefable|spa|1
|-boost|p2a: Clefable|spd|1
|move|p1a: Mandibuzz|Knock Off|p2a: Clefable
|-damage|p2a: Clefable|44/100
|
|upkeep
|turn|45
|
|t:|1769334017
|move|p2a: Clefable|Moonlight|p2a: Clefable
|-heal|p2a: Clefable|94/100
|move|p1a: Mandibuzz|Knock Off|p2a: Clefable
|-damage|p2a: Clefable|67/100
|
|upkeep
|turn|46
|
|t:|1769334021
|move|p2a: Clefable|Moonblast|p1a: Mandibuzz
|-supereffective|p1a: Mandibuzz
|-damage|p1a: Mandibuzz|0 fnt
|faint|p1a: Mandibuzz
|
|win|xxnb
|raw|Fhwiio's rating: 1081 &rarr; <strong>1063</strong><br />(-18 for losing)
|raw|xxnb's rating: 1151 &rarr; <strong>1171</strong><br />(+20 for winning)
|l|☆Fhwiio
|player|p1|
|l|☆xxnb
|player|p2|
