|j|☆crownwrld
|j|☆Green Arcanines
|t:|1769293914
|gametype|singles
|player|p1|crownwrld|169|1157
|player|p2|Green Arcanines|1|1096
|gen|9
|tier|[Gen 9] OU
|rated|
|rule|HP Percentage Mod: HP is shown in percentages
|rule|Endless Battle Clause: Forcing endless battles is banned
|rule|Species Clause: Limit one of each Pokémon
|rule|OHKO Clause: OHKO moves are banned
|rule|Evasion Items Clause: Evasion items are banned
|rule|Evasion Moves Clause: Evasion moves are banned
|rule|Evasion Abilities Clause: Evasion abilities are banned
|rule|Sleep Moves Clause: Sleep-inducing moves are banned
|clearpoke
|poke|p1|Magnezone|
|poke|p1|Haxorus, F|
|poke|p1|Conkeldurr, F|
|poke|p1|Salazzle, F|
|poke|p1|Corviknight, F|
|poke|p1|Ogerpon-Cornerstone, F|
|poke|p2|Skarmory, M|
|poke|p2|Krookodile, F|
|poke|p2|Tentacruel, F|
|poke|p2|Rotom|
|poke|p2|Chesnaught, M|
|poke|p2|Greninja-*, F|
|teampreview
|
|t:|1769293924
|teamsize|p1|6
|teamsize|p2|6
|start
|switch|p1a: Ogerpon|Ogerpon-Cornerstone, F|100/100
|switch|p2a: Tentacruel|Tentacruel, F, shiny|100/100
|turn|1
|
|t:|1769293932
|move|p1a: Ogerpon|Swords Dance|p1a: Ogerpon
|-boost|p1a: Ogerpon|atk|2
|move|p2a: Tentacruel|Toxic Spikes|p1a: Ogerpon
|-sidestart|p1: crownwrld|move: Toxic Spikes
|
|upkeep
|turn|2
|
|t:|1769293939
|move|p1a: Ogerpon|Swords Dance|p1a: Ogerpon
|-boost|p1a: Ogerpon|atk|2
|move|p2a: Tentacruel|Haze|p2a: Tentacruel
|-clearallboost
|
|upkeep
|turn|3
|
|t:|1769293946
|switch|p2a: Skarmory|Skarmory, M, shiny|100/100
|move|p1a: Ogerpon|Ivy Cudgel|p2a: Skarmory|[anim] Ivy Cudgel Rock
|-damage|p2a: Skarmory|64/100
|
|upkeep
|turn|4
|
|t:|1769293953
|move|p1a: Ogerpon|Swords Dance|p1a: Ogerpon
|-boost|p1a: Ogerpon|atk|2
|move|p2a: Skarmory|Body Press|p1a: Ogerpon
|-supereffective|p1a: Ogerpon
|-damage|p1a: Ogerpon|16/100
|
|upkeep
|turn|5
|
|t:|1769293966
|-terastallize|p1a: Ogerpon|Rock
|detailschange|p1a: Ogerpon|Ogerpon-Cornerstone-Tera, F, tera:Rock
|-ability|p1a: Ogerpon|Embody Aspect (Cornerstone)|boost
|-boost|p1a: Ogerpon|def|1
|move|p1a: Ogerpon|Ivy Cudgel|p2a: Skarmory|[anim] Ivy Cudgel Rock
|-crit|p2a: Skarmory
|-damage|p2a: Skarmory|0 fnt
|faint|p2a: Skarmory
|
|upkeep
|
|t:|1769293974
|switch|p2a: Greninja|Greninja, F|100/100
|turn|6
|
|t:|1769293982
|move|p1a: Ogerpon|Spiky Shield|p1a: Ogerpon
|-singleturn|p1a: Ogerpon|move: Protect
|move|p2a: Greninja|Extrasensory|p1a: Ogerpon
|-start|p2a: Greninja|typechange|Psychic|[from] ability: Protean
|-activate|p1a: Ogerpon|move: Protect
|
|upkeep
|turn|7
|
|t:|1769293989
|move|p2a: Greninja|Extrasensory|p1a: Ogerpon
|-damage|p1a: Ogerpon|0 fnt
|faint|p1a: Ogerpon
|detailschange|p1: Ogerpon|Ogerpon-Cornerstone, F|[silent]
|
|upkeep
|
|t:|1769293993
|switch|p1a: Salazzle|Salazzle, F|100/100
|-sideend|p1: crownwrld|move: Toxic Spikes|[of] p1a: Salazzle
|turn|8
|
|t:|1769294003
|move|p2a: Greninja|Extrasensory|p1a: Salazzle
|-supereffective|p1a: Salazzle
|-damage|p1a: Salazzle|0 fnt
|faint|p1a: Salazzle
|
|upkeep
|
|t:|1769294021
|switch|p1a: Corviknight|Corviknight, F|100/100
|turn|9
|
|t:|1769294026
|move|p2a: Greninja|U-turn|p1a: Corviknight
|-resisted|p1a: Corviknight
|-damage|p1a: Corviknight|98/100
|-damage|p2a: Greninja|84/100|[from] item: Rocky Helmet|[of] p1a: Corviknight
|
|t:|1769294030
|switch|p2a: Rotom|Rotom, shiny|100/100|[from] U-turn
|move|p1a: Corviknight|U-turn|p2a: Rotom
|-resisted|p2a: Rotom
|-damage|p2a: Rotom|87/100
|
|t:|1769294038
|switch|p1a: Haxorus|Haxorus, F|100/100|[from] U-turn
|-ability|p1a: Haxorus|Mold Breaker
|
|upkeep
|turn|10
|
|t:|1769294043
|move|p2a: Rotom|Will-O-Wisp|p1a: Haxorus
|-status|p1a: Haxorus|brn
|move|p1a: Haxorus|Earthquake|p2a: Rotom
|-supereffective|p2a: Rotom
|-damage|p2a: Rotom|24/100
|
|-damage|p1a: Haxorus|94/100 brn|[from] brn
|upkeep
|turn|11
|
|t:|1769294053
|switch|p2a: Chesnaught|Chesnaught, M, shiny|100/100
|move|p1a: Haxorus|Dragon Dance|p1a: Haxorus
|-boost|p1a: Haxorus|atk|1
|-boost|p1a: Haxorus|spe|1
|
|-damage|p1a: Haxorus|88/100 brn|[from] brn
|upkeep
|turn|12
|
|t:|1769294062
|move|p1a: Haxorus|Dragon Dance|p1a: Haxorus
|-boost|p1a: Haxorus|atk|1
|-boost|p1a: Haxorus|spe|1
|move|p2a: Chesnaught|Leech Seed|p1a: Haxorus
|-start|p1a: Haxorus|move: Leech Seed
|
|-damage|p1a: Haxorus|76/100 brn|[from] Leech Seed|[of] p2a: Chesnaught
|-damage|p1a: Haxorus|70/100 brn|[from] brn
|upkeep
|turn|13
|
|t:|1769294070
|move|p1a: Haxorus|Dragon Dance|p1a: Haxorus
|-boost|p1a: Haxorus|atk|1
|-boost|p1a: Haxorus|spe|1
|move|p2a: Chesnaught|Knock Off|p1a: Haxorus
|-damage|p1a: Haxorus|42/100 brn
|-enditem|p1a: Haxorus|Aguav Berry|[from] move: Knock Off|[of] p2a: Chesnaught
|
|-damage|p1a: Haxorus|30/100 brn|[from] Leech Seed|[of] p2a: Chesnaught
|-damage|p1a: Haxorus|24/100 brn|[from] brn
|upkeep
|turn|14
|
|t:|1769294080
|move|p2a: Chesnaught|Spiky Shield|p2a: Chesnaught
|-singleturn|p2a: Chesnaught|move: Protect
|move|p1a: Haxorus|Dragon Claw|p2a: Chesnaught
|-activate|p2a: Chesnaught|move: Protect
|-damage|p1a: Haxorus|11/100 brn|[from] Spiky Shield|[of] p2a: Chesnaught
|
|-damage|p1a: Haxorus|0 fnt|[from] Leech Seed|[of] p2a: Chesnaught
|faint|p1a: Haxorus
|upkeep
|
|t:|1769294093
|switch|p1a: Conkeldurr|Conkeldurr, F|100/100
|turn|15
|
|t:|1769294098
|move|p2a: Chesnaught|Leech Seed|p1a: Conkeldurr
|-start|p1a: Conkeldurr|move: Leech Seed
|move|p1a: Conkeldurr|Bulk Up|p1a: Conkeldurr
|-boost|p1a: Conkeldurr|atk|1
|-boost|p1a: Conkeldurr|def|1
|
|-damage|p1a: Conkeldurr|88/100|[from] Leech Seed|[of] p2a: Chesnaught
|-status|p1a: Conkeldurr|brn|[from] item: Flame Orb
|upkeep
|turn|16
|
|t:|1769294110
|switch|p2a: Rotom|Rotom, shiny|24/100
|move|p1a: Conkeldurr|Drain Punch|p2a: Rotom
|-immune|p2a: Rotom
|
|-damage|p1a: Conkeldurr|76/100 brn|[from] Leech Seed|[of] p2a: Rotom
|-heal|p2a: Rotom|45/100|[silent]
|-damage|p1a: Conkeldurr|70/100 brn|[from] brn
|upkeep
|turn|17
|
|t:|1769294119
|move|p2a: Rotom|Hex|p1a: Conkeldurr
|-damage|p1a: Conkeldurr|2/100 brn
|move|p1a: Conkeldurr|Knock Off|p2a: Rotom
|-supereffective|p2a: Rotom
|-damage|p2a: Rotom|0 fnt
|-enditem|p2a: Rotom|Choice Scarf|[from] move: Knock Off|[of] p1a: Conkeldurr
|faint|p2a: Rotom
|
|-damage|p1a: Conkeldurr|0 fnt|[from] brn
|faint|p1a: Conkeldurr
|upkeep
|
|t:|1769294135
|switch|p2a: Chesnaught|Chesnaught, M, shiny|100/100
|switch|p1a: Magnezone|Magnezone|100/100
|turn|18
|
|t:|1769294140
|move|p2a: Chesnaught|Leech Seed|p1a: Magnezone
|-start|p1a: Magnezone|move: Leech Seed
|move|p1a: Magnezone|Flash Cannon|p2a: Chesnaught
|-damage|p2a: Chesnaught|17/100
|-damage|p1a: Magnezone|91/100|[from] item: Life Orb
|
|-heal|p2a: Chesnaught|23/100|[from] item: Leftovers
|-damage|p1a: Magnezone|78/100|[from] Leech Seed|[of] p2a: Chesnaught
|-heal|p2a: Chesnaught|34/100|[silent]
|upkeep
|turn|19
|
|t:|1769294150
|switch|p1a: Corviknight|Corviknight, F|98/100
|move|p2a: Chesnaught|Spiky Shield||[still]
|-fail|p2a: Chesnaught
|
|-heal|p2a: Chesnaught|40/100|[from] item: Leftovers
|upkeep
|turn|20
|
|t:|1769294157
|move|p1a: Corviknight|U-turn|p2a: Chesnaught
|-damage|p2a: Chesnaught|32/100
|
|t:|1769294160
|switch|p1a: Magnezone|Magnezone|78/100|[from] U-turn
|move|p2a: Chesnaught|Leech Seed|p1a: Magnezone
|-start|p1a: Magnezone|move: Leech Seed
|
|-heal|p2a: Chesnaught|38/100|[from] item: Leftovers
|-damage|p1a: Magnezone|66/100|[from] Leech Seed|[of] p2a: Chesnaught
|-heal|p2a: Chesnaught|49/100|[silent]
|upkeep
|turn|21
|
|t:|1769294170
|move|p2a: Chesnaught|Spiky Shield|p2a: Chesnaught
|-singleturn|p2a: Chesnaught|move: Protect
|move|p1a: Magnezone|Flash Cannon|p2a: Chesnaught
|-activate|p2a: Chesnaught|move: Protect
|
|-heal|p2a: Chesnaught|55/100|[from] item: Leftovers
|-damage|p1a: Magnezone|54/100|[from] Leech Seed|[of] p2a: Chesnaught
|-heal|p2a: Chesnaught|66/100|[silent]
|upkeep
|turn|22
|-message|crownwrld forfeited.
|
|win|Green Arcanines
|raw|crownwrld's rating: 1157 &rarr; <strong>1128</strong><br />(-29 for losing)
|raw|Green Arcanines's rating: 1096 &rarr; <strong>1126</strong><br />(+30 for winning)
|l|☆crownwrld
|player|p1|
|l|☆Green Arcanines
|player|p2|
