|j|☆tetsuo_kaneda
|j|‽tasty sardine 408
|t:|1769313337
|gametype|singles
|player|p1|tetsuo_kaneda|266|1477
|player|p2|tasty sardine 408|harlequin|1649
|gen|9
|tier|[Gen 9] OU
|rated|
|rule|HP Percentage Mod: HP is shown in percentages
|rule|Endless Battle Clause: Forcing endless battles is banned
|rule|Species Clause: Limit one of each Pokémon
|rule|OHKO Clause: OHKO moves are banned
|rule|Evasion Items Clause: Evasion items are banned
|rule|Evasion Moves Clause: Evasion moves are banned
|rule|Evasion Abilities Clause: Evasion abilities are banned
|rule|Sleep Moves Clause: Sleep-inducing moves are banned
|clearpoke
|poke|p1|Zamazenta-*|
|poke|p1|Zapdos|
|poke|p1|Deoxys-Speed|
|poke|p1|Heatran, M|
|poke|p1|Great Tusk|
|poke|p1|Ogerpon-Wellspring, F|
|poke|p2|Umbreon, F|
|poke|p2|Serperior, M|
|poke|p2|Cresselia, F|
|poke|p2|Revavroom, M|
|poke|p2|Skeledirge, M|
|poke|p2|Manaphy|
|teampreview
|inactive|Battle timer is ON: inactive players will automatically lose when time's up. (requested by tasty sardine 408)
|
|t:|1769313344
|teamsize|p1|6
|teamsize|p2|6
|start
|switch|p1a: Deoxys|Deoxys-Speed|100/100
|switch|p2a: Serperior|Serperior, M, shiny|100/100
|-ability|p1a: Deoxys|Pressure
|turn|1
|inactive|tasty sardine 408 has 120 seconds left.
|
|t:|1769313380
|move|p1a: Deoxys|Light Screen|p1a: Deoxys
|-sidestart|p1: tetsuo_kaneda|move: Light Screen
|move|p2a: Serperior|Glare|p1a: Deoxys
|-status|p1a: Deoxys|par
|
|upkeep
|turn|2
|
|t:|1769313398
|move|p2a: Serperior|Leaf Storm|p1a: Deoxys
|-damage|p1a: Deoxys|79/100 par
|-boost|p2a: Serperior|spa|2
|move|p1a: Deoxys|Reflect|p1a: Deoxys
|-sidestart|p1: tetsuo_kaneda|Reflect
|
|upkeep
|turn|3
|
|t:|1769313405
|switch|p1a: Heatran|Heatran, M, shiny|100/100
|move|p2a: Serperior|Leaf Storm|p1a: Heatran
|-resisted|p1a: Heatran
|-damage|p1a: Heatran|95/100
|-boost|p2a: Serperior|spa|2
|
|-heal|p1a: Heatran|100/100|[from] item: Leftovers
|upkeep
|turn|4
|
|t:|1769313414
|-terastallize|p2a: Serperior|Electric
|move|p2a: Serperior|Glare|p1a: Heatran
|-status|p1a: Heatran|par
|cant|p1a: Heatran|par
|
|upkeep
|turn|5
|
|t:|1769313420
|move|p2a: Serperior|Leaf Storm|p1a: Heatran
|-resisted|p1a: Heatran
|-damage|p1a: Heatran|93/100 par
|-boost|p2a: Serperior|spa|2
|move|p1a: Heatran|Magma Storm|p2a: Serperior
|-damage|p2a: Serperior|60/100
|-activate|p2a: Serperior|move: Magma Storm|[of] p1a: Heatran
|
|-heal|p2a: Serperior|66/100|[from] item: Leftovers
|-heal|p1a: Heatran|99/100 par|[from] item: Leftovers
|-damage|p2a: Serperior|53/100|[from] move: Magma Storm|[partiallytrapped]
|upkeep
|turn|6
|
|t:|1769313432
|move|p2a: Serperior|Synthesis|p2a: Serperior
|-heal|p2a: Serperior|100/100
|move|p1a: Heatran|Stealth Rock|p2a: Serperior
|-sidestart|p2: tasty sardine 408|move: Stealth Rock
|
|-heal|p1a: Heatran|100/100 par|[from] item: Leftovers
|-damage|p2a: Serperior|88/100|[from] move: Magma Storm|[partiallytrapped]
|upkeep
|turn|7
|
|t:|1769313441
|move|p2a: Serperior|Tera Blast|p1a: Heatran|[anim] Tera Blast Electric
|-damage|p1a: Heatran|72/100 par
|move|p1a: Heatran|Taunt|p2a: Serperior
|-start|p2a: Serperior|move: Taunt
|
|-heal|p2a: Serperior|94/100|[from] item: Leftovers
|-heal|p1a: Heatran|78/100 par|[from] item: Leftovers
|-damage|p2a: Serperior|82/100|[from] move: Magma Storm|[partiallytrapped]
|upkeep
|turn|8
|
|t:|1769313452
|move|p2a: Serperior|Tera Blast|p1a: Heatran|[anim] Tera Blast Electric
|-damage|p1a: Heatran|49/100 par
|move|p1a: Heatran|Magma Storm|p2a: Serperior|[miss]
|-miss|p1a: Heatran|p2a: Serperior
|
|-heal|p2a: Serperior|88/100|[from] item: Leftovers
|-heal|p1a: Heatran|55/100 par|[from] item: Leftovers
|-damage|p2a: Serperior|76/100|[from] move: Magma Storm|[partiallytrapped]
|-sideend|p1: tetsuo_kaneda|move: Light Screen
|upkeep
|turn|9
|
|t:|1769313461
|move|p2a: Serperior|Tera Blast|p1a: Heatran|[anim] Tera Blast Electric
|-damage|p1a: Heatran|0 fnt
|faint|p1a: Heatran
|
|-heal|p2a: Serperior|82/100|[from] item: Leftovers
|-end|p2a: Serperior|Magma Storm|[partiallytrapped]
|-sideend|p1: tetsuo_kaneda|Reflect
|upkeep
|inactive|tetsuo_kaneda has 120 seconds left.
|
|t:|1769313494
|switch|p1a: Zamazenta|Zamazenta|100/100
|-ability|p1a: Zamazenta|Dauntless Shield|boost
|-boost|p1a: Zamazenta|def|1
|turn|10
|
|t:|1769313503
|move|p1a: Zamazenta|Body Press|p2a: Serperior
|-damage|p2a: Serperior|35/100
|move|p2a: Serperior|Tera Blast|p1a: Zamazenta|[anim] Tera Blast Electric
|-damage|p1a: Zamazenta|32/100
|
|-heal|p1a: Zamazenta|38/100|[from] item: Leftovers
|-heal|p2a: Serperior|41/100|[from] item: Leftovers
|-end|p2a: Serperior|move: Taunt
|upkeep
|turn|11
|
|t:|1769313520
|move|p1a: Zamazenta|Body Press|p2a: Serperior
|-damage|p2a: Serperior|0 fnt
|faint|p2a: Serperior
|
|-heal|p1a: Zamazenta|44/100|[from] item: Leftovers
|upkeep
|
|t:|1769313522
|switch|p2a: Skeledirge|Skeledirge, M, shiny|100/100
|turn|12
|
|t:|1769313530
|switch|p1a: Deoxys|Deoxys-Speed|79/100 par
|-ability|p1a: Deoxys|Pressure
|move|p2a: Skeledirge|Will-O-Wisp||[still]
|-fail|p2a: Skeledirge
|
|upkeep
|turn|13
|
|t:|1769313537
|cant|p1a: Deoxys|par
|move|p2a: Skeledirge|Torch Song|p1a: Deoxys
|-damage|p1a: Deoxys|45/100 par
|-boost|p2a: Skeledirge|spa|1
|
|upkeep
|turn|14
|
|t:|1769313545
|cant|p1a: Deoxys|par
|move|p2a: Skeledirge|Torch Song|p1a: Deoxys
|-damage|p1a: Deoxys|0 fnt
|-boost|p2a: Skeledirge|spa|1
|faint|p1a: Deoxys
|
|upkeep
|
|t:|1769313555
|switch|p1a: Ogerpon|Ogerpon-Wellspring, F|100/100
|turn|15
|
|t:|1769313563
|-terastallize|p1a: Ogerpon|Water
|detailschange|p1a: Ogerpon|Ogerpon-Wellspring-Tera, F, tera:Water
|-ability|p1a: Ogerpon|Embody Aspect (Wellspring)|boost
|-boost|p1a: Ogerpon|spd|1
|move|p1a: Ogerpon|Ivy Cudgel|p2a: Skeledirge|[anim] Ivy Cudgel Water
|-supereffective|p2a: Skeledirge
|-crit|p2a: Skeledirge
|-damage|p2a: Skeledirge|0 fnt
|faint|p2a: Skeledirge
|
|upkeep
|
|t:|1769313570
|switch|p2a: Umbreon|Umbreon, F, shiny|100/100
|-damage|p2a: Umbreon|88/100|[from] Stealth Rock
|turn|16
|
|t:|1769313575
|move|p1a: Ogerpon|Swords Dance|p1a: Ogerpon
|-boost|p1a: Ogerpon|atk|2
|move|p2a: Umbreon|Toxic|p1a: Ogerpon
|-status|p1a: Ogerpon|tox
|
|-heal|p2a: Umbreon|94/100|[from] item: Leftovers
|-damage|p1a: Ogerpon|95/100 tox|[from] psn
|upkeep
|turn|17
|
|t:|1769313583
|move|p1a: Ogerpon|Ivy Cudgel|p2a: Umbreon|[anim] Ivy Cudgel Water
|-damage|p2a: Umbreon|0 fnt
|faint|p2a: Umbreon
|
|-damage|p1a: Ogerpon|83/100 tox|[from] psn
|upkeep
|
|t:|1769313588
|switch|p2a: Revavroom|Revavroom, M, shiny|100/100
|-damage|p2a: Revavroom|94/100|[from] Stealth Rock
|-item|p2a: Revavroom|Air Balloon
|turn|18
|
|t:|1769313593
|move|p1a: Ogerpon|Ivy Cudgel|p2a: Revavroom|[anim] Ivy Cudgel Water
|-damage|p2a: Revavroom|0 fnt
|-enditem|p2a: Revavroom|Air Balloon
|faint|p2a: Revavroom
|
|-damage|p1a: Ogerpon|65/100 tox|[from] psn
|upkeep
|
|t:|1769313599
|switch|p2a: Cresselia|Cresselia, F, shiny|100/100
|-damage|p2a: Cresselia|88/100|[from] Stealth Rock
|turn|19
|
|t:|1769313603
|move|p1a: Ogerpon|Ivy Cudgel|p2a: Cresselia|[anim] Ivy Cudgel Water
|-damage|p2a: Cresselia|5/100
|move|p2a: Cresselia|Moonlight|p2a: Cresselia
|-heal|p2a: Cresselia|55/100
|
|-heal|p2a: Cresselia|61/100|[from] item: Leftovers
|-damage|p1a: Ogerpon|41/100 tox|[from] psn
|upkeep
|turn|20
|
|t:|1769313612
|move|p1a: Ogerpon|Ivy Cudgel|p2a: Cresselia|[anim] Ivy Cudgel Water
|-damage|p2a: Cresselia|0 fnt
|faint|p2a: Cresselia
|
|-damage|p1a: Ogerpon|11/100 tox|[from] psn
|upkeep
|
|t:|1769313615
|switch|p2a: Manaphy|Manaphy, shiny|100/100
|-damage|p2a: Manaphy|88/100|[from] Stealth Rock
|turn|21
|
|t:|1769313620
|move|p1a: Ogerpon|Power Whip|p2a: Manaphy
|-supereffective|p2a: Manaphy
|-damage|p2a: Manaphy|0 fnt
|faint|p2a: Manaphy
|
|win|tetsuo_kaneda
|raw|tetsuo_kaneda's rating: 1477 &rarr; <strong>1507</strong><br />(+30 for winning)
|raw|tasty sardine 408's rating: 1674 &rarr; <strong>1644</strong><br />(-30 for losing)
|l|‽tasty sardine 408
|player|p2|
|l|☆tetsuo_kaneda
|player|p1|
