|j|☆okbuddychingling
|j|☆GreninjaMyFav
|t:|1769317233
|gametype|singles
|player|p1|okbuddychingling|gambler|1536
|player|p2|GreninjaMyFav|170|1552
|gen|9
|tier|[Gen 9] OU
|rated|
|rule|HP Percentage Mod: HP is shown in percentages
|rule|Endless Battle Clause: Forcing endless battles is banned
|rule|Species Clause: Limit one of each Pokémon
|rule|OHKO Clause: OHKO moves are banned
|rule|Evasion Items Clause: Evasion items are banned
|rule|Evasion Moves Clause: Evasion moves are banned
|rule|Evasion Abilities Clause: Evasion abilities are banned
|rule|Sleep Moves Clause: Sleep-inducing moves are banned
|clearpoke
|poke|p1|Iron Crown|
|poke|p1|Zamazenta-*|
|poke|p1|Great Tusk|
|poke|p1|Kingambit, F|
|poke|p1|Enamorus, F|
|poke|p1|Ogerpon-Wellspring, F|
|poke|p2|Rillaboom, F|
|poke|p2|Gholdengo|
|poke|p2|Greninja-*, M|
|poke|p2|Heatran, M|
|poke|p2|Great Tusk|
|poke|p2|Ogerpon-Wellspring, F|
|teampreview
|
|t:|1769317263
|teamsize|p1|6
|teamsize|p2|6
|start
|switch|p1a: Madusa|Enamorus, F|100/100
|switch|p2a: Heatran|Heatran, M|100/100
|turn|1
|
|t:|1769317268
|switch|p2a: Gholdengo|Gholdengo|100/100
|-item|p2a: Gholdengo|Air Balloon
|move|p1a: Madusa|Earth Power|p2a: Gholdengo
|-immune|p2a: Gholdengo
|
|upkeep
|turn|2
|
|t:|1769317276
|switch|p1a: Queengambit|Kingambit, F|100/100
|move|p2a: Gholdengo|Thunder Wave|p1a: Queengambit
|-status|p1a: Queengambit|par
|
|upkeep
|turn|3
|
|t:|1769317281
|switch|p2a: Heatran|Heatran, M|100/100
|cant|p1a: Queengambit|par
|
|upkeep
|turn|4
|
|t:|1769317287
|-end|p1a: Queengambit|fallenundefined|[silent]
|switch|p1a: Lord of the Flies|Zamazenta|100/100
|-ability|p1a: Lord of the Flies|Dauntless Shield|boost
|-boost|p1a: Lord of the Flies|def|1
|move|p2a: Heatran|Stealth Rock|p1a: Lord of the Flies
|-sidestart|p1: okbuddychingling|move: Stealth Rock
|
|upkeep
|turn|5
|
|t:|1769317295
|move|p1a: Lord of the Flies|Light Screen|p1a: Lord of the Flies
|-sidestart|p1: okbuddychingling|move: Light Screen
|move|p2a: Heatran|Lava Plume|p1a: Lord of the Flies
|-damage|p1a: Lord of the Flies|85/100
|
|upkeep
|turn|6
|
|t:|1769317301
|move|p1a: Lord of the Flies|Body Press|p2a: Heatran
|-supereffective|p2a: Heatran
|-damage|p2a: Heatran|7/100
|move|p2a: Heatran|Taunt|p1a: Lord of the Flies
|-start|p1a: Lord of the Flies|move: Taunt
|
|-heal|p2a: Heatran|13/100|[from] item: Leftovers
|upkeep
|turn|7
|
|t:|1769317308
|switch|p2a: Gholdengo|Gholdengo|100/100
|-item|p2a: Gholdengo|Air Balloon
|move|p1a: Lord of the Flies|Crunch|p2a: Gholdengo
|-supereffective|p2a: Gholdengo
|-damage|p2a: Gholdengo|70/100
|-enditem|p2a: Gholdengo|Air Balloon
|
|upkeep
|turn|8
|
|t:|1769317313
|move|p1a: Lord of the Flies|Crunch|p2a: Gholdengo
|-supereffective|p2a: Gholdengo
|-damage|p2a: Gholdengo|42/100
|move|p2a: Gholdengo|Thunder Wave|p1a: Lord of the Flies
|-status|p1a: Lord of the Flies|par
|
|upkeep
|turn|9
|
|t:|1769317317
|move|p2a: Gholdengo|Recover|p2a: Gholdengo
|-heal|p2a: Gholdengo|92/100
|move|p1a: Lord of the Flies|Crunch|p2a: Gholdengo
|-supereffective|p2a: Gholdengo
|-damage|p2a: Gholdengo|62/100
|
|-end|p1a: Lord of the Flies|move: Taunt
|upkeep
|turn|10
|
|t:|1769317322
|move|p2a: Gholdengo|Recover|p2a: Gholdengo
|-heal|p2a: Gholdengo|100/100
|move|p1a: Lord of the Flies|Reflect|p1a: Lord of the Flies
|-sidestart|p1: okbuddychingling|Reflect
|
|upkeep
|turn|11
|
|t:|1769317325
|move|p2a: Gholdengo|Hex|p1a: Lord of the Flies
|-damage|p1a: Lord of the Flies|58/100 par
|move|p1a: Lord of the Flies|Crunch|p2a: Gholdengo
|-supereffective|p2a: Gholdengo
|-damage|p2a: Gholdengo|69/100
|
|upkeep
|turn|12
|
|t:|1769317331
|move|p2a: Gholdengo|Recover|p2a: Gholdengo
|-heal|p2a: Gholdengo|100/100
|move|p1a: Lord of the Flies|Crunch|p2a: Gholdengo
|-supereffective|p2a: Gholdengo
|-damage|p2a: Gholdengo|72/100
|
|-sideend|p1: okbuddychingling|move: Light Screen
|upkeep
|turn|13
|
|t:|1769317333
|move|p2a: Gholdengo|Hex|p1a: Lord of the Flies
|-damage|p1a: Lord of the Flies|4/100 par
|move|p1a: Lord of the Flies|Light Screen|p1a: Lord of the Flies
|-sidestart|p1: okbuddychingling|move: Light Screen
|
|upkeep
|turn|14
|
|t:|1769317342
|switch|p1a: Queengambit|Kingambit, F|100/100 par
|-damage|p1a: Queengambit|94/100 par|[from] Stealth Rock
|move|p2a: Gholdengo|Hex|p1a: Queengambit
|-resisted|p1a: Queengambit
|-damage|p1a: Queengambit|78/100 par
|
|upkeep
|turn|15
|
|t:|1769317352
|switch|p2a: Heatran|Heatran, M|13/100
|cant|p1a: Queengambit|par
|
|-heal|p2a: Heatran|19/100|[from] item: Leftovers
|upkeep
|turn|16
|
|t:|1769317357
|move|p1a: Queengambit|Sucker Punch||[still]
|-fail|p1a: Queengambit
|move|p2a: Heatran|Taunt|p1a: Queengambit
|-start|p1a: Queengambit|move: Taunt
|
|-heal|p2a: Heatran|25/100|[from] item: Leftovers
|upkeep
|turn|17
|
|t:|1769317361
|switch|p2a: Great Tusk|Great Tusk|100/100
|move|p1a: Queengambit|Sucker Punch||[still]
|-fail|p1a: Queengambit
|
|-sideend|p1: okbuddychingling|Reflect
|upkeep
|turn|18
|
|t:|1769317367
|-end|p1a: Queengambit|fallenundefined|[silent]
|switch|p1a: The Haunted Mask|Ogerpon-Wellspring, F|100/100
|-damage|p1a: The Haunted Mask|88/100|[from] Stealth Rock
|move|p2a: Great Tusk|Ice Spinner|p1a: The Haunted Mask
|-damage|p1a: The Haunted Mask|48/100
|
|upkeep
|turn|19
|
|t:|1769317373
|-end|p2a: Great Tusk|Protosynthesis|[silent]
|switch|p2a: Rillaboom|Rillaboom, F|100/100
|-fieldstart|move: Grassy Terrain|[from] ability: Grassy Surge|[of] p2a: Rillaboom
|move|p1a: The Haunted Mask|Power Whip|p2a: Rillaboom
|-resisted|p2a: Rillaboom
|-damage|p2a: Rillaboom|47/100
|
|-heal|p1a: The Haunted Mask|54/100|[from] Grassy Terrain
|-heal|p2a: Rillaboom|54/100|[from] Grassy Terrain
|upkeep
|turn|20
|
|t:|1769317384
|move|p2a: Rillaboom|Grassy Glide|p1a: The Haunted Mask
|-damage|p1a: The Haunted Mask|0 fnt
|faint|p1a: The Haunted Mask
|
|-heal|p2a: Rillaboom|60/100|[from] Grassy Terrain
|-sideend|p1: okbuddychingling|move: Light Screen
|upkeep
|
|t:|1769317391
|switch|p1a: Madusa|Enamorus, F|100/100
|-damage|p1a: Madusa|76/100|[from] Stealth Rock
|turn|21
|
|t:|1769317395
|switch|p2a: Heatran|Heatran, M|25/100
|move|p1a: Madusa|Healing Wish|p1a: Madusa
|faint|p1a: Madusa
|
|-heal|p2a: Heatran|32/100|[from] Grassy Terrain
|-heal|p2a: Heatran|38/100|[from] item: Leftovers
|upkeep
|
|t:|1769317397
|switch|p1a: Lord of the Flies|Zamazenta|4/100 par
|-heal|p1a: Lord of the Flies|100/100|[from] move: Healing Wish
|-damage|p1a: Lord of the Flies|94/100|[from] Stealth Rock
|turn|22
|
|t:|1769317402
|move|p1a: Lord of the Flies|Body Press|p2a: Heatran
|-supereffective|p2a: Heatran
|-damage|p2a: Heatran|0 fnt
|faint|p2a: Heatran
|
|-heal|p1a: Lord of the Flies|100/100|[from] Grassy Terrain
|upkeep
|
|t:|1769317407
|switch|p2a: Gholdengo|Gholdengo|72/100
|turn|23
|
|t:|1769317415
|switch|p1a: Curb Stomp|Great Tusk|100/100
|-damage|p1a: Curb Stomp|98/100|[from] Stealth Rock
|-enditem|p1a: Curb Stomp|Booster Energy
|-activate|p1a: Curb Stomp|ability: Protosynthesis|[fromitem]
|-start|p1a: Curb Stomp|protosynthesisatk
|move|p2a: Gholdengo|Thunder Wave|p1a: Curb Stomp
|-immune|p1a: Curb Stomp
|
|-heal|p1a: Curb Stomp|100/100|[from] Grassy Terrain
|-heal|p2a: Gholdengo|79/100|[from] Grassy Terrain
|-fieldend|move: Grassy Terrain
|upkeep
|turn|24
|
|t:|1769317425
|switch|p2a: Ogerpon|Ogerpon-Wellspring, F|100/100
|move|p1a: Curb Stomp|Bulk Up|p1a: Curb Stomp
|-boost|p1a: Curb Stomp|atk|1
|-boost|p1a: Curb Stomp|def|1
|
|upkeep
|turn|25
|
|t:|1769317433
|-terastallize|p1a: Curb Stomp|Dragon
|move|p2a: Ogerpon|Encore|p1a: Curb Stomp
|-start|p1a: Curb Stomp|Encore
|move|p1a: Curb Stomp|Bulk Up|p1a: Curb Stomp
|-boost|p1a: Curb Stomp|atk|1
|-boost|p1a: Curb Stomp|def|1
|
|upkeep
|turn|26
|
|t:|1769317440
|switch|p2a: Greninja|Greninja, M|100/100
|-end|p1a: Curb Stomp|Protosynthesis|[silent]
|switch|p1a: Lord of the Flies|Zamazenta|100/100
|-damage|p1a: Lord of the Flies|94/100|[from] Stealth Rock
|
|upkeep
|turn|27
|
|t:|1769317445
|switch|p2a: Gholdengo|Gholdengo|79/100
|move|p1a: Lord of the Flies|Light Screen|p1a: Lord of the Flies
|-sidestart|p1: okbuddychingling|move: Light Screen
|
|upkeep
|turn|28
|
|t:|1769317453
|switch|p1a: Queengambit|Kingambit, F|78/100 par
|-damage|p1a: Queengambit|71/100 par|[from] Stealth Rock
|-activate|p1a: Queengambit|ability: Supreme Overlord
|-start|p1a: Queengambit|fallen2|[silent]
|move|p2a: Gholdengo|Thunder Wave|p1a: Queengambit
|-fail|p1a: Queengambit|par
|
|upkeep
|turn|29
|
|t:|1769317462
|switch|p2a: Great Tusk|Great Tusk|100/100
|move|p1a: Queengambit|Iron Head|p2a: Great Tusk
|-damage|p2a: Great Tusk|62/100
|
|upkeep
|turn|30
|
|t:|1769317469
|-end|p2a: Great Tusk|Protosynthesis|[silent]
|switch|p2a: Greninja|Greninja, M|100/100
|move|p1a: Queengambit|Iron Head|p2a: Greninja
|-resisted|p2a: Greninja
|-damage|p2a: Greninja|54/100
|
|upkeep
|turn|31
|
|t:|1769317476
|move|p2a: Greninja|Spikes|p1a: Queengambit
|-start|p2a: Greninja|typechange|Ground|[from] ability: Protean
|-sidestart|p1: okbuddychingling|Spikes
|move|p1a: Queengambit|Kowtow Cleave|p2a: Greninja
|-damage|p2a: Greninja|0 fnt
|faint|p2a: Greninja
|
|upkeep
|
|t:|1769317479
|switch|p2a: Great Tusk|Great Tusk|62/100
|turn|32
|
|t:|1769317481
|move|p2a: Great Tusk|Headlong Rush|p1a: Queengambit
|-supereffective|p1a: Queengambit
|-damage|p1a: Queengambit|0 fnt
|-unboost|p2a: Great Tusk|def|1
|-unboost|p2a: Great Tusk|spd|1
|faint|p1a: Queengambit
|-end|p1a: Queengambit|fallen2|[silent]
|
|upkeep
|
|t:|1769317487
|switch|p1a: Lord of the Flies|Zamazenta|94/100
|-damage|p1a: Lord of the Flies|88/100|[from] Stealth Rock
|-damage|p1a: Lord of the Flies|76/100|[from] Spikes
|turn|33
|
|t:|1769317490
|-end|p2a: Great Tusk|Protosynthesis|[silent]
|switch|p2a: Gholdengo|Gholdengo|79/100
|move|p1a: Lord of the Flies|Reflect|p1a: Lord of the Flies
|-sidestart|p1: okbuddychingling|Reflect
|
|upkeep
|turn|34
|
|t:|1769317494
|move|p1a: Lord of the Flies|Crunch|p2a: Gholdengo
|-supereffective|p2a: Gholdengo
|-damage|p2a: Gholdengo|47/100
|move|p2a: Gholdengo|Thunder Wave|p1a: Lord of the Flies
|-status|p1a: Lord of the Flies|par
|
|-sideend|p1: okbuddychingling|move: Light Screen
|upkeep
|turn|35
|
|t:|1769317499
|move|p2a: Gholdengo|Recover|p2a: Gholdengo
|-heal|p2a: Gholdengo|97/100
|cant|p1a: Lord of the Flies|par
|
|upkeep
|turn|36
|
|t:|1769317501
|move|p2a: Gholdengo|Hex|p1a: Lord of the Flies
|-damage|p1a: Lord of the Flies|26/100 par
|cant|p1a: Lord of the Flies|par
|
|upkeep
|turn|37
|j| Samurajen
|
|t:|1769317506
|move|p2a: Gholdengo|Hex|p1a: Lord of the Flies
|-damage|p1a: Lord of the Flies|0 fnt
|faint|p1a: Lord of the Flies
|
|upkeep
|
|t:|1769317510
|switch|p1a: Curb Stomp|Great Tusk, tera:Dragon|100/100
|-damage|p1a: Curb Stomp|88/100|[from] Stealth Rock
|-damage|p1a: Curb Stomp|76/100|[from] Spikes
|turn|38
|
|t:|1769317513
|move|p1a: Curb Stomp|Earthquake|p2a: Gholdengo
|-supereffective|p2a: Gholdengo
|-damage|p2a: Gholdengo|32/100
|move|p2a: Gholdengo|Thunder Wave|p1a: Curb Stomp
|-status|p1a: Curb Stomp|par
|
|upkeep
|turn|39
|
|t:|1769317518
|move|p2a: Gholdengo|Hex|p1a: Curb Stomp
|-damage|p1a: Curb Stomp|0 fnt
|faint|p1a: Curb Stomp
|-end|p1a: Curb Stomp|Protosynthesis|[silent]
|
|upkeep
|
|t:|1769317520
|switch|p1a: Goldwing|Iron Crown|100/100
|-damage|p1a: Goldwing|94/100|[from] Stealth Rock
|-damage|p1a: Goldwing|82/100|[from] Spikes
|-enditem|p1a: Goldwing|Booster Energy
|-activate|p1a: Goldwing|ability: Quark Drive|[fromitem]
|-start|p1a: Goldwing|quarkdrivespa
|turn|40
|
|t:|1769317524
|move|p1a: Goldwing|Tachyon Cutter|p2a: Gholdengo
|-resisted|p2a: Gholdengo
|-damage|p2a: Gholdengo|13/100
|-resisted|p2a: Gholdengo
|-damage|p2a: Gholdengo|0 fnt
|faint|p2a: Gholdengo
|-hitcount|p2: Gholdengo|2
|
|-sideend|p1: okbuddychingling|Reflect
|upkeep
|
|t:|1769317525
|switch|p2a: Ogerpon|Ogerpon-Wellspring, F|100/100
|turn|41
|
|t:|1769317529
|-terastallize|p2a: Ogerpon|Water
|detailschange|p2a: Ogerpon|Ogerpon-Wellspring-Tera, F, tera:Water
|-ability|p2a: Ogerpon|Embody Aspect (Wellspring)|boost
|-boost|p2a: Ogerpon|spd|1
|move|p2a: Ogerpon|Encore|p1a: Goldwing
|-start|p1a: Goldwing|Encore
|move|p1a: Goldwing|Tachyon Cutter|p2a: Ogerpon
|-resisted|p2a: Ogerpon
|-damage|p2a: Ogerpon|88/100
|-resisted|p2a: Ogerpon
|-damage|p2a: Ogerpon|76/100
|-hitcount|p2a: Ogerpon|2
|
|upkeep
|turn|42
|
|t:|1769317532
|move|p2a: Ogerpon|Swords Dance|p2a: Ogerpon
|-boost|p2a: Ogerpon|atk|2
|move|p1a: Goldwing|Tachyon Cutter|p2a: Ogerpon
|-resisted|p2a: Ogerpon
|-damage|p2a: Ogerpon|65/100
|-resisted|p2a: Ogerpon
|-damage|p2a: Ogerpon|52/100
|-hitcount|p2a: Ogerpon|2
|
|upkeep
|turn|43
|
|t:|1769317536
|move|p2a: Ogerpon|Ivy Cudgel|p1a: Goldwing|[anim] Ivy Cudgel Water
|-damage|p1a: Goldwing|0 fnt
|faint|p1a: Goldwing
|-end|p1a: Goldwing|Quark Drive|[silent]
|
|win|GreninjaMyFav
|raw|okbuddychingling's rating: 1536 &rarr; <strong>1517</strong><br />(-19 for losing)
|raw|GreninjaMyFav's rating: 1552 &rarr; <strong>1571</strong><br />(+19 for winning)
|l|☆okbuddychingling
|player|p1|
|l|☆GreninjaMyFav
|player|p2|
