|j|☆Spud Webbs
|j|☆fuhfyjddhh
|t:|1769374096
|gametype|singles
|player|p1|Spud Webbs|101|1513
|player|p2|fuhfyjddhh|policeman-gen4|1565
|gen|9
|tier|[Gen 9] OU
|rated|
|rule|HP Percentage Mod: HP is shown in percentages
|rule|Endless Battle Clause: Forcing endless battles is banned
|rule|Species Clause: Limit one of each Pokémon
|rule|OHKO Clause: OHKO moves are banned
|rule|Evasion Items Clause: Evasion items are banned
|rule|Evasion Moves Clause: Evasion moves are banned
|rule|Evasion Abilities Clause: Evasion abilities are banned
|rule|Sleep Moves Clause: Sleep-inducing moves are banned
|clearpoke
|poke|p1|Glimmora, M|
|poke|p1|Iron Moth|
|poke|p1|Iron Valiant|
|poke|p1|Dragapult, F|
|poke|p1|Ogerpon-Cornerstone, F|
|poke|p1|Gholdengo|
|poke|p2|Tinkaton, F|
|poke|p2|Ogerpon, F|
|poke|p2|Great Tusk|
|poke|p2|Pecharunt|
|poke|p2|Alomomola, M|
|poke|p2|Hydreigon, M|
|teampreview
|
|t:|1769374114
|teamsize|p1|6
|teamsize|p2|6
|start
|switch|p1a: OGER|Ogerpon-Cornerstone, F|100/100
|switch|p2a: Hydreigon|Hydreigon, M, shiny|100/100
|turn|1
|
|t:|1769374121
|move|p1a: OGER|Swords Dance|p1a: OGER
|-boost|p1a: OGER|atk|2
|move|p2a: Hydreigon|Flash Cannon|p1a: OGER
|-supereffective|p1a: OGER
|-damage|p1a: OGER|11/100
|
|upkeep
|turn|2
|
|t:|1769374125
|switch|p2a: Pecharunt|Pecharunt|100/100
|move|p1a: OGER|Ivy Cudgel|p2a: Pecharunt|[anim] Ivy Cudgel Rock
|-damage|p2a: Pecharunt|44/100
|
|upkeep
|turn|3
|
|t:|1769374147
|move|p1a: OGER|Ivy Cudgel|p2a: Pecharunt|[anim] Ivy Cudgel Rock
|-crit|p2a: Pecharunt
|-damage|p2a: Pecharunt|0 fnt
|faint|p2a: Pecharunt
|
|upkeep
|
|t:|1769374150
|switch|p2a: Ogerpon|Ogerpon, F|100/100
|turn|4
|
|t:|1769374158
|switch|p1a: what is love?|Gholdengo|100/100
|-terastallize|p2a: Ogerpon|Grass
|detailschange|p2a: Ogerpon|Ogerpon-Teal-Tera, F, tera:Grass
|-ability|p2a: Ogerpon|Embody Aspect (Teal)|boost
|-boost|p2a: Ogerpon|spe|1
|move|p2a: Ogerpon|Ivy Cudgel|p1a: what is love?
|-resisted|p1a: what is love?
|-damage|p1a: what is love?|60/100
|
|upkeep
|turn|5
|
|t:|1769374168
|move|p2a: Ogerpon|Ivy Cudgel|p1a: what is love?
|-resisted|p1a: what is love?
|-damage|p1a: what is love?|19/100
|move|p1a: what is love?|Recover|p1a: what is love?
|-heal|p1a: what is love?|69/100
|
|upkeep
|turn|6
|
|t:|1769374172
|move|p2a: Ogerpon|Ivy Cudgel|p1a: what is love?
|-resisted|p1a: what is love?
|-damage|p1a: what is love?|30/100
|move|p1a: what is love?|Recover|p1a: what is love?
|-heal|p1a: what is love?|80/100
|
|upkeep
|turn|7
|
|t:|1769374175
|move|p2a: Ogerpon|Ivy Cudgel|p1a: what is love?
|-resisted|p1a: what is love?
|-damage|p1a: what is love?|45/100
|move|p1a: what is love?|Recover|p1a: what is love?
|-heal|p1a: what is love?|95/100
|
|upkeep
|turn|8
|
|t:|1769374183
|move|p2a: Ogerpon|Ivy Cudgel|p1a: what is love?
|-resisted|p1a: what is love?
|-damage|p1a: what is love?|58/100
|move|p1a: what is love?|Recover|p1a: what is love?
|-heal|p1a: what is love?|100/100
|
|upkeep
|turn|9
|
|t:|1769374188
|switch|p2a: Alomomola|Alomomola, M, shiny|100/100
|switch|p1a: Turkdcken|Iron Moth|100/100
|-enditem|p1a: Turkdcken|Booster Energy
|-activate|p1a: Turkdcken|ability: Quark Drive|[fromitem]
|-start|p1a: Turkdcken|quarkdrivespe
|
|upkeep
|turn|10
|
|t:|1769374193
|move|p1a: Turkdcken|Fiery Dance|p2a: Alomomola
|-resisted|p2a: Alomomola
|-damage|p2a: Alomomola|91/100
|move|p2a: Alomomola|Mirror Coat|p1a: Turkdcken
|-damage|p1a: Turkdcken|69/100
|
|upkeep
|turn|11
|
|t:|1769374199
|move|p2a: Alomomola|Aqua Jet|p1a: Turkdcken
|-supereffective|p1a: Turkdcken
|-damage|p1a: Turkdcken|39/100
|move|p1a: Turkdcken|Fiery Dance|p2a: Alomomola
|-resisted|p2a: Alomomola
|-damage|p2a: Alomomola|81/100
|-boost|p1a: Turkdcken|spa|1
|
|upkeep
|turn|12
|
|t:|1769374203
|move|p2a: Alomomola|Flip Turn|p1a: Turkdcken
|-supereffective|p1a: Turkdcken
|-damage|p1a: Turkdcken|0 fnt
|faint|p1a: Turkdcken
|-end|p1a: Turkdcken|Quark Drive|[silent]
|
|t:|1769374210
|switch|p2a: Ogerpon|Ogerpon-Teal-Tera, F, tera:Grass|100/100|[from] Flip Turn
|-ability|p2a: Ogerpon|Embody Aspect (Teal)|boost
|-boost|p2a: Ogerpon|spe|1
|
|upkeep
|
|t:|1769374213
|switch|p1a: Pile O' Vomit|Glimmora, M|100/100
|turn|13
|
|t:|1769374216
|switch|p2a: Tinkaton|Tinkaton, F, shiny|100/100
|-item|p2a: Tinkaton|Air Balloon
|move|p1a: Pile O' Vomit|Stealth Rock|p2a: Tinkaton
|-sidestart|p2: fuhfyjddhh|move: Stealth Rock
|
|upkeep
|turn|14
|
|t:|1769374219
|move|p2a: Tinkaton|Gigaton Hammer|p1a: Pile O' Vomit
|-supereffective|p1a: Pile O' Vomit
|-damage|p1a: Pile O' Vomit|0 fnt
|-activate|p1a: Pile O' Vomit|ability: Toxic Debris
|-sidestart|p2: fuhfyjddhh|move: Toxic Spikes
|faint|p1a: Pile O' Vomit
|
|upkeep
|
|t:|1769374224
|switch|p1a: what is love?|Gholdengo|100/100
|turn|15
|
|t:|1769374228
|switch|p1a: OGER|Ogerpon-Cornerstone, F|11/100
|move|p2a: Tinkaton|Stealth Rock|p1a: OGER
|-sidestart|p1: Spud Webbs|move: Stealth Rock
|
|upkeep
|turn|16
|
|t:|1769374232
|move|p1a: OGER|Low Kick|p2a: Tinkaton
|-damage|p2a: Tinkaton|50/100
|-enditem|p2a: Tinkaton|Air Balloon
|move|p2a: Tinkaton|Gigaton Hammer|p1a: OGER
|-supereffective|p1a: OGER
|-crit|p1a: OGER
|-damage|p1a: OGER|0 fnt
|faint|p1a: OGER
|
|upkeep
|
|t:|1769374234
|switch|p1a: what is love?|Gholdengo|100/100
|-damage|p1a: what is love?|94/100|[from] Stealth Rock
|turn|17
|
|t:|1769374243
|move|p2a: Tinkaton|Ice Hammer|p1a: what is love?
|-resisted|p1a: what is love?
|-damage|p1a: what is love?|84/100
|-unboost|p2a: Tinkaton|spe|1
|move|p1a: what is love?|Shadow Ball|p2a: Tinkaton
|-damage|p2a: Tinkaton|12/100
|
|upkeep
|turn|18
|
|t:|1769374251
|move|p1a: what is love?|Shadow Ball|p2a: Tinkaton
|-damage|p2a: Tinkaton|0 fnt
|faint|p2a: Tinkaton
|
|upkeep
|
|t:|1769374253
|switch|p2a: Great Tusk|Great Tusk, shiny|100/100
|turn|19
|
|t:|1769374266
|move|p2a: Great Tusk|Headlong Rush|p1a: what is love?
|-supereffective|p1a: what is love?
|-crit|p1a: what is love?
|-damage|p1a: what is love?|0 fnt
|-unboost|p2a: Great Tusk|def|1
|-unboost|p2a: Great Tusk|spd|1
|faint|p1a: what is love?
|
|upkeep
|
|t:|1769374271
|switch|p1a: Mr Bones|Iron Valiant|100/100
|-damage|p1a: Mr Bones|94/100|[from] Stealth Rock
|-enditem|p1a: Mr Bones|Booster Energy
|-activate|p1a: Mr Bones|ability: Quark Drive|[fromitem]
|-start|p1a: Mr Bones|quarkdriveatk
|turn|20
|
|t:|1769374283
|-end|p2a: Great Tusk|Protosynthesis|[silent]
|switch|p2a: Hydreigon|Hydreigon, M, shiny|100/100
|-damage|p2a: Hydreigon|88/100|[from] Stealth Rock
|-terastallize|p1a: Mr Bones|Ghost
|move|p1a: Mr Bones|Swords Dance|p1a: Mr Bones
|-boost|p1a: Mr Bones|atk|2
|
|upkeep
|turn|21
|
|t:|1769374322
|move|p1a: Mr Bones|Close Combat|p2a: Hydreigon
|-supereffective|p2a: Hydreigon
|-damage|p2a: Hydreigon|0 fnt
|-unboost|p1a: Mr Bones|def|1
|-unboost|p1a: Mr Bones|spd|1
|faint|p2a: Hydreigon
|
|upkeep
|
|t:|1769374331
|switch|p2a: Ogerpon|Ogerpon-Teal-Tera, F, tera:Grass|100/100
|-damage|p2a: Ogerpon|88/100|[from] Stealth Rock
|-status|p2a: Ogerpon|psn
|-ability|p2a: Ogerpon|Embody Aspect (Teal)|boost
|-boost|p2a: Ogerpon|spe|1
|turn|22
|
|t:|1769374339
|move|p1a: Mr Bones|Shadow Sneak|p2a: Ogerpon
|-damage|p2a: Ogerpon|7/100 psn
|move|p2a: Ogerpon|Knock Off|p1a: Mr Bones
|-supereffective|p1a: Mr Bones
|-damage|p1a: Mr Bones|0 fnt
|faint|p1a: Mr Bones
|-end|p1a: Mr Bones|Quark Drive|[silent]
|
|-damage|p2a: Ogerpon|0 fnt|[from] psn
|faint|p2a: Ogerpon
|detailschange|p2: Ogerpon|Ogerpon, F|[silent]
|upkeep
|
|t:|1769374345
|switch|p2a: Great Tusk|Great Tusk, shiny|100/100
|switch|p1a: Dragapult|Dragapult, F|100/100
|-damage|p1a: Dragapult|88/100|[from] Stealth Rock
|turn|23
|
|t:|1769374348
|move|p1a: Dragapult|Hex|p2a: Great Tusk
|-damage|p2a: Great Tusk|64/100
|move|p2a: Great Tusk|Headlong Rush|p1a: Dragapult
|-damage|p1a: Dragapult|0 fnt
|-unboost|p2a: Great Tusk|def|1
|-unboost|p2a: Great Tusk|spd|1
|faint|p1a: Dragapult
|
|win|fuhfyjddhh
|raw|Spud Webbs's rating: 1513 &rarr; <strong>1496</strong><br />(-17 for losing)
|raw|fuhfyjddhh's rating: 1565 &rarr; <strong>1582</strong><br />(+17 for winning)
|l|☆Spud Webbs
|player|p1|
