|j|☆3anna
|j|☆harc
|t:|1769404095
|gametype|singles
|player|p1|3anna|acerola-masters|1298
|player|p2|harc|worker-gen4|1285
|gen|9
|tier|[Gen 9] OU
|rated|
|rule|HP Percentage Mod: HP is shown in percentages
|rule|Endless Battle Clause: Forcing endless battles is banned
|rule|Species Clause: Limit one of each Pokémon
|rule|OHKO Clause: OHKO moves are banned
|rule|Evasion Items Clause: Evasion items are banned
|rule|Evasion Moves Clause: Evasion moves are banned
|rule|Evasion Abilities Clause: Evasion abilities are banned
|rule|Sleep Moves Clause: Sleep-inducing moves are banned
|clearpoke
|poke|p1|Cinccino, F|
|poke|p1|Garganacl, M|
|poke|p1|Pelipper, M|
|poke|p1|Rillaboom, M|
|poke|p1|Ogerpon-Wellspring, F|
|poke|p1|Walking Wake|
|poke|p2|Hippowdon, F|
|poke|p2|Tyranitar, M|
|poke|p2|Corviknight, M|
|poke|p2|Reuniclus, M|
|poke|p2|Dondozo, M|
|poke|p2|Slowking-Galar, F|
|teampreview
|
|t:|1769404120
|teamsize|p1|6
|teamsize|p2|6
|start
|switch|p1a: Ogerpon|Ogerpon-Wellspring, F|100/100
|switch|p2a: Hippowdon|Hippowdon, F|100/100
|-weather|Sandstorm|[from] ability: Sand Stream|[of] p2a: Hippowdon
|turn|1
|
|t:|1769404130
|switch|p2a: Dondozo|Dondozo, M|100/100
|move|p1a: Ogerpon|Leech Seed|p2a: Dondozo
|-start|p2a: Dondozo|move: Leech Seed
|
|-weather|Sandstorm|[upkeep]
|-damage|p1a: Ogerpon|95/100|[from] Sandstorm
|-damage|p2a: Dondozo|94/100|[from] Sandstorm
|-heal|p2a: Dondozo|100/100|[from] item: Leftovers
|-damage|p2a: Dondozo|88/100|[from] Leech Seed|[of] p1a: Ogerpon
|-heal|p1a: Ogerpon|100/100|[silent]
|upkeep
|turn|2
|inactive|Battle timer is ON: inactive players will automatically lose when time's up. (requested by 3anna)
|
|t:|1769404146
|-terastallize|p2a: Dondozo|Dragon
|move|p1a: Ogerpon|Horn Leech|p2a: Dondozo
|-resisted|p2a: Dondozo
|-damage|p2a: Dondozo|78/100
|move|p2a: Dondozo|Body Press|p1a: Ogerpon
|-crit|p1a: Ogerpon
|-damage|p1a: Ogerpon|41/100
|
|-weather|Sandstorm|[upkeep]
|-damage|p1a: Ogerpon|35/100|[from] Sandstorm
|-damage|p2a: Dondozo|72/100|[from] Sandstorm
|-heal|p2a: Dondozo|78/100|[from] item: Leftovers
|-damage|p2a: Dondozo|65/100|[from] Leech Seed|[of] p1a: Ogerpon
|-heal|p1a: Ogerpon|56/100|[silent]
|upkeep
|turn|3
|
|t:|1769404159
|move|p1a: Ogerpon|Spikes|p2a: Dondozo
|-sidestart|p2: harc|Spikes
|move|p2a: Dondozo|Body Press|p1a: Ogerpon
|-damage|p1a: Ogerpon|22/100
|
|-weather|Sandstorm|[upkeep]
|-damage|p1a: Ogerpon|16/100|[from] Sandstorm
|-damage|p2a: Dondozo|59/100|[from] Sandstorm
|-heal|p2a: Dondozo|65/100|[from] item: Leftovers
|-damage|p2a: Dondozo|53/100|[from] Leech Seed|[of] p1a: Ogerpon
|-heal|p1a: Ogerpon|37/100|[silent]
|upkeep
|turn|4
|
|t:|1769404170
|move|p1a: Ogerpon|Horn Leech|p2a: Dondozo
|-resisted|p2a: Dondozo
|-damage|p2a: Dondozo|43/100
|-heal|p1a: Ogerpon|45/100|[from] drain|[of] p2a: Dondozo
|move|p2a: Dondozo|Body Press|p1a: Ogerpon
|-damage|p1a: Ogerpon|7/100
|
|-weather|Sandstorm|[upkeep]
|-damage|p1a: Ogerpon|1/100|[from] Sandstorm
|-damage|p2a: Dondozo|37/100|[from] Sandstorm
|-heal|p2a: Dondozo|43/100|[from] item: Leftovers
|-damage|p2a: Dondozo|30/100|[from] Leech Seed|[of] p1a: Ogerpon
|-heal|p1a: Ogerpon|22/100|[silent]
|upkeep
|turn|5
|
|t:|1769404184
|switch|p1a: Pelipper|Pelipper, M|100/100
|-weather|RainDance|[from] ability: Drizzle|[of] p1a: Pelipper
|move|p2a: Dondozo|Rest|p2a: Dondozo
|-status|p2a: Dondozo|slp|[from] move: Rest
|-heal|p2a: Dondozo|100/100 slp|[silent]
|
|-weather|RainDance|[upkeep]
|-damage|p2a: Dondozo|88/100 slp|[from] Leech Seed|[of] p1a: Pelipper
|upkeep
|turn|6
|
|t:|1769404197
|switch|p2a: Slowking|Slowking-Galar, F|100/100
|-damage|p2a: Slowking|88/100|[from] Spikes
|move|p1a: Pelipper|Knock Off|p2a: Slowking
|-supereffective|p2a: Slowking
|-damage|p2a: Slowking|58/100
|-enditem|p2a: Slowking|Assault Vest|[from] move: Knock Off|[of] p1a: Pelipper
|
|-weather|RainDance|[upkeep]
|upkeep
|turn|7
|
|t:|1769404206
|move|p1a: Pelipper|Hydro Pump|p2a: Slowking
|-crit|p2a: Slowking
|-damage|p2a: Slowking|0 fnt
|faint|p2a: Slowking
|
|-weather|RainDance|[upkeep]
|upkeep
|
|t:|1769404213
|switch|p2a: Tyranitar|Tyranitar, M|100/100
|-damage|p2a: Tyranitar|88/100|[from] Spikes
|-weather|Sandstorm|[from] ability: Sand Stream|[of] p2a: Tyranitar
|turn|8
|
|t:|1769404219
|switch|p1a: Rillaboom|Rillaboom, M|100/100
|-fieldstart|move: Grassy Terrain|[from] ability: Grassy Surge|[of] p1a: Rillaboom
|move|p2a: Tyranitar|Stone Edge|p1a: Rillaboom
|-damage|p1a: Rillaboom|53/100
|
|-weather|Sandstorm|[upkeep]
|-damage|p1a: Rillaboom|47/100|[from] Sandstorm
|-heal|p1a: Rillaboom|53/100|[from] Grassy Terrain
|-heal|p2a: Tyranitar|94/100|[from] Grassy Terrain
|upkeep
|turn|9
|
|t:|1769404240
|switch|p2a: Corviknight|Corviknight, M|100/100
|move|p1a: Rillaboom|Wood Hammer|p2a: Corviknight
|-resisted|p2a: Corviknight
|-damage|p2a: Corviknight|80/100
|-damage|p1a: Rillaboom|45/100|[from] Recoil
|
|-weather|Sandstorm|[upkeep]
|-damage|p1a: Rillaboom|39/100|[from] Sandstorm
|-heal|p1a: Rillaboom|45/100|[from] Grassy Terrain
|-heal|p2a: Corviknight|86/100|[from] item: Leftovers
|upkeep
|turn|10
|
|t:|1769404255
|switch|p1a: Garganacl|Garganacl, M|100/100
|move|p2a: Corviknight|Body Press|p1a: Garganacl
|-supereffective|p1a: Garganacl
|-damage|p1a: Garganacl|81/100
|
|-weather|Sandstorm|[upkeep]
|-heal|p2a: Corviknight|92/100|[from] item: Leftovers
|-heal|p1a: Garganacl|87/100|[from] Grassy Terrain
|-heal|p1a: Garganacl|94/100|[from] item: Leftovers
|upkeep
|turn|11
|
|t:|1769404268
|switch|p2a: Reuniclus|Reuniclus, M|100/100
|move|p1a: Garganacl|Stealth Rock|p2a: Reuniclus
|-sidestart|p2: harc|move: Stealth Rock
|
|-weather|Sandstorm|[upkeep]
|-heal|p1a: Garganacl|99/100|[from] Grassy Terrain
|-heal|p1a: Garganacl|100/100|[from] item: Leftovers
|upkeep
|turn|12
|
|t:|1769404276
|move|p1a: Garganacl|Salt Cure|p2a: Reuniclus
|-damage|p2a: Reuniclus|91/100
|-start|p2a: Reuniclus|Salt Cure
|move|p2a: Reuniclus|Calm Mind|p2a: Reuniclus
|-boost|p2a: Reuniclus|spa|1
|-boost|p2a: Reuniclus|spd|1
|
|-weather|none
|-heal|p2a: Reuniclus|97/100|[from] Grassy Terrain
|-heal|p2a: Reuniclus|100/100|[from] item: Leftovers
|-fieldend|move: Grassy Terrain
|upkeep
|turn|13
|
|t:|1769404290
|switch|p1a: Rillaboom|Rillaboom, M|45/100
|-fieldstart|move: Grassy Terrain|[from] ability: Grassy Surge|[of] p1a: Rillaboom
|move|p2a: Reuniclus|Tera Blast|p1a: Rillaboom
|-damage|p1a: Rillaboom|3/100
|
|-heal|p1a: Rillaboom|10/100|[from] Grassy Terrain
|upkeep
|turn|14
|
|t:|1769404315
|move|p1a: Rillaboom|Wood Hammer|p2a: Reuniclus
|-damage|p2a: Reuniclus|32/100
|-damage|p1a: Rillaboom|0 fnt|[from] Recoil
|faint|p1a: Rillaboom
|move|p2a: Reuniclus|Tera Blast|p1: Rillaboom|[notarget]
|-fail|p2a: Reuniclus
|
|-heal|p2a: Reuniclus|38/100|[from] Grassy Terrain
|-heal|p2a: Reuniclus|44/100|[from] item: Leftovers
|upkeep
|
|t:|1769404318
|switch|p1a: Ogerpon|Ogerpon-Wellspring, F|22/100
|turn|15
|
|t:|1769404332
|switch|p2a: Hippowdon|Hippowdon, F|100/100
|-damage|p2a: Hippowdon|88/100|[from] Spikes
|-damage|p2a: Hippowdon|82/100|[from] Stealth Rock
|-weather|Sandstorm|[from] ability: Sand Stream|[of] p2a: Hippowdon
|move|p1a: Ogerpon|Horn Leech|p2a: Hippowdon
|-supereffective|p2a: Hippowdon
|-damage|p2a: Hippowdon|20/100
|-heal|p1a: Ogerpon|65/100|[from] drain|[of] p2a: Hippowdon
|
|-weather|Sandstorm|[upkeep]
|-damage|p1a: Ogerpon|59/100|[from] Sandstorm
|-heal|p1a: Ogerpon|65/100|[from] Grassy Terrain
|-heal|p2a: Hippowdon|27/100|[from] Grassy Terrain
|upkeep
|turn|16
|
|t:|1769404349
|switch|p2a: Dondozo|Dondozo, M, tera:Dragon|88/100 slp
|-damage|p2a: Dondozo|75/100 slp|[from] Spikes
|-damage|p2a: Dondozo|63/100 slp|[from] Stealth Rock
|move|p1a: Ogerpon|Ivy Cudgel|p2a: Dondozo|[anim] Ivy Cudgel Water
|-resisted|p2a: Dondozo
|-damage|p2a: Dondozo|49/100 slp
|
|-weather|Sandstorm|[upkeep]
|-damage|p1a: Ogerpon|59/100|[from] Sandstorm
|-damage|p2a: Dondozo|43/100 slp|[from] Sandstorm
|-heal|p1a: Ogerpon|65/100|[from] Grassy Terrain
|-heal|p2a: Dondozo|49/100 slp|[from] Grassy Terrain
|-heal|p2a: Dondozo|55/100 slp|[from] item: Leftovers
|upkeep
|turn|17
|
|t:|1769404362
|move|p1a: Ogerpon|Leech Seed|p2a: Dondozo
|-start|p2a: Dondozo|move: Leech Seed
|cant|p2a: Dondozo|slp
|move|p2a: Dondozo|Sleep Talk|p2a: Dondozo
|move|p2a: Dondozo|Body Press|p1a: Ogerpon|[from] move: Sleep Talk
|-damage|p1a: Ogerpon|25/100
|
|-weather|Sandstorm|[upkeep]
|-damage|p1a: Ogerpon|19/100|[from] Sandstorm
|-damage|p2a: Dondozo|49/100 slp|[from] Sandstorm
|-heal|p1a: Ogerpon|25/100|[from] Grassy Terrain
|-heal|p2a: Dondozo|55/100 slp|[from] Grassy Terrain
|-heal|p2a: Dondozo|62/100 slp|[from] item: Leftovers
|-damage|p2a: Dondozo|49/100 slp|[from] Leech Seed|[of] p1a: Ogerpon
|-heal|p1a: Ogerpon|46/100|[silent]
|-fieldend|move: Grassy Terrain
|upkeep
|turn|18
|
|t:|1769404376
|switch|p1a: Pelipper|Pelipper, M|100/100
|-weather|RainDance|[from] ability: Drizzle|[of] p1a: Pelipper
|cant|p2a: Dondozo|slp
|move|p2a: Dondozo|Sleep Talk|p2a: Dondozo
|move|p2a: Dondozo|Body Press|p1a: Pelipper|[from] move: Sleep Talk
|-resisted|p1a: Pelipper
|-damage|p1a: Pelipper|85/100
|
|-weather|RainDance|[upkeep]
|-heal|p2a: Dondozo|55/100 slp|[from] item: Leftovers
|-damage|p2a: Dondozo|43/100 slp|[from] Leech Seed|[of] p1a: Pelipper
|-heal|p1a: Pelipper|100/100|[silent]
|upkeep
|turn|19
|
|t:|1769404390
|switch|p2a: Tyranitar|Tyranitar, M|94/100
|-damage|p2a: Tyranitar|82/100|[from] Spikes
|-damage|p2a: Tyranitar|70/100|[from] Stealth Rock
|-weather|Sandstorm|[from] ability: Sand Stream|[of] p2a: Tyranitar
|move|p1a: Pelipper|Hurricane|p2a: Tyranitar
|-resisted|p2a: Tyranitar
|-damage|p2a: Tyranitar|63/100
|-start|p2a: Tyranitar|confusion
|
|-weather|Sandstorm|[upkeep]
|-damage|p1a: Pelipper|94/100|[from] Sandstorm
|upkeep
|turn|20
|
|t:|1769404402
|switch|p1a: Garganacl|Garganacl, M|100/100
|-activate|p2a: Tyranitar|confusion
|-damage|p2a: Tyranitar|54/100|[from] confusion
|
|-weather|Sandstorm|[upkeep]
|upkeep
|turn|21
|
|t:|1769404419
|switch|p2a: Reuniclus|Reuniclus, M|44/100
|move|p1a: Garganacl|Salt Cure|p2a: Reuniclus
|-damage|p2a: Reuniclus|34/100
|-start|p2a: Reuniclus|Salt Cure
|
|-weather|Sandstorm|[upkeep]
|-heal|p2a: Reuniclus|41/100|[from] item: Leftovers
|upkeep
|turn|22
|
|t:|1769404433
|switch|p1a: Pelipper|Pelipper, M|94/100
|-weather|RainDance|[from] ability: Drizzle|[of] p1a: Pelipper
|move|p2a: Reuniclus|Recover|p2a: Reuniclus
|-heal|p2a: Reuniclus|91/100
|
|-weather|RainDance|[upkeep]
|-heal|p2a: Reuniclus|97/100|[from] item: Leftovers
|upkeep
|turn|23
|
|t:|1769404445
|switch|p2a: Tyranitar|Tyranitar, M|54/100
|-damage|p2a: Tyranitar|42/100|[from] Spikes
|-damage|p2a: Tyranitar|29/100|[from] Stealth Rock
|-weather|Sandstorm|[from] ability: Sand Stream|[of] p2a: Tyranitar
|move|p1a: Pelipper|Knock Off|p2a: Tyranitar
|-resisted|p2a: Tyranitar
|-damage|p2a: Tyranitar|25/100
|-enditem|p2a: Tyranitar|Assault Vest|[from] move: Knock Off|[of] p1a: Pelipper
|
|-weather|Sandstorm|[upkeep]
|-damage|p1a: Pelipper|88/100|[from] Sandstorm
|upkeep
|turn|24
|
|t:|1769404464
|switch|p1a: Garganacl|Garganacl, M|100/100
|move|p2a: Tyranitar|Dragon Tail|p1a: Garganacl
|-damage|p1a: Garganacl|91/100
|drag|p1a: Walking Wake|Walking Wake|100/100
|
|-weather|Sandstorm|[upkeep]
|-damage|p1a: Walking Wake|94/100|[from] Sandstorm
|upkeep
|turn|25
|
|t:|1769404474
|move|p1a: Walking Wake|Hydro Steam|p2a: Tyranitar
|-supereffective|p2a: Tyranitar
|-damage|p2a: Tyranitar|0 fnt
|faint|p2a: Tyranitar
|
|-weather|Sandstorm|[upkeep]
|-damage|p1a: Walking Wake|88/100|[from] Sandstorm
|upkeep
|
|t:|1769404484
|switch|p2a: Corviknight|Corviknight, M|92/100
|-damage|p2a: Corviknight|80/100|[from] Stealth Rock
|turn|26
|
|t:|1769404490
|move|p1a: Walking Wake|Hydro Steam|p2a: Corviknight
|-damage|p2a: Corviknight|38/100
|move|p2a: Corviknight|Bulk Up|p2a: Corviknight
|-boost|p2a: Corviknight|atk|1
|-boost|p2a: Corviknight|def|1
|
|-weather|Sandstorm|[upkeep]
|-damage|p1a: Walking Wake|82/100|[from] Sandstorm
|-heal|p2a: Corviknight|45/100|[from] item: Leftovers
|upkeep
|turn|27
|
|t:|1769404499
|-terastallize|p1a: Walking Wake|Water
|move|p1a: Walking Wake|Hydro Steam|p2a: Corviknight
|-damage|p2a: Corviknight|0 fnt
|faint|p2a: Corviknight
|
|-weather|none
|upkeep
|
|t:|1769404505
|switch|p2a: Reuniclus|Reuniclus, M|97/100
|turn|28
|
|t:|1769404511
|-end|p1a: Walking Wake|Protosynthesis|[silent]
|switch|p1a: Pelipper|Pelipper, M|88/100
|-weather|RainDance|[from] ability: Drizzle|[of] p1a: Pelipper
|move|p2a: Reuniclus|Calm Mind|p2a: Reuniclus
|-boost|p2a: Reuniclus|spa|1
|-boost|p2a: Reuniclus|spd|1
|
|-weather|RainDance|[upkeep]
|-heal|p2a: Reuniclus|100/100|[from] item: Leftovers
|upkeep
|turn|29
|
|t:|1769404520
|move|p1a: Pelipper|Knock Off|p2a: Reuniclus
|-supereffective|p2a: Reuniclus
|-damage|p2a: Reuniclus|82/100
|-enditem|p2a: Reuniclus|Leftovers|[from] move: Knock Off|[of] p1a: Pelipper
|move|p2a: Reuniclus|Calm Mind|p2a: Reuniclus
|-boost|p2a: Reuniclus|spa|1
|-boost|p2a: Reuniclus|spd|1
|
|-weather|RainDance|[upkeep]
|upkeep
|turn|30
|
|t:|1769404528
|move|p1a: Pelipper|Hydro Pump|p2a: Reuniclus
|-damage|p2a: Reuniclus|45/100
|move|p2a: Reuniclus|Recover|p2a: Reuniclus
|-heal|p2a: Reuniclus|95/100
|
|-weather|RainDance|[upkeep]
|upkeep
|turn|31
|
|t:|1769404536
|move|p1a: Pelipper|Hydro Pump|p2a: Reuniclus
|-damage|p2a: Reuniclus|59/100
|move|p2a: Reuniclus|Tera Blast|p1a: Pelipper
|-damage|p1a: Pelipper|20/100
|
|-weather|RainDance|[upkeep]
|upkeep
|turn|32
|
|t:|1769404543
|move|p1a: Pelipper|Hydro Pump|p2a: Reuniclus
|-damage|p2a: Reuniclus|26/100
|move|p2a: Reuniclus|Recover|p2a: Reuniclus
|-heal|p2a: Reuniclus|76/100
|
|-weather|none
|upkeep
|turn|33
|
|t:|1769404550
|move|p1a: Pelipper|Hydro Pump|p2a: Reuniclus
|-damage|p2a: Reuniclus|52/100
|move|p2a: Reuniclus|Tera Blast|p1a: Pelipper
|-damage|p1a: Pelipper|0 fnt
|faint|p1a: Pelipper
|
|upkeep
|
|t:|1769404553
|switch|p1a: Ogerpon|Ogerpon-Wellspring, F|46/100
|turn|34
|
|t:|1769404562
|move|p1a: Ogerpon|Ivy Cudgel|p2a: Reuniclus|[anim] Ivy Cudgel Water
|-damage|p2a: Reuniclus|11/100
|move|p2a: Reuniclus|Tera Blast|p1a: Ogerpon
|-damage|p1a: Ogerpon|0 fnt
|faint|p1a: Ogerpon
|
|upkeep
|
|t:|1769404567
|switch|p1a: Cinccino|Cinccino, F|100/100
|turn|35
|
|t:|1769404572
|move|p1a: Cinccino|Knock Off|p2a: Reuniclus
|-supereffective|p2a: Reuniclus
|-damage|p2a: Reuniclus|0 fnt
|faint|p2a: Reuniclus
|
|upkeep
|
|t:|1769404576
|switch|p2a: Hippowdon|Hippowdon, F|27/100
|-damage|p2a: Hippowdon|14/100|[from] Spikes
|-damage|p2a: Hippowdon|8/100|[from] Stealth Rock
|-weather|Sandstorm|[from] ability: Sand Stream|[of] p2a: Hippowdon
|turn|36
|
|t:|1769404582
|move|p1a: Cinccino|Knock Off|p2a: Hippowdon
|-damage|p2a: Hippowdon|0 fnt
|-enditem|p2a: Hippowdon|Smooth Rock|[from] move: Knock Off|[of] p1a: Cinccino
|faint|p2a: Hippowdon
|
|-weather|Sandstorm|[upkeep]
|-damage|p1a: Cinccino|94/100|[from] Sandstorm
|upkeep
|
|t:|1769404588
|switch|p2a: Dondozo|Dondozo, M, tera:Dragon|43/100 slp
|-damage|p2a: Dondozo|30/100 slp|[from] Spikes
|-damage|p2a: Dondozo|18/100 slp|[from] Stealth Rock
|turn|37
|-message|harc forfeited.
|
|win|3anna
|raw|3anna's rating: 1298 &rarr; <strong>1322</strong><br />(+24 for winning)
|raw|harc's rating: 1285 &rarr; <strong>1261</strong><br />(-24 for losing)
|l|☆harc
|player|p2|
