|j|☆zigachad
|j|‽mike41614
|t:|1769399863
|gametype|singles
|player|p1|zigachad|unknown|1326
|player|p2|mike41614|steven|1285
|gen|9
|tier|[Gen 9] OU
|rated|
|rule|HP Percentage Mod: HP is shown in percentages
|rule|Endless Battle Clause: Forcing endless battles is banned
|rule|Species Clause: Limit one of each Pokémon
|rule|OHKO Clause: OHKO moves are banned
|rule|Evasion Items Clause: Evasion items are banned
|rule|Evasion Moves Clause: Evasion moves are banned
|rule|Evasion Abilities Clause: Evasion abilities are banned
|rule|Sleep Moves Clause: Sleep-inducing moves are banned
|clearpoke
|poke|p1|Metagross|
|poke|p1|Zapdos|
|poke|p1|Arcanine-Hisui, M|
|poke|p1|Greninja-*, M|
|poke|p1|Ogerpon, F|
|poke|p1|Great Tusk|
|poke|p2|Gholdengo|
|poke|p2|Ogerpon, F|
|poke|p2|Rillaboom, M|
|poke|p2|Samurott-Hisui, M|
|poke|p2|Glimmora, M|
|poke|p2|Raging Bolt|
|teampreview
|inactive|Battle timer is ON: inactive players will automatically lose when time's up. (requested by zigachad)
|
|t:|1769399873
|teamsize|p1|6
|teamsize|p2|6
|start
|switch|p1a: Zapdos|Zapdos|100/100
|switch|p2a: Ogerpon|Ogerpon, F|100/100
|turn|1
|
|t:|1769399902
|switch|p2a: Glimmora|Glimmora, M, shiny|100/100
|move|p1a: Zapdos|Thunder Wave|p2a: Glimmora
|-status|p2a: Glimmora|par
|
|upkeep
|turn|2
|
|t:|1769399925
|move|p1a: Zapdos|Volt Switch|p2a: Glimmora
|-damage|p2a: Glimmora|68/100 par
|
|t:|1769399935
|switch|p1a: Greninja|Greninja, M|100/100|[from] Volt Switch
|move|p2a: Glimmora|Stealth Rock|p1a: Greninja
|-sidestart|p1: zigachad|move: Stealth Rock
|
|upkeep
|turn|3
|
|t:|1769399944
|switch|p2a: Rillaboom|Rillaboom, M, shiny|100/100
|-fieldstart|move: Grassy Terrain|[from] ability: Grassy Surge|[of] p2a: Rillaboom
|move|p1a: Greninja|Hydro Pump|p2a: Rillaboom
|-resisted|p2a: Rillaboom
|-damage|p2a: Rillaboom|65/100
|
|-heal|p2a: Rillaboom|71/100|[from] Grassy Terrain
|upkeep
|turn|4
|j| HIAFH
|
|t:|1769399954
|-terastallize|p1a: Greninja|Poison
|move|p2a: Rillaboom|Grassy Glide|p1a: Greninja
|-resisted|p1a: Greninja
|-damage|p1a: Greninja|56/100
|-damage|p2a: Rillaboom|61/100|[from] item: Life Orb
|move|p1a: Greninja|Sludge Wave|p2a: Rillaboom
|-supereffective|p2a: Rillaboom
|-damage|p2a: Rillaboom|0 fnt
|faint|p2a: Rillaboom
|-ability|p1a: Greninja|Battle Bond|boost
|-boost|p1a: Greninja|atk|1
|-boost|p1a: Greninja|spa|1
|-boost|p1a: Greninja|spe|1
|-activate|p1a: Greninja|ability: Battle Bond
|
|-heal|p1a: Greninja|62/100|[from] Grassy Terrain
|upkeep
|
|t:|1769399972
|switch|p2a: Ogerpon|Ogerpon, F|100/100
|turn|5
|
|t:|1769399983
|move|p1a: Greninja|Sludge Wave|p2a: Ogerpon
|-supereffective|p2a: Ogerpon
|-damage|p2a: Ogerpon|0 fnt
|faint|p2a: Ogerpon
|
|-heal|p1a: Greninja|68/100|[from] Grassy Terrain
|upkeep
|-message|mike41614 forfeited.
|
|win|zigachad
|raw|zigachad's rating: 1326 &rarr; <strong>1344</strong><br />(+18 for winning)
|raw|mike41614's rating: 1285 &rarr; <strong>1263</strong><br />(-22 for losing)
|l|‽mike41614
|player|p2|
