|j|‽mysticryn
|j|☆pinkwalll
|t:|1769403743
|gametype|singles
|player|p1|mysticryn|brycen|1396
|player|p2|pinkwalll|battlegirl|1420
|gen|9
|tier|[Gen 9] OU
|rated|
|rule|HP Percentage Mod: HP is shown in percentages
|rule|Endless Battle Clause: Forcing endless battles is banned
|rule|Species Clause: Limit one of each Pokémon
|rule|OHKO Clause: OHKO moves are banned
|rule|Evasion Items Clause: Evasion items are banned
|rule|Evasion Moves Clause: Evasion moves are banned
|rule|Evasion Abilities Clause: Evasion abilities are banned
|rule|Sleep Moves Clause: Sleep-inducing moves are banned
|clearpoke
|poke|p1|Kyurem|
|poke|p1|Ting-Lu|
|poke|p1|Corviknight, M|
|poke|p1|Weezing-Galar, M|
|poke|p1|Zamazenta-*|
|poke|p1|Toxapex, M|
|poke|p2|Torkoal, F|
|poke|p2|Scovillain, M|
|poke|p2|Walking Wake|
|poke|p2|Hatterene, F|
|poke|p2|Great Tusk|
|poke|p2|Ceruledge, M|
|teampreview
|inactive|Battle timer is ON: inactive players will automatically lose when time's up. (requested by pinkwalll)
|inactive|mysticryn has 120 seconds left.
|
|t:|1769403779
|teamsize|p1|6
|teamsize|p2|6
|start
|switch|p1a: Kyurem|Kyurem, shiny|100/100
|switch|p2a: Torkoal|Torkoal, F|100/100
|-ability|p1a: Kyurem|Pressure
|-weather|SunnyDay|[from] ability: Drought|[of] p2a: Torkoal
|turn|1
|
|t:|1769403786
|move|p1a: Kyurem|Substitute|p1a: Kyurem
|-start|p1a: Kyurem|Substitute
|-damage|p1a: Kyurem|76/100
|move|p2a: Torkoal|Flamethrower|p1a: Kyurem
|-end|p1a: Kyurem|Substitute
|
|-weather|SunnyDay|[upkeep]
|-heal|p1a: Kyurem|82/100|[from] item: Leftovers
|upkeep
|turn|2
|
|t:|1769403790
|move|p1a: Kyurem|Earth Power|p2a: Torkoal
|-supereffective|p2a: Torkoal
|-damage|p2a: Torkoal|28/100
|move|p2a: Torkoal|Stealth Rock|p1a: Kyurem
|-sidestart|p1: mysticryn|move: Stealth Rock
|
|-weather|SunnyDay|[upkeep]
|-heal|p1a: Kyurem|88/100|[from] item: Leftovers
|upkeep
|turn|3
|
|t:|1769403803
|switch|p2a: Scovillain|Scovillain, M|100/100
|move|p1a: Kyurem|Substitute|p1a: Kyurem
|-start|p1a: Kyurem|Substitute
|-damage|p1a: Kyurem|63/100
|
|-weather|SunnyDay|[upkeep]
|-heal|p1a: Kyurem|69/100|[from] item: Leftovers
|upkeep
|turn|4
|
|t:|1769403808
|move|p1a: Kyurem|Protect|p1a: Kyurem
|-singleturn|p1a: Kyurem|Protect
|move|p2a: Scovillain|Flamethrower|p1a: Kyurem
|-activate|p1a: Kyurem|move: Protect
|
|-weather|SunnyDay|[upkeep]
|-heal|p1a: Kyurem|75/100|[from] item: Leftovers
|upkeep
|turn|5
|
|t:|1769403826
|move|p2a: Scovillain|Flamethrower|p1a: Kyurem
|-end|p1a: Kyurem|Substitute
|-damage|p2a: Scovillain|91/100|[from] item: Life Orb
|move|p1a: Kyurem|Freeze-Dry|p2a: Scovillain
|-damage|p2a: Scovillain|22/100
|
|-weather|SunnyDay|[upkeep]
|-heal|p1a: Kyurem|81/100|[from] item: Leftovers
|upkeep
|turn|6
|
|t:|1769403834
|move|p1a: Kyurem|Protect|p1a: Kyurem
|-singleturn|p1a: Kyurem|Protect
|move|p2a: Scovillain|Growth|p2a: Scovillain
|-boost|p2a: Scovillain|atk|2
|-boost|p2a: Scovillain|spa|2
|
|-weather|SunnyDay|[upkeep]
|-heal|p1a: Kyurem|88/100|[from] item: Leftovers
|upkeep
|turn|7
|
|t:|1769403843
|switch|p1a: Toxapex|Toxapex, M, shiny|100/100
|-damage|p1a: Toxapex|88/100|[from] Stealth Rock
|move|p2a: Scovillain|Flamethrower|p1a: Toxapex
|-resisted|p1a: Toxapex
|-damage|p1a: Toxapex|41/100
|-damage|p2a: Scovillain|12/100|[from] item: Life Orb
|
|-weather|SunnyDay|[upkeep]
|upkeep
|turn|8
|
|t:|1769403847
|switch|p1a: Corviknight|Corviknight, M, shiny|100/100
|-damage|p1a: Corviknight|88/100|[from] Stealth Rock
|-ability|p1a: Corviknight|Pressure
|move|p2a: Scovillain|Giga Drain|p1a: Corviknight
|-resisted|p1a: Corviknight
|-damage|p1a: Corviknight|68/100
|-heal|p2a: Scovillain|27/100|[from] drain|[of] p1a: Corviknight
|-damage|p2a: Scovillain|17/100|[from] item: Life Orb
|
|-weather|none
|upkeep
|turn|9
|
|t:|1769403854
|switch|p1a: Ting-Lu|Ting-Lu|100/100
|-damage|p1a: Ting-Lu|94/100|[from] Stealth Rock
|-ability|p1a: Ting-Lu|Vessel of Ruin
|move|p2a: Scovillain|Flamethrower|p1a: Ting-Lu
|-damage|p1a: Ting-Lu|48/100
|-damage|p2a: Scovillain|7/100|[from] item: Life Orb
|
|-heal|p1a: Ting-Lu|54/100|[from] item: Leftovers
|upkeep
|turn|10
|
|t:|1769403859
|switch|p1a: Toxapex|Toxapex, M, shiny|75/100
|-damage|p1a: Toxapex|63/100|[from] Stealth Rock
|move|p2a: Scovillain|Giga Drain|p1a: Toxapex
|-damage|p1a: Toxapex|12/100
|-heal|p2a: Scovillain|35/100|[from] drain|[of] p1a: Toxapex
|-damage|p2a: Scovillain|25/100|[from] item: Life Orb
|
|upkeep
|turn|11
|
|t:|1769403867
|switch|p1a: Corviknight|Corviknight, M, shiny|68/100
|-damage|p1a: Corviknight|55/100|[from] Stealth Rock
|-ability|p1a: Corviknight|Pressure
|move|p2a: Scovillain|Flamethrower|p1a: Corviknight
|-supereffective|p1a: Corviknight
|-damage|p1a: Corviknight|0 fnt
|faint|p1a: Corviknight
|-damage|p2a: Scovillain|15/100|[from] item: Life Orb
|
|upkeep
|
|t:|1769403870
|switch|p1a: Zamazenta|Zamazenta, shiny|100/100
|-damage|p1a: Zamazenta|94/100|[from] Stealth Rock
|-ability|p1a: Zamazenta|Dauntless Shield|boost
|-boost|p1a: Zamazenta|def|1
|turn|12
|
|t:|1769403874
|move|p1a: Zamazenta|Close Combat|p2a: Scovillain
|-damage|p2a: Scovillain|0 fnt
|-unboost|p1a: Zamazenta|def|1
|-unboost|p1a: Zamazenta|spd|1
|faint|p2a: Scovillain
|
|upkeep
|
|t:|1769403881
|switch|p2a: Torkoal|Torkoal, F|28/100
|-weather|SunnyDay|[from] ability: Drought|[of] p2a: Torkoal
|turn|13
|
|t:|1769403887
|switch|p1a: Kyurem|Kyurem, shiny|88/100
|-damage|p1a: Kyurem|63/100|[from] Stealth Rock
|-ability|p1a: Kyurem|Pressure
|switch|p2a: Hatterene|Hatterene, F, shiny|100/100
|
|-weather|SunnyDay|[upkeep]
|-heal|p1a: Kyurem|69/100|[from] item: Leftovers
|upkeep
|turn|14
|
|t:|1769403896
|move|p1a: Kyurem|Protect|p1a: Kyurem
|-singleturn|p1a: Kyurem|Protect
|move|p2a: Hatterene|Mystical Fire|p1a: Kyurem
|-activate|p1a: Kyurem|move: Protect
|
|-weather|SunnyDay|[upkeep]
|-heal|p1a: Kyurem|75/100|[from] item: Leftovers
|upkeep
|turn|15
|
|t:|1769403899
|move|p1a: Kyurem|Freeze-Dry|p2a: Hatterene
|-damage|p2a: Hatterene|66/100
|-enditem|p2a: Hatterene|Eject Button
|
|t:|1769403912
|switch|p2a: Walking Wake|Walking Wake|100/100
|-activate|p2a: Walking Wake|ability: Protosynthesis
|-start|p2a: Walking Wake|protosynthesisspa
|
|-weather|SunnyDay|[upkeep]
|-heal|p1a: Kyurem|81/100|[from] item: Leftovers
|upkeep
|turn|16
|
|t:|1769403920
|move|p1a: Kyurem|Protect|p1a: Kyurem
|-singleturn|p1a: Kyurem|Protect
|move|p2a: Walking Wake|Flamethrower|p1a: Kyurem
|-activate|p1a: Kyurem|move: Protect
|
|-weather|SunnyDay|[upkeep]
|-heal|p1a: Kyurem|87/100|[from] item: Leftovers
|upkeep
|turn|17
|
|t:|1769403923
|move|p2a: Walking Wake|Flamethrower|p1a: Kyurem
|-damage|p1a: Kyurem|7/100
|move|p1a: Kyurem|Freeze-Dry|p2a: Walking Wake
|-supereffective|p2a: Walking Wake
|-damage|p2a: Walking Wake|0 fnt
|faint|p2a: Walking Wake
|-end|p2a: Walking Wake|Protosynthesis|[silent]
|
|-weather|SunnyDay|[upkeep]
|-heal|p1a: Kyurem|13/100|[from] item: Leftovers
|upkeep
|
|t:|1769403928
|switch|p2a: Ceruledge|Ceruledge, M|100/100
|turn|18
|
|t:|1769403931
|move|p1a: Kyurem|Earth Power|p2a: Ceruledge
|-supereffective|p2a: Ceruledge
|-damage|p2a: Ceruledge|33/100
|move|p2a: Ceruledge|Swords Dance|p2a: Ceruledge
|-boost|p2a: Ceruledge|atk|2
|
|-weather|SunnyDay|[upkeep]
|-heal|p1a: Kyurem|19/100|[from] item: Leftovers
|upkeep
|turn|19
|
|t:|1769403938
|move|p2a: Ceruledge|Shadow Sneak|p1a: Kyurem
|-damage|p1a: Kyurem|0 fnt
|faint|p1a: Kyurem
|
|-weather|SunnyDay|[upkeep]
|upkeep
|
|t:|1769403940
|switch|p1a: Zamazenta|Zamazenta, shiny|94/100
|-damage|p1a: Zamazenta|88/100|[from] Stealth Rock
|turn|20
|
|t:|1769403948
|move|p1a: Zamazenta|Stone Edge|p2a: Ceruledge
|-supereffective|p2a: Ceruledge
|-damage|p2a: Ceruledge|0 fnt
|faint|p2a: Ceruledge
|
|-weather|none
|upkeep
|
|t:|1769403956
|switch|p2a: Torkoal|Torkoal, F|28/100
|-weather|SunnyDay|[from] ability: Drought|[of] p2a: Torkoal
|turn|21
|
|t:|1769403961
|move|p1a: Zamazenta|Stone Edge|p2a: Torkoal
|-supereffective|p2a: Torkoal
|-damage|p2a: Torkoal|0 fnt
|faint|p2a: Torkoal
|
|-weather|SunnyDay|[upkeep]
|upkeep
|
|t:|1769403963
|switch|p2a: Don|Great Tusk, shiny|100/100
|-activate|p2a: Don|ability: Protosynthesis
|-start|p2a: Don|protosynthesisatk
|turn|22
|
|t:|1769403967
|switch|p1a: Toxapex|Toxapex, M, shiny|46/100
|-damage|p1a: Toxapex|34/100|[from] Stealth Rock
|move|p2a: Don|Rapid Spin|p1a: Toxapex
|-damage|p1a: Toxapex|12/100
|-boost|p2a: Don|spe|1
|
|-weather|SunnyDay|[upkeep]
|upkeep
|turn|23
|
|t:|1769403972
|switch|p1a: Ting-Lu|Ting-Lu|54/100
|-damage|p1a: Ting-Lu|48/100|[from] Stealth Rock
|-ability|p1a: Ting-Lu|Vessel of Ruin
|move|p2a: Don|Rapid Spin|p1a: Ting-Lu
|-damage|p1a: Ting-Lu|34/100
|-boost|p2a: Don|spe|1
|
|-weather|SunnyDay|[upkeep]
|-heal|p1a: Ting-Lu|41/100|[from] item: Leftovers
|upkeep
|turn|24
|
|t:|1769403981
|move|p2a: Don|Ice Spinner|p1a: Ting-Lu
|-supereffective|p1a: Ting-Lu
|-damage|p1a: Ting-Lu|0 fnt
|faint|p1a: Ting-Lu
|
|-weather|SunnyDay|[upkeep]
|upkeep
|
|t:|1769403985
|switch|p1a: Weezing|Weezing-Galar, M, shiny|100/100
|-ability|p1a: Weezing|Neutralizing Gas
|turn|25
|
|t:|1769403997
|-terastallize|p2a: Don|Steel
|-terastallize|p1a: Weezing|Fairy
|move|p2a: Don|Temper Flare|p1a: Weezing
|-damage|p1a: Weezing|74/100
|move|p1a: Weezing|Strange Steam|p2a: Don
|-resisted|p2a: Don
|-crit|p2a: Don
|-damage|p2a: Don|62/100
|-start|p2a: Don|confusion
|
|-weather|SunnyDay|[upkeep]
|upkeep
|turn|26
|
|t:|1769404007
|-activate|p2a: Don|confusion
|-damage|p2a: Don|52/100|[from] confusion
|move|p1a: Weezing|Will-O-Wisp|p2a: Don|[miss]
|-miss|p1a: Weezing|p2a: Don
|
|-weather|SunnyDay|[upkeep]
|upkeep
|turn|27
|
|t:|1769404011
|-activate|p2a: Don|confusion
|move|p2a: Don|Temper Flare|p1a: Weezing
|-damage|p1a: Weezing|19/100
|move|p1a: Weezing|Will-O-Wisp|p2a: Don
|-status|p2a: Don|brn
|
|-weather|SunnyDay|[upkeep]
|-damage|p2a: Don|46/100 brn|[from] brn
|upkeep
|turn|28
|
|t:|1769404016
|-end|p2a: Don|confusion
|move|p2a: Don|Temper Flare|p1a: Weezing
|-damage|p1a: Weezing|5/100
|move|p1a: Weezing|Pain Split|p2a: Don
|-sethp|p2a: Don|25/100 brn|[from] move: Pain Split|[silent]
|-sethp|p1a: Weezing|28/100|[from] move: Pain Split
|
|-weather|none
|-damage|p2a: Don|19/100 brn|[from] brn
|upkeep
|turn|29
|
|t:|1769404024
|move|p2a: Don|Temper Flare|p1a: Weezing
|-damage|p1a: Weezing|18/100
|move|p1a: Weezing|Defog|p2a: Don
|-unboost|p2a: Don|evasion|1
|-sideend|p1: mysticryn|Stealth Rock|[from] move: Defog|[of] p1a: Weezing
|
|-damage|p2a: Don|13/100 brn|[from] brn
|upkeep
|turn|30
|
|t:|1769404028
|move|p2a: Don|Temper Flare|p1a: Weezing
|-damage|p1a: Weezing|9/100
|move|p1a: Weezing|Strange Steam|p2a: Don
|-resisted|p2a: Don
|-damage|p2a: Don|0 fnt
|faint|p2a: Don
|-end|p2a: Don|Protosynthesis|[silent]
|
|upkeep
|
|t:|1769404032
|switch|p2a: Hatterene|Hatterene, F, shiny|66/100
|turn|31
|
|t:|1769404035
|move|p1a: Weezing|Will-O-Wisp|p2a: Hatterene
|-status|p2a: Hatterene|brn
|move|p2a: Hatterene|Healing Wish||[still]
|-fail|p2a: Hatterene
|
|-damage|p2a: Hatterene|60/100 brn|[from] brn
|upkeep
|turn|32
|
|t:|1769404039
|move|p1a: Weezing|Pain Split|p2a: Hatterene
|-sethp|p2a: Hatterene|34/100 brn|[from] move: Pain Split|[silent]
|-sethp|p1a: Weezing|33/100|[from] move: Pain Split
|move|p2a: Hatterene|Draining Kiss|p1a: Weezing
|-damage|p1a: Weezing|1/100
|-heal|p2a: Hatterene|59/100 brn|[from] drain|[of] p1a: Weezing
|
|-damage|p2a: Hatterene|53/100 brn|[from] brn
|upkeep
|turn|33
|
|t:|1769404043
|move|p1a: Weezing|Pain Split|p2a: Hatterene
|-sethp|p2a: Hatterene|27/100 brn|[from] move: Pain Split|[silent]
|-sethp|p1a: Weezing|26/100|[from] move: Pain Split
|move|p2a: Hatterene|Draining Kiss|p1a: Weezing
|-damage|p1a: Weezing|0 fnt
|-heal|p2a: Hatterene|47/100 brn|[from] drain|[of] p1a: Weezing
|faint|p1a: Weezing
|-end|p1a: Weezing|ability: Neutralizing Gas
|
|-damage|p2a: Hatterene|41/100 brn|[from] brn
|upkeep
|
|t:|1769404046
|switch|p1a: Zamazenta|Zamazenta, shiny|88/100
|turn|34
|
|t:|1769404051
|move|p1a: Zamazenta|Heavy Slam|p2a: Hatterene
|-supereffective|p2a: Hatterene
|-damage|p2a: Hatterene|0 fnt
|faint|p2a: Hatterene
|
|win|mysticryn
|raw|mysticryn's rating: 1396 &rarr; <strong>1417</strong><br />(+21 for winning)
|raw|pinkwalll's rating: 1420 &rarr; <strong>1399</strong><br />(-21 for losing)
|l|☆pinkwalll
|player|p2|
|l|‽mysticryn
|player|p1|
