|j|☆rex2121
|j|☆Cerberus 17
|t:|1769369247
|gametype|singles
|player|p1|rex2121|benga|1519
|player|p2|Cerberus 17|cynthia-gen4|1508
|gen|9
|tier|[Gen 9] OU
|rated|
|rule|HP Percentage Mod: HP is shown in percentages
|rule|Endless Battle Clause: Forcing endless battles is banned
|rule|Species Clause: Limit one of each Pokémon
|rule|OHKO Clause: OHKO moves are banned
|rule|Evasion Items Clause: Evasion items are banned
|rule|Evasion Moves Clause: Evasion moves are banned
|rule|Evasion Abilities Clause: Evasion abilities are banned
|rule|Sleep Moves Clause: Sleep-inducing moves are banned
|clearpoke
|poke|p1|Moltres-Galar|
|poke|p1|Ogerpon-Wellspring, F|
|poke|p1|Deoxys-Speed|
|poke|p1|Zamazenta-*|
|poke|p1|Glimmora, F|
|poke|p1|Armarouge, F|
|poke|p2|Tyranitar, F|
|poke|p2|Excadrill, F|
|poke|p2|Moltres|
|poke|p2|Pecharunt|
|poke|p2|Great Tusk|
|poke|p2|Sinistcha-Masterpiece|
|teampreview
|inactive|Battle timer is ON: inactive players will automatically lose when time's up. (requested by Cerberus 17)
|
|t:|1769369262
|teamsize|p1|6
|teamsize|p2|6
|start
|switch|p1a: Deoxys|Deoxys-Speed|100/100
|switch|p2a: Excadrill|Excadrill, F|100/100
|-ability|p1a: Deoxys|Pressure
|turn|1
|
|t:|1769369268
|switch|p2a: Tyranitar|Tyranitar, F|100/100
|-weather|Sandstorm|[from] ability: Sand Stream|[of] p2a: Tyranitar
|move|p1a: Deoxys|Taunt|p2a: Tyranitar
|-start|p2a: Tyranitar|move: Taunt
|
|-weather|Sandstorm|[upkeep]
|-damage|p1a: Deoxys|95/100|[from] Sandstorm
|upkeep
|turn|2
|
|t:|1769369274
|move|p1a: Deoxys|Reflect|p1a: Deoxys
|-sidestart|p1: rex2121|Reflect
|move|p2a: Tyranitar|Knock Off|p1a: Deoxys
|-supereffective|p1a: Deoxys
|-damage|p1a: Deoxys|40/100
|-enditem|p1a: Deoxys|Light Clay|[from] move: Knock Off|[of] p2a: Tyranitar
|
|-weather|Sandstorm|[upkeep]
|-damage|p1a: Deoxys|34/100|[from] Sandstorm
|upkeep
|turn|3
|
|t:|1769369284
|move|p1a: Deoxys|Light Screen|p1a: Deoxys
|-sidestart|p1: rex2121|move: Light Screen
|move|p2a: Tyranitar|Knock Off|p1a: Deoxys
|-supereffective|p1a: Deoxys
|-damage|p1a: Deoxys|0 fnt
|faint|p1a: Deoxys
|
|-weather|Sandstorm|[upkeep]
|-end|p2a: Tyranitar|move: Taunt
|upkeep
|
|t:|1769369291
|switch|p1a: Ogerpon|Ogerpon-Wellspring, F|100/100
|turn|4
|
|t:|1769369295
|switch|p2a: Sinistcha|Sinistcha-Masterpiece|100/100
|move|p1a: Ogerpon|Swords Dance|p1a: Ogerpon
|-boost|p1a: Ogerpon|atk|2
|
|-weather|Sandstorm|[upkeep]
|-damage|p1a: Ogerpon|95/100|[from] Sandstorm
|-damage|p2a: Sinistcha|94/100|[from] Sandstorm
|-heal|p2a: Sinistcha|100/100|[from] item: Leftovers
|upkeep
|turn|5
|
|t:|1769369300
|move|p1a: Ogerpon|Play Rough|p2a: Sinistcha
|-damage|p2a: Sinistcha|43/100
|move|p2a: Sinistcha|Strength Sap|p1a: Ogerpon
|-unboost|p1a: Ogerpon|atk|1
|-heal|p2a: Sinistcha|100/100
|
|-weather|Sandstorm|[upkeep]
|-damage|p1a: Ogerpon|89/100|[from] Sandstorm
|-damage|p2a: Sinistcha|94/100|[from] Sandstorm
|-heal|p2a: Sinistcha|100/100|[from] item: Leftovers
|upkeep
|turn|6
|
|t:|1769369306
|move|p1a: Ogerpon|Swords Dance|p1a: Ogerpon
|-boost|p1a: Ogerpon|atk|2
|move|p2a: Sinistcha|Matcha Gotcha|p1a: Ogerpon
|-damage|p1a: Ogerpon|68/100
|
|-weather|Sandstorm|[upkeep]
|-damage|p1a: Ogerpon|62/100|[from] Sandstorm
|-damage|p2a: Sinistcha|94/100|[from] Sandstorm
|-heal|p2a: Sinistcha|100/100|[from] item: Leftovers
|upkeep
|turn|7
|
|t:|1769369311
|move|p1a: Ogerpon|Play Rough|p2a: Sinistcha
|-damage|p2a: Sinistcha|28/100
|move|p2a: Sinistcha|Strength Sap|p1a: Ogerpon
|-unboost|p1a: Ogerpon|atk|1
|-heal|p2a: Sinistcha|100/100
|
|-weather|Sandstorm|[upkeep]
|-damage|p1a: Ogerpon|56/100|[from] Sandstorm
|-damage|p2a: Sinistcha|94/100|[from] Sandstorm
|-heal|p2a: Sinistcha|100/100|[from] item: Leftovers
|-sideend|p1: rex2121|move: Light Screen
|upkeep
|turn|8
|
|t:|1769369318
|move|p1a: Ogerpon|Swords Dance|p1a: Ogerpon
|-boost|p1a: Ogerpon|atk|2
|move|p2a: Sinistcha|Strength Sap|p1a: Ogerpon
|-unboost|p1a: Ogerpon|atk|1
|
|-weather|none
|upkeep
|turn|9
|
|t:|1769369323
|move|p1a: Ogerpon|Play Rough|p2a: Sinistcha
|-damage|p2a: Sinistcha|25/100
|-unboost|p2a: Sinistcha|atk|1
|move|p2a: Sinistcha|Matcha Gotcha|p1a: Ogerpon
|-damage|p1a: Ogerpon|20/100
|-heal|p2a: Sinistcha|40/100|[from] drain|[of] p1a: Ogerpon
|
|-heal|p2a: Sinistcha|46/100|[from] item: Leftovers
|-sideend|p1: rex2121|Reflect
|upkeep
|turn|10
|
|t:|1769369338
|switch|p2a: Moltres|Moltres|100/100
|move|p1a: Ogerpon|Ivy Cudgel|p2a: Moltres|[anim] Ivy Cudgel Water
|-supereffective|p2a: Moltres
|-damage|p2a: Moltres|0 fnt
|faint|p2a: Moltres
|
|upkeep
|
|t:|1769369354
|switch|p2a: Tyranitar|Tyranitar, F|100/100
|-weather|Sandstorm|[from] ability: Sand Stream|[of] p2a: Tyranitar
|turn|11
|
|t:|1769369358
|switch|p2a: Sinistcha|Sinistcha-Masterpiece|46/100
|move|p1a: Ogerpon|Trailblaze|p2a: Sinistcha
|-resisted|p2a: Sinistcha
|-damage|p2a: Sinistcha|19/100
|-boost|p1a: Ogerpon|spe|1
|
|-weather|Sandstorm|[upkeep]
|-damage|p1a: Ogerpon|14/100|[from] Sandstorm
|-damage|p2a: Sinistcha|13/100|[from] Sandstorm
|-heal|p2a: Sinistcha|19/100|[from] item: Leftovers
|upkeep
|turn|12
|
|t:|1769369369
|switch|p2a: Pecharunt|Pecharunt|100/100
|move|p1a: Ogerpon|Trailblaze|p2a: Pecharunt
|-resisted|p2a: Pecharunt
|-damage|p2a: Pecharunt|82/100
|-boost|p1a: Ogerpon|spe|1
|-damage|p1a: Ogerpon|0 fnt|[from] item: Rocky Helmet|[of] p2a: Pecharunt
|faint|p1a: Ogerpon
|
|-weather|Sandstorm|[upkeep]
|-damage|p2a: Pecharunt|76/100|[from] Sandstorm
|upkeep
|inactive|rex2121 has 120 seconds left.
|
|t:|1769369395
|switch|p1a: Moltres|Moltres-Galar|100/100
|turn|13
|
|t:|1769369408
|switch|p1a: Glimmora|Glimmora, F|100/100
|switch|p2a: Sinistcha|Sinistcha-Masterpiece|19/100
|
|-weather|Sandstorm|[upkeep]
|-damage|p2a: Sinistcha|13/100|[from] Sandstorm
|-heal|p2a: Sinistcha|19/100|[from] item: Leftovers
|upkeep
|turn|14
|
|t:|1769369413
|move|p1a: Glimmora|Mortal Spin|p2a: Sinistcha
|-damage|p2a: Sinistcha|14/100
|-status|p2a: Sinistcha|psn
|move|p2a: Sinistcha|Matcha Gotcha|p1a: Glimmora
|-damage|p1a: Glimmora|72/100
|-heal|p2a: Sinistcha|27/100 psn|[from] drain|[of] p1a: Glimmora
|
|-weather|Sandstorm|[upkeep]
|-damage|p2a: Sinistcha|21/100 psn|[from] Sandstorm
|-heal|p2a: Sinistcha|27/100 psn|[from] item: Leftovers
|-damage|p2a: Sinistcha|14/100 psn|[from] psn
|upkeep
|turn|15
|
|t:|1769369426
|move|p1a: Glimmora|Stealth Rock|p2a: Sinistcha
|-sidestart|p2: Cerberus 17|move: Stealth Rock
|move|p2a: Sinistcha|Matcha Gotcha|p1a: Glimmora
|-damage|p1a: Glimmora|41/100
|-heal|p2a: Sinistcha|28/100 psn|[from] drain|[of] p1a: Glimmora
|
|-weather|Sandstorm|[upkeep]
|-damage|p2a: Sinistcha|22/100 psn|[from] Sandstorm
|-heal|p2a: Sinistcha|28/100 psn|[from] item: Leftovers
|-damage|p2a: Sinistcha|16/100 psn|[from] psn
|upkeep
|turn|16
|
|t:|1769369439
|move|p1a: Glimmora|Earth Power|p2a: Sinistcha
|-resisted|p2a: Sinistcha
|-damage|p2a: Sinistcha|0 fnt
|faint|p2a: Sinistcha
|
|-weather|Sandstorm|[upkeep]
|upkeep
|
|t:|1769369449
|switch|p2a: Excadrill|Excadrill, F|100/100
|-damage|p2a: Excadrill|97/100|[from] Stealth Rock
|turn|17
|
|t:|1769369458
|move|p2a: Excadrill|Iron Head|p1a: Glimmora
|-supereffective|p1a: Glimmora
|-damage|p1a: Glimmora|0 fnt
|-activate|p1a: Glimmora|ability: Toxic Debris
|-sidestart|p2: Cerberus 17|move: Toxic Spikes
|faint|p1a: Glimmora
|
|-weather|Sandstorm|[upkeep]
|upkeep
|
|t:|1769369470
|switch|p1a: Zamazenta|Zamazenta|100/100
|-ability|p1a: Zamazenta|Dauntless Shield|boost
|-boost|p1a: Zamazenta|def|1
|turn|18
|
|t:|1769369477
|switch|p2a: Pecharunt|Pecharunt|76/100
|-damage|p2a: Pecharunt|64/100|[from] Stealth Rock
|-sideend|p2: Cerberus 17|move: Toxic Spikes|[of] p2a: Pecharunt
|-terastallize|p1a: Zamazenta|Steel
|move|p1a: Zamazenta|Body Press|p2a: Pecharunt
|-immune|p2a: Pecharunt
|
|-weather|none
|upkeep
|turn|19
|
|t:|1769369492
|move|p1a: Zamazenta|Iron Defense|p1a: Zamazenta
|-boost|p1a: Zamazenta|def|2
|move|p2a: Pecharunt|Parting Shot|p1a: Zamazenta
|-unboost|p1a: Zamazenta|atk|1
|-unboost|p1a: Zamazenta|spa|1
|
|t:|1769369501
|switch|p2a: Great Tusk|Great Tusk|100/100|[from] Parting Shot
|
|upkeep
|turn|20
|
|t:|1769369509
|move|p1a: Zamazenta|Body Press|p2a: Great Tusk
|-damage|p2a: Great Tusk|28/100
|move|p2a: Great Tusk|Rapid Spin|p1a: Zamazenta
|-resisted|p1a: Zamazenta
|-damage|p1a: Zamazenta|98/100
|-boost|p2a: Great Tusk|spe|1
|-sideend|p2: Cerberus 17|Stealth Rock|[from] move: Rapid Spin|[of] p2a: Great Tusk
|
|-heal|p1a: Zamazenta|100/100|[from] item: Leftovers
|upkeep
|turn|21
|
|t:|1769369517
|-end|p2a: Great Tusk|Protosynthesis|[silent]
|switch|p2a: Pecharunt|Pecharunt|64/100
|move|p1a: Zamazenta|Body Press|p2a: Pecharunt
|-immune|p2a: Pecharunt
|
|upkeep
|turn|22
|
|t:|1769369520
|move|p1a: Zamazenta|Iron Defense|p1a: Zamazenta
|-boost|p1a: Zamazenta|def|2
|move|p2a: Pecharunt|Hex|p1a: Zamazenta
|-damage|p1a: Zamazenta|83/100
|
|-heal|p1a: Zamazenta|89/100|[from] item: Leftovers
|upkeep
|turn|23
|
|t:|1769369528
|move|p2a: Pecharunt|Hex|p1a: Zamazenta
|-damage|p1a: Zamazenta|69/100
|move|p1a: Zamazenta|Roar|p2a: Pecharunt
|drag|p2a: Tyranitar|Tyranitar, F|100/100
|-weather|Sandstorm|[from] ability: Sand Stream|[of] p2a: Tyranitar
|
|-weather|Sandstorm|[upkeep]
|-heal|p1a: Zamazenta|76/100|[from] item: Leftovers
|upkeep
|turn|24
|
|t:|1769369541
|switch|p2a: Pecharunt|Pecharunt|64/100
|move|p1a: Zamazenta|Roar|p2a: Pecharunt
|drag|p2a: Great Tusk|Great Tusk|28/100
|
|-weather|Sandstorm|[upkeep]
|-heal|p1a: Zamazenta|82/100|[from] item: Leftovers
|upkeep
|turn|25
|
|t:|1769369545
|move|p1a: Zamazenta|Body Press|p2a: Great Tusk
|-damage|p2a: Great Tusk|0 fnt
|faint|p2a: Great Tusk
|-end|p2a: Great Tusk|Protosynthesis|[silent]
|
|-weather|Sandstorm|[upkeep]
|-heal|p1a: Zamazenta|88/100|[from] item: Leftovers
|upkeep
|
|t:|1769369549
|switch|p2a: Pecharunt|Pecharunt|64/100
|turn|26
|
|t:|1769369571
|move|p2a: Pecharunt|Recover|p2a: Pecharunt
|-heal|p2a: Pecharunt|100/100
|move|p1a: Zamazenta|Roar|p2a: Pecharunt
|drag|p2a: Tyranitar|Tyranitar, F|100/100
|
|-weather|Sandstorm|[upkeep]
|-heal|p1a: Zamazenta|94/100|[from] item: Leftovers
|upkeep
|turn|27
|inactive|rex2121 has 120 seconds left.
|
|t:|1769369593
|move|p1a: Zamazenta|Body Press|p2a: Tyranitar
|-supereffective|p2a: Tyranitar
|-damage|p2a: Tyranitar|0 fnt
|faint|p2a: Tyranitar
|
|-weather|Sandstorm|[upkeep]
|-heal|p1a: Zamazenta|99/100|[from] item: Leftovers
|upkeep
|
|t:|1769369606
|switch|p2a: Excadrill|Excadrill, F|97/100
|turn|28
|c|☆rex2121|gg
|
|t:|1769369609
|move|p2a: Excadrill|Earthquake|p1a: Zamazenta
|-supereffective|p1a: Zamazenta
|-damage|p1a: Zamazenta|63/100
|move|p1a: Zamazenta|Body Press|p2a: Excadrill
|-supereffective|p2a: Excadrill
|-damage|p2a: Excadrill|0 fnt
|faint|p2a: Excadrill
|
|-weather|Sandstorm|[upkeep]
|-heal|p1a: Zamazenta|69/100|[from] item: Leftovers
|upkeep
|-message|Cerberus 17 forfeited.
|
|win|rex2121
|raw|rex2121's rating: 1519 &rarr; <strong>1538</strong><br />(+19 for winning)
|raw|Cerberus 17's rating: 1508 &rarr; <strong>1489</strong><br />(-19 for losing)
|l|☆Cerberus 17
|player|p2|
|l|☆rex2121
|player|p1|
