|j|☆1alphq
|j|☆FUKNNlGERRAPlST69
|t:|1769320351
|gametype|singles
|player|p1|1alphq|zinnia|1285
|player|p2|FUKNNlGERRAPlST69|265|1241
|gen|9
|tier|[Gen 9] OU
|rated|
|rule|HP Percentage Mod: HP is shown in percentages
|rule|Endless Battle Clause: Forcing endless battles is banned
|rule|Species Clause: Limit one of each Pokémon
|rule|OHKO Clause: OHKO moves are banned
|rule|Evasion Items Clause: Evasion items are banned
|rule|Evasion Moves Clause: Evasion moves are banned
|rule|Evasion Abilities Clause: Evasion abilities are banned
|rule|Sleep Moves Clause: Sleep-inducing moves are banned
|clearpoke
|poke|p1|Landorus-Therian, M|
|poke|p1|Samurott-Hisui, F|
|poke|p1|Glimmora, M|
|poke|p1|Ogerpon, F|
|poke|p1|Slowking-Galar, M|
|poke|p1|Dragapult, F|
|poke|p2|Barraskewda, M|
|poke|p2|Iron Treads|
|poke|p2|Hatterene, F|
|poke|p2|Zapdos|
|poke|p2|Pelipper, F|
|poke|p2|Toxicroak, F|
|teampreview
|
|t:|1769320360
|teamsize|p1|6
|teamsize|p2|6
|start
|switch|p1a: Glimmora|Glimmora, M|100/100
|switch|p2a: Pelipper|Pelipper, F, shiny|100/100
|-item|p1a: Glimmora|Air Balloon
|-weather|RainDance|[from] ability: Drizzle|[of] p2a: Pelipper
|turn|1
|
|t:|1769320365
|switch|p2a: Hatterene|Hatterene, F, shiny|100/100
|move|p1a: Glimmora|Stealth Rock|p2a: Hatterene
|move|p2a: Hatterene|Stealth Rock|p1a: Glimmora|[from] ability: Magic Bounce
|-sidestart|p1: 1alphq|move: Stealth Rock
|
|-weather|RainDance|[upkeep]
|upkeep
|turn|2
|
|t:|1769320369
|switch|p2a: Iron Treads|Iron Treads, shiny|100/100
|move|p1a: Glimmora|Mortal Spin|p2a: Iron Treads
|-immune|p2a: Iron Treads
|
|-weather|RainDance|[upkeep]
|upkeep
|turn|3
|
|t:|1769320375
|move|p1a: Glimmora|Mortal Spin|p2a: Iron Treads
|-immune|p2a: Iron Treads
|move|p2a: Iron Treads|Rapid Spin|p1a: Glimmora
|-resisted|p1a: Glimmora
|-damage|p1a: Glimmora|95/100
|-boost|p2a: Iron Treads|spe|1
|-activate|p1a: Glimmora|ability: Toxic Debris
|-sidestart|p2: FUKNNlGERRAPlST69|move: Toxic Spikes
|-enditem|p1a: Glimmora|Air Balloon
|-sideend|p2: FUKNNlGERRAPlST69|Toxic Spikes|[from] move: Rapid Spin|[of] p2a: Iron Treads
|
|-weather|RainDance|[upkeep]
|upkeep
|turn|4
|
|t:|1769320383
|-end|p2a: Iron Treads|Quark Drive|[silent]
|switch|p2a: Zapdos|Zapdos, shiny|100/100
|move|p1a: Glimmora|Earth Power|p2a: Zapdos
|-immune|p2a: Zapdos
|
|-weather|RainDance|[upkeep]
|upkeep
|turn|5
|
|t:|1769320395
|switch|p1a: Slowking|Slowking-Galar, M|100/100
|-damage|p1a: Slowking|88/100|[from] Stealth Rock
|move|p2a: Zapdos|Weather Ball|p1a: Slowking
|-crit|p1a: Slowking
|-damage|p1a: Slowking|0 fnt
|faint|p1a: Slowking
|
|-weather|RainDance|[upkeep]
|upkeep
|
|t:|1769320400
|switch|p1a: Landorus|Landorus-Therian, M|100/100
|-damage|p1a: Landorus|88/100|[from] Stealth Rock
|-ability|p1a: Landorus|Intimidate|boost
|-unboost|p2a: Zapdos|atk|1
|turn|6
|
|t:|1769320405
|move|p1a: Landorus|Stone Edge|p2a: Zapdos
|-supereffective|p2a: Zapdos
|-damage|p2a: Zapdos|1/100
|move|p2a: Zapdos|Weather Ball|p1a: Landorus
|-supereffective|p1a: Landorus
|-damage|p1a: Landorus|0 fnt
|faint|p1a: Landorus
|
|-weather|RainDance|[upkeep]
|upkeep
|c|☆1alphq|OK.
|inactive|Battle timer is ON: inactive players will automatically lose when time's up. (requested by FUKNNlGERRAPlST69)
|
|t:|1769320415
|switch|p1a: Ogerpon|Ogerpon, F|100/100
|turn|7
|
|t:|1769320423
|switch|p2a: Toxicroak|Toxicroak, F, shiny|100/100
|move|p1a: Ogerpon|Knock Off|p2a: Toxicroak
|-resisted|p2a: Toxicroak
|-damage|p2a: Toxicroak|87/100
|-damage|p1a: Ogerpon|84/100|[from] item: Rocky Helmet|[of] p2a: Toxicroak
|-enditem|p2a: Toxicroak|Rocky Helmet|[from] move: Knock Off|[of] p1a: Ogerpon
|
|-weather|RainDance|[upkeep]
|-heal|p2a: Toxicroak|99/100|[from] ability: Dry Skin
|upkeep
|turn|8
|
|t:|1769320432
|switch|p1a: Glimmora|Glimmora, M|95/100
|-damage|p1a: Glimmora|82/100|[from] Stealth Rock
|move|p2a: Toxicroak|Toxic|p1a: Glimmora
|-immune|p1a: Glimmora
|
|-weather|none
|upkeep
|turn|9
|
|t:|1769320439
|switch|p2a: Iron Treads|Iron Treads, shiny|100/100
|move|p1a: Glimmora|Earth Power|p2a: Iron Treads
|-supereffective|p2a: Iron Treads
|-damage|p2a: Iron Treads|56/100
|
|-heal|p2a: Iron Treads|62/100|[from] item: Leftovers
|upkeep
|turn|10
|
|t:|1769320445
|move|p1a: Glimmora|Toxic Spikes|p2a: Iron Treads
|-sidestart|p2: FUKNNlGERRAPlST69|move: Toxic Spikes
|move|p2a: Iron Treads|Earthquake|p1a: Glimmora
|-supereffective|p1a: Glimmora
|-damage|p1a: Glimmora|0 fnt
|-activate|p1a: Glimmora|ability: Toxic Debris
|-sidestart|p2: FUKNNlGERRAPlST69|move: Toxic Spikes
|faint|p1a: Glimmora
|
|-heal|p2a: Iron Treads|69/100|[from] item: Leftovers
|upkeep
|
|t:|1769320449
|switch|p1a: Ogerpon|Ogerpon, F|84/100
|turn|11
|
|t:|1769320457
|switch|p1a: Dragapult|Dragapult, F|100/100
|-end|p2a: Iron Treads|Quark Drive|[silent]
|switch|p2a: Toxicroak|Toxicroak, F, shiny|99/100
|-sideend|p2: FUKNNlGERRAPlST69|move: Toxic Spikes|[of] p2a: Toxicroak
|
|upkeep
|turn|12
|
|t:|1769320466
|switch|p2a: Hatterene|Hatterene, F, shiny|100/100
|move|p1a: Dragapult|Will-O-Wisp|p2a: Hatterene
|move|p2a: Hatterene|Will-O-Wisp|p1a: Dragapult|[from] ability: Magic Bounce
|-status|p1a: Dragapult|brn
|
|-damage|p1a: Dragapult|95/100 brn|[from] brn
|upkeep
|turn|13
|-message|1alphq forfeited.
|
|win|FUKNNlGERRAPlST69
|raw|1alphq's rating: 1285 &rarr; <strong>1257</strong><br />(-28 for losing)
|raw|FUKNNlGERRAPlST69's rating: 1241 &rarr; <strong>1269</strong><br />(+28 for winning)
|l|☆1alphq
|player|p1|
