|j|☆I will eat another
|j|☆mimmo_14
|t:|1769371248
|gametype|singles
|player|p1|I will eat another|plasmagrunt|1214
|player|p2|mimmo_14|266|1169
|gen|9
|tier|[Gen 9] OU
|rated|
|rule|HP Percentage Mod: HP is shown in percentages
|rule|Endless Battle Clause: Forcing endless battles is banned
|rule|Species Clause: Limit one of each Pokémon
|rule|OHKO Clause: OHKO moves are banned
|rule|Evasion Items Clause: Evasion items are banned
|rule|Evasion Moves Clause: Evasion moves are banned
|rule|Evasion Abilities Clause: Evasion abilities are banned
|rule|Sleep Moves Clause: Sleep-inducing moves are banned
|clearpoke
|poke|p1|Breloom, F|
|poke|p1|Swinub, M|
|poke|p1|Iron Crown|
|poke|p1|Glimmora, M|
|poke|p1|Talonflame, M|
|poke|p1|Greninja-*, M|
|poke|p2|Pecharunt|
|poke|p2|Iron Boulder|
|poke|p2|Rotom-Wash|
|poke|p2|Raging Bolt|
|poke|p2|Cinderace, M|
|poke|p2|Great Tusk|
|teampreview
|inactive|Battle timer is ON: inactive players will automatically lose when time's up. (requested by I will eat another)
|
|t:|1769371256
|teamsize|p1|6
|teamsize|p2|6
|start
|switch|p1a: Kapilz|Breloom, F|100/100
|switch|p2a: Rotom|Rotom-Wash|100/100
|turn|1
|
|t:|1769371261
|move|p1a: Kapilz|Bullet Seed|p2a: Rotom
|-supereffective|p2a: Rotom
|-damage|p2a: Rotom|45/100
|-supereffective|p2a: Rotom
|-damage|p2a: Rotom|0 fnt
|faint|p2a: Rotom
|-hitcount|p2: Rotom|2
|-damage|p1a: Kapilz|91/100|[from] item: Life Orb
|
|upkeep
|
|t:|1769371265
|switch|p2a: Pecharunt|Pecharunt|100/100
|turn|2
|
|t:|1769371270
|switch|p1a: Lumiflora|Glimmora, M|100/100
|move|p2a: Pecharunt|Parting Shot|p1a: Lumiflora
|-unboost|p1a: Lumiflora|atk|1
|-unboost|p1a: Lumiflora|spa|1
|
|t:|1769371278
|switch|p2a: Great Tusk|Great Tusk, shiny|100/100|[from] Parting Shot
|
|upkeep
|turn|3
|
|t:|1769371282
|switch|p1a: Fiaro|Talonflame, M|100/100
|move|p2a: Great Tusk|Bulk Up|p2a: Great Tusk
|-boost|p2a: Great Tusk|atk|1
|-boost|p2a: Great Tusk|def|1
|
|upkeep
|turn|4
|
|t:|1769371287
|-end|p2a: Great Tusk|Protosynthesis|[silent]
|switch|p2a: Iron Boulder|Iron Boulder|100/100
|-enditem|p2a: Iron Boulder|Booster Energy
|-activate|p2a: Iron Boulder|ability: Quark Drive|[fromitem]
|-start|p2a: Iron Boulder|quarkdrivespe
|move|p1a: Fiaro|Will-O-Wisp|p2a: Iron Boulder
|-status|p2a: Iron Boulder|brn
|
|-damage|p2a: Iron Boulder|94/100 brn|[from] brn
|upkeep
|turn|5
|
|t:|1769371302
|switch|p1a: Quajutsu|Greninja, M|100/100
|move|p2a: Iron Boulder|Swords Dance|p2a: Iron Boulder
|-boost|p2a: Iron Boulder|atk|2
|
|-damage|p2a: Iron Boulder|88/100 brn|[from] brn
|upkeep
|turn|6
|
|t:|1769371309
|-terastallize|p2a: Iron Boulder|Fighting
|move|p2a: Iron Boulder|Close Combat|p1a: Quajutsu
|-supereffective|p1a: Quajutsu
|-damage|p1a: Quajutsu|0 fnt
|-unboost|p2a: Iron Boulder|def|1
|-unboost|p2a: Iron Boulder|spd|1
|faint|p1a: Quajutsu
|
|-damage|p2a: Iron Boulder|82/100 brn|[from] brn
|upkeep
|
|t:|1769371319
|switch|p1a: Lumiflora|Glimmora, M|100/100
|turn|7
|
|t:|1769371322
|move|p2a: Iron Boulder|Psycho Cut|p1a: Lumiflora
|-supereffective|p1a: Lumiflora
|-damage|p1a: Lumiflora|17/100
|-activate|p1a: Lumiflora|ability: Toxic Debris
|-sidestart|p2: mimmo_14|move: Toxic Spikes
|move|p1a: Lumiflora|Meteor Beam||[still]
|-prepare|p1a: Lumiflora|Meteor Beam
|-boost|p1a: Lumiflora|spa|1
|-enditem|p1a: Lumiflora|Power Herb
|-anim|p1a: Lumiflora|Meteor Beam|p2a: Iron Boulder
|-resisted|p2a: Iron Boulder
|-damage|p2a: Iron Boulder|9/100 brn
|
|-damage|p2a: Iron Boulder|3/100 brn|[from] brn
|upkeep
|turn|8
|
|t:|1769371336
|-terastallize|p1a: Lumiflora|Dark
|move|p2a: Iron Boulder|Mighty Cleave|p1a: Lumiflora
|-damage|p1a: Lumiflora|0 fnt
|-activate|p1a: Lumiflora|ability: Toxic Debris
|-sidestart|p2: mimmo_14|move: Toxic Spikes
|faint|p1a: Lumiflora
|
|-damage|p2a: Iron Boulder|0 fnt|[from] brn
|faint|p2a: Iron Boulder
|-end|p2a: Iron Boulder|Quark Drive|[silent]
|upkeep
|
|t:|1769371347
|switch|p2a: Pecharunt|Pecharunt|100/100
|switch|p1a: Eisenkrone|Iron Crown|100/100
|-sideend|p2: mimmo_14|move: Toxic Spikes|[of] p2a: Pecharunt
|-enditem|p1a: Eisenkrone|Booster Energy
|-activate|p1a: Eisenkrone|ability: Quark Drive|[fromitem]
|-start|p1a: Eisenkrone|quarkdrivespe
|turn|9
|
|t:|1769371353
|switch|p2a: Raging Bolt|Raging Bolt|100/100
|-enditem|p2a: Raging Bolt|Booster Energy
|-activate|p2a: Raging Bolt|ability: Protosynthesis|[fromitem]
|-start|p2a: Raging Bolt|protosynthesisspa
|move|p1a: Eisenkrone|Calm Mind|p1a: Eisenkrone
|-boost|p1a: Eisenkrone|spa|1
|-boost|p1a: Eisenkrone|spd|1
|
|upkeep
|turn|10
|
|t:|1769371361
|move|p1a: Eisenkrone|Calm Mind|p1a: Eisenkrone
|-boost|p1a: Eisenkrone|spa|1
|-boost|p1a: Eisenkrone|spd|1
|move|p2a: Raging Bolt|Calm Mind|p2a: Raging Bolt
|-boost|p2a: Raging Bolt|spa|1
|-boost|p2a: Raging Bolt|spd|1
|
|upkeep
|turn|11
|
|t:|1769371367
|move|p1a: Eisenkrone|Calm Mind|p1a: Eisenkrone
|-boost|p1a: Eisenkrone|spa|1
|-boost|p1a: Eisenkrone|spd|1
|move|p2a: Raging Bolt|Calm Mind|p2a: Raging Bolt
|-boost|p2a: Raging Bolt|spa|1
|-boost|p2a: Raging Bolt|spd|1
|
|upkeep
|turn|12
|
|t:|1769371372
|move|p1a: Eisenkrone|Calm Mind|p1a: Eisenkrone
|-boost|p1a: Eisenkrone|spa|1
|-boost|p1a: Eisenkrone|spd|1
|move|p2a: Raging Bolt|Thunderbolt|p1a: Eisenkrone
|-damage|p1a: Eisenkrone|61/100
|
|upkeep
|turn|13
|
|t:|1769371378
|move|p1a: Eisenkrone|Psyshock|p2a: Raging Bolt
|-damage|p2a: Raging Bolt|10/100
|move|p2a: Raging Bolt|Thunderbolt|p1a: Eisenkrone
|-damage|p1a: Eisenkrone|19/100
|
|upkeep
|turn|14
|
|t:|1769371385
|move|p2a: Raging Bolt|Thunderclap|p1a: Eisenkrone
|-damage|p1a: Eisenkrone|0 fnt
|faint|p1a: Eisenkrone
|-end|p1a: Eisenkrone|Quark Drive|[silent]
|
|upkeep
|
|t:|1769371389
|switch|p1a: Quiekel|Swinub, M|100/100
|turn|15
|
|t:|1769371395
|move|p1a: Quiekel|Ice Shard|p2a: Raging Bolt
|-supereffective|p2a: Raging Bolt
|-damage|p2a: Raging Bolt|0 fnt
|faint|p2a: Raging Bolt
|-end|p2a: Raging Bolt|Protosynthesis|[silent]
|
|upkeep
|
|t:|1769371398
|switch|p2a: Cinderace|Cinderace, M|100/100
|turn|16
|
|t:|1769371404
|move|p2a: Cinderace|Pyro Ball|p1a: Quiekel
|-supereffective|p1a: Quiekel
|-enditem|p1a: Quiekel|Focus Sash
|-damage|p1a: Quiekel|1/100
|move|p1a: Quiekel|Endeavor|p2a: Cinderace
|-damage|p2a: Cinderace|1/100
|
|upkeep
|turn|17
|
|t:|1769371411
|move|p1a: Quiekel|Ice Shard|p2a: Cinderace
|-resisted|p2a: Cinderace
|-damage|p2a: Cinderace|0 fnt
|faint|p2a: Cinderace
|
|upkeep
|
|t:|1769371418
|switch|p2a: Great Tusk|Great Tusk, shiny|100/100
|turn|18
|
|t:|1769371422
|switch|p1a: Fiaro|Talonflame, M|100/100
|move|p2a: Great Tusk|Rapid Spin|p1a: Fiaro
|-damage|p1a: Fiaro|87/100
|-boost|p2a: Great Tusk|spe|1
|
|upkeep
|turn|19
|
|t:|1769371428
|-end|p2a: Great Tusk|Protosynthesis|[silent]
|switch|p2a: Pecharunt|Pecharunt|100/100
|move|p1a: Fiaro|Flamethrower|p2a: Pecharunt
|-damage|p2a: Pecharunt|75/100
|-status|p2a: Pecharunt|brn
|
|-heal|p2a: Pecharunt|81/100 brn|[from] item: Leftovers
|-damage|p2a: Pecharunt|75/100 brn|[from] brn
|upkeep
|turn|20
|
|t:|1769371437
|move|p1a: Fiaro|Flamethrower|p2a: Pecharunt
|-damage|p2a: Pecharunt|51/100 brn
|move|p2a: Pecharunt|Malignant Chain|p1a: Fiaro
|-damage|p1a: Fiaro|43/100
|
|-heal|p2a: Pecharunt|57/100 brn|[from] item: Leftovers
|-damage|p2a: Pecharunt|51/100 brn|[from] brn
|upkeep
|turn|21
|
|t:|1769371447
|move|p1a: Fiaro|Flamethrower|p2a: Pecharunt
|-damage|p2a: Pecharunt|28/100 brn
|move|p2a: Pecharunt|Recover|p2a: Pecharunt
|-heal|p2a: Pecharunt|78/100 brn
|
|-heal|p2a: Pecharunt|84/100 brn|[from] item: Leftovers
|-damage|p2a: Pecharunt|78/100 brn|[from] brn
|upkeep
|turn|22
|
|t:|1769371455
|move|p1a: Fiaro|Flamethrower|p2a: Pecharunt
|-damage|p2a: Pecharunt|51/100 brn
|move|p2a: Pecharunt|Malignant Chain|p1a: Fiaro
|-damage|p1a: Fiaro|0 fnt
|faint|p1a: Fiaro
|
|-heal|p2a: Pecharunt|57/100 brn|[from] item: Leftovers
|-damage|p2a: Pecharunt|51/100 brn|[from] brn
|upkeep
|
|t:|1769371464
|switch|p1a: Quiekel|Swinub, M|1/100
|turn|23
|
|t:|1769371467
|move|p2a: Pecharunt|Hex|p1a: Quiekel
|-damage|p1a: Quiekel|0 fnt
|faint|p1a: Quiekel
|
|-heal|p2a: Pecharunt|57/100 brn|[from] item: Leftovers
|-damage|p2a: Pecharunt|51/100 brn|[from] brn
|upkeep
|
|t:|1769371474
|switch|p1a: Kapilz|Breloom, F|91/100
|turn|24
|l|☆mimmo_14
|inactive|mimmo_14 disconnected and has a minute to reconnect!
|player|p2|
|inactive|mimmo_14 has 30 seconds to reconnect!
|j|☆mimmo_14
|inactive|mimmo_14 reconnected and has 115 seconds left.
|player|p2|mimmo_14|266|
|
|t:|1769371517
|move|p1a: Kapilz|Zen Headbutt|p2a: Pecharunt
|-supereffective|p2a: Pecharunt
|-damage|p2a: Pecharunt|17/100 brn
|-damage|p1a: Kapilz|81/100|[from] item: Life Orb
|move|p2a: Pecharunt|Recover|p2a: Pecharunt
|-heal|p2a: Pecharunt|67/100 brn
|
|-heal|p2a: Pecharunt|73/100 brn|[from] item: Leftovers
|-damage|p2a: Pecharunt|67/100 brn|[from] brn
|upkeep
|turn|25
|
|t:|1769371526
|move|p1a: Kapilz|Zen Headbutt|p2a: Pecharunt
|-supereffective|p2a: Pecharunt
|-damage|p2a: Pecharunt|29/100 brn
|-damage|p1a: Kapilz|71/100|[from] item: Life Orb
|move|p2a: Pecharunt|Malignant Chain|p1a: Kapilz
|-supereffective|p1a: Kapilz
|-damage|p1a: Kapilz|0 fnt
|faint|p1a: Kapilz
|
|win|mimmo_14
|raw|I will eat another's rating: 1214 &rarr; <strong>1186</strong><br />(-28 for losing)
|raw|mimmo_14's rating: 1169 &rarr; <strong>1197</strong><br />(+28 for winning)
|l|☆I will eat another
|player|p1|
|l|☆mimmo_14
|player|p2|
