|j|☆RK Earth 9000
|j|☆DerDonPorrello
|t:|1769296318
|gametype|singles
|player|p1|RK Earth 9000|volkner|1144
|player|p2|DerDonPorrello|hiker-gen4|1160
|gen|9
|tier|[Gen 9] OU
|rated|
|rule|HP Percentage Mod: HP is shown in percentages
|rule|Endless Battle Clause: Forcing endless battles is banned
|rule|Species Clause: Limit one of each Pokémon
|rule|OHKO Clause: OHKO moves are banned
|rule|Evasion Items Clause: Evasion items are banned
|rule|Evasion Moves Clause: Evasion moves are banned
|rule|Evasion Abilities Clause: Evasion abilities are banned
|rule|Sleep Moves Clause: Sleep-inducing moves are banned
|clearpoke
|poke|p1|Magmortar, M|
|poke|p1|Swampert, F|
|poke|p1|Forretress, M|
|poke|p1|Hitmontop, M|
|poke|p1|Kilowattrel, F|
|poke|p1|Vaporeon, F|
|poke|p2|Alomomola, M|
|poke|p2|Hydrapple, F|
|poke|p2|Kleavor, F|
|poke|p2|Overqwil, M|
|poke|p2|Hoopa|
|poke|p2|Quaxwell, M|
|teampreview
|
|t:|1769296330
|teamsize|p1|6
|teamsize|p2|6
|start
|switch|p1a: Forretress|Forretress, M, shiny|100/100
|switch|p2a: Alomomola|Alomomola, M|100/100
|turn|1
|
|t:|1769296341
|move|p2a: Alomomola|Whirlpool|p1a: Forretress
|-damage|p1a: Forretress|93/100
|-activate|p1a: Forretress|move: Whirlpool|[of] p2a: Alomomola
|move|p1a: Forretress|Thunder Wave|p2a: Alomomola
|-status|p2a: Alomomola|par
|
|-damage|p1a: Forretress|81/100|[from] move: Whirlpool|[partiallytrapped]
|upkeep
|turn|2
|
|t:|1769296351
|move|p1a: Forretress|Stealth Rock|p2a: Alomomola
|-sidestart|p2: DerDonPorrello|move: Stealth Rock
|move|p2a: Alomomola|Wish|p2a: Alomomola
|
|-damage|p1a: Forretress|69/100|[from] move: Whirlpool|[partiallytrapped]
|upkeep
|turn|3
|
|t:|1769296366
|move|p1a: Forretress|Toxic Spikes|p2a: Alomomola
|-sidestart|p2: DerDonPorrello|move: Toxic Spikes
|move|p2a: Alomomola|Whirlpool|p1a: Forretress
|-damage|p1a: Forretress|62/100
|
|-damage|p1a: Forretress|49/100|[from] move: Whirlpool|[partiallytrapped]
|upkeep
|turn|4
|
|t:|1769296377
|move|p1a: Forretress|Toxic Spikes|p2a: Alomomola
|-sidestart|p2: DerDonPorrello|move: Toxic Spikes
|cant|p2a: Alomomola|par
|
|-damage|p1a: Forretress|37/100|[from] move: Whirlpool|[partiallytrapped]
|upkeep
|turn|5
|
|t:|1769296404
|move|p1a: Forretress|Gyro Ball|p2a: Alomomola
|-resisted|p2a: Alomomola
|-damage|p2a: Alomomola|98/100 par
|-damage|p1a: Forretress|20/100|[from] item: Rocky Helmet|[of] p2a: Alomomola
|move|p2a: Alomomola|Whirlpool|p1a: Forretress
|-damage|p1a: Forretress|13/100
|
|-damage|p1a: Forretress|1/100|[from] move: Whirlpool|[partiallytrapped]
|upkeep
|turn|6
|
|t:|1769296420
|move|p1a: Forretress|Gyro Ball|p2a: Alomomola
|-resisted|p2a: Alomomola
|-crit|p2a: Alomomola
|-damage|p2a: Alomomola|94/100 par
|-damage|p1a: Forretress|0 fnt|[from] item: Rocky Helmet|[of] p2a: Alomomola
|faint|p1a: Forretress
|cant|p2a: Alomomola|par
|
|upkeep
|
|t:|1769296429
|switch|p1a: Kilowattrel|Kilowattrel, F, shiny|100/100
|turn|7
|
|t:|1769296443
|switch|p2a: Hydrapple|Hydrapple, F|100/100
|-damage|p2a: Hydrapple|88/100|[from] Stealth Rock
|-status|p2a: Hydrapple|tox
|move|p1a: Kilowattrel|Air Slash|p2a: Hydrapple
|-supereffective|p2a: Hydrapple
|-damage|p2a: Hydrapple|19/100 tox
|
|-damage|p2a: Hydrapple|13/100 tox|[from] psn
|upkeep
|turn|8
|
|t:|1769296454
|move|p1a: Kilowattrel|Air Slash|p2a: Hydrapple
|-supereffective|p2a: Hydrapple
|-damage|p2a: Hydrapple|0 fnt
|faint|p2a: Hydrapple
|
|upkeep
|
|t:|1769296472
|switch|p2a: Kleavor|Kleavor, F|100/100
|turn|9
|
|t:|1769296478
|switch|p1a: Swampert|Swampert, F|100/100
|move|p2a: Kleavor|Stone Axe|p1a: Swampert|[miss]
|-miss|p2a: Kleavor|p1a: Swampert
|
|upkeep
|turn|10
|
|t:|1769296499
|move|p2a: Kleavor|U-turn|p1a: Swampert
|-damage|p1a: Swampert|63/100
|-damage|p2a: Kleavor|84/100|[from] item: Rocky Helmet|[of] p1a: Swampert
|
|t:|1769296507
|switch|p2a: Overqwil|Overqwil, M|100/100|[from] U-turn
|-damage|p2a: Overqwil|88/100|[from] Stealth Rock
|-sideend|p2: DerDonPorrello|move: Toxic Spikes|[of] p2a: Overqwil
|-ability|p2a: Overqwil|Intimidate|boost
|-unboost|p1a: Swampert|atk|1
|move|p1a: Swampert|Earthquake|p2a: Overqwil
|-supereffective|p2a: Overqwil
|-damage|p2a: Overqwil|51/100
|
|-heal|p2a: Overqwil|57/100|[from] item: Black Sludge
|upkeep
|turn|11
|
|t:|1769296529
|switch|p1a: Vaporeon|Vaporeon, F|100/100
|switch|p2a: Alomomola|Alomomola, M|100/100 par
|-damage|p2a: Alomomola|88/100 par|[from] Stealth Rock
|
|upkeep
|turn|12
|
|t:|1769296537
|switch|p1a: Kilowattrel|Kilowattrel, F, shiny|100/100
|move|p2a: Alomomola|Wish|p2a: Alomomola
|
|upkeep
|turn|13
|
|t:|1769296550
|switch|p2a: Hoopa|Hoopa|100/100
|-damage|p2a: Hoopa|88/100|[from] Stealth Rock
|move|p1a: Kilowattrel|Volt Switch|p2a: Hoopa
|-damage|p2a: Hoopa|49/100
|
|t:|1769296558
|switch|p1a: Hitmontop|Hitmontop, M, shiny|100/100|[from] Volt Switch
|
|-heal|p2a: Hoopa|100/100|[from] move: Wish|[wisher] Alomomola
|upkeep
|turn|14
|
|t:|1769296567
|move|p1a: Hitmontop|Fake Out|p2a: Hoopa
|-immune|p2a: Hoopa
|move|p2a: Hoopa|Psyshock|p1a: Hitmontop
|-supereffective|p1a: Hitmontop
|-damage|p1a: Hitmontop|0 fnt
|faint|p1a: Hitmontop
|
|upkeep
|
|t:|1769296576
|switch|p1a: Swampert|Swampert, F|63/100
|turn|15
|
|t:|1769296579
|move|p2a: Hoopa|Psyshock|p1a: Swampert
|-damage|p1a: Swampert|2/100
|move|p1a: Swampert|Knock Off|p2a: Hoopa
|-supereffective|p2a: Hoopa
|-damage|p2a: Hoopa|0 fnt
|-enditem|p2a: Hoopa|Choice Specs|[from] move: Knock Off|[of] p1a: Swampert
|faint|p2a: Hoopa
|
|upkeep
|
|t:|1769296589
|switch|p2a: Quaxwell|Quaxwell, M|100/100
|-damage|p2a: Quaxwell|88/100|[from] Stealth Rock
|turn|16
|
|t:|1769296595
|switch|p1a: Vaporeon|Vaporeon, F|100/100
|move|p2a: Quaxwell|Rapid Spin|p1a: Vaporeon
|-damage|p1a: Vaporeon|90/100
|-boost|p2a: Quaxwell|spe|1
|-sideend|p2: DerDonPorrello|Stealth Rock|[from] move: Rapid Spin|[of] p2a: Quaxwell
|
|-heal|p1a: Vaporeon|96/100|[from] item: Leftovers
|upkeep
|turn|17
|
|t:|1769296609
|switch|p2a: Alomomola|Alomomola, M|100/100 par
|move|p1a: Vaporeon|Wish|p1a: Vaporeon
|
|-heal|p1a: Vaporeon|100/100|[from] item: Leftovers
|upkeep
|turn|18
|
|t:|1769296621
|move|p1a: Vaporeon|Protect|p1a: Vaporeon
|-singleturn|p1a: Vaporeon|Protect
|move|p2a: Alomomola|Wish|p2a: Alomomola
|
|upkeep
|turn|19
|
|t:|1769296628
|switch|p2a: Overqwil|Overqwil, M|57/100
|-ability|p2a: Overqwil|Intimidate|boost
|-unboost|p1a: Vaporeon|atk|1
|move|p1a: Vaporeon|Wish|p1a: Vaporeon
|
|-heal|p2a: Overqwil|100/100|[from] move: Wish|[wisher] Alomomola
|upkeep
|turn|20
|
|t:|1769296640
|switch|p1a: Magmortar|Magmortar, M, shiny|100/100
|move|p2a: Overqwil|Toxic Spikes|p1a: Magmortar
|-sidestart|p1: RK Earth 9000|move: Toxic Spikes
|
|upkeep
|turn|21
|
|t:|1769296651
|switch|p2a: Quaxwell|Quaxwell, M|88/100
|move|p1a: Magmortar|Belly Drum|p1a: Magmortar
|-damage|p1a: Magmortar|51/100
|-setboost|p1a: Magmortar|atk|6|[from] move: Belly Drum
|
|upkeep
|turn|22
|
|t:|1769296666
|-terastallize|p1a: Magmortar|Grass
|move|p1a: Magmortar|Mach Punch|p2a: Quaxwell
|-damage|p2a: Quaxwell|67/100
|move|p2a: Quaxwell|Liquidation|p1a: Magmortar
|-resisted|p1a: Magmortar
|-damage|p1a: Magmortar|35/100
|-enditem|p1a: Magmortar|Sitrus Berry|[eat]
|-heal|p1a: Magmortar|60/100|[from] item: Sitrus Berry
|
|upkeep
|turn|23
|
|t:|1769296677
|move|p1a: Magmortar|Tera Blast|p2a: Quaxwell|[anim] Tera Blast Grass
|-supereffective|p2a: Quaxwell
|-damage|p2a: Quaxwell|0 fnt
|faint|p2a: Quaxwell
|
|upkeep
|
|t:|1769296685
|switch|p2a: Kleavor|Kleavor, F|84/100
|turn|24
|
|t:|1769296691
|move|p2a: Kleavor|U-turn|p1a: Magmortar
|-supereffective|p1a: Magmortar
|-damage|p1a: Magmortar|0 fnt
|faint|p1a: Magmortar
|
|t:|1769296701
|switch|p2a: Overqwil|Overqwil, M|100/100|[from] U-turn
|
|upkeep
|
|t:|1769296707
|switch|p1a: Kilowattrel|Kilowattrel, F, shiny|100/100
|turn|25
|
|t:|1769296717
|move|p1a: Kilowattrel|Thunderbolt|p2a: Overqwil
|-damage|p2a: Overqwil|21/100
|move|p2a: Overqwil|Toxic Spikes|p1a: Kilowattrel
|-sidestart|p1: RK Earth 9000|move: Toxic Spikes
|
|-heal|p2a: Overqwil|28/100|[from] item: Black Sludge
|upkeep
|turn|26
|
|t:|1769296725
|move|p1a: Kilowattrel|Thunderbolt|p2a: Overqwil
|-damage|p2a: Overqwil|0 fnt
|faint|p2a: Overqwil
|
|upkeep
|
|t:|1769296729
|switch|p2a: Kleavor|Kleavor, F|84/100
|turn|27
|
|t:|1769296736
|switch|p1a: Swampert|Swampert, F|2/100
|-status|p1a: Swampert|tox
|move|p2a: Kleavor|Stone Axe|p1a: Swampert
|-resisted|p1a: Swampert
|-damage|p1a: Swampert|0 fnt
|-damage|p2a: Kleavor|68/100|[from] item: Rocky Helmet|[of] p1a: Swampert
|-sidestart|p1: RK Earth 9000|move: Stealth Rock
|faint|p1a: Swampert
|
|upkeep
|
|t:|1769296750
|switch|p1a: Vaporeon|Vaporeon, F|100/100
|-status|p1a: Vaporeon|tox
|-damage|p1a: Vaporeon|88/100 tox|[from] Stealth Rock
|turn|28
|
|t:|1769296759
|move|p2a: Kleavor|U-turn|p1a: Vaporeon
|-damage|p1a: Vaporeon|47/100 tox
|
|t:|1769296761
|switch|p2a: Alomomola|Alomomola, M|100/100 par|[from] U-turn
|move|p1a: Vaporeon|Surf|p2a: Alomomola
|-resisted|p2a: Alomomola
|-damage|p2a: Alomomola|79/100 par
|
|-heal|p1a: Vaporeon|54/100 tox|[from] item: Leftovers
|-damage|p1a: Vaporeon|47/100 tox|[from] psn
|upkeep
|turn|29
|
|t:|1769296773
|move|p1a: Vaporeon|Wish|p1a: Vaporeon
|move|p2a: Alomomola|Wish|p2a: Alomomola
|
|-heal|p1a: Vaporeon|54/100 tox|[from] item: Leftovers
|-damage|p1a: Vaporeon|41/100 tox|[from] psn
|upkeep
|turn|30
|
|t:|1769296781
|switch|p1a: Kilowattrel|Kilowattrel, F, shiny|100/100
|-damage|p1a: Kilowattrel|76/100|[from] Stealth Rock
|switch|p2a: Kleavor|Kleavor, F|68/100
|
|-heal|p1a: Kilowattrel|100/100|[from] move: Wish|[wisher] Vaporeon
|-heal|p2a: Kleavor|100/100|[from] move: Wish|[wisher] Alomomola
|upkeep
|turn|31
|
|t:|1769296796
|move|p1a: Kilowattrel|Thunderbolt|p2a: Kleavor
|-damage|p2a: Kleavor|8/100
|move|p2a: Kleavor|Stone Axe|p1a: Kilowattrel
|-supereffective|p1a: Kilowattrel
|-damage|p1a: Kilowattrel|0 fnt
|faint|p1a: Kilowattrel
|
|upkeep
|
|t:|1769296804
|switch|p1a: Vaporeon|Vaporeon, F|41/100 tox
|-damage|p1a: Vaporeon|29/100 tox|[from] Stealth Rock
|turn|32
|
|t:|1769296811
|move|p2a: Kleavor|Stone Axe|p1a: Vaporeon
|-crit|p1a: Vaporeon
|-damage|p1a: Vaporeon|0 fnt
|faint|p1a: Vaporeon
|
|win|DerDonPorrello
|raw|RK Earth 9000's rating: 1144 &rarr; <strong>1120</strong><br />(-24 for losing)
|raw|DerDonPorrello's rating: 1160 &rarr; <strong>1184</strong><br />(+24 for winning)
|l|☆DerDonPorrello
|player|p2|
|l|☆RK Earth 9000
|player|p1|
