|j|☆spamlastresort
|j|☆volcoabuser
|t:|1769411906
|gametype|singles
|player|p1|spamlastresort|169|1181
|player|p2|volcoabuser|102|1143
|gen|9
|tier|[Gen 9] OU
|rated|
|rule|HP Percentage Mod: HP is shown in percentages
|rule|Endless Battle Clause: Forcing endless battles is banned
|rule|Species Clause: Limit one of each Pokémon
|rule|OHKO Clause: OHKO moves are banned
|rule|Evasion Items Clause: Evasion items are banned
|rule|Evasion Moves Clause: Evasion moves are banned
|rule|Evasion Abilities Clause: Evasion abilities are banned
|rule|Sleep Moves Clause: Sleep-inducing moves are banned
|clearpoke
|poke|p1|Enamorus, F|
|poke|p1|Quaquaval, M|
|poke|p1|Moltres-Galar|
|poke|p1|Zamazenta-*|
|poke|p1|Dugtrio, F|
|poke|p1|Gloom, F|
|poke|p2|Kommo-o, M|
|poke|p2|Lokix, M|
|poke|p2|Latios, M|
|poke|p2|Ceruledge, M|
|poke|p2|Lycanroc-Dusk, M|
|poke|p2|Primarina, M|
|teampreview
|
|t:|1769411953
|teamsize|p1|6
|teamsize|p2|6
|start
|switch|p1a: Quaquaval|Quaquaval, M|100/100
|switch|p2a: Latios|Latios, M|100/100
|turn|1
|
|t:|1769411967
|switch|p1a: Moltres|Moltres-Galar|100/100
|move|p2a: Latios|Luster Purge|p1a: Moltres
|-immune|p1a: Moltres
|
|upkeep
|turn|2
|
|t:|1769411981
|switch|p2a: Primarina|Primarina, M|100/100
|move|p1a: Moltres|Substitute|p1a: Moltres
|-start|p1a: Moltres|Substitute
|-damage|p1a: Moltres|75/100
|
|upkeep
|turn|3
|
|t:|1769411989
|move|p1a: Moltres|Nasty Plot|p1a: Moltres
|-boost|p1a: Moltres|spa|2
|move|p2a: Primarina|Psychic Noise|p1a: Moltres
|-damage|p1a: Moltres|48/100
|-start|p1a: Moltres|move: Heal Block
|-ability|p1a: Moltres|Berserk|boost
|-boost|p1a: Moltres|spa|1
|
|upkeep
|turn|4
|
|t:|1769412006
|move|p1a: Moltres|Nasty Plot|p1a: Moltres
|-boost|p1a: Moltres|spa|2
|move|p2a: Primarina|Psychic Noise|p1a: Moltres
|-damage|p1a: Moltres|21/100
|
|-end|p1a: Moltres|move: Heal Block
|upkeep
|turn|5
|
|t:|1769412016
|-terastallize|p1a: Moltres|Dark
|move|p1a: Moltres|Fiery Wrath|p2a: Primarina
|-resisted|p2a: Primarina
|-damage|p2a: Primarina|9/100
|move|p2a: Primarina|Psychic Noise|p1a: Moltres
|-damage|p1a: Moltres|0 fnt
|faint|p1a: Moltres
|
|-heal|p2a: Primarina|15/100|[from] item: Leftovers
|upkeep
|
|t:|1769412022
|switch|p1a: Quaquaval|Quaquaval, M|100/100
|turn|6
|c|☆volcoabuser|ooooof
|c|☆spamlastresort|almost cooked
|
|t:|1769412034
|move|p1a: Quaquaval|Aqua Step|p2a: Primarina
|-resisted|p2a: Primarina
|-damage|p2a: Primarina|0 fnt
|-boost|p1a: Quaquaval|spe|1
|faint|p2a: Primarina
|-ability|p1a: Quaquaval|Moxie|boost
|-boost|p1a: Quaquaval|atk|1
|
|upkeep
|c|☆spamlastresort|hyper voice would have been better
|
|t:|1769412073
|switch|p2a: Lokix|Lokix, M|100/100
|turn|7
|c|☆volcoabuser|that was a glue mon i need psychic noise to stop stall mons from healing
|
|t:|1769412095
|move|p2a: Lokix|First Impression|p1a: Quaquaval
|-resisted|p1a: Quaquaval
|-damage|p1a: Quaquaval|41/100
|-damage|p2a: Lokix|91/100|[from] item: Life Orb
|move|p1a: Quaquaval|Aqua Step|p2a: Lokix
|-damage|p2a: Lokix|0 fnt
|-boost|p1a: Quaquaval|spe|1
|faint|p2a: Lokix
|-ability|p1a: Quaquaval|Moxie|boost
|-boost|p1a: Quaquaval|atk|1
|
|upkeep
|
|t:|1769412108
|switch|p2a: Lycanroc|Lycanroc-Dusk, M|100/100
|turn|8
|
|t:|1769412124
|move|p1a: Quaquaval|Aqua Step|p2a: Lycanroc
|-supereffective|p2a: Lycanroc
|-enditem|p2a: Lycanroc|Focus Sash
|-damage|p2a: Lycanroc|1/100
|-boost|p1a: Quaquaval|spe|1
|move|p2a: Lycanroc|Close Combat|p1a: Quaquaval
|-damage|p1a: Quaquaval|0 fnt
|-unboost|p2a: Lycanroc|def|1
|-unboost|p2a: Lycanroc|spd|1
|faint|p1a: Quaquaval
|
|upkeep
|
|t:|1769412136
|switch|p1a: Dugtrio|Dugtrio, F|100/100
|turn|9
|
|t:|1769412149
|move|p2a: Lycanroc|Accelerock|p1a: Dugtrio
|-resisted|p1a: Dugtrio
|-damage|p1a: Dugtrio|63/100
|move|p1a: Dugtrio|Sucker Punch||[still]
|-fail|p1a: Dugtrio
|
|upkeep
|turn|10
|
|t:|1769412159
|move|p2a: Lycanroc|Accelerock|p1a: Dugtrio
|-resisted|p1a: Dugtrio
|-damage|p1a: Dugtrio|26/100
|move|p1a: Dugtrio|Earthquake|p2a: Lycanroc
|-supereffective|p2a: Lycanroc
|-damage|p2a: Lycanroc|0 fnt
|faint|p2a: Lycanroc
|
|upkeep
|c|☆spamlastresort|bruh
|
|t:|1769412170
|switch|p2a: Kommo-o|Kommo-o, M|100/100
|turn|11
|
|t:|1769412175
|move|p1a: Dugtrio|Swords Dance|p1a: Dugtrio
|-boost|p1a: Dugtrio|atk|2
|move|p2a: Kommo-o|Iron Defense|p2a: Kommo-o
|-boost|p2a: Kommo-o|def|2
|
|upkeep
|turn|12
|
|t:|1769412199
|move|p1a: Dugtrio|Swords Dance|p1a: Dugtrio
|-boost|p1a: Dugtrio|atk|2
|move|p2a: Kommo-o|Iron Defense|p2a: Kommo-o
|-boost|p2a: Kommo-o|def|2
|
|upkeep
|turn|13
|
|t:|1769412211
|move|p1a: Dugtrio|Earthquake|p2a: Kommo-o
|-damage|p2a: Kommo-o|69/100
|move|p2a: Kommo-o|Iron Defense|p2a: Kommo-o
|-boost|p2a: Kommo-o|def|2
|
|-heal|p2a: Kommo-o|75/100|[from] item: Leftovers
|upkeep
|turn|14
|
|t:|1769412229
|move|p1a: Dugtrio|Earthquake|p2a: Kommo-o
|-damage|p2a: Kommo-o|53/100
|move|p2a: Kommo-o|Dragon Tail|p1a: Dugtrio
|-damage|p1a: Dugtrio|0 fnt
|faint|p1a: Dugtrio
|
|-heal|p2a: Kommo-o|59/100|[from] item: Leftovers
|upkeep
|
|t:|1769412233
|switch|p1a: Gloom|Gloom, F|100/100
|turn|15
|
|t:|1769412239
|move|p2a: Kommo-o|Body Press|p1a: Gloom
|-resisted|p1a: Gloom
|-damage|p1a: Gloom|35/100
|move|p1a: Gloom|Toxic|p2a: Kommo-o
|-status|p2a: Kommo-o|tox
|
|-heal|p2a: Kommo-o|65/100 tox|[from] item: Leftovers
|-damage|p2a: Kommo-o|59/100 tox|[from] psn
|upkeep
|turn|16
|
|t:|1769412248
|move|p1a: Gloom|Protect|p1a: Gloom
|-singleturn|p1a: Gloom|Protect
|move|p2a: Kommo-o|Body Press|p1a: Gloom
|-activate|p1a: Gloom|move: Protect
|
|-heal|p2a: Kommo-o|65/100 tox|[from] item: Leftovers
|-damage|p2a: Kommo-o|53/100 tox|[from] psn
|upkeep
|turn|17
|
|t:|1769412259
|move|p1a: Gloom|Protect|p1a: Gloom
|-singleturn|p1a: Gloom|Protect
|move|p2a: Kommo-o|Body Press|p1a: Gloom
|-activate|p1a: Gloom|move: Protect
|
|-heal|p2a: Kommo-o|59/100 tox|[from] item: Leftovers
|-damage|p2a: Kommo-o|40/100 tox|[from] psn
|upkeep
|turn|18
|c|☆volcoabuser|bruh how
|c|☆spamlastresort|gloom my goat
|
|t:|1769412273
|move|p2a: Kommo-o|Body Press|p1a: Gloom
|-resisted|p1a: Gloom
|-damage|p1a: Gloom|0 fnt
|faint|p1a: Gloom
|
|-heal|p2a: Kommo-o|47/100 tox|[from] item: Leftovers
|-damage|p2a: Kommo-o|22/100 tox|[from] psn
|upkeep
|
|t:|1769412282
|switch|p1a: Enamorus|Enamorus, F|100/100
|turn|19
|
|t:|1769412287
|move|p1a: Enamorus|Fly||[still]
|-prepare|p1a: Enamorus|Fly
|move|p2a: Kommo-o|Body Press|p1a: Enamorus|[miss]
|-miss|p2a: Kommo-o|p1a: Enamorus
|
|-heal|p2a: Kommo-o|28/100 tox|[from] item: Leftovers
|-damage|p2a: Kommo-o|0 fnt|[from] psn
|faint|p2a: Kommo-o
|upkeep
|
|t:|1769412296
|switch|p2a: Ceruledge|Ceruledge, M|100/100
|turn|20
|
|t:|1769412300
|move|p1a: Enamorus|Fly|p2a: Ceruledge|[from] lockedmove
|-damage|p2a: Ceruledge|47/100
|move|p2a: Ceruledge|Iron Head|p1a: Enamorus
|-supereffective|p1a: Enamorus
|-damage|p1a: Enamorus|0 fnt
|faint|p1a: Enamorus
|
|upkeep
|
|t:|1769412305
|switch|p1a: Zamazenta|Zamazenta|100/100
|-ability|p1a: Zamazenta|Dauntless Shield|boost
|-boost|p1a: Zamazenta|def|1
|turn|21
|
|t:|1769412316
|move|p1a: Zamazenta|Crunch|p2a: Ceruledge
|-supereffective|p2a: Ceruledge
|-damage|p2a: Ceruledge|0 fnt
|faint|p2a: Ceruledge
|
|upkeep
|
|t:|1769412320
|switch|p2a: Latios|Latios, M|100/100
|turn|22
|c|☆spamlastresort|ggs
|
|t:|1769412330
|-terastallize|p2a: Latios|Dragon
|move|p2a: Latios|Luster Purge|p1a: Zamazenta
|-supereffective|p1a: Zamazenta
|-damage|p1a: Zamazenta|0 fnt
|faint|p1a: Zamazenta
|
|win|volcoabuser
|raw|spamlastresort's rating: 1181 &rarr; <strong>1153</strong><br />(-28 for losing)
|raw|volcoabuser's rating: 1143 &rarr; <strong>1171</strong><br />(+28 for winning)
|c|☆volcoabuser|gg
|l|☆spamlastresort
|player|p1|
|l|☆volcoabuser
|player|p2|
