|j|☆psyforce1011
|j|☆bsgff
|t:|1769298270
|gametype|singles
|player|p1|psyforce1011|101|1000
|player|p2|bsgff|266|1000
|gen|9
|tier|[Gen 9] OU
|rated|
|rule|HP Percentage Mod: HP is shown in percentages
|rule|Endless Battle Clause: Forcing endless battles is banned
|rule|Species Clause: Limit one of each Pokémon
|rule|OHKO Clause: OHKO moves are banned
|rule|Evasion Items Clause: Evasion items are banned
|rule|Evasion Moves Clause: Evasion moves are banned
|rule|Evasion Abilities Clause: Evasion abilities are banned
|rule|Sleep Moves Clause: Sleep-inducing moves are banned
|clearpoke
|poke|p1|Iron Treads|
|poke|p1|Zapdos-Galar|
|poke|p1|Kyurem|
|poke|p1|Ceruledge, M|
|poke|p1|Clefable, M|
|poke|p1|Slowking-Galar, M|
|poke|p2|Corviknight, F|
|poke|p2|Garchomp, M|
|poke|p2|Snorlax, F|
|poke|p2|Alomomola, M|
|poke|p2|Darkrai|
|poke|p2|Hatterene, F|
|teampreview
|inactive|Battle timer is ON: inactive players will automatically lose when time's up. (requested by bsgff)
|c|☆psyforce1011|gl hf
|
|t:|1769298291
|teamsize|p1|6
|teamsize|p2|6
|start
|switch|p1a: Zapdos|Zapdos-Galar|100/100
|switch|p2a: Corviknight|Corviknight, F, shiny|100/100
|-ability|p2a: Corviknight|Pressure
|turn|1
|
|t:|1769298305
|move|p1a: Zapdos|U-turn|p2a: Corviknight
|-resisted|p2a: Corviknight
|-damage|p2a: Corviknight|93/100
|
|t:|1769298312
|switch|p1a: Ceruledge|Ceruledge, M|100/100|[from] U-turn
|move|p2a: Corviknight|Substitute|p2a: Corviknight
|-start|p2a: Corviknight|Substitute
|-damage|p2a: Corviknight|68/100
|
|-heal|p2a: Corviknight|75/100|[from] item: Leftovers
|upkeep
|turn|2
|
|t:|1769298325
|move|p1a: Ceruledge|Bitter Blade|p2a: Corviknight
|-supereffective|p2a: Corviknight
|-end|p2a: Corviknight|Substitute
|-damage|p1a: Ceruledge|91/100|[from] item: Life Orb
|move|p2a: Corviknight|Taunt|p1a: Ceruledge
|-start|p1a: Ceruledge|move: Taunt
|
|-heal|p2a: Corviknight|81/100|[from] item: Leftovers
|upkeep
|turn|3
|
|t:|1769298334
|switch|p2a: Garchomp|Garchomp, M|100/100
|move|p1a: Ceruledge|Bitter Blade|p2a: Garchomp
|-resisted|p2a: Garchomp
|-damage|p2a: Garchomp|83/100
|-heal|p1a: Ceruledge|100/100|[from] drain|[of] p2a: Garchomp
|-damage|p1a: Ceruledge|88/100|[from] ability: Rough Skin|[of] p2a: Garchomp
|-damage|p1a: Ceruledge|72/100|[from] item: Rocky Helmet|[of] p2a: Garchomp
|-damage|p1a: Ceruledge|62/100|[from] item: Life Orb
|
|upkeep
|turn|4
|
|t:|1769298358
|-terastallize|p1a: Ceruledge|Ghost
|move|p1a: Ceruledge|Poltergeist|p2a: Garchomp
|-activate|p2a: Garchomp|move: Poltergeist|Rocky Helmet
|-damage|p2a: Garchomp|14/100
|-damage|p1a: Ceruledge|52/100|[from] item: Life Orb
|move|p2a: Garchomp|Spikes|p1a: Ceruledge
|-sidestart|p1: psyforce1011|Spikes
|
|upkeep
|turn|5
|inactive|psyforce1011 has 120 seconds left.
|inactive|bsgff has 120 seconds left.
|
|t:|1769298385
|switch|p2a: Alomomola|Alomomola, M|100/100
|move|p1a: Ceruledge|Bitter Blade|p2a: Alomomola
|-resisted|p2a: Alomomola
|-damage|p2a: Alomomola|80/100
|-heal|p1a: Ceruledge|70/100|[from] drain|[of] p2a: Alomomola
|-damage|p1a: Ceruledge|60/100|[from] item: Life Orb
|
|-end|p1a: Ceruledge|move: Taunt
|upkeep
|turn|6
|inactive|bsgff has 120 seconds left.
|
|t:|1769298412
|switch|p2a: Darkrai|Darkrai|100/100
|move|p1a: Ceruledge|Poltergeist|p2a: Darkrai
|-activate|p2a: Darkrai|move: Poltergeist|Focus Sash
|-resisted|p2a: Darkrai
|-damage|p2a: Darkrai|36/100
|-damage|p1a: Ceruledge|50/100|[from] item: Life Orb
|
|upkeep
|turn|7
|
|t:|1769298425
|move|p1a: Ceruledge|Shadow Sneak|p2a: Darkrai
|-resisted|p2a: Darkrai
|-damage|p2a: Darkrai|11/100
|-damage|p1a: Ceruledge|40/100|[from] item: Life Orb
|move|p2a: Darkrai|Dark Pulse|p1a: Ceruledge
|-supereffective|p1a: Ceruledge
|-damage|p1a: Ceruledge|0 fnt
|faint|p1a: Ceruledge
|
|upkeep
|inactive|psyforce1011 has 120 seconds left.
|
|t:|1769298442
|switch|p1a: Clefable|Clefable, M|100/100
|-damage|p1a: Clefable|88/100|[from] Spikes
|turn|8
|
|t:|1769298447
|switch|p2a: Snorlax|Snorlax, F|100/100
|move|p1a: Clefable|Moonlight|p1a: Clefable
|-heal|p1a: Clefable|100/100
|
|upkeep
|turn|9
|
|t:|1769298458
|move|p1a: Clefable|Knock Off|p2a: Snorlax
|-damage|p2a: Snorlax|89/100
|-enditem|p2a: Snorlax|Assault Vest|[from] move: Knock Off|[of] p1a: Clefable
|move|p2a: Snorlax|Body Slam|p1a: Clefable
|-damage|p1a: Clefable|69/100
|
|-heal|p1a: Clefable|75/100|[from] item: Leftovers
|upkeep
|turn|10
|
|t:|1769298480
|move|p1a: Clefable|Cosmic Power|p1a: Clefable
|-boost|p1a: Clefable|def|1
|-boost|p1a: Clefable|spd|1
|move|p2a: Snorlax|Body Slam|p1a: Clefable
|-damage|p1a: Clefable|53/100
|
|-heal|p1a: Clefable|59/100|[from] item: Leftovers
|upkeep
|turn|11
|
|t:|1769298490
|move|p1a: Clefable|Moonblast|p2a: Snorlax
|-damage|p2a: Snorlax|67/100
|move|p2a: Snorlax|Gunk Shot|p1a: Clefable|[miss]
|-miss|p2a: Snorlax|p1a: Clefable
|
|-heal|p1a: Clefable|65/100|[from] item: Leftovers
|upkeep
|turn|12
|
|t:|1769298505
|switch|p1a: Iron Treads|Iron Treads|100/100
|-damage|p1a: Iron Treads|88/100|[from] Spikes
|move|p2a: Snorlax|Body Slam|p1a: Iron Treads
|-resisted|p1a: Iron Treads
|-damage|p1a: Iron Treads|73/100
|
|-heal|p1a: Iron Treads|79/100|[from] item: Leftovers
|upkeep
|turn|13
|
|t:|1769298514
|switch|p2a: Hatterene|Hatterene, F, shiny|100/100
|move|p1a: Iron Treads|Rapid Spin|p2a: Hatterene
|-damage|p2a: Hatterene|89/100
|-boost|p1a: Iron Treads|spe|1
|-sideend|p1: psyforce1011|Spikes|[from] move: Rapid Spin|[of] p1a: Iron Treads
|
|-heal|p1a: Iron Treads|86/100|[from] item: Leftovers
|-heal|p2a: Hatterene|95/100|[from] item: Leftovers
|upkeep
|turn|14
|
|t:|1769298526
|move|p1a: Iron Treads|Knock Off|p2a: Hatterene
|-damage|p2a: Hatterene|75/100
|-enditem|p2a: Hatterene|Leftovers|[from] move: Knock Off|[of] p1a: Iron Treads
|move|p2a: Hatterene|Healing Wish|p2a: Hatterene
|faint|p2a: Hatterene
|
|-heal|p1a: Iron Treads|92/100|[from] item: Leftovers
|upkeep
|
|t:|1769298529
|switch|p2a: Garchomp|Garchomp, M|14/100
|-heal|p2a: Garchomp|100/100|[from] move: Healing Wish
|turn|15
|
|t:|1769298539
|-end|p1a: Iron Treads|Quark Drive|[silent]
|switch|p1a: Zapdos|Zapdos-Galar|100/100
|move|p2a: Garchomp|Earthquake|p1a: Zapdos
|-immune|p1a: Zapdos
|
|upkeep
|turn|16
|
|t:|1769298546
|switch|p2a: Alomomola|Alomomola, M|100/100
|move|p1a: Zapdos|Close Combat|p2a: Alomomola
|-damage|p2a: Alomomola|28/100
|-unboost|p1a: Zapdos|def|1
|-unboost|p1a: Zapdos|spd|1
|
|upkeep
|turn|17
|
|t:|1769298554
|move|p2a: Alomomola|Protect|p2a: Alomomola
|-singleturn|p2a: Alomomola|Protect
|move|p1a: Zapdos|Close Combat|p2a: Alomomola
|-activate|p2a: Alomomola|move: Protect
|
|upkeep
|turn|18
|
|t:|1769298566
|switch|p2a: Snorlax|Snorlax, F|67/100
|move|p1a: Zapdos|Close Combat|p2a: Snorlax
|-supereffective|p2a: Snorlax
|-damage|p2a: Snorlax|0 fnt
|-unboost|p1a: Zapdos|def|1
|-unboost|p1a: Zapdos|spd|1
|faint|p2a: Snorlax
|
|upkeep
|
|t:|1769298567
|switch|p2a: Alomomola|Alomomola, M|61/100
|turn|19
|
|t:|1769298575
|-terastallize|p2a: Alomomola|Fairy
|move|p1a: Zapdos|Close Combat|p2a: Alomomola
|-resisted|p2a: Alomomola
|-damage|p2a: Alomomola|27/100
|-unboost|p1a: Zapdos|def|1
|-unboost|p1a: Zapdos|spd|1
|move|p2a: Alomomola|Wish|p2a: Alomomola
|
|upkeep
|turn|20
|
|t:|1769298589
|switch|p1a: Slowking|Slowking-Galar, M|100/100
|move|p2a: Alomomola|Flip Turn|p1a: Slowking
|-damage|p1a: Slowking|83/100
|
|t:|1769298591
|switch|p2a: Darkrai|Darkrai|11/100|[from] Flip Turn
|
|-heal|p2a: Darkrai|100/100|[from] move: Wish|[wisher] Alomomola
|upkeep
|turn|21
|
|t:|1769298611
|switch|p1a: Zapdos|Zapdos-Galar|100/100
|move|p2a: Darkrai|Dark Pulse|p1a: Zapdos
|-resisted|p1a: Zapdos
|-damage|p1a: Zapdos|75/100
|
|upkeep
|turn|22
|
|t:|1769298619
|move|p2a: Darkrai|Ice Beam|p1a: Zapdos
|-supereffective|p1a: Zapdos
|-damage|p1a: Zapdos|0 fnt
|faint|p1a: Zapdos
|
|upkeep
|
|t:|1769298627
|switch|p1a: Kyurem|Kyurem|100/100
|-ability|p1a: Kyurem|Pressure
|turn|23
|
|t:|1769298634
|move|p2a: Darkrai|Dark Pulse|p1a: Kyurem
|-damage|p1a: Kyurem|71/100
|move|p1a: Kyurem|Ice Beam|p2a: Darkrai
|-damage|p2a: Darkrai|36/100
|
|upkeep
|turn|24
|
|t:|1769298639
|move|p2a: Darkrai|Disable|p1a: Kyurem
|-start|p1a: Kyurem|Disable|Ice Beam
|cant|p1a: Kyurem|Disable|Ice Beam
|
|upkeep
|turn|25
|
|t:|1769298644
|switch|p2a: Corviknight|Corviknight, F, shiny|81/100
|-ability|p2a: Corviknight|Pressure
|move|p1a: Kyurem|Freeze-Dry|p2a: Corviknight
|-damage|p2a: Corviknight|54/100
|
|-heal|p2a: Corviknight|60/100|[from] item: Leftovers
|upkeep
|turn|26
|
|t:|1769298657
|move|p1a: Kyurem|Freeze-Dry|p2a: Corviknight
|-damage|p2a: Corviknight|33/100
|move|p2a: Corviknight|Substitute|p2a: Corviknight
|-start|p2a: Corviknight|Substitute
|-damage|p2a: Corviknight|8/100
|
|-heal|p2a: Corviknight|14/100|[from] item: Leftovers
|upkeep
|turn|27
|
|t:|1769298664
|move|p1a: Kyurem|Freeze-Dry|p2a: Corviknight
|-end|p2a: Corviknight|Substitute
|move|p2a: Corviknight|Roost|p2a: Corviknight
|-heal|p2a: Corviknight|64/100
|-singleturn|p2a: Corviknight|move: Roost
|
|-heal|p2a: Corviknight|70/100|[from] item: Leftovers
|-end|p1a: Kyurem|Disable
|upkeep
|turn|28
|
|t:|1769298673
|move|p1a: Kyurem|Ice Beam|p2a: Corviknight
|-damage|p2a: Corviknight|34/100
|move|p2a: Corviknight|Roost|p2a: Corviknight
|-heal|p2a: Corviknight|84/100
|-singleturn|p2a: Corviknight|move: Roost
|
|-heal|p2a: Corviknight|90/100|[from] item: Leftovers
|upkeep
|turn|29
|
|t:|1769298682
|move|p1a: Kyurem|Ice Beam|p2a: Corviknight
|-damage|p2a: Corviknight|52/100
|move|p2a: Corviknight|Substitute|p2a: Corviknight
|-start|p2a: Corviknight|Substitute
|-damage|p2a: Corviknight|27/100
|
|-heal|p2a: Corviknight|34/100|[from] item: Leftovers
|upkeep
|turn|30
|
|t:|1769298689
|move|p1a: Kyurem|Ice Beam|p2a: Corviknight
|-end|p2a: Corviknight|Substitute
|move|p2a: Corviknight|Roost|p2a: Corviknight
|-heal|p2a: Corviknight|84/100
|-singleturn|p2a: Corviknight|move: Roost
|
|-heal|p2a: Corviknight|90/100|[from] item: Leftovers
|upkeep
|turn|31
|
|t:|1769298697
|move|p1a: Kyurem|Ice Beam|p2a: Corviknight
|-damage|p2a: Corviknight|50/100
|move|p2a: Corviknight|Substitute|p2a: Corviknight
|-start|p2a: Corviknight|Substitute
|-damage|p2a: Corviknight|25/100
|
|-heal|p2a: Corviknight|31/100|[from] item: Leftovers
|upkeep
|turn|32
|
|t:|1769298704
|move|p1a: Kyurem|Ice Beam|p2a: Corviknight
|-end|p2a: Corviknight|Substitute
|move|p2a: Corviknight|Roost|p2a: Corviknight
|-heal|p2a: Corviknight|81/100
|-singleturn|p2a: Corviknight|move: Roost
|
|-heal|p2a: Corviknight|88/100|[from] item: Leftovers
|upkeep
|turn|33
|
|t:|1769298713
|move|p1a: Kyurem|Ice Beam|p2a: Corviknight
|-damage|p2a: Corviknight|51/100
|move|p2a: Corviknight|Roost|p2a: Corviknight
|-heal|p2a: Corviknight|100/100
|-singleturn|p2a: Corviknight|move: Roost
|
|upkeep
|turn|34
|
|t:|1769298720
|move|p1a: Kyurem|Ice Beam|p2a: Corviknight
|-damage|p2a: Corviknight|64/100
|move|p2a: Corviknight|Substitute|p2a: Corviknight
|-start|p2a: Corviknight|Substitute
|-damage|p2a: Corviknight|39/100
|
|-heal|p2a: Corviknight|45/100|[from] item: Leftovers
|upkeep
|turn|35
|
|t:|1769298727
|move|p1a: Kyurem|Ice Beam|p2a: Corviknight
|-crit|p2a: Corviknight
|-end|p2a: Corviknight|Substitute
|move|p2a: Corviknight|Roost|p2a: Corviknight
|-heal|p2a: Corviknight|95/100
|-singleturn|p2a: Corviknight|move: Roost
|
|-heal|p2a: Corviknight|100/100|[from] item: Leftovers
|upkeep
|turn|36
|
|t:|1769298740
|move|p1a: Kyurem|Freeze-Dry|p2a: Corviknight
|-damage|p2a: Corviknight|71/100
|move|p2a: Corviknight|Brave Bird|p1a: Kyurem
|-damage|p1a: Kyurem|33/100
|-damage|p2a: Corviknight|59/100|[from] Recoil
|
|-heal|p2a: Corviknight|65/100|[from] item: Leftovers
|upkeep
|turn|37
|
|t:|1769298754
|switch|p1a: Iron Treads|Iron Treads|92/100
|move|p2a: Corviknight|Substitute|p2a: Corviknight
|-start|p2a: Corviknight|Substitute
|-damage|p2a: Corviknight|40/100
|
|-heal|p1a: Iron Treads|98/100|[from] item: Leftovers
|-heal|p2a: Corviknight|46/100|[from] item: Leftovers
|upkeep
|turn|38
|
|t:|1769298765
|move|p1a: Iron Treads|Knock Off|p2a: Corviknight
|-activate|p2a: Corviknight|move: Substitute|[damage]
|move|p2a: Corviknight|Roost|p2a: Corviknight
|-heal|p2a: Corviknight|96/100
|-singleturn|p2a: Corviknight|move: Roost
|
|-heal|p1a: Iron Treads|100/100|[from] item: Leftovers
|-heal|p2a: Corviknight|100/100|[from] item: Leftovers
|upkeep
|turn|39
|
|t:|1769298774
|move|p1a: Iron Treads|Stealth Rock|p2a: Corviknight
|-sidestart|p2: bsgff|move: Stealth Rock
|move|p2a: Corviknight|Taunt|p1a: Iron Treads
|-start|p1a: Iron Treads|move: Taunt
|
|upkeep
|turn|40
|
|t:|1769298782
|move|p1a: Iron Treads|Knock Off|p2a: Corviknight
|-end|p2a: Corviknight|Substitute
|move|p2a: Corviknight|Brave Bird|p1a: Iron Treads
|-resisted|p1a: Iron Treads
|-damage|p1a: Iron Treads|86/100
|-damage|p2a: Corviknight|96/100|[from] Recoil
|
|-heal|p1a: Iron Treads|93/100|[from] item: Leftovers
|-heal|p2a: Corviknight|100/100|[from] item: Leftovers
|upkeep
|turn|41
|
|t:|1769298795
|move|p1a: Iron Treads|Knock Off|p2a: Corviknight
|-damage|p2a: Corviknight|80/100
|-enditem|p2a: Corviknight|Leftovers|[from] move: Knock Off|[of] p1a: Iron Treads
|move|p2a: Corviknight|Substitute|p2a: Corviknight
|-start|p2a: Corviknight|Substitute
|-damage|p2a: Corviknight|55/100
|
|-heal|p1a: Iron Treads|99/100|[from] item: Leftovers
|upkeep
|turn|42
|
|t:|1769298816
|switch|p2a: Alomomola|Alomomola, M, tera:Fairy|60/100
|move|p1a: Iron Treads|Knock Off|p2a: Alomomola
|-resisted|p2a: Alomomola
|-damage|p2a: Alomomola|52/100
|-enditem|p2a: Alomomola|Heavy-Duty Boots|[from] move: Knock Off|[of] p1a: Iron Treads
|
|-heal|p1a: Iron Treads|100/100|[from] item: Leftovers
|-end|p1a: Iron Treads|move: Taunt
|upkeep
|turn|43
|
|t:|1769298826
|move|p1a: Iron Treads|Earthquake|p2a: Alomomola
|-damage|p2a: Alomomola|26/100
|move|p2a: Alomomola|Wish|p2a: Alomomola
|
|upkeep
|turn|44
|
|t:|1769298831
|move|p2a: Alomomola|Protect|p2a: Alomomola
|-singleturn|p2a: Alomomola|Protect
|move|p1a: Iron Treads|Earthquake|p2a: Alomomola
|-activate|p2a: Alomomola|move: Protect
|
|-heal|p2a: Alomomola|76/100|[from] move: Wish|[wisher] Alomomola
|upkeep
|turn|45
|
|t:|1769298839
|move|p1a: Iron Treads|Earthquake|p2a: Alomomola
|-damage|p2a: Alomomola|47/100
|move|p2a: Alomomola|Wish|p2a: Alomomola
|
|upkeep
|turn|46
|
|t:|1769298847
|-end|p1a: Iron Treads|Quark Drive|[silent]
|switch|p1a: Clefable|Clefable, M|65/100
|move|p2a: Alomomola|Flip Turn|p1a: Clefable
|-damage|p1a: Clefable|52/100
|
|t:|1769298850
|switch|p2a: Darkrai|Darkrai|36/100|[from] Flip Turn
|-damage|p2a: Darkrai|24/100|[from] Stealth Rock
|
|-heal|p2a: Darkrai|100/100|[from] move: Wish|[wisher] Alomomola
|-heal|p1a: Clefable|58/100|[from] item: Leftovers
|upkeep
|turn|47
|
|t:|1769298862
|move|p2a: Darkrai|Sludge Bomb|p1a: Clefable
|-supereffective|p1a: Clefable
|-damage|p1a: Clefable|0 fnt
|faint|p1a: Clefable
|
|upkeep
|
|t:|1769298871
|switch|p1a: Kyurem|Kyurem|33/100
|-ability|p1a: Kyurem|Pressure
|turn|48
|
|t:|1769298882
|switch|p1a: Iron Treads|Iron Treads|100/100
|move|p2a: Darkrai|Dark Pulse|p1a: Iron Treads
|-damage|p1a: Iron Treads|66/100
|
|-heal|p1a: Iron Treads|72/100|[from] item: Leftovers
|upkeep
|turn|49
|
|t:|1769298891
|move|p2a: Darkrai|Dark Pulse|p1a: Iron Treads
|-damage|p1a: Iron Treads|35/100
|cant|p1a: Iron Treads|flinch
|
|-heal|p1a: Iron Treads|41/100|[from] item: Leftovers
|upkeep
|turn|50
|
|t:|1769298897
|move|p2a: Darkrai|Dark Pulse|p1a: Iron Treads
|-damage|p1a: Iron Treads|4/100
|move|p1a: Iron Treads|Knock Off|p2a: Darkrai
|-resisted|p2a: Darkrai
|-damage|p2a: Darkrai|84/100
|-enditem|p2a: Darkrai|Focus Sash|[from] move: Knock Off|[of] p1a: Iron Treads
|
|-heal|p1a: Iron Treads|11/100|[from] item: Leftovers
|upkeep
|turn|51
|
|t:|1769298907
|move|p2a: Darkrai|Dark Pulse|p1a: Iron Treads
|-damage|p1a: Iron Treads|0 fnt
|faint|p1a: Iron Treads
|-end|p1a: Iron Treads|Quark Drive|[silent]
|
|upkeep
|
|t:|1769298912
|switch|p1a: Slowking|Slowking-Galar, M|83/100
|turn|52
|-message|psyforce1011 forfeited.
|
|win|bsgff
|raw|psyforce1011's rating: 1000 &rarr; <strong>1000</strong><br />(+0 for losing)
|raw|bsgff's rating: 1000 &rarr; <strong>1040</strong><br />(+40 for winning)
|l|☆psyforce1011
|player|p1|
