|j|☆RomK20
|j|☆floatzeltheking
|t:|1769368071
|gametype|singles
|player|p1|RomK20|benga|1095
|player|p2|floatzeltheking|brycen|1091
|gen|9
|tier|[Gen 9] OU
|rated|
|rule|HP Percentage Mod: HP is shown in percentages
|rule|Endless Battle Clause: Forcing endless battles is banned
|rule|Species Clause: Limit one of each Pokémon
|rule|OHKO Clause: OHKO moves are banned
|rule|Evasion Items Clause: Evasion items are banned
|rule|Evasion Moves Clause: Evasion moves are banned
|rule|Evasion Abilities Clause: Evasion abilities are banned
|rule|Sleep Moves Clause: Sleep-inducing moves are banned
|clearpoke
|poke|p1|Great Tusk|
|poke|p1|Kingambit, F|
|poke|p1|Iron Moth|
|poke|p1|Quagsire, M|
|poke|p1|Gliscor, M|
|poke|p1|Dragonite, M|
|poke|p2|Floatzel, M|
|poke|p2|Krookodile, M|
|poke|p2|Arboliva, F|
|poke|p2|Venomoth, F|
|poke|p2|Pelipper, F|
|poke|p2|Zebstrika, F|
|teampreview
|
|t:|1769368077
|teamsize|p1|6
|teamsize|p2|6
|start
|switch|p1a: Great Tusk|Great Tusk, shiny|100/100
|switch|p2a: Pelican|Pelipper, F|100/100
|-weather|RainDance|[from] ability: Drizzle|[of] p2a: Pelican
|turn|1
|
|t:|1769368083
|move|p2a: Pelican|Hurricane|p1a: Great Tusk
|-supereffective|p1a: Great Tusk
|-damage|p1a: Great Tusk|0 fnt
|faint|p1a: Great Tusk
|-end|p1a: Great Tusk|Protosynthesis|[silent]
|
|-weather|RainDance|[upkeep]
|upkeep
|
|t:|1769368093
|switch|p1a: Quagsire|Quagsire, M, shiny|100/100
|turn|2
|
|t:|1769368099
|move|p2a: Pelican|Hurricane|p1a: Quagsire
|-damage|p1a: Quagsire|40/100
|-start|p1a: Quagsire|confusion
|-activate|p1a: Quagsire|confusion
|-damage|p1a: Quagsire|35/100|[from] confusion
|
|-weather|RainDance|[upkeep]
|-heal|p1a: Quagsire|41/100|[from] item: Leftovers
|upkeep
|turn|3
|
|t:|1769368107
|move|p2a: Pelican|Hurricane|p1a: Quagsire
|-damage|p1a: Quagsire|0 fnt
|faint|p1a: Quagsire
|
|-weather|RainDance|[upkeep]
|upkeep
|c|☆floatzeltheking|well played
|
|t:|1769368116
|switch|p1a: Dragonite|Dragonite, M, shiny|100/100
|turn|4
|
|t:|1769368131
|move|p2a: Pelican|Hurricane|p1a: Dragonite
|-damage|p1a: Dragonite|77/100
|move|p1a: Dragonite|Dragon Dance|p1a: Dragonite
|-boost|p1a: Dragonite|atk|1
|-boost|p1a: Dragonite|spe|1
|
|-weather|RainDance|[upkeep]
|upkeep
|turn|5
|
|t:|1769368138
|switch|p2a: Goatzel|Floatzel, M|100/100
|move|p1a: Dragonite|Dragon Dance|p1a: Dragonite
|-boost|p1a: Dragonite|atk|1
|-boost|p1a: Dragonite|spe|1
|
|-weather|none
|upkeep
|turn|6
|
|t:|1769368149
|move|p1a: Dragonite|Earthquake|p2a: Goatzel
|-damage|p2a: Goatzel|0 fnt
|faint|p2a: Goatzel
|
|upkeep
|
|t:|1769368170
|switch|p2a: Zebra|Zebstrika, F|100/100
|turn|7
|
|t:|1769368174
|switch|p2a: Pelican|Pelipper, F|100/100
|-weather|RainDance|[from] ability: Drizzle|[of] p2a: Pelican
|move|p1a: Dragonite|Earthquake|p2a: Pelican
|-immune|p2a: Pelican
|
|-weather|RainDance|[upkeep]
|upkeep
|turn|8
|
|t:|1769368182
|move|p1a: Dragonite|Extreme Speed|p2a: Pelican
|-damage|p2a: Pelican|21/100
|move|p2a: Pelican|Ice Beam|p1a: Dragonite
|-supereffective|p1a: Dragonite
|-damage|p1a: Dragonite|0 fnt
|faint|p1a: Dragonite
|
|-weather|RainDance|[upkeep]
|upkeep
|
|t:|1769368192
|switch|p1a: Iron Moth|Iron Moth, shiny|100/100
|turn|9
|
|t:|1769368196
|switch|p2a: Swiper|Krookodile, M|100/100
|-ability|p2a: Swiper|Intimidate|boost
|-unboost|p1a: Iron Moth|atk|1
|move|p1a: Iron Moth|Fiery Dance|p2a: Swiper
|-damage|p2a: Swiper|71/100
|
|-weather|RainDance|[upkeep]
|upkeep
|turn|10
|
|t:|1769368203
|move|p1a: Iron Moth|Energy Ball|p2a: Swiper
|-supereffective|p2a: Swiper
|-damage|p2a: Swiper|0 fnt
|faint|p2a: Swiper
|
|-weather|RainDance|[upkeep]
|upkeep
|
|t:|1769368215
|switch|p2a: Zebra|Zebstrika, F|100/100
|turn|11
|
|t:|1769368223
|move|p2a: Zebra|Thunder|p1a: Iron Moth
|-damage|p1a: Iron Moth|46/100
|-status|p1a: Iron Moth|par
|-damage|p2a: Zebra|91/100|[from] item: Life Orb
|move|p1a: Iron Moth|Fiery Dance|p2a: Zebra
|-damage|p2a: Zebra|53/100
|
|-weather|none
|upkeep
|turn|12
|
|t:|1769368235
|move|p2a: Zebra|Thunder|p1a: Iron Moth
|-damage|p1a: Iron Moth|0 fnt
|faint|p1a: Iron Moth
|-end|p1a: Iron Moth|Quark Drive|[silent]
|-damage|p2a: Zebra|43/100|[from] item: Life Orb
|
|upkeep
|
|t:|1769368241
|switch|p1a: Gliscor|Gliscor, M, shiny|100/100
|turn|13
|
|t:|1769368249
|switch|p2a: Groot|Arboliva, F, shiny|100/100
|move|p1a: Gliscor|Toxic Spikes|p2a: Groot
|-sidestart|p2: floatzeltheking|move: Toxic Spikes
|
|-status|p1a: Gliscor|tox|[from] item: Toxic Orb
|upkeep
|turn|14
|
|t:|1769368258
|move|p1a: Gliscor|Toxic|p2a: Groot
|-status|p2a: Groot|tox
|move|p2a: Groot|Leech Seed|p1a: Gliscor
|-start|p1a: Gliscor|move: Leech Seed
|
|-damage|p1a: Gliscor|88/100 tox|[from] Leech Seed|[of] p2a: Groot
|-heal|p1a: Gliscor|100/100 tox|[from] ability: Poison Heal
|-damage|p2a: Groot|94/100 tox|[from] psn
|upkeep
|turn|15
|
|t:|1769368267
|switch|p2a: Akuma|Venomoth, F, shiny|100/100
|-sideend|p2: floatzeltheking|move: Toxic Spikes|[of] p2a: Akuma
|move|p1a: Gliscor|Earthquake|p2a: Akuma
|-crit|p2a: Akuma
|-damage|p2a: Akuma|10/100
|
|-damage|p1a: Gliscor|88/100 tox|[from] Leech Seed|[of] p2a: Akuma
|-heal|p2a: Akuma|26/100|[silent]
|-heal|p1a: Gliscor|100/100 tox|[from] ability: Poison Heal
|upkeep
|turn|16
|
|t:|1769368277
|switch|p2a: Pelican|Pelipper, F|21/100
|-weather|RainDance|[from] ability: Drizzle|[of] p2a: Pelican
|move|p1a: Gliscor|Earthquake|p2a: Pelican
|-immune|p2a: Pelican
|
|-weather|RainDance|[upkeep]
|-damage|p1a: Gliscor|88/100 tox|[from] Leech Seed|[of] p2a: Pelican
|-heal|p2a: Pelican|38/100|[silent]
|-heal|p1a: Gliscor|100/100 tox|[from] ability: Poison Heal
|upkeep
|turn|17
|
|t:|1769368287
|move|p2a: Pelican|Ice Beam|p1a: Gliscor
|-supereffective|p1a: Gliscor
|-damage|p1a: Gliscor|0 fnt
|faint|p1a: Gliscor
|
|-weather|RainDance|[upkeep]
|upkeep
|c|☆floatzeltheking|ggs
|
|t:|1769368296
|switch|p1a: Kingambit|Kingambit, F, shiny|100/100
|-activate|p1a: Kingambit|ability: Supreme Overlord
|-start|p1a: Kingambit|fallen5|[silent]
|turn|18
|inactive|Battle timer is ON: inactive players will automatically lose when time's up. (requested by floatzeltheking)
|
|t:|1769368305
|move|p2a: Pelican|Ice Beam|p1a: Kingambit
|-resisted|p1a: Kingambit
|-damage|p1a: Kingambit|89/100
|move|p1a: Kingambit|Swords Dance|p1a: Kingambit
|-boost|p1a: Kingambit|atk|2
|
|-weather|RainDance|[upkeep]
|-heal|p1a: Kingambit|95/100|[from] item: Leftovers
|upkeep
|turn|19
|
|t:|1769368314
|switch|p2a: Zebra|Zebstrika, F|43/100
|move|p1a: Kingambit|Swords Dance|p1a: Kingambit
|-boost|p1a: Kingambit|atk|2
|
|-weather|RainDance|[upkeep]
|-heal|p1a: Kingambit|100/100|[from] item: Leftovers
|upkeep
|turn|20
|
|t:|1769368324
|move|p1a: Kingambit|Sucker Punch||[still]
|-fail|p1a: Kingambit
|move|p2a: Zebra|Thunder Wave|p1a: Kingambit
|-status|p1a: Kingambit|par
|
|-weather|none
|upkeep
|turn|21
|
|t:|1769368331
|move|p2a: Zebra|Overheat|p1a: Kingambit
|-supereffective|p1a: Kingambit
|-damage|p1a: Kingambit|23/100 par
|-unboost|p2a: Zebra|spa|2
|-damage|p2a: Zebra|33/100|[from] item: Life Orb
|move|p1a: Kingambit|Kowtow Cleave|p2a: Zebra
|-damage|p2a: Zebra|0 fnt
|faint|p2a: Zebra
|
|-heal|p1a: Kingambit|29/100 par|[from] item: Leftovers
|upkeep
|
|t:|1769368340
|switch|p2a: Akuma|Venomoth, F, shiny|26/100
|turn|22
|
|t:|1769368345
|move|p2a: Akuma|Quiver Dance|p2a: Akuma
|-boost|p2a: Akuma|spa|1
|-boost|p2a: Akuma|spd|1
|-boost|p2a: Akuma|spe|1
|move|p1a: Kingambit|Kowtow Cleave|p2a: Akuma
|-damage|p2a: Akuma|0 fnt
|faint|p2a: Akuma
|
|-heal|p1a: Kingambit|35/100 par|[from] item: Leftovers
|upkeep
|
|t:|1769368353
|switch|p2a: Groot|Arboliva, F, shiny|94/100 tox
|turn|23
|
|t:|1769368357
|move|p2a: Groot|Leech Seed|p1a: Kingambit|[miss]
|-miss|p2a: Groot|p1a: Kingambit
|move|p1a: Kingambit|Kowtow Cleave|p2a: Groot
|-damage|p2a: Groot|0 fnt
|faint|p2a: Groot
|
|-heal|p1a: Kingambit|41/100 par|[from] item: Leftovers
|upkeep
|
|t:|1769368362
|switch|p2a: Pelican|Pelipper, F|38/100
|-weather|RainDance|[from] ability: Drizzle|[of] p2a: Pelican
|turn|24
|
|t:|1769368370
|move|p2a: Pelican|Feather Dance|p1a: Kingambit
|-unboost|p1a: Kingambit|atk|2
|cant|p1a: Kingambit|par
|
|-weather|RainDance|[upkeep]
|-heal|p1a: Kingambit|47/100 par|[from] item: Leftovers
|upkeep
|turn|25
|-message|floatzeltheking forfeited.
|
|win|RomK20
|raw|RomK20's rating: 1095 &rarr; <strong>1120</strong><br />(+25 for winning)
|raw|floatzeltheking's rating: 1091 &rarr; <strong>1068</strong><br />(-23 for losing)
|l|☆floatzeltheking
|player|p2|
|l|☆RomK20
|player|p1|
