|j|☆jtrainer22
|j|☆LaportaPotty
|t:|1769403555
|gametype|singles
|player|p1|jtrainer22|hugh|1329
|player|p2|LaportaPotty|170|1327
|gen|9
|tier|[Gen 9] OU
|rated|
|rule|HP Percentage Mod: HP is shown in percentages
|rule|Endless Battle Clause: Forcing endless battles is banned
|rule|Species Clause: Limit one of each Pokémon
|rule|OHKO Clause: OHKO moves are banned
|rule|Evasion Items Clause: Evasion items are banned
|rule|Evasion Moves Clause: Evasion moves are banned
|rule|Evasion Abilities Clause: Evasion abilities are banned
|rule|Sleep Moves Clause: Sleep-inducing moves are banned
|clearpoke
|poke|p1|Grimmsnarl, M|
|poke|p1|Iron Treads|
|poke|p1|Raging Bolt|
|poke|p1|Deoxys-Speed|
|poke|p1|Ogerpon-Wellspring, F|
|poke|p1|Ceruledge, M|
|poke|p2|Okidogi, M|
|poke|p2|Dragonite, F|
|poke|p2|Gholdengo|
|poke|p2|Sinistcha|
|poke|p2|Enamorus-Therian, F|
|poke|p2|Iron Treads|
|teampreview
|c|☆jtrainer22|glhf
|inactive|Battle timer is ON: inactive players will automatically lose when time's up. (requested by jtrainer22)
|c|☆LaportaPotty|thx u2
|inactive|jtrainer22 has 120 seconds left.
|
|t:|1769403601
|teamsize|p1|6
|teamsize|p2|6
|start
|switch|p1a: Iron Treads|Iron Treads, shiny|100/100
|switch|p2a: Okidogi|Okidogi, M|100/100
|-enditem|p1a: Iron Treads|Booster Energy
|-activate|p1a: Iron Treads|ability: Quark Drive|[fromitem]
|-start|p1a: Iron Treads|quarkdrivespe
|turn|1
|
|t:|1769403614
|move|p1a: Iron Treads|Earth Power|p2a: Okidogi
|-supereffective|p2a: Okidogi
|-damage|p2a: Okidogi|34/100
|move|p2a: Okidogi|Drain Punch|p1a: Iron Treads
|-supereffective|p1a: Iron Treads
|-damage|p1a: Iron Treads|20/100
|-heal|p2a: Okidogi|68/100|[from] drain|[of] p1a: Iron Treads
|
|upkeep
|turn|2
|
|t:|1769403622
|switch|p2a: Dragonite|Dragonite, F|100/100
|move|p1a: Iron Treads|Earth Power|p2a: Dragonite
|-immune|p2a: Dragonite
|
|upkeep
|turn|3
|inactive|jtrainer22 has 120 seconds left.
|
|t:|1769403657
|move|p1a: Iron Treads|Steel Beam|p2a: Dragonite
|-damage|p2a: Dragonite|77/100
|-damage|p1a: Iron Treads|0 fnt|[from] steelbeam
|faint|p1a: Iron Treads
|-end|p1a: Iron Treads|Quark Drive|[silent]
|move|p2a: Dragonite|Earthquake|p1: Iron Treads|[notarget]
|-fail|p2a: Dragonite
|
|upkeep
|inactive|jtrainer22 has 90 seconds left.
|
|t:|1769403697
|switch|p1a: Grimmsnarl|Grimmsnarl, M, shiny|100/100
|turn|4
|c|☆LaportaPotty|i always forget special treads is a thing
|
|t:|1769403714
|switch|p2a: Okidogi|Okidogi, M|68/100
|move|p1a: Grimmsnarl|Reflect|p1a: Grimmsnarl
|-sidestart|p1: jtrainer22|Reflect
|
|upkeep
|turn|5
|inactive|jtrainer22 has 90 seconds left.
|inactive|jtrainer22 has 60 seconds left.
|
|t:|1769403769
|switch|p1a: Deoxys|Deoxys-Speed, shiny|100/100
|-ability|p1a: Deoxys|Pressure
|move|p2a: Okidogi|Gunk Shot|p1a: Deoxys
|-damage|p1a: Deoxys|50/100
|
|-heal|p1a: Deoxys|56/100|[from] item: Leftovers
|upkeep
|turn|6
|inactive|LaportaPotty has 120 seconds left.
|
|t:|1769403812
|-terastallize|p2a: Okidogi|Dark
|move|p1a: Deoxys|Psycho Boost|p2a: Okidogi
|-immune|p2a: Okidogi
|move|p2a: Okidogi|Knock Off|p1a: Deoxys
|-supereffective|p1a: Deoxys
|-damage|p1a: Deoxys|0 fnt
|-enditem|p1a: Deoxys|Leftovers|[from] move: Knock Off|[of] p2a: Okidogi
|faint|p1a: Deoxys
|
|upkeep
|
|t:|1769403822
|switch|p1a: Ogerpon|Ogerpon-Wellspring, F|100/100
|turn|7
|inactive|jtrainer22 has 60 seconds left.
|
|t:|1769403829
|move|p1a: Ogerpon|Play Rough|p2a: Okidogi
|-supereffective|p2a: Okidogi
|-damage|p2a: Okidogi|11/100
|move|p2a: Okidogi|Gunk Shot|p1a: Ogerpon
|-supereffective|p1a: Ogerpon
|-damage|p1a: Ogerpon|12/100
|
|upkeep
|turn|8
|
|t:|1769403838
|switch|p2a: Sinistcha|Sinistcha|100/100
|move|p1a: Ogerpon|Trailblaze|p2a: Sinistcha
|-resisted|p2a: Sinistcha
|-damage|p2a: Sinistcha|90/100
|-boost|p1a: Ogerpon|spe|1
|
|upkeep
|turn|9
|inactive|jtrainer22 has 60 seconds left.
|
|t:|1769403864
|switch|p1a: Raging Bolt|Raging Bolt|100/100
|-enditem|p1a: Raging Bolt|Booster Energy
|-activate|p1a: Raging Bolt|ability: Protosynthesis|[fromitem]
|-start|p1a: Raging Bolt|protosynthesisspa
|move|p2a: Sinistcha|Hex|p1a: Raging Bolt
|-damage|p1a: Raging Bolt|78/100
|
|upkeep
|turn|10
|
|t:|1769403870
|move|p1a: Raging Bolt|Dragon Pulse|p2a: Sinistcha
|-damage|p2a: Sinistcha|12/100
|move|p2a: Sinistcha|Matcha Gotcha|p1a: Raging Bolt
|-resisted|p1a: Raging Bolt
|-damage|p1a: Raging Bolt|64/100
|-heal|p2a: Sinistcha|20/100|[from] drain|[of] p1a: Raging Bolt
|
|upkeep
|turn|11
|
|t:|1769403878
|switch|p2a: Enamorus|Enamorus-Therian, F|100/100
|move|p1a: Raging Bolt|Dragon Pulse|p2a: Enamorus
|-immune|p2a: Enamorus
|
|-sideend|p1: jtrainer22|Reflect
|upkeep
|turn|12
|
|t:|1769403890
|move|p1a: Raging Bolt|Thunderbolt|p2a: Enamorus
|-supereffective|p2a: Enamorus
|-damage|p2a: Enamorus|12/100
|move|p2a: Enamorus|Moonblast|p1a: Raging Bolt
|-supereffective|p1a: Raging Bolt
|-damage|p1a: Raging Bolt|0 fnt
|faint|p1a: Raging Bolt
|-end|p1a: Raging Bolt|Protosynthesis|[silent]
|
|upkeep
|
|t:|1769403897
|switch|p1a: Ogerpon|Ogerpon-Wellspring, F|12/100
|turn|13
|
|t:|1769403901
|move|p1a: Ogerpon|Ivy Cudgel|p2a: Enamorus|[anim] Ivy Cudgel Water
|-damage|p2a: Enamorus|0 fnt
|faint|p2a: Enamorus
|
|upkeep
|
|t:|1769403904
|switch|p2a: Dragonite|Dragonite, F|77/100
|turn|14
|
|t:|1769403909
|move|p2a: Dragonite|Extreme Speed|p1a: Ogerpon
|-damage|p1a: Ogerpon|0 fnt
|faint|p1a: Ogerpon
|
|upkeep
|
|t:|1769403915
|switch|p1a: Grimmsnarl|Grimmsnarl, M, shiny|100/100
|turn|15
|
|t:|1769403925
|switch|p2a: Okidogi|Okidogi, M, tera:Dark|11/100
|move|p1a: Grimmsnarl|Reflect|p1a: Grimmsnarl
|-sidestart|p1: jtrainer22|Reflect
|
|upkeep
|turn|16
|
|t:|1769403931
|move|p1a: Grimmsnarl|Low Kick|p2a: Okidogi
|-supereffective|p2a: Okidogi
|-damage|p2a: Okidogi|0 fnt
|faint|p2a: Okidogi
|
|upkeep
|
|t:|1769403934
|switch|p2a: Sinistcha|Sinistcha|20/100
|turn|17
|
|t:|1769403938
|move|p1a: Grimmsnarl|Taunt|p2a: Sinistcha
|-start|p2a: Sinistcha|move: Taunt
|cant|p2a: Sinistcha|move: Taunt|Strength Sap
|
|upkeep
|turn|18
|
|t:|1769403941
|move|p1a: Grimmsnarl|Light Screen|p1a: Grimmsnarl
|-sidestart|p1: jtrainer22|move: Light Screen
|move|p2a: Sinistcha|Matcha Gotcha|p1a: Grimmsnarl
|-damage|p1a: Grimmsnarl|80/100
|-heal|p2a: Sinistcha|30/100|[from] drain|[of] p1a: Grimmsnarl
|
|upkeep
|turn|19
|
|t:|1769403946
|switch|p1a: Ceruledge|Ceruledge, M, shiny|100/100
|move|p2a: Sinistcha|Matcha Gotcha|p1a: Ceruledge
|-resisted|p1a: Ceruledge
|-damage|p1a: Ceruledge|91/100
|-heal|p2a: Sinistcha|34/100|[from] drain|[of] p1a: Ceruledge
|
|-end|p2a: Sinistcha|move: Taunt
|upkeep
|turn|20
|
|t:|1769403952
|move|p1a: Ceruledge|Bitter Blade|p2a: Sinistcha
|-supereffective|p2a: Sinistcha
|-damage|p2a: Sinistcha|0 fnt
|-heal|p1a: Ceruledge|100/100|[from] drain|[of] p2a: Sinistcha
|faint|p2a: Sinistcha
|-damage|p1a: Ceruledge|91/100|[from] item: Life Orb
|
|upkeep
|
|t:|1769403954
|switch|p2a: Dragonite|Dragonite, F|77/100
|turn|21
|
|t:|1769403962
|move|p2a: Dragonite|Earthquake|p1a: Ceruledge
|-supereffective|p1a: Ceruledge
|-damage|p1a: Ceruledge|41/100
|-ability|p1a: Ceruledge|Weak Armor|boost
|-unboost|p1a: Ceruledge|def|1
|-boost|p1a: Ceruledge|spe|2
|move|p1a: Ceruledge|Poltergeist|p2a: Dragonite
|-activate|p2a: Dragonite|move: Poltergeist|Heavy-Duty Boots
|-damage|p2a: Dragonite|0 fnt
|faint|p2a: Dragonite
|-damage|p1a: Ceruledge|31/100|[from] item: Life Orb
|
|upkeep
|
|t:|1769403966
|switch|p2a: Gholdengo|Gholdengo|100/100
|turn|22
|
|t:|1769403983
|move|p1a: Ceruledge|Bitter Blade|p2a: Gholdengo
|-supereffective|p2a: Gholdengo
|-damage|p2a: Gholdengo|0 fnt
|-heal|p1a: Ceruledge|92/100|[from] drain|[of] p2a: Gholdengo
|faint|p2a: Gholdengo
|-damage|p1a: Ceruledge|82/100|[from] item: Life Orb
|
|-sideend|p1: jtrainer22|Reflect
|upkeep
|
|t:|1769403993
|switch|p2a: Iron Treads|Iron Treads|100/100
|turn|23
|
|t:|1769403997
|-terastallize|p1a: Ceruledge|Ghost
|move|p1a: Ceruledge|Bitter Blade|p2a: Iron Treads
|-supereffective|p2a: Iron Treads
|-damage|p2a: Iron Treads|0 fnt
|-heal|p1a: Ceruledge|100/100|[from] drain|[of] p2a: Iron Treads
|faint|p2a: Iron Treads
|-end|p2a: Iron Treads|Quark Drive|[silent]
|-damage|p1a: Ceruledge|91/100|[from] item: Life Orb
|
|win|jtrainer22
|raw|jtrainer22's rating: 1329 &rarr; <strong>1349</strong><br />(+20 for winning)
|raw|LaportaPotty's rating: 1327 &rarr; <strong>1307</strong><br />(-20 for losing)
|c|☆LaportaPotty|gg
|l|☆LaportaPotty
|player|p2|
|c|☆jtrainer22|gg
|l|☆jtrainer22
|player|p1|
