|badge|p2|bronze|gen9uu|100-8
|uhtml|medal-msg|<div class="broadcast-blue">Curious what those medals under the avatar are? PS now has Ladder Seasons! For more information, check out the <a href="https://www.smogon.com/forums/threads/3740067/">thread on Smogon.</a></div>
|j|☆sampoke19
|j|☆damorush
|t:|1769414471
|gametype|singles
|player|p1|sampoke19|265|1524
|player|p2|damorush|169|1664
|gen|9
|tier|[Gen 9] OU
|rated|
|rule|HP Percentage Mod: HP is shown in percentages
|rule|Endless Battle Clause: Forcing endless battles is banned
|rule|Species Clause: Limit one of each Pokémon
|rule|OHKO Clause: OHKO moves are banned
|rule|Evasion Items Clause: Evasion items are banned
|rule|Evasion Moves Clause: Evasion moves are banned
|rule|Evasion Abilities Clause: Evasion abilities are banned
|rule|Sleep Moves Clause: Sleep-inducing moves are banned
|clearpoke
|poke|p1|Blastoise, M|
|poke|p1|Ceruledge, M|
|poke|p1|Kingambit, F|
|poke|p1|Volcanion|
|poke|p1|Great Tusk|
|poke|p1|Dragonite, M|
|poke|p2|Iron Crown|
|poke|p2|Samurott-Hisui, M|
|poke|p2|Zapdos|
|poke|p2|Dragapult, M|
|poke|p2|Great Tusk|
|poke|p2|Iron Boulder|
|teampreview
|j| nitroLazer120
|
|t:|1769414501
|teamsize|p1|6
|teamsize|p2|6
|start
|switch|p1a: Dragonite|Dragonite, M|100/100
|switch|p2a: Mindreader|Iron Crown|100/100
|turn|1
|j| Samurajen
|
|t:|1769414511
|switch|p1a: Great Tusk|Great Tusk|100/100
|-enditem|p1a: Great Tusk|Booster Energy
|-activate|p1a: Great Tusk|ability: Protosynthesis|[fromitem]
|-start|p1a: Great Tusk|protosynthesisspe
|move|p2a: Mindreader|Volt Switch|p1a: Great Tusk
|-immune|p1a: Great Tusk
|
|upkeep
|turn|2
|
|t:|1769414519
|-end|p2a: Mindreader|Quark Drive|[silent]
|switch|p2a: Hurikan|Zapdos|100/100
|move|p1a: Great Tusk|Stealth Rock|p2a: Hurikan
|-sidestart|p2: damorush|move: Stealth Rock
|
|upkeep
|turn|3
|
|t:|1769414528
|-end|p1a: Great Tusk|Protosynthesis|[silent]
|switch|p1a: Kingambit|Kingambit, F|100/100
|move|p2a: Hurikan|Hurricane|p1a: Kingambit
|-resisted|p1a: Kingambit
|-damage|p1a: Kingambit|81/100
|-start|p1a: Kingambit|confusion
|
|upkeep
|turn|4
|
|t:|1769414549
|move|p2a: Hurikan|Discharge|p1a: Kingambit
|-damage|p1a: Kingambit|49/100
|-status|p1a: Kingambit|par
|-enditem|p1a: Kingambit|Sitrus Berry|[eat]
|-heal|p1a: Kingambit|74/100 par|[from] item: Sitrus Berry
|-activate|p1a: Kingambit|confusion
|move|p1a: Kingambit|Swords Dance|p1a: Kingambit
|-boost|p1a: Kingambit|atk|2
|
|upkeep
|turn|5
|
|t:|1769414583
|move|p2a: Hurikan|Discharge|p1a: Kingambit
|-damage|p1a: Kingambit|44/100 par
|-activate|p1a: Kingambit|confusion
|move|p1a: Kingambit|Iron Head|p2a: Hurikan
|-resisted|p2a: Hurikan
|-damage|p2a: Hurikan|67/100
|
|upkeep
|turn|6
|
|t:|1769414610
|move|p2a: Hurikan|Discharge|p1a: Kingambit
|-damage|p1a: Kingambit|15/100 par
|-end|p1a: Kingambit|confusion
|move|p1a: Kingambit|Kowtow Cleave|p2a: Hurikan
|-damage|p2a: Hurikan|0 fnt
|faint|p2a: Hurikan
|
|upkeep
|
|t:|1769414616
|switch|p2a: Pump It|Great Tusk|100/100
|turn|7
|
|t:|1769414644
|move|p2a: Pump It|Headlong Rush|p1a: Kingambit
|-supereffective|p1a: Kingambit
|-damage|p1a: Kingambit|0 fnt
|-unboost|p2a: Pump It|def|1
|-unboost|p2a: Pump It|spd|1
|faint|p1a: Kingambit
|-end|p1a: Kingambit|fallenundefined|[silent]
|
|upkeep
|l| nitroLazer120
|
|t:|1769414663
|switch|p1a: Ceruledge|Ceruledge, M|100/100
|turn|8
|
|t:|1769414677
|-end|p2a: Pump It|Protosynthesis|[silent]
|switch|p2a: Everytime We Touch|Samurott-Hisui, M|100/100
|-damage|p2a: Everytime We Touch|88/100|[from] Stealth Rock
|move|p1a: Ceruledge|Swords Dance|p1a: Ceruledge
|-boost|p1a: Ceruledge|atk|2
|
|upkeep
|turn|9
|
|t:|1769414689
|move|p2a: Everytime We Touch|Ceaseless Edge|p1a: Ceruledge|[miss]
|-miss|p2a: Everytime We Touch|p1a: Ceruledge
|move|p1a: Ceruledge|Bitter Blade|p2a: Everytime We Touch
|-resisted|p2a: Everytime We Touch
|-damage|p2a: Everytime We Touch|29/100
|
|upkeep
|turn|10
|
|t:|1769414697
|move|p2a: Everytime We Touch|Ceaseless Edge|p1a: Ceruledge
|-supereffective|p1a: Ceruledge
|-enditem|p1a: Ceruledge|Focus Sash
|-damage|p1a: Ceruledge|1/100
|-ability|p1a: Ceruledge|Weak Armor|boost
|-unboost|p1a: Ceruledge|def|1
|-boost|p1a: Ceruledge|spe|2
|-sidestart|p1: sampoke19|Spikes
|move|p1a: Ceruledge|Bitter Blade|p2a: Everytime We Touch
|-resisted|p2a: Everytime We Touch
|-damage|p2a: Everytime We Touch|0 fnt
|-heal|p1a: Ceruledge|17/100|[from] drain|[of] p2a: Everytime We Touch
|faint|p2a: Everytime We Touch
|
|upkeep
|
|t:|1769414708
|switch|p2a: Parasite|Dragapult, M|100/100
|-damage|p2a: Parasite|88/100|[from] Stealth Rock
|turn|11
|
|t:|1769414713
|move|p1a: Ceruledge|Shadow Sneak|p2a: Parasite
|-supereffective|p2a: Parasite
|-crit|p2a: Parasite
|-damage|p2a: Parasite|0 fnt
|faint|p2a: Parasite
|
|upkeep
|
|t:|1769414716
|switch|p2a: Revery|Iron Boulder|100/100
|-damage|p2a: Revery|88/100|[from] Stealth Rock
|-enditem|p2a: Revery|Booster Energy
|-activate|p2a: Revery|ability: Quark Drive|[fromitem]
|-start|p2a: Revery|quarkdrivespe
|turn|12
|
|t:|1769414724
|-terastallize|p2a: Revery|Fighting
|move|p1a: Ceruledge|Shadow Sneak|p2a: Revery
|-damage|p2a: Revery|33/100
|move|p2a: Revery|Mighty Cleave|p1a: Ceruledge
|-supereffective|p1a: Ceruledge
|-damage|p1a: Ceruledge|0 fnt
|faint|p1a: Ceruledge
|
|upkeep
|
|t:|1769414733
|switch|p1a: Great Tusk|Great Tusk|100/100
|-damage|p1a: Great Tusk|88/100|[from] Spikes
|turn|13
|
|t:|1769414738
|move|p2a: Revery|Zen Headbutt|p1a: Great Tusk
|-supereffective|p1a: Great Tusk
|-damage|p1a: Great Tusk|28/100
|cant|p1a: Great Tusk|flinch
|
|upkeep
|turn|14
|
|t:|1769414745
|move|p2a: Revery|Zen Headbutt|p1a: Great Tusk
|-supereffective|p1a: Great Tusk
|-damage|p1a: Great Tusk|0 fnt
|faint|p1a: Great Tusk
|-end|p1a: Great Tusk|Protosynthesis|[silent]
|
|upkeep
|
|t:|1769414754
|switch|p1a: Dragonite|Dragonite, M|100/100
|turn|15
|
|t:|1769414762
|move|p2a: Revery|Mighty Cleave|p1a: Dragonite
|-supereffective|p1a: Dragonite
|-damage|p1a: Dragonite|50/100
|move|p1a: Dragonite|Scale Shot|p2a: Revery
|-damage|p2a: Revery|15/100
|-damage|p2a: Revery|0 fnt
|faint|p2a: Revery
|-end|p2a: Revery|Quark Drive|[silent]
|-hitcount|p2: Revery|2
|-unboost|p1a: Dragonite|def|1
|-boost|p1a: Dragonite|spe|1
|
|upkeep
|
|t:|1769414767
|switch|p2a: Pump It|Great Tusk|100/100
|turn|16
|
|t:|1769414788
|move|p1a: Dragonite|Scale Shot|p2a: Pump It
|-damage|p2a: Pump It|91/100
|-damage|p2a: Pump It|81/100
|-damage|p2a: Pump It|71/100
|-damage|p2a: Pump It|62/100
|-damage|p2a: Pump It|53/100
|-hitcount|p2a: Pump It|5
|-unboost|p1a: Dragonite|def|1
|-boost|p1a: Dragonite|spe|1
|move|p2a: Pump It|Ice Spinner|p1a: Dragonite
|-supereffective|p1a: Dragonite
|-damage|p1a: Dragonite|0 fnt
|faint|p1a: Dragonite
|
|upkeep
|
|t:|1769414808
|switch|p1a: Blastoise|Blastoise, M, shiny|100/100
|-damage|p1a: Blastoise|88/100|[from] Spikes
|turn|17
|
|t:|1769414814
|move|p2a: Pump It|Headlong Rush|p1a: Blastoise
|-damage|p1a: Blastoise|24/100
|-unboost|p2a: Pump It|def|1
|-unboost|p2a: Pump It|spd|1
|move|p1a: Blastoise|Shell Smash|p1a: Blastoise
|-unboost|p1a: Blastoise|def|1
|-unboost|p1a: Blastoise|spd|1
|-boost|p1a: Blastoise|atk|2
|-boost|p1a: Blastoise|spa|2
|-boost|p1a: Blastoise|spe|2
|-enditem|p1a: Blastoise|White Herb
|-clearnegativeboost|p1a: Blastoise|[silent]
|
|upkeep
|turn|18
|
|t:|1769414825
|move|p1a: Blastoise|Ice Beam|p2a: Pump It
|-supereffective|p2a: Pump It
|-damage|p2a: Pump It|0 fnt
|faint|p2a: Pump It
|-end|p2a: Pump It|Protosynthesis|[silent]
|
|upkeep
|
|t:|1769414828
|switch|p2a: Mindreader|Iron Crown|100/100
|-damage|p2a: Mindreader|94/100|[from] Stealth Rock
|turn|19
|
|t:|1769414836
|move|p1a: Blastoise|Hydro Pump|p2a: Mindreader
|-damage|p2a: Mindreader|0 fnt
|faint|p2a: Mindreader
|-end|p2a: Mindreader|Quark Drive|[silent]
|
|win|sampoke19
|raw|sampoke19's rating: 1524 &rarr; <strong>1553</strong><br />(+29 for winning)
|raw|damorush's rating: 1700 &rarr; <strong>1671</strong><br />(-29 for losing)
|l|☆damorush
|player|p2|
|l|☆sampoke19
|player|p1|
