|j|☆capt.once
|j|☆gonpal
|t:|1769429906
|gametype|singles
|player|p1|capt.once|clerkf|1298
|player|p2|gonpal|hilbert-wonderlauncher|1346
|gen|9
|tier|[Gen 9] OU
|rated|
|rule|HP Percentage Mod: HP is shown in percentages
|rule|Endless Battle Clause: Forcing endless battles is banned
|rule|Species Clause: Limit one of each Pokémon
|rule|OHKO Clause: OHKO moves are banned
|rule|Evasion Items Clause: Evasion items are banned
|rule|Evasion Moves Clause: Evasion moves are banned
|rule|Evasion Abilities Clause: Evasion abilities are banned
|rule|Sleep Moves Clause: Sleep-inducing moves are banned
|clearpoke
|poke|p1|Samurott-Hisui, F|
|poke|p1|Salamence, F|
|poke|p1|Abomasnow, F|
|poke|p1|Glimmora, F|
|poke|p1|Iron Valiant|
|poke|p1|Iron Hands|
|poke|p2|Landorus-Therian, M|
|poke|p2|Kyurem|
|poke|p2|Great Tusk|
|poke|p2|Ceruledge, F|
|poke|p2|Gliscor, M|
|poke|p2|Scizor, M|
|teampreview
|inactive|Battle timer is ON: inactive players will automatically lose when time's up. (requested by capt.once)
|
|t:|1769429919
|teamsize|p1|6
|teamsize|p2|6
|start
|switch|p1a: Samurott|Samurott-Hisui, F|100/100
|switch|p2a: Chad|Kyurem, shiny|100/100
|-ability|p2a: Chad|Pressure
|turn|1
|
|t:|1769429928
|move|p1a: Samurott|Sacred Sword|p2a: Chad
|-supereffective|p2a: Chad
|-damage|p2a: Chad|15/100
|move|p2a: Chad|Freeze-Dry|p1a: Samurott
|-supereffective|p1a: Samurott
|-damage|p1a: Samurott|0 fnt
|faint|p1a: Samurott
|
|upkeep
|
|t:|1769429939
|switch|p1a: Salamence|Salamence, F|100/100
|turn|2
|
|t:|1769429953
|switch|p2a: Goat|Landorus-Therian, M, shiny|100/100
|-ability|p2a: Goat|Intimidate|boost
|-unboost|p1a: Salamence|atk|1
|move|p1a: Salamence|Dual Wingbeat|p2a: Goat
|-damage|p2a: Goat|83/100
|-damage|p2a: Goat|66/100
|-hitcount|p2a: Goat|2
|
|upkeep
|turn|3
|
|t:|1769429967
|switch|p1a: Abomasnow|Abomasnow, F|100/100
|-weather|Snowscape|[from] ability: Snow Warning|[of] p1a: Abomasnow
|move|p2a: Goat|U-turn|p1a: Abomasnow
|-supereffective|p1a: Abomasnow
|-damage|p1a: Abomasnow|57/100
|
|t:|1769429974
|switch|p2a: Chad|Kyurem, shiny|15/100|[from] U-turn
|-ability|p2a: Chad|Pressure
|
|-weather|Snowscape|[upkeep]
|upkeep
|turn|4
|
|t:|1769429983
|move|p2a: Chad|Ice Beam|p1a: Abomasnow
|-damage|p1a: Abomasnow|0 fnt
|faint|p1a: Abomasnow
|
|-weather|Snowscape|[upkeep]
|upkeep
|
|t:|1769429994
|switch|p1a: Iron Valiant|Iron Valiant|100/100
|-enditem|p1a: Iron Valiant|Booster Energy
|-activate|p1a: Iron Valiant|ability: Quark Drive|[fromitem]
|-start|p1a: Iron Valiant|quarkdrivespe
|turn|5
|
|t:|1769429999
|move|p1a: Iron Valiant|Moonblast|p2a: Chad
|-supereffective|p2a: Chad
|-damage|p2a: Chad|0 fnt
|faint|p2a: Chad
|
|-weather|Snowscape|[upkeep]
|upkeep
|
|t:|1769430011
|switch|p2a: Hehe|Gliscor, M, shiny|100/100
|turn|6
|
|t:|1769430018
|move|p1a: Iron Valiant|Moonblast|p2a: Hehe
|-damage|p2a: Hehe|40/100
|move|p2a: Hehe|Toxic|p1a: Iron Valiant|[miss]
|-miss|p2a: Hehe|p1a: Iron Valiant
|
|-weather|Snowscape|[upkeep]
|-status|p2a: Hehe|tox|[from] item: Toxic Orb
|upkeep
|turn|7
|
|t:|1769430027
|move|p2a: Hehe|Protect|p2a: Hehe
|-singleturn|p2a: Hehe|Protect
|move|p1a: Iron Valiant|Moonblast|p2a: Hehe
|-activate|p2a: Hehe|move: Protect
|
|-weather|none
|-damage|p2a: Hehe|34/100 tox|[from] psn
|upkeep
|turn|8
|
|t:|1769430037
|switch|p2a: Random|Ceruledge, F, shiny|100/100
|move|p1a: Iron Valiant|Moonblast|p2a: Random
|-resisted|p2a: Random
|-damage|p2a: Random|72/100
|-unboost|p2a: Random|spa|1
|
|upkeep
|turn|9
|
|t:|1769430052
|move|p2a: Random|Shadow Sneak|p1a: Iron Valiant
|-damage|p1a: Iron Valiant|68/100
|-damage|p2a: Random|62/100|[from] item: Life Orb
|move|p1a: Iron Valiant|Psychic|p2a: Random
|-damage|p2a: Random|29/100
|
|upkeep
|turn|10
|
|t:|1769430062
|-end|p1a: Iron Valiant|Quark Drive|[silent]
|switch|p1a: Iron Hands|Iron Hands|100/100
|-enditem|p1a: Iron Hands|Booster Energy
|-activate|p1a: Iron Hands|ability: Quark Drive|[fromitem]
|-start|p1a: Iron Hands|quarkdriveatk
|move|p2a: Random|Bitter Blade|p1a: Iron Hands
|-damage|p1a: Iron Hands|64/100
|-heal|p2a: Random|57/100|[from] drain|[of] p1a: Iron Hands
|-damage|p2a: Random|47/100|[from] item: Life Orb
|
|upkeep
|turn|11
|
|t:|1769430074
|move|p2a: Random|Bitter Blade|p1a: Iron Hands
|-damage|p1a: Iron Hands|29/100
|-heal|p2a: Random|74/100|[from] drain|[of] p1a: Iron Hands
|-damage|p2a: Random|64/100|[from] item: Life Orb
|move|p1a: Iron Hands|Earthquake|p2a: Random
|-supereffective|p2a: Random
|-damage|p2a: Random|0 fnt
|faint|p2a: Random
|
|upkeep
|
|t:|1769430078
|switch|p2a: Hehe|Gliscor, M, shiny|34/100 tox
|turn|12
|
|t:|1769430087
|switch|p2a: Lesbian|Scizor, M, shiny|100/100
|move|p1a: Iron Hands|Ice Punch|p2a: Lesbian
|-resisted|p2a: Lesbian
|-damage|p2a: Lesbian|81/100
|
|upkeep
|turn|13
|
|t:|1769430101
|move|p2a: Lesbian|U-turn|p1a: Iron Hands
|-resisted|p1a: Iron Hands
|-damage|p1a: Iron Hands|18/100
|
|t:|1769430103
|switch|p2a: Great Giga|Great Tusk, shiny|100/100|[from] U-turn
|-enditem|p2a: Great Giga|Booster Energy
|-activate|p2a: Great Giga|ability: Protosynthesis|[fromitem]
|-start|p2a: Great Giga|protosynthesisspe
|move|p1a: Iron Hands|Wild Charge|p2a: Great Giga
|-immune|p2a: Great Giga
|
|upkeep
|turn|14
|
|t:|1769430113
|move|p2a: Great Giga|Headlong Rush|p1a: Iron Hands
|-supereffective|p1a: Iron Hands
|-damage|p1a: Iron Hands|0 fnt
|-unboost|p2a: Great Giga|def|1
|-unboost|p2a: Great Giga|spd|1
|faint|p1a: Iron Hands
|-end|p1a: Iron Hands|Quark Drive|[silent]
|
|upkeep
|
|t:|1769430129
|switch|p1a: Iron Valiant|Iron Valiant|68/100
|turn|15
|
|t:|1769430137
|move|p2a: Great Giga|Headlong Rush|p1a: Iron Valiant
|-damage|p1a: Iron Valiant|0 fnt
|-unboost|p2a: Great Giga|def|1
|-unboost|p2a: Great Giga|spd|1
|faint|p1a: Iron Valiant
|-end|p1a: Iron Valiant|Quark Drive|[silent]
|
|upkeep
|
|t:|1769430144
|switch|p1a: Salamence|Salamence, F|100/100
|turn|16
|
|t:|1769430147
|move|p2a: Great Giga|Ice Spinner|p1a: Salamence
|-supereffective|p1a: Salamence
|-damage|p1a: Salamence|0 fnt
|faint|p1a: Salamence
|
|upkeep
|c|☆gonpal|gg
|
|t:|1769430158
|switch|p1a: Glimmora|Glimmora, F|100/100
|turn|17
|
|t:|1769430163
|move|p2a: Great Giga|Headlong Rush|p1a: Glimmora
|-supereffective|p1a: Glimmora
|-damage|p1a: Glimmora|0 fnt
|-unboost|p2a: Great Giga|def|1
|-unboost|p2a: Great Giga|spd|1
|-activate|p1a: Glimmora|ability: Toxic Debris
|-sidestart|p2: gonpal|move: Toxic Spikes
|faint|p1a: Glimmora
|
|win|gonpal
|raw|capt.once's rating: 1298 &rarr; <strong>1276</strong><br />(-22 for losing)
|raw|gonpal's rating: 1346 &rarr; <strong>1363</strong><br />(+17 for winning)
|l|☆gonpal
|player|p2|
|l|☆capt.once
|player|p1|
