|j|☆pogchimp970314
|j|☆Dhrabb
|inactive|Battle timer is ON: inactive players will automatically lose when time's up.
|t:|1769411751
|gametype|singles
|player|p1|pogchimp970314|elesa-masters|
|player|p2|Dhrabb|#wcop2024bangladesh|
|gen|9
|tier|[Gen 9] OU
|rated|Tournament battle
|rule|HP Percentage Mod: HP is shown in percentages
|rule|Endless Battle Clause: Forcing endless battles is banned
|rule|Species Clause: Limit one of each Pokémon
|rule|OHKO Clause: OHKO moves are banned
|rule|Evasion Items Clause: Evasion items are banned
|rule|Evasion Moves Clause: Evasion moves are banned
|rule|Evasion Abilities Clause: Evasion abilities are banned
|rule|Sleep Moves Clause: Sleep-inducing moves are banned
|clearpoke
|poke|p1|Great Tusk|
|poke|p1|Walking Wake|
|poke|p1|Kingambit, F|
|poke|p1|Venusaur, M|
|poke|p1|Ninetales, M|
|poke|p1|Raging Bolt|
|poke|p2|Lokix, M|
|poke|p2|Alomomola, F|
|poke|p2|Great Tusk|
|poke|p2|Latias, F|
|poke|p2|Pecharunt|
|poke|p2|Cinderace, M|
|teampreview
|inactive|pogchimp970314 also wants the timer to be on.
|j| Dracovish420
|j| AbrarS
|j| arcanezy
|c|☆Dhrabb|Hf
|j| LarpinLysander
|j| lambdaequation
|c|☆pogchimp970314|gl
|j| S0R4ND0MZ
|c|☆Dhrabb|I brought some garbage it might be joever
|c|☆pogchimp970314|uubl = garbage
|inactive|Dhrabb has 120 seconds left.
|c|☆Dhrabb|Na you'll see
|
|t:|1769411805
|teamsize|p1|6
|teamsize|p2|6
|start
|switch|p1a: Ninetales|Ninetales, M|100/100
|switch|p2a: Alomomola|Alomomola, F|100/100
|-weather|SunnyDay|[from] ability: Drought|[of] p1a: Ninetales
|turn|1
|
|t:|1769411815
|move|p1a: Ninetales|Will-O-Wisp|p2a: Alomomola
|-status|p2a: Alomomola|brn
|move|p2a: Alomomola|Flip Turn|p1a: Ninetales
|-supereffective|p1a: Ninetales
|-damage|p1a: Ninetales|92/100
|c| AbrarS|Lead goat
|j|%Tb0lt
|
|t:|1769411832
|switch|p2a: Cinderace|Cinderace, M|100/100|[from] Flip Turn
|
|-weather|SunnyDay|[upkeep]
|upkeep
|turn|2
|j| quarkstation
|inactive|pogchimp970314 has 120 seconds left.
|
|t:|1769411870
|switch|p1a: Walking Wake|Walking Wake|100/100
|-activate|p1a: Walking Wake|ability: Protosynthesis
|-start|p1a: Walking Wake|protosynthesisspe
|move|p2a: Cinderace|U-turn|p1a: Walking Wake
|-start|p2a: Cinderace|typechange|Bug|[from] ability: Libero
|-damage|p1a: Walking Wake|62/100
|
|t:|1769411879
|switch|p2a: Alomomola|Alomomola, F|100/100 brn|[from] U-turn
|
|-weather|SunnyDay|[upkeep]
|-damage|p2a: Alomomola|94/100 brn|[from] brn
|upkeep
|turn|3
|
|t:|1769411891
|move|p1a: Walking Wake|Draco Meteor|p2a: Alomomola
|-damage|p2a: Alomomola|57/100 brn
|-unboost|p1a: Walking Wake|spa|2
|move|p2a: Alomomola|Flip Turn|p1a: Walking Wake
|-resisted|p1a: Walking Wake
|-damage|p1a: Walking Wake|61/100
|
|t:|1769411904
|switch|p2a: Cinderace|Cinderace, M|100/100|[from] Flip Turn
|
|-weather|SunnyDay|[upkeep]
|upkeep
|turn|4
|inactive|pogchimp970314 has 120 seconds left.
|
|t:|1769411926
|move|p1a: Walking Wake|Hydro Steam|p2a: Cinderace
|-supereffective|p2a: Cinderace
|-damage|p2a: Cinderace|5/100
|move|p2a: Cinderace|U-turn|p1a: Walking Wake
|-start|p2a: Cinderace|typechange|Bug|[from] ability: Libero
|-damage|p1a: Walking Wake|24/100
|c|☆Dhrabb|Oh
|
|t:|1769411935
|switch|p2a: Alomomola|Alomomola, F|90/100 brn|[from] U-turn
|
|-weather|SunnyDay|[upkeep]
|-damage|p2a: Alomomola|84/100 brn|[from] brn
|upkeep
|turn|5
|c| quarkstation|greedy uturn
|inactive|pogchimp970314 has 120 seconds left.
|c| AbrarS|Playing it safe
|c|☆Dhrabb|Me when I don't calc
|
|t:|1769411972
|-end|p1a: Walking Wake|Protosynthesis|[silent]
|switch|p1a: Venusaur|Venusaur, M|100/100
|move|p2a: Alomomola|Flip Turn|p1a: Venusaur
|-resisted|p1a: Venusaur
|-damage|p1a: Venusaur|98/100
|
|t:|1769411977
|switch|p2a: Latias|Latias, F|100/100|[from] Flip Turn
|
|-weather|SunnyDay|[upkeep]
|upkeep
|turn|6
|c| arcanezy|theres a calculator for ths?
|c| quarkstation|yes
|c|%Tb0lt|!calc
|c|%Tb0lt|/raw <div class="infobox">Pok&eacute;mon Showdown! damage calculator. (Courtesy of Honko, Austin, dhelmise, &amp; jetou)<br />- <a href="https://calc.pokemonshowdown.com/index.html?gen=9">Damage Calculator</a></div>
|c|☆pogchimp970314|desmos
|c|☆pogchimp970314|i use desmos
|c| quarkstation|smart fella ^
|c|☆Dhrabb|I personally like casio
|inactive|pogchimp970314 has 90 seconds left.
|
|t:|1769412002
|move|p1a: Venusaur|Sludge Bomb|p2a: Latias
|-damage|p2a: Latias|51/100
|-status|p2a: Latias|psn
|-damage|p1a: Venusaur|88/100|[from] item: Life Orb
|move|p2a: Latias|Aura Sphere|p1a: Venusaur
|-resisted|p1a: Venusaur
|-damage|p1a: Venusaur|72/100
|
|-weather|SunnyDay|[upkeep]
|-damage|p2a: Latias|39/100 psn|[from] psn
|upkeep
|turn|7
|inactive|pogchimp970314 has 90 seconds left.
|
|t:|1769412021
|switch|p2a: Alomomola|Alomomola, F|100/100 brn
|move|p1a: Venusaur|Sludge Bomb|p2a: Alomomola
|-damage|p2a: Alomomola|75/100 brn
|-damage|p1a: Venusaur|62/100|[from] item: Life Orb
|
|-weather|SunnyDay|[upkeep]
|-damage|p2a: Alomomola|69/100 brn|[from] brn
|upkeep
|turn|8
|inactive|Dhrabb has 120 seconds left.
|j|+Audio Peel
|
|t:|1769412076
|move|p1a: Venusaur|Giga Drain|p2a: Alomomola
|-supereffective|p2a: Alomomola
|-damage|p2a: Alomomola|24/100 brn
|-heal|p1a: Venusaur|98/100|[from] drain|[of] p2a: Alomomola
|-damage|p1a: Venusaur|88/100|[from] item: Life Orb
|move|p2a: Alomomola|Flip Turn|p1a: Venusaur
|-resisted|p1a: Venusaur
|-damage|p1a: Venusaur|85/100
|
|t:|1769412082
|switch|p2a: Latias|Latias, F|39/100 psn|[from] Flip Turn
|
|-weather|none
|-damage|p2a: Latias|27/100 psn|[from] psn
|upkeep
|turn|9
|j| gallery park
|
|t:|1769412100
|switch|p1a: Ninetales|Ninetales, M|92/100
|-weather|SunnyDay|[from] ability: Drought|[of] p1a: Ninetales
|move|p2a: Latias|Draco Meteor|p1a: Ninetales
|-damage|p1a: Ninetales|29/100
|-unboost|p2a: Latias|spa|2
|-enditem|p2a: Latias|Eject Pack
|c| arcanezy|what does the wiiner of tournamnet get?
|
|t:|1769412118
|switch|p2a: Cinderace|Cinderace, M|5/100
|
|-weather|SunnyDay|[upkeep]
|upkeep
|turn|10
|c|+Audio Peel|brag right
|c| AbrarS|Bragging rights
|c|+Audio Peel|thats all
|c|%Tb0lt|a prize you won't believe
|c|☆pogchimp970314|5 thousand iranian rials
|c| AbrarS|And some points on monthly table
|c|+Audio Peel|they also get something else...
|
|t:|1769412136
|switch|p1a: Great Tusk|Great Tusk|100/100
|-activate|p1a: Great Tusk|ability: Protosynthesis
|-start|p1a: Great Tusk|protosynthesisatk
|move|p2a: Cinderace|Pyro Ball|p1a: Great Tusk
|-damage|p1a: Great Tusk|46/100
|
|-weather|SunnyDay|[upkeep]
|upkeep
|turn|11
|c|+Audio Peel|those who know:
|
|t:|1769412145
|move|p2a: Cinderace|Pyro Ball|p1a: Great Tusk
|-damage|p1a: Great Tusk|0 fnt
|faint|p1a: Great Tusk
|-end|p1a: Great Tusk|Protosynthesis|[silent]
|
|-weather|SunnyDay|[upkeep]
|upkeep
|
|t:|1769412148
|switch|p1a: Walking Wake|Walking Wake|24/100
|-activate|p1a: Walking Wake|ability: Protosynthesis
|-start|p1a: Walking Wake|protosynthesisspe
|turn|12
|c| arcanezy|worth it i guess
|c| quarkstation|i find it to be Unknowable
|inactive|Dhrabb has 90 seconds left.
|
|t:|1769412175
|move|p1a: Walking Wake|Hydro Steam|p2a: Cinderace
|-supereffective|p2a: Cinderace
|-damage|p2a: Cinderace|0 fnt
|faint|p2a: Cinderace
|
|-weather|SunnyDay|[upkeep]
|upkeep
|c| AbrarS|I was sacking lati there
|inactive|Dhrabb has 90 seconds left.
|
|t:|1769412182
|switch|p2a: Alomomola|Alomomola, F|57/100 brn
|turn|13
|
|t:|1769412188
|move|p1a: Walking Wake|Flip Turn|p2a: Alomomola
|-resisted|p2a: Alomomola
|-damage|p2a: Alomomola|55/100 brn
|
|t:|1769412193
|-end|p1a: Walking Wake|Protosynthesis|[silent]
|switch|p1a: Venusaur|Venusaur, M|85/100|[from] Flip Turn
|move|p2a: Alomomola|Mirror Coat||[still]
|-fail|p2a: Alomomola
|
|-weather|SunnyDay|[upkeep]
|-damage|p2a: Alomomola|49/100 brn|[from] brn
|upkeep
|turn|14
|
|t:|1769412202
|switch|p2a: Lokix|Lokix, M|100/100
|move|p1a: Venusaur|Growth|p1a: Venusaur
|-boost|p1a: Venusaur|atk|2
|-boost|p1a: Venusaur|spa|2
|
|-weather|SunnyDay|[upkeep]
|upkeep
|turn|15
|
|t:|1769412212
|move|p2a: Lokix|First Impression|p1a: Venusaur
|-damage|p1a: Venusaur|5/100
|move|p1a: Venusaur|Weather Ball|p2a: Lokix
|-supereffective|p2a: Lokix
|-crit|p2a: Lokix
|-damage|p2a: Lokix|0 fnt
|faint|p2a: Lokix
|-damage|p1a: Venusaur|0 fnt|[from] item: Life Orb
|faint|p1a: Venusaur
|
|-weather|SunnyDay|[upkeep]
|upkeep
|c|☆pogchimp970314|i probably shouldve terad
|
|t:|1769412230
|switch|p1a: Walking Wake|Walking Wake|24/100
|switch|p2a: Latias|Latias, F|27/100 psn
|-activate|p1a: Walking Wake|ability: Protosynthesis
|-start|p1a: Walking Wake|protosynthesisspe
|turn|16
|c| quarkstation|tinted lens
|c|☆pogchimp970314|oh right
|
|t:|1769412245
|switch|p2a: Alomomola|Alomomola, F|82/100 brn
|move|p1a: Walking Wake|Draco Meteor|p2a: Alomomola
|-damage|p2a: Alomomola|43/100 brn
|-unboost|p1a: Walking Wake|spa|2
|
|-weather|none
|-end|p1a: Walking Wake|Protosynthesis
|-damage|p2a: Alomomola|37/100 brn|[from] brn
|upkeep
|turn|17
|
|t:|1769412249
|move|p1a: Walking Wake|Flip Turn|p2a: Alomomola
|-resisted|p2a: Alomomola
|-damage|p2a: Alomomola|32/100 brn
|
|t:|1769412253
|-end|p1a: Walking Wake|Protosynthesis|[silent]
|switch|p1a: Raging Bolt|Raging Bolt|100/100|[from] Flip Turn
|-item|p1a: Raging Bolt|Air Balloon
|move|p2a: Alomomola|Flip Turn|p1a: Raging Bolt
|-resisted|p1a: Raging Bolt
|-damage|p1a: Raging Bolt|97/100
|-enditem|p1a: Raging Bolt|Air Balloon
|
|t:|1769412255
|switch|p2a: Great Tusk|Great Tusk|100/100|[from] Flip Turn
|
|upkeep
|turn|18
|
|t:|1769412264
|-end|p2a: Great Tusk|Protosynthesis|[silent]
|switch|p2a: Pecharunt|Pecharunt|100/100
|-end|p1a: Raging Bolt|Protosynthesis|[silent]
|switch|p1a: Ninetales|Ninetales, M|29/100
|-weather|SunnyDay|[from] ability: Drought|[of] p1a: Ninetales
|
|-weather|SunnyDay|[upkeep]
|upkeep
|turn|19
|
|t:|1769412269
|move|p1a: Ninetales|Healing Wish|p1a: Ninetales
|faint|p1a: Ninetales
|move|p2a: Pecharunt|Malignant Chain|p1: Ninetales|[notarget]
|-fail|p2a: Pecharunt
|
|-weather|SunnyDay|[upkeep]
|upkeep
|
|t:|1769412275
|switch|p1a: Kingambit|Kingambit, F|100/100
|-activate|p1a: Kingambit|ability: Supreme Overlord
|-start|p1a: Kingambit|fallen3|[silent]
|-item|p1a: Kingambit|Air Balloon
|turn|20
|
|t:|1769412280
|move|p2a: Pecharunt|Shadow Ball|p1a: Kingambit
|-resisted|p1a: Kingambit
|-damage|p1a: Kingambit|83/100
|-enditem|p1a: Kingambit|Air Balloon
|move|p1a: Kingambit|Swords Dance|p1a: Kingambit
|-boost|p1a: Kingambit|atk|2
|
|-weather|SunnyDay|[upkeep]
|upkeep
|turn|21
|
|t:|1769412292
|switch|p2a: Great Tusk|Great Tusk|100/100
|-activate|p2a: Great Tusk|ability: Protosynthesis
|-start|p2a: Great Tusk|protosynthesisatk
|move|p1a: Kingambit|Iron Head|p2a: Great Tusk
|-damage|p2a: Great Tusk|6/100
|-damage|p1a: Kingambit|66/100|[from] item: Rocky Helmet|[of] p2a: Great Tusk
|
|-weather|SunnyDay|[upkeep]
|upkeep
|turn|22
|c| AbrarS|Setup fodder
|
|t:|1769412301
|-end|p2a: Great Tusk|Protosynthesis|[silent]
|switch|p2a: Latias|Latias, F|27/100 psn
|move|p1a: Kingambit|Sucker Punch||[still]
|-fail|p1a: Kingambit
|
|-weather|SunnyDay|[upkeep]
|-damage|p2a: Latias|14/100 psn|[from] psn
|upkeep
|turn|23
|
|t:|1769412306
|move|p1a: Kingambit|Sucker Punch||[still]
|-fail|p1a: Kingambit
|move|p2a: Latias|Healing Wish|p2a: Latias
|faint|p2a: Latias
|
|-weather|SunnyDay|[upkeep]
|upkeep
|
|t:|1769412310
|switch|p2a: Great Tusk|Great Tusk|6/100
|-heal|p2a: Great Tusk|100/100|[from] move: Healing Wish
|-activate|p2a: Great Tusk|ability: Protosynthesis
|-start|p2a: Great Tusk|protosynthesisatk
|turn|24
|
|t:|1769412314
|-terastallize|p1a: Kingambit|Ghost
|move|p2a: Great Tusk|Headlong Rush|p1a: Kingambit
|-damage|p1a: Kingambit|0 fnt
|-unboost|p2a: Great Tusk|def|1
|-unboost|p2a: Great Tusk|spd|1
|faint|p1a: Kingambit
|-end|p1a: Kingambit|fallen3|[silent]
|
|-weather|SunnyDay|[upkeep]
|upkeep
|c|☆pogchimp970314|oh
|
|t:|1769412320
|switch|p1a: Walking Wake|Walking Wake|24/100
|-heal|p1a: Walking Wake|100/100|[from] move: Healing Wish
|-activate|p1a: Walking Wake|ability: Protosynthesis
|-start|p1a: Walking Wake|protosynthesisspe
|turn|25
|c|☆Dhrabb|No way
|c| AbrarS|Goat
|
|t:|1769412325
|-end|p2a: Great Tusk|Protosynthesis|[silent]
|switch|p2a: Pecharunt|Pecharunt|100/100
|move|p1a: Walking Wake|Hydro Steam|p2a: Pecharunt
|-damage|p2a: Pecharunt|20/100
|
|-weather|none
|-end|p1a: Walking Wake|Protosynthesis
|upkeep
|turn|26
|
|t:|1769412330
|move|p1a: Walking Wake|Hydro Steam|p2a: Pecharunt
|-damage|p2a: Pecharunt|0 fnt
|faint|p2a: Pecharunt
|
|upkeep
|
|t:|1769412332
|switch|p2a: Alomomola|Alomomola, F|65/100 brn
|turn|27
|
|t:|1769412334
|-end|p1a: Walking Wake|Protosynthesis|[silent]
|switch|p1a: Raging Bolt|Raging Bolt|97/100
|move|p2a: Alomomola|Flip Turn|p1a: Raging Bolt
|-resisted|p1a: Raging Bolt
|-damage|p1a: Raging Bolt|93/100
|
|t:|1769412336
|switch|p2a: Great Tusk|Great Tusk|100/100|[from] Flip Turn
|
|upkeep
|turn|28
|
|t:|1769412346
|move|p2a: Great Tusk|Headlong Rush|p1a: Raging Bolt
|-supereffective|p1a: Raging Bolt
|-damage|p1a: Raging Bolt|0 fnt
|-unboost|p2a: Great Tusk|def|1
|-unboost|p2a: Great Tusk|spd|1
|faint|p1a: Raging Bolt
|-end|p1a: Raging Bolt|Protosynthesis|[silent]
|
|upkeep
|
|t:|1769412349
|switch|p1a: Walking Wake|Walking Wake|100/100
|turn|29
|
|t:|1769412355
|move|p1a: Walking Wake|Hydro Steam|p2a: Great Tusk
|-supereffective|p2a: Great Tusk
|-damage|p2a: Great Tusk|0 fnt
|faint|p2a: Great Tusk
|-end|p2a: Great Tusk|Protosynthesis|[silent]
|
|upkeep
|
|t:|1769412358
|switch|p2a: Alomomola|Alomomola, F|98/100 brn
|turn|30
|c|☆pogchimp970314|erm
|
|t:|1769412361
|move|p1a: Walking Wake|Flip Turn|p2a: Alomomola
|-resisted|p2a: Alomomola
|-damage|p2a: Alomomola|93/100 brn
|move|p2a: Alomomola|Mirror Coat||[still]
|-fail|p2a: Alomomola
|
|-damage|p2a: Alomomola|87/100 brn|[from] brn
|upkeep
|turn|31
|
|t:|1769412366
|move|p1a: Walking Wake|Flip Turn|p2a: Alomomola
|-resisted|p2a: Alomomola
|-damage|p2a: Alomomola|81/100 brn
|move|p2a: Alomomola|Body Slam|p1a: Walking Wake
|-damage|p1a: Walking Wake|92/100
|
|-damage|p2a: Alomomola|75/100 brn|[from] brn
|upkeep
|turn|32
|
|t:|1769412373
|move|p1a: Walking Wake|Flamethrower|p2a: Alomomola
|-resisted|p2a: Alomomola
|-damage|p2a: Alomomola|67/100 brn
|move|p2a: Alomomola|Body Slam|p1a: Walking Wake
|-damage|p1a: Walking Wake|84/100
|-status|p1a: Walking Wake|par
|
|-damage|p2a: Alomomola|61/100 brn|[from] brn
|upkeep
|turn|33
|c| AbrarS|Mirror on the coat, here we are again
|
|t:|1769412380
|move|p1a: Walking Wake|Flip Turn|p2a: Alomomola
|-resisted|p2a: Alomomola
|-damage|p2a: Alomomola|56/100 brn
|move|p2a: Alomomola|Mirror Coat||[still]
|-fail|p2a: Alomomola
|
|-damage|p2a: Alomomola|49/100 brn|[from] brn
|upkeep
|turn|34
|
|t:|1769412385
|cant|p1a: Walking Wake|par
|move|p2a: Alomomola|Body Slam|p1a: Walking Wake
|-damage|p1a: Walking Wake|75/100 par
|
|-damage|p2a: Alomomola|43/100 brn|[from] brn
|upkeep
|turn|35
|
|t:|1769412390
|cant|p1a: Walking Wake|par
|move|p2a: Alomomola|Body Slam|p1a: Walking Wake
|-damage|p1a: Walking Wake|68/100 par
|
|-damage|p2a: Alomomola|37/100 brn|[from] brn
|upkeep
|turn|36
|
|t:|1769412393
|move|p1a: Walking Wake|Flip Turn|p2a: Alomomola
|-resisted|p2a: Alomomola
|-damage|p2a: Alomomola|32/100 brn
|move|p2a: Alomomola|Body Slam|p1a: Walking Wake
|-damage|p1a: Walking Wake|59/100 par
|
|-damage|p2a: Alomomola|26/100 brn|[from] brn
|upkeep
|turn|37
|c| S0R4ND0MZ|no play roug
|c| S0R4ND0MZ|play rough?*
|
|t:|1769412409
|-terastallize|p2a: Alomomola|Fairy
|cant|p1a: Walking Wake|par
|move|p2a: Alomomola|Body Slam|p1a: Walking Wake
|-damage|p1a: Walking Wake|51/100 par
|
|-damage|p2a: Alomomola|20/100 brn|[from] brn
|upkeep
|turn|38
|c| AbrarS|4th move jet
|c| S0R4ND0MZ|oh
|
|t:|1769412418
|move|p1a: Walking Wake|Flip Turn|p2a: Alomomola
|-damage|p2a: Alomomola|9/100 brn
|move|p2a: Alomomola|Body Slam|p1a: Walking Wake
|-damage|p1a: Walking Wake|42/100 par
|
|-damage|p2a: Alomomola|3/100 brn|[from] brn
|upkeep
|turn|39
|c|☆Dhrabb|Gg
|c|☆pogchimp970314|gg
|
|t:|1769412427
|cant|p1a: Walking Wake|par
|move|p2a: Alomomola|Body Slam|p1a: Walking Wake
|-damage|p1a: Walking Wake|35/100 par
|
|-damage|p2a: Alomomola|0 fnt|[from] brn
|faint|p2a: Alomomola
|
|win|pogchimp970314
|n|☆pogchimp970314|pogchimp970314
|n|☆Dhrabb|dhrabb
|n| Dracovish420|dracovish420
|n| AbrarS|abrars
|n| arcanezy|arcanezy
|n| LarpinLysander|larpinlysander
|n| lambdaequation|lambdaequation
|n| S0R4ND0MZ|s0r4nd0mz
|n|%Tb0lt|tb0lt
|n| quarkstation|quarkstation
|n| Audio Peel|audiopeel
|n| gallery park|gallerypark
