|j|☆shuca nacua
|j|☆maximilk
|t:|1769368566
|gametype|singles
|player|p1|shuca nacua|boarder|1569
|player|p2|maximilk|veteran|1545
|gen|9
|tier|[Gen 9] OU
|rated|
|rule|HP Percentage Mod: HP is shown in percentages
|rule|Endless Battle Clause: Forcing endless battles is banned
|rule|Species Clause: Limit one of each Pokémon
|rule|OHKO Clause: OHKO moves are banned
|rule|Evasion Items Clause: Evasion items are banned
|rule|Evasion Moves Clause: Evasion moves are banned
|rule|Evasion Abilities Clause: Evasion abilities are banned
|rule|Sleep Moves Clause: Sleep-inducing moves are banned
|clearpoke
|poke|p1|Chesnaught, F|
|poke|p1|Garganacl, M|
|poke|p1|Gholdengo|
|poke|p1|Weezing-Galar, F|
|poke|p1|Dragonite, F|
|poke|p1|Araquanid, F|
|poke|p2|Iron Boulder|
|poke|p2|Iron Moth|
|poke|p2|Tornadus-Therian, M|
|poke|p2|Gliscor, F|
|poke|p2|Meowscarada, M|
|poke|p2|Primarina, F|
|teampreview
|
|t:|1769368583
|teamsize|p1|6
|teamsize|p2|6
|start
|switch|p1a: Araquanid|Araquanid, F|100/100
|switch|p2a: Tornadus|Tornadus-Therian, M|100/100
|turn|1
|
|t:|1769368595
|move|p2a: Tornadus|Taunt|p1a: Araquanid
|-start|p1a: Araquanid|move: Taunt
|move|p1a: Araquanid|Liquidation|p2a: Tornadus
|-damage|p2a: Tornadus|0 fnt
|faint|p2a: Tornadus
|
|upkeep
|
|t:|1769368603
|switch|p2a: Meowscarada|Meowscarada, M|100/100
|turn|2
|
|t:|1769368637
|switch|p1a: Weezing|Weezing-Galar, F|100/100
|-ability|p1a: Weezing|Neutralizing Gas
|move|p2a: Meowscarada|Knock Off|p1a: Weezing
|-resisted|p1a: Weezing
|-damage|p1a: Weezing|80/100
|-damage|p2a: Meowscarada|84/100|[from] item: Rocky Helmet|[of] p1a: Weezing
|-enditem|p1a: Weezing|Rocky Helmet|[from] move: Knock Off|[of] p2a: Meowscarada
|
|upkeep
|turn|3
|
|t:|1769368647
|move|p2a: Meowscarada|U-turn|p1a: Weezing
|-resisted|p1a: Weezing
|-damage|p1a: Weezing|75/100
|
|t:|1769368651
|switch|p2a: Primarina|Primarina, F|100/100|[from] U-turn
|move|p1a: Weezing|Strange Steam|p2a: Primarina
|-damage|p2a: Primarina|89/100
|-start|p2a: Primarina|confusion
|
|upkeep
|turn|4
|
|t:|1769368658
|-activate|p2a: Primarina|confusion
|move|p2a: Primarina|Sparkling Aria|p1a: Weezing
|-damage|p1a: Weezing|43/100
|move|p1a: Weezing|Toxic|p2a: Primarina
|-status|p2a: Primarina|tox
|
|-damage|p2a: Primarina|83/100 tox|[from] psn
|upkeep
|turn|5
|
|t:|1769368678
|-end|p1a: Weezing|ability: Neutralizing Gas
|switch|p1a: Gholdengo|Gholdengo|100/100
|-end|p2a: Primarina|confusion
|move|p2a: Primarina|Sparkling Aria|p1a: Gholdengo
|-damage|p1a: Gholdengo|67/100
|
|-heal|p1a: Gholdengo|73/100|[from] item: Leftovers
|-damage|p2a: Primarina|71/100 tox|[from] psn
|upkeep
|turn|6
|
|t:|1769368684
|move|p1a: Gholdengo|Recover|p1a: Gholdengo
|-heal|p1a: Gholdengo|100/100
|move|p2a: Primarina|Shadow Ball|p1a: Gholdengo
|-supereffective|p1a: Gholdengo
|-damage|p1a: Gholdengo|53/100
|
|-heal|p1a: Gholdengo|59/100|[from] item: Leftovers
|-damage|p2a: Primarina|52/100 tox|[from] psn
|upkeep
|turn|7
|
|t:|1769368689
|move|p1a: Gholdengo|Nasty Plot|p1a: Gholdengo
|-boost|p1a: Gholdengo|spa|2
|move|p2a: Primarina|Flip Turn|p1a: Gholdengo
|-damage|p1a: Gholdengo|49/100
|
|t:|1769368699
|switch|p2a: Gliscor|Gliscor, F|100/100|[from] Flip Turn
|
|-heal|p1a: Gholdengo|56/100|[from] item: Leftovers
|-status|p2a: Gliscor|tox|[from] item: Toxic Orb
|upkeep
|turn|8
|
|t:|1769368710
|move|p2a: Gliscor|Earthquake|p1a: Gholdengo
|-supereffective|p1a: Gholdengo
|-damage|p1a: Gholdengo|11/100
|move|p1a: Gholdengo|Recover|p1a: Gholdengo
|-heal|p1a: Gholdengo|61/100
|
|-heal|p1a: Gholdengo|67/100|[from] item: Leftovers
|upkeep
|turn|9
|
|t:|1769368719
|move|p2a: Gliscor|Stealth Rock|p1a: Gholdengo
|-sidestart|p1: shuca nacua|move: Stealth Rock
|move|p1a: Gholdengo|Shadow Ball|p2a: Gliscor
|-damage|p2a: Gliscor|16/100 tox
|
|-heal|p1a: Gholdengo|73/100|[from] item: Leftovers
|-heal|p2a: Gliscor|28/100 tox|[from] ability: Poison Heal
|upkeep
|turn|10
|
|t:|1769368723
|move|p2a: Gliscor|Earthquake|p1a: Gholdengo
|-supereffective|p1a: Gholdengo
|-crit|p1a: Gholdengo
|-damage|p1a: Gholdengo|0 fnt
|faint|p1a: Gholdengo
|
|-heal|p2a: Gliscor|41/100 tox|[from] ability: Poison Heal
|upkeep
|
|t:|1769368730
|switch|p1a: Weezing|Weezing-Galar, F|43/100
|-ability|p1a: Weezing|Neutralizing Gas
|-damage|p1a: Weezing|31/100|[from] Stealth Rock
|turn|11
|
|t:|1769368735
|-terastallize|p1a: Weezing|Flying
|move|p2a: Gliscor|Earthquake|p1a: Weezing
|-immune|p1a: Weezing
|move|p1a: Weezing|Defog|p2a: Gliscor
|-unboost|p2a: Gliscor|evasion|1
|-sideend|p1: shuca nacua|Stealth Rock|[from] move: Defog|[of] p1a: Weezing
|
|-damage|p2a: Gliscor|16/100 tox|[from] psn
|upkeep
|turn|12
|
|t:|1769368747
|switch|p2a: Primarina|Primarina, F|52/100 tox
|move|p1a: Weezing|Toxic|p2a: Primarina|[miss]
|-miss|p1a: Weezing|p2a: Primarina
|
|-damage|p2a: Primarina|46/100 tox|[from] psn
|upkeep
|turn|13
|
|t:|1769368756
|move|p2a: Primarina|Moonblast|p1a: Weezing
|-damage|p1a: Weezing|0 fnt
|faint|p1a: Weezing
|-end|p1a: Weezing|ability: Neutralizing Gas
|
|-damage|p2a: Primarina|34/100 tox|[from] psn
|upkeep
|
|t:|1769368770
|switch|p1a: Dragonite|Dragonite, F|100/100
|turn|14
|
|t:|1769368775
|move|p1a: Dragonite|Extreme Speed|p2a: Primarina
|-damage|p2a: Primarina|0 fnt
|faint|p2a: Primarina
|
|upkeep
|
|t:|1769368781
|switch|p2a: Meowscarada|Meowscarada, M|84/100
|turn|15
|
|t:|1769368787
|switch|p1a: Chesnaught|Chesnaught, F|100/100
|move|p2a: Meowscarada|Triple Axel|p1a: Chesnaught
|-start|p2a: Meowscarada|typechange|Ice|[from] ability: Protean
|-supereffective|p1a: Chesnaught
|-damage|p1a: Chesnaught|88/100
|-damage|p2a: Meowscarada|68/100|[from] item: Rocky Helmet|[of] p1a: Chesnaught
|-supereffective|p1a: Chesnaught
|-damage|p1a: Chesnaught|64/100
|-damage|p2a: Meowscarada|51/100|[from] item: Rocky Helmet|[of] p1a: Chesnaught
|-supereffective|p1a: Chesnaught
|-damage|p1a: Chesnaught|29/100
|-damage|p2a: Meowscarada|35/100|[from] item: Rocky Helmet|[of] p1a: Chesnaught
|-hitcount|p1a: Chesnaught|3
|
|upkeep
|turn|16
|
|t:|1769368804
|switch|p2a: Gliscor|Gliscor, F|16/100 tox
|move|p1a: Chesnaught|Synthesis|p1a: Chesnaught
|-heal|p1a: Chesnaught|79/100
|
|-heal|p2a: Gliscor|28/100 tox|[from] ability: Poison Heal
|upkeep
|turn|17
|
|t:|1769368810
|move|p2a: Gliscor|Stealth Rock|p1a: Chesnaught
|-sidestart|p1: shuca nacua|move: Stealth Rock
|move|p1a: Chesnaught|Iron Defense|p1a: Chesnaught
|-boost|p1a: Chesnaught|def|2
|
|-heal|p2a: Gliscor|41/100 tox|[from] ability: Poison Heal
|upkeep
|turn|18
|
|t:|1769368819
|move|p2a: Gliscor|Spikes|p1a: Chesnaught
|-sidestart|p1: shuca nacua|Spikes
|move|p1a: Chesnaught|Iron Defense|p1a: Chesnaught
|-boost|p1a: Chesnaught|def|2
|
|-heal|p2a: Gliscor|53/100 tox|[from] ability: Poison Heal
|upkeep
|turn|19
|
|t:|1769368824
|move|p2a: Gliscor|Spikes|p1a: Chesnaught
|-sidestart|p1: shuca nacua|Spikes
|move|p1a: Chesnaught|Body Press|p2a: Gliscor
|-resisted|p2a: Gliscor
|-damage|p2a: Gliscor|17/100 tox
|
|-heal|p2a: Gliscor|29/100 tox|[from] ability: Poison Heal
|upkeep
|turn|20
|
|t:|1769368831
|move|p2a: Gliscor|Spikes|p1a: Chesnaught
|-sidestart|p1: shuca nacua|Spikes
|move|p1a: Chesnaught|Iron Defense|p1a: Chesnaught
|-boost|p1a: Chesnaught|def|2
|
|-heal|p2a: Gliscor|41/100 tox|[from] ability: Poison Heal
|upkeep
|turn|21
|
|t:|1769368849
|move|p2a: Gliscor|Spikes||[still]
|-fail|p2a: Gliscor
|move|p1a: Chesnaught|Synthesis|p1a: Chesnaught
|-heal|p1a: Chesnaught|100/100
|
|-heal|p2a: Gliscor|54/100 tox|[from] ability: Poison Heal
|upkeep
|turn|22
|
|t:|1769368853
|move|p2a: Gliscor|Earthquake|p1a: Chesnaught
|-resisted|p1a: Chesnaught
|-damage|p1a: Chesnaught|98/100
|move|p1a: Chesnaught|Body Press|p2a: Gliscor
|-resisted|p2a: Gliscor
|-damage|p2a: Gliscor|1/100 tox
|
|-heal|p2a: Gliscor|14/100 tox|[from] ability: Poison Heal
|upkeep
|turn|23
|
|t:|1769368861
|move|p2a: Gliscor|Earthquake|p1a: Chesnaught
|-resisted|p1a: Chesnaught
|-crit|p1a: Chesnaught
|-damage|p1a: Chesnaught|82/100
|move|p1a: Chesnaught|Body Press|p2a: Gliscor
|-resisted|p2a: Gliscor
|-damage|p2a: Gliscor|0 fnt
|faint|p2a: Gliscor
|
|upkeep
|
|t:|1769368864
|switch|p2a: Iron Moth|Iron Moth|100/100
|-enditem|p2a: Iron Moth|Booster Energy
|-activate|p2a: Iron Moth|ability: Quark Drive|[fromitem]
|-start|p2a: Iron Moth|quarkdrivespa
|turn|24
|
|t:|1769368869
|move|p2a: Iron Moth|Fiery Dance|p1a: Chesnaught
|-supereffective|p1a: Chesnaught
|-damage|p1a: Chesnaught|0 fnt
|-boost|p2a: Iron Moth|spa|1
|faint|p1a: Chesnaught
|
|upkeep
|
|t:|1769368874
|switch|p1a: Araquanid|Araquanid, F|100/100
|-damage|p1a: Araquanid|76/100|[from] Stealth Rock
|-damage|p1a: Araquanid|51/100|[from] Spikes
|turn|25
|
|t:|1769368907
|move|p2a: Iron Moth|Sludge Wave|p1a: Araquanid
|-damage|p1a: Araquanid|0 fnt
|faint|p1a: Araquanid
|
|upkeep
|
|t:|1769368914
|switch|p1a: Dragonite|Dragonite, F|100/100
|turn|26
|
|t:|1769368921
|move|p2a: Iron Moth|Dazzling Gleam|p1a: Dragonite
|-supereffective|p1a: Dragonite
|-damage|p1a: Dragonite|29/100
|move|p1a: Dragonite|Dragon Dance|p1a: Dragonite
|-boost|p1a: Dragonite|atk|1
|-boost|p1a: Dragonite|spe|1
|
|upkeep
|turn|27
|
|t:|1769368930
|move|p1a: Dragonite|Earthquake|p2a: Iron Moth
|-supereffective|p2a: Iron Moth
|-damage|p2a: Iron Moth|0 fnt
|faint|p2a: Iron Moth
|-end|p2a: Iron Moth|Quark Drive|[silent]
|
|upkeep
|
|t:|1769368935
|switch|p2a: Iron Boulder|Iron Boulder|100/100
|-enditem|p2a: Iron Boulder|Booster Energy
|-activate|p2a: Iron Boulder|ability: Quark Drive|[fromitem]
|-start|p2a: Iron Boulder|quarkdrivespe
|turn|28
|
|t:|1769368939
|move|p2a: Iron Boulder|Mighty Cleave|p1a: Dragonite
|-supereffective|p1a: Dragonite
|-damage|p1a: Dragonite|0 fnt
|faint|p1a: Dragonite
|
|upkeep
|
|t:|1769368941
|switch|p1a: Garganacl|Garganacl, M|100/100
|-damage|p1a: Garganacl|88/100|[from] Stealth Rock
|-damage|p1a: Garganacl|63/100|[from] Spikes
|turn|29
|
|t:|1769368947
|move|p1a: Garganacl|Protect|p1a: Garganacl
|-singleturn|p1a: Garganacl|Protect
|move|p2a: Iron Boulder|Swords Dance|p2a: Iron Boulder
|-boost|p2a: Iron Boulder|atk|2
|
|-heal|p1a: Garganacl|69/100|[from] item: Leftovers
|upkeep
|turn|30
|
|t:|1769368950
|move|p2a: Iron Boulder|Mighty Cleave|p1a: Garganacl
|-damage|p1a: Garganacl|2/100
|move|p1a: Garganacl|Recover|p1a: Garganacl
|-heal|p1a: Garganacl|52/100
|
|-heal|p1a: Garganacl|58/100|[from] item: Leftovers
|upkeep
|turn|31
|
|t:|1769368955
|move|p1a: Garganacl|Protect|p1a: Garganacl
|-singleturn|p1a: Garganacl|Protect
|move|p2a: Iron Boulder|Mighty Cleave|p1a: Garganacl
|-damage|p1a: Garganacl|0 fnt
|faint|p1a: Garganacl
|
|win|maximilk
|raw|shuca nacua's rating: 1569 &rarr; <strong>1548</strong><br />(-21 for losing)
|raw|maximilk's rating: 1545 &rarr; <strong>1566</strong><br />(+21 for winning)
|l|☆shuca nacua
|player|p1|
|l|☆maximilk
|player|p2|
