|j|☆patealeau
|j|☆Ssul
|t:|1769346146
|gametype|singles
|player|p1|patealeau|101|1383
|player|p2|Ssul|169|1393
|gen|9
|tier|[Gen 9] OU
|rated|
|rule|HP Percentage Mod: HP is shown in percentages
|rule|Endless Battle Clause: Forcing endless battles is banned
|rule|Species Clause: Limit one of each Pokémon
|rule|OHKO Clause: OHKO moves are banned
|rule|Evasion Items Clause: Evasion items are banned
|rule|Evasion Moves Clause: Evasion moves are banned
|rule|Evasion Abilities Clause: Evasion abilities are banned
|rule|Sleep Moves Clause: Sleep-inducing moves are banned
|clearpoke
|poke|p1|Drednaw, M|
|poke|p1|Pelipper, F|
|poke|p1|Indeedee, M|
|poke|p1|Hatterene, F|
|poke|p1|Barraskewda, F|
|poke|p1|Samurott-Hisui, F|
|poke|p2|Ogerpon-Wellspring, F|
|poke|p2|Slowking-Galar, M|
|poke|p2|Latios, M|
|poke|p2|Great Tusk|
|poke|p2|Landorus-Therian, M|
|poke|p2|Kingambit, F|
|teampreview
|inactive|Battle timer is ON: inactive players will automatically lose when time's up. (requested by Ssul)
|
|t:|1769346166
|teamsize|p1|6
|teamsize|p2|6
|start
|switch|p1a: Samurott|Samurott-Hisui, F|100/100
|switch|p2a: Slowking|Slowking-Galar, M|100/100
|turn|1
|
|t:|1769346183
|switch|p2a: Great Tusk|Great Tusk|100/100
|move|p1a: Samurott|Knock Off|p2a: Great Tusk
|-resisted|p2a: Great Tusk
|-damage|p2a: Great Tusk|85/100
|-enditem|p2a: Great Tusk|Heavy-Duty Boots|[from] move: Knock Off|[of] p1a: Samurott
|
|upkeep
|turn|2
|
|t:|1769346191
|move|p2a: Great Tusk|Stealth Rock|p1a: Samurott
|-sidestart|p1: patealeau|move: Stealth Rock
|move|p1a: Samurott|Razor Shell|p2a: Great Tusk
|-supereffective|p2a: Great Tusk
|-damage|p2a: Great Tusk|14/100
|-unboost|p2a: Great Tusk|def|1
|
|upkeep
|turn|3
|
|t:|1769346202
|-end|p2a: Great Tusk|Protosynthesis|[silent]
|switch|p2a: Ogerpon|Ogerpon-Wellspring, F|100/100
|move|p1a: Samurott|Ceaseless Edge|p2a: Ogerpon
|-damage|p2a: Ogerpon|45/100
|-sidestart|p2: Ssul|Spikes
|
|upkeep
|turn|4
|
|t:|1769346210
|move|p2a: Ogerpon|Horn Leech|p1a: Samurott
|-supereffective|p1a: Samurott
|-enditem|p1a: Samurott|Focus Sash
|-damage|p1a: Samurott|1/100
|-heal|p2a: Ogerpon|99/100|[from] drain|[of] p1a: Samurott
|move|p1a: Samurott|Ceaseless Edge|p2a: Ogerpon
|-damage|p2a: Ogerpon|45/100
|-sidestart|p2: Ssul|Spikes
|
|upkeep
|turn|5
|
|t:|1769346217
|move|p2a: Ogerpon|Knock Off|p1a: Samurott
|-resisted|p1a: Samurott
|-damage|p1a: Samurott|0 fnt
|faint|p1a: Samurott
|
|upkeep
|
|t:|1769346226
|switch|p1a: Barraskewda|Barraskewda, F|100/100
|-damage|p1a: Barraskewda|88/100|[from] Stealth Rock
|turn|6
|
|t:|1769346231
|switch|p2a: Great Tusk|Great Tusk|14/100
|-damage|p2a: Great Tusk|0 fnt|[from] Spikes
|faint|p2a: Great Tusk
|-end|p2a: Great Tusk|Protosynthesis|[silent]
|move|p1a: Barraskewda|Close Combat|p2: Great Tusk|[notarget]
|-fail|p1a: Barraskewda
|
|upkeep
|
|t:|1769346239
|switch|p2a: Slowking|Slowking-Galar, M|100/100
|turn|7
|
|t:|1769346245
|switch|p1a: Pelipper|Pelipper, F|100/100
|-damage|p1a: Pelipper|76/100|[from] Stealth Rock
|-weather|RainDance|[from] ability: Drizzle|[of] p1a: Pelipper
|move|p2a: Slowking|Sludge Bomb|p1a: Pelipper
|-damage|p1a: Pelipper|10/100
|
|-weather|RainDance|[upkeep]
|upkeep
|turn|8
|
|t:|1769346250
|move|p1a: Pelipper|Hurricane|p2a: Slowking
|-damage|p2a: Slowking|73/100
|move|p2a: Slowking|Sludge Bomb|p1a: Pelipper
|-damage|p1a: Pelipper|0 fnt
|faint|p1a: Pelipper
|
|-weather|RainDance|[upkeep]
|upkeep
|
|t:|1769346257
|switch|p1a: Drednaw|Drednaw, M|100/100
|-damage|p1a: Drednaw|88/100|[from] Stealth Rock
|turn|9
|
|t:|1769346269
|switch|p2a: Ogerpon|Ogerpon-Wellspring, F|45/100
|-damage|p2a: Ogerpon|29/100|[from] Spikes
|-terastallize|p1a: Drednaw|Dark
|move|p1a: Drednaw|Shell Smash|p1a: Drednaw
|-unboost|p1a: Drednaw|def|1
|-unboost|p1a: Drednaw|spd|1
|-boost|p1a: Drednaw|atk|2
|-boost|p1a: Drednaw|spa|2
|-boost|p1a: Drednaw|spe|2
|-enditem|p1a: Drednaw|White Herb
|-clearnegativeboost|p1a: Drednaw|[silent]
|
|-weather|RainDance|[upkeep]
|upkeep
|turn|10
|
|t:|1769346283
|move|p1a: Drednaw|Crunch|p2a: Ogerpon
|-damage|p2a: Ogerpon|0 fnt
|faint|p2a: Ogerpon
|
|-weather|RainDance|[upkeep]
|upkeep
|
|t:|1769346288
|switch|p2a: Landorus|Landorus-Therian, M|100/100
|-ability|p2a: Landorus|Intimidate|boost
|-unboost|p1a: Drednaw|atk|1
|turn|11
|
|t:|1769346302
|switch|p2a: Latios|Latios, M|100/100
|move|p1a: Drednaw|Liquidation|p2a: Latios
|-resisted|p2a: Latios
|-damage|p2a: Latios|32/100
|
|-weather|RainDance|[upkeep]
|upkeep
|turn|12
|
|t:|1769346311
|move|p1a: Drednaw|Liquidation|p2a: Latios
|-resisted|p2a: Latios
|-damage|p2a: Latios|0 fnt
|faint|p2a: Latios
|
|-weather|RainDance|[upkeep]
|upkeep
|
|t:|1769346314
|switch|p2a: Landorus|Landorus-Therian, M|100/100
|-ability|p2a: Landorus|Intimidate|boost
|-unboost|p1a: Drednaw|atk|1
|turn|13
|
|t:|1769346333
|move|p1a: Drednaw|Liquidation|p2a: Landorus
|-supereffective|p2a: Landorus
|-damage|p2a: Landorus|0 fnt
|faint|p2a: Landorus
|
|-weather|RainDance|[upkeep]
|upkeep
|
|t:|1769346337
|switch|p2a: Kingambit|Kingambit, F|100/100
|-damage|p2a: Kingambit|84/100|[from] Spikes
|-activate|p2a: Kingambit|ability: Supreme Overlord
|-start|p2a: Kingambit|fallen4|[silent]
|turn|14
|inactive|patealeau has 120 seconds left.
|
|t:|1769346372
|move|p1a: Drednaw|Liquidation|p2a: Kingambit
|-damage|p2a: Kingambit|36/100
|-unboost|p2a: Kingambit|def|1
|move|p2a: Kingambit|Swords Dance|p2a: Kingambit
|-boost|p2a: Kingambit|atk|2
|
|-weather|none
|upkeep
|turn|15
|
|t:|1769346380
|-terastallize|p2a: Kingambit|Dark
|move|p2a: Kingambit|Sucker Punch|p1a: Drednaw
|-resisted|p1a: Drednaw
|-damage|p1a: Drednaw|0 fnt
|faint|p1a: Drednaw
|
|upkeep
|
|t:|1769346390
|switch|p1a: Indeedee|Indeedee, M|100/100
|-damage|p1a: Indeedee|88/100|[from] Stealth Rock
|-fieldstart|move: Psychic Terrain|[from] ability: Psychic Surge|[of] p1a: Indeedee
|turn|16
|
|t:|1769346400
|move|p1a: Indeedee|Hyper Voice|p2a: Kingambit
|-damage|p2a: Kingambit|0 fnt
|faint|p2a: Kingambit
|-end|p2a: Kingambit|fallen4|[silent]
|
|upkeep
|l|☆Ssul
|inactive|Ssul disconnected and has a minute to reconnect!
|player|p2|
|inactive|Ssul has 30 seconds to reconnect!
|inactive|Ssul has 20 seconds to reconnect!
|inactive|Ssul has 15 seconds to reconnect!
|inactive|Ssul has 10 seconds to reconnect!
|inactive|Ssul has 5 seconds to reconnect!
|-message|Ssul lost due to inactivity.
|
|win|patealeau
|raw|patealeau's rating: 1383 &rarr; <strong>1404</strong><br />(+21 for winning)
|raw|Ssul's rating: 1393 &rarr; <strong>1372</strong><br />(-21 for losing)
|l|☆patealeau
|player|p1|
