|j|☆WaveHunts
|j|☆ypresskeys
|t:|1769360970
|gametype|singles
|player|p1|WaveHunts|ghetsis|1534
|player|p2|ypresskeys|cynthia-gen4|1472
|gen|9
|tier|[Gen 9] OU
|rated|
|rule|HP Percentage Mod: HP is shown in percentages
|rule|Endless Battle Clause: Forcing endless battles is banned
|rule|Species Clause: Limit one of each Pokémon
|rule|OHKO Clause: OHKO moves are banned
|rule|Evasion Items Clause: Evasion items are banned
|rule|Evasion Moves Clause: Evasion moves are banned
|rule|Evasion Abilities Clause: Evasion abilities are banned
|rule|Sleep Moves Clause: Sleep-inducing moves are banned
|clearpoke
|poke|p1|Iron Moth|
|poke|p1|Clefable, F|
|poke|p1|Ting-Lu|
|poke|p1|Gholdengo|
|poke|p1|Dragonite, M|
|poke|p1|Meowscarada, F|
|poke|p2|Uxie|
|poke|p2|Ursaluna, M|
|poke|p2|Glimmora, M|
|poke|p2|Thundurus, M|
|poke|p2|Klefki, F|
|poke|p2|Gliscor, F|
|teampreview
|inactive|Battle timer is ON: inactive players will automatically lose when time's up. (requested by ypresskeys)
|
|t:|1769361001
|teamsize|p1|6
|teamsize|p2|6
|start
|switch|p1a: Iron Moth|Iron Moth|100/100
|switch|p2a: Uxie|Uxie|100/100
|turn|1
|inactive|WaveHunts has 120 seconds left.
|
|t:|1769361048
|-end|p1a: Iron Moth|Quark Drive|[silent]
|switch|p1a: Gholdengo|Gholdengo, shiny|100/100
|move|p2a: Uxie|Stealth Rock|p1a: Gholdengo
|-sidestart|p1: WaveHunts|move: Stealth Rock
|
|upkeep
|turn|2
|
|t:|1769361060
|move|p2a: Uxie|U-turn|p1a: Gholdengo
|-resisted|p1a: Gholdengo
|-damage|p1a: Gholdengo|98/100
|
|t:|1769361063
|switch|p2a: Klefki|Klefki, F|100/100|[from] U-turn
|move|p1a: Gholdengo|Nasty Plot|p1a: Gholdengo
|-boost|p1a: Gholdengo|spa|2
|
|upkeep
|turn|3
|inactive|WaveHunts has 90 seconds left.
|
|t:|1769361093
|move|p2a: Klefki|Spikes|p1a: Gholdengo
|-sidestart|p1: WaveHunts|Spikes
|move|p1a: Gholdengo|Shadow Ball|p2a: Klefki
|-damage|p2a: Klefki|21/100
|-enditem|p2a: Klefki|Eject Button
|
|t:|1769361107
|switch|p2a: Glimmora|Glimmora, M|100/100
|
|upkeep
|turn|4
|
|t:|1769361118
|move|p2a: Glimmora|Earth Power|p1a: Gholdengo
|-supereffective|p1a: Gholdengo
|-damage|p1a: Gholdengo|30/100
|move|p1a: Gholdengo|Shadow Ball|p2a: Glimmora
|-damage|p2a: Glimmora|0 fnt
|faint|p2a: Glimmora
|
|upkeep
|
|t:|1769361128
|switch|p2a: Thundurus|Thundurus, M|100/100
|turn|5
|inactive|WaveHunts has 90 seconds left.
|
|t:|1769361161
|move|p2a: Thundurus|Substitute|p2a: Thundurus
|-start|p2a: Thundurus|Substitute
|-damage|p2a: Thundurus|76/100
|move|p1a: Gholdengo|Shadow Ball|p2a: Thundurus
|-end|p2a: Thundurus|Substitute
|
|-heal|p2a: Thundurus|82/100|[from] item: Leftovers
|upkeep
|turn|6
|
|t:|1769361167
|switch|p1a: Ting-Lu|Ting-Lu, shiny|100/100
|-damage|p1a: Ting-Lu|94/100|[from] Stealth Rock
|-damage|p1a: Ting-Lu|82/100|[from] Spikes
|-ability|p1a: Ting-Lu|Vessel of Ruin
|move|p2a: Thundurus|Thunderbolt|p1a: Ting-Lu
|-immune|p1a: Ting-Lu
|
|-heal|p2a: Thundurus|88/100|[from] item: Leftovers
|-heal|p1a: Ting-Lu|88/100|[from] item: Leftovers
|upkeep
|turn|7
|inactive|WaveHunts has 90 seconds left.
|
|t:|1769361178
|move|p2a: Thundurus|Grass Knot|p1a: Ting-Lu
|-supereffective|p1a: Ting-Lu
|-damage|p1a: Ting-Lu|57/100
|move|p1a: Ting-Lu|Spikes|p2a: Thundurus
|-sidestart|p2: ypresskeys|Spikes
|
|-heal|p2a: Thundurus|94/100|[from] item: Leftovers
|-heal|p1a: Ting-Lu|63/100|[from] item: Leftovers
|upkeep
|turn|8
|inactive|WaveHunts has 90 seconds left.
|
|t:|1769361202
|move|p2a: Thundurus|Grass Knot|p1a: Ting-Lu
|-supereffective|p1a: Ting-Lu
|-damage|p1a: Ting-Lu|30/100
|move|p1a: Ting-Lu|Whirlwind|p2a: Thundurus
|drag|p2a: Uxie|Uxie|100/100
|
|-heal|p1a: Ting-Lu|36/100|[from] item: Leftovers
|upkeep
|turn|9
|
|t:|1769361216
|move|p2a: Uxie|U-turn|p1a: Ting-Lu
|-supereffective|p1a: Ting-Lu
|-damage|p1a: Ting-Lu|23/100
|inactive|ypresskeys has 120 seconds left.
|
|t:|1769361258
|switch|p2a: Ursaluna|Ursaluna, M|100/100|[from] U-turn
|-damage|p2a: Ursaluna|88/100|[from] Spikes
|move|p1a: Ting-Lu|Ruination|p2a: Ursaluna
|-damage|p2a: Ursaluna|44/100
|
|-heal|p1a: Ting-Lu|29/100|[from] item: Leftovers
|-status|p2a: Ursaluna|brn|[from] item: Flame Orb
|upkeep
|turn|10
|inactive|WaveHunts has 90 seconds left.
|
|t:|1769361270
|move|p2a: Ursaluna|Headlong Rush|p1a: Ting-Lu
|-damage|p1a: Ting-Lu|0 fnt
|-unboost|p2a: Ursaluna|def|1
|-unboost|p2a: Ursaluna|spd|1
|faint|p1a: Ting-Lu
|
|-damage|p2a: Ursaluna|38/100 brn|[from] brn
|upkeep
|inactive|WaveHunts has 90 seconds left.
|
|t:|1769361282
|switch|p1a: Iron Moth|Iron Moth|100/100
|turn|11
|inactive|ypresskeys has 120 seconds left.
|
|t:|1769361288
|switch|p2a: Klefki|Klefki, F|21/100
|-damage|p2a: Klefki|9/100|[from] Spikes
|move|p1a: Iron Moth|Fiery Dance|p2a: Klefki
|-supereffective|p2a: Klefki
|-damage|p2a: Klefki|0 fnt
|-boost|p1a: Iron Moth|spa|1
|faint|p2a: Klefki
|
|upkeep
|inactive|ypresskeys has 120 seconds left.
|
|t:|1769361298
|switch|p2a: Uxie|Uxie|100/100
|turn|12
|inactive|WaveHunts has 90 seconds left.
|
|t:|1769361322
|-end|p1a: Iron Moth|Quark Drive|[silent]
|switch|p1a: Clefable|Clefable, F, shiny|100/100
|move|p2a: Uxie|Trick Room|p2a: Uxie
|-fieldstart|move: Trick Room|[of] p2a: Uxie
|
|upkeep
|turn|13
|
|t:|1769361328
|move|p1a: Clefable|Moonblast|p2a: Uxie
|-damage|p2a: Uxie|76/100
|move|p2a: Uxie|U-turn|p1a: Clefable
|-resisted|p1a: Clefable
|-damage|p1a: Clefable|96/100
|
|t:|1769361330
|switch|p2a: Ursaluna|Ursaluna, M|38/100 brn|[from] U-turn
|-damage|p2a: Ursaluna|26/100 brn|[from] Spikes
|
|-heal|p1a: Clefable|100/100|[from] item: Leftovers
|-damage|p2a: Ursaluna|19/100 brn|[from] brn
|upkeep
|turn|14
|inactive|WaveHunts has 90 seconds left.
|
|t:|1769361367
|-terastallize|p1a: Clefable|Steel
|move|p1a: Clefable|Moonblast|p2a: Ursaluna
|-damage|p2a: Ursaluna|0 fnt
|faint|p2a: Ursaluna
|
|upkeep
|c|☆ypresskeys|gg
|-message|ypresskeys forfeited.
|
|win|WaveHunts
|raw|WaveHunts's rating: 1534 &rarr; <strong>1550</strong><br />(+16 for winning)
|raw|ypresskeys's rating: 1472 &rarr; <strong>1456</strong><br />(-16 for losing)
|l|☆ypresskeys
|player|p2|
|l|☆WaveHunts
|player|p1|
