|j|☆Gustypuff017
|j|☆los chipirones
|t:|1769427932
|gametype|singles
|player|p1|Gustypuff017|steven|1176
|player|p2|los chipirones|170|1176
|gen|9
|tier|[Gen 9] OU
|rated|
|rule|HP Percentage Mod: HP is shown in percentages
|rule|Endless Battle Clause: Forcing endless battles is banned
|rule|Species Clause: Limit one of each Pokémon
|rule|OHKO Clause: OHKO moves are banned
|rule|Evasion Items Clause: Evasion items are banned
|rule|Evasion Moves Clause: Evasion moves are banned
|rule|Evasion Abilities Clause: Evasion abilities are banned
|rule|Sleep Moves Clause: Sleep-inducing moves are banned
|clearpoke
|poke|p1|Torkoal, F|
|poke|p1|Walking Wake|
|poke|p1|Hatterene, F|
|poke|p1|Gholdengo|
|poke|p1|Tornadus-Therian, M|
|poke|p1|Iron Valiant|
|poke|p2|Suicune|
|poke|p2|Raikou|
|poke|p2|Entei|
|poke|p2|Zapdos|
|poke|p2|Articuno|
|poke|p2|Moltres|
|teampreview
|inactive|Battle timer is ON: inactive players will automatically lose when time's up. (requested by los chipirones)
|
|t:|1769427958
|teamsize|p1|6
|teamsize|p2|6
|start
|switch|p1a: DDP|Torkoal, F|100/100
|switch|p2a: Entei|Entei|100/100
|-ability|p2a: Entei|Pressure
|-weather|SunnyDay|[from] ability: Drought|[of] p1a: DDP
|turn|1
|
|t:|1769427968
|move|p2a: Entei|Substitute|p2a: Entei
|-start|p2a: Entei|Substitute
|-damage|p2a: Entei|76/100
|move|p1a: DDP|Stealth Rock|p2a: Entei
|-sidestart|p2: los chipirones|move: Stealth Rock
|
|-weather|SunnyDay|[upkeep]
|-heal|p2a: Entei|82/100|[from] item: Leftovers
|upkeep
|turn|2
|
|t:|1769427985
|switch|p1a: ABDR|Walking Wake|100/100
|-activate|p1a: ABDR|ability: Protosynthesis
|-start|p1a: ABDR|protosynthesisspa
|move|p2a: Entei|Calm Mind|p2a: Entei
|-boost|p2a: Entei|spa|1
|-boost|p2a: Entei|spd|1
|
|-weather|SunnyDay|[upkeep]
|-heal|p2a: Entei|88/100|[from] item: Leftovers
|upkeep
|turn|3
|
|t:|1769427996
|move|p2a: Entei|Protect|p2a: Entei
|-singleturn|p2a: Entei|Protect
|move|p1a: ABDR|Hydro Steam|p2a: Entei
|-activate|p2a: Entei|move: Protect
|
|-weather|SunnyDay|[upkeep]
|-heal|p2a: Entei|94/100|[from] item: Leftovers
|upkeep
|turn|4
|
|t:|1769428012
|move|p1a: ABDR|Hydro Steam|p2a: Entei
|-supereffective|p2a: Entei
|-end|p2a: Entei|Substitute
|move|p2a: Entei|Substitute|p2a: Entei
|-start|p2a: Entei|Substitute
|-damage|p2a: Entei|69/100
|
|-weather|SunnyDay|[upkeep]
|-heal|p2a: Entei|76/100|[from] item: Leftovers
|upkeep
|turn|5
|
|t:|1769428022
|move|p2a: Entei|Protect|p2a: Entei
|-singleturn|p2a: Entei|Protect
|move|p1a: ABDR|Hydro Steam|p2a: Entei
|-activate|p2a: Entei|move: Protect
|
|-weather|SunnyDay|[upkeep]
|-heal|p2a: Entei|82/100|[from] item: Leftovers
|upkeep
|turn|6
|
|t:|1769428033
|-terastallize|p2a: Entei|Water
|move|p1a: ABDR|Hydro Steam|p2a: Entei
|-resisted|p2a: Entei
|-end|p2a: Entei|Substitute
|move|p2a: Entei|Substitute|p2a: Entei
|-start|p2a: Entei|Substitute
|-damage|p2a: Entei|57/100
|
|-weather|SunnyDay|[upkeep]
|-heal|p2a: Entei|63/100|[from] item: Leftovers
|upkeep
|turn|7
|
|t:|1769428048
|-end|p1a: ABDR|Protosynthesis|[silent]
|switch|p1a: Anne|Hatterene, F|100/100
|move|p2a: Entei|Protect||[still]
|-fail|p2a: Entei
|
|-weather|SunnyDay|[upkeep]
|-heal|p2a: Entei|69/100|[from] item: Leftovers
|upkeep
|turn|8
|
|t:|1769428056
|move|p2a: Entei|Flamethrower|p1a: Anne
|-damage|p1a: Anne|30/100
|move|p1a: Anne|Calm Mind|p1a: Anne
|-boost|p1a: Anne|spa|1
|-boost|p1a: Anne|spd|1
|
|-weather|none
|-heal|p2a: Entei|76/100|[from] item: Leftovers
|-heal|p1a: Anne|36/100|[from] item: Leftovers
|upkeep
|turn|9
|
|t:|1769428070
|move|p2a: Entei|Flamethrower|p1a: Anne
|-damage|p1a: Anne|6/100
|move|p1a: Anne|Psychic Noise|p2a: Entei
|-damage|p2a: Entei|36/100
|-start|p2a: Entei|move: Heal Block
|
|-heal|p1a: Anne|12/100|[from] item: Leftovers
|upkeep
|turn|10
|
|t:|1769428090
|move|p2a: Entei|Flamethrower|p1a: Anne
|-damage|p1a: Anne|0 fnt
|faint|p1a: Anne
|
|-end|p2a: Entei|move: Heal Block
|upkeep
|
|t:|1769428100
|switch|p1a: ABDR|Walking Wake|100/100
|turn|11
|
|t:|1769428115
|move|p2a: Entei|Protect|p2a: Entei
|-singleturn|p2a: Entei|Protect
|move|p1a: ABDR|Hydro Steam|p2a: Entei
|-activate|p2a: Entei|move: Protect
|
|-heal|p2a: Entei|42/100|[from] item: Leftovers
|upkeep
|turn|12
|
|t:|1769428140
|-end|p1a: ABDR|Protosynthesis|[silent]
|switch|p1a: mehdi|Iron Valiant|100/100
|-enditem|p1a: mehdi|Booster Energy
|-activate|p1a: mehdi|ability: Quark Drive|[fromitem]
|-start|p1a: mehdi|quarkdrivespe
|move|p2a: Entei|Calm Mind|p2a: Entei
|-boost|p2a: Entei|spa|1
|-boost|p2a: Entei|spd|1
|
|-heal|p2a: Entei|48/100|[from] item: Leftovers
|upkeep
|turn|13
|inactive|Gustypuff017 has 120 seconds left.
|
|t:|1769428156
|-terastallize|p1a: mehdi|Fairy
|move|p1a: mehdi|Tera Blast|p2a: Entei|[anim] Tera Blast Fairy
|-end|p2a: Entei|Substitute
|move|p2a: Entei|Flamethrower|p1a: mehdi
|-damage|p1a: mehdi|3/100
|
|-heal|p2a: Entei|55/100|[from] item: Leftovers
|upkeep
|turn|14
|
|t:|1769428168
|move|p1a: mehdi|Tera Blast|p2a: Entei|[anim] Tera Blast Fairy
|-damage|p2a: Entei|21/100
|move|p2a: Entei|Flamethrower|p1a: mehdi
|-damage|p1a: mehdi|0 fnt
|faint|p1a: mehdi
|-end|p1a: mehdi|Quark Drive|[silent]
|
|-heal|p2a: Entei|27/100|[from] item: Leftovers
|upkeep
|inactive|Gustypuff017 has 120 seconds left.
|
|t:|1769428178
|switch|p1a: Amar|Tornadus-Therian, M|100/100
|turn|15
|
|t:|1769428183
|move|p2a: Entei|Protect|p2a: Entei
|-singleturn|p2a: Entei|Protect
|move|p1a: Amar|Bleakwind Storm|p2a: Entei
|-activate|p2a: Entei|move: Protect
|
|-heal|p2a: Entei|33/100|[from] item: Leftovers
|upkeep
|turn|16
|
|t:|1769428192
|move|p1a: Amar|Bleakwind Storm|p2a: Entei|[miss]
|-miss|p1a: Amar|p2a: Entei
|move|p2a: Entei|Flamethrower|p1a: Amar
|-damage|p1a: Amar|32/100
|
|-heal|p2a: Entei|39/100|[from] item: Leftovers
|upkeep
|turn|17
|
|t:|1769428200
|move|p1a: Amar|Bleakwind Storm|p2a: Entei
|-damage|p2a: Entei|14/100
|-unboost|p2a: Entei|spe|1
|move|p2a: Entei|Flamethrower|p1a: Amar
|-damage|p1a: Amar|0 fnt
|faint|p1a: Amar
|
|-heal|p2a: Entei|21/100|[from] item: Leftovers
|upkeep
|
|t:|1769428210
|switch|p1a: ABDR|Walking Wake|100/100
|turn|18
|
|t:|1769428213
|move|p2a: Entei|Protect|p2a: Entei
|-singleturn|p2a: Entei|Protect
|move|p1a: ABDR|Hydro Steam|p2a: Entei
|-activate|p2a: Entei|move: Protect
|
|-heal|p2a: Entei|27/100|[from] item: Leftovers
|upkeep
|turn|19
|
|t:|1769428225
|move|p1a: ABDR|Hydro Steam|p2a: Entei
|-resisted|p2a: Entei
|-damage|p2a: Entei|11/100
|move|p2a: Entei|Calm Mind|p2a: Entei
|-boost|p2a: Entei|spa|1
|-boost|p2a: Entei|spd|1
|
|-heal|p2a: Entei|17/100|[from] item: Leftovers
|upkeep
|turn|20
|
|t:|1769428234
|move|p2a: Entei|Protect|p2a: Entei
|-singleturn|p2a: Entei|Protect
|move|p1a: ABDR|Hydro Steam|p2a: Entei
|-activate|p2a: Entei|move: Protect
|
|-heal|p2a: Entei|23/100|[from] item: Leftovers
|upkeep
|turn|21
|c|☆Gustypuff017|go hell
|
|t:|1769428248
|move|p1a: ABDR|Hydro Steam|p2a: Entei
|-resisted|p2a: Entei
|-damage|p2a: Entei|10/100
|move|p2a: Entei|Calm Mind|p2a: Entei
|-boost|p2a: Entei|spa|1
|-boost|p2a: Entei|spd|1
|
|-heal|p2a: Entei|16/100|[from] item: Leftovers
|upkeep
|turn|22
|-message|Gustypuff017 forfeited.
|
|win|los chipirones
|raw|Gustypuff017's rating: 1176 &rarr; <strong>1151</strong><br />(-25 for losing)
|raw|los chipirones's rating: 1176 &rarr; <strong>1201</strong><br />(+25 for winning)
|l|☆Gustypuff017
|player|p1|
