|j|☆solrack117
|j|☆Xywe18
|t:|1769419104
|gametype|singles
|player|p1|solrack117|medium|1369
|player|p2|Xywe18|waitress-gen4|1289
|gen|9
|tier|[Gen 9] OU
|rated|
|rule|HP Percentage Mod: HP is shown in percentages
|rule|Endless Battle Clause: Forcing endless battles is banned
|rule|Species Clause: Limit one of each Pokémon
|rule|OHKO Clause: OHKO moves are banned
|rule|Evasion Items Clause: Evasion items are banned
|rule|Evasion Moves Clause: Evasion moves are banned
|rule|Evasion Abilities Clause: Evasion abilities are banned
|rule|Sleep Moves Clause: Sleep-inducing moves are banned
|clearpoke
|poke|p1|Garchomp, F|
|poke|p1|Umbreon, F|
|poke|p1|Mimikyu, F|
|poke|p1|Lycanroc-Dusk, M|
|poke|p1|Zoroark-Hisui, M|
|poke|p1|Corviknight, M|
|poke|p2|Iron Treads|
|poke|p2|Rotom-Wash|
|poke|p2|Gholdengo|
|poke|p2|Zamazenta-*|
|poke|p2|Darkrai|
|poke|p2|Dragapult, F|
|teampreview
|
|t:|1769419113
|teamsize|p1|6
|teamsize|p2|6
|start
|switch|p1a: Lycanroc|Lycanroc-Dusk, M|100/100
|switch|p2a: Darkrai|Darkrai|100/100
|turn|1
|inactive|Battle timer is ON: inactive players will automatically lose when time's up. (requested by solrack117)
|
|t:|1769419122
|move|p2a: Darkrai|Dark Pulse|p1a: Lycanroc
|-damage|p1a: Lycanroc|24/100
|cant|p1a: Lycanroc|flinch
|
|upkeep
|turn|2
|
|t:|1769419130
|switch|p1a: Umbreon|Umbreon, F, shiny|100/100
|move|p2a: Darkrai|Dark Pulse|p1a: Umbreon
|-resisted|p1a: Umbreon
|-damage|p1a: Umbreon|89/100
|
|-heal|p1a: Umbreon|95/100|[from] item: Leftovers
|upkeep
|turn|3
|
|t:|1769419140
|switch|p2a: Zamazenta|Zamazenta|100/100
|-ability|p2a: Zamazenta|Dauntless Shield|boost
|-boost|p2a: Zamazenta|def|1
|move|p1a: Umbreon|Toxic|p2a: Zamazenta
|-status|p2a: Zamazenta|tox
|
|-heal|p1a: Umbreon|100/100|[from] item: Leftovers
|-damage|p2a: Zamazenta|94/100 tox|[from] psn
|upkeep
|turn|4
|
|t:|1769419151
|move|p2a: Zamazenta|Crunch|p1a: Umbreon
|-resisted|p1a: Umbreon
|-damage|p1a: Umbreon|92/100
|-unboost|p1a: Umbreon|def|1
|move|p1a: Umbreon|Wish|p1a: Umbreon
|
|-heal|p2a: Zamazenta|100/100 tox|[from] item: Leftovers
|-heal|p1a: Umbreon|98/100|[from] item: Leftovers
|-damage|p2a: Zamazenta|88/100 tox|[from] psn
|upkeep
|turn|5
|
|t:|1769419160
|switch|p1a: Lycanroc|Lycanroc-Dusk, M|24/100
|move|p2a: Zamazenta|Body Press|p1a: Lycanroc
|-supereffective|p1a: Lycanroc
|-damage|p1a: Lycanroc|0 fnt
|faint|p1a: Lycanroc
|
|-heal|p2a: Zamazenta|94/100 tox|[from] item: Leftovers
|-damage|p2a: Zamazenta|76/100 tox|[from] psn
|upkeep
|
|t:|1769419172
|switch|p1a: Umbreon|Umbreon, F, shiny|100/100
|turn|6
|
|t:|1769419178
|move|p2a: Zamazenta|Crunch|p1a: Umbreon
|-supereffective|p1a: Umbreon
|-damage|p1a: Umbreon|17/100
|-unboost|p1a: Umbreon|def|1
|replace|p1a: Zoroark|Zoroark-Hisui, M
|-end|p1a: Zoroark|Illusion
|move|p1a: Zoroark|Hyper Voice|p2a: Zamazenta
|-damage|p2a: Zamazenta|12/100 tox
|
|-heal|p2a: Zamazenta|18/100 tox|[from] item: Leftovers
|-damage|p2a: Zamazenta|0 fnt|[from] psn
|faint|p2a: Zamazenta
|upkeep
|
|t:|1769419193
|switch|p2a: Dragapult|Dragapult, F|100/100
|turn|7
|
|t:|1769419199
|switch|p1a: Corviknight|Corviknight, M, shiny|100/100
|-ability|p1a: Corviknight|Pressure
|move|p2a: Dragapult|U-turn|p1a: Corviknight
|-resisted|p1a: Corviknight
|-damage|p1a: Corviknight|95/100
|-damage|p2a: Dragapult|84/100|[from] item: Rocky Helmet|[of] p1a: Corviknight
|
|t:|1769419209
|switch|p2a: Rotom|Rotom-Wash|100/100|[from] U-turn
|
|upkeep
|turn|8
|
|t:|1769419215
|switch|p1a: Umbreon|Umbreon, F, shiny|98/100
|move|p2a: Rotom|Will-O-Wisp|p1a: Umbreon
|-status|p1a: Umbreon|brn
|-activate|p1a: Umbreon|ability: Synchronize
|-status|p2a: Rotom|brn
|
|-heal|p1a: Umbreon|100/100 brn|[from] item: Leftovers
|-damage|p2a: Rotom|95/100 brn|[from] brn
|-damage|p1a: Umbreon|94/100 brn|[from] brn
|upkeep
|turn|9
|
|t:|1769419232
|move|p2a: Rotom|Pain Split|p1a: Umbreon
|-sethp|p1a: Umbreon|83/100 brn|[from] move: Pain Split|[silent]
|-sethp|p2a: Rotom|100/100 brn|[from] move: Pain Split
|move|p1a: Umbreon|Foul Play|p2a: Rotom
|-damage|p2a: Rotom|92/100 brn
|
|-heal|p2a: Rotom|98/100 brn|[from] item: Leftovers
|-heal|p1a: Umbreon|90/100 brn|[from] item: Leftovers
|-damage|p2a: Rotom|92/100 brn|[from] brn
|-damage|p1a: Umbreon|83/100 brn|[from] brn
|upkeep
|turn|10
|
|t:|1769419244
|switch|p1a: Corviknight|Corviknight, M, shiny|17/100
|move|p2a: Rotom|Hydro Pump|p1a: Corviknight
|-damage|p1a: Corviknight|0 fnt
|replace|p1a: Zoroark|Zoroark-Hisui, M
|-end|p1a: Zoroark|Illusion
|faint|p1a: Zoroark
|
|-heal|p2a: Rotom|98/100 brn|[from] item: Leftovers
|-damage|p2a: Rotom|92/100 brn|[from] brn
|upkeep
|
|t:|1769419255
|switch|p1a: Garchomp|Garchomp, F, shiny|100/100
|turn|11
|
|t:|1769419259
|move|p1a: Garchomp|Outrage|p2a: Rotom
|-damage|p2a: Rotom|7/100 brn
|-damage|p1a: Garchomp|91/100|[from] item: Life Orb
|move|p2a: Rotom|Will-O-Wisp|p1a: Garchomp
|-status|p1a: Garchomp|brn
|
|-heal|p2a: Rotom|13/100 brn|[from] item: Leftovers
|-damage|p1a: Garchomp|85/100 brn|[from] brn
|-damage|p2a: Rotom|7/100 brn|[from] brn
|upkeep
|turn|12
|
|t:|1769419271
|move|p1a: Garchomp|Outrage|p2a: Rotom|[from] lockedmove
|-crit|p2a: Rotom
|-damage|p2a: Rotom|0 fnt
|faint|p2a: Rotom
|-damage|p1a: Garchomp|75/100 brn|[from] item: Life Orb
|-start|p1a: Garchomp|confusion|[fatigue]
|
|-damage|p1a: Garchomp|69/100 brn|[from] brn
|upkeep
|
|t:|1769419284
|switch|p2a: Gholdengo|Gholdengo|100/100
|turn|13
|
|t:|1769419293
|switch|p2a: Iron Treads|Iron Treads|100/100
|-item|p2a: Iron Treads|Air Balloon
|-activate|p1a: Garchomp|confusion
|-damage|p1a: Garchomp|53/100 brn|[from] confusion
|
|-damage|p1a: Garchomp|47/100 brn|[from] brn
|upkeep
|turn|14
|
|t:|1769419304
|move|p2a: Iron Treads|Stealth Rock|p1a: Garchomp
|-sidestart|p1: solrack117|move: Stealth Rock
|-activate|p1a: Garchomp|confusion
|-damage|p1a: Garchomp|32/100 brn|[from] confusion
|
|-damage|p1a: Garchomp|26/100 brn|[from] brn
|upkeep
|turn|15
|
|t:|1769419312
|move|p2a: Iron Treads|Knock Off|p1a: Garchomp
|-damage|p1a: Garchomp|2/100 brn
|-damage|p2a: Iron Treads|88/100|[from] ability: Rough Skin|[of] p1a: Garchomp
|-enditem|p1a: Garchomp|Life Orb|[from] move: Knock Off|[of] p2a: Iron Treads
|-activate|p1a: Garchomp|confusion
|move|p1a: Garchomp|Outrage|p2a: Iron Treads
|-resisted|p2a: Iron Treads
|-damage|p2a: Iron Treads|74/100
|-enditem|p2a: Iron Treads|Air Balloon
|
|-damage|p1a: Garchomp|0 fnt|[from] brn
|faint|p1a: Garchomp
|upkeep
|
|t:|1769419334
|switch|p1a: Corviknight|Corviknight, M, shiny|95/100
|-damage|p1a: Corviknight|82/100|[from] Stealth Rock
|-ability|p1a: Corviknight|Pressure
|turn|16
|
|t:|1769419341
|-end|p2a: Iron Treads|Quark Drive|[silent]
|switch|p2a: Gholdengo|Gholdengo|100/100
|move|p1a: Corviknight|Defog|p2a: Gholdengo
|-immune|p2a: Gholdengo|[from] ability: Good as Gold
|
|upkeep
|turn|17
|
|t:|1769419350
|move|p2a: Gholdengo|Nasty Plot|p2a: Gholdengo
|-boost|p2a: Gholdengo|spa|2
|move|p1a: Corviknight|Brave Bird|p2a: Gholdengo
|-resisted|p2a: Gholdengo
|-damage|p2a: Gholdengo|85/100
|-damage|p1a: Corviknight|77/100|[from] Recoil
|
|upkeep
|turn|18
|
|t:|1769419358
|move|p2a: Gholdengo|Shadow Ball|p1a: Corviknight
|-damage|p1a: Corviknight|0 fnt
|faint|p1a: Corviknight
|
|upkeep
|
|t:|1769419364
|switch|p1a: Mimikyu|Mimikyu, F, shiny|100/100
|-damage|p1a: Mimikyu|88/100|[from] Stealth Rock
|turn|19
|
|t:|1769419369
|-terastallize|p2a: Gholdengo|Flying
|move|p1a: Mimikyu|Shadow Claw|p2a: Gholdengo
|-damage|p2a: Gholdengo|55/100
|-damage|p1a: Mimikyu|78/100|[from] item: Life Orb
|move|p2a: Gholdengo|Shadow Ball|p1a: Mimikyu
|-activate|p1a: Mimikyu|ability: Disguise
|-damage|p1a: Mimikyu|78/100
|detailschange|p1a: Mimikyu|Mimikyu-Busted, F, shiny
|-damage|p1a: Mimikyu|66/100|[from] pokemon: Mimikyu-Busted
|
|upkeep
|turn|20
|
|t:|1769419391
|move|p1a: Mimikyu|Play Rough|p2a: Gholdengo|[miss]
|-miss|p1a: Mimikyu|p2a: Gholdengo
|move|p2a: Gholdengo|Make It Rain|p1a: Mimikyu
|-supereffective|p1a: Mimikyu
|-damage|p1a: Mimikyu|0 fnt
|-unboost|p2a: Gholdengo|spa|1
|faint|p1a: Mimikyu
|
|upkeep
|
|t:|1769419399
|switch|p1a: Umbreon|Umbreon, F, shiny|83/100 brn
|-damage|p1a: Umbreon|71/100 brn|[from] Stealth Rock
|turn|21
|
|t:|1769419405
|move|p2a: Gholdengo|Make It Rain|p1a: Umbreon
|-damage|p1a: Umbreon|21/100 brn
|-unboost|p2a: Gholdengo|spa|1
|move|p1a: Umbreon|Toxic|p2a: Gholdengo
|-immune|p2a: Gholdengo|[from] ability: Good as Gold
|
|-heal|p1a: Umbreon|27/100 brn|[from] item: Leftovers
|-damage|p1a: Umbreon|21/100 brn|[from] brn
|upkeep
|turn|22
|
|t:|1769419416
|move|p1a: Umbreon|Protect|p1a: Umbreon
|-singleturn|p1a: Umbreon|Protect
|move|p2a: Gholdengo|Make It Rain|p1a: Umbreon
|-activate|p1a: Umbreon|move: Protect
|
|-heal|p1a: Umbreon|27/100 brn|[from] item: Leftovers
|-damage|p1a: Umbreon|21/100 brn|[from] brn
|upkeep
|turn|23
|
|t:|1769419424
|move|p2a: Gholdengo|Make It Rain|p1a: Umbreon
|-damage|p1a: Umbreon|0 fnt
|-unboost|p2a: Gholdengo|spa|1
|faint|p1a: Umbreon
|
|win|Xywe18
|raw|solrack117's rating: 1369 &rarr; <strong>1344</strong><br />(-25 for losing)
|raw|Xywe18's rating: 1289 &rarr; <strong>1320</strong><br />(+31 for winning)
|l|☆solrack117
|player|p1|
|l|☆Xywe18
|player|p2|
