|j|☆toxel.png
|j|☆ghighas
|t:|1769403367
|gametype|singles
|player|p1|toxel.png|roxie|1389
|player|p2|ghighas|ghetsis|1388
|gen|9
|tier|[Gen 9] OU
|rated|
|rule|HP Percentage Mod: HP is shown in percentages
|rule|Endless Battle Clause: Forcing endless battles is banned
|rule|Species Clause: Limit one of each Pokémon
|rule|OHKO Clause: OHKO moves are banned
|rule|Evasion Items Clause: Evasion items are banned
|rule|Evasion Moves Clause: Evasion moves are banned
|rule|Evasion Abilities Clause: Evasion abilities are banned
|rule|Sleep Moves Clause: Sleep-inducing moves are banned
|clearpoke
|poke|p1|Grimmsnarl, M|
|poke|p1|Toxtricity, M|
|poke|p1|Dragonite, M|
|poke|p1|Incineroar, M|
|poke|p1|Weavile, M|
|poke|p1|Corviknight, F|
|poke|p2|Barraskewda, M|
|poke|p2|Pelipper, M|
|poke|p2|Dondozo, M|
|poke|p2|Goodra-Hisui, M|
|poke|p2|Ogerpon-Wellspring, F|
|poke|p2|Great Tusk|
|teampreview
|
|t:|1769403401
|teamsize|p1|6
|teamsize|p2|6
|start
|switch|p1a: ♪ Chop Suey!|Grimmsnarl, M|100/100
|switch|p2a: Pelipper|Pelipper, M|100/100
|-weather|RainDance|[from] ability: Drizzle|[of] p2a: Pelipper
|turn|1
|
|t:|1769403427
|move|p1a: ♪ Chop Suey!|Thunder Wave|p2a: Pelipper
|-status|p2a: Pelipper|par
|move|p2a: Pelipper|U-turn|p1a: ♪ Chop Suey!
|-damage|p1a: ♪ Chop Suey!|88/100
|
|t:|1769403429
|switch|p2a: Barraskewda|Barraskewda, M, shiny|100/100|[from] U-turn
|
|-weather|RainDance|[upkeep]
|upkeep
|turn|2
|
|t:|1769403441
|switch|p2a: Goodra|Goodra-Hisui, M|100/100
|move|p1a: ♪ Chop Suey!|Thunder Wave|p2a: Goodra
|-status|p2a: Goodra|par
|
|-weather|RainDance|[upkeep]
|upkeep
|turn|3
|
|t:|1769403450
|move|p1a: ♪ Chop Suey!|Parting Shot|p2a: Goodra
|-unboost|p2a: Goodra|atk|1
|-unboost|p2a: Goodra|spa|1
|
|t:|1769403453
|switch|p1a: ♪ Still Shinin’|Corviknight, F|100/100|[from] Parting Shot
|-ability|p1a: ♪ Still Shinin’|Pressure
|cant|p2a: Goodra|par
|
|-weather|RainDance|[upkeep]
|upkeep
|turn|4
|
|t:|1769403477
|switch|p2a: Dondozo|Dondozo, M|100/100
|move|p1a: ♪ Still Shinin’|U-turn|p2a: Dondozo
|-damage|p2a: Dondozo|94/100
|
|t:|1769403491
|switch|p1a: ♪ One Beer|Incineroar, M|100/100|[from] U-turn
|-ability|p1a: ♪ One Beer|Intimidate|boost
|-unboost|p2a: Dondozo|atk|1
|
|-weather|RainDance|[upkeep]
|-heal|p2a: Dondozo|99/100|[from] item: Leftovers
|upkeep
|turn|5
|
|t:|1769403499
|move|p1a: ♪ One Beer|Will-O-Wisp|p2a: Dondozo|[miss]
|-miss|p1a: ♪ One Beer|p2a: Dondozo
|move|p2a: Dondozo|Wave Crash|p1a: ♪ One Beer
|-supereffective|p1a: ♪ One Beer
|-damage|p1a: ♪ One Beer|26/100
|-damage|p2a: Dondozo|81/100|[from] Recoil
|
|-weather|RainDance|[upkeep]
|-heal|p2a: Dondozo|87/100|[from] item: Leftovers
|upkeep
|turn|6
|
|t:|1769403506
|move|p1a: ♪ One Beer|Will-O-Wisp|p2a: Dondozo
|-status|p2a: Dondozo|brn
|move|p2a: Dondozo|Body Press|p1a: ♪ One Beer
|-supereffective|p1a: ♪ One Beer
|-damage|p1a: ♪ One Beer|0 fnt
|faint|p1a: ♪ One Beer
|
|-weather|RainDance|[upkeep]
|-heal|p2a: Dondozo|93/100 brn|[from] item: Leftovers
|-damage|p2a: Dondozo|87/100 brn|[from] brn
|upkeep
|
|t:|1769403521
|switch|p1a: ♪ King Von|Weavile, M|100/100
|-ability|p1a: ♪ King Von|Pressure
|turn|7
|
|t:|1769403524
|switch|p1a: ♪ Still Shinin’|Corviknight, F|100/100
|-ability|p1a: ♪ Still Shinin’|Pressure
|move|p2a: Dondozo|Body Press|p1a: ♪ Still Shinin’
|-damage|p1a: ♪ Still Shinin’|93/100
|-damage|p2a: Dondozo|70/100 brn|[from] item: Rocky Helmet|[of] p1a: ♪ Still Shinin’
|
|-weather|RainDance|[upkeep]
|-heal|p2a: Dondozo|76/100 brn|[from] item: Leftovers
|-damage|p2a: Dondozo|70/100 brn|[from] brn
|upkeep
|turn|8
|
|t:|1769403531
|move|p1a: ♪ Still Shinin’|Body Press|p2a: Dondozo
|-damage|p2a: Dondozo|57/100 brn
|move|p2a: Dondozo|Curse|p2a: Dondozo
|-unboost|p2a: Dondozo|spe|1
|-boost|p2a: Dondozo|atk|1
|-boost|p2a: Dondozo|def|1
|
|-weather|none
|-heal|p2a: Dondozo|63/100 brn|[from] item: Leftovers
|-damage|p2a: Dondozo|57/100 brn|[from] brn
|upkeep
|turn|9
|
|t:|1769403534
|move|p1a: ♪ Still Shinin’|U-turn|p2a: Dondozo
|-damage|p2a: Dondozo|52/100 brn
|
|t:|1769403536
|switch|p1a: ♪ Stricken|Toxtricity, M|100/100|[from] U-turn
|move|p2a: Dondozo|Rest|p2a: Dondozo
|-status|p2a: Dondozo|slp|[from] move: Rest
|-heal|p2a: Dondozo|100/100 slp|[silent]
|
|upkeep
|turn|10
|
|t:|1769403540
|switch|p2a: Great Tusk|Great Tusk|100/100
|move|p1a: ♪ Stricken|Boomburst|p2a: Great Tusk
|-damage|p2a: Great Tusk|21/100
|
|upkeep
|turn|11
|
|t:|1769403550
|switch|p1a: ♪ Still Shinin’|Corviknight, F|93/100
|-ability|p1a: ♪ Still Shinin’|Pressure
|move|p2a: Great Tusk|Earthquake|p1a: ♪ Still Shinin’
|-immune|p1a: ♪ Still Shinin’
|
|upkeep
|turn|12
|
|t:|1769403554
|-end|p2a: Great Tusk|Protosynthesis|[silent]
|switch|p2a: Pelipper|Pelipper, M|100/100 par
|-weather|RainDance|[from] ability: Drizzle|[of] p2a: Pelipper
|move|p1a: ♪ Still Shinin’|U-turn|p2a: Pelipper
|-resisted|p2a: Pelipper
|-damage|p2a: Pelipper|94/100 par
|
|t:|1769403556
|switch|p1a: ♪ Stricken|Toxtricity, M|100/100|[from] U-turn
|
|-weather|RainDance|[upkeep]
|upkeep
|turn|13
|
|t:|1769403560
|switch|p2a: Goodra|Goodra-Hisui, M|100/100 par
|move|p1a: ♪ Stricken|Overdrive|p2a: Goodra
|-resisted|p2a: Goodra
|-damage|p2a: Goodra|79/100 par
|
|-weather|RainDance|[upkeep]
|upkeep
|turn|14
|
|t:|1769403568
|switch|p1a: ♪ Still Shinin’|Corviknight, F|93/100
|-ability|p1a: ♪ Still Shinin’|Pressure
|move|p2a: Goodra|Flash Cannon|p1a: ♪ Still Shinin’
|-resisted|p1a: ♪ Still Shinin’
|-damage|p1a: ♪ Still Shinin’|79/100
|
|-weather|RainDance|[upkeep]
|upkeep
|turn|15
|
|t:|1769403572
|switch|p2a: Barraskewda|Barraskewda, M, shiny|100/100
|move|p1a: ♪ Still Shinin’|U-turn|p2a: Barraskewda
|-damage|p2a: Barraskewda|71/100
|
|t:|1769403576
|switch|p1a: ♪ Chop Suey!|Grimmsnarl, M|88/100|[from] U-turn
|
|-weather|RainDance|[upkeep]
|upkeep
|turn|16
|
|t:|1769403579
|move|p1a: ♪ Chop Suey!|Thunder Wave|p2a: Barraskewda
|-status|p2a: Barraskewda|par
|move|p2a: Barraskewda|Liquidation|p1a: ♪ Chop Suey!
|-damage|p1a: ♪ Chop Suey!|0 fnt
|faint|p1a: ♪ Chop Suey!
|
|-weather|RainDance|[upkeep]
|upkeep
|
|t:|1769403593
|switch|p1a: ♪ Still Shinin’|Corviknight, F|79/100
|-ability|p1a: ♪ Still Shinin’|Pressure
|turn|17
|
|t:|1769403599
|-terastallize|p2a: Barraskewda|Water
|move|p2a: Barraskewda|Liquidation|p1a: ♪ Still Shinin’
|-damage|p1a: ♪ Still Shinin’|0 fnt
|-damage|p2a: Barraskewda|54/100 par|[from] item: Rocky Helmet|[of] p1a: ♪ Still Shinin’
|faint|p1a: ♪ Still Shinin’
|
|-weather|RainDance|[upkeep]
|upkeep
|
|t:|1769403608
|switch|p1a: ♪ Aeriels|Dragonite, M|100/100
|turn|18
|
|t:|1769403615
|switch|p2a: Dondozo|Dondozo, M|100/100 slp
|move|p1a: ♪ Aeriels|Roost||[still]
|-fail|p1a: ♪ Aeriels|heal
|
|-weather|RainDance|[upkeep]
|upkeep
|turn|19
|inactive|Battle timer is ON: inactive players will automatically lose when time's up. (requested by toxel.png)
|
|t:|1769403642
|switch|p1a: ♪ Stricken|Toxtricity, M|100/100
|cant|p2a: Dondozo|slp
|
|-weather|none
|upkeep
|turn|20
|
|t:|1769403666
|switch|p2a: Pelipper|Pelipper, M|94/100 par
|-weather|RainDance|[from] ability: Drizzle|[of] p2a: Pelipper
|move|p1a: ♪ Stricken|Volt Switch|p2a: Pelipper
|-supereffective|p2a: Pelipper
|-damage|p2a: Pelipper|0 fnt
|faint|p2a: Pelipper
|
|t:|1769403671
|switch|p1a: ♪ Aeriels|Dragonite, M|100/100|[from] Volt Switch
|
|-weather|RainDance|[upkeep]
|upkeep
|
|t:|1769403683
|switch|p2a: Dondozo|Dondozo, M|100/100 slp
|turn|21
|
|t:|1769403692
|move|p1a: ♪ Aeriels|Roost||[still]
|-fail|p1a: ♪ Aeriels|heal
|cant|p2a: Dondozo|slp
|
|-weather|RainDance|[upkeep]
|upkeep
|turn|22
|
|t:|1769403707
|move|p1a: ♪ Aeriels|Dragon Dance|p1a: ♪ Aeriels
|-boost|p1a: ♪ Aeriels|atk|1
|-boost|p1a: ♪ Aeriels|spe|1
|-curestatus|p2a: Dondozo|slp|[msg]
|move|p2a: Dondozo|Wave Crash|p1a: ♪ Aeriels
|-resisted|p1a: ♪ Aeriels
|-damage|p1a: ♪ Aeriels|82/100
|-damage|p2a: Dondozo|96/100|[from] Recoil
|
|-weather|RainDance|[upkeep]
|-heal|p2a: Dondozo|100/100|[from] item: Leftovers
|upkeep
|turn|23
|
|t:|1769403713
|move|p1a: ♪ Aeriels|Roost|p1a: ♪ Aeriels
|-heal|p1a: ♪ Aeriels|100/100
|-singleturn|p1a: ♪ Aeriels|move: Roost
|move|p2a: Dondozo|Wave Crash|p1a: ♪ Aeriels
|-resisted|p1a: ♪ Aeriels
|-damage|p1a: ♪ Aeriels|83/100
|-damage|p2a: Dondozo|97/100|[from] Recoil
|
|-weather|RainDance|[upkeep]
|-heal|p2a: Dondozo|100/100|[from] item: Leftovers
|upkeep
|turn|24
|
|t:|1769403718
|move|p1a: ♪ Aeriels|Roost|p1a: ♪ Aeriels
|-heal|p1a: ♪ Aeriels|100/100
|-singleturn|p1a: ♪ Aeriels|move: Roost
|move|p2a: Dondozo|Curse|p2a: Dondozo
|-unboost|p2a: Dondozo|spe|1
|-boost|p2a: Dondozo|atk|1
|-boost|p2a: Dondozo|def|1
|
|-weather|RainDance|[upkeep]
|upkeep
|turn|25
|
|t:|1769403724
|move|p1a: ♪ Aeriels|Dragon Dance|p1a: ♪ Aeriels
|-boost|p1a: ♪ Aeriels|atk|1
|-boost|p1a: ♪ Aeriels|spe|1
|move|p2a: Dondozo|Wave Crash|p1a: ♪ Aeriels
|-resisted|p1a: ♪ Aeriels
|-damage|p1a: ♪ Aeriels|74/100
|-damage|p2a: Dondozo|95/100|[from] Recoil
|
|-weather|RainDance|[upkeep]
|-heal|p2a: Dondozo|100/100|[from] item: Leftovers
|upkeep
|turn|26
|
|t:|1769403728
|move|p1a: ♪ Aeriels|Roost|p1a: ♪ Aeriels
|-heal|p1a: ♪ Aeriels|100/100
|-singleturn|p1a: ♪ Aeriels|move: Roost
|move|p2a: Dondozo|Wave Crash|p1a: ♪ Aeriels
|-resisted|p1a: ♪ Aeriels
|-damage|p1a: ♪ Aeriels|75/100
|-damage|p2a: Dondozo|95/100|[from] Recoil
|
|-weather|RainDance|[upkeep]
|-heal|p2a: Dondozo|100/100|[from] item: Leftovers
|upkeep
|turn|27
|
|t:|1769403733
|move|p1a: ♪ Aeriels|Roost|p1a: ♪ Aeriels
|-heal|p1a: ♪ Aeriels|100/100
|-singleturn|p1a: ♪ Aeriels|move: Roost
|move|p2a: Dondozo|Curse|p2a: Dondozo
|-unboost|p2a: Dondozo|spe|1
|-boost|p2a: Dondozo|atk|1
|-boost|p2a: Dondozo|def|1
|
|-weather|none
|upkeep
|turn|28
|
|t:|1769403744
|move|p1a: ♪ Aeriels|Dragon Dance|p1a: ♪ Aeriels
|-boost|p1a: ♪ Aeriels|atk|1
|-boost|p1a: ♪ Aeriels|spe|1
|move|p2a: Dondozo|Wave Crash|p1a: ♪ Aeriels
|-resisted|p1a: ♪ Aeriels
|-damage|p1a: ♪ Aeriels|78/100
|-damage|p2a: Dondozo|96/100|[from] Recoil
|
|-heal|p2a: Dondozo|100/100|[from] item: Leftovers
|upkeep
|turn|29
|
|t:|1769403747
|move|p1a: ♪ Aeriels|Roost|p1a: ♪ Aeriels
|-heal|p1a: ♪ Aeriels|100/100
|-singleturn|p1a: ♪ Aeriels|move: Roost
|move|p2a: Dondozo|Wave Crash|p1a: ♪ Aeriels
|-resisted|p1a: ♪ Aeriels
|-damage|p1a: ♪ Aeriels|77/100
|-damage|p2a: Dondozo|95/100|[from] Recoil
|
|-heal|p2a: Dondozo|100/100|[from] item: Leftovers
|upkeep
|turn|30
|
|t:|1769403751
|move|p1a: ♪ Aeriels|Roost|p1a: ♪ Aeriels
|-heal|p1a: ♪ Aeriels|100/100
|-singleturn|p1a: ♪ Aeriels|move: Roost
|move|p2a: Dondozo|Wave Crash|p1a: ♪ Aeriels
|-resisted|p1a: ♪ Aeriels
|-damage|p1a: ♪ Aeriels|77/100
|-damage|p2a: Dondozo|95/100|[from] Recoil
|
|-heal|p2a: Dondozo|100/100|[from] item: Leftovers
|upkeep
|turn|31
|
|t:|1769403756
|move|p1a: ♪ Aeriels|Earthquake|p2a: Dondozo
|-damage|p2a: Dondozo|92/100
|move|p2a: Dondozo|Wave Crash|p1a: ♪ Aeriels
|-resisted|p1a: ♪ Aeriels
|-damage|p1a: ♪ Aeriels|35/100
|-damage|p2a: Dondozo|83/100|[from] Recoil
|
|-heal|p2a: Dondozo|89/100|[from] item: Leftovers
|upkeep
|turn|32
|
|t:|1769403768
|move|p1a: ♪ Aeriels|Earthquake|p2a: Dondozo
|-damage|p2a: Dondozo|79/100
|move|p2a: Dondozo|Wave Crash|p1a: ♪ Aeriels
|-resisted|p1a: ♪ Aeriels
|-damage|p1a: ♪ Aeriels|0 fnt
|faint|p1a: ♪ Aeriels
|-damage|p2a: Dondozo|71/100|[from] Recoil
|
|-heal|p2a: Dondozo|77/100|[from] item: Leftovers
|upkeep
|
|t:|1769403771
|switch|p1a: ♪ Stricken|Toxtricity, M|100/100
|turn|33
|
|t:|1769403776
|switch|p2a: Goodra|Goodra-Hisui, M|79/100 par
|-terastallize|p1a: ♪ Stricken|Electric
|move|p1a: ♪ Stricken|Overdrive|p2a: Goodra
|-resisted|p2a: Goodra
|-damage|p2a: Goodra|47/100 par
|
|upkeep
|turn|34
|
|t:|1769403784
|move|p1a: ♪ Stricken|Overdrive|p2a: Goodra
|-resisted|p2a: Goodra
|-damage|p2a: Goodra|19/100 par
|move|p2a: Goodra|Dragon Tail|p1a: ♪ Stricken
|-damage|p1a: ♪ Stricken|67/100
|drag|p1a: ♪ King Von|Weavile, M|100/100
|-ability|p1a: ♪ King Von|Pressure
|
|upkeep
|turn|35
|inactive|ghighas has 120 seconds left.
|
|t:|1769403816
|switch|p1a: ♪ Stricken|Toxtricity, M, tera:Electric|67/100
|switch|p2a: Dondozo|Dondozo, M|77/100
|
|-heal|p2a: Dondozo|83/100|[from] item: Leftovers
|upkeep
|turn|36
|
|t:|1769403821
|move|p1a: ♪ Stricken|Overdrive|p2a: Dondozo
|-supereffective|p2a: Dondozo
|-damage|p2a: Dondozo|0 fnt
|faint|p2a: Dondozo
|
|upkeep
|
|t:|1769403822
|switch|p2a: Ogerpon|Ogerpon-Wellspring, F|100/100
|turn|37
|
|t:|1769403832
|move|p2a: Ogerpon|Ivy Cudgel|p1a: ♪ Stricken|[anim] Ivy Cudgel Water
|-damage|p1a: ♪ Stricken|0 fnt
|faint|p1a: ♪ Stricken
|
|upkeep
|c|☆toxel.png|CMON KING VON
|c|☆toxel.png|CRazzy story
|
|t:|1769403853
|switch|p1a: ♪ King Von|Weavile, M|100/100
|-ability|p1a: ♪ King Von|Pressure
|turn|38
|inactive|ghighas has 120 seconds left.
|
|t:|1769403906
|move|p1a: ♪ King Von|Triple Axel|p2a: Ogerpon
|-crit|p2a: Ogerpon
|-damage|p2a: Ogerpon|72/100
|-damage|p2a: Ogerpon|31/100
|-damage|p2a: Ogerpon|0 fnt
|faint|p2a: Ogerpon
|-hitcount|p2: Ogerpon|3
|
|upkeep
|
|t:|1769403915
|switch|p2a: Goodra|Goodra-Hisui, M|19/100 par
|turn|39
|
|t:|1769403936
|move|p1a: ♪ King Von|Triple Axel|p2a: Goodra
|-damage|p2a: Goodra|7/100 par
|-damage|p2a: Goodra|0 fnt
|faint|p2a: Goodra
|-hitcount|p2: Goodra|2
|
|upkeep
|
|t:|1769403959
|switch|p2a: Great Tusk|Great Tusk|21/100
|turn|40
|
|t:|1769403972
|move|p1a: ♪ King Von|Triple Axel|p2a: Great Tusk
|-supereffective|p2a: Great Tusk
|-damage|p2a: Great Tusk|1/100
|-supereffective|p2a: Great Tusk
|-damage|p2a: Great Tusk|0 fnt
|faint|p2a: Great Tusk
|-end|p2a: Great Tusk|Protosynthesis|[silent]
|-hitcount|p2: Great Tusk|2
|
|upkeep
|
|t:|1769403975
|switch|p2a: Barraskewda|Barraskewda, M, shiny, tera:Water|54/100 par
|turn|41
|
|t:|1769403978
|move|p1a: ♪ King Von|Triple Axel|p2a: Barraskewda
|-resisted|p2a: Barraskewda
|-damage|p2a: Barraskewda|40/100 par
|-resisted|p2a: Barraskewda
|-damage|p2a: Barraskewda|12/100 par
|-resisted|p2a: Barraskewda
|-damage|p2a: Barraskewda|0 fnt
|faint|p2a: Barraskewda
|-hitcount|p2: Barraskewda|3
|
|win|toxel.png
|raw|toxel.png's rating: 1389 &rarr; <strong>1408</strong><br />(+19 for winning)
|raw|ghighas's rating: 1372 &rarr; <strong>1353</strong><br />(-19 for losing)
|l|☆ghighas
|player|p2|
|c|☆toxel.png|GGs
