|j|☆ayush6984
|j|☆flaresun3
|t:|1769363004
|gametype|singles
|player|p1|ayush6984|169|1198
|player|p2|flaresun3|shadowtriad|1203
|gen|9
|tier|[Gen 9] OU
|rated|
|rule|HP Percentage Mod: HP is shown in percentages
|rule|Endless Battle Clause: Forcing endless battles is banned
|rule|Species Clause: Limit one of each Pokémon
|rule|OHKO Clause: OHKO moves are banned
|rule|Evasion Items Clause: Evasion items are banned
|rule|Evasion Moves Clause: Evasion moves are banned
|rule|Evasion Abilities Clause: Evasion abilities are banned
|rule|Sleep Moves Clause: Sleep-inducing moves are banned
|clearpoke
|poke|p1|Gholdengo|
|poke|p1|Ogerpon, F|
|poke|p1|Rillaboom, F|
|poke|p1|Samurott-Hisui, M|
|poke|p1|Glimmora, F|
|poke|p1|Raging Bolt|
|poke|p2|Indeedee, M|
|poke|p2|Lapras, M|
|poke|p2|Blaziken, M|
|poke|p2|Serperior, F|
|poke|p2|Gengar, M|
|poke|p2|Krookodile, F|
|teampreview
|inactive|Battle timer is ON: inactive players will automatically lose when time's up. (requested by flaresun3)
|inactive|ayush6984 has 120 seconds left.
|
|t:|1769363045
|teamsize|p1|6
|teamsize|p2|6
|start
|switch|p1a: Samurott|Samurott-Hisui, M|100/100
|switch|p2a: Serperior|Serperior, F|100/100
|turn|1
|
|t:|1769363052
|switch|p1a: Glimmora|Glimmora, F|100/100
|move|p2a: Serperior|Leaf Storm|p1a: Glimmora
|-damage|p1a: Glimmora|38/100
|-boost|p2a: Serperior|spa|2
|-enditem|p1a: Glimmora|Red Card|[of] p2a: Serperior
|drag|p2a: Blaziken|Blaziken, M|100/100
|
|upkeep
|turn|2
|
|t:|1769363063
|move|p2a: Blaziken|Flamethrower|p1a: Glimmora
|-resisted|p1a: Glimmora
|-damage|p1a: Glimmora|19/100
|-damage|p2a: Blaziken|91/100|[from] item: Life Orb
|move|p1a: Glimmora|Earth Power|p2a: Blaziken
|-supereffective|p2a: Blaziken
|-damage|p2a: Blaziken|7/100
|
|-ability|p2a: Blaziken|Speed Boost|boost
|-boost|p2a: Blaziken|spe|1
|upkeep
|turn|3
|
|t:|1769363073
|move|p2a: Blaziken|Flamethrower|p1a: Glimmora
|-resisted|p1a: Glimmora
|-damage|p1a: Glimmora|3/100
|-damage|p2a: Blaziken|0 fnt|[from] item: Life Orb
|faint|p2a: Blaziken
|move|p1a: Glimmora|Stealth Rock|p2: Blaziken
|-sidestart|p2: flaresun3|move: Stealth Rock
|
|upkeep
|
|t:|1769363084
|switch|p2a: Serperior|Serperior, F|100/100
|-damage|p2a: Serperior|88/100|[from] Stealth Rock
|turn|4
|
|t:|1769363089
|move|p2a: Serperior|Leaf Storm|p1a: Glimmora
|-damage|p1a: Glimmora|0 fnt
|-boost|p2a: Serperior|spa|2
|faint|p1a: Glimmora
|
|upkeep
|
|t:|1769363097
|switch|p1a: Raging Bolt|Raging Bolt|100/100
|-enditem|p1a: Raging Bolt|Booster Energy
|-activate|p1a: Raging Bolt|ability: Protosynthesis|[fromitem]
|-start|p1a: Raging Bolt|protosynthesisspa
|turn|5
|
|t:|1769363102
|move|p2a: Serperior|Leaf Storm|p1a: Raging Bolt
|-resisted|p1a: Raging Bolt
|-damage|p1a: Raging Bolt|39/100
|-boost|p2a: Serperior|spa|2
|move|p1a: Raging Bolt|Dragon Pulse|p2a: Serperior
|-damage|p2a: Serperior|12/100
|
|upkeep
|turn|6
|
|t:|1769363108
|move|p1a: Raging Bolt|Thunderclap|p2a: Serperior
|-resisted|p2a: Serperior
|-damage|p2a: Serperior|0 fnt
|faint|p2a: Serperior
|
|upkeep
|
|t:|1769363113
|switch|p2a: Krookodile|Krookodile, F|100/100
|-damage|p2a: Krookodile|94/100|[from] Stealth Rock
|turn|7
|
|t:|1769363125
|move|p2a: Krookodile|Earthquake|p1a: Raging Bolt
|-supereffective|p1a: Raging Bolt
|-damage|p1a: Raging Bolt|0 fnt
|faint|p1a: Raging Bolt
|-end|p1a: Raging Bolt|Protosynthesis|[silent]
|-ability|p2a: Krookodile|Moxie|boost
|-boost|p2a: Krookodile|atk|1
|
|upkeep
|
|t:|1769363131
|switch|p1a: Rillaboom|Rillaboom, F|100/100
|-fieldstart|move: Grassy Terrain|[from] ability: Grassy Surge|[of] p1a: Rillaboom
|turn|8
|
|t:|1769363136
|switch|p2a: Indeedee|Indeedee, M|100/100
|-damage|p2a: Indeedee|88/100|[from] Stealth Rock
|-fieldstart|move: Psychic Terrain|[from] ability: Psychic Surge|[of] p2a: Indeedee
|move|p1a: Rillaboom|Grassy Glide|p2a: Indeedee
|-damage|p2a: Indeedee|7/100
|-damage|p1a: Rillaboom|91/100|[from] item: Life Orb
|
|upkeep
|turn|9
|
|t:|1769363143
|switch|p1a: Samurott|Samurott-Hisui, M|100/100
|move|p2a: Indeedee|Expanding Force|p1a: Samurott
|-immune|p1a: Samurott
|
|upkeep
|turn|10
|
|t:|1769363149
|move|p2a: Indeedee|Dazzling Gleam|p1a: Samurott
|-supereffective|p1a: Samurott
|-damage|p1a: Samurott|9/100
|-damage|p2a: Indeedee|0 fnt|[from] item: Life Orb
|faint|p2a: Indeedee
|move|p1a: Samurott|Knock Off|p2: Indeedee|[notarget]
|-fail|p1a: Samurott
|
|upkeep
|
|t:|1769363157
|switch|p2a: Krookodile|Krookodile, F|94/100
|-damage|p2a: Krookodile|88/100|[from] Stealth Rock
|turn|11
|
|t:|1769363164
|move|p2a: Krookodile|Knock Off|p1a: Samurott
|-resisted|p1a: Samurott
|-crit|p1a: Samurott
|-damage|p1a: Samurott|0 fnt
|-enditem|p1a: Samurott|Black Glasses|[from] move: Knock Off|[of] p2a: Krookodile
|faint|p1a: Samurott
|-ability|p2a: Krookodile|Moxie|boost
|-boost|p2a: Krookodile|atk|1
|
|upkeep
|
|t:|1769363166
|switch|p1a: Rillaboom|Rillaboom, F|91/100
|-fieldstart|move: Grassy Terrain|[from] ability: Grassy Surge|[of] p1a: Rillaboom
|turn|12
|
|t:|1769363173
|-terastallize|p2a: Krookodile|Poison
|move|p1a: Rillaboom|Grassy Glide|p2a: Krookodile
|-resisted|p2a: Krookodile
|-damage|p2a: Krookodile|57/100
|-damage|p1a: Rillaboom|81/100|[from] item: Life Orb
|move|p2a: Krookodile|Knock Off|p1a: Rillaboom
|-damage|p1a: Rillaboom|1/100
|-enditem|p1a: Rillaboom|Life Orb|[from] move: Knock Off|[of] p2a: Krookodile
|
|-heal|p2a: Krookodile|63/100|[from] Grassy Terrain
|-heal|p1a: Rillaboom|8/100|[from] Grassy Terrain
|upkeep
|turn|13
|
|t:|1769363182
|move|p2a: Krookodile|Knock Off|p1a: Rillaboom
|-damage|p1a: Rillaboom|0 fnt
|faint|p1a: Rillaboom
|-ability|p2a: Krookodile|Moxie|boost
|-boost|p2a: Krookodile|atk|1
|
|-heal|p2a: Krookodile|69/100|[from] Grassy Terrain
|upkeep
|
|t:|1769363186
|switch|p1a: Ogerpon|Ogerpon, F|100/100
|turn|14
|
|t:|1769363192
|-terastallize|p1a: Ogerpon|Grass
|detailschange|p1a: Ogerpon|Ogerpon-Teal-Tera, F, tera:Grass
|-ability|p1a: Ogerpon|Embody Aspect (Teal)|boost
|-boost|p1a: Ogerpon|spe|1
|move|p1a: Ogerpon|Ivy Cudgel|p2a: Krookodile
|-resisted|p2a: Krookodile
|-crit|p2a: Krookodile
|-damage|p2a: Krookodile|0 fnt
|faint|p2a: Krookodile
|
|upkeep
|
|t:|1769363201
|switch|p2a: Gengar|Gengar, M|100/100
|-damage|p2a: Gengar|88/100|[from] Stealth Rock
|-item|p2a: Gengar|Air Balloon
|turn|15
|
|t:|1769363208
|move|p1a: Ogerpon|Ivy Cudgel|p2a: Gengar
|-resisted|p2a: Gengar
|-damage|p2a: Gengar|0 fnt
|-enditem|p2a: Gengar|Air Balloon
|faint|p2a: Gengar
|
|upkeep
|
|t:|1769363211
|switch|p2a: Lapras|Lapras, M|100/100
|-damage|p2a: Lapras|76/100|[from] Stealth Rock
|turn|16
|c|☆ayush6984|Ggs
|
|t:|1769363215
|move|p1a: Ogerpon|Ivy Cudgel|p2a: Lapras
|-supereffective|p2a: Lapras
|-crit|p2a: Lapras
|-damage|p2a: Lapras|0 fnt
|faint|p2a: Lapras
|
|win|ayush6984
|raw|ayush6984's rating: 1198 &rarr; <strong>1223</strong><br />(+25 for winning)
|raw|flaresun3's rating: 1203 &rarr; <strong>1178</strong><br />(-25 for losing)
|c|☆flaresun3|gg
|l|☆flaresun3
|player|p2|
|l|☆ayush6984
|player|p1|
