|j|☆YumeKasumi76
|j|☆amvorguesa
|t:|1769444804
|gametype|singles
|player|p1|YumeKasumi76|266|1198
|player|p2|amvorguesa|lady-gen4|1164
|gen|9
|tier|[Gen 9] OU
|rated|
|rule|HP Percentage Mod: HP is shown in percentages
|rule|Endless Battle Clause: Forcing endless battles is banned
|rule|Species Clause: Limit one of each Pokémon
|rule|OHKO Clause: OHKO moves are banned
|rule|Evasion Items Clause: Evasion items are banned
|rule|Evasion Moves Clause: Evasion moves are banned
|rule|Evasion Abilities Clause: Evasion abilities are banned
|rule|Sleep Moves Clause: Sleep-inducing moves are banned
|clearpoke
|poke|p1|Dragapult, M|
|poke|p1|Bisharp, F|
|poke|p1|Glimmora, F|
|poke|p1|Entei|
|poke|p1|Veluza, F|
|poke|p1|Braviary-Hisui, M|
|poke|p2|Incineroar, M|
|poke|p2|Dragonite, F|
|poke|p2|Ogerpon-Wellspring, F|
|poke|p2|Ursaluna, F|
|poke|p2|Tornadus, M|
|poke|p2|Raging Bolt|
|teampreview
|inactive|Battle timer is ON: inactive players will automatically lose when time's up. (requested by amvorguesa)
|
|t:|1769444813
|teamsize|p1|6
|teamsize|p2|6
|start
|switch|p1a: Bellator|Bisharp, F, shiny|100/100
|switch|p2a: Incineroar|Incineroar, M|100/100
|-ability|p2a: Incineroar|Intimidate|boost
|-unboost|p1a: Bellator|atk|1
|-ability|p1a: Bellator|Defiant|boost
|-boost|p1a: Bellator|atk|2
|turn|1
|
|t:|1769444819
|move|p2a: Incineroar|Fake Out|p1a: Bellator
|-resisted|p1a: Bellator
|-damage|p1a: Bellator|97/100
|cant|p1a: Bellator|flinch
|
|upkeep
|turn|2
|
|t:|1769444824
|move|p1a: Bellator|Stealth Rock|p2a: Incineroar
|-sidestart|p2: amvorguesa|move: Stealth Rock
|move|p2a: Incineroar|Flare Blitz|p1a: Bellator
|-supereffective|p1a: Bellator
|-damage|p1a: Bellator|34/100
|-damage|p2a: Incineroar|83/100|[from] Recoil
|
|upkeep
|turn|3
|
|t:|1769444829
|switch|p1a: Hikari|Glimmora, F|100/100
|move|p2a: Incineroar|Flare Blitz|p1a: Hikari
|-resisted|p1a: Hikari
|-damage|p1a: Hikari|71/100
|-activate|p1a: Hikari|ability: Toxic Debris
|-sidestart|p2: amvorguesa|move: Toxic Spikes
|-damage|p2a: Incineroar|75/100|[from] Recoil
|
|upkeep
|turn|4
|
|t:|1769444835
|move|p1a: Hikari|Meteor Beam||[still]
|-prepare|p1a: Hikari|Meteor Beam
|-boost|p1a: Hikari|spa|1
|-enditem|p1a: Hikari|Power Herb
|-anim|p1a: Hikari|Meteor Beam|p2a: Incineroar
|-supereffective|p2a: Incineroar
|-damage|p2a: Incineroar|0 fnt
|faint|p2a: Incineroar
|
|upkeep
|
|t:|1769444850
|switch|p2a: Dragonite|Dragonite, F|100/100
|-damage|p2a: Dragonite|76/100|[from] Stealth Rock
|turn|5
|
|t:|1769444859
|move|p1a: Hikari|Mortal Spin|p2a: Dragonite
|-damage|p2a: Dragonite|69/100
|-status|p2a: Dragonite|psn
|move|p2a: Dragonite|Earthquake|p1a: Hikari
|-supereffective|p1a: Hikari
|-crit|p1a: Hikari
|-damage|p1a: Hikari|0 fnt
|-activate|p1a: Hikari|ability: Toxic Debris
|-sidestart|p2: amvorguesa|move: Toxic Spikes
|faint|p1a: Hikari
|
|-damage|p2a: Dragonite|57/100 psn|[from] psn
|upkeep
|
|t:|1769444872
|switch|p1a: Mentalist|Braviary-Hisui, M|100/100
|turn|6
|
|t:|1769444877
|switch|p2a: Tornadus|Tornadus, M|100/100
|-damage|p2a: Tornadus|75/100|[from] Stealth Rock
|move|p1a: Mentalist|Esper Wing|p2a: Tornadus
|-crit|p2a: Tornadus
|-damage|p2a: Tornadus|17/100
|-boost|p1a: Mentalist|spe|1
|
|upkeep
|turn|7
|
|t:|1769444882
|switch|p1a: Bellator|Bisharp, F, shiny|34/100
|move|p2a: Tornadus|Sunny Day|p2a: Tornadus
|-weather|SunnyDay
|
|-weather|SunnyDay|[upkeep]
|upkeep
|turn|8
|
|t:|1769444888
|move|p2a: Tornadus|Tailwind|p2a: Tornadus
|-sidestart|p2: amvorguesa|move: Tailwind
|move|p1a: Bellator|Iron Head|p2a: Tornadus
|-damage|p2a: Tornadus|0 fnt
|-damage|p1a: Bellator|17/100|[from] item: Rocky Helmet|[of] p2a: Tornadus
|faint|p2a: Tornadus
|
|-weather|SunnyDay|[upkeep]
|upkeep
|
|t:|1769444892
|switch|p2a: Ursaluna|Ursaluna, F|100/100
|-damage|p2a: Ursaluna|94/100|[from] Stealth Rock
|-status|p2a: Ursaluna|tox
|turn|9
|
|t:|1769444898
|move|p1a: Bellator|Sucker Punch|p2a: Ursaluna
|-damage|p2a: Ursaluna|65/100 tox
|move|p2a: Ursaluna|Fire Punch|p1a: Bellator
|-supereffective|p1a: Bellator
|-damage|p1a: Bellator|0 fnt
|faint|p1a: Bellator
|
|-weather|SunnyDay|[upkeep]
|-damage|p2a: Ursaluna|59/100 tox|[from] psn
|upkeep
|
|t:|1769444911
|switch|p1a: Sovereign|Entei|100/100
|turn|10
|
|t:|1769444916
|switch|p1a: Mentalist|Braviary-Hisui, M|100/100
|move|p2a: Ursaluna|Headlong Rush|p1a: Mentalist
|-immune|p1a: Mentalist
|
|-weather|SunnyDay|[upkeep]
|-damage|p2a: Ursaluna|46/100 tox|[from] psn
|upkeep
|turn|11
|
|t:|1769444927
|switch|p1a: Railgun|Dragapult, M|100/100
|move|p2a: Ursaluna|Facade|p1a: Railgun
|-immune|p1a: Railgun
|
|-weather|none
|-damage|p2a: Ursaluna|27/100 tox|[from] psn
|-sideend|p2: amvorguesa|move: Tailwind
|upkeep
|turn|12
|c|☆amvorguesa|Are you looking at my pc?
|
|t:|1769444945
|move|p1a: Railgun|Reflect|p1a: Railgun
|-sidestart|p1: YumeKasumi76|Reflect
|move|p2a: Ursaluna|Fire Punch|p1a: Railgun
|-resisted|p1a: Railgun
|-damage|p1a: Railgun|91/100
|
|-damage|p2a: Ursaluna|2/100 tox|[from] psn
|upkeep
|turn|13
|
|t:|1769444953
|move|p1a: Railgun|Light Screen|p1a: Railgun
|-sidestart|p1: YumeKasumi76|move: Light Screen
|move|p2a: Ursaluna|Headlong Rush|p1a: Railgun
|-damage|p1a: Railgun|40/100
|-unboost|p2a: Ursaluna|def|1
|-unboost|p2a: Ursaluna|spd|1
|
|-damage|p2a: Ursaluna|0 fnt|[from] psn
|faint|p2a: Ursaluna
|upkeep
|
|t:|1769444957
|switch|p2a: Dragonite|Dragonite, F|57/100 psn
|-damage|p2a: Dragonite|32/100 psn|[from] Stealth Rock
|turn|14
|
|t:|1769444962
|-terastallize|p2a: Dragonite|Normal
|move|p1a: Railgun|Dragon Darts|p2a: Dragonite
|-damage|p2a: Dragonite|12/100 psn
|-anim|p1a: Railgun|Dragon Darts|p2a: Dragonite
|-damage|p2a: Dragonite|0 fnt
|faint|p2a: Dragonite
|
|upkeep
|c|☆amvorguesa|No way+
|
|t:|1769444972
|switch|p2a: Raging Bolt|Raging Bolt|100/100
|-damage|p2a: Raging Bolt|88/100|[from] Stealth Rock
|-status|p2a: Raging Bolt|tox
|turn|15
|
|t:|1769444975
|move|p2a: Raging Bolt|Thunderclap||[still]
|-fail|p2a: Raging Bolt
|move|p1a: Railgun|Curse|p2a: Raging Bolt
|-start|p2a: Raging Bolt|Curse|[of] p1a: Railgun
|-damage|p1a: Railgun|0 fnt
|faint|p1a: Railgun
|
|-damage|p2a: Raging Bolt|82/100 tox|[from] psn
|-damage|p2a: Raging Bolt|57/100 tox|[from] Curse
|upkeep
|
|t:|1769444981
|switch|p1a: Mentalist|Braviary-Hisui, M|100/100
|turn|16
|
|t:|1769444985
|move|p1a: Mentalist|Esper Wing|p2a: Raging Bolt
|-damage|p2a: Raging Bolt|30/100 tox
|-boost|p1a: Mentalist|spe|1
|move|p2a: Raging Bolt|Thunderbolt|p1a: Mentalist
|-supereffective|p1a: Mentalist
|-damage|p1a: Mentalist|34/100
|-enditem|p1a: Mentalist|Weakness Policy
|-boost|p1a: Mentalist|atk|2|[from] item: Weakness Policy
|-boost|p1a: Mentalist|spa|2|[from] item: Weakness Policy
|
|-damage|p2a: Raging Bolt|18/100 tox|[from] psn
|-damage|p2a: Raging Bolt|0 fnt|[from] Curse
|faint|p2a: Raging Bolt
|-end|p2a: Raging Bolt|Protosynthesis|[silent]
|upkeep
|
|t:|1769444991
|switch|p2a: Ogerpon|Ogerpon-Wellspring, F|100/100
|-damage|p2a: Ogerpon|88/100|[from] Stealth Rock
|-status|p2a: Ogerpon|tox
|turn|17
|
|t:|1769444999
|move|p2a: Ogerpon|Ivy Cudgel|p1a: Mentalist|[anim] Ivy Cudgel Water
|-crit|p1a: Mentalist
|-damage|p1a: Mentalist|0 fnt
|faint|p1a: Mentalist
|
|-damage|p2a: Ogerpon|82/100 tox|[from] psn
|upkeep
|
|t:|1769445007
|switch|p1a: Sovereign|Entei|100/100
|turn|18
|
|t:|1769445009
|move|p2a: Ogerpon|Ivy Cudgel|p1a: Sovereign|[anim] Ivy Cudgel Water
|-supereffective|p1a: Sovereign
|-damage|p1a: Sovereign|50/100
|move|p1a: Sovereign|Sacred Fire|p2a: Ogerpon
|-damage|p2a: Ogerpon|8/100 tox
|
|-damage|p2a: Ogerpon|0 fnt|[from] psn
|faint|p2a: Ogerpon
|
|win|YumeKasumi76
|raw|YumeKasumi76's rating: 1198 &rarr; <strong>1221</strong><br />(+23 for winning)
|raw|amvorguesa's rating: 1164 &rarr; <strong>1141</strong><br />(-23 for losing)
|c|☆amvorguesa|This is a joke
|l|☆amvorguesa
|player|p2|
|l|☆YumeKasumi76
|player|p1|
