|j|☆scribeofrevocis
|j|☆poopseydoopsey
|t:|1769375071
|gametype|singles
|player|p1|scribeofrevocis|gardenia|1636
|player|p2|poopseydoopsey|hiker-gen6|1766
|gen|9
|tier|[Gen 9] OU
|rated|
|rule|HP Percentage Mod: HP is shown in percentages
|rule|Endless Battle Clause: Forcing endless battles is banned
|rule|Species Clause: Limit one of each Pokémon
|rule|OHKO Clause: OHKO moves are banned
|rule|Evasion Items Clause: Evasion items are banned
|rule|Evasion Moves Clause: Evasion moves are banned
|rule|Evasion Abilities Clause: Evasion abilities are banned
|rule|Sleep Moves Clause: Sleep-inducing moves are banned
|clearpoke
|poke|p1|Lycanroc-Dusk, M|
|poke|p1|Zamazenta-*|
|poke|p1|Hatterene, F|
|poke|p1|Moltres|
|poke|p1|Iron Treads|
|poke|p1|Samurott-Hisui, M|
|poke|p2|Dragapult, M|
|poke|p2|Samurott-Hisui, F|
|poke|p2|Dragonite, F|
|poke|p2|Great Tusk|
|poke|p2|Rillaboom, F|
|poke|p2|Heatran, F|
|teampreview
|inactive|Battle timer is ON: inactive players will automatically lose when time's up. (requested by poopseydoopsey)
|inactive|scribeofrevocis has 120 seconds left.
|
|t:|1769375124
|teamsize|p1|6
|teamsize|p2|6
|start
|switch|p1a: Molty|Moltres|100/100
|switch|p2a: truecel rage|Rillaboom, F|100/100
|-fieldstart|move: Grassy Terrain|[from] ability: Grassy Surge|[of] p2a: truecel rage
|turn|1
|inactive|poopseydoopsey has 120 seconds left.
|
|t:|1769375154
|move|p2a: truecel rage|Knock Off|p1a: Molty
|-damage|p1a: Molty|60/100
|-status|p2a: truecel rage|brn|[from] ability: Flame Body|[of] p1a: Molty
|-enditem|p1a: Molty|Heavy-Duty Boots|[from] move: Knock Off|[of] p2a: truecel rage
|move|p1a: Molty|U-turn|p2a: truecel rage
|-supereffective|p2a: truecel rage
|-damage|p2a: truecel rage|69/100 brn
|
|t:|1769375157
|switch|p1a: Shining Armor|Samurott-Hisui, M|100/100|[from] U-turn
|
|-heal|p2a: truecel rage|75/100 brn|[from] Grassy Terrain
|-damage|p2a: truecel rage|69/100 brn|[from] brn
|upkeep
|turn|2
|
|t:|1769375165
|move|p2a: truecel rage|Knock Off|p1a: Shining Armor
|-resisted|p1a: Shining Armor
|-damage|p1a: Shining Armor|87/100
|-enditem|p1a: Shining Armor|Assault Vest|[from] move: Knock Off|[of] p2a: truecel rage
|move|p1a: Shining Armor|Razor Shell|p2a: truecel rage
|-resisted|p2a: truecel rage
|-damage|p2a: truecel rage|43/100 brn
|-unboost|p2a: truecel rage|def|1
|
|-heal|p2a: truecel rage|49/100 brn|[from] Grassy Terrain
|-heal|p1a: Shining Armor|93/100|[from] Grassy Terrain
|-damage|p2a: truecel rage|43/100 brn|[from] brn
|upkeep
|turn|3
|inactive|poopseydoopsey has 120 seconds left.
|
|t:|1769375192
|switch|p2a: goy destroyer|Great Tusk|100/100
|-enditem|p2a: goy destroyer|Booster Energy
|-activate|p2a: goy destroyer|ability: Protosynthesis|[fromitem]
|-start|p2a: goy destroyer|protosynthesisatk
|move|p1a: Shining Armor|Razor Shell|p2a: goy destroyer
|-supereffective|p2a: goy destroyer
|-damage|p2a: goy destroyer|37/100
|
|-heal|p2a: goy destroyer|43/100|[from] Grassy Terrain
|-heal|p1a: Shining Armor|99/100|[from] Grassy Terrain
|upkeep
|turn|4
|
|t:|1769375197
|switch|p1a: Past Accessories|Hatterene, F|100/100
|move|p2a: goy destroyer|Headlong Rush|p1a: Past Accessories
|-damage|p1a: Past Accessories|39/100
|-unboost|p2a: goy destroyer|def|1
|-unboost|p2a: goy destroyer|spd|1
|-damage|p2a: goy destroyer|26/100|[from] item: Rocky Helmet|[of] p1a: Past Accessories
|
|-heal|p2a: goy destroyer|32/100|[from] Grassy Terrain
|-heal|p1a: Past Accessories|45/100|[from] Grassy Terrain
|upkeep
|turn|5
|
|t:|1769375205
|-end|p2a: goy destroyer|Protosynthesis|[silent]
|switch|p2a: IDF war machine|Heatran, F|100/100
|move|p1a: Past Accessories|Draining Kiss|p2a: IDF war machine
|-resisted|p2a: IDF war machine
|-damage|p2a: IDF war machine|95/100
|-heal|p1a: Past Accessories|49/100|[from] drain|[of] p2a: IDF war machine
|
|-heal|p2a: IDF war machine|100/100|[from] Grassy Terrain
|-heal|p1a: Past Accessories|55/100|[from] Grassy Terrain
|-fieldend|move: Grassy Terrain
|upkeep
|turn|6
|
|t:|1769375209
|switch|p1a: Shining Armor|Samurott-Hisui, M|99/100
|move|p2a: IDF war machine|Magma Storm|p1a: Shining Armor
|-resisted|p1a: Shining Armor
|-damage|p1a: Shining Armor|72/100
|-activate|p1a: Shining Armor|move: Magma Storm|[of] p2a: IDF war machine
|
|-damage|p1a: Shining Armor|60/100|[from] move: Magma Storm|[partiallytrapped]
|upkeep
|turn|7
|
|t:|1769375212
|move|p2a: IDF war machine|Will-O-Wisp|p1a: Shining Armor
|-status|p1a: Shining Armor|brn
|move|p1a: Shining Armor|Razor Shell|p2a: IDF war machine
|-supereffective|p2a: IDF war machine
|-damage|p2a: IDF war machine|53/100
|-unboost|p2a: IDF war machine|def|1
|
|-heal|p2a: IDF war machine|59/100|[from] item: Leftovers
|-damage|p1a: Shining Armor|54/100 brn|[from] brn
|-damage|p1a: Shining Armor|41/100 brn|[from] move: Magma Storm|[partiallytrapped]
|upkeep
|turn|8
|
|t:|1769375219
|move|p2a: IDF war machine|Stealth Rock|p1a: Shining Armor
|-sidestart|p1: scribeofrevocis|move: Stealth Rock
|move|p1a: Shining Armor|Ceaseless Edge|p2a: IDF war machine|[miss]
|-miss|p1a: Shining Armor|p2a: IDF war machine
|
|-heal|p2a: IDF war machine|66/100|[from] item: Leftovers
|-damage|p1a: Shining Armor|35/100 brn|[from] brn
|-damage|p1a: Shining Armor|23/100 brn|[from] move: Magma Storm|[partiallytrapped]
|upkeep
|turn|9
|
|t:|1769375222
|move|p2a: IDF war machine|Earth Power|p1a: Shining Armor
|-damage|p1a: Shining Armor|0 fnt
|faint|p1a: Shining Armor
|
|-heal|p2a: IDF war machine|72/100|[from] item: Leftovers
|upkeep
|
|t:|1769375225
|switch|p1a: New Fangs|Iron Treads|100/100
|-damage|p1a: New Fangs|98/100|[from] Stealth Rock
|-item|p1a: New Fangs|Air Balloon
|turn|10
|
|t:|1769375237
|switch|p2a: foid annihilator|Dragapult, M|100/100
|move|p1a: New Fangs|Earthquake|p2a: foid annihilator
|-damage|p2a: foid annihilator|34/100
|
|upkeep
|turn|11
|
|t:|1769375244
|move|p2a: foid annihilator|Shadow Ball|p1a: New Fangs
|-damage|p1a: New Fangs|32/100
|-enditem|p1a: New Fangs|Air Balloon
|-damage|p2a: foid annihilator|24/100|[from] item: Life Orb
|move|p1a: New Fangs|Earthquake|p2a: foid annihilator
|-damage|p2a: foid annihilator|0 fnt
|faint|p2a: foid annihilator
|
|upkeep
|
|t:|1769375252
|switch|p2a: benjamin netanyahu|Dragonite, F|100/100
|turn|12
|c|☆scribeofrevocis|"foid annihilator" LMAOO 😭
|inactive|scribeofrevocis has 120 seconds left.
|
|t:|1769375286
|-terastallize|p2a: benjamin netanyahu|Ghost
|move|p1a: New Fangs|Rapid Spin|p2a: benjamin netanyahu
|-immune|p2a: benjamin netanyahu
|move|p2a: benjamin netanyahu|Dragon Dance|p2a: benjamin netanyahu
|-boost|p2a: benjamin netanyahu|atk|1
|-boost|p2a: benjamin netanyahu|spe|1
|
|upkeep
|turn|13
|
|t:|1769375289
|move|p2a: benjamin netanyahu|Encore|p1a: New Fangs
|-start|p1a: New Fangs|Encore
|move|p1a: New Fangs|Rapid Spin|p2a: benjamin netanyahu
|-immune|p2a: benjamin netanyahu
|
|upkeep
|turn|14
|
|t:|1769375291
|-end|p1a: New Fangs|Quark Drive|[silent]
|switch|p1a: Za|Zamazenta|100/100
|-damage|p1a: Za|94/100|[from] Stealth Rock
|-ability|p1a: Za|Dauntless Shield|boost
|-boost|p1a: Za|def|1
|move|p2a: benjamin netanyahu|Dragon Dance|p2a: benjamin netanyahu
|-boost|p2a: benjamin netanyahu|atk|1
|-boost|p2a: benjamin netanyahu|spe|1
|
|-heal|p1a: Za|100/100|[from] item: Leftovers
|upkeep
|turn|15
|
|t:|1769375296
|move|p2a: benjamin netanyahu|Scale Shot|p1a: Za
|-damage|p1a: Za|87/100
|-crit|p1a: Za
|-damage|p1a: Za|60/100
|-damage|p1a: Za|47/100
|-crit|p1a: Za
|-damage|p1a: Za|17/100
|-damage|p1a: Za|4/100
|-hitcount|p1a: Za|5
|-unboost|p2a: benjamin netanyahu|def|1
|-boost|p2a: benjamin netanyahu|spe|1
|move|p1a: Za|Crunch|p2a: benjamin netanyahu
|-supereffective|p2a: benjamin netanyahu
|-damage|p2a: benjamin netanyahu|66/100
|-unboost|p2a: benjamin netanyahu|def|1
|
|-heal|p1a: Za|10/100|[from] item: Leftovers
|upkeep
|turn|16
|
|t:|1769375306
|move|p2a: benjamin netanyahu|Fire Punch|p1a: Za
|-damage|p1a: Za|0 fnt
|faint|p1a: Za
|
|upkeep
|
|t:|1769375330
|switch|p1a: Patches|Lycanroc-Dusk, M|100/100
|-damage|p1a: Patches|88/100|[from] Stealth Rock
|turn|17
|j| js_redstar
|
|t:|1769375351
|-terastallize|p1a: Patches|Rock
|move|p1a: Patches|Accelerock|p2a: benjamin netanyahu
|-damage|p2a: benjamin netanyahu|0 fnt
|faint|p2a: benjamin netanyahu
|-damage|p1a: Patches|78/100|[from] item: Life Orb
|
|upkeep
|inactive|poopseydoopsey has 120 seconds left.
|
|t:|1769375392
|switch|p2a: goy destroyer|Great Tusk|32/100
|turn|18
|
|t:|1769375397
|move|p1a: Patches|Close Combat|p2a: goy destroyer
|-damage|p2a: goy destroyer|0 fnt
|-unboost|p1a: Patches|def|1
|-unboost|p1a: Patches|spd|1
|faint|p2a: goy destroyer
|-end|p2a: goy destroyer|Protosynthesis|[silent]
|-damage|p1a: Patches|68/100|[from] item: Life Orb
|
|upkeep
|
|t:|1769375399
|switch|p2a: chudtopia|Samurott-Hisui, F|100/100
|turn|19
|
|t:|1769375404
|switch|p1a: Molty|Moltres|60/100
|-damage|p1a: Molty|10/100|[from] Stealth Rock
|move|p2a: chudtopia|Sucker Punch||[still]
|-fail|p2a: chudtopia
|
|upkeep
|turn|20
|
|t:|1769375407
|move|p2a: chudtopia|Ceaseless Edge|p1a: Molty
|-damage|p1a: Molty|0 fnt
|-sidestart|p1: scribeofrevocis|Spikes
|faint|p1a: Molty
|
|upkeep
|
|t:|1769375409
|switch|p1a: Past Accessories|Hatterene, F|55/100
|-damage|p1a: Past Accessories|43/100|[from] Stealth Rock
|-damage|p1a: Past Accessories|31/100|[from] Spikes
|turn|21
|
|t:|1769375411
|move|p2a: chudtopia|Knock Off|p1a: Past Accessories
|-damage|p1a: Past Accessories|0 fnt
|-damage|p2a: chudtopia|84/100|[from] item: Rocky Helmet|[of] p1a: Past Accessories
|-enditem|p1a: Past Accessories|Rocky Helmet|[from] move: Knock Off|[of] p2a: chudtopia
|faint|p1a: Past Accessories
|
|upkeep
|
|t:|1769375417
|switch|p1a: New Fangs|Iron Treads|32/100
|-damage|p1a: New Fangs|29/100|[from] Stealth Rock
|-damage|p1a: New Fangs|17/100|[from] Spikes
|turn|22
|
|t:|1769375420
|move|p2a: chudtopia|Sucker Punch||[still]
|-fail|p2a: chudtopia
|move|p1a: New Fangs|Stealth Rock|p2a: chudtopia
|-sidestart|p2: poopseydoopsey|move: Stealth Rock
|
|upkeep
|turn|23
|
|t:|1769375422
|move|p2a: chudtopia|Sucker Punch||[still]
|-fail|p2a: chudtopia
|move|p1a: New Fangs|Stealth Rock||[still]
|-fail|p1a: New Fangs
|
|upkeep
|turn|24
|
|t:|1769375425
|move|p2a: chudtopia|Sucker Punch|p1a: New Fangs
|-damage|p1a: New Fangs|0 fnt
|faint|p1a: New Fangs
|-end|p1a: New Fangs|Quark Drive|[silent]
|
|upkeep
|
|t:|1769375426
|switch|p1a: Patches|Lycanroc-Dusk, M, tera:Rock|68/100
|-damage|p1a: Patches|56/100|[from] Stealth Rock
|-damage|p1a: Patches|43/100|[from] Spikes
|turn|25
|l| js_redstar
|c|☆poopseydoopsey|so....
|c|☆scribeofrevocis|sooo
|c|☆poopseydoopsey|soooooo
|c|☆scribeofrevocis|soooooooo
|inactive|poopseydoopsey has 120 seconds left.
|inactive|scribeofrevocis has 120 seconds left.
|c|☆poopseydoopsey|whats it gonna be accelerock or cc
|c|☆scribeofrevocis|I'm not sure twin
|inactive|poopseydoopsey has 90 seconds left.
|inactive|scribeofrevocis has 90 seconds left.
|c|☆scribeofrevocis|Dice roll ahh game
|
|t:|1769375506
|move|p1a: Patches|Close Combat|p2a: chudtopia
|-supereffective|p2a: chudtopia
|-damage|p2a: chudtopia|0 fnt
|-unboost|p1a: Patches|def|1
|-unboost|p1a: Patches|spd|1
|faint|p2a: chudtopia
|-damage|p1a: Patches|33/100|[from] item: Life Orb
|
|upkeep
|c|☆poopseydoopsey|FUCK
|c|☆poopseydoopsey|lol respect the lycanrock tho
|c|☆scribeofrevocis|I literally just shouted "YESSS"
|c|☆scribeofrevocis|lmaoo 😭😭
|c|☆scribeofrevocis|Thank you
|c|☆scribeofrevocis|I love ur nicks
|
|t:|1769375530
|switch|p2a: truecel rage|Rillaboom, F|43/100 brn
|-damage|p2a: truecel rage|30/100 brn|[from] Stealth Rock
|-fieldstart|move: Grassy Terrain|[from] ability: Grassy Surge|[of] p2a: truecel rage
|turn|26
|
|t:|1769375533
|move|p1a: Patches|Accelerock|p2a: truecel rage
|-damage|p2a: truecel rage|0 fnt
|faint|p2a: truecel rage
|-damage|p1a: Patches|24/100|[from] item: Life Orb
|
|-heal|p1a: Patches|30/100|[from] Grassy Terrain
|upkeep
|c|☆poopseydoopsey|thanks bro ggs
|
|t:|1769375536
|switch|p2a: IDF war machine|Heatran, F|72/100
|-damage|p2a: IDF war machine|59/100|[from] Stealth Rock
|turn|27
|c|☆scribeofrevocis|Ggs
|
|t:|1769375539
|move|p1a: Patches|Close Combat|p2a: IDF war machine
|-supereffective|p2a: IDF war machine
|-damage|p2a: IDF war machine|0 fnt
|-unboost|p1a: Patches|def|1
|-unboost|p1a: Patches|spd|1
|faint|p2a: IDF war machine
|-damage|p1a: Patches|20/100|[from] item: Life Orb
|
|win|scribeofrevocis
|raw|scribeofrevocis's rating: 1636 &rarr; <strong>1663</strong><br />(+27 for winning)
|raw|poopseydoopsey's rating: 1766 &rarr; <strong>1739</strong><br />(-27 for losing)
|c|☆scribeofrevocis|5 kills
|c|☆scribeofrevocis|By lycanroc
|c|☆scribeofrevocis|New record
|c|☆poopseydoopsey|lol nice
|c|☆scribeofrevocis|Alr ggs man gl on other games n
|c|☆scribeofrevocis|*!
|l|☆scribeofrevocis
|player|p1|
|c|☆poopseydoopsey|gl to u 2
|l|☆poopseydoopsey
|player|p2|
