|j|☆aleisteir
|j|☆Jomiel
|t:|1769429432
|gametype|singles
|player|p1|aleisteir|alder|1336
|player|p2|Jomiel|clown|1325
|gen|9
|tier|[Gen 9] OU
|rated|
|rule|HP Percentage Mod: HP is shown in percentages
|rule|Endless Battle Clause: Forcing endless battles is banned
|rule|Species Clause: Limit one of each Pokémon
|rule|OHKO Clause: OHKO moves are banned
|rule|Evasion Items Clause: Evasion items are banned
|rule|Evasion Moves Clause: Evasion moves are banned
|rule|Evasion Abilities Clause: Evasion abilities are banned
|rule|Sleep Moves Clause: Sleep-inducing moves are banned
|clearpoke
|poke|p1|Ninetales-Alola, F|
|poke|p1|Iron Moth|
|poke|p1|Ogerpon-Cornerstone, F|
|poke|p1|Great Tusk|
|poke|p1|Pecharunt|
|poke|p1|Ceruledge, M|
|poke|p2|Furret, M|
|poke|p2|Glimmora, F|
|poke|p2|Zamazenta-*|
|poke|p2|Scizor, M|
|poke|p2|Iron Valiant|
|poke|p2|Dragonite, F|
|teampreview
|inactive|Battle timer is ON: inactive players will automatically lose when time's up. (requested by aleisteir)
|
|t:|1769429438
|teamsize|p1|6
|teamsize|p2|6
|start
|switch|p1a: Great Tusk|Great Tusk|100/100
|switch|p2a: Glimmora|Glimmora, F|100/100
|turn|1
|
|t:|1769429446
|move|p1a: Great Tusk|Stealth Rock|p2a: Glimmora
|-sidestart|p2: Jomiel|move: Stealth Rock
|move|p2a: Glimmora|Stealth Rock|p1a: Great Tusk
|-sidestart|p1: aleisteir|move: Stealth Rock
|
|upkeep
|turn|2
|
|t:|1769429451
|move|p1a: Great Tusk|Knock Off|p2a: Glimmora
|-damage|p2a: Glimmora|69/100
|-activate|p2a: Glimmora|ability: Toxic Debris
|-sidestart|p1: aleisteir|move: Toxic Spikes
|-enditem|p2a: Glimmora|Red Card|[from] move: Knock Off|[of] p1a: Great Tusk
|move|p2a: Glimmora|Mortal Spin|p1a: Great Tusk
|-resisted|p1a: Great Tusk
|-damage|p1a: Great Tusk|98/100
|-status|p1a: Great Tusk|psn
|-sideend|p2: Jomiel|Stealth Rock|[from] move: Mortal Spin|[of] p2a: Glimmora
|
|-heal|p1a: Great Tusk|100/100 psn|[from] item: Leftovers
|-damage|p1a: Great Tusk|88/100 psn|[from] psn
|upkeep
|turn|3
|
|t:|1769429466
|move|p1a: Great Tusk|Rapid Spin|p2a: Glimmora
|-resisted|p2a: Glimmora
|-damage|p2a: Glimmora|61/100
|-boost|p1a: Great Tusk|spe|1
|-activate|p2a: Glimmora|ability: Toxic Debris
|-sidestart|p1: aleisteir|move: Toxic Spikes
|-sideend|p1: aleisteir|Toxic Spikes|[from] move: Rapid Spin|[of] p1a: Great Tusk
|-sideend|p1: aleisteir|Stealth Rock|[from] move: Rapid Spin|[of] p1a: Great Tusk
|move|p2a: Glimmora|Earth Power|p1a: Great Tusk
|-damage|p1a: Great Tusk|51/100 psn
|
|-heal|p1a: Great Tusk|57/100 psn|[from] item: Leftovers
|-damage|p1a: Great Tusk|44/100 psn|[from] psn
|upkeep
|turn|4
|
|t:|1769429478
|move|p1a: Great Tusk|Headlong Rush|p2a: Glimmora
|-supereffective|p2a: Glimmora
|-damage|p2a: Glimmora|0 fnt
|-unboost|p1a: Great Tusk|def|1
|-unboost|p1a: Great Tusk|spd|1
|-activate|p2a: Glimmora|ability: Toxic Debris
|-sidestart|p1: aleisteir|move: Toxic Spikes
|faint|p2a: Glimmora
|
|-heal|p1a: Great Tusk|51/100 psn|[from] item: Leftovers
|-damage|p1a: Great Tusk|38/100 psn|[from] psn
|upkeep
|
|t:|1769429499
|switch|p2a: Furret|Furret, M|100/100
|-item|p1a: Great Tusk|Leftovers|[from] ability: Frisk|[of] p2a: Furret
|turn|5
|
|t:|1769429503
|move|p1a: Great Tusk|Knock Off|p2a: Furret
|-damage|p2a: Furret|56/100
|-enditem|p2a: Furret|Life Orb|[from] move: Knock Off|[of] p1a: Great Tusk
|move|p2a: Furret|Tidy Up|p2a: Furret
|-sideend|p1: aleisteir|Toxic Spikes
|-activate|p2a: Furret|move: Tidy Up
|-boost|p2a: Furret|atk|1
|-boost|p2a: Furret|spe|1
|
|-heal|p1a: Great Tusk|44/100 psn|[from] item: Leftovers
|-damage|p1a: Great Tusk|32/100 psn|[from] psn
|upkeep
|turn|6
|
|t:|1769429515
|move|p1a: Great Tusk|Headlong Rush|p2a: Furret
|-damage|p2a: Furret|0 fnt
|-unboost|p1a: Great Tusk|def|1
|-unboost|p1a: Great Tusk|spd|1
|faint|p2a: Furret
|
|-heal|p1a: Great Tusk|38/100 psn|[from] item: Leftovers
|-damage|p1a: Great Tusk|26/100 psn|[from] psn
|upkeep
|
|t:|1769429525
|switch|p2a: Scizor|Scizor, M|100/100
|turn|7
|
|t:|1769429529
|move|p2a: Scizor|Bullet Punch|p1a: Great Tusk
|-damage|p1a: Great Tusk|0 fnt
|faint|p1a: Great Tusk
|-end|p1a: Great Tusk|Protosynthesis|[silent]
|-damage|p2a: Scizor|91/100|[from] item: Life Orb
|
|upkeep
|
|t:|1769429539
|switch|p1a: Iron Moth|Iron Moth|100/100
|-enditem|p1a: Iron Moth|Booster Energy
|-activate|p1a: Iron Moth|ability: Quark Drive|[fromitem]
|-start|p1a: Iron Moth|quarkdrivespe
|turn|8
|
|t:|1769429550
|move|p2a: Scizor|Bullet Punch|p1a: Iron Moth
|-resisted|p1a: Iron Moth
|-damage|p1a: Iron Moth|66/100
|-damage|p2a: Scizor|81/100|[from] item: Life Orb
|move|p1a: Iron Moth|Fiery Dance|p2a: Scizor
|-supereffective|p2a: Scizor
|-damage|p2a: Scizor|0 fnt
|faint|p2a: Scizor
|
|upkeep
|
|t:|1769429559
|switch|p2a: Zamazenta|Zamazenta|100/100
|-ability|p2a: Zamazenta|Dauntless Shield|boost
|-boost|p2a: Zamazenta|def|1
|turn|9
|
|t:|1769429566
|-terastallize|p1a: Iron Moth|Fairy
|move|p1a: Iron Moth|Dazzling Gleam|p2a: Zamazenta
|-supereffective|p2a: Zamazenta
|-damage|p2a: Zamazenta|20/100
|move|p2a: Zamazenta|Stone Edge|p1a: Iron Moth
|-damage|p1a: Iron Moth|16/100
|
|upkeep
|turn|10
|
|t:|1769429576
|move|p1a: Iron Moth|Fiery Dance|p2a: Zamazenta
|-damage|p2a: Zamazenta|0 fnt
|faint|p2a: Zamazenta
|
|upkeep
|
|t:|1769429583
|switch|p2a: Iron Valiant|Iron Valiant|100/100
|-enditem|p2a: Iron Valiant|Booster Energy
|-activate|p2a: Iron Valiant|ability: Quark Drive|[fromitem]
|-start|p2a: Iron Valiant|quarkdrivespe
|turn|11
|
|t:|1769429590
|move|p2a: Iron Valiant|Knock Off|p1a: Iron Moth
|-resisted|p1a: Iron Moth
|-damage|p1a: Iron Moth|2/100
|move|p1a: Iron Moth|Sludge Wave|p2a: Iron Valiant
|-supereffective|p2a: Iron Valiant
|-damage|p2a: Iron Valiant|0 fnt
|faint|p2a: Iron Valiant
|-end|p2a: Iron Valiant|Quark Drive|[silent]
|
|upkeep
|-message|Jomiel forfeited.
|
|win|aleisteir
|raw|aleisteir's rating: 1336 &rarr; <strong>1355</strong><br />(+19 for winning)
|raw|Jomiel's rating: 1325 &rarr; <strong>1306</strong><br />(-19 for losing)
|l|☆Jomiel
|player|p2|
|l|☆aleisteir
|player|p1|
