|j|☆Moltov91
|j|☆Trubbish's opp
|t:|1769406214
|gametype|singles
|player|p1|Moltov91|265|1202
|player|p2|Trubbish's opp|swimmer-gen4dp|1260
|gen|9
|tier|[Gen 9] OU
|rated|
|rule|HP Percentage Mod: HP is shown in percentages
|rule|Endless Battle Clause: Forcing endless battles is banned
|rule|Species Clause: Limit one of each Pokémon
|rule|OHKO Clause: OHKO moves are banned
|rule|Evasion Items Clause: Evasion items are banned
|rule|Evasion Moves Clause: Evasion moves are banned
|rule|Evasion Abilities Clause: Evasion abilities are banned
|rule|Sleep Moves Clause: Sleep-inducing moves are banned
|clearpoke
|poke|p1|Weavile, F|
|poke|p1|Tyranitar, F|
|poke|p1|Garchomp, F|
|poke|p1|Heatran, F|
|poke|p1|Slowking, M|
|poke|p1|Tornadus-Therian, M|
|poke|p2|Tyranitar, F|
|poke|p2|Gliscor, M|
|poke|p2|Alomomola, M|
|poke|p2|Weezing-Galar, F|
|poke|p2|Dragapult, M|
|poke|p2|Clefable, F|
|teampreview
|inactive|Battle timer is ON: inactive players will automatically lose when time's up. (requested by Moltov91)
|
|t:|1769406234
|teamsize|p1|6
|teamsize|p2|6
|start
|switch|p1a: Tyranitar|Tyranitar, F|100/100
|switch|p2a: Glow up|Alomomola, M|100/100
|-weather|Sandstorm|[from] ability: Sand Stream|[of] p1a: Tyranitar
|turn|1
|
|t:|1769406248
|move|p2a: Glow up|Wish|p2a: Glow up
|move|p1a: Tyranitar|Stone Edge|p2a: Glow up
|-damage|p2a: Glow up|71/100
|
|-weather|Sandstorm|[upkeep]
|-damage|p2a: Glow up|65/100|[from] Sandstorm
|upkeep
|turn|2
|
|t:|1769406260
|move|p2a: Glow up|Flip Turn|p1a: Tyranitar
|-supereffective|p1a: Tyranitar
|-damage|p1a: Tyranitar|79/100
|
|t:|1769406267
|switch|p2a: Got ice?|Gliscor, M|100/100|[from] Flip Turn
|move|p1a: Tyranitar|Stealth Rock|p2a: Got ice?
|-sidestart|p2: Trubbish's opp|move: Stealth Rock
|
|-weather|Sandstorm|[upkeep]
|-status|p2a: Got ice?|tox|[from] item: Toxic Orb
|upkeep
|turn|3
|
|t:|1769406280
|move|p2a: Got ice?|Knock Off|p1a: Tyranitar
|-resisted|p1a: Tyranitar
|-damage|p1a: Tyranitar|71/100
|-enditem|p1a: Tyranitar|Heavy-Duty Boots|[from] move: Knock Off|[of] p2a: Got ice?
|move|p1a: Tyranitar|Ice Punch|p2a: Got ice?
|-supereffective|p2a: Got ice?
|-damage|p2a: Got ice?|21/100 tox
|
|-weather|Sandstorm|[upkeep]
|-heal|p2a: Got ice?|34/100 tox|[from] ability: Poison Heal
|upkeep
|turn|4
|
|t:|1769406291
|move|p2a: Got ice?|U-turn|p1a: Tyranitar
|-supereffective|p1a: Tyranitar
|-damage|p1a: Tyranitar|45/100
|
|t:|1769406303
|switch|p2a: GroundJorden|Clefable, F|100/100|[from] U-turn
|move|p1a: Tyranitar|Ice Punch|p2a: GroundJorden
|-damage|p2a: GroundJorden|69/100
|
|-weather|Sandstorm|[upkeep]
|upkeep
|turn|5
|
|t:|1769406316
|switch|p1a: Heatran|Heatran, F, shiny|100/100
|move|p2a: GroundJorden|Cosmic Power|p2a: GroundJorden
|-boost|p2a: GroundJorden|def|1
|-boost|p2a: GroundJorden|spd|1
|
|-weather|none
|upkeep
|turn|6
|
|t:|1769406330
|switch|p2a: Glow up|Alomomola, M|98/100
|move|p1a: Heatran|Flash Cannon|p2a: Glow up
|-resisted|p2a: Glow up
|-damage|p2a: Glow up|69/100
|
|upkeep
|turn|7
|
|t:|1769406341
|switch|p1a: Slowking|Slowking, M|100/100
|move|p2a: Glow up|Flip Turn|p1a: Slowking
|-resisted|p1a: Slowking
|-damage|p1a: Slowking|93/100
|
|t:|1769406349
|switch|p2a: PdyodynotCOb?|Weezing-Galar, F|100/100|[from] Flip Turn
|-ability|p2a: PdyodynotCOb?|Neutralizing Gas
|
|upkeep
|turn|8
|
|t:|1769406359
|move|p2a: PdyodynotCOb?|Defog|p1a: Slowking
|-unboost|p1a: Slowking|evasion|1
|-sideend|p2: Trubbish's opp|Stealth Rock|[from] move: Defog|[of] p2a: PdyodynotCOb?
|move|p1a: Slowking|Thunder Wave|p2a: PdyodynotCOb?
|-status|p2a: PdyodynotCOb?|par
|
|upkeep
|turn|9
|
|t:|1769406372
|switch|p1a: Heatran|Heatran, F, shiny|100/100
|move|p2a: PdyodynotCOb?|Will-O-Wisp|p1a: Heatran
|-immune|p1a: Heatran
|
|upkeep
|turn|10
|
|t:|1769406396
|-end|p2a: PdyodynotCOb?|ability: Neutralizing Gas
|switch|p2a: Glow up|Alomomola, M|100/100
|move|p1a: Heatran|Magma Storm|p2a: Glow up
|-resisted|p2a: Glow up
|-damage|p2a: Glow up|65/100
|-activate|p2a: Glow up|move: Magma Storm|[of] p1a: Heatran
|
|-damage|p2a: Glow up|53/100|[from] move: Magma Storm|[partiallytrapped]
|upkeep
|turn|11
|
|t:|1769406407
|switch|p1a: Tornadus|Tornadus-Therian, M|100/100
|move|p2a: Glow up|Flip Turn|p1a: Tornadus
|-damage|p1a: Tornadus|80/100
|
|t:|1769406416
|switch|p2a: I'm back|Tyranitar, F|100/100|[from] Flip Turn
|-weather|Sandstorm|[from] ability: Sand Stream|[of] p2a: I'm back
|
|-weather|Sandstorm|[upkeep]
|-damage|p1a: Tornadus|74/100|[from] Sandstorm
|upkeep
|turn|12
|
|t:|1769406427
|move|p1a: Tornadus|U-turn|p2a: I'm back
|-supereffective|p2a: I'm back
|-damage|p2a: I'm back|75/100
|
|t:|1769406434
|switch|p1a: Slowking|Slowking, M|93/100|[from] U-turn
|move|p2a: I'm back|Knock Off|p1a: Slowking
|-supereffective|p1a: Slowking
|-damage|p1a: Slowking|0 fnt
|-enditem|p1a: Slowking|Heavy-Duty Boots|[from] move: Knock Off|[of] p2a: I'm back
|faint|p1a: Slowking
|
|-weather|Sandstorm|[upkeep]
|upkeep
|
|t:|1769406442
|switch|p1a: Weavile|Weavile, F|100/100
|turn|13
|
|t:|1769406452
|switch|p2a: Glow up|Alomomola, M|86/100
|move|p1a: Weavile|Triple Axel|p2a: Glow up
|-resisted|p2a: Glow up
|-damage|p2a: Glow up|82/100
|-resisted|p2a: Glow up
|-damage|p2a: Glow up|74/100
|-resisted|p2a: Glow up
|-damage|p2a: Glow up|64/100
|-hitcount|p2a: Glow up|3
|
|-weather|Sandstorm|[upkeep]
|-damage|p1a: Weavile|94/100|[from] Sandstorm
|-damage|p2a: Glow up|57/100|[from] Sandstorm
|upkeep
|turn|14
|
|t:|1769406468
|switch|p1a: Tornadus|Tornadus-Therian, M|100/100
|move|p2a: Glow up|Flip Turn|p1a: Tornadus
|-damage|p1a: Tornadus|80/100
|
|t:|1769406478
|switch|p2a: I'm back|Tyranitar, F|75/100|[from] Flip Turn
|
|-weather|Sandstorm|[upkeep]
|-damage|p1a: Tornadus|74/100|[from] Sandstorm
|upkeep
|turn|15
|
|t:|1769406491
|move|p1a: Tornadus|U-turn|p2a: I'm back
|-supereffective|p2a: I'm back
|-damage|p2a: I'm back|50/100
|
|t:|1769406498
|switch|p1a: Tyranitar|Tyranitar, F|45/100|[from] U-turn
|move|p2a: I'm back|Stone Edge|p1a: Tyranitar
|-damage|p1a: Tyranitar|0 fnt
|faint|p1a: Tyranitar
|
|-weather|none
|upkeep
|
|t:|1769406505
|switch|p1a: Garchomp|Garchomp, F|100/100
|turn|16
|
|t:|1769406518
|switch|p2a: Got ice?|Gliscor, M|34/100 tox
|move|p1a: Garchomp|Earthquake|p2a: Got ice?
|-immune|p2a: Got ice?
|
|-heal|p2a: Got ice?|46/100 tox|[from] ability: Poison Heal
|upkeep
|turn|17
|
|t:|1769406529
|move|p1a: Garchomp|Scale Shot|p2a: Got ice?
|-damage|p2a: Got ice?|38/100 tox
|-damage|p2a: Got ice?|30/100 tox
|-damage|p2a: Got ice?|22/100 tox
|-damage|p2a: Got ice?|13/100 tox
|-damage|p2a: Got ice?|5/100 tox
|-hitcount|p2a: Got ice?|5
|-unboost|p1a: Garchomp|def|1
|-boost|p1a: Garchomp|spe|1
|move|p2a: Got ice?|Taunt|p1a: Garchomp
|-start|p1a: Garchomp|move: Taunt
|
|-heal|p2a: Got ice?|18/100 tox|[from] ability: Poison Heal
|upkeep
|turn|18
|
|t:|1769406549
|switch|p2a: Glow up|Alomomola, M|91/100
|move|p1a: Garchomp|Scale Shot|p2a: Glow up
|-damage|p2a: Glow up|83/100
|-damage|p2a: Glow up|76/100
|-damage|p2a: Glow up|69/100
|-damage|p2a: Glow up|62/100
|-damage|p2a: Glow up|55/100
|-hitcount|p2a: Glow up|5
|-unboost|p1a: Garchomp|def|1
|-boost|p1a: Garchomp|spe|1
|
|upkeep
|turn|19
|
|t:|1769406568
|move|p1a: Garchomp|Earthquake|p2a: Glow up
|-damage|p2a: Glow up|29/100
|move|p2a: Glow up|Wish|p2a: Glow up
|
|upkeep
|turn|20
|
|t:|1769406581
|switch|p2a: Got ice?|Gliscor, M|18/100 tox
|move|p1a: Garchomp|Scale Shot|p2a: Got ice?
|-damage|p2a: Got ice?|9/100 tox
|-crit|p2a: Got ice?
|-damage|p2a: Got ice?|0 fnt
|faint|p2a: Got ice?
|-hitcount|p2: Got ice?|2
|-unboost|p1a: Garchomp|def|1
|-boost|p1a: Garchomp|spe|1
|
|-end|p1a: Garchomp|move: Taunt
|upkeep
|inactive|Trubbish's opp has 120 seconds left.
|
|t:|1769406596
|switch|p2a: GroundJorden|Clefable, F|69/100
|turn|21
|
|t:|1769406610
|-terastallize|p1a: Garchomp|Fire
|move|p1a: Garchomp|Swords Dance|p1a: Garchomp
|-boost|p1a: Garchomp|atk|2
|move|p2a: GroundJorden|Moonlight|p2a: GroundJorden
|-heal|p2a: GroundJorden|100/100
|
|upkeep
|turn|22
|inactive|Trubbish's opp has 120 seconds left.
|
|t:|1769406629
|move|p1a: Garchomp|Earthquake|p2a: GroundJorden
|-damage|p2a: GroundJorden|0 fnt
|faint|p2a: GroundJorden
|
|upkeep
|inactive|Trubbish's opp has 120 seconds left.
|
|t:|1769406642
|switch|p2a: Glow up|Alomomola, M|62/100
|turn|23
|inactive|Trubbish's opp has 120 seconds left.
|
|t:|1769406654
|move|p1a: Garchomp|Scale Shot|p2a: Glow up
|-damage|p2a: Glow up|48/100
|-damage|p2a: Glow up|34/100
|-damage|p2a: Glow up|20/100
|-damage|p2a: Glow up|6/100
|-damage|p2a: Glow up|0 fnt
|faint|p2a: Glow up
|-hitcount|p2: Glow up|5
|-unboost|p1a: Garchomp|def|1
|-boost|p1a: Garchomp|spe|1
|
|upkeep
|
|t:|1769406674
|switch|p2a: it's gonna rain|Dragapult, M|100/100
|turn|24
|
|t:|1769406690
|-terastallize|p2a: it's gonna rain|Ghost
|move|p1a: Garchomp|Earthquake|p2a: it's gonna rain
|-damage|p2a: it's gonna rain|0 fnt
|faint|p2a: it's gonna rain
|
|upkeep
|-message|Trubbish's opp forfeited.
|
|win|Moltov91
|raw|Moltov91's rating: 1202 &rarr; <strong>1231</strong><br />(+29 for winning)
|raw|Trubbish&apos;s opp's rating: 1260 &rarr; <strong>1231</strong><br />(-29 for losing)
|l|☆Trubbish's opp
|player|p2|
|l|☆Moltov91
|player|p1|
