|j|☆testthoitestthoi2
|j|☆Bogrinho
|t:|1769350776
|gametype|singles
|player|p1|testthoitestthoi2|101|1304
|player|p2|Bogrinho|101|1256
|gen|9
|tier|[Gen 9] OU
|rated|
|rule|HP Percentage Mod: HP is shown in percentages
|rule|Endless Battle Clause: Forcing endless battles is banned
|rule|Species Clause: Limit one of each Pokémon
|rule|OHKO Clause: OHKO moves are banned
|rule|Evasion Items Clause: Evasion items are banned
|rule|Evasion Moves Clause: Evasion moves are banned
|rule|Evasion Abilities Clause: Evasion abilities are banned
|rule|Sleep Moves Clause: Sleep-inducing moves are banned
|clearpoke
|poke|p1|Ogerpon, F|
|poke|p1|Hatterene, F|
|poke|p1|Tornadus-Therian, M|
|poke|p1|Garchomp, M|
|poke|p1|Alomomola, F|
|poke|p1|Gholdengo|
|poke|p2|Charizard, M|
|poke|p2|Greninja-*, M|
|poke|p2|Sceptile, M|
|poke|p2|Garchomp, F|
|poke|p2|Kingambit, M|
|poke|p2|Metagross|
|teampreview
|
|t:|1769350806
|teamsize|p1|6
|teamsize|p2|6
|start
|switch|p1a: Ogerpon|Ogerpon, F|100/100
|switch|p2a: Metagross|Metagross|100/100
|turn|1
|
|t:|1769350819
|move|p1a: Ogerpon|U-turn|p2a: Metagross
|-damage|p2a: Metagross|75/100
|
|t:|1769350824
|switch|p1a: Garchomp|Garchomp, M|100/100|[from] U-turn
|move|p2a: Metagross|Psychic Fangs|p1a: Garchomp
|-damage|p1a: Garchomp|69/100
|-damage|p2a: Metagross|63/100|[from] ability: Rough Skin|[of] p1a: Garchomp
|-damage|p2a: Metagross|47/100|[from] item: Rocky Helmet|[of] p1a: Garchomp
|
|upkeep
|turn|2
|
|t:|1769350838
|move|p2a: Metagross|Bullet Punch|p1a: Garchomp
|-damage|p1a: Garchomp|53/100
|-damage|p2a: Metagross|34/100|[from] ability: Rough Skin|[of] p1a: Garchomp
|-damage|p2a: Metagross|18/100|[from] item: Rocky Helmet|[of] p1a: Garchomp
|move|p1a: Garchomp|Stealth Rock|p2a: Metagross
|-sidestart|p2: Bogrinho|move: Stealth Rock
|
|upkeep
|turn|3
|
|t:|1769350847
|switch|p1a: Alomomola|Alomomola, F|100/100
|move|p2a: Metagross|Psychic Fangs|p1a: Alomomola
|-damage|p1a: Alomomola|67/100
|
|upkeep
|turn|4
|
|t:|1769350854
|move|p2a: Metagross|Bullet Punch|p1a: Alomomola
|-resisted|p1a: Alomomola
|-damage|p1a: Alomomola|59/100
|move|p1a: Alomomola|Scald|p2a: Metagross
|-damage|p2a: Metagross|4/100
|
|upkeep
|turn|5
|
|t:|1769350861
|move|p2a: Metagross|Bullet Punch|p1a: Alomomola
|-resisted|p1a: Alomomola
|-damage|p1a: Alomomola|51/100
|move|p1a: Alomomola|Flip Turn|p2a: Metagross
|-damage|p2a: Metagross|0 fnt
|faint|p2a: Metagross
|
|t:|1769350869
|switch|p1a: Tornadus|Tornadus-Therian, M|100/100|[from] Flip Turn
|
|upkeep
|
|t:|1769350890
|switch|p2a: Greninja|Greninja, M|100/100
|-damage|p2a: Greninja|88/100|[from] Stealth Rock
|turn|6
|
|t:|1769350900
|move|p2a: Greninja|Ice Beam|p1a: Tornadus
|-supereffective|p1a: Tornadus
|-damage|p1a: Tornadus|64/100
|move|p1a: Tornadus|U-turn|p2a: Greninja
|-supereffective|p2a: Greninja
|-damage|p2a: Greninja|39/100
|
|t:|1769350910
|switch|p1a: Alomomola|Alomomola, F|84/100|[from] U-turn
|
|upkeep
|turn|7
|
|t:|1769350915
|switch|p2a: Sceptile|Sceptile, M|100/100
|-damage|p2a: Sceptile|88/100|[from] Stealth Rock
|move|p1a: Alomomola|Scald|p2a: Sceptile
|-resisted|p2a: Sceptile
|-damage|p2a: Sceptile|79/100
|
|upkeep
|turn|8
|
|t:|1769350927
|switch|p1a: Tornadus|Tornadus-Therian, M|97/100
|move|p2a: Sceptile|Leaf Storm|p1a: Tornadus
|-resisted|p1a: Tornadus
|-damage|p1a: Tornadus|73/100
|-unboost|p2a: Sceptile|spa|2
|
|upkeep
|turn|9
|
|t:|1769350953
|move|p1a: Tornadus|Knock Off|p2a: Sceptile
|-damage|p2a: Sceptile|40/100
|-enditem|p2a: Sceptile|Miracle Seed|[from] move: Knock Off|[of] p1a: Tornadus
|move|p2a: Sceptile|Leaf Storm|p1a: Tornadus
|-resisted|p1a: Tornadus
|-damage|p1a: Tornadus|62/100
|-unboost|p2a: Sceptile|spa|2
|
|upkeep
|turn|10
|
|t:|1769350971
|move|p1a: Tornadus|Knock Off|p2a: Sceptile
|-damage|p2a: Sceptile|14/100
|move|p2a: Sceptile|Energy Ball|p1a: Tornadus
|-resisted|p1a: Tornadus
|-damage|p1a: Tornadus|55/100
|
|upkeep
|turn|11
|
|t:|1769350977
|move|p1a: Tornadus|U-turn|p2a: Sceptile
|-supereffective|p2a: Sceptile
|-damage|p2a: Sceptile|0 fnt
|faint|p2a: Sceptile
|
|t:|1769350982
|switch|p1a: Alomomola|Alomomola, F|100/100|[from] U-turn
|
|upkeep
|
|t:|1769350991
|switch|p2a: Kingambit|Kingambit, M|100/100
|-damage|p2a: Kingambit|94/100|[from] Stealth Rock
|-activate|p2a: Kingambit|ability: Supreme Overlord
|-start|p2a: Kingambit|fallen2|[silent]
|turn|12
|
|t:|1769351012
|move|p2a: Kingambit|Swords Dance|p2a: Kingambit
|-boost|p2a: Kingambit|atk|2
|move|p1a: Alomomola|Scald|p2a: Kingambit
|-damage|p2a: Kingambit|81/100
|
|-heal|p2a: Kingambit|88/100|[from] item: Leftovers
|upkeep
|turn|13
|
|t:|1769351021
|move|p2a: Kingambit|Swords Dance|p2a: Kingambit
|-boost|p2a: Kingambit|atk|2
|move|p1a: Alomomola|Scald|p2a: Kingambit
|-damage|p2a: Kingambit|75/100
|-status|p2a: Kingambit|brn
|
|-heal|p2a: Kingambit|82/100 brn|[from] item: Leftovers
|-damage|p2a: Kingambit|75/100 brn|[from] brn
|upkeep
|turn|14
|
|t:|1769351031
|move|p2a: Kingambit|Kowtow Cleave|p1a: Alomomola
|-damage|p1a: Alomomola|44/100
|move|p1a: Alomomola|Flip Turn|p2a: Kingambit
|-damage|p2a: Kingambit|63/100 brn
|
|t:|1769351038
|switch|p1a: Garchomp|Garchomp, M|53/100|[from] Flip Turn
|
|-heal|p2a: Kingambit|70/100 brn|[from] item: Leftovers
|-damage|p2a: Kingambit|63/100 brn|[from] brn
|upkeep
|turn|15
|
|t:|1769351046
|-end|p2a: Kingambit|fallen2|[silent]
|switch|p2a: Charizard|Charizard, M|100/100
|-damage|p2a: Charizard|51/100|[from] Stealth Rock
|move|p1a: Garchomp|Earthquake|p2a: Charizard
|-immune|p2a: Charizard
|
|upkeep
|turn|16
|
|t:|1769351054
|move|p2a: Charizard|Dragon Pulse|p1a: Garchomp
|-supereffective|p1a: Garchomp
|-damage|p1a: Garchomp|3/100
|move|p1a: Garchomp|Dragon Tail|p2a: Charizard
|-damage|p2a: Charizard|9/100
|drag|p2a: Greninja|Greninja, M|39/100
|-damage|p2a: Greninja|27/100|[from] Stealth Rock
|
|upkeep
|turn|17
|
|t:|1769351063
|switch|p1a: Alomomola|Alomomola, F|78/100
|move|p2a: Greninja|Ice Beam|p1a: Alomomola
|-resisted|p1a: Alomomola
|-damage|p1a: Alomomola|70/100
|
|upkeep
|turn|18
|
|t:|1769351071
|move|p2a: Greninja|Dark Pulse|p1a: Alomomola
|-damage|p1a: Alomomola|51/100
|move|p1a: Alomomola|Scald|p2a: Greninja
|-resisted|p2a: Greninja
|-damage|p2a: Greninja|16/100
|
|upkeep
|turn|19
|
|t:|1769351078
|move|p2a: Greninja|Dark Pulse|p1a: Alomomola
|-damage|p1a: Alomomola|29/100
|move|p1a: Alomomola|Scald|p2a: Greninja
|-resisted|p2a: Greninja
|-damage|p2a: Greninja|6/100
|
|upkeep
|turn|20
|
|t:|1769351085
|move|p2a: Greninja|Dark Pulse|p1a: Alomomola
|-damage|p1a: Alomomola|10/100
|move|p1a: Alomomola|Flip Turn|p2a: Greninja
|-resisted|p2a: Greninja
|-damage|p2a: Greninja|0 fnt
|faint|p2a: Greninja
|
|t:|1769351093
|switch|p1a: Tornadus|Tornadus-Therian, M|89/100|[from] Flip Turn
|
|upkeep
|
|t:|1769351101
|switch|p2a: Garchomp|Garchomp, F|100/100
|-damage|p2a: Garchomp|94/100|[from] Stealth Rock
|turn|21
|
|t:|1769351106
|move|p1a: Tornadus|Bleakwind Storm|p2a: Garchomp|[miss]
|-miss|p1a: Tornadus|p2a: Garchomp
|move|p2a: Garchomp|Outrage|p1a: Tornadus
|-damage|p1a: Tornadus|23/100
|
|-heal|p2a: Garchomp|100/100|[from] item: Leftovers
|upkeep
|turn|22
|
|t:|1769351116
|switch|p1a: Hatterene|Hatterene, F|100/100
|move|p2a: Garchomp|Outrage|p1a: Hatterene|[from] lockedmove
|-immune|p1a: Hatterene
|
|upkeep
|turn|23
|
|t:|1769351134
|move|p2a: Garchomp|Crunch|p1a: Hatterene
|-damage|p1a: Hatterene|75/100
|-damage|p2a: Garchomp|84/100|[from] item: Rocky Helmet|[of] p1a: Hatterene
|move|p1a: Hatterene|Draining Kiss|p2a: Garchomp
|-supereffective|p2a: Garchomp
|-damage|p2a: Garchomp|37/100
|-heal|p1a: Hatterene|100/100|[from] drain|[of] p2a: Garchomp
|-damage|p1a: Hatterene|88/100|[from] ability: Rough Skin|[of] p2a: Garchomp
|
|-heal|p2a: Garchomp|43/100|[from] item: Leftovers
|upkeep
|turn|24
|
|t:|1769351146
|move|p2a: Garchomp|Crunch|p1a: Hatterene
|-damage|p1a: Hatterene|64/100
|-damage|p2a: Garchomp|27/100|[from] item: Rocky Helmet|[of] p1a: Hatterene
|move|p1a: Hatterene|Draining Kiss|p2a: Garchomp
|-supereffective|p2a: Garchomp
|-damage|p2a: Garchomp|0 fnt
|-heal|p1a: Hatterene|86/100|[from] drain|[of] p2a: Garchomp
|-damage|p1a: Hatterene|73/100|[from] ability: Rough Skin|[of] p2a: Garchomp
|faint|p2a: Garchomp
|
|upkeep
|
|t:|1769351159
|switch|p2a: Charizard|Charizard, M|9/100
|-damage|p2a: Charizard|0 fnt|[from] Stealth Rock
|faint|p2a: Charizard
|
|t:|1769351163
|switch|p2a: Kingambit|Kingambit, M|63/100 brn
|-damage|p2a: Kingambit|57/100 brn|[from] Stealth Rock
|-activate|p2a: Kingambit|ability: Supreme Overlord
|-start|p2a: Kingambit|fallen5|[silent]
|turn|25
|
|t:|1769351170
|move|p2a: Kingambit|Iron Head|p1a: Hatterene
|-supereffective|p1a: Hatterene
|-damage|p1a: Hatterene|14/100
|-damage|p2a: Kingambit|41/100 brn|[from] item: Rocky Helmet|[of] p1a: Hatterene
|move|p1a: Hatterene|Draining Kiss|p2a: Kingambit
|-damage|p2a: Kingambit|17/100 brn
|-heal|p1a: Hatterene|36/100|[from] drain|[of] p2a: Kingambit
|
|-heal|p2a: Kingambit|24/100 brn|[from] item: Leftovers
|-damage|p2a: Kingambit|17/100 brn|[from] brn
|upkeep
|turn|26
|
|t:|1769351181
|move|p2a: Kingambit|Iron Head|p1a: Hatterene
|-supereffective|p1a: Hatterene
|-damage|p1a: Hatterene|0 fnt
|-damage|p2a: Kingambit|1/100 brn|[from] item: Rocky Helmet|[of] p1a: Hatterene
|faint|p1a: Hatterene
|
|-heal|p2a: Kingambit|7/100 brn|[from] item: Leftovers
|-damage|p2a: Kingambit|1/100 brn|[from] brn
|upkeep
|
|t:|1769351191
|switch|p1a: Gholdengo|Gholdengo|100/100
|turn|27
|
|t:|1769351195
|move|p2a: Kingambit|Sucker Punch||[still]
|-fail|p2a: Kingambit
|move|p1a: Gholdengo|Trick|p2a: Kingambit
|-activate|p1a: Gholdengo|move: Trick|[of] p2a: Kingambit
|-item|p2a: Kingambit|Choice Specs|[from] move: Trick
|-item|p1a: Gholdengo|Leftovers|[from] move: Trick
|
|-damage|p2a: Kingambit|0 fnt|[from] brn
|faint|p2a: Kingambit
|-end|p2a: Kingambit|fallen5|[silent]
|
|win|testthoitestthoi2
|raw|testthoitestthoi2's rating: 1304 &rarr; <strong>1321</strong><br />(+17 for winning)
|raw|Bogrinho's rating: 1256 &rarr; <strong>1234</strong><br />(-22 for losing)
|l|☆Bogrinho
|player|p2|
|l|☆testthoitestthoi2
|player|p1|
