|j|☆kalen80
|j|☆PokeBlaze17
|t:|1769412077
|gametype|singles
|player|p1|kalen80|265|1169
|player|p2|PokeBlaze17|cheren-gen5bw2|1221
|gen|9
|tier|[Gen 9] OU
|rated|
|rule|HP Percentage Mod: HP is shown in percentages
|rule|Endless Battle Clause: Forcing endless battles is banned
|rule|Species Clause: Limit one of each Pokémon
|rule|OHKO Clause: OHKO moves are banned
|rule|Evasion Items Clause: Evasion items are banned
|rule|Evasion Moves Clause: Evasion moves are banned
|rule|Evasion Abilities Clause: Evasion abilities are banned
|rule|Sleep Moves Clause: Sleep-inducing moves are banned
|clearpoke
|poke|p1|Armarouge, F|
|poke|p1|Ambipom, M|
|poke|p1|Regidrago|
|poke|p1|Dudunsparce-*, F|
|poke|p1|Cyclizar, M|
|poke|p1|Galvantula, F|
|poke|p2|Decidueye-Hisui, F|
|poke|p2|Kommo-o, M|
|poke|p2|Inteleon, F|
|poke|p2|Zapdos|
|poke|p2|Klefki, F|
|poke|p2|Kleavor, M|
|teampreview
|inactive|Battle timer is ON: inactive players will automatically lose when time's up. (requested by PokeBlaze17)
|
|t:|1769412088
|teamsize|p1|6
|teamsize|p2|6
|start
|switch|p1a: Armarouge|Armarouge, F|100/100
|switch|p2a: Kleavor|Kleavor, M, shiny|100/100
|turn|1
|
|t:|1769412094
|move|p2a: Kleavor|Tailwind|p2a: Kleavor
|-sidestart|p2: PokeBlaze17|move: Tailwind
|move|p1a: Armarouge|Armor Cannon|p2a: Kleavor
|-enditem|p2a: Kleavor|Focus Sash
|-damage|p2a: Kleavor|1/100
|-unboost|p1a: Armarouge|def|1
|-unboost|p1a: Armarouge|spd|1
|
|upkeep
|turn|2
|
|t:|1769412106
|switch|p1a: Cyclizar|Cyclizar, M|100/100
|move|p2a: Kleavor|Stone Axe|p1a: Cyclizar
|-damage|p1a: Cyclizar|20/100
|-sidestart|p1: kalen80|move: Stealth Rock
|
|upkeep
|turn|3
|
|t:|1769412113
|move|p2a: Kleavor|X-Scissor|p1a: Cyclizar
|-damage|p1a: Cyclizar|0 fnt
|faint|p1a: Cyclizar
|
|upkeep
|
|t:|1769412115
|switch|p1a: Ambipom|Ambipom, M|100/100
|-damage|p1a: Ambipom|88/100|[from] Stealth Rock
|turn|4
|
|t:|1769412123
|move|p1a: Ambipom|Fake Out|p2a: Kleavor
|-resisted|p2a: Kleavor
|-damage|p2a: Kleavor|0 fnt
|faint|p2a: Kleavor
|
|-sideend|p2: PokeBlaze17|move: Tailwind
|upkeep
|
|t:|1769412129
|switch|p2a: Klefki|Klefki, F, shiny|100/100
|turn|5
|
|t:|1769412133
|move|p2a: Klefki|Thunder Wave|p1a: Ambipom
|-status|p1a: Ambipom|par
|move|p1a: Ambipom|U-turn|p2a: Klefki
|-resisted|p2a: Klefki
|-damage|p2a: Klefki|96/100
|
|t:|1769412138
|switch|p1a: Armarouge|Armarouge, F|100/100|[from] U-turn
|-damage|p1a: Armarouge|75/100|[from] Stealth Rock
|
|upkeep
|turn|6
|
|t:|1769412144
|move|p2a: Klefki|Light Screen|p2a: Klefki
|-sidestart|p2: PokeBlaze17|move: Light Screen
|move|p1a: Armarouge|Armor Cannon|p2a: Klefki
|-supereffective|p2a: Klefki
|-damage|p2a: Klefki|13/100
|-unboost|p1a: Armarouge|def|1
|-unboost|p1a: Armarouge|spd|1
|
|upkeep
|turn|7
|
|t:|1769412151
|move|p2a: Klefki|Thunder Wave|p1a: Armarouge
|-status|p1a: Armarouge|par
|move|p1a: Armarouge|Armor Cannon|p2a: Klefki
|-supereffective|p2a: Klefki
|-damage|p2a: Klefki|0 fnt
|-unboost|p1a: Armarouge|def|1
|-unboost|p1a: Armarouge|spd|1
|faint|p2a: Klefki
|
|upkeep
|
|t:|1769412161
|switch|p2a: Inteleon|Inteleon, F|100/100
|turn|8
|
|t:|1769412166
|move|p2a: Inteleon|Agility|p2a: Inteleon
|-boost|p2a: Inteleon|spe|2
|move|p1a: Armarouge|Energy Ball|p2a: Inteleon
|-supereffective|p2a: Inteleon
|-damage|p2a: Inteleon|44/100
|
|upkeep
|turn|9
|
|t:|1769412174
|move|p2a: Inteleon|Snipe Shot|p1a: Armarouge
|-supereffective|p1a: Armarouge
|-damage|p1a: Armarouge|0 fnt
|faint|p1a: Armarouge
|
|upkeep
|
|t:|1769412177
|switch|p1a: Ambipom|Ambipom, M|88/100 par
|-damage|p1a: Ambipom|76/100 par|[from] Stealth Rock
|turn|10
|
|t:|1769412184
|cant|p1a: Ambipom|par
|move|p2a: Inteleon|Snipe Shot|p1a: Ambipom
|-damage|p1a: Ambipom|3/100 par
|
|upkeep
|turn|11
|
|t:|1769412192
|move|p2a: Inteleon|Snipe Shot|p1a: Ambipom
|-damage|p1a: Ambipom|0 fnt
|faint|p1a: Ambipom
|
|upkeep
|
|t:|1769412193
|switch|p1a: Galvantula|Galvantula, F|100/100
|-damage|p1a: Galvantula|76/100|[from] Stealth Rock
|turn|12
|
|t:|1769412200
|move|p2a: Inteleon|Air Cutter|p1a: Galvantula
|-crit|p1a: Galvantula
|-damage|p1a: Galvantula|0 fnt
|faint|p1a: Galvantula
|
|upkeep
|-message|kalen80 forfeited.
|
|win|PokeBlaze17
|raw|kalen80's rating: 1169 &rarr; <strong>1148</strong><br />(-21 for losing)
|raw|PokeBlaze17's rating: 1221 &rarr; <strong>1242</strong><br />(+21 for winning)
|l|☆kalen80
|player|p1|
|l|☆PokeBlaze17
|player|p2|
