|j|☆Anony1Moose11
|j|☆YOHZZI
|t:|1769419240
|gametype|singles
|player|p1|Anony1Moose11|karen|1297
|player|p2|YOHZZI|teamrocket|1254
|gen|9
|tier|[Gen 9] OU
|rated|
|rule|HP Percentage Mod: HP is shown in percentages
|rule|Endless Battle Clause: Forcing endless battles is banned
|rule|Species Clause: Limit one of each Pokémon
|rule|OHKO Clause: OHKO moves are banned
|rule|Evasion Items Clause: Evasion items are banned
|rule|Evasion Moves Clause: Evasion moves are banned
|rule|Evasion Abilities Clause: Evasion abilities are banned
|rule|Sleep Moves Clause: Sleep-inducing moves are banned
|clearpoke
|poke|p1|Hoopa-Unbound|
|poke|p1|Indeedee, M|
|poke|p1|Hatterene, F|
|poke|p1|Ursaluna, F|
|poke|p1|Iron Hands|
|poke|p1|Mimikyu, M|
|poke|p2|Landorus-Therian, M|
|poke|p2|Kyurem|
|poke|p2|Gholdengo|
|poke|p2|Samurott-Hisui, M|
|poke|p2|Great Tusk|
|poke|p2|Maushold-Four|
|teampreview
|inactive|Battle timer is ON: inactive players will automatically lose when time's up. (requested by Anony1Moose11)
|
|t:|1769419266
|teamsize|p1|6
|teamsize|p2|6
|start
|switch|p1a: Indeedee|Indeedee, M|100/100
|switch|p2a: Landorus|Landorus-Therian, M|100/100
|-ability|p2a: Landorus|Intimidate|boost
|-unboost|p1a: Indeedee|atk|1
|-fieldstart|move: Psychic Terrain|[from] ability: Psychic Surge|[of] p1a: Indeedee
|turn|1
|
|t:|1769419285
|switch|p1a: Hatterene|Hatterene, F|100/100
|move|p2a: Landorus|Taunt|p1a: Hatterene
|move|p1a: Hatterene|Taunt|p2a: Landorus|[from] ability: Magic Bounce
|-start|p2a: Landorus|move: Taunt
|
|upkeep
|turn|2
|
|t:|1769419291
|move|p2a: Landorus|U-turn|p1a: Hatterene
|-damage|p1a: Hatterene|76/100
|
|t:|1769419308
|switch|p2a: Gholdengo|Gholdengo|100/100|[from] U-turn
|-item|p2a: Gholdengo|Air Balloon
|move|p1a: Hatterene|Trick Room|p1a: Hatterene
|-fieldstart|move: Trick Room|[of] p1a: Hatterene
|
|upkeep
|turn|3
|inactive|Anony1Moose11 has 120 seconds left.
|
|t:|1769419341
|switch|p2a: Samurott|Samurott-Hisui, M, shiny|100/100
|-terastallize|p1a: Hatterene|Stellar
|move|p1a: Hatterene|Mystical Fire|p2a: Samurott
|-resisted|p2a: Samurott
|-damage|p2a: Samurott|84/100
|-unboost|p2a: Samurott|spa|1
|-damage|p1a: Hatterene|66/100|[from] item: Life Orb
|
|upkeep
|turn|4
|inactive|YOHZZI has 120 seconds left.
|
|t:|1769419371
|move|p1a: Hatterene|Draining Kiss|p2a: Samurott
|-supereffective|p2a: Samurott
|-damage|p2a: Samurott|0 fnt
|-heal|p1a: Hatterene|100/100|[from] drain|[of] p2a: Samurott
|faint|p2a: Samurott
|-damage|p1a: Hatterene|91/100|[from] item: Life Orb
|
|upkeep
|inactive|YOHZZI has 120 seconds left.
|
|t:|1769419390
|switch|p2a: Landorus|Landorus-Therian, M|100/100
|-ability|p2a: Landorus|Intimidate|boost
|-unboost|p1a: Hatterene|atk|1
|turn|5
|
|t:|1769419397
|move|p1a: Hatterene|Expanding Force|p2a: Landorus
|-damage|p2a: Landorus|0 fnt
|faint|p2a: Landorus
|-damage|p1a: Hatterene|81/100|[from] item: Life Orb
|
|upkeep
|inactive|YOHZZI has 90 seconds left.
|
|t:|1769419434
|switch|p2a: Gholdengo|Gholdengo|100/100
|-item|p2a: Gholdengo|Air Balloon
|turn|6
|
|t:|1769419443
|move|p1a: Hatterene|Mystical Fire|p2a: Gholdengo
|-supereffective|p2a: Gholdengo
|-damage|p2a: Gholdengo|15/100
|-unboost|p2a: Gholdengo|spa|1
|-enditem|p2a: Gholdengo|Air Balloon
|-damage|p1a: Hatterene|71/100|[from] item: Life Orb
|move|p2a: Gholdengo|Make It Rain|p1a: Hatterene
|-supereffective|p1a: Hatterene
|-damage|p1a: Hatterene|0 fnt
|-unboost|p2a: Gholdengo|spa|1
|faint|p1a: Hatterene
|
|-fieldend|move: Trick Room
|upkeep
|
|t:|1769419455
|switch|p1a: Mimikyu|Mimikyu, M|100/100
|turn|7
|
|t:|1769419458
|move|p2a: Gholdengo|Shadow Ball|p1a: Mimikyu
|-activate|p1a: Mimikyu|ability: Disguise
|-damage|p1a: Mimikyu|100/100
|detailschange|p1a: Mimikyu|Mimikyu-Busted, M
|-damage|p1a: Mimikyu|88/100|[from] pokemon: Mimikyu-Busted
|-enditem|p1a: Mimikyu|Red Card|[of] p2a: Gholdengo
|drag|p2a: Great Tusk|Great Tusk|100/100
|move|p1a: Mimikyu|Trick Room|p1a: Mimikyu
|-fieldstart|move: Trick Room|[of] p1a: Mimikyu
|
|upkeep
|turn|8
|
|t:|1769419486
|-terastallize|p2a: Great Tusk|Water
|move|p1a: Mimikyu|Curse|p2a: Great Tusk
|-start|p2a: Great Tusk|Curse|[of] p1a: Mimikyu
|-damage|p1a: Mimikyu|38/100
|move|p2a: Great Tusk|Headlong Rush|p1a: Mimikyu
|-damage|p1a: Mimikyu|0 fnt
|-unboost|p2a: Great Tusk|def|1
|-unboost|p2a: Great Tusk|spd|1
|faint|p1a: Mimikyu
|
|-damage|p2a: Great Tusk|76/100|[from] Curse
|-fieldend|move: Psychic Terrain
|upkeep
|inactive|Anony1Moose11 has 120 seconds left.
|
|t:|1769419515
|switch|p1a: Ursaluna|Ursaluna, F|100/100
|turn|9
|
|t:|1769419531
|move|p1a: Ursaluna|Supercell Slam|p2a: Great Tusk
|-supereffective|p2a: Great Tusk
|-damage|p2a: Great Tusk|5/100
|-damage|p1a: Ursaluna|84/100|[from] item: Rocky Helmet|[of] p2a: Great Tusk
|move|p2a: Great Tusk|Ice Spinner|p1a: Ursaluna
|-supereffective|p1a: Ursaluna
|-damage|p1a: Ursaluna|48/100
|
|-damage|p2a: Great Tusk|0 fnt|[from] Curse
|faint|p2a: Great Tusk
|-end|p2a: Great Tusk|Protosynthesis|[silent]
|-status|p1a: Ursaluna|brn|[from] item: Flame Orb
|upkeep
|
|t:|1769419551
|switch|p2a: Gholdengo|Gholdengo|15/100
|turn|10
|
|t:|1769419555
|move|p1a: Ursaluna|Ice Punch|p2a: Gholdengo
|-resisted|p2a: Gholdengo
|-damage|p2a: Gholdengo|0 fnt
|faint|p2a: Gholdengo
|
|-damage|p1a: Ursaluna|42/100 brn|[from] brn
|upkeep
|
|t:|1769419569
|switch|p2a: Kyurem|Kyurem, shiny|100/100
|-ability|p2a: Kyurem|Pressure
|turn|11
|
|t:|1769419579
|move|p1a: Ursaluna|Facade|p2a: Kyurem
|-damage|p2a: Kyurem|0 fnt
|faint|p2a: Kyurem
|
|-damage|p1a: Ursaluna|36/100 brn|[from] brn
|-fieldend|move: Trick Room
|upkeep
|
|t:|1769419585
|switch|p2a: Maushold|Maushold-Four|100/100
|turn|12
|
|t:|1769419588
|move|p2a: Maushold|Tidy Up|p2a: Maushold
|-boost|p2a: Maushold|atk|1
|-boost|p2a: Maushold|spe|1
|move|p1a: Ursaluna|Facade|p2a: Maushold
|-damage|p2a: Maushold|0 fnt
|faint|p2a: Maushold
|
|win|Anony1Moose11
|raw|Anony1Moose11's rating: 1297 &rarr; <strong>1319</strong><br />(+22 for winning)
|raw|YOHZZI's rating: 1254 &rarr; <strong>1232</strong><br />(-22 for losing)
|l|☆YOHZZI
|player|p2|
|l|☆Anony1Moose11
|player|p1|
