|badge|p1|bronze|gen9doublesou|100-8
|uhtml|medal-msg|<div class="broadcast-blue">Curious what those medals under the avatar are? PS now has Ladder Seasons! For more information, check out the <a href="https://www.smogon.com/forums/threads/3740067/">thread on Smogon.</a></div>
|j|☆flan727
|j|☆2001civic
|t:|1769440646
|gametype|singles
|player|p1|flan727|parasollady-gen4|1742
|player|p2|2001civic|169|1725
|gen|9
|tier|[Gen 9] OU
|rated|
|rule|HP Percentage Mod: HP is shown in percentages
|rule|Endless Battle Clause: Forcing endless battles is banned
|rule|Species Clause: Limit one of each Pokémon
|rule|OHKO Clause: OHKO moves are banned
|rule|Evasion Items Clause: Evasion items are banned
|rule|Evasion Moves Clause: Evasion moves are banned
|rule|Evasion Abilities Clause: Evasion abilities are banned
|rule|Sleep Moves Clause: Sleep-inducing moves are banned
|clearpoke
|poke|p1|Dragonite, F|
|poke|p1|Zamazenta-*|
|poke|p1|Landorus-Therian, M|
|poke|p1|Gholdengo|
|poke|p1|Darkrai|
|poke|p1|Hatterene, F|
|poke|p2|Rhyperior, M|
|poke|p2|Enamorus, F|
|poke|p2|Okidogi, M|
|poke|p2|Ribombee, F|
|poke|p2|Gholdengo|
|poke|p2|Ogerpon-Wellspring, F|
|teampreview
|c|☆flan727|hf
|
|t:|1769440669
|teamsize|p1|6
|teamsize|p2|6
|start
|switch|p1a: Landorus|Landorus-Therian, M|100/100
|switch|p2a: Ribombee|Ribombee, F|100/100
|-ability|p1a: Landorus|Intimidate|boost
|-unboost|p2a: Ribombee|atk|1
|turn|1
|
|t:|1769440675
|move|p2a: Ribombee|Reflect|p2a: Ribombee
|-sidestart|p2: 2001civic|Reflect
|move|p1a: Landorus|Stealth Rock|p2a: Ribombee
|-sidestart|p2: 2001civic|move: Stealth Rock
|
|upkeep
|turn|2
|
|t:|1769440680
|switch|p1a: Hatterene|Hatterene, F|100/100
|move|p2a: Ribombee|Light Screen|p2a: Ribombee
|-sidestart|p2: 2001civic|move: Light Screen
|
|upkeep
|turn|3
|
|t:|1769440685
|switch|p2a: Rhyperior|Rhyperior, M|100/100
|-damage|p2a: Rhyperior|94/100|[from] Stealth Rock
|move|p1a: Hatterene|Mystical Fire|p2a: Rhyperior
|-resisted|p2a: Rhyperior
|-damage|p2a: Rhyperior|85/100
|-unboost|p2a: Rhyperior|spa|1
|
|-heal|p2a: Rhyperior|91/100|[from] item: Leftovers
|upkeep
|turn|4
|
|t:|1769440691
|switch|p1a: Landorus|Landorus-Therian, M|100/100
|-ability|p1a: Landorus|Intimidate|boost
|-unboost|p2a: Rhyperior|atk|1
|move|p2a: Rhyperior|Rock Polish|p2a: Rhyperior
|-boost|p2a: Rhyperior|spe|2
|
|-heal|p2a: Rhyperior|97/100|[from] item: Leftovers
|upkeep
|turn|5
|
|t:|1769440702
|move|p2a: Rhyperior|Swords Dance|p2a: Rhyperior
|-boost|p2a: Rhyperior|atk|2
|move|p1a: Landorus|U-turn|p2a: Rhyperior
|-crit|p2a: Rhyperior
|-damage|p2a: Rhyperior|74/100
|
|t:|1769440710
|switch|p1a: Zamazenta|Zamazenta|100/100|[from] U-turn
|-ability|p1a: Zamazenta|Dauntless Shield|boost
|-boost|p1a: Zamazenta|def|1
|
|-heal|p2a: Rhyperior|80/100|[from] item: Leftovers
|upkeep
|turn|6
|
|t:|1769440718
|move|p1a: Zamazenta|Iron Defense|p1a: Zamazenta
|-boost|p1a: Zamazenta|def|2
|move|p2a: Rhyperior|Rock Polish|p2a: Rhyperior
|-boost|p2a: Rhyperior|spe|2
|
|-heal|p2a: Rhyperior|86/100|[from] item: Leftovers
|upkeep
|turn|7
|
|t:|1769440728
|-terastallize|p2a: Rhyperior|Flying
|move|p2a: Rhyperior|Swords Dance|p2a: Rhyperior
|-boost|p2a: Rhyperior|atk|2
|move|p1a: Zamazenta|Roar|p2a: Rhyperior
|drag|p2a: Ogerpon|Ogerpon-Wellspring, F|100/100
|-damage|p2a: Ogerpon|88/100|[from] Stealth Rock
|
|upkeep
|turn|8
|-message|2001civic forfeited.
|
|win|flan727
|raw|flan727's rating: 1742 &rarr; <strong>1761</strong><br />(+19 for winning)
|raw|2001civic's rating: 1725 &rarr; <strong>1706</strong><br />(-19 for losing)
|l|☆2001civic
|player|p2|
|l|☆flan727
|player|p1|
