|j|☆baihuapenhp
|j|☆Cour3tro
|t:|1769309295
|gametype|singles
|player|p1|baihuapenhp|irida|1131
|player|p2|Cour3tro|170|1124
|gen|9
|tier|[Gen 9] OU
|rated|
|rule|HP Percentage Mod: HP is shown in percentages
|rule|Endless Battle Clause: Forcing endless battles is banned
|rule|Species Clause: Limit one of each Pokémon
|rule|OHKO Clause: OHKO moves are banned
|rule|Evasion Items Clause: Evasion items are banned
|rule|Evasion Moves Clause: Evasion moves are banned
|rule|Evasion Abilities Clause: Evasion abilities are banned
|rule|Sleep Moves Clause: Sleep-inducing moves are banned
|clearpoke
|poke|p1|Glimmora, M|
|poke|p1|Iron Moth|
|poke|p1|Ting-Lu|
|poke|p1|Samurott-Hisui, F|
|poke|p1|Gholdengo|
|poke|p1|Great Tusk|
|poke|p2|Glimmora, F|
|poke|p2|Zapdos-Galar|
|poke|p2|Vaporeon, F|
|poke|p2|Haxorus, M|
|poke|p2|Toedscruel, F|
|poke|p2|Iron Thorns|
|teampreview
|inactive|Battle timer is ON: inactive players will automatically lose when time's up. (requested by baihuapenhp)
|inactive|Cour3tro has 120 seconds left.
|
|t:|1769309348
|teamsize|p1|6
|teamsize|p2|6
|start
|switch|p1a: Great Tusk|Great Tusk|100/100
|switch|p2a: Iron Thorns|Iron Thorns|100/100
|turn|1
|
|t:|1769309360
|-terastallize|p2a: Iron Thorns|Bug
|move|p2a: Iron Thorns|Dragon Dance|p2a: Iron Thorns
|-boost|p2a: Iron Thorns|atk|1
|-boost|p2a: Iron Thorns|spe|1
|move|p1a: Great Tusk|Ice Spinner|p2a: Iron Thorns
|-damage|p2a: Iron Thorns|78/100
|
|upkeep
|turn|2
|
|t:|1769309373
|move|p2a: Iron Thorns|Dragon Dance|p2a: Iron Thorns
|-boost|p2a: Iron Thorns|atk|1
|-boost|p2a: Iron Thorns|spe|1
|move|p1a: Great Tusk|Stealth Rock|p2a: Iron Thorns
|-sidestart|p2: Cour3tro|move: Stealth Rock
|
|upkeep
|turn|3
|
|t:|1769309389
|-end|p1a: Great Tusk|Protosynthesis|[silent]
|switch|p1a: Glimmora|Glimmora, M|100/100
|move|p2a: Iron Thorns|Rock Blast|p1a: Glimmora
|-damage|p1a: Glimmora|69/100
|-activate|p1a: Glimmora|ability: Toxic Debris
|-sidestart|p2: Cour3tro|move: Toxic Spikes
|-damage|p1a: Glimmora|40/100
|-activate|p1a: Glimmora|ability: Toxic Debris
|-sidestart|p2: Cour3tro|move: Toxic Spikes
|-damage|p1a: Glimmora|11/100
|-damage|p1a: Glimmora|0 fnt
|faint|p1a: Glimmora
|-hitcount|p1: Glimmora|4
|
|upkeep
|inactive|baihuapenhp has 120 seconds left.
|
|t:|1769309413
|switch|p1a: Iron Moth|Iron Moth|100/100
|turn|4
|
|t:|1769309418
|-terastallize|p1a: Iron Moth|Flying
|move|p2a: Iron Thorns|Rock Blast|p1a: Iron Moth
|-supereffective|p1a: Iron Moth
|-damage|p1a: Iron Moth|0 fnt
|faint|p1a: Iron Moth
|-end|p1a: Iron Moth|Quark Drive|[silent]
|-hitcount|p1: Iron Moth|1
|
|upkeep
|
|t:|1769309425
|switch|p1a: Ting-Lu|Ting-Lu|100/100
|-ability|p1a: Ting-Lu|Vessel of Ruin
|turn|5
|
|t:|1769309430
|move|p2a: Iron Thorns|Pin Missile|p1a: Ting-Lu
|-supereffective|p1a: Ting-Lu
|-damage|p1a: Ting-Lu|74/100
|-supereffective|p1a: Ting-Lu
|-damage|p1a: Ting-Lu|44/100
|-supereffective|p1a: Ting-Lu
|-damage|p1a: Ting-Lu|15/100
|-supereffective|p1a: Ting-Lu
|-damage|p1a: Ting-Lu|0 fnt
|faint|p1a: Ting-Lu
|-hitcount|p1: Ting-Lu|4
|
|upkeep
|
|t:|1769309449
|switch|p1a: Gholdengo|Gholdengo|100/100
|turn|6
|
|t:|1769309462
|move|p1a: Gholdengo|Trick|p2a: Iron Thorns
|-activate|p1a: Gholdengo|move: Trick|[of] p2a: Iron Thorns
|-item|p2a: Iron Thorns|Choice Scarf|[from] move: Trick
|-item|p1a: Gholdengo|Loaded Dice|[from] move: Trick
|move|p2a: Iron Thorns|Thunder Punch|p1a: Gholdengo
|-damage|p1a: Gholdengo|0 fnt
|faint|p1a: Gholdengo
|
|upkeep
|
|t:|1769309475
|switch|p1a: Great Tusk|Great Tusk|100/100
|turn|7
|
|t:|1769309480
|-end|p2a: Iron Thorns|Quark Drive|[silent]
|switch|p2a: Glimmora|Glimmora, F|100/100
|-damage|p2a: Glimmora|88/100|[from] Stealth Rock
|-sideend|p2: Cour3tro|move: Toxic Spikes|[of] p2a: Glimmora
|move|p1a: Great Tusk|Throat Chop|p2a: Glimmora
|-damage|p2a: Glimmora|54/100
|-start|p2a: Glimmora|Throat Chop|[silent]
|-activate|p2a: Glimmora|ability: Toxic Debris
|-sidestart|p1: baihuapenhp|move: Toxic Spikes
|
|upkeep
|turn|8
|
|t:|1769309489
|move|p2a: Glimmora|Spiky Shield|p2a: Glimmora
|-singleturn|p2a: Glimmora|move: Protect
|move|p1a: Great Tusk|Headlong Rush|p2a: Glimmora
|-activate|p2a: Glimmora|move: Protect
|-damage|p1a: Great Tusk|88/100|[from] Spiky Shield|[of] p2a: Glimmora
|
|-end|p2a: Glimmora|Throat Chop|[silent]
|upkeep
|turn|9
|
|t:|1769309501
|move|p2a: Glimmora|Mortal Spin|p1a: Great Tusk
|-resisted|p1a: Great Tusk
|-damage|p1a: Great Tusk|86/100
|-status|p1a: Great Tusk|psn
|-damage|p2a: Glimmora|37/100|[from] item: Rocky Helmet|[of] p1a: Great Tusk
|-sideend|p2: Cour3tro|Stealth Rock|[from] move: Mortal Spin|[of] p2a: Glimmora
|move|p1a: Great Tusk|Headlong Rush|p2a: Glimmora
|-supereffective|p2a: Glimmora
|-damage|p2a: Glimmora|0 fnt
|-unboost|p1a: Great Tusk|def|1
|-unboost|p1a: Great Tusk|spd|1
|-activate|p2a: Glimmora|ability: Toxic Debris
|-sidestart|p1: baihuapenhp|move: Toxic Spikes
|faint|p2a: Glimmora
|
|-damage|p1a: Great Tusk|74/100 psn|[from] psn
|upkeep
|
|t:|1769309510
|switch|p2a: Toedscruel|Toedscruel, F|100/100
|turn|10
|
|t:|1769309518
|move|p2a: Toedscruel|Giga Drain|p1a: Great Tusk
|-supereffective|p1a: Great Tusk
|-damage|p1a: Great Tusk|0 fnt
|faint|p1a: Great Tusk
|-end|p1a: Great Tusk|Protosynthesis|[silent]
|
|upkeep
|
|t:|1769309521
|switch|p1a: Samurott|Samurott-Hisui, F|100/100
|-status|p1a: Samurott|tox
|turn|11
|
|t:|1769309528
|move|p2a: Toedscruel|Giga Drain|p1a: Samurott
|-supereffective|p1a: Samurott
|-damage|p1a: Samurott|26/100 tox
|move|p1a: Samurott|Ice Beam|p2a: Toedscruel
|-supereffective|p2a: Toedscruel
|-crit|p2a: Toedscruel
|-damage|p2a: Toedscruel|0 fnt
|faint|p2a: Toedscruel
|-damage|p1a: Samurott|16/100 tox|[from] item: Life Orb
|
|-damage|p1a: Samurott|10/100 tox|[from] psn
|upkeep
|
|t:|1769309536
|switch|p2a: Vaporeon|Vaporeon, F|100/100
|turn|12
|
|t:|1769309540
|move|p2a: Vaporeon|Protect|p2a: Vaporeon
|-singleturn|p2a: Vaporeon|Protect
|move|p1a: Samurott|Ceaseless Edge|p2a: Vaporeon
|-activate|p2a: Vaporeon|move: Protect
|
|-damage|p1a: Samurott|0 fnt|[from] psn
|faint|p1a: Samurott
|
|win|Cour3tro
|raw|baihuapenhp's rating: 1131 &rarr; <strong>1105</strong><br />(-26 for losing)
|raw|Cour3tro's rating: 1124 &rarr; <strong>1150</strong><br />(+26 for winning)
|l|☆baihuapenhp
|player|p1|
