|j|☆VL_destroyer
|j|☆Darkress(CR)
|t:|1769299809
|gametype|singles
|player|p1|VL_destroyer|steven|1180
|player|p2|Darkress(CR)|1|1189
|gen|9
|tier|[Gen 9] OU
|rated|
|rule|HP Percentage Mod: HP is shown in percentages
|rule|Endless Battle Clause: Forcing endless battles is banned
|rule|Species Clause: Limit one of each Pokémon
|rule|OHKO Clause: OHKO moves are banned
|rule|Evasion Items Clause: Evasion items are banned
|rule|Evasion Moves Clause: Evasion moves are banned
|rule|Evasion Abilities Clause: Evasion abilities are banned
|rule|Sleep Moves Clause: Sleep-inducing moves are banned
|clearpoke
|poke|p1|Drednaw, F|
|poke|p1|Pelipper, F|
|poke|p1|Indeedee, M|
|poke|p1|Hatterene, F|
|poke|p1|Barraskewda, M|
|poke|p1|Samurott-Hisui, F|
|poke|p2|Iron Treads|
|poke|p2|Slowking-Galar, M|
|poke|p2|Ogerpon-Wellspring, F|
|poke|p2|Hydreigon, F|
|poke|p2|Iron Valiant|
|poke|p2|Skeledirge, F|
|teampreview
|inactive|Battle timer is ON: inactive players will automatically lose when time's up. (requested by Darkress(CR))
|j| rocksockunlocked
|
|t:|1769299828
|teamsize|p1|6
|teamsize|p2|6
|start
|switch|p1a: Pelipper|Pelipper, F|100/100
|switch|p2a: Hydreigon|Hydreigon, F|100/100
|-weather|RainDance|[from] ability: Drizzle|[of] p1a: Pelipper
|turn|1
|
|t:|1769299837
|move|p2a: Hydreigon|U-turn|p1a: Pelipper
|-resisted|p1a: Pelipper
|-damage|p1a: Pelipper|96/100
|
|t:|1769299842
|switch|p2a: Slowking|Slowking-Galar, M|100/100|[from] U-turn
|move|p1a: Pelipper|U-turn|p2a: Slowking
|-damage|p2a: Slowking|92/100
|
|t:|1769299852
|switch|p1a: Samurott|Samurott-Hisui, F|100/100|[from] U-turn
|
|-weather|RainDance|[upkeep]
|-heal|p2a: Slowking|98/100|[from] item: Leftovers
|upkeep
|turn|2
|
|t:|1769299863
|-terastallize|p2a: Slowking|Fairy
|move|p1a: Samurott|Ceaseless Edge|p2a: Slowking
|-resisted|p2a: Slowking
|-damage|p2a: Slowking|74/100
|-sidestart|p2: Darkress(CR)|Spikes
|move|p2a: Slowking|Sludge Bomb|p1a: Samurott
|-damage|p1a: Samurott|47/100
|
|-weather|RainDance|[upkeep]
|-heal|p2a: Slowking|80/100|[from] item: Leftovers
|upkeep
|turn|3
|
|t:|1769299873
|move|p1a: Samurott|Razor Shell|p2a: Slowking
|-damage|p2a: Slowking|6/100
|-unboost|p2a: Slowking|def|1
|move|p2a: Slowking|Sludge Bomb|p1a: Samurott
|-damage|p1a: Samurott|0 fnt
|faint|p1a: Samurott
|
|-weather|RainDance|[upkeep]
|-heal|p2a: Slowking|12/100|[from] item: Leftovers
|upkeep
|
|t:|1769299887
|switch|p1a: Drednaw|Drednaw, F|100/100
|turn|4
|
|t:|1769299892
|switch|p2a: Ogerpon|Ogerpon-Wellspring, F|100/100
|-damage|p2a: Ogerpon|88/100|[from] Spikes
|move|p1a: Drednaw|Shell Smash|p1a: Drednaw
|-unboost|p1a: Drednaw|def|1
|-unboost|p1a: Drednaw|spd|1
|-boost|p1a: Drednaw|atk|2
|-boost|p1a: Drednaw|spa|2
|-boost|p1a: Drednaw|spe|2
|-enditem|p1a: Drednaw|White Herb
|-clearnegativeboost|p1a: Drednaw|[silent]
|
|-weather|RainDance|[upkeep]
|upkeep
|turn|5
|
|t:|1769299902
|-terastallize|p1a: Drednaw|Dark
|move|p1a: Drednaw|Crunch|p2a: Ogerpon
|-damage|p2a: Ogerpon|0 fnt
|faint|p2a: Ogerpon
|
|-weather|RainDance|[upkeep]
|upkeep
|
|t:|1769299911
|switch|p2a: Iron Treads|Iron Treads, shiny|100/100
|turn|6
|
|t:|1769299919
|move|p1a: Drednaw|Liquidation|p2a: Iron Treads
|-supereffective|p2a: Iron Treads
|-damage|p2a: Iron Treads|0 fnt
|faint|p2a: Iron Treads
|-end|p2a: Iron Treads|Quark Drive|[silent]
|
|-weather|RainDance|[upkeep]
|upkeep
|
|t:|1769299926
|switch|p2a: Hydreigon|Hydreigon, F|100/100
|turn|7
|
|t:|1769299944
|move|p1a: Drednaw|Stone Edge|p2a: Hydreigon
|-crit|p2a: Hydreigon
|-damage|p2a: Hydreigon|0 fnt
|faint|p2a: Hydreigon
|
|-weather|RainDance|[upkeep]
|upkeep
|-message|Darkress(CR) forfeited.
|
|win|VL_destroyer
|raw|VL_destroyer's rating: 1180 &rarr; <strong>1206</strong><br />(+26 for winning)
|raw|Darkress(CR)'s rating: 1189 &rarr; <strong>1163</strong><br />(-26 for losing)
|l|☆Darkress(CR)
|player|p2|
|l|☆VL_destroyer
|player|p1|
|l| rocksockunlocked
