|j|☆SussyMeatballer
|j|☆Sloowbroo
|t:|1769366813
|gametype|singles
|player|p1|SussyMeatballer|pokefan-gen4|1369
|player|p2|Sloowbroo|teamrocket|1371
|gen|9
|tier|[Gen 9] OU
|rated|
|rule|HP Percentage Mod: HP is shown in percentages
|rule|Endless Battle Clause: Forcing endless battles is banned
|rule|Species Clause: Limit one of each Pokémon
|rule|OHKO Clause: OHKO moves are banned
|rule|Evasion Items Clause: Evasion items are banned
|rule|Evasion Moves Clause: Evasion moves are banned
|rule|Evasion Abilities Clause: Evasion abilities are banned
|rule|Sleep Moves Clause: Sleep-inducing moves are banned
|clearpoke
|poke|p1|Dragonite, M|
|poke|p1|Clefable, M|
|poke|p1|Blastoise, M|
|poke|p1|Pikachu, F|
|poke|p1|Gengar, F|
|poke|p1|Arcanine, F|
|poke|p2|Slowking-Galar, M|
|poke|p2|Tornadus-Therian, M|
|poke|p2|Cinderace, F|
|poke|p2|Lokix, M|
|poke|p2|Hydrapple, F|
|poke|p2|Great Tusk|
|teampreview
|inactive|Battle timer is ON: inactive players will automatically lose when time's up. (requested by SussyMeatballer)
|
|t:|1769366849
|teamsize|p1|6
|teamsize|p2|6
|start
|switch|p1a: Turtle|Blastoise, M|100/100
|switch|p2a: Tornadus|Tornadus-Therian, M|100/100
|turn|1
|
|t:|1769366855
|move|p2a: Tornadus|Knock Off|p1a: Turtle
|-damage|p1a: Turtle|76/100
|-enditem|p1a: Turtle|White Herb|[from] move: Knock Off|[of] p2a: Tornadus
|move|p1a: Turtle|Shell Smash|p1a: Turtle
|-unboost|p1a: Turtle|def|1
|-unboost|p1a: Turtle|spd|1
|-boost|p1a: Turtle|atk|2
|-boost|p1a: Turtle|spa|2
|-boost|p1a: Turtle|spe|2
|
|upkeep
|turn|2
|
|t:|1769366861
|move|p1a: Turtle|Ice Spinner|p2a: Tornadus
|-supereffective|p2a: Tornadus
|-damage|p2a: Tornadus|0 fnt
|faint|p2a: Tornadus
|
|upkeep
|
|t:|1769366872
|switch|p2a: Lokix|Lokix, M|100/100
|turn|3
|
|t:|1769366878
|switch|p1a: Hero Arc|Arcanine, F|100/100
|move|p2a: Lokix|First Impression|p1a: Hero Arc
|-resisted|p1a: Hero Arc
|-damage|p1a: Hero Arc|13/100
|
|upkeep
|turn|4
|
|t:|1769366886
|switch|p2a: Great Tusk|Great Tusk|100/100
|move|p1a: Hero Arc|Flare Blitz|p2a: Great Tusk
|-damage|p2a: Great Tusk|54/100
|-damage|p1a: Hero Arc|0 fnt|[from] item: Rocky Helmet|[of] p2a: Great Tusk
|faint|p1a: Hero Arc
|
|upkeep
|
|t:|1769366900
|switch|p1a: Wispy Woods|Gengar, F|100/100
|turn|5
|
|t:|1769366905
|move|p1a: Wispy Woods|Shadow Ball|p2a: Great Tusk
|-damage|p2a: Great Tusk|4/100
|move|p2a: Great Tusk|Earthquake|p1a: Wispy Woods
|-supereffective|p1a: Wispy Woods
|-damage|p1a: Wispy Woods|0 fnt
|faint|p1a: Wispy Woods
|
|upkeep
|
|t:|1769366914
|switch|p1a: Star Baby|Clefable, M|100/100
|turn|6
|
|t:|1769366922
|move|p2a: Great Tusk|Stealth Rock|p1a: Star Baby
|-sidestart|p1: SussyMeatballer|move: Stealth Rock
|move|p1a: Star Baby|Stealth Rock|p2a: Great Tusk
|-sidestart|p2: Sloowbroo|move: Stealth Rock
|
|upkeep
|turn|7
|
|t:|1769366929
|move|p2a: Great Tusk|Rapid Spin|p1a: Star Baby
|-damage|p1a: Star Baby|83/100
|-boost|p2a: Great Tusk|spe|1
|-damage|p2a: Great Tusk|0 fnt|[from] item: Rocky Helmet|[of] p1a: Star Baby
|faint|p2a: Great Tusk
|-end|p2a: Great Tusk|Protosynthesis|[silent]
|move|p1a: Star Baby|Knock Off|p2: Great Tusk|[notarget]
|-fail|p1a: Star Baby
|
|upkeep
|
|t:|1769366938
|switch|p2a: Slowking|Slowking-Galar, M|100/100
|-damage|p2a: Slowking|88/100|[from] Stealth Rock
|turn|8
|
|t:|1769366947
|move|p1a: Star Baby|Knock Off|p2a: Slowking
|-supereffective|p2a: Slowking
|-enditem|p2a: Slowking|Colbur Berry|[eat]
|-enditem|p2a: Slowking|Colbur Berry|[weaken]
|-damage|p2a: Slowking|76/100
|move|p2a: Slowking|Sludge Bomb|p1a: Star Baby
|-supereffective|p1a: Star Baby
|-crit|p1a: Star Baby
|-damage|p1a: Star Baby|10/100
|
|upkeep
|turn|9
|
|t:|1769366961
|move|p1a: Star Baby|Thunder Wave|p2a: Slowking
|-status|p2a: Slowking|par
|cant|p2a: Slowking|par
|
|upkeep
|turn|10
|
|t:|1769366967
|move|p1a: Star Baby|Knock Off|p2a: Slowking
|-supereffective|p2a: Slowking
|-damage|p2a: Slowking|59/100 par
|move|p2a: Slowking|Psychic Noise|p1a: Star Baby
|-damage|p1a: Star Baby|0 fnt
|faint|p1a: Star Baby
|
|upkeep
|
|t:|1769366974
|switch|p1a: Gotta Have It|Pikachu, F|100/100
|-damage|p1a: Gotta Have It|88/100|[from] Stealth Rock
|turn|11
|
|t:|1769366979
|move|p1a: Gotta Have It|Fake Out|p2a: Slowking
|-crit|p2a: Slowking
|-damage|p2a: Slowking|40/100 par
|cant|p2a: Slowking|flinch
|
|upkeep
|turn|12
|
|t:|1769366987
|switch|p2a: Cinderace|Cinderace, F|100/100
|move|p1a: Gotta Have It|Volt Tackle|p2a: Cinderace
|-damage|p2a: Cinderace|11/100
|-damage|p1a: Gotta Have It|38/100|[from] Recoil
|
|upkeep
|turn|13
|
|t:|1769366998
|move|p2a: Cinderace|U-turn|p1a: Gotta Have It
|-damage|p1a: Gotta Have It|0 fnt
|faint|p1a: Gotta Have It
|
|t:|1769367002
|switch|p2a: Slowking|Slowking-Galar, M|74/100 par|[from] U-turn
|-damage|p2a: Slowking|61/100 par|[from] Stealth Rock
|
|upkeep
|
|t:|1769367007
|switch|p1a: Turtle|Blastoise, M|76/100
|-damage|p1a: Turtle|64/100|[from] Stealth Rock
|turn|14
|
|t:|1769367012
|move|p1a: Turtle|Rapid Spin|p2a: Slowking
|-damage|p2a: Slowking|51/100 par
|-boost|p1a: Turtle|spe|1
|-sideend|p1: SussyMeatballer|Stealth Rock|[from] move: Rapid Spin|[of] p1a: Turtle
|-prepare|p2a: Slowking|Chilly Reception|[premajor]
|move|p2a: Slowking|Chilly Reception|p2a: Slowking
|-weather|Snowscape
|
|t:|1769367034
|switch|p2a: Lokix|Lokix, M|100/100|[from] Chilly Reception
|-damage|p2a: Lokix|76/100|[from] Stealth Rock
|
|-weather|Snowscape|[upkeep]
|upkeep
|turn|15
|
|t:|1769367045
|-terastallize|p2a: Lokix|Bug
|move|p2a: Lokix|First Impression|p1a: Turtle
|-damage|p1a: Turtle|0 fnt
|faint|p1a: Turtle
|
|-weather|Snowscape|[upkeep]
|upkeep
|
|t:|1769367054
|switch|p1a: Dragoon|Dragonite, M|100/100
|turn|16
|
|t:|1769367069
|switch|p2a: Slowking|Slowking-Galar, M|85/100 par
|-damage|p2a: Slowking|72/100 par|[from] Stealth Rock
|move|p1a: Dragoon|Outrage|p2a: Slowking
|-damage|p2a: Slowking|0 fnt
|faint|p2a: Slowking
|
|-weather|Snowscape|[upkeep]
|upkeep
|
|t:|1769367085
|switch|p2a: Cinderace|Cinderace, F|11/100
|turn|17
|
|t:|1769367090
|move|p2a: Cinderace|Will-O-Wisp|p1a: Dragoon
|-status|p1a: Dragoon|brn
|move|p1a: Dragoon|Outrage|p2a: Cinderace|[from] lockedmove
|-damage|p2a: Cinderace|0 fnt
|faint|p2a: Cinderace
|-start|p1a: Dragoon|confusion|[fatigue]
|
|-weather|Snowscape|[upkeep]
|-damage|p1a: Dragoon|94/100 brn|[from] brn
|upkeep
|
|t:|1769367100
|switch|p2a: Lokix|Lokix, M, tera:Bug|76/100
|-damage|p2a: Lokix|51/100|[from] Stealth Rock
|turn|18
|
|t:|1769367107
|move|p2a: Lokix|First Impression|p1a: Dragoon
|-resisted|p1a: Dragoon
|-damage|p1a: Dragoon|0 fnt
|faint|p1a: Dragoon
|
|win|Sloowbroo
|raw|SussyMeatballer's rating: 1369 &rarr; <strong>1349</strong><br />(-20 for losing)
|raw|Sloowbroo's rating: 1371 &rarr; <strong>1391</strong><br />(+20 for winning)
|c|☆SussyMeatballer|gg
|l|☆SussyMeatballer
|player|p1|
|c|☆Sloowbroo|ggs
|l|☆Sloowbroo
|player|p2|
