|j|☆kindetsu
|j|☆johnjensen1995
|t:|1769412515
|gametype|singles
|player|p1|kindetsu|lance-masters2|1238
|player|p2|johnjensen1995|102|1205
|gen|9
|tier|[Gen 9] OU
|rated|
|rule|HP Percentage Mod: HP is shown in percentages
|rule|Endless Battle Clause: Forcing endless battles is banned
|rule|Species Clause: Limit one of each Pokémon
|rule|OHKO Clause: OHKO moves are banned
|rule|Evasion Items Clause: Evasion items are banned
|rule|Evasion Moves Clause: Evasion moves are banned
|rule|Evasion Abilities Clause: Evasion abilities are banned
|rule|Sleep Moves Clause: Sleep-inducing moves are banned
|clearpoke
|poke|p1|Regidrago|
|poke|p1|Iron Crown|
|poke|p1|Volcanion|
|poke|p1|Torkoal, F|
|poke|p1|Iron Valiant|
|poke|p1|Enamorus-Therian, F|
|poke|p2|Enamorus, F|
|poke|p2|Ogerpon-Wellspring, F|
|poke|p2|Iron Crown|
|poke|p2|Iron Hands|
|poke|p2|Glimmora, M|
|poke|p2|Ursaluna, M|
|teampreview
|inactive|Battle timer is ON: inactive players will automatically lose when time's up. (requested by johnjensen1995)
|
|t:|1769412530
|teamsize|p1|6
|teamsize|p2|6
|start
|switch|p1a: Armin Schwitz|Iron Crown|100/100
|switch|p2a: Ursaluna|Ursaluna, M, shiny|100/100
|turn|1
|
|t:|1769412542
|-end|p1a: Armin Schwitz|Quark Drive|[silent]
|switch|p1a: Poppuh|Enamorus-Therian, F|100/100
|move|p2a: Ursaluna|Headlong Rush|p1a: Poppuh
|-immune|p1a: Poppuh
|
|upkeep
|turn|2
|
|t:|1769412548
|move|p2a: Ursaluna|Bulk Up|p2a: Ursaluna
|-boost|p2a: Ursaluna|atk|1
|-boost|p2a: Ursaluna|def|1
|move|p1a: Poppuh|Moonblast|p2a: Ursaluna
|-damage|p2a: Ursaluna|71/100
|
|-heal|p2a: Ursaluna|77/100|[from] item: Leftovers
|upkeep
|turn|3
|
|t:|1769412555
|move|p2a: Ursaluna|Body Slam|p1a: Poppuh
|-damage|p1a: Poppuh|56/100
|-status|p1a: Poppuh|par
|-damage|p2a: Ursaluna|61/100|[from] item: Rocky Helmet|[of] p1a: Poppuh
|move|p1a: Poppuh|Moonblast|p2a: Ursaluna
|-damage|p2a: Ursaluna|32/100
|
|-heal|p2a: Ursaluna|38/100|[from] item: Leftovers
|upkeep
|turn|4
|
|t:|1769412570
|switch|p2a: Glimmora|Glimmora, M, shiny|100/100
|switch|p1a: Armin Schwitz|Iron Crown|100/100
|
|upkeep
|turn|5
|
|t:|1769412574
|move|p1a: Armin Schwitz|Tachyon Cutter|p2a: Glimmora
|-supereffective|p2a: Glimmora
|-damage|p2a: Glimmora|57/100
|-supereffective|p2a: Glimmora
|-damage|p2a: Glimmora|9/100
|-hitcount|p2a: Glimmora|2
|-enditem|p2a: Glimmora|Red Card|[of] p1a: Armin Schwitz
|-end|p1a: Armin Schwitz|Quark Drive|[silent]
|drag|p1a: Big Draco|Regidrago|100/100
|move|p2a: Glimmora|Stealth Rock|p1a: Big Draco
|-sidestart|p1: kindetsu|move: Stealth Rock
|
|upkeep
|turn|6
|inactive|kindetsu has 120 seconds left.
|
|t:|1769412604
|move|p1a: Big Draco|Dragon Energy|p2a: Glimmora
|-damage|p2a: Glimmora|0 fnt
|faint|p2a: Glimmora
|
|upkeep
|
|t:|1769412607
|switch|p2a: Enamorus|Enamorus, F, shiny|100/100
|turn|7
|
|t:|1769412618
|switch|p1a: Furnace 2K|Torkoal, F|100/100
|-weather|SunnyDay|[from] ability: Drought|[of] p1a: Furnace 2K
|move|p2a: Enamorus|Mystical Fire|p1a: Furnace 2K
|-resisted|p1a: Furnace 2K
|-damage|p1a: Furnace 2K|69/100
|-unboost|p1a: Furnace 2K|spa|1
|
|-weather|SunnyDay|[upkeep]
|upkeep
|turn|8
|
|t:|1769412626
|move|p2a: Enamorus|Mystical Fire|p1a: Furnace 2K
|-resisted|p1a: Furnace 2K
|-damage|p1a: Furnace 2K|38/100
|-unboost|p1a: Furnace 2K|spa|1
|move|p1a: Furnace 2K|Rapid Spin|p2a: Enamorus
|-damage|p2a: Enamorus|86/100
|-boost|p1a: Furnace 2K|spe|1
|-sideend|p1: kindetsu|Stealth Rock|[from] move: Rapid Spin|[of] p1a: Furnace 2K
|
|-weather|SunnyDay|[upkeep]
|upkeep
|turn|9
|
|t:|1769412644
|switch|p1a: ATOMIC Pixie|Iron Valiant|100/100
|move|p2a: Enamorus|Mystical Fire|p1a: ATOMIC Pixie
|-damage|p1a: ATOMIC Pixie|23/100
|-unboost|p1a: ATOMIC Pixie|spa|1
|
|-weather|SunnyDay|[upkeep]
|upkeep
|turn|10
|
|t:|1769412650
|move|p2a: Enamorus|Mystical Fire|p1a: ATOMIC Pixie
|-damage|p1a: ATOMIC Pixie|0 fnt
|faint|p1a: ATOMIC Pixie
|-end|p1a: ATOMIC Pixie|Quark Drive|[silent]
|
|-weather|SunnyDay|[upkeep]
|upkeep
|
|t:|1769412662
|switch|p1a: Larger Than Life|Volcanion|100/100
|turn|11
|
|t:|1769412667
|move|p2a: Enamorus|Mystical Fire|p1a: Larger Than Life
|-resisted|p1a: Larger Than Life
|-damage|p1a: Larger Than Life|90/100
|-unboost|p1a: Larger Than Life|spa|1
|move|p1a: Larger Than Life|Flamethrower|p2a: Enamorus
|-damage|p2a: Enamorus|20/100
|-status|p2a: Enamorus|brn
|
|-weather|none
|-damage|p2a: Enamorus|14/100 brn|[from] brn
|upkeep
|turn|12
|
|t:|1769412677
|switch|p2a: Ursaluna|Ursaluna, M, shiny|38/100
|move|p1a: Larger Than Life|Steam Eruption|p2a: Ursaluna
|-supereffective|p2a: Ursaluna
|-damage|p2a: Ursaluna|0 fnt
|faint|p2a: Ursaluna
|
|upkeep
|
|t:|1769412683
|switch|p2a: Iron Hands|Iron Hands, shiny|100/100
|-enditem|p2a: Iron Hands|Booster Energy
|-activate|p2a: Iron Hands|ability: Quark Drive|[fromitem]
|-start|p2a: Iron Hands|quarkdriveatk
|turn|13
|
|t:|1769412689
|move|p1a: Larger Than Life|Will-O-Wisp|p2a: Iron Hands
|-status|p2a: Iron Hands|brn
|move|p2a: Iron Hands|Wild Charge|p1a: Larger Than Life
|-supereffective|p1a: Larger Than Life
|-damage|p1a: Larger Than Life|32/100
|-damage|p2a: Iron Hands|90/100 brn|[from] Recoil
|
|-damage|p2a: Iron Hands|84/100 brn|[from] brn
|upkeep
|turn|14
|
|t:|1769412698
|switch|p1a: Armin Schwitz|Iron Crown|100/100
|move|p2a: Iron Hands|Wild Charge|p1a: Armin Schwitz
|-damage|p1a: Armin Schwitz|69/100
|-damage|p2a: Iron Hands|78/100 brn|[from] Recoil
|
|-heal|p1a: Armin Schwitz|75/100|[from] item: Leftovers
|-damage|p2a: Iron Hands|72/100 brn|[from] brn
|upkeep
|turn|15
|
|t:|1769412702
|-end|p2a: Iron Hands|Quark Drive|[silent]
|switch|p2a: Iron Crown|Iron Crown|100/100
|move|p1a: Armin Schwitz|Psychic|p2a: Iron Crown
|-resisted|p2a: Iron Crown
|-damage|p2a: Iron Crown|88/100
|
|-heal|p1a: Armin Schwitz|82/100|[from] item: Leftovers
|upkeep
|turn|16
|
|t:|1769412713
|move|p2a: Iron Crown|Tachyon Cutter|p1a: Armin Schwitz
|-resisted|p1a: Armin Schwitz
|-damage|p1a: Armin Schwitz|66/100
|-resisted|p1a: Armin Schwitz
|-damage|p1a: Armin Schwitz|51/100
|-hitcount|p1a: Armin Schwitz|2
|move|p1a: Armin Schwitz|Tachyon Cutter|p2a: Iron Crown
|-resisted|p2a: Iron Crown
|-damage|p2a: Iron Crown|75/100
|-resisted|p2a: Iron Crown
|-damage|p2a: Iron Crown|63/100
|-hitcount|p2a: Iron Crown|2
|
|-heal|p1a: Armin Schwitz|57/100|[from] item: Leftovers
|upkeep
|turn|17
|
|t:|1769412731
|-end|p1a: Armin Schwitz|Quark Drive|[silent]
|switch|p1a: Furnace 2K|Torkoal, F|38/100
|-weather|SunnyDay|[from] ability: Drought|[of] p1a: Furnace 2K
|move|p2a: Iron Crown|Tachyon Cutter|p1a: Furnace 2K
|-resisted|p1a: Furnace 2K
|-damage|p1a: Furnace 2K|14/100
|-resisted|p1a: Furnace 2K
|-damage|p1a: Furnace 2K|0 fnt
|faint|p1a: Furnace 2K
|-hitcount|p1: Furnace 2K|2
|
|-weather|SunnyDay|[upkeep]
|upkeep
|
|t:|1769412735
|switch|p1a: Larger Than Life|Volcanion|32/100
|turn|18
|
|t:|1769412739
|move|p2a: Iron Crown|Tachyon Cutter|p1a: Larger Than Life
|-resisted|p1a: Larger Than Life
|-damage|p1a: Larger Than Life|24/100
|-resisted|p1a: Larger Than Life
|-damage|p1a: Larger Than Life|15/100
|-hitcount|p1a: Larger Than Life|2
|move|p1a: Larger Than Life|Flamethrower|p2a: Iron Crown
|-supereffective|p2a: Iron Crown
|-damage|p2a: Iron Crown|0 fnt
|faint|p2a: Iron Crown
|-end|p2a: Iron Crown|Quark Drive|[silent]
|
|-weather|SunnyDay|[upkeep]
|upkeep
|
|t:|1769412749
|switch|p2a: Enamorus|Enamorus, F, shiny|14/100 brn
|turn|19
|
|t:|1769412755
|move|p2a: Enamorus|Healing Wish|p2a: Enamorus
|faint|p2a: Enamorus
|move|p1a: Larger Than Life|Flamethrower|p2: Enamorus|[notarget]
|-fail|p1a: Larger Than Life
|
|-weather|SunnyDay|[upkeep]
|upkeep
|
|t:|1769412762
|switch|p2a: Iron Hands|Iron Hands, shiny|72/100 brn
|-heal|p2a: Iron Hands|100/100|[from] move: Healing Wish
|turn|20
|
|t:|1769412768
|-terastallize|p2a: Iron Hands|Fire
|move|p1a: Larger Than Life|Flamethrower|p2a: Iron Hands
|-resisted|p2a: Iron Hands
|-damage|p2a: Iron Hands|66/100
|move|p2a: Iron Hands|Swords Dance|p2a: Iron Hands
|-boost|p2a: Iron Hands|atk|2
|
|-weather|SunnyDay|[upkeep]
|upkeep
|turn|21
|
|t:|1769412773
|move|p1a: Larger Than Life|Steam Eruption|p2a: Iron Hands
|-supereffective|p2a: Iron Hands
|-damage|p2a: Iron Hands|16/100
|move|p2a: Iron Hands|Drain Punch|p1a: Larger Than Life
|-damage|p1a: Larger Than Life|0 fnt
|-heal|p2a: Iron Hands|21/100|[from] drain|[of] p1a: Larger Than Life
|faint|p1a: Larger Than Life
|
|-weather|none
|upkeep
|
|t:|1769412777
|switch|p1a: Big Draco|Regidrago|100/100
|turn|22
|
|t:|1769412781
|move|p1a: Big Draco|Dragon Energy|p2a: Iron Hands
|-damage|p2a: Iron Hands|0 fnt
|faint|p2a: Iron Hands
|-end|p2a: Iron Hands|Quark Drive|[silent]
|
|upkeep
|
|t:|1769412785
|switch|p2a: Ogerpon|Ogerpon-Wellspring, F|100/100
|turn|23
|
|t:|1769412788
|move|p1a: Big Draco|Dragon Energy|p2a: Ogerpon
|-damage|p2a: Ogerpon|0 fnt
|faint|p2a: Ogerpon
|
|win|kindetsu
|raw|kindetsu's rating: 1238 &rarr; <strong>1261</strong><br />(+23 for winning)
|raw|johnjensen1995's rating: 1205 &rarr; <strong>1182</strong><br />(-23 for losing)
|l|☆johnjensen1995
|player|p2|
|l|☆kindetsu
|player|p1|
