|j|☆Chessmaster 2000
|j|☆NunnallysTears
|t:|1769378066
|gametype|singles
|player|p1|Chessmaster 2000|265|1391
|player|p2|NunnallysTears|2|1459
|gen|9
|tier|[Gen 9] OU
|rated|
|rule|HP Percentage Mod: HP is shown in percentages
|rule|Endless Battle Clause: Forcing endless battles is banned
|rule|Species Clause: Limit one of each Pokémon
|rule|OHKO Clause: OHKO moves are banned
|rule|Evasion Items Clause: Evasion items are banned
|rule|Evasion Moves Clause: Evasion moves are banned
|rule|Evasion Abilities Clause: Evasion abilities are banned
|rule|Sleep Moves Clause: Sleep-inducing moves are banned
|clearpoke
|poke|p1|Entei|
|poke|p1|Kingambit, M|
|poke|p1|Great Tusk|
|poke|p1|Ogerpon-Wellspring, F|
|poke|p1|Raging Bolt|
|poke|p1|Darkrai|
|poke|p2|Snorlax, M|
|poke|p2|Tornadus-Therian, M|
|poke|p2|Ogerpon, F|
|poke|p2|Great Tusk|
|poke|p2|Alomomola, M|
|poke|p2|Darkrai|
|teampreview
|inactive|Battle timer is ON: inactive players will automatically lose when time's up. (requested by Chessmaster 2000)
|
|t:|1769378074
|teamsize|p1|6
|teamsize|p2|6
|start
|switch|p1a: Entei|Entei|100/100
|switch|p2a: Tornadus|Tornadus-Therian, M|100/100
|turn|1
|
|t:|1769378082
|move|p2a: Tornadus|Knock Off|p1a: Entei
|-damage|p1a: Entei|78/100
|-enditem|p1a: Entei|Mirror Herb|[from] move: Knock Off|[of] p2a: Tornadus
|move|p1a: Entei|Swagger|p2a: Tornadus
|-boost|p2a: Tornadus|atk|2
|-start|p2a: Tornadus|confusion
|
|upkeep
|turn|2
|
|t:|1769378095
|switch|p2a: Time To Relax|Snorlax, M, shiny|100/100
|move|p1a: Entei|Sacred Fire|p2a: Time To Relax
|-damage|p2a: Time To Relax|79/100
|
|-heal|p2a: Time To Relax|85/100|[from] item: Leftovers
|upkeep
|turn|3
|
|t:|1769378098
|move|p1a: Entei|Sacred Fire|p2a: Time To Relax
|-damage|p2a: Time To Relax|65/100
|-status|p2a: Time To Relax|brn
|move|p2a: Time To Relax|Block|p1a: Entei
|-activate|p1a: Entei|trapped
|
|-heal|p2a: Time To Relax|71/100 brn|[from] item: Leftovers
|-damage|p2a: Time To Relax|65/100 brn|[from] brn
|upkeep
|turn|4
|
|t:|1769378109
|move|p1a: Entei|Sacred Fire|p2a: Time To Relax
|-damage|p2a: Time To Relax|42/100 brn
|move|p2a: Time To Relax|Curse|p2a: Time To Relax
|-unboost|p2a: Time To Relax|spe|1
|-boost|p2a: Time To Relax|atk|1
|-boost|p2a: Time To Relax|def|1
|
|-heal|p2a: Time To Relax|49/100 brn|[from] item: Leftovers
|-damage|p2a: Time To Relax|42/100 brn|[from] brn
|upkeep
|turn|5
|
|t:|1769378118
|move|p1a: Entei|Swagger|p2a: Time To Relax
|-boost|p2a: Time To Relax|atk|2
|-start|p2a: Time To Relax|confusion
|-activate|p2a: Time To Relax|confusion
|move|p2a: Time To Relax|Rest|p2a: Time To Relax
|-status|p2a: Time To Relax|slp|[from] move: Rest
|-heal|p2a: Time To Relax|100/100 slp|[silent]
|
|upkeep
|turn|6
|-message|Chessmaster 2000 forfeited.
|
|win|NunnallysTears
|raw|Chessmaster 2000's rating: 1391 &rarr; <strong>1375</strong><br />(-16 for losing)
|raw|NunnallysTears's rating: 1459 &rarr; <strong>1475</strong><br />(+16 for winning)
|l|☆Chessmaster 2000
|player|p1|
|l|☆NunnallysTears
|player|p2|
