|j|☆Oliotus
|j|☆PokeBlaze17
|t:|1769412215
|gametype|singles
|player|p1|Oliotus|101|1219
|player|p2|PokeBlaze17|cheren-gen5bw2|1242
|gen|9
|tier|[Gen 9] OU
|rated|
|rule|HP Percentage Mod: HP is shown in percentages
|rule|Endless Battle Clause: Forcing endless battles is banned
|rule|Species Clause: Limit one of each Pokémon
|rule|OHKO Clause: OHKO moves are banned
|rule|Evasion Items Clause: Evasion items are banned
|rule|Evasion Moves Clause: Evasion moves are banned
|rule|Evasion Abilities Clause: Evasion abilities are banned
|rule|Sleep Moves Clause: Sleep-inducing moves are banned
|clearpoke
|poke|p1|Exeggutor, F|
|poke|p1|Gholdengo|
|poke|p1|Blissey, F|
|poke|p1|Glimmora, M|
|poke|p1|Slither Wing|
|poke|p1|Darkrai|
|poke|p2|Decidueye-Hisui, F|
|poke|p2|Kommo-o, F|
|poke|p2|Inteleon, M|
|poke|p2|Zapdos|
|poke|p2|Klefki, M|
|poke|p2|Kleavor, F|
|teampreview
|inactive|Battle timer is ON: inactive players will automatically lose when time's up. (requested by PokeBlaze17)
|inactive|Oliotus has 120 seconds left.
|
|t:|1769412259
|teamsize|p1|6
|teamsize|p2|6
|start
|switch|p1a: Darkrai|Darkrai, shiny|100/100
|switch|p2a: Kleavor|Kleavor, F, shiny|100/100
|turn|1
|
|t:|1769412266
|move|p1a: Darkrai|Ice Beam|p2a: Kleavor
|-damage|p2a: Kleavor|51/100
|move|p2a: Kleavor|Tailwind|p2a: Kleavor
|-sidestart|p2: PokeBlaze17|move: Tailwind
|
|upkeep
|turn|2
|
|t:|1769412272
|move|p2a: Kleavor|Stone Axe|p1a: Darkrai
|-damage|p1a: Darkrai|27/100
|-sidestart|p1: Oliotus|move: Stealth Rock
|move|p1a: Darkrai|Ice Beam|p2a: Kleavor
|-damage|p2a: Kleavor|2/100
|
|upkeep
|turn|3
|
|t:|1769412285
|move|p2a: Kleavor|X-Scissor|p1a: Darkrai
|-supereffective|p1a: Darkrai
|-damage|p1a: Darkrai|0 fnt
|faint|p1a: Darkrai
|
|upkeep
|
|t:|1769412290
|switch|p1a: Slither Wing|Slither Wing, shiny|100/100
|turn|4
|
|t:|1769412294
|move|p2a: Kleavor|Stone Axe|p1a: Slither Wing
|-damage|p1a: Slither Wing|56/100
|move|p1a: Slither Wing|U-turn|p2a: Kleavor
|-damage|p2a: Kleavor|0 fnt
|faint|p2a: Kleavor
|
|t:|1769412310
|-end|p1a: Slither Wing|Protosynthesis|[silent]
|switch|p1a: Glimmora|Glimmora, M, shiny|100/100|[from] U-turn
|-damage|p1a: Glimmora|88/100|[from] Stealth Rock
|
|-sideend|p2: PokeBlaze17|move: Tailwind
|upkeep
|
|t:|1769412319
|switch|p2a: Inteleon|Inteleon, M|100/100
|turn|5
|
|t:|1769412327
|move|p1a: Glimmora|Toxic Spikes|p2a: Inteleon
|-sidestart|p2: PokeBlaze17|move: Toxic Spikes
|move|p2a: Inteleon|Snipe Shot|p1a: Glimmora
|-supereffective|p1a: Glimmora
|-damage|p1a: Glimmora|0 fnt
|faint|p1a: Glimmora
|
|upkeep
|
|t:|1769412334
|switch|p1a: Exeggutor|Exeggutor, F, shiny|100/100
|-damage|p1a: Exeggutor|88/100|[from] Stealth Rock
|turn|6
|
|t:|1769412352
|-terastallize|p2a: Inteleon|Flying
|move|p2a: Inteleon|Air Cutter|p1a: Exeggutor
|-supereffective|p1a: Exeggutor
|-damage|p1a: Exeggutor|8/100
|-enditem|p1a: Exeggutor|Starf Berry|[eat]
|-boost|p1a: Exeggutor|def|2|[from] item: Starf Berry
|move|p1a: Exeggutor|Substitute|p1a: Exeggutor
|-fail|p1a: Exeggutor|move: Substitute|[weak]
|
|upkeep
|turn|7
|-message|Oliotus forfeited.
|
|win|PokeBlaze17
|raw|Oliotus's rating: 1219 &rarr; <strong>1196</strong><br />(-23 for losing)
|raw|PokeBlaze17's rating: 1242 &rarr; <strong>1265</strong><br />(+23 for winning)
|l|☆Oliotus
|player|p1|
|l|☆PokeBlaze17
|player|p2|
