|j|☆faepaula
|j|☆DailyDrip
|t:|1769297772
|gametype|singles
|player|p1|faepaula|lady-gen4|1111
|player|p2|DailyDrip|sabrina|1127
|gen|9
|tier|[Gen 9] OU
|rated|
|rule|HP Percentage Mod: HP is shown in percentages
|rule|Endless Battle Clause: Forcing endless battles is banned
|rule|Species Clause: Limit one of each Pokémon
|rule|OHKO Clause: OHKO moves are banned
|rule|Evasion Items Clause: Evasion items are banned
|rule|Evasion Moves Clause: Evasion moves are banned
|rule|Evasion Abilities Clause: Evasion abilities are banned
|rule|Sleep Moves Clause: Sleep-inducing moves are banned
|clearpoke
|poke|p1|Gholdengo|
|poke|p1|Great Tusk|
|poke|p1|Primarina, M|
|poke|p1|Amoonguss, F|
|poke|p1|Dragonite, F|
|poke|p1|Cinderace, F|
|poke|p2|Exeggutor, F|
|poke|p2|Gholdengo|
|poke|p2|Blissey, F|
|poke|p2|Glimmora, M|
|poke|p2|Slither Wing|
|poke|p2|Darkrai|
|teampreview
|inactive|Battle timer is ON: inactive players will automatically lose when time's up. (requested by DailyDrip)
|inactive|DailyDrip has 120 seconds left.
|
|t:|1769297803
|teamsize|p1|6
|teamsize|p2|6
|start
|switch|p1a: Great Tusk|Great Tusk|100/100
|switch|p2a: Slither Wing|Slither Wing|100/100
|turn|1
|
|t:|1769297810
|move|p1a: Great Tusk|Stealth Rock|p2a: Slither Wing
|-sidestart|p2: DailyDrip|move: Stealth Rock
|move|p2a: Slither Wing|Will-O-Wisp|p1a: Great Tusk
|-status|p1a: Great Tusk|brn
|
|-damage|p1a: Great Tusk|94/100 brn|[from] brn
|upkeep
|turn|2
|
|t:|1769297825
|-end|p2a: Slither Wing|Protosynthesis|[silent]
|switch|p2a: Glimmora|Glimmora, M|100/100
|-damage|p2a: Glimmora|88/100|[from] Stealth Rock
|move|p1a: Great Tusk|Rock Slide|p2a: Glimmora
|-damage|p2a: Glimmora|73/100
|-activate|p2a: Glimmora|ability: Toxic Debris
|-sidestart|p1: faepaula|move: Toxic Spikes
|
|-damage|p1a: Great Tusk|88/100 brn|[from] brn
|upkeep
|turn|3
|
|t:|1769297838
|move|p2a: Glimmora|Mortal Spin|p1a: Great Tusk
|-resisted|p1a: Great Tusk
|-damage|p1a: Great Tusk|86/100 brn
|-damage|p2a: Glimmora|56/100|[from] item: Rocky Helmet|[of] p1a: Great Tusk
|-sideend|p2: DailyDrip|Stealth Rock|[from] move: Mortal Spin|[of] p2a: Glimmora
|move|p1a: Great Tusk|Earthquake|p2a: Glimmora
|-supereffective|p2a: Glimmora
|-damage|p2a: Glimmora|0 fnt
|-activate|p2a: Glimmora|ability: Toxic Debris
|-sidestart|p1: faepaula|move: Toxic Spikes
|faint|p2a: Glimmora
|
|-damage|p1a: Great Tusk|79/100 brn|[from] brn
|upkeep
|
|t:|1769297853
|switch|p2a: Darkrai|Darkrai|100/100
|turn|4
|
|t:|1769297863
|-end|p1a: Great Tusk|Protosynthesis|[silent]
|switch|p1a: Cinderace|Cinderace, F|100/100
|-status|p1a: Cinderace|tox
|move|p2a: Darkrai|Ice Beam|p1a: Cinderace
|-resisted|p1a: Cinderace
|-damage|p1a: Cinderace|77/100 tox
|
|-damage|p1a: Cinderace|71/100 tox|[from] psn
|upkeep
|turn|5
|inactive|DailyDrip has 120 seconds left.
|
|t:|1769297910
|-terastallize|p2a: Darkrai|Poison
|move|p2a: Darkrai|Focus Blast|p1a: Cinderace
|-damage|p1a: Cinderace|9/100 tox
|move|p1a: Cinderace|U-turn|p2a: Darkrai
|-resisted|p2a: Darkrai
|-damage|p2a: Darkrai|87/100
|
|t:|1769297922
|switch|p1a: Amoonguss|Amoonguss, F|100/100|[from] U-turn
|-sideend|p1: faepaula|move: Toxic Spikes|[of] p1a: Amoonguss
|
|upkeep
|turn|6
|
|t:|1769297933
|switch|p2a: Exeggutor|Exeggutor, F|100/100
|move|p1a: Amoonguss|Toxic|p2a: Exeggutor
|-status|p2a: Exeggutor|tox
|
|-damage|p2a: Exeggutor|94/100 tox|[from] psn
|upkeep
|turn|7
|
|t:|1769297949
|move|p2a: Exeggutor|Substitute|p2a: Exeggutor
|-start|p2a: Exeggutor|Substitute
|-damage|p2a: Exeggutor|69/100 tox
|move|p1a: Amoonguss|Substitute|p1a: Amoonguss
|-start|p1a: Amoonguss|Substitute
|-damage|p1a: Amoonguss|76/100
|
|-heal|p1a: Amoonguss|82/100|[from] item: Leftovers
|-damage|p2a: Exeggutor|57/100 tox|[from] psn
|upkeep
|turn|8
|
|t:|1769297965
|move|p2a: Exeggutor|Substitute|p2a: Exeggutor
|-fail|p2a: Exeggutor|move: Substitute
|move|p1a: Amoonguss|Substitute|p1a: Amoonguss
|-fail|p1a: Amoonguss|move: Substitute
|
|-heal|p1a: Amoonguss|88/100|[from] item: Leftovers
|-damage|p2a: Exeggutor|39/100 tox|[from] psn
|upkeep
|turn|9
|
|t:|1769297980
|move|p2a: Exeggutor|Substitute|p2a: Exeggutor
|-fail|p2a: Exeggutor|move: Substitute
|move|p1a: Amoonguss|Pollen Puff|p2a: Exeggutor
|-supereffective|p2a: Exeggutor
|-end|p2a: Exeggutor|Substitute
|
|-heal|p1a: Amoonguss|94/100|[from] item: Leftovers
|-damage|p2a: Exeggutor|14/100 tox|[from] psn
|upkeep
|-enditem|p2a: Exeggutor|Starf Berry|[eat]
|-boost|p2a: Exeggutor|spd|2|[from] item: Starf Berry
|turn|10
|
|t:|1769297995
|move|p2a: Exeggutor|Synthesis|p2a: Exeggutor
|-heal|p2a: Exeggutor|64/100 tox
|move|p1a: Amoonguss|Pollen Puff|p2a: Exeggutor
|-supereffective|p2a: Exeggutor
|-damage|p2a: Exeggutor|22/100 tox
|
|-heal|p1a: Amoonguss|99/100|[from] item: Leftovers
|-damage|p2a: Exeggutor|0 fnt|[from] psn
|faint|p2a: Exeggutor
|upkeep
|
|t:|1769298011
|switch|p2a: Blissey|Blissey, F|100/100
|turn|11
|
|t:|1769298016
|move|p2a: Blissey|Trick||[still]
|-fail|p2a: Blissey
|move|p1a: Amoonguss|Toxic|p2a: Blissey
|-status|p2a: Blissey|tox
|
|-heal|p1a: Amoonguss|100/100|[from] item: Leftovers
|-damage|p2a: Blissey|94/100 tox|[from] psn
|upkeep
|turn|12
|
|t:|1769298027
|switch|p2a: Gholdengo|Gholdengo|100/100
|move|p1a: Amoonguss|Pollen Puff|p2a: Gholdengo
|-resisted|p2a: Gholdengo
|-damage|p2a: Gholdengo|97/100
|
|upkeep
|turn|13
|inactive|DailyDrip has 120 seconds left.
|
|t:|1769298036
|move|p2a: Gholdengo|Hex|p1a: Amoonguss
|-activate|p1a: Amoonguss|move: Substitute|[damage]
|move|p1a: Amoonguss|Toxic|p2a: Gholdengo
|-immune|p2a: Gholdengo|[from] ability: Good as Gold
|
|upkeep
|turn|14
|
|t:|1769298045
|move|p2a: Gholdengo|Hex|p1a: Amoonguss
|-end|p1a: Amoonguss|Substitute
|move|p1a: Amoonguss|Giga Drain|p2a: Gholdengo
|-resisted|p2a: Gholdengo
|-damage|p2a: Gholdengo|86/100
|
|upkeep
|turn|15
|
|t:|1769298068
|switch|p1a: Great Tusk|Great Tusk|79/100 brn
|move|p2a: Gholdengo|Thunder Wave|p1a: Great Tusk
|-immune|p1a: Great Tusk
|
|-damage|p1a: Great Tusk|73/100 brn|[from] brn
|upkeep
|turn|16
|
|t:|1769298078
|move|p1a: Great Tusk|Earthquake|p2a: Gholdengo
|-supereffective|p2a: Gholdengo
|-damage|p2a: Gholdengo|48/100
|move|p2a: Gholdengo|Hex|p1a: Great Tusk
|-damage|p1a: Great Tusk|0 fnt
|faint|p1a: Great Tusk
|-end|p1a: Great Tusk|Protosynthesis|[silent]
|
|upkeep
|
|t:|1769298086
|switch|p1a: Gholdengo|Gholdengo|100/100
|-item|p1a: Gholdengo|Air Balloon
|turn|17
|
|t:|1769298095
|switch|p2a: Blissey|Blissey, F|94/100 tox
|move|p1a: Gholdengo|Hex|p2a: Blissey
|-immune|p2a: Blissey
|
|-damage|p2a: Blissey|88/100 tox|[from] psn
|upkeep
|turn|18
|
|t:|1769298110
|switch|p1a: Amoonguss|Amoonguss, F|100/100
|move|p2a: Blissey|Flamethrower|p1a: Amoonguss
|-supereffective|p1a: Amoonguss
|-damage|p1a: Amoonguss|72/100
|
|-heal|p1a: Amoonguss|78/100|[from] item: Leftovers
|-damage|p2a: Blissey|76/100 tox|[from] psn
|upkeep
|turn|19
|
|t:|1769298122
|switch|p2a: Gholdengo|Gholdengo|48/100
|move|p1a: Amoonguss|Substitute|p1a: Amoonguss
|-start|p1a: Amoonguss|Substitute
|-damage|p1a: Amoonguss|53/100
|
|-heal|p1a: Amoonguss|59/100|[from] item: Leftovers
|upkeep
|turn|20
|
|t:|1769298133
|move|p2a: Gholdengo|Recover|p2a: Gholdengo
|-heal|p2a: Gholdengo|98/100
|move|p1a: Amoonguss|Giga Drain|p2a: Gholdengo
|-resisted|p2a: Gholdengo
|-damage|p2a: Gholdengo|88/100
|-heal|p1a: Amoonguss|64/100|[from] drain|[of] p2a: Gholdengo
|
|-heal|p1a: Amoonguss|70/100|[from] item: Leftovers
|upkeep
|turn|21
|
|t:|1769298143
|move|p2a: Gholdengo|Hex|p1a: Amoonguss
|-activate|p1a: Amoonguss|move: Substitute|[damage]
|move|p1a: Amoonguss|Pollen Puff|p2a: Gholdengo
|-resisted|p2a: Gholdengo
|-damage|p2a: Gholdengo|84/100
|
|-heal|p1a: Amoonguss|76/100|[from] item: Leftovers
|upkeep
|turn|22
|inactive|faepaula has 120 seconds left.
|
|t:|1769298172
|switch|p1a: Gholdengo|Gholdengo|100/100
|-item|p1a: Gholdengo|Air Balloon
|move|p2a: Gholdengo|Hex|p1a: Gholdengo
|-supereffective|p1a: Gholdengo
|-damage|p1a: Gholdengo|45/100
|-enditem|p1a: Gholdengo|Air Balloon
|
|upkeep
|turn|23
|inactive|faepaula has 120 seconds left.
|
|t:|1769298190
|-terastallize|p1a: Gholdengo|Steel
|move|p2a: Gholdengo|Hex|p1a: Gholdengo
|-damage|p1a: Gholdengo|19/100
|move|p1a: Gholdengo|Hex|p2a: Gholdengo
|-supereffective|p2a: Gholdengo
|-damage|p2a: Gholdengo|9/100
|
|upkeep
|turn|24
|inactive|faepaula has 120 seconds left.
|
|t:|1769298200
|switch|p2a: Blissey|Blissey, F|76/100 tox
|move|p1a: Gholdengo|Hex|p2a: Blissey
|-immune|p2a: Blissey
|
|-damage|p2a: Blissey|70/100 tox|[from] psn
|upkeep
|turn|25
|
|t:|1769298209
|move|p2a: Blissey|Flamethrower|p1a: Gholdengo
|-supereffective|p1a: Gholdengo
|-damage|p1a: Gholdengo|0 fnt
|faint|p1a: Gholdengo
|
|-damage|p2a: Blissey|57/100 tox|[from] psn
|upkeep
|inactive|faepaula has 120 seconds left.
|
|t:|1769298223
|switch|p1a: Cinderace|Cinderace, F|9/100 tox
|turn|26
|inactive|faepaula has 120 seconds left.
|
|t:|1769298235
|move|p1a: Cinderace|Flare Blitz|p2a: Blissey
|-damage|p2a: Blissey|0 fnt
|faint|p2a: Blissey
|-damage|p1a: Cinderace|0 fnt|[from] Recoil
|faint|p1a: Cinderace
|
|upkeep
|inactive|faepaula has 120 seconds left.
|inactive|DailyDrip has 120 seconds left.
|
|t:|1769298260
|switch|p1a: Dragonite|Dragonite, F|100/100
|switch|p2a: Darkrai|Darkrai, tera:Poison|87/100
|turn|27
|inactive|faepaula has 120 seconds left.
|
|t:|1769298280
|move|p2a: Darkrai|Ice Beam|p1a: Dragonite
|-supereffective|p1a: Dragonite
|-damage|p1a: Dragonite|0 fnt
|faint|p1a: Dragonite
|
|upkeep
|
|t:|1769298292
|switch|p1a: Amoonguss|Amoonguss, F|76/100
|turn|28
|inactive|DailyDrip has 120 seconds left.
|
|t:|1769298314
|move|p2a: Darkrai|Ice Beam|p1a: Amoonguss
|-supereffective|p1a: Amoonguss
|-damage|p1a: Amoonguss|31/100
|move|p1a: Amoonguss|Substitute|p1a: Amoonguss
|-start|p1a: Amoonguss|Substitute
|-damage|p1a: Amoonguss|6/100
|
|-heal|p1a: Amoonguss|12/100|[from] item: Leftovers
|upkeep
|turn|29
|inactive|faepaula has 120 seconds left.
|inactive|DailyDrip has 120 seconds left.
|
|t:|1769298333
|move|p2a: Darkrai|Ice Beam|p1a: Amoonguss
|-supereffective|p1a: Amoonguss
|-end|p1a: Amoonguss|Substitute
|move|p1a: Amoonguss|Pollen Puff|p2a: Darkrai
|-resisted|p2a: Darkrai
|-damage|p2a: Darkrai|74/100
|
|-heal|p1a: Amoonguss|18/100|[from] item: Leftovers
|upkeep
|turn|30
|inactive|DailyDrip has 120 seconds left.
|inactive|faepaula has 120 seconds left.
|
|t:|1769298346
|switch|p1a: Primarina|Primarina, M|100/100
|move|p2a: Darkrai|Ice Beam|p1a: Primarina
|-resisted|p1a: Primarina
|-damage|p1a: Primarina|87/100
|
|upkeep
|turn|31
|inactive|DailyDrip has 120 seconds left.
|
|t:|1769298357
|move|p2a: Darkrai|Sludge Bomb|p1a: Primarina
|-supereffective|p1a: Primarina
|-damage|p1a: Primarina|6/100
|-status|p1a: Primarina|psn
|move|p1a: Primarina|Ice Beam|p2a: Darkrai
|-damage|p2a: Darkrai|33/100
|
|-damage|p1a: Primarina|0 fnt|[from] psn
|faint|p1a: Primarina
|upkeep
|inactive|faepaula has 120 seconds left.
|inactive|faepaula has 90 seconds left.
|inactive|faepaula has 60 seconds left.
|inactive|faepaula has 30 seconds left.
|inactive|faepaula has 20 seconds left.
|inactive|faepaula has 15 seconds left.
|inactive|faepaula has 10 seconds left.
|inactive|faepaula has 5 seconds left.
|-message|faepaula lost due to inactivity.
|
|win|DailyDrip
|raw|faepaula's rating: 1111 &rarr; <strong>1087</strong><br />(-24 for losing)
|raw|DailyDrip's rating: 1127 &rarr; <strong>1151</strong><br />(+24 for winning)
|l|☆DailyDrip
|player|p2|
