|j|☆La Misericorde
|j|☆Chilling On The OU
|inactive|Battle timer is ON: inactive players will automatically lose when time's up.
|t:|1769336817
|gametype|singles
|player|p1|La Misericorde|ghetsis-gen5bw|
|player|p2|Chilling On The OU|wallace-masters|
|gen|9
|tier|[Gen 9] OU
|rated|Tournament battle
|rule|HP Percentage Mod: HP is shown in percentages
|rule|Endless Battle Clause: Forcing endless battles is banned
|rule|Species Clause: Limit one of each Pokémon
|rule|OHKO Clause: OHKO moves are banned
|rule|Evasion Items Clause: Evasion items are banned
|rule|Evasion Moves Clause: Evasion moves are banned
|rule|Evasion Abilities Clause: Evasion abilities are banned
|rule|Sleep Moves Clause: Sleep-inducing moves are banned
|clearpoke
|poke|p1|Deoxys-Speed|
|poke|p1|Glimmora, M|
|poke|p1|Ceruledge, M|
|poke|p1|Moltres-Galar|
|poke|p1|Zamazenta-*|
|poke|p1|Ogerpon-Wellspring, F|
|poke|p2|Meowscarada, F|
|poke|p2|Thundurus-Therian, M|
|poke|p2|Alomomola, L99, M|
|poke|p2|Cinderace, M|
|poke|p2|Goodra-Hisui, F|
|poke|p2|Clefable, F|
|teampreview
|j|*Lady Monita ☃️
|j| SzPD .
|
|t:|1769336823
|teamsize|p1|6
|teamsize|p2|6
|start
|switch|p1a: Deoxys|Deoxys-Speed|100/100
|switch|p2a: Sri Lanka|Cinderace, M|100/100
|-ability|p1a: Deoxys|Pressure
|turn|1
|
|t:|1769336829
|move|p1a: Deoxys|Taunt|p2a: Sri Lanka
|-start|p2a: Sri Lanka|move: Taunt
|move|p2a: Sri Lanka|U-turn|p1a: Deoxys
|-start|p2a: Sri Lanka|typechange|Bug|[from] ability: Libero
|-supereffective|p1a: Deoxys
|-damage|p1a: Deoxys|37/100
|
|t:|1769336838
|switch|p2a: Devious Valiant|Clefable, F, shiny|100/100|[from] U-turn
|
|upkeep
|turn|2
|
|t:|1769336846
|move|p1a: Deoxys|Light Screen|p1a: Deoxys
|-sidestart|p1: La Misericorde|move: Light Screen
|move|p2a: Devious Valiant|Substitute|p2a: Devious Valiant
|-start|p2a: Devious Valiant|Substitute
|-damage|p2a: Devious Valiant|76/100
|
|-heal|p2a: Devious Valiant|82/100|[from] item: Leftovers
|upkeep
|turn|3
|
|t:|1769336851
|move|p1a: Deoxys|Taunt|p2a: Devious Valiant
|-start|p2a: Devious Valiant|move: Taunt
|move|p2a: Devious Valiant|Moonblast|p1a: Deoxys
|-damage|p1a: Deoxys|18/100
|
|-heal|p2a: Devious Valiant|88/100|[from] item: Leftovers
|upkeep
|turn|4
|
|t:|1769336854
|switch|p1a: Ceruledge|Ceruledge, M|100/100
|move|p2a: Devious Valiant|Moonblast|p1a: Ceruledge
|-resisted|p1a: Ceruledge
|-damage|p1a: Ceruledge|91/100
|
|-heal|p2a: Devious Valiant|94/100|[from] item: Leftovers
|upkeep
|turn|5
|
|t:|1769336861
|move|p1a: Ceruledge|Swords Dance|p1a: Ceruledge
|-boost|p1a: Ceruledge|atk|2
|move|p2a: Devious Valiant|Moonblast|p1a: Ceruledge
|-resisted|p1a: Ceruledge
|-damage|p1a: Ceruledge|82/100
|
|-heal|p2a: Devious Valiant|99/100|[from] item: Leftovers
|-end|p2a: Devious Valiant|move: Taunt
|upkeep
|turn|6
|
|t:|1769336865
|move|p1a: Ceruledge|Bitter Blade|p2a: Devious Valiant
|-end|p2a: Devious Valiant|Substitute
|-heal|p1a: Ceruledge|99/100|[from] drain|[of] p2a: Devious Valiant
|-damage|p1a: Ceruledge|89/100|[from] item: Life Orb
|move|p2a: Devious Valiant|Moonblast|p1a: Ceruledge
|-resisted|p1a: Ceruledge
|-damage|p1a: Ceruledge|80/100
|
|-heal|p2a: Devious Valiant|100/100|[from] item: Leftovers
|upkeep
|turn|7
|
|t:|1769336869
|move|p1a: Ceruledge|Poltergeist|p2a: Devious Valiant
|-activate|p2a: Devious Valiant|move: Poltergeist|Leftovers
|-damage|p2a: Devious Valiant|40/100
|-damage|p1a: Ceruledge|70/100|[from] item: Life Orb
|move|p2a: Devious Valiant|Thunder Wave|p1a: Ceruledge
|-status|p1a: Ceruledge|par
|
|-heal|p2a: Devious Valiant|46/100|[from] item: Leftovers
|upkeep
|turn|8
|
|t:|1769336880
|move|p2a: Devious Valiant|Moonlight|p2a: Devious Valiant
|-heal|p2a: Devious Valiant|96/100
|move|p1a: Ceruledge|Poltergeist|p2a: Devious Valiant
|-activate|p2a: Devious Valiant|move: Poltergeist|Leftovers
|-damage|p2a: Devious Valiant|39/100
|-damage|p1a: Ceruledge|60/100 par|[from] item: Life Orb
|
|-heal|p2a: Devious Valiant|45/100|[from] item: Leftovers
|upkeep
|turn|9
|
|t:|1769336883
|move|p2a: Devious Valiant|Moonlight|p2a: Devious Valiant
|-heal|p2a: Devious Valiant|95/100
|move|p1a: Ceruledge|Swords Dance|p1a: Ceruledge
|-boost|p1a: Ceruledge|atk|2
|
|-heal|p2a: Devious Valiant|100/100|[from] item: Leftovers
|-sideend|p1: La Misericorde|move: Light Screen
|upkeep
|turn|10
|
|t:|1769336887
|move|p2a: Devious Valiant|Substitute|p2a: Devious Valiant
|-start|p2a: Devious Valiant|Substitute
|-damage|p2a: Devious Valiant|76/100
|move|p1a: Ceruledge|Poltergeist|p2a: Devious Valiant
|-activate|p2a: Devious Valiant|move: Poltergeist|Leftovers
|-end|p2a: Devious Valiant|Substitute
|-damage|p1a: Ceruledge|50/100 par|[from] item: Life Orb
|
|-heal|p2a: Devious Valiant|82/100|[from] item: Leftovers
|upkeep
|turn|11
|
|t:|1769336891
|move|p2a: Devious Valiant|Substitute|p2a: Devious Valiant
|-start|p2a: Devious Valiant|Substitute
|-damage|p2a: Devious Valiant|57/100
|move|p1a: Ceruledge|Bitter Blade|p2a: Devious Valiant
|-crit|p2a: Devious Valiant
|-end|p2a: Devious Valiant|Substitute
|-heal|p1a: Ceruledge|67/100 par|[from] drain|[of] p2a: Devious Valiant
|-damage|p1a: Ceruledge|57/100 par|[from] item: Life Orb
|
|-heal|p2a: Devious Valiant|63/100|[from] item: Leftovers
|upkeep
|turn|12
|
|t:|1769336897
|move|p2a: Devious Valiant|Substitute|p2a: Devious Valiant
|-start|p2a: Devious Valiant|Substitute
|-damage|p2a: Devious Valiant|38/100
|move|p1a: Ceruledge|Bitter Blade|p2a: Devious Valiant
|-end|p2a: Devious Valiant|Substitute
|-heal|p1a: Ceruledge|74/100 par|[from] drain|[of] p2a: Devious Valiant
|-damage|p1a: Ceruledge|64/100 par|[from] item: Life Orb
|
|-heal|p2a: Devious Valiant|44/100|[from] item: Leftovers
|upkeep
|turn|13
|
|t:|1769336900
|move|p2a: Devious Valiant|Substitute|p2a: Devious Valiant
|-start|p2a: Devious Valiant|Substitute
|-damage|p2a: Devious Valiant|19/100
|move|p1a: Ceruledge|Bitter Blade|p2a: Devious Valiant
|-end|p2a: Devious Valiant|Substitute
|-heal|p1a: Ceruledge|81/100 par|[from] drain|[of] p2a: Devious Valiant
|-damage|p1a: Ceruledge|71/100 par|[from] item: Life Orb
|
|-heal|p2a: Devious Valiant|25/100|[from] item: Leftovers
|upkeep
|turn|14
|
|t:|1769336907
|move|p2a: Devious Valiant|Moonlight|p2a: Devious Valiant
|-heal|p2a: Devious Valiant|75/100
|move|p1a: Ceruledge|Swords Dance|p1a: Ceruledge
|-boost|p1a: Ceruledge|atk|2
|
|-heal|p2a: Devious Valiant|81/100|[from] item: Leftovers
|upkeep
|turn|15
|c|☆Chilling On The OU|WHERES MY PARA
|c|☆Chilling On The OU|RAHHH
|
|t:|1769336919
|move|p2a: Devious Valiant|Substitute|p2a: Devious Valiant
|-start|p2a: Devious Valiant|Substitute
|-damage|p2a: Devious Valiant|57/100
|move|p1a: Ceruledge|Bitter Blade|p2a: Devious Valiant
|-end|p2a: Devious Valiant|Substitute
|-heal|p1a: Ceruledge|88/100 par|[from] drain|[of] p2a: Devious Valiant
|-damage|p1a: Ceruledge|78/100 par|[from] item: Life Orb
|
|-heal|p2a: Devious Valiant|63/100|[from] item: Leftovers
|upkeep
|turn|16
|
|t:|1769336923
|move|p2a: Devious Valiant|Substitute|p2a: Devious Valiant
|-start|p2a: Devious Valiant|Substitute
|-damage|p2a: Devious Valiant|38/100
|move|p1a: Ceruledge|Bitter Blade|p2a: Devious Valiant
|-end|p2a: Devious Valiant|Substitute
|-heal|p1a: Ceruledge|95/100 par|[from] drain|[of] p2a: Devious Valiant
|-damage|p1a: Ceruledge|85/100 par|[from] item: Life Orb
|
|-heal|p2a: Devious Valiant|44/100|[from] item: Leftovers
|upkeep
|turn|17
|j| Albrtix
|c|☆Chilling On The OU|MY PARA
|c|☆Chilling On The OU|WHERE ARE YOU
|
|t:|1769336932
|cant|p1a: Ceruledge|par
|move|p2a: Devious Valiant|Substitute|p2a: Devious Valiant
|-start|p2a: Devious Valiant|Substitute
|-damage|p2a: Devious Valiant|19/100
|
|-heal|p2a: Devious Valiant|25/100|[from] item: Leftovers
|upkeep
|turn|18
|c|☆La Misericorde|it s your game plan ..
|c|☆Chilling On The OU|For thus matchup yes
|inactive|Chilling On The OU has 120 seconds left.
|c|☆Chilling On The OU|Screens ceru, i have no way of beating other than mr cleffa
|
|t:|1769336972
|move|p2a: Devious Valiant|Moonlight|p2a: Devious Valiant
|-heal|p2a: Devious Valiant|75/100
|move|p1a: Ceruledge|Bitter Blade|p2a: Devious Valiant
|-end|p2a: Devious Valiant|Substitute
|-heal|p1a: Ceruledge|100/100 par|[from] drain|[of] p2a: Devious Valiant
|-damage|p1a: Ceruledge|91/100 par|[from] item: Life Orb
|
|-heal|p2a: Devious Valiant|81/100|[from] item: Leftovers
|upkeep
|turn|19
|
|t:|1769336980
|move|p2a: Devious Valiant|Moonblast|p1a: Ceruledge
|-resisted|p1a: Ceruledge
|-damage|p1a: Ceruledge|71/100 par
|move|p1a: Ceruledge|Poltergeist|p2a: Devious Valiant
|-activate|p2a: Devious Valiant|move: Poltergeist|Leftovers
|-crit|p2a: Devious Valiant
|-damage|p2a: Devious Valiant|0 fnt
|faint|p2a: Devious Valiant
|-damage|p1a: Ceruledge|61/100 par|[from] item: Life Orb
|
|upkeep
|c|☆Chilling On The OU|Oof crit
|
|t:|1769336994
|switch|p2a: SUFFERING|Alomomola, L99, M|100/100
|turn|20
|c|☆La Misericorde|unaware ?
|
|t:|1769337001
|-terastallize|p1a: Ceruledge|Fairy
|cant|p1a: Ceruledge|par
|move|p2a: SUFFERING|Flip Turn|p1a: Ceruledge
|-damage|p1a: Ceruledge|38/100 par
|-ability|p1a: Ceruledge|Weak Armor|boost
|-unboost|p1a: Ceruledge|def|1
|-boost|p1a: Ceruledge|spe|2
|c|☆Chilling On The OU|Yes
|inactive|Chilling On The OU has 120 seconds left.
|
|t:|1769337018
|switch|p2a: Toaster|Thundurus-Therian, M, shiny|100/100|[from] Flip Turn
|
|upkeep
|turn|21
|c|☆La Misericorde|you don t have a bad match up
|
|t:|1769337025
|cant|p1a: Ceruledge|par
|move|p2a: Toaster|Volt Switch|p1a: Ceruledge
|-damage|p1a: Ceruledge|0 fnt
|faint|p1a: Ceruledge
|c|☆Chilling On The OU|Thank the lord
|
|t:|1769337039
|switch|p2a: Sri Lanka|Cinderace, M|100/100|[from] Volt Switch
|
|upkeep
|c|☆Chilling On The OU|Losing clef is kinda sad tho
|
|t:|1769337055
|switch|p1a: Glimmora|Glimmora, M|100/100
|turn|22
|inactive|Chilling On The OU has 120 seconds left.
|
|t:|1769337065
|switch|p2a: Escar-GOAT|Goodra-Hisui, F, shiny|100/100
|move|p1a: Glimmora|Meteor Beam||[still]
|-prepare|p1a: Glimmora|Meteor Beam
|-boost|p1a: Glimmora|spa|1
|-enditem|p1a: Glimmora|Power Herb
|-anim|p1a: Glimmora|Meteor Beam|p2a: Escar-GOAT
|-resisted|p2a: Escar-GOAT
|-damage|p2a: Escar-GOAT|81/100
|
|upkeep
|turn|23
|
|t:|1769337068
|move|p1a: Glimmora|Earth Power|p2a: Escar-GOAT
|-supereffective|p2a: Escar-GOAT
|-damage|p2a: Escar-GOAT|48/100
|move|p2a: Escar-GOAT|Earthquake|p1a: Glimmora
|-supereffective|p1a: Glimmora
|-damage|p1a: Glimmora|5/100
|-activate|p1a: Glimmora|ability: Toxic Debris
|-sidestart|p2: Chilling On The OU|move: Toxic Spikes
|
|upkeep
|turn|24
|
|t:|1769337072
|move|p1a: Glimmora|Earth Power|p2a: Escar-GOAT
|-supereffective|p2a: Escar-GOAT
|-damage|p2a: Escar-GOAT|14/100
|move|p2a: Escar-GOAT|Flash Cannon|p1a: Glimmora
|-supereffective|p1a: Glimmora
|-damage|p1a: Glimmora|0 fnt
|faint|p1a: Glimmora
|
|upkeep
|
|t:|1769337079
|switch|p1a: Zamazenta|Zamazenta|100/100
|-ability|p1a: Zamazenta|Dauntless Shield|boost
|-boost|p1a: Zamazenta|def|1
|turn|25
|
|t:|1769337085
|switch|p2a: SUFFERING|Alomomola, L99, M|100/100
|move|p1a: Zamazenta|Iron Defense|p1a: Zamazenta
|-boost|p1a: Zamazenta|def|2
|
|upkeep
|turn|26
|
|t:|1769337092
|move|p1a: Zamazenta|Iron Defense|p1a: Zamazenta
|-boost|p1a: Zamazenta|def|2
|move|p2a: SUFFERING|Alluring Voice|p1a: Zamazenta
|-supereffective|p1a: Zamazenta
|-damage|p1a: Zamazenta|86/100
|-start|p1a: Zamazenta|confusion
|
|-heal|p1a: Zamazenta|92/100|[from] item: Leftovers
|upkeep
|turn|27
|
|t:|1769337095
|-activate|p1a: Zamazenta|confusion
|move|p1a: Zamazenta|Body Press|p2a: SUFFERING
|-damage|p2a: SUFFERING|42/100
|move|p2a: SUFFERING|Flip Turn|p1a: Zamazenta
|-damage|p1a: Zamazenta|89/100
|
|t:|1769337108
|switch|p2a: Sri Lanka|Cinderace, M|100/100|[from] Flip Turn
|
|-heal|p1a: Zamazenta|95/100|[from] item: Leftovers
|upkeep
|turn|28
|
|t:|1769337110
|-terastallize|p2a: Sri Lanka|Flying
|-activate|p1a: Zamazenta|confusion
|move|p1a: Zamazenta|Body Press|p2a: Sri Lanka
|-resisted|p2a: Sri Lanka
|-damage|p2a: Sri Lanka|45/100
|move|p2a: Sri Lanka|Will-O-Wisp|p1a: Zamazenta
|-status|p1a: Zamazenta|brn
|
|-heal|p1a: Zamazenta|100/100 brn|[from] item: Leftovers
|-damage|p1a: Zamazenta|94/100 brn|[from] brn
|upkeep
|turn|29
|
|t:|1769337131
|switch|p2a: SUFFERING|Alomomola, L99, M|75/100
|-activate|p1a: Zamazenta|confusion
|move|p1a: Zamazenta|Body Press|p2a: SUFFERING
|-damage|p2a: SUFFERING|44/100
|
|-heal|p1a: Zamazenta|100/100 brn|[from] item: Leftovers
|-damage|p1a: Zamazenta|94/100 brn|[from] brn
|upkeep
|turn|30
|
|t:|1769337134
|-end|p1a: Zamazenta|confusion
|move|p1a: Zamazenta|Body Press|p2a: SUFFERING
|-damage|p2a: SUFFERING|15/100
|move|p2a: SUFFERING|Wish|p2a: SUFFERING
|
|-heal|p1a: Zamazenta|100/100 brn|[from] item: Leftovers
|-damage|p1a: Zamazenta|94/100 brn|[from] brn
|upkeep
|turn|31
|
|t:|1769337137
|move|p2a: SUFFERING|Protect|p2a: SUFFERING
|-singleturn|p2a: SUFFERING|Protect
|move|p1a: Zamazenta|Iron Defense|p1a: Zamazenta
|-boost|p1a: Zamazenta|def|1
|
|-heal|p2a: SUFFERING|65/100|[from] move: Wish|[wisher] SUFFERING
|-heal|p1a: Zamazenta|100/100 brn|[from] item: Leftovers
|-damage|p1a: Zamazenta|94/100 brn|[from] brn
|upkeep
|turn|32
|
|t:|1769337161
|move|p1a: Zamazenta|Body Press|p2a: SUFFERING
|-crit|p2a: SUFFERING
|-damage|p2a: SUFFERING|15/100
|move|p2a: SUFFERING|Wish|p2a: SUFFERING
|
|-heal|p1a: Zamazenta|100/100 brn|[from] item: Leftovers
|-damage|p1a: Zamazenta|94/100 brn|[from] brn
|upkeep
|turn|33
|
|t:|1769337168
|switch|p2a: Toaster|Thundurus-Therian, M, shiny|100/100
|move|p1a: Zamazenta|Roar|p2a: Toaster
|drag|p2a: Escar-GOAT|Goodra-Hisui, F, shiny|14/100
|
|-heal|p2a: Escar-GOAT|89/100|[from] move: Wish|[wisher] SUFFERING
|-heal|p1a: Zamazenta|100/100 brn|[from] item: Leftovers
|-damage|p1a: Zamazenta|94/100 brn|[from] brn
|upkeep
|turn|34
|
|t:|1769337180
|switch|p2a: SUFFERING|Alomomola, L99, M|48/100
|move|p1a: Zamazenta|Body Press|p2a: SUFFERING
|-damage|p2a: SUFFERING|13/100
|
|-heal|p1a: Zamazenta|100/100 brn|[from] item: Leftovers
|-damage|p1a: Zamazenta|94/100 brn|[from] brn
|upkeep
|turn|35
|
|t:|1769337184
|move|p2a: SUFFERING|Protect|p2a: SUFFERING
|-singleturn|p2a: SUFFERING|Protect
|move|p1a: Zamazenta|Body Press|p2a: SUFFERING
|-activate|p2a: SUFFERING|move: Protect
|
|-heal|p1a: Zamazenta|100/100 brn|[from] item: Leftovers
|-damage|p1a: Zamazenta|94/100 brn|[from] brn
|upkeep
|turn|36
|
|t:|1769337199
|move|p1a: Zamazenta|Body Press|p2a: SUFFERING
|-damage|p2a: SUFFERING|0 fnt
|faint|p2a: SUFFERING
|
|-heal|p1a: Zamazenta|100/100 brn|[from] item: Leftovers
|-damage|p1a: Zamazenta|94/100 brn|[from] brn
|upkeep
|
|t:|1769337201
|switch|p2a: Toaster|Thundurus-Therian, M, shiny|100/100
|turn|37
|
|t:|1769337203
|move|p1a: Zamazenta|Body Press|p2a: Toaster
|-resisted|p2a: Toaster
|-damage|p2a: Toaster|55/100
|move|p2a: Toaster|Volt Switch|p1a: Zamazenta
|-damage|p1a: Zamazenta|49/100 brn
|
|t:|1769337209
|switch|p2a: Sri Lanka|Cinderace, M, tera:Flying|45/100|[from] Volt Switch
|
|-heal|p1a: Zamazenta|55/100 brn|[from] item: Leftovers
|-damage|p1a: Zamazenta|49/100 brn|[from] brn
|upkeep
|turn|38
|
|t:|1769337212
|move|p1a: Zamazenta|Body Press|p2a: Sri Lanka
|-resisted|p2a: Sri Lanka
|-damage|p2a: Sri Lanka|11/100
|move|p2a: Sri Lanka|U-turn|p1a: Zamazenta
|-resisted|p1a: Zamazenta
|-damage|p1a: Zamazenta|47/100 brn
|
|t:|1769337214
|switch|p2a: Toaster|Thundurus-Therian, M, shiny|55/100|[from] U-turn
|
|-heal|p1a: Zamazenta|54/100 brn|[from] item: Leftovers
|-damage|p1a: Zamazenta|47/100 brn|[from] brn
|upkeep
|turn|39
|
|t:|1769337217
|move|p1a: Zamazenta|Body Press|p2a: Toaster
|-resisted|p2a: Toaster
|-damage|p2a: Toaster|11/100
|move|p2a: Toaster|Volt Switch|p1a: Zamazenta
|-damage|p1a: Zamazenta|0 fnt
|faint|p1a: Zamazenta
|
|t:|1769337243
|switch|p2a: Sri Lanka|Cinderace, M, tera:Flying|11/100|[from] Volt Switch
|
|upkeep
|
|t:|1769337249
|switch|p1a: Deoxys|Deoxys-Speed|18/100
|-ability|p1a: Deoxys|Pressure
|turn|40
|
|t:|1769337252
|move|p2a: Sri Lanka|Sucker Punch||[still]
|-fail|p2a: Sri Lanka
|move|p1a: Deoxys|Light Screen|p1a: Deoxys
|-sidestart|p1: La Misericorde|move: Light Screen
|
|upkeep
|turn|41
|
|t:|1769337255
|move|p1a: Deoxys|Reflect|p1a: Deoxys
|-sidestart|p1: La Misericorde|Reflect
|move|p2a: Sri Lanka|Court Change|p2a: Sri Lanka
|-swapsideconditions
|-activate|p2a: Sri Lanka|move: Court Change
|
|upkeep
|turn|42
|
|t:|1769337258
|move|p1a: Deoxys|Psycho Boost|p2a: Sri Lanka
|-damage|p2a: Sri Lanka|0 fnt
|-unboost|p1a: Deoxys|spa|2
|faint|p2a: Sri Lanka
|
|upkeep
|
|t:|1769337263
|switch|p2a: Mountain Dew|Meowscarada, F|100/100
|turn|43
|
|t:|1769337266
|move|p1a: Deoxys|Taunt|p2a: Mountain Dew
|-start|p2a: Mountain Dew|move: Taunt
|move|p2a: Mountain Dew|U-turn|p1a: Deoxys
|-start|p2a: Mountain Dew|typechange|Bug|[from] ability: Protean
|-supereffective|p1a: Deoxys
|-damage|p1a: Deoxys|0 fnt
|faint|p1a: Deoxys
|
|t:|1769337276
|switch|p2a: Toaster|Thundurus-Therian, M, shiny|11/100|[from] U-turn
|
|upkeep
|
|t:|1769337279
|switch|p1a: Moltres|Moltres-Galar|100/100
|turn|44
|c|☆Chilling On The OU|I can work with this
|
|t:|1769337286
|move|p2a: Toaster|Volt Switch|p1a: Moltres
|-supereffective|p1a: Moltres
|-damage|p1a: Moltres|2/100
|-ability|p1a: Moltres|Berserk|boost
|-boost|p1a: Moltres|spa|1
|-enditem|p1a: Moltres|Sitrus Berry|[eat]
|-heal|p1a: Moltres|27/100|[from] item: Sitrus Berry
|
|t:|1769337291
|switch|p2a: Escar-GOAT|Goodra-Hisui, F, shiny|89/100|[from] Volt Switch
|move|p1a: Moltres|Agility|p1a: Moltres
|-boost|p1a: Moltres|spe|2
|
|upkeep
|turn|45
|
|t:|1769337298
|move|p1a: Moltres|Fiery Wrath|p2a: Escar-GOAT
|-damage|p2a: Escar-GOAT|76/100
|move|p2a: Escar-GOAT|Flash Cannon|p1a: Moltres
|-damage|p1a: Moltres|0 fnt
|faint|p1a: Moltres
|
|upkeep
|
|t:|1769337302
|switch|p1a: Ogerpon|Ogerpon-Wellspring, F|100/100
|-status|p1a: Ogerpon|psn
|turn|46
|
|t:|1769337329
|switch|p2a: Mountain Dew|Meowscarada, F|100/100
|move|p1a: Ogerpon|Swords Dance|p1a: Ogerpon
|-boost|p1a: Ogerpon|atk|2
|
|-damage|p1a: Ogerpon|88/100 psn|[from] psn
|upkeep
|turn|47
|
|t:|1769337331
|move|p2a: Mountain Dew|U-turn|p1a: Ogerpon
|-start|p2a: Mountain Dew|typechange|Bug|[from] ability: Protean
|-supereffective|p1a: Ogerpon
|-damage|p1a: Ogerpon|0 fnt
|faint|p1a: Ogerpon
|
|win|Chilling On The OU
|n|☆La Misericorde|lamisericorde
|n|☆Chilling On The OU|chillingontheou
|n|*Lady Monita ☃️|ladymonita
|n| SzPD .|szpd
|n| Albrtix|albrtix
|l|*Lady Monita ☃️
|l|☆La Misericorde
|player|p1|
|c|☆Chilling On The OU|Ggwp
|c|☆Chilling On The OU|Well played man
