|j|‽bryan_184v
|j|☆Galazer
|t:|1769316319
|gametype|singles
|player|p1|bryan_184v|170|1038
|player|p2|Galazer|plasmagruntf-gen5bw|1000
|gen|9
|tier|[Gen 9] OU
|rated|
|rule|HP Percentage Mod: HP is shown in percentages
|rule|Endless Battle Clause: Forcing endless battles is banned
|rule|Species Clause: Limit one of each Pokémon
|rule|OHKO Clause: OHKO moves are banned
|rule|Evasion Items Clause: Evasion items are banned
|rule|Evasion Moves Clause: Evasion moves are banned
|rule|Evasion Abilities Clause: Evasion abilities are banned
|rule|Sleep Moves Clause: Sleep-inducing moves are banned
|clearpoke
|poke|p1|Clefable, M|
|poke|p1|Gengar, M|
|poke|p1|Skarmory, M|
|poke|p1|Donphan, M|
|poke|p1|Umbreon, M|
|poke|p1|Heracross, F|
|poke|p2|Braviary-Hisui, M|
|poke|p2|Ribombee, M|
|poke|p2|Copperajah, M|
|poke|p2|Vaporeon, F|
|poke|p2|Noivern, F|
|poke|p2|Toxicroak, F|
|teampreview
|inactive|Battle timer is ON: inactive players will automatically lose when time's up. (requested by bryan_184v)
|
|t:|1769316336
|teamsize|p1|6
|teamsize|p2|6
|start
|switch|p1a: Skarmory|Skarmory, M|100/100
|switch|p2a: Ribombee|Ribombee, M|100/100
|turn|1
|
|t:|1769316352
|move|p2a: Ribombee|Sticky Web|p1a: Skarmory
|-sidestart|p1: bryan_184v|move: Sticky Web
|move|p1a: Skarmory|Stealth Rock|p2a: Ribombee
|-sidestart|p2: Galazer|move: Stealth Rock
|
|upkeep
|turn|2
|
|t:|1769316369
|move|p2a: Ribombee|Stun Spore|p1a: Skarmory
|-status|p1a: Skarmory|par
|move|p1a: Skarmory|Spikes|p2a: Ribombee
|-sidestart|p2: Galazer|Spikes
|
|upkeep
|turn|3
|
|t:|1769316383
|move|p2a: Ribombee|Moonblast|p1a: Skarmory
|-resisted|p1a: Skarmory
|-crit|p1a: Skarmory
|-damage|p1a: Skarmory|52/100 par
|move|p1a: Skarmory|Spikes|p2a: Ribombee
|-sidestart|p2: Galazer|Spikes
|
|-heal|p1a: Skarmory|58/100 par|[from] item: Leftovers
|upkeep
|turn|4
|
|t:|1769316401
|move|p2a: Ribombee|Moonblast|p1a: Skarmory
|-resisted|p1a: Skarmory
|-damage|p1a: Skarmory|24/100 par
|move|p1a: Skarmory|Spikes|p2a: Ribombee
|-sidestart|p2: Galazer|Spikes
|
|-heal|p1a: Skarmory|30/100 par|[from] item: Leftovers
|upkeep
|turn|5
|inactive|Galazer has 120 seconds left.
|
|t:|1769316421
|switch|p1a: Donphan|Donphan, M|100/100
|move|p2a: Ribombee|Moonblast|p1a: Donphan
|-damage|p1a: Donphan|35/100
|
|upkeep
|turn|6
|inactive|Galazer has 120 seconds left.
|
|t:|1769316442
|switch|p1a: Clefable|Clefable, M|100/100
|-activate|p1a: Clefable|move: Sticky Web
|-unboost|p1a: Clefable|spe|1
|move|p2a: Ribombee|Moonblast|p1a: Clefable
|-damage|p1a: Clefable|68/100
|
|-heal|p1a: Clefable|74/100|[from] item: Leftovers
|upkeep
|turn|7
|
|t:|1769316462
|move|p2a: Ribombee|Stun Spore|p1a: Clefable
|-status|p1a: Clefable|par
|move|p1a: Clefable|Thunder Wave|p2a: Ribombee
|-status|p2a: Ribombee|par
|
|-heal|p1a: Clefable|80/100 par|[from] item: Leftovers
|upkeep
|turn|8
|
|t:|1769316481
|move|p2a: Ribombee|Moonblast|p1a: Clefable
|-damage|p1a: Clefable|52/100 par
|cant|p1a: Clefable|par
|
|-heal|p1a: Clefable|58/100 par|[from] item: Leftovers
|upkeep
|turn|9
|inactive|Galazer has 90 seconds left.
|
|t:|1769316498
|move|p2a: Ribombee|Moonblast|p1a: Clefable
|-damage|p1a: Clefable|25/100 par
|move|p1a: Clefable|Knock Off|p2a: Ribombee
|-resisted|p2a: Ribombee
|-damage|p2a: Ribombee|88/100 par
|-enditem|p2a: Ribombee|Heavy-Duty Boots|[from] move: Knock Off|[of] p1a: Clefable
|
|-heal|p1a: Clefable|31/100 par|[from] item: Leftovers
|upkeep
|turn|10
|inactive|Galazer has 90 seconds left.
|
|t:|1769316520
|move|p2a: Ribombee|Moonblast|p1a: Clefable
|-damage|p1a: Clefable|1/100 par
|cant|p1a: Clefable|par
|
|-heal|p1a: Clefable|7/100 par|[from] item: Leftovers
|upkeep
|turn|11
|
|t:|1769316543
|move|p2a: Ribombee|Moonblast|p1a: Clefable
|-damage|p1a: Clefable|0 fnt
|faint|p1a: Clefable
|
|upkeep
|
|t:|1769316546
|switch|p1a: Gengar|Gengar, M|100/100
|-activate|p1a: Gengar|move: Sticky Web
|-unboost|p1a: Gengar|spe|1
|turn|12
|
|t:|1769316566
|move|p1a: Gengar|Sludge Wave|p2a: Ribombee
|-supereffective|p2a: Ribombee
|-damage|p2a: Ribombee|0 fnt
|faint|p2a: Ribombee
|
|upkeep
|
|t:|1769316585
|switch|p2a: Braviary|Braviary-Hisui, M|100/100
|-damage|p2a: Braviary|76/100|[from] Stealth Rock
|turn|13
|
|t:|1769316602
|switch|p1a: Umbreon|Umbreon, M|100/100
|-activate|p1a: Umbreon|move: Sticky Web
|-unboost|p1a: Umbreon|spe|1
|move|p2a: Braviary|Esper Wing|p1a: Umbreon
|-immune|p1a: Umbreon
|
|upkeep
|turn|14
|
|t:|1769316621
|switch|p2a: Toxicroak|Toxicroak, F|100/100
|-damage|p2a: Toxicroak|94/100|[from] Stealth Rock
|-damage|p2a: Toxicroak|70/100|[from] Spikes
|move|p1a: Umbreon|Toxic|p2a: Toxicroak|[miss]
|-miss|p1a: Umbreon|p2a: Toxicroak
|
|upkeep
|turn|15
|inactive|Galazer has 60 seconds left.
|
|t:|1769316639
|switch|p1a: Skarmory|Skarmory, M|30/100 par
|move|p2a: Toxicroak|Drain Punch|p1a: Skarmory
|-damage|p1a: Skarmory|5/100 par
|-heal|p2a: Toxicroak|83/100|[from] drain|[of] p1a: Skarmory
|-damage|p2a: Toxicroak|73/100|[from] item: Life Orb
|
|-heal|p1a: Skarmory|11/100 par|[from] item: Leftovers
|upkeep
|turn|16
|inactive|Galazer has 60 seconds left.
|
|t:|1769316662
|move|p2a: Toxicroak|Knock Off|p1a: Skarmory
|-damage|p1a: Skarmory|0 fnt
|-enditem|p1a: Skarmory|Leftovers|[from] move: Knock Off|[of] p2a: Toxicroak
|faint|p1a: Skarmory
|-damage|p2a: Toxicroak|64/100|[from] item: Life Orb
|
|upkeep
|
|t:|1769316673
|switch|p1a: Umbreon|Umbreon, M|100/100
|-activate|p1a: Umbreon|move: Sticky Web
|-unboost|p1a: Umbreon|spe|1
|turn|17
|inactive|Galazer has 60 seconds left.
|
|t:|1769316687
|move|p2a: Toxicroak|Drain Punch|p1a: Umbreon
|-supereffective|p1a: Umbreon
|-damage|p1a: Umbreon|30/100
|-heal|p2a: Toxicroak|100/100|[from] drain|[of] p1a: Umbreon
|-damage|p2a: Toxicroak|91/100|[from] item: Life Orb
|move|p1a: Umbreon|Wish|p1a: Umbreon
|
|-heal|p1a: Umbreon|37/100|[from] item: Leftovers
|upkeep
|turn|18
|inactive|Galazer has 60 seconds left.
|
|t:|1769316706
|switch|p1a: Donphan|Donphan, M|35/100
|move|p2a: Toxicroak|Drain Punch|p1a: Donphan
|-damage|p1a: Donphan|8/100
|-heal|p2a: Toxicroak|100/100|[from] drain|[of] p1a: Donphan
|-damage|p2a: Toxicroak|91/100|[from] item: Life Orb
|
|-heal|p1a: Donphan|59/100|[from] move: Wish|[wisher] Umbreon
|upkeep
|turn|19
|inactive|bryan_184v has 120 seconds left.
|inactive|bryan_184v has 90 seconds left.
|inactive|bryan_184v has 60 seconds left.
|inactive|bryan_184v has 30 seconds left.
|inactive|bryan_184v has 20 seconds left.
|inactive|bryan_184v has 15 seconds left.
|inactive|bryan_184v has 10 seconds left.
|inactive|bryan_184v has 5 seconds left.
|-message|bryan_184v lost due to inactivity.
|
|win|Galazer
|raw|bryan_184v's rating: 1038 &rarr; <strong>1021</strong><br />(-17 for losing)
|raw|Galazer's rating: 1000 &rarr; <strong>1044</strong><br />(+44 for winning)
|c|☆Galazer|EZ
|l|‽bryan_184v
|player|p1|
