|j|‽BentoBo
|j|☆1235j
|t:|1769390154
|gametype|singles
|player|p1|BentoBo|burglar|1094
|player|p2|1235j|102|1132
|gen|9
|tier|[Gen 9] OU
|rated|
|rule|HP Percentage Mod: HP is shown in percentages
|rule|Endless Battle Clause: Forcing endless battles is banned
|rule|Species Clause: Limit one of each Pokémon
|rule|OHKO Clause: OHKO moves are banned
|rule|Evasion Items Clause: Evasion items are banned
|rule|Evasion Moves Clause: Evasion moves are banned
|rule|Evasion Abilities Clause: Evasion abilities are banned
|rule|Sleep Moves Clause: Sleep-inducing moves are banned
|clearpoke
|poke|p1|Chesnaught, M|
|poke|p1|Tornadus-Therian, M|
|poke|p1|Lucario, F|
|poke|p1|Rhyperior, M|
|poke|p1|Incineroar, M|
|poke|p1|Hatterene, F|
|poke|p2|Braviary-Hisui, M|
|poke|p2|Samurott-Hisui, F|
|poke|p2|Electrode-Hisui|
|poke|p2|Arcanine-Hisui, M|
|poke|p2|Goodra-Hisui, M|
|poke|p2|Sneasel-Hisui, F|
|teampreview
|inactive|Battle timer is ON: inactive players will automatically lose when time's up. (requested by 1235j)
|
|t:|1769390187
|teamsize|p1|6
|teamsize|p2|6
|start
|switch|p1a: Lucario|Lucario, F|100/100
|switch|p2a: Sneasel|Sneasel-Hisui, F|100/100
|turn|1
|
|t:|1769390197
|switch|p1a: Chesnaught|Chesnaught, M, shiny|100/100
|move|p2a: Sneasel|Fake Out|p1a: Chesnaught
|-damage|p1a: Chesnaught|89/100
|
|upkeep
|turn|2
|
|t:|1769390209
|move|p2a: Sneasel|Gunk Shot|p1a: Chesnaught
|-supereffective|p1a: Chesnaught
|-damage|p1a: Chesnaught|0 fnt
|faint|p1a: Chesnaught
|
|upkeep
|
|t:|1769390220
|switch|p1a: Incineroar|Incineroar, M|100/100
|-ability|p1a: Incineroar|Intimidate|boost
|-unboost|p2a: Sneasel|atk|1
|-enditem|p2a: Sneasel|White Herb
|-clearnegativeboost|p2a: Sneasel|[silent]
|turn|3
|
|t:|1769390228
|move|p1a: Incineroar|Fake Out|p2a: Sneasel
|-damage|p2a: Sneasel|71/100
|-enditem|p1a: Incineroar|Heavy-Duty Boots|[silent]|[from] ability: Pickpocket|[of] p1a: Incineroar
|-item|p2a: Sneasel|Heavy-Duty Boots|[from] ability: Pickpocket|[of] p1a: Incineroar
|cant|p2a: Sneasel|flinch
|
|upkeep
|turn|4
|
|t:|1769390239
|switch|p1a: Hatterene|Hatterene, F|100/100
|move|p2a: Sneasel|Close Combat|p1a: Hatterene
|-resisted|p1a: Hatterene
|-damage|p1a: Hatterene|87/100
|-unboost|p2a: Sneasel|def|1
|-unboost|p2a: Sneasel|spd|1
|
|upkeep
|turn|5
|
|t:|1769390261
|switch|p2a: Samurott|Samurott-Hisui, F|100/100
|move|p1a: Hatterene|Nuzzle|p2a: Samurott
|-supereffective|p2a: Samurott
|-damage|p2a: Samurott|89/100
|-status|p2a: Samurott|par
|
|upkeep
|turn|6
|
|t:|1769390272
|move|p2a: Samurott|Ceaseless Edge|p1a: Hatterene
|-damage|p1a: Hatterene|21/100
|-sidestart|p1: BentoBo|Spikes
|-damage|p2a: Samurott|79/100 par|[from] item: Life Orb
|move|p1a: Hatterene|Draining Kiss|p2a: Samurott
|-supereffective|p2a: Samurott
|-damage|p2a: Samurott|10/100 par
|-heal|p1a: Hatterene|76/100|[from] drain|[of] p2a: Samurott
|
|upkeep
|turn|7
|
|t:|1769390287
|switch|p1a: Lucario|Lucario, F|100/100
|-damage|p1a: Lucario|88/100|[from] Spikes
|cant|p2a: Samurott|par
|
|upkeep
|turn|8
|
|t:|1769390297
|move|p1a: Lucario|Nasty Plot|p1a: Lucario
|-boost|p1a: Lucario|spa|2
|cant|p2a: Samurott|par
|
|upkeep
|turn|9
|
|t:|1769390308
|move|p1a: Lucario|Flash Cannon|p2a: Samurott
|-resisted|p2a: Samurott
|-damage|p2a: Samurott|0 fnt
|faint|p2a: Samurott
|
|upkeep
|
|t:|1769390314
|switch|p2a: Arcanine|Arcanine-Hisui, M|100/100
|turn|10
|
|t:|1769390341
|move|p2a: Arcanine|Flare Blitz|p1a: Lucario
|-supereffective|p1a: Lucario
|-damage|p1a: Lucario|0 fnt
|faint|p1a: Lucario
|
|upkeep
|
|t:|1769390346
|switch|p1a: Rhyperior|Rhyperior, M|100/100
|-damage|p1a: Rhyperior|88/100|[from] Spikes
|turn|11
|
|t:|1769390357
|switch|p2a: Electrode|Electrode-Hisui|100/100
|move|p1a: Rhyperior|Stealth Rock|p2a: Electrode
|-sidestart|p2: 1235j|move: Stealth Rock
|
|-heal|p1a: Rhyperior|94/100|[from] item: Leftovers
|upkeep
|turn|12
|
|t:|1769390374
|switch|p1a: Tornadus|Tornadus-Therian, M|100/100
|move|p2a: Electrode|Chloroblast|p1a: Tornadus
|-resisted|p1a: Tornadus
|-damage|p1a: Tornadus|79/100
|-damage|p2a: Electrode|50/100|[from] Recoil
|
|upkeep
|turn|13
|
|t:|1769390385
|move|p2a: Electrode|Volt Switch|p1a: Tornadus
|-supereffective|p1a: Tornadus
|-damage|p1a: Tornadus|37/100
|
|t:|1769390404
|switch|p2a: Braviary|Braviary-Hisui, M|100/100|[from] Volt Switch
|move|p1a: Tornadus|Heat Wave|p2a: Braviary
|-damage|p2a: Braviary|74/100
|
|upkeep
|turn|14
|
|t:|1769390415
|switch|p1a: Hatterene|Hatterene, F|76/100
|-damage|p1a: Hatterene|64/100|[from] Spikes
|move|p2a: Braviary|Defog|p1a: Hatterene
|move|p1a: Hatterene|Defog|p2a: Braviary|[from] ability: Magic Bounce
|-unboost|p2a: Braviary|evasion|1
|-sideend|p2: 1235j|Stealth Rock|[from] move: Defog|[of] p1a: Hatterene
|-sideend|p1: BentoBo|Spikes|[from] move: Defog|[of] p1a: Hatterene
|
|upkeep
|turn|15
|
|t:|1769390431
|move|p2a: Braviary|Esper Wing|p1a: Hatterene
|-resisted|p1a: Hatterene
|-damage|p1a: Hatterene|40/100
|-boost|p2a: Braviary|spe|1
|move|p1a: Hatterene|Nuzzle|p2a: Braviary
|-supereffective|p2a: Braviary
|-damage|p2a: Braviary|65/100
|-status|p2a: Braviary|par
|
|upkeep
|turn|16
|
|t:|1769390447
|move|p2a: Braviary|Esper Wing|p1a: Hatterene
|-resisted|p1a: Hatterene
|-damage|p1a: Hatterene|19/100
|-boost|p2a: Braviary|spe|1
|move|p1a: Hatterene|Mystical Fire|p2a: Braviary
|-damage|p2a: Braviary|41/100 par
|-unboost|p2a: Braviary|spa|1
|
|upkeep
|turn|17
|
|t:|1769390457
|move|p2a: Braviary|Esper Wing|p1a: Hatterene
|-resisted|p1a: Hatterene
|-damage|p1a: Hatterene|5/100
|-boost|p2a: Braviary|spe|1
|move|p1a: Hatterene|Draining Kiss|p2a: Braviary
|-damage|p2a: Braviary|18/100 par
|-heal|p1a: Hatterene|29/100|[from] drain|[of] p2a: Braviary
|
|upkeep
|turn|18
|
|t:|1769390468
|move|p2a: Braviary|Air Slash|p1a: Hatterene
|-damage|p1a: Hatterene|15/100
|move|p1a: Hatterene|Draining Kiss|p2a: Braviary
|-damage|p2a: Braviary|0 fnt
|-heal|p1a: Hatterene|34/100|[from] drain|[of] p2a: Braviary
|faint|p2a: Braviary
|
|upkeep
|
|t:|1769390478
|switch|p2a: Electrode|Electrode-Hisui|50/100
|turn|19
|
|t:|1769390485
|move|p2a: Electrode|Rest|p2a: Electrode
|-status|p2a: Electrode|slp|[from] move: Rest
|-heal|p2a: Electrode|100/100 slp|[silent]
|move|p1a: Hatterene|Mystical Fire|p2a: Electrode
|-supereffective|p2a: Electrode
|-damage|p2a: Electrode|30/100 slp
|-unboost|p2a: Electrode|spa|1
|
|upkeep
|turn|20
|
|t:|1769390496
|cant|p2a: Electrode|slp
|move|p2a: Electrode|Sleep Talk|p2a: Electrode
|move|p2a: Electrode|Volt Switch|p1a: Hatterene|[from] move: Sleep Talk
|-damage|p1a: Hatterene|23/100
|
|t:|1769390504
|switch|p2a: Arcanine|Arcanine-Hisui, M|100/100|[from] Volt Switch
|move|p1a: Hatterene|Draining Kiss|p2a: Arcanine
|-resisted|p2a: Arcanine
|-damage|p2a: Arcanine|87/100
|-heal|p1a: Hatterene|35/100|[from] drain|[of] p2a: Arcanine
|
|upkeep
|turn|21
|
|t:|1769390515
|switch|p1a: Incineroar|Incineroar, M|100/100
|-ability|p1a: Incineroar|Intimidate|boost
|-unboost|p2a: Arcanine|atk|1
|move|p2a: Arcanine|Head Smash|p1a: Incineroar
|-supereffective|p1a: Incineroar
|-damage|p1a: Incineroar|0 fnt
|faint|p1a: Incineroar
|
|upkeep
|
|t:|1769390526
|switch|p1a: Tornadus|Tornadus-Therian, M|70/100
|turn|22
|
|t:|1769390533
|switch|p1a: Rhyperior|Rhyperior, M|94/100
|move|p2a: Arcanine|Head Smash|p1a: Rhyperior
|-resisted|p1a: Rhyperior
|-damage|p1a: Rhyperior|76/100
|
|-heal|p1a: Rhyperior|82/100|[from] item: Leftovers
|upkeep
|turn|23
|
|t:|1769390545
|switch|p2a: Electrode|Electrode-Hisui|30/100 slp
|move|p1a: Rhyperior|Stealth Rock|p2a: Electrode
|-sidestart|p2: 1235j|move: Stealth Rock
|
|-heal|p1a: Rhyperior|89/100|[from] item: Leftovers
|upkeep
|turn|24
|
|t:|1769390554
|cant|p2a: Electrode|slp
|move|p2a: Electrode|Sleep Talk|p2a: Electrode
|move|p2a: Electrode|Rest||[from] move: Sleep Talk|[still]
|-fail|p2a: Electrode
|move|p1a: Rhyperior|Earthquake|p2a: Electrode
|-damage|p2a: Electrode|0 fnt
|faint|p2a: Electrode
|
|-heal|p1a: Rhyperior|95/100|[from] item: Leftovers
|upkeep
|
|t:|1769390572
|switch|p2a: Goodra|Goodra-Hisui, M|100/100
|-damage|p2a: Goodra|94/100|[from] Stealth Rock
|-item|p2a: Goodra|Air Balloon
|turn|25
|
|t:|1769390597
|move|p2a: Goodra|Ice Beam|p1a: Rhyperior
|-supereffective|p1a: Rhyperior
|-damage|p1a: Rhyperior|37/100
|move|p1a: Rhyperior|Iron Defense|p1a: Rhyperior
|-boost|p1a: Rhyperior|def|2
|
|-heal|p1a: Rhyperior|44/100|[from] item: Leftovers
|upkeep
|turn|26
|
|t:|1769390607
|move|p2a: Goodra|Ice Beam|p1a: Rhyperior
|-supereffective|p1a: Rhyperior
|-damage|p1a: Rhyperior|0 fnt
|faint|p1a: Rhyperior
|
|upkeep
|
|t:|1769390609
|switch|p1a: Hatterene|Hatterene, F|35/100
|turn|27
|
|t:|1769390618
|move|p2a: Goodra|Flash Cannon|p1a: Hatterene
|-supereffective|p1a: Hatterene
|-damage|p1a: Hatterene|0 fnt
|faint|p1a: Hatterene
|
|upkeep
|
|t:|1769390621
|switch|p1a: Tornadus|Tornadus-Therian, M|100/100
|turn|28
|
|t:|1769390627
|-terastallize|p2a: Goodra|Ice
|move|p1a: Tornadus|Heat Wave|p2a: Goodra
|-supereffective|p2a: Goodra
|-damage|p2a: Goodra|61/100
|-enditem|p2a: Goodra|Air Balloon
|move|p2a: Goodra|Ice Beam|p1a: Tornadus
|-supereffective|p1a: Tornadus
|-damage|p1a: Tornadus|24/100
|
|upkeep
|turn|29
|
|t:|1769390637
|move|p1a: Tornadus|Heat Wave|p2a: Goodra
|-supereffective|p2a: Goodra
|-damage|p2a: Goodra|30/100
|move|p2a: Goodra|Ice Beam|p1a: Tornadus
|-supereffective|p1a: Tornadus
|-damage|p1a: Tornadus|0 fnt
|faint|p1a: Tornadus
|
|win|1235j
|raw|BentoBo's rating: 1094 &rarr; <strong>1073</strong><br />(-21 for losing)
|raw|1235j's rating: 1132 &rarr; <strong>1154</strong><br />(+22 for winning)
|l|‽BentoBo
|player|p1|
|l|☆1235j
|player|p2|
