|j|☆bballtjh123
|j|☆HypernovaFr
|t:|1769349924
|gametype|singles
|player|p1|bballtjh123|1|1299
|player|p2|HypernovaFr|bellelba|1307
|gen|9
|tier|[Gen 9] OU
|rated|
|rule|HP Percentage Mod: HP is shown in percentages
|rule|Endless Battle Clause: Forcing endless battles is banned
|rule|Species Clause: Limit one of each Pokémon
|rule|OHKO Clause: OHKO moves are banned
|rule|Evasion Items Clause: Evasion items are banned
|rule|Evasion Moves Clause: Evasion moves are banned
|rule|Evasion Abilities Clause: Evasion abilities are banned
|rule|Sleep Moves Clause: Sleep-inducing moves are banned
|clearpoke
|poke|p1|Kyurem|
|poke|p1|Slowking-Galar, F|
|poke|p1|Great Tusk|
|poke|p1|Rillaboom, M|
|poke|p1|Kingambit, M|
|poke|p1|Moltres|
|poke|p2|Zoroark-Hisui, M|
|poke|p2|Dragapult, F|
|poke|p2|Gastrodon, F|
|poke|p2|Incineroar, M|
|poke|p2|Enamorus, F|
|poke|p2|Magnezone|
|teampreview
|inactive|Battle timer is ON: inactive players will automatically lose when time's up. (requested by HypernovaFr)
|c|☆HypernovaFr|gl
|
|t:|1769349948
|teamsize|p1|6
|teamsize|p2|6
|start
|switch|p1a: Rillaboom|Rillaboom, M|100/100
|switch|p2a: Sida|Enamorus, F|100/100
|-fieldstart|move: Grassy Terrain|[from] ability: Grassy Surge|[of] p1a: Rillaboom
|turn|1
|
|t:|1769349961
|switch|p1a: Slowking|Slowking-Galar, F|100/100
|move|p2a: Sida|Mystical Fire|p1a: Slowking
|-damage|p1a: Slowking|77/100
|-unboost|p1a: Slowking|spa|1
|
|-heal|p1a: Slowking|83/100|[from] Grassy Terrain
|upkeep
|turn|2
|
|t:|1769349973
|switch|p2a: Tacos|Incineroar, M, shiny|100/100
|-ability|p2a: Tacos|Intimidate|boost
|-unboost|p1a: Slowking|atk|1
|move|p1a: Slowking|Thunder Wave|p2a: Tacos
|-status|p2a: Tacos|par
|
|-heal|p1a: Slowking|89/100|[from] Grassy Terrain
|upkeep
|turn|3
|
|t:|1769349992
|switch|p1a: Moltres|Moltres|100/100
|move|p2a: Tacos|Knock Off|p1a: Moltres
|-damage|p1a: Moltres|73/100
|-enditem|p1a: Moltres|Heavy-Duty Boots|[from] move: Knock Off|[of] p2a: Tacos
|
|upkeep
|turn|4
|
|t:|1769350003
|move|p1a: Moltres|U-turn|p2a: Tacos
|-damage|p2a: Tacos|88/100 par
|
|t:|1769350017
|switch|p1a: Great Tusk|Great Tusk|100/100|[from] U-turn
|move|p2a: Tacos|Parting Shot|p1a: Great Tusk
|-unboost|p1a: Great Tusk|atk|1
|-unboost|p1a: Great Tusk|spa|1
|
|t:|1769350026
|switch|p2a: Sida|Enamorus, F|100/100|[from] Parting Shot
|
|upkeep
|turn|5
|
|t:|1769350043
|-end|p1a: Great Tusk|Protosynthesis|[silent]
|switch|p1a: Slowking|Slowking-Galar, F|100/100
|move|p2a: Sida|Moonblast|p1a: Slowking
|-resisted|p1a: Slowking
|-damage|p1a: Slowking|76/100
|-unboost|p1a: Slowking|spa|1
|
|-heal|p1a: Slowking|82/100|[from] Grassy Terrain
|-fieldend|move: Grassy Terrain
|upkeep
|turn|6
|
|t:|1769350053
|switch|p2a: Terminator|Magnezone, shiny|100/100
|-prepare|p1a: Slowking|Chilly Reception|[premajor]
|move|p1a: Slowking|Chilly Reception|p1a: Slowking
|-weather|Snowscape
|
|t:|1769350072
|switch|p1a: Great Tusk|Great Tusk|100/100|[from] Chilly Reception
|
|-weather|Snowscape|[upkeep]
|upkeep
|turn|7
|inactive|bballtjh123 has 120 seconds left.
|inactive|HypernovaFr has 120 seconds left.
|
|t:|1769350108
|-terastallize|p2a: Terminator|Grass
|move|p1a: Great Tusk|Ice Spinner|p2a: Terminator
|-supereffective|p2a: Terminator
|-damage|p2a: Terminator|39/100
|move|p2a: Terminator|Tera Blast|p1a: Great Tusk|[anim] Tera Blast Grass
|-supereffective|p1a: Great Tusk
|-crit|p1a: Great Tusk
|-damage|p1a: Great Tusk|0 fnt
|faint|p1a: Great Tusk
|-end|p1a: Great Tusk|Protosynthesis|[silent]
|
|-weather|Snowscape|[upkeep]
|upkeep
|inactive|bballtjh123 has 120 seconds left.
|
|t:|1769350123
|switch|p1a: Kyurem|Kyurem, shiny|100/100
|-ability|p1a: Kyurem|Pressure
|turn|8
|
|t:|1769350128
|move|p1a: Kyurem|Ice Beam|p2a: Terminator
|-supereffective|p2a: Terminator
|-damage|p2a: Terminator|0 fnt
|faint|p2a: Terminator
|
|-weather|Snowscape|[upkeep]
|upkeep
|
|t:|1769350137
|switch|p2a: Mirage|Dragapult, F, shiny|100/100
|turn|9
|
|t:|1769350147
|-terastallize|p1a: Kyurem|Ice
|move|p2a: Mirage|Draco Meteor|p1a: Kyurem
|-damage|p1a: Kyurem|25/100
|-unboost|p2a: Mirage|spa|2
|move|p1a: Kyurem|Ice Beam|p2a: Mirage
|-supereffective|p2a: Mirage
|-damage|p2a: Mirage|0 fnt
|faint|p2a: Mirage
|
|-weather|Snowscape|[upkeep]
|upkeep
|
|t:|1769350156
|switch|p2a: Sida|Enamorus, F|100/100
|turn|10
|
|t:|1769350170
|switch|p1a: Slowking|Slowking-Galar, F|100/100
|move|p2a: Sida|Shadow Ball|p1a: Slowking
|-supereffective|p1a: Slowking
|-damage|p1a: Slowking|50/100
|
|-weather|none
|upkeep
|turn|11
|
|t:|1769350186
|switch|p1a: Kingambit|Kingambit, M|100/100
|-activate|p1a: Kingambit|ability: Supreme Overlord
|-start|p1a: Kingambit|fallen1|[silent]
|move|p2a: Sida|Shadow Ball|p1a: Kingambit
|-resisted|p1a: Kingambit
|-damage|p1a: Kingambit|81/100
|
|upkeep
|turn|12
|
|t:|1769350206
|switch|p2a: Tacos|Incineroar, M, shiny|88/100 par
|-ability|p2a: Tacos|Intimidate|boost
|-unboost|p1a: Kingambit|atk|1
|move|p1a: Kingambit|Swords Dance|p1a: Kingambit
|-boost|p1a: Kingambit|atk|2
|
|upkeep
|turn|13
|
|t:|1769350222
|move|p1a: Kingambit|Kowtow Cleave|p2a: Tacos
|-resisted|p2a: Tacos
|-damage|p2a: Tacos|52/100 par
|move|p2a: Tacos|Close Combat|p1a: Kingambit
|-supereffective|p1a: Kingambit
|-damage|p1a: Kingambit|0 fnt
|-unboost|p2a: Tacos|def|1
|-unboost|p2a: Tacos|spd|1
|faint|p1a: Kingambit
|-end|p1a: Kingambit|fallen1|[silent]
|
|upkeep
|inactive|bballtjh123 has 120 seconds left.
|
|t:|1769350240
|switch|p1a: Moltres|Moltres|73/100
|turn|14
|
|t:|1769350254
|move|p1a: Moltres|Flamethrower|p2a: Tacos
|-resisted|p2a: Tacos
|-damage|p2a: Tacos|27/100 par
|move|p2a: Tacos|Parting Shot|p1a: Moltres
|-unboost|p1a: Moltres|atk|1
|-unboost|p1a: Moltres|spa|1
|
|t:|1769350276
|switch|p2a: Sida|Enamorus, F|100/100|[from] Parting Shot
|
|upkeep
|turn|15
|
|t:|1769350289
|move|p2a: Sida|Shadow Ball|p1a: Moltres
|-damage|p1a: Moltres|34/100
|move|p1a: Moltres|U-turn|p2a: Sida
|-resisted|p2a: Sida
|-damage|p2a: Sida|91/100
|replace|p2a: Tokyo Hotel|Zoroark-Hisui, M, shiny
|-end|p2a: Tokyo Hotel|Illusion
|inactive|bballtjh123 has 120 seconds left.
|
|t:|1769350308
|switch|p1a: Rillaboom|Rillaboom, M|100/100|[from] U-turn
|-fieldstart|move: Grassy Terrain|[from] ability: Grassy Surge|[of] p1a: Rillaboom
|
|-heal|p2a: Tokyo Hotel|97/100|[from] Grassy Terrain
|upkeep
|turn|16
|inactive|HypernovaFr has 120 seconds left.
|
|t:|1769350348
|switch|p2a: Diarhée|Gastrodon, F, shiny|100/100
|move|p1a: Rillaboom|Grassy Glide|p2a: Diarhée
|-supereffective|p2a: Diarhée
|-damage|p2a: Diarhée|0 fnt
|faint|p2a: Diarhée
|
|upkeep
|
|t:|1769350351
|switch|p2a: Tacos|Incineroar, M, shiny|27/100 par
|-ability|p2a: Tacos|Intimidate|boost
|-unboost|p1a: Rillaboom|atk|1
|turn|17
|
|t:|1769350370
|switch|p1a: Moltres|Moltres|34/100
|move|p2a: Tacos|Knock Off|p1a: Moltres
|-damage|p1a: Moltres|13/100
|
|-heal|p2a: Tacos|33/100 par|[from] Grassy Terrain
|upkeep
|turn|18
|inactive|HypernovaFr has 120 seconds left.
|
|t:|1769350386
|switch|p2a: Sida|Enamorus, F|100/100
|move|p1a: Moltres|Roost|p1a: Moltres
|-heal|p1a: Moltres|63/100
|-singleturn|p1a: Moltres|move: Roost
|
|-heal|p1a: Moltres|69/100|[from] Grassy Terrain
|upkeep
|turn|19
|inactive|HypernovaFr has 120 seconds left.
|
|t:|1769350399
|move|p2a: Sida|Psychic|p1a: Moltres
|-damage|p1a: Moltres|18/100
|move|p1a: Moltres|Flamethrower|p2a: Sida
|-damage|p2a: Sida|50/100
|-status|p2a: Sida|brn
|
|-damage|p2a: Sida|44/100 brn|[from] brn
|-fieldend|move: Grassy Terrain
|upkeep
|turn|20
|
|t:|1769350417
|move|p2a: Sida|Psychic|p1a: Moltres
|-damage|p1a: Moltres|0 fnt
|faint|p1a: Moltres
|
|-damage|p2a: Sida|38/100 brn|[from] brn
|upkeep
|
|t:|1769350425
|switch|p1a: Rillaboom|Rillaboom, M|100/100
|-fieldstart|move: Grassy Terrain|[from] ability: Grassy Surge|[of] p1a: Rillaboom
|turn|21
|
|t:|1769350435
|switch|p2a: Tacos|Incineroar, M, shiny|33/100 par
|-ability|p2a: Tacos|Intimidate|boost
|-unboost|p1a: Rillaboom|atk|1
|move|p1a: Rillaboom|Grassy Glide|p2a: Tacos
|-resisted|p2a: Tacos
|-crit|p2a: Tacos
|-damage|p2a: Tacos|0 fnt
|faint|p2a: Tacos
|
|upkeep
|
|t:|1769350450
|switch|p2a: Sida|Enamorus, F|97/100
|turn|22
|
|t:|1769350468
|switch|p1a: Kyurem|Kyurem, shiny, tera:Ice|25/100
|-ability|p1a: Kyurem|Pressure
|move|p2a: Sida|Trick|p1a: Kyurem
|-activate|p2a: Sida|move: Trick|[of] p1a: Kyurem
|-item|p1a: Kyurem|Choice Scarf|[from] move: Trick
|-item|p2a: Sida|Choice Specs|[from] move: Trick
|
|-heal|p1a: Kyurem|31/100|[from] Grassy Terrain
|-heal|p2a: Sida|100/100|[from] Grassy Terrain
|upkeep
|turn|23
|c|☆HypernovaFr|oh shit
|
|t:|1769350485
|move|p1a: Kyurem|Ice Beam|p2a: Sida
|-damage|p2a: Sida|0 fnt
|replace|p2a: Tokyo Hotel|Zoroark-Hisui, M, shiny
|-end|p2a: Tokyo Hotel|Illusion
|faint|p2a: Tokyo Hotel
|
|-heal|p1a: Kyurem|37/100|[from] Grassy Terrain
|upkeep
|
|t:|1769350487
|switch|p2a: Sida|Enamorus, F|38/100 brn
|turn|24
|c|☆HypernovaFr|gg
|
|t:|1769350495
|move|p1a: Kyurem|Ice Beam|p2a: Sida
|-supereffective|p2a: Sida
|-damage|p2a: Sida|0 fnt
|faint|p2a: Sida
|
|win|bballtjh123
|raw|bballtjh123's rating: 1299 &rarr; <strong>1325</strong><br />(+26 for winning)
|raw|HypernovaFr's rating: 1307 &rarr; <strong>1287</strong><br />(-20 for losing)
|l|☆HypernovaFr
|player|p2|
|l|☆bballtjh123
|player|p1|
