|j|☆choicesocks
|j|☆Hikinggoat
|t:|1769422565
|gametype|singles
|player|p1|choicesocks|169|1370
|player|p2|Hikinggoat|101|1348
|gen|9
|tier|[Gen 9] OU
|rated|
|rule|HP Percentage Mod: HP is shown in percentages
|rule|Endless Battle Clause: Forcing endless battles is banned
|rule|Species Clause: Limit one of each Pokémon
|rule|OHKO Clause: OHKO moves are banned
|rule|Evasion Items Clause: Evasion items are banned
|rule|Evasion Moves Clause: Evasion moves are banned
|rule|Evasion Abilities Clause: Evasion abilities are banned
|rule|Sleep Moves Clause: Sleep-inducing moves are banned
|clearpoke
|poke|p1|Garchomp, F|
|poke|p1|Samurott-Hisui, M|
|poke|p1|Glimmora, F|
|poke|p1|Gholdengo|
|poke|p1|Iron Valiant|
|poke|p1|Dragapult, M|
|poke|p2|Milotic, M|
|poke|p2|Zapdos-Galar|
|poke|p2|Pecharunt|
|poke|p2|Ting-Lu|
|poke|p2|Great Tusk|
|poke|p2|Dragapult, M|
|teampreview
|
|t:|1769422574
|teamsize|p1|6
|teamsize|p2|6
|start
|switch|p1a: Glimmora|Glimmora, F|100/100
|switch|p2a: Ting-Lu|Ting-Lu|100/100
|-ability|p2a: Ting-Lu|Vessel of Ruin
|turn|1
|
|t:|1769422583
|move|p1a: Glimmora|Stealth Rock|p2a: Ting-Lu
|-sidestart|p2: Hikinggoat|move: Stealth Rock
|move|p2a: Ting-Lu|Stealth Rock|p1a: Glimmora
|-sidestart|p1: choicesocks|move: Stealth Rock
|
|upkeep
|turn|2
|
|t:|1769422590
|move|p1a: Glimmora|Mortal Spin|p2a: Ting-Lu
|-resisted|p2a: Ting-Lu
|-damage|p2a: Ting-Lu|99/100
|-status|p2a: Ting-Lu|psn
|-sideend|p1: choicesocks|Stealth Rock|[from] move: Mortal Spin|[of] p1a: Glimmora
|move|p2a: Ting-Lu|Spikes|p1a: Glimmora
|-sidestart|p1: choicesocks|Spikes
|
|-heal|p2a: Ting-Lu|100/100 psn|[from] item: Leftovers
|-damage|p2a: Ting-Lu|88/100 psn|[from] psn
|upkeep
|turn|3
|
|t:|1769422602
|move|p1a: Glimmora|Spikes|p2a: Ting-Lu
|-sidestart|p2: Hikinggoat|Spikes
|move|p2a: Ting-Lu|Earthquake|p1a: Glimmora
|-supereffective|p1a: Glimmora
|-enditem|p1a: Glimmora|Focus Sash
|-damage|p1a: Glimmora|1/100
|-activate|p1a: Glimmora|ability: Toxic Debris
|-sidestart|p2: Hikinggoat|move: Toxic Spikes
|
|-heal|p2a: Ting-Lu|94/100 psn|[from] item: Leftovers
|-damage|p2a: Ting-Lu|82/100 psn|[from] psn
|upkeep
|turn|4
|
|t:|1769422614
|move|p1a: Glimmora|Mortal Spin|p2a: Ting-Lu
|-resisted|p2a: Ting-Lu
|-damage|p2a: Ting-Lu|80/100 psn
|-sideend|p1: choicesocks|Spikes|[from] move: Mortal Spin|[of] p1a: Glimmora
|move|p2a: Ting-Lu|Stealth Rock|p1a: Glimmora
|-sidestart|p1: choicesocks|move: Stealth Rock
|
|-heal|p2a: Ting-Lu|87/100 psn|[from] item: Leftovers
|-damage|p2a: Ting-Lu|74/100 psn|[from] psn
|upkeep
|turn|5
|
|t:|1769422629
|move|p1a: Glimmora|Mortal Spin|p2a: Ting-Lu
|-resisted|p2a: Ting-Lu
|-damage|p2a: Ting-Lu|73/100 psn
|-sideend|p1: choicesocks|Stealth Rock|[from] move: Mortal Spin|[of] p1a: Glimmora
|move|p2a: Ting-Lu|Earthquake|p1a: Glimmora
|-supereffective|p1a: Glimmora
|-damage|p1a: Glimmora|0 fnt
|-activate|p1a: Glimmora|ability: Toxic Debris
|-sidestart|p2: Hikinggoat|move: Toxic Spikes
|faint|p1a: Glimmora
|
|-heal|p2a: Ting-Lu|79/100 psn|[from] item: Leftovers
|-damage|p2a: Ting-Lu|66/100 psn|[from] psn
|upkeep
|
|t:|1769422656
|switch|p1a: Samurott|Samurott-Hisui, M|100/100
|turn|6
|
|t:|1769422661
|move|p1a: Samurott|Knock Off|p2a: Ting-Lu
|-resisted|p2a: Ting-Lu
|-damage|p2a: Ting-Lu|55/100 psn
|-enditem|p2a: Ting-Lu|Leftovers|[from] move: Knock Off|[of] p1a: Samurott
|move|p2a: Ting-Lu|Stealth Rock|p1a: Samurott
|-sidestart|p1: choicesocks|move: Stealth Rock
|
|-damage|p2a: Ting-Lu|43/100 psn|[from] psn
|upkeep
|turn|7
|
|t:|1769422671
|move|p1a: Samurott|Ceaseless Edge|p2a: Ting-Lu
|-resisted|p2a: Ting-Lu
|-damage|p2a: Ting-Lu|31/100 psn
|-sidestart|p2: Hikinggoat|Spikes
|move|p2a: Ting-Lu|Spikes|p1a: Samurott
|-sidestart|p1: choicesocks|Spikes
|
|-damage|p2a: Ting-Lu|19/100 psn|[from] psn
|upkeep
|turn|8
|
|t:|1769422680
|move|p1a: Samurott|Aqua Jet|p2a: Ting-Lu
|-supereffective|p2a: Ting-Lu
|-damage|p2a: Ting-Lu|1/100 psn
|move|p2a: Ting-Lu|Spikes|p1a: Samurott
|-sidestart|p1: choicesocks|Spikes
|
|-damage|p2a: Ting-Lu|0 fnt|[from] psn
|faint|p2a: Ting-Lu
|upkeep
|
|t:|1769422692
|switch|p2a: Great Tusk|Great Tusk|100/100
|turn|9
|
|t:|1769422713
|switch|p1a: Dragapult|Dragapult, M|100/100
|-damage|p1a: Dragapult|88/100|[from] Stealth Rock
|-damage|p1a: Dragapult|72/100|[from] Spikes
|move|p2a: Great Tusk|Knock Off|p1a: Dragapult
|-supereffective|p1a: Dragapult
|-damage|p1a: Dragapult|0 fnt
|-enditem|p1a: Dragapult|Choice Band|[from] move: Knock Off|[of] p2a: Great Tusk
|faint|p1a: Dragapult
|
|upkeep
|
|t:|1769422736
|switch|p1a: Iron Valiant|Iron Valiant|100/100
|-damage|p1a: Iron Valiant|94/100|[from] Stealth Rock
|-damage|p1a: Iron Valiant|78/100|[from] Spikes
|-enditem|p1a: Iron Valiant|Booster Energy
|-activate|p1a: Iron Valiant|ability: Quark Drive|[fromitem]
|-start|p1a: Iron Valiant|quarkdrivespe
|turn|10
|
|t:|1769422748
|-terastallize|p2a: Great Tusk|Steel
|move|p1a: Iron Valiant|Encore|p2a: Great Tusk
|-start|p2a: Great Tusk|Encore
|move|p2a: Great Tusk|Knock Off|p1a: Iron Valiant
|-resisted|p1a: Iron Valiant
|-damage|p1a: Iron Valiant|70/100
|
|upkeep
|turn|11
|
|t:|1769422771
|-end|p2a: Great Tusk|Protosynthesis|[silent]
|switch|p2a: Pecharunt|Pecharunt|100/100
|-sideend|p2: Hikinggoat|move: Toxic Spikes|[of] p2a: Pecharunt
|move|p1a: Iron Valiant|Moonblast|p2a: Pecharunt
|-resisted|p2a: Pecharunt
|-damage|p2a: Pecharunt|77/100
|-unboost|p2a: Pecharunt|spa|1
|
|upkeep
|turn|12
|
|t:|1769422782
|-end|p1a: Iron Valiant|Quark Drive|[silent]
|switch|p1a: Gholdengo|Gholdengo|100/100
|-damage|p1a: Gholdengo|94/100|[from] Stealth Rock
|-damage|p1a: Gholdengo|78/100|[from] Spikes
|move|p2a: Pecharunt|Malignant Chain|p1a: Gholdengo
|-immune|p1a: Gholdengo
|
|upkeep
|turn|13
|
|t:|1769422798
|switch|p2a: Milotic|Milotic, M|100/100
|move|p1a: Gholdengo|Shadow Ball|p2a: Milotic
|-damage|p2a: Milotic|76/100
|
|upkeep
|turn|14
|
|t:|1769422806
|switch|p1a: Samurott|Samurott-Hisui, M|100/100
|-damage|p1a: Samurott|88/100|[from] Stealth Rock
|-damage|p1a: Samurott|72/100|[from] Spikes
|move|p2a: Milotic|Dragon Tail|p1a: Samurott
|-damage|p1a: Samurott|60/100
|drag|p1a: Iron Valiant|Iron Valiant|70/100
|-damage|p1a: Iron Valiant|64/100|[from] Stealth Rock
|-damage|p1a: Iron Valiant|47/100|[from] Spikes
|
|upkeep
|turn|15
|
|t:|1769422821
|move|p1a: Iron Valiant|Moonblast|p2a: Milotic
|-damage|p2a: Milotic|51/100
|-unboost|p2a: Milotic|spa|1
|-ability|p2a: Milotic|Competitive|boost
|-boost|p2a: Milotic|spa|2
|move|p2a: Milotic|Alluring Voice|p1a: Iron Valiant
|-supereffective|p1a: Iron Valiant
|-damage|p1a: Iron Valiant|0 fnt
|faint|p1a: Iron Valiant
|-end|p1a: Iron Valiant|Quark Drive|[silent]
|
|upkeep
|
|t:|1769422833
|switch|p1a: Gholdengo|Gholdengo|78/100
|-damage|p1a: Gholdengo|72/100|[from] Stealth Rock
|-damage|p1a: Gholdengo|55/100|[from] Spikes
|turn|16
|
|t:|1769422839
|move|p1a: Gholdengo|Trick|p2a: Milotic
|-activate|p1a: Gholdengo|move: Trick|[of] p2a: Milotic
|-item|p2a: Milotic|Choice Scarf|[from] move: Trick
|-item|p1a: Gholdengo|Heavy-Duty Boots|[from] move: Trick
|move|p2a: Milotic|Dragon Tail|p1a: Gholdengo|[miss]
|-miss|p2a: Milotic|p1a: Gholdengo
|
|upkeep
|turn|17
|
|t:|1769422850
|move|p1a: Gholdengo|Shadow Ball|p2a: Milotic
|-damage|p2a: Milotic|28/100
|move|p2a: Milotic|Dragon Tail|p1a: Gholdengo
|-resisted|p1a: Gholdengo
|-damage|p1a: Gholdengo|51/100
|drag|p1a: Garchomp|Garchomp, F|100/100
|-damage|p1a: Garchomp|94/100|[from] Stealth Rock
|-damage|p1a: Garchomp|78/100|[from] Spikes
|
|upkeep
|turn|18
|
|t:|1769422865
|move|p1a: Garchomp|Earthquake|p2a: Milotic
|-damage|p2a: Milotic|0 fnt
|faint|p2a: Milotic
|
|upkeep
|
|t:|1769422874
|switch|p2a: Great Tusk|Great Tusk, tera:Steel|100/100
|turn|19
|
|t:|1769422885
|-terastallize|p1a: Garchomp|Fire
|move|p1a: Garchomp|Swords Dance|p1a: Garchomp
|-boost|p1a: Garchomp|atk|2
|move|p2a: Great Tusk|Rapid Spin|p1a: Garchomp
|-damage|p1a: Garchomp|61/100
|-boost|p2a: Great Tusk|spe|1
|-damage|p2a: Great Tusk|88/100|[from] ability: Rough Skin|[of] p1a: Garchomp
|-sideend|p2: Hikinggoat|Spikes|[from] move: Rapid Spin|[of] p2a: Great Tusk
|-sideend|p2: Hikinggoat|Stealth Rock|[from] move: Rapid Spin|[of] p2a: Great Tusk
|
|upkeep
|turn|20
|
|t:|1769422896
|move|p2a: Great Tusk|Headlong Rush|p1a: Garchomp
|-supereffective|p1a: Garchomp
|-damage|p1a: Garchomp|0 fnt
|-unboost|p2a: Great Tusk|def|1
|-unboost|p2a: Great Tusk|spd|1
|-damage|p2a: Great Tusk|76/100|[from] ability: Rough Skin|[of] p1a: Garchomp
|faint|p1a: Garchomp
|
|upkeep
|-message|choicesocks forfeited.
|
|win|Hikinggoat
|raw|choicesocks's rating: 1370 &rarr; <strong>1349</strong><br />(-21 for losing)
|raw|Hikinggoat's rating: 1348 &rarr; <strong>1369</strong><br />(+21 for winning)
|l|☆choicesocks
|player|p1|
|l|☆Hikinggoat
|player|p2|
