|inactive|Battle timer is ON: inactive players will automatically lose when time's up.
|t:|1769368842
|gametype|singles
|player|p1|Setsu|gloria-league|
|player|p2|AcrOne|#splxviiruiners|
|gen|9
|tier|[Gen 9] OU
|rule|HP Percentage Mod: HP is shown in percentages
|rule|Endless Battle Clause: Forcing endless battles is banned
|rule|Species Clause: Limit one of each Pokémon
|rule|OHKO Clause: OHKO moves are banned
|rule|Evasion Items Clause: Evasion items are banned
|rule|Evasion Moves Clause: Evasion moves are banned
|rule|Evasion Abilities Clause: Evasion abilities are banned
|rule|Sleep Moves Clause: Sleep-inducing moves are banned
|clearpoke
|poke|p1|Iron Valiant|
|poke|p1|Kyurem|
|poke|p1|Landorus-Therian, M|
|poke|p1|Pecharunt|
|poke|p1|Kingambit, M|
|poke|p1|Zamazenta-*|
|poke|p2|Zamazenta-*|
|poke|p2|Ting-Lu|
|poke|p2|Gholdengo|
|poke|p2|Dragonite, M|
|poke|p2|Raging Bolt|
|poke|p2|Great Tusk|
|teampreview
|c|☆Setsu|hf
|c|☆AcrOne|hf
|c|+SupaGmoney|whats this
|inactive|Setsu has 270 seconds left.
|inactive|AcrOne has 270 seconds left.
|c|☆AcrOne|spl
|c|+SupaGmoney|gl
|c|☆AcrOne|thx
|inactive|Setsu has 240 seconds left.
|inactive|AcrOne has 240 seconds left.
|rated|Smogon Premier League
|inactive|Setsu has 210 seconds left.
|inactive|AcrOne has 210 seconds left.
|inactive|Setsu has 180 seconds left.
|inactive|AcrOne has 180 seconds left.
|inactive|Setsu has 150 seconds left.
|
|t:|1769369001
|teamsize|p1|6
|teamsize|p2|6
|start
|switch|p1a: Zamazenta|Zamazenta|100/100
|switch|p2a: Ting-Lu|Ting-Lu|100/100
|-ability|p1a: Zamazenta|Dauntless Shield|boost
|-boost|p1a: Zamazenta|def|1
|-ability|p2a: Ting-Lu|Vessel of Ruin
|turn|1
|inactive|Setsu has 210 seconds left.
|inactive|AcrOne has 210 seconds left.
|inactive|AcrOne has 180 seconds left.
|
|t:|1769369074
|move|p1a: Zamazenta|Close Combat|p2a: Ting-Lu
|-supereffective|p2a: Ting-Lu
|-damage|p2a: Ting-Lu|12/100
|-unboost|p1a: Zamazenta|def|1
|-unboost|p1a: Zamazenta|spd|1
|-enditem|p2a: Ting-Lu|Red Card|[of] p1a: Zamazenta
|drag|p1a: Landorus|Landorus-Therian, M|100/100
|-ability|p1a: Landorus|Intimidate|boost
|-unboost|p2a: Ting-Lu|atk|1
|move|p2a: Ting-Lu|Stealth Rock|p1a: Landorus
|-sidestart|p1: Setsu|move: Stealth Rock
|
|upkeep
|turn|2
|inactive|Setsu has 180 seconds left.
|inactive|AcrOne has 150 seconds left.
|inactive|Setsu has 150 seconds left.
|inactive|AcrOne has 120 seconds left.
|inactive|Setsu has 120 seconds left.
|
|t:|1769369171
|switch|p2a: Gholdengo|Gholdengo|100/100
|-item|p2a: Gholdengo|Air Balloon
|move|p1a: Landorus|U-turn|p2a: Gholdengo
|-resisted|p2a: Gholdengo
|-damage|p2a: Gholdengo|95/100
|-enditem|p2a: Gholdengo|Air Balloon
|inactive|Setsu has 90 seconds left.
|
|t:|1769369187
|switch|p1a: Zamazenta|Zamazenta|100/100|[from] U-turn
|-damage|p1a: Zamazenta|94/100|[from] Stealth Rock
|
|upkeep
|turn|3
|inactive|Setsu has 90 seconds left.
|inactive|AcrOne has 120 seconds left.
|inactive|Setsu has 60 seconds left.
|inactive|AcrOne has 90 seconds left.
|
|t:|1769369235
|switch|p2a: Zamazenta|Zamazenta|100/100
|-ability|p2a: Zamazenta|Dauntless Shield|boost
|-boost|p2a: Zamazenta|def|1
|move|p1a: Zamazenta|Crunch|p2a: Zamazenta
|-resisted|p2a: Zamazenta
|-damage|p2a: Zamazenta|89/100
|-unboost|p2a: Zamazenta|def|1
|-damage|p1a: Zamazenta|84/100|[from] item: Life Orb
|
|upkeep
|turn|4
|inactive|AcrOne has 90 seconds left.
|inactive|Setsu has 60 seconds left.
|inactive|AcrOne has 60 seconds left.
|
|t:|1769369286
|move|p2a: Zamazenta|Close Combat|p1a: Zamazenta
|-damage|p1a: Zamazenta|27/100
|-unboost|p2a: Zamazenta|def|1
|-unboost|p2a: Zamazenta|spd|1
|move|p1a: Zamazenta|Close Combat|p2a: Zamazenta
|-damage|p2a: Zamazenta|0 fnt
|-unboost|p1a: Zamazenta|def|1
|-unboost|p1a: Zamazenta|spd|1
|faint|p2a: Zamazenta
|-damage|p1a: Zamazenta|17/100|[from] item: Life Orb
|
|upkeep
|
|t:|1769369302
|switch|p2a: Dragonite|Dragonite, M|100/100
|turn|5
|inactive|Setsu has 30 seconds left.
|
|t:|1769369330
|switch|p2a: Ting-Lu|Ting-Lu|12/100
|-ability|p2a: Ting-Lu|Vessel of Ruin
|move|p1a: Zamazenta|Iron Head|p2a: Ting-Lu
|-damage|p2a: Ting-Lu|0 fnt
|faint|p2a: Ting-Lu
|-damage|p1a: Zamazenta|8/100|[from] item: Life Orb
|
|upkeep
|inactive|AcrOne has 30 seconds left.
|inactive|AcrOne has 20 seconds left.
|
|t:|1769369362
|switch|p2a: Dragonite|Dragonite, M|100/100
|turn|6
|inactive|AcrOne has 30 seconds left this turn.
|
|t:|1769369373
|move|p1a: Zamazenta|Iron Head|p2a: Dragonite
|-damage|p2a: Dragonite|80/100
|-damage|p1a: Zamazenta|0 fnt|[from] item: Life Orb
|faint|p1a: Zamazenta
|cant|p2a: Dragonite|flinch
|
|upkeep
|c|☆AcrOne|bruh
|inactive|Setsu has 30 seconds left.
|inactive|Setsu has 20 seconds left.
|
|t:|1769369395
|switch|p1a: Kyurem|Kyurem, shiny|100/100
|-damage|p1a: Kyurem|76/100|[from] Stealth Rock
|-ability|p1a: Kyurem|Pressure
|turn|7
|inactive|Setsu has 30 seconds left this turn.
|inactive|Setsu has 20 seconds left.
|inactive|Setsu has 15 seconds left.
|
|t:|1769369412
|switch|p2a: Gholdengo|Gholdengo|95/100
|move|p1a: Kyurem|Icicle Spear|p2a: Gholdengo
|-resisted|p2a: Gholdengo
|-damage|p2a: Gholdengo|87/100
|-resisted|p2a: Gholdengo
|-damage|p2a: Gholdengo|80/100
|-resisted|p2a: Gholdengo
|-damage|p2a: Gholdengo|73/100
|-resisted|p2a: Gholdengo
|-damage|p2a: Gholdengo|66/100
|-hitcount|p2a: Gholdengo|4
|
|upkeep
|turn|8
|inactive|Setsu has 25 seconds left this turn.
|inactive|Setsu has 20 seconds left.
|inactive|Setsu has 15 seconds left.
|inactive|Setsu has 10 seconds left.
|
|t:|1769369428
|switch|p1a: Kingambit|Kingambit, M|100/100
|-damage|p1a: Kingambit|94/100|[from] Stealth Rock
|-activate|p1a: Kingambit|ability: Supreme Overlord
|-start|p1a: Kingambit|fallen1|[silent]
|move|p2a: Gholdengo|Shadow Ball|p1a: Kingambit
|-resisted|p1a: Kingambit
|-damage|p1a: Kingambit|68/100
|
|upkeep
|turn|9
|inactive|Setsu has 20 seconds left this turn.
|inactive|Setsu has 15 seconds left.
|
|t:|1769369434
|switch|p2a: Great Tusk|Great Tusk|100/100
|-enditem|p2a: Great Tusk|Booster Energy
|-activate|p2a: Great Tusk|ability: Protosynthesis|[fromitem]
|-start|p2a: Great Tusk|protosynthesisspe
|-end|p1a: Kingambit|fallen1|[silent]
|switch|p1a: Kyurem|Kyurem, shiny|76/100
|-damage|p1a: Kyurem|51/100|[from] Stealth Rock
|-ability|p1a: Kyurem|Pressure
|
|upkeep
|turn|10
|inactive|Setsu has 25 seconds left this turn.
|inactive|Setsu has 20 seconds left.
|
|t:|1769369440
|move|p2a: Great Tusk|Head Smash|p1a: Kyurem
|-supereffective|p1a: Kyurem
|-damage|p1a: Kyurem|0 fnt
|faint|p1a: Kyurem
|-damage|p2a: Great Tusk|78/100|[from] Recoil
|
|upkeep
|inactive|Setsu has 25 seconds left this turn.
|inactive|Setsu has 20 seconds left.
|
|t:|1769369446
|switch|p1a: Landorus|Landorus-Therian, M|100/100
|-damage|p1a: Landorus|88/100|[from] Stealth Rock
|-ability|p1a: Landorus|Intimidate|boost
|-unboost|p2a: Great Tusk|atk|1
|turn|11
|inactive|Setsu has 30 seconds left this turn.
|inactive|AcrOne has 60 seconds left.
|
|t:|1769369458
|-end|p2a: Great Tusk|Protosynthesis|[silent]
|switch|p2a: Dragonite|Dragonite, M|80/100
|move|p1a: Landorus|Earth Power|p2a: Dragonite
|-immune|p2a: Dragonite
|
|upkeep
|turn|12
|inactive|Setsu has 30 seconds left.
|
|t:|1769369467
|-terastallize|p2a: Dragonite|Flying
|move|p1a: Landorus|Taunt|p2a: Dragonite
|-start|p2a: Dragonite|move: Taunt
|move|p2a: Dragonite|Tera Blast|p1a: Landorus|[anim] Tera Blast Flying
|-damage|p1a: Landorus|34/100
|-enditem|p1a: Landorus|Red Card|[of] p2a: Dragonite
|drag|p2a: Gholdengo|Gholdengo|66/100
|
|upkeep
|turn|13
|
|t:|1769369480
|switch|p2a: Dragonite|Dragonite, M, tera:Flying|80/100
|move|p1a: Landorus|Stealth Rock|p2a: Dragonite
|-sidestart|p2: AcrOne|move: Stealth Rock
|
|upkeep
|turn|14
|
|t:|1769369486
|move|p1a: Landorus|Taunt|p2a: Dragonite
|-start|p2a: Dragonite|move: Taunt
|move|p2a: Dragonite|Tera Blast|p1a: Landorus|[anim] Tera Blast Flying
|-damage|p1a: Landorus|0 fnt
|faint|p1a: Landorus
|
|upkeep
|
|t:|1769369493
|switch|p1a: Pecharunt|Pecharunt|100/100
|-damage|p1a: Pecharunt|88/100|[from] Stealth Rock
|turn|15
|
|t:|1769369504
|move|p1a: Pecharunt|Nasty Plot|p1a: Pecharunt
|-boost|p1a: Pecharunt|spa|2
|move|p2a: Dragonite|Earthquake|p1a: Pecharunt
|-supereffective|p1a: Pecharunt
|-damage|p1a: Pecharunt|41/100
|
|upkeep
|turn|16
|inactive|Setsu has 30 seconds left.
|inactive|Setsu has 20 seconds left.
|
|t:|1769369544
|move|p1a: Pecharunt|Malignant Chain|p2a: Dragonite
|-damage|p2a: Dragonite|6/100
|-status|p2a: Dragonite|tox
|-start|p2a: Dragonite|confusion|[from] ability: Poison Puppeteer|[of] p1a: Pecharunt
|-enditem|p2a: Dragonite|Lum Berry|[eat]
|-curestatus|p2a: Dragonite|tox|[msg]
|-end|p2a: Dragonite|confusion
|move|p2a: Dragonite|Earthquake|p1a: Pecharunt
|-supereffective|p1a: Pecharunt
|-damage|p1a: Pecharunt|0 fnt
|faint|p1a: Pecharunt
|
|-end|p2a: Dragonite|move: Taunt
|upkeep
|inactive|Setsu has 25 seconds left this turn.
|inactive|Setsu has 20 seconds left.
|inactive|Setsu has 15 seconds left.
|
|t:|1769369555
|switch|p1a: Iron Valiant|Iron Valiant|100/100
|-damage|p1a: Iron Valiant|94/100|[from] Stealth Rock
|-enditem|p1a: Iron Valiant|Booster Energy
|-activate|p1a: Iron Valiant|ability: Quark Drive|[fromitem]
|-start|p1a: Iron Valiant|quarkdrivespe
|turn|17
|inactive|Setsu has 25 seconds left this turn.
|inactive|Setsu has 20 seconds left.
|
|t:|1769369561
|move|p1a: Iron Valiant|Vacuum Wave|p2a: Dragonite
|-resisted|p2a: Dragonite
|-damage|p2a: Dragonite|0 fnt
|faint|p2a: Dragonite
|
|upkeep
|
|t:|1769369566
|switch|p2a: Gholdengo|Gholdengo|66/100
|-damage|p2a: Gholdengo|60/100|[from] Stealth Rock
|turn|18
|inactive|Setsu has 30 seconds left.
|inactive|Setsu has 20 seconds left.
|inactive|Setsu has 15 seconds left.
|inactive|Setsu has 10 seconds left.
|
|t:|1769369593
|-terastallize|p1a: Iron Valiant|Ghost
|move|p1a: Iron Valiant|Shadow Ball|p2a: Gholdengo
|-supereffective|p2a: Gholdengo
|-damage|p2a: Gholdengo|0 fnt
|faint|p2a: Gholdengo
|
|upkeep
|
|t:|1769369598
|switch|p2a: Raging Bolt|Raging Bolt|100/100
|-damage|p2a: Raging Bolt|88/100|[from] Stealth Rock
|-enditem|p2a: Raging Bolt|Booster Energy
|-activate|p2a: Raging Bolt|ability: Protosynthesis|[fromitem]
|-start|p2a: Raging Bolt|protosynthesisspa
|turn|19
|inactive|Setsu has 25 seconds left this turn.
|inactive|Setsu has 20 seconds left.
|inactive|Setsu has 15 seconds left.
|inactive|Setsu has 10 seconds left.
|inactive|AcrOne has 90 seconds left.
|inactive|AcrOne has 60 seconds left.
|inactive|AcrOne has 30 seconds left.
|inactive|AcrOne has 20 seconds left.
|inactive|AcrOne has 15 seconds left.
|inactive|AcrOne has 10 seconds left.
|inactive|AcrOne has 5 seconds left.
|
|t:|1769369713
|move|p1a: Iron Valiant|Moonblast|p2a: Raging Bolt
|-supereffective|p2a: Raging Bolt
|-damage|p2a: Raging Bolt|0 fnt
|faint|p2a: Raging Bolt
|-end|p2a: Raging Bolt|Protosynthesis|[silent]
|
|upkeep
|inactive|AcrOne has 10 seconds left this turn.
|
|t:|1769369716
|switch|p2a: Great Tusk|Great Tusk|78/100
|-damage|p2a: Great Tusk|75/100|[from] Stealth Rock
|turn|20
|inactive|Setsu has 25 seconds left this turn.
|inactive|AcrOne has 20 seconds left this turn.
|
|t:|1769369720
|move|p1a: Iron Valiant|Moonblast|p2a: Great Tusk
|-supereffective|p2a: Great Tusk
|-damage|p2a: Great Tusk|0 fnt
|faint|p2a: Great Tusk
|-end|p2a: Great Tusk|Protosynthesis|[silent]
|
|win|Setsu
|c|☆Setsu|gg
|c|☆AcrOne|gg
