|j|☆Avery29
|j|☆BoostingTyranntrum
|t:|1769434293
|gametype|singles
|player|p1|Avery29|102|1383
|player|p2|BoostingTyranntrum|102|1398
|gen|9
|tier|[Gen 9] OU
|rated|
|rule|HP Percentage Mod: HP is shown in percentages
|rule|Endless Battle Clause: Forcing endless battles is banned
|rule|Species Clause: Limit one of each Pokémon
|rule|OHKO Clause: OHKO moves are banned
|rule|Evasion Items Clause: Evasion items are banned
|rule|Evasion Moves Clause: Evasion moves are banned
|rule|Evasion Abilities Clause: Evasion abilities are banned
|rule|Sleep Moves Clause: Sleep-inducing moves are banned
|clearpoke
|poke|p1|Quaquaval, F|
|poke|p1|Skarmory, M|
|poke|p1|Meowscarada, F|
|poke|p1|Mandibuzz, F|
|poke|p1|Umbreon, F|
|poke|p1|Sandy Shocks|
|poke|p2|Great Tusk|
|poke|p2|Pecharunt|
|poke|p2|Iron Valiant|
|poke|p2|Iron Crown|
|poke|p2|Samurott-Hisui, M|
|poke|p2|Dragonite, M|
|teampreview
|inactive|Battle timer is ON: inactive players will automatically lose when time's up. (requested by BoostingTyranntrum)
|
|t:|1769434317
|teamsize|p1|6
|teamsize|p2|6
|start
|switch|p1a: Mandibuzz|Mandibuzz, F|100/100
|switch|p2a: Iron Crown|Iron Crown|100/100
|turn|1
|
|t:|1769434325
|move|p2a: Iron Crown|Volt Switch|p1a: Mandibuzz
|-supereffective|p1a: Mandibuzz
|-damage|p1a: Mandibuzz|58/100
|
|t:|1769434330
|-end|p2a: Iron Crown|Quark Drive|[silent]
|switch|p2a: Samurott|Samurott-Hisui, M, shiny|100/100|[from] Volt Switch
|move|p1a: Mandibuzz|Knock Off|p2a: Samurott
|-resisted|p2a: Samurott
|-damage|p2a: Samurott|85/100
|-enditem|p2a: Samurott|Black Glasses|[from] move: Knock Off|[of] p1a: Mandibuzz
|
|upkeep
|turn|2
|
|t:|1769434338
|move|p2a: Samurott|Ceaseless Edge|p1a: Mandibuzz
|-resisted|p1a: Mandibuzz
|-damage|p1a: Mandibuzz|44/100
|-sidestart|p1: Avery29|Spikes
|move|p1a: Mandibuzz|Toxic|p2a: Samurott
|-status|p2a: Samurott|tox
|
|-damage|p2a: Samurott|79/100 tox|[from] psn
|upkeep
|turn|3
|
|t:|1769434349
|move|p2a: Samurott|Knock Off|p1a: Mandibuzz
|-resisted|p1a: Mandibuzz
|-damage|p1a: Mandibuzz|30/100
|-enditem|p1a: Mandibuzz|Heavy-Duty Boots|[from] move: Knock Off|[of] p2a: Samurott
|move|p1a: Mandibuzz|Roost|p1a: Mandibuzz
|-heal|p1a: Mandibuzz|80/100
|-singleturn|p1a: Mandibuzz|move: Roost
|
|-damage|p2a: Samurott|67/100 tox|[from] psn
|upkeep
|turn|4
|
|t:|1769434357
|move|p2a: Samurott|Flip Turn|p1a: Mandibuzz
|-damage|p1a: Mandibuzz|63/100
|
|t:|1769434361
|switch|p2a: Iron Valiant|Iron Valiant, shiny|100/100|[from] Flip Turn
|move|p1a: Mandibuzz|Defog|p2a: Iron Valiant
|-unboost|p2a: Iron Valiant|evasion|1
|-sideend|p1: Avery29|Spikes|[from] move: Defog|[of] p1a: Mandibuzz
|
|upkeep
|turn|5
|
|t:|1769434369
|switch|p1a: Stall|Skarmory, M|100/100
|-terastallize|p2a: Iron Valiant|Fairy
|move|p2a: Iron Valiant|Moonblast|p1a: Stall
|-resisted|p1a: Stall
|-damage|p1a: Stall|39/100
|-unboost|p1a: Stall|spa|1
|
|upkeep
|turn|6
|
|t:|1769434374
|switch|p1a: Wall-U|Umbreon, F|100/100
|move|p2a: Iron Valiant|Moonblast|p1a: Wall-U
|-supereffective|p1a: Wall-U
|-damage|p1a: Wall-U|1/100
|
|-heal|p1a: Wall-U|7/100|[from] item: Leftovers
|upkeep
|turn|7
|
|t:|1769434382
|move|p2a: Iron Valiant|Moonblast|p1a: Wall-U
|-supereffective|p1a: Wall-U
|-damage|p1a: Wall-U|0 fnt
|faint|p1a: Wall-U
|
|upkeep
|
|t:|1769434385
|switch|p1a: Sandy Shocks|Sandy Shocks, shiny|100/100
|turn|8
|
|t:|1769434392
|-end|p2a: Iron Valiant|Quark Drive|[silent]
|switch|p2a: Great Tusk|Great Tusk, shiny|100/100
|move|p1a: Sandy Shocks|Earth Power|p2a: Great Tusk
|-damage|p2a: Great Tusk|2/100
|
|upkeep
|turn|9
|
|t:|1769434396
|-end|p2a: Great Tusk|Protosynthesis|[silent]
|switch|p2a: Dragonite|Dragonite, M, shiny|100/100
|move|p1a: Sandy Shocks|Earth Power|p2a: Dragonite
|-immune|p2a: Dragonite
|
|upkeep
|turn|10
|
|t:|1769434403
|-end|p1a: Sandy Shocks|Protosynthesis|[silent]
|switch|p1a: Mandibuzz|Mandibuzz, F|63/100
|switch|p2a: Iron Valiant|Iron Valiant, shiny, tera:Fairy|100/100
|
|upkeep
|turn|11
|
|t:|1769434409
|-terastallize|p1a: Mandibuzz|Poison
|move|p2a: Iron Valiant|Moonblast|p1a: Mandibuzz
|-resisted|p1a: Mandibuzz
|-damage|p1a: Mandibuzz|22/100
|move|p1a: Mandibuzz|Toxic|p2a: Iron Valiant
|-status|p2a: Iron Valiant|tox
|
|-damage|p2a: Iron Valiant|94/100 tox|[from] psn
|upkeep
|turn|12
|
|t:|1769434417
|move|p2a: Iron Valiant|Moonblast|p1a: Mandibuzz
|-resisted|p1a: Mandibuzz
|-damage|p1a: Mandibuzz|0 fnt
|faint|p1a: Mandibuzz
|
|-damage|p2a: Iron Valiant|82/100 tox|[from] psn
|upkeep
|
|t:|1769434420
|switch|p1a: Sandy Shocks|Sandy Shocks, shiny|100/100
|turn|13
|
|t:|1769434424
|-end|p2a: Iron Valiant|Quark Drive|[silent]
|switch|p2a: Dragonite|Dragonite, M, shiny|100/100
|move|p1a: Sandy Shocks|Volt Switch|p2a: Dragonite
|-damage|p2a: Dragonite|75/100
|
|t:|1769434430
|-end|p1a: Sandy Shocks|Protosynthesis|[silent]
|switch|p1a: One step|Quaquaval, F, shiny|100/100|[from] Volt Switch
|
|upkeep
|turn|14
|
|t:|1769434435
|switch|p2a: Iron Crown|Iron Crown|100/100
|move|p1a: One step|Ice Spinner|p2a: Iron Crown
|-resisted|p2a: Iron Crown
|-damage|p2a: Iron Crown|87/100
|
|upkeep
|turn|15
|
|t:|1769434439
|move|p2a: Iron Crown|Psychic Noise|p1a: One step
|-supereffective|p1a: One step
|-damage|p1a: One step|3/100
|-start|p1a: One step|move: Heal Block
|move|p1a: One step|Aqua Step|p2a: Iron Crown
|-damage|p2a: Iron Crown|47/100
|-boost|p1a: One step|spe|1
|
|upkeep
|turn|16
|
|t:|1769434445
|-end|p2a: Iron Crown|Quark Drive|[silent]
|switch|p2a: Pecharunt|Pecharunt|100/100
|move|p1a: One step|Close Combat|p2a: Pecharunt
|-immune|p2a: Pecharunt
|
|-end|p1a: One step|move: Heal Block
|upkeep
|turn|17
|
|t:|1769434450
|move|p1a: One step|Ice Spinner|p2a: Pecharunt
|-damage|p2a: Pecharunt|88/100
|-damage|p1a: One step|0 fnt|[from] item: Rocky Helmet|[of] p2a: Pecharunt
|faint|p1a: One step
|move|p2a: Pecharunt|Shadow Ball|p1: One step|[notarget]
|-fail|p2a: Pecharunt
|
|upkeep
|
|t:|1769434454
|switch|p1a: Sandy Shocks|Sandy Shocks, shiny|100/100
|turn|18
|
|t:|1769434458
|switch|p2a: Dragonite|Dragonite, M, shiny|75/100
|move|p1a: Sandy Shocks|Earth Power|p2a: Dragonite
|-immune|p2a: Dragonite
|
|upkeep
|turn|19
|
|t:|1769434461
|-end|p1a: Sandy Shocks|Protosynthesis|[silent]
|switch|p1a: Stall|Skarmory, M|39/100
|move|p2a: Dragonite|Dragon Dance|p2a: Dragonite
|-boost|p2a: Dragonite|atk|1
|-boost|p2a: Dragonite|spe|1
|
|upkeep
|turn|20
|
|t:|1769434465
|move|p2a: Dragonite|Tera Blast|p1a: Stall
|-resisted|p1a: Stall
|-damage|p1a: Stall|27/100
|move|p1a: Stall|Roost|p1a: Stall
|-heal|p1a: Stall|77/100
|-singleturn|p1a: Stall|move: Roost
|
|upkeep
|turn|21
|
|t:|1769434469
|move|p2a: Dragonite|Dragon Dance|p2a: Dragonite
|-boost|p2a: Dragonite|atk|1
|-boost|p2a: Dragonite|spe|1
|move|p1a: Stall|Stealth Rock|p2a: Dragonite
|-sidestart|p2: BoostingTyranntrum|move: Stealth Rock
|
|upkeep
|turn|22
|
|t:|1769434472
|move|p2a: Dragonite|Dragon Dance|p2a: Dragonite
|-boost|p2a: Dragonite|atk|1
|-boost|p2a: Dragonite|spe|1
|move|p1a: Stall|Roar|p2a: Dragonite
|drag|p2a: Samurott|Samurott-Hisui, M, shiny|67/100 tox
|-damage|p2a: Samurott|54/100 tox|[from] Stealth Rock
|
|-damage|p2a: Samurott|48/100 tox|[from] psn
|upkeep
|turn|23
|
|t:|1769434474
|move|p2a: Samurott|Ceaseless Edge|p1a: Stall
|-damage|p1a: Stall|46/100
|-damage|p2a: Samurott|31/100 tox|[from] item: Rocky Helmet|[of] p1a: Stall
|-sidestart|p1: Avery29|Spikes
|move|p1a: Stall|Body Press|p2a: Samurott
|-supereffective|p2a: Samurott
|-damage|p2a: Samurott|0 fnt
|faint|p2a: Samurott
|
|upkeep
|
|t:|1769434480
|switch|p2a: Iron Valiant|Iron Valiant, shiny, tera:Fairy|82/100 tox
|-damage|p2a: Iron Valiant|69/100 tox|[from] Stealth Rock
|turn|24
|
|t:|1769434483
|move|p2a: Iron Valiant|Moonblast|p1a: Stall
|-resisted|p1a: Stall
|-damage|p1a: Stall|0 fnt
|faint|p1a: Stall
|
|-damage|p2a: Iron Valiant|63/100 tox|[from] psn
|upkeep
|
|t:|1769434487
|switch|p1a: Sandy Shocks|Sandy Shocks, shiny|100/100
|-damage|p1a: Sandy Shocks|88/100|[from] Spikes
|turn|25
|
|t:|1769434491
|move|p2a: Iron Valiant|Moonblast|p1a: Sandy Shocks
|-damage|p1a: Sandy Shocks|0 fnt
|faint|p1a: Sandy Shocks
|-end|p1a: Sandy Shocks|Protosynthesis|[silent]
|
|-damage|p2a: Iron Valiant|51/100 tox|[from] psn
|upkeep
|
|t:|1769434494
|switch|p1a: Hey|Meowscarada, F|100/100
|-damage|p1a: Hey|88/100|[from] Spikes
|turn|26
|
|t:|1769434499
|move|p1a: Hey|Play Rough|p2a: Iron Valiant
|-start|p1a: Hey|typechange|Fairy|[from] ability: Protean
|-damage|p2a: Iron Valiant|0 fnt
|faint|p2a: Iron Valiant
|-end|p2a: Iron Valiant|Quark Drive|[silent]
|
|upkeep
|
|t:|1769434503
|switch|p2a: Pecharunt|Pecharunt|88/100
|-damage|p2a: Pecharunt|76/100|[from] Stealth Rock
|turn|27
|
|t:|1769434506
|move|p1a: Hey|Play Rough|p2a: Pecharunt
|-resisted|p2a: Pecharunt
|-damage|p2a: Pecharunt|67/100
|-damage|p1a: Hey|72/100|[from] item: Rocky Helmet|[of] p2a: Pecharunt
|move|p2a: Pecharunt|Malignant Chain|p1a: Hey
|-supereffective|p1a: Hey
|-damage|p1a: Hey|0 fnt
|faint|p1a: Hey
|
|win|BoostingTyranntrum
|raw|Avery29's rating: 1383 &rarr; <strong>1364</strong><br />(-19 for losing)
|raw|BoostingTyranntrum's rating: 1398 &rarr; <strong>1417</strong><br />(+19 for winning)
|l|☆Avery29
|player|p1|
|l|☆BoostingTyranntrum
|player|p2|
