|j|☆C. Eclipse
|j|☆Grand Chu
|t:|1769303568
|gametype|singles
|player|p1|C. Eclipse|koga|1563
|player|p2|Grand Chu|101|1527
|gen|9
|tier|[Gen 9] OU
|rated|
|rule|HP Percentage Mod: HP is shown in percentages
|rule|Endless Battle Clause: Forcing endless battles is banned
|rule|Species Clause: Limit one of each Pokémon
|rule|OHKO Clause: OHKO moves are banned
|rule|Evasion Items Clause: Evasion items are banned
|rule|Evasion Moves Clause: Evasion moves are banned
|rule|Evasion Abilities Clause: Evasion abilities are banned
|rule|Sleep Moves Clause: Sleep-inducing moves are banned
|clearpoke
|poke|p1|Darkrai|
|poke|p1|Dragonite, M|
|poke|p1|Araquanid, F|
|poke|p1|Gholdengo|
|poke|p1|Glimmora, F|
|poke|p1|Great Tusk|
|poke|p2|Enamorus, F|
|poke|p2|Dragapult, F|
|poke|p2|Iron Valiant|
|poke|p2|Gholdengo|
|poke|p2|Iron Treads|
|poke|p2|Dragonite, M|
|teampreview
|inactive|Battle timer is ON: inactive players will automatically lose when time's up. (requested by C. Eclipse)
|
|t:|1769303574
|teamsize|p1|6
|teamsize|p2|6
|start
|switch|p1a: Glimmora|Glimmora, F, shiny|100/100
|switch|p2a: Enamorus|Enamorus, F|100/100
|turn|1
|
|t:|1769303579
|switch|p1a: Araquanid|Araquanid, F, shiny|100/100
|move|p2a: Enamorus|Earth Power|p1a: Araquanid
|-resisted|p1a: Araquanid
|-damage|p1a: Araquanid|90/100
|-enditem|p1a: Araquanid|Red Card|[of] p2a: Enamorus
|drag|p2a: Iron Treads|Iron Treads|100/100
|-enditem|p2a: Iron Treads|Booster Energy
|-activate|p2a: Iron Treads|ability: Quark Drive|[fromitem]
|-start|p2a: Iron Treads|quarkdrivespe
|
|upkeep
|turn|2
|
|t:|1769303589
|move|p2a: Iron Treads|Stealth Rock|p1a: Araquanid
|-sidestart|p1: C. Eclipse|move: Stealth Rock
|move|p1a: Araquanid|Sticky Web|p2a: Iron Treads
|-sidestart|p2: Grand Chu|move: Sticky Web
|
|upkeep
|turn|3
|
|t:|1769303593
|move|p2a: Iron Treads|Rapid Spin|p1a: Araquanid
|-damage|p1a: Araquanid|80/100
|-boost|p2a: Iron Treads|spe|1
|-sideend|p2: Grand Chu|Sticky Web|[from] move: Rapid Spin|[of] p2a: Iron Treads
|move|p1a: Araquanid|Surf|p2a: Iron Treads
|-supereffective|p2a: Iron Treads
|-damage|p2a: Iron Treads|11/100
|
|upkeep
|turn|4
|
|t:|1769303600
|move|p2a: Iron Treads|Earthquake|p1a: Araquanid
|-resisted|p1a: Araquanid
|-damage|p1a: Araquanid|65/100
|move|p1a: Araquanid|Sticky Web|p2a: Iron Treads
|-sidestart|p2: Grand Chu|move: Sticky Web
|
|upkeep
|turn|5
|
|t:|1769303605
|switch|p1a: Gholdengo|Gholdengo|100/100
|-damage|p1a: Gholdengo|94/100|[from] Stealth Rock
|-item|p1a: Gholdengo|Air Balloon
|move|p2a: Iron Treads|Rapid Spin|p1a: Gholdengo
|-immune|p1a: Gholdengo
|
|upkeep
|turn|6
|
|t:|1769303608
|move|p2a: Iron Treads|Knock Off|p1a: Gholdengo
|-supereffective|p1a: Gholdengo
|-damage|p1a: Gholdengo|39/100
|-enditem|p1a: Gholdengo|Air Balloon
|move|p1a: Gholdengo|Shadow Ball|p2a: Iron Treads
|-damage|p2a: Iron Treads|0 fnt
|faint|p2a: Iron Treads
|-end|p2a: Iron Treads|Quark Drive|[silent]
|
|upkeep
|
|t:|1769303614
|switch|p2a: Enamorus|Enamorus, F|100/100
|turn|7
|
|t:|1769303622
|switch|p1a: Araquanid|Araquanid, F, shiny|65/100
|-damage|p1a: Araquanid|40/100|[from] Stealth Rock
|move|p2a: Enamorus|Earth Power|p1a: Araquanid
|-resisted|p1a: Araquanid
|-damage|p1a: Araquanid|28/100
|
|upkeep
|turn|8
|
|t:|1769303626
|switch|p1a: Gholdengo|Gholdengo|39/100
|-damage|p1a: Gholdengo|33/100|[from] Stealth Rock
|move|p2a: Enamorus|Moonblast|p1a: Gholdengo
|-resisted|p1a: Gholdengo
|-damage|p1a: Gholdengo|2/100
|-unboost|p1a: Gholdengo|spa|1
|
|upkeep
|turn|9
|
|t:|1769303634
|move|p2a: Enamorus|Moonblast|p1a: Gholdengo
|-resisted|p1a: Gholdengo
|-damage|p1a: Gholdengo|0 fnt
|faint|p1a: Gholdengo
|
|upkeep
|
|t:|1769303636
|switch|p1a: Darkrai|Darkrai, shiny|100/100
|-damage|p1a: Darkrai|88/100|[from] Stealth Rock
|turn|10
|
|t:|1769303642
|-terastallize|p2a: Enamorus|Steel
|move|p1a: Darkrai|Ice Beam|p2a: Enamorus
|-resisted|p2a: Enamorus
|-damage|p2a: Enamorus|81/100
|move|p2a: Enamorus|Moonblast|p1a: Darkrai
|-supereffective|p1a: Darkrai
|-damage|p1a: Darkrai|0 fnt
|faint|p1a: Darkrai
|
|-heal|p2a: Enamorus|87/100|[from] item: Leftovers
|upkeep
|
|t:|1769303645
|switch|p1a: Great Tusk|Great Tusk|100/100
|-damage|p1a: Great Tusk|97/100|[from] Stealth Rock
|-enditem|p1a: Great Tusk|Booster Energy
|-activate|p1a: Great Tusk|ability: Protosynthesis|[fromitem]
|-start|p1a: Great Tusk|protosynthesisspe
|turn|11
|
|t:|1769303650
|switch|p2a: Gholdengo|Gholdengo|100/100
|-item|p2a: Gholdengo|Air Balloon
|move|p1a: Great Tusk|Headlong Rush|p2a: Gholdengo
|-immune|p2a: Gholdengo
|
|upkeep
|turn|12
|
|t:|1769303657
|move|p1a: Great Tusk|Ice Spinner|p2a: Gholdengo
|-resisted|p2a: Gholdengo
|-damage|p2a: Gholdengo|87/100
|-enditem|p2a: Gholdengo|Air Balloon
|move|p2a: Gholdengo|Shadow Ball|p1a: Great Tusk
|-damage|p1a: Great Tusk|43/100
|
|upkeep
|turn|13
|
|t:|1769303684
|move|p1a: Great Tusk|Bulk Up|p1a: Great Tusk
|-boost|p1a: Great Tusk|atk|1
|-boost|p1a: Great Tusk|def|1
|move|p2a: Gholdengo|Make It Rain|p1a: Great Tusk
|-damage|p1a: Great Tusk|0 fnt
|-unboost|p2a: Gholdengo|spa|1
|faint|p1a: Great Tusk
|-end|p1a: Great Tusk|Protosynthesis|[silent]
|
|upkeep
|
|t:|1769303687
|switch|p1a: Dragonite|Dragonite, M|100/100
|-damage|p1a: Dragonite|75/100|[from] Stealth Rock
|turn|14
|
|t:|1769303694
|switch|p2a: Enamorus|Enamorus, F, tera:Steel|87/100
|-activate|p2a: Enamorus|move: Sticky Web
|-unboost|p2a: Enamorus|spe|1
|move|p1a: Dragonite|Dragon Dance|p1a: Dragonite
|-boost|p1a: Dragonite|atk|1
|-boost|p1a: Dragonite|spe|1
|
|-heal|p2a: Enamorus|93/100|[from] item: Leftovers
|upkeep
|turn|15
|
|t:|1769303698
|-terastallize|p1a: Dragonite|Fairy
|move|p1a: Dragonite|Dragon Dance|p1a: Dragonite
|-boost|p1a: Dragonite|atk|1
|-boost|p1a: Dragonite|spe|1
|move|p2a: Enamorus|Moonblast|p1a: Dragonite
|-damage|p1a: Dragonite|37/100
|
|-heal|p2a: Enamorus|99/100|[from] item: Leftovers
|upkeep
|turn|16
|
|t:|1769303706
|move|p1a: Dragonite|Roost|p1a: Dragonite
|-heal|p1a: Dragonite|87/100
|move|p2a: Enamorus|Moonblast|p1a: Dragonite
|-damage|p1a: Dragonite|51/100
|
|-heal|p2a: Enamorus|100/100|[from] item: Leftovers
|upkeep
|turn|17
|
|t:|1769303712
|move|p1a: Dragonite|Roost|p1a: Dragonite
|-heal|p1a: Dragonite|100/100
|move|p2a: Enamorus|Calm Mind|p2a: Enamorus
|-boost|p2a: Enamorus|spa|1
|-boost|p2a: Enamorus|spd|1
|
|upkeep
|turn|18
|
|t:|1769303716
|move|p1a: Dragonite|Earthquake|p2a: Enamorus
|-supereffective|p2a: Enamorus
|-damage|p2a: Enamorus|0 fnt
|faint|p2a: Enamorus
|
|upkeep
|inactive|Grand Chu has 120 seconds left.
|-message|Grand Chu forfeited.
|
|win|C. Eclipse
|raw|C. Eclipse's rating: 1563 &rarr; <strong>1581</strong><br />(+18 for winning)
|raw|Grand Chu's rating: 1527 &rarr; <strong>1509</strong><br />(-18 for losing)
|l|☆Grand Chu
|player|p2|
