|j|☆omnomapuss
|j|☆LaportaPotty
|t:|1769320450
|gametype|singles
|player|p1|omnomapuss|crasherwake|1413
|player|p2|LaportaPotty|169|1483
|gen|9
|tier|[Gen 9] OU
|rated|
|rule|HP Percentage Mod: HP is shown in percentages
|rule|Endless Battle Clause: Forcing endless battles is banned
|rule|Species Clause: Limit one of each Pokémon
|rule|OHKO Clause: OHKO moves are banned
|rule|Evasion Items Clause: Evasion items are banned
|rule|Evasion Moves Clause: Evasion moves are banned
|rule|Evasion Abilities Clause: Evasion abilities are banned
|rule|Sleep Moves Clause: Sleep-inducing moves are banned
|clearpoke
|poke|p1|Primarina, F|
|poke|p1|Dragapult, M|
|poke|p1|Scizor, M|
|poke|p1|Great Tusk|
|poke|p1|Slowking-Galar, M|
|poke|p1|Moltres|
|poke|p2|Okidogi, M|
|poke|p2|Raging Bolt|
|poke|p2|Moltres|
|poke|p2|Sinistcha|
|poke|p2|Iron Treads|
|poke|p2|Garganacl, F|
|teampreview
|inactive|Battle timer is ON: inactive players will automatically lose when time's up. (requested by omnomapuss)
|
|t:|1769320461
|teamsize|p1|6
|teamsize|p2|6
|start
|switch|p1a: Scizor|Scizor, M|100/100
|switch|p2a: Garganacl|Garganacl, F|100/100
|turn|1
|
|t:|1769320471
|move|p1a: Scizor|Close Combat|p2a: Garganacl
|-supereffective|p2a: Garganacl
|-damage|p2a: Garganacl|31/100
|-unboost|p1a: Scizor|def|1
|-unboost|p1a: Scizor|spd|1
|move|p2a: Garganacl|Salt Cure|p1a: Scizor
|-damage|p1a: Scizor|77/100
|-start|p1a: Scizor|Salt Cure
|
|-heal|p2a: Garganacl|37/100|[from] item: Leftovers
|-damage|p1a: Scizor|52/100|[from] Salt Cure
|upkeep
|turn|2
|
|t:|1769320481
|switch|p1a: Great Tusk|Great Tusk|100/100
|switch|p2a: Sinistcha|Sinistcha|100/100
|
|upkeep
|turn|3
|
|t:|1769320485
|-end|p1a: Great Tusk|Protosynthesis|[silent]
|switch|p1a: Moltres|Moltres|100/100
|move|p2a: Sinistcha|Matcha Gotcha|p1a: Moltres
|-resisted|p1a: Moltres
|-damage|p1a: Moltres|93/100
|
|upkeep
|turn|4
|
|t:|1769320493
|switch|p2a: Raging Bolt|Raging Bolt|100/100
|-enditem|p2a: Raging Bolt|Booster Energy
|-activate|p2a: Raging Bolt|ability: Protosynthesis|[fromitem]
|-start|p2a: Raging Bolt|protosynthesisspa
|move|p1a: Moltres|Flamethrower|p2a: Raging Bolt
|-resisted|p2a: Raging Bolt
|-damage|p2a: Raging Bolt|84/100
|
|upkeep
|turn|5
|
|t:|1769320500
|switch|p1a: Slowking|Slowking-Galar, M|100/100
|move|p2a: Raging Bolt|Dragon Pulse|p1a: Slowking
|-damage|p1a: Slowking|60/100
|
|upkeep
|turn|6
|
|t:|1769320511
|-end|p2a: Raging Bolt|Protosynthesis|[silent]
|switch|p2a: Okidogi|Okidogi, M|100/100
|-prepare|p1a: Slowking|Chilly Reception|[premajor]
|move|p1a: Slowking|Chilly Reception|p1a: Slowking
|-weather|Snowscape
|inactive|omnomapuss has 120 seconds left.
|inactive|omnomapuss has 90 seconds left.
|
|t:|1769320572
|switch|p1a: Moltres|Moltres|93/100|[from] Chilly Reception
|
|-weather|Snowscape|[upkeep]
|upkeep
|turn|7
|
|t:|1769320581
|switch|p2a: Garganacl|Garganacl, F|37/100
|move|p1a: Moltres|U-turn|p2a: Garganacl
|-damage|p2a: Garganacl|30/100
|
|t:|1769320586
|switch|p1a: Great Tusk|Great Tusk|100/100|[from] U-turn
|
|-weather|Snowscape|[upkeep]
|-heal|p2a: Garganacl|36/100|[from] item: Leftovers
|upkeep
|turn|8
|
|t:|1769320593
|switch|p2a: Moltres|Moltres|100/100
|move|p1a: Great Tusk|Stealth Rock|p2a: Moltres
|-sidestart|p2: LaportaPotty|move: Stealth Rock
|
|-weather|Snowscape|[upkeep]
|upkeep
|turn|9
|inactive|omnomapuss has 120 seconds left.
|
|t:|1769320600
|-end|p1a: Great Tusk|Protosynthesis|[silent]
|switch|p1a: Slowking|Slowking-Galar, M|93/100
|move|p2a: Moltres|Flamethrower|p1a: Slowking
|-damage|p1a: Slowking|70/100
|
|-weather|Snowscape|[upkeep]
|upkeep
|turn|10
|
|t:|1769320608
|switch|p2a: Iron Treads|Iron Treads|100/100
|-prepare|p1a: Slowking|Chilly Reception|[premajor]
|move|p1a: Slowking|Chilly Reception|p1a: Slowking
|
|t:|1769320614
|switch|p1a: Great Tusk|Great Tusk|100/100|[from] Chilly Reception
|
|-weather|none
|upkeep
|turn|11
|
|t:|1769320620
|-end|p2a: Iron Treads|Quark Drive|[silent]
|switch|p2a: Sinistcha|Sinistcha|100/100
|-end|p1a: Great Tusk|Protosynthesis|[silent]
|switch|p1a: Primarina|Primarina, F|100/100
|
|upkeep
|turn|12
|
|t:|1769320626
|move|p1a: Primarina|Psychic Noise|p2a: Sinistcha
|-damage|p2a: Sinistcha|66/100
|-start|p2a: Sinistcha|move: Heal Block
|cant|p2a: Sinistcha|move: Heal Block|Matcha Gotcha
|
|upkeep
|turn|13
|
|t:|1769320634
|switch|p2a: Iron Treads|Iron Treads|100/100
|move|p1a: Primarina|Psychic Noise|p2a: Iron Treads
|-resisted|p2a: Iron Treads
|-damage|p2a: Iron Treads|80/100
|-start|p2a: Iron Treads|move: Heal Block
|
|upkeep
|turn|14
|
|t:|1769320637
|move|p2a: Iron Treads|Rapid Spin|p1a: Primarina
|-damage|p1a: Primarina|78/100
|-boost|p2a: Iron Treads|spe|1
|-sideend|p2: LaportaPotty|Stealth Rock|[from] move: Rapid Spin|[of] p2a: Iron Treads
|move|p1a: Primarina|Surf|p2a: Iron Treads
|-supereffective|p2a: Iron Treads
|-damage|p2a: Iron Treads|0 fnt
|faint|p2a: Iron Treads
|-end|p2a: Iron Treads|Quark Drive|[silent]
|
|upkeep
|
|t:|1769320641
|switch|p2a: Okidogi|Okidogi, M|100/100
|turn|15
|
|t:|1769320645
|move|p1a: Primarina|Flip Turn|p2a: Okidogi
|-crit|p2a: Okidogi
|-damage|p2a: Okidogi|83/100
|
|t:|1769320647
|switch|p1a: Scizor|Scizor, M|52/100|[from] Flip Turn
|move|p2a: Okidogi|Gunk Shot|p1a: Scizor
|-immune|p1a: Scizor
|
|upkeep
|turn|16
|
|t:|1769320652
|move|p1a: Scizor|Knock Off|p2a: Okidogi
|-resisted|p2a: Okidogi
|-damage|p2a: Okidogi|60/100
|-enditem|p2a: Okidogi|Assault Vest|[from] move: Knock Off|[of] p1a: Scizor
|move|p2a: Okidogi|Drain Punch|p1a: Scizor
|-damage|p1a: Scizor|3/100
|-heal|p2a: Okidogi|80/100|[from] drain|[of] p1a: Scizor
|
|upkeep
|turn|17
|
|t:|1769320659
|switch|p1a: Great Tusk|Great Tusk|100/100
|move|p2a: Okidogi|Knock Off|p1a: Great Tusk
|-resisted|p1a: Great Tusk
|-damage|p1a: Great Tusk|86/100
|-damage|p2a: Okidogi|64/100|[from] item: Rocky Helmet|[of] p1a: Great Tusk
|-status|p1a: Great Tusk|tox|[from] ability: Toxic Chain|[of] p2a: Okidogi
|-enditem|p1a: Great Tusk|Rocky Helmet|[from] move: Knock Off|[of] p2a: Okidogi
|
|-damage|p1a: Great Tusk|80/100 tox|[from] psn
|upkeep
|turn|18
|
|t:|1769320667
|switch|p2a: Moltres|Moltres|100/100
|move|p1a: Great Tusk|Stealth Rock|p2a: Moltres
|-sidestart|p2: LaportaPotty|move: Stealth Rock
|
|-damage|p1a: Great Tusk|67/100 tox|[from] psn
|upkeep
|turn|19
|
|t:|1769320673
|-end|p1a: Great Tusk|Protosynthesis|[silent]
|switch|p1a: Slowking|Slowking-Galar, M|100/100
|move|p2a: Moltres|Flamethrower|p1a: Slowking
|-damage|p1a: Slowking|76/100
|
|upkeep
|turn|20
|
|t:|1769320680
|move|p2a: Moltres|Will-O-Wisp|p1a: Slowking
|-status|p1a: Slowking|brn
|move|p1a: Slowking|Future Sight|p2a: Moltres
|-start|p1a: Slowking|move: Future Sight
|
|-damage|p1a: Slowking|70/100 brn|[from] brn
|upkeep
|turn|21
|
|t:|1769320687
|switch|p2a: Okidogi|Okidogi, M|64/100
|-damage|p2a: Okidogi|58/100|[from] Stealth Rock
|move|p1a: Slowking|Sludge Bomb|p2a: Okidogi
|-resisted|p2a: Okidogi
|-damage|p2a: Okidogi|39/100
|
|-damage|p1a: Slowking|64/100 brn|[from] brn
|upkeep
|turn|22
|
|t:|1769320696
|switch|p1a: Great Tusk|Great Tusk|67/100 tox
|move|p2a: Okidogi|Knock Off|p1a: Great Tusk
|-resisted|p1a: Great Tusk
|-damage|p1a: Great Tusk|58/100 tox
|
|-end|p2a: Okidogi|move: Future Sight
|-supereffective|p2a: Okidogi
|-damage|p2a: Okidogi|0 fnt
|faint|p2a: Okidogi
|-damage|p1a: Great Tusk|52/100 tox|[from] psn
|upkeep
|
|t:|1769320702
|switch|p2a: Sinistcha|Sinistcha|66/100
|turn|23
|
|t:|1769320724
|-end|p1a: Great Tusk|Protosynthesis|[silent]
|switch|p1a: Slowking|Slowking-Galar, M|97/100 brn
|move|p2a: Sinistcha|Strength Sap|p1a: Slowking
|-unboost|p1a: Slowking|atk|1
|-heal|p2a: Sinistcha|100/100
|
|-damage|p1a: Slowking|91/100 brn|[from] brn
|upkeep
|turn|24
|
|t:|1769320730
|move|p2a: Sinistcha|Shadow Ball|p1a: Slowking
|-supereffective|p1a: Slowking
|-damage|p1a: Slowking|49/100 brn
|-prepare|p1a: Slowking|Chilly Reception|[premajor]
|move|p1a: Slowking|Chilly Reception|p1a: Slowking
|-weather|Snowscape
|inactive|omnomapuss has 120 seconds left.
|
|t:|1769320775
|switch|p1a: Dragapult|Dragapult, M|100/100|[from] Chilly Reception
|
|-weather|Snowscape|[upkeep]
|upkeep
|turn|25
|
|t:|1769320784
|-terastallize|p1a: Dragapult|Ghost
|move|p1a: Dragapult|Tera Blast|p2a: Sinistcha|[anim] Tera Blast Ghost
|-supereffective|p2a: Sinistcha
|-damage|p2a: Sinistcha|0 fnt
|faint|p2a: Sinistcha
|
|-weather|Snowscape|[upkeep]
|upkeep
|
|t:|1769320790
|switch|p2a: Raging Bolt|Raging Bolt|84/100
|-damage|p2a: Raging Bolt|71/100|[from] Stealth Rock
|turn|26
|
|t:|1769320797
|switch|p1a: Slowking|Slowking-Galar, M|83/100 brn
|-terastallize|p2a: Raging Bolt|Bug
|move|p2a: Raging Bolt|Thunderbolt|p1a: Slowking
|-damage|p1a: Slowking|50/100 brn
|
|-weather|Snowscape|[upkeep]
|-damage|p1a: Slowking|44/100 brn|[from] brn
|upkeep
|turn|27
|
|t:|1769320805
|move|p2a: Raging Bolt|Calm Mind|p2a: Raging Bolt
|-boost|p2a: Raging Bolt|spa|1
|-boost|p2a: Raging Bolt|spd|1
|move|p1a: Slowking|Thunder Wave|p2a: Raging Bolt
|-status|p2a: Raging Bolt|par
|
|-weather|Snowscape|[upkeep]
|-damage|p1a: Slowking|38/100 brn|[from] brn
|upkeep
|turn|28
|
|t:|1769320810
|move|p2a: Raging Bolt|Thunderbolt|p1a: Slowking
|-damage|p1a: Slowking|0 fnt
|faint|p1a: Slowking
|
|-weather|none
|upkeep
|
|t:|1769320818
|switch|p1a: Dragapult|Dragapult, M, tera:Ghost|100/100
|turn|29
|
|t:|1769320824
|move|p2a: Raging Bolt|Thunderclap|p1a: Dragapult
|-damage|p1a: Dragapult|22/100
|move|p1a: Dragapult|Tera Blast|p2a: Raging Bolt|[anim] Tera Blast Ghost
|-damage|p2a: Raging Bolt|0 fnt
|faint|p2a: Raging Bolt
|-end|p2a: Raging Bolt|Protosynthesis|[silent]
|
|upkeep
|
|t:|1769320829
|switch|p2a: Moltres|Moltres|100/100
|turn|30
|
|t:|1769320834
|move|p1a: Dragapult|Tera Blast|p2a: Moltres|[anim] Tera Blast Ghost
|-damage|p2a: Moltres|37/100
|move|p2a: Moltres|Flamethrower|p1a: Dragapult
|-damage|p1a: Dragapult|0 fnt
|faint|p1a: Dragapult
|
|upkeep
|
|t:|1769320835
|switch|p1a: Primarina|Primarina, F|78/100
|turn|31
|
|t:|1769320839
|move|p2a: Moltres|Roost|p2a: Moltres
|-heal|p2a: Moltres|87/100
|-singleturn|p2a: Moltres|move: Roost
|move|p1a: Primarina|Surf|p2a: Moltres
|-supereffective|p2a: Moltres
|-damage|p2a: Moltres|0 fnt
|faint|p2a: Moltres
|
|upkeep
|-message|LaportaPotty forfeited.
|
|win|omnomapuss
|raw|omnomapuss's rating: 1413 &rarr; <strong>1437</strong><br />(+24 for winning)
|raw|LaportaPotty's rating: 1483 &rarr; <strong>1459</strong><br />(-24 for losing)
|l|☆LaportaPotty
|player|p2|
|l|☆omnomapuss
|player|p1|
