|j|☆Ike21Cxrses
|j|☆YumeKasumi76
|t:|1769414863
|gametype|singles
|player|p1|Ike21Cxrses|2|1164
|player|p2|YumeKasumi76|170|1225
|gen|9
|tier|[Gen 9] OU
|rated|
|rule|HP Percentage Mod: HP is shown in percentages
|rule|Endless Battle Clause: Forcing endless battles is banned
|rule|Species Clause: Limit one of each Pokémon
|rule|OHKO Clause: OHKO moves are banned
|rule|Evasion Items Clause: Evasion items are banned
|rule|Evasion Moves Clause: Evasion moves are banned
|rule|Evasion Abilities Clause: Evasion abilities are banned
|rule|Sleep Moves Clause: Sleep-inducing moves are banned
|clearpoke
|poke|p1|Alomomola, M|
|poke|p1|Hatterene, F|
|poke|p1|Zamazenta-*|
|poke|p1|Tornadus-Therian, M|
|poke|p1|Darkrai|
|poke|p1|Rillaboom, F|
|poke|p2|Dragapult, M|
|poke|p2|Bisharp, F|
|poke|p2|Glimmora, F|
|poke|p2|Entei|
|poke|p2|Veluza, F|
|poke|p2|Braviary-Hisui, M|
|teampreview
|inactive|Battle timer is ON: inactive players will automatically lose when time's up. (requested by Ike21Cxrses)
|
|t:|1769414875
|teamsize|p1|6
|teamsize|p2|6
|start
|switch|p1a: Darkrai|Darkrai|100/100
|switch|p2a: Hikari|Glimmora, F|100/100
|turn|1
|
|t:|1769414892
|move|p1a: Darkrai|Dark Pulse|p2a: Hikari
|-damage|p2a: Hikari|13/100
|move|p2a: Hikari|Meteor Beam||[still]
|-prepare|p2a: Hikari|Meteor Beam
|-boost|p2a: Hikari|spa|1
|-enditem|p2a: Hikari|Power Herb
|-anim|p2a: Hikari|Meteor Beam|p1a: Darkrai
|-damage|p1a: Darkrai|0 fnt
|faint|p1a: Darkrai
|
|upkeep
|
|t:|1769414906
|switch|p1a: Tornadus|Tornadus-Therian, M|100/100
|turn|2
|
|t:|1769414912
|switch|p2a: Bellator|Bisharp, F, shiny|100/100
|move|p1a: Tornadus|Bleakwind Storm|p2a: Bellator|[miss]
|-miss|p1a: Tornadus|p2a: Bellator
|
|upkeep
|turn|3
|
|t:|1769414919
|move|p1a: Tornadus|U-turn|p2a: Bellator
|-damage|p2a: Bellator|90/100
|
|t:|1769414922
|switch|p1a: Zamazenta|Zamazenta|100/100|[from] U-turn
|-ability|p1a: Zamazenta|Dauntless Shield|boost
|-boost|p1a: Zamazenta|def|1
|move|p2a: Bellator|Stealth Rock|p1a: Zamazenta
|-sidestart|p1: Ike21Cxrses|move: Stealth Rock
|
|upkeep
|turn|4
|
|t:|1769414932
|switch|p2a: Railgun|Dragapult, M|100/100
|move|p1a: Zamazenta|Iron Defense|p1a: Zamazenta
|-boost|p1a: Zamazenta|def|2
|
|upkeep
|turn|5
|
|t:|1769414944
|switch|p1a: Hatterene|Hatterene, F|100/100
|-damage|p1a: Hatterene|88/100|[from] Stealth Rock
|move|p2a: Railgun|Reflect|p2a: Railgun
|-sidestart|p2: YumeKasumi76|Reflect
|
|upkeep
|turn|6
|
|t:|1769414953
|switch|p2a: Bellator|Bisharp, F, shiny|90/100
|move|p1a: Hatterene|Nuzzle|p2a: Bellator
|-damage|p2a: Bellator|89/100
|-status|p2a: Bellator|par
|
|upkeep
|turn|7
|
|t:|1769414962
|move|p1a: Hatterene|Mystical Fire|p2a: Bellator
|-supereffective|p2a: Bellator
|-damage|p2a: Bellator|49/100 par
|-unboost|p2a: Bellator|spa|1
|-ability|p2a: Bellator|Defiant|boost
|-boost|p2a: Bellator|atk|2
|move|p2a: Bellator|Swords Dance|p2a: Bellator
|-boost|p2a: Bellator|atk|2
|
|upkeep
|turn|8
|
|t:|1769414970
|move|p1a: Hatterene|Mystical Fire|p2a: Bellator
|-supereffective|p2a: Bellator
|-damage|p2a: Bellator|12/100 par
|-unboost|p2a: Bellator|spa|1
|-ability|p2a: Bellator|Defiant|boost
|-boost|p2a: Bellator|atk|2
|move|p2a: Bellator|Iron Head|p1a: Hatterene
|-supereffective|p1a: Hatterene
|-damage|p1a: Hatterene|0 fnt
|faint|p1a: Hatterene
|
|upkeep
|
|t:|1769414982
|switch|p1a: Tornadus|Tornadus-Therian, M|100/100
|turn|9
|
|t:|1769414988
|cant|p2a: Bellator|par
|move|p1a: Tornadus|Knock Off|p2a: Bellator
|-resisted|p2a: Bellator
|-damage|p2a: Bellator|8/100 par
|-enditem|p2a: Bellator|Eviolite|[from] move: Knock Off|[of] p1a: Tornadus
|
|upkeep
|turn|10
|
|t:|1769415002
|move|p1a: Tornadus|U-turn|p2a: Bellator
|-damage|p2a: Bellator|1/100 par
|
|t:|1769415009
|switch|p1a: Rillaboom|Rillaboom, F|100/100|[from] U-turn
|-damage|p1a: Rillaboom|88/100|[from] Stealth Rock
|-fieldstart|move: Grassy Terrain|[from] ability: Grassy Surge|[of] p1a: Rillaboom
|move|p2a: Bellator|Iron Head|p1a: Rillaboom
|-crit|p1a: Rillaboom
|-damage|p1a: Rillaboom|0 fnt
|faint|p1a: Rillaboom
|
|-heal|p2a: Bellator|7/100 par|[from] Grassy Terrain
|upkeep
|-message|Ike21Cxrses forfeited.
|
|win|YumeKasumi76
|raw|Ike21Cxrses's rating: 1164 &rarr; <strong>1143</strong><br />(-21 for losing)
|raw|YumeKasumi76's rating: 1225 &rarr; <strong>1246</strong><br />(+21 for winning)
|l|☆Ike21Cxrses
|player|p1|
|l|☆YumeKasumi76
|player|p2|
