|badge|p1|bronze|gen9doublesou|100-8
|uhtml|medal-msg|<div class="broadcast-blue">Curious what those medals under the avatar are? PS now has Ladder Seasons! For more information, check out the <a href="https://www.smogon.com/forums/threads/3740067/">thread on Smogon.</a></div>
|j|☆RNG Savage
|j|☆Team10thPlanet
|t:|1769364934
|gametype|singles
|player|p1|RNG Savage|giovanni-gen3|1506
|player|p2|Team10thPlanet|alder|1568
|gen|9
|tier|[Gen 9] OU
|rated|
|rule|HP Percentage Mod: HP is shown in percentages
|rule|Endless Battle Clause: Forcing endless battles is banned
|rule|Species Clause: Limit one of each Pokémon
|rule|OHKO Clause: OHKO moves are banned
|rule|Evasion Items Clause: Evasion items are banned
|rule|Evasion Moves Clause: Evasion moves are banned
|rule|Evasion Abilities Clause: Evasion abilities are banned
|rule|Sleep Moves Clause: Sleep-inducing moves are banned
|clearpoke
|poke|p1|Greninja-*, M|
|poke|p1|Darkrai|
|poke|p1|Gardevoir, F|
|poke|p1|Iron Crown|
|poke|p1|Latias, F|
|poke|p1|Altaria, F|
|poke|p2|Dragonite, F|
|poke|p2|Zamazenta-*|
|poke|p2|Araquanid, M|
|poke|p2|Iron Treads|
|poke|p2|Zapdos|
|poke|p2|Thundurus, M|
|teampreview
|
|t:|1769364947
|teamsize|p1|6
|teamsize|p2|6
|start
|switch|p1a: Iron Crown|Iron Crown|100/100
|switch|p2a: Iron Treads|Iron Treads|100/100
|-enditem|p2a: Iron Treads|Booster Energy
|-activate|p2a: Iron Treads|ability: Quark Drive|[fromitem]
|-start|p2a: Iron Treads|quarkdrivespe
|-enditem|p1a: Iron Crown|Booster Energy
|-activate|p1a: Iron Crown|ability: Quark Drive|[fromitem]
|-start|p1a: Iron Crown|quarkdrivespe
|turn|1
|
|t:|1769364972
|-end|p2a: Iron Treads|Quark Drive|[silent]
|switch|p2a: PlsNoHatt&Ace|Araquanid, M, shiny|100/100
|move|p1a: Iron Crown|Calm Mind|p1a: Iron Crown
|-boost|p1a: Iron Crown|spa|1
|-boost|p1a: Iron Crown|spd|1
|
|upkeep
|turn|2
|
|t:|1769364979
|move|p1a: Iron Crown|Calm Mind|p1a: Iron Crown
|-boost|p1a: Iron Crown|spa|1
|-boost|p1a: Iron Crown|spd|1
|move|p2a: PlsNoHatt&Ace|Surf|p1a: Iron Crown
|-damage|p1a: Iron Crown|73/100
|
|upkeep
|turn|3
|
|t:|1769364991
|switch|p2a: Thundurus|Thundurus, M|100/100
|move|p1a: Iron Crown|Calm Mind|p1a: Iron Crown
|-boost|p1a: Iron Crown|spa|1
|-boost|p1a: Iron Crown|spd|1
|
|upkeep
|turn|4
|
|t:|1769364998
|move|p2a: Thundurus|Thunder Wave|p1a: Iron Crown
|-status|p1a: Iron Crown|par
|move|p1a: Iron Crown|Psyshock|p2a: Thundurus
|-damage|p2a: Thundurus|0 fnt
|faint|p2a: Thundurus
|
|upkeep
|
|t:|1769365007
|switch|p2a: Dragonite|Dragonite, F|100/100
|turn|5
|
|t:|1769365015
|switch|p2a: Iron Treads|Iron Treads|100/100
|move|p1a: Iron Crown|Tachyon Cutter|p2a: Iron Treads
|-resisted|p2a: Iron Treads
|-damage|p2a: Iron Treads|56/100
|-resisted|p2a: Iron Treads
|-damage|p2a: Iron Treads|13/100
|-hitcount|p2a: Iron Treads|2
|
|upkeep
|turn|6
|
|t:|1769365025
|move|p2a: Iron Treads|Earthquake|p1a: Iron Crown
|-supereffective|p1a: Iron Crown
|-damage|p1a: Iron Crown|0 fnt
|faint|p1a: Iron Crown
|-end|p1a: Iron Crown|Quark Drive|[silent]
|
|upkeep
|
|t:|1769365035
|switch|p1a: Darkrai|Darkrai, shiny|100/100
|turn|7
|
|t:|1769365044
|-end|p2a: Iron Treads|Quark Drive|[silent]
|switch|p2a: PlsNoHatt&Ace|Araquanid, M, shiny|100/100
|move|p1a: Darkrai|Ice Beam|p2a: PlsNoHatt&Ace
|-resisted|p2a: PlsNoHatt&Ace
|-damage|p2a: PlsNoHatt&Ace|87/100
|
|upkeep
|turn|8
|
|t:|1769365054
|switch|p1a: Latias|Latias, F|100/100
|move|p2a: PlsNoHatt&Ace|Sticky Web|p1a: Latias
|-sidestart|p1: RNG Savage|move: Sticky Web
|
|upkeep
|turn|9
|inactive|Battle timer is ON: inactive players will automatically lose when time's up. (requested by RNG Savage)
|
|t:|1769365085
|switch|p2a: Zamazenta|Zamazenta|100/100
|-ability|p2a: Zamazenta|Dauntless Shield|boost
|-boost|p2a: Zamazenta|def|1
|move|p1a: Latias|Calm Mind|p1a: Latias
|-boost|p1a: Latias|spa|1
|-boost|p1a: Latias|spd|1
|
|upkeep
|turn|10
|
|t:|1769365103
|-terastallize|p2a: Zamazenta|Steel
|move|p2a: Zamazenta|Crunch|p1a: Latias
|-supereffective|p1a: Latias
|-damage|p1a: Latias|62/100
|-unboost|p1a: Latias|def|1
|-enditem|p1a: Latias|Weakness Policy
|-boost|p1a: Latias|atk|2|[from] item: Weakness Policy
|-boost|p1a: Latias|spa|2|[from] item: Weakness Policy
|move|p1a: Latias|Calm Mind|p1a: Latias
|-boost|p1a: Latias|spa|1
|-boost|p1a: Latias|spd|1
|
|upkeep
|turn|11
|
|t:|1769365115
|-terastallize|p1a: Latias|Poison
|move|p2a: Zamazenta|Crunch|p1a: Latias
|-damage|p1a: Latias|34/100
|move|p1a: Latias|Stored Power|p2a: Zamazenta
|-resisted|p2a: Zamazenta
|-damage|p2a: Zamazenta|34/100
|
|upkeep
|turn|12
|
|t:|1769365131
|move|p2a: Zamazenta|Heavy Slam|p1a: Latias
|-damage|p1a: Latias|0 fnt
|faint|p1a: Latias
|
|upkeep
|
|t:|1769365145
|switch|p1a: Gardevoir|Gardevoir, F, shiny|100/100
|-activate|p1a: Gardevoir|move: Sticky Web
|-unboost|p1a: Gardevoir|spe|1
|-ability|p1a: Gardevoir|Dauntless Shield|Trace|[from] ability: Trace|[of] p2a: Zamazenta
|-ability|p1a: Gardevoir|Dauntless Shield|boost
|-boost|p1a: Gardevoir|def|1
|turn|13
|
|t:|1769365166
|move|p2a: Zamazenta|Heavy Slam|p1a: Gardevoir
|-supereffective|p1a: Gardevoir
|-damage|p1a: Gardevoir|16/100
|move|p1a: Gardevoir|Aura Sphere|p2a: Zamazenta
|-supereffective|p2a: Zamazenta
|-damage|p2a: Zamazenta|0 fnt
|faint|p2a: Zamazenta
|
|upkeep
|
|t:|1769365176
|switch|p2a: Iron Treads|Iron Treads|13/100
|turn|14
|
|t:|1769365180
|move|p2a: Iron Treads|Rapid Spin|p1a: Gardevoir
|-damage|p1a: Gardevoir|3/100
|-boost|p2a: Iron Treads|spe|1
|move|p1a: Gardevoir|Aura Sphere|p2a: Iron Treads
|-supereffective|p2a: Iron Treads
|-crit|p2a: Iron Treads
|-damage|p2a: Iron Treads|0 fnt
|faint|p2a: Iron Treads
|-end|p2a: Iron Treads|Quark Drive|[silent]
|
|upkeep
|
|t:|1769365197
|switch|p2a: Zapdos|Zapdos|100/100
|turn|15
|
|t:|1769365205
|move|p2a: Zapdos|Thunderbolt|p1a: Gardevoir
|-damage|p1a: Gardevoir|0 fnt
|faint|p1a: Gardevoir
|
|upkeep
|
|t:|1769365211
|switch|p1a: Altaria|Altaria, F|100/100
|-ability|p1a: Altaria|Cloud Nine
|turn|16
|
|t:|1769365218
|switch|p2a: Dragonite|Dragonite, F|100/100
|move|p1a: Altaria|Dragon Dance|p1a: Altaria
|-boost|p1a: Altaria|atk|1
|-boost|p1a: Altaria|spe|1
|
|upkeep
|turn|17
|
|t:|1769365227
|move|p1a: Altaria|Play Rough|p2a: Dragonite
|-supereffective|p2a: Dragonite
|-damage|p2a: Dragonite|69/100
|move|p2a: Dragonite|Outrage|p1a: Altaria
|-supereffective|p1a: Altaria
|-damage|p1a: Altaria|0 fnt
|faint|p1a: Altaria
|
|upkeep
|
|t:|1769365238
|switch|p1a: Darkrai|Darkrai, shiny|100/100
|-activate|p1a: Darkrai|move: Sticky Web
|-unboost|p1a: Darkrai|spe|1
|turn|18
|
|t:|1769365247
|move|p1a: Darkrai|Ice Beam|p2a: Dragonite
|-supereffective|p2a: Dragonite
|-damage|p2a: Dragonite|0 fnt
|faint|p2a: Dragonite
|
|upkeep
|
|t:|1769365259
|switch|p2a: PlsNoHatt&Ace|Araquanid, M, shiny|87/100
|turn|19
|
|t:|1769365271
|move|p1a: Darkrai|Dark Pulse|p2a: PlsNoHatt&Ace
|-damage|p2a: PlsNoHatt&Ace|46/100
|move|p2a: PlsNoHatt&Ace|Surf|p1a: Darkrai
|-damage|p1a: Darkrai|24/100
|
|upkeep
|turn|20
|
|t:|1769365286
|move|p1a: Darkrai|Dark Pulse|p2a: PlsNoHatt&Ace
|-damage|p2a: PlsNoHatt&Ace|6/100
|cant|p2a: PlsNoHatt&Ace|flinch
|
|upkeep
|turn|21
|
|t:|1769365299
|switch|p2a: Zapdos|Zapdos|100/100
|move|p1a: Darkrai|Dark Pulse|p2a: Zapdos
|-damage|p2a: Zapdos|53/100
|
|upkeep
|turn|22
|
|t:|1769365306
|move|p1a: Darkrai|Sucker Punch|p2a: Zapdos
|-damage|p2a: Zapdos|34/100
|move|p2a: Zapdos|Thunderbolt|p1a: Darkrai
|-damage|p1a: Darkrai|0 fnt
|faint|p1a: Darkrai
|
|upkeep
|
|t:|1769365310
|switch|p1a: Greninja|Greninja, M, shiny|100/100
|-activate|p1a: Greninja|move: Sticky Web
|-unboost|p1a: Greninja|spe|1
|turn|23
|
|t:|1769365319
|move|p1a: Greninja|Gunk Shot|p2a: Zapdos|[miss]
|-start|p1a: Greninja|typechange|Poison|[from] ability: Protean
|-miss|p1a: Greninja|p2a: Zapdos
|move|p2a: Zapdos|Thunderbolt|p1a: Greninja
|-damage|p1a: Greninja|45/100
|
|upkeep
|turn|24
|
|t:|1769365328
|move|p1a: Greninja|Gunk Shot|p2a: Zapdos
|-damage|p2a: Zapdos|0 fnt
|faint|p2a: Zapdos
|-damage|p1a: Greninja|36/100|[from] item: Life Orb
|
|upkeep
|
|t:|1769365334
|switch|p2a: PlsNoHatt&Ace|Araquanid, M, shiny|6/100
|turn|25
|-enditem|p2a: PlsNoHatt&Ace|Custap Berry|[eat]
|-activate|p2a: PlsNoHatt&Ace|item: Custap Berry|[consumed]
|
|t:|1769365345
|move|p2a: PlsNoHatt&Ace|Surf|p1a: Greninja
|-damage|p1a: Greninja|0 fnt
|faint|p1a: Greninja
|
|win|Team10thPlanet
|raw|RNG Savage's rating: 1506 &rarr; <strong>1490</strong><br />(-16 for losing)
|raw|Team10thPlanet's rating: 1568 &rarr; <strong>1584</strong><br />(+16 for winning)
|l|☆RNG Savage
|player|p1|
|l|☆Team10thPlanet
|player|p2|
