|j|☆thehailgod
|j|☆Phillip Blevin
|t:|1769411613
|gametype|singles
|player|p1|thehailgod|plasmagruntf|1387
|player|p2|Phillip Blevin|265|1409
|gen|9
|tier|[Gen 9] OU
|rated|
|rule|HP Percentage Mod: HP is shown in percentages
|rule|Endless Battle Clause: Forcing endless battles is banned
|rule|Species Clause: Limit one of each Pokémon
|rule|OHKO Clause: OHKO moves are banned
|rule|Evasion Items Clause: Evasion items are banned
|rule|Evasion Moves Clause: Evasion moves are banned
|rule|Evasion Abilities Clause: Evasion abilities are banned
|rule|Sleep Moves Clause: Sleep-inducing moves are banned
|clearpoke
|poke|p1|Tyranitar, F|
|poke|p1|Gholdengo|
|poke|p1|Zamazenta-*|
|poke|p1|Rillaboom, M|
|poke|p1|Garchomp, F|
|poke|p1|Zapdos|
|poke|p2|Iron Hands|
|poke|p2|Mandibuzz, F|
|poke|p2|Garganacl, F|
|poke|p2|Landorus-Therian, M|
|poke|p2|Alomomola, M|
|poke|p2|Dragapult, F|
|teampreview
|inactive|Battle timer is ON: inactive players will automatically lose when time's up. (requested by Phillip Blevin)
|
|t:|1769411617
|teamsize|p1|6
|teamsize|p2|6
|start
|switch|p1a: Zapdos|Zapdos|100/100
|switch|p2a: Dragapult|Dragapult, F|100/100
|turn|1
|
|t:|1769411624
|move|p2a: Dragapult|Dragon Darts|p1a: Zapdos
|-damage|p1a: Zapdos|56/100
|-anim|p2a: Dragapult|Dragon Darts|p1a: Zapdos
|-damage|p1a: Zapdos|13/100
|move|p1a: Zapdos|Volt Switch|p2a: Dragapult
|-resisted|p2a: Dragapult
|-damage|p2a: Dragapult|77/100
|
|t:|1769411641
|switch|p1a: Zamazenta|Zamazenta|100/100|[from] Volt Switch
|-ability|p1a: Zamazenta|Dauntless Shield|boost
|-boost|p1a: Zamazenta|def|1
|
|upkeep
|turn|2
|
|t:|1769411652
|switch|p2a: Landorus|Landorus-Therian, M|100/100
|-ability|p2a: Landorus|Intimidate|boost
|-unboost|p1a: Zamazenta|atk|1
|switch|p1a: Zapdos|Zapdos|13/100
|
|upkeep
|turn|3
|
|t:|1769411656
|move|p2a: Landorus|U-turn|p1a: Zapdos
|-resisted|p1a: Zapdos
|-damage|p1a: Zapdos|0 fnt
|faint|p1a: Zapdos
|
|t:|1769411659
|switch|p2a: Dragapult|Dragapult, F|77/100|[from] U-turn
|
|upkeep
|
|t:|1769411672
|switch|p1a: Tyranitar|Tyranitar, F|100/100
|-weather|Sandstorm|[from] ability: Sand Stream|[of] p1a: Tyranitar
|turn|4
|
|t:|1769411676
|move|p2a: Dragapult|U-turn|p1a: Tyranitar
|-supereffective|p1a: Tyranitar
|-damage|p1a: Tyranitar|39/100
|
|t:|1769411679
|switch|p2a: Landorus|Landorus-Therian, M|100/100|[from] U-turn
|-ability|p2a: Landorus|Intimidate|boost
|-unboost|p1a: Tyranitar|atk|1
|move|p1a: Tyranitar|Knock Off|p2a: Landorus
|-damage|p2a: Landorus|62/100
|-enditem|p2a: Landorus|Choice Scarf|[from] move: Knock Off|[of] p1a: Tyranitar
|
|-weather|Sandstorm|[upkeep]
|upkeep
|turn|5
|
|t:|1769411685
|switch|p1a: Garchomp|Garchomp, F|100/100
|move|p2a: Landorus|U-turn|p1a: Garchomp
|-damage|p1a: Garchomp|83/100
|-damage|p2a: Landorus|49/100|[from] ability: Rough Skin|[of] p1a: Garchomp
|-damage|p2a: Landorus|33/100|[from] item: Rocky Helmet|[of] p1a: Garchomp
|
|t:|1769411688
|switch|p2a: Dragapult|Dragapult, F|77/100|[from] U-turn
|
|-weather|Sandstorm|[upkeep]
|-damage|p2a: Dragapult|71/100|[from] Sandstorm
|upkeep
|turn|6
|
|t:|1769411694
|switch|p1a: Zamazenta|Zamazenta|100/100
|move|p2a: Dragapult|Dragon Darts|p1a: Zamazenta
|-damage|p1a: Zamazenta|64/100
|-anim|p2a: Dragapult|Dragon Darts|p1a: Zamazenta
|-damage|p1a: Zamazenta|28/100
|
|-weather|Sandstorm|[upkeep]
|-damage|p2a: Dragapult|65/100|[from] Sandstorm
|-damage|p1a: Zamazenta|22/100|[from] Sandstorm
|upkeep
|turn|7
|
|t:|1769411698
|move|p2a: Dragapult|Dragon Darts|p1a: Zamazenta
|-damage|p1a: Zamazenta|0 fnt
|faint|p1a: Zamazenta
|
|-weather|Sandstorm|[upkeep]
|-damage|p2a: Dragapult|59/100|[from] Sandstorm
|upkeep
|
|t:|1769411707
|switch|p1a: Gholdengo|Gholdengo|100/100
|-item|p1a: Gholdengo|Air Balloon
|turn|8
|
|t:|1769411717
|switch|p2a: Alomomola|Alomomola, M|100/100
|move|p1a: Gholdengo|Make It Rain|p2a: Alomomola
|-resisted|p2a: Alomomola
|-damage|p2a: Alomomola|70/100
|-unboost|p1a: Gholdengo|spa|1
|
|-weather|none
|upkeep
|turn|9
|
|t:|1769411720
|move|p1a: Gholdengo|Thunder Wave|p2a: Alomomola
|-status|p2a: Alomomola|par
|cant|p2a: Alomomola|par
|
|upkeep
|turn|10
|
|t:|1769411725
|move|p1a: Gholdengo|Hex|p2a: Alomomola
|-damage|p2a: Alomomola|25/100 par
|move|p2a: Alomomola|Flip Turn|p1a: Gholdengo
|-damage|p1a: Gholdengo|89/100
|-enditem|p1a: Gholdengo|Air Balloon
|
|t:|1769411731
|switch|p2a: Landorus|Landorus-Therian, M|33/100|[from] Flip Turn
|-ability|p2a: Landorus|Intimidate|boost
|-unboost|p1a: Gholdengo|atk|1
|
|upkeep
|turn|11
|
|t:|1769411741
|switch|p1a: Garchomp|Garchomp, F|83/100
|move|p2a: Landorus|U-turn|p1a: Garchomp
|-damage|p1a: Garchomp|66/100
|-damage|p2a: Landorus|21/100|[from] ability: Rough Skin|[of] p1a: Garchomp
|-damage|p2a: Landorus|4/100|[from] item: Rocky Helmet|[of] p1a: Garchomp
|
|t:|1769411746
|switch|p2a: Dragapult|Dragapult, F|59/100|[from] U-turn
|
|upkeep
|turn|12
|
|t:|1769411752
|-terastallize|p1a: Garchomp|Ghost
|move|p2a: Dragapult|Dragon Darts|p1a: Garchomp
|-damage|p1a: Garchomp|40/100
|-anim|p2a: Dragapult|Dragon Darts|p1a: Garchomp
|-damage|p1a: Garchomp|16/100
|move|p1a: Garchomp|Stealth Rock|p2a: Dragapult
|-sidestart|p2: Phillip Blevin|move: Stealth Rock
|
|upkeep
|turn|13
|
|t:|1769411760
|move|p2a: Dragapult|Dragon Darts|p1a: Garchomp
|-damage|p1a: Garchomp|0 fnt
|faint|p1a: Garchomp
|
|upkeep
|
|t:|1769411764
|switch|p1a: Gholdengo|Gholdengo|89/100
|turn|14
|
|t:|1769411770
|switch|p2a: Iron Hands|Iron Hands|100/100
|-damage|p2a: Iron Hands|94/100|[from] Stealth Rock
|move|p1a: Gholdengo|Hex|p2a: Iron Hands
|-damage|p2a: Iron Hands|78/100
|
|upkeep
|turn|15
|
|t:|1769411774
|switch|p1a: Tyranitar|Tyranitar, F|39/100
|-weather|Sandstorm|[from] ability: Sand Stream|[of] p1a: Tyranitar
|move|p2a: Iron Hands|Supercell Slam|p1a: Tyranitar|[miss]
|-miss|p2a: Iron Hands|p1a: Tyranitar
|-damage|p2a: Iron Hands|28/100|[from] supercellslam
|
|-weather|Sandstorm|[upkeep]
|-damage|p2a: Iron Hands|22/100|[from] Sandstorm
|upkeep
|turn|16
|
|t:|1769411781
|move|p1a: Tyranitar|Low Kick|p2a: Iron Hands
|-damage|p2a: Iron Hands|0 fnt
|faint|p2a: Iron Hands
|-end|p2a: Iron Hands|Quark Drive|[silent]
|
|-weather|Sandstorm|[upkeep]
|upkeep
|
|t:|1769411793
|switch|p2a: Mandibuzz|Mandibuzz, F|100/100
|turn|17
|
|t:|1769411795
|move|p1a: Tyranitar|Stone Edge|p2a: Mandibuzz|[miss]
|-miss|p1a: Tyranitar|p2a: Mandibuzz
|move|p2a: Mandibuzz|Foul Play|p1a: Tyranitar
|-resisted|p1a: Tyranitar
|-damage|p1a: Tyranitar|18/100
|
|-weather|Sandstorm|[upkeep]
|upkeep
|turn|18
|
|t:|1769411797
|move|p1a: Tyranitar|Stone Edge|p2a: Mandibuzz
|-supereffective|p2a: Mandibuzz
|-crit|p2a: Mandibuzz
|-damage|p2a: Mandibuzz|9/100
|move|p2a: Mandibuzz|Defog|p1a: Tyranitar
|-unboost|p1a: Tyranitar|evasion|1
|-sideend|p2: Phillip Blevin|Stealth Rock|[from] move: Defog|[of] p2a: Mandibuzz
|
|-weather|Sandstorm|[upkeep]
|upkeep
|turn|19
|
|t:|1769411802
|move|p1a: Tyranitar|Ice Punch|p2a: Mandibuzz
|-supereffective|p2a: Mandibuzz
|-damage|p2a: Mandibuzz|0 fnt
|faint|p2a: Mandibuzz
|
|-weather|none
|upkeep
|
|t:|1769411804
|switch|p2a: Dragapult|Dragapult, F|59/100
|turn|20
|
|t:|1769411810
|move|p2a: Dragapult|Dragon Darts|p1a: Tyranitar
|-damage|p1a: Tyranitar|0 fnt
|faint|p1a: Tyranitar
|
|upkeep
|
|t:|1769411812
|switch|p1a: Gholdengo|Gholdengo|89/100
|turn|21
|
|t:|1769411815
|switch|p2a: Alomomola|Alomomola, M|58/100 par
|move|p1a: Gholdengo|Hex|p2a: Alomomola
|-damage|p2a: Alomomola|0 fnt
|faint|p2a: Alomomola
|
|upkeep
|
|t:|1769411817
|switch|p2a: Landorus|Landorus-Therian, M|4/100
|-ability|p2a: Landorus|Intimidate|boost
|-unboost|p1a: Gholdengo|atk|1
|turn|22
|
|t:|1769411821
|move|p2a: Landorus|Earthquake|p1a: Gholdengo
|-supereffective|p1a: Gholdengo
|-damage|p1a: Gholdengo|13/100
|move|p1a: Gholdengo|Hex|p2a: Landorus
|-damage|p2a: Landorus|0 fnt
|faint|p2a: Landorus
|
|upkeep
|
|t:|1769411824
|switch|p2a: Dragapult|Dragapult, F|59/100
|turn|23
|
|t:|1769411828
|move|p2a: Dragapult|Dragon Darts|p1a: Gholdengo
|-resisted|p1a: Gholdengo
|-damage|p1a: Gholdengo|0 fnt
|faint|p1a: Gholdengo
|
|upkeep
|
|t:|1769411831
|switch|p1a: Rillaboom|Rillaboom, M|100/100
|-fieldstart|move: Grassy Terrain|[from] ability: Grassy Surge|[of] p1a: Rillaboom
|turn|24
|
|t:|1769411858
|move|p2a: Dragapult|Dragon Darts|p1a: Rillaboom
|-damage|p1a: Rillaboom|58/100
|-anim|p2a: Dragapult|Dragon Darts|p1a: Rillaboom
|-damage|p1a: Rillaboom|19/100
|move|p1a: Rillaboom|Knock Off|p2a: Dragapult
|-supereffective|p2a: Dragapult
|-damage|p2a: Dragapult|0 fnt
|-enditem|p2a: Dragapult|Choice Band|[from] move: Knock Off|[of] p1a: Rillaboom
|faint|p2a: Dragapult
|
|-heal|p1a: Rillaboom|25/100|[from] Grassy Terrain
|upkeep
|
|t:|1769411862
|switch|p2a: Garganacl|Garganacl, F|100/100
|turn|25
|
|t:|1769411866
|move|p1a: Rillaboom|Wood Hammer|p2a: Garganacl
|-supereffective|p2a: Garganacl
|-damage|p2a: Garganacl|0 fnt
|faint|p2a: Garganacl
|-damage|p1a: Rillaboom|0 fnt|[from] Recoil
|faint|p1a: Rillaboom
|
|win|thehailgod
|raw|thehailgod's rating: 1387 &rarr; <strong>1408</strong><br />(+21 for winning)
|raw|Phillip Blevin's rating: 1409 &rarr; <strong>1388</strong><br />(-21 for losing)
