|j|‽Linkinthesink
|j|☆fuhfyjddhh
|t:|1769373690
|gametype|singles
|player|p1|Linkinthesink|101|1471
|player|p2|fuhfyjddhh|policeman-gen4|1531
|gen|9
|tier|[Gen 9] OU
|rated|
|rule|HP Percentage Mod: HP is shown in percentages
|rule|Endless Battle Clause: Forcing endless battles is banned
|rule|Species Clause: Limit one of each Pokémon
|rule|OHKO Clause: OHKO moves are banned
|rule|Evasion Items Clause: Evasion items are banned
|rule|Evasion Moves Clause: Evasion moves are banned
|rule|Evasion Abilities Clause: Evasion abilities are banned
|rule|Sleep Moves Clause: Sleep-inducing moves are banned
|clearpoke
|poke|p1|Kingambit, F|
|poke|p1|Cinderace, F|
|poke|p1|Landorus-Therian, M|
|poke|p1|Iron Valiant|
|poke|p1|Kyurem|
|poke|p1|Slowking-Galar, F|
|poke|p2|Tinkaton, F|
|poke|p2|Ogerpon, F|
|poke|p2|Great Tusk|
|poke|p2|Pecharunt|
|poke|p2|Alomomola, M|
|poke|p2|Hydreigon, M|
|teampreview
|
|t:|1769373694
|teamsize|p1|6
|teamsize|p2|6
|start
|switch|p1a: Kyurem|Kyurem, shiny|100/100
|switch|p2a: Ogerpon|Ogerpon, F|100/100
|-ability|p1a: Kyurem|Pressure
|turn|1
|
|t:|1769373701
|move|p2a: Ogerpon|U-turn|p1a: Kyurem
|-damage|p1a: Kyurem|69/100
|
|t:|1769373704
|switch|p2a: Alomomola|Alomomola, M, shiny|100/100|[from] U-turn
|move|p1a: Kyurem|Blizzard|p2a: Alomomola
|-resisted|p2a: Alomomola
|-damage|p2a: Alomomola|80/100
|
|upkeep
|turn|2
|
|t:|1769373708
|switch|p1a: Slowking|Slowking-Galar, F|100/100
|move|p2a: Alomomola|Flip Turn|p1a: Slowking
|-damage|p1a: Slowking|83/100
|
|t:|1769373712
|switch|p2a: Ogerpon|Ogerpon, F|100/100|[from] Flip Turn
|
|upkeep
|turn|3
|
|t:|1769373715
|switch|p1a: Landorus|Landorus-Therian, M|100/100
|-ability|p1a: Landorus|Intimidate|boost
|-unboost|p2a: Ogerpon|atk|1
|-ability|p2a: Ogerpon|Defiant|boost
|-boost|p2a: Ogerpon|atk|2
|move|p2a: Ogerpon|Knock Off|p1a: Landorus
|-damage|p1a: Landorus|50/100
|-damage|p2a: Ogerpon|84/100|[from] item: Rocky Helmet|[of] p1a: Landorus
|-enditem|p1a: Landorus|Rocky Helmet|[from] move: Knock Off|[of] p2a: Ogerpon
|
|upkeep
|turn|4
|
|t:|1769373728
|switch|p2a: Alomomola|Alomomola, M, shiny|100/100
|move|p1a: Landorus|U-turn|p2a: Alomomola
|-damage|p2a: Alomomola|85/100
|
|t:|1769373730
|switch|p1a: Kyurem|Kyurem, shiny|69/100|[from] U-turn
|-ability|p1a: Kyurem|Pressure
|
|upkeep
|turn|5
|
|t:|1769373735
|switch|p1a: Slowking|Slowking-Galar, F|100/100
|move|p2a: Alomomola|Mirror Coat||[still]
|-fail|p2a: Alomomola
|
|upkeep
|turn|6
|
|t:|1769373740
|move|p2a: Alomomola|Flip Turn|p1a: Slowking
|-damage|p1a: Slowking|84/100
|
|t:|1769373743
|switch|p2a: Tinkaton|Tinkaton, F, shiny|100/100|[from] Flip Turn
|-item|p2a: Tinkaton|Air Balloon
|move|p1a: Slowking|Future Sight|p2a: Tinkaton
|-start|p1a: Slowking|move: Future Sight
|
|upkeep
|turn|7
|
|t:|1769373747
|move|p2a: Tinkaton|Stealth Rock|p1a: Slowking
|-sidestart|p1: Linkinthesink|move: Stealth Rock
|-prepare|p1a: Slowking|Chilly Reception|[premajor]
|move|p1a: Slowking|Chilly Reception|p1a: Slowking
|-weather|Snowscape
|
|t:|1769373749
|switch|p1a: Cinderace|Cinderace, F|100/100|[from] Chilly Reception
|
|-weather|Snowscape|[upkeep]
|upkeep
|turn|8
|
|t:|1769373755
|move|p1a: Cinderace|Pyro Ball|p2a: Tinkaton
|-supereffective|p2a: Tinkaton
|-damage|p2a: Tinkaton|0 fnt
|-enditem|p2a: Tinkaton|Air Balloon
|faint|p2a: Tinkaton
|
|-weather|Snowscape|[upkeep]
|-hint|Future Sight did not hit because the target is fainted.
|upkeep
|
|t:|1769373768
|switch|p2a: Great Tusk|Great Tusk, shiny|100/100
|turn|9
|
|t:|1769373772
|move|p1a: Cinderace|Will-O-Wisp|p2a: Great Tusk|[miss]
|-miss|p1a: Cinderace|p2a: Great Tusk
|move|p2a: Great Tusk|Rapid Spin|p1a: Cinderace
|-damage|p1a: Cinderace|77/100
|-boost|p2a: Great Tusk|spe|1
|
|-weather|Snowscape|[upkeep]
|upkeep
|turn|10
|
|t:|1769373775
|switch|p1a: Landorus|Landorus-Therian, M|50/100
|-damage|p1a: Landorus|38/100|[from] Stealth Rock
|-ability|p1a: Landorus|Intimidate|boost
|-unboost|p2a: Great Tusk|atk|1
|move|p2a: Great Tusk|Headlong Rush|p1a: Landorus
|-immune|p1a: Landorus
|
|-weather|Snowscape|[upkeep]
|upkeep
|turn|11
|
|t:|1769373778
|switch|p1a: Cinderace|Cinderace, F|77/100
|move|p2a: Great Tusk|Ice Spinner|p1a: Cinderace
|-resisted|p1a: Cinderace
|-damage|p1a: Cinderace|66/100
|
|-weather|none
|upkeep
|turn|12
|
|t:|1769373781
|switch|p1a: Landorus|Landorus-Therian, M|38/100
|-damage|p1a: Landorus|25/100|[from] Stealth Rock
|-ability|p1a: Landorus|Intimidate|boost
|-unboost|p2a: Great Tusk|atk|1
|move|p2a: Great Tusk|Headlong Rush|p1a: Landorus
|-immune|p1a: Landorus
|
|upkeep
|turn|13
|
|t:|1769373784
|move|p2a: Great Tusk|Ice Spinner|p1a: Landorus
|-supereffective|p1a: Landorus
|-damage|p1a: Landorus|0 fnt
|faint|p1a: Landorus
|
|upkeep
|
|t:|1769373788
|switch|p1a: Slowking|Slowking-Galar, F|100/100
|turn|14
|
|t:|1769373794
|-end|p2a: Great Tusk|Protosynthesis|[silent]
|switch|p2a: Alomomola|Alomomola, M, shiny|100/100
|-prepare|p1a: Slowking|Chilly Reception|[premajor]
|move|p1a: Slowking|Chilly Reception|p1a: Slowking
|-weather|Snowscape
|
|t:|1769373796
|switch|p1a: Cinderace|Cinderace, F|66/100|[from] Chilly Reception
|
|-weather|Snowscape|[upkeep]
|upkeep
|turn|15
|
|t:|1769373800
|move|p1a: Cinderace|Court Change|p1a: Cinderace
|-swapsideconditions
|-activate|p1a: Cinderace|move: Court Change
|move|p2a: Alomomola|Flip Turn|p1a: Cinderace
|-supereffective|p1a: Cinderace
|-damage|p1a: Cinderace|22/100
|
|t:|1769373810
|switch|p2a: Great Tusk|Great Tusk, shiny|100/100|[from] Flip Turn
|
|-weather|Snowscape|[upkeep]
|upkeep
|turn|16
|
|t:|1769373815
|move|p1a: Cinderace|Pyro Ball|p2a: Great Tusk|[miss]
|-miss|p1a: Cinderace|p2a: Great Tusk
|move|p2a: Great Tusk|Rapid Spin|p1a: Cinderace
|-damage|p1a: Cinderace|0 fnt
|-boost|p2a: Great Tusk|spe|1
|-sideend|p2: fuhfyjddhh|Stealth Rock|[from] move: Rapid Spin|[of] p2a: Great Tusk
|faint|p1a: Cinderace
|
|-weather|Snowscape|[upkeep]
|upkeep
|
|t:|1769373818
|switch|p1a: Kyurem|Kyurem, shiny|69/100
|-ability|p1a: Kyurem|Pressure
|turn|17
|
|t:|1769373820
|move|p2a: Great Tusk|Close Combat|p1a: Kyurem
|-supereffective|p1a: Kyurem
|-damage|p1a: Kyurem|0 fnt
|-unboost|p2a: Great Tusk|def|1
|-unboost|p2a: Great Tusk|spd|1
|faint|p1a: Kyurem
|
|-weather|Snowscape|[upkeep]
|upkeep
|
|t:|1769373823
|switch|p1a: Iron Valiant|Iron Valiant|100/100
|-enditem|p1a: Iron Valiant|Booster Energy
|-activate|p1a: Iron Valiant|ability: Quark Drive|[fromitem]
|-start|p1a: Iron Valiant|quarkdrivespe
|turn|18
|
|t:|1769373831
|-end|p2a: Great Tusk|Protosynthesis|[silent]
|switch|p2a: Alomomola|Alomomola, M, shiny|100/100
|move|p1a: Iron Valiant|Knock Off|p2a: Alomomola
|-damage|p2a: Alomomola|78/100
|-enditem|p2a: Alomomola|Assault Vest|[from] move: Knock Off|[of] p1a: Iron Valiant
|
|-weather|none
|upkeep
|turn|19
|
|t:|1769373836
|-end|p1a: Iron Valiant|Quark Drive|[silent]
|switch|p1a: Slowking|Slowking-Galar, F|100/100
|move|p2a: Alomomola|Mirror Coat||[still]
|-fail|p2a: Alomomola
|
|upkeep
|turn|20
|
|t:|1769373839
|move|p2a: Alomomola|Flip Turn|p1a: Slowking
|-damage|p1a: Slowking|85/100
|
|t:|1769373842
|switch|p2a: Great Tusk|Great Tusk, shiny|100/100|[from] Flip Turn
|-prepare|p1a: Slowking|Chilly Reception|[premajor]
|move|p1a: Slowking|Chilly Reception|p1a: Slowking
|-weather|Snowscape
|
|t:|1769373845
|switch|p1a: Iron Valiant|Iron Valiant|100/100|[from] Chilly Reception
|
|-weather|Snowscape|[upkeep]
|upkeep
|turn|21
|
|t:|1769373848
|-end|p2a: Great Tusk|Protosynthesis|[silent]
|switch|p2a: Alomomola|Alomomola, M, shiny|100/100
|move|p1a: Iron Valiant|Moonblast|p2a: Alomomola
|-damage|p2a: Alomomola|73/100
|-unboost|p2a: Alomomola|spa|1
|
|-weather|Snowscape|[upkeep]
|upkeep
|turn|22
|
|t:|1769373852
|-end|p1a: Iron Valiant|Quark Drive|[silent]
|switch|p1a: Slowking|Slowking-Galar, F|100/100
|move|p2a: Alomomola|Flip Turn|p1a: Slowking
|-damage|p1a: Slowking|84/100
|
|t:|1769373859
|switch|p2a: Ogerpon|Ogerpon, F|84/100|[from] Flip Turn
|
|-weather|Snowscape|[upkeep]
|upkeep
|turn|23
|
|t:|1769373861
|move|p2a: Ogerpon|Knock Off|p1a: Slowking
|-supereffective|p1a: Slowking
|-damage|p1a: Slowking|0 fnt
|-enditem|p1a: Slowking|Heavy-Duty Boots|[from] move: Knock Off|[of] p2a: Ogerpon
|faint|p1a: Slowking
|
|-weather|Snowscape|[upkeep]
|upkeep
|
|t:|1769373864
|switch|p1a: Iron Valiant|Iron Valiant|100/100
|turn|24
|
|t:|1769373868
|switch|p2a: Alomomola|Alomomola, M, shiny|100/100
|move|p1a: Iron Valiant|Moonblast|p2a: Alomomola
|-damage|p2a: Alomomola|72/100
|
|-weather|none
|upkeep
|turn|25
|
|t:|1769373871
|move|p1a: Iron Valiant|Knock Off|p2a: Alomomola
|-damage|p2a: Alomomola|56/100
|move|p2a: Alomomola|Flip Turn|p1a: Iron Valiant
|-damage|p1a: Iron Valiant|77/100
|
|t:|1769373876
|switch|p2a: Ogerpon|Ogerpon, F|84/100|[from] Flip Turn
|
|upkeep
|turn|26
|
|t:|1769373879
|-terastallize|p2a: Ogerpon|Grass
|detailschange|p2a: Ogerpon|Ogerpon-Teal-Tera, F, tera:Grass
|-ability|p2a: Ogerpon|Embody Aspect (Teal)|boost
|-boost|p2a: Ogerpon|spe|1
|move|p2a: Ogerpon|Ivy Cudgel|p1a: Iron Valiant
|-damage|p1a: Iron Valiant|0 fnt
|faint|p1a: Iron Valiant
|-end|p1a: Iron Valiant|Quark Drive|[silent]
|
|upkeep
|-message|Linkinthesink forfeited.
|
|win|fuhfyjddhh
|raw|Linkinthesink's rating: 1471 &rarr; <strong>1454</strong><br />(-17 for losing)
|raw|fuhfyjddhh's rating: 1531 &rarr; <strong>1548</strong><br />(+17 for winning)
|l|‽Linkinthesink
|player|p1|
