|j|‽bonds2425
|j|☆holahalo
|t:|1769417908
|gametype|singles
|player|p1|bonds2425|flint|1355
|player|p2|holahalo|depotagent|1404
|gen|9
|tier|[Gen 9] OU
|rated|
|rule|HP Percentage Mod: HP is shown in percentages
|rule|Endless Battle Clause: Forcing endless battles is banned
|rule|Species Clause: Limit one of each Pokémon
|rule|OHKO Clause: OHKO moves are banned
|rule|Evasion Items Clause: Evasion items are banned
|rule|Evasion Moves Clause: Evasion moves are banned
|rule|Evasion Abilities Clause: Evasion abilities are banned
|rule|Sleep Moves Clause: Sleep-inducing moves are banned
|clearpoke
|poke|p1|Hydrapple, M|
|poke|p1|Gliscor, M|
|poke|p1|Slowking-Galar, M|
|poke|p1|Cinderace, M|
|poke|p1|Kingambit, M|
|poke|p1|Iron Valiant|
|poke|p2|Ogerpon-Wellspring, F|
|poke|p2|Cloyster, F|
|poke|p2|Ninetales-Alola, F|
|poke|p2|Polteageist|
|poke|p2|Iron Treads|
|poke|p2|Dragonite, M|
|teampreview
|inactive|Battle timer is ON: inactive players will automatically lose when time's up. (requested by holahalo)
|
|t:|1769417927
|teamsize|p1|6
|teamsize|p2|6
|start
|switch|p1a: Gliscor|Gliscor, M, shiny|100/100
|switch|p2a: Ninetales|Ninetales-Alola, F|100/100
|-weather|Snowscape|[from] ability: Snow Warning|[of] p2a: Ninetales
|turn|1
|
|t:|1769417944
|move|p1a: Gliscor|Protect|p1a: Gliscor
|-singleturn|p1a: Gliscor|Protect
|move|p2a: Ninetales|Aurora Veil|p2a: Ninetales
|-sidestart|p2: holahalo|move: Aurora Veil
|
|-weather|Snowscape|[upkeep]
|-status|p1a: Gliscor|tox|[from] item: Toxic Orb
|upkeep
|turn|2
|
|t:|1769417959
|switch|p1a: Cinderace|Cinderace, M, shiny|100/100
|move|p2a: Ninetales|Freeze-Dry|p1a: Cinderace
|-resisted|p1a: Cinderace
|-damage|p1a: Cinderace|81/100
|
|-weather|Snowscape|[upkeep]
|upkeep
|turn|3
|inactive|bonds2425 has 120 seconds left.
|inactive|holahalo has 120 seconds left.
|
|t:|1769417992
|switch|p2a: Dragonite|Dragonite, M|100/100
|move|p1a: Cinderace|Court Change|p1a: Cinderace
|-start|p1a: Cinderace|typechange|Normal|[from] ability: Libero
|-swapsideconditions
|-activate|p1a: Cinderace|move: Court Change
|
|-weather|Snowscape|[upkeep]
|upkeep
|turn|4
|inactive|bonds2425 has 120 seconds left.
|
|t:|1769418005
|move|p1a: Cinderace|U-turn|p2a: Dragonite
|-resisted|p2a: Dragonite
|-damage|p2a: Dragonite|94/100
|
|t:|1769418011
|switch|p1a: Iron Valiant|Iron Valiant|100/100|[from] U-turn
|-enditem|p1a: Iron Valiant|Booster Energy
|-activate|p1a: Iron Valiant|ability: Quark Drive|[fromitem]
|-start|p1a: Iron Valiant|quarkdrivespe
|move|p2a: Dragonite|Dragon Dance|p2a: Dragonite
|-boost|p2a: Dragonite|atk|1
|-boost|p2a: Dragonite|spe|1
|
|-weather|Snowscape|[upkeep]
|upkeep
|turn|5
|inactive|bonds2425 has 120 seconds left.
|inactive|holahalo has 120 seconds left.
|
|t:|1769418042
|-terastallize|p2a: Dragonite|Normal
|move|p2a: Dragonite|Extreme Speed|p1a: Iron Valiant
|-damage|p1a: Iron Valiant|58/100
|move|p1a: Iron Valiant|Encore|p2a: Dragonite
|-start|p2a: Dragonite|Encore
|
|-weather|none
|upkeep
|turn|6
|inactive|bonds2425 has 90 seconds left.
|
|t:|1769418070
|move|p2a: Dragonite|Extreme Speed|p1a: Iron Valiant
|-damage|p1a: Iron Valiant|13/100
|move|p1a: Iron Valiant|Knock Off|p2a: Dragonite
|-damage|p2a: Dragonite|63/100
|-enditem|p2a: Dragonite|Heavy-Duty Boots|[from] move: Knock Off|[of] p1a: Iron Valiant
|
|upkeep
|turn|7
|
|t:|1769418086
|-terastallize|p1a: Iron Valiant|Ghost
|move|p2a: Dragonite|Extreme Speed|p1a: Iron Valiant
|-immune|p1a: Iron Valiant
|move|p1a: Iron Valiant|Moonblast|p2a: Dragonite
|-damage|p2a: Dragonite|10/100
|
|upkeep
|turn|8
|
|t:|1769418105
|switch|p2a: Iron Treads|Iron Treads|100/100
|-enditem|p2a: Iron Treads|Booster Energy
|-activate|p2a: Iron Treads|ability: Quark Drive|[fromitem]
|-start|p2a: Iron Treads|quarkdrivespe
|move|p1a: Iron Valiant|Knock Off|p2a: Iron Treads
|-damage|p2a: Iron Treads|84/100
|
|-sideend|p1: bonds2425|move: Aurora Veil
|upkeep
|turn|9
|
|t:|1769418115
|move|p1a: Iron Valiant|Destiny Bond|p1a: Iron Valiant
|-singlemove|p1a: Iron Valiant|Destiny Bond
|move|p2a: Iron Treads|Earth Power|p1a: Iron Valiant
|-damage|p1a: Iron Valiant|0 fnt
|faint|p1a: Iron Valiant
|-activate|p1a: Iron Valiant|move: Destiny Bond
|-end|p1a: Iron Valiant|Quark Drive|[silent]
|faint|p2a: Iron Treads
|-end|p2a: Iron Treads|Quark Drive|[silent]
|
|upkeep
|
|t:|1769418131
|switch|p1a: Cinderace|Cinderace, M, shiny|81/100
|switch|p2a: Ninetales|Ninetales-Alola, F|100/100
|-weather|Snowscape|[from] ability: Snow Warning|[of] p2a: Ninetales
|turn|10
|inactive|holahalo has 120 seconds left.
|
|t:|1769418172
|switch|p2a: Polteageist|Polteageist|100/100
|move|p1a: Cinderace|Pyro Ball|p2a: Polteageist
|-damage|p2a: Polteageist|27/100
|
|-weather|Snowscape|[upkeep]
|upkeep
|turn|11
|
|t:|1769418183
|move|p1a: Cinderace|Sucker Punch|p2a: Polteageist
|-start|p1a: Cinderace|typechange|Dark|[from] ability: Libero
|-supereffective|p2a: Polteageist
|-damage|p2a: Polteageist|0 fnt
|faint|p2a: Polteageist
|
|-weather|Snowscape|[upkeep]
|upkeep
|
|t:|1769418188
|switch|p2a: Ogerpon|Ogerpon-Wellspring, F|100/100
|turn|12
|
|t:|1769418202
|move|p1a: Cinderace|U-turn|p2a: Ogerpon
|-supereffective|p2a: Ogerpon
|-damage|p2a: Ogerpon|36/100
|
|t:|1769418206
|switch|p1a: Hydrapple|Hydrapple, M, shiny|100/100|[from] U-turn
|move|p2a: Ogerpon|Swords Dance|p2a: Ogerpon
|-boost|p2a: Ogerpon|atk|2
|
|-weather|Snowscape|[upkeep]
|upkeep
|turn|13
|inactive|bonds2425 has 90 seconds left.
|
|t:|1769418220
|move|p2a: Ogerpon|Play Rough|p1a: Hydrapple
|-supereffective|p1a: Hydrapple
|-damage|p1a: Hydrapple|0 fnt
|faint|p1a: Hydrapple
|
|-weather|Snowscape|[upkeep]
|upkeep
|
|t:|1769418236
|switch|p1a: Slowking|Slowking-Galar, M, shiny|100/100
|turn|14
|
|t:|1769418248
|move|p2a: Ogerpon|Ivy Cudgel|p1a: Slowking|[anim] Ivy Cudgel Water
|-crit|p1a: Slowking
|-damage|p1a: Slowking|0 fnt
|faint|p1a: Slowking
|
|-weather|none
|upkeep
|
|t:|1769418257
|switch|p1a: Cinderace|Cinderace, M, shiny|81/100
|turn|15
|
|t:|1769418277
|switch|p2a: Dragonite|Dragonite, M, tera:Normal|10/100
|move|p1a: Cinderace|Pyro Ball|p2a: Dragonite
|-damage|p2a: Dragonite|0 fnt
|faint|p2a: Dragonite
|
|upkeep
|inactive|holahalo has 120 seconds left.
|
|t:|1769418298
|switch|p2a: Cloyster|Cloyster, F|100/100
|turn|16
|inactive|holahalo has 120 seconds left.
|
|t:|1769418315
|move|p1a: Cinderace|Pyro Ball|p2a: Cloyster
|-damage|p2a: Cloyster|53/100
|-status|p2a: Cloyster|brn
|move|p2a: Cloyster|Rock Blast|p1a: Cinderace
|-supereffective|p1a: Cinderace
|-damage|p1a: Cinderace|70/100
|-supereffective|p1a: Cinderace
|-damage|p1a: Cinderace|57/100
|-supereffective|p1a: Cinderace
|-damage|p1a: Cinderace|46/100
|-supereffective|p1a: Cinderace
|-damage|p1a: Cinderace|34/100
|-supereffective|p1a: Cinderace
|-damage|p1a: Cinderace|23/100
|-hitcount|p1a: Cinderace|5
|
|-damage|p2a: Cloyster|47/100 brn|[from] brn
|upkeep
|turn|17
|inactive|bonds2425 has 90 seconds left.
|
|t:|1769418359
|move|p1a: Cinderace|Pyro Ball|p2a: Cloyster
|-damage|p2a: Cloyster|2/100 brn
|move|p2a: Cloyster|Rock Blast|p1a: Cinderace
|-supereffective|p1a: Cinderace
|-damage|p1a: Cinderace|11/100
|-supereffective|p1a: Cinderace
|-damage|p1a: Cinderace|0 fnt
|faint|p1a: Cinderace
|-hitcount|p1: Cinderace|2
|
|-damage|p2a: Cloyster|0 fnt|[from] brn
|faint|p2a: Cloyster
|upkeep
|inactive|bonds2425 has 60 seconds left.
|
|t:|1769418373
|switch|p1a: Kingambit|Kingambit, M|100/100
|switch|p2a: Ninetales|Ninetales-Alola, F|100/100
|-weather|Snowscape|[from] ability: Snow Warning|[of] p2a: Ninetales
|-activate|p1a: Kingambit|ability: Supreme Overlord
|-start|p1a: Kingambit|fallen4|[silent]
|-item|p1a: Kingambit|Air Balloon
|turn|18
|inactive|bonds2425 has 60 seconds left.
|
|t:|1769418386
|move|p2a: Ninetales|Aurora Veil|p2a: Ninetales
|-sidestart|p2: holahalo|move: Aurora Veil
|move|p1a: Kingambit|Iron Head|p2a: Ninetales
|-supereffective|p2a: Ninetales
|-damage|p2a: Ninetales|0 fnt
|faint|p2a: Ninetales
|
|-weather|Snowscape|[upkeep]
|upkeep
|
|t:|1769418393
|switch|p2a: Ogerpon|Ogerpon-Wellspring, F|36/100
|turn|19
|
|t:|1769418399
|move|p1a: Kingambit|Sucker Punch||[still]
|-fail|p1a: Kingambit
|move|p2a: Ogerpon|Swords Dance|p2a: Ogerpon
|-boost|p2a: Ogerpon|atk|2
|
|-weather|Snowscape|[upkeep]
|upkeep
|turn|20
|
|t:|1769418410
|move|p1a: Kingambit|Sucker Punch|p2a: Ogerpon
|-damage|p2a: Ogerpon|2/100
|move|p2a: Ogerpon|Ivy Cudgel|p1a: Kingambit|[anim] Ivy Cudgel Water
|-damage|p1a: Kingambit|0 fnt
|-enditem|p1a: Kingambit|Air Balloon
|faint|p1a: Kingambit
|-end|p1a: Kingambit|fallen4|[silent]
|
|-weather|Snowscape|[upkeep]
|upkeep
|
|t:|1769418423
|switch|p1a: Gliscor|Gliscor, M, shiny|100/100 tox
|turn|21
|
|t:|1769418439
|move|p2a: Ogerpon|Ivy Cudgel|p1a: Gliscor|[anim] Ivy Cudgel Water
|-supereffective|p1a: Gliscor
|-damage|p1a: Gliscor|0 fnt
|faint|p1a: Gliscor
|
|win|holahalo
|raw|bonds2425's rating: 1355 &rarr; <strong>1338</strong><br />(-17 for losing)
|raw|holahalo's rating: 1404 &rarr; <strong>1421</strong><br />(+17 for winning)
|l|☆holahalo
|player|p2|
|l|‽bonds2425
|player|p1|
