|j|☆BeachLeak
|j|☆Clair117
|t:|1769325948
|gametype|singles
|player|p1|BeachLeak|archer|1514
|player|p2|Clair117|courtney|1515
|gen|9
|tier|[Gen 9] OU
|rated|
|rule|HP Percentage Mod: HP is shown in percentages
|rule|Endless Battle Clause: Forcing endless battles is banned
|rule|Species Clause: Limit one of each Pokémon
|rule|OHKO Clause: OHKO moves are banned
|rule|Evasion Items Clause: Evasion items are banned
|rule|Evasion Moves Clause: Evasion moves are banned
|rule|Evasion Abilities Clause: Evasion abilities are banned
|rule|Sleep Moves Clause: Sleep-inducing moves are banned
|clearpoke
|poke|p1|Zamazenta-*|
|poke|p1|Ceruledge, F|
|poke|p1|Moltres-Galar|
|poke|p1|Deoxys-Speed|
|poke|p1|Glimmora, F|
|poke|p1|Ogerpon-Wellspring, F|
|poke|p2|Polteageist|
|poke|p2|Indeedee, M|
|poke|p2|Great Tusk|
|poke|p2|Ogerpon-Wellspring, F|
|poke|p2|Skarmory, M|
|poke|p2|Muk-Alola, M|
|teampreview
|
|t:|1769325956
|teamsize|p1|6
|teamsize|p2|6
|start
|switch|p1a: MolTris|Moltres-Galar|100/100
|switch|p2a: Ogerpon|Ogerpon-Wellspring, F|100/100
|turn|1
|
|t:|1769325963
|-terastallize|p2a: Ogerpon|Water
|detailschange|p2a: Ogerpon|Ogerpon-Wellspring-Tera, F, tera:Water
|-ability|p2a: Ogerpon|Embody Aspect (Wellspring)|boost
|-boost|p2a: Ogerpon|spd|1
|move|p2a: Ogerpon|Ivy Cudgel|p1a: MolTris|[anim] Ivy Cudgel Water
|-damage|p1a: MolTris|23/100
|-ability|p1a: MolTris|Berserk|boost
|-boost|p1a: MolTris|spa|1
|-enditem|p1a: MolTris|Sitrus Berry|[eat]
|-heal|p1a: MolTris|48/100|[from] item: Sitrus Berry
|move|p1a: MolTris|Nasty Plot|p1a: MolTris
|-boost|p1a: MolTris|spa|2
|
|upkeep
|turn|2
|
|t:|1769325978
|switch|p1a: Ogerpon|Ogerpon-Wellspring, F|100/100
|move|p2a: Ogerpon|Ivy Cudgel|p1a: Ogerpon|[anim] Ivy Cudgel Water
|-immune|p1a: Ogerpon|[from] ability: Water Absorb
|
|upkeep
|turn|3
|
|t:|1769325986
|move|p1a: Ogerpon|U-turn|p2a: Ogerpon
|-damage|p2a: Ogerpon|66/100
|
|t:|1769325997
|switch|p1a: KaCe Lola|Ceruledge, F|100/100|[from] U-turn
|move|p2a: Ogerpon|U-turn|p1a: KaCe Lola
|-resisted|p1a: KaCe Lola
|-damage|p1a: KaCe Lola|91/100
|-ability|p1a: KaCe Lola|Weak Armor|boost
|-unboost|p1a: KaCe Lola|def|1
|-boost|p1a: KaCe Lola|spe|2
|
|t:|1769326000
|switch|p2a: Muk Monday|Muk-Alola, M|100/100|[from] U-turn
|
|upkeep
|turn|4
|
|t:|1769326014
|switch|p1a: Glimmora|Glimmora, F|100/100
|move|p2a: Muk Monday|Knock Off|p1a: Glimmora
|-damage|p1a: Glimmora|46/100
|-activate|p1a: Glimmora|ability: Toxic Debris
|-sidestart|p2: Clair117|move: Toxic Spikes
|-enditem|p1a: Glimmora|Focus Sash|[from] move: Knock Off|[of] p2a: Muk Monday
|
|upkeep
|turn|5
|
|t:|1769326020
|move|p1a: Glimmora|Stealth Rock|p2a: Muk Monday
|-sidestart|p2: Clair117|move: Stealth Rock
|move|p2a: Muk Monday|Knock Off|p1a: Glimmora
|-damage|p1a: Glimmora|6/100
|-activate|p1a: Glimmora|ability: Toxic Debris
|-sidestart|p2: Clair117|move: Toxic Spikes
|
|upkeep
|turn|6
|
|t:|1769326025
|move|p1a: Glimmora|Earth Power|p2a: Muk Monday
|-supereffective|p2a: Muk Monday
|-damage|p2a: Muk Monday|69/100
|move|p2a: Muk Monday|Knock Off|p1a: Glimmora
|-damage|p1a: Glimmora|0 fnt
|faint|p1a: Glimmora
|
|upkeep
|
|t:|1769326042
|switch|p1a: Ogerpon|Ogerpon-Wellspring, F|100/100
|turn|7
|
|t:|1769326045
|switch|p2a: Skarmory|Skarmory, M|100/100
|-damage|p2a: Skarmory|88/100|[from] Stealth Rock
|move|p1a: Ogerpon|U-turn|p2a: Skarmory
|-resisted|p2a: Skarmory
|-damage|p2a: Skarmory|84/100
|-damage|p1a: Ogerpon|84/100|[from] item: Rocky Helmet|[of] p2a: Skarmory
|
|t:|1769326051
|switch|p1a: KaCe Lola|Ceruledge, F|91/100|[from] U-turn
|
|upkeep
|turn|8
|
|t:|1769326056
|move|p1a: KaCe Lola|Swords Dance|p1a: KaCe Lola
|-boost|p1a: KaCe Lola|atk|2
|move|p2a: Skarmory|Spikes|p1a: KaCe Lola
|-sidestart|p1: BeachLeak|Spikes
|
|upkeep
|turn|9
|
|t:|1769326063
|move|p1a: KaCe Lola|Bitter Blade|p2a: Skarmory
|-supereffective|p2a: Skarmory
|-damage|p2a: Skarmory|0 fnt
|-heal|p1a: KaCe Lola|100/100|[from] drain|[of] p2a: Skarmory
|-damage|p1a: KaCe Lola|84/100|[from] item: Rocky Helmet|[of] p2a: Skarmory
|faint|p2a: Skarmory
|
|upkeep
|
|t:|1769326068
|switch|p2a: Muk Monday|Muk-Alola, M|69/100
|-sideend|p2: Clair117|move: Toxic Spikes|[of] p2a: Muk Monday
|-damage|p2a: Muk Monday|56/100|[from] Stealth Rock
|turn|10
|
|t:|1769326071
|move|p1a: KaCe Lola|Bitter Blade|p2a: Muk Monday
|-damage|p2a: Muk Monday|0 fnt
|-heal|p1a: KaCe Lola|100/100|[from] drain|[of] p2a: Muk Monday
|faint|p2a: Muk Monday
|
|upkeep
|
|t:|1769326076
|switch|p2a: Great Tusk|Great Tusk|100/100
|-damage|p2a: Great Tusk|98/100|[from] Stealth Rock
|turn|11
|
|t:|1769326079
|move|p2a: Great Tusk|Headlong Rush|p1a: KaCe Lola
|-supereffective|p1a: KaCe Lola
|-enditem|p1a: KaCe Lola|Focus Sash
|-damage|p1a: KaCe Lola|1/100
|-unboost|p2a: Great Tusk|def|1
|-unboost|p2a: Great Tusk|spd|1
|-ability|p1a: KaCe Lola|Weak Armor|boost
|-unboost|p1a: KaCe Lola|def|1
|-boost|p1a: KaCe Lola|spe|2
|move|p1a: KaCe Lola|Poltergeist|p2a: Great Tusk
|-activate|p2a: Great Tusk|move: Poltergeist|Rocky Helmet
|-damage|p2a: Great Tusk|0 fnt
|faint|p2a: Great Tusk
|-end|p2a: Great Tusk|Protosynthesis|[silent]
|
|upkeep
|-message|Clair117 forfeited.
|
|win|BeachLeak
|raw|BeachLeak's rating: 1514 &rarr; <strong>1534</strong><br />(+20 for winning)
|raw|Clair117's rating: 1515 &rarr; <strong>1495</strong><br />(-20 for losing)
|l|☆Clair117
|player|p2|
|l|☆BeachLeak
|player|p1|
