|j|☆pokechamp13
|j|‽uscboarder
|t:|1769443286
|gametype|singles
|player|p1|pokechamp13|silver|1497
|player|p2|uscboarder|li|1468
|gen|9
|tier|[Gen 9] OU
|rated|
|rule|HP Percentage Mod: HP is shown in percentages
|rule|Endless Battle Clause: Forcing endless battles is banned
|rule|Species Clause: Limit one of each Pokémon
|rule|OHKO Clause: OHKO moves are banned
|rule|Evasion Items Clause: Evasion items are banned
|rule|Evasion Moves Clause: Evasion moves are banned
|rule|Evasion Abilities Clause: Evasion abilities are banned
|rule|Sleep Moves Clause: Sleep-inducing moves are banned
|clearpoke
|poke|p1|Greninja-*, M|
|poke|p1|Cinderace, F|
|poke|p1|Ogerpon, F|
|poke|p1|Hoopa-Unbound|
|poke|p1|Zapdos|
|poke|p1|Garganacl, M|
|poke|p2|Hariyama, F|
|poke|p2|Alomomola, F|
|poke|p2|Ting-Lu|
|poke|p2|Iron Valiant|
|poke|p2|Corviknight, F|
|poke|p2|Dragapult, F|
|teampreview
|
|t:|1769443306
|teamsize|p1|6
|teamsize|p2|6
|start
|switch|p1a: Garganacl|Garganacl, M|100/100
|switch|p2a: Alomomola|Alomomola, F|100/100
|turn|1
|inactive|Battle timer is ON: inactive players will automatically lose when time's up. (requested by uscboarder)
|
|t:|1769443342
|move|p2a: Alomomola|Flip Turn|p1a: Garganacl
|-supereffective|p1a: Garganacl
|-damage|p1a: Garganacl|81/100
|-damage|p2a: Alomomola|84/100|[from] item: Rocky Helmet|[of] p1a: Garganacl
|
|t:|1769443347
|switch|p2a: Hariyama|Hariyama, F|100/100|[from] Flip Turn
|move|p1a: Garganacl|Salt Cure|p2a: Hariyama
|-resisted|p2a: Hariyama
|-damage|p2a: Hariyama|92/100
|-start|p2a: Hariyama|Salt Cure
|
|-damage|p2a: Hariyama|80/100|[from] Salt Cure
|upkeep
|turn|2
|
|t:|1769443361
|switch|p1a: Zapdos|Zapdos|100/100
|move|p2a: Hariyama|Ice Punch|p1a: Zapdos
|-supereffective|p1a: Zapdos
|-damage|p1a: Zapdos|28/100
|
|-damage|p2a: Hariyama|67/100|[from] Salt Cure
|upkeep
|turn|3
|
|t:|1769443368
|switch|p2a: Ting-Lu|Ting-Lu|100/100
|-ability|p2a: Ting-Lu|Vessel of Ruin
|move|p1a: Zapdos|Hurricane|p2a: Ting-Lu|[miss]
|-miss|p1a: Zapdos|p2a: Ting-Lu
|
|upkeep
|turn|4
|
|t:|1769443373
|move|p1a: Zapdos|Roost|p1a: Zapdos
|-heal|p1a: Zapdos|78/100
|-singleturn|p1a: Zapdos|move: Roost
|move|p2a: Ting-Lu|Stealth Rock|p1a: Zapdos
|-sidestart|p1: pokechamp13|move: Stealth Rock
|
|upkeep
|turn|5
|
|t:|1769443384
|move|p1a: Zapdos|U-turn|p2a: Ting-Lu
|-supereffective|p2a: Ting-Lu
|-damage|p2a: Ting-Lu|86/100
|
|t:|1769443388
|switch|p1a: Ogerpon|Ogerpon, F|100/100|[from] U-turn
|move|p2a: Ting-Lu|Whirlwind|p1a: Ogerpon
|drag|p1a: Greninja|Greninja, M|100/100
|-damage|p1a: Greninja|88/100|[from] Stealth Rock
|
|-heal|p2a: Ting-Lu|92/100|[from] item: Leftovers
|upkeep
|turn|6
|
|t:|1769443403
|switch|p1a: Ogerpon|Ogerpon, F|100/100
|move|p2a: Ting-Lu|Earthquake|p1a: Ogerpon
|-resisted|p1a: Ogerpon
|-damage|p1a: Ogerpon|79/100
|
|-heal|p2a: Ting-Lu|98/100|[from] item: Leftovers
|upkeep
|turn|7
|
|t:|1769443426
|switch|p2a: Corviknight|Corviknight, F|100/100
|-ability|p2a: Corviknight|Pressure
|move|p1a: Ogerpon|Ivy Cudgel|p2a: Corviknight
|-resisted|p2a: Corviknight
|-damage|p2a: Corviknight|93/100
|
|upkeep
|turn|8
|
|t:|1769443433
|switch|p1a: Zapdos|Zapdos|78/100
|move|p2a: Corviknight|U-turn|p1a: Zapdos
|-resisted|p1a: Zapdos
|-damage|p1a: Zapdos|72/100
|
|t:|1769443440
|switch|p2a: Ting-Lu|Ting-Lu|98/100|[from] U-turn
|-ability|p2a: Ting-Lu|Vessel of Ruin
|
|-heal|p2a: Ting-Lu|100/100|[from] item: Leftovers
|upkeep
|turn|9
|
|t:|1769443444
|move|p1a: Zapdos|Hurricane|p2a: Ting-Lu
|-damage|p2a: Ting-Lu|79/100
|-start|p2a: Ting-Lu|confusion
|-activate|p2a: Ting-Lu|confusion
|-damage|p2a: Ting-Lu|74/100|[from] confusion
|
|-heal|p2a: Ting-Lu|80/100|[from] item: Leftovers
|upkeep
|turn|10
|
|t:|1769443449
|move|p1a: Zapdos|U-turn|p2a: Ting-Lu
|-supereffective|p2a: Ting-Lu
|-damage|p2a: Ting-Lu|64/100
|
|t:|1769443453
|switch|p1a: Ogerpon|Ogerpon, F|79/100|[from] U-turn
|-end|p2a: Ting-Lu|confusion
|move|p2a: Ting-Lu|Ruination|p1a: Ogerpon
|-damage|p1a: Ogerpon|40/100
|
|-heal|p2a: Ting-Lu|71/100|[from] item: Leftovers
|upkeep
|turn|11
|
|t:|1769443468
|move|p1a: Ogerpon|Synthesis|p1a: Ogerpon
|-heal|p1a: Ogerpon|90/100
|move|p2a: Ting-Lu|Whirlwind|p1a: Ogerpon
|drag|p1a: Cinderace|Cinderace, F|100/100
|
|-heal|p2a: Ting-Lu|77/100|[from] item: Leftovers
|upkeep
|turn|12
|
|t:|1769443477
|move|p1a: Cinderace|Court Change|p1a: Cinderace
|-swapsideconditions
|-activate|p1a: Cinderace|move: Court Change
|move|p2a: Ting-Lu|Earthquake|p1a: Cinderace
|-supereffective|p1a: Cinderace
|-damage|p1a: Cinderace|0 fnt
|faint|p1a: Cinderace
|
|-heal|p2a: Ting-Lu|83/100|[from] item: Leftovers
|upkeep
|
|t:|1769443485
|switch|p1a: Hoopa|Hoopa-Unbound|100/100
|turn|13
|
|t:|1769443497
|move|p1a: Hoopa|Knock Off|p2a: Ting-Lu
|-resisted|p2a: Ting-Lu
|-damage|p2a: Ting-Lu|67/100
|-enditem|p2a: Ting-Lu|Leftovers|[from] move: Knock Off|[of] p1a: Hoopa
|move|p2a: Ting-Lu|Ruination|p1a: Hoopa
|-damage|p1a: Hoopa|50/100
|
|upkeep
|turn|14
|
|t:|1769443506
|switch|p1a: Ogerpon|Ogerpon, F|90/100
|move|p2a: Ting-Lu|Stealth Rock|p1a: Ogerpon
|-sidestart|p1: pokechamp13|move: Stealth Rock
|
|upkeep
|turn|15
|
|t:|1769443509
|switch|p2a: Corviknight|Corviknight, F|93/100
|-damage|p2a: Corviknight|81/100|[from] Stealth Rock
|-ability|p2a: Corviknight|Pressure
|move|p1a: Ogerpon|Ivy Cudgel|p2a: Corviknight
|-resisted|p2a: Corviknight
|-damage|p2a: Corviknight|74/100
|
|upkeep
|turn|16
|
|t:|1769443520
|switch|p1a: Zapdos|Zapdos|72/100
|move|p2a: Corviknight|Defog|p1a: Zapdos
|-unboost|p1a: Zapdos|evasion|1
|-sideend|p1: pokechamp13|Stealth Rock|[from] move: Defog|[of] p2a: Corviknight
|-sideend|p2: uscboarder|Stealth Rock|[from] move: Defog|[of] p2a: Corviknight
|
|upkeep
|turn|17
|
|t:|1769443526
|switch|p2a: Ting-Lu|Ting-Lu|67/100
|-ability|p2a: Ting-Lu|Vessel of Ruin
|move|p1a: Zapdos|U-turn|p2a: Ting-Lu
|-supereffective|p2a: Ting-Lu
|-damage|p2a: Ting-Lu|52/100
|
|t:|1769443529
|switch|p1a: Ogerpon|Ogerpon, F|90/100|[from] U-turn
|
|upkeep
|turn|18
|
|t:|1769443535
|switch|p2a: Corviknight|Corviknight, F|74/100
|-ability|p2a: Corviknight|Pressure
|move|p1a: Ogerpon|Ivy Cudgel|p2a: Corviknight
|-resisted|p2a: Corviknight
|-damage|p2a: Corviknight|66/100
|
|upkeep
|turn|19
|
|t:|1769443543
|switch|p1a: Garganacl|Garganacl, M|81/100
|move|p2a: Corviknight|U-turn|p1a: Garganacl
|-damage|p1a: Garganacl|69/100
|-damage|p2a: Corviknight|50/100|[from] item: Rocky Helmet|[of] p1a: Garganacl
|
|t:|1769443550
|switch|p2a: Hariyama|Hariyama, F|67/100|[from] U-turn
|
|upkeep
|turn|20
|
|t:|1769443553
|switch|p1a: Zapdos|Zapdos|72/100
|move|p2a: Hariyama|Headlong Rush|p1a: Zapdos
|-immune|p1a: Zapdos
|
|upkeep
|turn|21
|
|t:|1769443559
|-terastallize|p2a: Hariyama|Ice
|move|p1a: Zapdos|Hurricane|p2a: Hariyama
|-damage|p2a: Hariyama|18/100
|move|p2a: Hariyama|Ice Punch|p1a: Zapdos
|-supereffective|p1a: Zapdos
|-damage|p1a: Zapdos|0 fnt
|faint|p1a: Zapdos
|
|upkeep
|
|t:|1769443569
|switch|p1a: Ogerpon|Ogerpon, F|90/100
|turn|22
|
|t:|1769443573
|switch|p2a: Corviknight|Corviknight, F|50/100
|-ability|p2a: Corviknight|Pressure
|move|p1a: Ogerpon|Ivy Cudgel|p2a: Corviknight
|-resisted|p2a: Corviknight
|-damage|p2a: Corviknight|43/100
|
|upkeep
|turn|23
|
|t:|1769443580
|switch|p1a: Garganacl|Garganacl, M|69/100
|move|p2a: Corviknight|Roost|p2a: Corviknight
|-heal|p2a: Corviknight|93/100
|-singleturn|p2a: Corviknight|move: Roost
|
|upkeep
|turn|24
|
|t:|1769443587
|move|p2a: Corviknight|U-turn|p1a: Garganacl
|-damage|p1a: Garganacl|59/100
|-damage|p2a: Corviknight|76/100|[from] item: Rocky Helmet|[of] p1a: Garganacl
|
|t:|1769443591
|switch|p2a: Alomomola|Alomomola, F|100/100|[from] U-turn
|move|p1a: Garganacl|Salt Cure|p2a: Alomomola
|-damage|p2a: Alomomola|92/100
|-start|p2a: Alomomola|Salt Cure
|
|-damage|p2a: Alomomola|67/100|[from] Salt Cure
|upkeep
|turn|25
|
|t:|1769443596
|move|p2a: Alomomola|Wish|p2a: Alomomola
|move|p1a: Garganacl|Salt Cure|p2a: Alomomola
|-damage|p2a: Alomomola|59/100
|
|-damage|p2a: Alomomola|34/100|[from] Salt Cure
|upkeep
|turn|26
|
|t:|1769443601
|switch|p2a: Hariyama|Hariyama, F, tera:Ice|18/100
|move|p1a: Garganacl|Salt Cure|p2a: Hariyama
|-supereffective|p2a: Hariyama
|-damage|p2a: Hariyama|0 fnt
|faint|p2a: Hariyama
|
|upkeep
|
|t:|1769443610
|switch|p2a: Ting-Lu|Ting-Lu|52/100
|-ability|p2a: Ting-Lu|Vessel of Ruin
|turn|27
|
|t:|1769443613
|move|p2a: Ting-Lu|Stealth Rock|p1a: Garganacl
|-sidestart|p1: pokechamp13|move: Stealth Rock
|move|p1a: Garganacl|Recover|p1a: Garganacl
|-heal|p1a: Garganacl|100/100
|
|upkeep
|turn|28
|
|t:|1769443617
|move|p2a: Ting-Lu|Earthquake|p1a: Garganacl
|-supereffective|p1a: Garganacl
|-damage|p1a: Garganacl|43/100
|move|p1a: Garganacl|Stealth Rock|p2a: Ting-Lu
|-sidestart|p2: uscboarder|move: Stealth Rock
|
|upkeep
|turn|29
|
|t:|1769443622
|switch|p1a: Ogerpon|Ogerpon, F|90/100
|move|p2a: Ting-Lu|Whirlwind|p1a: Ogerpon
|drag|p1a: Hoopa|Hoopa-Unbound|50/100
|-damage|p1a: Hoopa|38/100|[from] Stealth Rock
|
|upkeep
|turn|30
|
|t:|1769443628
|move|p1a: Hoopa|Drain Punch|p2a: Ting-Lu
|-supereffective|p2a: Ting-Lu
|-damage|p2a: Ting-Lu|18/100
|-heal|p1a: Hoopa|67/100|[from] drain|[of] p2a: Ting-Lu
|move|p2a: Ting-Lu|Whirlwind|p1a: Hoopa
|drag|p1a: Ogerpon|Ogerpon, F|90/100
|
|upkeep
|turn|31
|
|t:|1769443634
|switch|p2a: Corviknight|Corviknight, F|76/100
|-damage|p2a: Corviknight|64/100|[from] Stealth Rock
|-ability|p2a: Corviknight|Pressure
|move|p1a: Ogerpon|Ivy Cudgel|p2a: Corviknight
|-resisted|p2a: Corviknight
|-damage|p2a: Corviknight|57/100
|
|upkeep
|turn|32
|
|t:|1769443643
|switch|p1a: Garganacl|Garganacl, M|43/100
|-damage|p1a: Garganacl|30/100|[from] Stealth Rock
|move|p2a: Corviknight|Defog|p1a: Garganacl
|-unboost|p1a: Garganacl|evasion|1
|-sideend|p1: pokechamp13|Stealth Rock|[from] move: Defog|[of] p2a: Corviknight
|-sideend|p2: uscboarder|Stealth Rock|[from] move: Defog|[of] p2a: Corviknight
|
|upkeep
|turn|33
|
|t:|1769443650
|move|p2a: Corviknight|U-turn|p1a: Garganacl
|-damage|p1a: Garganacl|20/100
|-damage|p2a: Corviknight|41/100|[from] item: Rocky Helmet|[of] p1a: Garganacl
|
|t:|1769443652
|switch|p2a: Ting-Lu|Ting-Lu|18/100|[from] U-turn
|-ability|p2a: Ting-Lu|Vessel of Ruin
|move|p1a: Garganacl|Recover|p1a: Garganacl
|-heal|p1a: Garganacl|70/100
|
|upkeep
|turn|34
|
|t:|1769443659
|move|p2a: Ting-Lu|Earthquake|p1a: Garganacl
|-supereffective|p1a: Garganacl
|-damage|p1a: Garganacl|15/100
|move|p1a: Garganacl|Stealth Rock|p2a: Ting-Lu
|-sidestart|p2: uscboarder|move: Stealth Rock
|
|upkeep
|turn|35
|
|t:|1769443665
|switch|p1a: Ogerpon|Ogerpon, F|90/100
|move|p2a: Ting-Lu|Earthquake|p1a: Ogerpon
|-resisted|p1a: Ogerpon
|-damage|p1a: Ogerpon|66/100
|
|upkeep
|turn|36
|
|t:|1769443671
|move|p1a: Ogerpon|Ivy Cudgel|p2a: Ting-Lu
|-supereffective|p2a: Ting-Lu
|-crit|p2a: Ting-Lu
|-damage|p2a: Ting-Lu|0 fnt
|faint|p2a: Ting-Lu
|
|upkeep
|inactive|uscboarder has 120 seconds left.
|
|t:|1769443703
|switch|p2a: Corviknight|Corviknight, F|41/100
|-damage|p2a: Corviknight|28/100|[from] Stealth Rock
|-ability|p2a: Corviknight|Pressure
|turn|37
|
|t:|1769443709
|switch|p1a: Garganacl|Garganacl, M|15/100
|move|p2a: Corviknight|U-turn|p1a: Garganacl
|-damage|p1a: Garganacl|5/100
|-damage|p2a: Corviknight|12/100|[from] item: Rocky Helmet|[of] p1a: Garganacl
|
|t:|1769443716
|switch|p2a: Alomomola|Alomomola, F|68/100|[from] U-turn
|
|upkeep
|turn|38
|
|t:|1769443719
|move|p2a: Alomomola|Flip Turn|p1a: Garganacl
|-supereffective|p1a: Garganacl
|-damage|p1a: Garganacl|0 fnt
|-damage|p2a: Alomomola|51/100|[from] item: Rocky Helmet|[of] p1a: Garganacl
|faint|p1a: Garganacl
|
|t:|1769443722
|switch|p2a: Corviknight|Corviknight, F|12/100|[from] Flip Turn
|-damage|p2a: Corviknight|0 fnt|[from] Stealth Rock
|faint|p2a: Corviknight
|
|upkeep
|
|t:|1769443728
|switch|p2a: Alomomola|Alomomola, F|84/100
|switch|p1a: Ogerpon|Ogerpon, F|66/100
|turn|39
|
|t:|1769443733
|move|p1a: Ogerpon|Ivy Cudgel|p2a: Alomomola
|-supereffective|p2a: Alomomola
|-damage|p2a: Alomomola|29/100
|move|p2a: Alomomola|Flip Turn|p1a: Ogerpon
|-resisted|p1a: Ogerpon
|-crit|p1a: Ogerpon
|-damage|p1a: Ogerpon|51/100
|
|t:|1769443756
|switch|p2a: Dragapult|Dragapult, F|100/100|[from] Flip Turn
|-damage|p2a: Dragapult|88/100|[from] Stealth Rock
|
|upkeep
|turn|40
|
|t:|1769443761
|-terastallize|p1a: Ogerpon|Grass
|detailschange|p1a: Ogerpon|Ogerpon-Teal-Tera, F, tera:Grass
|-ability|p1a: Ogerpon|Embody Aspect (Teal)|boost
|-boost|p1a: Ogerpon|spe|1
|move|p1a: Ogerpon|Play Rough|p2a: Dragapult
|-supereffective|p2a: Dragapult
|-damage|p2a: Dragapult|7/100
|move|p2a: Dragapult|Dragon Darts|p1a: Ogerpon
|-damage|p1a: Ogerpon|9/100
|-anim|p2a: Dragapult|Dragon Darts|p1a: Ogerpon
|-damage|p1a: Ogerpon|0 fnt
|faint|p1a: Ogerpon
|detailschange|p1: Ogerpon|Ogerpon, F|[silent]
|
|upkeep
|
|t:|1769443770
|switch|p1a: Greninja|Greninja, M|88/100
|turn|41
|
|t:|1769443775
|move|p1a: Greninja|Water Shuriken|p2a: Dragapult
|-resisted|p2a: Dragapult
|-damage|p2a: Dragapult|3/100
|-resisted|p2a: Dragapult
|-damage|p2a: Dragapult|0 fnt
|faint|p2a: Dragapult
|-ability|p1a: Greninja|Battle Bond|boost
|-boost|p1a: Greninja|atk|1
|-boost|p1a: Greninja|spa|1
|-boost|p1a: Greninja|spe|1
|-activate|p1a: Greninja|ability: Battle Bond
|-hitcount|p2: Dragapult|2
|
|upkeep
|
|t:|1769443779
|switch|p2a: Iron Valiant|Iron Valiant|100/100
|-damage|p2a: Iron Valiant|94/100|[from] Stealth Rock
|-enditem|p2a: Iron Valiant|Booster Energy
|-activate|p2a: Iron Valiant|ability: Quark Drive|[fromitem]
|-start|p2a: Iron Valiant|quarkdrivespe
|turn|42
|
|t:|1769443782
|move|p1a: Greninja|Gunk Shot|p2a: Iron Valiant|[miss]
|-miss|p1a: Greninja|p2a: Iron Valiant
|move|p2a: Iron Valiant|Moonblast|p1a: Greninja
|-supereffective|p1a: Greninja
|-damage|p1a: Greninja|0 fnt
|faint|p1a: Greninja
|
|upkeep
|
|t:|1769443787
|switch|p1a: Hoopa|Hoopa-Unbound|67/100
|turn|43
|
|t:|1769443792
|move|p2a: Iron Valiant|Destiny Bond|p2a: Iron Valiant
|-singlemove|p2a: Iron Valiant|Destiny Bond
|move|p1a: Hoopa|Psychic Noise|p2a: Iron Valiant
|-supereffective|p2a: Iron Valiant
|-damage|p2a: Iron Valiant|0 fnt
|faint|p2a: Iron Valiant
|-activate|p2a: Iron Valiant|move: Destiny Bond
|-end|p2a: Iron Valiant|Quark Drive|[silent]
|faint|p1a: Hoopa
|
|win|uscboarder
|raw|pokechamp13's rating: 1497 &rarr; <strong>1475</strong><br />(-22 for losing)
|raw|uscboarder's rating: 1468 &rarr; <strong>1490</strong><br />(+22 for winning)
|c|☆pokechamp13|gg
|l|☆pokechamp13
|player|p1|
|l|‽uscboarder
|player|p2|
