|j|☆1colour
|j|☆poopseydoopsey
|t:|1769372584
|gametype|singles
|player|p1|1colour|parasollady|1670
|player|p2|poopseydoopsey|hiker-gen6|1798
|gen|9
|tier|[Gen 9] OU
|rated|
|rule|HP Percentage Mod: HP is shown in percentages
|rule|Endless Battle Clause: Forcing endless battles is banned
|rule|Species Clause: Limit one of each Pokémon
|rule|OHKO Clause: OHKO moves are banned
|rule|Evasion Items Clause: Evasion items are banned
|rule|Evasion Moves Clause: Evasion moves are banned
|rule|Evasion Abilities Clause: Evasion abilities are banned
|rule|Sleep Moves Clause: Sleep-inducing moves are banned
|clearpoke
|poke|p1|Dragapult, M|
|poke|p1|Greninja-*, M|
|poke|p1|Slowking-Galar, M|
|poke|p1|Chandelure, M|
|poke|p1|Corviknight, F|
|poke|p1|Iron Jugulis|
|poke|p2|Dragapult, M|
|poke|p2|Samurott-Hisui, F|
|poke|p2|Dragonite, F|
|poke|p2|Great Tusk|
|poke|p2|Rillaboom, F|
|poke|p2|Heatran, M|
|teampreview
|inactive|Battle timer is ON: inactive players will automatically lose when time's up. (requested by poopseydoopsey)
|c|☆1colour|ok doopyloop
|c|☆1colour|lets see what ur made up of
|inactive|poopseydoopsey has 120 seconds left.
|inactive|poopseydoopsey has 90 seconds left.
|c|☆poopseydoopsey|im just a fucking chud bro
|c|☆poopseydoopsey|i made of whatever chuds are made of
|c|☆1colour|lets dissect u
|inactive|poopseydoopsey has 60 seconds left.
|
|t:|1769372680
|teamsize|p1|6
|teamsize|p2|6
|start
|switch|p1a: Dragapult|Dragapult, M|100/100
|switch|p2a: Rillaboom|Rillaboom, F|100/100
|-fieldstart|move: Grassy Terrain|[from] ability: Grassy Surge|[of] p2a: Rillaboom
|turn|1
|
|t:|1769372687
|move|p1a: Dragapult|U-turn|p2a: Rillaboom
|-supereffective|p2a: Rillaboom
|-damage|p2a: Rillaboom|31/100
|
|t:|1769372689
|switch|p1a: Corviknight|Corviknight, F|100/100|[from] U-turn
|-ability|p1a: Corviknight|Pressure
|move|p2a: Rillaboom|Knock Off|p1a: Corviknight
|-damage|p1a: Corviknight|68/100
|-damage|p2a: Rillaboom|15/100|[from] item: Rocky Helmet|[of] p1a: Corviknight
|-enditem|p1a: Corviknight|Rocky Helmet|[from] move: Knock Off|[of] p2a: Rillaboom
|
|-heal|p2a: Rillaboom|21/100|[from] Grassy Terrain
|upkeep
|turn|2
|
|t:|1769372697
|switch|p2a: Dragapult|Dragapult, M|100/100
|move|p1a: Corviknight|U-turn|p2a: Dragapult
|-resisted|p2a: Dragapult
|-damage|p2a: Dragapult|91/100
|c|☆1colour|lets reduce u to ash
|c|☆poopseydoopsey|just grape me bro
|c|☆poopseydoopsey|just put it in
|
|t:|1769372717
|switch|p1a: Slowking|Slowking-Galar, M|100/100|[from] U-turn
|
|-heal|p2a: Dragapult|97/100|[from] Grassy Terrain
|upkeep
|turn|3
|
|t:|1769372721
|move|p2a: Dragapult|Thunder Wave|p1a: Slowking
|-status|p1a: Slowking|par
|cant|p1a: Slowking|par
|
|-heal|p2a: Dragapult|100/100|[from] Grassy Terrain
|upkeep
|turn|4
|
|t:|1769372726
|move|p2a: Dragapult|Shadow Ball|p1a: Slowking
|-supereffective|p1a: Slowking
|-damage|p1a: Slowking|41/100 par
|-damage|p2a: Dragapult|91/100|[from] item: Life Orb
|move|p1a: Slowking|Thunder Wave|p2a: Dragapult
|-status|p2a: Dragapult|par
|
|-heal|p2a: Dragapult|97/100 par|[from] Grassy Terrain
|-heal|p1a: Slowking|47/100 par|[from] Grassy Terrain
|upkeep
|turn|5
|
|t:|1769372738
|switch|p1a: Greninja|Greninja, M, shiny|100/100
|cant|p2a: Dragapult|par
|
|-heal|p2a: Dragapult|100/100 par|[from] Grassy Terrain
|-fieldend|move: Grassy Terrain
|upkeep
|turn|6
|c|☆1colour|do as I say
|
|t:|1769372745
|switch|p2a: Samurott|Samurott-Hisui, F|100/100
|move|p1a: Greninja|Dark Pulse|p2a: Samurott
|-start|p1a: Greninja|typechange|Dark|[from] ability: Protean
|-resisted|p2a: Samurott
|-damage|p2a: Samurott|80/100
|-damage|p1a: Greninja|91/100|[from] item: Life Orb
|
|upkeep
|turn|7
|c|☆1colour|die
|
|t:|1769372755
|move|p1a: Greninja|U-turn|p2a: Samurott
|-supereffective|p2a: Samurott
|-damage|p2a: Samurott|34/100
|-damage|p1a: Greninja|81/100|[from] item: Life Orb
|
|t:|1769372759
|switch|p1a: Corviknight|Corviknight, F|68/100|[from] U-turn
|-ability|p1a: Corviknight|Pressure
|move|p2a: Samurott|Ceaseless Edge|p1a: Corviknight|[miss]
|-miss|p2a: Samurott|p1a: Corviknight
|
|upkeep
|turn|8
|
|t:|1769372765
|move|p2a: Samurott|Ceaseless Edge|p1a: Corviknight
|-damage|p1a: Corviknight|39/100
|-sidestart|p1: 1colour|Spikes
|move|p1a: Corviknight|Roost|p1a: Corviknight
|-heal|p1a: Corviknight|89/100
|-singleturn|p1a: Corviknight|move: Roost
|
|upkeep
|turn|9
|
|t:|1769372771
|move|p2a: Samurott|Razor Shell|p1a: Corviknight
|-damage|p1a: Corviknight|53/100
|-unboost|p1a: Corviknight|def|1
|move|p1a: Corviknight|Defog|p2a: Samurott
|-unboost|p2a: Samurott|evasion|1
|-sideend|p1: 1colour|Spikes|[from] move: Defog|[of] p1a: Corviknight
|
|upkeep
|turn|10
|
|t:|1769372774
|move|p2a: Samurott|Ceaseless Edge|p1a: Corviknight
|-damage|p1a: Corviknight|6/100
|-sidestart|p1: 1colour|Spikes
|move|p1a: Corviknight|U-turn|p2a: Samurott
|-supereffective|p2a: Samurott
|-damage|p2a: Samurott|4/100
|
|t:|1769372784
|switch|p1a: Greninja|Greninja, M, shiny|81/100|[from] U-turn
|-damage|p1a: Greninja|69/100|[from] Spikes
|
|upkeep
|turn|11
|inactive|poopseydoopsey has 120 seconds left.
|
|t:|1769372820
|move|p1a: Greninja|Water Shuriken|p2a: Samurott
|-start|p1a: Greninja|typechange|Water|[from] ability: Protean
|-resisted|p2a: Samurott
|-damage|p2a: Samurott|0 fnt
|faint|p2a: Samurott
|-hitcount|p2: Samurott|1
|-damage|p1a: Greninja|59/100|[from] item: Life Orb
|
|upkeep
|c|☆1colour|careful, im a powerful being
|c|☆1colour|doopyloop
|c|☆poopseydoopsey|i know bro just grape me
|inactive|poopseydoopsey has 90 seconds left.
|
|t:|1769372852
|switch|p2a: Rillaboom|Rillaboom, F|21/100
|-fieldstart|move: Grassy Terrain|[from] ability: Grassy Surge|[of] p2a: Rillaboom
|turn|12
|
|t:|1769372870
|switch|p1a: Corviknight|Corviknight, F|6/100
|-ability|p1a: Corviknight|Pressure
|move|p2a: Rillaboom|Grassy Glide|p1a: Corviknight
|-resisted|p1a: Corviknight
|-damage|p1a: Corviknight|0 fnt
|faint|p1a: Corviknight
|
|-heal|p2a: Rillaboom|27/100|[from] Grassy Terrain
|upkeep
|
|t:|1769372874
|switch|p1a: Dragapult|Dragapult, M|100/100
|-damage|p1a: Dragapult|88/100|[from] Spikes
|turn|13
|
|t:|1769372882
|switch|p2a: Dragapult|Dragapult, M|100/100 par
|move|p1a: Dragapult|Dragon Darts|p2a: Dragapult
|-supereffective|p2a: Dragapult
|-damage|p2a: Dragapult|1/100 par
|-anim|p1a: Dragapult|Dragon Darts|p2a: Dragapult
|-supereffective|p2a: Dragapult
|-damage|p2a: Dragapult|0 fnt
|faint|p2a: Dragapult
|
|-heal|p1a: Dragapult|94/100|[from] Grassy Terrain
|upkeep
|
|t:|1769372887
|switch|p2a: Heatran|Heatran, M|100/100
|turn|14
|
|t:|1769372896
|switch|p1a: Slowking|Slowking-Galar, M|80/100 par
|move|p2a: Heatran|Stealth Rock|p1a: Slowking
|-sidestart|p1: 1colour|move: Stealth Rock
|
|-heal|p1a: Slowking|87/100 par|[from] Grassy Terrain
|upkeep
|turn|15
|inactive|poopseydoopsey has 120 seconds left.
|
|t:|1769372903
|move|p2a: Heatran|Magma Storm|p1a: Slowking|[miss]
|-miss|p2a: Heatran|p1a: Slowking
|move|p1a: Slowking|Thunder Wave|p2a: Heatran
|-status|p2a: Heatran|par
|
|-heal|p1a: Slowking|93/100 par|[from] Grassy Terrain
|upkeep
|turn|16
|
|t:|1769372909
|move|p2a: Heatran|Magma Storm|p1a: Slowking
|-damage|p1a: Slowking|62/100 par
|-activate|p1a: Slowking|move: Magma Storm|[of] p2a: Heatran
|-prepare|p1a: Slowking|Chilly Reception|[premajor]
|move|p1a: Slowking|Chilly Reception|p1a: Slowking
|-weather|Snowscape
|
|t:|1769372919
|switch|p1a: Iron Jugulis|Iron Jugulis|100/100|[from] Chilly Reception
|-damage|p1a: Iron Jugulis|76/100|[from] Stealth Rock
|-enditem|p1a: Iron Jugulis|Booster Energy
|-activate|p1a: Iron Jugulis|ability: Quark Drive|[fromitem]
|-start|p1a: Iron Jugulis|quarkdrivespe
|
|-weather|Snowscape|[upkeep]
|-fieldend|move: Grassy Terrain
|upkeep
|turn|17
|inactive|poopseydoopsey has 120 seconds left.
|
|t:|1769372950
|switch|p2a: Dragonite|Dragonite, F|100/100
|move|p1a: Iron Jugulis|Substitute|p1a: Iron Jugulis
|-start|p1a: Iron Jugulis|Substitute
|-damage|p1a: Iron Jugulis|51/100
|
|-weather|Snowscape|[upkeep]
|upkeep
|turn|18
|inactive|poopseydoopsey has 120 seconds left.
|
|t:|1769372960
|move|p1a: Iron Jugulis|Dark Pulse|p2a: Dragonite
|-damage|p2a: Dragonite|79/100
|cant|p2a: Dragonite|flinch
|
|-weather|Snowscape|[upkeep]
|upkeep
|turn|19
|c|☆1colour|careful
|
|t:|1769372968
|move|p1a: Iron Jugulis|Dark Pulse|p2a: Dragonite
|-damage|p2a: Dragonite|33/100
|move|p2a: Dragonite|Scale Shot|p1a: Iron Jugulis
|-activate|p1a: Iron Jugulis|move: Substitute|[damage]
|-crit|p1a: Iron Jugulis
|-end|p1a: Iron Jugulis|Substitute
|-damage|p1a: Iron Jugulis|35/100
|-damage|p1a: Iron Jugulis|19/100
|-hitcount|p1a: Iron Jugulis|4
|-unboost|p2a: Dragonite|def|1
|-boost|p2a: Dragonite|spe|1
|
|-weather|Snowscape|[upkeep]
|upkeep
|turn|20
|
|t:|1769372986
|move|p1a: Iron Jugulis|Dark Pulse|p2a: Dragonite
|-damage|p2a: Dragonite|0 fnt
|faint|p2a: Dragonite
|
|-weather|none
|upkeep
|
|t:|1769372988
|switch|p2a: Rillaboom|Rillaboom, F|27/100
|-fieldstart|move: Grassy Terrain|[from] ability: Grassy Surge|[of] p2a: Rillaboom
|turn|21
|
|t:|1769372992
|move|p2a: Rillaboom|Grassy Glide|p1a: Iron Jugulis
|-resisted|p1a: Iron Jugulis
|-damage|p1a: Iron Jugulis|0 fnt
|faint|p1a: Iron Jugulis
|-end|p1a: Iron Jugulis|Quark Drive|[silent]
|
|-heal|p2a: Rillaboom|33/100|[from] Grassy Terrain
|upkeep
|
|t:|1769373006
|switch|p1a: Chandelure|Chandelure, M|100/100
|-damage|p1a: Chandelure|88/100|[from] Spikes
|-damage|p1a: Chandelure|63/100|[from] Stealth Rock
|turn|22
|
|t:|1769373011
|switch|p2a: Heatran|Heatran, M|100/100 par
|move|p1a: Chandelure|Shadow Ball|p2a: Heatran
|-damage|p2a: Heatran|52/100 par
|
|-heal|p1a: Chandelure|69/100|[from] Grassy Terrain
|-heal|p2a: Heatran|58/100 par|[from] Grassy Terrain
|-heal|p2a: Heatran|65/100 par|[from] item: Leftovers
|upkeep
|turn|23
|
|t:|1769373017
|move|p1a: Chandelure|Shadow Ball|p2a: Heatran
|-damage|p2a: Heatran|22/100 par
|move|p2a: Heatran|Earth Power|p1a: Chandelure
|-supereffective|p1a: Chandelure
|-damage|p1a: Chandelure|0 fnt
|faint|p1a: Chandelure
|
|-heal|p2a: Heatran|28/100 par|[from] Grassy Terrain
|-heal|p2a: Heatran|34/100 par|[from] item: Leftovers
|upkeep
|
|t:|1769373028
|switch|p1a: Greninja|Greninja, M, shiny|59/100
|-damage|p1a: Greninja|46/100|[from] Spikes
|-damage|p1a: Greninja|34/100|[from] Stealth Rock
|turn|24
|
|t:|1769373035
|move|p1a: Greninja|Low Kick|p2a: Heatran
|-start|p1a: Greninja|typechange|Fighting|[from] ability: Protean
|-supereffective|p2a: Heatran
|-damage|p2a: Heatran|0 fnt
|faint|p2a: Heatran
|-damage|p1a: Greninja|24/100|[from] item: Life Orb
|
|-heal|p1a: Greninja|30/100|[from] Grassy Terrain
|upkeep
|
|t:|1769373044
|switch|p2a: Great Tusk|Great Tusk|100/100
|-enditem|p2a: Great Tusk|Booster Energy
|-activate|p2a: Great Tusk|ability: Protosynthesis|[fromitem]
|-start|p2a: Great Tusk|protosynthesisatk
|turn|25
|
|t:|1769373077
|-terastallize|p1a: Greninja|Water
|move|p1a: Greninja|Water Shuriken|p2a: Great Tusk
|-supereffective|p2a: Great Tusk
|-damage|p2a: Great Tusk|75/100
|-supereffective|p2a: Great Tusk
|-damage|p2a: Great Tusk|50/100
|-hitcount|p2a: Great Tusk|2
|-damage|p1a: Greninja|20/100|[from] item: Life Orb
|move|p2a: Great Tusk|Rapid Spin|p1a: Greninja
|-damage|p1a: Greninja|0 fnt
|-boost|p2a: Great Tusk|spe|1
|faint|p1a: Greninja
|
|-heal|p2a: Great Tusk|56/100|[from] Grassy Terrain
|-fieldend|move: Grassy Terrain
|upkeep
|j| Vessev
|
|t:|1769373089
|switch|p1a: Dragapult|Dragapult, M|94/100
|-damage|p1a: Dragapult|82/100|[from] Spikes
|-damage|p1a: Dragapult|70/100|[from] Stealth Rock
|turn|26
|
|t:|1769373096
|move|p2a: Great Tusk|Headlong Rush|p1a: Dragapult
|-damage|p1a: Dragapult|0 fnt
|-unboost|p2a: Great Tusk|def|1
|-unboost|p2a: Great Tusk|spd|1
|faint|p1a: Dragapult
|
|upkeep
|-message|1colour forfeited.
|
|win|poopseydoopsey
|raw|1colour's rating: 1670 &rarr; <strong>1657</strong><br />(-13 for losing)
|raw|poopseydoopsey's rating: 1798 &rarr; <strong>1811</strong><br />(+13 for winning)
|l|☆1colour
|player|p1|
|l| Vessev
|l|☆poopseydoopsey
|player|p2|
