|j|☆quehahah
|j|☆mra1990
|t:|1769377068
|gametype|singles
|player|p1|quehahah|169|1212
|player|p2|mra1990|swimmer|1217
|gen|9
|tier|[Gen 9] OU
|rated|
|rule|HP Percentage Mod: HP is shown in percentages
|rule|Endless Battle Clause: Forcing endless battles is banned
|rule|Species Clause: Limit one of each Pokémon
|rule|OHKO Clause: OHKO moves are banned
|rule|Evasion Items Clause: Evasion items are banned
|rule|Evasion Moves Clause: Evasion moves are banned
|rule|Evasion Abilities Clause: Evasion abilities are banned
|rule|Sleep Moves Clause: Sleep-inducing moves are banned
|clearpoke
|poke|p1|Araquanid, F|
|poke|p1|Alomomola, M|
|poke|p1|Clodsire, M|
|poke|p1|Magnezone|
|poke|p1|Regidrago|
|poke|p1|Dondozo, M|
|poke|p2|Pincurchin, M|
|poke|p2|Raichu-Alola, F|
|poke|p2|Iron Valiant|
|poke|p2|Iron Hands|
|poke|p2|Ogerpon-Wellspring, F|
|poke|p2|Talonflame, M|
|teampreview
|inactive|Battle timer is ON: inactive players will automatically lose when time's up. (requested by mra1990)
|
|t:|1769377092
|teamsize|p1|6
|teamsize|p2|6
|start
|switch|p1a: Regidrago|Regidrago|100/100
|switch|p2a: Pincurchin|Pincurchin, M|100/100
|-fieldstart|move: Electric Terrain|[from] ability: Electric Surge|[of] p2a: Pincurchin
|turn|1
|inactive|mra1990 has 120 seconds left.
|
|t:|1769377148
|switch|p1a: Araquanid|Araquanid, F|100/100
|move|p2a: Pincurchin|Spikes|p1a: Araquanid
|-sidestart|p1: quehahah|Spikes
|
|upkeep
|turn|2
|
|t:|1769377163
|move|p1a: Araquanid|Liquidation|p2a: Pincurchin
|-damage|p2a: Pincurchin|24/100
|-unboost|p2a: Pincurchin|def|1
|move|p2a: Pincurchin|Spikes|p1a: Araquanid
|-sidestart|p1: quehahah|Spikes
|
|upkeep
|turn|3
|
|t:|1769377178
|switch|p2a: Raichu|Raichu-Alola, F, shiny|100/100
|-enditem|p2a: Raichu|Electric Seed
|-boost|p2a: Raichu|def|1|[from] item: Electric Seed
|move|p1a: Araquanid|Liquidation|p2a: Raichu
|-damage|p2a: Raichu|0 fnt
|faint|p2a: Raichu
|
|upkeep
|inactive|mra1990 has 90 seconds left.
|
|t:|1769377191
|switch|p2a: Iron Hands|Iron Hands|100/100
|-enditem|p2a: Iron Hands|Electric Seed
|-boost|p2a: Iron Hands|def|1|[from] item: Electric Seed
|-activate|p2a: Iron Hands|ability: Quark Drive
|-start|p2a: Iron Hands|quarkdriveatk
|turn|4
|
|t:|1769377205
|switch|p1a: Clodsire|Clodsire, M|100/100
|-damage|p1a: Clodsire|84/100|[from] Spikes
|move|p2a: Iron Hands|Swords Dance|p2a: Iron Hands
|-boost|p2a: Iron Hands|atk|2
|
|-heal|p1a: Clodsire|90/100|[from] item: Leftovers
|upkeep
|turn|5
|inactive|mra1990 has 90 seconds left.
|
|t:|1769377223
|move|p2a: Iron Hands|Ice Punch|p1a: Clodsire
|-supereffective|p1a: Clodsire
|-damage|p1a: Clodsire|24/100
|move|p1a: Clodsire|Stockpile|p1a: Clodsire
|-start|p1a: Clodsire|stockpile1
|-boost|p1a: Clodsire|def|1
|-boost|p1a: Clodsire|spd|1
|
|-heal|p1a: Clodsire|31/100|[from] item: Leftovers
|upkeep
|turn|6
|
|t:|1769377239
|move|p2a: Iron Hands|Ice Punch|p1a: Clodsire
|-supereffective|p1a: Clodsire
|-damage|p1a: Clodsire|0 fnt
|faint|p1a: Clodsire
|
|upkeep
|
|t:|1769377247
|switch|p1a: Regidrago|Regidrago|100/100
|-damage|p1a: Regidrago|84/100|[from] Spikes
|turn|7
|
|t:|1769377260
|move|p1a: Regidrago|Draco Meteor|p2a: Iron Hands
|-crit|p2a: Iron Hands
|-damage|p2a: Iron Hands|0 fnt
|-unboost|p1a: Regidrago|spa|2
|faint|p2a: Iron Hands
|-end|p2a: Iron Hands|Quark Drive|[silent]
|
|upkeep
|
|t:|1769377270
|switch|p2a: Iron Valiant|Iron Valiant|100/100
|-activate|p2a: Iron Valiant|ability: Quark Drive
|-start|p2a: Iron Valiant|quarkdrivespe
|turn|8
|
|t:|1769377282
|switch|p1a: Magnezone|Magnezone|100/100
|-damage|p1a: Magnezone|84/100|[from] Spikes
|move|p2a: Iron Valiant|Moonblast|p1a: Magnezone
|-resisted|p1a: Magnezone
|-damage|p1a: Magnezone|60/100
|
|-fieldend|move: Electric Terrain
|-end|p2a: Iron Valiant|Quark Drive
|upkeep
|-enditem|p2a: Iron Valiant|Booster Energy
|-activate|p2a: Iron Valiant|ability: Quark Drive|[fromitem]
|-start|p2a: Iron Valiant|quarkdrivespe
|turn|9
|
|t:|1769377298
|move|p2a: Iron Valiant|Close Combat|p1a: Magnezone
|-supereffective|p1a: Magnezone
|-damage|p1a: Magnezone|0 fnt
|-unboost|p2a: Iron Valiant|def|1
|-unboost|p2a: Iron Valiant|spd|1
|faint|p1a: Magnezone
|
|upkeep
|
|t:|1769377311
|switch|p1a: Dondozo|Dondozo, M|100/100
|-damage|p1a: Dondozo|84/100|[from] Spikes
|turn|10
|
|t:|1769377339
|move|p2a: Iron Valiant|Knock Off|p1a: Dondozo
|-damage|p1a: Dondozo|72/100
|-enditem|p1a: Dondozo|Leftovers|[from] move: Knock Off|[of] p2a: Iron Valiant
|move|p1a: Dondozo|Liquidation|p2a: Iron Valiant
|-damage|p2a: Iron Valiant|60/100
|
|upkeep
|turn|11
|
|t:|1769377351
|move|p2a: Iron Valiant|Moonblast|p1a: Dondozo
|-crit|p1a: Dondozo
|-damage|p1a: Dondozo|8/100
|-unboost|p1a: Dondozo|spa|1
|move|p1a: Dondozo|Liquidation|p2a: Iron Valiant
|-damage|p2a: Iron Valiant|21/100
|-unboost|p2a: Iron Valiant|def|1
|
|upkeep
|turn|12
|
|t:|1769377361
|move|p2a: Iron Valiant|Moonblast|p1a: Dondozo
|-damage|p1a: Dondozo|0 fnt
|faint|p1a: Dondozo
|
|upkeep
|
|t:|1769377366
|switch|p1a: Alomomola|Alomomola, M|100/100
|-damage|p1a: Alomomola|84/100|[from] Spikes
|turn|13
|
|t:|1769377379
|move|p2a: Iron Valiant|Close Combat|p1a: Alomomola
|-damage|p1a: Alomomola|56/100
|-unboost|p2a: Iron Valiant|def|1
|-unboost|p2a: Iron Valiant|spd|1
|-damage|p2a: Iron Valiant|4/100|[from] item: Rocky Helmet|[of] p1a: Alomomola
|move|p1a: Alomomola|Flip Turn|p2a: Iron Valiant
|-damage|p2a: Iron Valiant|0 fnt
|faint|p2a: Iron Valiant
|-end|p2a: Iron Valiant|Quark Drive|[silent]
|
|t:|1769377386
|switch|p1a: Araquanid|Araquanid, F|100/100|[from] Flip Turn
|-damage|p1a: Araquanid|84/100|[from] Spikes
|
|upkeep
|inactive|mra1990 has 120 seconds left.
|
|t:|1769377394
|switch|p2a: Pincurchin|Pincurchin, M|24/100
|-fieldstart|move: Electric Terrain|[from] ability: Electric Surge|[of] p2a: Pincurchin
|turn|14
|
|t:|1769377399
|move|p1a: Araquanid|Leech Life|p2a: Pincurchin
|-damage|p2a: Pincurchin|0 fnt
|-heal|p1a: Araquanid|95/100|[from] drain|[of] p2a: Pincurchin
|faint|p2a: Pincurchin
|
|upkeep
|
|t:|1769377407
|switch|p2a: Talonflame|Talonflame, M|100/100
|turn|15
|
|t:|1769377414
|switch|p1a: Alomomola|Alomomola, M|89/100
|-damage|p1a: Alomomola|72/100|[from] Spikes
|move|p2a: Talonflame|Brave Bird|p1a: Alomomola
|-damage|p1a: Alomomola|54/100
|-damage|p2a: Talonflame|84/100|[from] item: Rocky Helmet|[of] p1a: Alomomola
|-damage|p2a: Talonflame|75/100|[from] Recoil
|
|upkeep
|turn|16
|
|t:|1769377424
|move|p2a: Talonflame|Taunt|p1a: Alomomola
|-start|p1a: Alomomola|move: Taunt
|cant|p1a: Alomomola|move: Taunt|Wish
|
|upkeep
|turn|17
|
|t:|1769377437
|switch|p2a: Ogerpon|Ogerpon-Wellspring, F|100/100
|move|p1a: Alomomola|Flip Turn|p2a: Ogerpon
|-immune|p2a: Ogerpon|[from] ability: Water Absorb
|
|upkeep
|turn|18
|
|t:|1769377450
|switch|p1a: Regidrago|Regidrago|84/100
|-damage|p1a: Regidrago|67/100|[from] Spikes
|move|p2a: Ogerpon|Swords Dance|p2a: Ogerpon
|-boost|p2a: Ogerpon|atk|2
|
|upkeep
|turn|19
|
|t:|1769377472
|-terastallize|p1a: Regidrago|Dragon
|-terastallize|p2a: Ogerpon|Water
|detailschange|p2a: Ogerpon|Ogerpon-Wellspring-Tera, F, tera:Water
|-ability|p2a: Ogerpon|Embody Aspect (Wellspring)|boost
|-boost|p2a: Ogerpon|spd|1
|move|p1a: Regidrago|Dragon Energy|p2a: Ogerpon
|-damage|p2a: Ogerpon|27/100
|move|p2a: Ogerpon|Play Rough|p1a: Regidrago
|-supereffective|p1a: Regidrago
|-damage|p1a: Regidrago|0 fnt
|faint|p1a: Regidrago
|
|upkeep
|
|t:|1769377482
|switch|p1a: Araquanid|Araquanid, F|95/100
|-damage|p1a: Araquanid|78/100|[from] Spikes
|turn|20
|
|t:|1769377499
|move|p2a: Ogerpon|Power Whip|p1a: Araquanid
|-damage|p1a: Araquanid|0 fnt
|faint|p1a: Araquanid
|
|upkeep
|
|t:|1769377502
|switch|p1a: Alomomola|Alomomola, M|87/100
|-damage|p1a: Alomomola|71/100|[from] Spikes
|turn|21
|-message|quehahah forfeited.
|
|win|mra1990
|raw|quehahah's rating: 1212 &rarr; <strong>1187</strong><br />(-25 for losing)
|raw|mra1990's rating: 1217 &rarr; <strong>1242</strong><br />(+25 for winning)
|l|☆quehahah
|player|p1|
|l|☆mra1990
|player|p2|
