|j|☆Synergistic soul
|j|☆moira374
|t:|1769387060
|gametype|singles
|player|p1|Synergistic soul|gentleman-gen1|1565
|player|p2|moira374|102|1541
|gen|9
|tier|[Gen 9] OU
|rated|
|rule|HP Percentage Mod: HP is shown in percentages
|rule|Endless Battle Clause: Forcing endless battles is banned
|rule|Species Clause: Limit one of each Pokémon
|rule|OHKO Clause: OHKO moves are banned
|rule|Evasion Items Clause: Evasion items are banned
|rule|Evasion Moves Clause: Evasion moves are banned
|rule|Evasion Abilities Clause: Evasion abilities are banned
|rule|Sleep Moves Clause: Sleep-inducing moves are banned
|clearpoke
|poke|p1|Frosmoth, M|
|poke|p1|Cinccino, M|
|poke|p1|Incineroar, F|
|poke|p1|Weezing-Galar, M|
|poke|p1|Sinistcha|
|poke|p1|Alomomola, F|
|poke|p2|Salazzle, F|
|poke|p2|Enamorus, F|
|poke|p2|Clefable, F|
|poke|p2|Ting-Lu|
|poke|p2|Corviknight, M|
|poke|p2|Dragonite, M|
|teampreview
|inactive|Battle timer is ON: inactive players will automatically lose when time's up. (requested by Synergistic soul)
|
|t:|1769387079
|teamsize|p1|6
|teamsize|p2|6
|start
|switch|p1a: Incineroar|Incineroar, F|100/100
|switch|p2a: Clefable|Clefable, F, shiny|100/100
|-ability|p1a: Incineroar|Intimidate|boost
|-unboost|p2a: Clefable|atk|1
|turn|1
|
|t:|1769387086
|move|p1a: Incineroar|Knock Off|p2a: Clefable
|-resisted|p2a: Clefable
|-damage|p2a: Clefable|88/100
|-enditem|p2a: Clefable|Leftovers|[from] move: Knock Off|[of] p1a: Incineroar
|move|p2a: Clefable|Stealth Rock|p1a: Incineroar
|-sidestart|p1: Synergistic soul|move: Stealth Rock
|
|upkeep
|turn|2
|
|t:|1769387100
|move|p2a: Clefable|Knock Off|p1a: Incineroar
|-resisted|p1a: Incineroar
|-damage|p1a: Incineroar|97/100
|-enditem|p1a: Incineroar|Heavy-Duty Boots|[from] move: Knock Off|[of] p2a: Clefable
|move|p1a: Incineroar|Parting Shot|p2a: Clefable
|-unboost|p2a: Clefable|atk|1
|-unboost|p2a: Clefable|spa|1
|
|t:|1769387105
|switch|p1a: Cinccino|Cinccino, M|100/100|[from] Parting Shot
|-damage|p1a: Cinccino|88/100|[from] Stealth Rock
|
|upkeep
|turn|3
|
|t:|1769387111
|switch|p2a: Corviknight|Corviknight, M, shiny|100/100
|-ability|p2a: Corviknight|Pressure
|move|p1a: Cinccino|Tidy Up|p1a: Cinccino
|-sideend|p1: Synergistic soul|Stealth Rock
|-activate|p1a: Cinccino|move: Tidy Up
|-boost|p1a: Cinccino|atk|1
|-boost|p1a: Cinccino|spe|1
|
|upkeep
|turn|4
|
|t:|1769387116
|switch|p1a: Incineroar|Incineroar, F|97/100
|-ability|p1a: Incineroar|Intimidate|boost
|-unboost|p2a: Corviknight|atk|1
|move|p2a: Corviknight|U-turn|p1a: Incineroar
|-damage|p1a: Incineroar|90/100
|
|t:|1769387118
|switch|p2a: Clefable|Clefable, F, shiny|88/100|[from] U-turn
|
|upkeep
|turn|5
|
|t:|1769387120
|move|p1a: Incineroar|Parting Shot|p2a: Clefable
|-unboost|p2a: Clefable|atk|1
|-unboost|p2a: Clefable|spa|1
|
|t:|1769387122
|switch|p1a: Cinccino|Cinccino, M|88/100|[from] Parting Shot
|move|p2a: Clefable|Moonblast|p1a: Cinccino
|-damage|p1a: Cinccino|55/100
|
|upkeep
|turn|6
|
|t:|1769387125
|switch|p2a: Corviknight|Corviknight, M, shiny|100/100
|-ability|p2a: Corviknight|Pressure
|move|p1a: Cinccino|Tidy Up|p1a: Cinccino
|-boost|p1a: Cinccino|atk|1
|-boost|p1a: Cinccino|spe|1
|
|upkeep
|turn|7
|
|t:|1769387134
|switch|p1a: Alomomola|Alomomola, F|100/100
|move|p2a: Corviknight|Brave Bird|p1a: Alomomola
|-damage|p1a: Alomomola|78/100
|-damage|p2a: Corviknight|84/100|[from] item: Rocky Helmet|[of] p1a: Alomomola
|-damage|p2a: Corviknight|74/100|[from] Recoil
|
|upkeep
|turn|8
|
|t:|1769387139
|switch|p2a: Clefable|Clefable, F, shiny|88/100
|move|p1a: Alomomola|Flip Turn|p2a: Clefable
|-damage|p2a: Clefable|75/100
|
|t:|1769387142
|switch|p1a: Frosmoth|Frosmoth, M|100/100|[from] Flip Turn
|
|upkeep
|turn|9
|
|t:|1769387150
|switch|p2a: Salazzle|Salazzle, F, shiny|100/100
|move|p1a: Frosmoth|Substitute|p1a: Frosmoth
|-start|p1a: Frosmoth|Substitute
|-damage|p1a: Frosmoth|76/100
|
|-heal|p1a: Frosmoth|82/100|[from] item: Leftovers
|upkeep
|turn|10
|
|t:|1769387155
|-terastallize|p1a: Frosmoth|Electric
|move|p2a: Salazzle|Fire Blast|p1a: Frosmoth
|-activate|p1a: Frosmoth|move: Substitute|[damage]
|move|p1a: Frosmoth|Quiver Dance|p1a: Frosmoth
|-boost|p1a: Frosmoth|spa|1
|-boost|p1a: Frosmoth|spd|1
|-boost|p1a: Frosmoth|spe|1
|
|-heal|p1a: Frosmoth|88/100|[from] item: Leftovers
|upkeep
|turn|11
|
|t:|1769387160
|move|p2a: Salazzle|Fire Blast|p1a: Frosmoth
|-end|p1a: Frosmoth|Substitute
|move|p1a: Frosmoth|Substitute|p1a: Frosmoth
|-start|p1a: Frosmoth|Substitute
|-damage|p1a: Frosmoth|63/100
|
|-heal|p1a: Frosmoth|69/100|[from] item: Leftovers
|upkeep
|turn|12
|
|t:|1769387162
|move|p2a: Salazzle|Fire Blast|p1a: Frosmoth|[miss]
|-miss|p2a: Salazzle|p1a: Frosmoth
|move|p1a: Frosmoth|Quiver Dance|p1a: Frosmoth
|-boost|p1a: Frosmoth|spa|1
|-boost|p1a: Frosmoth|spd|1
|-boost|p1a: Frosmoth|spe|1
|
|-heal|p1a: Frosmoth|75/100|[from] item: Leftovers
|upkeep
|turn|13
|
|t:|1769387164
|move|p2a: Salazzle|Fire Blast|p1a: Frosmoth|[miss]
|-miss|p2a: Salazzle|p1a: Frosmoth
|move|p1a: Frosmoth|Quiver Dance|p1a: Frosmoth
|-boost|p1a: Frosmoth|spa|1
|-boost|p1a: Frosmoth|spd|1
|-boost|p1a: Frosmoth|spe|1
|
|-heal|p1a: Frosmoth|82/100|[from] item: Leftovers
|upkeep
|turn|14
|
|t:|1769387165
|move|p1a: Frosmoth|Quiver Dance|p1a: Frosmoth
|-boost|p1a: Frosmoth|spa|1
|-boost|p1a: Frosmoth|spd|1
|-boost|p1a: Frosmoth|spe|1
|move|p2a: Salazzle|Fire Blast|p1a: Frosmoth
|-activate|p1a: Frosmoth|move: Substitute|[damage]
|
|-heal|p1a: Frosmoth|88/100|[from] item: Leftovers
|upkeep
|turn|15
|
|t:|1769387167
|move|p1a: Frosmoth|Quiver Dance|p1a: Frosmoth
|-boost|p1a: Frosmoth|spa|1
|-boost|p1a: Frosmoth|spd|1
|-boost|p1a: Frosmoth|spe|1
|move|p2a: Salazzle|Fire Blast|p1a: Frosmoth
|-activate|p1a: Frosmoth|move: Substitute|[damage]
|
|-heal|p1a: Frosmoth|94/100|[from] item: Leftovers
|upkeep
|turn|16
|
|t:|1769387175
|move|p1a: Frosmoth|Quiver Dance|p1a: Frosmoth
|-boost|p1a: Frosmoth|spa|1
|-boost|p1a: Frosmoth|spd|1
|-boost|p1a: Frosmoth|spe|1
|move|p2a: Salazzle|Knock Off|p1a: Frosmoth
|-end|p1a: Frosmoth|Substitute
|
|-heal|p1a: Frosmoth|99/100|[from] item: Leftovers
|upkeep
|turn|17
|
|t:|1769387181
|move|p1a: Frosmoth|Substitute|p1a: Frosmoth
|-start|p1a: Frosmoth|Substitute
|-damage|p1a: Frosmoth|75/100
|move|p2a: Salazzle|Toxic||[still]
|-fail|p2a: Salazzle
|
|-heal|p1a: Frosmoth|81/100|[from] item: Leftovers
|upkeep
|turn|18
|
|t:|1769387183
|move|p1a: Frosmoth|Ice Beam|p2a: Salazzle
|-resisted|p2a: Salazzle
|-damage|p2a: Salazzle|0 fnt
|faint|p2a: Salazzle
|
|-heal|p1a: Frosmoth|87/100|[from] item: Leftovers
|upkeep
|
|t:|1769387186
|switch|p2a: Ting-Lu|Ting-Lu|100/100
|-ability|p2a: Ting-Lu|Vessel of Ruin
|turn|19
|
|t:|1769387195
|-terastallize|p2a: Ting-Lu|Fairy
|move|p1a: Frosmoth|Tera Blast|p2a: Ting-Lu|[anim] Tera Blast Electric
|-damage|p2a: Ting-Lu|49/100
|move|p2a: Ting-Lu|Whirlwind|p1a: Frosmoth
|drag|p1a: Incineroar|Incineroar, F|90/100
|-ability|p1a: Incineroar|Intimidate|boost
|-unboost|p2a: Ting-Lu|atk|1
|
|-heal|p2a: Ting-Lu|55/100|[from] item: Leftovers
|upkeep
|turn|20
|
|t:|1769387200
|switch|p2a: Clefable|Clefable, F, shiny|75/100
|move|p1a: Incineroar|Knock Off|p2a: Clefable
|-resisted|p2a: Clefable
|-damage|p2a: Clefable|65/100
|
|upkeep
|turn|21
|
|t:|1769387203
|move|p2a: Clefable|Moonblast|p1a: Incineroar
|-damage|p1a: Incineroar|62/100
|move|p1a: Incineroar|Flare Blitz|p2a: Clefable
|-damage|p2a: Clefable|33/100
|-damage|p1a: Incineroar|51/100|[from] Recoil
|
|upkeep
|turn|22
|
|t:|1769387205
|move|p2a: Clefable|Moonlight|p2a: Clefable
|-heal|p2a: Clefable|83/100
|move|p1a: Incineroar|Flare Blitz|p2a: Clefable
|-damage|p2a: Clefable|44/100
|-damage|p1a: Incineroar|38/100|[from] Recoil
|
|upkeep
|turn|23
|
|t:|1769387207
|move|p1a: Incineroar|Parting Shot|p2a: Clefable
|-unboost|p2a: Clefable|atk|1
|-unboost|p2a: Clefable|spa|1
|
|t:|1769387211
|switch|p1a: Frosmoth|Frosmoth, M, tera:Electric|87/100|[from] Parting Shot
|move|p2a: Clefable|Moonlight|p2a: Clefable
|-heal|p2a: Clefable|94/100
|
|-heal|p1a: Frosmoth|94/100|[from] item: Leftovers
|upkeep
|turn|24
|
|t:|1769387215
|switch|p2a: Ting-Lu|Ting-Lu, tera:Fairy|55/100
|-ability|p2a: Ting-Lu|Vessel of Ruin
|move|p1a: Frosmoth|Substitute|p1a: Frosmoth
|-start|p1a: Frosmoth|Substitute
|-damage|p1a: Frosmoth|69/100
|
|-heal|p1a: Frosmoth|75/100|[from] item: Leftovers
|-heal|p2a: Ting-Lu|62/100|[from] item: Leftovers
|upkeep
|turn|25
|
|t:|1769387217
|move|p1a: Frosmoth|Ice Beam|p2a: Ting-Lu
|-damage|p2a: Ting-Lu|46/100
|move|p2a: Ting-Lu|Earthquake|p1a: Frosmoth
|-supereffective|p1a: Frosmoth
|-end|p1a: Frosmoth|Substitute
|
|-heal|p1a: Frosmoth|81/100|[from] item: Leftovers
|-heal|p2a: Ting-Lu|53/100|[from] item: Leftovers
|upkeep
|turn|26
|
|t:|1769387224
|switch|p1a: Alomomola|Alomomola, F|100/100
|move|p2a: Ting-Lu|Earthquake|p1a: Alomomola
|-damage|p1a: Alomomola|77/100
|
|-heal|p2a: Ting-Lu|59/100|[from] item: Leftovers
|upkeep
|turn|27
|
|t:|1769387228
|move|p1a: Alomomola|Wish|p1a: Alomomola
|move|p2a: Ting-Lu|Spikes|p1a: Alomomola
|-sidestart|p1: Synergistic soul|Spikes
|
|-heal|p2a: Ting-Lu|65/100|[from] item: Leftovers
|upkeep
|turn|28
|
|t:|1769387234
|move|p1a: Alomomola|Flip Turn|p2a: Ting-Lu
|-damage|p2a: Ting-Lu|55/100
|
|t:|1769387236
|switch|p1a: Incineroar|Incineroar, F|38/100|[from] Flip Turn
|-damage|p1a: Incineroar|26/100|[from] Spikes
|-ability|p1a: Incineroar|Intimidate|boost
|-unboost|p2a: Ting-Lu|atk|1
|move|p2a: Ting-Lu|Whirlwind|p1a: Incineroar
|drag|p1a: Weezing|Weezing-Galar, M|100/100
|-ability|p1a: Weezing|Neutralizing Gas
|-damage|p1a: Weezing|88/100|[from] Spikes
|
|-heal|p1a: Weezing|100/100|[from] move: Wish|[wisher] Alomomola
|-heal|p2a: Ting-Lu|61/100|[from] item: Leftovers
|upkeep
|turn|29
|
|t:|1769387246
|move|p1a: Weezing|Toxic|p2a: Ting-Lu
|-status|p2a: Ting-Lu|tox
|move|p2a: Ting-Lu|Earthquake|p1a: Weezing
|-supereffective|p1a: Weezing
|-enditem|p1a: Weezing|Shuca Berry|[eat]
|-enditem|p1a: Weezing|Shuca Berry|[weaken]
|-damage|p1a: Weezing|85/100
|
|-heal|p2a: Ting-Lu|68/100 tox|[from] item: Leftovers
|-damage|p2a: Ting-Lu|61/100 tox|[from] psn
|upkeep
|turn|30
|
|t:|1769387256
|switch|p2a: Clefable|Clefable, F, shiny|94/100
|move|p1a: Weezing|Defog|p2a: Clefable
|-unboost|p2a: Clefable|evasion|1
|-sideend|p1: Synergistic soul|Spikes|[from] move: Defog|[of] p1a: Weezing
|
|upkeep
|turn|31
|
|t:|1769387260
|move|p1a: Weezing|Toxic|p2a: Clefable
|-status|p2a: Clefable|tox
|move|p2a: Clefable|Stealth Rock|p1a: Weezing
|-sidestart|p1: Synergistic soul|move: Stealth Rock
|
|-damage|p2a: Clefable|88/100 tox|[from] psn
|upkeep
|turn|32
|
|t:|1769387263
|move|p1a: Weezing|Defog|p2a: Clefable
|-unboost|p2a: Clefable|evasion|1
|-sideend|p1: Synergistic soul|Stealth Rock|[from] move: Defog|[of] p1a: Weezing
|move|p2a: Clefable|Moonblast|p1a: Weezing
|-resisted|p1a: Weezing
|-damage|p1a: Weezing|64/100
|
|-damage|p2a: Clefable|76/100 tox|[from] psn
|upkeep
|turn|33
|
|t:|1769387268
|switch|p2a: Ting-Lu|Ting-Lu, tera:Fairy|61/100 tox
|move|p1a: Weezing|Strange Steam|p2a: Ting-Lu
|-damage|p2a: Ting-Lu|47/100 tox
|
|-heal|p2a: Ting-Lu|53/100 tox|[from] item: Leftovers
|-damage|p2a: Ting-Lu|47/100 tox|[from] psn
|upkeep
|turn|34
|
|t:|1769387270
|move|p1a: Weezing|Strange Steam|p2a: Ting-Lu
|-damage|p2a: Ting-Lu|32/100 tox
|-start|p2a: Ting-Lu|confusion
|-activate|p2a: Ting-Lu|confusion
|move|p2a: Ting-Lu|Earthquake|p1a: Weezing
|-supereffective|p1a: Weezing
|-damage|p1a: Weezing|18/100
|
|-heal|p2a: Ting-Lu|38/100 tox|[from] item: Leftovers
|-damage|p2a: Ting-Lu|26/100 tox|[from] psn
|upkeep
|turn|35
|
|t:|1769387274
|move|p1a: Weezing|Strange Steam|p2a: Ting-Lu
|-damage|p2a: Ting-Lu|10/100 tox
|-activate|p2a: Ting-Lu|confusion
|move|p2a: Ting-Lu|Earthquake|p1a: Weezing
|-supereffective|p1a: Weezing
|-damage|p1a: Weezing|0 fnt
|faint|p1a: Weezing
|-end|p1a: Weezing|ability: Neutralizing Gas
|-ability|p2a: Ting-Lu|Vessel of Ruin
|
|-heal|p2a: Ting-Lu|17/100 tox|[from] item: Leftovers
|-damage|p2a: Ting-Lu|0 fnt|[from] psn
|faint|p2a: Ting-Lu
|upkeep
|
|t:|1769387285
|switch|p1a: Alomomola|Alomomola, F|100/100
|switch|p2a: Enamorus|Enamorus, F|100/100
|turn|36
|
|t:|1769387288
|switch|p2a: Dragonite|Dragonite, M, shiny|100/100
|move|p1a: Alomomola|Mirror Coat||[still]
|-fail|p1a: Alomomola
|
|upkeep
|turn|37
|
|t:|1769387293
|move|p2a: Dragonite|Dragon Dance|p2a: Dragonite
|-boost|p2a: Dragonite|atk|1
|-boost|p2a: Dragonite|spe|1
|move|p1a: Alomomola|Flip Turn|p2a: Dragonite
|-resisted|p2a: Dragonite
|-damage|p2a: Dragonite|92/100
|
|t:|1769387298
|switch|p1a: Sinistcha|Sinistcha|100/100|[from] Flip Turn
|
|upkeep
|turn|38
|
|t:|1769387301
|switch|p2a: Corviknight|Corviknight, M, shiny|74/100
|-ability|p2a: Corviknight|Pressure
|move|p1a: Sinistcha|Strength Sap|p2a: Corviknight
|-unboost|p2a: Corviknight|atk|1
|
|upkeep
|turn|39
|
|t:|1769387303
|move|p1a: Sinistcha|Calm Mind|p1a: Sinistcha
|-boost|p1a: Sinistcha|spa|1
|-boost|p1a: Sinistcha|spd|1
|move|p2a: Corviknight|Brave Bird|p1a: Sinistcha
|-supereffective|p1a: Sinistcha
|-damage|p1a: Sinistcha|68/100
|-damage|p2a: Corviknight|64/100|[from] Recoil
|
|upkeep
|turn|40
|
|t:|1769387306
|move|p1a: Sinistcha|Strength Sap|p2a: Corviknight
|-unboost|p2a: Corviknight|atk|1
|-heal|p1a: Sinistcha|100/100
|move|p2a: Corviknight|U-turn|p1a: Sinistcha
|-damage|p1a: Sinistcha|95/100
|
|t:|1769387308
|switch|p2a: Clefable|Clefable, F, shiny|76/100 tox|[from] U-turn
|
|upkeep
|turn|41
|
|t:|1769387316
|move|p1a: Sinistcha|Matcha Gotcha|p2a: Clefable
|-damage|p2a: Clefable|28/100 tox
|-heal|p1a: Sinistcha|100/100|[from] drain|[of] p2a: Clefable
|move|p2a: Clefable|Knock Off|p1a: Sinistcha
|-supereffective|p1a: Sinistcha
|-enditem|p1a: Sinistcha|Colbur Berry|[eat]
|-enditem|p1a: Sinistcha|Colbur Berry|[weaken]
|-damage|p1a: Sinistcha|90/100
|
|upkeep
|turn|42
|-message|moira374 forfeited.
|
|win|Synergistic soul
|raw|Synergistic soul's rating: 1565 &rarr; <strong>1584</strong><br />(+19 for winning)
|raw|moira374's rating: 1541 &rarr; <strong>1522</strong><br />(-19 for losing)
|l|☆moira374
|player|p2|
|l|☆Synergistic soul
|player|p1|
