|j|☆cycleevanescent
|j|☆AtrociousApplin
|t:|1769327270
|gametype|singles
|player|p1|cycleevanescent|1|1143
|player|p2|AtrociousApplin|youngster-gen4dp|1140
|gen|9
|tier|[Gen 9] OU
|rated|
|rule|HP Percentage Mod: HP is shown in percentages
|rule|Endless Battle Clause: Forcing endless battles is banned
|rule|Species Clause: Limit one of each Pokémon
|rule|OHKO Clause: OHKO moves are banned
|rule|Evasion Items Clause: Evasion items are banned
|rule|Evasion Moves Clause: Evasion moves are banned
|rule|Evasion Abilities Clause: Evasion abilities are banned
|rule|Sleep Moves Clause: Sleep-inducing moves are banned
|clearpoke
|poke|p1|Pecharunt|
|poke|p1|Mabosstiff, M|
|poke|p1|Volcanion|
|poke|p1|Iron Valiant|
|poke|p1|Landorus-Therian, M|
|poke|p1|Deoxys-Speed|
|poke|p2|Dragonite, M|
|poke|p2|Ceruledge, M|
|poke|p2|Meowscarada, F|
|poke|p2|Greninja-*, M|
|poke|p2|Iron Treads|
|poke|p2|Deoxys-Speed|
|teampreview
|inactive|Battle timer is ON: inactive players will automatically lose when time's up. (requested by AtrociousApplin)
|c|☆cycleevanescent|hi gl hf
|
|t:|1769327279
|teamsize|p1|6
|teamsize|p2|6
|start
|switch|p1a: Landorus|Landorus-Therian, M|100/100
|switch|p2a: Nyx|Meowscarada, F|100/100
|-ability|p1a: Landorus|Intimidate|boost
|-unboost|p2a: Nyx|atk|1
|turn|1
|
|t:|1769327286
|move|p2a: Nyx|U-turn|p1a: Landorus
|-start|p2a: Nyx|typechange|Bug|[from] ability: Protean
|-resisted|p1a: Landorus
|-damage|p1a: Landorus|89/100
|-damage|p2a: Nyx|84/100|[from] item: Rocky Helmet|[of] p1a: Landorus
|
|t:|1769327299
|switch|p2a: Too good 4 UU|Greninja, M|100/100|[from] U-turn
|move|p1a: Landorus|Stealth Rock|p2a: Too good 4 UU
|-sidestart|p2: AtrociousApplin|move: Stealth Rock
|
|upkeep
|turn|2
|
|t:|1769327306
|move|p2a: Too good 4 UU|Surf|p1a: Landorus
|-supereffective|p1a: Landorus
|-damage|p1a: Landorus|0 fnt
|faint|p1a: Landorus
|-ability|p2a: Too good 4 UU|Battle Bond|boost
|-boost|p2a: Too good 4 UU|atk|1
|-boost|p2a: Too good 4 UU|spa|1
|-boost|p2a: Too good 4 UU|spe|1
|-activate|p2a: Too good 4 UU|ability: Battle Bond
|-damage|p2a: Too good 4 UU|91/100|[from] item: Life Orb
|
|upkeep
|
|t:|1769327321
|switch|p1a: Iron Valiant|Iron Valiant|100/100
|-enditem|p1a: Iron Valiant|Booster Energy
|-activate|p1a: Iron Valiant|ability: Quark Drive|[fromitem]
|-start|p1a: Iron Valiant|quarkdrivespe
|turn|3
|
|t:|1769327332
|move|p1a: Iron Valiant|Moonblast|p2a: Too good 4 UU
|-supereffective|p2a: Too good 4 UU
|-damage|p2a: Too good 4 UU|0 fnt
|faint|p2a: Too good 4 UU
|
|upkeep
|
|t:|1769327348
|switch|p2a: Rutger|Ceruledge, M|100/100
|-damage|p2a: Rutger|76/100|[from] Stealth Rock
|turn|4
|
|t:|1769327355
|move|p1a: Iron Valiant|Knock Off|p2a: Rutger
|-supereffective|p2a: Rutger
|-damage|p2a: Rutger|0 fnt
|-enditem|p2a: Rutger|Expert Belt|[from] move: Knock Off|[of] p1a: Iron Valiant
|faint|p2a: Rutger
|
|upkeep
|
|t:|1769327360
|switch|p2a: Treadmill|Iron Treads|100/100
|-damage|p2a: Treadmill|97/100|[from] Stealth Rock
|-enditem|p2a: Treadmill|Booster Energy
|-activate|p2a: Treadmill|ability: Quark Drive|[fromitem]
|-start|p2a: Treadmill|quarkdrivespe
|turn|5
|
|t:|1769327370
|-end|p1a: Iron Valiant|Quark Drive|[silent]
|switch|p1a: Mabosstiff|Mabosstiff, M, shiny|100/100
|-ability|p1a: Mabosstiff|Intimidate|boost
|-unboost|p2a: Treadmill|atk|1
|move|p2a: Treadmill|Iron Head|p1a: Mabosstiff
|-damage|p1a: Mabosstiff|72/100
|-enditem|p1a: Mabosstiff|Kee Berry|[eat]
|-boost|p1a: Mabosstiff|def|1|[from] item: Kee Berry
|
|upkeep
|turn|6
|
|t:|1769327384
|-end|p2a: Treadmill|Quark Drive|[silent]
|switch|p2a: Dragon Dance|Dragonite, M|100/100
|-damage|p2a: Dragon Dance|76/100|[from] Stealth Rock
|move|p1a: Mabosstiff|Jaw Lock|p2a: Dragon Dance
|-damage|p2a: Dragon Dance|27/100
|-activate|p1a: Mabosstiff|trapped
|-activate|p2a: Dragon Dance|trapped
|
|upkeep
|turn|7
|
|t:|1769327397
|move|p2a: Dragon Dance|Dragon Claw|p1a: Mabosstiff
|-damage|p1a: Mabosstiff|37/100
|move|p1a: Mabosstiff|Jaw Lock|p2a: Dragon Dance
|-damage|p2a: Dragon Dance|0 fnt
|faint|p2a: Dragon Dance
|
|upkeep
|
|t:|1769327406
|switch|p2a: Nyx|Meowscarada, F|84/100
|turn|8
|
|t:|1769327411
|move|p2a: Nyx|U-turn|p1a: Mabosstiff
|-start|p2a: Nyx|typechange|Bug|[from] ability: Protean
|-supereffective|p1a: Mabosstiff
|-damage|p1a: Mabosstiff|0 fnt
|faint|p1a: Mabosstiff
|
|t:|1769327417
|switch|p2a: Power bank|Deoxys-Speed, shiny|100/100|[from] U-turn
|-damage|p2a: Power bank|88/100|[from] Stealth Rock
|-ability|p2a: Power bank|Pressure
|
|upkeep
|
|t:|1769327425
|switch|p1a: Iron Valiant|Iron Valiant|100/100
|turn|9
|
|t:|1769327433
|move|p2a: Power bank|Reflect|p2a: Power bank
|-sidestart|p2: AtrociousApplin|Reflect
|move|p1a: Iron Valiant|Knock Off|p2a: Power bank
|-supereffective|p2a: Power bank
|-damage|p2a: Power bank|45/100
|-enditem|p2a: Power bank|Light Clay|[from] move: Knock Off|[of] p1a: Iron Valiant
|
|upkeep
|turn|10
|
|t:|1769327442
|move|p2a: Power bank|Light Screen|p2a: Power bank
|-sidestart|p2: AtrociousApplin|move: Light Screen
|move|p1a: Iron Valiant|Encore|p2a: Power bank
|-start|p2a: Power bank|Encore
|
|upkeep
|turn|11
|
|t:|1769327451
|-terastallize|p2a: Power bank|Fairy
|move|p2a: Power bank|Light Screen||[still]
|-fail|p2a: Power bank
|move|p1a: Iron Valiant|Close Combat|p2a: Power bank
|-resisted|p2a: Power bank
|-damage|p2a: Power bank|25/100
|-unboost|p1a: Iron Valiant|def|1
|-unboost|p1a: Iron Valiant|spd|1
|
|upkeep
|turn|12
|
|t:|1769327460
|move|p2a: Power bank|Light Screen||[still]
|-fail|p2a: Power bank
|move|p1a: Iron Valiant|Close Combat|p2a: Power bank
|-resisted|p2a: Power bank
|-damage|p2a: Power bank|3/100
|-unboost|p1a: Iron Valiant|def|1
|-unboost|p1a: Iron Valiant|spd|1
|
|upkeep
|turn|13
|-message|AtrociousApplin forfeited.
|
|win|cycleevanescent
|raw|cycleevanescent's rating: 1143 &rarr; <strong>1168</strong><br />(+25 for winning)
|raw|AtrociousApplin's rating: 1140 &rarr; <strong>1115</strong><br />(-25 for losing)
|l|☆AtrociousApplin
|player|p2|
|l|☆cycleevanescent
|player|p1|
