|j|☆hahabadplayergobrr
|j|☆Athocus
|t:|1769409331
|gametype|singles
|player|p1|hahabadplayergobrr|norman|1258
|player|p2|Athocus|265|1194
|gen|9
|tier|[Gen 9] OU
|rated|
|rule|HP Percentage Mod: HP is shown in percentages
|rule|Endless Battle Clause: Forcing endless battles is banned
|rule|Species Clause: Limit one of each Pokémon
|rule|OHKO Clause: OHKO moves are banned
|rule|Evasion Items Clause: Evasion items are banned
|rule|Evasion Moves Clause: Evasion moves are banned
|rule|Evasion Abilities Clause: Evasion abilities are banned
|rule|Sleep Moves Clause: Sleep-inducing moves are banned
|clearpoke
|poke|p1|Espeon, M|
|poke|p1|Araquanid, F|
|poke|p1|Milotic, F|
|poke|p1|Kingambit, F|
|poke|p1|Serperior, F|
|poke|p1|Malamar, F|
|poke|p2|Scizor, F|
|poke|p2|Tyranitar, F|
|poke|p2|Clefable, F|
|poke|p2|Cinderace, F|
|poke|p2|Gliscor, F|
|poke|p2|Walking Wake|
|teampreview
|
|t:|1769409343
|teamsize|p1|6
|teamsize|p2|6
|start
|switch|p1a: Espeon|Espeon, M|100/100
|switch|p2a: Tyranitar|Tyranitar, F|100/100
|-weather|Sandstorm|[from] ability: Sand Stream|[of] p2a: Tyranitar
|turn|1
|j| LifeIsLifeSlop
|l| LifeIsLifeSlop
|
|t:|1769409361
|move|p1a: Espeon|Charm|p2a: Tyranitar
|-unboost|p2a: Tyranitar|atk|2
|move|p2a: Tyranitar|Dragon Dance|p2a: Tyranitar
|-boost|p2a: Tyranitar|atk|1
|-boost|p2a: Tyranitar|spe|1
|
|-weather|Sandstorm|[upkeep]
|-damage|p1a: Espeon|95/100|[from] Sandstorm
|upkeep
|turn|2
|
|t:|1769409376
|switch|p1a: Araquanid|Araquanid, F|100/100
|move|p2a: Tyranitar|Dragon Dance|p2a: Tyranitar
|-boost|p2a: Tyranitar|atk|1
|-boost|p2a: Tyranitar|spe|1
|
|-weather|Sandstorm|[upkeep]
|-damage|p1a: Araquanid|94/100|[from] Sandstorm
|-heal|p1a: Araquanid|100/100|[from] item: Leftovers
|upkeep
|turn|3
|
|t:|1769409386
|move|p2a: Tyranitar|Stone Edge|p1a: Araquanid|[miss]
|-miss|p2a: Tyranitar|p1a: Araquanid
|move|p1a: Araquanid|Liquidation|p2a: Tyranitar
|-supereffective|p2a: Tyranitar
|-damage|p2a: Tyranitar|9/100
|-unboost|p2a: Tyranitar|def|1
|-damage|p1a: Araquanid|84/100|[from] item: Rocky Helmet|[of] p2a: Tyranitar
|
|-weather|Sandstorm|[upkeep]
|-damage|p1a: Araquanid|78/100|[from] Sandstorm
|-heal|p1a: Araquanid|84/100|[from] item: Leftovers
|upkeep
|turn|4
|
|t:|1769409399
|switch|p1a: Kingambit|Kingambit, F|100/100
|move|p2a: Tyranitar|Stone Edge|p1a: Kingambit
|-resisted|p1a: Kingambit
|-damage|p1a: Kingambit|74/100
|
|-weather|Sandstorm|[upkeep]
|upkeep
|turn|5
|
|t:|1769409404
|move|p1a: Kingambit|Sucker Punch|p2a: Tyranitar
|-resisted|p2a: Tyranitar
|-damage|p2a: Tyranitar|0 fnt
|-damage|p1a: Kingambit|57/100|[from] item: Rocky Helmet|[of] p2a: Tyranitar
|faint|p2a: Tyranitar
|
|-weather|none
|upkeep
|
|t:|1769409409
|switch|p2a: Walking Wake|Walking Wake|100/100
|-enditem|p2a: Walking Wake|Booster Energy
|-activate|p2a: Walking Wake|ability: Protosynthesis|[fromitem]
|-start|p2a: Walking Wake|protosynthesisspa
|turn|6
|
|t:|1769409417
|switch|p1a: Araquanid|Araquanid, F|84/100
|move|p2a: Walking Wake|Flamethrower|p1a: Araquanid
|-damage|p1a: Araquanid|68/100
|
|-heal|p1a: Araquanid|74/100|[from] item: Leftovers
|upkeep
|turn|7
|
|t:|1769409426
|-end|p2a: Walking Wake|Protosynthesis|[silent]
|switch|p2a: Scizor|Scizor, F|100/100
|move|p1a: Araquanid|Sticky Web|p2a: Scizor
|-sidestart|p2: Athocus|move: Sticky Web
|
|-heal|p1a: Araquanid|80/100|[from] item: Leftovers
|upkeep
|turn|8
|
|t:|1769409430
|move|p2a: Scizor|Aerial Ace|p1a: Araquanid
|-supereffective|p1a: Araquanid
|-damage|p1a: Araquanid|0 fnt
|faint|p1a: Araquanid
|
|upkeep
|
|t:|1769409441
|switch|p1a: Espeon|Espeon, M|95/100
|turn|9
|
|t:|1769409450
|move|p1a: Espeon|Charm|p2a: Scizor
|-unboost|p2a: Scizor|atk|2
|move|p2a: Scizor|Aerial Ace|p1a: Espeon
|-damage|p1a: Espeon|57/100
|-enditem|p1a: Espeon|Eject Button
|
|t:|1769409461
|switch|p1a: Milotic|Milotic, F|100/100
|
|upkeep
|turn|10
|
|t:|1769409469
|switch|p2a: Gliscor|Gliscor, F|100/100
|move|p1a: Milotic|Scald|p2a: Gliscor
|-supereffective|p2a: Gliscor
|-damage|p2a: Gliscor|0 fnt
|faint|p2a: Gliscor
|
|upkeep
|
|t:|1769409487
|switch|p2a: Scizor|Scizor, F|100/100
|-activate|p2a: Scizor|move: Sticky Web
|-unboost|p2a: Scizor|spe|1
|turn|11
|
|t:|1769409491
|move|p1a: Milotic|Scald|p2a: Scizor
|-damage|p2a: Scizor|44/100
|move|p2a: Scizor|Knock Off|p1a: Milotic
|-damage|p1a: Milotic|51/100
|-enditem|p1a: Milotic|Assault Vest|[from] move: Knock Off|[of] p2a: Scizor
|
|upkeep
|turn|12
|
|t:|1769409499
|switch|p2a: Clefable|Clefable, F|100/100
|-activate|p2a: Clefable|move: Sticky Web
|-unboost|p2a: Clefable|spe|1
|move|p1a: Milotic|Scald|p2a: Clefable
|-damage|p2a: Clefable|83/100
|-status|p2a: Clefable|brn
|
|upkeep
|turn|13
|
|t:|1769409510
|switch|p1a: Espeon|Espeon, M|57/100
|move|p2a: Clefable|Moonblast|p1a: Espeon
|-damage|p1a: Espeon|18/100
|
|upkeep
|turn|14
|
|t:|1769409517
|move|p1a: Espeon|Psychic|p2a: Clefable
|-damage|p2a: Clefable|64/100 brn
|move|p2a: Clefable|Moonblast|p1a: Espeon
|-damage|p1a: Espeon|0 fnt
|faint|p1a: Espeon
|
|upkeep
|
|t:|1769409521
|switch|p1a: Kingambit|Kingambit, F|57/100
|turn|15
|
|t:|1769409538
|move|p1a: Kingambit|Iron Head|p2a: Clefable
|-supereffective|p2a: Clefable
|-damage|p2a: Clefable|0 fnt
|faint|p2a: Clefable
|
|upkeep
|
|t:|1769409544
|switch|p2a: Walking Wake|Walking Wake|100/100
|-activate|p2a: Walking Wake|move: Sticky Web
|-unboost|p2a: Walking Wake|spe|1
|turn|16
|
|t:|1769409548
|-terastallize|p1a: Kingambit|Fairy
|move|p2a: Walking Wake|Flamethrower|p1a: Kingambit
|-damage|p1a: Kingambit|40/100
|move|p1a: Kingambit|Tera Blast|p2a: Walking Wake|[anim] Tera Blast Fairy
|-supereffective|p2a: Walking Wake
|-damage|p2a: Walking Wake|3/100
|
|upkeep
|turn|17
|
|t:|1769409567
|move|p1a: Kingambit|Sucker Punch|p2a: Walking Wake
|-damage|p2a: Walking Wake|0 fnt
|faint|p2a: Walking Wake
|-end|p2a: Walking Wake|Protosynthesis|[silent]
|
|upkeep
|
|t:|1769409570
|switch|p2a: Scizor|Scizor, F|44/100
|-activate|p2a: Scizor|move: Sticky Web
|-unboost|p2a: Scizor|spe|1
|turn|18
|
|t:|1769409579
|move|p2a: Scizor|Bullet Punch|p1a: Kingambit
|-supereffective|p1a: Kingambit
|-damage|p1a: Kingambit|0 fnt
|faint|p1a: Kingambit
|
|upkeep
|
|t:|1769409583
|switch|p1a: Milotic|Milotic, F|51/100
|turn|19
|
|t:|1769409588
|move|p2a: Scizor|Bullet Punch|p1a: Milotic
|-resisted|p1a: Milotic
|-damage|p1a: Milotic|26/100
|move|p1a: Milotic|Scald|p2a: Scizor
|-damage|p2a: Scizor|0 fnt
|faint|p2a: Scizor
|
|upkeep
|
|t:|1769409591
|switch|p2a: Cinderace|Cinderace, F|100/100
|turn|20
|
|t:|1769409596
|move|p2a: Cinderace|Gunk Shot|p1a: Milotic
|-start|p2a: Cinderace|typechange|Poison|[from] ability: Libero
|-damage|p1a: Milotic|0 fnt
|faint|p1a: Milotic
|
|upkeep
|
|t:|1769409601
|switch|p1a: Malamar|Malamar, F|100/100
|turn|21
|
|t:|1769409607
|move|p2a: Cinderace|Sucker Punch|p1a: Malamar
|-damage|p1a: Malamar|72/100
|move|p1a: Malamar|Psycho Cut|p2a: Cinderace
|-supereffective|p2a: Cinderace
|-damage|p2a: Cinderace|7/100
|
|upkeep
|turn|22
|
|t:|1769409621
|move|p2a: Cinderace|Gunk Shot|p1a: Malamar
|-damage|p1a: Malamar|6/100
|move|p1a: Malamar|Psycho Cut|p2a: Cinderace
|-supereffective|p2a: Cinderace
|-damage|p2a: Cinderace|0 fnt
|faint|p2a: Cinderace
|
|win|hahabadplayergobrr
|raw|hahabadplayergobrr's rating: 1258 &rarr; <strong>1278</strong><br />(+20 for winning)
|raw|Athocus's rating: 1194 &rarr; <strong>1174</strong><br />(-20 for losing)
|l|☆Athocus
|player|p2|
|l|☆hahabadplayergobrr
|player|p1|
