|j|☆breadenstick
|j|☆sicksickman
|t:|1769319722
|gametype|singles
|player|p1|breadenstick|dawn-gen4pt|1433
|player|p2|sicksickman|hoopster|1482
|gen|9
|tier|[Gen 9] OU
|rated|
|rule|HP Percentage Mod: HP is shown in percentages
|rule|Endless Battle Clause: Forcing endless battles is banned
|rule|Species Clause: Limit one of each Pokémon
|rule|OHKO Clause: OHKO moves are banned
|rule|Evasion Items Clause: Evasion items are banned
|rule|Evasion Moves Clause: Evasion moves are banned
|rule|Evasion Abilities Clause: Evasion abilities are banned
|rule|Sleep Moves Clause: Sleep-inducing moves are banned
|clearpoke
|poke|p1|Kyurem|
|poke|p1|Rillaboom, F|
|poke|p1|Garganacl, F|
|poke|p1|Pecharunt|
|poke|p1|Iron Treads|
|poke|p1|Zamazenta-*|
|poke|p2|Clodsire, M|
|poke|p2|Conkeldurr, M|
|poke|p2|Enamorus, F|
|poke|p2|Dragonite, M|
|poke|p2|Skarmory, F|
|poke|p2|Sinistcha|
|teampreview
|inactive|Battle timer is ON: inactive players will automatically lose when time's up. (requested by breadenstick)
|
|t:|1769319729
|teamsize|p1|6
|teamsize|p2|6
|start
|switch|p1a: Garganacl|Garganacl, F|100/100
|switch|p2a: Conkeldurr|Conkeldurr, M|100/100
|turn|1
|
|t:|1769319736
|-terastallize|p1a: Garganacl|Water
|move|p2a: Conkeldurr|Knock Off|p1a: Garganacl
|-damage|p1a: Garganacl|82/100
|-enditem|p1a: Garganacl|Leftovers|[from] move: Knock Off|[of] p2a: Conkeldurr
|move|p1a: Garganacl|Salt Cure|p2a: Conkeldurr
|-resisted|p2a: Conkeldurr
|-damage|p2a: Conkeldurr|95/100
|-start|p2a: Conkeldurr|Salt Cure
|
|-damage|p2a: Conkeldurr|83/100|[from] Salt Cure
|upkeep
|turn|2
|
|t:|1769319752
|move|p2a: Conkeldurr|Drain Punch|p1a: Garganacl
|-damage|p1a: Garganacl|57/100
|-heal|p2a: Conkeldurr|95/100|[from] drain|[of] p1a: Garganacl
|move|p1a: Garganacl|Stealth Rock|p2a: Conkeldurr
|-sidestart|p2: sicksickman|move: Stealth Rock
|
|-damage|p2a: Conkeldurr|83/100|[from] Salt Cure
|upkeep
|turn|3
|
|t:|1769319762
|switch|p1a: Pecharunt|Pecharunt|100/100
|move|p2a: Conkeldurr|Drain Punch|p1a: Pecharunt
|-immune|p1a: Pecharunt
|
|-damage|p2a: Conkeldurr|70/100|[from] Salt Cure
|upkeep
|turn|4
|
|t:|1769319769
|move|p1a: Pecharunt|Malignant Chain|p2a: Conkeldurr
|-damage|p2a: Conkeldurr|52/100
|move|p2a: Conkeldurr|Knock Off|p1a: Pecharunt
|-supereffective|p1a: Pecharunt
|-damage|p1a: Pecharunt|65/100
|-enditem|p1a: Pecharunt|Heavy-Duty Boots|[from] move: Knock Off|[of] p2a: Conkeldurr
|
|-damage|p2a: Conkeldurr|40/100|[from] Salt Cure
|upkeep
|turn|5
|
|t:|1769319780
|switch|p2a: Clodsire|Clodsire, M|100/100
|-damage|p2a: Clodsire|94/100|[from] Stealth Rock
|move|p1a: Pecharunt|Shadow Ball|p2a: Clodsire
|-damage|p2a: Clodsire|76/100
|
|-heal|p2a: Clodsire|82/100|[from] item: Leftovers
|upkeep
|turn|6
|
|t:|1769319793
|move|p1a: Pecharunt|Parting Shot|p2a: Clodsire
|-unboost|p2a: Clodsire|atk|1
|-unboost|p2a: Clodsire|spa|1
|
|t:|1769319799
|switch|p1a: Rillaboom|Rillaboom, F|100/100|[from] Parting Shot
|-fieldstart|move: Grassy Terrain|[from] ability: Grassy Surge|[of] p1a: Rillaboom
|move|p2a: Clodsire|Stealth Rock|p1a: Rillaboom
|-sidestart|p1: breadenstick|move: Stealth Rock
|
|-heal|p2a: Clodsire|88/100|[from] Grassy Terrain
|-heal|p2a: Clodsire|94/100|[from] item: Leftovers
|upkeep
|turn|7
|
|t:|1769319804
|switch|p2a: Skarmory|Skarmory, F|100/100
|-damage|p2a: Skarmory|88/100|[from] Stealth Rock
|move|p1a: Rillaboom|Wood Hammer|p2a: Skarmory
|-resisted|p2a: Skarmory
|-damage|p2a: Skarmory|65/100
|-damage|p1a: Rillaboom|93/100|[from] Recoil
|
|-heal|p1a: Rillaboom|99/100|[from] Grassy Terrain
|-heal|p2a: Skarmory|71/100|[from] item: Leftovers
|upkeep
|turn|8
|
|t:|1769319809
|switch|p1a: Zamazenta|Zamazenta|100/100
|-damage|p1a: Zamazenta|94/100|[from] Stealth Rock
|-ability|p1a: Zamazenta|Dauntless Shield|boost
|-boost|p1a: Zamazenta|def|1
|move|p2a: Skarmory|Spikes|p1a: Zamazenta
|-sidestart|p1: breadenstick|Spikes
|
|-heal|p1a: Zamazenta|100/100|[from] Grassy Terrain
|-heal|p2a: Skarmory|77/100|[from] item: Leftovers
|upkeep
|turn|9
|
|t:|1769319812
|move|p1a: Zamazenta|Iron Defense|p1a: Zamazenta
|-boost|p1a: Zamazenta|def|2
|move|p2a: Skarmory|Whirlwind|p1a: Zamazenta
|drag|p1a: Garganacl|Garganacl, F, tera:Water|57/100
|-damage|p1a: Garganacl|45/100|[from] Stealth Rock
|-damage|p1a: Garganacl|32/100|[from] Spikes
|
|-heal|p2a: Skarmory|83/100|[from] item: Leftovers
|-heal|p1a: Garganacl|39/100|[from] Grassy Terrain
|upkeep
|turn|10
|
|t:|1769319826
|move|p2a: Skarmory|Spikes|p1a: Garganacl
|-sidestart|p1: breadenstick|Spikes
|move|p1a: Garganacl|Salt Cure|p2a: Skarmory
|-damage|p2a: Skarmory|74/100
|-start|p2a: Skarmory|Salt Cure
|
|-heal|p2a: Skarmory|80/100|[from] item: Leftovers
|-heal|p1a: Garganacl|45/100|[from] Grassy Terrain
|-damage|p2a: Skarmory|56/100|[from] Salt Cure
|-fieldend|move: Grassy Terrain
|upkeep
|turn|11
|
|t:|1769319837
|switch|p2a: Enamorus|Enamorus, F|100/100
|-damage|p2a: Enamorus|76/100|[from] Stealth Rock
|move|p1a: Garganacl|Recover|p1a: Garganacl
|-heal|p1a: Garganacl|95/100
|
|-heal|p2a: Enamorus|82/100|[from] item: Leftovers
|upkeep
|turn|12
|
|t:|1769319844
|-terastallize|p2a: Enamorus|Ground
|move|p2a: Enamorus|Substitute|p2a: Enamorus
|-start|p2a: Enamorus|Substitute
|-damage|p2a: Enamorus|57/100
|move|p1a: Garganacl|Salt Cure|p2a: Enamorus
|-resisted|p2a: Enamorus
|-activate|p2a: Enamorus|move: Substitute|[damage]
|
|-heal|p2a: Enamorus|63/100|[from] item: Leftovers
|upkeep
|turn|13
|
|t:|1769319857
|switch|p1a: Rillaboom|Rillaboom, F|99/100
|-damage|p1a: Rillaboom|87/100|[from] Stealth Rock
|-damage|p1a: Rillaboom|71/100|[from] Spikes
|-fieldstart|move: Grassy Terrain|[from] ability: Grassy Surge|[of] p1a: Rillaboom
|move|p2a: Enamorus|Superpower|p1a: Rillaboom
|-damage|p1a: Rillaboom|35/100
|-boost|p2a: Enamorus|atk|1
|-boost|p2a: Enamorus|def|1
|
|-heal|p2a: Enamorus|69/100|[from] Grassy Terrain
|-heal|p2a: Enamorus|76/100|[from] item: Leftovers
|-heal|p1a: Rillaboom|41/100|[from] Grassy Terrain
|upkeep
|turn|14
|-message|sicksickman forfeited.
|
|win|breadenstick
|raw|breadenstick's rating: 1433 &rarr; <strong>1456</strong><br />(+23 for winning)
|raw|sicksickman's rating: 1482 &rarr; <strong>1459</strong><br />(-23 for losing)
|l|☆sicksickman
|player|p2|
|l|☆breadenstick
|player|p1|
