|j|☆Eel56
|j|☆spunder_policy
|t:|1769321754
|gametype|singles
|player|p1|Eel56|2|1780
|player|p2|spunder_policy|169|1854
|gen|9
|tier|[Gen 9] OU
|rated|
|rule|HP Percentage Mod: HP is shown in percentages
|rule|Endless Battle Clause: Forcing endless battles is banned
|rule|Species Clause: Limit one of each Pokémon
|rule|OHKO Clause: OHKO moves are banned
|rule|Evasion Items Clause: Evasion items are banned
|rule|Evasion Moves Clause: Evasion moves are banned
|rule|Evasion Abilities Clause: Evasion abilities are banned
|rule|Sleep Moves Clause: Sleep-inducing moves are banned
|clearpoke
|poke|p1|Great Tusk|
|poke|p1|Pecharunt|
|poke|p1|Iron Valiant|
|poke|p1|Iron Crown|
|poke|p1|Samurott-Hisui, M|
|poke|p1|Dragonite, M|
|poke|p2|Zoroark-Hisui, M|
|poke|p2|Mesprit|
|poke|p2|Alomomola, F|
|poke|p2|Goodra-Hisui, F|
|poke|p2|Thundurus, M|
|poke|p2|Blaziken, F|
|teampreview
|inactive|Battle timer is ON: inactive players will automatically lose when time's up. (requested by spunder_policy)
|j| waldo is real
|
|t:|1769321774
|teamsize|p1|6
|teamsize|p2|6
|start
|switch|p1a: Samurott|Samurott-Hisui, M, shiny|100/100
|switch|p2a: Thundurus|Thundurus, M|100/100
|turn|1
|l|☆Eel56
|inactive|Eel56 disconnected and has a minute to reconnect!
|player|p1|
|j| Kwaga
|inactive|Eel56 has 30 seconds to reconnect!
|j|☆Eel56
|inactive|Eel56 reconnected and has 115 seconds left.
|player|p1|Eel56|2|
|inactive|Eel56 has 90 seconds left.
|
|t:|1769321834
|-terastallize|p1a: Samurott|Dark
|move|p2a: Thundurus|Volt Switch|p1a: Samurott
|-damage|p1a: Samurott|57/100
|
|t:|1769321843
|switch|p2a: Blaziken|Blaziken, F|100/100|[from] Volt Switch
|move|p1a: Samurott|Ceaseless Edge|p2a: Blaziken
|-resisted|p2a: Blaziken
|-damage|p2a: Blaziken|41/100
|-sidestart|p2: spunder_policy|Spikes
|
|upkeep
|turn|2
|
|t:|1769321852
|move|p2a: Blaziken|Protect|p2a: Blaziken
|-singleturn|p2a: Blaziken|Protect
|move|p1a: Samurott|Sucker Punch||[still]
|-fail|p1a: Samurott
|
|-ability|p2a: Blaziken|Speed Boost|boost
|-boost|p2a: Blaziken|spe|1
|upkeep
|turn|3
|
|t:|1769321861
|switch|p2a: Thundurus|Thundurus, M|100/100
|switch|p1a: Pecharunt|Pecharunt|100/100
|
|upkeep
|turn|4
|
|t:|1769321875
|move|p2a: Thundurus|Volt Switch|p1a: Pecharunt
|-damage|p1a: Pecharunt|73/100
|
|t:|1769321877
|switch|p2a: Goodra|Goodra-Hisui, F|100/100|[from] Volt Switch
|move|p1a: Pecharunt|Malignant Chain|p2a: Goodra
|-immune|p2a: Goodra
|
|upkeep
|turn|5
|
|t:|1769321884
|move|p1a: Pecharunt|Parting Shot|p2a: Goodra
|-unboost|p2a: Goodra|atk|1
|-unboost|p2a: Goodra|spa|1
|
|t:|1769321892
|switch|p1a: Great Tusk|Great Tusk, shiny|100/100|[from] Parting Shot
|move|p2a: Goodra|Sludge Bomb|p1a: Great Tusk
|-resisted|p1a: Great Tusk
|-damage|p1a: Great Tusk|86/100
|
|upkeep
|turn|6
|
|t:|1769321898
|move|p1a: Great Tusk|Stealth Rock|p2a: Goodra
|-sidestart|p2: spunder_policy|move: Stealth Rock
|move|p2a: Goodra|Surf|p1a: Great Tusk
|-supereffective|p1a: Great Tusk
|-damage|p1a: Great Tusk|32/100
|
|upkeep
|turn|7
|
|t:|1769321902
|switch|p2a: Mesprit|Mesprit|100/100
|move|p1a: Great Tusk|Headlong Rush|p2a: Mesprit
|-immune|p2a: Mesprit|[from] ability: Levitate
|
|upkeep
|turn|8
|
|t:|1769321911
|-end|p1a: Great Tusk|Protosynthesis|[silent]
|switch|p1a: Iron Crown|Iron Crown|100/100
|move|p2a: Mesprit|Stealth Rock|p1a: Iron Crown
|-sidestart|p1: Eel56|move: Stealth Rock
|
|upkeep
|turn|9
|
|t:|1769321917
|move|p1a: Iron Crown|Tachyon Cutter|p2a: Mesprit
|-damage|p2a: Mesprit|77/100
|-damage|p2a: Mesprit|56/100
|-hitcount|p2a: Mesprit|2
|move|p2a: Mesprit|U-turn|p1a: Iron Crown
|-damage|p1a: Iron Crown|83/100
|
|t:|1769321920
|switch|p2a: Alomomola|Alomomola, F|100/100|[from] U-turn
|
|upkeep
|turn|10
|
|t:|1769321926
|move|p1a: Iron Crown|Psychic Noise|p2a: Alomomola
|-damage|p2a: Alomomola|71/100
|-start|p2a: Alomomola|move: Heal Block
|cant|p2a: Alomomola|move: Heal Block|Wish
|
|upkeep
|turn|11
|
|t:|1769321934
|move|p1a: Iron Crown|Future Sight|p2a: Alomomola
|-start|p1a: Iron Crown|move: Future Sight
|move|p2a: Alomomola|Flip Turn|p1a: Iron Crown
|-damage|p1a: Iron Crown|67/100
|
|t:|1769321941
|switch|p2a: Thundurus|Thundurus, M|100/100|[from] Flip Turn
|
|upkeep
|turn|12
|
|t:|1769321946
|move|p2a: Thundurus|U-turn|p1a: Iron Crown
|-damage|p1a: Iron Crown|51/100
|
|t:|1769321948
|switch|p2a: Alomomola|Alomomola, F|100/100|[from] U-turn
|move|p1a: Iron Crown|Volt Switch|p2a: Alomomola
|-supereffective|p2a: Alomomola
|-damage|p2a: Alomomola|64/100
|l| Kwaga
|
|t:|1769321956
|-end|p1a: Iron Crown|Quark Drive|[silent]
|switch|p1a: Iron Valiant|Iron Valiant, shiny|100/100|[from] Volt Switch
|-damage|p1a: Iron Valiant|94/100|[from] Stealth Rock
|
|upkeep
|turn|13
|
|t:|1769321960
|move|p1a: Iron Valiant|Moonblast|p2a: Alomomola
|-damage|p2a: Alomomola|12/100
|move|p2a: Alomomola|Flip Turn|p1a: Iron Valiant
|-damage|p1a: Iron Valiant|74/100
|
|t:|1769321964
|switch|p2a: Goodra|Goodra-Hisui, F|100/100|[from] Flip Turn
|
|-end|p2a: Goodra|move: Future Sight
|-resisted|p2a: Goodra
|-damage|p2a: Goodra|81/100
|upkeep
|turn|14
|
|t:|1769321977
|-end|p1a: Iron Valiant|Quark Drive|[silent]
|switch|p1a: Pecharunt|Pecharunt|73/100
|-damage|p1a: Pecharunt|60/100|[from] Stealth Rock
|move|p2a: Goodra|Flamethrower|p1a: Pecharunt
|-damage|p1a: Pecharunt|34/100
|
|upkeep
|turn|15
|
|t:|1769321984
|switch|p2a: Alomomola|Alomomola, F|45/100
|move|p1a: Pecharunt|Recover|p1a: Pecharunt
|-heal|p1a: Pecharunt|84/100
|
|upkeep
|turn|16
|
|t:|1769321988
|switch|p2a: Goodra|Goodra-Hisui, F|81/100
|move|p1a: Pecharunt|Malignant Chain|p2a: Goodra
|-immune|p2a: Goodra
|
|upkeep
|turn|17
|
|t:|1769321990
|switch|p2a: Alomomola|Alomomola, F|79/100
|move|p1a: Pecharunt|Parting Shot|p2a: Alomomola
|-unboost|p2a: Alomomola|atk|1
|-unboost|p2a: Alomomola|spa|1
|
|t:|1769321996
|switch|p1a: Samurott|Samurott-Hisui, M, shiny, tera:Dark|57/100|[from] Parting Shot
|-damage|p1a: Samurott|45/100|[from] Stealth Rock
|
|upkeep
|turn|18
|
|t:|1769322000
|move|p1a: Samurott|Knock Off|p2a: Alomomola
|-damage|p2a: Alomomola|16/100
|-enditem|p2a: Alomomola|Heavy-Duty Boots|[from] move: Knock Off|[of] p1a: Samurott
|move|p2a: Alomomola|Flip Turn|p1a: Samurott
|-damage|p1a: Samurott|31/100
|
|t:|1769322005
|switch|p2a: Thundurus|Thundurus, M|100/100|[from] Flip Turn
|
|upkeep
|turn|19
|
|t:|1769322015
|switch|p1a: Pecharunt|Pecharunt|84/100
|-damage|p1a: Pecharunt|71/100|[from] Stealth Rock
|move|p2a: Thundurus|U-turn|p1a: Pecharunt
|-resisted|p1a: Pecharunt
|-damage|p1a: Pecharunt|70/100
|-damage|p2a: Thundurus|84/100|[from] item: Rocky Helmet|[of] p1a: Pecharunt
|
|t:|1769322022
|switch|p2a: Blaziken|Blaziken, F|100/100|[from] U-turn
|
|upkeep
|turn|20
|
|t:|1769322027
|move|p2a: Blaziken|Hex|p1a: Pecharunt
|-supereffective|p1a: Pecharunt
|-damage|p1a: Pecharunt|0 fnt
|faint|p1a: Pecharunt
|
|upkeep
|
|t:|1769322037
|switch|p1a: Iron Valiant|Iron Valiant, shiny|74/100
|-damage|p1a: Iron Valiant|68/100|[from] Stealth Rock
|turn|21
|
|t:|1769322045
|switch|p2a: Alomomola|Alomomola, F|49/100
|-damage|p2a: Alomomola|37/100|[from] Spikes
|-damage|p2a: Alomomola|24/100|[from] Stealth Rock
|move|p1a: Iron Valiant|Moonblast|p2a: Alomomola
|-damage|p2a: Alomomola|0 fnt
|faint|p2a: Alomomola
|
|upkeep
|
|t:|1769322050
|switch|p2a: Thundurus|Thundurus, M|84/100
|turn|22
|
|t:|1769322056
|move|p2a: Thundurus|Thunder Wave|p1a: Iron Valiant|[miss]
|-miss|p2a: Thundurus|p1a: Iron Valiant
|move|p1a: Iron Valiant|Moonblast|p2a: Thundurus
|-damage|p2a: Thundurus|6/100
|
|upkeep
|turn|23
|
|t:|1769322074
|move|p1a: Iron Valiant|Moonblast|p2a: Thundurus
|-damage|p2a: Thundurus|0 fnt
|faint|p2a: Thundurus
|
|upkeep
|
|t:|1769322076
|switch|p2a: Goodra|Goodra-Hisui, F|81/100
|turn|24
|
|t:|1769322085
|-end|p1a: Iron Valiant|Quark Drive|[silent]
|switch|p1a: Dragonite|Dragonite, M, shiny|100/100
|move|p2a: Goodra|Sludge Bomb|p1a: Dragonite
|-damage|p1a: Dragonite|87/100
|
|upkeep
|turn|25
|
|t:|1769322090
|switch|p2a: Mesprit|Mesprit|56/100
|move|p1a: Dragonite|Earthquake|p2a: Mesprit
|-immune|p2a: Mesprit|[from] ability: Levitate
|
|upkeep
|turn|26
|inactive|Eel56 has 120 seconds left.
|
|t:|1769322128
|-terastallize|p2a: Mesprit|Steel
|move|p1a: Dragonite|Roost|p1a: Dragonite
|-heal|p1a: Dragonite|100/100
|-singleturn|p1a: Dragonite|move: Roost
|move|p2a: Mesprit|Ice Beam|p1a: Dragonite
|-supereffective|p1a: Dragonite
|-damage|p1a: Dragonite|77/100
|
|upkeep
|turn|27
|inactive|Eel56 has 120 seconds left.
|
|t:|1769322146
|switch|p1a: Iron Crown|Iron Crown|51/100
|-damage|p1a: Iron Crown|44/100|[from] Stealth Rock
|move|p2a: Mesprit|Ice Beam|p1a: Iron Crown
|-resisted|p1a: Iron Crown
|-damage|p1a: Iron Crown|38/100
|-status|p1a: Iron Crown|frz
|
|upkeep
|turn|28
|
|t:|1769322150
|cant|p1a: Iron Crown|frz
|move|p2a: Mesprit|U-turn|p1a: Iron Crown
|-damage|p1a: Iron Crown|22/100 frz
|
|t:|1769322152
|switch|p2a: Blaziken|Blaziken, F|41/100|[from] U-turn
|
|upkeep
|turn|29
|
|t:|1769322170
|cant|p1a: Iron Crown|frz
|move|p2a: Blaziken|Earthquake|p1a: Iron Crown
|-supereffective|p1a: Iron Crown
|-damage|p1a: Iron Crown|0 fnt
|faint|p1a: Iron Crown
|-end|p1a: Iron Crown|Quark Drive|[silent]
|
|-ability|p2a: Blaziken|Speed Boost|boost
|-boost|p2a: Blaziken|spe|1
|upkeep
|
|t:|1769322177
|switch|p1a: Iron Valiant|Iron Valiant, shiny|68/100
|-damage|p1a: Iron Valiant|62/100|[from] Stealth Rock
|turn|30
|
|t:|1769322179
|move|p2a: Blaziken|Protect|p2a: Blaziken
|-singleturn|p2a: Blaziken|Protect
|move|p1a: Iron Valiant|Vacuum Wave|p2a: Blaziken
|-activate|p2a: Blaziken|move: Protect
|
|-ability|p2a: Blaziken|Speed Boost|boost
|-boost|p2a: Blaziken|spe|1
|upkeep
|turn|31
|
|t:|1769322190
|switch|p2a: Mesprit|Mesprit|100/100
|move|p1a: Iron Valiant|Vacuum Wave|p2a: Mesprit
|-immune|p2a: Mesprit
|
|upkeep
|-start|p2a: Mesprit|typechange|Steel|[silent]
|turn|32
|
|t:|1769322195
|-end|p1a: Iron Valiant|Quark Drive|[silent]
|switch|p1a: Dragonite|Dragonite, M, shiny|77/100
|move|p2a: Mesprit|Tera Blast|p1a: Dragonite
|-damage|p1a: Dragonite|35/100
|
|upkeep
|turn|33
|
|t:|1769322200
|move|p2a: Mesprit|Tera Blast|p1a: Dragonite
|-damage|p1a: Dragonite|0 fnt
|faint|p1a: Dragonite
|
|upkeep
|
|t:|1769322202
|switch|p1a: Samurott|Samurott-Hisui, M, shiny, tera:Dark|31/100
|-damage|p1a: Samurott|18/100|[from] Stealth Rock
|turn|34
|
|t:|1769322216
|move|p1a: Samurott|Sucker Punch|p2a: Mesprit
|-supereffective|p2a: Mesprit
|-damage|p2a: Mesprit|0 fnt
|replace|p2a: Zoroark|Zoroark-Hisui, M
|-end|p2a: Zoroark|Illusion
|faint|p2a: Zoroark
|
|upkeep
|
|t:|1769322218
|switch|p2a: Blaziken|Blaziken, F|41/100
|turn|35
|
|t:|1769322235
|move|p2a: Blaziken|Protect|p2a: Blaziken
|-singleturn|p2a: Blaziken|Protect
|move|p1a: Samurott|Sucker Punch||[still]
|-fail|p1a: Samurott
|
|-ability|p2a: Blaziken|Speed Boost|boost
|-boost|p2a: Blaziken|spe|1
|upkeep
|turn|36
|
|t:|1769322238
|move|p1a: Samurott|Sucker Punch|p2a: Blaziken
|-resisted|p2a: Blaziken
|-damage|p2a: Blaziken|0 fnt
|faint|p2a: Blaziken
|
|upkeep
|
|t:|1769322242
|switch|p2a: Goodra|Goodra-Hisui, F|81/100
|turn|37
|
|t:|1769322270
|move|p1a: Samurott|Knock Off|p2a: Goodra
|-damage|p2a: Goodra|21/100
|-enditem|p2a: Goodra|Heavy-Duty Boots|[from] move: Knock Off|[of] p1a: Samurott
|move|p2a: Goodra|Sludge Bomb|p1a: Samurott
|-damage|p1a: Samurott|0 fnt
|faint|p1a: Samurott
|
|upkeep
|
|t:|1769322280
|switch|p1a: Great Tusk|Great Tusk, shiny|32/100
|turn|38
|
|t:|1769322283
|move|p1a: Great Tusk|Ice Spinner|p2a: Goodra
|-damage|p2a: Goodra|0 fnt
|faint|p2a: Goodra
|
|upkeep
|
|t:|1769322285
|switch|p2a: Mesprit|Mesprit, tera:Steel|56/100
|turn|39
|
|t:|1769322288
|move|p1a: Great Tusk|Ice Spinner|p2a: Mesprit
|-resisted|p2a: Mesprit
|-damage|p2a: Mesprit|46/100
|move|p2a: Mesprit|Ice Beam|p1a: Great Tusk
|-supereffective|p1a: Great Tusk
|-damage|p1a: Great Tusk|0 fnt
|faint|p1a: Great Tusk
|-end|p1a: Great Tusk|Protosynthesis|[silent]
|
|upkeep
|
|t:|1769322290
|switch|p1a: Iron Valiant|Iron Valiant, shiny|62/100
|-damage|p1a: Iron Valiant|56/100|[from] Stealth Rock
|turn|40
|
|t:|1769322302
|move|p1a: Iron Valiant|Vacuum Wave|p2a: Mesprit
|-supereffective|p2a: Mesprit
|-damage|p2a: Mesprit|0 fnt
|faint|p2a: Mesprit
|
|win|Eel56
|raw|Eel56's rating: 1780 &rarr; <strong>1804</strong><br />(+24 for winning)
|raw|spunder_policy's rating: 1854 &rarr; <strong>1830</strong><br />(-24 for losing)
|l|☆spunder_policy
|player|p2|
|l|☆Eel56
|player|p1|
