|j|☆escrotito
|j|☆veunsrs
|t:|1769442683
|gametype|singles
|player|p1|escrotito|maid|1264
|player|p2|veunsrs|giovanni|1282
|gen|9
|tier|[Gen 9] OU
|rated|
|rule|HP Percentage Mod: HP is shown in percentages
|rule|Endless Battle Clause: Forcing endless battles is banned
|rule|Species Clause: Limit one of each Pokémon
|rule|OHKO Clause: OHKO moves are banned
|rule|Evasion Items Clause: Evasion items are banned
|rule|Evasion Moves Clause: Evasion moves are banned
|rule|Evasion Abilities Clause: Evasion abilities are banned
|rule|Sleep Moves Clause: Sleep-inducing moves are banned
|clearpoke
|poke|p1|Necrozma|
|poke|p1|Kingambit, F|
|poke|p1|Samurott-Hisui, F|
|poke|p1|Iron Treads|
|poke|p1|Pecharunt|
|poke|p1|Enamorus, F|
|poke|p2|Cinderace, F|
|poke|p2|Glimmora, F|
|poke|p2|Great Tusk|
|poke|p2|Gliscor, M|
|poke|p2|Gholdengo|
|poke|p2|Scizor, M|
|teampreview
|inactive|Battle timer is ON: inactive players will automatically lose when time's up. (requested by escrotito)
|
|t:|1769442707
|teamsize|p1|6
|teamsize|p2|6
|start
|switch|p1a: Samurott|Samurott-Hisui, F|100/100
|switch|p2a: Lola|Cinderace, F, shiny|100/100
|turn|1
|inactive|escrotito has 120 seconds left.
|
|t:|1769442738
|move|p2a: Lola|U-turn|p1a: Samurott
|-start|p2a: Lola|typechange|Bug|[from] ability: Libero
|-supereffective|p1a: Samurott
|-damage|p1a: Samurott|0 fnt
|faint|p1a: Samurott
|c|☆escrotito|oh
|inactive|veunsrs has 120 seconds left.
|
|t:|1769442777
|switch|p2a: NipYourBits|Gliscor, M|100/100|[from] U-turn
|
|-status|p2a: NipYourBits|tox|[from] item: Toxic Orb
|upkeep
|inactive|escrotito has 120 seconds left.
|
|t:|1769442790
|switch|p1a: Necrozma|Necrozma, shiny|100/100
|turn|2
|inactive|veunsrs has 120 seconds left.
|
|t:|1769442828
|move|p2a: NipYourBits|Toxic|p1a: Necrozma
|-status|p1a: Necrozma|tox
|move|p1a: Necrozma|Trick Room|p1a: Necrozma
|-fieldstart|move: Trick Room|[of] p1a: Necrozma
|
|-damage|p1a: Necrozma|94/100 tox|[from] psn
|upkeep
|turn|3
|inactive|veunsrs has 90 seconds left.
|inactive|escrotito has 120 seconds left.
|inactive|veunsrs has 60 seconds left.
|inactive|veunsrs has 30 seconds left.
|
|t:|1769442912
|move|p1a: Necrozma|Photon Geyser|p2a: NipYourBits
|-damage|p2a: NipYourBits|52/100 tox
|move|p2a: NipYourBits|Spikes|p1a: Necrozma
|-sidestart|p1: escrotito|Spikes
|
|-damage|p1a: Necrozma|82/100 tox|[from] psn
|-heal|p2a: NipYourBits|64/100 tox|[from] ability: Poison Heal
|upkeep
|turn|4
|inactive|escrotito has 120 seconds left.
|inactive|veunsrs has 30 seconds left.
|
|t:|1769442924
|move|p2a: NipYourBits|Protect|p2a: NipYourBits
|-singleturn|p2a: NipYourBits|Protect
|move|p1a: Necrozma|Photon Geyser|p2a: NipYourBits
|-activate|p2a: NipYourBits|move: Protect
|
|-damage|p1a: Necrozma|64/100 tox|[from] psn
|-heal|p2a: NipYourBits|77/100 tox|[from] ability: Poison Heal
|upkeep
|turn|5
|inactive|veunsrs has 30 seconds left.
|
|t:|1769442932
|move|p1a: Necrozma|Photon Geyser|p2a: NipYourBits
|-damage|p2a: NipYourBits|29/100 tox
|move|p2a: NipYourBits|Knock Off|p1a: Necrozma
|-supereffective|p1a: Necrozma
|-enditem|p1a: Necrozma|Colbur Berry|[eat]
|-enditem|p1a: Necrozma|Colbur Berry|[weaken]
|-damage|p1a: Necrozma|51/100 tox
|
|-damage|p1a: Necrozma|27/100 tox|[from] psn
|-heal|p2a: NipYourBits|42/100 tox|[from] ability: Poison Heal
|upkeep
|turn|6
|inactive|veunsrs has 30 seconds left.
|inactive|escrotito has 120 seconds left.
|
|t:|1769442951
|switch|p1a: Iron Treads|Iron Treads|100/100
|-damage|p1a: Iron Treads|88/100|[from] Spikes
|move|p2a: NipYourBits|Protect||[still]
|-fail|p2a: NipYourBits
|
|-heal|p2a: NipYourBits|54/100 tox|[from] ability: Poison Heal
|-fieldend|move: Trick Room
|upkeep
|turn|7
|
|t:|1769442955
|move|p2a: NipYourBits|Protect|p2a: NipYourBits
|-singleturn|p2a: NipYourBits|Protect
|move|p1a: Iron Treads|Rapid Spin|p2a: NipYourBits
|-activate|p2a: NipYourBits|move: Protect
|
|-heal|p2a: NipYourBits|67/100 tox|[from] ability: Poison Heal
|upkeep
|turn|8
|
|t:|1769442958
|-terastallize|p2a: NipYourBits|Ghost
|move|p1a: Iron Treads|Ice Spinner|p2a: NipYourBits
|-damage|p2a: NipYourBits|46/100 tox
|move|p2a: NipYourBits|Knock Off|p1a: Iron Treads
|-damage|p1a: Iron Treads|68/100
|-enditem|p1a: Iron Treads|Assault Vest|[from] move: Knock Off|[of] p2a: NipYourBits
|
|-heal|p2a: NipYourBits|58/100 tox|[from] ability: Poison Heal
|upkeep
|turn|9
|
|t:|1769442965
|move|p2a: NipYourBits|Protect|p2a: NipYourBits
|-singleturn|p2a: NipYourBits|Protect
|move|p1a: Iron Treads|Volt Switch|p2a: NipYourBits
|-activate|p2a: NipYourBits|move: Protect
|
|-heal|p2a: NipYourBits|71/100 tox|[from] ability: Poison Heal
|upkeep
|turn|10
|
|t:|1769442972
|move|p1a: Iron Treads|Earthquake|p2a: NipYourBits
|-damage|p2a: NipYourBits|33/100 tox
|move|p2a: NipYourBits|Spikes|p1a: Iron Treads
|-sidestart|p1: escrotito|Spikes
|
|-heal|p2a: NipYourBits|45/100 tox|[from] ability: Poison Heal
|upkeep
|turn|11
|
|t:|1769442979
|move|p2a: NipYourBits|Protect|p2a: NipYourBits
|-singleturn|p2a: NipYourBits|Protect
|move|p1a: Iron Treads|Volt Switch|p2a: NipYourBits
|-activate|p2a: NipYourBits|move: Protect
|
|-heal|p2a: NipYourBits|58/100 tox|[from] ability: Poison Heal
|upkeep
|turn|12
|
|t:|1769442988
|move|p1a: Iron Treads|Earthquake|p2a: NipYourBits
|-damage|p2a: NipYourBits|22/100 tox
|move|p2a: NipYourBits|Spikes|p1a: Iron Treads
|-sidestart|p1: escrotito|Spikes
|
|-heal|p2a: NipYourBits|34/100 tox|[from] ability: Poison Heal
|upkeep
|turn|13
|
|t:|1769442997
|-end|p1a: Iron Treads|Quark Drive|[silent]
|switch|p1a: Kingambit|Kingambit, F, shiny|100/100
|-damage|p1a: Kingambit|75/100|[from] Spikes
|-activate|p1a: Kingambit|ability: Supreme Overlord
|-start|p1a: Kingambit|fallen1|[silent]
|move|p2a: NipYourBits|Protect||[still]
|-fail|p2a: NipYourBits
|
|-heal|p2a: NipYourBits|47/100 tox|[from] ability: Poison Heal
|upkeep
|turn|14
|
|t:|1769443001
|switch|p2a: Big Glim|Glimmora, F, shiny|100/100
|move|p1a: Kingambit|Swords Dance|p1a: Kingambit
|-boost|p1a: Kingambit|atk|2
|
|upkeep
|turn|15
|
|t:|1769443005
|move|p2a: Big Glim|Earth Power|p1a: Kingambit
|-supereffective|p1a: Kingambit
|-crit|p1a: Kingambit
|-damage|p1a: Kingambit|0 fnt
|faint|p1a: Kingambit
|-end|p1a: Kingambit|fallen1|[silent]
|
|upkeep
|-message|escrotito forfeited.
|
|win|veunsrs
|raw|escrotito's rating: 1264 &rarr; <strong>1240</strong><br />(-24 for losing)
|raw|veunsrs's rating: 1282 &rarr; <strong>1306</strong><br />(+24 for winning)
|l|☆escrotito
|player|p1|
|l|☆veunsrs
|player|p2|
