|inactive|Battle timer is ON: inactive players will automatically lose when time's up.
|t:|1769370848
|gametype|singles
|player|p1|Gen9Trihard|265|
|player|p2|SupaGmoney|#wcop2024ussouth|
|gen|9
|tier|[Gen 9] OU
|rule|HP Percentage Mod: HP is shown in percentages
|rule|Endless Battle Clause: Forcing endless battles is banned
|rule|Species Clause: Limit one of each Pokémon
|rule|OHKO Clause: OHKO moves are banned
|rule|Evasion Items Clause: Evasion items are banned
|rule|Evasion Moves Clause: Evasion moves are banned
|rule|Evasion Abilities Clause: Evasion abilities are banned
|rule|Sleep Moves Clause: Sleep-inducing moves are banned
|clearpoke
|poke|p1|Dragapult, M|
|poke|p1|Glimmora, M|
|poke|p1|Comfey, M|
|poke|p1|Kingambit, M|
|poke|p1|Ogerpon-Wellspring, F|
|poke|p1|Blaziken, M|
|poke|p2|Ogerpon-Wellspring, F|
|poke|p2|Kyurem|
|poke|p2|Glimmora, M|
|poke|p2|Great Tusk|
|poke|p2|Kingambit, M|
|poke|p2|Enamorus, F|
|teampreview
|c|☆SupaGmoney|gl
|c|☆Gen9Trihard|gl hf
|inactive|SupaGmoney has 270 seconds left.
|inactive|SupaGmoney has 240 seconds left.
|inactive|SupaGmoney has 210 seconds left.
|inactive|SupaGmoney has 180 seconds left.
|
|t:|1769370972
|teamsize|p1|6
|teamsize|p2|6
|start
|switch|p1a: Ogerpon|Ogerpon-Wellspring, F|100/100
|switch|p2a: Enamorus|Enamorus, F|100/100
|turn|1
|inactive|SupaGmoney has 240 seconds left.
|
|t:|1769370991
|move|p2a: Enamorus|Moonblast|p1a: Ogerpon
|-damage|p1a: Ogerpon|34/100
|move|p1a: Ogerpon|Ivy Cudgel|p2a: Enamorus|[anim] Ivy Cudgel Water
|-damage|p2a: Enamorus|0 fnt
|faint|p2a: Enamorus
|
|upkeep
|
|t:|1769371001
|switch|p2a: Kyurem|Kyurem|100/100
|-ability|p2a: Kyurem|Pressure
|turn|2
|
|t:|1769371011
|move|p1a: Ogerpon|U-turn|p2a: Kyurem
|-damage|p2a: Kyurem|76/100
|
|t:|1769371013
|switch|p1a: Glimmora|Glimmora, M, shiny|100/100|[from] U-turn
|move|p2a: Kyurem|Dragon Dance|p2a: Kyurem
|-boost|p2a: Kyurem|atk|1
|-boost|p2a: Kyurem|spe|1
|
|upkeep
|turn|3
|c|+glass shadows|supa "gimme ur lunch" money
|
|t:|1769371020
|move|p2a: Kyurem|Earth Power|p1a: Glimmora
|-supereffective|p1a: Glimmora
|-damage|p1a: Glimmora|0 fnt
|faint|p1a: Glimmora
|
|upkeep
|
|t:|1769371033
|switch|p1a: Comfey|Comfey, M, shiny|100/100
|turn|4
|
|t:|1769371049
|-terastallize|p1a: Comfey|Fire
|move|p1a: Comfey|Draining Kiss|p2a: Kyurem
|-supereffective|p2a: Kyurem
|-damage|p2a: Kyurem|17/100
|-damage|p1a: Comfey|91/100|[from] item: Life Orb
|move|p2a: Kyurem|Icicle Spear|p1a: Comfey
|-resisted|p1a: Comfey
|-damage|p1a: Comfey|76/100
|-resisted|p1a: Comfey
|-damage|p1a: Comfey|61/100
|-resisted|p1a: Comfey
|-damage|p1a: Comfey|46/100
|-resisted|p1a: Comfey
|-damage|p1a: Comfey|32/100
|-resisted|p1a: Comfey
|-damage|p1a: Comfey|16/100
|-hitcount|p1a: Comfey|5
|
|upkeep
|turn|5
|inactive|SupaGmoney has 240 seconds left.
|
|t:|1769371078
|move|p1a: Comfey|Draining Kiss|p2a: Kyurem
|-supereffective|p2a: Kyurem
|-damage|p2a: Kyurem|0 fnt
|-heal|p1a: Comfey|37/100|[from] drain|[of] p2a: Kyurem
|faint|p2a: Kyurem
|-damage|p1a: Comfey|27/100|[from] item: Life Orb
|
|upkeep
|
|t:|1769371080
|switch|p2a: Glimmora|Glimmora, M|100/100
|turn|6
|
|t:|1769371083
|switch|p1a: Kingambit|Kingambit, M, shiny|100/100
|-activate|p1a: Kingambit|ability: Supreme Overlord
|-start|p1a: Kingambit|fallen1|[silent]
|move|p2a: Glimmora|Stealth Rock|p1a: Kingambit
|-sidestart|p1: Gen9Trihard|move: Stealth Rock
|
|upkeep
|turn|7
|
|t:|1769371089
|switch|p2a: Kingambit|Kingambit, M|100/100
|-activate|p2a: Kingambit|ability: Supreme Overlord
|-start|p2a: Kingambit|fallen2|[silent]
|move|p1a: Kingambit|Iron Head|p2a: Kingambit
|-resisted|p2a: Kingambit
|-damage|p2a: Kingambit|80/100
|
|-heal|p2a: Kingambit|86/100|[from] item: Leftovers
|upkeep
|turn|8
|
|t:|1769371094
|-end|p1a: Kingambit|fallen1|[silent]
|switch|p1a: Blaziken|Blaziken, M, shiny|100/100
|-damage|p1a: Blaziken|88/100|[from] Stealth Rock
|move|p2a: Kingambit|Low Kick|p1a: Blaziken
|-damage|p1a: Blaziken|31/100
|
|-heal|p2a: Kingambit|93/100|[from] item: Leftovers
|upkeep
|turn|9
|
|t:|1769371103
|-end|p2a: Kingambit|fallen2|[silent]
|switch|p2a: Glimmora|Glimmora, M|100/100
|move|p1a: Blaziken|Protect||[still]
|-fail|p1a: Blaziken
|
|-ability|p1a: Blaziken|Speed Boost|boost
|-boost|p1a: Blaziken|spe|1
|upkeep
|turn|10
|
|t:|1769371108
|move|p1a: Blaziken|Close Combat|p2a: Glimmora
|-damage|p2a: Glimmora|38/100
|-unboost|p1a: Blaziken|def|1
|-unboost|p1a: Blaziken|spd|1
|-activate|p2a: Glimmora|ability: Toxic Debris
|-sidestart|p1: Gen9Trihard|move: Toxic Spikes
|-enditem|p2a: Glimmora|Red Card|[of] p1a: Blaziken
|drag|p1a: Comfey|Comfey, M, shiny, tera:Fire|27/100
|-damage|p1a: Comfey|2/100|[from] Stealth Rock
|-status|p1a: Comfey|psn
|move|p2a: Glimmora|Earth Power|p1a: Comfey
|-supereffective|p1a: Comfey
|-damage|p1a: Comfey|0 fnt
|faint|p1a: Comfey
|
|upkeep
|
|t:|1769371129
|switch|p1a: Dragapult|Dragapult, M, shiny|100/100
|-damage|p1a: Dragapult|88/100|[from] Stealth Rock
|-status|p1a: Dragapult|psn
|turn|11
|
|t:|1769371139
|move|p1a: Dragapult|Shadow Ball|p2a: Glimmora
|-damage|p2a: Glimmora|0 fnt
|faint|p2a: Glimmora
|-damage|p1a: Dragapult|78/100 psn|[from] item: Life Orb
|
|-damage|p1a: Dragapult|66/100 psn|[from] psn
|upkeep
|
|t:|1769371140
|switch|p2a: Ogerpon|Ogerpon-Wellspring, F|100/100
|turn|12
|
|t:|1769371143
|switch|p1a: Ogerpon|Ogerpon-Wellspring, F|34/100
|-damage|p1a: Ogerpon|21/100|[from] Stealth Rock
|-status|p1a: Ogerpon|psn
|move|p2a: Ogerpon|Horn Leech|p1a: Ogerpon
|-damage|p1a: Ogerpon|0 fnt
|faint|p1a: Ogerpon
|
|upkeep
|c|☆Gen9Trihard|gg
|-message|Gen9Trihard forfeited.
|
|win|SupaGmoney
|player|p1|
|c|☆SupaGmoney|gg
|c|+sire clod|Supa beat the allegations #whew
|c|+fiishing|lol
