|j|☆Team BBIO 38
|j|☆Meublepauvre
|t:|1769297623
|gametype|singles
|player|p1|Team BBIO 38|rocketgrunt|1323
|player|p2|Meublepauvre|101|1299
|gen|9
|tier|[Gen 9] OU
|rated|
|rule|HP Percentage Mod: HP is shown in percentages
|rule|Endless Battle Clause: Forcing endless battles is banned
|rule|Species Clause: Limit one of each Pokémon
|rule|OHKO Clause: OHKO moves are banned
|rule|Evasion Items Clause: Evasion items are banned
|rule|Evasion Moves Clause: Evasion moves are banned
|rule|Evasion Abilities Clause: Evasion abilities are banned
|rule|Sleep Moves Clause: Sleep-inducing moves are banned
|clearpoke
|poke|p1|Dusclops, M|
|poke|p1|Blissey, F|
|poke|p1|Flamigo, M|
|poke|p1|Latias, F|
|poke|p1|Darkrai|
|poke|p1|Dragonite, M|
|poke|p2|Gholdengo|
|poke|p2|Glimmora, F|
|poke|p2|Dragapult, M|
|poke|p2|Great Tusk|
|poke|p2|Meowscarada, M|
|poke|p2|Primarina, M|
|teampreview
|inactive|Battle timer is ON: inactive players will automatically lose when time's up. (requested by Team BBIO 38)
|
|t:|1769297632
|teamsize|p1|6
|teamsize|p2|6
|start
|switch|p1a: Darkrai|Darkrai|100/100
|switch|p2a: Primarina|Primarina, M, shiny|100/100
|turn|1
|
|t:|1769297639
|switch|p1a: Blissey|Blissey, F|100/100
|move|p2a: Primarina|Moonblast|p1a: Blissey
|-damage|p1a: Blissey|70/100
|-unboost|p1a: Blissey|spa|1
|
|-heal|p1a: Blissey|76/100|[from] item: Leftovers
|upkeep
|turn|2
|inactive|Meublepauvre has 120 seconds left.
|
|t:|1769297687
|switch|p2a: Gholdengo|Gholdengo, shiny|100/100
|-item|p2a: Gholdengo|Air Balloon
|move|p1a: Blissey|Soft-Boiled|p1a: Blissey
|-heal|p1a: Blissey|100/100
|
|upkeep
|turn|3
|
|t:|1769297699
|switch|p2a: Great Tusk|Great Tusk, shiny|100/100
|switch|p1a: Darkrai|Darkrai|100/100
|
|upkeep
|turn|4
|
|t:|1769297705
|move|p1a: Darkrai|Psychic|p2a: Great Tusk
|-supereffective|p2a: Great Tusk
|-damage|p2a: Great Tusk|0 fnt
|faint|p2a: Great Tusk
|-end|p2a: Great Tusk|Protosynthesis|[silent]
|
|upkeep
|
|t:|1769297710
|switch|p2a: Dragapult|Dragapult, M, shiny|100/100
|turn|5
|
|t:|1769297713
|switch|p1a: Dusclops|Dusclops, M|100/100
|-item|p2a: Dragapult|Life Orb|[from] ability: Frisk|[of] p1a: Dusclops
|move|p2a: Dragapult|U-turn|p1a: Dusclops
|-resisted|p1a: Dusclops
|-damage|p1a: Dusclops|94/100
|-damage|p2a: Dragapult|91/100|[from] item: Life Orb
|
|t:|1769297716
|switch|p2a: Meowscarada|Meowscarada, M, shiny|100/100|[from] U-turn
|
|upkeep
|turn|6
|
|t:|1769297722
|move|p2a: Meowscarada|Knock Off|p1a: Dusclops
|-start|p2a: Meowscarada|typechange|Dark|[from] ability: Protean
|-supereffective|p1a: Dusclops
|-damage|p1a: Dusclops|51/100
|-enditem|p1a: Dusclops|Eviolite|[from] move: Knock Off|[of] p2a: Meowscarada
|move|p1a: Dusclops|Will-O-Wisp|p2a: Meowscarada
|-status|p2a: Meowscarada|brn
|
|-damage|p2a: Meowscarada|94/100 brn|[from] brn
|upkeep
|turn|7
|
|t:|1769297733
|switch|p2a: Primarina|Primarina, M, shiny|100/100
|move|p1a: Dusclops|Pain Split|p2a: Primarina
|-sethp|p2a: Primarina|70/100|[from] move: Pain Split|[silent]
|-sethp|p1a: Dusclops|90/100|[from] move: Pain Split
|
|upkeep
|turn|8
|
|t:|1769297748
|switch|p1a: Blissey|Blissey, F|100/100
|move|p2a: Primarina|Psychic Noise|p1a: Blissey
|-damage|p1a: Blissey|78/100
|-start|p1a: Blissey|move: Heal Block
|
|upkeep
|turn|9
|
|t:|1769297756
|move|p2a: Primarina|Psychic Noise|p1a: Blissey
|-damage|p1a: Blissey|55/100
|move|p1a: Blissey|Stealth Rock|p2a: Primarina
|-sidestart|p2: Meublepauvre|move: Stealth Rock
|
|-end|p1a: Blissey|move: Heal Block
|upkeep
|turn|10
|
|t:|1769297784
|move|p2a: Primarina|Psychic Noise|p1a: Blissey
|-damage|p1a: Blissey|34/100
|-start|p1a: Blissey|move: Heal Block
|move|p1a: Blissey|Seismic Toss|p2a: Primarina
|-damage|p2a: Primarina|43/100
|
|upkeep
|turn|11
|
|t:|1769297792
|move|p2a: Primarina|Psychic Noise|p1a: Blissey
|-damage|p1a: Blissey|12/100
|move|p1a: Blissey|Seismic Toss|p2a: Primarina
|-damage|p2a: Primarina|15/100
|
|-end|p1a: Blissey|move: Heal Block
|upkeep
|turn|12
|
|t:|1769297800
|move|p2a: Primarina|Psychic Noise|p1a: Blissey
|-damage|p1a: Blissey|0 fnt
|faint|p1a: Blissey
|
|upkeep
|
|t:|1769297805
|switch|p1a: Darkrai|Darkrai|100/100
|turn|13
|
|t:|1769297813
|move|p1a: Darkrai|Dark Pulse|p2a: Primarina
|-resisted|p2a: Primarina
|-damage|p2a: Primarina|0 fnt
|faint|p2a: Primarina
|
|upkeep
|
|t:|1769297818
|switch|p2a: Meowscarada|Meowscarada, M, shiny|94/100 brn
|-damage|p2a: Meowscarada|82/100 brn|[from] Stealth Rock
|turn|14
|
|t:|1769297822
|switch|p1a: Dusclops|Dusclops, M|90/100
|-item|p2a: Meowscarada|Choice Scarf|[from] ability: Frisk|[of] p1a: Dusclops
|move|p2a: Meowscarada|U-turn|p1a: Dusclops
|-start|p2a: Meowscarada|typechange|Bug|[from] ability: Protean
|-resisted|p1a: Dusclops
|-damage|p1a: Dusclops|84/100
|
|t:|1769297826
|switch|p2a: Gholdengo|Gholdengo, shiny|100/100|[from] U-turn
|-damage|p2a: Gholdengo|94/100|[from] Stealth Rock
|-item|p2a: Gholdengo|Air Balloon
|
|upkeep
|turn|15
|
|t:|1769297835
|switch|p1a: Flamigo|Flamigo, M|100/100
|move|p2a: Gholdengo|Nasty Plot|p2a: Gholdengo
|-boost|p2a: Gholdengo|spa|2
|
|upkeep
|turn|16
|
|t:|1769297840
|move|p1a: Flamigo|Close Combat|p2a: Gholdengo
|-supereffective|p2a: Gholdengo
|-damage|p2a: Gholdengo|0 fnt
|-unboost|p1a: Flamigo|def|1
|-unboost|p1a: Flamigo|spd|1
|-enditem|p2a: Gholdengo|Air Balloon
|faint|p2a: Gholdengo
|
|upkeep
|c|☆Meublepauvre|scrappy?
|c|☆Meublepauvre|ohh
|c|☆Team BBIO 38|yeah
|
|t:|1769297854
|switch|p2a: Glimmora|Glimmora, F, shiny|100/100
|-damage|p2a: Glimmora|88/100|[from] Stealth Rock
|turn|17
|
|t:|1769297858
|switch|p1a: Darkrai|Darkrai|100/100
|move|p2a: Glimmora|Rock Polish|p2a: Glimmora
|-boost|p2a: Glimmora|spe|2
|
|upkeep
|turn|18
|
|t:|1769297865
|-terastallize|p2a: Glimmora|Flying
|move|p2a: Glimmora|Meteor Beam||[still]
|-prepare|p2a: Glimmora|Meteor Beam
|-boost|p2a: Glimmora|spa|1
|-enditem|p2a: Glimmora|Power Herb
|-anim|p2a: Glimmora|Meteor Beam|p1a: Darkrai
|-damage|p1a: Darkrai|0 fnt
|faint|p1a: Darkrai
|
|upkeep
|
|t:|1769297875
|switch|p1a: Alaric|Latias, F|100/100
|turn|19
|
|t:|1769297883
|-terastallize|p1a: Alaric|Steel
|move|p2a: Glimmora|Meteor Beam||[still]
|-prepare|p2a: Glimmora|Meteor Beam
|-boost|p2a: Glimmora|spa|1
|move|p1a: Alaric|Calm Mind|p1a: Alaric
|-boost|p1a: Alaric|spa|1
|-boost|p1a: Alaric|spd|1
|
|upkeep
|turn|20
|
|t:|1769297889
|move|p2a: Glimmora|Meteor Beam|p1a: Alaric|[from] lockedmove
|-resisted|p1a: Alaric
|-damage|p1a: Alaric|56/100
|move|p1a: Alaric|Calm Mind|p1a: Alaric
|-boost|p1a: Alaric|spa|1
|-boost|p1a: Alaric|spd|1
|
|upkeep
|turn|21
|c|☆Meublepauvre|oh that broken
|
|t:|1769297899
|move|p2a: Glimmora|Meteor Beam||[still]
|-prepare|p2a: Glimmora|Meteor Beam
|-boost|p2a: Glimmora|spa|1
|move|p1a: Alaric|Recover|p1a: Alaric
|-heal|p1a: Alaric|100/100
|
|upkeep
|turn|22
|
|t:|1769297904
|move|p2a: Glimmora|Meteor Beam|p1a: Alaric|[from] lockedmove
|-resisted|p1a: Alaric
|-damage|p1a: Alaric|63/100
|move|p1a: Alaric|Stored Power|p2a: Glimmora
|-damage|p2a: Glimmora|0 fnt
|faint|p2a: Glimmora
|
|upkeep
|
|t:|1769297912
|switch|p2a: Meowscarada|Meowscarada, M, shiny|82/100 brn
|-damage|p2a: Meowscarada|70/100 brn|[from] Stealth Rock
|turn|23
|
|t:|1769297915
|move|p2a: Meowscarada|Knock Off|p1a: Alaric
|-start|p2a: Meowscarada|typechange|Dark|[from] ability: Protean
|-damage|p1a: Alaric|41/100
|-enditem|p1a: Alaric|Covert Cloak|[from] move: Knock Off|[of] p2a: Meowscarada
|move|p1a: Alaric|Aura Sphere|p2a: Meowscarada
|-supereffective|p2a: Meowscarada
|-damage|p2a: Meowscarada|0 fnt
|faint|p2a: Meowscarada
|
|upkeep
|
|t:|1769297917
|switch|p2a: Dragapult|Dragapult, M, shiny|91/100
|-damage|p2a: Dragapult|78/100|[from] Stealth Rock
|turn|24
|
|t:|1769297926
|move|p2a: Dragapult|Dragon Dance|p2a: Dragapult
|-boost|p2a: Dragapult|atk|1
|-boost|p2a: Dragapult|spe|1
|move|p1a: Alaric|Stored Power|p2a: Dragapult
|-damage|p2a: Dragapult|0 fnt
|faint|p2a: Dragapult
|
|win|Team BBIO 38
|raw|Team BBIO 38's rating: 1323 &rarr; <strong>1342</strong><br />(+19 for winning)
|raw|Meublepauvre's rating: 1299 &rarr; <strong>1276</strong><br />(-23 for losing)
|l|☆Meublepauvre
|player|p2|
|c|☆Team BBIO 38|gg
|l|☆Team BBIO 38
|player|p1|
