|j|☆firered27
|j|☆waplejoos
|t:|1769413694
|gametype|singles
|player|p1|firered27|169|1253
|player|p2|waplejoos|265|1299
|gen|9
|tier|[Gen 9] OU
|rated|
|rule|HP Percentage Mod: HP is shown in percentages
|rule|Endless Battle Clause: Forcing endless battles is banned
|rule|Species Clause: Limit one of each Pokémon
|rule|OHKO Clause: OHKO moves are banned
|rule|Evasion Items Clause: Evasion items are banned
|rule|Evasion Moves Clause: Evasion moves are banned
|rule|Evasion Abilities Clause: Evasion abilities are banned
|rule|Sleep Moves Clause: Sleep-inducing moves are banned
|clearpoke
|poke|p1|Krookodile, M|
|poke|p1|Hatterene, F|
|poke|p1|Porygon2|
|poke|p1|Rotom-Wash|
|poke|p1|Conkeldurr, M|
|poke|p1|Scizor, M|
|poke|p2|Glimmora, M|
|poke|p2|Ceruledge, M|
|poke|p2|Primarina, F|
|poke|p2|Garchomp, M|
|poke|p2|Mandibuzz, F|
|poke|p2|Pawmot, F|
|teampreview
|inactive|Battle timer is ON: inactive players will automatically lose when time's up. (requested by firered27)
|
|t:|1769413700
|teamsize|p1|6
|teamsize|p2|6
|start
|switch|p1a: Krookodile|Krookodile, M|100/100
|switch|p2a: Glimmora|Glimmora, M|100/100
|-ability|p1a: Krookodile|Intimidate|boost
|-unboost|p2a: Glimmora|atk|1
|turn|1
|
|t:|1769413712
|-terastallize|p2a: Glimmora|Flying
|move|p2a: Glimmora|Energy Ball|p1a: Krookodile
|-supereffective|p1a: Krookodile
|-damage|p1a: Krookodile|29/100
|move|p1a: Krookodile|Stealth Rock|p2a: Glimmora
|-sidestart|p2: waplejoos|move: Stealth Rock
|
|upkeep
|turn|2
|
|t:|1769413730
|switch|p1a: Porygon2|Porygon2, shiny|100/100
|-ability|p1a: Porygon2|Download|boost
|-boost|p1a: Porygon2|spa|1
|move|p2a: Glimmora|Meteor Beam||[still]
|-prepare|p2a: Glimmora|Meteor Beam
|-boost|p2a: Glimmora|spa|1
|-enditem|p2a: Glimmora|Power Herb
|-anim|p2a: Glimmora|Meteor Beam|p1a: Porygon2
|-damage|p1a: Porygon2|4/100
|
|-heal|p1a: Porygon2|10/100|[from] item: Leftovers
|upkeep
|turn|3
|inactive|firered27 has 120 seconds left.
|
|t:|1769413782
|move|p2a: Glimmora|Sludge Wave|p1a: Porygon2
|-damage|p1a: Porygon2|0 fnt
|faint|p1a: Porygon2
|
|upkeep
|
|t:|1769413785
|switch|p1a: Hatterene|Hatterene, F|100/100
|turn|4
|
|t:|1769413792
|-terastallize|p1a: Hatterene|Fire
|move|p2a: Glimmora|Sludge Wave|p1a: Hatterene
|-crit|p1a: Hatterene
|-damage|p1a: Hatterene|0 fnt
|faint|p1a: Hatterene
|
|upkeep
|
|t:|1769413802
|switch|p1a: Rotom|Rotom-Wash|100/100
|turn|5
|
|t:|1769413807
|move|p1a: Rotom|Volt Switch|p2a: Glimmora
|-supereffective|p2a: Glimmora
|-damage|p2a: Glimmora|24/100
|
|t:|1769413813
|switch|p1a: Krookodile|Krookodile, M|29/100|[from] Volt Switch
|-ability|p1a: Krookodile|Intimidate|boost
|-unboost|p2a: Glimmora|atk|1
|move|p2a: Glimmora|Energy Ball|p1a: Krookodile
|-supereffective|p1a: Krookodile
|-damage|p1a: Krookodile|0 fnt
|faint|p1a: Krookodile
|
|upkeep
|
|t:|1769413821
|switch|p1a: Rotom|Rotom-Wash|100/100
|turn|6
|
|t:|1769413825
|switch|p2a: Garchomp|Garchomp, M|100/100
|-damage|p2a: Garchomp|94/100|[from] Stealth Rock
|move|p1a: Rotom|Volt Switch|p2a: Garchomp
|-immune|p2a: Garchomp
|
|upkeep
|turn|7
|
|t:|1769413834
|switch|p1a: Conkeldurr|Conkeldurr, M|100/100
|move|p2a: Garchomp|Swords Dance|p2a: Garchomp
|-boost|p2a: Garchomp|atk|2
|
|-status|p1a: Conkeldurr|brn|[from] item: Flame Orb
|upkeep
|turn|8
|
|t:|1769413842
|move|p2a: Garchomp|Earthquake|p1a: Conkeldurr
|-damage|p1a: Conkeldurr|13/100 brn
|move|p1a: Conkeldurr|Facade|p2a: Garchomp
|-damage|p2a: Garchomp|35/100
|-damage|p1a: Conkeldurr|0 fnt|[from] ability: Rough Skin|[of] p2a: Garchomp
|faint|p1a: Conkeldurr
|
|upkeep
|
|t:|1769413851
|switch|p1a: Rotom|Rotom-Wash|100/100
|turn|9
|
|t:|1769413859
|move|p1a: Rotom|Hydro Pump|p2a: Garchomp|[miss]
|-miss|p1a: Rotom|p2a: Garchomp
|move|p2a: Garchomp|Scale Shot|p1a: Rotom
|-damage|p1a: Rotom|71/100
|-damage|p1a: Rotom|40/100
|-damage|p1a: Rotom|6/100
|-damage|p1a: Rotom|0 fnt
|faint|p1a: Rotom
|-hitcount|p1: Rotom|4
|-unboost|p2a: Garchomp|def|1
|-boost|p2a: Garchomp|spe|1
|
|upkeep
|
|t:|1769413866
|switch|p1a: Scizor|Scizor, M, shiny|100/100
|turn|10
|
|t:|1769413871
|move|p2a: Garchomp|Earthquake|p1a: Scizor
|-damage|p1a: Scizor|10/100
|move|p1a: Scizor|Close Combat|p2a: Garchomp
|-damage|p2a: Garchomp|0 fnt
|-unboost|p1a: Scizor|def|1
|-unboost|p1a: Scizor|spd|1
|-damage|p1a: Scizor|0 fnt|[from] ability: Rough Skin|[of] p2a: Garchomp
|faint|p2a: Garchomp
|faint|p1a: Scizor
|
|win|waplejoos
|raw|firered27's rating: 1253 &rarr; <strong>1231</strong><br />(-22 for losing)
|raw|waplejoos's rating: 1299 &rarr; <strong>1321</strong><br />(+22 for winning)
|l|☆waplejoos
|player|p2|
|l|☆firered27
|player|p1|
