|j|☆Nahlokin
|j|☆fuhfyjddhh
|t:|1769373578
|gametype|singles
|player|p1|Nahlokin|hilbert|1453
|player|p2|fuhfyjddhh|policeman-gen4|1514
|gen|9
|tier|[Gen 9] OU
|rated|
|rule|HP Percentage Mod: HP is shown in percentages
|rule|Endless Battle Clause: Forcing endless battles is banned
|rule|Species Clause: Limit one of each Pokémon
|rule|OHKO Clause: OHKO moves are banned
|rule|Evasion Items Clause: Evasion items are banned
|rule|Evasion Moves Clause: Evasion moves are banned
|rule|Evasion Abilities Clause: Evasion abilities are banned
|rule|Sleep Moves Clause: Sleep-inducing moves are banned
|clearpoke
|poke|p1|Trevenant, M|
|poke|p1|Torkoal, M|
|poke|p1|Walking Wake|
|poke|p1|Great Tusk|
|poke|p1|Heatran, M|
|poke|p1|Clefable, F|
|poke|p2|Tinkaton, F|
|poke|p2|Ogerpon, F|
|poke|p2|Great Tusk|
|poke|p2|Pecharunt|
|poke|p2|Alomomola, M|
|poke|p2|Hydreigon, M|
|teampreview
|inactive|Battle timer is ON: inactive players will automatically lose when time's up. (requested by Nahlokin)
|
|t:|1769373585
|teamsize|p1|6
|teamsize|p2|6
|start
|switch|p1a: GOLEMS NOT READY|Trevenant, M|100/100
|switch|p2a: Ogerpon|Ogerpon, F|100/100
|turn|1
|
|t:|1769373592
|move|p2a: Ogerpon|Knock Off|p1a: GOLEMS NOT READY
|-supereffective|p1a: GOLEMS NOT READY
|-damage|p1a: GOLEMS NOT READY|0 fnt
|-enditem|p1a: GOLEMS NOT READY|Sitrus Berry|[from] move: Knock Off|[of] p2a: Ogerpon
|faint|p1a: GOLEMS NOT READY
|
|upkeep
|
|t:|1769373599
|switch|p1a: MINERAL AWARENESS|Great Tusk|100/100
|turn|2
|
|t:|1769373604
|switch|p2a: Pecharunt|Pecharunt|100/100
|move|p1a: MINERAL AWARENESS|Knock Off|p2a: Pecharunt
|-supereffective|p2a: Pecharunt
|-damage|p2a: Pecharunt|70/100
|-damage|p1a: MINERAL AWARENESS|84/100|[from] item: Rocky Helmet|[of] p2a: Pecharunt
|-enditem|p2a: Pecharunt|Rocky Helmet|[from] move: Knock Off|[of] p1a: MINERAL AWARENESS
|
|upkeep
|turn|3
|
|t:|1769373611
|move|p1a: MINERAL AWARENESS|Headlong Rush|p2a: Pecharunt
|-supereffective|p2a: Pecharunt
|-damage|p2a: Pecharunt|16/100
|-unboost|p1a: MINERAL AWARENESS|def|1
|-unboost|p1a: MINERAL AWARENESS|spd|1
|move|p2a: Pecharunt|Malignant Chain|p1a: MINERAL AWARENESS
|-resisted|p1a: MINERAL AWARENESS
|-damage|p1a: MINERAL AWARENESS|48/100
|
|upkeep
|turn|4
|
|t:|1769373624
|switch|p2a: Tinkaton|Tinkaton, F, shiny|100/100
|-item|p2a: Tinkaton|Air Balloon
|move|p1a: MINERAL AWARENESS|Knock Off|p2a: Tinkaton
|-resisted|p2a: Tinkaton
|-damage|p2a: Tinkaton|79/100
|-enditem|p2a: Tinkaton|Air Balloon
|-enditem|p1a: MINERAL AWARENESS|Heavy-Duty Boots|[silent]|[from] ability: Pickpocket|[of] p1a: MINERAL AWARENESS
|-item|p2a: Tinkaton|Heavy-Duty Boots|[from] ability: Pickpocket|[of] p1a: MINERAL AWARENESS
|
|upkeep
|turn|5
|
|t:|1769373635
|move|p2a: Tinkaton|Gigaton Hammer|p1a: MINERAL AWARENESS
|-damage|p1a: MINERAL AWARENESS|0 fnt
|faint|p1a: MINERAL AWARENESS
|-end|p1a: MINERAL AWARENESS|Protosynthesis|[silent]
|
|upkeep
|
|t:|1769373639
|switch|p1a: END KALI YUGA|Torkoal, M|100/100
|-weather|SunnyDay|[from] ability: Drought|[of] p1a: END KALI YUGA
|turn|6
|
|t:|1769373644
|switch|p1a: MATHEMATICAL CHEST|Walking Wake|100/100
|-activate|p1a: MATHEMATICAL CHEST|ability: Protosynthesis
|-start|p1a: MATHEMATICAL CHEST|protosynthesisspe
|move|p2a: Tinkaton|Stealth Rock|p1a: MATHEMATICAL CHEST
|-sidestart|p1: Nahlokin|move: Stealth Rock
|
|-weather|SunnyDay|[upkeep]
|upkeep
|turn|7
|
|t:|1769373654
|move|p1a: MATHEMATICAL CHEST|Knock Off|p2a: Tinkaton
|-resisted|p2a: Tinkaton
|-damage|p2a: Tinkaton|67/100
|-enditem|p2a: Tinkaton|Heavy-Duty Boots|[from] move: Knock Off|[of] p1a: MATHEMATICAL CHEST
|-enditem|p1a: MATHEMATICAL CHEST|Choice Specs|[silent]|[from] ability: Pickpocket|[of] p1a: MATHEMATICAL CHEST
|-item|p2a: Tinkaton|Choice Specs|[from] ability: Pickpocket|[of] p1a: MATHEMATICAL CHEST
|move|p2a: Tinkaton|Gigaton Hammer|p1a: MATHEMATICAL CHEST
|-resisted|p1a: MATHEMATICAL CHEST
|-damage|p1a: MATHEMATICAL CHEST|69/100
|
|-weather|SunnyDay|[upkeep]
|upkeep
|turn|8
|-message|Nahlokin forfeited.
|
|win|fuhfyjddhh
|raw|Nahlokin's rating: 1453 &rarr; <strong>1436</strong><br />(-17 for losing)
|raw|fuhfyjddhh's rating: 1514 &rarr; <strong>1531</strong><br />(+17 for winning)
|l|☆Nahlokin
|player|p1|
