|j|☆fluffycool
|j|☆tinocanaya
|t:|1769418133
|gametype|singles
|player|p1|fluffycool|schoolboy-gen2|1391
|player|p2|tinocanaya|hilbert|1319
|gen|9
|tier|[Gen 9] OU
|rated|
|rule|HP Percentage Mod: HP is shown in percentages
|rule|Endless Battle Clause: Forcing endless battles is banned
|rule|Species Clause: Limit one of each Pokémon
|rule|OHKO Clause: OHKO moves are banned
|rule|Evasion Items Clause: Evasion items are banned
|rule|Evasion Moves Clause: Evasion moves are banned
|rule|Evasion Abilities Clause: Evasion abilities are banned
|rule|Sleep Moves Clause: Sleep-inducing moves are banned
|clearpoke
|poke|p1|Latios, M|
|poke|p1|Kingambit, F|
|poke|p1|Clodsire, F|
|poke|p1|Slowking, F|
|poke|p1|Meowscarada, M|
|poke|p1|Skarmory, F|
|poke|p2|Lucario, F|
|poke|p2|Dragapult, F|
|poke|p2|Mandibuzz, F|
|poke|p2|Ogerpon-Wellspring, F|
|poke|p2|Ursaluna, F|
|poke|p2|Iron Moth|
|teampreview
|inactive|Battle timer is ON: inactive players will automatically lose when time's up. (requested by fluffycool)
|
|t:|1769418148
|teamsize|p1|6
|teamsize|p2|6
|start
|switch|p1a: Meowscarada|Meowscarada, M|100/100
|switch|p2a: Ogerpon|Ogerpon-Wellspring, F|100/100
|turn|1
|
|t:|1769418158
|move|p1a: Meowscarada|U-turn|p2a: Ogerpon
|-start|p1a: Meowscarada|typechange|Bug|[from] ability: Protean
|-supereffective|p2a: Ogerpon
|-damage|p2a: Ogerpon|18/100
|
|t:|1769418161
|switch|p1a: Skarmory|Skarmory, F|100/100|[from] U-turn
|move|p2a: Ogerpon|Play Rough|p1a: Skarmory
|-resisted|p1a: Skarmory
|-damage|p1a: Skarmory|89/100
|-damage|p2a: Ogerpon|1/100|[from] item: Rocky Helmet|[of] p1a: Skarmory
|
|upkeep
|turn|2
|
|t:|1769418177
|move|p2a: Ogerpon|Ivy Cudgel|p1a: Skarmory|[anim] Ivy Cudgel Water
|-damage|p1a: Skarmory|48/100
|move|p1a: Skarmory|Spikes|p2a: Ogerpon
|-sidestart|p2: tinocanaya|Spikes
|
|upkeep
|turn|3
|
|t:|1769418182
|move|p2a: Ogerpon|Ivy Cudgel|p1a: Skarmory|[anim] Ivy Cudgel Water
|-damage|p1a: Skarmory|11/100
|move|p1a: Skarmory|Roost|p1a: Skarmory
|-heal|p1a: Skarmory|61/100
|-singleturn|p1a: Skarmory|move: Roost
|
|upkeep
|turn|4
|
|t:|1769418197
|move|p2a: Ogerpon|Swords Dance|p2a: Ogerpon
|-boost|p2a: Ogerpon|atk|2
|move|p1a: Skarmory|Roost|p1a: Skarmory
|-heal|p1a: Skarmory|100/100
|-singleturn|p1a: Skarmory|move: Roost
|
|upkeep
|turn|5
|
|t:|1769418205
|move|p2a: Ogerpon|Ivy Cudgel|p1a: Skarmory|[anim] Ivy Cudgel Water
|-damage|p1a: Skarmory|20/100
|move|p1a: Skarmory|Body Press|p2a: Ogerpon
|-damage|p2a: Ogerpon|0 fnt
|faint|p2a: Ogerpon
|
|upkeep
|
|t:|1769418223
|switch|p2a: Dragapult|Dragapult, F, shiny|100/100
|-damage|p2a: Dragapult|88/100|[from] Spikes
|turn|6
|
|t:|1769418228
|switch|p1a: Slowking|Slowking, F|100/100
|move|p2a: Dragapult|U-turn|p1a: Slowking
|-supereffective|p1a: Slowking
|-damage|p1a: Slowking|61/100
|
|t:|1769418237
|switch|p2a: Mandibuzz|Mandibuzz, F|100/100|[from] U-turn
|
|upkeep
|turn|7
|
|t:|1769418243
|switch|p1a: Skarmory|Skarmory, F|20/100
|move|p2a: Mandibuzz|Toxic|p1a: Skarmory
|-immune|p1a: Skarmory
|
|upkeep
|turn|8
|
|t:|1769418248
|move|p2a: Mandibuzz|Foul Play|p1a: Skarmory
|-damage|p1a: Skarmory|3/100
|-damage|p2a: Mandibuzz|84/100|[from] item: Rocky Helmet|[of] p1a: Skarmory
|move|p1a: Skarmory|Roost|p1a: Skarmory
|-heal|p1a: Skarmory|53/100
|-singleturn|p1a: Skarmory|move: Roost
|
|-heal|p2a: Mandibuzz|90/100|[from] item: Leftovers
|upkeep
|turn|9
|
|t:|1769418258
|switch|p2a: Dragapult|Dragapult, F, shiny|88/100
|-damage|p2a: Dragapult|76/100|[from] Spikes
|move|p1a: Skarmory|Roost|p1a: Skarmory
|-heal|p1a: Skarmory|100/100
|-singleturn|p1a: Skarmory|move: Roost
|
|upkeep
|turn|10
|
|t:|1769418266
|switch|p1a: Slowking|Slowking, F|94/100
|move|p2a: Dragapult|Thunderbolt|p1a: Slowking
|-supereffective|p1a: Slowking
|-damage|p1a: Slowking|45/100
|
|upkeep
|turn|11
|
|t:|1769418272
|switch|p1a: Clodsire|Clodsire, F|100/100
|move|p2a: Dragapult|Thunderbolt|p1a: Clodsire
|-immune|p1a: Clodsire
|
|upkeep
|turn|12
|
|t:|1769418288
|switch|p2a: Mandibuzz|Mandibuzz, F|90/100
|move|p1a: Clodsire|Stealth Rock|p2a: Mandibuzz
|-sidestart|p2: tinocanaya|move: Stealth Rock
|
|-heal|p2a: Mandibuzz|96/100|[from] item: Leftovers
|upkeep
|turn|13
|
|t:|1769418295
|move|p2a: Mandibuzz|Foul Play|p1a: Clodsire
|-damage|p1a: Clodsire|72/100
|move|p1a: Clodsire|Toxic|p2a: Mandibuzz
|-status|p2a: Mandibuzz|tox
|
|-heal|p2a: Mandibuzz|100/100 tox|[from] item: Leftovers
|-damage|p2a: Mandibuzz|94/100 tox|[from] psn
|upkeep
|turn|14
|
|t:|1769418306
|move|p2a: Mandibuzz|Foul Play|p1a: Clodsire
|-damage|p1a: Clodsire|45/100
|move|p1a: Clodsire|Recover|p1a: Clodsire
|-heal|p1a: Clodsire|95/100
|
|-heal|p2a: Mandibuzz|100/100 tox|[from] item: Leftovers
|-damage|p2a: Mandibuzz|88/100 tox|[from] psn
|upkeep
|turn|15
|
|t:|1769418328
|switch|p2a: Iron Moth|Iron Moth|100/100
|-damage|p2a: Iron Moth|88/100|[from] Spikes
|-damage|p2a: Iron Moth|63/100|[from] Stealth Rock
|-enditem|p2a: Iron Moth|Booster Energy
|-activate|p2a: Iron Moth|ability: Quark Drive|[fromitem]
|-start|p2a: Iron Moth|quarkdrivespa
|move|p1a: Clodsire|Earthquake|p2a: Iron Moth
|-supereffective|p2a: Iron Moth
|-damage|p2a: Iron Moth|0 fnt
|faint|p2a: Iron Moth
|-end|p2a: Iron Moth|Quark Drive|[silent]
|
|upkeep
|inactive|tinocanaya has 120 seconds left.
|-message|tinocanaya forfeited.
|
|win|fluffycool
|raw|fluffycool's rating: 1391 &rarr; <strong>1407</strong><br />(+16 for winning)
|raw|tinocanaya's rating: 1319 &rarr; <strong>1303</strong><br />(-16 for losing)
|l|☆tinocanaya
|player|p2|
