|j|☆StoryMark
|j|☆lovemod
|t:|1769316559
|gametype|singles
|player|p1|StoryMark|dawn-gen4pt|1339
|player|p2|lovemod|101|1326
|gen|9
|tier|[Gen 9] OU
|rated|
|rule|HP Percentage Mod: HP is shown in percentages
|rule|Endless Battle Clause: Forcing endless battles is banned
|rule|Species Clause: Limit one of each Pokémon
|rule|OHKO Clause: OHKO moves are banned
|rule|Evasion Items Clause: Evasion items are banned
|rule|Evasion Moves Clause: Evasion moves are banned
|rule|Evasion Abilities Clause: Evasion abilities are banned
|rule|Sleep Moves Clause: Sleep-inducing moves are banned
|clearpoke
|poke|p1|Corviknight, M|
|poke|p1|Pecharunt|
|poke|p1|Ogerpon-Wellspring, F|
|poke|p1|Ting-Lu|
|poke|p1|Great Tusk|
|poke|p1|Gholdengo|
|poke|p2|Clodsire, F|
|poke|p2|Dondozo, M|
|poke|p2|Alomomola, F|
|poke|p2|Talonflame, F|
|poke|p2|Toxapex, M|
|poke|p2|Blissey, F|
|teampreview
|
|t:|1769316570
|teamsize|p1|6
|teamsize|p2|6
|start
|switch|p1a: Corviknight|Corviknight, M|100/100
|switch|p2a: Alomomola|Alomomola, F|100/100
|-ability|p1a: Corviknight|Pressure
|turn|1
|
|t:|1769316577
|move|p1a: Corviknight|U-turn|p2a: Alomomola
|-damage|p2a: Alomomola|93/100
|
|t:|1769316579
|switch|p1a: Ogerpon|Ogerpon-Wellspring, F|100/100|[from] U-turn
|move|p2a: Alomomola|Whirlpool|p1a: Ogerpon
|-immune|p1a: Ogerpon|[from] ability: Water Absorb
|
|upkeep
|turn|2
|
|t:|1769316589
|switch|p2a: Toxapex|Toxapex, M|100/100
|move|p1a: Ogerpon|Spikes|p2a: Toxapex
|-sidestart|p2: lovemod|Spikes
|
|upkeep
|turn|3
|
|t:|1769316597
|switch|p1a: Pecharunt|Pecharunt|100/100
|move|p2a: Toxapex|Infestation|p1a: Pecharunt
|-resisted|p1a: Pecharunt
|-damage|p1a: Pecharunt|99/100
|-activate|p1a: Pecharunt|move: Infestation|[of] p2a: Toxapex
|
|-damage|p1a: Pecharunt|88/100|[from] move: Infestation|[partiallytrapped]
|upkeep
|turn|4
|
|t:|1769316615
|move|p1a: Pecharunt|Shadow Ball|p2a: Toxapex
|-damage|p2a: Toxapex|79/100
|move|p2a: Toxapex|Infestation|p1a: Pecharunt
|-resisted|p1a: Pecharunt
|-damage|p1a: Pecharunt|87/100
|
|-damage|p1a: Pecharunt|74/100|[from] move: Infestation|[partiallytrapped]
|upkeep
|turn|5
|
|t:|1769316624
|move|p1a: Pecharunt|Nasty Plot|p1a: Pecharunt
|-boost|p1a: Pecharunt|spa|2
|move|p2a: Toxapex|Infestation|p1a: Pecharunt
|-resisted|p1a: Pecharunt
|-damage|p1a: Pecharunt|74/100
|
|-damage|p1a: Pecharunt|61/100|[from] move: Infestation|[partiallytrapped]
|upkeep
|turn|6
|
|t:|1769316635
|move|p1a: Pecharunt|Shadow Ball|p2a: Toxapex
|-damage|p2a: Toxapex|36/100
|move|p2a: Toxapex|Haze|p2a: Toxapex
|-clearallboost
|
|-damage|p1a: Pecharunt|49/100|[from] move: Infestation|[partiallytrapped]
|upkeep
|turn|7
|
|t:|1769316646
|move|p1a: Pecharunt|Recover|p1a: Pecharunt
|-heal|p1a: Pecharunt|99/100
|move|p2a: Toxapex|Recover|p2a: Toxapex
|-heal|p2a: Toxapex|86/100
|
|-damage|p1a: Pecharunt|87/100|[from] move: Infestation|[partiallytrapped]
|upkeep
|turn|8
|
|t:|1769316664
|switch|p1a: Gholdengo|Gholdengo|100/100
|move|p2a: Toxapex|Haze|p2a: Toxapex
|-clearallboost
|
|upkeep
|turn|9
|
|t:|1769316671
|switch|p2a: Blissey|Blissey, F|100/100
|move|p1a: Gholdengo|Trick|p2a: Blissey
|-activate|p1a: Gholdengo|move: Trick|[of] p2a: Blissey
|-item|p2a: Blissey|Choice Specs|[from] move: Trick
|-item|p1a: Gholdengo|Heavy-Duty Boots|[from] move: Trick
|
|upkeep
|turn|10
|
|t:|1769316683
|move|p1a: Gholdengo|Make It Rain|p2a: Blissey
|-damage|p2a: Blissey|81/100
|-unboost|p1a: Gholdengo|spa|1
|move|p2a: Blissey|Stealth Rock|p1a: Gholdengo
|-sidestart|p1: StoryMark|move: Stealth Rock
|
|upkeep
|turn|11
|
|t:|1769316693
|switch|p1a: Ogerpon|Ogerpon-Wellspring, F|100/100
|-damage|p1a: Ogerpon|88/100|[from] Stealth Rock
|switch|p2a: Clodsire|Clodsire, F|100/100
|
|upkeep
|turn|12
|
|t:|1769316705
|switch|p1a: Corviknight|Corviknight, M|100/100
|-damage|p1a: Corviknight|88/100|[from] Stealth Rock
|-ability|p1a: Corviknight|Pressure
|switch|p2a: Toxapex|Toxapex, M|100/100
|
|upkeep
|turn|13
|
|t:|1769316713
|move|p1a: Corviknight|Defog|p2a: Toxapex
|-unboost|p2a: Toxapex|evasion|1
|-sideend|p2: lovemod|Spikes|[from] move: Defog|[of] p1a: Corviknight
|-sideend|p1: StoryMark|Stealth Rock|[from] move: Defog|[of] p1a: Corviknight
|move|p2a: Toxapex|Infestation|p1a: Corviknight
|-resisted|p1a: Corviknight
|-damage|p1a: Corviknight|88/100
|-activate|p1a: Corviknight|move: Infestation|[of] p2a: Toxapex
|-damage|p2a: Toxapex|84/100|[from] item: Rocky Helmet|[of] p1a: Corviknight
|
|-damage|p1a: Corviknight|75/100|[from] move: Infestation|[partiallytrapped]
|upkeep
|turn|14
|
|t:|1769316724
|move|p1a: Corviknight|U-turn|p2a: Toxapex
|-resisted|p2a: Toxapex
|-damage|p2a: Toxapex|80/100
|
|t:|1769316733
|switch|p1a: Gholdengo|Gholdengo|100/100|[from] U-turn
|move|p2a: Toxapex|Toxic|p1a: Gholdengo
|-immune|p1a: Gholdengo|[from] ability: Good as Gold
|
|upkeep
|turn|15
|
|t:|1769316750
|switch|p1a: Ting-Lu|Ting-Lu|100/100
|-ability|p1a: Ting-Lu|Vessel of Ruin
|switch|p2a: Blissey|Blissey, F|81/100
|
|upkeep
|turn|16
|
|t:|1769316758
|switch|p2a: Talonflame|Talonflame, F|100/100
|move|p1a: Ting-Lu|Stealth Rock|p2a: Talonflame
|-sidestart|p2: lovemod|move: Stealth Rock
|
|upkeep
|turn|17
|
|t:|1769316767
|move|p2a: Talonflame|Will-O-Wisp|p1a: Ting-Lu
|-status|p1a: Ting-Lu|brn
|move|p1a: Ting-Lu|Ruination|p2a: Talonflame
|-damage|p2a: Talonflame|50/100
|
|-damage|p1a: Ting-Lu|94/100 brn|[from] brn
|upkeep
|turn|18
|
|t:|1769316792
|move|p2a: Talonflame|Roost|p2a: Talonflame
|-heal|p2a: Talonflame|100/100
|-singleturn|p2a: Talonflame|move: Roost
|move|p1a: Ting-Lu|Ruination|p2a: Talonflame
|-damage|p2a: Talonflame|50/100
|
|-heal|p1a: Ting-Lu|100/100 brn|[from] item: Leftovers
|-damage|p1a: Ting-Lu|94/100 brn|[from] brn
|upkeep
|turn|19
|
|t:|1769316805
|move|p2a: Talonflame|Defog|p1a: Ting-Lu
|-unboost|p1a: Ting-Lu|evasion|1
|-sideend|p2: lovemod|Stealth Rock|[from] move: Defog|[of] p2a: Talonflame
|move|p1a: Ting-Lu|Ruination|p2a: Talonflame
|-damage|p2a: Talonflame|25/100
|
|-heal|p1a: Ting-Lu|100/100 brn|[from] item: Leftovers
|-damage|p1a: Ting-Lu|94/100 brn|[from] brn
|upkeep
|turn|20
|inactive|Battle timer is ON: inactive players will automatically lose when time's up. (requested by StoryMark)
|
|t:|1769316821
|move|p2a: Talonflame|Roost|p2a: Talonflame
|-heal|p2a: Talonflame|75/100
|-singleturn|p2a: Talonflame|move: Roost
|move|p1a: Ting-Lu|Stealth Rock|p2a: Talonflame
|-sidestart|p2: lovemod|move: Stealth Rock
|
|-heal|p1a: Ting-Lu|100/100 brn|[from] item: Leftovers
|-damage|p1a: Ting-Lu|94/100 brn|[from] brn
|upkeep
|turn|21
|
|t:|1769316833
|switch|p2a: Blissey|Blissey, F|81/100
|-damage|p2a: Blissey|69/100|[from] Stealth Rock
|switch|p1a: Gholdengo|Gholdengo|100/100
|
|upkeep
|turn|22
|
|t:|1769316840
|switch|p1a: Ogerpon|Ogerpon-Wellspring, F|88/100
|move|p2a: Blissey|Shadow Ball|p1a: Ogerpon
|-damage|p1a: Ogerpon|67/100
|
|upkeep
|turn|23
|
|t:|1769316854
|switch|p2a: Toxapex|Toxapex, M|100/100
|move|p1a: Ogerpon|Spikes|p2a: Toxapex
|-sidestart|p2: lovemod|Spikes
|
|upkeep
|turn|24
|
|t:|1769316862
|switch|p1a: Pecharunt|Pecharunt|87/100
|move|p2a: Toxapex|Infestation|p1a: Pecharunt
|-resisted|p1a: Pecharunt
|-damage|p1a: Pecharunt|86/100
|-activate|p1a: Pecharunt|move: Infestation|[of] p2a: Toxapex
|
|-damage|p1a: Pecharunt|74/100|[from] move: Infestation|[partiallytrapped]
|upkeep
|turn|25
|
|t:|1769316873
|move|p1a: Pecharunt|Nasty Plot|p1a: Pecharunt
|-boost|p1a: Pecharunt|spa|2
|move|p2a: Toxapex|Haze|p2a: Toxapex
|-clearallboost
|
|-damage|p1a: Pecharunt|61/100|[from] move: Infestation|[partiallytrapped]
|upkeep
|turn|26
|
|t:|1769316881
|move|p1a: Pecharunt|Nasty Plot|p1a: Pecharunt
|-boost|p1a: Pecharunt|spa|2
|move|p2a: Toxapex|Haze|p2a: Toxapex
|-clearallboost
|
|-damage|p1a: Pecharunt|49/100|[from] move: Infestation|[partiallytrapped]
|upkeep
|turn|27
|
|t:|1769316890
|move|p1a: Pecharunt|Recover|p1a: Pecharunt
|-heal|p1a: Pecharunt|99/100
|move|p2a: Toxapex|Haze|p2a: Toxapex
|-clearallboost
|
|-damage|p1a: Pecharunt|87/100|[from] move: Infestation|[partiallytrapped]
|upkeep
|turn|28
|
|t:|1769316897
|move|p1a: Pecharunt|Nasty Plot|p1a: Pecharunt
|-boost|p1a: Pecharunt|spa|2
|move|p2a: Toxapex|Haze|p2a: Toxapex
|-clearallboost
|
|-end|p1a: Pecharunt|Infestation|[partiallytrapped]
|upkeep
|turn|29
|
|t:|1769316904
|move|p1a: Pecharunt|Nasty Plot|p1a: Pecharunt
|-boost|p1a: Pecharunt|spa|2
|move|p2a: Toxapex|Infestation|p1a: Pecharunt
|-resisted|p1a: Pecharunt
|-damage|p1a: Pecharunt|86/100
|-activate|p1a: Pecharunt|move: Infestation|[of] p2a: Toxapex
|
|-damage|p1a: Pecharunt|73/100|[from] move: Infestation|[partiallytrapped]
|upkeep
|turn|30
|
|t:|1769316920
|switch|p2a: Blissey|Blissey, F|69/100
|-damage|p2a: Blissey|56/100|[from] Stealth Rock
|-damage|p2a: Blissey|44/100|[from] Spikes
|move|p1a: Pecharunt|Shadow Ball|p2a: Blissey
|-immune|p2a: Blissey
|
|-end|p1a: Pecharunt|Infestation|[partiallytrapped]|[silent]
|upkeep
|turn|31
|
|t:|1769316932
|switch|p2a: Clodsire|Clodsire, F|100/100
|move|p1a: Pecharunt|Malignant Chain|p2a: Clodsire
|-resisted|p2a: Clodsire
|-damage|p2a: Clodsire|96/100
|
|upkeep
|turn|32
|
|t:|1769316945
|move|p1a: Pecharunt|Nasty Plot|p1a: Pecharunt
|-boost|p1a: Pecharunt|spa|2
|move|p2a: Clodsire|Earthquake|p1a: Pecharunt
|-supereffective|p1a: Pecharunt
|-damage|p1a: Pecharunt|38/100
|
|upkeep
|turn|33
|
|t:|1769316951
|move|p1a: Pecharunt|Recover|p1a: Pecharunt
|-heal|p1a: Pecharunt|89/100
|move|p2a: Clodsire|Earthquake|p1a: Pecharunt
|-supereffective|p1a: Pecharunt
|-damage|p1a: Pecharunt|54/100
|
|upkeep
|turn|34
|
|t:|1769316961
|move|p1a: Pecharunt|Shadow Ball|p2a: Clodsire
|-damage|p2a: Clodsire|84/100
|move|p2a: Clodsire|Earthquake|p1a: Pecharunt
|-supereffective|p1a: Pecharunt
|-damage|p1a: Pecharunt|22/100
|
|upkeep
|turn|35
|
|t:|1769316968
|move|p1a: Pecharunt|Recover|p1a: Pecharunt
|-heal|p1a: Pecharunt|72/100
|move|p2a: Clodsire|Earthquake|p1a: Pecharunt
|-supereffective|p1a: Pecharunt
|-damage|p1a: Pecharunt|38/100
|
|upkeep
|turn|36
|
|t:|1769316975
|move|p1a: Pecharunt|Recover|p1a: Pecharunt
|-heal|p1a: Pecharunt|88/100
|move|p2a: Clodsire|Haze|p2a: Clodsire
|-clearallboost
|
|upkeep
|turn|37
|
|t:|1769316981
|switch|p1a: Ogerpon|Ogerpon-Wellspring, F|67/100
|move|p2a: Clodsire|Earthquake|p1a: Ogerpon
|-resisted|p1a: Ogerpon
|-damage|p1a: Ogerpon|53/100
|
|upkeep
|turn|38
|
|t:|1769316995
|switch|p2a: Toxapex|Toxapex, M|100/100
|move|p1a: Ogerpon|Knock Off|p2a: Toxapex
|-damage|p2a: Toxapex|80/100
|-enditem|p2a: Toxapex|Heavy-Duty Boots|[from] move: Knock Off|[of] p1a: Ogerpon
|
|upkeep
|turn|39
|
|t:|1769317007
|switch|p1a: Corviknight|Corviknight, M|75/100
|-ability|p1a: Corviknight|Pressure
|move|p2a: Toxapex|Infestation|p1a: Corviknight
|-resisted|p1a: Corviknight
|-damage|p1a: Corviknight|75/100
|-activate|p1a: Corviknight|move: Infestation|[of] p2a: Toxapex
|-damage|p2a: Toxapex|64/100|[from] item: Rocky Helmet|[of] p1a: Corviknight
|
|-damage|p1a: Corviknight|62/100|[from] move: Infestation|[partiallytrapped]
|upkeep
|turn|40
|
|t:|1769317023
|move|p1a: Corviknight|U-turn|p2a: Toxapex
|-resisted|p2a: Toxapex
|-damage|p2a: Toxapex|59/100
|
|t:|1769317025
|switch|p1a: Gholdengo|Gholdengo|100/100|[from] U-turn
|move|p2a: Toxapex|Recover|p2a: Toxapex
|-heal|p2a: Toxapex|100/100
|
|upkeep
|turn|41
|
|t:|1769317037
|switch|p2a: Clodsire|Clodsire, F|84/100
|move|p1a: Gholdengo|Shadow Ball|p2a: Clodsire
|-damage|p2a: Clodsire|61/100
|
|upkeep
|turn|42
|
|t:|1769317044
|switch|p1a: Corviknight|Corviknight, M|62/100
|-ability|p1a: Corviknight|Pressure
|move|p2a: Clodsire|Earthquake|p1a: Corviknight
|-immune|p1a: Corviknight
|
|upkeep
|turn|43
|
|t:|1769317052
|move|p1a: Corviknight|U-turn|p2a: Clodsire
|-resisted|p2a: Clodsire
|-damage|p2a: Clodsire|53/100
|
|t:|1769317058
|switch|p1a: Ting-Lu|Ting-Lu|94/100 brn|[from] U-turn
|-ability|p1a: Ting-Lu|Vessel of Ruin
|move|p2a: Clodsire|Recover|p2a: Clodsire
|-heal|p2a: Clodsire|100/100
|
|-heal|p1a: Ting-Lu|100/100 brn|[from] item: Leftovers
|-damage|p1a: Ting-Lu|94/100 brn|[from] brn
|upkeep
|turn|44
|
|t:|1769317080
|switch|p2a: Talonflame|Talonflame, F|75/100
|move|p1a: Ting-Lu|Whirlwind|p2a: Talonflame
|drag|p2a: Alomomola|Alomomola, F|100/100
|
|-heal|p1a: Ting-Lu|100/100 brn|[from] item: Leftovers
|-damage|p1a: Ting-Lu|94/100 brn|[from] brn
|upkeep
|turn|45
|
|t:|1769317094
|switch|p1a: Ogerpon|Ogerpon-Wellspring, F|53/100
|move|p2a: Alomomola|Wish|p2a: Alomomola
|
|upkeep
|turn|46
|
|t:|1769317107
|switch|p2a: Toxapex|Toxapex, M|100/100
|-damage|p2a: Toxapex|88/100|[from] Stealth Rock
|-damage|p2a: Toxapex|75/100|[from] Spikes
|move|p1a: Ogerpon|Knock Off|p2a: Toxapex
|-damage|p2a: Toxapex|63/100
|
|-heal|p2a: Toxapex|100/100|[from] move: Wish|[wisher] Alomomola
|upkeep
|turn|47
|
|t:|1769317121
|switch|p1a: Corviknight|Corviknight, M|62/100
|-ability|p1a: Corviknight|Pressure
|switch|p2a: Talonflame|Talonflame, F|75/100
|
|upkeep
|turn|48
|
|t:|1769317132
|switch|p1a: Ting-Lu|Ting-Lu|94/100 brn
|-ability|p1a: Ting-Lu|Vessel of Ruin
|move|p2a: Talonflame|Defog|p1a: Ting-Lu
|-unboost|p1a: Ting-Lu|evasion|1
|-sideend|p2: lovemod|Spikes|[from] move: Defog|[of] p2a: Talonflame
|-sideend|p2: lovemod|Stealth Rock|[from] move: Defog|[of] p2a: Talonflame
|
|-heal|p1a: Ting-Lu|100/100 brn|[from] item: Leftovers
|-damage|p1a: Ting-Lu|94/100 brn|[from] brn
|upkeep
|turn|49
|
|t:|1769317149
|switch|p2a: Alomomola|Alomomola, F|100/100
|move|p1a: Ting-Lu|Stealth Rock|p2a: Alomomola
|-sidestart|p2: lovemod|move: Stealth Rock
|
|-heal|p1a: Ting-Lu|100/100 brn|[from] item: Leftovers
|-damage|p1a: Ting-Lu|94/100 brn|[from] brn
|upkeep
|turn|50
|
|t:|1769317157
|switch|p1a: Ogerpon|Ogerpon-Wellspring, F|53/100
|move|p2a: Alomomola|Whirlpool|p1a: Ogerpon
|-heal|p1a: Ogerpon|78/100|[from] ability: Water Absorb|[of] p2a: Alomomola
|
|upkeep
|turn|51
|
|t:|1769317163
|switch|p2a: Toxapex|Toxapex, M|100/100
|-damage|p2a: Toxapex|88/100|[from] Stealth Rock
|move|p1a: Ogerpon|Spikes|p2a: Toxapex
|-sidestart|p2: lovemod|Spikes
|
|upkeep
|turn|52
|
|t:|1769317170
|switch|p1a: Pecharunt|Pecharunt|88/100
|move|p2a: Toxapex|Toxic|p1a: Pecharunt
|-immune|p1a: Pecharunt
|
|upkeep
|turn|53
|
|t:|1769317182
|move|p1a: Pecharunt|Nasty Plot|p1a: Pecharunt
|-boost|p1a: Pecharunt|spa|2
|move|p2a: Toxapex|Infestation|p1a: Pecharunt
|-resisted|p1a: Pecharunt
|-damage|p1a: Pecharunt|88/100
|-activate|p1a: Pecharunt|move: Infestation|[of] p2a: Toxapex
|
|-damage|p1a: Pecharunt|75/100|[from] move: Infestation|[partiallytrapped]
|upkeep
|turn|54
|
|t:|1769317194
|move|p1a: Pecharunt|Shadow Ball|p2a: Toxapex
|-damage|p2a: Toxapex|49/100
|move|p2a: Toxapex|Haze|p2a: Toxapex
|-clearallboost
|
|-damage|p1a: Pecharunt|63/100|[from] move: Infestation|[partiallytrapped]
|upkeep
|turn|55
|
|t:|1769317206
|move|p1a: Pecharunt|Shadow Ball|p2a: Toxapex
|-damage|p2a: Toxapex|26/100
|move|p2a: Toxapex|Haze|p2a: Toxapex
|-clearallboost
|
|-damage|p1a: Pecharunt|50/100|[from] move: Infestation|[partiallytrapped]
|upkeep
|turn|56
|
|t:|1769317214
|switch|p1a: Great Tusk|Great Tusk|100/100
|move|p2a: Toxapex|Recover|p2a: Toxapex
|-heal|p2a: Toxapex|76/100
|
|upkeep
|turn|57
|
|t:|1769317233
|-end|p1a: Great Tusk|Protosynthesis|[silent]
|switch|p1a: Ting-Lu|Ting-Lu|94/100 brn
|-ability|p1a: Ting-Lu|Vessel of Ruin
|switch|p2a: Talonflame|Talonflame, F|75/100
|
|-heal|p1a: Ting-Lu|100/100 brn|[from] item: Leftovers
|-damage|p1a: Ting-Lu|94/100 brn|[from] brn
|upkeep
|turn|58
|
|t:|1769317245
|move|p2a: Talonflame|Defog|p1a: Ting-Lu
|-unboost|p1a: Ting-Lu|evasion|1
|-sideend|p2: lovemod|Spikes|[from] move: Defog|[of] p2a: Talonflame
|-sideend|p2: lovemod|Stealth Rock|[from] move: Defog|[of] p2a: Talonflame
|move|p1a: Ting-Lu|Ruination|p2a: Talonflame
|-damage|p2a: Talonflame|38/100
|
|-heal|p1a: Ting-Lu|100/100 brn|[from] item: Leftovers
|-damage|p1a: Ting-Lu|94/100 brn|[from] brn
|upkeep
|turn|59
|
|t:|1769317263
|move|p2a: Talonflame|Roost|p2a: Talonflame
|-heal|p2a: Talonflame|88/100
|-singleturn|p2a: Talonflame|move: Roost
|move|p1a: Ting-Lu|Stealth Rock|p2a: Talonflame
|-sidestart|p2: lovemod|move: Stealth Rock
|
|-heal|p1a: Ting-Lu|100/100 brn|[from] item: Leftovers
|-damage|p1a: Ting-Lu|94/100 brn|[from] brn
|upkeep
|turn|60
|
|t:|1769317289
|switch|p2a: Toxapex|Toxapex, M|100/100
|-damage|p2a: Toxapex|88/100|[from] Stealth Rock
|switch|p1a: Gholdengo|Gholdengo|100/100
|
|upkeep
|turn|61
|inactive|lovemod has 120 seconds left.
|inactive|StoryMark has 120 seconds left.
|
|t:|1769317315
|switch|p2a: Blissey|Blissey, F|44/100
|-damage|p2a: Blissey|31/100|[from] Stealth Rock
|move|p1a: Gholdengo|Shadow Ball|p2a: Blissey
|-immune|p2a: Blissey
|
|upkeep
|turn|62
|inactive|StoryMark has 120 seconds left.
|
|t:|1769317322
|move|p1a: Gholdengo|Make It Rain|p2a: Blissey
|-damage|p2a: Blissey|13/100
|-unboost|p1a: Gholdengo|spa|1
|move|p2a: Blissey|Soft-Boiled|p2a: Blissey
|-heal|p2a: Blissey|63/100
|
|upkeep
|turn|63
|inactive|StoryMark has 120 seconds left.
|
|t:|1769317334
|switch|p1a: Ogerpon|Ogerpon-Wellspring, F|78/100
|move|p2a: Blissey|Soft-Boiled|p2a: Blissey
|-heal|p2a: Blissey|100/100
|
|upkeep
|turn|64
|
|t:|1769317344
|switch|p2a: Toxapex|Toxapex, M|100/100
|-damage|p2a: Toxapex|88/100|[from] Stealth Rock
|move|p1a: Ogerpon|Spikes|p2a: Toxapex
|-sidestart|p2: lovemod|Spikes
|
|upkeep
|turn|65
|
|t:|1769317353
|switch|p1a: Gholdengo|Gholdengo|100/100
|move|p2a: Toxapex|Infestation|p1a: Gholdengo
|-resisted|p1a: Gholdengo
|-damage|p1a: Gholdengo|99/100
|-activate|p1a: Gholdengo|move: Infestation|[of] p2a: Toxapex
|
|-damage|p1a: Gholdengo|87/100|[from] move: Infestation|[partiallytrapped]
|upkeep
|turn|66
|
|t:|1769317372
|switch|p1a: Corviknight|Corviknight, M|62/100
|-ability|p1a: Corviknight|Pressure
|move|p2a: Toxapex|Infestation|p1a: Corviknight
|-resisted|p1a: Corviknight
|-crit|p1a: Corviknight
|-damage|p1a: Corviknight|61/100
|-activate|p1a: Corviknight|move: Infestation|[of] p2a: Toxapex
|-damage|p2a: Toxapex|72/100|[from] item: Rocky Helmet|[of] p1a: Corviknight
|
|-damage|p1a: Corviknight|49/100|[from] move: Infestation|[partiallytrapped]
|upkeep
|turn|67
|
|t:|1769317388
|move|p1a: Corviknight|Roost|p1a: Corviknight
|-heal|p1a: Corviknight|99/100
|-singleturn|p1a: Corviknight|move: Roost
|move|p2a: Toxapex|Infestation|p1a: Corviknight
|-resisted|p1a: Corviknight
|-damage|p1a: Corviknight|98/100
|-damage|p2a: Toxapex|55/100|[from] item: Rocky Helmet|[of] p1a: Corviknight
|
|-damage|p1a: Corviknight|85/100|[from] move: Infestation|[partiallytrapped]
|upkeep
|turn|68
|
|t:|1769317398
|move|p1a: Corviknight|Brave Bird|p2a: Toxapex
|-damage|p2a: Toxapex|32/100
|-damage|p1a: Corviknight|80/100|[from] Recoil
|move|p2a: Toxapex|Toxic|p1a: Corviknight
|-immune|p1a: Corviknight
|
|-damage|p1a: Corviknight|67/100|[from] move: Infestation|[partiallytrapped]
|upkeep
|turn|69
|
|t:|1769317407
|move|p1a: Corviknight|Brave Bird|p2a: Toxapex
|-damage|p2a: Toxapex|8/100
|-damage|p1a: Corviknight|61/100|[from] Recoil
|move|p2a: Toxapex|Recover|p2a: Toxapex
|-heal|p2a: Toxapex|58/100
|
|-damage|p1a: Corviknight|49/100|[from] move: Infestation|[partiallytrapped]
|upkeep
|turn|70
|
|t:|1769317419
|switch|p2a: Talonflame|Talonflame, F|88/100
|move|p1a: Corviknight|Defog|p2a: Talonflame
|-unboost|p2a: Talonflame|evasion|1
|-sideend|p2: lovemod|Spikes|[from] move: Defog|[of] p1a: Corviknight
|-sideend|p2: lovemod|Stealth Rock|[from] move: Defog|[of] p1a: Corviknight
|
|-end|p1a: Corviknight|Infestation|[partiallytrapped]|[silent]
|upkeep
|turn|71
|
|t:|1769317434
|switch|p2a: Blissey|Blissey, F|100/100
|move|p1a: Corviknight|Roost|p1a: Corviknight
|-heal|p1a: Corviknight|99/100
|-singleturn|p1a: Corviknight|move: Roost
|
|upkeep
|turn|72
|
|t:|1769317442
|move|p1a: Corviknight|Brave Bird|p2a: Blissey
|-damage|p2a: Blissey|30/100
|-damage|p1a: Corviknight|58/100|[from] Recoil
|move|p2a: Blissey|Seismic Toss|p1a: Corviknight
|-damage|p1a: Corviknight|33/100
|-damage|p2a: Blissey|14/100|[from] item: Rocky Helmet|[of] p1a: Corviknight
|
|upkeep
|turn|73
|
|t:|1769317452
|switch|p2a: Talonflame|Talonflame, F|88/100
|move|p1a: Corviknight|U-turn|p2a: Talonflame
|-resisted|p2a: Talonflame
|-damage|p2a: Talonflame|85/100
|
|t:|1769317460
|switch|p1a: Great Tusk|Great Tusk|100/100|[from] U-turn
|
|upkeep
|turn|74
|
|t:|1769317471
|-end|p1a: Great Tusk|Protosynthesis|[silent]
|switch|p1a: Ting-Lu|Ting-Lu|94/100 brn
|-ability|p1a: Ting-Lu|Vessel of Ruin
|move|p2a: Talonflame|Will-O-Wisp|p1a: Ting-Lu
|-fail|p1a: Ting-Lu|brn
|
|-heal|p1a: Ting-Lu|100/100 brn|[from] item: Leftovers
|-damage|p1a: Ting-Lu|94/100 brn|[from] brn
|upkeep
|turn|75
|
|t:|1769317483
|switch|p2a: Blissey|Blissey, F|14/100
|move|p1a: Ting-Lu|Stealth Rock|p2a: Blissey
|-sidestart|p2: lovemod|move: Stealth Rock
|
|-heal|p1a: Ting-Lu|100/100 brn|[from] item: Leftovers
|-damage|p1a: Ting-Lu|94/100 brn|[from] brn
|upkeep
|turn|76
|
|t:|1769317490
|move|p2a: Blissey|Soft-Boiled|p2a: Blissey
|-heal|p2a: Blissey|64/100
|move|p1a: Ting-Lu|Earthquake|p2a: Blissey
|-damage|p2a: Blissey|28/100
|
|-heal|p1a: Ting-Lu|100/100 brn|[from] item: Leftovers
|-damage|p1a: Ting-Lu|94/100 brn|[from] brn
|upkeep
|turn|77
|
|t:|1769317498
|move|p2a: Blissey|Soft-Boiled|p2a: Blissey
|-heal|p2a: Blissey|78/100
|move|p1a: Ting-Lu|Earthquake|p2a: Blissey
|-damage|p2a: Blissey|38/100
|
|-heal|p1a: Ting-Lu|100/100 brn|[from] item: Leftovers
|-damage|p1a: Ting-Lu|94/100 brn|[from] brn
|upkeep
|turn|78
|
|t:|1769317509
|switch|p2a: Alomomola|Alomomola, F|100/100
|move|p1a: Ting-Lu|Earthquake|p2a: Alomomola
|-damage|p2a: Alomomola|90/100
|
|-heal|p1a: Ting-Lu|100/100 brn|[from] item: Leftovers
|-damage|p1a: Ting-Lu|94/100 brn|[from] brn
|upkeep
|turn|79
|
|t:|1769317519
|switch|p1a: Ogerpon|Ogerpon-Wellspring, F|78/100
|move|p2a: Alomomola|Wish|p2a: Alomomola
|
|upkeep
|turn|80
|
|t:|1769317533
|switch|p1a: Great Tusk|Great Tusk|100/100
|switch|p2a: Toxapex|Toxapex, M|91/100
|-damage|p2a: Toxapex|79/100|[from] Stealth Rock
|
|-heal|p2a: Toxapex|100/100|[from] move: Wish|[wisher] Alomomola
|upkeep
|turn|81
|
|t:|1769317542
|-end|p1a: Great Tusk|Protosynthesis|[silent]
|switch|p1a: Ting-Lu|Ting-Lu|94/100 brn
|-ability|p1a: Ting-Lu|Vessel of Ruin
|switch|p2a: Talonflame|Talonflame, F|85/100
|
|-heal|p1a: Ting-Lu|100/100 brn|[from] item: Leftovers
|-damage|p1a: Ting-Lu|94/100 brn|[from] brn
|upkeep
|turn|82
|
|t:|1769317554
|switch|p2a: Alomomola|Alomomola, F|100/100
|move|p1a: Ting-Lu|Ruination|p2a: Alomomola
|-damage|p2a: Alomomola|50/100
|
|-heal|p1a: Ting-Lu|100/100 brn|[from] item: Leftovers
|-damage|p1a: Ting-Lu|94/100 brn|[from] brn
|upkeep
|turn|83
|
|t:|1769317561
|switch|p1a: Ogerpon|Ogerpon-Wellspring, F|78/100
|move|p2a: Alomomola|Wish|p2a: Alomomola
|
|upkeep
|turn|84
|
|t:|1769317578
|switch|p2a: Blissey|Blissey, F|38/100
|-damage|p2a: Blissey|26/100|[from] Stealth Rock
|move|p1a: Ogerpon|Spikes|p2a: Blissey
|-sidestart|p2: lovemod|Spikes
|
|-heal|p2a: Blissey|63/100|[from] move: Wish|[wisher] Alomomola
|upkeep
|turn|85
|
|t:|1769317589
|switch|p2a: Toxapex|Toxapex, M|100/100
|-damage|p2a: Toxapex|88/100|[from] Stealth Rock
|-damage|p2a: Toxapex|75/100|[from] Spikes
|move|p1a: Ogerpon|Ivy Cudgel|p2a: Toxapex|[anim] Ivy Cudgel Water
|-resisted|p2a: Toxapex
|-damage|p2a: Toxapex|62/100
|
|upkeep
|turn|86
|
|t:|1769317602
|switch|p1a: Gholdengo|Gholdengo|87/100
|switch|p2a: Talonflame|Talonflame, F|85/100
|
|upkeep
|turn|87
|
|t:|1769317617
|-terastallize|p1a: Gholdengo|Ghost
|move|p2a: Talonflame|Defog|p1a: Gholdengo
|-immune|p1a: Gholdengo|[from] ability: Good as Gold
|move|p1a: Gholdengo|Shadow Ball|p2a: Talonflame
|-damage|p2a: Talonflame|9/100
|-unboost|p2a: Talonflame|spd|1
|
|upkeep
|turn|88
|-message|lovemod forfeited.
|
|win|StoryMark
|raw|StoryMark's rating: 1339 &rarr; <strong>1358</strong><br />(+19 for winning)
|raw|lovemod's rating: 1326 &rarr; <strong>1307</strong><br />(-19 for losing)
|l|☆lovemod
|player|p2|
|l|☆StoryMark
|player|p1|
