|j|☆slyddvicious
|j|☆TrainerSquishy
|t:|1769357682
|gametype|singles
|player|p1|slyddvicious|blackbelt-gen4dp|1199
|player|p2|TrainerSquishy|102|1148
|gen|9
|tier|[Gen 9] OU
|rated|
|rule|HP Percentage Mod: HP is shown in percentages
|rule|Endless Battle Clause: Forcing endless battles is banned
|rule|Species Clause: Limit one of each Pokémon
|rule|OHKO Clause: OHKO moves are banned
|rule|Evasion Items Clause: Evasion items are banned
|rule|Evasion Moves Clause: Evasion moves are banned
|rule|Evasion Abilities Clause: Evasion abilities are banned
|rule|Sleep Moves Clause: Sleep-inducing moves are banned
|clearpoke
|poke|p1|Dragapult, M|
|poke|p1|Corviknight, M|
|poke|p1|Heatran, F|
|poke|p1|Lokix, M|
|poke|p1|Alomomola, F|
|poke|p1|Raging Bolt|
|poke|p2|Yanmega, M|
|poke|p2|Golurk|
|poke|p2|Armarouge, F|
|poke|p2|Samurott-Hisui, M|
|poke|p2|Raikou|
|poke|p2|Hitmonlee, M|
|teampreview
|inactive|Battle timer is ON: inactive players will automatically lose when time's up. (requested by slyddvicious)
|
|t:|1769357690
|teamsize|p1|6
|teamsize|p2|6
|start
|switch|p1a: Dragapult|Dragapult, M|100/100
|switch|p2a: Samurott|Samurott-Hisui, M|100/100
|turn|1
|c|☆slyddvicious|gl hf
|
|t:|1769357697
|move|p1a: Dragapult|U-turn|p2a: Samurott
|-supereffective|p2a: Samurott
|-damage|p2a: Samurott|61/100
|
|t:|1769357701
|switch|p1a: Corviknight|Corviknight, M|100/100|[from] U-turn
|-ability|p1a: Corviknight|Pressure
|move|p2a: Samurott|Ceaseless Edge|p1a: Corviknight
|-damage|p1a: Corviknight|77/100
|-sidestart|p1: slyddvicious|Spikes
|
|-heal|p1a: Corviknight|83/100|[from] item: Leftovers
|upkeep
|turn|2
|
|t:|1769357722
|switch|p2a: Armarouge|Armarouge, F|100/100
|move|p1a: Corviknight|Body Press|p2a: Armarouge
|-resisted|p2a: Armarouge
|-damage|p2a: Armarouge|89/100
|-ability|p2a: Armarouge|Weak Armor|boost
|-unboost|p2a: Armarouge|def|1
|-boost|p2a: Armarouge|spe|2
|
|-heal|p1a: Corviknight|89/100|[from] item: Leftovers
|upkeep
|turn|3
|
|t:|1769357737
|switch|p1a: Heatran|Heatran, F|100/100
|-item|p1a: Heatran|Air Balloon
|move|p2a: Armarouge|Energy Ball|p1a: Heatran
|-resisted|p1a: Heatran
|-damage|p1a: Heatran|96/100
|-enditem|p1a: Heatran|Air Balloon
|
|upkeep
|turn|4
|
|t:|1769357751
|switch|p2a: Golurk|Golurk|100/100
|move|p1a: Heatran|Earth Power|p2a: Golurk
|-damage|p2a: Golurk|81/100
|
|upkeep
|turn|5
|
|t:|1769357767
|switch|p1a: Alomomola|Alomomola, F|100/100
|-damage|p1a: Alomomola|88/100|[from] Spikes
|move|p2a: Golurk|Earthquake|p1a: Alomomola
|-damage|p1a: Alomomola|54/100
|
|upkeep
|turn|6
|
|t:|1769357777
|move|p1a: Alomomola|Protect|p1a: Alomomola
|-singleturn|p1a: Alomomola|Protect
|move|p2a: Golurk|Poltergeist|p1a: Alomomola
|-activate|p1a: Alomomola|move: Protect
|
|upkeep
|turn|7
|
|t:|1769357790
|move|p1a: Alomomola|Flip Turn|p2a: Golurk
|-supereffective|p2a: Golurk
|-damage|p2a: Golurk|46/100
|inactive|slyddvicious has 120 seconds left.
|
|t:|1769357801
|switch|p1a: Lokix|Lokix, M|100/100|[from] Flip Turn
|-damage|p1a: Lokix|88/100|[from] Spikes
|move|p2a: Golurk|Poltergeist|p1a: Lokix
|-activate|p1a: Lokix|move: Poltergeist|Choice Band
|-resisted|p1a: Lokix
|-damage|p1a: Lokix|41/100
|
|upkeep
|turn|8
|inactive|slyddvicious has 120 seconds left.
|
|t:|1769357816
|switch|p2a: Yanmega|Yanmega, M|100/100
|move|p1a: Lokix|Knock Off|p2a: Yanmega
|-damage|p2a: Yanmega|7/100
|-enditem|p2a: Yanmega|Heavy-Duty Boots|[from] move: Knock Off|[of] p1a: Lokix
|
|upkeep
|turn|9
|inactive|slyddvicious has 120 seconds left.
|
|t:|1769357828
|switch|p1a: Heatran|Heatran, F|96/100
|-damage|p1a: Heatran|83/100|[from] Spikes
|move|p2a: Yanmega|Air Slash|p1a: Heatran
|-resisted|p1a: Heatran
|-damage|p1a: Heatran|71/100
|
|-ability|p2a: Yanmega|Speed Boost|boost
|-boost|p2a: Yanmega|spe|1
|upkeep
|turn|10
|inactive|slyddvicious has 120 seconds left.
|
|t:|1769357840
|move|p2a: Yanmega|U-turn|p1a: Heatran
|-resisted|p1a: Heatran
|-damage|p1a: Heatran|67/100
|
|t:|1769357843
|switch|p2a: Golurk|Golurk|46/100|[from] U-turn
|move|p1a: Heatran|Stealth Rock|p2a: Golurk
|-sidestart|p2: TrainerSquishy|move: Stealth Rock
|
|upkeep
|turn|11
|
|t:|1769357856
|-terastallize|p1a: Heatran|Grass
|move|p1a: Heatran|Lava Plume|p2a: Golurk
|-damage|p2a: Golurk|22/100
|move|p2a: Golurk|Earthquake|p1a: Heatran
|-resisted|p1a: Heatran
|-damage|p1a: Heatran|42/100
|
|upkeep
|turn|12
|
|t:|1769357872
|move|p1a: Heatran|Lava Plume|p2a: Golurk
|-damage|p2a: Golurk|0 fnt
|faint|p2a: Golurk
|
|upkeep
|
|t:|1769357879
|switch|p2a: Armarouge|Armarouge, F|89/100
|-damage|p2a: Armarouge|64/100|[from] Stealth Rock
|turn|13
|-message|TrainerSquishy forfeited.
|
|win|slyddvicious
|raw|slyddvicious's rating: 1199 &rarr; <strong>1220</strong><br />(+21 for winning)
|raw|TrainerSquishy's rating: 1148 &rarr; <strong>1127</strong><br />(-21 for losing)
|l|☆TrainerSquishy
|player|p2|
|l|☆slyddvicious
|player|p1|
