|j|☆Sentanel
|j|☆kuzwa
|t:|1769400173
|gametype|singles
|player|p1|Sentanel|169|1348
|player|p2|kuzwa|clerk|1360
|gen|9
|tier|[Gen 9] OU
|rated|
|rule|HP Percentage Mod: HP is shown in percentages
|rule|Endless Battle Clause: Forcing endless battles is banned
|rule|Species Clause: Limit one of each Pokémon
|rule|OHKO Clause: OHKO moves are banned
|rule|Evasion Items Clause: Evasion items are banned
|rule|Evasion Moves Clause: Evasion moves are banned
|rule|Evasion Abilities Clause: Evasion abilities are banned
|rule|Sleep Moves Clause: Sleep-inducing moves are banned
|clearpoke
|poke|p1|Iron Hands|
|poke|p1|Tornadus-Therian, M|
|poke|p1|Ting-Lu|
|poke|p1|Hatterene, F|
|poke|p1|Iron Moth|
|poke|p1|Ogerpon-Wellspring, F|
|poke|p2|Dragapult, M|
|poke|p2|Slowking-Galar, M|
|poke|p2|Grafaiai, M|
|poke|p2|Alomomola, M|
|poke|p2|Weezing-Galar, M|
|poke|p2|Blissey, F|
|teampreview
|inactive|Battle timer is ON: inactive players will automatically lose when time's up. (requested by kuzwa)
|inactive|Sentanel has 120 seconds left.
|
|t:|1769400208
|teamsize|p1|6
|teamsize|p2|6
|start
|switch|p1a: Iron Hands|Iron Hands|100/100
|switch|p2a: Moltisanti|Weezing-Galar, M|100/100
|-ability|p2a: Moltisanti|Neutralizing Gas
|turn|1
|
|t:|1769400218
|-end|p1a: Iron Hands|Quark Drive|[silent]
|switch|p1a: Hatterene|Hatterene, F|100/100
|move|p2a: Moltisanti|Toxic|p1a: Hatterene
|-status|p1a: Hatterene|tox
|
|-damage|p1a: Hatterene|95/100 tox|[from] psn
|upkeep
|turn|2
|
|t:|1769400238
|-end|p2a: Moltisanti|ability: Neutralizing Gas
|switch|p2a: White Ball|Blissey, F|100/100
|move|p1a: Hatterene|Psychic Noise|p2a: White Ball
|-damage|p2a: White Ball|88/100
|-start|p2a: White Ball|move: Heal Block
|
|-damage|p1a: Hatterene|83/100 tox|[from] psn
|upkeep
|turn|3
|
|t:|1769400242
|move|p2a: White Ball|Seismic Toss|p1a: Hatterene
|-damage|p1a: Hatterene|51/100 tox
|move|p1a: Hatterene|Nuzzle|p2a: White Ball
|-damage|p2a: White Ball|84/100
|-status|p2a: White Ball|par
|
|-damage|p1a: Hatterene|33/100 tox|[from] psn
|-end|p2a: White Ball|move: Heal Block
|upkeep
|turn|4
|
|t:|1769400249
|move|p1a: Hatterene|Healing Wish|p1a: Hatterene
|faint|p1a: Hatterene
|move|p2a: White Ball|Seismic Toss|p1: Hatterene|[notarget]
|-fail|p2a: White Ball
|
|-heal|p2a: White Ball|91/100 par|[from] item: Leftovers
|upkeep
|
|t:|1769400251
|switch|p1a: Iron Hands|Iron Hands|100/100
|turn|5
|
|t:|1769400257
|-curestatus|p2a: White Ball|par|[from] ability: Natural Cure
|switch|p2a: Joga|Grafaiai, M|100/100
|move|p1a: Iron Hands|Swords Dance|p1a: Iron Hands
|-boost|p1a: Iron Hands|atk|2
|
|upkeep
|turn|6
|
|t:|1769400262
|move|p2a: Joga|Encore|p1a: Iron Hands
|-start|p1a: Iron Hands|Encore
|move|p1a: Iron Hands|Swords Dance|p1a: Iron Hands
|-boost|p1a: Iron Hands|atk|2
|
|upkeep
|turn|7
|
|t:|1769400268
|-end|p1a: Iron Hands|Quark Drive|[silent]
|switch|p1a: Ting-Lu|Ting-Lu|100/100
|-ability|p1a: Ting-Lu|Vessel of Ruin
|move|p2a: Joga|Knock Off|p1a: Ting-Lu
|-resisted|p1a: Ting-Lu
|-crit|p1a: Ting-Lu
|-damage|p1a: Ting-Lu|93/100
|-damage|p2a: Joga|84/100|[from] item: Rocky Helmet|[of] p1a: Ting-Lu
|-enditem|p1a: Ting-Lu|Rocky Helmet|[from] move: Knock Off|[of] p2a: Joga
|
|upkeep
|turn|8
|
|t:|1769400280
|switch|p2a: White Ball|Blissey, F|91/100
|move|p1a: Ting-Lu|Stealth Rock|p2a: White Ball
|-sidestart|p2: kuzwa|move: Stealth Rock
|
|-heal|p2a: White Ball|97/100|[from] item: Leftovers
|upkeep
|turn|9
|
|t:|1769400286
|move|p2a: White Ball|Stealth Rock|p1a: Ting-Lu
|-sidestart|p1: Sentanel|move: Stealth Rock
|move|p1a: Ting-Lu|Ruination|p2a: White Ball
|-damage|p2a: White Ball|49/100
|
|-heal|p2a: White Ball|55/100|[from] item: Leftovers
|upkeep
|turn|10
|
|t:|1769400289
|move|p2a: White Ball|Seismic Toss|p1a: Ting-Lu
|-damage|p1a: Ting-Lu|74/100
|move|p1a: Ting-Lu|Spikes|p2a: White Ball
|-sidestart|p2: kuzwa|Spikes
|
|-heal|p2a: White Ball|61/100|[from] item: Leftovers
|upkeep
|turn|11
|
|t:|1769400295
|move|p2a: White Ball|Soft-Boiled|p2a: White Ball
|-heal|p2a: White Ball|100/100
|move|p1a: Ting-Lu|Spikes|p2a: White Ball
|-sidestart|p2: kuzwa|Spikes
|
|upkeep
|turn|12
|
|t:|1769400299
|switch|p2a: Moltisanti|Weezing-Galar, M|100/100
|-ability|p2a: Moltisanti|Neutralizing Gas
|move|p1a: Ting-Lu|Spikes|p2a: Moltisanti
|-sidestart|p2: kuzwa|Spikes
|
|upkeep
|turn|13
|
|t:|1769400303
|move|p1a: Ting-Lu|Earthquake|p2a: Moltisanti
|-supereffective|p2a: Moltisanti
|-damage|p2a: Moltisanti|56/100
|move|p2a: Moltisanti|Toxic|p1a: Ting-Lu
|-status|p1a: Ting-Lu|tox
|
|-damage|p1a: Ting-Lu|68/100 tox|[from] psn
|upkeep
|turn|14
|
|t:|1769400308
|move|p1a: Ting-Lu|Earthquake|p2a: Moltisanti
|-supereffective|p2a: Moltisanti
|-damage|p2a: Moltisanti|11/100
|move|p2a: Moltisanti|Defog|p1a: Ting-Lu
|-unboost|p1a: Ting-Lu|evasion|1
|-sideend|p1: Sentanel|Stealth Rock|[from] move: Defog|[of] p2a: Moltisanti
|-sideend|p2: kuzwa|Spikes|[from] move: Defog|[of] p2a: Moltisanti
|-sideend|p2: kuzwa|Stealth Rock|[from] move: Defog|[of] p2a: Moltisanti
|
|-damage|p1a: Ting-Lu|55/100 tox|[from] psn
|upkeep
|turn|15
|
|t:|1769400313
|-end|p2a: Moltisanti|ability: Neutralizing Gas
|-ability|p1a: Ting-Lu|Vessel of Ruin
|switch|p2a: Unworthy of Name|Alomomola, M|100/100
|move|p1a: Ting-Lu|Stealth Rock|p2a: Unworthy of Name
|-sidestart|p2: kuzwa|move: Stealth Rock
|
|-damage|p1a: Ting-Lu|37/100 tox|[from] psn
|upkeep
|turn|16
|
|t:|1769400316
|move|p1a: Ting-Lu|Ruination|p2a: Unworthy of Name
|-damage|p2a: Unworthy of Name|50/100
|move|p2a: Unworthy of Name|Wish|p2a: Unworthy of Name
|
|-damage|p1a: Ting-Lu|12/100 tox|[from] psn
|upkeep
|turn|17
|
|t:|1769400322
|move|p1a: Ting-Lu|Spikes|p2a: Unworthy of Name
|-sidestart|p2: kuzwa|Spikes
|move|p2a: Unworthy of Name|Flip Turn|p1a: Ting-Lu
|-supereffective|p1a: Ting-Lu
|-damage|p1a: Ting-Lu|0 fnt
|faint|p1a: Ting-Lu
|
|t:|1769400324
|switch|p2a: Moltisanti|Weezing-Galar, M|11/100|[from] Flip Turn
|-ability|p2a: Moltisanti|Neutralizing Gas
|
|-heal|p2a: Moltisanti|91/100|[from] move: Wish|[wisher] Unworthy of Name
|upkeep
|
|t:|1769400338
|switch|p1a: Tornadus|Tornadus-Therian, M|100/100
|turn|18
|
|t:|1769400340
|move|p1a: Tornadus|Nasty Plot|p1a: Tornadus
|-boost|p1a: Tornadus|spa|2
|move|p2a: Moltisanti|Defog|p1a: Tornadus
|-unboost|p1a: Tornadus|evasion|1
|-sideend|p2: kuzwa|Spikes|[from] move: Defog|[of] p2a: Moltisanti
|-sideend|p2: kuzwa|Stealth Rock|[from] move: Defog|[of] p2a: Moltisanti
|
|upkeep
|turn|19
|
|t:|1769400347
|-end|p2a: Moltisanti|ability: Neutralizing Gas
|switch|p2a: White Ball|Blissey, F|100/100
|move|p1a: Tornadus|Bleakwind Storm|p2a: White Ball
|-damage|p2a: White Ball|56/100
|-damage|p1a: Tornadus|91/100|[from] item: Life Orb
|
|-heal|p2a: White Ball|62/100|[from] item: Leftovers
|upkeep
|turn|20
|
|t:|1769400355
|move|p1a: Tornadus|Nasty Plot|p1a: Tornadus
|-boost|p1a: Tornadus|spa|2
|move|p2a: White Ball|Stealth Rock|p1a: Tornadus
|-sidestart|p1: Sentanel|move: Stealth Rock
|
|-heal|p2a: White Ball|68/100|[from] item: Leftovers
|upkeep
|turn|21
|
|t:|1769400377
|-terastallize|p2a: White Ball|Electric
|move|p1a: Tornadus|Bleakwind Storm|p2a: White Ball
|-resisted|p2a: White Ball
|-damage|p2a: White Ball|38/100
|-damage|p1a: Tornadus|81/100|[from] item: Life Orb
|move|p2a: White Ball|Soft-Boiled|p2a: White Ball
|-heal|p2a: White Ball|88/100
|
|-heal|p2a: White Ball|94/100|[from] item: Leftovers
|upkeep
|turn|22
|
|t:|1769400386
|move|p1a: Tornadus|Focus Blast|p2a: White Ball
|-damage|p2a: White Ball|45/100
|-damage|p1a: Tornadus|71/100|[from] item: Life Orb
|move|p2a: White Ball|Seismic Toss|p1a: Tornadus
|-damage|p1a: Tornadus|38/100
|
|-heal|p2a: White Ball|52/100|[from] item: Leftovers
|upkeep
|turn|23
|
|t:|1769400404
|move|p1a: Tornadus|Focus Blast|p2a: White Ball
|-damage|p2a: White Ball|1/100
|-damage|p1a: Tornadus|28/100|[from] item: Life Orb
|move|p2a: White Ball|Soft-Boiled|p2a: White Ball
|-heal|p2a: White Ball|51/100
|
|-heal|p2a: White Ball|57/100|[from] item: Leftovers
|upkeep
|turn|24
|
|t:|1769400424
|switch|p2a: Joga|Grafaiai, M|84/100
|move|p1a: Tornadus|Focus Blast|p2a: Joga
|-crit|p2a: Joga
|-damage|p2a: Joga|0 fnt
|faint|p2a: Joga
|-damage|p1a: Tornadus|19/100|[from] item: Life Orb
|
|upkeep
|
|t:|1769400429
|switch|p2a: Love and ABCs|Dragapult, M|100/100
|turn|25
|
|t:|1769400437
|move|p2a: Love and ABCs|Dragon Darts|p1a: Tornadus
|-damage|p1a: Tornadus|0 fnt
|faint|p1a: Tornadus
|
|upkeep
|
|t:|1769400449
|switch|p1a: Iron Hands|Iron Hands|100/100
|-damage|p1a: Iron Hands|94/100|[from] Stealth Rock
|turn|26
|
|t:|1769400453
|move|p2a: Love and ABCs|Will-O-Wisp|p1a: Iron Hands
|-status|p1a: Iron Hands|brn
|move|p1a: Iron Hands|Swords Dance|p1a: Iron Hands
|-boost|p1a: Iron Hands|atk|2
|
|-damage|p1a: Iron Hands|88/100 brn|[from] brn
|upkeep
|turn|27
|
|t:|1769400459
|switch|p2a: Moltisanti|Weezing-Galar, M|91/100
|-ability|p2a: Moltisanti|Neutralizing Gas
|move|p1a: Iron Hands|Ice Punch|p2a: Moltisanti
|-damage|p2a: Moltisanti|72/100
|
|-damage|p1a: Iron Hands|82/100 brn|[from] brn
|upkeep
|turn|28
|
|t:|1769400462
|move|p1a: Iron Hands|Swords Dance|p1a: Iron Hands
|-boost|p1a: Iron Hands|atk|2
|move|p2a: Moltisanti|Haze|p2a: Moltisanti
|-clearallboost
|
|-damage|p1a: Iron Hands|76/100 brn|[from] brn
|upkeep
|turn|29
|
|t:|1769400470
|-end|p1a: Iron Hands|Quark Drive|[silent]
|switch|p1a: Iron Moth|Iron Moth|100/100
|-damage|p1a: Iron Moth|76/100|[from] Stealth Rock
|move|p2a: Moltisanti|Flamethrower|p1a: Iron Moth
|-resisted|p1a: Iron Moth
|-damage|p1a: Iron Moth|65/100
|
|upkeep
|turn|30
|
|t:|1769400474
|-end|p2a: Moltisanti|ability: Neutralizing Gas
|switch|p2a: Love and ABCs|Dragapult, M|100/100
|-enditem|p1a: Iron Moth|Booster Energy
|-activate|p1a: Iron Moth|ability: Quark Drive|[fromitem]
|-start|p1a: Iron Moth|quarkdrivespe
|move|p1a: Iron Moth|Substitute|p1a: Iron Moth
|-start|p1a: Iron Moth|Substitute
|-damage|p1a: Iron Moth|40/100
|
|upkeep
|turn|31
|
|t:|1769400480
|move|p1a: Iron Moth|Fiery Dance|p2a: Love and ABCs
|-resisted|p2a: Love and ABCs
|-damage|p2a: Love and ABCs|73/100
|move|p2a: Love and ABCs|Dragon Darts|p1a: Iron Moth
|-damage|p1a: Iron Moth|4/100
|-anim|p2a: Love and ABCs|Dragon Darts|p1a: Iron Moth
|-crit|p1a: Iron Moth
|-damage|p1a: Iron Moth|0 fnt
|faint|p1a: Iron Moth
|-end|p1a: Iron Moth|Quark Drive|[silent]
|
|upkeep
|
|t:|1769400493
|switch|p1a: Ogerpon|Ogerpon-Wellspring, F|100/100
|-damage|p1a: Ogerpon|88/100|[from] Stealth Rock
|turn|32
|
|t:|1769400500
|move|p2a: Love and ABCs|Will-O-Wisp|p1a: Ogerpon
|-status|p1a: Ogerpon|brn
|move|p1a: Ogerpon|Knock Off|p2a: Love and ABCs
|-supereffective|p2a: Love and ABCs
|-damage|p2a: Love and ABCs|24/100
|-enditem|p2a: Love and ABCs|Heavy-Duty Boots|[from] move: Knock Off|[of] p1a: Ogerpon
|
|-damage|p1a: Ogerpon|82/100 brn|[from] brn
|upkeep
|turn|33
|c|☆kuzwa|Gg
|
|t:|1769400512
|move|p2a: Love and ABCs|U-turn|p1a: Ogerpon
|-supereffective|p1a: Ogerpon
|-crit|p1a: Ogerpon
|-damage|p1a: Ogerpon|0 fnt
|faint|p1a: Ogerpon
|
|t:|1769400516
|switch|p2a: Miracle Musical|Slowking-Galar, M|100/100|[from] U-turn
|
|upkeep
|
|t:|1769400522
|switch|p1a: Iron Hands|Iron Hands|76/100 brn
|-heal|p1a: Iron Hands|100/100|[from] move: Healing Wish
|-damage|p1a: Iron Hands|94/100|[from] Stealth Rock
|turn|34
|
|t:|1769400538
|move|p1a: Iron Hands|Swords Dance|p1a: Iron Hands
|-boost|p1a: Iron Hands|atk|2
|move|p2a: Miracle Musical|Future Sight|p1a: Iron Hands
|-start|p2a: Miracle Musical|move: Future Sight
|
|upkeep
|turn|35
|
|t:|1769400546
|move|p1a: Iron Hands|Thunder Punch|p2a: Miracle Musical
|-damage|p2a: Miracle Musical|13/100
|-prepare|p2a: Miracle Musical|Chilly Reception|[premajor]
|move|p2a: Miracle Musical|Chilly Reception|p2a: Miracle Musical
|-weather|Snowscape
|
|t:|1769400548
|switch|p2a: Love and ABCs|Dragapult, M|24/100|[from] Chilly Reception
|
|-weather|Snowscape|[upkeep]
|upkeep
|turn|36
|
|t:|1769400553
|move|p2a: Love and ABCs|Phantom Force||[still]
|-prepare|p2a: Love and ABCs|Phantom Force
|move|p1a: Iron Hands|Ice Punch|p2a: Love and ABCs|[miss]
|-miss|p1a: Iron Hands|p2a: Love and ABCs
|
|-weather|Snowscape|[upkeep]
|-end|p1a: Iron Hands|move: Future Sight
|-supereffective|p1a: Iron Hands
|-damage|p1a: Iron Hands|13/100
|upkeep
|turn|37
|-message|Sentanel forfeited.
|
|win|kuzwa
|raw|Sentanel's rating: 1348 &rarr; <strong>1329</strong><br />(-19 for losing)
|raw|kuzwa's rating: 1360 &rarr; <strong>1379</strong><br />(+19 for winning)
|l|☆Sentanel
|player|p1|
