|j|‽Chillrends
|j|☆cospway
|t:|1769441675
|gametype|singles
|player|p1|Chillrends|wallace|1577
|player|p2|cospway|iris-gen5bw2|1547
|gen|9
|tier|[Gen 9] OU
|rated|
|rule|HP Percentage Mod: HP is shown in percentages
|rule|Endless Battle Clause: Forcing endless battles is banned
|rule|Species Clause: Limit one of each Pokémon
|rule|OHKO Clause: OHKO moves are banned
|rule|Evasion Items Clause: Evasion items are banned
|rule|Evasion Moves Clause: Evasion moves are banned
|rule|Evasion Abilities Clause: Evasion abilities are banned
|rule|Sleep Moves Clause: Sleep-inducing moves are banned
|clearpoke
|poke|p1|Landorus-Therian, M|
|poke|p1|Samurott-Hisui, M|
|poke|p1|Pecharunt|
|poke|p1|Scizor, M|
|poke|p1|Latios, M|
|poke|p1|Zamazenta-*|
|poke|p2|Cresselia, F|
|poke|p2|Mew|
|poke|p2|Kingambit, M|
|poke|p2|Azumarill, F|
|poke|p2|Gholdengo|
|poke|p2|Hoopa-Unbound|
|teampreview
|inactive|Battle timer is ON: inactive players will automatically lose when time's up. (requested by Chillrends)
|
|t:|1769441697
|teamsize|p1|6
|teamsize|p2|6
|start
|switch|p1a: Pecharunt|Pecharunt|100/100
|switch|p2a: Azumarill|Azumarill, F, shiny|100/100
|turn|1
|
|t:|1769441705
|switch|p2a: Gholdengo|Gholdengo|100/100
|move|p1a: Pecharunt|Shadow Ball|p2a: Gholdengo
|-supereffective|p2a: Gholdengo
|-damage|p2a: Gholdengo|51/100
|-unboost|p2a: Gholdengo|spd|1
|
|upkeep
|turn|2
|
|t:|1769441715
|switch|p2a: Hoopa|Hoopa-Unbound|100/100
|move|p1a: Pecharunt|Shadow Ball|p2a: Hoopa
|-damage|p2a: Hoopa|82/100
|
|upkeep
|turn|3
|
|t:|1769441724
|move|p1a: Pecharunt|Parting Shot|p2a: Hoopa
|-unboost|p2a: Hoopa|atk|1
|-unboost|p2a: Hoopa|spa|1
|
|t:|1769441726
|switch|p1a: Landorus|Landorus-Therian, M|100/100|[from] Parting Shot
|-ability|p1a: Landorus|Intimidate|boost
|-unboost|p2a: Hoopa|atk|1
|move|p2a: Hoopa|Trick Room|p2a: Hoopa
|-fieldstart|move: Trick Room|[of] p2a: Hoopa
|-enditem|p2a: Hoopa|Room Service
|-unboost|p2a: Hoopa|spe|1|[from] item: Room Service
|
|upkeep
|turn|4
|
|t:|1769441738
|switch|p2a: Gholdengo|Gholdengo|51/100
|move|p1a: Landorus|U-turn|p2a: Gholdengo
|-resisted|p2a: Gholdengo
|-damage|p2a: Gholdengo|46/100
|
|t:|1769441741
|switch|p1a: Samurott|Samurott-Hisui, M|100/100|[from] U-turn
|
|upkeep
|turn|5
|
|t:|1769441751
|move|p2a: Gholdengo|Focus Blast|p1a: Samurott
|-supereffective|p1a: Samurott
|-damage|p1a: Samurott|0 fnt
|faint|p1a: Samurott
|
|upkeep
|
|t:|1769441757
|switch|p1a: Landorus|Landorus-Therian, M|100/100
|-ability|p1a: Landorus|Intimidate|boost
|-unboost|p2a: Gholdengo|atk|1
|turn|6
|
|t:|1769441764
|switch|p2a: Azumarill|Azumarill, F, shiny|100/100
|move|p1a: Landorus|Stealth Rock|p2a: Azumarill
|-sidestart|p2: cospway|move: Stealth Rock
|
|upkeep
|turn|7
|
|t:|1769441772
|switch|p1a: Pecharunt|Pecharunt|100/100
|move|p2a: Azumarill|Liquidation|p1a: Pecharunt
|-damage|p1a: Pecharunt|51/100
|-unboost|p1a: Pecharunt|def|1
|
|-fieldend|move: Trick Room
|upkeep
|turn|8
|
|t:|1769441780
|switch|p1a: Latios|Latios, M|100/100
|move|p2a: Azumarill|Liquidation|p1a: Latios
|-resisted|p1a: Latios
|-damage|p1a: Latios|43/100
|
|upkeep
|turn|9
|
|t:|1769441789
|move|p1a: Latios|Psychic Noise|p2a: Azumarill
|-damage|p2a: Azumarill|53/100
|-start|p2a: Azumarill|move: Heal Block
|move|p2a: Azumarill|Liquidation|p1a: Latios
|-resisted|p1a: Latios
|-damage|p1a: Latios|0 fnt
|faint|p1a: Latios
|
|upkeep
|
|t:|1769441799
|switch|p1a: Pecharunt|Pecharunt|51/100
|turn|10
|
|t:|1769441802
|move|p1a: Pecharunt|Shadow Ball|p2a: Azumarill
|-damage|p2a: Azumarill|27/100
|-unboost|p2a: Azumarill|spd|1
|move|p2a: Azumarill|Liquidation|p1a: Pecharunt
|-damage|p1a: Pecharunt|6/100
|-unboost|p1a: Pecharunt|def|1
|
|-end|p2a: Azumarill|move: Heal Block
|upkeep
|turn|11
|
|t:|1769441816
|switch|p2a: Hoopa|Hoopa-Unbound|82/100
|-damage|p2a: Hoopa|69/100|[from] Stealth Rock
|move|p1a: Pecharunt|Shadow Ball|p2a: Hoopa
|-damage|p2a: Hoopa|50/100
|-unboost|p2a: Hoopa|spd|1
|
|upkeep
|turn|12
|
|t:|1769441824
|move|p1a: Pecharunt|Malignant Chain|p2a: Hoopa
|-damage|p2a: Hoopa|17/100
|-status|p2a: Hoopa|tox
|-start|p2a: Hoopa|confusion|[from] ability: Poison Puppeteer|[of] p1a: Pecharunt
|-activate|p2a: Hoopa|confusion
|move|p2a: Hoopa|Trick Room|p2a: Hoopa
|-fieldstart|move: Trick Room|[of] p2a: Hoopa
|
|-damage|p2a: Hoopa|11/100 tox|[from] psn
|upkeep
|turn|13
|
|t:|1769441836
|-activate|p2a: Hoopa|confusion
|move|p2a: Hoopa|Hyperspace Fury|p1a: Pecharunt
|-supereffective|p1a: Pecharunt
|-damage|p1a: Pecharunt|0 fnt
|-unboost|p2a: Hoopa|def|1
|faint|p1a: Pecharunt
|-item|p2a: Hoopa|Heavy-Duty Boots|[from] ability: Magician|[of] p1: Pecharunt
|
|-damage|p2a: Hoopa|0 fnt|[from] psn
|faint|p2a: Hoopa
|upkeep
|
|t:|1769441849
|switch|p2a: Gholdengo|Gholdengo|46/100
|switch|p1a: Zamazenta|Zamazenta|100/100
|-damage|p2a: Gholdengo|39/100|[from] Stealth Rock
|-ability|p1a: Zamazenta|Dauntless Shield|boost
|-boost|p1a: Zamazenta|def|1
|turn|14
|
|t:|1769441858
|switch|p1a: Landorus|Landorus-Therian, M|100/100
|-ability|p1a: Landorus|Intimidate|boost
|-unboost|p2a: Gholdengo|atk|1
|move|p2a: Gholdengo|Make It Rain|p1a: Landorus
|-damage|p1a: Landorus|0 fnt
|-unboost|p2a: Gholdengo|spa|1
|faint|p1a: Landorus
|
|upkeep
|
|t:|1769441861
|switch|p1a: Scizor|Scizor, M|100/100
|turn|15
|
|t:|1769441884
|switch|p2a: Mew|Mew|100/100
|-damage|p2a: Mew|88/100|[from] Stealth Rock
|move|p1a: Scizor|Swords Dance|p1a: Scizor
|-boost|p1a: Scizor|atk|2
|
|upkeep
|turn|16
|
|t:|1769441894
|move|p1a: Scizor|Knock Off|p2a: Mew
|-supereffective|p2a: Mew
|-enditem|p2a: Mew|Colbur Berry|[eat]
|-enditem|p2a: Mew|Colbur Berry|[weaken]
|-damage|p2a: Mew|35/100
|move|p2a: Mew|Stealth Rock|p1a: Scizor
|-sidestart|p1: Chillrends|move: Stealth Rock
|
|-fieldend|move: Trick Room
|upkeep
|turn|17
|
|t:|1769441902
|move|p1a: Scizor|Bullet Punch|p2a: Mew
|-damage|p2a: Mew|0 fnt
|faint|p2a: Mew
|
|upkeep
|
|t:|1769441908
|switch|p2a: Cresselia|Cresselia, F, shiny|100/100
|-damage|p2a: Cresselia|88/100|[from] Stealth Rock
|turn|18
|
|t:|1769441912
|move|p1a: Scizor|Knock Off|p2a: Cresselia
|-supereffective|p2a: Cresselia
|-damage|p2a: Cresselia|13/100
|-enditem|p2a: Cresselia|Mental Herb|[from] move: Knock Off|[of] p1a: Scizor
|move|p2a: Cresselia|Trick Room|p2a: Cresselia
|-fieldstart|move: Trick Room|[of] p2a: Cresselia
|
|upkeep
|turn|19
|
|t:|1769441920
|switch|p2a: Gholdengo|Gholdengo|39/100
|-damage|p2a: Gholdengo|33/100|[from] Stealth Rock
|move|p1a: Scizor|Bullet Punch|p2a: Gholdengo
|-resisted|p2a: Gholdengo
|-damage|p2a: Gholdengo|0 fnt
|faint|p2a: Gholdengo
|
|upkeep
|
|t:|1769441929
|switch|p2a: Kingambit|Kingambit, M, shiny|100/100
|-damage|p2a: Kingambit|94/100|[from] Stealth Rock
|-activate|p2a: Kingambit|ability: Supreme Overlord
|-start|p2a: Kingambit|fallen3|[silent]
|turn|20
|inactive|Chillrends has 120 seconds left.
|inactive|Chillrends has 90 seconds left.
|inactive|Chillrends has 60 seconds left.
|inactive|Chillrends has 30 seconds left.
|inactive|Chillrends has 20 seconds left.
|inactive|Chillrends has 15 seconds left.
|
|t:|1769442064
|-terastallize|p1a: Scizor|Electric
|move|p2a: Kingambit|Kowtow Cleave|p1a: Scizor
|-damage|p1a: Scizor|22/100
|move|p1a: Scizor|Tera Blast|p2a: Kingambit|[anim] Tera Blast Electric
|-damage|p2a: Kingambit|24/100
|
|-heal|p2a: Kingambit|30/100|[from] item: Leftovers
|upkeep
|turn|21
|inactive|Chillrends has 25 seconds left this turn.
|inactive|Chillrends has 20 seconds left.
|
|t:|1769442074
|move|p2a: Kingambit|Sucker Punch|p1a: Scizor
|-damage|p1a: Scizor|0 fnt
|faint|p1a: Scizor
|
|-heal|p2a: Kingambit|37/100|[from] item: Leftovers
|upkeep
|inactive|Chillrends has 25 seconds left this turn.
|
|t:|1769442076
|switch|p1a: Zamazenta|Zamazenta|100/100
|-damage|p1a: Zamazenta|94/100|[from] Stealth Rock
|turn|22
|
|t:|1769442084
|-terastallize|p2a: Kingambit|Fairy
|move|p2a: Kingambit|Tera Blast|p1a: Zamazenta|[anim] Tera Blast Fairy
|-supereffective|p1a: Zamazenta
|-damage|p1a: Zamazenta|3/100
|move|p1a: Zamazenta|Iron Defense|p1a: Zamazenta
|-boost|p1a: Zamazenta|def|2
|
|-heal|p2a: Kingambit|43/100|[from] item: Leftovers
|-heal|p1a: Zamazenta|9/100|[from] item: Leftovers
|-fieldend|move: Trick Room
|upkeep
|turn|23
|
|t:|1769442093
|move|p2a: Kingambit|Tera Blast|p1a: Zamazenta|[anim] Tera Blast Fairy
|-supereffective|p1a: Zamazenta
|-damage|p1a: Zamazenta|0 fnt
|faint|p1a: Zamazenta
|
|win|cospway
|raw|Chillrends's rating: 1597 &rarr; <strong>1574</strong><br />(-23 for losing)
|raw|cospway's rating: 1547 &rarr; <strong>1570</strong><br />(+23 for winning)
|l|‽Chillrends
|player|p1|
|l|☆cospway
|player|p2|
