|badge|p1|bronze|gen9ou|100-8
|uhtml|medal-msg|<div class="broadcast-blue">Curious what those medals under the avatar are? PS now has Ladder Seasons! For more information, check out the <a href="https://www.smogon.com/forums/threads/3740067/">thread on Smogon.</a></div>
|badge|p2|bronze|gen9ou|100-8
|uhtml|medal-msg|<div class="broadcast-blue">Curious what those medals under the avatar are? PS now has Ladder Seasons! For more information, check out the <a href="https://www.smogon.com/forums/threads/3740067/">thread on Smogon.</a></div>
|j|☆Acastillo631
|j|☆oh YEAAHH!!
|t:|1769362561
|gametype|singles
|player|p1|Acastillo631|silver|1885
|player|p2|oh YEAAHH!!|170|1843
|gen|9
|tier|[Gen 9] OU
|rated|
|rule|HP Percentage Mod: HP is shown in percentages
|rule|Endless Battle Clause: Forcing endless battles is banned
|rule|Species Clause: Limit one of each Pokémon
|rule|OHKO Clause: OHKO moves are banned
|rule|Evasion Items Clause: Evasion items are banned
|rule|Evasion Moves Clause: Evasion moves are banned
|rule|Evasion Abilities Clause: Evasion abilities are banned
|rule|Sleep Moves Clause: Sleep-inducing moves are banned
|clearpoke
|poke|p1|Iron Valiant|
|poke|p1|Sinistcha|
|poke|p1|Tyranitar, M|
|poke|p1|Keldeo-Resolute|
|poke|p1|Iron Treads|
|poke|p1|Klefki, M|
|poke|p2|Dragapult, F|
|poke|p2|Kyurem|
|poke|p2|Tornadus-Therian, M|
|poke|p2|Zamazenta-*|
|poke|p2|Iron Treads|
|poke|p2|Hatterene, F|
|teampreview
|
|t:|1769362583
|teamsize|p1|6
|teamsize|p2|6
|start
|switch|p1a: Redips|Klefki, M|100/100
|switch|p2a: Kyurem|Kyurem|100/100
|-ability|p2a: Kyurem|Pressure
|turn|1
|
|t:|1769362587
|-terastallize|p2a: Kyurem|Ground
|move|p1a: Redips|Magnet Rise|p1a: Redips
|-start|p1a: Redips|Magnet Rise
|move|p2a: Kyurem|Earth Power|p1a: Redips
|-immune|p1a: Redips
|
|upkeep
|turn|2
|
|t:|1769362591
|switch|p2a: Hatterene|Hatterene, F|100/100
|move|p1a: Redips|Spikes|p2a: Hatterene
|move|p2a: Hatterene|Spikes|p1a: Redips|[from] ability: Magic Bounce
|-sidestart|p1: Acastillo631|Spikes
|
|upkeep
|turn|3
|
|t:|1769362597
|move|p1a: Redips|Dazzling Gleam|p2a: Hatterene
|-damage|p2a: Hatterene|77/100
|move|p2a: Hatterene|Future Sight|p1a: Redips
|-start|p2a: Hatterene|move: Future Sight
|
|-heal|p2a: Hatterene|83/100|[from] item: Leftovers
|upkeep
|turn|4
|
|t:|1769362601
|move|p1a: Redips|Dazzling Gleam|p2a: Hatterene
|-damage|p2a: Hatterene|58/100
|move|p2a: Hatterene|Nuzzle|p1a: Redips
|-damage|p1a: Redips|97/100
|-status|p1a: Redips|par
|-damage|p2a: Hatterene|42/100|[from] item: Rocky Helmet|[of] p1a: Redips
|
|-heal|p2a: Hatterene|48/100|[from] item: Leftovers
|upkeep
|turn|5
|
|t:|1769362610
|move|p1a: Redips|Dazzling Gleam|p2a: Hatterene
|-damage|p2a: Hatterene|23/100
|move|p2a: Hatterene|Draining Kiss|p1a: Redips
|-resisted|p1a: Redips
|-damage|p1a: Redips|83/100 par
|-heal|p2a: Hatterene|34/100|[from] drain|[of] p1a: Redips
|-damage|p2a: Hatterene|17/100|[from] item: Rocky Helmet|[of] p1a: Redips
|
|-end|p1a: Redips|move: Future Sight
|-resisted|p1a: Redips
|-damage|p1a: Redips|52/100 par
|-heal|p2a: Hatterene|23/100|[from] item: Leftovers
|-end|p1a: Redips|Magnet Rise
|upkeep
|turn|6
|j| shedtailhater
|
|t:|1769362625
|cant|p1a: Redips|par
|move|p2a: Hatterene|Pain Split|p1a: Redips
|-sethp|p1a: Redips|37/100 par|[from] move: Pain Split|[silent]
|-sethp|p2a: Hatterene|37/100|[from] move: Pain Split
|
|-heal|p2a: Hatterene|43/100|[from] item: Leftovers
|upkeep
|turn|7
|
|t:|1769362645
|switch|p2a: Iron Treads|Iron Treads|100/100
|move|p1a: Redips|Dazzling Gleam|p2a: Iron Treads
|-resisted|p2a: Iron Treads
|-damage|p2a: Iron Treads|92/100
|
|-heal|p2a: Iron Treads|98/100|[from] item: Leftovers
|upkeep
|turn|8
|
|t:|1769362651
|switch|p1a: Wire Sponge|Sinistcha|100/100
|move|p2a: Iron Treads|Rapid Spin|p1a: Wire Sponge
|-immune|p1a: Wire Sponge
|
|-heal|p2a: Iron Treads|100/100|[from] item: Leftovers
|upkeep
|turn|9
|
|t:|1769362663
|move|p2a: Iron Treads|Knock Off|p1a: Wire Sponge
|-supereffective|p1a: Wire Sponge
|-damage|p1a: Wire Sponge|61/100
|-enditem|p1a: Wire Sponge|Heavy-Duty Boots|[from] move: Knock Off|[of] p2a: Iron Treads
|move|p1a: Wire Sponge|Nasty Plot|p1a: Wire Sponge
|-boost|p1a: Wire Sponge|spa|2
|
|upkeep
|turn|10
|
|t:|1769362666
|move|p2a: Iron Treads|Stealth Rock|p1a: Wire Sponge
|-sidestart|p1: Acastillo631|move: Stealth Rock
|move|p1a: Wire Sponge|Shadow Ball|p2a: Iron Treads
|-damage|p2a: Iron Treads|48/100
|
|-heal|p2a: Iron Treads|54/100|[from] item: Leftovers
|upkeep
|turn|11
|
|t:|1769362669
|-end|p2a: Iron Treads|Quark Drive|[silent]
|switch|p2a: Tornadus|Tornadus-Therian, M|100/100
|move|p1a: Wire Sponge|Strength Sap|p2a: Tornadus
|-unboost|p2a: Tornadus|atk|1
|-heal|p1a: Wire Sponge|100/100
|
|upkeep
|turn|12
|
|t:|1769362674
|move|p2a: Tornadus|Bleakwind Storm|p1a: Wire Sponge
|-supereffective|p1a: Wire Sponge
|-damage|p1a: Wire Sponge|17/100
|move|p1a: Wire Sponge|Shadow Ball|p2a: Tornadus
|-damage|p2a: Tornadus|71/100
|
|upkeep
|turn|13
|
|t:|1769362682
|move|p2a: Tornadus|Heat Wave|p1a: Wire Sponge
|-supereffective|p1a: Wire Sponge
|-damage|p1a: Wire Sponge|0 fnt
|faint|p1a: Wire Sponge
|
|upkeep
|
|t:|1769362697
|switch|p1a: Eregion|Tyranitar, M|100/100
|-damage|p1a: Eregion|88/100|[from] Spikes
|-damage|p1a: Eregion|76/100|[from] Stealth Rock
|-weather|Sandstorm|[from] ability: Sand Stream|[of] p1a: Eregion
|turn|14
|
|t:|1769362710
|move|p2a: Tornadus|U-turn|p1a: Eregion
|-supereffective|p1a: Eregion
|-damage|p1a: Eregion|62/100
|
|t:|1769362712
|switch|p2a: Hatterene|Hatterene, F|43/100|[from] U-turn
|move|p1a: Eregion|Knock Off|p2a: Hatterene
|-damage|p2a: Hatterene|7/100
|-enditem|p2a: Hatterene|Leftovers|[from] move: Knock Off|[of] p1a: Eregion
|
|-weather|Sandstorm|[upkeep]
|-damage|p2a: Hatterene|1/100|[from] Sandstorm
|-heal|p1a: Eregion|68/100|[from] item: Leftovers
|upkeep
|turn|15
|
|t:|1769362721
|move|p1a: Eregion|Knock Off|p2a: Hatterene
|-damage|p2a: Hatterene|0 fnt
|faint|p2a: Hatterene
|
|-weather|Sandstorm|[upkeep]
|-heal|p1a: Eregion|74/100|[from] item: Leftovers
|upkeep
|
|t:|1769362733
|switch|p2a: Kyurem|Kyurem, tera:Ground|100/100
|-ability|p2a: Kyurem|Pressure
|turn|16
|
|t:|1769362738
|move|p2a: Kyurem|Earth Power|p1a: Eregion
|-supereffective|p1a: Eregion
|-damage|p1a: Eregion|19/100
|move|p1a: Eregion|Stealth Rock|p2a: Kyurem
|-sidestart|p2: oh YEAAHH!!|move: Stealth Rock
|
|-weather|Sandstorm|[upkeep]
|-heal|p1a: Eregion|25/100|[from] item: Leftovers
|upkeep
|turn|17
|
|t:|1769362744
|switch|p1a: Armored Armadillo|Iron Treads|100/100
|-damage|p1a: Armored Armadillo|97/100|[from] Stealth Rock
|-item|p1a: Armored Armadillo|Air Balloon
|move|p2a: Kyurem|Earth Power|p1a: Armored Armadillo
|-immune|p1a: Armored Armadillo
|
|-weather|Sandstorm|[upkeep]
|upkeep
|turn|18
|
|t:|1769362755
|switch|p2a: Zamazenta|Zamazenta|100/100
|-damage|p2a: Zamazenta|94/100|[from] Stealth Rock
|-ability|p2a: Zamazenta|Dauntless Shield|boost
|-boost|p2a: Zamazenta|def|1
|move|p1a: Armored Armadillo|Knock Off|p2a: Zamazenta
|-resisted|p2a: Zamazenta
|-damage|p2a: Zamazenta|86/100
|-enditem|p2a: Zamazenta|Chesto Berry|[from] move: Knock Off|[of] p1a: Armored Armadillo
|
|-weather|none
|upkeep
|turn|19
|
|t:|1769362767
|-end|p1a: Armored Armadillo|Quark Drive|[silent]
|switch|p1a: Eregion|Tyranitar, M|25/100
|-damage|p1a: Eregion|13/100|[from] Spikes
|-damage|p1a: Eregion|1/100|[from] Stealth Rock
|-weather|Sandstorm|[from] ability: Sand Stream|[of] p1a: Eregion
|move|p2a: Zamazenta|Body Press|p1a: Eregion
|-supereffective|p1a: Eregion
|-damage|p1a: Eregion|0 fnt
|faint|p1a: Eregion
|
|-weather|Sandstorm|[upkeep]
|-damage|p2a: Zamazenta|80/100|[from] Sandstorm
|upkeep
|
|t:|1769362777
|switch|p1a: Redips|Klefki, M|37/100 par
|-damage|p1a: Redips|25/100 par|[from] Spikes
|-damage|p1a: Redips|19/100 par|[from] Stealth Rock
|turn|20
|
|t:|1769362788
|switch|p2a: Iron Treads|Iron Treads|54/100
|-damage|p2a: Iron Treads|51/100|[from] Stealth Rock
|cant|p1a: Redips|par
|
|-weather|Sandstorm|[upkeep]
|-heal|p2a: Iron Treads|57/100|[from] item: Leftovers
|upkeep
|turn|21
|j| faronaan
|
|t:|1769362798
|switch|p1a: Spiral Pegasus|Keldeo-Resolute|100/100
|move|p2a: Iron Treads|Rapid Spin|p1a: Spiral Pegasus
|-damage|p1a: Spiral Pegasus|87/100
|-boost|p2a: Iron Treads|spe|1
|-sideend|p2: oh YEAAHH!!|Stealth Rock|[from] move: Rapid Spin|[of] p2a: Iron Treads
|
|-weather|Sandstorm|[upkeep]
|-damage|p1a: Spiral Pegasus|80/100|[from] Sandstorm
|-heal|p2a: Iron Treads|64/100|[from] item: Leftovers
|upkeep
|turn|22
|
|t:|1769362803
|-end|p2a: Iron Treads|Quark Drive|[silent]
|switch|p2a: Tornadus|Tornadus-Therian, M|100/100
|move|p1a: Spiral Pegasus|Surf|p2a: Tornadus
|-damage|p2a: Tornadus|76/100
|
|-weather|Sandstorm|[upkeep]
|-damage|p1a: Spiral Pegasus|74/100|[from] Sandstorm
|-damage|p2a: Tornadus|70/100|[from] Sandstorm
|upkeep
|turn|23
|
|t:|1769362809
|switch|p1a: Redips|Klefki, M|19/100 par
|-damage|p1a: Redips|7/100 par|[from] Spikes
|-damage|p1a: Redips|1/100 par|[from] Stealth Rock
|move|p2a: Tornadus|U-turn|p1a: Redips
|-resisted|p1a: Redips
|-damage|p1a: Redips|0 fnt
|-damage|p2a: Tornadus|53/100|[from] item: Rocky Helmet|[of] p1a: Redips
|faint|p1a: Redips
|
|t:|1769362829
|switch|p2a: Dragapult|Dragapult, F|100/100|[from] U-turn
|
|-weather|none
|upkeep
|-message|Acastillo631 forfeited.
|
|win|oh YEAAHH!!
|raw|Acastillo631's rating: 1885 &rarr; <strong>1863</strong><br />(-22 for losing)
|raw|oh YEAAHH!!'s rating: 1843 &rarr; <strong>1865</strong><br />(+22 for winning)
|l|☆Acastillo631
|player|p1|
|l|☆oh YEAAHH!!
|player|p2|
|l| shedtailhater
