|j|☆Shadowwlkr
|j|☆pogchimp970314
|t:|1769404616
|gametype|singles
|player|p1|Shadowwlkr|petrel|1319
|player|p2|pogchimp970314|elesa-masters|1289
|gen|9
|tier|[Gen 9] OU
|rated|
|rule|HP Percentage Mod: HP is shown in percentages
|rule|Endless Battle Clause: Forcing endless battles is banned
|rule|Species Clause: Limit one of each Pokémon
|rule|OHKO Clause: OHKO moves are banned
|rule|Evasion Items Clause: Evasion items are banned
|rule|Evasion Moves Clause: Evasion moves are banned
|rule|Evasion Abilities Clause: Evasion abilities are banned
|rule|Sleep Moves Clause: Sleep-inducing moves are banned
|clearpoke
|poke|p1|Hoopa-Unbound|
|poke|p1|Ursaluna, F|
|poke|p1|Hatterene, F|
|poke|p1|Cresselia, F|
|poke|p1|Iron Hands|
|poke|p1|Volcanion|
|poke|p2|Darkrai|
|poke|p2|Zoroark-Hisui, F|
|poke|p2|Sinistcha-Masterpiece|
|poke|p2|Ribombee, F|
|poke|p2|Gholdengo|
|poke|p2|Alomomola, M|
|teampreview
|inactive|Battle timer is ON: inactive players will automatically lose when time's up. (requested by pogchimp970314)
|inactive|Shadowwlkr also wants the timer to be on.
|
|t:|1769404631
|teamsize|p1|6
|teamsize|p2|6
|start
|switch|p1a: Volcanion|Volcanion|100/100
|switch|p2a: Ribombee|Ribombee, F|100/100
|turn|1
|
|t:|1769404647
|switch|p2a: Sink|Alomomola, M|100/100
|move|p1a: Volcanion|Flamethrower|p2a: Sink
|-resisted|p2a: Sink
|-damage|p2a: Sink|88/100
|
|upkeep
|turn|2
|
|t:|1769404658
|switch|p1a: Hoopa|Hoopa-Unbound|100/100
|move|p2a: Sink|Flip Turn|p1a: Hoopa
|-damage|p1a: Hoopa|79/100
|
|t:|1769404665
|switch|p2a: Washing Machine|Sinistcha-Masterpiece|100/100|[from] Flip Turn
|
|upkeep
|turn|3
|
|t:|1769404681
|switch|p2a: Sink|Alomomola, M|100/100
|move|p1a: Hoopa|Hyperspace Fury|p2a: Sink
|-damage|p2a: Sink|48/100
|-unboost|p1a: Hoopa|def|1
|-enditem|p1a: Hoopa|Eject Pack
|
|t:|1769404687
|switch|p1a: Iron Hands|Iron Hands|100/100
|-enditem|p1a: Iron Hands|Booster Energy
|-activate|p1a: Iron Hands|ability: Quark Drive|[fromitem]
|-start|p1a: Iron Hands|quarkdriveatk
|
|upkeep
|turn|4
|
|t:|1769404691
|switch|p2a: Washing Machine|Sinistcha-Masterpiece|100/100
|move|p1a: Iron Hands|Supercell Slam|p2a: Washing Machine
|-resisted|p2a: Washing Machine
|-damage|p2a: Washing Machine|65/100
|
|upkeep
|turn|5
|
|t:|1769404711
|-end|p1a: Iron Hands|Quark Drive|[silent]
|switch|p1a: Hoopa|Hoopa-Unbound|79/100
|move|p2a: Washing Machine|Trick Room|p2a: Washing Machine
|-fieldstart|move: Trick Room|[of] p2a: Washing Machine
|
|upkeep
|turn|6
|
|t:|1769404722
|-terastallize|p2a: Washing Machine|Dark
|move|p2a: Washing Machine|Nasty Plot|p2a: Washing Machine
|-boost|p2a: Washing Machine|spa|2
|move|p1a: Hoopa|Hyperspace Fury|p2a: Washing Machine
|-resisted|p2a: Washing Machine
|-damage|p2a: Washing Machine|31/100
|-unboost|p1a: Hoopa|def|1
|-item|p1a: Hoopa|Life Orb|[from] ability: Magician|[of] p2a: Washing Machine
|
|upkeep
|turn|7
|
|t:|1769404729
|move|p2a: Washing Machine|Matcha Gotcha|p1a: Hoopa
|-damage|p1a: Hoopa|18/100
|-heal|p2a: Washing Machine|63/100|[from] drain|[of] p1a: Hoopa
|move|p1a: Hoopa|Drain Punch|p2a: Washing Machine
|-supereffective|p2a: Washing Machine
|-crit|p2a: Washing Machine
|-damage|p2a: Washing Machine|0 fnt
|-heal|p1a: Hoopa|48/100|[from] drain|[of] p2a: Washing Machine
|faint|p2a: Washing Machine
|-damage|p1a: Hoopa|38/100|[from] item: Life Orb
|
|upkeep
|-message|pogchimp970314 forfeited.
|
|win|Shadowwlkr
|raw|Shadowwlkr's rating: 1319 &rarr; <strong>1337</strong><br />(+18 for winning)
|raw|pogchimp970314's rating: 1289 &rarr; <strong>1266</strong><br />(-23 for losing)
|l|☆pogchimp970314
|player|p2|
|l|☆Shadowwlkr
|player|p1|
