|j|☆Noamm
|j|☆FishOfTheSea
|t:|1769362679
|gametype|singles
|player|p1|Noamm|gambler|1689
|player|p2|FishOfTheSea|elesa-gen5bw2|1711
|gen|9
|tier|[Gen 9] OU
|rated|
|rule|HP Percentage Mod: HP is shown in percentages
|rule|Endless Battle Clause: Forcing endless battles is banned
|rule|Species Clause: Limit one of each Pokémon
|rule|OHKO Clause: OHKO moves are banned
|rule|Evasion Items Clause: Evasion items are banned
|rule|Evasion Moves Clause: Evasion moves are banned
|rule|Evasion Abilities Clause: Evasion abilities are banned
|rule|Sleep Moves Clause: Sleep-inducing moves are banned
|clearpoke
|poke|p1|Lokix, F|
|poke|p1|Dragapult, F|
|poke|p1|Slowking-Galar, F|
|poke|p1|Mandibuzz, F|
|poke|p1|Great Tusk|
|poke|p1|Primarina, F|
|poke|p2|Slowking-Galar, M|
|poke|p2|Great Tusk|
|poke|p2|Dondozo, F|
|poke|p2|Darkrai|
|poke|p2|Corviknight, F|
|poke|p2|Hatterene, F|
|teampreview
|inactive|Battle timer is ON: inactive players will automatically lose when time's up. (requested by FishOfTheSea)
|
|t:|1769362710
|teamsize|p1|6
|teamsize|p2|6
|start
|switch|p1a: Kamen Rider Siren|Primarina, F|100/100
|switch|p2a: Great Tusk|Great Tusk|100/100
|turn|1
|
|t:|1769362715
|-end|p2a: Great Tusk|Protosynthesis|[silent]
|switch|p2a: Slowking|Slowking-Galar, M|100/100
|move|p1a: Kamen Rider Siren|Moonblast|p2a: Slowking
|-resisted|p2a: Slowking
|-damage|p2a: Slowking|84/100
|-unboost|p2a: Slowking|spa|1
|
|-heal|p2a: Slowking|90/100|[from] item: Black Sludge
|upkeep
|turn|2
|
|t:|1769362726
|move|p1a: Kamen Rider Siren|Flip Turn|p2a: Slowking
|-damage|p2a: Slowking|75/100
|
|t:|1769362730
|switch|p1a: Kamen Rider Burr|Slowking-Galar, F|100/100|[from] Flip Turn
|-prepare|p2a: Slowking|Chilly Reception|[premajor]
|move|p2a: Slowking|Chilly Reception|p2a: Slowking
|-weather|Snowscape
|
|t:|1769362736
|switch|p2a: Great Tusk|Great Tusk|100/100|[from] Chilly Reception
|
|-weather|Snowscape|[upkeep]
|upkeep
|turn|3
|
|t:|1769362740
|switch|p1a: Kamen Rider Scaven|Mandibuzz, F|100/100
|move|p2a: Great Tusk|Stealth Rock|p1a: Kamen Rider Scaven
|-sidestart|p1: Noamm|move: Stealth Rock
|
|-weather|Snowscape|[upkeep]
|upkeep
|turn|4
|
|t:|1769362746
|move|p2a: Great Tusk|Knock Off|p1a: Kamen Rider Scaven
|-resisted|p1a: Kamen Rider Scaven
|-damage|p1a: Kamen Rider Scaven|91/100
|-enditem|p1a: Kamen Rider Scaven|Heavy-Duty Boots|[from] move: Knock Off|[of] p2a: Great Tusk
|move|p1a: Kamen Rider Scaven|Defog|p2a: Great Tusk
|-unboost|p2a: Great Tusk|evasion|1
|-sideend|p1: Noamm|Stealth Rock|[from] move: Defog|[of] p1a: Kamen Rider Scaven
|
|-weather|Snowscape|[upkeep]
|upkeep
|turn|5
|
|t:|1769362756
|-end|p2a: Great Tusk|Protosynthesis|[silent]
|switch|p2a: Hatterene|Hatterene, F|100/100
|move|p1a: Kamen Rider Scaven|Foul Play|p2a: Hatterene
|-damage|p2a: Hatterene|78/100
|
|-weather|Snowscape|[upkeep]
|-heal|p2a: Hatterene|84/100|[from] item: Leftovers
|upkeep
|turn|6
|
|t:|1769362765
|switch|p1a: Kamen Rider Burr|Slowking-Galar, F|100/100
|switch|p2a: Slowking|Slowking-Galar, M|100/100
|
|-weather|none
|upkeep
|turn|7
|
|t:|1769362770
|move|p2a: Slowking|Future Sight|p1a: Kamen Rider Burr
|-start|p2a: Slowking|move: Future Sight
|move|p1a: Kamen Rider Burr|Future Sight|p2a: Slowking
|-start|p1a: Kamen Rider Burr|move: Future Sight
|
|upkeep
|turn|8
|
|t:|1769362777
|-prepare|p2a: Slowking|Chilly Reception|[premajor]
|move|p2a: Slowking|Chilly Reception|p2a: Slowking
|-weather|Snowscape
|
|t:|1769362787
|switch|p2a: Hatterene|Hatterene, F|84/100|[from] Chilly Reception
|-prepare|p1a: Kamen Rider Burr|Chilly Reception|[premajor]
|move|p1a: Kamen Rider Burr|Chilly Reception|p1a: Kamen Rider Burr
|
|t:|1769362793
|switch|p1a: Kamen Rider SwarmX|Lokix, F, shiny|100/100|[from] Chilly Reception
|
|-weather|Snowscape|[upkeep]
|-heal|p2a: Hatterene|90/100|[from] item: Leftovers
|upkeep
|turn|9
|
|t:|1769362798
|switch|p2a: Corviknight|Corviknight, F|100/100
|-ability|p2a: Corviknight|Pressure
|move|p1a: Kamen Rider SwarmX|U-turn|p2a: Corviknight
|-resisted|p2a: Corviknight
|-damage|p2a: Corviknight|84/100
|-damage|p1a: Kamen Rider SwarmX|84/100|[from] item: Rocky Helmet|[of] p2a: Corviknight
|
|t:|1769362800
|switch|p1a: Kamen Rider Burr|Slowking-Galar, F|100/100|[from] U-turn
|
|-weather|Snowscape|[upkeep]
|-end|p2a: Corviknight|move: Future Sight
|-resisted|p2a: Corviknight
|-damage|p2a: Corviknight|62/100
|-end|p1a: Kamen Rider Burr|move: Future Sight
|-damage|p1a: Kamen Rider Burr|77/100
|upkeep
|turn|10
|
|t:|1769362812
|move|p2a: Corviknight|U-turn|p1a: Kamen Rider Burr
|-damage|p1a: Kamen Rider Burr|61/100
|
|t:|1769362817
|switch|p2a: Slowking|Slowking-Galar, M|100/100|[from] U-turn
|move|p1a: Kamen Rider Burr|Future Sight|p2a: Slowking
|-start|p1a: Kamen Rider Burr|move: Future Sight
|
|-weather|Snowscape|[upkeep]
|upkeep
|turn|11
|
|t:|1769362822
|-prepare|p1a: Kamen Rider Burr|Chilly Reception|[premajor]
|move|p1a: Kamen Rider Burr|Chilly Reception|p1a: Kamen Rider Burr
|
|t:|1769362824
|switch|p1a: Kamen Rider SwarmX|Lokix, F, shiny|84/100|[from] Chilly Reception
|-prepare|p2a: Slowking|Chilly Reception|[premajor]
|move|p2a: Slowking|Chilly Reception|p2a: Slowking
|
|t:|1769362828
|switch|p2a: Corviknight|Corviknight, F|62/100|[from] Chilly Reception
|-ability|p2a: Corviknight|Pressure
|
|-weather|Snowscape|[upkeep]
|upkeep
|turn|12
|
|t:|1769362832
|move|p1a: Kamen Rider SwarmX|U-turn|p2a: Corviknight
|-resisted|p2a: Corviknight
|-damage|p2a: Corviknight|47/100
|-damage|p1a: Kamen Rider SwarmX|67/100|[from] item: Rocky Helmet|[of] p2a: Corviknight
|
|t:|1769362833
|switch|p1a: Kamen Rider Siren|Primarina, F|100/100|[from] U-turn
|move|p2a: Corviknight|Roost|p2a: Corviknight
|-heal|p2a: Corviknight|97/100
|-singleturn|p2a: Corviknight|move: Roost
|
|-weather|none
|-end|p2a: Corviknight|move: Future Sight
|-resisted|p2a: Corviknight
|-damage|p2a: Corviknight|74/100
|upkeep
|turn|13
|
|t:|1769362839
|switch|p2a: Slowking|Slowking-Galar, M|100/100
|move|p1a: Kamen Rider Siren|Psychic Noise|p2a: Slowking
|-damage|p2a: Slowking|77/100
|-start|p2a: Slowking|move: Heal Block
|
|upkeep
|turn|14
|
|t:|1769362843
|move|p1a: Kamen Rider Siren|Flip Turn|p2a: Slowking
|-damage|p2a: Slowking|61/100
|
|t:|1769362846
|switch|p1a: Kamen Rider Burr|Slowking-Galar, F|94/100|[from] Flip Turn
|-prepare|p2a: Slowking|Chilly Reception|[premajor]
|move|p2a: Slowking|Chilly Reception|p2a: Slowking
|-weather|Snowscape
|
|t:|1769362852
|switch|p2a: Great Tusk|Great Tusk|100/100|[from] Chilly Reception
|
|-weather|Snowscape|[upkeep]
|upkeep
|turn|15
|j| ibibi57
|
|t:|1769362865
|switch|p1a: Kamen Rider Scaven|Mandibuzz, F|91/100
|move|p2a: Great Tusk|Headlong Rush|p1a: Kamen Rider Scaven
|-immune|p1a: Kamen Rider Scaven
|
|-weather|Snowscape|[upkeep]
|upkeep
|turn|16
|
|t:|1769362871
|move|p2a: Great Tusk|Stealth Rock|p1a: Kamen Rider Scaven
|-sidestart|p1: Noamm|move: Stealth Rock
|move|p1a: Kamen Rider Scaven|Foul Play|p2a: Great Tusk
|-resisted|p2a: Great Tusk
|-damage|p2a: Great Tusk|82/100
|
|-weather|Snowscape|[upkeep]
|upkeep
|turn|17
|
|t:|1769362889
|-end|p2a: Great Tusk|Protosynthesis|[silent]
|switch|p2a: Corviknight|Corviknight, F|74/100
|-ability|p2a: Corviknight|Pressure
|move|p1a: Kamen Rider Scaven|Defog|p2a: Corviknight
|-unboost|p2a: Corviknight|evasion|1
|-sideend|p1: Noamm|Stealth Rock|[from] move: Defog|[of] p1a: Kamen Rider Scaven
|
|-weather|Snowscape|[upkeep]
|upkeep
|turn|18
|
|t:|1769362894
|switch|p1a: Kamen Rider Burr|Slowking-Galar, F|100/100
|move|p2a: Corviknight|U-turn|p1a: Kamen Rider Burr
|-damage|p1a: Kamen Rider Burr|86/100
|
|t:|1769362900
|switch|p2a: Darkrai|Darkrai|100/100|[from] U-turn
|
|-weather|none
|upkeep
|turn|19
|
|t:|1769362906
|switch|p2a: Slowking|Slowking-Galar, M|94/100
|switch|p1a: Kamen Rider Siren|Primarina, F|100/100
|
|-heal|p2a: Slowking|100/100|[from] item: Black Sludge
|upkeep
|turn|20
|
|t:|1769362912
|move|p1a: Kamen Rider Siren|Flip Turn|p2a: Slowking
|-damage|p2a: Slowking|85/100
|
|t:|1769362915
|switch|p1a: Kamen Rider Burr|Slowking-Galar, F|100/100|[from] Flip Turn
|move|p2a: Slowking|Future Sight|p1a: Kamen Rider Burr
|-start|p2a: Slowking|move: Future Sight
|
|-heal|p2a: Slowking|91/100|[from] item: Black Sludge
|upkeep
|turn|21
|
|t:|1769362919
|-prepare|p2a: Slowking|Chilly Reception|[premajor]
|move|p2a: Slowking|Chilly Reception|p2a: Slowking
|-weather|Snowscape
|
|t:|1769362923
|switch|p2a: Darkrai|Darkrai|100/100|[from] Chilly Reception
|move|p1a: Kamen Rider Burr|Future Sight|p2a: Darkrai
|-start|p1a: Kamen Rider Burr|move: Future Sight
|
|-weather|Snowscape|[upkeep]
|upkeep
|turn|22
|
|t:|1769362927
|move|p2a: Darkrai|Dark Pulse|p1a: Kamen Rider Burr
|-supereffective|p1a: Kamen Rider Burr
|-damage|p1a: Kamen Rider Burr|22/100
|-prepare|p1a: Kamen Rider Burr|Chilly Reception|[premajor]
|move|p1a: Kamen Rider Burr|Chilly Reception|p1a: Kamen Rider Burr
|
|t:|1769362933
|switch|p1a: Kamen Rider SwarmX|Lokix, F, shiny|67/100|[from] Chilly Reception
|
|-weather|Snowscape|[upkeep]
|-end|p1a: Kamen Rider SwarmX|move: Future Sight
|-immune|p1a: Kamen Rider SwarmX
|upkeep
|turn|23
|
|t:|1769362947
|switch|p2a: Corviknight|Corviknight, F|74/100
|-ability|p2a: Corviknight|Pressure
|move|p1a: Kamen Rider SwarmX|U-turn|p2a: Corviknight
|-resisted|p2a: Corviknight
|-damage|p2a: Corviknight|59/100
|-damage|p1a: Kamen Rider SwarmX|51/100|[from] item: Rocky Helmet|[of] p2a: Corviknight
|
|t:|1769362951
|switch|p1a: Kamen Rider Siren|Primarina, F|100/100|[from] U-turn
|
|-weather|Snowscape|[upkeep]
|-end|p2a: Corviknight|move: Future Sight
|-resisted|p2a: Corviknight
|-damage|p2a: Corviknight|36/100
|upkeep
|turn|24
|
|t:|1769362955
|switch|p2a: Slowking|Slowking-Galar, M|100/100
|move|p1a: Kamen Rider Siren|Flip Turn|p2a: Slowking
|-damage|p2a: Slowking|85/100
|
|t:|1769362957
|switch|p1a: Kamen Rider SwarmX|Lokix, F, shiny|51/100|[from] Flip Turn
|
|-weather|Snowscape|[upkeep]
|-heal|p2a: Slowking|91/100|[from] item: Black Sludge
|upkeep
|turn|25
|
|t:|1769362961
|switch|p2a: Great Tusk|Great Tusk|82/100
|move|p1a: Kamen Rider SwarmX|U-turn|p2a: Great Tusk
|-resisted|p2a: Great Tusk
|-damage|p2a: Great Tusk|48/100
|
|t:|1769362963
|switch|p1a: Kamen Rider Shade|Dragapult, F, shiny|100/100|[from] U-turn
|
|-weather|none
|upkeep
|turn|26
|
|t:|1769362972
|-end|p2a: Great Tusk|Protosynthesis|[silent]
|switch|p2a: Dondozo|Dondozo, F|100/100
|move|p1a: Kamen Rider Shade|Shadow Ball|p2a: Dondozo
|-damage|p2a: Dondozo|67/100
|
|-heal|p2a: Dondozo|73/100|[from] item: Leftovers
|upkeep
|turn|27
|
|t:|1769362978
|switch|p1a: Kamen Rider Siren|Primarina, F|100/100
|switch|p2a: Darkrai|Darkrai|100/100
|
|upkeep
|turn|28
|
|t:|1769362994
|switch|p2a: Slowking|Slowking-Galar, M|100/100
|move|p1a: Kamen Rider Siren|Flip Turn|p2a: Slowking
|-damage|p2a: Slowking|86/100
|
|t:|1769362996
|switch|p1a: Kamen Rider SwarmX|Lokix, F, shiny|51/100|[from] Flip Turn
|
|-heal|p2a: Slowking|92/100|[from] item: Black Sludge
|upkeep
|turn|29
|
|t:|1769363002
|switch|p2a: Corviknight|Corviknight, F|36/100
|-ability|p2a: Corviknight|Pressure
|move|p1a: Kamen Rider SwarmX|Knock Off|p2a: Corviknight
|-damage|p2a: Corviknight|0 fnt
|-damage|p1a: Kamen Rider SwarmX|34/100|[from] item: Rocky Helmet|[of] p2a: Corviknight
|-enditem|p2a: Corviknight|Rocky Helmet|[from] move: Knock Off|[of] p1a: Kamen Rider SwarmX
|faint|p2a: Corviknight
|
|upkeep
|
|t:|1769363007
|switch|p2a: Darkrai|Darkrai|100/100
|turn|30
|
|t:|1769363012
|switch|p1a: Kamen Rider Scaven|Mandibuzz, F|91/100
|move|p2a: Darkrai|Sludge Bomb|p1a: Kamen Rider Scaven
|-damage|p1a: Kamen Rider Scaven|50/100
|
|upkeep
|turn|31
|
|t:|1769363018
|switch|p1a: Kamen Rider Burr|Slowking-Galar, F|56/100
|move|p2a: Darkrai|Sludge Bomb|p1a: Kamen Rider Burr
|-resisted|p1a: Kamen Rider Burr
|-damage|p1a: Kamen Rider Burr|41/100
|
|upkeep
|turn|32
|
|t:|1769363024
|switch|p2a: Great Tusk|Great Tusk|48/100
|-prepare|p1a: Kamen Rider Burr|Chilly Reception|[premajor]
|move|p1a: Kamen Rider Burr|Chilly Reception|p1a: Kamen Rider Burr
|-weather|Snowscape
|
|t:|1769363026
|switch|p1a: Kamen Rider Shade|Dragapult, F, shiny|100/100|[from] Chilly Reception
|
|-weather|Snowscape|[upkeep]
|upkeep
|turn|33
|
|t:|1769363031
|-end|p2a: Great Tusk|Protosynthesis|[silent]
|switch|p2a: Slowking|Slowking-Galar, M|100/100
|move|p1a: Kamen Rider Shade|U-turn|p2a: Slowking
|-damage|p2a: Slowking|84/100
|
|t:|1769363033
|switch|p1a: Kamen Rider SwarmX|Lokix, F, shiny|34/100|[from] U-turn
|
|-weather|Snowscape|[upkeep]
|-heal|p2a: Slowking|90/100|[from] item: Black Sludge
|upkeep
|turn|34
|
|t:|1769363040
|switch|p2a: Great Tusk|Great Tusk|48/100
|move|p1a: Kamen Rider SwarmX|U-turn|p2a: Great Tusk
|-resisted|p2a: Great Tusk
|-damage|p2a: Great Tusk|13/100
|
|t:|1769363042
|switch|p1a: Kamen Rider Shade|Dragapult, F, shiny|100/100|[from] U-turn
|
|-weather|Snowscape|[upkeep]
|upkeep
|turn|35
|
|t:|1769363047
|move|p1a: Kamen Rider Shade|U-turn|p2a: Great Tusk
|-resisted|p2a: Great Tusk
|-damage|p2a: Great Tusk|7/100
|
|t:|1769363050
|switch|p1a: Kamen Rider Torque|Great Tusk|100/100|[from] U-turn
|move|p2a: Great Tusk|Knock Off|p1a: Kamen Rider Torque
|-resisted|p1a: Kamen Rider Torque
|-damage|p1a: Kamen Rider Torque|87/100
|-enditem|p1a: Kamen Rider Torque|Heavy-Duty Boots|[from] move: Knock Off|[of] p2a: Great Tusk
|
|-weather|Snowscape|[upkeep]
|upkeep
|turn|36
|
|t:|1769363057
|-end|p2a: Great Tusk|Protosynthesis|[silent]
|switch|p2a: Hatterene|Hatterene, F|90/100
|move|p1a: Kamen Rider Torque|Rapid Spin|p2a: Hatterene
|-damage|p2a: Hatterene|77/100
|-boost|p1a: Kamen Rider Torque|spe|1
|
|-weather|none
|-heal|p2a: Hatterene|83/100|[from] item: Leftovers
|upkeep
|turn|37
|
|t:|1769363064
|-end|p1a: Kamen Rider Torque|Protosynthesis|[silent]
|switch|p1a: Kamen Rider Burr|Slowking-Galar, F|74/100
|move|p2a: Hatterene|Calm Mind|p2a: Hatterene
|-boost|p2a: Hatterene|spa|1
|-boost|p2a: Hatterene|spd|1
|
|-heal|p2a: Hatterene|89/100|[from] item: Leftovers
|upkeep
|turn|38
|
|t:|1769363071
|move|p2a: Hatterene|Psychic Noise|p1a: Kamen Rider Burr
|-damage|p1a: Kamen Rider Burr|45/100
|-start|p1a: Kamen Rider Burr|move: Heal Block
|move|p1a: Kamen Rider Burr|Sludge Bomb|p2a: Hatterene
|-supereffective|p2a: Hatterene
|-damage|p2a: Hatterene|41/100
|
|-heal|p2a: Hatterene|47/100|[from] item: Leftovers
|upkeep
|turn|39
|
|t:|1769363077
|move|p2a: Hatterene|Mystical Fire|p1a: Kamen Rider Burr
|-damage|p1a: Kamen Rider Burr|27/100
|-unboost|p1a: Kamen Rider Burr|spa|1
|-prepare|p1a: Kamen Rider Burr|Chilly Reception|[premajor]
|move|p1a: Kamen Rider Burr|Chilly Reception|p1a: Kamen Rider Burr
|-weather|Snowscape
|
|t:|1769363079
|switch|p1a: Kamen Rider SwarmX|Lokix, F, shiny|34/100|[from] Chilly Reception
|
|-weather|Snowscape|[upkeep]
|-heal|p2a: Hatterene|53/100|[from] item: Leftovers
|upkeep
|turn|40
|-message|FishOfTheSea forfeited.
|
|win|Noamm
|raw|Noamm's rating: 1689 &rarr; <strong>1710</strong><br />(+21 for winning)
|raw|FishOfTheSea's rating: 1711 &rarr; <strong>1690</strong><br />(-21 for losing)
|l|☆FishOfTheSea
|player|p2|
|l|☆Noamm
|player|p1|
|l| ibibi57
