|j|☆butterchicken786
|j|☆epixblas
|t:|1769369852
|gametype|singles
|player|p1|butterchicken786|brycenman|1224
|player|p2|epixblas|backers|1182
|gen|9
|tier|[Gen 9] OU
|rated|
|rule|HP Percentage Mod: HP is shown in percentages
|rule|Endless Battle Clause: Forcing endless battles is banned
|rule|Species Clause: Limit one of each Pokémon
|rule|OHKO Clause: OHKO moves are banned
|rule|Evasion Items Clause: Evasion items are banned
|rule|Evasion Moves Clause: Evasion moves are banned
|rule|Evasion Abilities Clause: Evasion abilities are banned
|rule|Sleep Moves Clause: Sleep-inducing moves are banned
|clearpoke
|poke|p1|Pelipper, M|
|poke|p1|Glimmora, M|
|poke|p1|Zapdos|
|poke|p1|Walking Wake|
|poke|p1|Ogerpon-Wellspring, F|
|poke|p1|Rillaboom, M|
|poke|p2|Zamazenta-*|
|poke|p2|Ogerpon-Wellspring, F|
|poke|p2|Slowking-Galar, F|
|poke|p2|Great Tusk|
|poke|p2|Kingambit, M|
|poke|p2|Zapdos|
|teampreview
|inactive|Battle timer is ON: inactive players will automatically lose when time's up. (requested by butterchicken786)
|
|t:|1769369873
|teamsize|p1|6
|teamsize|p2|6
|start
|switch|p1a: Rillaboom|Rillaboom, M|100/100
|switch|p2a: Slowking|Slowking-Galar, F|100/100
|-fieldstart|move: Grassy Terrain|[from] ability: Grassy Surge|[of] p1a: Rillaboom
|turn|1
|
|t:|1769369888
|move|p1a: Rillaboom|U-turn|p2a: Slowking
|-damage|p2a: Slowking|75/100
|
|t:|1769369905
|switch|p1a: Glimmora|Glimmora, M|100/100|[from] U-turn
|move|p2a: Slowking|Sludge Bomb|p1a: Glimmora
|-resisted|p1a: Glimmora
|-damage|p1a: Glimmora|87/100
|
|-heal|p1a: Glimmora|93/100|[from] Grassy Terrain
|-heal|p2a: Slowking|81/100|[from] Grassy Terrain
|upkeep
|turn|2
|
|t:|1769369910
|move|p1a: Glimmora|Stealth Rock|p2a: Slowking
|-sidestart|p2: epixblas|move: Stealth Rock
|move|p2a: Slowking|Psyshock|p1a: Glimmora
|-supereffective|p1a: Glimmora
|-damage|p1a: Glimmora|3/100
|
|-heal|p1a: Glimmora|9/100|[from] Grassy Terrain
|-heal|p2a: Slowking|87/100|[from] Grassy Terrain
|upkeep
|turn|3
|
|t:|1769369925
|switch|p1a: Pelipper|Pelipper, M|100/100
|-weather|RainDance|[from] ability: Drizzle|[of] p1a: Pelipper
|move|p2a: Slowking|Psyshock|p1a: Pelipper
|-damage|p1a: Pelipper|52/100
|
|-weather|RainDance|[upkeep]
|-heal|p2a: Slowking|93/100|[from] Grassy Terrain
|upkeep
|turn|4
|
|t:|1769369945
|move|p1a: Pelipper|Weather Ball|p2a: Slowking
|-damage|p2a: Slowking|59/100
|move|p2a: Slowking|Sludge Bomb|p1a: Pelipper
|-damage|p1a: Pelipper|0 fnt
|faint|p1a: Pelipper
|
|-weather|RainDance|[upkeep]
|-heal|p2a: Slowking|65/100|[from] Grassy Terrain
|upkeep
|
|t:|1769369955
|switch|p1a: Ogerpon|Ogerpon-Wellspring, F|100/100
|turn|5
|inactive|epixblas has 120 seconds left.
|
|t:|1769369983
|-terastallize|p1a: Ogerpon|Water
|detailschange|p1a: Ogerpon|Ogerpon-Wellspring-Tera, F, tera:Water
|-ability|p1a: Ogerpon|Embody Aspect (Wellspring)|boost
|-boost|p1a: Ogerpon|spd|1
|move|p1a: Ogerpon|Ivy Cudgel|p2a: Slowking|[anim] Ivy Cudgel Water
|-damage|p2a: Slowking|0 fnt
|faint|p2a: Slowking
|
|-weather|RainDance|[upkeep]
|-fieldend|move: Grassy Terrain
|upkeep
|inactive|epixblas has 120 seconds left.
|
|t:|1769369989
|switch|p2a: Zapdos|Zapdos|100/100
|turn|6
|
|t:|1769369993
|move|p1a: Ogerpon|Ivy Cudgel|p2a: Zapdos|[anim] Ivy Cudgel Water
|-damage|p2a: Zapdos|0 fnt
|faint|p2a: Zapdos
|
|-weather|RainDance|[upkeep]
|upkeep
|
|t:|1769370002
|switch|p2a: Zamazenta|Zamazenta|100/100
|-damage|p2a: Zamazenta|94/100|[from] Stealth Rock
|-ability|p2a: Zamazenta|Dauntless Shield|boost
|-boost|p2a: Zamazenta|def|1
|turn|7
|
|t:|1769370008
|move|p2a: Zamazenta|Close Combat|p1a: Ogerpon
|-damage|p1a: Ogerpon|29/100
|-unboost|p2a: Zamazenta|def|1
|-unboost|p2a: Zamazenta|spd|1
|move|p1a: Ogerpon|Ivy Cudgel|p2a: Zamazenta|[anim] Ivy Cudgel Water
|-crit|p2a: Zamazenta
|-damage|p2a: Zamazenta|0 fnt
|faint|p2a: Zamazenta
|
|-weather|none
|upkeep
|
|t:|1769370013
|switch|p2a: Kingambit|Kingambit, M|100/100
|-damage|p2a: Kingambit|94/100|[from] Stealth Rock
|-activate|p2a: Kingambit|ability: Supreme Overlord
|-start|p2a: Kingambit|fallen3|[silent]
|turn|8
|
|t:|1769370017
|switch|p1a: Rillaboom|Rillaboom, M|100/100
|-fieldstart|move: Grassy Terrain|[from] ability: Grassy Surge|[of] p1a: Rillaboom
|move|p2a: Kingambit|Kowtow Cleave|p1a: Rillaboom
|-damage|p1a: Rillaboom|28/100
|
|-heal|p1a: Rillaboom|34/100|[from] Grassy Terrain
|-heal|p2a: Kingambit|100/100|[from] Grassy Terrain
|upkeep
|turn|9
|
|t:|1769370021
|move|p1a: Rillaboom|High Horsepower|p2a: Kingambit
|-supereffective|p2a: Kingambit
|-damage|p2a: Kingambit|54/100
|move|p2a: Kingambit|Kowtow Cleave|p1a: Rillaboom
|-damage|p1a: Rillaboom|0 fnt
|faint|p1a: Rillaboom
|
|-heal|p2a: Kingambit|61/100|[from] Grassy Terrain
|-heal|p2a: Kingambit|67/100|[from] item: Leftovers
|upkeep
|
|t:|1769370025
|switch|p1a: Walking Wake|Walking Wake|100/100
|-enditem|p1a: Walking Wake|Booster Energy
|-activate|p1a: Walking Wake|ability: Protosynthesis|[fromitem]
|-start|p1a: Walking Wake|protosynthesisspe
|turn|10
|
|t:|1769370036
|move|p2a: Kingambit|Sucker Punch|p1a: Walking Wake
|-damage|p1a: Walking Wake|43/100
|move|p1a: Walking Wake|Hurricane|p2a: Kingambit
|-resisted|p2a: Kingambit
|-damage|p2a: Kingambit|47/100
|
|-heal|p1a: Walking Wake|49/100|[from] Grassy Terrain
|-heal|p2a: Kingambit|53/100|[from] Grassy Terrain
|-heal|p2a: Kingambit|59/100|[from] item: Leftovers
|upkeep
|turn|11
|
|t:|1769370045
|move|p2a: Kingambit|Sucker Punch|p1a: Walking Wake
|-damage|p1a: Walking Wake|0 fnt
|faint|p1a: Walking Wake
|-end|p1a: Walking Wake|Protosynthesis|[silent]
|
|-heal|p2a: Kingambit|65/100|[from] Grassy Terrain
|-heal|p2a: Kingambit|71/100|[from] item: Leftovers
|upkeep
|
|t:|1769370047
|switch|p1a: Zapdos|Zapdos|100/100
|turn|12
|
|t:|1769370057
|move|p1a: Zapdos|Thunder|p2a: Kingambit|[miss]
|-miss|p1a: Zapdos|p2a: Kingambit
|move|p2a: Kingambit|Swords Dance|p2a: Kingambit
|-boost|p2a: Kingambit|atk|2
|
|-heal|p2a: Kingambit|77/100|[from] Grassy Terrain
|-heal|p2a: Kingambit|84/100|[from] item: Leftovers
|-fieldend|move: Grassy Terrain
|upkeep
|turn|13
|
|t:|1769370060
|move|p1a: Zapdos|Thunder|p2a: Kingambit|[miss]
|-miss|p1a: Zapdos|p2a: Kingambit
|move|p2a: Kingambit|Kowtow Cleave|p1a: Zapdos
|-damage|p1a: Zapdos|0 fnt
|faint|p1a: Zapdos
|
|-heal|p2a: Kingambit|90/100|[from] item: Leftovers
|upkeep
|-message|butterchicken786 forfeited.
|
|win|epixblas
|raw|butterchicken786's rating: 1224 &rarr; <strong>1196</strong><br />(-28 for losing)
|raw|epixblas's rating: 1182 &rarr; <strong>1210</strong><br />(+28 for winning)
|l|☆butterchicken786
|player|p1|
