|j|☆lilbabyjedi
|j|☆DerDonPorrello
|t:|1769300825
|gametype|singles
|player|p1|lilbabyjedi|2|1159
|player|p2|DerDonPorrello|hiker-gen4|1163
|gen|9
|tier|[Gen 9] OU
|rated|
|rule|HP Percentage Mod: HP is shown in percentages
|rule|Endless Battle Clause: Forcing endless battles is banned
|rule|Species Clause: Limit one of each Pokémon
|rule|OHKO Clause: OHKO moves are banned
|rule|Evasion Items Clause: Evasion items are banned
|rule|Evasion Moves Clause: Evasion moves are banned
|rule|Evasion Abilities Clause: Evasion abilities are banned
|rule|Sleep Moves Clause: Sleep-inducing moves are banned
|clearpoke
|poke|p1|Kyurem|
|poke|p1|Cinderace, M|
|poke|p1|Tornadus-Therian, M|
|poke|p1|Hatterene, F|
|poke|p1|Great Tusk|
|poke|p1|Kingambit, F|
|poke|p2|Alomomola, M|
|poke|p2|Hydrapple, F|
|poke|p2|Kleavor, M|
|poke|p2|Overqwil, M|
|poke|p2|Hoopa|
|poke|p2|Quaxwell, M|
|teampreview
|inactive|Battle timer is ON: inactive players will automatically lose when time's up. (requested by lilbabyjedi)
|
|t:|1769300849
|teamsize|p1|6
|teamsize|p2|6
|start
|switch|p1a: Hoops|Cinderace, M|100/100
|switch|p2a: Kleavor|Kleavor, M|100/100
|turn|1
|
|t:|1769300869
|switch|p1a: Hailee Steinfeld|Kingambit, F|100/100
|move|p2a: Kleavor|Stone Axe|p1a: Hailee Steinfeld
|-resisted|p1a: Hailee Steinfeld
|-damage|p1a: Hailee Steinfeld|83/100
|-sidestart|p1: lilbabyjedi|move: Stealth Rock
|
|-heal|p1a: Hailee Steinfeld|89/100|[from] item: Leftovers
|upkeep
|turn|2
|
|t:|1769300878
|move|p2a: Kleavor|Close Combat|p1a: Hailee Steinfeld
|-supereffective|p1a: Hailee Steinfeld
|-damage|p1a: Hailee Steinfeld|0 fnt
|-unboost|p2a: Kleavor|def|1
|-unboost|p2a: Kleavor|spd|1
|faint|p1a: Hailee Steinfeld
|-end|p1a: Hailee Steinfeld|fallenundefined|[silent]
|
|upkeep
|
|t:|1769300882
|switch|p1a: Hoops|Cinderace, M|100/100
|turn|3
|
|t:|1769300887
|switch|p2a: Alomomola|Alomomola, M|100/100
|move|p1a: Hoops|Gunk Shot|p2a: Alomomola
|-start|p1a: Hoops|typechange|Poison|[from] ability: Libero
|-damage|p2a: Alomomola|64/100
|
|upkeep
|turn|4
|
|t:|1769300895
|move|p1a: Hoops|Gunk Shot|p2a: Alomomola
|-damage|p2a: Alomomola|32/100
|move|p2a: Alomomola|Wish|p2a: Alomomola
|
|upkeep
|turn|5
|
|t:|1769300903
|switch|p2a: Overqwil|Overqwil, M|100/100
|-ability|p2a: Overqwil|Intimidate|boost
|-unboost|p1a: Hoops|atk|1
|move|p1a: Hoops|Gunk Shot|p2a: Overqwil
|-resisted|p2a: Overqwil
|-damage|p2a: Overqwil|86/100
|
|-heal|p2a: Overqwil|100/100|[from] move: Wish|[wisher] Alomomola
|upkeep
|turn|6
|
|t:|1769300920
|move|p1a: Hoops|Will-O-Wisp|p2a: Overqwil
|-status|p2a: Overqwil|brn
|move|p2a: Overqwil|Toxic Spikes|p1a: Hoops
|-sidestart|p1: lilbabyjedi|move: Toxic Spikes
|
|-damage|p2a: Overqwil|94/100 brn|[from] brn
|upkeep
|turn|7
|
|t:|1769300929
|switch|p1a: Jim|Great Tusk|100/100
|-damage|p1a: Jim|98/100|[from] Stealth Rock
|-status|p1a: Jim|psn
|move|p2a: Overqwil|Crunch|p1a: Jim
|-resisted|p1a: Jim
|-damage|p1a: Jim|92/100 psn
|-damage|p2a: Overqwil|78/100 brn|[from] item: Rocky Helmet|[of] p1a: Jim
|
|-heal|p2a: Overqwil|84/100 brn|[from] item: Black Sludge
|-damage|p1a: Jim|80/100 psn|[from] psn
|-damage|p2a: Overqwil|78/100 brn|[from] brn
|upkeep
|turn|8
|
|t:|1769300947
|switch|p2a: Quaxwell|Quaxwell, M|100/100
|move|p1a: Jim|Headlong Rush|p2a: Quaxwell
|-damage|p2a: Quaxwell|69/100
|-unboost|p1a: Jim|def|1
|-unboost|p1a: Jim|spd|1
|
|-damage|p1a: Jim|68/100 psn|[from] psn
|upkeep
|turn|9
|
|t:|1769300965
|-end|p1a: Jim|Protosynthesis|[silent]
|switch|p1a: Hatchling|Tornadus-Therian, M|100/100
|-damage|p1a: Hatchling|76/100|[from] Stealth Rock
|switch|p2a: Kleavor|Kleavor, M|100/100
|
|upkeep
|turn|10
|
|t:|1769300973
|switch|p1a: Mad Hatter|Hatterene, F|100/100
|-damage|p1a: Mad Hatter|88/100|[from] Stealth Rock
|-status|p1a: Mad Hatter|psn
|move|p2a: Kleavor|U-turn|p1a: Mad Hatter
|-damage|p1a: Mad Hatter|55/100 psn
|
|t:|1769300984
|switch|p2a: Hoopa|Hoopa|100/100|[from] U-turn
|
|-heal|p1a: Mad Hatter|61/100 psn|[from] item: Leftovers
|-damage|p1a: Mad Hatter|49/100 psn|[from] psn
|upkeep
|turn|11
|
|t:|1769300990
|move|p2a: Hoopa|Shadow Ball|p1a: Mad Hatter
|-supereffective|p1a: Mad Hatter
|-damage|p1a: Mad Hatter|0 fnt
|faint|p1a: Mad Hatter
|
|upkeep
|
|t:|1769300993
|switch|p1a: Hulky|Kyurem|100/100
|-damage|p1a: Hulky|76/100|[from] Stealth Rock
|-status|p1a: Hulky|psn
|-ability|p1a: Hulky|Pressure
|turn|12
|
|t:|1769301002
|move|p1a: Hulky|Draco Meteor|p2a: Hoopa
|-damage|p2a: Hoopa|12/100
|-unboost|p1a: Hulky|spa|2
|move|p2a: Hoopa|Shadow Ball|p1a: Hulky
|-crit|p1a: Hulky
|-damage|p1a: Hulky|0 fnt
|faint|p1a: Hulky
|
|upkeep
|
|t:|1769301015
|switch|p1a: Hoops|Cinderace, M|100/100
|turn|13
|
|t:|1769301019
|move|p1a: Hoops|U-turn|p2a: Hoopa
|-start|p1a: Hoops|typechange|Bug|[from] ability: Libero
|-damage|p2a: Hoopa|0 fnt
|faint|p2a: Hoopa
|
|t:|1769301021
|switch|p1a: Hatchling|Tornadus-Therian, M|100/100|[from] U-turn
|-damage|p1a: Hatchling|76/100|[from] Stealth Rock
|
|upkeep
|
|t:|1769301028
|switch|p2a: Kleavor|Kleavor, M|100/100
|turn|14
|
|t:|1769301033
|-terastallize|p1a: Hatchling|Poison
|move|p1a: Hatchling|Bleakwind Storm|p2a: Kleavor
|-damage|p2a: Kleavor|36/100
|move|p2a: Kleavor|U-turn|p1a: Hatchling
|-resisted|p1a: Hatchling
|-damage|p1a: Hatchling|54/100
|
|t:|1769301043
|switch|p2a: Quaxwell|Quaxwell, M|69/100|[from] U-turn
|
|upkeep
|turn|15
|
|t:|1769301047
|move|p1a: Hatchling|Bleakwind Storm|p2a: Quaxwell
|-damage|p2a: Quaxwell|30/100
|-unboost|p2a: Quaxwell|spe|1
|move|p2a: Quaxwell|Liquidation|p1a: Hatchling
|-damage|p1a: Hatchling|26/100
|
|upkeep
|turn|16
|
|t:|1769301054
|move|p1a: Hatchling|Bleakwind Storm|p2a: Quaxwell|[miss]
|-miss|p1a: Hatchling|p2a: Quaxwell
|move|p2a: Quaxwell|Roost|p2a: Quaxwell
|-heal|p2a: Quaxwell|80/100
|-singleturn|p2a: Quaxwell|move: Roost
|
|upkeep
|turn|17
|-message|lilbabyjedi forfeited.
|
|win|DerDonPorrello
|raw|lilbabyjedi's rating: 1159 &rarr; <strong>1134</strong><br />(-25 for losing)
|raw|DerDonPorrello's rating: 1163 &rarr; <strong>1188</strong><br />(+25 for winning)
|l|☆lilbabyjedi
|player|p1|
|l|☆DerDonPorrello
|player|p2|
