|j|☆frmojifrmoji
|j|☆scorpion257
|t:|1769318886
|gametype|singles
|player|p1|frmojifrmoji|klara|1505
|player|p2|scorpion257|benga|1548
|gen|9
|tier|[Gen 9] OU
|rated|
|rule|HP Percentage Mod: HP is shown in percentages
|rule|Endless Battle Clause: Forcing endless battles is banned
|rule|Species Clause: Limit one of each Pokémon
|rule|OHKO Clause: OHKO moves are banned
|rule|Evasion Items Clause: Evasion items are banned
|rule|Evasion Moves Clause: Evasion moves are banned
|rule|Evasion Abilities Clause: Evasion abilities are banned
|rule|Sleep Moves Clause: Sleep-inducing moves are banned
|clearpoke
|poke|p1|Thundurus-Therian, M|
|poke|p1|Meowscarada, F|
|poke|p1|Hatterene, F|
|poke|p1|Great Tusk|
|poke|p1|Toxapex, F|
|poke|p1|Slither Wing|
|poke|p2|Dondozo, M|
|poke|p2|Blissey, F|
|poke|p2|Corviknight, F|
|poke|p2|Weezing-Galar, F|
|poke|p2|Gliscor, F|
|poke|p2|Toxapex, M|
|teampreview
|inactive|Battle timer is ON: inactive players will automatically lose when time's up. (requested by scorpion257)
|
|t:|1769318899
|teamsize|p1|6
|teamsize|p2|6
|start
|switch|p1a: Thundurus|Thundurus-Therian, M|100/100
|switch|p2a: Gliscor|Gliscor, F|100/100
|turn|1
|
|t:|1769318904
|switch|p1a: Great Tusk|Great Tusk|100/100
|move|p2a: Gliscor|Protect||[still]
|-fail|p2a: Gliscor
|
|-status|p2a: Gliscor|tox|[from] item: Toxic Orb
|upkeep
|turn|2
|
|t:|1769318909
|switch|p2a: Corviknight|Corviknight, F|100/100
|-ability|p2a: Corviknight|Pressure
|move|p1a: Great Tusk|Stealth Rock|p2a: Corviknight
|-sidestart|p2: scorpion257|move: Stealth Rock
|
|upkeep
|turn|3
|
|t:|1769318913
|-end|p1a: Great Tusk|Protosynthesis|[silent]
|switch|p1a: Thundurus|Thundurus-Therian, M|100/100
|move|p2a: Corviknight|Defog|p1a: Thundurus
|-unboost|p1a: Thundurus|evasion|1
|-sideend|p2: scorpion257|Stealth Rock|[from] move: Defog|[of] p2a: Corviknight
|
|upkeep
|turn|4
|
|t:|1769318916
|switch|p2a: Blissey|Blissey, F|100/100
|move|p1a: Thundurus|U-turn|p2a: Blissey
|-damage|p2a: Blissey|85/100
|
|t:|1769318919
|switch|p1a: Slither Wing|Slither Wing|100/100|[from] U-turn
|
|-heal|p2a: Blissey|91/100|[from] item: Leftovers
|upkeep
|turn|5
|
|t:|1769318922
|switch|p2a: Gliscor|Gliscor, F|100/100 tox
|move|p1a: Slither Wing|U-turn|p2a: Gliscor
|-resisted|p2a: Gliscor
|-damage|p2a: Gliscor|85/100 tox
|
|t:|1769318925
|-end|p1a: Slither Wing|Protosynthesis|[silent]
|switch|p1a: Great Tusk|Great Tusk|100/100|[from] U-turn
|
|-heal|p2a: Gliscor|98/100 tox|[from] ability: Poison Heal
|upkeep
|turn|6
|
|t:|1769318929
|switch|p2a: Corviknight|Corviknight, F|100/100
|-ability|p2a: Corviknight|Pressure
|move|p1a: Great Tusk|Stealth Rock|p2a: Corviknight
|-sidestart|p2: scorpion257|move: Stealth Rock
|
|upkeep
|turn|7
|
|t:|1769318935
|-end|p1a: Great Tusk|Protosynthesis|[silent]
|switch|p1a: Thundurus|Thundurus-Therian, M|100/100
|move|p2a: Corviknight|Defog|p1a: Thundurus
|-unboost|p1a: Thundurus|evasion|1
|-sideend|p2: scorpion257|Stealth Rock|[from] move: Defog|[of] p2a: Corviknight
|
|upkeep
|turn|8
|
|t:|1769318937
|switch|p2a: Blissey|Blissey, F|91/100
|move|p1a: Thundurus|Volt Switch|p2a: Blissey
|-damage|p2a: Blissey|73/100
|
|t:|1769318943
|switch|p1a: Great Tusk|Great Tusk|100/100|[from] Volt Switch
|
|-heal|p2a: Blissey|79/100|[from] item: Leftovers
|upkeep
|turn|9
|
|t:|1769318946
|switch|p2a: Corviknight|Corviknight, F|100/100
|-ability|p2a: Corviknight|Pressure
|move|p1a: Great Tusk|Stealth Rock|p2a: Corviknight
|-sidestart|p2: scorpion257|move: Stealth Rock
|
|upkeep
|turn|10
|
|t:|1769318949
|-end|p1a: Great Tusk|Protosynthesis|[silent]
|switch|p1a: Thundurus|Thundurus-Therian, M|100/100
|move|p2a: Corviknight|Defog|p1a: Thundurus
|-unboost|p1a: Thundurus|evasion|1
|-sideend|p2: scorpion257|Stealth Rock|[from] move: Defog|[of] p2a: Corviknight
|
|upkeep
|turn|11
|
|t:|1769318953
|switch|p2a: Gliscor|Gliscor, F|98/100 tox
|move|p1a: Thundurus|U-turn|p2a: Gliscor
|-resisted|p2a: Gliscor
|-damage|p2a: Gliscor|91/100 tox
|
|t:|1769318957
|switch|p1a: Great Tusk|Great Tusk|100/100|[from] U-turn
|
|-heal|p2a: Gliscor|100/100 tox|[from] ability: Poison Heal
|upkeep
|turn|12
|
|t:|1769318960
|switch|p2a: Corviknight|Corviknight, F|100/100
|-ability|p2a: Corviknight|Pressure
|move|p1a: Great Tusk|Stealth Rock|p2a: Corviknight
|-sidestart|p2: scorpion257|move: Stealth Rock
|
|upkeep
|turn|13
|
|t:|1769318963
|-end|p1a: Great Tusk|Protosynthesis|[silent]
|switch|p1a: Thundurus|Thundurus-Therian, M|100/100
|move|p2a: Corviknight|Defog|p1a: Thundurus
|-unboost|p1a: Thundurus|evasion|1
|-sideend|p2: scorpion257|Stealth Rock|[from] move: Defog|[of] p2a: Corviknight
|
|upkeep
|turn|14
|
|t:|1769318966
|switch|p2a: Gliscor|Gliscor, F|100/100 tox
|move|p1a: Thundurus|Volt Switch|p2a: Gliscor
|-immune|p2a: Gliscor
|
|upkeep
|turn|15
|
|t:|1769318970
|switch|p1a: Great Tusk|Great Tusk|100/100
|move|p2a: Gliscor|Knock Off|p1a: Great Tusk
|-resisted|p1a: Great Tusk
|-damage|p1a: Great Tusk|94/100
|-damage|p2a: Gliscor|84/100 tox|[from] item: Rocky Helmet|[of] p1a: Great Tusk
|-enditem|p1a: Great Tusk|Rocky Helmet|[from] move: Knock Off|[of] p2a: Gliscor
|
|-heal|p2a: Gliscor|97/100 tox|[from] ability: Poison Heal
|upkeep
|turn|16
|
|t:|1769318976
|switch|p2a: Corviknight|Corviknight, F|100/100
|-ability|p2a: Corviknight|Pressure
|move|p1a: Great Tusk|Stealth Rock|p2a: Corviknight
|-sidestart|p2: scorpion257|move: Stealth Rock
|
|upkeep
|turn|17
|
|t:|1769318981
|-end|p1a: Great Tusk|Protosynthesis|[silent]
|switch|p1a: Thundurus|Thundurus-Therian, M|100/100
|move|p2a: Corviknight|Defog|p1a: Thundurus
|-unboost|p1a: Thundurus|evasion|1
|-sideend|p2: scorpion257|Stealth Rock|[from] move: Defog|[of] p2a: Corviknight
|
|upkeep
|turn|18
|
|t:|1769318984
|switch|p2a: Gliscor|Gliscor, F|97/100 tox
|move|p1a: Thundurus|U-turn|p2a: Gliscor
|-resisted|p2a: Gliscor
|-damage|p2a: Gliscor|91/100 tox
|
|t:|1769318986
|switch|p1a: Great Tusk|Great Tusk|94/100|[from] U-turn
|
|-heal|p2a: Gliscor|100/100 tox|[from] ability: Poison Heal
|upkeep
|turn|19
|
|t:|1769318990
|-end|p1a: Great Tusk|Protosynthesis|[silent]
|switch|p1a: Thundurus|Thundurus-Therian, M|100/100
|switch|p2a: Corviknight|Corviknight, F|100/100
|-ability|p2a: Corviknight|Pressure
|
|upkeep
|turn|20
|
|t:|1769318993
|switch|p2a: Gliscor|Gliscor, F|100/100 tox
|move|p1a: Thundurus|U-turn|p2a: Gliscor
|-resisted|p2a: Gliscor
|-damage|p2a: Gliscor|94/100 tox
|
|t:|1769318995
|switch|p1a: Great Tusk|Great Tusk|94/100|[from] U-turn
|
|-heal|p2a: Gliscor|100/100 tox|[from] ability: Poison Heal
|upkeep
|turn|21
|
|t:|1769318998
|switch|p2a: Corviknight|Corviknight, F|100/100
|-ability|p2a: Corviknight|Pressure
|move|p1a: Great Tusk|Ice Spinner|p2a: Corviknight
|-damage|p2a: Corviknight|86/100
|
|-heal|p2a: Corviknight|93/100|[from] item: Leftovers
|upkeep
|turn|22
|
|t:|1769319002
|move|p1a: Great Tusk|Stealth Rock|p2a: Corviknight
|-sidestart|p2: scorpion257|move: Stealth Rock
|move|p2a: Corviknight|Body Press|p1a: Great Tusk
|-damage|p1a: Great Tusk|76/100
|
|-heal|p2a: Corviknight|99/100|[from] item: Leftovers
|upkeep
|turn|23
|
|t:|1769319017
|-end|p1a: Great Tusk|Protosynthesis|[silent]
|switch|p1a: Thundurus|Thundurus-Therian, M|100/100
|move|p2a: Corviknight|Defog|p1a: Thundurus
|-unboost|p1a: Thundurus|evasion|1
|-sideend|p2: scorpion257|Stealth Rock|[from] move: Defog|[of] p2a: Corviknight
|
|-heal|p2a: Corviknight|100/100|[from] item: Leftovers
|upkeep
|turn|24
|
|t:|1769319033
|switch|p2a: Gliscor|Gliscor, F|100/100 tox
|move|p1a: Thundurus|U-turn|p2a: Gliscor
|-resisted|p2a: Gliscor
|-damage|p2a: Gliscor|94/100 tox
|
|t:|1769319036
|switch|p1a: Great Tusk|Great Tusk|76/100|[from] U-turn
|
|-heal|p2a: Gliscor|100/100 tox|[from] ability: Poison Heal
|upkeep
|turn|25
|
|t:|1769319042
|switch|p2a: Corviknight|Corviknight, F|100/100
|-ability|p2a: Corviknight|Pressure
|move|p1a: Great Tusk|Stealth Rock|p2a: Corviknight
|-sidestart|p2: scorpion257|move: Stealth Rock
|
|upkeep
|turn|26
|
|t:|1769319046
|-end|p1a: Great Tusk|Protosynthesis|[silent]
|switch|p1a: Thundurus|Thundurus-Therian, M|100/100
|move|p2a: Corviknight|Defog|p1a: Thundurus
|-unboost|p1a: Thundurus|evasion|1
|-sideend|p2: scorpion257|Stealth Rock|[from] move: Defog|[of] p2a: Corviknight
|
|upkeep
|turn|27
|
|t:|1769319055
|switch|p2a: Gliscor|Gliscor, F|100/100 tox
|move|p1a: Thundurus|Tera Blast|p2a: Gliscor
|-damage|p2a: Gliscor|65/100 tox
|
|-heal|p2a: Gliscor|77/100 tox|[from] ability: Poison Heal
|upkeep
|turn|28
|
|t:|1769319063
|switch|p1a: Great Tusk|Great Tusk|76/100
|move|p2a: Gliscor|Protect||[still]
|-fail|p2a: Gliscor
|
|-heal|p2a: Gliscor|90/100 tox|[from] ability: Poison Heal
|upkeep
|turn|29
|
|t:|1769319066
|switch|p2a: Corviknight|Corviknight, F|100/100
|-ability|p2a: Corviknight|Pressure
|move|p1a: Great Tusk|Stealth Rock|p2a: Corviknight
|-sidestart|p2: scorpion257|move: Stealth Rock
|
|upkeep
|turn|30
|
|t:|1769319071
|-end|p1a: Great Tusk|Protosynthesis|[silent]
|switch|p1a: Thundurus|Thundurus-Therian, M|100/100
|move|p2a: Corviknight|Defog|p1a: Thundurus
|-unboost|p1a: Thundurus|evasion|1
|-sideend|p2: scorpion257|Stealth Rock|[from] move: Defog|[of] p2a: Corviknight
|
|upkeep
|turn|31
|
|t:|1769319077
|switch|p2a: Blissey|Blissey, F|79/100
|move|p1a: Thundurus|Tera Blast|p2a: Blissey
|-damage|p2a: Blissey|65/100
|
|-heal|p2a: Blissey|71/100|[from] item: Leftovers
|upkeep
|turn|32
|
|t:|1769319083
|switch|p1a: Great Tusk|Great Tusk|76/100
|move|p2a: Blissey|Seismic Toss|p1a: Great Tusk
|-damage|p1a: Great Tusk|53/100
|
|-heal|p2a: Blissey|77/100|[from] item: Leftovers
|upkeep
|turn|33
|
|t:|1769319089
|-end|p1a: Great Tusk|Protosynthesis|[silent]
|switch|p1a: Thundurus|Thundurus-Therian, M|100/100
|switch|p2a: Corviknight|Corviknight, F|100/100
|-ability|p2a: Corviknight|Pressure
|
|upkeep
|turn|34
|
|t:|1769319106
|switch|p2a: Gliscor|Gliscor, F|90/100 tox
|move|p1a: Thundurus|U-turn|p2a: Gliscor
|-resisted|p2a: Gliscor
|-damage|p2a: Gliscor|83/100 tox
|
|t:|1769319110
|switch|p1a: Meowscarada|Meowscarada, F|100/100|[from] U-turn
|
|-heal|p2a: Gliscor|96/100 tox|[from] ability: Poison Heal
|upkeep
|turn|35
|
|t:|1769319124
|switch|p2a: Weezing|Weezing-Galar, F|100/100
|-ability|p2a: Weezing|Neutralizing Gas
|move|p1a: Meowscarada|U-turn|p2a: Weezing
|-resisted|p2a: Weezing
|-damage|p2a: Weezing|97/100
|
|t:|1769319130
|switch|p1a: Toxapex|Toxapex, F|100/100|[from] U-turn
|
|upkeep
|turn|36
|
|t:|1769319139
|move|p2a: Weezing|Toxic Spikes|p1a: Toxapex
|-sidestart|p1: frmojifrmoji|move: Toxic Spikes
|move|p1a: Toxapex|Infestation|p2a: Weezing
|-resisted|p2a: Weezing
|-damage|p2a: Weezing|96/100
|-activate|p2a: Weezing|move: Infestation|[of] p1a: Toxapex
|
|-damage|p2a: Weezing|84/100|[from] move: Infestation|[partiallytrapped]
|upkeep
|turn|37
|
|t:|1769319146
|move|p2a: Weezing|Will-O-Wisp|p1a: Toxapex
|-status|p1a: Toxapex|brn
|move|p1a: Toxapex|Surf|p2a: Weezing
|-damage|p2a: Weezing|44/100
|
|-damage|p1a: Toxapex|95/100 brn|[from] brn
|-damage|p2a: Weezing|32/100|[from] move: Infestation|[partiallytrapped]
|upkeep
|turn|38
|
|t:|1769319150
|move|p2a: Weezing|Pain Split|p1a: Toxapex
|-sethp|p1a: Toxapex|65/100 brn|[from] move: Pain Split|[silent]
|-sethp|p2a: Weezing|59/100|[from] move: Pain Split
|move|p1a: Toxapex|Surf|p2a: Weezing
|-damage|p2a: Weezing|17/100
|
|-damage|p1a: Toxapex|59/100 brn|[from] brn
|-damage|p2a: Weezing|5/100|[from] move: Infestation|[partiallytrapped]
|upkeep
|turn|39
|
|t:|1769319157
|move|p2a: Weezing|Pain Split|p1a: Toxapex
|-sethp|p1a: Toxapex|32/100 brn|[from] move: Pain Split|[silent]
|-sethp|p2a: Weezing|29/100|[from] move: Pain Split
|move|p1a: Toxapex|Surf|p2a: Weezing
|-damage|p2a: Weezing|0 fnt
|faint|p2a: Weezing
|-end|p2a: Weezing|ability: Neutralizing Gas
|
|-damage|p1a: Toxapex|26/100 brn|[from] brn
|upkeep
|
|t:|1769319170
|switch|p2a: Blissey|Blissey, F|77/100
|turn|40
|
|t:|1769319175
|switch|p1a: Thundurus|Thundurus-Therian, M|100/100
|move|p2a: Blissey|Seismic Toss|p1a: Thundurus
|-damage|p1a: Thundurus|67/100
|
|-heal|p2a: Blissey|84/100|[from] item: Leftovers
|upkeep
|turn|41
|
|t:|1769319181
|switch|p2a: Gliscor|Gliscor, F|96/100 tox
|move|p1a: Thundurus|U-turn|p2a: Gliscor
|-resisted|p2a: Gliscor
|-crit|p2a: Gliscor
|-damage|p2a: Gliscor|87/100 tox
|
|t:|1769319184
|switch|p1a: Toxapex|Toxapex, F|60/100 brn|[from] U-turn
|-sideend|p1: frmojifrmoji|move: Toxic Spikes|[of] p1a: Toxapex
|
|-heal|p2a: Gliscor|99/100 tox|[from] ability: Poison Heal
|-damage|p1a: Toxapex|54/100 brn|[from] brn
|upkeep
|turn|42
|
|t:|1769319189
|switch|p1a: Great Tusk|Great Tusk|53/100
|move|p2a: Gliscor|Earthquake|p1a: Great Tusk
|-damage|p1a: Great Tusk|32/100
|
|-heal|p2a: Gliscor|100/100 tox|[from] ability: Poison Heal
|upkeep
|turn|43
|
|t:|1769319196
|-end|p1a: Great Tusk|Protosynthesis|[silent]
|switch|p1a: Toxapex|Toxapex, F|87/100 brn
|switch|p2a: Corviknight|Corviknight, F|100/100
|-ability|p2a: Corviknight|Pressure
|
|-damage|p1a: Toxapex|81/100 brn|[from] brn
|upkeep
|turn|44
|
|t:|1769319200
|switch|p2a: Blissey|Blissey, F|84/100
|move|p1a: Toxapex|Infestation|p2a: Blissey
|-damage|p2a: Blissey|82/100
|-activate|p2a: Blissey|move: Infestation|[of] p1a: Toxapex
|
|-heal|p2a: Blissey|88/100|[from] item: Leftovers
|-damage|p1a: Toxapex|75/100 brn|[from] brn
|-damage|p2a: Blissey|76/100|[from] move: Infestation|[partiallytrapped]
|upkeep
|turn|45
|
|t:|1769319204
|move|p2a: Blissey|Seismic Toss|p1a: Toxapex
|-damage|p1a: Toxapex|42/100 brn
|move|p1a: Toxapex|Sludge Bomb|p2a: Blissey
|-damage|p2a: Blissey|68/100
|-status|p2a: Blissey|psn
|
|-heal|p2a: Blissey|74/100 psn|[from] item: Leftovers
|-damage|p2a: Blissey|61/100 psn|[from] psn
|-damage|p1a: Toxapex|36/100 brn|[from] brn
|-damage|p2a: Blissey|49/100 psn|[from] move: Infestation|[partiallytrapped]
|upkeep
|turn|46
|
|t:|1769319224
|switch|p1a: Slither Wing|Slither Wing|100/100
|move|p2a: Blissey|Soft-Boiled|p2a: Blissey
|-heal|p2a: Blissey|99/100 psn
|
|-heal|p2a: Blissey|100/100 psn|[from] item: Leftovers
|-damage|p2a: Blissey|88/100 psn|[from] psn
|-end|p2a: Blissey|Infestation|[partiallytrapped]|[silent]
|upkeep
|turn|47
|
|t:|1769319230
|-curestatus|p2a: Blissey|psn|[from] ability: Natural Cure
|switch|p2a: Toxapex|Toxapex, M|100/100
|move|p1a: Slither Wing|U-turn|p2a: Toxapex
|-resisted|p2a: Toxapex
|-damage|p2a: Toxapex|83/100
|
|t:|1769319237
|-end|p1a: Slither Wing|Protosynthesis|[silent]
|switch|p1a: Great Tusk|Great Tusk|32/100|[from] U-turn
|
|-heal|p2a: Toxapex|89/100|[from] item: Leftovers
|upkeep
|turn|48
|
|t:|1769319241
|switch|p2a: Corviknight|Corviknight, F|100/100
|-ability|p2a: Corviknight|Pressure
|move|p1a: Great Tusk|Stealth Rock|p2a: Corviknight
|-sidestart|p2: scorpion257|move: Stealth Rock
|
|upkeep
|turn|49
|
|t:|1769319245
|-end|p1a: Great Tusk|Protosynthesis|[silent]
|switch|p1a: Thundurus|Thundurus-Therian, M|67/100
|move|p2a: Corviknight|Defog|p1a: Thundurus
|-unboost|p1a: Thundurus|evasion|1
|-sideend|p2: scorpion257|Stealth Rock|[from] move: Defog|[of] p2a: Corviknight
|
|upkeep
|turn|50
|
|t:|1769319253
|switch|p2a: Gliscor|Gliscor, F|100/100 tox
|move|p1a: Thundurus|U-turn|p2a: Gliscor
|-resisted|p2a: Gliscor
|-damage|p2a: Gliscor|94/100 tox
|
|t:|1769319256
|switch|p1a: Hatterene|Hatterene, F|100/100|[from] U-turn
|
|-heal|p2a: Gliscor|100/100 tox|[from] ability: Poison Heal
|upkeep
|turn|51
|
|t:|1769319259
|move|p2a: Gliscor|Knock Off|p1a: Hatterene
|-damage|p1a: Hatterene|84/100
|-enditem|p1a: Hatterene|Leftovers|[from] move: Knock Off|[of] p2a: Gliscor
|move|p1a: Hatterene|Calm Mind|p1a: Hatterene
|-boost|p1a: Hatterene|spa|1
|-boost|p1a: Hatterene|spd|1
|
|upkeep
|turn|52
|
|t:|1769319265
|switch|p2a: Blissey|Blissey, F|88/100
|move|p1a: Hatterene|Calm Mind|p1a: Hatterene
|-boost|p1a: Hatterene|spa|1
|-boost|p1a: Hatterene|spd|1
|
|-heal|p2a: Blissey|94/100|[from] item: Leftovers
|upkeep
|turn|53
|
|t:|1769319271
|move|p2a: Blissey|Calm Mind|p2a: Blissey
|-boost|p2a: Blissey|spa|1
|-boost|p2a: Blissey|spd|1
|move|p1a: Hatterene|Nuzzle|p2a: Blissey
|-damage|p2a: Blissey|91/100
|-status|p2a: Blissey|par
|
|-heal|p2a: Blissey|97/100 par|[from] item: Leftovers
|upkeep
|turn|54
|
|t:|1769319276
|move|p1a: Hatterene|Calm Mind|p1a: Hatterene
|-boost|p1a: Hatterene|spa|1
|-boost|p1a: Hatterene|spd|1
|move|p2a: Blissey|Calm Mind|p2a: Blissey
|-boost|p2a: Blissey|spa|1
|-boost|p2a: Blissey|spd|1
|
|-heal|p2a: Blissey|100/100 par|[from] item: Leftovers
|upkeep
|turn|55
|
|t:|1769319280
|-terastallize|p2a: Blissey|Dark
|move|p1a: Hatterene|Psychic Noise|p2a: Blissey
|-immune|p2a: Blissey
|move|p2a: Blissey|Calm Mind|p2a: Blissey
|-boost|p2a: Blissey|spa|1
|-boost|p2a: Blissey|spd|1
|
|upkeep
|turn|56
|
|t:|1769319285
|switch|p1a: Slither Wing|Slither Wing|100/100
|cant|p2a: Blissey|par
|
|upkeep
|turn|57
|
|t:|1769319290
|-curestatus|p2a: Blissey|par|[from] ability: Natural Cure
|switch|p2a: Gliscor|Gliscor, F|100/100 tox
|move|p1a: Slither Wing|First Impression|p2a: Gliscor
|-resisted|p2a: Gliscor
|-damage|p2a: Gliscor|79/100 tox
|
|-heal|p2a: Gliscor|91/100 tox|[from] ability: Poison Heal
|upkeep
|turn|58
|
|t:|1769319297
|move|p1a: Slither Wing|U-turn|p2a: Gliscor
|-resisted|p2a: Gliscor
|-damage|p2a: Gliscor|76/100 tox
|
|t:|1769319302
|-end|p1a: Slither Wing|Protosynthesis|[silent]
|switch|p1a: Hatterene|Hatterene, F|84/100|[from] U-turn
|move|p2a: Gliscor|Earthquake|p1a: Hatterene
|-damage|p1a: Hatterene|57/100
|
|-heal|p2a: Gliscor|89/100 tox|[from] ability: Poison Heal
|upkeep
|turn|59
|
|t:|1769319308
|move|p2a: Gliscor|Earthquake|p1a: Hatterene
|-damage|p1a: Hatterene|28/100
|move|p1a: Hatterene|Draining Kiss|p2a: Gliscor
|-damage|p2a: Gliscor|71/100 tox
|-heal|p1a: Hatterene|43/100|[from] drain|[of] p2a: Gliscor
|
|-heal|p2a: Gliscor|84/100 tox|[from] ability: Poison Heal
|upkeep
|turn|60
|
|t:|1769319319
|move|p2a: Gliscor|Earthquake|p1a: Hatterene
|-crit|p1a: Hatterene
|-damage|p1a: Hatterene|2/100
|move|p1a: Hatterene|Draining Kiss|p2a: Gliscor
|-damage|p2a: Gliscor|65/100 tox
|-heal|p1a: Hatterene|17/100|[from] drain|[of] p2a: Gliscor
|
|-heal|p2a: Gliscor|77/100 tox|[from] ability: Poison Heal
|upkeep
|turn|61
|
|t:|1769319325
|switch|p1a: Thundurus|Thundurus-Therian, M|67/100
|move|p2a: Gliscor|Earthquake|p1a: Thundurus
|-immune|p1a: Thundurus
|
|-heal|p2a: Gliscor|90/100 tox|[from] ability: Poison Heal
|upkeep
|turn|62
|
|t:|1769319330
|move|p1a: Thundurus|U-turn|p2a: Gliscor
|-resisted|p2a: Gliscor
|-damage|p2a: Gliscor|84/100 tox
|
|t:|1769319334
|switch|p1a: Great Tusk|Great Tusk|32/100|[from] U-turn
|move|p2a: Gliscor|Knock Off|p1a: Great Tusk
|-resisted|p1a: Great Tusk
|-damage|p1a: Great Tusk|28/100
|
|-heal|p2a: Gliscor|96/100 tox|[from] ability: Poison Heal
|upkeep
|turn|63
|
|t:|1769319346
|-end|p1a: Great Tusk|Protosynthesis|[silent]
|switch|p1a: Toxapex|Toxapex, F|69/100 brn
|switch|p2a: Corviknight|Corviknight, F|100/100
|-ability|p2a: Corviknight|Pressure
|
|-damage|p1a: Toxapex|64/100 brn|[from] brn
|upkeep
|turn|64
|
|t:|1769319358
|switch|p2a: Blissey|Blissey, F, tera:Dark|100/100
|switch|p1a: Slither Wing|Slither Wing|100/100
|
|upkeep
|turn|65
|
|t:|1769319363
|switch|p2a: Toxapex|Toxapex, M|100/100
|move|p1a: Slither Wing|U-turn|p2a: Toxapex
|-resisted|p2a: Toxapex
|-damage|p2a: Toxapex|83/100
|
|t:|1769319368
|-end|p1a: Slither Wing|Protosynthesis|[silent]
|switch|p1a: Great Tusk|Great Tusk|28/100|[from] U-turn
|
|-heal|p2a: Toxapex|89/100|[from] item: Leftovers
|upkeep
|turn|66
|
|t:|1769319373
|-end|p1a: Great Tusk|Protosynthesis|[silent]
|switch|p1a: Toxapex|Toxapex, F|97/100 brn
|switch|p2a: Corviknight|Corviknight, F|100/100
|-ability|p2a: Corviknight|Pressure
|
|-damage|p1a: Toxapex|91/100 brn|[from] brn
|upkeep
|turn|67
|
|t:|1769319383
|switch|p2a: Toxapex|Toxapex, M|100/100
|move|p1a: Toxapex|Infestation|p2a: Toxapex
|-resisted|p2a: Toxapex
|-damage|p2a: Toxapex|99/100
|-activate|p2a: Toxapex|move: Infestation|[of] p1a: Toxapex
|
|-heal|p2a: Toxapex|100/100|[from] item: Leftovers
|-damage|p1a: Toxapex|85/100 brn|[from] brn
|-damage|p2a: Toxapex|88/100|[from] move: Infestation|[partiallytrapped]
|upkeep
|turn|68
|
|t:|1769319390
|move|p1a: Toxapex|Surf|p2a: Toxapex
|-resisted|p2a: Toxapex
|-crit|p2a: Toxapex
|-damage|p2a: Toxapex|74/100
|move|p2a: Toxapex|Haze|p2a: Toxapex
|-clearallboost
|
|-heal|p2a: Toxapex|80/100|[from] item: Leftovers
|-damage|p1a: Toxapex|79/100 brn|[from] brn
|-damage|p2a: Toxapex|68/100|[from] move: Infestation|[partiallytrapped]
|upkeep
|turn|69
|
|t:|1769319393
|move|p1a: Toxapex|Surf|p2a: Toxapex
|-resisted|p2a: Toxapex
|-damage|p2a: Toxapex|58/100
|move|p2a: Toxapex|Haze|p2a: Toxapex
|-clearallboost
|
|-heal|p2a: Toxapex|64/100|[from] item: Leftovers
|-damage|p1a: Toxapex|73/100 brn|[from] brn
|-damage|p2a: Toxapex|52/100|[from] move: Infestation|[partiallytrapped]
|upkeep
|turn|70
|
|t:|1769319396
|move|p1a: Toxapex|Surf|p2a: Toxapex
|-resisted|p2a: Toxapex
|-damage|p2a: Toxapex|43/100
|move|p2a: Toxapex|Haze|p2a: Toxapex
|-clearallboost
|
|-heal|p2a: Toxapex|50/100|[from] item: Leftovers
|-damage|p1a: Toxapex|67/100 brn|[from] brn
|-damage|p2a: Toxapex|37/100|[from] move: Infestation|[partiallytrapped]
|upkeep
|turn|71
|
|t:|1769319401
|move|p1a: Toxapex|Surf|p2a: Toxapex
|-resisted|p2a: Toxapex
|-damage|p2a: Toxapex|28/100
|move|p2a: Toxapex|Recover|p2a: Toxapex
|-heal|p2a: Toxapex|78/100
|
|-heal|p2a: Toxapex|84/100|[from] item: Leftovers
|-damage|p1a: Toxapex|61/100 brn|[from] brn
|-damage|p2a: Toxapex|72/100|[from] move: Infestation|[partiallytrapped]
|upkeep
|turn|72
|j| iamfrhaan007
|
|t:|1769319407
|switch|p1a: Great Tusk|Great Tusk|28/100
|move|p2a: Toxapex|Haze|p2a: Toxapex
|-clearallboost
|
|-heal|p2a: Toxapex|78/100|[from] item: Leftovers
|-end|p2a: Toxapex|Infestation|[partiallytrapped]
|upkeep
|turn|73
|
|t:|1769319414
|-end|p1a: Great Tusk|Protosynthesis|[silent]
|switch|p1a: Toxapex|Toxapex, F|95/100 brn
|switch|p2a: Corviknight|Corviknight, F|100/100
|-ability|p2a: Corviknight|Pressure
|
|-damage|p1a: Toxapex|89/100 brn|[from] brn
|upkeep
|turn|74
|inactive|frmojifrmoji has 120 seconds left.
|
|t:|1769319446
|switch|p2a: Toxapex|Toxapex, M|100/100
|switch|p1a: Great Tusk|Great Tusk|28/100
|
|upkeep
|turn|75
|
|t:|1769319449
|-end|p1a: Great Tusk|Protosynthesis|[silent]
|switch|p1a: Toxapex|Toxapex, F|100/100 brn
|switch|p2a: Corviknight|Corviknight, F|100/100
|-ability|p2a: Corviknight|Pressure
|
|-damage|p1a: Toxapex|95/100 brn|[from] brn
|upkeep
|turn|76
|
|t:|1769319454
|switch|p2a: Toxapex|Toxapex, M|100/100
|move|p1a: Toxapex|Surf|p2a: Toxapex
|-resisted|p2a: Toxapex
|-crit|p2a: Toxapex
|-damage|p2a: Toxapex|86/100
|
|-heal|p2a: Toxapex|93/100|[from] item: Leftovers
|-damage|p1a: Toxapex|89/100 brn|[from] brn
|upkeep
|turn|77
|
|t:|1769319459
|switch|p1a: Slither Wing|Slither Wing|100/100
|move|p2a: Toxapex|Poison Jab|p1a: Slither Wing
|-damage|p1a: Slither Wing|76/100
|-status|p1a: Slither Wing|psn
|
|-heal|p2a: Toxapex|99/100|[from] item: Leftovers
|-damage|p1a: Slither Wing|64/100 psn|[from] psn
|upkeep
|turn|78
|
|t:|1769319466
|switch|p2a: Gliscor|Gliscor, F|96/100 tox
|move|p1a: Slither Wing|Earthquake|p2a: Gliscor
|-immune|p2a: Gliscor
|
|-damage|p1a: Slither Wing|52/100 psn|[from] psn
|-heal|p2a: Gliscor|100/100 tox|[from] ability: Poison Heal
|upkeep
|turn|79
|
|t:|1769319475
|-end|p1a: Slither Wing|Protosynthesis|[silent]
|switch|p1a: Great Tusk|Great Tusk|28/100
|move|p2a: Gliscor|Knock Off|p1a: Great Tusk
|-resisted|p1a: Great Tusk
|-damage|p1a: Great Tusk|24/100
|
|upkeep
|turn|80
|
|t:|1769319482
|switch|p2a: Corviknight|Corviknight, F|100/100
|-ability|p2a: Corviknight|Pressure
|move|p1a: Great Tusk|Stealth Rock|p2a: Corviknight
|-sidestart|p2: scorpion257|move: Stealth Rock
|
|upkeep
|turn|81
|
|t:|1769319487
|-end|p1a: Great Tusk|Protosynthesis|[silent]
|switch|p1a: Hatterene|Hatterene, F|17/100
|move|p2a: Corviknight|Defog|p1a: Hatterene
|move|p1a: Hatterene|Defog|p2a: Corviknight|[from] ability: Magic Bounce
|-unboost|p2a: Corviknight|evasion|1
|-sideend|p2: scorpion257|Stealth Rock|[from] move: Defog|[of] p1a: Hatterene
|
|upkeep
|turn|82
|
|t:|1769319494
|switch|p2a: Toxapex|Toxapex, M|100/100
|move|p1a: Hatterene|Nuzzle|p2a: Toxapex
|-supereffective|p2a: Toxapex
|-damage|p2a: Toxapex|95/100
|-status|p2a: Toxapex|par
|
|-heal|p2a: Toxapex|100/100 par|[from] item: Leftovers
|upkeep
|turn|83
|
|t:|1769319498
|switch|p1a: Toxapex|Toxapex, F|100/100 brn
|move|p2a: Toxapex|Poison Jab|p1a: Toxapex
|-resisted|p1a: Toxapex
|-damage|p1a: Toxapex|94/100 brn
|
|-damage|p1a: Toxapex|88/100 brn|[from] brn
|upkeep
|turn|84
|
|t:|1769319506
|move|p1a: Toxapex|Surf|p2a: Toxapex
|-resisted|p2a: Toxapex
|-damage|p2a: Toxapex|92/100 par
|move|p2a: Toxapex|Haze|p2a: Toxapex
|-clearallboost
|
|-heal|p2a: Toxapex|98/100 par|[from] item: Leftovers
|-damage|p1a: Toxapex|82/100 brn|[from] brn
|upkeep
|turn|85
|
|t:|1769319511
|switch|p1a: Great Tusk|Great Tusk|24/100
|cant|p2a: Toxapex|par
|
|-heal|p2a: Toxapex|100/100 par|[from] item: Leftovers
|upkeep
|turn|86
|
|t:|1769319517
|-end|p1a: Great Tusk|Protosynthesis|[silent]
|switch|p1a: Hatterene|Hatterene, F|17/100
|switch|p2a: Corviknight|Corviknight, F|100/100
|-ability|p2a: Corviknight|Pressure
|
|upkeep
|turn|87
|
|t:|1769319525
|switch|p2a: Gliscor|Gliscor, F|100/100 tox
|move|p1a: Hatterene|Draining Kiss|p2a: Gliscor
|-damage|p2a: Gliscor|81/100 tox
|-heal|p1a: Hatterene|34/100|[from] drain|[of] p2a: Gliscor
|
|-heal|p2a: Gliscor|93/100 tox|[from] ability: Poison Heal
|upkeep
|turn|88
|
|t:|1769319529
|switch|p1a: Thundurus|Thundurus-Therian, M|67/100
|move|p2a: Gliscor|Knock Off|p1a: Thundurus
|-damage|p1a: Thundurus|32/100
|-enditem|p1a: Thundurus|Choice Specs|[from] move: Knock Off|[of] p2a: Gliscor
|
|-heal|p2a: Gliscor|100/100 tox|[from] ability: Poison Heal
|upkeep
|turn|89
|
|t:|1769319538
|move|p1a: Thundurus|U-turn|p2a: Gliscor
|-resisted|p2a: Gliscor
|-damage|p2a: Gliscor|95/100 tox
|
|t:|1769319544
|switch|p1a: Great Tusk|Great Tusk|24/100|[from] U-turn
|move|p2a: Gliscor|Knock Off|p1a: Great Tusk
|-resisted|p1a: Great Tusk
|-damage|p1a: Great Tusk|19/100
|
|-heal|p2a: Gliscor|100/100 tox|[from] ability: Poison Heal
|upkeep
|turn|90
|
|t:|1769319555
|-end|p1a: Great Tusk|Protosynthesis|[silent]
|switch|p1a: Hatterene|Hatterene, F|34/100
|switch|p2a: Corviknight|Corviknight, F|100/100
|-ability|p2a: Corviknight|Pressure
|
|upkeep
|turn|91
|
|t:|1769319560
|switch|p2a: Gliscor|Gliscor, F|100/100 tox
|move|p1a: Hatterene|Draining Kiss|p2a: Gliscor
|-damage|p2a: Gliscor|81/100 tox
|-heal|p1a: Hatterene|50/100|[from] drain|[of] p2a: Gliscor
|
|-heal|p2a: Gliscor|93/100 tox|[from] ability: Poison Heal
|upkeep
|turn|92
|
|t:|1769319568
|move|p2a: Gliscor|Knock Off|p1a: Hatterene
|-damage|p1a: Hatterene|38/100
|move|p1a: Hatterene|Calm Mind|p1a: Hatterene
|-boost|p1a: Hatterene|spa|1
|-boost|p1a: Hatterene|spd|1
|
|-heal|p2a: Gliscor|100/100 tox|[from] ability: Poison Heal
|upkeep
|turn|93
|
|t:|1769319573
|switch|p2a: Blissey|Blissey, F, tera:Dark|100/100
|move|p1a: Hatterene|Draining Kiss|p2a: Blissey
|-supereffective|p2a: Blissey
|-damage|p2a: Blissey|81/100
|-heal|p1a: Hatterene|68/100|[from] drain|[of] p2a: Blissey
|
|-heal|p2a: Blissey|88/100|[from] item: Leftovers
|upkeep
|turn|94
|
|t:|1769319577
|move|p2a: Blissey|Calm Mind|p2a: Blissey
|-boost|p2a: Blissey|spa|1
|-boost|p2a: Blissey|spd|1
|move|p1a: Hatterene|Draining Kiss|p2a: Blissey
|-supereffective|p2a: Blissey
|-damage|p2a: Blissey|74/100
|-heal|p1a: Hatterene|90/100|[from] drain|[of] p2a: Blissey
|
|-heal|p2a: Blissey|80/100|[from] item: Leftovers
|upkeep
|turn|95
|
|t:|1769319582
|switch|p1a: Slither Wing|Slither Wing|52/100 psn
|move|p2a: Blissey|Calm Mind|p2a: Blissey
|-boost|p2a: Blissey|spa|1
|-boost|p2a: Blissey|spd|1
|
|-heal|p2a: Blissey|86/100|[from] item: Leftovers
|-damage|p1a: Slither Wing|40/100 psn|[from] psn
|upkeep
|turn|96
|
|t:|1769319596
|switch|p2a: Gliscor|Gliscor, F|100/100 tox
|move|p1a: Slither Wing|U-turn|p2a: Gliscor
|-resisted|p2a: Gliscor
|-crit|p2a: Gliscor
|-damage|p2a: Gliscor|77/100 tox
|
|t:|1769319599
|-end|p1a: Slither Wing|Protosynthesis|[silent]
|switch|p1a: Meowscarada|Meowscarada, F|100/100|[from] U-turn
|
|-heal|p2a: Gliscor|89/100 tox|[from] ability: Poison Heal
|upkeep
|turn|97
|
|t:|1769319607
|move|p2a: Gliscor|Protect|p2a: Gliscor
|-singleturn|p2a: Gliscor|Protect
|move|p1a: Meowscarada|Knock Off|p2a: Gliscor
|-start|p1a: Meowscarada|typechange|Dark|[from] ability: Protean
|-activate|p2a: Gliscor|move: Protect
|
|-heal|p2a: Gliscor|100/100 tox|[from] ability: Poison Heal
|upkeep
|turn|98
|
|t:|1769319615
|move|p1a: Meowscarada|Knock Off|p2a: Gliscor
|-damage|p2a: Gliscor|66/100 tox
|-enditem|p2a: Gliscor|Toxic Orb|[from] move: Knock Off|[of] p1a: Meowscarada
|move|p2a: Gliscor|Spikes|p1a: Meowscarada
|-sidestart|p1: frmojifrmoji|Spikes
|
|-heal|p2a: Gliscor|78/100 tox|[from] ability: Poison Heal
|upkeep
|turn|99
|
|t:|1769319623
|move|p2a: Gliscor|Protect|p2a: Gliscor
|-singleturn|p2a: Gliscor|Protect
|move|p1a: Meowscarada|Knock Off|p2a: Gliscor
|-activate|p2a: Gliscor|move: Protect
|
|-heal|p2a: Gliscor|91/100 tox|[from] ability: Poison Heal
|upkeep
|turn|100
|
|t:|1769319627
|switch|p1a: Great Tusk|Great Tusk|19/100
|-damage|p1a: Great Tusk|6/100|[from] Spikes
|move|p2a: Gliscor|Spikes|p1a: Great Tusk
|-sidestart|p1: frmojifrmoji|Spikes
|
|-heal|p2a: Gliscor|100/100 tox|[from] ability: Poison Heal
|upkeep
|turn|101
|
|t:|1769319632
|switch|p2a: Corviknight|Corviknight, F|100/100
|-ability|p2a: Corviknight|Pressure
|move|p1a: Great Tusk|Rapid Spin|p2a: Corviknight
|-resisted|p2a: Corviknight
|-damage|p2a: Corviknight|96/100
|-boost|p1a: Great Tusk|spe|1
|-sideend|p1: frmojifrmoji|Spikes|[from] move: Rapid Spin|[of] p1a: Great Tusk
|
|-heal|p2a: Corviknight|100/100|[from] item: Leftovers
|upkeep
|turn|102
|inactive|frmojifrmoji has 120 seconds left.
|
|t:|1769319665
|-end|p1a: Great Tusk|Protosynthesis|[silent]
|switch|p1a: Toxapex|Toxapex, F|100/100 brn
|move|p2a: Corviknight|Body Press|p1a: Toxapex
|-resisted|p1a: Toxapex
|-damage|p1a: Toxapex|90/100 brn
|
|-damage|p1a: Toxapex|84/100 brn|[from] brn
|upkeep
|turn|103
|inactive|frmojifrmoji has 120 seconds left.
|
|t:|1769319671
|switch|p2a: Toxapex|Toxapex, M|100/100 par
|switch|p1a: Great Tusk|Great Tusk|6/100
|
|upkeep
|turn|104
|
|t:|1769319675
|-end|p1a: Great Tusk|Protosynthesis|[silent]
|switch|p1a: Thundurus|Thundurus-Therian, M|32/100
|switch|p2a: Corviknight|Corviknight, F|100/100
|-ability|p2a: Corviknight|Pressure
|
|upkeep
|turn|105
|inactive|frmojifrmoji has 120 seconds left.
|
|t:|1769319686
|switch|p2a: Gliscor|Gliscor, F|100/100 tox
|move|p1a: Thundurus|Tera Blast|p2a: Gliscor
|-damage|p2a: Gliscor|74/100 tox
|
|-heal|p2a: Gliscor|87/100 tox|[from] ability: Poison Heal
|upkeep
|turn|106
|
|t:|1769319693
|move|p1a: Thundurus|U-turn|p2a: Gliscor
|-resisted|p2a: Gliscor
|-damage|p2a: Gliscor|81/100 tox
|inactive|frmojifrmoji has 120 seconds left.
|
|t:|1769319708
|switch|p1a: Meowscarada|Meowscarada, F|100/100|[from] U-turn
|move|p2a: Gliscor|Knock Off|p1a: Meowscarada
|-resisted|p1a: Meowscarada
|-damage|p1a: Meowscarada|83/100
|-enditem|p1a: Meowscarada|Choice Scarf|[from] move: Knock Off|[of] p2a: Gliscor
|
|-heal|p2a: Gliscor|94/100 tox|[from] ability: Poison Heal
|upkeep
|turn|107
|inactive|frmojifrmoji has 120 seconds left.
|
|t:|1769319724
|switch|p2a: Corviknight|Corviknight, F|100/100
|-ability|p2a: Corviknight|Pressure
|move|p1a: Meowscarada|Flower Trick|p2a: Corviknight
|-start|p1a: Meowscarada|typechange|Grass|[from] ability: Protean
|-resisted|p2a: Corviknight
|-crit|p2a: Corviknight
|-damage|p2a: Corviknight|94/100
|
|-heal|p2a: Corviknight|99/100|[from] item: Leftovers
|upkeep
|turn|108
|
|t:|1769319729
|move|p1a: Meowscarada|U-turn|p2a: Corviknight
|-resisted|p2a: Corviknight
|-damage|p2a: Corviknight|97/100
|
|t:|1769319734
|switch|p1a: Toxapex|Toxapex, F|100/100 brn|[from] U-turn
|move|p2a: Corviknight|Body Press|p1a: Toxapex
|-resisted|p1a: Toxapex
|-damage|p1a: Toxapex|90/100 brn
|
|-heal|p2a: Corviknight|100/100|[from] item: Leftovers
|-damage|p1a: Toxapex|84/100 brn|[from] brn
|upkeep
|turn|109
|
|t:|1769319743
|switch|p2a: Toxapex|Toxapex, M|100/100 par
|move|p1a: Toxapex|Infestation|p2a: Toxapex
|-resisted|p2a: Toxapex
|-damage|p2a: Toxapex|99/100 par
|-activate|p2a: Toxapex|move: Infestation|[of] p1a: Toxapex
|
|-heal|p2a: Toxapex|100/100 par|[from] item: Leftovers
|-damage|p1a: Toxapex|78/100 brn|[from] brn
|-damage|p2a: Toxapex|88/100 par|[from] move: Infestation|[partiallytrapped]
|upkeep
|turn|110
|
|t:|1769319747
|switch|p1a: Great Tusk|Great Tusk|6/100
|move|p2a: Toxapex|Haze|p2a: Toxapex
|-clearallboost
|
|-heal|p2a: Toxapex|94/100 par|[from] item: Leftovers
|-end|p2a: Toxapex|Infestation|[partiallytrapped]|[silent]
|upkeep
|turn|111
|l| iamfrhaan007
|
|t:|1769319754
|switch|p2a: Corviknight|Corviknight, F|100/100
|-ability|p2a: Corviknight|Pressure
|move|p1a: Great Tusk|Stealth Rock|p2a: Corviknight
|-sidestart|p2: scorpion257|move: Stealth Rock
|
|upkeep
|turn|112
|
|t:|1769319760
|move|p1a: Great Tusk|Ice Spinner|p2a: Corviknight
|-damage|p2a: Corviknight|87/100
|move|p2a: Corviknight|Defog|p1a: Great Tusk
|-unboost|p1a: Great Tusk|evasion|1
|-sideend|p2: scorpion257|Stealth Rock|[from] move: Defog|[of] p2a: Corviknight
|
|-heal|p2a: Corviknight|94/100|[from] item: Leftovers
|upkeep
|turn|113
|
|t:|1769319768
|-end|p1a: Great Tusk|Protosynthesis|[silent]
|switch|p1a: Toxapex|Toxapex, F|100/100 brn
|move|p2a: Corviknight|Iron Defense|p2a: Corviknight
|-boost|p2a: Corviknight|def|2
|
|-heal|p2a: Corviknight|99/100|[from] item: Leftovers
|-damage|p1a: Toxapex|95/100 brn|[from] brn
|upkeep
|turn|114
|
|t:|1769319772
|switch|p2a: Toxapex|Toxapex, M|100/100 par
|move|p1a: Toxapex|Infestation|p2a: Toxapex
|-resisted|p2a: Toxapex
|-damage|p2a: Toxapex|99/100 par
|-activate|p2a: Toxapex|move: Infestation|[of] p1a: Toxapex
|
|-heal|p2a: Toxapex|100/100 par|[from] item: Leftovers
|-damage|p1a: Toxapex|89/100 brn|[from] brn
|-damage|p2a: Toxapex|88/100 par|[from] move: Infestation|[partiallytrapped]
|upkeep
|turn|115
|
|t:|1769319786
|move|p1a: Toxapex|Surf|p2a: Toxapex
|-resisted|p2a: Toxapex
|-damage|p2a: Toxapex|78/100 par
|move|p2a: Toxapex|Poison Jab|p1a: Toxapex
|-resisted|p1a: Toxapex
|-crit|p1a: Toxapex
|-damage|p1a: Toxapex|78/100 brn
|
|-heal|p2a: Toxapex|85/100 par|[from] item: Leftovers
|-damage|p1a: Toxapex|72/100 brn|[from] brn
|-damage|p2a: Toxapex|72/100 par|[from] move: Infestation|[partiallytrapped]
|upkeep
|turn|116
|
|t:|1769319790
|switch|p1a: Great Tusk|Great Tusk|6/100
|move|p2a: Toxapex|Poison Jab|p1a: Great Tusk
|-resisted|p1a: Great Tusk
|-damage|p1a: Great Tusk|1/100
|
|-heal|p2a: Toxapex|78/100 par|[from] item: Leftovers
|-end|p2a: Toxapex|Infestation|[partiallytrapped]|[silent]
|upkeep
|turn|117
|
|t:|1769319800
|switch|p2a: Corviknight|Corviknight, F|99/100
|-ability|p2a: Corviknight|Pressure
|move|p1a: Great Tusk|Stealth Rock|p2a: Corviknight
|-sidestart|p2: scorpion257|move: Stealth Rock
|
|-heal|p2a: Corviknight|100/100|[from] item: Leftovers
|upkeep
|turn|118
|
|t:|1769319804
|-end|p1a: Great Tusk|Protosynthesis|[silent]
|switch|p1a: Thundurus|Thundurus-Therian, M|32/100
|move|p2a: Corviknight|Defog|p1a: Thundurus
|-unboost|p1a: Thundurus|evasion|1
|-sideend|p2: scorpion257|Stealth Rock|[from] move: Defog|[of] p2a: Corviknight
|
|upkeep
|turn|119
|
|t:|1769319808
|switch|p2a: Gliscor|Gliscor, F|94/100 tox
|move|p1a: Thundurus|U-turn|p2a: Gliscor
|-resisted|p2a: Gliscor
|-damage|p2a: Gliscor|88/100 tox
|
|t:|1769319811
|switch|p1a: Meowscarada|Meowscarada, F|83/100|[from] U-turn
|
|-heal|p2a: Gliscor|100/100 tox|[from] ability: Poison Heal
|upkeep
|turn|120
|
|t:|1769319816
|move|p2a: Gliscor|Protect|p2a: Gliscor
|-singleturn|p2a: Gliscor|Protect
|move|p1a: Meowscarada|Flower Trick|p2a: Gliscor
|-start|p1a: Meowscarada|typechange|Grass|[from] ability: Protean
|-activate|p2a: Gliscor|move: Protect
|
|upkeep
|turn|121
|j| iamfrhaan007
|
|t:|1769319821
|move|p1a: Meowscarada|Flower Trick|p2a: Gliscor
|-crit|p2a: Gliscor
|-damage|p2a: Gliscor|60/100 tox
|move|p2a: Gliscor|Spikes|p1a: Meowscarada
|-sidestart|p1: frmojifrmoji|Spikes
|
|-heal|p2a: Gliscor|73/100 tox|[from] ability: Poison Heal
|upkeep
|turn|122
|
|t:|1769319829
|switch|p2a: Corviknight|Corviknight, F|100/100
|-ability|p2a: Corviknight|Pressure
|move|p1a: Meowscarada|Flower Trick|p2a: Corviknight
|-resisted|p2a: Corviknight
|-crit|p2a: Corviknight
|-damage|p2a: Corviknight|94/100
|
|-heal|p2a: Corviknight|99/100|[from] item: Leftovers
|upkeep
|turn|123
|
|t:|1769319834
|move|p1a: Meowscarada|U-turn|p2a: Corviknight
|-resisted|p2a: Corviknight
|-damage|p2a: Corviknight|97/100
|
|t:|1769319837
|switch|p1a: Great Tusk|Great Tusk|1/100|[from] U-turn
|-damage|p1a: Great Tusk|0 fnt|[from] Spikes
|faint|p1a: Great Tusk
|-end|p1a: Great Tusk|Protosynthesis|[silent]
|move|p2a: Corviknight|Body Press|p1: Great Tusk|[notarget]
|-fail|p2a: Corviknight
|
|-heal|p2a: Corviknight|100/100|[from] item: Leftovers
|upkeep
|
|t:|1769319844
|switch|p1a: Hatterene|Hatterene, F|90/100
|-damage|p1a: Hatterene|78/100|[from] Spikes
|turn|124
|
|t:|1769319848
|switch|p2a: Gliscor|Gliscor, F|73/100 tox
|switch|p1a: Slither Wing|Slither Wing|40/100 psn
|-damage|p1a: Slither Wing|28/100 psn|[from] Spikes
|
|-damage|p1a: Slither Wing|15/100 psn|[from] psn
|-heal|p2a: Gliscor|85/100 tox|[from] ability: Poison Heal
|upkeep
|turn|125
|
|t:|1769319854
|move|p2a: Gliscor|Protect|p2a: Gliscor
|-singleturn|p2a: Gliscor|Protect
|move|p1a: Slither Wing|U-turn|p2a: Gliscor
|-activate|p2a: Gliscor|move: Protect
|
|-damage|p1a: Slither Wing|3/100 psn|[from] psn
|-heal|p2a: Gliscor|98/100 tox|[from] ability: Poison Heal
|upkeep
|turn|126
|
|t:|1769319857
|switch|p2a: Toxapex|Toxapex, M|100/100 par
|move|p1a: Slither Wing|U-turn|p2a: Toxapex
|-resisted|p2a: Toxapex
|-damage|p2a: Toxapex|83/100 par
|l| iamfrhaan007
|
|t:|1769319862
|-end|p1a: Slither Wing|Protosynthesis|[silent]
|switch|p1a: Thundurus|Thundurus-Therian, M|32/100|[from] U-turn
|
|-heal|p2a: Toxapex|89/100 par|[from] item: Leftovers
|upkeep
|turn|127
|
|t:|1769319865
|switch|p2a: Gliscor|Gliscor, F|98/100 tox
|move|p1a: Thundurus|U-turn|p2a: Gliscor
|-resisted|p2a: Gliscor
|-damage|p2a: Gliscor|92/100 tox
|
|t:|1769319868
|switch|p1a: Slither Wing|Slither Wing|3/100 psn|[from] U-turn
|-damage|p1a: Slither Wing|0 fnt|[from] Spikes
|faint|p1a: Slither Wing
|-end|p1a: Slither Wing|Protosynthesis|[silent]
|
|-heal|p2a: Gliscor|100/100 tox|[from] ability: Poison Heal
|upkeep
|
|t:|1769319870
|switch|p1a: Hatterene|Hatterene, F|78/100
|-damage|p1a: Hatterene|65/100|[from] Spikes
|turn|128
|
|t:|1769319877
|move|p2a: Gliscor|Knock Off|p1a: Hatterene
|-damage|p1a: Hatterene|54/100
|move|p1a: Hatterene|Draining Kiss|p2a: Gliscor
|-damage|p2a: Gliscor|83/100 tox
|-heal|p1a: Hatterene|68/100|[from] drain|[of] p2a: Gliscor
|
|-heal|p2a: Gliscor|95/100 tox|[from] ability: Poison Heal
|upkeep
|turn|129
|
|t:|1769319882
|move|p2a: Gliscor|Earthquake|p1a: Hatterene
|-damage|p1a: Hatterene|43/100
|move|p1a: Hatterene|Nuzzle|p2a: Gliscor
|-immune|p2a: Gliscor
|
|-heal|p2a: Gliscor|100/100 tox|[from] ability: Poison Heal
|upkeep
|turn|130
|
|t:|1769319887
|switch|p2a: Corviknight|Corviknight, F|100/100
|-ability|p2a: Corviknight|Pressure
|switch|p1a: Thundurus|Thundurus-Therian, M|32/100
|
|upkeep
|turn|131
|
|t:|1769319893
|switch|p2a: Gliscor|Gliscor, F|100/100 tox
|move|p1a: Thundurus|U-turn|p2a: Gliscor
|-resisted|p2a: Gliscor
|-damage|p2a: Gliscor|95/100 tox
|
|t:|1769319903
|switch|p1a: Hatterene|Hatterene, F|43/100|[from] U-turn
|-damage|p1a: Hatterene|30/100|[from] Spikes
|
|-heal|p2a: Gliscor|100/100 tox|[from] ability: Poison Heal
|upkeep
|turn|132
|-message|frmojifrmoji forfeited.
|
|win|scorpion257
|raw|frmojifrmoji's rating: 1505 &rarr; <strong>1487</strong><br />(-18 for losing)
|raw|scorpion257's rating: 1548 &rarr; <strong>1566</strong><br />(+18 for winning)
|l|☆frmojifrmoji
|player|p1|
|l|☆scorpion257
|player|p2|
