|j|☆xxblazefire
|j|☆salukiwa
|t:|1769317838
|gametype|singles
|player|p1|xxblazefire|cynthia|1188
|player|p2|salukiwa|2|1254
|gen|9
|tier|[Gen 9] OU
|rated|
|rule|HP Percentage Mod: HP is shown in percentages
|rule|Endless Battle Clause: Forcing endless battles is banned
|rule|Species Clause: Limit one of each Pokémon
|rule|OHKO Clause: OHKO moves are banned
|rule|Evasion Items Clause: Evasion items are banned
|rule|Evasion Moves Clause: Evasion moves are banned
|rule|Evasion Abilities Clause: Evasion abilities are banned
|rule|Sleep Moves Clause: Sleep-inducing moves are banned
|clearpoke
|poke|p1|Ogerpon-Wellspring, F|
|poke|p1|Kingambit, M|
|poke|p1|Great Tusk|
|poke|p1|Garganacl, F|
|poke|p1|Dragapult, M|
|poke|p1|Iron Valiant|
|poke|p2|Garganacl, F|
|poke|p2|Blaziken, M|
|poke|p2|Ogerpon-Wellspring, F|
|poke|p2|Weezing-Galar, F|
|poke|p2|Kingambit, F|
|poke|p2|Zapdos|
|teampreview
|inactive|Battle timer is ON: inactive players will automatically lose when time's up. (requested by xxblazefire)
|
|t:|1769317851
|teamsize|p1|6
|teamsize|p2|6
|start
|switch|p1a: Great Tusk|Great Tusk, shiny|100/100
|switch|p2a: Blaziken|Blaziken, M|100/100
|turn|1
|
|t:|1769317865
|switch|p2a: Weezing|Weezing-Galar, F|100/100
|move|p1a: Great Tusk|Stealth Rock|p2a: Weezing
|-sidestart|p2: salukiwa|move: Stealth Rock
|
|upkeep
|turn|2
|inactive|salukiwa has 120 seconds left.
|
|t:|1769317902
|move|p1a: Great Tusk|Rapid Spin|p2a: Weezing
|-damage|p2a: Weezing|90/100
|-boost|p1a: Great Tusk|spe|1
|move|p2a: Weezing|Defog|p1a: Great Tusk
|-unboost|p1a: Great Tusk|evasion|1
|-sideend|p2: salukiwa|Stealth Rock|[from] move: Defog|[of] p2a: Weezing
|
|-heal|p2a: Weezing|96/100|[from] item: Leftovers
|upkeep
|turn|3
|
|t:|1769317916
|move|p1a: Great Tusk|Stealth Rock|p2a: Weezing
|-sidestart|p2: salukiwa|move: Stealth Rock
|move|p2a: Weezing|Toxic|p1a: Great Tusk
|-status|p1a: Great Tusk|tox
|
|-heal|p2a: Weezing|100/100|[from] item: Leftovers
|-damage|p1a: Great Tusk|94/100 tox|[from] psn
|upkeep
|turn|4
|
|t:|1769317924
|move|p1a: Great Tusk|Headlong Rush|p2a: Weezing
|-immune|p2a: Weezing|[from] ability: Levitate
|move|p2a: Weezing|Defog|p1a: Great Tusk
|-unboost|p1a: Great Tusk|evasion|1
|-sideend|p2: salukiwa|Stealth Rock|[from] move: Defog|[of] p2a: Weezing
|
|-damage|p1a: Great Tusk|82/100 tox|[from] psn
|upkeep
|turn|5
|
|t:|1769317940
|move|p1a: Great Tusk|Ice Spinner|p2a: Weezing
|-damage|p2a: Weezing|82/100
|move|p2a: Weezing|Defog|p1a: Great Tusk
|-unboost|p1a: Great Tusk|evasion|1
|
|-heal|p2a: Weezing|88/100|[from] item: Leftovers
|-damage|p1a: Great Tusk|63/100 tox|[from] psn
|upkeep
|turn|6
|
|t:|1769317955
|-end|p1a: Great Tusk|Protosynthesis|[silent]
|switch|p1a: Garganacl|Garganacl, F|100/100
|move|p2a: Weezing|Toxic Spikes|p1a: Garganacl
|-sidestart|p1: xxblazefire|move: Toxic Spikes
|
|-heal|p2a: Weezing|94/100|[from] item: Leftovers
|upkeep
|turn|7
|
|t:|1769317968
|switch|p2a: Kingambit|Kingambit, F|100/100
|move|p1a: Garganacl|Salt Cure|p2a: Kingambit
|-resisted|p2a: Kingambit
|-damage|p2a: Kingambit|96/100
|-start|p2a: Kingambit|Salt Cure
|
|-heal|p2a: Kingambit|100/100|[from] item: Leftovers
|-damage|p2a: Kingambit|76/100|[from] Salt Cure
|upkeep
|turn|8
|
|t:|1769317978
|move|p2a: Kingambit|Swords Dance|p2a: Kingambit
|-boost|p2a: Kingambit|atk|2
|move|p1a: Garganacl|Iron Defense|p1a: Garganacl
|-boost|p1a: Garganacl|def|2
|
|-heal|p2a: Kingambit|82/100|[from] item: Leftovers
|-damage|p2a: Kingambit|57/100|[from] Salt Cure
|upkeep
|turn|9
|
|t:|1769318003
|move|p2a: Kingambit|Iron Head|p1a: Garganacl
|-supereffective|p1a: Garganacl
|-damage|p1a: Garganacl|39/100
|move|p1a: Garganacl|Iron Defense|p1a: Garganacl
|-boost|p1a: Garganacl|def|2
|
|-heal|p2a: Kingambit|63/100|[from] item: Leftovers
|-heal|p1a: Garganacl|45/100|[from] item: Leftovers
|-damage|p2a: Kingambit|38/100|[from] Salt Cure
|upkeep
|turn|10
|inactive|xxblazefire has 120 seconds left.
|
|t:|1769318023
|switch|p1a: Great Tusk|Great Tusk, shiny|63/100 tox
|move|p2a: Kingambit|Iron Head|p1a: Great Tusk
|-damage|p1a: Great Tusk|0 fnt
|faint|p1a: Great Tusk
|-end|p1a: Great Tusk|Protosynthesis|[silent]
|
|-heal|p2a: Kingambit|44/100|[from] item: Leftovers
|-damage|p2a: Kingambit|19/100|[from] Salt Cure
|upkeep
|inactive|xxblazefire has 120 seconds left.
|
|t:|1769318040
|switch|p1a: Iron Valiant|Iron Valiant|100/100
|-status|p1a: Iron Valiant|psn
|-enditem|p1a: Iron Valiant|Booster Energy
|-activate|p1a: Iron Valiant|ability: Quark Drive|[fromitem]
|-start|p1a: Iron Valiant|quarkdrivespe
|turn|11
|
|t:|1769318052
|move|p2a: Kingambit|Sucker Punch||[still]
|-fail|p2a: Kingambit
|move|p1a: Iron Valiant|Swords Dance|p1a: Iron Valiant
|-boost|p1a: Iron Valiant|atk|2
|
|-heal|p2a: Kingambit|25/100|[from] item: Leftovers
|-damage|p1a: Iron Valiant|88/100 psn|[from] psn
|-damage|p2a: Kingambit|0 fnt|[from] Salt Cure
|faint|p2a: Kingambit
|-end|p2a: Kingambit|fallenundefined|[silent]
|upkeep
|
|t:|1769318071
|switch|p2a: Zapdos|Zapdos|100/100
|turn|12
|inactive|xxblazefire has 120 seconds left.
|
|t:|1769318079
|move|p1a: Iron Valiant|Spirit Break|p2a: Zapdos
|-damage|p2a: Zapdos|8/100
|-unboost|p2a: Zapdos|spa|1
|move|p2a: Zapdos|Thunderbolt|p1a: Iron Valiant
|-damage|p1a: Iron Valiant|34/100 psn
|
|-damage|p1a: Iron Valiant|21/100 psn|[from] psn
|upkeep
|turn|13
|inactive|xxblazefire has 120 seconds left.
|
|t:|1769318099
|move|p1a: Iron Valiant|Knock Off|p2a: Zapdos
|-damage|p2a: Zapdos|0 fnt
|-enditem|p2a: Zapdos|Heavy-Duty Boots|[from] move: Knock Off|[of] p1a: Iron Valiant
|faint|p2a: Zapdos
|
|-damage|p1a: Iron Valiant|9/100 psn|[from] psn
|upkeep
|
|t:|1769318109
|switch|p2a: Garganacl|Garganacl, F|100/100
|turn|14
|
|t:|1769318113
|move|p2a: Garganacl|Protect|p2a: Garganacl
|-singleturn|p2a: Garganacl|Protect
|move|p1a: Iron Valiant|Destiny Bond|p1a: Iron Valiant
|-singlemove|p1a: Iron Valiant|Destiny Bond
|
|-damage|p1a: Iron Valiant|0 fnt|[from] psn
|faint|p1a: Iron Valiant
|-end|p1a: Iron Valiant|Quark Drive|[silent]
|upkeep
|inactive|xxblazefire has 120 seconds left.
|
|t:|1769318128
|switch|p1a: Ogerpon|Ogerpon-Wellspring, F|100/100
|-status|p1a: Ogerpon|psn
|turn|15
|inactive|xxblazefire has 120 seconds left.
|inactive|salukiwa has 120 seconds left.
|
|t:|1769318159
|-terastallize|p2a: Garganacl|Fairy
|move|p1a: Ogerpon|Horn Leech|p2a: Garganacl
|-damage|p2a: Garganacl|72/100
|move|p2a: Garganacl|Salt Cure|p1a: Ogerpon
|-damage|p1a: Ogerpon|83/100 psn
|-start|p1a: Ogerpon|Salt Cure
|
|-heal|p2a: Garganacl|78/100|[from] item: Leftovers
|-damage|p1a: Ogerpon|70/100 psn|[from] psn
|-damage|p1a: Ogerpon|45/100 psn|[from] Salt Cure
|upkeep
|turn|16
|inactive|xxblazefire has 120 seconds left.
|inactive|salukiwa has 120 seconds left.
|
|t:|1769318182
|move|p1a: Ogerpon|Horn Leech|p2a: Garganacl
|-damage|p2a: Garganacl|50/100
|-heal|p1a: Ogerpon|65/100 psn|[from] drain|[of] p2a: Garganacl
|move|p2a: Garganacl|Salt Cure|p1a: Ogerpon
|-damage|p1a: Ogerpon|47/100 psn
|
|-heal|p2a: Garganacl|56/100|[from] item: Leftovers
|-damage|p1a: Ogerpon|35/100 psn|[from] psn
|-damage|p1a: Ogerpon|10/100 psn|[from] Salt Cure
|upkeep
|turn|17
|
|t:|1769318194
|move|p1a: Ogerpon|Horn Leech|p2a: Garganacl
|-damage|p2a: Garganacl|29/100
|-heal|p1a: Ogerpon|28/100 psn|[from] drain|[of] p2a: Garganacl
|move|p2a: Garganacl|Recover|p2a: Garganacl
|-heal|p2a: Garganacl|79/100
|
|-heal|p2a: Garganacl|85/100|[from] item: Leftovers
|-damage|p1a: Ogerpon|15/100 psn|[from] psn
|-damage|p1a: Ogerpon|0 fnt|[from] Salt Cure
|faint|p1a: Ogerpon
|upkeep
|inactive|xxblazefire has 90 seconds left.
|
|t:|1769318224
|switch|p1a: Dragapult|Dragapult, M, shiny|100/100
|-status|p1a: Dragapult|psn
|turn|18
|
|t:|1769318234
|move|p1a: Dragapult|Shadow Ball|p2a: Garganacl
|-damage|p2a: Garganacl|68/100
|move|p2a: Garganacl|Salt Cure|p1a: Dragapult
|-damage|p1a: Dragapult|78/100 psn
|-start|p1a: Dragapult|Salt Cure
|
|-heal|p2a: Garganacl|74/100|[from] item: Leftovers
|-damage|p1a: Dragapult|66/100 psn|[from] psn
|-damage|p1a: Dragapult|54/100 psn|[from] Salt Cure
|upkeep
|turn|19
|inactive|xxblazefire has 90 seconds left.
|inactive|salukiwa has 120 seconds left.
|
|t:|1769318254
|move|p1a: Dragapult|Shadow Ball|p2a: Garganacl
|-damage|p2a: Garganacl|56/100
|move|p2a: Garganacl|Salt Cure|p1a: Dragapult
|-damage|p1a: Dragapult|31/100 psn
|
|-heal|p2a: Garganacl|62/100|[from] item: Leftovers
|-damage|p1a: Dragapult|19/100 psn|[from] psn
|-damage|p1a: Dragapult|6/100 psn|[from] Salt Cure
|upkeep
|turn|20
|inactive|xxblazefire has 90 seconds left.
|
|t:|1769318266
|move|p1a: Dragapult|Shadow Ball|p2a: Garganacl
|-damage|p2a: Garganacl|44/100
|move|p2a: Garganacl|Recover|p2a: Garganacl
|-heal|p2a: Garganacl|94/100
|
|-heal|p2a: Garganacl|99/100|[from] item: Leftovers
|-damage|p1a: Dragapult|0 fnt|[from] psn
|faint|p1a: Dragapult
|upkeep
|
|t:|1769318276
|switch|p1a: Kingambit|Kingambit, M|100/100
|-activate|p1a: Kingambit|ability: Supreme Overlord
|-start|p1a: Kingambit|fallen4|[silent]
|turn|21
|inactive|xxblazefire has 90 seconds left.
|
|t:|1769318283
|move|p1a: Kingambit|Swords Dance|p1a: Kingambit
|-boost|p1a: Kingambit|atk|2
|move|p2a: Garganacl|Salt Cure|p1a: Kingambit
|-resisted|p1a: Kingambit
|-damage|p1a: Kingambit|96/100
|-start|p1a: Kingambit|Salt Cure
|
|-heal|p1a: Kingambit|100/100|[from] item: Leftovers
|-heal|p2a: Garganacl|100/100|[from] item: Leftovers
|-damage|p1a: Kingambit|76/100|[from] Salt Cure
|upkeep
|turn|22
|inactive|xxblazefire has 90 seconds left.
|
|t:|1769318297
|move|p2a: Garganacl|Protect|p2a: Garganacl
|-singleturn|p2a: Garganacl|Protect
|move|p1a: Kingambit|Swords Dance|p1a: Kingambit
|-boost|p1a: Kingambit|atk|2
|
|-heal|p1a: Kingambit|82/100|[from] item: Leftovers
|-damage|p1a: Kingambit|57/100|[from] Salt Cure
|upkeep
|turn|23
|
|t:|1769318307
|move|p2a: Garganacl|Protect|p2a: Garganacl
|-singleturn|p2a: Garganacl|Protect
|move|p1a: Kingambit|Iron Head|p2a: Garganacl
|-activate|p2a: Garganacl|move: Protect
|
|-heal|p1a: Kingambit|63/100|[from] item: Leftovers
|-damage|p1a: Kingambit|38/100|[from] Salt Cure
|upkeep
|turn|24
|
|t:|1769318319
|move|p2a: Garganacl|Protect||[still]
|-fail|p2a: Garganacl
|move|p1a: Kingambit|Sucker Punch||[still]
|-fail|p1a: Kingambit
|
|-heal|p1a: Kingambit|44/100|[from] item: Leftovers
|-damage|p1a: Kingambit|19/100|[from] Salt Cure
|upkeep
|turn|25
|
|t:|1769318332
|move|p2a: Garganacl|Protect|p2a: Garganacl
|-singleturn|p2a: Garganacl|Protect
|move|p1a: Kingambit|Iron Head|p2a: Garganacl
|-activate|p2a: Garganacl|move: Protect
|
|-heal|p1a: Kingambit|26/100|[from] item: Leftovers
|-damage|p1a: Kingambit|1/100|[from] Salt Cure
|upkeep
|turn|26
|-message|xxblazefire forfeited.
|
|win|salukiwa
|raw|xxblazefire's rating: 1188 &rarr; <strong>1168</strong><br />(-20 for losing)
|raw|salukiwa's rating: 1254 &rarr; <strong>1274</strong><br />(+20 for winning)
|l|☆xxblazefire
|player|p1|
|l|☆salukiwa
|player|p2|
