|j|☆baakrisht
|j|☆kazcrafte
|t:|1769414230
|gametype|singles
|player|p1|baakrisht|102|1174
|player|p2|kazcrafte|cyrus|1145
|gen|9
|tier|[Gen 9] OU
|rated|
|rule|HP Percentage Mod: HP is shown in percentages
|rule|Endless Battle Clause: Forcing endless battles is banned
|rule|Species Clause: Limit one of each Pokémon
|rule|OHKO Clause: OHKO moves are banned
|rule|Evasion Items Clause: Evasion items are banned
|rule|Evasion Moves Clause: Evasion moves are banned
|rule|Evasion Abilities Clause: Evasion abilities are banned
|rule|Sleep Moves Clause: Sleep-inducing moves are banned
|clearpoke
|poke|p1|Blissey, F|
|poke|p1|Espeon, F|
|poke|p1|Goodra, F|
|poke|p1|Weezing-Galar, F|
|poke|p1|Orthworm, F|
|poke|p1|Suicune|
|poke|p2|Pecharunt|
|poke|p2|Mabosstiff, M|
|poke|p2|Volcanion|
|poke|p2|Iron Valiant|
|poke|p2|Landorus-Therian, M|
|poke|p2|Deoxys-Speed|
|teampreview
|inactive|Battle timer is ON: inactive players will automatically lose when time's up. (requested by kazcrafte)
|
|t:|1769414245
|teamsize|p1|6
|teamsize|p2|6
|start
|switch|p1a: Espeon|Espeon, F|100/100
|switch|p2a: Deoxys|Deoxys-Speed|100/100
|-ability|p2a: Deoxys|Pressure
|turn|1
|
|t:|1769414256
|move|p2a: Deoxys|Knock Off|p1a: Espeon
|-supereffective|p1a: Espeon
|-damage|p1a: Espeon|23/100
|-enditem|p1a: Espeon|Choice Scarf|[from] move: Knock Off|[of] p2a: Deoxys
|move|p1a: Espeon|Shadow Ball|p2a: Deoxys
|-supereffective|p2a: Deoxys
|-damage|p2a: Deoxys|19/100
|
|upkeep
|turn|2
|
|t:|1769414276
|switch|p1a: Suicune|Suicune|100/100
|-ability|p1a: Suicune|Pressure
|move|p2a: Deoxys|Psycho Boost|p1a: Suicune
|-damage|p1a: Suicune|60/100
|-unboost|p2a: Deoxys|spa|2
|-enditem|p2a: Deoxys|Eject Pack
|
|t:|1769414285
|switch|p2a: Volcanion|Volcanion|100/100
|
|upkeep
|turn|3
|
|t:|1769414294
|switch|p1a: Blissey|Blissey, F|100/100
|move|p2a: Volcanion|Taunt|p1a: Blissey
|-start|p1a: Blissey|move: Taunt
|
|upkeep
|turn|4
|
|t:|1769414303
|move|p2a: Volcanion|Will-O-Wisp|p1a: Blissey
|-status|p1a: Blissey|brn
|move|p1a: Blissey|Seismic Toss|p2a: Volcanion
|-damage|p2a: Volcanion|73/100
|
|-heal|p2a: Volcanion|79/100|[from] item: Leftovers
|-damage|p1a: Blissey|94/100 brn|[from] brn
|upkeep
|turn|5
|
|t:|1769414309
|switch|p2a: Pecharunt|Pecharunt|100/100
|-curestatus|p1a: Blissey|brn|[from] ability: Natural Cure
|switch|p1a: Espeon|Espeon, F|23/100
|
|upkeep
|turn|6
|
|t:|1769414321
|switch|p2a: Mabosstiff|Mabosstiff, M|100/100
|-ability|p2a: Mabosstiff|Intimidate|boost
|-unboost|p1a: Espeon|atk|1
|move|p1a: Espeon|Shadow Ball|p2a: Mabosstiff
|-resisted|p2a: Mabosstiff
|-damage|p2a: Mabosstiff|85/100
|
|upkeep
|turn|7
|
|t:|1769414334
|switch|p1a: Weezing|Weezing-Galar, F|100/100
|move|p2a: Mabosstiff|Trailblaze|p1a: Weezing
|-resisted|p1a: Weezing
|-damage|p1a: Weezing|95/100
|-boost|p2a: Mabosstiff|spe|1
|-damage|p2a: Mabosstiff|68/100|[from] item: Rocky Helmet|[of] p1a: Weezing
|
|upkeep
|turn|8
|inactive|kazcrafte has 120 seconds left.
|
|t:|1769414367
|switch|p2a: Pecharunt|Pecharunt|100/100
|move|p1a: Weezing|Toxic Spikes|p2a: Pecharunt
|-sidestart|p2: kazcrafte|move: Toxic Spikes
|
|upkeep
|turn|9
|
|t:|1769414374
|switch|p1a: Espeon|Espeon, F|23/100
|move|p2a: Pecharunt|Shadow Ball|p1a: Espeon
|-supereffective|p1a: Espeon
|-damage|p1a: Espeon|0 fnt
|faint|p1a: Espeon
|
|upkeep
|
|t:|1769414381
|switch|p1a: Goodra|Goodra, F|100/100
|turn|10
|
|t:|1769414385
|move|p2a: Pecharunt|Malignant Chain|p1a: Goodra
|-damage|p1a: Goodra|76/100
|-status|p1a: Goodra|tox
|-start|p1a: Goodra|confusion|[from] ability: Poison Puppeteer|[of] p2a: Pecharunt
|-activate|p1a: Goodra|confusion
|-damage|p1a: Goodra|67/100 tox|[from] confusion
|
|-damage|p1a: Goodra|60/100 tox|[from] psn
|upkeep
|turn|11
|
|t:|1769414391
|switch|p2a: Landorus|Landorus-Therian, M|100/100
|-ability|p2a: Landorus|Intimidate|boost
|-unboost|p1a: Goodra|atk|1
|-activate|p1a: Goodra|confusion
|-damage|p1a: Goodra|55/100 tox|[from] confusion
|
|-damage|p1a: Goodra|42/100 tox|[from] psn
|upkeep
|turn|12
|
|t:|1769414400
|switch|p1a: Suicune|Suicune|60/100
|-ability|p1a: Suicune|Pressure
|move|p2a: Landorus|Taunt|p1a: Suicune
|-start|p1a: Suicune|move: Taunt
|
|upkeep
|turn|13
|
|t:|1769414406
|move|p2a: Landorus|U-turn|p1a: Suicune
|-damage|p1a: Suicune|49/100
|-damage|p2a: Landorus|84/100|[from] item: Rocky Helmet|[of] p1a: Suicune
|
|t:|1769414408
|switch|p2a: Pecharunt|Pecharunt|100/100|[from] U-turn
|-sideend|p2: kazcrafte|move: Toxic Spikes|[of] p2a: Pecharunt
|move|p1a: Suicune|Ice Beam|p2a: Pecharunt
|-crit|p2a: Pecharunt
|-damage|p2a: Pecharunt|69/100
|-status|p2a: Pecharunt|frz
|
|upkeep
|turn|14
|
|t:|1769414413
|switch|p2a: Volcanion|Volcanion|79/100
|switch|p1a: Goodra|Goodra, F|42/100 tox
|
|-heal|p2a: Volcanion|85/100|[from] item: Leftovers
|-damage|p1a: Goodra|36/100 tox|[from] psn
|upkeep
|turn|15
|
|t:|1769414419
|move|p1a: Goodra|Rest|p1a: Goodra
|-status|p1a: Goodra|slp|[from] move: Rest
|-heal|p1a: Goodra|100/100 slp|[silent]
|move|p2a: Volcanion|Taunt|p1a: Goodra
|-start|p1a: Goodra|move: Taunt
|
|-heal|p2a: Volcanion|91/100|[from] item: Leftovers
|upkeep
|turn|16
|
|t:|1769414425
|switch|p1a: Blissey|Blissey, F|94/100
|switch|p2a: Deoxys|Deoxys-Speed|19/100
|-ability|p2a: Deoxys|Pressure
|
|-heal|p1a: Blissey|100/100|[from] item: Leftovers
|upkeep
|turn|17
|
|t:|1769414433
|switch|p1a: Suicune|Suicune|49/100
|-ability|p1a: Suicune|Pressure
|move|p2a: Deoxys|Superpower|p1a: Suicune
|-damage|p1a: Suicune|31/100
|-unboost|p2a: Deoxys|atk|1
|-unboost|p2a: Deoxys|def|1
|-damage|p2a: Deoxys|3/100|[from] item: Rocky Helmet|[of] p1a: Suicune
|
|upkeep
|turn|18
|
|t:|1769414440
|move|p2a: Deoxys|Psycho Boost|p1a: Suicune
|-damage|p1a: Suicune|0 fnt
|-unboost|p2a: Deoxys|spa|2
|faint|p1a: Suicune
|
|upkeep
|
|t:|1769414452
|switch|p1a: Blissey|Blissey, F|100/100
|turn|19
|
|t:|1769414461
|switch|p1a: Weezing|Weezing-Galar, F|95/100
|move|p2a: Deoxys|Spikes|p1a: Weezing
|-sidestart|p1: baakrisht|Spikes
|
|upkeep
|turn|20
|
|t:|1769414466
|move|p2a: Deoxys|Spikes|p1a: Weezing
|-sidestart|p1: baakrisht|Spikes
|move|p1a: Weezing|Flamethrower|p2a: Deoxys
|-damage|p2a: Deoxys|0 fnt
|faint|p2a: Deoxys
|
|upkeep
|
|t:|1769414474
|switch|p2a: Landorus|Landorus-Therian, M|84/100
|-ability|p2a: Landorus|Intimidate|boost
|-unboost|p1a: Weezing|atk|1
|turn|21
|
|t:|1769414489
|switch|p1a: Orthworm|Orthworm, F|100/100
|-damage|p1a: Orthworm|84/100|[from] Spikes
|move|p2a: Landorus|Stealth Rock|p1a: Orthworm
|-sidestart|p1: baakrisht|move: Stealth Rock
|
|-heal|p1a: Orthworm|90/100|[from] item: Leftovers
|upkeep
|turn|22
|
|t:|1769414500
|move|p2a: Landorus|Taunt|p1a: Orthworm
|-start|p1a: Orthworm|move: Taunt
|move|p1a: Orthworm|Earthquake|p2a: Landorus
|-immune|p2a: Landorus
|
|-heal|p1a: Orthworm|96/100|[from] item: Leftovers
|upkeep
|turn|23
|
|t:|1769414506
|move|p2a: Landorus|U-turn|p1a: Orthworm
|-resisted|p1a: Orthworm
|-crit|p1a: Orthworm
|-damage|p1a: Orthworm|87/100
|
|t:|1769414511
|switch|p2a: Mabosstiff|Mabosstiff, M|68/100|[from] U-turn
|-ability|p2a: Mabosstiff|Intimidate|boost
|-unboost|p1a: Orthworm|atk|1
|move|p1a: Orthworm|Body Press|p2a: Mabosstiff
|-supereffective|p2a: Mabosstiff
|-damage|p2a: Mabosstiff|0 fnt
|faint|p2a: Mabosstiff
|
|-heal|p1a: Orthworm|93/100|[from] item: Leftovers
|upkeep
|
|t:|1769414524
|switch|p2a: Volcanion|Volcanion|91/100
|turn|24
|
|t:|1769414532
|switch|p1a: Blissey|Blissey, F|100/100
|-damage|p1a: Blissey|84/100|[from] Spikes
|-damage|p1a: Blissey|71/100|[from] Stealth Rock
|move|p2a: Volcanion|Will-O-Wisp|p1a: Blissey|[miss]
|-miss|p2a: Volcanion|p1a: Blissey
|
|-heal|p2a: Volcanion|97/100|[from] item: Leftovers
|-heal|p1a: Blissey|78/100|[from] item: Leftovers
|upkeep
|turn|25
|
|t:|1769414540
|move|p2a: Volcanion|Taunt|p1a: Blissey
|-start|p1a: Blissey|move: Taunt
|move|p1a: Blissey|Seismic Toss|p2a: Volcanion
|-damage|p2a: Volcanion|70/100
|
|-heal|p2a: Volcanion|76/100|[from] item: Leftovers
|-heal|p1a: Blissey|84/100|[from] item: Leftovers
|upkeep
|turn|26
|
|t:|1769414545
|move|p2a: Volcanion|Will-O-Wisp|p1a: Blissey
|-status|p1a: Blissey|brn
|move|p1a: Blissey|Seismic Toss|p2a: Volcanion
|-damage|p2a: Volcanion|48/100
|
|-heal|p2a: Volcanion|54/100|[from] item: Leftovers
|-heal|p1a: Blissey|90/100 brn|[from] item: Leftovers
|-damage|p1a: Blissey|84/100 brn|[from] brn
|upkeep
|turn|27
|inactive|baakrisht has 120 seconds left.
|
|t:|1769414580
|switch|p2a: Pecharunt|Pecharunt|69/100 frz
|move|p1a: Blissey|Seismic Toss|p2a: Pecharunt
|-immune|p2a: Pecharunt
|
|-heal|p1a: Blissey|90/100 brn|[from] item: Leftovers
|-damage|p1a: Blissey|84/100 brn|[from] brn
|-end|p1a: Blissey|move: Taunt
|upkeep
|turn|28
|
|t:|1769414585
|cant|p2a: Pecharunt|frz
|move|p1a: Blissey|Heal Bell|p1a: Blissey
|-activate|p1a: Blissey|move: Heal Bell
|-curestatus|p1a: Blissey|brn|[msg]
|-curestatus|p1: Goodra|slp|[msg]
|
|-heal|p1a: Blissey|90/100|[from] item: Leftovers
|upkeep
|turn|29
|
|t:|1769414598
|switch|p1a: Weezing|Weezing-Galar, F|95/100
|-damage|p1a: Weezing|82/100|[from] Stealth Rock
|-curestatus|p2a: Pecharunt|frz|[msg]
|move|p2a: Pecharunt|Recover|p2a: Pecharunt
|-heal|p2a: Pecharunt|100/100
|
|upkeep
|turn|30
|
|t:|1769414604
|move|p2a: Pecharunt|Nasty Plot|p2a: Pecharunt
|-boost|p2a: Pecharunt|spa|2
|move|p1a: Weezing|Toxic Spikes|p2a: Pecharunt
|-sidestart|p2: kazcrafte|move: Toxic Spikes
|
|upkeep
|turn|31
|
|t:|1769414609
|move|p2a: Pecharunt|Shadow Ball|p1a: Weezing
|-damage|p1a: Weezing|0 fnt
|faint|p1a: Weezing
|
|upkeep
|
|t:|1769414613
|switch|p1a: Goodra|Goodra, F|100/100
|-damage|p1a: Goodra|84/100|[from] Spikes
|-damage|p1a: Goodra|71/100|[from] Stealth Rock
|turn|32
|
|t:|1769414616
|move|p2a: Pecharunt|Malignant Chain|p1a: Goodra
|-damage|p1a: Goodra|20/100
|move|p1a: Goodra|Rain Dance|p1a: Goodra
|-weather|RainDance
|
|-weather|RainDance|[upkeep]
|upkeep
|turn|33
|
|t:|1769414627
|move|p2a: Pecharunt|Shadow Ball|p1a: Goodra
|-damage|p1a: Goodra|0 fnt
|faint|p1a: Goodra
|
|-weather|RainDance|[upkeep]
|upkeep
|-message|baakrisht forfeited.
|
|win|kazcrafte
|raw|baakrisht's rating: 1174 &rarr; <strong>1147</strong><br />(-27 for losing)
|raw|kazcrafte's rating: 1145 &rarr; <strong>1172</strong><br />(+27 for winning)
|l|☆baakrisht
|player|p1|
|l|☆kazcrafte
|player|p2|
