|j|☆BrenTheTrickster
|j|☆Seanungerer1
|t:|1769365739
|gametype|singles
|player|p1|BrenTheTrickster|cynthia|1076
|player|p2|Seanungerer1|169|1071
|gen|9
|tier|[Gen 9] OU
|rated|
|rule|HP Percentage Mod: HP is shown in percentages
|rule|Endless Battle Clause: Forcing endless battles is banned
|rule|Species Clause: Limit one of each Pokémon
|rule|OHKO Clause: OHKO moves are banned
|rule|Evasion Items Clause: Evasion items are banned
|rule|Evasion Moves Clause: Evasion moves are banned
|rule|Evasion Abilities Clause: Evasion abilities are banned
|rule|Sleep Moves Clause: Sleep-inducing moves are banned
|clearpoke
|poke|p1|Glimmora, M|
|poke|p1|Ceruledge, F|
|poke|p1|Dragapult, F|
|poke|p1|Gastrodon, M|
|poke|p1|Meloetta|
|poke|p1|Kingambit, M|
|poke|p2|Honchkrow, M|
|poke|p2|Magmortar, F|
|poke|p2|Electivire, F|
|poke|p2|Sceptile, M|
|poke|p2|Hitmontop, M|
|poke|p2|Gyarados, F|
|teampreview
|
|t:|1769365748
|teamsize|p1|6
|teamsize|p2|6
|start
|switch|p1a: RockOn|Glimmora, M|100/100
|switch|p2a: Sceptile|Sceptile, M|100/100
|turn|1
|
|t:|1769365757
|move|p1a: RockOn|Spiky Shield|p1a: RockOn
|-singleturn|p1a: RockOn|move: Protect
|move|p2a: Sceptile|Leech Seed|p1a: RockOn
|-activate|p1a: RockOn|move: Protect
|
|upkeep
|turn|2
|
|t:|1769365765
|move|p2a: Sceptile|Substitute|p2a: Sceptile
|-start|p2a: Sceptile|Substitute
|-damage|p2a: Sceptile|76/100
|move|p1a: RockOn|Mortal Spin|p2a: Sceptile
|-supereffective|p2a: Sceptile
|-activate|p2a: Sceptile|move: Substitute|[damage]
|
|upkeep
|turn|3
|
|t:|1769365773
|move|p2a: Sceptile|Leech Seed|p1a: RockOn
|-start|p1a: RockOn|move: Leech Seed
|move|p1a: RockOn|Power Gem|p2a: Sceptile
|-end|p2a: Sceptile|Substitute
|
|-damage|p1a: RockOn|88/100|[from] Leech Seed|[of] p2a: Sceptile
|-heal|p2a: Sceptile|92/100|[silent]
|upkeep
|turn|4
|
|t:|1769365783
|move|p2a: Sceptile|Giga Drain|p1a: RockOn
|-damage|p1a: RockOn|45/100
|-heal|p2a: Sceptile|100/100|[from] drain|[of] p1a: RockOn
|move|p1a: RockOn|Stealth Rock|p2a: Sceptile
|-sidestart|p2: Seanungerer1|move: Stealth Rock
|
|-damage|p1a: RockOn|33/100|[from] Leech Seed|[of] p2a: Sceptile
|upkeep
|turn|5
|
|t:|1769365795
|move|p1a: RockOn|Spiky Shield|p1a: RockOn
|-singleturn|p1a: RockOn|move: Protect
|move|p2a: Sceptile|Substitute|p2a: Sceptile
|-start|p2a: Sceptile|Substitute
|-damage|p2a: Sceptile|76/100
|
|-damage|p1a: RockOn|20/100|[from] Leech Seed|[of] p2a: Sceptile
|-heal|p2a: Sceptile|92/100|[silent]
|upkeep
|turn|6
|
|t:|1769365813
|move|p2a: Sceptile|Giga Drain|p1a: RockOn
|-damage|p1a: RockOn|0 fnt
|-heal|p2a: Sceptile|100/100|[from] drain|[of] p1a: RockOn
|faint|p1a: RockOn
|
|upkeep
|
|t:|1769365819
|switch|p1a: ProDartsPlayer|Dragapult, F|100/100
|turn|7
|
|t:|1769365823
|move|p1a: ProDartsPlayer|Dragon Dance|p1a: ProDartsPlayer
|-boost|p1a: ProDartsPlayer|atk|1
|-boost|p1a: ProDartsPlayer|spe|1
|move|p2a: Sceptile|Dragon Pulse|p1a: ProDartsPlayer
|-supereffective|p1a: ProDartsPlayer
|-damage|p1a: ProDartsPlayer|24/100
|
|upkeep
|turn|8
|
|t:|1769365838
|-terastallize|p1a: ProDartsPlayer|Dragon
|move|p1a: ProDartsPlayer|Dragon Darts|p2a: Sceptile
|-end|p2a: Sceptile|Substitute
|-anim|p1a: ProDartsPlayer|Dragon Darts|p2a: Sceptile
|-damage|p2a: Sceptile|8/100
|-enditem|p2a: Sceptile|Sitrus Berry|[eat]
|-heal|p2a: Sceptile|33/100|[from] item: Sitrus Berry
|move|p2a: Sceptile|Dragon Pulse|p1a: ProDartsPlayer
|-supereffective|p1a: ProDartsPlayer
|-damage|p1a: ProDartsPlayer|0 fnt
|faint|p1a: ProDartsPlayer
|
|upkeep
|
|t:|1769365866
|switch|p1a: SearingSmite|Ceruledge, F|100/100
|-item|p1a: SearingSmite|Air Balloon
|turn|9
|
|t:|1769365872
|move|p2a: Sceptile|Leech Seed|p1a: SearingSmite
|-start|p1a: SearingSmite|move: Leech Seed
|move|p1a: SearingSmite|Bitter Blade|p2a: Sceptile
|-supereffective|p2a: Sceptile
|-damage|p2a: Sceptile|0 fnt
|faint|p2a: Sceptile
|
|upkeep
|
|t:|1769365886
|switch|p2a: Gyarados|Gyarados, F|100/100
|-damage|p2a: Gyarados|76/100|[from] Stealth Rock
|turn|10
|
|t:|1769365922
|move|p1a: SearingSmite|Shadow Claw|p2a: Gyarados
|-damage|p2a: Gyarados|31/100
|move|p2a: Gyarados|Waterfall|p1a: SearingSmite
|-supereffective|p1a: SearingSmite
|-damage|p1a: SearingSmite|0 fnt
|-enditem|p1a: SearingSmite|Air Balloon
|faint|p1a: SearingSmite
|-ability|p2a: Gyarados|Moxie|boost
|-boost|p2a: Gyarados|atk|1
|
|-heal|p2a: Gyarados|37/100|[from] item: Leftovers
|upkeep
|
|t:|1769365941
|switch|p1a: Hatsune Miku|Meloetta|100/100
|turn|11
|inactive|Battle timer is ON: inactive players will automatically lose when time's up. (requested by Seanungerer1)
|
|t:|1769365982
|move|p1a: Hatsune Miku|Psychic|p2a: Gyarados
|-damage|p2a: Gyarados|0 fnt
|faint|p2a: Gyarados
|
|upkeep
|
|t:|1769366000
|switch|p2a: Electivire|Electivire, F|100/100
|-damage|p2a: Electivire|88/100|[from] Stealth Rock
|-item|p2a: Electivire|Air Balloon
|turn|12
|
|t:|1769366007
|switch|p1a: Snail|Gastrodon, M|100/100
|move|p2a: Electivire|Knock Off|p1a: Snail
|-damage|p1a: Snail|60/100
|-enditem|p1a: Snail|Leftovers|[from] move: Knock Off|[of] p2a: Electivire
|
|upkeep
|turn|13
|
|t:|1769366019
|switch|p2a: Hitmontop|Hitmontop, M|100/100
|-ability|p2a: Hitmontop|Intimidate|boost
|-unboost|p1a: Snail|atk|1
|move|p1a: Snail|Ice Beam|p2a: Hitmontop
|-damage|p2a: Hitmontop|72/100
|
|upkeep
|turn|14
|
|t:|1769366042
|move|p2a: Hitmontop|Rapid Spin|p1a: Snail
|-damage|p1a: Snail|43/100
|-boost|p2a: Hitmontop|spe|1
|-sideend|p2: Seanungerer1|Stealth Rock|[from] move: Rapid Spin|[of] p2a: Hitmontop
|move|p1a: Snail|Earth Power|p2a: Hitmontop
|-damage|p2a: Hitmontop|32/100
|
|upkeep
|turn|15
|
|t:|1769366053
|move|p2a: Hitmontop|Close Combat|p1a: Snail
|-damage|p1a: Snail|0 fnt
|-unboost|p2a: Hitmontop|def|1
|-unboost|p2a: Hitmontop|spd|1
|faint|p1a: Snail
|
|upkeep
|inactive|BrenTheTrickster has 120 seconds left.
|
|t:|1769366081
|switch|p1a: Hatsune Miku|Meloetta|100/100
|turn|16
|
|t:|1769366097
|move|p1a: Hatsune Miku|Psychic|p2a: Hitmontop
|-supereffective|p2a: Hitmontop
|-damage|p2a: Hitmontop|0 fnt
|faint|p2a: Hitmontop
|
|upkeep
|
|t:|1769366104
|switch|p2a: Honchkrow|Honchkrow, M|100/100
|turn|17
|
|t:|1769366113
|move|p1a: Hatsune Miku|Alluring Voice|p2a: Honchkrow
|-supereffective|p2a: Honchkrow
|-crit|p2a: Honchkrow
|-damage|p2a: Honchkrow|0 fnt
|faint|p2a: Honchkrow
|
|upkeep
|
|t:|1769366119
|switch|p2a: Electivire|Electivire, F|88/100
|-item|p2a: Electivire|Air Balloon
|turn|18
|
|t:|1769366134
|move|p1a: Hatsune Miku|Hyper Voice|p2a: Electivire
|-damage|p2a: Electivire|21/100
|-enditem|p2a: Electivire|Air Balloon
|move|p2a: Electivire|Knock Off|p1a: Hatsune Miku
|-supereffective|p1a: Hatsune Miku
|-damage|p1a: Hatsune Miku|14/100
|-enditem|p1a: Hatsune Miku|Wise Glasses|[from] move: Knock Off|[of] p2a: Electivire
|
|upkeep
|turn|19
|
|t:|1769366150
|move|p1a: Hatsune Miku|Hyper Voice|p2a: Electivire
|-damage|p2a: Electivire|0 fnt
|faint|p2a: Electivire
|
|upkeep
|
|t:|1769366155
|switch|p2a: Magmortar|Magmortar, F|100/100
|turn|20
|
|t:|1769366163
|move|p1a: Hatsune Miku|Psychic|p2a: Magmortar
|-damage|p2a: Magmortar|45/100
|-unboost|p2a: Magmortar|spd|1
|move|p2a: Magmortar|Scorching Sands|p1a: Hatsune Miku
|-damage|p1a: Hatsune Miku|0 fnt
|faint|p1a: Hatsune Miku
|
|upkeep
|
|t:|1769366189
|switch|p1a: Avenger|Kingambit, M|100/100
|-activate|p1a: Avenger|ability: Supreme Overlord
|-start|p1a: Avenger|fallen5|[silent]
|turn|21
|
|t:|1769366197
|move|p1a: Avenger|Sucker Punch|p2a: Magmortar
|-damage|p2a: Magmortar|0 fnt
|faint|p2a: Magmortar
|
|win|BrenTheTrickster
|raw|BrenTheTrickster's rating: 1076 &rarr; <strong>1104</strong><br />(+28 for winning)
|raw|Seanungerer1's rating: 1071 &rarr; <strong>1051</strong><br />(-20 for losing)
|l|☆Seanungerer1
|player|p2|
|l|☆BrenTheTrickster
|player|p1|
