|j|☆Leadedpaint
|j|☆Beef Lo Mein
|t:|1769436166
|gametype|singles
|player|p1|Leadedpaint|clair|1097
|player|p2|Beef Lo Mein|firebreather|1173
|gen|9
|tier|[Gen 9] OU
|rated|
|rule|HP Percentage Mod: HP is shown in percentages
|rule|Endless Battle Clause: Forcing endless battles is banned
|rule|Species Clause: Limit one of each Pokémon
|rule|OHKO Clause: OHKO moves are banned
|rule|Evasion Items Clause: Evasion items are banned
|rule|Evasion Moves Clause: Evasion moves are banned
|rule|Evasion Abilities Clause: Evasion abilities are banned
|rule|Sleep Moves Clause: Sleep-inducing moves are banned
|clearpoke
|poke|p1|Great Tusk|
|poke|p1|Pecharunt|
|poke|p1|Iron Valiant|
|poke|p1|Iron Crown|
|poke|p1|Samurott-Hisui, M|
|poke|p1|Dragonite, M|
|poke|p2|Slowking-Galar, F|
|poke|p2|Zarude|
|poke|p2|Raging Bolt|
|poke|p2|Gliscor, M|
|poke|p2|Clefable, F|
|poke|p2|Iron Treads|
|teampreview
|inactive|Battle timer is ON: inactive players will automatically lose when time's up. (requested by Leadedpaint)
|j| AbrarS
|
|t:|1769436183
|teamsize|p1|6
|teamsize|p2|6
|start
|switch|p1a: In-N-Out|Samurott-Hisui, M, shiny|100/100
|switch|p2a: Iron Treads|Iron Treads|100/100
|-item|p2a: Iron Treads|Air Balloon
|turn|1
|j| CloudyEJ
|
|t:|1769436193
|-end|p2a: Iron Treads|Quark Drive|[silent]
|switch|p2a: Zarude|Zarude|100/100
|move|p1a: In-N-Out|Ceaseless Edge|p2a: Zarude
|-resisted|p2a: Zarude
|-damage|p2a: Zarude|75/100
|-sidestart|p2: Beef Lo Mein|Spikes
|
|-heal|p2a: Zarude|81/100|[from] item: Leftovers
|upkeep
|turn|2
|
|t:|1769436211
|switch|p1a: Carl's Jr.|Iron Valiant, shiny|100/100
|move|p2a: Zarude|Bulk Up|p2a: Zarude
|-boost|p2a: Zarude|atk|1
|-boost|p2a: Zarude|def|1
|
|-heal|p2a: Zarude|87/100|[from] item: Leftovers
|upkeep
|turn|3
|
|t:|1769436225
|switch|p2a: Clefable|Clefable, F|100/100
|move|p1a: Carl's Jr.|Moonblast|p2a: Clefable
|-damage|p2a: Clefable|30/100
|
|upkeep
|turn|4
|
|t:|1769436238
|switch|p2a: Slowking|Slowking-Galar, F|100/100
|move|p1a: Carl's Jr.|Moonblast|p2a: Slowking
|-resisted|p2a: Slowking
|-damage|p2a: Slowking|79/100
|
|upkeep
|turn|5
|
|t:|1769436248
|-end|p1a: Carl's Jr.|Quark Drive|[silent]
|switch|p1a: Arby's|Great Tusk, shiny|100/100
|move|p2a: Slowking|Sludge Bomb|p1a: Arby's
|-resisted|p1a: Arby's
|-damage|p1a: Arby's|77/100
|
|upkeep
|turn|6
|
|t:|1769436257
|switch|p2a: Iron Treads|Iron Treads|100/100
|-item|p2a: Iron Treads|Air Balloon
|move|p1a: Arby's|Headlong Rush|p2a: Iron Treads
|-immune|p2a: Iron Treads
|
|upkeep
|turn|7
|
|t:|1769436266
|move|p2a: Iron Treads|Ice Spinner|p1a: Arby's
|-supereffective|p1a: Arby's
|-damage|p1a: Arby's|48/100
|move|p1a: Arby's|Ice Spinner|p2a: Iron Treads
|-damage|p2a: Iron Treads|81/100
|-enditem|p2a: Iron Treads|Air Balloon
|
|upkeep
|turn|8
|j| Tocanada
|
|t:|1769436278
|move|p2a: Iron Treads|Ice Spinner|p1a: Arby's
|-supereffective|p1a: Arby's
|-damage|p1a: Arby's|17/100
|move|p1a: Arby's|Headlong Rush|p2a: Iron Treads
|-supereffective|p2a: Iron Treads
|-damage|p2a: Iron Treads|0 fnt
|-unboost|p1a: Arby's|def|1
|-unboost|p1a: Arby's|spd|1
|faint|p2a: Iron Treads
|-end|p2a: Iron Treads|Quark Drive|[silent]
|
|upkeep
|
|t:|1769436281
|switch|p2a: Gliscor|Gliscor, M|100/100
|turn|9
|j| ralzie
|
|t:|1769436291
|-end|p1a: Arby's|Protosynthesis|[silent]
|switch|p1a: Jack In the Box|Pecharunt|100/100
|move|p2a: Gliscor|Protect||[still]
|-fail|p2a: Gliscor
|
|-status|p2a: Gliscor|tox|[from] item: Toxic Orb
|upkeep
|turn|10
|
|t:|1769436301
|move|p2a: Gliscor|Earthquake|p1a: Jack In the Box
|-supereffective|p1a: Jack In the Box
|-damage|p1a: Jack In the Box|71/100
|move|p1a: Jack In the Box|Parting Shot|p2a: Gliscor
|-unboost|p2a: Gliscor|atk|1
|-unboost|p2a: Gliscor|spa|1
|
|t:|1769436307
|switch|p1a: In-N-Out|Samurott-Hisui, M, shiny|100/100|[from] Parting Shot
|
|upkeep
|turn|11
|
|t:|1769436319
|move|p1a: In-N-Out|Ceaseless Edge|p2a: Gliscor
|-damage|p2a: Gliscor|68/100 tox
|-sidestart|p2: Beef Lo Mein|Spikes
|move|p2a: Gliscor|Toxic|p1a: In-N-Out
|-status|p1a: In-N-Out|tox
|
|-damage|p1a: In-N-Out|94/100 tox|[from] psn
|-heal|p2a: Gliscor|80/100 tox|[from] ability: Poison Heal
|upkeep
|turn|12
|
|t:|1769436334
|move|p2a: Gliscor|Protect|p2a: Gliscor
|-singleturn|p2a: Gliscor|Protect
|move|p1a: In-N-Out|Ceaseless Edge|p2a: Gliscor
|-activate|p2a: Gliscor|move: Protect
|
|-damage|p1a: In-N-Out|82/100 tox|[from] psn
|-heal|p2a: Gliscor|93/100 tox|[from] ability: Poison Heal
|upkeep
|turn|13
|
|t:|1769436343
|switch|p2a: Zarude|Zarude|87/100
|-damage|p2a: Zarude|70/100|[from] Spikes
|move|p1a: In-N-Out|Flip Turn|p2a: Zarude
|-resisted|p2a: Zarude
|-damage|p2a: Zarude|58/100
|
|t:|1769436350
|switch|p1a: Carl's Jr.|Iron Valiant, shiny|100/100|[from] Flip Turn
|
|-heal|p2a: Zarude|65/100|[from] item: Leftovers
|upkeep
|turn|14
|
|t:|1769436366
|switch|p2a: Slowking|Slowking-Galar, F|100/100
|move|p1a: Carl's Jr.|Moonblast|p2a: Slowking
|-resisted|p2a: Slowking
|-damage|p2a: Slowking|79/100
|
|upkeep
|turn|15
|
|t:|1769436377
|-end|p1a: Carl's Jr.|Quark Drive|[silent]
|switch|p1a: McDonald's|Iron Crown|100/100
|move|p2a: Slowking|Sludge Bomb|p1a: McDonald's
|-immune|p1a: McDonald's
|
|upkeep
|turn|16
|
|t:|1769436388
|move|p1a: McDonald's|Psychic Noise|p2a: Slowking
|-damage|p2a: Slowking|57/100
|-start|p2a: Slowking|move: Heal Block
|move|p2a: Slowking|Future Sight|p1a: McDonald's
|-start|p2a: Slowking|move: Future Sight
|
|upkeep
|turn|17
|
|t:|1769436405
|move|p1a: McDonald's|Tachyon Cutter|p2a: Slowking
|-damage|p2a: Slowking|41/100
|-damage|p2a: Slowking|26/100
|-hitcount|p2a: Slowking|2
|-prepare|p2a: Slowking|Chilly Reception|[premajor]
|move|p2a: Slowking|Chilly Reception|p2a: Slowking
|-weather|Snowscape
|
|t:|1769436410
|switch|p2a: Gliscor|Gliscor, M|93/100 tox|[from] Chilly Reception
|
|-weather|Snowscape|[upkeep]
|-heal|p2a: Gliscor|100/100 tox|[from] ability: Poison Heal
|upkeep
|turn|18
|
|t:|1769436417
|-end|p1a: McDonald's|Quark Drive|[silent]
|switch|p1a: In-N-Out|Samurott-Hisui, M, shiny|82/100 tox
|move|p2a: Gliscor|Toxic|p1a: In-N-Out
|-fail|p1a: In-N-Out|tox
|
|-weather|Snowscape|[upkeep]
|-end|p1a: In-N-Out|move: Future Sight
|-immune|p1a: In-N-Out
|-damage|p1a: In-N-Out|76/100 tox|[from] psn
|upkeep
|turn|19
|
|t:|1769436428
|switch|p2a: Raging Bolt|Raging Bolt|100/100
|-damage|p2a: Raging Bolt|84/100|[from] Spikes
|-enditem|p2a: Raging Bolt|Booster Energy
|-activate|p2a: Raging Bolt|ability: Protosynthesis|[fromitem]
|-start|p2a: Raging Bolt|protosynthesisspa
|move|p1a: In-N-Out|Ceaseless Edge|p2a: Raging Bolt
|-damage|p2a: Raging Bolt|30/100
|-sidestart|p2: Beef Lo Mein|Spikes
|
|-weather|Snowscape|[upkeep]
|-damage|p1a: In-N-Out|63/100 tox|[from] psn
|upkeep
|turn|20
|
|t:|1769436441
|move|p2a: Raging Bolt|Thunderclap|p1a: In-N-Out
|-supereffective|p1a: In-N-Out
|-damage|p1a: In-N-Out|0 fnt
|faint|p1a: In-N-Out
|
|-weather|Snowscape|[upkeep]
|upkeep
|
|t:|1769436448
|switch|p1a: Arby's|Great Tusk, shiny|17/100
|turn|21
|
|t:|1769436461
|-terastallize|p2a: Raging Bolt|Fairy
|move|p1a: Arby's|Headlong Rush|p2a: Raging Bolt
|-damage|p2a: Raging Bolt|0 fnt
|-unboost|p1a: Arby's|def|1
|-unboost|p1a: Arby's|spd|1
|faint|p2a: Raging Bolt
|-end|p2a: Raging Bolt|Protosynthesis|[silent]
|
|-weather|none
|upkeep
|c|☆Beef Lo Mein|i thought i could tank
|
|t:|1769436482
|switch|p2a: Gliscor|Gliscor, M|100/100 tox
|turn|22
|j| scrappyflamigo
|
|t:|1769436489
|move|p2a: Gliscor|Protect|p2a: Gliscor
|-singleturn|p2a: Gliscor|Protect
|move|p1a: Arby's|Ice Spinner|p2a: Gliscor
|-activate|p2a: Gliscor|move: Protect
|
|upkeep
|turn|23
|
|t:|1769436495
|move|p1a: Arby's|Ice Spinner|p2a: Gliscor
|-supereffective|p2a: Gliscor
|-damage|p2a: Gliscor|35/100 tox
|move|p2a: Gliscor|Earthquake|p1a: Arby's
|-damage|p1a: Arby's|0 fnt
|faint|p1a: Arby's
|-end|p1a: Arby's|Protosynthesis|[silent]
|
|-heal|p2a: Gliscor|47/100 tox|[from] ability: Poison Heal
|upkeep
|
|t:|1769436516
|switch|p1a: Carl's Jr.|Iron Valiant, shiny|100/100
|turn|24
|
|t:|1769436536
|move|p2a: Gliscor|Protect|p2a: Gliscor
|-singleturn|p2a: Gliscor|Protect
|move|p1a: Carl's Jr.|Shadow Ball|p2a: Gliscor
|-activate|p2a: Gliscor|move: Protect
|
|-heal|p2a: Gliscor|60/100 tox|[from] ability: Poison Heal
|upkeep
|turn|25
|c| scrappyflamigo|baby vs baby
|
|t:|1769436541
|move|p1a: Carl's Jr.|Shadow Ball|p2a: Gliscor
|-damage|p2a: Gliscor|11/100 tox
|move|p2a: Gliscor|Toxic|p1a: Carl's Jr.
|-status|p1a: Carl's Jr.|tox
|
|-damage|p1a: Carl's Jr.|94/100 tox|[from] psn
|-heal|p2a: Gliscor|23/100 tox|[from] ability: Poison Heal
|upkeep
|turn|26
|c|☆Leadedpaint|We all gotta start somewhere
|
|t:|1769436555
|move|p2a: Gliscor|Protect|p2a: Gliscor
|-singleturn|p2a: Gliscor|Protect
|move|p1a: Carl's Jr.|Shadow Ball|p2a: Gliscor
|-activate|p2a: Gliscor|move: Protect
|
|-damage|p1a: Carl's Jr.|82/100 tox|[from] psn
|-heal|p2a: Gliscor|36/100 tox|[from] ability: Poison Heal
|upkeep
|turn|27
|c| scrappyflamigo|u picked the right team tho
|
|t:|1769436565
|switch|p2a: Clefable|Clefable, F|30/100
|move|p1a: Carl's Jr.|Shadow Ball|p2a: Clefable
|-damage|p2a: Clefable|0 fnt
|faint|p2a: Clefable
|
|-damage|p1a: Carl's Jr.|63/100 tox|[from] psn
|upkeep
|inactive|Beef Lo Mein has 120 seconds left.
|
|t:|1769436592
|switch|p2a: Gliscor|Gliscor, M|36/100 tox
|turn|28
|c|☆Leadedpaint|Thank you. I liked Pecharunt in random bats so I picked a team that had it
|
|t:|1769436597
|move|p2a: Gliscor|Protect|p2a: Gliscor
|-singleturn|p2a: Gliscor|Protect
|move|p1a: Carl's Jr.|Shadow Ball|p2a: Gliscor
|-activate|p2a: Gliscor|move: Protect
|
|-damage|p1a: Carl's Jr.|38/100 tox|[from] psn
|-heal|p2a: Gliscor|48/100 tox|[from] ability: Poison Heal
|upkeep
|turn|29
|j| peregrine23
|l| peregrine23
|c| scrappyflamigo|this team is so good i use it too
|inactive|Beef Lo Mein has 120 seconds left.
|
|t:|1769436638
|switch|p2a: Slowking|Slowking-Galar, F|60/100
|move|p1a: Carl's Jr.|Shadow Ball|p2a: Slowking
|-supereffective|p2a: Slowking
|-damage|p2a: Slowking|10/100
|-unboost|p2a: Slowking|spd|1
|
|-damage|p1a: Carl's Jr.|7/100 tox|[from] psn
|upkeep
|turn|30
|
|t:|1769436649
|-end|p1a: Carl's Jr.|Quark Drive|[silent]
|switch|p1a: McDonald's|Iron Crown|100/100
|switch|p2a: Zarude|Zarude|65/100
|-damage|p2a: Zarude|40/100|[from] Spikes
|
|-heal|p2a: Zarude|46/100|[from] item: Leftovers
|upkeep
|turn|31
|
|t:|1769436660
|move|p1a: McDonald's|Volt Switch|p2a: Zarude
|-resisted|p2a: Zarude
|-damage|p2a: Zarude|37/100
|
|t:|1769436664
|-end|p1a: McDonald's|Quark Drive|[silent]
|switch|p1a: Taco Bell|Dragonite, M, shiny|100/100|[from] Volt Switch
|move|p2a: Zarude|Jungle Healing|p2a: Zarude
|-heal|p2a: Zarude|62/100
|
|-heal|p2a: Zarude|68/100|[from] item: Leftovers
|upkeep
|turn|32
|
|t:|1769436674
|move|p1a: Taco Bell|Dragon Dance|p1a: Taco Bell
|-boost|p1a: Taco Bell|atk|1
|-boost|p1a: Taco Bell|spe|1
|move|p2a: Zarude|Knock Off|p1a: Taco Bell
|-damage|p1a: Taco Bell|77/100
|-enditem|p1a: Taco Bell|Heavy-Duty Boots|[from] move: Knock Off|[of] p2a: Zarude
|
|-heal|p2a: Zarude|74/100|[from] item: Leftovers
|upkeep
|turn|33
|
|t:|1769436682
|move|p1a: Taco Bell|Dragon Dance|p1a: Taco Bell
|-boost|p1a: Taco Bell|atk|1
|-boost|p1a: Taco Bell|spe|1
|move|p2a: Zarude|Bulk Up|p2a: Zarude
|-boost|p2a: Zarude|atk|1
|-boost|p2a: Zarude|def|1
|
|-heal|p2a: Zarude|80/100|[from] item: Leftovers
|upkeep
|turn|34
|
|t:|1769436690
|-terastallize|p1a: Taco Bell|Flying
|move|p1a: Taco Bell|Tera Blast|p2a: Zarude|[anim] Tera Blast Flying
|-supereffective|p2a: Zarude
|-damage|p2a: Zarude|0 fnt
|faint|p2a: Zarude
|
|upkeep
|
|t:|1769436707
|switch|p2a: Slowking|Slowking-Galar, F|43/100
|turn|35
|
|t:|1769436712
|move|p1a: Taco Bell|Tera Blast|p2a: Slowking|[anim] Tera Blast Flying
|-damage|p2a: Slowking|0 fnt
|faint|p2a: Slowking
|
|upkeep
|
|t:|1769436715
|switch|p2a: Gliscor|Gliscor, M|48/100 tox
|turn|36
|c|☆Beef Lo Mein|gg
|l| AbrarS
|
|t:|1769436718
|move|p1a: Taco Bell|Tera Blast|p2a: Gliscor|[anim] Tera Blast Flying
|-damage|p2a: Gliscor|0 fnt
|faint|p2a: Gliscor
|
|win|Leadedpaint
|raw|Leadedpaint's rating: 1097 &rarr; <strong>1128</strong><br />(+31 for winning)
|raw|Beef Lo Mein's rating: 1173 &rarr; <strong>1143</strong><br />(-30 for losing)
|c|☆Leadedpaint|gg
|l|☆Beef Lo Mein
|player|p2|
|c| scrappyflamigo|yo man u played good
|c|☆Leadedpaint|That was fun
|l| ralzie
|c|☆Leadedpaint|Thank you!
|c|☆Leadedpaint|I'm new to showdown and pokemon in general, so that's nice to hear
|l| Tocanada
|c| scrappyflamigo|u will reach high elo soon
|c|☆Leadedpaint|Thanks, man
|l|☆Leadedpaint
|player|p1|
|l| scrappyflamigo
|l| CloudyEJ
|j| Stellar Flares
