|j|☆patchworrk
|j|☆Fabe3107
|t:|1769427096
|gametype|singles
|player|p1|patchworrk|rosa|1266
|player|p2|Fabe3107|101|1271
|gen|9
|tier|[Gen 9] OU
|rated|
|rule|HP Percentage Mod: HP is shown in percentages
|rule|Endless Battle Clause: Forcing endless battles is banned
|rule|Species Clause: Limit one of each Pokémon
|rule|OHKO Clause: OHKO moves are banned
|rule|Evasion Items Clause: Evasion items are banned
|rule|Evasion Moves Clause: Evasion moves are banned
|rule|Evasion Abilities Clause: Evasion abilities are banned
|rule|Sleep Moves Clause: Sleep-inducing moves are banned
|clearpoke
|poke|p1|Primarina, M|
|poke|p1|Enamorus, F|
|poke|p1|Iron Moth|
|poke|p1|Iron Treads|
|poke|p1|Dragapult, M|
|poke|p1|Iron Jugulis|
|poke|p2|Grimmsnarl, M|
|poke|p2|Iron Treads|
|poke|p2|Raging Bolt|
|poke|p2|Deoxys-Speed|
|poke|p2|Ogerpon-Wellspring, F|
|poke|p2|Ceruledge, M|
|teampreview
|inactive|Battle timer is ON: inactive players will automatically lose when time's up. (requested by Fabe3107)
|inactive|Fabe3107 has 120 seconds left.
|
|t:|1769427128
|teamsize|p1|6
|teamsize|p2|6
|start
|switch|p1a: golden wind|Dragapult, M, shiny|100/100
|switch|p2a: Deoxys|Deoxys-Speed, shiny|100/100
|-ability|p2a: Deoxys|Pressure
|turn|1
|
|t:|1769427141
|switch|p2a: Grimmsnarl|Grimmsnarl, M, shiny|100/100
|move|p1a: golden wind|U-turn|p2a: Grimmsnarl
|-damage|p2a: Grimmsnarl|49/100
|
|t:|1769427149
|switch|p1a: twink|Enamorus, F|100/100|[from] U-turn
|
|upkeep
|turn|2
|
|t:|1769427159
|switch|p2a: Iron Treads|Iron Treads, shiny|100/100
|-enditem|p2a: Iron Treads|Booster Energy
|-activate|p2a: Iron Treads|ability: Quark Drive|[fromitem]
|-start|p2a: Iron Treads|quarkdrivespe
|move|p1a: twink|Moonblast|p2a: Iron Treads
|-resisted|p2a: Iron Treads
|-damage|p2a: Iron Treads|62/100
|-unboost|p2a: Iron Treads|spa|1
|
|upkeep
|turn|3
|
|t:|1769427170
|switch|p1a: persephone|Primarina, M, shiny|100/100
|move|p2a: Iron Treads|Steel Beam|p1a: persephone
|-damage|p1a: persephone|74/100
|-damage|p2a: Iron Treads|12/100|[from] steelbeam
|
|-heal|p1a: persephone|80/100|[from] item: Leftovers
|upkeep
|turn|4
|
|t:|1769427181
|move|p2a: Iron Treads|Stealth Rock|p1a: persephone
|-sidestart|p1: patchworrk|move: Stealth Rock
|move|p1a: persephone|Whirlpool|p2a: Iron Treads
|-supereffective|p2a: Iron Treads
|-damage|p2a: Iron Treads|0 fnt
|faint|p2a: Iron Treads
|-end|p2a: Iron Treads|Quark Drive|[silent]
|
|-heal|p1a: persephone|86/100|[from] item: Leftovers
|upkeep
|
|t:|1769427205
|switch|p2a: Raging Bolt|Raging Bolt|100/100
|-enditem|p2a: Raging Bolt|Booster Energy
|-activate|p2a: Raging Bolt|ability: Protosynthesis|[fromitem]
|-start|p2a: Raging Bolt|protosynthesisspa
|turn|5
|
|t:|1769427214
|switch|p1a: address me|Iron Treads|100/100
|-damage|p1a: address me|97/100|[from] Stealth Rock
|-item|p1a: address me|Air Balloon
|move|p2a: Raging Bolt|Thunderbolt|p1a: address me
|-immune|p1a: address me
|
|upkeep
|turn|6
|
|t:|1769427225
|-terastallize|p2a: Raging Bolt|Flying
|move|p1a: address me|Earthquake|p2a: Raging Bolt
|-immune|p2a: Raging Bolt
|move|p2a: Raging Bolt|Dragon Pulse|p1a: address me
|-resisted|p1a: address me
|-damage|p1a: address me|47/100
|-enditem|p1a: address me|Air Balloon
|
|upkeep
|turn|7
|
|t:|1769427237
|move|p1a: address me|Ice Spinner|p2a: Raging Bolt
|-supereffective|p2a: Raging Bolt
|-damage|p2a: Raging Bolt|54/100
|move|p2a: Raging Bolt|Dragon Pulse|p1a: address me
|-resisted|p1a: address me
|-damage|p1a: address me|0 fnt
|faint|p1a: address me
|-end|p1a: address me|Quark Drive|[silent]
|
|upkeep
|
|t:|1769427261
|switch|p1a: hivemind|Iron Moth|100/100
|-damage|p1a: hivemind|76/100|[from] Stealth Rock
|-enditem|p1a: hivemind|Booster Energy
|-activate|p1a: hivemind|ability: Quark Drive|[fromitem]
|-start|p1a: hivemind|quarkdrivespa
|turn|8
|
|t:|1769427275
|move|p2a: Raging Bolt|Thunderclap|p1a: hivemind
|-damage|p1a: hivemind|19/100
|move|p1a: hivemind|Fiery Dance|p2a: Raging Bolt
|-damage|p2a: Raging Bolt|5/100
|-boost|p1a: hivemind|spa|1
|
|upkeep
|turn|9
|
|t:|1769427285
|-end|p1a: hivemind|Quark Drive|[silent]
|switch|p1a: golden wind|Dragapult, M, shiny|100/100
|-damage|p1a: golden wind|88/100|[from] Stealth Rock
|move|p2a: Raging Bolt|Thunderclap||[still]
|-fail|p2a: Raging Bolt
|
|upkeep
|turn|10
|
|t:|1769427292
|move|p2a: Raging Bolt|Thunderclap|p1a: golden wind
|-resisted|p1a: golden wind
|-damage|p1a: golden wind|54/100
|move|p1a: golden wind|U-turn|p2a: Raging Bolt
|-resisted|p2a: Raging Bolt
|-damage|p2a: Raging Bolt|0 fnt
|faint|p2a: Raging Bolt
|-end|p2a: Raging Bolt|Protosynthesis|[silent]
|
|t:|1769427305
|switch|p1a: persephone|Primarina, M, shiny|86/100|[from] U-turn
|-damage|p1a: persephone|74/100|[from] Stealth Rock
|
|-heal|p1a: persephone|80/100|[from] item: Leftovers
|upkeep
|
|t:|1769427313
|switch|p2a: Ogerpon|Ogerpon-Wellspring, F|100/100
|turn|11
|
|t:|1769427330
|switch|p1a: twink|Enamorus, F|100/100
|-damage|p1a: twink|76/100|[from] Stealth Rock
|move|p2a: Ogerpon|Trailblaze|p1a: twink
|-resisted|p1a: twink
|-damage|p1a: twink|50/100
|-boost|p2a: Ogerpon|spe|1
|
|upkeep
|turn|12
|
|t:|1769427341
|move|p2a: Ogerpon|Ivy Cudgel|p1a: twink|[anim] Ivy Cudgel Water
|-damage|p1a: twink|0 fnt
|faint|p1a: twink
|
|upkeep
|inactive|patchworrk has 120 seconds left.
|
|t:|1769427353
|switch|p1a: persephone|Primarina, M, shiny|80/100
|-damage|p1a: persephone|68/100|[from] Stealth Rock
|turn|13
|
|t:|1769427364
|move|p2a: Ogerpon|Trailblaze|p1a: persephone
|-supereffective|p1a: persephone
|-damage|p1a: persephone|0 fnt
|-boost|p2a: Ogerpon|spe|1
|faint|p1a: persephone
|
|upkeep
|
|t:|1769427371
|switch|p1a: golden wind|Dragapult, M, shiny|54/100
|-damage|p1a: golden wind|42/100|[from] Stealth Rock
|turn|14
|
|t:|1769427376
|move|p1a: golden wind|Sucker Punch|p2a: Ogerpon
|-damage|p2a: Ogerpon|59/100
|move|p2a: Ogerpon|Play Rough|p1a: golden wind
|-supereffective|p1a: golden wind
|-damage|p1a: golden wind|0 fnt
|faint|p1a: golden wind
|
|upkeep
|
|t:|1769427393
|switch|p1a: iron mugulus|Iron Jugulis, shiny|100/100
|-damage|p1a: iron mugulus|76/100|[from] Stealth Rock
|-enditem|p1a: iron mugulus|Booster Energy
|-activate|p1a: iron mugulus|ability: Quark Drive|[fromitem]
|-start|p1a: iron mugulus|quarkdrivespe
|turn|15
|inactive|patchworrk has 120 seconds left.
|
|t:|1769427411
|-terastallize|p1a: iron mugulus|Fairy
|move|p2a: Ogerpon|Play Rough|p1a: iron mugulus
|-damage|p1a: iron mugulus|27/100
|move|p1a: iron mugulus|Tera Blast|p2a: Ogerpon|[anim] Tera Blast Fairy
|-damage|p2a: Ogerpon|14/100
|
|upkeep
|turn|16
|inactive|patchworrk has 120 seconds left.
|
|t:|1769427423
|move|p2a: Ogerpon|Ivy Cudgel|p1a: iron mugulus|[anim] Ivy Cudgel Water
|-damage|p1a: iron mugulus|0 fnt
|faint|p1a: iron mugulus
|-end|p1a: iron mugulus|Quark Drive|[silent]
|
|upkeep
|
|t:|1769427425
|switch|p1a: hivemind|Iron Moth|19/100
|-damage|p1a: hivemind|0 fnt|[from] Stealth Rock
|faint|p1a: hivemind
|-end|p1a: hivemind|Quark Drive|[silent]
|
|win|Fabe3107
|raw|patchworrk's rating: 1266 &rarr; <strong>1241</strong><br />(-25 for losing)
|raw|Fabe3107's rating: 1271 &rarr; <strong>1296</strong><br />(+25 for winning)
|l|☆Fabe3107
|player|p2|
