|j|☆nightwink
|j|☆clouddaearth
|t:|1769335012
|gametype|singles
|player|p1|nightwink|hilbert|1093
|player|p2|clouddaearth|170|1083
|gen|9
|tier|[Gen 9] OU
|rated|
|rule|HP Percentage Mod: HP is shown in percentages
|rule|Endless Battle Clause: Forcing endless battles is banned
|rule|Species Clause: Limit one of each Pokémon
|rule|OHKO Clause: OHKO moves are banned
|rule|Evasion Items Clause: Evasion items are banned
|rule|Evasion Moves Clause: Evasion moves are banned
|rule|Evasion Abilities Clause: Evasion abilities are banned
|rule|Sleep Moves Clause: Sleep-inducing moves are banned
|clearpoke
|poke|p1|Salamence, F|
|poke|p1|Dondozo, M|
|poke|p1|Tauros-Paldea-Blaze, M|
|poke|p1|Zangoose, M|
|poke|p1|Sceptile, F|
|poke|p1|Tyranitar, M|
|poke|p2|Krookodile, F|
|poke|p2|Ribombee, F|
|poke|p2|Bellibolt, F|
|poke|p2|Dragalge, F|
|poke|p2|Sceptile, F|
|poke|p2|Indeedee, M|
|teampreview
|inactive|Battle timer is ON: inactive players will automatically lose when time's up. (requested by clouddaearth)
|
|t:|1769335017
|teamsize|p1|6
|teamsize|p2|6
|start
|switch|p1a: Gecko|Sceptile, F|100/100
|switch|p2a: Krookodile|Krookodile, F|100/100
|turn|1
|
|t:|1769335033
|switch|p2a: Dragalge|Dragalge, F|100/100
|move|p1a: Gecko|Swords Dance|p1a: Gecko
|-boost|p1a: Gecko|atk|2
|
|upkeep
|turn|2
|
|t:|1769335040
|move|p1a: Gecko|Outrage|p2a: Dragalge
|-supereffective|p2a: Dragalge
|-crit|p2a: Dragalge
|-damage|p2a: Dragalge|0 fnt
|faint|p2a: Dragalge
|
|upkeep
|
|t:|1769335046
|switch|p2a: Ribombee|Ribombee, F|100/100
|turn|3
|
|t:|1769335052
|move|p2a: Ribombee|Bug Buzz|p1a: Gecko
|-supereffective|p1a: Gecko
|-enditem|p1a: Gecko|Focus Sash
|-damage|p1a: Gecko|1/100
|move|p1a: Gecko|Outrage|p2a: Ribombee|[from] lockedmove
|-immune|p2a: Ribombee
|
|upkeep
|turn|4
|
|t:|1769335067
|switch|p1a: Yak|Tauros-Paldea-Blaze, M|100/100
|-ability|p1a: Yak|Intimidate|boost
|-unboost|p2a: Ribombee|atk|1
|move|p2a: Ribombee|Quiver Dance|p2a: Ribombee
|-boost|p2a: Ribombee|spa|1
|-boost|p2a: Ribombee|spd|1
|-boost|p2a: Ribombee|spe|1
|
|upkeep
|turn|5
|
|t:|1769335081
|move|p2a: Ribombee|Moonblast|p1a: Yak
|-damage|p1a: Yak|0 fnt
|faint|p1a: Yak
|
|upkeep
|
|t:|1769335094
|switch|p1a: Gecko|Sceptile, F|1/100
|turn|6
|
|t:|1769335103
|move|p2a: Ribombee|Moonblast|p1a: Gecko
|-damage|p1a: Gecko|0 fnt
|faint|p1a: Gecko
|
|upkeep
|
|t:|1769335114
|switch|p1a: Jet|Tyranitar, M|100/100
|-weather|Sandstorm|[from] ability: Sand Stream|[of] p1a: Jet
|turn|7
|
|t:|1769335126
|move|p2a: Ribombee|Moonblast|p1a: Jet
|-supereffective|p1a: Jet
|-damage|p1a: Jet|30/100
|move|p1a: Jet|Thunder Punch|p2a: Ribombee
|-damage|p2a: Ribombee|43/100
|
|-weather|Sandstorm|[upkeep]
|-damage|p2a: Ribombee|37/100|[from] Sandstorm
|upkeep
|turn|8
|
|t:|1769335134
|move|p2a: Ribombee|Moonblast|p1a: Jet
|-supereffective|p1a: Jet
|-damage|p1a: Jet|0 fnt
|faint|p1a: Jet
|
|-weather|Sandstorm|[upkeep]
|-damage|p2a: Ribombee|31/100|[from] Sandstorm
|upkeep
|
|t:|1769335137
|switch|p1a: Pchal|Zangoose, M|100/100
|turn|9
|
|t:|1769335145
|move|p2a: Ribombee|Moonblast|p1a: Pchal
|-enditem|p1a: Pchal|Focus Sash
|-damage|p1a: Pchal|1/100
|move|p1a: Pchal|Close Combat|p2a: Ribombee
|-resisted|p2a: Ribombee
|-damage|p2a: Ribombee|14/100
|-unboost|p1a: Pchal|def|1
|-unboost|p1a: Pchal|spd|1
|
|-weather|Sandstorm|[upkeep]
|-damage|p2a: Ribombee|7/100|[from] Sandstorm
|-damage|p1a: Pchal|0 fnt|[from] Sandstorm
|faint|p1a: Pchal
|upkeep
|
|t:|1769335150
|switch|p1a: Mahi mahi|Dondozo, M|100/100
|turn|10
|
|t:|1769335156
|move|p2a: Ribombee|Moonblast|p1a: Mahi mahi
|-damage|p1a: Mahi mahi|61/100
|-unboost|p1a: Mahi mahi|spa|1
|move|p1a: Mahi mahi|Substitute|p1a: Mahi mahi
|-start|p1a: Mahi mahi|Substitute
|-damage|p1a: Mahi mahi|36/100
|
|-weather|Sandstorm|[upkeep]
|-damage|p2a: Ribombee|1/100|[from] Sandstorm
|-damage|p1a: Mahi mahi|30/100|[from] Sandstorm
|-heal|p1a: Mahi mahi|36/100|[from] item: Leftovers
|upkeep
|turn|11
|
|t:|1769335160
|move|p2a: Ribombee|Moonblast|p1a: Mahi mahi
|-end|p1a: Mahi mahi|Substitute
|move|p1a: Mahi mahi|Wave Crash|p2a: Ribombee
|-damage|p2a: Ribombee|0 fnt
|faint|p2a: Ribombee
|-damage|p1a: Mahi mahi|36/100|[from] Recoil
|
|-weather|none
|-heal|p1a: Mahi mahi|42/100|[from] item: Leftovers
|upkeep
|
|t:|1769335163
|switch|p2a: Sceptile|Sceptile, F|100/100
|turn|12
|
|t:|1769335169
|switch|p1a: Vesper|Salamence, F|100/100
|-ability|p1a: Vesper|Intimidate|boost
|-unboost|p2a: Sceptile|atk|1
|move|p2a: Sceptile|Swords Dance|p2a: Sceptile
|-boost|p2a: Sceptile|atk|2
|
|upkeep
|turn|13
|
|t:|1769335178
|switch|p2a: Indeedee|Indeedee, M|100/100
|-fieldstart|move: Psychic Terrain|[from] ability: Psychic Surge|[of] p2a: Indeedee
|move|p1a: Vesper|Flamethrower|p2a: Indeedee
|-damage|p2a: Indeedee|69/100
|
|upkeep
|turn|14
|
|t:|1769335186
|switch|p1a: Mahi mahi|Dondozo, M|42/100
|move|p2a: Indeedee|Trick|p1a: Mahi mahi
|-activate|p2a: Indeedee|move: Trick|[of] p1a: Mahi mahi
|-item|p1a: Mahi mahi|Choice Scarf|[from] move: Trick
|-item|p2a: Indeedee|Leftovers|[from] move: Trick
|
|-heal|p2a: Indeedee|75/100|[from] item: Leftovers
|upkeep
|turn|15
|
|t:|1769335202
|move|p2a: Indeedee|Expanding Force|p1a: Mahi mahi
|-damage|p1a: Mahi mahi|0 fnt
|faint|p1a: Mahi mahi
|
|-heal|p2a: Indeedee|81/100|[from] item: Leftovers
|upkeep
|
|t:|1769335205
|switch|p1a: Vesper|Salamence, F|100/100
|-ability|p1a: Vesper|Intimidate|boost
|-unboost|p2a: Indeedee|atk|1
|turn|16
|
|t:|1769335213
|move|p2a: Indeedee|Expanding Force|p1a: Vesper
|-damage|p1a: Vesper|0 fnt
|faint|p1a: Vesper
|
|win|clouddaearth
|raw|nightwink's rating: 1093 &rarr; <strong>1068</strong><br />(-25 for losing)
|raw|clouddaearth's rating: 1083 &rarr; <strong>1111</strong><br />(+28 for winning)
|l|☆clouddaearth
|player|p2|
|l|☆nightwink
|player|p1|
