|j|☆Truffle buddah
|j|☆xdye
|t:|1769292413
|gametype|singles
|player|p1|Truffle buddah|li|1665
|player|p2|xdye|iris-gen5bw2|1648
|gen|9
|tier|[Gen 9] OU
|rated|
|rule|HP Percentage Mod: HP is shown in percentages
|rule|Endless Battle Clause: Forcing endless battles is banned
|rule|Species Clause: Limit one of each Pokémon
|rule|OHKO Clause: OHKO moves are banned
|rule|Evasion Items Clause: Evasion items are banned
|rule|Evasion Moves Clause: Evasion moves are banned
|rule|Evasion Abilities Clause: Evasion abilities are banned
|rule|Sleep Moves Clause: Sleep-inducing moves are banned
|clearpoke
|poke|p1|Cinderace, F|
|poke|p1|Raging Bolt|
|poke|p1|Quaquaval, F|
|poke|p1|Sinistcha|
|poke|p1|Dragonite, F|
|poke|p1|Iron Valiant|
|poke|p2|Kyurem|
|poke|p2|Heatran, M|
|poke|p2|Hatterene, F|
|poke|p2|Dragonite, F|
|poke|p2|Great Tusk|
|poke|p2|Rillaboom, M|
|teampreview
|c|☆xdye|hf
|j| Heptastrike
|
|t:|1769292444
|teamsize|p1|6
|teamsize|p2|6
|start
|switch|p1a: Cinderace|Cinderace, F|100/100
|switch|p2a: Heatran|Heatran, M|100/100
|-item|p2a: Heatran|Air Balloon
|turn|1
|
|t:|1769292454
|switch|p2a: Hatterene|Hatterene, F|100/100
|move|p1a: Cinderace|High Jump Kick|p2a: Hatterene
|-start|p1a: Cinderace|typechange|Fighting|[from] ability: Libero
|-resisted|p2a: Hatterene
|-damage|p2a: Hatterene|88/100
|
|-heal|p2a: Hatterene|94/100|[from] item: Leftovers
|upkeep
|turn|2
|
|t:|1769292465
|move|p1a: Cinderace|Pyro Ball|p2a: Hatterene
|-damage|p2a: Hatterene|61/100
|move|p2a: Hatterene|Psychic Noise|p1a: Cinderace
|-supereffective|p1a: Cinderace
|-enditem|p1a: Cinderace|Focus Sash
|-damage|p1a: Cinderace|1/100
|-start|p1a: Cinderace|move: Heal Block
|
|-heal|p2a: Hatterene|67/100|[from] item: Leftovers
|upkeep
|turn|3
|
|t:|1769292481
|move|p1a: Cinderace|Pyro Ball|p2a: Hatterene
|-damage|p2a: Hatterene|38/100
|move|p2a: Hatterene|Draining Kiss|p1a: Cinderace
|-supereffective|p1a: Cinderace
|-damage|p1a: Cinderace|0 fnt
|-heal|p2a: Hatterene|38/100|[from] drain|[of] p1a: Cinderace
|faint|p1a: Cinderace
|
|-heal|p2a: Hatterene|44/100|[from] item: Leftovers
|upkeep
|
|t:|1769292485
|switch|p1a: Sinistcha|Sinistcha|100/100
|turn|4
|
|t:|1769292492
|switch|p2a: Heatran|Heatran, M|100/100
|-item|p2a: Heatran|Air Balloon
|move|p1a: Sinistcha|Shadow Ball|p2a: Heatran
|-damage|p2a: Heatran|69/100
|-enditem|p2a: Heatran|Air Balloon
|
|upkeep
|turn|5
|
|t:|1769292495
|switch|p1a: Quaquaval|Quaquaval, F|100/100
|move|p2a: Heatran|Magma Storm|p1a: Quaquaval|[miss]
|-miss|p2a: Heatran|p1a: Quaquaval
|
|upkeep
|turn|6
|
|t:|1769292503
|switch|p2a: Rillaboom|Rillaboom, M|100/100
|-fieldstart|move: Grassy Terrain|[from] ability: Grassy Surge|[of] p2a: Rillaboom
|move|p1a: Quaquaval|Aqua Step|p2a: Rillaboom
|-resisted|p2a: Rillaboom
|-damage|p2a: Rillaboom|80/100
|-boost|p1a: Quaquaval|spe|1
|
|-heal|p2a: Rillaboom|86/100|[from] Grassy Terrain
|upkeep
|turn|7
|
|t:|1769292510
|switch|p1a: Sinistcha|Sinistcha|100/100
|move|p2a: Rillaboom|Grassy Glide|p1a: Sinistcha
|-resisted|p1a: Sinistcha
|-damage|p1a: Sinistcha|87/100
|
|-heal|p2a: Rillaboom|93/100|[from] Grassy Terrain
|-heal|p1a: Sinistcha|93/100|[from] Grassy Terrain
|upkeep
|turn|8
|
|t:|1769292516
|move|p2a: Rillaboom|Knock Off|p1a: Sinistcha
|-supereffective|p1a: Sinistcha
|-damage|p1a: Sinistcha|45/100
|-enditem|p1a: Sinistcha|Heavy-Duty Boots|[from] move: Knock Off|[of] p2a: Rillaboom
|move|p1a: Sinistcha|Shadow Ball|p2a: Rillaboom
|-damage|p2a: Rillaboom|66/100
|
|-heal|p2a: Rillaboom|72/100|[from] Grassy Terrain
|-heal|p1a: Sinistcha|51/100|[from] Grassy Terrain
|upkeep
|turn|9
|
|t:|1769292522
|move|p2a: Rillaboom|U-turn|p1a: Sinistcha
|-crit|p1a: Sinistcha
|-damage|p1a: Sinistcha|25/100
|
|t:|1769292525
|switch|p2a: Kyurem|Kyurem|100/100|[from] U-turn
|-ability|p2a: Kyurem|Pressure
|move|p1a: Sinistcha|Strength Sap|p2a: Kyurem
|-unboost|p2a: Kyurem|atk|1
|-heal|p1a: Sinistcha|100/100
|
|upkeep
|turn|10
|
|t:|1769292532
|switch|p1a: Iron Valiant|Iron Valiant|100/100
|-enditem|p1a: Iron Valiant|Booster Energy
|-activate|p1a: Iron Valiant|ability: Quark Drive|[fromitem]
|-start|p1a: Iron Valiant|quarkdrivespe
|move|p2a: Kyurem|Freeze-Dry|p1a: Iron Valiant
|-damage|p1a: Iron Valiant|1/100
|
|-heal|p1a: Iron Valiant|7/100|[from] Grassy Terrain
|-fieldend|move: Grassy Terrain
|upkeep
|turn|11
|
|t:|1769292541
|switch|p2a: Rillaboom|Rillaboom, M|72/100
|-fieldstart|move: Grassy Terrain|[from] ability: Grassy Surge|[of] p2a: Rillaboom
|move|p1a: Iron Valiant|Close Combat|p2a: Rillaboom
|-damage|p2a: Rillaboom|23/100
|-unboost|p1a: Iron Valiant|def|1
|-unboost|p1a: Iron Valiant|spd|1
|
|-heal|p1a: Iron Valiant|13/100|[from] Grassy Terrain
|-heal|p2a: Rillaboom|29/100|[from] Grassy Terrain
|upkeep
|turn|12
|
|t:|1769292545
|-end|p1a: Iron Valiant|Quark Drive|[silent]
|switch|p1a: Sinistcha|Sinistcha|100/100
|move|p2a: Rillaboom|Grassy Glide|p1a: Sinistcha
|-resisted|p1a: Sinistcha
|-damage|p1a: Sinistcha|87/100
|
|-heal|p2a: Rillaboom|36/100|[from] Grassy Terrain
|-heal|p1a: Sinistcha|93/100|[from] Grassy Terrain
|upkeep
|turn|13
|
|t:|1769292548
|move|p2a: Rillaboom|U-turn|p1a: Sinistcha
|-damage|p1a: Sinistcha|76/100
|
|t:|1769292549
|switch|p2a: Kyurem|Kyurem|100/100|[from] U-turn
|-ability|p2a: Kyurem|Pressure
|move|p1a: Sinistcha|Matcha Gotcha|p2a: Kyurem
|-resisted|p2a: Kyurem
|-damage|p2a: Kyurem|82/100
|-heal|p1a: Sinistcha|87/100|[from] drain|[of] p2a: Kyurem
|-status|p2a: Kyurem|brn
|
|-heal|p2a: Kyurem|88/100 brn|[from] Grassy Terrain
|-heal|p1a: Sinistcha|93/100|[from] Grassy Terrain
|-damage|p2a: Kyurem|82/100 brn|[from] brn
|upkeep
|turn|14
|
|t:|1769292598
|switch|p1a: Iron Valiant|Iron Valiant|13/100
|move|p2a: Kyurem|Freeze-Dry|p1a: Iron Valiant
|-damage|p1a: Iron Valiant|0 fnt
|faint|p1a: Iron Valiant
|-end|p1a: Iron Valiant|Quark Drive|[silent]
|
|-heal|p2a: Kyurem|88/100 brn|[from] Grassy Terrain
|-damage|p2a: Kyurem|82/100 brn|[from] brn
|upkeep
|
|t:|1769292601
|switch|p1a: Quaquaval|Quaquaval, F|100/100
|turn|15
|
|t:|1769292610
|switch|p2a: Dragonite|Dragonite, F|100/100
|move|p1a: Quaquaval|Close Combat|p2a: Dragonite
|-resisted|p2a: Dragonite
|-damage|p2a: Dragonite|86/100
|-unboost|p1a: Quaquaval|def|1
|-unboost|p1a: Quaquaval|spd|1
|
|-fieldend|move: Grassy Terrain
|upkeep
|turn|16
|
|t:|1769292625
|switch|p1a: Sinistcha|Sinistcha|93/100
|-terastallize|p2a: Dragonite|Fairy
|move|p2a: Dragonite|Roost|p2a: Dragonite
|-heal|p2a: Dragonite|100/100
|
|upkeep
|turn|17
|
|t:|1769292632
|switch|p2a: Kyurem|Kyurem|82/100 brn
|-ability|p2a: Kyurem|Pressure
|move|p1a: Sinistcha|Calm Mind|p1a: Sinistcha
|-boost|p1a: Sinistcha|spa|1
|-boost|p1a: Sinistcha|spd|1
|
|-damage|p2a: Kyurem|76/100 brn|[from] brn
|upkeep
|turn|18
|j| keyshotbab
|
|t:|1769292642
|-terastallize|p1a: Sinistcha|Poison
|move|p2a: Kyurem|Freeze-Dry|p1a: Sinistcha
|-crit|p1a: Sinistcha
|-damage|p1a: Sinistcha|9/100
|move|p1a: Sinistcha|Calm Mind|p1a: Sinistcha
|-boost|p1a: Sinistcha|spa|1
|-boost|p1a: Sinistcha|spd|1
|
|-damage|p2a: Kyurem|70/100 brn|[from] brn
|upkeep
|turn|19
|l| keyshotbab
|
|t:|1769292654
|move|p2a: Kyurem|Freeze-Dry|p1a: Sinistcha
|-damage|p1a: Sinistcha|0 fnt
|faint|p1a: Sinistcha
|
|-damage|p2a: Kyurem|63/100 brn|[from] brn
|upkeep
|
|t:|1769292657
|switch|p1a: Quaquaval|Quaquaval, F|100/100
|turn|20
|
|t:|1769292661
|switch|p2a: Dragonite|Dragonite, F, tera:Fairy|100/100
|move|p1a: Quaquaval|Aqua Step|p2a: Dragonite
|-damage|p2a: Dragonite|82/100
|-boost|p1a: Quaquaval|spe|1
|
|upkeep
|turn|21
|
|t:|1769292673
|move|p1a: Quaquaval|Aqua Step|p2a: Dragonite
|-damage|p2a: Dragonite|44/100
|-boost|p1a: Quaquaval|spe|1
|move|p2a: Dragonite|Dragon Dance|p2a: Dragonite
|-boost|p2a: Dragonite|atk|1
|-boost|p2a: Dragonite|spe|1
|
|upkeep
|turn|22
|
|t:|1769292685
|move|p1a: Quaquaval|Aqua Step|p2a: Dragonite
|-damage|p2a: Dragonite|1/100
|-boost|p1a: Quaquaval|spe|1
|move|p2a: Dragonite|Roost|p2a: Dragonite
|-heal|p2a: Dragonite|51/100
|
|upkeep
|turn|23
|
|t:|1769292692
|move|p1a: Quaquaval|Aqua Step|p2a: Dragonite
|-damage|p2a: Dragonite|11/100
|-boost|p1a: Quaquaval|spe|1
|move|p2a: Dragonite|Tera Blast|p1a: Quaquaval|[anim] Tera Blast Fairy
|-supereffective|p1a: Quaquaval
|-damage|p1a: Quaquaval|0 fnt
|faint|p1a: Quaquaval
|
|upkeep
|
|t:|1769292706
|switch|p1a: Raging Bolt|Raging Bolt|100/100
|-enditem|p1a: Raging Bolt|Booster Energy
|-activate|p1a: Raging Bolt|ability: Protosynthesis|[fromitem]
|-start|p1a: Raging Bolt|protosynthesisspa
|turn|24
|
|t:|1769292714
|move|p1a: Raging Bolt|Thunderclap||[still]
|-fail|p1a: Raging Bolt
|move|p2a: Dragonite|Roost|p2a: Dragonite
|-heal|p2a: Dragonite|62/100
|
|upkeep
|turn|25
|
|t:|1769292718
|move|p2a: Dragonite|Tera Blast|p1a: Raging Bolt|[anim] Tera Blast Fairy
|-supereffective|p1a: Raging Bolt
|-damage|p1a: Raging Bolt|9/100
|move|p1a: Raging Bolt|Thunderbolt|p2a: Dragonite
|-damage|p2a: Dragonite|13/100
|
|upkeep
|turn|26
|
|t:|1769292724
|move|p2a: Dragonite|Tera Blast|p1a: Raging Bolt|[anim] Tera Blast Fairy
|-supereffective|p1a: Raging Bolt
|-damage|p1a: Raging Bolt|0 fnt
|faint|p1a: Raging Bolt
|-end|p1a: Raging Bolt|Protosynthesis|[silent]
|
|upkeep
|
|t:|1769292726
|switch|p1a: Dragonite|Dragonite, F|100/100
|turn|27
|
|t:|1769292729
|move|p2a: Dragonite|Tera Blast|p1a: Dragonite|[anim] Tera Blast Fairy
|-supereffective|p1a: Dragonite
|-damage|p1a: Dragonite|47/100
|move|p1a: Dragonite|Dragon Dance|p1a: Dragonite
|-boost|p1a: Dragonite|atk|1
|-boost|p1a: Dragonite|spe|1
|
|upkeep
|turn|28
|
|t:|1769292735
|move|p1a: Dragonite|Fire Punch|p2a: Dragonite
|-damage|p2a: Dragonite|0 fnt
|faint|p2a: Dragonite
|
|upkeep
|
|t:|1769292743
|switch|p2a: Heatran|Heatran, M|69/100
|turn|29
|
|t:|1769292747
|move|p1a: Dragonite|Scale Shot|p2a: Heatran
|-resisted|p2a: Heatran
|-damage|p2a: Heatran|58/100
|-resisted|p2a: Heatran
|-damage|p2a: Heatran|47/100
|-resisted|p2a: Heatran
|-damage|p2a: Heatran|37/100
|-resisted|p2a: Heatran
|-damage|p2a: Heatran|28/100
|-hitcount|p2a: Heatran|4
|-unboost|p1a: Dragonite|def|1
|-boost|p1a: Dragonite|spe|1
|move|p2a: Heatran|Magma Storm|p1a: Dragonite
|-resisted|p1a: Dragonite
|-damage|p1a: Dragonite|16/100
|-activate|p1a: Dragonite|move: Magma Storm|[of] p2a: Heatran
|
|-damage|p1a: Dragonite|3/100|[from] move: Magma Storm|[partiallytrapped]
|upkeep
|turn|30
|
|t:|1769292754
|move|p1a: Dragonite|Scale Shot|p2a: Heatran
|-resisted|p2a: Heatran
|-crit|p2a: Heatran
|-damage|p2a: Heatran|11/100
|-resisted|p2a: Heatran
|-damage|p2a: Heatran|2/100
|-resisted|p2a: Heatran
|-damage|p2a: Heatran|0 fnt
|faint|p2a: Heatran
|-hitcount|p2: Heatran|3
|-unboost|p1a: Dragonite|def|1
|-boost|p1a: Dragonite|spe|1
|
|-end|p1a: Dragonite|Magma Storm|[partiallytrapped]|[silent]
|upkeep
|
|t:|1769292757
|switch|p2a: Rillaboom|Rillaboom, M|36/100
|-fieldstart|move: Grassy Terrain|[from] ability: Grassy Surge|[of] p2a: Rillaboom
|turn|31
|c|☆xdye|gg
|
|t:|1769292761
|move|p2a: Rillaboom|Grassy Glide|p1a: Dragonite
|-resisted|p1a: Dragonite
|-damage|p1a: Dragonite|0 fnt
|faint|p1a: Dragonite
|
|win|xdye
|raw|Truffle buddah's rating: 1665 &rarr; <strong>1644</strong><br />(-21 for losing)
|raw|xdye's rating: 1648 &rarr; <strong>1669</strong><br />(+21 for winning)
|l|☆Truffle buddah
|player|p1|
|l|☆xdye
|player|p2|
|l| Heptastrike
