|j|☆crispified
|j|☆ash/fel
|t:|1769385340
|gametype|singles
|player|p1|crispified|169|1116
|player|p2|ash/fel|riley|1081
|gen|9
|tier|[Gen 9] OU
|rated|
|rule|HP Percentage Mod: HP is shown in percentages
|rule|Endless Battle Clause: Forcing endless battles is banned
|rule|Species Clause: Limit one of each Pokémon
|rule|OHKO Clause: OHKO moves are banned
|rule|Evasion Items Clause: Evasion items are banned
|rule|Evasion Moves Clause: Evasion moves are banned
|rule|Evasion Abilities Clause: Evasion abilities are banned
|rule|Sleep Moves Clause: Sleep-inducing moves are banned
|clearpoke
|poke|p1|Dragapult, M|
|poke|p1|Hitmontop, M|
|poke|p1|Garchomp, F|
|poke|p1|Primarina, F|
|poke|p1|Garganacl, F|
|poke|p1|Charizard, M|
|poke|p2|Venusaur, M|
|poke|p2|Ninetales, F|
|poke|p2|Sableye, F|
|poke|p2|Sylveon, M|
|poke|p2|Landorus-Therian, M|
|poke|p2|Slither Wing|
|teampreview
|inactive|Battle timer is ON: inactive players will automatically lose when time's up. (requested by ash/fel)
|
|t:|1769385344
|teamsize|p1|6
|teamsize|p2|6
|start
|switch|p1a: Garchomp|Garchomp, F|100/100
|switch|p2a: Stitch|Sableye, F|100/100
|turn|1
|
|t:|1769385348
|move|p2a: Stitch|Will-O-Wisp|p1a: Garchomp|[miss]
|-miss|p2a: Stitch|p1a: Garchomp
|move|p1a: Garchomp|Stealth Rock|p2a: Stitch
|-sidestart|p2: ash/fel|move: Stealth Rock
|
|upkeep
|turn|2
|
|t:|1769385356
|move|p1a: Garchomp|Spikes|p2a: Stitch
|-sidestart|p2: ash/fel|Spikes
|move|p2a: Stitch|Knock Off|p1a: Garchomp
|-damage|p1a: Garchomp|84/100
|-damage|p2a: Stitch|88/100|[from] ability: Rough Skin|[of] p1a: Garchomp
|-damage|p2a: Stitch|72/100|[from] item: Rocky Helmet|[of] p1a: Garchomp
|-enditem|p1a: Garchomp|Rocky Helmet|[from] move: Knock Off|[of] p2a: Stitch
|
|upkeep
|turn|3
|
|t:|1769385366
|move|p2a: Stitch|Will-O-Wisp|p1a: Garchomp
|-status|p1a: Garchomp|brn
|move|p1a: Garchomp|Earthquake|p2a: Stitch
|-damage|p2a: Stitch|39/100
|-enditem|p2a: Stitch|Red Card|[of] p1a: Garchomp
|drag|p1a: Garganacl|Garganacl, F|100/100
|
|upkeep
|turn|4
|
|t:|1769385378
|move|p2a: Stitch|Poltergeist|p1a: Garganacl
|-activate|p1a: Garganacl|move: Poltergeist|Leftovers
|-damage|p1a: Garganacl|91/100
|move|p1a: Garganacl|Salt Cure|p2a: Stitch
|-damage|p2a: Stitch|19/100
|-start|p2a: Stitch|Salt Cure
|
|-heal|p1a: Garganacl|97/100|[from] item: Leftovers
|-damage|p2a: Stitch|7/100|[from] Salt Cure
|upkeep
|turn|5
|
|t:|1769385392
|move|p2a: Stitch|Knock Off|p1a: Garganacl
|-damage|p1a: Garganacl|80/100
|-enditem|p1a: Garganacl|Leftovers|[from] move: Knock Off|[of] p2a: Stitch
|move|p1a: Garganacl|Iron Defense|p1a: Garganacl
|-boost|p1a: Garganacl|def|2
|
|-damage|p2a: Stitch|0 fnt|[from] Salt Cure
|faint|p2a: Stitch
|upkeep
|
|t:|1769385412
|switch|p2a: Landorus|Landorus-Therian, M|100/100
|-damage|p2a: Landorus|88/100|[from] Stealth Rock
|-ability|p2a: Landorus|Intimidate|boost
|-unboost|p1a: Garganacl|atk|1
|turn|6
|inactive|ash/fel has 120 seconds left.
|
|t:|1769385434
|switch|p1a: Primarina|Primarina, F|100/100
|move|p2a: Landorus|Earthquake|p1a: Primarina
|-damage|p1a: Primarina|20/100
|
|-heal|p1a: Primarina|26/100|[from] item: Leftovers
|upkeep
|turn|7
|inactive|ash/fel has 120 seconds left.
|
|t:|1769385444
|switch|p1a: Charizard|Charizard, M|100/100
|move|p2a: Landorus|Earthquake|p1a: Charizard
|-immune|p1a: Charizard
|
|upkeep
|turn|8
|
|t:|1769385455
|move|p1a: Charizard|Flamethrower|p2a: Landorus
|-damage|p2a: Landorus|33/100
|move|p2a: Landorus|Stealth Rock|p1a: Charizard
|-sidestart|p1: crispified|move: Stealth Rock
|
|upkeep
|turn|9
|
|t:|1769385460
|move|p1a: Charizard|Flamethrower|p2a: Landorus
|-damage|p2a: Landorus|0 fnt
|faint|p2a: Landorus
|
|upkeep
|
|t:|1769385469
|switch|p2a: Death|Sylveon, M|100/100
|-damage|p2a: Death|88/100|[from] Stealth Rock
|-damage|p2a: Death|76/100|[from] Spikes
|turn|10
|
|t:|1769385477
|move|p2a: Death|Protect|p2a: Death
|-singleturn|p2a: Death|Protect
|move|p1a: Charizard|Flamethrower|p2a: Death
|-activate|p2a: Death|move: Protect
|
|-heal|p2a: Death|82/100|[from] item: Leftovers
|upkeep
|turn|11
|
|t:|1769385484
|move|p1a: Charizard|Flamethrower|p2a: Death
|-damage|p2a: Death|50/100
|move|p2a: Death|Calm Mind|p2a: Death
|-boost|p2a: Death|spa|1
|-boost|p2a: Death|spd|1
|
|-heal|p2a: Death|57/100|[from] item: Leftovers
|upkeep
|turn|12
|
|t:|1769385490
|switch|p1a: Hitmontop|Hitmontop, M|100/100
|move|p2a: Death|Calm Mind|p2a: Death
|-boost|p2a: Death|spa|1
|-boost|p2a: Death|spd|1
|
|-heal|p2a: Death|63/100|[from] item: Leftovers
|upkeep
|turn|13
|
|t:|1769385495
|move|p2a: Death|Protect|p2a: Death
|-singleturn|p2a: Death|Protect
|move|p1a: Hitmontop|Rapid Spin|p2a: Death
|-activate|p2a: Death|move: Protect
|
|-heal|p2a: Death|69/100|[from] item: Leftovers
|upkeep
|turn|14
|
|t:|1769385509
|-terastallize|p1a: Hitmontop|Steel
|move|p1a: Hitmontop|Rapid Spin|p2a: Death
|-damage|p2a: Death|51/100
|-boost|p1a: Hitmontop|spe|1
|-sideend|p1: crispified|Stealth Rock|[from] move: Rapid Spin|[of] p1a: Hitmontop
|move|p2a: Death|Wish|p2a: Death
|
|-heal|p2a: Death|57/100|[from] item: Leftovers
|upkeep
|turn|15
|
|t:|1769385524
|-terastallize|p2a: Death|Steel
|move|p1a: Hitmontop|Bullet Punch|p2a: Death
|-resisted|p2a: Death
|-damage|p2a: Death|46/100
|move|p2a: Death|Hyper Voice|p1a: Hitmontop
|-resisted|p1a: Hitmontop
|-damage|p1a: Hitmontop|49/100
|
|-heal|p2a: Death|96/100|[from] move: Wish|[wisher] Death
|-heal|p2a: Death|100/100|[from] item: Leftovers
|upkeep
|turn|16
|
|t:|1769385536
|move|p1a: Hitmontop|Close Combat|p2a: Death
|-supereffective|p2a: Death
|-damage|p2a: Death|18/100
|-unboost|p1a: Hitmontop|def|1
|-unboost|p1a: Hitmontop|spd|1
|move|p2a: Death|Hyper Voice|p1a: Hitmontop
|-resisted|p1a: Hitmontop
|-damage|p1a: Hitmontop|0 fnt
|faint|p1a: Hitmontop
|
|-heal|p2a: Death|24/100|[from] item: Leftovers
|upkeep
|
|t:|1769385541
|switch|p1a: Dragapult|Dragapult, M|100/100
|turn|17
|
|t:|1769385547
|move|p2a: Death|Protect|p2a: Death
|-singleturn|p2a: Death|Protect
|move|p1a: Dragapult|Shadow Ball|p2a: Death
|-activate|p2a: Death|move: Protect
|
|-heal|p2a: Death|30/100|[from] item: Leftovers
|upkeep
|turn|18
|
|t:|1769385556
|move|p1a: Dragapult|Shadow Ball|p2a: Death
|-damage|p2a: Death|13/100
|-damage|p1a: Dragapult|91/100|[from] item: Life Orb
|move|p2a: Death|Wish|p2a: Death
|
|-heal|p2a: Death|19/100|[from] item: Leftovers
|upkeep
|turn|19
|
|t:|1769385561
|move|p2a: Death|Protect|p2a: Death
|-singleturn|p2a: Death|Protect
|move|p1a: Dragapult|Fire Blast|p2a: Death
|-activate|p2a: Death|move: Protect
|
|-heal|p2a: Death|69/100|[from] move: Wish|[wisher] Death
|-heal|p2a: Death|75/100|[from] item: Leftovers
|upkeep
|turn|20
|
|t:|1769385569
|move|p1a: Dragapult|Fire Blast|p2a: Death
|-supereffective|p2a: Death
|-damage|p2a: Death|46/100
|-damage|p1a: Dragapult|81/100|[from] item: Life Orb
|move|p2a: Death|Hyper Voice|p1a: Dragapult
|-supereffective|p1a: Dragapult
|-damage|p1a: Dragapult|0 fnt
|faint|p1a: Dragapult
|
|-heal|p2a: Death|53/100|[from] item: Leftovers
|upkeep
|
|t:|1769385576
|switch|p1a: Garganacl|Garganacl, F|80/100
|turn|21
|
|t:|1769385580
|move|p2a: Death|Hyper Voice|p1a: Garganacl
|-damage|p1a: Garganacl|24/100
|move|p1a: Garganacl|Salt Cure|p2a: Death
|-resisted|p2a: Death
|-damage|p2a: Death|47/100
|-start|p2a: Death|Salt Cure
|
|-heal|p2a: Death|53/100|[from] item: Leftovers
|-damage|p2a: Death|28/100|[from] Salt Cure
|upkeep
|turn|22
|
|t:|1769385590
|switch|p1a: Charizard|Charizard, M|100/100
|move|p2a: Death|Hyper Voice|p1a: Charizard
|-resisted|p1a: Charizard
|-damage|p1a: Charizard|45/100
|
|-heal|p2a: Death|35/100|[from] item: Leftovers
|-damage|p2a: Death|10/100|[from] Salt Cure
|upkeep
|turn|23
|
|t:|1769385604
|move|p1a: Charizard|Flamethrower|p2a: Death
|-supereffective|p2a: Death
|-crit|p2a: Death
|-damage|p2a: Death|0 fnt
|faint|p2a: Death
|
|upkeep
|
|t:|1769385619
|switch|p2a: Kurama|Ninetales, F|100/100
|-damage|p2a: Kurama|76/100|[from] Stealth Rock
|-damage|p2a: Kurama|64/100|[from] Spikes
|-weather|SunnyDay|[from] ability: Drought|[of] p2a: Kurama
|turn|24
|
|t:|1769385624
|move|p2a: Kurama|Fire Blast|p1a: Charizard|[miss]
|-miss|p2a: Kurama|p1a: Charizard
|move|p1a: Charizard|Scorching Sands|p2a: Kurama
|-supereffective|p2a: Kurama
|-damage|p2a: Kurama|13/100
|
|-weather|SunnyDay|[upkeep]
|upkeep
|turn|25
|
|t:|1769385648
|switch|p1a: Primarina|Primarina, F|26/100
|move|p2a: Kurama|Encore||[still]
|-fail|p2a: Kurama
|
|-weather|SunnyDay|[upkeep]
|-heal|p1a: Primarina|32/100|[from] item: Leftovers
|upkeep
|turn|26
|
|t:|1769385654
|switch|p2a: Slither Wing|Slither Wing|100/100
|-damage|p2a: Slither Wing|88/100|[from] Stealth Rock
|-damage|p2a: Slither Wing|76/100|[from] Spikes
|-activate|p2a: Slither Wing|ability: Protosynthesis
|-start|p2a: Slither Wing|protosynthesisatk
|move|p1a: Primarina|Surf|p2a: Slither Wing
|-damage|p2a: Slither Wing|52/100
|
|-weather|SunnyDay|[upkeep]
|-heal|p1a: Primarina|39/100|[from] item: Leftovers
|upkeep
|turn|27
|
|t:|1769385664
|move|p2a: Slither Wing|First Impression|p1a: Primarina
|-resisted|p1a: Primarina
|-damage|p1a: Primarina|0 fnt
|faint|p1a: Primarina
|
|-weather|SunnyDay|[upkeep]
|upkeep
|
|t:|1769385677
|switch|p1a: Charizard|Charizard, M|45/100
|turn|28
|
|t:|1769385681
|move|p1a: Charizard|Flamethrower|p2a: Slither Wing
|-supereffective|p2a: Slither Wing
|-damage|p2a: Slither Wing|0 fnt
|faint|p2a: Slither Wing
|-end|p2a: Slither Wing|Protosynthesis|[silent]
|
|-weather|SunnyDay|[upkeep]
|upkeep
|
|t:|1769385699
|switch|p2a: Kurama|Ninetales, F|13/100
|-damage|p2a: Kurama|0 fnt|[from] Stealth Rock
|faint|p2a: Kurama
|
|t:|1769385700
|switch|p2a: Big Green|Venusaur, M, shiny|100/100
|-damage|p2a: Big Green|88/100|[from] Stealth Rock
|-damage|p2a: Big Green|76/100|[from] Spikes
|turn|29
|
|t:|1769385709
|move|p2a: Big Green|Sludge Bomb|p1a: Charizard
|-damage|p1a: Charizard|0 fnt
|faint|p1a: Charizard
|-damage|p2a: Big Green|66/100|[from] item: Life Orb
|
|-weather|SunnyDay|[upkeep]
|upkeep
|
|t:|1769385713
|switch|p1a: Garchomp|Garchomp, F|84/100 brn
|turn|30
|
|t:|1769385726
|move|p2a: Big Green|Growth|p2a: Big Green
|-boost|p2a: Big Green|atk|2
|-boost|p2a: Big Green|spa|2
|move|p1a: Garchomp|Dragon Tail|p2a: Big Green
|-crit|p2a: Big Green
|-damage|p2a: Big Green|41/100
|
|-weather|SunnyDay|[upkeep]
|-damage|p1a: Garchomp|78/100 brn|[from] brn
|upkeep
|turn|31
|
|t:|1769385735
|move|p2a: Big Green|Solar Beam||[still]
|-prepare|p2a: Big Green|Solar Beam
|-anim|p2a: Big Green|Solar Beam|p1a: Garchomp
|-damage|p1a: Garchomp|0 fnt
|faint|p1a: Garchomp
|-damage|p2a: Big Green|31/100|[from] item: Life Orb
|
|-weather|none
|upkeep
|
|t:|1769385739
|switch|p1a: Garganacl|Garganacl, F|24/100
|turn|32
|
|t:|1769385743
|move|p2a: Big Green|Solar Beam||[still]
|-prepare|p2a: Big Green|Solar Beam
|move|p1a: Garganacl|Recover|p1a: Garganacl
|-heal|p1a: Garganacl|74/100
|
|upkeep
|turn|33
|
|t:|1769385750
|move|p2a: Big Green|Solar Beam|p1a: Garganacl|[from] lockedmove
|-supereffective|p1a: Garganacl
|-damage|p1a: Garganacl|0 fnt
|faint|p1a: Garganacl
|-damage|p2a: Big Green|21/100|[from] item: Life Orb
|
|win|ash/fel
|raw|crispified's rating: 1116 &rarr; <strong>1088</strong><br />(-28 for losing)
|raw|ash&#x2f;fel's rating: 1081 &rarr; <strong>1112</strong><br />(+31 for winning)
|l|☆crispified
|player|p1|
|c|☆ash/fel|Gg
