|j|☆yingdxc
|j|☆acedoesgames
|t:|1769420837
|gametype|singles
|player|p1|yingdxc|1|1103
|player|p2|acedoesgames|miku-ghost|1136
|gen|9
|tier|[Gen 9] OU
|rated|
|rule|HP Percentage Mod: HP is shown in percentages
|rule|Endless Battle Clause: Forcing endless battles is banned
|rule|Species Clause: Limit one of each Pokémon
|rule|OHKO Clause: OHKO moves are banned
|rule|Evasion Items Clause: Evasion items are banned
|rule|Evasion Moves Clause: Evasion moves are banned
|rule|Evasion Abilities Clause: Evasion abilities are banned
|rule|Sleep Moves Clause: Sleep-inducing moves are banned
|clearpoke
|poke|p1|Garchomp, F|
|poke|p1|Chansey, F|
|poke|p1|Tyranitar, F|
|poke|p1|Conkeldurr, F|
|poke|p1|Landorus-Therian, M|
|poke|p1|Gliscor, M|
|poke|p2|Delphox, F|
|poke|p2|Rillaboom, M|
|poke|p2|Ninetales-Alola, F|
|poke|p2|Gholdengo|
|poke|p2|Kyurem|
|poke|p2|Maushold-Four|
|teampreview
|inactive|Battle timer is ON: inactive players will automatically lose when time's up. (requested by acedoesgames)
|
|t:|1769420848
|teamsize|p1|6
|teamsize|p2|6
|start
|switch|p1a: Gliscor|Gliscor, M|100/100
|switch|p2a: Ninetales|Ninetales-Alola, F, shiny|100/100
|-weather|Snowscape|[from] ability: Snow Warning|[of] p2a: Ninetales
|turn|1
|
|t:|1769420863
|switch|p1a: Chansey|Chansey, F|100/100
|move|p2a: Ninetales|Aurora Veil|p2a: Ninetales
|-sidestart|p2: acedoesgames|move: Aurora Veil
|
|-weather|Snowscape|[upkeep]
|upkeep
|turn|2
|
|t:|1769420871
|move|p2a: Ninetales|Moonblast|p1a: Chansey
|-damage|p1a: Chansey|94/100
|-unboost|p1a: Chansey|spa|1
|move|p1a: Chansey|Stealth Rock|p2a: Ninetales
|-sidestart|p2: acedoesgames|move: Stealth Rock
|
|-weather|Snowscape|[upkeep]
|upkeep
|turn|3
|
|t:|1769420880
|move|p2a: Ninetales|Encore|p1a: Chansey
|-start|p1a: Chansey|Encore
|move|p1a: Chansey|Stealth Rock||[still]
|-fail|p1a: Chansey
|
|-weather|Snowscape|[upkeep]
|upkeep
|turn|4
|
|t:|1769420897
|switch|p2a: Maushold|Maushold-Four|100/100
|-damage|p2a: Maushold|88/100|[from] Stealth Rock
|switch|p1a: Tyranitar|Tyranitar, F, shiny|100/100
|-weather|Sandstorm|[from] ability: Sand Stream|[of] p1a: Tyranitar
|
|-weather|Sandstorm|[upkeep]
|-damage|p2a: Maushold|82/100|[from] Sandstorm
|upkeep
|turn|5
|
|t:|1769420909
|move|p2a: Maushold|Tidy Up|p2a: Maushold
|-sideend|p2: acedoesgames|Stealth Rock
|-activate|p2a: Maushold|move: Tidy Up
|-boost|p2a: Maushold|atk|1
|-boost|p2a: Maushold|spe|1
|move|p1a: Tyranitar|Rock Blast|p2a: Maushold
|-damage|p2a: Maushold|71/100
|-damage|p2a: Maushold|59/100
|-crit|p2a: Maushold
|-damage|p2a: Maushold|21/100
|-damage|p2a: Maushold|9/100
|-crit|p2a: Maushold
|-damage|p2a: Maushold|0 fnt
|faint|p2a: Maushold
|-hitcount|p2: Maushold|5
|
|-weather|Sandstorm|[upkeep]
|upkeep
|
|t:|1769420916
|switch|p2a: Kyurem|Kyurem, shiny|100/100
|-ability|p2a: Kyurem|Pressure
|turn|6
|
|t:|1769420936
|switch|p1a: Chansey|Chansey, F|94/100
|-terastallize|p2a: Kyurem|Ground
|move|p2a: Kyurem|Dragon Dance|p2a: Kyurem
|-boost|p2a: Kyurem|atk|1
|-boost|p2a: Kyurem|spe|1
|
|-weather|Sandstorm|[upkeep]
|-damage|p1a: Chansey|88/100|[from] Sandstorm
|upkeep
|turn|7
|
|t:|1769420950
|move|p2a: Kyurem|Icicle Spear|p1a: Chansey
|-damage|p1a: Chansey|51/100
|-damage|p1a: Chansey|18/100
|-damage|p1a: Chansey|0 fnt
|faint|p1a: Chansey
|-hitcount|p1: Chansey|3
|
|-weather|Sandstorm|[upkeep]
|upkeep
|
|t:|1769420959
|switch|p1a: Landorus|Landorus-Therian, M, shiny|100/100
|-ability|p1a: Landorus|Intimidate|boost
|-unboost|p2a: Kyurem|atk|1
|turn|8
|
|t:|1769420970
|move|p2a: Kyurem|Icicle Spear|p1a: Landorus
|-supereffective|p1a: Landorus
|-damage|p1a: Landorus|35/100
|-supereffective|p1a: Landorus
|-crit|p1a: Landorus
|-damage|p1a: Landorus|0 fnt
|faint|p1a: Landorus
|-hitcount|p1: Landorus|2
|
|-weather|none
|-sideend|p2: acedoesgames|move: Aurora Veil
|upkeep
|
|t:|1769420979
|switch|p1a: Conkeldurr|Conkeldurr, F|100/100
|turn|9
|
|t:|1769420984
|move|p2a: Kyurem|Scale Shot|p1a: Conkeldurr
|-damage|p1a: Conkeldurr|88/100
|-damage|p1a: Conkeldurr|76/100
|-damage|p1a: Conkeldurr|64/100
|-damage|p1a: Conkeldurr|52/100
|-damage|p1a: Conkeldurr|40/100
|-hitcount|p1a: Conkeldurr|5
|-unboost|p2a: Kyurem|def|1
|-boost|p2a: Kyurem|spe|1
|move|p1a: Conkeldurr|Drain Punch|p2a: Kyurem
|-damage|p2a: Kyurem|39/100
|-heal|p1a: Conkeldurr|70/100|[from] drain|[of] p2a: Kyurem
|
|-status|p1a: Conkeldurr|brn|[from] item: Flame Orb
|upkeep
|turn|10
|
|t:|1769421001
|switch|p2a: Rillaboom|Rillaboom, M|100/100
|-fieldstart|move: Grassy Terrain|[from] ability: Grassy Surge|[of] p2a: Rillaboom
|move|p1a: Conkeldurr|Mach Punch|p2a: Rillaboom
|-damage|p2a: Rillaboom|69/100
|
|-heal|p2a: Rillaboom|75/100|[from] Grassy Terrain
|-heal|p1a: Conkeldurr|76/100 brn|[from] Grassy Terrain
|-damage|p1a: Conkeldurr|70/100 brn|[from] brn
|upkeep
|turn|11
|
|t:|1769421013
|move|p2a: Rillaboom|U-turn|p1a: Conkeldurr
|-resisted|p1a: Conkeldurr
|-damage|p1a: Conkeldurr|61/100 brn
|
|t:|1769421016
|switch|p2a: Ninetales|Ninetales-Alola, F, shiny|100/100|[from] U-turn
|-weather|Snowscape|[from] ability: Snow Warning|[of] p2a: Ninetales
|move|p1a: Conkeldurr|Drain Punch|p2a: Ninetales
|-damage|p2a: Ninetales|44/100
|-heal|p1a: Conkeldurr|85/100 brn|[from] drain|[of] p2a: Ninetales
|
|-weather|Snowscape|[upkeep]
|-heal|p2a: Ninetales|50/100|[from] Grassy Terrain
|-heal|p1a: Conkeldurr|91/100 brn|[from] Grassy Terrain
|-damage|p1a: Conkeldurr|85/100 brn|[from] brn
|upkeep
|turn|12
|
|t:|1769421029
|move|p2a: Ninetales|Moonblast|p1a: Conkeldurr
|-supereffective|p1a: Conkeldurr
|-damage|p1a: Conkeldurr|25/100 brn
|move|p1a: Conkeldurr|Brick Break|p2a: Ninetales
|-damage|p2a: Ninetales|0 fnt
|faint|p2a: Ninetales
|
|-weather|Snowscape|[upkeep]
|-heal|p1a: Conkeldurr|31/100 brn|[from] Grassy Terrain
|-damage|p1a: Conkeldurr|25/100 brn|[from] brn
|upkeep
|
|t:|1769421041
|switch|p2a: Gholdengo|Gholdengo|100/100
|-enditem|p2a: Gholdengo|Grassy Seed
|-boost|p2a: Gholdengo|def|1|[from] item: Grassy Seed
|turn|13
|
|t:|1769421049
|switch|p1a: Tyranitar|Tyranitar, F, shiny|100/100
|-weather|Sandstorm|[from] ability: Sand Stream|[of] p1a: Tyranitar
|move|p2a: Gholdengo|Shadow Ball|p1a: Tyranitar
|-resisted|p1a: Tyranitar
|-damage|p1a: Tyranitar|89/100
|
|-weather|Sandstorm|[upkeep]
|-heal|p1a: Tyranitar|96/100|[from] Grassy Terrain
|upkeep
|turn|14
|
|t:|1769421063
|move|p2a: Gholdengo|Dazzling Gleam|p1a: Tyranitar
|-supereffective|p1a: Tyranitar
|-damage|p1a: Tyranitar|64/100
|move|p1a: Tyranitar|Dragon Dance|p1a: Tyranitar
|-boost|p1a: Tyranitar|atk|1
|-boost|p1a: Tyranitar|spe|1
|
|-weather|Sandstorm|[upkeep]
|-heal|p1a: Tyranitar|70/100|[from] Grassy Terrain
|upkeep
|turn|15
|
|t:|1769421074
|move|p2a: Gholdengo|Dazzling Gleam|p1a: Tyranitar
|-supereffective|p1a: Tyranitar
|-damage|p1a: Tyranitar|41/100
|move|p1a: Tyranitar|Earthquake|p2a: Gholdengo
|-supereffective|p2a: Gholdengo
|-damage|p2a: Gholdengo|60/100
|
|-weather|Sandstorm|[upkeep]
|-heal|p2a: Gholdengo|66/100|[from] Grassy Terrain
|-heal|p1a: Tyranitar|48/100|[from] Grassy Terrain
|upkeep
|turn|16
|
|t:|1769421085
|move|p2a: Gholdengo|Dazzling Gleam|p1a: Tyranitar
|-supereffective|p1a: Tyranitar
|-damage|p1a: Tyranitar|16/100
|move|p1a: Tyranitar|Earthquake|p2a: Gholdengo
|-supereffective|p2a: Gholdengo
|-damage|p2a: Gholdengo|27/100
|
|-weather|Sandstorm|[upkeep]
|-heal|p2a: Gholdengo|33/100|[from] Grassy Terrain
|-heal|p1a: Tyranitar|23/100|[from] Grassy Terrain
|upkeep
|turn|17
|
|t:|1769421096
|-terastallize|p1a: Tyranitar|Psychic
|move|p2a: Gholdengo|Dazzling Gleam|p1a: Tyranitar
|-damage|p1a: Tyranitar|0 fnt
|faint|p1a: Tyranitar
|
|-weather|none
|-heal|p2a: Gholdengo|39/100|[from] Grassy Terrain
|-fieldend|move: Grassy Terrain
|upkeep
|
|t:|1769421107
|switch|p1a: Garchomp|Garchomp, F, shiny|100/100
|turn|18
|
|t:|1769421118
|move|p2a: Gholdengo|Dazzling Gleam|p1a: Garchomp
|-supereffective|p1a: Garchomp
|-damage|p1a: Garchomp|60/100
|move|p1a: Garchomp|Flamethrower|p2a: Gholdengo
|-supereffective|p2a: Gholdengo
|-crit|p2a: Gholdengo
|-damage|p2a: Gholdengo|0 fnt
|faint|p2a: Gholdengo
|
|upkeep
|
|t:|1769421123
|switch|p2a: Rillaboom|Rillaboom, M|75/100
|-fieldstart|move: Grassy Terrain|[from] ability: Grassy Surge|[of] p2a: Rillaboom
|turn|19
|
|t:|1769421135
|move|p2a: Rillaboom|Grassy Glide|p1a: Garchomp
|-damage|p1a: Garchomp|36/100
|-damage|p2a: Rillaboom|62/100|[from] ability: Rough Skin|[of] p1a: Garchomp
|-damage|p2a: Rillaboom|46/100|[from] item: Rocky Helmet|[of] p1a: Garchomp
|move|p1a: Garchomp|Flamethrower|p2a: Rillaboom
|-supereffective|p2a: Rillaboom
|-damage|p2a: Rillaboom|8/100
|
|-heal|p1a: Garchomp|43/100|[from] Grassy Terrain
|-heal|p2a: Rillaboom|14/100|[from] Grassy Terrain
|upkeep
|turn|20
|
|t:|1769421149
|move|p2a: Rillaboom|Grassy Glide|p1a: Garchomp
|-damage|p1a: Garchomp|18/100
|-damage|p2a: Rillaboom|1/100|[from] ability: Rough Skin|[of] p1a: Garchomp
|-damage|p2a: Rillaboom|0 fnt|[from] item: Rocky Helmet|[of] p1a: Garchomp
|faint|p2a: Rillaboom
|move|p1a: Garchomp|Stealth Rock|p2: Rillaboom
|-sidestart|p2: acedoesgames|move: Stealth Rock
|
|-heal|p1a: Garchomp|25/100|[from] Grassy Terrain
|upkeep
|
|t:|1769421152
|switch|p2a: Delphox|Delphox, F|100/100
|-damage|p2a: Delphox|76/100|[from] Stealth Rock
|-enditem|p2a: Delphox|Grassy Seed
|-boost|p2a: Delphox|def|1|[from] item: Grassy Seed
|turn|21
|
|t:|1769421166
|move|p2a: Delphox|Stored Power|p1a: Garchomp
|-damage|p1a: Garchomp|10/100
|-item|p2a: Delphox|Rocky Helmet|[from] ability: Magician|[of] p1a: Garchomp
|move|p1a: Garchomp|Flamethrower|p2a: Delphox
|-resisted|p2a: Delphox
|-damage|p2a: Delphox|65/100
|
|-heal|p2a: Delphox|71/100|[from] Grassy Terrain
|-heal|p1a: Garchomp|16/100|[from] Grassy Terrain
|upkeep
|turn|22
|l|☆acedoesgames
|inactive|acedoesgames disconnected and has a minute to reconnect!
|player|p2|
|inactive|acedoesgames has 30 seconds to reconnect!
|inactive|acedoesgames has 20 seconds to reconnect!
|inactive|acedoesgames has 15 seconds to reconnect!
|j|☆acedoesgames
|inactive|acedoesgames reconnected and has 90 seconds left.
|player|p2|acedoesgames|miku-ghost|
|
|t:|1769421231
|move|p2a: Delphox|Stored Power|p1a: Garchomp
|-damage|p1a: Garchomp|2/100
|move|p1a: Garchomp|Earth Power|p2a: Delphox
|-supereffective|p2a: Delphox
|-damage|p2a: Delphox|7/100
|
|-heal|p2a: Delphox|14/100|[from] Grassy Terrain
|-heal|p1a: Garchomp|8/100|[from] Grassy Terrain
|upkeep
|turn|23
|inactive|yingdxc has 120 seconds left.
|inactive|yingdxc has 90 seconds left.
|inactive|yingdxc has 60 seconds left.
|inactive|yingdxc has 30 seconds left.
|inactive|yingdxc has 20 seconds left.
|inactive|yingdxc has 15 seconds left.
|inactive|yingdxc has 10 seconds left.
|inactive|yingdxc has 5 seconds left.
|-message|yingdxc lost due to inactivity.
|
|win|acedoesgames
|raw|yingdxc's rating: 1079 &rarr; <strong>1061</strong><br />(-18 for losing)
|raw|acedoesgames's rating: 1136 &rarr; <strong>1157</strong><br />(+21 for winning)
|l|☆acedoesgames
|player|p2|
