|j|☆InfinityPokeRang3r
|j|☆rexburned
|t:|1769309508
|gametype|singles
|player|p1|InfinityPokeRang3r|ingo|1473
|player|p2|rexburned|lucas|1519
|gen|9
|tier|[Gen 9] OU
|rated|
|rule|HP Percentage Mod: HP is shown in percentages
|rule|Endless Battle Clause: Forcing endless battles is banned
|rule|Species Clause: Limit one of each Pokémon
|rule|OHKO Clause: OHKO moves are banned
|rule|Evasion Items Clause: Evasion items are banned
|rule|Evasion Moves Clause: Evasion moves are banned
|rule|Evasion Abilities Clause: Evasion abilities are banned
|rule|Sleep Moves Clause: Sleep-inducing moves are banned
|clearpoke
|poke|p1|Dragapult, F|
|poke|p1|Araquanid, M|
|poke|p1|Iron Valiant|
|poke|p1|Rotom-Heat|
|poke|p1|Iron Treads|
|poke|p1|Skarmory, F|
|poke|p2|Dragonite, M|
|poke|p2|Iron Moth|
|poke|p2|Smeargle, M|
|poke|p2|Gholdengo|
|poke|p2|Iron Valiant|
|poke|p2|Great Tusk|
|teampreview
|
|t:|1769309521
|teamsize|p1|6
|teamsize|p2|6
|start
|switch|p1a: Iron Valiant|Iron Valiant|100/100
|switch|p2a: wake up mr west|Smeargle, M|100/100
|-enditem|p1a: Iron Valiant|Booster Energy
|-activate|p1a: Iron Valiant|ability: Quark Drive|[fromitem]
|-start|p1a: Iron Valiant|quarkdrivespe
|turn|1
|inactive|Battle timer is ON: inactive players will automatically lose when time's up. (requested by rexburned)
|
|t:|1769309530
|move|p1a: Iron Valiant|Close Combat|p2a: wake up mr west
|-supereffective|p2a: wake up mr west
|-enditem|p2a: wake up mr west|Focus Sash
|-damage|p2a: wake up mr west|1/100
|-unboost|p1a: Iron Valiant|def|1
|-unboost|p1a: Iron Valiant|spd|1
|move|p2a: wake up mr west|Sticky Web|p1a: Iron Valiant
|-sidestart|p1: InfinityPokeRang3r|move: Sticky Web
|
|upkeep
|turn|2
|
|t:|1769309538
|-end|p1a: Iron Valiant|Quark Drive|[silent]
|switch|p1a: Skarmory|Skarmory, F|100/100
|move|p2a: wake up mr west|Burning Bulwark||[still]
|-fail|p2a: wake up mr west
|
|upkeep
|turn|3
|
|t:|1769309544
|move|p2a: wake up mr west|Memento|p1a: Skarmory
|-unboost|p1a: Skarmory|atk|2
|-unboost|p1a: Skarmory|spa|2
|faint|p2a: wake up mr west
|move|p1a: Skarmory|Stealth Rock|p2: wake up mr west
|-sidestart|p2: rexburned|move: Stealth Rock
|
|upkeep
|
|t:|1769309570
|switch|p2a: we major|Great Tusk|100/100
|-damage|p2a: we major|98/100|[from] Stealth Rock
|-enditem|p2a: we major|Booster Energy
|-activate|p2a: we major|ability: Protosynthesis|[fromitem]
|-start|p2a: we major|protosynthesisatk
|turn|4
|
|t:|1769309578
|switch|p1a: Araquanid|Araquanid, M, shiny|100/100
|-activate|p1a: Araquanid|move: Sticky Web
|-unboost|p1a: Araquanid|spe|1
|move|p2a: we major|Bulk Up|p2a: we major
|-boost|p2a: we major|atk|1
|-boost|p2a: we major|def|1
|
|upkeep
|turn|5
|
|t:|1769309601
|-terastallize|p2a: we major|Steel
|move|p2a: we major|Rapid Spin|p1a: Araquanid
|-damage|p1a: Araquanid|61/100
|-boost|p2a: we major|spe|1
|-sideend|p2: rexburned|Stealth Rock|[from] move: Rapid Spin|[of] p2a: we major
|move|p1a: Araquanid|Liquidation|p2a: we major
|-damage|p2a: we major|63/100
|
|upkeep
|turn|6
|
|t:|1769309613
|switch|p1a: Skarmory|Skarmory, F|100/100
|move|p2a: we major|Headlong Rush|p1a: Skarmory
|-immune|p1a: Skarmory
|
|upkeep
|turn|7
|
|t:|1769309619
|move|p2a: we major|Ice Spinner|p1a: Skarmory
|-damage|p1a: Skarmory|57/100
|-damage|p2a: we major|47/100|[from] item: Rocky Helmet|[of] p1a: Skarmory
|move|p1a: Skarmory|Body Press|p2a: we major
|-supereffective|p2a: we major
|-damage|p2a: we major|22/100
|
|upkeep
|turn|8
|
|t:|1769309626
|move|p2a: we major|Bulk Up|p2a: we major
|-boost|p2a: we major|atk|1
|-boost|p2a: we major|def|1
|move|p1a: Skarmory|Roost|p1a: Skarmory
|-heal|p1a: Skarmory|100/100
|-singleturn|p1a: Skarmory|move: Roost
|
|upkeep
|turn|9
|
|t:|1769309633
|move|p2a: we major|Bulk Up|p2a: we major
|-boost|p2a: we major|atk|1
|-boost|p2a: we major|def|1
|move|p1a: Skarmory|Stealth Rock|p2a: we major
|-sidestart|p2: rexburned|move: Stealth Rock
|
|upkeep
|turn|10
|
|t:|1769309639
|move|p2a: we major|Ice Spinner|p1a: Skarmory
|-damage|p1a: Skarmory|27/100
|-damage|p2a: we major|6/100|[from] item: Rocky Helmet|[of] p1a: Skarmory
|move|p1a: Skarmory|Roost|p1a: Skarmory
|-heal|p1a: Skarmory|77/100
|-singleturn|p1a: Skarmory|move: Roost
|
|upkeep
|turn|11
|
|t:|1769309646
|move|p2a: we major|Ice Spinner|p1a: Skarmory
|-damage|p1a: Skarmory|8/100
|-damage|p2a: we major|0 fnt|[from] item: Rocky Helmet|[of] p1a: Skarmory
|faint|p2a: we major
|-end|p2a: we major|Protosynthesis|[silent]
|move|p1a: Skarmory|Roost|p1a: Skarmory
|-heal|p1a: Skarmory|58/100
|-singleturn|p1a: Skarmory|move: Roost
|
|upkeep
|
|t:|1769309655
|switch|p2a: graduation|Iron Moth|100/100
|-damage|p2a: graduation|76/100|[from] Stealth Rock
|-enditem|p2a: graduation|Booster Energy
|-activate|p2a: graduation|ability: Quark Drive|[fromitem]
|-start|p2a: graduation|quarkdrivespa
|turn|12
|
|t:|1769309661
|switch|p1a: Araquanid|Araquanid, M, shiny|61/100
|-activate|p1a: Araquanid|move: Sticky Web
|-unboost|p1a: Araquanid|spe|1
|move|p2a: graduation|Fiery Dance|p1a: Araquanid
|-damage|p1a: Araquanid|35/100
|
|upkeep
|turn|13
|
|t:|1769309674
|move|p2a: graduation|Sludge Wave|p1a: Araquanid
|-damage|p1a: Araquanid|0 fnt
|faint|p1a: Araquanid
|
|upkeep
|
|t:|1769309688
|switch|p1a: Rotom|Rotom-Heat|100/100
|turn|14
|
|t:|1769309697
|move|p2a: graduation|Sludge Wave|p1a: Rotom
|-damage|p1a: Rotom|0 fnt
|faint|p1a: Rotom
|
|upkeep
|
|t:|1769309703
|switch|p1a: Iron Treads|Iron Treads|100/100
|-activate|p1a: Iron Treads|move: Sticky Web
|-unboost|p1a: Iron Treads|spe|1
|turn|15
|
|t:|1769309708
|-terastallize|p1a: Iron Treads|Ghost
|move|p2a: graduation|Fiery Dance|p1a: Iron Treads
|-damage|p1a: Iron Treads|40/100
|-boost|p2a: graduation|spa|1
|move|p1a: Iron Treads|Rapid Spin|p2a: graduation
|-damage|p2a: graduation|45/100
|-boost|p1a: Iron Treads|spe|1
|-sideend|p1: InfinityPokeRang3r|Sticky Web|[from] move: Rapid Spin|[of] p1a: Iron Treads
|
|upkeep
|turn|16
|
|t:|1769309725
|-end|p1a: Iron Treads|Quark Drive|[silent]
|switch|p1a: Skarmory|Skarmory, F|58/100
|move|p2a: graduation|Fiery Dance|p1a: Skarmory
|-supereffective|p1a: Skarmory
|-damage|p1a: Skarmory|0 fnt
|-boost|p2a: graduation|spa|1
|faint|p1a: Skarmory
|
|upkeep
|
|t:|1769309730
|switch|p1a: Iron Valiant|Iron Valiant|100/100
|turn|17
|
|t:|1769309735
|move|p1a: Iron Valiant|Shadow Ball|p2a: graduation
|-damage|p2a: graduation|17/100
|move|p2a: graduation|Fiery Dance|p1a: Iron Valiant
|-damage|p1a: Iron Valiant|0 fnt
|-boost|p2a: graduation|spa|1
|faint|p1a: Iron Valiant
|-end|p1a: Iron Valiant|Quark Drive|[silent]
|
|upkeep
|
|t:|1769309739
|switch|p1a: Dragapult|Dragapult, F|100/100
|turn|18
|
|t:|1769309746
|move|p1a: Dragapult|Dragon Darts|p2a: graduation
|-crit|p2a: graduation
|-damage|p2a: graduation|0 fnt
|faint|p2a: graduation
|-end|p2a: graduation|Quark Drive|[silent]
|
|upkeep
|
|t:|1769309750
|switch|p2a: bittersweet poetry|Iron Valiant|100/100
|-damage|p2a: bittersweet poetry|94/100|[from] Stealth Rock
|-enditem|p2a: bittersweet poetry|Booster Energy
|-activate|p2a: bittersweet poetry|ability: Quark Drive|[fromitem]
|-start|p2a: bittersweet poetry|quarkdrivespe
|turn|19
|
|t:|1769309757
|move|p2a: bittersweet poetry|Knock Off|p1a: Dragapult
|-supereffective|p1a: Dragapult
|-damage|p1a: Dragapult|13/100
|-enditem|p1a: Dragapult|Leftovers|[from] move: Knock Off|[of] p2a: bittersweet poetry
|move|p1a: Dragapult|Phantom Force||[still]
|-prepare|p1a: Dragapult|Phantom Force
|
|upkeep
|turn|20
|
|t:|1769309763
|move|p2a: bittersweet poetry|Knock Off|p1a: Dragapult|[miss]
|-miss|p2a: bittersweet poetry|p1a: Dragapult
|move|p1a: Dragapult|Phantom Force|p2a: bittersweet poetry|[from] lockedmove
|-damage|p2a: bittersweet poetry|40/100
|
|upkeep
|turn|21
|
|t:|1769309770
|move|p2a: bittersweet poetry|Knock Off|p1a: Dragapult
|-supereffective|p1a: Dragapult
|-damage|p1a: Dragapult|0 fnt
|faint|p1a: Dragapult
|
|upkeep
|
|t:|1769309772
|switch|p1a: Iron Treads|Iron Treads, tera:Ghost|40/100
|turn|22
|
|t:|1769309776
|move|p2a: bittersweet poetry|Knock Off|p1a: Iron Treads
|-supereffective|p1a: Iron Treads
|-damage|p1a: Iron Treads|0 fnt
|-enditem|p1a: Iron Treads|Assault Vest|[from] move: Knock Off|[of] p2a: bittersweet poetry
|faint|p1a: Iron Treads
|-end|p1a: Iron Treads|Quark Drive|[silent]
|
|win|rexburned
|raw|InfinityPokeRang3r's rating: 1473 &rarr; <strong>1456</strong><br />(-17 for losing)
|raw|rexburned's rating: 1519 &rarr; <strong>1536</strong><br />(+17 for winning)
|l|☆InfinityPokeRang3r
|player|p1|
|l|☆rexburned
|player|p2|
