|j|☆Mondeydoo
|j|☆Onsen3gg
|t:|1769444712
|gametype|singles
|player|p1|Mondeydoo|fisherman|1330
|player|p2|Onsen3gg|ethan|1409
|gen|9
|tier|[Gen 9] OU
|rated|
|rule|HP Percentage Mod: HP is shown in percentages
|rule|Endless Battle Clause: Forcing endless battles is banned
|rule|Species Clause: Limit one of each Pokémon
|rule|OHKO Clause: OHKO moves are banned
|rule|Evasion Items Clause: Evasion items are banned
|rule|Evasion Moves Clause: Evasion moves are banned
|rule|Evasion Abilities Clause: Evasion abilities are banned
|rule|Sleep Moves Clause: Sleep-inducing moves are banned
|clearpoke
|poke|p1|Glastrier|
|poke|p1|Thundurus, M|
|poke|p1|Diancie|
|poke|p1|Gyarados, M|
|poke|p1|Avalugg-Hisui, M|
|poke|p1|Zamazenta-*|
|poke|p2|Torkoal, F|
|poke|p2|Typhlosion-Hisui, M|
|poke|p2|Corviknight, F|
|poke|p2|Venusaur, F|
|poke|p2|Great Tusk|
|poke|p2|Clodsire, F|
|teampreview
|
|t:|1769444718
|teamsize|p1|6
|teamsize|p2|6
|start
|switch|p1a: Thundurus|Thundurus, M, shiny|100/100
|switch|p2a: Sunshine|Torkoal, F|100/100
|-weather|SunnyDay|[from] ability: Drought|[of] p2a: Sunshine
|turn|1
|
|t:|1769444727
|move|p1a: Thundurus|Substitute|p1a: Thundurus
|-start|p1a: Thundurus|Substitute
|-damage|p1a: Thundurus|75/100
|move|p2a: Sunshine|Stealth Rock|p1a: Thundurus
|-sidestart|p1: Mondeydoo|move: Stealth Rock
|
|-weather|SunnyDay|[upkeep]
|upkeep
|turn|2
|
|t:|1769444735
|move|p1a: Thundurus|Swagger|p2a: Sunshine
|-boost|p2a: Sunshine|atk|2
|-start|p2a: Sunshine|confusion
|-enditem|p1a: Thundurus|Mirror Herb
|-boost|p1a: Thundurus|atk|2|[from] item: Mirror Herb
|-activate|p2a: Sunshine|confusion
|move|p2a: Sunshine|Lava Plume|p1a: Thundurus
|-end|p1a: Thundurus|Substitute
|
|-weather|SunnyDay|[upkeep]
|upkeep
|turn|3
|
|t:|1769444748
|switch|p2a: Mr.Sire|Clodsire, F|100/100
|move|p1a: Thundurus|Substitute|p1a: Thundurus
|-start|p1a: Thundurus|Substitute
|-damage|p1a: Thundurus|50/100
|
|-weather|SunnyDay|[upkeep]
|upkeep
|turn|4
|
|t:|1769444757
|move|p1a: Thundurus|Acrobatics|p2a: Mr.Sire
|-damage|p2a: Mr.Sire|65/100
|move|p2a: Mr.Sire|Spikes|p1a: Thundurus
|-sidestart|p1: Mondeydoo|Spikes
|
|-weather|SunnyDay|[upkeep]
|-heal|p2a: Mr.Sire|71/100|[from] item: Leftovers
|upkeep
|turn|5
|
|t:|1769444769
|move|p1a: Thundurus|Acrobatics|p2a: Mr.Sire
|-damage|p2a: Mr.Sire|35/100
|move|p2a: Mr.Sire|Spikes|p1a: Thundurus
|-sidestart|p1: Mondeydoo|Spikes
|
|-weather|SunnyDay|[upkeep]
|-heal|p2a: Mr.Sire|41/100|[from] item: Leftovers
|upkeep
|turn|6
|
|t:|1769444779
|move|p2a: Mr.Sire|Protect|p2a: Mr.Sire
|-singleturn|p2a: Mr.Sire|Protect
|move|p1a: Thundurus|Acrobatics|p2a: Mr.Sire
|-activate|p2a: Mr.Sire|move: Protect
|
|-weather|SunnyDay|[upkeep]
|-heal|p2a: Mr.Sire|47/100|[from] item: Leftovers
|upkeep
|turn|7
|
|t:|1769444789
|move|p1a: Thundurus|Acrobatics|p2a: Mr.Sire
|-damage|p2a: Mr.Sire|9/100
|move|p2a: Mr.Sire|Recover|p2a: Mr.Sire
|-heal|p2a: Mr.Sire|59/100
|
|-weather|SunnyDay|[upkeep]
|-heal|p2a: Mr.Sire|65/100|[from] item: Leftovers
|upkeep
|turn|8
|
|t:|1769444801
|move|p1a: Thundurus|Swagger|p2a: Mr.Sire
|-boost|p2a: Mr.Sire|atk|2
|-start|p2a: Mr.Sire|confusion
|-activate|p2a: Mr.Sire|confusion
|move|p2a: Mr.Sire|Recover|p2a: Mr.Sire
|-heal|p2a: Mr.Sire|100/100
|
|-weather|none
|upkeep
|turn|9
|
|t:|1769444819
|switch|p2a: Libero|Corviknight, F|100/100
|-ability|p2a: Libero|Pressure
|move|p1a: Thundurus|Swagger|p2a: Libero
|-boost|p2a: Libero|atk|2
|-start|p2a: Libero|confusion
|
|upkeep
|turn|10
|
|t:|1769444837
|switch|p2a: Ivory|Great Tusk|100/100
|move|p1a: Thundurus|Thunder Punch|p2a: Ivory
|-immune|p2a: Ivory
|
|upkeep
|turn|11
|
|t:|1769444860
|-end|p2a: Ivory|Protosynthesis|[silent]
|switch|p2a: Mr.Sire|Clodsire, F|100/100
|move|p1a: Thundurus|Acrobatics|p2a: Mr.Sire
|-damage|p2a: Mr.Sire|63/100
|
|-heal|p2a: Mr.Sire|69/100|[from] item: Leftovers
|upkeep
|turn|12
|
|t:|1769444870
|move|p1a: Thundurus|Acrobatics|p2a: Mr.Sire
|-damage|p2a: Mr.Sire|33/100
|move|p2a: Mr.Sire|Spikes|p1a: Thundurus
|-sidestart|p1: Mondeydoo|Spikes
|
|-heal|p2a: Mr.Sire|39/100|[from] item: Leftovers
|upkeep
|turn|13
|
|t:|1769444880
|move|p2a: Mr.Sire|Protect|p2a: Mr.Sire
|-singleturn|p2a: Mr.Sire|Protect
|move|p1a: Thundurus|Swagger|p2a: Mr.Sire
|-activate|p2a: Mr.Sire|move: Protect
|
|-heal|p2a: Mr.Sire|45/100|[from] item: Leftovers
|upkeep
|turn|14
|
|t:|1769444889
|move|p1a: Thundurus|Swagger|p2a: Mr.Sire
|-boost|p2a: Mr.Sire|atk|2
|-start|p2a: Mr.Sire|confusion
|-activate|p2a: Mr.Sire|confusion
|-damage|p2a: Mr.Sire|36/100|[from] confusion
|
|-heal|p2a: Mr.Sire|43/100|[from] item: Leftovers
|upkeep
|turn|15
|
|t:|1769444900
|-activate|p2a: Mr.Sire|confusion
|-damage|p2a: Mr.Sire|34/100|[from] confusion
|move|p1a: Thundurus|Thunder Punch|p2a: Mr.Sire
|-immune|p2a: Mr.Sire
|
|-heal|p2a: Mr.Sire|41/100|[from] item: Leftovers
|upkeep
|turn|16
|
|t:|1769444911
|-activate|p2a: Mr.Sire|confusion
|move|p2a: Mr.Sire|Protect|p2a: Mr.Sire
|-singleturn|p2a: Mr.Sire|Protect
|move|p1a: Thundurus|Acrobatics|p2a: Mr.Sire
|-activate|p2a: Mr.Sire|move: Protect
|
|-heal|p2a: Mr.Sire|47/100|[from] item: Leftovers
|upkeep
|turn|17
|
|t:|1769444921
|move|p1a: Thundurus|Swagger|p2a: Mr.Sire|[miss]
|-miss|p1a: Thundurus|p2a: Mr.Sire
|-activate|p2a: Mr.Sire|confusion
|-damage|p2a: Mr.Sire|38/100|[from] confusion
|
|-heal|p2a: Mr.Sire|45/100|[from] item: Leftovers
|upkeep
|turn|18
|
|t:|1769444931
|move|p1a: Thundurus|Acrobatics|p2a: Mr.Sire
|-damage|p2a: Mr.Sire|5/100
|-end|p2a: Mr.Sire|confusion
|move|p2a: Mr.Sire|Recover|p2a: Mr.Sire
|-heal|p2a: Mr.Sire|55/100
|
|-heal|p2a: Mr.Sire|61/100|[from] item: Leftovers
|upkeep
|turn|19
|
|t:|1769444943
|move|p2a: Mr.Sire|Protect|p2a: Mr.Sire
|-singleturn|p2a: Mr.Sire|Protect
|move|p1a: Thundurus|Swagger|p2a: Mr.Sire
|-activate|p2a: Mr.Sire|move: Protect
|
|-heal|p2a: Mr.Sire|67/100|[from] item: Leftovers
|upkeep
|turn|20
|
|t:|1769444953
|move|p1a: Thundurus|Swagger|p2a: Mr.Sire
|-boost|p2a: Mr.Sire|atk|2
|-start|p2a: Mr.Sire|confusion
|-activate|p2a: Mr.Sire|confusion
|move|p2a: Mr.Sire|Recover|p2a: Mr.Sire
|-heal|p2a: Mr.Sire|100/100
|
|upkeep
|turn|21
|
|t:|1769444963
|move|p1a: Thundurus|Swagger|p2a: Mr.Sire
|-boost|p2a: Mr.Sire|atk|2
|-activate|p2a: Mr.Sire|confusion
|move|p2a: Mr.Sire|Spikes||[still]
|-fail|p2a: Mr.Sire
|
|upkeep
|turn|22
|
|t:|1769444970
|move|p1a: Thundurus|Acrobatics|p2a: Mr.Sire
|-damage|p2a: Mr.Sire|66/100
|-end|p2a: Mr.Sire|confusion
|move|p2a: Mr.Sire|Spikes||[still]
|-fail|p2a: Mr.Sire
|
|-heal|p2a: Mr.Sire|72/100|[from] item: Leftovers
|upkeep
|turn|23
|
|t:|1769444984
|move|p1a: Thundurus|Swagger|p2a: Mr.Sire
|-boost|p2a: Mr.Sire|atk|0
|-start|p2a: Mr.Sire|confusion
|-activate|p2a: Mr.Sire|confusion
|move|p2a: Mr.Sire|Spikes||[still]
|-fail|p2a: Mr.Sire
|
|-heal|p2a: Mr.Sire|78/100|[from] item: Leftovers
|upkeep
|turn|24
|
|t:|1769444994
|move|p1a: Thundurus|Acrobatics|p2a: Mr.Sire
|-damage|p2a: Mr.Sire|43/100
|-activate|p2a: Mr.Sire|confusion
|move|p2a: Mr.Sire|Spikes||[still]
|-fail|p2a: Mr.Sire
|
|-heal|p2a: Mr.Sire|49/100|[from] item: Leftovers
|upkeep
|turn|25
|
|t:|1769445005
|-activate|p2a: Mr.Sire|confusion
|move|p2a: Mr.Sire|Protect|p2a: Mr.Sire
|-singleturn|p2a: Mr.Sire|Protect
|move|p1a: Thundurus|Acrobatics|p2a: Mr.Sire
|-activate|p2a: Mr.Sire|move: Protect
|
|-heal|p2a: Mr.Sire|55/100|[from] item: Leftovers
|upkeep
|turn|26
|
|t:|1769445016
|move|p1a: Thundurus|Acrobatics|p2a: Mr.Sire
|-damage|p2a: Mr.Sire|19/100
|-end|p2a: Mr.Sire|confusion
|move|p2a: Mr.Sire|Spikes||[still]
|-fail|p2a: Mr.Sire
|
|-heal|p2a: Mr.Sire|25/100|[from] item: Leftovers
|upkeep
|turn|27
|inactive|Battle timer is ON: inactive players will automatically lose when time's up. (requested by Mondeydoo)
|
|t:|1769445026
|move|p2a: Mr.Sire|Protect|p2a: Mr.Sire
|-singleturn|p2a: Mr.Sire|Protect
|move|p1a: Thundurus|Acrobatics|p2a: Mr.Sire
|-activate|p2a: Mr.Sire|move: Protect
|
|-heal|p2a: Mr.Sire|31/100|[from] item: Leftovers
|upkeep
|turn|28
|
|t:|1769445036
|move|p1a: Thundurus|Acrobatics|p2a: Mr.Sire
|-damage|p2a: Mr.Sire|0 fnt
|faint|p2a: Mr.Sire
|
|upkeep
|
|t:|1769445047
|switch|p2a: Sunshine|Torkoal, F|100/100
|-weather|SunnyDay|[from] ability: Drought|[of] p2a: Sunshine
|turn|29
|
|t:|1769445053
|move|p1a: Thundurus|Acrobatics|p2a: Sunshine
|-crit|p2a: Sunshine
|-damage|p2a: Sunshine|0 fnt
|faint|p2a: Sunshine
|
|-weather|SunnyDay|[upkeep]
|upkeep
|
|t:|1769445072
|switch|p2a: Ivory|Great Tusk|100/100
|-activate|p2a: Ivory|ability: Protosynthesis
|-start|p2a: Ivory|protosynthesisatk
|turn|30
|
|t:|1769445081
|-terastallize|p2a: Ivory|Fairy
|move|p1a: Thundurus|Acrobatics|p2a: Ivory
|-damage|p2a: Ivory|19/100
|move|p2a: Ivory|Rapid Spin|p1a: Thundurus
|-end|p1a: Thundurus|Substitute
|-boost|p2a: Ivory|spe|1
|
|-weather|SunnyDay|[upkeep]
|upkeep
|turn|31
|
|t:|1769445093
|move|p1a: Thundurus|Swagger|p2a: Ivory|[miss]
|-miss|p1a: Thundurus|p2a: Ivory
|move|p2a: Ivory|Ice Spinner|p1a: Thundurus
|-supereffective|p1a: Thundurus
|-damage|p1a: Thundurus|0 fnt
|faint|p1a: Thundurus
|
|-weather|SunnyDay|[upkeep]
|upkeep
|
|t:|1769445110
|switch|p1a: Zamazenta|Zamazenta, shiny|100/100
|-damage|p1a: Zamazenta|94/100|[from] Stealth Rock
|-damage|p1a: Zamazenta|70/100|[from] Spikes
|-ability|p1a: Zamazenta|Dauntless Shield|boost
|-boost|p1a: Zamazenta|def|1
|turn|32
|
|t:|1769445123
|move|p1a: Zamazenta|Moonblast|p2a: Ivory
|-damage|p2a: Ivory|0 fnt
|faint|p2a: Ivory
|-end|p2a: Ivory|Protosynthesis|[silent]
|
|-weather|SunnyDay|[upkeep]
|upkeep
|
|t:|1769445129
|switch|p2a: Verstapen|Venusaur, F|100/100
|turn|33
|
|t:|1769445137
|switch|p1a: Gyarados|Gyarados, M, shiny|100/100
|-damage|p1a: Gyarados|75/100|[from] Stealth Rock
|-ability|p1a: Gyarados|Intimidate|boost
|-unboost|p2a: Verstapen|atk|1
|move|p2a: Verstapen|Growth|p2a: Verstapen
|-boost|p2a: Verstapen|atk|2
|-boost|p2a: Verstapen|spa|2
|
|-weather|SunnyDay|[upkeep]
|upkeep
|turn|34
|
|t:|1769445154
|move|p2a: Verstapen|Sludge Bomb|p1a: Gyarados
|-damage|p1a: Gyarados|0 fnt
|faint|p1a: Gyarados
|-damage|p2a: Verstapen|91/100|[from] item: Life Orb
|
|-weather|SunnyDay|[upkeep]
|upkeep
|
|t:|1769445168
|switch|p1a: Avalugg|Avalugg-Hisui, M, shiny|100/100
|turn|35
|
|t:|1769445175
|move|p2a: Verstapen|Solar Beam||[still]
|-prepare|p2a: Verstapen|Solar Beam
|-anim|p2a: Verstapen|Solar Beam|p1a: Avalugg
|-supereffective|p1a: Avalugg
|-ability|p1a: Avalugg|Sturdy
|-damage|p1a: Avalugg|1/100
|-damage|p2a: Verstapen|81/100|[from] item: Life Orb
|move|p1a: Avalugg|Mirror Coat|p2a: Verstapen
|-damage|p2a: Verstapen|0 fnt
|faint|p2a: Verstapen
|
|-weather|SunnyDay|[upkeep]
|upkeep
|
|t:|1769445188
|switch|p2a: Stove|Typhlosion-Hisui, M|100/100
|turn|36
|
|t:|1769445192
|move|p2a: Stove|Eruption|p1a: Avalugg
|-crit|p1a: Avalugg
|-damage|p1a: Avalugg|0 fnt
|faint|p1a: Avalugg
|
|-weather|none
|upkeep
|
|t:|1769445203
|switch|p1a: Zamazenta|Zamazenta, shiny|70/100
|-damage|p1a: Zamazenta|63/100|[from] Stealth Rock
|-damage|p1a: Zamazenta|39/100|[from] Spikes
|turn|37
|
|t:|1769445210
|-terastallize|p1a: Zamazenta|Ghost
|move|p2a: Stove|Eruption|p1a: Zamazenta
|-damage|p1a: Zamazenta|0 fnt
|faint|p1a: Zamazenta
|
|upkeep
|
|t:|1769445217
|switch|p1a: Diancie|Diancie, shiny|100/100
|-damage|p1a: Diancie|88/100|[from] Stealth Rock
|-damage|p1a: Diancie|63/100|[from] Spikes
|turn|38
|
|t:|1769445226
|switch|p2a: Libero|Corviknight, F|100/100
|-ability|p2a: Libero|Pressure
|move|p1a: Diancie|Trick Room|p1a: Diancie
|-fieldstart|move: Trick Room|[of] p1a: Diancie
|
|upkeep
|turn|39
|
|t:|1769445234
|move|p1a: Diancie|Meteor Beam||[still]
|-prepare|p1a: Diancie|Meteor Beam
|-boost|p1a: Diancie|spa|1
|-enditem|p1a: Diancie|Power Herb
|-anim|p1a: Diancie|Meteor Beam|p2a: Libero
|-damage|p2a: Libero|20/100
|move|p2a: Libero|Body Press|p1a: Diancie
|-damage|p1a: Diancie|43/100
|
|-heal|p2a: Libero|26/100|[from] item: Leftovers
|upkeep
|turn|40
|
|t:|1769445252
|move|p1a: Diancie|Draining Kiss|p2a: Libero
|-resisted|p2a: Libero
|-damage|p2a: Libero|8/100
|-heal|p1a: Diancie|61/100|[from] drain|[of] p2a: Libero
|move|p2a: Libero|Roost|p2a: Libero
|-heal|p2a: Libero|58/100
|-singleturn|p2a: Libero|move: Roost
|
|-heal|p2a: Libero|64/100|[from] item: Leftovers
|upkeep
|turn|41
|
|t:|1769445263
|move|p2a: Libero|Roost|p2a: Libero
|-heal|p2a: Libero|100/100
|-singleturn|p2a: Libero|move: Roost
|move|p1a: Diancie|Trick Room|p1a: Diancie
|-fieldend|move: Trick Room
|
|upkeep
|turn|42
|
|t:|1769445270
|move|p2a: Libero|Body Press|p1a: Diancie
|-damage|p1a: Diancie|39/100
|move|p1a: Diancie|Trick Room|p1a: Diancie
|-fieldstart|move: Trick Room|[of] p1a: Diancie
|
|upkeep
|turn|43
|
|t:|1769445277
|move|p1a: Diancie|Draining Kiss|p2a: Libero
|-resisted|p2a: Libero
|-damage|p2a: Libero|83/100
|-heal|p1a: Diancie|56/100|[from] drain|[of] p2a: Libero
|move|p2a: Libero|Body Press|p1a: Diancie
|-damage|p1a: Diancie|33/100
|
|-heal|p2a: Libero|89/100|[from] item: Leftovers
|upkeep
|turn|44
|
|t:|1769445287
|move|p1a: Diancie|Meteor Beam||[still]
|-prepare|p1a: Diancie|Meteor Beam
|-boost|p1a: Diancie|spa|1
|move|p2a: Libero|Body Press|p1a: Diancie
|-damage|p1a: Diancie|12/100
|
|-heal|p2a: Libero|96/100|[from] item: Leftovers
|upkeep
|turn|45
|
|t:|1769445302
|move|p1a: Diancie|Meteor Beam|p2a: Libero|[from] lockedmove
|-damage|p2a: Libero|0 fnt
|faint|p2a: Libero
|
|upkeep
|
|t:|1769445309
|switch|p2a: Stove|Typhlosion-Hisui, M|100/100
|turn|46
|
|t:|1769445314
|move|p1a: Diancie|Earth Power|p2a: Stove
|-supereffective|p2a: Stove
|-damage|p2a: Stove|0 fnt
|faint|p2a: Stove
|
|win|Mondeydoo
|raw|Mondeydoo's rating: 1306 &rarr; <strong>1332</strong><br />(+26 for winning)
|raw|Onsen3gg's rating: 1409 &rarr; <strong>1383</strong><br />(-26 for losing)
|l|☆Onsen3gg
|player|p2|
|l|☆Mondeydoo
|player|p1|
