|j|☆1337muffin1337
|j|☆INTZ2902
|t:|1769409553
|gametype|singles
|player|p1|1337muffin1337|misty|1103
|player|p2|INTZ2902|youngster-gen4dp|1066
|gen|9
|tier|[Gen 9] OU
|rated|
|rule|HP Percentage Mod: HP is shown in percentages
|rule|Endless Battle Clause: Forcing endless battles is banned
|rule|Species Clause: Limit one of each Pokémon
|rule|OHKO Clause: OHKO moves are banned
|rule|Evasion Items Clause: Evasion items are banned
|rule|Evasion Moves Clause: Evasion moves are banned
|rule|Evasion Abilities Clause: Evasion abilities are banned
|rule|Sleep Moves Clause: Sleep-inducing moves are banned
|clearpoke
|poke|p1|Articuno|
|poke|p1|Venusaur, F|
|poke|p1|Blastoise, M|
|poke|p1|Darkrai|
|poke|p1|Iron Treads|
|poke|p1|Conkeldurr, M|
|poke|p2|Zapdos|
|poke|p2|Hatterene, F|
|poke|p2|Garchomp, F|
|poke|p2|Umbreon, M|
|poke|p2|Scizor, F|
|poke|p2|Arcanine, M|
|teampreview
|inactive|Battle timer is ON: inactive players will automatically lose when time's up. (requested by 1337muffin1337)
|
|t:|1769409564
|teamsize|p1|6
|teamsize|p2|6
|start
|switch|p1a: Articuno|Articuno, shiny|100/100
|switch|p2a: Garchomp|Garchomp, F|100/100
|-ability|p1a: Articuno|Pressure
|turn|1
|
|t:|1769409575
|-terastallize|p2a: Garchomp|Water
|move|p2a: Garchomp|Flamethrower|p1a: Articuno
|-supereffective|p1a: Articuno
|-crit|p1a: Articuno
|-damage|p1a: Articuno|66/100
|move|p1a: Articuno|Ice Beam|p2a: Garchomp
|-resisted|p2a: Garchomp
|-damage|p2a: Garchomp|77/100
|
|upkeep
|turn|2
|
|t:|1769409586
|switch|p2a: Arcanine|Arcanine, M|100/100
|-ability|p2a: Arcanine|Intimidate|boost
|-unboost|p1a: Articuno|atk|1
|move|p1a: Articuno|Freeze-Dry|p2a: Arcanine
|-resisted|p2a: Arcanine
|-damage|p2a: Arcanine|81/100
|
|upkeep
|turn|3
|
|t:|1769409604
|-terastallize|p1a: Articuno|Rock
|move|p2a: Arcanine|Close Combat|p1a: Articuno
|-supereffective|p1a: Articuno
|-crit|p1a: Articuno
|-damage|p1a: Articuno|0 fnt
|-unboost|p2a: Arcanine|def|1
|-unboost|p2a: Arcanine|spd|1
|faint|p1a: Articuno
|
|upkeep
|
|t:|1769409613
|switch|p1a: Blastoise|Blastoise, M|100/100
|turn|4
|
|t:|1769409625
|switch|p2a: Hatterene|Hatterene, F|100/100
|move|p1a: Blastoise|Shell Smash|p1a: Blastoise
|-unboost|p1a: Blastoise|def|1
|-unboost|p1a: Blastoise|spd|1
|-boost|p1a: Blastoise|atk|2
|-boost|p1a: Blastoise|spa|2
|-boost|p1a: Blastoise|spe|2
|
|upkeep
|turn|5
|
|t:|1769409644
|move|p1a: Blastoise|Water Spout|p2a: Hatterene
|-damage|p2a: Hatterene|1/100
|move|p2a: Hatterene|Draining Kiss|p1a: Blastoise
|-damage|p1a: Blastoise|70/100
|-heal|p2a: Hatterene|27/100|[from] drain|[of] p1a: Blastoise
|
|-heal|p2a: Hatterene|33/100|[from] item: Leftovers
|upkeep
|turn|6
|
|t:|1769409667
|move|p1a: Blastoise|Water Spout|p2a: Hatterene
|-damage|p2a: Hatterene|0 fnt
|faint|p2a: Hatterene
|
|upkeep
|
|t:|1769409677
|switch|p2a: Garchomp|Garchomp, F, tera:Water|77/100
|turn|7
|
|t:|1769409701
|move|p1a: Blastoise|Water Spout|p2a: Garchomp
|-resisted|p2a: Garchomp
|-damage|p2a: Garchomp|27/100
|move|p2a: Garchomp|Draco Meteor|p1a: Blastoise
|-crit|p1a: Blastoise
|-damage|p1a: Blastoise|0 fnt
|-unboost|p2a: Garchomp|spa|2
|faint|p1a: Blastoise
|-enditem|p2a: Garchomp|Eject Pack
|
|t:|1769409711
|switch|p2a: Umbreon|Umbreon, M|100/100
|
|upkeep
|
|t:|1769409714
|switch|p1a: Conkeldurr|Conkeldurr, M|100/100
|turn|8
|
|t:|1769409719
|move|p2a: Umbreon|Thunder Wave|p1a: Conkeldurr
|-status|p1a: Conkeldurr|par
|move|p1a: Conkeldurr|Drain Punch|p2a: Umbreon
|-supereffective|p2a: Umbreon
|-damage|p2a: Umbreon|24/100
|
|-heal|p2a: Umbreon|30/100|[from] item: Leftovers
|upkeep
|turn|9
|
|t:|1769409727
|cant|p1a: Conkeldurr|par
|move|p2a: Umbreon|Foul Play|p1a: Conkeldurr
|-resisted|p1a: Conkeldurr
|-damage|p1a: Conkeldurr|74/100 par
|
|-heal|p2a: Umbreon|37/100|[from] item: Leftovers
|upkeep
|turn|10
|
|t:|1769409733
|move|p1a: Conkeldurr|Mach Punch|p2a: Umbreon
|-supereffective|p2a: Umbreon
|-damage|p2a: Umbreon|0 fnt
|faint|p2a: Umbreon
|
|upkeep
|
|t:|1769409740
|switch|p2a: Zapdos|Zapdos|100/100
|turn|11
|
|t:|1769409760
|move|p2a: Zapdos|Thunderbolt|p1a: Conkeldurr
|-damage|p1a: Conkeldurr|31/100 par
|move|p1a: Conkeldurr|Fire Punch|p2a: Zapdos
|-damage|p2a: Zapdos|73/100
|
|-heal|p2a: Zapdos|80/100|[from] item: Leftovers
|upkeep
|turn|12
|
|t:|1769409768
|move|p2a: Zapdos|Thunderbolt|p1a: Conkeldurr
|-damage|p1a: Conkeldurr|0 fnt
|faint|p1a: Conkeldurr
|
|-heal|p2a: Zapdos|86/100|[from] item: Leftovers
|upkeep
|
|t:|1769409790
|switch|p1a: Darkrai|Darkrai|100/100
|turn|13
|
|t:|1769409797
|move|p1a: Darkrai|Dark Pulse|p2a: Zapdos
|-damage|p2a: Zapdos|45/100
|move|p2a: Zapdos|Thunder Wave|p1a: Darkrai
|-status|p1a: Darkrai|par
|
|-heal|p2a: Zapdos|52/100|[from] item: Leftovers
|upkeep
|turn|14
|
|t:|1769409806
|move|p2a: Zapdos|Roost|p2a: Zapdos
|-heal|p2a: Zapdos|100/100
|-singleturn|p2a: Zapdos|move: Roost
|move|p1a: Darkrai|Sludge Bomb|p2a: Zapdos
|-damage|p2a: Zapdos|67/100
|
|-heal|p2a: Zapdos|73/100|[from] item: Leftovers
|upkeep
|turn|15
|
|t:|1769409815
|move|p2a: Zapdos|Thunderbolt|p1a: Darkrai
|-damage|p1a: Darkrai|51/100 par
|move|p1a: Darkrai|Sludge Bomb|p2a: Zapdos
|-damage|p2a: Zapdos|43/100
|
|-heal|p2a: Zapdos|49/100|[from] item: Leftovers
|upkeep
|turn|16
|
|t:|1769409822
|move|p2a: Zapdos|Thunderbolt|p1a: Darkrai
|-damage|p1a: Darkrai|0 fnt
|faint|p1a: Darkrai
|
|-heal|p2a: Zapdos|55/100|[from] item: Leftovers
|upkeep
|
|t:|1769409838
|switch|p1a: Venusaur|Venusaur, F, shiny|100/100
|turn|17
|
|t:|1769409849
|move|p1a: Venusaur|Toxic|p2a: Zapdos
|-status|p2a: Zapdos|tox
|move|p2a: Zapdos|Thunder Wave|p1a: Venusaur
|-status|p1a: Venusaur|par
|
|-heal|p2a: Zapdos|61/100 tox|[from] item: Leftovers
|-damage|p2a: Zapdos|55/100 tox|[from] psn
|upkeep
|turn|18
|
|t:|1769409860
|move|p2a: Zapdos|Heat Wave|p1a: Venusaur
|-supereffective|p1a: Venusaur
|-damage|p1a: Venusaur|46/100 par
|move|p1a: Venusaur|Sludge Bomb|p2a: Zapdos
|-damage|p2a: Zapdos|22/100 tox
|
|-heal|p2a: Zapdos|28/100 tox|[from] item: Leftovers
|-heal|p1a: Venusaur|52/100 par|[from] item: Leftovers
|-damage|p2a: Zapdos|15/100 tox|[from] psn
|upkeep
|turn|19
|
|t:|1769409871
|move|p2a: Zapdos|Roost|p2a: Zapdos
|-heal|p2a: Zapdos|65/100 tox
|-singleturn|p2a: Zapdos|move: Roost
|cant|p1a: Venusaur|par
|
|-heal|p2a: Zapdos|72/100 tox|[from] item: Leftovers
|-heal|p1a: Venusaur|58/100 par|[from] item: Leftovers
|-damage|p2a: Zapdos|53/100 tox|[from] psn
|upkeep
|turn|20
|
|t:|1769409879
|move|p2a: Zapdos|Heat Wave|p1a: Venusaur
|-supereffective|p1a: Venusaur
|-damage|p1a: Venusaur|0 fnt
|faint|p1a: Venusaur
|
|-heal|p2a: Zapdos|59/100 tox|[from] item: Leftovers
|-damage|p2a: Zapdos|34/100 tox|[from] psn
|upkeep
|
|t:|1769409886
|switch|p1a: Iron Treads|Iron Treads|100/100
|-enditem|p1a: Iron Treads|Booster Energy
|-activate|p1a: Iron Treads|ability: Quark Drive|[fromitem]
|-start|p1a: Iron Treads|quarkdrivespe
|turn|21
|
|t:|1769409892
|move|p1a: Iron Treads|Stone Edge|p2a: Zapdos|[miss]
|-miss|p1a: Iron Treads|p2a: Zapdos
|move|p2a: Zapdos|Thunder Wave|p1a: Iron Treads
|-immune|p1a: Iron Treads
|
|-heal|p2a: Zapdos|40/100 tox|[from] item: Leftovers
|-damage|p2a: Zapdos|9/100 tox|[from] psn
|upkeep
|turn|22
|
|t:|1769409902
|move|p1a: Iron Treads|Rapid Spin|p2a: Zapdos
|-damage|p2a: Zapdos|0 fnt
|-boost|p1a: Iron Treads|spe|1
|faint|p2a: Zapdos
|
|upkeep
|
|t:|1769409908
|switch|p2a: Arcanine|Arcanine, M|81/100
|-ability|p2a: Arcanine|Intimidate|boost
|-unboost|p1a: Iron Treads|atk|1
|turn|23
|
|t:|1769409917
|move|p1a: Iron Treads|Earthquake|p2a: Arcanine
|-supereffective|p2a: Arcanine
|-damage|p2a: Arcanine|0 fnt
|faint|p2a: Arcanine
|
|upkeep
|
|t:|1769409923
|switch|p2a: Scizor|Scizor, F|100/100
|turn|24
|
|t:|1769409930
|move|p1a: Iron Treads|Earthquake|p2a: Scizor
|-damage|p2a: Scizor|72/100
|move|p2a: Scizor|Close Combat|p1a: Iron Treads
|-supereffective|p1a: Iron Treads
|-damage|p1a: Iron Treads|20/100
|-unboost|p2a: Scizor|def|1
|-unboost|p2a: Scizor|spd|1
|
|upkeep
|turn|25
|
|t:|1769409943
|move|p1a: Iron Treads|Earthquake|p2a: Scizor
|-damage|p2a: Scizor|29/100
|move|p2a: Scizor|Close Combat|p1a: Iron Treads
|-supereffective|p1a: Iron Treads
|-damage|p1a: Iron Treads|0 fnt
|-unboost|p2a: Scizor|def|1
|-unboost|p2a: Scizor|spd|1
|faint|p1a: Iron Treads
|-end|p1a: Iron Treads|Quark Drive|[silent]
|
|win|INTZ2902
|raw|1337muffin1337's rating: 1103 &rarr; <strong>1075</strong><br />(-28 for losing)
|raw|INTZ2902's rating: 1066 &rarr; <strong>1099</strong><br />(+33 for winning)
|l|☆1337muffin1337
|player|p1|
|l|☆INTZ2902
|player|p2|
