|j|☆yesgamerfleet
|j|☆siakam
|t:|1769405376
|gametype|singles
|player|p1|yesgamerfleet|102|1412
|player|p2|siakam|102|1363
|gen|9
|tier|[Gen 9] OU
|rated|
|rule|HP Percentage Mod: HP is shown in percentages
|rule|Endless Battle Clause: Forcing endless battles is banned
|rule|Species Clause: Limit one of each Pokémon
|rule|OHKO Clause: OHKO moves are banned
|rule|Evasion Items Clause: Evasion items are banned
|rule|Evasion Moves Clause: Evasion moves are banned
|rule|Evasion Abilities Clause: Evasion abilities are banned
|rule|Sleep Moves Clause: Sleep-inducing moves are banned
|clearpoke
|poke|p1|Rillaboom, M|
|poke|p1|Hawlucha, M|
|poke|p1|Kingambit, F|
|poke|p1|Iron Valiant|
|poke|p1|Samurott-Hisui, F|
|poke|p1|Dragapult, F|
|poke|p2|Grimmsnarl, M|
|poke|p2|Iron Treads|
|poke|p2|Raging Bolt|
|poke|p2|Deoxys-Speed|
|poke|p2|Ogerpon-Wellspring, F|
|poke|p2|Ceruledge, M|
|teampreview
|inactive|Battle timer is ON: inactive players will automatically lose when time's up. (requested by siakam)
|
|t:|1769405401
|teamsize|p1|6
|teamsize|p2|6
|start
|switch|p1a: Samurott|Samurott-Hisui, F|100/100
|switch|p2a: Grimmsnarl|Grimmsnarl, M, shiny|100/100
|turn|1
|
|t:|1769405412
|move|p2a: Grimmsnarl|Reflect|p2a: Grimmsnarl
|-sidestart|p2: siakam|Reflect
|move|p1a: Samurott|Ceaseless Edge|p2a: Grimmsnarl
|-resisted|p2a: Grimmsnarl
|-damage|p2a: Grimmsnarl|93/100
|-sidestart|p2: siakam|Spikes
|
|upkeep
|turn|2
|
|t:|1769405422
|switch|p2a: Iron Treads|Iron Treads, shiny|100/100
|-damage|p2a: Iron Treads|88/100|[from] Spikes
|-enditem|p2a: Iron Treads|Booster Energy
|-activate|p2a: Iron Treads|ability: Quark Drive|[fromitem]
|-start|p2a: Iron Treads|quarkdrivespe
|move|p1a: Samurott|Ceaseless Edge|p2a: Iron Treads
|-damage|p2a: Iron Treads|67/100
|-sidestart|p2: siakam|Spikes
|
|upkeep
|turn|3
|
|t:|1769405431
|switch|p1a: Dragapult|Dragapult, F, shiny|100/100
|move|p2a: Iron Treads|Rapid Spin|p1a: Dragapult
|-immune|p1a: Dragapult
|
|upkeep
|turn|4
|
|t:|1769405450
|move|p2a: Iron Treads|Stealth Rock|p1a: Dragapult
|-sidestart|p1: yesgamerfleet|move: Stealth Rock
|move|p1a: Dragapult|Flamethrower|p2a: Iron Treads
|-supereffective|p2a: Iron Treads
|-damage|p2a: Iron Treads|0 fnt
|faint|p2a: Iron Treads
|-end|p2a: Iron Treads|Quark Drive|[silent]
|
|upkeep
|
|t:|1769405475
|switch|p2a: Deoxys|Deoxys-Speed, shiny|100/100
|-damage|p2a: Deoxys|84/100|[from] Spikes
|-ability|p2a: Deoxys|Pressure
|turn|5
|inactive|yesgamerfleet has 120 seconds left.
|inactive|yesgamerfleet has 90 seconds left.
|
|t:|1769405552
|move|p2a: Deoxys|Substitute|p2a: Deoxys
|-start|p2a: Deoxys|Substitute
|-damage|p2a: Deoxys|59/100
|move|p1a: Dragapult|Flamethrower|p2a: Deoxys
|-damage|p2a: Deoxys|3/100
|
|-heal|p2a: Deoxys|9/100|[from] item: Leftovers
|upkeep
|turn|6
|
|t:|1769405562
|move|p2a: Deoxys|Psycho Boost|p1a: Dragapult
|-damage|p1a: Dragapult|20/100
|-unboost|p2a: Deoxys|spa|2
|move|p1a: Dragapult|Flamethrower|p2a: Deoxys
|-damage|p2a: Deoxys|0 fnt
|faint|p2a: Deoxys
|
|upkeep
|inactive|siakam has 120 seconds left.
|
|t:|1769405575
|switch|p2a: Grimmsnarl|Grimmsnarl, M, shiny|93/100
|-damage|p2a: Grimmsnarl|76/100|[from] Spikes
|turn|7
|inactive|yesgamerfleet has 90 seconds left.
|
|t:|1769405603
|move|p2a: Grimmsnarl|Light Screen|p2a: Grimmsnarl
|-sidestart|p2: siakam|move: Light Screen
|move|p1a: Dragapult|Flamethrower|p2a: Grimmsnarl
|-damage|p2a: Grimmsnarl|25/100
|
|upkeep
|turn|8
|inactive|siakam has 120 seconds left.
|inactive|yesgamerfleet has 60 seconds left.
|
|t:|1769405639
|switch|p2a: Raging Bolt|Raging Bolt|100/100
|-damage|p2a: Raging Bolt|84/100|[from] Spikes
|-enditem|p2a: Raging Bolt|Booster Energy
|-activate|p2a: Raging Bolt|ability: Protosynthesis|[fromitem]
|-start|p2a: Raging Bolt|protosynthesisspa
|move|p1a: Dragapult|Flamethrower|p2a: Raging Bolt
|-resisted|p2a: Raging Bolt
|-damage|p2a: Raging Bolt|68/100
|
|-sideend|p2: siakam|Reflect
|upkeep
|turn|9
|inactive|yesgamerfleet has 60 seconds left.
|
|t:|1769405651
|switch|p1a: Samurott|Samurott-Hisui, F|100/100
|-damage|p1a: Samurott|88/100|[from] Stealth Rock
|move|p2a: Raging Bolt|Calm Mind|p2a: Raging Bolt
|-boost|p2a: Raging Bolt|spa|1
|-boost|p2a: Raging Bolt|spd|1
|
|upkeep
|turn|10
|inactive|yesgamerfleet has 60 seconds left.
|
|t:|1769405659
|move|p2a: Raging Bolt|Thunderclap|p1a: Samurott
|-supereffective|p1a: Samurott
|-damage|p1a: Samurott|0 fnt
|faint|p1a: Samurott
|
|upkeep
|inactive|yesgamerfleet has 60 seconds left.
|
|t:|1769405667
|switch|p1a: Iron Valiant|Iron Valiant|100/100
|-damage|p1a: Iron Valiant|94/100|[from] Stealth Rock
|-enditem|p1a: Iron Valiant|Booster Energy
|-activate|p1a: Iron Valiant|ability: Quark Drive|[fromitem]
|-start|p1a: Iron Valiant|quarkdrivespe
|turn|11
|inactive|siakam has 120 seconds left.
|
|t:|1769405679
|-end|p2a: Raging Bolt|Protosynthesis|[silent]
|switch|p2a: Ogerpon|Ogerpon-Wellspring, F|100/100
|-damage|p2a: Ogerpon|84/100|[from] Spikes
|move|p1a: Iron Valiant|Spirit Break|p2a: Ogerpon
|-damage|p2a: Ogerpon|31/100
|-unboost|p2a: Ogerpon|spa|1
|
|upkeep
|turn|12
|
|t:|1769405688
|move|p1a: Iron Valiant|Spirit Break|p2a: Ogerpon
|-damage|p2a: Ogerpon|0 fnt
|faint|p2a: Ogerpon
|
|upkeep
|
|t:|1769405694
|switch|p2a: Grimmsnarl|Grimmsnarl, M, shiny|25/100
|-damage|p2a: Grimmsnarl|9/100|[from] Spikes
|turn|13
|
|t:|1769405716
|move|p2a: Grimmsnarl|Reflect|p2a: Grimmsnarl
|-sidestart|p2: siakam|Reflect
|move|p1a: Iron Valiant|Spirit Break|p2a: Grimmsnarl
|-supereffective|p2a: Grimmsnarl
|-damage|p2a: Grimmsnarl|0 fnt
|faint|p2a: Grimmsnarl
|
|upkeep
|
|t:|1769405732
|switch|p2a: Ceruledge|Ceruledge, M, shiny|100/100
|-damage|p2a: Ceruledge|84/100|[from] Spikes
|turn|14
|
|t:|1769405737
|move|p1a: Iron Valiant|Swords Dance|p1a: Iron Valiant
|-boost|p1a: Iron Valiant|atk|2
|move|p2a: Ceruledge|Swords Dance|p2a: Ceruledge
|-boost|p2a: Ceruledge|atk|2
|
|-sideend|p2: siakam|move: Light Screen
|upkeep
|turn|15
|inactive|yesgamerfleet has 90 seconds left.
|
|t:|1769405744
|move|p1a: Iron Valiant|Knock Off|p2a: Ceruledge
|-supereffective|p2a: Ceruledge
|-damage|p2a: Ceruledge|0 fnt
|-enditem|p2a: Ceruledge|Life Orb|[from] move: Knock Off|[of] p1a: Iron Valiant
|faint|p2a: Ceruledge
|
|upkeep
|c|☆yesgamerfleet|gg
|-message|siakam forfeited.
|
|win|yesgamerfleet
|raw|yesgamerfleet's rating: 1412 &rarr; <strong>1429</strong><br />(+17 for winning)
|raw|siakam's rating: 1363 &rarr; <strong>1346</strong><br />(-17 for losing)
|l|☆siakam
|player|p2|
|l|☆yesgamerfleet
|player|p1|
