|badge|p2|silver|gen9ru|30-8
|uhtml|medal-msg|<div class="broadcast-blue">Curious what those medals under the avatar are? PS now has Ladder Seasons! For more information, check out the <a href="https://www.smogon.com/forums/threads/3740067/">thread on Smogon.</a></div>
|j|☆Storedowl
|j|☆Ack3641Ack
|inactive|Battle timer is ON: inactive players will automatically lose when time's up.
|t:|1769406446
|gametype|singles
|player|p1|Storedowl|fantina|
|player|p2|Ack3641Ack|skierf|
|gen|9
|tier|[Gen 9] OU
|rated|Tournament battle
|rule|HP Percentage Mod: HP is shown in percentages
|rule|Endless Battle Clause: Forcing endless battles is banned
|rule|Species Clause: Limit one of each Pokémon
|rule|OHKO Clause: OHKO moves are banned
|rule|Evasion Items Clause: Evasion items are banned
|rule|Evasion Moves Clause: Evasion moves are banned
|rule|Evasion Abilities Clause: Evasion abilities are banned
|rule|Sleep Moves Clause: Sleep-inducing moves are banned
|clearpoke
|poke|p1|Zamazenta-*|
|poke|p1|Kingambit, M|
|poke|p1|Samurott-Hisui, M|
|poke|p1|Landorus-Therian, M|
|poke|p1|Iron Valiant|
|poke|p1|Iron Moth|
|poke|p2|Ogerpon-Wellspring, F|
|poke|p2|Rillaboom, F|
|poke|p2|Heatran, F|
|poke|p2|Dragonite, M|
|poke|p2|Ting-Lu|
|poke|p2|Weezing-Galar, F|
|teampreview
|j| BB-8-NU
|j|*Lady Monita ☃️
|inactive|Ack3641Ack also wants the timer to be on.
|j| Atarialex
|
|t:|1769406457
|teamsize|p1|6
|teamsize|p2|6
|start
|switch|p1a: Iron Moth|Iron Moth|100/100
|switch|p2a: Ogerpon|Ogerpon-Wellspring, F|100/100
|-enditem|p1a: Iron Moth|Booster Energy
|-activate|p1a: Iron Moth|ability: Quark Drive|[fromitem]
|-start|p1a: Iron Moth|quarkdrivespe
|turn|1
|j| sam bjiku kaiju
|j| gorillium z
|j| gokupichu
|
|t:|1769406478
|switch|p2a: Ting-Lu|Ting-Lu|100/100
|-ability|p2a: Ting-Lu|Vessel of Ruin
|move|p1a: Iron Moth|Sludge Wave|p2a: Ting-Lu
|-resisted|p2a: Ting-Lu
|-damage|p2a: Ting-Lu|91/100
|
|-heal|p2a: Ting-Lu|97/100|[from] item: Leftovers
|upkeep
|turn|2
|
|t:|1769406488
|-end|p1a: Iron Moth|Quark Drive|[silent]
|switch|p1a: Landorus|Landorus-Therian, M|100/100
|-ability|p1a: Landorus|Intimidate|boost
|-unboost|p2a: Ting-Lu|atk|1
|move|p2a: Ting-Lu|Earthquake|p1a: Landorus
|-immune|p1a: Landorus
|
|-heal|p2a: Ting-Lu|100/100|[from] item: Leftovers
|upkeep
|turn|3
|
|t:|1769406495
|switch|p2a: Weezing|Weezing-Galar, F|100/100
|move|p1a: Landorus|U-turn|p2a: Weezing
|-resisted|p2a: Weezing
|-damage|p2a: Weezing|97/100
|-damage|p1a: Landorus|84/100|[from] item: Rocky Helmet|[of] p2a: Weezing
|
|t:|1769406500
|switch|p1a: Kingambit|Kingambit, M|100/100|[from] U-turn
|
|upkeep
|turn|4
|
|t:|1769406503
|move|p2a: Weezing|Will-O-Wisp|p1a: Kingambit
|-status|p1a: Kingambit|brn
|move|p1a: Kingambit|Swords Dance|p1a: Kingambit
|-boost|p1a: Kingambit|atk|2
|
|-damage|p1a: Kingambit|94/100 brn|[from] brn
|upkeep
|turn|5
|
|t:|1769406514
|move|p2a: Weezing|Flamethrower|p1a: Kingambit
|-supereffective|p1a: Kingambit
|-damage|p1a: Kingambit|57/100 brn
|move|p1a: Kingambit|Swords Dance|p1a: Kingambit
|-boost|p1a: Kingambit|atk|2
|
|-heal|p1a: Kingambit|63/100 brn|[from] item: Leftovers
|-damage|p1a: Kingambit|57/100 brn|[from] brn
|upkeep
|turn|6
|
|t:|1769406524
|move|p2a: Weezing|Flamethrower|p1a: Kingambit
|-supereffective|p1a: Kingambit
|-damage|p1a: Kingambit|23/100 brn
|move|p1a: Kingambit|Iron Head|p2a: Weezing
|-supereffective|p2a: Weezing
|-damage|p2a: Weezing|13/100
|-damage|p1a: Kingambit|6/100 brn|[from] item: Rocky Helmet|[of] p2a: Weezing
|
|-heal|p1a: Kingambit|12/100 brn|[from] item: Leftovers
|-damage|p1a: Kingambit|6/100 brn|[from] brn
|upkeep
|turn|7
|
|t:|1769406530
|move|p1a: Kingambit|Sucker Punch||[still]
|-fail|p1a: Kingambit
|move|p2a: Weezing|Will-O-Wisp|p1a: Kingambit|[miss]
|-miss|p2a: Weezing|p1a: Kingambit
|
|-heal|p1a: Kingambit|12/100 brn|[from] item: Leftovers
|-damage|p1a: Kingambit|6/100 brn|[from] brn
|upkeep
|turn|8
|j| pogchimp970314
|
|t:|1769406537
|move|p1a: Kingambit|Sucker Punch||[still]
|-fail|p1a: Kingambit
|move|p2a: Weezing|Will-O-Wisp|p1a: Kingambit
|-fail|p1a: Kingambit|brn
|
|-heal|p1a: Kingambit|12/100 brn|[from] item: Leftovers
|-damage|p1a: Kingambit|6/100 brn|[from] brn
|upkeep
|turn|9
|
|t:|1769406539
|move|p1a: Kingambit|Sucker Punch||[still]
|-fail|p1a: Kingambit
|move|p2a: Weezing|Will-O-Wisp|p1a: Kingambit
|-fail|p1a: Kingambit|brn
|
|-heal|p1a: Kingambit|12/100 brn|[from] item: Leftovers
|-damage|p1a: Kingambit|6/100 brn|[from] brn
|upkeep
|turn|10
|j| fissuris
|
|t:|1769406541
|move|p1a: Kingambit|Sucker Punch||[still]
|-fail|p1a: Kingambit
|move|p2a: Weezing|Will-O-Wisp|p1a: Kingambit|[miss]
|-miss|p2a: Weezing|p1a: Kingambit
|
|-heal|p1a: Kingambit|12/100 brn|[from] item: Leftovers
|-damage|p1a: Kingambit|6/100 brn|[from] brn
|upkeep
|turn|11
|
|t:|1769406543
|move|p2a: Weezing|Will-O-Wisp|p1a: Kingambit
|-fail|p1a: Kingambit|brn
|move|p1a: Kingambit|Iron Head|p2a: Weezing
|-supereffective|p2a: Weezing
|-damage|p2a: Weezing|0 fnt
|-damage|p1a: Kingambit|0 fnt|[from] item: Rocky Helmet|[of] p2a: Weezing
|faint|p2a: Weezing
|faint|p1a: Kingambit
|-end|p1a: Kingambit|fallenundefined|[silent]
|
|upkeep
|
|t:|1769406552
|switch|p2a: Ogerpon|Ogerpon-Wellspring, F|100/100
|switch|p1a: Landorus|Landorus-Therian, M|84/100
|-ability|p1a: Landorus|Intimidate|boost
|-unboost|p2a: Ogerpon|atk|1
|turn|12
|
|t:|1769406559
|switch|p1a: Samurott|Samurott-Hisui, M|100/100
|move|p2a: Ogerpon|Ivy Cudgel|p1a: Samurott|[anim] Ivy Cudgel Water
|-resisted|p1a: Samurott
|-damage|p1a: Samurott|74/100
|
|upkeep
|turn|13
|
|t:|1769406569
|move|p2a: Ogerpon|Swords Dance|p2a: Ogerpon
|-boost|p2a: Ogerpon|atk|2
|move|p1a: Samurott|Swords Dance|p1a: Samurott
|-boost|p1a: Samurott|atk|2
|
|upkeep
|turn|14
|l| gorillium z
|
|t:|1769406584
|-terastallize|p1a: Samurott|Ghost
|move|p2a: Ogerpon|Horn Leech|p1a: Samurott
|-damage|p1a: Samurott|0 fnt
|faint|p1a: Samurott
|
|upkeep
|
|t:|1769406596
|switch|p1a: Zamazenta|Zamazenta|100/100
|-ability|p1a: Zamazenta|Dauntless Shield|boost
|-boost|p1a: Zamazenta|def|1
|turn|15
|
|t:|1769406603
|switch|p2a: Ting-Lu|Ting-Lu|100/100
|-ability|p2a: Ting-Lu|Vessel of Ruin
|move|p1a: Zamazenta|Iron Defense|p1a: Zamazenta
|-boost|p1a: Zamazenta|def|2
|
|upkeep
|turn|16
|
|t:|1769406607
|-terastallize|p2a: Ting-Lu|Poison
|move|p1a: Zamazenta|Substitute|p1a: Zamazenta
|-start|p1a: Zamazenta|Substitute
|-damage|p1a: Zamazenta|76/100
|move|p2a: Ting-Lu|Whirlwind|p1a: Zamazenta
|drag|p1a: Iron Valiant|Iron Valiant|100/100
|-enditem|p1a: Iron Valiant|Booster Energy
|-activate|p1a: Iron Valiant|ability: Quark Drive|[fromitem]
|-start|p1a: Iron Valiant|quarkdrivespe
|
|upkeep
|turn|17
|
|t:|1769406614
|-end|p1a: Iron Valiant|Quark Drive|[silent]
|switch|p1a: Landorus|Landorus-Therian, M|84/100
|-ability|p1a: Landorus|Intimidate|boost
|-unboost|p2a: Ting-Lu|atk|1
|move|p2a: Ting-Lu|Whirlwind|p1a: Landorus
|drag|p1a: Iron Valiant|Iron Valiant|100/100
|
|upkeep
|turn|18
|
|t:|1769406619
|-end|p1a: Iron Valiant|Quark Drive|[silent]
|switch|p1a: Landorus|Landorus-Therian, M|84/100
|-ability|p1a: Landorus|Intimidate|boost
|-unboost|p2a: Ting-Lu|atk|1
|move|p2a: Ting-Lu|Spikes|p1a: Landorus
|-sidestart|p1: Storedowl|Spikes
|
|upkeep
|turn|19
|
|t:|1769406630
|switch|p2a: Rillaboom|Rillaboom, F|100/100
|-fieldstart|move: Grassy Terrain|[from] ability: Grassy Surge|[of] p2a: Rillaboom
|move|p1a: Landorus|U-turn|p2a: Rillaboom
|-supereffective|p2a: Rillaboom
|-damage|p2a: Rillaboom|55/100
|
|t:|1769406635
|switch|p1a: Iron Moth|Iron Moth|100/100|[from] U-turn
|-damage|p1a: Iron Moth|88/100|[from] Spikes
|
|-heal|p1a: Iron Moth|94/100|[from] Grassy Terrain
|-heal|p2a: Rillaboom|62/100|[from] Grassy Terrain
|upkeep
|turn|20
|
|t:|1769406639
|switch|p2a: Heatran|Heatran, F|100/100
|move|p1a: Iron Moth|Fiery Dance|p2a: Heatran
|-start|p2a: Heatran|ability: Flash Fire
|
|-heal|p1a: Iron Moth|99/100|[from] Grassy Terrain
|upkeep
|turn|21
|
|t:|1769406646
|-end|p1a: Iron Moth|Quark Drive|[silent]
|switch|p1a: Landorus|Landorus-Therian, M|84/100
|-ability|p1a: Landorus|Intimidate|boost
|-unboost|p2a: Heatran|atk|1
|move|p2a: Heatran|Magma Storm|p1a: Landorus|[miss]
|-miss|p2a: Heatran|p1a: Landorus
|
|upkeep
|turn|22
|
|t:|1769406652
|move|p1a: Landorus|Stealth Rock|p2a: Heatran
|-sidestart|p2: Ack3641Ack|move: Stealth Rock
|move|p2a: Heatran|Magma Storm|p1a: Landorus
|-damage|p1a: Landorus|10/100
|-activate|p1a: Landorus|move: Magma Storm|[of] p2a: Heatran
|
|-damage|p1a: Landorus|0 fnt|[from] move: Magma Storm|[partiallytrapped]
|faint|p1a: Landorus
|upkeep
|
|t:|1769406657
|switch|p1a: Iron Valiant|Iron Valiant|100/100
|-damage|p1a: Iron Valiant|88/100|[from] Spikes
|turn|23
|
|t:|1769406671
|-end|p1a: Iron Valiant|Quark Drive|[silent]
|switch|p1a: Iron Moth|Iron Moth|99/100
|-damage|p1a: Iron Moth|88/100|[from] Spikes
|move|p2a: Heatran|Lava Plume|p1a: Iron Moth
|-resisted|p1a: Iron Moth
|-damage|p1a: Iron Moth|63/100
|
|-heal|p1a: Iron Moth|69/100|[from] Grassy Terrain
|-fieldend|move: Grassy Terrain
|upkeep
|turn|24
|j| Nachi TL
|
|t:|1769406677
|move|p1a: Iron Moth|Tera Blast|p2a: Heatran
|-resisted|p2a: Heatran
|-damage|p2a: Heatran|92/100
|move|p2a: Heatran|Earth Power|p1a: Iron Moth
|-supereffective|p1a: Iron Moth
|-damage|p1a: Iron Moth|0 fnt
|faint|p1a: Iron Moth
|-end|p1a: Iron Moth|Quark Drive|[silent]
|
|-heal|p2a: Heatran|98/100|[from] item: Leftovers
|upkeep
|
|t:|1769406680
|switch|p1a: Zamazenta|Zamazenta|76/100
|-damage|p1a: Zamazenta|63/100|[from] Spikes
|turn|25
|
|t:|1769406682
|move|p1a: Zamazenta|Body Press|p2a: Heatran
|-supereffective|p2a: Heatran
|-damage|p2a: Heatran|45/100
|move|p2a: Heatran|Magma Storm|p1a: Zamazenta
|-damage|p1a: Zamazenta|13/100
|-activate|p1a: Zamazenta|move: Magma Storm|[of] p2a: Heatran
|
|-heal|p1a: Zamazenta|19/100|[from] item: Leftovers
|-heal|p2a: Heatran|52/100|[from] item: Leftovers
|-damage|p1a: Zamazenta|7/100|[from] move: Magma Storm|[partiallytrapped]
|upkeep
|turn|26
|
|t:|1769406685
|move|p1a: Zamazenta|Body Press|p2a: Heatran
|-supereffective|p2a: Heatran
|-damage|p2a: Heatran|0 fnt
|faint|p2a: Heatran
|
|-heal|p1a: Zamazenta|13/100|[from] item: Leftovers
|-end|p1a: Zamazenta|Magma Storm|[partiallytrapped]|[silent]
|upkeep
|
|t:|1769406687
|switch|p2a: Rillaboom|Rillaboom, F|62/100
|-fieldstart|move: Grassy Terrain|[from] ability: Grassy Surge|[of] p2a: Rillaboom
|turn|27
|
|t:|1769406692
|move|p2a: Rillaboom|Grassy Glide|p1a: Zamazenta
|-damage|p1a: Zamazenta|0 fnt
|faint|p1a: Zamazenta
|
|-heal|p2a: Rillaboom|68/100|[from] Grassy Terrain
|upkeep
|
|t:|1769406693
|switch|p1a: Iron Valiant|Iron Valiant|88/100
|-damage|p1a: Iron Valiant|76/100|[from] Spikes
|turn|28
|
|t:|1769406698
|move|p2a: Rillaboom|Grassy Glide|p1a: Iron Valiant
|-damage|p1a: Iron Valiant|27/100
|move|p1a: Iron Valiant|Moonblast|p2a: Rillaboom
|-damage|p2a: Rillaboom|10/100
|
|-heal|p1a: Iron Valiant|33/100|[from] Grassy Terrain
|-heal|p2a: Rillaboom|16/100|[from] Grassy Terrain
|upkeep
|turn|29
|
|t:|1769406703
|move|p2a: Rillaboom|Grassy Glide|p1a: Iron Valiant
|-damage|p1a: Iron Valiant|0 fnt
|faint|p1a: Iron Valiant
|-end|p1a: Iron Valiant|Quark Drive|[silent]
|
|win|Ack3641Ack
|n|☆Storedowl|storedowl
|n|☆Ack3641Ack|ack3641ack
|n| BB-8-NU|bb8nu
|n|*Lady Monita ☃️|ladymonita
|n| Atarialex|atarialex
|n| sam bjiku kaiju|sambjikukaiju
|n| gokupichu|gokupichu
|n| pogchimp970314|pogchimp970314
|n| fissuris|fissuris
|n| Nachi TL|nachitl
|l|*Lady Monita ☃️
