|inactive|Battle timer is ON: inactive players will automatically lose when time's up.
|t:|1769371526
|gametype|singles
|player|p1|shengineer|#splxviiclassiest2|
|player|p2|myjava|#rbtt9mechas|
|gen|9
|tier|[Gen 9] OU
|rule|HP Percentage Mod: HP is shown in percentages
|rule|Endless Battle Clause: Forcing endless battles is banned
|rule|Species Clause: Limit one of each Pokémon
|rule|OHKO Clause: OHKO moves are banned
|rule|Evasion Items Clause: Evasion items are banned
|rule|Evasion Moves Clause: Evasion moves are banned
|rule|Evasion Abilities Clause: Evasion abilities are banned
|rule|Sleep Moves Clause: Sleep-inducing moves are banned
|clearpoke
|poke|p1|Slowking-Galar, F|
|poke|p1|Cinderace, F|
|poke|p1|Kyurem|
|poke|p1|Landorus-Therian, M|
|poke|p1|Kingambit, M|
|poke|p1|Ogerpon, F|
|poke|p2|Darkrai|
|poke|p2|Dragonite, F|
|poke|p2|Rillaboom, F|
|poke|p2|Hatterene, F|
|poke|p2|Iron Treads|
|poke|p2|Zamazenta-*|
|teampreview
|c|☆shengineer|glhf
|c|☆myjava|hf
|rated|Smogon Premier League
|rated|Smogon Premier League
|inactive|myjava has 270 seconds left.
|c|☆shengineer|Smogon Premier League
|inactive|myjava has 240 seconds left.
|inactive|myjava has 210 seconds left.
|inactive|myjava has 180 seconds left.
|inactive|myjava has 150 seconds left.
|inactive|myjava has 120 seconds left.
|
|t:|1769371723
|teamsize|p1|6
|teamsize|p2|6
|start
|switch|p1a: Howling Grotto|Landorus-Therian, M|100/100
|switch|p2a: Darkrai|Darkrai|100/100
|-ability|p1a: Howling Grotto|Intimidate|boost
|-unboost|p2a: Darkrai|atk|1
|turn|1
|inactive|myjava has 150 seconds left.
|inactive|shengineer has 270 seconds left.
|inactive|shengineer has 240 seconds left.
|
|t:|1769371805
|switch|p2a: Hatterene|Hatterene, F|100/100
|move|p1a: Howling Grotto|U-turn|p2a: Hatterene
|-damage|p2a: Hatterene|71/100
|inactive|shengineer has 210 seconds left.
|inactive|shengineer has 180 seconds left.
|
|t:|1769371868
|switch|p1a: Forlorn Temple|Kingambit, M|100/100|[from] U-turn
|
|upkeep
|turn|2
|inactive|myjava has 150 seconds left.
|
|t:|1769371913
|switch|p2a: Iron Treads|Iron Treads|100/100
|-enditem|p2a: Iron Treads|Booster Energy
|-activate|p2a: Iron Treads|ability: Quark Drive|[fromitem]
|-start|p2a: Iron Treads|quarkdrivespe
|move|p1a: Forlorn Temple|Low Kick|p2a: Iron Treads
|-supereffective|p2a: Iron Treads
|-damage|p2a: Iron Treads|20/100
|
|upkeep
|turn|3
|inactive|myjava has 120 seconds left.
|
|t:|1769371943
|move|p2a: Iron Treads|Stealth Rock|p1a: Forlorn Temple
|-sidestart|p1: shengineer|move: Stealth Rock
|move|p1a: Forlorn Temple|Low Kick|p2a: Iron Treads
|-supereffective|p2a: Iron Treads
|-damage|p2a: Iron Treads|0 fnt
|faint|p2a: Iron Treads
|-end|p2a: Iron Treads|Quark Drive|[silent]
|
|upkeep
|inactive|myjava has 90 seconds left.
|
|t:|1769371969
|switch|p2a: Darkrai|Darkrai|100/100
|turn|4
|
|t:|1769371986
|-end|p1a: Forlorn Temple|fallenundefined|[silent]
|switch|p1a: Quillshroom Marsh|Slowking-Galar, F|100/100
|-damage|p1a: Quillshroom Marsh|88/100|[from] Stealth Rock
|move|p2a: Darkrai|Nasty Plot|p2a: Darkrai
|-boost|p2a: Darkrai|spa|2
|
|upkeep
|turn|5
|
|t:|1769372002
|move|p2a: Darkrai|Dark Pulse|p1a: Quillshroom Marsh
|-supereffective|p1a: Quillshroom Marsh
|-enditem|p1a: Quillshroom Marsh|Colbur Berry|[eat]
|-enditem|p1a: Quillshroom Marsh|Colbur Berry|[weaken]
|-damage|p1a: Quillshroom Marsh|17/100
|-damage|p2a: Darkrai|91/100|[from] item: Life Orb
|move|p1a: Quillshroom Marsh|Thunder Wave|p2a: Darkrai
|-status|p2a: Darkrai|par
|
|upkeep
|turn|6
|inactive|shengineer has 150 seconds left.
|
|t:|1769372021
|move|p2a: Darkrai|Dark Pulse|p1a: Quillshroom Marsh
|-supereffective|p1a: Quillshroom Marsh
|-damage|p1a: Quillshroom Marsh|0 fnt
|faint|p1a: Quillshroom Marsh
|-damage|p2a: Darkrai|81/100 par|[from] item: Life Orb
|
|upkeep
|inactive|shengineer has 150 seconds left.
|
|t:|1769372040
|switch|p1a: Glacial Peak|Kyurem|100/100
|-damage|p1a: Glacial Peak|76/100|[from] Stealth Rock
|-ability|p1a: Glacial Peak|Pressure
|turn|7
|
|t:|1769372066
|switch|p2a: Hatterene|Hatterene, F|71/100
|move|p1a: Glacial Peak|Ice Beam|p2a: Hatterene
|-damage|p2a: Hatterene|24/100
|-status|p2a: Hatterene|frz
|
|upkeep
|turn|8
|
|t:|1769372077
|move|p1a: Glacial Peak|Ice Beam|p2a: Hatterene
|-damage|p2a: Hatterene|0 fnt
|faint|p2a: Hatterene
|
|upkeep
|inactive|myjava has 90 seconds left.
|
|t:|1769372095
|switch|p2a: Zamazenta|Zamazenta|100/100
|-ability|p2a: Zamazenta|Dauntless Shield|boost
|-boost|p2a: Zamazenta|def|1
|turn|9
|inactive|myjava has 90 seconds left.
|
|t:|1769372119
|move|p2a: Zamazenta|Iron Defense|p2a: Zamazenta
|-boost|p2a: Zamazenta|def|2
|move|p1a: Glacial Peak|Ice Beam|p2a: Zamazenta
|-damage|p2a: Zamazenta|37/100
|-status|p2a: Zamazenta|frz
|
|-heal|p2a: Zamazenta|43/100 frz|[from] item: Leftovers
|upkeep
|turn|10
|inactive|myjava has 90 seconds left.
|
|t:|1769372140
|cant|p2a: Zamazenta|frz
|move|p1a: Glacial Peak|Ice Beam|p2a: Zamazenta
|-damage|p2a: Zamazenta|0 fnt
|faint|p2a: Zamazenta
|
|upkeep
|c|☆shengineer|kyurem you magnificent beast
|inactive|myjava has 60 seconds left.
|
|t:|1769372170
|switch|p2a: Dragonite|Dragonite, F|100/100
|turn|11
|
|t:|1769372189
|switch|p2a: Darkrai|Darkrai|81/100 par
|move|p1a: Glacial Peak|Ice Beam|p2a: Darkrai
|-damage|p2a: Darkrai|0 fnt
|faint|p2a: Darkrai
|
|upkeep
|
|t:|1769372194
|switch|p2a: Dragonite|Dragonite, F|100/100
|turn|12
|
|t:|1769372198
|-terastallize|p2a: Dragonite|Flying
|move|p1a: Glacial Peak|Ice Beam|p2a: Dragonite
|-supereffective|p2a: Dragonite
|-damage|p2a: Dragonite|22/100
|move|p2a: Dragonite|Dragon Dance|p2a: Dragonite
|-boost|p2a: Dragonite|atk|1
|-boost|p2a: Dragonite|spe|1
|
|upkeep
|turn|13
|inactive|shengineer has 180 seconds left.
|
|t:|1769372207
|move|p2a: Dragonite|Roost|p2a: Dragonite
|-heal|p2a: Dragonite|73/100
|-hint|If a Terastallized Pokemon uses Roost, it remains Flying-type.
|move|p1a: Glacial Peak|Ice Beam|p2a: Dragonite
|-supereffective|p2a: Dragonite
|-damage|p2a: Dragonite|0 fnt
|faint|p2a: Dragonite
|
|upkeep
|
|t:|1769372210
|switch|p2a: Rillaboom|Rillaboom, F|100/100
|-fieldstart|move: Grassy Terrain|[from] ability: Grassy Surge|[of] p2a: Rillaboom
|turn|14
|
|t:|1769372214
|move|p2a: Rillaboom|Grassy Glide|p1a: Glacial Peak
|-resisted|p1a: Glacial Peak
|-damage|p1a: Glacial Peak|51/100
|-damage|p2a: Rillaboom|91/100|[from] item: Life Orb
|move|p1a: Glacial Peak|Ice Beam|p2a: Rillaboom
|-supereffective|p2a: Rillaboom
|-damage|p2a: Rillaboom|0 fnt
|faint|p2a: Rillaboom
|
|win|shengineer
|c|☆myjava|gg
|c|☆shengineer|gg
|player|p1|
