|j|☆mash13
|j|☆Schrosch
|t:|1769311055
|gametype|singles
|player|p1|mash13|pokemaniac|1128
|player|p2|Schrosch|169|1145
|gen|9
|tier|[Gen 9] OU
|rated|
|rule|HP Percentage Mod: HP is shown in percentages
|rule|Endless Battle Clause: Forcing endless battles is banned
|rule|Species Clause: Limit one of each Pokémon
|rule|OHKO Clause: OHKO moves are banned
|rule|Evasion Items Clause: Evasion items are banned
|rule|Evasion Moves Clause: Evasion moves are banned
|rule|Evasion Abilities Clause: Evasion abilities are banned
|rule|Sleep Moves Clause: Sleep-inducing moves are banned
|clearpoke
|poke|p1|Clefable, M|
|poke|p1|Corviknight, F|
|poke|p1|Glimmora, M|
|poke|p1|Great Tusk|
|poke|p1|Zapdos|
|poke|p1|Kyurem|
|poke|p2|Porygon-Z|
|poke|p2|Gardevoir, F|
|poke|p2|Probopass, M|
|poke|p2|Great Tusk|
|poke|p2|Corviknight, F|
|poke|p2|Serperior, M|
|teampreview
|inactive|Battle timer is ON: inactive players will automatically lose when time's up. (requested by mash13)
|
|t:|1769311069
|teamsize|p1|6
|teamsize|p2|6
|start
|switch|p1a: Great Tusk|Great Tusk|100/100
|switch|p2a: Serperior|Serperior, M|100/100
|turn|1
|
|t:|1769311076
|-end|p1a: Great Tusk|Protosynthesis|[silent]
|switch|p1a: Zapdos|Zapdos|100/100
|move|p2a: Serperior|Leaf Storm|p1a: Zapdos
|-resisted|p1a: Zapdos
|-damage|p1a: Zapdos|86/100
|-boost|p2a: Serperior|spa|2
|
|upkeep
|turn|2
|c|☆Schrosch|this av?
|
|t:|1769311106
|switch|p2a: Probopass|Probopass, M|100/100
|move|p1a: Zapdos|Hurricane|p2a: Probopass|[miss]
|-miss|p1a: Zapdos|p2a: Probopass
|
|upkeep
|turn|3
|
|t:|1769311115
|move|p1a: Zapdos|Volt Switch|p2a: Probopass
|-crit|p2a: Probopass
|-damage|p2a: Probopass|61/100
|
|t:|1769311120
|switch|p1a: Great Tusk|Great Tusk|100/100|[from] Volt Switch
|move|p2a: Probopass|Iron Defense|p2a: Probopass
|-boost|p2a: Probopass|def|2
|
|upkeep
|turn|4
|
|t:|1769311136
|-terastallize|p2a: Probopass|Flying
|move|p1a: Great Tusk|Earthquake|p2a: Probopass
|-immune|p2a: Probopass
|move|p2a: Probopass|Iron Defense|p2a: Probopass
|-boost|p2a: Probopass|def|2
|
|upkeep
|turn|5
|
|t:|1769311145
|move|p1a: Great Tusk|Stone Edge|p2a: Probopass
|-supereffective|p2a: Probopass
|-damage|p2a: Probopass|39/100
|-damage|p1a: Great Tusk|91/100|[from] item: Life Orb
|move|p2a: Probopass|Iron Defense|p2a: Probopass
|-boost|p2a: Probopass|def|2
|
|upkeep
|turn|6
|
|t:|1769311151
|move|p1a: Great Tusk|Stone Edge|p2a: Probopass
|-supereffective|p2a: Probopass
|-damage|p2a: Probopass|23/100
|-damage|p1a: Great Tusk|81/100|[from] item: Life Orb
|move|p2a: Probopass|Pain Split|p1a: Great Tusk
|-sethp|p1a: Great Tusk|50/100|[from] move: Pain Split|[silent]
|-sethp|p2a: Probopass|58/100|[from] move: Pain Split
|
|upkeep
|turn|7
|
|t:|1769311159
|move|p1a: Great Tusk|Stone Edge|p2a: Probopass
|-supereffective|p2a: Probopass
|-damage|p2a: Probopass|41/100
|-damage|p1a: Great Tusk|40/100|[from] item: Life Orb
|move|p2a: Probopass|Body Press|p1a: Great Tusk
|-damage|p1a: Great Tusk|0 fnt
|faint|p1a: Great Tusk
|-end|p1a: Great Tusk|Protosynthesis|[silent]
|
|upkeep
|
|t:|1769311168
|switch|p1a: Zapdos|Zapdos|86/100
|turn|8
|
|t:|1769311187
|switch|p2a: Porygon-Z|Porygon-Z|100/100
|move|p1a: Zapdos|Heat Wave|p2a: Porygon-Z
|-damage|p2a: Porygon-Z|59/100
|
|upkeep
|turn|9
|
|t:|1769311198
|-terastallize|p1a: Zapdos|Electric
|move|p2a: Porygon-Z|Ice Beam|p1a: Zapdos
|-damage|p1a: Zapdos|68/100
|move|p1a: Zapdos|Thunderbolt|p2a: Porygon-Z
|-damage|p2a: Porygon-Z|0 fnt
|faint|p2a: Porygon-Z
|
|upkeep
|inactive|Schrosch has 120 seconds left.
|
|t:|1769311224
|switch|p2a: Great Tusk|Great Tusk|100/100
|turn|10
|inactive|Schrosch has 120 seconds left.
|
|t:|1769311240
|switch|p1a: Corviknight|Corviknight, F|100/100
|move|p2a: Great Tusk|Earthquake|p1a: Corviknight
|-immune|p1a: Corviknight
|
|upkeep
|turn|11
|
|t:|1769311248
|move|p2a: Great Tusk|Knock Off|p1a: Corviknight
|-damage|p1a: Corviknight|82/100
|-enditem|p1a: Corviknight|Leftovers|[from] move: Knock Off|[of] p2a: Great Tusk
|move|p1a: Corviknight|Brave Bird|p2a: Great Tusk
|-supereffective|p2a: Great Tusk
|-damage|p2a: Great Tusk|34/100
|-damage|p1a: Corviknight|58/100|[from] Recoil
|
|-heal|p2a: Great Tusk|40/100|[from] item: Leftovers
|upkeep
|turn|12
|inactive|Schrosch has 120 seconds left.
|
|t:|1769311258
|-end|p2a: Great Tusk|Protosynthesis|[silent]
|switch|p2a: Corviknight|Corviknight, F|100/100
|-ability|p2a: Corviknight|Pressure
|move|p1a: Corviknight|Brave Bird|p2a: Corviknight
|-resisted|p2a: Corviknight
|-damage|p2a: Corviknight|85/100
|-damage|p1a: Corviknight|41/100|[from] item: Rocky Helmet|[of] p2a: Corviknight
|-damage|p1a: Corviknight|35/100|[from] Recoil
|
|upkeep
|turn|13
|
|t:|1769311270
|switch|p1a: Zapdos|Zapdos, tera:Electric|68/100
|move|p2a: Corviknight|U-turn|p1a: Zapdos
|-damage|p1a: Zapdos|49/100
|
|t:|1769311274
|switch|p2a: Great Tusk|Great Tusk|40/100|[from] U-turn
|
|-heal|p2a: Great Tusk|46/100|[from] item: Leftovers
|upkeep
|turn|14
|
|t:|1769311281
|move|p2a: Great Tusk|Earthquake|p1a: Zapdos
|-supereffective|p1a: Zapdos
|-damage|p1a: Zapdos|0 fnt
|faint|p1a: Zapdos
|
|-heal|p2a: Great Tusk|52/100|[from] item: Leftovers
|upkeep
|
|t:|1769311291
|switch|p1a: Kyurem|Kyurem|100/100
|-ability|p1a: Kyurem|Pressure
|turn|15
|
|t:|1769311307
|move|p2a: Great Tusk|Earthquake|p1a: Kyurem
|-damage|p1a: Kyurem|59/100
|move|p1a: Kyurem|Ice Beam|p2a: Great Tusk
|-supereffective|p2a: Great Tusk
|-damage|p2a: Great Tusk|0 fnt
|faint|p2a: Great Tusk
|-end|p2a: Great Tusk|Protosynthesis|[silent]
|-damage|p1a: Kyurem|49/100|[from] item: Life Orb
|
|upkeep
|
|t:|1769311326
|switch|p2a: Gardevoir|Gardevoir, F|100/100
|-ability|p2a: Gardevoir|Pressure|Trace|[from] ability: Trace|[of] p1a: Kyurem
|-ability|p2a: Gardevoir|Pressure
|turn|16
|
|t:|1769311334
|move|p1a: Kyurem|Shadow Ball|p2a: Gardevoir
|-supereffective|p2a: Gardevoir
|-damage|p2a: Gardevoir|33/100
|-damage|p1a: Kyurem|39/100|[from] item: Life Orb
|move|p2a: Gardevoir|Moonblast|p1a: Kyurem
|-supereffective|p1a: Kyurem
|-damage|p1a: Kyurem|0 fnt
|faint|p1a: Kyurem
|
|upkeep
|
|t:|1769311347
|switch|p1a: Clefable|Clefable, M|100/100
|turn|17
|
|t:|1769311360
|switch|p2a: Corviknight|Corviknight, F|85/100
|-ability|p2a: Corviknight|Pressure
|move|p1a: Clefable|Thunderbolt|p2a: Corviknight
|-supereffective|p2a: Corviknight
|-damage|p2a: Corviknight|47/100
|-status|p2a: Corviknight|par
|
|upkeep
|turn|18
|
|t:|1769311376
|move|p1a: Clefable|Thunderbolt|p2a: Corviknight
|-supereffective|p2a: Corviknight
|-damage|p2a: Corviknight|12/100 par
|move|p2a: Corviknight|Brave Bird|p1a: Clefable
|-crit|p1a: Clefable
|-damage|p1a: Clefable|33/100
|-damage|p2a: Corviknight|0 fnt|[from] Recoil
|faint|p2a: Corviknight
|
|-heal|p1a: Clefable|39/100|[from] item: Leftovers
|upkeep
|inactive|Schrosch has 120 seconds left.
|
|t:|1769311397
|switch|p2a: Serperior|Serperior, M|100/100
|turn|19
|
|t:|1769311402
|move|p2a: Serperior|Leaf Storm|p1a: Clefable
|-damage|p1a: Clefable|3/100
|-boost|p2a: Serperior|spa|2
|move|p1a: Clefable|Thunder Wave|p2a: Serperior
|-status|p2a: Serperior|par
|
|-heal|p1a: Clefable|9/100|[from] item: Leftovers
|upkeep
|turn|20
|
|t:|1769311414
|move|p2a: Serperior|Leaf Storm|p1a: Clefable
|-damage|p1a: Clefable|0 fnt
|-boost|p2a: Serperior|spa|2
|faint|p1a: Clefable
|
|upkeep
|
|t:|1769311420
|switch|p1a: Corviknight|Corviknight, F|35/100
|turn|21
|
|t:|1769311427
|cant|p2a: Serperior|par
|move|p1a: Corviknight|Brave Bird|p2a: Serperior
|-supereffective|p2a: Serperior
|-damage|p2a: Serperior|0 fnt
|faint|p2a: Serperior
|-damage|p1a: Corviknight|7/100|[from] Recoil
|
|upkeep
|
|t:|1769311435
|switch|p2a: Gardevoir|Gardevoir, F|33/100
|-ability|p2a: Gardevoir|Mirror Armor|Trace|[from] ability: Trace|[of] p1a: Corviknight
|turn|22
|
|t:|1769311459
|move|p2a: Gardevoir|Moonblast|p1a: Corviknight
|-resisted|p1a: Corviknight
|-damage|p1a: Corviknight|0 fnt
|faint|p1a: Corviknight
|
|upkeep
|-message|mash13 forfeited.
|
|win|Schrosch
|raw|mash13's rating: 1128 &rarr; <strong>1104</strong><br />(-24 for losing)
|raw|Schrosch's rating: 1145 &rarr; <strong>1169</strong><br />(+24 for winning)
|l|☆Schrosch
|player|p2|
