|badge|p1|bronze|gen9ou|100-8
|uhtml|medal-msg|<div class="broadcast-blue">Curious what those medals under the avatar are? PS now has Ladder Seasons! For more information, check out the <a href="https://www.smogon.com/forums/threads/3740067/">thread on Smogon.</a></div>
|j|☆CambridgeFoulPlay
|j|‽luketh
|t:|1769383527
|gametype|singles
|player|p1|CambridgeFoulPlay|266|1768
|player|p2|luketh|jacq|1710
|gen|9
|tier|[Gen 9] OU
|rated|
|rule|HP Percentage Mod: HP is shown in percentages
|rule|Endless Battle Clause: Forcing endless battles is banned
|rule|Species Clause: Limit one of each Pokémon
|rule|OHKO Clause: OHKO moves are banned
|rule|Evasion Items Clause: Evasion items are banned
|rule|Evasion Moves Clause: Evasion moves are banned
|rule|Evasion Abilities Clause: Evasion abilities are banned
|rule|Sleep Moves Clause: Sleep-inducing moves are banned
|clearpoke
|poke|p1|Hydrapple, M|
|poke|p1|Tyranitar, F|
|poke|p1|Moltres|
|poke|p1|Zamazenta-*|
|poke|p1|Slowking-Galar, F|
|poke|p1|Excadrill, F|
|poke|p2|Raging Bolt|
|poke|p2|Samurott-Hisui, F|
|poke|p2|Tornadus-Therian, M|
|poke|p2|Great Tusk|
|poke|p2|Iron Crown|
|poke|p2|Kingambit, M|
|teampreview
|inactive|Battle timer is ON: inactive players will automatically lose when time's up. (requested by luketh)
|c|☆CambridgeFoulPlay|hf
|inactive|CambridgeFoulPlay also wants the timer to be on.
|j| Box Scammer
|inactive|luketh has 120 seconds left.
|
|t:|1769383565
|teamsize|p1|6
|teamsize|p2|6
|start
|switch|p1a: Tyranitar|Tyranitar, F|100/100
|switch|p2a: Iron Crown|Iron Crown|100/100
|-weather|Sandstorm|[from] ability: Sand Stream|[of] p1a: Tyranitar
|turn|1
|
|t:|1769383569
|move|p2a: Iron Crown|Volt Switch|p1a: Tyranitar
|-damage|p1a: Tyranitar|84/100
|
|t:|1769383575
|-end|p2a: Iron Crown|Quark Drive|[silent]
|switch|p2a: Samurott|Samurott-Hisui, F|100/100|[from] Volt Switch
|move|p1a: Tyranitar|Knock Off|p2a: Samurott
|-resisted|p2a: Samurott
|-damage|p2a: Samurott|76/100
|-enditem|p2a: Samurott|Assault Vest|[from] move: Knock Off|[of] p1a: Tyranitar
|
|-weather|Sandstorm|[upkeep]
|-damage|p2a: Samurott|70/100|[from] Sandstorm
|upkeep
|turn|2
|
|t:|1769383586
|switch|p1a: Zamazenta|Zamazenta|100/100
|-ability|p1a: Zamazenta|Dauntless Shield|boost
|-boost|p1a: Zamazenta|def|1
|move|p2a: Samurott|Ceaseless Edge|p1a: Zamazenta
|-resisted|p1a: Zamazenta
|-damage|p1a: Zamazenta|88/100
|-sidestart|p1: CambridgeFoulPlay|Spikes
|
|-weather|Sandstorm|[upkeep]
|-damage|p1a: Zamazenta|81/100|[from] Sandstorm
|-damage|p2a: Samurott|64/100|[from] Sandstorm
|-heal|p1a: Zamazenta|88/100|[from] item: Leftovers
|upkeep
|turn|3
|
|t:|1769383604
|switch|p2a: Iron Crown|Iron Crown|100/100
|move|p1a: Zamazenta|Iron Defense|p1a: Zamazenta
|-boost|p1a: Zamazenta|def|2
|
|-weather|Sandstorm|[upkeep]
|-damage|p1a: Zamazenta|81/100|[from] Sandstorm
|-heal|p1a: Zamazenta|88/100|[from] item: Leftovers
|upkeep
|turn|4
|
|t:|1769383609
|move|p1a: Zamazenta|Body Press|p2a: Iron Crown
|-damage|p2a: Iron Crown|0 fnt
|faint|p2a: Iron Crown
|-end|p2a: Iron Crown|Quark Drive|[silent]
|
|-weather|Sandstorm|[upkeep]
|-damage|p1a: Zamazenta|81/100|[from] Sandstorm
|-heal|p1a: Zamazenta|88/100|[from] item: Leftovers
|upkeep
|
|t:|1769383616
|switch|p2a: Great Tusk|Great Tusk|100/100
|turn|5
|
|t:|1769383623
|move|p1a: Zamazenta|Body Press|p2a: Great Tusk
|-damage|p2a: Great Tusk|34/100
|-damage|p1a: Zamazenta|71/100|[from] item: Rocky Helmet|[of] p2a: Great Tusk
|move|p2a: Great Tusk|Stealth Rock|p1a: Zamazenta
|-sidestart|p1: CambridgeFoulPlay|move: Stealth Rock
|
|-weather|Sandstorm|[upkeep]
|-damage|p1a: Zamazenta|65/100|[from] Sandstorm
|-heal|p1a: Zamazenta|71/100|[from] item: Leftovers
|upkeep
|turn|6
|
|t:|1769383628
|move|p1a: Zamazenta|Body Press|p2a: Great Tusk
|-damage|p2a: Great Tusk|0 fnt
|-damage|p1a: Zamazenta|54/100|[from] item: Rocky Helmet|[of] p2a: Great Tusk
|faint|p2a: Great Tusk
|-end|p2a: Great Tusk|Protosynthesis|[silent]
|
|-weather|Sandstorm|[upkeep]
|-damage|p1a: Zamazenta|48/100|[from] Sandstorm
|-heal|p1a: Zamazenta|54/100|[from] item: Leftovers
|upkeep
|
|t:|1769383630
|switch|p2a: Tornadus|Tornadus-Therian, M|100/100
|turn|7
|
|t:|1769383632
|-terastallize|p1a: Zamazenta|Fire
|move|p1a: Zamazenta|Body Press|p2a: Tornadus
|-resisted|p2a: Tornadus
|-damage|p2a: Tornadus|50/100
|move|p2a: Tornadus|Bleakwind Storm|p1a: Zamazenta
|-damage|p1a: Zamazenta|23/100
|
|-weather|Sandstorm|[upkeep]
|-damage|p1a: Zamazenta|16/100|[from] Sandstorm
|-damage|p2a: Tornadus|44/100|[from] Sandstorm
|-heal|p1a: Zamazenta|23/100|[from] item: Leftovers
|upkeep
|turn|8
|
|t:|1769383655
|move|p1a: Zamazenta|Body Press|p2a: Tornadus
|-resisted|p2a: Tornadus
|-damage|p2a: Tornadus|0 fnt
|faint|p2a: Tornadus
|
|-weather|none
|-heal|p1a: Zamazenta|29/100|[from] item: Leftovers
|upkeep
|
|t:|1769383658
|switch|p2a: Samurott|Samurott-Hisui, F|64/100
|turn|9
|
|t:|1769383663
|-terastallize|p2a: Samurott|Ghost
|move|p1a: Zamazenta|Body Press|p2a: Samurott
|-immune|p2a: Samurott
|move|p2a: Samurott|Razor Shell|p1a: Zamazenta
|-supereffective|p1a: Zamazenta
|-damage|p1a: Zamazenta|0 fnt
|faint|p1a: Zamazenta
|
|upkeep
|
|t:|1769383666
|switch|p1a: Hydrapple|Hydrapple, M|100/100
|turn|10
|
|t:|1769383675
|move|p2a: Samurott|Knock Off|p1a: Hydrapple
|-damage|p1a: Hydrapple|71/100
|-enditem|p1a: Hydrapple|Heavy-Duty Boots|[from] move: Knock Off|[of] p2a: Samurott
|move|p1a: Hydrapple|Nasty Plot|p1a: Hydrapple
|-boost|p1a: Hydrapple|spa|2
|
|upkeep
|turn|11
|
|t:|1769383680
|move|p2a: Samurott|Ceaseless Edge|p1a: Hydrapple
|-damage|p1a: Hydrapple|40/100
|-sidestart|p1: CambridgeFoulPlay|Spikes
|move|p1a: Hydrapple|Fickle Beam|p2a: Samurott|[anim] Fickle Beam All Out
|-activate|p1a: Hydrapple|move: Fickle Beam
|-damage|p2a: Samurott|0 fnt
|faint|p2a: Samurott
|
|upkeep
|
|t:|1769383686
|switch|p2a: Raging Bolt|Raging Bolt|100/100
|-enditem|p2a: Raging Bolt|Booster Energy
|-activate|p2a: Raging Bolt|ability: Protosynthesis|[fromitem]
|-start|p2a: Raging Bolt|protosynthesisspa
|turn|12
|
|t:|1769383689
|move|p2a: Raging Bolt|Dragon Pulse|p1a: Hydrapple
|-supereffective|p1a: Hydrapple
|-damage|p1a: Hydrapple|0 fnt
|faint|p1a: Hydrapple
|
|upkeep
|
|t:|1769383692
|switch|p1a: Excadrill|Excadrill, F|100/100
|-damage|p1a: Excadrill|97/100|[from] Stealth Rock
|-item|p1a: Excadrill|Air Balloon
|turn|13
|
|t:|1769383700
|move|p1a: Excadrill|Earthquake|p2a: Raging Bolt
|-supereffective|p2a: Raging Bolt
|-damage|p2a: Raging Bolt|0 fnt
|faint|p2a: Raging Bolt
|-end|p2a: Raging Bolt|Protosynthesis|[silent]
|
|upkeep
|
|t:|1769383702
|switch|p2a: Kingambit|Kingambit, M|100/100
|-activate|p2a: Kingambit|ability: Supreme Overlord
|-start|p2a: Kingambit|fallen5|[silent]
|turn|14
|
|t:|1769383715
|move|p1a: Excadrill|Earthquake|p2a: Kingambit
|-supereffective|p2a: Kingambit
|-damage|p2a: Kingambit|27/100
|move|p2a: Kingambit|Swords Dance|p2a: Kingambit
|-boost|p2a: Kingambit|atk|2
|
|upkeep
|turn|15
|
|t:|1769383720
|move|p2a: Kingambit|Sucker Punch|p1a: Excadrill
|-damage|p1a: Excadrill|0 fnt
|-enditem|p1a: Excadrill|Air Balloon
|faint|p1a: Excadrill
|
|upkeep
|
|t:|1769383723
|switch|p1a: Moltres|Moltres|100/100
|turn|16
|
|t:|1769383729
|move|p2a: Kingambit|Sucker Punch|p1a: Moltres
|-damage|p1a: Moltres|0 fnt
|faint|p1a: Moltres
|
|upkeep
|
|t:|1769383732
|switch|p1a: Tyranitar|Tyranitar, F|84/100
|-damage|p1a: Tyranitar|68/100|[from] Spikes
|-damage|p1a: Tyranitar|55/100|[from] Stealth Rock
|-weather|Sandstorm|[from] ability: Sand Stream|[of] p1a: Tyranitar
|turn|17
|j| LarpinLysander
|
|t:|1769383734
|move|p1a: Tyranitar|Thunder Wave|p2a: Kingambit
|-status|p2a: Kingambit|par
|move|p2a: Kingambit|Iron Head|p1a: Tyranitar
|-supereffective|p1a: Tyranitar
|-damage|p1a: Tyranitar|0 fnt
|faint|p1a: Tyranitar
|
|-weather|Sandstorm|[upkeep]
|upkeep
|
|t:|1769383736
|switch|p1a: Slowking|Slowking-Galar, F|100/100
|-damage|p1a: Slowking|84/100|[from] Spikes
|-damage|p1a: Slowking|71/100|[from] Stealth Rock
|turn|18
|
|t:|1769383739
|cant|p2a: Kingambit|par
|move|p1a: Slowking|Flamethrower|p2a: Kingambit
|-supereffective|p2a: Kingambit
|-damage|p2a: Kingambit|0 fnt
|faint|p2a: Kingambit
|-end|p2a: Kingambit|fallen5|[silent]
|
|win|CambridgeFoulPlay
|raw|CambridgeFoulPlay's rating: 1768 &rarr; <strong>1785</strong><br />(+17 for winning)
|raw|luketh's rating: 1710 &rarr; <strong>1693</strong><br />(-17 for losing)
|c|☆CambridgeFoulPlay|gg
