|j|☆aebrs
|j|☆ramoncombats95
|t:|1769360967
|gametype|singles
|player|p1|aebrs|wallace|1168
|player|p2|ramoncombats95|benga|1173
|gen|9
|tier|[Gen 9] OU
|rated|
|rule|HP Percentage Mod: HP is shown in percentages
|rule|Endless Battle Clause: Forcing endless battles is banned
|rule|Species Clause: Limit one of each Pokémon
|rule|OHKO Clause: OHKO moves are banned
|rule|Evasion Items Clause: Evasion items are banned
|rule|Evasion Moves Clause: Evasion moves are banned
|rule|Evasion Abilities Clause: Evasion abilities are banned
|rule|Sleep Moves Clause: Sleep-inducing moves are banned
|clearpoke
|poke|p1|Rampardos, F|
|poke|p1|Iron Moth|
|poke|p1|Araquanid, M|
|poke|p1|Gholdengo|
|poke|p1|Ting-Lu|
|poke|p1|Clefable, F|
|poke|p2|Milotic, M|
|poke|p2|Lokix, M|
|poke|p2|Gliscor, F|
|poke|p2|Corviknight, F|
|poke|p2|Eelektross, F|
|poke|p2|Mienshao, M|
|teampreview
|inactive|Battle timer is ON: inactive players will automatically lose when time's up. (requested by aebrs)
|
|t:|1769360975
|teamsize|p1|6
|teamsize|p2|6
|start
|switch|p1a: Araquanid|Araquanid, M|100/100
|switch|p2a: Milotic|Milotic, M, shiny|100/100
|turn|1
|
|t:|1769360980
|switch|p2a: Eelektross|Eelektross, F, shiny|100/100
|move|p1a: Araquanid|Sticky Web|p2a: Eelektross
|-sidestart|p2: ramoncombats95|move: Sticky Web
|
|upkeep
|turn|2
|
|t:|1769360985
|switch|p1a: Ting-Lu|Ting-Lu|100/100
|-ability|p1a: Ting-Lu|Vessel of Ruin
|move|p2a: Eelektross|Grass Knot|p1a: Ting-Lu
|-supereffective|p1a: Ting-Lu
|-damage|p1a: Ting-Lu|26/100
|
|-heal|p1a: Ting-Lu|32/100|[from] item: Leftovers
|upkeep
|turn|3
|
|t:|1769361001
|switch|p1a: Clefable|Clefable, F|100/100
|move|p2a: Eelektross|Grass Knot|p1a: Clefable
|-damage|p1a: Clefable|74/100
|
|-heal|p1a: Clefable|80/100|[from] item: Leftovers
|upkeep
|turn|4
|
|t:|1769361008
|move|p1a: Clefable|Cosmic Power|p1a: Clefable
|-boost|p1a: Clefable|def|1
|-boost|p1a: Clefable|spd|1
|move|p2a: Eelektross|Grass Knot|p1a: Clefable
|-damage|p1a: Clefable|61/100
|
|-heal|p1a: Clefable|67/100|[from] item: Leftovers
|upkeep
|turn|5
|
|t:|1769361018
|switch|p2a: Milotic|Milotic, M, shiny|100/100
|-activate|p2a: Milotic|move: Sticky Web
|-unboost|p2a: Milotic|spe|1
|-ability|p2a: Milotic|Competitive|boost
|-boost|p2a: Milotic|spa|2
|move|p1a: Clefable|Cosmic Power|p1a: Clefable
|-boost|p1a: Clefable|def|1
|-boost|p1a: Clefable|spd|1
|
|-heal|p1a: Clefable|73/100|[from] item: Leftovers
|upkeep
|turn|6
|
|t:|1769361045
|move|p1a: Clefable|Cosmic Power|p1a: Clefable
|-boost|p1a: Clefable|def|1
|-boost|p1a: Clefable|spd|1
|move|p2a: Milotic|Scald|p1a: Clefable
|-damage|p1a: Clefable|48/100
|-status|p1a: Clefable|brn
|
|-heal|p1a: Clefable|54/100 brn|[from] item: Leftovers
|upkeep
|turn|7
|
|t:|1769361054
|move|p1a: Clefable|Moonlight|p1a: Clefable
|-heal|p1a: Clefable|100/100 brn
|move|p2a: Milotic|Haze|p2a: Milotic
|-clearallboost
|
|upkeep
|turn|8
|inactive|ramoncombats95 has 120 seconds left.
|inactive|ramoncombats95 has 90 seconds left.
|
|t:|1769361137
|move|p2a: Milotic|Scald|p1a: Clefable
|-damage|p1a: Clefable|65/100 brn
|move|p1a: Clefable|Moonblast|p2a: Milotic
|-damage|p2a: Milotic|73/100
|
|-heal|p2a: Milotic|80/100|[from] item: Leftovers
|-heal|p1a: Clefable|72/100 brn|[from] item: Leftovers
|upkeep
|turn|9
|
|t:|1769361148
|switch|p1a: Araquanid|Araquanid, M|100/100
|move|p2a: Milotic|Scald|p1a: Araquanid
|-resisted|p1a: Araquanid
|-crit|p1a: Araquanid
|-damage|p1a: Araquanid|80/100
|
|-heal|p2a: Milotic|86/100|[from] item: Leftovers
|upkeep
|turn|10
|
|t:|1769361167
|switch|p2a: Corviknight|Corviknight, F, shiny|100/100
|-ability|p2a: Corviknight|Pressure
|move|p1a: Araquanid|Leech Life|p2a: Corviknight
|-resisted|p2a: Corviknight
|-damage|p2a: Corviknight|96/100
|-heal|p1a: Araquanid|83/100|[from] drain|[of] p2a: Corviknight
|-damage|p1a: Araquanid|66/100|[from] item: Rocky Helmet|[of] p2a: Corviknight
|
|upkeep
|turn|11
|
|t:|1769361180
|switch|p1a: Iron Moth|Iron Moth|100/100
|-enditem|p1a: Iron Moth|Booster Energy
|-activate|p1a: Iron Moth|ability: Quark Drive|[fromitem]
|-start|p1a: Iron Moth|quarkdrivespa
|move|p2a: Corviknight|Defog|p1a: Iron Moth
|-unboost|p1a: Iron Moth|evasion|1
|-sideend|p2: ramoncombats95|Sticky Web|[from] move: Defog|[of] p2a: Corviknight
|
|upkeep
|turn|12
|
|t:|1769361194
|switch|p2a: Milotic|Milotic, M, shiny|86/100
|move|p1a: Iron Moth|Agility|p1a: Iron Moth
|-boost|p1a: Iron Moth|spe|2
|
|-heal|p2a: Milotic|92/100|[from] item: Leftovers
|upkeep
|turn|13
|
|t:|1769361203
|move|p1a: Iron Moth|Sludge Wave|p2a: Milotic
|-damage|p2a: Milotic|43/100
|move|p2a: Milotic|Scald|p1a: Iron Moth
|-supereffective|p1a: Iron Moth
|-damage|p1a: Iron Moth|30/100
|
|-heal|p2a: Milotic|49/100|[from] item: Leftovers
|upkeep
|turn|14
|
|t:|1769361212
|move|p1a: Iron Moth|Sludge Wave|p2a: Milotic
|-damage|p2a: Milotic|5/100
|move|p2a: Milotic|Ice Beam|p1a: Iron Moth
|-resisted|p1a: Iron Moth
|-damage|p1a: Iron Moth|16/100
|
|-heal|p2a: Milotic|11/100|[from] item: Leftovers
|upkeep
|turn|15
|
|t:|1769361226
|-terastallize|p1a: Iron Moth|Fire
|move|p1a: Iron Moth|Fiery Dance|p2a: Milotic
|-resisted|p2a: Milotic
|-damage|p2a: Milotic|0 fnt
|-boost|p1a: Iron Moth|spa|1
|faint|p2a: Milotic
|
|upkeep
|
|t:|1769361228
|switch|p2a: Lokix|Lokix, M, shiny|100/100
|turn|16
|
|t:|1769361258
|-end|p1a: Iron Moth|Quark Drive|[silent]
|switch|p1a: Clefable|Clefable, F|72/100 brn
|move|p2a: Lokix|First Impression|p1a: Clefable
|-resisted|p1a: Clefable
|-damage|p1a: Clefable|10/100 brn
|-damage|p2a: Lokix|91/100|[from] item: Life Orb
|
|-heal|p1a: Clefable|16/100 brn|[from] item: Leftovers
|upkeep
|turn|17
|
|t:|1769361269
|switch|p1a: Araquanid|Araquanid, M|66/100
|move|p2a: Lokix|Knock Off|p1a: Araquanid
|-damage|p1a: Araquanid|4/100
|-enditem|p1a: Araquanid|Covert Cloak|[from] move: Knock Off|[of] p2a: Lokix
|-damage|p2a: Lokix|81/100|[from] item: Life Orb
|
|upkeep
|turn|18
|inactive|ramoncombats95 has 120 seconds left.
|
|t:|1769361284
|move|p2a: Lokix|Knock Off|p1a: Araquanid
|-damage|p1a: Araquanid|0 fnt
|faint|p1a: Araquanid
|-damage|p2a: Lokix|71/100|[from] item: Life Orb
|
|upkeep
|
|t:|1769361292
|switch|p1a: Iron Moth|Iron Moth, tera:Fire|16/100
|turn|19
|
|t:|1769361295
|move|p2a: Lokix|Sucker Punch|p1a: Iron Moth
|-damage|p1a: Iron Moth|0 fnt
|faint|p1a: Iron Moth
|-end|p1a: Iron Moth|Quark Drive|[silent]
|-damage|p2a: Lokix|61/100|[from] item: Life Orb
|
|upkeep
|
|t:|1769361302
|switch|p1a: Rampardos|Rampardos, F|100/100
|-ability|p1a: Rampardos|Mold Breaker
|turn|20
|
|t:|1769361311
|switch|p2a: Corviknight|Corviknight, F, shiny|96/100
|-ability|p2a: Corviknight|Pressure
|move|p1a: Rampardos|Head Smash|p2a: Corviknight
|-damage|p2a: Corviknight|38/100
|-damage|p1a: Rampardos|84/100|[from] item: Rocky Helmet|[of] p2a: Corviknight
|-damage|p1a: Rampardos|49/100|[from] Recoil
|
|upkeep
|turn|21
|
|t:|1769361320
|move|p1a: Rampardos|Head Smash|p2a: Corviknight|[miss]
|-miss|p1a: Rampardos|p2a: Corviknight
|move|p2a: Corviknight|Roost|p2a: Corviknight
|-heal|p2a: Corviknight|88/100
|-singleturn|p2a: Corviknight|move: Roost
|
|upkeep
|turn|22
|
|t:|1769361328
|switch|p1a: Gholdengo|Gholdengo|100/100
|move|p2a: Corviknight|Iron Head|p1a: Gholdengo
|-resisted|p1a: Gholdengo
|-damage|p1a: Gholdengo|86/100
|
|upkeep
|turn|23
|
|t:|1769361337
|switch|p2a: Gliscor|Gliscor, F, shiny|100/100
|move|p1a: Gholdengo|Shadow Ball|p2a: Gliscor
|-damage|p2a: Gliscor|35/100
|
|-status|p2a: Gliscor|tox|[from] item: Toxic Orb
|upkeep
|turn|24
|
|t:|1769361344
|move|p1a: Gholdengo|Shadow Ball|p2a: Gliscor
|-damage|p2a: Gliscor|0 fnt
|faint|p2a: Gliscor
|
|upkeep
|
|t:|1769361347
|switch|p2a: Lokix|Lokix, M, shiny|61/100
|turn|25
|
|t:|1769361354
|switch|p1a: Ting-Lu|Ting-Lu|32/100
|-ability|p1a: Ting-Lu|Vessel of Ruin
|move|p2a: Lokix|Knock Off|p1a: Ting-Lu
|-resisted|p1a: Ting-Lu
|-damage|p1a: Ting-Lu|10/100
|-enditem|p1a: Ting-Lu|Leftovers|[from] move: Knock Off|[of] p2a: Lokix
|-damage|p2a: Lokix|51/100|[from] item: Life Orb
|
|upkeep
|turn|26
|
|t:|1769361366
|move|p2a: Lokix|Knock Off|p1a: Ting-Lu
|-resisted|p1a: Ting-Lu
|-damage|p1a: Ting-Lu|0 fnt
|faint|p1a: Ting-Lu
|-damage|p2a: Lokix|41/100|[from] item: Life Orb
|
|upkeep
|
|t:|1769361373
|switch|p1a: Rampardos|Rampardos, F|49/100
|-ability|p1a: Rampardos|Mold Breaker
|turn|27
|
|t:|1769361397
|move|p1a: Rampardos|Brick Break|p2a: Lokix
|-damage|p2a: Lokix|0 fnt
|faint|p2a: Lokix
|
|upkeep
|
|t:|1769361402
|switch|p2a: Mienshao|Mienshao, M, shiny|100/100
|turn|28
|
|t:|1769361409
|switch|p1a: Gholdengo|Gholdengo|86/100
|-terastallize|p2a: Mienshao|Dark
|move|p2a: Mienshao|Knock Off|p1a: Gholdengo
|-supereffective|p1a: Gholdengo
|-damage|p1a: Gholdengo|0 fnt
|-enditem|p1a: Gholdengo|Choice Specs|[from] move: Knock Off|[of] p2a: Mienshao
|faint|p1a: Gholdengo
|
|upkeep
|
|t:|1769361420
|switch|p1a: Rampardos|Rampardos, F|49/100
|-ability|p1a: Rampardos|Mold Breaker
|turn|29
|
|t:|1769361426
|switch|p2a: Corviknight|Corviknight, F, shiny|88/100
|-ability|p2a: Corviknight|Pressure
|move|p1a: Rampardos|Brick Break|p2a: Corviknight
|-damage|p2a: Corviknight|70/100
|-damage|p1a: Rampardos|33/100|[from] item: Rocky Helmet|[of] p2a: Corviknight
|
|upkeep
|turn|30
|
|t:|1769361434
|switch|p1a: Clefable|Clefable, F|16/100 brn
|move|p2a: Corviknight|Iron Head|p1a: Clefable
|-supereffective|p1a: Clefable
|-damage|p1a: Clefable|0 fnt
|faint|p1a: Clefable
|
|upkeep
|-message|aebrs forfeited.
|
|win|ramoncombats95
|raw|aebrs's rating: 1168 &rarr; <strong>1143</strong><br />(-25 for losing)
|raw|ramoncombats95's rating: 1173 &rarr; <strong>1198</strong><br />(+25 for winning)
|l|☆aebrs
|player|p1|
|l|☆ramoncombats95
|player|p2|
