|j|☆kazcrafte
|j|☆kiko5bolas
|t:|1769423754
|gametype|singles
|player|p1|kazcrafte|cyrus|1166
|player|p2|kiko5bolas|ingo|1111
|gen|9
|tier|[Gen 9] OU
|rated|
|rule|HP Percentage Mod: HP is shown in percentages
|rule|Endless Battle Clause: Forcing endless battles is banned
|rule|Species Clause: Limit one of each Pokémon
|rule|OHKO Clause: OHKO moves are banned
|rule|Evasion Items Clause: Evasion items are banned
|rule|Evasion Moves Clause: Evasion moves are banned
|rule|Evasion Abilities Clause: Evasion abilities are banned
|rule|Sleep Moves Clause: Sleep-inducing moves are banned
|clearpoke
|poke|p1|Pecharunt|
|poke|p1|Mabosstiff, M|
|poke|p1|Volcanion|
|poke|p1|Iron Valiant|
|poke|p1|Landorus-Therian, M|
|poke|p1|Deoxys-Speed|
|poke|p2|Slowking-Galar, F|
|poke|p2|Ting-Lu|
|poke|p2|Corviknight, M|
|poke|p2|Rotom-Wash|
|poke|p2|Cinderace, M|
|poke|p2|Iron Valiant|
|teampreview
|inactive|Battle timer is ON: inactive players will automatically lose when time's up. (requested by kazcrafte)
|
|t:|1769423763
|teamsize|p1|6
|teamsize|p2|6
|start
|switch|p1a: Deoxys|Deoxys-Speed|100/100
|switch|p2a: Ting-Lu|Ting-Lu|100/100
|-ability|p1a: Deoxys|Pressure
|-ability|p2a: Ting-Lu|Vessel of Ruin
|turn|1
|
|t:|1769423774
|move|p1a: Deoxys|Spikes|p2a: Ting-Lu
|-sidestart|p2: kiko5bolas|Spikes
|move|p2a: Ting-Lu|Stealth Rock|p1a: Deoxys
|-sidestart|p1: kazcrafte|move: Stealth Rock
|
|upkeep
|turn|2
|
|t:|1769423782
|move|p1a: Deoxys|Superpower|p2a: Ting-Lu
|-supereffective|p2a: Ting-Lu
|-damage|p2a: Ting-Lu|63/100
|-unboost|p1a: Deoxys|atk|1
|-unboost|p1a: Deoxys|def|1
|-enditem|p1a: Deoxys|Eject Pack
|
|t:|1769423786
|switch|p1a: Landorus|Landorus-Therian, M|100/100
|-damage|p1a: Landorus|88/100|[from] Stealth Rock
|-ability|p1a: Landorus|Intimidate|boost
|-unboost|p2a: Ting-Lu|atk|1
|move|p2a: Ting-Lu|Ruination|p1a: Landorus
|-damage|p1a: Landorus|44/100
|
|-heal|p2a: Ting-Lu|69/100|[from] item: Leftovers
|upkeep
|turn|3
|
|t:|1769423804
|switch|p2a: Corviknight|Corviknight, M|100/100
|-ability|p2a: Corviknight|Pressure
|move|p1a: Landorus|Stealth Rock|p2a: Corviknight
|-sidestart|p2: kiko5bolas|move: Stealth Rock
|
|upkeep
|turn|4
|
|t:|1769423810
|move|p1a: Landorus|Taunt|p2a: Corviknight
|-start|p2a: Corviknight|move: Taunt
|cant|p2a: Corviknight|move: Taunt|Defog
|
|upkeep
|turn|5
|
|t:|1769423816
|move|p1a: Landorus|U-turn|p2a: Corviknight
|-resisted|p2a: Corviknight
|-damage|p2a: Corviknight|97/100
|-damage|p1a: Landorus|28/100|[from] item: Rocky Helmet|[of] p2a: Corviknight
|
|t:|1769423822
|switch|p1a: Volcanion|Volcanion|100/100|[from] U-turn
|-damage|p1a: Volcanion|76/100|[from] Stealth Rock
|move|p2a: Corviknight|U-turn|p1a: Volcanion
|-resisted|p1a: Volcanion
|-damage|p1a: Volcanion|70/100
|
|t:|1769423837
|switch|p2a: Rotom|Rotom-Wash|100/100|[from] U-turn
|-damage|p2a: Rotom|88/100|[from] Stealth Rock
|
|-heal|p1a: Volcanion|76/100|[from] item: Leftovers
|upkeep
|turn|6
|
|t:|1769423848
|switch|p1a: Landorus|Landorus-Therian, M|28/100
|-damage|p1a: Landorus|15/100|[from] Stealth Rock
|-ability|p1a: Landorus|Intimidate|boost
|-unboost|p2a: Rotom|atk|1
|move|p2a: Rotom|Volt Switch|p1a: Landorus
|-immune|p1a: Landorus
|
|upkeep
|turn|7
|
|t:|1769423857
|switch|p2a: Corviknight|Corviknight, M|97/100
|-damage|p2a: Corviknight|85/100|[from] Stealth Rock
|-ability|p2a: Corviknight|Pressure
|move|p1a: Landorus|U-turn|p2a: Corviknight
|-resisted|p2a: Corviknight
|-damage|p2a: Corviknight|81/100
|-damage|p1a: Landorus|0 fnt|[from] item: Rocky Helmet|[of] p2a: Corviknight
|faint|p1a: Landorus
|
|upkeep
|
|t:|1769423863
|switch|p1a: Volcanion|Volcanion|76/100
|-damage|p1a: Volcanion|51/100|[from] Stealth Rock
|turn|8
|
|t:|1769423875
|switch|p2a: Slowking|Slowking-Galar, F|100/100
|move|p1a: Volcanion|Flamethrower|p2a: Slowking
|-damage|p2a: Slowking|73/100
|-status|p2a: Slowking|brn
|
|-heal|p1a: Volcanion|58/100|[from] item: Leftovers
|-damage|p2a: Slowking|67/100 brn|[from] brn
|upkeep
|turn|9
|
|t:|1769423883
|move|p1a: Volcanion|Taunt|p2a: Slowking
|-start|p2a: Slowking|move: Taunt
|cant|p2a: Slowking|move: Taunt|Thunder Wave
|
|-heal|p1a: Volcanion|64/100|[from] item: Leftovers
|-damage|p2a: Slowking|61/100 brn|[from] brn
|upkeep
|turn|10
|
|t:|1769423891
|move|p1a: Volcanion|Steam Eruption|p2a: Slowking
|-damage|p2a: Slowking|27/100 brn
|move|p2a: Slowking|Sludge Bomb|p1a: Volcanion
|-damage|p1a: Volcanion|27/100
|-status|p1a: Volcanion|psn
|
|-heal|p1a: Volcanion|33/100 psn|[from] item: Leftovers
|-damage|p1a: Volcanion|21/100 psn|[from] psn
|-damage|p2a: Slowking|21/100 brn|[from] brn
|upkeep
|turn|11
|
|t:|1769423905
|move|p1a: Volcanion|Steam Eruption|p2a: Slowking
|-damage|p2a: Slowking|0 fnt
|faint|p2a: Slowking
|
|-heal|p1a: Volcanion|27/100 psn|[from] item: Leftovers
|-damage|p1a: Volcanion|15/100 psn|[from] psn
|upkeep
|
|t:|1769423910
|switch|p2a: Corviknight|Corviknight, M|81/100
|-damage|p2a: Corviknight|69/100|[from] Stealth Rock
|-ability|p2a: Corviknight|Pressure
|turn|12
|
|t:|1769423918
|-terastallize|p2a: Corviknight|Water
|move|p1a: Volcanion|Flamethrower|p2a: Corviknight
|-resisted|p2a: Corviknight
|-damage|p2a: Corviknight|48/100
|-status|p2a: Corviknight|brn
|move|p2a: Corviknight|Roost|p2a: Corviknight
|-heal|p2a: Corviknight|98/100 brn
|
|-heal|p1a: Volcanion|21/100 psn|[from] item: Leftovers
|-damage|p1a: Volcanion|8/100 psn|[from] psn
|-damage|p2a: Corviknight|92/100 brn|[from] brn
|upkeep
|turn|13
|
|t:|1769423933
|move|p1a: Volcanion|Taunt|p2a: Corviknight
|-start|p2a: Corviknight|move: Taunt
|move|p2a: Corviknight|Body Press|p1a: Volcanion
|-damage|p1a: Volcanion|0 fnt
|faint|p1a: Volcanion
|
|-damage|p2a: Corviknight|86/100 brn|[from] brn
|upkeep
|
|t:|1769423939
|switch|p1a: Mabosstiff|Mabosstiff, M|100/100
|-damage|p1a: Mabosstiff|88/100|[from] Stealth Rock
|-ability|p1a: Mabosstiff|Intimidate|boost
|-unboost|p2a: Corviknight|atk|1
|turn|14
|
|t:|1769423955
|-terastallize|p1a: Mabosstiff|Bug
|move|p1a: Mabosstiff|Jaw Lock|p2a: Corviknight
|-damage|p2a: Corviknight|60/100 brn
|-activate|p1a: Mabosstiff|trapped
|-activate|p2a: Corviknight|trapped
|-damage|p1a: Mabosstiff|72/100|[from] item: Rocky Helmet|[of] p2a: Corviknight
|move|p2a: Corviknight|U-turn|p1a: Mabosstiff
|-damage|p1a: Mabosstiff|67/100
|-enditem|p1a: Mabosstiff|Kee Berry|[eat]
|-boost|p1a: Mabosstiff|def|1|[from] item: Kee Berry
|
|t:|1769423971
|switch|p2a: Cinderace|Cinderace, M|100/100|[from] U-turn
|
|upkeep
|turn|15
|
|t:|1769423979
|move|p2a: Cinderace|Pyro Ball|p1a: Mabosstiff
|-supereffective|p1a: Mabosstiff
|-damage|p1a: Mabosstiff|1/100
|move|p1a: Mabosstiff|Jaw Lock|p2a: Cinderace
|-damage|p2a: Cinderace|51/100
|-activate|p1a: Mabosstiff|trapped
|-activate|p2a: Cinderace|trapped
|
|upkeep
|turn|16
|
|t:|1769423985
|move|p2a: Cinderace|U-turn|p1a: Mabosstiff
|-damage|p1a: Mabosstiff|0 fnt
|faint|p1a: Mabosstiff
|
|t:|1769423990
|switch|p2a: Corviknight|Corviknight, M, tera:Water|60/100 brn|[from] U-turn
|-damage|p2a: Corviknight|48/100 brn|[from] Spikes
|-damage|p2a: Corviknight|36/100 brn|[from] Stealth Rock
|-ability|p2a: Corviknight|Pressure
|
|-damage|p2a: Corviknight|30/100 brn|[from] brn
|upkeep
|
|t:|1769423999
|switch|p1a: Deoxys|Deoxys-Speed|100/100
|-damage|p1a: Deoxys|88/100|[from] Stealth Rock
|-ability|p1a: Deoxys|Pressure
|turn|17
|
|t:|1769424011
|move|p1a: Deoxys|Psycho Boost|p2a: Corviknight|[miss]
|-miss|p1a: Deoxys|p2a: Corviknight
|move|p2a: Corviknight|Roost|p2a: Corviknight
|-heal|p2a: Corviknight|80/100 brn
|
|-damage|p2a: Corviknight|74/100 brn|[from] brn
|upkeep
|turn|18
|l|☆kazcrafte
|inactive|kazcrafte disconnected and has a minute to reconnect!
|player|p1|
|
|t:|1769424021
|move|p1a: Deoxys|Psycho Boost|p2a: Corviknight|[miss]
|-miss|p1a: Deoxys|p2a: Corviknight
|move|p2a: Corviknight|Defog|p1a: Deoxys
|-unboost|p1a: Deoxys|evasion|1
|-sideend|p1: kazcrafte|Stealth Rock|[from] move: Defog|[of] p2a: Corviknight
|-sideend|p2: kiko5bolas|Spikes|[from] move: Defog|[of] p2a: Corviknight
|-sideend|p2: kiko5bolas|Stealth Rock|[from] move: Defog|[of] p2a: Corviknight
|
|-damage|p2a: Corviknight|68/100 brn|[from] brn
|upkeep
|turn|19
|inactive|kazcrafte has 30 seconds to reconnect!
|inactive|kazcrafte has 20 seconds to reconnect!
|inactive|kazcrafte has 15 seconds to reconnect!
|inactive|kazcrafte has 10 seconds to reconnect!
|inactive|kazcrafte has 5 seconds to reconnect!
|-message|kazcrafte lost due to inactivity.
|
|win|kiko5bolas
|raw|kazcrafte's rating: 1166 &rarr; <strong>1137</strong><br />(-29 for losing)
|raw|kiko5bolas's rating: 1111 &rarr; <strong>1140</strong><br />(+29 for winning)
