|j|☆Brabberson
|j|☆Eljavi_816
|t:|1769440076
|gametype|singles
|player|p1|Brabberson|youngster-gen4dp|1089
|player|p2|Eljavi_816|102|1094
|gen|9
|tier|[Gen 9] OU
|rated|
|rule|HP Percentage Mod: HP is shown in percentages
|rule|Endless Battle Clause: Forcing endless battles is banned
|rule|Species Clause: Limit one of each Pokémon
|rule|OHKO Clause: OHKO moves are banned
|rule|Evasion Items Clause: Evasion items are banned
|rule|Evasion Moves Clause: Evasion moves are banned
|rule|Evasion Abilities Clause: Evasion abilities are banned
|rule|Sleep Moves Clause: Sleep-inducing moves are banned
|clearpoke
|poke|p1|Landorus-Therian, M|
|poke|p1|Tyranitar, M|
|poke|p1|Gholdengo|
|poke|p1|Hippowdon, F|
|poke|p1|Clefable, F|
|poke|p1|Kingambit, M|
|poke|p2|Great Tusk|
|poke|p2|Clefable, F|
|poke|p2|Samurott-Hisui, M|
|poke|p2|Rotom-Frost|
|poke|p2|Zoroark-Hisui, F|
|poke|p2|Iron Moth|
|teampreview
|inactive|Battle timer is ON: inactive players will automatically lose when time's up. (requested by Brabberson)
|l|☆Eljavi_816
|inactive|Eljavi_816 disconnected and has a minute to reconnect!
|player|p2|
|j|☆Eljavi_816
|inactive|Eljavi_816 reconnected and has 140 seconds left.
|player|p2|Eljavi_816|102|
|
|t:|1769440102
|teamsize|p1|6
|teamsize|p2|6
|start
|switch|p1a: Hippowdon|Hippowdon, F|100/100
|switch|p2a: SaucySantanna|Clefable, F|100/100
|-weather|Sandstorm|[from] ability: Sand Stream|[of] p1a: Hippowdon
|turn|1
|
|t:|1769440112
|move|p2a: SaucySantanna|Cosmic Power|p2a: SaucySantanna
|-boost|p2a: SaucySantanna|def|1
|-boost|p2a: SaucySantanna|spd|1
|move|p1a: Hippowdon|Stealth Rock|p2a: SaucySantanna
|-sidestart|p2: Eljavi_816|move: Stealth Rock
|
|-weather|Sandstorm|[upkeep]
|-damage|p2a: SaucySantanna|94/100|[from] Sandstorm
|-heal|p2a: SaucySantanna|100/100|[from] item: Leftovers
|upkeep
|turn|2
|
|t:|1769440125
|move|p2a: SaucySantanna|Light Screen|p2a: SaucySantanna
|-sidestart|p2: Eljavi_816|move: Light Screen
|move|p1a: Hippowdon|Roar|p2a: SaucySantanna
|drag|p2a: Yex|Iron Moth|100/100
|-damage|p2a: Yex|88/100|[from] Stealth Rock
|
|-weather|Sandstorm|[upkeep]
|-damage|p2a: Yex|82/100|[from] Sandstorm
|upkeep
|turn|3
|
|t:|1769440138
|move|p2a: Yex|Brick Break|p1a: Hippowdon
|-damage|p1a: Hippowdon|90/100
|move|p1a: Hippowdon|Earthquake|p2a: Yex
|-damage|p2a: Yex|0 fnt
|replace|p2a: Diddy|Zoroark-Hisui, F, shiny
|-end|p2a: Diddy|Illusion
|faint|p2a: Diddy
|
|-weather|Sandstorm|[upkeep]
|-heal|p1a: Hippowdon|96/100|[from] item: Leftovers
|upkeep
|
|t:|1769440156
|switch|p2a: Donbergas|Great Tusk|100/100
|-damage|p2a: Donbergas|98/100|[from] Stealth Rock
|turn|4
|
|t:|1769440161
|move|p2a: Donbergas|Rapid Spin|p1a: Hippowdon
|-damage|p1a: Hippowdon|85/100
|-boost|p2a: Donbergas|spe|1
|-sideend|p2: Eljavi_816|Stealth Rock|[from] move: Rapid Spin|[of] p2a: Donbergas
|-damage|p2a: Donbergas|88/100|[from] item: Life Orb
|move|p1a: Hippowdon|Roar|p2a: Donbergas
|-end|p2a: Donbergas|Protosynthesis|[silent]
|drag|p2a: Samurott|Samurott-Hisui, M|100/100
|
|-weather|Sandstorm|[upkeep]
|-damage|p2a: Samurott|94/100|[from] Sandstorm
|-heal|p1a: Hippowdon|91/100|[from] item: Leftovers
|upkeep
|turn|5
|
|t:|1769440176
|move|p2a: Samurott|Liquidation|p1a: Hippowdon
|-supereffective|p1a: Hippowdon
|-damage|p1a: Hippowdon|48/100
|move|p1a: Hippowdon|Stealth Rock|p2a: Samurott
|-sidestart|p2: Eljavi_816|move: Stealth Rock
|
|-weather|none
|-heal|p1a: Hippowdon|54/100|[from] item: Leftovers
|upkeep
|turn|6
|
|t:|1769440193
|switch|p1a: Landorus|Landorus-Therian, M|100/100
|-ability|p1a: Landorus|Intimidate|boost
|-unboost|p2a: Samurott|atk|1
|move|p2a: Samurott|Liquidation|p1a: Landorus
|-supereffective|p1a: Landorus
|-damage|p1a: Landorus|31/100
|
|-sideend|p2: Eljavi_816|move: Light Screen
|upkeep
|turn|7
|
|t:|1769440208
|move|p1a: Landorus|U-turn|p2a: Samurott
|-supereffective|p2a: Samurott
|-damage|p2a: Samurott|30/100
|
|t:|1769440211
|switch|p1a: Hippowdon|Hippowdon, F|54/100|[from] U-turn
|-weather|Sandstorm|[from] ability: Sand Stream|[of] p1a: Hippowdon
|move|p2a: Samurott|Knock Off|p1a: Hippowdon
|-damage|p1a: Hippowdon|36/100
|-enditem|p1a: Hippowdon|Leftovers|[from] move: Knock Off|[of] p2a: Samurott
|
|-weather|Sandstorm|[upkeep]
|-damage|p2a: Samurott|24/100|[from] Sandstorm
|upkeep
|turn|8
|
|t:|1769440225
|move|p2a: Samurott|Liquidation|p1a: Hippowdon
|-supereffective|p1a: Hippowdon
|-damage|p1a: Hippowdon|0 fnt
|faint|p1a: Hippowdon
|
|-weather|Sandstorm|[upkeep]
|-damage|p2a: Samurott|18/100|[from] Sandstorm
|upkeep
|
|t:|1769440240
|switch|p1a: Landorus|Landorus-Therian, M|31/100
|-ability|p1a: Landorus|Intimidate|boost
|-unboost|p2a: Samurott|atk|1
|turn|9
|
|t:|1769440259
|switch|p2a: Donbergas|Great Tusk|88/100
|-damage|p2a: Donbergas|85/100|[from] Stealth Rock
|move|p1a: Landorus|Earthquake|p2a: Donbergas
|-damage|p2a: Donbergas|50/100
|
|-weather|Sandstorm|[upkeep]
|upkeep
|turn|10
|
|t:|1769440280
|move|p1a: Landorus|U-turn|p2a: Donbergas
|-resisted|p2a: Donbergas
|-damage|p2a: Donbergas|40/100
|
|t:|1769440287
|switch|p1a: Clefable|Clefable, F|100/100|[from] U-turn
|move|p2a: Donbergas|Brick Break|p1a: Clefable
|-resisted|p1a: Clefable
|-damage|p1a: Clefable|73/100
|-damage|p2a: Donbergas|30/100|[from] item: Life Orb
|
|-weather|Sandstorm|[upkeep]
|upkeep
|turn|11
|
|t:|1769440307
|-end|p2a: Donbergas|Protosynthesis|[silent]
|switch|p2a: Yex|Iron Moth|100/100
|-damage|p2a: Yex|76/100|[from] Stealth Rock
|-enditem|p2a: Yex|Booster Energy
|-activate|p2a: Yex|ability: Quark Drive|[fromitem]
|-start|p2a: Yex|quarkdrivespa
|move|p1a: Clefable|Shadow Ball|p2a: Yex
|-damage|p2a: Yex|45/100
|
|-weather|none
|upkeep
|turn|12
|
|t:|1769440321
|switch|p1a: Tyranitar|Tyranitar, M|100/100
|-weather|Sandstorm|[from] ability: Sand Stream|[of] p1a: Tyranitar
|move|p2a: Yex|Sludge Wave|p1a: Tyranitar
|-resisted|p1a: Tyranitar
|-damage|p1a: Tyranitar|76/100
|
|-weather|Sandstorm|[upkeep]
|-damage|p2a: Yex|39/100|[from] Sandstorm
|-heal|p1a: Tyranitar|83/100|[from] item: Leftovers
|upkeep
|turn|13
|
|t:|1769440346
|move|p2a: Yex|Dazzling Gleam|p1a: Tyranitar
|-supereffective|p1a: Tyranitar
|-crit|p1a: Tyranitar
|-damage|p1a: Tyranitar|0 fnt
|faint|p1a: Tyranitar
|
|-weather|Sandstorm|[upkeep]
|-damage|p2a: Yex|33/100|[from] Sandstorm
|upkeep
|inactive|Brabberson has 120 seconds left.
|inactive|Brabberson has 90 seconds left.
|inactive|Eljavi_816 also wants the timer to be on.
|
|t:|1769440407
|switch|p1a: Landorus|Landorus-Therian, M|31/100
|-ability|p1a: Landorus|Intimidate|boost
|-unboost|p2a: Yex|atk|1
|turn|14
|
|t:|1769440425
|-end|p2a: Yex|Quark Drive|[silent]
|switch|p2a: Samurott|Samurott-Hisui, M|18/100
|-damage|p2a: Samurott|5/100|[from] Stealth Rock
|move|p1a: Landorus|Earthquake|p2a: Samurott
|-damage|p2a: Samurott|0 fnt
|faint|p2a: Samurott
|
|-weather|Sandstorm|[upkeep]
|upkeep
|
|t:|1769440438
|switch|p2a: SaucySantanna|Clefable, F|100/100
|-damage|p2a: SaucySantanna|88/100|[from] Stealth Rock
|turn|15
|inactive|Brabberson has 60 seconds left.
|
|t:|1769440474
|move|p1a: Landorus|U-turn|p2a: SaucySantanna
|-resisted|p2a: SaucySantanna
|-damage|p2a: SaucySantanna|74/100
|
|t:|1769440486
|switch|p1a: Clefable|Clefable, F|73/100|[from] U-turn
|move|p2a: SaucySantanna|Calm Mind|p2a: SaucySantanna
|-boost|p2a: SaucySantanna|spa|1
|-boost|p2a: SaucySantanna|spd|1
|
|-weather|Sandstorm|[upkeep]
|-damage|p2a: SaucySantanna|68/100|[from] Sandstorm
|-heal|p2a: SaucySantanna|74/100|[from] item: Leftovers
|upkeep
|turn|16
|inactive|Brabberson has 30 seconds left.
|
|t:|1769440508
|switch|p1a: Landorus|Landorus-Therian, M|31/100
|-ability|p1a: Landorus|Intimidate|boost
|-unboost|p2a: SaucySantanna|atk|1
|move|p2a: SaucySantanna|Calm Mind|p2a: SaucySantanna
|-boost|p2a: SaucySantanna|spa|1
|-boost|p2a: SaucySantanna|spd|1
|
|-weather|none
|-heal|p2a: SaucySantanna|80/100|[from] item: Leftovers
|upkeep
|turn|17
|inactive|Brabberson has 30 seconds left.
|
|t:|1769440522
|move|p1a: Landorus|Earthquake|p2a: SaucySantanna
|-damage|p2a: SaucySantanna|22/100
|move|p2a: SaucySantanna|Moonblast|p1a: Landorus
|-damage|p1a: Landorus|0 fnt
|faint|p1a: Landorus
|
|-heal|p2a: SaucySantanna|28/100|[from] item: Leftovers
|upkeep
|inactive|Brabberson has 30 seconds left.
|
|t:|1769440536
|switch|p1a: Gholdengo|Gholdengo|100/100
|turn|18
|inactive|Brabberson has 30 seconds left.
|
|t:|1769440544
|move|p1a: Gholdengo|Make It Rain|p2a: SaucySantanna
|-supereffective|p2a: SaucySantanna
|-damage|p2a: SaucySantanna|0 fnt
|-unboost|p1a: Gholdengo|spa|1
|faint|p2a: SaucySantanna
|
|upkeep
|
|t:|1769440557
|switch|p2a: Yex|Iron Moth|33/100
|-damage|p2a: Yex|8/100|[from] Stealth Rock
|turn|19
|
|t:|1769440563
|switch|p1a: Clefable|Clefable, F|73/100
|move|p2a: Yex|Fiery Dance|p1a: Clefable
|-damage|p1a: Clefable|31/100
|
|upkeep
|turn|20
|
|t:|1769440572
|move|p2a: Yex|Fiery Dance|p1a: Clefable
|-damage|p1a: Clefable|0 fnt
|-boost|p2a: Yex|spa|1
|faint|p1a: Clefable
|
|upkeep
|
|t:|1769440583
|switch|p1a: Kingambit|Kingambit, M|100/100
|-activate|p1a: Kingambit|ability: Supreme Overlord
|-start|p1a: Kingambit|fallen4|[silent]
|turn|21
|inactive|Brabberson has 30 seconds left.
|
|t:|1769440604
|-terastallize|p1a: Kingambit|Flying
|move|p2a: Yex|Fiery Dance|p1a: Kingambit
|-damage|p1a: Kingambit|33/100
|-boost|p2a: Yex|spa|1
|move|p1a: Kingambit|Iron Head|p2a: Yex
|-resisted|p2a: Yex
|-damage|p2a: Yex|0 fnt
|faint|p2a: Yex
|-end|p2a: Yex|Quark Drive|[silent]
|
|upkeep
|
|t:|1769440616
|switch|p2a: Donbergas|Great Tusk|30/100
|-damage|p2a: Donbergas|27/100|[from] Stealth Rock
|turn|22
|
|t:|1769440629
|-terastallize|p2a: Donbergas|Steel
|move|p2a: Donbergas|Brick Break|p1a: Kingambit
|-resisted|p1a: Kingambit
|-damage|p1a: Kingambit|13/100
|-damage|p2a: Donbergas|17/100|[from] item: Life Orb
|move|p1a: Kingambit|Iron Head|p2a: Donbergas
|-resisted|p2a: Donbergas
|-damage|p2a: Donbergas|0 fnt
|faint|p2a: Donbergas
|-end|p2a: Donbergas|Protosynthesis|[silent]
|
|upkeep
|
|t:|1769440640
|switch|p2a: Rotom|Rotom-Frost|100/100
|-damage|p2a: Rotom|76/100|[from] Stealth Rock
|turn|23
|
|t:|1769440647
|move|p2a: Rotom|Discharge|p1a: Kingambit
|-supereffective|p1a: Kingambit
|-damage|p1a: Kingambit|0 fnt
|faint|p1a: Kingambit
|-end|p1a: Kingambit|fallen4|[silent]
|
|upkeep
|
|t:|1769440652
|switch|p1a: Gholdengo|Gholdengo|100/100
|turn|24
|
|t:|1769440669
|move|p1a: Gholdengo|Make It Rain|p2a: Rotom
|-damage|p2a: Rotom|0 fnt
|-unboost|p1a: Gholdengo|spa|1
|faint|p2a: Rotom
|
|win|Brabberson
|raw|Brabberson's rating: 1089 &rarr; <strong>1116</strong><br />(+27 for winning)
|raw|Eljavi_816's rating: 1094 &rarr; <strong>1070</strong><br />(-24 for losing)
|l|☆Eljavi_816
|player|p2|
|l|☆Brabberson
|player|p1|
