|j|☆Tyujhgbnm
|j|☆encqaq
|t:|1769334210
|gametype|singles
|player|p1|Tyujhgbnm|169|1129
|player|p2|encqaq|sage|1169
|gen|9
|tier|[Gen 9] OU
|rated|
|rule|HP Percentage Mod: HP is shown in percentages
|rule|Endless Battle Clause: Forcing endless battles is banned
|rule|Species Clause: Limit one of each Pokémon
|rule|OHKO Clause: OHKO moves are banned
|rule|Evasion Items Clause: Evasion items are banned
|rule|Evasion Moves Clause: Evasion moves are banned
|rule|Evasion Abilities Clause: Evasion abilities are banned
|rule|Sleep Moves Clause: Sleep-inducing moves are banned
|clearpoke
|poke|p1|Serperior, F|
|poke|p1|Rillaboom, F|
|poke|p1|Cyclizar, F|
|poke|p1|Ting-Lu|
|poke|p1|Tinkaton, F|
|poke|p1|Alomomola, M|
|poke|p2|Basculegion, M|
|poke|p2|Pelipper, M|
|poke|p2|Raging Bolt|
|poke|p2|Braviary-Hisui, M|
|poke|p2|Iron Crown|
|poke|p2|Kingambit, F|
|teampreview
|inactive|Battle timer is ON: inactive players will automatically lose when time's up. (requested by encqaq)
|
|t:|1769334222
|teamsize|p1|6
|teamsize|p2|6
|start
|switch|p1a: Tinkaton|Tinkaton, F|100/100
|switch|p2a: Pelipper|Pelipper, M|100/100
|-ability|p1a: Tinkaton|Mold Breaker
|-weather|RainDance|[from] ability: Drizzle|[of] p2a: Pelipper
|turn|1
|
|t:|1769334240
|move|p1a: Tinkaton|Stealth Rock|p2a: Pelipper
|-sidestart|p2: encqaq|move: Stealth Rock
|move|p2a: Pelipper|Weather Ball|p1a: Tinkaton
|-damage|p1a: Tinkaton|59/100
|
|-weather|RainDance|[upkeep]
|-heal|p1a: Tinkaton|65/100|[from] item: Leftovers
|upkeep
|turn|2
|inactive|encqaq has 120 seconds left.
|inactive|encqaq has 90 seconds left.
|
|t:|1769334300
|move|p1a: Tinkaton|Thunder Wave|p2a: Pelipper
|-status|p2a: Pelipper|par
|move|p2a: Pelipper|Weather Ball|p1a: Tinkaton
|-damage|p1a: Tinkaton|21/100
|
|-weather|RainDance|[upkeep]
|-heal|p1a: Tinkaton|27/100|[from] item: Leftovers
|upkeep
|turn|3
|inactive|encqaq has 90 seconds left.
|
|t:|1769334312
|switch|p1a: Rillaboom|Rillaboom, F|100/100
|-fieldstart|move: Grassy Terrain|[from] ability: Grassy Surge|[of] p1a: Rillaboom
|cant|p2a: Pelipper|par
|
|-weather|RainDance|[upkeep]
|upkeep
|turn|4
|inactive|encqaq has 90 seconds left.
|
|t:|1769334333
|switch|p1a: Ting-Lu|Ting-Lu|100/100
|-ability|p1a: Ting-Lu|Vessel of Ruin
|move|p2a: Pelipper|Hurricane|p1a: Ting-Lu
|-damage|p1a: Ting-Lu|77/100
|
|-weather|RainDance|[upkeep]
|-heal|p1a: Ting-Lu|83/100|[from] Grassy Terrain
|-heal|p1a: Ting-Lu|90/100|[from] item: Leftovers
|upkeep
|turn|5
|inactive|encqaq has 90 seconds left.
|
|t:|1769334344
|move|p1a: Ting-Lu|Spikes|p2a: Pelipper
|-sidestart|p2: encqaq|Spikes
|cant|p2a: Pelipper|par
|
|-weather|RainDance|[upkeep]
|-heal|p1a: Ting-Lu|96/100|[from] Grassy Terrain
|-heal|p1a: Ting-Lu|100/100|[from] item: Leftovers
|upkeep
|turn|6
|
|t:|1769334350
|switch|p2a: Braviary|Braviary-Hisui, M|100/100
|-damage|p2a: Braviary|76/100|[from] Stealth Rock
|move|p1a: Ting-Lu|Spikes|p2a: Braviary
|-sidestart|p2: encqaq|Spikes
|
|-weather|RainDance|[upkeep]
|upkeep
|turn|7
|
|t:|1769334354
|move|p2a: Braviary|Defog|p1a: Ting-Lu
|-unboost|p1a: Ting-Lu|evasion|1
|-sideend|p2: encqaq|Spikes|[from] move: Defog|[of] p2a: Braviary
|-sideend|p2: encqaq|Stealth Rock|[from] move: Defog|[of] p2a: Braviary
|-fieldend|move: Grassy Terrain
|move|p1a: Ting-Lu|Whirlwind|p2a: Braviary
|drag|p2a: Kingambit|Kingambit, F|100/100
|-item|p2a: Kingambit|Air Balloon
|
|-weather|RainDance|[upkeep]
|upkeep
|turn|8
|
|t:|1769334367
|move|p2a: Kingambit|Low Kick|p1a: Ting-Lu
|-supereffective|p1a: Ting-Lu
|-damage|p1a: Ting-Lu|58/100
|move|p1a: Ting-Lu|Stealth Rock|p2a: Kingambit
|-sidestart|p2: encqaq|move: Stealth Rock
|
|-weather|none
|-heal|p1a: Ting-Lu|65/100|[from] item: Leftovers
|upkeep
|turn|9
|
|t:|1769334377
|switch|p1a: Alomomola|Alomomola, M|100/100
|move|p2a: Kingambit|Low Kick|p1a: Alomomola
|-damage|p1a: Alomomola|88/100
|
|-heal|p1a: Alomomola|94/100|[from] item: Leftovers
|upkeep
|turn|10
|
|t:|1769334387
|move|p1a: Alomomola|Wish|p1a: Alomomola
|move|p2a: Kingambit|Stealth Rock|p1a: Alomomola
|-sidestart|p1: Tyujhgbnm|move: Stealth Rock
|
|-heal|p1a: Alomomola|99/100|[from] item: Leftovers
|upkeep
|turn|11
|inactive|encqaq has 120 seconds left.
|
|t:|1769334396
|move|p1a: Alomomola|Flip Turn|p2a: Kingambit
|-damage|p2a: Kingambit|89/100
|-enditem|p2a: Kingambit|Air Balloon
|
|t:|1769334405
|switch|p1a: Ting-Lu|Ting-Lu|65/100|[from] Flip Turn
|-damage|p1a: Ting-Lu|58/100|[from] Stealth Rock
|-ability|p1a: Ting-Lu|Vessel of Ruin
|move|p2a: Kingambit|Throat Chop|p1a: Ting-Lu
|-resisted|p1a: Ting-Lu
|-damage|p1a: Ting-Lu|49/100
|-start|p1a: Ting-Lu|Throat Chop|[silent]
|
|-heal|p1a: Ting-Lu|100/100|[from] move: Wish|[wisher] Alomomola
|upkeep
|turn|12
|
|t:|1769334414
|move|p2a: Kingambit|Low Kick|p1a: Ting-Lu
|-supereffective|p1a: Ting-Lu
|-damage|p1a: Ting-Lu|62/100
|move|p1a: Ting-Lu|Spikes|p2a: Kingambit
|-sidestart|p2: encqaq|Spikes
|
|-heal|p1a: Ting-Lu|68/100|[from] item: Leftovers
|-end|p1a: Ting-Lu|Throat Chop|[silent]
|upkeep
|turn|13
|
|t:|1769334421
|move|p2a: Kingambit|Low Kick|p1a: Ting-Lu
|-supereffective|p1a: Ting-Lu
|-damage|p1a: Ting-Lu|32/100
|move|p1a: Ting-Lu|Earthquake|p2a: Kingambit
|-supereffective|p2a: Kingambit
|-damage|p2a: Kingambit|33/100
|
|-heal|p1a: Ting-Lu|38/100|[from] item: Leftovers
|upkeep
|turn|14
|
|t:|1769334428
|-terastallize|p1a: Ting-Lu|Ghost
|move|p2a: Kingambit|Low Kick|p1a: Ting-Lu
|-immune|p1a: Ting-Lu
|move|p1a: Ting-Lu|Earthquake|p2a: Kingambit
|-supereffective|p2a: Kingambit
|-damage|p2a: Kingambit|0 fnt
|faint|p2a: Kingambit
|-end|p2a: Kingambit|fallenundefined|[silent]
|
|-heal|p1a: Ting-Lu|44/100|[from] item: Leftovers
|upkeep
|
|t:|1769334433
|switch|p2a: Braviary|Braviary-Hisui, M|76/100
|-damage|p2a: Braviary|51/100|[from] Stealth Rock
|turn|15
|
|t:|1769334450
|switch|p1a: Cyclizar|Cyclizar, F|100/100
|move|p2a: Braviary|Defog|p1a: Cyclizar
|-unboost|p1a: Cyclizar|evasion|1
|-sideend|p1: Tyujhgbnm|Stealth Rock|[from] move: Defog|[of] p2a: Braviary
|-sideend|p2: encqaq|Spikes|[from] move: Defog|[of] p2a: Braviary
|-sideend|p2: encqaq|Stealth Rock|[from] move: Defog|[of] p2a: Braviary
|
|upkeep
|turn|16
|
|t:|1769334461
|move|p1a: Cyclizar|Knock Off|p2a: Braviary
|-supereffective|p2a: Braviary
|-damage|p2a: Braviary|1/100
|-enditem|p2a: Braviary|Life Orb|[from] move: Knock Off|[of] p1a: Cyclizar
|move|p2a: Braviary|Esper Wing|p1a: Cyclizar
|-damage|p1a: Cyclizar|60/100
|-boost|p2a: Braviary|spe|1
|
|upkeep
|turn|17
|
|t:|1769334474
|switch|p1a: Alomomola|Alomomola, M|100/100
|move|p2a: Braviary|Hurricane|p1a: Alomomola
|-damage|p1a: Alomomola|31/100
|
|-heal|p1a: Alomomola|37/100|[from] item: Leftovers
|upkeep
|turn|18
|
|t:|1769334489
|switch|p1a: Cyclizar|Cyclizar, F|93/100
|move|p2a: Braviary|Esper Wing|p1a: Cyclizar
|-damage|p1a: Cyclizar|57/100
|-boost|p2a: Braviary|spe|1
|
|upkeep
|turn|19
|
|t:|1769334502
|move|p2a: Braviary|Hurricane|p1a: Cyclizar
|-damage|p1a: Cyclizar|2/100
|move|p1a: Cyclizar|Rapid Spin|p2a: Braviary
|-crit|p2a: Braviary
|-damage|p2a: Braviary|0 fnt
|-boost|p1a: Cyclizar|spe|1
|faint|p2a: Braviary
|
|upkeep
|
|t:|1769334522
|switch|p2a: Pelipper|Pelipper, M|100/100 par
|-weather|RainDance|[from] ability: Drizzle|[of] p2a: Pelipper
|turn|20
|
|t:|1769334529
|move|p1a: Cyclizar|U-turn|p2a: Pelipper
|-resisted|p2a: Pelipper
|-crit|p2a: Pelipper
|-damage|p2a: Pelipper|91/100 par
|
|t:|1769334538
|switch|p1a: Alomomola|Alomomola, M|71/100|[from] U-turn
|move|p2a: Pelipper|U-turn|p1a: Alomomola
|-damage|p1a: Alomomola|66/100
|
|t:|1769334544
|switch|p2a: Raging Bolt|Raging Bolt|100/100|[from] U-turn
|-enditem|p2a: Raging Bolt|Booster Energy
|-activate|p2a: Raging Bolt|ability: Protosynthesis|[fromitem]
|-start|p2a: Raging Bolt|protosynthesisspa
|
|-weather|RainDance|[upkeep]
|-heal|p1a: Alomomola|73/100|[from] item: Leftovers
|upkeep
|turn|21
|-message|encqaq forfeited.
|
|win|Tyujhgbnm
|raw|Tyujhgbnm's rating: 1129 &rarr; <strong>1157</strong><br />(+28 for winning)
|raw|encqaq's rating: 1169 &rarr; <strong>1141</strong><br />(-28 for losing)
|l|☆encqaq
|player|p2|
|l|☆Tyujhgbnm
|player|p1|
