|j|☆mystery rain ninja
|j|☆busto2412
|t:|1769440517
|gametype|singles
|player|p1|mystery rain ninja|janine|1621
|player|p2|busto2412|hilbert|1596
|gen|9
|tier|[Gen 9] OU
|rated|
|rule|HP Percentage Mod: HP is shown in percentages
|rule|Endless Battle Clause: Forcing endless battles is banned
|rule|Species Clause: Limit one of each Pokémon
|rule|OHKO Clause: OHKO moves are banned
|rule|Evasion Items Clause: Evasion items are banned
|rule|Evasion Moves Clause: Evasion moves are banned
|rule|Evasion Abilities Clause: Evasion abilities are banned
|rule|Sleep Moves Clause: Sleep-inducing moves are banned
|clearpoke
|poke|p1|Pelipper, F|
|poke|p1|Raging Bolt|
|poke|p1|Overqwil, F|
|poke|p1|Barraskewda, M|
|poke|p1|Iron Treads|
|poke|p1|Kingambit, M|
|poke|p2|Ursaluna, M|
|poke|p2|Dragapult, M|
|poke|p2|Zapdos|
|poke|p2|Zamazenta-*|
|poke|p2|Goodra-Hisui, F|
|poke|p2|Greninja-*, M|
|teampreview
|inactive|Battle timer is ON: inactive players will automatically lose when time's up. (requested by mystery rain ninja)
|c|☆busto2412|gl
|
|t:|1769440524
|teamsize|p1|6
|teamsize|p2|6
|start
|switch|p1a: Pelipper|Pelipper, F|100/100
|switch|p2a: Dragapult|Dragapult, M, shiny|100/100
|-weather|RainDance|[from] ability: Drizzle|[of] p1a: Pelipper
|turn|1
|
|t:|1769440531
|switch|p1a: Iron Treads|Iron Treads|100/100
|-enditem|p1a: Iron Treads|Booster Energy
|-activate|p1a: Iron Treads|ability: Quark Drive|[fromitem]
|-start|p1a: Iron Treads|quarkdrivespe
|move|p2a: Dragapult|Dragon Darts|p1a: Iron Treads
|-resisted|p1a: Iron Treads
|-damage|p1a: Iron Treads|83/100
|-anim|p2a: Dragapult|Dragon Darts|p1a: Iron Treads
|-resisted|p1a: Iron Treads
|-crit|p1a: Iron Treads
|-damage|p1a: Iron Treads|58/100
|
|-weather|RainDance|[upkeep]
|upkeep
|turn|2
|
|t:|1769440543
|switch|p2a: Zapdos|Zapdos, shiny|100/100
|move|p1a: Iron Treads|Stealth Rock|p2a: Zapdos
|-sidestart|p2: busto2412|move: Stealth Rock
|
|-weather|RainDance|[upkeep]
|upkeep
|turn|3
|
|t:|1769440553
|-end|p1a: Iron Treads|Quark Drive|[silent]
|switch|p1a: Raging Bolt|Raging Bolt|100/100
|-enditem|p1a: Raging Bolt|Booster Energy
|-activate|p1a: Raging Bolt|ability: Protosynthesis|[fromitem]
|-start|p1a: Raging Bolt|protosynthesisspa
|move|p2a: Zapdos|Heat Wave|p1a: Raging Bolt
|-resisted|p1a: Raging Bolt
|-damage|p1a: Raging Bolt|95/100
|
|-weather|RainDance|[upkeep]
|upkeep
|turn|4
|
|t:|1769440577
|switch|p2a: Goodra|Goodra-Hisui, F|100/100
|-damage|p2a: Goodra|94/100|[from] Stealth Rock
|move|p1a: Raging Bolt|Draco Meteor|p2a: Goodra
|-damage|p2a: Goodra|26/100
|-unboost|p1a: Raging Bolt|spa|2
|
|-weather|RainDance|[upkeep]
|-heal|p2a: Goodra|32/100|[from] item: Leftovers
|upkeep
|turn|5
|
|t:|1769440587
|move|p2a: Goodra|Protect|p2a: Goodra
|-singleturn|p2a: Goodra|Protect
|move|p1a: Raging Bolt|Draco Meteor|p2a: Goodra
|-activate|p2a: Goodra|move: Protect
|
|-weather|RainDance|[upkeep]
|-heal|p2a: Goodra|38/100|[from] item: Leftovers
|upkeep
|turn|6
|
|t:|1769440598
|-end|p1a: Raging Bolt|Protosynthesis|[silent]
|switch|p1a: Kingambit|Kingambit, M|100/100
|move|p2a: Goodra|Draco Meteor|p1a: Kingambit
|-resisted|p1a: Kingambit
|-damage|p1a: Kingambit|70/100
|-unboost|p2a: Goodra|spa|2
|
|-weather|RainDance|[upkeep]
|-heal|p2a: Goodra|44/100|[from] item: Leftovers
|-heal|p1a: Kingambit|76/100|[from] item: Leftovers
|upkeep
|turn|7
|
|t:|1769440615
|switch|p2a: Zapdos|Zapdos, shiny|100/100
|-damage|p2a: Zapdos|76/100|[from] Stealth Rock
|-end|p1a: Kingambit|fallenundefined|[silent]
|switch|p1a: Barraskewda|Barraskewda, M|100/100
|
|-weather|RainDance|[upkeep]
|upkeep
|turn|8
|
|t:|1769440626
|-terastallize|p1a: Barraskewda|Water
|move|p1a: Barraskewda|Liquidation|p2a: Zapdos
|-damage|p2a: Zapdos|0 fnt
|-damage|p1a: Barraskewda|84/100|[from] item: Rocky Helmet|[of] p2a: Zapdos
|faint|p2a: Zapdos
|
|-weather|none
|upkeep
|
|t:|1769440634
|switch|p2a: Dragapult|Dragapult, M, shiny|100/100
|-damage|p2a: Dragapult|88/100|[from] Stealth Rock
|turn|9
|
|t:|1769440638
|switch|p1a: Pelipper|Pelipper, F|100/100
|-weather|RainDance|[from] ability: Drizzle|[of] p1a: Pelipper
|move|p2a: Dragapult|U-turn|p1a: Pelipper
|-resisted|p1a: Pelipper
|-damage|p1a: Pelipper|87/100
|
|t:|1769440647
|switch|p2a: Ursaluna|Ursaluna, M, shiny|100/100|[from] U-turn
|-damage|p2a: Ursaluna|94/100|[from] Stealth Rock
|
|-weather|RainDance|[upkeep]
|-status|p2a: Ursaluna|brn|[from] item: Flame Orb
|upkeep
|turn|10
|
|t:|1769440653
|switch|p1a: Iron Treads|Iron Treads|58/100
|move|p2a: Ursaluna|Facade|p1a: Iron Treads
|-resisted|p1a: Iron Treads
|-damage|p1a: Iron Treads|1/100
|
|-weather|RainDance|[upkeep]
|-damage|p2a: Ursaluna|88/100 brn|[from] brn
|upkeep
|turn|11
|
|t:|1769440661
|move|p1a: Iron Treads|Steel Beam|p2a: Ursaluna
|-damage|p2a: Ursaluna|43/100 brn
|-damage|p1a: Iron Treads|0 fnt|[from] steelbeam
|faint|p1a: Iron Treads
|-end|p1a: Iron Treads|Quark Drive|[silent]
|move|p2a: Ursaluna|Facade|p1: Iron Treads|[notarget]
|-fail|p2a: Ursaluna
|
|-weather|RainDance|[upkeep]
|-damage|p2a: Ursaluna|37/100 brn|[from] brn
|upkeep
|
|t:|1769440663
|switch|p1a: Barraskewda|Barraskewda, M, tera:Water|84/100
|turn|12
|
|t:|1769440677
|move|p1a: Barraskewda|Flip Turn|p2a: Ursaluna
|-supereffective|p2a: Ursaluna
|-damage|p2a: Ursaluna|0 fnt
|faint|p2a: Ursaluna
|
|t:|1769440680
|switch|p1a: Overqwil|Overqwil, F|100/100|[from] Flip Turn
|
|-weather|RainDance|[upkeep]
|upkeep
|
|t:|1769440693
|switch|p2a: Dragapult|Dragapult, M, shiny|88/100
|-damage|p2a: Dragapult|76/100|[from] Stealth Rock
|turn|13
|
|t:|1769440697
|move|p1a: Overqwil|Crunch|p2a: Dragapult
|-supereffective|p2a: Dragapult
|-damage|p2a: Dragapult|0 fnt
|faint|p2a: Dragapult
|-damage|p1a: Overqwil|91/100|[from] item: Life Orb
|
|-weather|RainDance|[upkeep]
|upkeep
|
|t:|1769440703
|switch|p2a: Goodra|Goodra-Hisui, F|44/100
|-damage|p2a: Goodra|38/100|[from] Stealth Rock
|turn|14
|
|t:|1769440706
|move|p1a: Overqwil|Crunch|p2a: Goodra
|-damage|p2a: Goodra|0 fnt
|-ability|p2a: Goodra|Gooey
|-unboost|p1a: Overqwil|spe|1
|faint|p2a: Goodra
|-damage|p1a: Overqwil|81/100|[from] item: Life Orb
|
|-weather|RainDance|[upkeep]
|upkeep
|
|t:|1769440716
|switch|p2a: Greninja|Greninja, M|100/100
|-damage|p2a: Greninja|88/100|[from] Stealth Rock
|turn|15
|
|t:|1769440728
|move|p2a: Greninja|Surf|p1a: Overqwil
|-damage|p1a: Overqwil|0 fnt
|faint|p1a: Overqwil
|-ability|p2a: Greninja|Battle Bond|boost
|-boost|p2a: Greninja|atk|1
|-boost|p2a: Greninja|spa|1
|-boost|p2a: Greninja|spe|1
|-activate|p2a: Greninja|ability: Battle Bond
|-damage|p2a: Greninja|78/100|[from] item: Life Orb
|
|-weather|RainDance|[upkeep]
|upkeep
|
|t:|1769440730
|switch|p1a: Barraskewda|Barraskewda, M, tera:Water|84/100
|turn|16
|
|t:|1769440742
|switch|p1a: Kingambit|Kingambit, M|76/100
|-activate|p1a: Kingambit|ability: Supreme Overlord
|-start|p1a: Kingambit|fallen2|[silent]
|move|p2a: Greninja|Dark Pulse|p1a: Kingambit
|-resisted|p1a: Kingambit
|-crit|p1a: Kingambit
|-damage|p1a: Kingambit|27/100
|-damage|p2a: Greninja|69/100|[from] item: Life Orb
|
|-weather|none
|-heal|p1a: Kingambit|34/100|[from] item: Leftovers
|upkeep
|turn|17
|
|t:|1769440752
|move|p1a: Kingambit|Sucker Punch|p2a: Greninja
|-resisted|p2a: Greninja
|-damage|p2a: Greninja|30/100
|move|p2a: Greninja|Surf|p1a: Kingambit
|-damage|p1a: Kingambit|0 fnt
|faint|p1a: Kingambit
|-end|p1a: Kingambit|fallen2|[silent]
|-damage|p2a: Greninja|20/100|[from] item: Life Orb
|
|upkeep
|
|t:|1769440755
|switch|p1a: Raging Bolt|Raging Bolt|95/100
|turn|18
|
|t:|1769440761
|move|p1a: Raging Bolt|Thunderclap|p2a: Greninja
|-supereffective|p2a: Greninja
|-damage|p2a: Greninja|0 fnt
|faint|p2a: Greninja
|
|upkeep
|
|t:|1769440765
|switch|p2a: Zamazenta|Zamazenta|100/100
|-damage|p2a: Zamazenta|94/100|[from] Stealth Rock
|-ability|p2a: Zamazenta|Dauntless Shield|boost
|-boost|p2a: Zamazenta|def|1
|turn|19
|
|t:|1769440770
|-end|p1a: Raging Bolt|Protosynthesis|[silent]
|switch|p1a: Pelipper|Pelipper, F|87/100
|-weather|RainDance|[from] ability: Drizzle|[of] p1a: Pelipper
|move|p2a: Zamazenta|Iron Defense|p2a: Zamazenta
|-boost|p2a: Zamazenta|def|2
|
|-weather|RainDance|[upkeep]
|-heal|p2a: Zamazenta|100/100|[from] item: Leftovers
|upkeep
|turn|20
|
|t:|1769440780
|-terastallize|p2a: Zamazenta|Steel
|move|p2a: Zamazenta|Iron Defense|p2a: Zamazenta
|-boost|p2a: Zamazenta|def|2
|move|p1a: Pelipper|Hurricane|p2a: Zamazenta
|-resisted|p2a: Zamazenta
|-damage|p2a: Zamazenta|85/100
|
|-weather|RainDance|[upkeep]
|-heal|p2a: Zamazenta|91/100|[from] item: Leftovers
|upkeep
|turn|21
|
|t:|1769440788
|move|p2a: Zamazenta|Body Press|p1a: Pelipper
|-resisted|p1a: Pelipper
|-damage|p1a: Pelipper|43/100
|move|p1a: Pelipper|Weather Ball|p2a: Zamazenta
|-damage|p2a: Zamazenta|55/100
|
|-weather|RainDance|[upkeep]
|-heal|p2a: Zamazenta|61/100|[from] item: Leftovers
|upkeep
|turn|22
|
|t:|1769440797
|move|p2a: Zamazenta|Body Press|p1a: Pelipper
|-resisted|p1a: Pelipper
|-crit|p1a: Pelipper
|-damage|p1a: Pelipper|0 fnt
|faint|p1a: Pelipper
|
|-weather|RainDance|[upkeep]
|-heal|p2a: Zamazenta|68/100|[from] item: Leftovers
|upkeep
|
|t:|1769440799
|switch|p1a: Barraskewda|Barraskewda, M, tera:Water|84/100
|turn|23
|j| sturdylucario
|
|t:|1769440828
|move|p1a: Barraskewda|Flip Turn|p2a: Zamazenta
|-damage|p2a: Zamazenta|47/100
|
|t:|1769440831
|switch|p1a: Raging Bolt|Raging Bolt|95/100|[from] Flip Turn
|move|p2a: Zamazenta|Body Press|p1a: Raging Bolt
|-damage|p1a: Raging Bolt|0 fnt
|faint|p1a: Raging Bolt
|-end|p1a: Raging Bolt|Protosynthesis|[silent]
|
|-weather|RainDance|[upkeep]
|-heal|p2a: Zamazenta|54/100|[from] item: Leftovers
|upkeep
|
|t:|1769440832
|switch|p1a: Barraskewda|Barraskewda, M, tera:Water|84/100
|turn|24
|
|t:|1769440855
|move|p1a: Barraskewda|Liquidation|p2a: Zamazenta
|-damage|p2a: Zamazenta|25/100
|move|p2a: Zamazenta|Body Press|p1a: Barraskewda
|-damage|p1a: Barraskewda|0 fnt
|faint|p1a: Barraskewda
|
|win|busto2412
|raw|mystery rain ninja's rating: 1621 &rarr; <strong>1600</strong><br />(-21 for losing)
|raw|busto2412's rating: 1596 &rarr; <strong>1617</strong><br />(+21 for winning)
|l|☆mystery rain ninja
|player|p1|
|c|☆busto2412|gg
|l|☆busto2412
|player|p2|
|l| sturdylucario
