|j|☆FRANC1109
|j|☆Jonpollonmorcillon
|t:|1769401857
|gametype|singles
|player|p1|FRANC1109|benga|1173
|player|p2|Jonpollonmorcillon|harlequin|1218
|gen|9
|tier|[Gen 9] OU
|rated|
|rule|HP Percentage Mod: HP is shown in percentages
|rule|Endless Battle Clause: Forcing endless battles is banned
|rule|Species Clause: Limit one of each Pokémon
|rule|OHKO Clause: OHKO moves are banned
|rule|Evasion Items Clause: Evasion items are banned
|rule|Evasion Moves Clause: Evasion moves are banned
|rule|Evasion Abilities Clause: Evasion abilities are banned
|rule|Sleep Moves Clause: Sleep-inducing moves are banned
|clearpoke
|poke|p1|Noivern, M|
|poke|p1|Tsareena, F|
|poke|p1|Lucario, F|
|poke|p1|Grimmsnarl, M|
|poke|p1|Volcanion|
|poke|p1|Clodsire, F|
|poke|p2|Bronzong|
|poke|p2|Ursaluna, M|
|poke|p2|Volcanion|
|poke|p2|Hatterene, F|
|poke|p2|Porygon2|
|poke|p2|Breloom, F|
|teampreview
|c|☆FRANC1109|Ayooo
|
|t:|1769401869
|teamsize|p1|6
|teamsize|p2|6
|start
|switch|p1a: Oggrerggo|Grimmsnarl, M|100/100
|switch|p2a: Hatterene|Hatterene, F|100/100
|turn|1
|inactive|Battle timer is ON: inactive players will automatically lose when time's up. (requested by FRANC1109)
|
|t:|1769401876
|move|p1a: Oggrerggo|Parting Shot|p2a: Hatterene
|move|p2a: Hatterene|Parting Shot|p1a: Oggrerggo|[from] ability: Magic Bounce
|-unboost|p1a: Oggrerggo|atk|1
|-unboost|p1a: Oggrerggo|spa|1
|
|t:|1769401888
|switch|p2a: Porygon2|Porygon2|100/100|[from] Parting Shot
|-ability|p2a: Porygon2|Download|boost
|-boost|p2a: Porygon2|spa|1
|
|upkeep
|turn|2
|
|t:|1769401894
|move|p1a: Oggrerggo|Trick|p2a: Porygon2
|-activate|p1a: Oggrerggo|move: Trick|[of] p2a: Porygon2
|-item|p2a: Porygon2|Lagging Tail|[from] move: Trick
|-item|p1a: Oggrerggo|Eviolite|[from] move: Trick
|move|p2a: Porygon2|Trick Room|p2a: Porygon2
|-fieldstart|move: Trick Room|[of] p2a: Porygon2
|
|upkeep
|turn|3
|
|t:|1769401912
|move|p1a: Oggrerggo|Parting Shot|p2a: Porygon2
|-unboost|p2a: Porygon2|atk|1
|-unboost|p2a: Porygon2|spa|1
|
|t:|1769401915
|switch|p1a: Axoo|Clodsire, F, shiny|100/100|[from] Parting Shot
|move|p2a: Porygon2|Tri Attack|p1a: Axoo
|-damage|p1a: Axoo|79/100
|-status|p1a: Axoo|par
|
|-heal|p1a: Axoo|85/100 par|[from] item: Black Sludge
|upkeep
|turn|4
|
|t:|1769401928
|switch|p2a: Hatterene|Hatterene, F|100/100
|move|p1a: Axoo|Earthquake|p2a: Hatterene
|-damage|p2a: Hatterene|78/100
|
|-heal|p1a: Axoo|92/100 par|[from] item: Black Sludge
|-heal|p2a: Hatterene|84/100|[from] item: Leftovers
|upkeep
|turn|5
|
|t:|1769401941
|switch|p1a: Oggrerggo|Grimmsnarl, M|100/100
|move|p2a: Hatterene|Psychic|p1a: Oggrerggo
|-immune|p1a: Oggrerggo
|
|-heal|p2a: Hatterene|90/100|[from] item: Leftovers
|upkeep
|turn|6
|
|t:|1769401954
|switch|p2a: Porygon2|Porygon2|100/100
|-ability|p2a: Porygon2|Download|boost
|-boost|p2a: Porygon2|spa|1
|move|p1a: Oggrerggo|Parting Shot|p2a: Porygon2
|-unboost|p2a: Porygon2|atk|1
|-unboost|p2a: Porygon2|spa|1
|c|☆FRANC1109|Volcanion pal
|
|t:|1769401964
|switch|p1a: Raharya|Lucario, F, shiny|100/100|[from] Parting Shot
|
|-fieldend|move: Trick Room
|upkeep
|turn|7
|
|t:|1769401973
|move|p1a: Raharya|Nasty Plot|p1a: Raharya
|-boost|p1a: Raharya|spa|2
|move|p2a: Porygon2|Trick Room|p2a: Porygon2
|-fieldstart|move: Trick Room|[of] p2a: Porygon2
|
|upkeep
|turn|8
|
|t:|1769401979
|switch|p2a: Hatterene|Hatterene, F|90/100
|move|p1a: Raharya|Vacuum Wave|p2a: Hatterene
|-resisted|p2a: Hatterene
|-damage|p2a: Hatterene|78/100
|-damage|p1a: Raharya|91/100|[from] item: Life Orb
|
|-heal|p2a: Hatterene|84/100|[from] item: Leftovers
|upkeep
|turn|9
|
|t:|1769401994
|switch|p2a: Bronzong|Bronzong|100/100
|move|p1a: Raharya|Flash Cannon|p2a: Bronzong
|-resisted|p2a: Bronzong
|-damage|p2a: Bronzong|66/100
|-damage|p1a: Raharya|81/100|[from] item: Life Orb
|
|-heal|p2a: Bronzong|72/100|[from] item: Leftovers
|upkeep
|turn|10
|
|t:|1769402006
|move|p2a: Bronzong|Psychic Noise|p1a: Raharya
|-damage|p1a: Raharya|46/100
|-start|p1a: Raharya|move: Heal Block
|move|p1a: Raharya|Nasty Plot|p1a: Raharya
|-boost|p1a: Raharya|spa|2
|
|-heal|p2a: Bronzong|78/100|[from] item: Leftovers
|upkeep
|turn|11
|
|t:|1769402017
|-terastallize|p1a: Raharya|Fighting
|move|p1a: Raharya|Vacuum Wave|p2a: Bronzong
|-damage|p2a: Bronzong|14/100
|-damage|p1a: Raharya|36/100|[from] item: Life Orb
|move|p2a: Bronzong|Stealth Rock|p1a: Raharya
|-sidestart|p1: FRANC1109|move: Stealth Rock
|
|-heal|p2a: Bronzong|20/100|[from] item: Leftovers
|-end|p1a: Raharya|move: Heal Block
|-fieldend|move: Trick Room
|upkeep
|turn|12
|
|t:|1769402038
|move|p1a: Raharya|Flash Cannon|p2a: Bronzong
|-resisted|p2a: Bronzong
|-damage|p2a: Bronzong|0 fnt
|faint|p2a: Bronzong
|-damage|p1a: Raharya|26/100|[from] item: Life Orb
|
|upkeep
|
|t:|1769402045
|switch|p2a: Breloom|Breloom, F|100/100
|turn|13
|
|t:|1769402050
|move|p1a: Raharya|Vacuum Wave|p2a: Breloom
|-crit|p2a: Breloom
|-damage|p2a: Breloom|0 fnt
|faint|p2a: Breloom
|-damage|p1a: Raharya|16/100|[from] item: Life Orb
|
|upkeep
|
|t:|1769402058
|switch|p2a: Hatterene|Hatterene, F|84/100
|turn|14
|c|☆FRANC1109|Crir didn't matter
|
|t:|1769402064
|switch|p2a: Volcanion|Volcanion|100/100
|move|p1a: Raharya|Flash Cannon|p2a: Volcanion
|-resisted|p2a: Volcanion
|-damage|p2a: Volcanion|75/100
|-damage|p1a: Raharya|7/100|[from] item: Life Orb
|
|upkeep
|turn|15
|
|t:|1769402073
|switch|p2a: Hatterene|Hatterene, F|84/100
|move|p1a: Raharya|Aura Sphere|p2a: Hatterene
|-resisted|p2a: Hatterene
|-damage|p2a: Hatterene|29/100
|-damage|p1a: Raharya|0 fnt|[from] item: Life Orb
|faint|p1a: Raharya
|
|-heal|p2a: Hatterene|35/100|[from] item: Leftovers
|upkeep
|
|t:|1769402077
|switch|p1a: Draggar|Noivern, M|100/100
|-damage|p1a: Draggar|76/100|[from] Stealth Rock
|turn|16
|
|t:|1769402087
|move|p1a: Draggar|Boomburst|p2a: Hatterene
|-damage|p2a: Hatterene|0 fnt
|faint|p2a: Hatterene
|-enditem|p1a: Draggar|Throat Spray
|-boost|p1a: Draggar|spa|1|[from] item: Throat Spray
|
|upkeep
|
|t:|1769402093
|switch|p2a: Porygon2|Porygon2|100/100
|-ability|p2a: Porygon2|Download|boost
|-boost|p2a: Porygon2|atk|1
|turn|17
|
|t:|1769402098
|move|p1a: Draggar|Air Slash|p2a: Porygon2
|-damage|p2a: Porygon2|54/100
|move|p2a: Porygon2|Trick Room|p2a: Porygon2
|-fieldstart|move: Trick Room|[of] p2a: Porygon2
|
|upkeep
|turn|18
|
|t:|1769402104
|move|p1a: Draggar|Dragon Pulse|p2a: Porygon2
|-damage|p2a: Porygon2|1/100
|move|p2a: Porygon2|Ice Beam|p1a: Draggar
|-supereffective|p1a: Draggar
|-damage|p1a: Draggar|0 fnt
|faint|p1a: Draggar
|
|upkeep
|
|t:|1769402111
|switch|p1a: Ellie|Tsareena, F, shiny|100/100
|turn|19
|
|t:|1769402115
|move|p1a: Ellie|Rapid Spin|p2a: Porygon2
|-damage|p2a: Porygon2|0 fnt
|-boost|p1a: Ellie|spe|1
|-sideend|p1: FRANC1109|Stealth Rock|[from] move: Rapid Spin|[of] p1a: Ellie
|faint|p2a: Porygon2
|
|upkeep
|
|t:|1769402125
|switch|p2a: Volcanion|Volcanion|75/100
|turn|20
|
|t:|1769402130
|switch|p1a: Axoo|Clodsire, F, shiny|92/100 par
|move|p2a: Volcanion|Earth Power|p1a: Axoo
|-supereffective|p1a: Axoo
|-damage|p1a: Axoo|54/100 par
|
|-heal|p1a: Axoo|60/100 par|[from] item: Black Sludge
|upkeep
|turn|21
|
|t:|1769402138
|move|p1a: Axoo|Recover|p1a: Axoo
|-heal|p1a: Axoo|100/100 par
|move|p2a: Volcanion|Steam Eruption|p1a: Axoo
|-supereffective|p1a: Axoo
|-damage|p1a: Axoo|37/100 par
|
|-heal|p1a: Axoo|43/100 par|[from] item: Black Sludge
|-fieldend|move: Trick Room
|upkeep
|turn|22
|
|t:|1769402148
|switch|p1a: Oggrerggo|Grimmsnarl, M|100/100
|move|p2a: Volcanion|Earth Power|p1a: Oggrerggo
|-damage|p1a: Oggrerggo|64/100
|
|upkeep
|turn|23
|
|t:|1769402162
|move|p1a: Oggrerggo|Trick|p2a: Volcanion
|-activate|p1a: Oggrerggo|move: Trick|[of] p2a: Volcanion
|-item|p2a: Volcanion|Eviolite|[from] move: Trick
|-item|p1a: Oggrerggo|Assault Vest|[from] move: Trick
|move|p2a: Volcanion|Sludge Wave|p1a: Oggrerggo
|-supereffective|p1a: Oggrerggo
|-damage|p1a: Oggrerggo|11/100
|
|upkeep
|turn|24
|
|t:|1769402171
|move|p1a: Oggrerggo|Spirit Break|p2a: Volcanion
|-resisted|p2a: Volcanion
|-damage|p2a: Volcanion|63/100
|-unboost|p2a: Volcanion|spa|1
|move|p2a: Volcanion|Steam Eruption|p1a: Oggrerggo
|-damage|p1a: Oggrerggo|0 fnt
|faint|p1a: Oggrerggo
|
|upkeep
|
|t:|1769402177
|switch|p1a: Axoo|Clodsire, F, shiny|43/100 par
|turn|25
|
|t:|1769402183
|move|p2a: Volcanion|Steam Eruption|p1a: Axoo
|-supereffective|p1a: Axoo
|-damage|p1a: Axoo|0 fnt
|faint|p1a: Axoo
|
|upkeep
|
|t:|1769402184
|switch|p1a: Ringotty|Volcanion|100/100
|turn|26
|
|t:|1769402194
|move|p1a: Ringotty|Body Press|p2a: Volcanion
|-damage|p2a: Volcanion|40/100
|move|p2a: Volcanion|Earth Power|p1a: Ringotty
|-supereffective|p1a: Ringotty
|-damage|p1a: Ringotty|59/100
|
|upkeep
|turn|27
|
|t:|1769402201
|move|p1a: Ringotty|Body Press|p2a: Volcanion
|-damage|p2a: Volcanion|19/100
|move|p2a: Volcanion|Earth Power|p1a: Ringotty
|-supereffective|p1a: Ringotty
|-damage|p1a: Ringotty|15/100
|
|upkeep
|turn|28
|
|t:|1769402208
|move|p1a: Ringotty|Body Press|p2a: Volcanion
|-damage|p2a: Volcanion|0 fnt
|faint|p2a: Volcanion
|
|upkeep
|
|t:|1769402213
|switch|p2a: Ursaluna|Ursaluna, M|100/100
|turn|29
|
|t:|1769402224
|-terastallize|p2a: Ursaluna|Normal
|move|p1a: Ringotty|Steam Eruption|p2a: Ursaluna
|-damage|p2a: Ursaluna|60/100
|move|p2a: Ursaluna|Facade|p1a: Ringotty
|-damage|p1a: Ringotty|0 fnt
|-damage|p2a: Ursaluna|43/100|[from] item: Rocky Helmet|[of] p1a: Ringotty
|faint|p1a: Ringotty
|
|-status|p2a: Ursaluna|brn|[from] item: Flame Orb
|upkeep
|
|t:|1769402237
|switch|p1a: Ellie|Tsareena, F, shiny|100/100
|turn|30
|
|t:|1769402242
|move|p1a: Ellie|Petal Blizzard|p2a: Ursaluna
|-damage|p2a: Ursaluna|13/100 brn
|move|p2a: Ursaluna|Facade|p1a: Ellie
|-damage|p1a: Ellie|0 fnt
|faint|p1a: Ellie
|
|win|Jonpollonmorcillon
|raw|FRANC1109's rating: 1173 &rarr; <strong>1151</strong><br />(-22 for losing)
|raw|Jonpollonmorcillon's rating: 1218 &rarr; <strong>1240</strong><br />(+22 for winning)
|l|☆FRANC1109
|player|p1|
