|j|☆IAmNotAmanda
|j|☆hazinho
|t:|1769338649
|gametype|singles
|player|p1|IAmNotAmanda|iris-gen5bw2|1381
|player|p2|hazinho|102|1405
|gen|9
|tier|[Gen 9] OU
|rated|
|rule|HP Percentage Mod: HP is shown in percentages
|rule|Endless Battle Clause: Forcing endless battles is banned
|rule|Species Clause: Limit one of each Pokémon
|rule|OHKO Clause: OHKO moves are banned
|rule|Evasion Items Clause: Evasion items are banned
|rule|Evasion Moves Clause: Evasion moves are banned
|rule|Evasion Abilities Clause: Evasion abilities are banned
|rule|Sleep Moves Clause: Sleep-inducing moves are banned
|clearpoke
|poke|p1|Samurott-Hisui, M|
|poke|p1|Gholdengo|
|poke|p1|Great Tusk|
|poke|p1|Slowking-Galar, M|
|poke|p1|Dragonite, M|
|poke|p1|Scizor, F|
|poke|p2|Deoxys-Speed|
|poke|p2|Kingambit, M|
|poke|p2|Sylveon, M|
|poke|p2|Ogerpon-Wellspring, F|
|poke|p2|Weezing-Galar, M|
|poke|p2|Landorus-Therian, M|
|teampreview
|inactive|Battle timer is ON: inactive players will automatically lose when time's up. (requested by IAmNotAmanda)
|
|t:|1769338658
|teamsize|p1|6
|teamsize|p2|6
|start
|switch|p1a: Samurott|Samurott-Hisui, M|100/100
|switch|p2a: Szczesny|Weezing-Galar, M|100/100
|-ability|p2a: Szczesny|Neutralizing Gas
|turn|1
|
|t:|1769338662
|move|p1a: Samurott|Flip Turn|p2a: Szczesny
|-damage|p2a: Szczesny|83/100
|
|t:|1769338676
|switch|p1a: Slowking|Slowking-Galar, M|100/100|[from] Flip Turn
|move|p2a: Szczesny|Will-O-Wisp|p1a: Slowking
|-status|p1a: Slowking|brn
|
|-damage|p1a: Slowking|94/100 brn|[from] brn
|upkeep
|turn|2
|
|t:|1769338684
|-end|p2a: Szczesny|ability: Neutralizing Gas
|switch|p2a: Raillo|Landorus-Therian, M|100/100
|-ability|p2a: Raillo|Intimidate|boost
|-unboost|p1a: Slowking|atk|1
|move|p1a: Slowking|Future Sight|p2a: Raillo
|-start|p1a: Slowking|move: Future Sight
|
|-damage|p1a: Slowking|88/100 brn|[from] brn
|upkeep
|turn|3
|
|t:|1769338696
|switch|p1a: Samurott|Samurott-Hisui, M|100/100
|move|p2a: Raillo|U-turn|p1a: Samurott
|-supereffective|p1a: Samurott
|-damage|p1a: Samurott|28/100
|
|t:|1769338701
|switch|p2a: Kubo|Kingambit, M|100/100|[from] U-turn
|
|upkeep
|turn|4
|j| redshixiang
|
|t:|1769338706
|move|p2a: Kubo|Sucker Punch|p1a: Samurott
|-resisted|p1a: Samurott
|-damage|p1a: Samurott|3/100
|move|p1a: Samurott|Sacred Sword|p2a: Kubo
|-supereffective|p2a: Kubo
|-damage|p2a: Kubo|0 fnt
|faint|p2a: Kubo
|-end|p2a: Kubo|fallenundefined|[silent]
|
|-hint|Future Sight did not hit because the target is fainted.
|upkeep
|l| redshixiang
|
|t:|1769338712
|switch|p2a: Raillo|Landorus-Therian, M|100/100
|-ability|p2a: Raillo|Intimidate|boost
|-unboost|p1a: Samurott|atk|1
|turn|5
|
|t:|1769338720
|move|p2a: Raillo|U-turn|p1a: Samurott
|-supereffective|p1a: Samurott
|-damage|p1a: Samurott|0 fnt
|faint|p1a: Samurott
|
|t:|1769338741
|switch|p2a: Fran García|Deoxys-Speed, shiny|100/100|[from] U-turn
|-ability|p2a: Fran García|Pressure
|
|upkeep
|
|t:|1769338747
|switch|p1a: Scizor|Scizor, F|100/100
|turn|6
|
|t:|1769338753
|switch|p2a: Raillo|Landorus-Therian, M|100/100
|-ability|p2a: Raillo|Intimidate|boost
|-unboost|p1a: Scizor|atk|1
|move|p1a: Scizor|U-turn|p2a: Raillo
|-resisted|p2a: Raillo
|-damage|p2a: Raillo|76/100
|
|t:|1769338769
|switch|p1a: Slowking|Slowking-Galar, M|100/100 brn|[from] U-turn
|
|-damage|p1a: Slowking|94/100 brn|[from] brn
|upkeep
|turn|7
|
|t:|1769338776
|move|p2a: Raillo|Earthquake|p1a: Slowking
|-supereffective|p1a: Slowking
|-damage|p1a: Slowking|0 fnt
|faint|p1a: Slowking
|
|upkeep
|
|t:|1769338780
|switch|p1a: Great Tusk|Great Tusk|100/100
|-enditem|p1a: Great Tusk|Booster Energy
|-activate|p1a: Great Tusk|ability: Protosynthesis|[fromitem]
|-start|p1a: Great Tusk|protosynthesisspe
|turn|8
|
|t:|1769338788
|switch|p2a: Arambarri|Ogerpon-Wellspring, F|100/100
|move|p1a: Great Tusk|Rapid Spin|p2a: Arambarri
|-damage|p2a: Arambarri|80/100
|-boost|p1a: Great Tusk|spe|1
|
|upkeep
|turn|9
|
|t:|1769338794
|move|p1a: Great Tusk|Bulk Up|p1a: Great Tusk
|-boost|p1a: Great Tusk|atk|1
|-boost|p1a: Great Tusk|def|1
|move|p2a: Arambarri|Horn Leech|p1a: Great Tusk
|-supereffective|p1a: Great Tusk
|-crit|p1a: Great Tusk
|-damage|p1a: Great Tusk|19/100
|-heal|p2a: Arambarri|100/100|[from] drain|[of] p1a: Great Tusk
|
|upkeep
|turn|10
|
|t:|1769338807
|move|p1a: Great Tusk|Ice Spinner|p2a: Arambarri
|-damage|p2a: Arambarri|56/100
|move|p2a: Arambarri|Horn Leech|p1a: Great Tusk
|-supereffective|p1a: Great Tusk
|-damage|p1a: Great Tusk|0 fnt
|-heal|p2a: Arambarri|69/100|[from] drain|[of] p1a: Great Tusk
|faint|p1a: Great Tusk
|-end|p1a: Great Tusk|Protosynthesis|[silent]
|
|upkeep
|
|t:|1769338810
|switch|p1a: Dragonite|Dragonite, M|100/100
|turn|11
|
|t:|1769338815
|switch|p2a: Szczesny|Weezing-Galar, M|83/100
|-ability|p2a: Szczesny|Neutralizing Gas
|move|p1a: Dragonite|Dragon Dance|p1a: Dragonite
|-boost|p1a: Dragonite|atk|1
|-boost|p1a: Dragonite|spe|1
|
|upkeep
|turn|12
|
|t:|1769338823
|switch|p1a: Gholdengo|Gholdengo|100/100
|-item|p1a: Gholdengo|Air Balloon
|move|p2a: Szczesny|Will-O-Wisp|p1a: Gholdengo
|-status|p1a: Gholdengo|brn
|
|-damage|p1a: Gholdengo|94/100 brn|[from] brn
|upkeep
|turn|13
|
|t:|1769338843
|-end|p2a: Szczesny|ability: Neutralizing Gas
|switch|p2a: Arambarri|Ogerpon-Wellspring, F|69/100
|move|p1a: Gholdengo|Make It Rain|p2a: Arambarri
|-resisted|p2a: Arambarri
|-damage|p2a: Arambarri|31/100
|-unboost|p1a: Gholdengo|spa|1
|
|-damage|p1a: Gholdengo|88/100 brn|[from] brn
|upkeep
|turn|14
|
|t:|1769338848
|move|p2a: Arambarri|Ivy Cudgel|p1a: Gholdengo|[anim] Ivy Cudgel Water
|-crit|p1a: Gholdengo
|-damage|p1a: Gholdengo|0 fnt
|-enditem|p1a: Gholdengo|Air Balloon
|faint|p1a: Gholdengo
|
|upkeep
|
|t:|1769338853
|switch|p1a: Scizor|Scizor, F|100/100
|turn|15
|
|t:|1769338857
|move|p2a: Arambarri|Ivy Cudgel|p1a: Scizor|[anim] Ivy Cudgel Water
|-damage|p1a: Scizor|35/100
|move|p1a: Scizor|U-turn|p2a: Arambarri
|-supereffective|p2a: Arambarri
|-damage|p2a: Arambarri|0 fnt
|faint|p2a: Arambarri
|
|t:|1769338859
|switch|p1a: Dragonite|Dragonite, M|100/100|[from] U-turn
|
|upkeep
|
|t:|1769338867
|switch|p2a: Szczesny|Weezing-Galar, M|83/100
|-ability|p2a: Szczesny|Neutralizing Gas
|turn|16
|
|t:|1769338872
|switch|p1a: Scizor|Scizor, F|35/100
|move|p2a: Szczesny|Will-O-Wisp|p1a: Scizor|[miss]
|-miss|p2a: Szczesny|p1a: Scizor
|
|upkeep
|turn|17
|
|t:|1769338878
|-terastallize|p2a: Szczesny|Flying
|move|p1a: Scizor|Bullet Punch|p2a: Szczesny
|-damage|p2a: Szczesny|61/100
|move|p2a: Szczesny|Will-O-Wisp|p1a: Scizor
|-status|p1a: Scizor|brn
|
|-damage|p1a: Scizor|29/100 brn|[from] brn
|upkeep
|turn|18
|
|t:|1769338885
|move|p1a: Scizor|Bullet Punch|p2a: Szczesny
|-damage|p2a: Szczesny|50/100
|move|p2a: Szczesny|Flamethrower|p1a: Scizor
|-supereffective|p1a: Scizor
|-damage|p1a: Scizor|0 fnt
|faint|p1a: Scizor
|
|upkeep
|
|t:|1769338888
|switch|p1a: Dragonite|Dragonite, M|100/100
|turn|19
|
|t:|1769338910
|move|p1a: Dragonite|Dragon Dance|p1a: Dragonite
|-boost|p1a: Dragonite|atk|1
|-boost|p1a: Dragonite|spe|1
|move|p2a: Szczesny|Will-O-Wisp|p1a: Dragonite|[miss]
|-miss|p2a: Szczesny|p1a: Dragonite
|
|upkeep
|turn|20
|
|t:|1769338918
|move|p1a: Dragonite|Waterfall|p2a: Szczesny
|-damage|p2a: Szczesny|24/100
|move|p2a: Szczesny|Will-O-Wisp|p1a: Dragonite
|-status|p1a: Dragonite|brn
|
|-damage|p1a: Dragonite|94/100 brn|[from] brn
|upkeep
|turn|21
|
|t:|1769338946
|move|p1a: Dragonite|Dragon Dance|p1a: Dragonite
|-boost|p1a: Dragonite|atk|1
|-boost|p1a: Dragonite|spe|1
|move|p2a: Szczesny|Pain Split|p1a: Dragonite
|-sethp|p1a: Dragonite|58/100 brn|[from] move: Pain Split|[silent]
|-sethp|p2a: Szczesny|67/100|[from] move: Pain Split
|
|-heal|p1a: Dragonite|64/100 brn|[from] item: Leftovers
|-damage|p1a: Dragonite|58/100 brn|[from] brn
|upkeep
|turn|22
|
|t:|1769338952
|move|p1a: Dragonite|Dragon Dance|p1a: Dragonite
|-boost|p1a: Dragonite|atk|1
|-boost|p1a: Dragonite|spe|1
|move|p2a: Szczesny|Flamethrower|p1a: Dragonite
|-resisted|p1a: Dragonite
|-damage|p1a: Dragonite|49/100 brn
|
|-heal|p1a: Dragonite|56/100 brn|[from] item: Leftovers
|-damage|p1a: Dragonite|49/100 brn|[from] brn
|upkeep
|turn|23
|inactive|hazinho has 120 seconds left.
|
|t:|1769338978
|move|p1a: Dragonite|Roost|p1a: Dragonite
|-heal|p1a: Dragonite|99/100 brn
|-singleturn|p1a: Dragonite|move: Roost
|move|p2a: Szczesny|Flamethrower|p1a: Dragonite
|-resisted|p1a: Dragonite
|-damage|p1a: Dragonite|91/100 brn
|
|-heal|p1a: Dragonite|98/100 brn|[from] item: Leftovers
|-damage|p1a: Dragonite|91/100 brn|[from] brn
|upkeep
|turn|24
|
|t:|1769338981
|move|p1a: Dragonite|Dragon Dance|p1a: Dragonite
|-boost|p1a: Dragonite|atk|1
|-boost|p1a: Dragonite|spe|1
|move|p2a: Szczesny|Pain Split|p1a: Dragonite
|-sethp|p1a: Dragonite|75/100 brn|[from] move: Pain Split|[silent]
|-sethp|p2a: Szczesny|86/100|[from] move: Pain Split
|
|-heal|p1a: Dragonite|81/100 brn|[from] item: Leftovers
|-damage|p1a: Dragonite|75/100 brn|[from] brn
|upkeep
|turn|25
|
|t:|1769338986
|-end|p2a: Szczesny|ability: Neutralizing Gas
|switch|p2a: Raillo|Landorus-Therian, M|76/100
|-ability|p2a: Raillo|Intimidate|boost
|-unboost|p1a: Dragonite|atk|1
|move|p1a: Dragonite|Dragon Dance|p1a: Dragonite
|-boost|p1a: Dragonite|atk|1
|-boost|p1a: Dragonite|spe|1
|
|-heal|p1a: Dragonite|81/100 brn|[from] item: Leftovers
|-damage|p1a: Dragonite|75/100 brn|[from] brn
|upkeep
|turn|26
|
|t:|1769338990
|move|p1a: Dragonite|Dragon Dance|p1a: Dragonite
|-boost|p1a: Dragonite|atk|1
|-boost|p1a: Dragonite|spe|1
|move|p2a: Raillo|Stone Edge|p1a: Dragonite
|-supereffective|p1a: Dragonite
|-damage|p1a: Dragonite|2/100 brn
|
|-heal|p1a: Dragonite|8/100 brn|[from] item: Leftovers
|-damage|p1a: Dragonite|2/100 brn|[from] brn
|upkeep
|turn|27
|
|t:|1769338996
|move|p1a: Dragonite|Roost|p1a: Dragonite
|-heal|p1a: Dragonite|52/100 brn
|-singleturn|p1a: Dragonite|move: Roost
|move|p2a: Raillo|Stone Edge|p1a: Dragonite
|-damage|p1a: Dragonite|17/100 brn
|
|-heal|p1a: Dragonite|24/100 brn|[from] item: Leftovers
|-damage|p1a: Dragonite|17/100 brn|[from] brn
|upkeep
|turn|28
|
|t:|1769339003
|move|p1a: Dragonite|Roost|p1a: Dragonite
|-heal|p1a: Dragonite|67/100 brn
|-singleturn|p1a: Dragonite|move: Roost
|move|p2a: Raillo|Stone Edge|p1a: Dragonite
|-damage|p1a: Dragonite|32/100 brn
|
|-heal|p1a: Dragonite|38/100 brn|[from] item: Leftovers
|-damage|p1a: Dragonite|32/100 brn|[from] brn
|upkeep
|turn|29
|
|t:|1769339033
|move|p1a: Dragonite|Waterfall|p2a: Raillo
|-supereffective|p2a: Raillo
|-damage|p2a: Raillo|0 fnt
|faint|p2a: Raillo
|
|-heal|p1a: Dragonite|38/100 brn|[from] item: Leftovers
|-damage|p1a: Dragonite|32/100 brn|[from] brn
|upkeep
|
|t:|1769339039
|switch|p2a: Ruibal|Sylveon, M|100/100
|turn|30
|
|t:|1769339059
|-terastallize|p1a: Dragonite|Normal
|move|p1a: Dragonite|Roost|p1a: Dragonite
|-heal|p1a: Dragonite|82/100 brn
|move|p2a: Ruibal|Hyper Voice|p1a: Dragonite
|-damage|p1a: Dragonite|44/100 brn
|
|-heal|p1a: Dragonite|50/100 brn|[from] item: Leftovers
|-damage|p1a: Dragonite|44/100 brn|[from] brn
|upkeep
|turn|31
|
|t:|1769339071
|move|p1a: Dragonite|Roost|p1a: Dragonite
|-heal|p1a: Dragonite|94/100 brn
|move|p2a: Ruibal|Hyper Voice|p1a: Dragonite
|-damage|p1a: Dragonite|59/100 brn
|
|-heal|p1a: Dragonite|65/100 brn|[from] item: Leftovers
|-damage|p1a: Dragonite|59/100 brn|[from] brn
|upkeep
|turn|32
|
|t:|1769339075
|move|p1a: Dragonite|Roost|p1a: Dragonite
|-heal|p1a: Dragonite|100/100 brn
|move|p2a: Ruibal|Hyper Voice|p1a: Dragonite
|-damage|p1a: Dragonite|83/100 brn
|
|-heal|p1a: Dragonite|89/100 brn|[from] item: Leftovers
|-damage|p1a: Dragonite|83/100 brn|[from] brn
|upkeep
|turn|33
|
|t:|1769339086
|move|p2a: Ruibal|Protect|p2a: Ruibal
|-singleturn|p2a: Ruibal|Protect
|move|p1a: Dragonite|Extreme Speed|p2a: Ruibal
|-activate|p2a: Ruibal|move: Protect
|
|-heal|p1a: Dragonite|89/100 brn|[from] item: Leftovers
|-damage|p1a: Dragonite|83/100 brn|[from] brn
|upkeep
|turn|34
|
|t:|1769339094
|move|p1a: Dragonite|Extreme Speed|p2a: Ruibal
|-damage|p2a: Ruibal|43/100
|move|p2a: Ruibal|Hyper Voice|p1a: Dragonite
|-damage|p1a: Dragonite|45/100 brn
|
|-heal|p1a: Dragonite|51/100 brn|[from] item: Leftovers
|-heal|p2a: Ruibal|49/100|[from] item: Leftovers
|-damage|p1a: Dragonite|45/100 brn|[from] brn
|upkeep
|turn|35
|
|t:|1769339098
|move|p1a: Dragonite|Dragon Dance|p1a: Dragonite
|-boost|p1a: Dragonite|atk|1
|-boost|p1a: Dragonite|spe|0
|move|p2a: Ruibal|Hyper Voice|p1a: Dragonite
|-damage|p1a: Dragonite|9/100 brn
|
|-heal|p1a: Dragonite|15/100 brn|[from] item: Leftovers
|-heal|p2a: Ruibal|56/100|[from] item: Leftovers
|-damage|p1a: Dragonite|9/100 brn|[from] brn
|upkeep
|turn|36
|
|t:|1769339102
|move|p1a: Dragonite|Roost|p1a: Dragonite
|-heal|p1a: Dragonite|59/100 brn
|move|p2a: Ruibal|Hyper Voice|p1a: Dragonite
|-damage|p1a: Dragonite|25/100 brn
|
|-heal|p1a: Dragonite|31/100 brn|[from] item: Leftovers
|-heal|p2a: Ruibal|62/100|[from] item: Leftovers
|-damage|p1a: Dragonite|25/100 brn|[from] brn
|upkeep
|turn|37
|
|t:|1769339105
|move|p1a: Dragonite|Extreme Speed|p2a: Ruibal
|-damage|p2a: Ruibal|0 fnt
|faint|p2a: Ruibal
|
|-heal|p1a: Dragonite|31/100 brn|[from] item: Leftovers
|-damage|p1a: Dragonite|25/100 brn|[from] brn
|upkeep
|
|t:|1769339109
|switch|p2a: Szczesny|Weezing-Galar, M, tera:Flying|86/100
|-ability|p2a: Szczesny|Neutralizing Gas
|turn|38
|
|t:|1769339113
|move|p1a: Dragonite|Roost|p1a: Dragonite
|-heal|p1a: Dragonite|75/100 brn
|move|p2a: Szczesny|Flamethrower|p1a: Dragonite
|-damage|p1a: Dragonite|58/100 brn
|
|-heal|p1a: Dragonite|64/100 brn|[from] item: Leftovers
|-damage|p1a: Dragonite|58/100 brn|[from] brn
|upkeep
|turn|39
|
|t:|1769339118
|move|p1a: Dragonite|Extreme Speed|p2a: Szczesny
|-damage|p2a: Szczesny|33/100
|move|p2a: Szczesny|Pain Split|p1a: Dragonite
|-sethp|p1a: Dragonite|44/100 brn|[from] move: Pain Split|[silent]
|-sethp|p2a: Szczesny|50/100|[from] move: Pain Split
|
|-heal|p1a: Dragonite|50/100 brn|[from] item: Leftovers
|-damage|p1a: Dragonite|44/100 brn|[from] brn
|upkeep
|turn|40
|
|t:|1769339128
|move|p1a: Dragonite|Extreme Speed|p2a: Szczesny
|-damage|p2a: Szczesny|0 fnt
|faint|p2a: Szczesny
|-end|p2a: Szczesny|ability: Neutralizing Gas
|
|-heal|p1a: Dragonite|50/100 brn|[from] item: Leftovers
|-damage|p1a: Dragonite|44/100 brn|[from] brn
|upkeep
|
|t:|1769339131
|switch|p2a: Fran García|Deoxys-Speed, shiny|100/100
|-ability|p2a: Fran García|Pressure
|turn|41
|
|t:|1769339137
|move|p1a: Dragonite|Extreme Speed|p2a: Fran García
|-damage|p2a: Fran García|0 fnt
|faint|p2a: Fran García
|
|win|IAmNotAmanda
|raw|IAmNotAmanda's rating: 1381 &rarr; <strong>1402</strong><br />(+21 for winning)
|raw|hazinho's rating: 1405 &rarr; <strong>1384</strong><br />(-21 for losing)
|l|☆IAmNotAmanda
|player|p1|
|l|☆hazinho
|player|p2|
