|j|☆jarrodbennett
|j|☆jonabus
|t:|1769396491
|gametype|singles
|player|p1|jarrodbennett|102|1462
|player|p2|jonabus|alec-anime|1488
|gen|9
|tier|[Gen 9] OU
|rated|
|rule|HP Percentage Mod: HP is shown in percentages
|rule|Endless Battle Clause: Forcing endless battles is banned
|rule|Species Clause: Limit one of each Pokémon
|rule|OHKO Clause: OHKO moves are banned
|rule|Evasion Items Clause: Evasion items are banned
|rule|Evasion Moves Clause: Evasion moves are banned
|rule|Evasion Abilities Clause: Evasion abilities are banned
|rule|Sleep Moves Clause: Sleep-inducing moves are banned
|clearpoke
|poke|p1|Ribombee, F|
|poke|p1|Cinderace, F|
|poke|p1|Serperior, M|
|poke|p1|Hitmonlee, M|
|poke|p1|Empoleon, M|
|poke|p1|Kingambit, M|
|poke|p2|Enamorus, F|
|poke|p2|Sinistcha|
|poke|p2|Garchomp, F|
|poke|p2|Ceruledge, F|
|poke|p2|Hatterene, F|
|poke|p2|Iron Moth|
|teampreview
|
|t:|1769396496
|teamsize|p1|6
|teamsize|p2|6
|start
|switch|p1a: Ya Like Jazz?|Ribombee, F|100/100
|switch|p2a: Garchomp|Garchomp, F|100/100
|turn|1
|inactive|Battle timer is ON: inactive players will automatically lose when time's up. (requested by jonabus)
|
|t:|1769396508
|switch|p2a: Hatterene|Hatterene, F|100/100
|move|p1a: Ya Like Jazz?|Sticky Web|p2a: Hatterene
|move|p2a: Hatterene|Sticky Web|p1a: Ya Like Jazz?|[from] ability: Magic Bounce
|-sidestart|p1: jarrodbennett|move: Sticky Web
|
|upkeep
|turn|2
|
|t:|1769396516
|move|p1a: Ya Like Jazz?|Moonblast|p2a: Hatterene
|-damage|p2a: Hatterene|71/100
|move|p2a: Hatterene|Future Sight|p1a: Ya Like Jazz?
|-start|p2a: Hatterene|move: Future Sight
|
|upkeep
|turn|3
|
|t:|1769396521
|move|p1a: Ya Like Jazz?|Moonblast|p2a: Hatterene
|-damage|p2a: Hatterene|45/100
|move|p2a: Hatterene|Mystical Fire|p1a: Ya Like Jazz?
|-supereffective|p1a: Ya Like Jazz?
|-damage|p1a: Ya Like Jazz?|17/100
|
|upkeep
|turn|4
|
|t:|1769396528
|move|p1a: Ya Like Jazz?|Struggle Bug|p2a: Hatterene
|-damage|p2a: Hatterene|30/100
|-unboost|p2a: Hatterene|spa|1
|move|p2a: Hatterene|Draining Kiss|p1a: Ya Like Jazz?
|-damage|p1a: Ya Like Jazz?|0 fnt
|-heal|p2a: Hatterene|40/100|[from] drain|[of] p1a: Ya Like Jazz?
|faint|p1a: Ya Like Jazz?
|
|-hint|Future Sight did not hit because the target is fainted.
|upkeep
|
|t:|1769396541
|switch|p1a: Big Z|Empoleon, M|100/100
|-activate|p1a: Big Z|move: Sticky Web
|-unboost|p1a: Big Z|spe|1
|-ability|p1a: Big Z|Competitive|boost
|-boost|p1a: Big Z|spa|2
|turn|5
|
|t:|1769396550
|move|p1a: Big Z|Surf|p2a: Hatterene
|-crit|p2a: Hatterene
|-damage|p2a: Hatterene|0 fnt
|faint|p2a: Hatterene
|
|upkeep
|
|t:|1769396578
|switch|p2a: Ceruledge|Ceruledge, F|100/100
|turn|6
|
|t:|1769396583
|switch|p1a: What's Up Doc?|Cinderace, F|100/100
|move|p2a: Ceruledge|Swords Dance|p2a: Ceruledge
|-boost|p2a: Ceruledge|atk|2
|
|upkeep
|turn|7
|
|t:|1769396592
|move|p1a: What's Up Doc?|Taunt|p2a: Ceruledge
|-start|p1a: What's Up Doc?|typechange|Dark|[from] ability: Libero
|-start|p2a: Ceruledge|move: Taunt
|move|p2a: Ceruledge|Poltergeist|p1a: What's Up Doc?
|-activate|p1a: What's Up Doc?|move: Poltergeist|Heavy-Duty Boots
|-resisted|p1a: What's Up Doc?
|-damage|p1a: What's Up Doc?|11/100
|
|upkeep
|turn|8
|
|t:|1769396601
|move|p2a: Ceruledge|Shadow Sneak|p1a: What's Up Doc?
|-resisted|p1a: What's Up Doc?
|-damage|p1a: What's Up Doc?|0 fnt
|faint|p1a: What's Up Doc?
|
|upkeep
|
|t:|1769396606
|switch|p1a: Kickin' Nugget|Hitmonlee, M|100/100
|-activate|p1a: Kickin' Nugget|move: Sticky Web
|-unboost|p1a: Kickin' Nugget|spe|1
|-enditem|p1a: Kickin' Nugget|White Herb
|-clearnegativeboost|p1a: Kickin' Nugget|[silent]
|turn|9
|
|t:|1769396615
|move|p1a: Kickin' Nugget|Knock Off|p2a: Ceruledge
|-supereffective|p2a: Ceruledge
|-enditem|p2a: Ceruledge|Focus Sash
|-damage|p2a: Ceruledge|1/100
|-ability|p2a: Ceruledge|Weak Armor|boost
|-unboost|p2a: Ceruledge|def|1
|-boost|p2a: Ceruledge|spe|2
|move|p2a: Ceruledge|Bitter Blade|p1a: Kickin' Nugget
|-damage|p1a: Kickin' Nugget|0 fnt
|-heal|p2a: Ceruledge|42/100|[from] drain|[of] p1a: Kickin' Nugget
|faint|p1a: Kickin' Nugget
|
|-end|p2a: Ceruledge|move: Taunt
|upkeep
|
|t:|1769396629
|switch|p1a: Come At Me Bro|Kingambit, M|100/100
|-activate|p1a: Come At Me Bro|move: Sticky Web
|-unboost|p1a: Come At Me Bro|spe|1
|-ability|p1a: Come At Me Bro|Defiant|boost
|-boost|p1a: Come At Me Bro|atk|2
|turn|10
|
|t:|1769396638
|move|p1a: Come At Me Bro|Sucker Punch||[still]
|-fail|p1a: Come At Me Bro
|move|p2a: Ceruledge|Swords Dance|p2a: Ceruledge
|-boost|p2a: Ceruledge|atk|2
|
|upkeep
|turn|11
|
|t:|1769396644
|move|p1a: Come At Me Bro|Sucker Punch||[still]
|-fail|p1a: Come At Me Bro
|move|p2a: Ceruledge|Swords Dance|p2a: Ceruledge
|-boost|p2a: Ceruledge|atk|2
|
|upkeep
|turn|12
|
|t:|1769396650
|move|p1a: Come At Me Bro|Sucker Punch||[still]
|-fail|p1a: Come At Me Bro
|move|p2a: Ceruledge|Swords Dance|p2a: Ceruledge
|-boost|p2a: Ceruledge|atk|0
|
|upkeep
|turn|13
|
|t:|1769396656
|move|p1a: Come At Me Bro|Sucker Punch|p2a: Ceruledge
|-supereffective|p2a: Ceruledge
|-damage|p2a: Ceruledge|0 fnt
|faint|p2a: Ceruledge
|
|upkeep
|
|t:|1769396681
|switch|p2a: Iron Moth|Iron Moth|100/100
|-enditem|p2a: Iron Moth|Booster Energy
|-activate|p2a: Iron Moth|ability: Quark Drive|[fromitem]
|-start|p2a: Iron Moth|quarkdrivespe
|turn|14
|
|t:|1769396690
|move|p2a: Iron Moth|Fiery Dance|p1a: Come At Me Bro
|-supereffective|p1a: Come At Me Bro
|-damage|p1a: Come At Me Bro|20/100
|move|p1a: Come At Me Bro|Kowtow Cleave|p2a: Iron Moth
|-damage|p2a: Iron Moth|0 fnt
|faint|p2a: Iron Moth
|-end|p2a: Iron Moth|Quark Drive|[silent]
|
|upkeep
|
|t:|1769396699
|switch|p2a: Garchomp|Garchomp, F|100/100
|turn|15
|
|t:|1769396703
|move|p1a: Come At Me Bro|Sucker Punch||[still]
|-fail|p1a: Come At Me Bro
|move|p2a: Garchomp|Stealth Rock|p1a: Come At Me Bro
|-sidestart|p1: jarrodbennett|move: Stealth Rock
|
|upkeep
|turn|16
|
|t:|1769396708
|move|p1a: Come At Me Bro|Sucker Punch||[still]
|-fail|p1a: Come At Me Bro
|move|p2a: Garchomp|Spikes|p1a: Come At Me Bro
|-sidestart|p1: jarrodbennett|Spikes
|
|upkeep
|turn|17
|
|t:|1769396713
|move|p2a: Garchomp|Earthquake|p1a: Come At Me Bro
|-supereffective|p1a: Come At Me Bro
|-damage|p1a: Come At Me Bro|0 fnt
|faint|p1a: Come At Me Bro
|
|upkeep
|
|t:|1769396719
|switch|p1a: Slytherin|Serperior, M|100/100
|-activate|p1a: Slytherin|move: Sticky Web
|-boost|p1a: Slytherin|spe|1
|-damage|p1a: Slytherin|88/100|[from] Stealth Rock
|-damage|p1a: Slytherin|76/100|[from] Spikes
|turn|18
|
|t:|1769396725
|move|p1a: Slytherin|Leaf Storm|p2a: Garchomp
|-damage|p2a: Garchomp|54/100
|-boost|p1a: Slytherin|spa|2
|move|p2a: Garchomp|Dragon Tail|p1a: Slytherin
|-damage|p1a: Slytherin|46/100
|drag|p1a: Big Z|Empoleon, M|100/100
|-activate|p1a: Big Z|move: Sticky Web
|-unboost|p1a: Big Z|spe|1
|-ability|p1a: Big Z|Competitive|boost
|-boost|p1a: Big Z|spa|2
|-damage|p1a: Big Z|94/100|[from] Stealth Rock
|-damage|p1a: Big Z|82/100|[from] Spikes
|
|upkeep
|turn|19
|
|t:|1769396741
|-terastallize|p1a: Big Z|Ground
|move|p2a: Garchomp|Spikes|p1a: Big Z
|-sidestart|p1: jarrodbennett|Spikes
|move|p1a: Big Z|Ice Beam|p2a: Garchomp
|-supereffective|p2a: Garchomp
|-damage|p2a: Garchomp|0 fnt
|faint|p2a: Garchomp
|
|upkeep
|
|t:|1769396760
|switch|p2a: Enamorus|Enamorus, F|100/100
|turn|20
|
|t:|1769396764
|-terastallize|p2a: Enamorus|Stellar
|move|p2a: Enamorus|Tera Blast|p1a: Big Z|[anim] Tera Blast Stellar
|-supereffective|p1a: Big Z
|-damage|p1a: Big Z|22/100
|-boost|p2a: Enamorus|atk|1
|-boost|p2a: Enamorus|spa|1
|move|p1a: Big Z|Ice Beam|p2a: Enamorus
|-supereffective|p2a: Enamorus
|-damage|p2a: Enamorus|0 fnt
|faint|p2a: Enamorus
|
|upkeep
|
|t:|1769396773
|switch|p2a: Sinistcha|Sinistcha, shiny|100/100
|turn|21
|
|t:|1769396778
|move|p2a: Sinistcha|Shadow Ball|p1a: Big Z
|-damage|p1a: Big Z|2/100
|move|p1a: Big Z|Ice Beam|p2a: Sinistcha
|-supereffective|p2a: Sinistcha
|-damage|p2a: Sinistcha|0 fnt
|faint|p2a: Sinistcha
|
|win|jarrodbennett
|raw|jarrodbennett's rating: 1462 &rarr; <strong>1483</strong><br />(+21 for winning)
|raw|jonabus's rating: 1488 &rarr; <strong>1467</strong><br />(-21 for losing)
|l|☆jonabus
|player|p2|
|c|☆jarrodbennett|Gg
|l|☆jarrodbennett
|player|p1|
