|j|☆bonds2425
|j|☆Poopoo mcnuts
|t:|1769422229
|gametype|singles
|player|p1|bonds2425|flint|1336
|player|p2|Poopoo mcnuts|koga|1278
|gen|9
|tier|[Gen 9] OU
|rated|
|rule|HP Percentage Mod: HP is shown in percentages
|rule|Endless Battle Clause: Forcing endless battles is banned
|rule|Species Clause: Limit one of each Pokémon
|rule|OHKO Clause: OHKO moves are banned
|rule|Evasion Items Clause: Evasion items are banned
|rule|Evasion Moves Clause: Evasion moves are banned
|rule|Evasion Abilities Clause: Evasion abilities are banned
|rule|Sleep Moves Clause: Sleep-inducing moves are banned
|clearpoke
|poke|p1|Iron Moth|
|poke|p1|Umbreon, F|
|poke|p1|Garchomp, M|
|poke|p1|Glimmora, F|
|poke|p1|Gholdengo|
|poke|p1|Dragonite, F|
|poke|p2|Dusknoir, M|
|poke|p2|Scizor, M|
|poke|p2|Heatran, F|
|poke|p2|Gliscor, F|
|poke|p2|Rotom-Wash|
|poke|p2|Weezing-Galar, M|
|teampreview
|inactive|Battle timer is ON: inactive players will automatically lose when time's up. (requested by bonds2425)
|
|t:|1769422250
|teamsize|p1|6
|teamsize|p2|6
|start
|switch|p1a: Dragonite|Dragonite, F|100/100
|switch|p2a: Rotom|Rotom-Wash|100/100
|turn|1
|
|t:|1769422258
|move|p2a: Rotom|Volt Switch|p1a: Dragonite
|-damage|p1a: Dragonite|83/100
|
|t:|1769422262
|switch|p2a: Weezing|Weezing-Galar, M|100/100|[from] Volt Switch
|-ability|p2a: Weezing|Neutralizing Gas
|move|p1a: Dragonite|Dragon Dance|p1a: Dragonite
|-boost|p1a: Dragonite|atk|1
|-boost|p1a: Dragonite|spe|1
|
|upkeep
|turn|2
|
|t:|1769422279
|-terastallize|p1a: Dragonite|Normal
|move|p1a: Dragonite|Extreme Speed|p2a: Weezing
|-damage|p2a: Weezing|58/100
|move|p2a: Weezing|Will-O-Wisp|p1a: Dragonite
|-status|p1a: Dragonite|brn
|
|-damage|p1a: Dragonite|77/100 brn|[from] brn
|upkeep
|turn|3
|
|t:|1769422296
|move|p1a: Dragonite|Extreme Speed|p2a: Weezing
|-crit|p2a: Weezing
|-damage|p2a: Weezing|23/100
|move|p2a: Weezing|Pain Split|p1a: Dragonite
|-sethp|p1a: Dragonite|50/100 brn|[from] move: Pain Split|[silent]
|-sethp|p2a: Weezing|48/100|[from] move: Pain Split
|
|-damage|p1a: Dragonite|44/100 brn|[from] brn
|upkeep
|turn|4
|
|t:|1769422307
|-end|p2a: Weezing|ability: Neutralizing Gas
|switch|p2a: Dusknoir|Dusknoir, M|100/100
|-item|p1a: Dragonite|Heavy-Duty Boots|[from] ability: Frisk|[of] p2a: Dusknoir
|move|p1a: Dragonite|Earthquake|p2a: Dusknoir
|-damage|p2a: Dusknoir|74/100
|
|-heal|p2a: Dusknoir|80/100|[from] item: Leftovers
|-damage|p1a: Dragonite|38/100 brn|[from] brn
|upkeep
|turn|5
|
|t:|1769422319
|move|p1a: Dragonite|Ice Spinner|p2a: Dusknoir
|-damage|p2a: Dusknoir|59/100
|move|p2a: Dusknoir|Substitute|p2a: Dusknoir
|-start|p2a: Dusknoir|Substitute
|-damage|p2a: Dusknoir|34/100
|
|-heal|p2a: Dusknoir|40/100|[from] item: Leftovers
|-damage|p1a: Dragonite|31/100 brn|[from] brn
|upkeep
|turn|6
|
|t:|1769422328
|-singleturn|p2a: Dusknoir|move: Focus Punch
|move|p1a: Dragonite|Earthquake|p2a: Dusknoir
|-activate|p2a: Dusknoir|move: Substitute|[damage]
|move|p2a: Dusknoir|Focus Punch|p1a: Dragonite
|-supereffective|p1a: Dragonite
|-damage|p1a: Dragonite|0 fnt
|faint|p1a: Dragonite
|
|-heal|p2a: Dusknoir|46/100|[from] item: Leftovers
|upkeep
|inactive|bonds2425 has 120 seconds left.
|
|t:|1769422351
|switch|p1a: Umbreon|Umbreon, F, shiny|100/100
|turn|7
|
|t:|1769422358
|move|p1a: Umbreon|Foul Play|p2a: Dusknoir
|-supereffective|p2a: Dusknoir
|-end|p2a: Dusknoir|Substitute
|move|p2a: Dusknoir|Pain Split|p1a: Umbreon
|-sethp|p1a: Umbreon|68/100|[from] move: Pain Split|[silent]
|-sethp|p2a: Dusknoir|90/100|[from] move: Pain Split
|
|-heal|p1a: Umbreon|74/100|[from] item: Leftovers
|-heal|p2a: Dusknoir|96/100|[from] item: Leftovers
|upkeep
|turn|8
|
|t:|1769422367
|switch|p2a: Gliscor|Gliscor, F|100/100
|move|p1a: Umbreon|Thunder Wave|p2a: Gliscor
|-immune|p2a: Gliscor
|
|-heal|p1a: Umbreon|80/100|[from] item: Leftovers
|-status|p2a: Gliscor|tox|[from] item: Toxic Orb
|upkeep
|turn|9
|
|t:|1769422379
|move|p2a: Gliscor|Toxic|p1a: Umbreon
|-status|p1a: Umbreon|tox
|move|p1a: Umbreon|Wish|p1a: Umbreon
|
|-heal|p1a: Umbreon|86/100 tox|[from] item: Leftovers
|-damage|p1a: Umbreon|80/100 tox|[from] psn
|upkeep
|turn|10
|
|t:|1769422387
|move|p2a: Gliscor|Earthquake|p1a: Umbreon
|-damage|p1a: Umbreon|55/100 tox
|move|p1a: Umbreon|Foul Play|p2a: Gliscor
|-damage|p2a: Gliscor|77/100 tox
|
|-heal|p1a: Umbreon|100/100 tox|[from] move: Wish|[wisher] Umbreon
|-heal|p2a: Gliscor|89/100 tox|[from] ability: Poison Heal
|-damage|p1a: Umbreon|88/100 tox|[from] psn
|upkeep
|turn|11
|
|t:|1769422398
|move|p2a: Gliscor|Substitute|p2a: Gliscor
|-start|p2a: Gliscor|Substitute
|-damage|p2a: Gliscor|64/100 tox
|move|p1a: Umbreon|Wish|p1a: Umbreon
|
|-heal|p1a: Umbreon|94/100 tox|[from] item: Leftovers
|-heal|p2a: Gliscor|77/100 tox|[from] ability: Poison Heal
|-damage|p1a: Umbreon|76/100 tox|[from] psn
|upkeep
|turn|12
|
|t:|1769422409
|move|p2a: Gliscor|Earthquake|p1a: Umbreon
|-damage|p1a: Umbreon|49/100 tox
|move|p1a: Umbreon|Foul Play|p2a: Gliscor
|-end|p2a: Gliscor|Substitute
|
|-heal|p1a: Umbreon|98/100 tox|[from] move: Wish|[wisher] Umbreon
|-heal|p1a: Umbreon|100/100 tox|[from] item: Leftovers
|-heal|p2a: Gliscor|89/100 tox|[from] ability: Poison Heal
|-damage|p1a: Umbreon|76/100 tox|[from] psn
|upkeep
|turn|13
|inactive|bonds2425 has 120 seconds left.
|
|t:|1769422448
|switch|p1a: Garchomp|Garchomp, M|100/100
|move|p2a: Gliscor|Substitute|p2a: Gliscor
|-start|p2a: Gliscor|Substitute
|-damage|p2a: Gliscor|64/100 tox
|
|-heal|p2a: Gliscor|77/100 tox|[from] ability: Poison Heal
|upkeep
|turn|14
|inactive|bonds2425 has 120 seconds left.
|
|t:|1769422457
|move|p1a: Garchomp|Scale Shot|p2a: Gliscor
|-activate|p2a: Gliscor|move: Substitute|[damage]
|-activate|p2a: Gliscor|move: Substitute|[damage]
|-end|p2a: Gliscor|Substitute
|-damage|p2a: Gliscor|65/100 tox
|-damage|p2a: Gliscor|54/100 tox
|-hitcount|p2a: Gliscor|5
|-unboost|p1a: Garchomp|def|1
|-boost|p1a: Garchomp|spe|1
|move|p2a: Gliscor|Toxic|p1a: Garchomp
|-status|p1a: Garchomp|tox
|
|-damage|p1a: Garchomp|94/100 tox|[from] psn
|-heal|p2a: Gliscor|67/100 tox|[from] ability: Poison Heal
|upkeep
|turn|15
|inactive|bonds2425 has 120 seconds left.
|
|t:|1769422475
|move|p1a: Garchomp|Scale Shot|p2a: Gliscor
|-damage|p2a: Gliscor|56/100 tox
|-crit|p2a: Gliscor
|-damage|p2a: Gliscor|40/100 tox
|-damage|p2a: Gliscor|30/100 tox
|-crit|p2a: Gliscor
|-damage|p2a: Gliscor|12/100 tox
|-hitcount|p2a: Gliscor|4
|-unboost|p1a: Garchomp|def|1
|-boost|p1a: Garchomp|spe|1
|move|p2a: Gliscor|Earthquake|p1a: Garchomp
|-damage|p1a: Garchomp|31/100 tox
|
|-heal|p1a: Garchomp|37/100 tox|[from] item: Leftovers
|-damage|p1a: Garchomp|25/100 tox|[from] psn
|-heal|p2a: Gliscor|25/100 tox|[from] ability: Poison Heal
|upkeep
|turn|16
|inactive|bonds2425 has 120 seconds left.
|
|t:|1769422494
|move|p2a: Gliscor|Protect|p2a: Gliscor
|-singleturn|p2a: Gliscor|Protect
|move|p1a: Garchomp|Swords Dance|p1a: Garchomp
|-boost|p1a: Garchomp|atk|2
|
|-heal|p1a: Garchomp|31/100 tox|[from] item: Leftovers
|-damage|p1a: Garchomp|13/100 tox|[from] psn
|-heal|p2a: Gliscor|37/100 tox|[from] ability: Poison Heal
|upkeep
|turn|17
|
|t:|1769422503
|switch|p2a: Weezing|Weezing-Galar, M|48/100
|-ability|p2a: Weezing|Neutralizing Gas
|move|p1a: Garchomp|Scale Shot|p2a: Weezing
|-immune|p2a: Weezing
|
|-heal|p1a: Garchomp|19/100 tox|[from] item: Leftovers
|-damage|p1a: Garchomp|0 fnt|[from] psn
|faint|p1a: Garchomp
|upkeep
|
|t:|1769422515
|switch|p1a: Glimmora|Glimmora, F, shiny|100/100
|turn|18
|
|t:|1769422520
|move|p1a: Glimmora|Stealth Rock|p2a: Weezing
|-sidestart|p2: Poopoo mcnuts|move: Stealth Rock
|move|p2a: Weezing|Pain Split|p1a: Glimmora
|-sethp|p1a: Glimmora|76/100|[from] move: Pain Split|[silent]
|-sethp|p2a: Weezing|71/100|[from] move: Pain Split
|
|upkeep
|turn|19
|
|t:|1769422529
|move|p1a: Glimmora|Earth Power|p2a: Weezing
|-supereffective|p2a: Weezing
|-damage|p2a: Weezing|0 fnt
|faint|p2a: Weezing
|-end|p2a: Weezing|ability: Neutralizing Gas
|
|upkeep
|
|t:|1769422549
|switch|p2a: Rotom|Rotom-Wash|100/100
|-damage|p2a: Rotom|88/100|[from] Stealth Rock
|turn|20
|inactive|bonds2425 has 120 seconds left.
|
|t:|1769422588
|move|p2a: Rotom|Thunderbolt|p1a: Glimmora
|-damage|p1a: Glimmora|24/100
|move|p1a: Glimmora|Mortal Spin|p2a: Rotom
|-damage|p2a: Rotom|80/100
|-status|p2a: Rotom|psn
|
|-damage|p2a: Rotom|68/100 psn|[from] psn
|upkeep
|turn|21
|
|t:|1769422604
|switch|p2a: Gliscor|Gliscor, F|37/100 tox
|-damage|p2a: Gliscor|25/100 tox|[from] Stealth Rock
|move|p1a: Glimmora|Sludge Wave|p2a: Gliscor
|-resisted|p2a: Gliscor
|-damage|p2a: Gliscor|0 fnt
|faint|p2a: Gliscor
|
|upkeep
|
|t:|1769422629
|switch|p2a: Rotom|Rotom-Wash|68/100 psn
|-damage|p2a: Rotom|55/100 psn|[from] Stealth Rock
|turn|22
|
|t:|1769422635
|move|p2a: Rotom|Volt Switch|p1a: Glimmora
|-damage|p1a: Glimmora|0 fnt
|faint|p1a: Glimmora
|
|t:|1769422647
|switch|p2a: Scizor|Scizor, M|100/100|[from] Volt Switch
|-damage|p2a: Scizor|88/100|[from] Stealth Rock
|
|upkeep
|inactive|bonds2425 has 90 seconds left.
|inactive|bonds2425 has 60 seconds left.
|
|t:|1769422722
|switch|p1a: Iron Moth|Iron Moth, shiny|100/100
|-enditem|p1a: Iron Moth|Booster Energy
|-activate|p1a: Iron Moth|ability: Quark Drive|[fromitem]
|-start|p1a: Iron Moth|quarkdrivespe
|turn|23
|
|t:|1769422728
|switch|p2a: Heatran|Heatran, F|100/100
|-damage|p2a: Heatran|88/100|[from] Stealth Rock
|-item|p2a: Heatran|Air Balloon
|move|p1a: Iron Moth|Fiery Dance|p2a: Heatran
|-start|p2a: Heatran|ability: Flash Fire
|
|upkeep
|turn|24
|inactive|bonds2425 has 60 seconds left.
|
|t:|1769422739
|move|p1a: Iron Moth|Discharge|p2a: Heatran
|-damage|p2a: Heatran|72/100
|-status|p2a: Heatran|par
|-enditem|p2a: Heatran|Air Balloon
|move|p2a: Heatran|Earth Power|p1a: Iron Moth
|-supereffective|p1a: Iron Moth
|-crit|p1a: Iron Moth
|-damage|p1a: Iron Moth|0 fnt
|faint|p1a: Iron Moth
|-end|p1a: Iron Moth|Quark Drive|[silent]
|
|upkeep
|
|t:|1769422756
|switch|p1a: Umbreon|Umbreon, F, shiny|76/100 tox
|turn|25
|
|t:|1769422763
|move|p1a: Umbreon|Wish|p1a: Umbreon
|cant|p2a: Heatran|par
|
|-heal|p1a: Umbreon|82/100 tox|[from] item: Leftovers
|-damage|p1a: Umbreon|76/100 tox|[from] psn
|upkeep
|turn|26
|
|t:|1769422769
|move|p1a: Umbreon|Protect|p1a: Umbreon
|-singleturn|p1a: Umbreon|Protect
|cant|p2a: Heatran|par
|
|-heal|p1a: Umbreon|100/100 tox|[from] move: Wish|[wisher] Umbreon
|-damage|p1a: Umbreon|88/100 tox|[from] psn
|upkeep
|turn|27
|inactive|bonds2425 has 60 seconds left.
|
|t:|1769422776
|move|p1a: Umbreon|Foul Play|p2a: Heatran
|-damage|p2a: Heatran|52/100 par
|cant|p2a: Heatran|par
|
|-heal|p1a: Umbreon|94/100 tox|[from] item: Leftovers
|-damage|p1a: Umbreon|76/100 tox|[from] psn
|upkeep
|turn|28
|
|t:|1769422786
|move|p1a: Umbreon|Protect|p1a: Umbreon
|-singleturn|p1a: Umbreon|Protect
|cant|p2a: Heatran|par
|
|-heal|p1a: Umbreon|82/100 tox|[from] item: Leftovers
|-damage|p1a: Umbreon|58/100 tox|[from] psn
|upkeep
|turn|29
|
|t:|1769422795
|move|p1a: Umbreon|Wish|p1a: Umbreon
|move|p2a: Heatran|Magma Storm|p1a: Umbreon
|-damage|p1a: Umbreon|25/100 tox
|-activate|p1a: Umbreon|move: Magma Storm|[of] p2a: Heatran
|
|-heal|p1a: Umbreon|32/100 tox|[from] item: Leftovers
|-damage|p1a: Umbreon|1/100 tox|[from] psn
|-damage|p1a: Umbreon|0 fnt|[from] move: Magma Storm|[partiallytrapped]
|faint|p1a: Umbreon
|upkeep
|
|t:|1769422804
|switch|p1a: Gholdengo|Gholdengo|100/100
|turn|30
|
|t:|1769422814
|move|p1a: Gholdengo|Shadow Ball|p2a: Heatran
|-damage|p2a: Heatran|24/100 par
|cant|p2a: Heatran|par
|
|upkeep
|turn|31
|
|t:|1769422819
|move|p1a: Gholdengo|Shadow Ball|p2a: Heatran
|-damage|p2a: Heatran|0 fnt
|faint|p2a: Heatran
|
|upkeep
|
|t:|1769422824
|switch|p2a: Rotom|Rotom-Wash|55/100 psn
|-damage|p2a: Rotom|43/100 psn|[from] Stealth Rock
|turn|32
|inactive|Poopoo mcnuts has 120 seconds left.
|
|t:|1769422859
|move|p2a: Rotom|Volt Switch|p1a: Gholdengo
|-damage|p1a: Gholdengo|63/100
|
|t:|1769422863
|switch|p2a: Dusknoir|Dusknoir, M|96/100|[from] Volt Switch
|-damage|p2a: Dusknoir|84/100|[from] Stealth Rock
|-item|p1a: Gholdengo|Choice Scarf|[from] ability: Frisk|[of] p2a: Dusknoir
|move|p1a: Gholdengo|Shadow Ball|p2a: Dusknoir
|-supereffective|p2a: Dusknoir
|-damage|p2a: Dusknoir|4/100
|
|-heal|p2a: Dusknoir|10/100|[from] item: Leftovers
|upkeep
|turn|33
|
|t:|1769422873
|move|p1a: Gholdengo|Shadow Ball|p2a: Dusknoir
|-supereffective|p2a: Dusknoir
|-damage|p2a: Dusknoir|0 fnt
|faint|p2a: Dusknoir
|
|upkeep
|
|t:|1769422876
|switch|p2a: Rotom|Rotom-Wash|43/100 psn
|-damage|p2a: Rotom|31/100 psn|[from] Stealth Rock
|turn|34
|
|t:|1769422888
|-terastallize|p2a: Rotom|Electric
|move|p2a: Rotom|Thunderbolt|p1a: Gholdengo
|-damage|p1a: Gholdengo|0 fnt
|faint|p1a: Gholdengo
|
|win|Poopoo mcnuts
|raw|bonds2425's rating: 1336 &rarr; <strong>1313</strong><br />(-23 for losing)
|raw|Poopoo mcnuts's rating: 1278 &rarr; <strong>1307</strong><br />(+29 for winning)
|l|☆bonds2425
|player|p1|
|l|☆Poopoo mcnuts
|player|p2|
