|j|☆TheOddKeystone
|j|☆roddyj
|t:|1769439334
|gametype|singles
|player|p1|TheOddKeystone|bruno-gen2|1697
|player|p2|roddyj|ethan|1738
|gen|9
|tier|[Gen 9] OU
|rated|
|rule|HP Percentage Mod: HP is shown in percentages
|rule|Endless Battle Clause: Forcing endless battles is banned
|rule|Species Clause: Limit one of each Pokémon
|rule|OHKO Clause: OHKO moves are banned
|rule|Evasion Items Clause: Evasion items are banned
|rule|Evasion Moves Clause: Evasion moves are banned
|rule|Evasion Abilities Clause: Evasion abilities are banned
|rule|Sleep Moves Clause: Sleep-inducing moves are banned
|clearpoke
|poke|p1|Tyranitar, M|
|poke|p1|Excadrill, F|
|poke|p1|Samurott-Hisui, F|
|poke|p1|Moltres|
|poke|p1|Rillaboom, F|
|poke|p1|Clefable, F|
|poke|p2|Dragapult, M|
|poke|p2|Iron Moth|
|poke|p2|Ogerpon-Wellspring, F|
|poke|p2|Blaziken, M|
|poke|p2|Corviknight, M|
|poke|p2|Incineroar, F|
|teampreview
|inactive|Battle timer is ON: inactive players will automatically lose when time's up. (requested by roddyj)
|
|t:|1769439350
|teamsize|p1|6
|teamsize|p2|6
|start
|switch|p1a: Samurott|Samurott-Hisui, F|100/100
|switch|p2a: Dragapult|Dragapult, M, shiny|100/100
|turn|1
|
|t:|1769439355
|-terastallize|p2a: Dragapult|Dragon
|move|p2a: Dragapult|Dragon Darts|p1a: Samurott
|-damage|p1a: Samurott|34/100
|-anim|p2a: Dragapult|Dragon Darts|p1a: Samurott
|-damage|p1a: Samurott|0 fnt
|faint|p1a: Samurott
|
|upkeep
|
|t:|1769439360
|switch|p1a: Clefable|Clefable, F|100/100
|turn|2
|
|t:|1769439364
|switch|p2a: Incineroar|Incineroar, F, shiny|100/100
|-ability|p2a: Incineroar|Intimidate|boost
|-unboost|p1a: Clefable|atk|1
|move|p1a: Clefable|Stealth Rock|p2a: Incineroar
|-sidestart|p2: roddyj|move: Stealth Rock
|
|upkeep
|turn|3
|
|t:|1769439369
|move|p1a: Clefable|Moonblast|p2a: Incineroar
|-damage|p2a: Incineroar|80/100
|-unboost|p2a: Incineroar|spa|1
|move|p2a: Incineroar|Parting Shot|p1a: Clefable
|-unboost|p1a: Clefable|atk|1
|-unboost|p1a: Clefable|spa|1
|
|t:|1769439375
|switch|p2a: Corviknight|Corviknight, M, shiny|100/100|[from] Parting Shot
|-damage|p2a: Corviknight|88/100|[from] Stealth Rock
|-ability|p2a: Corviknight|Pressure
|
|-heal|p2a: Corviknight|94/100|[from] item: Leftovers
|upkeep
|turn|4
|
|t:|1769439381
|move|p2a: Corviknight|Defog|p1a: Clefable
|-unboost|p1a: Clefable|evasion|1
|-sideend|p2: roddyj|Stealth Rock|[from] move: Defog|[of] p2a: Corviknight
|move|p1a: Clefable|Flamethrower|p2a: Corviknight
|-supereffective|p2a: Corviknight
|-damage|p2a: Corviknight|67/100
|
|-heal|p2a: Corviknight|73/100|[from] item: Leftovers
|upkeep
|turn|5
|
|t:|1769439387
|switch|p2a: Incineroar|Incineroar, F, shiny|80/100
|-ability|p2a: Incineroar|Intimidate|boost
|-unboost|p1a: Clefable|atk|1
|move|p1a: Clefable|Stealth Rock|p2a: Incineroar
|-sidestart|p2: roddyj|move: Stealth Rock
|
|upkeep
|turn|6
|j| omoqaqqwq
|
|t:|1769439393
|switch|p1a: Moltres|Moltres|100/100
|move|p2a: Incineroar|Parting Shot|p1a: Moltres
|-unboost|p1a: Moltres|atk|1
|-unboost|p1a: Moltres|spa|1
|
|t:|1769439402
|switch|p2a: Corviknight|Corviknight, M, shiny|73/100|[from] Parting Shot
|-damage|p2a: Corviknight|61/100|[from] Stealth Rock
|-ability|p2a: Corviknight|Pressure
|
|-heal|p2a: Corviknight|67/100|[from] item: Leftovers
|upkeep
|turn|7
|
|t:|1769439407
|move|p1a: Moltres|Flamethrower|p2a: Corviknight
|-supereffective|p2a: Corviknight
|-damage|p2a: Corviknight|21/100
|move|p2a: Corviknight|Defog|p1a: Moltres
|-unboost|p1a: Moltres|evasion|1
|-sideend|p2: roddyj|Stealth Rock|[from] move: Defog|[of] p2a: Corviknight
|
|-heal|p2a: Corviknight|27/100|[from] item: Leftovers
|upkeep
|turn|8
|
|t:|1769439418
|switch|p2a: Incineroar|Incineroar, F, shiny|80/100
|-ability|p2a: Incineroar|Intimidate|boost
|-unboost|p1a: Moltres|atk|1
|move|p1a: Moltres|U-turn|p2a: Incineroar
|-damage|p2a: Incineroar|73/100
|
|t:|1769439420
|switch|p1a: Clefable|Clefable, F|100/100|[from] U-turn
|
|upkeep
|turn|9
|
|t:|1769439423
|move|p1a: Clefable|Stealth Rock|p2a: Incineroar
|-sidestart|p2: roddyj|move: Stealth Rock
|move|p2a: Incineroar|Knock Off|p1a: Clefable
|-resisted|p1a: Clefable
|-damage|p1a: Clefable|87/100
|-enditem|p1a: Clefable|Leftovers|[from] move: Knock Off|[of] p2a: Incineroar
|
|upkeep
|turn|10
|
|t:|1769439426
|move|p1a: Clefable|Moonblast|p2a: Incineroar
|-damage|p2a: Incineroar|52/100
|move|p2a: Incineroar|Temper Flare|p1a: Clefable
|-damage|p1a: Clefable|64/100
|
|upkeep
|turn|11
|
|t:|1769439432
|switch|p1a: Moltres|Moltres|100/100
|move|p2a: Incineroar|Parting Shot|p1a: Moltres
|-unboost|p1a: Moltres|atk|1
|-unboost|p1a: Moltres|spa|1
|
|t:|1769439440
|switch|p2a: Dragapult|Dragapult, M, shiny, tera:Dragon|100/100|[from] Parting Shot
|-damage|p2a: Dragapult|88/100|[from] Stealth Rock
|
|upkeep
|turn|12
|l| omoqaqqwq
|
|t:|1769439447
|switch|p1a: Excadrill|Excadrill, F|100/100
|move|p2a: Dragapult|Dragon Darts|p1a: Excadrill
|-resisted|p1a: Excadrill
|-damage|p1a: Excadrill|60/100
|-anim|p2a: Dragapult|Dragon Darts|p1a: Excadrill
|-resisted|p1a: Excadrill
|-damage|p1a: Excadrill|23/100
|
|-heal|p1a: Excadrill|30/100|[from] item: Leftovers
|upkeep
|turn|13
|
|t:|1769439454
|switch|p2a: Corviknight|Corviknight, M, shiny|27/100
|-damage|p2a: Corviknight|15/100|[from] Stealth Rock
|-ability|p2a: Corviknight|Pressure
|switch|p1a: Clefable|Clefable, F|64/100
|
|-heal|p2a: Corviknight|21/100|[from] item: Leftovers
|upkeep
|turn|14
|
|t:|1769439457
|move|p2a: Corviknight|Roost|p2a: Corviknight
|-heal|p2a: Corviknight|71/100
|-singleturn|p2a: Corviknight|move: Roost
|move|p1a: Clefable|Flamethrower|p2a: Corviknight
|-supereffective|p2a: Corviknight
|-damage|p2a: Corviknight|35/100
|
|-heal|p2a: Corviknight|41/100|[from] item: Leftovers
|upkeep
|turn|15
|
|t:|1769439459
|switch|p1a: Moltres|Moltres|100/100
|move|p2a: Corviknight|Defog|p1a: Moltres
|-unboost|p1a: Moltres|evasion|1
|-sideend|p2: roddyj|Stealth Rock|[from] move: Defog|[of] p2a: Corviknight
|
|-heal|p2a: Corviknight|47/100|[from] item: Leftovers
|upkeep
|turn|16
|
|t:|1769439464
|switch|p2a: Dragapult|Dragapult, M, shiny, tera:Dragon|88/100
|move|p1a: Moltres|U-turn|p2a: Dragapult
|-damage|p2a: Dragapult|68/100
|
|t:|1769439466
|switch|p1a: Clefable|Clefable, F|64/100|[from] U-turn
|
|upkeep
|turn|17
|
|t:|1769439469
|move|p2a: Dragapult|U-turn|p1a: Clefable
|-resisted|p1a: Clefable
|-damage|p1a: Clefable|49/100
|
|t:|1769439472
|switch|p2a: Iron Moth|Iron Moth|100/100|[from] U-turn
|-enditem|p2a: Iron Moth|Booster Energy
|-activate|p2a: Iron Moth|ability: Quark Drive|[fromitem]
|-start|p2a: Iron Moth|quarkdrivespa
|move|p1a: Clefable|Moonlight|p1a: Clefable
|-heal|p1a: Clefable|99/100
|
|upkeep
|turn|18
|
|t:|1769439477
|switch|p1a: Tyranitar|Tyranitar, M|100/100
|-weather|Sandstorm|[from] ability: Sand Stream|[of] p1a: Tyranitar
|move|p2a: Iron Moth|Fiery Dance|p1a: Tyranitar
|-resisted|p1a: Tyranitar
|-damage|p1a: Tyranitar|82/100
|-boost|p2a: Iron Moth|spa|1
|
|-weather|Sandstorm|[upkeep]
|-damage|p2a: Iron Moth|95/100|[from] Sandstorm
|upkeep
|turn|19
|
|t:|1769439482
|-end|p2a: Iron Moth|Quark Drive|[silent]
|switch|p2a: Incineroar|Incineroar, F, shiny|52/100
|-ability|p2a: Incineroar|Intimidate|boost
|-unboost|p1a: Tyranitar|atk|1
|switch|p1a: Excadrill|Excadrill, F|30/100
|
|-weather|Sandstorm|[upkeep]
|-damage|p2a: Incineroar|46/100|[from] Sandstorm
|-heal|p1a: Excadrill|36/100|[from] item: Leftovers
|upkeep
|turn|20
|
|t:|1769439488
|switch|p1a: Clefable|Clefable, F|99/100
|move|p2a: Incineroar|Will-O-Wisp|p1a: Clefable
|-status|p1a: Clefable|brn
|
|-weather|Sandstorm|[upkeep]
|-damage|p1a: Clefable|93/100 brn|[from] Sandstorm
|-damage|p2a: Incineroar|39/100|[from] Sandstorm
|-damage|p1a: Clefable|87/100 brn|[from] brn
|upkeep
|turn|21
|
|t:|1769439491
|move|p1a: Clefable|Stealth Rock|p2a: Incineroar
|-sidestart|p2: roddyj|move: Stealth Rock
|move|p2a: Incineroar|Parting Shot|p1a: Clefable
|-unboost|p1a: Clefable|atk|1
|-unboost|p1a: Clefable|spa|1
|
|t:|1769439493
|switch|p2a: Corviknight|Corviknight, M, shiny|47/100|[from] Parting Shot
|-damage|p2a: Corviknight|34/100|[from] Stealth Rock
|-ability|p2a: Corviknight|Pressure
|
|-weather|Sandstorm|[upkeep]
|-damage|p1a: Clefable|81/100 brn|[from] Sandstorm
|-heal|p2a: Corviknight|40/100|[from] item: Leftovers
|-damage|p1a: Clefable|75/100 brn|[from] brn
|upkeep
|turn|22
|
|t:|1769439496
|switch|p1a: Moltres|Moltres|100/100
|move|p2a: Corviknight|Roost|p2a: Corviknight
|-heal|p2a: Corviknight|90/100
|-singleturn|p2a: Corviknight|move: Roost
|
|-weather|none
|-heal|p2a: Corviknight|96/100|[from] item: Leftovers
|upkeep
|turn|23
|
|t:|1769439500
|switch|p2a: Incineroar|Incineroar, F, shiny|39/100
|-ability|p2a: Incineroar|Intimidate|boost
|-unboost|p1a: Moltres|atk|1
|move|p1a: Moltres|Flamethrower|p2a: Incineroar
|-resisted|p2a: Incineroar
|-damage|p2a: Incineroar|28/100
|
|upkeep
|turn|24
|
|t:|1769439503
|move|p1a: Moltres|U-turn|p2a: Incineroar
|-damage|p2a: Incineroar|19/100
|
|t:|1769439507
|switch|p1a: Excadrill|Excadrill, F|36/100|[from] U-turn
|move|p2a: Incineroar|Parting Shot|p1a: Excadrill
|-unboost|p1a: Excadrill|atk|1
|-unboost|p1a: Excadrill|spa|1
|
|t:|1769439510
|switch|p2a: Corviknight|Corviknight, M, shiny|96/100|[from] Parting Shot
|-damage|p2a: Corviknight|84/100|[from] Stealth Rock
|-ability|p2a: Corviknight|Pressure
|
|-heal|p1a: Excadrill|42/100|[from] item: Leftovers
|-heal|p2a: Corviknight|90/100|[from] item: Leftovers
|upkeep
|turn|25
|
|t:|1769439515
|switch|p1a: Moltres|Moltres|100/100
|move|p2a: Corviknight|Defog|p1a: Moltres
|-unboost|p1a: Moltres|evasion|1
|-sideend|p2: roddyj|Stealth Rock|[from] move: Defog|[of] p2a: Corviknight
|
|-heal|p2a: Corviknight|96/100|[from] item: Leftovers
|upkeep
|turn|26
|
|t:|1769439521
|switch|p2a: Iron Moth|Iron Moth|95/100
|move|p1a: Moltres|Flamethrower|p2a: Iron Moth
|-resisted|p2a: Iron Moth
|-damage|p2a: Iron Moth|76/100
|
|upkeep
|turn|27
|
|t:|1769439526
|-end|p2a: Iron Moth|Quark Drive|[silent]
|switch|p2a: Incineroar|Incineroar, F, shiny|19/100
|-ability|p2a: Incineroar|Intimidate|boost
|-unboost|p1a: Moltres|atk|1
|move|p1a: Moltres|U-turn|p2a: Incineroar
|-damage|p2a: Incineroar|10/100
|
|t:|1769439528
|switch|p1a: Excadrill|Excadrill, F|42/100|[from] U-turn
|
|-heal|p1a: Excadrill|48/100|[from] item: Leftovers
|upkeep
|turn|28
|
|t:|1769439532
|switch|p2a: Corviknight|Corviknight, M, shiny|96/100
|-ability|p2a: Corviknight|Pressure
|move|p1a: Excadrill|Iron Head|p2a: Corviknight
|-resisted|p2a: Corviknight
|-damage|p2a: Corviknight|82/100
|
|-heal|p1a: Excadrill|54/100|[from] item: Leftovers
|-heal|p2a: Corviknight|88/100|[from] item: Leftovers
|upkeep
|turn|29
|j| lambdaequation
|
|t:|1769439543
|switch|p1a: Moltres|Moltres|100/100
|switch|p2a: Dragapult|Dragapult, M, shiny, tera:Dragon|68/100
|
|upkeep
|turn|30
|
|t:|1769439547
|switch|p1a: Clefable|Clefable, F|75/100 brn
|move|p2a: Dragapult|Dragon Darts|p1a: Clefable
|-immune|p1a: Clefable
|
|-damage|p1a: Clefable|69/100 brn|[from] brn
|upkeep
|turn|31
|
|t:|1769439551
|switch|p2a: Corviknight|Corviknight, M, shiny|88/100
|-ability|p2a: Corviknight|Pressure
|move|p1a: Clefable|Stealth Rock|p2a: Corviknight
|-sidestart|p2: roddyj|move: Stealth Rock
|
|-heal|p2a: Corviknight|94/100|[from] item: Leftovers
|-damage|p1a: Clefable|62/100 brn|[from] brn
|upkeep
|turn|32
|
|t:|1769439553
|move|p2a: Corviknight|Defog|p1a: Clefable
|-unboost|p1a: Clefable|evasion|1
|-sideend|p2: roddyj|Stealth Rock|[from] move: Defog|[of] p2a: Corviknight
|move|p1a: Clefable|Moonlight|p1a: Clefable
|-heal|p1a: Clefable|100/100 brn
|
|-heal|p2a: Corviknight|99/100|[from] item: Leftovers
|-damage|p1a: Clefable|94/100 brn|[from] brn
|upkeep
|turn|33
|
|t:|1769439560
|move|p2a: Corviknight|Brave Bird|p1a: Clefable
|-damage|p1a: Clefable|66/100 brn
|-damage|p2a: Corviknight|91/100|[from] Recoil
|move|p1a: Clefable|Stealth Rock|p2a: Corviknight
|-sidestart|p2: roddyj|move: Stealth Rock
|
|-heal|p2a: Corviknight|97/100|[from] item: Leftovers
|-damage|p1a: Clefable|60/100 brn|[from] brn
|upkeep
|turn|34
|
|t:|1769439565
|move|p2a: Corviknight|Defog|p1a: Clefable
|-unboost|p1a: Clefable|evasion|1
|-sideend|p2: roddyj|Stealth Rock|[from] move: Defog|[of] p2a: Corviknight
|move|p1a: Clefable|Moonlight|p1a: Clefable
|-heal|p1a: Clefable|100/100 brn
|
|-heal|p2a: Corviknight|100/100|[from] item: Leftovers
|-damage|p1a: Clefable|94/100 brn|[from] brn
|upkeep
|turn|35
|
|t:|1769439570
|move|p2a: Corviknight|Brave Bird|p1a: Clefable
|-damage|p1a: Clefable|68/100 brn
|-damage|p2a: Corviknight|92/100|[from] Recoil
|move|p1a: Clefable|Stealth Rock|p2a: Corviknight
|-sidestart|p2: roddyj|move: Stealth Rock
|
|-heal|p2a: Corviknight|98/100|[from] item: Leftovers
|-damage|p1a: Clefable|62/100 brn|[from] brn
|upkeep
|turn|36
|
|t:|1769439575
|move|p2a: Corviknight|Defog|p1a: Clefable
|-unboost|p1a: Clefable|evasion|1
|-sideend|p2: roddyj|Stealth Rock|[from] move: Defog|[of] p2a: Corviknight
|move|p1a: Clefable|Moonlight|p1a: Clefable
|-heal|p1a: Clefable|100/100 brn
|
|-heal|p2a: Corviknight|100/100|[from] item: Leftovers
|-damage|p1a: Clefable|94/100 brn|[from] brn
|upkeep
|turn|37
|
|t:|1769439579
|switch|p1a: Moltres|Moltres|100/100
|move|p2a: Corviknight|Brave Bird|p1a: Moltres
|-damage|p1a: Moltres|76/100
|-status|p2a: Corviknight|brn|[from] ability: Flame Body|[of] p1a: Moltres
|-damage|p2a: Corviknight|93/100 brn|[from] Recoil
|
|-heal|p2a: Corviknight|99/100 brn|[from] item: Leftovers
|-damage|p2a: Corviknight|93/100 brn|[from] brn
|upkeep
|turn|38
|
|t:|1769439586
|switch|p2a: Incineroar|Incineroar, F, shiny|10/100
|-ability|p2a: Incineroar|Intimidate|boost
|-unboost|p1a: Moltres|atk|1
|move|p1a: Moltres|Flamethrower|p2a: Incineroar
|-resisted|p2a: Incineroar
|-damage|p2a: Incineroar|0 fnt
|faint|p2a: Incineroar
|
|upkeep
|
|t:|1769439594
|switch|p2a: Blaziken|Blaziken, M, shiny|100/100
|turn|39
|
|t:|1769439597
|move|p2a: Blaziken|Swords Dance|p2a: Blaziken
|-boost|p2a: Blaziken|atk|2
|move|p1a: Moltres|Roar|p2a: Blaziken
|drag|p2a: Ogerpon|Ogerpon-Wellspring, F|100/100
|
|upkeep
|turn|40
|
|t:|1769439601
|switch|p1a: Rillaboom|Rillaboom, F|100/100
|-fieldstart|move: Grassy Terrain|[from] ability: Grassy Surge|[of] p1a: Rillaboom
|move|p2a: Ogerpon|Ivy Cudgel|p1a: Rillaboom|[anim] Ivy Cudgel Water
|-resisted|p1a: Rillaboom
|-damage|p1a: Rillaboom|67/100
|
|-heal|p1a: Rillaboom|73/100|[from] Grassy Terrain
|upkeep
|turn|41
|
|t:|1769439608
|switch|p2a: Iron Moth|Iron Moth|76/100
|move|p1a: Rillaboom|U-turn|p2a: Iron Moth
|-resisted|p2a: Iron Moth
|-damage|p2a: Iron Moth|59/100
|
|t:|1769439611
|switch|p1a: Tyranitar|Tyranitar, M|82/100|[from] U-turn
|-weather|Sandstorm|[from] ability: Sand Stream|[of] p1a: Tyranitar
|
|-weather|Sandstorm|[upkeep]
|-damage|p2a: Iron Moth|53/100|[from] Sandstorm
|-heal|p2a: Iron Moth|59/100|[from] Grassy Terrain
|-heal|p1a: Tyranitar|88/100|[from] Grassy Terrain
|upkeep
|turn|42
|
|t:|1769439618
|-end|p2a: Iron Moth|Quark Drive|[silent]
|switch|p2a: Ogerpon|Ogerpon-Wellspring, F|100/100
|move|p1a: Tyranitar|Knock Off|p2a: Ogerpon
|-damage|p2a: Ogerpon|51/100
|
|-weather|Sandstorm|[upkeep]
|-damage|p2a: Ogerpon|45/100|[from] Sandstorm
|-heal|p2a: Ogerpon|51/100|[from] Grassy Terrain
|-heal|p1a: Tyranitar|94/100|[from] Grassy Terrain
|upkeep
|turn|43
|
|t:|1769439623
|switch|p1a: Rillaboom|Rillaboom, F|73/100
|move|p2a: Ogerpon|Ivy Cudgel|p1a: Rillaboom|[anim] Ivy Cudgel Water
|-resisted|p1a: Rillaboom
|-damage|p1a: Rillaboom|41/100
|
|-weather|Sandstorm|[upkeep]
|-damage|p2a: Ogerpon|45/100|[from] Sandstorm
|-damage|p1a: Rillaboom|35/100|[from] Sandstorm
|-heal|p2a: Ogerpon|51/100|[from] Grassy Terrain
|-heal|p1a: Rillaboom|41/100|[from] Grassy Terrain
|upkeep
|turn|44
|j| omoqaqqwq
|
|t:|1769439629
|switch|p2a: Iron Moth|Iron Moth|59/100
|move|p1a: Rillaboom|U-turn|p2a: Iron Moth
|-resisted|p2a: Iron Moth
|-crit|p2a: Iron Moth
|-damage|p2a: Iron Moth|36/100
|l| omoqaqqwq
|
|t:|1769439634
|switch|p1a: Excadrill|Excadrill, F|54/100|[from] U-turn
|
|-weather|Sandstorm|[upkeep]
|-damage|p2a: Iron Moth|30/100|[from] Sandstorm
|-heal|p1a: Excadrill|60/100|[from] Grassy Terrain
|-heal|p1a: Excadrill|66/100|[from] item: Leftovers
|-heal|p2a: Iron Moth|36/100|[from] Grassy Terrain
|-fieldend|move: Grassy Terrain
|upkeep
|turn|45
|
|t:|1769439640
|switch|p1a: Clefable|Clefable, F|94/100 brn
|-end|p2a: Iron Moth|Quark Drive|[silent]
|switch|p2a: Corviknight|Corviknight, M, shiny|93/100 brn
|-ability|p2a: Corviknight|Pressure
|
|-weather|none
|-heal|p2a: Corviknight|99/100 brn|[from] item: Leftovers
|-damage|p2a: Corviknight|93/100 brn|[from] brn
|-damage|p1a: Clefable|88/100 brn|[from] brn
|upkeep
|turn|46
|
|t:|1769439643
|switch|p2a: Ogerpon|Ogerpon-Wellspring, F|51/100
|move|p1a: Clefable|Stealth Rock|p2a: Ogerpon
|-sidestart|p2: roddyj|move: Stealth Rock
|
|-damage|p1a: Clefable|82/100 brn|[from] brn
|upkeep
|turn|47
|
|t:|1769439651
|move|p2a: Ogerpon|Swords Dance|p2a: Ogerpon
|-boost|p2a: Ogerpon|atk|2
|move|p1a: Clefable|Moonblast|p2a: Ogerpon
|-damage|p2a: Ogerpon|13/100
|
|-damage|p1a: Clefable|76/100 brn|[from] brn
|upkeep
|turn|48
|
|t:|1769439657
|switch|p1a: Excadrill|Excadrill, F|66/100
|move|p2a: Ogerpon|Ivy Cudgel|p1a: Excadrill|[anim] Ivy Cudgel Water
|-supereffective|p1a: Excadrill
|-damage|p1a: Excadrill|0 fnt
|faint|p1a: Excadrill
|
|upkeep
|
|t:|1769439659
|switch|p1a: Rillaboom|Rillaboom, F|41/100
|-fieldstart|move: Grassy Terrain|[from] ability: Grassy Surge|[of] p1a: Rillaboom
|turn|49
|
|t:|1769439664
|switch|p2a: Corviknight|Corviknight, M, shiny|93/100 brn
|-damage|p2a: Corviknight|80/100 brn|[from] Stealth Rock
|-ability|p2a: Corviknight|Pressure
|move|p1a: Rillaboom|Grassy Glide|p2a: Corviknight
|-resisted|p2a: Corviknight
|-damage|p2a: Corviknight|72/100 brn
|
|-heal|p1a: Rillaboom|47/100|[from] Grassy Terrain
|-heal|p2a: Corviknight|78/100 brn|[from] item: Leftovers
|-damage|p2a: Corviknight|72/100 brn|[from] brn
|upkeep
|turn|50
|
|t:|1769439668
|switch|p1a: Moltres|Moltres|76/100
|move|p2a: Corviknight|Defog|p1a: Moltres
|-unboost|p1a: Moltres|evasion|1
|-sideend|p2: roddyj|Stealth Rock|[from] move: Defog|[of] p2a: Corviknight
|-fieldend|move: Grassy Terrain
|
|-heal|p2a: Corviknight|78/100 brn|[from] item: Leftovers
|-damage|p2a: Corviknight|72/100 brn|[from] brn
|upkeep
|turn|51
|
|t:|1769439674
|switch|p2a: Iron Moth|Iron Moth|36/100
|move|p1a: Moltres|Flamethrower|p2a: Iron Moth
|-resisted|p2a: Iron Moth
|-damage|p2a: Iron Moth|15/100
|
|upkeep
|turn|52
|
|t:|1769439677
|switch|p1a: Tyranitar|Tyranitar, M|94/100
|-weather|Sandstorm|[from] ability: Sand Stream|[of] p1a: Tyranitar
|move|p2a: Iron Moth|Sludge Wave|p1a: Tyranitar
|-resisted|p1a: Tyranitar
|-damage|p1a: Tyranitar|79/100
|
|-weather|Sandstorm|[upkeep]
|-damage|p2a: Iron Moth|9/100|[from] Sandstorm
|upkeep
|turn|53
|
|t:|1769439680
|move|p2a: Iron Moth|Sludge Wave|p1a: Tyranitar
|-resisted|p1a: Tyranitar
|-damage|p1a: Tyranitar|62/100
|-status|p1a: Tyranitar|psn
|move|p1a: Tyranitar|Dragon Dance|p1a: Tyranitar
|-boost|p1a: Tyranitar|atk|1
|-boost|p1a: Tyranitar|spe|1
|
|-weather|Sandstorm|[upkeep]
|-damage|p2a: Iron Moth|3/100|[from] Sandstorm
|-damage|p1a: Tyranitar|50/100 psn|[from] psn
|upkeep
|turn|54
|
|t:|1769439686
|-end|p2a: Iron Moth|Quark Drive|[silent]
|switch|p2a: Corviknight|Corviknight, M, shiny|72/100 brn
|-ability|p2a: Corviknight|Pressure
|move|p1a: Tyranitar|Dragon Dance|p1a: Tyranitar
|-boost|p1a: Tyranitar|atk|1
|-boost|p1a: Tyranitar|spe|1
|
|-weather|Sandstorm|[upkeep]
|-heal|p2a: Corviknight|78/100 brn|[from] item: Leftovers
|-damage|p1a: Tyranitar|38/100 psn|[from] psn
|-damage|p2a: Corviknight|72/100 brn|[from] brn
|upkeep
|turn|55
|
|t:|1769439691
|move|p1a: Tyranitar|Knock Off|p2a: Corviknight
|-damage|p2a: Corviknight|6/100 brn
|-enditem|p2a: Corviknight|Leftovers|[from] move: Knock Off|[of] p1a: Tyranitar
|move|p2a: Corviknight|Roost|p2a: Corviknight
|-heal|p2a: Corviknight|56/100 brn
|-singleturn|p2a: Corviknight|move: Roost
|
|-weather|Sandstorm|[upkeep]
|-damage|p1a: Tyranitar|25/100 psn|[from] psn
|-damage|p2a: Corviknight|50/100 brn|[from] brn
|upkeep
|turn|56
|
|t:|1769439701
|move|p1a: Tyranitar|Knock Off|p2a: Corviknight
|-damage|p2a: Corviknight|7/100 brn
|move|p2a: Corviknight|Roost|p2a: Corviknight
|-heal|p2a: Corviknight|57/100 brn
|-singleturn|p2a: Corviknight|move: Roost
|
|-weather|none
|-damage|p1a: Tyranitar|13/100 psn|[from] psn
|-damage|p2a: Corviknight|51/100 brn|[from] brn
|upkeep
|turn|57
|
|t:|1769439705
|move|p1a: Tyranitar|Knock Off|p2a: Corviknight
|-damage|p2a: Corviknight|2/100 brn
|move|p2a: Corviknight|Roost|p2a: Corviknight
|-heal|p2a: Corviknight|52/100 brn
|-singleturn|p2a: Corviknight|move: Roost
|
|-damage|p1a: Tyranitar|1/100 psn|[from] psn
|-damage|p2a: Corviknight|46/100 brn|[from] brn
|upkeep
|turn|58
|
|t:|1769439708
|move|p1a: Tyranitar|Knock Off|p2a: Corviknight
|-damage|p2a: Corviknight|2/100 brn
|move|p2a: Corviknight|Roost|p2a: Corviknight
|-heal|p2a: Corviknight|52/100 brn
|-singleturn|p2a: Corviknight|move: Roost
|
|-damage|p1a: Tyranitar|0 fnt|[from] psn
|faint|p1a: Tyranitar
|-damage|p2a: Corviknight|46/100 brn|[from] brn
|upkeep
|
|t:|1769439711
|switch|p1a: Moltres|Moltres|76/100
|turn|59
|
|t:|1769439716
|switch|p2a: Iron Moth|Iron Moth|3/100
|move|p1a: Moltres|Flamethrower|p2a: Iron Moth
|-resisted|p2a: Iron Moth
|-damage|p2a: Iron Moth|0 fnt
|faint|p2a: Iron Moth
|-end|p2a: Iron Moth|Quark Drive|[silent]
|
|upkeep
|
|t:|1769439719
|switch|p2a: Ogerpon|Ogerpon-Wellspring, F|13/100
|turn|60
|l| lambdaequation
|
|t:|1769439725
|-terastallize|p1a: Moltres|Fairy
|move|p2a: Ogerpon|Ivy Cudgel|p1a: Moltres|[anim] Ivy Cudgel Water
|-damage|p1a: Moltres|34/100
|move|p1a: Moltres|Flamethrower|p2a: Ogerpon
|-damage|p2a: Ogerpon|0 fnt
|faint|p2a: Ogerpon
|
|upkeep
|
|t:|1769439733
|switch|p2a: Blaziken|Blaziken, M, shiny|100/100
|turn|61
|
|t:|1769439738
|move|p2a: Blaziken|Blaze Kick|p1a: Moltres
|-damage|p1a: Moltres|0 fnt
|faint|p1a: Moltres
|
|-ability|p2a: Blaziken|Speed Boost|boost
|-boost|p2a: Blaziken|spe|1
|upkeep
|
|t:|1769439741
|switch|p1a: Clefable|Clefable, F|76/100 brn
|turn|62
|
|t:|1769439745
|move|p2a: Blaziken|Swords Dance|p2a: Blaziken
|-boost|p2a: Blaziken|atk|2
|move|p1a: Clefable|Moonblast|p2a: Blaziken
|-damage|p2a: Blaziken|56/100
|-unboost|p2a: Blaziken|spa|1
|
|-damage|p1a: Clefable|70/100 brn|[from] brn
|-ability|p2a: Blaziken|Speed Boost|boost
|-boost|p2a: Blaziken|spe|1
|upkeep
|turn|63
|
|t:|1769439750
|move|p2a: Blaziken|Blaze Kick|p1a: Clefable
|-damage|p1a: Clefable|35/100 brn
|move|p1a: Clefable|Moonlight|p1a: Clefable
|-heal|p1a: Clefable|85/100 brn
|
|-damage|p1a: Clefable|79/100 brn|[from] brn
|-ability|p2a: Blaziken|Speed Boost|boost
|-boost|p2a: Blaziken|spe|1
|upkeep
|turn|64
|
|t:|1769439755
|move|p2a: Blaziken|Blaze Kick|p1a: Clefable
|-damage|p1a: Clefable|43/100 brn
|move|p1a: Clefable|Moonblast|p2a: Blaziken
|-damage|p2a: Blaziken|8/100
|
|-damage|p1a: Clefable|37/100 brn|[from] brn
|-ability|p2a: Blaziken|Speed Boost|boost
|-boost|p2a: Blaziken|spe|1
|upkeep
|turn|65
|
|t:|1769439764
|move|p2a: Blaziken|Reversal|p1a: Clefable
|-resisted|p1a: Clefable
|-damage|p1a: Clefable|9/100 brn
|move|p1a: Clefable|Moonlight|p1a: Clefable
|-heal|p1a: Clefable|59/100 brn
|
|-damage|p1a: Clefable|53/100 brn|[from] brn
|-ability|p2a: Blaziken|Speed Boost|boost
|-boost|p2a: Blaziken|spe|1
|upkeep
|turn|66
|
|t:|1769439775
|move|p2a: Blaziken|Reversal|p1a: Clefable
|-resisted|p1a: Clefable
|-damage|p1a: Clefable|24/100 brn
|move|p1a: Clefable|Moonlight|p1a: Clefable
|-heal|p1a: Clefable|74/100 brn
|
|-damage|p1a: Clefable|68/100 brn|[from] brn
|-ability|p2a: Blaziken|Speed Boost|boost
|-boost|p2a: Blaziken|spe|1
|upkeep
|turn|67
|
|t:|1769439778
|move|p2a: Blaziken|Endure|p2a: Blaziken
|-singleturn|p2a: Blaziken|move: Endure
|move|p1a: Clefable|Moonblast|p2a: Blaziken
|-activate|p2a: Blaziken|move: Endure
|-damage|p2a: Blaziken|1/100
|
|-damage|p1a: Clefable|62/100 brn|[from] brn
|upkeep
|turn|68
|
|t:|1769439782
|move|p2a: Blaziken|Reversal|p1a: Clefable
|-resisted|p1a: Clefable
|-damage|p1a: Clefable|24/100 brn
|move|p1a: Clefable|Moonblast|p2a: Blaziken
|-damage|p2a: Blaziken|0 fnt
|faint|p2a: Blaziken
|
|-damage|p1a: Clefable|18/100 brn|[from] brn
|upkeep
|
|t:|1769439793
|switch|p2a: Dragapult|Dragapult, M, shiny, tera:Dragon|68/100
|turn|69
|
|t:|1769439796
|move|p2a: Dragapult|U-turn|p1a: Clefable
|-resisted|p1a: Clefable
|-damage|p1a: Clefable|4/100 brn
|
|t:|1769439798
|switch|p2a: Corviknight|Corviknight, M, shiny|46/100 brn|[from] U-turn
|-ability|p2a: Corviknight|Pressure
|move|p1a: Clefable|Moonlight|p1a: Clefable
|-heal|p1a: Clefable|54/100 brn
|
|-damage|p2a: Corviknight|40/100 brn|[from] brn
|-damage|p1a: Clefable|48/100 brn|[from] brn
|upkeep
|turn|70
|
|t:|1769439803
|switch|p1a: Rillaboom|Rillaboom, F|47/100
|-fieldstart|move: Grassy Terrain|[from] ability: Grassy Surge|[of] p1a: Rillaboom
|move|p2a: Corviknight|Roost|p2a: Corviknight
|-heal|p2a: Corviknight|90/100 brn
|-singleturn|p2a: Corviknight|move: Roost
|
|-heal|p1a: Rillaboom|53/100|[from] Grassy Terrain
|-heal|p2a: Corviknight|96/100 brn|[from] Grassy Terrain
|-damage|p2a: Corviknight|90/100 brn|[from] brn
|upkeep
|turn|71
|
|t:|1769439810
|move|p1a: Rillaboom|Knock Off|p2a: Corviknight
|-damage|p2a: Corviknight|70/100 brn
|move|p2a: Corviknight|Brave Bird|p1a: Rillaboom
|-supereffective|p1a: Rillaboom
|-damage|p1a: Rillaboom|12/100
|-damage|p2a: Corviknight|58/100 brn|[from] Recoil
|
|-heal|p1a: Rillaboom|18/100|[from] Grassy Terrain
|-damage|p2a: Corviknight|52/100 brn|[from] brn
|upkeep
|turn|72
|
|t:|1769439817
|switch|p1a: Clefable|Clefable, F|48/100 brn
|move|p2a: Corviknight|Brave Bird|p1a: Clefable
|-damage|p1a: Clefable|34/100 brn
|-damage|p2a: Corviknight|48/100 brn|[from] Recoil
|
|-heal|p1a: Clefable|40/100 brn|[from] Grassy Terrain
|-damage|p2a: Corviknight|42/100 brn|[from] brn
|-damage|p1a: Clefable|34/100 brn|[from] brn
|upkeep
|turn|73
|
|t:|1769439825
|move|p2a: Corviknight|Roost|p2a: Corviknight
|-heal|p2a: Corviknight|92/100 brn
|-singleturn|p2a: Corviknight|move: Roost
|move|p1a: Clefable|Flamethrower|p2a: Corviknight
|-supereffective|p2a: Corviknight
|-damage|p2a: Corviknight|53/100 brn
|
|-heal|p2a: Corviknight|59/100 brn|[from] Grassy Terrain
|-heal|p1a: Clefable|40/100 brn|[from] Grassy Terrain
|-damage|p2a: Corviknight|53/100 brn|[from] brn
|-damage|p1a: Clefable|34/100 brn|[from] brn
|upkeep
|turn|74
|
|t:|1769439852
|move|p2a: Corviknight|Brave Bird|p1a: Clefable
|-damage|p1a: Clefable|19/100 brn
|-damage|p2a: Corviknight|49/100 brn|[from] Recoil
|move|p1a: Clefable|Flamethrower|p2a: Corviknight
|-supereffective|p2a: Corviknight
|-damage|p2a: Corviknight|13/100 brn
|
|-heal|p1a: Clefable|25/100 brn|[from] Grassy Terrain
|-damage|p2a: Corviknight|7/100 brn|[from] brn
|-damage|p1a: Clefable|19/100 brn|[from] brn
|-fieldend|move: Grassy Terrain
|upkeep
|turn|75
|
|t:|1769439869
|move|p2a: Corviknight|Body Press|p1a: Clefable
|-resisted|p1a: Clefable
|-damage|p1a: Clefable|14/100 brn
|move|p1a: Clefable|Stealth Rock|p2a: Corviknight
|-sidestart|p2: roddyj|move: Stealth Rock
|
|-damage|p2a: Corviknight|1/100 brn|[from] brn
|-damage|p1a: Clefable|8/100 brn|[from] brn
|upkeep
|turn|76
|
|t:|1769439875
|move|p2a: Corviknight|Defog|p1a: Clefable
|-unboost|p1a: Clefable|evasion|1
|-sideend|p2: roddyj|Stealth Rock|[from] move: Defog|[of] p2a: Corviknight
|move|p1a: Clefable|Moonblast|p2a: Corviknight
|-resisted|p2a: Corviknight
|-damage|p2a: Corviknight|0 fnt
|faint|p2a: Corviknight
|
|-damage|p1a: Clefable|2/100 brn|[from] brn
|upkeep
|
|t:|1769439878
|switch|p2a: Dragapult|Dragapult, M, shiny, tera:Dragon|68/100
|turn|77
|
|t:|1769439883
|move|p2a: Dragapult|U-turn|p1a: Clefable
|-resisted|p1a: Clefable
|-damage|p1a: Clefable|0 fnt
|faint|p1a: Clefable
|
|upkeep
|
|t:|1769439885
|switch|p1a: Rillaboom|Rillaboom, F|18/100
|-fieldstart|move: Grassy Terrain|[from] ability: Grassy Surge|[of] p1a: Rillaboom
|turn|78
|
|t:|1769439889
|move|p1a: Rillaboom|Grassy Glide|p2a: Dragapult
|-resisted|p2a: Dragapult
|-damage|p2a: Dragapult|29/100
|move|p2a: Dragapult|U-turn|p1a: Rillaboom
|-supereffective|p1a: Rillaboom
|-damage|p1a: Rillaboom|0 fnt
|faint|p1a: Rillaboom
|
|win|roddyj
|raw|TheOddKeystone's rating: 1697 &rarr; <strong>1679</strong><br />(-18 for losing)
|raw|roddyj's rating: 1738 &rarr; <strong>1756</strong><br />(+18 for winning)
|c|☆roddyj|gg
|l|☆TheOddKeystone
|player|p1|
|l|☆roddyj
|player|p2|
