|j|☆Timbred
|j|☆yesgamerfleet
|t:|1769343601
|gametype|singles
|player|p1|Timbred|byron|1379
|player|p2|yesgamerfleet|2|1415
|gen|9
|tier|[Gen 9] OU
|rated|
|rule|HP Percentage Mod: HP is shown in percentages
|rule|Endless Battle Clause: Forcing endless battles is banned
|rule|Species Clause: Limit one of each Pokémon
|rule|OHKO Clause: OHKO moves are banned
|rule|Evasion Items Clause: Evasion items are banned
|rule|Evasion Moves Clause: Evasion moves are banned
|rule|Evasion Abilities Clause: Evasion abilities are banned
|rule|Sleep Moves Clause: Sleep-inducing moves are banned
|clearpoke
|poke|p1|Ninetales-Alola, M|
|poke|p1|Mandibuzz, F|
|poke|p1|Clodsire, M|
|poke|p1|Jirachi|
|poke|p1|Grafaiai, F|
|poke|p1|Ursaluna, M|
|poke|p2|Rillaboom, M|
|poke|p2|Hawlucha, F|
|poke|p2|Kingambit, M|
|poke|p2|Iron Valiant|
|poke|p2|Samurott-Hisui, M|
|poke|p2|Dragapult, F|
|teampreview
|
|t:|1769343613
|teamsize|p1|6
|teamsize|p2|6
|start
|switch|p1a: selling tail $4|Grafaiai, F|100/100
|switch|p2a: Samurott|Samurott-Hisui, M|100/100
|turn|1
|c|☆yesgamerfleet|selling taik\l
|
|t:|1769343623
|move|p1a: selling tail $4|U-turn|p2a: Samurott
|-supereffective|p2a: Samurott
|-damage|p2a: Samurott|61/100
|-status|p2a: Samurott|psn|[from] ability: Poison Touch|[of] p1a: selling tail $4
|
|t:|1769343627
|switch|p1a: finger lickin good|Mandibuzz, F|100/100|[from] U-turn
|move|p2a: Samurott|Ceaseless Edge|p1a: finger lickin good
|-resisted|p1a: finger lickin good
|-crit|p1a: finger lickin good
|-damage|p1a: finger lickin good|78/100
|-sidestart|p1: Timbred|Spikes
|
|-damage|p2a: Samurott|48/100 psn|[from] psn
|upkeep
|turn|2
|
|t:|1769343638
|move|p2a: Samurott|Ceaseless Edge|p1a: finger lickin good
|-resisted|p1a: finger lickin good
|-crit|p1a: finger lickin good
|-damage|p1a: finger lickin good|56/100
|-sidestart|p1: Timbred|Spikes
|move|p1a: finger lickin good|Defog|p2a: Samurott
|-unboost|p2a: Samurott|evasion|1
|-sideend|p1: Timbred|Spikes|[from] move: Defog|[of] p1a: finger lickin good
|
|-damage|p2a: Samurott|36/100 psn|[from] psn
|upkeep
|turn|3
|
|t:|1769343647
|move|p2a: Samurott|Ceaseless Edge|p1a: finger lickin good
|-resisted|p1a: finger lickin good
|-damage|p1a: finger lickin good|42/100
|-sidestart|p1: Timbred|Spikes
|move|p1a: finger lickin good|Roost|p1a: finger lickin good
|-heal|p1a: finger lickin good|92/100
|-singleturn|p1a: finger lickin good|move: Roost
|
|-damage|p2a: Samurott|23/100 psn|[from] psn
|upkeep
|turn|4
|
|t:|1769343656
|switch|p2a: Kingambit|Kingambit, M, shiny|100/100
|move|p1a: finger lickin good|Defog|p2a: Kingambit
|-unboost|p2a: Kingambit|evasion|1
|-sideend|p1: Timbred|Spikes|[from] move: Defog|[of] p1a: finger lickin good
|
|upkeep
|turn|5
|
|t:|1769343662
|switch|p1a: selling tail $4|Grafaiai, F|100/100
|move|p2a: Kingambit|Swords Dance|p2a: Kingambit
|-boost|p2a: Kingambit|atk|2
|
|upkeep
|turn|6
|
|t:|1769343669
|move|p1a: selling tail $4|Switcheroo|p2a: Kingambit
|-activate|p1a: selling tail $4|move: Trick|[of] p2a: Kingambit
|-item|p2a: Kingambit|Choice Scarf|[from] move: Switcheroo
|-item|p1a: selling tail $4|Black Glasses|[from] move: Switcheroo
|move|p2a: Kingambit|Kowtow Cleave|p1a: selling tail $4
|-damage|p1a: selling tail $4|0 fnt
|faint|p1a: selling tail $4
|
|upkeep
|
|t:|1769343684
|switch|p1a: im missing a tail|Ninetales-Alola, M|100/100
|-weather|Snowscape|[from] ability: Snow Warning|[of] p1a: im missing a tail
|turn|7
|
|t:|1769343687
|move|p1a: im missing a tail|Aurora Veil|p1a: im missing a tail
|-sidestart|p1: Timbred|move: Aurora Veil
|move|p2a: Kingambit|Kowtow Cleave|p1a: im missing a tail
|-resisted|p1a: im missing a tail
|-damage|p1a: im missing a tail|81/100
|
|-weather|Snowscape|[upkeep]
|upkeep
|turn|8
|
|t:|1769343693
|-end|p2a: Kingambit|fallenundefined|[silent]
|switch|p2a: Samurott|Samurott-Hisui, M|23/100 psn
|move|p1a: im missing a tail|Moonblast|p2a: Samurott
|-supereffective|p2a: Samurott
|-damage|p2a: Samurott|0 fnt
|faint|p2a: Samurott
|
|-weather|Snowscape|[upkeep]
|upkeep
|
|t:|1769343709
|switch|p2a: Kingambit|Kingambit, M, shiny|100/100
|-activate|p2a: Kingambit|ability: Supreme Overlord
|-start|p2a: Kingambit|fallen1|[silent]
|turn|9
|
|t:|1769343717
|switch|p1a: free hugs|Clodsire, M|100/100
|move|p2a: Kingambit|Swords Dance|p2a: Kingambit
|-boost|p2a: Kingambit|atk|2
|
|-weather|Snowscape|[upkeep]
|upkeep
|turn|10
|c|☆Timbred|:(
|
|t:|1769343727
|-end|p2a: Kingambit|fallen1|[silent]
|switch|p2a: Rillaboom|Rillaboom, M|100/100
|-fieldstart|move: Grassy Terrain|[from] ability: Grassy Surge|[of] p2a: Rillaboom
|move|p1a: free hugs|Stockpile|p1a: free hugs
|-start|p1a: free hugs|stockpile1
|-boost|p1a: free hugs|def|1
|-boost|p1a: free hugs|spd|1
|
|-weather|Snowscape|[upkeep]
|upkeep
|turn|11
|
|t:|1769343735
|move|p2a: Rillaboom|Swords Dance|p2a: Rillaboom
|-boost|p2a: Rillaboom|atk|2
|move|p1a: free hugs|Stockpile|p1a: free hugs
|-start|p1a: free hugs|stockpile2
|-boost|p1a: free hugs|def|1
|-boost|p1a: free hugs|spd|1
|
|-weather|none
|upkeep
|turn|12
|
|t:|1769343751
|move|p2a: Rillaboom|Swords Dance|p2a: Rillaboom
|-boost|p2a: Rillaboom|atk|2
|move|p1a: free hugs|Toxic|p2a: Rillaboom
|-status|p2a: Rillaboom|tox
|
|-damage|p2a: Rillaboom|94/100 tox|[from] psn
|upkeep
|turn|13
|c|☆yesgamerfleet|stockpile
|c|☆yesgamerfleet|damn
|c|☆Timbred|big cloddy
|
|t:|1769343764
|move|p2a: Rillaboom|Swords Dance|p2a: Rillaboom
|-boost|p2a: Rillaboom|atk|2
|move|p1a: free hugs|Stockpile|p1a: free hugs
|-start|p1a: free hugs|stockpile3
|-boost|p1a: free hugs|def|1
|-boost|p1a: free hugs|spd|1
|
|-heal|p2a: Rillaboom|100/100 tox|[from] Grassy Terrain
|-damage|p2a: Rillaboom|88/100 tox|[from] psn
|upkeep
|turn|14
|c|☆yesgamerfleet|how many turns
|
|t:|1769343773
|move|p2a: Rillaboom|Swords Dance|p2a: Rillaboom
|-boost|p2a: Rillaboom|atk|0
|move|p1a: free hugs|Body Press|p2a: Rillaboom
|-damage|p2a: Rillaboom|33/100 tox
|
|-heal|p2a: Rillaboom|40/100 tox|[from] Grassy Terrain
|-damage|p2a: Rillaboom|21/100 tox|[from] psn
|-sideend|p1: Timbred|move: Aurora Veil
|-fieldend|move: Grassy Terrain
|upkeep
|turn|15
|c|☆Timbred|max 3
|
|t:|1769343789
|move|p2a: Rillaboom|High Horsepower|p1a: free hugs|[miss]
|-miss|p2a: Rillaboom|p1a: free hugs
|move|p1a: free hugs|Recover||[still]
|-fail|p1a: free hugs|heal
|
|-damage|p2a: Rillaboom|0 fnt|[from] psn
|faint|p2a: Rillaboom
|upkeep
|c|☆yesgamerfleet|clod is a cutie
|c|☆Timbred|where is your clod
|c|☆yesgamerfleet|i cant find a way to use it
|c|☆yesgamerfleet|:(
|c|☆Timbred|team emotional support
|c|☆yesgamerfleet|whenver i use it it dies
|c|☆yesgamerfleet|ikr
|
|t:|1769343852
|switch|p2a: Hawlucha|Hawlucha, F, shiny|100/100
|turn|16
|
|t:|1769343857
|move|p2a: Hawlucha|Substitute|p2a: Hawlucha
|-start|p2a: Hawlucha|Substitute
|-damage|p2a: Hawlucha|76/100
|move|p1a: free hugs|Toxic||[still]
|-fail|p1a: free hugs
|
|upkeep
|turn|17
|
|t:|1769343862
|move|p2a: Hawlucha|Acrobatics|p1a: free hugs
|-damage|p1a: free hugs|93/100
|move|p1a: free hugs|Body Press|p2a: Hawlucha
|-resisted|p2a: Hawlucha
|-end|p2a: Hawlucha|Substitute
|
|upkeep
|turn|18
|
|t:|1769343869
|move|p2a: Hawlucha|Swords Dance|p2a: Hawlucha
|-boost|p2a: Hawlucha|atk|2
|move|p1a: free hugs|Body Press|p2a: Hawlucha
|-resisted|p2a: Hawlucha
|-damage|p2a: Hawlucha|41/100
|
|upkeep
|turn|19
|c|☆yesgamerfleet|gg
|c|☆yesgamerfleet|take the win clod
|
|t:|1769343880
|-terastallize|p2a: Hawlucha|Flying
|move|p2a: Hawlucha|Acrobatics|p1a: free hugs
|-damage|p1a: free hugs|82/100
|move|p1a: free hugs|Body Press|p2a: Hawlucha
|-resisted|p2a: Hawlucha
|-damage|p2a: Hawlucha|6/100
|
|upkeep
|turn|20
|
|t:|1769343889
|move|p2a: Hawlucha|Acrobatics|p1a: free hugs
|-damage|p1a: free hugs|72/100
|move|p1a: free hugs|Body Press|p2a: Hawlucha
|-resisted|p2a: Hawlucha
|-damage|p2a: Hawlucha|0 fnt
|faint|p2a: Hawlucha
|
|upkeep
|
|t:|1769343894
|switch|p2a: Iron Valiant|Iron Valiant|100/100
|-enditem|p2a: Iron Valiant|Booster Energy
|-activate|p2a: Iron Valiant|ability: Quark Drive|[fromitem]
|-start|p2a: Iron Valiant|quarkdrivespe
|turn|21
|
|t:|1769343899
|move|p2a: Iron Valiant|Swords Dance|p2a: Iron Valiant
|-boost|p2a: Iron Valiant|atk|2
|move|p1a: free hugs|Toxic|p2a: Iron Valiant
|-status|p2a: Iron Valiant|tox
|
|-damage|p2a: Iron Valiant|94/100 tox|[from] psn
|upkeep
|turn|22
|c|☆Timbred|so uh
|c|☆Timbred|you know cloddy has unaware?
|
|t:|1769343911
|move|p2a: Iron Valiant|Knock Off|p1a: free hugs
|-damage|p1a: free hugs|63/100
|-enditem|p1a: free hugs|Covert Cloak|[from] move: Knock Off|[of] p2a: Iron Valiant
|move|p1a: free hugs|Recover|p1a: free hugs
|-heal|p1a: free hugs|100/100
|
|-damage|p2a: Iron Valiant|82/100 tox|[from] psn
|upkeep
|turn|23
|c|☆yesgamerfleet|ye i do
|c|☆yesgamerfleet|im tryna get a crit
|c|☆Timbred|donjt crit :(
|
|t:|1769343926
|move|p2a: Iron Valiant|Spirit Break|p1a: free hugs
|-resisted|p1a: free hugs
|-damage|p1a: free hugs|95/100
|-unboost|p1a: free hugs|spa|1
|move|p1a: free hugs|Body Press|p2a: Iron Valiant
|-resisted|p2a: Iron Valiant
|-damage|p2a: Iron Valiant|53/100 tox
|
|-damage|p2a: Iron Valiant|35/100 tox|[from] psn
|upkeep
|turn|24
|
|t:|1769343935
|move|p2a: Iron Valiant|Knock Off|p1a: free hugs
|-damage|p1a: free hugs|88/100
|move|p1a: free hugs|Body Press|p2a: Iron Valiant
|-resisted|p2a: Iron Valiant
|-damage|p2a: Iron Valiant|4/100 tox
|
|-damage|p2a: Iron Valiant|0 fnt|[from] psn
|faint|p2a: Iron Valiant
|-end|p2a: Iron Valiant|Quark Drive|[silent]
|upkeep
|c|☆yesgamerfleet|ok u deserve it ggs
|
|t:|1769343944
|switch|p2a: Kingambit|Kingambit, M, shiny|100/100
|-activate|p2a: Kingambit|ability: Supreme Overlord
|-start|p2a: Kingambit|fallen4|[silent]
|turn|25
|
|t:|1769343947
|move|p2a: Kingambit|Swords Dance|p2a: Kingambit
|-boost|p2a: Kingambit|atk|2
|move|p1a: free hugs|Body Press|p2a: Kingambit
|-supereffective|p2a: Kingambit
|-damage|p2a: Kingambit|0 fnt
|faint|p2a: Kingambit
|-end|p2a: Kingambit|fallen4|[silent]
|
|upkeep
|
|t:|1769343959
|switch|p2a: Dragapult|Dragapult, F, shiny|100/100
|turn|26
|
|t:|1769343962
|move|p2a: Dragapult|U-turn|p1a: free hugs
|-resisted|p1a: free hugs
|-damage|p1a: free hugs|85/100
|move|p1a: free hugs|Toxic|p2a: Dragapult
|-status|p2a: Dragapult|tox
|
|-damage|p2a: Dragapult|95/100 tox|[from] psn
|upkeep
|turn|27
|
|t:|1769343969
|move|p2a: Dragapult|U-turn|p1a: free hugs
|-resisted|p1a: free hugs
|-damage|p1a: free hugs|83/100
|move|p1a: free hugs|Stockpile||[still]
|-fail|p1a: free hugs
|
|-damage|p2a: Dragapult|83/100 tox|[from] psn
|upkeep
|turn|28
|
|t:|1769343991
|move|p2a: Dragapult|U-turn|p1a: free hugs
|-resisted|p1a: free hugs
|-damage|p1a: free hugs|80/100
|move|p1a: free hugs|Stockpile||[still]
|-fail|p1a: free hugs
|
|-damage|p2a: Dragapult|65/100 tox|[from] psn
|upkeep
|turn|29
|
|t:|1769343998
|move|p2a: Dragapult|U-turn|p1a: free hugs
|-resisted|p1a: free hugs
|-damage|p1a: free hugs|78/100
|move|p1a: free hugs|Stockpile||[still]
|-fail|p1a: free hugs
|
|-damage|p2a: Dragapult|41/100 tox|[from] psn
|upkeep
|turn|30
|
|t:|1769344004
|move|p2a: Dragapult|U-turn|p1a: free hugs
|-resisted|p1a: free hugs
|-damage|p1a: free hugs|75/100
|move|p1a: free hugs|Stockpile||[still]
|-fail|p1a: free hugs
|
|-damage|p2a: Dragapult|11/100 tox|[from] psn
|upkeep
|turn|31
|
|t:|1769344011
|move|p2a: Dragapult|U-turn|p1a: free hugs
|-resisted|p1a: free hugs
|-damage|p1a: free hugs|72/100
|move|p1a: free hugs|Stockpile||[still]
|-fail|p1a: free hugs
|
|-damage|p2a: Dragapult|0 fnt|[from] psn
|faint|p2a: Dragapult
|
|win|Timbred
|raw|Timbred's rating: 1379 &rarr; <strong>1401</strong><br />(+22 for winning)
|raw|yesgamerfleet's rating: 1415 &rarr; <strong>1393</strong><br />(-22 for losing)
|c|☆yesgamerfleet|ggs
|c|☆Timbred|gg
|c|☆Timbred|cloddy says ty for battle
|l|☆Timbred
|player|p1|
|l|☆yesgamerfleet
|player|p2|
