|j|☆TheStrok
|j|☆jhxf
|t:|1769395395
|gametype|singles
|player|p1|TheStrok|janitor|1287
|player|p2|jhxf|170|1321
|gen|9
|tier|[Gen 9] OU
|rated|
|rule|HP Percentage Mod: HP is shown in percentages
|rule|Endless Battle Clause: Forcing endless battles is banned
|rule|Species Clause: Limit one of each Pokémon
|rule|OHKO Clause: OHKO moves are banned
|rule|Evasion Items Clause: Evasion items are banned
|rule|Evasion Moves Clause: Evasion moves are banned
|rule|Evasion Abilities Clause: Evasion abilities are banned
|rule|Sleep Moves Clause: Sleep-inducing moves are banned
|clearpoke
|poke|p1|Okidogi, M|
|poke|p1|Mew|
|poke|p1|Darkrai|
|poke|p1|Rillaboom, M|
|poke|p1|Blaziken, M|
|poke|p1|Gliscor, F|
|poke|p2|Raging Bolt|
|poke|p2|Ninetales, M|
|poke|p2|Venusaur, M|
|poke|p2|Walking Wake|
|poke|p2|Great Tusk|
|poke|p2|Corviknight, M|
|teampreview
|inactive|Battle timer is ON: inactive players will automatically lose when time's up. (requested by jhxf)
|j| cletus van damm
|j| mistahmerrikuu
|j| imbleach
|inactive|TheStrok has 120 seconds left.
|
|t:|1769395448
|teamsize|p1|6
|teamsize|p2|6
|start
|switch|p1a: High Ground|Blaziken, M|100/100
|switch|p2a: Ninetales|Ninetales, M|100/100
|-item|p1a: High Ground|Air Balloon
|-weather|SunnyDay|[from] ability: Drought|[of] p2a: Ninetales
|turn|1
|
|t:|1769395466
|switch|p2a: Walking Wake|Walking Wake|100/100
|-activate|p2a: Walking Wake|ability: Protosynthesis
|-start|p2a: Walking Wake|protosynthesisspa
|move|p1a: High Ground|Swords Dance|p1a: High Ground
|-boost|p1a: High Ground|atk|2
|
|-weather|SunnyDay|[upkeep]
|-ability|p1a: High Ground|Speed Boost|boost
|-boost|p1a: High Ground|spe|1
|upkeep
|turn|2
|
|t:|1769395479
|move|p1a: High Ground|Close Combat|p2a: Walking Wake
|-damage|p2a: Walking Wake|0 fnt
|-unboost|p1a: High Ground|def|1
|-unboost|p1a: High Ground|spd|1
|faint|p2a: Walking Wake
|-end|p2a: Walking Wake|Protosynthesis|[silent]
|
|-weather|SunnyDay|[upkeep]
|-ability|p1a: High Ground|Speed Boost|boost
|-boost|p1a: High Ground|spe|1
|upkeep
|
|t:|1769395492
|switch|p2a: Great Tusk|Great Tusk|100/100
|-activate|p2a: Great Tusk|ability: Protosynthesis
|-start|p2a: Great Tusk|protosynthesisdef
|turn|3
|
|t:|1769395517
|move|p1a: High Ground|Swords Dance|p1a: High Ground
|-boost|p1a: High Ground|atk|2
|move|p2a: Great Tusk|Rapid Spin|p1a: High Ground
|-damage|p1a: High Ground|65/100
|-boost|p2a: Great Tusk|spe|1
|-enditem|p1a: High Ground|Air Balloon
|
|-weather|SunnyDay|[upkeep]
|-ability|p1a: High Ground|Speed Boost|boost
|-boost|p1a: High Ground|spe|1
|upkeep
|turn|4
|
|t:|1769395526
|move|p1a: High Ground|Flare Blitz|p2a: Great Tusk
|-damage|p2a: Great Tusk|0 fnt
|faint|p2a: Great Tusk
|-end|p2a: Great Tusk|Protosynthesis|[silent]
|-damage|p1a: High Ground|17/100|[from] Recoil
|
|-weather|SunnyDay|[upkeep]
|-ability|p1a: High Ground|Speed Boost|boost
|-boost|p1a: High Ground|spe|1
|upkeep
|
|t:|1769395534
|switch|p2a: Raging Bolt|Raging Bolt|100/100
|-activate|p2a: Raging Bolt|ability: Protosynthesis
|-start|p2a: Raging Bolt|protosynthesisspa
|turn|5
|
|t:|1769395551
|move|p2a: Raging Bolt|Thunderclap||[still]
|-fail|p2a: Raging Bolt
|move|p1a: High Ground|Swords Dance|p1a: High Ground
|-boost|p1a: High Ground|atk|2
|
|-weather|SunnyDay|[upkeep]
|-ability|p1a: High Ground|Speed Boost|boost
|-boost|p1a: High Ground|spe|1
|upkeep
|turn|6
|
|t:|1769395558
|move|p1a: High Ground|Upper Hand|p2a: Raging Bolt
|-damage|p2a: Raging Bolt|0 fnt
|faint|p2a: Raging Bolt
|-end|p2a: Raging Bolt|Protosynthesis|[silent]
|
|-weather|SunnyDay|[upkeep]
|-ability|p1a: High Ground|Speed Boost|boost
|-boost|p1a: High Ground|spe|1
|upkeep
|-message|jhxf forfeited.
|
|win|TheStrok
|raw|TheStrok's rating: 1287 &rarr; <strong>1314</strong><br />(+27 for winning)
|raw|jhxf's rating: 1321 &rarr; <strong>1299</strong><br />(-22 for losing)
|l|☆jhxf
|player|p2|
