|j|☆pbnk
|j|☆Trainermilton00
|t:|1769297735
|gametype|singles
|player|p1|pbnk|birdkeeper-gen4dp|1128
|player|p2|Trainermilton00|morty|1131
|gen|9
|tier|[Gen 9] OU
|rated|
|rule|HP Percentage Mod: HP is shown in percentages
|rule|Endless Battle Clause: Forcing endless battles is banned
|rule|Species Clause: Limit one of each Pokémon
|rule|OHKO Clause: OHKO moves are banned
|rule|Evasion Items Clause: Evasion items are banned
|rule|Evasion Moves Clause: Evasion moves are banned
|rule|Evasion Abilities Clause: Evasion abilities are banned
|rule|Sleep Moves Clause: Sleep-inducing moves are banned
|clearpoke
|poke|p1|Pelipper, M|
|poke|p1|Glimmora, F|
|poke|p1|Rillaboom, M|
|poke|p1|Walking Wake|
|poke|p1|Slowking-Galar, M|
|poke|p1|Tornadus-Therian, M|
|poke|p2|Gliscor, F|
|poke|p2|Gholdengo|
|poke|p2|Rillaboom, M|
|poke|p2|Iron Valiant|
|poke|p2|Kingambit, M|
|poke|p2|Great Tusk|
|teampreview
|
|t:|1769297755
|teamsize|p1|6
|teamsize|p2|6
|start
|switch|p1a: Pelipper|Pelipper, M|100/100
|switch|p2a: Gliscor|Gliscor, F|100/100
|-weather|RainDance|[from] ability: Drizzle|[of] p1a: Pelipper
|turn|1
|
|t:|1769297772
|-terastallize|p2a: Gliscor|Water
|move|p2a: Gliscor|Spikes|p1a: Pelipper
|-sidestart|p1: pbnk|Spikes
|move|p1a: Pelipper|Surf|p2a: Gliscor
|-resisted|p2a: Gliscor
|-damage|p2a: Gliscor|64/100
|
|-weather|RainDance|[upkeep]
|-status|p2a: Gliscor|tox|[from] item: Toxic Orb
|upkeep
|turn|2
|
|t:|1769297787
|move|p2a: Gliscor|Knock Off|p1a: Pelipper
|-damage|p1a: Pelipper|79/100
|-enditem|p1a: Pelipper|Damp Rock|[from] move: Knock Off|[of] p2a: Gliscor
|move|p1a: Pelipper|U-turn|p2a: Gliscor
|-damage|p2a: Gliscor|59/100 tox
|
|t:|1769297801
|switch|p1a: Rillaboom|Rillaboom, M|100/100|[from] U-turn
|-damage|p1a: Rillaboom|88/100|[from] Spikes
|-fieldstart|move: Grassy Terrain|[from] ability: Grassy Surge|[of] p1a: Rillaboom
|
|-weather|RainDance|[upkeep]
|-heal|p1a: Rillaboom|94/100|[from] Grassy Terrain
|-heal|p2a: Gliscor|65/100 tox|[from] Grassy Terrain
|-heal|p2a: Gliscor|78/100 tox|[from] ability: Poison Heal
|upkeep
|turn|3
|
|t:|1769297827
|switch|p2a: Gholdengo|Gholdengo|100/100
|-item|p2a: Gholdengo|Air Balloon
|move|p1a: Rillaboom|Swords Dance|p1a: Rillaboom
|-boost|p1a: Rillaboom|atk|2
|
|-weather|RainDance|[upkeep]
|-heal|p1a: Rillaboom|100/100|[from] Grassy Terrain
|upkeep
|turn|4
|
|t:|1769297843
|move|p2a: Gholdengo|Make It Rain|p1a: Rillaboom
|-damage|p1a: Rillaboom|19/100
|-unboost|p2a: Gholdengo|spa|1
|move|p1a: Rillaboom|Knock Off|p2a: Gholdengo
|-supereffective|p2a: Gholdengo
|-damage|p2a: Gholdengo|0 fnt
|-enditem|p2a: Gholdengo|Air Balloon
|faint|p2a: Gholdengo
|-damage|p1a: Rillaboom|10/100|[from] item: Life Orb
|
|-weather|RainDance|[upkeep]
|-heal|p1a: Rillaboom|16/100|[from] Grassy Terrain
|upkeep
|
|t:|1769297857
|switch|p2a: Rillaboom|Rillaboom, M|100/100
|turn|5
|
|t:|1769297875
|switch|p1a: Glimmora|Glimmora, F|100/100
|-damage|p1a: Glimmora|88/100|[from] Spikes
|move|p2a: Rillaboom|U-turn|p1a: Glimmora
|-resisted|p1a: Glimmora
|-damage|p1a: Glimmora|65/100
|-activate|p1a: Glimmora|ability: Toxic Debris
|-sidestart|p2: Trainermilton00|move: Toxic Spikes
|-enditem|p1a: Glimmora|Red Card|[of] p2a: Rillaboom
|drag|p2a: Gliscor|Gliscor, F, tera:Water|78/100 tox
|
|-weather|RainDance|[upkeep]
|-heal|p1a: Glimmora|72/100|[from] Grassy Terrain
|-heal|p2a: Gliscor|84/100 tox|[from] Grassy Terrain
|-heal|p2a: Gliscor|97/100 tox|[from] ability: Poison Heal
|upkeep
|turn|6
|
|t:|1769297899
|move|p1a: Glimmora|Spiky Shield|p1a: Glimmora
|-singleturn|p1a: Glimmora|move: Protect
|move|p2a: Gliscor|Earthquake|p1a: Glimmora
|-activate|p1a: Glimmora|move: Protect
|
|-weather|RainDance|[upkeep]
|-heal|p1a: Glimmora|78/100|[from] Grassy Terrain
|-heal|p2a: Gliscor|100/100 tox|[from] Grassy Terrain
|-fieldend|move: Grassy Terrain
|upkeep
|turn|7
|
|t:|1769297917
|switch|p1a: Tornadus|Tornadus-Therian, M, shiny|100/100
|move|p2a: Gliscor|Earthquake|p1a: Tornadus
|-immune|p1a: Tornadus
|
|-weather|RainDance|[upkeep]
|upkeep
|turn|8
|
|t:|1769297936
|move|p1a: Tornadus|Bleakwind Storm|p2a: Gliscor
|-damage|p2a: Gliscor|52/100 tox
|-unboost|p2a: Gliscor|spe|1
|move|p2a: Gliscor|Knock Off|p1a: Tornadus
|-crit|p1a: Tornadus
|-damage|p1a: Tornadus|60/100
|-enditem|p1a: Tornadus|Assault Vest|[from] move: Knock Off|[of] p2a: Gliscor
|
|-weather|none
|-heal|p2a: Gliscor|64/100 tox|[from] ability: Poison Heal
|upkeep
|turn|9
|
|t:|1769297952
|move|p1a: Tornadus|U-turn|p2a: Gliscor
|-damage|p2a: Gliscor|55/100 tox
|
|t:|1769297954
|switch|p1a: Pelipper|Pelipper, M|79/100|[from] U-turn
|-weather|RainDance|[from] ability: Drizzle|[of] p1a: Pelipper
|move|p2a: Gliscor|Knock Off|p1a: Pelipper
|-damage|p1a: Pelipper|65/100
|
|-weather|RainDance|[upkeep]
|-heal|p2a: Gliscor|68/100 tox|[from] ability: Poison Heal
|upkeep
|turn|10
|
|t:|1769297968
|switch|p2a: Rillaboom|Rillaboom, M|100/100
|-status|p2a: Rillaboom|psn
|-fieldstart|move: Grassy Terrain|[from] ability: Grassy Surge|[of] p2a: Rillaboom
|move|p1a: Pelipper|Hurricane|p2a: Rillaboom
|-supereffective|p2a: Rillaboom
|-damage|p2a: Rillaboom|0 fnt
|faint|p2a: Rillaboom
|
|-weather|RainDance|[upkeep]
|upkeep
|
|t:|1769297987
|switch|p2a: Kingambit|Kingambit, M|100/100
|-activate|p2a: Kingambit|ability: Supreme Overlord
|-start|p2a: Kingambit|fallen2|[silent]
|turn|11
|
|t:|1769298016
|-terastallize|p1a: Pelipper|Ground
|move|p2a: Kingambit|Swords Dance|p2a: Kingambit
|-boost|p2a: Kingambit|atk|2
|move|p1a: Pelipper|Tera Blast|p2a: Kingambit|[anim] Tera Blast Ground
|-supereffective|p2a: Kingambit
|-damage|p2a: Kingambit|9/100
|
|-weather|RainDance|[upkeep]
|-heal|p2a: Kingambit|15/100|[from] Grassy Terrain
|-heal|p1a: Pelipper|71/100|[from] Grassy Terrain
|upkeep
|turn|12
|inactive|Battle timer is ON: inactive players will automatically lose when time's up. (requested by Trainermilton00)
|
|t:|1769298033
|move|p2a: Kingambit|Kowtow Cleave|p1a: Pelipper
|-damage|p1a: Pelipper|0 fnt
|faint|p1a: Pelipper
|
|-weather|RainDance|[upkeep]
|-heal|p2a: Kingambit|21/100|[from] Grassy Terrain
|upkeep
|
|t:|1769298056
|switch|p1a: Tornadus|Tornadus-Therian, M, shiny|94/100
|turn|13
|
|t:|1769298064
|move|p1a: Tornadus|U-turn|p2a: Kingambit
|-damage|p2a: Kingambit|10/100
|
|t:|1769298070
|switch|p1a: Glimmora|Glimmora, F|78/100|[from] U-turn
|-damage|p1a: Glimmora|65/100|[from] Spikes
|move|p2a: Kingambit|Kowtow Cleave|p1a: Glimmora
|-damage|p1a: Glimmora|0 fnt
|-activate|p1a: Glimmora|ability: Toxic Debris
|-sidestart|p2: Trainermilton00|move: Toxic Spikes
|faint|p1a: Glimmora
|
|-weather|none
|-heal|p2a: Kingambit|16/100|[from] Grassy Terrain
|upkeep
|
|t:|1769298082
|switch|p1a: Walking Wake|Walking Wake|100/100
|-damage|p1a: Walking Wake|88/100|[from] Spikes
|-enditem|p1a: Walking Wake|Booster Energy
|-activate|p1a: Walking Wake|ability: Protosynthesis|[fromitem]
|-start|p1a: Walking Wake|protosynthesisspa
|turn|14
|
|t:|1769298090
|move|p1a: Walking Wake|Flamethrower|p2a: Kingambit
|-supereffective|p2a: Kingambit
|-crit|p2a: Kingambit
|-damage|p2a: Kingambit|0 fnt
|faint|p2a: Kingambit
|-end|p2a: Kingambit|fallen2|[silent]
|
|-heal|p1a: Walking Wake|94/100|[from] Grassy Terrain
|-fieldend|move: Grassy Terrain
|upkeep
|
|t:|1769298099
|switch|p2a: Gliscor|Gliscor, F, tera:Water|68/100 tox
|turn|15
|
|t:|1769298107
|move|p1a: Walking Wake|Dragon Pulse|p2a: Gliscor
|-damage|p2a: Gliscor|0 fnt
|faint|p2a: Gliscor
|
|upkeep
|
|t:|1769298112
|switch|p2a: Iron Valiant|Iron Valiant|100/100
|-status|p2a: Iron Valiant|tox
|-enditem|p2a: Iron Valiant|Booster Energy
|-activate|p2a: Iron Valiant|ability: Quark Drive|[fromitem]
|-start|p2a: Iron Valiant|quarkdrivespe
|turn|16
|
|t:|1769298132
|-end|p1a: Walking Wake|Protosynthesis|[silent]
|switch|p1a: Slowking|Slowking-Galar, M, shiny|100/100
|-damage|p1a: Slowking|88/100|[from] Spikes
|move|p2a: Iron Valiant|Moonblast|p1a: Slowking
|-resisted|p1a: Slowking
|-damage|p1a: Slowking|69/100
|-unboost|p1a: Slowking|spa|1
|-enditem|p1a: Slowking|Eject Button
|
|t:|1769298145
|switch|p1a: Tornadus|Tornadus-Therian, M, shiny|100/100
|
|-damage|p2a: Iron Valiant|94/100 tox|[from] psn
|upkeep
|turn|17
|
|t:|1769298155
|move|p2a: Iron Valiant|Thunderbolt|p1a: Tornadus
|-supereffective|p1a: Tornadus
|-damage|p1a: Tornadus|41/100
|move|p1a: Tornadus|Bleakwind Storm|p2a: Iron Valiant
|-supereffective|p2a: Iron Valiant
|-damage|p2a: Iron Valiant|0 fnt
|faint|p2a: Iron Valiant
|-end|p2a: Iron Valiant|Quark Drive|[silent]
|
|upkeep
|-message|Trainermilton00 forfeited.
|
|win|pbnk
|raw|pbnk's rating: 1128 &rarr; <strong>1153</strong><br />(+25 for winning)
|raw|Trainermilton00's rating: 1131 &rarr; <strong>1106</strong><br />(-25 for losing)
|l|☆Trainermilton00
|player|p2|
