|j|☆elinamgan
|j|☆Bossun267
|t:|1769321097
|gametype|singles
|player|p1|elinamgan|cynthia-gen4|1099
|player|p2|Bossun267|boarder|1109
|gen|9
|tier|[Gen 9] OU
|rated|
|rule|HP Percentage Mod: HP is shown in percentages
|rule|Endless Battle Clause: Forcing endless battles is banned
|rule|Species Clause: Limit one of each Pokémon
|rule|OHKO Clause: OHKO moves are banned
|rule|Evasion Items Clause: Evasion items are banned
|rule|Evasion Moves Clause: Evasion moves are banned
|rule|Evasion Abilities Clause: Evasion abilities are banned
|rule|Sleep Moves Clause: Sleep-inducing moves are banned
|clearpoke
|poke|p1|Infernape, M|
|poke|p1|Gardevoir, M|
|poke|p1|Garchomp, M|
|poke|p1|Sceptile, F|
|poke|p1|Milotic, M|
|poke|p1|Kingambit, M|
|poke|p2|Ceruledge, M|
|poke|p2|Landorus-Therian, M|
|poke|p2|Rotom-Wash|
|poke|p2|Dragonite, F|
|poke|p2|Ogerpon-Wellspring, F|
|poke|p2|Gholdengo|
|teampreview
|inactive|Battle timer is ON: inactive players will automatically lose when time's up. (requested by Bossun267)
|inactive|elinamgan also wants the timer to be on.
|
|t:|1769321121
|teamsize|p1|6
|teamsize|p2|6
|start
|switch|p1a: Sceptile|Sceptile, F|100/100
|switch|p2a: Landorus|Landorus-Therian, M|100/100
|-ability|p2a: Landorus|Intimidate|boost
|-unboost|p1a: Sceptile|atk|1
|turn|1
|
|t:|1769321129
|move|p1a: Sceptile|Leaf Blade|p2a: Landorus
|-damage|p2a: Landorus|85/100
|-damage|p1a: Sceptile|84/100|[from] item: Rocky Helmet|[of] p2a: Landorus
|move|p2a: Landorus|Stealth Rock|p1a: Sceptile
|-sidestart|p1: elinamgan|move: Stealth Rock
|
|upkeep
|turn|2
|
|t:|1769321137
|move|p1a: Sceptile|Rock Slide|p2a: Landorus
|-damage|p2a: Landorus|76/100
|move|p2a: Landorus|Earthquake|p1a: Sceptile
|-resisted|p1a: Sceptile
|-damage|p1a: Sceptile|42/100
|
|upkeep
|turn|3
|
|t:|1769321144
|switch|p1a: Milotic|Milotic, M|100/100
|-damage|p1a: Milotic|88/100|[from] Stealth Rock
|move|p2a: Landorus|U-turn|p1a: Milotic
|-damage|p1a: Milotic|71/100
|
|t:|1769321151
|switch|p2a: Ogerpon|Ogerpon-Wellspring, F|100/100|[from] U-turn
|
|-heal|p1a: Milotic|77/100|[from] item: Leftovers
|upkeep
|turn|4
|
|t:|1769321157
|move|p2a: Ogerpon|Swords Dance|p2a: Ogerpon
|-boost|p2a: Ogerpon|atk|2
|move|p1a: Milotic|Ice Beam|p2a: Ogerpon
|-damage|p2a: Ogerpon|77/100
|
|-heal|p1a: Milotic|83/100|[from] item: Leftovers
|upkeep
|turn|5
|
|t:|1769321170
|move|p2a: Ogerpon|Horn Leech|p1a: Milotic
|-supereffective|p1a: Milotic
|-crit|p1a: Milotic
|-damage|p1a: Milotic|0 fnt
|-heal|p2a: Ogerpon|100/100|[from] drain|[of] p1a: Milotic
|faint|p1a: Milotic
|
|upkeep
|
|t:|1769321180
|switch|p1a: Infernape|Infernape, M|100/100
|-damage|p1a: Infernape|88/100|[from] Stealth Rock
|turn|6
|
|t:|1769321187
|move|p1a: Infernape|Flamethrower|p2a: Ogerpon
|-damage|p2a: Ogerpon|42/100
|-damage|p1a: Infernape|78/100|[from] item: Life Orb
|move|p2a: Ogerpon|Ivy Cudgel|p1a: Infernape|[anim] Ivy Cudgel Water
|-supereffective|p1a: Infernape
|-damage|p1a: Infernape|0 fnt
|faint|p1a: Infernape
|
|upkeep
|
|t:|1769321193
|switch|p1a: Gardevoir|Gardevoir, M|100/100
|-damage|p1a: Gardevoir|88/100|[from] Stealth Rock
|turn|7
|
|t:|1769321198
|move|p2a: Ogerpon|Horn Leech|p1a: Gardevoir
|-damage|p1a: Gardevoir|0 fnt
|-heal|p2a: Ogerpon|83/100|[from] drain|[of] p1a: Gardevoir
|faint|p1a: Gardevoir
|
|upkeep
|
|t:|1769321202
|switch|p1a: Kingambit|Kingambit, M|100/100
|-damage|p1a: Kingambit|94/100|[from] Stealth Rock
|-activate|p1a: Kingambit|ability: Supreme Overlord
|-start|p1a: Kingambit|fallen3|[silent]
|turn|8
|
|t:|1769321208
|move|p2a: Ogerpon|Horn Leech|p1a: Kingambit
|-resisted|p1a: Kingambit
|-damage|p1a: Kingambit|60/100
|-heal|p2a: Ogerpon|100/100|[from] drain|[of] p1a: Kingambit
|move|p1a: Kingambit|Iron Head|p2a: Ogerpon
|-resisted|p2a: Ogerpon
|-damage|p2a: Ogerpon|63/100
|
|upkeep
|turn|9
|
|t:|1769321217
|move|p2a: Ogerpon|Ivy Cudgel|p1a: Kingambit|[anim] Ivy Cudgel Water
|-damage|p1a: Kingambit|0 fnt
|faint|p1a: Kingambit
|-end|p1a: Kingambit|fallen3|[silent]
|
|upkeep
|
|t:|1769321222
|switch|p1a: Garchomp|Garchomp, M|100/100
|-damage|p1a: Garchomp|94/100|[from] Stealth Rock
|turn|10
|
|t:|1769321230
|move|p1a: Garchomp|Dragon Rush|p2a: Ogerpon|[miss]
|-miss|p1a: Garchomp|p2a: Ogerpon
|move|p2a: Ogerpon|Horn Leech|p1a: Garchomp
|-damage|p1a: Garchomp|8/100
|-heal|p2a: Ogerpon|100/100|[from] drain|[of] p1a: Garchomp
|-damage|p2a: Ogerpon|88/100|[from] ability: Rough Skin|[of] p1a: Garchomp
|
|-heal|p1a: Garchomp|14/100|[from] item: Leftovers
|upkeep
|turn|11
|
|t:|1769321241
|-terastallize|p2a: Ogerpon|Water
|detailschange|p2a: Ogerpon|Ogerpon-Wellspring-Tera, F, tera:Water
|-ability|p2a: Ogerpon|Embody Aspect (Wellspring)|boost
|-boost|p2a: Ogerpon|spd|1
|move|p1a: Garchomp|Dragon Rush|p2a: Ogerpon
|-damage|p2a: Ogerpon|18/100
|move|p2a: Ogerpon|Horn Leech|p1a: Garchomp
|-damage|p1a: Garchomp|0 fnt
|-heal|p2a: Ogerpon|26/100|[from] drain|[of] p1a: Garchomp
|-damage|p2a: Ogerpon|14/100|[from] ability: Rough Skin|[of] p1a: Garchomp
|faint|p1a: Garchomp
|
|upkeep
|
|t:|1769321247
|switch|p1a: Sceptile|Sceptile, F|42/100
|-damage|p1a: Sceptile|29/100|[from] Stealth Rock
|turn|12
|
|t:|1769321256
|move|p1a: Sceptile|Leaf Blade|p2a: Ogerpon
|-supereffective|p2a: Ogerpon
|-damage|p2a: Ogerpon|0 fnt
|faint|p2a: Ogerpon
|detailschange|p2: Ogerpon|Ogerpon-Wellspring, F|[silent]
|
|upkeep
|
|t:|1769321261
|switch|p2a: Ceruledge|Ceruledge, M, shiny|100/100
|turn|13
|
|t:|1769321266
|-terastallize|p1a: Sceptile|Rock
|move|p1a: Sceptile|Rock Slide|p2a: Ceruledge
|-supereffective|p2a: Ceruledge
|-damage|p2a: Ceruledge|10/100
|-ability|p2a: Ceruledge|Weak Armor|boost
|-unboost|p2a: Ceruledge|def|1
|-boost|p2a: Ceruledge|spe|2
|move|p2a: Ceruledge|Swords Dance|p2a: Ceruledge
|-boost|p2a: Ceruledge|atk|2
|
|upkeep
|turn|14
|
|t:|1769321276
|move|p2a: Ceruledge|Bitter Blade|p1a: Sceptile
|-resisted|p1a: Sceptile
|-damage|p1a: Sceptile|0 fnt
|-heal|p2a: Ceruledge|24/100|[from] drain|[of] p1a: Sceptile
|faint|p1a: Sceptile
|
|win|Bossun267
|raw|elinamgan's rating: 1099 &rarr; <strong>1075</strong><br />(-24 for losing)
|raw|Bossun267's rating: 1109 &rarr; <strong>1133</strong><br />(+24 for winning)
|l|☆elinamgan
|player|p1|
|c|☆Bossun267|gg
|l|☆Bossun267
|player|p2|
