|j|☆Supertoki1
|j|☆TheJojoAlchemist
|t:|1769371872
|gametype|singles
|player|p1|Supertoki1|volkner|1188
|player|p2|TheJojoAlchemist|shadowtriad|1283
|gen|9
|tier|[Gen 9] OU
|rated|
|rule|HP Percentage Mod: HP is shown in percentages
|rule|Endless Battle Clause: Forcing endless battles is banned
|rule|Species Clause: Limit one of each Pokémon
|rule|OHKO Clause: OHKO moves are banned
|rule|Evasion Items Clause: Evasion items are banned
|rule|Evasion Moves Clause: Evasion moves are banned
|rule|Evasion Abilities Clause: Evasion abilities are banned
|rule|Sleep Moves Clause: Sleep-inducing moves are banned
|clearpoke
|poke|p1|Glalie, M|
|poke|p1|Swampert, M|
|poke|p1|Porygon-Z|
|poke|p1|Mimikyu, F|
|poke|p1|Salamence, F|
|poke|p1|Arcanine, F|
|poke|p2|Walking Wake|
|poke|p2|Ninetales, F|
|poke|p2|Great Tusk|
|poke|p2|Corviknight, M|
|poke|p2|Kingambit, F|
|poke|p2|Gholdengo|
|teampreview
|
|t:|1769371882
|teamsize|p1|6
|teamsize|p2|6
|start
|switch|p1a: Glalie|Glalie, M|100/100
|switch|p2a: Ninetales|Ninetales, F|100/100
|-weather|SunnyDay|[from] ability: Drought|[of] p2a: Ninetales
|turn|1
|inactive|Battle timer is ON: inactive players will automatically lose when time's up. (requested by TheJojoAlchemist)
|
|t:|1769371912
|switch|p1a: Swampert|Swampert, M|100/100
|move|p2a: Ninetales|Flamethrower|p1a: Swampert
|-resisted|p1a: Swampert
|-damage|p1a: Swampert|83/100
|
|-weather|SunnyDay|[upkeep]
|-heal|p1a: Swampert|89/100|[from] item: Leftovers
|upkeep
|turn|2
|
|t:|1769371921
|switch|p2a: Great Tusk|Great Tusk|100/100
|-activate|p2a: Great Tusk|ability: Protosynthesis
|-start|p2a: Great Tusk|protosynthesisspe
|move|p1a: Swampert|Stealth Rock|p2a: Great Tusk
|-sidestart|p2: TheJojoAlchemist|move: Stealth Rock
|
|-weather|SunnyDay|[upkeep]
|-heal|p1a: Swampert|95/100|[from] item: Leftovers
|upkeep
|turn|3
|
|t:|1769371931
|move|p2a: Great Tusk|Stealth Rock|p1a: Swampert
|-sidestart|p1: Supertoki1|move: Stealth Rock
|move|p1a: Swampert|Roar|p2a: Great Tusk
|-end|p2a: Great Tusk|Protosynthesis|[silent]
|drag|p2a: Kingambit|Kingambit, F|100/100
|-damage|p2a: Kingambit|94/100|[from] Stealth Rock
|
|-weather|SunnyDay|[upkeep]
|-heal|p1a: Swampert|100/100|[from] item: Leftovers
|upkeep
|turn|4
|
|t:|1769371940
|-end|p2a: Kingambit|fallenundefined|[silent]
|switch|p2a: Corviknight|Corviknight, M|100/100
|-damage|p2a: Corviknight|88/100|[from] Stealth Rock
|-ability|p2a: Corviknight|Pressure
|move|p1a: Swampert|Earthquake|p2a: Corviknight
|-immune|p2a: Corviknight
|
|-weather|SunnyDay|[upkeep]
|-heal|p2a: Corviknight|94/100|[from] item: Leftovers
|upkeep
|turn|5
|
|t:|1769371953
|move|p2a: Corviknight|Defog|p1a: Swampert
|-unboost|p1a: Swampert|evasion|1
|-sideend|p1: Supertoki1|Stealth Rock|[from] move: Defog|[of] p2a: Corviknight
|-sideend|p2: TheJojoAlchemist|Stealth Rock|[from] move: Defog|[of] p2a: Corviknight
|move|p1a: Swampert|Roar|p2a: Corviknight
|drag|p2a: Ninetales|Ninetales, F|100/100
|
|-weather|SunnyDay|[upkeep]
|upkeep
|turn|6
|
|t:|1769371962
|move|p2a: Ninetales|Disable|p1a: Swampert
|-start|p1a: Swampert|Disable|Roar
|move|p1a: Swampert|Stealth Rock|p2a: Ninetales
|-sidestart|p2: TheJojoAlchemist|move: Stealth Rock
|
|-weather|SunnyDay|[upkeep]
|upkeep
|turn|7
|
|t:|1769371969
|move|p2a: Ninetales|Encore|p1a: Swampert
|-start|p1a: Swampert|Encore
|move|p1a: Swampert|Stealth Rock||[still]
|-fail|p1a: Swampert
|
|-weather|SunnyDay|[upkeep]
|upkeep
|turn|8
|
|t:|1769371978
|switch|p1a: Arcanine|Arcanine, F|100/100
|-ability|p1a: Arcanine|Intimidate|boost
|-unboost|p2a: Ninetales|atk|1
|move|p2a: Ninetales|Will-O-Wisp|p1a: Arcanine
|-immune|p1a: Arcanine
|
|-weather|none
|upkeep
|turn|9
|
|t:|1769371988
|switch|p2a: Great Tusk|Great Tusk|100/100
|move|p1a: Arcanine|Extreme Speed|p2a: Great Tusk
|-damage|p2a: Great Tusk|87/100
|
|upkeep
|turn|10
|
|t:|1769371995
|move|p2a: Great Tusk|Rapid Spin|p1a: Arcanine
|-damage|p1a: Arcanine|90/100
|-boost|p2a: Great Tusk|spe|1
|-sideend|p2: TheJojoAlchemist|Stealth Rock|[from] move: Rapid Spin|[of] p2a: Great Tusk
|move|p1a: Arcanine|Will-O-Wisp|p2a: Great Tusk
|-status|p2a: Great Tusk|brn
|
|-damage|p2a: Great Tusk|80/100 brn|[from] brn
|upkeep
|turn|11
|
|t:|1769372006
|switch|p1a: Swampert|Swampert, M|100/100
|move|p2a: Great Tusk|Stealth Rock|p1a: Swampert
|-sidestart|p1: Supertoki1|move: Stealth Rock
|
|-damage|p2a: Great Tusk|74/100 brn|[from] brn
|upkeep
|turn|12
|
|t:|1769372017
|-end|p2a: Great Tusk|Protosynthesis|[silent]
|switch|p2a: Ninetales|Ninetales, F|100/100
|-weather|SunnyDay|[from] ability: Drought|[of] p2a: Ninetales
|move|p1a: Swampert|Stealth Rock|p2a: Ninetales
|-sidestart|p2: TheJojoAlchemist|move: Stealth Rock
|
|-weather|SunnyDay|[upkeep]
|upkeep
|turn|13
|
|t:|1769372027
|move|p2a: Ninetales|Encore|p1a: Swampert
|-start|p1a: Swampert|Encore
|move|p1a: Swampert|Stealth Rock||[still]
|-fail|p1a: Swampert
|
|-weather|SunnyDay|[upkeep]
|upkeep
|turn|14
|
|t:|1769372035
|switch|p2a: Walking Wake|Walking Wake|100/100
|-damage|p2a: Walking Wake|88/100|[from] Stealth Rock
|-activate|p2a: Walking Wake|ability: Protosynthesis
|-start|p2a: Walking Wake|protosynthesisspe
|switch|p1a: Arcanine|Arcanine, F|90/100
|-ability|p1a: Arcanine|Intimidate|boost
|-unboost|p2a: Walking Wake|atk|1
|
|-weather|SunnyDay|[upkeep]
|upkeep
|turn|15
|
|t:|1769372052
|switch|p1a: Mimikyu|Mimikyu, F|100/100
|-damage|p1a: Mimikyu|88/100|[from] Stealth Rock
|-terastallize|p2a: Walking Wake|Water
|move|p2a: Walking Wake|Hydro Steam|p1a: Mimikyu
|-activate|p1a: Mimikyu|ability: Disguise
|-damage|p1a: Mimikyu|88/100
|detailschange|p1a: Mimikyu|Mimikyu-Busted, F
|-damage|p1a: Mimikyu|76/100|[from] pokemon: Mimikyu-Busted
|
|-weather|SunnyDay|[upkeep]
|upkeep
|turn|16
|
|t:|1769372068
|move|p1a: Mimikyu|Shadow Sneak|p2a: Walking Wake
|-damage|p2a: Walking Wake|66/100
|-damage|p1a: Mimikyu|66/100|[from] item: Life Orb
|move|p2a: Walking Wake|Hydro Steam|p1a: Mimikyu
|-damage|p1a: Mimikyu|0 fnt
|faint|p1a: Mimikyu
|
|-weather|SunnyDay|[upkeep]
|upkeep
|
|t:|1769372072
|switch|p1a: Porygon-Z|Porygon-Z|100/100
|-damage|p1a: Porygon-Z|88/100|[from] Stealth Rock
|-ability|p1a: Porygon-Z|Download|boost
|-boost|p1a: Porygon-Z|spa|1
|turn|17
|
|t:|1769372077
|move|p2a: Walking Wake|Hydro Steam|p1a: Porygon-Z
|-damage|p1a: Porygon-Z|0 fnt
|faint|p1a: Porygon-Z
|
|-weather|SunnyDay|[upkeep]
|upkeep
|
|t:|1769372082
|switch|p1a: Glalie|Glalie, M|100/100
|-damage|p1a: Glalie|76/100|[from] Stealth Rock
|turn|18
|
|t:|1769372086
|move|p2a: Walking Wake|Hydro Steam|p1a: Glalie
|-damage|p1a: Glalie|0 fnt
|faint|p1a: Glalie
|
|-weather|SunnyDay|[upkeep]
|upkeep
|
|t:|1769372104
|switch|p1a: Swampert|Swampert, M|100/100
|-damage|p1a: Swampert|94/100|[from] Stealth Rock
|turn|19
|
|t:|1769372113
|move|p2a: Walking Wake|Hydro Steam|p1a: Swampert
|-damage|p1a: Swampert|0 fnt
|faint|p1a: Swampert
|
|-weather|none
|-end|p2a: Walking Wake|Protosynthesis
|upkeep
|
|t:|1769372122
|switch|p1a: Salamence|Salamence, F|100/100
|-damage|p1a: Salamence|76/100|[from] Stealth Rock
|turn|20
|
|t:|1769372136
|-end|p2a: Walking Wake|Protosynthesis|[silent]
|switch|p2a: Corviknight|Corviknight, M|94/100
|-damage|p2a: Corviknight|82/100|[from] Stealth Rock
|-ability|p2a: Corviknight|Pressure
|move|p1a: Salamence|Earthquake|p2a: Corviknight
|-immune|p2a: Corviknight
|
|-heal|p2a: Corviknight|88/100|[from] item: Leftovers
|upkeep
|turn|21
|
|t:|1769372142
|switch|p1a: Arcanine|Arcanine, F|90/100
|-ability|p1a: Arcanine|Intimidate|boost
|-unboost|p2a: Corviknight|atk|1
|move|p2a: Corviknight|U-turn|p1a: Arcanine
|-resisted|p1a: Arcanine
|-damage|p1a: Arcanine|86/100
|
|t:|1769372151
|switch|p2a: Great Tusk|Great Tusk|74/100 brn|[from] U-turn
|
|-damage|p2a: Great Tusk|68/100 brn|[from] brn
|upkeep
|turn|22
|
|t:|1769372158
|move|p2a: Great Tusk|Rapid Spin|p1a: Arcanine
|-damage|p1a: Arcanine|81/100
|-boost|p2a: Great Tusk|spe|1
|-sideend|p2: TheJojoAlchemist|Stealth Rock|[from] move: Rapid Spin|[of] p2a: Great Tusk
|move|p1a: Arcanine|Flamethrower|p2a: Great Tusk
|-damage|p2a: Great Tusk|33/100 brn
|
|-damage|p2a: Great Tusk|27/100 brn|[from] brn
|upkeep
|turn|23
|
|t:|1769372167
|move|p2a: Great Tusk|Headlong Rush|p1a: Arcanine
|-supereffective|p1a: Arcanine
|-damage|p1a: Arcanine|43/100
|-unboost|p2a: Great Tusk|def|1
|-unboost|p2a: Great Tusk|spd|1
|move|p1a: Arcanine|Flamethrower|p2a: Great Tusk
|-damage|p2a: Great Tusk|0 fnt
|faint|p2a: Great Tusk
|-end|p2a: Great Tusk|Protosynthesis|[silent]
|
|upkeep
|
|t:|1769372172
|switch|p2a: Ninetales|Ninetales, F|100/100
|-weather|SunnyDay|[from] ability: Drought|[of] p2a: Ninetales
|turn|24
|
|t:|1769372183
|move|p2a: Ninetales|Encore|p1a: Arcanine
|-start|p1a: Arcanine|Encore
|move|p1a: Arcanine|Flamethrower|p2a: Ninetales
|-resisted|p2a: Ninetales
|-damage|p2a: Ninetales|81/100
|
|-weather|SunnyDay|[upkeep]
|upkeep
|turn|25
|
|t:|1769372191
|switch|p2a: Walking Wake|Walking Wake, tera:Water|66/100
|-activate|p2a: Walking Wake|ability: Protosynthesis
|-start|p2a: Walking Wake|protosynthesisspe
|move|p1a: Arcanine|Flamethrower|p2a: Walking Wake
|-resisted|p2a: Walking Wake
|-damage|p2a: Walking Wake|41/100
|
|-weather|SunnyDay|[upkeep]
|upkeep
|turn|26
|
|t:|1769372201
|move|p2a: Walking Wake|Hydro Steam|p1a: Arcanine
|-supereffective|p1a: Arcanine
|-damage|p1a: Arcanine|0 fnt
|faint|p1a: Arcanine
|
|-weather|SunnyDay|[upkeep]
|upkeep
|
|t:|1769372203
|switch|p1a: Salamence|Salamence, F|76/100
|-damage|p1a: Salamence|51/100|[from] Stealth Rock
|turn|27
|
|t:|1769372219
|move|p2a: Walking Wake|Hydro Steam|p1a: Salamence
|-resisted|p1a: Salamence
|-damage|p1a: Salamence|0 fnt
|faint|p1a: Salamence
|
|win|TheJojoAlchemist
|raw|Supertoki1's rating: 1188 &rarr; <strong>1170</strong><br />(-18 for losing)
|raw|TheJojoAlchemist's rating: 1283 &rarr; <strong>1301</strong><br />(+18 for winning)
|l|☆TheJojoAlchemist
|player|p2|
|l|☆Supertoki1
|player|p1|
