|j|☆claclabar2
|j|‽Alitiantian
|t:|1769430792
|gametype|singles
|player|p1|claclabar2|101|1223
|player|p2|Alitiantian|266|1343
|gen|9
|tier|[Gen 9] OU
|rated|
|rule|HP Percentage Mod: HP is shown in percentages
|rule|Endless Battle Clause: Forcing endless battles is banned
|rule|Species Clause: Limit one of each Pokémon
|rule|OHKO Clause: OHKO moves are banned
|rule|Evasion Items Clause: Evasion items are banned
|rule|Evasion Moves Clause: Evasion moves are banned
|rule|Evasion Abilities Clause: Evasion abilities are banned
|rule|Sleep Moves Clause: Sleep-inducing moves are banned
|clearpoke
|poke|p1|Torkoal, M|
|poke|p1|Raging Bolt|
|poke|p1|Walking Wake|
|poke|p1|Ursaluna, F|
|poke|p1|Haxorus, M|
|poke|p1|Porygon2|
|poke|p2|Ursaluna, F|
|poke|p2|Mimikyu, M|
|poke|p2|Cresselia, F|
|poke|p2|Enamorus-Therian, F|
|poke|p2|Hatterene, F|
|poke|p2|Hoopa-Unbound|
|teampreview
|inactive|Battle timer is ON: inactive players will automatically lose when time's up. (requested by claclabar2)
|
|t:|1769430810
|teamsize|p1|6
|teamsize|p2|6
|start
|switch|p1a: 🦕🦕⚡⚡|Raging Bolt|100/100
|switch|p2a: Hatterene|Hatterene, F|100/100
|turn|1
|
|t:|1769430824
|-terastallize|p1a: 🦕🦕⚡⚡|Ice
|move|p1a: 🦕🦕⚡⚡|Calm Mind|p1a: 🦕🦕⚡⚡
|-boost|p1a: 🦕🦕⚡⚡|spa|1
|-boost|p1a: 🦕🦕⚡⚡|spd|1
|move|p2a: Hatterene|Trick Room|p2a: Hatterene
|-fieldstart|move: Trick Room|[of] p2a: Hatterene
|
|upkeep
|turn|2
|
|t:|1769430835
|move|p2a: Hatterene|Mystical Fire|p1a: 🦕🦕⚡⚡
|-supereffective|p1a: 🦕🦕⚡⚡
|-damage|p1a: 🦕🦕⚡⚡|75/100
|-unboost|p1a: 🦕🦕⚡⚡|spa|1
|move|p1a: 🦕🦕⚡⚡|Calm Mind|p1a: 🦕🦕⚡⚡
|-boost|p1a: 🦕🦕⚡⚡|spa|1
|-boost|p1a: 🦕🦕⚡⚡|spd|1
|
|upkeep
|turn|3
|
|t:|1769430851
|switch|p2a: Ursaluna|Ursaluna, F|100/100
|move|p1a: 🦕🦕⚡⚡|Thunderclap||[still]
|-fail|p1a: 🦕🦕⚡⚡
|
|-status|p2a: Ursaluna|brn|[from] item: Flame Orb
|upkeep
|turn|4
|
|t:|1769430862
|move|p2a: Ursaluna|Facade|p1a: 🦕🦕⚡⚡
|-damage|p1a: 🦕🦕⚡⚡|0 fnt
|faint|p1a: 🦕🦕⚡⚡
|-end|p1a: 🦕🦕⚡⚡|Protosynthesis|[silent]
|
|-damage|p2a: Ursaluna|94/100 brn|[from] brn
|upkeep
|
|t:|1769430865
|switch|p1a: 🐢🐢🔥🔥|Torkoal, M|100/100
|-weather|SunnyDay|[from] ability: Drought|[of] p1a: 🐢🐢🔥🔥
|turn|5
|
|t:|1769430885
|move|p1a: 🐢🐢🔥🔥|Eruption|p2a: Ursaluna
|-damage|p2a: Ursaluna|8/100 brn
|move|p2a: Ursaluna|Headlong Rush|p1a: 🐢🐢🔥🔥
|-supereffective|p1a: 🐢🐢🔥🔥
|-crit|p1a: 🐢🐢🔥🔥
|-damage|p1a: 🐢🐢🔥🔥|0 fnt
|-unboost|p2a: Ursaluna|def|1
|-unboost|p2a: Ursaluna|spd|1
|faint|p1a: 🐢🐢🔥🔥
|
|-weather|SunnyDay|[upkeep]
|-damage|p2a: Ursaluna|2/100 brn|[from] brn
|-fieldend|move: Trick Room
|upkeep
|
|t:|1769430893
|switch|p1a: Haxorus|Haxorus, M|100/100
|-ability|p1a: Haxorus|Mold Breaker
|turn|6
|
|t:|1769430922
|switch|p2a: Hatterene|Hatterene, F|100/100
|move|p1a: Haxorus|Swords Dance|p1a: Haxorus
|-boost|p1a: Haxorus|atk|2
|
|-weather|SunnyDay|[upkeep]
|upkeep
|turn|7
|
|t:|1769430927
|move|p1a: Haxorus|Earthquake|p2a: Hatterene
|-damage|p2a: Hatterene|34/100
|move|p2a: Hatterene|Trick Room|p2a: Hatterene
|-fieldstart|move: Trick Room|[of] p2a: Hatterene
|
|-weather|SunnyDay|[upkeep]
|upkeep
|turn|8
|
|t:|1769430934
|switch|p1a: MOTHER BEAR 🐻🐻|Ursaluna, F|100/100
|move|p2a: Hatterene|Healing Wish|p2a: Hatterene
|faint|p2a: Hatterene
|
|-weather|SunnyDay|[upkeep]
|-status|p1a: MOTHER BEAR 🐻🐻|brn|[from] item: Flame Orb
|upkeep
|inactive|Alitiantian has 120 seconds left.
|
|t:|1769430956
|switch|p2a: Enamorus|Enamorus-Therian, F|100/100
|turn|9
|
|t:|1769430964
|-terastallize|p2a: Enamorus|Fairy
|move|p2a: Enamorus|Moonblast|p1a: MOTHER BEAR 🐻🐻
|-damage|p1a: MOTHER BEAR 🐻🐻|10/100 brn
|move|p1a: MOTHER BEAR 🐻🐻|Supercell Slam|p2a: Enamorus
|-damage|p2a: Enamorus|44/100
|
|-weather|SunnyDay|[upkeep]
|-damage|p1a: MOTHER BEAR 🐻🐻|4/100 brn|[from] brn
|upkeep
|turn|10
|-message|claclabar2 forfeited.
|
|win|Alitiantian
|raw|claclabar2's rating: 1223 &rarr; <strong>1206</strong><br />(-17 for losing)
|raw|Alitiantian's rating: 1343 &rarr; <strong>1356</strong><br />(+13 for winning)
|l|☆claclabar2
|player|p1|
|l|‽Alitiantian
|player|p2|
