|j|☆Elpirulas666
|j|☆Breadbug99
|t:|1769383209
|gametype|singles
|player|p1|Elpirulas666|2|1219
|player|p2|Breadbug99|skyla|1213
|gen|9
|tier|[Gen 9] OU
|rated|
|rule|HP Percentage Mod: HP is shown in percentages
|rule|Endless Battle Clause: Forcing endless battles is banned
|rule|Species Clause: Limit one of each Pokémon
|rule|OHKO Clause: OHKO moves are banned
|rule|Evasion Items Clause: Evasion items are banned
|rule|Evasion Moves Clause: Evasion moves are banned
|rule|Evasion Abilities Clause: Evasion abilities are banned
|rule|Sleep Moves Clause: Sleep-inducing moves are banned
|clearpoke
|poke|p1|Garganacl, F|
|poke|p1|Zapdos|
|poke|p1|Dragapult, F|
|poke|p1|Keldeo-Resolute|
|poke|p1|Great Tusk|
|poke|p1|Tinkaton, F|
|poke|p2|Primarina, M|
|poke|p2|Great Tusk|
|poke|p2|Dragapult, F|
|poke|p2|Meowscarada, M|
|poke|p2|Heatran, M|
|poke|p2|Wooper, M|
|teampreview
|inactive|Battle timer is ON: inactive players will automatically lose when time's up. (requested by Breadbug99)
|
|t:|1769383241
|teamsize|p1|6
|teamsize|p2|6
|start
|switch|p1a: Dragapult|Dragapult, F|100/100
|switch|p2a: Mightning LcQueen|Dragapult, F|100/100
|turn|1
|
|t:|1769383247
|switch|p1a: Tinkaton|Tinkaton, F|100/100
|-ability|p1a: Tinkaton|Mold Breaker
|-item|p1a: Tinkaton|Air Balloon
|switch|p2a: forg|Heatran, M|100/100
|-item|p2a: forg|Air Balloon
|
|upkeep
|turn|2
|
|t:|1769383267
|move|p1a: Tinkaton|Stealth Rock|p2a: forg
|-sidestart|p2: Breadbug99|move: Stealth Rock
|move|p2a: forg|Stealth Rock|p1a: Tinkaton
|-sidestart|p1: Elpirulas666|move: Stealth Rock
|
|upkeep
|turn|3
|
|t:|1769383274
|switch|p2a: Mightning LcQueen|Dragapult, F|100/100
|move|p1a: Tinkaton|Encore||[still]
|-fail|p1a: Tinkaton
|
|upkeep
|turn|4
|
|t:|1769383288
|switch|p2a: forg|Heatran, M|100/100
|-damage|p2a: forg|88/100|[from] Stealth Rock
|-item|p2a: forg|Air Balloon
|move|p1a: Tinkaton|Thunder Wave|p2a: forg
|-status|p2a: forg|par
|
|upkeep
|turn|5
|
|t:|1769383303
|switch|p1a: Great Tusk|Great Tusk|100/100
|move|p2a: forg|Lava Plume|p1a: Great Tusk
|-damage|p1a: Great Tusk|53/100
|
|upkeep
|turn|6
|
|t:|1769383314
|switch|p2a: Mightning LcQueen|Dragapult, F|100/100
|move|p1a: Great Tusk|Rapid Spin|p2a: Mightning LcQueen
|-immune|p2a: Mightning LcQueen
|
|upkeep
|turn|7
|
|t:|1769383333
|-end|p1a: Great Tusk|Protosynthesis|[silent]
|switch|p1a: Tinkaton|Tinkaton, F|100/100
|-damage|p1a: Tinkaton|94/100|[from] Stealth Rock
|-ability|p1a: Tinkaton|Mold Breaker
|-item|p1a: Tinkaton|Air Balloon
|move|p2a: Mightning LcQueen|Will-O-Wisp|p1a: Tinkaton
|-status|p1a: Tinkaton|brn
|
|-damage|p1a: Tinkaton|88/100 brn|[from] brn
|upkeep
|turn|8
|
|t:|1769383354
|switch|p2a: blob friend|Wooper, M|100/100
|-damage|p2a: blob friend|94/100|[from] Stealth Rock
|move|p1a: Tinkaton|Gigaton Hammer|p2a: blob friend
|-resisted|p2a: blob friend
|-damage|p2a: blob friend|84/100
|
|-damage|p1a: Tinkaton|82/100 brn|[from] brn
|upkeep
|turn|9
|inactive|Elpirulas666 has 120 seconds left.
|
|t:|1769383371
|move|p1a: Tinkaton|Thunder Wave|p2a: blob friend
|-immune|p2a: blob friend
|move|p2a: blob friend|Spikes|p1a: Tinkaton
|-sidestart|p1: Elpirulas666|Spikes
|
|-damage|p1a: Tinkaton|76/100 brn|[from] brn
|upkeep
|turn|10
|
|t:|1769383377
|move|p1a: Tinkaton|Encore|p2a: blob friend
|-start|p2a: blob friend|Encore
|move|p2a: blob friend|Spikes|p1a: Tinkaton
|-sidestart|p1: Elpirulas666|Spikes
|
|-damage|p1a: Tinkaton|70/100 brn|[from] brn
|upkeep
|turn|11
|
|t:|1769383383
|switch|p1a: Dragapult|Dragapult, F|100/100
|switch|p2a: Mightning LcQueen|Dragapult, F|100/100
|
|upkeep
|turn|12
|
|t:|1769383390
|-terastallize|p1a: Dragapult|Fairy
|move|p2a: Mightning LcQueen|Draco Meteor|p1a: Dragapult
|-immune|p1a: Dragapult
|move|p1a: Dragapult|Dragon Darts|p2a: Mightning LcQueen
|-supereffective|p2a: Mightning LcQueen
|-damage|p2a: Mightning LcQueen|48/100
|-anim|p1a: Dragapult|Dragon Darts|p2a: Mightning LcQueen
|-supereffective|p2a: Mightning LcQueen
|-damage|p2a: Mightning LcQueen|0 fnt
|faint|p2a: Mightning LcQueen
|
|upkeep
|
|t:|1769383401
|switch|p2a: The Hasselhoff|Primarina, M|100/100
|-damage|p2a: The Hasselhoff|88/100|[from] Stealth Rock
|turn|13
|
|t:|1769383409
|move|p1a: Dragapult|U-turn|p2a: The Hasselhoff
|-resisted|p2a: The Hasselhoff
|-damage|p2a: The Hasselhoff|76/100
|
|t:|1769383413
|switch|p1a: Tinkaton|Tinkaton, F|70/100 brn|[from] U-turn
|-damage|p1a: Tinkaton|64/100 brn|[from] Stealth Rock
|-ability|p1a: Tinkaton|Mold Breaker
|-item|p1a: Tinkaton|Air Balloon
|move|p2a: The Hasselhoff|Calm Mind|p2a: The Hasselhoff
|-boost|p2a: The Hasselhoff|spa|1
|-boost|p2a: The Hasselhoff|spd|1
|
|-heal|p2a: The Hasselhoff|82/100|[from] item: Leftovers
|-damage|p1a: Tinkaton|57/100 brn|[from] brn
|upkeep
|turn|14
|
|t:|1769383425
|switch|p2a: elefint|Great Tusk|100/100
|-damage|p2a: elefint|98/100|[from] Stealth Rock
|-enditem|p2a: elefint|Booster Energy
|-activate|p2a: elefint|ability: Protosynthesis|[fromitem]
|-start|p2a: elefint|protosynthesisatk
|move|p1a: Tinkaton|Encore||[still]
|-fail|p1a: Tinkaton
|
|-damage|p1a: Tinkaton|51/100 brn|[from] brn
|upkeep
|turn|15
|
|t:|1769383439
|move|p2a: elefint|Rapid Spin|p1a: Tinkaton
|-resisted|p1a: Tinkaton
|-damage|p1a: Tinkaton|41/100 brn
|-boost|p2a: elefint|spe|1
|-enditem|p1a: Tinkaton|Air Balloon
|-sideend|p2: Breadbug99|Stealth Rock|[from] move: Rapid Spin|[of] p2a: elefint
|move|p1a: Tinkaton|Stealth Rock|p2a: elefint
|-sidestart|p2: Breadbug99|move: Stealth Rock
|
|-damage|p1a: Tinkaton|35/100 brn|[from] brn
|upkeep
|turn|16
|
|t:|1769383452
|move|p2a: elefint|Rapid Spin|p1a: Tinkaton
|-resisted|p1a: Tinkaton
|-damage|p1a: Tinkaton|25/100 brn
|-boost|p2a: elefint|spe|1
|-sideend|p2: Breadbug99|Stealth Rock|[from] move: Rapid Spin|[of] p2a: elefint
|move|p1a: Tinkaton|Encore|p2a: elefint
|-start|p2a: elefint|Encore
|
|-damage|p1a: Tinkaton|19/100 brn|[from] brn
|upkeep
|turn|17
|
|t:|1769383461
|-end|p2a: elefint|Protosynthesis|[silent]
|switch|p2a: blob friend|Wooper, M|84/100
|switch|p1a: Dragapult|Dragapult, F, tera:Fairy|100/100
|
|upkeep
|turn|18
|
|t:|1769383468
|switch|p2a: forg|Heatran, M|88/100 par
|-item|p2a: forg|Air Balloon
|move|p1a: Dragapult|Dragon Darts|p2a: forg
|-resisted|p2a: forg
|-damage|p2a: forg|79/100 par
|-enditem|p2a: forg|Air Balloon
|-anim|p1a: Dragapult|Dragon Darts|p2a: forg
|-resisted|p2a: forg
|-damage|p2a: forg|71/100 par
|
|upkeep
|turn|19
|
|t:|1769383479
|move|p1a: Dragapult|Hex|p2a: forg
|-damage|p2a: forg|36/100 par
|cant|p2a: forg|par
|
|upkeep
|turn|20
|
|t:|1769383486
|move|p1a: Dragapult|Hex|p2a: forg
|-damage|p2a: forg|3/100 par
|cant|p2a: forg|par
|
|upkeep
|turn|21
|
|t:|1769383490
|move|p1a: Dragapult|Hex|p2a: forg
|-damage|p2a: forg|0 fnt
|faint|p2a: forg
|
|upkeep
|
|t:|1769383498
|switch|p2a: The Hasselhoff|Primarina, M|82/100
|turn|22
|
|t:|1769383504
|move|p1a: Dragapult|U-turn|p2a: The Hasselhoff
|-resisted|p2a: The Hasselhoff
|-damage|p2a: The Hasselhoff|71/100
|
|t:|1769383508
|switch|p1a: Tinkaton|Tinkaton, F|19/100 brn|[from] U-turn
|-damage|p1a: Tinkaton|13/100 brn|[from] Stealth Rock
|-damage|p1a: Tinkaton|0 fnt|[from] Spikes
|faint|p1a: Tinkaton
|move|p2a: The Hasselhoff|Hyper Voice|p1: Tinkaton|[notarget]
|-fail|p2a: The Hasselhoff
|
|-heal|p2a: The Hasselhoff|77/100|[from] item: Leftovers
|upkeep
|
|t:|1769383513
|switch|p1a: Great Tusk|Great Tusk|53/100
|turn|23
|
|t:|1769383518
|move|p1a: Great Tusk|Rapid Spin|p2a: The Hasselhoff
|-damage|p2a: The Hasselhoff|54/100
|-boost|p1a: Great Tusk|spe|1
|-sideend|p1: Elpirulas666|Spikes|[from] move: Rapid Spin|[of] p1a: Great Tusk
|-sideend|p1: Elpirulas666|Stealth Rock|[from] move: Rapid Spin|[of] p1a: Great Tusk
|move|p2a: The Hasselhoff|Draining Kiss|p1a: Great Tusk
|-supereffective|p1a: Great Tusk
|-damage|p1a: Great Tusk|0 fnt
|-heal|p2a: The Hasselhoff|94/100|[from] drain|[of] p1a: Great Tusk
|faint|p1a: Great Tusk
|-end|p1a: Great Tusk|Protosynthesis|[silent]
|
|-heal|p2a: The Hasselhoff|99/100|[from] item: Leftovers
|upkeep
|
|t:|1769383525
|switch|p1a: Zapdos|Zapdos|100/100
|turn|24
|
|t:|1769383531
|switch|p2a: blob friend|Wooper, M|84/100
|move|p1a: Zapdos|Volt Switch|p2a: blob friend
|-immune|p2a: blob friend
|
|upkeep
|turn|25
|
|t:|1769383543
|move|p1a: Zapdos|Hurricane|p2a: blob friend
|-damage|p2a: blob friend|0 fnt
|faint|p2a: blob friend
|
|upkeep
|
|t:|1769383551
|switch|p2a: elefint|Great Tusk|98/100
|turn|26
|-message|Breadbug99 forfeited.
|
|win|Elpirulas666
|raw|Elpirulas666's rating: 1219 &rarr; <strong>1244</strong><br />(+25 for winning)
|raw|Breadbug99's rating: 1213 &rarr; <strong>1188</strong><br />(-25 for losing)
|l|☆Breadbug99
|player|p2|
