|j|☆GorgeousGal
|j|☆Tentacle Rat Girl
|t:|1769378841
|gametype|singles
|player|p1|GorgeousGal|2|1422
|player|p2|Tentacle Rat Girl|hexmaniac-gen6|1374
|gen|9
|tier|[Gen 9] OU
|rated|
|rule|HP Percentage Mod: HP is shown in percentages
|rule|Endless Battle Clause: Forcing endless battles is banned
|rule|Species Clause: Limit one of each Pokémon
|rule|OHKO Clause: OHKO moves are banned
|rule|Evasion Items Clause: Evasion items are banned
|rule|Evasion Moves Clause: Evasion moves are banned
|rule|Evasion Abilities Clause: Evasion abilities are banned
|rule|Sleep Moves Clause: Sleep-inducing moves are banned
|clearpoke
|poke|p1|Ogerpon-Wellspring, F|
|poke|p1|Cloyster, F|
|poke|p1|Ninetales-Alola, M|
|poke|p1|Polteageist|
|poke|p1|Iron Treads|
|poke|p1|Dragonite, M|
|poke|p2|Ogerpon, F|
|poke|p2|Heatran, F|
|poke|p2|Alomomola, F|
|poke|p2|Weezing-Galar, F|
|poke|p2|Great Tusk|
|poke|p2|Ceruledge, M|
|teampreview
|inactive|Battle timer is ON: inactive players will automatically lose when time's up. (requested by GorgeousGal)
|
|t:|1769378870
|teamsize|p1|6
|teamsize|p2|6
|start
|switch|p1a: Ninetales|Ninetales-Alola, M|100/100
|switch|p2a: The Clerb|Ogerpon, F|100/100
|-weather|Snowscape|[from] ability: Snow Warning|[of] p1a: Ninetales
|turn|1
|
|t:|1769378875
|move|p2a: The Clerb|U-turn|p1a: Ninetales
|-resisted|p1a: Ninetales
|-damage|p1a: Ninetales|84/100
|
|t:|1769378879
|switch|p2a: Hertrans|Heatran, F, shiny|100/100|[from] U-turn
|-item|p2a: Hertrans|Air Balloon
|move|p1a: Ninetales|Freeze-Dry|p2a: Hertrans
|-resisted|p2a: Hertrans
|-damage|p2a: Hertrans|96/100
|-status|p2a: Hertrans|frz
|-enditem|p2a: Hertrans|Air Balloon
|
|-weather|Snowscape|[upkeep]
|upkeep
|turn|2
|
|t:|1769378883
|move|p1a: Ninetales|Aurora Veil|p1a: Ninetales
|-sidestart|p1: GorgeousGal|move: Aurora Veil
|cant|p2a: Hertrans|frz
|
|-weather|Snowscape|[upkeep]
|upkeep
|turn|3
|
|t:|1769378887
|switch|p1a: Ogerpon|Ogerpon-Wellspring, F|100/100
|cant|p2a: Hertrans|frz
|
|-weather|Snowscape|[upkeep]
|upkeep
|turn|4
|
|t:|1769378896
|switch|p2a: JumboBuffoonPack|Weezing-Galar, F|100/100
|-ability|p2a: JumboBuffoonPack|Neutralizing Gas
|move|p1a: Ogerpon|Swords Dance|p1a: Ogerpon
|-boost|p1a: Ogerpon|atk|2
|
|-weather|Snowscape|[upkeep]
|upkeep
|turn|5
|
|t:|1769378901
|move|p1a: Ogerpon|Ivy Cudgel|p2a: JumboBuffoonPack|[anim] Ivy Cudgel Water
|-damage|p2a: JumboBuffoonPack|15/100
|move|p2a: JumboBuffoonPack|Will-O-Wisp|p1a: Ogerpon
|-status|p1a: Ogerpon|brn
|
|-weather|none
|-damage|p1a: Ogerpon|95/100 brn|[from] brn
|upkeep
|turn|6
|
|t:|1769378913
|-end|p2a: JumboBuffoonPack|ability: Neutralizing Gas
|switch|p2a: The Clerb|Ogerpon, F|100/100
|move|p1a: Ogerpon|Ivy Cudgel|p2a: The Clerb|[anim] Ivy Cudgel Water
|-resisted|p2a: The Clerb
|-damage|p2a: The Clerb|59/100
|
|-damage|p1a: Ogerpon|89/100 brn|[from] brn
|upkeep
|turn|7
|
|t:|1769378920
|-terastallize|p2a: The Clerb|Grass
|detailschange|p2a: The Clerb|Ogerpon-Teal-Tera, F, tera:Grass
|-ability|p2a: The Clerb|Embody Aspect (Teal)|boost
|-boost|p2a: The Clerb|spe|1
|move|p2a: The Clerb|U-turn|p1a: Ogerpon
|-supereffective|p1a: Ogerpon
|-damage|p1a: Ogerpon|42/100 brn
|
|t:|1769378932
|switch|p2a: CatholicHomonculus|Alomomola, F, shiny|100/100|[from] U-turn
|move|p1a: Ogerpon|Power Whip|p2a: CatholicHomonculus
|-supereffective|p2a: CatholicHomonculus
|-damage|p2a: CatholicHomonculus|28/100
|-damage|p1a: Ogerpon|25/100 brn|[from] item: Rocky Helmet|[of] p2a: CatholicHomonculus
|
|-damage|p1a: Ogerpon|19/100 brn|[from] brn
|upkeep
|turn|8
|
|t:|1769378940
|move|p2a: CatholicHomonculus|Protect|p2a: CatholicHomonculus
|-singleturn|p2a: CatholicHomonculus|Protect
|move|p1a: Ogerpon|Ivy Cudgel|p2a: CatholicHomonculus|[anim] Ivy Cudgel Water
|-activate|p2a: CatholicHomonculus|move: Protect
|
|-damage|p1a: Ogerpon|13/100 brn|[from] brn
|upkeep
|turn|9
|
|t:|1769378947
|switch|p2a: Hertrans|Heatran, F, shiny|96/100 frz
|move|p1a: Ogerpon|Ivy Cudgel|p2a: Hertrans|[anim] Ivy Cudgel Water
|-supereffective|p2a: Hertrans
|-crit|p2a: Hertrans
|-damage|p2a: Hertrans|0 fnt
|faint|p2a: Hertrans
|
|-damage|p1a: Ogerpon|7/100 brn|[from] brn
|-sideend|p1: GorgeousGal|move: Aurora Veil
|upkeep
|
|t:|1769378950
|switch|p2a: The Clerb|Ogerpon-Teal-Tera, F, tera:Grass|59/100
|-ability|p2a: The Clerb|Embody Aspect (Teal)|boost
|-boost|p2a: The Clerb|spe|1
|turn|10
|
|t:|1769378954
|move|p2a: The Clerb|U-turn|p1a: Ogerpon
|-supereffective|p1a: Ogerpon
|-damage|p1a: Ogerpon|0 fnt
|faint|p1a: Ogerpon
|
|t:|1769378959
|switch|p2a: CatholicHomonculus|Alomomola, F, shiny|61/100|[from] U-turn
|
|upkeep
|
|t:|1769378963
|switch|p1a: Ninetales|Ninetales-Alola, M|84/100
|-weather|Snowscape|[from] ability: Snow Warning|[of] p1a: Ninetales
|turn|11
|
|t:|1769378966
|move|p1a: Ninetales|Aurora Veil|p1a: Ninetales
|-sidestart|p1: GorgeousGal|move: Aurora Veil
|move|p2a: CatholicHomonculus|Wish|p2a: CatholicHomonculus
|
|-weather|Snowscape|[upkeep]
|upkeep
|turn|12
|
|t:|1769378970
|move|p1a: Ninetales|Freeze-Dry|p2a: CatholicHomonculus
|-supereffective|p2a: CatholicHomonculus
|-damage|p2a: CatholicHomonculus|2/100
|move|p2a: CatholicHomonculus|Flip Turn|p1a: Ninetales
|-damage|p1a: Ninetales|77/100
|
|t:|1769378973
|switch|p2a: JumboBuffoonPack|Weezing-Galar, F|15/100|[from] Flip Turn
|-ability|p2a: JumboBuffoonPack|Neutralizing Gas
|
|-weather|Snowscape|[upkeep]
|-heal|p2a: JumboBuffoonPack|95/100|[from] move: Wish|[wisher] CatholicHomonculus
|upkeep
|turn|13
|
|t:|1769378980
|move|p1a: Ninetales|Freeze-Dry|p2a: JumboBuffoonPack
|-damage|p2a: JumboBuffoonPack|61/100
|move|p2a: JumboBuffoonPack|Will-O-Wisp|p1a: Ninetales
|-status|p1a: Ninetales|brn
|
|-weather|Snowscape|[upkeep]
|-damage|p1a: Ninetales|71/100 brn|[from] brn
|upkeep
|turn|14
|
|t:|1769378985
|-end|p2a: JumboBuffoonPack|ability: Neutralizing Gas
|switch|p2a: Ceruledge|Ceruledge, M, shiny|100/100
|move|p1a: Ninetales|Encore||[still]
|-fail|p1a: Ninetales
|
|-weather|Snowscape|[upkeep]
|-damage|p1a: Ninetales|65/100 brn|[from] brn
|upkeep
|turn|15
|
|t:|1769378991
|switch|p1a: Cloyster|Cloyster, F|100/100
|move|p2a: Ceruledge|Swords Dance|p2a: Ceruledge
|-boost|p2a: Ceruledge|atk|2
|
|-weather|none
|upkeep
|turn|16
|
|t:|1769378996
|move|p2a: Ceruledge|Poltergeist|p1a: Cloyster|[miss]
|-miss|p2a: Ceruledge|p1a: Cloyster
|move|p1a: Cloyster|Rock Blast|p2a: Ceruledge
|-supereffective|p2a: Ceruledge
|-damage|p2a: Ceruledge|78/100
|-ability|p2a: Ceruledge|Weak Armor|boost
|-unboost|p2a: Ceruledge|def|1
|-boost|p2a: Ceruledge|spe|2
|-supereffective|p2a: Ceruledge
|-damage|p2a: Ceruledge|45/100
|-ability|p2a: Ceruledge|Weak Armor|boost
|-unboost|p2a: Ceruledge|def|1
|-boost|p2a: Ceruledge|spe|2
|-supereffective|p2a: Ceruledge
|-damage|p2a: Ceruledge|1/100
|-ability|p2a: Ceruledge|Weak Armor|boost
|-unboost|p2a: Ceruledge|def|1
|-boost|p2a: Ceruledge|spe|2
|-supereffective|p2a: Ceruledge
|-damage|p2a: Ceruledge|0 fnt
|faint|p2a: Ceruledge
|-hitcount|p2: Ceruledge|4
|
|upkeep
|
|t:|1769379000
|switch|p2a: The Clerb|Ogerpon-Teal-Tera, F, tera:Grass|59/100
|-ability|p2a: The Clerb|Embody Aspect (Teal)|boost
|-boost|p2a: The Clerb|spe|1
|turn|17
|
|t:|1769379014
|switch|p1a: Ninetales|Ninetales-Alola, M|65/100 brn
|-weather|Snowscape|[from] ability: Snow Warning|[of] p1a: Ninetales
|move|p2a: The Clerb|Ivy Cudgel|p1a: Ninetales
|-crit|p1a: Ninetales
|-damage|p1a: Ninetales|0 fnt
|faint|p1a: Ninetales
|
|-weather|Snowscape|[upkeep]
|upkeep
|
|t:|1769379022
|switch|p1a: Dragonite|Dragonite, M|100/100
|turn|18
|
|t:|1769379029
|switch|p2a: JumboBuffoonPack|Weezing-Galar, F|61/100
|-ability|p2a: JumboBuffoonPack|Neutralizing Gas
|move|p1a: Dragonite|Dragon Dance|p1a: Dragonite
|-boost|p1a: Dragonite|atk|1
|-boost|p1a: Dragonite|spe|1
|
|-weather|Snowscape|[upkeep]
|-sideend|p1: GorgeousGal|move: Aurora Veil
|upkeep
|turn|19
|
|t:|1769379032
|move|p1a: Dragonite|Earthquake|p2a: JumboBuffoonPack
|-supereffective|p2a: JumboBuffoonPack
|-damage|p2a: JumboBuffoonPack|0 fnt
|faint|p2a: JumboBuffoonPack
|-end|p2a: JumboBuffoonPack|ability: Neutralizing Gas
|
|-weather|Snowscape|[upkeep]
|upkeep
|
|t:|1769379035
|switch|p2a: Sufficient Tusk|Great Tusk|100/100
|turn|20
|
|t:|1769379038
|move|p1a: Dragonite|Ice Spinner|p2a: Sufficient Tusk
|-supereffective|p2a: Sufficient Tusk
|-damage|p2a: Sufficient Tusk|34/100
|move|p2a: Sufficient Tusk|Ice Spinner|p1a: Dragonite
|-supereffective|p1a: Dragonite
|-damage|p1a: Dragonite|39/100
|
|-weather|Snowscape|[upkeep]
|upkeep
|turn|21
|
|t:|1769379044
|-end|p2a: Sufficient Tusk|Protosynthesis|[silent]
|switch|p2a: CatholicHomonculus|Alomomola, F, shiny|35/100
|move|p1a: Dragonite|Ice Spinner|p2a: CatholicHomonculus
|-resisted|p2a: CatholicHomonculus
|-damage|p2a: CatholicHomonculus|23/100
|-damage|p1a: Dragonite|23/100|[from] item: Rocky Helmet|[of] p2a: CatholicHomonculus
|
|-weather|none
|upkeep
|turn|22
|
|t:|1769379048
|move|p1a: Dragonite|Earthquake|p2a: CatholicHomonculus
|-damage|p2a: CatholicHomonculus|0 fnt
|faint|p2a: CatholicHomonculus
|
|upkeep
|
|t:|1769379055
|switch|p2a: Sufficient Tusk|Great Tusk|34/100
|turn|23
|
|t:|1769379057
|move|p1a: Dragonite|Ice Spinner|p2a: Sufficient Tusk
|-supereffective|p2a: Sufficient Tusk
|-damage|p2a: Sufficient Tusk|0 fnt
|faint|p2a: Sufficient Tusk
|-end|p2a: Sufficient Tusk|Protosynthesis|[silent]
|
|upkeep
|
|t:|1769379061
|switch|p2a: The Clerb|Ogerpon-Teal-Tera, F, tera:Grass|59/100
|-ability|p2a: The Clerb|Embody Aspect (Teal)|boost
|-boost|p2a: The Clerb|spe|1
|turn|24
|
|t:|1769379064
|move|p1a: Dragonite|Extreme Speed|p2a: The Clerb
|-damage|p2a: The Clerb|0 fnt
|faint|p2a: The Clerb
|detailschange|p2: The Clerb|Ogerpon, F|[silent]
|
|win|GorgeousGal
|raw|GorgeousGal's rating: 1422 &rarr; <strong>1439</strong><br />(+17 for winning)
|raw|Tentacle Rat Girl's rating: 1374 &rarr; <strong>1357</strong><br />(-17 for losing)
|l|☆Tentacle Rat Girl
|player|p2|
|l|☆GorgeousGal
|player|p1|
