|j|☆1337muffin1337
|j|☆Alysonzl2
|t:|1769418440
|gametype|singles
|player|p1|1337muffin1337|misty|1116
|player|p2|Alysonzl2|red|1090
|gen|9
|tier|[Gen 9] OU
|rated|
|rule|HP Percentage Mod: HP is shown in percentages
|rule|Endless Battle Clause: Forcing endless battles is banned
|rule|Species Clause: Limit one of each Pokémon
|rule|OHKO Clause: OHKO moves are banned
|rule|Evasion Items Clause: Evasion items are banned
|rule|Evasion Moves Clause: Evasion moves are banned
|rule|Evasion Abilities Clause: Evasion abilities are banned
|rule|Sleep Moves Clause: Sleep-inducing moves are banned
|clearpoke
|poke|p1|Volcanion|
|poke|p1|Lapras, F|
|poke|p1|Espeon, F|
|poke|p1|Darkrai|
|poke|p1|Iron Treads|
|poke|p1|Conkeldurr, M|
|poke|p2|Great Tusk|
|poke|p2|Gholdengo|
|poke|p2|Dragapult, F|
|poke|p2|Kingambit, F|
|poke|p2|Iron Valiant|
|poke|p2|Rotom-Wash|
|teampreview
|inactive|Battle timer is ON: inactive players will automatically lose when time's up. (requested by Alysonzl2)
|
|t:|1769418460
|teamsize|p1|6
|teamsize|p2|6
|start
|switch|p1a: Lapras|Lapras, F, shiny|100/100
|switch|p2a: Great Tusk|Great Tusk|100/100
|turn|1
|
|t:|1769418474
|-terastallize|p2a: Great Tusk|Water
|-terastallize|p1a: Lapras|Fairy
|move|p2a: Great Tusk|Stealth Rock|p1a: Lapras
|-sidestart|p1: 1337muffin1337|move: Stealth Rock
|move|p1a: Lapras|Alluring Voice|p2a: Great Tusk
|-damage|p2a: Great Tusk|60/100
|
|-heal|p2a: Great Tusk|66/100|[from] item: Leftovers
|upkeep
|turn|2
|
|t:|1769418484
|move|p2a: Great Tusk|Knock Off|p1a: Lapras
|-resisted|p1a: Lapras
|-damage|p1a: Lapras|88/100
|-enditem|p1a: Lapras|Assault Vest|[from] move: Knock Off|[of] p2a: Great Tusk
|move|p1a: Lapras|Alluring Voice|p2a: Great Tusk
|-damage|p2a: Great Tusk|28/100
|
|-heal|p2a: Great Tusk|35/100|[from] item: Leftovers
|upkeep
|turn|3
|
|t:|1769418504
|-end|p2a: Great Tusk|Protosynthesis|[silent]
|switch|p2a: Gholdengo|Gholdengo|100/100
|move|p1a: Lapras|Alluring Voice|p2a: Gholdengo
|-resisted|p2a: Gholdengo
|-damage|p2a: Gholdengo|83/100
|
|upkeep
|turn|4
|
|t:|1769418513
|move|p2a: Gholdengo|Shadow Ball|p1a: Lapras
|-damage|p1a: Lapras|61/100
|move|p1a: Lapras|Ice Beam|p2a: Gholdengo
|-resisted|p2a: Gholdengo
|-damage|p2a: Gholdengo|61/100
|
|upkeep
|turn|5
|
|t:|1769418519
|move|p2a: Gholdengo|Shadow Ball|p1a: Lapras
|-damage|p1a: Lapras|34/100
|move|p1a: Lapras|Life Dew|p1a: Lapras
|-heal|p1a: Lapras|59/100
|
|upkeep
|turn|6
|
|t:|1769418525
|move|p2a: Gholdengo|Shadow Ball|p1a: Lapras
|-damage|p1a: Lapras|29/100
|move|p1a: Lapras|Brine|p2a: Gholdengo
|-damage|p2a: Gholdengo|31/100
|
|upkeep
|turn|7
|
|t:|1769418533
|move|p2a: Gholdengo|Shadow Ball|p1a: Lapras
|-damage|p1a: Lapras|1/100
|move|p1a: Lapras|Brine|p2a: Gholdengo
|-damage|p2a: Gholdengo|0 fnt
|faint|p2a: Gholdengo
|
|upkeep
|
|t:|1769418537
|switch|p2a: Iron Valiant|Iron Valiant|100/100
|-enditem|p2a: Iron Valiant|Booster Energy
|-activate|p2a: Iron Valiant|ability: Quark Drive|[fromitem]
|-start|p2a: Iron Valiant|quarkdrivespe
|turn|8
|
|t:|1769418544
|move|p2a: Iron Valiant|Psycho Cut|p1a: Lapras
|-damage|p1a: Lapras|0 fnt
|faint|p1a: Lapras
|
|upkeep
|
|t:|1769418559
|switch|p1a: Espeon|Espeon, F|100/100
|-damage|p1a: Espeon|88/100|[from] Stealth Rock
|turn|9
|
|t:|1769418572
|move|p2a: Iron Valiant|Swords Dance|p2a: Iron Valiant
|-boost|p2a: Iron Valiant|atk|2
|move|p1a: Espeon|Psychic|p2a: Iron Valiant
|-supereffective|p2a: Iron Valiant
|-damage|p2a: Iron Valiant|0 fnt
|faint|p2a: Iron Valiant
|-end|p2a: Iron Valiant|Quark Drive|[silent]
|-damage|p1a: Espeon|78/100|[from] item: Life Orb
|
|upkeep
|
|t:|1769418581
|switch|p2a: Dragapult|Dragapult, F|100/100
|turn|10
|
|t:|1769418588
|move|p2a: Dragapult|Shadow Ball|p1a: Espeon
|-supereffective|p1a: Espeon
|-damage|p1a: Espeon|0 fnt
|faint|p1a: Espeon
|
|upkeep
|
|t:|1769418598
|switch|p1a: Darkrai|Darkrai|100/100
|-damage|p1a: Darkrai|88/100|[from] Stealth Rock
|turn|11
|
|t:|1769418608
|switch|p2a: Great Tusk|Great Tusk, tera:Water|35/100
|move|p1a: Darkrai|Dark Pulse|p2a: Great Tusk
|-damage|p2a: Great Tusk|0 fnt
|faint|p2a: Great Tusk
|-end|p2a: Great Tusk|Protosynthesis|[silent]
|
|upkeep
|
|t:|1769418625
|switch|p2a: Kingambit|Kingambit, F|100/100
|-activate|p2a: Kingambit|ability: Supreme Overlord
|-start|p2a: Kingambit|fallen3|[silent]
|turn|12
|
|t:|1769418634
|switch|p1a: Volcanion|Volcanion|100/100
|-damage|p1a: Volcanion|76/100|[from] Stealth Rock
|move|p2a: Kingambit|Swords Dance|p2a: Kingambit
|-boost|p2a: Kingambit|atk|2
|
|upkeep
|turn|13
|inactive|Alysonzl2 has 120 seconds left.
|
|t:|1769418678
|move|p2a: Kingambit|Sucker Punch|p1a: Volcanion
|-damage|p1a: Volcanion|0 fnt
|-damage|p2a: Kingambit|84/100|[from] item: Rocky Helmet|[of] p1a: Volcanion
|faint|p1a: Volcanion
|
|upkeep
|
|t:|1769418683
|switch|p1a: Conkeldurr|Conkeldurr, M|100/100
|-damage|p1a: Conkeldurr|94/100|[from] Stealth Rock
|turn|14
|inactive|Alysonzl2 has 120 seconds left.
|
|t:|1769418691
|move|p2a: Kingambit|Sucker Punch|p1a: Conkeldurr
|-resisted|p1a: Conkeldurr
|-damage|p1a: Conkeldurr|40/100
|move|p1a: Conkeldurr|Drain Punch|p2a: Kingambit
|-supereffective|p2a: Kingambit
|-damage|p2a: Kingambit|0 fnt
|-heal|p1a: Conkeldurr|80/100|[from] drain|[of] p2a: Kingambit
|faint|p2a: Kingambit
|-end|p2a: Kingambit|fallen3|[silent]
|
|upkeep
|
|t:|1769418694
|switch|p2a: Dragapult|Dragapult, F|100/100
|turn|15
|
|t:|1769418702
|move|p2a: Dragapult|Draco Meteor|p1a: Conkeldurr
|-damage|p1a: Conkeldurr|0 fnt
|-unboost|p2a: Dragapult|spa|2
|faint|p1a: Conkeldurr
|
|upkeep
|
|t:|1769418708
|switch|p1a: Darkrai|Darkrai|88/100
|-damage|p1a: Darkrai|76/100|[from] Stealth Rock
|turn|16
|
|t:|1769418712
|move|p2a: Dragapult|Draco Meteor|p1a: Darkrai
|-damage|p1a: Darkrai|25/100
|-unboost|p2a: Dragapult|spa|2
|move|p1a: Darkrai|Dark Pulse|p2a: Dragapult
|-supereffective|p2a: Dragapult
|-damage|p2a: Dragapult|0 fnt
|faint|p2a: Dragapult
|
|upkeep
|
|t:|1769418715
|switch|p2a: Rotom|Rotom-Wash|100/100
|turn|17
|
|t:|1769418723
|move|p1a: Darkrai|Dark Pulse|p2a: Rotom
|-damage|p2a: Rotom|53/100
|move|p2a: Rotom|Volt Switch|p1a: Darkrai
|-damage|p1a: Darkrai|0 fnt
|faint|p1a: Darkrai
|
|-heal|p2a: Rotom|59/100|[from] item: Leftovers
|upkeep
|
|t:|1769418731
|switch|p1a: Iron Treads|Iron Treads|100/100
|-damage|p1a: Iron Treads|97/100|[from] Stealth Rock
|-enditem|p1a: Iron Treads|Booster Energy
|-activate|p1a: Iron Treads|ability: Quark Drive|[fromitem]
|-start|p1a: Iron Treads|quarkdrivespe
|turn|18
|
|t:|1769418743
|move|p1a: Iron Treads|Rapid Spin|p2a: Rotom
|-damage|p2a: Rotom|47/100
|-boost|p1a: Iron Treads|spe|1
|-sideend|p1: 1337muffin1337|Stealth Rock|[from] move: Rapid Spin|[of] p1a: Iron Treads
|move|p2a: Rotom|Hydro Pump|p1a: Iron Treads
|-supereffective|p1a: Iron Treads
|-damage|p1a: Iron Treads|0 fnt
|faint|p1a: Iron Treads
|-end|p1a: Iron Treads|Quark Drive|[silent]
|
|win|Alysonzl2
|raw|1337muffin1337's rating: 1116 &rarr; <strong>1089</strong><br />(-27 for losing)
|raw|Alysonzl2's rating: 1090 &rarr; <strong>1118</strong><br />(+28 for winning)
|l|☆1337muffin1337
|player|p1|
|l|☆Alysonzl2
|player|p2|
