|j|☆YumeKasumi76
|j|☆niutat001
|t:|1769415026
|gametype|singles
|player|p1|YumeKasumi76|170|1246
|player|p2|niutat001|265|1286
|gen|9
|tier|[Gen 9] OU
|rated|
|rule|HP Percentage Mod: HP is shown in percentages
|rule|Endless Battle Clause: Forcing endless battles is banned
|rule|Species Clause: Limit one of each Pokémon
|rule|OHKO Clause: OHKO moves are banned
|rule|Evasion Items Clause: Evasion items are banned
|rule|Evasion Moves Clause: Evasion moves are banned
|rule|Evasion Abilities Clause: Evasion abilities are banned
|rule|Sleep Moves Clause: Sleep-inducing moves are banned
|clearpoke
|poke|p1|Dragapult, M|
|poke|p1|Bisharp, F|
|poke|p1|Glimmora, F|
|poke|p1|Entei|
|poke|p1|Veluza, F|
|poke|p1|Braviary-Hisui, M|
|poke|p2|Garganacl, M|
|poke|p2|Darkrai|
|poke|p2|Great Tusk|
|poke|p2|Hatterene, F|
|poke|p2|Tornadus-Therian, M|
|poke|p2|Dragonite, M|
|teampreview
|inactive|Battle timer is ON: inactive players will automatically lose when time's up. (requested by niutat001)
|
|t:|1769415034
|teamsize|p1|6
|teamsize|p2|6
|start
|switch|p1a: Hikari|Glimmora, F|100/100
|switch|p2a: Tornadus|Tornadus-Therian, M|100/100
|turn|1
|
|t:|1769415043
|switch|p2a: Great Tusk|Great Tusk|100/100
|-enditem|p2a: Great Tusk|Booster Energy
|-activate|p2a: Great Tusk|ability: Protosynthesis|[fromitem]
|-start|p2a: Great Tusk|protosynthesisatk
|move|p1a: Hikari|Meteor Beam||[still]
|-prepare|p1a: Hikari|Meteor Beam
|-boost|p1a: Hikari|spa|1
|-enditem|p1a: Hikari|Power Herb
|-anim|p1a: Hikari|Meteor Beam|p2a: Great Tusk
|-resisted|p2a: Great Tusk
|-damage|p2a: Great Tusk|64/100
|
|upkeep
|turn|2
|
|t:|1769415056
|move|p2a: Great Tusk|Rapid Spin|p1a: Hikari
|-resisted|p1a: Hikari
|-damage|p1a: Hikari|87/100
|-boost|p2a: Great Tusk|spe|1
|-activate|p1a: Hikari|ability: Toxic Debris
|-sidestart|p2: niutat001|move: Toxic Spikes
|-sideend|p2: niutat001|Toxic Spikes|[from] move: Rapid Spin|[of] p2a: Great Tusk
|move|p1a: Hikari|Mortal Spin|p2a: Great Tusk
|-resisted|p2a: Great Tusk
|-damage|p2a: Great Tusk|62/100
|-status|p2a: Great Tusk|psn
|
|-damage|p2a: Great Tusk|50/100 psn|[from] psn
|upkeep
|turn|3
|
|t:|1769415076
|move|p2a: Great Tusk|Headlong Rush|p1a: Hikari
|-supereffective|p1a: Hikari
|-damage|p1a: Hikari|0 fnt
|-unboost|p2a: Great Tusk|def|1
|-unboost|p2a: Great Tusk|spd|1
|-activate|p1a: Hikari|ability: Toxic Debris
|-sidestart|p2: niutat001|move: Toxic Spikes
|faint|p1a: Hikari
|
|-damage|p2a: Great Tusk|37/100 psn|[from] psn
|upkeep
|inactive|YumeKasumi76 has 120 seconds left.
|
|t:|1769415097
|switch|p1a: Sovereign|Entei|100/100
|turn|4
|
|t:|1769415102
|move|p1a: Sovereign|Extreme Speed|p2a: Great Tusk
|-damage|p2a: Great Tusk|8/100 psn
|move|p2a: Great Tusk|Rapid Spin|p1a: Sovereign
|-damage|p1a: Sovereign|79/100
|-boost|p2a: Great Tusk|spe|1
|-sideend|p2: niutat001|Toxic Spikes|[from] move: Rapid Spin|[of] p2a: Great Tusk
|-enditem|p1a: Sovereign|Mirror Herb
|-boost|p1a: Sovereign|spe|1|[from] item: Mirror Herb
|
|-damage|p2a: Great Tusk|0 fnt|[from] psn
|faint|p2a: Great Tusk
|-end|p2a: Great Tusk|Protosynthesis|[silent]
|upkeep
|
|t:|1769415115
|switch|p2a: Garganacl|Garganacl, M|100/100
|turn|5
|
|t:|1769415122
|switch|p1a: Railgun|Dragapult, M|100/100
|move|p2a: Garganacl|Salt Cure|p1a: Railgun
|-damage|p1a: Railgun|83/100
|-start|p1a: Railgun|Salt Cure
|
|-damage|p1a: Railgun|71/100|[from] Salt Cure
|upkeep
|turn|6
|
|t:|1769415131
|move|p1a: Railgun|Light Screen|p1a: Railgun
|-sidestart|p1: YumeKasumi76|move: Light Screen
|move|p2a: Garganacl|Stealth Rock|p1a: Railgun
|-sidestart|p1: YumeKasumi76|move: Stealth Rock
|
|-damage|p1a: Railgun|58/100|[from] Salt Cure
|upkeep
|turn|7
|
|t:|1769415139
|move|p1a: Railgun|Reflect|p1a: Railgun
|-sidestart|p1: YumeKasumi76|Reflect
|move|p2a: Garganacl|Salt Cure|p1a: Railgun
|-damage|p1a: Railgun|50/100
|
|-damage|p1a: Railgun|37/100|[from] Salt Cure
|upkeep
|turn|8
|
|t:|1769415145
|move|p2a: Garganacl|Protect|p2a: Garganacl
|-singleturn|p2a: Garganacl|Protect
|move|p1a: Railgun|Curse|p2a: Garganacl
|-start|p2a: Garganacl|Curse|[of] p1a: Railgun
|-damage|p1a: Railgun|0 fnt
|faint|p1a: Railgun
|
|-damage|p2a: Garganacl|75/100|[from] Curse
|upkeep
|
|t:|1769415151
|switch|p1a: Riamare|Veluza, F, shiny|100/100
|-damage|p1a: Riamare|88/100|[from] Stealth Rock
|turn|9
|
|t:|1769415158
|switch|p2a: Hatterene|Hatterene, F|100/100
|move|p1a: Riamare|Fillet Away|p1a: Riamare
|-boost|p1a: Riamare|atk|2
|-boost|p1a: Riamare|spa|2
|-boost|p1a: Riamare|spe|2
|-damage|p1a: Riamare|38/100
|-enditem|p1a: Riamare|Sitrus Berry|[eat]
|-heal|p1a: Riamare|63/100|[from] item: Sitrus Berry
|
|upkeep
|turn|10
|
|t:|1769415170
|move|p1a: Riamare|Night Slash|p2a: Hatterene
|-damage|p2a: Hatterene|44/100
|-damage|p1a: Riamare|46/100|[from] item: Rocky Helmet|[of] p2a: Hatterene
|move|p2a: Hatterene|Future Sight|p1a: Riamare
|-start|p2a: Hatterene|move: Future Sight
|
|upkeep
|turn|11
|
|t:|1769415179
|move|p1a: Riamare|Night Slash|p2a: Hatterene
|-damage|p2a: Hatterene|0 fnt
|-damage|p1a: Riamare|30/100|[from] item: Rocky Helmet|[of] p2a: Hatterene
|faint|p2a: Hatterene
|
|upkeep
|
|t:|1769415189
|switch|p2a: Dragonite|Dragonite, M|100/100
|turn|12
|
|t:|1769415195
|move|p2a: Dragonite|Extreme Speed|p1a: Riamare
|-damage|p1a: Riamare|4/100
|move|p1a: Riamare|Night Slash|p2a: Dragonite
|-damage|p2a: Dragonite|66/100
|
|-end|p1a: Riamare|move: Future Sight
|-resisted|p1a: Riamare
|-damage|p1a: Riamare|0 fnt
|faint|p1a: Riamare
|upkeep
|
|t:|1769415200
|switch|p1a: Sovereign|Entei|79/100
|-damage|p1a: Sovereign|54/100|[from] Stealth Rock
|turn|13
|
|t:|1769415208
|switch|p2a: Garganacl|Garganacl, M|75/100
|move|p1a: Sovereign|Sacred Fire|p2a: Garganacl
|-resisted|p2a: Garganacl
|-damage|p2a: Garganacl|58/100
|
|-heal|p2a: Garganacl|65/100|[from] item: Leftovers
|-sideend|p1: YumeKasumi76|move: Light Screen
|upkeep
|turn|14
|
|t:|1769415217
|switch|p1a: Mentalist|Braviary-Hisui, M|100/100
|-damage|p1a: Mentalist|76/100|[from] Stealth Rock
|move|p2a: Garganacl|Salt Cure|p1a: Mentalist
|-supereffective|p1a: Mentalist
|-damage|p1a: Mentalist|56/100
|-start|p1a: Mentalist|Salt Cure
|-enditem|p1a: Mentalist|Weakness Policy
|-boost|p1a: Mentalist|atk|2|[from] item: Weakness Policy
|-boost|p1a: Mentalist|spa|2|[from] item: Weakness Policy
|
|-heal|p2a: Garganacl|71/100|[from] item: Leftovers
|-damage|p1a: Mentalist|44/100|[from] Salt Cure
|-sideend|p1: YumeKasumi76|Reflect
|upkeep
|turn|15
|
|t:|1769415229
|move|p2a: Garganacl|Protect|p2a: Garganacl
|-singleturn|p2a: Garganacl|Protect
|move|p1a: Mentalist|Roost|p1a: Mentalist
|-heal|p1a: Mentalist|94/100
|-singleturn|p1a: Mentalist|move: Roost
|
|-heal|p2a: Garganacl|77/100|[from] item: Leftovers
|-damage|p1a: Mentalist|81/100|[from] Salt Cure
|upkeep
|turn|16
|
|t:|1769415240
|move|p1a: Mentalist|Esper Wing|p2a: Garganacl
|-damage|p2a: Garganacl|18/100
|-boost|p1a: Mentalist|spe|1
|move|p2a: Garganacl|Salt Cure|p1a: Mentalist
|-supereffective|p1a: Mentalist
|-damage|p1a: Mentalist|43/100
|
|-heal|p2a: Garganacl|25/100|[from] item: Leftovers
|-damage|p1a: Mentalist|31/100|[from] Salt Cure
|upkeep
|turn|17
|
|t:|1769415250
|move|p1a: Mentalist|Roost|p1a: Mentalist
|-heal|p1a: Mentalist|81/100
|-singleturn|p1a: Mentalist|move: Roost
|move|p2a: Garganacl|Recover|p2a: Garganacl
|-heal|p2a: Garganacl|75/100
|
|-heal|p2a: Garganacl|81/100|[from] item: Leftovers
|-damage|p1a: Mentalist|68/100|[from] Salt Cure
|upkeep
|turn|18
|
|t:|1769415260
|move|p1a: Mentalist|Esper Wing|p2a: Garganacl
|-damage|p2a: Garganacl|22/100
|-boost|p1a: Mentalist|spe|1
|move|p2a: Garganacl|Salt Cure|p1a: Mentalist
|-supereffective|p1a: Mentalist
|-damage|p1a: Mentalist|32/100
|
|-heal|p2a: Garganacl|28/100|[from] item: Leftovers
|-damage|p1a: Mentalist|19/100|[from] Salt Cure
|upkeep
|turn|19
|
|t:|1769415271
|move|p1a: Mentalist|Roost|p1a: Mentalist
|-heal|p1a: Mentalist|69/100
|-singleturn|p1a: Mentalist|move: Roost
|move|p2a: Garganacl|Salt Cure|p1a: Mentalist
|-damage|p1a: Mentalist|52/100
|
|-heal|p2a: Garganacl|34/100|[from] item: Leftovers
|-damage|p1a: Mentalist|39/100|[from] Salt Cure
|upkeep
|turn|20
|
|t:|1769415282
|move|p2a: Garganacl|Protect|p2a: Garganacl
|-singleturn|p2a: Garganacl|Protect
|move|p1a: Mentalist|Roost|p1a: Mentalist
|-heal|p1a: Mentalist|89/100
|-singleturn|p1a: Mentalist|move: Roost
|
|-heal|p2a: Garganacl|41/100|[from] item: Leftovers
|-damage|p1a: Mentalist|77/100|[from] Salt Cure
|upkeep
|turn|21
|
|t:|1769415295
|move|p1a: Mentalist|Esper Wing|p2a: Garganacl
|-damage|p2a: Garganacl|0 fnt
|-boost|p1a: Mentalist|spe|1
|faint|p2a: Garganacl
|
|-damage|p1a: Mentalist|64/100|[from] Salt Cure
|upkeep
|inactive|niutat001 has 120 seconds left.
|
|t:|1769415321
|switch|p2a: Darkrai|Darkrai|100/100
|turn|22
|
|t:|1769415328
|move|p1a: Mentalist|Hurricane|p2a: Darkrai
|-damage|p2a: Darkrai|0 fnt
|faint|p2a: Darkrai
|
|-damage|p1a: Mentalist|52/100|[from] Salt Cure
|upkeep
|
|t:|1769415334
|switch|p2a: Dragonite|Dragonite, M|66/100
|turn|23
|
|t:|1769415342
|-terastallize|p2a: Dragonite|Normal
|move|p2a: Dragonite|Extreme Speed|p1a: Mentalist
|-damage|p1a: Mentalist|0 fnt
|faint|p1a: Mentalist
|
|upkeep
|
|t:|1769415350
|switch|p1a: Sovereign|Entei|54/100
|-damage|p1a: Sovereign|30/100|[from] Stealth Rock
|turn|24
|
|t:|1769415359
|-terastallize|p1a: Sovereign|Normal
|move|p1a: Sovereign|Extreme Speed|p2a: Dragonite
|-damage|p2a: Dragonite|23/100
|move|p2a: Dragonite|Extreme Speed|p1a: Sovereign
|-damage|p1a: Sovereign|0 fnt
|faint|p1a: Sovereign
|
|upkeep
|
|t:|1769415362
|switch|p1a: Bellator|Bisharp, F, shiny|100/100
|-damage|p1a: Bellator|94/100|[from] Stealth Rock
|turn|25
|
|t:|1769415371
|move|p2a: Dragonite|Earthquake|p1a: Bellator
|-supereffective|p1a: Bellator
|-damage|p1a: Bellator|40/100
|move|p1a: Bellator|Swords Dance|p1a: Bellator
|-boost|p1a: Bellator|atk|2
|
|upkeep
|turn|26
|
|t:|1769415384
|move|p2a: Dragonite|Extreme Speed|p1a: Bellator
|-resisted|p1a: Bellator
|-damage|p1a: Bellator|22/100
|move|p1a: Bellator|Iron Head|p2a: Dragonite
|-damage|p2a: Dragonite|0 fnt
|faint|p2a: Dragonite
|
|upkeep
|
|t:|1769415390
|switch|p2a: Tornadus|Tornadus-Therian, M|100/100
|turn|27
|
|t:|1769415393
|move|p1a: Bellator|Sucker Punch|p2a: Tornadus
|-damage|p2a: Tornadus|13/100
|move|p2a: Tornadus|Heat Wave|p1a: Bellator
|-supereffective|p1a: Bellator
|-damage|p1a: Bellator|0 fnt
|faint|p1a: Bellator
|
|win|niutat001
|raw|YumeKasumi76's rating: 1246 &rarr; <strong>1224</strong><br />(-22 for losing)
|raw|niutat001's rating: 1286 &rarr; <strong>1308</strong><br />(+22 for winning)
|l|☆YumeKasumi76
|player|p1|
|l|☆niutat001
|player|p2|
