|j|☆ghkliufxcbnkhgdccc
|j|☆Orange_Blue_10
|t:|1769322832
|gametype|singles
|player|p1|ghkliufxcbnkhgdccc|rosa|1187
|player|p2|Orange_Blue_10|lance|1292
|gen|9
|tier|[Gen 9] OU
|rated|
|rule|HP Percentage Mod: HP is shown in percentages
|rule|Endless Battle Clause: Forcing endless battles is banned
|rule|Species Clause: Limit one of each Pokémon
|rule|OHKO Clause: OHKO moves are banned
|rule|Evasion Items Clause: Evasion items are banned
|rule|Evasion Moves Clause: Evasion moves are banned
|rule|Evasion Abilities Clause: Evasion abilities are banned
|rule|Sleep Moves Clause: Sleep-inducing moves are banned
|clearpoke
|poke|p1|Heatran, F|
|poke|p1|Dragonite, M|
|poke|p1|Tyranitar, M|
|poke|p1|Gholdengo|
|poke|p1|Weezing-Galar, M|
|poke|p1|Ogerpon-Wellspring, F|
|poke|p2|Charizard, M|
|poke|p2|Walking Wake|
|poke|p2|Torkoal, F|
|poke|p2|Raging Bolt|
|poke|p2|Great Tusk|
|poke|p2|Lilligant-Hisui, F|
|teampreview
|inactive|Battle timer is ON: inactive players will automatically lose when time's up. (requested by Orange_Blue_10)
|inactive|Orange_Blue_10 has 120 seconds left.
|
|t:|1769322871
|teamsize|p1|6
|teamsize|p2|6
|start
|switch|p1a: Weezing|Weezing-Galar, M|100/100
|switch|p2a: Great Tusk|Great Tusk|100/100
|-ability|p1a: Weezing|Neutralizing Gas
|turn|1
|
|t:|1769322880
|move|p2a: Great Tusk|Earthquake|p1a: Weezing
|-supereffective|p1a: Weezing
|-damage|p1a: Weezing|11/100
|move|p1a: Weezing|Will-O-Wisp|p2a: Great Tusk
|-status|p2a: Great Tusk|brn
|
|-heal|p1a: Weezing|17/100|[from] item: Leftovers
|-damage|p2a: Great Tusk|94/100 brn|[from] brn
|upkeep
|turn|2
|
|t:|1769322892
|-end|p1a: Weezing|ability: Neutralizing Gas
|switch|p1a: Dragonite|Dragonite, M|100/100
|move|p2a: Great Tusk|Earthquake|p1a: Dragonite
|-immune|p1a: Dragonite
|
|-damage|p2a: Great Tusk|88/100 brn|[from] brn
|upkeep
|turn|3
|
|t:|1769322905
|-terastallize|p1a: Dragonite|Normal
|move|p1a: Dragonite|Aqua Jet|p2a: Great Tusk
|-supereffective|p2a: Great Tusk
|-damage|p2a: Great Tusk|57/100 brn
|move|p2a: Great Tusk|Play Rough|p1a: Dragonite
|-damage|p1a: Dragonite|83/100
|
|-damage|p2a: Great Tusk|51/100 brn|[from] brn
|upkeep
|turn|4
|
|t:|1769322918
|switch|p1a: Gholdengo|Gholdengo|100/100
|-item|p1a: Gholdengo|Air Balloon
|move|p2a: Great Tusk|Close Combat|p1a: Gholdengo
|-immune|p1a: Gholdengo
|
|-damage|p2a: Great Tusk|45/100 brn|[from] brn
|upkeep
|turn|5
|
|t:|1769322930
|-end|p2a: Great Tusk|Protosynthesis|[silent]
|switch|p2a: Torkoal|Torkoal, F|100/100
|-weather|SunnyDay|[from] ability: Drought|[of] p2a: Torkoal
|move|p1a: Gholdengo|Nasty Plot|p1a: Gholdengo
|-boost|p1a: Gholdengo|spa|2
|
|-weather|SunnyDay|[upkeep]
|upkeep
|turn|6
|
|t:|1769322939
|move|p1a: Gholdengo|Shadow Ball|p2a: Torkoal
|-damage|p2a: Torkoal|0 fnt
|faint|p2a: Torkoal
|
|-weather|SunnyDay|[upkeep]
|upkeep
|
|t:|1769322945
|switch|p2a: Charizard|Charizard, M|100/100
|turn|7
|
|t:|1769322949
|switch|p1a: Tyranitar|Tyranitar, M|100/100
|-weather|Sandstorm|[from] ability: Sand Stream|[of] p1a: Tyranitar
|move|p2a: Charizard|Weather Ball|p1a: Tyranitar
|-damage|p1a: Tyranitar|84/100
|
|-weather|Sandstorm|[upkeep]
|-damage|p2a: Charizard|94/100|[from] Sandstorm
|-heal|p1a: Tyranitar|90/100|[from] item: Leftovers
|upkeep
|turn|8
|
|t:|1769322961
|switch|p2a: Great Tusk|Great Tusk|45/100 brn
|move|p1a: Tyranitar|Knock Off|p2a: Great Tusk
|-resisted|p2a: Great Tusk
|-crit|p2a: Great Tusk
|-damage|p2a: Great Tusk|24/100 brn
|-enditem|p2a: Great Tusk|Assault Vest|[from] move: Knock Off|[of] p1a: Tyranitar
|
|-weather|Sandstorm|[upkeep]
|-heal|p1a: Tyranitar|97/100|[from] item: Leftovers
|-damage|p2a: Great Tusk|18/100 brn|[from] brn
|upkeep
|turn|9
|
|t:|1769322972
|move|p2a: Great Tusk|Close Combat|p1a: Tyranitar
|-supereffective|p1a: Tyranitar
|-damage|p1a: Tyranitar|9/100
|-unboost|p2a: Great Tusk|def|1
|-unboost|p2a: Great Tusk|spd|1
|move|p1a: Tyranitar|Stealth Rock|p2a: Great Tusk
|-sidestart|p2: Orange_Blue_10|move: Stealth Rock
|
|-weather|Sandstorm|[upkeep]
|-heal|p1a: Tyranitar|15/100|[from] item: Leftovers
|-damage|p2a: Great Tusk|12/100 brn|[from] brn
|upkeep
|turn|10
|
|t:|1769322984
|switch|p1a: Gholdengo|Gholdengo|100/100
|-item|p1a: Gholdengo|Air Balloon
|move|p2a: Great Tusk|Play Rough|p1a: Gholdengo|[miss]
|-miss|p2a: Great Tusk|p1a: Gholdengo
|
|-weather|Sandstorm|[upkeep]
|-damage|p2a: Great Tusk|5/100 brn|[from] brn
|upkeep
|turn|11
|
|t:|1769322995
|move|p1a: Gholdengo|Nasty Plot|p1a: Gholdengo
|-boost|p1a: Gholdengo|spa|2
|move|p2a: Great Tusk|Play Rough|p1a: Gholdengo
|-resisted|p1a: Gholdengo
|-damage|p1a: Gholdengo|93/100
|-enditem|p1a: Gholdengo|Air Balloon
|
|-weather|none
|-damage|p2a: Great Tusk|0 fnt|[from] brn
|faint|p2a: Great Tusk
|-end|p2a: Great Tusk|Protosynthesis|[silent]
|upkeep
|
|t:|1769323007
|switch|p2a: Charizard|Charizard, M|94/100
|turn|12
|
|t:|1769323012
|switch|p1a: Ogerpon|Ogerpon-Wellspring, F|100/100
|move|p2a: Charizard|Fire Blast|p1a: Ogerpon
|-damage|p1a: Ogerpon|44/100
|
|upkeep
|turn|13
|
|t:|1769323022
|move|p1a: Ogerpon|Ivy Cudgel|p2a: Charizard|[anim] Ivy Cudgel Water
|-supereffective|p2a: Charizard
|-damage|p2a: Charizard|0 fnt
|faint|p2a: Charizard
|
|upkeep
|
|t:|1769323027
|switch|p2a: Raging Bolt|Raging Bolt|100/100
|-damage|p2a: Raging Bolt|88/100|[from] Stealth Rock
|turn|14
|
|t:|1769323032
|move|p1a: Ogerpon|Spiky Shield|p1a: Ogerpon
|-singleturn|p1a: Ogerpon|move: Protect
|move|p2a: Raging Bolt|Thunderbolt|p1a: Ogerpon
|-activate|p1a: Ogerpon|move: Protect
|
|upkeep
|turn|15
|
|t:|1769323041
|move|p1a: Ogerpon|Play Rough|p2a: Raging Bolt
|-supereffective|p2a: Raging Bolt
|-damage|p2a: Raging Bolt|26/100
|move|p2a: Raging Bolt|Thunderbolt|p1a: Ogerpon
|-damage|p1a: Ogerpon|0 fnt
|faint|p1a: Ogerpon
|
|upkeep
|
|t:|1769323051
|switch|p1a: Dragonite|Dragonite, M, tera:Normal|83/100
|turn|16
|
|t:|1769323055
|move|p1a: Dragonite|Extreme Speed|p2a: Raging Bolt
|-damage|p2a: Raging Bolt|0 fnt
|faint|p2a: Raging Bolt
|-end|p2a: Raging Bolt|Protosynthesis|[silent]
|
|upkeep
|
|t:|1769323060
|switch|p2a: Walking Wake|Walking Wake|100/100
|-damage|p2a: Walking Wake|88/100|[from] Stealth Rock
|turn|17
|
|t:|1769323066
|move|p1a: Dragonite|Extreme Speed|p2a: Walking Wake
|-damage|p2a: Walking Wake|6/100
|move|p2a: Walking Wake|Hydro Steam|p1a: Dragonite
|-damage|p1a: Dragonite|30/100
|
|upkeep
|turn|18
|-message|Orange_Blue_10 forfeited.
|
|win|ghkliufxcbnkhgdccc
|raw|ghkliufxcbnkhgdccc's rating: 1187 &rarr; <strong>1219</strong><br />(+32 for winning)
|raw|Orange_Blue_10's rating: 1292 &rarr; <strong>1260</strong><br />(-32 for losing)
|l|☆Orange_Blue_10
|player|p2|
|l|☆ghkliufxcbnkhgdccc
|player|p1|
