|j|☆CambridgeFoulPlay
|j|☆GreninjaMyFav
|t:|1769319948
|gametype|singles
|player|p1|CambridgeFoulPlay|266|1622
|player|p2|GreninjaMyFav|170|1597
|gen|9
|tier|[Gen 9] OU
|rated|
|rule|HP Percentage Mod: HP is shown in percentages
|rule|Endless Battle Clause: Forcing endless battles is banned
|rule|Species Clause: Limit one of each Pokémon
|rule|OHKO Clause: OHKO moves are banned
|rule|Evasion Items Clause: Evasion items are banned
|rule|Evasion Moves Clause: Evasion moves are banned
|rule|Evasion Abilities Clause: Evasion abilities are banned
|rule|Sleep Moves Clause: Sleep-inducing moves are banned
|clearpoke
|poke|p1|Hydrapple, M|
|poke|p1|Tyranitar, F|
|poke|p1|Moltres|
|poke|p1|Zamazenta-*|
|poke|p1|Slowking-Galar, F|
|poke|p1|Excadrill, F|
|poke|p2|Rillaboom, M|
|poke|p2|Gholdengo|
|poke|p2|Greninja-*, F|
|poke|p2|Heatran, F|
|poke|p2|Great Tusk|
|poke|p2|Ogerpon, F|
|teampreview
|c|☆CambridgeFoulPlay|hf
|inactive|Battle timer is ON: inactive players will automatically lose when time's up. (requested by CambridgeFoulPlay)
|
|t:|1769319956
|teamsize|p1|6
|teamsize|p2|6
|start
|switch|p1a: Tyranitar|Tyranitar, F|100/100
|switch|p2a: Greninja|Greninja, F|100/100
|-weather|Sandstorm|[from] ability: Sand Stream|[of] p1a: Tyranitar
|turn|1
|
|t:|1769319958
|move|p2a: Greninja|Grass Knot|p1a: Tyranitar
|-start|p2a: Greninja|typechange|Grass|[from] ability: Protean
|-supereffective|p1a: Tyranitar
|-damage|p1a: Tyranitar|28/100
|move|p1a: Tyranitar|Stealth Rock|p2a: Greninja
|-sidestart|p2: GreninjaMyFav|move: Stealth Rock
|
|-weather|Sandstorm|[upkeep]
|-damage|p2a: Greninja|95/100|[from] Sandstorm
|upkeep
|turn|2
|
|t:|1769319970
|switch|p2a: Heatran|Heatran, F|100/100
|-damage|p2a: Heatran|88/100|[from] Stealth Rock
|switch|p1a: Hydrapple|Hydrapple, M|100/100
|
|-weather|Sandstorm|[upkeep]
|-damage|p1a: Hydrapple|94/100|[from] Sandstorm
|-heal|p2a: Heatran|94/100|[from] item: Leftovers
|upkeep
|turn|3
|
|t:|1769319975
|move|p2a: Heatran|Stealth Rock|p1a: Hydrapple
|-sidestart|p1: CambridgeFoulPlay|move: Stealth Rock
|move|p1a: Hydrapple|Earth Power|p2a: Heatran
|-supereffective|p2a: Heatran
|-damage|p2a: Heatran|27/100
|
|-weather|Sandstorm|[upkeep]
|-damage|p1a: Hydrapple|88/100|[from] Sandstorm
|-heal|p2a: Heatran|33/100|[from] item: Leftovers
|upkeep
|turn|4
|
|t:|1769319979
|switch|p2a: Gholdengo|Gholdengo|100/100
|-damage|p2a: Gholdengo|94/100|[from] Stealth Rock
|-item|p2a: Gholdengo|Air Balloon
|move|p1a: Hydrapple|Earth Power|p2a: Gholdengo
|-immune|p2a: Gholdengo
|
|-weather|Sandstorm|[upkeep]
|-damage|p1a: Hydrapple|82/100|[from] Sandstorm
|upkeep
|turn|5
|
|t:|1769319985
|switch|p1a: Moltres|Moltres|100/100
|move|p2a: Gholdengo|Thunder Wave|p1a: Moltres
|-status|p1a: Moltres|par
|
|-weather|Sandstorm|[upkeep]
|-damage|p1a: Moltres|94/100 par|[from] Sandstorm
|upkeep
|turn|6
|
|t:|1769319989
|switch|p2a: Greninja|Greninja, F|95/100
|-damage|p2a: Greninja|82/100|[from] Stealth Rock
|move|p1a: Moltres|Flamethrower|p2a: Greninja
|-resisted|p2a: Greninja
|-damage|p2a: Greninja|54/100
|
|-weather|Sandstorm|[upkeep]
|-damage|p2a: Greninja|48/100|[from] Sandstorm
|-damage|p1a: Moltres|88/100 par|[from] Sandstorm
|upkeep
|turn|7
|
|t:|1769319996
|move|p2a: Greninja|Ice Beam|p1a: Moltres
|-start|p2a: Greninja|typechange|Ice|[from] ability: Protean
|-damage|p1a: Moltres|24/100 par
|move|p1a: Moltres|U-turn|p2a: Greninja
|-damage|p2a: Greninja|24/100
|
|t:|1769319998
|switch|p1a: Zamazenta|Zamazenta|100/100|[from] U-turn
|-damage|p1a: Zamazenta|94/100|[from] Stealth Rock
|-ability|p1a: Zamazenta|Dauntless Shield|boost
|-boost|p1a: Zamazenta|def|1
|
|-weather|Sandstorm|[upkeep]
|-damage|p1a: Zamazenta|88/100|[from] Sandstorm
|-damage|p2a: Greninja|18/100|[from] Sandstorm
|-heal|p1a: Zamazenta|94/100|[from] item: Leftovers
|upkeep
|turn|8
|
|t:|1769320001
|switch|p2a: Gholdengo|Gholdengo|94/100
|-damage|p2a: Gholdengo|88/100|[from] Stealth Rock
|-item|p2a: Gholdengo|Air Balloon
|move|p1a: Zamazenta|Crunch|p2a: Gholdengo
|-supereffective|p2a: Gholdengo
|-damage|p2a: Gholdengo|57/100
|-unboost|p2a: Gholdengo|def|1
|-enditem|p2a: Gholdengo|Air Balloon
|
|-weather|none
|-heal|p1a: Zamazenta|100/100|[from] item: Leftovers
|upkeep
|turn|9
|
|t:|1769320008
|move|p1a: Zamazenta|Crunch|p2a: Gholdengo
|-supereffective|p2a: Gholdengo
|-damage|p2a: Gholdengo|14/100
|-unboost|p2a: Gholdengo|def|1
|move|p2a: Gholdengo|Thunder Wave|p1a: Zamazenta|[miss]
|-miss|p2a: Gholdengo|p1a: Zamazenta
|
|upkeep
|turn|10
|
|t:|1769320013
|move|p1a: Zamazenta|Crunch|p2a: Gholdengo
|-supereffective|p2a: Gholdengo
|-damage|p2a: Gholdengo|0 fnt
|faint|p2a: Gholdengo
|
|upkeep
|
|t:|1769320017
|switch|p2a: Great Tusk|Great Tusk|100/100
|turn|11
|
|t:|1769320020
|move|p1a: Zamazenta|Iron Defense|p1a: Zamazenta
|-boost|p1a: Zamazenta|def|2
|move|p2a: Great Tusk|Rapid Spin|p1a: Zamazenta
|-damage|p1a: Zamazenta|95/100
|-boost|p2a: Great Tusk|spe|1
|-sideend|p2: GreninjaMyFav|Stealth Rock|[from] move: Rapid Spin|[of] p2a: Great Tusk
|
|-heal|p1a: Zamazenta|100/100|[from] item: Leftovers
|upkeep
|turn|12
|-message|GreninjaMyFav forfeited.
|
|win|CambridgeFoulPlay
|raw|CambridgeFoulPlay's rating: 1622 &rarr; <strong>1641</strong><br />(+19 for winning)
|raw|GreninjaMyFav's rating: 1597 &rarr; <strong>1578</strong><br />(-19 for losing)
|c|☆CambridgeFoulPlay|gg
|l|☆GreninjaMyFav
|player|p2|
