|j|☆suprya
|j|☆CambridgeFoulPlay
|t:|1769369530
|gametype|singles
|player|p1|suprya|wattson|1624
|player|p2|CambridgeFoulPlay|266|1687
|gen|9
|tier|[Gen 9] OU
|rated|
|rule|HP Percentage Mod: HP is shown in percentages
|rule|Endless Battle Clause: Forcing endless battles is banned
|rule|Species Clause: Limit one of each Pokémon
|rule|OHKO Clause: OHKO moves are banned
|rule|Evasion Items Clause: Evasion items are banned
|rule|Evasion Moves Clause: Evasion moves are banned
|rule|Evasion Abilities Clause: Evasion abilities are banned
|rule|Sleep Moves Clause: Sleep-inducing moves are banned
|clearpoke
|poke|p1|Slowking, F|
|poke|p1|Kingambit, M|
|poke|p1|Iron Hands|
|poke|p1|Great Tusk|
|poke|p1|Tornadus-Therian, M|
|poke|p1|Pecharunt|
|poke|p2|Hydrapple, M|
|poke|p2|Tyranitar, F|
|poke|p2|Moltres|
|poke|p2|Zamazenta-*|
|poke|p2|Slowking-Galar, F|
|poke|p2|Excadrill, F|
|teampreview
|inactive|Battle timer is ON: inactive players will automatically lose when time's up. (requested by suprya)
|c|☆CambridgeFoulPlay|hf
|inactive|CambridgeFoulPlay also wants the timer to be on.
|c|☆suprya|hf
|
|t:|1769369542
|teamsize|p1|6
|teamsize|p2|6
|start
|switch|p1a: Iron Hands|Iron Hands|100/100
|switch|p2a: Zamazenta|Zamazenta|100/100
|-ability|p2a: Zamazenta|Dauntless Shield|boost
|-boost|p2a: Zamazenta|def|1
|turn|1
|
|t:|1769369551
|move|p2a: Zamazenta|Iron Defense|p2a: Zamazenta
|-boost|p2a: Zamazenta|def|2
|move|p1a: Iron Hands|Drain Punch|p2a: Zamazenta
|-damage|p2a: Zamazenta|87/100
|
|-heal|p2a: Zamazenta|93/100|[from] item: Leftovers
|upkeep
|turn|2
|
|t:|1769369554
|-end|p1a: Iron Hands|Quark Drive|[silent]
|switch|p1a: Pecharunt|Pecharunt|100/100
|move|p2a: Zamazenta|Crunch|p1a: Pecharunt
|-supereffective|p1a: Pecharunt
|-damage|p1a: Pecharunt|73/100
|
|-heal|p2a: Zamazenta|99/100|[from] item: Leftovers
|upkeep
|turn|3
|
|t:|1769369561
|move|p1a: Pecharunt|Parting Shot|p2a: Zamazenta
|-unboost|p2a: Zamazenta|atk|1
|-unboost|p2a: Zamazenta|spa|1
|
|t:|1769369571
|switch|p1a: Tornadus|Tornadus-Therian, M|100/100|[from] Parting Shot
|move|p2a: Zamazenta|Roar|p1a: Tornadus
|drag|p1a: Slowking|Slowking, F|100/100
|
|-heal|p2a: Zamazenta|100/100|[from] item: Leftovers
|upkeep
|turn|4
|
|t:|1769369578
|switch|p2a: Hydrapple|Hydrapple, M|100/100
|move|p1a: Slowking|Psychic Noise|p2a: Hydrapple
|-damage|p2a: Hydrapple|75/100
|-start|p2a: Hydrapple|move: Heal Block
|
|upkeep
|turn|5
|
|t:|1769369584
|move|p2a: Hydrapple|Nasty Plot|p2a: Hydrapple
|-boost|p2a: Hydrapple|spa|2
|-prepare|p1a: Slowking|Chilly Reception|[premajor]
|move|p1a: Slowking|Chilly Reception|p1a: Slowking
|-weather|Snowscape
|
|t:|1769369589
|switch|p1a: Tornadus|Tornadus-Therian, M|100/100|[from] Chilly Reception
|
|-weather|Snowscape|[upkeep]
|-end|p2a: Hydrapple|move: Heal Block
|upkeep
|turn|6
|
|t:|1769369592
|switch|p2a: Tyranitar|Tyranitar, F|100/100
|-weather|Sandstorm|[from] ability: Sand Stream|[of] p2a: Tyranitar
|move|p1a: Tornadus|Knock Off|p2a: Tyranitar
|-resisted|p2a: Tyranitar
|-damage|p2a: Tyranitar|93/100
|-enditem|p2a: Tyranitar|Smooth Rock|[from] move: Knock Off|[of] p1a: Tornadus
|
|-weather|Sandstorm|[upkeep]
|-damage|p1a: Tornadus|94/100|[from] Sandstorm
|upkeep
|turn|7
|
|t:|1769369595
|move|p1a: Tornadus|U-turn|p2a: Tyranitar
|-supereffective|p2a: Tyranitar
|-damage|p2a: Tyranitar|70/100
|
|t:|1769369598
|switch|p1a: Great Tusk|Great Tusk|100/100|[from] U-turn
|move|p2a: Tyranitar|Stealth Rock|p1a: Great Tusk
|-sidestart|p1: suprya|move: Stealth Rock
|
|-weather|Sandstorm|[upkeep]
|upkeep
|turn|8
|
|t:|1769369601
|switch|p2a: Moltres|Moltres|100/100
|move|p1a: Great Tusk|Stealth Rock|p2a: Moltres
|-sidestart|p2: CambridgeFoulPlay|move: Stealth Rock
|
|-weather|Sandstorm|[upkeep]
|-damage|p2a: Moltres|94/100|[from] Sandstorm
|upkeep
|turn|9
|
|t:|1769369605
|-end|p1a: Great Tusk|Protosynthesis|[silent]
|switch|p1a: Slowking|Slowking, F|100/100
|move|p2a: Moltres|Flamethrower|p1a: Slowking
|-resisted|p1a: Slowking
|-damage|p1a: Slowking|87/100
|
|-weather|Sandstorm|[upkeep]
|-damage|p2a: Moltres|88/100|[from] Sandstorm
|-damage|p1a: Slowking|81/100|[from] Sandstorm
|upkeep
|turn|10
|
|t:|1769369611
|move|p2a: Moltres|U-turn|p1a: Slowking
|-supereffective|p1a: Slowking
|-damage|p1a: Slowking|60/100
|
|t:|1769369614
|switch|p2a: Hydrapple|Hydrapple, M|100/100|[from] U-turn
|move|p1a: Slowking|Trick Room|p1a: Slowking
|-fieldstart|move: Trick Room|[of] p1a: Slowking
|
|-weather|Sandstorm|[upkeep]
|-damage|p1a: Slowking|54/100|[from] Sandstorm
|-damage|p2a: Hydrapple|94/100|[from] Sandstorm
|upkeep
|turn|11
|
|t:|1769369620
|-prepare|p1a: Slowking|Chilly Reception|[premajor]
|move|p1a: Slowking|Chilly Reception|p1a: Slowking
|-weather|Snowscape
|
|t:|1769369623
|switch|p1a: Iron Hands|Iron Hands|100/100|[from] Chilly Reception
|-damage|p1a: Iron Hands|94/100|[from] Stealth Rock
|move|p2a: Hydrapple|Nasty Plot|p2a: Hydrapple
|-boost|p2a: Hydrapple|spa|2
|
|-weather|Snowscape|[upkeep]
|upkeep
|turn|12
|
|t:|1769369627
|move|p2a: Hydrapple|Earth Power|p1a: Iron Hands
|-supereffective|p1a: Iron Hands
|-damage|p1a: Iron Hands|36/100
|move|p1a: Iron Hands|Ice Punch|p2a: Hydrapple
|-supereffective|p2a: Hydrapple
|-damage|p2a: Hydrapple|22/100
|
|-weather|Snowscape|[upkeep]
|upkeep
|turn|13
|
|t:|1769369644
|-end|p1a: Iron Hands|Quark Drive|[silent]
|switch|p1a: Kingambit|Kingambit, M|100/100
|-damage|p1a: Kingambit|94/100|[from] Stealth Rock
|move|p2a: Hydrapple|Fickle Beam|p1a: Kingambit|[anim] Fickle Beam All Out
|-activate|p2a: Hydrapple|move: Fickle Beam
|-resisted|p1a: Kingambit
|-damage|p1a: Kingambit|26/100
|
|-weather|Snowscape|[upkeep]
|-heal|p1a: Kingambit|32/100|[from] item: Leftovers
|upkeep
|turn|14
|
|t:|1769369652
|switch|p2a: Zamazenta|Zamazenta|100/100
|-damage|p2a: Zamazenta|94/100|[from] Stealth Rock
|move|p1a: Kingambit|Iron Head|p2a: Zamazenta
|-damage|p2a: Zamazenta|56/100
|
|-weather|Snowscape|[upkeep]
|-heal|p1a: Kingambit|38/100|[from] item: Leftovers
|-heal|p2a: Zamazenta|63/100|[from] item: Leftovers
|-fieldend|move: Trick Room
|upkeep
|turn|15
|
|t:|1769369657
|move|p2a: Zamazenta|Body Press|p1a: Kingambit
|-supereffective|p1a: Kingambit
|-damage|p1a: Kingambit|0 fnt
|faint|p1a: Kingambit
|-end|p1a: Kingambit|fallenundefined|[silent]
|
|-weather|none
|-heal|p2a: Zamazenta|69/100|[from] item: Leftovers
|upkeep
|
|t:|1769369660
|switch|p1a: Pecharunt|Pecharunt|73/100
|turn|16
|
|t:|1769369668
|switch|p2a: Excadrill|Excadrill, F|100/100
|-damage|p2a: Excadrill|97/100|[from] Stealth Rock
|-item|p2a: Excadrill|Air Balloon
|move|p1a: Pecharunt|Malignant Chain|p2a: Excadrill
|-immune|p2a: Excadrill
|
|upkeep
|turn|17
|
|t:|1769369671
|move|p2a: Excadrill|Earthquake|p1a: Pecharunt
|-supereffective|p1a: Pecharunt
|-damage|p1a: Pecharunt|3/100
|move|p1a: Pecharunt|Foul Play|p2a: Excadrill
|-damage|p2a: Excadrill|49/100
|-enditem|p2a: Excadrill|Air Balloon
|
|upkeep
|turn|18
|
|t:|1769369675
|switch|p1a: Tornadus|Tornadus-Therian, M|100/100
|move|p2a: Excadrill|Earthquake|p1a: Tornadus
|-immune|p1a: Tornadus
|
|upkeep
|turn|19
|
|t:|1769369683
|switch|p2a: Tyranitar|Tyranitar, F|70/100
|-damage|p2a: Tyranitar|58/100|[from] Stealth Rock
|-weather|Sandstorm|[from] ability: Sand Stream|[of] p2a: Tyranitar
|move|p1a: Tornadus|Knock Off|p2a: Tyranitar
|-resisted|p2a: Tyranitar
|-damage|p2a: Tyranitar|52/100
|
|-weather|Sandstorm|[upkeep]
|-damage|p1a: Tornadus|94/100|[from] Sandstorm
|upkeep
|turn|20
|
|t:|1769369686
|move|p1a: Tornadus|U-turn|p2a: Tyranitar
|-supereffective|p2a: Tyranitar
|-damage|p2a: Tyranitar|31/100
|
|t:|1769369689
|switch|p1a: Great Tusk|Great Tusk|100/100|[from] U-turn
|move|p2a: Tyranitar|Knock Off|p1a: Great Tusk
|-resisted|p1a: Great Tusk
|-damage|p1a: Great Tusk|85/100
|-enditem|p1a: Great Tusk|Heavy-Duty Boots|[from] move: Knock Off|[of] p2a: Tyranitar
|
|-weather|Sandstorm|[upkeep]
|upkeep
|turn|21
|
|t:|1769369699
|-end|p1a: Great Tusk|Protosynthesis|[silent]
|switch|p1a: Tornadus|Tornadus-Therian, M|100/100
|move|p2a: Tyranitar|Ice Beam|p1a: Tornadus
|-supereffective|p1a: Tornadus
|-damage|p1a: Tornadus|61/100
|
|-weather|Sandstorm|[upkeep]
|-damage|p1a: Tornadus|55/100|[from] Sandstorm
|upkeep
|turn|22
|
|t:|1769369703
|move|p1a: Tornadus|U-turn|p2a: Tyranitar
|-supereffective|p2a: Tyranitar
|-damage|p2a: Tyranitar|9/100
|
|t:|1769369706
|switch|p1a: Great Tusk|Great Tusk|85/100|[from] U-turn
|-damage|p1a: Great Tusk|82/100|[from] Stealth Rock
|move|p2a: Tyranitar|Knock Off|p1a: Great Tusk
|-resisted|p1a: Great Tusk
|-damage|p1a: Great Tusk|72/100
|
|-weather|Sandstorm|[upkeep]
|upkeep
|turn|23
|
|t:|1769369711
|move|p1a: Great Tusk|Rapid Spin|p2a: Tyranitar
|-resisted|p2a: Tyranitar
|-damage|p2a: Tyranitar|2/100
|-boost|p1a: Great Tusk|spe|1
|-sideend|p1: suprya|Stealth Rock|[from] move: Rapid Spin|[of] p1a: Great Tusk
|move|p2a: Tyranitar|Ice Beam|p1a: Great Tusk
|-supereffective|p1a: Great Tusk
|-damage|p1a: Great Tusk|14/100
|
|-weather|none
|upkeep
|turn|24
|
|t:|1769369718
|switch|p2a: Moltres|Moltres|88/100
|move|p1a: Great Tusk|Rapid Spin|p2a: Moltres
|-damage|p2a: Moltres|76/100
|-boost|p1a: Great Tusk|spe|1
|
|upkeep
|turn|25
|
|t:|1769369722
|-end|p1a: Great Tusk|Protosynthesis|[silent]
|switch|p1a: Slowking|Slowking, F|87/100
|move|p2a: Moltres|Flamethrower|p1a: Slowking
|-resisted|p1a: Slowking
|-damage|p1a: Slowking|72/100
|
|upkeep
|turn|26
|
|t:|1769369725
|move|p2a: Moltres|U-turn|p1a: Slowking
|-supereffective|p1a: Slowking
|-damage|p1a: Slowking|49/100
|
|t:|1769369727
|switch|p2a: Excadrill|Excadrill, F|49/100|[from] U-turn
|-damage|p2a: Excadrill|46/100|[from] Stealth Rock
|move|p1a: Slowking|Scald|p2a: Excadrill
|-supereffective|p2a: Excadrill
|-damage|p2a: Excadrill|0 fnt
|faint|p2a: Excadrill
|
|upkeep
|
|t:|1769369728
|switch|p2a: Hydrapple|Hydrapple, M|56/100
|turn|27
|
|t:|1769369734
|switch|p1a: Tornadus|Tornadus-Therian, M|88/100
|move|p2a: Hydrapple|Fickle Beam|p1a: Tornadus
|-damage|p1a: Tornadus|55/100
|
|upkeep
|turn|28
|
|t:|1769369738
|switch|p2a: Tyranitar|Tyranitar, F|2/100
|-damage|p2a: Tyranitar|0 fnt|[from] Stealth Rock
|faint|p2a: Tyranitar
|move|p1a: Tornadus|Bleakwind Storm|p2: Tyranitar|[notarget]
|-fail|p1a: Tornadus
|
|upkeep
|
|t:|1769369740
|switch|p2a: Slowking|Slowking-Galar, F|100/100
|-damage|p2a: Slowking|88/100|[from] Stealth Rock
|turn|29
|
|t:|1769369742
|move|p1a: Tornadus|U-turn|p2a: Slowking
|-damage|p2a: Slowking|77/100
|
|t:|1769369752
|switch|p1a: Slowking|Slowking, F|82/100|[from] U-turn
|move|p2a: Slowking|Sludge Bomb|p1a: Slowking
|-damage|p1a: Slowking|53/100
|-status|p1a: Slowking|psn
|
|-damage|p1a: Slowking|40/100 psn|[from] psn
|upkeep
|turn|30
|
|t:|1769369761
|switch|p1a: Pecharunt|Pecharunt|3/100
|move|p2a: Slowking|Sludge Bomb|p1a: Pecharunt
|-resisted|p1a: Pecharunt
|-damage|p1a: Pecharunt|0 fnt
|faint|p1a: Pecharunt
|
|upkeep
|
|t:|1769369763
|switch|p1a: Iron Hands|Iron Hands|36/100
|turn|31
|
|t:|1769369770
|move|p1a: Iron Hands|Wild Charge|p2a: Slowking
|-damage|p2a: Slowking|38/100
|-damage|p1a: Iron Hands|28/100|[from] Recoil
|move|p2a: Slowking|Psyshock|p1a: Iron Hands
|-supereffective|p1a: Iron Hands
|-damage|p1a: Iron Hands|0 fnt
|faint|p1a: Iron Hands
|-end|p1a: Iron Hands|Quark Drive|[silent]
|
|upkeep
|
|t:|1769369773
|switch|p1a: Great Tusk|Great Tusk|14/100
|turn|32
|
|t:|1769369776
|-end|p1a: Great Tusk|Protosynthesis|[silent]
|switch|p1a: Tornadus|Tornadus-Therian, M|88/100
|switch|p2a: Moltres|Moltres|76/100
|
|upkeep
|turn|33
|
|t:|1769369779
|move|p1a: Tornadus|Knock Off|p2a: Moltres
|-damage|p2a: Moltres|63/100
|-enditem|p2a: Moltres|Heavy-Duty Boots|[from] move: Knock Off|[of] p1a: Tornadus
|move|p2a: Moltres|Roost|p2a: Moltres
|-heal|p2a: Moltres|100/100
|-singleturn|p2a: Moltres|move: Roost
|
|upkeep
|turn|34
|
|t:|1769369785
|move|p1a: Tornadus|Bleakwind Storm|p2a: Moltres
|-damage|p2a: Moltres|62/100
|move|p2a: Moltres|Flamethrower|p1a: Tornadus
|-damage|p1a: Tornadus|51/100
|
|upkeep
|turn|35
|
|t:|1769369788
|move|p1a: Tornadus|Bleakwind Storm|p2a: Moltres|[miss]
|-miss|p1a: Tornadus|p2a: Moltres
|move|p2a: Moltres|Roost|p2a: Moltres
|-heal|p2a: Moltres|100/100
|-singleturn|p2a: Moltres|move: Roost
|
|upkeep
|turn|36
|
|t:|1769369791
|move|p1a: Tornadus|U-turn|p2a: Moltres
|-resisted|p2a: Moltres
|-damage|p2a: Moltres|98/100
|-status|p1a: Tornadus|brn|[from] ability: Flame Body|[of] p2a: Moltres
|
|t:|1769369792
|switch|p1a: Slowking|Slowking, F|74/100 psn|[from] U-turn
|move|p2a: Moltres|U-turn|p1a: Slowking
|-supereffective|p1a: Slowking
|-damage|p1a: Slowking|53/100 psn
|
|t:|1769369794
|switch|p2a: Slowking|Slowking-Galar, F|71/100|[from] U-turn
|-damage|p2a: Slowking|59/100|[from] Stealth Rock
|
|-damage|p1a: Slowking|41/100 psn|[from] psn
|upkeep
|turn|37
|
|t:|1769369797
|move|p2a: Slowking|Sludge Bomb|p1a: Slowking
|-damage|p1a: Slowking|14/100 psn
|-prepare|p1a: Slowking|Chilly Reception|[premajor]
|move|p1a: Slowking|Chilly Reception|p1a: Slowking
|-weather|Snowscape
|
|t:|1769369800
|switch|p1a: Great Tusk|Great Tusk|14/100|[from] Chilly Reception
|
|-weather|Snowscape|[upkeep]
|upkeep
|turn|38
|
|t:|1769369810
|-end|p1a: Great Tusk|Protosynthesis|[silent]
|switch|p1a: Slowking|Slowking, F|48/100 psn
|switch|p2a: Zamazenta|Zamazenta|69/100
|-damage|p2a: Zamazenta|63/100|[from] Stealth Rock
|
|-weather|Snowscape|[upkeep]
|-heal|p2a: Zamazenta|69/100|[from] item: Leftovers
|-damage|p1a: Slowking|35/100 psn|[from] psn
|upkeep
|turn|39
|
|t:|1769369813
|switch|p1a: Tornadus|Tornadus-Therian, M|84/100 brn
|move|p2a: Zamazenta|Iron Defense|p2a: Zamazenta
|-boost|p2a: Zamazenta|def|2
|
|-weather|Snowscape|[upkeep]
|-heal|p2a: Zamazenta|75/100|[from] item: Leftovers
|-damage|p1a: Tornadus|78/100 brn|[from] brn
|upkeep
|turn|40
|
|t:|1769369816
|-terastallize|p2a: Zamazenta|Fire
|move|p2a: Zamazenta|Body Press|p1a: Tornadus
|-resisted|p1a: Tornadus
|-damage|p1a: Tornadus|38/100 brn
|move|p1a: Tornadus|Bleakwind Storm|p2a: Zamazenta
|-damage|p2a: Zamazenta|43/100
|-unboost|p2a: Zamazenta|spe|1
|
|-weather|Snowscape|[upkeep]
|-heal|p2a: Zamazenta|49/100|[from] item: Leftovers
|-damage|p1a: Tornadus|32/100 brn|[from] brn
|upkeep
|turn|41
|
|t:|1769369824
|move|p1a: Tornadus|Bleakwind Storm|p2a: Zamazenta
|-damage|p2a: Zamazenta|14/100
|move|p2a: Zamazenta|Body Press|p1a: Tornadus
|-resisted|p1a: Tornadus
|-damage|p1a: Tornadus|0 fnt
|faint|p1a: Tornadus
|
|-weather|none
|-heal|p2a: Zamazenta|20/100|[from] item: Leftovers
|upkeep
|
|t:|1769369828
|switch|p1a: Great Tusk|Great Tusk|14/100
|turn|42
|
|t:|1769369831
|-end|p1a: Great Tusk|Protosynthesis|[silent]
|switch|p1a: Slowking|Slowking, F|68/100 psn
|move|p2a: Zamazenta|Body Press|p1a: Slowking
|-resisted|p1a: Slowking
|-damage|p1a: Slowking|41/100 psn
|
|-heal|p2a: Zamazenta|26/100|[from] item: Leftovers
|-damage|p1a: Slowking|28/100 psn|[from] psn
|upkeep
|turn|43
|-message|suprya forfeited.
|
|win|CambridgeFoulPlay
|raw|suprya's rating: 1624 &rarr; <strong>1608</strong><br />(-16 for losing)
|raw|CambridgeFoulPlay's rating: 1687 &rarr; <strong>1703</strong><br />(+16 for winning)
|c|☆CambridgeFoulPlay|gg
|l|☆suprya
|player|p1|
|l|☆CambridgeFoulPlay
|player|p2|
