|j|☆valentinokingreact
|j|☆yuxia999
|t:|1769440893
|gametype|singles
|player|p1|valentinokingreact|marlon|1391
|player|p2|yuxia999|dawn|1402
|gen|9
|tier|[Gen 9] OU
|rated|
|rule|HP Percentage Mod: HP is shown in percentages
|rule|Endless Battle Clause: Forcing endless battles is banned
|rule|Species Clause: Limit one of each Pokémon
|rule|OHKO Clause: OHKO moves are banned
|rule|Evasion Items Clause: Evasion items are banned
|rule|Evasion Moves Clause: Evasion moves are banned
|rule|Evasion Abilities Clause: Evasion abilities are banned
|rule|Sleep Moves Clause: Sleep-inducing moves are banned
|clearpoke
|poke|p1|Iron Hands|
|poke|p1|Torterra, M|
|poke|p1|Grimmsnarl, M|
|poke|p1|Blastoise, M|
|poke|p1|Corviknight, M|
|poke|p1|Zamazenta-*|
|poke|p2|Alomomola, F|
|poke|p2|Slowking-Galar, F|
|poke|p2|Kingambit, F|
|poke|p2|Great Tusk|
|poke|p2|Dragapult, M|
|poke|p2|Thundurus-Therian, M|
|teampreview
|inactive|Battle timer is ON: inactive players will automatically lose when time's up. (requested by yuxia999)
|
|t:|1769440905
|teamsize|p1|6
|teamsize|p2|6
|start
|switch|p1a: Grimmsnarl|Grimmsnarl, M|100/100
|switch|p2a: Slowking|Slowking-Galar, F|100/100
|turn|1
|
|t:|1769440922
|move|p1a: Grimmsnarl|Light Screen|p1a: Grimmsnarl
|-sidestart|p1: valentinokingreact|move: Light Screen
|move|p2a: Slowking|Toxic|p1a: Grimmsnarl
|-status|p1a: Grimmsnarl|tox
|
|-damage|p1a: Grimmsnarl|94/100 tox|[from] psn
|upkeep
|turn|2
|
|t:|1769440926
|move|p1a: Grimmsnarl|Parting Shot|p2a: Slowking
|-unboost|p2a: Slowking|atk|1
|-unboost|p2a: Slowking|spa|1
|
|t:|1769440946
|switch|p1a: Iron Hands|Iron Hands|100/100|[from] Parting Shot
|-enditem|p1a: Iron Hands|Booster Energy
|-activate|p1a: Iron Hands|ability: Quark Drive|[fromitem]
|-start|p1a: Iron Hands|quarkdriveatk
|-prepare|p2a: Slowking|Chilly Reception|[premajor]
|move|p2a: Slowking|Chilly Reception|p2a: Slowking
|-weather|Snowscape
|
|t:|1769440953
|switch|p2a: Dragapult|Dragapult, M|100/100|[from] Chilly Reception
|
|-weather|Snowscape|[upkeep]
|upkeep
|turn|3
|
|t:|1769440957
|move|p2a: Dragapult|Will-O-Wisp|p1a: Iron Hands
|-status|p1a: Iron Hands|brn
|move|p1a: Iron Hands|Ice Punch|p2a: Dragapult
|-supereffective|p2a: Dragapult
|-damage|p2a: Dragapult|51/100
|
|-weather|Snowscape|[upkeep]
|-damage|p1a: Iron Hands|94/100 brn|[from] brn
|upkeep
|turn|4
|
|t:|1769440964
|switch|p2a: Alomomola|Alomomola, F|100/100
|move|p1a: Iron Hands|Swords Dance|p1a: Iron Hands
|-boost|p1a: Iron Hands|atk|2
|
|-weather|Snowscape|[upkeep]
|-damage|p1a: Iron Hands|88/100 brn|[from] brn
|upkeep
|turn|5
|
|t:|1769440970
|switch|p2a: Great Tusk|Great Tusk|100/100
|move|p1a: Iron Hands|Ice Punch|p2a: Great Tusk
|-supereffective|p2a: Great Tusk
|-damage|p2a: Great Tusk|47/100
|
|-weather|Snowscape|[upkeep]
|-damage|p1a: Iron Hands|82/100 brn|[from] brn
|upkeep
|turn|6
|
|t:|1769440975
|move|p2a: Great Tusk|Headlong Rush|p1a: Iron Hands
|-supereffective|p1a: Iron Hands
|-damage|p1a: Iron Hands|0 fnt
|-unboost|p2a: Great Tusk|def|1
|-unboost|p2a: Great Tusk|spd|1
|faint|p1a: Iron Hands
|-end|p1a: Iron Hands|Quark Drive|[silent]
|
|-weather|none
|upkeep
|
|t:|1769440986
|switch|p1a: Grimmsnarl|Grimmsnarl, M|94/100 tox
|turn|7
|
|t:|1769440990
|-end|p2a: Great Tusk|Protosynthesis|[silent]
|switch|p2a: Alomomola|Alomomola, F|100/100
|move|p1a: Grimmsnarl|Reflect|p1a: Grimmsnarl
|-sidestart|p1: valentinokingreact|Reflect
|
|-damage|p1a: Grimmsnarl|88/100 tox|[from] psn
|upkeep
|turn|8
|
|t:|1769440992
|move|p1a: Grimmsnarl|Parting Shot|p2a: Alomomola
|-unboost|p2a: Alomomola|atk|1
|-unboost|p2a: Alomomola|spa|1
|
|t:|1769440997
|switch|p1a: Torterra|Torterra, M|100/100|[from] Parting Shot
|move|p2a: Alomomola|Wish|p2a: Alomomola
|
|-sideend|p1: valentinokingreact|move: Light Screen
|upkeep
|turn|9
|
|t:|1769441004
|move|p1a: Torterra|Shell Smash|p1a: Torterra
|-unboost|p1a: Torterra|def|1
|-unboost|p1a: Torterra|spd|1
|-boost|p1a: Torterra|atk|2
|-boost|p1a: Torterra|spa|2
|-boost|p1a: Torterra|spe|2
|move|p2a: Alomomola|Flip Turn|p1a: Torterra
|-damage|p1a: Torterra|92/100
|
|t:|1769441008
|switch|p2a: Dragapult|Dragapult, M|51/100|[from] Flip Turn
|
|-heal|p2a: Dragapult|100/100|[from] move: Wish|[wisher] Alomomola
|upkeep
|turn|10
|
|t:|1769441023
|switch|p2a: Great Tusk|Great Tusk|47/100
|move|p1a: Torterra|Bullet Seed|p2a: Great Tusk
|-supereffective|p2a: Great Tusk
|-crit|p2a: Great Tusk
|-damage|p2a: Great Tusk|0 fnt
|faint|p2a: Great Tusk
|-end|p2a: Great Tusk|Protosynthesis|[silent]
|-hitcount|p2: Great Tusk|1
|
|upkeep
|
|t:|1769441026
|switch|p2a: Alomomola|Alomomola, F|100/100
|turn|11
|
|t:|1769441032
|-terastallize|p2a: Alomomola|Grass
|move|p1a: Torterra|Bullet Seed|p2a: Alomomola
|-resisted|p2a: Alomomola
|-damage|p2a: Alomomola|94/100
|-resisted|p2a: Alomomola
|-damage|p2a: Alomomola|87/100
|-resisted|p2a: Alomomola
|-damage|p2a: Alomomola|80/100
|-resisted|p2a: Alomomola
|-crit|p2a: Alomomola
|-damage|p2a: Alomomola|70/100
|-resisted|p2a: Alomomola
|-damage|p2a: Alomomola|63/100
|-hitcount|p2a: Alomomola|5
|move|p2a: Alomomola|Scald|p1a: Torterra
|-crit|p1a: Torterra
|-damage|p1a: Torterra|55/100
|
|upkeep
|turn|12
|
|t:|1769441046
|move|p1a: Torterra|Bullet Seed|p2a: Alomomola
|-resisted|p2a: Alomomola
|-damage|p2a: Alomomola|56/100
|-resisted|p2a: Alomomola
|-damage|p2a: Alomomola|49/100
|-resisted|p2a: Alomomola
|-damage|p2a: Alomomola|43/100
|-resisted|p2a: Alomomola
|-damage|p2a: Alomomola|36/100
|-resisted|p2a: Alomomola
|-damage|p2a: Alomomola|30/100
|-hitcount|p2a: Alomomola|5
|move|p2a: Alomomola|Wish|p2a: Alomomola
|
|upkeep
|turn|13
|
|t:|1769441052
|move|p2a: Alomomola|Protect|p2a: Alomomola
|-singleturn|p2a: Alomomola|Protect
|move|p1a: Torterra|Shell Smash|p1a: Torterra
|-unboost|p1a: Torterra|def|1
|-unboost|p1a: Torterra|spd|1
|-boost|p1a: Torterra|atk|2
|-boost|p1a: Torterra|spa|2
|-boost|p1a: Torterra|spe|2
|
|-heal|p2a: Alomomola|80/100|[from] move: Wish|[wisher] Alomomola
|upkeep
|turn|14
|
|t:|1769441061
|-terastallize|p1a: Torterra|Rock
|move|p1a: Torterra|Rock Blast|p2a: Alomomola
|-damage|p2a: Alomomola|58/100
|-damage|p2a: Alomomola|38/100
|-damage|p2a: Alomomola|19/100
|-damage|p2a: Alomomola|0 fnt
|faint|p2a: Alomomola
|-hitcount|p2: Alomomola|4
|
|-sideend|p1: valentinokingreact|Reflect
|upkeep
|
|t:|1769441066
|switch|p2a: Kingambit|Kingambit, F|100/100
|-activate|p2a: Kingambit|ability: Supreme Overlord
|-start|p2a: Kingambit|fallen2|[silent]
|turn|15
|
|t:|1769441073
|switch|p1a: Grimmsnarl|Grimmsnarl, M|88/100 tox
|move|p2a: Kingambit|Sucker Punch||[still]
|-fail|p2a: Kingambit
|
|-damage|p1a: Grimmsnarl|82/100 tox|[from] psn
|upkeep
|turn|16
|
|t:|1769441077
|move|p1a: Grimmsnarl|Reflect|p1a: Grimmsnarl
|-sidestart|p1: valentinokingreact|Reflect
|move|p2a: Kingambit|Kowtow Cleave|p1a: Grimmsnarl
|-resisted|p1a: Grimmsnarl
|-damage|p1a: Grimmsnarl|72/100 tox
|
|-damage|p1a: Grimmsnarl|60/100 tox|[from] psn
|upkeep
|turn|17
|
|t:|1769441081
|move|p1a: Grimmsnarl|Light Screen|p1a: Grimmsnarl
|-sidestart|p1: valentinokingreact|move: Light Screen
|move|p2a: Kingambit|Swords Dance|p2a: Kingambit
|-boost|p2a: Kingambit|atk|2
|
|-damage|p1a: Grimmsnarl|42/100 tox|[from] psn
|upkeep
|turn|18
|
|t:|1769441085
|switch|p1a: Zamazenta|Zamazenta|100/100
|-ability|p1a: Zamazenta|Dauntless Shield|boost
|-boost|p1a: Zamazenta|def|1
|move|p2a: Kingambit|Iron Head|p1a: Zamazenta
|-damage|p1a: Zamazenta|73/100
|
|-heal|p1a: Zamazenta|79/100|[from] item: Leftovers
|upkeep
|turn|19
|
|t:|1769441089
|-end|p2a: Kingambit|fallen2|[silent]
|switch|p2a: Slowking|Slowking-Galar, F|100/100
|move|p1a: Zamazenta|Body Press|p2a: Slowking
|-resisted|p2a: Slowking
|-damage|p2a: Slowking|89/100
|
|-heal|p1a: Zamazenta|85/100|[from] item: Leftovers
|upkeep
|turn|20
|
|t:|1769441097
|switch|p1a: Corviknight|Corviknight, M|100/100
|move|p2a: Slowking|Toxic|p1a: Corviknight
|-immune|p1a: Corviknight
|
|upkeep
|turn|21
|
|t:|1769441105
|move|p1a: Corviknight|Agility|p1a: Corviknight
|-boost|p1a: Corviknight|spe|2
|move|p2a: Slowking|Future Sight|p1a: Corviknight
|-start|p2a: Slowking|move: Future Sight
|
|upkeep
|turn|22
|
|t:|1769441113
|move|p1a: Corviknight|Agility|p1a: Corviknight
|-boost|p1a: Corviknight|spe|2
|move|p2a: Slowking|Flamethrower|p1a: Corviknight
|-supereffective|p1a: Corviknight
|-damage|p1a: Corviknight|86/100
|-enditem|p1a: Corviknight|Weakness Policy
|-boost|p1a: Corviknight|atk|2|[from] item: Weakness Policy
|-boost|p1a: Corviknight|spa|2|[from] item: Weakness Policy
|
|upkeep
|turn|23
|
|t:|1769441116
|move|p1a: Corviknight|Bulk Up|p1a: Corviknight
|-boost|p1a: Corviknight|atk|1
|-boost|p1a: Corviknight|def|1
|move|p2a: Slowking|Flamethrower|p1a: Corviknight
|-supereffective|p1a: Corviknight
|-damage|p1a: Corviknight|70/100
|
|-end|p1a: Corviknight|move: Future Sight
|-resisted|p1a: Corviknight
|-damage|p1a: Corviknight|63/100
|-sideend|p1: valentinokingreact|Reflect
|upkeep
|turn|24
|
|t:|1769441120
|move|p1a: Corviknight|Power Trip|p2a: Slowking
|-supereffective|p2a: Slowking
|-damage|p2a: Slowking|0 fnt
|faint|p2a: Slowking
|
|-sideend|p1: valentinokingreact|move: Light Screen
|upkeep
|
|t:|1769441124
|switch|p2a: Dragapult|Dragapult, M|100/100
|turn|25
|
|t:|1769441127
|move|p1a: Corviknight|Power Trip|p2a: Dragapult
|-supereffective|p2a: Dragapult
|-damage|p2a: Dragapult|0 fnt
|faint|p2a: Dragapult
|
|upkeep
|
|t:|1769441129
|switch|p2a: Thundurus|Thundurus-Therian, M|100/100
|turn|26
|
|t:|1769441135
|move|p1a: Corviknight|Power Trip|p2a: Thundurus
|-damage|p2a: Thundurus|0 fnt
|faint|p2a: Thundurus
|
|upkeep
|-message|yuxia999 forfeited.
|
|win|valentinokingreact
|raw|valentinokingreact's rating: 1391 &rarr; <strong>1412</strong><br />(+21 for winning)
|raw|yuxia999's rating: 1402 &rarr; <strong>1381</strong><br />(-21 for losing)
|l|☆yuxia999
|player|p2|
