|j|☆DerDonPorrello
|j|☆Ols69
|t:|1769338837
|gametype|singles
|player|p1|DerDonPorrello|hiker-gen4|1186
|player|p2|Ols69|fisherman|1141
|gen|9
|tier|[Gen 9] OU
|rated|
|rule|HP Percentage Mod: HP is shown in percentages
|rule|Endless Battle Clause: Forcing endless battles is banned
|rule|Species Clause: Limit one of each Pokémon
|rule|OHKO Clause: OHKO moves are banned
|rule|Evasion Items Clause: Evasion items are banned
|rule|Evasion Moves Clause: Evasion moves are banned
|rule|Evasion Abilities Clause: Evasion abilities are banned
|rule|Sleep Moves Clause: Sleep-inducing moves are banned
|clearpoke
|poke|p1|Zamazenta-*|
|poke|p1|Empoleon, F|
|poke|p1|Hydrapple, F|
|poke|p1|Ninetales, F|
|poke|p1|Hitmontop, M|
|poke|p1|Lilligant-Hisui, F|
|poke|p2|Dragonite, M|
|poke|p2|Samurott-Hisui, F|
|poke|p2|Clefable, F|
|poke|p2|Gliscor, F|
|poke|p2|Gholdengo|
|poke|p2|Zamazenta-*|
|teampreview
|inactive|Battle timer is ON: inactive players will automatically lose when time's up. (requested by Ols69)
|
|t:|1769338848
|teamsize|p1|6
|teamsize|p2|6
|start
|switch|p1a: Ninetales|Ninetales, F|100/100
|switch|p2a: Clefable|Clefable, F|100/100
|-weather|SunnyDay|[from] ability: Drought|[of] p1a: Ninetales
|turn|1
|
|t:|1769338855
|move|p1a: Ninetales|Weather Ball|p2a: Clefable
|-damage|p2a: Clefable|70/100
|move|p2a: Clefable|Stealth Rock|p1a: Ninetales
|-sidestart|p1: DerDonPorrello|move: Stealth Rock
|
|-weather|SunnyDay|[upkeep]
|upkeep
|turn|2
|
|t:|1769338863
|move|p1a: Ninetales|Encore|p2a: Clefable
|-start|p2a: Clefable|Encore
|move|p2a: Clefable|Stealth Rock||[still]
|-fail|p2a: Clefable
|
|-weather|SunnyDay|[upkeep]
|upkeep
|turn|3
|
|t:|1769338879
|switch|p1a: Empoleon|Empoleon, F|100/100
|-damage|p1a: Empoleon|94/100|[from] Stealth Rock
|switch|p2a: Dragonite|Dragonite, M|100/100
|
|-weather|SunnyDay|[upkeep]
|-heal|p1a: Empoleon|100/100|[from] item: Leftovers
|upkeep
|turn|4
|
|t:|1769338889
|move|p2a: Dragonite|Dragon Dance|p2a: Dragonite
|-boost|p2a: Dragonite|atk|1
|-boost|p2a: Dragonite|spe|1
|move|p1a: Empoleon|Ice Beam|p2a: Dragonite
|-supereffective|p2a: Dragonite
|-damage|p2a: Dragonite|39/100
|
|-weather|SunnyDay|[upkeep]
|upkeep
|turn|5
|
|t:|1769338896
|move|p2a: Dragonite|Earthquake|p1a: Empoleon
|-supereffective|p1a: Empoleon
|-damage|p1a: Empoleon|0 fnt
|faint|p1a: Empoleon
|
|-weather|SunnyDay|[upkeep]
|upkeep
|
|t:|1769338905
|switch|p1a: Lilligant|Lilligant-Hisui, F|100/100
|-damage|p1a: Lilligant|94/100|[from] Stealth Rock
|turn|6
|
|t:|1769338910
|move|p2a: Dragonite|Extreme Speed|p1a: Lilligant
|-damage|p1a: Lilligant|23/100
|move|p1a: Lilligant|Triple Axel|p2a: Dragonite
|-supereffective|p2a: Dragonite
|-damage|p2a: Dragonite|0 fnt
|faint|p2a: Dragonite
|-hitcount|p2: Dragonite|1
|-damage|p1a: Lilligant|13/100|[from] item: Life Orb
|
|-weather|SunnyDay|[upkeep]
|upkeep
|
|t:|1769338918
|switch|p2a: Zamazenta|Zamazenta|100/100
|-ability|p2a: Zamazenta|Dauntless Shield|boost
|-boost|p2a: Zamazenta|def|1
|turn|7
|
|t:|1769338925
|switch|p1a: Hitmontop|Hitmontop, M|100/100
|-damage|p1a: Hitmontop|94/100|[from] Stealth Rock
|-ability|p1a: Hitmontop|Intimidate|boost
|-unboost|p2a: Zamazenta|atk|1
|move|p2a: Zamazenta|Roar|p1a: Hitmontop
|drag|p1a: Lilligant|Lilligant-Hisui, F|13/100
|-damage|p1a: Lilligant|7/100|[from] Stealth Rock
|
|-weather|SunnyDay|[upkeep]
|upkeep
|turn|8
|
|t:|1769338936
|move|p1a: Lilligant|Solar Blade||[still]
|-prepare|p1a: Lilligant|Solar Blade
|-anim|p1a: Lilligant|Solar Blade|p2a: Zamazenta
|-damage|p2a: Zamazenta|65/100
|-damage|p1a: Lilligant|0 fnt|[from] item: Life Orb
|faint|p1a: Lilligant
|move|p2a: Zamazenta|Roar|p1: Lilligant|[notarget]
|-fail|p2a: Zamazenta
|
|-weather|none
|-heal|p2a: Zamazenta|71/100|[from] item: Leftovers
|upkeep
|
|t:|1769338948
|switch|p1a: Ninetales|Ninetales, F|100/100
|-damage|p1a: Ninetales|76/100|[from] Stealth Rock
|-weather|SunnyDay|[from] ability: Drought|[of] p1a: Ninetales
|turn|9
|
|t:|1769338955
|move|p2a: Zamazenta|Iron Defense|p2a: Zamazenta
|-boost|p2a: Zamazenta|def|2
|move|p1a: Ninetales|Will-O-Wisp|p2a: Zamazenta
|-status|p2a: Zamazenta|brn
|
|-weather|SunnyDay|[upkeep]
|-heal|p2a: Zamazenta|77/100 brn|[from] item: Leftovers
|-damage|p2a: Zamazenta|71/100 brn|[from] brn
|upkeep
|turn|10
|
|t:|1769338965
|move|p2a: Zamazenta|Iron Defense|p2a: Zamazenta
|-boost|p2a: Zamazenta|def|2
|move|p1a: Ninetales|Encore|p2a: Zamazenta
|-start|p2a: Zamazenta|Encore
|
|-weather|SunnyDay|[upkeep]
|-heal|p2a: Zamazenta|77/100 brn|[from] item: Leftovers
|-damage|p2a: Zamazenta|71/100 brn|[from] brn
|upkeep
|turn|11
|
|t:|1769338972
|move|p2a: Zamazenta|Iron Defense|p2a: Zamazenta
|-boost|p2a: Zamazenta|def|1
|move|p1a: Ninetales|Weather Ball|p2a: Zamazenta
|-damage|p2a: Zamazenta|36/100 brn
|
|-weather|SunnyDay|[upkeep]
|-heal|p2a: Zamazenta|42/100 brn|[from] item: Leftovers
|-damage|p2a: Zamazenta|36/100 brn|[from] brn
|upkeep
|turn|12
|
|t:|1769338982
|move|p2a: Zamazenta|Iron Defense|p2a: Zamazenta
|-boost|p2a: Zamazenta|def|0
|move|p1a: Ninetales|Weather Ball|p2a: Zamazenta
|-damage|p2a: Zamazenta|3/100 brn
|
|-weather|SunnyDay|[upkeep]
|-heal|p2a: Zamazenta|9/100 brn|[from] item: Leftovers
|-damage|p2a: Zamazenta|3/100 brn|[from] brn
|upkeep
|turn|13
|
|t:|1769338992
|move|p2a: Zamazenta|Iron Defense|p2a: Zamazenta
|-boost|p2a: Zamazenta|def|0
|move|p1a: Ninetales|Weather Ball|p2a: Zamazenta
|-crit|p2a: Zamazenta
|-damage|p2a: Zamazenta|0 fnt
|faint|p2a: Zamazenta
|
|-weather|SunnyDay|[upkeep]
|upkeep
|
|t:|1769339002
|switch|p2a: Samurott|Samurott-Hisui, F|100/100
|turn|14
|
|t:|1769339008
|switch|p1a: Hydrapple|Hydrapple, F|100/100
|move|p2a: Samurott|Ceaseless Edge|p1a: Hydrapple
|-damage|p1a: Hydrapple|74/100
|-sidestart|p1: DerDonPorrello|Spikes
|
|-weather|SunnyDay|[upkeep]
|upkeep
|turn|15
|
|t:|1769339019
|switch|p2a: Gholdengo|Gholdengo|100/100
|move|p1a: Hydrapple|Earth Power|p2a: Gholdengo
|-supereffective|p2a: Gholdengo
|-damage|p2a: Gholdengo|42/100
|
|-weather|SunnyDay|[upkeep]
|upkeep
|turn|16
|
|t:|1769339032
|switch|p2a: Gliscor|Gliscor, F|100/100
|move|p1a: Hydrapple|Earth Power|p2a: Gliscor
|-immune|p2a: Gliscor
|
|-weather|none
|-status|p2a: Gliscor|tox|[from] item: Toxic Orb
|upkeep
|turn|17
|
|t:|1769339043
|move|p2a: Gliscor|Swords Dance|p2a: Gliscor
|-boost|p2a: Gliscor|atk|2
|move|p1a: Hydrapple|Giga Drain|p2a: Gliscor
|-damage|p2a: Gliscor|58/100 tox
|-heal|p1a: Hydrapple|89/100|[from] drain|[of] p2a: Gliscor
|
|-heal|p2a: Gliscor|71/100 tox|[from] ability: Poison Heal
|upkeep
|turn|18
|
|t:|1769339053
|-terastallize|p2a: Gliscor|Normal
|move|p2a: Gliscor|Facade|p1a: Hydrapple
|-damage|p1a: Hydrapple|19/100
|move|p1a: Hydrapple|Fickle Beam|p2a: Gliscor
|-damage|p2a: Gliscor|27/100 tox
|
|-heal|p2a: Gliscor|39/100 tox|[from] ability: Poison Heal
|upkeep
|turn|19
|
|t:|1769339062
|move|p2a: Gliscor|Facade|p1a: Hydrapple
|-damage|p1a: Hydrapple|0 fnt
|faint|p1a: Hydrapple
|
|-heal|p2a: Gliscor|52/100 tox|[from] ability: Poison Heal
|upkeep
|
|t:|1769339070
|switch|p1a: Zamazenta|Zamazenta|100/100
|-damage|p1a: Zamazenta|94/100|[from] Stealth Rock
|-damage|p1a: Zamazenta|82/100|[from] Spikes
|-ability|p1a: Zamazenta|Dauntless Shield|boost
|-boost|p1a: Zamazenta|def|1
|turn|20
|
|t:|1769339078
|move|p2a: Gliscor|Protect|p2a: Gliscor
|-singleturn|p2a: Gliscor|Protect
|move|p1a: Zamazenta|Close Combat|p2a: Gliscor
|-activate|p2a: Gliscor|move: Protect
|
|-heal|p2a: Gliscor|64/100 tox|[from] ability: Poison Heal
|upkeep
|turn|21
|
|t:|1769339090
|switch|p1a: Ninetales|Ninetales, F|76/100
|-damage|p1a: Ninetales|51/100|[from] Stealth Rock
|-damage|p1a: Ninetales|38/100|[from] Spikes
|-weather|SunnyDay|[from] ability: Drought|[of] p1a: Ninetales
|move|p2a: Gliscor|Facade|p1a: Ninetales
|-damage|p1a: Ninetales|0 fnt
|faint|p1a: Ninetales
|
|-weather|SunnyDay|[upkeep]
|-heal|p2a: Gliscor|76/100 tox|[from] ability: Poison Heal
|upkeep
|
|t:|1769339102
|switch|p1a: Zamazenta|Zamazenta|82/100
|-damage|p1a: Zamazenta|76/100|[from] Stealth Rock
|-damage|p1a: Zamazenta|64/100|[from] Spikes
|turn|22
|
|t:|1769339109
|move|p1a: Zamazenta|Close Combat|p2a: Gliscor
|-supereffective|p2a: Gliscor
|-damage|p2a: Gliscor|0 fnt
|-unboost|p1a: Zamazenta|def|1
|-unboost|p1a: Zamazenta|spd|1
|faint|p2a: Gliscor
|
|-weather|SunnyDay|[upkeep]
|upkeep
|
|t:|1769339112
|switch|p2a: Samurott|Samurott-Hisui, F|100/100
|turn|23
|
|t:|1769339117
|move|p1a: Zamazenta|Close Combat|p2a: Samurott
|-supereffective|p2a: Samurott
|-damage|p2a: Samurott|0 fnt
|-unboost|p1a: Zamazenta|def|1
|-unboost|p1a: Zamazenta|spd|1
|faint|p2a: Samurott
|
|-weather|SunnyDay|[upkeep]
|upkeep
|
|t:|1769339120
|switch|p2a: Gholdengo|Gholdengo|42/100
|turn|24
|
|t:|1769339126
|switch|p1a: Hitmontop|Hitmontop, M|94/100
|-damage|p1a: Hitmontop|88/100|[from] Stealth Rock
|-damage|p1a: Hitmontop|75/100|[from] Spikes
|-ability|p1a: Hitmontop|Intimidate|boost
|-unboost|p2a: Gholdengo|atk|1
|move|p2a: Gholdengo|Trick|p1a: Hitmontop
|-activate|p2a: Gholdengo|move: Trick|[of] p1a: Hitmontop
|-item|p1a: Hitmontop|Choice Scarf|[from] move: Trick
|-item|p2a: Gholdengo|Assault Vest|[from] move: Trick
|
|-weather|SunnyDay|[upkeep]
|upkeep
|turn|25
|
|t:|1769339142
|move|p2a: Gholdengo|Make It Rain|p1a: Hitmontop
|-damage|p1a: Hitmontop|12/100
|-unboost|p2a: Gholdengo|spa|1
|move|p1a: Hitmontop|Triple Axel|p2a: Gholdengo
|-resisted|p2a: Gholdengo
|-damage|p2a: Gholdengo|39/100
|-resisted|p2a: Gholdengo
|-damage|p2a: Gholdengo|32/100
|-resisted|p2a: Gholdengo
|-damage|p2a: Gholdengo|21/100
|-hitcount|p2a: Gholdengo|3
|
|-weather|SunnyDay|[upkeep]
|upkeep
|turn|26
|
|t:|1769339155
|move|p2a: Gholdengo|Make It Rain|p1a: Hitmontop
|-damage|p1a: Hitmontop|0 fnt
|-unboost|p2a: Gholdengo|spa|1
|faint|p1a: Hitmontop
|
|-weather|SunnyDay|[upkeep]
|upkeep
|
|t:|1769339161
|switch|p1a: Zamazenta|Zamazenta|64/100
|-damage|p1a: Zamazenta|57/100|[from] Stealth Rock
|-damage|p1a: Zamazenta|45/100|[from] Spikes
|turn|27
|
|t:|1769339170
|move|p1a: Zamazenta|Heavy Slam|p2a: Gholdengo
|-resisted|p2a: Gholdengo
|-damage|p2a: Gholdengo|0 fnt
|faint|p2a: Gholdengo
|
|-weather|SunnyDay|[upkeep]
|upkeep
|
|t:|1769339172
|switch|p2a: Clefable|Clefable, F|70/100
|turn|28
|
|t:|1769339177
|move|p1a: Zamazenta|Heavy Slam|p2a: Clefable
|-supereffective|p2a: Clefable
|-damage|p2a: Clefable|0 fnt
|-damage|p1a: Zamazenta|28/100|[from] item: Rocky Helmet|[of] p2a: Clefable
|faint|p2a: Clefable
|
|win|DerDonPorrello
|raw|DerDonPorrello's rating: 1186 &rarr; <strong>1208</strong><br />(+22 for winning)
|raw|Ols69's rating: 1141 &rarr; <strong>1119</strong><br />(-22 for losing)
|l|☆Ols69
|player|p2|
|l|☆DerDonPorrello
|player|p1|
