|j|☆Napple09
|j|☆kaisadadi
|t:|1769319540
|gametype|singles
|player|p1|Napple09|pokemonbreeder-gen6|1559
|player|p2|kaisadadi|dawn|1551
|gen|9
|tier|[Gen 9] OU
|rated|
|rule|HP Percentage Mod: HP is shown in percentages
|rule|Endless Battle Clause: Forcing endless battles is banned
|rule|Species Clause: Limit one of each Pokémon
|rule|OHKO Clause: OHKO moves are banned
|rule|Evasion Items Clause: Evasion items are banned
|rule|Evasion Moves Clause: Evasion moves are banned
|rule|Evasion Abilities Clause: Evasion abilities are banned
|rule|Sleep Moves Clause: Sleep-inducing moves are banned
|clearpoke
|poke|p1|Hydrapple, F|
|poke|p1|Great Tusk|
|poke|p1|Lokix, F|
|poke|p1|Cinderace, M|
|poke|p1|Alomomola, F|
|poke|p1|Slowking-Galar, M|
|poke|p2|Tyranitar, M|
|poke|p2|Excadrill, F|
|poke|p2|Keldeo-Resolute|
|poke|p2|Tornadus-Therian, M|
|poke|p2|Heatran, M|
|poke|p2|Hydrapple, F|
|teampreview
|
|t:|1769319562
|teamsize|p1|6
|teamsize|p2|6
|start
|switch|p1a: 【 Eepy 】|Slowking-Galar, M|100/100
|switch|p2a: Keldeo|Keldeo-Resolute|100/100
|turn|1
|
|t:|1769319571
|move|p2a: Keldeo|Flip Turn|p1a: 【 Eepy 】
|-damage|p1a: 【 Eepy 】|90/100
|
|t:|1769319575
|switch|p2a: Tyranitar|Tyranitar, M|100/100|[from] Flip Turn
|-weather|Sandstorm|[from] ability: Sand Stream|[of] p2a: Tyranitar
|move|p1a: 【 Eepy 】|Trick|p2a: Tyranitar
|-activate|p1a: 【 Eepy 】|move: Trick|[of] p2a: Tyranitar
|-item|p2a: Tyranitar|Black Sludge|[from] move: Trick
|-item|p1a: 【 Eepy 】|Choice Band|[from] move: Trick
|
|-weather|Sandstorm|[upkeep]
|-damage|p1a: 【 Eepy 】|83/100|[from] Sandstorm
|-damage|p2a: Tyranitar|88/100|[from] item: Black Sludge
|upkeep
|turn|2
|
|t:|1769319586
|move|p2a: Tyranitar|Ice Punch|p1a: 【 Eepy 】
|-damage|p1a: 【 Eepy 】|63/100
|-status|p1a: 【 Eepy 】|frz
|-prepare|p1a: 【 Eepy 】|Chilly Reception|[premajor]
|cant|p1a: 【 Eepy 】|frz
|
|-weather|Sandstorm|[upkeep]
|-damage|p1a: 【 Eepy 】|57/100 frz|[from] Sandstorm
|-damage|p2a: Tyranitar|76/100|[from] item: Black Sludge
|upkeep
|turn|3
|
|t:|1769319596
|switch|p1a: 【 Tusky 】|Great Tusk|100/100
|move|p2a: Tyranitar|Knock Off|p1a: 【 Tusky 】
|-resisted|p1a: 【 Tusky 】
|-damage|p1a: 【 Tusky 】|82/100
|-damage|p2a: Tyranitar|59/100|[from] item: Rocky Helmet|[of] p1a: 【 Tusky 】
|-enditem|p1a: 【 Tusky 】|Rocky Helmet|[from] move: Knock Off|[of] p2a: Tyranitar
|
|-weather|Sandstorm|[upkeep]
|-damage|p2a: Tyranitar|47/100|[from] item: Black Sludge
|upkeep
|turn|4
|
|t:|1769319603
|switch|p2a: Tornadus|Tornadus-Therian, M|100/100
|move|p1a: 【 Tusky 】|Stealth Rock|p2a: Tornadus
|-sidestart|p2: kaisadadi|move: Stealth Rock
|
|-weather|Sandstorm|[upkeep]
|-damage|p2a: Tornadus|94/100|[from] Sandstorm
|upkeep
|turn|5
|
|t:|1769319608
|-end|p1a: 【 Tusky 】|Protosynthesis|[silent]
|switch|p1a: 【 Eepy 】|Slowking-Galar, M|90/100 frz
|move|p2a: Tornadus|Bleakwind Storm|p1a: 【 Eepy 】
|-damage|p1a: 【 Eepy 】|61/100 frz
|
|-weather|none
|upkeep
|turn|6
|
|t:|1769319627
|move|p2a: Tornadus|U-turn|p1a: 【 Eepy 】
|-damage|p1a: 【 Eepy 】|49/100 frz
|
|t:|1769319629
|switch|p2a: Heatran|Heatran, M|100/100|[from] U-turn
|-damage|p2a: Heatran|88/100|[from] Stealth Rock
|-prepare|p1a: 【 Eepy 】|Chilly Reception|[premajor]
|cant|p1a: 【 Eepy 】|frz
|
|-heal|p2a: Heatran|94/100|[from] item: Leftovers
|upkeep
|turn|7
|
|t:|1769319638
|switch|p1a: 【 Momo 】|Alomomola, F|100/100
|move|p2a: Heatran|Stealth Rock|p1a: 【 Momo 】
|-sidestart|p1: Napple09|move: Stealth Rock
|
|-heal|p2a: Heatran|100/100|[from] item: Leftovers
|upkeep
|turn|8
|
|t:|1769319649
|switch|p2a: Hydrapple|Hydrapple, F|100/100
|-damage|p2a: Hydrapple|88/100|[from] Stealth Rock
|move|p1a: 【 Momo 】|Flip Turn|p2a: Hydrapple
|-resisted|p2a: Hydrapple
|-crit|p2a: Hydrapple
|-damage|p2a: Hydrapple|85/100
|-damage|p1a: 【 Momo 】|84/100|[from] item: Rocky Helmet|[of] p2a: Hydrapple
|
|t:|1769319668
|switch|p1a: 【 Eepy 】|Slowking-Galar, M|83/100 frz|[from] Flip Turn
|-damage|p1a: 【 Eepy 】|70/100 frz|[from] Stealth Rock
|
|upkeep
|turn|9
|
|t:|1769319676
|switch|p2a: Excadrill|Excadrill, F|100/100
|-damage|p2a: Excadrill|97/100|[from] Stealth Rock
|-item|p2a: Excadrill|Air Balloon
|cant|p1a: 【 Eepy 】|frz
|
|upkeep
|turn|10
|
|t:|1769319684
|switch|p1a: 【 Tusky 】|Great Tusk|82/100
|-damage|p1a: 【 Tusky 】|79/100|[from] Stealth Rock
|move|p2a: Excadrill|Rapid Spin|p1a: 【 Tusky 】
|-damage|p1a: 【 Tusky 】|68/100
|-boost|p2a: Excadrill|spe|1
|-sideend|p2: kaisadadi|Stealth Rock|[from] move: Rapid Spin|[of] p2a: Excadrill
|
|upkeep
|turn|11
|
|t:|1769319694
|-terastallize|p2a: Excadrill|Ghost
|move|p2a: Excadrill|Swords Dance|p2a: Excadrill
|-boost|p2a: Excadrill|atk|2
|move|p1a: 【 Tusky 】|Stealth Rock|p2a: Excadrill
|-sidestart|p2: kaisadadi|move: Stealth Rock
|
|upkeep
|turn|12
|j| hackingefidiant
|
|t:|1769319711
|-end|p1a: 【 Tusky 】|Protosynthesis|[silent]
|switch|p1a: 【 Syrup 】|Hydrapple, F|100/100
|-damage|p1a: 【 Syrup 】|88/100|[from] Stealth Rock
|move|p2a: Excadrill|Earthquake|p1a: 【 Syrup 】
|-resisted|p1a: 【 Syrup 】
|-crit|p1a: 【 Syrup 】
|-damage|p1a: 【 Syrup 】|14/100
|
|upkeep
|turn|13
|
|t:|1769319744
|switch|p1a: 【 Eepy 】|Slowking-Galar, M|100/100 frz
|-damage|p1a: 【 Eepy 】|88/100 frz|[from] Stealth Rock
|move|p2a: Excadrill|Earthquake|p1a: 【 Eepy 】
|-supereffective|p1a: 【 Eepy 】
|-damage|p1a: 【 Eepy 】|0 fnt
|faint|p1a: 【 Eepy 】
|
|upkeep
|
|t:|1769319746
|switch|p1a: 【 Luffy 】|Lokix, F|100/100
|-damage|p1a: 【 Luffy 】|76/100|[from] Stealth Rock
|turn|14
|
|t:|1769319760
|-terastallize|p1a: 【 Luffy 】|Bug
|move|p1a: 【 Luffy 】|First Impression|p2a: Excadrill
|-resisted|p2a: Excadrill
|-damage|p2a: Excadrill|0 fnt
|-enditem|p2a: Excadrill|Air Balloon
|faint|p2a: Excadrill
|
|upkeep
|
|t:|1769319766
|switch|p2a: Tornadus|Tornadus-Therian, M|100/100
|turn|15
|
|t:|1769319771
|switch|p1a: 【 Momo 】|Alomomola, F|100/100
|-damage|p1a: 【 Momo 】|88/100|[from] Stealth Rock
|move|p2a: Tornadus|Bleakwind Storm|p1a: 【 Momo 】
|-damage|p1a: 【 Momo 】|68/100
|
|upkeep
|turn|16
|
|t:|1769319792
|move|p2a: Tornadus|Taunt|p1a: 【 Momo 】
|-start|p1a: 【 Momo 】|move: Taunt
|move|p1a: 【 Momo 】|Flip Turn|p2a: Tornadus
|-damage|p2a: Tornadus|82/100
|
|t:|1769319803
|switch|p1a: 【 Cindy 】|Cinderace, M|100/100|[from] Flip Turn
|
|upkeep
|turn|17
|
|t:|1769319810
|move|p1a: 【 Cindy 】|U-turn|p2a: Tornadus
|-resisted|p2a: Tornadus
|-damage|p2a: Tornadus|72/100
|
|t:|1769319813
|switch|p1a: 【 Momo 】|Alomomola, F|100/100|[from] U-turn
|-damage|p1a: 【 Momo 】|88/100|[from] Stealth Rock
|move|p2a: Tornadus|U-turn|p1a: 【 Momo 】
|-damage|p1a: 【 Momo 】|79/100
|
|t:|1769319820
|switch|p2a: Tyranitar|Tyranitar, M|47/100|[from] U-turn
|-damage|p2a: Tyranitar|35/100|[from] Stealth Rock
|-weather|Sandstorm|[from] ability: Sand Stream|[of] p2a: Tyranitar
|
|-weather|Sandstorm|[upkeep]
|-damage|p1a: 【 Momo 】|72/100|[from] Sandstorm
|-damage|p2a: Tyranitar|22/100|[from] item: Black Sludge
|upkeep
|turn|18
|
|t:|1769319831
|move|p2a: Tyranitar|Stone Edge|p1a: 【 Momo 】
|-damage|p1a: 【 Momo 】|32/100
|move|p1a: 【 Momo 】|Flip Turn|p2a: Tyranitar
|-supereffective|p2a: Tyranitar
|-damage|p2a: Tyranitar|0 fnt
|faint|p2a: Tyranitar
|j| iamfrhaan007
|l| iamfrhaan007
|
|t:|1769319874
|switch|p1a: 【 Syrup 】|Hydrapple, F|48/100|[from] Flip Turn
|-damage|p1a: 【 Syrup 】|35/100|[from] Stealth Rock
|
|-weather|Sandstorm|[upkeep]
|-damage|p1a: 【 Syrup 】|29/100|[from] Sandstorm
|upkeep
|
|t:|1769319898
|switch|p2a: Keldeo|Keldeo-Resolute|100/100
|-damage|p2a: Keldeo|94/100|[from] Stealth Rock
|turn|19
|
|t:|1769319916
|switch|p1a: 【 Cindy 】|Cinderace, M|100/100
|move|p2a: Keldeo|Secret Sword|p1a: 【 Cindy 】
|-damage|p1a: 【 Cindy 】|26/100
|
|-weather|Sandstorm|[upkeep]
|-damage|p1a: 【 Cindy 】|20/100|[from] Sandstorm
|-damage|p2a: Keldeo|88/100|[from] Sandstorm
|upkeep
|turn|20
|
|t:|1769319925
|move|p1a: 【 Cindy 】|Pyro Ball|p2a: Keldeo
|-resisted|p2a: Keldeo
|-damage|p2a: Keldeo|49/100
|move|p2a: Keldeo|Secret Sword|p1a: 【 Cindy 】
|-damage|p1a: 【 Cindy 】|0 fnt
|faint|p1a: 【 Cindy 】
|
|-weather|Sandstorm|[upkeep]
|-damage|p2a: Keldeo|43/100|[from] Sandstorm
|upkeep
|
|t:|1769319934
|switch|p1a: 【 Tusky 】|Great Tusk|68/100
|-damage|p1a: 【 Tusky 】|65/100|[from] Stealth Rock
|turn|21
|
|t:|1769319941
|move|p2a: Keldeo|Secret Sword|p1a: 【 Tusky 】
|-damage|p1a: 【 Tusky 】|27/100
|move|p1a: 【 Tusky 】|Rapid Spin|p2a: Keldeo
|-damage|p2a: Keldeo|27/100
|-boost|p1a: 【 Tusky 】|spe|1
|-sideend|p1: Napple09|Stealth Rock|[from] move: Rapid Spin|[of] p1a: 【 Tusky 】
|
|-weather|none
|upkeep
|turn|22
|
|t:|1769319948
|switch|p2a: Tornadus|Tornadus-Therian, M|100/100
|move|p1a: 【 Tusky 】|Ice Spinner|p2a: Tornadus
|-supereffective|p2a: Tornadus
|-damage|p2a: Tornadus|55/100
|
|upkeep
|turn|23
|
|t:|1769319953
|move|p1a: 【 Tusky 】|Ice Spinner|p2a: Tornadus
|-supereffective|p2a: Tornadus
|-damage|p2a: Tornadus|6/100
|move|p2a: Tornadus|Bleakwind Storm|p1a: 【 Tusky 】
|-supereffective|p1a: 【 Tusky 】
|-damage|p1a: 【 Tusky 】|0 fnt
|faint|p1a: 【 Tusky 】
|-end|p1a: 【 Tusky 】|Protosynthesis|[silent]
|
|upkeep
|
|t:|1769319958
|switch|p1a: 【 Luffy 】|Lokix, F, tera:Bug|76/100
|turn|24
|
|t:|1769319963
|switch|p2a: Heatran|Heatran, M|100/100
|-damage|p2a: Heatran|88/100|[from] Stealth Rock
|move|p1a: 【 Luffy 】|Knock Off|p2a: Heatran
|-damage|p2a: Heatran|26/100
|-enditem|p2a: Heatran|Leftovers|[from] move: Knock Off|[of] p1a: 【 Luffy 】
|
|upkeep
|turn|25
|
|t:|1769319972
|move|p1a: 【 Luffy 】|Knock Off|p2a: Heatran
|-crit|p2a: Heatran
|-damage|p2a: Heatran|0 fnt
|faint|p2a: Heatran
|
|upkeep
|
|t:|1769319976
|switch|p2a: Hydrapple|Hydrapple, F|100/100
|-damage|p2a: Hydrapple|88/100|[from] Stealth Rock
|turn|26
|
|t:|1769319983
|move|p1a: 【 Luffy 】|Knock Off|p2a: Hydrapple
|-damage|p2a: Hydrapple|46/100
|-damage|p1a: 【 Luffy 】|59/100|[from] item: Rocky Helmet|[of] p2a: Hydrapple
|-enditem|p2a: Hydrapple|Rocky Helmet|[from] move: Knock Off|[of] p1a: 【 Luffy 】
|move|p2a: Hydrapple|Fickle Beam|p1a: 【 Luffy 】
|-damage|p1a: 【 Luffy 】|0 fnt
|faint|p1a: 【 Luffy 】
|
|upkeep
|
|t:|1769319999
|switch|p1a: 【 Syrup 】|Hydrapple, F|62/100
|turn|27
|
|t:|1769320002
|move|p1a: 【 Syrup 】|Fickle Beam|p2a: Hydrapple|[anim] Fickle Beam All Out
|-activate|p1a: 【 Syrup 】|move: Fickle Beam
|-supereffective|p2a: Hydrapple
|-damage|p2a: Hydrapple|0 fnt
|faint|p2a: Hydrapple
|-damage|p1a: 【 Syrup 】|52/100|[from] item: Life Orb
|
|upkeep
|
|t:|1769320004
|switch|p2a: Tornadus|Tornadus-Therian, M|39/100
|turn|28
|
|t:|1769320007
|switch|p1a: 【 Momo 】|Alomomola, F|66/100
|move|p2a: Tornadus|Bleakwind Storm|p1a: 【 Momo 】|[miss]
|-miss|p2a: Tornadus|p1a: 【 Momo 】
|
|upkeep
|turn|29
|
|t:|1769320014
|move|p2a: Tornadus|Taunt|p1a: 【 Momo 】
|-start|p1a: 【 Momo 】|move: Taunt
|move|p1a: 【 Momo 】|Mirror Coat||[still]
|-fail|p1a: 【 Momo 】
|
|upkeep
|turn|30
|
|t:|1769320017
|move|p2a: Tornadus|Bleakwind Storm|p1a: 【 Momo 】
|-damage|p1a: 【 Momo 】|44/100
|move|p1a: 【 Momo 】|Mirror Coat|p2a: Tornadus
|-damage|p2a: Tornadus|0 fnt
|faint|p2a: Tornadus
|
|upkeep
|
|t:|1769320022
|switch|p2a: Keldeo|Keldeo-Resolute|27/100
|-damage|p2a: Keldeo|21/100|[from] Stealth Rock
|turn|31
|
|t:|1769320030
|move|p2a: Keldeo|Secret Sword|p1a: 【 Momo 】
|-damage|p1a: 【 Momo 】|4/100
|move|p1a: 【 Momo 】|Flip Turn|p2a: Keldeo
|-resisted|p2a: Keldeo
|-crit|p2a: Keldeo
|-damage|p2a: Keldeo|6/100
|
|t:|1769320033
|switch|p1a: 【 Syrup 】|Hydrapple, F|86/100|[from] Flip Turn
|
|upkeep
|turn|32
|
|t:|1769320035
|move|p2a: Keldeo|Secret Sword|p1a: 【 Syrup 】
|-damage|p1a: 【 Syrup 】|37/100
|move|p1a: 【 Syrup 】|Fickle Beam|p2a: Keldeo|[anim] Fickle Beam All Out
|-activate|p1a: 【 Syrup 】|move: Fickle Beam
|-damage|p2a: Keldeo|0 fnt
|faint|p2a: Keldeo
|-damage|p1a: 【 Syrup 】|27/100|[from] item: Life Orb
|
|win|Napple09
|raw|Napple09's rating: 1559 &rarr; <strong>1579</strong><br />(+20 for winning)
|raw|kaisadadi's rating: 1551 &rarr; <strong>1531</strong><br />(-20 for losing)
|l|☆kaisadadi
|player|p2|
|l|☆Napple09
|player|p1|
