|j|☆frasherror
|j|☆Chessmaster 2000
|t:|1769310662
|gametype|singles
|player|p1|frasherror|winona|1417
|player|p2|Chessmaster 2000|scientist-gen4|1423
|gen|9
|tier|[Gen 9] OU
|rated|
|rule|HP Percentage Mod: HP is shown in percentages
|rule|Endless Battle Clause: Forcing endless battles is banned
|rule|Species Clause: Limit one of each Pokémon
|rule|OHKO Clause: OHKO moves are banned
|rule|Evasion Items Clause: Evasion items are banned
|rule|Evasion Moves Clause: Evasion moves are banned
|rule|Evasion Abilities Clause: Evasion abilities are banned
|rule|Sleep Moves Clause: Sleep-inducing moves are banned
|clearpoke
|poke|p1|Kingambit, F|
|poke|p1|Ting-Lu|
|poke|p1|Great Tusk|
|poke|p1|Dragonite, F|
|poke|p1|Darkrai|
|poke|p1|Raging Bolt|
|poke|p2|Pecharunt|
|poke|p2|Mabosstiff, F|
|poke|p2|Volcanion|
|poke|p2|Iron Valiant|
|poke|p2|Landorus-Therian, M|
|poke|p2|Deoxys-Speed|
|teampreview
|inactive|Battle timer is ON: inactive players will automatically lose when time's up. (requested by Chessmaster 2000)
|
|t:|1769310671
|teamsize|p1|6
|teamsize|p2|6
|start
|switch|p1a: Darkrai|Darkrai|100/100
|switch|p2a: Landorus|Landorus-Therian, M|100/100
|-ability|p2a: Landorus|Intimidate|boost
|-unboost|p1a: Darkrai|atk|1
|turn|1
|
|t:|1769310674
|switch|p2a: Volcanion|Volcanion|100/100
|move|p1a: Darkrai|Ice Beam|p2a: Volcanion
|-resisted|p2a: Volcanion
|-damage|p2a: Volcanion|90/100
|-damage|p1a: Darkrai|91/100|[from] item: Life Orb
|
|-heal|p2a: Volcanion|96/100|[from] item: Leftovers
|upkeep
|turn|2
|
|t:|1769310684
|switch|p1a: Ting-Lu|Ting-Lu|100/100
|-ability|p1a: Ting-Lu|Vessel of Ruin
|move|p2a: Volcanion|Steam Eruption|p1a: Ting-Lu|[miss]
|-miss|p2a: Volcanion|p1a: Ting-Lu
|
|-heal|p2a: Volcanion|100/100|[from] item: Leftovers
|upkeep
|turn|3
|
|t:|1769310691
|move|p2a: Volcanion|Taunt|p1a: Ting-Lu
|-start|p1a: Ting-Lu|move: Taunt
|cant|p1a: Ting-Lu|move: Taunt|Stealth Rock
|
|upkeep
|turn|4
|
|t:|1769310695
|move|p2a: Volcanion|Steam Eruption|p1a: Ting-Lu
|-supereffective|p1a: Ting-Lu
|-damage|p1a: Ting-Lu|37/100
|move|p1a: Ting-Lu|Ruination|p2a: Volcanion|[miss]
|-miss|p1a: Ting-Lu|p2a: Volcanion
|
|-heal|p1a: Ting-Lu|43/100|[from] item: Leftovers
|upkeep
|turn|5
|
|t:|1769310703
|switch|p1a: Raging Bolt|Raging Bolt|100/100
|move|p2a: Volcanion|Steam Eruption|p1a: Raging Bolt
|-resisted|p1a: Raging Bolt
|-damage|p1a: Raging Bolt|74/100
|
|upkeep
|turn|6
|
|t:|1769310706
|switch|p2a: Landorus|Landorus-Therian, M|100/100
|-ability|p2a: Landorus|Intimidate|boost
|-unboost|p1a: Raging Bolt|atk|1
|move|p1a: Raging Bolt|Draco Meteor|p2a: Landorus
|-damage|p2a: Landorus|0 fnt
|-unboost|p1a: Raging Bolt|spa|2
|faint|p2a: Landorus
|
|upkeep
|
|t:|1769310715
|switch|p2a: Deoxys|Deoxys-Speed|100/100
|-ability|p2a: Deoxys|Pressure
|turn|7
|
|t:|1769310717
|-end|p1a: Raging Bolt|Protosynthesis|[silent]
|switch|p1a: Ting-Lu|Ting-Lu|43/100
|-ability|p1a: Ting-Lu|Vessel of Ruin
|move|p2a: Deoxys|Spikes|p1a: Ting-Lu
|-sidestart|p1: frasherror|Spikes
|
|-heal|p1a: Ting-Lu|50/100|[from] item: Leftovers
|upkeep
|turn|8
|
|t:|1769310720
|move|p2a: Deoxys|Superpower|p1a: Ting-Lu
|-supereffective|p1a: Ting-Lu
|-damage|p1a: Ting-Lu|25/100
|-unboost|p2a: Deoxys|atk|1
|-unboost|p2a: Deoxys|def|1
|-enditem|p2a: Deoxys|Eject Pack
|
|t:|1769310730
|switch|p2a: Volcanion|Volcanion|100/100
|move|p1a: Ting-Lu|Stealth Rock|p2a: Volcanion
|-sidestart|p2: Chessmaster 2000|move: Stealth Rock
|
|-heal|p1a: Ting-Lu|32/100|[from] item: Leftovers
|upkeep
|turn|9
|
|t:|1769310734
|move|p2a: Volcanion|Steam Eruption|p1a: Ting-Lu
|-supereffective|p1a: Ting-Lu
|-damage|p1a: Ting-Lu|0 fnt
|faint|p1a: Ting-Lu
|
|upkeep
|
|t:|1769310741
|switch|p1a: Great Tusk|Great Tusk|100/100
|-damage|p1a: Great Tusk|88/100|[from] Spikes
|-enditem|p1a: Great Tusk|Booster Energy
|-activate|p1a: Great Tusk|ability: Protosynthesis|[fromitem]
|-start|p1a: Great Tusk|protosynthesisatk
|turn|10
|
|t:|1769310744
|switch|p2a: Pecharunt|Pecharunt|100/100
|move|p1a: Great Tusk|Earthquake|p2a: Pecharunt
|-supereffective|p2a: Pecharunt
|-damage|p2a: Pecharunt|7/100
|
|upkeep
|turn|11
|
|t:|1769310754
|move|p2a: Pecharunt|Nasty Plot|p2a: Pecharunt
|-boost|p2a: Pecharunt|spa|2
|move|p1a: Great Tusk|Knock Off|p2a: Pecharunt
|-supereffective|p2a: Pecharunt
|-damage|p2a: Pecharunt|0 fnt
|-enditem|p2a: Pecharunt|Heavy-Duty Boots|[from] move: Knock Off|[of] p1a: Great Tusk
|faint|p2a: Pecharunt
|
|upkeep
|
|t:|1769310756
|switch|p2a: Mabosstiff|Mabosstiff, F|100/100
|-damage|p2a: Mabosstiff|88/100|[from] Stealth Rock
|-ability|p2a: Mabosstiff|Intimidate|boost
|-unboost|p1a: Great Tusk|atk|1
|turn|12
|
|t:|1769310762
|-terastallize|p2a: Mabosstiff|Bug
|move|p1a: Great Tusk|Rapid Spin|p2a: Mabosstiff
|-crit|p2a: Mabosstiff
|-damage|p2a: Mabosstiff|52/100
|-boost|p1a: Great Tusk|spe|1
|-sideend|p1: frasherror|Spikes|[from] move: Rapid Spin|[of] p1a: Great Tusk
|-enditem|p2a: Mabosstiff|Kee Berry|[eat]
|-boost|p2a: Mabosstiff|def|1|[from] item: Kee Berry
|move|p2a: Mabosstiff|Jaw Lock|p1a: Great Tusk
|-resisted|p1a: Great Tusk
|-damage|p1a: Great Tusk|72/100
|-activate|p2a: Mabosstiff|trapped
|-activate|p1a: Great Tusk|trapped
|
|upkeep
|turn|13
|
|t:|1769310781
|move|p1a: Great Tusk|Ice Spinner|p2a: Mabosstiff
|-damage|p2a: Mabosstiff|36/100
|move|p2a: Mabosstiff|Rest|p2a: Mabosstiff
|-status|p2a: Mabosstiff|slp|[from] move: Rest
|-heal|p2a: Mabosstiff|100/100 slp|[silent]
|
|upkeep
|turn|14
|
|t:|1769310786
|move|p1a: Great Tusk|Ice Spinner|p2a: Mabosstiff
|-damage|p2a: Mabosstiff|84/100 slp
|cant|p2a: Mabosstiff|slp
|
|upkeep
|turn|15
|
|t:|1769310789
|move|p1a: Great Tusk|Ice Spinner|p2a: Mabosstiff
|-damage|p2a: Mabosstiff|66/100 slp
|cant|p2a: Mabosstiff|slp
|
|upkeep
|turn|16
|
|t:|1769310793
|move|p1a: Great Tusk|Ice Spinner|p2a: Mabosstiff
|-damage|p2a: Mabosstiff|48/100 slp
|-curestatus|p2a: Mabosstiff|slp|[msg]
|move|p2a: Mabosstiff|Hone Claws|p2a: Mabosstiff
|-boost|p2a: Mabosstiff|atk|1
|-boost|p2a: Mabosstiff|accuracy|1
|
|upkeep
|turn|17
|
|t:|1769310800
|move|p1a: Great Tusk|Ice Spinner|p2a: Mabosstiff
|-damage|p2a: Mabosstiff|31/100
|move|p2a: Mabosstiff|Rest|p2a: Mabosstiff
|-status|p2a: Mabosstiff|slp|[from] move: Rest
|-heal|p2a: Mabosstiff|100/100 slp|[silent]
|
|upkeep
|turn|18
|
|t:|1769310805
|move|p1a: Great Tusk|Ice Spinner|p2a: Mabosstiff
|-damage|p2a: Mabosstiff|83/100 slp
|cant|p2a: Mabosstiff|slp
|
|upkeep
|turn|19
|
|t:|1769310808
|move|p1a: Great Tusk|Ice Spinner|p2a: Mabosstiff
|-damage|p2a: Mabosstiff|65/100 slp
|cant|p2a: Mabosstiff|slp
|
|upkeep
|turn|20
|
|t:|1769310812
|move|p1a: Great Tusk|Earthquake|p2a: Mabosstiff
|-resisted|p2a: Mabosstiff
|-damage|p2a: Mabosstiff|50/100 slp
|-curestatus|p2a: Mabosstiff|slp|[msg]
|move|p2a: Mabosstiff|Hone Claws|p2a: Mabosstiff
|-boost|p2a: Mabosstiff|atk|1
|-boost|p2a: Mabosstiff|accuracy|1
|
|upkeep
|turn|21
|
|t:|1769310816
|move|p1a: Great Tusk|Earthquake|p2a: Mabosstiff
|-resisted|p2a: Mabosstiff
|-damage|p2a: Mabosstiff|34/100
|move|p2a: Mabosstiff|Hone Claws|p2a: Mabosstiff
|-boost|p2a: Mabosstiff|atk|1
|-boost|p2a: Mabosstiff|accuracy|1
|
|upkeep
|turn|22
|
|t:|1769310820
|move|p1a: Great Tusk|Earthquake|p2a: Mabosstiff
|-resisted|p2a: Mabosstiff
|-damage|p2a: Mabosstiff|17/100
|move|p2a: Mabosstiff|Rest|p2a: Mabosstiff
|-status|p2a: Mabosstiff|slp|[from] move: Rest
|-heal|p2a: Mabosstiff|100/100 slp|[silent]
|
|upkeep
|turn|23
|
|t:|1769310826
|move|p1a: Great Tusk|Earthquake|p2a: Mabosstiff
|-resisted|p2a: Mabosstiff
|-damage|p2a: Mabosstiff|83/100 slp
|cant|p2a: Mabosstiff|slp
|
|upkeep
|turn|24
|
|t:|1769310834
|move|p1a: Great Tusk|Earthquake|p2a: Mabosstiff
|-resisted|p2a: Mabosstiff
|-damage|p2a: Mabosstiff|67/100 slp
|cant|p2a: Mabosstiff|slp
|
|upkeep
|turn|25
|
|t:|1769310837
|move|p1a: Great Tusk|Earthquake|p2a: Mabosstiff
|-resisted|p2a: Mabosstiff
|-damage|p2a: Mabosstiff|51/100 slp
|-curestatus|p2a: Mabosstiff|slp|[msg]
|move|p2a: Mabosstiff|Trailblaze|p1a: Great Tusk
|-supereffective|p1a: Great Tusk
|-damage|p1a: Great Tusk|8/100
|-boost|p2a: Mabosstiff|spe|1
|
|upkeep
|turn|26
|
|t:|1769310843
|move|p1a: Great Tusk|Earthquake|p2a: Mabosstiff
|-resisted|p2a: Mabosstiff
|-damage|p2a: Mabosstiff|35/100
|move|p2a: Mabosstiff|Hone Claws|p2a: Mabosstiff
|-boost|p2a: Mabosstiff|atk|1
|-boost|p2a: Mabosstiff|accuracy|1
|
|upkeep
|turn|27
|
|t:|1769310849
|move|p1a: Great Tusk|Earthquake|p2a: Mabosstiff
|-resisted|p2a: Mabosstiff
|-damage|p2a: Mabosstiff|18/100
|move|p2a: Mabosstiff|Rest|p2a: Mabosstiff
|-status|p2a: Mabosstiff|slp|[from] move: Rest
|-heal|p2a: Mabosstiff|100/100 slp|[silent]
|
|upkeep
|turn|28
|
|t:|1769310852
|move|p1a: Great Tusk|Earthquake|p2a: Mabosstiff
|-resisted|p2a: Mabosstiff
|-damage|p2a: Mabosstiff|85/100 slp
|cant|p2a: Mabosstiff|slp
|
|upkeep
|turn|29
|
|t:|1769310855
|move|p1a: Great Tusk|Earthquake|p2a: Mabosstiff
|-resisted|p2a: Mabosstiff
|-damage|p2a: Mabosstiff|67/100 slp
|cant|p2a: Mabosstiff|slp
|
|upkeep
|turn|30
|
|t:|1769310857
|move|p1a: Great Tusk|Earthquake|p2a: Mabosstiff
|-resisted|p2a: Mabosstiff
|-damage|p2a: Mabosstiff|51/100 slp
|-curestatus|p2a: Mabosstiff|slp|[msg]
|move|p2a: Mabosstiff|Hone Claws|p2a: Mabosstiff
|-boost|p2a: Mabosstiff|atk|1
|-boost|p2a: Mabosstiff|accuracy|1
|
|upkeep
|turn|31
|
|t:|1769310863
|move|p1a: Great Tusk|Earthquake|p2a: Mabosstiff
|-resisted|p2a: Mabosstiff
|-damage|p2a: Mabosstiff|36/100
|move|p2a: Mabosstiff|Hone Claws|p2a: Mabosstiff
|-boost|p2a: Mabosstiff|atk|1
|-boost|p2a: Mabosstiff|accuracy|1
|
|upkeep
|turn|32
|
|t:|1769310868
|move|p1a: Great Tusk|Earthquake|p2a: Mabosstiff
|-resisted|p2a: Mabosstiff
|-damage|p2a: Mabosstiff|19/100
|move|p2a: Mabosstiff|Rest|p2a: Mabosstiff
|-status|p2a: Mabosstiff|slp|[from] move: Rest
|-heal|p2a: Mabosstiff|100/100 slp|[silent]
|
|upkeep
|turn|33
|
|t:|1769310874
|move|p1a: Great Tusk|Earthquake|p2a: Mabosstiff
|-resisted|p2a: Mabosstiff
|-damage|p2a: Mabosstiff|83/100 slp
|cant|p2a: Mabosstiff|slp
|
|upkeep
|turn|34
|
|t:|1769310876
|move|p1a: Great Tusk|Earthquake|p2a: Mabosstiff
|-resisted|p2a: Mabosstiff
|-damage|p2a: Mabosstiff|67/100 slp
|cant|p2a: Mabosstiff|slp
|
|upkeep
|turn|35
|
|t:|1769310880
|move|p1a: Great Tusk|Knock Off|p2a: Mabosstiff
|-damage|p2a: Mabosstiff|52/100 slp
|-curestatus|p2a: Mabosstiff|slp|[msg]
|move|p2a: Mabosstiff|Trailblaze|p1a: Great Tusk
|-supereffective|p1a: Great Tusk
|-damage|p1a: Great Tusk|0 fnt
|-boost|p2a: Mabosstiff|spe|1
|faint|p1a: Great Tusk
|-end|p1a: Great Tusk|Protosynthesis|[silent]
|
|upkeep
|
|t:|1769310890
|switch|p1a: Raging Bolt|Raging Bolt|74/100
|turn|36
|
|t:|1769310895
|move|p1a: Raging Bolt|Thunderclap|p2a: Mabosstiff
|-damage|p2a: Mabosstiff|0 fnt
|faint|p2a: Mabosstiff
|
|upkeep
|
|t:|1769310900
|switch|p2a: Iron Valiant|Iron Valiant|100/100
|-damage|p2a: Iron Valiant|94/100|[from] Stealth Rock
|-enditem|p2a: Iron Valiant|Booster Energy
|-activate|p2a: Iron Valiant|ability: Quark Drive|[fromitem]
|-start|p2a: Iron Valiant|quarkdrivespe
|turn|37
|
|t:|1769310909
|-end|p1a: Raging Bolt|Protosynthesis|[silent]
|switch|p1a: Darkrai|Darkrai|91/100
|move|p2a: Iron Valiant|Moonblast|p1a: Darkrai
|-supereffective|p1a: Darkrai
|-damage|p1a: Darkrai|0 fnt
|faint|p1a: Darkrai
|
|upkeep
|
|t:|1769310912
|switch|p1a: Kingambit|Kingambit, F|100/100
|-activate|p1a: Kingambit|ability: Supreme Overlord
|-start|p1a: Kingambit|fallen3|[silent]
|turn|38
|
|t:|1769310914
|-terastallize|p1a: Kingambit|Ghost
|move|p2a: Iron Valiant|Close Combat|p1a: Kingambit
|-immune|p1a: Kingambit
|move|p1a: Kingambit|Iron Head|p2a: Iron Valiant
|-supereffective|p2a: Iron Valiant
|-damage|p2a: Iron Valiant|0 fnt
|faint|p2a: Iron Valiant
|-end|p2a: Iron Valiant|Quark Drive|[silent]
|
|upkeep
|
|t:|1769310919
|switch|p2a: Volcanion|Volcanion|100/100
|-damage|p2a: Volcanion|76/100|[from] Stealth Rock
|turn|39
|
|t:|1769310923
|move|p2a: Volcanion|Will-O-Wisp|p1a: Kingambit
|-status|p1a: Kingambit|brn
|move|p1a: Kingambit|Kowtow Cleave|p2a: Volcanion
|-damage|p2a: Volcanion|45/100
|
|-heal|p2a: Volcanion|51/100|[from] item: Leftovers
|-damage|p1a: Kingambit|94/100 brn|[from] brn
|upkeep
|turn|40
|
|t:|1769310931
|switch|p2a: Deoxys|Deoxys-Speed|100/100
|-damage|p2a: Deoxys|88/100|[from] Stealth Rock
|-ability|p2a: Deoxys|Pressure
|move|p1a: Kingambit|Swords Dance|p1a: Kingambit
|-boost|p1a: Kingambit|atk|2
|
|-damage|p1a: Kingambit|88/100 brn|[from] brn
|upkeep
|turn|41
|
|t:|1769310939
|move|p2a: Deoxys|Knock Off|p1a: Kingambit
|-supereffective|p1a: Kingambit
|-damage|p1a: Kingambit|50/100 brn
|-enditem|p1a: Kingambit|Black Glasses|[from] move: Knock Off|[of] p2a: Deoxys
|move|p1a: Kingambit|Kowtow Cleave|p2a: Deoxys
|-supereffective|p2a: Deoxys
|-damage|p2a: Deoxys|0 fnt
|faint|p2a: Deoxys
|
|-damage|p1a: Kingambit|44/100 brn|[from] brn
|upkeep
|
|t:|1769310945
|switch|p2a: Volcanion|Volcanion|51/100
|-damage|p2a: Volcanion|26/100|[from] Stealth Rock
|turn|42
|-message|Chessmaster 2000 forfeited.
|
|win|frasherror
|raw|frasherror's rating: 1417 &rarr; <strong>1437</strong><br />(+20 for winning)
|raw|Chessmaster 2000's rating: 1423 &rarr; <strong>1403</strong><br />(-20 for losing)
|l|☆Chessmaster 2000
|player|p2|
|l|☆frasherror
|player|p1|
