|j|☆sousnakee
|j|☆GreninjaMyFav
|t:|1769319112
|gametype|singles
|player|p1|sousnakee|crasherwake|1500
|player|p2|GreninjaMyFav|170|1565
|gen|9
|tier|[Gen 9] OU
|rated|
|rule|HP Percentage Mod: HP is shown in percentages
|rule|Endless Battle Clause: Forcing endless battles is banned
|rule|Species Clause: Limit one of each Pokémon
|rule|OHKO Clause: OHKO moves are banned
|rule|Evasion Items Clause: Evasion items are banned
|rule|Evasion Moves Clause: Evasion moves are banned
|rule|Evasion Abilities Clause: Evasion abilities are banned
|rule|Sleep Moves Clause: Sleep-inducing moves are banned
|clearpoke
|poke|p1|Slowking-Galar, M|
|poke|p1|Dondozo, F|
|poke|p1|Great Tusk|
|poke|p1|Ogerpon-Wellspring, F|
|poke|p1|Zapdos|
|poke|p1|Kingambit, M|
|poke|p2|Rillaboom, M|
|poke|p2|Gholdengo|
|poke|p2|Greninja-*, F|
|poke|p2|Heatran, M|
|poke|p2|Great Tusk|
|poke|p2|Slither Wing|
|teampreview
|inactive|Battle timer is ON: inactive players will automatically lose when time's up. (requested by sousnakee)
|
|t:|1769319117
|teamsize|p1|6
|teamsize|p2|6
|start
|switch|p1a: Slowking|Slowking-Galar, M|100/100
|switch|p2a: Greninja|Greninja, F|100/100
|turn|1
|
|t:|1769319123
|move|p2a: Greninja|Spikes|p1a: Slowking
|-start|p2a: Greninja|typechange|Ground|[from] ability: Protean
|-sidestart|p1: sousnakee|Spikes
|move|p1a: Slowking|Trick|p2a: Greninja
|-activate|p1a: Slowking|move: Trick|[of] p2a: Greninja
|-item|p2a: Greninja|Black Sludge|[from] move: Trick
|-item|p1a: Slowking|Choice Specs|[from] move: Trick
|
|-damage|p2a: Greninja|88/100|[from] item: Black Sludge
|upkeep
|turn|2
|
|t:|1769319135
|move|p2a: Greninja|Spikes|p1a: Slowking
|-sidestart|p1: sousnakee|Spikes
|-prepare|p1a: Slowking|Chilly Reception|[premajor]
|move|p1a: Slowking|Chilly Reception|p1a: Slowking
|-weather|Snowscape
|
|t:|1769319149
|switch|p1a: Zapdos|Zapdos|100/100|[from] Chilly Reception
|
|-weather|Snowscape|[upkeep]
|-damage|p2a: Greninja|76/100|[from] item: Black Sludge
|upkeep
|turn|3
|
|t:|1769319155
|move|p2a: Greninja|Ice Beam|p1a: Zapdos
|-supereffective|p1a: Zapdos
|-damage|p1a: Zapdos|41/100
|move|p1a: Zapdos|Hurricane|p2a: Greninja
|-damage|p2a: Greninja|3/100
|-start|p2a: Greninja|confusion
|
|-weather|Snowscape|[upkeep]
|-damage|p2a: Greninja|0 fnt|[from] item: Black Sludge
|faint|p2a: Greninja
|upkeep
|
|t:|1769319173
|switch|p2a: Heatran|Heatran, M|100/100
|turn|4
|
|t:|1769319176
|switch|p1a: Slowking|Slowking-Galar, M|100/100
|-damage|p1a: Slowking|84/100|[from] Spikes
|move|p2a: Heatran|Stealth Rock|p1a: Slowking
|-sidestart|p1: sousnakee|move: Stealth Rock
|
|-weather|Snowscape|[upkeep]
|upkeep
|turn|5
|
|t:|1769319183
|move|p2a: Heatran|Taunt|p1a: Slowking
|-start|p1a: Slowking|move: Taunt
|cant|p1a: Slowking|move: Taunt|Trick
|
|-weather|Snowscape|[upkeep]
|upkeep
|turn|6
|
|t:|1769319189
|switch|p2a: Rillaboom|Rillaboom, M|100/100
|-fieldstart|move: Grassy Terrain|[from] ability: Grassy Surge|[of] p2a: Rillaboom
|switch|p1a: Dondozo|Dondozo, F|100/100
|-damage|p1a: Dondozo|84/100|[from] Spikes
|-damage|p1a: Dondozo|71/100|[from] Stealth Rock
|
|-weather|none
|-heal|p1a: Dondozo|77/100|[from] Grassy Terrain
|-heal|p1a: Dondozo|84/100|[from] item: Leftovers
|upkeep
|turn|7
|
|t:|1769319201
|switch|p1a: Zapdos|Zapdos|41/100
|-terastallize|p2a: Rillaboom|Grass
|move|p2a: Rillaboom|Wood Hammer|p1a: Zapdos
|-resisted|p1a: Zapdos
|-damage|p1a: Zapdos|0 fnt
|faint|p1a: Zapdos
|-damage|p2a: Rillaboom|85/100|[from] Recoil
|
|-heal|p2a: Rillaboom|91/100|[from] Grassy Terrain
|upkeep
|
|t:|1769319211
|switch|p1a: Slowking|Slowking-Galar, M|100/100
|-damage|p1a: Slowking|84/100|[from] Spikes
|-damage|p1a: Slowking|72/100|[from] Stealth Rock
|turn|8
|
|t:|1769319217
|move|p2a: Rillaboom|Wood Hammer|p1a: Slowking
|-resisted|p1a: Slowking
|-damage|p1a: Slowking|0 fnt
|faint|p1a: Slowking
|-damage|p2a: Rillaboom|64/100|[from] Recoil
|
|-heal|p2a: Rillaboom|71/100|[from] Grassy Terrain
|upkeep
|
|t:|1769319225
|switch|p1a: Great Tusk|Great Tusk|100/100
|-damage|p1a: Great Tusk|84/100|[from] Spikes
|-damage|p1a: Great Tusk|81/100|[from] Stealth Rock
|turn|9
|
|t:|1769319233
|switch|p2a: Gholdengo|Gholdengo|100/100
|-item|p2a: Gholdengo|Air Balloon
|move|p1a: Great Tusk|Ice Spinner|p2a: Gholdengo
|-resisted|p2a: Gholdengo
|-damage|p2a: Gholdengo|90/100
|-enditem|p2a: Gholdengo|Air Balloon
|-fieldend|move: Grassy Terrain
|
|-heal|p1a: Great Tusk|87/100|[from] item: Leftovers
|upkeep
|turn|10
|
|t:|1769319256
|move|p1a: Great Tusk|Stealth Rock|p2a: Gholdengo
|-sidestart|p2: GreninjaMyFav|move: Stealth Rock
|move|p2a: Gholdengo|Make It Rain|p1a: Great Tusk
|-damage|p1a: Great Tusk|3/100
|-unboost|p2a: Gholdengo|spa|1
|
|-heal|p1a: Great Tusk|9/100|[from] item: Leftovers
|upkeep
|turn|11
|
|t:|1769319264
|move|p1a: Great Tusk|Earthquake|p2a: Gholdengo
|-supereffective|p2a: Gholdengo
|-damage|p2a: Gholdengo|22/100
|move|p2a: Gholdengo|Hex|p1a: Great Tusk
|-damage|p1a: Great Tusk|0 fnt
|faint|p1a: Great Tusk
|-end|p1a: Great Tusk|Protosynthesis|[silent]
|
|upkeep
|
|t:|1769319271
|switch|p1a: Ogerpon|Ogerpon-Wellspring, F|100/100
|-damage|p1a: Ogerpon|84/100|[from] Spikes
|-damage|p1a: Ogerpon|72/100|[from] Stealth Rock
|turn|12
|
|t:|1769319276
|move|p1a: Ogerpon|Ivy Cudgel|p2a: Gholdengo|[anim] Ivy Cudgel Water
|-damage|p2a: Gholdengo|0 fnt
|faint|p2a: Gholdengo
|
|upkeep
|
|t:|1769319278
|switch|p2a: Rillaboom|Rillaboom, M, tera:Grass|71/100
|-damage|p2a: Rillaboom|58/100|[from] Stealth Rock
|-fieldstart|move: Grassy Terrain|[from] ability: Grassy Surge|[of] p2a: Rillaboom
|turn|13
|
|t:|1769319285
|move|p2a: Rillaboom|Grassy Glide|p1a: Ogerpon
|-damage|p1a: Ogerpon|0 fnt
|faint|p1a: Ogerpon
|
|-heal|p2a: Rillaboom|64/100|[from] Grassy Terrain
|upkeep
|
|t:|1769319291
|switch|p1a: Kingambit|Kingambit, M, shiny|100/100
|-damage|p1a: Kingambit|84/100|[from] Spikes
|-damage|p1a: Kingambit|78/100|[from] Stealth Rock
|-activate|p1a: Kingambit|ability: Supreme Overlord
|-start|p1a: Kingambit|fallen4|[silent]
|turn|14
|
|t:|1769319297
|switch|p2a: Slither Wing|Slither Wing|100/100
|-damage|p2a: Slither Wing|88/100|[from] Stealth Rock
|move|p1a: Kingambit|Swords Dance|p1a: Kingambit
|-boost|p1a: Kingambit|atk|2
|
|-heal|p2a: Slither Wing|94/100|[from] Grassy Terrain
|-heal|p1a: Kingambit|84/100|[from] Grassy Terrain
|-heal|p1a: Kingambit|90/100|[from] item: Leftovers
|upkeep
|turn|15
|
|t:|1769319307
|-terastallize|p1a: Kingambit|Ghost
|move|p2a: Slither Wing|Close Combat|p1a: Kingambit
|-immune|p1a: Kingambit
|move|p1a: Kingambit|Iron Head|p2a: Slither Wing
|-damage|p2a: Slither Wing|0 fnt
|faint|p2a: Slither Wing
|-end|p2a: Slither Wing|Protosynthesis|[silent]
|
|-heal|p1a: Kingambit|96/100|[from] Grassy Terrain
|-heal|p1a: Kingambit|100/100|[from] item: Leftovers
|upkeep
|
|t:|1769319316
|switch|p2a: Great Tusk|Great Tusk|100/100
|turn|16
|
|t:|1769319319
|move|p2a: Great Tusk|Headlong Rush|p1a: Kingambit
|-damage|p1a: Kingambit|55/100
|-unboost|p2a: Great Tusk|def|1
|-unboost|p2a: Great Tusk|spd|1
|move|p1a: Kingambit|Iron Head|p2a: Great Tusk
|-damage|p2a: Great Tusk|0 fnt
|faint|p2a: Great Tusk
|-end|p2a: Great Tusk|Protosynthesis|[silent]
|
|-heal|p1a: Kingambit|61/100|[from] Grassy Terrain
|-heal|p1a: Kingambit|68/100|[from] item: Leftovers
|upkeep
|
|t:|1769319323
|switch|p2a: Heatran|Heatran, M|100/100
|-damage|p2a: Heatran|88/100|[from] Stealth Rock
|turn|17
|
|t:|1769319335
|move|p2a: Heatran|Lava Plume|p1a: Kingambit
|-damage|p1a: Kingambit|34/100
|-status|p1a: Kingambit|brn
|move|p1a: Kingambit|Kowtow Cleave|p2a: Heatran
|-damage|p2a: Heatran|31/100
|
|-heal|p2a: Heatran|37/100|[from] Grassy Terrain
|-heal|p2a: Heatran|43/100|[from] item: Leftovers
|-heal|p1a: Kingambit|41/100 brn|[from] Grassy Terrain
|-heal|p1a: Kingambit|47/100 brn|[from] item: Leftovers
|-damage|p1a: Kingambit|41/100 brn|[from] brn
|-fieldend|move: Grassy Terrain
|upkeep
|turn|18
|c|☆sousnakee|thatrs 30% i losse
|c|☆sousnakee|you get it
|
|t:|1769319349
|move|p1a: Kingambit|Sucker Punch|p2a: Heatran
|-damage|p2a: Heatran|0 fnt
|faint|p2a: Heatran
|
|-heal|p1a: Kingambit|47/100 brn|[from] item: Leftovers
|-damage|p1a: Kingambit|41/100 brn|[from] brn
|upkeep
|
|t:|1769319351
|switch|p2a: Rillaboom|Rillaboom, M, tera:Grass|64/100
|-damage|p2a: Rillaboom|52/100|[from] Stealth Rock
|-fieldstart|move: Grassy Terrain|[from] ability: Grassy Surge|[of] p2a: Rillaboom
|turn|19
|
|t:|1769319359
|move|p2a: Rillaboom|Grassy Glide|p1a: Kingambit
|-damage|p1a: Kingambit|0 fnt
|faint|p1a: Kingambit
|-end|p1a: Kingambit|fallen4|[silent]
|
|-heal|p2a: Rillaboom|58/100|[from] Grassy Terrain
|upkeep
|-message|sousnakee forfeited.
|
|win|GreninjaMyFav
|raw|sousnakee's rating: 1500 &rarr; <strong>1484</strong><br />(-16 for losing)
|raw|GreninjaMyFav's rating: 1565 &rarr; <strong>1581</strong><br />(+16 for winning)
|l|☆sousnakee
|player|p1|
|l|☆GreninjaMyFav
|player|p2|
