|j|☆wtyxklhg
|j|☆taamaamoo
|t:|1769337572
|gametype|singles
|player|p1|wtyxklhg|lucas|
|player|p2|taamaamoo|n|
|gen|9
|tier|[Gen 9] OU
|rule|HP Percentage Mod: HP is shown in percentages
|rule|Endless Battle Clause: Forcing endless battles is banned
|rule|Species Clause: Limit one of each Pokémon
|rule|OHKO Clause: OHKO moves are banned
|rule|Evasion Items Clause: Evasion items are banned
|rule|Evasion Moves Clause: Evasion moves are banned
|rule|Evasion Abilities Clause: Evasion abilities are banned
|rule|Sleep Moves Clause: Sleep-inducing moves are banned
|clearpoke
|poke|p1|Iron Valiant|
|poke|p1|Arcanine-Hisui, M|
|poke|p1|Ursaluna, F|
|poke|p1|Dragonite, F|
|poke|p1|Araquanid, F|
|poke|p1|Glimmora, F|
|poke|p2|Rillaboom, M|
|poke|p2|Polteageist|
|poke|p2|Cobalion|
|poke|p2|Hatterene, F|
|poke|p2|Indeedee-F, F|
|poke|p2|Iron Valiant|
|teampreview
|
|t:|1769337751
|teamsize|p1|6
|teamsize|p2|6
|start
|switch|p1a: 蜘蛛侠|Araquanid, F|100/100
|switch|p2a: 黄毛倪哥|Rillaboom, M, shiny|100/100
|-fieldstart|move: Grassy Terrain|[from] ability: Grassy Surge|[of] p2a: 黄毛倪哥
|turn|1
|
|t:|1769337802
|move|p2a: 黄毛倪哥|Fake Out|p1a: 蜘蛛侠
|-damage|p1a: 蜘蛛侠|84/100
|cant|p1a: 蜘蛛侠|flinch
|
|-heal|p1a: 蜘蛛侠|90/100|[from] Grassy Terrain
|-heal|p1a: 蜘蛛侠|96/100|[from] item: Leftovers
|upkeep
|turn|2
|
|t:|1769337810
|switch|p2a: 粉毛学姐|Hatterene, F, shiny|100/100
|move|p1a: 蜘蛛侠|Sticky Web|p2a: 粉毛学姐
|move|p2a: 粉毛学姐|Sticky Web|p1a: 蜘蛛侠|[from] ability: Magic Bounce
|-sidestart|p1: wtyxklhg|move: Sticky Web
|
|-heal|p1a: 蜘蛛侠|100/100|[from] Grassy Terrain
|upkeep
|turn|3
|
|t:|1769337826
|move|p1a: 蜘蛛侠|Waterfall|p2a: 粉毛学姐
|-damage|p2a: 粉毛学姐|43/100
|move|p2a: 粉毛学姐|Dazzling Gleam|p1a: 蜘蛛侠
|-damage|p1a: 蜘蛛侠|71/100
|
|-heal|p1a: 蜘蛛侠|77/100|[from] Grassy Terrain
|-heal|p1a: 蜘蛛侠|84/100|[from] item: Leftovers
|-heal|p2a: 粉毛学姐|49/100|[from] Grassy Terrain
|-heal|p2a: 粉毛学姐|55/100|[from] item: Leftovers
|upkeep
|turn|4
|
|t:|1769337844
|switch|p2a: 黄毛倪哥|Rillaboom, M, shiny|100/100
|move|p1a: 蜘蛛侠|Waterfall|p2a: 黄毛倪哥
|-resisted|p2a: 黄毛倪哥
|-damage|p2a: 黄毛倪哥|72/100
|
|-heal|p2a: 黄毛倪哥|78/100|[from] Grassy Terrain
|-heal|p1a: 蜘蛛侠|90/100|[from] Grassy Terrain
|-heal|p1a: 蜘蛛侠|96/100|[from] item: Leftovers
|upkeep
|turn|5
|
|t:|1769337853
|move|p2a: 黄毛倪哥|Fake Out|p1a: 蜘蛛侠
|-damage|p1a: 蜘蛛侠|81/100
|cant|p1a: 蜘蛛侠|flinch
|
|-heal|p2a: 黄毛倪哥|84/100|[from] Grassy Terrain
|-heal|p1a: 蜘蛛侠|88/100|[from] Grassy Terrain
|-heal|p1a: 蜘蛛侠|94/100|[from] item: Leftovers
|-fieldend|move: Grassy Terrain
|upkeep
|turn|6
|
|t:|1769337873
|move|p2a: 黄毛倪哥|U-turn|p1a: 蜘蛛侠
|-damage|p1a: 蜘蛛侠|65/100
|
|t:|1769337879
|switch|p2a: 看我嘛|Indeedee-F, F|100/100|[from] U-turn
|-fieldstart|move: Psychic Terrain|[from] ability: Psychic Surge|[of] p2a: 看我嘛
|move|p1a: 蜘蛛侠|Sticky Web|p2a: 看我嘛
|-sidestart|p2: taamaamoo|move: Sticky Web
|
|-heal|p1a: 蜘蛛侠|71/100|[from] item: Leftovers
|upkeep
|turn|7
|
|t:|1769337894
|move|p2a: 看我嘛|Calm Mind|p2a: 看我嘛
|-boost|p2a: 看我嘛|spa|1
|-boost|p2a: 看我嘛|spd|1
|move|p1a: 蜘蛛侠|Waterfall|p2a: 看我嘛
|-damage|p2a: 看我嘛|14/100
|-damage|p1a: 蜘蛛侠|54/100|[from] item: Rocky Helmet|[of] p2a: 看我嘛
|
|-heal|p1a: 蜘蛛侠|61/100|[from] item: Leftovers
|upkeep
|turn|8
|
|t:|1769338119
|-terastallize|p2a: 看我嘛|Fairy
|move|p2a: 看我嘛|Alluring Voice|p1a: 蜘蛛侠
|-crit|p1a: 蜘蛛侠
|-damage|p1a: 蜘蛛侠|0 fnt
|faint|p1a: 蜘蛛侠
|
|upkeep
|
|t:|1769338128
|switch|p1a: 旋转旋转|Glimmora, F|100/100
|-activate|p1a: 旋转旋转|move: Sticky Web
|-unboost|p1a: 旋转旋转|spe|1
|turn|9
|
|t:|1769338149
|move|p2a: 看我嘛|Stored Power|p1a: 旋转旋转
|-supereffective|p1a: 旋转旋转
|-damage|p1a: 旋转旋转|0 fnt
|faint|p1a: 旋转旋转
|
|upkeep
|
|t:|1769338158
|switch|p1a: 暴龙神|Dragonite, F|100/100
|turn|10
|
|t:|1769338175
|move|p1a: 暴龙神|Ice Spinner|p2a: 看我嘛
|-damage|p2a: 看我嘛|0 fnt
|-damage|p1a: 暴龙神|84/100|[from] item: Rocky Helmet|[of] p2a: 看我嘛
|-fieldend|move: Psychic Terrain
|faint|p2a: 看我嘛
|
|upkeep
|
|t:|1769338183
|switch|p2a: 粉毛学姐|Hatterene, F, shiny|55/100
|-activate|p2a: 粉毛学姐|move: Sticky Web
|-unboost|p2a: 粉毛学姐|spe|1
|turn|11
|
|t:|1769338203
|switch|p1a: ruizi|Arcanine-Hisui, M|100/100
|-activate|p1a: ruizi|move: Sticky Web
|-unboost|p1a: ruizi|spe|1
|move|p2a: 粉毛学姐|Dazzling Gleam|p1a: ruizi
|-resisted|p1a: ruizi
|-crit|p1a: ruizi
|-damage|p1a: ruizi|64/100
|
|-heal|p2a: 粉毛学姐|61/100|[from] item: Leftovers
|upkeep
|turn|12
|
|t:|1769338243
|switch|p2a: 沙奈朵|Iron Valiant|100/100
|-activate|p2a: 沙奈朵|move: Sticky Web
|-unboost|p2a: 沙奈朵|spe|1
|-enditem|p2a: 沙奈朵|Booster Energy
|-activate|p2a: 沙奈朵|ability: Quark Drive|[fromitem]
|-start|p2a: 沙奈朵|quarkdrivespa
|move|p1a: ruizi|Flare Blitz|p2a: 沙奈朵
|-damage|p2a: 沙奈朵|0 fnt
|faint|p2a: 沙奈朵
|-end|p2a: 沙奈朵|Quark Drive|[silent]
|-damage|p1a: ruizi|54/100|[from] item: Life Orb
|
|upkeep
|
|t:|1769338258
|switch|p2a: 黄毛倪哥|Rillaboom, M, shiny|84/100
|-activate|p2a: 黄毛倪哥|move: Sticky Web
|-unboost|p2a: 黄毛倪哥|spe|1
|-fieldstart|move: Grassy Terrain|[from] ability: Grassy Surge|[of] p2a: 黄毛倪哥
|turn|13
|
|t:|1769338269
|-terastallize|p1a: ruizi|Fire
|move|p2a: 黄毛倪哥|Fake Out|p1a: ruizi
|-damage|p1a: ruizi|34/100
|cant|p1a: ruizi|flinch
|
|-heal|p1a: ruizi|40/100|[from] Grassy Terrain
|-heal|p2a: 黄毛倪哥|90/100|[from] Grassy Terrain
|upkeep
|turn|14
|
|t:|1769338278
|move|p1a: ruizi|Flare Blitz|p2a: 黄毛倪哥
|-supereffective|p2a: 黄毛倪哥
|-damage|p2a: 黄毛倪哥|0 fnt
|faint|p2a: 黄毛倪哥
|-damage|p1a: ruizi|30/100|[from] item: Life Orb
|
|-heal|p1a: ruizi|36/100|[from] Grassy Terrain
|upkeep
|
|t:|1769338310
|switch|p2a: 粉毛学姐|Hatterene, F, shiny|61/100
|-activate|p2a: 粉毛学姐|move: Sticky Web
|-unboost|p2a: 粉毛学姐|spe|1
|turn|15
|
|t:|1769338321
|move|p1a: ruizi|Agility|p1a: ruizi
|-boost|p1a: ruizi|spe|2
|move|p2a: 粉毛学姐|Expanding Force|p1a: ruizi
|-damage|p1a: ruizi|0 fnt
|faint|p1a: ruizi
|
|-heal|p2a: 粉毛学姐|67/100|[from] Grassy Terrain
|-heal|p2a: 粉毛学姐|73/100|[from] item: Leftovers
|upkeep
|
|t:|1769338334
|switch|p1a: 我偏要|Ursaluna, F|100/100
|-activate|p1a: 我偏要|move: Sticky Web
|-unboost|p1a: 我偏要|spe|1
|turn|16
|
|t:|1769338341
|move|p1a: 我偏要|Facade|p2a: 粉毛学姐
|-damage|p2a: 粉毛学姐|35/100
|move|p2a: 粉毛学姐|Dazzling Gleam|p1a: 我偏要
|-damage|p1a: 我偏要|70/100
|
|-heal|p1a: 我偏要|77/100|[from] Grassy Terrain
|-heal|p2a: 粉毛学姐|41/100|[from] Grassy Terrain
|-heal|p2a: 粉毛学姐|47/100|[from] item: Leftovers
|-status|p1a: 我偏要|brn|[from] item: Flame Orb
|upkeep
|turn|17
|
|t:|1769338356
|move|p1a: 我偏要|Earthquake|p2a: 粉毛学姐
|-damage|p2a: 粉毛学姐|2/100
|move|p2a: 粉毛学姐|Dazzling Gleam|p1a: 我偏要
|-damage|p1a: 我偏要|43/100 brn
|
|-heal|p1a: 我偏要|49/100 brn|[from] Grassy Terrain
|-heal|p2a: 粉毛学姐|8/100|[from] Grassy Terrain
|-heal|p2a: 粉毛学姐|14/100|[from] item: Leftovers
|-damage|p1a: 我偏要|43/100 brn|[from] brn
|-fieldend|move: Grassy Terrain
|upkeep
|turn|18
|
|t:|1769338374
|move|p1a: 我偏要|Earthquake|p2a: 粉毛学姐
|-damage|p2a: 粉毛学姐|0 fnt
|faint|p2a: 粉毛学姐
|
|-damage|p1a: 我偏要|37/100 brn|[from] brn
|upkeep
|
|t:|1769338379
|switch|p2a: 铁头壳|Cobalion|100/100
|-activate|p2a: 铁头壳|move: Sticky Web
|-unboost|p2a: 铁头壳|spe|1
|turn|19
|
|t:|1769338388
|move|p2a: 铁头壳|Body Press|p1a: 我偏要
|-supereffective|p1a: 我偏要
|-damage|p1a: 我偏要|0 fnt
|faint|p1a: 我偏要
|
|upkeep
|
|t:|1769338396
|switch|p1a: 暴龙神|Dragonite, F|84/100
|turn|20
|
|t:|1769338402
|move|p1a: 暴龙神|Dragon Dance|p1a: 暴龙神
|-boost|p1a: 暴龙神|atk|1
|-boost|p1a: 暴龙神|spe|1
|move|p2a: 铁头壳|Iron Defense|p2a: 铁头壳
|-boost|p2a: 铁头壳|def|2
|
|upkeep
|turn|21
|
|t:|1769338410
|move|p1a: 暴龙神|Fire Punch|p2a: 铁头壳
|-supereffective|p2a: 铁头壳
|-damage|p2a: 铁头壳|76/100
|-damage|p1a: 暴龙神|68/100|[from] item: Rocky Helmet|[of] p2a: 铁头壳
|move|p2a: 铁头壳|Iron Defense|p2a: 铁头壳
|-boost|p2a: 铁头壳|def|2
|
|upkeep
|turn|22
|
|t:|1769338428
|switch|p1a: 可爱玉藻|Iron Valiant, shiny|100/100
|-activate|p1a: 可爱玉藻|move: Sticky Web
|-unboost|p1a: 可爱玉藻|spe|1
|-enditem|p1a: 可爱玉藻|Booster Energy
|-activate|p1a: 可爱玉藻|ability: Quark Drive|[fromitem]
|-start|p1a: 可爱玉藻|quarkdrivespa
|move|p2a: 铁头壳|Iron Head|p1a: 可爱玉藻
|-supereffective|p1a: 可爱玉藻
|-damage|p1a: 可爱玉藻|32/100
|
|upkeep
|turn|23
|
|t:|1769338439
|move|p1a: 可爱玉藻|Destiny Bond|p1a: 可爱玉藻
|-singlemove|p1a: 可爱玉藻|Destiny Bond
|move|p2a: 铁头壳|Iron Head|p1a: 可爱玉藻
|-supereffective|p1a: 可爱玉藻
|-damage|p1a: 可爱玉藻|0 fnt
|faint|p1a: 可爱玉藻
|-activate|p1a: 可爱玉藻|move: Destiny Bond
|-end|p1a: 可爱玉藻|Quark Drive|[silent]
|faint|p2a: 铁头壳
|
|upkeep
|
|t:|1769338448
|switch|p1a: 暴龙神|Dragonite, F|68/100
|switch|p2a: 来杯粗茶|Polteageist, shiny|100/100
|-activate|p2a: 来杯粗茶|move: Sticky Web
|-unboost|p2a: 来杯粗茶|spe|1
|turn|24
|
|t:|1769338460
|move|p1a: 暴龙神|Ice Spinner|p2a: 来杯粗茶
|-damage|p2a: 来杯粗茶|45/100
|-ability|p2a: 来杯粗茶|Weak Armor|boost
|-unboost|p2a: 来杯粗茶|def|1
|-boost|p2a: 来杯粗茶|spe|2
|move|p2a: 来杯粗茶|Shell Smash|p2a: 来杯粗茶
|-unboost|p2a: 来杯粗茶|def|1
|-unboost|p2a: 来杯粗茶|spd|1
|-boost|p2a: 来杯粗茶|atk|2
|-boost|p2a: 来杯粗茶|spa|2
|-boost|p2a: 来杯粗茶|spe|2
|
|upkeep
|turn|25
|
|t:|1769338474
|move|p2a: 来杯粗茶|Stored Power|p1a: 暴龙神
|-damage|p1a: 暴龙神|0 fnt
|faint|p1a: 暴龙神
|
|win|taamaamoo
