|j|☆ferrydiscs
|j|☆acidosis
|t:|1769302382
|gametype|singles
|player|p1|ferrydiscs|will|1493
|player|p2|acidosis|169|1450
|gen|9
|tier|[Gen 9] OU
|rated|
|rule|HP Percentage Mod: HP is shown in percentages
|rule|Endless Battle Clause: Forcing endless battles is banned
|rule|Species Clause: Limit one of each Pokémon
|rule|OHKO Clause: OHKO moves are banned
|rule|Evasion Items Clause: Evasion items are banned
|rule|Evasion Moves Clause: Evasion moves are banned
|rule|Evasion Abilities Clause: Evasion abilities are banned
|rule|Sleep Moves Clause: Sleep-inducing moves are banned
|clearpoke
|poke|p1|Tyranitar, M|
|poke|p1|Excadrill, M|
|poke|p1|Tornadus-Therian, M|
|poke|p1|Tinkaton, F|
|poke|p1|Sinistcha|
|poke|p1|Toxapex, M|
|poke|p2|Dragonite, F|
|poke|p2|Great Tusk|
|poke|p2|Grimmsnarl, M|
|poke|p2|Braviary-Hisui, M|
|poke|p2|Darkrai|
|poke|p2|Manaphy|
|teampreview
|inactive|Battle timer is ON: inactive players will automatically lose when time's up. (requested by ferrydiscs)
|inactive|acidosis has 120 seconds left.
|
|t:|1769302454
|teamsize|p1|6
|teamsize|p2|6
|start
|switch|p1a: Tinkaton|Tinkaton, F, shiny|100/100
|switch|p2a: Grimmsnarl|Grimmsnarl, M, shiny|100/100
|-item|p1a: Tinkaton|Air Balloon
|turn|1
|
|t:|1769302462
|move|p2a: Grimmsnarl|Thunder Wave|p1a: Tinkaton
|-status|p1a: Tinkaton|par
|move|p1a: Tinkaton|Encore|p2a: Grimmsnarl
|-start|p2a: Grimmsnarl|Encore
|
|upkeep
|turn|2
|
|t:|1769302467
|switch|p2a: Great Tusk|Great Tusk|100/100
|-enditem|p2a: Great Tusk|Booster Energy
|-activate|p2a: Great Tusk|ability: Protosynthesis|[fromitem]
|-start|p2a: Great Tusk|protosynthesisatk
|cant|p1a: Tinkaton|par
|
|upkeep
|turn|3
|
|t:|1769302485
|switch|p1a: Sinistcha|Sinistcha, shiny|100/100
|move|p2a: Great Tusk|Ice Spinner|p1a: Sinistcha
|-supereffective|p1a: Sinistcha
|-damage|p1a: Sinistcha|46/100
|
|-heal|p1a: Sinistcha|52/100|[from] item: Leftovers
|upkeep
|turn|4
|
|t:|1769302492
|switch|p1a: Toxapex|Toxapex, M, shiny|100/100
|move|p2a: Great Tusk|Headlong Rush|p1a: Toxapex
|-supereffective|p1a: Toxapex
|-damage|p1a: Toxapex|0 fnt
|-unboost|p2a: Great Tusk|def|1
|-unboost|p2a: Great Tusk|spd|1
|faint|p1a: Toxapex
|
|upkeep
|
|t:|1769302497
|switch|p1a: Tornadus|Tornadus-Therian, M, shiny|100/100
|turn|5
|
|t:|1769302503
|-end|p2a: Great Tusk|Protosynthesis|[silent]
|switch|p2a: Grimmsnarl|Grimmsnarl, M, shiny|100/100
|move|p1a: Tornadus|Bleakwind Storm|p2a: Grimmsnarl
|-damage|p2a: Grimmsnarl|34/100
|
|upkeep
|turn|6
|
|t:|1769302509
|switch|p1a: Excadrill|Excadrill, M, shiny|100/100
|move|p2a: Grimmsnarl|Thunder Wave|p1a: Excadrill
|-immune|p1a: Excadrill
|
|upkeep
|turn|7
|
|t:|1769302518
|move|p2a: Grimmsnarl|Reflect|p2a: Grimmsnarl
|-sidestart|p2: acidosis|Reflect
|move|p1a: Excadrill|Earthquake|p2a: Grimmsnarl
|-damage|p2a: Grimmsnarl|9/100
|
|upkeep
|turn|8
|
|t:|1769302522
|switch|p1a: Tyranitar|Tyranitar, M, shiny|100/100
|-weather|Sandstorm|[from] ability: Sand Stream|[of] p1a: Tyranitar
|move|p2a: Grimmsnarl|Light Screen|p2a: Grimmsnarl
|-sidestart|p2: acidosis|move: Light Screen
|
|-weather|Sandstorm|[upkeep]
|-damage|p2a: Grimmsnarl|3/100|[from] Sandstorm
|upkeep
|turn|9
|
|t:|1769302529
|switch|p2a: Manaphy|Manaphy, shiny|100/100
|move|p1a: Tyranitar|Knock Off|p2a: Manaphy
|-damage|p2a: Manaphy|57/100
|-enditem|p2a: Manaphy|Blunder Policy|[from] move: Knock Off|[of] p1a: Tyranitar
|
|-weather|Sandstorm|[upkeep]
|-damage|p2a: Manaphy|50/100|[from] Sandstorm
|upkeep
|turn|10
|
|t:|1769302537
|switch|p1a: Tornadus|Tornadus-Therian, M, shiny|100/100
|move|p2a: Manaphy|Hydro Pump|p1a: Tornadus
|-damage|p1a: Tornadus|39/100
|
|-weather|Sandstorm|[upkeep]
|-damage|p1a: Tornadus|33/100|[from] Sandstorm
|-damage|p2a: Manaphy|44/100|[from] Sandstorm
|upkeep
|turn|11
|
|t:|1769302543
|-terastallize|p1a: Tornadus|Flying
|move|p1a: Tornadus|Bleakwind Storm|p2a: Manaphy|[miss]
|-miss|p1a: Tornadus|p2a: Manaphy
|move|p2a: Manaphy|Hydro Pump|p1a: Tornadus
|-damage|p1a: Tornadus|0 fnt
|faint|p1a: Tornadus
|
|-weather|Sandstorm|[upkeep]
|-damage|p2a: Manaphy|38/100|[from] Sandstorm
|upkeep
|
|t:|1769302546
|switch|p1a: Excadrill|Excadrill, M, shiny|100/100
|turn|12
|
|t:|1769302548
|move|p1a: Excadrill|Earthquake|p2a: Manaphy
|-damage|p2a: Manaphy|10/100
|move|p2a: Manaphy|Hydro Pump|p1a: Excadrill
|-supereffective|p1a: Excadrill
|-damage|p1a: Excadrill|0 fnt
|faint|p1a: Excadrill
|
|-weather|none
|upkeep
|-message|ferrydiscs forfeited.
|
|win|acidosis
|raw|ferrydiscs's rating: 1493 &rarr; <strong>1471</strong><br />(-22 for losing)
|raw|acidosis's rating: 1450 &rarr; <strong>1472</strong><br />(+22 for winning)
|l|☆ferrydiscs
|player|p1|
