|j|☆zong200
|j|☆spunder_policy
|t:|1769319374
|gametype|singles
|player|p1|zong200|iono-masters|1732
|player|p2|spunder_policy|169|1787
|gen|9
|tier|[Gen 9] OU
|rated|
|rule|HP Percentage Mod: HP is shown in percentages
|rule|Endless Battle Clause: Forcing endless battles is banned
|rule|Species Clause: Limit one of each Pokémon
|rule|OHKO Clause: OHKO moves are banned
|rule|Evasion Items Clause: Evasion items are banned
|rule|Evasion Moves Clause: Evasion moves are banned
|rule|Evasion Abilities Clause: Evasion abilities are banned
|rule|Sleep Moves Clause: Sleep-inducing moves are banned
|clearpoke
|poke|p1|Ribombee, F|
|poke|p1|Gholdengo|
|poke|p1|Iron Moth|
|poke|p1|Kingambit, M|
|poke|p1|Manaphy|
|poke|p1|Great Tusk|
|poke|p2|Zoroark-Hisui, F|
|poke|p2|Mesprit|
|poke|p2|Alomomola, M|
|poke|p2|Goodra-Hisui, F|
|poke|p2|Thundurus, M|
|poke|p2|Blaziken, M|
|teampreview
|inactive|Battle timer is ON: inactive players will automatically lose when time's up. (requested by spunder_policy)
|
|t:|1769319397
|teamsize|p1|6
|teamsize|p2|6
|start
|switch|p1a: Ribombee|Ribombee, F|100/100
|switch|p2a: Mesprit|Mesprit|100/100
|turn|1
|
|t:|1769319400
|move|p1a: Ribombee|Sticky Web|p2a: Mesprit
|-sidestart|p2: spunder_policy|move: Sticky Web
|move|p2a: Mesprit|Stealth Rock|p1a: Ribombee
|-sidestart|p1: zong200|move: Stealth Rock
|
|upkeep
|turn|2
|
|t:|1769319404
|switch|p2a: Thundurus|Thundurus, M|100/100
|move|p1a: Ribombee|Skill Swap|p2a: Thundurus
|-activate|p1a: Ribombee|move: Skill Swap|Prankster|Shield Dust|[of] p2a: Thundurus
|
|upkeep
|turn|3
|
|t:|1769319408
|move|p1a: Ribombee|Moonblast|p2a: Thundurus
|-damage|p2a: Thundurus|59/100
|move|p2a: Thundurus|Thunder Wave|p1a: Ribombee
|-status|p1a: Ribombee|par
|
|upkeep
|turn|4
|
|t:|1769319416
|move|p2a: Thundurus|Tera Blast|p1a: Ribombee
|-damage|p1a: Ribombee|65/100 par
|move|p1a: Ribombee|Moonblast|p2a: Thundurus
|-damage|p2a: Thundurus|14/100
|
|upkeep
|turn|5
|
|t:|1769319423
|move|p1a: Ribombee|Reflect|p1a: Ribombee
|-sidestart|p1: zong200|Reflect
|move|p2a: Thundurus|Volt Switch|p1a: Ribombee
|-damage|p1a: Ribombee|10/100 par
|
|t:|1769319429
|switch|p2a: Alomomola|Alomomola, M|100/100|[from] Volt Switch
|
|upkeep
|turn|6
|
|t:|1769319434
|cant|p1a: Ribombee|par
|move|p2a: Alomomola|Wish|p2a: Alomomola
|
|upkeep
|turn|7
|
|t:|1769319438
|cant|p1a: Ribombee|par
|move|p2a: Alomomola|Flip Turn|p1a: Ribombee
|-damage|p1a: Ribombee|0 fnt
|faint|p1a: Ribombee
|
|t:|1769319440
|switch|p2a: Thundurus|Thundurus, M|14/100|[from] Flip Turn
|
|-heal|p2a: Thundurus|88/100|[from] move: Wish|[wisher] Alomomola
|upkeep
|j| iamfrhaan007
|
|t:|1769319451
|switch|p1a: Gholdengo|Gholdengo|100/100
|-damage|p1a: Gholdengo|94/100|[from] Stealth Rock
|turn|8
|
|t:|1769319459
|move|p2a: Thundurus|Volt Switch|p1a: Gholdengo
|-damage|p1a: Gholdengo|61/100
|
|t:|1769319461
|switch|p2a: Mesprit|Mesprit|100/100|[from] Volt Switch
|move|p1a: Gholdengo|Shadow Ball|p2a: Mesprit
|-immune|p2a: Mesprit
|
|upkeep
|turn|9
|
|t:|1769319467
|switch|p1a: Kingambit|Kingambit, M|100/100
|-damage|p1a: Kingambit|94/100|[from] Stealth Rock
|-activate|p1a: Kingambit|ability: Supreme Overlord
|-start|p1a: Kingambit|fallen1|[silent]
|-item|p1a: Kingambit|Air Balloon
|move|p2a: Mesprit|Hex|p1a: Kingambit
|-resisted|p1a: Kingambit
|-damage|p1a: Kingambit|77/100
|-enditem|p1a: Kingambit|Air Balloon
|
|-sideend|p1: zong200|Reflect
|upkeep
|turn|10
|
|t:|1769319473
|-terastallize|p2a: Mesprit|Fighting
|move|p2a: Mesprit|Tera Blast|p1a: Kingambit|[anim] Tera Blast Fighting
|-supereffective|p1a: Kingambit
|-damage|p1a: Kingambit|0 fnt
|faint|p1a: Kingambit
|-end|p1a: Kingambit|fallen1|[silent]
|
|upkeep
|
|t:|1769319481
|switch|p1a: Iron Moth|Iron Moth|100/100
|-damage|p1a: Iron Moth|76/100|[from] Stealth Rock
|-enditem|p1a: Iron Moth|Booster Energy
|-activate|p1a: Iron Moth|ability: Quark Drive|[fromitem]
|-start|p1a: Iron Moth|quarkdrivespa
|turn|11
|
|t:|1769319494
|switch|p2a: Blaziken|Blaziken, M|100/100
|move|p1a: Iron Moth|Fiery Dance|p2a: Blaziken
|-resisted|p2a: Blaziken
|-damage|p2a: Blaziken|53/100
|-boost|p1a: Iron Moth|spa|1
|
|upkeep
|turn|12
|
|t:|1769319509
|move|p2a: Blaziken|Protect|p2a: Blaziken
|-singleturn|p2a: Blaziken|Protect
|move|p1a: Iron Moth|Fiery Dance|p2a: Blaziken
|-activate|p2a: Blaziken|move: Protect
|
|-ability|p2a: Blaziken|Speed Boost|boost
|-boost|p2a: Blaziken|spe|1
|upkeep
|turn|13
|
|t:|1769319514
|move|p2a: Blaziken|Earthquake|p1a: Iron Moth
|-supereffective|p1a: Iron Moth
|-damage|p1a: Iron Moth|0 fnt
|faint|p1a: Iron Moth
|-end|p1a: Iron Moth|Quark Drive|[silent]
|
|-ability|p2a: Blaziken|Speed Boost|boost
|-boost|p2a: Blaziken|spe|1
|upkeep
|
|t:|1769319520
|switch|p1a: Great Tusk|Great Tusk|100/100
|-damage|p1a: Great Tusk|97/100|[from] Stealth Rock
|-enditem|p1a: Great Tusk|Booster Energy
|-activate|p1a: Great Tusk|ability: Protosynthesis|[fromitem]
|-start|p1a: Great Tusk|protosynthesisatk
|turn|14
|
|t:|1769319528
|move|p2a: Blaziken|Overheat|p1a: Great Tusk
|-damage|p1a: Great Tusk|0 fnt
|-unboost|p2a: Blaziken|spa|2
|faint|p1a: Great Tusk
|-end|p1a: Great Tusk|Protosynthesis|[silent]
|
|-ability|p2a: Blaziken|Speed Boost|boost
|-boost|p2a: Blaziken|spe|1
|upkeep
|
|t:|1769319531
|switch|p1a: Manaphy|Manaphy|100/100
|-damage|p1a: Manaphy|88/100|[from] Stealth Rock
|turn|15
|
|t:|1769319535
|move|p2a: Blaziken|U-turn|p1a: Manaphy
|-damage|p1a: Manaphy|67/100
|
|t:|1769319536
|switch|p2a: Thundurus|Thundurus, M|88/100|[from] U-turn
|move|p1a: Manaphy|Surf|p2a: Thundurus
|-damage|p2a: Thundurus|39/100
|
|-heal|p1a: Manaphy|74/100|[from] item: Leftovers
|upkeep
|turn|16
|j| MakX70
|
|t:|1769319562
|move|p2a: Thundurus|Volt Switch|p1a: Manaphy
|-supereffective|p1a: Manaphy
|-damage|p1a: Manaphy|11/100
|
|t:|1769319565
|switch|p2a: Alomomola|Alomomola, M|100/100|[from] Volt Switch
|move|p1a: Manaphy|Surf|p2a: Alomomola
|-resisted|p2a: Alomomola
|-damage|p2a: Alomomola|87/100
|
|-heal|p1a: Manaphy|18/100|[from] item: Leftovers
|upkeep
|turn|17
|inactive|zong200 has 120 seconds left.
|
|t:|1769319591
|move|p1a: Manaphy|Tail Glow|p1a: Manaphy
|-boost|p1a: Manaphy|spa|3
|move|p2a: Alomomola|Flip Turn|p1a: Manaphy
|-resisted|p1a: Manaphy
|-damage|p1a: Manaphy|9/100
|
|t:|1769319594
|switch|p2a: Blaziken|Blaziken, M|53/100|[from] Flip Turn
|
|-heal|p1a: Manaphy|15/100|[from] item: Leftovers
|upkeep
|turn|18
|
|t:|1769319598
|move|p2a: Blaziken|Protect|p2a: Blaziken
|-singleturn|p2a: Blaziken|Protect
|move|p1a: Manaphy|Surf|p2a: Blaziken
|-activate|p2a: Blaziken|move: Protect
|
|-heal|p1a: Manaphy|21/100|[from] item: Leftovers
|-ability|p2a: Blaziken|Speed Boost|boost
|-boost|p2a: Blaziken|spe|1
|upkeep
|turn|19
|
|t:|1769319601
|move|p2a: Blaziken|Earthquake|p1a: Manaphy
|-damage|p1a: Manaphy|0 fnt
|faint|p1a: Manaphy
|
|-ability|p2a: Blaziken|Speed Boost|boost
|-boost|p2a: Blaziken|spe|1
|upkeep
|
|t:|1769319602
|switch|p1a: Gholdengo|Gholdengo|61/100
|-damage|p1a: Gholdengo|55/100|[from] Stealth Rock
|turn|20
|
|t:|1769319607
|-terastallize|p1a: Gholdengo|Steel
|move|p2a: Blaziken|Overheat|p1a: Gholdengo
|-supereffective|p1a: Gholdengo
|-damage|p1a: Gholdengo|0 fnt
|-unboost|p2a: Blaziken|spa|2
|faint|p1a: Gholdengo
|
|win|spunder_policy
|raw|zong200's rating: 1732 &rarr; <strong>1715</strong><br />(-17 for losing)
|raw|spunder_policy's rating: 1787 &rarr; <strong>1804</strong><br />(+17 for winning)
|l| MakX70
|l|☆zong200
|player|p1|
|l|☆spunder_policy
|player|p2|
|l| iamfrhaan007
