|j|☆Swaglord03
|j|☆valiums
|t:|1769403953
|gametype|singles
|player|p1|Swaglord03|brock|1354
|player|p2|valiums|iono-masters2|1444
|gen|9
|tier|[Gen 9] OU
|rated|
|rule|HP Percentage Mod: HP is shown in percentages
|rule|Endless Battle Clause: Forcing endless battles is banned
|rule|Species Clause: Limit one of each Pokémon
|rule|OHKO Clause: OHKO moves are banned
|rule|Evasion Items Clause: Evasion items are banned
|rule|Evasion Moves Clause: Evasion moves are banned
|rule|Evasion Abilities Clause: Evasion abilities are banned
|rule|Sleep Moves Clause: Sleep-inducing moves are banned
|clearpoke
|poke|p1|Pecharunt|
|poke|p1|Garganacl, M|
|poke|p1|Gliscor, M|
|poke|p1|Ting-Lu|
|poke|p1|Iron Treads|
|poke|p1|Weezing-Galar, M|
|poke|p2|Pecharunt|
|poke|p2|Hatterene, F|
|poke|p2|Rillaboom, F|
|poke|p2|Ceruledge, F|
|poke|p2|Iron Treads|
|poke|p2|Araquanid, F|
|teampreview
|inactive|Battle timer is ON: inactive players will automatically lose when time's up. (requested by Swaglord03)
|inactive|valiums has 120 seconds left.
|
|t:|1769403985
|teamsize|p1|6
|teamsize|p2|6
|start
|switch|p1a: Ting-Lu|Ting-Lu|100/100
|switch|p2a: Araquanid|Araquanid, F, shiny|100/100
|-ability|p1a: Ting-Lu|Vessel of Ruin
|turn|1
|inactive|valiums has 120 seconds left.
|
|t:|1769404033
|move|p1a: Ting-Lu|Stone Edge|p2a: Araquanid
|-supereffective|p2a: Araquanid
|-damage|p2a: Araquanid|0 fnt
|faint|p2a: Araquanid
|
|upkeep
|
|t:|1769404040
|switch|p2a: Rillaboom|Rillaboom, F, shiny|100/100
|-fieldstart|move: Grassy Terrain|[from] ability: Grassy Surge|[of] p2a: Rillaboom
|turn|2
|
|t:|1769404059
|switch|p1a: Weezing|Weezing-Galar, M|100/100
|-ability|p1a: Weezing|Neutralizing Gas
|move|p2a: Rillaboom|Low Kick|p1a: Weezing
|-resisted|p1a: Weezing
|-damage|p1a: Weezing|98/100
|-damage|p2a: Rillaboom|84/100|[from] item: Rocky Helmet|[of] p1a: Weezing
|
|-heal|p2a: Rillaboom|90/100|[from] Grassy Terrain
|-heal|p1a: Weezing|100/100|[from] Grassy Terrain
|upkeep
|turn|3
|
|t:|1769404071
|switch|p2a: Pecharunt|Pecharunt|100/100
|move|p1a: Weezing|Fire Blast|p2a: Pecharunt
|-damage|p2a: Pecharunt|79/100
|
|-heal|p2a: Pecharunt|85/100|[from] Grassy Terrain
|upkeep
|turn|4
|
|t:|1769404080
|-end|p1a: Weezing|ability: Neutralizing Gas
|switch|p1a: Gliscor|Gliscor, M|100/100
|move|p2a: Pecharunt|Parting Shot|p1a: Gliscor
|-unboost|p1a: Gliscor|atk|1
|-unboost|p1a: Gliscor|spa|1
|inactive|valiums has 90 seconds left.
|
|t:|1769404109
|switch|p2a: Hatterene|Hatterene, F, shiny|100/100|[from] Parting Shot
|-enditem|p2a: Hatterene|Grassy Seed
|-boost|p2a: Hatterene|def|1|[from] item: Grassy Seed
|
|-status|p1a: Gliscor|tox|[from] item: Toxic Orb
|upkeep
|turn|5
|
|t:|1769404119
|switch|p1a: Garganacl|Garganacl, M|100/100
|move|p2a: Hatterene|Calm Mind|p2a: Hatterene
|-boost|p2a: Hatterene|spa|1
|-boost|p2a: Hatterene|spd|1
|
|upkeep
|turn|6
|inactive|valiums has 90 seconds left.
|
|t:|1769404146
|move|p2a: Hatterene|Calm Mind|p2a: Hatterene
|-boost|p2a: Hatterene|spa|1
|-boost|p2a: Hatterene|spd|1
|move|p1a: Garganacl|Salt Cure|p2a: Hatterene
|-damage|p2a: Hatterene|93/100
|-start|p2a: Hatterene|Salt Cure
|
|-heal|p2a: Hatterene|99/100|[from] Grassy Terrain
|-damage|p2a: Hatterene|87/100|[from] Salt Cure
|-fieldend|move: Grassy Terrain
|upkeep
|turn|7
|inactive|valiums has 90 seconds left.
|
|t:|1769404159
|switch|p1a: Pecharunt|Pecharunt|100/100
|move|p2a: Hatterene|Draining Kiss|p1a: Pecharunt
|-resisted|p1a: Pecharunt
|-damage|p1a: Pecharunt|77/100
|-heal|p2a: Hatterene|100/100|[from] drain|[of] p1a: Pecharunt
|
|-heal|p1a: Pecharunt|83/100|[from] item: Leftovers
|-damage|p2a: Hatterene|88/100|[from] Salt Cure
|upkeep
|turn|8
|
|t:|1769404170
|-terastallize|p2a: Hatterene|Water
|move|p1a: Pecharunt|Malignant Chain|p2a: Hatterene
|-damage|p2a: Hatterene|67/100
|-status|p2a: Hatterene|tox
|-start|p2a: Hatterene|confusion|[from] ability: Poison Puppeteer|[of] p1a: Pecharunt
|-activate|p2a: Hatterene|confusion
|move|p2a: Hatterene|Stored Power|p1a: Pecharunt
|-supereffective|p1a: Pecharunt
|-damage|p1a: Pecharunt|0 fnt
|faint|p1a: Pecharunt
|
|-damage|p2a: Hatterene|61/100 tox|[from] psn
|-damage|p2a: Hatterene|36/100 tox|[from] Salt Cure
|upkeep
|
|t:|1769404176
|switch|p1a: Gliscor|Gliscor, M|100/100 tox
|turn|9
|inactive|valiums has 90 seconds left.
|
|t:|1769404208
|move|p1a: Gliscor|Protect|p1a: Gliscor
|-singleturn|p1a: Gliscor|Protect
|-activate|p2a: Hatterene|confusion
|move|p2a: Hatterene|Draining Kiss|p1a: Gliscor
|-activate|p1a: Gliscor|move: Protect
|
|-damage|p2a: Hatterene|24/100 tox|[from] psn
|-damage|p2a: Hatterene|0 fnt|[from] Salt Cure
|faint|p2a: Hatterene
|upkeep
|
|t:|1769404215
|switch|p2a: Pecharunt|Pecharunt|85/100
|turn|10
|
|t:|1769404220
|move|p1a: Gliscor|Swords Dance|p1a: Gliscor
|-boost|p1a: Gliscor|atk|2
|move|p2a: Pecharunt|Parting Shot|p1a: Gliscor
|-unboost|p1a: Gliscor|atk|1
|-unboost|p1a: Gliscor|spa|1
|inactive|valiums has 90 seconds left.
|
|t:|1769404254
|switch|p2a: Rillaboom|Rillaboom, F, shiny|90/100|[from] Parting Shot
|-fieldstart|move: Grassy Terrain|[from] ability: Grassy Surge|[of] p2a: Rillaboom
|
|-heal|p2a: Rillaboom|96/100|[from] Grassy Terrain
|upkeep
|turn|11
|
|t:|1769404262
|switch|p1a: Weezing|Weezing-Galar, M|100/100
|-ability|p1a: Weezing|Neutralizing Gas
|move|p2a: Rillaboom|U-turn|p1a: Weezing
|-resisted|p1a: Weezing
|-damage|p1a: Weezing|95/100
|-damage|p2a: Rillaboom|80/100|[from] item: Rocky Helmet|[of] p1a: Weezing
|
|t:|1769404267
|switch|p2a: Ceruledge|Ceruledge, F, shiny|100/100|[from] U-turn
|
|-heal|p1a: Weezing|100/100|[from] Grassy Terrain
|upkeep
|turn|12
|
|t:|1769404278
|switch|p2a: Iron Treads|Iron Treads|100/100
|-end|p1a: Weezing|ability: Neutralizing Gas
|switch|p1a: Garganacl|Garganacl, M|100/100
|-enditem|p2a: Iron Treads|Booster Energy
|-activate|p2a: Iron Treads|ability: Quark Drive|[fromitem]
|-start|p2a: Iron Treads|quarkdrivespe
|
|upkeep
|turn|13
|
|t:|1769404292
|move|p2a: Iron Treads|Steel Roller|p1a: Garganacl
|-supereffective|p1a: Garganacl
|-damage|p1a: Garganacl|21/100
|-fieldend|move: Grassy Terrain
|move|p1a: Garganacl|Body Press|p2a: Iron Treads
|-supereffective|p2a: Iron Treads
|-crit|p2a: Iron Treads
|-damage|p2a: Iron Treads|33/100
|
|upkeep
|turn|14
|
|t:|1769404300
|switch|p1a: Gliscor|Gliscor, M|100/100 tox
|move|p2a: Iron Treads|Ice Spinner|p1a: Gliscor
|-supereffective|p1a: Gliscor
|-damage|p1a: Gliscor|6/100 tox
|
|-heal|p1a: Gliscor|18/100 tox|[from] ability: Poison Heal
|upkeep
|turn|15
|
|t:|1769404309
|move|p1a: Gliscor|Protect|p1a: Gliscor
|-singleturn|p1a: Gliscor|Protect
|move|p2a: Iron Treads|Ice Spinner|p1a: Gliscor
|-activate|p1a: Gliscor|move: Protect
|
|-heal|p1a: Gliscor|30/100 tox|[from] ability: Poison Heal
|upkeep
|turn|16
|
|t:|1769404313
|move|p2a: Iron Treads|Earthquake|p1a: Gliscor
|-immune|p1a: Gliscor
|move|p1a: Gliscor|Earthquake|p2a: Iron Treads
|-supereffective|p2a: Iron Treads
|-damage|p2a: Iron Treads|0 fnt
|faint|p2a: Iron Treads
|-end|p2a: Iron Treads|Quark Drive|[silent]
|
|-heal|p1a: Gliscor|43/100 tox|[from] ability: Poison Heal
|upkeep
|
|t:|1769404318
|switch|p2a: Rillaboom|Rillaboom, F, shiny|80/100
|-fieldstart|move: Grassy Terrain|[from] ability: Grassy Surge|[of] p2a: Rillaboom
|turn|17
|
|t:|1769404321
|move|p1a: Gliscor|Protect|p1a: Gliscor
|-singleturn|p1a: Gliscor|Protect
|move|p2a: Rillaboom|Knock Off|p1a: Gliscor
|-activate|p1a: Gliscor|move: Protect
|
|-heal|p2a: Rillaboom|86/100|[from] Grassy Terrain
|-heal|p1a: Gliscor|55/100 tox|[from] ability: Poison Heal
|upkeep
|turn|18
|
|t:|1769404326
|switch|p1a: Weezing|Weezing-Galar, M|100/100
|-ability|p1a: Weezing|Neutralizing Gas
|switch|p2a: Ceruledge|Ceruledge, F, shiny|100/100
|
|upkeep
|turn|19
|
|t:|1769404331
|move|p2a: Ceruledge|Bitter Blade|p1a: Weezing
|-damage|p1a: Weezing|62/100
|-damage|p2a: Ceruledge|84/100|[from] item: Rocky Helmet|[of] p1a: Weezing
|move|p1a: Weezing|Strange Steam|p2a: Ceruledge
|-resisted|p2a: Ceruledge
|-crit|p2a: Ceruledge
|-damage|p2a: Ceruledge|61/100
|
|-heal|p2a: Ceruledge|67/100|[from] Grassy Terrain
|-heal|p1a: Weezing|68/100|[from] Grassy Terrain
|upkeep
|turn|20
|
|t:|1769404349
|move|p2a: Ceruledge|Bitter Blade|p1a: Weezing
|-damage|p1a: Weezing|30/100
|-heal|p2a: Ceruledge|90/100|[from] drain|[of] p1a: Weezing
|-damage|p2a: Ceruledge|73/100|[from] item: Rocky Helmet|[of] p1a: Weezing
|move|p1a: Weezing|Strange Steam|p2a: Ceruledge
|-resisted|p2a: Ceruledge
|-damage|p2a: Ceruledge|58/100
|-start|p2a: Ceruledge|confusion
|
|-heal|p2a: Ceruledge|64/100|[from] Grassy Terrain
|-heal|p1a: Weezing|36/100|[from] Grassy Terrain
|upkeep
|turn|21
|
|t:|1769404363
|-end|p1a: Weezing|ability: Neutralizing Gas
|switch|p1a: Garganacl|Garganacl, M|21/100
|-activate|p2a: Ceruledge|confusion
|-damage|p2a: Ceruledge|43/100|[from] confusion
|
|-heal|p2a: Ceruledge|49/100|[from] Grassy Terrain
|-heal|p1a: Garganacl|27/100|[from] Grassy Terrain
|-fieldend|move: Grassy Terrain
|upkeep
|turn|22
|
|t:|1769404369
|-activate|p2a: Ceruledge|confusion
|move|p2a: Ceruledge|Close Combat|p1a: Garganacl
|-supereffective|p1a: Garganacl
|-damage|p1a: Garganacl|0 fnt
|-unboost|p2a: Ceruledge|def|1
|-unboost|p2a: Ceruledge|spd|1
|faint|p1a: Garganacl
|
|upkeep
|
|t:|1769404384
|switch|p1a: Gliscor|Gliscor, M|55/100 tox
|turn|23
|
|t:|1769404408
|switch|p2a: Rillaboom|Rillaboom, F, shiny|86/100
|-fieldstart|move: Grassy Terrain|[from] ability: Grassy Surge|[of] p2a: Rillaboom
|move|p1a: Gliscor|Swords Dance|p1a: Gliscor
|-boost|p1a: Gliscor|atk|2
|
|-heal|p2a: Rillaboom|92/100|[from] Grassy Terrain
|-heal|p1a: Gliscor|68/100 tox|[from] ability: Poison Heal
|upkeep
|turn|24
|
|t:|1769404412
|move|p1a: Gliscor|Protect|p1a: Gliscor
|-singleturn|p1a: Gliscor|Protect
|move|p2a: Rillaboom|Grassy Glide|p1a: Gliscor
|-activate|p1a: Gliscor|move: Protect
|
|-heal|p2a: Rillaboom|98/100|[from] Grassy Terrain
|-heal|p1a: Gliscor|80/100 tox|[from] ability: Poison Heal
|upkeep
|turn|25
|
|t:|1769404417
|-terastallize|p1a: Gliscor|Fairy
|move|p1a: Gliscor|Tera Blast|p2a: Rillaboom|[anim] Tera Blast Fairy
|-damage|p2a: Rillaboom|38/100
|move|p2a: Rillaboom|Knock Off|p1a: Gliscor
|-resisted|p1a: Gliscor
|-crit|p1a: Gliscor
|-damage|p1a: Gliscor|54/100 tox
|-enditem|p1a: Gliscor|Toxic Orb|[from] move: Knock Off|[of] p2a: Rillaboom
|
|-heal|p1a: Gliscor|60/100 tox|[from] Grassy Terrain
|-heal|p2a: Rillaboom|44/100|[from] Grassy Terrain
|-heal|p1a: Gliscor|73/100 tox|[from] ability: Poison Heal
|upkeep
|turn|26
|
|t:|1769404435
|move|p1a: Gliscor|Protect|p1a: Gliscor
|-singleturn|p1a: Gliscor|Protect
|move|p2a: Rillaboom|Grassy Glide|p1a: Gliscor
|-activate|p1a: Gliscor|move: Protect
|
|-heal|p1a: Gliscor|79/100 tox|[from] Grassy Terrain
|-heal|p2a: Rillaboom|50/100|[from] Grassy Terrain
|-heal|p1a: Gliscor|91/100 tox|[from] ability: Poison Heal
|upkeep
|turn|27
|
|t:|1769404454
|move|p2a: Rillaboom|Grassy Glide|p1a: Gliscor
|-damage|p1a: Gliscor|53/100 tox
|move|p1a: Gliscor|Tera Blast|p2a: Rillaboom|[anim] Tera Blast Fairy
|-damage|p2a: Rillaboom|0 fnt
|faint|p2a: Rillaboom
|
|-heal|p1a: Gliscor|59/100 tox|[from] Grassy Terrain
|-heal|p1a: Gliscor|71/100 tox|[from] ability: Poison Heal
|-fieldend|move: Grassy Terrain
|upkeep
|inactive|valiums has 120 seconds left.
|
|t:|1769404480
|switch|p2a: Pecharunt|Pecharunt|85/100
|turn|28
|inactive|valiums has 120 seconds left.
|
|t:|1769404486
|move|p1a: Gliscor|Protect|p1a: Gliscor
|-singleturn|p1a: Gliscor|Protect
|move|p2a: Pecharunt|Malignant Chain|p1a: Gliscor
|-activate|p1a: Gliscor|move: Protect
|
|-heal|p1a: Gliscor|84/100 tox|[from] ability: Poison Heal
|upkeep
|turn|29
|
|t:|1769404491
|move|p1a: Gliscor|Earthquake|p2a: Pecharunt
|-supereffective|p2a: Pecharunt
|-damage|p2a: Pecharunt|0 fnt
|faint|p2a: Pecharunt
|
|-heal|p1a: Gliscor|96/100 tox|[from] ability: Poison Heal
|upkeep
|c|☆valiums|gg
|-message|valiums forfeited.
|
|win|Swaglord03
|raw|Swaglord03's rating: 1354 &rarr; <strong>1379</strong><br />(+25 for winning)
|raw|valiums's rating: 1444 &rarr; <strong>1419</strong><br />(-25 for losing)
|l|☆valiums
|player|p2|
|l|☆Swaglord03
|player|p1|
