|j|☆BIGBODY55
|j|☆DonEsquere
|t:|1769298750
|gametype|singles
|player|p1|BIGBODY55|thorton|1178
|player|p2|DonEsquere|guitarist-gen4|1230
|gen|9
|tier|[Gen 9] OU
|rated|
|rule|HP Percentage Mod: HP is shown in percentages
|rule|Endless Battle Clause: Forcing endless battles is banned
|rule|Species Clause: Limit one of each Pokémon
|rule|OHKO Clause: OHKO moves are banned
|rule|Evasion Items Clause: Evasion items are banned
|rule|Evasion Moves Clause: Evasion moves are banned
|rule|Evasion Abilities Clause: Evasion abilities are banned
|rule|Sleep Moves Clause: Sleep-inducing moves are banned
|clearpoke
|poke|p1|Gogoat, M|
|poke|p1|Zarude|
|poke|p1|Rillaboom, F|
|poke|p1|Kingambit, F|
|poke|p1|Hawlucha, M|
|poke|p1|Iron Moth|
|poke|p2|Primarina, F|
|poke|p2|Rillaboom, M|
|poke|p2|Skeledirge, M|
|poke|p2|Noivern, M|
|poke|p2|Toxtricity, F|
|poke|p2|Scream Tail|
|teampreview
|
|t:|1769298764
|teamsize|p1|6
|teamsize|p2|6
|start
|switch|p1a: Rillaboom|Rillaboom, F|100/100
|switch|p2a: P!nkPinkBoom|Scream Tail|100/100
|-fieldstart|move: Grassy Terrain|[from] ability: Grassy Surge|[of] p1a: Rillaboom
|-enditem|p2a: P!nkPinkBoom|Booster Energy
|-activate|p2a: P!nkPinkBoom|ability: Protosynthesis|[fromitem]
|-start|p2a: P!nkPinkBoom|protosynthesisspe
|turn|1
|
|t:|1769298773
|move|p2a: P!nkPinkBoom|Stealth Rock|p1a: Rillaboom
|-sidestart|p1: BIGBODY55|move: Stealth Rock
|move|p1a: Rillaboom|Wood Hammer|p2a: P!nkPinkBoom
|-damage|p2a: P!nkPinkBoom|26/100
|-damage|p1a: Rillaboom|74/100|[from] Recoil
|
|-heal|p2a: P!nkPinkBoom|33/100|[from] Grassy Terrain
|-heal|p1a: Rillaboom|80/100|[from] Grassy Terrain
|upkeep
|turn|2
|
|t:|1769298782
|-end|p2a: P!nkPinkBoom|Protosynthesis|[silent]
|switch|p2a: BlueTooth|Noivern, M|100/100
|-item|p1a: Rillaboom|Terrain Extender|[from] ability: Frisk|[of] p2a: BlueTooth
|move|p1a: Rillaboom|Knock Off|p2a: BlueTooth
|-damage|p2a: BlueTooth|53/100
|-enditem|p2a: BlueTooth|Heavy-Duty Boots|[from] move: Knock Off|[of] p1a: Rillaboom
|
|-heal|p1a: Rillaboom|87/100|[from] Grassy Terrain
|upkeep
|turn|3
|
|t:|1769298794
|switch|p1a: Hawlucha|Hawlucha, M|100/100
|-damage|p1a: Hawlucha|88/100|[from] Stealth Rock
|-enditem|p1a: Hawlucha|Grassy Seed
|-boost|p1a: Hawlucha|def|1|[from] item: Grassy Seed
|move|p2a: BlueTooth|U-turn|p1a: Hawlucha
|-resisted|p1a: Hawlucha
|-damage|p1a: Hawlucha|86/100
|inactive|Battle timer is ON: inactive players will automatically lose when time's up. (requested by BIGBODY55)
|
|t:|1769298803
|switch|p2a: El Cantador|Skeledirge, M|100/100|[from] U-turn
|
|upkeep
|turn|4
|
|t:|1769298815
|move|p1a: Hawlucha|Acrobatics|p2a: El Cantador
|-damage|p2a: El Cantador|60/100
|move|p2a: El Cantador|Will-O-Wisp|p1a: Hawlucha
|-status|p1a: Hawlucha|brn
|
|-heal|p2a: El Cantador|66/100|[from] Grassy Terrain
|-damage|p1a: Hawlucha|80/100 brn|[from] brn
|upkeep
|turn|5
|
|t:|1769298831
|switch|p2a: Primarina|Primarina, F|100/100
|move|p1a: Hawlucha|Defog|p2a: Primarina
|-unboost|p2a: Primarina|evasion|1
|-sideend|p1: BIGBODY55|Stealth Rock|[from] move: Defog|[of] p1a: Hawlucha
|-fieldend|move: Grassy Terrain
|
|-damage|p1a: Hawlucha|74/100 brn|[from] brn
|upkeep
|turn|6
|
|t:|1769298838
|switch|p1a: Rillaboom|Rillaboom, F|87/100
|-fieldstart|move: Grassy Terrain|[from] ability: Grassy Surge|[of] p1a: Rillaboom
|move|p2a: Primarina|Calm Mind|p2a: Primarina
|-boost|p2a: Primarina|spa|1
|-boost|p2a: Primarina|spd|1
|
|-heal|p1a: Rillaboom|93/100|[from] Grassy Terrain
|upkeep
|turn|7
|
|t:|1769298856
|switch|p2a: P!nkPinkBoom|Scream Tail|33/100
|move|p1a: Rillaboom|Wood Hammer|p2a: P!nkPinkBoom
|-damage|p2a: P!nkPinkBoom|0 fnt
|faint|p2a: P!nkPinkBoom
|-end|p2a: P!nkPinkBoom|Protosynthesis|[silent]
|-damage|p1a: Rillaboom|81/100|[from] Recoil
|
|-heal|p1a: Rillaboom|88/100|[from] Grassy Terrain
|upkeep
|
|t:|1769298862
|switch|p2a: El Cantador|Skeledirge, M|66/100
|turn|8
|
|t:|1769298871
|switch|p2a: BlueTooth|Noivern, M|53/100
|-item|p1a: Rillaboom|Terrain Extender|[from] ability: Frisk|[of] p2a: BlueTooth
|move|p1a: Rillaboom|Knock Off|p2a: BlueTooth
|-damage|p2a: BlueTooth|19/100
|
|-heal|p1a: Rillaboom|94/100|[from] Grassy Terrain
|upkeep
|turn|9
|
|t:|1769298881
|move|p1a: Rillaboom|Grassy Glide|p2a: BlueTooth
|-resisted|p2a: BlueTooth
|-damage|p2a: BlueTooth|7/100
|move|p2a: BlueTooth|Draco Meteor|p1a: Rillaboom
|-damage|p1a: Rillaboom|35/100
|-unboost|p2a: BlueTooth|spa|2
|
|-heal|p1a: Rillaboom|41/100|[from] Grassy Terrain
|upkeep
|turn|10
|
|t:|1769298890
|move|p1a: Rillaboom|Grassy Glide|p2a: BlueTooth
|-resisted|p2a: BlueTooth
|-damage|p2a: BlueTooth|0 fnt
|faint|p2a: BlueTooth
|
|-heal|p1a: Rillaboom|47/100|[from] Grassy Terrain
|upkeep
|
|t:|1769298893
|switch|p2a: Iggy Pop|Toxtricity, F|100/100
|turn|11
|
|t:|1769298906
|switch|p1a: Gogoat|Gogoat, M|100/100
|move|p2a: Iggy Pop|Boomburst|p1a: Gogoat
|-damage|p1a: Gogoat|45/100
|
|-heal|p1a: Gogoat|51/100|[from] Grassy Terrain
|upkeep
|turn|12
|
|t:|1769298917
|move|p2a: Iggy Pop|Boomburst|p1a: Gogoat
|-damage|p1a: Gogoat|0 fnt
|faint|p1a: Gogoat
|
|upkeep
|
|t:|1769298936
|switch|p1a: Kingambit|Kingambit, F, shiny|100/100
|-activate|p1a: Kingambit|ability: Supreme Overlord
|-start|p1a: Kingambit|fallen1|[silent]
|turn|13
|
|t:|1769298949
|move|p2a: Iggy Pop|Boomburst|p1a: Kingambit
|-resisted|p1a: Kingambit
|-damage|p1a: Kingambit|58/100
|move|p1a: Kingambit|Iron Head|p2a: Iggy Pop
|-resisted|p2a: Iggy Pop
|-damage|p2a: Iggy Pop|61/100
|
|-heal|p2a: Iggy Pop|68/100|[from] Grassy Terrain
|-heal|p1a: Kingambit|64/100|[from] Grassy Terrain
|-fieldend|move: Grassy Terrain
|upkeep
|turn|14
|
|t:|1769298957
|move|p1a: Kingambit|Sucker Punch|p2a: Iggy Pop
|-damage|p2a: Iggy Pop|0 fnt
|faint|p2a: Iggy Pop
|
|upkeep
|
|t:|1769298961
|switch|p2a: El Cantador|Skeledirge, M|66/100
|turn|15
|
|t:|1769298983
|-end|p1a: Kingambit|fallen1|[silent]
|switch|p1a: Hawlucha|Hawlucha, M|74/100 brn
|move|p2a: El Cantador|Will-O-Wisp|p1a: Hawlucha
|-fail|p1a: Hawlucha|brn
|
|-damage|p1a: Hawlucha|67/100 brn|[from] brn
|upkeep
|turn|16
|inactive|BIGBODY55 has 120 seconds left.
|
|t:|1769299008
|switch|p1a: Rillaboom|Rillaboom, F|47/100
|-fieldstart|move: Grassy Terrain|[from] ability: Grassy Surge|[of] p1a: Rillaboom
|move|p2a: El Cantador|Torch Song|p1a: Rillaboom
|-supereffective|p1a: Rillaboom
|-damage|p1a: Rillaboom|0 fnt
|-boost|p2a: El Cantador|spa|1
|faint|p1a: Rillaboom
|
|-heal|p2a: El Cantador|72/100|[from] Grassy Terrain
|upkeep
|inactive|BIGBODY55 has 120 seconds left.
|
|t:|1769299015
|switch|p1a: Zarude|Zarude|100/100
|turn|17
|
|t:|1769299030
|move|p1a: Zarude|Knock Off|p2a: El Cantador
|-supereffective|p2a: El Cantador
|-damage|p2a: El Cantador|0 fnt
|-enditem|p2a: El Cantador|Heavy-Duty Boots|[from] move: Knock Off|[of] p1a: Zarude
|faint|p2a: El Cantador
|
|upkeep
|
|t:|1769299033
|switch|p2a: Gorillaz|Rillaboom, M|100/100
|turn|18
|
|t:|1769299041
|switch|p1a: Hawlucha|Hawlucha, M|67/100 brn
|move|p2a: Gorillaz|U-turn|p1a: Hawlucha
|-resisted|p1a: Hawlucha
|-damage|p1a: Hawlucha|54/100 brn
|
|t:|1769299046
|switch|p2a: Primarina|Primarina, F|100/100|[from] U-turn
|
|-damage|p1a: Hawlucha|48/100 brn|[from] brn
|upkeep
|turn|19
|
|t:|1769299054
|move|p1a: Hawlucha|Acrobatics|p2a: Primarina
|-damage|p2a: Primarina|64/100
|move|p2a: Primarina|Calm Mind|p2a: Primarina
|-boost|p2a: Primarina|spa|1
|-boost|p2a: Primarina|spd|1
|
|-heal|p2a: Primarina|70/100|[from] Grassy Terrain
|-heal|p2a: Primarina|77/100|[from] item: Leftovers
|-damage|p1a: Hawlucha|42/100 brn|[from] brn
|upkeep
|turn|20
|
|t:|1769299058
|move|p1a: Hawlucha|Acrobatics|p2a: Primarina
|-crit|p2a: Primarina
|-damage|p2a: Primarina|29/100
|move|p2a: Primarina|Moonblast|p1a: Hawlucha
|-supereffective|p1a: Hawlucha
|-damage|p1a: Hawlucha|0 fnt
|faint|p1a: Hawlucha
|
|-heal|p2a: Primarina|35/100|[from] Grassy Terrain
|-heal|p2a: Primarina|42/100|[from] item: Leftovers
|upkeep
|
|t:|1769299065
|switch|p1a: Zarude|Zarude|100/100
|turn|21
|
|t:|1769299071
|-terastallize|p2a: Primarina|Steel
|move|p1a: Zarude|Power Whip|p2a: Primarina
|-resisted|p2a: Primarina
|-damage|p2a: Primarina|0 fnt
|faint|p2a: Primarina
|
|upkeep
|
|t:|1769299075
|switch|p2a: Gorillaz|Rillaboom, M|100/100
|turn|22
|
|t:|1769299081
|-terastallize|p1a: Zarude|Fire
|move|p1a: Zarude|Knock Off|p2a: Gorillaz
|-damage|p2a: Gorillaz|52/100
|-enditem|p2a: Gorillaz|Choice Band|[from] move: Knock Off|[of] p1a: Zarude
|move|p2a: Gorillaz|U-turn|p1a: Zarude
|-resisted|p1a: Zarude
|-damage|p1a: Zarude|88/100
|
|-heal|p1a: Zarude|94/100|[from] Grassy Terrain
|-heal|p1a: Zarude|100/100|[from] item: Leftovers
|-heal|p2a: Gorillaz|58/100|[from] Grassy Terrain
|upkeep
|turn|23
|
|t:|1769299087
|move|p1a: Zarude|Swords Dance|p1a: Zarude
|-boost|p1a: Zarude|atk|2
|move|p2a: Gorillaz|High Horsepower|p1a: Zarude
|-supereffective|p1a: Zarude
|-damage|p1a: Zarude|37/100
|
|-heal|p1a: Zarude|43/100|[from] Grassy Terrain
|-heal|p1a: Zarude|49/100|[from] item: Leftovers
|-heal|p2a: Gorillaz|64/100|[from] Grassy Terrain
|-fieldend|move: Grassy Terrain
|upkeep
|turn|24
|
|t:|1769299097
|move|p1a: Zarude|Knock Off|p2a: Gorillaz
|-damage|p2a: Gorillaz|0 fnt
|faint|p2a: Gorillaz
|
|win|BIGBODY55
|raw|BIGBODY55's rating: 1178 &rarr; <strong>1207</strong><br />(+29 for winning)
|raw|DonEsquere's rating: 1230 &rarr; <strong>1201</strong><br />(-29 for losing)
|l|☆DonEsquere
|player|p2|
|c|☆BIGBODY55|Gg
|l|☆BIGBODY55
|player|p1|
