|j|☆tiscus biscus
|j|☆keltxu
|t:|1769432662
|gametype|singles
|player|p1|tiscus biscus|266|1341
|player|p2|keltxu|1|1378
|gen|9
|tier|[Gen 9] OU
|rated|
|rule|HP Percentage Mod: HP is shown in percentages
|rule|Endless Battle Clause: Forcing endless battles is banned
|rule|Species Clause: Limit one of each Pokémon
|rule|OHKO Clause: OHKO moves are banned
|rule|Evasion Items Clause: Evasion items are banned
|rule|Evasion Moves Clause: Evasion moves are banned
|rule|Evasion Abilities Clause: Evasion abilities are banned
|rule|Sleep Moves Clause: Sleep-inducing moves are banned
|clearpoke
|poke|p1|Breloom, M|
|poke|p1|Gholdengo|
|poke|p1|Landorus-Therian, M|
|poke|p1|Iron Hands|
|poke|p1|Clefable, F|
|poke|p1|Cinderace, F|
|poke|p2|Slowking, F|
|poke|p2|Porygon2|
|poke|p2|Glastrier|
|poke|p2|Kingambit, M|
|poke|p2|Landorus-Therian, M|
|poke|p2|Torkoal, F|
|teampreview
|inactive|Battle timer is ON: inactive players will automatically lose when time's up. (requested by tiscus biscus)
|
|t:|1769432689
|teamsize|p1|6
|teamsize|p2|6
|start
|switch|p1a: Breloom|Breloom, M|100/100
|switch|p2a: Landorus|Landorus-Therian, M|100/100
|-ability|p2a: Landorus|Intimidate|boost
|-unboost|p1a: Breloom|atk|1
|turn|1
|
|t:|1769432692
|move|p2a: Landorus|U-turn|p1a: Breloom
|-damage|p1a: Breloom|83/100
|
|t:|1769432697
|switch|p2a: Porygon2|Porygon2|100/100|[from] U-turn
|-ability|p2a: Porygon2|Poison Heal|Trace|[from] ability: Trace|[of] p1a: Breloom
|move|p1a: Breloom|Substitute|p1a: Breloom
|-start|p1a: Breloom|Substitute
|-damage|p1a: Breloom|58/100
|
|-status|p1a: Breloom|tox|[from] item: Toxic Orb
|upkeep
|turn|2
|
|t:|1769432708
|move|p1a: Breloom|Toxic|p2a: Porygon2|[miss]
|-miss|p1a: Breloom|p2a: Porygon2
|move|p2a: Porygon2|Ice Beam|p1a: Breloom
|-supereffective|p1a: Breloom
|-end|p1a: Breloom|Substitute
|
|-heal|p1a: Breloom|70/100 tox|[from] ability: Poison Heal
|upkeep
|turn|3
|
|t:|1769432720
|move|p1a: Breloom|Substitute|p1a: Breloom
|-start|p1a: Breloom|Substitute
|-damage|p1a: Breloom|45/100 tox
|move|p2a: Porygon2|Ice Beam|p1a: Breloom
|-supereffective|p1a: Breloom
|-end|p1a: Breloom|Substitute
|
|-heal|p1a: Breloom|58/100 tox|[from] ability: Poison Heal
|upkeep
|turn|4
|
|t:|1769432726
|move|p1a: Breloom|Substitute|p1a: Breloom
|-start|p1a: Breloom|Substitute
|-damage|p1a: Breloom|33/100 tox
|move|p2a: Porygon2|Ice Beam|p1a: Breloom
|-supereffective|p1a: Breloom
|-end|p1a: Breloom|Substitute
|
|-heal|p1a: Breloom|45/100 tox|[from] ability: Poison Heal
|upkeep
|turn|5
|
|t:|1769432734
|-terastallize|p1a: Breloom|Steel
|move|p1a: Breloom|Substitute|p1a: Breloom
|-start|p1a: Breloom|Substitute
|-damage|p1a: Breloom|21/100 tox
|move|p2a: Porygon2|Ice Beam|p1a: Breloom
|-resisted|p1a: Breloom
|-activate|p1a: Breloom|move: Substitute|[damage]
|
|-heal|p1a: Breloom|33/100 tox|[from] ability: Poison Heal
|upkeep
|turn|6
|
|t:|1769432745
|move|p1a: Breloom|Leech Seed|p2a: Porygon2
|-start|p2a: Porygon2|move: Leech Seed
|move|p2a: Porygon2|Tri Attack|p1a: Breloom
|-resisted|p1a: Breloom
|-end|p1a: Breloom|Substitute
|
|-damage|p2a: Porygon2|88/100|[from] Leech Seed|[of] p1a: Breloom
|-heal|p1a: Breloom|47/100 tox|[silent]
|-heal|p1a: Breloom|60/100 tox|[from] ability: Poison Heal
|upkeep
|turn|7
|
|t:|1769432751
|switch|p2a: Landorus|Landorus-Therian, M|100/100
|-ability|p2a: Landorus|Intimidate|boost
|-unboost|p1a: Breloom|atk|1
|move|p1a: Breloom|Substitute|p1a: Breloom
|-start|p1a: Breloom|Substitute
|-damage|p1a: Breloom|35/100 tox
|
|-heal|p1a: Breloom|47/100 tox|[from] ability: Poison Heal
|upkeep
|turn|8
|
|t:|1769432754
|move|p2a: Landorus|Earthquake|p1a: Breloom
|-supereffective|p1a: Breloom
|-end|p1a: Breloom|Substitute
|move|p1a: Breloom|Leech Seed|p2a: Landorus
|-start|p2a: Landorus|move: Leech Seed
|
|-damage|p2a: Landorus|88/100|[from] Leech Seed|[of] p1a: Breloom
|-heal|p1a: Breloom|62/100 tox|[silent]
|-heal|p1a: Breloom|74/100 tox|[from] ability: Poison Heal
|upkeep
|turn|9
|
|t:|1769432759
|switch|p1a: Landorus|Landorus-Therian, M|100/100
|-ability|p1a: Landorus|Intimidate|boost
|-unboost|p2a: Landorus|atk|1
|move|p2a: Landorus|Earthquake|p1a: Landorus
|-immune|p1a: Landorus
|
|-damage|p2a: Landorus|76/100|[from] Leech Seed|[of] p1a: Landorus
|upkeep
|turn|10
|
|t:|1769432766
|move|p1a: Landorus|Stealth Rock|p2a: Landorus
|-sidestart|p2: keltxu|move: Stealth Rock
|move|p2a: Landorus|U-turn|p1a: Landorus
|-resisted|p1a: Landorus
|-damage|p1a: Landorus|92/100
|
|t:|1769432769
|switch|p2a: Porygon2|Porygon2|88/100|[from] U-turn
|-damage|p2a: Porygon2|76/100|[from] Stealth Rock
|-ability|p2a: Porygon2|Intimidate|Trace|[from] ability: Trace|[of] p1a: Landorus
|-ability|p2a: Porygon2|Intimidate|boost
|-unboost|p1a: Landorus|atk|1
|
|-heal|p1a: Landorus|98/100|[from] item: Leftovers
|upkeep
|turn|11
|
|t:|1769432774
|move|p1a: Landorus|U-turn|p2a: Porygon2
|-damage|p2a: Porygon2|65/100
|
|t:|1769432776
|switch|p1a: Breloom|Breloom, M, tera:Steel|74/100 tox|[from] U-turn
|move|p2a: Porygon2|Trick Room|p2a: Porygon2
|-fieldstart|move: Trick Room|[of] p2a: Porygon2
|
|-heal|p1a: Breloom|87/100 tox|[from] ability: Poison Heal
|upkeep
|turn|12
|
|t:|1769432782
|switch|p2a: Torkoal|Torkoal, F|100/100
|-weather|SunnyDay|[from] ability: Drought|[of] p2a: Torkoal
|move|p1a: Breloom|Substitute|p1a: Breloom
|-start|p1a: Breloom|Substitute
|-damage|p1a: Breloom|62/100 tox
|
|-weather|SunnyDay|[upkeep]
|-heal|p1a: Breloom|74/100 tox|[from] ability: Poison Heal
|upkeep
|turn|13
|
|t:|1769432788
|move|p2a: Torkoal|Eruption|p1a: Breloom
|-supereffective|p1a: Breloom
|-crit|p1a: Breloom
|-end|p1a: Breloom|Substitute
|move|p1a: Breloom|Toxic|p2a: Torkoal
|-status|p2a: Torkoal|tox
|
|-weather|SunnyDay|[upkeep]
|-damage|p2a: Torkoal|94/100 tox|[from] psn
|-heal|p1a: Breloom|87/100 tox|[from] ability: Poison Heal
|upkeep
|turn|14
|
|t:|1769432799
|switch|p1a: Clefable|Clefable, F|100/100
|move|p2a: Torkoal|Eruption|p1a: Clefable
|-damage|p1a: Clefable|30/100
|
|-weather|SunnyDay|[upkeep]
|-heal|p1a: Clefable|37/100|[from] item: Leftovers
|-damage|p2a: Torkoal|82/100 tox|[from] psn
|upkeep
|turn|15
|
|t:|1769432805
|move|p2a: Torkoal|Eruption|p1a: Clefable
|-damage|p1a: Clefable|0 fnt
|faint|p1a: Clefable
|
|-weather|SunnyDay|[upkeep]
|-damage|p2a: Torkoal|64/100 tox|[from] psn
|-fieldend|move: Trick Room
|upkeep
|
|t:|1769432809
|switch|p1a: Breloom|Breloom, M, tera:Steel|87/100 tox
|turn|16
|
|t:|1769432815
|move|p1a: Breloom|Substitute|p1a: Breloom
|-start|p1a: Breloom|Substitute
|-damage|p1a: Breloom|62/100 tox
|move|p2a: Torkoal|Rapid Spin|p1a: Breloom
|-resisted|p1a: Breloom
|-activate|p1a: Breloom|move: Substitute|[damage]
|-sideend|p2: keltxu|Stealth Rock|[from] move: Rapid Spin|[of] p2a: Torkoal
|-boost|p2a: Torkoal|spe|1
|
|-weather|none
|-heal|p1a: Breloom|74/100 tox|[from] ability: Poison Heal
|-damage|p2a: Torkoal|39/100 tox|[from] psn
|upkeep
|turn|17
|
|t:|1769432828
|switch|p2a: Kingambit|Kingambit, M|100/100
|move|p1a: Breloom|Leech Seed|p2a: Kingambit
|-start|p2a: Kingambit|move: Leech Seed
|
|-damage|p2a: Kingambit|88/100|[from] Leech Seed|[of] p1a: Breloom
|-heal|p1a: Breloom|90/100 tox|[silent]
|-heal|p1a: Breloom|100/100 tox|[from] ability: Poison Heal
|upkeep
|turn|18
|
|t:|1769432844
|-end|p2a: Kingambit|fallenundefined|[silent]
|switch|p2a: Slowking|Slowking, F|100/100
|move|p1a: Breloom|Drain Punch|p2a: Slowking
|-resisted|p2a: Slowking
|-damage|p2a: Slowking|84/100
|
|upkeep
|turn|19
|
|t:|1769432856
|switch|p2a: Landorus|Landorus-Therian, M|76/100
|-ability|p2a: Landorus|Intimidate|boost
|-immune|p1a: Breloom
|move|p1a: Breloom|Toxic|p2a: Landorus
|-status|p2a: Landorus|tox
|
|-damage|p2a: Landorus|70/100 tox|[from] psn
|upkeep
|turn|20
|
|t:|1769432863
|move|p2a: Landorus|Earthquake|p1a: Breloom
|-supereffective|p1a: Breloom
|-end|p1a: Breloom|Substitute
|move|p1a: Breloom|Substitute|p1a: Breloom
|-start|p1a: Breloom|Substitute
|-damage|p1a: Breloom|76/100 tox
|
|-damage|p2a: Landorus|58/100 tox|[from] psn
|-heal|p1a: Breloom|88/100 tox|[from] ability: Poison Heal
|upkeep
|turn|21
|
|t:|1769432868
|switch|p1a: Landorus|Landorus-Therian, M|98/100
|-ability|p1a: Landorus|Intimidate|boost
|-unboost|p2a: Landorus|atk|1
|move|p2a: Landorus|Earthquake|p1a: Landorus
|-immune|p1a: Landorus
|
|-heal|p1a: Landorus|100/100|[from] item: Leftovers
|-damage|p2a: Landorus|40/100 tox|[from] psn
|upkeep
|turn|22
|
|t:|1769432879
|move|p1a: Landorus|U-turn|p2a: Landorus
|-resisted|p2a: Landorus
|-damage|p2a: Landorus|28/100 tox
|
|t:|1769432885
|switch|p1a: Breloom|Breloom, M, tera:Steel|88/100 tox|[from] U-turn
|move|p2a: Landorus|Earthquake|p1a: Breloom
|-supereffective|p1a: Breloom
|-damage|p1a: Breloom|34/100 tox
|
|-damage|p2a: Landorus|4/100 tox|[from] psn
|-heal|p1a: Breloom|47/100 tox|[from] ability: Poison Heal
|upkeep
|turn|23
|
|t:|1769432904
|switch|p2a: Porygon2|Porygon2|65/100
|-ability|p2a: Porygon2|Poison Heal|Trace|[from] ability: Trace|[of] p1a: Breloom
|switch|p1a: Landorus|Landorus-Therian, M|100/100
|-ability|p1a: Landorus|Intimidate|boost
|-unboost|p2a: Porygon2|atk|1
|
|upkeep
|turn|24
|
|t:|1769432914
|move|p1a: Landorus|U-turn|p2a: Porygon2
|-damage|p2a: Porygon2|49/100
|
|t:|1769432918
|switch|p1a: Breloom|Breloom, M, tera:Steel|47/100 tox|[from] U-turn
|move|p2a: Porygon2|Trick Room|p2a: Porygon2
|-fieldstart|move: Trick Room|[of] p2a: Porygon2
|
|-heal|p1a: Breloom|59/100 tox|[from] ability: Poison Heal
|upkeep
|turn|25
|
|t:|1769432928
|switch|p2a: Glastrier|Glastrier|100/100
|move|p1a: Breloom|Leech Seed|p2a: Glastrier|[miss]
|-miss|p1a: Breloom|p2a: Glastrier
|
|-heal|p1a: Breloom|71/100 tox|[from] ability: Poison Heal
|upkeep
|turn|26
|
|t:|1769432937
|move|p2a: Glastrier|High Horsepower|p1a: Breloom
|-supereffective|p1a: Breloom
|-damage|p1a: Breloom|5/100 tox
|move|p1a: Breloom|Leech Seed|p2a: Glastrier
|-start|p2a: Glastrier|move: Leech Seed
|
|-damage|p2a: Glastrier|88/100|[from] Leech Seed|[of] p1a: Breloom
|-heal|p1a: Breloom|20/100 tox|[silent]
|-heal|p1a: Breloom|32/100 tox|[from] ability: Poison Heal
|upkeep
|turn|27
|
|t:|1769432947
|switch|p1a: Iron Hands|Iron Hands|100/100
|move|p2a: Glastrier|High Horsepower|p1a: Iron Hands
|-supereffective|p1a: Iron Hands
|-damage|p1a: Iron Hands|55/100
|
|-heal|p2a: Glastrier|94/100|[from] item: Leftovers
|-damage|p2a: Glastrier|82/100|[from] Leech Seed|[of] p1a: Iron Hands
|-heal|p1a: Iron Hands|65/100|[silent]
|upkeep
|turn|28
|
|t:|1769432957
|switch|p2a: Landorus|Landorus-Therian, M|4/100 tox
|-ability|p2a: Landorus|Intimidate|boost
|-unboost|p1a: Iron Hands|atk|1
|move|p1a: Iron Hands|Heavy Slam|p2a: Landorus
|-damage|p2a: Landorus|0 fnt
|faint|p2a: Landorus
|
|-fieldend|move: Trick Room
|upkeep
|
|t:|1769432964
|switch|p2a: Slowking|Slowking, F|100/100
|turn|29
|
|t:|1769432967
|move|p1a: Iron Hands|Wild Charge|p2a: Slowking
|-supereffective|p2a: Slowking
|-damage|p2a: Slowking|25/100
|-damage|p1a: Iron Hands|50/100|[from] Recoil
|move|p2a: Slowking|Trick Room|p2a: Slowking
|-fieldstart|move: Trick Room|[of] p2a: Slowking
|
|upkeep
|turn|30
|
|t:|1769432979
|move|p2a: Slowking|Future Sight|p1a: Iron Hands
|-start|p2a: Slowking|move: Future Sight
|move|p1a: Iron Hands|Wild Charge|p2a: Slowking
|-supereffective|p2a: Slowking
|-damage|p2a: Slowking|0 fnt
|faint|p2a: Slowking
|-damage|p1a: Iron Hands|46/100|[from] Recoil
|
|upkeep
|
|t:|1769432982
|switch|p2a: Glastrier|Glastrier|82/100
|turn|31
|
|t:|1769432986
|-end|p1a: Iron Hands|Quark Drive|[silent]
|switch|p1a: Landorus|Landorus-Therian, M|100/100
|-ability|p1a: Landorus|Intimidate|boost
|-unboost|p2a: Glastrier|atk|1
|move|p2a: Glastrier|High Horsepower|p1a: Landorus
|-immune|p1a: Landorus
|
|-heal|p2a: Glastrier|88/100|[from] item: Leftovers
|upkeep
|turn|32
|
|t:|1769432995
|switch|p1a: Iron Hands|Iron Hands|46/100
|move|p2a: Glastrier|Icicle Crash|p1a: Iron Hands
|-damage|p1a: Iron Hands|23/100
|
|-end|p1a: Iron Hands|move: Future Sight
|-supereffective|p1a: Iron Hands
|-damage|p1a: Iron Hands|0 fnt
|faint|p1a: Iron Hands
|-end|p1a: Iron Hands|Quark Drive|[silent]
|-heal|p2a: Glastrier|94/100|[from] item: Leftovers
|upkeep
|
|t:|1769433004
|switch|p1a: Landorus|Landorus-Therian, M|100/100
|-ability|p1a: Landorus|Intimidate|boost
|-unboost|p2a: Glastrier|atk|1
|turn|33
|
|t:|1769433012
|switch|p1a: Gholdengo|Gholdengo|100/100
|move|p2a: Glastrier|Icicle Crash|p1a: Gholdengo
|-resisted|p1a: Gholdengo
|-damage|p1a: Gholdengo|87/100
|
|-heal|p2a: Glastrier|100/100|[from] item: Leftovers
|-heal|p1a: Gholdengo|93/100|[from] item: Leftovers
|-fieldend|move: Trick Room
|upkeep
|turn|34
|
|t:|1769433020
|switch|p2a: Kingambit|Kingambit, M|88/100
|-activate|p2a: Kingambit|ability: Supreme Overlord
|-start|p2a: Kingambit|fallen2|[silent]
|move|p1a: Gholdengo|Make It Rain|p2a: Kingambit
|-resisted|p2a: Kingambit
|-damage|p2a: Kingambit|55/100
|-unboost|p1a: Gholdengo|spa|1
|
|-heal|p1a: Gholdengo|99/100|[from] item: Leftovers
|upkeep
|turn|35
|
|t:|1769433037
|switch|p1a: Landorus|Landorus-Therian, M|100/100
|-ability|p1a: Landorus|Intimidate|boost
|-unboost|p2a: Kingambit|atk|1
|move|p2a: Kingambit|Swords Dance|p2a: Kingambit
|-boost|p2a: Kingambit|atk|2
|
|upkeep
|turn|36
|
|t:|1769433045
|-terastallize|p2a: Kingambit|Dark
|move|p1a: Landorus|Earthquake|p2a: Kingambit
|-damage|p2a: Kingambit|12/100
|move|p2a: Kingambit|Swords Dance|p2a: Kingambit
|-boost|p2a: Kingambit|atk|2
|
|upkeep
|turn|37
|
|t:|1769433052
|move|p2a: Kingambit|Sucker Punch|p1a: Landorus
|-damage|p1a: Landorus|0 fnt
|faint|p1a: Landorus
|
|upkeep
|
|t:|1769433056
|switch|p1a: Cinderace|Cinderace, F|100/100
|turn|38
|
|t:|1769433059
|move|p1a: Cinderace|Sucker Punch|p2a: Kingambit
|-start|p1a: Cinderace|typechange|Dark|[from] ability: Libero
|-resisted|p2a: Kingambit
|-damage|p2a: Kingambit|1/100
|move|p2a: Kingambit|Sucker Punch||[still]
|-fail|p2a: Kingambit
|
|upkeep
|turn|39
|
|t:|1769433070
|move|p2a: Kingambit|Sucker Punch|p1a: Cinderace
|-resisted|p1a: Cinderace
|-damage|p1a: Cinderace|0 fnt
|faint|p1a: Cinderace
|
|upkeep
|
|t:|1769433076
|switch|p1a: Breloom|Breloom, M, tera:Steel|32/100 tox
|turn|40
|
|t:|1769433081
|move|p1a: Breloom|Substitute|p1a: Breloom
|-start|p1a: Breloom|Substitute
|-damage|p1a: Breloom|8/100 tox
|move|p2a: Kingambit|Kowtow Cleave|p1a: Breloom
|-end|p1a: Breloom|Substitute
|
|-heal|p1a: Breloom|20/100 tox|[from] ability: Poison Heal
|upkeep
|turn|41
|
|t:|1769433095
|move|p1a: Breloom|Leech Seed|p2a: Kingambit
|-start|p2a: Kingambit|move: Leech Seed
|move|p2a: Kingambit|Kowtow Cleave|p1a: Breloom
|-damage|p1a: Breloom|0 fnt
|faint|p1a: Breloom
|
|upkeep
|
|t:|1769433100
|switch|p1a: Gholdengo|Gholdengo|99/100
|turn|42
|
|t:|1769433106
|move|p2a: Kingambit|Sucker Punch||[still]
|-fail|p2a: Kingambit
|move|p1a: Gholdengo|Nasty Plot|p1a: Gholdengo
|-boost|p1a: Gholdengo|spa|2
|
|-heal|p1a: Gholdengo|100/100|[from] item: Leftovers
|-damage|p2a: Kingambit|0 fnt|[from] Leech Seed|[of] p1a: Gholdengo
|faint|p2a: Kingambit
|-end|p2a: Kingambit|fallen2|[silent]
|upkeep
|
|t:|1769433118
|switch|p2a: Glastrier|Glastrier|100/100
|turn|43
|
|t:|1769433122
|move|p1a: Gholdengo|Make It Rain|p2a: Glastrier
|-supereffective|p2a: Glastrier
|-damage|p2a: Glastrier|0 fnt
|-unboost|p1a: Gholdengo|spa|1
|faint|p2a: Glastrier
|
|upkeep
|
|t:|1769433127
|switch|p2a: Porygon2|Porygon2|49/100
|-ability|p2a: Porygon2|Good as Gold|Trace|[from] ability: Trace|[of] p1a: Gholdengo
|turn|44
|
|t:|1769433133
|move|p1a: Gholdengo|Make It Rain|p2a: Porygon2
|-damage|p2a: Porygon2|0 fnt
|-unboost|p1a: Gholdengo|spa|1
|faint|p2a: Porygon2
|
|upkeep
|
|t:|1769433137
|switch|p2a: Torkoal|Torkoal, F|39/100 tox
|-weather|SunnyDay|[from] ability: Drought|[of] p2a: Torkoal
|turn|45
|
|t:|1769433140
|move|p1a: Gholdengo|Shadow Ball|p2a: Torkoal
|-damage|p2a: Torkoal|0 fnt
|faint|p2a: Torkoal
|
|win|tiscus biscus
|raw|tiscus biscus's rating: 1341 &rarr; <strong>1363</strong><br />(+22 for winning)
|raw|keltxu's rating: 1378 &rarr; <strong>1356</strong><br />(-22 for losing)
|l|☆keltxu
|player|p2|
|c|☆tiscus biscus|Gg
|l|☆tiscus biscus
|player|p1|
