|j|☆lolcano46
|j|☆kingofdondons
|t:|1769301085
|gametype|singles
|player|p1|lolcano46|fisherman-gen4|1554
|player|p2|kingofdondons|skyla|1540
|gen|9
|tier|[Gen 9] OU
|rated|
|rule|HP Percentage Mod: HP is shown in percentages
|rule|Endless Battle Clause: Forcing endless battles is banned
|rule|Species Clause: Limit one of each Pokémon
|rule|OHKO Clause: OHKO moves are banned
|rule|Evasion Items Clause: Evasion items are banned
|rule|Evasion Moves Clause: Evasion moves are banned
|rule|Evasion Abilities Clause: Evasion abilities are banned
|rule|Sleep Moves Clause: Sleep-inducing moves are banned
|clearpoke
|poke|p1|Azelf|
|poke|p1|Ogerpon-Wellspring, F|
|poke|p1|Scizor, M|
|poke|p1|Gengar, M|
|poke|p1|Raging Bolt|
|poke|p1|Cinderace, F|
|poke|p2|Dragonite, M|
|poke|p2|Ting-Lu|
|poke|p2|Iron Moth|
|poke|p2|Iron Valiant|
|poke|p2|Kyurem|
|poke|p2|Gholdengo|
|teampreview
|inactive|Battle timer is ON: inactive players will automatically lose when time's up. (requested by kingofdondons)
|inactive|lolcano46 also wants the timer to be on.
|
|t:|1769301092
|teamsize|p1|6
|teamsize|p2|6
|start
|switch|p1a: Gengar|Gengar, M|100/100
|switch|p2a: Kyurem|Kyurem|100/100
|-ability|p2a: Kyurem|Pressure
|turn|1
|
|t:|1769301102
|move|p1a: Gengar|Trick|p2a: Kyurem
|-activate|p1a: Gengar|move: Trick|[of] p2a: Kyurem
|-item|p2a: Kyurem|Choice Scarf|[from] move: Trick
|-item|p1a: Gengar|Loaded Dice|[from] move: Trick
|move|p2a: Kyurem|Icicle Spear|p1a: Gengar
|-damage|p1a: Gengar|74/100
|-damage|p1a: Gengar|44/100
|-start|p2a: Kyurem|Disable|Icicle Spear|[from] ability: Cursed Body|[of] p1a: Gengar
|-hitcount|p1a: Gengar|2
|
|upkeep
|turn|2
|
|t:|1769301114
|switch|p2a: Ting-Lu|Ting-Lu|100/100
|-ability|p2a: Ting-Lu|Vessel of Ruin
|move|p1a: Gengar|Thunder Wave|p2a: Ting-Lu
|-immune|p2a: Ting-Lu
|
|upkeep
|turn|3
|
|t:|1769301116
|move|p1a: Gengar|Trick|p2a: Ting-Lu
|-activate|p1a: Gengar|move: Trick|[of] p2a: Ting-Lu
|-item|p2a: Ting-Lu|Loaded Dice|[from] move: Trick
|-item|p1a: Gengar|Rocky Helmet|[from] move: Trick
|move|p2a: Ting-Lu|Earthquake|p1a: Gengar
|-supereffective|p1a: Gengar
|-damage|p1a: Gengar|0 fnt
|-start|p2a: Ting-Lu|Disable|Earthquake|[from] ability: Cursed Body|[of] p1a: Gengar
|faint|p1a: Gengar
|
|upkeep
|
|t:|1769301124
|switch|p1a: Raging Bolt|Raging Bolt|100/100
|-enditem|p1a: Raging Bolt|Booster Energy
|-activate|p1a: Raging Bolt|ability: Protosynthesis|[fromitem]
|-start|p1a: Raging Bolt|protosynthesisspa
|turn|4
|
|t:|1769301129
|move|p1a: Raging Bolt|Calm Mind|p1a: Raging Bolt
|-boost|p1a: Raging Bolt|spa|1
|-boost|p1a: Raging Bolt|spd|1
|move|p2a: Ting-Lu|Ruination|p1a: Raging Bolt
|-damage|p1a: Raging Bolt|50/100
|
|upkeep
|turn|5
|
|t:|1769301132
|move|p1a: Raging Bolt|Dragon Pulse|p2a: Ting-Lu
|-damage|p2a: Ting-Lu|40/100
|move|p2a: Ting-Lu|Taunt|p1a: Raging Bolt
|-start|p1a: Raging Bolt|move: Taunt
|
|upkeep
|turn|6
|
|t:|1769301139
|move|p1a: Raging Bolt|Thunderbolt|p2a: Ting-Lu
|-immune|p2a: Ting-Lu
|move|p2a: Ting-Lu|Stealth Rock|p1a: Raging Bolt
|-sidestart|p1: lolcano46|move: Stealth Rock
|
|-end|p2a: Ting-Lu|Disable
|upkeep
|turn|7
|
|t:|1769301141
|move|p1a: Raging Bolt|Dragon Pulse|p2a: Ting-Lu
|-damage|p2a: Ting-Lu|0 fnt
|faint|p2a: Ting-Lu
|
|upkeep
|
|t:|1769301153
|switch|p2a: Kyurem|Kyurem|100/100
|-ability|p2a: Kyurem|Pressure
|turn|8
|
|t:|1769301164
|-terastallize|p1a: Raging Bolt|Fairy
|move|p2a: Kyurem|Icicle Spear|p1a: Raging Bolt
|-damage|p1a: Raging Bolt|38/100
|-crit|p1a: Raging Bolt
|-damage|p1a: Raging Bolt|18/100
|-crit|p1a: Raging Bolt
|-damage|p1a: Raging Bolt|0 fnt
|faint|p1a: Raging Bolt
|-end|p1a: Raging Bolt|Protosynthesis|[silent]
|-hitcount|p1: Raging Bolt|3
|
|upkeep
|
|t:|1769301171
|switch|p1a: Cinderace|Cinderace, F|100/100
|turn|9
|
|t:|1769301175
|switch|p2a: Iron Moth|Iron Moth|100/100
|-enditem|p2a: Iron Moth|Booster Energy
|-activate|p2a: Iron Moth|ability: Quark Drive|[fromitem]
|-start|p2a: Iron Moth|quarkdrivespe
|move|p1a: Cinderace|Will-O-Wisp|p2a: Iron Moth
|-immune|p2a: Iron Moth
|
|upkeep
|turn|10
|
|t:|1769301180
|move|p2a: Iron Moth|Fiery Dance|p1a: Cinderace
|-resisted|p1a: Cinderace
|-damage|p1a: Cinderace|73/100
|move|p1a: Cinderace|Pyro Ball|p2a: Iron Moth
|-resisted|p2a: Iron Moth
|-damage|p2a: Iron Moth|58/100
|
|upkeep
|turn|11
|
|t:|1769301190
|move|p2a: Iron Moth|Sludge Wave|p1a: Cinderace
|-damage|p1a: Cinderace|3/100
|move|p1a: Cinderace|Pyro Ball|p2a: Iron Moth
|-resisted|p2a: Iron Moth
|-damage|p2a: Iron Moth|20/100
|
|upkeep
|turn|12
|
|t:|1769301195
|move|p1a: Cinderace|Sucker Punch|p2a: Iron Moth
|-start|p1a: Cinderace|typechange|Dark|[from] ability: Libero
|-damage|p2a: Iron Moth|0 fnt
|faint|p2a: Iron Moth
|-end|p2a: Iron Moth|Quark Drive|[silent]
|
|upkeep
|
|t:|1769301207
|switch|p2a: Kyurem|Kyurem|100/100
|-ability|p2a: Kyurem|Pressure
|turn|13
|
|t:|1769301210
|move|p1a: Cinderace|Sucker Punch|p2a: Kyurem
|-damage|p2a: Kyurem|67/100
|move|p2a: Kyurem|Icicle Spear|p1a: Cinderace
|-damage|p1a: Cinderace|0 fnt
|faint|p1a: Cinderace
|-hitcount|p1: Cinderace|1
|
|upkeep
|
|t:|1769301214
|switch|p1a: Scizor|Scizor, M|100/100
|-damage|p1a: Scizor|88/100|[from] Stealth Rock
|turn|14
|
|t:|1769301221
|move|p2a: Kyurem|Icicle Spear|p1a: Scizor
|-resisted|p1a: Scizor
|-damage|p1a: Scizor|80/100
|-resisted|p1a: Scizor
|-damage|p1a: Scizor|73/100
|-resisted|p1a: Scizor
|-damage|p1a: Scizor|65/100
|-hitcount|p1a: Scizor|3
|move|p1a: Scizor|Swords Dance|p1a: Scizor
|-boost|p1a: Scizor|atk|2
|
|upkeep
|turn|15
|
|t:|1769301223
|move|p1a: Scizor|Bullet Punch|p2a: Kyurem
|-supereffective|p2a: Kyurem
|-damage|p2a: Kyurem|0 fnt
|faint|p2a: Kyurem
|
|upkeep
|
|t:|1769301236
|switch|p2a: Gholdengo|Gholdengo|100/100
|turn|16
|
|t:|1769301241
|move|p2a: Gholdengo|Shadow Ball|p1a: Scizor
|-damage|p1a: Scizor|11/100
|move|p1a: Scizor|Knock Off|p2a: Gholdengo
|-supereffective|p2a: Gholdengo
|-damage|p2a: Gholdengo|0 fnt
|-enditem|p2a: Gholdengo|Choice Scarf|[from] move: Knock Off|[of] p1a: Scizor
|faint|p2a: Gholdengo
|
|upkeep
|
|t:|1769301244
|switch|p2a: Dragonite|Dragonite, M|100/100
|turn|17
|
|t:|1769301250
|move|p2a: Dragonite|Extreme Speed|p1a: Scizor
|-resisted|p1a: Scizor
|-damage|p1a: Scizor|0 fnt
|faint|p1a: Scizor
|
|upkeep
|
|t:|1769301252
|switch|p1a: Azelf|Azelf|100/100
|-damage|p1a: Azelf|88/100|[from] Stealth Rock
|turn|18
|
|t:|1769301262
|move|p1a: Azelf|Dazzling Gleam|p2a: Dragonite
|-supereffective|p2a: Dragonite
|-damage|p2a: Dragonite|66/100
|move|p2a: Dragonite|Dragon Dance|p2a: Dragonite
|-boost|p2a: Dragonite|atk|1
|-boost|p2a: Dragonite|spe|1
|
|upkeep
|turn|19
|
|t:|1769301286
|-terastallize|p2a: Dragonite|Ground
|move|p2a: Dragonite|Extreme Speed|p1a: Azelf
|-damage|p1a: Azelf|16/100
|move|p1a: Azelf|Dazzling Gleam|p2a: Dragonite
|-damage|p2a: Dragonite|37/100
|
|upkeep
|turn|20
|
|t:|1769301291
|move|p2a: Dragonite|Extreme Speed|p1a: Azelf
|-damage|p1a: Azelf|0 fnt
|faint|p1a: Azelf
|
|upkeep
|
|t:|1769301293
|switch|p1a: Ogerpon|Ogerpon-Wellspring, F|100/100
|-damage|p1a: Ogerpon|88/100|[from] Stealth Rock
|turn|21
|
|t:|1769301294
|move|p2a: Dragonite|Extreme Speed|p1a: Ogerpon
|-damage|p1a: Ogerpon|32/100
|move|p1a: Ogerpon|Horn Leech|p2a: Dragonite
|-supereffective|p2a: Dragonite
|-damage|p2a: Dragonite|0 fnt
|-heal|p1a: Ogerpon|52/100|[from] drain|[of] p2a: Dragonite
|faint|p2a: Dragonite
|
|upkeep
|
|t:|1769301296
|switch|p2a: Iron Valiant|Iron Valiant|100/100
|-enditem|p2a: Iron Valiant|Booster Energy
|-activate|p2a: Iron Valiant|ability: Quark Drive|[fromitem]
|-start|p2a: Iron Valiant|quarkdrivespe
|turn|22
|
|t:|1769301306
|move|p2a: Iron Valiant|Close Combat|p1a: Ogerpon
|-damage|p1a: Ogerpon|0 fnt
|-unboost|p2a: Iron Valiant|def|1
|-unboost|p2a: Iron Valiant|spd|1
|faint|p1a: Ogerpon
|
|win|kingofdondons
|raw|lolcano46's rating: 1554 &rarr; <strong>1533</strong><br />(-21 for losing)
|raw|kingofdondons's rating: 1540 &rarr; <strong>1561</strong><br />(+21 for winning)
|l|☆lolcano46
|player|p1|
