|j|☆Jrmoore896
|j|☆pipipipichu
|t:|1769400114
|gametype|singles
|player|p1|Jrmoore896|red|1382
|player|p2|pipipipichu|red|1382
|gen|9
|tier|[Gen 9] OU
|rated|
|rule|HP Percentage Mod: HP is shown in percentages
|rule|Endless Battle Clause: Forcing endless battles is banned
|rule|Species Clause: Limit one of each Pokémon
|rule|OHKO Clause: OHKO moves are banned
|rule|Evasion Items Clause: Evasion items are banned
|rule|Evasion Moves Clause: Evasion moves are banned
|rule|Evasion Abilities Clause: Evasion abilities are banned
|rule|Sleep Moves Clause: Sleep-inducing moves are banned
|clearpoke
|poke|p1|Gholdengo|
|poke|p1|Hatterene, F|
|poke|p1|Dragapult, M|
|poke|p1|Weezing-Galar, M|
|poke|p1|Blissey, F|
|poke|p1|Kyurem|
|poke|p2|Gholdengo|
|poke|p2|Darkrai|
|poke|p2|Clefable, F|
|poke|p2|Ting-Lu|
|poke|p2|Dragonite, F|
|poke|p2|Pecharunt|
|teampreview
|inactive|Battle timer is ON: inactive players will automatically lose when time's up. (requested by Jrmoore896)
|
|t:|1769400124
|teamsize|p1|6
|teamsize|p2|6
|start
|switch|p1a: Dragapult|Dragapult, M|100/100
|switch|p2a: Ting-Lu|Ting-Lu|100/100
|-ability|p2a: Ting-Lu|Vessel of Ruin
|turn|1
|
|t:|1769400132
|move|p1a: Dragapult|U-turn|p2a: Ting-Lu
|-supereffective|p2a: Ting-Lu
|-damage|p2a: Ting-Lu|62/100
|-enditem|p2a: Ting-Lu|Red Card|[of] p1a: Dragapult
|drag|p1a: Weezing|Weezing-Galar, M|100/100
|-ability|p1a: Weezing|Neutralizing Gas
|move|p2a: Ting-Lu|Stealth Rock|p1a: Weezing
|-sidestart|p1: Jrmoore896|move: Stealth Rock
|
|upkeep
|turn|2
|
|t:|1769400142
|move|p1a: Weezing|Will-O-Wisp|p2a: Ting-Lu
|-status|p2a: Ting-Lu|brn
|move|p2a: Ting-Lu|Ruination|p1a: Weezing|[miss]
|-miss|p2a: Ting-Lu|p1a: Weezing
|
|-damage|p2a: Ting-Lu|55/100 brn|[from] brn
|upkeep
|turn|3
|
|t:|1769400151
|move|p1a: Weezing|Defog|p2a: Ting-Lu
|-unboost|p2a: Ting-Lu|evasion|1
|-sideend|p1: Jrmoore896|Stealth Rock|[from] move: Defog|[of] p1a: Weezing
|move|p2a: Ting-Lu|Ruination|p1a: Weezing
|-damage|p1a: Weezing|51/100
|
|-damage|p2a: Ting-Lu|49/100 brn|[from] brn
|upkeep
|turn|4
|
|t:|1769400160
|switch|p2a: Gholdengo|Gholdengo|100/100
|move|p1a: Weezing|Strange Steam|p2a: Gholdengo
|-resisted|p2a: Gholdengo
|-damage|p2a: Gholdengo|84/100
|
|upkeep
|turn|5
|
|t:|1769400168
|-end|p1a: Weezing|ability: Neutralizing Gas
|switch|p1a: Blissey|Blissey, F|100/100
|move|p2a: Gholdengo|Trick|p1a: Blissey
|-activate|p2a: Gholdengo|move: Trick|[of] p1a: Blissey
|-item|p1a: Blissey|Choice Scarf|[from] move: Trick
|-item|p2a: Gholdengo|Choice Scarf|[from] move: Trick
|
|upkeep
|turn|6
|
|t:|1769400189
|move|p2a: Gholdengo|Make It Rain|p1a: Blissey
|-damage|p1a: Blissey|81/100
|-unboost|p2a: Gholdengo|spa|1
|move|p1a: Blissey|Stealth Rock|p2a: Gholdengo
|-sidestart|p2: pipipipichu|move: Stealth Rock
|
|upkeep
|turn|7
|
|t:|1769400204
|switch|p2a: Ting-Lu|Ting-Lu|49/100 brn
|-damage|p2a: Ting-Lu|43/100 brn|[from] Stealth Rock
|-ability|p2a: Ting-Lu|Vessel of Ruin
|switch|p1a: Gholdengo|Gholdengo|100/100
|
|-damage|p2a: Ting-Lu|37/100 brn|[from] brn
|upkeep
|turn|8
|
|t:|1769400218
|switch|p1a: Hatterene|Hatterene, F|100/100
|move|p2a: Ting-Lu|Stealth Rock|p1a: Hatterene
|move|p1a: Hatterene|Stealth Rock||[from] ability: Magic Bounce|[still]
|-fail|p1a: Hatterene
|
|-damage|p2a: Ting-Lu|30/100 brn|[from] brn
|upkeep
|turn|9
|
|t:|1769400233
|switch|p1a: Dragapult|Dragapult, M|100/100
|move|p2a: Ting-Lu|Ruination|p1a: Dragapult
|-damage|p1a: Dragapult|51/100
|
|-damage|p2a: Ting-Lu|24/100 brn|[from] brn
|upkeep
|turn|10
|
|t:|1769400241
|move|p1a: Dragapult|U-turn|p2a: Ting-Lu
|-supereffective|p2a: Ting-Lu
|-damage|p2a: Ting-Lu|0 fnt
|faint|p2a: Ting-Lu
|
|t:|1769400257
|switch|p1a: Gholdengo|Gholdengo|100/100|[from] U-turn
|
|upkeep
|
|t:|1769400266
|switch|p2a: Dragonite|Dragonite, F|100/100
|turn|11
|
|t:|1769400276
|move|p1a: Gholdengo|Trick|p2a: Dragonite
|-activate|p1a: Gholdengo|move: Trick|[of] p2a: Dragonite
|-item|p2a: Dragonite|Choice Scarf|[from] move: Trick
|-item|p1a: Gholdengo|Heavy-Duty Boots|[from] move: Trick
|move|p2a: Dragonite|Earthquake|p1a: Gholdengo
|-supereffective|p1a: Gholdengo
|-damage|p1a: Gholdengo|14/100
|
|upkeep
|turn|12
|
|t:|1769400285
|switch|p1a: Hatterene|Hatterene, F|100/100
|move|p2a: Dragonite|Earthquake|p1a: Hatterene
|-damage|p1a: Hatterene|68/100
|
|-heal|p1a: Hatterene|74/100|[from] item: Leftovers
|upkeep
|turn|13
|
|t:|1769400295
|switch|p2a: Gholdengo|Gholdengo|84/100
|-damage|p2a: Gholdengo|78/100|[from] Stealth Rock
|move|p1a: Hatterene|Nuzzle|p2a: Gholdengo
|-damage|p2a: Gholdengo|74/100
|-status|p2a: Gholdengo|par
|
|-heal|p1a: Hatterene|80/100|[from] item: Leftovers
|upkeep
|turn|14
|
|t:|1769400307
|switch|p1a: Blissey|Blissey, F|81/100
|cant|p2a: Gholdengo|par
|
|upkeep
|turn|15
|
|t:|1769400327
|switch|p1a: Gholdengo|Gholdengo|14/100
|cant|p2a: Gholdengo|par
|
|upkeep
|turn|16
|
|t:|1769400335
|switch|p2a: Darkrai|Darkrai|100/100
|move|p1a: Gholdengo|Shadow Ball|p2a: Darkrai
|-resisted|p2a: Darkrai
|-damage|p2a: Darkrai|71/100
|
|upkeep
|turn|17
|
|t:|1769400342
|switch|p1a: Blissey|Blissey, F|81/100
|move|p2a: Darkrai|Knock Off|p1a: Blissey
|-damage|p1a: Blissey|57/100
|-enditem|p1a: Blissey|Choice Scarf|[from] move: Knock Off|[of] p2a: Darkrai
|
|upkeep
|turn|18
|
|t:|1769400357
|switch|p2a: Gholdengo|Gholdengo|74/100 par
|-damage|p2a: Gholdengo|68/100 par|[from] Stealth Rock
|move|p1a: Blissey|Soft-Boiled|p1a: Blissey
|-heal|p1a: Blissey|100/100
|
|upkeep
|turn|19
|
|t:|1769400368
|switch|p1a: Gholdengo|Gholdengo|14/100
|move|p2a: Gholdengo|Trick|p1a: Gholdengo
|-immune|p1a: Gholdengo|[from] ability: Good as Gold
|
|upkeep
|turn|20
|
|t:|1769400392
|switch|p2a: Pecharunt|Pecharunt|100/100
|move|p1a: Gholdengo|Make It Rain|p2a: Pecharunt
|-damage|p2a: Pecharunt|35/100
|-unboost|p1a: Gholdengo|spa|1
|
|upkeep
|turn|21
|
|t:|1769400411
|switch|p1a: Dragapult|Dragapult, M|51/100
|move|p2a: Pecharunt|Recover|p2a: Pecharunt
|-heal|p2a: Pecharunt|85/100
|
|upkeep
|turn|22
|
|t:|1769400425
|switch|p2a: Gholdengo|Gholdengo|68/100 par
|-damage|p2a: Gholdengo|62/100 par|[from] Stealth Rock
|move|p1a: Dragapult|U-turn|p2a: Gholdengo
|-resisted|p2a: Gholdengo
|-damage|p2a: Gholdengo|52/100 par
|
|t:|1769400435
|switch|p1a: Kyurem|Kyurem, shiny|100/100|[from] U-turn
|-ability|p1a: Kyurem|Pressure
|
|upkeep
|turn|23
|
|t:|1769400445
|move|p1a: Kyurem|Earth Power|p2a: Gholdengo
|-supereffective|p2a: Gholdengo
|-damage|p2a: Gholdengo|0 fnt
|faint|p2a: Gholdengo
|
|upkeep
|
|t:|1769400449
|switch|p2a: Clefable|Clefable, F|100/100
|turn|24
|
|t:|1769400475
|switch|p1a: Dragapult|Dragapult, M|51/100
|move|p2a: Clefable|Calm Mind|p2a: Clefable
|-boost|p2a: Clefable|spa|1
|-boost|p2a: Clefable|spd|1
|
|upkeep
|turn|25
|
|t:|1769400483
|move|p1a: Dragapult|Phantom Force||[still]
|-prepare|p1a: Dragapult|Phantom Force
|move|p2a: Clefable|Moonblast|p1a: Dragapult|[miss]
|-miss|p2a: Clefable|p1a: Dragapult
|
|upkeep
|turn|26
|
|t:|1769400494
|move|p1a: Dragapult|Phantom Force|p2a: Clefable|[from] lockedmove
|-damage|p2a: Clefable|21/100
|move|p2a: Clefable|Moonblast|p1a: Dragapult
|-supereffective|p1a: Dragapult
|-damage|p1a: Dragapult|0 fnt
|faint|p1a: Dragapult
|
|upkeep
|
|t:|1769400507
|switch|p1a: Kyurem|Kyurem, shiny|100/100
|-ability|p1a: Kyurem|Pressure
|turn|27
|
|t:|1769400512
|move|p1a: Kyurem|Ice Beam|p2a: Clefable
|-damage|p2a: Clefable|0 fnt
|faint|p2a: Clefable
|
|upkeep
|
|t:|1769400516
|switch|p2a: Pecharunt|Pecharunt|85/100
|turn|28
|
|t:|1769400528
|switch|p1a: Blissey|Blissey, F|100/100
|move|p2a: Pecharunt|Malignant Chain|p1a: Blissey
|-damage|p1a: Blissey|91/100
|
|upkeep
|turn|29
|
|t:|1769400540
|switch|p1a: Gholdengo|Gholdengo|14/100
|move|p2a: Pecharunt|Malignant Chain|p1a: Gholdengo
|-immune|p1a: Gholdengo
|
|upkeep
|turn|30
|
|t:|1769400551
|switch|p1a: Kyurem|Kyurem, shiny|100/100
|-ability|p1a: Kyurem|Pressure
|move|p2a: Pecharunt|Shadow Ball|p1a: Kyurem
|-damage|p1a: Kyurem|77/100
|
|upkeep
|turn|31
|
|t:|1769400559
|move|p1a: Kyurem|Earth Power|p2a: Pecharunt
|-supereffective|p2a: Pecharunt
|-damage|p2a: Pecharunt|0 fnt
|faint|p2a: Pecharunt
|
|upkeep
|
|t:|1769400562
|switch|p2a: Dragonite|Dragonite, F|100/100
|-damage|p2a: Dragonite|75/100|[from] Stealth Rock
|turn|32
|
|t:|1769400575
|switch|p1a: Blissey|Blissey, F|91/100
|move|p2a: Dragonite|Earthquake|p1a: Blissey
|-damage|p1a: Blissey|51/100
|
|upkeep
|turn|33
|
|t:|1769400582
|move|p2a: Dragonite|Earthquake|p1a: Blissey
|-damage|p1a: Blissey|15/100
|move|p1a: Blissey|Soft-Boiled|p1a: Blissey
|-heal|p1a: Blissey|65/100
|
|upkeep
|turn|34
|
|t:|1769400589
|move|p2a: Dragonite|Earthquake|p1a: Blissey
|-crit|p1a: Blissey
|-damage|p1a: Blissey|8/100
|move|p1a: Blissey|Soft-Boiled|p1a: Blissey
|-heal|p1a: Blissey|59/100
|
|upkeep
|turn|35
|
|t:|1769400596
|move|p2a: Dragonite|Earthquake|p1a: Blissey
|-damage|p1a: Blissey|24/100
|move|p1a: Blissey|Soft-Boiled|p1a: Blissey
|-heal|p1a: Blissey|74/100
|
|upkeep
|turn|36
|
|t:|1769400603
|switch|p1a: Hatterene|Hatterene, F|80/100
|move|p2a: Dragonite|Earthquake|p1a: Hatterene
|-damage|p1a: Hatterene|48/100
|
|-heal|p1a: Hatterene|54/100|[from] item: Leftovers
|upkeep
|turn|37
|
|t:|1769400611
|move|p2a: Dragonite|Earthquake|p1a: Hatterene
|-damage|p1a: Hatterene|22/100
|move|p1a: Hatterene|Draining Kiss|p2a: Dragonite
|-supereffective|p2a: Dragonite
|-damage|p2a: Dragonite|24/100
|-heal|p1a: Hatterene|62/100|[from] drain|[of] p2a: Dragonite
|
|-heal|p1a: Hatterene|68/100|[from] item: Leftovers
|upkeep
|turn|38
|
|t:|1769400621
|move|p2a: Dragonite|Earthquake|p1a: Hatterene
|-damage|p1a: Hatterene|39/100
|move|p1a: Hatterene|Draining Kiss|p2a: Dragonite
|-supereffective|p2a: Dragonite
|-damage|p2a: Dragonite|0 fnt
|-heal|p1a: Hatterene|56/100|[from] drain|[of] p2a: Dragonite
|faint|p2a: Dragonite
|
|-heal|p1a: Hatterene|62/100|[from] item: Leftovers
|upkeep
|
|t:|1769400624
|switch|p2a: Darkrai|Darkrai|71/100
|turn|39
|
|t:|1769400637
|-terastallize|p2a: Darkrai|Ghost
|move|p2a: Darkrai|Dark Pulse|p1a: Hatterene
|-damage|p1a: Hatterene|18/100
|move|p1a: Hatterene|Nuzzle|p2a: Darkrai
|-damage|p2a: Darkrai|65/100
|-status|p2a: Darkrai|par
|
|-heal|p1a: Hatterene|24/100|[from] item: Leftovers
|upkeep
|turn|40
|
|t:|1769400651
|cant|p2a: Darkrai|par
|move|p1a: Hatterene|Draining Kiss|p2a: Darkrai
|-damage|p2a: Darkrai|37/100 par
|-heal|p1a: Hatterene|42/100|[from] drain|[of] p2a: Darkrai
|
|-heal|p1a: Hatterene|48/100|[from] item: Leftovers
|upkeep
|turn|41
|
|t:|1769400673
|cant|p2a: Darkrai|par
|move|p1a: Hatterene|Draining Kiss|p2a: Darkrai
|-damage|p2a: Darkrai|6/100 par
|-heal|p1a: Hatterene|69/100|[from] drain|[of] p2a: Darkrai
|
|-heal|p1a: Hatterene|75/100|[from] item: Leftovers
|upkeep
|turn|42
|-message|pipipipichu forfeited.
|
|win|Jrmoore896
|raw|Jrmoore896's rating: 1363 &rarr; <strong>1384</strong><br />(+21 for winning)
|raw|pipipipichu's rating: 1382 &rarr; <strong>1361</strong><br />(-21 for losing)
|l|☆pipipipichu
|player|p2|
|l|☆Jrmoore896
|player|p1|
|j|☆Jrmoore896
|player|p1|Jrmoore896|red|
