|j|☆serpico XD
|j|☆Furiousjulian
|t:|1769352707
|gametype|singles
|player|p1|serpico XD|blue|1489
|player|p2|Furiousjulian|blackbelt|1547
|gen|9
|tier|[Gen 9] OU
|rated|
|rule|HP Percentage Mod: HP is shown in percentages
|rule|Endless Battle Clause: Forcing endless battles is banned
|rule|Species Clause: Limit one of each Pokémon
|rule|OHKO Clause: OHKO moves are banned
|rule|Evasion Items Clause: Evasion items are banned
|rule|Evasion Moves Clause: Evasion moves are banned
|rule|Evasion Abilities Clause: Evasion abilities are banned
|rule|Sleep Moves Clause: Sleep-inducing moves are banned
|clearpoke
|poke|p1|Landorus-Therian, M|
|poke|p1|Alomomola, F|
|poke|p1|Raging Bolt|
|poke|p1|Iron Treads|
|poke|p1|Slowking-Galar, F|
|poke|p1|Iron Valiant|
|poke|p2|Rillaboom, M|
|poke|p2|Kleavor, M|
|poke|p2|Hawlucha, M|
|poke|p2|Clefable, M|
|poke|p2|Skeledirge, M|
|poke|p2|Goodra-Hisui, M|
|teampreview
|inactive|Battle timer is ON: inactive players will automatically lose when time's up. (requested by serpico XD)
|
|t:|1769352728
|teamsize|p1|6
|teamsize|p2|6
|start
|switch|p1a: Landorus|Landorus-Therian, M, shiny|100/100
|switch|p2a: Hidan|Kleavor, M|100/100
|-ability|p1a: Landorus|Intimidate|boost
|-unboost|p2a: Hidan|atk|1
|turn|1
|
|t:|1769352736
|move|p2a: Hidan|Stone Axe|p1a: Landorus
|-damage|p1a: Landorus|57/100
|-sidestart|p1: serpico XD|move: Stealth Rock
|move|p1a: Landorus|Stealth Rock|p2a: Hidan
|-sidestart|p2: Furiousjulian|move: Stealth Rock
|
|-heal|p1a: Landorus|63/100|[from] item: Leftovers
|upkeep
|turn|2
|inactive|Furiousjulian has 120 seconds left.
|
|t:|1769352776
|switch|p2a: Monkey King:Enma|Rillaboom, M|100/100
|-damage|p2a: Monkey King:Enma|88/100|[from] Stealth Rock
|-fieldstart|move: Grassy Terrain|[from] ability: Grassy Surge|[of] p2a: Monkey King:Enma
|move|p1a: Landorus|U-turn|p2a: Monkey King:Enma
|-supereffective|p2a: Monkey King:Enma
|-damage|p2a: Monkey King:Enma|41/100
|
|t:|1769352783
|switch|p1a: Iron Treads|Iron Treads|100/100|[from] U-turn
|-damage|p1a: Iron Treads|97/100|[from] Stealth Rock
|
|-heal|p1a: Iron Treads|100/100|[from] Grassy Terrain
|-heal|p2a: Monkey King:Enma|47/100|[from] Grassy Terrain
|upkeep
|turn|3
|inactive|Furiousjulian has 120 seconds left.
|
|t:|1769352790
|-terastallize|p2a: Monkey King:Enma|Grass
|move|p2a: Monkey King:Enma|Grassy Glide|p1a: Iron Treads
|-damage|p1a: Iron Treads|27/100
|move|p1a: Iron Treads|Ice Spinner|p2a: Monkey King:Enma
|-supereffective|p2a: Monkey King:Enma
|-damage|p2a: Monkey King:Enma|2/100
|-fieldend|move: Grassy Terrain
|
|-heal|p1a: Iron Treads|33/100|[from] item: Leftovers
|upkeep
|turn|4
|inactive|Furiousjulian has 120 seconds left.
|
|t:|1769352805
|switch|p2a: Sanshouo|Skeledirge, M|100/100
|move|p1a: Iron Treads|Rapid Spin|p2a: Sanshouo
|-immune|p2a: Sanshouo
|
|-heal|p1a: Iron Treads|39/100|[from] item: Leftovers
|upkeep
|turn|5
|inactive|Furiousjulian has 120 seconds left.
|
|t:|1769352822
|move|p1a: Iron Treads|Earthquake|p2a: Sanshouo
|-supereffective|p2a: Sanshouo
|-damage|p2a: Sanshouo|47/100
|move|p2a: Sanshouo|Will-O-Wisp|p1a: Iron Treads
|-status|p1a: Iron Treads|brn
|
|-heal|p1a: Iron Treads|46/100 brn|[from] item: Leftovers
|-damage|p1a: Iron Treads|39/100 brn|[from] brn
|upkeep
|turn|6
|inactive|Furiousjulian has 120 seconds left.
|
|t:|1769352830
|move|p1a: Iron Treads|Knock Off|p2a: Sanshouo
|-supereffective|p2a: Sanshouo
|-damage|p2a: Sanshouo|29/100
|-enditem|p2a: Sanshouo|Heavy-Duty Boots|[from] move: Knock Off|[of] p1a: Iron Treads
|move|p2a: Sanshouo|Slack Off|p2a: Sanshouo
|-heal|p2a: Sanshouo|79/100
|
|-heal|p1a: Iron Treads|46/100 brn|[from] item: Leftovers
|-damage|p1a: Iron Treads|39/100 brn|[from] brn
|upkeep
|turn|7
|inactive|Furiousjulian has 120 seconds left.
|
|t:|1769352842
|-end|p1a: Iron Treads|Quark Drive|[silent]
|switch|p1a: Alomomola|Alomomola, F|100/100
|move|p2a: Sanshouo|Slack Off|p2a: Sanshouo
|-heal|p2a: Sanshouo|100/100
|
|upkeep
|turn|8
|
|t:|1769352849
|switch|p2a: Katsuyu|Goodra-Hisui, M|100/100
|-damage|p2a: Katsuyu|94/100|[from] Stealth Rock
|move|p1a: Alomomola|Wish|p1a: Alomomola
|
|upkeep
|turn|9
|
|t:|1769352860
|move|p1a: Alomomola|Flip Turn|p2a: Katsuyu
|-resisted|p2a: Katsuyu
|-damage|p2a: Katsuyu|86/100
|
|t:|1769352864
|switch|p1a: Iron Treads|Iron Treads|39/100 brn|[from] Flip Turn
|-damage|p1a: Iron Treads|36/100 brn|[from] Stealth Rock
|move|p2a: Katsuyu|Draco Meteor|p1a: Iron Treads
|-resisted|p1a: Iron Treads
|-damage|p1a: Iron Treads|0 fnt
|-unboost|p2a: Katsuyu|spa|2
|faint|p1a: Iron Treads
|-end|p1a: Iron Treads|Quark Drive|[silent]
|
|upkeep
|
|t:|1769352868
|switch|p1a: Slowking|Slowking-Galar, F|100/100
|-damage|p1a: Slowking|88/100|[from] Stealth Rock
|turn|10
|
|t:|1769352876
|move|p2a: Katsuyu|Earthquake|p1a: Slowking
|-supereffective|p1a: Slowking
|-damage|p1a: Slowking|36/100
|move|p1a: Slowking|Future Sight|p2a: Katsuyu
|-start|p1a: Slowking|move: Future Sight
|
|upkeep
|turn|11
|
|t:|1769352891
|switch|p1a: Alomomola|Alomomola, F|100/100
|move|p2a: Katsuyu|Draco Meteor|p1a: Alomomola
|-damage|p1a: Alomomola|62/100
|-unboost|p2a: Katsuyu|spa|2
|
|upkeep
|turn|12
|
|t:|1769352909
|move|p1a: Alomomola|Wish|p1a: Alomomola
|move|p2a: Katsuyu|Earthquake|p1a: Alomomola
|-damage|p1a: Alomomola|50/100
|
|-end|p2a: Katsuyu|move: Future Sight
|-resisted|p2a: Katsuyu
|-damage|p2a: Katsuyu|73/100
|upkeep
|turn|13
|
|t:|1769352920
|switch|p2a: Deidara's c3|Hawlucha, M|100/100
|-damage|p2a: Deidara's c3|88/100|[from] Stealth Rock
|move|p1a: Alomomola|Flip Turn|p2a: Deidara's c3
|-damage|p2a: Deidara's c3|66/100
|
|t:|1769352924
|switch|p1a: Landorus|Landorus-Therian, M, shiny|63/100|[from] Flip Turn
|-damage|p1a: Landorus|51/100|[from] Stealth Rock
|-ability|p1a: Landorus|Intimidate|boost
|-unboost|p2a: Deidara's c3|atk|1
|
|-heal|p1a: Landorus|100/100|[from] move: Wish|[wisher] Alomomola
|upkeep
|turn|14
|
|t:|1769352938
|move|p2a: Deidara's c3|Defog|p1a: Landorus
|-unboost|p1a: Landorus|evasion|1
|-sideend|p1: serpico XD|Stealth Rock|[from] move: Defog|[of] p2a: Deidara's c3
|-sideend|p2: Furiousjulian|Stealth Rock|[from] move: Defog|[of] p2a: Deidara's c3
|move|p1a: Landorus|U-turn|p2a: Deidara's c3
|-resisted|p2a: Deidara's c3
|-damage|p2a: Deidara's c3|57/100
|
|t:|1769352949
|switch|p1a: Slowking|Slowking-Galar, F|70/100|[from] U-turn
|
|upkeep
|turn|15
|
|t:|1769352962
|switch|p2a: Hidan|Kleavor, M|100/100
|move|p1a: Slowking|Future Sight|p2a: Hidan
|-start|p1a: Slowking|move: Future Sight
|
|upkeep
|turn|16
|
|t:|1769352967
|switch|p1a: Alomomola|Alomomola, F|83/100
|move|p2a: Hidan|Stone Axe|p1a: Alomomola
|-damage|p1a: Alomomola|52/100
|-sidestart|p1: serpico XD|move: Stealth Rock
|
|upkeep
|turn|17
|
|t:|1769352973
|switch|p2a: Katsuyu|Goodra-Hisui, M|73/100
|move|p1a: Alomomola|Flip Turn|p2a: Katsuyu
|-resisted|p2a: Katsuyu
|-damage|p2a: Katsuyu|65/100
|
|t:|1769352978
|switch|p1a: Landorus|Landorus-Therian, M, shiny|100/100|[from] Flip Turn
|-damage|p1a: Landorus|88/100|[from] Stealth Rock
|-ability|p1a: Landorus|Intimidate|boost
|-unboost|p2a: Katsuyu|atk|1
|
|-end|p2a: Katsuyu|move: Future Sight
|-resisted|p2a: Katsuyu
|-damage|p2a: Katsuyu|52/100
|-heal|p1a: Landorus|94/100|[from] item: Leftovers
|upkeep
|turn|18
|
|t:|1769352988
|move|p1a: Landorus|Earthquake|p2a: Katsuyu
|-supereffective|p2a: Katsuyu
|-damage|p2a: Katsuyu|0 fnt
|faint|p2a: Katsuyu
|
|-heal|p1a: Landorus|99/100|[from] item: Leftovers
|upkeep
|
|t:|1769352994
|switch|p2a: Monkey King:Enma|Rillaboom, M, tera:Grass|2/100
|-fieldstart|move: Grassy Terrain|[from] ability: Grassy Surge|[of] p2a: Monkey King:Enma
|turn|19
|
|t:|1769353001
|move|p2a: Monkey King:Enma|Grassy Glide|p1a: Landorus
|-damage|p1a: Landorus|8/100
|move|p1a: Landorus|U-turn|p2a: Monkey King:Enma
|-supereffective|p2a: Monkey King:Enma
|-damage|p2a: Monkey King:Enma|0 fnt
|faint|p2a: Monkey King:Enma
|
|t:|1769353007
|switch|p1a: Slowking|Slowking-Galar, F|100/100|[from] U-turn
|-damage|p1a: Slowking|88/100|[from] Stealth Rock
|
|-heal|p1a: Slowking|94/100|[from] Grassy Terrain
|upkeep
|inactive|Furiousjulian has 120 seconds left.
|
|t:|1769353058
|switch|p2a: Hidan|Kleavor, M|100/100
|turn|20
|
|t:|1769353065
|move|p2a: Hidan|Night Slash|p1a: Slowking
|-supereffective|p1a: Slowking
|-damage|p1a: Slowking|0 fnt
|faint|p1a: Slowking
|
|upkeep
|
|t:|1769353070
|switch|p1a: Alomomola|Alomomola, F|85/100
|turn|21
|
|t:|1769353074
|switch|p2a: Sakura|Clefable, M|100/100
|move|p1a: Alomomola|Flip Turn|p2a: Sakura
|-damage|p2a: Sakura|87/100
|
|t:|1769353080
|switch|p1a: Raging Bolt|Raging Bolt|100/100|[from] Flip Turn
|-damage|p1a: Raging Bolt|88/100|[from] Stealth Rock
|
|-heal|p1a: Raging Bolt|94/100|[from] Grassy Terrain
|-heal|p1a: Raging Bolt|100/100|[from] item: Leftovers
|-heal|p2a: Sakura|93/100|[from] Grassy Terrain
|upkeep
|turn|22
|
|t:|1769353092
|switch|p2a: Hidan|Kleavor, M|100/100
|-terastallize|p1a: Raging Bolt|Fairy
|move|p1a: Raging Bolt|Thunderbolt|p2a: Hidan
|-damage|p2a: Hidan|20/100
|
|-heal|p2a: Hidan|26/100|[from] Grassy Terrain
|upkeep
|turn|23
|
|t:|1769353107
|move|p1a: Raging Bolt|Thunderclap|p2a: Hidan
|-damage|p2a: Hidan|0 fnt
|faint|p2a: Hidan
|
|-fieldend|move: Grassy Terrain
|upkeep
|
|t:|1769353116
|switch|p2a: Sanshouo|Skeledirge, M|100/100
|turn|24
|
|t:|1769353120
|move|p1a: Raging Bolt|Thunderbolt|p2a: Sanshouo
|-damage|p2a: Sanshouo|44/100
|move|p2a: Sanshouo|Will-O-Wisp|p1a: Raging Bolt
|-status|p1a: Raging Bolt|brn
|
|-damage|p1a: Raging Bolt|94/100 brn|[from] brn
|upkeep
|turn|25
|
|t:|1769353129
|move|p1a: Raging Bolt|Thunderbolt|p2a: Sanshouo
|-damage|p2a: Sanshouo|0 fnt
|faint|p2a: Sanshouo
|
|-heal|p1a: Raging Bolt|100/100 brn|[from] item: Leftovers
|-damage|p1a: Raging Bolt|94/100 brn|[from] brn
|upkeep
|
|t:|1769353135
|switch|p2a: Sakura|Clefable, M|93/100
|turn|26
|
|t:|1769353138
|move|p1a: Raging Bolt|Thunderbolt|p2a: Sakura
|-damage|p2a: Sakura|45/100
|-status|p2a: Sakura|par
|cant|p2a: Sakura|par
|
|-heal|p1a: Raging Bolt|100/100 brn|[from] item: Leftovers
|-damage|p1a: Raging Bolt|94/100 brn|[from] brn
|upkeep
|turn|27
|
|t:|1769353147
|move|p1a: Raging Bolt|Thunderbolt|p2a: Sakura
|-damage|p2a: Sakura|0 fnt
|faint|p2a: Sakura
|
|-heal|p1a: Raging Bolt|100/100 brn|[from] item: Leftovers
|-damage|p1a: Raging Bolt|94/100 brn|[from] brn
|upkeep
|-message|Furiousjulian forfeited.
|
|win|serpico XD
|raw|serpico XD's rating: 1489 &rarr; <strong>1512</strong><br />(+23 for winning)
|raw|Furiousjulian's rating: 1547 &rarr; <strong>1524</strong><br />(-23 for losing)
|l|☆Furiousjulian
|player|p2|
|l|☆serpico XD
|player|p1|
