|j|☆Based Calc Lord
|j|☆samptext
|t:|1769374123
|gametype|singles
|player|p1|Based Calc Lord|ingo|1623
|player|p2|samptext|fisherman-gen3|1606
|gen|9
|tier|[Gen 9] OU
|rated|
|rule|HP Percentage Mod: HP is shown in percentages
|rule|Endless Battle Clause: Forcing endless battles is banned
|rule|Species Clause: Limit one of each Pokémon
|rule|OHKO Clause: OHKO moves are banned
|rule|Evasion Items Clause: Evasion items are banned
|rule|Evasion Moves Clause: Evasion moves are banned
|rule|Evasion Abilities Clause: Evasion abilities are banned
|rule|Sleep Moves Clause: Sleep-inducing moves are banned
|clearpoke
|poke|p1|Dragonite, M|
|poke|p1|Ogerpon-Wellspring, F|
|poke|p1|Zamazenta-*|
|poke|p1|Ting-Lu|
|poke|p1|Gliscor, M|
|poke|p1|Gholdengo|
|poke|p2|Probopass, M|
|poke|p2|Ninetales-Alola, F|
|poke|p2|Dragapult, F|
|poke|p2|Pecharunt|
|poke|p2|Ogerpon-Wellspring, F|
|poke|p2|Great Tusk|
|teampreview
|inactive|Battle timer is ON: inactive players will automatically lose when time's up. (requested by samptext)
|
|t:|1769374149
|teamsize|p1|6
|teamsize|p2|6
|start
|switch|p1a: Rasta Pasta|Gholdengo|100/100
|switch|p2a: Ogerpon|Ogerpon-Wellspring, F|100/100
|turn|1
|
|t:|1769374155
|move|p2a: Ogerpon|Substitute|p2a: Ogerpon
|-start|p2a: Ogerpon|Substitute
|-damage|p2a: Ogerpon|76/100
|move|p1a: Rasta Pasta|Shadow Ball|p2a: Ogerpon
|-end|p2a: Ogerpon|Substitute
|
|upkeep
|turn|2
|
|t:|1769374160
|move|p2a: Ogerpon|Ivy Cudgel|p1a: Rasta Pasta|[anim] Ivy Cudgel Water
|-damage|p1a: Rasta Pasta|33/100
|move|p1a: Rasta Pasta|Shadow Ball|p2a: Ogerpon
|-damage|p2a: Ogerpon|26/100
|
|upkeep
|turn|3
|
|t:|1769374163
|switch|p1a: Nanomachines Son|Zamazenta|100/100
|-ability|p1a: Nanomachines Son|Dauntless Shield|boost
|-boost|p1a: Nanomachines Son|def|1
|move|p2a: Ogerpon|Ivy Cudgel|p1a: Nanomachines Son|[anim] Ivy Cudgel Water
|-damage|p1a: Nanomachines Son|64/100
|
|upkeep
|turn|4
|
|t:|1769374167
|switch|p2a: Pecharunt|Pecharunt|100/100
|move|p1a: Nanomachines Son|Crunch|p2a: Pecharunt
|-supereffective|p2a: Pecharunt
|-damage|p2a: Pecharunt|70/100
|
|-heal|p2a: Pecharunt|76/100|[from] item: Leftovers
|upkeep
|turn|5
|
|t:|1769374173
|switch|p1a: 1... Ah! Ah! Ah!|Gliscor, M|100/100
|switch|p2a: Ninetales|Ninetales-Alola, F|100/100
|-weather|Snowscape|[from] ability: Snow Warning|[of] p2a: Ninetales
|
|-weather|Snowscape|[upkeep]
|-status|p1a: 1... Ah! Ah! Ah!|tox|[from] item: Toxic Orb
|upkeep
|turn|6
|
|t:|1769374176
|switch|p1a: Rasta Pasta|Gholdengo|33/100
|move|p2a: Ninetales|Aurora Veil|p2a: Ninetales
|-sidestart|p2: samptext|move: Aurora Veil
|
|-weather|Snowscape|[upkeep]
|upkeep
|turn|7
|
|t:|1769374187
|switch|p2a: Great Tusk|Great Tusk|100/100
|-enditem|p2a: Great Tusk|Booster Energy
|-activate|p2a: Great Tusk|ability: Protosynthesis|[fromitem]
|-start|p2a: Great Tusk|protosynthesisspe
|move|p1a: Rasta Pasta|Make It Rain|p2a: Great Tusk
|-damage|p2a: Great Tusk|62/100
|-unboost|p1a: Rasta Pasta|spa|1
|
|-weather|Snowscape|[upkeep]
|upkeep
|turn|8
|
|t:|1769374194
|-end|p2a: Great Tusk|Protosynthesis|[silent]
|switch|p2a: Dragapult|Dragapult, F|100/100
|switch|p1a: Nanomachines Son|Zamazenta|64/100
|
|-weather|Snowscape|[upkeep]
|upkeep
|turn|9
|
|t:|1769374209
|switch|p1a: Lu-sville Slugger|Ting-Lu|100/100
|-ability|p1a: Lu-sville Slugger|Vessel of Ruin
|move|p2a: Dragapult|Substitute|p2a: Dragapult
|-start|p2a: Dragapult|Substitute
|-damage|p2a: Dragapult|76/100
|
|-weather|none
|-heal|p2a: Dragapult|82/100|[from] item: Leftovers
|upkeep
|turn|10
|
|t:|1769374211
|move|p2a: Dragapult|Dragon Dance|p2a: Dragapult
|-boost|p2a: Dragapult|atk|1
|-boost|p2a: Dragapult|spe|1
|move|p1a: Lu-sville Slugger|Earthquake|p2a: Dragapult
|-activate|p2a: Dragapult|move: Substitute|[damage]
|
|-heal|p2a: Dragapult|88/100|[from] item: Leftovers
|upkeep
|turn|11
|
|t:|1769374218
|move|p2a: Dragapult|Dragon Darts|p1a: Lu-sville Slugger
|-damage|p1a: Lu-sville Slugger|79/100
|-anim|p2a: Dragapult|Dragon Darts|p1a: Lu-sville Slugger
|-damage|p1a: Lu-sville Slugger|55/100
|move|p1a: Lu-sville Slugger|Earthquake|p2a: Dragapult
|-end|p2a: Dragapult|Substitute
|
|-heal|p2a: Dragapult|94/100|[from] item: Leftovers
|-heal|p1a: Lu-sville Slugger|61/100|[from] item: Leftovers
|upkeep
|turn|12
|
|t:|1769374225
|move|p2a: Dragapult|Dragon Darts|p1a: Lu-sville Slugger
|-damage|p1a: Lu-sville Slugger|41/100
|-anim|p2a: Dragapult|Dragon Darts|p1a: Lu-sville Slugger
|-damage|p1a: Lu-sville Slugger|17/100
|move|p1a: Lu-sville Slugger|Ruination|p2a: Dragapult
|-damage|p2a: Dragapult|47/100
|
|-heal|p2a: Dragapult|53/100|[from] item: Leftovers
|-heal|p1a: Lu-sville Slugger|23/100|[from] item: Leftovers
|upkeep
|turn|13
|
|t:|1769374228
|move|p2a: Dragapult|Dragon Darts|p1a: Lu-sville Slugger
|-damage|p1a: Lu-sville Slugger|2/100
|-anim|p2a: Dragapult|Dragon Darts|p1a: Lu-sville Slugger
|-damage|p1a: Lu-sville Slugger|0 fnt
|faint|p1a: Lu-sville Slugger
|
|-heal|p2a: Dragapult|59/100|[from] item: Leftovers
|-sideend|p2: samptext|move: Aurora Veil
|upkeep
|
|t:|1769374229
|switch|p1a: 1... Ah! Ah! Ah!|Gliscor, M|100/100 tox
|turn|14
|
|t:|1769374236
|move|p2a: Dragapult|Substitute|p2a: Dragapult
|-start|p2a: Dragapult|Substitute
|-damage|p2a: Dragapult|34/100
|move|p1a: 1... Ah! Ah! Ah!|Knock Off|p2a: Dragapult
|-supereffective|p2a: Dragapult
|-end|p2a: Dragapult|Substitute
|
|-heal|p2a: Dragapult|40/100|[from] item: Leftovers
|upkeep
|turn|15
|
|t:|1769374258
|-terastallize|p2a: Dragapult|Dragon
|move|p2a: Dragapult|Dragon Darts|p1a: 1... Ah! Ah! Ah!
|-damage|p1a: 1... Ah! Ah! Ah!|60/100 tox
|-anim|p2a: Dragapult|Dragon Darts|p1a: 1... Ah! Ah! Ah!
|-damage|p1a: 1... Ah! Ah! Ah!|16/100 tox
|move|p1a: 1... Ah! Ah! Ah!|Knock Off|p2a: Dragapult
|-damage|p2a: Dragapult|12/100
|-enditem|p2a: Dragapult|Leftovers|[from] move: Knock Off|[of] p1a: 1... Ah! Ah! Ah!
|
|-heal|p1a: 1... Ah! Ah! Ah!|28/100 tox|[from] ability: Poison Heal
|upkeep
|turn|16
|
|t:|1769374271
|-terastallize|p1a: 1... Ah! Ah! Ah!|Fairy
|move|p2a: Dragapult|Dragon Darts|p1a: 1... Ah! Ah! Ah!
|-immune|p1a: 1... Ah! Ah! Ah!
|move|p1a: 1... Ah! Ah! Ah!|Knock Off|p2a: Dragapult
|-damage|p2a: Dragapult|0 fnt
|faint|p2a: Dragapult
|
|-heal|p1a: 1... Ah! Ah! Ah!|41/100 tox|[from] ability: Poison Heal
|upkeep
|
|t:|1769374285
|switch|p2a: Great Tusk|Great Tusk|62/100
|turn|17
|
|t:|1769374289
|move|p1a: 1... Ah! Ah! Ah!|Protect|p1a: 1... Ah! Ah! Ah!
|-singleturn|p1a: 1... Ah! Ah! Ah!|Protect
|move|p2a: Great Tusk|Headlong Rush|p1a: 1... Ah! Ah! Ah!
|-activate|p1a: 1... Ah! Ah! Ah!|move: Protect
|
|-heal|p1a: 1... Ah! Ah! Ah!|53/100 tox|[from] ability: Poison Heal
|upkeep
|turn|18
|
|t:|1769374294
|move|p2a: Great Tusk|Knock Off|p1a: 1... Ah! Ah! Ah!
|-resisted|p1a: 1... Ah! Ah! Ah!
|-damage|p1a: 1... Ah! Ah! Ah!|43/100 tox
|-enditem|p1a: 1... Ah! Ah! Ah!|Toxic Orb|[from] move: Knock Off|[of] p2a: Great Tusk
|move|p1a: 1... Ah! Ah! Ah!|Toxic|p2a: Great Tusk
|-status|p2a: Great Tusk|tox
|
|-damage|p2a: Great Tusk|56/100 tox|[from] psn
|-heal|p1a: 1... Ah! Ah! Ah!|56/100 tox|[from] ability: Poison Heal
|upkeep
|turn|19
|
|t:|1769374297
|-end|p2a: Great Tusk|Protosynthesis|[silent]
|switch|p2a: Ninetales|Ninetales-Alola, F|100/100
|-weather|Snowscape|[from] ability: Snow Warning|[of] p2a: Ninetales
|move|p1a: 1... Ah! Ah! Ah!|Protect||[still]
|-fail|p1a: 1... Ah! Ah! Ah!
|
|-weather|Snowscape|[upkeep]
|-heal|p1a: 1... Ah! Ah! Ah!|68/100 tox|[from] ability: Poison Heal
|upkeep
|turn|20
|
|t:|1769374301
|move|p2a: Ninetales|Encore|p1a: 1... Ah! Ah! Ah!
|-start|p1a: 1... Ah! Ah! Ah!|Encore
|move|p1a: 1... Ah! Ah! Ah!|Protect||[still]
|-fail|p1a: 1... Ah! Ah! Ah!
|
|-weather|Snowscape|[upkeep]
|-heal|p1a: 1... Ah! Ah! Ah!|81/100 tox|[from] ability: Poison Heal
|upkeep
|turn|21
|
|t:|1769374303
|switch|p1a: Rasta Pasta|Gholdengo|33/100
|move|p2a: Ninetales|Aurora Veil|p2a: Ninetales
|-sidestart|p2: samptext|move: Aurora Veil
|
|-weather|Snowscape|[upkeep]
|upkeep
|turn|22
|
|t:|1769374307
|switch|p2a: Probopass|Probopass, M|100/100
|move|p1a: Rasta Pasta|Make It Rain|p2a: Probopass
|-damage|p2a: Probopass|78/100
|-unboost|p1a: Rasta Pasta|spa|1
|
|-weather|Snowscape|[upkeep]
|upkeep
|turn|23
|
|t:|1769374312
|switch|p1a: Bobby Critfisher|Ogerpon-Wellspring, F|100/100
|move|p2a: Probopass|Volt Switch|p1a: Bobby Critfisher
|-damage|p1a: Bobby Critfisher|85/100
|
|t:|1769374315
|switch|p2a: Pecharunt|Pecharunt|76/100|[from] Volt Switch
|
|-weather|none
|-heal|p2a: Pecharunt|82/100|[from] item: Leftovers
|upkeep
|turn|24
|
|t:|1769374321
|switch|p1a: Rasta Pasta|Gholdengo|33/100
|move|p2a: Pecharunt|Shadow Ball|p1a: Rasta Pasta
|-supereffective|p1a: Rasta Pasta
|-damage|p1a: Rasta Pasta|0 fnt
|faint|p1a: Rasta Pasta
|
|-heal|p2a: Pecharunt|88/100|[from] item: Leftovers
|upkeep
|
|t:|1769374324
|switch|p1a: 1... Ah! Ah! Ah!|Gliscor, M, tera:Fairy|81/100 tox
|turn|25
|
|t:|1769374337
|move|p2a: Pecharunt|Nasty Plot|p2a: Pecharunt
|-boost|p2a: Pecharunt|spa|2
|move|p1a: 1... Ah! Ah! Ah!|Knock Off|p2a: Pecharunt
|-supereffective|p2a: Pecharunt
|-damage|p2a: Pecharunt|74/100
|-enditem|p2a: Pecharunt|Leftovers|[from] move: Knock Off|[of] p1a: 1... Ah! Ah! Ah!
|
|-heal|p1a: 1... Ah! Ah! Ah!|93/100 tox|[from] ability: Poison Heal
|upkeep
|turn|26
|
|t:|1769374340
|move|p2a: Pecharunt|Malignant Chain|p1a: 1... Ah! Ah! Ah!
|-supereffective|p1a: 1... Ah! Ah! Ah!
|-damage|p1a: 1... Ah! Ah! Ah!|0 fnt
|faint|p1a: 1... Ah! Ah! Ah!
|
|upkeep
|
|t:|1769374348
|switch|p1a: Nanomachines Son|Zamazenta|64/100
|turn|27
|
|t:|1769374351
|move|p1a: Nanomachines Son|Crunch|p2a: Pecharunt
|-supereffective|p2a: Pecharunt
|-damage|p2a: Pecharunt|58/100
|move|p2a: Pecharunt|Malignant Chain|p1a: Nanomachines Son
|-damage|p1a: Nanomachines Son|10/100
|-status|p1a: Nanomachines Son|tox
|-start|p1a: Nanomachines Son|confusion|[from] ability: Poison Puppeteer|[of] p2a: Pecharunt
|
|-damage|p1a: Nanomachines Son|4/100 tox|[from] psn
|upkeep
|turn|28
|
|t:|1769374354
|-activate|p1a: Nanomachines Son|confusion
|move|p1a: Nanomachines Son|Crunch|p2a: Pecharunt
|-supereffective|p2a: Pecharunt
|-damage|p2a: Pecharunt|42/100
|move|p2a: Pecharunt|Recover|p2a: Pecharunt
|-heal|p2a: Pecharunt|92/100
|
|-damage|p1a: Nanomachines Son|0 fnt|[from] psn
|faint|p1a: Nanomachines Son
|-sideend|p2: samptext|move: Aurora Veil
|upkeep
|
|t:|1769374357
|switch|p1a: Day 'n' Nite|Dragonite, M|100/100
|turn|29
|
|t:|1769374360
|move|p2a: Pecharunt|Malignant Chain|p1a: Day 'n' Nite
|-damage|p1a: Day 'n' Nite|69/100
|-status|p1a: Day 'n' Nite|tox
|-start|p1a: Day 'n' Nite|confusion|[from] ability: Poison Puppeteer|[of] p2a: Pecharunt
|-activate|p1a: Day 'n' Nite|confusion
|move|p1a: Day 'n' Nite|Encore|p2a: Pecharunt
|-start|p2a: Pecharunt|Encore
|
|-damage|p1a: Day 'n' Nite|63/100 tox|[from] psn
|upkeep
|turn|30
|-message|Based Calc Lord forfeited.
|
|win|samptext
|raw|Based Calc Lord's rating: 1623 &rarr; <strong>1602</strong><br />(-21 for losing)
|raw|samptext's rating: 1606 &rarr; <strong>1627</strong><br />(+21 for winning)
|l|☆Based Calc Lord
|player|p1|
