|j|☆TackyZack
|j|☆burmyhunter9903
|t:|1769366648
|gametype|singles
|player|p1|TackyZack|2|1174
|player|p2|burmyhunter9903|cynthia-gen4|1133
|gen|9
|tier|[Gen 9] OU
|rated|
|rule|HP Percentage Mod: HP is shown in percentages
|rule|Endless Battle Clause: Forcing endless battles is banned
|rule|Species Clause: Limit one of each Pokémon
|rule|OHKO Clause: OHKO moves are banned
|rule|Evasion Items Clause: Evasion items are banned
|rule|Evasion Moves Clause: Evasion moves are banned
|rule|Evasion Abilities Clause: Evasion abilities are banned
|rule|Sleep Moves Clause: Sleep-inducing moves are banned
|clearpoke
|poke|p1|Iron Valiant|
|poke|p1|Excadrill, M|
|poke|p1|Tyranitar, M|
|poke|p1|Tornadus-Therian, M|
|poke|p1|Ogerpon-Cornerstone, F|
|poke|p1|Toxapex, M|
|poke|p2|Grimmsnarl, M|
|poke|p2|Salamence, M|
|poke|p2|Carbink|
|poke|p2|Magmortar, M|
|poke|p2|Greninja-*, M|
|poke|p2|Excadrill, M|
|teampreview
|inactive|Battle timer is ON: inactive players will automatically lose when time's up. (requested by burmyhunter9903)
|c|☆burmyhunter9903|glhf
|
|t:|1769366659
|teamsize|p1|6
|teamsize|p2|6
|start
|switch|p1a: Ogerpon|Ogerpon-Cornerstone, F|100/100
|switch|p2a: Carbink|Carbink|100/100
|turn|1
|
|t:|1769366669
|move|p1a: Ogerpon|Knock Off|p2a: Carbink
|-resisted|p2a: Carbink
|-damage|p2a: Carbink|85/100
|-enditem|p2a: Carbink|Light Clay|[from] move: Knock Off|[of] p1a: Ogerpon
|move|p2a: Carbink|Stealth Rock|p1a: Ogerpon
|-sidestart|p1: TackyZack|move: Stealth Rock
|
|upkeep
|turn|2
|
|t:|1769366673
|move|p1a: Ogerpon|Power Whip|p2a: Carbink
|-supereffective|p2a: Carbink
|-damage|p2a: Carbink|0 fnt
|faint|p2a: Carbink
|
|upkeep
|
|t:|1769366679
|switch|p2a: Salamence|Salamence, M|100/100
|-ability|p2a: Salamence|Intimidate|boost
|-unboost|p1a: Ogerpon|atk|1
|turn|3
|
|t:|1769366681
|move|p1a: Ogerpon|Ivy Cudgel|p2a: Salamence|[anim] Ivy Cudgel Rock
|-supereffective|p2a: Salamence
|-crit|p2a: Salamence
|-damage|p2a: Salamence|0 fnt
|faint|p2a: Salamence
|
|upkeep
|
|t:|1769366689
|switch|p2a: Excadrill|Excadrill, M|100/100
|-ability|p2a: Excadrill|Mold Breaker
|-item|p2a: Excadrill|Air Balloon
|turn|4
|
|t:|1769366696
|move|p1a: Ogerpon|Power Whip|p2a: Excadrill
|-damage|p2a: Excadrill|30/100
|-enditem|p2a: Excadrill|Air Balloon
|move|p2a: Excadrill|Iron Head|p1a: Ogerpon
|-supereffective|p1a: Ogerpon
|-damage|p1a: Ogerpon|0 fnt
|faint|p1a: Ogerpon
|
|upkeep
|
|t:|1769366703
|switch|p1a: Tornadus|Tornadus-Therian, M, shiny|100/100
|-damage|p1a: Tornadus|76/100|[from] Stealth Rock
|turn|5
|
|t:|1769366707
|move|p1a: Tornadus|Heat Wave|p2a: Excadrill
|-supereffective|p2a: Excadrill
|-damage|p2a: Excadrill|0 fnt
|faint|p2a: Excadrill
|
|upkeep
|
|t:|1769366711
|switch|p2a: Greninja|Greninja, M|100/100
|turn|6
|
|t:|1769366714
|switch|p1a: Toxapex|Toxapex, M, shiny|100/100
|-damage|p1a: Toxapex|88/100|[from] Stealth Rock
|move|p2a: Greninja|Ice Beam|p1a: Toxapex
|-resisted|p1a: Toxapex
|-damage|p1a: Toxapex|76/100
|-status|p1a: Toxapex|frz
|-enditem|p1a: Toxapex|Eject Button
|-damage|p2a: Greninja|91/100|[from] item: Life Orb
|
|t:|1769366723
|switch|p1a: Tyranitar|Tyranitar, M, shiny|100/100
|-damage|p1a: Tyranitar|88/100|[from] Stealth Rock
|-weather|Sandstorm|[from] ability: Sand Stream|[of] p1a: Tyranitar
|
|-weather|Sandstorm|[upkeep]
|-damage|p2a: Greninja|85/100|[from] Sandstorm
|upkeep
|turn|7
|
|t:|1769366727
|move|p2a: Greninja|Surf|p1a: Tyranitar
|-supereffective|p1a: Tyranitar
|-damage|p1a: Tyranitar|17/100
|-damage|p2a: Greninja|75/100|[from] item: Life Orb
|move|p1a: Tyranitar|Knock Off|p2a: Greninja
|-resisted|p2a: Greninja
|-damage|p2a: Greninja|29/100
|-enditem|p2a: Greninja|Life Orb|[from] move: Knock Off|[of] p1a: Tyranitar
|
|-weather|Sandstorm|[upkeep]
|-damage|p2a: Greninja|23/100|[from] Sandstorm
|upkeep
|turn|8
|
|t:|1769366734
|switch|p1a: Toxapex|Toxapex, M, shiny|100/100 frz
|-damage|p1a: Toxapex|88/100 frz|[from] Stealth Rock
|move|p2a: Greninja|Surf|p1a: Toxapex
|-resisted|p1a: Toxapex
|-damage|p1a: Toxapex|75/100 frz
|
|-weather|Sandstorm|[upkeep]
|-damage|p2a: Greninja|17/100|[from] Sandstorm
|-damage|p1a: Toxapex|69/100 frz|[from] Sandstorm
|upkeep
|turn|9
|
|t:|1769366738
|move|p2a: Greninja|Dark Pulse|p1a: Toxapex
|-crit|p1a: Toxapex
|-damage|p1a: Toxapex|32/100 frz
|-curestatus|p1a: Toxapex|frz|[msg]
|move|p1a: Toxapex|Recover|p1a: Toxapex
|-heal|p1a: Toxapex|82/100
|
|-weather|Sandstorm|[upkeep]
|-damage|p2a: Greninja|11/100|[from] Sandstorm
|-damage|p1a: Toxapex|76/100|[from] Sandstorm
|upkeep
|turn|10
|
|t:|1769366742
|move|p2a: Greninja|Dark Pulse|p1a: Toxapex
|-crit|p1a: Toxapex
|-damage|p1a: Toxapex|37/100
|move|p1a: Toxapex|Recover|p1a: Toxapex
|-heal|p1a: Toxapex|87/100
|
|-weather|Sandstorm|[upkeep]
|-damage|p2a: Greninja|5/100|[from] Sandstorm
|-damage|p1a: Toxapex|81/100|[from] Sandstorm
|upkeep
|turn|11
|
|t:|1769366746
|move|p2a: Greninja|Dark Pulse|p1a: Toxapex
|-damage|p1a: Toxapex|55/100
|move|p1a: Toxapex|Recover|p1a: Toxapex
|-heal|p1a: Toxapex|100/100
|
|-weather|Sandstorm|[upkeep]
|-damage|p2a: Greninja|0 fnt|[from] Sandstorm
|-damage|p1a: Toxapex|95/100|[from] Sandstorm
|faint|p2a: Greninja
|upkeep
|
|t:|1769366751
|switch|p2a: Magmortar|Magmortar, M|100/100
|turn|12
|
|t:|1769366753
|move|p2a: Magmortar|Solar Beam||[still]
|-prepare|p2a: Magmortar|Solar Beam
|-enditem|p2a: Magmortar|Power Herb
|-anim|p2a: Magmortar|Solar Beam|p1a: Toxapex
|-damage|p1a: Toxapex|81/100
|move|p1a: Toxapex|Toxic|p2a: Magmortar
|-status|p2a: Magmortar|tox
|
|-weather|Sandstorm|[upkeep]
|-damage|p2a: Magmortar|94/100 tox|[from] Sandstorm
|-damage|p1a: Toxapex|75/100|[from] Sandstorm
|-damage|p2a: Magmortar|88/100 tox|[from] psn
|upkeep
|turn|13
|
|t:|1769366759
|move|p2a: Magmortar|Psychic|p1a: Toxapex
|-supereffective|p1a: Toxapex
|-damage|p1a: Toxapex|31/100
|move|p1a: Toxapex|Toxic Spikes|p2a: Magmortar
|-sidestart|p2: burmyhunter9903|move: Toxic Spikes
|
|-weather|none
|-damage|p2a: Magmortar|76/100 tox|[from] psn
|upkeep
|turn|14
|
|t:|1769366767
|switch|p1a: Tyranitar|Tyranitar, M, shiny|17/100
|-damage|p1a: Tyranitar|4/100|[from] Stealth Rock
|-weather|Sandstorm|[from] ability: Sand Stream|[of] p1a: Tyranitar
|move|p2a: Magmortar|Psychic|p1a: Tyranitar
|-immune|p1a: Tyranitar
|
|-weather|Sandstorm|[upkeep]
|-damage|p2a: Magmortar|70/100 tox|[from] Sandstorm
|-damage|p2a: Magmortar|51/100 tox|[from] psn
|upkeep
|turn|15
|
|t:|1769366773
|move|p2a: Magmortar|Flamethrower|p1a: Tyranitar
|-resisted|p1a: Tyranitar
|-damage|p1a: Tyranitar|0 fnt
|faint|p1a: Tyranitar
|
|-weather|Sandstorm|[upkeep]
|-damage|p2a: Magmortar|45/100 tox|[from] Sandstorm
|-damage|p2a: Magmortar|20/100 tox|[from] psn
|upkeep
|
|t:|1769366775
|switch|p1a: Toxapex|Toxapex, M, shiny|64/100
|-damage|p1a: Toxapex|52/100|[from] Stealth Rock
|turn|16
|
|t:|1769366779
|move|p2a: Magmortar|Psychic|p1a: Toxapex
|-supereffective|p1a: Toxapex
|-damage|p1a: Toxapex|7/100
|move|p1a: Toxapex|Recover|p1a: Toxapex
|-heal|p1a: Toxapex|57/100
|
|-weather|Sandstorm|[upkeep]
|-damage|p2a: Magmortar|14/100 tox|[from] Sandstorm
|-damage|p1a: Toxapex|51/100|[from] Sandstorm
|-damage|p2a: Magmortar|0 fnt|[from] psn
|faint|p2a: Magmortar
|upkeep
|
|t:|1769366783
|switch|p2a: Grimmsnarl|Grimmsnarl, M|100/100
|-status|p2a: Grimmsnarl|psn
|turn|17
|
|t:|1769366784
|move|p2a: Grimmsnarl|Nasty Plot|p2a: Grimmsnarl
|-boost|p2a: Grimmsnarl|spa|2
|move|p1a: Toxapex|Recover|p1a: Toxapex
|-heal|p1a: Toxapex|100/100
|
|-weather|Sandstorm|[upkeep]
|-damage|p2a: Grimmsnarl|94/100 psn|[from] Sandstorm
|-damage|p1a: Toxapex|95/100|[from] Sandstorm
|-damage|p2a: Grimmsnarl|82/100 psn|[from] psn
|upkeep
|turn|18
|c|☆TackyZack|????
|
|t:|1769366796
|-terastallize|p2a: Grimmsnarl|Steel
|move|p2a: Grimmsnarl|Dark Pulse|p1a: Toxapex
|-damage|p1a: Toxapex|46/100
|cant|p1a: Toxapex|flinch
|
|-weather|Sandstorm|[upkeep]
|-damage|p1a: Toxapex|40/100|[from] Sandstorm
|-damage|p2a: Grimmsnarl|70/100 psn|[from] psn
|upkeep
|turn|19
|
|t:|1769366803
|-terastallize|p1a: Toxapex|Fairy
|move|p2a: Grimmsnarl|Dark Pulse|p1a: Toxapex
|-resisted|p1a: Toxapex
|-damage|p1a: Toxapex|12/100
|move|p1a: Toxapex|Recover|p1a: Toxapex
|-heal|p1a: Toxapex|63/100
|
|-weather|Sandstorm|[upkeep]
|-damage|p1a: Toxapex|57/100|[from] Sandstorm
|-damage|p2a: Grimmsnarl|57/100 psn|[from] psn
|upkeep
|turn|20
|
|t:|1769366809
|move|p2a: Grimmsnarl|Draining Kiss|p1a: Toxapex
|-damage|p1a: Toxapex|23/100
|-heal|p2a: Grimmsnarl|77/100 psn|[from] drain|[of] p1a: Toxapex
|move|p1a: Toxapex|Recover|p1a: Toxapex
|-heal|p1a: Toxapex|73/100
|
|-weather|Sandstorm|[upkeep]
|-damage|p1a: Toxapex|67/100|[from] Sandstorm
|-damage|p2a: Grimmsnarl|64/100 psn|[from] psn
|upkeep
|turn|21
|
|t:|1769366814
|move|p2a: Grimmsnarl|Nasty Plot|p2a: Grimmsnarl
|-boost|p2a: Grimmsnarl|spa|2
|move|p1a: Toxapex|Haze|p1a: Toxapex
|-clearallboost
|
|-weather|none
|-damage|p2a: Grimmsnarl|52/100 psn|[from] psn
|upkeep
|turn|22
|
|t:|1769366820
|move|p2a: Grimmsnarl|Nasty Plot|p2a: Grimmsnarl
|-boost|p2a: Grimmsnarl|spa|2
|move|p1a: Toxapex|Recover|p1a: Toxapex
|-heal|p1a: Toxapex|100/100
|
|-damage|p2a: Grimmsnarl|39/100 psn|[from] psn
|upkeep
|turn|23
|
|t:|1769366825
|move|p2a: Grimmsnarl|Draining Kiss|p1a: Toxapex
|-damage|p1a: Toxapex|68/100
|-heal|p2a: Grimmsnarl|58/100 psn|[from] drain|[of] p1a: Toxapex
|move|p1a: Toxapex|Haze|p1a: Toxapex
|-clearallboost
|
|-damage|p2a: Grimmsnarl|46/100 psn|[from] psn
|upkeep
|turn|24
|
|t:|1769366830
|move|p2a: Grimmsnarl|Draining Kiss|p1a: Toxapex
|-damage|p1a: Toxapex|52/100
|-heal|p2a: Grimmsnarl|55/100 psn|[from] drain|[of] p1a: Toxapex
|move|p1a: Toxapex|Haze|p1a: Toxapex
|-clearallboost
|
|-damage|p2a: Grimmsnarl|43/100 psn|[from] psn
|upkeep
|turn|25
|
|t:|1769366834
|switch|p1a: Excadrill|Excadrill, M, shiny|100/100
|-damage|p1a: Excadrill|97/100|[from] Stealth Rock
|move|p2a: Grimmsnarl|Draining Kiss|p1a: Excadrill
|-resisted|p1a: Excadrill
|-damage|p1a: Excadrill|82/100
|-heal|p2a: Grimmsnarl|53/100 psn|[from] drain|[of] p1a: Excadrill
|
|-heal|p1a: Excadrill|89/100|[from] item: Leftovers
|-damage|p2a: Grimmsnarl|41/100 psn|[from] psn
|upkeep
|turn|26
|
|t:|1769366839
|move|p1a: Excadrill|Earthquake|p2a: Grimmsnarl
|-supereffective|p2a: Grimmsnarl
|-damage|p2a: Grimmsnarl|0 fnt
|faint|p2a: Grimmsnarl
|
|win|TackyZack
|raw|TackyZack's rating: 1174 &rarr; <strong>1196</strong><br />(+22 for winning)
|raw|burmyhunter9903's rating: 1133 &rarr; <strong>1111</strong><br />(-22 for losing)
|l|☆burmyhunter9903
|player|p2|
|l|☆TackyZack
|player|p1|
