|j|☆allyofjusticeee
|j|☆redundantcolon
|t:|1769347325
|gametype|singles
|player|p1|allyofjusticeee|102|1352
|player|p2|redundantcolon|101|1325
|gen|9
|tier|[Gen 9] OU
|rated|
|rule|HP Percentage Mod: HP is shown in percentages
|rule|Endless Battle Clause: Forcing endless battles is banned
|rule|Species Clause: Limit one of each Pokémon
|rule|OHKO Clause: OHKO moves are banned
|rule|Evasion Items Clause: Evasion items are banned
|rule|Evasion Moves Clause: Evasion moves are banned
|rule|Evasion Abilities Clause: Evasion abilities are banned
|rule|Sleep Moves Clause: Sleep-inducing moves are banned
|clearpoke
|poke|p1|Tentacruel, M|
|poke|p1|Sceptile, F|
|poke|p1|Trevenant, M|
|poke|p1|Sandaconda, M|
|poke|p1|Tauros-Paldea-Blaze, M|
|poke|p1|Bisharp, M|
|poke|p2|Volcanion|
|poke|p2|Cresselia, F|
|poke|p2|Iron Hands|
|poke|p2|Porygon2|
|poke|p2|Ursaluna, M|
|poke|p2|Hatterene, F|
|teampreview
|
|t:|1769347341
|teamsize|p1|6
|teamsize|p2|6
|start
|switch|p1a: Trevenant|Trevenant, M|100/100
|switch|p2a: Volcanion|Volcanion|100/100
|turn|1
|
|t:|1769347363
|switch|p1a: Tentacruel|Tentacruel, M|100/100
|move|p2a: Volcanion|Flamethrower|p1a: Tentacruel
|-resisted|p1a: Tentacruel
|-damage|p1a: Tentacruel|70/100
|
|-heal|p1a: Tentacruel|76/100|[from] item: Leftovers
|upkeep
|turn|2
|
|t:|1769347372
|switch|p2a: Cresselia|Cresselia, F|100/100
|move|p1a: Tentacruel|Acid Spray|p2a: Cresselia
|-damage|p2a: Cresselia|91/100
|-unboost|p2a: Cresselia|spd|2
|
|-heal|p1a: Tentacruel|82/100|[from] item: Leftovers
|upkeep
|turn|3
|
|t:|1769347383
|move|p1a: Tentacruel|Surf|p2a: Cresselia
|-damage|p2a: Cresselia|49/100
|move|p2a: Cresselia|Trick Room|p2a: Cresselia
|-fieldstart|move: Trick Room|[of] p2a: Cresselia
|
|-heal|p1a: Tentacruel|89/100|[from] item: Leftovers
|upkeep
|turn|4
|
|t:|1769347393
|move|p2a: Cresselia|Psychic|p1a: Tentacruel
|-supereffective|p1a: Tentacruel
|-damage|p1a: Tentacruel|46/100
|move|p1a: Tentacruel|Surf|p2a: Cresselia
|-damage|p2a: Cresselia|5/100
|
|-heal|p1a: Tentacruel|53/100|[from] item: Leftovers
|upkeep
|turn|5
|
|t:|1769347402
|switch|p1a: Bisharp|Bisharp, M|100/100
|move|p2a: Cresselia|Psychic|p1a: Bisharp
|-immune|p1a: Bisharp
|
|upkeep
|turn|6
|
|t:|1769347472
|move|p2a: Cresselia|Moonblast|p1a: Bisharp
|-damage|p1a: Bisharp|87/100
|-unboost|p1a: Bisharp|spa|1
|-ability|p1a: Bisharp|Defiant|boost
|-boost|p1a: Bisharp|atk|2
|move|p1a: Bisharp|Night Slash|p2a: Cresselia
|-supereffective|p2a: Cresselia
|-damage|p2a: Cresselia|0 fnt
|faint|p2a: Cresselia
|
|upkeep
|
|t:|1769347477
|switch|p2a: Iron Hands|Iron Hands|100/100
|-enditem|p2a: Iron Hands|Booster Energy
|-activate|p2a: Iron Hands|ability: Quark Drive|[fromitem]
|-start|p2a: Iron Hands|quarkdriveatk
|turn|7
|
|t:|1769347489
|switch|p1a: Sandaconda|Sandaconda, M|100/100
|move|p2a: Iron Hands|Drain Punch|p1a: Sandaconda
|-damage|p1a: Sandaconda|62/100
|
|-heal|p1a: Sandaconda|69/100|[from] item: Leftovers
|-fieldend|move: Trick Room
|upkeep
|turn|8
|
|t:|1769347514
|move|p1a: Sandaconda|Earthquake|p2a: Iron Hands
|-supereffective|p2a: Iron Hands
|-damage|p2a: Iron Hands|51/100
|move|p2a: Iron Hands|Ice Punch|p1a: Sandaconda
|-supereffective|p1a: Sandaconda
|-damage|p1a: Sandaconda|17/100
|
|-heal|p1a: Sandaconda|23/100|[from] item: Leftovers
|upkeep
|turn|9
|
|t:|1769347526
|-end|p2a: Iron Hands|Quark Drive|[silent]
|switch|p2a: Porygon2|Porygon2|100/100
|-ability|p2a: Porygon2|Download|boost
|-boost|p2a: Porygon2|spa|1
|move|p1a: Sandaconda|Earthquake|p2a: Porygon2
|-damage|p2a: Porygon2|73/100
|
|-heal|p1a: Sandaconda|29/100|[from] item: Leftovers
|upkeep
|turn|10
|
|t:|1769347552
|move|p1a: Sandaconda|Substitute|p1a: Sandaconda
|-start|p1a: Sandaconda|Substitute
|-damage|p1a: Sandaconda|5/100
|move|p2a: Porygon2|Trick Room|p2a: Porygon2
|-fieldstart|move: Trick Room|[of] p2a: Porygon2
|
|-heal|p1a: Sandaconda|11/100|[from] item: Leftovers
|upkeep
|turn|11
|
|t:|1769347560
|move|p2a: Porygon2|Ice Beam|p1a: Sandaconda
|-supereffective|p1a: Sandaconda
|-end|p1a: Sandaconda|Substitute
|move|p1a: Sandaconda|Endeavor|p2a: Porygon2
|-damage|p2a: Porygon2|10/100
|
|-heal|p1a: Sandaconda|17/100|[from] item: Leftovers
|upkeep
|turn|12
|
|t:|1769347572
|switch|p1a: Bisharp|Bisharp, M|87/100
|move|p2a: Porygon2|Ice Beam|p1a: Bisharp
|-resisted|p1a: Bisharp
|-damage|p1a: Bisharp|68/100
|
|upkeep
|turn|13
|
|t:|1769347581
|switch|p2a: Iron Hands|Iron Hands|51/100
|move|p1a: Bisharp|Night Slash|p2a: Iron Hands
|-resisted|p2a: Iron Hands
|-damage|p2a: Iron Hands|39/100
|
|upkeep
|turn|14
|
|t:|1769347588
|switch|p1a: Trevenant|Trevenant, M|100/100
|move|p2a: Iron Hands|Drain Punch|p1a: Trevenant
|-immune|p1a: Trevenant
|
|-fieldend|move: Trick Room
|upkeep
|turn|15
|
|t:|1769347598
|switch|p1a: Tauros|Tauros-Paldea-Blaze, M|100/100
|-ability|p1a: Tauros|Intimidate|boost
|-unboost|p2a: Iron Hands|atk|1
|move|p2a: Iron Hands|Ice Punch|p1a: Tauros
|-resisted|p1a: Tauros
|-crit|p1a: Tauros
|-damage|p1a: Tauros|83/100
|
|-heal|p1a: Tauros|89/100|[from] item: Leftovers
|upkeep
|turn|16
|
|t:|1769347614
|-end|p2a: Iron Hands|Quark Drive|[silent]
|switch|p2a: Porygon2|Porygon2|10/100
|-ability|p2a: Porygon2|Download|boost
|-boost|p2a: Porygon2|spa|1
|move|p1a: Tauros|Body Press|p2a: Porygon2
|-supereffective|p2a: Porygon2
|-damage|p2a: Porygon2|0 fnt
|faint|p2a: Porygon2
|
|-heal|p1a: Tauros|96/100|[from] item: Leftovers
|upkeep
|
|t:|1769347617
|switch|p2a: Hatterene|Hatterene, F|100/100
|turn|17
|
|t:|1769347628
|switch|p1a: Bisharp|Bisharp, M|68/100
|move|p2a: Hatterene|Trick Room|p2a: Hatterene
|-fieldstart|move: Trick Room|[of] p2a: Hatterene
|
|upkeep
|turn|18
|
|t:|1769347638
|switch|p2a: Iron Hands|Iron Hands|39/100
|move|p1a: Bisharp|Iron Head|p2a: Iron Hands
|-resisted|p2a: Iron Hands
|-damage|p2a: Iron Hands|27/100
|
|upkeep
|turn|19
|
|t:|1769347646
|switch|p1a: Tauros|Tauros-Paldea-Blaze, M|96/100
|-ability|p1a: Tauros|Intimidate|boost
|-unboost|p2a: Iron Hands|atk|1
|move|p2a: Iron Hands|Drain Punch|p1a: Tauros
|-damage|p1a: Tauros|75/100
|-heal|p2a: Iron Hands|34/100|[from] drain|[of] p1a: Tauros
|
|-heal|p1a: Tauros|81/100|[from] item: Leftovers
|upkeep
|turn|20
|
|t:|1769347657
|-end|p2a: Iron Hands|Quark Drive|[silent]
|switch|p2a: Ursaluna|Ursaluna, M|100/100
|move|p1a: Tauros|Body Press|p2a: Ursaluna
|-supereffective|p2a: Ursaluna
|-damage|p2a: Ursaluna|44/100
|
|-heal|p1a: Tauros|87/100|[from] item: Leftovers
|-status|p2a: Ursaluna|brn|[from] item: Flame Orb
|upkeep
|turn|21
|
|t:|1769347674
|switch|p1a: Trevenant|Trevenant, M|100/100
|move|p2a: Ursaluna|Headlong Rush|p1a: Trevenant
|-resisted|p1a: Trevenant
|-damage|p1a: Trevenant|41/100
|-unboost|p2a: Ursaluna|def|1
|-unboost|p2a: Ursaluna|spd|1
|-enditem|p1a: Trevenant|Sitrus Berry|[eat]
|-heal|p1a: Trevenant|66/100|[from] item: Sitrus Berry
|
|-damage|p2a: Ursaluna|38/100 brn|[from] brn
|-fieldend|move: Trick Room
|upkeep
|turn|22
|
|t:|1769347694
|switch|p2a: Volcanion|Volcanion|100/100
|move|p1a: Trevenant|Wood Hammer|p2a: Volcanion
|-damage|p2a: Volcanion|55/100
|-damage|p1a: Trevenant|51/100|[from] Recoil
|
|-item|p1a: Trevenant|Sitrus Berry|[from] ability: Harvest
|upkeep
|turn|23
|
|t:|1769347717
|switch|p1a: Tentacruel|Tentacruel, M|53/100
|move|p2a: Volcanion|Flamethrower|p1a: Tentacruel
|-resisted|p1a: Tentacruel
|-damage|p1a: Tentacruel|22/100
|
|-heal|p1a: Tentacruel|29/100|[from] item: Leftovers
|upkeep
|turn|24
|
|t:|1769347734
|move|p1a: Tentacruel|Acid Spray|p2a: Volcanion
|-damage|p2a: Volcanion|39/100
|-unboost|p2a: Volcanion|spd|2
|move|p2a: Volcanion|Flamethrower|p1a: Tentacruel
|-resisted|p1a: Tentacruel
|-damage|p1a: Tentacruel|0 fnt
|faint|p1a: Tentacruel
|
|upkeep
|
|t:|1769347789
|switch|p1a: Sceptile|Sceptile, F|100/100
|turn|25
|
|t:|1769347795
|move|p1a: Sceptile|Leaf Storm|p2a: Volcanion
|-damage|p2a: Volcanion|0 fnt
|-unboost|p1a: Sceptile|spa|2
|faint|p2a: Volcanion
|
|upkeep
|
|t:|1769347804
|switch|p2a: Hatterene|Hatterene, F|100/100
|turn|26
|
|t:|1769347810
|move|p1a: Sceptile|Substitute|p1a: Sceptile
|-start|p1a: Sceptile|Substitute
|-damage|p1a: Sceptile|76/100
|move|p2a: Hatterene|Trick Room|p2a: Hatterene
|-fieldstart|move: Trick Room|[of] p2a: Hatterene
|
|-heal|p1a: Sceptile|82/100|[from] item: Leftovers
|upkeep
|turn|27
|
|t:|1769347818
|move|p2a: Hatterene|Psychic Noise|p1a: Sceptile
|-damage|p1a: Sceptile|19/100
|-start|p1a: Sceptile|move: Heal Block
|move|p1a: Sceptile|Substitute|p1a: Sceptile
|-fail|p1a: Sceptile|move: Substitute
|
|upkeep
|turn|28
|
|t:|1769347827
|switch|p1a: Bisharp|Bisharp, M|68/100
|move|p2a: Hatterene|Psychic Noise|p1a: Bisharp
|-immune|p1a: Bisharp
|
|upkeep
|turn|29
|
|t:|1769347835
|move|p2a: Hatterene|Dazzling Gleam|p1a: Bisharp
|-damage|p1a: Bisharp|30/100
|move|p1a: Bisharp|Iron Head|p2a: Hatterene
|-supereffective|p2a: Hatterene
|-enditem|p2a: Hatterene|Focus Sash
|-damage|p2a: Hatterene|1/100
|
|upkeep
|turn|30
|
|t:|1769347845
|move|p1a: Bisharp|Sucker Punch||[still]
|-fail|p1a: Bisharp
|move|p2a: Hatterene|Healing Wish|p2a: Hatterene
|faint|p2a: Hatterene
|
|-fieldend|move: Trick Room
|upkeep
|
|t:|1769347848
|switch|p2a: Iron Hands|Iron Hands|34/100
|-heal|p2a: Iron Hands|100/100|[from] move: Healing Wish
|turn|31
|
|t:|1769347861
|move|p1a: Bisharp|Low Kick|p2a: Iron Hands
|-damage|p2a: Iron Hands|75/100
|move|p2a: Iron Hands|Swords Dance|p2a: Iron Hands
|-boost|p2a: Iron Hands|atk|2
|
|upkeep
|turn|32
|
|t:|1769347880
|move|p1a: Bisharp|Low Kick|p2a: Iron Hands
|-damage|p2a: Iron Hands|50/100
|move|p2a: Iron Hands|Drain Punch|p1a: Bisharp
|-supereffective|p1a: Bisharp
|-damage|p1a: Bisharp|0 fnt
|-heal|p2a: Iron Hands|60/100|[from] drain|[of] p1a: Bisharp
|faint|p1a: Bisharp
|
|upkeep
|c|☆allyofjusticeee|I think
|c|☆allyofjusticeee|U should add some
|c|☆allyofjusticeee|Pokemkn
|c|☆allyofjusticeee|With priority move
|c|☆allyofjusticeee|Otheriwse
|c|☆allyofjusticeee|Ur team without trick room
|c|☆allyofjusticeee|Is too slow
|
|t:|1769347914
|switch|p1a: Sandaconda|Sandaconda, M|17/100
|turn|33
|
|t:|1769347920
|-terastallize|p2a: Iron Hands|Flying
|move|p1a: Sandaconda|Endeavor|p2a: Iron Hands
|-damage|p2a: Iron Hands|11/100
|move|p2a: Iron Hands|Drain Punch|p1a: Sandaconda
|-damage|p1a: Sandaconda|0 fnt
|-heal|p2a: Iron Hands|17/100|[from] drain|[of] p1a: Sandaconda
|faint|p1a: Sandaconda
|
|upkeep
|
|t:|1769347933
|switch|p1a: Tauros|Tauros-Paldea-Blaze, M|87/100
|-ability|p1a: Tauros|Intimidate|boost
|-unboost|p2a: Iron Hands|atk|1
|turn|34
|
|t:|1769347939
|move|p1a: Tauros|Raging Bull|p2a: Iron Hands
|-damage|p2a: Iron Hands|0 fnt
|faint|p2a: Iron Hands
|-end|p2a: Iron Hands|Quark Drive|[silent]
|
|-heal|p1a: Tauros|93/100|[from] item: Leftovers
|upkeep
|
|t:|1769347942
|switch|p2a: Ursaluna|Ursaluna, M|38/100 brn
|turn|35
|c|☆allyofjusticeee|Gg
|
|t:|1769347951
|move|p1a: Tauros|Body Press|p2a: Ursaluna
|-supereffective|p2a: Ursaluna
|-damage|p2a: Ursaluna|0 fnt
|faint|p2a: Ursaluna
|
|win|allyofjusticeee
|raw|allyofjusticeee's rating: 1352 &rarr; <strong>1372</strong><br />(+20 for winning)
|raw|redundantcolon's rating: 1346 &rarr; <strong>1326</strong><br />(-20 for losing)
|l|☆redundantcolon
|player|p2|
|l|☆allyofjusticeee
|player|p1|
