|j|☆sicksickman
|j|☆d00d guy
|t:|1769313680
|gametype|singles
|player|p1|sicksickman|hoopster|1483
|player|p2|d00d guy|emmet|1431
|gen|9
|tier|[Gen 9] OU
|rated|
|rule|HP Percentage Mod: HP is shown in percentages
|rule|Endless Battle Clause: Forcing endless battles is banned
|rule|Species Clause: Limit one of each Pokémon
|rule|OHKO Clause: OHKO moves are banned
|rule|Evasion Items Clause: Evasion items are banned
|rule|Evasion Moves Clause: Evasion moves are banned
|rule|Evasion Abilities Clause: Evasion abilities are banned
|rule|Sleep Moves Clause: Sleep-inducing moves are banned
|clearpoke
|poke|p1|Clodsire, M|
|poke|p1|Conkeldurr, M|
|poke|p1|Enamorus, F|
|poke|p1|Dragonite, F|
|poke|p1|Skarmory, M|
|poke|p1|Sinistcha|
|poke|p2|Tyranitar, M|
|poke|p2|Excadrill, M|
|poke|p2|Iron Valiant|
|poke|p2|Zapdos|
|poke|p2|Ogerpon, F|
|poke|p2|Toxapex, M|
|teampreview
|
|t:|1769313699
|teamsize|p1|6
|teamsize|p2|6
|start
|switch|p1a: Conkeldurr|Conkeldurr, M|100/100
|switch|p2a: Tyranitar|Tyranitar, M, shiny|100/100
|-weather|Sandstorm|[from] ability: Sand Stream|[of] p2a: Tyranitar
|turn|1
|inactive|Battle timer is ON: inactive players will automatically lose when time's up. (requested by d00d guy)
|
|t:|1769313706
|switch|p2a: Toxapex|Toxapex, M, shiny|100/100
|move|p1a: Conkeldurr|Knock Off|p2a: Toxapex
|-damage|p2a: Toxapex|78/100
|-enditem|p2a: Toxapex|Eject Button|[from] move: Knock Off|[of] p1a: Conkeldurr
|
|-weather|Sandstorm|[upkeep]
|-damage|p1a: Conkeldurr|94/100|[from] Sandstorm
|-damage|p2a: Toxapex|72/100|[from] Sandstorm
|upkeep
|turn|2
|
|t:|1769313712
|switch|p1a: Clodsire|Clodsire, M|100/100
|move|p2a: Toxapex|Toxic Spikes|p1a: Clodsire
|-sidestart|p1: sicksickman|move: Toxic Spikes
|
|-weather|Sandstorm|[upkeep]
|-damage|p2a: Toxapex|67/100|[from] Sandstorm
|upkeep
|turn|3
|
|t:|1769313723
|switch|p2a: Ogerpon|Ogerpon, F|100/100
|move|p1a: Clodsire|Stealth Rock|p2a: Ogerpon
|-sidestart|p2: d00d guy|move: Stealth Rock
|
|-weather|Sandstorm|[upkeep]
|-damage|p2a: Ogerpon|95/100|[from] Sandstorm
|upkeep
|turn|4
|
|t:|1769313732
|switch|p1a: Skarmory|Skarmory, M|100/100
|move|p2a: Ogerpon|Knock Off|p1a: Skarmory
|-damage|p1a: Skarmory|70/100
|-enditem|p1a: Skarmory|Leftovers|[from] move: Knock Off|[of] p2a: Ogerpon
|
|-weather|Sandstorm|[upkeep]
|-damage|p2a: Ogerpon|89/100|[from] Sandstorm
|upkeep
|turn|5
|
|t:|1769313742
|switch|p2a: Tyranitar|Tyranitar, M, shiny|100/100
|-damage|p2a: Tyranitar|88/100|[from] Stealth Rock
|switch|p1a: Clodsire|Clodsire, M|100/100
|-sideend|p1: sicksickman|move: Toxic Spikes|[of] p1a: Clodsire
|
|-weather|Sandstorm|[upkeep]
|upkeep
|turn|6
|
|t:|1769313752
|move|p2a: Tyranitar|Knock Off|p1a: Clodsire
|-damage|p1a: Clodsire|56/100
|-enditem|p1a: Clodsire|Leftovers|[from] move: Knock Off|[of] p2a: Tyranitar
|move|p1a: Clodsire|Toxic|p2a: Tyranitar
|-status|p2a: Tyranitar|tox
|
|-weather|Sandstorm|[upkeep]
|-damage|p2a: Tyranitar|82/100 tox|[from] psn
|upkeep
|turn|7
|
|t:|1769313760
|switch|p1a: Skarmory|Skarmory, M|70/100
|move|p2a: Tyranitar|Stealth Rock|p1a: Skarmory
|-sidestart|p1: sicksickman|move: Stealth Rock
|
|-weather|Sandstorm|[upkeep]
|-damage|p2a: Tyranitar|70/100 tox|[from] psn
|upkeep
|turn|8
|
|t:|1769313772
|switch|p2a: Toxapex|Toxapex, M, shiny|99/100
|-damage|p2a: Toxapex|88/100|[from] Stealth Rock
|move|p1a: Skarmory|Spikes|p2a: Toxapex
|-sidestart|p2: d00d guy|Spikes
|
|-weather|none
|upkeep
|turn|9
|
|t:|1769313785
|switch|p1a: Enamorus|Enamorus, F|100/100
|-damage|p1a: Enamorus|76/100|[from] Stealth Rock
|switch|p2a: Zapdos|Zapdos, shiny|100/100
|
|-heal|p1a: Enamorus|82/100|[from] item: Leftovers
|upkeep
|turn|10
|
|t:|1769313793
|-terastallize|p1a: Enamorus|Ground
|move|p2a: Zapdos|Hurricane|p1a: Enamorus
|-damage|p1a: Enamorus|0 fnt
|faint|p1a: Enamorus
|
|upkeep
|-message|sicksickman forfeited.
|
|win|d00d guy
|raw|sicksickman's rating: 1483 &rarr; <strong>1460</strong><br />(-23 for losing)
|raw|d00d guy's rating: 1431 &rarr; <strong>1454</strong><br />(+23 for winning)
