|j|☆yiiiih
|j|☆rogerrc93
|t:|1769296089
|gametype|singles
|player|p1|yiiiih|bellelba|1490
|player|p2|rogerrc93|picnicker|1501
|gen|9
|tier|[Gen 9] OU
|rated|
|rule|HP Percentage Mod: HP is shown in percentages
|rule|Endless Battle Clause: Forcing endless battles is banned
|rule|Species Clause: Limit one of each Pokémon
|rule|OHKO Clause: OHKO moves are banned
|rule|Evasion Items Clause: Evasion items are banned
|rule|Evasion Moves Clause: Evasion moves are banned
|rule|Evasion Abilities Clause: Evasion abilities are banned
|rule|Sleep Moves Clause: Sleep-inducing moves are banned
|clearpoke
|poke|p1|Iron Moth|
|poke|p1|Kingambit, M|
|poke|p1|Dragonite, F|
|poke|p1|Ogerpon-Cornerstone, F|
|poke|p1|Iron Valiant|
|poke|p1|Raging Bolt|
|poke|p2|Meowscarada, F|
|poke|p2|Volcanion|
|poke|p2|Iron Moth|
|poke|p2|Corviknight, M|
|poke|p2|Clodsire, F|
|poke|p2|Maushold-Four|
|teampreview
|inactive|Battle timer is ON: inactive players will automatically lose when time's up. (requested by yiiiih)
|
|t:|1769296099
|teamsize|p1|6
|teamsize|p2|6
|start
|switch|p1a: Iron Moth|Iron Moth|100/100
|switch|p2a: Maushold|Maushold-Four|100/100
|-enditem|p1a: Iron Moth|Booster Energy
|-activate|p1a: Iron Moth|ability: Quark Drive|[fromitem]
|-start|p1a: Iron Moth|quarkdrivespe
|turn|1
|
|t:|1769296103
|switch|p2a: Clodsire|Clodsire, F|100/100
|move|p1a: Iron Moth|Fiery Dance|p2a: Clodsire
|-damage|p2a: Clodsire|80/100
|-boost|p1a: Iron Moth|spa|1
|
|-heal|p2a: Clodsire|87/100|[from] item: Leftovers
|upkeep
|turn|2
|
|t:|1769296113
|-terastallize|p1a: Iron Moth|Grass
|move|p1a: Iron Moth|Fiery Dance|p2a: Clodsire
|-damage|p2a: Clodsire|65/100
|move|p2a: Clodsire|Stealth Rock|p1a: Iron Moth
|-sidestart|p1: yiiiih|move: Stealth Rock
|
|-heal|p2a: Clodsire|72/100|[from] item: Leftovers
|upkeep
|turn|3
|
|t:|1769296120
|move|p1a: Iron Moth|Fiery Dance|p2a: Clodsire
|-damage|p2a: Clodsire|50/100
|-boost|p1a: Iron Moth|spa|1
|move|p2a: Clodsire|Toxic|p1a: Iron Moth
|-status|p1a: Iron Moth|tox
|
|-heal|p2a: Clodsire|56/100|[from] item: Leftovers
|-damage|p1a: Iron Moth|95/100 tox|[from] psn
|upkeep
|turn|4
|
|t:|1769296126
|move|p1a: Iron Moth|Energy Ball|p2a: Clodsire
|-crit|p2a: Clodsire
|-damage|p2a: Clodsire|22/100
|move|p2a: Clodsire|Recover|p2a: Clodsire
|-heal|p2a: Clodsire|72/100
|
|-heal|p2a: Clodsire|79/100|[from] item: Leftovers
|-damage|p1a: Iron Moth|83/100 tox|[from] psn
|upkeep
|turn|5
|
|t:|1769296140
|move|p1a: Iron Moth|Fiery Dance|p2a: Clodsire
|-damage|p2a: Clodsire|58/100
|move|p2a: Clodsire|Earthquake|p1a: Iron Moth
|-resisted|p1a: Iron Moth
|-damage|p1a: Iron Moth|64/100 tox
|
|-heal|p2a: Clodsire|65/100|[from] item: Leftovers
|-damage|p1a: Iron Moth|46/100 tox|[from] psn
|upkeep
|turn|6
|
|t:|1769296144
|move|p1a: Iron Moth|Fiery Dance|p2a: Clodsire
|-damage|p2a: Clodsire|44/100
|-boost|p1a: Iron Moth|spa|1
|move|p2a: Clodsire|Recover|p2a: Clodsire
|-heal|p2a: Clodsire|94/100
|
|-heal|p2a: Clodsire|99/100|[from] item: Leftovers
|-damage|p1a: Iron Moth|22/100 tox|[from] psn
|upkeep
|turn|7
|
|t:|1769296155
|move|p1a: Iron Moth|Energy Ball|p2a: Clodsire
|-damage|p2a: Clodsire|76/100
|move|p2a: Clodsire|Earthquake|p1a: Iron Moth
|-resisted|p1a: Iron Moth
|-damage|p1a: Iron Moth|1/100 tox
|
|-heal|p2a: Clodsire|82/100|[from] item: Leftovers
|-damage|p1a: Iron Moth|0 fnt|[from] psn
|faint|p1a: Iron Moth
|-end|p1a: Iron Moth|Quark Drive|[silent]
|upkeep
|
|t:|1769296158
|switch|p1a: Dragonite|Dragonite, F|100/100
|turn|8
|
|t:|1769296167
|move|p1a: Dragonite|Earthquake|p2a: Clodsire
|-supereffective|p2a: Clodsire
|-damage|p2a: Clodsire|0 fnt
|faint|p2a: Clodsire
|
|upkeep
|
|t:|1769296173
|switch|p2a: Maushold|Maushold-Four|100/100
|turn|9
|
|t:|1769296178
|-terastallize|p2a: Maushold|Normal
|move|p2a: Maushold|Population Bomb|p1a: Dragonite
|-damage|p1a: Dragonite|92/100
|-damage|p1a: Dragonite|74/100
|-crit|p1a: Dragonite
|-damage|p1a: Dragonite|51/100
|-damage|p1a: Dragonite|34/100
|-damage|p1a: Dragonite|16/100
|-damage|p1a: Dragonite|0 fnt
|faint|p1a: Dragonite
|-hitcount|p1: Dragonite|6
|
|upkeep
|
|t:|1769296182
|switch|p1a: Iron Valiant|Iron Valiant|100/100
|-damage|p1a: Iron Valiant|94/100|[from] Stealth Rock
|-enditem|p1a: Iron Valiant|Booster Energy
|-activate|p1a: Iron Valiant|ability: Quark Drive|[fromitem]
|-start|p1a: Iron Valiant|quarkdrivespe
|turn|10
|
|t:|1769296203
|switch|p2a: Corviknight|Corviknight, M, shiny|100/100
|-ability|p2a: Corviknight|Pressure
|move|p1a: Iron Valiant|Destiny Bond|p1a: Iron Valiant
|-singlemove|p1a: Iron Valiant|Destiny Bond
|
|upkeep
|turn|11
|
|t:|1769296209
|move|p1a: Iron Valiant|Swords Dance|p1a: Iron Valiant
|-boost|p1a: Iron Valiant|atk|2
|move|p2a: Corviknight|Brave Bird|p1a: Iron Valiant
|-supereffective|p1a: Iron Valiant
|-damage|p1a: Iron Valiant|4/100
|-damage|p2a: Corviknight|79/100|[from] Recoil
|
|upkeep
|turn|12
|
|t:|1769296217
|move|p1a: Iron Valiant|Destiny Bond|p1a: Iron Valiant
|-singlemove|p1a: Iron Valiant|Destiny Bond
|move|p2a: Corviknight|Bulk Up|p2a: Corviknight
|-boost|p2a: Corviknight|atk|1
|-boost|p2a: Corviknight|def|1
|
|upkeep
|turn|13
|
|t:|1769296222
|move|p1a: Iron Valiant|Knock Off|p2a: Corviknight
|-damage|p2a: Corviknight|51/100
|-damage|p1a: Iron Valiant|0 fnt|[from] item: Rocky Helmet|[of] p2a: Corviknight
|faint|p1a: Iron Valiant
|-end|p1a: Iron Valiant|Quark Drive|[silent]
|move|p2a: Corviknight|Brave Bird|p1: Iron Valiant|[notarget]
|-fail|p2a: Corviknight
|
|upkeep
|
|t:|1769296228
|switch|p1a: Raging Bolt|Raging Bolt|100/100
|-damage|p1a: Raging Bolt|88/100|[from] Stealth Rock
|-enditem|p1a: Raging Bolt|Booster Energy
|-activate|p1a: Raging Bolt|ability: Protosynthesis|[fromitem]
|-start|p1a: Raging Bolt|protosynthesisspa
|turn|14
|
|t:|1769296240
|switch|p2a: Meowscarada|Meowscarada, F|100/100
|move|p1a: Raging Bolt|Calm Mind|p1a: Raging Bolt
|-boost|p1a: Raging Bolt|spa|1
|-boost|p1a: Raging Bolt|spd|1
|
|upkeep
|turn|15
|
|t:|1769296247
|move|p2a: Meowscarada|Trick|p1a: Raging Bolt
|-start|p2a: Meowscarada|typechange|Psychic|[from] ability: Protean
|-activate|p2a: Meowscarada|move: Trick|[of] p1a: Raging Bolt
|-item|p1a: Raging Bolt|Choice Scarf|[from] move: Trick
|-enditem|p2a: Meowscarada|Choice Scarf|[silent]|[from] move: Trick
|move|p1a: Raging Bolt|Dragon Pulse|p2a: Meowscarada
|-damage|p2a: Meowscarada|0 fnt
|faint|p2a: Meowscarada
|
|upkeep
|
|t:|1769296255
|switch|p2a: Maushold|Maushold-Four, tera:Normal|100/100
|turn|16
|
|t:|1769296264
|move|p1a: Raging Bolt|Dragon Pulse|p2a: Maushold
|-damage|p2a: Maushold|0 fnt
|faint|p2a: Maushold
|
|upkeep
|
|t:|1769296271
|switch|p2a: Corviknight|Corviknight, M, shiny|51/100
|-ability|p2a: Corviknight|Pressure
|turn|17
|
|t:|1769296277
|move|p1a: Raging Bolt|Dragon Pulse|p2a: Corviknight
|-resisted|p2a: Corviknight
|-damage|p2a: Corviknight|3/100
|move|p2a: Corviknight|Roost|p2a: Corviknight
|-heal|p2a: Corviknight|53/100
|-singleturn|p2a: Corviknight|move: Roost
|
|upkeep
|turn|18
|
|t:|1769296282
|move|p1a: Raging Bolt|Dragon Pulse|p2a: Corviknight
|-resisted|p2a: Corviknight
|-damage|p2a: Corviknight|0 fnt
|faint|p2a: Corviknight
|
|upkeep
|
|t:|1769296286
|switch|p2a: Volcanion|Volcanion|100/100
|turn|19
|
|t:|1769296288
|move|p1a: Raging Bolt|Dragon Pulse|p2a: Volcanion
|-damage|p2a: Volcanion|32/100
|move|p2a: Volcanion|Earth Power|p1a: Raging Bolt
|-supereffective|p1a: Raging Bolt
|-damage|p1a: Raging Bolt|46/100
|
|upkeep
|turn|20
|
|t:|1769296292
|move|p1a: Raging Bolt|Dragon Pulse|p2a: Volcanion
|-damage|p2a: Volcanion|0 fnt
|faint|p2a: Volcanion
|
|upkeep
|
|t:|1769296296
|switch|p2a: Iron Moth|Iron Moth|100/100
|-enditem|p2a: Iron Moth|Booster Energy
|-activate|p2a: Iron Moth|ability: Quark Drive|[fromitem]
|-start|p2a: Iron Moth|quarkdrivespe
|turn|21
|l|☆rogerrc93
|inactive|rogerrc93 disconnected and has a minute to reconnect!
|player|p2|
|inactive|rogerrc93 has 30 seconds to reconnect!
|inactive|rogerrc93 has 20 seconds to reconnect!
|inactive|rogerrc93 has 15 seconds to reconnect!
|inactive|rogerrc93 has 10 seconds to reconnect!
|inactive|rogerrc93 has 5 seconds to reconnect!
|-message|rogerrc93 lost due to inactivity.
|
|win|yiiiih
|raw|yiiiih's rating: 1490 &rarr; <strong>1511</strong><br />(+21 for winning)
|raw|rogerrc93's rating: 1501 &rarr; <strong>1480</strong><br />(-21 for losing)
