|j|☆123qazwsx
|j|☆trc lucy
|t:|1769420542
|gametype|singles
|player|p1|123qazwsx|265|1444
|player|p2|trc lucy|169|1400
|gen|9
|tier|[Gen 9] OU
|rated|
|rule|HP Percentage Mod: HP is shown in percentages
|rule|Endless Battle Clause: Forcing endless battles is banned
|rule|Species Clause: Limit one of each Pokémon
|rule|OHKO Clause: OHKO moves are banned
|rule|Evasion Items Clause: Evasion items are banned
|rule|Evasion Moves Clause: Evasion moves are banned
|rule|Evasion Abilities Clause: Evasion abilities are banned
|rule|Sleep Moves Clause: Sleep-inducing moves are banned
|clearpoke
|poke|p1|Pelipper, F|
|poke|p1|Tornadus-Therian, M|
|poke|p1|Iron Treads|
|poke|p1|Dragapult, F|
|poke|p1|Keldeo-Resolute|
|poke|p1|Raging Bolt|
|poke|p2|Zamazenta-*|
|poke|p2|Ninetales-Alola, F|
|poke|p2|Darkrai|
|poke|p2|Ceruledge, M|
|poke|p2|Gliscor, M|
|poke|p2|Hatterene, F|
|teampreview
|inactive|Battle timer is ON: inactive players will automatically lose when time's up. (requested by 123qazwsx)
|inactive|123qazwsx has 120 seconds left.
|
|t:|1769420589
|teamsize|p1|6
|teamsize|p2|6
|start
|switch|p1a: Iron Treads|Iron Treads|100/100
|switch|p2a: Ninetales|Ninetales-Alola, F|100/100
|-weather|Snowscape|[from] ability: Snow Warning|[of] p2a: Ninetales
|turn|1
|
|t:|1769420595
|-end|p1a: Iron Treads|Quark Drive|[silent]
|switch|p1a: Pelipper|Pelipper, F|100/100
|-weather|RainDance|[from] ability: Drizzle|[of] p1a: Pelipper
|move|p2a: Ninetales|Aurora Veil||[still]
|-fail|p2a: Ninetales
|
|-weather|RainDance|[upkeep]
|upkeep
|turn|2
|
|t:|1769420601
|switch|p1a: Iron Treads|Iron Treads|100/100
|move|p2a: Ninetales|Freeze-Dry|p1a: Iron Treads
|-damage|p1a: Iron Treads|85/100
|
|-weather|RainDance|[upkeep]
|-heal|p1a: Iron Treads|91/100|[from] item: Leftovers
|upkeep
|turn|3
|
|t:|1769420610
|switch|p2a: Ceruledge|Ceruledge, M|100/100
|move|p1a: Iron Treads|Knock Off|p2a: Ceruledge
|-supereffective|p2a: Ceruledge
|-damage|p2a: Ceruledge|48/100
|-enditem|p2a: Ceruledge|Covert Cloak|[from] move: Knock Off|[of] p1a: Iron Treads
|
|-weather|RainDance|[upkeep]
|-heal|p1a: Iron Treads|97/100|[from] item: Leftovers
|upkeep
|turn|4
|
|t:|1769420628
|move|p1a: Iron Treads|Stealth Rock|p2a: Ceruledge
|-sidestart|p2: trc lucy|move: Stealth Rock
|move|p2a: Ceruledge|Taunt|p1a: Iron Treads
|-start|p1a: Iron Treads|move: Taunt
|
|-weather|RainDance|[upkeep]
|-heal|p1a: Iron Treads|100/100|[from] item: Leftovers
|upkeep
|turn|5
|
|t:|1769420639
|move|p1a: Iron Treads|Earthquake|p2a: Ceruledge
|-supereffective|p2a: Ceruledge
|-damage|p2a: Ceruledge|0 fnt
|faint|p2a: Ceruledge
|
|-weather|RainDance|[upkeep]
|upkeep
|
|t:|1769420646
|switch|p2a: Gliscor|Gliscor, M|100/100
|-damage|p2a: Gliscor|88/100|[from] Stealth Rock
|turn|6
|
|t:|1769420650
|move|p2a: Gliscor|Swords Dance|p2a: Gliscor
|-boost|p2a: Gliscor|atk|2
|move|p1a: Iron Treads|Knock Off|p2a: Gliscor
|-damage|p2a: Gliscor|70/100
|-enditem|p2a: Gliscor|Toxic Orb|[from] move: Knock Off|[of] p1a: Iron Treads
|
|-weather|RainDance|[upkeep]
|upkeep
|turn|7
|
|t:|1769420658
|-end|p1a: Iron Treads|Quark Drive|[silent]
|switch|p1a: Tornadus|Tornadus-Therian, M|100/100
|move|p2a: Gliscor|Agility|p2a: Gliscor
|-boost|p2a: Gliscor|spe|2
|
|-weather|RainDance|[upkeep]
|upkeep
|turn|8
|
|t:|1769420663
|-terastallize|p2a: Gliscor|Normal
|move|p2a: Gliscor|Facade|p1a: Tornadus
|-damage|p1a: Tornadus|39/100
|move|p1a: Tornadus|Weather Ball|p2a: Gliscor
|-damage|p2a: Gliscor|0 fnt
|faint|p2a: Gliscor
|
|-weather|none
|upkeep
|
|t:|1769420670
|switch|p2a: Ninetales|Ninetales-Alola, F|100/100
|-damage|p2a: Ninetales|76/100|[from] Stealth Rock
|-weather|Snowscape|[from] ability: Snow Warning|[of] p2a: Ninetales
|turn|9
|
|t:|1769420678
|switch|p1a: Pelipper|Pelipper, F|100/100
|-weather|RainDance|[from] ability: Drizzle|[of] p1a: Pelipper
|move|p2a: Ninetales|Freeze-Dry|p1a: Pelipper
|-supereffective|p1a: Pelipper
|-crit|p1a: Pelipper
|-damage|p1a: Pelipper|0 fnt
|faint|p1a: Pelipper
|
|-weather|RainDance|[upkeep]
|upkeep
|
|t:|1769420686
|switch|p1a: Keldeo|Keldeo-Resolute|100/100
|turn|10
|
|t:|1769420692
|switch|p2a: Hatterene|Hatterene, F|100/100
|-damage|p2a: Hatterene|88/100|[from] Stealth Rock
|move|p1a: Keldeo|Surf|p2a: Hatterene
|-damage|p2a: Hatterene|0 fnt
|faint|p2a: Hatterene
|
|-weather|RainDance|[upkeep]
|upkeep
|
|t:|1769420694
|switch|p2a: Ninetales|Ninetales-Alola, F|76/100
|-damage|p2a: Ninetales|51/100|[from] Stealth Rock
|-weather|Snowscape|[from] ability: Snow Warning|[of] p2a: Ninetales
|turn|11
|
|t:|1769420699
|move|p2a: Ninetales|Aurora Veil|p2a: Ninetales
|-sidestart|p2: trc lucy|move: Aurora Veil
|move|p1a: Keldeo|Surf|p2a: Ninetales
|-crit|p2a: Ninetales
|-damage|p2a: Ninetales|0 fnt
|faint|p2a: Ninetales
|
|-weather|Snowscape|[upkeep]
|upkeep
|
|t:|1769420706
|switch|p2a: Darkrai|Darkrai|100/100
|-damage|p2a: Darkrai|88/100|[from] Stealth Rock
|turn|12
|
|t:|1769420711
|-terastallize|p1a: Keldeo|Water
|move|p2a: Darkrai|Nasty Plot|p2a: Darkrai
|-boost|p2a: Darkrai|spa|2
|move|p1a: Keldeo|Surf|p2a: Darkrai
|-damage|p2a: Darkrai|23/100
|
|-weather|Snowscape|[upkeep]
|-heal|p2a: Darkrai|29/100|[from] item: Leftovers
|upkeep
|turn|13
|
|t:|1769420721
|switch|p1a: Iron Treads|Iron Treads|100/100
|move|p2a: Darkrai|Dark Pulse|p1a: Iron Treads
|-damage|p1a: Iron Treads|33/100
|
|-weather|Snowscape|[upkeep]
|-heal|p2a: Darkrai|35/100|[from] item: Leftovers
|-heal|p1a: Iron Treads|39/100|[from] item: Leftovers
|upkeep
|turn|14
|
|t:|1769420735
|move|p2a: Darkrai|Dark Pulse|p1a: Iron Treads
|-damage|p1a: Iron Treads|0 fnt
|faint|p1a: Iron Treads
|-end|p1a: Iron Treads|Quark Drive|[silent]
|
|-weather|Snowscape|[upkeep]
|-heal|p2a: Darkrai|41/100|[from] item: Leftovers
|upkeep
|
|t:|1769420753
|switch|p1a: Dragapult|Dragapult, F|100/100
|turn|15
|
|t:|1769420756
|move|p1a: Dragapult|Dragon Darts|p2a: Darkrai
|-damage|p2a: Darkrai|0 fnt
|faint|p2a: Darkrai
|
|-weather|none
|upkeep
|
|t:|1769420759
|switch|p2a: Zamazenta|Zamazenta|100/100
|-damage|p2a: Zamazenta|94/100|[from] Stealth Rock
|-ability|p2a: Zamazenta|Dauntless Shield|boost
|-boost|p2a: Zamazenta|def|1
|turn|16
|
|t:|1769420763
|switch|p1a: Tornadus|Tornadus-Therian, M|72/100
|move|p2a: Zamazenta|Iron Defense|p2a: Zamazenta
|-boost|p2a: Zamazenta|def|2
|
|upkeep
|turn|17
|
|t:|1769420767
|move|p2a: Zamazenta|Body Press|p1a: Tornadus
|-resisted|p1a: Tornadus
|-damage|p1a: Tornadus|14/100
|move|p1a: Tornadus|Hurricane|p2a: Zamazenta|[miss]
|-miss|p1a: Tornadus|p2a: Zamazenta
|
|upkeep
|turn|18
|
|t:|1769420774
|switch|p1a: Dragapult|Dragapult, F|100/100
|move|p2a: Zamazenta|Body Press|p1a: Dragapult
|-immune|p1a: Dragapult
|
|-sideend|p2: trc lucy|move: Aurora Veil
|upkeep
|turn|19
|
|t:|1769420778
|move|p1a: Dragapult|U-turn|p2a: Zamazenta
|-resisted|p2a: Zamazenta
|-damage|p2a: Zamazenta|89/100
|
|t:|1769420784
|switch|p1a: Raging Bolt|Raging Bolt|100/100|[from] U-turn
|-enditem|p1a: Raging Bolt|Booster Energy
|-activate|p1a: Raging Bolt|ability: Protosynthesis|[fromitem]
|-start|p1a: Raging Bolt|protosynthesisspa
|move|p2a: Zamazenta|Crunch|p1a: Raging Bolt
|-damage|p1a: Raging Bolt|80/100
|
|upkeep
|turn|20
|
|t:|1769420787
|move|p2a: Zamazenta|Body Press|p1a: Raging Bolt
|-damage|p1a: Raging Bolt|4/100
|move|p1a: Raging Bolt|Thunder|p2a: Zamazenta|[miss]
|-miss|p1a: Raging Bolt|p2a: Zamazenta
|
|upkeep
|turn|21
|
|t:|1769420792
|move|p1a: Raging Bolt|Thunderclap|p2a: Zamazenta
|-damage|p2a: Zamazenta|39/100
|move|p2a: Zamazenta|Crunch|p1a: Raging Bolt
|-damage|p1a: Raging Bolt|0 fnt
|faint|p1a: Raging Bolt
|-end|p1a: Raging Bolt|Protosynthesis|[silent]
|
|upkeep
|
|t:|1769420796
|switch|p1a: Keldeo|Keldeo-Resolute, tera:Water|100/100
|turn|22
|
|t:|1769420805
|switch|p1a: Dragapult|Dragapult, F|100/100
|move|p2a: Zamazenta|Rest|p2a: Zamazenta
|-status|p2a: Zamazenta|slp|[from] move: Rest
|-heal|p2a: Zamazenta|100/100 slp|[silent]
|-enditem|p2a: Zamazenta|Chesto Berry|[eat]
|-curestatus|p2a: Zamazenta|slp|[msg]
|
|upkeep
|turn|23
|
|t:|1769420815
|move|p1a: Dragapult|U-turn|p2a: Zamazenta
|-resisted|p2a: Zamazenta
|-damage|p2a: Zamazenta|94/100
|
|t:|1769420818
|switch|p1a: Tornadus|Tornadus-Therian, M|47/100|[from] U-turn
|move|p2a: Zamazenta|Crunch|p1a: Tornadus
|-crit|p1a: Tornadus
|-damage|p1a: Tornadus|0 fnt
|faint|p1a: Tornadus
|
|upkeep
|
|t:|1769420822
|switch|p1a: Keldeo|Keldeo-Resolute, tera:Water|100/100
|turn|24
|
|t:|1769420825
|move|p2a: Zamazenta|Body Press|p1a: Keldeo
|-damage|p1a: Keldeo|0 fnt
|faint|p1a: Keldeo
|
|upkeep
|
|t:|1769420829
|switch|p1a: Dragapult|Dragapult, F|100/100
|turn|25
|
|t:|1769420831
|move|p1a: Dragapult|Dragon Darts|p2a: Zamazenta
|-damage|p2a: Zamazenta|83/100
|-anim|p1a: Dragapult|Dragon Darts|p2a: Zamazenta
|-damage|p2a: Zamazenta|71/100
|move|p2a: Zamazenta|Crunch|p1a: Dragapult
|-supereffective|p1a: Dragapult
|-damage|p1a: Dragapult|36/100
|
|upkeep
|turn|26
|-message|123qazwsx forfeited.
|
|win|trc lucy
|raw|123qazwsx's rating: 1444 &rarr; <strong>1421</strong><br />(-23 for losing)
|raw|trc lucy's rating: 1400 &rarr; <strong>1423</strong><br />(+23 for winning)
|l|☆trc lucy
|player|p2|
|l|☆123qazwsx
|player|p1|
