|j|☆mystery rain ninja
|j|☆WeRrsome
|t:|1769444909
|gametype|singles
|player|p1|mystery rain ninja|janine|1675
|player|p2|WeRrsome|1|1661
|gen|9
|tier|[Gen 9] OU
|rated|
|rule|HP Percentage Mod: HP is shown in percentages
|rule|Endless Battle Clause: Forcing endless battles is banned
|rule|Species Clause: Limit one of each Pokémon
|rule|OHKO Clause: OHKO moves are banned
|rule|Evasion Items Clause: Evasion items are banned
|rule|Evasion Moves Clause: Evasion moves are banned
|rule|Evasion Abilities Clause: Evasion abilities are banned
|rule|Sleep Moves Clause: Sleep-inducing moves are banned
|clearpoke
|poke|p1|Pelipper, F|
|poke|p1|Raging Bolt|
|poke|p1|Overqwil, F|
|poke|p1|Barraskewda, F|
|poke|p1|Iron Treads|
|poke|p1|Kingambit, F|
|poke|p2|Araquanid, M|
|poke|p2|Raging Bolt|
|poke|p2|Dragonite, F|
|poke|p2|Iron Treads|
|poke|p2|Landorus-Therian, M|
|poke|p2|Ogerpon, F|
|teampreview
|inactive|Battle timer is ON: inactive players will automatically lose when time's up. (requested by WeRrsome)
|inactive|mystery rain ninja also wants the timer to be on.
|inactive|WeRrsome has 120 seconds left.
|
|t:|1769444944
|teamsize|p1|6
|teamsize|p2|6
|start
|switch|p1a: Pelipper|Pelipper, F|100/100
|switch|p2a: Raging Bolt|Raging Bolt|100/100
|-weather|RainDance|[from] ability: Drizzle|[of] p1a: Pelipper
|turn|1
|
|t:|1769444949
|switch|p1a: Iron Treads|Iron Treads|100/100
|-enditem|p1a: Iron Treads|Booster Energy
|-activate|p1a: Iron Treads|ability: Quark Drive|[fromitem]
|-start|p1a: Iron Treads|quarkdrivespe
|move|p2a: Raging Bolt|Draco Meteor|p1a: Iron Treads
|-resisted|p1a: Iron Treads
|-damage|p1a: Iron Treads|48/100
|-unboost|p2a: Raging Bolt|spa|2
|
|-weather|RainDance|[upkeep]
|upkeep
|turn|2
|
|t:|1769444954
|-end|p2a: Raging Bolt|Protosynthesis|[silent]
|switch|p2a: Araquanid|Araquanid, M|100/100
|move|p1a: Iron Treads|Stealth Rock|p2a: Araquanid
|-sidestart|p2: WeRrsome|move: Stealth Rock
|
|-weather|RainDance|[upkeep]
|upkeep
|turn|3
|
|t:|1769444960
|move|p1a: Iron Treads|Earth Power|p2a: Araquanid
|-resisted|p2a: Araquanid
|-damage|p2a: Araquanid|87/100
|-unboost|p2a: Araquanid|spd|1
|move|p2a: Araquanid|Liquidation|p1a: Iron Treads
|-supereffective|p1a: Iron Treads
|-damage|p1a: Iron Treads|0 fnt
|faint|p1a: Iron Treads
|-end|p1a: Iron Treads|Quark Drive|[silent]
|
|-weather|RainDance|[upkeep]
|upkeep
|
|t:|1769444984
|switch|p1a: Overqwil|Overqwil, F|100/100
|turn|4
|inactive|WeRrsome has 120 seconds left.
|
|t:|1769445019
|move|p1a: Overqwil|Gunk Shot|p2a: Araquanid
|-damage|p2a: Araquanid|0 fnt
|faint|p2a: Araquanid
|-damage|p1a: Overqwil|91/100|[from] item: Life Orb
|
|-weather|RainDance|[upkeep]
|upkeep
|
|t:|1769445048
|switch|p2a: Dragonite|Dragonite, F|100/100
|-damage|p2a: Dragonite|76/100|[from] Stealth Rock
|turn|5
|
|t:|1769445053
|move|p1a: Overqwil|Gunk Shot|p2a: Dragonite
|-damage|p2a: Dragonite|24/100
|-damage|p1a: Overqwil|81/100|[from] item: Life Orb
|move|p2a: Dragonite|Roost|p2a: Dragonite
|-heal|p2a: Dragonite|74/100
|-singleturn|p2a: Dragonite|move: Roost
|
|-weather|RainDance|[upkeep]
|upkeep
|turn|6
|
|t:|1769445070
|switch|p1a: Kingambit|Kingambit, F|100/100
|-activate|p1a: Kingambit|ability: Supreme Overlord
|-start|p1a: Kingambit|fallen1|[silent]
|move|p2a: Dragonite|Thunder Wave|p1a: Kingambit
|-status|p1a: Kingambit|par
|
|-weather|RainDance|[upkeep]
|upkeep
|turn|7
|
|t:|1769445073
|move|p2a: Dragonite|Roost|p2a: Dragonite
|-heal|p2a: Dragonite|100/100
|-singleturn|p2a: Dragonite|move: Roost
|move|p1a: Kingambit|Swords Dance|p1a: Kingambit
|-boost|p1a: Kingambit|atk|2
|
|-weather|RainDance|[upkeep]
|upkeep
|turn|8
|
|t:|1769445075
|cant|p1a: Kingambit|par
|move|p2a: Dragonite|Dragon Tail|p1a: Kingambit|[miss]
|-miss|p2a: Dragonite|p1a: Kingambit
|
|-weather|none
|upkeep
|turn|9
|
|t:|1769445078
|move|p1a: Kingambit|Kowtow Cleave|p2a: Dragonite
|-damage|p2a: Dragonite|62/100
|-damage|p1a: Kingambit|84/100 par|[from] item: Rocky Helmet|[of] p2a: Dragonite
|move|p2a: Dragonite|Dragon Tail|p1a: Kingambit
|-resisted|p1a: Kingambit
|-damage|p1a: Kingambit|75/100 par
|-end|p1a: Kingambit|fallen1|[silent]
|drag|p1a: Barraskewda|Barraskewda, F|100/100
|
|upkeep
|turn|10
|
|t:|1769445084
|move|p1a: Barraskewda|Flip Turn|p2a: Dragonite
|-resisted|p2a: Dragonite
|-damage|p2a: Dragonite|46/100
|-damage|p1a: Barraskewda|84/100|[from] item: Rocky Helmet|[of] p2a: Dragonite
|
|t:|1769445086
|switch|p1a: Pelipper|Pelipper, F|100/100|[from] Flip Turn
|-weather|RainDance|[from] ability: Drizzle|[of] p1a: Pelipper
|move|p2a: Dragonite|Roost|p2a: Dragonite
|-heal|p2a: Dragonite|96/100
|-singleturn|p2a: Dragonite|move: Roost
|
|-weather|RainDance|[upkeep]
|upkeep
|turn|11
|
|t:|1769445089
|switch|p2a: Iron Treads|Iron Treads|100/100
|-damage|p2a: Iron Treads|97/100|[from] Stealth Rock
|move|p1a: Pelipper|Hurricane|p2a: Iron Treads
|-resisted|p2a: Iron Treads
|-damage|p2a: Iron Treads|87/100
|
|-weather|RainDance|[upkeep]
|upkeep
|turn|12
|
|t:|1769445095
|move|p2a: Iron Treads|Rapid Spin|p1a: Pelipper
|-damage|p1a: Pelipper|90/100
|-boost|p2a: Iron Treads|spe|1
|-sideend|p2: WeRrsome|Stealth Rock|[from] move: Rapid Spin|[of] p2a: Iron Treads
|move|p1a: Pelipper|Weather Ball|p2a: Iron Treads
|-supereffective|p2a: Iron Treads
|-damage|p2a: Iron Treads|34/100
|
|-weather|RainDance|[upkeep]
|upkeep
|turn|13
|
|t:|1769445098
|move|p2a: Iron Treads|Knock Off|p1a: Pelipper
|-damage|p1a: Pelipper|70/100
|-enditem|p1a: Pelipper|Damp Rock|[from] move: Knock Off|[of] p2a: Iron Treads
|move|p1a: Pelipper|Weather Ball|p2a: Iron Treads
|-supereffective|p2a: Iron Treads
|-damage|p2a: Iron Treads|0 fnt
|faint|p2a: Iron Treads
|-end|p2a: Iron Treads|Quark Drive|[silent]
|
|-weather|RainDance|[upkeep]
|upkeep
|
|t:|1769445102
|switch|p2a: Raging Bolt|Raging Bolt|100/100
|turn|14
|
|t:|1769445110
|switch|p1a: Raging Bolt|Raging Bolt|100/100
|-enditem|p1a: Raging Bolt|Booster Energy
|-activate|p1a: Raging Bolt|ability: Protosynthesis|[fromitem]
|-start|p1a: Raging Bolt|protosynthesisspa
|move|p2a: Raging Bolt|Thunderbolt|p1a: Raging Bolt
|-resisted|p1a: Raging Bolt
|-damage|p1a: Raging Bolt|86/100
|
|-weather|RainDance|[upkeep]
|upkeep
|turn|15
|
|t:|1769445117
|-terastallize|p1a: Raging Bolt|Fairy
|-terastallize|p2a: Raging Bolt|Fairy
|move|p1a: Raging Bolt|Draco Meteor|p2a: Raging Bolt
|-immune|p2a: Raging Bolt
|move|p2a: Raging Bolt|Draco Meteor|p1a: Raging Bolt
|-immune|p1a: Raging Bolt
|
|-weather|RainDance|[upkeep]
|upkeep
|turn|16
|
|t:|1769445122
|move|p1a: Raging Bolt|Thunder|p2a: Raging Bolt
|-damage|p2a: Raging Bolt|24/100
|-status|p2a: Raging Bolt|par
|move|p2a: Raging Bolt|Thunderbolt|p1a: Raging Bolt
|-damage|p1a: Raging Bolt|29/100
|-status|p1a: Raging Bolt|par
|
|-weather|RainDance|[upkeep]
|upkeep
|turn|17
|
|t:|1769445130
|-end|p2a: Raging Bolt|Protosynthesis|[silent]
|switch|p2a: Landorus|Landorus-Therian, M|100/100
|-ability|p2a: Landorus|Intimidate|boost
|-unboost|p1a: Raging Bolt|atk|1
|move|p1a: Raging Bolt|Thunderclap||[still]
|-fail|p1a: Raging Bolt
|
|-weather|none
|upkeep
|turn|18
|
|t:|1769445139
|-end|p1a: Raging Bolt|Protosynthesis|[silent]
|switch|p1a: Pelipper|Pelipper, F|70/100
|-weather|RainDance|[from] ability: Drizzle|[of] p1a: Pelipper
|move|p2a: Landorus|Stealth Rock|p1a: Pelipper
|-sidestart|p1: mystery rain ninja|move: Stealth Rock
|
|-weather|RainDance|[upkeep]
|upkeep
|turn|19
|
|t:|1769445147
|switch|p2a: Ogerpon|Ogerpon, F|100/100
|move|p1a: Pelipper|Hurricane|p2a: Ogerpon
|-supereffective|p2a: Ogerpon
|-damage|p2a: Ogerpon|12/100
|
|-weather|RainDance|[upkeep]
|upkeep
|turn|20
|
|t:|1769445155
|switch|p1a: Raging Bolt|Raging Bolt, tera:Fairy|29/100 par
|-damage|p1a: Raging Bolt|16/100 par|[from] Stealth Rock
|move|p2a: Ogerpon|Ivy Cudgel|p1a: Raging Bolt
|-damage|p1a: Raging Bolt|0 fnt
|faint|p1a: Raging Bolt
|-end|p1a: Raging Bolt|Protosynthesis|[silent]
|
|-weather|RainDance|[upkeep]
|upkeep
|
|t:|1769445156
|switch|p1a: Barraskewda|Barraskewda, F|84/100
|-damage|p1a: Barraskewda|72/100|[from] Stealth Rock
|turn|21
|inactive|WeRrsome has 120 seconds left.
|
|t:|1769445188
|move|p1a: Barraskewda|Flip Turn|p2a: Ogerpon
|-resisted|p2a: Ogerpon
|-damage|p2a: Ogerpon|0 fnt
|faint|p2a: Ogerpon
|
|t:|1769445193
|switch|p1a: Overqwil|Overqwil, F|81/100|[from] Flip Turn
|-damage|p1a: Overqwil|68/100|[from] Stealth Rock
|
|-weather|RainDance|[upkeep]
|upkeep
|
|t:|1769445201
|switch|p2a: Dragonite|Dragonite, F|96/100
|turn|22
|
|t:|1769445205
|move|p1a: Overqwil|Gunk Shot|p2a: Dragonite
|-damage|p2a: Dragonite|41/100
|-damage|p1a: Overqwil|58/100|[from] item: Life Orb
|move|p2a: Dragonite|Thunder Wave|p1a: Overqwil
|-status|p1a: Overqwil|par
|
|-weather|none
|upkeep
|turn|23
|
|t:|1769445208
|move|p2a: Dragonite|Roost|p2a: Dragonite
|-heal|p2a: Dragonite|91/100
|-singleturn|p2a: Dragonite|move: Roost
|cant|p1a: Overqwil|par
|
|upkeep
|turn|24
|
|t:|1769445215
|move|p1a: Overqwil|Gunk Shot|p2a: Dragonite
|-crit|p2a: Dragonite
|-damage|p2a: Dragonite|10/100
|-damage|p1a: Overqwil|48/100 par|[from] item: Life Orb
|move|p2a: Dragonite|Dragon Tail|p1a: Overqwil
|-damage|p1a: Overqwil|19/100 par
|drag|p1a: Pelipper|Pelipper, F|70/100
|-damage|p1a: Pelipper|46/100|[from] Stealth Rock
|-weather|RainDance|[from] ability: Drizzle|[of] p1a: Pelipper
|
|-weather|RainDance|[upkeep]
|upkeep
|turn|25
|
|t:|1769445219
|move|p2a: Dragonite|Roost|p2a: Dragonite
|-heal|p2a: Dragonite|60/100
|-singleturn|p2a: Dragonite|move: Roost
|move|p1a: Pelipper|Hurricane|p2a: Dragonite
|-damage|p2a: Dragonite|30/100
|
|-weather|RainDance|[upkeep]
|upkeep
|turn|26
|
|t:|1769445222
|move|p2a: Dragonite|Roost|p2a: Dragonite
|-heal|p2a: Dragonite|80/100
|-singleturn|p2a: Dragonite|move: Roost
|move|p1a: Pelipper|Hurricane|p2a: Dragonite
|-damage|p2a: Dragonite|50/100
|
|-weather|RainDance|[upkeep]
|upkeep
|turn|27
|
|t:|1769445225
|move|p2a: Dragonite|Roost|p2a: Dragonite
|-heal|p2a: Dragonite|100/100
|-singleturn|p2a: Dragonite|move: Roost
|move|p1a: Pelipper|Roost|p1a: Pelipper
|-heal|p1a: Pelipper|96/100
|-singleturn|p1a: Pelipper|move: Roost
|
|-weather|RainDance|[upkeep]
|upkeep
|turn|28
|
|t:|1769445237
|move|p2a: Dragonite|Thunder Wave|p1a: Pelipper
|-status|p1a: Pelipper|par
|cant|p1a: Pelipper|par
|
|-weather|none
|upkeep
|turn|29
|
|t:|1769445241
|switch|p2a: Raging Bolt|Raging Bolt, tera:Fairy|24/100 par
|move|p1a: Pelipper|U-turn|p2a: Raging Bolt
|-resisted|p2a: Raging Bolt
|-damage|p2a: Raging Bolt|20/100 par
|
|t:|1769445248
|switch|p1a: Kingambit|Kingambit, F|75/100 par|[from] U-turn
|-damage|p1a: Kingambit|69/100 par|[from] Stealth Rock
|-activate|p1a: Kingambit|ability: Supreme Overlord
|-start|p1a: Kingambit|fallen2|[silent]
|
|-heal|p1a: Kingambit|75/100 par|[from] item: Leftovers
|upkeep
|turn|30
|
|t:|1769445259
|-end|p2a: Raging Bolt|Protosynthesis|[silent]
|switch|p2a: Landorus|Landorus-Therian, M|100/100
|-ability|p2a: Landorus|Intimidate|boost
|-unboost|p1a: Kingambit|atk|1
|move|p1a: Kingambit|Kowtow Cleave|p2a: Landorus
|-crit|p2a: Landorus
|-damage|p2a: Landorus|0 fnt
|faint|p2a: Landorus
|
|-heal|p1a: Kingambit|81/100 par|[from] item: Leftovers
|upkeep
|
|t:|1769445275
|switch|p2a: Raging Bolt|Raging Bolt, tera:Fairy|20/100 par
|turn|31
|
|t:|1769445285
|move|p2a: Raging Bolt|Thunderbolt|p1a: Kingambit
|-damage|p1a: Kingambit|14/100 par
|move|p1a: Kingambit|Iron Head|p2a: Raging Bolt
|-supereffective|p2a: Raging Bolt
|-damage|p2a: Raging Bolt|0 fnt
|faint|p2a: Raging Bolt
|-end|p2a: Raging Bolt|Protosynthesis|[silent]
|
|-heal|p1a: Kingambit|20/100 par|[from] item: Leftovers
|upkeep
|
|t:|1769445290
|switch|p2a: Dragonite|Dragonite, F|100/100
|turn|32
|
|t:|1769445299
|cant|p1a: Kingambit|par
|move|p2a: Dragonite|Dragon Tail|p1a: Kingambit
|-resisted|p1a: Kingambit
|-damage|p1a: Kingambit|12/100 par
|-end|p1a: Kingambit|fallen2|[silent]
|drag|p1a: Overqwil|Overqwil, F|19/100 par
|-damage|p1a: Overqwil|7/100 par|[from] Stealth Rock
|
|upkeep
|turn|33
|
|t:|1769445304
|move|p2a: Dragonite|Ice Beam|p1a: Overqwil
|-damage|p1a: Overqwil|0 fnt
|faint|p1a: Overqwil
|
|upkeep
|
|t:|1769445309
|switch|p1a: Pelipper|Pelipper, F|96/100 par
|-damage|p1a: Pelipper|71/100 par|[from] Stealth Rock
|-weather|RainDance|[from] ability: Drizzle|[of] p1a: Pelipper
|turn|34
|
|t:|1769445316
|move|p2a: Dragonite|Ice Beam|p1a: Pelipper
|-damage|p1a: Pelipper|42/100 par
|cant|p1a: Pelipper|par
|
|-weather|RainDance|[upkeep]
|upkeep
|turn|35
|
|t:|1769445319
|move|p2a: Dragonite|Ice Beam|p1a: Pelipper
|-damage|p1a: Pelipper|13/100 par
|move|p1a: Pelipper|Roost|p1a: Pelipper
|-heal|p1a: Pelipper|63/100 par
|-singleturn|p1a: Pelipper|move: Roost
|
|-weather|RainDance|[upkeep]
|upkeep
|turn|36
|
|t:|1769445320
|move|p2a: Dragonite|Ice Beam|p1a: Pelipper
|-damage|p1a: Pelipper|32/100 par
|cant|p1a: Pelipper|par
|
|-weather|RainDance|[upkeep]
|upkeep
|turn|37
|
|t:|1769445322
|move|p2a: Dragonite|Ice Beam|p1a: Pelipper
|-damage|p1a: Pelipper|2/100 par
|cant|p1a: Pelipper|par
|
|-weather|RainDance|[upkeep]
|upkeep
|turn|38
|
|t:|1769445324
|move|p2a: Dragonite|Ice Beam|p1a: Pelipper
|-damage|p1a: Pelipper|0 fnt
|faint|p1a: Pelipper
|
|-weather|none
|upkeep
|c|☆mystery rain ninja|hey
|c|☆mystery rain ninja|get alllllll the diseases on earth bro
|c|☆mystery rain ninja|all of them
|-message|mystery rain ninja forfeited.
|
|win|WeRrsome
|raw|mystery rain ninja's rating: 1675 &rarr; <strong>1654</strong><br />(-21 for losing)
|raw|WeRrsome's rating: 1661 &rarr; <strong>1682</strong><br />(+21 for winning)
|l|☆mystery rain ninja
|player|p1|
|l|☆WeRrsome
|player|p2|
