|inactive|Battle timer is ON: inactive players will automatically lose when time's up.
|t:|1769389059
|gametype|singles
|player|p1|RBYmoment|1|
|player|p2|explosive device|lass-gen8|
|gen|9
|tier|[Gen 9] OU
|rule|HP Percentage Mod: HP is shown in percentages
|rule|Endless Battle Clause: Forcing endless battles is banned
|rule|Species Clause: Limit one of each Pokémon
|rule|OHKO Clause: OHKO moves are banned
|rule|Evasion Items Clause: Evasion items are banned
|rule|Evasion Moves Clause: Evasion moves are banned
|rule|Evasion Abilities Clause: Evasion abilities are banned
|rule|Sleep Moves Clause: Sleep-inducing moves are banned
|clearpoke
|poke|p1|Pelipper, M|
|poke|p1|Barraskewda, F|
|poke|p1|Tornadus-Therian, M|
|poke|p1|Raging Bolt|
|poke|p1|Overqwil, M|
|poke|p1|Iron Treads|
|poke|p2|Hoopa-Unbound|
|poke|p2|Iron Hands|
|poke|p2|Weavile, M|
|poke|p2|Iron Boulder|
|poke|p2|Scizor, F|
|poke|p2|Kingambit, F|
|teampreview
|c|☆explosive device|hf
|c|☆RBYmoment|u2
|inactive|explosive device has 270 seconds left.
|
|t:|1769389113
|teamsize|p1|6
|teamsize|p2|6
|start
|switch|p1a: Pelipper|Pelipper, M|100/100
|switch|p2a: SWAGGED OFF A PILL|Iron Hands|100/100
|-weather|RainDance|[from] ability: Drizzle|[of] p1a: Pelipper
|turn|1
|
|t:|1769389126
|switch|p1a: Iron Treads|Iron Treads|100/100
|move|p2a: SWAGGED OFF A PILL|Swords Dance|p2a: SWAGGED OFF A PILL
|-boost|p2a: SWAGGED OFF A PILL|atk|2
|
|-weather|RainDance|[upkeep]
|upkeep
|turn|2
|
|t:|1769389137
|move|p1a: Iron Treads|Earthquake|p2a: SWAGGED OFF A PILL
|-supereffective|p2a: SWAGGED OFF A PILL
|-damage|p2a: SWAGGED OFF A PILL|48/100
|move|p2a: SWAGGED OFF A PILL|Drain Punch|p1a: Iron Treads
|-supereffective|p1a: Iron Treads
|-damage|p1a: Iron Treads|0 fnt
|-heal|p2a: SWAGGED OFF A PILL|91/100|[from] drain|[of] p1a: Iron Treads
|faint|p1a: Iron Treads
|-end|p1a: Iron Treads|Quark Drive|[silent]
|
|-weather|RainDance|[upkeep]
|upkeep
|
|t:|1769389152
|switch|p1a: Barraskewda|Barraskewda, F|100/100
|turn|3
|
|t:|1769389160
|-terastallize|p1a: Barraskewda|Water
|move|p1a: Barraskewda|Flip Turn|p2a: SWAGGED OFF A PILL
|-damage|p2a: SWAGGED OFF A PILL|33/100
|
|t:|1769389162
|switch|p1a: Raging Bolt|Raging Bolt|100/100|[from] Flip Turn
|move|p2a: SWAGGED OFF A PILL|Drain Punch|p1a: Raging Bolt
|-damage|p1a: Raging Bolt|16/100
|-heal|p2a: SWAGGED OFF A PILL|70/100|[from] drain|[of] p1a: Raging Bolt
|
|-weather|RainDance|[upkeep]
|upkeep
|turn|4
|
|t:|1769389167
|move|p1a: Raging Bolt|Draco Meteor|p2a: SWAGGED OFF A PILL|[miss]
|-miss|p1a: Raging Bolt|p2a: SWAGGED OFF A PILL
|move|p2a: SWAGGED OFF A PILL|Drain Punch|p1a: Raging Bolt
|-damage|p1a: Raging Bolt|0 fnt
|-heal|p2a: SWAGGED OFF A PILL|77/100|[from] drain|[of] p1a: Raging Bolt
|faint|p1a: Raging Bolt
|-end|p1a: Raging Bolt|Protosynthesis|[silent]
|
|-weather|RainDance|[upkeep]
|upkeep
|c|☆explosive device|mb
|
|t:|1769389172
|switch|p1a: Barraskewda|Barraskewda, F, tera:Water|100/100
|turn|5
|c|☆RBYmoment|np
|
|t:|1769389183
|move|p1a: Barraskewda|Liquidation|p2a: SWAGGED OFF A PILL
|-damage|p2a: SWAGGED OFF A PILL|3/100
|-unboost|p2a: SWAGGED OFF A PILL|def|1
|move|p2a: SWAGGED OFF A PILL|Drain Punch|p1a: Barraskewda
|-damage|p1a: Barraskewda|0 fnt
|-heal|p2a: SWAGGED OFF A PILL|32/100|[from] drain|[of] p1a: Barraskewda
|faint|p1a: Barraskewda
|
|-weather|RainDance|[upkeep]
|upkeep
|
|t:|1769389188
|switch|p1a: Overqwil|Overqwil, M|100/100
|turn|6
|
|t:|1769389198
|move|p1a: Overqwil|Liquidation|p2a: SWAGGED OFF A PILL
|-damage|p2a: SWAGGED OFF A PILL|0 fnt
|faint|p2a: SWAGGED OFF A PILL
|-end|p2a: SWAGGED OFF A PILL|Quark Drive|[silent]
|-damage|p1a: Overqwil|91/100|[from] item: Life Orb
|
|-weather|RainDance|[upkeep]
|upkeep
|
|t:|1769389199
|switch|p2a: 6RACKSONMYWRIST|Kingambit, F|100/100
|-activate|p2a: 6RACKSONMYWRIST|ability: Supreme Overlord
|-start|p2a: 6RACKSONMYWRIST|fallen1|[silent]
|turn|7
|
|t:|1769389203
|move|p1a: Overqwil|Swords Dance|p1a: Overqwil
|-boost|p1a: Overqwil|atk|2
|move|p2a: 6RACKSONMYWRIST|Swords Dance|p2a: 6RACKSONMYWRIST
|-boost|p2a: 6RACKSONMYWRIST|atk|2
|
|-weather|RainDance|[upkeep]
|upkeep
|turn|8
|
|t:|1769389207
|move|p1a: Overqwil|Liquidation|p2a: 6RACKSONMYWRIST
|-damage|p2a: 6RACKSONMYWRIST|9/100
|-damage|p1a: Overqwil|81/100|[from] item: Life Orb
|move|p2a: 6RACKSONMYWRIST|Low Kick|p1a: Overqwil
|-damage|p1a: Overqwil|8/100
|
|-weather|none
|upkeep
|turn|9
|
|t:|1769389210
|move|p2a: 6RACKSONMYWRIST|Sucker Punch||[still]
|-fail|p2a: 6RACKSONMYWRIST
|move|p1a: Overqwil|Swords Dance|p1a: Overqwil
|-boost|p1a: Overqwil|atk|2
|
|upkeep
|turn|10
|
|t:|1769389213
|move|p2a: 6RACKSONMYWRIST|Sucker Punch||[still]
|-fail|p2a: 6RACKSONMYWRIST
|move|p1a: Overqwil|Swords Dance|p1a: Overqwil
|-boost|p1a: Overqwil|atk|2
|
|upkeep
|turn|11
|
|t:|1769389215
|move|p2a: 6RACKSONMYWRIST|Sucker Punch||[still]
|-fail|p2a: 6RACKSONMYWRIST
|move|p1a: Overqwil|Swords Dance|p1a: Overqwil
|-boost|p1a: Overqwil|atk|0
|
|upkeep
|turn|12
|
|t:|1769389217
|move|p2a: 6RACKSONMYWRIST|Sucker Punch||[still]
|-fail|p2a: 6RACKSONMYWRIST
|move|p1a: Overqwil|Swords Dance|p1a: Overqwil
|-boost|p1a: Overqwil|atk|0
|
|upkeep
|turn|13
|
|t:|1769389219
|move|p1a: Overqwil|Swords Dance|p1a: Overqwil
|-boost|p1a: Overqwil|atk|0
|move|p2a: 6RACKSONMYWRIST|Kowtow Cleave|p1a: Overqwil
|-resisted|p1a: Overqwil
|-damage|p1a: Overqwil|0 fnt
|faint|p1a: Overqwil
|
|upkeep
|
|t:|1769389223
|switch|p1a: Pelipper|Pelipper, M|100/100
|-weather|RainDance|[from] ability: Drizzle|[of] p1a: Pelipper
|turn|14
|
|t:|1769389226
|move|p2a: 6RACKSONMYWRIST|Kowtow Cleave|p1a: Pelipper
|-damage|p1a: Pelipper|15/100
|move|p1a: Pelipper|Hurricane|p2a: 6RACKSONMYWRIST
|-resisted|p2a: 6RACKSONMYWRIST
|-damage|p2a: 6RACKSONMYWRIST|0 fnt
|faint|p2a: 6RACKSONMYWRIST
|-end|p2a: 6RACKSONMYWRIST|fallen1|[silent]
|
|-weather|RainDance|[upkeep]
|upkeep
|
|t:|1769389238
|switch|p2a: HEAVY SIX REVOLVER|Iron Boulder|100/100
|-enditem|p2a: HEAVY SIX REVOLVER|Booster Energy
|-activate|p2a: HEAVY SIX REVOLVER|ability: Quark Drive|[fromitem]
|-start|p2a: HEAVY SIX REVOLVER|quarkdrivespe
|turn|15
|
|t:|1769389267
|move|p2a: HEAVY SIX REVOLVER|Mighty Cleave|p1a: Pelipper
|-supereffective|p1a: Pelipper
|-damage|p1a: Pelipper|0 fnt
|faint|p1a: Pelipper
|
|-weather|RainDance|[upkeep]
|upkeep
|
|t:|1769389269
|switch|p1a: Tornadus|Tornadus-Therian, M|100/100
|turn|16
|
|t:|1769389271
|move|p2a: HEAVY SIX REVOLVER|Mighty Cleave|p1a: Tornadus
|-supereffective|p1a: Tornadus
|-damage|p1a: Tornadus|0 fnt
|faint|p1a: Tornadus
|
|win|explosive device
|player|p1|
|c|☆explosive device|gg1
|player|p1|RBYmoment|1|
