|j|☆fraaaxn
|j|☆Aaachonwang02
|t:|1769390322
|gametype|singles
|player|p1|fraaaxn|2|1619
|player|p2|Aaachonwang02|marlon|1471
|gen|9
|tier|[Gen 9] OU
|rated|
|rule|HP Percentage Mod: HP is shown in percentages
|rule|Endless Battle Clause: Forcing endless battles is banned
|rule|Species Clause: Limit one of each Pokémon
|rule|OHKO Clause: OHKO moves are banned
|rule|Evasion Items Clause: Evasion items are banned
|rule|Evasion Moves Clause: Evasion moves are banned
|rule|Evasion Abilities Clause: Evasion abilities are banned
|rule|Sleep Moves Clause: Sleep-inducing moves are banned
|clearpoke
|poke|p1|Tyranitar, M|
|poke|p1|Excadrill, F|
|poke|p1|Iron Valiant|
|poke|p1|Zapdos|
|poke|p1|Ogerpon, F|
|poke|p1|Toxapex, F|
|poke|p2|Ursaluna, F|
|poke|p2|Cresselia, F|
|poke|p2|Enamorus-Therian, F|
|poke|p2|Hatterene, F|
|poke|p2|Hoopa-Unbound|
|poke|p2|Tauros-Paldea-Blaze, M|
|teampreview
|inactive|Battle timer is ON: inactive players will automatically lose when time's up. (requested by fraaaxn)
|
|t:|1769390332
|teamsize|p1|6
|teamsize|p2|6
|start
|switch|p1a: Ogerpon|Ogerpon, F|100/100
|switch|p2a: Tauros|Tauros-Paldea-Blaze, M|100/100
|-ability|p2a: Tauros|Intimidate|boost
|-unboost|p1a: Ogerpon|atk|1
|-ability|p1a: Ogerpon|Defiant|boost
|-boost|p1a: Ogerpon|atk|2
|turn|1
|
|t:|1769390340
|move|p1a: Ogerpon|U-turn|p2a: Tauros
|-resisted|p2a: Tauros
|-damage|p2a: Tauros|87/100
|
|t:|1769390346
|switch|p1a: Toxapex|Toxapex, F|100/100|[from] U-turn
|move|p2a: Tauros|Raging Bull|p1a: Toxapex
|-resisted|p1a: Toxapex
|-damage|p1a: Toxapex|75/100
|-enditem|p1a: Toxapex|Eject Button
|
|t:|1769390356
|switch|p1a: Iron Valiant|Iron Valiant|100/100
|
|upkeep
|turn|2
|
|t:|1769390365
|switch|p2a: Cresselia|Cresselia, F|100/100
|move|p1a: Iron Valiant|Moonblast|p2a: Cresselia
|-damage|p2a: Cresselia|54/100
|
|upkeep
|turn|3
|
|t:|1769390373
|-end|p1a: Iron Valiant|Quark Drive|[silent]
|switch|p1a: Toxapex|Toxapex, F|100/100
|move|p2a: Cresselia|Trick Room|p2a: Cresselia
|-fieldstart|move: Trick Room|[of] p2a: Cresselia
|
|upkeep
|turn|4
|
|t:|1769390378
|move|p1a: Toxapex|Toxic Spikes|p2a: Cresselia
|-sidestart|p2: Aaachonwang02|move: Toxic Spikes
|move|p2a: Cresselia|Moonlight|p2a: Cresselia
|-heal|p2a: Cresselia|100/100
|
|upkeep
|turn|5
|
|t:|1769390385
|switch|p2a: Hatterene|Hatterene, F|100/100
|-status|p2a: Hatterene|psn
|move|p1a: Toxapex|Toxic Spikes|p2a: Hatterene
|move|p2a: Hatterene|Toxic Spikes|p1a: Toxapex|[from] ability: Magic Bounce
|-sidestart|p1: fraaaxn|move: Toxic Spikes
|
|-damage|p2a: Hatterene|88/100 psn|[from] psn
|upkeep
|turn|6
|
|t:|1769390396
|switch|p2a: Ursaluna|Ursaluna, F|100/100
|-status|p2a: Ursaluna|psn
|switch|p1a: Zapdos|Zapdos|100/100
|
|-damage|p2a: Ursaluna|88/100 psn|[from] psn
|upkeep
|turn|7
|
|t:|1769390404
|switch|p1a: Toxapex|Toxapex, F|100/100
|-sideend|p1: fraaaxn|move: Toxic Spikes|[of] p1a: Toxapex
|move|p2a: Ursaluna|Facade|p1a: Toxapex
|-damage|p1a: Toxapex|8/100
|
|-damage|p2a: Ursaluna|76/100 psn|[from] psn
|-fieldend|move: Trick Room
|upkeep
|turn|8
|
|t:|1769390416
|switch|p2a: Hatterene|Hatterene, F|88/100 psn
|move|p1a: Toxapex|Recover|p1a: Toxapex
|-heal|p1a: Toxapex|58/100
|
|-damage|p2a: Hatterene|76/100 psn|[from] psn
|upkeep
|turn|9
|
|t:|1769390424
|switch|p1a: Tyranitar|Tyranitar, M|100/100
|-weather|Sandstorm|[from] ability: Sand Stream|[of] p1a: Tyranitar
|move|p2a: Hatterene|Trick Room|p2a: Hatterene
|-fieldstart|move: Trick Room|[of] p2a: Hatterene
|
|-weather|Sandstorm|[upkeep]
|-damage|p2a: Hatterene|70/100 psn|[from] Sandstorm
|-damage|p2a: Hatterene|58/100 psn|[from] psn
|upkeep
|turn|10
|
|t:|1769390435
|move|p2a: Hatterene|Healing Wish|p2a: Hatterene
|faint|p2a: Hatterene
|move|p1a: Tyranitar|Knock Off|p2: Hatterene|[notarget]
|-fail|p1a: Tyranitar
|
|-weather|Sandstorm|[upkeep]
|upkeep
|
|t:|1769390442
|switch|p2a: Ursaluna|Ursaluna, F|76/100 psn
|-heal|p2a: Ursaluna|100/100|[from] move: Healing Wish
|-status|p2a: Ursaluna|psn
|turn|11
|
|t:|1769390460
|switch|p1a: Zapdos|Zapdos|100/100
|move|p2a: Ursaluna|Headlong Rush|p1a: Zapdos
|-immune|p1a: Zapdos
|
|-weather|Sandstorm|[upkeep]
|-damage|p1a: Zapdos|94/100|[from] Sandstorm
|-damage|p2a: Ursaluna|88/100 psn|[from] psn
|upkeep
|turn|12
|
|t:|1769390476
|switch|p1a: Toxapex|Toxapex, F|92/100
|move|p2a: Ursaluna|Facade|p1a: Toxapex
|-damage|p1a: Toxapex|1/100
|
|-weather|Sandstorm|[upkeep]
|-damage|p1a: Toxapex|0 fnt|[from] Sandstorm
|faint|p1a: Toxapex
|-damage|p2a: Ursaluna|76/100 psn|[from] psn
|upkeep
|inactive|fraaaxn has 120 seconds left.
|
|t:|1769390494
|switch|p1a: Iron Valiant|Iron Valiant|100/100
|turn|13
|inactive|fraaaxn has 120 seconds left.
|
|t:|1769390506
|-terastallize|p1a: Iron Valiant|Ghost
|move|p2a: Ursaluna|Headlong Rush|p1a: Iron Valiant
|-damage|p1a: Iron Valiant|0 fnt
|-unboost|p2a: Ursaluna|def|1
|-unboost|p2a: Ursaluna|spd|1
|faint|p1a: Iron Valiant
|-end|p1a: Iron Valiant|Quark Drive|[silent]
|
|-weather|Sandstorm|[upkeep]
|-damage|p2a: Ursaluna|64/100 psn|[from] psn
|-fieldend|move: Trick Room
|upkeep
|inactive|fraaaxn has 120 seconds left.
|
|t:|1769390516
|switch|p1a: Ogerpon|Ogerpon, F|100/100
|turn|14
|
|t:|1769390522
|move|p1a: Ogerpon|Ivy Cudgel|p2a: Ursaluna
|-supereffective|p2a: Ursaluna
|-damage|p2a: Ursaluna|0 fnt
|faint|p2a: Ursaluna
|
|-weather|Sandstorm|[upkeep]
|-damage|p1a: Ogerpon|95/100|[from] Sandstorm
|upkeep
|
|t:|1769390532
|switch|p2a: Cresselia|Cresselia, F|100/100
|turn|15
|
|t:|1769390538
|switch|p1a: Tyranitar|Tyranitar, M|100/100
|move|p2a: Cresselia|Trick Room|p2a: Cresselia
|-fieldstart|move: Trick Room|[of] p2a: Cresselia
|
|-weather|Sandstorm|[upkeep]
|-damage|p2a: Cresselia|94/100|[from] Sandstorm
|upkeep
|turn|16
|
|t:|1769390554
|switch|p2a: Tauros|Tauros-Paldea-Blaze, M|87/100
|-status|p2a: Tauros|psn
|-ability|p2a: Tauros|Intimidate|boost
|-unboost|p1a: Tyranitar|atk|1
|move|p1a: Tyranitar|Stealth Rock|p2a: Tauros
|-sidestart|p2: Aaachonwang02|move: Stealth Rock
|
|-weather|none
|-damage|p2a: Tauros|75/100 psn|[from] psn
|upkeep
|turn|17
|
|t:|1769390563
|switch|p1a: Zapdos|Zapdos|94/100
|move|p2a: Tauros|Close Combat|p1a: Zapdos
|-resisted|p1a: Zapdos
|-damage|p1a: Zapdos|40/100
|-unboost|p2a: Tauros|def|1
|-unboost|p2a: Tauros|spd|1
|
|-damage|p2a: Tauros|63/100 psn|[from] psn
|upkeep
|turn|18
|
|t:|1769390574
|switch|p1a: Tyranitar|Tyranitar, M|100/100
|-weather|Sandstorm|[from] ability: Sand Stream|[of] p1a: Tyranitar
|move|p2a: Tauros|Close Combat|p1a: Tyranitar
|-supereffective|p1a: Tyranitar
|-damage|p1a: Tyranitar|0 fnt
|-unboost|p2a: Tauros|def|1
|-unboost|p2a: Tauros|spd|1
|faint|p1a: Tyranitar
|
|-weather|Sandstorm|[upkeep]
|-damage|p2a: Tauros|57/100 psn|[from] Sandstorm
|-damage|p2a: Tauros|44/100 psn|[from] psn
|upkeep
|
|t:|1769390594
|switch|p1a: Zapdos|Zapdos|40/100
|turn|19
|
|t:|1769390598
|move|p2a: Tauros|Close Combat|p1a: Zapdos
|-resisted|p1a: Zapdos
|-damage|p1a: Zapdos|0 fnt
|-unboost|p2a: Tauros|def|1
|-unboost|p2a: Tauros|spd|1
|faint|p1a: Zapdos
|
|-weather|Sandstorm|[upkeep]
|-damage|p2a: Tauros|38/100 psn|[from] Sandstorm
|-damage|p2a: Tauros|26/100 psn|[from] psn
|-fieldend|move: Trick Room
|upkeep
|
|t:|1769390608
|switch|p1a: Ogerpon|Ogerpon, F|95/100
|turn|20
|
|t:|1769390611
|move|p1a: Ogerpon|Knock Off|p2a: Tauros
|-resisted|p2a: Tauros
|-damage|p2a: Tauros|0 fnt
|-enditem|p2a: Tauros|Choice Band|[from] move: Knock Off|[of] p1a: Ogerpon
|faint|p2a: Tauros
|
|-weather|Sandstorm|[upkeep]
|-damage|p1a: Ogerpon|89/100|[from] Sandstorm
|upkeep
|
|t:|1769390621
|switch|p2a: Cresselia|Cresselia, F|94/100
|-damage|p2a: Cresselia|82/100|[from] Stealth Rock
|turn|21
|
|t:|1769390625
|move|p1a: Ogerpon|Knock Off|p2a: Cresselia
|-supereffective|p2a: Cresselia
|-damage|p2a: Cresselia|35/100
|-damage|p1a: Ogerpon|72/100|[from] item: Rocky Helmet|[of] p2a: Cresselia
|-enditem|p2a: Cresselia|Rocky Helmet|[from] move: Knock Off|[of] p1a: Ogerpon
|move|p2a: Cresselia|Trick Room|p2a: Cresselia
|-fieldstart|move: Trick Room|[of] p2a: Cresselia
|
|-weather|Sandstorm|[upkeep]
|-damage|p2a: Cresselia|29/100|[from] Sandstorm
|-damage|p1a: Ogerpon|66/100|[from] Sandstorm
|upkeep
|turn|22
|
|t:|1769390636
|switch|p1a: Excadrill|Excadrill, F|100/100
|move|p2a: Cresselia|Lunar Dance|p2a: Cresselia
|faint|p2a: Cresselia
|
|-weather|Sandstorm|[upkeep]
|upkeep
|
|t:|1769390642
|switch|p2a: Hoopa|Hoopa-Unbound|100/100
|-status|p2a: Hoopa|psn
|-damage|p2a: Hoopa|88/100 psn|[from] Stealth Rock
|turn|23
|
|t:|1769390650
|move|p2a: Hoopa|Hyperspace Fury|p1a: Excadrill
|-damage|p1a: Excadrill|13/100
|-unboost|p2a: Hoopa|def|1
|-enditem|p2a: Hoopa|Eject Pack
|
|t:|1769390656
|switch|p2a: 粉色大炮|Enamorus-Therian, F|100/100
|-damage|p2a: 粉色大炮|76/100|[from] Stealth Rock
|move|p1a: Excadrill|Substitute|p1a: Excadrill
|-fail|p1a: Excadrill|move: Substitute|[weak]
|
|-weather|Sandstorm|[upkeep]
|-heal|p1a: Excadrill|19/100|[from] item: Leftovers
|upkeep
|turn|24
|
|t:|1769390664
|move|p2a: 粉色大炮|Mystical Fire|p1a: Excadrill
|-supereffective|p1a: Excadrill
|-damage|p1a: Excadrill|0 fnt
|faint|p1a: Excadrill
|
|-weather|Sandstorm|[upkeep]
|upkeep
|
|t:|1769390668
|switch|p1a: Ogerpon|Ogerpon, F|66/100
|turn|25
|
|t:|1769390671
|move|p2a: 粉色大炮|Mystical Fire|p1a: Ogerpon
|-supereffective|p1a: Ogerpon
|-damage|p1a: Ogerpon|0 fnt
|faint|p1a: Ogerpon
|
|win|Aaachonwang02
|raw|fraaaxn's rating: 1619 &rarr; <strong>1591</strong><br />(-28 for losing)
|raw|Aaachonwang02's rating: 1471 &rarr; <strong>1499</strong><br />(+28 for winning)
|l|☆fraaaxn
|player|p1|
|l|☆Aaachonwang02
|player|p2|
