|j|☆palcom
|j|☆ARealTryHarder
|t:|1769439706
|gametype|singles
|player|p1|palcom|101|1359
|player|p2|ARealTryHarder|265|1378
|gen|9
|tier|[Gen 9] OU
|rated|
|rule|HP Percentage Mod: HP is shown in percentages
|rule|Endless Battle Clause: Forcing endless battles is banned
|rule|Species Clause: Limit one of each Pokémon
|rule|OHKO Clause: OHKO moves are banned
|rule|Evasion Items Clause: Evasion items are banned
|rule|Evasion Moves Clause: Evasion moves are banned
|rule|Evasion Abilities Clause: Evasion abilities are banned
|rule|Sleep Moves Clause: Sleep-inducing moves are banned
|clearpoke
|poke|p1|Scrafty, M|
|poke|p1|Iron Valiant|
|poke|p1|Cobalion|
|poke|p1|Terrakion|
|poke|p1|Toxicroak, F|
|poke|p1|Flamigo, M|
|poke|p2|Darkrai|
|poke|p2|Ninetales-Alola, F|
|poke|p2|Gholdengo|
|poke|p2|Great Tusk|
|poke|p2|Ogerpon-Wellspring, F|
|poke|p2|Grafaiai, M|
|teampreview
|inactive|Battle timer is ON: inactive players will automatically lose when time's up. (requested by ARealTryHarder)
|
|t:|1769439717
|teamsize|p1|6
|teamsize|p2|6
|start
|switch|p1a: Cobalion|Cobalion|100/100
|switch|p2a: Ninetales|Ninetales-Alola, F|100/100
|-weather|Snowscape|[from] ability: Snow Warning|[of] p2a: Ninetales
|turn|1
|
|t:|1769439735
|switch|p2a: Gholdengo|Gholdengo|100/100
|move|p1a: Cobalion|Stealth Rock|p2a: Gholdengo
|-sidestart|p2: ARealTryHarder|move: Stealth Rock
|
|-weather|Snowscape|[upkeep]
|upkeep
|turn|2
|
|t:|1769439748
|move|p1a: Cobalion|Volt Switch|p2a: Gholdengo
|-damage|p2a: Gholdengo|84/100
|
|t:|1769439753
|switch|p1a: Scrafty|Scrafty, M|100/100|[from] Volt Switch
|move|p2a: Gholdengo|Nasty Plot|p2a: Gholdengo
|-boost|p2a: Gholdengo|spa|2
|
|-weather|Snowscape|[upkeep]
|-heal|p2a: Gholdengo|90/100|[from] item: Leftovers
|upkeep
|turn|3
|
|t:|1769439766
|move|p2a: Gholdengo|Make It Rain|p1a: Scrafty
|-damage|p1a: Scrafty|0 fnt
|-unboost|p2a: Gholdengo|spa|1
|faint|p1a: Scrafty
|
|-weather|Snowscape|[upkeep]
|-heal|p2a: Gholdengo|96/100|[from] item: Leftovers
|upkeep
|
|t:|1769439773
|switch|p1a: Flamigo|Flamigo, M|100/100
|turn|4
|
|t:|1769439800
|move|p1a: Flamigo|Close Combat|p2a: Gholdengo
|-supereffective|p2a: Gholdengo
|-damage|p2a: Gholdengo|0 fnt
|-unboost|p1a: Flamigo|def|1
|-unboost|p1a: Flamigo|spd|1
|faint|p2a: Gholdengo
|
|-weather|Snowscape|[upkeep]
|upkeep
|
|t:|1769439805
|switch|p2a: Ninetales|Ninetales-Alola, F|100/100
|-damage|p2a: Ninetales|76/100|[from] Stealth Rock
|turn|5
|
|t:|1769439816
|-terastallize|p1a: Flamigo|Fighting
|move|p1a: Flamigo|Close Combat|p2a: Ninetales
|-damage|p2a: Ninetales|7/100
|-unboost|p1a: Flamigo|def|1
|-unboost|p1a: Flamigo|spd|1
|move|p2a: Ninetales|Aurora Veil|p2a: Ninetales
|-sidestart|p2: ARealTryHarder|move: Aurora Veil
|
|-weather|none
|upkeep
|turn|6
|
|t:|1769439830
|move|p1a: Flamigo|Close Combat|p2a: Ninetales
|-damage|p2a: Ninetales|0 fnt
|-unboost|p1a: Flamigo|def|1
|-unboost|p1a: Flamigo|spd|1
|faint|p2a: Ninetales
|
|upkeep
|inactive|ARealTryHarder has 120 seconds left.
|
|t:|1769439853
|switch|p2a: Grafaiai|Grafaiai, M|100/100
|-damage|p2a: Grafaiai|88/100|[from] Stealth Rock
|turn|7
|
|t:|1769439859
|switch|p1a: Cobalion|Cobalion|100/100
|move|p2a: Grafaiai|Dig||[still]
|-prepare|p2a: Grafaiai|Dig
|
|upkeep
|turn|8
|
|t:|1769439870
|switch|p1a: Toxicroak|Toxicroak, F|100/100
|-item|p1a: Toxicroak|Air Balloon
|move|p2a: Grafaiai|Dig|p1a: Toxicroak|[from] lockedmove
|-immune|p1a: Toxicroak
|
|upkeep
|turn|9
|
|t:|1769439890
|switch|p2a: Great Tusk|Great Tusk|100/100
|-damage|p2a: Great Tusk|98/100|[from] Stealth Rock
|-enditem|p2a: Great Tusk|Booster Energy
|-activate|p2a: Great Tusk|ability: Protosynthesis|[fromitem]
|-start|p2a: Great Tusk|protosynthesisatk
|switch|p1a: Cobalion|Cobalion|100/100
|
|upkeep
|turn|10
|
|t:|1769439900
|move|p1a: Cobalion|Taunt|p2a: Great Tusk
|-start|p2a: Great Tusk|move: Taunt
|move|p2a: Great Tusk|Close Combat|p1a: Cobalion
|-supereffective|p1a: Cobalion
|-damage|p1a: Cobalion|0 fnt
|-unboost|p2a: Great Tusk|def|1
|-unboost|p2a: Great Tusk|spd|1
|faint|p1a: Cobalion
|
|upkeep
|
|t:|1769439918
|switch|p1a: Iron Valiant|Iron Valiant|100/100
|turn|11
|
|t:|1769439935
|move|p1a: Iron Valiant|Moonblast|p2a: Great Tusk
|-supereffective|p2a: Great Tusk
|-damage|p2a: Great Tusk|0 fnt
|faint|p2a: Great Tusk
|-end|p2a: Great Tusk|Protosynthesis|[silent]
|
|upkeep
|inactive|ARealTryHarder has 120 seconds left.
|
|t:|1769439956
|switch|p2a: Darkrai|Darkrai|100/100
|-damage|p2a: Darkrai|88/100|[from] Stealth Rock
|turn|12
|
|t:|1769439963
|move|p2a: Darkrai|Sludge Bomb|p1a: Iron Valiant
|-supereffective|p1a: Iron Valiant
|-enditem|p1a: Iron Valiant|Focus Sash
|-damage|p1a: Iron Valiant|1/100
|-status|p1a: Iron Valiant|psn
|-damage|p2a: Darkrai|78/100|[from] item: Life Orb
|move|p1a: Iron Valiant|Moonblast|p2a: Darkrai
|-supereffective|p2a: Darkrai
|-damage|p2a: Darkrai|17/100
|-unboost|p2a: Darkrai|spa|1
|
|-damage|p1a: Iron Valiant|0 fnt|[from] psn
|faint|p1a: Iron Valiant
|-end|p1a: Iron Valiant|Quark Drive|[silent]
|-sideend|p2: ARealTryHarder|move: Aurora Veil
|upkeep
|
|t:|1769439976
|switch|p1a: Flamigo|Flamigo, M, tera:Fighting|100/100
|turn|13
|inactive|ARealTryHarder has 120 seconds left.
|
|t:|1769439999
|move|p1a: Flamigo|Close Combat|p2a: Darkrai
|-supereffective|p2a: Darkrai
|-damage|p2a: Darkrai|0 fnt
|-unboost|p1a: Flamigo|def|1
|-unboost|p1a: Flamigo|spd|1
|faint|p2a: Darkrai
|
|upkeep
|inactive|ARealTryHarder has 120 seconds left.
|
|t:|1769440014
|switch|p2a: Grafaiai|Grafaiai, M|88/100
|-damage|p2a: Grafaiai|76/100|[from] Stealth Rock
|turn|14
|
|t:|1769440021
|move|p1a: Flamigo|Close Combat|p2a: Grafaiai
|-damage|p2a: Grafaiai|0 fnt
|-unboost|p1a: Flamigo|def|1
|-unboost|p1a: Flamigo|spd|1
|faint|p2a: Grafaiai
|
|upkeep
|-message|ARealTryHarder forfeited.
|
|win|palcom
|raw|palcom's rating: 1359 &rarr; <strong>1380</strong><br />(+21 for winning)
|raw|ARealTryHarder's rating: 1378 &rarr; <strong>1357</strong><br />(-21 for losing)
|l|☆ARealTryHarder
|player|p2|
|l|☆palcom
|player|p1|
