|j|☆kinkywh0re
|j|☆slowlyfadingaway
|t:|1769360517
|gametype|singles
|player|p1|kinkywh0re|preschooler|1179
|player|p2|slowlyfadingaway|veteran|1134
|gen|9
|tier|[Gen 9] OU
|rated|
|rule|HP Percentage Mod: HP is shown in percentages
|rule|Endless Battle Clause: Forcing endless battles is banned
|rule|Species Clause: Limit one of each Pokémon
|rule|OHKO Clause: OHKO moves are banned
|rule|Evasion Items Clause: Evasion items are banned
|rule|Evasion Moves Clause: Evasion moves are banned
|rule|Evasion Abilities Clause: Evasion abilities are banned
|rule|Sleep Moves Clause: Sleep-inducing moves are banned
|clearpoke
|poke|p1|Indeedee, M|
|poke|p1|Hatterene, F|
|poke|p1|Polteageist|
|poke|p1|Hawlucha, F|
|poke|p1|Lokix, M|
|poke|p1|Kyurem|
|poke|p2|Sandslash-Alola, F|
|poke|p2|Haxorus, M|
|poke|p2|Alomomola, F|
|poke|p2|Duraludon, M|
|poke|p2|Zoroark-Hisui, F|
|poke|p2|Deoxys-Defense|
|teampreview
|inactive|Battle timer is ON: inactive players will automatically lose when time's up. (requested by slowlyfadingaway)
|inactive|kinkywh0re also wants the timer to be on.
|
|t:|1769360528
|teamsize|p1|6
|teamsize|p2|6
|start
|switch|p1a: Indeedee|Indeedee, M|100/100
|switch|p2a: Duraludon|Duraludon, M|100/100
|-fieldstart|move: Psychic Terrain|[from] ability: Psychic Surge|[of] p1a: Indeedee
|turn|1
|
|t:|1769360534
|switch|p1a: Hatterene|Hatterene, F|100/100
|move|p2a: Duraludon|Flash Cannon|p1a: Hatterene
|-supereffective|p1a: Hatterene
|-damage|p1a: Hatterene|30/100
|-enditem|p1a: Hatterene|Eject Button
|
|t:|1769360543
|switch|p1a: Lokix|Lokix, M|100/100
|
|upkeep
|turn|2
|
|t:|1769360548
|move|p1a: Lokix|U-turn|p2a: Duraludon
|-resisted|p2a: Duraludon
|-damage|p2a: Duraludon|75/100
|
|t:|1769360551
|switch|p1a: Hatterene|Hatterene, F|30/100|[from] U-turn
|move|p2a: Duraludon|Thunder Wave|p1a: Hatterene
|move|p1a: Hatterene|Thunder Wave|p2a: Duraludon|[from] ability: Magic Bounce
|-status|p2a: Duraludon|par
|
|upkeep
|turn|3
|
|t:|1769360561
|cant|p2a: Duraludon|par
|move|p1a: Hatterene|Healing Wish|p1a: Hatterene
|faint|p1a: Hatterene
|
|upkeep
|
|t:|1769360582
|switch|p1a: Lokix|Lokix, M|100/100
|turn|4
|
|t:|1769360588
|move|p1a: Lokix|Knock Off|p2a: Duraludon
|-damage|p2a: Duraludon|36/100 par
|-enditem|p2a: Duraludon|Eviolite|[from] move: Knock Off|[of] p1a: Lokix
|move|p2a: Duraludon|Thunder Wave|p1a: Lokix
|-status|p1a: Lokix|par
|
|upkeep
|turn|5
|
|t:|1769360596
|switch|p2a: Alomomola|Alomomola, F|100/100
|move|p1a: Lokix|Knock Off|p2a: Alomomola
|-crit|p2a: Alomomola
|-damage|p2a: Alomomola|42/100
|-damage|p1a: Lokix|84/100 par|[from] item: Rocky Helmet|[of] p2a: Alomomola
|-enditem|p2a: Alomomola|Rocky Helmet|[from] move: Knock Off|[of] p1a: Lokix
|
|upkeep
|turn|6
|
|t:|1769360606
|switch|p1a: Hawlucha|Hawlucha, F|100/100
|-enditem|p1a: Hawlucha|Psychic Seed
|-boost|p1a: Hawlucha|spd|1|[from] item: Psychic Seed
|move|p2a: Alomomola|Wish|p2a: Alomomola
|
|upkeep
|turn|7
|
|t:|1769360612
|move|p2a: Alomomola|Protect|p2a: Alomomola
|-singleturn|p2a: Alomomola|Protect
|move|p1a: Hawlucha|Encore|p2a: Alomomola
|-activate|p2a: Alomomola|move: Protect
|
|-heal|p2a: Alomomola|92/100|[from] move: Wish|[wisher] Alomomola
|upkeep
|turn|8
|
|t:|1769360618
|switch|p2a: Sandslash|Sandslash-Alola, F|100/100
|move|p1a: Hawlucha|Swords Dance|p1a: Hawlucha
|-boost|p1a: Hawlucha|atk|2
|
|-fieldend|move: Psychic Terrain
|upkeep
|turn|9
|
|t:|1769360634
|move|p1a: Hawlucha|Acrobatics|p2a: Sandslash
|-resisted|p2a: Sandslash
|-damage|p2a: Sandslash|68/100
|move|p2a: Sandslash|Ice Spinner|p1a: Hawlucha
|-supereffective|p1a: Hawlucha
|-damage|p1a: Hawlucha|18/100
|
|upkeep
|turn|10
|
|t:|1769360641
|move|p1a: Hawlucha|Close Combat|p2a: Sandslash
|-supereffective|p2a: Sandslash
|-damage|p2a: Sandslash|0 fnt
|-unboost|p1a: Hawlucha|def|1
|-unboost|p1a: Hawlucha|spd|1
|faint|p2a: Sandslash
|
|upkeep
|
|t:|1769360647
|switch|p2a: Duraludon|Duraludon, M|100/100
|turn|11
|
|t:|1769360653
|move|p1a: Hawlucha|Acrobatics|p2a: Duraludon
|-damage|p2a: Duraludon|0 fnt
|replace|p2a: Zoroark|Zoroark-Hisui, F
|-end|p2a: Zoroark|Illusion
|faint|p2a: Zoroark
|
|upkeep
|
|t:|1769360659
|switch|p2a: Alomomola|Alomomola, F|100/100
|turn|12
|
|t:|1769360666
|move|p1a: Hawlucha|Acrobatics|p2a: Alomomola
|-damage|p2a: Alomomola|52/100
|move|p2a: Alomomola|Flip Turn|p1a: Hawlucha
|-damage|p1a: Hawlucha|0 fnt
|faint|p1a: Hawlucha
|
|t:|1769360672
|switch|p2a: Haxorus|Haxorus, M|100/100|[from] Flip Turn
|-ability|p2a: Haxorus|Mold Breaker
|
|upkeep
|
|t:|1769360675
|switch|p1a: Indeedee|Indeedee, M|100/100
|-fieldstart|move: Psychic Terrain|[from] ability: Psychic Surge|[of] p1a: Indeedee
|turn|13
|
|t:|1769360683
|move|p1a: Indeedee|Expanding Force|p2a: Haxorus
|-crit|p2a: Haxorus
|-damage|p2a: Haxorus|0 fnt
|faint|p2a: Haxorus
|
|upkeep
|
|t:|1769360687
|switch|p2a: Deoxys|Deoxys-Defense|100/100
|-ability|p2a: Deoxys|Pressure
|turn|14
|
|t:|1769360694
|switch|p1a: Lokix|Lokix, M|84/100 par
|-heal|p1a: Lokix|100/100|[from] move: Healing Wish
|move|p2a: Deoxys|Night Shade|p1a: Lokix
|-damage|p1a: Lokix|65/100
|
|upkeep
|turn|15
|
|t:|1769360701
|move|p1a: Lokix|U-turn|p2a: Deoxys
|-supereffective|p2a: Deoxys
|-damage|p2a: Deoxys|29/100
|
|t:|1769360708
|switch|p1a: Indeedee|Indeedee, M|100/100|[from] U-turn
|move|p2a: Deoxys|Night Shade|p1a: Indeedee
|-immune|p1a: Indeedee
|
|-heal|p2a: Deoxys|34/100|[from] item: Leftovers
|upkeep
|turn|16
|
|t:|1769360718
|move|p1a: Indeedee|Expanding Force|p2a: Deoxys
|-resisted|p2a: Deoxys
|-damage|p2a: Deoxys|14/100
|move|p2a: Deoxys|Recover|p2a: Deoxys
|-heal|p2a: Deoxys|65/100
|
|-heal|p2a: Deoxys|70/100|[from] item: Leftovers
|upkeep
|turn|17
|
|t:|1769360723
|move|p1a: Indeedee|Encore|p2a: Deoxys
|-start|p2a: Deoxys|Encore
|move|p2a: Deoxys|Recover|p2a: Deoxys
|-heal|p2a: Deoxys|100/100
|
|upkeep
|turn|18
|
|t:|1769360726
|switch|p1a: Lokix|Lokix, M|65/100
|switch|p2a: Alomomola|Alomomola, F|85/100
|
|upkeep
|turn|19
|
|t:|1769360734
|move|p2a: Alomomola|Protect|p2a: Alomomola
|-singleturn|p2a: Alomomola|Protect
|move|p1a: Lokix|U-turn|p2a: Alomomola
|-activate|p2a: Alomomola|move: Protect
|
|upkeep
|turn|20
|
|t:|1769360737
|move|p1a: Lokix|U-turn|p2a: Alomomola
|-damage|p2a: Alomomola|59/100
|
|t:|1769360755
|switch|p1a: Kyurem|Kyurem|100/100|[from] U-turn
|-ability|p1a: Kyurem|Pressure
|move|p2a: Alomomola|Wish|p2a: Alomomola
|
|-fieldend|move: Psychic Terrain
|upkeep
|turn|21
|
|t:|1769360762
|switch|p2a: Duraludon|Duraludon, M|36/100 par
|move|p1a: Kyurem|Dragon Dance|p1a: Kyurem
|-boost|p1a: Kyurem|atk|1
|-boost|p1a: Kyurem|spe|1
|
|-heal|p2a: Duraludon|100/100 par|[from] move: Wish|[wisher] Alomomola
|upkeep
|turn|22
|
|t:|1769360777
|-terastallize|p1a: Kyurem|Fire
|-terastallize|p2a: Duraludon|Steel
|move|p1a: Kyurem|Dragon Dance|p1a: Kyurem
|-boost|p1a: Kyurem|atk|1
|-boost|p1a: Kyurem|spe|1
|cant|p2a: Duraludon|par
|
|upkeep
|turn|23
|
|t:|1769360789
|move|p1a: Kyurem|Tera Blast|p2a: Duraludon|[anim] Tera Blast Fire
|-supereffective|p2a: Duraludon
|-damage|p2a: Duraludon|0 fnt
|faint|p2a: Duraludon
|
|upkeep
|
|t:|1769360792
|switch|p2a: Alomomola|Alomomola, F|93/100
|turn|24
|
|t:|1769360797
|move|p1a: Kyurem|Scale Shot|p2a: Alomomola
|-damage|p2a: Alomomola|77/100
|-damage|p2a: Alomomola|62/100
|-damage|p2a: Alomomola|46/100
|-damage|p2a: Alomomola|31/100
|-hitcount|p2a: Alomomola|4
|-unboost|p1a: Kyurem|def|1
|-boost|p1a: Kyurem|spe|1
|move|p2a: Alomomola|Mirror Coat||[still]
|-fail|p2a: Alomomola
|
|upkeep
|turn|25
|-message|slowlyfadingaway forfeited.
|
|win|kinkywh0re
|raw|kinkywh0re's rating: 1179 &rarr; <strong>1201</strong><br />(+22 for winning)
|raw|slowlyfadingaway's rating: 1134 &rarr; <strong>1112</strong><br />(-22 for losing)
|l|☆slowlyfadingaway
|player|p2|
|l|☆kinkywh0re
|player|p1|
