|j|☆DoorToAnotherWorld
|j|☆kiko5bolas
|t:|1769321213
|gametype|singles
|player|p1|DoorToAnotherWorld|clair|1132
|player|p2|kiko5bolas|266|1045
|gen|9
|tier|[Gen 9] OU
|rated|
|rule|HP Percentage Mod: HP is shown in percentages
|rule|Endless Battle Clause: Forcing endless battles is banned
|rule|Species Clause: Limit one of each Pokémon
|rule|OHKO Clause: OHKO moves are banned
|rule|Evasion Items Clause: Evasion items are banned
|rule|Evasion Moves Clause: Evasion moves are banned
|rule|Evasion Abilities Clause: Evasion abilities are banned
|rule|Sleep Moves Clause: Sleep-inducing moves are banned
|clearpoke
|poke|p1|Deoxys-Speed|
|poke|p1|Garchomp, M|
|poke|p1|Iron Moth|
|poke|p1|Darkrai|
|poke|p1|Ogerpon-Wellspring, F|
|poke|p1|Zamazenta-*|
|poke|p2|Gardevoir, F|
|poke|p2|Iron Valiant|
|poke|p2|Torkoal, F|
|poke|p2|Ceruledge, F|
|poke|p2|Corviknight, M|
|poke|p2|Garganacl, M|
|teampreview
|inactive|Battle timer is ON: inactive players will automatically lose when time's up. (requested by DoorToAnotherWorld)
|
|t:|1769321232
|teamsize|p1|6
|teamsize|p2|6
|start
|switch|p1a: Deoxys|Deoxys-Speed|100/100
|switch|p2a: Torkoal|Torkoal, F|100/100
|-ability|p1a: Deoxys|Pressure
|-weather|SunnyDay|[from] ability: Drought|[of] p2a: Torkoal
|turn|1
|
|t:|1769321244
|move|p1a: Deoxys|Taunt|p2a: Torkoal
|-start|p2a: Torkoal|move: Taunt
|cant|p2a: Torkoal|move: Taunt|Stealth Rock
|
|-weather|SunnyDay|[upkeep]
|upkeep
|turn|2
|
|t:|1769321251
|switch|p2a: Garganacl|Garganacl, M|100/100
|move|p1a: Deoxys|Light Screen|p1a: Deoxys
|-sidestart|p1: DoorToAnotherWorld|move: Light Screen
|
|-weather|SunnyDay|[upkeep]
|upkeep
|turn|3
|
|t:|1769321260
|move|p1a: Deoxys|Taunt|p2a: Garganacl
|-start|p2a: Garganacl|move: Taunt
|move|p2a: Garganacl|Salt Cure|p1a: Deoxys
|-damage|p1a: Deoxys|85/100
|-start|p1a: Deoxys|Salt Cure
|
|-weather|SunnyDay|[upkeep]
|-damage|p1a: Deoxys|72/100|[from] Salt Cure
|upkeep
|turn|4
|
|t:|1769321276
|switch|p2a: Gardevoir|Gardevoir, F|100/100
|-ability|p2a: Gardevoir|Pressure|Trace|[from] ability: Trace|[of] p1a: Deoxys
|-ability|p2a: Gardevoir|Pressure
|move|p1a: Deoxys|Reflect|p1a: Deoxys
|-sidestart|p1: DoorToAnotherWorld|Reflect
|
|-weather|SunnyDay|[upkeep]
|-damage|p1a: Deoxys|60/100|[from] Salt Cure
|upkeep
|turn|5
|
|t:|1769321293
|-terastallize|p2a: Gardevoir|Fairy
|move|p2a: Gardevoir|Mystical Fire|p1a: Deoxys
|-damage|p1a: Deoxys|36/100
|-unboost|p1a: Deoxys|spa|1
|move|p1a: Deoxys|Teleport|p1a: Deoxys
|
|t:|1769321300
|switch|p1a: Iron Moth|Iron Moth|100/100|[from] Teleport
|-enditem|p1a: Iron Moth|Booster Energy
|-activate|p1a: Iron Moth|ability: Quark Drive|[fromitem]
|-start|p1a: Iron Moth|quarkdrivespe
|
|-weather|SunnyDay|[upkeep]
|upkeep
|turn|6
|
|t:|1769321313
|switch|p2a: Garganacl|Garganacl, M|100/100
|move|p1a: Iron Moth|Fiery Dance|p2a: Garganacl
|-resisted|p2a: Garganacl
|-damage|p2a: Garganacl|79/100
|-boost|p1a: Iron Moth|spa|1
|
|-weather|SunnyDay|[upkeep]
|-heal|p2a: Garganacl|86/100|[from] item: Leftovers
|upkeep
|turn|7
|
|t:|1769321326
|-terastallize|p1a: Iron Moth|Ground
|move|p1a: Iron Moth|Substitute|p1a: Iron Moth
|-start|p1a: Iron Moth|Substitute
|-damage|p1a: Iron Moth|76/100
|move|p2a: Garganacl|Salt Cure|p1a: Iron Moth
|-resisted|p1a: Iron Moth
|-activate|p1a: Iron Moth|move: Substitute|[damage]
|
|-weather|SunnyDay|[upkeep]
|-heal|p2a: Garganacl|92/100|[from] item: Leftovers
|upkeep
|turn|8
|
|t:|1769321340
|move|p1a: Iron Moth|Fiery Dance|p2a: Garganacl
|-resisted|p2a: Garganacl
|-damage|p2a: Garganacl|65/100
|move|p2a: Garganacl|Stealth Rock|p1a: Iron Moth
|-sidestart|p1: DoorToAnotherWorld|move: Stealth Rock
|
|-weather|none
|-heal|p2a: Garganacl|71/100|[from] item: Leftovers
|upkeep
|turn|9
|
|t:|1769321352
|move|p1a: Iron Moth|Fiery Dance|p2a: Garganacl
|-resisted|p2a: Garganacl
|-damage|p2a: Garganacl|51/100
|move|p2a: Garganacl|Recover|p2a: Garganacl
|-heal|p2a: Garganacl|100/100
|
|-sideend|p1: DoorToAnotherWorld|move: Light Screen
|upkeep
|turn|10
|
|t:|1769321363
|move|p2a: Garganacl|Protect|p2a: Garganacl
|-singleturn|p2a: Garganacl|Protect
|move|p1a: Iron Moth|Fiery Dance|p2a: Garganacl
|-activate|p2a: Garganacl|move: Protect
|
|upkeep
|turn|11
|
|t:|1769321373
|move|p1a: Iron Moth|Fiery Dance|p2a: Garganacl
|-resisted|p2a: Garganacl
|-damage|p2a: Garganacl|82/100
|-boost|p1a: Iron Moth|spa|1
|move|p2a: Garganacl|Salt Cure|p1a: Iron Moth
|-resisted|p1a: Iron Moth
|-activate|p1a: Iron Moth|move: Substitute|[damage]
|
|-heal|p2a: Garganacl|88/100|[from] item: Leftovers
|-sideend|p1: DoorToAnotherWorld|Reflect
|upkeep
|turn|12
|
|t:|1769321387
|move|p2a: Garganacl|Protect|p2a: Garganacl
|-singleturn|p2a: Garganacl|Protect
|move|p1a: Iron Moth|Fiery Dance|p2a: Garganacl
|-activate|p2a: Garganacl|move: Protect
|
|-heal|p2a: Garganacl|94/100|[from] item: Leftovers
|upkeep
|turn|13
|
|t:|1769321410
|move|p1a: Iron Moth|Fiery Dance|p2a: Garganacl
|-resisted|p2a: Garganacl
|-damage|p2a: Garganacl|70/100
|-boost|p1a: Iron Moth|spa|1
|move|p2a: Garganacl|Salt Cure|p1a: Iron Moth
|-resisted|p1a: Iron Moth
|-activate|p1a: Iron Moth|move: Substitute|[damage]
|
|-heal|p2a: Garganacl|76/100|[from] item: Leftovers
|upkeep
|turn|14
|
|t:|1769321423
|move|p2a: Garganacl|Protect|p2a: Garganacl
|-singleturn|p2a: Garganacl|Protect
|move|p1a: Iron Moth|Tera Blast|p2a: Garganacl|[anim] Tera Blast Ground
|-activate|p2a: Garganacl|move: Protect
|
|-heal|p2a: Garganacl|82/100|[from] item: Leftovers
|upkeep
|turn|15
|inactive|kiko5bolas has 120 seconds left.
|
|t:|1769321445
|switch|p2a: Gardevoir|Gardevoir, F, tera:Fairy|100/100
|move|p1a: Iron Moth|Tera Blast|p2a: Gardevoir|[anim] Tera Blast Ground
|-damage|p2a: Gardevoir|0 fnt
|faint|p2a: Gardevoir
|
|upkeep
|inactive|kiko5bolas has 120 seconds left.
|
|t:|1769321458
|switch|p2a: Iron Valiant|Iron Valiant|100/100
|-enditem|p2a: Iron Valiant|Booster Energy
|-activate|p2a: Iron Valiant|ability: Quark Drive|[fromitem]
|-start|p2a: Iron Valiant|quarkdrivespe
|turn|16
|inactive|kiko5bolas has 120 seconds left.
|
|t:|1769321465
|move|p2a: Iron Valiant|Destiny Bond|p2a: Iron Valiant
|-singlemove|p2a: Iron Valiant|Destiny Bond
|move|p1a: Iron Moth|Fiery Dance|p2a: Iron Valiant
|-damage|p2a: Iron Valiant|0 fnt
|faint|p2a: Iron Valiant
|-activate|p2a: Iron Valiant|move: Destiny Bond
|-end|p2a: Iron Valiant|Quark Drive|[silent]
|faint|p1a: Iron Moth
|-end|p1a: Iron Moth|Quark Drive|[silent]
|
|upkeep
|inactive|kiko5bolas has 120 seconds left.
|
|t:|1769321479
|switch|p2a: Garganacl|Garganacl, M|82/100
|switch|p1a: Deoxys|Deoxys-Speed|36/100
|-damage|p1a: Deoxys|24/100|[from] Stealth Rock
|-ability|p1a: Deoxys|Pressure
|turn|17
|inactive|kiko5bolas has 120 seconds left.
|
|t:|1769321488
|move|p2a: Garganacl|Protect|p2a: Garganacl
|-singleturn|p2a: Garganacl|Protect
|move|p1a: Deoxys|Reflect|p1a: Deoxys
|-sidestart|p1: DoorToAnotherWorld|Reflect
|
|-heal|p2a: Garganacl|88/100|[from] item: Leftovers
|upkeep
|turn|18
|
|t:|1769321494
|move|p2a: Garganacl|Salt Cure|p1a: Deoxys
|-damage|p1a: Deoxys|15/100
|-start|p1a: Deoxys|Salt Cure
|move|p1a: Deoxys|Teleport|p1a: Deoxys
|
|t:|1769321496
|switch|p1a: Ogerpon|Ogerpon-Wellspring, F|100/100|[from] Teleport
|-damage|p1a: Ogerpon|88/100|[from] Stealth Rock
|
|-heal|p2a: Garganacl|95/100|[from] item: Leftovers
|upkeep
|turn|19
|
|t:|1769321509
|switch|p2a: Corviknight|Corviknight, M|100/100
|-ability|p2a: Corviknight|Pressure
|move|p1a: Ogerpon|Swords Dance|p1a: Ogerpon
|-boost|p1a: Ogerpon|atk|2
|
|upkeep
|turn|20
|
|t:|1769321518
|move|p1a: Ogerpon|Ivy Cudgel|p2a: Corviknight|[anim] Ivy Cudgel Water
|-damage|p2a: Corviknight|27/100
|move|p2a: Corviknight|U-turn|p1a: Ogerpon
|-supereffective|p1a: Ogerpon
|-damage|p1a: Ogerpon|69/100
|
|t:|1769321525
|switch|p2a: Torkoal|Torkoal, F|100/100|[from] U-turn
|-weather|SunnyDay|[from] ability: Drought|[of] p2a: Torkoal
|
|-weather|SunnyDay|[upkeep]
|upkeep
|turn|21
|
|t:|1769321534
|move|p1a: Ogerpon|Ivy Cudgel|p2a: Torkoal|[anim] Ivy Cudgel Water
|-supereffective|p2a: Torkoal
|-damage|p2a: Torkoal|30/100
|move|p2a: Torkoal|Will-O-Wisp|p1a: Ogerpon|[miss]
|-miss|p2a: Torkoal|p1a: Ogerpon
|
|-weather|SunnyDay|[upkeep]
|upkeep
|turn|22
|-message|kiko5bolas forfeited.
|
|win|DoorToAnotherWorld
|raw|DoorToAnotherWorld's rating: 1132 &rarr; <strong>1151</strong><br />(+19 for winning)
|raw|kiko5bolas's rating: 1045 &rarr; <strong>1032</strong><br />(-13 for losing)
|l|☆kiko5bolas
|player|p2|
