|j|☆prof. jubokko
|j|☆alvane98
|t:|1769436466
|gametype|singles
|player|p1|prof. jubokko|cyrus|1160
|player|p2|alvane98|1|1211
|gen|9
|tier|[Gen 9] OU
|rated|
|rule|HP Percentage Mod: HP is shown in percentages
|rule|Endless Battle Clause: Forcing endless battles is banned
|rule|Species Clause: Limit one of each Pokémon
|rule|OHKO Clause: OHKO moves are banned
|rule|Evasion Items Clause: Evasion items are banned
|rule|Evasion Moves Clause: Evasion moves are banned
|rule|Evasion Abilities Clause: Evasion abilities are banned
|rule|Sleep Moves Clause: Sleep-inducing moves are banned
|clearpoke
|poke|p1|Tyranitar, F|
|poke|p1|Pecharunt|
|poke|p1|Incineroar, M|
|poke|p1|Tropius, F|
|poke|p1|Gliscor, F|
|poke|p1|Corviknight, F|
|poke|p2|Iron Valiant|
|poke|p2|Excadrill, M|
|poke|p2|Tyranitar, M|
|poke|p2|Tornadus-Therian, M|
|poke|p2|Ogerpon-Cornerstone, F|
|poke|p2|Toxapex, M|
|teampreview
|
|t:|1769436469
|teamsize|p1|6
|teamsize|p2|6
|start
|switch|p1a: Tyranitar|Tyranitar, F|100/100
|switch|p2a: Rudiger|Toxapex, M|100/100
|-weather|Sandstorm|[from] ability: Sand Stream|[of] p1a: Tyranitar
|turn|1
|inactive|Battle timer is ON: inactive players will automatically lose when time's up. (requested by alvane98)
|
|t:|1769436476
|move|p1a: Tyranitar|Stealth Rock|p2a: Rudiger
|-sidestart|p2: alvane98|move: Stealth Rock
|move|p2a: Rudiger|Toxic|p1a: Tyranitar
|-status|p1a: Tyranitar|tox
|
|-weather|Sandstorm|[upkeep]
|-damage|p2a: Rudiger|95/100|[from] Sandstorm
|-damage|p1a: Tyranitar|94/100 tox|[from] psn
|upkeep
|turn|2
|
|t:|1769436481
|move|p1a: Tyranitar|Knock Off|p2a: Rudiger
|-damage|p2a: Rudiger|66/100
|-enditem|p2a: Rudiger|Eject Button|[from] move: Knock Off|[of] p1a: Tyranitar
|move|p2a: Rudiger|Toxic Spikes|p1a: Tyranitar
|-sidestart|p1: prof. jubokko|move: Toxic Spikes
|
|-weather|Sandstorm|[upkeep]
|-damage|p2a: Rudiger|60/100|[from] Sandstorm
|-heal|p1a: Tyranitar|100/100 tox|[from] item: Leftovers
|-damage|p1a: Tyranitar|88/100 tox|[from] psn
|upkeep
|turn|3
|
|t:|1769436492
|switch|p1a: Gliscor|Gliscor, F|100/100
|move|p2a: Rudiger|Toxic Spikes|p1a: Gliscor
|-sidestart|p1: prof. jubokko|move: Toxic Spikes
|
|-weather|Sandstorm|[upkeep]
|-damage|p2a: Rudiger|54/100|[from] Sandstorm
|-status|p1a: Gliscor|tox|[from] item: Toxic Orb
|upkeep
|turn|4
|
|t:|1769436500
|switch|p2a: Vini Jr.|Tornadus-Therian, M|100/100
|-damage|p2a: Vini Jr.|76/100|[from] Stealth Rock
|move|p1a: Gliscor|Earthquake|p2a: Vini Jr.
|-immune|p2a: Vini Jr.
|
|-weather|Sandstorm|[upkeep]
|-damage|p2a: Vini Jr.|70/100|[from] Sandstorm
|upkeep
|turn|5
|
|t:|1769436509
|move|p2a: Vini Jr.|Bleakwind Storm|p1a: Gliscor
|-damage|p1a: Gliscor|16/100 tox
|move|p1a: Gliscor|Crabhammer|p2a: Vini Jr.
|-damage|p2a: Vini Jr.|36/100
|
|-weather|none
|-heal|p1a: Gliscor|29/100 tox|[from] ability: Poison Heal
|upkeep
|turn|6
|
|t:|1769436522
|switch|p1a: Corviknight|Corviknight, F|100/100
|move|p2a: Vini Jr.|Bleakwind Storm|p1a: Corviknight
|-resisted|p1a: Corviknight
|-damage|p1a: Corviknight|66/100
|
|-heal|p1a: Corviknight|72/100|[from] item: Leftovers
|upkeep
|turn|7
|
|t:|1769436533
|switch|p2a: Sekiam|Tyranitar, M|100/100
|-damage|p2a: Sekiam|88/100|[from] Stealth Rock
|-weather|Sandstorm|[from] ability: Sand Stream|[of] p2a: Sekiam
|move|p1a: Corviknight|Iron Head|p2a: Sekiam
|-supereffective|p2a: Sekiam
|-damage|p2a: Sekiam|46/100
|
|-weather|Sandstorm|[upkeep]
|-heal|p1a: Corviknight|78/100|[from] item: Leftovers
|upkeep
|turn|8
|
|t:|1769436543
|move|p2a: Sekiam|Knock Off|p1a: Corviknight
|-damage|p1a: Corviknight|45/100
|-enditem|p1a: Corviknight|Leftovers|[from] move: Knock Off|[of] p2a: Sekiam
|move|p1a: Corviknight|Iron Head|p2a: Sekiam
|-supereffective|p2a: Sekiam
|-damage|p2a: Sekiam|3/100
|
|-weather|Sandstorm|[upkeep]
|upkeep
|turn|9
|
|t:|1769436551
|move|p2a: Sekiam|Ice Punch|p1a: Corviknight
|-damage|p1a: Corviknight|27/100
|-status|p1a: Corviknight|frz
|cant|p1a: Corviknight|frz
|
|-weather|Sandstorm|[upkeep]
|upkeep
|turn|10
|
|t:|1769436556
|move|p2a: Sekiam|Low Kick|p1a: Corviknight
|-damage|p1a: Corviknight|9/100 frz
|cant|p1a: Corviknight|frz
|
|-weather|Sandstorm|[upkeep]
|upkeep
|turn|11
|
|t:|1769436560
|move|p2a: Sekiam|Ice Punch|p1a: Corviknight
|-damage|p1a: Corviknight|0 fnt
|faint|p1a: Corviknight
|
|-weather|Sandstorm|[upkeep]
|upkeep
|
|t:|1769436562
|switch|p1a: Pecharunt|Pecharunt|100/100
|-sideend|p1: prof. jubokko|move: Toxic Spikes|[of] p1a: Pecharunt
|turn|12
|
|t:|1769436569
|move|p2a: Sekiam|Knock Off|p1a: Pecharunt
|-supereffective|p1a: Pecharunt
|-damage|p1a: Pecharunt|52/100
|-damage|p2a: Sekiam|0 fnt|[from] item: Rocky Helmet|[of] p1a: Pecharunt
|faint|p2a: Sekiam
|move|p1a: Pecharunt|Malignant Chain|p2: Sekiam|[notarget]
|-fail|p1a: Pecharunt
|
|-weather|Sandstorm|[upkeep]
|-damage|p1a: Pecharunt|45/100|[from] Sandstorm
|upkeep
|
|t:|1769436577
|switch|p2a: Hans|Excadrill, M|100/100
|-damage|p2a: Hans|97/100|[from] Stealth Rock
|turn|13
|
|t:|1769436582
|switch|p1a: Tropius|Tropius, F|100/100
|move|p2a: Hans|Substitute|p2a: Hans
|-start|p2a: Hans|Substitute
|-damage|p2a: Hans|73/100
|
|-weather|Sandstorm|[upkeep]
|-damage|p1a: Tropius|94/100|[from] Sandstorm
|-heal|p2a: Hans|79/100|[from] item: Leftovers
|upkeep
|turn|14
|
|t:|1769436587
|move|p2a: Hans|Rock Slide|p1a: Tropius
|-supereffective|p1a: Tropius
|-damage|p1a: Tropius|32/100
|-enditem|p1a: Tropius|Sitrus Berry|[eat]
|-heal|p1a: Tropius|57/100|[from] item: Sitrus Berry
|move|p1a: Tropius|Giga Drain|p2a: Hans
|-end|p2a: Hans|Substitute
|-heal|p1a: Tropius|68/100|[from] drain|[of] p2a: Hans
|
|-weather|none
|-heal|p2a: Hans|85/100|[from] item: Leftovers
|-item|p1a: Tropius|Sitrus Berry|[from] ability: Harvest
|upkeep
|turn|15
|
|t:|1769436596
|move|p2a: Hans|Rock Slide|p1a: Tropius
|-supereffective|p1a: Tropius
|-crit|p1a: Tropius
|-damage|p1a: Tropius|0 fnt
|faint|p1a: Tropius
|
|-heal|p2a: Hans|91/100|[from] item: Leftovers
|upkeep
|
|t:|1769436600
|switch|p1a: Incineroar|Incineroar, M|100/100
|-ability|p1a: Incineroar|Intimidate|boost
|-unboost|p2a: Hans|atk|1
|turn|16
|
|t:|1769436607
|switch|p2a: Rudiger|Toxapex, M|87/100
|-damage|p2a: Rudiger|75/100|[from] Stealth Rock
|move|p1a: Incineroar|Fake Out|p2a: Rudiger
|-damage|p2a: Rudiger|67/100
|
|upkeep
|turn|17
|
|t:|1769436614
|move|p1a: Incineroar|Parting Shot|p2a: Rudiger
|-unboost|p2a: Rudiger|atk|1
|-unboost|p2a: Rudiger|spa|1
|
|t:|1769436616
|switch|p1a: Pecharunt|Pecharunt|45/100|[from] Parting Shot
|move|p2a: Rudiger|Recover|p2a: Rudiger
|-heal|p2a: Rudiger|100/100
|
|upkeep
|turn|18
|
|t:|1769436622
|move|p1a: Pecharunt|Recover|p1a: Pecharunt
|-heal|p1a: Pecharunt|95/100
|move|p2a: Rudiger|Toxic Spikes|p1a: Pecharunt
|-sidestart|p1: prof. jubokko|move: Toxic Spikes
|
|upkeep
|turn|19
|
|t:|1769436626
|switch|p1a: Gliscor|Gliscor, F|29/100 tox
|move|p2a: Rudiger|Toxic Spikes|p1a: Gliscor
|-sidestart|p1: prof. jubokko|move: Toxic Spikes
|
|-heal|p1a: Gliscor|41/100 tox|[from] ability: Poison Heal
|upkeep
|turn|20
|
|t:|1769436636
|switch|p2a: Vini Jr.|Tornadus-Therian, M|69/100
|-damage|p2a: Vini Jr.|44/100|[from] Stealth Rock
|move|p1a: Gliscor|Swords Dance|p1a: Gliscor
|-boost|p1a: Gliscor|atk|2
|
|-heal|p1a: Gliscor|54/100 tox|[from] ability: Poison Heal
|upkeep
|turn|21
|
|t:|1769436650
|move|p1a: Gliscor|Protect|p1a: Gliscor
|-singleturn|p1a: Gliscor|Protect
|move|p2a: Vini Jr.|Bleakwind Storm|p1a: Gliscor
|-activate|p1a: Gliscor|move: Protect
|
|-heal|p1a: Gliscor|66/100 tox|[from] ability: Poison Heal
|upkeep
|turn|22
|
|t:|1769436658
|switch|p1a: Tyranitar|Tyranitar, F|88/100 tox
|-weather|Sandstorm|[from] ability: Sand Stream|[of] p1a: Tyranitar
|move|p2a: Vini Jr.|Bleakwind Storm|p1a: Tyranitar
|-resisted|p1a: Tyranitar
|-damage|p1a: Tyranitar|75/100 tox
|-unboost|p1a: Tyranitar|spe|1
|
|-weather|Sandstorm|[upkeep]
|-damage|p2a: Vini Jr.|38/100|[from] Sandstorm
|-heal|p1a: Tyranitar|81/100 tox|[from] item: Leftovers
|-damage|p1a: Tyranitar|75/100 tox|[from] psn
|upkeep
|turn|23
|
|t:|1769436666
|move|p2a: Vini Jr.|Bleakwind Storm|p1a: Tyranitar
|-resisted|p1a: Tyranitar
|-damage|p1a: Tyranitar|61/100 tox
|-unboost|p1a: Tyranitar|spe|1
|move|p1a: Tyranitar|Stone Edge|p2a: Vini Jr.|[miss]
|-miss|p1a: Tyranitar|p2a: Vini Jr.
|
|-weather|Sandstorm|[upkeep]
|-damage|p2a: Vini Jr.|32/100|[from] Sandstorm
|-heal|p1a: Tyranitar|67/100 tox|[from] item: Leftovers
|-damage|p1a: Tyranitar|55/100 tox|[from] psn
|upkeep
|turn|24
|
|t:|1769436673
|switch|p2a: Rudiger|Toxapex, M|100/100
|-damage|p2a: Rudiger|88/100|[from] Stealth Rock
|move|p1a: Tyranitar|Knock Off|p2a: Rudiger
|-damage|p2a: Rudiger|66/100
|
|-weather|Sandstorm|[upkeep]
|-damage|p2a: Rudiger|60/100|[from] Sandstorm
|-heal|p1a: Tyranitar|61/100 tox|[from] item: Leftovers
|-damage|p1a: Tyranitar|42/100 tox|[from] psn
|upkeep
|turn|25
|
|t:|1769436680
|move|p2a: Rudiger|Recover|p2a: Rudiger
|-heal|p2a: Rudiger|100/100
|move|p1a: Tyranitar|Stone Edge|p2a: Rudiger
|-damage|p2a: Rudiger|71/100
|
|-weather|Sandstorm|[upkeep]
|-damage|p2a: Rudiger|66/100|[from] Sandstorm
|-heal|p1a: Tyranitar|49/100 tox|[from] item: Leftovers
|-damage|p1a: Tyranitar|24/100 tox|[from] psn
|upkeep
|turn|26
|
|t:|1769436684
|switch|p1a: Gliscor|Gliscor, F|66/100 tox
|move|p2a: Rudiger|Recover|p2a: Rudiger
|-heal|p2a: Rudiger|100/100
|
|-weather|none
|-heal|p1a: Gliscor|78/100 tox|[from] ability: Poison Heal
|upkeep
|turn|27
|
|t:|1769436692
|switch|p2a: Vini Jr.|Tornadus-Therian, M|65/100
|-damage|p2a: Vini Jr.|40/100|[from] Stealth Rock
|move|p1a: Gliscor|Swords Dance|p1a: Gliscor
|-boost|p1a: Gliscor|atk|2
|
|-heal|p1a: Gliscor|91/100 tox|[from] ability: Poison Heal
|upkeep
|turn|28
|
|t:|1769436697
|move|p2a: Vini Jr.|Bleakwind Storm|p1a: Gliscor
|-damage|p1a: Gliscor|10/100 tox
|move|p1a: Gliscor|Crabhammer|p2a: Vini Jr.
|-damage|p2a: Vini Jr.|0 fnt
|faint|p2a: Vini Jr.
|
|-heal|p1a: Gliscor|23/100 tox|[from] ability: Poison Heal
|upkeep
|
|t:|1769436704
|switch|p2a: Iron Chocolate|Iron Valiant|100/100
|-damage|p2a: Iron Chocolate|94/100|[from] Stealth Rock
|turn|29
|
|t:|1769436716
|switch|p1a: Tyranitar|Tyranitar, F|24/100 tox
|-weather|Sandstorm|[from] ability: Sand Stream|[of] p1a: Tyranitar
|move|p2a: Iron Chocolate|Shadow Ball|p1a: Tyranitar
|-resisted|p1a: Tyranitar
|-damage|p1a: Tyranitar|16/100 tox
|
|-weather|Sandstorm|[upkeep]
|-damage|p2a: Iron Chocolate|88/100|[from] Sandstorm
|-heal|p1a: Tyranitar|22/100 tox|[from] item: Leftovers
|-damage|p1a: Tyranitar|16/100 tox|[from] psn
|upkeep
|turn|30
|
|t:|1769436723
|move|p2a: Iron Chocolate|Shadow Ball|p1a: Tyranitar
|-resisted|p1a: Tyranitar
|-damage|p1a: Tyranitar|8/100 tox
|move|p1a: Tyranitar|Stone Edge|p2a: Iron Chocolate
|-resisted|p2a: Iron Chocolate
|-damage|p2a: Iron Chocolate|58/100
|
|-weather|Sandstorm|[upkeep]
|-damage|p2a: Iron Chocolate|52/100|[from] Sandstorm
|-heal|p1a: Tyranitar|14/100 tox|[from] item: Leftovers
|-damage|p1a: Tyranitar|2/100 tox|[from] psn
|upkeep
|turn|31
|
|t:|1769436730
|move|p2a: Iron Chocolate|Shadow Ball|p1a: Tyranitar
|-resisted|p1a: Tyranitar
|-damage|p1a: Tyranitar|0 fnt
|faint|p1a: Tyranitar
|
|-weather|Sandstorm|[upkeep]
|-damage|p2a: Iron Chocolate|45/100|[from] Sandstorm
|upkeep
|
|t:|1769436733
|switch|p1a: Pecharunt|Pecharunt|95/100
|-sideend|p1: prof. jubokko|move: Toxic Spikes|[of] p1a: Pecharunt
|turn|32
|
|t:|1769436739
|-terastallize|p2a: Iron Chocolate|Ghost
|move|p2a: Iron Chocolate|Shadow Ball|p1a: Pecharunt
|-supereffective|p1a: Pecharunt
|-damage|p1a: Pecharunt|0 fnt
|faint|p1a: Pecharunt
|
|-weather|Sandstorm|[upkeep]
|-damage|p2a: Iron Chocolate|39/100|[from] Sandstorm
|upkeep
|
|t:|1769436744
|switch|p1a: Incineroar|Incineroar, M|100/100
|-ability|p1a: Incineroar|Intimidate|boost
|-unboost|p2a: Iron Chocolate|atk|1
|turn|33
|
|t:|1769436748
|-end|p2a: Iron Chocolate|Quark Drive|[silent]
|switch|p2a: Rudiger|Toxapex, M|100/100
|-damage|p2a: Rudiger|88/100|[from] Stealth Rock
|move|p1a: Incineroar|Knock Off|p2a: Rudiger
|-damage|p2a: Rudiger|69/100
|
|-weather|none
|upkeep
|turn|34
|
|t:|1769436753
|move|p1a: Incineroar|Parting Shot|p2a: Rudiger
|-unboost|p2a: Rudiger|atk|1
|-unboost|p2a: Rudiger|spa|1
|
|t:|1769436755
|switch|p1a: Gliscor|Gliscor, F|23/100 tox|[from] Parting Shot
|move|p2a: Rudiger|Toxic|p1a: Gliscor
|-fail|p1a: Gliscor|tox
|
|-heal|p1a: Gliscor|35/100 tox|[from] ability: Poison Heal
|upkeep
|turn|35
|
|t:|1769436762
|switch|p2a: Iron Chocolate|Iron Valiant, tera:Ghost|39/100
|-damage|p2a: Iron Chocolate|27/100|[from] Stealth Rock
|move|p1a: Gliscor|Earthquake|p2a: Iron Chocolate
|-damage|p2a: Iron Chocolate|0 fnt
|faint|p2a: Iron Chocolate
|-end|p2a: Iron Chocolate|Quark Drive|[silent]
|
|-heal|p1a: Gliscor|48/100 tox|[from] ability: Poison Heal
|upkeep
|
|t:|1769436766
|switch|p2a: Ogerporn|Ogerpon-Cornerstone, F|100/100
|-damage|p2a: Ogerporn|88/100|[from] Stealth Rock
|turn|36
|
|t:|1769436777
|-terastallize|p1a: Gliscor|Water
|move|p2a: Ogerporn|Ivy Cudgel|p1a: Gliscor|[anim] Ivy Cudgel Rock
|-damage|p1a: Gliscor|10/100 tox
|move|p1a: Gliscor|Earthquake|p2a: Ogerporn
|-damage|p2a: Ogerporn|41/100
|
|-heal|p1a: Gliscor|23/100 tox|[from] ability: Poison Heal
|upkeep
|turn|37
|
|t:|1769436786
|move|p1a: Gliscor|Protect|p1a: Gliscor
|-singleturn|p1a: Gliscor|Protect
|move|p2a: Ogerporn|Ivy Cudgel|p1a: Gliscor|[anim] Ivy Cudgel Rock
|-activate|p1a: Gliscor|move: Protect
|
|-heal|p1a: Gliscor|35/100 tox|[from] ability: Poison Heal
|upkeep
|turn|38
|
|t:|1769436792
|switch|p1a: Incineroar|Incineroar, M|100/100
|-ability|p1a: Incineroar|Intimidate|boost
|-unboost|p2a: Ogerporn|atk|1
|move|p2a: Ogerporn|Power Whip|p1a: Incineroar
|-resisted|p1a: Incineroar
|-damage|p1a: Incineroar|85/100
|
|upkeep
|turn|39
|
|t:|1769436799
|move|p1a: Incineroar|Fake Out|p2a: Ogerporn
|-resisted|p2a: Ogerporn
|-damage|p2a: Ogerporn|34/100
|cant|p2a: Ogerporn|flinch
|
|upkeep
|turn|40
|
|t:|1769436808
|move|p2a: Ogerporn|Ivy Cudgel|p1a: Incineroar|[anim] Ivy Cudgel Rock
|-supereffective|p1a: Incineroar
|-damage|p1a: Incineroar|25/100
|move|p1a: Incineroar|Overheat|p2a: Ogerporn
|-damage|p2a: Ogerporn|0 fnt
|-unboost|p1a: Incineroar|spa|2
|faint|p2a: Ogerporn
|
|upkeep
|
|t:|1769436813
|switch|p2a: Hans|Excadrill, M|91/100
|-damage|p2a: Hans|88/100|[from] Stealth Rock
|turn|41
|
|t:|1769436824
|move|p2a: Hans|Rock Slide|p1a: Incineroar|[miss]
|-miss|p2a: Hans|p1a: Incineroar
|move|p1a: Incineroar|Parting Shot|p2a: Hans
|-unboost|p2a: Hans|atk|1
|-unboost|p2a: Hans|spa|1
|
|t:|1769436834
|switch|p1a: Gliscor|Gliscor, F, tera:Water|35/100 tox|[from] Parting Shot
|
|-heal|p2a: Hans|94/100|[from] item: Leftovers
|-heal|p1a: Gliscor|47/100 tox|[from] ability: Poison Heal
|upkeep
|turn|42
|
|t:|1769436846
|move|p2a: Hans|Substitute|p2a: Hans
|-start|p2a: Hans|Substitute
|-damage|p2a: Hans|69/100
|move|p1a: Gliscor|Earthquake|p2a: Hans
|-supereffective|p2a: Hans
|-end|p2a: Hans|Substitute
|
|-heal|p2a: Hans|75/100|[from] item: Leftovers
|-heal|p1a: Gliscor|60/100 tox|[from] ability: Poison Heal
|upkeep
|turn|43
|
|t:|1769436852
|switch|p2a: Rudiger|Toxapex, M|100/100
|-damage|p2a: Rudiger|88/100|[from] Stealth Rock
|move|p1a: Gliscor|Earthquake|p2a: Rudiger
|-supereffective|p2a: Rudiger
|-crit|p2a: Rudiger
|-damage|p2a: Rudiger|19/100
|
|-heal|p1a: Gliscor|72/100 tox|[from] ability: Poison Heal
|upkeep
|turn|44
|
|t:|1769436859
|move|p1a: Gliscor|Earthquake|p2a: Rudiger
|-supereffective|p2a: Rudiger
|-damage|p2a: Rudiger|0 fnt
|faint|p2a: Rudiger
|
|-heal|p1a: Gliscor|85/100 tox|[from] ability: Poison Heal
|upkeep
|-message|alvane98 forfeited.
|
|win|prof. jubokko
|raw|prof. jubokko's rating: 1160 &rarr; <strong>1189</strong><br />(+29 for winning)
|raw|alvane98's rating: 1211 &rarr; <strong>1182</strong><br />(-29 for losing)
|l|☆alvane98
|player|p2|
