|j|☆shamoushi
|j|☆zTJay
|t:|1769435165
|gametype|singles
|player|p1|shamoushi|bellelba|1292
|player|p2|zTJay|266|1298
|gen|9
|tier|[Gen 9] OU
|rated|
|rule|HP Percentage Mod: HP is shown in percentages
|rule|Endless Battle Clause: Forcing endless battles is banned
|rule|Species Clause: Limit one of each Pokémon
|rule|OHKO Clause: OHKO moves are banned
|rule|Evasion Items Clause: Evasion items are banned
|rule|Evasion Moves Clause: Evasion moves are banned
|rule|Evasion Abilities Clause: Evasion abilities are banned
|rule|Sleep Moves Clause: Sleep-inducing moves are banned
|clearpoke
|poke|p1|Garganacl, M|
|poke|p1|Ceruledge, F|
|poke|p1|Ninetales-Alola, F|
|poke|p1|Glimmora, F|
|poke|p1|Samurott-Hisui, F|
|poke|p1|Iron Jugulis|
|poke|p2|Tyranitar, F|
|poke|p2|Excadrill, F|
|poke|p2|Corviknight, F|
|poke|p2|Thundurus-Therian, M|
|poke|p2|Mienshao, M|
|poke|p2|Sinistcha|
|teampreview
|inactive|Battle timer is ON: inactive players will automatically lose when time's up. (requested by shamoushi)
|
|t:|1769435169
|teamsize|p1|6
|teamsize|p2|6
|start
|switch|p1a: Bahrlut|Garganacl, M|100/100
|switch|p2a: Mienshao|Mienshao, M|100/100
|turn|1
|
|t:|1769435175
|-terastallize|p1a: Bahrlut|Ghost
|move|p2a: Mienshao|Close Combat|p1a: Bahrlut
|-immune|p1a: Bahrlut
|move|p1a: Bahrlut|Salt Cure|p2a: Mienshao
|-resisted|p2a: Mienshao
|-damage|p2a: Mienshao|88/100
|-start|p2a: Mienshao|Salt Cure
|
|-damage|p2a: Mienshao|75/100|[from] Salt Cure
|upkeep
|turn|2
|
|t:|1769435199
|switch|p2a: Tyranitar|Tyranitar, F|100/100
|-weather|Sandstorm|[from] ability: Sand Stream|[of] p2a: Tyranitar
|switch|p1a: Nausicäa|Ninetales-Alola, F|100/100
|-weather|Snowscape|[from] ability: Snow Warning|[of] p1a: Nausicäa
|
|-weather|Snowscape|[upkeep]
|upkeep
|turn|3
|inactive|zTJay has 120 seconds left.
|inactive|zTJay has 90 seconds left.
|
|t:|1769435275
|move|p1a: Nausicäa|Aurora Veil|p1a: Nausicäa
|-sidestart|p1: shamoushi|move: Aurora Veil
|move|p2a: Tyranitar|Stealth Rock|p1a: Nausicäa
|-sidestart|p1: shamoushi|move: Stealth Rock
|
|-weather|Snowscape|[upkeep]
|upkeep
|turn|4
|
|t:|1769435281
|move|p1a: Nausicäa|Moonblast|p2a: Tyranitar
|-supereffective|p2a: Tyranitar
|-damage|p2a: Tyranitar|66/100
|-unboost|p2a: Tyranitar|spa|1
|move|p2a: Tyranitar|Thunder Wave|p1a: Nausicäa|[miss]
|-miss|p2a: Tyranitar|p1a: Nausicäa
|
|-weather|Snowscape|[upkeep]
|upkeep
|turn|5
|
|t:|1769435301
|switch|p1a: Soregananika ?|Samurott-Hisui, F|100/100
|-damage|p1a: Soregananika ?|88/100|[from] Stealth Rock
|switch|p2a: Corviknight|Corviknight, F|100/100
|-ability|p2a: Corviknight|Pressure
|
|-weather|Snowscape|[upkeep]
|upkeep
|turn|6
|
|t:|1769435310
|move|p1a: Soregananika ?|Razor Shell|p2a: Corviknight
|-damage|p2a: Corviknight|61/100
|move|p2a: Corviknight|Body Press|p1a: Soregananika ?
|-supereffective|p1a: Soregananika ?
|-crit|p1a: Soregananika ?
|-damage|p1a: Soregananika ?|24/100
|
|-weather|none
|-heal|p2a: Corviknight|67/100|[from] item: Leftovers
|upkeep
|turn|7
|inactive|zTJay has 90 seconds left.
|
|t:|1769435320
|switch|p1a: Bahrlut|Garganacl, M, tera:Ghost|100/100
|-damage|p1a: Bahrlut|88/100|[from] Stealth Rock
|move|p2a: Corviknight|Body Press|p1a: Bahrlut
|-immune|p1a: Bahrlut
|
|-heal|p2a: Corviknight|74/100|[from] item: Leftovers
|-heal|p1a: Bahrlut|94/100|[from] item: Leftovers
|upkeep
|turn|8
|inactive|zTJay has 90 seconds left.
|
|t:|1769435343
|switch|p2a: Mienshao|Mienshao, M|100/100
|move|p1a: Bahrlut|Salt Cure|p2a: Mienshao
|-resisted|p2a: Mienshao
|-damage|p2a: Mienshao|87/100
|-start|p2a: Mienshao|Salt Cure
|
|-heal|p1a: Bahrlut|100/100|[from] item: Leftovers
|-damage|p2a: Mienshao|75/100|[from] Salt Cure
|upkeep
|turn|9
|
|t:|1769435357
|switch|p1a: Nausicäa|Ninetales-Alola, F|100/100
|-damage|p1a: Nausicäa|76/100|[from] Stealth Rock
|-weather|Snowscape|[from] ability: Snow Warning|[of] p1a: Nausicäa
|move|p2a: Mienshao|Knock Off|p1a: Nausicäa
|-resisted|p1a: Nausicäa
|-damage|p1a: Nausicäa|64/100
|-enditem|p1a: Nausicäa|Light Clay|[from] move: Knock Off|[of] p2a: Mienshao
|
|-weather|Snowscape|[upkeep]
|-damage|p2a: Mienshao|63/100|[from] Salt Cure
|upkeep
|turn|10
|inactive|zTJay has 90 seconds left.
|
|t:|1769435367
|switch|p2a: Corviknight|Corviknight, F|74/100
|-ability|p2a: Corviknight|Pressure
|move|p1a: Nausicäa|Moonblast|p2a: Corviknight
|-resisted|p2a: Corviknight
|-damage|p2a: Corviknight|65/100
|
|-weather|Snowscape|[upkeep]
|-heal|p2a: Corviknight|71/100|[from] item: Leftovers
|-sideend|p1: shamoushi|move: Aurora Veil
|upkeep
|turn|11
|
|t:|1769435377
|switch|p1a: Bahrlut|Garganacl, M, tera:Ghost|100/100
|-damage|p1a: Bahrlut|88/100|[from] Stealth Rock
|move|p2a: Corviknight|Roost|p2a: Corviknight
|-heal|p2a: Corviknight|100/100
|-singleturn|p2a: Corviknight|move: Roost
|
|-weather|Snowscape|[upkeep]
|-heal|p1a: Bahrlut|94/100|[from] item: Leftovers
|upkeep
|turn|12
|
|t:|1769435386
|move|p2a: Corviknight|Bulk Up|p2a: Corviknight
|-boost|p2a: Corviknight|atk|1
|-boost|p2a: Corviknight|def|1
|move|p1a: Bahrlut|Salt Cure|p2a: Corviknight
|-damage|p2a: Corviknight|93/100
|-start|p2a: Corviknight|Salt Cure
|
|-weather|Snowscape|[upkeep]
|-heal|p2a: Corviknight|99/100|[from] item: Leftovers
|-heal|p1a: Bahrlut|100/100|[from] item: Leftovers
|-damage|p2a: Corviknight|74/100|[from] Salt Cure
|upkeep
|turn|13
|
|t:|1769435396
|move|p2a: Corviknight|Brave Bird|p1a: Bahrlut
|-damage|p1a: Bahrlut|62/100
|-damage|p2a: Corviknight|61/100|[from] Recoil
|move|p1a: Bahrlut|Stealth Rock|p2a: Corviknight
|-sidestart|p2: zTJay|move: Stealth Rock
|
|-weather|none
|-heal|p2a: Corviknight|68/100|[from] item: Leftovers
|-heal|p1a: Bahrlut|68/100|[from] item: Leftovers
|-damage|p2a: Corviknight|43/100|[from] Salt Cure
|upkeep
|turn|14
|inactive|zTJay has 120 seconds left.
|
|t:|1769435406
|move|p2a: Corviknight|Roost|p2a: Corviknight
|-heal|p2a: Corviknight|93/100
|-singleturn|p2a: Corviknight|move: Roost
|move|p1a: Bahrlut|Recover|p1a: Bahrlut
|-heal|p1a: Bahrlut|100/100
|
|-heal|p2a: Corviknight|99/100|[from] item: Leftovers
|-damage|p2a: Corviknight|74/100|[from] Salt Cure
|upkeep
|turn|15
|
|t:|1769435416
|switch|p2a: Tyranitar|Tyranitar, F|66/100
|-damage|p2a: Tyranitar|54/100|[from] Stealth Rock
|-weather|Sandstorm|[from] ability: Sand Stream|[of] p2a: Tyranitar
|move|p1a: Bahrlut|Salt Cure|p2a: Tyranitar
|-crit|p2a: Tyranitar
|-damage|p2a: Tyranitar|37/100
|-start|p2a: Tyranitar|Salt Cure
|
|-weather|Sandstorm|[upkeep]
|-damage|p1a: Bahrlut|94/100|[from] Sandstorm
|-heal|p1a: Bahrlut|100/100|[from] item: Leftovers
|-damage|p2a: Tyranitar|25/100|[from] Salt Cure
|upkeep
|turn|16
|
|t:|1769435438
|move|p2a: Tyranitar|Knock Off|p1a: Bahrlut
|-supereffective|p1a: Bahrlut
|-damage|p1a: Bahrlut|46/100
|-enditem|p1a: Bahrlut|Leftovers|[from] move: Knock Off|[of] p2a: Tyranitar
|move|p1a: Bahrlut|Earthquake|p2a: Tyranitar
|-supereffective|p2a: Tyranitar
|-damage|p2a: Tyranitar|0 fnt
|faint|p2a: Tyranitar
|
|-weather|Sandstorm|[upkeep]
|-damage|p1a: Bahrlut|39/100|[from] Sandstorm
|upkeep
|
|t:|1769435450
|switch|p2a: Sinistcha|Sinistcha|100/100
|turn|17
|
|t:|1769435464
|switch|p1a: Nausicäa|Ninetales-Alola, F|64/100
|-damage|p1a: Nausicäa|40/100|[from] Stealth Rock
|-weather|Snowscape|[from] ability: Snow Warning|[of] p1a: Nausicäa
|move|p2a: Sinistcha|Calm Mind|p2a: Sinistcha
|-boost|p2a: Sinistcha|spa|1
|-boost|p2a: Sinistcha|spd|1
|
|-weather|Snowscape|[upkeep]
|upkeep
|turn|18
|
|t:|1769435472
|move|p2a: Sinistcha|Shadow Ball|p1a: Nausicäa
|-damage|p1a: Nausicäa|0 fnt
|faint|p1a: Nausicäa
|
|-weather|Snowscape|[upkeep]
|upkeep
|
|t:|1769435481
|switch|p1a: KatrinaKatrinaKatr|Iron Jugulis|100/100
|-damage|p1a: KatrinaKatrinaKatr|76/100|[from] Stealth Rock
|-enditem|p1a: KatrinaKatrinaKatr|Booster Energy
|-activate|p1a: KatrinaKatrinaKatr|ability: Quark Drive|[fromitem]
|-start|p1a: KatrinaKatrinaKatr|quarkdrivespe
|turn|19
|
|t:|1769435493
|switch|p2a: Corviknight|Corviknight, F|74/100
|-damage|p2a: Corviknight|61/100|[from] Stealth Rock
|-ability|p2a: Corviknight|Pressure
|move|p1a: KatrinaKatrinaKatr|Dark Pulse|p2a: Corviknight
|-damage|p2a: Corviknight|34/100
|
|-weather|Snowscape|[upkeep]
|-heal|p2a: Corviknight|40/100|[from] item: Leftovers
|upkeep
|turn|20
|
|t:|1769435505
|move|p1a: KatrinaKatrinaKatr|Focus Blast|p2a: Corviknight
|-damage|p2a: Corviknight|13/100
|move|p2a: Corviknight|Roost|p2a: Corviknight
|-heal|p2a: Corviknight|63/100
|-singleturn|p2a: Corviknight|move: Roost
|
|-weather|Snowscape|[upkeep]
|-heal|p2a: Corviknight|69/100|[from] item: Leftovers
|upkeep
|turn|21
|
|t:|1769435515
|move|p1a: KatrinaKatrinaKatr|Dark Pulse|p2a: Corviknight
|-damage|p2a: Corviknight|44/100
|cant|p2a: Corviknight|flinch
|
|-weather|none
|-heal|p2a: Corviknight|50/100|[from] item: Leftovers
|upkeep
|turn|22
|
|t:|1769435522
|move|p1a: KatrinaKatrinaKatr|Dark Pulse|p2a: Corviknight
|-damage|p2a: Corviknight|21/100
|move|p2a: Corviknight|Roost|p2a: Corviknight
|-heal|p2a: Corviknight|71/100
|-singleturn|p2a: Corviknight|move: Roost
|
|-heal|p2a: Corviknight|78/100|[from] item: Leftovers
|upkeep
|turn|23
|
|t:|1769435532
|move|p1a: KatrinaKatrinaKatr|Earth Power|p2a: Corviknight
|-immune|p2a: Corviknight
|move|p2a: Corviknight|Brave Bird|p1a: KatrinaKatrinaKatr
|-damage|p1a: KatrinaKatrinaKatr|32/100
|-damage|p2a: Corviknight|66/100|[from] Recoil
|
|-heal|p2a: Corviknight|72/100|[from] item: Leftovers
|upkeep
|turn|24
|
|t:|1769435541
|move|p1a: KatrinaKatrinaKatr|Dark Pulse|p2a: Corviknight
|-damage|p2a: Corviknight|44/100
|move|p2a: Corviknight|Bulk Up|p2a: Corviknight
|-boost|p2a: Corviknight|atk|1
|-boost|p2a: Corviknight|def|1
|
|-heal|p2a: Corviknight|51/100|[from] item: Leftovers
|upkeep
|turn|25
|
|t:|1769435548
|move|p1a: KatrinaKatrinaKatr|Dark Pulse|p2a: Corviknight
|-damage|p2a: Corviknight|24/100
|move|p2a: Corviknight|Roost|p2a: Corviknight
|-heal|p2a: Corviknight|74/100
|-singleturn|p2a: Corviknight|move: Roost
|
|-heal|p2a: Corviknight|80/100|[from] item: Leftovers
|upkeep
|turn|26
|
|t:|1769435556
|move|p1a: KatrinaKatrinaKatr|Dark Pulse|p2a: Corviknight
|-damage|p2a: Corviknight|54/100
|move|p2a: Corviknight|Brave Bird|p1a: KatrinaKatrinaKatr
|-damage|p1a: KatrinaKatrinaKatr|0 fnt
|faint|p1a: KatrinaKatrinaKatr
|-end|p1a: KatrinaKatrinaKatr|Quark Drive|[silent]
|-damage|p2a: Corviknight|45/100|[from] Recoil
|
|-heal|p2a: Corviknight|51/100|[from] item: Leftovers
|upkeep
|
|t:|1769435568
|switch|p1a: Reboota|Ceruledge, F|100/100
|-damage|p1a: Reboota|76/100|[from] Stealth Rock
|turn|27
|inactive|zTJay has 120 seconds left.
|
|t:|1769435599
|-terastallize|p2a: Corviknight|Dragon
|move|p1a: Reboota|Bitter Blade|p2a: Corviknight
|-resisted|p2a: Corviknight
|-damage|p2a: Corviknight|38/100
|-heal|p1a: Reboota|85/100|[from] drain|[of] p2a: Corviknight
|move|p2a: Corviknight|Roost|p2a: Corviknight
|-heal|p2a: Corviknight|88/100
|
|-heal|p2a: Corviknight|94/100|[from] item: Leftovers
|upkeep
|turn|28
|
|t:|1769435621
|move|p1a: Reboota|Bitter Blade|p2a: Corviknight
|-resisted|p2a: Corviknight
|-damage|p2a: Corviknight|82/100
|-heal|p1a: Reboota|94/100|[from] drain|[of] p2a: Corviknight
|move|p2a: Corviknight|Brave Bird|p1a: Reboota
|-damage|p1a: Reboota|14/100
|-ability|p1a: Reboota|Weak Armor|boost
|-unboost|p1a: Reboota|def|1
|-boost|p1a: Reboota|spe|2
|-damage|p2a: Corviknight|63/100|[from] Recoil
|
|-heal|p2a: Corviknight|69/100|[from] item: Leftovers
|upkeep
|turn|29
|inactive|zTJay has 120 seconds left.
|
|t:|1769435639
|move|p1a: Reboota|Poltergeist|p2a: Corviknight
|-activate|p2a: Corviknight|move: Poltergeist|Leftovers
|-damage|p2a: Corviknight|36/100
|move|p2a: Corviknight|Brave Bird|p1a: Reboota
|-damage|p1a: Reboota|0 fnt
|faint|p1a: Reboota
|-damage|p2a: Corviknight|33/100|[from] Recoil
|
|-heal|p2a: Corviknight|39/100|[from] item: Leftovers
|upkeep
|
|t:|1769435650
|switch|p1a: Soregananika ?|Samurott-Hisui, F|24/100
|-damage|p1a: Soregananika ?|12/100|[from] Stealth Rock
|turn|30
|
|t:|1769435657
|move|p1a: Soregananika ?|Sucker Punch||[still]
|-fail|p1a: Soregananika ?
|move|p2a: Corviknight|Roost|p2a: Corviknight
|-heal|p2a: Corviknight|89/100
|
|-heal|p2a: Corviknight|95/100|[from] item: Leftovers
|upkeep
|turn|31
|-message|shamoushi forfeited.
|
|win|zTJay
|raw|shamoushi's rating: 1292 &rarr; <strong>1267</strong><br />(-25 for losing)
|raw|zTJay's rating: 1298 &rarr; <strong>1323</strong><br />(+25 for winning)
|l|☆shamoushi
|player|p1|
|l|☆zTJay
|player|p2|
