|j|☆ntn4life
|j|☆El Eco del Gato
|t:|1769294731
|gametype|singles
|player|p1|ntn4life|pokemonranger-gen4|1246
|player|p2|El Eco del Gato|mina-lgpe|1184
|gen|9
|tier|[Gen 9] OU
|rated|
|rule|HP Percentage Mod: HP is shown in percentages
|rule|Endless Battle Clause: Forcing endless battles is banned
|rule|Species Clause: Limit one of each Pokémon
|rule|OHKO Clause: OHKO moves are banned
|rule|Evasion Items Clause: Evasion items are banned
|rule|Evasion Moves Clause: Evasion moves are banned
|rule|Evasion Abilities Clause: Evasion abilities are banned
|rule|Sleep Moves Clause: Sleep-inducing moves are banned
|clearpoke
|poke|p1|Garganacl, F|
|poke|p1|Darkrai|
|poke|p1|Great Tusk|
|poke|p1|Tornadus-Therian, M|
|poke|p1|Dragonite, M|
|poke|p1|Gholdengo|
|poke|p2|Hawlucha, M|
|poke|p2|Pincurchin, M|
|poke|p2|Skeledirge, F|
|poke|p2|Shaymin|
|poke|p2|Ogerpon-Cornerstone, F|
|poke|p2|Glimmora, F|
|teampreview
|
|t:|1769294756
|teamsize|p1|6
|teamsize|p2|6
|start
|switch|p1a: Garganacl|Garganacl, F, shiny|100/100
|switch|p2a: Glimmora|Glimmora, F|100/100
|-item|p2a: Glimmora|Air Balloon
|turn|1
|
|t:|1769294768
|move|p2a: Glimmora|Stealth Rock|p1a: Garganacl
|-sidestart|p1: ntn4life|move: Stealth Rock
|move|p1a: Garganacl|Iron Defense|p1a: Garganacl
|-boost|p1a: Garganacl|def|2
|
|upkeep
|turn|2
|
|t:|1769294771
|move|p2a: Glimmora|Power Gem|p1a: Garganacl
|-damage|p1a: Garganacl|76/100
|move|p1a: Garganacl|Salt Cure|p2a: Glimmora
|-crit|p2a: Glimmora
|-damage|p2a: Glimmora|85/100
|-start|p2a: Glimmora|Salt Cure
|-activate|p2a: Glimmora|ability: Toxic Debris
|-sidestart|p1: ntn4life|move: Toxic Spikes
|-enditem|p2a: Glimmora|Air Balloon
|
|-heal|p1a: Garganacl|82/100|[from] item: Leftovers
|-damage|p2a: Glimmora|73/100|[from] Salt Cure
|upkeep
|turn|3
|
|t:|1769294777
|move|p2a: Glimmora|Mortal Spin|p1a: Garganacl
|-resisted|p1a: Garganacl
|-damage|p1a: Garganacl|81/100
|move|p1a: Garganacl|Iron Defense|p1a: Garganacl
|-boost|p1a: Garganacl|def|2
|
|-heal|p1a: Garganacl|87/100|[from] item: Leftovers
|-damage|p2a: Glimmora|60/100|[from] Salt Cure
|upkeep
|turn|4
|c|☆El Eco del Gato|Had to make sure ngl
|
|t:|1769294795
|switch|p2a: Shaymin|Shaymin|100/100
|move|p1a: Garganacl|Body Press|p2a: Shaymin
|-damage|p2a: Shaymin|47/100
|
|-heal|p2a: Shaymin|53/100|[from] item: Leftovers
|-heal|p1a: Garganacl|94/100|[from] item: Leftovers
|upkeep
|turn|5
|
|t:|1769294816
|switch|p1a: Tornadus|Tornadus-Therian, M, shiny|100/100
|-damage|p1a: Tornadus|76/100|[from] Stealth Rock
|move|p2a: Shaymin|Worry Seed|p1a: Tornadus
|-ability|p1a: Tornadus|Insomnia|Regenerator|[from] move: Worry Seed
|
|-heal|p2a: Shaymin|60/100|[from] item: Leftovers
|upkeep
|turn|6
|
|t:|1769294830
|switch|p2a: Pincurchin|Pincurchin, M|100/100
|-fieldstart|move: Electric Terrain|[from] ability: Electric Surge|[of] p2a: Pincurchin
|-item|p2a: Pincurchin|Air Balloon
|move|p1a: Tornadus|Bleakwind Storm|p2a: Pincurchin|[miss]
|-miss|p1a: Tornadus|p2a: Pincurchin
|
|upkeep
|turn|7
|
|t:|1769294840
|move|p1a: Tornadus|U-turn|p2a: Pincurchin
|-damage|p2a: Pincurchin|84/100
|-enditem|p2a: Pincurchin|Air Balloon
|
|t:|1769294843
|switch|p1a: Great Tusk|Great Tusk|100/100|[from] U-turn
|move|p2a: Pincurchin|Thunder Wave|p1a: Great Tusk
|-immune|p1a: Great Tusk
|
|upkeep
|turn|8
|
|t:|1769294851
|switch|p2a: Hawlucha|Hawlucha, M|100/100
|-enditem|p2a: Hawlucha|Electric Seed
|-boost|p2a: Hawlucha|def|1|[from] item: Electric Seed
|move|p1a: Great Tusk|Stealth Rock|p2a: Hawlucha
|-sidestart|p2: El Eco del Gato|move: Stealth Rock
|
|upkeep
|turn|9
|
|t:|1769294865
|move|p2a: Hawlucha|Swords Dance|p2a: Hawlucha
|-boost|p2a: Hawlucha|atk|2
|move|p1a: Great Tusk|Ice Spinner|p2a: Hawlucha
|-supereffective|p2a: Hawlucha
|-damage|p2a: Hawlucha|43/100
|-fieldend|move: Electric Terrain
|
|upkeep
|turn|10
|
|t:|1769294878
|move|p2a: Hawlucha|Acrobatics|p1a: Great Tusk
|-supereffective|p1a: Great Tusk
|-damage|p1a: Great Tusk|0 fnt
|faint|p1a: Great Tusk
|-end|p1a: Great Tusk|Protosynthesis|[silent]
|
|upkeep
|
|t:|1769294881
|switch|p1a: Dragonite|Dragonite, M, shiny|100/100
|-damage|p1a: Dragonite|76/100|[from] Stealth Rock
|turn|11
|
|t:|1769294901
|move|p2a: Hawlucha|Acrobatics|p1a: Dragonite
|-damage|p1a: Dragonite|0 fnt
|faint|p1a: Dragonite
|
|upkeep
|
|t:|1769294914
|switch|p1a: Gholdengo|Gholdengo|100/100
|turn|12
|
|t:|1769294922
|move|p2a: Hawlucha|Acrobatics|p1a: Gholdengo
|-resisted|p1a: Gholdengo
|-damage|p1a: Gholdengo|54/100
|move|p1a: Gholdengo|Shadow Ball|p2a: Hawlucha
|-damage|p2a: Hawlucha|0 fnt
|faint|p2a: Hawlucha
|
|upkeep
|
|t:|1769294942
|switch|p2a: Skeledirge|Skeledirge, F|100/100
|turn|13
|
|t:|1769294956
|switch|p1a: Tornadus|Tornadus-Therian, M, shiny|76/100
|-damage|p1a: Tornadus|51/100|[from] Stealth Rock
|-terastallize|p2a: Skeledirge|Fairy
|move|p2a: Skeledirge|Torch Song|p1a: Tornadus
|-damage|p1a: Tornadus|30/100
|-boost|p2a: Skeledirge|spa|1
|
|upkeep
|turn|14
|
|t:|1769294964
|move|p1a: Tornadus|Bleakwind Storm|p2a: Skeledirge
|-damage|p2a: Skeledirge|70/100
|move|p2a: Skeledirge|Torch Song|p1a: Tornadus
|-damage|p1a: Tornadus|3/100
|-boost|p2a: Skeledirge|spa|1
|
|upkeep
|turn|15
|
|t:|1769294975
|move|p1a: Tornadus|Bleakwind Storm|p2a: Skeledirge|[miss]
|-miss|p1a: Tornadus|p2a: Skeledirge
|move|p2a: Skeledirge|Torch Song|p1a: Tornadus
|-damage|p1a: Tornadus|0 fnt
|-boost|p2a: Skeledirge|spa|1
|faint|p1a: Tornadus
|
|upkeep
|
|t:|1769294977
|switch|p1a: Darkrai|Darkrai|100/100
|-damage|p1a: Darkrai|88/100|[from] Stealth Rock
|-status|p1a: Darkrai|psn
|turn|16
|
|t:|1769294985
|move|p1a: Darkrai|Sludge Bomb|p2a: Skeledirge
|-supereffective|p2a: Skeledirge
|-damage|p2a: Skeledirge|0 fnt
|faint|p2a: Skeledirge
|
|-damage|p1a: Darkrai|76/100 psn|[from] psn
|upkeep
|
|t:|1769294996
|switch|p2a: Glimmora|Glimmora, F|60/100
|-damage|p2a: Glimmora|48/100|[from] Stealth Rock
|turn|17
|
|t:|1769295013
|switch|p1a: Gholdengo|Gholdengo|54/100
|move|p2a: Glimmora|Mortal Spin|p1a: Gholdengo
|-immune|p1a: Gholdengo
|
|upkeep
|turn|18
|
|t:|1769295024
|move|p1a: Gholdengo|Nasty Plot|p1a: Gholdengo
|-boost|p1a: Gholdengo|spa|2
|move|p2a: Glimmora|Power Gem|p1a: Gholdengo
|-resisted|p1a: Gholdengo
|-damage|p1a: Gholdengo|34/100
|
|upkeep
|turn|19
|
|t:|1769295030
|move|p1a: Gholdengo|Make It Rain|p2a: Glimmora
|-supereffective|p2a: Glimmora
|-damage|p2a: Glimmora|0 fnt
|-unboost|p1a: Gholdengo|spa|1
|faint|p2a: Glimmora
|
|upkeep
|
|t:|1769295040
|switch|p2a: Shaymin|Shaymin|60/100
|-damage|p2a: Shaymin|47/100|[from] Stealth Rock
|turn|20
|
|t:|1769295049
|move|p1a: Gholdengo|Shadow Ball|p2a: Shaymin
|-damage|p2a: Shaymin|0 fnt
|faint|p2a: Shaymin
|
|upkeep
|
|t:|1769295052
|switch|p2a: Ogerpon|Ogerpon-Cornerstone, F|100/100
|-damage|p2a: Ogerpon|88/100|[from] Stealth Rock
|turn|21
|
|t:|1769295057
|move|p2a: Ogerpon|Ivy Cudgel|p1a: Gholdengo|[anim] Ivy Cudgel Rock
|-resisted|p1a: Gholdengo
|-damage|p1a: Gholdengo|0 fnt
|faint|p1a: Gholdengo
|
|upkeep
|
|t:|1769295063
|switch|p1a: Darkrai|Darkrai|76/100 psn
|-damage|p1a: Darkrai|63/100 psn|[from] Stealth Rock
|turn|22
|
|t:|1769295069
|move|p1a: Darkrai|Sludge Bomb|p2a: Ogerpon
|-damage|p2a: Ogerpon|32/100
|move|p2a: Ogerpon|Ivy Cudgel|p1a: Darkrai|[anim] Ivy Cudgel Rock
|-damage|p1a: Darkrai|0 fnt
|faint|p1a: Darkrai
|
|upkeep
|
|t:|1769295076
|switch|p1a: Garganacl|Garganacl, F, shiny|94/100
|-damage|p1a: Garganacl|81/100|[from] Stealth Rock
|turn|23
|
|t:|1769295084
|move|p2a: Ogerpon|Horn Leech|p1a: Garganacl
|-supereffective|p1a: Garganacl
|-damage|p1a: Garganacl|25/100
|-heal|p2a: Ogerpon|70/100|[from] drain|[of] p1a: Garganacl
|move|p1a: Garganacl|Body Press|p2a: Ogerpon
|-supereffective|p2a: Ogerpon
|-damage|p2a: Ogerpon|14/100
|
|-heal|p1a: Garganacl|31/100|[from] item: Leftovers
|upkeep
|turn|24
|
|t:|1769295089
|move|p2a: Ogerpon|Horn Leech|p1a: Garganacl
|-supereffective|p1a: Garganacl
|-damage|p1a: Garganacl|0 fnt
|-heal|p2a: Ogerpon|35/100|[from] drain|[of] p1a: Garganacl
|faint|p1a: Garganacl
|
|win|El Eco del Gato
|raw|ntn4life's rating: 1246 &rarr; <strong>1217</strong><br />(-29 for losing)
|raw|El Eco del Gato's rating: 1184 &rarr; <strong>1213</strong><br />(+29 for winning)
|l|☆El Eco del Gato
|player|p2|
|l|☆ntn4life
|player|p1|
