|j|☆tryingnfailing
|j|☆Greftiw
|t:|1769357052
|gametype|singles
|player|p1|tryingnfailing|boarder|1331
|player|p2|Greftiw|170|1335
|gen|9
|tier|[Gen 9] OU
|rated|
|rule|HP Percentage Mod: HP is shown in percentages
|rule|Endless Battle Clause: Forcing endless battles is banned
|rule|Species Clause: Limit one of each Pokémon
|rule|OHKO Clause: OHKO moves are banned
|rule|Evasion Items Clause: Evasion items are banned
|rule|Evasion Moves Clause: Evasion moves are banned
|rule|Evasion Abilities Clause: Evasion abilities are banned
|rule|Sleep Moves Clause: Sleep-inducing moves are banned
|clearpoke
|poke|p1|Mienshao, M|
|poke|p1|Dragapult, M|
|poke|p1|Kingambit, F|
|poke|p1|Moltres|
|poke|p1|Ogerpon-Wellspring, F|
|poke|p1|Great Tusk|
|poke|p2|Tyranitar, M|
|poke|p2|Excadrill, M|
|poke|p2|Iron Valiant|
|poke|p2|Zapdos|
|poke|p2|Ogerpon, F|
|poke|p2|Toxapex, M|
|teampreview
|inactive|Battle timer is ON: inactive players will automatically lose when time's up. (requested by Greftiw)
|
|t:|1769357063
|teamsize|p1|6
|teamsize|p2|6
|start
|switch|p1a: Mienshao|Mienshao, M|100/100
|switch|p2a: Tyranitar|Tyranitar, M, shiny|100/100
|-weather|Sandstorm|[from] ability: Sand Stream|[of] p2a: Tyranitar
|turn|1
|
|t:|1769357074
|switch|p2a: Zapdos|Zapdos, shiny|100/100
|move|p1a: Mienshao|Close Combat|p2a: Zapdos
|-resisted|p2a: Zapdos
|-damage|p2a: Zapdos|49/100
|-unboost|p1a: Mienshao|def|1
|-unboost|p1a: Mienshao|spd|1
|-damage|p1a: Mienshao|91/100|[from] item: Life Orb
|
|-weather|Sandstorm|[upkeep]
|-damage|p1a: Mienshao|84/100|[from] Sandstorm
|-damage|p2a: Zapdos|43/100|[from] Sandstorm
|upkeep
|turn|2
|
|t:|1769357087
|switch|p2a: Toxapex|Toxapex, M, shiny|100/100
|move|p1a: Mienshao|Close Combat|p2a: Toxapex
|-resisted|p2a: Toxapex
|-damage|p2a: Toxapex|72/100
|-unboost|p1a: Mienshao|def|1
|-unboost|p1a: Mienshao|spd|1
|-enditem|p2a: Toxapex|Eject Button
|-damage|p1a: Mienshao|74/100|[from] item: Life Orb
|
|t:|1769357096
|switch|p2a: Excadrill|Excadrill, M, shiny|100/100
|
|-weather|Sandstorm|[upkeep]
|-damage|p1a: Mienshao|68/100|[from] Sandstorm
|upkeep
|turn|3
|
|t:|1769357102
|switch|p1a: Great Tusk|Great Tusk|100/100
|move|p2a: Excadrill|Rapid Spin|p1a: Great Tusk
|-damage|p1a: Great Tusk|92/100
|-boost|p2a: Excadrill|spe|1
|-damage|p2a: Excadrill|84/100|[from] item: Rocky Helmet|[of] p1a: Great Tusk
|
|-weather|Sandstorm|[upkeep]
|-heal|p2a: Excadrill|90/100|[from] item: Leftovers
|upkeep
|turn|4
|
|t:|1769357116
|-terastallize|p2a: Excadrill|Ground
|move|p2a: Excadrill|Earthquake|p1a: Great Tusk
|-damage|p1a: Great Tusk|56/100
|move|p1a: Great Tusk|Ice Spinner|p2a: Excadrill
|-supereffective|p2a: Excadrill
|-damage|p2a: Excadrill|26/100
|
|-weather|Sandstorm|[upkeep]
|-heal|p2a: Excadrill|32/100|[from] item: Leftovers
|upkeep
|turn|5
|
|t:|1769357126
|move|p2a: Excadrill|Earthquake|p1a: Great Tusk
|-crit|p1a: Great Tusk
|-damage|p1a: Great Tusk|0 fnt
|faint|p1a: Great Tusk
|-end|p1a: Great Tusk|Protosynthesis|[silent]
|
|-weather|Sandstorm|[upkeep]
|-heal|p2a: Excadrill|38/100|[from] item: Leftovers
|upkeep
|
|t:|1769357134
|switch|p1a: Moltres|Moltres|100/100
|turn|6
|
|t:|1769357139
|switch|p2a: Tyranitar|Tyranitar, M, shiny|100/100
|move|p1a: Moltres|Flamethrower|p2a: Tyranitar
|-resisted|p2a: Tyranitar
|-damage|p2a: Tyranitar|88/100
|
|-weather|Sandstorm|[upkeep]
|-damage|p1a: Moltres|94/100|[from] Sandstorm
|upkeep
|turn|7
|
|t:|1769357147
|move|p2a: Tyranitar|Stealth Rock|p1a: Moltres
|-sidestart|p1: tryingnfailing|move: Stealth Rock
|move|p1a: Moltres|U-turn|p2a: Tyranitar
|-supereffective|p2a: Tyranitar
|-damage|p2a: Tyranitar|61/100
|
|t:|1769357149
|switch|p1a: Mienshao|Mienshao, M|100/100|[from] U-turn
|-damage|p1a: Mienshao|94/100|[from] Stealth Rock
|
|-weather|Sandstorm|[upkeep]
|-damage|p1a: Mienshao|88/100|[from] Sandstorm
|upkeep
|turn|8
|
|t:|1769357158
|switch|p2a: Toxapex|Toxapex, M, shiny|100/100
|move|p1a: Mienshao|Knock Off|p2a: Toxapex
|-damage|p2a: Toxapex|80/100
|-damage|p1a: Mienshao|78/100|[from] item: Life Orb
|
|-weather|none
|upkeep
|turn|9
|inactive|tryingnfailing has 120 seconds left.
|
|t:|1769357197
|move|p1a: Mienshao|U-turn|p2a: Toxapex
|-resisted|p2a: Toxapex
|-damage|p2a: Toxapex|69/100
|-damage|p1a: Mienshao|68/100|[from] item: Life Orb
|
|t:|1769357205
|switch|p1a: Ogerpon|Ogerpon-Wellspring, F|100/100|[from] U-turn
|-damage|p1a: Ogerpon|88/100|[from] Stealth Rock
|move|p2a: Toxapex|Toxic Spikes|p1a: Ogerpon
|-sidestart|p1: tryingnfailing|move: Toxic Spikes
|
|upkeep
|turn|10
|inactive|tryingnfailing has 120 seconds left.
|
|t:|1769357219
|switch|p2a: Zapdos|Zapdos, shiny|43/100
|move|p1a: Ogerpon|Spikes|p2a: Zapdos
|-sidestart|p2: Greftiw|Spikes
|
|upkeep
|turn|11
|
|t:|1769357225
|move|p1a: Ogerpon|Ivy Cudgel|p2a: Zapdos|[anim] Ivy Cudgel Water
|-damage|p2a: Zapdos|0 fnt
|faint|p2a: Zapdos
|
|upkeep
|
|t:|1769357230
|switch|p2a: Ogerpon|Ogerpon, F|100/100
|-damage|p2a: Ogerpon|88/100|[from] Spikes
|turn|12
|
|t:|1769357238
|switch|p1a: Dragapult|Dragapult, M|100/100
|move|p2a: Ogerpon|U-turn|p1a: Dragapult
|-resisted|p1a: Dragapult
|-damage|p1a: Dragapult|80/100
|
|t:|1769357249
|switch|p2a: Iron Valiant|Iron Valiant, shiny|100/100|[from] U-turn
|-damage|p2a: Iron Valiant|88/100|[from] Spikes
|
|upkeep
|turn|13
|
|t:|1769357262
|-terastallize|p1a: Dragapult|Ghost
|move|p1a: Dragapult|Phantom Force||[still]
|-prepare|p1a: Dragapult|Phantom Force
|move|p2a: Iron Valiant|Moonblast|p1a: Dragapult|[miss]
|-miss|p2a: Iron Valiant|p1a: Dragapult
|
|upkeep
|turn|14
|
|t:|1769357280
|-end|p2a: Iron Valiant|Quark Drive|[silent]
|switch|p2a: Tyranitar|Tyranitar, M, shiny|61/100
|-damage|p2a: Tyranitar|49/100|[from] Spikes
|-weather|Sandstorm|[from] ability: Sand Stream|[of] p2a: Tyranitar
|move|p1a: Dragapult|Phantom Force|p2a: Tyranitar|[from] lockedmove
|-resisted|p2a: Tyranitar
|-damage|p2a: Tyranitar|25/100
|
|-weather|Sandstorm|[upkeep]
|-damage|p1a: Dragapult|74/100|[from] Sandstorm
|upkeep
|turn|15
|
|t:|1769357291
|move|p1a: Dragapult|Dragon Darts|p2a: Tyranitar
|-damage|p2a: Tyranitar|5/100
|-anim|p1a: Dragapult|Dragon Darts|p2a: Tyranitar
|-damage|p2a: Tyranitar|0 fnt
|faint|p2a: Tyranitar
|
|-weather|Sandstorm|[upkeep]
|-damage|p1a: Dragapult|68/100|[from] Sandstorm
|upkeep
|
|t:|1769357303
|switch|p2a: Excadrill|Excadrill, M, shiny, tera:Ground|38/100
|-damage|p2a: Excadrill|26/100|[from] Spikes
|turn|16
|
|t:|1769357315
|move|p2a: Excadrill|Earthquake|p1a: Dragapult
|-damage|p1a: Dragapult|0 fnt
|faint|p1a: Dragapult
|
|-weather|Sandstorm|[upkeep]
|-heal|p2a: Excadrill|32/100|[from] item: Leftovers
|upkeep
|
|t:|1769357320
|switch|p1a: Ogerpon|Ogerpon-Wellspring, F|88/100
|-damage|p1a: Ogerpon|76/100|[from] Stealth Rock
|-status|p1a: Ogerpon|psn
|turn|17
|
|t:|1769357331
|move|p2a: Excadrill|Earthquake|p1a: Ogerpon
|-resisted|p1a: Ogerpon
|-crit|p1a: Ogerpon
|-damage|p1a: Ogerpon|4/100 psn
|move|p1a: Ogerpon|Horn Leech|p2a: Excadrill
|-supereffective|p2a: Excadrill
|-damage|p2a: Excadrill|0 fnt
|-heal|p1a: Ogerpon|23/100 psn|[from] drain|[of] p2a: Excadrill
|faint|p2a: Excadrill
|
|-weather|Sandstorm|[upkeep]
|-damage|p1a: Ogerpon|17/100 psn|[from] Sandstorm
|-damage|p1a: Ogerpon|5/100 psn|[from] psn
|upkeep
|
|t:|1769357345
|switch|p2a: Iron Valiant|Iron Valiant, shiny|88/100
|-damage|p2a: Iron Valiant|76/100|[from] Spikes
|turn|18
|
|t:|1769357364
|move|p2a: Iron Valiant|Vacuum Wave|p1a: Ogerpon
|-damage|p1a: Ogerpon|0 fnt
|faint|p1a: Ogerpon
|
|-weather|Sandstorm|[upkeep]
|-damage|p2a: Iron Valiant|69/100|[from] Sandstorm
|upkeep
|
|t:|1769357369
|switch|p1a: Moltres|Moltres|94/100
|turn|19
|
|t:|1769357380
|-end|p2a: Iron Valiant|Quark Drive|[silent]
|switch|p2a: Toxapex|Toxapex, M, shiny|100/100
|-damage|p2a: Toxapex|88/100|[from] Spikes
|move|p1a: Moltres|Hurricane|p2a: Toxapex
|-damage|p2a: Toxapex|58/100
|
|-weather|Sandstorm|[upkeep]
|-damage|p1a: Moltres|88/100|[from] Sandstorm
|-damage|p2a: Toxapex|52/100|[from] Sandstorm
|upkeep
|turn|20
|
|t:|1769357389
|move|p1a: Moltres|Hurricane|p2a: Toxapex|[miss]
|-miss|p1a: Moltres|p2a: Toxapex
|move|p2a: Toxapex|Recover|p2a: Toxapex
|-heal|p2a: Toxapex|100/100
|
|-weather|Sandstorm|[upkeep]
|-damage|p1a: Moltres|82/100|[from] Sandstorm
|-damage|p2a: Toxapex|95/100|[from] Sandstorm
|upkeep
|turn|21
|
|t:|1769357397
|move|p1a: Moltres|U-turn|p2a: Toxapex
|-resisted|p2a: Toxapex
|-damage|p2a: Toxapex|90/100
|
|t:|1769357399
|switch|p1a: Kingambit|Kingambit, F|100/100|[from] U-turn
|-damage|p1a: Kingambit|94/100|[from] Stealth Rock
|-activate|p1a: Kingambit|ability: Supreme Overlord
|-start|p1a: Kingambit|fallen3|[silent]
|move|p2a: Toxapex|Toxic|p1a: Kingambit
|-immune|p1a: Kingambit
|
|-weather|none
|-heal|p1a: Kingambit|100/100|[from] item: Leftovers
|upkeep
|turn|22
|
|t:|1769357412
|move|p1a: Kingambit|Iron Head|p2a: Toxapex
|-resisted|p2a: Toxapex
|-damage|p2a: Toxapex|67/100
|cant|p2a: Toxapex|flinch
|
|upkeep
|turn|23
|
|t:|1769357418
|move|p1a: Kingambit|Swords Dance|p1a: Kingambit
|-boost|p1a: Kingambit|atk|2
|move|p2a: Toxapex|Haze|p2a: Toxapex
|-clearallboost
|
|upkeep
|turn|24
|
|t:|1769357424
|move|p1a: Kingambit|Iron Head|p2a: Toxapex
|-resisted|p2a: Toxapex
|-damage|p2a: Toxapex|45/100
|cant|p2a: Toxapex|flinch
|
|upkeep
|turn|25
|
|t:|1769357429
|move|p1a: Kingambit|Iron Head|p2a: Toxapex
|-resisted|p2a: Toxapex
|-damage|p2a: Toxapex|22/100
|move|p2a: Toxapex|Recover|p2a: Toxapex
|-heal|p2a: Toxapex|72/100
|
|upkeep
|turn|26
|
|t:|1769357438
|move|p1a: Kingambit|Swords Dance|p1a: Kingambit
|-boost|p1a: Kingambit|atk|2
|move|p2a: Toxapex|Recover|p2a: Toxapex
|-heal|p2a: Toxapex|100/100
|
|upkeep
|turn|27
|
|t:|1769357450
|move|p1a: Kingambit|Kowtow Cleave|p2a: Toxapex
|-damage|p2a: Toxapex|8/100
|move|p2a: Toxapex|Haze|p2a: Toxapex
|-clearallboost
|
|upkeep
|turn|28
|
|t:|1769357459
|move|p1a: Kingambit|Swords Dance|p1a: Kingambit
|-boost|p1a: Kingambit|atk|2
|move|p2a: Toxapex|Haze|p2a: Toxapex
|-clearallboost
|
|upkeep
|turn|29
|
|t:|1769357477
|move|p1a: Kingambit|Kowtow Cleave|p2a: Toxapex
|-damage|p2a: Toxapex|0 fnt
|faint|p2a: Toxapex
|
|upkeep
|
|t:|1769357484
|switch|p2a: Iron Valiant|Iron Valiant, shiny|69/100
|-damage|p2a: Iron Valiant|57/100|[from] Spikes
|turn|30
|
|t:|1769357499
|-end|p1a: Kingambit|fallen3|[silent]
|switch|p1a: Mienshao|Mienshao, M|100/100
|-damage|p1a: Mienshao|94/100|[from] Stealth Rock
|-status|p1a: Mienshao|psn
|move|p2a: Iron Valiant|Moonblast|p1a: Mienshao
|-supereffective|p1a: Mienshao
|-damage|p1a: Mienshao|0 fnt
|faint|p1a: Mienshao
|
|upkeep
|
|t:|1769357504
|switch|p1a: Moltres|Moltres|82/100
|turn|31
|
|t:|1769357512
|-end|p2a: Iron Valiant|Quark Drive|[silent]
|switch|p2a: Ogerpon|Ogerpon, F|88/100
|-damage|p2a: Ogerpon|76/100|[from] Spikes
|move|p1a: Moltres|Hurricane|p2a: Ogerpon
|-supereffective|p2a: Ogerpon
|-damage|p2a: Ogerpon|0 fnt
|faint|p2a: Ogerpon
|
|upkeep
|
|t:|1769357520
|switch|p2a: Iron Valiant|Iron Valiant, shiny|57/100
|-damage|p2a: Iron Valiant|44/100|[from] Spikes
|turn|32
|
|t:|1769357525
|move|p2a: Iron Valiant|Thunderbolt|p1a: Moltres
|-supereffective|p1a: Moltres
|-damage|p1a: Moltres|17/100
|move|p1a: Moltres|Flamethrower|p2a: Iron Valiant
|-damage|p2a: Iron Valiant|0 fnt
|faint|p2a: Iron Valiant
|-end|p2a: Iron Valiant|Quark Drive|[silent]
|
|win|tryingnfailing
|raw|tryingnfailing's rating: 1331 &rarr; <strong>1351</strong><br />(+20 for winning)
|raw|Greftiw's rating: 1335 &rarr; <strong>1315</strong><br />(-20 for losing)
|l|☆tryingnfailing
|player|p1|
|l|☆Greftiw
|player|p2|
