|j|☆lucariodr
|j|☆SDaDP
|t:|1769310859
|gametype|singles
|player|p1|lucariodr|lucas-gen4pt|1264
|player|p2|SDaDP|lance|1280
|gen|9
|tier|[Gen 9] OU
|rated|
|rule|HP Percentage Mod: HP is shown in percentages
|rule|Endless Battle Clause: Forcing endless battles is banned
|rule|Species Clause: Limit one of each Pokémon
|rule|OHKO Clause: OHKO moves are banned
|rule|Evasion Items Clause: Evasion items are banned
|rule|Evasion Moves Clause: Evasion moves are banned
|rule|Evasion Abilities Clause: Evasion abilities are banned
|rule|Sleep Moves Clause: Sleep-inducing moves are banned
|clearpoke
|poke|p1|Lucario, M|
|poke|p1|Sceptile, M|
|poke|p1|Gholdengo|
|poke|p1|Kingambit, M|
|poke|p1|Garganacl, M|
|poke|p1|Quaquaval, M|
|poke|p2|Cyclizar, M|
|poke|p2|Corviknight, F|
|poke|p2|Clefable, F|
|poke|p2|Iron Hands|
|poke|p2|Ceruledge, F|
|poke|p2|Lokix, M|
|teampreview
|inactive|Battle timer is ON: inactive players will automatically lose when time's up. (requested by SDaDP)
|
|t:|1769310864
|teamsize|p1|6
|teamsize|p2|6
|start
|switch|p1a: Garganacl|Garganacl, M|100/100
|switch|p2a: Cyclizar|Cyclizar, M|100/100
|turn|1
|
|t:|1769310873
|move|p2a: Cyclizar|U-turn|p1a: Garganacl
|-crit|p1a: Garganacl
|-damage|p1a: Garganacl|82/100
|-damage|p2a: Cyclizar|91/100|[from] item: Life Orb
|
|t:|1769310877
|switch|p2a: Clefable|Clefable, F|100/100|[from] U-turn
|move|p1a: Garganacl|Salt Cure|p2a: Clefable
|-damage|p2a: Clefable|86/100
|-start|p2a: Clefable|Salt Cure
|
|-heal|p1a: Garganacl|88/100|[from] item: Leftovers
|upkeep
|turn|2
|
|t:|1769310883
|move|p2a: Clefable|Moonblast|p1a: Garganacl
|-damage|p1a: Garganacl|42/100
|move|p1a: Garganacl|Stealth Rock|p2a: Clefable
|-sidestart|p2: SDaDP|move: Stealth Rock
|
|-heal|p1a: Garganacl|49/100|[from] item: Leftovers
|upkeep
|turn|3
|
|t:|1769310888
|move|p2a: Clefable|Moonblast|p1a: Garganacl
|-damage|p1a: Garganacl|5/100
|move|p1a: Garganacl|Salt Cure|p2a: Clefable
|-damage|p2a: Clefable|70/100
|
|-heal|p1a: Garganacl|11/100|[from] item: Leftovers
|upkeep
|turn|4
|
|t:|1769310894
|move|p2a: Clefable|Moonblast|p1a: Garganacl
|-damage|p1a: Garganacl|0 fnt
|faint|p1a: Garganacl
|
|upkeep
|
|t:|1769310899
|switch|p1a: Quaquaval|Quaquaval, M|100/100
|turn|5
|
|t:|1769310904
|move|p1a: Quaquaval|Swords Dance|p1a: Quaquaval
|-boost|p1a: Quaquaval|atk|2
|move|p2a: Clefable|Moonblast|p1a: Quaquaval
|-supereffective|p1a: Quaquaval
|-enditem|p1a: Quaquaval|Focus Sash
|-damage|p1a: Quaquaval|1/100
|-unboost|p1a: Quaquaval|spa|1
|
|upkeep
|turn|6
|
|t:|1769310912
|switch|p2a: Corviknight|Corviknight, F|100/100
|-damage|p2a: Corviknight|88/100|[from] Stealth Rock
|move|p1a: Quaquaval|Aqua Step|p2a: Corviknight
|-damage|p2a: Corviknight|38/100
|-boost|p1a: Quaquaval|spe|1
|-damage|p1a: Quaquaval|0 fnt|[from] item: Rocky Helmet|[of] p2a: Corviknight
|faint|p1a: Quaquaval
|
|upkeep
|
|t:|1769310917
|switch|p1a: Gholdengo|Gholdengo|100/100
|-item|p1a: Gholdengo|Air Balloon
|turn|7
|
|t:|1769310920
|move|p1a: Gholdengo|Shadow Ball|p2a: Corviknight
|-crit|p2a: Corviknight
|-damage|p2a: Corviknight|0 fnt
|faint|p2a: Corviknight
|
|upkeep
|
|t:|1769310924
|switch|p2a: Iron Hands|Iron Hands|100/100
|-damage|p2a: Iron Hands|94/100|[from] Stealth Rock
|turn|8
|
|t:|1769310928
|move|p1a: Gholdengo|Shadow Ball|p2a: Iron Hands
|-damage|p2a: Iron Hands|68/100
|move|p2a: Iron Hands|Thunder Punch|p1a: Gholdengo
|-crit|p1a: Gholdengo
|-damage|p1a: Gholdengo|40/100
|-enditem|p1a: Gholdengo|Air Balloon
|
|upkeep
|turn|9
|
|t:|1769310932
|move|p1a: Gholdengo|Nasty Plot|p1a: Gholdengo
|-boost|p1a: Gholdengo|spa|2
|move|p2a: Iron Hands|Earthquake|p1a: Gholdengo
|-supereffective|p1a: Gholdengo
|-damage|p1a: Gholdengo|0 fnt
|faint|p1a: Gholdengo
|
|upkeep
|
|t:|1769310937
|switch|p1a: Lucario|Lucario, M|100/100
|turn|10
|
|t:|1769310942
|move|p1a: Lucario|Aura Sphere|p2a: Iron Hands
|-damage|p2a: Iron Hands|48/100
|move|p2a: Iron Hands|Drain Punch|p1a: Lucario
|-supereffective|p1a: Lucario
|-enditem|p1a: Lucario|Focus Sash
|-damage|p1a: Lucario|1/100
|-heal|p2a: Iron Hands|77/100|[from] drain|[of] p1a: Lucario
|
|upkeep
|turn|11
|
|t:|1769310947
|move|p1a: Lucario|Close Combat|p2a: Iron Hands
|-damage|p2a: Iron Hands|42/100
|-unboost|p1a: Lucario|def|1
|-unboost|p1a: Lucario|spd|1
|move|p2a: Iron Hands|Drain Punch|p1a: Lucario
|-supereffective|p1a: Lucario
|-damage|p1a: Lucario|0 fnt
|-heal|p2a: Iron Hands|42/100|[from] drain|[of] p1a: Lucario
|faint|p1a: Lucario
|
|upkeep
|
|t:|1769310950
|switch|p1a: Sceptile|Sceptile, M|100/100
|turn|12
|
|t:|1769310955
|move|p1a: Sceptile|Leech Seed|p2a: Iron Hands
|-start|p2a: Iron Hands|move: Leech Seed
|move|p2a: Iron Hands|Drain Punch|p1a: Sceptile
|-damage|p1a: Sceptile|20/100
|-heal|p2a: Iron Hands|66/100|[from] drain|[of] p1a: Sceptile
|
|-heal|p1a: Sceptile|26/100|[from] item: Leftovers
|-damage|p2a: Iron Hands|53/100|[from] Leech Seed|[of] p1a: Sceptile
|-heal|p1a: Sceptile|47/100|[silent]
|upkeep
|turn|13
|
|t:|1769310962
|move|p1a: Sceptile|Detect|p1a: Sceptile
|-singleturn|p1a: Sceptile|Protect
|move|p2a: Iron Hands|Drain Punch|p1a: Sceptile
|-activate|p1a: Sceptile|move: Protect
|
|-heal|p1a: Sceptile|54/100|[from] item: Leftovers
|-damage|p2a: Iron Hands|41/100|[from] Leech Seed|[of] p1a: Sceptile
|-heal|p1a: Sceptile|75/100|[silent]
|upkeep
|turn|14
|
|t:|1769310972
|move|p1a: Sceptile|Substitute|p1a: Sceptile
|-start|p1a: Sceptile|Substitute
|-damage|p1a: Sceptile|50/100
|move|p2a: Iron Hands|Drain Punch|p1a: Sceptile
|-end|p1a: Sceptile|Substitute
|-heal|p2a: Iron Hands|48/100|[from] drain|[of] p1a: Sceptile
|
|-heal|p1a: Sceptile|56/100|[from] item: Leftovers
|-damage|p2a: Iron Hands|36/100|[from] Leech Seed|[of] p1a: Sceptile
|-heal|p1a: Sceptile|77/100|[silent]
|upkeep
|turn|15
|
|t:|1769310981
|-end|p2a: Iron Hands|Quark Drive|[silent]
|switch|p2a: Ceruledge|Ceruledge, F|100/100
|move|p1a: Sceptile|Detect||[still]
|-fail|p1a: Sceptile
|
|-heal|p1a: Sceptile|83/100|[from] item: Leftovers
|upkeep
|turn|16
|
|t:|1769310986
|-terastallize|p1a: Sceptile|Water
|move|p1a: Sceptile|Tera Blast|p2a: Ceruledge|[anim] Tera Blast Water
|-supereffective|p2a: Ceruledge
|-damage|p2a: Ceruledge|17/100
|move|p2a: Ceruledge|Bitter Blade|p1a: Sceptile
|-resisted|p1a: Sceptile
|-crit|p1a: Sceptile
|-damage|p1a: Sceptile|27/100
|-heal|p2a: Ceruledge|44/100|[from] drain|[of] p1a: Sceptile
|
|-heal|p1a: Sceptile|33/100|[from] item: Leftovers
|upkeep
|turn|17
|
|t:|1769310992
|move|p1a: Sceptile|Tera Blast|p2a: Ceruledge|[anim] Tera Blast Water
|-supereffective|p2a: Ceruledge
|-damage|p2a: Ceruledge|0 fnt
|faint|p2a: Ceruledge
|
|-heal|p1a: Sceptile|39/100|[from] item: Leftovers
|upkeep
|
|t:|1769310999
|switch|p2a: Cyclizar|Cyclizar, M|100/100
|-damage|p2a: Cyclizar|88/100|[from] Stealth Rock
|turn|18
|
|t:|1769311002
|move|p1a: Sceptile|Detect|p1a: Sceptile
|-singleturn|p1a: Sceptile|Protect
|move|p2a: Cyclizar|Knock Off|p1a: Sceptile
|-activate|p1a: Sceptile|move: Protect
|
|-heal|p1a: Sceptile|45/100|[from] item: Leftovers
|upkeep
|turn|19
|
|t:|1769311008
|move|p2a: Cyclizar|Double-Edge|p1a: Sceptile
|-damage|p1a: Sceptile|0 fnt
|faint|p1a: Sceptile
|-damage|p2a: Cyclizar|73/100|[from] Recoil
|-damage|p2a: Cyclizar|63/100|[from] item: Life Orb
|
|upkeep
|
|t:|1769311010
|switch|p1a: Kingambit|Kingambit, M, shiny|100/100
|-activate|p1a: Kingambit|ability: Supreme Overlord
|-start|p1a: Kingambit|fallen5|[silent]
|turn|20
|
|t:|1769311014
|move|p2a: Cyclizar|Knock Off|p1a: Kingambit
|-resisted|p1a: Kingambit
|-damage|p1a: Kingambit|88/100
|-enditem|p1a: Kingambit|Leftovers|[from] move: Knock Off|[of] p2a: Cyclizar
|-damage|p2a: Cyclizar|53/100|[from] item: Life Orb
|move|p1a: Kingambit|Kowtow Cleave|p2a: Cyclizar
|-damage|p2a: Cyclizar|0 fnt
|faint|p2a: Cyclizar
|
|upkeep
|
|t:|1769311023
|switch|p2a: Iron Hands|Iron Hands|36/100
|-damage|p2a: Iron Hands|30/100|[from] Stealth Rock
|turn|21
|
|t:|1769311027
|move|p1a: Kingambit|Sucker Punch|p2a: Iron Hands
|-resisted|p2a: Iron Hands
|-damage|p2a: Iron Hands|9/100
|move|p2a: Iron Hands|Drain Punch|p1a: Kingambit
|-supereffective|p1a: Kingambit
|-damage|p1a: Kingambit|0 fnt
|-heal|p2a: Iron Hands|47/100|[from] drain|[of] p1a: Kingambit
|faint|p1a: Kingambit
|-end|p1a: Kingambit|fallen5|[silent]
|
|win|SDaDP
|raw|lucariodr's rating: 1264 &rarr; <strong>1240</strong><br />(-24 for losing)
|raw|SDaDP's rating: 1280 &rarr; <strong>1304</strong><br />(+24 for winning)
|l|☆lucariodr
|player|p1|
|l|☆SDaDP
|player|p2|
