|j|☆canbetaught2
|j|☆LolzMachine
|t:|1769378100
|gametype|singles
|player|p1|canbetaught2|hilda-wonderlauncher|1571
|player|p2|LolzMachine|101|1717
|gen|9
|tier|[Gen 9] OU
|rated|
|rule|HP Percentage Mod: HP is shown in percentages
|rule|Endless Battle Clause: Forcing endless battles is banned
|rule|Species Clause: Limit one of each Pokémon
|rule|OHKO Clause: OHKO moves are banned
|rule|Evasion Items Clause: Evasion items are banned
|rule|Evasion Moves Clause: Evasion moves are banned
|rule|Evasion Abilities Clause: Evasion abilities are banned
|rule|Sleep Moves Clause: Sleep-inducing moves are banned
|clearpoke
|poke|p1|Hatterene, F|
|poke|p1|Ursaluna, M|
|poke|p1|Porygon2|
|poke|p1|Cresselia, F|
|poke|p1|Iron Hands|
|poke|p1|Volcanion|
|poke|p2|Landorus-Therian, M|
|poke|p2|Samurott-Hisui, F|
|poke|p2|Pecharunt|
|poke|p2|Scizor, M|
|poke|p2|Latios, M|
|poke|p2|Zamazenta-*|
|teampreview
|
|t:|1769378116
|teamsize|p1|6
|teamsize|p2|6
|start
|switch|p1a: TARS|Porygon2|100/100
|switch|p2a: Pecharunt|Pecharunt|100/100
|-ability|p1a: TARS|Download|boost
|-boost|p1a: TARS|spa|1
|turn|1
|
|t:|1769378134
|move|p2a: Pecharunt|Malignant Chain|p1a: TARS
|-damage|p1a: TARS|81/100
|move|p1a: TARS|Trick Room|p1a: TARS
|-fieldstart|move: Trick Room|[of] p1a: TARS
|
|upkeep
|turn|2
|
|t:|1769378138
|switch|p1a: Winnie|Ursaluna, M|100/100
|move|p2a: Pecharunt|Malignant Chain|p1a: Winnie
|-resisted|p1a: Winnie
|-damage|p1a: Winnie|86/100
|-status|p1a: Winnie|tox
|-start|p1a: Winnie|confusion|[from] ability: Poison Puppeteer|[of] p2a: Pecharunt
|
|-damage|p1a: Winnie|80/100 tox|[from] psn
|upkeep
|turn|3
|
|t:|1769378143
|switch|p2a: Landorus|Landorus-Therian, M|100/100
|-ability|p2a: Landorus|Intimidate|boost
|-unboost|p1a: Winnie|atk|1
|-activate|p1a: Winnie|confusion
|move|p1a: Winnie|Headlong Rush|p2a: Landorus
|-immune|p2a: Landorus
|
|-damage|p1a: Winnie|68/100 tox|[from] psn
|upkeep
|turn|4
|
|t:|1769378150
|switch|p2a: Pecharunt|Pecharunt|100/100
|-end|p1a: Winnie|confusion
|move|p1a: Winnie|Facade|p2a: Pecharunt
|-immune|p2a: Pecharunt
|
|-damage|p1a: Winnie|50/100 tox|[from] psn
|upkeep
|turn|5
|
|t:|1769378155
|switch|p2a: Landorus|Landorus-Therian, M|100/100
|-ability|p2a: Landorus|Intimidate|boost
|-unboost|p1a: Winnie|atk|1
|move|p1a: Winnie|Headlong Rush|p2a: Landorus
|-immune|p2a: Landorus
|
|-damage|p1a: Winnie|26/100 tox|[from] psn
|-fieldend|move: Trick Room
|upkeep
|turn|6
|
|t:|1769378160
|move|p2a: Landorus|U-turn|p1a: Winnie
|-damage|p1a: Winnie|11/100 tox
|
|t:|1769378164
|switch|p2a: Pecharunt|Pecharunt|100/100|[from] U-turn
|move|p1a: Winnie|Facade|p2a: Pecharunt
|-immune|p2a: Pecharunt
|
|-damage|p1a: Winnie|0 fnt|[from] psn
|faint|p1a: Winnie
|upkeep
|
|t:|1769378167
|switch|p1a: volcano guy|Volcanion|100/100
|turn|7
|
|t:|1769378172
|move|p2a: Pecharunt|Parting Shot|p1a: volcano guy
|-unboost|p1a: volcano guy|atk|1
|-unboost|p1a: volcano guy|spa|1
|
|t:|1769378173
|switch|p2a: Latios|Latios, M|100/100|[from] Parting Shot
|move|p1a: volcano guy|Steam Eruption|p2a: Latios
|-resisted|p2a: Latios
|-damage|p2a: Latios|70/100
|-status|p2a: Latios|brn
|
|-damage|p2a: Latios|64/100 brn|[from] brn
|upkeep
|turn|8
|
|t:|1769378178
|switch|p1a: Saturn|Cresselia, F, shiny|100/100
|move|p2a: Latios|Psychic Noise|p1a: Saturn
|-resisted|p1a: Saturn
|-crit|p1a: Saturn
|-damage|p1a: Saturn|78/100
|-start|p1a: Saturn|move: Heal Block
|-enditem|p1a: Saturn|Mental Herb
|-end|p1a: Saturn|move: Heal Block
|
|-damage|p2a: Latios|58/100 brn|[from] brn
|upkeep
|turn|9
|
|t:|1769378186
|move|p2a: Latios|Calm Mind|p2a: Latios
|-boost|p2a: Latios|spa|1
|-boost|p2a: Latios|spd|1
|move|p1a: Saturn|Trick Room|p1a: Saturn
|-fieldstart|move: Trick Room|[of] p1a: Saturn
|
|-damage|p2a: Latios|52/100 brn|[from] brn
|upkeep
|turn|10
|
|t:|1769378197
|move|p1a: Saturn|Moonblast|p2a: Latios
|-supereffective|p2a: Latios
|-damage|p2a: Latios|28/100 brn
|move|p2a: Latios|Psychic Noise|p1a: Saturn
|-resisted|p1a: Saturn
|-damage|p1a: Saturn|56/100
|-start|p1a: Saturn|move: Heal Block
|
|-damage|p2a: Latios|22/100 brn|[from] brn
|upkeep
|turn|11
|
|t:|1769378202
|move|p1a: Saturn|Moonblast|p2a: Latios
|-supereffective|p2a: Latios
|-damage|p2a: Latios|0 fnt
|faint|p2a: Latios
|
|-end|p1a: Saturn|move: Heal Block
|upkeep
|
|t:|1769378203
|switch|p2a: Samurott|Samurott-Hisui, F|100/100
|turn|12
|
|t:|1769378208
|switch|p1a: Mr. Hands|Iron Hands|100/100
|-enditem|p1a: Mr. Hands|Booster Energy
|-activate|p1a: Mr. Hands|ability: Quark Drive|[fromitem]
|-start|p1a: Mr. Hands|quarkdriveatk
|move|p2a: Samurott|Ceaseless Edge|p1a: Mr. Hands
|-resisted|p1a: Mr. Hands
|-damage|p1a: Mr. Hands|86/100
|-sidestart|p1: canbetaught2|Spikes
|
|upkeep
|turn|13
|
|t:|1769378212
|switch|p2a: Pecharunt|Pecharunt|100/100
|move|p1a: Mr. Hands|Swords Dance|p1a: Mr. Hands
|-boost|p1a: Mr. Hands|atk|2
|
|-fieldend|move: Trick Room
|upkeep
|turn|14
|
|t:|1769378215
|move|p2a: Pecharunt|Malignant Chain|p1a: Mr. Hands
|-damage|p1a: Mr. Hands|57/100
|move|p1a: Mr. Hands|Wild Charge|p2a: Pecharunt
|-damage|p2a: Pecharunt|13/100
|-damage|p1a: Mr. Hands|40/100|[from] Recoil
|
|upkeep
|turn|15
|
|t:|1769378220
|move|p2a: Pecharunt|Malignant Chain|p1a: Mr. Hands
|-damage|p1a: Mr. Hands|10/100
|move|p1a: Mr. Hands|Wild Charge|p2a: Pecharunt
|-damage|p2a: Pecharunt|0 fnt
|faint|p2a: Pecharunt
|-damage|p1a: Mr. Hands|7/100|[from] Recoil
|
|upkeep
|
|t:|1769378223
|switch|p2a: Landorus|Landorus-Therian, M|100/100
|-ability|p2a: Landorus|Intimidate|boost
|-unboost|p1a: Mr. Hands|atk|1
|turn|16
|
|t:|1769378230
|-terastallize|p1a: Mr. Hands|Flying
|move|p2a: Landorus|U-turn|p1a: Mr. Hands
|-resisted|p1a: Mr. Hands
|-damage|p1a: Mr. Hands|1/100
|
|t:|1769378235
|switch|p2a: Scizor|Scizor, M|100/100|[from] U-turn
|move|p1a: Mr. Hands|Ice Punch|p2a: Scizor
|-resisted|p2a: Scizor
|-damage|p2a: Scizor|68/100
|
|upkeep
|turn|17
|
|t:|1769378238
|move|p2a: Scizor|Bullet Punch|p1a: Mr. Hands
|-damage|p1a: Mr. Hands|0 fnt
|faint|p1a: Mr. Hands
|-end|p1a: Mr. Hands|Quark Drive|[silent]
|
|upkeep
|
|t:|1769378243
|switch|p1a: volcano guy|Volcanion|100/100
|-damage|p1a: volcano guy|88/100|[from] Spikes
|turn|18
|
|t:|1769378247
|move|p2a: Scizor|Knock Off|p1a: volcano guy
|-damage|p1a: volcano guy|59/100
|-enditem|p1a: volcano guy|Choice Specs|[from] move: Knock Off|[of] p2a: Scizor
|move|p1a: volcano guy|Steam Eruption|p2a: Scizor
|-damage|p2a: Scizor|0 fnt
|faint|p2a: Scizor
|
|upkeep
|
|t:|1769378249
|switch|p2a: Landorus|Landorus-Therian, M|100/100
|-ability|p2a: Landorus|Intimidate|boost
|-unboost|p1a: volcano guy|atk|1
|turn|19
|
|t:|1769378252
|switch|p1a: Saturn|Cresselia, F, shiny|56/100
|move|p2a: Landorus|Earthquake|p1a: Saturn
|-immune|p1a: Saturn|[from] ability: Levitate
|
|upkeep
|turn|20
|
|t:|1769378254
|move|p2a: Landorus|Stealth Rock|p1a: Saturn
|-sidestart|p1: canbetaught2|move: Stealth Rock
|move|p1a: Saturn|Trick Room|p1a: Saturn
|-fieldstart|move: Trick Room|[of] p1a: Saturn
|
|upkeep
|turn|21
|
|t:|1769378257
|move|p1a: Saturn|Lunar Dance|p1a: Saturn
|faint|p1a: Saturn
|move|p2a: Landorus|U-turn|p1: Saturn|[notarget]
|-fail|p2a: Landorus
|
|upkeep
|
|t:|1769378259
|switch|p1a: volcano guy|Volcanion|59/100
|-heal|p1a: volcano guy|100/100|[from] move: Lunar Dance
|-damage|p1a: volcano guy|88/100|[from] Spikes
|-damage|p1a: volcano guy|63/100|[from] Stealth Rock
|turn|22
|
|t:|1769378267
|-terastallize|p2a: Landorus|Water
|move|p1a: volcano guy|Steam Eruption|p2a: Landorus
|-resisted|p2a: Landorus
|-damage|p2a: Landorus|67/100
|move|p2a: Landorus|Earthquake|p1a: volcano guy
|-supereffective|p1a: volcano guy
|-damage|p1a: volcano guy|0 fnt
|faint|p1a: volcano guy
|
|upkeep
|
|t:|1769378271
|switch|p1a: TARS|Porygon2|81/100
|-damage|p1a: TARS|69/100|[from] Spikes
|-damage|p1a: TARS|56/100|[from] Stealth Rock
|-ability|p1a: TARS|Download|boost
|-boost|p1a: TARS|spa|1
|turn|23
|
|t:|1769378280
|switch|p2a: Zamazenta|Zamazenta|100/100
|-ability|p2a: Zamazenta|Dauntless Shield|boost
|-boost|p2a: Zamazenta|def|1
|move|p1a: TARS|Tera Blast|p2a: Zamazenta
|-damage|p2a: Zamazenta|44/100
|
|-heal|p2a: Zamazenta|50/100|[from] item: Leftovers
|upkeep
|turn|24
|
|t:|1769378290
|switch|p2a: Samurott|Samurott-Hisui, F|100/100
|move|p1a: TARS|Tera Blast|p2a: Samurott
|-damage|p2a: Samurott|11/100
|
|-fieldend|move: Trick Room
|upkeep
|turn|25
|
|t:|1769378296
|move|p2a: Samurott|Knock Off|p1a: TARS
|-crit|p1a: TARS
|-damage|p1a: TARS|6/100
|-enditem|p1a: TARS|Eviolite|[from] move: Knock Off|[of] p2a: Samurott
|move|p1a: TARS|Trick Room|p1a: TARS
|-fieldstart|move: Trick Room|[of] p1a: TARS
|
|upkeep
|turn|26
|
|t:|1769378304
|move|p2a: Samurott|Aqua Jet|p1a: TARS
|-damage|p1a: TARS|0 fnt
|faint|p1a: TARS
|
|upkeep
|
|t:|1769378306
|switch|p1a: Mad Hatter|Hatterene, F, shiny|100/100
|-damage|p1a: Mad Hatter|88/100|[from] Spikes
|-damage|p1a: Mad Hatter|76/100|[from] Stealth Rock
|turn|27
|
|t:|1769378312
|move|p2a: Samurott|Aqua Jet|p1a: Mad Hatter
|-damage|p1a: Mad Hatter|52/100
|move|p1a: Mad Hatter|Dazzling Gleam|p2a: Samurott
|-supereffective|p2a: Samurott
|-damage|p2a: Samurott|0 fnt
|faint|p2a: Samurott
|
|upkeep
|
|t:|1769378314
|switch|p2a: Zamazenta|Zamazenta|50/100
|turn|28
|
|t:|1769378317
|move|p1a: Mad Hatter|Dazzling Gleam|p2a: Zamazenta
|-supereffective|p2a: Zamazenta
|-damage|p2a: Zamazenta|0 fnt
|faint|p2a: Zamazenta
|
|upkeep
|
|t:|1769378318
|switch|p2a: Landorus|Landorus-Therian, M, tera:Water|67/100
|-ability|p2a: Landorus|Intimidate|boost
|-unboost|p1a: Mad Hatter|atk|1
|turn|29
|
|t:|1769378321
|move|p1a: Mad Hatter|Dazzling Gleam|p2a: Landorus
|-damage|p2a: Landorus|12/100
|move|p2a: Landorus|Earthquake|p1a: Mad Hatter
|-damage|p1a: Mad Hatter|0 fnt
|faint|p1a: Mad Hatter
|
|win|LolzMachine
|raw|canbetaught2's rating: 1571 &rarr; <strong>1559</strong><br />(-12 for losing)
|raw|LolzMachine's rating: 1717 &rarr; <strong>1729</strong><br />(+12 for winning)
|l|☆canbetaught2
|player|p1|
|l|☆LolzMachine
|player|p2|
