|j|☆Unscripted testing
|j|☆shuca nacua
|t:|1769364119
|gametype|singles
|player|p1|Unscripted testing|caitlin-masters|1660
|player|p2|shuca nacua|boarder|1581
|gen|9
|tier|[Gen 9] OU
|rated|
|rule|HP Percentage Mod: HP is shown in percentages
|rule|Endless Battle Clause: Forcing endless battles is banned
|rule|Species Clause: Limit one of each Pokémon
|rule|OHKO Clause: OHKO moves are banned
|rule|Evasion Items Clause: Evasion items are banned
|rule|Evasion Moves Clause: Evasion moves are banned
|rule|Evasion Abilities Clause: Evasion abilities are banned
|rule|Sleep Moves Clause: Sleep-inducing moves are banned
|clearpoke
|poke|p1|Tinkaton, F|
|poke|p1|Ogerpon, F|
|poke|p1|Great Tusk|
|poke|p1|Pecharunt|
|poke|p1|Alomomola, M|
|poke|p1|Hydreigon, M|
|poke|p2|Tauros, M|
|poke|p2|Alomomola, M|
|poke|p2|Dragapult, M|
|poke|p2|Iron Valiant|
|poke|p2|Corviknight, M|
|poke|p2|Gliscor, F|
|teampreview
|
|t:|1769364123
|teamsize|p1|6
|teamsize|p2|6
|start
|switch|p1a: Smile.exe|Tinkaton, F, shiny|100/100
|switch|p2a: Gliscor|Gliscor, F|100/100
|-item|p1a: Smile.exe|Air Balloon
|turn|1
|j| sixlegoat
|l| sixlegoat
|
|t:|1769364144
|move|p1a: Smile.exe|Stealth Rock|p2a: Gliscor
|-sidestart|p2: shuca nacua|move: Stealth Rock
|move|p2a: Gliscor|Stealth Rock|p1a: Smile.exe
|-sidestart|p1: Unscripted testing|move: Stealth Rock
|
|-status|p2a: Gliscor|tox|[from] item: Toxic Orb
|upkeep
|turn|2
|
|t:|1769364147
|switch|p2a: Tauros|Tauros, M|100/100
|-damage|p2a: Tauros|88/100|[from] Stealth Rock
|move|p1a: Smile.exe|Encore||[still]
|-fail|p1a: Smile.exe
|
|upkeep
|turn|3
|
|t:|1769364151
|move|p2a: Tauros|Flamethrower|p1a: Smile.exe
|-supereffective|p1a: Smile.exe
|-damage|p1a: Smile.exe|49/100
|-enditem|p1a: Smile.exe|Air Balloon
|move|p1a: Smile.exe|Gigaton Hammer|p2a: Tauros
|-damage|p2a: Tauros|17/100
|
|upkeep
|turn|4
|inactive|Battle timer is ON: inactive players will automatically lose when time's up. (requested by Unscripted testing)
|
|t:|1769364159
|switch|p1a: Pisces|Alomomola, M, shiny|100/100
|-damage|p1a: Pisces|88/100|[from] Stealth Rock
|move|p2a: Tauros|Work Up|p2a: Tauros
|-boost|p2a: Tauros|atk|1
|-boost|p2a: Tauros|spa|1
|
|upkeep
|turn|5
|
|t:|1769364163
|move|p2a: Tauros|Thunderbolt|p1a: Pisces
|-supereffective|p1a: Pisces
|-damage|p1a: Pisces|47/100
|move|p1a: Pisces|Flip Turn|p2a: Tauros
|-damage|p2a: Tauros|0 fnt
|faint|p2a: Tauros
|
|t:|1769364169
|switch|p1a: Smile.exe|Tinkaton, F, shiny|49/100|[from] Flip Turn
|-damage|p1a: Smile.exe|43/100|[from] Stealth Rock
|
|upkeep
|
|t:|1769364175
|switch|p2a: Dragapult|Dragapult, M|100/100
|-damage|p2a: Dragapult|88/100|[from] Stealth Rock
|turn|6
|
|t:|1769364180
|switch|p1a: Pisces|Alomomola, M, shiny|80/100
|-damage|p1a: Pisces|67/100|[from] Stealth Rock
|-terastallize|p2a: Dragapult|Ghost
|move|p2a: Dragapult|Tera Blast|p1a: Pisces|[anim] Tera Blast Ghost
|-damage|p1a: Pisces|24/100
|
|upkeep
|turn|7
|
|t:|1769364183
|switch|p1a: Smile.exe|Tinkaton, F, shiny|43/100
|-damage|p1a: Smile.exe|37/100|[from] Stealth Rock
|move|p2a: Dragapult|Dragon Dance|p2a: Dragapult
|-boost|p2a: Dragapult|atk|1
|-boost|p2a: Dragapult|spe|1
|
|upkeep
|turn|8
|
|t:|1769364187
|move|p2a: Dragapult|Tera Blast|p1a: Smile.exe|[anim] Tera Blast Ghost
|-damage|p1a: Smile.exe|0 fnt
|faint|p1a: Smile.exe
|
|upkeep
|
|t:|1769364190
|switch|p1a: Behemoth|Great Tusk, shiny|100/100
|turn|9
|
|t:|1769364196
|switch|p2a: Corviknight|Corviknight, M|100/100
|-damage|p2a: Corviknight|88/100|[from] Stealth Rock
|-ability|p2a: Corviknight|Pressure
|move|p1a: Behemoth|Headlong Rush|p2a: Corviknight
|-immune|p2a: Corviknight
|
|upkeep
|turn|10
|
|t:|1769364200
|move|p1a: Behemoth|Rapid Spin|p2a: Corviknight
|-resisted|p2a: Corviknight
|-damage|p2a: Corviknight|83/100
|-boost|p1a: Behemoth|spe|1
|-damage|p1a: Behemoth|84/100|[from] item: Rocky Helmet|[of] p2a: Corviknight
|-sideend|p1: Unscripted testing|Stealth Rock|[from] move: Rapid Spin|[of] p1a: Behemoth
|move|p2a: Corviknight|Defog|p1a: Behemoth
|-unboost|p1a: Behemoth|evasion|1
|-sideend|p2: shuca nacua|Stealth Rock|[from] move: Defog|[of] p2a: Corviknight
|
|upkeep
|turn|11
|
|t:|1769364205
|-end|p1a: Behemoth|Protosynthesis|[silent]
|switch|p1a: Pisces|Alomomola, M, shiny|57/100
|move|p2a: Corviknight|U-turn|p1a: Pisces
|-damage|p1a: Pisces|45/100
|
|t:|1769364214
|switch|p2a: Dragapult|Dragapult, M, tera:Ghost|88/100|[from] U-turn
|
|upkeep
|turn|12
|
|t:|1769364235
|switch|p1a: Behemoth|Great Tusk, shiny|84/100
|move|p2a: Dragapult|Dragon Dance|p2a: Dragapult
|-boost|p2a: Dragapult|atk|1
|-boost|p2a: Dragapult|spe|1
|
|upkeep
|turn|13
|
|t:|1769364250
|move|p2a: Dragapult|Dragon Darts|p1a: Behemoth
|-damage|p1a: Behemoth|48/100
|-anim|p2a: Dragapult|Dragon Darts|p1a: Behemoth
|-damage|p1a: Behemoth|15/100
|move|p1a: Behemoth|Headlong Rush|p2a: Dragapult
|-damage|p2a: Dragapult|0 fnt
|-unboost|p1a: Behemoth|def|1
|-unboost|p1a: Behemoth|spd|1
|faint|p2a: Dragapult
|
|upkeep
|
|t:|1769364257
|switch|p2a: Iron Valiant|Iron Valiant|100/100
|-enditem|p2a: Iron Valiant|Booster Energy
|-activate|p2a: Iron Valiant|ability: Quark Drive|[fromitem]
|-start|p2a: Iron Valiant|quarkdrivespe
|turn|14
|
|t:|1769364262
|move|p2a: Iron Valiant|Moonblast|p1a: Behemoth
|-supereffective|p1a: Behemoth
|-damage|p1a: Behemoth|0 fnt
|faint|p1a: Behemoth
|-end|p1a: Behemoth|Protosynthesis|[silent]
|
|upkeep
|
|t:|1769364263
|switch|p1a: Overseer|Pecharunt|100/100
|turn|15
|
|t:|1769364266
|move|p2a: Iron Valiant|Destiny Bond|p2a: Iron Valiant
|-singlemove|p2a: Iron Valiant|Destiny Bond
|move|p1a: Overseer|Malignant Chain|p2a: Iron Valiant
|-supereffective|p2a: Iron Valiant
|-damage|p2a: Iron Valiant|0 fnt
|faint|p2a: Iron Valiant
|-activate|p2a: Iron Valiant|move: Destiny Bond
|-end|p2a: Iron Valiant|Quark Drive|[silent]
|faint|p1a: Overseer
|
|upkeep
|
|t:|1769364270
|switch|p2a: Gliscor|Gliscor, F|100/100 tox
|switch|p1a: Hybrid|Hydreigon, M, shiny|100/100
|turn|16
|
|t:|1769364272
|-terastallize|p1a: Hybrid|Steel
|move|p1a: Hybrid|Dark Pulse|p2a: Gliscor
|-damage|p2a: Gliscor|47/100 tox
|move|p2a: Gliscor|Toxic|p1a: Hybrid
|-immune|p1a: Hybrid
|
|-heal|p2a: Gliscor|59/100 tox|[from] ability: Poison Heal
|upkeep
|turn|17
|
|t:|1769364276
|move|p1a: Hybrid|Dark Pulse|p2a: Gliscor
|-crit|p2a: Gliscor
|-damage|p2a: Gliscor|0 fnt
|faint|p2a: Gliscor
|
|upkeep
|
|t:|1769364278
|switch|p2a: Corviknight|Corviknight, M|83/100
|-ability|p2a: Corviknight|Pressure
|turn|18
|
|t:|1769364280
|move|p1a: Hybrid|Dark Pulse|p2a: Corviknight
|-damage|p2a: Corviknight|19/100
|move|p2a: Corviknight|U-turn|p1a: Hybrid
|-resisted|p1a: Hybrid
|-damage|p1a: Hybrid|92/100
|c|☆shuca nacua|tauros done in by the av
|c|☆shuca nacua|gg
|-message|shuca nacua forfeited.
|
|win|Unscripted testing
|raw|Unscripted testing's rating: 1660 &rarr; <strong>1676</strong><br />(+16 for winning)
|raw|shuca nacua's rating: 1581 &rarr; <strong>1565</strong><br />(-16 for losing)
|l|☆shuca nacua
|player|p2|
|l|☆Unscripted testing
|player|p1|
