|j|☆testthoitestthoi2
|j|☆Carchac
|t:|1769422550
|gametype|singles
|player|p1|testthoitestthoi2|266|1315
|player|p2|Carchac|benga|1271
|gen|9
|tier|[Gen 9] OU
|rated|
|rule|HP Percentage Mod: HP is shown in percentages
|rule|Endless Battle Clause: Forcing endless battles is banned
|rule|Species Clause: Limit one of each Pokémon
|rule|OHKO Clause: OHKO moves are banned
|rule|Evasion Items Clause: Evasion items are banned
|rule|Evasion Moves Clause: Evasion moves are banned
|rule|Evasion Abilities Clause: Evasion abilities are banned
|rule|Sleep Moves Clause: Sleep-inducing moves are banned
|clearpoke
|poke|p1|Iron Valiant|
|poke|p1|Excadrill, F|
|poke|p1|Tyranitar, M|
|poke|p1|Tornadus-Therian, M|
|poke|p1|Ogerpon-Cornerstone, F|
|poke|p1|Toxapex, M|
|poke|p2|Scrafty, M|
|poke|p2|Gholdengo|
|poke|p2|Garchomp, F|
|poke|p2|Moltres|
|poke|p2|Raging Bolt|
|poke|p2|Ogerpon-Wellspring, F|
|teampreview
|inactive|Battle timer is ON: inactive players will automatically lose when time's up. (requested by Carchac)
|
|t:|1769422562
|teamsize|p1|6
|teamsize|p2|6
|start
|switch|p1a: Iron Valiant|Iron Valiant|100/100
|switch|p2a: Garchomp|Garchomp, F|100/100
|turn|1
|
|t:|1769422577
|-terastallize|p2a: Garchomp|Steel
|move|p1a: Iron Valiant|Shadow Ball|p2a: Garchomp
|-damage|p2a: Garchomp|61/100
|-unboost|p2a: Garchomp|spd|1
|move|p2a: Garchomp|Spikes|p1a: Iron Valiant
|-sidestart|p1: testthoitestthoi2|Spikes
|
|upkeep
|turn|2
|
|t:|1769422586
|switch|p2a: Moltres|Moltres|100/100
|move|p1a: Iron Valiant|Shadow Ball|p2a: Moltres
|-damage|p2a: Moltres|62/100
|
|upkeep
|turn|3
|
|t:|1769422596
|-end|p1a: Iron Valiant|Quark Drive|[silent]
|switch|p1a: Tyranitar|Tyranitar, M|100/100
|-damage|p1a: Tyranitar|88/100|[from] Spikes
|-weather|Sandstorm|[from] ability: Sand Stream|[of] p1a: Tyranitar
|move|p2a: Moltres|Roost|p2a: Moltres
|-heal|p2a: Moltres|100/100
|-singleturn|p2a: Moltres|move: Roost
|
|-weather|Sandstorm|[upkeep]
|-damage|p2a: Moltres|94/100|[from] Sandstorm
|upkeep
|turn|4
|
|t:|1769422612
|switch|p2a: Garchomp|Garchomp, F, tera:Steel|61/100
|move|p1a: Tyranitar|Knock Off|p2a: Garchomp
|-damage|p2a: Garchomp|23/100
|-damage|p1a: Tyranitar|76/100|[from] ability: Rough Skin|[of] p2a: Garchomp
|-damage|p1a: Tyranitar|59/100|[from] item: Rocky Helmet|[of] p2a: Garchomp
|-enditem|p2a: Garchomp|Rocky Helmet|[from] move: Knock Off|[of] p1a: Tyranitar
|
|-weather|Sandstorm|[upkeep]
|upkeep
|turn|5
|
|t:|1769422623
|switch|p1a: Tornadus|Tornadus-Therian, M|100/100
|move|p2a: Garchomp|Dragon Tail|p1a: Tornadus
|-damage|p1a: Tornadus|66/100
|drag|p1a: Toxapex|Toxapex, M|100/100
|-damage|p1a: Toxapex|88/100|[from] Spikes
|
|-weather|Sandstorm|[upkeep]
|-damage|p1a: Toxapex|82/100|[from] Sandstorm
|upkeep
|turn|6
|
|t:|1769422635
|switch|p1a: Tornadus|Tornadus-Therian, M|99/100
|move|p2a: Garchomp|Dragon Tail|p1a: Tornadus
|-damage|p1a: Tornadus|64/100
|drag|p1a: Excadrill|Excadrill, F|100/100
|-damage|p1a: Excadrill|88/100|[from] Spikes
|
|-weather|Sandstorm|[upkeep]
|-heal|p1a: Excadrill|94/100|[from] item: Leftovers
|upkeep
|turn|7
|
|t:|1769422648
|switch|p2a: Gholdengo|Gholdengo|100/100
|-item|p2a: Gholdengo|Air Balloon
|move|p1a: Excadrill|Earthquake|p2a: Gholdengo
|-immune|p2a: Gholdengo
|
|-weather|Sandstorm|[upkeep]
|-heal|p1a: Excadrill|99/100|[from] item: Leftovers
|upkeep
|turn|8
|
|t:|1769422662
|move|p1a: Excadrill|Rock Slide|p2a: Gholdengo|[miss]
|-miss|p1a: Excadrill|p2a: Gholdengo
|move|p2a: Gholdengo|Focus Blast|p1a: Excadrill|[miss]
|-miss|p2a: Gholdengo|p1a: Excadrill
|
|-weather|Sandstorm|[upkeep]
|-heal|p1a: Excadrill|100/100|[from] item: Leftovers
|upkeep
|turn|9
|
|t:|1769422672
|move|p1a: Excadrill|Rock Slide|p2a: Gholdengo
|-resisted|p2a: Gholdengo
|-crit|p2a: Gholdengo
|-damage|p2a: Gholdengo|76/100
|-enditem|p2a: Gholdengo|Air Balloon
|move|p2a: Gholdengo|Focus Blast|p1a: Excadrill
|-supereffective|p1a: Excadrill
|-damage|p1a: Excadrill|0 fnt
|faint|p1a: Excadrill
|
|-weather|Sandstorm|[upkeep]
|upkeep
|
|t:|1769422690
|switch|p1a: Iron Valiant|Iron Valiant|100/100
|-damage|p1a: Iron Valiant|88/100|[from] Spikes
|turn|10
|
|t:|1769422696
|move|p1a: Iron Valiant|Shadow Ball|p2a: Gholdengo
|-supereffective|p2a: Gholdengo
|-damage|p2a: Gholdengo|0 fnt
|faint|p2a: Gholdengo
|
|-weather|none
|upkeep
|
|t:|1769422704
|switch|p2a: Raging Bolt|Raging Bolt|100/100
|turn|11
|
|t:|1769422710
|-end|p1a: Iron Valiant|Quark Drive|[silent]
|switch|p1a: Tyranitar|Tyranitar, M|59/100
|-damage|p1a: Tyranitar|47/100|[from] Spikes
|-weather|Sandstorm|[from] ability: Sand Stream|[of] p1a: Tyranitar
|move|p2a: Raging Bolt|Volt Switch|p1a: Tyranitar
|-damage|p1a: Tyranitar|7/100
|
|t:|1769422718
|-end|p2a: Raging Bolt|Protosynthesis|[silent]
|switch|p2a: Ogerpon|Ogerpon-Wellspring, F|100/100|[from] Volt Switch
|
|-weather|Sandstorm|[upkeep]
|-damage|p2a: Ogerpon|95/100|[from] Sandstorm
|upkeep
|turn|12
|
|t:|1769422730
|move|p2a: Ogerpon|U-turn|p1a: Tyranitar
|-supereffective|p1a: Tyranitar
|-damage|p1a: Tyranitar|0 fnt
|faint|p1a: Tyranitar
|
|t:|1769422737
|switch|p2a: Garchomp|Garchomp, F, tera:Steel|23/100|[from] U-turn
|
|-weather|Sandstorm|[upkeep]
|upkeep
|
|t:|1769422743
|switch|p1a: Tornadus|Tornadus-Therian, M|97/100
|turn|13
|
|t:|1769422747
|move|p1a: Tornadus|Heat Wave|p2a: Garchomp
|-supereffective|p2a: Garchomp
|-damage|p2a: Garchomp|0 fnt
|faint|p2a: Garchomp
|
|-weather|Sandstorm|[upkeep]
|-damage|p1a: Tornadus|91/100|[from] Sandstorm
|upkeep
|
|t:|1769422753
|switch|p2a: Raging Bolt|Raging Bolt|100/100
|turn|14
|
|t:|1769422763
|switch|p1a: Toxapex|Toxapex, M|100/100
|-damage|p1a: Toxapex|88/100|[from] Spikes
|move|p2a: Raging Bolt|Volt Switch|p1a: Toxapex
|-supereffective|p1a: Toxapex
|-damage|p1a: Toxapex|6/100
|-enditem|p1a: Toxapex|Eject Button
|inactive|testthoitestthoi2 has 120 seconds left.
|inactive|testthoitestthoi2 has 90 seconds left.
|inactive|testthoitestthoi2 has 60 seconds left.
|
|t:|1769422853
|switch|p1a: Iron Valiant|Iron Valiant|88/100
|-damage|p1a: Iron Valiant|76/100|[from] Spikes
|
|-weather|Sandstorm|[upkeep]
|-damage|p1a: Iron Valiant|69/100|[from] Sandstorm
|-damage|p2a: Raging Bolt|94/100|[from] Sandstorm
|upkeep
|turn|15
|inactive|testthoitestthoi2 has 60 seconds left.
|
|t:|1769422863
|-end|p2a: Raging Bolt|Protosynthesis|[silent]
|switch|p2a: Moltres|Moltres|94/100
|move|p1a: Iron Valiant|Moonblast|p2a: Moltres
|-resisted|p2a: Moltres
|-damage|p2a: Moltres|61/100
|-unboost|p2a: Moltres|spa|1
|
|-weather|Sandstorm|[upkeep]
|-damage|p1a: Iron Valiant|63/100|[from] Sandstorm
|-damage|p2a: Moltres|55/100|[from] Sandstorm
|upkeep
|turn|16
|inactive|testthoitestthoi2 has 60 seconds left.
|
|t:|1769422875
|-end|p1a: Iron Valiant|Quark Drive|[silent]
|switch|p1a: Toxapex|Toxapex, M|40/100
|-damage|p1a: Toxapex|28/100|[from] Spikes
|move|p2a: Moltres|Roost|p2a: Moltres
|-heal|p2a: Moltres|100/100
|-singleturn|p2a: Moltres|move: Roost
|
|-weather|Sandstorm|[upkeep]
|-damage|p2a: Moltres|94/100|[from] Sandstorm
|-damage|p1a: Toxapex|22/100|[from] Sandstorm
|upkeep
|turn|17
|inactive|testthoitestthoi2 has 60 seconds left.
|
|t:|1769422886
|move|p1a: Toxapex|Toxic Spikes|p2a: Moltres
|-sidestart|p2: Carchac|move: Toxic Spikes
|move|p2a: Moltres|Roar|p1a: Toxapex
|drag|p1a: Tornadus|Tornadus-Therian, M|100/100
|
|-weather|Sandstorm|[upkeep]
|-damage|p1a: Tornadus|94/100|[from] Sandstorm
|-damage|p2a: Moltres|88/100|[from] Sandstorm
|upkeep
|turn|18
|
|t:|1769422895
|move|p1a: Tornadus|Weather Ball|p2a: Moltres
|-supereffective|p2a: Moltres
|-damage|p2a: Moltres|0 fnt
|faint|p2a: Moltres
|
|-weather|none
|upkeep
|
|t:|1769422901
|switch|p2a: Raging Bolt|Raging Bolt|94/100
|-status|p2a: Raging Bolt|psn
|turn|19
|
|t:|1769422911
|switch|p1a: Toxapex|Toxapex, M|55/100
|-damage|p1a: Toxapex|43/100|[from] Spikes
|move|p2a: Raging Bolt|Volt Switch|p1a: Toxapex
|-supereffective|p1a: Toxapex
|-damage|p1a: Toxapex|0 fnt
|faint|p1a: Toxapex
|
|t:|1769422919
|-end|p2a: Raging Bolt|Protosynthesis|[silent]
|switch|p2a: Ogerpon|Ogerpon-Wellspring, F|95/100|[from] Volt Switch
|-status|p2a: Ogerpon|psn
|
|-damage|p2a: Ogerpon|82/100 psn|[from] psn
|upkeep
|
|t:|1769422928
|switch|p1a: Tornadus|Tornadus-Therian, M|100/100
|turn|20
|
|t:|1769422932
|move|p1a: Tornadus|Bleakwind Storm|p2a: Ogerpon|[miss]
|-miss|p1a: Tornadus|p2a: Ogerpon
|move|p2a: Ogerpon|Ivy Cudgel|p1a: Tornadus|[anim] Ivy Cudgel Water
|-damage|p1a: Tornadus|14/100
|
|-damage|p2a: Ogerpon|70/100 psn|[from] psn
|upkeep
|turn|21
|inactive|testthoitestthoi2 has 90 seconds left.
|
|t:|1769422961
|move|p1a: Tornadus|Bleakwind Storm|p2a: Ogerpon
|-supereffective|p2a: Ogerpon
|-damage|p2a: Ogerpon|0 fnt
|faint|p2a: Ogerpon
|
|upkeep
|
|t:|1769422966
|switch|p2a: Raging Bolt|Raging Bolt|94/100 psn
|turn|22
|
|t:|1769422974
|switch|p1a: Ogerpon|Ogerpon-Cornerstone, F|100/100
|-damage|p1a: Ogerpon|88/100|[from] Spikes
|move|p2a: Raging Bolt|Thunderbolt|p1a: Ogerpon
|-resisted|p1a: Ogerpon
|-damage|p1a: Ogerpon|39/100
|
|-damage|p2a: Raging Bolt|82/100 psn|[from] psn
|upkeep
|turn|23
|inactive|testthoitestthoi2 has 90 seconds left.
|
|t:|1769422985
|-end|p2a: Raging Bolt|Protosynthesis|[silent]
|switch|p2a: Scrafty|Scrafty, M|100/100
|-status|p2a: Scrafty|psn
|-enditem|p2a: Scrafty|Lum Berry|[eat]
|-curestatus|p2a: Scrafty|psn|[msg]
|move|p1a: Ogerpon|Ivy Cudgel|p2a: Scrafty|[anim] Ivy Cudgel Rock
|-resisted|p2a: Scrafty
|-damage|p2a: Scrafty|70/100
|
|upkeep
|turn|24
|inactive|testthoitestthoi2 has 90 seconds left.
|
|t:|1769422994
|move|p1a: Ogerpon|Low Kick|p2a: Scrafty
|-supereffective|p2a: Scrafty
|-damage|p2a: Scrafty|14/100
|move|p2a: Scrafty|Dragon Dance|p2a: Scrafty
|-boost|p2a: Scrafty|atk|1
|-boost|p2a: Scrafty|spe|1
|
|upkeep
|turn|25
|
|t:|1769423003
|move|p2a: Scrafty|Knock Off|p1a: Ogerpon
|-damage|p1a: Ogerpon|0 fnt
|faint|p1a: Ogerpon
|-ability|p2a: Scrafty|Moxie|boost
|-boost|p2a: Scrafty|atk|1
|
|upkeep
|
|t:|1769423009
|switch|p1a: Tornadus|Tornadus-Therian, M|47/100
|turn|26
|
|t:|1769423013
|move|p1a: Tornadus|Bleakwind Storm|p2a: Scrafty|[miss]
|-miss|p1a: Tornadus|p2a: Scrafty
|move|p2a: Scrafty|Knock Off|p1a: Tornadus
|-damage|p1a: Tornadus|0 fnt
|-enditem|p1a: Tornadus|Choice Specs|[from] move: Knock Off|[of] p2a: Scrafty
|faint|p1a: Tornadus
|-ability|p2a: Scrafty|Moxie|boost
|-boost|p2a: Scrafty|atk|1
|
|upkeep
|
|t:|1769423023
|switch|p1a: Iron Valiant|Iron Valiant|63/100
|-damage|p1a: Iron Valiant|51/100|[from] Spikes
|turn|27
|
|t:|1769423026
|move|p1a: Iron Valiant|Moonblast|p2a: Scrafty
|-supereffective|p2a: Scrafty
|-damage|p2a: Scrafty|0 fnt
|faint|p2a: Scrafty
|
|upkeep
|
|t:|1769423031
|switch|p2a: Raging Bolt|Raging Bolt|82/100 psn
|turn|28
|
|t:|1769423034
|move|p2a: Raging Bolt|Thunderclap|p1a: Iron Valiant
|-damage|p1a: Iron Valiant|0 fnt
|faint|p1a: Iron Valiant
|-end|p1a: Iron Valiant|Quark Drive|[silent]
|
|win|Carchac
|raw|testthoitestthoi2's rating: 1315 &rarr; <strong>1292</strong><br />(-23 for losing)
|raw|Carchac's rating: 1271 &rarr; <strong>1299</strong><br />(+28 for winning)
|l|☆testthoitestthoi2
|player|p1|
|l|☆Carchac
|player|p2|
