|j|☆tacolover313
|j|☆il0p
|t:|1769395783
|gametype|singles
|player|p1|tacolover313|striker|1226
|player|p2|il0p|pokemaniac|1217
|gen|9
|tier|[Gen 9] OU
|rated|
|rule|HP Percentage Mod: HP is shown in percentages
|rule|Endless Battle Clause: Forcing endless battles is banned
|rule|Species Clause: Limit one of each Pokémon
|rule|OHKO Clause: OHKO moves are banned
|rule|Evasion Items Clause: Evasion items are banned
|rule|Evasion Moves Clause: Evasion moves are banned
|rule|Evasion Abilities Clause: Evasion abilities are banned
|rule|Sleep Moves Clause: Sleep-inducing moves are banned
|clearpoke
|poke|p1|Iron Treads|
|poke|p1|Vikavolt, F|
|poke|p1|Metagross|
|poke|p1|Skeledirge, F|
|poke|p1|Ogerpon-Wellspring, F|
|poke|p1|Hydreigon, M|
|poke|p2|Zoroark-Hisui, M|
|poke|p2|Tyranitar, F|
|poke|p2|Hydrapple, M|
|poke|p2|Great Tusk|
|poke|p2|Cobalion|
|poke|p2|Darkrai|
|teampreview
|
|t:|1769395800
|teamsize|p1|6
|teamsize|p2|6
|start
|switch|p1a: Vikavolt|Vikavolt, F, shiny|100/100
|switch|p2a: Cobalion|Cobalion|100/100
|turn|1
|
|t:|1769395814
|switch|p1a: Skeledirge|Skeledirge, F, shiny|100/100
|move|p2a: Cobalion|Stealth Rock|p1a: Skeledirge
|-sidestart|p1: tacolover313|move: Stealth Rock
|
|upkeep
|turn|2
|
|t:|1769395822
|move|p2a: Cobalion|Volt Switch|p1a: Skeledirge
|-crit|p1a: Skeledirge
|-damage|p1a: Skeledirge|84/100
|
|t:|1769395825
|switch|p2a: Tyranitar|Tyranitar, F|100/100|[from] Volt Switch
|-weather|Sandstorm|[from] ability: Sand Stream|[of] p2a: Tyranitar
|move|p1a: Skeledirge|Will-O-Wisp|p2a: Tyranitar
|-status|p2a: Tyranitar|brn
|
|-weather|Sandstorm|[upkeep]
|-damage|p1a: Skeledirge|78/100|[from] Sandstorm
|-heal|p1a: Skeledirge|84/100|[from] item: Leftovers
|-damage|p2a: Tyranitar|94/100 brn|[from] brn
|upkeep
|turn|3
|
|t:|1769395859
|switch|p1a: Ogerpon|Ogerpon-Wellspring, F|100/100
|-damage|p1a: Ogerpon|88/100|[from] Stealth Rock
|move|p2a: Tyranitar|Knock Off|p1a: Ogerpon
|-damage|p1a: Ogerpon|51/100
|
|-weather|Sandstorm|[upkeep]
|-damage|p1a: Ogerpon|45/100|[from] Sandstorm
|-damage|p2a: Tyranitar|88/100 brn|[from] brn
|upkeep
|turn|4
|
|t:|1769395868
|switch|p2a: Hydrapple|Hydrapple, M|100/100
|move|p1a: Ogerpon|U-turn|p2a: Hydrapple
|-supereffective|p2a: Hydrapple
|-damage|p2a: Hydrapple|72/100
|
|t:|1769395877
|switch|p1a: Iron Treads|Iron Treads, shiny|100/100|[from] U-turn
|-damage|p1a: Iron Treads|98/100|[from] Stealth Rock
|
|-weather|Sandstorm|[upkeep]
|-damage|p2a: Hydrapple|66/100|[from] Sandstorm
|upkeep
|turn|5
|
|t:|1769395886
|move|p1a: Iron Treads|Rapid Spin|p2a: Hydrapple
|-damage|p2a: Hydrapple|57/100
|-boost|p1a: Iron Treads|spe|1
|-sideend|p1: tacolover313|Stealth Rock|[from] move: Rapid Spin|[of] p1a: Iron Treads
|move|p2a: Hydrapple|Giga Drain|p1a: Iron Treads
|-damage|p1a: Iron Treads|78/100
|-heal|p2a: Hydrapple|66/100|[from] drain|[of] p1a: Iron Treads
|
|-weather|Sandstorm|[upkeep]
|-damage|p2a: Hydrapple|60/100|[from] Sandstorm
|upkeep
|turn|6
|
|t:|1769395895
|move|p1a: Iron Treads|Knock Off|p2a: Hydrapple
|-damage|p2a: Hydrapple|44/100
|-enditem|p2a: Hydrapple|Heavy-Duty Boots|[from] move: Knock Off|[of] p1a: Iron Treads
|move|p2a: Hydrapple|Giga Drain|p1a: Iron Treads
|-damage|p1a: Iron Treads|56/100
|-heal|p2a: Hydrapple|54/100|[from] drain|[of] p1a: Iron Treads
|
|-weather|none
|upkeep
|turn|7
|
|t:|1769395903
|move|p1a: Iron Treads|Iron Head|p2a: Hydrapple
|-damage|p2a: Hydrapple|35/100
|move|p2a: Hydrapple|Earth Power|p1a: Iron Treads
|-supereffective|p1a: Iron Treads
|-damage|p1a: Iron Treads|19/100
|
|upkeep
|turn|8
|
|t:|1769395910
|move|p1a: Iron Treads|Iron Head|p2a: Hydrapple
|-damage|p2a: Hydrapple|13/100
|move|p2a: Hydrapple|Giga Drain|p1a: Iron Treads
|-damage|p1a: Iron Treads|0 fnt
|-heal|p2a: Hydrapple|21/100|[from] drain|[of] p1a: Iron Treads
|faint|p1a: Iron Treads
|-end|p1a: Iron Treads|Quark Drive|[silent]
|
|upkeep
|
|t:|1769395924
|switch|p1a: Ogerpon|Ogerpon-Wellspring, F|45/100
|turn|9
|
|t:|1769395928
|switch|p2a: Cobalion|Cobalion|100/100
|move|p1a: Ogerpon|Horn Leech|p2a: Cobalion
|-resisted|p2a: Cobalion
|-damage|p2a: Cobalion|84/100
|-heal|p1a: Ogerpon|55/100|[from] drain|[of] p2a: Cobalion
|-damage|p1a: Ogerpon|39/100|[from] item: Rocky Helmet|[of] p2a: Cobalion
|
|upkeep
|turn|10
|
|t:|1769395938
|move|p1a: Ogerpon|U-turn|p2a: Cobalion
|-resisted|p2a: Cobalion
|-damage|p2a: Cobalion|79/100
|-damage|p1a: Ogerpon|22/100|[from] item: Rocky Helmet|[of] p2a: Cobalion
|
|t:|1769395947
|switch|p1a: Skeledirge|Skeledirge, F, shiny|84/100|[from] U-turn
|move|p2a: Cobalion|Stealth Rock|p1a: Skeledirge
|-sidestart|p1: tacolover313|move: Stealth Rock
|
|-heal|p1a: Skeledirge|90/100|[from] item: Leftovers
|upkeep
|turn|11
|
|t:|1769395956
|move|p2a: Cobalion|Volt Switch|p1a: Skeledirge
|-damage|p1a: Skeledirge|79/100
|
|t:|1769395959
|switch|p2a: Tyranitar|Tyranitar, F|88/100 brn|[from] Volt Switch
|-weather|Sandstorm|[from] ability: Sand Stream|[of] p2a: Tyranitar
|move|p1a: Skeledirge|Torch Song|p2a: Tyranitar
|-resisted|p2a: Tyranitar
|-crit|p2a: Tyranitar
|-damage|p2a: Tyranitar|74/100 brn
|-boost|p1a: Skeledirge|spa|1
|
|-weather|Sandstorm|[upkeep]
|-damage|p1a: Skeledirge|73/100|[from] Sandstorm
|-heal|p1a: Skeledirge|79/100|[from] item: Leftovers
|-damage|p2a: Tyranitar|68/100 brn|[from] brn
|upkeep
|turn|12
|
|t:|1769395976
|switch|p1a: Hydreigon|Hydreigon, M|100/100
|-damage|p1a: Hydreigon|88/100|[from] Stealth Rock
|move|p2a: Tyranitar|Knock Off|p1a: Hydreigon
|-resisted|p1a: Hydreigon
|-damage|p1a: Hydreigon|62/100
|-enditem|p1a: Hydreigon|White Herb|[from] move: Knock Off|[of] p2a: Tyranitar
|
|-weather|Sandstorm|[upkeep]
|-damage|p1a: Hydreigon|56/100|[from] Sandstorm
|-damage|p2a: Tyranitar|61/100 brn|[from] brn
|upkeep
|turn|13
|
|t:|1769395994
|switch|p2a: Cobalion|Cobalion|79/100
|move|p1a: Hydreigon|Draco Meteor|p2a: Cobalion
|-resisted|p2a: Cobalion
|-damage|p2a: Cobalion|41/100
|-unboost|p1a: Hydreigon|spa|2
|
|-weather|Sandstorm|[upkeep]
|-damage|p1a: Hydreigon|50/100|[from] Sandstorm
|upkeep
|turn|14
|
|t:|1769396004
|move|p2a: Cobalion|Sacred Sword|p1a: Hydreigon
|-supereffective|p1a: Hydreigon
|-damage|p1a: Hydreigon|0 fnt
|faint|p1a: Hydreigon
|
|-weather|Sandstorm|[upkeep]
|upkeep
|
|t:|1769396010
|switch|p1a: Skeledirge|Skeledirge, F, shiny|79/100
|-damage|p1a: Skeledirge|54/100|[from] Stealth Rock
|turn|15
|
|t:|1769396013
|move|p2a: Cobalion|Volt Switch|p1a: Skeledirge
|-damage|p1a: Skeledirge|42/100
|
|t:|1769396016
|switch|p2a: Tyranitar|Tyranitar, F|61/100 brn|[from] Volt Switch
|move|p1a: Skeledirge|Slack Off|p1a: Skeledirge
|-heal|p1a: Skeledirge|92/100
|
|-weather|none
|-heal|p1a: Skeledirge|98/100|[from] item: Leftovers
|-damage|p2a: Tyranitar|55/100 brn|[from] brn
|upkeep
|turn|16
|
|t:|1769396031
|switch|p1a: Vikavolt|Vikavolt, F, shiny|100/100
|-damage|p1a: Vikavolt|75/100|[from] Stealth Rock
|move|p2a: Tyranitar|Knock Off|p1a: Vikavolt
|-damage|p1a: Vikavolt|19/100
|-enditem|p1a: Vikavolt|Focus Sash|[from] move: Knock Off|[of] p2a: Tyranitar
|
|-damage|p2a: Tyranitar|49/100 brn|[from] brn
|upkeep
|turn|17
|
|t:|1769396040
|move|p2a: Tyranitar|Knock Off|p1a: Vikavolt
|-damage|p1a: Vikavolt|0 fnt
|faint|p1a: Vikavolt
|
|-damage|p2a: Tyranitar|43/100 brn|[from] brn
|upkeep
|-message|tacolover313 forfeited.
|
|win|il0p
|raw|tacolover313's rating: 1226 &rarr; <strong>1200</strong><br />(-26 for losing)
|raw|il0p's rating: 1217 &rarr; <strong>1243</strong><br />(+26 for winning)
|l|☆tacolover313
|player|p1|
