|j|☆Obling
|j|☆On the wave now
|t:|1769437383
|gametype|singles
|player|p1|Obling|player-go|1731
|player|p2|On the wave now|depotagent|1696
|gen|9
|tier|[Gen 9] OU
|rated|
|rule|HP Percentage Mod: HP is shown in percentages
|rule|Endless Battle Clause: Forcing endless battles is banned
|rule|Species Clause: Limit one of each Pokémon
|rule|OHKO Clause: OHKO moves are banned
|rule|Evasion Items Clause: Evasion items are banned
|rule|Evasion Moves Clause: Evasion moves are banned
|rule|Evasion Abilities Clause: Evasion abilities are banned
|rule|Sleep Moves Clause: Sleep-inducing moves are banned
|clearpoke
|poke|p1|Cresselia, F|
|poke|p1|Garganacl, M|
|poke|p1|Kingambit, M|
|poke|p1|Ogerpon-Wellspring, F|
|poke|p1|Latias, F|
|poke|p1|Iron Moth|
|poke|p2|Regigigas|
|poke|p2|Ting-Lu|
|poke|p2|Great Tusk|
|poke|p2|Zamazenta-*|
|poke|p2|Pecharunt|
|poke|p2|Alomomola, F|
|teampreview
|inactive|Battle timer is ON: inactive players will automatically lose when time's up. (requested by Obling)
|
|t:|1769437395
|teamsize|p1|6
|teamsize|p2|6
|start
|switch|p1a: Ogerpon|Ogerpon-Wellspring, F|100/100
|switch|p2a: Regigigas|Regigigas|100/100
|-start|p2a: Regigigas|ability: Slow Start
|turn|1
|
|t:|1769437401
|move|p1a: Ogerpon|Swords Dance|p1a: Ogerpon
|-boost|p1a: Ogerpon|atk|2
|move|p2a: Regigigas|Body Slam|p1a: Ogerpon
|-damage|p1a: Ogerpon|73/100
|
|upkeep
|turn|2
|
|t:|1769437407
|move|p1a: Ogerpon|Ivy Cudgel|p2a: Regigigas|[anim] Ivy Cudgel Water
|-damage|p2a: Regigigas|12/100
|move|p2a: Regigigas|Body Slam|p1a: Ogerpon
|-damage|p1a: Ogerpon|41/100
|
|-heal|p2a: Regigigas|18/100|[from] item: Leftovers
|upkeep
|turn|3
|
|t:|1769437410
|move|p1a: Ogerpon|Horn Leech|p2a: Regigigas
|-crit|p2a: Regigigas
|-damage|p2a: Regigigas|0 fnt
|-heal|p1a: Ogerpon|54/100|[from] drain|[of] p2a: Regigigas
|faint|p2a: Regigigas
|
|upkeep
|
|t:|1769437415
|switch|p2a: Zamazenta|Zamazenta|100/100
|-ability|p2a: Zamazenta|Dauntless Shield|boost
|-boost|p2a: Zamazenta|def|1
|turn|4
|j| namex57
|
|t:|1769437419
|move|p2a: Zamazenta|Close Combat|p1a: Ogerpon
|-damage|p1a: Ogerpon|0 fnt
|-unboost|p2a: Zamazenta|def|1
|-unboost|p2a: Zamazenta|spd|1
|faint|p1a: Ogerpon
|
|upkeep
|
|t:|1769437421
|switch|p1a: Latias|Latias, F|100/100
|turn|5
|
|t:|1769437424
|switch|p2a: Ting-Lu|Ting-Lu|100/100
|-ability|p2a: Ting-Lu|Vessel of Ruin
|move|p1a: Latias|Agility|p1a: Latias
|-boost|p1a: Latias|spe|2
|
|upkeep
|turn|6
|
|t:|1769437427
|move|p1a: Latias|Draining Kiss|p2a: Ting-Lu
|-supereffective|p2a: Ting-Lu
|-damage|p2a: Ting-Lu|86/100
|move|p2a: Ting-Lu|Whirlwind|p1a: Latias
|drag|p1a: Kingambit|Kingambit, M|100/100
|-activate|p1a: Kingambit|ability: Supreme Overlord
|-start|p1a: Kingambit|fallen1|[silent]
|
|-heal|p2a: Ting-Lu|92/100|[from] item: Leftovers
|upkeep
|turn|7
|
|t:|1769437431
|-end|p1a: Kingambit|fallen1|[silent]
|switch|p1a: Latias|Latias, F|100/100
|switch|p2a: Great Tusk|Great Tusk|100/100
|
|upkeep
|turn|8
|
|t:|1769437435
|move|p2a: Great Tusk|Stealth Rock|p1a: Latias
|-sidestart|p1: Obling|move: Stealth Rock
|move|p1a: Latias|Agility|p1a: Latias
|-boost|p1a: Latias|spe|2
|
|upkeep
|turn|9
|
|t:|1769437437
|-end|p2a: Great Tusk|Protosynthesis|[silent]
|switch|p2a: Ting-Lu|Ting-Lu|92/100
|-ability|p2a: Ting-Lu|Vessel of Ruin
|move|p1a: Latias|Calm Mind|p1a: Latias
|-boost|p1a: Latias|spa|1
|-boost|p1a: Latias|spd|1
|
|-heal|p2a: Ting-Lu|99/100|[from] item: Leftovers
|upkeep
|turn|10
|
|t:|1769437440
|move|p1a: Latias|Draining Kiss|p2a: Ting-Lu
|-supereffective|p2a: Ting-Lu
|-damage|p2a: Ting-Lu|76/100
|move|p2a: Ting-Lu|Whirlwind|p1a: Latias
|drag|p1a: Garganacl|Garganacl, M|100/100
|-damage|p1a: Garganacl|88/100|[from] Stealth Rock
|
|-heal|p2a: Ting-Lu|82/100|[from] item: Leftovers
|-heal|p1a: Garganacl|94/100|[from] item: Leftovers
|upkeep
|turn|11
|
|t:|1769437443
|move|p2a: Ting-Lu|Spikes|p1a: Garganacl
|-sidestart|p1: Obling|Spikes
|move|p1a: Garganacl|Salt Cure|p2a: Ting-Lu
|-resisted|p2a: Ting-Lu
|-damage|p2a: Ting-Lu|79/100
|-start|p2a: Ting-Lu|Salt Cure
|
|-heal|p2a: Ting-Lu|85/100|[from] item: Leftovers
|-heal|p1a: Garganacl|100/100|[from] item: Leftovers
|-damage|p2a: Ting-Lu|72/100|[from] Salt Cure
|upkeep
|turn|12
|
|t:|1769437446
|switch|p2a: Alomomola|Alomomola, F|100/100
|move|p1a: Garganacl|Curse|p1a: Garganacl
|-unboost|p1a: Garganacl|spe|1
|-boost|p1a: Garganacl|atk|1
|-boost|p1a: Garganacl|def|1
|
|upkeep
|turn|13
|
|t:|1769437454
|move|p2a: Alomomola|Tickle|p1a: Garganacl
|-unboost|p1a: Garganacl|atk|1
|-unboost|p1a: Garganacl|def|1
|move|p1a: Garganacl|Salt Cure|p2a: Alomomola
|-damage|p2a: Alomomola|92/100
|-start|p2a: Alomomola|Salt Cure
|
|-damage|p2a: Alomomola|67/100|[from] Salt Cure
|upkeep
|turn|14
|
|t:|1769437457
|move|p2a: Alomomola|Flip Turn|p1a: Garganacl
|-supereffective|p1a: Garganacl
|-damage|p1a: Garganacl|78/100
|
|t:|1769437459
|switch|p2a: Great Tusk|Great Tusk|100/100|[from] Flip Turn
|move|p1a: Garganacl|Curse|p1a: Garganacl
|-unboost|p1a: Garganacl|spe|1
|-boost|p1a: Garganacl|atk|1
|-boost|p1a: Garganacl|def|1
|
|-heal|p1a: Garganacl|84/100|[from] item: Leftovers
|upkeep
|turn|15
|
|t:|1769437464
|move|p2a: Great Tusk|Headlong Rush|p1a: Garganacl
|-supereffective|p1a: Garganacl
|-damage|p1a: Garganacl|31/100
|-unboost|p2a: Great Tusk|def|1
|-unboost|p2a: Great Tusk|spd|1
|move|p1a: Garganacl|Salt Cure|p2a: Great Tusk
|-resisted|p2a: Great Tusk
|-damage|p2a: Great Tusk|95/100
|-start|p2a: Great Tusk|Salt Cure
|
|-heal|p1a: Garganacl|37/100|[from] item: Leftovers
|-damage|p2a: Great Tusk|83/100|[from] Salt Cure
|upkeep
|turn|16
|l| namex57
|
|t:|1769437469
|switch|p1a: Latias|Latias, F|100/100
|-damage|p1a: Latias|88/100|[from] Stealth Rock
|move|p2a: Great Tusk|Headlong Rush|p1a: Latias
|-immune|p1a: Latias|[from] ability: Levitate
|
|-damage|p2a: Great Tusk|70/100|[from] Salt Cure
|upkeep
|turn|17
|
|t:|1769437473
|-end|p2a: Great Tusk|Protosynthesis|[silent]
|switch|p2a: Ting-Lu|Ting-Lu|72/100
|-ability|p2a: Ting-Lu|Vessel of Ruin
|move|p1a: Latias|Agility|p1a: Latias
|-boost|p1a: Latias|spe|2
|
|-heal|p2a: Ting-Lu|79/100|[from] item: Leftovers
|upkeep
|turn|18
|
|t:|1769437477
|move|p1a: Latias|Draining Kiss|p2a: Ting-Lu
|-supereffective|p2a: Ting-Lu
|-damage|p2a: Ting-Lu|65/100
|-heal|p1a: Latias|100/100|[from] drain|[of] p2a: Ting-Lu
|move|p2a: Ting-Lu|Spikes|p1a: Latias
|-sidestart|p1: Obling|Spikes
|
|-heal|p2a: Ting-Lu|71/100|[from] item: Leftovers
|upkeep
|turn|19
|
|t:|1769437480
|move|p1a: Latias|Calm Mind|p1a: Latias
|-boost|p1a: Latias|spa|1
|-boost|p1a: Latias|spd|1
|move|p2a: Ting-Lu|Whirlwind|p1a: Latias
|drag|p1a: Kingambit|Kingambit, M|100/100
|-damage|p1a: Kingambit|94/100|[from] Stealth Rock
|-damage|p1a: Kingambit|78/100|[from] Spikes
|-activate|p1a: Kingambit|ability: Supreme Overlord
|-start|p1a: Kingambit|fallen1|[silent]
|
|-heal|p2a: Ting-Lu|77/100|[from] item: Leftovers
|upkeep
|turn|20
|
|t:|1769437484
|-end|p1a: Kingambit|fallen1|[silent]
|switch|p1a: Garganacl|Garganacl, M|37/100
|-damage|p1a: Garganacl|25/100|[from] Stealth Rock
|-damage|p1a: Garganacl|8/100|[from] Spikes
|switch|p2a: Alomomola|Alomomola, F|100/100
|
|-heal|p1a: Garganacl|14/100|[from] item: Leftovers
|upkeep
|turn|21
|
|t:|1769437486
|move|p2a: Alomomola|Flip Turn|p1a: Garganacl
|-supereffective|p1a: Garganacl
|-damage|p1a: Garganacl|0 fnt
|faint|p1a: Garganacl
|
|t:|1769437489
|switch|p2a: Ting-Lu|Ting-Lu|77/100|[from] Flip Turn
|-ability|p2a: Ting-Lu|Vessel of Ruin
|
|-heal|p2a: Ting-Lu|83/100|[from] item: Leftovers
|upkeep
|
|t:|1769437497
|switch|p1a: Iron Moth|Iron Moth|100/100
|-damage|p1a: Iron Moth|76/100|[from] Stealth Rock
|-damage|p1a: Iron Moth|59/100|[from] Spikes
|-enditem|p1a: Iron Moth|Booster Energy
|-activate|p1a: Iron Moth|ability: Quark Drive|[fromitem]
|-start|p1a: Iron Moth|quarkdrivespa
|turn|22
|
|t:|1769437501
|move|p1a: Iron Moth|Dazzling Gleam|p2a: Ting-Lu
|-supereffective|p2a: Ting-Lu
|-damage|p2a: Ting-Lu|50/100
|move|p2a: Ting-Lu|Earthquake|p1a: Iron Moth
|-supereffective|p1a: Iron Moth
|-damage|p1a: Iron Moth|0 fnt
|faint|p1a: Iron Moth
|-end|p1a: Iron Moth|Quark Drive|[silent]
|
|-heal|p2a: Ting-Lu|56/100|[from] item: Leftovers
|upkeep
|
|t:|1769437503
|switch|p1a: Kingambit|Kingambit, M|78/100
|-damage|p1a: Kingambit|72/100|[from] Stealth Rock
|-damage|p1a: Kingambit|55/100|[from] Spikes
|-activate|p1a: Kingambit|ability: Supreme Overlord
|-start|p1a: Kingambit|fallen3|[silent]
|turn|23
|
|t:|1769437506
|switch|p2a: Great Tusk|Great Tusk|70/100
|move|p1a: Kingambit|Iron Head|p2a: Great Tusk
|-damage|p2a: Great Tusk|26/100
|
|upkeep
|turn|24
|
|t:|1769437510
|move|p1a: Kingambit|Sucker Punch|p2a: Great Tusk
|-resisted|p2a: Great Tusk
|-crit|p2a: Great Tusk
|-damage|p2a: Great Tusk|0 fnt
|faint|p2a: Great Tusk
|-end|p2a: Great Tusk|Protosynthesis|[silent]
|
|upkeep
|
|t:|1769437512
|switch|p2a: Zamazenta|Zamazenta|100/100
|turn|25
|
|t:|1769437515
|-terastallize|p2a: Zamazenta|Fighting
|move|p2a: Zamazenta|Close Combat|p1a: Kingambit
|-supereffective|p1a: Kingambit
|-damage|p1a: Kingambit|0 fnt
|-unboost|p2a: Zamazenta|def|1
|-unboost|p2a: Zamazenta|spd|1
|faint|p1a: Kingambit
|-end|p1a: Kingambit|fallen3|[silent]
|
|upkeep
|
|t:|1769437518
|switch|p1a: Latias|Latias, F|100/100
|-damage|p1a: Latias|88/100|[from] Stealth Rock
|turn|26
|
|t:|1769437522
|switch|p2a: Pecharunt|Pecharunt|100/100
|move|p1a: Latias|Agility|p1a: Latias
|-boost|p1a: Latias|spe|2
|
|upkeep
|turn|27
|
|t:|1769437525
|move|p1a: Latias|Calm Mind|p1a: Latias
|-boost|p1a: Latias|spa|1
|-boost|p1a: Latias|spd|1
|move|p2a: Pecharunt|Parting Shot|p1a: Latias
|-unboost|p1a: Latias|atk|1
|-unboost|p1a: Latias|spa|1
|
|t:|1769437527
|switch|p2a: Ting-Lu|Ting-Lu|56/100|[from] Parting Shot
|-ability|p2a: Ting-Lu|Vessel of Ruin
|
|-heal|p2a: Ting-Lu|62/100|[from] item: Leftovers
|upkeep
|turn|28
|
|t:|1769437532
|move|p1a: Latias|Draining Kiss|p2a: Ting-Lu
|-supereffective|p2a: Ting-Lu
|-damage|p2a: Ting-Lu|46/100
|-heal|p1a: Latias|100/100|[from] drain|[of] p2a: Ting-Lu
|move|p2a: Ting-Lu|Whirlwind|p1a: Latias
|drag|p1a: Cresselia|Cresselia, F|100/100
|-damage|p1a: Cresselia|88/100|[from] Stealth Rock
|
|-heal|p1a: Cresselia|94/100|[from] item: Leftovers
|-heal|p2a: Ting-Lu|53/100|[from] item: Leftovers
|upkeep
|turn|29
|
|t:|1769437537
|move|p1a: Cresselia|Moonblast|p2a: Ting-Lu
|-supereffective|p2a: Ting-Lu
|-damage|p2a: Ting-Lu|37/100
|move|p2a: Ting-Lu|Ruination|p1a: Cresselia
|-damage|p1a: Cresselia|47/100
|
|-heal|p1a: Cresselia|53/100|[from] item: Leftovers
|-heal|p2a: Ting-Lu|43/100|[from] item: Leftovers
|upkeep
|turn|30
|
|t:|1769437541
|switch|p2a: Pecharunt|Pecharunt|100/100
|move|p1a: Cresselia|Moonblast|p2a: Pecharunt
|-resisted|p2a: Pecharunt
|-damage|p2a: Pecharunt|92/100
|
|-heal|p1a: Cresselia|60/100|[from] item: Leftovers
|upkeep
|turn|31
|
|t:|1769437544
|switch|p1a: Latias|Latias, F|100/100
|-damage|p1a: Latias|88/100|[from] Stealth Rock
|move|p2a: Pecharunt|Malignant Chain|p1a: Latias
|-damage|p1a: Latias|61/100
|-status|p1a: Latias|tox
|-start|p1a: Latias|confusion|[from] ability: Poison Puppeteer|[of] p2a: Pecharunt
|
|-damage|p1a: Latias|55/100 tox|[from] psn
|upkeep
|turn|32
|
|t:|1769437547
|-activate|p1a: Latias|confusion
|move|p1a: Latias|Calm Mind|p1a: Latias
|-boost|p1a: Latias|spa|1
|-boost|p1a: Latias|spd|1
|move|p2a: Pecharunt|Parting Shot|p1a: Latias
|-unboost|p1a: Latias|atk|1
|-unboost|p1a: Latias|spa|1
|
|t:|1769437549
|switch|p2a: Ting-Lu|Ting-Lu|43/100|[from] Parting Shot
|-ability|p2a: Ting-Lu|Vessel of Ruin
|
|-heal|p2a: Ting-Lu|49/100|[from] item: Leftovers
|-damage|p1a: Latias|43/100 tox|[from] psn
|upkeep
|turn|33
|
|t:|1769437555
|switch|p2a: Alomomola|Alomomola, F|100/100
|-end|p1a: Latias|confusion
|move|p1a: Latias|Draining Kiss|p2a: Alomomola
|-damage|p2a: Alomomola|84/100
|-heal|p1a: Latias|63/100 tox|[from] drain|[of] p2a: Alomomola
|
|-damage|p1a: Latias|45/100 tox|[from] psn
|upkeep
|turn|34
|
|t:|1769437557
|move|p1a: Latias|Calm Mind|p1a: Latias
|-boost|p1a: Latias|spa|1
|-boost|p1a: Latias|spd|1
|move|p2a: Alomomola|Wish|p2a: Alomomola
|
|-damage|p1a: Latias|21/100 tox|[from] psn
|upkeep
|turn|35
|
|t:|1769437561
|move|p1a: Latias|Stored Power|p2a: Alomomola
|-damage|p2a: Alomomola|32/100
|move|p2a: Alomomola|Flip Turn|p1a: Latias
|-resisted|p1a: Latias
|-damage|p1a: Latias|13/100 tox
|
|t:|1769437569
|switch|p2a: Ting-Lu|Ting-Lu|49/100|[from] Flip Turn
|-ability|p2a: Ting-Lu|Vessel of Ruin
|
|-heal|p2a: Ting-Lu|95/100|[from] move: Wish|[wisher] Alomomola
|-heal|p2a: Ting-Lu|100/100|[from] item: Leftovers
|-damage|p1a: Latias|0 fnt|[from] psn
|faint|p1a: Latias
|upkeep
|
|t:|1769437571
|switch|p1a: Cresselia|Cresselia, F|60/100
|-damage|p1a: Cresselia|47/100|[from] Stealth Rock
|turn|36
|
|t:|1769437574
|switch|p2a: Pecharunt|Pecharunt|92/100
|move|p1a: Cresselia|Moonlight|p1a: Cresselia
|-heal|p1a: Cresselia|97/100
|
|-heal|p1a: Cresselia|100/100|[from] item: Leftovers
|upkeep
|turn|37
|
|t:|1769437576
|-terastallize|p1a: Cresselia|Poison
|move|p2a: Pecharunt|Malignant Chain|p1a: Cresselia
|-resisted|p1a: Cresselia
|-damage|p1a: Cresselia|90/100
|move|p1a: Cresselia|Calm Mind|p1a: Cresselia
|-boost|p1a: Cresselia|spa|1
|-boost|p1a: Cresselia|spd|1
|
|-heal|p1a: Cresselia|96/100|[from] item: Leftovers
|upkeep
|turn|38
|
|t:|1769437578
|move|p2a: Pecharunt|Parting Shot|p1a: Cresselia
|-unboost|p1a: Cresselia|atk|1
|-unboost|p1a: Cresselia|spa|1
|
|t:|1769437580
|switch|p2a: Ting-Lu|Ting-Lu|100/100|[from] Parting Shot
|-ability|p2a: Ting-Lu|Vessel of Ruin
|move|p1a: Cresselia|Calm Mind|p1a: Cresselia
|-boost|p1a: Cresselia|spa|1
|-boost|p1a: Cresselia|spd|1
|
|-heal|p1a: Cresselia|100/100|[from] item: Leftovers
|upkeep
|turn|39
|
|t:|1769437582
|move|p1a: Cresselia|Calm Mind|p1a: Cresselia
|-boost|p1a: Cresselia|spa|1
|-boost|p1a: Cresselia|spd|1
|move|p2a: Ting-Lu|Ruination|p1a: Cresselia
|-damage|p1a: Cresselia|50/100
|
|-heal|p1a: Cresselia|57/100|[from] item: Leftovers
|upkeep
|turn|40
|
|t:|1769437590
|switch|p2a: Pecharunt|Pecharunt|92/100
|move|p1a: Cresselia|Calm Mind|p1a: Cresselia
|-boost|p1a: Cresselia|spa|1
|-boost|p1a: Cresselia|spd|1
|
|-heal|p1a: Cresselia|63/100|[from] item: Leftovers
|upkeep
|turn|41
|
|t:|1769437594
|move|p2a: Pecharunt|Parting Shot|p1a: Cresselia
|-unboost|p1a: Cresselia|atk|1
|-unboost|p1a: Cresselia|spa|1
|
|t:|1769437597
|switch|p2a: Ting-Lu|Ting-Lu|100/100|[from] Parting Shot
|-ability|p2a: Ting-Lu|Vessel of Ruin
|move|p1a: Cresselia|Calm Mind|p1a: Cresselia
|-boost|p1a: Cresselia|spa|1
|-boost|p1a: Cresselia|spd|1
|
|-heal|p1a: Cresselia|69/100|[from] item: Leftovers
|upkeep
|turn|42
|
|t:|1769437600
|switch|p2a: Alomomola|Alomomola, F|65/100
|move|p1a: Cresselia|Calm Mind|p1a: Cresselia
|-boost|p1a: Cresselia|spa|1
|-boost|p1a: Cresselia|spd|1
|
|-heal|p1a: Cresselia|75/100|[from] item: Leftovers
|upkeep
|turn|43
|j| uherhgthy
|
|t:|1769437607
|move|p1a: Cresselia|Calm Mind|p1a: Cresselia
|-boost|p1a: Cresselia|spa|1
|-boost|p1a: Cresselia|spd|0
|move|p2a: Alomomola|Flip Turn|p1a: Cresselia
|-damage|p1a: Cresselia|66/100
|
|t:|1769437611
|switch|p2a: Zamazenta|Zamazenta, tera:Fighting|100/100|[from] Flip Turn
|
|-heal|p1a: Cresselia|72/100|[from] item: Leftovers
|upkeep
|turn|44
|
|t:|1769437615
|move|p2a: Zamazenta|Stone Edge|p1a: Cresselia
|-damage|p1a: Cresselia|45/100
|move|p1a: Cresselia|Stored Power|p2a: Zamazenta
|-supereffective|p2a: Zamazenta
|-damage|p2a: Zamazenta|0 fnt
|faint|p2a: Zamazenta
|
|-heal|p1a: Cresselia|51/100|[from] item: Leftovers
|upkeep
|
|t:|1769437620
|switch|p2a: Pecharunt|Pecharunt|92/100
|turn|45
|
|t:|1769437623
|move|p2a: Pecharunt|Hex|p1a: Cresselia
|-damage|p1a: Cresselia|48/100
|move|p1a: Cresselia|Moonlight|p1a: Cresselia
|-heal|p1a: Cresselia|98/100
|
|-heal|p1a: Cresselia|100/100|[from] item: Leftovers
|upkeep
|turn|46
|-message|On the wave now forfeited.
|
|win|Obling
|raw|Obling's rating: 1731 &rarr; <strong>1749</strong><br />(+18 for winning)
|raw|On the wave now's rating: 1696 &rarr; <strong>1678</strong><br />(-18 for losing)
|l|☆On the wave now
|player|p2|
|l|☆Obling
|player|p1|
