|j|☆BIGBODY55
|j|☆we2022
|t:|1769306053
|gametype|singles
|player|p1|BIGBODY55|thorton|1279
|player|p2|we2022|101|1230
|gen|9
|tier|[Gen 9] OU
|rated|
|rule|HP Percentage Mod: HP is shown in percentages
|rule|Endless Battle Clause: Forcing endless battles is banned
|rule|Species Clause: Limit one of each Pokémon
|rule|OHKO Clause: OHKO moves are banned
|rule|Evasion Items Clause: Evasion items are banned
|rule|Evasion Moves Clause: Evasion moves are banned
|rule|Evasion Abilities Clause: Evasion abilities are banned
|rule|Sleep Moves Clause: Sleep-inducing moves are banned
|clearpoke
|poke|p1|Gogoat, F|
|poke|p1|Zarude|
|poke|p1|Rillaboom, M|
|poke|p1|Kingambit, M|
|poke|p1|Hawlucha, F|
|poke|p1|Iron Moth|
|poke|p2|Garganacl, F|
|poke|p2|Dragapult, F|
|poke|p2|Ogerpon-Wellspring, F|
|poke|p2|Moltres|
|poke|p2|Zamazenta-*|
|poke|p2|Iron Treads|
|teampreview
|inactive|Battle timer is ON: inactive players will automatically lose when time's up. (requested by BIGBODY55)
|
|t:|1769306059
|teamsize|p1|6
|teamsize|p2|6
|start
|switch|p1a: Rillaboom|Rillaboom, M|100/100
|switch|p2a: Dragapult|Dragapult, F|100/100
|-fieldstart|move: Grassy Terrain|[from] ability: Grassy Surge|[of] p1a: Rillaboom
|turn|1
|
|t:|1769306065
|move|p2a: Dragapult|Will-O-Wisp|p1a: Rillaboom
|-status|p1a: Rillaboom|brn
|move|p1a: Rillaboom|Knock Off|p2a: Dragapult
|-supereffective|p2a: Dragapult
|-damage|p2a: Dragapult|52/100
|-enditem|p2a: Dragapult|Heavy-Duty Boots|[from] move: Knock Off|[of] p1a: Rillaboom
|
|-heal|p2a: Dragapult|58/100|[from] Grassy Terrain
|-damage|p1a: Rillaboom|94/100 brn|[from] brn
|upkeep
|turn|2
|
|t:|1769306073
|switch|p1a: Kingambit|Kingambit, M, shiny|100/100
|move|p2a: Dragapult|U-turn|p1a: Kingambit
|-damage|p1a: Kingambit|89/100
|
|t:|1769306080
|switch|p2a: Moltres|Moltres|100/100|[from] U-turn
|
|-heal|p1a: Kingambit|95/100|[from] Grassy Terrain
|upkeep
|turn|3
|
|t:|1769306097
|-end|p1a: Kingambit|fallenundefined|[silent]
|switch|p1a: Rillaboom|Rillaboom, M|94/100 brn
|move|p2a: Moltres|Will-O-Wisp|p1a: Rillaboom
|-fail|p1a: Rillaboom|brn
|
|-heal|p1a: Rillaboom|100/100 brn|[from] Grassy Terrain
|-damage|p1a: Rillaboom|94/100 brn|[from] brn
|upkeep
|turn|4
|
|t:|1769306114
|-terastallize|p1a: Rillaboom|Ground
|move|p2a: Moltres|Flamethrower|p1a: Rillaboom
|-damage|p1a: Rillaboom|54/100 brn
|move|p1a: Rillaboom|Knock Off|p2a: Moltres
|-damage|p2a: Moltres|85/100
|-enditem|p2a: Moltres|Heavy-Duty Boots|[from] move: Knock Off|[of] p1a: Rillaboom
|
|-heal|p1a: Rillaboom|60/100 brn|[from] Grassy Terrain
|-damage|p1a: Rillaboom|54/100 brn|[from] brn
|upkeep
|turn|5
|
|t:|1769306125
|move|p2a: Moltres|Flamethrower|p1a: Rillaboom
|-damage|p1a: Rillaboom|11/100 brn
|move|p1a: Rillaboom|Stomping Tantrum|p2a: Moltres
|-immune|p2a: Moltres
|
|-heal|p1a: Rillaboom|17/100 brn|[from] Grassy Terrain
|-damage|p1a: Rillaboom|11/100 brn|[from] brn
|upkeep
|turn|6
|
|t:|1769306133
|switch|p1a: Dorito|Iron Moth, shiny|100/100
|-enditem|p1a: Dorito|Booster Energy
|-activate|p1a: Dorito|ability: Quark Drive|[fromitem]
|-start|p1a: Dorito|quarkdrivespe
|move|p2a: Moltres|Flamethrower|p1a: Dorito
|-resisted|p1a: Dorito
|-damage|p1a: Dorito|83/100
|
|-heal|p1a: Dorito|89/100|[from] Grassy Terrain
|upkeep
|turn|7
|
|t:|1769306147
|switch|p2a: Garganacl|Garganacl, F|100/100
|move|p1a: Dorito|Substitute|p1a: Dorito
|-start|p1a: Dorito|Substitute
|-damage|p1a: Dorito|64/100
|
|-heal|p1a: Dorito|70/100|[from] Grassy Terrain
|upkeep
|turn|8
|
|t:|1769306155
|move|p1a: Dorito|Fiery Dance|p2a: Garganacl
|-resisted|p2a: Garganacl
|-damage|p2a: Garganacl|88/100
|-boost|p1a: Dorito|spa|1
|move|p2a: Garganacl|Salt Cure|p1a: Dorito
|-supereffective|p1a: Dorito
|-end|p1a: Dorito|Substitute
|
|-heal|p1a: Dorito|76/100|[from] Grassy Terrain
|-heal|p2a: Garganacl|94/100|[from] Grassy Terrain
|-heal|p2a: Garganacl|99/100|[from] item: Leftovers
|-fieldend|move: Grassy Terrain
|upkeep
|turn|9
|
|t:|1769306161
|move|p1a: Dorito|Substitute|p1a: Dorito
|-start|p1a: Dorito|Substitute
|-damage|p1a: Dorito|51/100
|move|p2a: Garganacl|Salt Cure|p1a: Dorito
|-supereffective|p1a: Dorito
|-end|p1a: Dorito|Substitute
|
|-heal|p2a: Garganacl|100/100|[from] item: Leftovers
|upkeep
|turn|10
|
|t:|1769306170
|move|p1a: Dorito|Sludge Wave|p2a: Garganacl
|-resisted|p2a: Garganacl
|-damage|p2a: Garganacl|78/100
|move|p2a: Garganacl|Salt Cure|p1a: Dorito
|-supereffective|p1a: Dorito
|-damage|p1a: Dorito|12/100
|-start|p1a: Dorito|Salt Cure
|
|-heal|p2a: Garganacl|84/100|[from] item: Leftovers
|-damage|p1a: Dorito|0 fnt|[from] Salt Cure
|faint|p1a: Dorito
|-end|p1a: Dorito|Quark Drive|[silent]
|upkeep
|
|t:|1769306178
|switch|p1a: Rillaboom|Rillaboom, M, tera:Ground|11/100 brn
|-fieldstart|move: Grassy Terrain|[from] ability: Grassy Surge|[of] p1a: Rillaboom
|turn|11
|
|t:|1769306188
|switch|p1a: Hawlucha|Hawlucha, F|100/100
|-enditem|p1a: Hawlucha|Grassy Seed
|-boost|p1a: Hawlucha|def|1|[from] item: Grassy Seed
|switch|p2a: Moltres|Moltres|85/100
|
|upkeep
|turn|12
|
|t:|1769306198
|move|p1a: Hawlucha|Swords Dance|p1a: Hawlucha
|-boost|p1a: Hawlucha|atk|2
|move|p2a: Moltres|Will-O-Wisp|p1a: Hawlucha
|-status|p1a: Hawlucha|brn
|
|-damage|p1a: Hawlucha|94/100 brn|[from] brn
|upkeep
|turn|13
|
|t:|1769306203
|move|p1a: Hawlucha|Swords Dance|p1a: Hawlucha
|-boost|p1a: Hawlucha|atk|2
|move|p2a: Moltres|Roar|p1a: Hawlucha
|drag|p1a: Rillaboom|Rillaboom, M, tera:Ground|11/100 brn
|
|-heal|p1a: Rillaboom|17/100 brn|[from] Grassy Terrain
|-damage|p1a: Rillaboom|11/100 brn|[from] brn
|upkeep
|turn|14
|
|t:|1769306210
|switch|p1a: Gogoat|Gogoat, F|100/100
|move|p2a: Moltres|Flamethrower|p1a: Gogoat
|-supereffective|p1a: Gogoat
|-damage|p1a: Gogoat|59/100
|
|-heal|p1a: Gogoat|65/100|[from] Grassy Terrain
|upkeep
|turn|15
|
|t:|1769306216
|move|p2a: Moltres|Flamethrower|p1a: Gogoat
|-supereffective|p1a: Gogoat
|-damage|p1a: Gogoat|20/100
|move|p1a: Gogoat|Wild Charge|p2a: Moltres
|-supereffective|p2a: Moltres
|-damage|p2a: Moltres|36/100
|-damage|p1a: Gogoat|10/100|[from] Recoil
|
|-heal|p1a: Gogoat|16/100|[from] Grassy Terrain
|upkeep
|turn|16
|
|t:|1769306226
|move|p2a: Moltres|Flamethrower|p1a: Gogoat
|-supereffective|p1a: Gogoat
|-damage|p1a: Gogoat|0 fnt
|faint|p1a: Gogoat
|
|upkeep
|
|t:|1769306231
|switch|p1a: Zarude|Zarude|100/100
|turn|17
|
|t:|1769306234
|move|p1a: Zarude|Knock Off|p2a: Moltres
|-damage|p2a: Moltres|11/100
|move|p2a: Moltres|Will-O-Wisp|p1a: Zarude|[miss]
|-miss|p2a: Moltres|p1a: Zarude
|
|upkeep
|turn|18
|
|t:|1769306237
|move|p1a: Zarude|Knock Off|p2a: Moltres
|-damage|p2a: Moltres|0 fnt
|faint|p2a: Moltres
|
|-fieldend|move: Grassy Terrain
|upkeep
|
|t:|1769306239
|switch|p2a: Zamazenta|Zamazenta|100/100
|-ability|p2a: Zamazenta|Dauntless Shield|boost
|-boost|p2a: Zamazenta|def|1
|turn|19
|
|t:|1769306247
|move|p2a: Zamazenta|Close Combat|p1a: Zarude
|-supereffective|p1a: Zarude
|-damage|p1a: Zarude|0 fnt
|-unboost|p2a: Zamazenta|def|1
|-unboost|p2a: Zamazenta|spd|1
|faint|p1a: Zarude
|
|upkeep
|
|t:|1769306254
|switch|p1a: Hawlucha|Hawlucha, F|94/100 brn
|turn|20
|
|t:|1769306257
|move|p2a: Zamazenta|Ice Fang|p1a: Hawlucha
|-supereffective|p1a: Hawlucha
|-damage|p1a: Hawlucha|27/100 brn
|cant|p1a: Hawlucha|flinch
|
|-damage|p1a: Hawlucha|21/100 brn|[from] brn
|upkeep
|turn|21
|
|t:|1769306280
|switch|p1a: Rillaboom|Rillaboom, M, tera:Ground|11/100 brn
|-fieldstart|move: Grassy Terrain|[from] ability: Grassy Surge|[of] p1a: Rillaboom
|move|p2a: Zamazenta|Ice Fang|p1a: Rillaboom
|-supereffective|p1a: Rillaboom
|-damage|p1a: Rillaboom|0 fnt
|faint|p1a: Rillaboom
|
|upkeep
|
|t:|1769306282
|switch|p1a: Kingambit|Kingambit, M, shiny|95/100
|-activate|p1a: Kingambit|ability: Supreme Overlord
|-start|p1a: Kingambit|fallen4|[silent]
|turn|22
|
|t:|1769306287
|move|p1a: Kingambit|Sucker Punch|p2a: Zamazenta
|-resisted|p2a: Zamazenta
|-damage|p2a: Zamazenta|66/100
|move|p2a: Zamazenta|Close Combat|p1a: Kingambit
|-supereffective|p1a: Kingambit
|-damage|p1a: Kingambit|0 fnt
|-unboost|p2a: Zamazenta|def|1
|-unboost|p2a: Zamazenta|spd|1
|faint|p1a: Kingambit
|-end|p1a: Kingambit|fallen4|[silent]
|
|-heal|p2a: Zamazenta|72/100|[from] Grassy Terrain
|upkeep
|
|t:|1769306289
|switch|p1a: Hawlucha|Hawlucha, F|21/100 brn
|turn|23
|-message|BIGBODY55 forfeited.
|
|win|we2022
|raw|BIGBODY55's rating: 1279 &rarr; <strong>1250</strong><br />(-29 for losing)
|raw|we2022's rating: 1230 &rarr; <strong>1259</strong><br />(+29 for winning)
|l|☆BIGBODY55
|player|p1|
|l|☆we2022
|player|p2|
