|j|☆pipipipichu
|j|☆Uncomps
|t:|1769331915
|gametype|singles
|player|p1|pipipipichu|red|1420
|player|p2|Uncomps|gambler|1484
|gen|9
|tier|[Gen 9] OU
|rated|
|rule|HP Percentage Mod: HP is shown in percentages
|rule|Endless Battle Clause: Forcing endless battles is banned
|rule|Species Clause: Limit one of each Pokémon
|rule|OHKO Clause: OHKO moves are banned
|rule|Evasion Items Clause: Evasion items are banned
|rule|Evasion Moves Clause: Evasion moves are banned
|rule|Evasion Abilities Clause: Evasion abilities are banned
|rule|Sleep Moves Clause: Sleep-inducing moves are banned
|clearpoke
|poke|p1|Dragonite, M|
|poke|p1|Samurott-Hisui, F|
|poke|p1|Clefable, F|
|poke|p1|Gliscor, M|
|poke|p1|Gholdengo|
|poke|p1|Zamazenta-*|
|poke|p2|Landorus-Therian, M|
|poke|p2|Iron Boulder|
|poke|p2|Gholdengo|
|poke|p2|Great Tusk|
|poke|p2|Raging Bolt|
|poke|p2|Araquanid, M|
|teampreview
|
|t:|1769331955
|teamsize|p1|6
|teamsize|p2|6
|start
|switch|p1a: Dragonite|Dragonite, M|100/100
|switch|p2a: Araquanid|Araquanid, M|100/100
|turn|1
|
|t:|1769331959
|move|p1a: Dragonite|Dragon Dance|p1a: Dragonite
|-boost|p1a: Dragonite|atk|1
|-boost|p1a: Dragonite|spe|1
|move|p2a: Araquanid|Lunge|p1a: Dragonite
|-resisted|p1a: Dragonite
|-damage|p1a: Dragonite|94/100
|-unboost|p1a: Dragonite|atk|1
|
|upkeep
|turn|2
|
|t:|1769331970
|switch|p1a: Clefable|Clefable, F|100/100
|move|p2a: Araquanid|Lunge|p1a: Clefable
|-resisted|p1a: Clefable
|-damage|p1a: Clefable|91/100
|-unboost|p1a: Clefable|atk|1
|-damage|p2a: Araquanid|84/100|[from] item: Rocky Helmet|[of] p1a: Clefable
|
|upkeep
|turn|3
|
|t:|1769331983
|move|p1a: Clefable|Stealth Rock|p2a: Araquanid
|-sidestart|p2: Uncomps|move: Stealth Rock
|move|p2a: Araquanid|Sticky Web|p1a: Clefable
|-sidestart|p1: pipipipichu|move: Sticky Web
|
|upkeep
|turn|4
|
|t:|1769331991
|move|p1a: Clefable|Moonblast|p2a: Araquanid
|-damage|p2a: Araquanid|61/100
|move|p2a: Araquanid|Hydro Pump|p1a: Clefable
|-damage|p1a: Clefable|41/100
|
|upkeep
|turn|5
|
|t:|1769331997
|move|p1a: Clefable|Moonlight|p1a: Clefable
|-heal|p1a: Clefable|91/100
|move|p2a: Araquanid|Hydro Pump|p1a: Clefable
|-damage|p1a: Clefable|47/100
|
|upkeep
|turn|6
|
|t:|1769332008
|switch|p2a: Gholdengo|Gholdengo|100/100
|-damage|p2a: Gholdengo|94/100|[from] Stealth Rock
|-item|p2a: Gholdengo|Air Balloon
|move|p1a: Clefable|Moonlight|p1a: Clefable
|-heal|p1a: Clefable|97/100
|
|upkeep
|turn|7
|
|t:|1769332020
|switch|p1a: Samurott|Samurott-Hisui, F|100/100
|-activate|p1a: Samurott|move: Sticky Web
|-unboost|p1a: Samurott|spe|1
|move|p2a: Gholdengo|Nasty Plot|p2a: Gholdengo
|-boost|p2a: Gholdengo|spa|2
|
|upkeep
|turn|8
|
|t:|1769332026
|move|p1a: Samurott|Sucker Punch|p2a: Gholdengo
|-supereffective|p2a: Gholdengo
|-damage|p2a: Gholdengo|20/100
|-enditem|p2a: Gholdengo|Air Balloon
|move|p2a: Gholdengo|Dazzling Gleam|p1a: Samurott
|-supereffective|p1a: Samurott
|-damage|p1a: Samurott|14/100
|
|upkeep
|turn|9
|
|t:|1769332034
|move|p1a: Samurott|Sucker Punch|p2a: Gholdengo
|-supereffective|p2a: Gholdengo
|-damage|p2a: Gholdengo|0 fnt
|faint|p2a: Gholdengo
|
|upkeep
|
|t:|1769332036
|switch|p2a: Great Tusk|Great Tusk|100/100
|-damage|p2a: Great Tusk|98/100|[from] Stealth Rock
|turn|10
|
|t:|1769332045
|move|p2a: Great Tusk|Rapid Spin|p1a: Samurott
|-damage|p1a: Samurott|0 fnt
|-boost|p2a: Great Tusk|spe|1
|-sideend|p2: Uncomps|Stealth Rock|[from] move: Rapid Spin|[of] p2a: Great Tusk
|faint|p1a: Samurott
|
|-heal|p2a: Great Tusk|100/100|[from] item: Leftovers
|upkeep
|
|t:|1769332050
|switch|p1a: Zamazenta|Zamazenta|100/100
|-activate|p1a: Zamazenta|move: Sticky Web
|-unboost|p1a: Zamazenta|spe|1
|-ability|p1a: Zamazenta|Dauntless Shield|boost
|-boost|p1a: Zamazenta|def|1
|turn|11
|
|t:|1769332061
|move|p2a: Great Tusk|Bulk Up|p2a: Great Tusk
|-boost|p2a: Great Tusk|atk|1
|-boost|p2a: Great Tusk|def|1
|move|p1a: Zamazenta|Iron Defense|p1a: Zamazenta
|-boost|p1a: Zamazenta|def|2
|
|upkeep
|turn|12
|
|t:|1769332066
|move|p2a: Great Tusk|Bulk Up|p2a: Great Tusk
|-boost|p2a: Great Tusk|atk|1
|-boost|p2a: Great Tusk|def|1
|move|p1a: Zamazenta|Roar|p2a: Great Tusk
|-end|p2a: Great Tusk|Protosynthesis|[silent]
|drag|p2a: metal rock|Iron Boulder|100/100
|-enditem|p2a: metal rock|Booster Energy
|-activate|p2a: metal rock|ability: Quark Drive|[fromitem]
|-start|p2a: metal rock|quarkdriveatk
|
|upkeep
|turn|13
|
|t:|1769332104
|move|p2a: metal rock|Psycho Cut|p1a: Zamazenta
|-supereffective|p1a: Zamazenta
|-damage|p1a: Zamazenta|67/100
|move|p1a: Zamazenta|Body Press|p2a: metal rock
|-damage|p2a: metal rock|0 fnt
|faint|p2a: metal rock
|-end|p2a: metal rock|Quark Drive|[silent]
|
|-heal|p1a: Zamazenta|73/100|[from] item: Leftovers
|upkeep
|
|t:|1769332120
|switch|p2a: Araquanid|Araquanid, M|61/100
|turn|14
|
|t:|1769332161
|move|p1a: Zamazenta|Body Press|p2a: Araquanid
|-resisted|p2a: Araquanid
|-damage|p2a: Araquanid|18/100
|move|p2a: Araquanid|Hydro Pump|p1a: Zamazenta
|-damage|p1a: Zamazenta|26/100
|
|-heal|p1a: Zamazenta|32/100|[from] item: Leftovers
|upkeep
|turn|15
|-enditem|p2a: Araquanid|Custap Berry|[eat]
|-activate|p2a: Araquanid|item: Custap Berry|[consumed]
|
|t:|1769332166
|move|p2a: Araquanid|Endeavor|p1a: Zamazenta
|-damage|p1a: Zamazenta|19/100
|move|p1a: Zamazenta|Body Press|p2a: Araquanid
|-resisted|p2a: Araquanid
|-damage|p2a: Araquanid|0 fnt
|faint|p2a: Araquanid
|
|-heal|p1a: Zamazenta|25/100|[from] item: Leftovers
|upkeep
|
|t:|1769332175
|switch|p2a: Landorus|Landorus-Therian, M|100/100
|-ability|p2a: Landorus|Intimidate|boost
|-unboost|p1a: Zamazenta|atk|1
|turn|16
|
|t:|1769332189
|move|p2a: Landorus|Earth Power|p1a: Zamazenta
|-damage|p1a: Zamazenta|0 fnt
|faint|p1a: Zamazenta
|
|upkeep
|
|t:|1769332209
|switch|p1a: Gliscor|Gliscor, M|100/100
|turn|17
|
|t:|1769332219
|switch|p2a: Great Tusk|Great Tusk|100/100
|move|p1a: Gliscor|Swords Dance|p1a: Gliscor
|-boost|p1a: Gliscor|atk|2
|
|-status|p1a: Gliscor|tox|[from] item: Toxic Orb
|upkeep
|turn|18
|
|t:|1769332224
|move|p1a: Gliscor|Facade|p2a: Great Tusk
|-damage|p2a: Great Tusk|62/100
|move|p2a: Great Tusk|Bulk Up|p2a: Great Tusk
|-boost|p2a: Great Tusk|atk|1
|-boost|p2a: Great Tusk|def|1
|
|-heal|p2a: Great Tusk|69/100|[from] item: Leftovers
|upkeep
|turn|19
|
|t:|1769332229
|switch|p1a: Gholdengo|Gholdengo|100/100
|-activate|p1a: Gholdengo|move: Sticky Web
|-unboost|p1a: Gholdengo|spe|1
|move|p2a: Great Tusk|Rapid Spin|p1a: Gholdengo
|-immune|p1a: Gholdengo
|
|-heal|p2a: Great Tusk|75/100|[from] item: Leftovers
|upkeep
|turn|20
|
|t:|1769332239
|move|p1a: Gholdengo|Trick|p2a: Great Tusk
|-activate|p1a: Gholdengo|move: Trick|[of] p2a: Great Tusk
|-item|p2a: Great Tusk|Choice Scarf|[from] move: Trick
|-item|p1a: Gholdengo|Leftovers|[from] move: Trick
|move|p2a: Great Tusk|Earthquake|p1a: Gholdengo
|-supereffective|p1a: Gholdengo
|-damage|p1a: Gholdengo|0 fnt
|faint|p1a: Gholdengo
|
|upkeep
|
|t:|1769332248
|switch|p1a: Dragonite|Dragonite, M|94/100
|turn|21
|
|t:|1769332257
|-end|p2a: Great Tusk|Protosynthesis|[silent]
|switch|p2a: Landorus|Landorus-Therian, M|100/100
|-ability|p2a: Landorus|Intimidate|boost
|-unboost|p1a: Dragonite|atk|1
|move|p1a: Dragonite|Dragon Dance|p1a: Dragonite
|-boost|p1a: Dragonite|atk|1
|-boost|p1a: Dragonite|spe|1
|
|upkeep
|turn|22
|
|t:|1769332267
|move|p1a: Dragonite|Roost|p1a: Dragonite
|-heal|p1a: Dragonite|100/100
|-singleturn|p1a: Dragonite|move: Roost
|move|p2a: Landorus|U-turn|p1a: Dragonite
|-damage|p1a: Dragonite|90/100
|
|t:|1769332270
|switch|p2a: angry neck|Raging Bolt|100/100|[from] U-turn
|-enditem|p2a: angry neck|Booster Energy
|-activate|p2a: angry neck|ability: Protosynthesis|[fromitem]
|-start|p2a: angry neck|protosynthesisspa
|
|upkeep
|turn|23
|
|t:|1769332275
|move|p1a: Dragonite|Earthquake|p2a: angry neck
|-supereffective|p2a: angry neck
|-damage|p2a: angry neck|26/100
|move|p2a: angry neck|Dragon Pulse|p1a: Dragonite
|-supereffective|p1a: Dragonite
|-damage|p1a: Dragonite|0 fnt
|faint|p1a: Dragonite
|
|upkeep
|
|t:|1769332281
|switch|p1a: Gliscor|Gliscor, M|100/100 tox
|turn|24
|
|t:|1769332291
|-end|p2a: angry neck|Protosynthesis|[silent]
|switch|p2a: Landorus|Landorus-Therian, M|100/100
|-ability|p2a: Landorus|Intimidate|boost
|-unboost|p1a: Gliscor|atk|1
|move|p1a: Gliscor|Facade|p2a: Landorus
|-damage|p2a: Landorus|78/100
|
|upkeep
|turn|25
|-message|Uncomps forfeited.
|
|win|pipipipichu
|raw|pipipipichu's rating: 1420 &rarr; <strong>1444</strong><br />(+24 for winning)
|raw|Uncomps's rating: 1484 &rarr; <strong>1460</strong><br />(-24 for losing)
|l|☆Uncomps
|player|p2|
