|j|☆ikun ngm
|j|☆i hate gen 4
|t:|1769441192
|gametype|singles
|player|p1|ikun ngm|swimmer-gen4|1320
|player|p2|i hate gen 4|ethan|1297
|gen|9
|tier|[Gen 9] OU
|rated|
|rule|HP Percentage Mod: HP is shown in percentages
|rule|Endless Battle Clause: Forcing endless battles is banned
|rule|Species Clause: Limit one of each Pokémon
|rule|OHKO Clause: OHKO moves are banned
|rule|Evasion Items Clause: Evasion items are banned
|rule|Evasion Moves Clause: Evasion moves are banned
|rule|Evasion Abilities Clause: Evasion abilities are banned
|rule|Sleep Moves Clause: Sleep-inducing moves are banned
|clearpoke
|poke|p1|Alomomola, F|
|poke|p1|Thundurus-Therian, M|
|poke|p1|Blaziken, F|
|poke|p1|Slowking-Galar, F|
|poke|p1|Dragonite, M|
|poke|p1|Delibird, M|
|poke|p2|Ogerpon-Wellspring, F|
|poke|p2|Kingambit, M|
|poke|p2|Great Tusk|
|poke|p2|Blaziken, M|
|poke|p2|Dragapult, F|
|poke|p2|Iron Valiant|
|teampreview
|inactive|Battle timer is ON: inactive players will automatically lose when time's up. (requested by i hate gen 4)
|
|t:|1769441208
|teamsize|p1|6
|teamsize|p2|6
|start
|switch|p1a: 只因！|Delibird, M|100/100
|switch|p2a: Dragapult|Dragapult, F|100/100
|turn|1
|
|t:|1769441216
|switch|p1a: 胖宝宝！|Slowking-Galar, F|100/100
|move|p2a: Dragapult|Flamethrower|p1a: 胖宝宝！
|-damage|p1a: 胖宝宝！|77/100
|
|upkeep
|turn|2
|
|t:|1769441221
|switch|p2a: Great Tusk|Great Tusk|100/100
|move|p1a: 胖宝宝！|Future Sight|p2a: Great Tusk
|-start|p1a: 胖宝宝！|move: Future Sight
|
|upkeep
|turn|3
|
|t:|1769441228
|-end|p2a: Great Tusk|Protosynthesis|[silent]
|switch|p2a: Kingambit|Kingambit, M|100/100
|switch|p1a: 曼波！|Alomomola, F|100/100
|
|upkeep
|turn|4
|
|t:|1769441233
|move|p2a: Kingambit|Swords Dance|p2a: Kingambit
|-boost|p2a: Kingambit|atk|2
|move|p1a: 曼波！|Flip Turn|p2a: Kingambit
|-damage|p2a: Kingambit|89/100
|
|t:|1769441235
|switch|p1a: 奶龙！|Dragonite, M|100/100|[from] Flip Turn
|
|-end|p2a: Kingambit|move: Future Sight
|-immune|p2a: Kingambit
|-heal|p2a: Kingambit|96/100|[from] item: Leftovers
|upkeep
|turn|5
|
|t:|1769441239
|move|p1a: 奶龙！|Encore|p2a: Kingambit
|-start|p2a: Kingambit|Encore
|move|p2a: Kingambit|Swords Dance|p2a: Kingambit
|-boost|p2a: Kingambit|atk|2
|
|-heal|p2a: Kingambit|100/100|[from] item: Leftovers
|upkeep
|turn|6
|
|t:|1769441245
|-end|p2a: Kingambit|fallenundefined|[silent]
|switch|p2a: Great Tusk|Great Tusk|100/100
|move|p1a: 奶龙！|Dragon Dance|p1a: 奶龙！
|-boost|p1a: 奶龙！|atk|1
|-boost|p1a: 奶龙！|spe|1
|
|upkeep
|turn|7
|
|t:|1769441249
|-terastallize|p1a: 奶龙！|Flying
|move|p1a: 奶龙！|Tera Blast|p2a: Great Tusk|[anim] Tera Blast Flying
|-supereffective|p2a: Great Tusk
|-damage|p2a: Great Tusk|0 fnt
|faint|p2a: Great Tusk
|-end|p2a: Great Tusk|Protosynthesis|[silent]
|
|upkeep
|
|t:|1769441255
|switch|p2a: Dragapult|Dragapult, F|100/100
|turn|8
|
|t:|1769441257
|move|p1a: 奶龙！|Tera Blast|p2a: Dragapult|[anim] Tera Blast Flying
|-damage|p2a: Dragapult|0 fnt
|faint|p2a: Dragapult
|
|upkeep
|-message|i hate gen 4 forfeited.
|
|win|ikun ngm
|raw|ikun ngm's rating: 1320 &rarr; <strong>1339</strong><br />(+19 for winning)
|raw|i hate gen 4's rating: 1297 &rarr; <strong>1274</strong><br />(-23 for losing)
|l|☆i hate gen 4
|player|p2|
|l|☆ikun ngm
|player|p1|
