|j|☆Samglizzyslapper
|j|☆PETITNAIN
|t:|1769444650
|gametype|singles
|player|p1|Samglizzyslapper|102|1257
|player|p2|PETITNAIN|dawn|1305
|gen|9
|tier|[Gen 9] OU
|rated|
|rule|HP Percentage Mod: HP is shown in percentages
|rule|Endless Battle Clause: Forcing endless battles is banned
|rule|Species Clause: Limit one of each Pokémon
|rule|OHKO Clause: OHKO moves are banned
|rule|Evasion Items Clause: Evasion items are banned
|rule|Evasion Moves Clause: Evasion moves are banned
|rule|Evasion Abilities Clause: Evasion abilities are banned
|rule|Sleep Moves Clause: Sleep-inducing moves are banned
|clearpoke
|poke|p1|Ampharos, F|
|poke|p1|Great Tusk|
|poke|p1|Incineroar, F|
|poke|p1|Gyarados, M|
|poke|p1|Weezing-Galar, M|
|poke|p1|Magcargo, F|
|poke|p2|Dragapult, F|
|poke|p2|Great Tusk|
|poke|p2|Kingambit, F|
|poke|p2|Heatran, F|
|poke|p2|Zapdos|
|poke|p2|Kyurem|
|teampreview
|inactive|Battle timer is ON: inactive players will automatically lose when time's up. (requested by PETITNAIN)
|
|t:|1769444669
|teamsize|p1|6
|teamsize|p2|6
|start
|switch|p1a: Magcargo|Magcargo, F|100/100
|switch|p2a: Dragapult|Dragapult, F|100/100
|-item|p1a: Magcargo|Air Balloon
|turn|1
|
|t:|1769444680
|switch|p1a: Weezing|Weezing-Galar, M|100/100
|-ability|p1a: Weezing|Neutralizing Gas
|move|p2a: Dragapult|U-turn|p1a: Weezing
|-resisted|p1a: Weezing
|-damage|p1a: Weezing|97/100
|
|t:|1769444698
|switch|p2a: Heatran|Heatran, F|100/100|[from] U-turn
|
|-heal|p1a: Weezing|100/100|[from] item: Leftovers
|upkeep
|turn|2
|
|t:|1769444714
|-end|p1a: Weezing|ability: Neutralizing Gas
|switch|p1a: Gyarados|Gyarados, M|100/100
|move|p2a: Heatran|Magma Storm|p1a: Gyarados
|-resisted|p1a: Gyarados
|-damage|p1a: Gyarados|78/100
|-activate|p1a: Gyarados|move: Magma Storm|[of] p2a: Heatran
|
|-damage|p1a: Gyarados|66/100|[from] move: Magma Storm|[partiallytrapped]
|upkeep
|turn|3
|
|t:|1769444728
|move|p2a: Heatran|Protect|p2a: Heatran
|-singleturn|p2a: Heatran|Protect
|move|p1a: Gyarados|Waterfall|p2a: Heatran
|-activate|p2a: Heatran|move: Protect
|
|-damage|p1a: Gyarados|54/100|[from] move: Magma Storm|[partiallytrapped]
|upkeep
|turn|4
|
|t:|1769444738
|switch|p2a: Dragapult|Dragapult, F|100/100
|move|p1a: Gyarados|Waterfall|p2a: Dragapult
|-resisted|p2a: Dragapult
|-damage|p2a: Dragapult|70/100
|
|-end|p1a: Gyarados|Magma Storm|[partiallytrapped]|[silent]
|upkeep
|turn|5
|
|t:|1769444754
|switch|p1a: Great Tusk|Great Tusk|100/100
|move|p2a: Dragapult|Will-O-Wisp|p1a: Great Tusk
|-status|p1a: Great Tusk|brn
|
|-damage|p1a: Great Tusk|94/100 brn|[from] brn
|upkeep
|turn|6
|
|t:|1769444763
|move|p2a: Dragapult|U-turn|p1a: Great Tusk
|-resisted|p1a: Great Tusk
|-damage|p1a: Great Tusk|87/100 brn
|-damage|p2a: Dragapult|54/100|[from] item: Rocky Helmet|[of] p1a: Great Tusk
|
|t:|1769444777
|switch|p2a: Great Tusk|Great Tusk|100/100|[from] U-turn
|move|p1a: Great Tusk|Stealth Rock|p2a: Great Tusk
|-sidestart|p2: PETITNAIN|move: Stealth Rock
|
|-damage|p1a: Great Tusk|81/100 brn|[from] brn
|upkeep
|turn|7
|
|t:|1769444787
|-end|p1a: Great Tusk|Protosynthesis|[silent]
|switch|p1a: Weezing|Weezing-Galar, M|100/100
|-ability|p1a: Weezing|Neutralizing Gas
|move|p2a: Great Tusk|Rapid Spin|p1a: Weezing
|-damage|p1a: Weezing|90/100
|-boost|p2a: Great Tusk|spe|1
|-sideend|p2: PETITNAIN|Stealth Rock|[from] move: Rapid Spin|[of] p2a: Great Tusk
|
|-heal|p1a: Weezing|96/100|[from] item: Leftovers
|upkeep
|turn|8
|
|t:|1769444807
|move|p2a: Great Tusk|Headlong Rush|p1a: Weezing
|-supereffective|p1a: Weezing
|-damage|p1a: Weezing|22/100
|-unboost|p2a: Great Tusk|def|1
|-unboost|p2a: Great Tusk|spd|1
|move|p1a: Weezing|Toxic Spikes|p2a: Great Tusk
|-sidestart|p2: PETITNAIN|move: Toxic Spikes
|
|-heal|p1a: Weezing|28/100|[from] item: Leftovers
|upkeep
|turn|9
|
|t:|1769444826
|-end|p1a: Weezing|ability: Neutralizing Gas
|switch|p1a: Gyarados|Gyarados, M|54/100
|move|p2a: Great Tusk|Stealth Rock|p1a: Gyarados
|-sidestart|p1: Samglizzyslapper|move: Stealth Rock
|
|upkeep
|turn|10
|inactive|PETITNAIN has 120 seconds left.
|
|t:|1769444864
|move|p2a: Great Tusk|Body Press|p1a: Gyarados
|-resisted|p1a: Gyarados
|-damage|p1a: Gyarados|36/100
|move|p1a: Gyarados|Dragon Dance|p1a: Gyarados
|-boost|p1a: Gyarados|atk|1
|-boost|p1a: Gyarados|spe|1
|
|upkeep
|turn|11
|
|t:|1769444870
|move|p1a: Gyarados|Waterfall|p2a: Great Tusk
|-supereffective|p2a: Great Tusk
|-damage|p2a: Great Tusk|0 fnt
|-damage|p1a: Gyarados|19/100|[from] item: Rocky Helmet|[of] p2a: Great Tusk
|faint|p2a: Great Tusk
|-end|p2a: Great Tusk|Protosynthesis|[silent]
|-ability|p1a: Gyarados|Moxie|boost
|-boost|p1a: Gyarados|atk|1
|
|upkeep
|inactive|PETITNAIN has 90 seconds left.
|
|t:|1769444899
|switch|p2a: Kingambit|Kingambit, F|100/100
|-activate|p2a: Kingambit|ability: Supreme Overlord
|-start|p2a: Kingambit|fallen1|[silent]
|turn|12
|inactive|PETITNAIN has 90 seconds left.
|
|t:|1769444906
|move|p2a: Kingambit|Sucker Punch||[still]
|-fail|p2a: Kingambit
|move|p1a: Gyarados|Taunt|p2a: Kingambit
|-start|p2a: Kingambit|move: Taunt
|
|upkeep
|turn|13
|
|t:|1769444914
|move|p1a: Gyarados|Dragon Dance|p1a: Gyarados
|-boost|p1a: Gyarados|atk|1
|-boost|p1a: Gyarados|spe|1
|move|p2a: Kingambit|Kowtow Cleave|p1a: Gyarados
|-damage|p1a: Gyarados|0 fnt
|faint|p1a: Gyarados
|
|upkeep
|
|t:|1769444925
|switch|p1a: Incineroar|Incineroar, F|100/100
|-damage|p1a: Incineroar|76/100|[from] Stealth Rock
|-ability|p1a: Incineroar|Intimidate|boost
|-unboost|p2a: Kingambit|atk|1
|turn|14
|
|t:|1769444939
|-end|p2a: Kingambit|fallen1|[silent]
|switch|p2a: Zapdos|Zapdos|100/100
|move|p1a: Incineroar|Knock Off|p2a: Zapdos
|-damage|p2a: Zapdos|52/100
|-enditem|p2a: Zapdos|Heavy-Duty Boots|[from] move: Knock Off|[of] p1a: Incineroar
|
|upkeep
|turn|15
|
|t:|1769444950
|switch|p1a: Ampharos|Ampharos, F|100/100
|-damage|p1a: Ampharos|88/100|[from] Stealth Rock
|move|p2a: Zapdos|Roost|p2a: Zapdos
|-heal|p2a: Zapdos|100/100
|-singleturn|p2a: Zapdos|move: Roost
|
|-heal|p1a: Ampharos|94/100|[from] item: Leftovers
|upkeep
|turn|16
|
|t:|1769444961
|move|p2a: Zapdos|Volt Switch|p1a: Ampharos
|-resisted|p1a: Ampharos
|-damage|p1a: Ampharos|75/100
|
|t:|1769444968
|switch|p2a: Dragapult|Dragapult, F|54/100|[from] Volt Switch
|move|p1a: Ampharos|Volt Switch|p2a: Dragapult
|-resisted|p2a: Dragapult
|-damage|p2a: Dragapult|30/100
|
|t:|1769444978
|switch|p1a: Great Tusk|Great Tusk|81/100 brn|[from] Volt Switch
|-damage|p1a: Great Tusk|78/100 brn|[from] Stealth Rock
|
|-damage|p1a: Great Tusk|71/100 brn|[from] brn
|upkeep
|turn|17
|
|t:|1769444997
|move|p2a: Dragapult|Dragon Darts|p1a: Great Tusk
|-damage|p1a: Great Tusk|57/100 brn
|-anim|p2a: Dragapult|Dragon Darts|p1a: Great Tusk
|-damage|p1a: Great Tusk|41/100 brn
|move|p1a: Great Tusk|Rapid Spin|p2a: Dragapult
|-immune|p2a: Dragapult
|
|-damage|p1a: Great Tusk|35/100 brn|[from] brn
|upkeep
|turn|18
|
|t:|1769445004
|move|p2a: Dragapult|Dragon Darts|p1a: Great Tusk
|-damage|p1a: Great Tusk|20/100 brn
|-anim|p2a: Dragapult|Dragon Darts|p1a: Great Tusk
|-damage|p1a: Great Tusk|4/100 brn
|move|p1a: Great Tusk|Ice Spinner|p2a: Dragapult
|-supereffective|p2a: Dragapult
|-damage|p2a: Dragapult|0 fnt
|faint|p2a: Dragapult
|
|-damage|p1a: Great Tusk|0 fnt|[from] brn
|faint|p1a: Great Tusk
|-end|p1a: Great Tusk|Protosynthesis|[silent]
|upkeep
|inactive|PETITNAIN has 90 seconds left.
|
|t:|1769445032
|switch|p2a: Zapdos|Zapdos|100/100
|switch|p1a: Weezing|Weezing-Galar, M|28/100
|-ability|p1a: Weezing|Neutralizing Gas
|-damage|p1a: Weezing|16/100|[from] Stealth Rock
|turn|19
|inactive|PETITNAIN has 90 seconds left.
|
|t:|1769445045
|move|p2a: Zapdos|Heat Wave|p1a: Weezing
|-damage|p1a: Weezing|0 fnt
|faint|p1a: Weezing
|-end|p1a: Weezing|ability: Neutralizing Gas
|
|upkeep
|
|t:|1769445048
|switch|p1a: Ampharos|Ampharos, F|75/100
|-damage|p1a: Ampharos|63/100|[from] Stealth Rock
|turn|20
|
|t:|1769445058
|move|p2a: Zapdos|Heat Wave|p1a: Ampharos
|-damage|p1a: Ampharos|24/100
|move|p1a: Ampharos|Thunderbolt|p2a: Zapdos
|-damage|p2a: Zapdos|49/100
|
|-heal|p1a: Ampharos|30/100|[from] item: Leftovers
|upkeep
|turn|21
|
|t:|1769445068
|move|p2a: Zapdos|Heat Wave|p1a: Ampharos
|-damage|p1a: Ampharos|0 fnt
|faint|p1a: Ampharos
|
|upkeep
|
|t:|1769445073
|switch|p1a: Magcargo|Magcargo, F|100/100
|-damage|p1a: Magcargo|76/100|[from] Stealth Rock
|-item|p1a: Magcargo|Air Balloon
|turn|22
|
|t:|1769445082
|move|p2a: Zapdos|Volt Switch|p1a: Magcargo
|-damage|p1a: Magcargo|14/100
|-enditem|p1a: Magcargo|Air Balloon
|
|t:|1769445087
|switch|p2a: Heatran|Heatran, F|100/100|[from] Volt Switch
|move|p1a: Magcargo|Shell Smash|p1a: Magcargo
|-unboost|p1a: Magcargo|def|1
|-unboost|p1a: Magcargo|spd|1
|-boost|p1a: Magcargo|atk|2
|-boost|p1a: Magcargo|spa|2
|-boost|p1a: Magcargo|spe|2
|
|upkeep
|turn|23
|
|t:|1769445110
|move|p2a: Heatran|Protect|p2a: Heatran
|-singleturn|p2a: Heatran|Protect
|move|p1a: Magcargo|Earth Power|p2a: Heatran
|-activate|p2a: Heatran|move: Protect
|
|upkeep
|turn|24
|
|t:|1769445125
|-terastallize|p2a: Heatran|Ground
|move|p1a: Magcargo|Earth Power|p2a: Heatran
|-damage|p2a: Heatran|66/100
|move|p2a: Heatran|Earth Power|p1a: Magcargo
|-supereffective|p1a: Magcargo
|-damage|p1a: Magcargo|0 fnt
|faint|p1a: Magcargo
|
|-heal|p2a: Heatran|72/100|[from] item: Leftovers
|upkeep
|
|t:|1769445129
|switch|p1a: Incineroar|Incineroar, F|76/100
|-damage|p1a: Incineroar|51/100|[from] Stealth Rock
|-ability|p1a: Incineroar|Intimidate|boost
|-unboost|p2a: Heatran|atk|1
|turn|25
|
|t:|1769445142
|-terastallize|p1a: Incineroar|Fairy
|move|p2a: Heatran|Earth Power|p1a: Incineroar
|-damage|p1a: Incineroar|31/100
|move|p1a: Incineroar|Drain Punch|p2a: Heatran
|-damage|p2a: Heatran|52/100
|-heal|p1a: Incineroar|40/100|[from] drain|[of] p2a: Heatran
|
|-heal|p2a: Heatran|58/100|[from] item: Leftovers
|upkeep
|turn|26
|
|t:|1769445150
|move|p2a: Heatran|Magma Storm|p1a: Incineroar|[miss]
|-miss|p2a: Heatran|p1a: Incineroar
|move|p1a: Incineroar|Drain Punch|p2a: Heatran
|-damage|p2a: Heatran|39/100
|-heal|p1a: Incineroar|49/100|[from] drain|[of] p2a: Heatran
|
|-heal|p2a: Heatran|45/100|[from] item: Leftovers
|upkeep
|turn|27
|
|t:|1769445157
|move|p2a: Heatran|Magma Storm|p1a: Incineroar|[miss]
|-miss|p2a: Heatran|p1a: Incineroar
|move|p1a: Incineroar|Knock Off|p2a: Heatran
|-damage|p2a: Heatran|10/100
|-enditem|p2a: Heatran|Leftovers|[from] move: Knock Off|[of] p1a: Incineroar
|
|upkeep
|turn|28
|inactive|PETITNAIN has 120 seconds left.
|
|t:|1769445170
|move|p2a: Heatran|Earth Power|p1a: Incineroar
|-damage|p1a: Incineroar|29/100
|move|p1a: Incineroar|Drain Punch|p2a: Heatran
|-damage|p2a: Heatran|0 fnt
|-heal|p1a: Incineroar|33/100|[from] drain|[of] p2a: Heatran
|faint|p2a: Heatran
|
|upkeep
|
|t:|1769445176
|switch|p2a: Zapdos|Zapdos|49/100
|turn|29
|
|t:|1769445181
|move|p2a: Zapdos|Volt Switch|p1a: Incineroar
|-damage|p1a: Incineroar|14/100
|
|t:|1769445189
|switch|p2a: Kyurem|Kyurem|100/100|[from] Volt Switch
|-status|p2a: Kyurem|psn
|-ability|p2a: Kyurem|Pressure
|move|p1a: Incineroar|Flare Blitz|p2a: Kyurem
|-damage|p2a: Kyurem|53/100 psn
|-damage|p1a: Incineroar|0 fnt|[from] Recoil
|faint|p1a: Incineroar
|
|win|PETITNAIN
|raw|Samglizzyslapper's rating: 1257 &rarr; <strong>1235</strong><br />(-22 for losing)
|raw|PETITNAIN's rating: 1305 &rarr; <strong>1322</strong><br />(+17 for winning)
|l|☆PETITNAIN
|player|p2|
|l|☆Samglizzyslapper
|player|p1|
