|j|☆slave of society
|j|☆Darkmaniman+Minus
|t:|1769372059
|gametype|singles
|player|p1|slave of society|shadowtriad|1444
|player|p2|Darkmaniman+Minus|102|1401
|gen|9
|tier|[Gen 9] OU
|rated|
|rule|HP Percentage Mod: HP is shown in percentages
|rule|Endless Battle Clause: Forcing endless battles is banned
|rule|Species Clause: Limit one of each Pokémon
|rule|OHKO Clause: OHKO moves are banned
|rule|Evasion Items Clause: Evasion items are banned
|rule|Evasion Moves Clause: Evasion moves are banned
|rule|Evasion Abilities Clause: Evasion abilities are banned
|rule|Sleep Moves Clause: Sleep-inducing moves are banned
|clearpoke
|poke|p1|Ceruledge, F|
|poke|p1|Hatterene, F|
|poke|p1|Ninetales-Alola, M|
|poke|p1|Darkrai|
|poke|p1|Zamazenta-*|
|poke|p1|Kyurem|
|poke|p2|Drifblim, M|
|poke|p2|Rillaboom, F|
|poke|p2|Iron Crown|
|poke|p2|Ninetales-Alola, F|
|poke|p2|Blaziken, M|
|poke|p2|Ting-Lu|
|teampreview
|
|t:|1769372065
|teamsize|p1|6
|teamsize|p2|6
|start
|switch|p1a: Ninetales|Ninetales-Alola, M|100/100
|switch|p2a: Blaziken|Blaziken, M|100/100
|-weather|Snowscape|[from] ability: Snow Warning|[of] p1a: Ninetales
|turn|1
|
|t:|1769372070
|move|p1a: Ninetales|Aurora Veil|p1a: Ninetales
|-sidestart|p1: slave of society|move: Aurora Veil
|move|p2a: Blaziken|Focus Energy|p2a: Blaziken
|-start|p2a: Blaziken|move: Focus Energy
|
|-weather|Snowscape|[upkeep]
|-ability|p2a: Blaziken|Speed Boost|boost
|-boost|p2a: Blaziken|spe|1
|upkeep
|turn|2
|
|t:|1769372073
|move|p1a: Ninetales|Encore|p2a: Blaziken
|-start|p2a: Blaziken|Encore
|move|p2a: Blaziken|Focus Energy||[still]
|-fail|p2a: Blaziken
|
|-weather|Snowscape|[upkeep]
|-ability|p2a: Blaziken|Speed Boost|boost
|-boost|p2a: Blaziken|spe|1
|upkeep
|turn|3
|
|t:|1769372083
|switch|p1a: Hatterene|Hatterene, F|100/100
|move|p2a: Blaziken|Focus Energy||[still]
|-fail|p2a: Blaziken
|
|-weather|Snowscape|[upkeep]
|-ability|p2a: Blaziken|Speed Boost|boost
|-boost|p2a: Blaziken|spe|1
|upkeep
|turn|4
|
|t:|1769372091
|switch|p2a: Ninetales|Ninetales-Alola, F|100/100
|move|p1a: Hatterene|Psyshock|p2a: Ninetales
|-damage|p2a: Ninetales|73/100
|
|-weather|Snowscape|[upkeep]
|upkeep
|turn|5
|
|t:|1769372096
|move|p2a: Ninetales|Aurora Veil|p2a: Ninetales
|-sidestart|p2: Darkmaniman+Minus|move: Aurora Veil
|move|p1a: Hatterene|Calm Mind|p1a: Hatterene
|-boost|p1a: Hatterene|spa|1
|-boost|p1a: Hatterene|spd|1
|
|-weather|none
|upkeep
|turn|6
|
|t:|1769372101
|switch|p2a: Iron Crown|Iron Crown|100/100
|move|p1a: Hatterene|Calm Mind|p1a: Hatterene
|-boost|p1a: Hatterene|spa|1
|-boost|p1a: Hatterene|spd|1
|
|upkeep
|turn|7
|
|t:|1769372104
|move|p2a: Iron Crown|Agility|p2a: Iron Crown
|-boost|p2a: Iron Crown|spe|2
|move|p1a: Hatterene|Mystical Fire|p2a: Iron Crown
|-supereffective|p2a: Iron Crown
|-damage|p2a: Iron Crown|60/100
|-unboost|p2a: Iron Crown|spa|1
|-enditem|p2a: Iron Crown|Weakness Policy
|-boost|p2a: Iron Crown|atk|2|[from] item: Weakness Policy
|-boost|p2a: Iron Crown|spa|2|[from] item: Weakness Policy
|
|upkeep
|turn|8
|
|t:|1769372109
|move|p2a: Iron Crown|Calm Mind|p2a: Iron Crown
|-boost|p2a: Iron Crown|spa|1
|-boost|p2a: Iron Crown|spd|1
|move|p1a: Hatterene|Mystical Fire|p2a: Iron Crown
|-supereffective|p2a: Iron Crown
|-damage|p2a: Iron Crown|31/100
|-unboost|p2a: Iron Crown|spa|1
|
|-sideend|p1: slave of society|move: Aurora Veil
|upkeep
|turn|9
|
|t:|1769372115
|move|p2a: Iron Crown|Stored Power|p1a: Hatterene
|-resisted|p1a: Hatterene
|-damage|p1a: Hatterene|76/100
|move|p1a: Hatterene|Mystical Fire|p2a: Iron Crown
|-supereffective|p2a: Iron Crown
|-damage|p2a: Iron Crown|6/100
|-unboost|p2a: Iron Crown|spa|1
|
|-heal|p1a: Hatterene|82/100|[from] item: Leftovers
|upkeep
|turn|10
|
|t:|1769372121
|move|p2a: Iron Crown|Stored Power|p1a: Hatterene
|-resisted|p1a: Hatterene
|-damage|p1a: Hatterene|67/100
|move|p1a: Hatterene|Mystical Fire|p2a: Iron Crown
|-supereffective|p2a: Iron Crown
|-damage|p2a: Iron Crown|0 fnt
|faint|p2a: Iron Crown
|-end|p2a: Iron Crown|Quark Drive|[silent]
|
|-heal|p1a: Hatterene|73/100|[from] item: Leftovers
|upkeep
|
|t:|1769372125
|switch|p2a: Curious George|Rillaboom, F, shiny|100/100
|-fieldstart|move: Grassy Terrain|[from] ability: Grassy Surge|[of] p2a: Curious George
|turn|11
|
|t:|1769372133
|switch|p1a: Zamazenta|Zamazenta|100/100
|-ability|p1a: Zamazenta|Dauntless Shield|boost
|-boost|p1a: Zamazenta|def|1
|move|p2a: Curious George|Wood Hammer|p1a: Zamazenta
|-damage|p1a: Zamazenta|41/100
|-damage|p2a: Curious George|78/100|[from] Recoil
|-damage|p2a: Curious George|68/100|[from] item: Life Orb
|
|-heal|p1a: Zamazenta|47/100|[from] Grassy Terrain
|-heal|p2a: Curious George|74/100|[from] Grassy Terrain
|upkeep
|turn|12
|
|t:|1769372142
|move|p1a: Zamazenta|Iron Defense|p1a: Zamazenta
|-boost|p1a: Zamazenta|def|2
|move|p2a: Curious George|Wood Hammer|p1a: Zamazenta
|-damage|p1a: Zamazenta|12/100
|-damage|p2a: Curious George|61/100|[from] Recoil
|-damage|p2a: Curious George|51/100|[from] item: Life Orb
|
|-heal|p1a: Zamazenta|19/100|[from] Grassy Terrain
|-heal|p2a: Curious George|57/100|[from] Grassy Terrain
|-sideend|p2: Darkmaniman+Minus|move: Aurora Veil
|upkeep
|turn|13
|
|t:|1769372147
|switch|p2a: Drifdoom|Drifblim, M|100/100
|-enditem|p2a: Drifdoom|Grassy Seed
|-boost|p2a: Drifdoom|def|1|[from] item: Grassy Seed
|move|p1a: Zamazenta|Rest|p1a: Zamazenta
|-status|p1a: Zamazenta|slp|[from] move: Rest
|-heal|p1a: Zamazenta|100/100 slp|[silent]
|-enditem|p1a: Zamazenta|Chesto Berry|[eat]
|-curestatus|p1a: Zamazenta|slp|[msg]
|
|upkeep
|turn|14
|
|t:|1769372156
|switch|p1a: Darkrai|Darkrai|100/100
|move|p2a: Drifdoom|Calm Mind|p2a: Drifdoom
|-boost|p2a: Drifdoom|spa|1
|-boost|p2a: Drifdoom|spd|1
|
|upkeep
|turn|15
|
|t:|1769372162
|-terastallize|p2a: Drifdoom|Electric
|move|p2a: Drifdoom|Calm Mind|p2a: Drifdoom
|-boost|p2a: Drifdoom|spa|1
|-boost|p2a: Drifdoom|spd|1
|move|p1a: Darkrai|Nasty Plot|p1a: Darkrai
|-boost|p1a: Darkrai|spa|2
|
|-fieldend|move: Grassy Terrain
|upkeep
|turn|16
|
|t:|1769372170
|move|p2a: Drifdoom|Will-O-Wisp|p1a: Darkrai
|-status|p1a: Darkrai|brn
|move|p1a: Darkrai|Dark Pulse|p2a: Drifdoom
|-damage|p2a: Drifdoom|51/100
|
|-damage|p1a: Darkrai|94/100 brn|[from] brn
|upkeep
|turn|17
|
|t:|1769372181
|move|p2a: Drifdoom|Calm Mind|p2a: Drifdoom
|-boost|p2a: Drifdoom|spa|1
|-boost|p2a: Drifdoom|spd|1
|move|p1a: Darkrai|Dark Pulse|p2a: Drifdoom
|-damage|p2a: Drifdoom|13/100
|
|-heal|p1a: Darkrai|100/100 brn|[from] item: Leftovers
|-damage|p1a: Darkrai|94/100 brn|[from] brn
|upkeep
|turn|18
|
|t:|1769372188
|move|p2a: Drifdoom|Strength Sap|p1a: Darkrai
|-unboost|p1a: Darkrai|atk|1
|-heal|p2a: Drifdoom|51/100
|move|p1a: Darkrai|Dark Pulse|p2a: Drifdoom
|-damage|p2a: Drifdoom|10/100
|
|-heal|p1a: Darkrai|100/100 brn|[from] item: Leftovers
|-damage|p1a: Darkrai|94/100 brn|[from] brn
|upkeep
|turn|19
|
|t:|1769372195
|move|p2a: Drifdoom|Shadow Ball|p1a: Darkrai
|-resisted|p1a: Darkrai
|-damage|p1a: Darkrai|40/100 brn
|move|p1a: Darkrai|Dark Pulse|p2a: Drifdoom
|-damage|p2a: Drifdoom|0 fnt
|faint|p2a: Drifdoom
|
|-heal|p1a: Darkrai|46/100 brn|[from] item: Leftovers
|-damage|p1a: Darkrai|40/100 brn|[from] brn
|upkeep
|
|t:|1769372198
|switch|p2a: Ninetales|Ninetales-Alola, F|73/100
|-weather|Snowscape|[from] ability: Snow Warning|[of] p2a: Ninetales
|turn|20
|
|t:|1769372201
|move|p1a: Darkrai|Focus Blast|p2a: Ninetales|[miss]
|-miss|p1a: Darkrai|p2a: Ninetales
|move|p2a: Ninetales|Aurora Veil|p2a: Ninetales
|-sidestart|p2: Darkmaniman+Minus|move: Aurora Veil
|
|-weather|Snowscape|[upkeep]
|-heal|p1a: Darkrai|46/100 brn|[from] item: Leftovers
|-damage|p1a: Darkrai|40/100 brn|[from] brn
|upkeep
|turn|21
|
|t:|1769372214
|switch|p2a: Blaziken|Blaziken, M|100/100
|move|p1a: Darkrai|Focus Blast|p2a: Blaziken
|-damage|p2a: Blaziken|31/100
|
|-weather|Snowscape|[upkeep]
|-heal|p1a: Darkrai|46/100 brn|[from] item: Leftovers
|-damage|p1a: Darkrai|40/100 brn|[from] brn
|upkeep
|turn|22
|
|t:|1769372218
|move|p1a: Darkrai|Dark Pulse|p2a: Blaziken
|-resisted|p2a: Blaziken
|-damage|p2a: Blaziken|0 fnt
|faint|p2a: Blaziken
|
|-weather|Snowscape|[upkeep]
|-heal|p1a: Darkrai|46/100 brn|[from] item: Leftovers
|-damage|p1a: Darkrai|40/100 brn|[from] brn
|upkeep
|-message|Darkmaniman+Minus forfeited.
|
|win|slave of society
|raw|slave of society's rating: 1444 &rarr; <strong>1462</strong><br />(+18 for winning)
|raw|Darkmaniman+Minus's rating: 1401 &rarr; <strong>1383</strong><br />(-18 for losing)
|l|☆Darkmaniman+Minus
|player|p2|
|l|☆slave of society
|player|p1|
