|j|☆piando
|j|☆Igoodnamename
|t:|1769310905
|gametype|singles
|player|p1|piando|hugh|1622
|player|p2|Igoodnamename|266|1636
|gen|9
|tier|[Gen 9] OU
|rated|
|rule|HP Percentage Mod: HP is shown in percentages
|rule|Endless Battle Clause: Forcing endless battles is banned
|rule|Species Clause: Limit one of each Pokémon
|rule|OHKO Clause: OHKO moves are banned
|rule|Evasion Items Clause: Evasion items are banned
|rule|Evasion Moves Clause: Evasion moves are banned
|rule|Evasion Abilities Clause: Evasion abilities are banned
|rule|Sleep Moves Clause: Sleep-inducing moves are banned
|clearpoke
|poke|p1|Tinkaton, F|
|poke|p1|Great Tusk|
|poke|p1|Garganacl, F|
|poke|p1|Keldeo-Resolute|
|poke|p1|Zapdos|
|poke|p1|Dragapult, M|
|poke|p2|Sinistcha|
|poke|p2|Heatran, M|
|poke|p2|Sylveon, M|
|poke|p2|Gliscor, F|
|poke|p2|Weavile, F|
|poke|p2|Dondozo, M|
|teampreview
|inactive|Battle timer is ON: inactive players will automatically lose when time's up. (requested by piando)
|
|t:|1769310914
|teamsize|p1|6
|teamsize|p2|6
|start
|switch|p1a: Tinkaton|Tinkaton, F|100/100
|switch|p2a: Heatran|Heatran, M|100/100
|-ability|p1a: Tinkaton|Mold Breaker
|-item|p1a: Tinkaton|Air Balloon
|turn|1
|
|t:|1769310918
|switch|p1a: Keldeo|Keldeo-Resolute|100/100
|move|p2a: Heatran|Magma Storm|p1a: Keldeo
|-resisted|p1a: Keldeo
|-damage|p1a: Keldeo|76/100
|-activate|p1a: Keldeo|move: Magma Storm|[of] p2a: Heatran
|
|-damage|p1a: Keldeo|64/100|[from] move: Magma Storm|[partiallytrapped]
|upkeep
|turn|2
|
|t:|1769310926
|switch|p2a: Sylveon|Sylveon, M|100/100
|move|p1a: Keldeo|Surf|p2a: Sylveon
|-damage|p2a: Sylveon|56/100
|
|-end|p1a: Keldeo|Magma Storm|[partiallytrapped]|[silent]
|upkeep
|turn|3
|
|t:|1769310931
|switch|p1a: Tinkaton|Tinkaton, F|100/100
|-ability|p1a: Tinkaton|Mold Breaker
|-item|p1a: Tinkaton|Air Balloon
|move|p2a: Sylveon|Wish|p2a: Sylveon
|
|upkeep
|turn|4
|
|t:|1769310939
|move|p2a: Sylveon|Protect|p2a: Sylveon
|-singleturn|p2a: Sylveon|Protect
|move|p1a: Tinkaton|Stealth Rock|p2a: Sylveon
|-sidestart|p2: Igoodnamename|move: Stealth Rock
|
|-heal|p2a: Sylveon|100/100|[from] move: Wish|[wisher] Sylveon
|upkeep
|turn|5
|
|t:|1769310944
|switch|p2a: Heatran|Heatran, M|100/100
|move|p1a: Tinkaton|Encore||[still]
|-fail|p1a: Tinkaton
|
|upkeep
|turn|6
|
|t:|1769310951
|switch|p1a: Keldeo|Keldeo-Resolute|64/100
|move|p2a: Heatran|Stealth Rock|p1a: Keldeo
|-sidestart|p1: piando|move: Stealth Rock
|
|upkeep
|turn|7
|
|t:|1769310955
|switch|p2a: Sinistcha|Sinistcha|100/100
|move|p1a: Keldeo|Surf|p2a: Sinistcha
|-resisted|p2a: Sinistcha
|-damage|p2a: Sinistcha|59/100
|
|upkeep
|turn|8
|
|t:|1769310965
|switch|p1a: Tinkaton|Tinkaton, F|100/100
|-damage|p1a: Tinkaton|94/100|[from] Stealth Rock
|-ability|p1a: Tinkaton|Mold Breaker
|-item|p1a: Tinkaton|Air Balloon
|move|p2a: Sinistcha|Matcha Gotcha|p1a: Tinkaton
|-resisted|p1a: Tinkaton
|-damage|p1a: Tinkaton|80/100
|-heal|p2a: Sinistcha|67/100|[from] drain|[of] p1a: Tinkaton
|-enditem|p1a: Tinkaton|Air Balloon
|
|upkeep
|turn|9
|
|t:|1769310975
|switch|p2a: Heatran|Heatran, M|100/100
|move|p1a: Tinkaton|Thunder Wave|p2a: Heatran
|-status|p2a: Heatran|par
|
|upkeep
|turn|10
|
|t:|1769310982
|switch|p1a: Garganacl|Garganacl, F|100/100
|-damage|p1a: Garganacl|88/100|[from] Stealth Rock
|switch|p2a: Sylveon|Sylveon, M|100/100
|
|-heal|p1a: Garganacl|94/100|[from] item: Leftovers
|upkeep
|turn|11
|
|t:|1769310992
|move|p2a: Sylveon|Hyper Voice|p1a: Garganacl
|-damage|p1a: Garganacl|67/100
|move|p1a: Garganacl|Salt Cure|p2a: Sylveon
|-damage|p2a: Sylveon|89/100
|-start|p2a: Sylveon|Salt Cure
|
|-heal|p1a: Garganacl|74/100|[from] item: Leftovers
|-damage|p2a: Sylveon|77/100|[from] Salt Cure
|upkeep
|turn|12
|
|t:|1769310996
|switch|p2a: Sinistcha|Sinistcha|67/100
|move|p1a: Garganacl|Curse|p1a: Garganacl
|-unboost|p1a: Garganacl|spe|1
|-boost|p1a: Garganacl|atk|1
|-boost|p1a: Garganacl|def|1
|
|-heal|p1a: Garganacl|80/100|[from] item: Leftovers
|upkeep
|turn|13
|
|t:|1769311001
|move|p2a: Sinistcha|Matcha Gotcha|p1a: Garganacl
|-supereffective|p1a: Garganacl
|-damage|p1a: Garganacl|38/100
|-heal|p2a: Sinistcha|92/100|[from] drain|[of] p1a: Garganacl
|move|p1a: Garganacl|Salt Cure|p2a: Sinistcha
|-damage|p2a: Sinistcha|76/100
|-start|p2a: Sinistcha|Salt Cure
|
|-heal|p1a: Garganacl|44/100|[from] item: Leftovers
|-damage|p2a: Sinistcha|64/100|[from] Salt Cure
|upkeep
|turn|14
|
|t:|1769311007
|move|p2a: Sinistcha|Calm Mind|p2a: Sinistcha
|-boost|p2a: Sinistcha|spa|1
|-boost|p2a: Sinistcha|spd|1
|move|p1a: Garganacl|Recover|p1a: Garganacl
|-heal|p1a: Garganacl|94/100
|
|-heal|p1a: Garganacl|100/100|[from] item: Leftovers
|-damage|p2a: Sinistcha|51/100|[from] Salt Cure
|upkeep
|turn|15
|
|t:|1769311015
|switch|p1a: Tinkaton|Tinkaton, F|80/100
|-damage|p1a: Tinkaton|74/100|[from] Stealth Rock
|-ability|p1a: Tinkaton|Mold Breaker
|move|p2a: Sinistcha|Strength Sap|p1a: Tinkaton
|-unboost|p1a: Tinkaton|atk|1
|-heal|p2a: Sinistcha|100/100
|
|-damage|p2a: Sinistcha|88/100|[from] Salt Cure
|upkeep
|turn|16
|
|t:|1769311026
|switch|p1a: Keldeo|Keldeo-Resolute|64/100
|-damage|p1a: Keldeo|57/100|[from] Stealth Rock
|switch|p2a: Heatran|Heatran, M|100/100 par
|
|upkeep
|turn|17
|
|t:|1769311034
|switch|p2a: Dondozo|Dondozo, M|100/100
|move|p1a: Keldeo|Surf|p2a: Dondozo
|-resisted|p2a: Dondozo
|-damage|p2a: Dondozo|65/100
|
|upkeep
|turn|18
|
|t:|1769311041
|move|p1a: Keldeo|Surf|p2a: Dondozo
|-resisted|p2a: Dondozo
|-damage|p2a: Dondozo|30/100
|move|p2a: Dondozo|Body Press|p1a: Keldeo
|-damage|p1a: Keldeo|27/100
|
|upkeep
|turn|19
|
|t:|1769311050
|-terastallize|p1a: Keldeo|Water
|move|p1a: Keldeo|Surf|p2a: Dondozo
|-resisted|p2a: Dondozo
|-damage|p2a: Dondozo|0 fnt
|faint|p2a: Dondozo
|
|upkeep
|
|t:|1769311055
|switch|p2a: Weavile|Weavile, F|100/100
|-ability|p2a: Weavile|Pressure
|turn|20
|
|t:|1769311060
|switch|p1a: Zapdos|Zapdos|100/100
|move|p2a: Weavile|Knock Off|p1a: Zapdos
|-damage|p1a: Zapdos|64/100
|-enditem|p1a: Zapdos|Heavy-Duty Boots|[from] move: Knock Off|[of] p2a: Weavile
|
|upkeep
|turn|21
|
|t:|1769311067
|switch|p2a: Gliscor|Gliscor, F|100/100
|-damage|p2a: Gliscor|88/100|[from] Stealth Rock
|move|p1a: Zapdos|Roost|p1a: Zapdos
|-heal|p1a: Zapdos|100/100
|-singleturn|p1a: Zapdos|move: Roost
|
|-status|p2a: Gliscor|tox|[from] item: Toxic Orb
|upkeep
|turn|22
|
|t:|1769311072
|switch|p1a: Tinkaton|Tinkaton, F|74/100
|-damage|p1a: Tinkaton|68/100|[from] Stealth Rock
|-ability|p1a: Tinkaton|Mold Breaker
|move|p2a: Gliscor|Swords Dance|p2a: Gliscor
|-boost|p2a: Gliscor|atk|2
|
|-heal|p2a: Gliscor|100/100 tox|[from] ability: Poison Heal
|upkeep
|turn|23
|
|t:|1769311076
|switch|p2a: Heatran|Heatran, M|100/100 par
|move|p1a: Tinkaton|Encore||[still]
|-fail|p1a: Tinkaton
|
|upkeep
|turn|24
|
|t:|1769311082
|switch|p1a: Garganacl|Garganacl, F|100/100
|-damage|p1a: Garganacl|88/100|[from] Stealth Rock
|move|p2a: Heatran|Magma Storm|p1a: Garganacl|[miss]
|-miss|p2a: Heatran|p1a: Garganacl
|
|-heal|p1a: Garganacl|94/100|[from] item: Leftovers
|upkeep
|turn|25
|
|t:|1769311092
|switch|p2a: Gliscor|Gliscor, F|100/100 tox
|-damage|p2a: Gliscor|88/100 tox|[from] Stealth Rock
|move|p1a: Garganacl|Salt Cure|p2a: Gliscor
|-damage|p2a: Gliscor|77/100 tox
|-start|p2a: Gliscor|Salt Cure
|
|-heal|p1a: Garganacl|100/100|[from] item: Leftovers
|-heal|p2a: Gliscor|89/100 tox|[from] ability: Poison Heal
|-damage|p2a: Gliscor|77/100 tox|[from] Salt Cure
|upkeep
|turn|26
|
|t:|1769311099
|switch|p2a: Sinistcha|Sinistcha|88/100
|switch|p1a: Tinkaton|Tinkaton, F|68/100
|-damage|p1a: Tinkaton|61/100|[from] Stealth Rock
|-ability|p1a: Tinkaton|Mold Breaker
|
|upkeep
|turn|27
|
|t:|1769311105
|switch|p2a: Heatran|Heatran, M|100/100 par
|move|p1a: Tinkaton|Thunder Wave|p2a: Heatran
|-fail|p2a: Heatran|par
|
|upkeep
|turn|28
|
|t:|1769311109
|switch|p1a: Garganacl|Garganacl, F|100/100
|-damage|p1a: Garganacl|88/100|[from] Stealth Rock
|switch|p2a: Gliscor|Gliscor, F|77/100 tox
|-damage|p2a: Gliscor|64/100 tox|[from] Stealth Rock
|
|-heal|p1a: Garganacl|94/100|[from] item: Leftovers
|-heal|p2a: Gliscor|77/100 tox|[from] ability: Poison Heal
|upkeep
|turn|29
|
|t:|1769311116
|switch|p1a: Great Tusk|Great Tusk|100/100
|move|p2a: Gliscor|Knock Off|p1a: Great Tusk
|-resisted|p1a: Great Tusk
|-damage|p1a: Great Tusk|93/100
|-enditem|p1a: Great Tusk|Heavy-Duty Boots|[from] move: Knock Off|[of] p2a: Gliscor
|
|-heal|p2a: Gliscor|89/100 tox|[from] ability: Poison Heal
|upkeep
|turn|30
|
|t:|1769311130
|move|p2a: Gliscor|Protect|p2a: Gliscor
|-singleturn|p2a: Gliscor|Protect
|move|p1a: Great Tusk|Ice Spinner|p2a: Gliscor
|-activate|p2a: Gliscor|move: Protect
|
|-heal|p2a: Gliscor|100/100 tox|[from] ability: Poison Heal
|upkeep
|turn|31
|
|t:|1769311135
|switch|p2a: Sinistcha|Sinistcha|88/100
|move|p1a: Great Tusk|Ice Spinner|p2a: Sinistcha
|-supereffective|p2a: Sinistcha
|-damage|p2a: Sinistcha|52/100
|
|upkeep
|turn|32
|
|t:|1769311143
|-end|p1a: Great Tusk|Protosynthesis|[silent]
|switch|p1a: Dragapult|Dragapult, M|100/100
|move|p2a: Sinistcha|Strength Sap|p1a: Dragapult
|-unboost|p1a: Dragapult|atk|1
|-heal|p2a: Sinistcha|100/100
|
|upkeep
|turn|33
|
|t:|1769311151
|switch|p2a: Gliscor|Gliscor, F|100/100 tox
|-damage|p2a: Gliscor|88/100 tox|[from] Stealth Rock
|move|p1a: Dragapult|Will-O-Wisp||[still]
|-fail|p1a: Dragapult
|
|-heal|p2a: Gliscor|100/100 tox|[from] ability: Poison Heal
|upkeep
|turn|34
|
|t:|1769311161
|switch|p1a: Tinkaton|Tinkaton, F|61/100
|-damage|p1a: Tinkaton|55/100|[from] Stealth Rock
|-ability|p1a: Tinkaton|Mold Breaker
|move|p2a: Gliscor|Knock Off|p1a: Tinkaton
|-resisted|p1a: Tinkaton
|-damage|p1a: Tinkaton|47/100
|
|upkeep
|turn|35
|
|t:|1769311171
|switch|p1a: Keldeo|Keldeo-Resolute, tera:Water|27/100
|-damage|p1a: Keldeo|14/100|[from] Stealth Rock
|move|p2a: Gliscor|Facade|p1a: Keldeo
|-damage|p1a: Keldeo|0 fnt
|faint|p1a: Keldeo
|
|upkeep
|
|t:|1769311182
|switch|p1a: Great Tusk|Great Tusk|93/100
|-damage|p1a: Great Tusk|90/100|[from] Stealth Rock
|turn|36
|
|t:|1769311190
|switch|p2a: Sinistcha|Sinistcha|100/100
|move|p1a: Great Tusk|Ice Spinner|p2a: Sinistcha
|-supereffective|p2a: Sinistcha
|-damage|p2a: Sinistcha|61/100
|
|upkeep
|turn|37
|
|t:|1769311196
|-end|p1a: Great Tusk|Protosynthesis|[silent]
|switch|p1a: Zapdos|Zapdos|100/100
|-damage|p1a: Zapdos|76/100|[from] Stealth Rock
|move|p2a: Sinistcha|Strength Sap|p1a: Zapdos
|-unboost|p1a: Zapdos|atk|1
|-heal|p2a: Sinistcha|100/100
|
|upkeep
|turn|38
|
|t:|1769311199
|switch|p2a: Gliscor|Gliscor, F|100/100 tox
|-damage|p2a: Gliscor|88/100 tox|[from] Stealth Rock
|move|p1a: Zapdos|Hurricane|p2a: Gliscor
|-damage|p2a: Gliscor|48/100 tox
|
|-heal|p2a: Gliscor|60/100 tox|[from] ability: Poison Heal
|upkeep
|turn|39
|
|t:|1769311212
|move|p2a: Gliscor|Protect|p2a: Gliscor
|-singleturn|p2a: Gliscor|Protect
|move|p1a: Zapdos|Hurricane|p2a: Gliscor
|-activate|p2a: Gliscor|move: Protect
|
|-heal|p2a: Gliscor|73/100 tox|[from] ability: Poison Heal
|upkeep
|turn|40
|
|t:|1769311219
|move|p1a: Zapdos|Hurricane|p2a: Gliscor
|-damage|p2a: Gliscor|31/100 tox
|move|p2a: Gliscor|Facade|p1a: Zapdos
|-damage|p1a: Zapdos|52/100
|
|-heal|p2a: Gliscor|43/100 tox|[from] ability: Poison Heal
|upkeep
|turn|41
|
|t:|1769311228
|move|p2a: Gliscor|Protect|p2a: Gliscor
|-singleturn|p2a: Gliscor|Protect
|move|p1a: Zapdos|Roost|p1a: Zapdos
|-heal|p1a: Zapdos|100/100
|-singleturn|p1a: Zapdos|move: Roost
|
|-heal|p2a: Gliscor|56/100 tox|[from] ability: Poison Heal
|upkeep
|turn|42
|
|t:|1769311234
|switch|p2a: Heatran|Heatran, M|100/100 par
|move|p1a: Zapdos|Hurricane|p2a: Heatran
|-resisted|p2a: Heatran
|-damage|p2a: Heatran|87/100 par
|
|upkeep
|turn|43
|
|t:|1769311241
|switch|p1a: Garganacl|Garganacl, F|94/100
|-damage|p1a: Garganacl|82/100|[from] Stealth Rock
|move|p2a: Heatran|Magma Storm|p1a: Garganacl|[miss]
|-miss|p2a: Heatran|p1a: Garganacl
|
|-heal|p1a: Garganacl|88/100|[from] item: Leftovers
|upkeep
|turn|44
|
|t:|1769311248
|switch|p2a: Gliscor|Gliscor, F|56/100 tox
|-damage|p2a: Gliscor|43/100 tox|[from] Stealth Rock
|move|p1a: Garganacl|Salt Cure|p2a: Gliscor
|-damage|p2a: Gliscor|33/100 tox
|-start|p2a: Gliscor|Salt Cure
|
|-heal|p1a: Garganacl|94/100|[from] item: Leftovers
|-heal|p2a: Gliscor|45/100 tox|[from] ability: Poison Heal
|-damage|p2a: Gliscor|33/100 tox|[from] Salt Cure
|upkeep
|turn|45
|
|t:|1769311254
|switch|p2a: Sinistcha|Sinistcha|100/100
|move|p1a: Garganacl|Curse|p1a: Garganacl
|-unboost|p1a: Garganacl|spe|1
|-boost|p1a: Garganacl|atk|1
|-boost|p1a: Garganacl|def|1
|
|-heal|p1a: Garganacl|100/100|[from] item: Leftovers
|upkeep
|turn|46
|
|t:|1769311260
|move|p2a: Sinistcha|Shadow Ball|p1a: Garganacl
|-damage|p1a: Garganacl|90/100
|-unboost|p1a: Garganacl|spd|1
|move|p1a: Garganacl|Salt Cure|p2a: Sinistcha
|-damage|p2a: Sinistcha|86/100
|-start|p2a: Sinistcha|Salt Cure
|
|-heal|p1a: Garganacl|96/100|[from] item: Leftovers
|-damage|p2a: Sinistcha|73/100|[from] Salt Cure
|upkeep
|turn|47
|
|t:|1769311269
|switch|p2a: Sylveon|Sylveon, M|77/100
|switch|p1a: Zapdos|Zapdos|100/100
|-damage|p1a: Zapdos|76/100|[from] Stealth Rock
|
|upkeep
|turn|48
|
|t:|1769311273
|switch|p1a: Garganacl|Garganacl, F|96/100
|-damage|p1a: Garganacl|84/100|[from] Stealth Rock
|move|p2a: Sylveon|Wish|p2a: Sylveon
|
|-heal|p1a: Garganacl|90/100|[from] item: Leftovers
|upkeep
|turn|49
|
|t:|1769311281
|switch|p2a: Gliscor|Gliscor, F|33/100 tox
|-damage|p2a: Gliscor|20/100 tox|[from] Stealth Rock
|switch|p1a: Dragapult|Dragapult, M|100/100
|
|-heal|p2a: Gliscor|76/100 tox|[from] move: Wish|[wisher] Sylveon
|-heal|p2a: Gliscor|89/100 tox|[from] ability: Poison Heal
|upkeep
|turn|50
|
|t:|1769311285
|move|p1a: Dragapult|Hex|p2a: Gliscor
|-damage|p2a: Gliscor|45/100 tox
|move|p2a: Gliscor|Knock Off|p1a: Dragapult
|-supereffective|p1a: Dragapult
|-damage|p1a: Dragapult|46/100
|-enditem|p1a: Dragapult|Heavy-Duty Boots|[from] move: Knock Off|[of] p2a: Gliscor
|
|-heal|p2a: Gliscor|58/100 tox|[from] ability: Poison Heal
|upkeep
|turn|51
|
|t:|1769311294
|move|p2a: Gliscor|Protect|p2a: Gliscor
|-singleturn|p2a: Gliscor|Protect
|move|p1a: Dragapult|Hex|p2a: Gliscor
|-activate|p2a: Gliscor|move: Protect
|
|-heal|p2a: Gliscor|70/100 tox|[from] ability: Poison Heal
|upkeep
|turn|52
|
|t:|1769311300
|move|p1a: Dragapult|Hex|p2a: Gliscor
|-damage|p2a: Gliscor|23/100 tox
|move|p2a: Gliscor|Knock Off|p1a: Dragapult
|-supereffective|p1a: Dragapult
|-damage|p1a: Dragapult|3/100
|
|-heal|p2a: Gliscor|36/100 tox|[from] ability: Poison Heal
|upkeep
|turn|53
|
|t:|1769311308
|move|p2a: Gliscor|Protect|p2a: Gliscor
|-singleturn|p2a: Gliscor|Protect
|move|p1a: Dragapult|Hex|p2a: Gliscor
|-activate|p2a: Gliscor|move: Protect
|
|-heal|p2a: Gliscor|48/100 tox|[from] ability: Poison Heal
|upkeep
|turn|54
|
|t:|1769311313
|switch|p2a: Sylveon|Sylveon, M|77/100
|move|p1a: Dragapult|Hex|p2a: Sylveon
|-damage|p2a: Sylveon|59/100
|
|upkeep
|turn|55
|
|t:|1769311319
|switch|p2a: Heatran|Heatran, M|87/100 par
|move|p1a: Dragapult|Will-O-Wisp|p2a: Heatran
|-start|p2a: Heatran|ability: Flash Fire
|
|upkeep
|turn|56
|
|t:|1769311322
|move|p1a: Dragapult|Hex|p2a: Heatran
|-damage|p2a: Heatran|53/100 par
|move|p2a: Heatran|Earth Power|p1a: Dragapult
|-damage|p1a: Dragapult|0 fnt
|faint|p1a: Dragapult
|
|upkeep
|
|t:|1769311329
|switch|p1a: Great Tusk|Great Tusk|90/100
|-damage|p1a: Great Tusk|87/100|[from] Stealth Rock
|turn|57
|
|t:|1769311337
|move|p1a: Great Tusk|Headlong Rush|p2a: Heatran
|-supereffective|p2a: Heatran
|-damage|p2a: Heatran|0 fnt
|-unboost|p1a: Great Tusk|def|1
|-unboost|p1a: Great Tusk|spd|1
|faint|p2a: Heatran
|
|upkeep
|
|t:|1769311339
|switch|p2a: Sinistcha|Sinistcha|73/100
|turn|58
|
|t:|1769311346
|-end|p1a: Great Tusk|Protosynthesis|[silent]
|switch|p1a: Zapdos|Zapdos|76/100
|-damage|p1a: Zapdos|51/100|[from] Stealth Rock
|move|p2a: Sinistcha|Strength Sap|p1a: Zapdos
|-unboost|p1a: Zapdos|atk|1
|-heal|p2a: Sinistcha|100/100
|
|upkeep
|turn|59
|
|t:|1769311356
|switch|p2a: Sylveon|Sylveon, M|59/100
|move|p1a: Zapdos|Roost|p1a: Zapdos
|-heal|p1a: Zapdos|100/100
|-singleturn|p1a: Zapdos|move: Roost
|
|upkeep
|turn|60
|
|t:|1769311360
|switch|p1a: Tinkaton|Tinkaton, F|47/100
|-damage|p1a: Tinkaton|41/100|[from] Stealth Rock
|-ability|p1a: Tinkaton|Mold Breaker
|move|p2a: Sylveon|Wish|p2a: Sylveon
|
|upkeep
|turn|61
|
|t:|1769311371
|move|p2a: Sylveon|Protect|p2a: Sylveon
|-singleturn|p2a: Sylveon|Protect
|move|p1a: Tinkaton|Gigaton Hammer|p2a: Sylveon
|-activate|p2a: Sylveon|move: Protect
|
|-heal|p2a: Sylveon|100/100|[from] move: Wish|[wisher] Sylveon
|upkeep
|turn|62
|
|t:|1769311377
|switch|p2a: Gliscor|Gliscor, F|48/100 tox
|-damage|p2a: Gliscor|36/100 tox|[from] Stealth Rock
|move|p1a: Tinkaton|Encore||[still]
|-fail|p1a: Tinkaton
|
|-heal|p2a: Gliscor|48/100 tox|[from] ability: Poison Heal
|upkeep
|turn|63
|
|t:|1769311386
|move|p1a: Tinkaton|Gigaton Hammer|p2a: Gliscor
|-damage|p2a: Gliscor|15/100 tox
|move|p2a: Gliscor|Facade|p1a: Tinkaton
|-resisted|p1a: Tinkaton
|-damage|p1a: Tinkaton|24/100
|
|-heal|p2a: Gliscor|27/100 tox|[from] ability: Poison Heal
|upkeep
|turn|64
|
|t:|1769311395
|move|p1a: Tinkaton|Encore|p2a: Gliscor
|-start|p2a: Gliscor|Encore
|move|p2a: Gliscor|Facade|p1a: Tinkaton
|-resisted|p1a: Tinkaton
|-damage|p1a: Tinkaton|6/100
|
|-heal|p2a: Gliscor|40/100 tox|[from] ability: Poison Heal
|upkeep
|turn|65
|
|t:|1769311401
|move|p1a: Tinkaton|Gigaton Hammer|p2a: Gliscor
|-damage|p2a: Gliscor|2/100 tox
|move|p2a: Gliscor|Facade|p1a: Tinkaton
|-resisted|p1a: Tinkaton
|-damage|p1a: Tinkaton|0 fnt
|faint|p1a: Tinkaton
|
|-heal|p2a: Gliscor|14/100 tox|[from] ability: Poison Heal
|upkeep
|
|t:|1769311410
|switch|p1a: Great Tusk|Great Tusk|87/100
|-damage|p1a: Great Tusk|84/100|[from] Stealth Rock
|turn|66
|
|t:|1769311414
|switch|p2a: Sinistcha|Sinistcha|100/100
|move|p1a: Great Tusk|Ice Spinner|p2a: Sinistcha
|-supereffective|p2a: Sinistcha
|-damage|p2a: Sinistcha|62/100
|
|upkeep
|turn|67
|
|t:|1769311419
|-end|p1a: Great Tusk|Protosynthesis|[silent]
|switch|p1a: Zapdos|Zapdos|100/100
|-damage|p1a: Zapdos|76/100|[from] Stealth Rock
|move|p2a: Sinistcha|Matcha Gotcha|p1a: Zapdos
|-resisted|p1a: Zapdos
|-damage|p1a: Zapdos|61/100
|-heal|p2a: Sinistcha|71/100|[from] drain|[of] p1a: Zapdos
|-status|p1a: Zapdos|brn
|
|-damage|p1a: Zapdos|55/100 brn|[from] brn
|upkeep
|turn|68
|
|t:|1769311425
|switch|p2a: Gliscor|Gliscor, F|14/100 tox
|-damage|p2a: Gliscor|2/100 tox|[from] Stealth Rock
|move|p1a: Zapdos|Volt Switch|p2a: Gliscor
|-immune|p2a: Gliscor
|
|-heal|p2a: Gliscor|14/100 tox|[from] ability: Poison Heal
|-damage|p1a: Zapdos|49/100 brn|[from] brn
|upkeep
|turn|69
|
|t:|1769311429
|move|p1a: Zapdos|Hurricane|p2a: Gliscor
|-crit|p2a: Gliscor
|-damage|p2a: Gliscor|0 fnt
|faint|p2a: Gliscor
|
|-damage|p1a: Zapdos|43/100 brn|[from] brn
|upkeep
|
|t:|1769311432
|switch|p2a: Weavile|Weavile, F|100/100
|-ability|p2a: Weavile|Pressure
|turn|70
|
|t:|1769311438
|move|p2a: Weavile|Triple Axel|p1a: Zapdos
|-supereffective|p1a: Zapdos
|-damage|p1a: Zapdos|27/100 brn
|-supereffective|p1a: Zapdos
|-damage|p1a: Zapdos|0 fnt
|faint|p1a: Zapdos
|-hitcount|p1: Zapdos|2
|
|upkeep
|
|t:|1769311446
|switch|p1a: Garganacl|Garganacl, F|90/100
|-damage|p1a: Garganacl|78/100|[from] Stealth Rock
|turn|71
|
|t:|1769311451
|move|p2a: Weavile|Knock Off|p1a: Garganacl
|-damage|p1a: Garganacl|47/100
|-enditem|p1a: Garganacl|Leftovers|[from] move: Knock Off|[of] p2a: Weavile
|move|p1a: Garganacl|Curse|p1a: Garganacl
|-unboost|p1a: Garganacl|spe|1
|-boost|p1a: Garganacl|atk|1
|-boost|p1a: Garganacl|def|1
|
|upkeep
|turn|72
|
|t:|1769311456
|switch|p2a: Sinistcha|Sinistcha|71/100
|move|p1a: Garganacl|Recover|p1a: Garganacl
|-heal|p1a: Garganacl|97/100
|
|upkeep
|turn|73
|
|t:|1769311459
|move|p2a: Sinistcha|Matcha Gotcha|p1a: Garganacl
|-supereffective|p1a: Garganacl
|-damage|p1a: Garganacl|51/100
|-heal|p2a: Sinistcha|98/100|[from] drain|[of] p1a: Garganacl
|move|p1a: Garganacl|Salt Cure|p2a: Sinistcha
|-damage|p2a: Sinistcha|84/100
|-start|p2a: Sinistcha|Salt Cure
|
|-damage|p2a: Sinistcha|72/100|[from] Salt Cure
|upkeep
|turn|74
|
|t:|1769311463
|move|p2a: Sinistcha|Calm Mind|p2a: Sinistcha
|-boost|p2a: Sinistcha|spa|1
|-boost|p2a: Sinistcha|spd|1
|move|p1a: Garganacl|Recover|p1a: Garganacl
|-heal|p1a: Garganacl|100/100
|
|-damage|p2a: Sinistcha|59/100|[from] Salt Cure
|upkeep
|turn|75
|
|t:|1769311469
|move|p2a: Sinistcha|Matcha Gotcha|p1a: Garganacl
|-supereffective|p1a: Garganacl
|-damage|p1a: Garganacl|35/100
|-heal|p2a: Sinistcha|98/100|[from] drain|[of] p1a: Garganacl
|move|p1a: Garganacl|Salt Cure|p2a: Sinistcha
|-damage|p2a: Sinistcha|83/100
|
|-damage|p2a: Sinistcha|71/100|[from] Salt Cure
|upkeep
|turn|76
|-message|piando forfeited.
|
|win|Igoodnamename
|raw|piando's rating: 1595 &rarr; <strong>1577</strong><br />(-18 for losing)
|raw|Igoodnamename's rating: 1636 &rarr; <strong>1654</strong><br />(+18 for winning)
|l|☆piando
|player|p1|
|c|☆Igoodnamename|ggs
|l|☆Igoodnamename
|player|p2|
