|j|☆InfinityPokeRang3r
|j|☆sword over shield
|t:|1769310553
|gametype|singles
|player|p1|InfinityPokeRang3r|ingo|1430
|player|p2|sword over shield|265|1464
|gen|9
|tier|[Gen 9] OU
|rated|
|rule|HP Percentage Mod: HP is shown in percentages
|rule|Endless Battle Clause: Forcing endless battles is banned
|rule|Species Clause: Limit one of each Pokémon
|rule|OHKO Clause: OHKO moves are banned
|rule|Evasion Items Clause: Evasion items are banned
|rule|Evasion Moves Clause: Evasion moves are banned
|rule|Evasion Abilities Clause: Evasion abilities are banned
|rule|Sleep Moves Clause: Sleep-inducing moves are banned
|clearpoke
|poke|p1|Dragapult, F|
|poke|p1|Araquanid, M|
|poke|p1|Iron Valiant|
|poke|p1|Rotom-Heat|
|poke|p1|Iron Treads|
|poke|p1|Skarmory, M|
|poke|p2|Ting-Lu|
|poke|p2|Gholdengo|
|poke|p2|Darkrai|
|poke|p2|Pecharunt|
|poke|p2|Zamazenta-*|
|poke|p2|Raging Bolt|
|teampreview
|
|t:|1769310571
|teamsize|p1|6
|teamsize|p2|6
|start
|switch|p1a: Araquanid|Araquanid, M, shiny|100/100
|switch|p2a: Pecharunt|Pecharunt|100/100
|turn|1
|
|t:|1769310576
|switch|p1a: Iron Treads|Iron Treads|100/100
|move|p2a: Pecharunt|Malignant Chain|p1a: Iron Treads
|-immune|p1a: Iron Treads
|
|upkeep
|turn|2
|
|t:|1769310581
|move|p1a: Iron Treads|Earthquake|p2a: Pecharunt
|-supereffective|p2a: Pecharunt
|-damage|p2a: Pecharunt|55/100
|move|p2a: Pecharunt|Parting Shot|p1a: Iron Treads
|-unboost|p1a: Iron Treads|atk|1
|-unboost|p1a: Iron Treads|spa|1
|
|t:|1769310589
|switch|p2a: Darkrai|Darkrai|100/100|[from] Parting Shot
|
|upkeep
|turn|3
|
|t:|1769310597
|-end|p1a: Iron Treads|Quark Drive|[silent]
|switch|p1a: Araquanid|Araquanid, M, shiny|100/100
|move|p2a: Darkrai|Knock Off|p1a: Araquanid
|-damage|p1a: Araquanid|69/100
|-enditem|p1a: Araquanid|Quick Claw|[from] move: Knock Off|[of] p2a: Darkrai
|
|upkeep
|turn|4
|
|t:|1769310605
|move|p2a: Darkrai|Dark Pulse|p1a: Araquanid
|-damage|p1a: Araquanid|32/100
|cant|p1a: Araquanid|flinch
|
|upkeep
|turn|5
|
|t:|1769310612
|move|p2a: Darkrai|Dark Pulse|p1a: Araquanid
|-damage|p1a: Araquanid|0 fnt
|faint|p1a: Araquanid
|
|upkeep
|
|t:|1769310618
|switch|p1a: Rotom|Rotom-Heat|100/100
|turn|6
|
|t:|1769310621
|move|p2a: Darkrai|Dark Pulse|p1a: Rotom
|-damage|p1a: Rotom|42/100
|move|p1a: Rotom|Overheat|p2a: Darkrai
|-damage|p2a: Darkrai|0 fnt
|-unboost|p1a: Rotom|spa|2
|faint|p2a: Darkrai
|
|upkeep
|
|t:|1769310639
|switch|p2a: Ting-Lu|Ting-Lu|100/100
|-ability|p2a: Ting-Lu|Vessel of Ruin
|turn|7
|
|t:|1769310645
|switch|p1a: Skarmory|Skarmory, M|100/100
|move|p2a: Ting-Lu|Stealth Rock|p1a: Skarmory
|-sidestart|p1: InfinityPokeRang3r|move: Stealth Rock
|
|upkeep
|turn|8
|
|t:|1769310667
|switch|p2a: Pecharunt|Pecharunt|55/100
|move|p1a: Skarmory|Stealth Rock|p2a: Pecharunt
|-sidestart|p2: sword over shield|move: Stealth Rock
|
|upkeep
|turn|9
|
|t:|1769310673
|move|p2a: Pecharunt|Shadow Ball|p1a: Skarmory
|-damage|p1a: Skarmory|78/100
|move|p1a: Skarmory|Whirlwind|p2a: Pecharunt
|drag|p2a: Ting-Lu|Ting-Lu|100/100
|-damage|p2a: Ting-Lu|94/100|[from] Stealth Rock
|-ability|p2a: Ting-Lu|Vessel of Ruin
|
|-heal|p2a: Ting-Lu|100/100|[from] item: Leftovers
|upkeep
|turn|10
|
|t:|1769310687
|switch|p1a: Iron Valiant|Iron Valiant|100/100
|-damage|p1a: Iron Valiant|94/100|[from] Stealth Rock
|-enditem|p1a: Iron Valiant|Booster Energy
|-activate|p1a: Iron Valiant|ability: Quark Drive|[fromitem]
|-start|p1a: Iron Valiant|quarkdrivespe
|move|p2a: Ting-Lu|Whirlwind|p1a: Iron Valiant
|-end|p1a: Iron Valiant|Quark Drive|[silent]
|drag|p1a: Rotom|Rotom-Heat|42/100
|-damage|p1a: Rotom|17/100|[from] Stealth Rock
|
|upkeep
|turn|11
|
|t:|1769310703
|move|p1a: Rotom|Overheat|p2a: Ting-Lu
|-damage|p2a: Ting-Lu|63/100
|-unboost|p1a: Rotom|spa|2
|move|p2a: Ting-Lu|Spikes|p1a: Rotom
|-sidestart|p1: InfinityPokeRang3r|Spikes
|
|-heal|p2a: Ting-Lu|69/100|[from] item: Leftovers
|upkeep
|turn|12
|
|t:|1769310768
|move|p1a: Rotom|Overheat|p2a: Ting-Lu
|-damage|p2a: Ting-Lu|52/100
|-unboost|p1a: Rotom|spa|2
|move|p2a: Ting-Lu|Whirlwind|p1a: Rotom
|drag|p1a: Iron Treads|Iron Treads|100/100
|-damage|p1a: Iron Treads|97/100|[from] Stealth Rock
|-damage|p1a: Iron Treads|85/100|[from] Spikes
|
|-heal|p2a: Ting-Lu|58/100|[from] item: Leftovers
|upkeep
|turn|13
|
|t:|1769310779
|move|p1a: Iron Treads|Knock Off|p2a: Ting-Lu
|-resisted|p2a: Ting-Lu
|-damage|p2a: Ting-Lu|49/100
|-enditem|p2a: Ting-Lu|Leftovers|[from] move: Knock Off|[of] p1a: Iron Treads
|move|p2a: Ting-Lu|Earthquake|p1a: Iron Treads
|-supereffective|p1a: Iron Treads
|-damage|p1a: Iron Treads|18/100
|
|upkeep
|turn|14
|
|t:|1769310787
|switch|p2a: Gholdengo|Gholdengo|100/100
|-damage|p2a: Gholdengo|94/100|[from] Stealth Rock
|move|p1a: Iron Treads|Rapid Spin|p2a: Gholdengo
|-immune|p2a: Gholdengo
|
|upkeep
|turn|15
|
|t:|1769310794
|switch|p2a: Zamazenta|Zamazenta|100/100
|-damage|p2a: Zamazenta|94/100|[from] Stealth Rock
|-ability|p2a: Zamazenta|Dauntless Shield|boost
|-boost|p2a: Zamazenta|def|1
|move|p1a: Iron Treads|Earthquake|p2a: Zamazenta
|-damage|p2a: Zamazenta|71/100
|
|-heal|p2a: Zamazenta|77/100|[from] item: Leftovers
|upkeep
|turn|16
|
|t:|1769310803
|move|p2a: Zamazenta|Body Press|p1a: Iron Treads
|-supereffective|p1a: Iron Treads
|-damage|p1a: Iron Treads|0 fnt
|faint|p1a: Iron Treads
|-end|p1a: Iron Treads|Quark Drive|[silent]
|
|-heal|p2a: Zamazenta|83/100|[from] item: Leftovers
|upkeep
|
|t:|1769310808
|switch|p1a: Rotom|Rotom-Heat|17/100
|-damage|p1a: Rotom|0 fnt|[from] Stealth Rock
|faint|p1a: Rotom
|
|t:|1769310812
|switch|p1a: Iron Valiant|Iron Valiant|94/100
|-damage|p1a: Iron Valiant|88/100|[from] Stealth Rock
|-damage|p1a: Iron Valiant|76/100|[from] Spikes
|turn|17
|
|t:|1769310820
|-terastallize|p2a: Zamazenta|Fire
|move|p2a: Zamazenta|Iron Defense|p2a: Zamazenta
|-boost|p2a: Zamazenta|def|2
|move|p1a: Iron Valiant|Moonblast|p2a: Zamazenta
|-resisted|p2a: Zamazenta
|-damage|p2a: Zamazenta|64/100
|
|-heal|p2a: Zamazenta|70/100|[from] item: Leftovers
|upkeep
|turn|18
|
|t:|1769310828
|move|p2a: Zamazenta|Body Press|p1a: Iron Valiant
|-resisted|p1a: Iron Valiant
|-damage|p1a: Iron Valiant|9/100
|move|p1a: Iron Valiant|Encore|p2a: Zamazenta
|-start|p2a: Zamazenta|Encore
|
|-heal|p2a: Zamazenta|76/100|[from] item: Leftovers
|upkeep
|turn|19
|
|t:|1769310838
|-end|p1a: Iron Valiant|Quark Drive|[silent]
|switch|p1a: Dragapult|Dragapult, F|100/100
|-damage|p1a: Dragapult|88/100|[from] Stealth Rock
|-damage|p1a: Dragapult|76/100|[from] Spikes
|move|p2a: Zamazenta|Body Press|p1a: Dragapult
|-immune|p1a: Dragapult
|
|-heal|p1a: Dragapult|82/100|[from] item: Leftovers
|-heal|p2a: Zamazenta|82/100|[from] item: Leftovers
|upkeep
|turn|20
|
|t:|1769310848
|switch|p2a: Raging Bolt|Raging Bolt|100/100
|move|p1a: Dragapult|Dragon Dance|p1a: Dragapult
|-boost|p1a: Dragapult|atk|1
|-boost|p1a: Dragapult|spe|1
|
|-heal|p1a: Dragapult|88/100|[from] item: Leftovers
|upkeep
|turn|21
|
|t:|1769310856
|move|p1a: Dragapult|Substitute|p1a: Dragapult
|-start|p1a: Dragapult|Substitute
|-damage|p1a: Dragapult|63/100
|move|p2a: Raging Bolt|Draco Meteor|p1a: Dragapult
|-supereffective|p1a: Dragapult
|-end|p1a: Dragapult|Substitute
|-unboost|p2a: Raging Bolt|spa|2
|
|-heal|p1a: Dragapult|69/100|[from] item: Leftovers
|upkeep
|turn|22
|
|t:|1769310871
|-end|p2a: Raging Bolt|Protosynthesis|[silent]
|switch|p2a: Gholdengo|Gholdengo|94/100
|-damage|p2a: Gholdengo|88/100|[from] Stealth Rock
|move|p1a: Dragapult|Substitute|p1a: Dragapult
|-start|p1a: Dragapult|Substitute
|-damage|p1a: Dragapult|44/100
|
|-heal|p1a: Dragapult|50/100|[from] item: Leftovers
|upkeep
|turn|23
|
|t:|1769310880
|move|p1a: Dragapult|Dragon Dance|p1a: Dragapult
|-boost|p1a: Dragapult|atk|1
|-boost|p1a: Dragapult|spe|1
|move|p2a: Gholdengo|Shadow Ball|p1a: Dragapult
|-supereffective|p1a: Dragapult
|-end|p1a: Dragapult|Substitute
|
|-heal|p1a: Dragapult|56/100|[from] item: Leftovers
|upkeep
|turn|24
|
|t:|1769310886
|move|p1a: Dragapult|Phantom Force||[still]
|-prepare|p1a: Dragapult|Phantom Force
|move|p2a: Gholdengo|Shadow Ball|p1a: Dragapult|[miss]
|-miss|p2a: Gholdengo|p1a: Dragapult
|
|-heal|p1a: Dragapult|62/100|[from] item: Leftovers
|upkeep
|turn|25
|
|t:|1769310892
|move|p1a: Dragapult|Phantom Force|p2a: Gholdengo|[from] lockedmove
|-supereffective|p2a: Gholdengo
|-damage|p2a: Gholdengo|0 fnt
|faint|p2a: Gholdengo
|
|-heal|p1a: Dragapult|68/100|[from] item: Leftovers
|upkeep
|
|t:|1769310899
|switch|p2a: Raging Bolt|Raging Bolt|100/100
|turn|26
|
|t:|1769310905
|move|p1a: Dragapult|Substitute|p1a: Dragapult
|-start|p1a: Dragapult|Substitute
|-damage|p1a: Dragapult|43/100
|move|p2a: Raging Bolt|Calm Mind|p2a: Raging Bolt
|-boost|p2a: Raging Bolt|spa|1
|-boost|p2a: Raging Bolt|spd|1
|
|-heal|p1a: Dragapult|49/100|[from] item: Leftovers
|upkeep
|turn|27
|
|t:|1769310910
|move|p2a: Raging Bolt|Thunderclap|p1a: Dragapult
|-resisted|p1a: Dragapult
|-end|p1a: Dragapult|Substitute
|move|p1a: Dragapult|Dragon Darts|p2a: Raging Bolt
|-supereffective|p2a: Raging Bolt
|-damage|p2a: Raging Bolt|39/100
|-anim|p1a: Dragapult|Dragon Darts|p2a: Raging Bolt
|-supereffective|p2a: Raging Bolt
|-damage|p2a: Raging Bolt|0 fnt
|faint|p2a: Raging Bolt
|-end|p2a: Raging Bolt|Protosynthesis|[silent]
|
|-heal|p1a: Dragapult|55/100|[from] item: Leftovers
|upkeep
|
|t:|1769310917
|switch|p2a: Pecharunt|Pecharunt|55/100
|turn|28
|
|t:|1769310920
|move|p1a: Dragapult|Phantom Force||[still]
|-prepare|p1a: Dragapult|Phantom Force
|move|p2a: Pecharunt|Shadow Ball|p1a: Dragapult|[miss]
|-miss|p2a: Pecharunt|p1a: Dragapult
|
|-heal|p1a: Dragapult|61/100|[from] item: Leftovers
|upkeep
|turn|29
|-message|sword over shield forfeited.
|
|win|InfinityPokeRang3r
|raw|InfinityPokeRang3r's rating: 1430 &rarr; <strong>1452</strong><br />(+22 for winning)
|raw|sword over shield's rating: 1464 &rarr; <strong>1442</strong><br />(-22 for losing)
|l|☆sword over shield
|player|p2|
|l|☆InfinityPokeRang3r
|player|p1|
