|j|☆tgemvgc
|j|☆LaportaPotty
|t:|1769317515
|gametype|singles
|player|p1|tgemvgc|diantha-masters|1455
|player|p2|LaportaPotty|169|1465
|gen|9
|tier|[Gen 9] OU
|rated|
|rule|HP Percentage Mod: HP is shown in percentages
|rule|Endless Battle Clause: Forcing endless battles is banned
|rule|Species Clause: Limit one of each Pokémon
|rule|OHKO Clause: OHKO moves are banned
|rule|Evasion Items Clause: Evasion items are banned
|rule|Evasion Moves Clause: Evasion moves are banned
|rule|Evasion Abilities Clause: Evasion abilities are banned
|rule|Sleep Moves Clause: Sleep-inducing moves are banned
|clearpoke
|poke|p1|Great Tusk|
|poke|p1|Pecharunt|
|poke|p1|Iron Valiant|
|poke|p1|Iron Crown|
|poke|p1|Samurott-Hisui, M|
|poke|p1|Dragonite, M|
|poke|p2|Okidogi, M|
|poke|p2|Raging Bolt|
|poke|p2|Moltres|
|poke|p2|Sinistcha|
|poke|p2|Iron Treads|
|poke|p2|Tyranitar, F|
|teampreview
|inactive|Battle timer is ON: inactive players will automatically lose when time's up. (requested by LaportaPotty)
|
|t:|1769317540
|teamsize|p1|6
|teamsize|p2|6
|start
|switch|p1a: Great Tusk|Great Tusk, shiny|100/100
|switch|p2a: Tyranitar|Tyranitar, F|100/100
|-weather|Sandstorm|[from] ability: Sand Stream|[of] p2a: Tyranitar
|turn|1
|
|t:|1769317552
|switch|p2a: Sinistcha|Sinistcha|100/100
|move|p1a: Great Tusk|Stealth Rock|p2a: Sinistcha
|-sidestart|p2: LaportaPotty|move: Stealth Rock
|
|-weather|Sandstorm|[upkeep]
|-damage|p2a: Sinistcha|94/100|[from] Sandstorm
|upkeep
|turn|2
|
|t:|1769317580
|-end|p1a: Great Tusk|Protosynthesis|[silent]
|switch|p1a: Iron Crown|Iron Crown|100/100
|move|p2a: Sinistcha|Matcha Gotcha|p1a: Iron Crown
|-resisted|p1a: Iron Crown
|-damage|p1a: Iron Crown|90/100
|-heal|p2a: Sinistcha|99/100|[from] drain|[of] p1a: Iron Crown
|
|-weather|Sandstorm|[upkeep]
|-damage|p2a: Sinistcha|93/100|[from] Sandstorm
|upkeep
|turn|3
|
|t:|1769317595
|switch|p2a: Moltres|Moltres|100/100
|move|p1a: Iron Crown|Psychic Noise|p2a: Moltres
|-damage|p2a: Moltres|64/100
|-start|p2a: Moltres|move: Heal Block
|
|-weather|Sandstorm|[upkeep]
|-damage|p2a: Moltres|58/100|[from] Sandstorm
|upkeep
|turn|4
|
|t:|1769317603
|switch|p2a: Tyranitar|Tyranitar, F|100/100
|-damage|p2a: Tyranitar|88/100|[from] Stealth Rock
|move|p1a: Iron Crown|Volt Switch|p2a: Tyranitar
|-damage|p2a: Tyranitar|73/100
|
|t:|1769317616
|-end|p1a: Iron Crown|Quark Drive|[silent]
|switch|p1a: Great Tusk|Great Tusk, shiny|100/100|[from] Volt Switch
|
|-weather|Sandstorm|[upkeep]
|-heal|p2a: Tyranitar|79/100|[from] item: Leftovers
|upkeep
|turn|5
|
|t:|1769317627
|-terastallize|p2a: Tyranitar|Fighting
|move|p1a: Great Tusk|Ice Spinner|p2a: Tyranitar
|-damage|p2a: Tyranitar|60/100
|move|p2a: Tyranitar|Dragon Dance|p2a: Tyranitar
|-boost|p2a: Tyranitar|atk|1
|-boost|p2a: Tyranitar|spe|1
|
|-weather|none
|-heal|p2a: Tyranitar|66/100|[from] item: Leftovers
|upkeep
|turn|6
|inactive|tgemvgc has 120 seconds left.
|
|t:|1769317654
|move|p2a: Tyranitar|Low Kick|p1a: Great Tusk
|-damage|p1a: Great Tusk|45/100
|move|p1a: Great Tusk|Rapid Spin|p2a: Tyranitar
|-damage|p2a: Tyranitar|53/100
|-boost|p1a: Great Tusk|spe|1
|
|-heal|p2a: Tyranitar|59/100|[from] item: Leftovers
|upkeep
|turn|7
|
|t:|1769317661
|move|p1a: Great Tusk|Headlong Rush|p2a: Tyranitar
|-crit|p2a: Tyranitar
|-damage|p2a: Tyranitar|0 fnt
|-unboost|p1a: Great Tusk|def|1
|-unboost|p1a: Great Tusk|spd|1
|faint|p2a: Tyranitar
|
|upkeep
|
|t:|1769317664
|switch|p2a: Sinistcha|Sinistcha|93/100
|turn|8
|
|t:|1769317682
|move|p1a: Great Tusk|Ice Spinner|p2a: Sinistcha
|-supereffective|p2a: Sinistcha
|-damage|p2a: Sinistcha|57/100
|move|p2a: Sinistcha|Shadow Ball|p1a: Great Tusk
|-damage|p1a: Great Tusk|0 fnt
|faint|p1a: Great Tusk
|-end|p1a: Great Tusk|Protosynthesis|[silent]
|
|upkeep
|
|t:|1769317686
|switch|p1a: Samurott|Samurott-Hisui, M, shiny|100/100
|turn|9
|
|t:|1769317694
|switch|p2a: Moltres|Moltres|58/100
|move|p1a: Samurott|Knock Off|p2a: Moltres
|-damage|p2a: Moltres|16/100
|-enditem|p2a: Moltres|Heavy-Duty Boots|[from] move: Knock Off|[of] p1a: Samurott
|
|upkeep
|turn|10
|
|t:|1769317704
|move|p1a: Samurott|Flip Turn|p2a: Moltres
|-supereffective|p2a: Moltres
|-damage|p2a: Moltres|0 fnt
|faint|p2a: Moltres
|inactive|tgemvgc has 120 seconds left.
|
|t:|1769317734
|switch|p1a: Pecharunt|Pecharunt|100/100|[from] Flip Turn
|
|upkeep
|
|t:|1769317748
|switch|p2a: Okidogi|Okidogi, M|100/100
|-damage|p2a: Okidogi|94/100|[from] Stealth Rock
|turn|11
|
|t:|1769317758
|move|p1a: Pecharunt|Parting Shot|p2a: Okidogi
|-unboost|p2a: Okidogi|atk|1
|-unboost|p2a: Okidogi|spa|1
|
|t:|1769317764
|switch|p1a: Iron Crown|Iron Crown|90/100|[from] Parting Shot
|move|p2a: Okidogi|Knock Off|p1a: Iron Crown
|-supereffective|p1a: Iron Crown
|-damage|p1a: Iron Crown|41/100
|-enditem|p1a: Iron Crown|Assault Vest|[from] move: Knock Off|[of] p2a: Okidogi
|
|upkeep
|turn|12
|
|t:|1769317773
|switch|p2a: Iron Treads|Iron Treads|100/100
|move|p1a: Iron Crown|Future Sight|p2a: Iron Treads
|-start|p1a: Iron Crown|move: Future Sight
|
|upkeep
|turn|13
|
|t:|1769317784
|move|p2a: Iron Treads|Ice Spinner|p1a: Iron Crown
|-resisted|p1a: Iron Crown
|-damage|p1a: Iron Crown|29/100
|move|p1a: Iron Crown|Tachyon Cutter|p2a: Iron Treads
|-resisted|p2a: Iron Treads
|-damage|p2a: Iron Treads|81/100
|-resisted|p2a: Iron Treads
|-damage|p2a: Iron Treads|65/100
|-hitcount|p2a: Iron Treads|2
|
|upkeep
|turn|14
|
|t:|1769317796
|move|p2a: Iron Treads|Rapid Spin|p1a: Iron Crown
|-resisted|p1a: Iron Crown
|-damage|p1a: Iron Crown|20/100
|-boost|p2a: Iron Treads|spe|1
|-sideend|p2: LaportaPotty|Stealth Rock|[from] move: Rapid Spin|[of] p2a: Iron Treads
|move|p1a: Iron Crown|Tachyon Cutter|p2a: Iron Treads
|-resisted|p2a: Iron Treads
|-damage|p2a: Iron Treads|48/100
|-resisted|p2a: Iron Treads
|-damage|p2a: Iron Treads|31/100
|-hitcount|p2a: Iron Treads|2
|
|-end|p2a: Iron Treads|move: Future Sight
|-resisted|p2a: Iron Treads
|-damage|p2a: Iron Treads|0 fnt
|faint|p2a: Iron Treads
|-end|p2a: Iron Treads|Quark Drive|[silent]
|upkeep
|
|t:|1769317800
|switch|p2a: Raging Bolt|Raging Bolt|100/100
|-enditem|p2a: Raging Bolt|Booster Energy
|-activate|p2a: Raging Bolt|ability: Protosynthesis|[fromitem]
|-start|p2a: Raging Bolt|protosynthesisspa
|turn|15
|
|t:|1769317806
|move|p1a: Iron Crown|Future Sight|p2a: Raging Bolt
|-start|p1a: Iron Crown|move: Future Sight
|move|p2a: Raging Bolt|Thunderbolt|p1a: Iron Crown
|-damage|p1a: Iron Crown|0 fnt
|faint|p1a: Iron Crown
|-end|p1a: Iron Crown|Quark Drive|[silent]
|
|upkeep
|
|t:|1769317820
|switch|p1a: Iron Valiant|Iron Valiant, shiny|100/100
|turn|16
|
|t:|1769317826
|move|p1a: Iron Valiant|Moonblast|p2a: Raging Bolt
|-supereffective|p2a: Raging Bolt
|-damage|p2a: Raging Bolt|0 fnt
|faint|p2a: Raging Bolt
|-end|p2a: Raging Bolt|Protosynthesis|[silent]
|
|upkeep
|
|t:|1769317829
|switch|p2a: Sinistcha|Sinistcha|57/100
|turn|17
|
|t:|1769317832
|move|p1a: Iron Valiant|Moonblast|p2a: Sinistcha
|-damage|p2a: Sinistcha|0 fnt
|faint|p2a: Sinistcha
|
|-hint|Future Sight did not hit because the target is fainted.
|upkeep
|
|t:|1769317834
|switch|p2a: Okidogi|Okidogi, M|94/100
|turn|18
|
|t:|1769317841
|move|p1a: Iron Valiant|Moonblast|p2a: Okidogi
|-damage|p2a: Okidogi|48/100
|move|p2a: Okidogi|Gunk Shot|p1a: Iron Valiant
|-supereffective|p1a: Iron Valiant
|-damage|p1a: Iron Valiant|0 fnt
|faint|p1a: Iron Valiant
|-end|p1a: Iron Valiant|Quark Drive|[silent]
|
|upkeep
|
|t:|1769317847
|switch|p1a: Dragonite|Dragonite, M, shiny|100/100
|turn|19
|
|t:|1769317850
|move|p1a: Dragonite|Earthquake|p2a: Okidogi
|-supereffective|p2a: Okidogi
|-damage|p2a: Okidogi|0 fnt
|faint|p2a: Okidogi
|
|win|tgemvgc
|raw|tgemvgc's rating: 1455 &rarr; <strong>1476</strong><br />(+21 for winning)
|raw|LaportaPotty's rating: 1465 &rarr; <strong>1444</strong><br />(-21 for losing)
|c|☆LaportaPotty|gg
|c|☆tgemvgc|gg
|l|☆LaportaPotty
|player|p2|
|l|☆tgemvgc
|player|p1|
