|j|☆CelerySam
|j|☆Schrosch
|t:|1769315671
|gametype|singles
|player|p1|CelerySam|102|1103
|player|p2|Schrosch|169|1139
|gen|9
|tier|[Gen 9] OU
|rated|
|rule|HP Percentage Mod: HP is shown in percentages
|rule|Endless Battle Clause: Forcing endless battles is banned
|rule|Species Clause: Limit one of each Pokémon
|rule|OHKO Clause: OHKO moves are banned
|rule|Evasion Items Clause: Evasion items are banned
|rule|Evasion Moves Clause: Evasion moves are banned
|rule|Evasion Abilities Clause: Evasion abilities are banned
|rule|Sleep Moves Clause: Sleep-inducing moves are banned
|clearpoke
|poke|p1|Toxapex, F|
|poke|p1|Skeledirge, M|
|poke|p1|Umbreon, F|
|poke|p1|Salamence, F|
|poke|p1|Breloom, M|
|poke|p1|Great Tusk|
|poke|p2|Porygon-Z|
|poke|p2|Gardevoir, M|
|poke|p2|Probopass, F|
|poke|p2|Great Tusk|
|poke|p2|Corviknight, F|
|poke|p2|Serperior, M|
|teampreview
|
|t:|1769315698
|teamsize|p1|6
|teamsize|p2|6
|start
|switch|p1a: Toxapex|Toxapex, F|100/100
|switch|p2a: Great Tusk|Great Tusk|100/100
|turn|1
|inactive|Battle timer is ON: inactive players will automatically lose when time's up. (requested by Schrosch)
|
|t:|1769315708
|move|p2a: Great Tusk|Earthquake|p1a: Toxapex
|-supereffective|p1a: Toxapex
|-damage|p1a: Toxapex|41/100
|move|p1a: Toxapex|Toxic Spikes|p2a: Great Tusk
|-sidestart|p2: Schrosch|move: Toxic Spikes
|
|-heal|p1a: Toxapex|48/100|[from] item: Black Sludge
|upkeep
|turn|2
|
|t:|1769315718
|move|p1a: Toxapex|Baneful Bunker|p1a: Toxapex
|-singleturn|p1a: Toxapex|move: Protect
|move|p2a: Great Tusk|Earthquake|p1a: Toxapex
|-activate|p1a: Toxapex|move: Protect
|
|-heal|p1a: Toxapex|54/100|[from] item: Black Sludge
|upkeep
|turn|3
|
|t:|1769315727
|move|p2a: Great Tusk|Earthquake|p1a: Toxapex
|-supereffective|p1a: Toxapex
|-damage|p1a: Toxapex|0 fnt
|faint|p1a: Toxapex
|
|upkeep
|
|t:|1769315737
|switch|p1a: Salamence|Salamence, F|100/100
|turn|4
|
|t:|1769315751
|-terastallize|p1a: Salamence|Flying
|move|p2a: Great Tusk|Rapid Spin|p1a: Salamence
|-damage|p1a: Salamence|86/100
|-boost|p2a: Great Tusk|spe|1
|-sideend|p2: Schrosch|Toxic Spikes|[from] move: Rapid Spin|[of] p2a: Great Tusk
|move|p1a: Salamence|Tera Blast|p2a: Great Tusk|[anim] Tera Blast Flying
|-supereffective|p2a: Great Tusk
|-damage|p2a: Great Tusk|24/100
|
|-heal|p2a: Great Tusk|30/100|[from] item: Leftovers
|upkeep
|turn|5
|
|t:|1769315765
|-end|p2a: Great Tusk|Protosynthesis|[silent]
|switch|p2a: Corviknight|Corviknight, F|100/100
|-ability|p2a: Corviknight|Pressure
|move|p1a: Salamence|Dragon Dance|p1a: Salamence
|-boost|p1a: Salamence|atk|1
|-boost|p1a: Salamence|spe|1
|
|upkeep
|turn|6
|
|t:|1769315780
|move|p1a: Salamence|Dragon Dance|p1a: Salamence
|-boost|p1a: Salamence|atk|1
|-boost|p1a: Salamence|spe|1
|move|p2a: Corviknight|Brave Bird|p1a: Salamence
|-damage|p1a: Salamence|47/100
|-damage|p2a: Corviknight|89/100|[from] Recoil
|
|upkeep
|turn|7
|
|t:|1769315794
|move|p1a: Salamence|Tera Blast|p2a: Corviknight|[anim] Tera Blast Flying
|-resisted|p2a: Corviknight
|-damage|p2a: Corviknight|56/100
|move|p2a: Corviknight|U-turn|p1a: Salamence
|-resisted|p1a: Salamence
|-damage|p1a: Salamence|40/100
|
|t:|1769315800
|switch|p2a: Probopass|Probopass, F|100/100|[from] U-turn
|
|upkeep
|turn|8
|
|t:|1769315808
|switch|p2a: Corviknight|Corviknight, F|56/100
|-ability|p2a: Corviknight|Pressure
|move|p1a: Salamence|Earthquake|p2a: Corviknight
|-immune|p2a: Corviknight
|
|upkeep
|turn|9
|
|t:|1769315819
|move|p1a: Salamence|Dragon Dance|p1a: Salamence
|-boost|p1a: Salamence|atk|1
|-boost|p1a: Salamence|spe|1
|move|p2a: Corviknight|Roost|p2a: Corviknight
|-heal|p2a: Corviknight|100/100
|-singleturn|p2a: Corviknight|move: Roost
|
|upkeep
|turn|10
|
|t:|1769315827
|move|p1a: Salamence|Dragon Claw|p2a: Corviknight
|-resisted|p2a: Corviknight
|-damage|p2a: Corviknight|71/100
|-damage|p1a: Salamence|24/100|[from] item: Rocky Helmet|[of] p2a: Corviknight
|move|p2a: Corviknight|Brave Bird|p1a: Salamence
|-damage|p1a: Salamence|0 fnt
|faint|p1a: Salamence
|-damage|p2a: Corviknight|64/100|[from] Recoil
|
|upkeep
|
|t:|1769315839
|switch|p1a: Skeledirge|Skeledirge, M|100/100
|turn|11
|
|t:|1769315855
|switch|p2a: Probopass|Probopass, F|100/100
|move|p1a: Skeledirge|Torch Song|p2a: Probopass
|-damage|p2a: Probopass|71/100
|-boost|p1a: Skeledirge|spa|1
|
|upkeep
|turn|12
|
|t:|1769315866
|move|p1a: Skeledirge|Torch Song|p2a: Probopass
|-damage|p2a: Probopass|30/100
|-boost|p1a: Skeledirge|spa|1
|move|p2a: Probopass|Power Gem|p1a: Skeledirge
|-supereffective|p1a: Skeledirge
|-crit|p1a: Skeledirge
|-damage|p1a: Skeledirge|35/100
|
|-heal|p1a: Skeledirge|41/100|[from] item: Leftovers
|upkeep
|turn|13
|
|t:|1769315894
|move|p1a: Skeledirge|Torch Song|p2a: Probopass
|-damage|p2a: Probopass|0 fnt
|-boost|p1a: Skeledirge|spa|1
|faint|p2a: Probopass
|
|-heal|p1a: Skeledirge|48/100|[from] item: Leftovers
|upkeep
|
|t:|1769315900
|switch|p2a: Gardevoir|Gardevoir, M|100/100
|-ability|p2a: Gardevoir|Unaware|Trace|[from] ability: Trace|[of] p1a: Skeledirge
|turn|14
|inactive|Schrosch has 120 seconds left.
|
|t:|1769315925
|switch|p2a: Porygon-Z|Porygon-Z|100/100
|move|p1a: Skeledirge|Rest|p1a: Skeledirge
|-status|p1a: Skeledirge|slp|[from] move: Rest
|-heal|p1a: Skeledirge|100/100 slp|[silent]
|
|upkeep
|turn|15
|inactive|Schrosch has 120 seconds left.
|
|t:|1769315934
|-terastallize|p2a: Porygon-Z|Dark
|move|p2a: Porygon-Z|Tera Blast|p1a: Skeledirge|[anim] Tera Blast Dark
|-supereffective|p1a: Skeledirge
|-damage|p1a: Skeledirge|0 fnt
|faint|p1a: Skeledirge
|
|upkeep
|
|t:|1769315942
|switch|p1a: Breloom|Breloom, M|100/100
|turn|16
|
|t:|1769315955
|move|p2a: Porygon-Z|Ice Beam|p1a: Breloom
|-supereffective|p1a: Breloom
|-damage|p1a: Breloom|0 fnt
|faint|p1a: Breloom
|
|upkeep
|
|t:|1769315960
|switch|p1a: Great Tusk|Great Tusk|100/100
|turn|17
|
|t:|1769315969
|move|p2a: Porygon-Z|Ice Beam|p1a: Great Tusk
|-supereffective|p1a: Great Tusk
|-damage|p1a: Great Tusk|34/100
|move|p1a: Great Tusk|Earthquake|p2a: Porygon-Z
|-damage|p2a: Porygon-Z|37/100
|
|upkeep
|turn|18
|
|t:|1769315977
|move|p2a: Porygon-Z|Ice Beam|p1a: Great Tusk
|-supereffective|p1a: Great Tusk
|-damage|p1a: Great Tusk|0 fnt
|faint|p1a: Great Tusk
|-end|p1a: Great Tusk|Protosynthesis|[silent]
|
|upkeep
|
|t:|1769315982
|switch|p1a: Umbreon|Umbreon, F|100/100
|turn|19
|
|t:|1769315990
|switch|p2a: Gardevoir|Gardevoir, M|100/100
|-ability|p2a: Gardevoir|Synchronize|Trace|[from] ability: Trace|[of] p1a: Umbreon
|move|p1a: Umbreon|Toxic|p2a: Gardevoir
|-status|p2a: Gardevoir|tox
|-activate|p2a: Gardevoir|ability: Synchronize
|-status|p1a: Umbreon|tox
|-activate|p1a: Umbreon|ability: Synchronize
|-fail|p2a: Gardevoir|tox
|-enditem|p2a: Gardevoir|Pecha Berry|[eat]
|-curestatus|p2a: Gardevoir|tox|[msg]
|
|-damage|p1a: Umbreon|94/100 tox|[from] psn
|upkeep
|turn|20
|
|t:|1769316006
|move|p2a: Gardevoir|Substitute|p2a: Gardevoir
|-start|p2a: Gardevoir|Substitute
|-damage|p2a: Gardevoir|76/100
|move|p1a: Umbreon|Dark Pulse|p2a: Gardevoir
|-activate|p2a: Gardevoir|move: Substitute|[damage]
|
|-heal|p1a: Umbreon|100/100 tox|[from] item: Leftovers
|-damage|p1a: Umbreon|88/100 tox|[from] psn
|upkeep
|turn|21
|
|t:|1769316015
|move|p2a: Gardevoir|Moonblast|p1a: Umbreon
|-supereffective|p1a: Umbreon
|-damage|p1a: Umbreon|24/100 tox
|move|p1a: Umbreon|Dark Pulse|p2a: Gardevoir
|-end|p2a: Gardevoir|Substitute
|
|-heal|p1a: Umbreon|30/100 tox|[from] item: Leftovers
|-damage|p1a: Umbreon|12/100 tox|[from] psn
|upkeep
|turn|22
|
|t:|1769316024
|move|p2a: Gardevoir|Trick|p1a: Umbreon
|-activate|p2a: Gardevoir|move: Trick|[of] p1a: Umbreon
|-enditem|p1a: Umbreon|Leftovers|[silent]|[from] move: Trick
|-item|p2a: Gardevoir|Leftovers|[from] move: Trick
|move|p1a: Umbreon|Moonlight|p1a: Umbreon
|-heal|p1a: Umbreon|62/100 tox
|
|-heal|p2a: Gardevoir|82/100|[from] item: Leftovers
|-damage|p1a: Umbreon|38/100 tox|[from] psn
|upkeep
|turn|23
|
|t:|1769316033
|move|p2a: Gardevoir|Substitute|p2a: Gardevoir
|-start|p2a: Gardevoir|Substitute
|-damage|p2a: Gardevoir|57/100
|move|p1a: Umbreon|Dark Pulse|p2a: Gardevoir
|-activate|p2a: Gardevoir|move: Substitute|[damage]
|
|-heal|p2a: Gardevoir|63/100|[from] item: Leftovers
|-damage|p1a: Umbreon|7/100 tox|[from] psn
|upkeep
|turn|24
|-message|CelerySam forfeited.
|
|win|Schrosch
|raw|CelerySam's rating: 1103 &rarr; <strong>1081</strong><br />(-22 for losing)
|raw|Schrosch's rating: 1139 &rarr; <strong>1161</strong><br />(+22 for winning)
|l|☆CelerySam
|player|p1|
