|j|☆Jomiel
|j|☆Dame123
|t:|1769415436
|gametype|singles
|player|p1|Jomiel|clown|1142
|player|p2|Dame123|169|1088
|gen|9
|tier|[Gen 9] OU
|rated|
|rule|HP Percentage Mod: HP is shown in percentages
|rule|Endless Battle Clause: Forcing endless battles is banned
|rule|Species Clause: Limit one of each Pokémon
|rule|OHKO Clause: OHKO moves are banned
|rule|Evasion Items Clause: Evasion items are banned
|rule|Evasion Moves Clause: Evasion moves are banned
|rule|Evasion Abilities Clause: Evasion abilities are banned
|rule|Sleep Moves Clause: Sleep-inducing moves are banned
|clearpoke
|poke|p1|Cresselia, F|
|poke|p1|Hatterene, F|
|poke|p1|Iron Hands|
|poke|p1|Ursaluna, M|
|poke|p1|Torkoal, M|
|poke|p1|Scream Tail|
|poke|p2|Incineroar, F|
|poke|p2|Kyurem|
|poke|p2|Golem, F|
|poke|p2|Garganacl, M|
|poke|p2|Hoopa-Unbound|
|poke|p2|Gliscor, F|
|teampreview
|
|t:|1769415444
|teamsize|p1|6
|teamsize|p2|6
|start
|switch|p1a: Scream Tail|Scream Tail|100/100
|switch|p2a: Kyurem|Kyurem|100/100
|-ability|p2a: Kyurem|Pressure
|turn|1
|
|t:|1769415453
|move|p2a: Kyurem|Dragon Dance|p2a: Kyurem
|-boost|p2a: Kyurem|atk|1
|-boost|p2a: Kyurem|spe|1
|move|p1a: Scream Tail|Stealth Rock|p2a: Kyurem
|-sidestart|p2: Dame123|move: Stealth Rock
|
|upkeep
|turn|2
|
|t:|1769415458
|move|p2a: Kyurem|Icicle Spear|p1a: Scream Tail
|-damage|p1a: Scream Tail|86/100
|-damage|p1a: Scream Tail|71/100
|-damage|p1a: Scream Tail|56/100
|-damage|p1a: Scream Tail|42/100
|-damage|p1a: Scream Tail|28/100
|-hitcount|p1a: Scream Tail|5
|move|p1a: Scream Tail|Roar|p2a: Kyurem
|drag|p2a: Hoopa|Hoopa-Unbound|100/100
|-damage|p2a: Hoopa|88/100|[from] Stealth Rock
|
|upkeep
|turn|3
|
|t:|1769415472
|move|p2a: Hoopa|Psyshock|p1a: Scream Tail
|-resisted|p1a: Scream Tail
|-damage|p1a: Scream Tail|9/100
|move|p1a: Scream Tail|Trick Room|p1a: Scream Tail
|-fieldstart|move: Trick Room|[of] p1a: Scream Tail
|
|upkeep
|turn|4
|
|t:|1769415484
|move|p2a: Hoopa|Energy Ball|p1a: Scream Tail
|-damage|p1a: Scream Tail|0 fnt
|faint|p1a: Scream Tail
|-end|p1a: Scream Tail|Protosynthesis|[silent]
|
|upkeep
|
|t:|1769415495
|switch|p1a: Torkoal|Torkoal, M|100/100
|-weather|SunnyDay|[from] ability: Drought|[of] p1a: Torkoal
|turn|5
|
|t:|1769415500
|move|p1a: Torkoal|Weather Ball|p2a: Hoopa
|-damage|p2a: Hoopa|0 fnt
|faint|p2a: Hoopa
|
|-weather|SunnyDay|[upkeep]
|upkeep
|
|t:|1769415507
|switch|p2a: Golem|Golem, F|100/100
|-damage|p2a: Golem|95/100|[from] Stealth Rock
|turn|6
|
|t:|1769415516
|move|p1a: Torkoal|Weather Ball|p2a: Golem
|-resisted|p2a: Golem
|-damage|p2a: Golem|49/100
|move|p2a: Golem|Earthquake|p1a: Torkoal
|-supereffective|p1a: Torkoal
|-damage|p1a: Torkoal|17/100
|
|-weather|SunnyDay|[upkeep]
|upkeep
|turn|7
|
|t:|1769415530
|move|p1a: Torkoal|Weather Ball|p2a: Golem
|-resisted|p2a: Golem
|-damage|p2a: Golem|1/100
|move|p2a: Golem|Double-Edge|p1a: Torkoal
|-damage|p1a: Torkoal|0 fnt
|faint|p1a: Torkoal
|
|-weather|SunnyDay|[upkeep]
|-fieldend|move: Trick Room
|upkeep
|inactive|Battle timer is ON: inactive players will automatically lose when time's up. (requested by Dame123)
|
|t:|1769415567
|switch|p1a: Cresselia|Cresselia, F|100/100
|turn|8
|
|t:|1769415571
|move|p2a: Golem|Explosion|p1a: Cresselia
|-damage|p1a: Cresselia|45/100
|faint|p2a: Golem
|move|p1a: Cresselia|Trick Room|p1a: Cresselia
|-fieldstart|move: Trick Room|[of] p1a: Cresselia
|
|-weather|SunnyDay|[upkeep]
|upkeep
|
|t:|1769415581
|switch|p2a: Garganacl|Garganacl, M|100/100
|-damage|p2a: Garganacl|88/100|[from] Stealth Rock
|turn|9
|
|t:|1769415591
|switch|p1a: Iron Hands|Iron Hands|100/100
|-enditem|p1a: Iron Hands|Booster Energy
|-activate|p1a: Iron Hands|ability: Quark Drive|[fromitem]
|-start|p1a: Iron Hands|quarkdriveatk
|move|p2a: Garganacl|Salt Cure|p1a: Iron Hands
|-resisted|p1a: Iron Hands
|-damage|p1a: Iron Hands|95/100
|-start|p1a: Iron Hands|Salt Cure
|
|-weather|none
|-heal|p2a: Garganacl|94/100|[from] item: Leftovers
|-damage|p1a: Iron Hands|82/100|[from] Salt Cure
|upkeep
|turn|10
|
|t:|1769415606
|move|p2a: Garganacl|Recover|p2a: Garganacl
|-heal|p2a: Garganacl|100/100
|move|p1a: Iron Hands|Close Combat|p2a: Garganacl
|-supereffective|p2a: Garganacl
|-damage|p2a: Garganacl|0 fnt
|-unboost|p1a: Iron Hands|def|1
|-unboost|p1a: Iron Hands|spd|1
|faint|p2a: Garganacl
|
|-damage|p1a: Iron Hands|70/100|[from] Salt Cure
|upkeep
|
|t:|1769415618
|switch|p2a: Gliscor|Gliscor, F|100/100
|-damage|p2a: Gliscor|88/100|[from] Stealth Rock
|turn|11
|inactive|Jomiel has 120 seconds left.
|
|t:|1769415658
|move|p1a: Iron Hands|Ice Punch|p2a: Gliscor
|-supereffective|p2a: Gliscor
|-damage|p2a: Gliscor|0 fnt
|faint|p2a: Gliscor
|
|-damage|p1a: Iron Hands|57/100|[from] Salt Cure
|upkeep
|
|t:|1769415666
|switch|p2a: Incineroar|Incineroar, F|100/100
|-damage|p2a: Incineroar|76/100|[from] Stealth Rock
|-ability|p2a: Incineroar|Intimidate|boost
|-unboost|p1a: Iron Hands|atk|1
|turn|12
|inactive|Jomiel has 120 seconds left.
|-message|Dame123 forfeited.
|
|win|Jomiel
|raw|Jomiel's rating: 1142 &rarr; <strong>1163</strong><br />(+21 for winning)
|raw|Dame123's rating: 1088 &rarr; <strong>1068</strong><br />(-20 for losing)
|l|☆Dame123
|player|p2|
