|j|☆LaportaPotty
|j|☆SpDy Test
|t:|1769426066
|gametype|singles
|player|p1|LaportaPotty|170|1302
|player|p2|SpDy Test|unknown|1229
|gen|9
|tier|[Gen 9] OU
|rated|
|rule|HP Percentage Mod: HP is shown in percentages
|rule|Endless Battle Clause: Forcing endless battles is banned
|rule|Species Clause: Limit one of each Pokémon
|rule|OHKO Clause: OHKO moves are banned
|rule|Evasion Items Clause: Evasion items are banned
|rule|Evasion Moves Clause: Evasion moves are banned
|rule|Evasion Abilities Clause: Evasion abilities are banned
|rule|Sleep Moves Clause: Sleep-inducing moves are banned
|clearpoke
|poke|p1|Duraludon, F|
|poke|p1|Primarina, M|
|poke|p1|Landorus-Therian, M|
|poke|p1|Mew|
|poke|p1|Tinkaton, F|
|poke|p1|Dragonite, M|
|poke|p2|Gholdengo|
|poke|p2|Cyclizar, M|
|poke|p2|Slowking-Galar, M|
|poke|p2|Dragonite, F|
|poke|p2|Alomomola, F|
|poke|p2|Clefable, F|
|teampreview
|inactive|Battle timer is ON: inactive players will automatically lose when time's up. (requested by SpDy Test)
|
|t:|1769426075
|teamsize|p1|6
|teamsize|p2|6
|start
|switch|p1a: Mew|Mew|100/100
|switch|p2a: Clefable|Clefable, F|100/100
|turn|1
|
|t:|1769426084
|move|p1a: Mew|Taunt|p2a: Clefable
|-start|p2a: Clefable|move: Taunt
|cant|p2a: Clefable|move: Taunt|Trick
|
|upkeep
|turn|2
|
|t:|1769426092
|switch|p2a: Gholdengo|Gholdengo|100/100
|move|p1a: Mew|Spikes|p2a: Gholdengo
|-sidestart|p2: SpDy Test|Spikes
|
|upkeep
|turn|3
|
|t:|1769426097
|move|p1a: Mew|U-turn|p2a: Gholdengo
|-resisted|p2a: Gholdengo
|-damage|p2a: Gholdengo|97/100
|
|t:|1769426108
|switch|p1a: Duraludon|Duraludon, F|100/100|[from] U-turn
|move|p2a: Gholdengo|Make It Rain|p1a: Duraludon
|-resisted|p1a: Duraludon
|-damage|p1a: Duraludon|37/100
|-unboost|p2a: Gholdengo|spa|1
|
|upkeep
|turn|4
|
|t:|1769426116
|move|p2a: Gholdengo|Make It Rain|p1a: Duraludon
|-resisted|p1a: Duraludon
|-damage|p1a: Duraludon|0 fnt
|-unboost|p2a: Gholdengo|spa|1
|faint|p1a: Duraludon
|
|upkeep
|
|t:|1769426129
|switch|p1a: Landorus|Landorus-Therian, M|100/100
|-ability|p1a: Landorus|Intimidate|boost
|-unboost|p2a: Gholdengo|atk|1
|turn|5
|
|t:|1769426136
|switch|p2a: Alomomola|Alomomola, F|100/100
|move|p1a: Landorus|Rock Slide|p2a: Alomomola
|-damage|p2a: Alomomola|85/100
|
|upkeep
|turn|6
|
|t:|1769426143
|move|p1a: Landorus|U-turn|p2a: Alomomola
|-damage|p2a: Alomomola|71/100
|
|t:|1769426151
|switch|p1a: Tinkaton|Tinkaton, F|100/100|[from] U-turn
|-ability|p1a: Tinkaton|Mold Breaker
|move|p2a: Alomomola|Flip Turn|p1a: Tinkaton
|-damage|p1a: Tinkaton|76/100
|
|t:|1769426158
|switch|p2a: Dragonite|Dragonite, F|100/100|[from] Flip Turn
|
|-heal|p1a: Tinkaton|82/100|[from] item: Leftovers
|upkeep
|turn|7
|
|t:|1769426165
|-terastallize|p1a: Tinkaton|Fairy
|move|p1a: Tinkaton|Thunder Wave|p2a: Dragonite
|-status|p2a: Dragonite|par
|move|p2a: Dragonite|Earthquake|p1a: Tinkaton
|-damage|p1a: Tinkaton|31/100
|
|-heal|p1a: Tinkaton|37/100|[from] item: Leftovers
|upkeep
|turn|8
|
|t:|1769426173
|move|p1a: Tinkaton|Play Rough|p2a: Dragonite
|-supereffective|p2a: Dragonite
|-damage|p2a: Dragonite|0 fnt
|faint|p2a: Dragonite
|
|-heal|p1a: Tinkaton|43/100|[from] item: Leftovers
|upkeep
|
|t:|1769426182
|switch|p2a: Gholdengo|Gholdengo|97/100
|-damage|p2a: Gholdengo|84/100|[from] Spikes
|turn|9
|
|t:|1769426191
|switch|p1a: Landorus|Landorus-Therian, M|100/100
|-ability|p1a: Landorus|Intimidate|boost
|-unboost|p2a: Gholdengo|atk|1
|move|p2a: Gholdengo|Make It Rain|p1a: Landorus
|-damage|p1a: Landorus|0 fnt
|-unboost|p2a: Gholdengo|spa|1
|faint|p1a: Landorus
|
|upkeep
|
|t:|1769426202
|switch|p1a: Dragonite|Dragonite, M|100/100
|turn|10
|
|t:|1769426210
|switch|p2a: Clefable|Clefable, F|100/100
|-damage|p2a: Clefable|88/100|[from] Spikes
|move|p1a: Dragonite|Dragon Dance|p1a: Dragonite
|-boost|p1a: Dragonite|atk|1
|-boost|p1a: Dragonite|spe|1
|
|upkeep
|turn|11
|
|t:|1769426218
|move|p1a: Dragonite|Earthquake|p2a: Clefable
|-damage|p2a: Clefable|36/100
|move|p2a: Clefable|Trick|p1a: Dragonite
|-activate|p2a: Clefable|move: Trick|[of] p1a: Dragonite
|-item|p1a: Dragonite|Choice Scarf|[from] move: Trick
|-item|p2a: Clefable|Heavy-Duty Boots|[from] move: Trick
|
|upkeep
|turn|12
|
|t:|1769426237
|switch|p2a: Alomomola|Alomomola, F|100/100
|move|p1a: Dragonite|Earthquake|p2a: Alomomola
|-damage|p2a: Alomomola|70/100
|
|upkeep
|turn|13
|
|t:|1769426246
|move|p1a: Dragonite|Earthquake|p2a: Alomomola
|-damage|p2a: Alomomola|37/100
|move|p2a: Alomomola|Wish|p2a: Alomomola
|
|upkeep
|turn|14
|
|t:|1769426262
|move|p1a: Dragonite|Earthquake|p2a: Alomomola
|-damage|p2a: Alomomola|6/100
|move|p2a: Alomomola|Flip Turn|p1a: Dragonite
|-resisted|p1a: Dragonite
|-damage|p1a: Dragonite|96/100
|inactive|SpDy Test has 120 seconds left.
|
|t:|1769426283
|switch|p2a: Cyclizar|Cyclizar, M|100/100|[from] Flip Turn
|-damage|p2a: Cyclizar|88/100|[from] Spikes
|
|-heal|p2a: Cyclizar|100/100|[from] move: Wish|[wisher] Alomomola
|upkeep
|turn|15
|
|t:|1769426289
|move|p1a: Dragonite|Earthquake|p2a: Cyclizar
|-enditem|p2a: Cyclizar|Focus Sash
|-damage|p2a: Cyclizar|1/100
|move|p2a: Cyclizar|Endeavor|p1a: Dragonite
|-damage|p1a: Dragonite|1/100
|
|upkeep
|turn|16
|
|t:|1769426296
|switch|p1a: Tinkaton|Tinkaton, F, tera:Fairy|43/100
|-ability|p1a: Tinkaton|Mold Breaker
|move|p2a: Cyclizar|Quick Attack|p1a: Tinkaton
|-damage|p1a: Tinkaton|20/100
|
|-heal|p1a: Tinkaton|26/100|[from] item: Leftovers
|upkeep
|turn|17
|
|t:|1769426304
|move|p2a: Cyclizar|Rapid Spin|p1a: Tinkaton
|-damage|p1a: Tinkaton|0 fnt
|-boost|p2a: Cyclizar|spe|1
|-sideend|p2: SpDy Test|Spikes|[from] move: Rapid Spin|[of] p2a: Cyclizar
|faint|p1a: Tinkaton
|
|upkeep
|
|t:|1769426308
|switch|p1a: Dragonite|Dragonite, M|1/100
|turn|18
|
|t:|1769426312
|move|p2a: Cyclizar|Quick Attack|p1a: Dragonite
|-damage|p1a: Dragonite|0 fnt
|faint|p1a: Dragonite
|
|upkeep
|
|t:|1769426314
|switch|p1a: Primarina|Primarina, M|100/100
|turn|19
|
|t:|1769426318
|move|p2a: Cyclizar|Endeavor|p1a: Primarina
|-damage|p1a: Primarina|1/100
|move|p1a: Primarina|Ice Beam|p2a: Cyclizar
|-supereffective|p2a: Cyclizar
|-damage|p2a: Cyclizar|0 fnt
|faint|p2a: Cyclizar
|
|upkeep
|-message|LaportaPotty forfeited.
|
|win|SpDy Test
|raw|LaportaPotty's rating: 1302 &rarr; <strong>1278</strong><br />(-24 for losing)
|raw|SpDy Test's rating: 1229 &rarr; <strong>1259</strong><br />(+30 for winning)
|l|☆LaportaPotty
|player|p1|
