|j|☆topai69
|j|☆Bobforce1
|t:|1769351077
|gametype|singles
|player|p1|topai69|170|1310
|player|p2|Bobforce1|169|1336
|gen|9
|tier|[Gen 9] OU
|rated|
|rule|HP Percentage Mod: HP is shown in percentages
|rule|Endless Battle Clause: Forcing endless battles is banned
|rule|Species Clause: Limit one of each Pokémon
|rule|OHKO Clause: OHKO moves are banned
|rule|Evasion Items Clause: Evasion items are banned
|rule|Evasion Moves Clause: Evasion moves are banned
|rule|Evasion Abilities Clause: Evasion abilities are banned
|rule|Sleep Moves Clause: Sleep-inducing moves are banned
|clearpoke
|poke|p1|Hydrapple, M|
|poke|p1|Alomomola, M|
|poke|p1|Lokix, M|
|poke|p1|Thundurus-Therian, M|
|poke|p1|Iron Treads|
|poke|p1|Clodsire, F|
|poke|p2|Ninetales, M|
|poke|p2|Swadloon, M|
|poke|p2|Great Tusk|
|poke|p2|Cinderace, M|
|poke|p2|Walking Wake|
|poke|p2|Gholdengo|
|teampreview
|
|t:|1769351099
|teamsize|p1|6
|teamsize|p2|6
|start
|switch|p1a: Lokix|Lokix, M|100/100
|switch|p2a: Ninetales|Ninetales, M|100/100
|-weather|SunnyDay|[from] ability: Drought|[of] p2a: Ninetales
|turn|1
|
|t:|1769351109
|-terastallize|p1a: Lokix|Bug
|move|p1a: Lokix|First Impression|p2a: Ninetales
|-resisted|p2a: Ninetales
|-damage|p2a: Ninetales|0 fnt
|faint|p2a: Ninetales
|
|-weather|SunnyDay|[upkeep]
|upkeep
|
|t:|1769351121
|switch|p2a: Cinderace|Cinderace, M|100/100
|turn|2
|
|t:|1769351125
|switch|p1a: Alomomola|Alomomola, M|100/100
|move|p2a: Cinderace|U-turn|p1a: Alomomola
|-start|p2a: Cinderace|typechange|Bug|[from] ability: Libero
|-crit|p1a: Alomomola
|-damage|p1a: Alomomola|74/100
|-damage|p2a: Cinderace|84/100|[from] item: Rocky Helmet|[of] p1a: Alomomola
|
|t:|1769351147
|switch|p2a: Walking Wake|Walking Wake|100/100|[from] U-turn
|-activate|p2a: Walking Wake|ability: Protosynthesis
|-start|p2a: Walking Wake|protosynthesisspe
|
|-weather|SunnyDay|[upkeep]
|upkeep
|turn|3
|
|t:|1769351156
|move|p2a: Walking Wake|Draco Meteor|p1a: Alomomola
|-damage|p1a: Alomomola|0 fnt
|-unboost|p2a: Walking Wake|spa|2
|faint|p1a: Alomomola
|
|-weather|SunnyDay|[upkeep]
|upkeep
|
|t:|1769351171
|switch|p1a: Lokix|Lokix, M, tera:Bug|100/100
|turn|4
|
|t:|1769351174
|-end|p2a: Walking Wake|Protosynthesis|[silent]
|switch|p2a: Great Tusk|Great Tusk|100/100
|-activate|p2a: Great Tusk|ability: Protosynthesis
|-start|p2a: Great Tusk|protosynthesisspe
|move|p1a: Lokix|First Impression|p2a: Great Tusk
|-resisted|p2a: Great Tusk
|-damage|p2a: Great Tusk|54/100
|-damage|p1a: Lokix|84/100|[from] item: Rocky Helmet|[of] p2a: Great Tusk
|
|-weather|SunnyDay|[upkeep]
|upkeep
|turn|5
|
|t:|1769351187
|switch|p1a: Hydrapple|Hydrapple, M|100/100
|move|p2a: Great Tusk|Stealth Rock|p1a: Hydrapple
|-sidestart|p1: topai69|move: Stealth Rock
|
|-weather|SunnyDay|[upkeep]
|upkeep
|turn|6
|
|t:|1769351194
|move|p2a: Great Tusk|Ice Spinner|p1a: Hydrapple
|-supereffective|p1a: Hydrapple
|-damage|p1a: Hydrapple|33/100
|-damage|p2a: Great Tusk|37/100|[from] item: Rocky Helmet|[of] p1a: Hydrapple
|move|p1a: Hydrapple|Giga Drain|p2a: Great Tusk
|-supereffective|p2a: Great Tusk
|-damage|p2a: Great Tusk|0 fnt
|-heal|p1a: Hydrapple|52/100|[from] drain|[of] p2a: Great Tusk
|faint|p2a: Great Tusk
|-end|p2a: Great Tusk|Protosynthesis|[silent]
|
|-weather|SunnyDay|[upkeep]
|upkeep
|
|t:|1769351214
|switch|p2a: Walking Wake|Walking Wake|100/100
|-activate|p2a: Walking Wake|ability: Protosynthesis
|-start|p2a: Walking Wake|protosynthesisspe
|turn|7
|
|t:|1769351230
|move|p2a: Walking Wake|Dragon Pulse|p1a: Hydrapple
|-supereffective|p1a: Hydrapple
|-damage|p1a: Hydrapple|0 fnt
|faint|p1a: Hydrapple
|
|-weather|SunnyDay|[upkeep]
|upkeep
|
|t:|1769351242
|switch|p1a: Lokix|Lokix, M, tera:Bug|84/100
|-damage|p1a: Lokix|59/100|[from] Stealth Rock
|turn|8
|
|t:|1769351267
|move|p1a: Lokix|First Impression|p2a: Walking Wake
|-damage|p2a: Walking Wake|10/100
|move|p2a: Walking Wake|Dragon Pulse|p1a: Lokix
|-damage|p1a: Lokix|0 fnt
|faint|p1a: Lokix
|
|-weather|none
|-end|p2a: Walking Wake|Protosynthesis
|upkeep
|
|t:|1769351277
|switch|p1a: Thundurus|Thundurus-Therian, M|100/100
|turn|9
|
|t:|1769351288
|-end|p2a: Walking Wake|Protosynthesis|[silent]
|switch|p2a: Swadloon|Swadloon, M|100/100
|move|p1a: Thundurus|Volt Switch|p2a: Swadloon
|-resisted|p2a: Swadloon
|-damage|p2a: Swadloon|85/100
|
|t:|1769351295
|switch|p1a: Iron Treads|Iron Treads|100/100|[from] Volt Switch
|
|upkeep
|turn|10
|
|t:|1769351307
|move|p1a: Iron Treads|Rapid Spin|p2a: Swadloon
|-damage|p2a: Swadloon|72/100
|-boost|p1a: Iron Treads|spe|1
|-sideend|p1: topai69|Stealth Rock|[from] move: Rapid Spin|[of] p1a: Iron Treads
|move|p2a: Swadloon|Grass Knot|p1a: Iron Treads
|-crit|p1a: Iron Treads
|-damage|p1a: Iron Treads|19/100
|
|upkeep
|turn|11
|
|t:|1769351314
|move|p1a: Iron Treads|Ice Spinner|p2a: Swadloon
|-supereffective|p2a: Swadloon
|-damage|p2a: Swadloon|31/100
|move|p2a: Swadloon|Sticky Web|p1a: Iron Treads
|-sidestart|p1: topai69|move: Sticky Web
|
|upkeep
|turn|12
|
|t:|1769351319
|move|p1a: Iron Treads|Ice Spinner|p2a: Swadloon
|-supereffective|p2a: Swadloon
|-damage|p2a: Swadloon|0 fnt
|faint|p2a: Swadloon
|
|upkeep
|
|t:|1769351338
|switch|p2a: Cinderace|Cinderace, M|84/100
|turn|13
|
|t:|1769351348
|move|p2a: Cinderace|Sucker Punch|p1a: Iron Treads
|-start|p2a: Cinderace|typechange|Dark|[from] ability: Libero
|-damage|p1a: Iron Treads|0 fnt
|faint|p1a: Iron Treads
|-end|p1a: Iron Treads|Quark Drive|[silent]
|
|upkeep
|
|t:|1769351362
|switch|p1a: Thundurus|Thundurus-Therian, M|100/100
|turn|14
|
|t:|1769351370
|move|p2a: Cinderace|Sucker Punch|p1a: Thundurus
|-damage|p1a: Thundurus|45/100
|move|p1a: Thundurus|Volt Switch|p2a: Cinderace
|-crit|p2a: Cinderace
|-damage|p2a: Cinderace|0 fnt
|faint|p2a: Cinderace
|
|t:|1769351376
|switch|p1a: Clodsire|Clodsire, F|100/100|[from] Volt Switch
|
|upkeep
|
|t:|1769351379
|switch|p2a: Walking Wake|Walking Wake|10/100
|turn|15
|c|☆topai69|get absorved
|
|t:|1769351396
|move|p2a: Walking Wake|Draco Meteor|p1a: Clodsire
|-damage|p1a: Clodsire|42/100
|-unboost|p2a: Walking Wake|spa|2
|move|p1a: Clodsire|Poison Jab|p2a: Walking Wake
|-damage|p2a: Walking Wake|0 fnt
|faint|p2a: Walking Wake
|-end|p2a: Walking Wake|Protosynthesis|[silent]
|
|upkeep
|
|t:|1769351404
|switch|p2a: Gholdengo|Gholdengo|100/100
|turn|16
|
|t:|1769351413
|move|p2a: Gholdengo|Shadow Ball|p1a: Clodsire
|-damage|p1a: Clodsire|18/100
|move|p1a: Clodsire|Recover|p1a: Clodsire
|-heal|p1a: Clodsire|68/100
|
|upkeep
|turn|17
|-message|Bobforce1 forfeited.
|
|win|topai69
|raw|topai69's rating: 1310 &rarr; <strong>1331</strong><br />(+21 for winning)
|raw|Bobforce1's rating: 1336 &rarr; <strong>1315</strong><br />(-21 for losing)
|l|☆Bobforce1
|player|p2|
|l|☆topai69
|player|p1|
