|j|☆Rehoux
|j|☆Evil Dies Tonight
|t:|1769337250
|gametype|singles
|player|p1|Rehoux|lady-gen4|1000
|player|p2|Evil Dies Tonight|266|1046
|gen|9
|tier|[Gen 9] OU
|rated|
|rule|HP Percentage Mod: HP is shown in percentages
|rule|Endless Battle Clause: Forcing endless battles is banned
|rule|Species Clause: Limit one of each Pokémon
|rule|OHKO Clause: OHKO moves are banned
|rule|Evasion Items Clause: Evasion items are banned
|rule|Evasion Moves Clause: Evasion moves are banned
|rule|Evasion Abilities Clause: Evasion abilities are banned
|rule|Sleep Moves Clause: Sleep-inducing moves are banned
|clearpoke
|poke|p1|Iron Crown|
|poke|p1|Weavile, F|
|poke|p1|Primarina, F|
|poke|p1|Moltres|
|poke|p1|Hydrapple, M|
|poke|p1|Great Tusk|
|poke|p2|Alomomola, M|
|poke|p2|Ceruledge, M|
|poke|p2|Cinderace, M|
|poke|p2|Clefable, F|
|poke|p2|Corviknight, M|
|poke|p2|Iron Crown|
|teampreview
|
|t:|1769337266
|teamsize|p1|6
|teamsize|p2|6
|start
|switch|p1a: Primarina|Primarina, F, shiny|100/100
|switch|p2a: Iron Crown|Iron Crown|100/100
|-enditem|p2a: Iron Crown|Booster Energy
|-activate|p2a: Iron Crown|ability: Quark Drive|[fromitem]
|-start|p2a: Iron Crown|quarkdrivespa
|turn|1
|
|t:|1769337287
|move|p2a: Iron Crown|Agility|p2a: Iron Crown
|-boost|p2a: Iron Crown|spe|2
|move|p1a: Primarina|Flip Turn|p2a: Iron Crown
|-damage|p2a: Iron Crown|84/100
|
|t:|1769337300
|switch|p1a: Moltres|Moltres|100/100|[from] Flip Turn
|
|upkeep
|turn|2
|
|t:|1769337307
|move|p2a: Iron Crown|Volt Switch|p1a: Moltres
|-supereffective|p1a: Moltres
|-damage|p1a: Moltres|29/100
|
|t:|1769337314
|-end|p2a: Iron Crown|Quark Drive|[silent]
|switch|p2a: Alomomola|Alomomola, M|100/100|[from] Volt Switch
|move|p1a: Moltres|Flamethrower|p2a: Alomomola
|-resisted|p2a: Alomomola
|-damage|p2a: Alomomola|80/100
|
|upkeep
|turn|3
|
|t:|1769337349
|-terastallize|p1a: Moltres|Dragon
|move|p1a: Moltres|Roost|p1a: Moltres
|-heal|p1a: Moltres|80/100
|move|p2a: Alomomola|Wish|p2a: Alomomola
|
|upkeep
|turn|4
|
|t:|1769337356
|move|p1a: Moltres|U-turn|p2a: Alomomola
|-damage|p2a: Alomomola|72/100
|
|t:|1769337364
|switch|p1a: Hydrapple|Hydrapple, M|100/100|[from] U-turn
|move|p2a: Alomomola|Flip Turn|p1a: Hydrapple
|-resisted|p1a: Hydrapple
|-damage|p1a: Hydrapple|98/100
|
|t:|1769337380
|switch|p2a: Clefable|Clefable, F|100/100|[from] Flip Turn
|
|upkeep
|turn|5
|
|t:|1769337389
|switch|p1a: Iron Crown|Iron Crown|100/100
|move|p2a: Clefable|Calm Mind|p2a: Clefable
|-boost|p2a: Clefable|spa|1
|-boost|p2a: Clefable|spd|1
|
|upkeep
|turn|6
|
|t:|1769337403
|move|p1a: Iron Crown|Psyshock|p2a: Clefable
|-damage|p2a: Clefable|32/100
|move|p2a: Clefable|Calm Mind|p2a: Clefable
|-boost|p2a: Clefable|spa|1
|-boost|p2a: Clefable|spd|1
|
|-heal|p2a: Clefable|38/100|[from] item: Leftovers
|upkeep
|turn|7
|
|t:|1769337414
|switch|p2a: Alomomola|Alomomola, M|100/100
|move|p1a: Iron Crown|Psyshock|p2a: Alomomola
|-crit|p2a: Alomomola
|-damage|p2a: Alomomola|48/100
|
|upkeep
|turn|8
|
|t:|1769337423
|move|p1a: Iron Crown|Psyshock|p2a: Alomomola
|-damage|p2a: Alomomola|11/100
|move|p2a: Alomomola|Wish|p2a: Alomomola
|
|upkeep
|turn|9
|
|t:|1769337437
|switch|p2a: Iron Crown|Iron Crown|84/100
|move|p1a: Iron Crown|Psyshock|p2a: Iron Crown
|-resisted|p2a: Iron Crown
|-damage|p2a: Iron Crown|67/100
|
|-heal|p2a: Iron Crown|100/100|[from] move: Wish|[wisher] Alomomola
|upkeep
|turn|10
|
|t:|1769337453
|-end|p1a: Iron Crown|Quark Drive|[silent]
|switch|p1a: Primarina|Primarina, F, shiny|100/100
|move|p2a: Iron Crown|Agility|p2a: Iron Crown
|-boost|p2a: Iron Crown|spe|2
|
|upkeep
|turn|11
|
|t:|1769337464
|move|p2a: Iron Crown|Tachyon Cutter|p1a: Primarina
|-damage|p1a: Primarina|84/100
|-damage|p1a: Primarina|67/100
|-hitcount|p1a: Primarina|2
|move|p1a: Primarina|Flip Turn|p2a: Iron Crown
|-damage|p2a: Iron Crown|84/100
|
|t:|1769337481
|switch|p1a: Great Tusk|Great Tusk|100/100|[from] Flip Turn
|
|upkeep
|turn|12
|
|t:|1769337492
|-end|p2a: Iron Crown|Quark Drive|[silent]
|switch|p2a: Corviknight|Corviknight, M|100/100
|move|p1a: Great Tusk|Stealth Rock|p2a: Corviknight
|-sidestart|p2: Evil Dies Tonight|move: Stealth Rock
|
|upkeep
|turn|13
|
|t:|1769337499
|-end|p1a: Great Tusk|Protosynthesis|[silent]
|switch|p1a: Moltres|Moltres, tera:Dragon|80/100
|move|p2a: Corviknight|Iron Defense|p2a: Corviknight
|-boost|p2a: Corviknight|def|2
|
|upkeep
|turn|14
|
|t:|1769337511
|move|p1a: Moltres|Flamethrower|p2a: Corviknight
|-supereffective|p2a: Corviknight
|-damage|p2a: Corviknight|52/100
|move|p2a: Corviknight|Body Press|p1a: Moltres
|-damage|p1a: Moltres|55/100
|-status|p2a: Corviknight|brn|[from] ability: Flame Body|[of] p1a: Moltres
|
|-damage|p2a: Corviknight|46/100 brn|[from] brn
|upkeep
|turn|15
|
|t:|1769337522
|move|p1a: Moltres|Roost|p1a: Moltres
|-heal|p1a: Moltres|100/100
|move|p2a: Corviknight|Roost|p2a: Corviknight
|-heal|p2a: Corviknight|96/100 brn
|-singleturn|p2a: Corviknight|move: Roost
|
|-damage|p2a: Corviknight|90/100 brn|[from] brn
|upkeep
|turn|16
|
|t:|1769337533
|move|p1a: Moltres|Flamethrower|p2a: Corviknight
|-supereffective|p2a: Corviknight
|-damage|p2a: Corviknight|39/100 brn
|move|p2a: Corviknight|U-turn|p1a: Moltres
|-damage|p1a: Moltres|96/100
|
|t:|1769337538
|switch|p2a: Alomomola|Alomomola, M|44/100|[from] U-turn
|
|upkeep
|turn|17
|
|t:|1769337546
|move|p1a: Moltres|U-turn|p2a: Alomomola
|-damage|p2a: Alomomola|37/100
|
|t:|1769337552
|switch|p1a: Iron Crown|Iron Crown|100/100|[from] U-turn
|move|p2a: Alomomola|Wish|p2a: Alomomola
|
|upkeep
|turn|18
|
|t:|1769337559
|move|p1a: Iron Crown|Volt Switch|p2a: Alomomola
|-supereffective|p2a: Alomomola
|-damage|p2a: Alomomola|0 fnt
|faint|p2a: Alomomola
|
|t:|1769337572
|-end|p1a: Iron Crown|Quark Drive|[silent]
|switch|p1a: Great Tusk|Great Tusk|100/100|[from] Volt Switch
|
|upkeep
|
|t:|1769337584
|switch|p2a: Cinderace|Cinderace, M|100/100
|turn|19
|
|t:|1769337594
|move|p2a: Cinderace|Pyro Ball|p1a: Great Tusk
|-damage|p1a: Great Tusk|66/100
|move|p1a: Great Tusk|Headlong Rush|p2a: Cinderace
|-supereffective|p2a: Cinderace
|-damage|p2a: Cinderace|0 fnt
|-unboost|p1a: Great Tusk|def|1
|-unboost|p1a: Great Tusk|spd|1
|faint|p2a: Cinderace
|
|-heal|p1a: Great Tusk|72/100|[from] item: Leftovers
|upkeep
|
|t:|1769337603
|switch|p2a: Corviknight|Corviknight, M|39/100 brn
|-damage|p2a: Corviknight|27/100 brn|[from] Stealth Rock
|turn|20
|
|t:|1769337610
|move|p1a: Great Tusk|Ice Spinner|p2a: Corviknight
|-damage|p2a: Corviknight|7/100 brn
|-damage|p1a: Great Tusk|56/100|[from] item: Rocky Helmet|[of] p2a: Corviknight
|move|p2a: Corviknight|Roost|p2a: Corviknight
|-heal|p2a: Corviknight|57/100 brn
|-singleturn|p2a: Corviknight|move: Roost
|
|-heal|p1a: Great Tusk|62/100|[from] item: Leftovers
|-damage|p2a: Corviknight|51/100 brn|[from] brn
|upkeep
|turn|21
|
|t:|1769337625
|-end|p1a: Great Tusk|Protosynthesis|[silent]
|switch|p1a: Moltres|Moltres, tera:Dragon|96/100
|move|p2a: Corviknight|Roost|p2a: Corviknight
|-heal|p2a: Corviknight|100/100 brn
|-singleturn|p2a: Corviknight|move: Roost
|
|-damage|p2a: Corviknight|94/100 brn|[from] brn
|upkeep
|turn|22
|
|t:|1769337648
|move|p1a: Moltres|Flamethrower|p2a: Corviknight
|-supereffective|p2a: Corviknight
|-crit|p2a: Corviknight
|-damage|p2a: Corviknight|13/100 brn
|move|p2a: Corviknight|U-turn|p1a: Moltres
|-damage|p1a: Moltres|91/100
|
|t:|1769337654
|switch|p2a: Clefable|Clefable, F|38/100|[from] U-turn
|
|-heal|p2a: Clefable|44/100|[from] item: Leftovers
|upkeep
|turn|23
|
|t:|1769337661
|move|p2a: Clefable|Draining Kiss|p1a: Moltres
|-supereffective|p1a: Moltres
|-damage|p1a: Moltres|40/100
|-heal|p2a: Clefable|81/100|[from] drain|[of] p1a: Moltres
|move|p1a: Moltres|Roar|p2a: Clefable
|drag|p2a: Corviknight|Corviknight, M|13/100 brn
|-damage|p2a: Corviknight|0 fnt|[from] Stealth Rock
|faint|p2a: Corviknight
|
|upkeep
|
|t:|1769337668
|switch|p2a: Clefable|Clefable, F|81/100
|turn|24
|
|t:|1769337676
|switch|p1a: Iron Crown|Iron Crown|100/100
|move|p2a: Clefable|Draining Kiss|p1a: Iron Crown
|-resisted|p1a: Iron Crown
|-damage|p1a: Iron Crown|88/100
|-heal|p2a: Clefable|88/100|[from] drain|[of] p1a: Iron Crown
|
|-heal|p2a: Clefable|94/100|[from] item: Leftovers
|upkeep
|turn|25
|
|t:|1769337686
|-terastallize|p2a: Clefable|Psychic
|move|p1a: Iron Crown|Tachyon Cutter|p2a: Clefable
|-damage|p2a: Clefable|57/100
|-damage|p2a: Clefable|19/100
|-hitcount|p2a: Clefable|2
|move|p2a: Clefable|Calm Mind|p2a: Clefable
|-boost|p2a: Clefable|spa|1
|-boost|p2a: Clefable|spd|1
|
|-heal|p2a: Clefable|25/100|[from] item: Leftovers
|upkeep
|turn|26
|
|t:|1769337695
|move|p1a: Iron Crown|Tachyon Cutter|p2a: Clefable
|-damage|p2a: Clefable|0 fnt
|faint|p2a: Clefable
|-hitcount|p2: Clefable|1
|
|upkeep
|
|t:|1769337701
|switch|p2a: Ceruledge|Ceruledge, M|100/100
|-damage|p2a: Ceruledge|76/100|[from] Stealth Rock
|turn|27
|
|t:|1769337704
|move|p2a: Ceruledge|Swords Dance|p2a: Ceruledge
|-boost|p2a: Ceruledge|atk|2
|move|p1a: Iron Crown|Tachyon Cutter|p2a: Ceruledge
|-resisted|p2a: Ceruledge
|-damage|p2a: Ceruledge|50/100
|-resisted|p2a: Ceruledge
|-damage|p2a: Ceruledge|28/100
|-hitcount|p2a: Ceruledge|2
|
|upkeep
|turn|28
|
|t:|1769337715
|-end|p1a: Iron Crown|Quark Drive|[silent]
|switch|p1a: Moltres|Moltres, tera:Dragon|40/100
|move|p2a: Ceruledge|Bitter Blade|p1a: Moltres
|-resisted|p1a: Moltres
|-damage|p1a: Moltres|9/100
|-heal|p2a: Ceruledge|48/100|[from] drain|[of] p1a: Moltres
|
|upkeep
|turn|29
|
|t:|1769337724
|move|p2a: Ceruledge|Shadow Sneak|p1a: Moltres
|-damage|p1a: Moltres|0 fnt
|faint|p1a: Moltres
|
|upkeep
|
|t:|1769337729
|switch|p1a: Great Tusk|Great Tusk|62/100
|turn|30
|
|t:|1769337736
|move|p2a: Ceruledge|Shadow Sneak|p1a: Great Tusk
|-damage|p1a: Great Tusk|38/100
|move|p1a: Great Tusk|Headlong Rush|p2a: Ceruledge
|-supereffective|p2a: Ceruledge
|-damage|p2a: Ceruledge|0 fnt
|-unboost|p1a: Great Tusk|def|1
|-unboost|p1a: Great Tusk|spd|1
|faint|p2a: Ceruledge
|
|-heal|p1a: Great Tusk|45/100|[from] item: Leftovers
|upkeep
|
|t:|1769337740
|switch|p2a: Iron Crown|Iron Crown|84/100
|-damage|p2a: Iron Crown|77/100|[from] Stealth Rock
|turn|31
|
|t:|1769337750
|move|p1a: Great Tusk|Headlong Rush|p2a: Iron Crown
|-supereffective|p2a: Iron Crown
|-damage|p2a: Iron Crown|0 fnt
|-unboost|p1a: Great Tusk|def|1
|-unboost|p1a: Great Tusk|spd|1
|faint|p2a: Iron Crown
|-end|p2a: Iron Crown|Quark Drive|[silent]
|
|win|Rehoux
|raw|Rehoux's rating: 1000 &rarr; <strong>1049</strong><br />(+49 for winning)
|raw|Evil Dies Tonight's rating: 1079 &rarr; <strong>1052</strong><br />(-27 for losing)
|l|☆Evil Dies Tonight
|player|p2|
