|j|☆Adieie
|j|☆habracadabrah
|t:|1769343224
|gametype|singles
|player|p1|Adieie|ingo|1306
|player|p2|habracadabrah|hugh|1276
|gen|9
|tier|[Gen 9] OU
|rated|
|rule|HP Percentage Mod: HP is shown in percentages
|rule|Endless Battle Clause: Forcing endless battles is banned
|rule|Species Clause: Limit one of each Pokémon
|rule|OHKO Clause: OHKO moves are banned
|rule|Evasion Items Clause: Evasion items are banned
|rule|Evasion Moves Clause: Evasion moves are banned
|rule|Evasion Abilities Clause: Evasion abilities are banned
|rule|Sleep Moves Clause: Sleep-inducing moves are banned
|clearpoke
|poke|p1|Primarina, M|
|poke|p1|Raging Bolt|
|poke|p1|Gholdengo|
|poke|p1|Great Tusk|
|poke|p1|Moltres|
|poke|p1|Ogerpon-Wellspring, F|
|poke|p2|Cacturne, M|
|poke|p2|Tyranitar, F|
|poke|p2|Umbreon, M|
|poke|p2|Weavile, M|
|poke|p2|Ninetales-Alola, F|
|poke|p2|Excadrill, M|
|teampreview
|inactive|Battle timer is ON: inactive players will automatically lose when time's up. (requested by Adieie)
|
|t:|1769343244
|teamsize|p1|6
|teamsize|p2|6
|start
|switch|p1a: Primarina|Primarina, M|100/100
|switch|p2a: Tyranitar|Tyranitar, F|100/100
|-weather|Sandstorm|[from] ability: Sand Stream|[of] p2a: Tyranitar
|turn|1
|
|t:|1769343253
|switch|p2a: Umbreon|Umbreon, M|100/100
|move|p1a: Primarina|Psychic Noise|p2a: Umbreon
|-damage|p2a: Umbreon|82/100
|-start|p2a: Umbreon|move: Heal Block
|
|-weather|Sandstorm|[upkeep]
|-damage|p2a: Umbreon|76/100|[from] Sandstorm
|-damage|p1a: Primarina|94/100|[from] Sandstorm
|-heal|p1a: Primarina|100/100|[from] item: Leftovers
|upkeep
|turn|2
|
|t:|1769343280
|move|p2a: Umbreon|Toxic|p1a: Primarina
|-status|p1a: Primarina|tox
|move|p1a: Primarina|Whirlpool|p2a: Umbreon
|-damage|p2a: Umbreon|68/100
|-activate|p2a: Umbreon|move: Whirlpool|[of] p1a: Primarina
|
|-weather|Sandstorm|[upkeep]
|-damage|p2a: Umbreon|62/100|[from] Sandstorm
|-damage|p1a: Primarina|94/100 tox|[from] Sandstorm
|-heal|p1a: Primarina|100/100 tox|[from] item: Leftovers
|-damage|p1a: Primarina|94/100 tox|[from] psn
|-damage|p2a: Umbreon|49/100|[from] move: Whirlpool|[partiallytrapped]
|-end|p2a: Umbreon|move: Heal Block
|upkeep
|turn|3
|
|t:|1769343290
|move|p2a: Umbreon|Protect|p2a: Umbreon
|-singleturn|p2a: Umbreon|Protect
|move|p1a: Primarina|Psychic Noise|p2a: Umbreon
|-activate|p2a: Umbreon|move: Protect
|
|-weather|Sandstorm|[upkeep]
|-damage|p2a: Umbreon|43/100|[from] Sandstorm
|-damage|p1a: Primarina|88/100 tox|[from] Sandstorm
|-heal|p2a: Umbreon|49/100|[from] item: Leftovers
|-heal|p1a: Primarina|94/100 tox|[from] item: Leftovers
|-damage|p1a: Primarina|82/100 tox|[from] psn
|-damage|p2a: Umbreon|37/100|[from] move: Whirlpool|[partiallytrapped]
|upkeep
|turn|4
|
|t:|1769343297
|move|p2a: Umbreon|Foul Play|p1a: Primarina
|-resisted|p1a: Primarina
|-damage|p1a: Primarina|74/100 tox
|move|p1a: Primarina|Psychic Noise|p2a: Umbreon
|-damage|p2a: Umbreon|21/100
|-start|p2a: Umbreon|move: Heal Block
|
|-weather|Sandstorm|[upkeep]
|-damage|p2a: Umbreon|14/100|[from] Sandstorm
|-damage|p1a: Primarina|68/100 tox|[from] Sandstorm
|-heal|p1a: Primarina|74/100 tox|[from] item: Leftovers
|-damage|p1a: Primarina|56/100 tox|[from] psn
|-damage|p2a: Umbreon|2/100|[from] move: Whirlpool|[partiallytrapped]
|upkeep
|turn|5
|
|t:|1769343306
|move|p2a: Umbreon|Foul Play|p1a: Primarina
|-resisted|p1a: Primarina
|-damage|p1a: Primarina|48/100 tox
|move|p1a: Primarina|Draining Kiss|p2a: Umbreon
|-supereffective|p2a: Umbreon
|-damage|p2a: Umbreon|0 fnt
|-heal|p1a: Primarina|49/100 tox|[from] drain|[of] p2a: Umbreon
|faint|p2a: Umbreon
|
|-weather|none
|-heal|p1a: Primarina|55/100 tox|[from] item: Leftovers
|-damage|p1a: Primarina|31/100 tox|[from] psn
|upkeep
|
|t:|1769343319
|switch|p2a: Cacturne|Cacturne, M|100/100
|turn|6
|
|t:|1769343324
|switch|p1a: Moltres|Moltres|100/100
|move|p2a: Cacturne|Leaf Storm|p1a: Moltres
|-resisted|p1a: Moltres
|-damage|p1a: Moltres|75/100
|-unboost|p2a: Cacturne|spa|2
|
|upkeep
|turn|7
|
|t:|1769343331
|switch|p2a: Tyranitar|Tyranitar, F|100/100
|-weather|Sandstorm|[from] ability: Sand Stream|[of] p2a: Tyranitar
|move|p1a: Moltres|Flamethrower|p2a: Tyranitar
|-resisted|p2a: Tyranitar
|-damage|p2a: Tyranitar|93/100
|
|-weather|Sandstorm|[upkeep]
|-damage|p1a: Moltres|69/100|[from] Sandstorm
|upkeep
|turn|8
|
|t:|1769343338
|switch|p1a: Great Tusk|Great Tusk|100/100
|-enditem|p1a: Great Tusk|Booster Energy
|-activate|p1a: Great Tusk|ability: Protosynthesis|[fromitem]
|-start|p1a: Great Tusk|protosynthesisspe
|move|p2a: Tyranitar|Knock Off|p1a: Great Tusk
|-resisted|p1a: Great Tusk
|-damage|p1a: Great Tusk|89/100
|
|-weather|Sandstorm|[upkeep]
|upkeep
|turn|9
|
|t:|1769343345
|switch|p2a: Ninetales|Ninetales-Alola, F|100/100
|-weather|Snowscape|[from] ability: Snow Warning|[of] p2a: Ninetales
|move|p1a: Great Tusk|Bulk Up|p1a: Great Tusk
|-boost|p1a: Great Tusk|atk|1
|-boost|p1a: Great Tusk|def|1
|
|-weather|Snowscape|[upkeep]
|upkeep
|turn|10
|
|t:|1769343353
|-terastallize|p1a: Great Tusk|Ice
|move|p1a: Great Tusk|Bulk Up|p1a: Great Tusk
|-boost|p1a: Great Tusk|atk|1
|-boost|p1a: Great Tusk|def|1
|move|p2a: Ninetales|Aurora Veil|p2a: Ninetales
|-sidestart|p2: habracadabrah|move: Aurora Veil
|
|-weather|Snowscape|[upkeep]
|upkeep
|turn|11
|
|t:|1769343360
|move|p1a: Great Tusk|Bulk Up|p1a: Great Tusk
|-boost|p1a: Great Tusk|atk|1
|-boost|p1a: Great Tusk|def|1
|move|p2a: Ninetales|Moonblast|p1a: Great Tusk
|-damage|p1a: Great Tusk|39/100
|
|-weather|Snowscape|[upkeep]
|upkeep
|turn|12
|
|t:|1769343364
|move|p1a: Great Tusk|Headlong Rush|p2a: Ninetales
|-damage|p2a: Ninetales|39/100
|-unboost|p1a: Great Tusk|def|1
|-unboost|p1a: Great Tusk|spd|1
|move|p2a: Ninetales|Moonblast|p1a: Great Tusk
|-damage|p1a: Great Tusk|0 fnt
|faint|p1a: Great Tusk
|-end|p1a: Great Tusk|Protosynthesis|[silent]
|
|-weather|Snowscape|[upkeep]
|upkeep
|
|t:|1769343373
|switch|p1a: Gholdengo|Gholdengo|100/100
|-item|p1a: Gholdengo|Air Balloon
|turn|13
|
|t:|1769343384
|switch|p2a: Cacturne|Cacturne, M|100/100
|move|p1a: Gholdengo|Make It Rain|p2a: Cacturne
|-damage|p2a: Cacturne|59/100
|-unboost|p1a: Gholdengo|spa|1
|
|-weather|none
|upkeep
|turn|14
|
|t:|1769343391
|move|p1a: Gholdengo|Thunder Wave|p2a: Cacturne
|-status|p2a: Cacturne|par
|move|p2a: Cacturne|Dark Pulse|p1a: Gholdengo
|-supereffective|p1a: Gholdengo
|-damage|p1a: Gholdengo|0 fnt
|-enditem|p1a: Gholdengo|Air Balloon
|faint|p1a: Gholdengo
|
|upkeep
|
|t:|1769343398
|switch|p1a: Moltres|Moltres|69/100
|turn|15
|
|t:|1769343400
|move|p1a: Moltres|U-turn|p2a: Cacturne
|-supereffective|p2a: Cacturne
|-damage|p2a: Cacturne|19/100 par
|
|t:|1769343402
|switch|p1a: Raging Bolt|Raging Bolt|100/100|[from] U-turn
|move|p2a: Cacturne|Dark Pulse|p1a: Raging Bolt
|-damage|p1a: Raging Bolt|43/100
|
|upkeep
|turn|16
|
|t:|1769343408
|move|p1a: Raging Bolt|Draco Meteor|p2a: Cacturne
|-damage|p2a: Cacturne|0 fnt
|-unboost|p1a: Raging Bolt|spa|2
|faint|p2a: Cacturne
|
|upkeep
|
|t:|1769343412
|switch|p2a: Excadrill|Excadrill, M|100/100
|-ability|p2a: Excadrill|Mold Breaker
|-item|p2a: Excadrill|Air Balloon
|turn|17
|
|t:|1769343418
|-end|p1a: Raging Bolt|Protosynthesis|[silent]
|switch|p1a: Primarina|Primarina, M|31/100 tox
|move|p2a: Excadrill|Swords Dance|p2a: Excadrill
|-boost|p2a: Excadrill|atk|2
|
|-heal|p1a: Primarina|37/100 tox|[from] item: Leftovers
|-damage|p1a: Primarina|31/100 tox|[from] psn
|-sideend|p2: habracadabrah|move: Aurora Veil
|upkeep
|turn|18
|
|t:|1769343422
|move|p2a: Excadrill|Iron Head|p1a: Primarina
|-damage|p1a: Primarina|0 fnt
|faint|p1a: Primarina
|
|upkeep
|
|t:|1769343427
|switch|p1a: Moltres|Moltres|69/100
|turn|19
|
|t:|1769343431
|move|p2a: Excadrill|Iron Head|p1a: Moltres
|-resisted|p1a: Moltres
|-damage|p1a: Moltres|38/100
|move|p1a: Moltres|Flamethrower|p2a: Excadrill
|-supereffective|p2a: Excadrill
|-damage|p2a: Excadrill|0 fnt
|-enditem|p2a: Excadrill|Air Balloon
|faint|p2a: Excadrill
|
|upkeep
|
|t:|1769343438
|switch|p2a: Weavile|Weavile, M|100/100
|turn|20
|
|t:|1769343443
|move|p2a: Weavile|Icicle Crash|p1a: Moltres|[miss]
|-miss|p2a: Weavile|p1a: Moltres
|move|p1a: Moltres|Roost|p1a: Moltres
|-heal|p1a: Moltres|88/100
|-singleturn|p1a: Moltres|move: Roost
|
|upkeep
|turn|21
|
|t:|1769343449
|move|p2a: Weavile|Swords Dance|p2a: Weavile
|-boost|p2a: Weavile|atk|2
|move|p1a: Moltres|Flamethrower|p2a: Weavile
|-supereffective|p2a: Weavile
|-enditem|p2a: Weavile|Focus Sash
|-damage|p2a: Weavile|1/100
|
|upkeep
|turn|22
|
|t:|1769343454
|move|p2a: Weavile|Knock Off|p1a: Moltres
|-damage|p1a: Moltres|16/100
|-enditem|p1a: Moltres|Heavy-Duty Boots|[from] move: Knock Off|[of] p2a: Weavile
|move|p1a: Moltres|U-turn|p2a: Weavile
|-supereffective|p2a: Weavile
|-damage|p2a: Weavile|0 fnt
|faint|p2a: Weavile
|
|t:|1769343459
|switch|p1a: Ogerpon|Ogerpon-Wellspring, F|100/100|[from] U-turn
|
|upkeep
|
|t:|1769343477
|switch|p2a: Tyranitar|Tyranitar, F|93/100
|-weather|Sandstorm|[from] ability: Sand Stream|[of] p2a: Tyranitar
|turn|23
|
|t:|1769343487
|-terastallize|p2a: Tyranitar|Ice
|move|p1a: Ogerpon|Ivy Cudgel|p2a: Tyranitar|[anim] Ivy Cudgel Water
|-damage|p2a: Tyranitar|50/100
|move|p2a: Tyranitar|Knock Off|p1a: Ogerpon
|-damage|p1a: Ogerpon|48/100
|
|-weather|Sandstorm|[upkeep]
|-damage|p1a: Ogerpon|42/100|[from] Sandstorm
|-damage|p2a: Tyranitar|43/100|[from] Sandstorm
|upkeep
|turn|24
|
|t:|1769343495
|move|p1a: Ogerpon|U-turn|p2a: Tyranitar
|-damage|p2a: Tyranitar|22/100
|
|t:|1769343499
|switch|p1a: Moltres|Moltres|16/100|[from] U-turn
|move|p2a: Tyranitar|Stone Edge|p1a: Moltres
|-supereffective|p1a: Moltres
|-damage|p1a: Moltres|0 fnt
|faint|p1a: Moltres
|
|-weather|Sandstorm|[upkeep]
|-damage|p2a: Tyranitar|16/100|[from] Sandstorm
|upkeep
|
|t:|1769343500
|switch|p1a: Raging Bolt|Raging Bolt|43/100
|turn|25
|
|t:|1769343505
|move|p1a: Raging Bolt|Thunderbolt|p2a: Tyranitar
|-damage|p2a: Tyranitar|0 fnt
|faint|p2a: Tyranitar
|
|-weather|Sandstorm|[upkeep]
|-damage|p1a: Raging Bolt|37/100|[from] Sandstorm
|upkeep
|
|t:|1769343507
|switch|p2a: Ninetales|Ninetales-Alola, F|39/100
|-weather|Snowscape|[from] ability: Snow Warning|[of] p2a: Ninetales
|turn|26
|
|t:|1769343509
|move|p2a: Ninetales|Aurora Veil|p2a: Ninetales
|-sidestart|p2: habracadabrah|move: Aurora Veil
|move|p1a: Raging Bolt|Thunderbolt|p2a: Ninetales
|-damage|p2a: Ninetales|0 fnt
|faint|p2a: Ninetales
|
|win|Adieie
|raw|Adieie's rating: 1306 &rarr; <strong>1324</strong><br />(+18 for winning)
|raw|habracadabrah's rating: 1276 &rarr; <strong>1253</strong><br />(-23 for losing)
|l|☆habracadabrah
|player|p2|
|l|☆Adieie
|player|p1|
