|inactive|Battle timer is ON: inactive players will automatically lose when time's up.
|t:|1769373866
|gametype|singles
|player|p1|sire clod|#splxviiruiners|
|player|p2|pdt|#splxviibigs2|
|gen|9
|tier|[Gen 9] OU
|rule|HP Percentage Mod: HP is shown in percentages
|rule|Endless Battle Clause: Forcing endless battles is banned
|rule|Species Clause: Limit one of each Pokémon
|rule|OHKO Clause: OHKO moves are banned
|rule|Evasion Items Clause: Evasion items are banned
|rule|Evasion Moves Clause: Evasion moves are banned
|rule|Evasion Abilities Clause: Evasion abilities are banned
|rule|Sleep Moves Clause: Sleep-inducing moves are banned
|clearpoke
|poke|p1|Great Tusk|
|poke|p1|Darkrai|
|poke|p1|Kyurem|
|poke|p1|Iron Valiant|
|poke|p1|Dragonite, M|
|poke|p1|Gholdengo|
|poke|p2|Great Tusk|
|poke|p2|Gholdengo|
|poke|p2|Iron Moth|
|poke|p2|Dragonite, M|
|poke|p2|Deoxys-Speed|
|poke|p2|Ogerpon-Wellspring, F|
|teampreview
|c|☆sire clod|hf
|c|☆pdt|hf
|inactive|sire clod has 270 seconds left.
|inactive|pdt has 270 seconds left.
|rated|Smogon Premier League
|inactive|sire clod has 240 seconds left.
|inactive|sire clod has 210 seconds left.
|
|t:|1769373963
|teamsize|p1|6
|teamsize|p2|6
|start
|switch|p1a: Ghold Experience|Gholdengo|100/100
|switch|p2a: Deoxys|Deoxys-Speed|100/100
|-ability|p2a: Deoxys|Pressure
|-item|p1a: Ghold Experience|Air Balloon
|turn|1
|inactive|sire clod has 270 seconds left.
|inactive|sire clod has 240 seconds left.
|
|t:|1769374000
|switch|p2a: Iron Moth|Iron Moth|100/100
|-enditem|p2a: Iron Moth|Booster Energy
|-activate|p2a: Iron Moth|ability: Quark Drive|[fromitem]
|-start|p2a: Iron Moth|quarkdrivespe
|move|p1a: Ghold Experience|Thunder Wave|p2a: Iron Moth|[miss]
|-miss|p1a: Ghold Experience|p2a: Iron Moth
|
|upkeep
|turn|2
|inactive|sire clod has 240 seconds left.
|
|t:|1769374022
|switch|p1a: Kyurem|Kyurem, shiny|100/100
|-ability|p1a: Kyurem|Pressure
|move|p2a: Iron Moth|Fiery Dance|p1a: Kyurem
|-damage|p1a: Kyurem|78/100
|
|upkeep
|turn|3
|
|t:|1769374033
|-end|p2a: Iron Moth|Quark Drive|[silent]
|switch|p2a: Deoxys|Deoxys-Speed|100/100
|-ability|p2a: Deoxys|Pressure
|move|p1a: Kyurem|Dragon Tail|p2a: Deoxys
|-damage|p2a: Deoxys|58/100
|drag|p2a: Ogerpon|Ogerpon-Wellspring, F|100/100
|
|upkeep
|turn|4
|
|t:|1769374045
|switch|p2a: Iron Moth|Iron Moth|100/100
|move|p1a: Kyurem|Freeze-Dry|p2a: Iron Moth
|-resisted|p2a: Iron Moth
|-damage|p2a: Iron Moth|80/100
|
|upkeep
|turn|5
|inactive|sire clod has 240 seconds left.
|
|t:|1769374051
|move|p2a: Iron Moth|Toxic Spikes|p1a: Kyurem
|-sidestart|p1: sire clod|move: Toxic Spikes
|move|p1a: Kyurem|Earth Power|p2a: Iron Moth
|-supereffective|p2a: Iron Moth
|-damage|p2a: Iron Moth|0 fnt
|faint|p2a: Iron Moth
|-end|p2a: Iron Moth|Quark Drive|[silent]
|
|upkeep
|
|t:|1769374060
|switch|p2a: Deoxys|Deoxys-Speed|58/100
|-ability|p2a: Deoxys|Pressure
|turn|6
|inactive|sire clod has 240 seconds left.
|
|t:|1769374086
|move|p2a: Deoxys|Superpower|p1a: Kyurem
|-supereffective|p1a: Kyurem
|-damage|p1a: Kyurem|14/100
|-unboost|p2a: Deoxys|atk|1
|-unboost|p2a: Deoxys|def|1
|-damage|p2a: Deoxys|48/100|[from] item: Life Orb
|move|p1a: Kyurem|Ice Beam|p2a: Deoxys
|-damage|p2a: Deoxys|0 fnt
|faint|p2a: Deoxys
|
|upkeep
|
|t:|1769374093
|switch|p2a: Ogerpon|Ogerpon-Wellspring, F|100/100
|turn|7
|inactive|sire clod has 240 seconds left.
|
|t:|1769374103
|move|p2a: Ogerpon|Ivy Cudgel|p1a: Kyurem|[anim] Ivy Cudgel Water
|-resisted|p1a: Kyurem
|-damage|p1a: Kyurem|0 fnt
|faint|p1a: Kyurem
|
|upkeep
|inactive|sire clod has 240 seconds left.
|
|t:|1769374132
|switch|p1a: Darkrai|Darkrai|100/100
|-status|p1a: Darkrai|psn
|turn|8
|
|t:|1769374140
|move|p1a: Darkrai|Sludge Bomb|p2a: Ogerpon
|-supereffective|p2a: Ogerpon
|-damage|p2a: Ogerpon|9/100
|move|p2a: Ogerpon|Trailblaze|p1a: Darkrai
|-damage|p1a: Darkrai|59/100 psn
|-boost|p2a: Ogerpon|spe|1
|
|-damage|p1a: Darkrai|46/100 psn|[from] psn
|upkeep
|turn|9
|
|t:|1769374153
|move|p2a: Ogerpon|Ivy Cudgel|p1a: Darkrai|[anim] Ivy Cudgel Water
|-damage|p1a: Darkrai|0 fnt
|faint|p1a: Darkrai
|
|upkeep
|
|t:|1769374156
|switch|p1a: Iron Valiant|Iron Valiant|100/100
|-status|p1a: Iron Valiant|psn
|-enditem|p1a: Iron Valiant|Booster Energy
|-activate|p1a: Iron Valiant|ability: Quark Drive|[fromitem]
|-start|p1a: Iron Valiant|quarkdrivespe
|turn|10
|
|t:|1769374161
|move|p1a: Iron Valiant|Knock Off|p2a: Ogerpon
|-damage|p2a: Ogerpon|0 fnt
|faint|p2a: Ogerpon
|
|-damage|p1a: Iron Valiant|88/100 psn|[from] psn
|upkeep
|
|t:|1769374164
|switch|p2a: Gholdengo|Gholdengo|100/100
|turn|11
|
|t:|1769374172
|move|p1a: Iron Valiant|Knock Off|p2a: Gholdengo
|-supereffective|p2a: Gholdengo
|-damage|p2a: Gholdengo|27/100
|-enditem|p2a: Gholdengo|Choice Scarf|[from] move: Knock Off|[of] p1a: Iron Valiant
|move|p2a: Gholdengo|Make It Rain|p1a: Iron Valiant
|-supereffective|p1a: Iron Valiant
|-damage|p1a: Iron Valiant|0 fnt
|-unboost|p2a: Gholdengo|spa|1
|faint|p1a: Iron Valiant
|-end|p1a: Iron Valiant|Quark Drive|[silent]
|
|upkeep
|
|t:|1769374184
|switch|p1a: Great Tusk|Great Tusk|100/100
|turn|12
|
|t:|1769374192
|switch|p2a: Dragonite|Dragonite, M|100/100
|move|p1a: Great Tusk|Headlong Rush|p2a: Dragonite
|-immune|p2a: Dragonite
|
|upkeep
|turn|13
|
|t:|1769374217
|move|p1a: Great Tusk|Rapid Spin|p2a: Dragonite
|-damage|p2a: Dragonite|92/100
|-boost|p1a: Great Tusk|spe|1
|-sideend|p1: sire clod|Toxic Spikes|[from] move: Rapid Spin|[of] p1a: Great Tusk
|move|p2a: Dragonite|Dragon Dance|p2a: Dragonite
|-boost|p2a: Dragonite|atk|1
|-boost|p2a: Dragonite|spe|1
|
|-heal|p2a: Dragonite|99/100|[from] item: Leftovers
|upkeep
|turn|14
|
|t:|1769374223
|-terastallize|p2a: Dragonite|Flying
|move|p1a: Great Tusk|Ice Spinner|p2a: Dragonite
|-supereffective|p2a: Dragonite
|-damage|p2a: Dragonite|50/100
|move|p2a: Dragonite|Dragon Dance|p2a: Dragonite
|-boost|p2a: Dragonite|atk|1
|-boost|p2a: Dragonite|spe|1
|
|-heal|p2a: Dragonite|56/100|[from] item: Leftovers
|upkeep
|turn|15
|
|t:|1769374230
|move|p2a: Dragonite|Tera Blast|p1a: Great Tusk|[anim] Tera Blast Flying
|-supereffective|p1a: Great Tusk
|-damage|p1a: Great Tusk|0 fnt
|faint|p1a: Great Tusk
|-end|p1a: Great Tusk|Protosynthesis|[silent]
|
|-heal|p2a: Dragonite|62/100|[from] item: Leftovers
|upkeep
|
|t:|1769374233
|switch|p1a: Ghold Experience|Gholdengo|100/100
|-item|p1a: Ghold Experience|Air Balloon
|turn|16
|inactive|sire clod has 270 seconds left.
|
|t:|1769374246
|move|p2a: Dragonite|Tera Blast|p1a: Ghold Experience|[anim] Tera Blast Flying
|-resisted|p1a: Ghold Experience
|-damage|p1a: Ghold Experience|66/100
|-enditem|p1a: Ghold Experience|Air Balloon
|move|p1a: Ghold Experience|Thunder Wave|p2a: Dragonite
|-status|p2a: Dragonite|par
|
|-heal|p2a: Dragonite|69/100 par|[from] item: Leftovers
|upkeep
|turn|17
|inactive|sire clod has 270 seconds left.
|
|t:|1769374259
|cant|p2a: Dragonite|par
|move|p1a: Ghold Experience|Hex|p2a: Dragonite
|-damage|p2a: Dragonite|20/100 par
|
|-heal|p2a: Dragonite|26/100 par|[from] item: Leftovers
|upkeep
|turn|18
|
|t:|1769374263
|move|p2a: Dragonite|Tera Blast|p1a: Ghold Experience|[anim] Tera Blast Flying
|-resisted|p1a: Ghold Experience
|-damage|p1a: Ghold Experience|29/100
|move|p1a: Ghold Experience|Hex|p2a: Dragonite
|-damage|p2a: Dragonite|0 fnt
|faint|p2a: Dragonite
|
|upkeep
|
|t:|1769374266
|switch|p2a: Great Tusk|Great Tusk|100/100
|-enditem|p2a: Great Tusk|Booster Energy
|-activate|p2a: Great Tusk|ability: Protosynthesis|[fromitem]
|-start|p2a: Great Tusk|protosynthesisspe
|turn|19
|
|t:|1769374278
|move|p2a: Great Tusk|Earthquake|p1a: Ghold Experience
|-supereffective|p1a: Ghold Experience
|-damage|p1a: Ghold Experience|0 fnt
|faint|p1a: Ghold Experience
|
|upkeep
|
|t:|1769374280
|switch|p1a: Dragonite|Dragonite, M|100/100
|turn|20
|
|t:|1769374303
|-terastallize|p1a: Dragonite|Flying
|move|p2a: Great Tusk|Rapid Spin|p1a: Dragonite
|-damage|p1a: Dragonite|92/100
|-boost|p2a: Great Tusk|spe|1
|move|p1a: Dragonite|Tera Blast|p2a: Great Tusk|[anim] Tera Blast Flying
|-supereffective|p2a: Great Tusk
|-damage|p2a: Great Tusk|26/100
|
|upkeep
|turn|21
|
|t:|1769374319
|move|p2a: Great Tusk|Bulk Up|p2a: Great Tusk
|-boost|p2a: Great Tusk|atk|1
|-boost|p2a: Great Tusk|def|1
|move|p1a: Dragonite|Roost|p1a: Dragonite
|-heal|p1a: Dragonite|100/100
|-hint|If a Terastallized Pokemon uses Roost, it remains Flying-type.
|
|upkeep
|turn|22
|inactive|sire clod has 270 seconds left.
|
|t:|1769374351
|move|p2a: Great Tusk|Ice Spinner|p1a: Dragonite
|-supereffective|p1a: Dragonite
|-crit|p1a: Dragonite
|-damage|p1a: Dragonite|40/100
|move|p1a: Dragonite|Dragon Dance|p1a: Dragonite
|-boost|p1a: Dragonite|atk|1
|-boost|p1a: Dragonite|spe|1
|
|upkeep
|turn|23
|c|☆pdt|gg
|c|☆sire clod|gg
|inactive|sire clod has 240 seconds left.
|-message|sire clod forfeited.
|
|win|pdt
|player|p1|
|player|p1|sire clod|#splxviiruiners|
|player|p2|
