|badge|p1|silver|gen9ru|30-8
|badge|p1|bronze|gen9uu|100-8
|uhtml|medal-msg|<div class="broadcast-blue">Curious what those medals under the avatar are? PS now has Ladder Seasons! For more information, check out the <a href="https://www.smogon.com/forums/threads/3740067/">thread on Smogon.</a></div>
|j|☆FP.//06
|j|☆Thai ladyboi
|t:|1769347600
|gametype|singles
|player|p1|FP.//06|swimmerf2-gen6|1425
|player|p2|Thai ladyboi|265|1389
|gen|9
|tier|[Gen 9] OU
|rated|
|rule|HP Percentage Mod: HP is shown in percentages
|rule|Endless Battle Clause: Forcing endless battles is banned
|rule|Species Clause: Limit one of each Pokémon
|rule|OHKO Clause: OHKO moves are banned
|rule|Evasion Items Clause: Evasion items are banned
|rule|Evasion Moves Clause: Evasion moves are banned
|rule|Evasion Abilities Clause: Evasion abilities are banned
|rule|Sleep Moves Clause: Sleep-inducing moves are banned
|clearpoke
|poke|p1|Pecharunt|
|poke|p1|Mabosstiff, F|
|poke|p1|Volcanion|
|poke|p1|Iron Valiant|
|poke|p1|Landorus-Therian, M|
|poke|p1|Deoxys-Speed|
|poke|p2|Alomomola, F|
|poke|p2|Corviknight, F|
|poke|p2|Thundurus-Therian, M|
|poke|p2|Kyurem|
|poke|p2|Weezing-Galar, F|
|poke|p2|Kingambit, F|
|teampreview
|
|t:|1769347613
|teamsize|p1|6
|teamsize|p2|6
|start
|switch|p1a: Deoxys|Deoxys-Speed|100/100
|switch|p2a: Thundurus|Thundurus-Therian, M|100/100
|-ability|p1a: Deoxys|Pressure
|turn|1
|inactive|Battle timer is ON: inactive players will automatically lose when time's up. (requested by Thai ladyboi)
|
|t:|1769347623
|move|p1a: Deoxys|Psycho Boost|p2a: Thundurus
|-damage|p2a: Thundurus|27/100
|-unboost|p1a: Deoxys|spa|2
|-enditem|p1a: Deoxys|Eject Pack
|
|t:|1769347625
|switch|p1a: Landorus|Landorus-Therian, M|100/100
|-ability|p1a: Landorus|Intimidate|boost
|-unboost|p2a: Thundurus|atk|1
|move|p2a: Thundurus|Volt Switch|p1a: Landorus
|-immune|p1a: Landorus
|
|upkeep
|turn|2
|
|t:|1769347641
|switch|p2a: Corviknight|Corviknight, F|100/100
|-ability|p2a: Corviknight|Pressure
|move|p1a: Landorus|Stealth Rock|p2a: Corviknight
|-sidestart|p2: Thai ladyboi|move: Stealth Rock
|
|upkeep
|turn|3
|
|t:|1769347648
|move|p1a: Landorus|Taunt|p2a: Corviknight
|-start|p2a: Corviknight|move: Taunt
|cant|p2a: Corviknight|move: Taunt|Defog
|
|upkeep
|turn|4
|
|t:|1769347660
|move|p1a: Landorus|U-turn|p2a: Corviknight
|-resisted|p2a: Corviknight
|-damage|p2a: Corviknight|96/100
|-damage|p1a: Landorus|84/100|[from] item: Rocky Helmet|[of] p2a: Corviknight
|
|t:|1769347666
|switch|p1a: Deoxys|Deoxys-Speed|100/100|[from] U-turn
|-ability|p1a: Deoxys|Pressure
|move|p2a: Corviknight|Brave Bird|p1a: Deoxys
|-damage|p1a: Deoxys|47/100
|-damage|p2a: Corviknight|85/100|[from] Recoil
|
|upkeep
|turn|5
|
|t:|1769347675
|switch|p1a: THE BOSS|Mabosstiff, F, shiny|100/100
|-ability|p1a: THE BOSS|Intimidate|boost
|-unboost|p2a: Corviknight|atk|1
|move|p2a: Corviknight|U-turn|p1a: THE BOSS
|-supereffective|p1a: THE BOSS
|-damage|p1a: THE BOSS|80/100
|-enditem|p1a: THE BOSS|Kee Berry|[eat]
|-boost|p1a: THE BOSS|def|1|[from] item: Kee Berry
|
|t:|1769347686
|switch|p2a: Alomomola|Alomomola, F|100/100|[from] U-turn
|-damage|p2a: Alomomola|88/100|[from] Stealth Rock
|
|upkeep
|turn|6
|
|t:|1769347691
|move|p1a: THE BOSS|Hone Claws|p1a: THE BOSS
|-boost|p1a: THE BOSS|atk|1
|-boost|p1a: THE BOSS|accuracy|1
|move|p2a: Alomomola|Wish|p2a: Alomomola
|
|upkeep
|turn|7
|
|t:|1769347698
|move|p1a: THE BOSS|Trailblaze|p2a: Alomomola
|-supereffective|p2a: Alomomola
|-damage|p2a: Alomomola|58/100
|-boost|p1a: THE BOSS|spe|1
|-damage|p1a: THE BOSS|64/100|[from] item: Rocky Helmet|[of] p2a: Alomomola
|move|p2a: Alomomola|Tickle|p1a: THE BOSS
|-unboost|p1a: THE BOSS|atk|1
|-unboost|p1a: THE BOSS|def|1
|
|-heal|p2a: Alomomola|100/100|[from] move: Wish|[wisher] Alomomola
|upkeep
|turn|8
|
|t:|1769347713
|switch|p1a: Deoxys|Deoxys-Speed|47/100
|-ability|p1a: Deoxys|Pressure
|move|p2a: Alomomola|Wish|p2a: Alomomola
|
|upkeep
|turn|9
|
|t:|1769347724
|move|p1a: Deoxys|Knock Off|p2a: Alomomola
|-damage|p2a: Alomomola|87/100
|-damage|p1a: Deoxys|30/100|[from] item: Rocky Helmet|[of] p2a: Alomomola
|-enditem|p2a: Alomomola|Rocky Helmet|[from] move: Knock Off|[of] p1a: Deoxys
|move|p2a: Alomomola|Flip Turn|p1a: Deoxys
|-damage|p1a: Deoxys|4/100
|
|t:|1769347733
|switch|p2a: Thundurus|Thundurus-Therian, M|27/100|[from] Flip Turn
|-damage|p2a: Thundurus|2/100|[from] Stealth Rock
|
|-heal|p2a: Thundurus|91/100|[from] move: Wish|[wisher] Alomomola
|upkeep
|turn|10
|
|t:|1769347743
|switch|p2a: Corviknight|Corviknight, F|85/100
|-damage|p2a: Corviknight|73/100|[from] Stealth Rock
|-ability|p2a: Corviknight|Pressure
|move|p1a: Deoxys|Psycho Boost|p2a: Corviknight|[miss]
|-miss|p1a: Deoxys|p2a: Corviknight
|
|upkeep
|turn|11
|
|t:|1769347752
|switch|p1a: Landorus|Landorus-Therian, M|84/100
|-ability|p1a: Landorus|Intimidate|boost
|-unboost|p2a: Corviknight|atk|1
|move|p2a: Corviknight|U-turn|p1a: Landorus
|-resisted|p1a: Landorus
|-damage|p1a: Landorus|80/100
|-damage|p2a: Corviknight|56/100|[from] item: Rocky Helmet|[of] p1a: Landorus
|
|t:|1769347763
|switch|p2a: Alomomola|Alomomola, F|100/100|[from] U-turn
|-damage|p2a: Alomomola|88/100|[from] Stealth Rock
|
|upkeep
|turn|12
|
|t:|1769347772
|switch|p1a: Volcanion|Volcanion|100/100
|move|p2a: Alomomola|Wish|p2a: Alomomola
|
|upkeep
|turn|13
|
|t:|1769347780
|move|p2a: Alomomola|Protect|p2a: Alomomola
|-singleturn|p2a: Alomomola|Protect
|move|p1a: Volcanion|Steam Eruption|p2a: Alomomola
|-activate|p2a: Alomomola|move: Protect
|
|-heal|p2a: Alomomola|100/100|[from] move: Wish|[wisher] Alomomola
|upkeep
|turn|14
|
|t:|1769347797
|switch|p2a: Corviknight|Corviknight, F|56/100
|-damage|p2a: Corviknight|44/100|[from] Stealth Rock
|-ability|p2a: Corviknight|Pressure
|move|p1a: Volcanion|Will-O-Wisp|p2a: Corviknight
|-status|p2a: Corviknight|brn
|
|-damage|p2a: Corviknight|38/100 brn|[from] brn
|upkeep
|turn|15
|
|t:|1769347815
|move|p1a: Volcanion|Flamethrower|p2a: Corviknight
|-supereffective|p2a: Corviknight
|-damage|p2a: Corviknight|0 fnt
|faint|p2a: Corviknight
|
|upkeep
|
|t:|1769347828
|switch|p2a: Kyurem|Kyurem|100/100
|-damage|p2a: Kyurem|76/100|[from] Stealth Rock
|-ability|p2a: Kyurem|Pressure
|turn|16
|
|t:|1769347838
|switch|p1a: Deoxys|Deoxys-Speed|4/100
|-ability|p1a: Deoxys|Pressure
|move|p2a: Kyurem|Substitute|p2a: Kyurem
|-start|p2a: Kyurem|Substitute
|-damage|p2a: Kyurem|51/100
|
|-heal|p2a: Kyurem|57/100|[from] item: Leftovers
|upkeep
|turn|17
|
|t:|1769347849
|move|p1a: Deoxys|Superpower|p2a: Kyurem
|-supereffective|p2a: Kyurem
|-end|p2a: Kyurem|Substitute
|-unboost|p1a: Deoxys|atk|1
|-unboost|p1a: Deoxys|def|1
|move|p2a: Kyurem|Freeze-Dry|p1a: Deoxys
|-damage|p1a: Deoxys|0 fnt
|faint|p1a: Deoxys
|
|-heal|p2a: Kyurem|63/100|[from] item: Leftovers
|upkeep
|
|t:|1769347853
|switch|p1a: Iron Valiant|Iron Valiant|100/100
|-enditem|p1a: Iron Valiant|Booster Energy
|-activate|p1a: Iron Valiant|ability: Quark Drive|[fromitem]
|-start|p1a: Iron Valiant|quarkdrivespe
|turn|18
|
|t:|1769347871
|switch|p2a: Weezing|Weezing-Galar, F|100/100
|-ability|p2a: Weezing|Neutralizing Gas
|-damage|p2a: Weezing|88/100|[from] Stealth Rock
|move|p1a: Iron Valiant|Moonblast|p2a: Weezing
|-resisted|p2a: Weezing
|-crit|p2a: Weezing
|-damage|p2a: Weezing|49/100
|-unboost|p2a: Weezing|spa|1
|
|upkeep
|turn|19
|
|t:|1769347881
|-end|p1a: Iron Valiant|Quark Drive|[silent]
|switch|p1a: THE BOSS|Mabosstiff, F, shiny|64/100
|move|p2a: Weezing|Defog|p1a: THE BOSS
|-unboost|p1a: THE BOSS|evasion|1
|-sideend|p2: Thai ladyboi|Stealth Rock|[from] move: Defog|[of] p2a: Weezing
|
|upkeep
|turn|20
|
|t:|1769347890
|move|p1a: THE BOSS|Jaw Lock|p2a: Weezing
|-resisted|p2a: Weezing
|-damage|p2a: Weezing|36/100
|-activate|p1a: THE BOSS|trapped
|-activate|p2a: Weezing|trapped
|-damage|p1a: THE BOSS|47/100|[from] item: Rocky Helmet|[of] p2a: Weezing
|move|p2a: Weezing|Toxic|p1a: THE BOSS
|-status|p1a: THE BOSS|tox
|
|-damage|p1a: THE BOSS|41/100 tox|[from] psn
|upkeep
|turn|21
|
|t:|1769347901
|move|p2a: Weezing|Protect|p2a: Weezing
|-singleturn|p2a: Weezing|Protect
|move|p1a: THE BOSS|Rest|p1a: THE BOSS
|-status|p1a: THE BOSS|slp|[from] move: Rest
|-heal|p1a: THE BOSS|100/100 slp|[silent]
|
|upkeep
|turn|22
|
|t:|1769347916
|cant|p1a: THE BOSS|slp
|move|p2a: Weezing|Toxic||[still]
|-fail|p2a: Weezing
|
|upkeep
|turn|23
|
|t:|1769347921
|cant|p1a: THE BOSS|slp
|move|p2a: Weezing|Toxic||[still]
|-fail|p2a: Weezing
|
|upkeep
|turn|24
|
|t:|1769347927
|-curestatus|p1a: THE BOSS|slp|[msg]
|move|p1a: THE BOSS|Hone Claws|p1a: THE BOSS
|-boost|p1a: THE BOSS|atk|1
|-boost|p1a: THE BOSS|accuracy|1
|move|p2a: Weezing|Toxic|p1a: THE BOSS
|-status|p1a: THE BOSS|tox
|
|-damage|p1a: THE BOSS|94/100 tox|[from] psn
|upkeep
|turn|25
|
|t:|1769347938
|move|p2a: Weezing|Protect|p2a: Weezing
|-singleturn|p2a: Weezing|Protect
|move|p1a: THE BOSS|Hone Claws|p1a: THE BOSS
|-boost|p1a: THE BOSS|atk|1
|-boost|p1a: THE BOSS|accuracy|1
|
|-damage|p1a: THE BOSS|82/100 tox|[from] psn
|upkeep
|turn|26
|
|t:|1769347946
|move|p1a: THE BOSS|Trailblaze|p2a: Weezing
|-resisted|p2a: Weezing
|-damage|p2a: Weezing|25/100
|-boost|p1a: THE BOSS|spe|1
|-damage|p1a: THE BOSS|65/100 tox|[from] item: Rocky Helmet|[of] p2a: Weezing
|move|p2a: Weezing|Toxic|p1a: THE BOSS
|-fail|p1a: THE BOSS|tox
|
|-damage|p1a: THE BOSS|47/100 tox|[from] psn
|upkeep
|turn|27
|
|t:|1769347958
|move|p1a: THE BOSS|Hone Claws|p1a: THE BOSS
|-boost|p1a: THE BOSS|atk|1
|-boost|p1a: THE BOSS|accuracy|1
|move|p2a: Weezing|Toxic|p1a: THE BOSS
|-fail|p1a: THE BOSS|tox
|
|-damage|p1a: THE BOSS|22/100 tox|[from] psn
|upkeep
|turn|28
|
|t:|1769347969
|move|p1a: THE BOSS|Rest|p1a: THE BOSS
|-status|p1a: THE BOSS|slp|[from] move: Rest
|-heal|p1a: THE BOSS|100/100 slp|[silent]
|move|p2a: Weezing|Will-O-Wisp||[still]
|-fail|p2a: Weezing
|
|upkeep
|turn|29
|
|t:|1769347976
|cant|p1a: THE BOSS|slp
|move|p2a: Weezing|Toxic||[still]
|-fail|p2a: Weezing
|
|upkeep
|turn|30
|
|t:|1769347982
|cant|p1a: THE BOSS|slp
|move|p2a: Weezing|Toxic||[still]
|-fail|p2a: Weezing
|
|upkeep
|turn|31
|
|t:|1769347987
|-curestatus|p1a: THE BOSS|slp|[msg]
|move|p1a: THE BOSS|Hone Claws|p1a: THE BOSS
|-boost|p1a: THE BOSS|atk|1
|-boost|p1a: THE BOSS|accuracy|1
|move|p2a: Weezing|Toxic|p1a: THE BOSS
|-status|p1a: THE BOSS|tox
|
|-damage|p1a: THE BOSS|94/100 tox|[from] psn
|upkeep
|turn|32
|
|t:|1769348001
|move|p1a: THE BOSS|Hone Claws|p1a: THE BOSS
|-boost|p1a: THE BOSS|atk|1
|-boost|p1a: THE BOSS|accuracy|1
|move|p2a: Weezing|Will-O-Wisp||[still]
|-fail|p2a: Weezing
|
|-damage|p1a: THE BOSS|82/100 tox|[from] psn
|upkeep
|turn|33
|
|t:|1769348026
|move|p1a: THE BOSS|Hone Claws|p1a: THE BOSS
|-boost|p1a: THE BOSS|atk|1
|-boost|p1a: THE BOSS|accuracy|1
|move|p2a: Weezing|Toxic|p1a: THE BOSS
|-fail|p1a: THE BOSS|tox
|
|-damage|p1a: THE BOSS|63/100 tox|[from] psn
|upkeep
|turn|34
|
|t:|1769348038
|move|p1a: THE BOSS|Rest|p1a: THE BOSS
|-status|p1a: THE BOSS|slp|[from] move: Rest
|-heal|p1a: THE BOSS|100/100 slp|[silent]
|move|p2a: Weezing|Will-O-Wisp||[still]
|-fail|p2a: Weezing
|
|upkeep
|turn|35
|
|t:|1769348048
|cant|p1a: THE BOSS|slp
|move|p2a: Weezing|Toxic||[still]
|-fail|p2a: Weezing
|
|upkeep
|turn|36
|
|t:|1769348053
|cant|p1a: THE BOSS|slp
|move|p2a: Weezing|Toxic||[still]
|-fail|p2a: Weezing
|
|upkeep
|turn|37
|
|t:|1769348060
|-curestatus|p1a: THE BOSS|slp|[msg]
|move|p1a: THE BOSS|Trailblaze|p2a: Weezing
|-resisted|p2a: Weezing
|-damage|p2a: Weezing|1/100
|-boost|p1a: THE BOSS|spe|1
|-damage|p1a: THE BOSS|84/100|[from] item: Rocky Helmet|[of] p2a: Weezing
|move|p2a: Weezing|Toxic|p1a: THE BOSS
|-status|p1a: THE BOSS|tox
|
|-damage|p1a: THE BOSS|78/100 tox|[from] psn
|upkeep
|turn|38
|
|t:|1769348076
|move|p1a: THE BOSS|Rest|p1a: THE BOSS
|-status|p1a: THE BOSS|slp|[from] move: Rest
|-heal|p1a: THE BOSS|100/100 slp|[silent]
|move|p2a: Weezing|Will-O-Wisp||[still]
|-fail|p2a: Weezing
|
|upkeep
|turn|39
|
|t:|1769348083
|cant|p1a: THE BOSS|slp
|move|p2a: Weezing|Toxic||[still]
|-fail|p2a: Weezing
|
|upkeep
|turn|40
|
|t:|1769348088
|cant|p1a: THE BOSS|slp
|move|p2a: Weezing|Toxic||[still]
|-fail|p2a: Weezing
|
|upkeep
|turn|41
|
|t:|1769348093
|-curestatus|p1a: THE BOSS|slp|[msg]
|move|p1a: THE BOSS|Trailblaze|p2a: Weezing
|-resisted|p2a: Weezing
|-damage|p2a: Weezing|0 fnt
|-boost|p1a: THE BOSS|spe|1
|-damage|p1a: THE BOSS|84/100|[from] item: Rocky Helmet|[of] p2a: Weezing
|faint|p2a: Weezing
|-end|p2a: Weezing|ability: Neutralizing Gas
|
|upkeep
|
|t:|1769348110
|switch|p2a: Alomomola|Alomomola, F|100/100
|turn|42
|
|t:|1769348119
|move|p2a: Alomomola|Protect|p2a: Alomomola
|-singleturn|p2a: Alomomola|Protect
|move|p1a: THE BOSS|Jaw Lock|p2a: Alomomola
|-activate|p2a: Alomomola|move: Protect
|
|upkeep
|turn|43
|
|t:|1769348125
|move|p1a: THE BOSS|Trailblaze|p2a: Alomomola
|-supereffective|p2a: Alomomola
|-damage|p2a: Alomomola|16/100
|-boost|p1a: THE BOSS|spe|1
|move|p2a: Alomomola|Tickle|p1a: THE BOSS
|-unboost|p1a: THE BOSS|atk|1
|-unboost|p1a: THE BOSS|def|1
|
|upkeep
|turn|44
|
|t:|1769348134
|move|p1a: THE BOSS|Hone Claws|p1a: THE BOSS
|-boost|p1a: THE BOSS|atk|1
|-boost|p1a: THE BOSS|accuracy|0
|move|p2a: Alomomola|Wish|p2a: Alomomola
|
|upkeep
|turn|45
|
|t:|1769348143
|move|p1a: THE BOSS|Trailblaze|p2a: Alomomola
|-supereffective|p2a: Alomomola
|-damage|p2a: Alomomola|0 fnt
|-boost|p1a: THE BOSS|spe|1
|faint|p2a: Alomomola
|
|upkeep
|
|t:|1769348151
|switch|p2a: Kingambit|Kingambit, F|100/100
|turn|46
|
|t:|1769348158
|move|p1a: THE BOSS|Jaw Lock|p2a: Kingambit
|-resisted|p2a: Kingambit
|-damage|p2a: Kingambit|37/100
|-activate|p1a: THE BOSS|trapped
|-activate|p2a: Kingambit|trapped
|move|p2a: Kingambit|Low Kick|p1a: THE BOSS
|-supereffective|p1a: THE BOSS
|-damage|p1a: THE BOSS|0 fnt
|faint|p1a: THE BOSS
|
|upkeep
|
|t:|1769348164
|switch|p1a: Iron Valiant|Iron Valiant|100/100
|turn|47
|
|t:|1769348171
|move|p1a: Iron Valiant|Moonblast|p2a: Kingambit
|-damage|p2a: Kingambit|10/100
|move|p2a: Kingambit|Iron Head|p1a: Iron Valiant
|-supereffective|p1a: Iron Valiant
|-damage|p1a: Iron Valiant|0 fnt
|faint|p1a: Iron Valiant
|-end|p1a: Iron Valiant|Quark Drive|[silent]
|
|upkeep
|
|t:|1769348176
|switch|p1a: Landorus|Landorus-Therian, M|80/100
|-ability|p1a: Landorus|Intimidate|boost
|-unboost|p2a: Kingambit|atk|1
|-ability|p2a: Kingambit|Defiant|boost
|-boost|p2a: Kingambit|atk|2
|turn|48
|
|t:|1769348186
|move|p1a: Landorus|Stealth Rock|p2a: Kingambit
|-sidestart|p2: Thai ladyboi|move: Stealth Rock
|move|p2a: Kingambit|Kowtow Cleave|p1a: Landorus
|-damage|p1a: Landorus|14/100
|-damage|p2a: Kingambit|0 fnt|[from] item: Rocky Helmet|[of] p1a: Landorus
|faint|p2a: Kingambit
|
|upkeep
|
|t:|1769348200
|switch|p2a: Thundurus|Thundurus-Therian, M|91/100
|-damage|p2a: Thundurus|67/100|[from] Stealth Rock
|turn|49
|
|t:|1769348213
|move|p2a: Thundurus|Grass Knot|p1a: Landorus
|-damage|p1a: Landorus|0 fnt
|-damage|p2a: Thundurus|50/100|[from] item: Rocky Helmet|[of] p1a: Landorus
|faint|p1a: Landorus
|
|upkeep
|
|t:|1769348219
|switch|p1a: Pecharunt|Pecharunt|100/100
|turn|50
|
|t:|1769348226
|move|p2a: Thundurus|Grass Knot|p1a: Pecharunt
|-resisted|p1a: Pecharunt
|-damage|p1a: Pecharunt|94/100
|move|p1a: Pecharunt|Malignant Chain|p2a: Thundurus
|-damage|p2a: Thundurus|0 fnt
|faint|p2a: Thundurus
|
|upkeep
|
|t:|1769348234
|switch|p2a: Kyurem|Kyurem|63/100
|-damage|p2a: Kyurem|38/100|[from] Stealth Rock
|-ability|p2a: Kyurem|Pressure
|turn|51
|
|t:|1769348243
|move|p2a: Kyurem|Protect|p2a: Kyurem
|-singleturn|p2a: Kyurem|Protect
|move|p1a: Pecharunt|Shadow Ball|p2a: Kyurem
|-activate|p2a: Kyurem|move: Protect
|
|-heal|p2a: Kyurem|44/100|[from] item: Leftovers
|upkeep
|turn|52
|
|t:|1769348255
|-terastallize|p2a: Kyurem|Steel
|move|p2a: Kyurem|Freeze-Dry|p1a: Pecharunt
|-damage|p1a: Pecharunt|48/100
|move|p1a: Pecharunt|Shadow Ball|p2a: Kyurem
|-damage|p2a: Kyurem|15/100
|
|-heal|p2a: Kyurem|21/100|[from] item: Leftovers
|upkeep
|turn|53
|
|t:|1769348275
|move|p2a: Kyurem|Earth Power|p1a: Pecharunt
|-supereffective|p1a: Pecharunt
|-damage|p1a: Pecharunt|0 fnt
|faint|p1a: Pecharunt
|
|-heal|p2a: Kyurem|28/100|[from] item: Leftovers
|upkeep
|
|t:|1769348278
|switch|p1a: Volcanion|Volcanion|100/100
|turn|54
|
|t:|1769348286
|move|p2a: Kyurem|Protect|p2a: Kyurem
|-singleturn|p2a: Kyurem|Protect
|move|p1a: Volcanion|Flamethrower|p2a: Kyurem
|-activate|p2a: Kyurem|move: Protect
|
|-heal|p2a: Kyurem|34/100|[from] item: Leftovers
|upkeep
|turn|55
|
|t:|1769348294
|-terastallize|p1a: Volcanion|Poison
|move|p2a: Kyurem|Freeze-Dry|p1a: Volcanion
|-damage|p1a: Volcanion|63/100
|move|p1a: Volcanion|Flamethrower|p2a: Kyurem
|-supereffective|p2a: Kyurem
|-damage|p2a: Kyurem|0 fnt
|faint|p2a: Kyurem
|
|win|FP.//06
|raw|FP.&#x2f;&#x2f;06's rating: 1425 &rarr; <strong>1443</strong><br />(+18 for winning)
|raw|Thai ladyboi's rating: 1389 &rarr; <strong>1371</strong><br />(-18 for losing)
