|j|☆topmanbladee
|j|☆Goblin Demolisher
|t:|1769385173
|gametype|singles
|player|p1|topmanbladee|170|1669
|player|p2|Goblin Demolisher|cheryl|1576
|gen|9
|tier|[Gen 9] OU
|rated|
|rule|HP Percentage Mod: HP is shown in percentages
|rule|Endless Battle Clause: Forcing endless battles is banned
|rule|Species Clause: Limit one of each Pokémon
|rule|OHKO Clause: OHKO moves are banned
|rule|Evasion Items Clause: Evasion items are banned
|rule|Evasion Moves Clause: Evasion moves are banned
|rule|Evasion Abilities Clause: Evasion abilities are banned
|rule|Sleep Moves Clause: Sleep-inducing moves are banned
|clearpoke
|poke|p1|Kyurem|
|poke|p1|Cinderace, F|
|poke|p1|Tornadus-Therian, M|
|poke|p1|Hatterene, F|
|poke|p1|Great Tusk|
|poke|p1|Kingambit, F|
|poke|p2|Mienshao, M|
|poke|p2|Alomomola, F|
|poke|p2|Kyurem|
|poke|p2|Great Tusk|
|poke|p2|Tornadus-Therian, M|
|poke|p2|Iron Crown|
|teampreview
|inactive|Battle timer is ON: inactive players will automatically lose when time's up. (requested by topmanbladee)
|
|t:|1769385186
|teamsize|p1|6
|teamsize|p2|6
|start
|switch|p1a: Cinderace|Cinderace, F|100/100
|switch|p2a: Iron Crown|Iron Crown|100/100
|turn|1
|j| Nikator98
|
|t:|1769385193
|-end|p2a: Iron Crown|Quark Drive|[silent]
|switch|p2a: Alomomola|Alomomola, F|100/100
|move|p1a: Cinderace|Pyro Ball|p2a: Alomomola
|-resisted|p2a: Alomomola
|-damage|p2a: Alomomola|80/100
|-status|p2a: Alomomola|brn
|
|-damage|p2a: Alomomola|74/100 brn|[from] brn
|upkeep
|turn|2
|
|t:|1769385197
|move|p1a: Cinderace|U-turn|p2a: Alomomola
|-start|p1a: Cinderace|typechange|Bug|[from] ability: Libero
|-damage|p2a: Alomomola|52/100 brn
|
|t:|1769385200
|switch|p1a: Tornadus|Tornadus-Therian, M|100/100|[from] U-turn
|move|p2a: Alomomola|Flip Turn|p1a: Tornadus
|-damage|p1a: Tornadus|91/100
|
|t:|1769385212
|switch|p2a: Kyurem|Kyurem|100/100|[from] Flip Turn
|-ability|p2a: Kyurem|Pressure
|
|upkeep
|turn|3
|
|t:|1769385224
|move|p1a: Tornadus|Knock Off|p2a: Kyurem
|-damage|p2a: Kyurem|80/100
|-enditem|p2a: Kyurem|Choice Specs|[from] move: Knock Off|[of] p1a: Tornadus
|move|p2a: Kyurem|Ice Beam|p1a: Tornadus
|-supereffective|p1a: Tornadus
|-damage|p1a: Tornadus|33/100
|
|upkeep
|turn|4
|
|t:|1769385234
|move|p1a: Tornadus|U-turn|p2a: Kyurem
|-damage|p2a: Kyurem|65/100
|
|t:|1769385242
|switch|p1a: Kingambit|Kingambit, F|100/100|[from] U-turn
|move|p2a: Kyurem|Earth Power|p1a: Kingambit
|-supereffective|p1a: Kingambit
|-damage|p1a: Kingambit|44/100
|
|-heal|p1a: Kingambit|50/100|[from] item: Leftovers
|upkeep
|turn|5
|
|t:|1769385262
|switch|p2a: Iron Crown|Iron Crown|100/100
|move|p1a: Kingambit|Kowtow Cleave|p2a: Iron Crown
|-supereffective|p2a: Iron Crown
|-damage|p2a: Iron Crown|0 fnt
|faint|p2a: Iron Crown
|-end|p2a: Iron Crown|Quark Drive|[silent]
|
|-heal|p1a: Kingambit|56/100|[from] item: Leftovers
|upkeep
|
|t:|1769385270
|switch|p2a: Mienshao|Mienshao, M|100/100
|turn|6
|
|t:|1769385274
|-end|p1a: Kingambit|fallenundefined|[silent]
|switch|p1a: Hatterene|Hatterene, F|100/100
|move|p2a: Mienshao|High Jump Kick|p1a: Hatterene
|-resisted|p1a: Hatterene
|-damage|p1a: Hatterene|84/100
|-damage|p2a: Mienshao|91/100|[from] item: Life Orb
|
|-heal|p1a: Hatterene|90/100|[from] item: Leftovers
|upkeep
|turn|7
|
|t:|1769385280
|switch|p1a: Great Tusk|Great Tusk|100/100
|move|p2a: Mienshao|U-turn|p1a: Great Tusk
|-resisted|p1a: Great Tusk
|-crit|p1a: Great Tusk
|-damage|p1a: Great Tusk|85/100
|-damage|p2a: Mienshao|74/100|[from] item: Rocky Helmet|[of] p1a: Great Tusk
|-damage|p2a: Mienshao|64/100|[from] item: Life Orb
|
|t:|1769385284
|switch|p2a: Kyurem|Kyurem|65/100|[from] U-turn
|-ability|p2a: Kyurem|Pressure
|
|upkeep
|turn|8
|
|t:|1769385292
|-end|p1a: Great Tusk|Protosynthesis|[silent]
|switch|p1a: Tornadus|Tornadus-Therian, M|66/100
|move|p2a: Kyurem|Ice Beam|p1a: Tornadus
|-supereffective|p1a: Tornadus
|-damage|p1a: Tornadus|2/100
|
|upkeep
|turn|9
|
|t:|1769385301
|move|p1a: Tornadus|Bleakwind Storm|p2a: Kyurem
|-damage|p2a: Kyurem|28/100
|move|p2a: Kyurem|Ice Beam|p1a: Tornadus
|-supereffective|p1a: Tornadus
|-crit|p1a: Tornadus
|-damage|p1a: Tornadus|0 fnt
|faint|p1a: Tornadus
|
|upkeep
|
|t:|1769385304
|switch|p1a: Cinderace|Cinderace, F|100/100
|turn|10
|
|t:|1769385307
|switch|p2a: Alomomola|Alomomola, F|86/100 brn
|move|p1a: Cinderace|Pyro Ball|p2a: Alomomola
|-resisted|p2a: Alomomola
|-damage|p2a: Alomomola|67/100 brn
|
|-damage|p2a: Alomomola|60/100 brn|[from] brn
|upkeep
|turn|11
|
|t:|1769385315
|switch|p1a: Great Tusk|Great Tusk|85/100
|move|p2a: Alomomola|Flip Turn|p1a: Great Tusk
|-supereffective|p1a: Great Tusk
|-damage|p1a: Great Tusk|75/100
|-damage|p2a: Alomomola|44/100 brn|[from] item: Rocky Helmet|[of] p1a: Great Tusk
|
|t:|1769385318
|switch|p2a: Kyurem|Kyurem|28/100|[from] Flip Turn
|-ability|p2a: Kyurem|Pressure
|
|upkeep
|turn|12
|
|t:|1769385325
|move|p2a: Kyurem|Ice Beam|p1a: Great Tusk
|-supereffective|p1a: Great Tusk
|-damage|p1a: Great Tusk|0 fnt
|faint|p1a: Great Tusk
|-end|p1a: Great Tusk|Protosynthesis|[silent]
|
|upkeep
|
|t:|1769385327
|switch|p1a: Cinderace|Cinderace, F|100/100
|turn|13
|
|t:|1769385329
|switch|p2a: Alomomola|Alomomola, F|77/100 brn
|move|p1a: Cinderace|Pyro Ball|p2a: Alomomola
|-resisted|p2a: Alomomola
|-damage|p2a: Alomomola|58/100 brn
|
|-damage|p2a: Alomomola|52/100 brn|[from] brn
|upkeep
|turn|14
|
|t:|1769385331
|move|p1a: Cinderace|Gunk Shot|p2a: Alomomola
|-start|p1a: Cinderace|typechange|Poison|[from] ability: Libero
|-damage|p2a: Alomomola|11/100 brn
|move|p2a: Alomomola|Flip Turn|p1a: Cinderace
|-damage|p1a: Cinderace|88/100
|
|t:|1769385339
|switch|p2a: Great Tusk|Great Tusk|100/100|[from] Flip Turn
|
|upkeep
|turn|15
|inactive|topmanbladee has 120 seconds left.
|
|t:|1769385371
|switch|p1a: Hatterene|Hatterene, F|90/100
|move|p2a: Great Tusk|Headlong Rush|p1a: Hatterene
|-damage|p1a: Hatterene|45/100
|-unboost|p2a: Great Tusk|def|1
|-unboost|p2a: Great Tusk|spd|1
|
|-heal|p1a: Hatterene|51/100|[from] item: Leftovers
|upkeep
|turn|16
|
|t:|1769385377
|-end|p2a: Great Tusk|Protosynthesis|[silent]
|switch|p2a: Tornadus|Tornadus-Therian, M|100/100
|move|p1a: Hatterene|Draining Kiss|p2a: Tornadus
|-damage|p2a: Tornadus|77/100
|-heal|p1a: Hatterene|71/100|[from] drain|[of] p2a: Tornadus
|
|-heal|p1a: Hatterene|77/100|[from] item: Leftovers
|upkeep
|turn|17
|
|t:|1769385380
|move|p2a: Tornadus|Knock Off|p1a: Hatterene
|-damage|p1a: Hatterene|59/100
|-enditem|p1a: Hatterene|Leftovers|[from] move: Knock Off|[of] p2a: Tornadus
|move|p1a: Hatterene|Nuzzle|p2a: Tornadus
|-supereffective|p2a: Tornadus
|-damage|p2a: Tornadus|68/100
|-status|p2a: Tornadus|par
|
|upkeep
|turn|18
|
|t:|1769385386
|cant|p2a: Tornadus|par
|move|p1a: Hatterene|Draining Kiss|p2a: Tornadus
|-damage|p2a: Tornadus|46/100 par
|-heal|p1a: Hatterene|79/100|[from] drain|[of] p2a: Tornadus
|
|upkeep
|turn|19
|
|t:|1769385389
|move|p2a: Tornadus|Bleakwind Storm|p1a: Hatterene
|-damage|p1a: Hatterene|41/100
|move|p1a: Hatterene|Psychic Noise|p2a: Tornadus
|-damage|p2a: Tornadus|13/100 par
|-start|p2a: Tornadus|move: Heal Block
|
|upkeep
|turn|20
|
|t:|1769385393
|cant|p2a: Tornadus|par
|move|p1a: Hatterene|Draining Kiss|p2a: Tornadus
|-damage|p2a: Tornadus|0 fnt
|-heal|p1a: Hatterene|52/100|[from] drain|[of] p2a: Tornadus
|faint|p2a: Tornadus
|
|upkeep
|
|t:|1769385400
|switch|p2a: Kyurem|Kyurem|28/100
|-ability|p2a: Kyurem|Pressure
|turn|21
|
|t:|1769385406
|switch|p1a: Kingambit|Kingambit, F|56/100
|-activate|p1a: Kingambit|ability: Supreme Overlord
|-start|p1a: Kingambit|fallen2|[silent]
|move|p2a: Kyurem|Ice Beam|p1a: Kingambit
|-resisted|p1a: Kingambit
|-damage|p1a: Kingambit|32/100
|
|-heal|p1a: Kingambit|38/100|[from] item: Leftovers
|upkeep
|turn|22
|
|t:|1769385412
|switch|p2a: Great Tusk|Great Tusk|100/100
|move|p1a: Kingambit|Sucker Punch||[still]
|-fail|p1a: Kingambit
|
|-heal|p1a: Kingambit|44/100|[from] item: Leftovers
|upkeep
|turn|23
|
|t:|1769385418
|-terastallize|p1a: Kingambit|Fairy
|move|p2a: Great Tusk|Headlong Rush|p1a: Kingambit
|-damage|p1a: Kingambit|9/100
|-unboost|p2a: Great Tusk|def|1
|-unboost|p2a: Great Tusk|spd|1
|move|p1a: Kingambit|Tera Blast|p2a: Great Tusk|[anim] Tera Blast Fairy
|-supereffective|p2a: Great Tusk
|-damage|p2a: Great Tusk|2/100
|
|-heal|p1a: Kingambit|15/100|[from] item: Leftovers
|upkeep
|turn|24
|
|t:|1769385425
|move|p1a: Kingambit|Sucker Punch||[still]
|-fail|p1a: Kingambit
|move|p2a: Great Tusk|Stealth Rock|p1a: Kingambit
|-sidestart|p1: topmanbladee|move: Stealth Rock
|
|-heal|p1a: Kingambit|21/100|[from] item: Leftovers
|upkeep
|turn|25
|
|t:|1769385443
|move|p1a: Kingambit|Sucker Punch|p2a: Great Tusk
|-resisted|p2a: Great Tusk
|-damage|p2a: Great Tusk|0 fnt
|faint|p2a: Great Tusk
|-end|p2a: Great Tusk|Protosynthesis|[silent]
|
|-heal|p1a: Kingambit|28/100|[from] item: Leftovers
|upkeep
|
|t:|1769385446
|switch|p2a: Mienshao|Mienshao, M|97/100
|turn|26
|inactive|Goblin Demolisher has 120 seconds left.
|
|t:|1769385478
|-end|p1a: Kingambit|fallen2|[silent]
|switch|p1a: Hatterene|Hatterene, F|52/100
|-damage|p1a: Hatterene|40/100|[from] Stealth Rock
|move|p2a: Mienshao|Ice Spinner|p1a: Hatterene
|-damage|p1a: Hatterene|8/100
|-damage|p2a: Mienshao|87/100|[from] item: Life Orb
|
|upkeep
|turn|27
|
|t:|1769385484
|move|p2a: Mienshao|U-turn|p1a: Hatterene
|-damage|p1a: Hatterene|0 fnt
|faint|p1a: Hatterene
|-damage|p2a: Mienshao|77/100|[from] item: Life Orb
|
|t:|1769385487
|switch|p2a: Alomomola|Alomomola, F|45/100 brn|[from] U-turn
|
|-damage|p2a: Alomomola|38/100 brn|[from] brn
|upkeep
|
|t:|1769385495
|switch|p1a: Kyurem|Kyurem|100/100
|-damage|p1a: Kyurem|76/100|[from] Stealth Rock
|-ability|p1a: Kyurem|Pressure
|turn|28
|
|t:|1769385500
|switch|p2a: Kyurem|Kyurem|28/100
|-ability|p2a: Kyurem|Pressure
|move|p1a: Kyurem|Freeze-Dry|p2a: Kyurem
|-damage|p2a: Kyurem|0 fnt
|faint|p2a: Kyurem
|
|upkeep
|j| kwnebvdhxuus
|
|t:|1769385506
|switch|p2a: Mienshao|Mienshao, M|100/100
|turn|29
|
|t:|1769385509
|move|p2a: Mienshao|High Jump Kick|p1a: Kyurem
|-supereffective|p1a: Kyurem
|-damage|p1a: Kyurem|0 fnt
|faint|p1a: Kyurem
|-damage|p2a: Mienshao|91/100|[from] item: Life Orb
|
|upkeep
|
|t:|1769385512
|switch|p1a: Cinderace|Cinderace, F|88/100
|turn|30
|
|t:|1769385518
|switch|p2a: Alomomola|Alomomola, F|72/100 brn
|move|p1a: Cinderace|Will-O-Wisp|p2a: Alomomola
|-fail|p2a: Alomomola|brn
|
|-damage|p2a: Alomomola|66/100 brn|[from] brn
|upkeep
|turn|31
|
|t:|1769385522
|move|p1a: Cinderace|Gunk Shot|p2a: Alomomola|[miss]
|-start|p1a: Cinderace|typechange|Poison|[from] ability: Libero
|-miss|p1a: Cinderace|p2a: Alomomola
|move|p2a: Alomomola|Flip Turn|p1a: Cinderace
|-damage|p1a: Cinderace|76/100
|
|t:|1769385524
|switch|p2a: Mienshao|Mienshao, M|100/100|[from] Flip Turn
|
|upkeep
|turn|32
|
|t:|1769385530
|switch|p2a: Alomomola|Alomomola, F|99/100 brn
|move|p1a: Cinderace|Will-O-Wisp|p2a: Alomomola
|-fail|p2a: Alomomola|brn
|
|-damage|p2a: Alomomola|93/100 brn|[from] brn
|upkeep
|turn|33
|
|t:|1769385535
|move|p1a: Cinderace|Gunk Shot|p2a: Alomomola
|-damage|p2a: Alomomola|55/100 brn
|move|p2a: Alomomola|Body Slam|p1a: Cinderace
|-damage|p1a: Cinderace|65/100
|
|-damage|p2a: Alomomola|48/100 brn|[from] brn
|upkeep
|turn|34
|
|t:|1769385543
|move|p1a: Cinderace|Gunk Shot|p2a: Alomomola
|-damage|p2a: Alomomola|13/100 brn
|move|p2a: Alomomola|Body Slam|p1a: Cinderace
|-damage|p1a: Cinderace|53/100
|-status|p1a: Cinderace|par
|
|-damage|p2a: Alomomola|6/100 brn|[from] brn
|upkeep
|turn|35
|
|t:|1769385550
|cant|p1a: Cinderace|par
|move|p2a: Alomomola|Flip Turn|p1a: Cinderace
|-damage|p1a: Cinderace|41/100 par
|
|t:|1769385552
|switch|p2a: Mienshao|Mienshao, M|100/100|[from] Flip Turn
|
|upkeep
|turn|36
|
|t:|1769385557
|move|p2a: Mienshao|U-turn|p1a: Cinderace
|-resisted|p1a: Cinderace
|-damage|p1a: Cinderace|18/100 par
|-damage|p2a: Mienshao|91/100|[from] item: Life Orb
|
|t:|1769385560
|switch|p2a: Alomomola|Alomomola, F|40/100 brn|[from] U-turn
|move|p1a: Cinderace|Will-O-Wisp|p2a: Alomomola
|-fail|p2a: Alomomola|brn
|
|-damage|p2a: Alomomola|34/100 brn|[from] brn
|upkeep
|turn|37
|
|t:|1769385566
|move|p1a: Cinderace|Gunk Shot|p2a: Alomomola|[miss]
|-miss|p1a: Cinderace|p2a: Alomomola
|move|p2a: Alomomola|Flip Turn|p1a: Cinderace
|-damage|p1a: Cinderace|7/100 par
|
|t:|1769385568
|switch|p2a: Mienshao|Mienshao, M|100/100|[from] Flip Turn
|
|upkeep
|turn|38
|
|t:|1769385574
|move|p2a: Mienshao|Ice Spinner|p1a: Cinderace
|-damage|p1a: Cinderace|0 fnt
|faint|p1a: Cinderace
|-damage|p2a: Mienshao|91/100|[from] item: Life Orb
|
|upkeep
|
|t:|1769385575
|switch|p1a: Kingambit|Kingambit, F, tera:Fairy|28/100
|-damage|p1a: Kingambit|15/100|[from] Stealth Rock
|-activate|p1a: Kingambit|ability: Supreme Overlord
|-start|p1a: Kingambit|fallen5|[silent]
|turn|39
|
|t:|1769385578
|move|p2a: Mienshao|Ice Spinner|p1a: Kingambit
|-damage|p1a: Kingambit|0 fnt
|faint|p1a: Kingambit
|-end|p1a: Kingambit|fallen5|[silent]
|-damage|p2a: Mienshao|81/100|[from] item: Life Orb
|
|win|Goblin Demolisher
|raw|topmanbladee's rating: 1669 &rarr; <strong>1644</strong><br />(-25 for losing)
|raw|Goblin Demolisher's rating: 1576 &rarr; <strong>1601</strong><br />(+25 for winning)
|l|☆topmanbladee
|player|p1|
|l|☆Goblin Demolisher
|player|p2|
