|j|☆PC Hulkster
|j|☆cdcs5 ABReu
|t:|1769414103
|gametype|singles
|player|p1|PC Hulkster|wattson|1266
|player|p2|cdcs5 ABReu|lusamine-nihilego|1225
|gen|9
|tier|[Gen 9] OU
|rated|
|rule|HP Percentage Mod: HP is shown in percentages
|rule|Endless Battle Clause: Forcing endless battles is banned
|rule|Species Clause: Limit one of each Pokémon
|rule|OHKO Clause: OHKO moves are banned
|rule|Evasion Items Clause: Evasion items are banned
|rule|Evasion Moves Clause: Evasion moves are banned
|rule|Evasion Abilities Clause: Evasion abilities are banned
|rule|Sleep Moves Clause: Sleep-inducing moves are banned
|clearpoke
|poke|p1|Serperior, F|
|poke|p1|Hitmontop, M|
|poke|p1|Skeledirge, M|
|poke|p1|Staraptor, F|
|poke|p1|Gyarados, M|
|poke|p1|Slowking, M|
|poke|p2|Dragonite, F|
|poke|p2|Gholdengo|
|poke|p2|Great Tusk|
|poke|p2|Iron Moth|
|poke|p2|Ogerpon-Wellspring, F|
|poke|p2|Ting-Lu|
|teampreview
|inactive|Battle timer is ON: inactive players will automatically lose when time's up. (requested by PC Hulkster)
|inactive|cdcs5 ABReu has 120 seconds left.
|inactive|cdcs5 ABReu has 90 seconds left.
|
|t:|1769414186
|teamsize|p1|6
|teamsize|p2|6
|start
|switch|p1a: Staraptor|Staraptor, F|100/100
|switch|p2a: Iron Moth|Iron Moth|100/100
|-enditem|p2a: Iron Moth|Booster Energy
|-activate|p2a: Iron Moth|ability: Quark Drive|[fromitem]
|-start|p2a: Iron Moth|quarkdrivespa
|turn|1
|
|t:|1769414201
|move|p2a: Iron Moth|Substitute|p2a: Iron Moth
|-start|p2a: Iron Moth|Substitute
|-damage|p2a: Iron Moth|76/100
|move|p1a: Staraptor|Double-Edge|p2a: Iron Moth
|-end|p2a: Iron Moth|Substitute
|-damage|p1a: Staraptor|92/100|[from] Recoil|[of] p2a: Iron Moth
|
|upkeep
|turn|2
|
|t:|1769414217
|switch|p1a: Hitmontop|Hitmontop, M|100/100
|move|p2a: Iron Moth|Fiery Dance|p1a: Hitmontop
|-damage|p1a: Hitmontop|58/100
|-boost|p2a: Iron Moth|spa|1
|
|upkeep
|turn|3
|
|t:|1769414225
|switch|p1a: Skeledirge|Skeledirge, M|100/100
|move|p2a: Iron Moth|Fiery Dance|p1a: Skeledirge
|-resisted|p1a: Skeledirge
|-damage|p1a: Skeledirge|72/100
|-boost|p2a: Iron Moth|spa|1
|
|upkeep
|turn|4
|
|t:|1769414233
|-terastallize|p2a: Iron Moth|Ground
|move|p2a: Iron Moth|Tera Blast|p1a: Skeledirge|[anim] Tera Blast Ground
|-supereffective|p1a: Skeledirge
|-damage|p1a: Skeledirge|0 fnt
|faint|p1a: Skeledirge
|
|upkeep
|
|t:|1769414242
|switch|p1a: Serperior|Serperior, F|100/100
|turn|5
|
|t:|1769414249
|move|p1a: Serperior|Substitute|p1a: Serperior
|-start|p1a: Serperior|Substitute
|-damage|p1a: Serperior|75/100
|move|p2a: Iron Moth|Fiery Dance|p1a: Serperior
|-supereffective|p1a: Serperior
|-end|p1a: Serperior|Substitute
|
|-heal|p1a: Serperior|82/100|[from] item: Leftovers
|upkeep
|turn|6
|
|t:|1769414255
|move|p1a: Serperior|Leaf Storm|p2a: Iron Moth
|-supereffective|p2a: Iron Moth
|-damage|p2a: Iron Moth|0 fnt
|-boost|p1a: Serperior|spa|2
|faint|p2a: Iron Moth
|-end|p2a: Iron Moth|Quark Drive|[silent]
|
|-heal|p1a: Serperior|88/100|[from] item: Leftovers
|upkeep
|
|t:|1769414266
|switch|p2a: Dragonite|Dragonite, F|100/100
|turn|7
|
|t:|1769414273
|move|p1a: Serperior|Glare|p2a: Dragonite
|-status|p2a: Dragonite|par
|move|p2a: Dragonite|Ice Spinner|p1a: Serperior
|-supereffective|p1a: Serperior
|-damage|p1a: Serperior|0 fnt
|faint|p1a: Serperior
|
|upkeep
|
|t:|1769414278
|switch|p1a: Hitmontop|Hitmontop, M|58/100
|turn|8
|
|t:|1769414289
|switch|p2a: Ogerpon|Ogerpon-Wellspring, F|100/100
|move|p1a: Hitmontop|Triple Axel|p2a: Ogerpon
|-damage|p2a: Ogerpon|87/100
|-damage|p2a: Ogerpon|61/100
|-damage|p2a: Ogerpon|26/100
|-hitcount|p2a: Ogerpon|3
|
|upkeep
|turn|9
|
|t:|1769414301
|move|p1a: Hitmontop|Mach Punch|p2a: Ogerpon
|-damage|p2a: Ogerpon|0 fnt
|faint|p2a: Ogerpon
|
|upkeep
|
|t:|1769414305
|switch|p2a: Great Tusk|Great Tusk|100/100
|-enditem|p2a: Great Tusk|Booster Energy
|-activate|p2a: Great Tusk|ability: Protosynthesis|[fromitem]
|-start|p2a: Great Tusk|protosynthesisatk
|turn|10
|
|t:|1769414313
|switch|p1a: Slowking|Slowking, M, shiny|100/100
|move|p2a: Great Tusk|Ice Spinner|p1a: Slowking
|-resisted|p1a: Slowking
|-damage|p1a: Slowking|84/100
|-damage|p2a: Great Tusk|84/100|[from] item: Rocky Helmet|[of] p1a: Slowking
|
|upkeep
|turn|11
|
|t:|1769414322
|move|p2a: Great Tusk|Bulk Up|p2a: Great Tusk
|-boost|p2a: Great Tusk|atk|1
|-boost|p2a: Great Tusk|def|1
|move|p1a: Slowking|Future Sight|p2a: Great Tusk
|-start|p1a: Slowking|move: Future Sight
|
|upkeep
|turn|12
|
|t:|1769414326
|move|p2a: Great Tusk|Headlong Rush|p1a: Slowking
|-damage|p1a: Slowking|0 fnt
|-unboost|p2a: Great Tusk|def|1
|-unboost|p2a: Great Tusk|spd|1
|-damage|p2a: Great Tusk|67/100|[from] item: Rocky Helmet|[of] p1a: Slowking
|faint|p1a: Slowking
|
|upkeep
|
|t:|1769414341
|switch|p1a: Staraptor|Staraptor, F|92/100
|turn|13
|
|t:|1769414346
|-end|p2a: Great Tusk|Protosynthesis|[silent]
|switch|p2a: Ting-Lu|Ting-Lu|100/100
|-ability|p2a: Ting-Lu|Vessel of Ruin
|move|p1a: Staraptor|Brave Bird|p2a: Ting-Lu
|-damage|p2a: Ting-Lu|59/100
|-damage|p1a: Staraptor|70/100|[from] Recoil
|-enditem|p2a: Ting-Lu|Red Card|[of] p1a: Staraptor
|drag|p1a: Gyarados|Gyarados, M|100/100
|
|-end|p2a: Ting-Lu|move: Future Sight
|-immune|p2a: Ting-Lu
|upkeep
|turn|14
|
|t:|1769414351
|move|p1a: Gyarados|Waterfall|p2a: Ting-Lu
|-supereffective|p2a: Ting-Lu
|-damage|p2a: Ting-Lu|26/100
|move|p2a: Ting-Lu|Ruination|p1a: Gyarados
|-damage|p1a: Gyarados|50/100
|
|upkeep
|turn|15
|
|t:|1769414357
|move|p1a: Gyarados|Waterfall|p2a: Ting-Lu
|-supereffective|p2a: Ting-Lu
|-damage|p2a: Ting-Lu|0 fnt
|faint|p2a: Ting-Lu
|-ability|p1a: Gyarados|Moxie|boost
|-boost|p1a: Gyarados|atk|1
|
|upkeep
|
|t:|1769414362
|switch|p2a: Dragonite|Dragonite, F|100/100 par
|turn|16
|
|t:|1769414371
|move|p2a: Dragonite|Extreme Speed|p1a: Gyarados
|-damage|p1a: Gyarados|0 fnt
|faint|p1a: Gyarados
|
|upkeep
|
|t:|1769414374
|switch|p1a: Hitmontop|Hitmontop, M|58/100
|turn|17
|
|t:|1769414377
|move|p2a: Dragonite|Extreme Speed|p1a: Hitmontop
|-damage|p1a: Hitmontop|0 fnt
|faint|p1a: Hitmontop
|
|upkeep
|
|t:|1769414380
|switch|p1a: Staraptor|Staraptor, F|70/100
|turn|18
|
|t:|1769414383
|move|p2a: Dragonite|Extreme Speed|p1a: Staraptor
|-damage|p1a: Staraptor|10/100
|move|p1a: Staraptor|Brave Bird|p2a: Dragonite
|-damage|p2a: Dragonite|41/100 par
|-damage|p1a: Staraptor|0 fnt|[from] Recoil
|faint|p1a: Staraptor
|
|win|cdcs5 ABReu
|raw|PC Hulkster's rating: 1266 &rarr; <strong>1238</strong><br />(-28 for losing)
|raw|cdcs5 ABReu's rating: 1225 &rarr; <strong>1253</strong><br />(+28 for winning)
|c|☆PC Hulkster|gg!
|l|☆PC Hulkster
|player|p1|
|l|☆cdcs5 ABReu
|player|p2|
