|j|☆DivaDia
|j|☆sparkelzlol
|t:|1769363808
|gametype|singles
|player|p1|DivaDia|parasollady|1389
|player|p2|sparkelzlol|wallace|1403
|gen|9
|tier|[Gen 9] OU
|rated|
|rule|HP Percentage Mod: HP is shown in percentages
|rule|Endless Battle Clause: Forcing endless battles is banned
|rule|Species Clause: Limit one of each Pokémon
|rule|OHKO Clause: OHKO moves are banned
|rule|Evasion Items Clause: Evasion items are banned
|rule|Evasion Moves Clause: Evasion moves are banned
|rule|Evasion Abilities Clause: Evasion abilities are banned
|rule|Sleep Moves Clause: Sleep-inducing moves are banned
|clearpoke
|poke|p1|Frosmoth, F|
|poke|p1|Tornadus-Therian, M|
|poke|p1|Iron Treads|
|poke|p1|Zamazenta-*|
|poke|p1|Ceruledge, M|
|poke|p1|Ogerpon-Wellspring, F|
|poke|p2|Hydrapple, M|
|poke|p2|Tyranitar, F|
|poke|p2|Moltres|
|poke|p2|Zamazenta-*|
|poke|p2|Slowking-Galar, F|
|poke|p2|Excadrill, F|
|teampreview
|inactive|Battle timer is ON: inactive players will automatically lose when time's up. (requested by sparkelzlol)
|
|t:|1769363831
|teamsize|p1|6
|teamsize|p2|6
|start
|switch|p1a: Zamazenta|Zamazenta|100/100
|switch|p2a: Tyranitar|Tyranitar, F|100/100
|-ability|p1a: Zamazenta|Dauntless Shield|boost
|-boost|p1a: Zamazenta|def|1
|-weather|Sandstorm|[from] ability: Sand Stream|[of] p2a: Tyranitar
|turn|1
|c|☆sparkelzlol|Gl
|
|t:|1769363843
|-terastallize|p2a: Tyranitar|Flying
|move|p2a: Tyranitar|Thunder Wave|p1a: Zamazenta
|-status|p1a: Zamazenta|par
|move|p1a: Zamazenta|Roar|p2a: Tyranitar
|drag|p2a: Moltres|Moltres|100/100
|
|-weather|Sandstorm|[upkeep]
|-damage|p2a: Moltres|94/100|[from] Sandstorm
|-damage|p1a: Zamazenta|94/100 par|[from] Sandstorm
|upkeep
|turn|2
|
|t:|1769363852
|move|p2a: Moltres|Flamethrower|p1a: Zamazenta
|-damage|p1a: Zamazenta|65/100 par
|cant|p1a: Zamazenta|par
|
|-weather|Sandstorm|[upkeep]
|-damage|p2a: Moltres|88/100|[from] Sandstorm
|-damage|p1a: Zamazenta|59/100 par|[from] Sandstorm
|upkeep
|turn|3
|
|t:|1769363857
|move|p2a: Moltres|Flamethrower|p1a: Zamazenta
|-damage|p1a: Zamazenta|27/100 par
|cant|p1a: Zamazenta|par
|
|-weather|Sandstorm|[upkeep]
|-damage|p2a: Moltres|82/100|[from] Sandstorm
|-damage|p1a: Zamazenta|21/100 par|[from] Sandstorm
|upkeep
|turn|4
|
|t:|1769363862
|switch|p1a: Ceruledge|Ceruledge, M|100/100
|move|p2a: Moltres|Flamethrower|p1a: Ceruledge
|-start|p1a: Ceruledge|ability: Flash Fire
|
|-weather|Sandstorm|[upkeep]
|-damage|p1a: Ceruledge|94/100|[from] Sandstorm
|-damage|p2a: Moltres|76/100|[from] Sandstorm
|upkeep
|turn|5
|
|t:|1769363870
|switch|p2a: Tyranitar|Tyranitar, F, tera:Flying|100/100
|move|p1a: Ceruledge|Bulk Up|p1a: Ceruledge
|-boost|p1a: Ceruledge|atk|1
|-boost|p1a: Ceruledge|def|1
|
|-weather|Sandstorm|[upkeep]
|-damage|p1a: Ceruledge|88/100|[from] Sandstorm
|-damage|p2a: Tyranitar|94/100|[from] Sandstorm
|upkeep
|turn|6
|
|t:|1769363875
|-terastallize|p1a: Ceruledge|Bug
|move|p1a: Ceruledge|Bitter Blade|p2a: Tyranitar
|-damage|p2a: Tyranitar|35/100
|-heal|p1a: Ceruledge|100/100|[from] drain|[of] p2a: Tyranitar
|move|p2a: Tyranitar|Knock Off|p1a: Ceruledge
|-damage|p1a: Ceruledge|72/100
|-enditem|p1a: Ceruledge|Covert Cloak|[from] move: Knock Off|[of] p2a: Tyranitar
|
|-weather|Sandstorm|[upkeep]
|-damage|p1a: Ceruledge|65/100|[from] Sandstorm
|-damage|p2a: Tyranitar|29/100|[from] Sandstorm
|upkeep
|turn|7
|
|t:|1769363884
|move|p1a: Ceruledge|Bitter Blade|p2a: Tyranitar
|-damage|p2a: Tyranitar|0 fnt
|-heal|p1a: Ceruledge|82/100|[from] drain|[of] p2a: Tyranitar
|faint|p2a: Tyranitar
|
|-weather|Sandstorm|[upkeep]
|-damage|p1a: Ceruledge|76/100|[from] Sandstorm
|upkeep
|
|t:|1769363893
|switch|p2a: Excadrill|Excadrill, F|100/100
|-item|p2a: Excadrill|Air Balloon
|turn|8
|
|t:|1769363897
|move|p2a: Excadrill|Iron Head|p1a: Ceruledge
|-damage|p1a: Ceruledge|46/100
|move|p1a: Ceruledge|Bitter Blade|p2a: Excadrill
|-supereffective|p2a: Excadrill
|-damage|p2a: Excadrill|0 fnt
|-heal|p1a: Ceruledge|97/100|[from] drain|[of] p2a: Excadrill
|-enditem|p2a: Excadrill|Air Balloon
|faint|p2a: Excadrill
|
|-weather|none
|upkeep
|
|t:|1769363904
|switch|p2a: Moltres|Moltres|76/100
|turn|9
|
|t:|1769363907
|move|p1a: Ceruledge|Bulk Up|p1a: Ceruledge
|-boost|p1a: Ceruledge|atk|1
|-boost|p1a: Ceruledge|def|1
|move|p2a: Moltres|Roar|p1a: Ceruledge
|-end|p1a: Ceruledge|ability: Flash Fire|[silent]
|drag|p1a: Frosmoth|Frosmoth, F|100/100
|
|upkeep
|turn|10
|
|t:|1769363915
|switch|p1a: Zamazenta|Zamazenta|21/100 par
|move|p2a: Moltres|Flamethrower|p1a: Zamazenta
|-damage|p1a: Zamazenta|0 fnt
|faint|p1a: Zamazenta
|
|upkeep
|
|t:|1769363921
|switch|p1a: Ceruledge|Ceruledge, M, tera:Bug|97/100
|turn|11
|
|t:|1769363927
|move|p1a: Ceruledge|Taunt|p2a: Moltres
|-start|p2a: Moltres|move: Taunt
|cant|p2a: Moltres|move: Taunt|Roost
|
|upkeep
|turn|12
|
|t:|1769363931
|switch|p2a: Slowking|Slowking-Galar, F|100/100
|move|p1a: Ceruledge|Bulk Up|p1a: Ceruledge
|-boost|p1a: Ceruledge|atk|1
|-boost|p1a: Ceruledge|def|1
|
|upkeep
|turn|13
|
|t:|1769363935
|move|p1a: Ceruledge|Taunt|p2a: Slowking
|-start|p2a: Slowking|move: Taunt
|move|p2a: Slowking|Ice Beam|p1a: Ceruledge
|-damage|p1a: Ceruledge|80/100
|
|upkeep
|turn|14
|
|t:|1769363940
|move|p1a: Ceruledge|Bulk Up|p1a: Ceruledge
|-boost|p1a: Ceruledge|atk|1
|-boost|p1a: Ceruledge|def|1
|move|p2a: Slowking|Ice Beam|p1a: Ceruledge
|-damage|p1a: Ceruledge|63/100
|
|upkeep
|turn|15
|
|t:|1769363947
|move|p1a: Ceruledge|Bitter Blade|p2a: Slowking
|-damage|p2a: Slowking|46/100
|-heal|p1a: Ceruledge|93/100|[from] drain|[of] p2a: Slowking
|move|p2a: Slowking|Psyshock|p1a: Ceruledge
|-damage|p1a: Ceruledge|78/100
|
|-end|p2a: Slowking|move: Taunt
|upkeep
|turn|16
|
|t:|1769363955
|move|p1a: Ceruledge|Bitter Blade|p2a: Slowking
|-damage|p2a: Slowking|0 fnt
|-heal|p1a: Ceruledge|100/100|[from] drain|[of] p2a: Slowking
|faint|p2a: Slowking
|
|upkeep
|
|t:|1769363958
|switch|p2a: Zamazenta|Zamazenta|100/100
|-ability|p2a: Zamazenta|Dauntless Shield|boost
|-boost|p2a: Zamazenta|def|1
|turn|17
|
|t:|1769363962
|move|p2a: Zamazenta|Iron Defense|p2a: Zamazenta
|-boost|p2a: Zamazenta|def|2
|move|p1a: Ceruledge|Taunt|p2a: Zamazenta
|-start|p2a: Zamazenta|move: Taunt
|
|upkeep
|turn|18
|
|t:|1769363969
|move|p2a: Zamazenta|Body Press|p1a: Ceruledge
|-resisted|p1a: Ceruledge
|-damage|p1a: Ceruledge|76/100
|move|p1a: Ceruledge|Bitter Blade|p2a: Zamazenta
|-damage|p2a: Zamazenta|77/100
|-heal|p1a: Ceruledge|86/100|[from] drain|[of] p2a: Zamazenta
|
|-heal|p2a: Zamazenta|84/100|[from] item: Leftovers
|upkeep
|turn|19
|
|t:|1769363975
|move|p2a: Zamazenta|Body Press|p1a: Ceruledge
|-resisted|p1a: Ceruledge
|-crit|p1a: Ceruledge
|-damage|p1a: Ceruledge|6/100
|move|p1a: Ceruledge|Bitter Blade|p2a: Zamazenta
|-damage|p2a: Zamazenta|61/100
|-heal|p1a: Ceruledge|17/100|[from] drain|[of] p2a: Zamazenta
|
|-heal|p2a: Zamazenta|67/100|[from] item: Leftovers
|upkeep
|turn|20
|
|t:|1769363980
|move|p2a: Zamazenta|Body Press|p1a: Ceruledge
|-resisted|p1a: Ceruledge
|-damage|p1a: Ceruledge|0 fnt
|faint|p1a: Ceruledge
|
|-heal|p2a: Zamazenta|73/100|[from] item: Leftovers
|-end|p2a: Zamazenta|move: Taunt
|upkeep
|
|t:|1769363983
|switch|p1a: Tornadus|Tornadus-Therian, M|100/100
|turn|21
|
|t:|1769363989
|switch|p2a: Moltres|Moltres|76/100
|move|p1a: Tornadus|Bleakwind Storm|p2a: Moltres
|-damage|p2a: Moltres|40/100
|
|upkeep
|turn|22
|
|t:|1769363994
|move|p1a: Tornadus|Bleakwind Storm|p2a: Moltres
|-damage|p2a: Moltres|0 fnt
|faint|p2a: Moltres
|
|upkeep
|
|t:|1769364007
|switch|p2a: Hydrapple|Hydrapple, M|100/100
|turn|23
|
|t:|1769364010
|move|p1a: Tornadus|Bleakwind Storm|p2a: Hydrapple
|-supereffective|p2a: Hydrapple
|-damage|p2a: Hydrapple|28/100
|move|p2a: Hydrapple|Fickle Beam|p1a: Tornadus
|-damage|p1a: Tornadus|64/100
|
|upkeep
|turn|24
|
|t:|1769364016
|move|p1a: Tornadus|Bleakwind Storm|p2a: Hydrapple
|-supereffective|p2a: Hydrapple
|-damage|p2a: Hydrapple|0 fnt
|faint|p2a: Hydrapple
|
|upkeep
|
|t:|1769364018
|switch|p2a: Zamazenta|Zamazenta|73/100
|turn|25
|
|t:|1769364022
|move|p2a: Zamazenta|Crunch|p1a: Tornadus
|-crit|p1a: Tornadus
|-damage|p1a: Tornadus|29/100
|move|p1a: Tornadus|Knock Off|p2a: Zamazenta
|-resisted|p2a: Zamazenta
|-damage|p2a: Zamazenta|65/100
|-enditem|p2a: Zamazenta|Leftovers|[from] move: Knock Off|[of] p1a: Tornadus
|
|upkeep
|turn|26
|
|t:|1769364029
|switch|p1a: Ogerpon|Ogerpon-Wellspring, F|100/100
|move|p2a: Zamazenta|Crunch|p1a: Ogerpon
|-damage|p1a: Ogerpon|72/100
|
|upkeep
|turn|27
|
|t:|1769364034
|move|p2a: Zamazenta|Iron Defense|p2a: Zamazenta
|-boost|p2a: Zamazenta|def|2
|move|p1a: Ogerpon|Ivy Cudgel|p2a: Zamazenta|[anim] Ivy Cudgel Water
|-damage|p2a: Zamazenta|45/100
|
|upkeep
|turn|28
|
|t:|1769364038
|move|p2a: Zamazenta|Body Press|p1a: Ogerpon
|-damage|p1a: Ogerpon|0 fnt
|faint|p1a: Ogerpon
|
|upkeep
|
|t:|1769364042
|switch|p1a: Tornadus|Tornadus-Therian, M|62/100
|turn|29
|
|t:|1769364044
|move|p2a: Zamazenta|Body Press|p1a: Tornadus
|-resisted|p1a: Tornadus
|-damage|p1a: Tornadus|15/100
|move|p1a: Tornadus|Bleakwind Storm|p2a: Zamazenta
|-supereffective|p2a: Zamazenta
|-damage|p2a: Zamazenta|0 fnt
|faint|p2a: Zamazenta
|
|win|DivaDia
|raw|DivaDia's rating: 1389 &rarr; <strong>1410</strong><br />(+21 for winning)
|raw|sparkelzlol's rating: 1403 &rarr; <strong>1382</strong><br />(-21 for losing)
|l|☆DivaDia
|player|p1|
|l|☆sparkelzlol
|player|p2|
