|j|☆polgo
|j|☆lordweirdo17
|t:|1769358711
|gametype|singles
|player|p1|polgo|swimmer-gen4|1156
|player|p2|lordweirdo17|fisherman-gen4|1131
|gen|9
|tier|[Gen 9] OU
|rated|
|rule|HP Percentage Mod: HP is shown in percentages
|rule|Endless Battle Clause: Forcing endless battles is banned
|rule|Species Clause: Limit one of each Pokémon
|rule|OHKO Clause: OHKO moves are banned
|rule|Evasion Items Clause: Evasion items are banned
|rule|Evasion Moves Clause: Evasion moves are banned
|rule|Evasion Abilities Clause: Evasion abilities are banned
|rule|Sleep Moves Clause: Sleep-inducing moves are banned
|clearpoke
|poke|p1|Iron Hands|
|poke|p1|Bastiodon, M|
|poke|p1|Altaria, F|
|poke|p1|Slowking, F|
|poke|p1|Spiritomb, M|
|poke|p1|Camerupt, M|
|poke|p2|Iron Valiant|
|poke|p2|Great Tusk|
|poke|p2|Kingambit, F|
|poke|p2|Alomomola, F|
|poke|p2|Moltres|
|poke|p2|Hoopa-Unbound|
|teampreview
|inactive|Battle timer is ON: inactive players will automatically lose when time's up. (requested by lordweirdo17)
|inactive|lordweirdo17 has 120 seconds left.
|
|t:|1769358754
|teamsize|p1|6
|teamsize|p2|6
|start
|switch|p1a: Spiritomb|Spiritomb, M, shiny|100/100
|switch|p2a: Hoopa|Hoopa-Unbound|100/100
|turn|1
|inactive|polgo has 120 seconds left.
|
|t:|1769358785
|move|p2a: Hoopa|Knock Off|p1a: Spiritomb
|-damage|p1a: Spiritomb|32/100
|-damage|p2a: Hoopa|84/100|[from] item: Rocky Helmet|[of] p1a: Spiritomb
|-enditem|p1a: Spiritomb|Rocky Helmet|[from] move: Knock Off|[of] p2a: Hoopa
|move|p1a: Spiritomb|Will-O-Wisp|p2a: Hoopa
|-status|p2a: Hoopa|brn
|
|-damage|p2a: Hoopa|78/100 brn|[from] brn
|upkeep
|turn|2
|
|t:|1769358795
|move|p2a: Hoopa|Knock Off|p1a: Spiritomb
|-damage|p1a: Spiritomb|10/100
|move|p1a: Spiritomb|Trick Room|p1a: Spiritomb
|-fieldstart|move: Trick Room|[of] p1a: Spiritomb
|
|-damage|p2a: Hoopa|72/100 brn|[from] brn
|upkeep
|turn|3
|
|t:|1769358801
|switch|p2a: Kingambit|Kingambit, F|100/100
|move|p1a: Spiritomb|Pain Split|p2a: Kingambit
|-sethp|p2a: Kingambit|54/100|[from] move: Pain Split|[silent]
|-sethp|p1a: Spiritomb|61/100|[from] move: Pain Split
|
|upkeep
|turn|4
|
|t:|1769358809
|-end|p2a: Kingambit|fallenundefined|[silent]
|switch|p2a: Alomomola|Alomomola, F|100/100
|move|p1a: Spiritomb|Will-O-Wisp|p2a: Alomomola
|-status|p2a: Alomomola|brn
|
|-damage|p2a: Alomomola|94/100 brn|[from] brn
|upkeep
|turn|5
|
|t:|1769358819
|move|p1a: Spiritomb|Pain Split|p2a: Alomomola
|-sethp|p2a: Alomomola|65/100 brn|[from] move: Pain Split|[silent]
|-sethp|p1a: Spiritomb|100/100|[from] move: Pain Split
|move|p2a: Alomomola|Scald|p1a: Spiritomb
|-damage|p1a: Spiritomb|87/100
|
|-damage|p2a: Alomomola|58/100 brn|[from] brn
|upkeep
|turn|6
|
|t:|1769358827
|move|p1a: Spiritomb|Poltergeist|p2a: Alomomola
|-activate|p2a: Alomomola|move: Poltergeist|Heavy-Duty Boots
|-damage|p2a: Alomomola|41/100 brn
|move|p2a: Alomomola|Scald|p1a: Spiritomb
|-damage|p1a: Spiritomb|73/100
|
|-damage|p2a: Alomomola|35/100 brn|[from] brn
|-fieldend|move: Trick Room
|upkeep
|turn|7
|
|t:|1769358836
|move|p2a: Alomomola|Flip Turn|p1a: Spiritomb
|-damage|p1a: Spiritomb|66/100
|
|t:|1769358843
|switch|p2a: Kaiba|Iron Valiant, shiny|100/100|[from] Flip Turn
|-enditem|p2a: Kaiba|Booster Energy
|-activate|p2a: Kaiba|ability: Quark Drive|[fromitem]
|-start|p2a: Kaiba|quarkdrivespe
|move|p1a: Spiritomb|Trick Room|p1a: Spiritomb
|-fieldstart|move: Trick Room|[of] p1a: Spiritomb
|
|upkeep
|turn|8
|
|t:|1769358856
|-terastallize|p2a: Kaiba|Steel
|move|p1a: Spiritomb|Will-O-Wisp|p2a: Kaiba
|-status|p2a: Kaiba|brn
|move|p2a: Kaiba|Moonblast|p1a: Spiritomb
|-supereffective|p1a: Spiritomb
|-damage|p1a: Spiritomb|0 fnt
|faint|p1a: Spiritomb
|
|-damage|p2a: Kaiba|94/100 brn|[from] brn
|upkeep
|
|t:|1769358862
|switch|p1a: Camerupt|Camerupt, M|100/100
|turn|9
|
|t:|1769358868
|-end|p2a: Kaiba|Quark Drive|[silent]
|switch|p2a: Alomomola|Alomomola, F|68/100 brn
|move|p1a: Camerupt|Eruption|p2a: Alomomola
|-resisted|p2a: Alomomola
|-damage|p2a: Alomomola|30/100 brn
|
|-damage|p2a: Alomomola|24/100 brn|[from] brn
|upkeep
|turn|10
|
|t:|1769358877
|switch|p2a: Great Tusk|Great Tusk|100/100
|-enditem|p2a: Great Tusk|Booster Energy
|-activate|p2a: Great Tusk|ability: Protosynthesis|[fromitem]
|-start|p2a: Great Tusk|protosynthesisspe
|move|p1a: Camerupt|Eruption|p2a: Great Tusk
|-damage|p2a: Great Tusk|17/100
|
|upkeep
|turn|11
|
|t:|1769358885
|-end|p2a: Great Tusk|Protosynthesis|[silent]
|switch|p2a: Alomomola|Alomomola, F|57/100 brn
|move|p1a: Camerupt|Eruption|p2a: Alomomola
|-resisted|p2a: Alomomola
|-damage|p2a: Alomomola|15/100 brn
|
|-damage|p2a: Alomomola|9/100 brn|[from] brn
|-fieldend|move: Trick Room
|upkeep
|turn|12
|
|t:|1769358893
|switch|p1a: Slowking|Slowking, F, shiny|100/100
|move|p2a: Alomomola|Flip Turn|p1a: Slowking
|-resisted|p1a: Slowking
|-damage|p1a: Slowking|97/100
|-damage|p2a: Alomomola|0 fnt|[from] item: Rocky Helmet|[of] p1a: Slowking
|faint|p2a: Alomomola
|
|upkeep
|
|t:|1769358904
|switch|p2a: Hoopa|Hoopa-Unbound|72/100 brn
|turn|13
|
|t:|1769358907
|switch|p1a: Iron Hands|Iron Hands, shiny|100/100
|move|p2a: Hoopa|Knock Off|p1a: Iron Hands
|-resisted|p1a: Iron Hands
|-damage|p1a: Iron Hands|87/100
|-enditem|p1a: Iron Hands|Assault Vest|[from] move: Knock Off|[of] p2a: Hoopa
|
|-damage|p2a: Hoopa|66/100 brn|[from] brn
|upkeep
|turn|14
|
|t:|1769358917
|switch|p2a: Moltres|Moltres|100/100
|move|p1a: Iron Hands|Drain Punch|p2a: Moltres
|-resisted|p2a: Moltres
|-damage|p2a: Moltres|87/100
|-heal|p1a: Iron Hands|92/100|[from] drain|[of] p2a: Moltres
|
|upkeep
|turn|15
|
|t:|1769358925
|switch|p2a: Great Tusk|Great Tusk|17/100
|-end|p1a: Iron Hands|Quark Drive|[silent]
|switch|p1a: Camerupt|Camerupt, M|100/100
|
|upkeep
|turn|16
|
|t:|1769358930
|switch|p1a: Slowking|Slowking, F, shiny|100/100
|move|p2a: Great Tusk|Headlong Rush|p1a: Slowking
|-crit|p1a: Slowking
|-damage|p1a: Slowking|24/100
|-unboost|p2a: Great Tusk|def|1
|-unboost|p2a: Great Tusk|spd|1
|-damage|p2a: Great Tusk|1/100|[from] item: Rocky Helmet|[of] p1a: Slowking
|
|upkeep
|turn|17
|
|t:|1769358939
|move|p2a: Great Tusk|Stealth Rock|p1a: Slowking
|-sidestart|p1: polgo|move: Stealth Rock
|move|p1a: Slowking|Trick Room|p1a: Slowking
|-fieldstart|move: Trick Room|[of] p1a: Slowking
|
|upkeep
|turn|18
|
|t:|1769358944
|-end|p2a: Great Tusk|Protosynthesis|[silent]
|switch|p2a: Kingambit|Kingambit, F|54/100
|-activate|p2a: Kingambit|ability: Supreme Overlord
|-start|p2a: Kingambit|fallen1|[silent]
|move|p1a: Slowking|Scald|p2a: Kingambit
|-damage|p2a: Kingambit|25/100
|
|upkeep
|turn|19
|
|t:|1769358952
|move|p2a: Kingambit|Sucker Punch||[still]
|-fail|p2a: Kingambit
|-prepare|p1a: Slowking|Chilly Reception|[premajor]
|move|p1a: Slowking|Chilly Reception|p1a: Slowking
|-weather|Snowscape
|
|t:|1769358958
|switch|p1a: Iron Hands|Iron Hands, shiny|92/100|[from] Chilly Reception
|-damage|p1a: Iron Hands|86/100|[from] Stealth Rock
|
|-weather|Snowscape|[upkeep]
|upkeep
|turn|20
|
|t:|1769358966
|-end|p2a: Kingambit|fallen1|[silent]
|switch|p2a: Moltres|Moltres|87/100
|move|p1a: Iron Hands|Supercell Slam|p2a: Moltres
|-supereffective|p2a: Moltres
|-damage|p2a: Moltres|17/100
|-status|p1a: Iron Hands|brn|[from] ability: Flame Body|[of] p2a: Moltres
|
|-weather|Snowscape|[upkeep]
|-damage|p1a: Iron Hands|80/100 brn|[from] brn
|upkeep
|turn|21
|
|t:|1769358976
|switch|p2a: Great Tusk|Great Tusk|1/100
|move|p1a: Iron Hands|Ice Punch|p2a: Great Tusk
|-supereffective|p2a: Great Tusk
|-damage|p2a: Great Tusk|0 fnt
|faint|p2a: Great Tusk
|-end|p2a: Great Tusk|Protosynthesis|[silent]
|
|-weather|Snowscape|[upkeep]
|-damage|p1a: Iron Hands|74/100 brn|[from] brn
|-fieldend|move: Trick Room
|upkeep
|
|t:|1769358986
|switch|p2a: Hoopa|Hoopa-Unbound|66/100 brn
|turn|22
|
|t:|1769358990
|move|p2a: Hoopa|Drain Punch|p1a: Iron Hands
|-damage|p1a: Iron Hands|61/100 brn
|-heal|p2a: Hoopa|77/100 brn|[from] drain|[of] p1a: Iron Hands
|move|p1a: Iron Hands|Drain Punch|p2a: Hoopa
|-damage|p2a: Hoopa|44/100 brn
|-heal|p1a: Iron Hands|71/100 brn|[from] drain|[of] p2a: Hoopa
|
|-weather|Snowscape|[upkeep]
|-damage|p2a: Hoopa|38/100 brn|[from] brn
|-damage|p1a: Iron Hands|65/100 brn|[from] brn
|upkeep
|turn|23
|
|t:|1769359003
|switch|p2a: Kaiba|Iron Valiant, shiny, tera:Steel|94/100 brn
|move|p1a: Iron Hands|Drain Punch|p2a: Kaiba
|-supereffective|p2a: Kaiba
|-damage|p2a: Kaiba|39/100 brn
|-heal|p1a: Iron Hands|80/100 brn|[from] drain|[of] p2a: Kaiba
|
|-weather|none
|-damage|p2a: Kaiba|33/100 brn|[from] brn
|-damage|p1a: Iron Hands|74/100 brn|[from] brn
|upkeep
|turn|24
|
|t:|1769359014
|move|p2a: Kaiba|Calm Mind|p2a: Kaiba
|-boost|p2a: Kaiba|spa|1
|-boost|p2a: Kaiba|spd|1
|move|p1a: Iron Hands|Drain Punch|p2a: Kaiba
|-supereffective|p2a: Kaiba
|-damage|p2a: Kaiba|0 fnt
|-heal|p1a: Iron Hands|83/100 brn|[from] drain|[of] p2a: Kaiba
|faint|p2a: Kaiba
|-end|p2a: Kaiba|Quark Drive|[silent]
|
|-damage|p1a: Iron Hands|77/100 brn|[from] brn
|upkeep
|-message|lordweirdo17 forfeited.
|
|win|polgo
|raw|polgo's rating: 1156 &rarr; <strong>1179</strong><br />(+23 for winning)
|raw|lordweirdo17's rating: 1131 &rarr; <strong>1108</strong><br />(-23 for losing)
|l|☆lordweirdo17
|player|p2|
|l|☆polgo
|player|p1|
