|j|☆vutran2
|j|☆TidalIdol
|t:|1769319445
|gametype|singles
|player|p1|vutran2|170|1114
|player|p2|TidalIdol|gentleman-gen4dp|1068
|gen|9
|tier|[Gen 9] OU
|rated|
|rule|HP Percentage Mod: HP is shown in percentages
|rule|Endless Battle Clause: Forcing endless battles is banned
|rule|Species Clause: Limit one of each Pokémon
|rule|OHKO Clause: OHKO moves are banned
|rule|Evasion Items Clause: Evasion items are banned
|rule|Evasion Moves Clause: Evasion moves are banned
|rule|Evasion Abilities Clause: Evasion abilities are banned
|rule|Sleep Moves Clause: Sleep-inducing moves are banned
|clearpoke
|poke|p1|Metagross|
|poke|p1|Slowking-Galar, F|
|poke|p1|Ogerpon-Wellspring, F|
|poke|p1|Dragonite, M|
|poke|p1|Great Tusk|
|poke|p1|Dragapult, F|
|poke|p2|Greninja-*, M|
|poke|p2|Decidueye-Hisui, M|
|poke|p2|Toxtricity, M|
|poke|p2|Typhlosion-Hisui, M|
|poke|p2|Gallade, M|
|poke|p2|Staraptor, M|
|teampreview
|inactive|Battle timer is ON: inactive players will automatically lose when time's up. (requested by vutran2)
|
|t:|1769319453
|teamsize|p1|6
|teamsize|p2|6
|start
|switch|p1a: Great Tusk|Great Tusk|100/100
|switch|p2a: Greninja|Greninja, M|100/100
|turn|1
|
|t:|1769319459
|move|p2a: Greninja|Hydro Pump|p1a: Great Tusk
|-supereffective|p1a: Great Tusk
|-crit|p1a: Great Tusk
|-damage|p1a: Great Tusk|0 fnt
|faint|p1a: Great Tusk
|-end|p1a: Great Tusk|Protosynthesis|[silent]
|-ability|p2a: Greninja|Battle Bond|boost
|-boost|p2a: Greninja|atk|1
|-boost|p2a: Greninja|spa|1
|-boost|p2a: Greninja|spe|1
|-activate|p2a: Greninja|ability: Battle Bond
|
|upkeep
|
|t:|1769319475
|switch|p1a: Ogerpon|Ogerpon-Wellspring, F|100/100
|turn|2
|
|t:|1769319485
|switch|p2a: Staraptor|Staraptor, M|100/100
|-ability|p2a: Staraptor|Intimidate|boost
|-unboost|p1a: Ogerpon|atk|1
|move|p1a: Ogerpon|Wood Hammer|p2a: Staraptor
|-resisted|p2a: Staraptor
|-damage|p2a: Staraptor|71/100
|-damage|p1a: Ogerpon|90/100|[from] Recoil
|
|upkeep
|turn|3
|
|t:|1769319493
|switch|p1a: Metagross|Metagross|100/100
|move|p2a: Staraptor|Brave Bird|p1a: Metagross
|-resisted|p1a: Metagross
|-damage|p1a: Metagross|69/100
|-damage|p2a: Staraptor|60/100|[from] Recoil
|
|upkeep
|turn|4
|
|t:|1769319504
|switch|p2a: Greninja|Greninja, M|100/100
|move|p1a: Metagross|Meteor Mash|p2a: Greninja
|-resisted|p2a: Greninja
|-damage|p2a: Greninja|59/100
|
|upkeep
|turn|5
|
|t:|1769319520
|switch|p1a: Ogerpon|Ogerpon-Wellspring, F|90/100
|move|p2a: Greninja|Dark Pulse|p1a: Ogerpon
|-damage|p1a: Ogerpon|42/100
|
|upkeep
|turn|6
|
|t:|1769319528
|move|p1a: Ogerpon|Wood Hammer|p2a: Greninja
|-supereffective|p2a: Greninja
|-damage|p2a: Greninja|0 fnt
|faint|p2a: Greninja
|-damage|p1a: Ogerpon|24/100|[from] Recoil
|
|upkeep
|
|t:|1769319533
|switch|p2a: Decidueye|Decidueye-Hisui, M, shiny|100/100
|turn|7
|
|t:|1769319542
|switch|p1a: Dragapult|Dragapult, F|100/100
|move|p2a: Decidueye|Leaf Blade|p1a: Dragapult
|-resisted|p1a: Dragapult
|-damage|p1a: Dragapult|77/100
|-damage|p2a: Decidueye|84/100|[from] item: Rocky Helmet|[of] p1a: Dragapult
|
|-heal|p2a: Decidueye|90/100|[from] item: Leftovers
|upkeep
|turn|8
|
|t:|1769319553
|move|p1a: Dragapult|Will-O-Wisp|p2a: Decidueye
|-status|p2a: Decidueye|brn
|move|p2a: Decidueye|Bulk Up|p2a: Decidueye
|-boost|p2a: Decidueye|atk|1
|-boost|p2a: Decidueye|def|1
|
|-heal|p2a: Decidueye|96/100 brn|[from] item: Leftovers
|-damage|p2a: Decidueye|90/100 brn|[from] brn
|upkeep
|turn|9
|
|t:|1769319559
|move|p1a: Dragapult|Hex|p2a: Decidueye
|-damage|p2a: Decidueye|46/100 brn
|move|p2a: Decidueye|Bulk Up|p2a: Decidueye
|-boost|p2a: Decidueye|atk|1
|-boost|p2a: Decidueye|def|1
|
|-heal|p2a: Decidueye|52/100 brn|[from] item: Leftovers
|-damage|p2a: Decidueye|46/100 brn|[from] brn
|upkeep
|turn|10
|
|t:|1769319563
|move|p2a: Decidueye|Shadow Sneak|p1a: Dragapult
|-supereffective|p1a: Dragapult
|-damage|p1a: Dragapult|50/100
|-damage|p2a: Decidueye|29/100 brn|[from] item: Rocky Helmet|[of] p1a: Dragapult
|move|p1a: Dragapult|Hex|p2a: Decidueye
|-damage|p2a: Decidueye|0 fnt
|faint|p2a: Decidueye
|
|upkeep
|
|t:|1769319576
|switch|p2a: Typhlosion|Typhlosion-Hisui, M, shiny|100/100
|turn|11
|
|t:|1769319591
|-terastallize|p2a: Typhlosion|Water
|move|p1a: Dragapult|Thunder Wave|p2a: Typhlosion
|-status|p2a: Typhlosion|par
|cant|p2a: Typhlosion|par
|
|upkeep
|turn|12
|
|t:|1769319603
|switch|p1a: Dragonite|Dragonite, M|100/100
|move|p2a: Typhlosion|Shadow Ball|p1a: Dragonite
|-damage|p1a: Dragonite|71/100
|
|upkeep
|turn|13
|
|t:|1769319607
|move|p1a: Dragonite|Dragon Dance|p1a: Dragonite
|-boost|p1a: Dragonite|atk|1
|-boost|p1a: Dragonite|spe|1
|move|p2a: Typhlosion|Shadow Ball|p1a: Dragonite
|-damage|p1a: Dragonite|15/100
|
|upkeep
|turn|14
|
|t:|1769319619
|switch|p2a: Staraptor|Staraptor, M|60/100
|-ability|p2a: Staraptor|Intimidate|boost
|-unboost|p1a: Dragonite|atk|1
|move|p1a: Dragonite|Dragon Claw|p2a: Staraptor
|-damage|p2a: Staraptor|0 fnt
|faint|p2a: Staraptor
|
|upkeep
|
|t:|1769319627
|switch|p2a: Toxtricity|Toxtricity, M|100/100
|-item|p2a: Toxtricity|Air Balloon
|turn|15
|
|t:|1769319637
|move|p1a: Dragonite|Dragon Claw|p2a: Toxtricity
|-damage|p2a: Toxtricity|50/100
|-enditem|p2a: Toxtricity|Air Balloon
|move|p2a: Toxtricity|Shift Gear|p2a: Toxtricity
|-boost|p2a: Toxtricity|spe|2
|-boost|p2a: Toxtricity|atk|1
|
|upkeep
|turn|16
|
|t:|1769319644
|-terastallize|p1a: Dragonite|Normal
|move|p1a: Dragonite|Extreme Speed|p2a: Toxtricity
|-damage|p2a: Toxtricity|0 fnt
|faint|p2a: Toxtricity
|
|upkeep
|
|t:|1769319649
|switch|p2a: Gallade|Gallade, M|100/100
|turn|17
|
|t:|1769319653
|move|p1a: Dragonite|Extreme Speed|p2a: Gallade
|-damage|p2a: Gallade|30/100
|move|p2a: Gallade|Night Slash|p1a: Dragonite
|-damage|p1a: Dragonite|0 fnt
|faint|p1a: Dragonite
|-damage|p2a: Gallade|20/100|[from] item: Life Orb
|
|upkeep
|
|t:|1769319668
|switch|p1a: Dragapult|Dragapult, F|50/100
|turn|18
|
|t:|1769319671
|move|p1a: Dragapult|Hex|p2a: Gallade
|-supereffective|p2a: Gallade
|-damage|p2a: Gallade|0 fnt
|faint|p2a: Gallade
|
|upkeep
|
|t:|1769319675
|switch|p2a: Typhlosion|Typhlosion-Hisui, M, shiny, tera:Water|100/100 par
|turn|19
|
|t:|1769319678
|move|p1a: Dragapult|Hex|p2a: Typhlosion
|-damage|p2a: Typhlosion|41/100 par
|move|p2a: Typhlosion|Shadow Ball|p1a: Dragapult
|-supereffective|p1a: Dragapult
|-damage|p1a: Dragapult|0 fnt
|faint|p1a: Dragapult
|
|upkeep
|
|t:|1769319683
|switch|p1a: Ogerpon|Ogerpon-Wellspring, F|24/100
|turn|20
|
|t:|1769319686
|move|p1a: Ogerpon|Wood Hammer|p2a: Typhlosion
|-supereffective|p2a: Typhlosion
|-damage|p2a: Typhlosion|0 fnt
|faint|p2a: Typhlosion
|-damage|p1a: Ogerpon|11/100|[from] Recoil
|
|win|vutran2
|raw|vutran2's rating: 1114 &rarr; <strong>1136</strong><br />(+22 for winning)
|raw|TidalIdol's rating: 1068 &rarr; <strong>1050</strong><br />(-18 for losing)
|l|☆TidalIdol
|player|p2|
|l|☆vutran2
|player|p1|
