|j|☆juan77788cvc
|j|☆Vencious1506
|t:|1769295158
|gametype|singles
|player|p1|juan77788cvc|brock|1101
|player|p2|Vencious1506|falkner|1102
|gen|9
|tier|[Gen 9] OU
|rated|
|rule|HP Percentage Mod: HP is shown in percentages
|rule|Endless Battle Clause: Forcing endless battles is banned
|rule|Species Clause: Limit one of each Pokémon
|rule|OHKO Clause: OHKO moves are banned
|rule|Evasion Items Clause: Evasion items are banned
|rule|Evasion Moves Clause: Evasion moves are banned
|rule|Evasion Abilities Clause: Evasion abilities are banned
|rule|Sleep Moves Clause: Sleep-inducing moves are banned
|clearpoke
|poke|p1|Tyranitar, F|
|poke|p1|Zapdos|
|poke|p1|Dragapult, M|
|poke|p1|Raichu, F|
|poke|p1|Deoxys-Speed|
|poke|p1|Pelipper, M|
|poke|p2|Heatran, F|
|poke|p2|Dragapult, M|
|poke|p2|Landorus-Therian, M|
|poke|p2|Skarmory, M|
|poke|p2|Gliscor, M|
|poke|p2|Primarina, F|
|teampreview
|
|t:|1769295164
|teamsize|p1|6
|teamsize|p2|6
|start
|switch|p1a: Deoxys|Deoxys-Speed|100/100
|switch|p2a: Skarmory|Skarmory, M|100/100
|-ability|p1a: Deoxys|Pressure
|turn|1
|
|t:|1769295185
|move|p1a: Deoxys|Light Screen|p1a: Deoxys
|-sidestart|p1: juan77788cvc|move: Light Screen
|move|p2a: Skarmory|Stealth Rock|p1a: Deoxys
|-sidestart|p1: juan77788cvc|move: Stealth Rock
|
|upkeep
|turn|2
|
|t:|1769295190
|move|p1a: Deoxys|Reflect|p1a: Deoxys
|-sidestart|p1: juan77788cvc|Reflect
|move|p2a: Skarmory|Spikes|p1a: Deoxys
|-sidestart|p1: juan77788cvc|Spikes
|
|upkeep
|turn|3
|
|t:|1769295196
|move|p1a: Deoxys|Future Sight|p2a: Skarmory
|-start|p1a: Deoxys|move: Future Sight
|move|p2a: Skarmory|Spikes|p1a: Deoxys
|-sidestart|p1: juan77788cvc|Spikes
|
|upkeep
|turn|4
|
|t:|1769295201
|switch|p1a: palomo|Pelipper, M, shiny|100/100
|-damage|p1a: palomo|76/100|[from] Stealth Rock
|-weather|RainDance|[from] ability: Drizzle|[of] p1a: palomo
|move|p2a: Skarmory|Spikes|p1a: palomo
|-sidestart|p1: juan77788cvc|Spikes
|
|-weather|RainDance|[upkeep]
|upkeep
|turn|5
|
|t:|1769295213
|move|p1a: palomo|Weather Ball|p2a: Skarmory
|-damage|p2a: Skarmory|10/100
|move|p2a: Skarmory|Whirlwind|p1a: palomo
|drag|p1a: zapatos|Zapdos|100/100
|-damage|p1a: zapatos|75/100|[from] Stealth Rock
|-ability|p1a: zapatos|Pressure
|
|-weather|RainDance|[upkeep]
|-end|p2a: Skarmory|move: Future Sight
|-resisted|p2a: Skarmory
|-damage|p2a: Skarmory|0 fnt
|faint|p2a: Skarmory
|-sideend|p1: juan77788cvc|move: Light Screen
|upkeep
|
|t:|1769295246
|switch|p2a: Primarina|Primarina, F|100/100
|turn|6
|
|t:|1769295250
|move|p1a: zapatos|Thunder|p2a: Primarina
|-supereffective|p2a: Primarina
|-damage|p2a: Primarina|28/100
|move|p2a: Primarina|Ice Beam|p1a: zapatos
|-supereffective|p1a: zapatos
|-damage|p1a: zapatos|34/100
|
|-weather|RainDance|[upkeep]
|-sideend|p1: juan77788cvc|Reflect
|upkeep
|turn|7
|
|t:|1769295285
|switch|p2a: Dragapult|Dragapult, M|100/100
|move|p1a: zapatos|Hurricane|p2a: Dragapult
|-damage|p2a: Dragapult|22/100
|-start|p2a: Dragapult|confusion
|
|-weather|RainDance|[upkeep]
|upkeep
|turn|8
|
|t:|1769295297
|-activate|p2a: Dragapult|confusion
|move|p2a: Dragapult|Draco Meteor|p1a: zapatos
|-damage|p1a: zapatos|0 fnt
|-unboost|p2a: Dragapult|spa|2
|faint|p1a: zapatos
|
|-weather|none
|upkeep
|
|t:|1769295303
|switch|p1a: el guero balazo|Dragapult, M, shiny|100/100
|-damage|p1a: el guero balazo|88/100|[from] Stealth Rock
|-damage|p1a: el guero balazo|63/100|[from] Spikes
|turn|9
|
|t:|1769295325
|-activate|p2a: Dragapult|confusion
|move|p2a: Dragapult|Draco Meteor|p1a: el guero balazo
|-supereffective|p1a: el guero balazo
|-damage|p1a: el guero balazo|0 fnt
|-unboost|p2a: Dragapult|spa|2
|faint|p1a: el guero balazo
|
|upkeep
|
|t:|1769295332
|switch|p1a: Deoxys|Deoxys-Speed|100/100
|-damage|p1a: Deoxys|88/100|[from] Stealth Rock
|-damage|p1a: Deoxys|63/100|[from] Spikes
|-ability|p1a: Deoxys|Pressure
|turn|10
|
|t:|1769295343
|-terastallize|p2a: Dragapult|Dragon
|-activate|p2a: Dragapult|confusion
|move|p2a: Dragapult|Draco Meteor|p1a: Deoxys
|-damage|p1a: Deoxys|20/100
|-unboost|p2a: Dragapult|spa|2
|move|p1a: Deoxys|Light Screen|p1a: Deoxys
|-sidestart|p1: juan77788cvc|move: Light Screen
|
|upkeep
|turn|11
|
|t:|1769295353
|-activate|p2a: Dragapult|confusion
|-damage|p2a: Dragapult|9/100|[from] confusion
|move|p1a: Deoxys|Reflect|p1a: Deoxys
|-sidestart|p1: juan77788cvc|Reflect
|
|upkeep
|turn|12
|
|t:|1769295359
|-end|p2a: Dragapult|confusion
|move|p2a: Dragapult|Draco Meteor|p1a: Deoxys
|-damage|p1a: Deoxys|0 fnt
|faint|p1a: Deoxys
|
|upkeep
|
|t:|1769295366
|switch|p1a: Raichu|Raichu, F|100/100
|-damage|p1a: Raichu|88/100|[from] Stealth Rock
|-item|p1a: Raichu|Air Balloon
|turn|13
|
|t:|1769295386
|move|p1a: Raichu|Fake Out|p2a: Dragapult
|-damage|p2a: Dragapult|0 fnt
|faint|p2a: Dragapult
|
|upkeep
|
|t:|1769295398
|switch|p2a: Heatran|Heatran, F, shiny|100/100
|turn|14
|
|t:|1769295405
|move|p2a: Heatran|Protect|p2a: Heatran
|-singleturn|p2a: Heatran|Protect
|move|p1a: Raichu|Thunder Wave|p2a: Heatran
|-activate|p2a: Heatran|move: Protect
|
|-sideend|p1: juan77788cvc|move: Light Screen
|upkeep
|turn|15
|
|t:|1769295414
|move|p1a: Raichu|Thunder Wave|p2a: Heatran
|-status|p2a: Heatran|par
|move|p2a: Heatran|Taunt|p1a: Raichu
|-start|p1a: Raichu|move: Taunt
|
|-sideend|p1: juan77788cvc|Reflect
|upkeep
|turn|16
|
|t:|1769295424
|-singleturn|p1a: Raichu|move: Focus Punch
|move|p2a: Heatran|Earth Power|p1a: Raichu
|-immune|p1a: Raichu
|move|p1a: Raichu|Focus Punch|p2a: Heatran
|-supereffective|p2a: Heatran
|-damage|p2a: Heatran|32/100 par
|
|-heal|p2a: Heatran|39/100 par|[from] item: Leftovers
|upkeep
|turn|17
|
|t:|1769295438
|-singleturn|p1a: Raichu|move: Focus Punch
|move|p2a: Heatran|Magma Storm|p1a: Raichu
|-damage|p1a: Raichu|20/100
|-activate|p1a: Raichu|move: Magma Storm|[of] p2a: Heatran
|-enditem|p1a: Raichu|Air Balloon
|cant|p1a: Raichu|Focus Punch|Focus Punch
|
|-heal|p2a: Heatran|45/100 par|[from] item: Leftovers
|-damage|p1a: Raichu|8/100|[from] move: Magma Storm|[partiallytrapped]
|upkeep
|turn|18
|
|t:|1769295451
|-singleturn|p1a: Raichu|move: Focus Punch
|move|p2a: Heatran|Magma Storm|p1a: Raichu|[miss]
|-miss|p2a: Heatran|p1a: Raichu
|move|p1a: Raichu|Focus Punch|p2a: Heatran
|-supereffective|p2a: Heatran
|-damage|p2a: Heatran|0 fnt
|faint|p2a: Heatran
|
|-end|p1a: Raichu|Magma Storm|[partiallytrapped]|[silent]
|-end|p1a: Raichu|move: Taunt
|upkeep
|
|t:|1769295464
|switch|p2a: Landorus|Landorus-Therian, M, shiny|100/100
|-ability|p2a: Landorus|Intimidate|boost
|-unboost|p1a: Raichu|atk|1
|turn|19
|
|t:|1769295470
|-singleturn|p1a: Raichu|move: Focus Punch
|move|p2a: Landorus|Earthquake|p1a: Raichu
|-supereffective|p1a: Raichu
|-damage|p1a: Raichu|0 fnt
|faint|p1a: Raichu
|
|upkeep
|
|t:|1769295474
|switch|p1a: palomo|Pelipper, M, shiny|76/100
|-damage|p1a: palomo|51/100|[from] Stealth Rock
|-weather|RainDance|[from] ability: Drizzle|[of] p1a: palomo
|turn|20
|
|t:|1769295485
|move|p2a: Landorus|Earthquake|p1a: palomo
|-immune|p1a: palomo
|move|p1a: palomo|Weather Ball|p2a: Landorus
|-supereffective|p2a: Landorus
|-damage|p2a: Landorus|0 fnt
|faint|p2a: Landorus
|
|-weather|RainDance|[upkeep]
|upkeep
|
|t:|1769295496
|switch|p2a: Gliscor|Gliscor, M|100/100
|turn|21
|
|t:|1769295530
|-terastallize|p1a: palomo|Water
|move|p2a: Gliscor|Toxic|p1a: palomo
|-status|p1a: palomo|tox
|move|p1a: palomo|Weather Ball|p2a: Gliscor
|-supereffective|p2a: Gliscor
|-damage|p2a: Gliscor|0 fnt
|faint|p2a: Gliscor
|
|-weather|RainDance|[upkeep]
|-damage|p1a: palomo|45/100 tox|[from] psn
|upkeep
|
|t:|1769295542
|switch|p2a: Primarina|Primarina, F|28/100
|turn|22
|
|t:|1769295553
|move|p1a: palomo|Hurricane|p2a: Primarina
|-damage|p2a: Primarina|1/100
|move|p2a: Primarina|Ice Beam|p1a: palomo
|-resisted|p1a: palomo
|-damage|p1a: palomo|25/100 tox
|
|-weather|RainDance|[upkeep]
|-damage|p1a: palomo|13/100 tox|[from] psn
|upkeep
|turn|23
|
|t:|1769295563
|move|p1a: palomo|Body Slam|p2a: Primarina
|-damage|p2a: Primarina|0 fnt
|faint|p2a: Primarina
|
|win|juan77788cvc
|raw|juan77788cvc's rating: 1101 &rarr; <strong>1126</strong><br />(+25 for winning)
|raw|Vencious1506's rating: 1102 &rarr; <strong>1077</strong><br />(-25 for losing)
|l|☆juan77788cvc
|player|p1|
|l|☆Vencious1506
|player|p2|
