|badge|p2|silver|gen9ou|30-8
|uhtml|medal-msg|<div class="broadcast-blue">Curious what those medals under the avatar are? PS now has Ladder Seasons! For more information, check out the <a href="https://www.smogon.com/forums/threads/3740067/">thread on Smogon.</a></div>
|j|☆faiyex-san
|j|☆bh.babiri
|t:|1769340944
|gametype|singles
|player|p1|faiyex-san|erika|1731
|player|p2|bh.babiri|cyclistf-gen4|1843
|gen|9
|tier|[Gen 9] OU
|rated|
|rule|HP Percentage Mod: HP is shown in percentages
|rule|Endless Battle Clause: Forcing endless battles is banned
|rule|Species Clause: Limit one of each Pokémon
|rule|OHKO Clause: OHKO moves are banned
|rule|Evasion Items Clause: Evasion items are banned
|rule|Evasion Moves Clause: Evasion moves are banned
|rule|Evasion Abilities Clause: Evasion abilities are banned
|rule|Sleep Moves Clause: Sleep-inducing moves are banned
|clearpoke
|poke|p1|Thundurus-Therian, M|
|poke|p1|Slowking-Galar, F|
|poke|p1|Samurott-Hisui, M|
|poke|p1|Dragapult, F|
|poke|p1|Great Tusk|
|poke|p1|Scizor, M|
|poke|p2|Iron Treads|
|poke|p2|Darkrai|
|poke|p2|Araquanid, M|
|poke|p2|Dragapult, F|
|poke|p2|Pecharunt|
|poke|p2|Enamorus, F|
|teampreview
|inactive|Battle timer is ON: inactive players will automatically lose when time's up. (requested by bh.babiri)
|
|t:|1769340957
|teamsize|p1|6
|teamsize|p2|6
|start
|switch|p1a: Samurott|Samurott-Hisui, M|100/100
|switch|p2a: Enamorus|Enamorus, F|100/100
|turn|1
|j| dseokp
|
|t:|1769340962
|switch|p1a: Slowking|Slowking-Galar, F|100/100
|move|p2a: Enamorus|Moonblast|p1a: Slowking
|-resisted|p1a: Slowking
|-damage|p1a: Slowking|75/100
|
|upkeep
|turn|2
|
|t:|1769340964
|switch|p2a: Iron Treads|Iron Treads|100/100
|-prepare|p1a: Slowking|Chilly Reception|[premajor]
|move|p1a: Slowking|Chilly Reception|p1a: Slowking
|-weather|Snowscape
|
|t:|1769340970
|switch|p1a: Samurott|Samurott-Hisui, M|100/100|[from] Chilly Reception
|
|-weather|Snowscape|[upkeep]
|upkeep
|turn|3
|
|t:|1769340974
|-end|p2a: Iron Treads|Quark Drive|[silent]
|switch|p2a: Araquanid|Araquanid, M|100/100
|move|p1a: Samurott|Razor Shell|p2a: Araquanid|[miss]
|-miss|p1a: Samurott|p2a: Araquanid
|
|-weather|Snowscape|[upkeep]
|upkeep
|turn|4
|
|t:|1769340979
|move|p1a: Samurott|Knock Off|p2a: Araquanid
|-damage|p2a: Araquanid|48/100
|-enditem|p2a: Araquanid|Red Card|[from] move: Knock Off|[of] p1a: Samurott
|move|p2a: Araquanid|Liquidation|p1a: Samurott
|-resisted|p1a: Samurott
|-damage|p1a: Samurott|58/100
|
|-weather|Snowscape|[upkeep]
|upkeep
|turn|5
|
|t:|1769340986
|move|p1a: Samurott|Ceaseless Edge|p2a: Araquanid
|-damage|p2a: Araquanid|1/100
|-sidestart|p2: bh.babiri|Spikes
|move|p2a: Araquanid|Sticky Web|p1a: Samurott
|-sidestart|p1: faiyex-san|move: Sticky Web
|
|-weather|Snowscape|[upkeep]
|upkeep
|turn|6
|
|t:|1769340990
|move|p1a: Samurott|Ceaseless Edge|p2a: Araquanid
|-damage|p2a: Araquanid|0 fnt
|-sidestart|p2: bh.babiri|Spikes
|faint|p2a: Araquanid
|
|-weather|none
|upkeep
|
|t:|1769340992
|switch|p2a: Enamorus|Enamorus, F|100/100
|turn|7
|
|t:|1769340996
|switch|p1a: Thundurus|Thundurus-Therian, M|100/100
|move|p2a: Enamorus|Earth Power|p1a: Thundurus
|-immune|p1a: Thundurus
|
|upkeep
|turn|8
|
|t:|1769341001
|switch|p2a: Iron Treads|Iron Treads|100/100
|move|p1a: Thundurus|Focus Blast|p2a: Iron Treads
|-supereffective|p2a: Iron Treads
|-damage|p2a: Iron Treads|0 fnt
|faint|p2a: Iron Treads
|-end|p2a: Iron Treads|Quark Drive|[silent]
|
|upkeep
|
|t:|1769341008
|switch|p2a: Darkrai|Darkrai|100/100
|-damage|p2a: Darkrai|84/100|[from] Spikes
|turn|9
|
|t:|1769341011
|move|p2a: Darkrai|Dark Pulse|p1a: Thundurus
|-damage|p1a: Thundurus|2/100
|move|p1a: Thundurus|Focus Blast|p2a: Darkrai|[miss]
|-miss|p1a: Thundurus|p2a: Darkrai
|
|upkeep
|turn|10
|
|t:|1769341028
|switch|p1a: Great Tusk|Great Tusk|100/100
|-activate|p1a: Great Tusk|move: Sticky Web
|-unboost|p1a: Great Tusk|spe|1
|move|p2a: Darkrai|Dark Pulse|p1a: Great Tusk
|-resisted|p1a: Great Tusk
|-damage|p1a: Great Tusk|51/100
|
|upkeep
|turn|11
|j| Samurajen
|l|☆bh.babiri
|inactive|bh.babiri disconnected and has a minute to reconnect!
|player|p2|
|j|☆bh.babiri
|inactive|bh.babiri reconnected and has 120 seconds left.
|player|p2|bh.babiri|cyclistf-gen4|
|
|t:|1769341074
|switch|p2a: Pecharunt|Pecharunt|100/100
|-item|p2a: Pecharunt|Air Balloon
|move|p1a: Great Tusk|Headlong Rush|p2a: Pecharunt
|-immune|p2a: Pecharunt
|
|upkeep
|turn|12
|
|t:|1769341081
|-end|p1a: Great Tusk|Protosynthesis|[silent]
|switch|p1a: Slowking|Slowking-Galar, F|100/100
|move|p2a: Pecharunt|Shadow Ball|p1a: Slowking
|-supereffective|p1a: Slowking
|-damage|p1a: Slowking|59/100
|
|upkeep
|turn|13
|
|t:|1769341085
|move|p2a: Pecharunt|Shadow Ball|p1a: Slowking
|-supereffective|p1a: Slowking
|-damage|p1a: Slowking|16/100
|-prepare|p1a: Slowking|Chilly Reception|[premajor]
|move|p1a: Slowking|Chilly Reception|p1a: Slowking
|-weather|Snowscape
|
|t:|1769341093
|switch|p1a: Thundurus|Thundurus-Therian, M|2/100|[from] Chilly Reception
|
|-weather|Snowscape|[upkeep]
|upkeep
|turn|14
|
|t:|1769341097
|move|p1a: Thundurus|Volt Switch|p2a: Pecharunt
|-damage|p2a: Pecharunt|37/100
|-enditem|p2a: Pecharunt|Air Balloon
|
|t:|1769341100
|switch|p1a: Scizor|Scizor, M|100/100|[from] Volt Switch
|-activate|p1a: Scizor|move: Sticky Web
|-unboost|p1a: Scizor|spe|1
|move|p2a: Pecharunt|Shadow Ball|p1a: Scizor
|-damage|p1a: Scizor|56/100
|
|-weather|Snowscape|[upkeep]
|upkeep
|turn|15
|
|t:|1769341105
|move|p2a: Pecharunt|Shadow Ball|p1a: Scizor
|-damage|p1a: Scizor|12/100
|-unboost|p1a: Scizor|spd|1
|move|p1a: Scizor|U-turn|p2a: Pecharunt
|-resisted|p2a: Pecharunt
|-damage|p2a: Pecharunt|29/100
|
|t:|1769341107
|switch|p1a: Thundurus|Thundurus-Therian, M|2/100|[from] U-turn
|
|-weather|Snowscape|[upkeep]
|upkeep
|turn|16
|
|t:|1769341109
|move|p1a: Thundurus|Volt Switch|p2a: Pecharunt
|-damage|p2a: Pecharunt|0 fnt
|faint|p2a: Pecharunt
|
|t:|1769341116
|switch|p1a: Slowking|Slowking-Galar, F|49/100|[from] Volt Switch
|
|-weather|Snowscape|[upkeep]
|upkeep
|
|t:|1769341119
|switch|p2a: Darkrai|Darkrai|84/100
|-damage|p2a: Darkrai|68/100|[from] Spikes
|turn|17
|
|t:|1769341125
|switch|p1a: Samurott|Samurott-Hisui, M|58/100
|move|p2a: Darkrai|Dark Pulse|p1a: Samurott
|-resisted|p1a: Samurott
|-damage|p1a: Samurott|9/100
|
|-weather|none
|upkeep
|turn|18
|
|t:|1769341130
|move|p1a: Samurott|Sucker Punch|p2a: Darkrai
|-resisted|p2a: Darkrai
|-damage|p2a: Darkrai|46/100
|move|p2a: Darkrai|Dark Pulse|p1a: Samurott
|-resisted|p1a: Samurott
|-damage|p1a: Samurott|0 fnt
|faint|p1a: Samurott
|
|upkeep
|
|t:|1769341132
|switch|p1a: Scizor|Scizor, M|12/100
|-activate|p1a: Scizor|move: Sticky Web
|-unboost|p1a: Scizor|spe|1
|turn|19
|
|t:|1769341135
|-terastallize|p1a: Scizor|Steel
|move|p1a: Scizor|Bullet Punch|p2a: Darkrai
|-damage|p2a: Darkrai|0 fnt
|faint|p2a: Darkrai
|
|upkeep
|
|t:|1769341137
|switch|p2a: Dragapult|Dragapult, F|100/100
|-damage|p2a: Dragapult|84/100|[from] Spikes
|turn|20
|
|t:|1769341142
|switch|p1a: Thundurus|Thundurus-Therian, M|2/100
|move|p2a: Dragapult|Sucker Punch||[still]
|-fail|p2a: Dragapult
|
|upkeep
|turn|21
|
|t:|1769341151
|switch|p2a: Enamorus|Enamorus, F|100/100
|switch|p1a: Great Tusk|Great Tusk|51/100
|-activate|p1a: Great Tusk|move: Sticky Web
|-unboost|p1a: Great Tusk|spe|1
|
|upkeep
|turn|22
|
|t:|1769341153
|move|p2a: Enamorus|Moonblast|p1a: Great Tusk
|-supereffective|p1a: Great Tusk
|-damage|p1a: Great Tusk|0 fnt
|faint|p1a: Great Tusk
|-end|p1a: Great Tusk|Protosynthesis|[silent]
|
|upkeep
|
|t:|1769341155
|switch|p1a: Slowking|Slowking-Galar, F|83/100
|turn|23
|
|t:|1769341157
|switch|p2a: Dragapult|Dragapult, F|84/100
|-damage|p2a: Dragapult|68/100|[from] Spikes
|-prepare|p1a: Slowking|Chilly Reception|[premajor]
|move|p1a: Slowking|Chilly Reception|p1a: Slowking
|-weather|Snowscape
|
|t:|1769341171
|switch|p1a: Thundurus|Thundurus-Therian, M|2/100|[from] Chilly Reception
|
|-weather|Snowscape|[upkeep]
|upkeep
|turn|24
|
|t:|1769341174
|move|p2a: Dragapult|U-turn|p1a: Thundurus
|-resisted|p1a: Thundurus
|-damage|p1a: Thundurus|0 fnt
|faint|p1a: Thundurus
|
|t:|1769341175
|switch|p2a: Enamorus|Enamorus, F|100/100|[from] U-turn
|
|-weather|Snowscape|[upkeep]
|upkeep
|
|t:|1769341177
|switch|p1a: Scizor|Scizor, M, tera:Steel|12/100
|-activate|p1a: Scizor|move: Sticky Web
|-unboost|p1a: Scizor|spe|1
|turn|25
|
|t:|1769341189
|move|p1a: Scizor|Bullet Punch|p2a: Enamorus
|-supereffective|p2a: Enamorus
|-crit|p2a: Enamorus
|-damage|p2a: Enamorus|0 fnt
|faint|p2a: Enamorus
|
|-weather|Snowscape|[upkeep]
|upkeep
|
|t:|1769341190
|switch|p2a: Dragapult|Dragapult, F|68/100
|-damage|p2a: Dragapult|51/100|[from] Spikes
|turn|26
|
|t:|1769341193
|move|p1a: Scizor|Bullet Punch|p2a: Dragapult
|-damage|p2a: Dragapult|0 fnt
|faint|p2a: Dragapult
|
|win|faiyex-san
|raw|faiyex-san's rating: 1731 &rarr; <strong>1757</strong><br />(+26 for winning)
|raw|bh.babiri's rating: 1843 &rarr; <strong>1817</strong><br />(-26 for losing)
|l|☆bh.babiri
|player|p2|
|l|☆faiyex-san
|player|p1|
|l| dseokp
