|j|☆Rblack_freeeza
|j|☆boom moon
|t:|1769429519
|gametype|singles
|player|p1|Rblack_freeeza|wallace|1201
|player|p2|boom moon|266|1221
|gen|9
|tier|[Gen 9] OU
|rated|
|rule|HP Percentage Mod: HP is shown in percentages
|rule|Endless Battle Clause: Forcing endless battles is banned
|rule|Species Clause: Limit one of each Pokémon
|rule|OHKO Clause: OHKO moves are banned
|rule|Evasion Items Clause: Evasion items are banned
|rule|Evasion Moves Clause: Evasion moves are banned
|rule|Evasion Abilities Clause: Evasion abilities are banned
|rule|Sleep Moves Clause: Sleep-inducing moves are banned
|clearpoke
|poke|p1|Deoxys-Defense|
|poke|p1|Rampardos, M|
|poke|p1|Kingambit, F|
|poke|p1|Glastrier|
|poke|p1|Hatterene, F|
|poke|p1|Raging Bolt|
|poke|p2|Gliscor, F|
|poke|p2|Chansey, F|
|poke|p2|Mamoswine, F|
|poke|p2|Toedscruel, F|
|poke|p2|Toxicroak, F|
|poke|p2|Dragonite, F|
|teampreview
|inactive|Battle timer is ON: inactive players will automatically lose when time's up. (requested by Rblack_freeeza)
|
|t:|1769429532
|teamsize|p1|6
|teamsize|p2|6
|start
|switch|p1a: Deoxys|Deoxys-Defense|100/100
|switch|p2a: Toedscruel|Toedscruel, F|100/100
|-ability|p1a: Deoxys|Pressure
|turn|1
|
|t:|1769429543
|move|p2a: Toedscruel|Energy Ball|p1a: Deoxys
|-damage|p1a: Deoxys|73/100
|move|p1a: Deoxys|Trick Room|p1a: Deoxys
|-fieldstart|move: Trick Room|[of] p1a: Deoxys
|
|-heal|p1a: Deoxys|79/100|[from] item: Leftovers
|upkeep
|turn|2
|inactive|boom moon has 120 seconds left.
|
|t:|1769429576
|move|p2a: Toedscruel|Stun Spore|p1a: Deoxys
|-status|p1a: Deoxys|par
|move|p1a: Deoxys|Teleport|p1a: Deoxys
|
|t:|1769429589
|switch|p1a: Glastrier|Glastrier|100/100|[from] Teleport
|
|upkeep
|turn|3
|
|t:|1769429601
|-terastallize|p2a: Toedscruel|Fire
|move|p1a: Glastrier|Icicle Crash|p2a: Toedscruel
|-resisted|p2a: Toedscruel
|-damage|p2a: Toedscruel|49/100
|-damage|p1a: Glastrier|91/100|[from] item: Life Orb
|move|p2a: Toedscruel|Stun Spore|p1a: Glastrier
|-status|p1a: Glastrier|par
|
|upkeep
|turn|4
|
|t:|1769429612
|move|p1a: Glastrier|High Horsepower|p2a: Toedscruel
|-supereffective|p2a: Toedscruel
|-damage|p2a: Toedscruel|0 fnt
|-damage|p1a: Glastrier|74/100 par|[from] item: Rocky Helmet|[of] p2a: Toedscruel
|faint|p2a: Toedscruel
|-ability|p1a: Glastrier|Chilling Neigh|boost
|-boost|p1a: Glastrier|atk|1
|-damage|p1a: Glastrier|64/100 par|[from] item: Life Orb
|
|upkeep
|
|t:|1769429625
|switch|p2a: Gliscor|Gliscor, F|100/100
|turn|5
|
|t:|1769429633
|switch|p1a: Deoxys|Deoxys-Defense|79/100 par
|-ability|p1a: Deoxys|Pressure
|switch|p2a: Chansey|Chansey, F|100/100
|
|-heal|p1a: Deoxys|85/100 par|[from] item: Leftovers
|-fieldend|move: Trick Room
|upkeep
|turn|6
|
|t:|1769429644
|move|p2a: Chansey|Substitute|p2a: Chansey
|-start|p2a: Chansey|Substitute
|-damage|p2a: Chansey|76/100
|cant|p1a: Deoxys|par
|
|-heal|p1a: Deoxys|91/100 par|[from] item: Leftovers
|upkeep
|turn|7
|
|t:|1769429650
|move|p2a: Chansey|Calm Mind|p2a: Chansey
|-boost|p2a: Chansey|spa|1
|-boost|p2a: Chansey|spd|1
|move|p1a: Deoxys|Trick Room|p1a: Deoxys
|-fieldstart|move: Trick Room|[of] p1a: Deoxys
|
|-heal|p1a: Deoxys|98/100 par|[from] item: Leftovers
|upkeep
|turn|8
|
|t:|1769429660
|move|p1a: Deoxys|Night Shade|p2a: Chansey
|-immune|p2a: Chansey
|move|p2a: Chansey|Echoed Voice|p1a: Deoxys
|-damage|p1a: Deoxys|91/100 par
|
|-heal|p1a: Deoxys|97/100 par|[from] item: Leftovers
|upkeep
|turn|9
|
|t:|1769429668
|move|p2a: Chansey|Calm Mind|p2a: Chansey
|-boost|p2a: Chansey|spa|1
|-boost|p2a: Chansey|spd|1
|move|p1a: Deoxys|Teleport|p1a: Deoxys
|
|t:|1769429674
|switch|p1a: Glastrier|Glastrier|64/100 par|[from] Teleport
|
|upkeep
|turn|10
|
|t:|1769429680
|cant|p1a: Glastrier|par
|move|p2a: Chansey|Echoed Voice|p1a: Glastrier
|-damage|p1a: Glastrier|54/100 par
|
|upkeep
|turn|11
|
|t:|1769429685
|move|p1a: Glastrier|Close Combat|p2a: Chansey
|-supereffective|p2a: Chansey
|-end|p2a: Chansey|Substitute
|-unboost|p1a: Glastrier|def|1
|-unboost|p1a: Glastrier|spd|1
|-damage|p1a: Glastrier|44/100 par|[from] item: Life Orb
|move|p2a: Chansey|Echoed Voice|p1a: Glastrier
|-damage|p1a: Glastrier|15/100 par
|
|-fieldend|move: Trick Room
|upkeep
|turn|12
|
|t:|1769429695
|move|p2a: Chansey|Echoed Voice|p1a: Glastrier
|-damage|p1a: Glastrier|0 fnt
|faint|p1a: Glastrier
|
|upkeep
|
|t:|1769429704
|switch|p1a: Deoxys|Deoxys-Defense|97/100 par
|-ability|p1a: Deoxys|Pressure
|turn|13
|
|t:|1769429709
|move|p2a: Chansey|Echoed Voice|p1a: Deoxys
|-damage|p1a: Deoxys|61/100 par
|move|p1a: Deoxys|Trick Room|p1a: Deoxys
|-fieldstart|move: Trick Room|[of] p1a: Deoxys
|
|-heal|p1a: Deoxys|68/100 par|[from] item: Leftovers
|upkeep
|turn|14
|
|t:|1769429716
|switch|p1a: Rampardos|Rampardos, M|100/100
|move|p2a: Chansey|Echoed Voice|p1a: Rampardos
|-resisted|p1a: Rampardos
|-damage|p1a: Rampardos|58/100
|
|upkeep
|turn|15
|
|t:|1769429723
|move|p1a: Rampardos|Rock Slide|p2a: Chansey
|-damage|p2a: Chansey|15/100
|move|p2a: Chansey|Echoed Voice|p1a: Rampardos
|-resisted|p1a: Rampardos
|-damage|p1a: Rampardos|9/100
|
|upkeep
|turn|16
|
|t:|1769429731
|move|p1a: Rampardos|Rock Slide|p2a: Chansey
|-damage|p2a: Chansey|0 fnt
|faint|p2a: Chansey
|
|upkeep
|
|t:|1769429734
|switch|p2a: Toxicroak|Toxicroak, F, shiny|100/100
|turn|17
|
|t:|1769429740
|move|p1a: Rampardos|Earthquake|p2a: Toxicroak
|-supereffective|p2a: Toxicroak
|-damage|p2a: Toxicroak|0 fnt
|faint|p2a: Toxicroak
|-damage|p1a: Rampardos|0 fnt|[from] item: Life Orb
|faint|p1a: Rampardos
|
|-fieldend|move: Trick Room
|upkeep
|
|t:|1769429755
|switch|p2a: Gliscor|Gliscor, F|100/100
|switch|p1a: Deoxys|Deoxys-Defense|68/100 par
|-ability|p1a: Deoxys|Pressure
|turn|18
|
|t:|1769429761
|move|p2a: Gliscor|Substitute|p2a: Gliscor
|-start|p2a: Gliscor|Substitute
|-damage|p2a: Gliscor|76/100
|move|p1a: Deoxys|Trick Room|p1a: Deoxys
|-fieldstart|move: Trick Room|[of] p1a: Deoxys
|
|-heal|p1a: Deoxys|74/100 par|[from] item: Leftovers
|-status|p2a: Gliscor|tox|[from] item: Toxic Orb
|upkeep
|turn|19
|
|t:|1769429769
|move|p2a: Gliscor|Swords Dance|p2a: Gliscor
|-boost|p2a: Gliscor|atk|2
|move|p1a: Deoxys|Teleport|p1a: Deoxys
|
|t:|1769429785
|switch|p1a: Kingambit|Kingambit, F|100/100|[from] Teleport
|-activate|p1a: Kingambit|ability: Supreme Overlord
|-start|p1a: Kingambit|fallen2|[silent]
|
|-heal|p2a: Gliscor|88/100 tox|[from] ability: Poison Heal
|upkeep
|turn|20
|
|t:|1769429793
|-terastallize|p1a: Kingambit|Dark
|move|p1a: Kingambit|Kowtow Cleave|p2a: Gliscor
|-end|p2a: Gliscor|Substitute
|move|p2a: Gliscor|Earthquake|p1a: Kingambit
|-damage|p1a: Kingambit|52/100
|
|-heal|p2a: Gliscor|100/100 tox|[from] ability: Poison Heal
|upkeep
|turn|21
|
|t:|1769429805
|move|p1a: Kingambit|Kowtow Cleave|p2a: Gliscor
|-damage|p2a: Gliscor|40/100 tox
|move|p2a: Gliscor|Earthquake|p1a: Kingambit
|-damage|p1a: Kingambit|3/100
|
|-heal|p2a: Gliscor|52/100 tox|[from] ability: Poison Heal
|upkeep
|turn|22
|
|t:|1769429813
|move|p1a: Kingambit|Kowtow Cleave|p2a: Gliscor
|-damage|p2a: Gliscor|0 fnt
|faint|p2a: Gliscor
|
|-fieldend|move: Trick Room
|upkeep
|
|t:|1769429816
|switch|p2a: Mamoswine|Mamoswine, F|100/100
|turn|23
|
|t:|1769429828
|move|p2a: Mamoswine|Ice Shard|p1a: Kingambit
|-damage|p1a: Kingambit|0 fnt
|faint|p1a: Kingambit
|-end|p1a: Kingambit|fallen2|[silent]
|
|upkeep
|
|t:|1769429838
|switch|p1a: Hatterene|Hatterene, F|100/100
|turn|24
|
|t:|1769429845
|move|p2a: Mamoswine|Icicle Spear|p1a: Hatterene
|-damage|p1a: Hatterene|84/100
|-damage|p1a: Hatterene|67/100
|-damage|p1a: Hatterene|50/100
|-damage|p1a: Hatterene|34/100
|-hitcount|p1a: Hatterene|4
|move|p1a: Hatterene|Trick Room|p1a: Hatterene
|-fieldstart|move: Trick Room|[of] p1a: Hatterene
|
|upkeep
|turn|25
|
|t:|1769429855
|move|p1a: Hatterene|Healing Wish|p1a: Hatterene
|faint|p1a: Hatterene
|move|p2a: Mamoswine|Icicle Spear|p1: Hatterene|[notarget]
|-fail|p2a: Mamoswine
|
|upkeep
|
|t:|1769429859
|switch|p1a: Deoxys|Deoxys-Defense|74/100 par
|-heal|p1a: Deoxys|100/100|[from] move: Healing Wish
|-ability|p1a: Deoxys|Pressure
|turn|26
|
|t:|1769429865
|move|p2a: Mamoswine|Icicle Spear|p1a: Deoxys
|-damage|p1a: Deoxys|91/100
|-damage|p1a: Deoxys|82/100
|-damage|p1a: Deoxys|73/100
|-damage|p1a: Deoxys|65/100
|-damage|p1a: Deoxys|56/100
|-hitcount|p1a: Deoxys|5
|move|p1a: Deoxys|Night Shade|p2a: Mamoswine
|-damage|p2a: Mamoswine|73/100
|
|-heal|p1a: Deoxys|62/100|[from] item: Leftovers
|upkeep
|turn|27
|
|t:|1769429879
|move|p1a: Deoxys|Protect|p1a: Deoxys
|-singleturn|p1a: Deoxys|Protect
|move|p2a: Mamoswine|Icicle Spear|p1a: Deoxys
|-activate|p1a: Deoxys|move: Protect
|
|-heal|p1a: Deoxys|68/100|[from] item: Leftovers
|upkeep
|turn|28
|
|t:|1769429896
|move|p2a: Mamoswine|Icicle Spear|p1a: Deoxys
|-damage|p1a: Deoxys|59/100
|-damage|p1a: Deoxys|51/100
|-damage|p1a: Deoxys|42/100
|-damage|p1a: Deoxys|33/100
|-hitcount|p1a: Deoxys|4
|move|p1a: Deoxys|Night Shade|p2a: Mamoswine
|-damage|p2a: Mamoswine|45/100
|
|-heal|p1a: Deoxys|40/100|[from] item: Leftovers
|-fieldend|move: Trick Room
|upkeep
|turn|29
|
|t:|1769429906
|move|p1a: Deoxys|Protect|p1a: Deoxys
|-singleturn|p1a: Deoxys|Protect
|move|p2a: Mamoswine|Icicle Spear|p1a: Deoxys
|-activate|p1a: Deoxys|move: Protect
|
|-heal|p1a: Deoxys|46/100|[from] item: Leftovers
|upkeep
|turn|30
|
|t:|1769429915
|move|p2a: Mamoswine|Icicle Spear|p1a: Deoxys
|-damage|p1a: Deoxys|37/100
|-damage|p1a: Deoxys|28/100
|-damage|p1a: Deoxys|19/100
|-damage|p1a: Deoxys|10/100
|-damage|p1a: Deoxys|1/100
|-hitcount|p1a: Deoxys|5
|move|p1a: Deoxys|Trick Room|p1a: Deoxys
|-fieldstart|move: Trick Room|[of] p1a: Deoxys
|
|-heal|p1a: Deoxys|8/100|[from] item: Leftovers
|upkeep
|turn|31
|
|t:|1769429925
|move|p2a: Mamoswine|Ice Shard|p1a: Deoxys
|-damage|p1a: Deoxys|0 fnt
|faint|p1a: Deoxys
|
|upkeep
|
|t:|1769429929
|switch|p1a: Raging Bolt|Raging Bolt|100/100
|-enditem|p1a: Raging Bolt|Booster Energy
|-activate|p1a: Raging Bolt|ability: Protosynthesis|[fromitem]
|-start|p1a: Raging Bolt|protosynthesisspa
|turn|32
|
|t:|1769429937
|move|p2a: Mamoswine|Ice Shard|p1a: Raging Bolt
|-supereffective|p1a: Raging Bolt
|-damage|p1a: Raging Bolt|61/100
|move|p1a: Raging Bolt|Draco Meteor|p2a: Mamoswine
|-damage|p2a: Mamoswine|0 fnt
|-unboost|p1a: Raging Bolt|spa|2
|faint|p2a: Mamoswine
|
|upkeep
|
|t:|1769429940
|switch|p2a: Dragonite|Dragonite, F|100/100
|turn|33
|
|t:|1769429946
|move|p1a: Raging Bolt|Draco Meteor|p2a: Dragonite
|-supereffective|p2a: Dragonite
|-damage|p2a: Dragonite|2/100
|-unboost|p1a: Raging Bolt|spa|2
|move|p2a: Dragonite|Dragon Claw|p1a: Raging Bolt
|-supereffective|p1a: Raging Bolt
|-damage|p1a: Raging Bolt|0 fnt
|faint|p1a: Raging Bolt
|-end|p1a: Raging Bolt|Protosynthesis|[silent]
|-damage|p2a: Dragonite|0 fnt|[from] item: Life Orb
|faint|p2a: Dragonite
|
|win|boom moon
|raw|Rblack_freeeza's rating: 1201 &rarr; <strong>1177</strong><br />(-24 for losing)
|raw|boom moon's rating: 1221 &rarr; <strong>1245</strong><br />(+24 for winning)
|l|☆boom moon
|player|p2|
|l|☆Rblack_freeeza
|player|p1|
