|j|☆SDLU
|j|☆StarLi
|t:|1769327174
|gametype|singles
|player|p1|SDLU|265|1368
|player|p2|StarLi|iono|1358
|gen|9
|tier|[Gen 9] OU
|rated|
|rule|HP Percentage Mod: HP is shown in percentages
|rule|Endless Battle Clause: Forcing endless battles is banned
|rule|Species Clause: Limit one of each Pokémon
|rule|OHKO Clause: OHKO moves are banned
|rule|Evasion Items Clause: Evasion items are banned
|rule|Evasion Moves Clause: Evasion moves are banned
|rule|Evasion Abilities Clause: Evasion abilities are banned
|rule|Sleep Moves Clause: Sleep-inducing moves are banned
|clearpoke
|poke|p1|Dragapult, F|
|poke|p1|Rotom-Wash|
|poke|p1|Skeledirge, M|
|poke|p1|Garganacl, M|
|poke|p1|Corviknight, M|
|poke|p1|Ogerpon-Wellspring, F|
|poke|p2|Deoxys-Speed|
|poke|p2|Araquanid, M|
|poke|p2|Meowscarada, M|
|poke|p2|Kyurem|
|poke|p2|Iron Valiant|
|poke|p2|Kingambit, F|
|teampreview
|inactive|Battle timer is ON: inactive players will automatically lose when time's up. (requested by SDLU)
|
|t:|1769327183
|teamsize|p1|6
|teamsize|p2|6
|start
|switch|p1a: Dragapult|Dragapult, F|100/100
|switch|p2a: Deoxys|Deoxys-Speed|100/100
|-ability|p2a: Deoxys|Pressure
|turn|1
|
|t:|1769327192
|move|p2a: Deoxys|Light Screen|p2a: Deoxys
|-sidestart|p2: StarLi|move: Light Screen
|move|p1a: Dragapult|Dragon Darts|p2a: Deoxys
|-damage|p2a: Deoxys|53/100
|-anim|p1a: Dragapult|Dragon Darts|p2a: Deoxys
|-damage|p2a: Deoxys|7/100
|
|upkeep
|turn|2
|
|t:|1769327199
|move|p2a: Deoxys|Reflect|p2a: Deoxys
|-sidestart|p2: StarLi|Reflect
|move|p1a: Dragapult|Dragon Darts|p2a: Deoxys
|-damage|p2a: Deoxys|0 fnt
|faint|p2a: Deoxys
|
|upkeep
|
|t:|1769327206
|switch|p2a: Meowscarada|Meowscarada, M|100/100
|turn|3
|
|t:|1769327212
|switch|p1a: Corviknight|Corviknight, M|100/100
|move|p2a: Meowscarada|Knock Off|p1a: Corviknight
|-start|p2a: Meowscarada|typechange|Dark|[from] ability: Protean
|-damage|p1a: Corviknight|43/100
|-damage|p2a: Meowscarada|84/100|[from] item: Rocky Helmet|[of] p1a: Corviknight
|-enditem|p1a: Corviknight|Rocky Helmet|[from] move: Knock Off|[of] p2a: Meowscarada
|
|upkeep
|turn|4
|
|t:|1769327223
|switch|p2a: Araquanid|Araquanid, M|100/100
|move|p1a: Corviknight|Roost|p1a: Corviknight
|-heal|p1a: Corviknight|93/100
|-singleturn|p1a: Corviknight|move: Roost
|
|upkeep
|turn|5
|
|t:|1769327232
|move|p1a: Corviknight|Iron Defense|p1a: Corviknight
|-boost|p1a: Corviknight|def|2
|move|p2a: Araquanid|Surf|p1a: Corviknight
|-damage|p1a: Corviknight|54/100
|
|upkeep
|turn|6
|
|t:|1769327261
|move|p1a: Corviknight|Roost|p1a: Corviknight
|-heal|p1a: Corviknight|100/100
|-singleturn|p1a: Corviknight|move: Roost
|move|p2a: Araquanid|Surf|p1a: Corviknight
|-damage|p1a: Corviknight|63/100
|
|upkeep
|turn|7
|
|t:|1769327270
|move|p1a: Corviknight|U-turn|p2a: Araquanid
|-damage|p2a: Araquanid|93/100
|
|t:|1769327272
|switch|p1a: Ogerpon|Ogerpon-Wellspring, F|100/100|[from] U-turn
|move|p2a: Araquanid|Sticky Web|p1a: Ogerpon
|-sidestart|p1: SDLU|move: Sticky Web
|
|upkeep
|turn|8
|
|t:|1769327282
|switch|p2a: Meowscarada|Meowscarada, M|84/100
|move|p1a: Ogerpon|Horn Leech|p2a: Meowscarada
|-resisted|p2a: Meowscarada
|-damage|p2a: Meowscarada|67/100
|
|-sideend|p2: StarLi|move: Light Screen
|upkeep
|turn|9
|
|t:|1769327290
|move|p1a: Ogerpon|Spiky Shield|p1a: Ogerpon
|-singleturn|p1a: Ogerpon|move: Protect
|move|p2a: Meowscarada|U-turn|p1a: Ogerpon
|-start|p2a: Meowscarada|typechange|Bug|[from] ability: Protean
|-activate|p1a: Ogerpon|move: Protect
|-damage|p2a: Meowscarada|54/100|[from] Spiky Shield|[of] p1a: Ogerpon
|
|-sideend|p2: StarLi|Reflect
|upkeep
|turn|10
|
|t:|1769327306
|switch|p1a: Corviknight|Corviknight, M|63/100
|move|p2a: Meowscarada|U-turn|p1a: Corviknight
|-resisted|p1a: Corviknight
|-damage|p1a: Corviknight|52/100
|
|t:|1769327318
|switch|p2a: Kyurem|Kyurem|100/100|[from] U-turn
|-ability|p2a: Kyurem|Pressure
|
|upkeep
|turn|11
|
|t:|1769327329
|-terastallize|p2a: Kyurem|Fire
|move|p2a: Kyurem|Dragon Dance|p2a: Kyurem
|-boost|p2a: Kyurem|atk|1
|-boost|p2a: Kyurem|spe|1
|move|p1a: Corviknight|Roost|p1a: Corviknight
|-heal|p1a: Corviknight|100/100
|-singleturn|p1a: Corviknight|move: Roost
|
|upkeep
|turn|12
|
|t:|1769327341
|move|p2a: Kyurem|Tera Blast|p1a: Corviknight|[anim] Tera Blast Fire
|-supereffective|p1a: Corviknight
|-damage|p1a: Corviknight|0 fnt
|faint|p1a: Corviknight
|
|upkeep
|
|t:|1769327352
|switch|p1a: Rotom|Rotom-Wash|100/100
|turn|13
|
|t:|1769327355
|move|p2a: Kyurem|Scale Shot|p1a: Rotom
|-damage|p1a: Rotom|79/100
|-damage|p1a: Rotom|56/100
|-damage|p1a: Rotom|33/100
|-damage|p1a: Rotom|11/100
|-damage|p1a: Rotom|0 fnt
|faint|p1a: Rotom
|-hitcount|p1: Rotom|5
|-unboost|p2a: Kyurem|def|1
|-boost|p2a: Kyurem|spe|1
|
|upkeep
|
|t:|1769327364
|switch|p1a: Skeledirge|Skeledirge, M|100/100
|turn|14
|
|t:|1769327373
|move|p2a: Kyurem|Scale Shot|p1a: Skeledirge
|-damage|p1a: Skeledirge|92/100
|-damage|p1a: Skeledirge|84/100
|-damage|p1a: Skeledirge|76/100
|-damage|p1a: Skeledirge|68/100
|-hitcount|p1a: Skeledirge|4
|-unboost|p2a: Kyurem|def|1
|-boost|p2a: Kyurem|spe|1
|move|p1a: Skeledirge|Shadow Ball|p2a: Kyurem
|-damage|p2a: Kyurem|70/100
|
|upkeep
|turn|15
|
|t:|1769327387
|switch|p2a: Araquanid|Araquanid, M|93/100
|move|p1a: Skeledirge|Torch Song|p2a: Araquanid
|-damage|p2a: Araquanid|81/100
|-boost|p1a: Skeledirge|spa|1
|
|upkeep
|turn|16
|
|t:|1769327401
|switch|p1a: Ogerpon|Ogerpon-Wellspring, F|100/100
|-activate|p1a: Ogerpon|move: Sticky Web
|-unboost|p1a: Ogerpon|spe|1
|switch|p2a: Meowscarada|Meowscarada, M|54/100
|
|upkeep
|turn|17
|
|t:|1769327412
|move|p2a: Meowscarada|Flower Trick|p1a: Ogerpon
|-start|p2a: Meowscarada|typechange|Grass|[from] ability: Protean
|-crit|p1a: Ogerpon
|-damage|p1a: Ogerpon|0 fnt
|faint|p1a: Ogerpon
|
|upkeep
|
|t:|1769327420
|switch|p1a: Dragapult|Dragapult, F|100/100
|-activate|p1a: Dragapult|move: Sticky Web
|-fail|p1a: Dragapult|unboost|[from] ability: Clear Body|[of] p1a: Dragapult
|turn|18
|
|t:|1769327428
|switch|p2a: Araquanid|Araquanid, M|81/100
|-terastallize|p1a: Dragapult|Ghost
|move|p1a: Dragapult|Tera Blast|p2a: Araquanid|[anim] Tera Blast Ghost
|-damage|p2a: Araquanid|0 fnt
|faint|p2a: Araquanid
|
|upkeep
|
|t:|1769327437
|switch|p2a: Kingambit|Kingambit, F|100/100
|-activate|p2a: Kingambit|ability: Supreme Overlord
|-start|p2a: Kingambit|fallen2|[silent]
|turn|19
|
|t:|1769327440
|switch|p1a: Skeledirge|Skeledirge, M|68/100
|move|p2a: Kingambit|Swords Dance|p2a: Kingambit
|-boost|p2a: Kingambit|atk|2
|
|upkeep
|turn|20
|
|t:|1769327446
|move|p2a: Kingambit|Kowtow Cleave|p1a: Skeledirge
|-supereffective|p1a: Skeledirge
|-damage|p1a: Skeledirge|0 fnt
|faint|p1a: Skeledirge
|
|upkeep
|
|t:|1769327449
|switch|p1a: Garganacl|Garganacl, M|100/100
|-activate|p1a: Garganacl|move: Sticky Web
|-unboost|p1a: Garganacl|spe|1
|turn|21
|
|t:|1769327452
|move|p2a: Kingambit|Iron Head|p1a: Garganacl
|-supereffective|p1a: Garganacl
|-damage|p1a: Garganacl|0 fnt
|faint|p1a: Garganacl
|
|upkeep
|
|t:|1769327455
|switch|p1a: Dragapult|Dragapult, F, tera:Ghost|100/100
|-activate|p1a: Dragapult|move: Sticky Web
|-fail|p1a: Dragapult|unboost|[from] ability: Clear Body|[of] p1a: Dragapult
|turn|22
|
|t:|1769327457
|move|p1a: Dragapult|Sucker Punch|p2a: Kingambit
|-resisted|p2a: Kingambit
|-crit|p2a: Kingambit
|-damage|p2a: Kingambit|77/100
|move|p2a: Kingambit|Sucker Punch||[still]
|-fail|p2a: Kingambit
|
|-heal|p2a: Kingambit|83/100|[from] item: Leftovers
|upkeep
|turn|23
|
|t:|1769327460
|move|p1a: Dragapult|Sucker Punch|p2a: Kingambit
|-resisted|p2a: Kingambit
|-damage|p2a: Kingambit|67/100
|move|p2a: Kingambit|Kowtow Cleave|p1a: Dragapult
|-supereffective|p1a: Dragapult
|-damage|p1a: Dragapult|0 fnt
|faint|p1a: Dragapult
|
|win|StarLi
|raw|SDLU's rating: 1368 &rarr; <strong>1347</strong><br />(-21 for losing)
|raw|StarLi's rating: 1358 &rarr; <strong>1379</strong><br />(+21 for winning)
|l|☆SDLU
|player|p1|
