|j|☆adorozatorumary
|j|☆boom moon
|t:|1769439138
|gametype|singles
|player|p1|adorozatorumary|burglar|1139
|player|p2|boom moon|266|1157
|gen|9
|tier|[Gen 9] OU
|rated|
|rule|HP Percentage Mod: HP is shown in percentages
|rule|Endless Battle Clause: Forcing endless battles is banned
|rule|Species Clause: Limit one of each Pokémon
|rule|OHKO Clause: OHKO moves are banned
|rule|Evasion Items Clause: Evasion items are banned
|rule|Evasion Moves Clause: Evasion moves are banned
|rule|Evasion Abilities Clause: Evasion abilities are banned
|rule|Sleep Moves Clause: Sleep-inducing moves are banned
|clearpoke
|poke|p1|Toxtricity-Low-Key, M|
|poke|p1|Excadrill, M|
|poke|p1|Brambleghast, F|
|poke|p1|Cinccino, F|
|poke|p1|Basculin, M|
|poke|p1|Armarouge, M|
|poke|p2|Conkeldurr, M|
|poke|p2|Dragonite, M|
|poke|p2|Breloom, M|
|poke|p2|Spidops, M|
|poke|p2|Toxicroak, F|
|poke|p2|Cloyster, F|
|teampreview
|
|t:|1769439195
|teamsize|p1|6
|teamsize|p2|6
|start
|switch|p1a: Apple Pie|Cinccino, F|100/100
|switch|p2a: Breloom|Breloom, M|100/100
|turn|1
|
|t:|1769439213
|switch|p1a: Shootout|Brambleghast, F|100/100
|move|p2a: Breloom|Mach Punch|p1a: Shootout
|-immune|p1a: Shootout
|
|upkeep
|turn|2
|inactive|Battle timer is ON: inactive players will automatically lose when time's up. (requested by boom moon)
|
|t:|1769439219
|move|p1a: Shootout|Rapid Spin|p2a: Breloom
|-damage|p2a: Breloom|76/100
|-boost|p1a: Shootout|spe|1
|move|p2a: Breloom|Swords Dance|p2a: Breloom
|-boost|p2a: Breloom|atk|2
|
|upkeep
|turn|3
|
|t:|1769439223
|move|p1a: Shootout|Poltergeist|p2a: Breloom
|-activate|p2a: Breloom|move: Poltergeist|Loaded Dice
|-damage|p2a: Breloom|0 fnt
|faint|p2a: Breloom
|
|upkeep
|
|t:|1769439229
|switch|p2a: Conkeldurr|Conkeldurr, M|100/100
|turn|4
|
|t:|1769439233
|move|p1a: Shootout|Poltergeist|p2a: Conkeldurr
|-activate|p2a: Conkeldurr|move: Poltergeist|Assault Vest
|-damage|p2a: Conkeldurr|55/100
|move|p2a: Conkeldurr|Ice Punch|p1a: Shootout
|-supereffective|p1a: Shootout
|-damage|p1a: Shootout|0 fnt
|faint|p1a: Shootout
|
|upkeep
|
|t:|1769439242
|switch|p1a: MegaMan|Armarouge, M|100/100
|turn|5
|
|t:|1769439266
|move|p1a: MegaMan|Psychic|p2a: Conkeldurr
|-supereffective|p2a: Conkeldurr
|-damage|p2a: Conkeldurr|0 fnt
|faint|p2a: Conkeldurr
|
|upkeep
|
|t:|1769439275
|switch|p2a: Dragonite|Dragonite, M|100/100
|turn|6
|
|t:|1769439286
|switch|p1a: Blue Collar|Excadrill, M|100/100
|-ability|p1a: Blue Collar|Mold Breaker
|-terastallize|p2a: Dragonite|Dragon
|move|p2a: Dragonite|Dragon Dance|p2a: Dragonite
|-boost|p2a: Dragonite|atk|1
|-boost|p2a: Dragonite|spe|1
|
|upkeep
|turn|7
|
|t:|1769439300
|move|p2a: Dragonite|Fire Punch|p1a: Blue Collar
|-supereffective|p1a: Blue Collar
|-damage|p1a: Blue Collar|0 fnt
|faint|p1a: Blue Collar
|
|upkeep
|
|t:|1769439310
|switch|p1a: Apple Pie|Cinccino, F|100/100
|turn|8
|
|t:|1769439315
|move|p2a: Dragonite|Dragon Claw|p1a: Apple Pie
|-damage|p1a: Apple Pie|0 fnt
|faint|p1a: Apple Pie
|
|upkeep
|
|t:|1769439329
|switch|p1a: Punk Rocker|Toxtricity-Low-Key, M|100/100
|turn|9
|
|t:|1769439338
|move|p2a: Dragonite|Dragon Claw|p1a: Punk Rocker
|-crit|p1a: Punk Rocker
|-damage|p1a: Punk Rocker|0 fnt
|faint|p1a: Punk Rocker
|
|upkeep
|
|t:|1769439343
|switch|p1a: MegaMan|Armarouge, M|100/100
|turn|10
|
|t:|1769439350
|move|p1a: MegaMan|Psychic|p2a: Dragonite
|-damage|p2a: Dragonite|48/100
|move|p2a: Dragonite|Dragon Claw|p1a: MegaMan
|-damage|p1a: MegaMan|0 fnt
|faint|p1a: MegaMan
|
|upkeep
|
|t:|1769439353
|switch|p1a: ZU demon|Basculin, M|100/100
|turn|11
|
|t:|1769439362
|move|p1a: ZU demon|Double-Edge|p2a: Dragonite
|-damage|p2a: Dragonite|10/100
|-damage|p1a: ZU demon|86/100|[from] Recoil
|move|p2a: Dragonite|Dragon Claw|p1a: ZU demon
|-damage|p1a: ZU demon|0 fnt
|faint|p1a: ZU demon
|
|win|boom moon
|raw|adorozatorumary's rating: 1139 &rarr; <strong>1115</strong><br />(-24 for losing)
|raw|boom moon's rating: 1157 &rarr; <strong>1181</strong><br />(+24 for winning)
|l|☆adorozatorumary
|player|p1|
|l|☆boom moon
|player|p2|
