|j|☆Raiz mortal
|j|☆barracuda705
|t:|1769380586
|gametype|singles
|player|p1|Raiz mortal|169|1324
|player|p2|barracuda705|cynthia|1321
|gen|9
|tier|[Gen 9] OU
|rated|
|rule|HP Percentage Mod: HP is shown in percentages
|rule|Endless Battle Clause: Forcing endless battles is banned
|rule|Species Clause: Limit one of each Pokémon
|rule|OHKO Clause: OHKO moves are banned
|rule|Evasion Items Clause: Evasion items are banned
|rule|Evasion Moves Clause: Evasion moves are banned
|rule|Evasion Abilities Clause: Evasion abilities are banned
|rule|Sleep Moves Clause: Sleep-inducing moves are banned
|clearpoke
|poke|p1|Skarmory, F|
|poke|p1|Latias, F|
|poke|p1|Gliscor, M|
|poke|p1|Darkrai|
|poke|p1|Toxapex, M|
|poke|p1|Trevenant, M|
|poke|p2|Flygon, M|
|poke|p2|Galvantula, F|
|poke|p2|Blaziken, M|
|poke|p2|Slowking, F|
|poke|p2|Excadrill, M|
|poke|p2|Iron Treads|
|teampreview
|inactive|Battle timer is ON: inactive players will automatically lose when time's up. (requested by barracuda705)
|
|t:|1769380622
|teamsize|p1|6
|teamsize|p2|6
|start
|switch|p1a: Gliscor|Gliscor, M|100/100
|switch|p2a: Galvantula|Galvantula, F|100/100
|turn|1
|
|t:|1769380639
|move|p2a: Galvantula|Sticky Web|p1a: Gliscor
|-sidestart|p1: Raiz mortal|move: Sticky Web
|move|p1a: Gliscor|Toxic|p2a: Galvantula
|-status|p2a: Galvantula|tox
|
|-damage|p2a: Galvantula|94/100 tox|[from] psn
|-status|p1a: Gliscor|tox|[from] item: Toxic Orb
|upkeep
|turn|2
|
|t:|1769380647
|switch|p2a: Slowking|Slowking, F|100/100
|move|p1a: Gliscor|Stealth Rock|p2a: Slowking
|-sidestart|p2: barracuda705|move: Stealth Rock
|
|upkeep
|turn|3
|
|t:|1769380651
|move|p1a: Gliscor|Spikes|p2a: Slowking
|-sidestart|p2: barracuda705|Spikes
|move|p2a: Slowking|Scald|p1a: Gliscor
|-supereffective|p1a: Gliscor
|-damage|p1a: Gliscor|16/100 tox
|-damage|p2a: Slowking|91/100|[from] item: Life Orb
|
|-heal|p1a: Gliscor|28/100 tox|[from] ability: Poison Heal
|upkeep
|turn|4
|
|t:|1769380660
|switch|p2a: Iron Treads|Iron Treads|100/100
|-damage|p2a: Iron Treads|98/100|[from] Stealth Rock
|-damage|p2a: Iron Treads|85/100|[from] Spikes
|move|p1a: Gliscor|Protect||[still]
|-fail|p1a: Gliscor
|
|-heal|p2a: Iron Treads|91/100|[from] item: Leftovers
|-heal|p1a: Gliscor|41/100 tox|[from] ability: Poison Heal
|upkeep
|turn|5
|
|t:|1769380670
|move|p1a: Gliscor|Protect|p1a: Gliscor
|-singleturn|p1a: Gliscor|Protect
|move|p2a: Iron Treads|Rapid Spin|p1a: Gliscor
|-activate|p1a: Gliscor|move: Protect
|
|-heal|p2a: Iron Treads|98/100|[from] item: Leftovers
|-heal|p1a: Gliscor|53/100 tox|[from] ability: Poison Heal
|upkeep
|turn|6
|
|t:|1769380678
|switch|p1a: Trevenant|Trevenant, M|100/100
|-activate|p1a: Trevenant|move: Sticky Web
|-unboost|p1a: Trevenant|spe|1
|move|p2a: Iron Treads|Volt Switch|p1a: Trevenant
|-resisted|p1a: Trevenant
|-damage|p1a: Trevenant|95/100
|
|t:|1769380686
|-end|p2a: Iron Treads|Quark Drive|[silent]
|switch|p2a: Flygon|Flygon, M, shiny|100/100|[from] Volt Switch
|-damage|p2a: Flygon|95/100|[from] Stealth Rock
|
|upkeep
|turn|7
|
|t:|1769380692
|move|p2a: Flygon|Fire Blast|p1a: Trevenant
|-supereffective|p1a: Trevenant
|-damage|p1a: Trevenant|21/100
|-enditem|p1a: Trevenant|Sitrus Berry|[eat]
|-heal|p1a: Trevenant|46/100|[from] item: Sitrus Berry
|move|p1a: Trevenant|Toxic|p2a: Flygon
|-status|p2a: Flygon|tox
|
|-damage|p2a: Flygon|89/100 tox|[from] psn
|upkeep
|turn|8
|
|t:|1769380702
|switch|p2a: Iron Treads|Iron Treads|98/100
|-damage|p2a: Iron Treads|95/100|[from] Stealth Rock
|-damage|p2a: Iron Treads|82/100|[from] Spikes
|move|p1a: Trevenant|Protect||[still]
|-fail|p1a: Trevenant
|
|-heal|p2a: Iron Treads|88/100|[from] item: Leftovers
|upkeep
|turn|9
|
|t:|1769380712
|move|p2a: Iron Treads|Volt Switch|p1a: Trevenant
|-resisted|p1a: Trevenant
|-damage|p1a: Trevenant|41/100
|
|t:|1769380717
|-end|p2a: Iron Treads|Quark Drive|[silent]
|switch|p2a: Blaziken|Blaziken, M|100/100|[from] Volt Switch
|-damage|p2a: Blaziken|88/100|[from] Stealth Rock
|-damage|p2a: Blaziken|76/100|[from] Spikes
|move|p1a: Trevenant|Leech Seed|p2a: Blaziken
|-start|p2a: Blaziken|move: Leech Seed
|
|-damage|p2a: Blaziken|64/100|[from] Leech Seed|[of] p1a: Trevenant
|-heal|p1a: Trevenant|51/100|[silent]
|-item|p1a: Trevenant|Sitrus Berry|[from] ability: Harvest
|upkeep
|turn|10
|
|t:|1769380727
|move|p1a: Trevenant|Protect|p1a: Trevenant
|-singleturn|p1a: Trevenant|Protect
|move|p2a: Blaziken|Blaze Kick|p1a: Trevenant
|-activate|p1a: Trevenant|move: Protect
|
|-damage|p2a: Blaziken|51/100|[from] Leech Seed|[of] p1a: Trevenant
|-heal|p1a: Trevenant|61/100|[silent]
|upkeep
|turn|11
|
|t:|1769380735
|switch|p1a: Toxapex|Toxapex, M|100/100
|-activate|p1a: Toxapex|move: Sticky Web
|-unboost|p1a: Toxapex|spe|1
|move|p2a: Blaziken|Blaze Kick|p1a: Toxapex
|-resisted|p1a: Toxapex
|-damage|p1a: Toxapex|78/100
|-damage|p2a: Blaziken|42/100|[from] item: Life Orb
|
|-heal|p1a: Toxapex|84/100|[from] item: Black Sludge
|-damage|p2a: Blaziken|29/100|[from] Leech Seed|[of] p1a: Toxapex
|-heal|p1a: Toxapex|96/100|[silent]
|upkeep
|turn|12
|-message|barracuda705 forfeited.
|
|win|Raiz mortal
|raw|Raiz mortal's rating: 1324 &rarr; <strong>1344</strong><br />(+20 for winning)
|raw|barracuda705's rating: 1321 &rarr; <strong>1301</strong><br />(-20 for losing)
|l|☆barracuda705
|player|p2|
