|j|☆jenny talles
|j|☆Larmaster
|t:|1769321411
|gametype|singles
|player|p1|jenny talles|1|1472
|player|p2|Larmaster|hilbert-wonderlauncher|1525
|gen|9
|tier|[Gen 9] OU
|rated|
|rule|HP Percentage Mod: HP is shown in percentages
|rule|Endless Battle Clause: Forcing endless battles is banned
|rule|Species Clause: Limit one of each Pokémon
|rule|OHKO Clause: OHKO moves are banned
|rule|Evasion Items Clause: Evasion items are banned
|rule|Evasion Moves Clause: Evasion moves are banned
|rule|Evasion Abilities Clause: Evasion abilities are banned
|rule|Sleep Moves Clause: Sleep-inducing moves are banned
|clearpoke
|poke|p1|Ogerpon, F|
|poke|p1|Samurott-Hisui, F|
|poke|p1|Kyurem|
|poke|p1|Landorus-Therian, M|
|poke|p1|Raging Bolt|
|poke|p1|Great Tusk|
|poke|p2|Dragapult, M|
|poke|p2|Great Tusk|
|poke|p2|Primarina, F|
|poke|p2|Kingambit, F|
|poke|p2|Ting-Lu|
|poke|p2|Zapdos|
|teampreview
|
|t:|1769321470
|teamsize|p1|6
|teamsize|p2|6
|start
|switch|p1a: Ogerpon|Ogerpon, F|100/100
|switch|p2a: Zapdos|Zapdos|100/100
|turn|1
|
|t:|1769321480
|switch|p1a: Raging Bolt|Raging Bolt|100/100
|move|p2a: Zapdos|Hurricane|p1a: Raging Bolt|[miss]
|-miss|p2a: Zapdos|p1a: Raging Bolt
|
|upkeep
|turn|2
|
|t:|1769321490
|move|p1a: Raging Bolt|Dragon Pulse|p2a: Zapdos
|-damage|p2a: Zapdos|47/100
|move|p2a: Zapdos|Volt Switch|p1a: Raging Bolt
|-resisted|p1a: Raging Bolt
|-damage|p1a: Raging Bolt|94/100
|
|t:|1769321507
|switch|p2a: Ting-Lu|Ting-Lu|100/100|[from] Volt Switch
|-ability|p2a: Ting-Lu|Vessel of Ruin
|
|-heal|p1a: Raging Bolt|99/100|[from] item: Leftovers
|upkeep
|turn|3
|
|t:|1769321530
|-end|p1a: Raging Bolt|Protosynthesis|[silent]
|switch|p1a: Samurott|Samurott-Hisui, F|100/100
|move|p2a: Ting-Lu|Spikes|p1a: Samurott
|-sidestart|p1: jenny talles|Spikes
|
|upkeep
|turn|4
|
|t:|1769321541
|move|p1a: Samurott|Ceaseless Edge|p2a: Ting-Lu
|-resisted|p2a: Ting-Lu
|-damage|p2a: Ting-Lu|86/100
|-sidestart|p2: Larmaster|Spikes
|move|p2a: Ting-Lu|Earthquake|p1a: Samurott
|-damage|p1a: Samurott|37/100
|
|upkeep
|turn|5
|
|t:|1769321551
|move|p1a: Samurott|Razor Shell|p2a: Ting-Lu|[miss]
|-miss|p1a: Samurott|p2a: Ting-Lu
|move|p2a: Ting-Lu|Earthquake|p1a: Samurott
|-damage|p1a: Samurott|0 fnt
|faint|p1a: Samurott
|
|upkeep
|
|t:|1769321559
|switch|p1a: Great Tusk|Great Tusk|100/100
|-damage|p1a: Great Tusk|88/100|[from] Spikes
|turn|6
|
|t:|1769321571
|switch|p2a: Zapdos|Zapdos|47/100
|move|p1a: Great Tusk|Knock Off|p2a: Zapdos
|-damage|p2a: Zapdos|22/100
|-enditem|p2a: Zapdos|Heavy-Duty Boots|[from] move: Knock Off|[of] p1a: Great Tusk
|
|-heal|p1a: Great Tusk|94/100|[from] item: Leftovers
|upkeep
|turn|7
|
|t:|1769321584
|-end|p1a: Great Tusk|Protosynthesis|[silent]
|switch|p1a: Raging Bolt|Raging Bolt|99/100
|-damage|p1a: Raging Bolt|87/100|[from] Spikes
|move|p2a: Zapdos|Roost|p2a: Zapdos
|-heal|p2a: Zapdos|72/100
|-singleturn|p2a: Zapdos|move: Roost
|
|-heal|p1a: Raging Bolt|94/100|[from] item: Leftovers
|upkeep
|turn|8
|
|t:|1769321597
|switch|p2a: Ting-Lu|Ting-Lu|86/100
|-damage|p2a: Ting-Lu|74/100|[from] Spikes
|-ability|p2a: Ting-Lu|Vessel of Ruin
|move|p1a: Raging Bolt|Dragon Pulse|p2a: Ting-Lu
|-damage|p2a: Ting-Lu|44/100
|
|-heal|p1a: Raging Bolt|99/100|[from] item: Leftovers
|upkeep
|turn|9
|inactive|Battle timer is ON: inactive players will automatically lose when time's up. (requested by Larmaster)
|
|t:|1769321610
|-end|p1a: Raging Bolt|Protosynthesis|[silent]
|switch|p1a: Great Tusk|Great Tusk|94/100
|-damage|p1a: Great Tusk|82/100|[from] Spikes
|move|p2a: Ting-Lu|Earthquake|p1a: Great Tusk
|-damage|p1a: Great Tusk|46/100
|
|-heal|p1a: Great Tusk|52/100|[from] item: Leftovers
|upkeep
|turn|10
|
|t:|1769321619
|move|p1a: Great Tusk|Rapid Spin|p2a: Ting-Lu
|-damage|p2a: Ting-Lu|34/100
|-boost|p1a: Great Tusk|spe|1
|-sideend|p1: jenny talles|Spikes|[from] move: Rapid Spin|[of] p1a: Great Tusk
|move|p2a: Ting-Lu|Earthquake|p1a: Great Tusk
|-damage|p1a: Great Tusk|12/100
|
|-heal|p1a: Great Tusk|18/100|[from] item: Leftovers
|upkeep
|turn|11
|
|t:|1769321627
|move|p1a: Great Tusk|Headlong Rush|p2a: Ting-Lu
|-damage|p2a: Ting-Lu|0 fnt
|-unboost|p1a: Great Tusk|def|1
|-unboost|p1a: Great Tusk|spd|1
|faint|p2a: Ting-Lu
|
|-heal|p1a: Great Tusk|24/100|[from] item: Leftovers
|upkeep
|
|t:|1769321633
|switch|p2a: Zapdos|Zapdos|72/100
|turn|12
|
|t:|1769321640
|move|p1a: Great Tusk|Ice Spinner|p2a: Zapdos
|-supereffective|p2a: Zapdos
|-damage|p2a: Zapdos|31/100
|move|p2a: Zapdos|Hurricane|p1a: Great Tusk
|-supereffective|p1a: Great Tusk
|-damage|p1a: Great Tusk|0 fnt
|faint|p1a: Great Tusk
|-end|p1a: Great Tusk|Protosynthesis|[silent]
|
|upkeep
|
|t:|1769321649
|switch|p1a: Ogerpon|Ogerpon, F|100/100
|turn|13
|
|t:|1769321673
|move|p1a: Ogerpon|Rock Tomb|p2a: Zapdos
|-supereffective|p2a: Zapdos
|-damage|p2a: Zapdos|0 fnt
|faint|p2a: Zapdos
|
|upkeep
|
|t:|1769321677
|switch|p2a: Dragapult|Dragapult, M|100/100
|-damage|p2a: Dragapult|88/100|[from] Spikes
|turn|14
|
|t:|1769321682
|move|p2a: Dragapult|Draco Meteor|p1a: Ogerpon
|-damage|p1a: Ogerpon|0 fnt
|-unboost|p2a: Dragapult|spa|2
|faint|p1a: Ogerpon
|
|upkeep
|
|t:|1769321688
|switch|p1a: Landorus|Landorus-Therian, M|100/100
|-ability|p1a: Landorus|Intimidate|boost
|-unboost|p2a: Dragapult|atk|1
|turn|15
|
|t:|1769321697
|switch|p2a: Great Tusk|Great Tusk|100/100
|-damage|p2a: Great Tusk|88/100|[from] Spikes
|move|p1a: Landorus|Stealth Rock|p2a: Great Tusk
|-sidestart|p2: Larmaster|move: Stealth Rock
|
|upkeep
|turn|16
|
|t:|1769321707
|move|p1a: Landorus|Grass Knot|p2a: Great Tusk
|-supereffective|p2a: Great Tusk
|-crit|p2a: Great Tusk
|-damage|p2a: Great Tusk|0 fnt
|-damage|p1a: Landorus|84/100|[from] item: Rocky Helmet|[of] p2a: Great Tusk
|faint|p2a: Great Tusk
|-end|p2a: Great Tusk|Protosynthesis|[silent]
|
|upkeep
|
|t:|1769321715
|switch|p2a: Dragapult|Dragapult, M|88/100
|-damage|p2a: Dragapult|76/100|[from] Spikes
|-damage|p2a: Dragapult|64/100|[from] Stealth Rock
|turn|17
|
|t:|1769321725
|move|p2a: Dragapult|Draco Meteor|p1a: Landorus
|-damage|p1a: Landorus|0 fnt
|-unboost|p2a: Dragapult|spa|2
|faint|p1a: Landorus
|
|upkeep
|
|t:|1769321731
|switch|p1a: Raging Bolt|Raging Bolt|99/100
|turn|18
|
|t:|1769321735
|-terastallize|p1a: Raging Bolt|Fairy
|move|p2a: Dragapult|Draco Meteor|p1a: Raging Bolt
|-immune|p1a: Raging Bolt
|move|p1a: Raging Bolt|Calm Mind|p1a: Raging Bolt
|-boost|p1a: Raging Bolt|spa|1
|-boost|p1a: Raging Bolt|spd|1
|
|-heal|p1a: Raging Bolt|100/100|[from] item: Leftovers
|upkeep
|turn|19
|
|t:|1769321744
|switch|p2a: Kingambit|Kingambit, F|100/100
|-damage|p2a: Kingambit|88/100|[from] Spikes
|-damage|p2a: Kingambit|82/100|[from] Stealth Rock
|-activate|p2a: Kingambit|ability: Supreme Overlord
|-start|p2a: Kingambit|fallen3|[silent]
|move|p1a: Raging Bolt|Calm Mind|p1a: Raging Bolt
|-boost|p1a: Raging Bolt|spa|1
|-boost|p1a: Raging Bolt|spd|1
|
|-heal|p2a: Kingambit|88/100|[from] item: Leftovers
|upkeep
|turn|20
|
|t:|1769321764
|move|p1a: Raging Bolt|Thunderbolt|p2a: Kingambit
|-damage|p2a: Kingambit|0 fnt
|faint|p2a: Kingambit
|-end|p2a: Kingambit|fallen3|[silent]
|
|upkeep
|
|t:|1769321776
|switch|p2a: Primarina|Primarina, F|100/100
|-damage|p2a: Primarina|88/100|[from] Spikes
|-damage|p2a: Primarina|76/100|[from] Stealth Rock
|turn|21
|
|t:|1769321781
|-terastallize|p2a: Primarina|Poison
|move|p1a: Raging Bolt|Thunderbolt|p2a: Primarina
|-crit|p2a: Primarina
|-damage|p2a: Primarina|0 fnt
|faint|p2a: Primarina
|
|upkeep
|-message|Larmaster forfeited.
|
|win|jenny talles
|raw|jenny talles's rating: 1472 &rarr; <strong>1495</strong><br />(+23 for winning)
|raw|Larmaster's rating: 1525 &rarr; <strong>1502</strong><br />(-23 for losing)
|l|☆Larmaster
|player|p2|
|l|☆jenny talles
|player|p1|
