|j|☆qdiin_
|j|☆biggruse04
|t:|1769384728
|gametype|singles
|player|p1|qdiin_|102|1135
|player|p2|biggruse04|lady-gen4|1147
|gen|9
|tier|[Gen 9] OU
|rated|
|rule|HP Percentage Mod: HP is shown in percentages
|rule|Endless Battle Clause: Forcing endless battles is banned
|rule|Species Clause: Limit one of each Pokémon
|rule|OHKO Clause: OHKO moves are banned
|rule|Evasion Items Clause: Evasion items are banned
|rule|Evasion Moves Clause: Evasion moves are banned
|rule|Evasion Abilities Clause: Evasion abilities are banned
|rule|Sleep Moves Clause: Sleep-inducing moves are banned
|clearpoke
|poke|p1|Dragapult, M|
|poke|p1|Glimmora, F|
|poke|p1|Meowscarada, F|
|poke|p1|Hatterene, F|
|poke|p1|Heatran, M|
|poke|p1|Zapdos|
|poke|p2|Zapdos-Galar|
|poke|p2|Ting-Lu|
|poke|p2|Meowscarada, F|
|poke|p2|Gholdengo|
|poke|p2|Kyurem|
|poke|p2|Quaquaval, M|
|teampreview
|
|t:|1769384743
|teamsize|p1|6
|teamsize|p2|6
|start
|switch|p1a: Hatterene|Hatterene, F, shiny|100/100
|switch|p2a: fancy dancer|Meowscarada, F, shiny|100/100
|turn|1
|
|t:|1769384762
|-terastallize|p1a: Hatterene|Fairy
|move|p2a: fancy dancer|Knock Off|p1a: Hatterene
|-start|p2a: fancy dancer|typechange|Dark|[from] ability: Protean
|-resisted|p1a: Hatterene
|-damage|p1a: Hatterene|63/100
|-enditem|p1a: Hatterene|Leftovers|[from] move: Knock Off|[of] p2a: fancy dancer
|move|p1a: Hatterene|Calm Mind|p1a: Hatterene
|-boost|p1a: Hatterene|spa|1
|-boost|p1a: Hatterene|spd|1
|
|upkeep
|turn|2
|
|t:|1769384771
|switch|p2a: lego box|Ting-Lu|100/100
|-ability|p2a: lego box|Vessel of Ruin
|move|p1a: Hatterene|Draining Kiss|p2a: lego box
|-supereffective|p2a: lego box
|-damage|p2a: lego box|9/100
|-heal|p1a: Hatterene|100/100|[from] drain|[of] p2a: lego box
|-enditem|p2a: lego box|Red Card|[of] p1a: Hatterene
|drag|p1a: Heatran|Heatran, M, shiny|100/100
|-item|p1a: Heatran|Air Balloon
|
|upkeep
|turn|3
|
|t:|1769384787
|move|p1a: Heatran|Earth Power|p2a: lego box
|-damage|p2a: lego box|0 fnt
|faint|p2a: lego box
|
|upkeep
|
|t:|1769384792
|switch|p2a: bigey bonk|Quaquaval, M, shiny|100/100
|turn|4
|
|t:|1769384814
|switch|p1a: Dragapult|Dragapult, M|100/100
|move|p2a: bigey bonk|Close Combat|p1a: Dragapult
|-immune|p1a: Dragapult
|
|upkeep
|turn|5
|
|t:|1769384822
|move|p1a: Dragapult|Phantom Force||[still]
|-prepare|p1a: Dragapult|Phantom Force
|move|p2a: bigey bonk|Triple Axel|p1a: Dragapult|[miss]
|-miss|p2a: bigey bonk|p1a: Dragapult
|
|upkeep
|turn|6
|
|t:|1769384828
|move|p1a: Dragapult|Phantom Force|p2a: bigey bonk|[from] lockedmove
|-damage|p2a: bigey bonk|15/100
|-damage|p1a: Dragapult|91/100|[from] item: Life Orb
|move|p2a: bigey bonk|Triple Axel|p1a: Dragapult
|-supereffective|p1a: Dragapult
|-damage|p1a: Dragapult|69/100
|-supereffective|p1a: Dragapult
|-damage|p1a: Dragapult|24/100
|-supereffective|p1a: Dragapult
|-damage|p1a: Dragapult|0 fnt
|faint|p1a: Dragapult
|-ability|p2a: bigey bonk|Moxie|boost
|-boost|p2a: bigey bonk|atk|1
|-hitcount|p1: Dragapult|3
|-damage|p2a: bigey bonk|5/100|[from] item: Life Orb
|
|upkeep
|
|t:|1769384851
|switch|p1a: Meowscarada|Meowscarada, F|100/100
|turn|7
|
|t:|1769384855
|move|p1a: Meowscarada|Flower Trick|p2a: bigey bonk
|-start|p1a: Meowscarada|typechange|Grass|[from] ability: Protean
|-supereffective|p2a: bigey bonk
|-crit|p2a: bigey bonk
|-damage|p2a: bigey bonk|0 fnt
|faint|p2a: bigey bonk
|
|upkeep
|
|t:|1769384859
|switch|p2a: fridge|Kyurem, shiny|100/100
|-ability|p2a: fridge|Pressure
|turn|8
|
|t:|1769384868
|switch|p1a: Heatran|Heatran, M, shiny|100/100
|-item|p1a: Heatran|Air Balloon
|move|p2a: fridge|Ice Beam|p1a: Heatran
|-resisted|p1a: Heatran
|-damage|p1a: Heatran|94/100
|-enditem|p1a: Heatran|Air Balloon
|
|upkeep
|turn|9
|
|t:|1769384876
|move|p2a: fridge|Earth Power|p1a: Heatran
|-supereffective|p1a: Heatran
|-damage|p1a: Heatran|11/100
|move|p1a: Heatran|Magma Storm|p2a: fridge|[miss]
|-miss|p1a: Heatran|p2a: fridge
|
|upkeep
|turn|10
|
|t:|1769384891
|switch|p1a: Glimmora|Glimmora, F|100/100
|move|p2a: fridge|Ice Beam|p1a: Glimmora
|-damage|p1a: Glimmora|40/100
|-enditem|p1a: Glimmora|Red Card|[of] p2a: fridge
|drag|p2a: money man|Gholdengo, shiny|100/100
|-item|p2a: money man|Air Balloon
|
|upkeep
|turn|11
|
|t:|1769384903
|move|p1a: Glimmora|Stealth Rock|p2a: money man
|-sidestart|p2: biggruse04|move: Stealth Rock
|move|p2a: money man|Nasty Plot|p2a: money man
|-boost|p2a: money man|spa|2
|
|upkeep
|turn|12
|
|t:|1769384910
|move|p1a: Glimmora|Power Gem|p2a: money man
|-resisted|p2a: money man
|-damage|p2a: money man|81/100
|-enditem|p2a: money man|Air Balloon
|move|p2a: money man|Shadow Ball|p1a: Glimmora
|-damage|p1a: Glimmora|0 fnt
|faint|p1a: Glimmora
|
|upkeep
|
|t:|1769384936
|switch|p1a: Meowscarada|Meowscarada, F|100/100
|turn|13
|
|t:|1769384942
|-terastallize|p2a: money man|Fairy
|move|p1a: Meowscarada|Knock Off|p2a: money man
|-start|p1a: Meowscarada|typechange|Dark|[from] ability: Protean
|-resisted|p2a: money man
|-damage|p2a: money man|65/100
|move|p2a: money man|Make It Rain|p1a: Meowscarada
|-damage|p1a: Meowscarada|0 fnt
|-unboost|p2a: money man|spa|1
|faint|p1a: Meowscarada
|
|upkeep
|
|t:|1769384959
|switch|p1a: Zapdos|Zapdos|100/100
|turn|14
|
|t:|1769384967
|move|p2a: money man|Shadow Ball|p1a: Zapdos
|-damage|p1a: Zapdos|41/100
|move|p1a: Zapdos|Hurricane|p2a: money man
|-damage|p2a: money man|0 fnt
|faint|p2a: money man
|
|upkeep
|
|t:|1769384973
|switch|p2a: anger birb|Zapdos-Galar|100/100
|-damage|p2a: anger birb|88/100|[from] Stealth Rock
|turn|15
|
|t:|1769384977
|move|p2a: anger birb|U-turn|p1a: Zapdos
|-resisted|p1a: Zapdos
|-damage|p1a: Zapdos|29/100
|
|t:|1769384980
|switch|p2a: fridge|Kyurem, shiny|100/100|[from] U-turn
|-damage|p2a: fridge|76/100|[from] Stealth Rock
|-ability|p2a: fridge|Pressure
|move|p1a: Zapdos|Volt Switch|p2a: fridge
|-resisted|p2a: fridge
|-damage|p2a: fridge|56/100
|
|t:|1769384990
|switch|p1a: Hatterene|Hatterene, F, shiny, tera:Fairy|100/100|[from] Volt Switch
|
|upkeep
|turn|16
|
|t:|1769385001
|move|p2a: fridge|Ice Beam|p1a: Hatterene
|-damage|p1a: Hatterene|49/100
|move|p1a: Hatterene|Draining Kiss|p2a: fridge
|-supereffective|p2a: fridge
|-damage|p2a: fridge|0 fnt
|-heal|p1a: Hatterene|100/100|[from] drain|[of] p2a: fridge
|faint|p2a: fridge
|
|upkeep
|
|t:|1769385008
|switch|p2a: fancy dancer|Meowscarada, F, shiny|100/100
|-damage|p2a: fancy dancer|88/100|[from] Stealth Rock
|turn|17
|
|t:|1769385012
|move|p2a: fancy dancer|Flower Trick|p1a: Hatterene
|-start|p2a: fancy dancer|typechange|Grass|[from] ability: Protean
|-crit|p1a: Hatterene
|-damage|p1a: Hatterene|19/100
|move|p1a: Hatterene|Draining Kiss|p2a: fancy dancer
|-damage|p2a: fancy dancer|8/100
|-heal|p1a: Hatterene|75/100|[from] drain|[of] p2a: fancy dancer
|
|upkeep
|turn|18
|
|t:|1769385032
|move|p2a: fancy dancer|Flower Trick|p1a: Hatterene
|-crit|p1a: Hatterene
|-damage|p1a: Hatterene|0 fnt
|faint|p1a: Hatterene
|
|upkeep
|
|t:|1769385037
|switch|p1a: Heatran|Heatran, M, shiny|11/100
|turn|19
|
|t:|1769385041
|move|p2a: fancy dancer|Flower Trick|p1a: Heatran
|-resisted|p1a: Heatran
|-crit|p1a: Heatran
|-damage|p1a: Heatran|0 fnt
|faint|p1a: Heatran
|
|upkeep
|
|t:|1769385045
|switch|p1a: Zapdos|Zapdos|29/100
|turn|20
|
|t:|1769385048
|move|p2a: fancy dancer|Flower Trick|p1a: Zapdos
|-resisted|p1a: Zapdos
|-crit|p1a: Zapdos
|-damage|p1a: Zapdos|0 fnt
|faint|p1a: Zapdos
|
|win|biggruse04
|raw|qdiin_'s rating: 1135 &rarr; <strong>1111</strong><br />(-24 for losing)
|raw|biggruse04's rating: 1147 &rarr; <strong>1171</strong><br />(+24 for winning)
|l|☆qdiin_
|player|p1|
