|j|☆Mayoriguana
|j|‽zerogerpon
|t:|1769325695
|gametype|singles
|player|p1|Mayoriguana|aaron|1114
|player|p2|zerogerpon|169|1123
|gen|9
|tier|[Gen 9] OU
|rated|
|rule|HP Percentage Mod: HP is shown in percentages
|rule|Endless Battle Clause: Forcing endless battles is banned
|rule|Species Clause: Limit one of each Pokémon
|rule|OHKO Clause: OHKO moves are banned
|rule|Evasion Items Clause: Evasion items are banned
|rule|Evasion Moves Clause: Evasion moves are banned
|rule|Evasion Abilities Clause: Evasion abilities are banned
|rule|Sleep Moves Clause: Sleep-inducing moves are banned
|clearpoke
|poke|p1|Samurott-Hisui, F|
|poke|p1|Great Tusk|
|poke|p1|Cinderace, F|
|poke|p1|Dragapult, M|
|poke|p1|Iron Valiant|
|poke|p1|Slowking-Galar, M|
|poke|p2|Veluza, F|
|poke|p2|Staraptor, M|
|poke|p2|Golem-Alola, F|
|poke|p2|Weezing-Galar, F|
|poke|p2|Enamorus, F|
|poke|p2|Kingambit, F|
|teampreview
|inactive|Battle timer is ON: inactive players will automatically lose when time's up. (requested by Mayoriguana)
|
|t:|1769325705
|teamsize|p1|6
|teamsize|p2|6
|start
|switch|p1a: Samurott|Samurott-Hisui, F|100/100
|switch|p2a: Staraptor|Staraptor, M|100/100
|turn|1
|
|t:|1769325723
|switch|p1a: Slowking|Slowking-Galar, M|100/100
|move|p2a: Staraptor|Final Gambit|p1a: Slowking
|-damage|p1a: Slowking|22/100
|faint|p2a: Staraptor
|
|upkeep
|
|t:|1769325727
|switch|p2a: Veluza|Veluza, F|100/100
|turn|2
|
|t:|1769325734
|switch|p1a: Samurott|Samurott-Hisui, F|100/100
|move|p2a: Veluza|Night Slash|p1a: Samurott
|-resisted|p1a: Samurott
|-damage|p1a: Samurott|82/100
|
|upkeep
|turn|3
|
|t:|1769325740
|switch|p2a: Weezing|Weezing-Galar, F|100/100
|-fieldstart|move: Misty Terrain|[from] ability: Misty Surge|[of] p2a: Weezing
|move|p1a: Samurott|Ceaseless Edge|p2a: Weezing
|-resisted|p2a: Weezing
|-damage|p2a: Weezing|82/100
|-sidestart|p2: zerogerpon|Spikes
|
|upkeep
|turn|4
|
|t:|1769325757
|switch|p2a: Golem|Golem-Alola, F|100/100
|-damage|p2a: Golem|88/100|[from] Spikes
|move|p1a: Samurott|Flip Turn|p2a: Golem
|-supereffective|p2a: Golem
|-damage|p2a: Golem|34/100
|
|t:|1769325770
|switch|p1a: Dragapult|Dragapult, M|100/100|[from] Flip Turn
|
|upkeep
|turn|5
|
|t:|1769325775
|move|p1a: Dragapult|Shadow Ball|p2a: Golem
|-damage|p2a: Golem|0 fnt
|faint|p2a: Golem
|
|upkeep
|
|t:|1769325780
|switch|p2a: Enamorus|Enamorus, F|100/100
|turn|6
|
|t:|1769325787
|switch|p1a: Slowking|Slowking-Galar, M|55/100
|-terastallize|p2a: Enamorus|Stellar
|move|p2a: Enamorus|Tera Blast|p1a: Slowking|[anim] Tera Blast Stellar
|-damage|p1a: Slowking|19/100
|-boost|p2a: Enamorus|atk|1
|-boost|p2a: Enamorus|spa|1
|
|upkeep
|turn|7
|
|t:|1769325801
|switch|p1a: Great Tusk|Great Tusk|100/100
|move|p2a: Enamorus|Tera Blast|p1a: Great Tusk|[anim] Tera Blast Stellar
|-damage|p1a: Great Tusk|12/100
|-boost|p2a: Enamorus|atk|1
|-boost|p2a: Enamorus|spa|1
|
|-fieldend|Misty Terrain
|upkeep
|turn|8
|
|t:|1769325815
|move|p2a: Enamorus|Tera Blast|p1a: Great Tusk|[anim] Tera Blast Stellar
|-damage|p1a: Great Tusk|0 fnt
|-boost|p2a: Enamorus|atk|1
|-boost|p2a: Enamorus|spa|1
|faint|p1a: Great Tusk
|-end|p1a: Great Tusk|Protosynthesis|[silent]
|
|upkeep
|
|t:|1769325822
|switch|p1a: Dragapult|Dragapult, M|100/100
|turn|9
|
|t:|1769325832
|-terastallize|p1a: Dragapult|Ghost
|move|p2a: Enamorus|Tera Blast|p1a: Dragapult|[anim] Tera Blast Stellar
|-supereffective|p1a: Dragapult
|-damage|p1a: Dragapult|0 fnt
|-boost|p2a: Enamorus|atk|1
|-boost|p2a: Enamorus|spa|1
|faint|p1a: Dragapult
|
|upkeep
|-message|Mayoriguana forfeited.
|
|win|zerogerpon
|raw|Mayoriguana's rating: 1114 &rarr; <strong>1090</strong><br />(-24 for losing)
|raw|zerogerpon's rating: 1123 &rarr; <strong>1147</strong><br />(+24 for winning)
|l|☆Mayoriguana
|player|p1|
|l|‽zerogerpon
|player|p2|
