|j|☆planecrazy4u
|j|☆labeys
|t:|1769294401
|gametype|singles
|player|p1|planecrazy4u|169|1632
|player|p2|labeys|sordward|1626
|gen|9
|tier|[Gen 9] OU
|rated|
|rule|HP Percentage Mod: HP is shown in percentages
|rule|Endless Battle Clause: Forcing endless battles is banned
|rule|Species Clause: Limit one of each Pokémon
|rule|OHKO Clause: OHKO moves are banned
|rule|Evasion Items Clause: Evasion items are banned
|rule|Evasion Moves Clause: Evasion moves are banned
|rule|Evasion Abilities Clause: Evasion abilities are banned
|rule|Sleep Moves Clause: Sleep-inducing moves are banned
|clearpoke
|poke|p1|Dragonite, F|
|poke|p1|Samurott-Hisui, M|
|poke|p1|Clefable, F|
|poke|p1|Gliscor, F|
|poke|p1|Gholdengo|
|poke|p1|Zamazenta-*|
|poke|p2|Samurott-Hisui, F|
|poke|p2|Iron Treads|
|poke|p2|Iron Valiant|
|poke|p2|Zapdos|
|poke|p2|Iron Moth|
|poke|p2|Skeledirge, F|
|teampreview
|inactive|Battle timer is ON: inactive players will automatically lose when time's up. (requested by labeys)
|
|t:|1769294417
|teamsize|p1|6
|teamsize|p2|6
|start
|switch|p1a: Clefable|Clefable, F|100/100
|switch|p2a: Samurott|Samurott-Hisui, F|100/100
|turn|1
|
|t:|1769294424
|switch|p2a: Iron Treads|Iron Treads|100/100
|move|p1a: Clefable|Stealth Rock|p2a: Iron Treads
|-sidestart|p2: labeys|move: Stealth Rock
|
|upkeep
|turn|2
|
|t:|1769294435
|switch|p1a: Samurott|Samurott-Hisui, M|100/100
|move|p2a: Iron Treads|Knock Off|p1a: Samurott
|-resisted|p1a: Samurott
|-damage|p1a: Samurott|88/100
|-enditem|p1a: Samurott|Assault Vest|[from] move: Knock Off|[of] p2a: Iron Treads
|
|upkeep
|turn|3
|
|t:|1769294446
|-end|p2a: Iron Treads|Quark Drive|[silent]
|switch|p2a: Zapdos|Zapdos|100/100
|-damage|p2a: Zapdos|75/100|[from] Stealth Rock
|move|p1a: Samurott|Razor Shell|p2a: Zapdos
|-damage|p2a: Zapdos|39/100
|
|upkeep
|turn|4
|
|t:|1769294454
|switch|p1a: Gliscor|Gliscor, F|100/100
|move|p2a: Zapdos|Roost|p2a: Zapdos
|-heal|p2a: Zapdos|89/100
|-singleturn|p2a: Zapdos|move: Roost
|
|-status|p1a: Gliscor|tox|[from] item: Toxic Orb
|upkeep
|turn|5
|
|t:|1769294458
|move|p1a: Gliscor|Swords Dance|p1a: Gliscor
|-boost|p1a: Gliscor|atk|2
|move|p2a: Zapdos|Hurricane|p1a: Gliscor|[miss]
|-miss|p2a: Zapdos|p1a: Gliscor
|
|upkeep
|turn|6
|
|t:|1769294462
|move|p1a: Gliscor|Facade|p2a: Zapdos
|-damage|p2a: Zapdos|47/100
|move|p2a: Zapdos|Hurricane|p1a: Gliscor
|-damage|p1a: Gliscor|60/100 tox
|
|-heal|p1a: Gliscor|73/100 tox|[from] ability: Poison Heal
|upkeep
|turn|7
|
|t:|1769294467
|move|p1a: Gliscor|Swords Dance|p1a: Gliscor
|-boost|p1a: Gliscor|atk|2
|move|p2a: Zapdos|Roost|p2a: Zapdos
|-heal|p2a: Zapdos|97/100
|-singleturn|p2a: Zapdos|move: Roost
|
|-heal|p1a: Gliscor|85/100 tox|[from] ability: Poison Heal
|upkeep
|turn|8
|
|t:|1769294472
|move|p1a: Gliscor|Knock Off|p2a: Zapdos
|-damage|p2a: Zapdos|49/100
|-enditem|p2a: Zapdos|Terrain Extender|[from] move: Knock Off|[of] p1a: Gliscor
|move|p2a: Zapdos|Volt Switch|p1a: Gliscor
|-immune|p1a: Gliscor
|
|-heal|p1a: Gliscor|98/100 tox|[from] ability: Poison Heal
|upkeep
|turn|9
|
|t:|1769294483
|move|p1a: Gliscor|Facade|p2a: Zapdos
|-damage|p2a: Zapdos|0 fnt
|faint|p2a: Zapdos
|
|-heal|p1a: Gliscor|100/100 tox|[from] ability: Poison Heal
|upkeep
|
|t:|1769294488
|switch|p2a: Samurott|Samurott-Hisui, F|100/100
|-damage|p2a: Samurott|88/100|[from] Stealth Rock
|turn|10
|
|t:|1769294500
|switch|p1a: Clefable|Clefable, F|100/100
|move|p2a: Samurott|Razor Shell|p1a: Clefable
|-damage|p1a: Clefable|41/100
|-damage|p2a: Samurott|72/100|[from] item: Rocky Helmet|[of] p1a: Clefable
|
|upkeep
|turn|11
|
|t:|1769294509
|-terastallize|p1a: Clefable|Water
|move|p2a: Samurott|Razor Shell|p1a: Clefable
|-resisted|p1a: Clefable
|-damage|p1a: Clefable|13/100
|-unboost|p1a: Clefable|def|1
|-damage|p2a: Samurott|55/100|[from] item: Rocky Helmet|[of] p1a: Clefable
|move|p1a: Clefable|Moonlight|p1a: Clefable
|-heal|p1a: Clefable|63/100
|
|upkeep
|turn|12
|
|t:|1769294528
|switch|p2a: Iron Treads|Iron Treads|100/100
|switch|p1a: Zamazenta|Zamazenta|100/100
|-ability|p1a: Zamazenta|Dauntless Shield|boost
|-boost|p1a: Zamazenta|def|1
|
|upkeep
|turn|13
|
|t:|1769294536
|-end|p2a: Iron Treads|Quark Drive|[silent]
|switch|p2a: Skeledirge|Skeledirge, F|100/100
|-damage|p2a: Skeledirge|75/100|[from] Stealth Rock
|move|p1a: Zamazenta|Close Combat|p2a: Skeledirge
|-immune|p2a: Skeledirge
|
|-heal|p2a: Skeledirge|82/100|[from] item: Leftovers
|upkeep
|turn|14
|
|t:|1769294558
|switch|p1a: Samurott|Samurott-Hisui, M|88/100
|switch|p2a: Samurott|Samurott-Hisui, F|55/100
|-damage|p2a: Samurott|43/100|[from] Stealth Rock
|
|upkeep
|turn|15
|
|t:|1769294561
|move|p2a: Samurott|Ceaseless Edge|p1a: Samurott
|-resisted|p1a: Samurott
|-damage|p1a: Samurott|52/100
|-sidestart|p1: planecrazy4u|Spikes
|move|p1a: Samurott|Ceaseless Edge|p2a: Samurott
|-resisted|p2a: Samurott
|-damage|p2a: Samurott|17/100
|-sidestart|p2: labeys|Spikes
|
|upkeep
|turn|16
|
|t:|1769294571
|move|p2a: Samurott|Ceaseless Edge|p1a: Samurott
|-resisted|p1a: Samurott
|-damage|p1a: Samurott|15/100
|-sidestart|p1: planecrazy4u|Spikes
|move|p1a: Samurott|Ceaseless Edge|p2a: Samurott
|-resisted|p2a: Samurott
|-damage|p2a: Samurott|0 fnt
|-sidestart|p2: labeys|Spikes
|faint|p2a: Samurott
|
|upkeep
|
|t:|1769294581
|switch|p2a: Iron Treads|Iron Treads|100/100
|turn|17
|
|t:|1769294587
|move|p2a: Iron Treads|Knock Off|p1a: Samurott
|-resisted|p1a: Samurott
|-damage|p1a: Samurott|6/100
|move|p1a: Samurott|Razor Shell|p2a: Iron Treads
|-supereffective|p2a: Iron Treads
|-damage|p2a: Iron Treads|16/100
|
|upkeep
|turn|18
|
|t:|1769294592
|move|p1a: Samurott|Sucker Punch|p2a: Iron Treads
|-damage|p2a: Iron Treads|0 fnt
|faint|p2a: Iron Treads
|-end|p2a: Iron Treads|Quark Drive|[silent]
|
|upkeep
|-message|labeys forfeited.
|
|win|planecrazy4u
|raw|planecrazy4u's rating: 1632 &rarr; <strong>1650</strong><br />(+18 for winning)
|raw|labeys's rating: 1601 &rarr; <strong>1583</strong><br />(-18 for losing)
|l|☆labeys
|player|p2|
|l|☆planecrazy4u
|player|p1|
