|j|☆aver_stall_enjoyer
|j|☆henryagainfrfr
|t:|1769353857
|gametype|singles
|player|p1|aver_stall_enjoyer|dawn|1628
|player|p2|henryagainfrfr|wallace|1685
|gen|9
|tier|[Gen 9] OU
|rated|
|rule|HP Percentage Mod: HP is shown in percentages
|rule|Endless Battle Clause: Forcing endless battles is banned
|rule|Species Clause: Limit one of each Pokémon
|rule|OHKO Clause: OHKO moves are banned
|rule|Evasion Items Clause: Evasion items are banned
|rule|Evasion Moves Clause: Evasion moves are banned
|rule|Evasion Abilities Clause: Evasion abilities are banned
|rule|Sleep Moves Clause: Sleep-inducing moves are banned
|clearpoke
|poke|p1|Dondozo, M|
|poke|p1|Blissey, F|
|poke|p1|Corviknight, F|
|poke|p1|Gliscor, M|
|poke|p1|Kingambit, F|
|poke|p1|Garganacl, M|
|poke|p2|Glimmora, F|
|poke|p2|Landorus-Therian, M|
|poke|p2|Kyurem|
|poke|p2|Kingambit, F|
|poke|p2|Iron Valiant|
|poke|p2|Cinderace, M|
|teampreview
|inactive|Battle timer is ON: inactive players will automatically lose when time's up. (requested by aver_stall_enjoyer)
|
|t:|1769353890
|teamsize|p1|6
|teamsize|p2|6
|start
|switch|p1a: Gliscor|Gliscor, M|100/100
|switch|p2a: Kyurem|Kyurem|100/100
|-ability|p2a: Kyurem|Pressure
|turn|1
|
|t:|1769353895
|move|p1a: Gliscor|Protect|p1a: Gliscor
|-singleturn|p1a: Gliscor|Protect
|move|p2a: Kyurem|Freeze-Dry|p1a: Gliscor
|-activate|p1a: Gliscor|move: Protect
|
|-status|p1a: Gliscor|tox|[from] item: Toxic Orb
|upkeep
|turn|2
|
|t:|1769353899
|switch|p1a: Joseph Stallin|Blissey, F|100/100
|move|p2a: Kyurem|Freeze-Dry|p1a: Joseph Stallin
|-damage|p1a: Joseph Stallin|88/100
|
|upkeep
|turn|3
|
|t:|1769353901
|move|p2a: Kyurem|Focus Blast|p1a: Joseph Stallin
|-supereffective|p1a: Joseph Stallin
|-damage|p1a: Joseph Stallin|59/100
|move|p1a: Joseph Stallin|Thunder Wave|p2a: Kyurem
|-status|p2a: Kyurem|par
|
|upkeep
|turn|4
|
|t:|1769353905
|switch|p2a: Landorus|Landorus-Therian, M|100/100
|-ability|p2a: Landorus|Intimidate|boost
|-unboost|p1a: Joseph Stallin|atk|1
|move|p1a: Joseph Stallin|Soft-Boiled|p1a: Joseph Stallin
|-heal|p1a: Joseph Stallin|100/100
|
|upkeep
|turn|5
|
|t:|1769353908
|switch|p1a: Gliscor|Gliscor, M|100/100 tox
|move|p2a: Landorus|Stealth Rock|p1a: Gliscor
|-sidestart|p1: aver_stall_enjoyer|move: Stealth Rock
|
|upkeep
|turn|6
|
|t:|1769353910
|move|p2a: Landorus|U-turn|p1a: Gliscor
|-resisted|p1a: Gliscor
|-damage|p1a: Gliscor|93/100 tox
|
|t:|1769353912
|switch|p2a: Kyurem|Kyurem|100/100 par|[from] U-turn
|-ability|p2a: Kyurem|Pressure
|move|p1a: Gliscor|Knock Off|p2a: Kyurem
|-damage|p2a: Kyurem|83/100 par
|-enditem|p2a: Kyurem|Assault Vest|[from] move: Knock Off|[of] p1a: Gliscor
|
|-heal|p1a: Gliscor|100/100 tox|[from] ability: Poison Heal
|upkeep
|turn|7
|
|t:|1769353915
|move|p1a: Gliscor|Protect|p1a: Gliscor
|-singleturn|p1a: Gliscor|Protect
|move|p2a: Kyurem|Ice Beam|p1a: Gliscor
|-activate|p1a: Gliscor|move: Protect
|
|upkeep
|turn|8
|
|t:|1769353920
|switch|p1a: Joseph Stallin|Blissey, F|100/100
|cant|p2a: Kyurem|par
|
|upkeep
|turn|9
|
|t:|1769353925
|move|p1a: Joseph Stallin|Seismic Toss|p2a: Kyurem
|-damage|p2a: Kyurem|59/100 par
|move|p2a: Kyurem|Focus Blast|p1a: Joseph Stallin|[miss]
|-miss|p2a: Kyurem|p1a: Joseph Stallin
|
|upkeep
|turn|10
|
|t:|1769353930
|move|p1a: Joseph Stallin|Seismic Toss|p2a: Kyurem
|-damage|p2a: Kyurem|35/100 par
|move|p2a: Kyurem|Focus Blast|p1a: Joseph Stallin|[miss]
|-miss|p2a: Kyurem|p1a: Joseph Stallin
|
|upkeep
|turn|11
|
|t:|1769353933
|move|p1a: Joseph Stallin|Seismic Toss|p2a: Kyurem
|-damage|p2a: Kyurem|11/100 par
|move|p2a: Kyurem|Focus Blast|p1a: Joseph Stallin
|-supereffective|p1a: Joseph Stallin
|-crit|p1a: Joseph Stallin
|-damage|p1a: Joseph Stallin|57/100
|
|upkeep
|turn|12
|
|t:|1769353938
|switch|p2a: Landorus|Landorus-Therian, M|100/100
|-ability|p2a: Landorus|Intimidate|boost
|-unboost|p1a: Joseph Stallin|atk|1
|move|p1a: Joseph Stallin|Soft-Boiled|p1a: Joseph Stallin
|-heal|p1a: Joseph Stallin|100/100
|
|upkeep
|turn|13
|
|t:|1769353944
|switch|p1a: Gliscor|Gliscor, M|100/100 tox
|-damage|p1a: Gliscor|88/100 tox|[from] Stealth Rock
|move|p2a: Landorus|U-turn|p1a: Gliscor
|-resisted|p1a: Gliscor
|-damage|p1a: Gliscor|80/100 tox
|
|t:|1769353949
|switch|p2a: Iron Valiant|Iron Valiant|100/100|[from] U-turn
|-enditem|p2a: Iron Valiant|Booster Energy
|-activate|p2a: Iron Valiant|ability: Quark Drive|[fromitem]
|-start|p2a: Iron Valiant|quarkdrivespe
|
|-heal|p1a: Gliscor|92/100 tox|[from] ability: Poison Heal
|upkeep
|turn|14
|
|t:|1769353955
|switch|p1a: Garganacl|Garganacl, M|100/100
|-damage|p1a: Garganacl|88/100|[from] Stealth Rock
|move|p2a: Iron Valiant|Taunt|p1a: Garganacl
|-start|p1a: Garganacl|move: Taunt
|
|-heal|p1a: Garganacl|94/100|[from] item: Leftovers
|upkeep
|turn|15
|
|t:|1769353957
|move|p2a: Iron Valiant|Close Combat|p1a: Garganacl
|-supereffective|p1a: Garganacl
|-damage|p1a: Garganacl|29/100
|-unboost|p2a: Iron Valiant|def|1
|-unboost|p2a: Iron Valiant|spd|1
|move|p1a: Garganacl|Salt Cure|p2a: Iron Valiant
|-resisted|p2a: Iron Valiant
|-damage|p2a: Iron Valiant|87/100
|-start|p2a: Iron Valiant|Salt Cure
|
|-heal|p1a: Garganacl|35/100|[from] item: Leftovers
|-damage|p2a: Iron Valiant|75/100|[from] Salt Cure
|upkeep
|turn|16
|
|t:|1769353961
|switch|p1a: Corviknight|Corviknight, F|100/100
|-damage|p1a: Corviknight|88/100|[from] Stealth Rock
|-ability|p1a: Corviknight|Pressure
|move|p2a: Iron Valiant|Moonblast|p1a: Corviknight
|-resisted|p1a: Corviknight
|-damage|p1a: Corviknight|64/100
|
|-damage|p2a: Iron Valiant|62/100|[from] Salt Cure
|upkeep
|turn|17
|
|t:|1769353968
|-end|p2a: Iron Valiant|Quark Drive|[silent]
|switch|p2a: Landorus|Landorus-Therian, M|100/100
|-ability|p2a: Landorus|Intimidate|boost
|-unboost|p1a: Corviknight|atk|1
|move|p1a: Corviknight|Roost|p1a: Corviknight
|-heal|p1a: Corviknight|100/100
|-singleturn|p1a: Corviknight|move: Roost
|
|upkeep
|turn|18
|
|t:|1769353970
|move|p2a: Landorus|Taunt|p1a: Corviknight
|-start|p1a: Corviknight|move: Taunt
|cant|p1a: Corviknight|move: Taunt|Defog
|
|upkeep
|turn|19
|
|t:|1769353974
|switch|p1a: Gliscor|Gliscor, M|92/100 tox
|-damage|p1a: Gliscor|80/100 tox|[from] Stealth Rock
|move|p2a: Landorus|Earth Power|p1a: Gliscor
|-immune|p1a: Gliscor
|
|-heal|p1a: Gliscor|92/100 tox|[from] ability: Poison Heal
|upkeep
|turn|20
|
|t:|1769353979
|move|p2a: Landorus|U-turn|p1a: Gliscor
|-resisted|p1a: Gliscor
|-damage|p1a: Gliscor|84/100 tox
|
|t:|1769353980
|switch|p2a: Kyurem|Kyurem|11/100 par|[from] U-turn
|-ability|p2a: Kyurem|Pressure
|move|p1a: Gliscor|Knock Off|p2a: Kyurem
|-damage|p2a: Kyurem|0 fnt
|faint|p2a: Kyurem
|
|-heal|p1a: Gliscor|96/100 tox|[from] ability: Poison Heal
|upkeep
|
|t:|1769353982
|switch|p2a: Iron Valiant|Iron Valiant|62/100
|turn|21
|
|t:|1769353984
|move|p1a: Gliscor|Protect|p1a: Gliscor
|-singleturn|p1a: Gliscor|Protect
|move|p2a: Iron Valiant|Taunt|p1a: Gliscor
|-activate|p1a: Gliscor|move: Protect
|
|-heal|p1a: Gliscor|100/100 tox|[from] ability: Poison Heal
|upkeep
|turn|22
|
|t:|1769353991
|move|p2a: Iron Valiant|Moonblast|p1a: Gliscor
|-damage|p1a: Gliscor|58/100 tox
|move|p1a: Gliscor|Earthquake|p2a: Iron Valiant
|-damage|p2a: Iron Valiant|17/100
|
|-heal|p1a: Gliscor|71/100 tox|[from] ability: Poison Heal
|upkeep
|turn|23
|
|t:|1769353998
|move|p2a: Iron Valiant|Moonblast|p1a: Gliscor
|-damage|p1a: Gliscor|31/100 tox
|-unboost|p1a: Gliscor|spa|1
|move|p1a: Gliscor|Earthquake|p2a: Iron Valiant
|-damage|p2a: Iron Valiant|0 fnt
|faint|p2a: Iron Valiant
|-end|p2a: Iron Valiant|Quark Drive|[silent]
|
|-heal|p1a: Gliscor|44/100 tox|[from] ability: Poison Heal
|upkeep
|
|t:|1769354004
|switch|p2a: Cinderace|Cinderace, M, shiny|100/100
|turn|24
|
|t:|1769354006
|move|p1a: Gliscor|Protect|p1a: Gliscor
|-singleturn|p1a: Gliscor|Protect
|move|p2a: Cinderace|Pyro Ball|p1a: Gliscor
|-activate|p1a: Gliscor|move: Protect
|
|-heal|p1a: Gliscor|56/100 tox|[from] ability: Poison Heal
|upkeep
|turn|25
|
|t:|1769354016
|move|p2a: Cinderace|Pyro Ball|p1a: Gliscor
|-damage|p1a: Gliscor|8/100 tox
|move|p1a: Gliscor|Earthquake|p2a: Cinderace
|-supereffective|p2a: Cinderace
|-damage|p2a: Cinderace|2/100
|
|-heal|p1a: Gliscor|20/100 tox|[from] ability: Poison Heal
|upkeep
|turn|26
|
|t:|1769354019
|move|p1a: Gliscor|Protect|p1a: Gliscor
|-singleturn|p1a: Gliscor|Protect
|move|p2a: Cinderace|Pyro Ball|p1a: Gliscor
|-activate|p1a: Gliscor|move: Protect
|
|-heal|p1a: Gliscor|33/100 tox|[from] ability: Poison Heal
|upkeep
|turn|27
|
|t:|1769354023
|switch|p1a: Dondozo|Dondozo, M|100/100
|move|p2a: Cinderace|U-turn|p1a: Dondozo
|-start|p2a: Cinderace|typechange|Bug|[from] ability: Libero
|-damage|p1a: Dondozo|86/100
|
|t:|1769354029
|switch|p2a: Glimmora|Glimmora, F|100/100|[from] U-turn
|
|upkeep
|turn|28
|
|t:|1769354035
|switch|p1a: Corviknight|Corviknight, F|100/100
|-damage|p1a: Corviknight|88/100|[from] Stealth Rock
|-ability|p1a: Corviknight|Pressure
|move|p2a: Glimmora|Sludge Wave|p1a: Corviknight
|-immune|p1a: Corviknight
|
|upkeep
|turn|29
|
|t:|1769354038
|switch|p2a: Landorus|Landorus-Therian, M|100/100
|-ability|p2a: Landorus|Intimidate|boost
|-unboost|p1a: Corviknight|atk|1
|move|p1a: Corviknight|Defog|p2a: Landorus
|-unboost|p2a: Landorus|evasion|1
|-sideend|p1: aver_stall_enjoyer|Stealth Rock|[from] move: Defog|[of] p1a: Corviknight
|
|upkeep
|turn|30
|
|t:|1769354042
|move|p2a: Landorus|Stealth Rock|p1a: Corviknight
|-sidestart|p1: aver_stall_enjoyer|move: Stealth Rock
|move|p1a: Corviknight|Body Press|p2a: Landorus
|-resisted|p2a: Landorus
|-damage|p2a: Landorus|87/100
|-damage|p1a: Corviknight|71/100|[from] item: Rocky Helmet|[of] p2a: Landorus
|
|upkeep
|turn|31
|
|t:|1769354046
|switch|p1a: Gliscor|Gliscor, M|33/100 tox
|-damage|p1a: Gliscor|20/100 tox|[from] Stealth Rock
|move|p2a: Landorus|Taunt|p1a: Gliscor
|-start|p1a: Gliscor|move: Taunt
|
|-heal|p1a: Gliscor|33/100 tox|[from] ability: Poison Heal
|upkeep
|turn|32
|
|t:|1769354049
|move|p2a: Landorus|U-turn|p1a: Gliscor
|-resisted|p1a: Gliscor
|-damage|p1a: Gliscor|24/100 tox
|
|t:|1769354053
|switch|p2a: Cinderace|Cinderace, M, shiny|2/100|[from] U-turn
|move|p1a: Gliscor|Knock Off|p2a: Cinderace
|-damage|p2a: Cinderace|0 fnt
|-enditem|p2a: Cinderace|Heavy-Duty Boots|[from] move: Knock Off|[of] p1a: Gliscor
|faint|p2a: Cinderace
|
|-heal|p1a: Gliscor|37/100 tox|[from] ability: Poison Heal
|upkeep
|
|t:|1769354056
|switch|p2a: Glimmora|Glimmora, F|100/100
|turn|33
|
|t:|1769354059
|move|p2a: Glimmora|Dazzling Gleam|p1a: Gliscor
|-damage|p1a: Gliscor|12/100 tox
|move|p1a: Gliscor|Earthquake|p2a: Glimmora
|-supereffective|p2a: Glimmora
|-damage|p2a: Glimmora|0 fnt
|-activate|p2a: Glimmora|ability: Toxic Debris
|-sidestart|p1: aver_stall_enjoyer|move: Toxic Spikes
|faint|p2a: Glimmora
|
|-heal|p1a: Gliscor|25/100 tox|[from] ability: Poison Heal
|-end|p1a: Gliscor|move: Taunt
|upkeep
|
|t:|1769354066
|switch|p2a: Landorus|Landorus-Therian, M|87/100
|-ability|p2a: Landorus|Intimidate|boost
|-unboost|p1a: Gliscor|atk|1
|turn|34
|
|t:|1769354068
|move|p1a: Gliscor|Protect|p1a: Gliscor
|-singleturn|p1a: Gliscor|Protect
|move|p2a: Landorus|Taunt|p1a: Gliscor
|-activate|p1a: Gliscor|move: Protect
|
|-heal|p1a: Gliscor|37/100 tox|[from] ability: Poison Heal
|upkeep
|turn|35
|
|t:|1769354073
|switch|p1a: Corviknight|Corviknight, F|71/100
|-damage|p1a: Corviknight|59/100|[from] Stealth Rock
|-ability|p1a: Corviknight|Pressure
|move|p2a: Landorus|Taunt|p1a: Corviknight
|-start|p1a: Corviknight|move: Taunt
|
|upkeep
|turn|36
|
|t:|1769354085
|switch|p1a: Gliscor|Gliscor, M|37/100 tox
|-damage|p1a: Gliscor|25/100 tox|[from] Stealth Rock
|move|p2a: Landorus|Earth Power|p1a: Gliscor
|-immune|p1a: Gliscor
|
|-heal|p1a: Gliscor|37/100 tox|[from] ability: Poison Heal
|upkeep
|turn|37
|
|t:|1769354089
|move|p1a: Gliscor|Protect|p1a: Gliscor
|-singleturn|p1a: Gliscor|Protect
|move|p2a: Landorus|Taunt|p1a: Gliscor
|-activate|p1a: Gliscor|move: Protect
|
|-heal|p1a: Gliscor|50/100 tox|[from] ability: Poison Heal
|upkeep
|turn|38
|
|t:|1769354097
|move|p2a: Landorus|Taunt|p1a: Gliscor
|-start|p1a: Gliscor|move: Taunt
|move|p1a: Gliscor|Knock Off|p2a: Landorus
|-damage|p2a: Landorus|65/100
|-damage|p1a: Gliscor|33/100 tox|[from] item: Rocky Helmet|[of] p2a: Landorus
|-enditem|p2a: Landorus|Rocky Helmet|[from] move: Knock Off|[of] p1a: Gliscor
|
|-heal|p1a: Gliscor|46/100 tox|[from] ability: Poison Heal
|upkeep
|turn|39
|
|t:|1769354100
|move|p2a: Landorus|Earth Power|p1a: Gliscor
|-immune|p1a: Gliscor
|move|p1a: Gliscor|Knock Off|p2a: Landorus
|-damage|p2a: Landorus|51/100
|
|-heal|p1a: Gliscor|58/100 tox|[from] ability: Poison Heal
|upkeep
|turn|40
|
|t:|1769354102
|move|p2a: Landorus|U-turn|p1a: Gliscor
|-resisted|p1a: Gliscor
|-damage|p1a: Gliscor|50/100 tox
|
|t:|1769354106
|switch|p2a: Kingambit|Kingambit, F|100/100|[from] U-turn
|-activate|p2a: Kingambit|ability: Supreme Overlord
|-start|p2a: Kingambit|fallen4|[silent]
|move|p1a: Gliscor|Knock Off|p2a: Kingambit
|-resisted|p2a: Kingambit
|-damage|p2a: Kingambit|91/100
|-enditem|p2a: Kingambit|Black Glasses|[from] move: Knock Off|[of] p1a: Gliscor
|
|-heal|p1a: Gliscor|62/100 tox|[from] ability: Poison Heal
|-end|p1a: Gliscor|move: Taunt
|upkeep
|turn|41
|j| omoqaqqwq
|l| omoqaqqwq
|
|t:|1769354110
|-end|p2a: Kingambit|fallen4|[silent]
|switch|p2a: Landorus|Landorus-Therian, M|51/100
|-ability|p2a: Landorus|Intimidate|boost
|-unboost|p1a: Gliscor|atk|1
|move|p1a: Gliscor|Earthquake|p2a: Landorus
|-immune|p2a: Landorus
|
|-heal|p1a: Gliscor|75/100 tox|[from] ability: Poison Heal
|upkeep
|turn|42
|
|t:|1769354113
|move|p2a: Landorus|Taunt|p1a: Gliscor
|-start|p1a: Gliscor|move: Taunt
|cant|p1a: Gliscor|move: Taunt|Spikes
|
|-heal|p1a: Gliscor|87/100 tox|[from] ability: Poison Heal
|upkeep
|turn|43
|
|t:|1769354116
|move|p2a: Landorus|Taunt||[still]
|-fail|p2a: Landorus
|move|p1a: Gliscor|Knock Off|p2a: Landorus
|-damage|p2a: Landorus|42/100
|
|-heal|p1a: Gliscor|99/100 tox|[from] ability: Poison Heal
|upkeep
|turn|44
|
|t:|1769354118
|move|p2a: Landorus|Taunt||[still]
|-fail|p2a: Landorus
|move|p1a: Gliscor|Earthquake|p2a: Landorus
|-immune|p2a: Landorus
|
|-heal|p1a: Gliscor|100/100 tox|[from] ability: Poison Heal
|-end|p1a: Gliscor|move: Taunt
|upkeep
|turn|45
|
|t:|1769354121
|move|p2a: Landorus|Taunt|p1a: Gliscor
|-start|p1a: Gliscor|move: Taunt
|move|p1a: Gliscor|Knock Off|p2a: Landorus
|-damage|p2a: Landorus|33/100
|
|upkeep
|turn|46
|j| QD KING
|
|t:|1769354123
|move|p2a: Landorus|Taunt||[still]
|-fail|p2a: Landorus
|move|p1a: Gliscor|Earthquake|p2a: Landorus
|-immune|p2a: Landorus
|
|upkeep
|turn|47
|
|t:|1769354125
|move|p2a: Landorus|Earth Power|p1a: Gliscor
|-immune|p1a: Gliscor
|move|p1a: Gliscor|Knock Off|p2a: Landorus
|-damage|p2a: Landorus|24/100
|
|-end|p1a: Gliscor|move: Taunt
|upkeep
|turn|48
|
|t:|1769354127
|move|p2a: Landorus|Taunt|p1a: Gliscor
|-start|p1a: Gliscor|move: Taunt
|cant|p1a: Gliscor|move: Taunt|Spikes
|
|upkeep
|turn|49
|
|t:|1769354129
|move|p2a: Landorus|Earth Power|p1a: Gliscor
|-immune|p1a: Gliscor
|move|p1a: Gliscor|Knock Off|p2a: Landorus
|-damage|p2a: Landorus|14/100
|
|upkeep
|turn|50
|
|t:|1769354131
|move|p2a: Landorus|Earth Power|p1a: Gliscor
|-immune|p1a: Gliscor
|move|p1a: Gliscor|Knock Off|p2a: Landorus
|-damage|p2a: Landorus|5/100
|
|-end|p1a: Gliscor|move: Taunt
|upkeep
|turn|51
|
|t:|1769354133
|move|p2a: Landorus|Taunt|p1a: Gliscor
|-start|p1a: Gliscor|move: Taunt
|move|p1a: Gliscor|Knock Off|p2a: Landorus
|-damage|p2a: Landorus|0 fnt
|faint|p2a: Landorus
|
|upkeep
|
|t:|1769354134
|switch|p2a: Kingambit|Kingambit, F|91/100
|-activate|p2a: Kingambit|ability: Supreme Overlord
|-start|p2a: Kingambit|fallen5|[silent]
|turn|52
|
|t:|1769354136
|-terastallize|p2a: Kingambit|Dark
|move|p1a: Gliscor|Earthquake|p2a: Kingambit
|-damage|p2a: Kingambit|73/100
|move|p2a: Kingambit|Swords Dance|p2a: Kingambit
|-boost|p2a: Kingambit|atk|2
|
|upkeep
|turn|53
|
|t:|1769354142
|move|p1a: Gliscor|Earthquake|p2a: Kingambit
|-damage|p2a: Kingambit|53/100
|move|p2a: Kingambit|Kowtow Cleave|p1a: Gliscor
|-damage|p1a: Gliscor|0 fnt
|faint|p1a: Gliscor
|
|upkeep
|
|t:|1769354144
|switch|p1a: Dondozo|Dondozo, M|86/100
|turn|54
|
|t:|1769354146
|move|p2a: Kingambit|Kowtow Cleave|p1a: Dondozo
|-damage|p1a: Dondozo|44/100
|move|p1a: Dondozo|Body Press|p2a: Kingambit
|-supereffective|p2a: Kingambit
|-damage|p2a: Kingambit|5/100
|
|upkeep
|turn|55
|
|t:|1769354151
|move|p2a: Kingambit|Kowtow Cleave|p1a: Dondozo
|-damage|p1a: Dondozo|0 fnt
|faint|p1a: Dondozo
|
|upkeep
|
|t:|1769354155
|switch|p1a: Corviknight|Corviknight, F|59/100
|-damage|p1a: Corviknight|46/100|[from] Stealth Rock
|-ability|p1a: Corviknight|Pressure
|turn|56
|
|t:|1769354163
|move|p2a: Kingambit|Kowtow Cleave|p1a: Corviknight
|-damage|p1a: Corviknight|0 fnt
|-damage|p2a: Kingambit|0 fnt|[from] item: Rocky Helmet|[of] p1a: Corviknight
|faint|p1a: Corviknight
|faint|p2a: Kingambit
|-end|p2a: Kingambit|fallen5|[silent]
|
|win|aver_stall_enjoyer
|raw|aver_stall_enjoyer's rating: 1628 &rarr; <strong>1651</strong><br />(+23 for winning)
|raw|henryagainfrfr's rating: 1685 &rarr; <strong>1662</strong><br />(-23 for losing)
|l|☆aver_stall_enjoyer
|player|p1|
|l| QD KING
