|j|☆lightcreater127
|j|☆Maxicozie
|t:|1769441177
|gametype|singles
|player|p1|lightcreater127|roxie|1565
|player|p2|Maxicozie|n|1585
|gen|9
|tier|[Gen 9] OU
|rated|
|rule|HP Percentage Mod: HP is shown in percentages
|rule|Endless Battle Clause: Forcing endless battles is banned
|rule|Species Clause: Limit one of each Pokémon
|rule|OHKO Clause: OHKO moves are banned
|rule|Evasion Items Clause: Evasion items are banned
|rule|Evasion Moves Clause: Evasion moves are banned
|rule|Evasion Abilities Clause: Evasion abilities are banned
|rule|Sleep Moves Clause: Sleep-inducing moves are banned
|clearpoke
|poke|p1|Dragonite, M|
|poke|p1|Kingambit, F|
|poke|p1|Iron Moth|
|poke|p1|Samurott-Hisui, F|
|poke|p1|Iron Valiant|
|poke|p1|Moltres-Galar|
|poke|p2|Toucannon, M|
|poke|p2|Dragonite, F|
|poke|p2|Zamazenta-*|
|poke|p2|Iron Treads|
|poke|p2|Zapdos|
|poke|p2|Primarina, M|
|teampreview
|inactive|Battle timer is ON: inactive players will automatically lose when time's up. (requested by Maxicozie)
|inactive|lightcreater127 also wants the timer to be on.
|inactive|lightcreater127 has 120 seconds left.
|
|t:|1769441212
|teamsize|p1|6
|teamsize|p2|6
|start
|switch|p1a: Tsushima|Samurott-Hisui, F|100/100
|switch|p2a: Toucannon|Toucannon, M|100/100
|turn|1
|
|t:|1769441220
|-singleturn|p2a: Toucannon|move: Beak Blast
|move|p1a: Tsushima|Ceaseless Edge|p2a: Toucannon
|-damage|p2a: Toucannon|44/100
|-status|p1a: Tsushima|brn
|-sidestart|p2: Maxicozie|Spikes
|move|p2a: Toucannon|Beak Blast|p1a: Tsushima
|-damage|p1a: Tsushima|29/100 brn
|
|-damage|p1a: Tsushima|22/100 brn|[from] brn
|upkeep
|turn|2
|
|t:|1769441239
|switch|p2a: Iron Treads|Iron Treads|100/100
|-item|p2a: Iron Treads|Air Balloon
|move|p1a: Tsushima|Ceaseless Edge|p2a: Iron Treads
|-damage|p2a: Iron Treads|81/100
|-enditem|p2a: Iron Treads|Air Balloon
|-sidestart|p2: Maxicozie|Spikes
|
|-damage|p1a: Tsushima|16/100 brn|[from] brn
|upkeep
|turn|3
|
|t:|1769441254
|-terastallize|p1a: Tsushima|Ghost
|move|p2a: Iron Treads|Rapid Spin|p1a: Tsushima
|-immune|p1a: Tsushima
|move|p1a: Tsushima|Razor Shell|p2a: Iron Treads
|-supereffective|p2a: Iron Treads
|-damage|p2a: Iron Treads|35/100
|-unboost|p2a: Iron Treads|def|1
|
|-damage|p1a: Tsushima|10/100 brn|[from] brn
|upkeep
|turn|4
|
|t:|1769441269
|-end|p2a: Iron Treads|Quark Drive|[silent]
|switch|p2a: Toucannon|Toucannon, M|44/100
|move|p1a: Tsushima|Sucker Punch||[still]
|-fail|p1a: Tsushima
|
|-damage|p1a: Tsushima|4/100 brn|[from] brn
|upkeep
|turn|5
|
|t:|1769441275
|move|p1a: Tsushima|Ceaseless Edge|p2a: Toucannon|[miss]
|-miss|p1a: Tsushima|p2a: Toucannon
|move|p2a: Toucannon|Knock Off|p1a: Tsushima
|-supereffective|p1a: Tsushima
|-damage|p1a: Tsushima|0 fnt
|-enditem|p1a: Tsushima|Focus Sash|[from] move: Knock Off|[of] p2a: Toucannon
|faint|p1a: Tsushima
|
|upkeep
|
|t:|1769441297
|switch|p1a: Imagine What?|Dragonite, M|100/100
|turn|6
|
|t:|1769441309
|move|p1a: Imagine What?|Dragon Dance|p1a: Imagine What?
|-boost|p1a: Imagine What?|atk|1
|-boost|p1a: Imagine What?|spe|1
|move|p2a: Toucannon|Rock Blast|p1a: Imagine What?
|-supereffective|p1a: Imagine What?
|-damage|p1a: Imagine What?|91/100
|-supereffective|p1a: Imagine What?
|-damage|p1a: Imagine What?|70/100
|-supereffective|p1a: Imagine What?
|-damage|p1a: Imagine What?|48/100
|-supereffective|p1a: Imagine What?
|-damage|p1a: Imagine What?|27/100
|-supereffective|p1a: Imagine What?
|-damage|p1a: Imagine What?|7/100
|-hitcount|p1a: Imagine What?|5
|
|upkeep
|turn|7
|
|t:|1769441320
|-singleturn|p2a: Toucannon|move: Beak Blast
|move|p1a: Imagine What?|Extreme Speed|p2a: Toucannon
|-damage|p2a: Toucannon|0 fnt
|-status|p1a: Imagine What?|brn
|faint|p2a: Toucannon
|
|-damage|p1a: Imagine What?|1/100 brn|[from] brn
|upkeep
|
|t:|1769441333
|switch|p2a: Dragonite|Dragonite, F|100/100
|turn|8
|
|t:|1769441343
|move|p1a: Imagine What?|Extreme Speed|p2a: Dragonite
|-damage|p2a: Dragonite|89/100
|move|p2a: Dragonite|Extreme Speed|p1a: Imagine What?
|-damage|p1a: Imagine What?|0 fnt
|faint|p1a: Imagine What?
|
|upkeep
|
|t:|1769441353
|switch|p1a: Metal-Cooler|Iron Valiant, shiny|100/100
|-enditem|p1a: Metal-Cooler|Booster Energy
|-activate|p1a: Metal-Cooler|ability: Quark Drive|[fromitem]
|-start|p1a: Metal-Cooler|quarkdrivespe
|turn|9
|
|t:|1769441364
|move|p1a: Metal-Cooler|Moonblast|p2a: Dragonite
|-supereffective|p2a: Dragonite
|-crit|p2a: Dragonite
|-damage|p2a: Dragonite|0 fnt
|faint|p2a: Dragonite
|
|upkeep
|
|t:|1769441369
|switch|p2a: Primarina|Primarina, M|100/100
|-damage|p2a: Primarina|84/100|[from] Spikes
|turn|10
|
|t:|1769441382
|move|p1a: Metal-Cooler|Destiny Bond|p1a: Metal-Cooler
|-singlemove|p1a: Metal-Cooler|Destiny Bond
|move|p2a: Primarina|Moonblast|p1a: Metal-Cooler
|-supereffective|p1a: Metal-Cooler
|-damage|p1a: Metal-Cooler|0 fnt
|faint|p1a: Metal-Cooler
|-activate|p1a: Metal-Cooler|move: Destiny Bond
|-end|p1a: Metal-Cooler|Quark Drive|[silent]
|faint|p2a: Primarina
|
|upkeep
|
|t:|1769441402
|switch|p1a: 𒉭|Moltres-Galar|100/100
|switch|p2a: Zapdos|Zapdos|100/100
|turn|11
|inactive|lightcreater127 has 120 seconds left.
|
|t:|1769441432
|move|p2a: Zapdos|Thunderbolt|p1a: 𒉭
|-supereffective|p1a: 𒉭
|-damage|p1a: 𒉭|0 fnt
|faint|p1a: 𒉭
|
|upkeep
|
|t:|1769441441
|switch|p1a: Magnum-Opus|Kingambit, F|100/100
|-activate|p1a: Magnum-Opus|ability: Supreme Overlord
|-start|p1a: Magnum-Opus|fallen4|[silent]
|-item|p1a: Magnum-Opus|Air Balloon
|turn|12
|inactive|lightcreater127 has 120 seconds left.
|
|t:|1769441451
|move|p2a: Zapdos|Thunderbolt|p1a: Magnum-Opus
|-damage|p1a: Magnum-Opus|31/100
|-enditem|p1a: Magnum-Opus|Air Balloon
|move|p1a: Magnum-Opus|Swords Dance|p1a: Magnum-Opus
|-boost|p1a: Magnum-Opus|atk|2
|
|upkeep
|turn|13
|
|t:|1769441460
|move|p1a: Magnum-Opus|Sucker Punch|p2a: Zapdos
|-damage|p2a: Zapdos|0 fnt
|faint|p2a: Zapdos
|
|upkeep
|
|t:|1769441463
|switch|p2a: Zamazenta|Zamazenta|100/100
|-damage|p2a: Zamazenta|84/100|[from] Spikes
|-ability|p2a: Zamazenta|Dauntless Shield|boost
|-boost|p2a: Zamazenta|def|1
|turn|14
|
|t:|1769441475
|move|p2a: Zamazenta|Close Combat|p1a: Magnum-Opus
|-supereffective|p1a: Magnum-Opus
|-damage|p1a: Magnum-Opus|0 fnt
|-unboost|p2a: Zamazenta|def|1
|-unboost|p2a: Zamazenta|spd|1
|faint|p1a: Magnum-Opus
|-end|p1a: Magnum-Opus|fallen4|[silent]
|
|upkeep
|
|t:|1769441478
|switch|p1a: Qu|Iron Moth|100/100
|-enditem|p1a: Qu|Booster Energy
|-activate|p1a: Qu|ability: Quark Drive|[fromitem]
|-start|p1a: Qu|quarkdrivespe
|turn|15
|
|t:|1769441482
|switch|p2a: Iron Treads|Iron Treads|35/100
|-damage|p2a: Iron Treads|18/100|[from] Spikes
|move|p1a: Qu|Psychic|p2a: Iron Treads
|-resisted|p2a: Iron Treads
|-damage|p2a: Iron Treads|0 fnt
|faint|p2a: Iron Treads
|-end|p2a: Iron Treads|Quark Drive|[silent]
|
|upkeep
|
|t:|1769441484
|switch|p2a: Zamazenta|Zamazenta|84/100
|-damage|p2a: Zamazenta|67/100|[from] Spikes
|turn|16
|
|t:|1769441493
|move|p1a: Qu|Psychic|p2a: Zamazenta
|-supereffective|p2a: Zamazenta
|-damage|p2a: Zamazenta|7/100
|-unboost|p2a: Zamazenta|spd|1
|move|p2a: Zamazenta|Psychic Fangs|p1a: Qu
|-supereffective|p1a: Qu
|-damage|p1a: Qu|0 fnt
|faint|p1a: Qu
|-end|p1a: Qu|Quark Drive|[silent]
|
|win|Maxicozie
|raw|lightcreater127's rating: 1565 &rarr; <strong>1546</strong><br />(-19 for losing)
|raw|Maxicozie's rating: 1585 &rarr; <strong>1604</strong><br />(+19 for winning)
|l|☆lightcreater127
|player|p1|
|l|☆Maxicozie
|player|p2|
