|j|☆Loverer
|j|☆Seaglassed
|t:|1769405925
|gametype|singles
|player|p1|Loverer|koga-lgpe|1413
|player|p2|Seaglassed|fisherman-gen4|1446
|gen|9
|tier|[Gen 9] OU
|rated|
|rule|HP Percentage Mod: HP is shown in percentages
|rule|Endless Battle Clause: Forcing endless battles is banned
|rule|Species Clause: Limit one of each Pokémon
|rule|OHKO Clause: OHKO moves are banned
|rule|Evasion Items Clause: Evasion items are banned
|rule|Evasion Moves Clause: Evasion moves are banned
|rule|Evasion Abilities Clause: Evasion abilities are banned
|rule|Sleep Moves Clause: Sleep-inducing moves are banned
|clearpoke
|poke|p1|Iron Boulder|
|poke|p1|Garganacl, M|
|poke|p1|Zamazenta-*|
|poke|p1|Dragapult, F|
|poke|p1|Cinderace, F|
|poke|p1|Iron Crown|
|poke|p2|Meowscarada, F|
|poke|p2|Dragonite, M|
|poke|p2|Clefable, F|
|poke|p2|Zamazenta-*|
|poke|p2|Gholdengo|
|poke|p2|Ting-Lu|
|teampreview
|inactive|Battle timer is ON: inactive players will automatically lose when time's up. (requested by Loverer)
|
|t:|1769405938
|teamsize|p1|6
|teamsize|p2|6
|start
|switch|p1a: Iron Crown|Iron Crown|100/100
|switch|p2a: Meowscarada|Meowscarada, F|100/100
|turn|1
|
|t:|1769405947
|-end|p1a: Iron Crown|Quark Drive|[silent]
|switch|p1a: Zamazenta|Zamazenta|100/100
|-ability|p1a: Zamazenta|Dauntless Shield|boost
|-boost|p1a: Zamazenta|def|1
|move|p2a: Meowscarada|Knock Off|p1a: Zamazenta
|-start|p2a: Meowscarada|typechange|Dark|[from] ability: Protean
|-resisted|p1a: Zamazenta
|-damage|p1a: Zamazenta|89/100
|-enditem|p1a: Zamazenta|Leftovers|[from] move: Knock Off|[of] p2a: Meowscarada
|
|upkeep
|turn|2
|
|t:|1769405960
|switch|p2a: Clefable|Clefable, F|100/100
|move|p1a: Zamazenta|Crunch|p2a: Clefable
|-resisted|p2a: Clefable
|-damage|p2a: Clefable|90/100
|
|-heal|p2a: Clefable|96/100|[from] item: Leftovers
|upkeep
|turn|3
|
|t:|1769405966
|switch|p1a: Iron Crown|Iron Crown|100/100
|move|p2a: Clefable|Knock Off|p1a: Iron Crown
|-supereffective|p1a: Iron Crown
|-damage|p1a: Iron Crown|73/100
|-enditem|p1a: Iron Crown|Assault Vest|[from] move: Knock Off|[of] p2a: Clefable
|
|-heal|p2a: Clefable|100/100|[from] item: Leftovers
|upkeep
|turn|4
|
|t:|1769405981
|switch|p2a: Ting-Lu|Ting-Lu|100/100
|-ability|p2a: Ting-Lu|Vessel of Ruin
|move|p1a: Iron Crown|Tachyon Cutter|p2a: Ting-Lu
|-damage|p2a: Ting-Lu|90/100
|-damage|p2a: Ting-Lu|80/100
|-hitcount|p2a: Ting-Lu|2
|
|-heal|p2a: Ting-Lu|86/100|[from] item: Leftovers
|upkeep
|turn|5
|
|t:|1769405997
|-end|p1a: Iron Crown|Quark Drive|[silent]
|switch|p1a: Zamazenta|Zamazenta|89/100
|move|p2a: Ting-Lu|Earthquake|p1a: Zamazenta
|-damage|p1a: Zamazenta|62/100
|
|-heal|p2a: Ting-Lu|93/100|[from] item: Leftovers
|upkeep
|turn|6
|
|t:|1769406003
|move|p1a: Zamazenta|Body Press|p2a: Ting-Lu
|-supereffective|p2a: Ting-Lu
|-damage|p2a: Ting-Lu|53/100
|move|p2a: Ting-Lu|Stealth Rock|p1a: Zamazenta
|-sidestart|p1: Loverer|move: Stealth Rock
|
|-heal|p2a: Ting-Lu|59/100|[from] item: Leftovers
|upkeep
|turn|7
|
|t:|1769406016
|switch|p2a: Gholdengo|Gholdengo|100/100
|move|p1a: Zamazenta|Body Press|p2a: Gholdengo
|-immune|p2a: Gholdengo
|
|upkeep
|turn|8
|
|t:|1769406028
|switch|p1a: Cinderace|Cinderace, F|100/100
|move|p2a: Gholdengo|Shadow Ball|p1a: Cinderace
|-damage|p1a: Cinderace|46/100
|
|upkeep
|turn|9
|
|t:|1769406041
|switch|p2a: Zamazenta|Zamazenta|100/100
|-ability|p2a: Zamazenta|Dauntless Shield|boost
|-boost|p2a: Zamazenta|def|1
|move|p1a: Cinderace|Pyro Ball|p2a: Zamazenta
|-damage|p2a: Zamazenta|71/100
|
|upkeep
|turn|10
|
|t:|1769406044
|move|p2a: Zamazenta|Crunch|p1a: Cinderace
|-damage|p1a: Cinderace|13/100
|move|p1a: Cinderace|Will-O-Wisp|p2a: Zamazenta
|-status|p2a: Zamazenta|brn
|
|-damage|p2a: Zamazenta|64/100 brn|[from] brn
|upkeep
|turn|11
|
|t:|1769406050
|switch|p1a: Zamazenta|Zamazenta|62/100
|-damage|p1a: Zamazenta|56/100|[from] Stealth Rock
|move|p2a: Zamazenta|Roar|p1a: Zamazenta
|drag|p1a: Garganacl|Garganacl, M|100/100
|-damage|p1a: Garganacl|88/100|[from] Stealth Rock
|
|-heal|p1a: Garganacl|94/100|[from] item: Leftovers
|-damage|p2a: Zamazenta|58/100 brn|[from] brn
|upkeep
|turn|12
|
|t:|1769406060
|move|p2a: Zamazenta|Close Combat|p1a: Garganacl
|-supereffective|p1a: Garganacl
|-damage|p1a: Garganacl|57/100
|-unboost|p2a: Zamazenta|def|1
|-unboost|p2a: Zamazenta|spd|1
|move|p1a: Garganacl|Stealth Rock|p2a: Zamazenta
|-sidestart|p2: Seaglassed|move: Stealth Rock
|
|-heal|p1a: Garganacl|63/100|[from] item: Leftovers
|-damage|p2a: Zamazenta|52/100 brn|[from] brn
|upkeep
|turn|13
|
|t:|1769406064
|move|p1a: Garganacl|Protect|p1a: Garganacl
|-singleturn|p1a: Garganacl|Protect
|move|p2a: Zamazenta|Close Combat|p1a: Garganacl
|-activate|p1a: Garganacl|move: Protect
|
|-heal|p1a: Garganacl|69/100|[from] item: Leftovers
|-damage|p2a: Zamazenta|46/100 brn|[from] brn
|upkeep
|turn|14
|
|t:|1769406067
|move|p2a: Zamazenta|Close Combat|p1a: Garganacl
|-supereffective|p1a: Garganacl
|-damage|p1a: Garganacl|33/100
|-unboost|p2a: Zamazenta|def|1
|-unboost|p2a: Zamazenta|spd|1
|move|p1a: Garganacl|Salt Cure|p2a: Zamazenta
|-resisted|p2a: Zamazenta
|-damage|p2a: Zamazenta|37/100 brn
|-start|p2a: Zamazenta|Salt Cure
|
|-heal|p1a: Garganacl|39/100|[from] item: Leftovers
|-damage|p2a: Zamazenta|31/100 brn|[from] brn
|-damage|p2a: Zamazenta|18/100 brn|[from] Salt Cure
|upkeep
|turn|15
|
|t:|1769406072
|move|p1a: Garganacl|Recover|p1a: Garganacl
|-heal|p1a: Garganacl|89/100
|move|p2a: Zamazenta|Roar|p1a: Garganacl
|drag|p1a: Iron Boulder|Iron Boulder|100/100
|-damage|p1a: Iron Boulder|88/100|[from] Stealth Rock
|-enditem|p1a: Iron Boulder|Booster Energy
|-activate|p1a: Iron Boulder|ability: Quark Drive|[fromitem]
|-start|p1a: Iron Boulder|quarkdrivespe
|
|-damage|p2a: Zamazenta|12/100 brn|[from] brn
|-damage|p2a: Zamazenta|0 fnt|[from] Salt Cure
|faint|p2a: Zamazenta
|upkeep
|
|t:|1769406083
|switch|p2a: Dragonite|Dragonite, M|100/100
|turn|16
|
|t:|1769406095
|-terastallize|p1a: Iron Boulder|Fighting
|-terastallize|p2a: Dragonite|Normal
|move|p1a: Iron Boulder|Mighty Cleave|p2a: Dragonite
|-damage|p2a: Dragonite|80/100
|move|p2a: Dragonite|Earthquake|p1a: Iron Boulder
|-damage|p1a: Iron Boulder|39/100
|
|upkeep
|turn|17
|
|t:|1769406107
|move|p2a: Dragonite|Extreme Speed|p1a: Iron Boulder
|-damage|p1a: Iron Boulder|0 fnt
|faint|p1a: Iron Boulder
|-end|p1a: Iron Boulder|Quark Drive|[silent]
|
|upkeep
|
|t:|1769406115
|switch|p1a: Zamazenta|Zamazenta|56/100
|-damage|p1a: Zamazenta|50/100|[from] Stealth Rock
|turn|18
|
|t:|1769406121
|switch|p2a: Gholdengo|Gholdengo|100/100
|-damage|p2a: Gholdengo|94/100|[from] Stealth Rock
|move|p1a: Zamazenta|Crunch|p2a: Gholdengo
|-supereffective|p2a: Gholdengo
|-damage|p2a: Gholdengo|42/100
|
|upkeep
|turn|19
|
|t:|1769406126
|switch|p2a: Clefable|Clefable, F|100/100
|move|p1a: Zamazenta|Crunch|p2a: Clefable
|-resisted|p2a: Clefable
|-crit|p2a: Clefable
|-damage|p2a: Clefable|85/100
|
|-heal|p2a: Clefable|91/100|[from] item: Leftovers
|upkeep
|turn|20
|
|t:|1769406130
|switch|p1a: Garganacl|Garganacl, M|89/100
|-damage|p1a: Garganacl|77/100|[from] Stealth Rock
|move|p2a: Clefable|Moonblast|p1a: Garganacl
|-damage|p1a: Garganacl|54/100
|
|-heal|p2a: Clefable|97/100|[from] item: Leftovers
|-heal|p1a: Garganacl|61/100|[from] item: Leftovers
|upkeep
|turn|21
|
|t:|1769406133
|move|p2a: Clefable|Calm Mind|p2a: Clefable
|-boost|p2a: Clefable|spa|1
|-boost|p2a: Clefable|spd|1
|move|p1a: Garganacl|Salt Cure|p2a: Clefable
|-damage|p2a: Clefable|85/100
|-start|p2a: Clefable|Salt Cure
|
|-heal|p2a: Clefable|91/100|[from] item: Leftovers
|-heal|p1a: Garganacl|67/100|[from] item: Leftovers
|upkeep
|turn|22
|
|t:|1769406141
|switch|p1a: Iron Crown|Iron Crown|73/100
|-damage|p1a: Iron Crown|67/100|[from] Stealth Rock
|move|p2a: Clefable|Calm Mind|p2a: Clefable
|-boost|p2a: Clefable|spa|1
|-boost|p2a: Clefable|spd|1
|
|-heal|p2a: Clefable|97/100|[from] item: Leftovers
|upkeep
|turn|23
|
|t:|1769406147
|move|p1a: Iron Crown|Tachyon Cutter|p2a: Clefable
|-supereffective|p2a: Clefable
|-damage|p2a: Clefable|74/100
|-supereffective|p2a: Clefable
|-damage|p2a: Clefable|52/100
|-hitcount|p2a: Clefable|2
|move|p2a: Clefable|Calm Mind|p2a: Clefable
|-boost|p2a: Clefable|spa|1
|-boost|p2a: Clefable|spd|1
|
|-heal|p2a: Clefable|58/100|[from] item: Leftovers
|upkeep
|turn|24
|
|t:|1769406153
|move|p1a: Iron Crown|Tachyon Cutter|p2a: Clefable
|-supereffective|p2a: Clefable
|-damage|p2a: Clefable|38/100
|-supereffective|p2a: Clefable
|-damage|p2a: Clefable|20/100
|-hitcount|p2a: Clefable|2
|move|p2a: Clefable|Moonlight|p2a: Clefable
|-heal|p2a: Clefable|70/100
|
|-heal|p2a: Clefable|76/100|[from] item: Leftovers
|upkeep
|turn|25
|
|t:|1769406157
|move|p1a: Iron Crown|Future Sight|p2a: Clefable
|-start|p1a: Iron Crown|move: Future Sight
|move|p2a: Clefable|Calm Mind|p2a: Clefable
|-boost|p2a: Clefable|spa|1
|-boost|p2a: Clefable|spd|1
|
|-heal|p2a: Clefable|82/100|[from] item: Leftovers
|upkeep
|turn|26
|
|t:|1769406159
|move|p1a: Iron Crown|Tachyon Cutter|p2a: Clefable
|-supereffective|p2a: Clefable
|-damage|p2a: Clefable|65/100
|-supereffective|p2a: Clefable
|-damage|p2a: Clefable|49/100
|-hitcount|p2a: Clefable|2
|move|p2a: Clefable|Moonlight|p2a: Clefable
|-heal|p2a: Clefable|99/100
|
|-heal|p2a: Clefable|100/100|[from] item: Leftovers
|upkeep
|turn|27
|
|t:|1769406164
|move|p1a: Iron Crown|Tachyon Cutter|p2a: Clefable
|-supereffective|p2a: Clefable
|-damage|p2a: Clefable|82/100
|-supereffective|p2a: Clefable
|-damage|p2a: Clefable|66/100
|-hitcount|p2a: Clefable|2
|move|p2a: Clefable|Moonblast|p1a: Iron Crown
|-resisted|p1a: Iron Crown
|-damage|p1a: Iron Crown|22/100
|
|-end|p2a: Clefable|move: Future Sight
|-damage|p2a: Clefable|47/100
|-heal|p2a: Clefable|54/100|[from] item: Leftovers
|upkeep
|turn|28
|
|t:|1769406169
|move|p1a: Iron Crown|Tachyon Cutter|p2a: Clefable
|-supereffective|p2a: Clefable
|-damage|p2a: Clefable|36/100
|-supereffective|p2a: Clefable
|-damage|p2a: Clefable|20/100
|-hitcount|p2a: Clefable|2
|move|p2a: Clefable|Moonlight|p2a: Clefable
|-heal|p2a: Clefable|70/100
|
|-heal|p2a: Clefable|76/100|[from] item: Leftovers
|upkeep
|turn|29
|
|t:|1769406173
|move|p1a: Iron Crown|Tachyon Cutter|p2a: Clefable
|-supereffective|p2a: Clefable
|-damage|p2a: Clefable|58/100
|-supereffective|p2a: Clefable
|-damage|p2a: Clefable|41/100
|-hitcount|p2a: Clefable|2
|move|p2a: Clefable|Moonlight|p2a: Clefable
|-heal|p2a: Clefable|91/100
|
|-heal|p2a: Clefable|97/100|[from] item: Leftovers
|upkeep
|turn|30
|
|t:|1769406178
|move|p1a: Iron Crown|Tachyon Cutter|p2a: Clefable
|-supereffective|p2a: Clefable
|-damage|p2a: Clefable|81/100
|-supereffective|p2a: Clefable
|-damage|p2a: Clefable|66/100
|-hitcount|p2a: Clefable|2
|move|p2a: Clefable|Moonblast|p1a: Iron Crown
|-resisted|p1a: Iron Crown
|-damage|p1a: Iron Crown|0 fnt
|faint|p1a: Iron Crown
|-end|p1a: Iron Crown|Quark Drive|[silent]
|
|-heal|p2a: Clefable|72/100|[from] item: Leftovers
|upkeep
|
|t:|1769406188
|switch|p1a: Cinderace|Cinderace, F|13/100
|turn|31
|
|t:|1769406192
|move|p1a: Cinderace|Pyro Ball|p2a: Clefable
|-damage|p2a: Clefable|24/100
|move|p2a: Clefable|Moonlight|p2a: Clefable
|-heal|p2a: Clefable|74/100
|
|-heal|p2a: Clefable|80/100|[from] item: Leftovers
|upkeep
|turn|32
|
|t:|1769406195
|move|p1a: Cinderace|Pyro Ball|p2a: Clefable
|-damage|p2a: Clefable|31/100
|move|p2a: Clefable|Moonlight|p2a: Clefable
|-heal|p2a: Clefable|81/100
|
|-heal|p2a: Clefable|88/100|[from] item: Leftovers
|upkeep
|turn|33
|
|t:|1769406197
|move|p1a: Cinderace|Pyro Ball|p2a: Clefable
|-damage|p2a: Clefable|40/100
|-status|p2a: Clefable|brn
|move|p2a: Clefable|Moonblast|p1a: Cinderace
|-resisted|p1a: Cinderace
|-damage|p1a: Cinderace|0 fnt
|faint|p1a: Cinderace
|
|-heal|p2a: Clefable|46/100 brn|[from] item: Leftovers
|upkeep
|
|t:|1769406207
|switch|p1a: Dragapult|Dragapult, F|100/100
|-damage|p1a: Dragapult|88/100|[from] Stealth Rock
|turn|34
|
|t:|1769406209
|move|p1a: Dragapult|Shadow Ball|p2a: Clefable
|-damage|p2a: Clefable|30/100 brn
|move|p2a: Clefable|Moonlight|p2a: Clefable
|-heal|p2a: Clefable|80/100 brn
|
|-heal|p2a: Clefable|86/100 brn|[from] item: Leftovers
|upkeep
|turn|35
|
|t:|1769406212
|move|p1a: Dragapult|Shadow Ball|p2a: Clefable
|-damage|p2a: Clefable|68/100 brn
|move|p2a: Clefable|Moonblast|p1a: Dragapult
|-supereffective|p1a: Dragapult
|-damage|p1a: Dragapult|0 fnt
|faint|p1a: Dragapult
|
|-heal|p2a: Clefable|74/100 brn|[from] item: Leftovers
|upkeep
|
|t:|1769406216
|switch|p1a: Zamazenta|Zamazenta|50/100
|-damage|p1a: Zamazenta|44/100|[from] Stealth Rock
|turn|36
|
|t:|1769406221
|move|p2a: Clefable|Moonblast|p1a: Zamazenta
|-supereffective|p1a: Zamazenta
|-damage|p1a: Zamazenta|0 fnt
|faint|p1a: Zamazenta
|
|-heal|p2a: Clefable|80/100 brn|[from] item: Leftovers
|upkeep
|
|t:|1769406223
|switch|p1a: Garganacl|Garganacl, M|67/100
|-damage|p1a: Garganacl|54/100|[from] Stealth Rock
|turn|37
|
|t:|1769406228
|move|p2a: Clefable|Moonblast|p1a: Garganacl
|-damage|p1a: Garganacl|0 fnt
|faint|p1a: Garganacl
|
|win|Seaglassed
|raw|Loverer's rating: 1413 &rarr; <strong>1395</strong><br />(-18 for losing)
|raw|Seaglassed's rating: 1446 &rarr; <strong>1464</strong><br />(+18 for winning)
|l|☆Seaglassed
|player|p2|
|l|☆Loverer
|player|p1|
