|j|☆HarryBobber
|j|☆fuhfyjddhh
|t:|1769377085
|gametype|singles
|player|p1|HarryBobber|169|1560
|player|p2|fuhfyjddhh|policeman-gen4|1562
|gen|9
|tier|[Gen 9] OU
|rated|
|rule|HP Percentage Mod: HP is shown in percentages
|rule|Endless Battle Clause: Forcing endless battles is banned
|rule|Species Clause: Limit one of each Pokémon
|rule|OHKO Clause: OHKO moves are banned
|rule|Evasion Items Clause: Evasion items are banned
|rule|Evasion Moves Clause: Evasion moves are banned
|rule|Evasion Abilities Clause: Evasion abilities are banned
|rule|Sleep Moves Clause: Sleep-inducing moves are banned
|clearpoke
|poke|p1|Garganacl, F|
|poke|p1|Tyranitar, M|
|poke|p1|Moltres|
|poke|p1|Excadrill, M|
|poke|p1|Ogerpon, F|
|poke|p1|Primarina, M|
|poke|p2|Tinkaton, F|
|poke|p2|Ogerpon, F|
|poke|p2|Great Tusk|
|poke|p2|Pecharunt|
|poke|p2|Alomomola, M|
|poke|p2|Hydreigon, M|
|teampreview
|inactive|Battle timer is ON: inactive players will automatically lose when time's up. (requested by HarryBobber)
|
|t:|1769377094
|teamsize|p1|6
|teamsize|p2|6
|start
|switch|p1a: Ogerpon|Ogerpon, F|100/100
|switch|p2a: Ogerpon|Ogerpon, F|100/100
|turn|1
|
|t:|1769377113
|-terastallize|p1a: Ogerpon|Grass
|detailschange|p1a: Ogerpon|Ogerpon-Teal-Tera, F, tera:Grass
|-ability|p1a: Ogerpon|Embody Aspect (Teal)|boost
|-boost|p1a: Ogerpon|spe|1
|-terastallize|p2a: Ogerpon|Grass
|detailschange|p2a: Ogerpon|Ogerpon-Teal-Tera, F, tera:Grass
|-ability|p2a: Ogerpon|Embody Aspect (Teal)|boost
|-boost|p2a: Ogerpon|spe|1
|move|p1a: Ogerpon|U-turn|p2a: Ogerpon
|-supereffective|p2a: Ogerpon
|-damage|p2a: Ogerpon|4/100
|
|t:|1769377126
|switch|p1a: Moltres|Moltres|100/100|[from] U-turn
|move|p2a: Ogerpon|U-turn|p1a: Moltres
|-resisted|p1a: Moltres
|-damage|p1a: Moltres|95/100
|
|t:|1769377134
|switch|p2a: Hydreigon|Hydreigon, M, shiny|100/100|[from] U-turn
|
|upkeep
|turn|2
|
|t:|1769377142
|switch|p1a: Tyranitar|Tyranitar, M|100/100
|-weather|Sandstorm|[from] ability: Sand Stream|[of] p1a: Tyranitar
|move|p2a: Hydreigon|Draco Meteor|p1a: Tyranitar
|-damage|p1a: Tyranitar|60/100
|-unboost|p2a: Hydreigon|spa|2
|
|-weather|Sandstorm|[upkeep]
|-damage|p2a: Hydreigon|94/100|[from] Sandstorm
|upkeep
|turn|3
|
|t:|1769377149
|switch|p2a: Alomomola|Alomomola, M, shiny|100/100
|switch|p1a: Primarina|Primarina, M|100/100
|
|-weather|Sandstorm|[upkeep]
|-damage|p1a: Primarina|94/100|[from] Sandstorm
|-damage|p2a: Alomomola|94/100|[from] Sandstorm
|upkeep
|turn|4
|
|t:|1769377156
|move|p1a: Primarina|Psychic Noise|p2a: Alomomola
|-damage|p2a: Alomomola|80/100
|-start|p2a: Alomomola|move: Heal Block
|move|p2a: Alomomola|Play Rough|p1a: Primarina|[miss]
|-miss|p2a: Alomomola|p1a: Primarina
|
|-weather|Sandstorm|[upkeep]
|-damage|p1a: Primarina|88/100|[from] Sandstorm
|-damage|p2a: Alomomola|74/100|[from] Sandstorm
|upkeep
|turn|5
|
|t:|1769377174
|switch|p1a: Saline Kong|Garganacl, F|100/100
|move|p2a: Alomomola|Flip Turn|p1a: Saline Kong
|-supereffective|p1a: Saline Kong
|-damage|p1a: Saline Kong|83/100
|
|t:|1769377182
|switch|p2a: Great Tusk|Great Tusk, shiny|100/100|[from] Flip Turn
|
|-weather|Sandstorm|[upkeep]
|-heal|p1a: Saline Kong|89/100|[from] item: Leftovers
|upkeep
|turn|6
|
|t:|1769377189
|move|p2a: Great Tusk|Headlong Rush|p1a: Saline Kong
|-supereffective|p1a: Saline Kong
|-damage|p1a: Saline Kong|20/100
|-unboost|p2a: Great Tusk|def|1
|-unboost|p2a: Great Tusk|spd|1
|move|p1a: Saline Kong|Salt Cure|p2a: Great Tusk
|-resisted|p2a: Great Tusk
|-damage|p2a: Great Tusk|97/100
|-start|p2a: Great Tusk|Salt Cure
|
|-weather|Sandstorm|[upkeep]
|-heal|p1a: Saline Kong|26/100|[from] item: Leftovers
|-damage|p2a: Great Tusk|85/100|[from] Salt Cure
|upkeep
|turn|7
|
|t:|1769377198
|switch|p1a: Moltres|Moltres|95/100
|move|p2a: Great Tusk|Headlong Rush|p1a: Moltres
|-immune|p1a: Moltres
|
|-weather|Sandstorm|[upkeep]
|-damage|p1a: Moltres|89/100|[from] Sandstorm
|-damage|p2a: Great Tusk|72/100|[from] Salt Cure
|upkeep
|turn|8
|
|t:|1769377202
|-end|p2a: Great Tusk|Protosynthesis|[silent]
|switch|p2a: Alomomola|Alomomola, M, shiny|100/100
|move|p1a: Moltres|Flamethrower|p2a: Alomomola
|-resisted|p2a: Alomomola
|-damage|p2a: Alomomola|91/100
|
|-weather|Sandstorm|[upkeep]
|-damage|p1a: Moltres|83/100|[from] Sandstorm
|-damage|p2a: Alomomola|85/100|[from] Sandstorm
|upkeep
|turn|9
|
|t:|1769377205
|move|p1a: Moltres|U-turn|p2a: Alomomola
|-damage|p2a: Alomomola|74/100
|
|t:|1769377207
|switch|p1a: Saline Kong|Garganacl, F|26/100|[from] U-turn
|move|p2a: Alomomola|Mirror Coat||[still]
|-fail|p2a: Alomomola
|
|-weather|none
|-heal|p1a: Saline Kong|32/100|[from] item: Leftovers
|upkeep
|turn|10
|
|t:|1769377211
|move|p2a: Alomomola|Flip Turn|p1a: Saline Kong
|-supereffective|p1a: Saline Kong
|-damage|p1a: Saline Kong|16/100
|
|t:|1769377214
|switch|p2a: Great Tusk|Great Tusk, shiny|72/100|[from] Flip Turn
|move|p1a: Saline Kong|Recover|p1a: Saline Kong
|-heal|p1a: Saline Kong|66/100
|
|-heal|p1a: Saline Kong|72/100|[from] item: Leftovers
|upkeep
|turn|11
|
|t:|1769377218
|switch|p1a: Moltres|Moltres|83/100
|move|p2a: Great Tusk|Headlong Rush|p1a: Moltres
|-immune|p1a: Moltres
|
|upkeep
|turn|12
|
|t:|1769377222
|-end|p2a: Great Tusk|Protosynthesis|[silent]
|switch|p2a: Alomomola|Alomomola, M, shiny|100/100
|move|p1a: Moltres|Flamethrower|p2a: Alomomola
|-resisted|p2a: Alomomola
|-damage|p2a: Alomomola|92/100
|-status|p2a: Alomomola|brn
|
|-damage|p2a: Alomomola|86/100 brn|[from] brn
|upkeep
|turn|13
|
|t:|1769377226
|move|p1a: Moltres|U-turn|p2a: Alomomola
|-damage|p2a: Alomomola|74/100 brn
|
|t:|1769377228
|switch|p1a: Saline Kong|Garganacl, F|72/100|[from] U-turn
|move|p2a: Alomomola|Flip Turn|p1a: Saline Kong
|-supereffective|p1a: Saline Kong
|-damage|p1a: Saline Kong|64/100
|
|t:|1769377233
|switch|p2a: Ogerpon|Ogerpon-Teal-Tera, F, tera:Grass|4/100|[from] Flip Turn
|-ability|p2a: Ogerpon|Embody Aspect (Teal)|boost
|-boost|p2a: Ogerpon|spe|1
|
|-heal|p1a: Saline Kong|70/100|[from] item: Leftovers
|upkeep
|turn|14
|
|t:|1769377236
|switch|p1a: Moltres|Moltres|83/100
|move|p2a: Ogerpon|Ivy Cudgel|p1a: Moltres
|-resisted|p1a: Moltres
|-damage|p1a: Moltres|66/100
|
|upkeep
|turn|15
|
|t:|1769377240
|switch|p2a: Alomomola|Alomomola, M, shiny|100/100 brn
|move|p1a: Moltres|Roost|p1a: Moltres
|-heal|p1a: Moltres|100/100
|-singleturn|p1a: Moltres|move: Roost
|
|-damage|p2a: Alomomola|94/100 brn|[from] brn
|upkeep
|turn|16
|
|t:|1769377246
|move|p1a: Moltres|U-turn|p2a: Alomomola
|-damage|p2a: Alomomola|83/100 brn
|
|t:|1769377249
|switch|p1a: Saline Kong|Garganacl, F|70/100|[from] U-turn
|move|p2a: Alomomola|Flip Turn|p1a: Saline Kong
|-supereffective|p1a: Saline Kong
|-damage|p1a: Saline Kong|61/100
|
|t:|1769377253
|switch|p2a: Ogerpon|Ogerpon-Teal-Tera, F, tera:Grass|4/100|[from] Flip Turn
|-ability|p2a: Ogerpon|Embody Aspect (Teal)|boost
|-boost|p2a: Ogerpon|spe|1
|
|-heal|p1a: Saline Kong|67/100|[from] item: Leftovers
|upkeep
|turn|17
|
|t:|1769377257
|switch|p1a: Moltres|Moltres|100/100
|move|p2a: Ogerpon|Rock Tomb|p1a: Moltres
|-supereffective|p1a: Moltres
|-damage|p1a: Moltres|22/100
|-unboost|p1a: Moltres|spe|1
|
|upkeep
|turn|18
|
|t:|1769377266
|switch|p2a: Alomomola|Alomomola, M, shiny|100/100 brn
|switch|p1a: Tyranitar|Tyranitar, M|60/100
|-weather|Sandstorm|[from] ability: Sand Stream|[of] p1a: Tyranitar
|
|-weather|Sandstorm|[upkeep]
|-damage|p2a: Alomomola|94/100 brn|[from] Sandstorm
|-damage|p2a: Alomomola|88/100 brn|[from] brn
|upkeep
|turn|19
|
|t:|1769377273
|move|p1a: Tyranitar|Stealth Rock|p2a: Alomomola
|-sidestart|p2: fuhfyjddhh|move: Stealth Rock
|move|p2a: Alomomola|Flip Turn|p1a: Tyranitar
|-supereffective|p1a: Tyranitar
|-damage|p1a: Tyranitar|48/100
|
|t:|1769377278
|switch|p2a: Great Tusk|Great Tusk, shiny|72/100|[from] Flip Turn
|
|-weather|Sandstorm|[upkeep]
|upkeep
|turn|20
|
|t:|1769377285
|switch|p1a: Moltres|Moltres|22/100
|move|p2a: Great Tusk|Rapid Spin|p1a: Moltres
|-damage|p1a: Moltres|10/100
|-boost|p2a: Great Tusk|spe|1
|-status|p2a: Great Tusk|brn|[from] ability: Flame Body|[of] p1a: Moltres
|-sideend|p2: fuhfyjddhh|Stealth Rock|[from] move: Rapid Spin|[of] p2a: Great Tusk
|
|-weather|Sandstorm|[upkeep]
|-damage|p1a: Moltres|4/100|[from] Sandstorm
|-damage|p2a: Great Tusk|66/100 brn|[from] brn
|upkeep
|turn|21
|
|t:|1769377304
|switch|p1a: Saline Kong|Garganacl, F|67/100
|move|p2a: Great Tusk|Rapid Spin|p1a: Saline Kong
|-resisted|p1a: Saline Kong
|-damage|p1a: Saline Kong|65/100
|-boost|p2a: Great Tusk|spe|1
|
|-weather|Sandstorm|[upkeep]
|-heal|p1a: Saline Kong|71/100|[from] item: Leftovers
|-damage|p2a: Great Tusk|60/100 brn|[from] brn
|upkeep
|turn|22
|
|t:|1769377308
|move|p2a: Great Tusk|Headlong Rush|p1a: Saline Kong
|-supereffective|p1a: Saline Kong
|-damage|p1a: Saline Kong|35/100
|-unboost|p2a: Great Tusk|def|1
|-unboost|p2a: Great Tusk|spd|1
|move|p1a: Saline Kong|Curse|p1a: Saline Kong
|-unboost|p1a: Saline Kong|spe|1
|-boost|p1a: Saline Kong|atk|1
|-boost|p1a: Saline Kong|def|1
|
|-weather|Sandstorm|[upkeep]
|-heal|p1a: Saline Kong|41/100|[from] item: Leftovers
|-damage|p2a: Great Tusk|54/100 brn|[from] brn
|upkeep
|turn|23
|
|t:|1769377316
|-end|p2a: Great Tusk|Protosynthesis|[silent]
|switch|p2a: Alomomola|Alomomola, M, shiny|100/100 brn
|move|p1a: Saline Kong|Recover|p1a: Saline Kong
|-heal|p1a: Saline Kong|91/100
|
|-weather|Sandstorm|[upkeep]
|-damage|p2a: Alomomola|94/100 brn|[from] Sandstorm
|-heal|p1a: Saline Kong|97/100|[from] item: Leftovers
|-damage|p2a: Alomomola|88/100 brn|[from] brn
|upkeep
|turn|24
|
|t:|1769377321
|move|p2a: Alomomola|Flip Turn|p1a: Saline Kong
|-supereffective|p1a: Saline Kong
|-damage|p1a: Saline Kong|91/100
|
|t:|1769377324
|switch|p2a: Tinkaton|Tinkaton, F, shiny|100/100|[from] Flip Turn
|-item|p2a: Tinkaton|Air Balloon
|move|p1a: Saline Kong|Salt Cure|p2a: Tinkaton
|-resisted|p2a: Tinkaton
|-damage|p2a: Tinkaton|87/100
|-start|p2a: Tinkaton|Salt Cure
|-enditem|p2a: Tinkaton|Air Balloon
|
|-weather|Sandstorm|[upkeep]
|-heal|p1a: Saline Kong|97/100|[from] item: Leftovers
|-damage|p2a: Tinkaton|62/100|[from] Salt Cure
|upkeep
|turn|25
|
|t:|1769377328
|move|p2a: Tinkaton|Stealth Rock|p1a: Saline Kong
|-sidestart|p1: HarryBobber|move: Stealth Rock
|move|p1a: Saline Kong|Recover|p1a: Saline Kong
|-heal|p1a: Saline Kong|100/100
|
|-weather|none
|-damage|p2a: Tinkaton|37/100|[from] Salt Cure
|upkeep
|turn|26
|
|t:|1769377334
|move|p2a: Tinkaton|Encore|p1a: Saline Kong
|-start|p1a: Saline Kong|Encore
|move|p1a: Saline Kong|Recover||[still]
|-fail|p1a: Saline Kong|heal
|
|-damage|p2a: Tinkaton|13/100|[from] Salt Cure
|upkeep
|turn|27
|
|t:|1769377337
|switch|p2a: Alomomola|Alomomola, M, shiny|100/100 brn
|move|p1a: Saline Kong|Recover||[still]
|-fail|p1a: Saline Kong|heal
|
|-damage|p2a: Alomomola|94/100 brn|[from] brn
|upkeep
|turn|28
|
|t:|1769377341
|move|p2a: Alomomola|Flip Turn|p1a: Saline Kong
|-supereffective|p1a: Saline Kong
|-damage|p1a: Saline Kong|94/100
|
|t:|1769377343
|switch|p2a: Tinkaton|Tinkaton, F, shiny|13/100|[from] Flip Turn
|move|p1a: Saline Kong|Recover|p1a: Saline Kong
|-heal|p1a: Saline Kong|100/100
|
|-end|p1a: Saline Kong|Encore
|upkeep
|turn|29
|
|t:|1769377350
|switch|p1a: Primarina|Primarina, M|88/100
|-damage|p1a: Primarina|76/100|[from] Stealth Rock
|move|p2a: Tinkaton|Encore||[still]
|-fail|p2a: Tinkaton
|
|upkeep
|turn|30
|
|t:|1769377356
|move|p2a: Tinkaton|Gigaton Hammer|p1a: Primarina
|-damage|p1a: Primarina|1/100
|move|p1a: Primarina|Surf|p2a: Tinkaton
|-damage|p2a: Tinkaton|0 fnt
|faint|p2a: Tinkaton
|
|upkeep
|
|t:|1769377361
|switch|p2a: Ogerpon|Ogerpon-Teal-Tera, F, tera:Grass|4/100
|-ability|p2a: Ogerpon|Embody Aspect (Teal)|boost
|-boost|p2a: Ogerpon|spe|1
|turn|31
|
|t:|1769377371
|move|p2a: Ogerpon|U-turn|p1a: Primarina
|-resisted|p1a: Primarina
|-damage|p1a: Primarina|0 fnt
|faint|p1a: Primarina
|
|t:|1769377374
|switch|p2a: Alomomola|Alomomola, M, shiny|100/100 brn|[from] U-turn
|
|-damage|p2a: Alomomola|94/100 brn|[from] brn
|upkeep
|
|t:|1769377377
|switch|p1a: Moltres|Moltres|4/100
|turn|32
|
|t:|1769377379
|move|p2a: Alomomola|Aqua Jet|p1a: Moltres
|-supereffective|p1a: Moltres
|-damage|p1a: Moltres|0 fnt
|faint|p1a: Moltres
|
|-damage|p2a: Alomomola|88/100 brn|[from] brn
|upkeep
|
|t:|1769377386
|switch|p1a: Saline Kong|Garganacl, F|100/100
|-damage|p1a: Saline Kong|88/100|[from] Stealth Rock
|turn|33
|
|t:|1769377393
|move|p2a: Alomomola|Flip Turn|p1a: Saline Kong
|-supereffective|p1a: Saline Kong
|-damage|p1a: Saline Kong|79/100
|
|t:|1769377398
|switch|p2a: Hydreigon|Hydreigon, M, shiny|94/100|[from] Flip Turn
|move|p1a: Saline Kong|Curse|p1a: Saline Kong
|-unboost|p1a: Saline Kong|spe|1
|-boost|p1a: Saline Kong|atk|1
|-boost|p1a: Saline Kong|def|1
|
|-heal|p1a: Saline Kong|85/100|[from] item: Leftovers
|upkeep
|turn|34
|
|t:|1769377410
|switch|p1a: Tyranitar|Tyranitar, M|48/100
|-damage|p1a: Tyranitar|35/100|[from] Stealth Rock
|-weather|Sandstorm|[from] ability: Sand Stream|[of] p1a: Tyranitar
|move|p2a: Hydreigon|Flash Cannon|p1a: Tyranitar
|-supereffective|p1a: Tyranitar
|-damage|p1a: Tyranitar|4/100
|
|-weather|Sandstorm|[upkeep]
|-damage|p2a: Hydreigon|88/100|[from] Sandstorm
|upkeep
|turn|35
|
|t:|1769377413
|move|p2a: Hydreigon|Flash Cannon|p1a: Tyranitar
|-supereffective|p1a: Tyranitar
|-damage|p1a: Tyranitar|0 fnt
|faint|p1a: Tyranitar
|
|-weather|Sandstorm|[upkeep]
|-damage|p2a: Hydreigon|82/100|[from] Sandstorm
|upkeep
|
|t:|1769377416
|switch|p1a: Saline Kong|Garganacl, F|85/100
|-damage|p1a: Saline Kong|73/100|[from] Stealth Rock
|turn|36
|
|t:|1769377427
|switch|p2a: Alomomola|Alomomola, M, shiny|100/100 brn
|move|p1a: Saline Kong|Salt Cure|p2a: Alomomola
|-damage|p2a: Alomomola|89/100 brn
|-start|p2a: Alomomola|Salt Cure
|
|-weather|Sandstorm|[upkeep]
|-damage|p2a: Alomomola|82/100 brn|[from] Sandstorm
|-heal|p1a: Saline Kong|79/100|[from] item: Leftovers
|-damage|p2a: Alomomola|76/100 brn|[from] brn
|-damage|p2a: Alomomola|51/100 brn|[from] Salt Cure
|upkeep
|turn|37
|
|t:|1769377431
|move|p2a: Alomomola|Flip Turn|p1a: Saline Kong
|-supereffective|p1a: Saline Kong
|-damage|p1a: Saline Kong|70/100
|
|t:|1769377435
|switch|p2a: Great Tusk|Great Tusk, shiny|54/100 brn|[from] Flip Turn
|move|p1a: Saline Kong|Curse|p1a: Saline Kong
|-unboost|p1a: Saline Kong|spe|1
|-boost|p1a: Saline Kong|atk|1
|-boost|p1a: Saline Kong|def|1
|
|-weather|Sandstorm|[upkeep]
|-heal|p1a: Saline Kong|76/100|[from] item: Leftovers
|-damage|p2a: Great Tusk|47/100 brn|[from] brn
|upkeep
|turn|38
|
|t:|1769377439
|move|p2a: Great Tusk|Headlong Rush|p1a: Saline Kong
|-supereffective|p1a: Saline Kong
|-damage|p1a: Saline Kong|52/100
|-unboost|p2a: Great Tusk|def|1
|-unboost|p2a: Great Tusk|spd|1
|move|p1a: Saline Kong|Salt Cure|p2a: Great Tusk
|-resisted|p2a: Great Tusk
|-damage|p2a: Great Tusk|42/100 brn
|-start|p2a: Great Tusk|Salt Cure
|
|-weather|Sandstorm|[upkeep]
|-heal|p1a: Saline Kong|58/100|[from] item: Leftovers
|-damage|p2a: Great Tusk|36/100 brn|[from] brn
|-damage|p2a: Great Tusk|23/100 brn|[from] Salt Cure
|upkeep
|turn|39
|
|t:|1769377443
|move|p2a: Great Tusk|Headlong Rush|p1a: Saline Kong
|-supereffective|p1a: Saline Kong
|-damage|p1a: Saline Kong|36/100
|-unboost|p2a: Great Tusk|def|1
|-unboost|p2a: Great Tusk|spd|1
|move|p1a: Saline Kong|Recover|p1a: Saline Kong
|-heal|p1a: Saline Kong|86/100
|
|-weather|Sandstorm|[upkeep]
|-heal|p1a: Saline Kong|92/100|[from] item: Leftovers
|-damage|p2a: Great Tusk|17/100 brn|[from] brn
|-damage|p2a: Great Tusk|5/100 brn|[from] Salt Cure
|upkeep
|turn|40
|
|t:|1769377451
|move|p2a: Great Tusk|Headlong Rush|p1a: Saline Kong
|-supereffective|p1a: Saline Kong
|-damage|p1a: Saline Kong|68/100
|-unboost|p2a: Great Tusk|def|1
|-unboost|p2a: Great Tusk|spd|1
|move|p1a: Saline Kong|Recover|p1a: Saline Kong
|-heal|p1a: Saline Kong|100/100
|
|-weather|Sandstorm|[upkeep]
|-damage|p2a: Great Tusk|0 fnt|[from] brn
|faint|p2a: Great Tusk
|-end|p2a: Great Tusk|Protosynthesis|[silent]
|upkeep
|
|t:|1769377456
|switch|p2a: Pecharunt|Pecharunt|100/100
|turn|41
|
|t:|1769377460
|move|p2a: Pecharunt|Parting Shot|p1a: Saline Kong
|-unboost|p1a: Saline Kong|atk|1
|-unboost|p1a: Saline Kong|spa|1
|
|t:|1769377465
|switch|p2a: Alomomola|Alomomola, M, shiny|85/100 brn|[from] Parting Shot
|move|p1a: Saline Kong|Salt Cure|p2a: Alomomola
|-damage|p2a: Alomomola|74/100 brn
|-start|p2a: Alomomola|Salt Cure
|
|-weather|none
|-damage|p2a: Alomomola|68/100 brn|[from] brn
|-damage|p2a: Alomomola|43/100 brn|[from] Salt Cure
|upkeep
|turn|42
|
|t:|1769377470
|move|p2a: Alomomola|Flip Turn|p1a: Saline Kong
|-supereffective|p1a: Saline Kong
|-crit|p1a: Saline Kong
|-damage|p1a: Saline Kong|88/100
|
|t:|1769377476
|switch|p2a: Pecharunt|Pecharunt|100/100|[from] Flip Turn
|move|p1a: Saline Kong|Curse|p1a: Saline Kong
|-unboost|p1a: Saline Kong|spe|1
|-boost|p1a: Saline Kong|atk|1
|-boost|p1a: Saline Kong|def|1
|
|-heal|p1a: Saline Kong|94/100|[from] item: Leftovers
|upkeep
|turn|43
|
|t:|1769377484
|move|p2a: Pecharunt|Parting Shot|p1a: Saline Kong
|-unboost|p1a: Saline Kong|atk|1
|-unboost|p1a: Saline Kong|spa|1
|
|t:|1769377488
|switch|p2a: Hydreigon|Hydreigon, M, shiny|82/100|[from] Parting Shot
|move|p1a: Saline Kong|Salt Cure|p2a: Hydreigon
|-damage|p2a: Hydreigon|65/100
|-start|p2a: Hydreigon|Salt Cure
|
|-heal|p1a: Saline Kong|99/100|[from] item: Leftovers
|-damage|p2a: Hydreigon|53/100|[from] Salt Cure
|upkeep
|turn|44
|
|t:|1769377497
|move|p2a: Hydreigon|Flash Cannon|p1a: Saline Kong
|-supereffective|p1a: Saline Kong
|-damage|p1a: Saline Kong|32/100
|move|p1a: Saline Kong|Salt Cure|p2a: Hydreigon
|-damage|p2a: Hydreigon|37/100
|
|-heal|p1a: Saline Kong|38/100|[from] item: Leftovers
|-damage|p2a: Hydreigon|25/100|[from] Salt Cure
|upkeep
|turn|45
|
|t:|1769377503
|move|p2a: Hydreigon|Flash Cannon|p1a: Saline Kong
|-supereffective|p1a: Saline Kong
|-damage|p1a: Saline Kong|0 fnt
|faint|p1a: Saline Kong
|
|-damage|p2a: Hydreigon|12/100|[from] Salt Cure
|upkeep
|inactive|HarryBobber has 120 seconds left.
|
|t:|1769377536
|switch|p1a: Ogerpon|Ogerpon-Teal-Tera, F, tera:Grass|100/100
|-damage|p1a: Ogerpon|88/100|[from] Stealth Rock
|-ability|p1a: Ogerpon|Embody Aspect (Teal)|boost
|-boost|p1a: Ogerpon|spe|1
|turn|46
|
|t:|1769377543
|move|p1a: Ogerpon|U-turn|p2a: Hydreigon
|-supereffective|p2a: Hydreigon
|-damage|p2a: Hydreigon|0 fnt
|faint|p2a: Hydreigon
|
|t:|1769377546
|switch|p1a: Excadrill|Excadrill, M|100/100|[from] U-turn
|-damage|p1a: Excadrill|97/100|[from] Stealth Rock
|-item|p1a: Excadrill|Air Balloon
|
|upkeep
|
|t:|1769377552
|switch|p2a: Ogerpon|Ogerpon-Teal-Tera, F, tera:Grass|4/100
|-ability|p2a: Ogerpon|Embody Aspect (Teal)|boost
|-boost|p2a: Ogerpon|spe|1
|turn|47
|
|t:|1769377557
|move|p2a: Ogerpon|Ivy Cudgel|p1a: Excadrill
|-damage|p1a: Excadrill|0 fnt
|-enditem|p1a: Excadrill|Air Balloon
|faint|p1a: Excadrill
|
|upkeep
|
|t:|1769377560
|switch|p1a: Ogerpon|Ogerpon-Teal-Tera, F, tera:Grass|88/100
|-damage|p1a: Ogerpon|76/100|[from] Stealth Rock
|-ability|p1a: Ogerpon|Embody Aspect (Teal)|boost
|-boost|p1a: Ogerpon|spe|1
|turn|48
|
|t:|1769377567
|switch|p2a: Pecharunt|Pecharunt|100/100
|move|p1a: Ogerpon|Knock Off|p2a: Pecharunt
|-supereffective|p2a: Pecharunt
|-damage|p2a: Pecharunt|55/100
|-damage|p1a: Ogerpon|59/100|[from] item: Rocky Helmet|[of] p2a: Pecharunt
|-enditem|p2a: Pecharunt|Rocky Helmet|[from] move: Knock Off|[of] p1a: Ogerpon
|
|upkeep
|turn|49
|
|t:|1769377572
|move|p1a: Ogerpon|Knock Off|p2a: Pecharunt
|-supereffective|p2a: Pecharunt
|-damage|p2a: Pecharunt|24/100
|move|p2a: Pecharunt|Malignant Chain|p1a: Ogerpon
|-supereffective|p1a: Ogerpon
|-damage|p1a: Ogerpon|0 fnt
|faint|p1a: Ogerpon
|detailschange|p1: Ogerpon|Ogerpon, F|[silent]
|
|win|fuhfyjddhh
|raw|HarryBobber's rating: 1560 &rarr; <strong>1540</strong><br />(-20 for losing)
|raw|fuhfyjddhh's rating: 1562 &rarr; <strong>1582</strong><br />(+20 for winning)
|l|☆HarryBobber
|player|p1|
|c|☆fuhfyjddhh|gg
