|j|☆zazeraptor
|j|☆garytcrobat
|t:|1769324786
|gametype|singles
|player|p1|zazeraptor|miku-ghost|1265
|player|p2|garytcrobat|102|1224
|gen|9
|tier|[Gen 9] OU
|rated|
|rule|HP Percentage Mod: HP is shown in percentages
|rule|Endless Battle Clause: Forcing endless battles is banned
|rule|Species Clause: Limit one of each Pokémon
|rule|OHKO Clause: OHKO moves are banned
|rule|Evasion Items Clause: Evasion items are banned
|rule|Evasion Moves Clause: Evasion moves are banned
|rule|Evasion Abilities Clause: Evasion abilities are banned
|rule|Sleep Moves Clause: Sleep-inducing moves are banned
|clearpoke
|poke|p1|Zoroark-Hisui, F|
|poke|p1|Alomomola, F|
|poke|p1|Garganacl, F|
|poke|p1|Pecharunt|
|poke|p1|Ogerpon-Wellspring, F|
|poke|p1|Great Tusk|
|poke|p2|Pelipper, F|
|poke|p2|Hatterene, F|
|poke|p2|Iron Treads|
|poke|p2|Toxicroak, F|
|poke|p2|Barraskewda, F|
|poke|p2|Zapdos|
|teampreview
|
|t:|1769324803
|teamsize|p1|6
|teamsize|p2|6
|start
|switch|p1a: Garganacl|Garganacl, F|100/100
|switch|p2a: Pelipper|Pelipper, F|100/100
|-weather|RainDance|[from] ability: Drizzle|[of] p2a: Pelipper
|turn|1
|
|t:|1769324820
|move|p1a: Garganacl|U-turn|p2a: Pelipper
|-resisted|p2a: Pelipper
|-damage|p2a: Pelipper|93/100
|
|t:|1769324823
|switch|p1a: Ogerpon|Ogerpon-Wellspring, F|100/100|[from] U-turn
|move|p2a: Pelipper|Knock Off|p1a: Ogerpon
|-damage|p1a: Ogerpon|89/100
|
|-weather|RainDance|[upkeep]
|upkeep
|turn|2
|
|t:|1769324832
|switch|p2a: Toxicroak|Toxicroak, F|100/100
|move|p1a: Ogerpon|Swords Dance|p1a: Ogerpon
|-boost|p1a: Ogerpon|atk|2
|
|-weather|RainDance|[upkeep]
|upkeep
|turn|3
|
|t:|1769324848
|switch|p1a: Pecharunt|Pecharunt|100/100
|move|p2a: Toxicroak|Toxic|p1a: Pecharunt
|-immune|p1a: Pecharunt
|
|-weather|RainDance|[upkeep]
|upkeep
|turn|4
|
|t:|1769324856
|switch|p2a: Iron Treads|Iron Treads|100/100
|move|p1a: Pecharunt|Parting Shot|p2a: Iron Treads
|-unboost|p2a: Iron Treads|atk|1
|-unboost|p2a: Iron Treads|spa|1
|
|t:|1769324865
|switch|p1a: Ogerpon|Ogerpon-Wellspring, F|89/100|[from] Parting Shot
|
|-weather|RainDance|[upkeep]
|upkeep
|turn|5
|
|t:|1769324874
|move|p1a: Ogerpon|Ivy Cudgel|p2a: Iron Treads|[anim] Ivy Cudgel Water
|-supereffective|p2a: Iron Treads
|-damage|p2a: Iron Treads|0 fnt
|faint|p2a: Iron Treads
|-end|p2a: Iron Treads|Quark Drive|[silent]
|
|-weather|RainDance|[upkeep]
|upkeep
|
|t:|1769324877
|switch|p2a: Toxicroak|Toxicroak, F|100/100
|turn|6
|
|t:|1769324886
|switch|p1a: Pecharunt|Pecharunt|100/100
|move|p2a: Toxicroak|Encore||[still]
|-fail|p2a: Toxicroak
|
|-weather|RainDance|[upkeep]
|upkeep
|turn|7
|
|t:|1769324902
|move|p2a: Toxicroak|Knock Off|p1a: Pecharunt
|-supereffective|p1a: Pecharunt
|-damage|p1a: Pecharunt|78/100
|-enditem|p1a: Pecharunt|Heavy-Duty Boots|[from] move: Knock Off|[of] p2a: Toxicroak
|move|p1a: Pecharunt|Parting Shot|p2a: Toxicroak
|-unboost|p2a: Toxicroak|atk|1
|-unboost|p2a: Toxicroak|spa|1
|
|t:|1769324911
|switch|p1a: Alomomola|Alomomola, F|100/100|[from] Parting Shot
|
|-weather|RainDance|[upkeep]
|upkeep
|turn|8
|
|t:|1769324924
|move|p2a: Toxicroak|Toxic|p1a: Alomomola
|-status|p1a: Alomomola|tox
|move|p1a: Alomomola|Mirror Coat||[still]
|-fail|p1a: Alomomola
|
|-weather|none
|-damage|p1a: Alomomola|94/100 tox|[from] psn
|upkeep
|turn|9
|
|t:|1769324943
|switch|p2a: Pelipper|Pelipper, F|93/100
|-weather|RainDance|[from] ability: Drizzle|[of] p2a: Pelipper
|move|p1a: Alomomola|Flip Turn|p2a: Pelipper
|-resisted|p2a: Pelipper
|-damage|p2a: Pelipper|80/100
|
|t:|1769324962
|switch|p1a: Garganacl|Garganacl, F|100/100|[from] Flip Turn
|
|-weather|RainDance|[upkeep]
|upkeep
|turn|10
|
|t:|1769324980
|switch|p2a: Hatterene|Hatterene, F|100/100
|move|p1a: Garganacl|Shadow Ball|p2a: Hatterene
|-supereffective|p2a: Hatterene
|-damage|p2a: Hatterene|0 fnt
|faint|p2a: Hatterene
|
|-weather|RainDance|[upkeep]
|upkeep
|
|t:|1769324989
|switch|p2a: Zapdos|Zapdos|100/100
|turn|11
|
|t:|1769324996
|switch|p1a: Garganacl|Garganacl, F|100/100
|move|p2a: Zapdos|Weather Ball|p1a: Garganacl
|-supereffective|p1a: Garganacl
|-damage|p1a: Garganacl|0 fnt
|faint|p1a: Garganacl
|
|-weather|RainDance|[upkeep]
|upkeep
|
|t:|1769325003
|switch|p1a: Ogerpon|Ogerpon-Wellspring, F|100/100
|turn|12
|
|t:|1769325009
|switch|p2a: Toxicroak|Toxicroak, F|100/100
|move|p1a: Ogerpon|Shadow Ball|p2a: Toxicroak
|-damage|p2a: Toxicroak|25/100
|
|-weather|RainDance|[upkeep]
|-heal|p2a: Toxicroak|38/100|[from] ability: Dry Skin
|upkeep
|turn|13
|
|t:|1769325029
|switch|p2a: Barraskewda|Barraskewda, F|100/100
|move|p1a: Ogerpon|Shadow Ball|p2a: Barraskewda
|-damage|p2a: Barraskewda|0 fnt
|faint|p2a: Barraskewda
|
|-weather|RainDance|[upkeep]
|upkeep
|
|t:|1769325035
|switch|p2a: Zapdos|Zapdos|100/100
|turn|14
|
|t:|1769325040
|-terastallize|p2a: Zapdos|Flying
|move|p1a: Ogerpon|Shadow Ball|p2a: Zapdos
|-damage|p2a: Zapdos|27/100
|move|p2a: Zapdos|Hurricane|p1a: Ogerpon
|-damage|p1a: Ogerpon|0 fnt
|replace|p1a: Zoroark|Zoroark-Hisui, F, shiny
|-end|p1a: Zoroark|Illusion
|faint|p1a: Zoroark
|
|-weather|RainDance|[upkeep]
|upkeep
|
|t:|1769325051
|switch|p1a: Alomomola|Alomomola, F|100/100 tox
|turn|15
|
|t:|1769325057
|switch|p2a: Toxicroak|Toxicroak, F|38/100
|move|p1a: Alomomola|Flip Turn|p2a: Toxicroak
|-heal|p2a: Toxicroak|63/100|[from] ability: Dry Skin|[of] p1a: Alomomola
|
|-weather|RainDance|[upkeep]
|-heal|p2a: Toxicroak|75/100|[from] ability: Dry Skin
|-damage|p1a: Alomomola|94/100 tox|[from] psn
|upkeep
|turn|16
|
|t:|1769325065
|move|p2a: Toxicroak|Knock Off|p1a: Alomomola
|-damage|p1a: Alomomola|77/100 tox
|-enditem|p1a: Alomomola|Assault Vest|[from] move: Knock Off|[of] p2a: Toxicroak
|move|p1a: Alomomola|Body Slam|p2a: Toxicroak
|-damage|p2a: Toxicroak|61/100
|-damage|p1a: Alomomola|61/100 tox|[from] item: Rocky Helmet|[of] p2a: Toxicroak
|
|-weather|none
|-damage|p1a: Alomomola|49/100 tox|[from] psn
|upkeep
|turn|17
|
|t:|1769325074
|switch|p2a: Pelipper|Pelipper, F|80/100
|-weather|RainDance|[from] ability: Drizzle|[of] p2a: Pelipper
|move|p1a: Alomomola|Mirror Coat||[still]
|-fail|p1a: Alomomola
|
|-weather|RainDance|[upkeep]
|-damage|p1a: Alomomola|30/100 tox|[from] psn
|upkeep
|turn|18
|
|t:|1769325084
|move|p1a: Alomomola|Body Slam|p2a: Pelipper
|-damage|p2a: Pelipper|65/100
|move|p2a: Pelipper|U-turn|p1a: Alomomola
|-damage|p1a: Alomomola|24/100 tox
|
|t:|1769325088
|switch|p2a: Toxicroak|Toxicroak, F|61/100|[from] U-turn
|
|-weather|RainDance|[upkeep]
|-heal|p2a: Toxicroak|73/100|[from] ability: Dry Skin
|-damage|p1a: Alomomola|0 fnt|[from] psn
|faint|p1a: Alomomola
|upkeep
|
|t:|1769325091
|switch|p1a: Great Tusk|Great Tusk|100/100
|turn|19
|
|t:|1769325103
|switch|p2a: Pelipper|Pelipper, F|65/100
|move|p1a: Great Tusk|Ice Spinner|p2a: Pelipper
|-damage|p2a: Pelipper|34/100
|
|-weather|RainDance|[upkeep]
|upkeep
|turn|20
|
|t:|1769325113
|move|p1a: Great Tusk|Close Combat|p2a: Pelipper
|-resisted|p2a: Pelipper
|-crit|p2a: Pelipper
|-damage|p2a: Pelipper|0 fnt
|-unboost|p1a: Great Tusk|def|1
|-unboost|p1a: Great Tusk|spd|1
|faint|p2a: Pelipper
|
|-weather|RainDance|[upkeep]
|upkeep
|
|t:|1769325116
|switch|p2a: Zapdos|Zapdos, tera:Flying|27/100
|turn|21
|
|t:|1769325123
|-end|p1a: Great Tusk|Protosynthesis|[silent]
|switch|p1a: Ogerpon|Ogerpon-Wellspring, F|89/100
|move|p2a: Zapdos|Hurricane|p1a: Ogerpon
|-supereffective|p1a: Ogerpon
|-crit|p1a: Ogerpon
|-damage|p1a: Ogerpon|0 fnt
|faint|p1a: Ogerpon
|
|-weather|RainDance|[upkeep]
|upkeep
|
|t:|1769325127
|switch|p1a: Pecharunt|Pecharunt|78/100
|turn|22
|
|t:|1769325132
|move|p2a: Zapdos|Hurricane|p1a: Pecharunt
|-damage|p1a: Pecharunt|0 fnt
|faint|p1a: Pecharunt
|
|-weather|RainDance|[upkeep]
|upkeep
|
|t:|1769325135
|switch|p1a: Great Tusk|Great Tusk|100/100
|turn|23
|c|☆garytcrobat|ggz
|
|t:|1769325140
|-terastallize|p1a: Great Tusk|Ground
|move|p2a: Zapdos|Hurricane|p1a: Great Tusk
|-crit|p1a: Great Tusk
|-damage|p1a: Great Tusk|0 fnt
|faint|p1a: Great Tusk
|-end|p1a: Great Tusk|Protosynthesis|[silent]
|
|win|garytcrobat
|raw|zazeraptor's rating: 1265 &rarr; <strong>1237</strong><br />(-28 for losing)
|raw|garytcrobat's rating: 1224 &rarr; <strong>1252</strong><br />(+28 for winning)
|l|☆zazeraptor
|player|p1|
