|j|☆Hhoottddoogg
|j|☆Fabe3107
|t:|1769439618
|gametype|singles
|player|p1|Hhoottddoogg|170|1257
|player|p2|Fabe3107|101|1240
|gen|9
|tier|[Gen 9] OU
|rated|
|rule|HP Percentage Mod: HP is shown in percentages
|rule|Endless Battle Clause: Forcing endless battles is banned
|rule|Species Clause: Limit one of each Pokémon
|rule|OHKO Clause: OHKO moves are banned
|rule|Evasion Items Clause: Evasion items are banned
|rule|Evasion Moves Clause: Evasion moves are banned
|rule|Evasion Abilities Clause: Evasion abilities are banned
|rule|Sleep Moves Clause: Sleep-inducing moves are banned
|clearpoke
|poke|p1|Serperior, F|
|poke|p1|Kingambit, F|
|poke|p1|Empoleon, F|
|poke|p1|Slowbro-Galar, F|
|poke|p1|Moltres-Galar|
|poke|p1|Vikavolt, F|
|poke|p2|Grimmsnarl, M|
|poke|p2|Iron Treads|
|poke|p2|Raging Bolt|
|poke|p2|Deoxys-Speed|
|poke|p2|Ogerpon-Wellspring, F|
|poke|p2|Ceruledge, M|
|teampreview
|inactive|Battle timer is ON: inactive players will automatically lose when time's up. (requested by Fabe3107)
|inactive|Fabe3107 has 120 seconds left.
|inactive|Fabe3107 has 90 seconds left.
|
|t:|1769439696
|teamsize|p1|6
|teamsize|p2|6
|start
|switch|p1a: Vikavolt|Vikavolt, F|100/100
|switch|p2a: Grimmsnarl|Grimmsnarl, M, shiny|100/100
|turn|1
|
|t:|1769439705
|move|p2a: Grimmsnarl|Taunt|p1a: Vikavolt
|-start|p1a: Vikavolt|move: Taunt
|cant|p1a: Vikavolt|move: Taunt|Sticky Web
|
|upkeep
|turn|2
|
|t:|1769439725
|move|p2a: Grimmsnarl|Light Screen|p2a: Grimmsnarl
|-sidestart|p2: Fabe3107|move: Light Screen
|move|p1a: Vikavolt|Discharge|p2a: Grimmsnarl
|-damage|p2a: Grimmsnarl|70/100
|
|upkeep
|turn|3
|
|t:|1769439742
|switch|p2a: Iron Treads|Iron Treads, shiny|100/100
|-enditem|p2a: Iron Treads|Booster Energy
|-activate|p2a: Iron Treads|ability: Quark Drive|[fromitem]
|-start|p2a: Iron Treads|quarkdrivespe
|switch|p1a: Kingambit|Kingambit, F|100/100
|
|upkeep
|turn|4
|
|t:|1769439753
|move|p2a: Iron Treads|Stealth Rock|p1a: Kingambit
|-sidestart|p1: Hhoottddoogg|move: Stealth Rock
|move|p1a: Kingambit|Kowtow Cleave|p2a: Iron Treads
|-damage|p2a: Iron Treads|46/100
|
|upkeep
|turn|5
|
|t:|1769439760
|move|p2a: Iron Treads|Earth Power|p1a: Kingambit
|-supereffective|p1a: Kingambit
|-damage|p1a: Kingambit|35/100
|-unboost|p1a: Kingambit|spd|1
|-ability|p1a: Kingambit|Defiant|boost
|-boost|p1a: Kingambit|atk|2
|move|p1a: Kingambit|Kowtow Cleave|p2a: Iron Treads
|-damage|p2a: Iron Treads|0 fnt
|faint|p2a: Iron Treads
|-end|p2a: Iron Treads|Quark Drive|[silent]
|
|upkeep
|
|t:|1769439769
|switch|p2a: Grimmsnarl|Grimmsnarl, M, shiny|70/100
|turn|6
|
|t:|1769439776
|move|p2a: Grimmsnarl|Low Kick|p1a: Kingambit
|-supereffective|p1a: Kingambit
|-damage|p1a: Kingambit|0 fnt
|faint|p1a: Kingambit
|
|upkeep
|inactive|Hhoottddoogg has 120 seconds left.
|
|t:|1769439814
|switch|p1a: Slowbro|Slowbro-Galar, F|100/100
|-damage|p1a: Slowbro|88/100|[from] Stealth Rock
|turn|7
|-activate|p1a: Slowbro|ability: Quick Draw
|
|t:|1769439825
|move|p2a: Grimmsnarl|Reflect|p2a: Grimmsnarl
|-sidestart|p2: Fabe3107|Reflect
|move|p1a: Slowbro|Shell Side Arm|p2a: Grimmsnarl|[anim] Shell Side Arm Special
|-supereffective|p2a: Grimmsnarl
|-damage|p2a: Grimmsnarl|13/100
|-hint|Special Shell Side Arm
|
|upkeep
|turn|8
|inactive|Hhoottddoogg has 120 seconds left.
|
|t:|1769439849
|switch|p2a: Deoxys|Deoxys-Speed, shiny|100/100
|-ability|p2a: Deoxys|Pressure
|move|p1a: Slowbro|Shell Side Arm|p2a: Deoxys|[anim] Shell Side Arm Special
|-damage|p2a: Deoxys|68/100
|-hint|Special Shell Side Arm
|
|-heal|p2a: Deoxys|74/100|[from] item: Leftovers
|upkeep
|turn|9
|inactive|Hhoottddoogg has 120 seconds left.
|-activate|p1a: Slowbro|ability: Quick Draw
|
|t:|1769439870
|move|p1a: Slowbro|Shell Side Arm|p2a: Deoxys|[anim] Shell Side Arm Special
|-damage|p2a: Deoxys|42/100
|-hint|Special Shell Side Arm
|move|p2a: Deoxys|Psycho Boost|p1a: Slowbro|[miss]
|-miss|p2a: Deoxys|p1a: Slowbro
|
|-heal|p2a: Deoxys|48/100|[from] item: Leftovers
|-sideend|p2: Fabe3107|move: Light Screen
|upkeep
|turn|10
|
|t:|1769439880
|move|p2a: Deoxys|Psycho Boost|p1a: Slowbro
|-damage|p1a: Slowbro|16/100
|-unboost|p2a: Deoxys|spa|2
|move|p1a: Slowbro|Shell Side Arm|p2a: Deoxys|[anim] Shell Side Arm Special
|-damage|p2a: Deoxys|0 fnt
|-hint|Special Shell Side Arm
|faint|p2a: Deoxys
|
|upkeep
|inactive|Fabe3107 has 120 seconds left.
|
|t:|1769439891
|switch|p2a: Ceruledge|Ceruledge, M, shiny|100/100
|turn|11
|
|t:|1769439898
|move|p2a: Ceruledge|Shadow Sneak|p1a: Slowbro
|-supereffective|p1a: Slowbro
|-damage|p1a: Slowbro|0 fnt
|faint|p1a: Slowbro
|-damage|p2a: Ceruledge|91/100|[from] item: Life Orb
|
|upkeep
|
|t:|1769439902
|switch|p1a: Empoleon|Empoleon, F|100/100
|-damage|p1a: Empoleon|94/100|[from] Stealth Rock
|turn|12
|
|t:|1769439911
|switch|p2a: Ogerpon|Ogerpon-Wellspring, F|100/100
|move|p1a: Empoleon|Ice Beam|p2a: Ogerpon
|-damage|p2a: Ogerpon|67/100
|
|upkeep
|turn|13
|
|t:|1769439924
|switch|p1a: Serperior|Serperior, F|100/100
|-damage|p1a: Serperior|88/100|[from] Stealth Rock
|-terastallize|p2a: Ogerpon|Water
|detailschange|p2a: Ogerpon|Ogerpon-Wellspring-Tera, F, tera:Water
|-ability|p2a: Ogerpon|Embody Aspect (Wellspring)|boost
|-boost|p2a: Ogerpon|spd|1
|move|p2a: Ogerpon|Trailblaze|p1a: Serperior
|-resisted|p1a: Serperior
|-damage|p1a: Serperior|68/100
|-boost|p2a: Ogerpon|spe|1
|
|upkeep
|turn|14
|
|t:|1769439942
|move|p2a: Ogerpon|Play Rough|p1a: Serperior
|-damage|p1a: Serperior|22/100
|move|p1a: Serperior|Glare|p2a: Ogerpon
|-status|p2a: Ogerpon|par
|
|-sideend|p2: Fabe3107|Reflect
|upkeep
|turn|15
|
|t:|1769439956
|move|p1a: Serperior|Leaf Storm|p2a: Ogerpon
|-supereffective|p2a: Ogerpon
|-damage|p2a: Ogerpon|0 fnt
|-boost|p1a: Serperior|spa|2
|faint|p2a: Ogerpon
|detailschange|p2: Ogerpon|Ogerpon-Wellspring, F|[silent]
|
|upkeep
|
|t:|1769439964
|switch|p2a: Ceruledge|Ceruledge, M, shiny|91/100
|turn|16
|
|t:|1769439974
|move|p2a: Ceruledge|Shadow Sneak|p1a: Serperior
|-damage|p1a: Serperior|0 fnt
|faint|p1a: Serperior
|-damage|p2a: Ceruledge|81/100|[from] item: Life Orb
|
|upkeep
|
|t:|1769439978
|switch|p1a: Moltres|Moltres-Galar|100/100
|-damage|p1a: Moltres|76/100|[from] Stealth Rock
|turn|17
|
|t:|1769440004
|move|p1a: Moltres|Air Slash|p2a: Ceruledge
|-damage|p2a: Ceruledge|38/100
|move|p2a: Ceruledge|Bitter Blade|p1a: Moltres
|-damage|p1a: Moltres|0 fnt
|-heal|p2a: Ceruledge|77/100|[from] drain|[of] p1a: Moltres
|faint|p1a: Moltres
|-damage|p2a: Ceruledge|67/100|[from] item: Life Orb
|
|upkeep
|inactive|Hhoottddoogg has 120 seconds left.
|inactive|Hhoottddoogg has 90 seconds left.
|inactive|Hhoottddoogg has 60 seconds left.
|inactive|Hhoottddoogg has 30 seconds left.
|inactive|Hhoottddoogg has 20 seconds left.
|inactive|Hhoottddoogg has 15 seconds left.
|inactive|Hhoottddoogg has 10 seconds left.
|inactive|Hhoottddoogg has 5 seconds left.
|-message|Hhoottddoogg lost due to inactivity.
|
|win|Fabe3107
|raw|Hhoottddoogg's rating: 1257 &rarr; <strong>1231</strong><br />(-26 for losing)
|raw|Fabe3107's rating: 1240 &rarr; <strong>1266</strong><br />(+26 for winning)
|l|☆Hhoottddoogg
|player|p1|
|l|☆Fabe3107
|player|p2|
