|j|☆Mandarine061
|j|☆Cthuluhoop1738
|t:|1769358507
|gametype|singles
|player|p1|Mandarine061|bianca-pwt|1326
|player|p2|Cthuluhoop1738|ethan|1304
|gen|9
|tier|[Gen 9] OU
|rated|
|rule|HP Percentage Mod: HP is shown in percentages
|rule|Endless Battle Clause: Forcing endless battles is banned
|rule|Species Clause: Limit one of each Pokémon
|rule|OHKO Clause: OHKO moves are banned
|rule|Evasion Items Clause: Evasion items are banned
|rule|Evasion Moves Clause: Evasion moves are banned
|rule|Evasion Abilities Clause: Evasion abilities are banned
|rule|Sleep Moves Clause: Sleep-inducing moves are banned
|clearpoke
|poke|p1|Iron Valiant|
|poke|p1|Heatran, F|
|poke|p1|Ogerpon-Wellspring, F|
|poke|p1|Great Tusk|
|poke|p1|Gholdengo|
|poke|p1|Dragapult, F|
|poke|p2|Ceruledge, M|
|poke|p2|Cloyster, M|
|poke|p2|Latias, F|
|poke|p2|Iron Valiant|
|poke|p2|Ogerpon-Wellspring, F|
|poke|p2|Grafaiai, M|
|teampreview
|inactive|Battle timer is ON: inactive players will automatically lose when time's up. (requested by Cthuluhoop1738)
|inactive|Mandarine061 has 120 seconds left.
|
|t:|1769358540
|teamsize|p1|6
|teamsize|p2|6
|start
|switch|p1a: Gholdengo|Gholdengo|100/100
|switch|p2a: Ogerpon|Ogerpon-Wellspring, F|100/100
|-item|p1a: Gholdengo|Air Balloon
|turn|1
|
|t:|1769358550
|switch|p1a: Ogerpon|Ogerpon-Wellspring, F|100/100
|move|p2a: Ogerpon|Swords Dance|p2a: Ogerpon
|-boost|p2a: Ogerpon|atk|2
|
|upkeep
|turn|2
|
|t:|1769358554
|move|p2a: Ogerpon|Trailblaze|p1a: Ogerpon
|-damage|p1a: Ogerpon|29/100
|-boost|p2a: Ogerpon|spe|1
|move|p1a: Ogerpon|Encore|p2a: Ogerpon
|-start|p2a: Ogerpon|Encore
|
|upkeep
|turn|3
|
|t:|1769358560
|switch|p1a: Heatran|Heatran, F|100/100
|move|p2a: Ogerpon|Trailblaze|p1a: Heatran
|-resisted|p1a: Heatran
|-damage|p1a: Heatran|88/100
|-boost|p2a: Ogerpon|spe|1
|
|-heal|p1a: Heatran|95/100|[from] item: Leftovers
|upkeep
|turn|4
|
|t:|1769358569
|-terastallize|p2a: Ogerpon|Water
|detailschange|p2a: Ogerpon|Ogerpon-Wellspring-Tera, F, tera:Water
|-ability|p2a: Ogerpon|Embody Aspect (Wellspring)|boost
|-boost|p2a: Ogerpon|spd|1
|move|p2a: Ogerpon|Trailblaze|p1a: Heatran
|-resisted|p1a: Heatran
|-damage|p1a: Heatran|81/100
|-boost|p2a: Ogerpon|spe|1
|move|p1a: Heatran|Will-O-Wisp|p2a: Ogerpon
|-status|p2a: Ogerpon|brn
|
|-heal|p1a: Heatran|87/100|[from] item: Leftovers
|-damage|p2a: Ogerpon|95/100 brn|[from] brn
|upkeep
|turn|5
|
|t:|1769358578
|-terastallize|p1a: Heatran|Grass
|move|p2a: Ogerpon|Trailblaze|p1a: Heatran
|-resisted|p1a: Heatran
|-damage|p1a: Heatran|75/100
|-boost|p2a: Ogerpon|spe|1
|move|p1a: Heatran|Magma Storm|p2a: Ogerpon
|-resisted|p2a: Ogerpon
|-damage|p2a: Ogerpon|77/100 brn
|-activate|p2a: Ogerpon|move: Magma Storm|[of] p1a: Heatran
|
|-heal|p1a: Heatran|82/100|[from] item: Leftovers
|-damage|p2a: Ogerpon|71/100 brn|[from] brn
|-damage|p2a: Ogerpon|59/100 brn|[from] move: Magma Storm|[partiallytrapped]
|-end|p2a: Ogerpon|Encore
|upkeep
|turn|6
|
|t:|1769358597
|move|p2a: Ogerpon|Ivy Cudgel|p1a: Heatran|[anim] Ivy Cudgel Water
|-resisted|p1a: Heatran
|-crit|p1a: Heatran
|-damage|p1a: Heatran|34/100
|move|p1a: Heatran|Earth Power|p2a: Ogerpon
|-damage|p2a: Ogerpon|39/100 brn
|-unboost|p2a: Ogerpon|spd|1
|
|-heal|p1a: Heatran|41/100|[from] item: Leftovers
|-damage|p2a: Ogerpon|33/100 brn|[from] brn
|-damage|p2a: Ogerpon|20/100 brn|[from] move: Magma Storm|[partiallytrapped]
|upkeep
|turn|7
|
|t:|1769358612
|move|p2a: Ogerpon|Ivy Cudgel|p1a: Heatran|[anim] Ivy Cudgel Water
|-resisted|p1a: Heatran
|-damage|p1a: Heatran|5/100
|move|p1a: Heatran|Stealth Rock|p2a: Ogerpon
|-sidestart|p2: Cthuluhoop1738|move: Stealth Rock
|
|-heal|p1a: Heatran|11/100|[from] item: Leftovers
|-damage|p2a: Ogerpon|14/100 brn|[from] brn
|-damage|p2a: Ogerpon|2/100 brn|[from] move: Magma Storm|[partiallytrapped]
|upkeep
|turn|8
|
|t:|1769358623
|move|p2a: Ogerpon|Horn Leech|p1a: Heatran
|-resisted|p1a: Heatran
|-damage|p1a: Heatran|0 fnt
|-heal|p2a: Ogerpon|9/100 brn|[from] drain|[of] p1a: Heatran
|faint|p1a: Heatran
|
|-damage|p2a: Ogerpon|3/100 brn|[from] brn
|-end|p2a: Ogerpon|Magma Storm|[partiallytrapped]|[silent]
|upkeep
|inactive|Mandarine061 has 120 seconds left.
|
|t:|1769358655
|switch|p1a: Ogerpon|Ogerpon-Wellspring, F|29/100
|turn|9
|
|t:|1769358658
|move|p2a: Ogerpon|Horn Leech|p1a: Ogerpon
|-damage|p1a: Ogerpon|0 fnt
|-heal|p2a: Ogerpon|18/100 brn|[from] drain|[of] p1a: Ogerpon
|faint|p1a: Ogerpon
|
|-damage|p2a: Ogerpon|12/100 brn|[from] brn
|upkeep
|inactive|Mandarine061 has 120 seconds left.
|c|☆Mandarine061|i have no priority...
|-message|Mandarine061 forfeited.
|
|win|Cthuluhoop1738
|raw|Mandarine061's rating: 1326 &rarr; <strong>1305</strong><br />(-21 for losing)
|raw|Cthuluhoop1738's rating: 1304 &rarr; <strong>1325</strong><br />(+21 for winning)
|l|☆Cthuluhoop1738
|player|p2|
