|j|☆Phone ladder only
|j|☆youseeme20226
|t:|1769408638
|gametype|singles
|player|p1|Phone ladder only|clerk|1176
|player|p2|youseeme20226|170|1219
|gen|9
|tier|[Gen 9] OU
|rated|
|rule|HP Percentage Mod: HP is shown in percentages
|rule|Endless Battle Clause: Forcing endless battles is banned
|rule|Species Clause: Limit one of each Pokémon
|rule|OHKO Clause: OHKO moves are banned
|rule|Evasion Items Clause: Evasion items are banned
|rule|Evasion Moves Clause: Evasion moves are banned
|rule|Evasion Abilities Clause: Evasion abilities are banned
|rule|Sleep Moves Clause: Sleep-inducing moves are banned
|clearpoke
|poke|p1|Dragonite, F|
|poke|p1|Garganacl, M|
|poke|p1|Zamazenta-*|
|poke|p1|Hatterene, F|
|poke|p1|Kyurem|
|poke|p1|Iron Treads|
|poke|p2|Dodrio, M|
|poke|p2|Latios, M|
|poke|p2|Glastrier|
|poke|p2|Honchkrow, F|
|poke|p2|Bastiodon, M|
|poke|p2|Victreebel, M|
|teampreview
|inactive|Battle timer is ON: inactive players will automatically lose when time's up. (requested by Phone ladder only)
|
|t:|1769408657
|teamsize|p1|6
|teamsize|p2|6
|start
|switch|p1a: Garganacl|Garganacl, M|100/100
|switch|p2a: Victreebel|Victreebel, M|100/100
|turn|1
|
|t:|1769408662
|move|p2a: Victreebel|Sunny Day|p2a: Victreebel
|-weather|SunnyDay
|move|p1a: Garganacl|Stealth Rock|p2a: Victreebel
|-sidestart|p2: youseeme20226|move: Stealth Rock
|
|-weather|SunnyDay|[upkeep]
|upkeep
|turn|2
|
|t:|1769408681
|switch|p1a: Dragonite|Dragonite, F|100/100
|move|p2a: Victreebel|Solar Beam||[still]
|-prepare|p2a: Victreebel|Solar Beam
|-anim|p2a: Victreebel|Solar Beam|p1a: Dragonite
|-resisted|p1a: Dragonite
|-damage|p1a: Dragonite|92/100
|-damage|p2a: Victreebel|91/100|[from] item: Life Orb
|
|-weather|SunnyDay|[upkeep]
|upkeep
|turn|3
|
|t:|1769408690
|move|p2a: Victreebel|Sludge Wave|p1a: Dragonite
|-damage|p1a: Dragonite|38/100
|-damage|p2a: Victreebel|81/100|[from] item: Life Orb
|move|p1a: Dragonite|Dragon Tail|p2a: Victreebel
|-damage|p2a: Victreebel|24/100
|drag|p2a: Honchkrow|Honchkrow, F|100/100
|-damage|p2a: Honchkrow|76/100|[from] Stealth Rock
|
|-weather|SunnyDay|[upkeep]
|upkeep
|turn|4
|
|t:|1769408705
|move|p2a: Honchkrow|Brave Bird|p1a: Dragonite
|-damage|p1a: Dragonite|0 fnt
|faint|p1a: Dragonite
|-ability|p2a: Honchkrow|Moxie|boost
|-boost|p2a: Honchkrow|atk|1
|-damage|p2a: Honchkrow|62/100|[from] Recoil
|
|-weather|SunnyDay|[upkeep]
|upkeep
|
|t:|1769408711
|switch|p1a: Garganacl|Garganacl, M|100/100
|turn|5
|
|t:|1769408720
|move|p2a: Honchkrow|Sucker Punch|p1a: Garganacl
|-damage|p1a: Garganacl|65/100
|move|p1a: Garganacl|Salt Cure|p2a: Honchkrow
|-supereffective|p2a: Honchkrow
|-damage|p2a: Honchkrow|15/100
|-start|p2a: Honchkrow|Salt Cure
|
|-weather|none
|-heal|p1a: Garganacl|72/100|[from] item: Leftovers
|-damage|p2a: Honchkrow|3/100|[from] Salt Cure
|upkeep
|turn|6
|
|t:|1769408730
|move|p2a: Honchkrow|Sucker Punch||[still]
|-fail|p2a: Honchkrow
|move|p1a: Garganacl|Recover|p1a: Garganacl
|-heal|p1a: Garganacl|100/100
|
|-damage|p2a: Honchkrow|0 fnt|[from] Salt Cure
|faint|p2a: Honchkrow
|upkeep
|
|t:|1769408737
|switch|p2a: Victreebel|Victreebel, M|24/100
|-damage|p2a: Victreebel|12/100|[from] Stealth Rock
|turn|7
|
|t:|1769408748
|move|p2a: Victreebel|Strength Sap|p1a: Garganacl
|-unboost|p1a: Garganacl|atk|1
|-heal|p2a: Victreebel|91/100
|move|p1a: Garganacl|Salt Cure|p2a: Victreebel
|-damage|p2a: Victreebel|75/100
|-start|p2a: Victreebel|Salt Cure
|
|-damage|p2a: Victreebel|63/100|[from] Salt Cure
|upkeep
|turn|8
|
|t:|1769408766
|switch|p1a: Hatterene|Hatterene, F|100/100
|move|p2a: Victreebel|Sunny Day|p2a: Victreebel
|-weather|SunnyDay
|
|-weather|SunnyDay|[upkeep]
|-damage|p2a: Victreebel|51/100|[from] Salt Cure
|upkeep
|turn|9
|
|t:|1769408773
|-terastallize|p1a: Hatterene|Water
|move|p2a: Victreebel|Sludge Wave|p1a: Hatterene
|-damage|p1a: Hatterene|41/100
|-damage|p2a: Victreebel|41/100|[from] item: Life Orb
|move|p1a: Hatterene|Psychic Noise|p2a: Victreebel
|-supereffective|p2a: Victreebel
|-damage|p2a: Victreebel|0 fnt
|faint|p2a: Victreebel
|
|-weather|SunnyDay|[upkeep]
|upkeep
|
|t:|1769408787
|switch|p2a: Dodrio|Dodrio, M|100/100
|-damage|p2a: Dodrio|76/100|[from] Stealth Rock
|turn|10
|
|t:|1769408793
|switch|p1a: Iron Treads|Iron Treads|100/100
|move|p2a: Dodrio|Drill Peck|p1a: Iron Treads
|-resisted|p1a: Iron Treads
|-damage|p1a: Iron Treads|83/100
|
|-weather|SunnyDay|[upkeep]
|-heal|p1a: Iron Treads|89/100|[from] item: Leftovers
|upkeep
|turn|11
|
|t:|1769408801
|move|p2a: Dodrio|Endure|p2a: Dodrio
|-singleturn|p2a: Dodrio|move: Endure
|move|p1a: Iron Treads|Knock Off|p2a: Dodrio
|-damage|p2a: Dodrio|27/100
|-enditem|p2a: Dodrio|Wiki Berry|[from] move: Knock Off|[of] p1a: Iron Treads
|
|-weather|SunnyDay|[upkeep]
|-heal|p1a: Iron Treads|95/100|[from] item: Leftovers
|upkeep
|turn|12
|
|t:|1769408809
|move|p2a: Dodrio|Drill Run|p1a: Iron Treads
|-supereffective|p1a: Iron Treads
|-damage|p1a: Iron Treads|49/100
|move|p1a: Iron Treads|Rapid Spin|p2a: Dodrio
|-damage|p2a: Dodrio|0 fnt
|-boost|p1a: Iron Treads|spe|1
|faint|p2a: Dodrio
|
|-weather|none
|-heal|p1a: Iron Treads|55/100|[from] item: Leftovers
|upkeep
|
|t:|1769408818
|switch|p2a: Latios|Latios, M|100/100
|-damage|p2a: Latios|88/100|[from] Stealth Rock
|turn|13
|
|t:|1769408823
|move|p1a: Iron Treads|Ice Spinner|p2a: Latios
|-supereffective|p2a: Latios
|-damage|p2a: Latios|15/100
|move|p2a: Latios|Aura Sphere|p1a: Iron Treads
|-supereffective|p1a: Iron Treads
|-damage|p1a: Iron Treads|0 fnt
|faint|p1a: Iron Treads
|-end|p1a: Iron Treads|Quark Drive|[silent]
|
|upkeep
|
|t:|1769408833
|switch|p1a: Zamazenta|Zamazenta|100/100
|-ability|p1a: Zamazenta|Dauntless Shield|boost
|-boost|p1a: Zamazenta|def|1
|turn|14
|
|t:|1769408839
|move|p1a: Zamazenta|Crunch|p2a: Latios
|-supereffective|p2a: Latios
|-damage|p2a: Latios|0 fnt
|faint|p2a: Latios
|
|upkeep
|
|t:|1769408843
|switch|p2a: Bastiodon|Bastiodon, M|100/100
|-damage|p2a: Bastiodon|94/100|[from] Stealth Rock
|turn|15
|
|t:|1769408848
|-terastallize|p2a: Bastiodon|Rock
|move|p1a: Zamazenta|Iron Defense|p1a: Zamazenta
|-boost|p1a: Zamazenta|def|2
|move|p2a: Bastiodon|Metal Burst||[still]
|-fail|p2a: Bastiodon
|
|upkeep
|turn|16
|
|t:|1769408857
|move|p1a: Zamazenta|Iron Defense|p1a: Zamazenta
|-boost|p1a: Zamazenta|def|2
|move|p2a: Bastiodon|Metal Burst||[still]
|-fail|p2a: Bastiodon
|
|upkeep
|turn|17
|-message|youseeme20226 forfeited.
|
|win|Phone ladder only
|raw|Phone ladder only's rating: 1176 &rarr; <strong>1204</strong><br />(+28 for winning)
|raw|youseeme20226's rating: 1219 &rarr; <strong>1191</strong><br />(-28 for losing)
|l|☆youseeme20226
|player|p2|
|l|☆Phone ladder only
|player|p1|
