|j|☆GorLeon
|j|☆noigbenga
|t:|1769343006
|gametype|singles
|player|p1|GorLeon|dragontamer|1268
|player|p2|noigbenga|miku-ground|1203
|gen|9
|tier|[Gen 9] OU
|rated|
|rule|HP Percentage Mod: HP is shown in percentages
|rule|Endless Battle Clause: Forcing endless battles is banned
|rule|Species Clause: Limit one of each Pokémon
|rule|OHKO Clause: OHKO moves are banned
|rule|Evasion Items Clause: Evasion items are banned
|rule|Evasion Moves Clause: Evasion moves are banned
|rule|Evasion Abilities Clause: Evasion abilities are banned
|rule|Sleep Moves Clause: Sleep-inducing moves are banned
|clearpoke
|poke|p1|Slowking-Galar, M|
|poke|p1|Mandibuzz, F|
|poke|p1|Magnezone|
|poke|p1|Great Tusk|
|poke|p1|Rillaboom, F|
|poke|p1|Dragapult, F|
|poke|p2|Zamazenta-*|
|poke|p2|Kyurem|
|poke|p2|Darkrai|
|poke|p2|Ogerpon-Wellspring, F|
|poke|p2|Conkeldurr, M|
|poke|p2|Morpeko, M|
|teampreview
|inactive|Battle timer is ON: inactive players will automatically lose when time's up. (requested by noigbenga)
|inactive|GorLeon also wants the timer to be on.
|c|☆GorLeon|gl hf
|inactive|noigbenga has 120 seconds left.
|
|t:|1769343054
|teamsize|p1|6
|teamsize|p2|6
|start
|switch|p1a: Dragapult|Dragapult, F|100/100
|switch|p2a: Morpeko|Morpeko, M, shiny|100/100
|turn|1
|
|t:|1769343063
|move|p1a: Dragapult|U-turn|p2a: Morpeko
|-supereffective|p2a: Morpeko
|-enditem|p2a: Morpeko|Focus Sash
|-damage|p2a: Morpeko|1/100
|
|t:|1769343070
|switch|p1a: Magnezone|Magnezone|100/100|[from] U-turn
|move|p2a: Morpeko|Parting Shot|p1a: Magnezone
|-unboost|p1a: Magnezone|atk|1
|-unboost|p1a: Magnezone|spa|1
|
|t:|1769343075
|switch|p2a: Conkeldurr|Conkeldurr, M, shiny|100/100|[from] Parting Shot
|
|-status|p2a: Conkeldurr|brn|[from] item: Flame Orb
|upkeep
|turn|2
|
|t:|1769343088
|move|p1a: Magnezone|Volt Switch|p2a: Conkeldurr
|-damage|p2a: Conkeldurr|62/100 brn
|
|t:|1769343099
|switch|p1a: Great Tusk|Great Tusk|100/100|[from] Volt Switch
|move|p2a: Conkeldurr|Knock Off|p1a: Great Tusk
|-resisted|p1a: Great Tusk
|-damage|p1a: Great Tusk|90/100
|-enditem|p1a: Great Tusk|Leftovers|[from] move: Knock Off|[of] p2a: Conkeldurr
|
|-damage|p2a: Conkeldurr|56/100 brn|[from] brn
|upkeep
|turn|3
|
|t:|1769343109
|move|p1a: Great Tusk|Rapid Spin|p2a: Conkeldurr
|-damage|p2a: Conkeldurr|43/100 brn
|-boost|p1a: Great Tusk|spe|1
|move|p2a: Conkeldurr|Defog|p1a: Great Tusk
|-unboost|p1a: Great Tusk|evasion|1
|
|-damage|p2a: Conkeldurr|37/100 brn|[from] brn
|upkeep
|turn|4
|
|t:|1769343121
|switch|p2a: Ogerpon|Ogerpon-Wellspring, F|100/100
|move|p1a: Great Tusk|Headlong Rush|p2a: Ogerpon
|-resisted|p2a: Ogerpon
|-damage|p2a: Ogerpon|64/100
|-unboost|p1a: Great Tusk|def|1
|-unboost|p1a: Great Tusk|spd|1
|
|upkeep
|turn|5
|
|t:|1769343142
|-end|p1a: Great Tusk|Protosynthesis|[silent]
|switch|p1a: Rillaboom|Rillaboom, F|100/100
|-fieldstart|move: Grassy Terrain|[from] ability: Grassy Surge|[of] p1a: Rillaboom
|move|p2a: Ogerpon|Horn Leech|p1a: Rillaboom
|-resisted|p1a: Rillaboom
|-damage|p1a: Rillaboom|69/100
|-heal|p2a: Ogerpon|82/100|[from] drain|[of] p1a: Rillaboom
|
|-heal|p2a: Ogerpon|88/100|[from] Grassy Terrain
|-heal|p1a: Rillaboom|75/100|[from] Grassy Terrain
|upkeep
|turn|6
|
|t:|1769343153
|switch|p2a: Morpeko|Morpeko, M, shiny|1/100
|move|p1a: Rillaboom|U-turn|p2a: Morpeko
|-supereffective|p2a: Morpeko
|-damage|p2a: Morpeko|0 fnt
|faint|p2a: Morpeko
|inactive|GorLeon has 120 seconds left.
|
|t:|1769343168
|switch|p1a: Magnezone|Magnezone|100/100|[from] U-turn
|
|upkeep
|
|t:|1769343179
|switch|p2a: Conkeldurr|Conkeldurr, M, shiny|37/100 brn
|turn|7
|
|t:|1769343187
|move|p1a: Magnezone|Thunderbolt|p2a: Conkeldurr
|-damage|p2a: Conkeldurr|0 fnt
|faint|p2a: Conkeldurr
|
|upkeep
|
|t:|1769343194
|switch|p2a: Darkrai|Darkrai, shiny|100/100
|turn|8
|
|t:|1769343197
|move|p2a: Darkrai|Nasty Plot|p2a: Darkrai
|-boost|p2a: Darkrai|spa|2
|move|p1a: Magnezone|Thunderbolt|p2a: Darkrai
|-enditem|p2a: Darkrai|Focus Sash
|-damage|p2a: Darkrai|1/100
|
|-heal|p2a: Darkrai|7/100|[from] Grassy Terrain
|upkeep
|turn|9
|
|t:|1769343213
|switch|p1a: Mandibuzz|Mandibuzz, F|100/100
|move|p2a: Darkrai|Dark Pulse|p1a: Mandibuzz
|-resisted|p1a: Mandibuzz
|-damage|p1a: Mandibuzz|66/100
|
|-heal|p2a: Darkrai|13/100|[from] Grassy Terrain
|-fieldend|move: Grassy Terrain
|upkeep
|turn|10
|
|t:|1769343228
|move|p2a: Darkrai|Sludge Bomb|p1a: Mandibuzz
|-damage|p1a: Mandibuzz|14/100
|move|p1a: Mandibuzz|Foul Play|p2a: Darkrai
|-resisted|p2a: Darkrai
|-damage|p2a: Darkrai|0 fnt
|faint|p2a: Darkrai
|
|upkeep
|
|t:|1769343234
|switch|p2a: Zamazenta|Zamazenta, shiny|100/100
|-ability|p2a: Zamazenta|Dauntless Shield|boost
|-boost|p2a: Zamazenta|def|1
|turn|11
|
|t:|1769343240
|switch|p1a: Slowking|Slowking-Galar, M|100/100
|move|p2a: Zamazenta|Moonblast|p1a: Slowking
|-resisted|p1a: Slowking
|-damage|p1a: Slowking|89/100
|
|upkeep
|turn|12
|
|t:|1769343246
|switch|p2a: Ogerpon|Ogerpon-Wellspring, F|88/100
|move|p1a: Slowking|Toxic|p2a: Ogerpon
|-status|p2a: Ogerpon|tox
|
|-damage|p2a: Ogerpon|82/100 tox|[from] psn
|upkeep
|turn|13
|
|t:|1769343251
|switch|p1a: Rillaboom|Rillaboom, F|75/100
|-fieldstart|move: Grassy Terrain|[from] ability: Grassy Surge|[of] p1a: Rillaboom
|move|p2a: Ogerpon|Knock Off|p1a: Rillaboom
|-damage|p1a: Rillaboom|34/100
|-enditem|p1a: Rillaboom|Choice Band|[from] move: Knock Off|[of] p2a: Ogerpon
|
|-heal|p2a: Ogerpon|88/100 tox|[from] Grassy Terrain
|-heal|p1a: Rillaboom|40/100|[from] Grassy Terrain
|-damage|p2a: Ogerpon|76/100 tox|[from] psn
|upkeep
|turn|14
|
|t:|1769343262
|switch|p2a: Kyurem|Kyurem, shiny|100/100
|-ability|p2a: Kyurem|Pressure
|move|p1a: Rillaboom|U-turn|p2a: Kyurem
|-damage|p2a: Kyurem|75/100
|
|t:|1769343272
|switch|p1a: Dragapult|Dragapult, F|100/100|[from] U-turn
|
|-heal|p2a: Kyurem|81/100|[from] Grassy Terrain
|upkeep
|turn|15
|
|t:|1769343300
|-terastallize|p1a: Dragapult|Ghost
|move|p2a: Kyurem|Freeze-Dry|p1a: Dragapult
|-damage|p1a: Dragapult|52/100
|move|p1a: Dragapult|Tera Blast|p2a: Kyurem|[anim] Tera Blast Ghost
|-damage|p2a: Kyurem|0 fnt
|faint|p2a: Kyurem
|
|-heal|p1a: Dragapult|58/100|[from] Grassy Terrain
|upkeep
|
|t:|1769343309
|switch|p2a: Zamazenta|Zamazenta, shiny|100/100
|turn|16
|
|t:|1769343322
|-terastallize|p2a: Zamazenta|Rock
|move|p2a: Zamazenta|Moonblast|p1a: Dragapult
|-damage|p1a: Dragapult|11/100
|move|p1a: Dragapult|Tera Blast|p2a: Zamazenta|[anim] Tera Blast Ghost
|-damage|p2a: Zamazenta|21/100
|
|-heal|p2a: Zamazenta|27/100|[from] Grassy Terrain
|-heal|p1a: Dragapult|17/100|[from] Grassy Terrain
|upkeep
|turn|17
|
|t:|1769343336
|switch|p1a: Mandibuzz|Mandibuzz, F|14/100
|move|p2a: Zamazenta|Moonblast|p1a: Mandibuzz
|-supereffective|p1a: Mandibuzz
|-damage|p1a: Mandibuzz|0 fnt
|faint|p1a: Mandibuzz
|
|-heal|p2a: Zamazenta|34/100|[from] Grassy Terrain
|-fieldend|move: Grassy Terrain
|upkeep
|
|t:|1769343345
|switch|p1a: Rillaboom|Rillaboom, F|40/100
|-fieldstart|move: Grassy Terrain|[from] ability: Grassy Surge|[of] p1a: Rillaboom
|turn|18
|
|t:|1769343349
|move|p1a: Rillaboom|Grassy Glide|p2a: Zamazenta
|-supereffective|p2a: Zamazenta
|-damage|p2a: Zamazenta|0 fnt
|faint|p2a: Zamazenta
|
|-heal|p1a: Rillaboom|47/100|[from] Grassy Terrain
|upkeep
|
|t:|1769343353
|switch|p2a: Ogerpon|Ogerpon-Wellspring, F|76/100 tox
|turn|19
|
|t:|1769343357
|move|p1a: Rillaboom|Grassy Glide|p2a: Ogerpon
|-damage|p2a: Ogerpon|19/100 tox
|move|p2a: Ogerpon|Knock Off|p1a: Rillaboom
|-damage|p1a: Rillaboom|20/100
|
|-heal|p2a: Ogerpon|25/100 tox|[from] Grassy Terrain
|-heal|p1a: Rillaboom|26/100|[from] Grassy Terrain
|-damage|p2a: Ogerpon|19/100 tox|[from] psn
|upkeep
|turn|20
|inactive|noigbenga has 120 seconds left.
|
|t:|1769343387
|move|p1a: Rillaboom|Grassy Glide|p2a: Ogerpon
|-damage|p2a: Ogerpon|0 fnt
|faint|p2a: Ogerpon
|
|win|GorLeon
|raw|GorLeon's rating: 1268 &rarr; <strong>1288</strong><br />(+20 for winning)
|raw|noigbenga's rating: 1203 &rarr; <strong>1183</strong><br />(-20 for losing)
|c|☆GorLeon|gg
|l|☆noigbenga
|player|p2|
|l|☆GorLeon
|player|p1|
