|j|☆1colour
|j|☆Tumbletown
|t:|1769375465
|gametype|singles
|player|p1|1colour|parasollady|1608
|player|p2|Tumbletown|hilda|1721
|gen|9
|tier|[Gen 9] OU
|rated|
|rule|HP Percentage Mod: HP is shown in percentages
|rule|Endless Battle Clause: Forcing endless battles is banned
|rule|Species Clause: Limit one of each Pokémon
|rule|OHKO Clause: OHKO moves are banned
|rule|Evasion Items Clause: Evasion items are banned
|rule|Evasion Moves Clause: Evasion moves are banned
|rule|Evasion Abilities Clause: Evasion abilities are banned
|rule|Sleep Moves Clause: Sleep-inducing moves are banned
|clearpoke
|poke|p1|Salazzle, F|
|poke|p1|Kyurem|
|poke|p1|Great Tusk|
|poke|p1|Zamazenta-*|
|poke|p1|Glimmora, F|
|poke|p1|Deoxys-Speed|
|poke|p2|Barraskewda, M|
|poke|p2|Pelipper, M|
|poke|p2|Raging Bolt|
|poke|p2|Iron Treads|
|poke|p2|Zapdos|
|poke|p2|Indeedee, M|
|teampreview
|
|t:|1769375473
|teamsize|p1|6
|teamsize|p2|6
|start
|switch|p1a: Deoxys|Deoxys-Speed|100/100
|switch|p2a: Iron Treads|Iron Treads|100/100
|-ability|p1a: Deoxys|Pressure
|-item|p2a: Iron Treads|Air Balloon
|turn|1
|
|t:|1769375477
|move|p1a: Deoxys|Nasty Plot|p1a: Deoxys
|-boost|p1a: Deoxys|spa|2
|move|p2a: Iron Treads|Knock Off|p1a: Deoxys
|-supereffective|p1a: Deoxys
|-damage|p1a: Deoxys|25/100
|-enditem|p1a: Deoxys|Life Orb|[from] move: Knock Off|[of] p2a: Iron Treads
|
|upkeep
|turn|2
|
|t:|1769375485
|move|p1a: Deoxys|Grass Knot|p2a: Iron Treads
|-damage|p2a: Iron Treads|50/100
|-enditem|p2a: Iron Treads|Air Balloon
|move|p2a: Iron Treads|Knock Off|p1a: Deoxys
|-supereffective|p1a: Deoxys
|-damage|p1a: Deoxys|0 fnt
|faint|p1a: Deoxys
|
|upkeep
|
|t:|1769375495
|switch|p1a: Salazzle|Salazzle, F|100/100
|turn|3
|
|t:|1769375530
|-end|p2a: Iron Treads|Quark Drive|[silent]
|switch|p2a: Pelipper|Pelipper, M|100/100
|-weather|RainDance|[from] ability: Drizzle|[of] p2a: Pelipper
|move|p1a: Salazzle|Flamethrower|p2a: Pelipper
|-resisted|p2a: Pelipper
|-damage|p2a: Pelipper|87/100
|-status|p2a: Pelipper|brn
|
|-weather|RainDance|[upkeep]
|-damage|p2a: Pelipper|81/100 brn|[from] brn
|upkeep
|turn|4
|inactive|Battle timer is ON: inactive players will automatically lose when time's up. (requested by 1colour)
|
|t:|1769375550
|switch|p2a: Iron Treads|Iron Treads|50/100
|-terastallize|p1a: Salazzle|Water
|move|p1a: Salazzle|Sludge Bomb|p2a: Iron Treads
|-immune|p2a: Iron Treads
|
|-weather|RainDance|[upkeep]
|upkeep
|turn|5
|
|t:|1769375574
|-end|p2a: Iron Treads|Quark Drive|[silent]
|switch|p2a: Raging Bolt|Raging Bolt|100/100
|move|p1a: Salazzle|Tera Blast|p2a: Raging Bolt|[anim] Tera Blast Water
|-resisted|p2a: Raging Bolt
|-damage|p2a: Raging Bolt|76/100
|
|-weather|RainDance|[upkeep]
|upkeep
|turn|6
|c|☆1colour|?
|inactive|Tumbletown has 120 seconds left.
|c|☆Tumbletown|?
|
|t:|1769375601
|switch|p1a: Kyurem|Kyurem, shiny|100/100
|-ability|p1a: Kyurem|Pressure
|move|p2a: Raging Bolt|Draco Meteor|p1a: Kyurem
|-supereffective|p1a: Kyurem
|-damage|p1a: Kyurem|0 fnt
|-unboost|p2a: Raging Bolt|spa|2
|faint|p1a: Kyurem
|
|-weather|RainDance|[upkeep]
|upkeep
|
|t:|1769375603
|switch|p1a: Great Tusk|Great Tusk|100/100
|-enditem|p1a: Great Tusk|Booster Energy
|-activate|p1a: Great Tusk|ability: Protosynthesis|[fromitem]
|-start|p1a: Great Tusk|protosynthesisspe
|turn|7
|
|t:|1769375612
|-end|p2a: Raging Bolt|Protosynthesis|[silent]
|switch|p2a: Zapdos|Zapdos|100/100
|move|p1a: Great Tusk|Stealth Rock|p2a: Zapdos
|-sidestart|p2: Tumbletown|move: Stealth Rock
|
|-weather|RainDance|[upkeep]
|upkeep
|turn|8
|
|t:|1769375631
|move|p1a: Great Tusk|Ice Spinner|p2a: Zapdos
|-supereffective|p2a: Zapdos
|-damage|p2a: Zapdos|46/100
|move|p2a: Zapdos|Hurricane|p1a: Great Tusk
|-supereffective|p1a: Great Tusk
|-damage|p1a: Great Tusk|0 fnt
|faint|p1a: Great Tusk
|-end|p1a: Great Tusk|Protosynthesis|[silent]
|
|-weather|RainDance|[upkeep]
|upkeep
|
|t:|1769375636
|switch|p1a: Salazzle|Salazzle, F, tera:Water|100/100
|turn|9
|
|t:|1769375643
|move|p1a: Salazzle|Sludge Bomb|p2a: Zapdos
|-damage|p2a: Zapdos|0 fnt
|faint|p2a: Zapdos
|
|-weather|RainDance|[upkeep]
|upkeep
|
|t:|1769375645
|switch|p2a: Raging Bolt|Raging Bolt|76/100
|turn|10
|
|t:|1769375660
|move|p1a: Salazzle|Toxic|p2a: Raging Bolt
|-status|p2a: Raging Bolt|tox
|move|p2a: Raging Bolt|Thunderbolt|p1a: Salazzle
|-supereffective|p1a: Salazzle
|-damage|p1a: Salazzle|0 fnt
|faint|p1a: Salazzle
|
|-weather|none
|-damage|p2a: Raging Bolt|70/100 tox|[from] psn
|upkeep
|
|t:|1769375666
|switch|p1a: why is Glimmora|Glimmora, F, shiny|100/100
|turn|11
|
|t:|1769375686
|-end|p2a: Raging Bolt|Protosynthesis|[silent]
|switch|p2a: Pelipper|Pelipper, M|81/100 brn
|-damage|p2a: Pelipper|57/100 brn|[from] Stealth Rock
|-weather|RainDance|[from] ability: Drizzle|[of] p2a: Pelipper
|move|p1a: why is Glimmora|Earth Power|p2a: Pelipper
|-immune|p2a: Pelipper
|
|-weather|RainDance|[upkeep]
|-damage|p2a: Pelipper|50/100 brn|[from] brn
|upkeep
|turn|12
|
|t:|1769375697
|move|p1a: why is Glimmora|Power Gem|p2a: Pelipper
|-supereffective|p2a: Pelipper
|-damage|p2a: Pelipper|0 fnt
|faint|p2a: Pelipper
|
|-weather|RainDance|[upkeep]
|upkeep
|
|t:|1769375704
|switch|p2a: Barraskewda|Barraskewda, M, shiny|100/100
|-damage|p2a: Barraskewda|88/100|[from] Stealth Rock
|turn|13
|
|t:|1769375708
|move|p2a: Barraskewda|Flip Turn|p1a: why is Glimmora
|-supereffective|p1a: why is Glimmora
|-damage|p1a: why is Glimmora|0 fnt
|-damage|p2a: Barraskewda|72/100|[from] item: Rocky Helmet|[of] p1a: why is Glimmora
|-activate|p1a: why is Glimmora|ability: Toxic Debris
|-sidestart|p2: Tumbletown|move: Toxic Spikes
|faint|p1a: why is Glimmora
|
|t:|1769375711
|switch|p2a: Indeedee|Indeedee, M|100/100|[from] Flip Turn
|-damage|p2a: Indeedee|88/100|[from] Stealth Rock
|-status|p2a: Indeedee|psn
|-fieldstart|move: Psychic Terrain|[from] ability: Psychic Surge|[of] p2a: Indeedee
|
|-weather|RainDance|[upkeep]
|-damage|p2a: Indeedee|76/100 psn|[from] psn
|upkeep
|
|t:|1769375718
|switch|p1a: Zamazenta|Zamazenta, shiny|100/100
|-ability|p1a: Zamazenta|Dauntless Shield|boost
|-boost|p1a: Zamazenta|def|1
|turn|14
|
|t:|1769375722
|-terastallize|p2a: Indeedee|Psychic
|move|p2a: Indeedee|Expanding Force|p1a: Zamazenta
|-supereffective|p1a: Zamazenta
|-damage|p1a: Zamazenta|0 fnt
|faint|p1a: Zamazenta
|
|win|Tumbletown
|raw|1colour's rating: 1608 &rarr; <strong>1594</strong><br />(-14 for losing)
|raw|Tumbletown's rating: 1721 &rarr; <strong>1735</strong><br />(+14 for winning)
|c|☆Tumbletown|Gg
|c|☆1colour|gg
|l|☆1colour
|player|p1|
|c|☆Tumbletown|Cool team
|l|☆Tumbletown
|player|p2|
