|j|☆capt.once
|j|☆Muche
|t:|1769337189
|gametype|singles
|player|p1|capt.once|clerkf|1312
|player|p2|Muche|yellow|1276
|gen|9
|tier|[Gen 9] OU
|rated|
|rule|HP Percentage Mod: HP is shown in percentages
|rule|Endless Battle Clause: Forcing endless battles is banned
|rule|Species Clause: Limit one of each Pokémon
|rule|OHKO Clause: OHKO moves are banned
|rule|Evasion Items Clause: Evasion items are banned
|rule|Evasion Moves Clause: Evasion moves are banned
|rule|Evasion Abilities Clause: Evasion abilities are banned
|rule|Sleep Moves Clause: Sleep-inducing moves are banned
|clearpoke
|poke|p1|Samurott-Hisui, M|
|poke|p1|Salamence, M|
|poke|p1|Abomasnow, F|
|poke|p1|Glimmora, F|
|poke|p1|Iron Valiant|
|poke|p1|Iron Hands|
|poke|p2|Pelipper, F|
|poke|p2|Ludicolo, F|
|poke|p2|Iron Treads|
|poke|p2|Landorus-Therian, M|
|poke|p2|Barraskewda, M|
|poke|p2|Basculegion-F, F|
|teampreview
|inactive|Battle timer is ON: inactive players will automatically lose when time's up. (requested by capt.once)
|
|t:|1769337204
|teamsize|p1|6
|teamsize|p2|6
|start
|switch|p1a: Abomasnow|Abomasnow, F|100/100
|switch|p2a: Landorus|Landorus-Therian, M|100/100
|-ability|p2a: Landorus|Intimidate|boost
|-unboost|p1a: Abomasnow|atk|1
|-weather|Snowscape|[from] ability: Snow Warning|[of] p1a: Abomasnow
|turn|1
|
|t:|1769337221
|move|p2a: Landorus|U-turn|p1a: Abomasnow
|-supereffective|p1a: Abomasnow
|-damage|p1a: Abomasnow|71/100
|
|t:|1769337227
|switch|p2a: Pelipper|Pelipper, F|100/100|[from] U-turn
|-weather|RainDance|[from] ability: Drizzle|[of] p2a: Pelipper
|move|p1a: Abomasnow|Blizzard|p2a: Pelipper
|-damage|p2a: Pelipper|33/100
|-status|p2a: Pelipper|frz
|
|-weather|RainDance|[upkeep]
|upkeep
|turn|2
|
|t:|1769337249
|switch|p2a: Iron Treads|Iron Treads|100/100
|move|p1a: Abomasnow|Giga Drain|p2a: Iron Treads
|-damage|p2a: Iron Treads|83/100
|-heal|p1a: Abomasnow|80/100|[from] drain|[of] p2a: Iron Treads
|
|-weather|RainDance|[upkeep]
|upkeep
|turn|3
|
|t:|1769337262
|move|p2a: Iron Treads|Iron Head|p1a: Abomasnow
|-supereffective|p1a: Abomasnow
|-damage|p1a: Abomasnow|17/100
|move|p1a: Abomasnow|Earth Power|p2a: Iron Treads
|-supereffective|p2a: Iron Treads
|-crit|p2a: Iron Treads
|-damage|p2a: Iron Treads|43/100
|
|-weather|RainDance|[upkeep]
|upkeep
|turn|4
|
|t:|1769337280
|switch|p1a: Samurott|Samurott-Hisui, M|100/100
|move|p2a: Iron Treads|Iron Head|p1a: Samurott
|-resisted|p1a: Samurott
|-damage|p1a: Samurott|83/100
|
|-weather|RainDance|[upkeep]
|upkeep
|turn|5
|
|t:|1769337307
|move|p1a: Samurott|Aqua Cutter|p2a: Iron Treads
|-supereffective|p2a: Iron Treads
|-damage|p2a: Iron Treads|0 fnt
|faint|p2a: Iron Treads
|-end|p2a: Iron Treads|Quark Drive|[silent]
|
|-weather|RainDance|[upkeep]
|upkeep
|
|t:|1769337310
|switch|p2a: Ludicolo|Ludicolo, F|100/100
|turn|6
|
|t:|1769337319
|switch|p1a: Abomasnow|Abomasnow, F|17/100
|-weather|Snowscape|[from] ability: Snow Warning|[of] p1a: Abomasnow
|move|p2a: Ludicolo|Giga Drain|p1a: Abomasnow
|-resisted|p1a: Abomasnow
|-damage|p1a: Abomasnow|0 fnt
|faint|p1a: Abomasnow
|-damage|p2a: Ludicolo|91/100|[from] item: Life Orb
|
|-weather|Snowscape|[upkeep]
|upkeep
|
|t:|1769337332
|switch|p1a: Glimmora|Glimmora, F|100/100
|turn|7
|
|t:|1769337337
|move|p1a: Glimmora|Sludge Wave|p2a: Ludicolo
|-supereffective|p2a: Ludicolo
|-damage|p2a: Ludicolo|0 fnt
|faint|p2a: Ludicolo
|
|-weather|Snowscape|[upkeep]
|upkeep
|
|t:|1769337340
|switch|p2a: Pelipper|Pelipper, F|33/100 frz
|-weather|RainDance|[from] ability: Drizzle|[of] p2a: Pelipper
|turn|8
|
|t:|1769337347
|switch|p2a: Landorus|Landorus-Therian, M|100/100
|-ability|p2a: Landorus|Intimidate|boost
|-unboost|p1a: Glimmora|atk|1
|move|p1a: Glimmora|Sludge Wave|p2a: Landorus
|-resisted|p2a: Landorus
|-damage|p2a: Landorus|67/100
|
|-weather|RainDance|[upkeep]
|upkeep
|turn|9
|
|t:|1769337358
|switch|p1a: Salamence|Salamence, M|100/100
|move|p2a: Landorus|U-turn|p1a: Salamence
|-resisted|p1a: Salamence
|-damage|p1a: Salamence|89/100
|
|t:|1769337363
|switch|p2a: Basculegion|Basculegion-F, F|100/100|[from] U-turn
|
|-weather|RainDance|[upkeep]
|upkeep
|turn|10
|
|t:|1769337376
|-terastallize|p1a: Salamence|Fire
|move|p2a: Basculegion|Ice Beam|p1a: Salamence
|-resisted|p1a: Salamence
|-damage|p1a: Salamence|65/100
|-damage|p2a: Basculegion|91/100|[from] item: Life Orb
|move|p1a: Salamence|Outrage|p2a: Basculegion
|-damage|p2a: Basculegion|11/100
|
|-weather|RainDance|[upkeep]
|upkeep
|turn|11
|
|t:|1769337387
|move|p2a: Basculegion|Surf|p1a: Salamence
|-supereffective|p1a: Salamence
|-crit|p1a: Salamence
|-damage|p1a: Salamence|0 fnt
|faint|p1a: Salamence
|-damage|p2a: Basculegion|1/100|[from] item: Life Orb
|
|-weather|RainDance|[upkeep]
|upkeep
|
|t:|1769337397
|switch|p1a: Samurott|Samurott-Hisui, M|83/100
|turn|12
|
|t:|1769337406
|move|p1a: Samurott|Sucker Punch|p2a: Basculegion
|-supereffective|p2a: Basculegion
|-damage|p2a: Basculegion|0 fnt
|faint|p2a: Basculegion
|
|-weather|RainDance|[upkeep]
|upkeep
|
|t:|1769337410
|switch|p2a: Barraskewda|Barraskewda, M|100/100
|turn|13
|
|t:|1769337418
|move|p1a: Samurott|Sucker Punch|p2a: Barraskewda
|-damage|p2a: Barraskewda|33/100
|move|p2a: Barraskewda|Close Combat|p1a: Samurott
|-supereffective|p1a: Samurott
|-damage|p1a: Samurott|0 fnt
|-unboost|p2a: Barraskewda|def|1
|-unboost|p2a: Barraskewda|spd|1
|faint|p1a: Samurott
|
|-weather|RainDance|[upkeep]
|upkeep
|
|t:|1769337431
|switch|p1a: Iron Hands|Iron Hands|100/100
|-enditem|p1a: Iron Hands|Booster Energy
|-activate|p1a: Iron Hands|ability: Quark Drive|[fromitem]
|-start|p1a: Iron Hands|quarkdriveatk
|turn|14
|
|t:|1769337442
|switch|p2a: Landorus|Landorus-Therian, M|67/100
|-ability|p2a: Landorus|Intimidate|boost
|-unboost|p1a: Iron Hands|atk|1
|move|p1a: Iron Hands|Close Combat|p2a: Landorus
|-resisted|p2a: Landorus
|-damage|p2a: Landorus|31/100
|-unboost|p1a: Iron Hands|def|1
|-unboost|p1a: Iron Hands|spd|1
|
|-weather|RainDance|[upkeep]
|upkeep
|turn|15
|
|t:|1769337460
|-end|p1a: Iron Hands|Quark Drive|[silent]
|switch|p1a: Glimmora|Glimmora, F|100/100
|move|p2a: Landorus|Sandsear Storm|p1a: Glimmora
|-supereffective|p1a: Glimmora
|-damage|p1a: Glimmora|0 fnt
|faint|p1a: Glimmora
|
|-weather|none
|upkeep
|
|t:|1769337471
|switch|p1a: Iron Valiant|Iron Valiant|100/100
|-enditem|p1a: Iron Valiant|Booster Energy
|-activate|p1a: Iron Valiant|ability: Quark Drive|[fromitem]
|-start|p1a: Iron Valiant|quarkdrivespe
|turn|16
|
|t:|1769337476
|move|p1a: Iron Valiant|Moonblast|p2a: Landorus
|-damage|p2a: Landorus|0 fnt
|faint|p2a: Landorus
|
|upkeep
|
|t:|1769337479
|switch|p2a: Pelipper|Pelipper, F|33/100 frz
|-weather|RainDance|[from] ability: Drizzle|[of] p2a: Pelipper
|turn|17
|
|t:|1769337485
|move|p1a: Iron Valiant|Moonblast|p2a: Pelipper
|-damage|p2a: Pelipper|0 fnt
|faint|p2a: Pelipper
|
|-weather|RainDance|[upkeep]
|upkeep
|
|t:|1769337489
|switch|p2a: Barraskewda|Barraskewda, M|33/100
|turn|18
|
|t:|1769337494
|-terastallize|p2a: Barraskewda|Water
|move|p2a: Barraskewda|Liquidation|p1a: Iron Valiant
|-damage|p1a: Iron Valiant|0 fnt
|faint|p1a: Iron Valiant
|-end|p1a: Iron Valiant|Quark Drive|[silent]
|
|-weather|RainDance|[upkeep]
|upkeep
|
|t:|1769337502
|switch|p1a: Iron Hands|Iron Hands|100/100
|turn|19
|
|t:|1769337507
|move|p2a: Barraskewda|Liquidation|p1a: Iron Hands
|-damage|p1a: Iron Hands|22/100
|move|p1a: Iron Hands|Wild Charge|p2a: Barraskewda
|-supereffective|p2a: Barraskewda
|-damage|p2a: Barraskewda|0 fnt
|faint|p2a: Barraskewda
|-damage|p1a: Iron Hands|17/100|[from] Recoil
|
|win|capt.once
|raw|capt.once's rating: 1312 &rarr; <strong>1330</strong><br />(+18 for winning)
|raw|Muche's rating: 1276 &rarr; <strong>1254</strong><br />(-22 for losing)
|l|☆Muche
|player|p2|
|l|☆capt.once
|player|p1|
