|j|☆valkeinen
|j|☆nolhy
|t:|1769436381
|gametype|singles
|player|p1|valkeinen|unknownf|1216
|player|p2|nolhy|265|1183
|gen|9
|tier|[Gen 9] OU
|rated|
|rule|HP Percentage Mod: HP is shown in percentages
|rule|Endless Battle Clause: Forcing endless battles is banned
|rule|Species Clause: Limit one of each Pokémon
|rule|OHKO Clause: OHKO moves are banned
|rule|Evasion Items Clause: Evasion items are banned
|rule|Evasion Moves Clause: Evasion moves are banned
|rule|Evasion Abilities Clause: Evasion abilities are banned
|rule|Sleep Moves Clause: Sleep-inducing moves are banned
|clearpoke
|poke|p1|Hitmonlee, M|
|poke|p1|Donphan, F|
|poke|p1|Ribombee, F|
|poke|p1|Exeggutor, M|
|poke|p1|Torkoal, M|
|poke|p1|Garchomp, M|
|poke|p2|Scizor, F|
|poke|p2|Ribombee, M|
|poke|p2|Forretress, M|
|poke|p2|Slither Wing|
|poke|p2|Lokix, M|
|poke|p2|Yanmega, M|
|teampreview
|inactive|Battle timer is ON: inactive players will automatically lose when time's up. (requested by valkeinen)
|
|t:|1769436392
|teamsize|p1|6
|teamsize|p2|6
|start
|switch|p1a: OnlyPhans|Donphan, F, shiny|100/100
|switch|p2a: Ribombee|Ribombee, M, shiny|100/100
|turn|1
|
|t:|1769436409
|move|p2a: Ribombee|Moonblast|p1a: OnlyPhans
|-crit|p1a: OnlyPhans
|-damage|p1a: OnlyPhans|19/100
|move|p1a: OnlyPhans|Stealth Rock|p2a: Ribombee
|-sidestart|p2: nolhy|move: Stealth Rock
|
|upkeep
|turn|2
|
|t:|1769436416
|switch|p1a: Humphry|Torkoal, M|100/100
|-weather|SunnyDay|[from] ability: Drought|[of] p1a: Humphry
|move|p2a: Ribombee|Sticky Web|p1a: Humphry
|-sidestart|p1: valkeinen|move: Sticky Web
|
|-weather|SunnyDay|[upkeep]
|upkeep
|turn|3
|
|t:|1769436432
|move|p2a: Ribombee|Stun Spore|p1a: Humphry
|-status|p1a: Humphry|par
|move|p1a: Humphry|Rapid Spin|p2a: Ribombee
|-damage|p2a: Ribombee|82/100
|-boost|p1a: Humphry|spe|1
|-sideend|p1: valkeinen|Sticky Web|[from] move: Rapid Spin|[of] p1a: Humphry
|
|-weather|SunnyDay|[upkeep]
|upkeep
|turn|4
|
|t:|1769436441
|move|p2a: Ribombee|Tailwind|p2a: Ribombee
|-sidestart|p2: nolhy|move: Tailwind
|move|p1a: Humphry|Lava Plume|p2a: Ribombee
|-supereffective|p2a: Ribombee
|-damage|p2a: Ribombee|0 fnt
|faint|p2a: Ribombee
|
|-weather|SunnyDay|[upkeep]
|upkeep
|
|t:|1769436465
|switch|p2a: Slither Wing|Slither Wing|100/100
|-damage|p2a: Slither Wing|88/100|[from] Stealth Rock
|-activate|p2a: Slither Wing|ability: Protosynthesis
|-start|p2a: Slither Wing|protosynthesisatk
|turn|5
|
|t:|1769436474
|move|p2a: Slither Wing|Earthquake|p1a: Humphry
|-supereffective|p1a: Humphry
|-damage|p1a: Humphry|27/100 par
|move|p1a: Humphry|Will-O-Wisp|p2a: Slither Wing
|-status|p2a: Slither Wing|brn
|
|-weather|SunnyDay|[upkeep]
|-damage|p2a: Slither Wing|82/100 brn|[from] brn
|upkeep
|turn|6
|
|t:|1769436488
|switch|p1a: 🤓|Garchomp, M|100/100
|move|p2a: Slither Wing|Earthquake|p1a: 🤓
|-damage|p1a: 🤓|79/100
|
|-weather|SunnyDay|[upkeep]
|-damage|p2a: Slither Wing|76/100 brn|[from] brn
|upkeep
|turn|7
|
|t:|1769436496
|move|p2a: Slither Wing|Leech Life|p1a: 🤓
|-damage|p1a: 🤓|48/100
|-heal|p2a: Slither Wing|93/100 brn|[from] drain|[of] p1a: 🤓
|-damage|p2a: Slither Wing|81/100 brn|[from] ability: Rough Skin|[of] p1a: 🤓
|move|p1a: 🤓|Flamethrower|p2a: Slither Wing
|-supereffective|p2a: Slither Wing
|-damage|p2a: Slither Wing|0 fnt
|faint|p2a: Slither Wing
|-end|p2a: Slither Wing|Protosynthesis|[silent]
|
|-weather|SunnyDay|[upkeep]
|-sideend|p2: nolhy|move: Tailwind
|upkeep
|-message|nolhy forfeited.
|
|win|valkeinen
|raw|valkeinen's rating: 1216 &rarr; <strong>1239</strong><br />(+23 for winning)
|raw|nolhy's rating: 1183 &rarr; <strong>1160</strong><br />(-23 for losing)
|l|☆nolhy
|player|p2|
