|j|☆Leadedpaint
|j|☆big bod3
|t:|1769435805
|gametype|singles
|player|p1|Leadedpaint|clair|1068
|player|p2|big bod3|marshal|1055
|gen|9
|tier|[Gen 9] OU
|rated|
|rule|HP Percentage Mod: HP is shown in percentages
|rule|Endless Battle Clause: Forcing endless battles is banned
|rule|Species Clause: Limit one of each Pokémon
|rule|OHKO Clause: OHKO moves are banned
|rule|Evasion Items Clause: Evasion items are banned
|rule|Evasion Moves Clause: Evasion moves are banned
|rule|Evasion Abilities Clause: Evasion abilities are banned
|rule|Sleep Moves Clause: Sleep-inducing moves are banned
|clearpoke
|poke|p1|Great Tusk|
|poke|p1|Pecharunt|
|poke|p1|Iron Valiant|
|poke|p1|Iron Crown|
|poke|p1|Samurott-Hisui, M|
|poke|p1|Dragonite, M|
|poke|p2|Glalie, F|
|poke|p2|Appletun, F|
|poke|p2|Galvantula, M|
|poke|p2|Palossand, F|
|poke|p2|Yanmega, M|
|poke|p2|Arboliva, F|
|teampreview
|
|t:|1769435818
|teamsize|p1|6
|teamsize|p2|6
|start
|switch|p1a: Great Tusk|Great Tusk, shiny|100/100
|switch|p2a: ᛃᛖᛚpalo|Palossand, F, shiny|100/100
|turn|1
|
|t:|1769435830
|move|p1a: Great Tusk|Stealth Rock|p2a: ᛃᛖᛚpalo
|-sidestart|p2: big bod3|move: Stealth Rock
|move|p2a: ᛃᛖᛚpalo|Chilling Water|p1a: Great Tusk
|-supereffective|p1a: Great Tusk
|-damage|p1a: Great Tusk|52/100
|-unboost|p1a: Great Tusk|atk|1
|
|upkeep
|turn|2
|
|t:|1769435842
|move|p1a: Great Tusk|Ice Spinner|p2a: ᛃᛖᛚpalo
|-supereffective|p2a: ᛃᛖᛚpalo
|-damage|p2a: ᛃᛖᛚpalo|71/100
|move|p2a: ᛃᛖᛚpalo|Chilling Water|p1a: Great Tusk
|-supereffective|p1a: Great Tusk
|-damage|p1a: Great Tusk|6/100
|-unboost|p1a: Great Tusk|atk|1
|
|-heal|p2a: ᛃᛖᛚpalo|77/100|[from] item: Leftovers
|upkeep
|turn|3
|
|t:|1769435857
|-end|p1a: Great Tusk|Protosynthesis|[silent]
|switch|p1a: Mr. Sleaze|Pecharunt|100/100
|move|p2a: ᛃᛖᛚpalo|Chilling Water|p1a: Mr. Sleaze
|-crit|p1a: Mr. Sleaze
|-damage|p1a: Mr. Sleaze|74/100
|-unboost|p1a: Mr. Sleaze|atk|1
|
|-heal|p2a: ᛃᛖᛚpalo|83/100|[from] item: Leftovers
|upkeep
|turn|4
|
|t:|1769435869
|-terastallize|p2a: ᛃᛖᛚpalo|Ground
|move|p1a: Mr. Sleaze|Shadow Ball|p2a: ᛃᛖᛚpalo
|-damage|p2a: ᛃᛖᛚpalo|55/100
|move|p2a: ᛃᛖᛚpalo|Scorching Sands|p1a: Mr. Sleaze
|-supereffective|p1a: Mr. Sleaze
|-crit|p1a: Mr. Sleaze
|-damage|p1a: Mr. Sleaze|0 fnt
|faint|p1a: Mr. Sleaze
|
|-heal|p2a: ᛃᛖᛚpalo|61/100|[from] item: Leftovers
|upkeep
|
|t:|1769435882
|switch|p1a: Samurott-Unova|Samurott-Hisui, M, shiny|100/100
|turn|5
|
|t:|1769435894
|move|p1a: Samurott-Unova|Ceaseless Edge|p2a: ᛃᛖᛚpalo
|-crit|p2a: ᛃᛖᛚpalo
|-damage|p2a: ᛃᛖᛚpalo|0 fnt
|-sidestart|p2: big bod3|Spikes
|faint|p2a: ᛃᛖᛚpalo
|
|upkeep
|
|t:|1769435901
|switch|p2a: ᛁᛝᛃSnotur|Glalie, F, shiny|100/100
|-damage|p2a: ᛁᛝᛃSnotur|75/100|[from] Stealth Rock
|-damage|p2a: ᛁᛝᛃSnotur|63/100|[from] Spikes
|turn|6
|
|t:|1769435908
|move|p1a: Samurott-Unova|Ceaseless Edge|p2a: ᛁᛝᛃSnotur
|-damage|p2a: ᛁᛝᛃSnotur|0 fnt
|-sidestart|p2: big bod3|Spikes
|faint|p2a: ᛁᛝᛃSnotur
|
|upkeep
|
|t:|1769435918
|switch|p2a: ᚱᛇGal|Galvantula, M, shiny|100/100
|-damage|p2a: ᚱᛇGal|76/100|[from] Stealth Rock
|-item|p2a: ᚱᛇGal|Air Balloon
|turn|7
|
|t:|1769435925
|move|p2a: ᚱᛇGal|Discharge|p1a: Samurott-Unova
|-supereffective|p1a: Samurott-Unova
|-damage|p1a: Samurott-Unova|0 fnt
|faint|p1a: Samurott-Unova
|
|upkeep
|
|t:|1769435934
|switch|p1a: Dragonite|Dragonite, M, shiny|100/100
|turn|8
|
|t:|1769435943
|move|p2a: ᚱᛇGal|Discharge|p1a: Dragonite
|-damage|p1a: Dragonite|81/100
|-status|p1a: Dragonite|par
|move|p1a: Dragonite|Dragon Dance|p1a: Dragonite
|-boost|p1a: Dragonite|atk|1
|-boost|p1a: Dragonite|spe|1
|
|upkeep
|turn|9
|
|t:|1769435954
|move|p2a: ᚱᛇGal|Sticky Web|p1a: Dragonite
|-sidestart|p1: Leadedpaint|move: Sticky Web
|move|p1a: Dragonite|Tera Blast|p2a: ᚱᛇGal
|-damage|p2a: ᚱᛇGal|47/100
|-enditem|p2a: ᚱᛇGal|Air Balloon
|
|upkeep
|turn|10
|
|t:|1769435961
|move|p2a: ᚱᛇGal|Volt Switch|p1a: Dragonite
|-damage|p1a: Dragonite|51/100 par
|
|t:|1769435965
|switch|p2a: ᛃᛟArbolive|Arboliva, F|100/100|[from] Volt Switch
|-damage|p2a: ᛃᛟArbolive|88/100|[from] Stealth Rock
|-damage|p2a: ᛃᛟArbolive|71/100|[from] Spikes
|cant|p1a: Dragonite|par
|
|-heal|p2a: ᛃᛟArbolive|77/100|[from] item: Leftovers
|upkeep
|turn|11
|
|t:|1769435976
|move|p1a: Dragonite|Roost|p1a: Dragonite
|-heal|p1a: Dragonite|100/100 par
|-singleturn|p1a: Dragonite|move: Roost
|move|p2a: ᛃᛟArbolive|Strength Sap|p1a: Dragonite
|-unboost|p1a: Dragonite|atk|1
|-heal|p2a: ᛃᛟArbolive|100/100
|
|upkeep
|turn|12
|
|t:|1769435986
|move|p1a: Dragonite|Dragon Dance|p1a: Dragonite
|-boost|p1a: Dragonite|atk|1
|-boost|p1a: Dragonite|spe|1
|move|p2a: ᛃᛟArbolive|Growth|p2a: ᛃᛟArbolive
|-boost|p2a: ᛃᛟArbolive|atk|1
|-boost|p2a: ᛃᛟArbolive|spa|1
|
|upkeep
|turn|13
|
|t:|1769435997
|-terastallize|p1a: Dragonite|Flying
|move|p1a: Dragonite|Dragon Dance|p1a: Dragonite
|-boost|p1a: Dragonite|atk|1
|-boost|p1a: Dragonite|spe|1
|move|p2a: ᛃᛟArbolive|Strength Sap|p1a: Dragonite
|-unboost|p1a: Dragonite|atk|1
|
|upkeep
|turn|14
|
|t:|1769436007
|move|p1a: Dragonite|Tera Blast|p2a: ᛃᛟArbolive|[anim] Tera Blast Flying
|-supereffective|p2a: ᛃᛟArbolive
|-damage|p2a: ᛃᛟArbolive|0 fnt
|-fieldstart|move: Grassy Terrain|[from] ability: Seed Sower|[of] p2a: ᛃᛟArbolive
|faint|p2a: ᛃᛟArbolive
|
|upkeep
|
|t:|1769436017
|switch|p2a: ᚱᛇGal|Galvantula, M, shiny|47/100
|-damage|p2a: ᚱᛇGal|22/100|[from] Stealth Rock
|-damage|p2a: ᚱᛇGal|5/100|[from] Spikes
|turn|15
|
|t:|1769436026
|move|p1a: Dragonite|Earthquake|p2a: ᚱᛇGal
|-damage|p2a: ᚱᛇGal|0 fnt
|faint|p2a: ᚱᛇGal
|
|upkeep
|
|t:|1769436036
|switch|p2a: ᛏᚷYaneem|Yanmega, M, shiny|100/100
|-damage|p2a: ᛏᚷYaneem|50/100|[from] Stealth Rock
|turn|16
|
|t:|1769436040
|move|p1a: Dragonite|Tera Blast|p2a: ᛏᚷYaneem|[anim] Tera Blast Flying
|-supereffective|p2a: ᛏᚷYaneem
|-damage|p2a: ᛏᚷYaneem|0 fnt
|faint|p2a: ᛏᚷYaneem
|
|upkeep
|
|t:|1769436044
|switch|p2a: ᛟᚷᛃWitchfruit|Appletun, F|100/100
|-damage|p2a: ᛟᚷᛃWitchfruit|88/100|[from] Stealth Rock
|-damage|p2a: ᛟᚷᛃWitchfruit|71/100|[from] Spikes
|turn|17
|
|t:|1769436053
|move|p1a: Dragonite|Tera Blast|p2a: ᛟᚷᛃWitchfruit|[anim] Tera Blast Flying
|-supereffective|p2a: ᛟᚷᛃWitchfruit
|-crit|p2a: ᛟᚷᛃWitchfruit
|-damage|p2a: ᛟᚷᛃWitchfruit|0 fnt
|faint|p2a: ᛟᚷᛃWitchfruit
|
|win|Leadedpaint
|raw|Leadedpaint's rating: 1068 &rarr; <strong>1097</strong><br />(+29 for winning)
|raw|big bod3's rating: 1055 &rarr; <strong>1037</strong><br />(-18 for losing)
|c|☆Leadedpaint|gg
|l|☆big bod3
|player|p2|
|l|☆Leadedpaint
|player|p1|
