|j|☆zhaojindawang朝瑾
|j|☆pokemon prefect
|t:|1769407862
|gametype|singles
|player|p1|zhaojindawang朝瑾|caitlin|1484
|player|p2|pokemon prefect|169|1503
|gen|9
|tier|[Gen 9] OU
|rated|
|rule|HP Percentage Mod: HP is shown in percentages
|rule|Endless Battle Clause: Forcing endless battles is banned
|rule|Species Clause: Limit one of each Pokémon
|rule|OHKO Clause: OHKO moves are banned
|rule|Evasion Items Clause: Evasion items are banned
|rule|Evasion Moves Clause: Evasion moves are banned
|rule|Evasion Abilities Clause: Evasion abilities are banned
|rule|Sleep Moves Clause: Sleep-inducing moves are banned
|clearpoke
|poke|p1|Hatterene, F|
|poke|p1|Weezing-Galar, F|
|poke|p1|Dondozo, F|
|poke|p1|Gliscor, F|
|poke|p1|Clodsire, F|
|poke|p1|Volcanion|
|poke|p2|Iron Hands|
|poke|p2|Ursaluna, F|
|poke|p2|Kingambit, M|
|poke|p2|Porygon2|
|poke|p2|Cresselia, F|
|poke|p2|Hatterene, F|
|teampreview
|inactive|Battle timer is ON: inactive players will automatically lose when time's up. (requested by zhaojindawang朝瑾)
|
|t:|1769407885
|teamsize|p1|6
|teamsize|p2|6
|start
|switch|p1a: Weezing|Weezing-Galar, F|100/100
|switch|p2a: Ursaluna|Ursaluna, F|100/100
|-ability|p1a: Weezing|Neutralizing Gas
|turn|1
|
|t:|1769407903
|switch|p2a: Hatterene|Hatterene, F|100/100
|-terastallize|p1a: Weezing|Flying
|move|p1a: Weezing|Toxic|p2a: Hatterene
|-status|p2a: Hatterene|tox
|
|-damage|p2a: Hatterene|95/100 tox|[from] psn
|upkeep
|turn|2
|
|t:|1769407913
|-end|p1a: Weezing|ability: Neutralizing Gas
|switch|p1a: 飞天大蝙蝠|Gliscor, F|100/100
|move|p2a: Hatterene|Trick Room|p2a: Hatterene
|-fieldstart|move: Trick Room|[of] p2a: Hatterene
|
|-damage|p2a: Hatterene|83/100 tox|[from] psn
|-status|p1a: 飞天大蝙蝠|tox|[from] item: Toxic Orb
|upkeep
|turn|3
|
|t:|1769407933
|switch|p2a: Ursaluna|Ursaluna, F|100/100
|move|p1a: 飞天大蝙蝠|Knock Off|p2a: Ursaluna
|-damage|p2a: Ursaluna|86/100
|-enditem|p2a: Ursaluna|Flame Orb|[from] move: Knock Off|[of] p1a: 飞天大蝙蝠
|
|upkeep
|turn|4
|
|t:|1769407941
|move|p1a: 飞天大蝙蝠|Protect|p1a: 飞天大蝙蝠
|-singleturn|p1a: 飞天大蝙蝠|Protect
|move|p2a: Ursaluna|Swords Dance|p2a: Ursaluna
|-boost|p2a: Ursaluna|atk|2
|
|upkeep
|turn|5
|
|t:|1769407947
|switch|p1a: 九转吞天鲶|Dondozo, F, shiny|100/100
|move|p2a: Ursaluna|Facade|p1a: 九转吞天鲶
|-damage|p1a: 九转吞天鲶|82/100
|
|-heal|p1a: 九转吞天鲶|88/100|[from] item: Leftovers
|upkeep
|turn|6
|
|t:|1769407956
|switch|p2a: Iron Hands|Iron Hands|100/100
|-enditem|p2a: Iron Hands|Booster Energy
|-activate|p2a: Iron Hands|ability: Quark Drive|[fromitem]
|-start|p2a: Iron Hands|quarkdriveatk
|move|p1a: 九转吞天鲶|Liquidation|p2a: Iron Hands
|-damage|p2a: Iron Hands|80/100
|
|-heal|p1a: 九转吞天鲶|94/100|[from] item: Leftovers
|-fieldend|move: Trick Room
|upkeep
|turn|7
|
|t:|1769407971
|switch|p1a: 帽子姐姐强无敌|Hatterene, F, shiny|100/100
|move|p2a: Iron Hands|Swords Dance|p2a: Iron Hands
|-boost|p2a: Iron Hands|atk|2
|
|upkeep
|turn|8
|
|t:|1769407976
|move|p2a: Iron Hands|Thunder Punch|p1a: 帽子姐姐强无敌
|-crit|p1a: 帽子姐姐强无敌
|-damage|p1a: 帽子姐姐强无敌|0 fnt
|-damage|p2a: Iron Hands|64/100|[from] item: Rocky Helmet|[of] p1a: 帽子姐姐强无敌
|faint|p1a: 帽子姐姐强无敌
|
|upkeep
|
|t:|1769407979
|switch|p1a: 飞天大蝙蝠|Gliscor, F|100/100 tox
|turn|9
|
|t:|1769407987
|-terastallize|p2a: Iron Hands|Flying
|move|p1a: 飞天大蝙蝠|Protect|p1a: 飞天大蝙蝠
|-singleturn|p1a: 飞天大蝙蝠|Protect
|move|p2a: Iron Hands|Ice Punch|p1a: 飞天大蝙蝠
|-activate|p1a: 飞天大蝙蝠|move: Protect
|
|upkeep
|turn|10
|
|t:|1769408001
|switch|p1a: 九转吞天鲶|Dondozo, F, shiny|94/100
|move|p2a: Iron Hands|Drain Punch|p1a: 九转吞天鲶
|-damage|p1a: 九转吞天鲶|67/100
|-heal|p2a: Iron Hands|80/100|[from] drain|[of] p1a: 九转吞天鲶
|
|-heal|p1a: 九转吞天鲶|73/100|[from] item: Leftovers
|upkeep
|turn|11
|
|t:|1769408009
|move|p1a: 九转吞天鲶|Liquidation|p2a: Iron Hands
|-damage|p2a: Iron Hands|62/100
|-unboost|p2a: Iron Hands|def|1
|move|p2a: Iron Hands|Thunder Punch|p1a: 九转吞天鲶
|-supereffective|p1a: 九转吞天鲶
|-crit|p1a: 九转吞天鲶
|-damage|p1a: 九转吞天鲶|0 fnt
|faint|p1a: 九转吞天鲶
|
|upkeep
|
|t:|1769408025
|switch|p1a: Volcanion|Volcanion|100/100
|turn|12
|inactive|pokemon prefect has 120 seconds left.
|
|t:|1769408064
|-end|p2a: Iron Hands|Quark Drive|[silent]
|switch|p2a: Porygon2|Porygon2|100/100
|-ability|p2a: Porygon2|Water Absorb|Trace|[from] ability: Trace|[of] p1a: Volcanion
|move|p1a: Volcanion|Steam Eruption|p2a: Porygon2
|-immune|p2a: Porygon2|[from] ability: Water Absorb
|
|upkeep
|turn|13
|inactive|pokemon prefect has 120 seconds left.
|
|t:|1769408071
|switch|p1a: 飞天大蝙蝠|Gliscor, F|100/100 tox
|move|p2a: Porygon2|Trick Room|p2a: Porygon2
|-fieldstart|move: Trick Room|[of] p2a: Porygon2
|
|upkeep
|turn|14
|inactive|pokemon prefect has 120 seconds left.
|l|☆pokemon prefect
|inactive|pokemon prefect disconnected and has a minute to reconnect!
|player|p2|
|j|☆pokemon prefect
|inactive|pokemon prefect reconnected and has 100 seconds left.
|player|p2|pokemon prefect|169|
|inactive|pokemon prefect has 90 seconds left.
|
|t:|1769408126
|switch|p2a: Iron Hands|Iron Hands, tera:Flying|62/100
|move|p1a: 飞天大蝙蝠|Toxic|p2a: Iron Hands
|-status|p2a: Iron Hands|tox
|
|-damage|p2a: Iron Hands|56/100 tox|[from] psn
|upkeep
|turn|15
|
|t:|1769408136
|switch|p1a: Weezing|Weezing-Galar, F, tera:Flying|100/100
|-ability|p1a: Weezing|Neutralizing Gas
|move|p2a: Iron Hands|Swords Dance|p2a: Iron Hands
|-boost|p2a: Iron Hands|atk|2
|
|-damage|p2a: Iron Hands|43/100 tox|[from] psn
|upkeep
|turn|16
|inactive|pokemon prefect has 90 seconds left.
|
|t:|1769408156
|-end|p1a: Weezing|ability: Neutralizing Gas
|switch|p1a: 黑太岁|Clodsire, F, shiny|100/100
|move|p2a: Iron Hands|Thunder Punch|p1a: 黑太岁
|-immune|p1a: 黑太岁
|
|-damage|p2a: Iron Hands|25/100 tox|[from] psn
|upkeep
|turn|17
|inactive|pokemon prefect has 90 seconds left.
|
|t:|1769408168
|switch|p1a: Volcanion|Volcanion|100/100
|move|p2a: Iron Hands|Drain Punch|p1a: Volcanion
|-damage|p1a: Volcanion|14/100
|-heal|p2a: Iron Hands|54/100 tox|[from] drain|[of] p1a: Volcanion
|
|-damage|p2a: Iron Hands|29/100 tox|[from] psn
|-fieldend|move: Trick Room
|upkeep
|turn|18
|inactive|pokemon prefect has 90 seconds left.
|
|t:|1769408183
|-end|p2a: Iron Hands|Quark Drive|[silent]
|switch|p2a: Porygon2|Porygon2|100/100
|-ability|p2a: Porygon2|Water Absorb|Trace|[from] ability: Trace|[of] p1a: Volcanion
|move|p1a: Volcanion|Flamethrower|p2a: Porygon2
|-damage|p2a: Porygon2|68/100
|
|upkeep
|turn|19
|
|t:|1769408193
|move|p1a: Volcanion|Flamethrower|p2a: Porygon2
|-damage|p2a: Porygon2|34/100
|move|p2a: Porygon2|Trick Room|p2a: Porygon2
|-fieldstart|move: Trick Room|[of] p2a: Porygon2
|
|upkeep
|turn|20
|
|t:|1769408201
|switch|p1a: 黑太岁|Clodsire, F, shiny|100/100
|move|p2a: Porygon2|Recover|p2a: Porygon2
|-heal|p2a: Porygon2|84/100
|
|upkeep
|turn|21
|
|t:|1769408210
|switch|p2a: Hatterene|Hatterene, F|83/100 tox
|move|p1a: 黑太岁|Poison Jab|p2a: Hatterene
|-supereffective|p2a: Hatterene
|-damage|p2a: Hatterene|30/100 tox
|
|-damage|p2a: Hatterene|24/100 tox|[from] psn
|upkeep
|turn|22
|
|t:|1769408227
|switch|p1a: 飞天大蝙蝠|Gliscor, F|100/100 tox
|move|p2a: Hatterene|Healing Wish|p2a: Hatterene
|faint|p2a: Hatterene
|
|upkeep
|
|t:|1769408230
|switch|p2a: Iron Hands|Iron Hands, tera:Flying|29/100 tox
|-heal|p2a: Iron Hands|100/100|[from] move: Healing Wish
|turn|23
|
|t:|1769408236
|move|p2a: Iron Hands|Swords Dance|p2a: Iron Hands
|-boost|p2a: Iron Hands|atk|2
|move|p1a: 飞天大蝙蝠|Toxic|p2a: Iron Hands
|-status|p2a: Iron Hands|tox
|
|-damage|p2a: Iron Hands|94/100 tox|[from] psn
|-fieldend|move: Trick Room
|upkeep
|turn|24
|inactive|pokemon prefect has 120 seconds left.
|l|☆pokemon prefect
|inactive|pokemon prefect disconnected and has a minute to reconnect!
|player|p2|
|j|☆pokemon prefect
|inactive|pokemon prefect reconnected and has 100 seconds left.
|player|p2|pokemon prefect|169|
|
|t:|1769408268
|move|p1a: 飞天大蝙蝠|Protect|p1a: 飞天大蝙蝠
|-singleturn|p1a: 飞天大蝙蝠|Protect
|move|p2a: Iron Hands|Ice Punch|p1a: 飞天大蝙蝠
|-activate|p1a: 飞天大蝙蝠|move: Protect
|
|-damage|p2a: Iron Hands|82/100 tox|[from] psn
|upkeep
|turn|25
|
|t:|1769408279
|switch|p1a: Weezing|Weezing-Galar, F, tera:Flying|100/100
|-ability|p1a: Weezing|Neutralizing Gas
|move|p2a: Iron Hands|Ice Punch|p1a: Weezing
|-supereffective|p1a: Weezing
|-damage|p1a: Weezing|25/100
|-damage|p2a: Iron Hands|65/100 tox|[from] item: Rocky Helmet|[of] p1a: Weezing
|
|-damage|p2a: Iron Hands|47/100 tox|[from] psn
|upkeep
|turn|26
|
|t:|1769408292
|move|p1a: Weezing|Pain Split|p2a: Iron Hands
|-sethp|p2a: Iron Hands|33/100 tox|[from] move: Pain Split|[silent]
|-sethp|p1a: Weezing|44/100|[from] move: Pain Split
|move|p2a: Iron Hands|Thunder Punch|p1a: Weezing
|-supereffective|p1a: Weezing
|-damage|p1a: Weezing|0 fnt
|-damage|p2a: Iron Hands|16/100 tox|[from] item: Rocky Helmet|[of] p1a: Weezing
|faint|p1a: Weezing
|-end|p1a: Weezing|ability: Neutralizing Gas
|
|-damage|p2a: Iron Hands|0 fnt|[from] psn
|faint|p2a: Iron Hands
|-end|p2a: Iron Hands|Quark Drive|[silent]
|upkeep
|
|t:|1769408306
|switch|p1a: 飞天大蝙蝠|Gliscor, F|100/100 tox
|switch|p2a: Porygon2|Porygon2|84/100
|-ability|p2a: Porygon2|Poison Heal|Trace|[from] ability: Trace|[of] p1a: 飞天大蝙蝠
|turn|27
|
|t:|1769408318
|move|p1a: 飞天大蝙蝠|Toxic|p2a: Porygon2
|-status|p2a: Porygon2|tox
|move|p2a: Porygon2|Trick Room|p2a: Porygon2
|-fieldstart|move: Trick Room|[of] p2a: Porygon2
|
|-heal|p2a: Porygon2|97/100 tox|[from] ability: Poison Heal
|upkeep
|turn|28
|
|t:|1769408328
|switch|p2a: Ursaluna|Ursaluna, F|86/100
|switch|p1a: 黑太岁|Clodsire, F, shiny|100/100
|
|upkeep
|turn|29
|
|t:|1769408340
|move|p1a: 黑太岁|Stealth Rock|p2a: Ursaluna
|-sidestart|p2: pokemon prefect|move: Stealth Rock
|move|p2a: Ursaluna|Swords Dance|p2a: Ursaluna
|-boost|p2a: Ursaluna|atk|2
|
|upkeep
|turn|30
|
|t:|1769408360
|move|p1a: 黑太岁|Earthquake|p2a: Ursaluna
|-damage|p2a: Ursaluna|66/100
|move|p2a: Ursaluna|Facade|p1a: 黑太岁
|-damage|p1a: 黑太岁|52/100
|
|-heal|p1a: 黑太岁|58/100|[from] item: Leftovers
|upkeep
|turn|31
|
|t:|1769408368
|move|p1a: 黑太岁|Poison Jab|p2a: Ursaluna
|-resisted|p2a: Ursaluna
|-damage|p2a: Ursaluna|58/100
|move|p2a: Ursaluna|Headlong Rush|p1a: 黑太岁
|-supereffective|p1a: 黑太岁
|-damage|p1a: 黑太岁|0 fnt
|-unboost|p2a: Ursaluna|def|1
|-unboost|p2a: Ursaluna|spd|1
|faint|p1a: 黑太岁
|
|-fieldend|move: Trick Room
|upkeep
|
|t:|1769408374
|switch|p1a: 飞天大蝙蝠|Gliscor, F|100/100 tox
|turn|32
|
|t:|1769408382
|switch|p2a: Porygon2|Porygon2|97/100 tox
|-damage|p2a: Porygon2|84/100 tox|[from] Stealth Rock
|-ability|p2a: Porygon2|Poison Heal|Trace|[from] ability: Trace|[of] p1a: 飞天大蝙蝠
|move|p1a: 飞天大蝙蝠|Toxic|p2a: Porygon2|[miss]
|-miss|p1a: 飞天大蝙蝠|p2a: Porygon2
|
|-heal|p2a: Porygon2|97/100 tox|[from] ability: Poison Heal
|upkeep
|turn|33
|
|t:|1769408390
|switch|p1a: Volcanion|Volcanion|14/100
|move|p2a: Porygon2|Tri Attack|p1a: Volcanion
|-damage|p1a: Volcanion|0 fnt
|faint|p1a: Volcanion
|
|-heal|p2a: Porygon2|100/100 tox|[from] ability: Poison Heal
|upkeep
|
|t:|1769408398
|switch|p1a: 飞天大蝙蝠|Gliscor, F|100/100 tox
|turn|34
|l|☆pokemon prefect
|inactive|pokemon prefect disconnected and has a minute to reconnect!
|player|p2|
|inactive|pokemon prefect has 30 seconds to reconnect!
|inactive|pokemon prefect has 20 seconds to reconnect!
|inactive|pokemon prefect has 15 seconds to reconnect!
|inactive|pokemon prefect has 10 seconds to reconnect!
|inactive|pokemon prefect has 5 seconds to reconnect!
|j|☆pokemon prefect
|inactive|pokemon prefect reconnected and has 70 seconds left.
|player|p2|pokemon prefect|169|
|
|t:|1769408477
|move|p1a: 飞天大蝙蝠|Knock Off|p2a: Porygon2
|-damage|p2a: Porygon2|90/100 tox
|-enditem|p2a: Porygon2|Eviolite|[from] move: Knock Off|[of] p1a: 飞天大蝙蝠
|move|p2a: Porygon2|Tri Attack|p1a: 飞天大蝙蝠
|-damage|p1a: 飞天大蝙蝠|76/100 tox
|
|-heal|p1a: 飞天大蝙蝠|89/100 tox|[from] ability: Poison Heal
|-heal|p2a: Porygon2|100/100 tox|[from] ability: Poison Heal
|upkeep
|turn|35
|
|t:|1769408488
|move|p1a: 飞天大蝙蝠|Earthquake|p2a: Porygon2
|-damage|p2a: Porygon2|77/100 tox
|move|p2a: Porygon2|Tri Attack|p1a: 飞天大蝙蝠
|-damage|p1a: 飞天大蝙蝠|64/100 tox
|
|-heal|p1a: 飞天大蝙蝠|77/100 tox|[from] ability: Poison Heal
|-heal|p2a: Porygon2|90/100 tox|[from] ability: Poison Heal
|upkeep
|turn|36
|
|t:|1769408500
|move|p1a: 飞天大蝙蝠|Protect|p1a: 飞天大蝙蝠
|-singleturn|p1a: 飞天大蝙蝠|Protect
|move|p2a: Porygon2|Tri Attack|p1a: 飞天大蝙蝠
|-activate|p1a: 飞天大蝙蝠|move: Protect
|
|-heal|p1a: 飞天大蝙蝠|89/100 tox|[from] ability: Poison Heal
|-heal|p2a: Porygon2|100/100 tox|[from] ability: Poison Heal
|upkeep
|turn|37
|
|t:|1769408510
|move|p1a: 飞天大蝙蝠|Knock Off|p2a: Porygon2
|-damage|p2a: Porygon2|90/100 tox
|move|p2a: Porygon2|Foul Play|p1a: 飞天大蝙蝠
|-damage|p1a: 飞天大蝙蝠|73/100 tox
|
|-heal|p1a: 飞天大蝙蝠|86/100 tox|[from] ability: Poison Heal
|-heal|p2a: Porygon2|100/100 tox|[from] ability: Poison Heal
|upkeep
|turn|38
|
|t:|1769408519
|move|p1a: 飞天大蝙蝠|Knock Off|p2a: Porygon2
|-damage|p2a: Porygon2|90/100 tox
|move|p2a: Porygon2|Foul Play|p1a: 飞天大蝙蝠
|-damage|p1a: 飞天大蝙蝠|68/100 tox
|
|-heal|p1a: 飞天大蝙蝠|81/100 tox|[from] ability: Poison Heal
|-heal|p2a: Porygon2|100/100 tox|[from] ability: Poison Heal
|upkeep
|turn|39
|
|t:|1769408528
|move|p1a: 飞天大蝙蝠|Knock Off|p2a: Porygon2
|-damage|p2a: Porygon2|90/100 tox
|move|p2a: Porygon2|Foul Play|p1a: 飞天大蝙蝠
|-damage|p1a: 飞天大蝙蝠|65/100 tox
|
|-heal|p1a: 飞天大蝙蝠|77/100 tox|[from] ability: Poison Heal
|-heal|p2a: Porygon2|100/100 tox|[from] ability: Poison Heal
|upkeep
|turn|40
|
|t:|1769408537
|move|p1a: 飞天大蝙蝠|Knock Off|p2a: Porygon2
|-crit|p2a: Porygon2
|-damage|p2a: Porygon2|84/100 tox
|move|p2a: Porygon2|Foul Play|p1a: 飞天大蝙蝠
|-damage|p1a: 飞天大蝙蝠|61/100 tox
|
|-heal|p1a: 飞天大蝙蝠|74/100 tox|[from] ability: Poison Heal
|-heal|p2a: Porygon2|97/100 tox|[from] ability: Poison Heal
|upkeep
|turn|41
|l|☆pokemon prefect
|inactive|pokemon prefect disconnected and has a minute to reconnect!
|player|p2|
|j|☆pokemon prefect
|inactive|pokemon prefect reconnected and has 110 seconds left.
|player|p2|pokemon prefect|169|
|
|t:|1769408555
|move|p1a: 飞天大蝙蝠|Protect|p1a: 飞天大蝙蝠
|-singleturn|p1a: 飞天大蝙蝠|Protect
|move|p2a: Porygon2|Tri Attack|p1a: 飞天大蝙蝠
|-activate|p1a: 飞天大蝙蝠|move: Protect
|
|-heal|p1a: 飞天大蝙蝠|86/100 tox|[from] ability: Poison Heal
|-heal|p2a: Porygon2|100/100 tox|[from] ability: Poison Heal
|upkeep
|turn|42
|
|t:|1769408565
|move|p1a: 飞天大蝙蝠|Knock Off|p2a: Porygon2
|-damage|p2a: Porygon2|91/100 tox
|move|p2a: Porygon2|Tri Attack|p1a: 飞天大蝙蝠
|-damage|p1a: 飞天大蝙蝠|64/100 tox
|
|-heal|p1a: 飞天大蝙蝠|76/100 tox|[from] ability: Poison Heal
|-heal|p2a: Porygon2|100/100 tox|[from] ability: Poison Heal
|upkeep
|turn|43
|
|t:|1769408574
|move|p1a: 飞天大蝙蝠|Protect|p1a: 飞天大蝙蝠
|-singleturn|p1a: 飞天大蝙蝠|Protect
|move|p2a: Porygon2|Tri Attack|p1a: 飞天大蝙蝠
|-activate|p1a: 飞天大蝙蝠|move: Protect
|
|-heal|p1a: 飞天大蝙蝠|89/100 tox|[from] ability: Poison Heal
|upkeep
|turn|44
|
|t:|1769408581
|move|p1a: 飞天大蝙蝠|Knock Off|p2a: Porygon2
|-damage|p2a: Porygon2|90/100 tox
|move|p2a: Porygon2|Tri Attack|p1a: 飞天大蝙蝠
|-damage|p1a: 飞天大蝙蝠|67/100 tox
|
|-heal|p1a: 飞天大蝙蝠|79/100 tox|[from] ability: Poison Heal
|-heal|p2a: Porygon2|100/100 tox|[from] ability: Poison Heal
|upkeep
|turn|45
|
|t:|1769408591
|move|p1a: 飞天大蝙蝠|Knock Off|p2a: Porygon2
|-damage|p2a: Porygon2|90/100 tox
|move|p2a: Porygon2|Foul Play|p1a: 飞天大蝙蝠
|-damage|p1a: 飞天大蝙蝠|62/100 tox
|
|-heal|p1a: 飞天大蝙蝠|74/100 tox|[from] ability: Poison Heal
|-heal|p2a: Porygon2|100/100 tox|[from] ability: Poison Heal
|upkeep
|turn|46
|
|t:|1769408595
|move|p1a: 飞天大蝙蝠|Knock Off|p2a: Porygon2
|-damage|p2a: Porygon2|89/100 tox
|move|p2a: Porygon2|Foul Play|p1a: 飞天大蝙蝠
|-damage|p1a: 飞天大蝙蝠|57/100 tox
|
|-heal|p1a: 飞天大蝙蝠|70/100 tox|[from] ability: Poison Heal
|-heal|p2a: Porygon2|100/100 tox|[from] ability: Poison Heal
|upkeep
|turn|47
|
|t:|1769408604
|move|p1a: 飞天大蝙蝠|Knock Off|p2a: Porygon2
|-damage|p2a: Porygon2|91/100 tox
|move|p2a: Porygon2|Foul Play|p1a: 飞天大蝙蝠
|-damage|p1a: 飞天大蝙蝠|54/100 tox
|
|-heal|p1a: 飞天大蝙蝠|66/100 tox|[from] ability: Poison Heal
|-heal|p2a: Porygon2|100/100 tox|[from] ability: Poison Heal
|upkeep
|turn|48
|
|t:|1769408608
|move|p1a: 飞天大蝙蝠|Protect|p1a: 飞天大蝙蝠
|-singleturn|p1a: 飞天大蝙蝠|Protect
|move|p2a: Porygon2|Foul Play|p1a: 飞天大蝙蝠
|-activate|p1a: 飞天大蝙蝠|move: Protect
|
|-heal|p1a: 飞天大蝙蝠|78/100 tox|[from] ability: Poison Heal
|upkeep
|turn|49
|
|t:|1769408615
|move|p1a: 飞天大蝙蝠|Knock Off|p2a: Porygon2
|-damage|p2a: Porygon2|91/100 tox
|move|p2a: Porygon2|Foul Play|p1a: 飞天大蝙蝠
|-damage|p1a: 飞天大蝙蝠|60/100 tox
|
|-heal|p1a: 飞天大蝙蝠|73/100 tox|[from] ability: Poison Heal
|-heal|p2a: Porygon2|100/100 tox|[from] ability: Poison Heal
|upkeep
|turn|50
|
|t:|1769408619
|move|p1a: 飞天大蝙蝠|Toxic|p2a: Porygon2
|-fail|p2a: Porygon2|tox
|move|p2a: Porygon2|Foul Play|p1a: 飞天大蝙蝠
|-damage|p1a: 飞天大蝙蝠|58/100 tox
|
|-heal|p1a: 飞天大蝙蝠|70/100 tox|[from] ability: Poison Heal
|upkeep
|turn|51
|
|t:|1769408622
|move|p1a: 飞天大蝙蝠|Toxic|p2a: Porygon2
|-fail|p2a: Porygon2|tox
|move|p2a: Porygon2|Tri Attack|p1a: 飞天大蝙蝠
|-damage|p1a: 飞天大蝙蝠|47/100 tox
|
|-heal|p1a: 飞天大蝙蝠|59/100 tox|[from] ability: Poison Heal
|upkeep
|turn|52
|
|t:|1769408629
|move|p1a: 飞天大蝙蝠|Protect|p1a: 飞天大蝙蝠
|-singleturn|p1a: 飞天大蝙蝠|Protect
|move|p2a: Porygon2|Foul Play|p1a: 飞天大蝙蝠
|-activate|p1a: 飞天大蝙蝠|move: Protect
|
|-heal|p1a: 飞天大蝙蝠|72/100 tox|[from] ability: Poison Heal
|upkeep
|turn|53
|
|t:|1769408636
|move|p1a: 飞天大蝙蝠|Toxic|p2a: Porygon2
|-fail|p2a: Porygon2|tox
|move|p2a: Porygon2|Foul Play|p1a: 飞天大蝙蝠
|-damage|p1a: 飞天大蝙蝠|54/100 tox
|
|-heal|p1a: 飞天大蝙蝠|66/100 tox|[from] ability: Poison Heal
|upkeep
|turn|54
|
|t:|1769408643
|move|p1a: 飞天大蝙蝠|Protect|p1a: 飞天大蝙蝠
|-singleturn|p1a: 飞天大蝙蝠|Protect
|move|p2a: Porygon2|Tri Attack|p1a: 飞天大蝙蝠
|-activate|p1a: 飞天大蝙蝠|move: Protect
|
|-heal|p1a: 飞天大蝙蝠|79/100 tox|[from] ability: Poison Heal
|upkeep
|turn|55
|
|t:|1769408651
|move|p1a: 飞天大蝙蝠|Toxic|p2a: Porygon2
|-fail|p2a: Porygon2|tox
|move|p2a: Porygon2|Tri Attack|p1a: 飞天大蝙蝠
|-damage|p1a: 飞天大蝙蝠|53/100 tox
|
|-heal|p1a: 飞天大蝙蝠|65/100 tox|[from] ability: Poison Heal
|upkeep
|turn|56
|
|t:|1769408655
|move|p1a: 飞天大蝙蝠|Toxic|p2a: Porygon2
|-fail|p2a: Porygon2|tox
|move|p2a: Porygon2|Foul Play|p1a: 飞天大蝙蝠
|-damage|p1a: 飞天大蝙蝠|49/100 tox
|
|-heal|p1a: 飞天大蝙蝠|61/100 tox|[from] ability: Poison Heal
|upkeep
|turn|57
|
|t:|1769408664
|move|p1a: 飞天大蝙蝠|Protect|p1a: 飞天大蝙蝠
|-singleturn|p1a: 飞天大蝙蝠|Protect
|move|p2a: Porygon2|Tri Attack|p1a: 飞天大蝙蝠
|-activate|p1a: 飞天大蝙蝠|move: Protect
|
|-heal|p1a: 飞天大蝙蝠|74/100 tox|[from] ability: Poison Heal
|upkeep
|turn|58
|
|t:|1769408669
|move|p1a: 飞天大蝙蝠|Knock Off|p2a: Porygon2
|-damage|p2a: Porygon2|90/100 tox
|move|p2a: Porygon2|Foul Play|p1a: 飞天大蝙蝠
|-crit|p1a: 飞天大蝙蝠
|-damage|p1a: 飞天大蝙蝠|48/100 tox
|
|-heal|p1a: 飞天大蝙蝠|61/100 tox|[from] ability: Poison Heal
|-heal|p2a: Porygon2|100/100 tox|[from] ability: Poison Heal
|upkeep
|turn|59
|
|t:|1769408675
|move|p1a: 飞天大蝙蝠|Knock Off|p2a: Porygon2
|-damage|p2a: Porygon2|91/100 tox
|move|p2a: Porygon2|Foul Play|p1a: 飞天大蝙蝠
|-damage|p1a: 飞天大蝙蝠|43/100 tox
|
|-heal|p1a: 飞天大蝙蝠|56/100 tox|[from] ability: Poison Heal
|-heal|p2a: Porygon2|100/100 tox|[from] ability: Poison Heal
|upkeep
|turn|60
|
|t:|1769408677
|move|p1a: 飞天大蝙蝠|Knock Off|p2a: Porygon2
|-damage|p2a: Porygon2|90/100 tox
|move|p2a: Porygon2|Tri Attack|p1a: 飞天大蝙蝠
|-damage|p1a: 飞天大蝙蝠|31/100 tox
|
|-heal|p1a: 飞天大蝙蝠|43/100 tox|[from] ability: Poison Heal
|-heal|p2a: Porygon2|100/100 tox|[from] ability: Poison Heal
|upkeep
|turn|61
|
|t:|1769408681
|move|p1a: 飞天大蝙蝠|Knock Off|p2a: Porygon2
|-damage|p2a: Porygon2|90/100 tox
|move|p2a: Porygon2|Tri Attack|p1a: 飞天大蝙蝠
|-damage|p1a: 飞天大蝙蝠|21/100 tox
|
|-heal|p1a: 飞天大蝙蝠|34/100 tox|[from] ability: Poison Heal
|-heal|p2a: Porygon2|100/100 tox|[from] ability: Poison Heal
|upkeep
|turn|62
|
|t:|1769408688
|switch|p2a: Cresselia|Cresselia, F|100/100
|-damage|p2a: Cresselia|88/100|[from] Stealth Rock
|move|p1a: 飞天大蝙蝠|Protect||[still]
|-fail|p1a: 飞天大蝙蝠
|
|-heal|p1a: 飞天大蝙蝠|46/100 tox|[from] ability: Poison Heal
|upkeep
|turn|63
|
|t:|1769408690
|move|p1a: 飞天大蝙蝠|Toxic|p2a: Cresselia
|-status|p2a: Cresselia|tox
|move|p2a: Cresselia|Ice Beam|p1a: 飞天大蝙蝠
|-supereffective|p1a: 飞天大蝙蝠
|-damage|p1a: 飞天大蝙蝠|0 fnt
|faint|p1a: 飞天大蝙蝠
|
|win|pokemon prefect
|raw|zhaojindawang朝瑾's rating: 1484 &rarr; <strong>1465</strong><br />(-19 for losing)
|raw|pokemon prefect's rating: 1503 &rarr; <strong>1522</strong><br />(+19 for winning)
|l|☆zhaojindawang朝瑾
|player|p1|
|l|☆pokemon prefect
|player|p2|
