|j|☆capitaine tenace
|j|☆CambridgeFoulPlay
|t:|1769350442
|gametype|singles
|player|p1|capitaine tenace|will-gen2|1699
|player|p2|CambridgeFoulPlay|266|1730
|gen|9
|tier|[Gen 9] OU
|rated|
|rule|HP Percentage Mod: HP is shown in percentages
|rule|Endless Battle Clause: Forcing endless battles is banned
|rule|Species Clause: Limit one of each Pokémon
|rule|OHKO Clause: OHKO moves are banned
|rule|Evasion Items Clause: Evasion items are banned
|rule|Evasion Moves Clause: Evasion moves are banned
|rule|Evasion Abilities Clause: Evasion abilities are banned
|rule|Sleep Moves Clause: Sleep-inducing moves are banned
|clearpoke
|poke|p1|Alomomola, F|
|poke|p1|Hoopa-Unbound|
|poke|p1|Weezing-Galar, F|
|poke|p1|Pecharunt|
|poke|p1|Landorus-Therian, M|
|poke|p1|Kingambit, M|
|poke|p2|Hydrapple, M|
|poke|p2|Tyranitar, F|
|poke|p2|Moltres|
|poke|p2|Zamazenta-*|
|poke|p2|Slowking-Galar, F|
|poke|p2|Excadrill, F|
|teampreview
|inactive|Battle timer is ON: inactive players will automatically lose when time's up. (requested by capitaine tenace)
|c|☆CambridgeFoulPlay|hf
|inactive|CambridgeFoulPlay also wants the timer to be on.
|c|☆capitaine tenace|same
|
|t:|1769350459
|teamsize|p1|6
|teamsize|p2|6
|start
|switch|p1a: Alomomola|Alomomola, F|100/100
|switch|p2a: Tyranitar|Tyranitar, F|100/100
|-weather|Sandstorm|[from] ability: Sand Stream|[of] p2a: Tyranitar
|turn|1
|
|t:|1769350464
|move|p2a: Tyranitar|Stealth Rock|p1a: Alomomola
|-sidestart|p1: capitaine tenace|move: Stealth Rock
|move|p1a: Alomomola|Flip Turn|p2a: Tyranitar
|-supereffective|p2a: Tyranitar
|-damage|p2a: Tyranitar|75/100
|
|t:|1769350471
|switch|p1a: Hoopa|Hoopa-Unbound|100/100|[from] Flip Turn
|-damage|p1a: Hoopa|88/100|[from] Stealth Rock
|
|-weather|Sandstorm|[upkeep]
|-damage|p1a: Hoopa|82/100|[from] Sandstorm
|upkeep
|turn|2
|
|t:|1769350478
|move|p1a: Hoopa|Drain Punch|p2a: Tyranitar
|-supereffective|p2a: Tyranitar
|-damage|p2a: Tyranitar|0 fnt
|-heal|p1a: Hoopa|100/100|[from] drain|[of] p2a: Tyranitar
|faint|p2a: Tyranitar
|
|-weather|Sandstorm|[upkeep]
|-damage|p1a: Hoopa|95/100|[from] Sandstorm
|upkeep
|
|t:|1769350480
|switch|p2a: Moltres|Moltres|100/100
|turn|3
|
|t:|1769350487
|switch|p1a: Alomomola|Alomomola, F|100/100
|move|p2a: Moltres|U-turn|p1a: Alomomola
|-damage|p1a: Alomomola|92/100
|
|t:|1769350491
|switch|p2a: Hydrapple|Hydrapple, M|100/100|[from] U-turn
|
|-weather|Sandstorm|[upkeep]
|-damage|p2a: Hydrapple|94/100|[from] Sandstorm
|-damage|p1a: Alomomola|85/100|[from] Sandstorm
|upkeep
|turn|4
|
|t:|1769350496
|move|p1a: Alomomola|Protect|p1a: Alomomola
|-singleturn|p1a: Alomomola|Protect
|move|p2a: Hydrapple|Giga Drain|p1a: Alomomola
|-activate|p1a: Alomomola|move: Protect
|
|-weather|Sandstorm|[upkeep]
|-damage|p2a: Hydrapple|88/100|[from] Sandstorm
|-damage|p1a: Alomomola|79/100|[from] Sandstorm
|upkeep
|turn|5
|
|t:|1769350503
|switch|p1a: Kingambit|Kingambit, M|100/100
|-damage|p1a: Kingambit|94/100|[from] Stealth Rock
|move|p2a: Hydrapple|Giga Drain|p1a: Kingambit
|-resisted|p1a: Kingambit
|-damage|p1a: Kingambit|79/100
|-heal|p2a: Hydrapple|96/100|[from] drain|[of] p1a: Kingambit
|
|-weather|Sandstorm|[upkeep]
|-damage|p2a: Hydrapple|90/100|[from] Sandstorm
|-heal|p1a: Kingambit|85/100|[from] item: Leftovers
|upkeep
|turn|6
|
|t:|1769350514
|move|p1a: Kingambit|Swords Dance|p1a: Kingambit
|-boost|p1a: Kingambit|atk|2
|move|p2a: Hydrapple|Earth Power|p1a: Kingambit
|-supereffective|p1a: Kingambit
|-damage|p1a: Kingambit|36/100
|
|-weather|Sandstorm|[upkeep]
|-damage|p2a: Hydrapple|83/100|[from] Sandstorm
|-heal|p1a: Kingambit|42/100|[from] item: Leftovers
|upkeep
|turn|7
|
|t:|1769350524
|switch|p2a: Zamazenta|Zamazenta|100/100
|-ability|p2a: Zamazenta|Dauntless Shield|boost
|-boost|p2a: Zamazenta|def|1
|-terastallize|p1a: Kingambit|Fire
|move|p1a: Kingambit|Kowtow Cleave|p2a: Zamazenta
|-resisted|p2a: Zamazenta
|-damage|p2a: Zamazenta|77/100
|
|-weather|Sandstorm|[upkeep]
|-damage|p2a: Zamazenta|71/100|[from] Sandstorm
|-damage|p1a: Kingambit|36/100|[from] Sandstorm
|-heal|p2a: Zamazenta|77/100|[from] item: Leftovers
|-heal|p1a: Kingambit|42/100|[from] item: Leftovers
|upkeep
|turn|8
|
|t:|1769350539
|-end|p1a: Kingambit|fallenundefined|[silent]
|switch|p1a: Pecharunt|Pecharunt|100/100
|-damage|p1a: Pecharunt|88/100|[from] Stealth Rock
|move|p2a: Zamazenta|Body Press|p1a: Pecharunt
|-immune|p1a: Pecharunt
|
|-weather|none
|-heal|p2a: Zamazenta|83/100|[from] item: Leftovers
|upkeep
|turn|9
|
|t:|1769350548
|switch|p2a: Excadrill|Excadrill, F|100/100
|-item|p2a: Excadrill|Air Balloon
|move|p1a: Pecharunt|Parting Shot|p2a: Excadrill
|-unboost|p2a: Excadrill|atk|1
|-unboost|p2a: Excadrill|spa|1
|
|t:|1769350554
|switch|p1a: Landorus|Landorus-Therian, M|100/100|[from] Parting Shot
|-damage|p1a: Landorus|88/100|[from] Stealth Rock
|-ability|p1a: Landorus|Intimidate|boost
|-unboost|p2a: Excadrill|atk|1
|
|upkeep
|turn|10
|
|t:|1769350561
|switch|p2a: Moltres|Moltres|100/100
|move|p1a: Landorus|U-turn|p2a: Moltres
|-resisted|p2a: Moltres
|-damage|p2a: Moltres|96/100
|-status|p1a: Landorus|brn|[from] ability: Flame Body|[of] p2a: Moltres
|
|t:|1769350568
|switch|p1a: Alomomola|Alomomola, F|100/100|[from] U-turn
|
|upkeep
|turn|11
|
|t:|1769350573
|switch|p2a: Hydrapple|Hydrapple, M|100/100
|move|p1a: Alomomola|Wish|p1a: Alomomola
|
|upkeep
|turn|12
|
|t:|1769350577
|move|p2a: Hydrapple|Nasty Plot|p2a: Hydrapple
|-boost|p2a: Hydrapple|spa|2
|move|p1a: Alomomola|Flip Turn|p2a: Hydrapple
|-resisted|p2a: Hydrapple
|-damage|p2a: Hydrapple|98/100
|
|t:|1769350589
|switch|p1a: Hoopa|Hoopa-Unbound|95/100|[from] Flip Turn
|-damage|p1a: Hoopa|82/100|[from] Stealth Rock
|
|-heal|p1a: Hoopa|100/100|[from] move: Wish|[wisher] Alomomola
|upkeep
|turn|13
|
|t:|1769350597
|move|p1a: Hoopa|Knock Off|p2a: Hydrapple
|-damage|p2a: Hydrapple|62/100
|-enditem|p2a: Hydrapple|Heavy-Duty Boots|[from] move: Knock Off|[of] p1a: Hoopa
|move|p2a: Hydrapple|Giga Drain|p1a: Hoopa
|-damage|p1a: Hoopa|63/100
|-heal|p2a: Hydrapple|76/100|[from] drain|[of] p1a: Hoopa
|
|upkeep
|turn|14
|
|t:|1769350604
|switch|p2a: Excadrill|Excadrill, F|100/100
|-item|p2a: Excadrill|Air Balloon
|move|p1a: Hoopa|Psychic Noise|p2a: Excadrill
|-resisted|p2a: Excadrill
|-damage|p2a: Excadrill|75/100
|-start|p2a: Excadrill|move: Heal Block
|-enditem|p2a: Excadrill|Air Balloon
|
|upkeep
|turn|15
|
|t:|1769350614
|switch|p1a: Alomomola|Alomomola, F|100/100
|move|p2a: Excadrill|Earthquake|p1a: Alomomola
|-damage|p1a: Alomomola|66/100
|
|-end|p2a: Excadrill|move: Heal Block
|upkeep
|turn|16
|
|t:|1769350621
|switch|p2a: Hydrapple|Hydrapple, M|100/100
|move|p1a: Alomomola|Flip Turn|p2a: Hydrapple
|-resisted|p2a: Hydrapple
|-damage|p2a: Hydrapple|98/100
|
|t:|1769350627
|switch|p1a: Hoopa|Hoopa-Unbound|63/100|[from] Flip Turn
|-damage|p1a: Hoopa|50/100|[from] Stealth Rock
|
|upkeep
|turn|17
|
|t:|1769350632
|switch|p2a: Excadrill|Excadrill, F|75/100
|move|p1a: Hoopa|Psychic Noise|p2a: Excadrill
|-resisted|p2a: Excadrill
|-damage|p2a: Excadrill|50/100
|-start|p2a: Excadrill|move: Heal Block
|
|upkeep
|turn|18
|
|t:|1769350640
|switch|p1a: Landorus|Landorus-Therian, M|88/100 brn
|-damage|p1a: Landorus|76/100 brn|[from] Stealth Rock
|-ability|p1a: Landorus|Intimidate|boost
|-unboost|p2a: Excadrill|atk|1
|move|p2a: Excadrill|Earthquake|p1a: Landorus
|-immune|p1a: Landorus
|
|-damage|p1a: Landorus|70/100 brn|[from] brn
|-end|p2a: Excadrill|move: Heal Block
|upkeep
|turn|19
|
|t:|1769350650
|switch|p2a: Hydrapple|Hydrapple, M|100/100
|move|p1a: Landorus|U-turn|p2a: Hydrapple
|-supereffective|p2a: Hydrapple
|-damage|p2a: Hydrapple|83/100
|
|t:|1769350656
|switch|p1a: Alomomola|Alomomola, F|99/100|[from] U-turn
|
|upkeep
|turn|20
|
|t:|1769350660
|move|p2a: Hydrapple|Nasty Plot|p2a: Hydrapple
|-boost|p2a: Hydrapple|spa|2
|move|p1a: Alomomola|Wish|p1a: Alomomola
|
|upkeep
|turn|21
|
|t:|1769350678
|switch|p1a: Kingambit|Kingambit, M, tera:Fire|42/100
|-damage|p1a: Kingambit|17/100|[from] Stealth Rock
|move|p2a: Hydrapple|Fickle Beam|p1a: Kingambit|[anim] Fickle Beam All Out
|-activate|p2a: Hydrapple|move: Fickle Beam
|-damage|p1a: Kingambit|0 fnt
|faint|p1a: Kingambit
|-end|p1a: Kingambit|fallenundefined|[silent]
|
|upkeep
|
|t:|1769350685
|switch|p1a: Hoopa|Hoopa-Unbound|50/100
|-damage|p1a: Hoopa|38/100|[from] Stealth Rock
|turn|22
|
|t:|1769350688
|move|p1a: Hoopa|Hyperspace Fury|p2a: Hydrapple
|-damage|p2a: Hydrapple|43/100
|-unboost|p1a: Hoopa|def|1
|move|p2a: Hydrapple|Fickle Beam|p1a: Hoopa
|-damage|p1a: Hoopa|0 fnt
|faint|p1a: Hoopa
|
|upkeep
|
|t:|1769350696
|switch|p1a: Pecharunt|Pecharunt|88/100
|-damage|p1a: Pecharunt|76/100|[from] Stealth Rock
|turn|23
|
|t:|1769350700
|-terastallize|p2a: Hydrapple|Poison
|move|p1a: Pecharunt|Malignant Chain|p2a: Hydrapple
|-resisted|p2a: Hydrapple
|-damage|p2a: Hydrapple|28/100
|move|p2a: Hydrapple|Giga Drain|p1a: Pecharunt
|-resisted|p1a: Pecharunt
|-damage|p1a: Pecharunt|46/100
|-heal|p2a: Hydrapple|42/100|[from] drain|[of] p1a: Pecharunt
|
|upkeep
|turn|24
|
|t:|1769350710
|move|p1a: Pecharunt|Parting Shot|p2a: Hydrapple
|-unboost|p2a: Hydrapple|atk|1
|-unboost|p2a: Hydrapple|spa|1
|
|t:|1769350714
|switch|p1a: Landorus|Landorus-Therian, M|70/100 brn|[from] Parting Shot
|-damage|p1a: Landorus|58/100 brn|[from] Stealth Rock
|-ability|p1a: Landorus|Intimidate|boost
|-unboost|p2a: Hydrapple|atk|1
|move|p2a: Hydrapple|Giga Drain|p1a: Landorus
|-damage|p1a: Landorus|0 fnt
|-heal|p2a: Hydrapple|65/100|[from] drain|[of] p1a: Landorus
|faint|p1a: Landorus
|
|upkeep
|-message|capitaine tenace forfeited.
|
|win|CambridgeFoulPlay
|raw|capitaine tenace's rating: 1699 &rarr; <strong>1681</strong><br />(-18 for losing)
|raw|CambridgeFoulPlay's rating: 1730 &rarr; <strong>1748</strong><br />(+18 for winning)
|c|☆CambridgeFoulPlay|gg
|l|☆capitaine tenace
|player|p1|
|l|☆CambridgeFoulPlay
|player|p2|
