|j|☆rockdrigox666
|j|☆Pem779567 phone
|t:|1769408330
|gametype|singles
|player|p1|rockdrigox666|102|1145
|player|p2|Pem779567 phone|1|1197
|gen|9
|tier|[Gen 9] OU
|rated|
|rule|HP Percentage Mod: HP is shown in percentages
|rule|Endless Battle Clause: Forcing endless battles is banned
|rule|Species Clause: Limit one of each Pokémon
|rule|OHKO Clause: OHKO moves are banned
|rule|Evasion Items Clause: Evasion items are banned
|rule|Evasion Moves Clause: Evasion moves are banned
|rule|Evasion Abilities Clause: Evasion abilities are banned
|rule|Sleep Moves Clause: Sleep-inducing moves are banned
|clearpoke
|poke|p1|Excadrill, F|
|poke|p1|Ambipom, F|
|poke|p1|Azumarill, F|
|poke|p1|Hippowdon, M|
|poke|p1|Gengar, F|
|poke|p1|Greninja-*, M|
|poke|p2|Samurott-Hisui, M|
|poke|p2|Slowking-Galar, M|
|poke|p2|Entei|
|poke|p2|Rillaboom, M|
|poke|p2|Salamence, M|
|poke|p2|Ninetales-Alola, M|
|teampreview
|inactive|Battle timer is ON: inactive players will automatically lose when time's up. (requested by Pem779567 phone)
|inactive|rockdrigox666 also wants the timer to be on.
|
|t:|1769408341
|teamsize|p1|6
|teamsize|p2|6
|start
|switch|p1a: Hippowdon|Hippowdon, M|100/100
|switch|p2a: Samurott|Samurott-Hisui, M|100/100
|-weather|Sandstorm|[from] ability: Sand Stream|[of] p1a: Hippowdon
|turn|1
|
|t:|1769408350
|move|p2a: Samurott|Ceaseless Edge|p1a: Hippowdon
|-crit|p1a: Hippowdon
|-damage|p1a: Hippowdon|67/100
|-damage|p2a: Samurott|84/100|[from] item: Rocky Helmet|[of] p1a: Hippowdon
|-sidestart|p1: rockdrigox666|Spikes
|move|p1a: Hippowdon|Stockpile|p1a: Hippowdon
|-start|p1a: Hippowdon|stockpile1
|-boost|p1a: Hippowdon|def|1
|-boost|p1a: Hippowdon|spd|1
|
|-weather|Sandstorm|[upkeep]
|-damage|p2a: Samurott|78/100|[from] Sandstorm
|upkeep
|turn|2
|
|t:|1769408359
|move|p2a: Samurott|Ceaseless Edge|p1a: Hippowdon
|-damage|p1a: Hippowdon|52/100
|-damage|p2a: Samurott|61/100|[from] item: Rocky Helmet|[of] p1a: Hippowdon
|-sidestart|p1: rockdrigox666|Spikes
|move|p1a: Hippowdon|Stealth Rock|p2a: Samurott
|-sidestart|p2: Pem779567 phone|move: Stealth Rock
|
|-weather|Sandstorm|[upkeep]
|-damage|p2a: Samurott|55/100|[from] Sandstorm
|upkeep
|turn|3
|
|t:|1769408364
|switch|p2a: Ninetales|Ninetales-Alola, M|100/100
|-damage|p2a: Ninetales|76/100|[from] Stealth Rock
|-weather|Snowscape|[from] ability: Snow Warning|[of] p2a: Ninetales
|move|p1a: Hippowdon|Slack Off|p1a: Hippowdon
|-heal|p1a: Hippowdon|100/100
|
|-weather|Snowscape|[upkeep]
|upkeep
|turn|4
|
|t:|1769408373
|switch|p1a: Gengar|Gengar, F|100/100
|-damage|p1a: Gengar|84/100|[from] Spikes
|move|p2a: Ninetales|Encore||[still]
|-fail|p2a: Ninetales
|
|-weather|Snowscape|[upkeep]
|upkeep
|turn|5
|
|t:|1769408377
|move|p1a: Gengar|Clear Smog|p2a: Ninetales
|-supereffective|p2a: Ninetales
|-damage|p2a: Ninetales|0 fnt
|-clearboost|p2a: Ninetales
|faint|p2a: Ninetales
|-damage|p1a: Gengar|74/100|[from] item: Life Orb
|
|-weather|Snowscape|[upkeep]
|upkeep
|
|t:|1769408382
|switch|p2a: Samurott|Samurott-Hisui, M|55/100
|-damage|p2a: Samurott|43/100|[from] Stealth Rock
|turn|6
|
|t:|1769408388
|switch|p1a: Hippowdon|Hippowdon, M|100/100
|-damage|p1a: Hippowdon|84/100|[from] Spikes
|-weather|Sandstorm|[from] ability: Sand Stream|[of] p1a: Hippowdon
|move|p2a: Samurott|Ceaseless Edge|p1a: Hippowdon
|-damage|p1a: Hippowdon|62/100
|-damage|p2a: Samurott|26/100|[from] item: Rocky Helmet|[of] p1a: Hippowdon
|-sidestart|p1: rockdrigox666|Spikes
|
|-weather|Sandstorm|[upkeep]
|-damage|p2a: Samurott|20/100|[from] Sandstorm
|upkeep
|turn|7
|
|t:|1769408416
|move|p2a: Samurott|Ceaseless Edge|p1a: Hippowdon
|-damage|p1a: Hippowdon|37/100
|-damage|p2a: Samurott|3/100|[from] item: Rocky Helmet|[of] p1a: Hippowdon
|move|p1a: Hippowdon|Slack Off|p1a: Hippowdon
|-heal|p1a: Hippowdon|87/100
|
|-weather|Sandstorm|[upkeep]
|-damage|p2a: Samurott|0 fnt|[from] Sandstorm
|faint|p2a: Samurott
|upkeep
|
|t:|1769408420
|switch|p2a: Rillaboom|Rillaboom, M|100/100
|-damage|p2a: Rillaboom|88/100|[from] Stealth Rock
|-fieldstart|move: Grassy Terrain|[from] ability: Grassy Surge|[of] p2a: Rillaboom
|turn|8
|
|t:|1769408424
|switch|p1a: Azumarill|Azumarill, F|100/100
|-damage|p1a: Azumarill|75/100|[from] Spikes
|move|p2a: Rillaboom|Drum Beating|p1a: Azumarill
|-ability|p1a: Azumarill|Sap Sipper|boost
|-boost|p1a: Azumarill|atk|1
|
|-weather|Sandstorm|[upkeep]
|-damage|p2a: Rillaboom|82/100|[from] Sandstorm
|-damage|p1a: Azumarill|69/100|[from] Sandstorm
|-heal|p2a: Rillaboom|88/100|[from] Grassy Terrain
|-heal|p1a: Azumarill|75/100|[from] Grassy Terrain
|upkeep
|turn|9
|
|t:|1769408432
|move|p2a: Rillaboom|Knock Off|p1a: Azumarill
|-resisted|p1a: Azumarill
|-damage|p1a: Azumarill|58/100
|-enditem|p1a: Azumarill|Sitrus Berry|[from] move: Knock Off|[of] p2a: Rillaboom
|move|p1a: Azumarill|Ice Spinner|p2a: Rillaboom
|-supereffective|p2a: Rillaboom
|-damage|p2a: Rillaboom|34/100
|-fieldend|move: Grassy Terrain
|
|-weather|Sandstorm|[upkeep]
|-damage|p2a: Rillaboom|27/100|[from] Sandstorm
|-damage|p1a: Azumarill|52/100|[from] Sandstorm
|upkeep
|turn|10
|
|t:|1769408439
|move|p2a: Rillaboom|U-turn|p1a: Azumarill
|-resisted|p1a: Azumarill
|-damage|p1a: Azumarill|40/100
|
|t:|1769408441
|switch|p2a: Slowking|Slowking-Galar, M, shiny|100/100|[from] U-turn
|-damage|p2a: Slowking|88/100|[from] Stealth Rock
|move|p1a: Azumarill|Ice Spinner|p2a: Slowking
|-damage|p2a: Slowking|60/100
|
|-weather|none
|-heal|p2a: Slowking|66/100|[from] item: Leftovers
|upkeep
|turn|11
|
|t:|1769408450
|move|p1a: Azumarill|Ice Spinner|p2a: Slowking
|-damage|p2a: Slowking|40/100
|move|p2a: Slowking|Future Sight|p1a: Azumarill
|-start|p2a: Slowking|move: Future Sight
|
|-heal|p2a: Slowking|46/100|[from] item: Leftovers
|upkeep
|turn|12
|
|t:|1769408456
|switch|p1a: Excadrill|Excadrill, F|100/100
|-damage|p1a: Excadrill|76/100|[from] Spikes
|move|p2a: Slowking|Toxic|p1a: Excadrill
|-immune|p1a: Excadrill
|
|-heal|p2a: Slowking|52/100|[from] item: Leftovers
|upkeep
|turn|13
|
|t:|1769408458
|move|p1a: Excadrill|Rapid Spin|p2a: Slowking
|-damage|p2a: Slowking|31/100
|-boost|p1a: Excadrill|spe|1
|-sideend|p1: rockdrigox666|Spikes|[from] move: Rapid Spin|[of] p1a: Excadrill
|move|p2a: Slowking|Flamethrower|p1a: Excadrill
|-supereffective|p1a: Excadrill
|-damage|p1a: Excadrill|17/100
|
|-end|p1a: Excadrill|move: Future Sight
|-resisted|p1a: Excadrill
|-damage|p1a: Excadrill|0 fnt
|faint|p1a: Excadrill
|-heal|p2a: Slowking|37/100|[from] item: Leftovers
|upkeep
|
|t:|1769408463
|switch|p1a: Gengar|Gengar, F|74/100
|turn|14
|
|t:|1769408465
|move|p1a: Gengar|Shadow Ball|p2a: Slowking
|-supereffective|p2a: Slowking
|-damage|p2a: Slowking|0 fnt
|faint|p2a: Slowking
|-damage|p1a: Gengar|64/100|[from] item: Life Orb
|
|upkeep
|
|t:|1769408470
|switch|p2a: Entei|Entei|100/100
|-damage|p2a: Entei|76/100|[from] Stealth Rock
|turn|15
|
|t:|1769408478
|move|p1a: Gengar|Destiny Bond|p1a: Gengar
|-singlemove|p1a: Gengar|Destiny Bond
|move|p2a: Entei|Sacred Fire|p1a: Gengar
|-damage|p1a: Gengar|0 fnt
|faint|p1a: Gengar
|-activate|p1a: Gengar|move: Destiny Bond
|faint|p2a: Entei
|
|upkeep
|
|t:|1769408505
|switch|p1a: Ambipom|Ambipom, F|100/100
|switch|p2a: Rillaboom|Rillaboom, M|27/100
|-damage|p2a: Rillaboom|15/100|[from] Stealth Rock
|-fieldstart|move: Grassy Terrain|[from] ability: Grassy Surge|[of] p2a: Rillaboom
|turn|16
|
|t:|1769408509
|move|p1a: Ambipom|Fake Out|p2a: Rillaboom
|-damage|p2a: Rillaboom|0 fnt
|faint|p2a: Rillaboom
|
|upkeep
|
|t:|1769408511
|switch|p2a: Salamence|Salamence, M|100/100
|-damage|p2a: Salamence|76/100|[from] Stealth Rock
|turn|17
|
|t:|1769408516
|-terastallize|p2a: Salamence|Steel
|move|p1a: Ambipom|Triple Axel|p2a: Salamence
|-resisted|p2a: Salamence
|-damage|p2a: Salamence|70/100
|-resisted|p2a: Salamence
|-damage|p2a: Salamence|58/100
|-hitcount|p2a: Salamence|2
|move|p2a: Salamence|Dragon Dance|p2a: Salamence
|-boost|p2a: Salamence|atk|1
|-boost|p2a: Salamence|spe|1
|
|-heal|p2a: Salamence|64/100|[from] Grassy Terrain
|upkeep
|turn|18
|
|t:|1769408525
|move|p2a: Salamence|Iron Head|p1a: Ambipom
|-damage|p1a: Ambipom|0 fnt
|faint|p1a: Ambipom
|-ability|p2a: Salamence|Moxie|boost
|-boost|p2a: Salamence|atk|1
|
|-heal|p2a: Salamence|70/100|[from] Grassy Terrain
|upkeep
|
|t:|1769408528
|switch|p1a: Hippowdon|Hippowdon, M|87/100
|-weather|Sandstorm|[from] ability: Sand Stream|[of] p1a: Hippowdon
|turn|19
|
|t:|1769408532
|move|p2a: Salamence|Earthquake|p1a: Hippowdon
|-damage|p1a: Hippowdon|65/100
|move|p1a: Hippowdon|Body Press|p2a: Salamence
|-supereffective|p2a: Salamence
|-damage|p2a: Salamence|0 fnt
|faint|p2a: Salamence
|
|win|rockdrigox666
|raw|rockdrigox666's rating: 1145 &rarr; <strong>1174</strong><br />(+29 for winning)
|raw|Pem779567 phone's rating: 1197 &rarr; <strong>1168</strong><br />(-29 for losing)
|l|☆Pem779567 phone
|player|p2|
|l|☆rockdrigox666
|player|p1|
