|j|☆slave of society
|j|☆happy timmy
|t:|1769320781
|gametype|singles
|player|p1|slave of society|shadowtriad|1158
|player|p2|happy timmy|pokekid|1141
|gen|9
|tier|[Gen 9] OU
|rated|
|rule|HP Percentage Mod: HP is shown in percentages
|rule|Endless Battle Clause: Forcing endless battles is banned
|rule|Species Clause: Limit one of each Pokémon
|rule|OHKO Clause: OHKO moves are banned
|rule|Evasion Items Clause: Evasion items are banned
|rule|Evasion Moves Clause: Evasion moves are banned
|rule|Evasion Abilities Clause: Evasion abilities are banned
|rule|Sleep Moves Clause: Sleep-inducing moves are banned
|clearpoke
|poke|p1|Dragonite, M|
|poke|p1|Ting-Lu|
|poke|p1|Iron Moth|
|poke|p1|Iron Valiant|
|poke|p1|Kyurem|
|poke|p1|Gholdengo|
|poke|p2|Cinderace, F|
|poke|p2|Dragapult, M|
|poke|p2|Great Tusk|
|poke|p2|Gliscor, F|
|poke|p2|Greninja-*, M|
|poke|p2|Rotom-Wash|
|teampreview
|
|t:|1769320801
|teamsize|p1|6
|teamsize|p2|6
|start
|switch|p1a: Ting-Lu|Ting-Lu|100/100
|switch|p2a: Greninja|Greninja, M|100/100
|-ability|p1a: Ting-Lu|Vessel of Ruin
|turn|1
|inactive|Battle timer is ON: inactive players will automatically lose when time's up. (requested by happy timmy)
|
|t:|1769320826
|move|p2a: Greninja|Hydro Pump|p1a: Ting-Lu
|-start|p2a: Greninja|typechange|Water|[from] ability: Protean
|-supereffective|p1a: Ting-Lu
|-damage|p1a: Ting-Lu|40/100
|move|p1a: Ting-Lu|Earthquake|p2a: Greninja
|-damage|p2a: Greninja|33/100
|
|upkeep
|turn|2
|
|t:|1769320853
|move|p2a: Greninja|Hydro Pump|p1a: Ting-Lu
|-supereffective|p1a: Ting-Lu
|-damage|p1a: Ting-Lu|0 fnt
|faint|p1a: Ting-Lu
|
|upkeep
|inactive|slave of society has 120 seconds left.
|
|t:|1769320890
|switch|p1a: Gholdengo|Gholdengo|100/100
|turn|3
|
|t:|1769320898
|switch|p2a: Cinderace|Cinderace, F|100/100
|move|p1a: Gholdengo|Shadow Ball|p2a: Cinderace
|-damage|p2a: Cinderace|37/100
|-unboost|p2a: Cinderace|spd|1
|
|-heal|p2a: Cinderace|43/100|[from] item: Leftovers
|upkeep
|turn|4
|
|t:|1769320905
|move|p1a: Gholdengo|Shadow Ball|p2a: Cinderace
|-damage|p2a: Cinderace|0 fnt
|faint|p2a: Cinderace
|
|upkeep
|
|t:|1769320926
|switch|p2a: Gliscor|Gliscor, F|100/100
|turn|5
|
|t:|1769320935
|switch|p1a: Dragonite|Dragonite, M|100/100
|move|p2a: Gliscor|Earthquake|p1a: Dragonite
|-immune|p1a: Dragonite
|
|-status|p2a: Gliscor|tox|[from] item: Toxic Orb
|upkeep
|turn|6
|inactive|happy timmy has 120 seconds left.
|
|t:|1769320978
|move|p1a: Dragonite|Ice Spinner|p2a: Gliscor
|-supereffective|p2a: Gliscor
|-damage|p2a: Gliscor|5/100 tox
|move|p2a: Gliscor|Facade|p1a: Dragonite
|-damage|p1a: Dragonite|75/100
|
|-heal|p2a: Gliscor|17/100 tox|[from] ability: Poison Heal
|upkeep
|turn|7
|
|t:|1769320984
|move|p2a: Gliscor|Protect|p2a: Gliscor
|-singleturn|p2a: Gliscor|Protect
|move|p1a: Dragonite|Ice Spinner|p2a: Gliscor
|-activate|p2a: Gliscor|move: Protect
|
|-heal|p2a: Gliscor|29/100 tox|[from] ability: Poison Heal
|upkeep
|turn|8
|inactive|happy timmy has 120 seconds left.
|
|t:|1769321005
|switch|p2a: Rotom|Rotom-Wash|100/100
|move|p1a: Dragonite|Ice Spinner|p2a: Rotom
|-resisted|p2a: Rotom
|-damage|p2a: Rotom|80/100
|
|-heal|p2a: Rotom|86/100|[from] item: Leftovers
|upkeep
|turn|9
|inactive|slave of society has 120 seconds left.
|inactive|slave of society has 90 seconds left.
|inactive|slave of society has 60 seconds left.
|inactive|slave of society has 30 seconds left.
|
|t:|1769321127
|switch|p1a: Gholdengo|Gholdengo|100/100
|move|p2a: Rotom|Thunderbolt|p1a: Gholdengo
|-crit|p1a: Gholdengo
|-damage|p1a: Gholdengo|20/100
|
|-heal|p2a: Rotom|93/100|[from] item: Leftovers
|upkeep
|turn|10
|inactive|happy timmy has 120 seconds left.
|
|t:|1769321144
|move|p1a: Gholdengo|Shadow Ball|p2a: Rotom
|-damage|p2a: Rotom|46/100
|move|p2a: Rotom|Thunderbolt|p1a: Gholdengo
|-damage|p1a: Gholdengo|0 fnt
|faint|p1a: Gholdengo
|
|-heal|p2a: Rotom|53/100|[from] item: Leftovers
|upkeep
|
|t:|1769321147
|switch|p1a: Kyurem|Kyurem|100/100
|-ability|p1a: Kyurem|Pressure
|turn|11
|inactive|happy timmy has 120 seconds left.
|inactive|happy timmy has 90 seconds left.
|
|t:|1769321192
|-terastallize|p1a: Kyurem|Fire
|move|p1a: Kyurem|Dragon Dance|p1a: Kyurem
|-boost|p1a: Kyurem|atk|1
|-boost|p1a: Kyurem|spe|1
|move|p2a: Rotom|Pain Split|p1a: Kyurem
|-sethp|p1a: Kyurem|66/100|[from] move: Pain Split|[silent]
|-sethp|p2a: Rotom|100/100|[from] move: Pain Split
|
|upkeep
|turn|12
|
|t:|1769321203
|move|p1a: Kyurem|Scale Shot|p2a: Rotom
|-damage|p2a: Rotom|70/100
|-damage|p2a: Rotom|39/100
|-damage|p2a: Rotom|12/100
|-damage|p2a: Rotom|0 fnt
|faint|p2a: Rotom
|-hitcount|p2: Rotom|4
|-unboost|p1a: Kyurem|def|1
|-boost|p1a: Kyurem|spe|1
|
|upkeep
|
|t:|1769321212
|switch|p2a: Dragapult|Dragapult, M|100/100
|turn|13
|
|t:|1769321233
|move|p2a: Dragapult|Sucker Punch|p1a: Kyurem
|-damage|p1a: Kyurem|36/100
|move|p1a: Kyurem|Icicle Spear|p2a: Dragapult
|-supereffective|p2a: Dragapult
|-damage|p2a: Dragapult|39/100
|-supereffective|p2a: Dragapult
|-damage|p2a: Dragapult|0 fnt
|faint|p2a: Dragapult
|-hitcount|p2: Dragapult|2
|
|upkeep
|
|t:|1769321242
|switch|p2a: Great Tusk|Great Tusk|100/100
|-enditem|p2a: Great Tusk|Booster Energy
|-activate|p2a: Great Tusk|ability: Protosynthesis|[fromitem]
|-start|p2a: Great Tusk|protosynthesisatk
|turn|14
|
|t:|1769321247
|-terastallize|p2a: Great Tusk|Water
|move|p1a: Kyurem|Icicle Spear|p2a: Great Tusk
|-resisted|p2a: Great Tusk
|-damage|p2a: Great Tusk|92/100
|-resisted|p2a: Great Tusk
|-damage|p2a: Great Tusk|85/100
|-resisted|p2a: Great Tusk
|-damage|p2a: Great Tusk|77/100
|-resisted|p2a: Great Tusk
|-damage|p2a: Great Tusk|69/100
|-hitcount|p2a: Great Tusk|4
|move|p2a: Great Tusk|Headlong Rush|p1a: Kyurem
|-supereffective|p1a: Kyurem
|-damage|p1a: Kyurem|0 fnt
|-unboost|p2a: Great Tusk|def|1
|-unboost|p2a: Great Tusk|spd|1
|faint|p1a: Kyurem
|
|upkeep
|
|t:|1769321260
|switch|p1a: Iron Moth|Iron Moth|100/100
|-enditem|p1a: Iron Moth|Booster Energy
|-activate|p1a: Iron Moth|ability: Quark Drive|[fromitem]
|-start|p1a: Iron Moth|quarkdrivespe
|turn|15
|
|t:|1769321268
|move|p1a: Iron Moth|Sludge Wave|p2a: Great Tusk
|-damage|p2a: Great Tusk|0 fnt
|faint|p2a: Great Tusk
|-end|p2a: Great Tusk|Protosynthesis|[silent]
|
|upkeep
|
|t:|1769321273
|switch|p2a: Gliscor|Gliscor, F|29/100 tox
|turn|16
|inactive|slave of society has 60 seconds left.
|
|t:|1769321281
|move|p2a: Gliscor|Protect|p2a: Gliscor
|-singleturn|p2a: Gliscor|Protect
|move|p1a: Iron Moth|Substitute|p1a: Iron Moth
|-start|p1a: Iron Moth|Substitute
|-damage|p1a: Iron Moth|76/100
|
|-heal|p2a: Gliscor|42/100 tox|[from] ability: Poison Heal
|upkeep
|turn|17
|
|t:|1769321286
|move|p1a: Iron Moth|Fiery Dance|p2a: Gliscor
|-damage|p2a: Gliscor|0 fnt
|-boost|p1a: Iron Moth|spa|1
|faint|p2a: Gliscor
|
|upkeep
|
|t:|1769321303
|switch|p2a: Greninja|Greninja, M|33/100
|turn|18
|
|t:|1769321306
|move|p1a: Iron Moth|Sludge Wave|p2a: Greninja
|-damage|p2a: Greninja|0 fnt
|faint|p2a: Greninja
|
|win|slave of society
|raw|slave of society's rating: 1158 &rarr; <strong>1182</strong><br />(+24 for winning)
|raw|happy timmy's rating: 1141 &rarr; <strong>1117</strong><br />(-24 for losing)
