|j|☆Cour3tro
|j|☆SDaDP
|t:|1769314474
|gametype|singles
|player|p1|Cour3tro|170|1215
|player|p2|SDaDP|lance|1222
|gen|9
|tier|[Gen 9] OU
|rated|
|rule|HP Percentage Mod: HP is shown in percentages
|rule|Endless Battle Clause: Forcing endless battles is banned
|rule|Species Clause: Limit one of each Pokémon
|rule|OHKO Clause: OHKO moves are banned
|rule|Evasion Items Clause: Evasion items are banned
|rule|Evasion Moves Clause: Evasion moves are banned
|rule|Evasion Abilities Clause: Evasion abilities are banned
|rule|Sleep Moves Clause: Sleep-inducing moves are banned
|clearpoke
|poke|p1|Glimmora, F|
|poke|p1|Zapdos-Galar|
|poke|p1|Vaporeon, M|
|poke|p1|Iron Thorns|
|poke|p1|Weavile, M|
|poke|p1|Mismagius, F|
|poke|p2|Cyclizar, F|
|poke|p2|Corviknight, F|
|poke|p2|Clefable, M|
|poke|p2|Iron Hands|
|poke|p2|Ceruledge, M|
|poke|p2|Lokix, F|
|teampreview
|inactive|Battle timer is ON: inactive players will automatically lose when time's up. (requested by SDaDP)
|j| 897a
|
|t:|1769314497
|teamsize|p1|6
|teamsize|p2|6
|start
|switch|p1a: Iron Thorns|Iron Thorns|100/100
|switch|p2a: Cyclizar|Cyclizar, F|100/100
|turn|1
|
|t:|1769314504
|move|p2a: Cyclizar|Knock Off|p1a: Iron Thorns
|-damage|p1a: Iron Thorns|72/100
|-enditem|p1a: Iron Thorns|Loaded Dice|[from] move: Knock Off|[of] p2a: Cyclizar
|-damage|p2a: Cyclizar|91/100|[from] item: Life Orb
|move|p1a: Iron Thorns|Dragon Dance|p1a: Iron Thorns
|-boost|p1a: Iron Thorns|atk|1
|-boost|p1a: Iron Thorns|spe|1
|
|upkeep
|turn|2
|
|t:|1769314522
|switch|p2a: Corviknight|Corviknight, F|100/100
|move|p1a: Iron Thorns|Dragon Dance|p1a: Iron Thorns
|-boost|p1a: Iron Thorns|atk|1
|-boost|p1a: Iron Thorns|spe|1
|
|upkeep
|turn|3
|
|t:|1769314529
|move|p1a: Iron Thorns|Thunder Punch|p2a: Corviknight
|-supereffective|p2a: Corviknight
|-damage|p2a: Corviknight|0 fnt
|-damage|p1a: Iron Thorns|55/100|[from] item: Rocky Helmet|[of] p2a: Corviknight
|faint|p2a: Corviknight
|
|upkeep
|
|t:|1769314543
|switch|p2a: Cyclizar|Cyclizar, F|100/100
|turn|4
|
|t:|1769314556
|switch|p2a: Iron Hands|Iron Hands|100/100
|move|p1a: Iron Thorns|Rock Blast|p2a: Iron Hands
|-resisted|p2a: Iron Hands
|-damage|p2a: Iron Hands|92/100
|-resisted|p2a: Iron Hands
|-damage|p2a: Iron Hands|83/100
|-resisted|p2a: Iron Hands
|-damage|p2a: Iron Hands|74/100
|-hitcount|p2a: Iron Hands|3
|
|upkeep
|turn|5
|l| 897a
|
|t:|1769314570
|-end|p1a: Iron Thorns|Quark Drive|[silent]
|switch|p1a: Mismagius|Mismagius, F|100/100
|move|p2a: Iron Hands|Drain Punch|p1a: Mismagius
|-immune|p1a: Mismagius
|
|upkeep
|turn|6
|
|t:|1769314582
|-end|p2a: Iron Hands|Quark Drive|[silent]
|switch|p2a: Cyclizar|Cyclizar, F|100/100
|move|p1a: Mismagius|Nasty Plot|p1a: Mismagius
|-boost|p1a: Mismagius|spa|2
|
|upkeep
|turn|7
|
|t:|1769314594
|-terastallize|p1a: Mismagius|Ghost
|move|p2a: Cyclizar|Knock Off|p1a: Mismagius
|-supereffective|p1a: Mismagius
|-damage|p1a: Mismagius|0 fnt
|-enditem|p1a: Mismagius|Leftovers|[from] move: Knock Off|[of] p2a: Cyclizar
|faint|p1a: Mismagius
|-damage|p2a: Cyclizar|91/100|[from] item: Life Orb
|
|upkeep
|
|t:|1769314600
|switch|p1a: Weavile|Weavile, M|100/100
|-ability|p1a: Weavile|Pressure
|turn|8
|
|t:|1769314609
|switch|p2a: Iron Hands|Iron Hands|74/100
|move|p1a: Weavile|Triple Axel|p2a: Iron Hands|[miss]
|-miss|p1a: Weavile|p2a: Iron Hands
|
|upkeep
|turn|9
|
|t:|1769314631
|switch|p1a: Vaporeon|Vaporeon, M|100/100
|move|p2a: Iron Hands|Earthquake|p1a: Vaporeon
|-damage|p1a: Vaporeon|72/100
|
|-heal|p1a: Vaporeon|78/100|[from] item: Leftovers
|upkeep
|turn|10
|
|t:|1769314647
|switch|p1a: Glimmora|Glimmora, F|100/100
|move|p2a: Iron Hands|Thunder Punch|p1a: Glimmora
|-damage|p1a: Glimmora|48/100
|-activate|p1a: Glimmora|ability: Toxic Debris
|-sidestart|p2: SDaDP|move: Toxic Spikes
|
|upkeep
|turn|11
|
|t:|1769314656
|move|p1a: Glimmora|Spiky Shield|p1a: Glimmora
|-singleturn|p1a: Glimmora|move: Protect
|move|p2a: Iron Hands|Earthquake|p1a: Glimmora
|-activate|p1a: Glimmora|move: Protect
|
|upkeep
|turn|12
|
|t:|1769314663
|switch|p1a: Zapdos|Zapdos-Galar|100/100
|move|p2a: Iron Hands|Thunder Punch|p1a: Zapdos
|-supereffective|p1a: Zapdos
|-damage|p1a: Zapdos|0 fnt
|faint|p1a: Zapdos
|
|upkeep
|
|t:|1769314675
|switch|p1a: Glimmora|Glimmora, F|48/100
|turn|13
|
|t:|1769314692
|move|p1a: Glimmora|Mortal Spin|p2a: Iron Hands
|-damage|p2a: Iron Hands|70/100
|-status|p2a: Iron Hands|psn
|move|p2a: Iron Hands|Drain Punch|p1a: Glimmora
|-damage|p1a: Glimmora|0 fnt
|-heal|p2a: Iron Hands|85/100 psn|[from] drain|[of] p1a: Glimmora
|-activate|p1a: Glimmora|ability: Toxic Debris
|-sidestart|p2: SDaDP|move: Toxic Spikes
|faint|p1a: Glimmora
|
|-damage|p2a: Iron Hands|73/100 psn|[from] psn
|upkeep
|
|t:|1769314701
|switch|p1a: Vaporeon|Vaporeon, M|78/100
|turn|14
|
|t:|1769314706
|move|p1a: Vaporeon|Protect|p1a: Vaporeon
|-singleturn|p1a: Vaporeon|Protect
|move|p2a: Iron Hands|Thunder Punch|p1a: Vaporeon
|-activate|p1a: Vaporeon|move: Protect
|
|-heal|p1a: Vaporeon|84/100|[from] item: Leftovers
|-damage|p2a: Iron Hands|61/100 psn|[from] psn
|upkeep
|turn|15
|
|t:|1769314718
|move|p1a: Vaporeon|Wish|p1a: Vaporeon
|move|p2a: Iron Hands|Thunder Punch|p1a: Vaporeon
|-supereffective|p1a: Vaporeon
|-damage|p1a: Vaporeon|18/100
|
|-heal|p1a: Vaporeon|24/100|[from] item: Leftovers
|-damage|p2a: Iron Hands|48/100 psn|[from] psn
|upkeep
|turn|16
|
|t:|1769314721
|move|p1a: Vaporeon|Protect|p1a: Vaporeon
|-singleturn|p1a: Vaporeon|Protect
|move|p2a: Iron Hands|Thunder Punch|p1a: Vaporeon
|-activate|p1a: Vaporeon|move: Protect
|
|-heal|p1a: Vaporeon|74/100|[from] move: Wish|[wisher] Vaporeon
|-heal|p1a: Vaporeon|80/100|[from] item: Leftovers
|-damage|p2a: Iron Hands|36/100 psn|[from] psn
|upkeep
|turn|17
|
|t:|1769314733
|move|p1a: Vaporeon|Wish|p1a: Vaporeon
|move|p2a: Iron Hands|Drain Punch|p1a: Vaporeon
|-damage|p1a: Vaporeon|49/100
|-heal|p2a: Iron Hands|51/100 psn|[from] drain|[of] p1a: Vaporeon
|
|-heal|p1a: Vaporeon|55/100|[from] item: Leftovers
|-damage|p2a: Iron Hands|39/100 psn|[from] psn
|upkeep
|turn|18
|
|t:|1769314748
|-end|p2a: Iron Hands|Quark Drive|[silent]
|switch|p2a: Cyclizar|Cyclizar, F|100/100
|-status|p2a: Cyclizar|tox
|move|p1a: Vaporeon|Protect||[still]
|-fail|p1a: Vaporeon
|
|-heal|p1a: Vaporeon|100/100|[from] move: Wish|[wisher] Vaporeon
|-damage|p2a: Cyclizar|94/100 tox|[from] psn
|upkeep
|turn|19
|
|t:|1769314759
|move|p2a: Cyclizar|Knock Off|p1a: Vaporeon
|-damage|p1a: Vaporeon|76/100
|-enditem|p1a: Vaporeon|Leftovers|[from] move: Knock Off|[of] p2a: Cyclizar
|-damage|p2a: Cyclizar|84/100 tox|[from] item: Life Orb
|move|p1a: Vaporeon|Ice Beam|p2a: Cyclizar
|-supereffective|p2a: Cyclizar
|-damage|p2a: Cyclizar|4/100 tox
|
|-damage|p2a: Cyclizar|0 fnt|[from] psn
|faint|p2a: Cyclizar
|upkeep
|
|t:|1769314769
|switch|p2a: Ceruledge|Ceruledge, M|100/100
|turn|20
|
|t:|1769314783
|move|p2a: Ceruledge|Shadow Claw|p1a: Vaporeon
|-damage|p1a: Vaporeon|51/100
|move|p1a: Vaporeon|Wish|p1a: Vaporeon
|
|upkeep
|turn|21
|
|t:|1769314788
|move|p2a: Ceruledge|Shadow Claw|p1a: Vaporeon
|-damage|p1a: Vaporeon|29/100
|move|p1a: Vaporeon|Scald|p2a: Ceruledge
|-supereffective|p2a: Ceruledge
|-damage|p2a: Ceruledge|37/100
|
|-heal|p1a: Vaporeon|79/100|[from] move: Wish|[wisher] Vaporeon
|upkeep
|turn|22
|
|t:|1769314798
|move|p2a: Ceruledge|Shadow Claw|p1a: Vaporeon
|-damage|p1a: Vaporeon|57/100
|move|p1a: Vaporeon|Wish|p1a: Vaporeon
|
|upkeep
|turn|23
|
|t:|1769314811
|move|p2a: Ceruledge|Shadow Claw|p1a: Vaporeon
|-damage|p1a: Vaporeon|35/100
|move|p1a: Vaporeon|Scald|p2a: Ceruledge
|-supereffective|p2a: Ceruledge
|-damage|p2a: Ceruledge|0 fnt
|faint|p2a: Ceruledge
|
|-heal|p1a: Vaporeon|85/100|[from] move: Wish|[wisher] Vaporeon
|upkeep
|
|t:|1769314819
|switch|p2a: Clefable|Clefable, M|100/100
|-status|p2a: Clefable|tox
|turn|24
|
|t:|1769314830
|switch|p1a: Iron Thorns|Iron Thorns|55/100
|move|p2a: Clefable|Thunderbolt|p1a: Iron Thorns
|-resisted|p1a: Iron Thorns
|-crit|p1a: Iron Thorns
|-damage|p1a: Iron Thorns|29/100
|
|upkeep
|turn|25
|
|t:|1769314837
|move|p1a: Iron Thorns|Dragon Dance|p1a: Iron Thorns
|-boost|p1a: Iron Thorns|atk|1
|-boost|p1a: Iron Thorns|spe|1
|move|p2a: Clefable|Moonblast|p1a: Iron Thorns
|-damage|p1a: Iron Thorns|0 fnt
|faint|p1a: Iron Thorns
|-end|p1a: Iron Thorns|Quark Drive|[silent]
|
|upkeep
|
|t:|1769314853
|switch|p1a: Weavile|Weavile, M|100/100
|-ability|p1a: Weavile|Pressure
|turn|26
|
|t:|1769314860
|switch|p1a: Vaporeon|Vaporeon, M|85/100
|move|p2a: Clefable|Moonblast|p1a: Vaporeon
|-damage|p1a: Vaporeon|44/100
|
|upkeep
|turn|27
|
|t:|1769314863
|move|p1a: Vaporeon|Protect|p1a: Vaporeon
|-singleturn|p1a: Vaporeon|Protect
|move|p2a: Clefable|Moonblast|p1a: Vaporeon
|-activate|p1a: Vaporeon|move: Protect
|
|upkeep
|turn|28
|
|t:|1769314870
|move|p1a: Vaporeon|Wish|p1a: Vaporeon
|move|p2a: Clefable|Moonblast|p1a: Vaporeon
|-damage|p1a: Vaporeon|7/100
|
|upkeep
|turn|29
|
|t:|1769314874
|move|p1a: Vaporeon|Protect|p1a: Vaporeon
|-singleturn|p1a: Vaporeon|Protect
|move|p2a: Clefable|Moonblast|p1a: Vaporeon
|-activate|p1a: Vaporeon|move: Protect
|
|-heal|p1a: Vaporeon|57/100|[from] move: Wish|[wisher] Vaporeon
|upkeep
|turn|30
|
|t:|1769314883
|move|p1a: Vaporeon|Wish|p1a: Vaporeon
|move|p2a: Clefable|Moonblast|p1a: Vaporeon
|-damage|p1a: Vaporeon|16/100
|
|upkeep
|turn|31
|
|t:|1769314889
|switch|p2a: Iron Hands|Iron Hands|39/100 psn
|move|p1a: Vaporeon|Protect||[still]
|-fail|p1a: Vaporeon
|
|-heal|p1a: Vaporeon|66/100|[from] move: Wish|[wisher] Vaporeon
|-damage|p2a: Iron Hands|27/100 psn|[from] psn
|upkeep
|turn|32
|
|t:|1769314899
|move|p1a: Vaporeon|Scald|p2a: Iron Hands
|-damage|p2a: Iron Hands|10/100 psn
|move|p2a: Iron Hands|Drain Punch|p1a: Vaporeon
|-crit|p1a: Vaporeon
|-damage|p1a: Vaporeon|22/100
|-heal|p2a: Iron Hands|32/100 psn|[from] drain|[of] p1a: Vaporeon
|
|-damage|p2a: Iron Hands|19/100 psn|[from] psn
|upkeep
|turn|33
|
|t:|1769314914
|move|p1a: Vaporeon|Scald|p2a: Iron Hands
|-damage|p2a: Iron Hands|3/100 psn
|move|p2a: Iron Hands|Thunder Punch|p1a: Vaporeon
|-supereffective|p1a: Vaporeon
|-crit|p1a: Vaporeon
|-damage|p1a: Vaporeon|0 fnt
|faint|p1a: Vaporeon
|
|-damage|p2a: Iron Hands|0 fnt|[from] psn
|faint|p2a: Iron Hands
|-end|p2a: Iron Hands|Quark Drive|[silent]
|upkeep
|
|t:|1769314921
|switch|p1a: Weavile|Weavile, M|100/100
|switch|p2a: Clefable|Clefable, M|100/100 tox
|-ability|p1a: Weavile|Pressure
|turn|34
|
|t:|1769314929
|move|p1a: Weavile|Triple Axel|p2a: Clefable
|-damage|p2a: Clefable|86/100 tox
|-damage|p2a: Clefable|56/100 tox
|-hitcount|p2a: Clefable|2
|-damage|p1a: Weavile|91/100|[from] item: Life Orb
|move|p2a: Clefable|Moonblast|p1a: Weavile
|-supereffective|p1a: Weavile
|-damage|p1a: Weavile|0 fnt
|faint|p1a: Weavile
|
|win|SDaDP
|raw|Cour3tro's rating: 1215 &rarr; <strong>1191</strong><br />(-24 for losing)
|raw|SDaDP's rating: 1222 &rarr; <strong>1246</strong><br />(+24 for winning)
|l|☆Cour3tro
|player|p1|
|l|☆SDaDP
|player|p2|
