|j|☆ShrekForever69
|j|☆xueshang
|t:|1769317339
|gametype|singles
|player|p1|ShrekForever69|alder|1450
|player|p2|xueshang|skierf|1406
|gen|9
|tier|[Gen 9] OU
|rated|
|rule|HP Percentage Mod: HP is shown in percentages
|rule|Endless Battle Clause: Forcing endless battles is banned
|rule|Species Clause: Limit one of each Pokémon
|rule|OHKO Clause: OHKO moves are banned
|rule|Evasion Items Clause: Evasion items are banned
|rule|Evasion Moves Clause: Evasion moves are banned
|rule|Evasion Abilities Clause: Evasion abilities are banned
|rule|Sleep Moves Clause: Sleep-inducing moves are banned
|clearpoke
|poke|p1|Weezing-Galar, M|
|poke|p1|Kingambit, M|
|poke|p1|Iron Crown|
|poke|p1|Zamazenta-*|
|poke|p1|Gliscor, F|
|poke|p1|Dragapult, M|
|poke|p2|Darkrai|
|poke|p2|Dragapult, F|
|poke|p2|Zamazenta-*|
|poke|p2|Cinderace, F|
|poke|p2|Iron Moth|
|poke|p2|Iron Boulder|
|teampreview
|inactive|Battle timer is ON: inactive players will automatically lose when time's up. (requested by ShrekForever69)
|
|t:|1769317346
|teamsize|p1|6
|teamsize|p2|6
|start
|switch|p1a: Zamazenta|Zamazenta|100/100
|switch|p2a: Darkrai|Darkrai|100/100
|-ability|p1a: Zamazenta|Dauntless Shield|boost
|-boost|p1a: Zamazenta|def|1
|turn|1
|
|t:|1769317353
|switch|p2a: Dragapult|Dragapult, F|100/100
|move|p1a: Zamazenta|Body Press|p2a: Dragapult
|-immune|p2a: Dragapult
|
|upkeep
|turn|2
|
|t:|1769317357
|switch|p1a: Geezer|Weezing-Galar, M|100/100
|-ability|p1a: Geezer|Neutralizing Gas
|move|p2a: Dragapult|Draco Meteor|p1a: Geezer
|-immune|p1a: Geezer
|
|upkeep
|turn|3
|
|t:|1769317360
|move|p2a: Dragapult|U-turn|p1a: Geezer
|-resisted|p1a: Geezer
|-damage|p1a: Geezer|96/100
|-damage|p2a: Dragapult|91/100|[from] item: Life Orb
|j| CownoseRay
|
|t:|1769317364
|switch|p2a: Iron Moth|Iron Moth|100/100|[from] U-turn
|move|p1a: Geezer|Strange Steam|p2a: Iron Moth
|-resisted|p2a: Iron Moth
|-damage|p2a: Iron Moth|94/100
|
|upkeep
|turn|4
|l| CownoseRay
|
|t:|1769317370
|-end|p1a: Geezer|ability: Neutralizing Gas
|switch|p1a: Gliscor|Gliscor, F|100/100
|-enditem|p2a: Iron Moth|Booster Energy
|-activate|p2a: Iron Moth|ability: Quark Drive|[fromitem]
|-start|p2a: Iron Moth|quarkdrivespe
|move|p2a: Iron Moth|Fiery Dance|p1a: Gliscor
|-damage|p1a: Gliscor|39/100
|
|-status|p1a: Gliscor|tox|[from] item: Toxic Orb
|upkeep
|turn|5
|
|t:|1769317381
|switch|p1a: Dragapult|Dragapult, M|100/100
|move|p2a: Iron Moth|Fiery Dance|p1a: Dragapult
|-resisted|p1a: Dragapult
|-damage|p1a: Dragapult|72/100
|-boost|p2a: Iron Moth|spa|1
|
|upkeep
|turn|6
|
|t:|1769317396
|move|p2a: Iron Moth|Dazzling Gleam|p1a: Dragapult
|-supereffective|p1a: Dragapult
|-damage|p1a: Dragapult|0 fnt
|faint|p1a: Dragapult
|
|upkeep
|
|t:|1769317401
|switch|p1a: Zamazenta|Zamazenta|100/100
|turn|7
|
|t:|1769317405
|move|p2a: Iron Moth|Dazzling Gleam|p1a: Zamazenta
|-supereffective|p1a: Zamazenta
|-damage|p1a: Zamazenta|37/100
|move|p1a: Zamazenta|Roar|p2a: Iron Moth
|-end|p2a: Iron Moth|Quark Drive|[silent]
|drag|p2a: Iron Boulder|Iron Boulder|100/100
|-enditem|p2a: Iron Boulder|Booster Energy
|-activate|p2a: Iron Boulder|ability: Quark Drive|[fromitem]
|-start|p2a: Iron Boulder|quarkdrivespe
|
|-heal|p1a: Zamazenta|43/100|[from] item: Leftovers
|upkeep
|turn|8
|
|t:|1769317414
|move|p2a: Iron Boulder|Psycho Cut|p1a: Zamazenta
|-supereffective|p1a: Zamazenta
|-damage|p1a: Zamazenta|0 fnt
|faint|p1a: Zamazenta
|
|upkeep
|
|t:|1769317417
|switch|p1a: Gliscor|Gliscor, F|39/100 tox
|turn|9
|
|t:|1769317423
|move|p2a: Iron Boulder|Mighty Cleave|p1a: Gliscor
|-damage|p1a: Gliscor|0 fnt
|faint|p1a: Gliscor
|
|upkeep
|
|t:|1769317426
|switch|p1a: Geezer|Weezing-Galar, M|96/100
|-ability|p1a: Geezer|Neutralizing Gas
|turn|10
|
|t:|1769317430
|move|p2a: Iron Boulder|Earthquake|p1a: Geezer
|-supereffective|p1a: Geezer
|-damage|p1a: Geezer|54/100
|move|p1a: Geezer|Will-O-Wisp|p2a: Iron Boulder
|-status|p2a: Iron Boulder|brn
|
|-damage|p2a: Iron Boulder|94/100 brn|[from] brn
|upkeep
|turn|11
|
|t:|1769317433
|move|p2a: Iron Boulder|Earthquake|p1a: Geezer
|-supereffective|p1a: Geezer
|-damage|p1a: Geezer|31/100
|move|p1a: Geezer|Pain Split|p2a: Iron Boulder
|-sethp|p2a: Iron Boulder|62/100 brn|[from] move: Pain Split|[silent]
|-sethp|p1a: Geezer|65/100|[from] move: Pain Split
|
|-damage|p2a: Iron Boulder|56/100 brn|[from] brn
|upkeep
|turn|12
|
|t:|1769317438
|move|p2a: Iron Boulder|Psycho Cut|p1a: Geezer
|-supereffective|p1a: Geezer
|-damage|p1a: Geezer|41/100
|move|p1a: Geezer|Strange Steam|p2a: Iron Boulder
|-damage|p2a: Iron Boulder|29/100 brn
|
|-damage|p2a: Iron Boulder|23/100 brn|[from] brn
|upkeep
|turn|13
|
|t:|1769317444
|move|p2a: Iron Boulder|Psycho Cut|p1a: Geezer
|-supereffective|p1a: Geezer
|-damage|p1a: Geezer|18/100
|move|p1a: Geezer|Strange Steam|p2a: Iron Boulder
|-damage|p2a: Iron Boulder|0 fnt
|faint|p2a: Iron Boulder
|-end|p2a: Iron Boulder|Quark Drive|[silent]
|
|upkeep
|
|t:|1769317450
|switch|p2a: Iron Moth|Iron Moth|94/100
|turn|14
|
|t:|1769317452
|move|p2a: Iron Moth|Fiery Dance|p1a: Geezer
|-damage|p1a: Geezer|0 fnt
|faint|p1a: Geezer
|-end|p1a: Geezer|ability: Neutralizing Gas
|
|upkeep
|
|t:|1769317455
|switch|p1a: YOU SHALL NOT|Kingambit, M, shiny|100/100
|-activate|p1a: YOU SHALL NOT|ability: Supreme Overlord
|-start|p1a: YOU SHALL NOT|fallen4|[silent]
|turn|15
|
|t:|1769317459
|move|p1a: YOU SHALL NOT|Sucker Punch|p2a: Iron Moth
|-damage|p2a: Iron Moth|0 fnt
|faint|p2a: Iron Moth
|-end|p2a: Iron Moth|Quark Drive|[silent]
|
|upkeep
|
|t:|1769317462
|switch|p2a: Zamazenta|Zamazenta|100/100
|-ability|p2a: Zamazenta|Dauntless Shield|boost
|-boost|p2a: Zamazenta|def|1
|turn|16
|
|t:|1769317469
|move|p2a: Zamazenta|Crunch|p1a: YOU SHALL NOT
|-resisted|p1a: YOU SHALL NOT
|-damage|p1a: YOU SHALL NOT|90/100
|-unboost|p1a: YOU SHALL NOT|def|1
|move|p1a: YOU SHALL NOT|Iron Head|p2a: Zamazenta
|-damage|p2a: Zamazenta|60/100
|
|-heal|p2a: Zamazenta|66/100|[from] item: Leftovers
|upkeep
|turn|17
|
|t:|1769317475
|move|p2a: Zamazenta|Close Combat|p1a: YOU SHALL NOT
|-supereffective|p1a: YOU SHALL NOT
|-damage|p1a: YOU SHALL NOT|0 fnt
|-unboost|p2a: Zamazenta|def|1
|-unboost|p2a: Zamazenta|spd|1
|faint|p1a: YOU SHALL NOT
|-end|p1a: YOU SHALL NOT|fallen4|[silent]
|
|-heal|p2a: Zamazenta|72/100|[from] item: Leftovers
|upkeep
|
|t:|1769317477
|switch|p1a: Iron Crown|Iron Crown|100/100
|-enditem|p1a: Iron Crown|Booster Energy
|-activate|p1a: Iron Crown|ability: Quark Drive|[fromitem]
|-start|p1a: Iron Crown|quarkdrivespe
|turn|18
|
|t:|1769317484
|-terastallize|p1a: Iron Crown|Fighting
|move|p1a: Iron Crown|Calm Mind|p1a: Iron Crown
|-boost|p1a: Iron Crown|spa|1
|-boost|p1a: Iron Crown|spd|1
|move|p2a: Zamazenta|Close Combat|p1a: Iron Crown
|-damage|p1a: Iron Crown|37/100
|-unboost|p2a: Zamazenta|def|1
|-unboost|p2a: Zamazenta|spd|1
|
|-heal|p2a: Zamazenta|78/100|[from] item: Leftovers
|upkeep
|turn|19
|
|t:|1769317490
|move|p1a: Iron Crown|Psychic|p2a: Zamazenta
|-supereffective|p2a: Zamazenta
|-damage|p2a: Zamazenta|0 fnt
|faint|p2a: Zamazenta
|
|upkeep
|
|t:|1769317494
|switch|p2a: Cinderace|Cinderace, F|100/100
|turn|20
|
|t:|1769317497
|-terastallize|p2a: Cinderace|Fire
|move|p2a: Cinderace|Flare Blitz|p1a: Iron Crown
|-damage|p1a: Iron Crown|0 fnt
|faint|p1a: Iron Crown
|-end|p1a: Iron Crown|Quark Drive|[silent]
|-damage|p2a: Cinderace|87/100|[from] Recoil
|
|win|xueshang
|raw|ShrekForever69's rating: 1450 &rarr; <strong>1427</strong><br />(-23 for losing)
|raw|xueshang's rating: 1406 &rarr; <strong>1429</strong><br />(+23 for winning)
|l|☆ShrekForever69
|player|p1|
|l|☆xueshang
|player|p2|
