|j|☆cycleevanescent
|j|☆Grimblez
|t:|1769441990
|gametype|singles
|player|p1|cycleevanescent|1|1107
|player|p2|Grimblez|brawly|1092
|gen|9
|tier|[Gen 9] OU
|rated|
|rule|HP Percentage Mod: HP is shown in percentages
|rule|Endless Battle Clause: Forcing endless battles is banned
|rule|Species Clause: Limit one of each Pokémon
|rule|OHKO Clause: OHKO moves are banned
|rule|Evasion Items Clause: Evasion items are banned
|rule|Evasion Moves Clause: Evasion moves are banned
|rule|Evasion Abilities Clause: Evasion abilities are banned
|rule|Sleep Moves Clause: Sleep-inducing moves are banned
|clearpoke
|poke|p1|Great Tusk|
|poke|p1|Kingambit, F|
|poke|p1|Moltres|
|poke|p1|Tinkaton, F|
|poke|p1|Hydrapple, F|
|poke|p1|Samurott-Hisui, F|
|poke|p2|Gengar, F|
|poke|p2|Dragapult, F|
|poke|p2|Gholdengo|
|poke|p2|Pecharunt|
|poke|p2|Skeledirge, M|
|poke|p2|Ceruledge, F|
|teampreview
|inactive|Battle timer is ON: inactive players will automatically lose when time's up. (requested by Grimblez)
|
|t:|1769442010
|teamsize|p1|6
|teamsize|p2|6
|start
|switch|p1a: Tinkaton|Tinkaton, F|100/100
|switch|p2a: Pecharunt|Pecharunt|100/100
|-item|p1a: Tinkaton|Air Balloon
|turn|1
|c|☆cycleevanescent|Hi gl hf
|
|t:|1769442024
|move|p1a: Tinkaton|Thunder Wave|p2a: Pecharunt
|-status|p2a: Pecharunt|par
|move|p2a: Pecharunt|Parting Shot|p1a: Tinkaton
|-unboost|p1a: Tinkaton|atk|1
|-unboost|p1a: Tinkaton|spa|1
|
|t:|1769442029
|switch|p2a: Dragapult|Dragapult, F|100/100|[from] Parting Shot
|
|upkeep
|turn|2
|
|t:|1769442038
|move|p2a: Dragapult|U-turn|p1a: Tinkaton
|-resisted|p1a: Tinkaton
|-damage|p1a: Tinkaton|96/100
|-enditem|p1a: Tinkaton|Air Balloon
|-enditem|p2a: Dragapult|Heavy-Duty Boots|[silent]|[from] ability: Pickpocket|[of] p2a: Dragapult
|-item|p1a: Tinkaton|Heavy-Duty Boots|[from] ability: Pickpocket|[of] p2a: Dragapult
|
|t:|1769442044
|switch|p2a: Skeledirge|Skeledirge, M|100/100|[from] U-turn
|move|p1a: Tinkaton|Knock Off|p2a: Skeledirge
|-supereffective|p2a: Skeledirge
|-damage|p2a: Skeledirge|80/100
|-enditem|p2a: Skeledirge|Heavy-Duty Boots|[from] move: Knock Off|[of] p1a: Tinkaton
|
|upkeep
|turn|3
|inactive|cycleevanescent has 120 seconds left.
|
|t:|1769442075
|switch|p2a: Dragapult|Dragapult, F|100/100
|move|p1a: Tinkaton|Thunder Wave|p2a: Dragapult
|-status|p2a: Dragapult|par
|
|upkeep
|turn|4
|inactive|cycleevanescent has 120 seconds left.
|
|t:|1769442085
|move|p1a: Tinkaton|Stealth Rock|p2a: Dragapult
|-sidestart|p2: Grimblez|move: Stealth Rock
|cant|p2a: Dragapult|par
|
|upkeep
|turn|5
|
|t:|1769442092
|switch|p1a: Moltres|Moltres|100/100
|move|p2a: Dragapult|Thunder Wave|p1a: Moltres
|-status|p1a: Moltres|par
|
|upkeep
|turn|6
|
|t:|1769442104
|move|p2a: Dragapult|Hex|p1a: Moltres
|-damage|p1a: Moltres|46/100 par
|cant|p1a: Moltres|par
|
|upkeep
|turn|7
|
|t:|1769442110
|switch|p1a: Samurott|Samurott-Hisui, F|100/100
|cant|p2a: Dragapult|par
|
|upkeep
|turn|8
|
|t:|1769442116
|-terastallize|p2a: Dragapult|Dark
|move|p1a: Samurott|Ceaseless Edge|p2a: Dragapult
|-resisted|p2a: Dragapult
|-damage|p2a: Dragapult|70/100 par
|-sidestart|p2: Grimblez|Spikes
|move|p2a: Dragapult|U-turn|p1a: Samurott
|-supereffective|p1a: Samurott
|-damage|p1a: Samurott|56/100
|
|t:|1769442125
|switch|p2a: Pecharunt|Pecharunt|100/100 par|[from] U-turn
|
|upkeep
|turn|9
|
|t:|1769442136
|switch|p1a: Tinkaton|Tinkaton, F|96/100
|move|p2a: Pecharunt|Malignant Chain|p1a: Tinkaton
|-immune|p1a: Tinkaton
|
|upkeep
|turn|10
|
|t:|1769442143
|move|p1a: Tinkaton|Knock Off|p2a: Pecharunt
|-supereffective|p2a: Pecharunt
|-damage|p2a: Pecharunt|78/100 par
|-enditem|p2a: Pecharunt|Heavy-Duty Boots|[from] move: Knock Off|[of] p1a: Tinkaton
|move|p2a: Pecharunt|Parting Shot|p1a: Tinkaton
|-unboost|p1a: Tinkaton|atk|1
|-unboost|p1a: Tinkaton|spa|1
|
|t:|1769442147
|switch|p2a: Skeledirge|Skeledirge, M|80/100|[from] Parting Shot
|-damage|p2a: Skeledirge|55/100|[from] Stealth Rock
|-damage|p2a: Skeledirge|42/100|[from] Spikes
|
|upkeep
|turn|11
|
|t:|1769442160
|move|p1a: Tinkaton|Knock Off|p2a: Skeledirge
|-supereffective|p2a: Skeledirge
|-damage|p2a: Skeledirge|28/100
|move|p2a: Skeledirge|Slack Off|p2a: Skeledirge
|-heal|p2a: Skeledirge|78/100
|
|upkeep
|turn|12
|
|t:|1769442171
|switch|p1a: Samurott|Samurott-Hisui, F|56/100
|move|p2a: Skeledirge|Slack Off|p2a: Skeledirge
|-heal|p2a: Skeledirge|100/100
|
|upkeep
|turn|13
|
|t:|1769442178
|switch|p2a: Dragapult|Dragapult, F, tera:Dark|70/100 par
|-damage|p2a: Dragapult|58/100 par|[from] Stealth Rock
|-damage|p2a: Dragapult|46/100 par|[from] Spikes
|move|p1a: Samurott|Ceaseless Edge|p2a: Dragapult
|-resisted|p2a: Dragapult
|-damage|p2a: Dragapult|16/100 par
|-sidestart|p2: Grimblez|Spikes
|
|upkeep
|turn|14
|
|t:|1769442187
|move|p1a: Samurott|Ceaseless Edge|p2a: Dragapult
|-resisted|p2a: Dragapult
|-damage|p2a: Dragapult|0 fnt
|-sidestart|p2: Grimblez|Spikes
|faint|p2a: Dragapult
|
|upkeep
|
|t:|1769442194
|switch|p2a: Gengar|Gengar, F|100/100
|-damage|p2a: Gengar|88/100|[from] Stealth Rock
|-damage|p2a: Gengar|63/100|[from] Spikes
|turn|15
|
|t:|1769442199
|move|p1a: Samurott|Ceaseless Edge|p2a: Gengar
|-supereffective|p2a: Gengar
|-damage|p2a: Gengar|0 fnt
|-start|p1a: Samurott|Disable|Ceaseless Edge|[from] ability: Cursed Body|[of] p2a: Gengar
|faint|p2a: Gengar
|
|upkeep
|
|t:|1769442203
|switch|p2a: Pecharunt|Pecharunt|78/100 par
|-damage|p2a: Pecharunt|66/100 par|[from] Stealth Rock
|-damage|p2a: Pecharunt|41/100 par|[from] Spikes
|turn|16
|
|t:|1769442220
|switch|p1a: Moltres|Moltres|46/100 par
|move|p2a: Pecharunt|Malignant Chain|p1a: Moltres
|-damage|p1a: Moltres|5/100 par
|
|upkeep
|turn|17
|
|t:|1769442228
|move|p1a: Moltres|Roost|p1a: Moltres
|-heal|p1a: Moltres|55/100 par
|-singleturn|p1a: Moltres|move: Roost
|move|p2a: Pecharunt|Recover|p2a: Pecharunt
|-heal|p2a: Pecharunt|91/100 par
|
|upkeep
|turn|18
|
|t:|1769442236
|move|p2a: Pecharunt|Hex|p1a: Moltres
|-damage|p1a: Moltres|0 fnt
|faint|p1a: Moltres
|
|upkeep
|
|t:|1769442250
|switch|p1a: Samurott|Samurott-Hisui, F|56/100
|turn|19
|
|t:|1769442254
|move|p1a: Samurott|Ceaseless Edge|p2a: Pecharunt
|-supereffective|p2a: Pecharunt
|-damage|p2a: Pecharunt|38/100 par
|move|p2a: Pecharunt|Malignant Chain|p1a: Samurott
|-damage|p1a: Samurott|0 fnt
|faint|p1a: Samurott
|
|upkeep
|
|t:|1769442266
|switch|p1a: Great Tusk|Great Tusk|100/100
|turn|20
|
|t:|1769442272
|switch|p2a: Skeledirge|Skeledirge, M|100/100
|-damage|p2a: Skeledirge|76/100|[from] Stealth Rock
|-damage|p2a: Skeledirge|51/100|[from] Spikes
|move|p1a: Great Tusk|Headlong Rush|p2a: Skeledirge
|-supereffective|p2a: Skeledirge
|-damage|p2a: Skeledirge|0 fnt
|-unboost|p1a: Great Tusk|def|1
|-unboost|p1a: Great Tusk|spd|1
|faint|p2a: Skeledirge
|
|upkeep
|
|t:|1769442282
|switch|p2a: Ceruledge|Ceruledge, F|100/100
|-damage|p2a: Ceruledge|76/100|[from] Stealth Rock
|-damage|p2a: Ceruledge|51/100|[from] Spikes
|turn|21
|
|t:|1769442288
|move|p1a: Great Tusk|Headlong Rush|p2a: Ceruledge
|-supereffective|p2a: Ceruledge
|-damage|p2a: Ceruledge|0 fnt
|-unboost|p1a: Great Tusk|def|1
|-unboost|p1a: Great Tusk|spd|1
|faint|p2a: Ceruledge
|
|upkeep
|
|t:|1769442290
|switch|p2a: Pecharunt|Pecharunt|38/100 par
|-damage|p2a: Pecharunt|26/100 par|[from] Stealth Rock
|-damage|p2a: Pecharunt|1/100 par|[from] Spikes
|turn|22
|
|t:|1769442300
|move|p1a: Great Tusk|Ice Spinner|p2a: Pecharunt
|-crit|p2a: Pecharunt
|-damage|p2a: Pecharunt|0 fnt
|faint|p2a: Pecharunt
|
|upkeep
|-message|Grimblez forfeited.
|
|win|cycleevanescent
|raw|cycleevanescent's rating: 1107 &rarr; <strong>1131</strong><br />(+24 for winning)
|raw|Grimblez's rating: 1092 &rarr; <strong>1069</strong><br />(-23 for losing)
|l|☆Grimblez
|player|p2|
