|j|☆DeeDzss
|j|☆xxblazefire
|t:|1769320708
|gametype|singles
|player|p1|DeeDzss|lucas|1290
|player|p2|xxblazefire|cynthia|1269
|gen|9
|tier|[Gen 9] OU
|rated|
|rule|HP Percentage Mod: HP is shown in percentages
|rule|Endless Battle Clause: Forcing endless battles is banned
|rule|Species Clause: Limit one of each Pokémon
|rule|OHKO Clause: OHKO moves are banned
|rule|Evasion Items Clause: Evasion items are banned
|rule|Evasion Moves Clause: Evasion moves are banned
|rule|Evasion Abilities Clause: Evasion abilities are banned
|rule|Sleep Moves Clause: Sleep-inducing moves are banned
|clearpoke
|poke|p1|Hoopa-Unbound|
|poke|p1|Landorus-Therian, M|
|poke|p1|Weavile, F|
|poke|p1|Tyranitar, F|
|poke|p1|Excadrill, M|
|poke|p1|Okidogi, M|
|poke|p2|Ogerpon-Wellspring, F|
|poke|p2|Weezing-Galar, F|
|poke|p2|Great Tusk|
|poke|p2|Garganacl, F|
|poke|p2|Dragapult, F|
|poke|p2|Iron Valiant|
|teampreview
|inactive|Battle timer is ON: inactive players will automatically lose when time's up. (requested by xxblazefire)
|j| ODYSSESY NYX
|
|t:|1769320721
|teamsize|p1|6
|teamsize|p2|6
|start
|switch|p1a: Weavile|Weavile, F|100/100
|switch|p2a: Ogerpon|Ogerpon-Wellspring, F|100/100
|-ability|p1a: Weavile|Pressure
|turn|1
|
|t:|1769320737
|move|p1a: Weavile|Swords Dance|p1a: Weavile
|-boost|p1a: Weavile|atk|2
|move|p2a: Ogerpon|Play Rough|p1a: Weavile|[miss]
|-miss|p2a: Ogerpon|p1a: Weavile
|
|upkeep
|turn|2
|l| ODYSSESY NYX
|
|t:|1769320745
|move|p1a: Weavile|Beat Up|p2a: Ogerpon
|-damage|p2a: Ogerpon|80/100
|-damage|p2a: Ogerpon|53/100
|-damage|p2a: Ogerpon|25/100
|-damage|p2a: Ogerpon|3/100
|-damage|p2a: Ogerpon|0 fnt
|faint|p2a: Ogerpon
|-hitcount|p2: Ogerpon|5
|
|upkeep
|
|t:|1769320759
|switch|p2a: Weezing|Weezing-Galar, F|100/100
|turn|3
|inactive|DeeDzss has 120 seconds left.
|
|t:|1769320801
|move|p1a: Weavile|Triple Axel|p2a: Weezing
|-damage|p2a: Weezing|89/100
|-damage|p2a: Weezing|63/100
|-damage|p2a: Weezing|21/100
|-hitcount|p2a: Weezing|3
|move|p2a: Weezing|Toxic|p1a: Weavile
|-status|p1a: Weavile|tox
|
|-damage|p1a: Weavile|94/100 tox|[from] psn
|upkeep
|turn|4
|
|t:|1769320819
|move|p1a: Weavile|Beat Up|p2a: Weezing
|-resisted|p2a: Weezing
|-damage|p2a: Weezing|15/100
|-resisted|p2a: Weezing
|-damage|p2a: Weezing|10/100
|-resisted|p2a: Weezing
|-damage|p2a: Weezing|3/100
|-resisted|p2a: Weezing
|-damage|p2a: Weezing|0 fnt
|faint|p2a: Weezing
|-hitcount|p2: Weezing|4
|
|-damage|p1a: Weavile|82/100 tox|[from] psn
|upkeep
|
|t:|1769320831
|switch|p2a: Dragapult|Dragapult, F, shiny|100/100
|turn|5
|
|t:|1769320837
|move|p2a: Dragapult|Flamethrower|p1a: Weavile
|-supereffective|p1a: Weavile
|-damage|p1a: Weavile|0 fnt
|faint|p1a: Weavile
|
|upkeep
|inactive|DeeDzss has 120 seconds left.
|
|t:|1769320851
|switch|p1a: Hoopa|Hoopa-Unbound|100/100
|turn|6
|
|t:|1769320856
|move|p2a: Dragapult|Flamethrower|p1a: Hoopa
|-damage|p1a: Hoopa|63/100
|move|p1a: Hoopa|Hyperspace Fury|p2a: Dragapult
|-supereffective|p2a: Dragapult
|-damage|p2a: Dragapult|0 fnt
|-unboost|p1a: Hoopa|def|1
|faint|p2a: Dragapult
|
|upkeep
|
|t:|1769320871
|switch|p2a: Iron Valiant|Iron Valiant|100/100
|-enditem|p2a: Iron Valiant|Booster Energy
|-activate|p2a: Iron Valiant|ability: Quark Drive|[fromitem]
|-start|p2a: Iron Valiant|quarkdrivespe
|turn|7
|
|t:|1769320882
|switch|p1a: Landorus|Landorus-Therian, M|100/100
|-ability|p1a: Landorus|Intimidate|boost
|-unboost|p2a: Iron Valiant|atk|1
|move|p2a: Iron Valiant|Knock Off|p1a: Landorus
|-damage|p1a: Landorus|76/100
|-enditem|p1a: Landorus|Heavy-Duty Boots|[from] move: Knock Off|[of] p2a: Iron Valiant
|
|upkeep
|turn|8
|
|t:|1769320916
|-end|p2a: Iron Valiant|Quark Drive|[silent]
|switch|p2a: Great Tusk|Great Tusk, shiny|100/100
|move|p1a: Landorus|U-turn|p2a: Great Tusk
|-resisted|p2a: Great Tusk
|-damage|p2a: Great Tusk|90/100
|
|t:|1769320922
|switch|p1a: Okidogi|Okidogi, M|100/100|[from] U-turn
|
|upkeep
|turn|9
|
|t:|1769320932
|move|p2a: Great Tusk|Rapid Spin|p1a: Okidogi
|-damage|p1a: Okidogi|88/100
|-boost|p2a: Great Tusk|spe|1
|move|p1a: Okidogi|Bulk Up|p1a: Okidogi
|-boost|p1a: Okidogi|atk|1
|-boost|p1a: Okidogi|def|1
|
|-heal|p1a: Okidogi|94/100|[from] item: Leftovers
|upkeep
|turn|10
|
|t:|1769320946
|move|p2a: Great Tusk|Headlong Rush|p1a: Okidogi
|-supereffective|p1a: Okidogi
|-crit|p1a: Okidogi
|-damage|p1a: Okidogi|0 fnt
|-unboost|p2a: Great Tusk|def|1
|-unboost|p2a: Great Tusk|spd|1
|faint|p1a: Okidogi
|
|upkeep
|
|t:|1769320953
|switch|p1a: Landorus|Landorus-Therian, M|76/100
|-ability|p1a: Landorus|Intimidate|boost
|-unboost|p2a: Great Tusk|atk|1
|turn|11
|
|t:|1769320959
|move|p2a: Great Tusk|Ice Spinner|p1a: Landorus
|-supereffective|p1a: Landorus
|-damage|p1a: Landorus|0 fnt
|faint|p1a: Landorus
|
|upkeep
|
|t:|1769320967
|switch|p1a: Tyranitar|Tyranitar, F|100/100
|-weather|Sandstorm|[from] ability: Sand Stream|[of] p1a: Tyranitar
|turn|12
|
|t:|1769320975
|move|p2a: Great Tusk|Headlong Rush|p1a: Tyranitar
|-supereffective|p1a: Tyranitar
|-damage|p1a: Tyranitar|47/100
|-unboost|p2a: Great Tusk|def|1
|-unboost|p2a: Great Tusk|spd|1
|move|p1a: Tyranitar|Ice Punch|p2a: Great Tusk
|-supereffective|p2a: Great Tusk
|-damage|p2a: Great Tusk|24/100
|
|-weather|Sandstorm|[upkeep]
|upkeep
|turn|13
|
|t:|1769320986
|-terastallize|p1a: Tyranitar|Flying
|move|p2a: Great Tusk|Headlong Rush|p1a: Tyranitar
|-immune|p1a: Tyranitar
|move|p1a: Tyranitar|Ice Punch|p2a: Great Tusk
|-supereffective|p2a: Great Tusk
|-damage|p2a: Great Tusk|0 fnt
|faint|p2a: Great Tusk
|-end|p2a: Great Tusk|Protosynthesis|[silent]
|
|-weather|Sandstorm|[upkeep]
|-damage|p1a: Tyranitar|41/100|[from] Sandstorm
|upkeep
|
|t:|1769320997
|switch|p2a: Garganacl|Garganacl, F|100/100
|turn|14
|
|t:|1769321005
|move|p1a: Tyranitar|Knock Off|p2a: Garganacl
|-crit|p2a: Garganacl
|-damage|p2a: Garganacl|57/100
|-enditem|p2a: Garganacl|Leftovers|[from] move: Knock Off|[of] p1a: Tyranitar
|move|p2a: Garganacl|Salt Cure|p1a: Tyranitar
|-supereffective|p1a: Tyranitar
|-damage|p1a: Tyranitar|22/100
|-start|p1a: Tyranitar|Salt Cure
|
|-weather|Sandstorm|[upkeep]
|-damage|p1a: Tyranitar|15/100|[from] Sandstorm
|-damage|p1a: Tyranitar|3/100|[from] Salt Cure
|upkeep
|turn|15
|
|t:|1769321028
|-terastallize|p2a: Garganacl|Flying
|move|p1a: Tyranitar|Earthquake|p2a: Garganacl
|-immune|p2a: Garganacl
|move|p2a: Garganacl|Recover|p2a: Garganacl
|-heal|p2a: Garganacl|100/100
|
|-weather|Sandstorm|[upkeep]
|-damage|p1a: Tyranitar|0 fnt|[from] Sandstorm
|-damage|p2a: Garganacl|94/100|[from] Sandstorm
|faint|p1a: Tyranitar
|upkeep
|
|t:|1769321040
|switch|p1a: Excadrill|Excadrill, M|100/100
|-item|p1a: Excadrill|Air Balloon
|turn|16
|
|t:|1769321047
|move|p1a: Excadrill|Swords Dance|p1a: Excadrill
|-boost|p1a: Excadrill|atk|2
|move|p2a: Garganacl|Salt Cure|p1a: Excadrill
|-resisted|p1a: Excadrill
|-crit|p1a: Excadrill
|-damage|p1a: Excadrill|93/100
|-start|p1a: Excadrill|Salt Cure
|-enditem|p1a: Excadrill|Air Balloon
|
|-weather|Sandstorm|[upkeep]
|-damage|p2a: Garganacl|88/100|[from] Sandstorm
|-damage|p1a: Excadrill|68/100|[from] Salt Cure
|upkeep
|turn|17
|
|t:|1769321065
|move|p1a: Excadrill|Rock Slide|p2a: Garganacl
|-supereffective|p2a: Garganacl
|-damage|p2a: Garganacl|12/100
|move|p2a: Garganacl|Body Press|p1a: Excadrill
|-supereffective|p1a: Excadrill
|-damage|p1a: Excadrill|0 fnt
|faint|p1a: Excadrill
|
|-weather|Sandstorm|[upkeep]
|-damage|p2a: Garganacl|6/100|[from] Sandstorm
|upkeep
|
|t:|1769321076
|switch|p1a: Hoopa|Hoopa-Unbound|63/100
|turn|18
|
|t:|1769321098
|move|p1a: Hoopa|Zen Headbutt|p2a: Garganacl
|-damage|p2a: Garganacl|0 fnt
|faint|p2a: Garganacl
|
|-weather|Sandstorm|[upkeep]
|-damage|p1a: Hoopa|57/100|[from] Sandstorm
|upkeep
|
|t:|1769321105
|switch|p2a: Iron Valiant|Iron Valiant|100/100
|turn|19
|
|t:|1769321114
|move|p1a: Hoopa|Zen Headbutt|p2a: Iron Valiant
|-supereffective|p2a: Iron Valiant
|-damage|p2a: Iron Valiant|0 fnt
|faint|p2a: Iron Valiant
|-end|p2a: Iron Valiant|Quark Drive|[silent]
|
|win|DeeDzss
|raw|DeeDzss's rating: 1290 &rarr; <strong>1313</strong><br />(+23 for winning)
|raw|xxblazefire's rating: 1269 &rarr; <strong>1246</strong><br />(-23 for losing)
|l|☆DeeDzss
|player|p1|
|l|☆xxblazefire
|player|p2|
