|j|☆flandoid
|j|☆mo007001
|t:|1769408590
|gametype|singles
|player|p1|flandoid|170|1265
|player|p2|mo007001|burglar|1200
|gen|9
|tier|[Gen 9] OU
|rated|
|rule|HP Percentage Mod: HP is shown in percentages
|rule|Endless Battle Clause: Forcing endless battles is banned
|rule|Species Clause: Limit one of each Pokémon
|rule|OHKO Clause: OHKO moves are banned
|rule|Evasion Items Clause: Evasion items are banned
|rule|Evasion Moves Clause: Evasion moves are banned
|rule|Evasion Abilities Clause: Evasion abilities are banned
|rule|Sleep Moves Clause: Sleep-inducing moves are banned
|clearpoke
|poke|p1|Kommo-o, M|
|poke|p1|Gholdengo|
|poke|p1|Ninetales-Alola, F|
|poke|p1|Hatterene, F|
|poke|p1|Zamazenta-*|
|poke|p1|Kingambit, M|
|poke|p2|Ogerpon-Wellspring, F|
|poke|p2|Gliscor, M|
|poke|p2|Ditto|
|poke|p2|Ceruledge, M|
|poke|p2|Pawmot, M|
|poke|p2|Kingambit, M|
|teampreview
|inactive|Battle timer is ON: inactive players will automatically lose when time's up. (requested by flandoid)
|
|t:|1769408596
|teamsize|p1|6
|teamsize|p2|6
|start
|switch|p1a: Ninetales|Ninetales-Alola, F|100/100
|switch|p2a: Ogerpon|Ogerpon-Wellspring, F|100/100
|-weather|Snowscape|[from] ability: Snow Warning|[of] p1a: Ninetales
|turn|1
|
|t:|1769408613
|move|p2a: Ogerpon|Swords Dance|p2a: Ogerpon
|-boost|p2a: Ogerpon|atk|2
|move|p1a: Ninetales|Aurora Veil|p1a: Ninetales
|-sidestart|p1: flandoid|move: Aurora Veil
|
|-weather|Snowscape|[upkeep]
|upkeep
|turn|2
|
|t:|1769408619
|move|p2a: Ogerpon|Encore|p1a: Ninetales
|-start|p1a: Ninetales|Encore
|move|p1a: Ninetales|Aurora Veil||[still]
|-fail|p1a: Ninetales
|
|-weather|Snowscape|[upkeep]
|upkeep
|turn|3
|
|t:|1769408632
|switch|p2a: Ditto|Ditto, shiny|100/100
|-transform|p2a: Ditto|p1a: Ninetales|[from] ability: Imposter
|switch|p1a: Hatterene|Hatterene, F|100/100
|
|-weather|Snowscape|[upkeep]
|upkeep
|turn|4
|
|t:|1769408643
|move|p2a: Ditto|Aurora Veil|p2a: Ditto
|-sidestart|p2: mo007001|move: Aurora Veil
|move|p1a: Hatterene|Calm Mind|p1a: Hatterene
|-boost|p1a: Hatterene|spa|1
|-boost|p1a: Hatterene|spd|1
|
|-weather|Snowscape|[upkeep]
|upkeep
|turn|5
|
|t:|1769408664
|switch|p2a: Ogerpon|Ogerpon-Wellspring, F|100/100
|move|p1a: Hatterene|Calm Mind|p1a: Hatterene
|-boost|p1a: Hatterene|spa|1
|-boost|p1a: Hatterene|spd|1
|
|-weather|none
|upkeep
|turn|6
|
|t:|1769408673
|move|p2a: Ogerpon|Encore|p1a: Hatterene
|move|p1a: Hatterene|Encore||[from] ability: Magic Bounce|[still]
|-fail|p1a: Hatterene
|move|p1a: Hatterene|Calm Mind|p1a: Hatterene
|-boost|p1a: Hatterene|spa|1
|-boost|p1a: Hatterene|spd|1
|
|upkeep
|turn|7
|
|t:|1769408682
|move|p2a: Ogerpon|Swords Dance|p2a: Ogerpon
|-boost|p2a: Ogerpon|atk|2
|move|p1a: Hatterene|Calm Mind|p1a: Hatterene
|-boost|p1a: Hatterene|spa|1
|-boost|p1a: Hatterene|spd|1
|
|upkeep
|turn|8
|
|t:|1769408689
|move|p2a: Ogerpon|Encore|p1a: Hatterene
|move|p1a: Hatterene|Encore||[from] ability: Magic Bounce|[still]
|-fail|p1a: Hatterene
|move|p1a: Hatterene|Psychic Noise|p2a: Ogerpon
|-damage|p2a: Ogerpon|42/100
|-start|p2a: Ogerpon|move: Heal Block
|
|-sideend|p1: flandoid|move: Aurora Veil
|-sideend|p2: mo007001|move: Aurora Veil
|upkeep
|turn|9
|
|t:|1769408700
|move|p2a: Ogerpon|Ivy Cudgel|p1a: Hatterene|[anim] Ivy Cudgel Water
|-damage|p1a: Hatterene|0 fnt
|faint|p1a: Hatterene
|
|-end|p2a: Ogerpon|move: Heal Block
|upkeep
|
|t:|1769408706
|switch|p1a: Ninetales|Ninetales-Alola, F|100/100
|-weather|Snowscape|[from] ability: Snow Warning|[of] p1a: Ninetales
|turn|10
|
|t:|1769408714
|move|p2a: Ogerpon|Ivy Cudgel|p1a: Ninetales|[anim] Ivy Cudgel Water
|-damage|p1a: Ninetales|12/100
|move|p1a: Ninetales|Aurora Veil|p1a: Ninetales
|-sidestart|p1: flandoid|move: Aurora Veil
|
|-weather|Snowscape|[upkeep]
|upkeep
|turn|11
|
|t:|1769408724
|switch|p2a: Ditto|Ditto, shiny|100/100
|-transform|p2a: Ditto|p1a: Ninetales|[from] ability: Imposter
|move|p1a: Ninetales|Freeze-Dry|p2a: Ditto
|-resisted|p2a: Ditto
|-damage|p2a: Ditto|89/100
|
|-weather|Snowscape|[upkeep]
|upkeep
|turn|12
|
|t:|1769408735
|switch|p1a: Kommo-o|Kommo-o, M|100/100
|move|p2a: Ditto|Aurora Veil|p2a: Ditto
|-sidestart|p2: mo007001|move: Aurora Veil
|
|-weather|Snowscape|[upkeep]
|upkeep
|turn|13
|
|t:|1769408745
|switch|p2a: Ogerpon|Ogerpon-Wellspring, F|42/100
|move|p1a: Kommo-o|Clangorous Soul|p1a: Kommo-o
|-boost|p1a: Kommo-o|atk|1
|-boost|p1a: Kommo-o|def|1
|-boost|p1a: Kommo-o|spa|1
|-boost|p1a: Kommo-o|spd|1
|-boost|p1a: Kommo-o|spe|1
|-damage|p1a: Kommo-o|68/100
|-enditem|p1a: Kommo-o|Throat Spray
|-boost|p1a: Kommo-o|spa|1|[from] item: Throat Spray
|
|-weather|Snowscape|[upkeep]
|upkeep
|turn|14
|
|t:|1769408759
|-terastallize|p1a: Kommo-o|Normal
|move|p1a: Kommo-o|Boomburst|p2a: Ogerpon
|-damage|p2a: Ogerpon|0 fnt
|faint|p2a: Ogerpon
|
|-weather|none
|upkeep
|
|t:|1769408766
|switch|p2a: Ditto|Ditto, shiny|89/100
|-transform|p2a: Ditto|p1a: Kommo-o|[from] ability: Imposter
|-start|p2a: Ditto|typechange|Dragon/Fighting|[silent]
|turn|15
|
|t:|1769408773
|-terastallize|p2a: Ditto|Normal
|move|p2a: Ditto|Boomburst|p1a: Kommo-o
|-immune|p1a: Kommo-o|[from] ability: Soundproof
|move|p1a: Kommo-o|Clanging Scales|p2a: Ditto
|-immune|p2a: Ditto|[from] ability: Soundproof
|
|upkeep
|turn|16
|
|t:|1769408786
|move|p2a: Ditto|Boomburst|p1a: Kommo-o
|-immune|p1a: Kommo-o|[from] ability: Soundproof
|move|p1a: Kommo-o|Flamethrower|p2a: Ditto
|-damage|p2a: Ditto|69/100
|-status|p2a: Ditto|brn
|
|-damage|p2a: Ditto|63/100 brn|[from] brn
|-sideend|p2: mo007001|move: Aurora Veil
|upkeep
|turn|17
|
|t:|1769408797
|move|p2a: Ditto|Boomburst|p1a: Kommo-o
|-immune|p1a: Kommo-o|[from] ability: Soundproof
|move|p1a: Kommo-o|Flamethrower|p2a: Ditto
|-damage|p2a: Ditto|28/100 brn
|
|-damage|p2a: Ditto|22/100 brn|[from] brn
|-sideend|p1: flandoid|move: Aurora Veil
|upkeep
|turn|18
|
|t:|1769408805
|move|p2a: Ditto|Boomburst|p1a: Kommo-o
|-immune|p1a: Kommo-o|[from] ability: Soundproof
|move|p1a: Kommo-o|Flamethrower|p2a: Ditto
|-crit|p2a: Ditto
|-damage|p2a: Ditto|0 fnt
|faint|p2a: Ditto
|
|upkeep
|
|t:|1769408809
|switch|p2a: Gliscor|Gliscor, M|100/100
|turn|19
|
|t:|1769408816
|move|p1a: Kommo-o|Boomburst|p2a: Gliscor
|-crit|p2a: Gliscor
|-damage|p2a: Gliscor|0 fnt
|faint|p2a: Gliscor
|
|upkeep
|
|t:|1769408822
|switch|p2a: Ceruledge|Ceruledge, M|100/100
|turn|20
|
|t:|1769408825
|move|p1a: Kommo-o|Clanging Scales|p2a: Ceruledge
|-enditem|p2a: Ceruledge|Focus Sash
|-damage|p2a: Ceruledge|1/100
|-unboost|p1a: Kommo-o|def|1
|move|p2a: Ceruledge|Close Combat|p1a: Kommo-o
|-supereffective|p1a: Kommo-o
|-damage|p1a: Kommo-o|0 fnt
|-unboost|p2a: Ceruledge|def|1
|-unboost|p2a: Ceruledge|spd|1
|faint|p1a: Kommo-o
|
|upkeep
|
|t:|1769408837
|switch|p1a: Ninetales|Ninetales-Alola, F|12/100
|-weather|Snowscape|[from] ability: Snow Warning|[of] p1a: Ninetales
|turn|21
|
|t:|1769408846
|move|p1a: Ninetales|Aurora Veil|p1a: Ninetales
|-sidestart|p1: flandoid|move: Aurora Veil
|move|p2a: Ceruledge|Bitter Blade|p1a: Ninetales
|-supereffective|p1a: Ninetales
|-damage|p1a: Ninetales|0 fnt
|-heal|p2a: Ceruledge|8/100|[from] drain|[of] p1a: Ninetales
|faint|p1a: Ninetales
|
|-weather|Snowscape|[upkeep]
|upkeep
|
|t:|1769408854
|switch|p1a: Zamazenta|Zamazenta|100/100
|-ability|p1a: Zamazenta|Dauntless Shield|boost
|-boost|p1a: Zamazenta|def|1
|turn|22
|
|t:|1769408862
|move|p1a: Zamazenta|Crunch|p2a: Ceruledge
|-supereffective|p2a: Ceruledge
|-damage|p2a: Ceruledge|0 fnt
|faint|p2a: Ceruledge
|-damage|p1a: Zamazenta|91/100|[from] item: Life Orb
|
|-weather|Snowscape|[upkeep]
|upkeep
|
|t:|1769408864
|switch|p2a: Pawmot|Pawmot, M|100/100
|turn|23
|
|t:|1769408870
|move|p1a: Zamazenta|Close Combat|p2a: Pawmot
|-damage|p2a: Pawmot|0 fnt
|-unboost|p1a: Zamazenta|def|1
|-unboost|p1a: Zamazenta|spd|1
|faint|p2a: Pawmot
|-damage|p1a: Zamazenta|81/100|[from] item: Life Orb
|
|-weather|Snowscape|[upkeep]
|upkeep
|-message|mo007001 forfeited.
|
|win|flandoid
|raw|flandoid's rating: 1265 &rarr; <strong>1285</strong><br />(+20 for winning)
|raw|mo007001's rating: 1200 &rarr; <strong>1180</strong><br />(-20 for losing)
|l|☆mo007001
|player|p2|
|l|☆flandoid
|player|p1|
