|j|☆limitibreique
|j|‽SpeedySebas
|t:|1769397958
|gametype|singles
|player|p1|limitibreique|blackbelt-gen4dp|1068
|player|p2|SpeedySebas|102|1067
|gen|9
|tier|[Gen 9] OU
|rated|
|rule|HP Percentage Mod: HP is shown in percentages
|rule|Endless Battle Clause: Forcing endless battles is banned
|rule|Species Clause: Limit one of each Pokémon
|rule|OHKO Clause: OHKO moves are banned
|rule|Evasion Items Clause: Evasion items are banned
|rule|Evasion Moves Clause: Evasion moves are banned
|rule|Evasion Abilities Clause: Evasion abilities are banned
|rule|Sleep Moves Clause: Sleep-inducing moves are banned
|clearpoke
|poke|p1|Mimikyu, M|
|poke|p1|Garganacl, M|
|poke|p1|Comfey, F|
|poke|p1|Greninja-*, M|
|poke|p1|Excadrill, M|
|poke|p1|Blaziken, F|
|poke|p2|Oinkologne, M|
|poke|p2|Slaking, F|
|poke|p2|Grimmsnarl, M|
|poke|p2|Pawmot, M|
|poke|p2|Skeledirge, M|
|poke|p2|Kingambit, F|
|teampreview
|
|t:|1769397964
|teamsize|p1|6
|teamsize|p2|6
|start
|switch|p1a: Garganacl|Garganacl, M, shiny|100/100
|switch|p2a: Grimmsnarl|Grimmsnarl, M|100/100
|turn|1
|inactive|Battle timer is ON: inactive players will automatically lose when time's up. (requested by limitibreique)
|
|t:|1769397981
|move|p2a: Grimmsnarl|Reflect|p2a: Grimmsnarl
|-sidestart|p2: SpeedySebas|Reflect
|move|p1a: Garganacl|Salt Cure|p2a: Grimmsnarl
|-damage|p2a: Grimmsnarl|95/100
|-start|p2a: Grimmsnarl|Salt Cure
|
|-damage|p2a: Grimmsnarl|82/100|[from] Salt Cure
|upkeep
|turn|2
|
|t:|1769397988
|move|p2a: Grimmsnarl|Parting Shot|p1a: Garganacl
|-unboost|p1a: Garganacl|atk|1
|-unboost|p1a: Garganacl|spa|1
|
|t:|1769397993
|switch|p2a: Oinkologne|Oinkologne, M|100/100|[from] Parting Shot
|move|p1a: Garganacl|Curse|p1a: Garganacl
|-unboost|p1a: Garganacl|spe|1
|-boost|p1a: Garganacl|atk|1
|-boost|p1a: Garganacl|def|1
|
|upkeep
|turn|3
|
|t:|1769398005
|move|p2a: Oinkologne|Thief|p1a: Garganacl
|-damage|p1a: Garganacl|94/100
|move|p1a: Garganacl|Salt Cure|p2a: Oinkologne
|-damage|p2a: Oinkologne|95/100
|-start|p2a: Oinkologne|Salt Cure
|-enditem|p2a: Oinkologne|Eject Button
|inactive|SpeedySebas has 120 seconds left.
|
|t:|1769398048
|switch|p2a: Kingambit|Kingambit, F|100/100
|
|-heal|p1a: Garganacl|99/100|[from] item: Leftovers
|upkeep
|turn|4
|
|t:|1769398057
|move|p2a: Kingambit|Swords Dance|p2a: Kingambit
|-boost|p2a: Kingambit|atk|2
|move|p1a: Garganacl|Salt Cure|p2a: Kingambit
|-resisted|p2a: Kingambit
|-damage|p2a: Kingambit|98/100
|-start|p2a: Kingambit|Salt Cure
|
|-heal|p1a: Garganacl|100/100|[from] item: Leftovers
|-damage|p2a: Kingambit|73/100|[from] Salt Cure
|upkeep
|turn|5
|
|t:|1769398068
|move|p2a: Kingambit|Swords Dance|p2a: Kingambit
|-boost|p2a: Kingambit|atk|2
|move|p1a: Garganacl|Curse|p1a: Garganacl
|-unboost|p1a: Garganacl|spe|1
|-boost|p1a: Garganacl|atk|1
|-boost|p1a: Garganacl|def|1
|
|-damage|p2a: Kingambit|48/100|[from] Salt Cure
|upkeep
|turn|6
|
|t:|1769398090
|move|p2a: Kingambit|Swords Dance|p2a: Kingambit
|-boost|p2a: Kingambit|atk|2
|move|p1a: Garganacl|Salt Cure|p2a: Kingambit
|-resisted|p2a: Kingambit
|-damage|p2a: Kingambit|44/100
|
|-damage|p2a: Kingambit|19/100|[from] Salt Cure
|upkeep
|turn|7
|
|t:|1769398109
|move|p2a: Kingambit|Iron Head|p1a: Garganacl
|-supereffective|p1a: Garganacl
|-ability|p1a: Garganacl|Sturdy
|-damage|p1a: Garganacl|1/100
|move|p1a: Garganacl|Recover|p1a: Garganacl
|-heal|p1a: Garganacl|51/100
|
|-heal|p1a: Garganacl|57/100|[from] item: Leftovers
|-damage|p2a: Kingambit|0 fnt|[from] Salt Cure
|faint|p2a: Kingambit
|-end|p2a: Kingambit|fallenundefined|[silent]
|upkeep
|
|t:|1769398124
|switch|p2a: Skeledirge|Skeledirge, M|100/100
|turn|8
|
|t:|1769398141
|move|p2a: Skeledirge|Hex|p1a: Garganacl
|-damage|p1a: Garganacl|36/100
|move|p1a: Garganacl|Salt Cure|p2a: Skeledirge
|-supereffective|p2a: Skeledirge
|-damage|p2a: Skeledirge|91/100
|-start|p2a: Skeledirge|Salt Cure
|
|-heal|p1a: Garganacl|42/100|[from] item: Leftovers
|-damage|p2a: Skeledirge|78/100|[from] Salt Cure
|-sideend|p2: SpeedySebas|Reflect
|upkeep
|turn|9
|
|t:|1769398151
|move|p2a: Skeledirge|Hex|p1a: Garganacl
|-damage|p1a: Garganacl|20/100
|move|p1a: Garganacl|Recover|p1a: Garganacl
|-heal|p1a: Garganacl|70/100
|
|-heal|p1a: Garganacl|76/100|[from] item: Leftovers
|-damage|p2a: Skeledirge|66/100|[from] Salt Cure
|upkeep
|turn|10
|inactive|SpeedySebas has 120 seconds left.
|
|t:|1769398159
|move|p2a: Skeledirge|Will-O-Wisp|p1a: Garganacl
|-status|p1a: Garganacl|brn
|move|p1a: Garganacl|Recover|p1a: Garganacl
|-heal|p1a: Garganacl|100/100 brn
|
|-damage|p1a: Garganacl|94/100 brn|[from] brn
|-damage|p2a: Skeledirge|54/100|[from] Salt Cure
|upkeep
|turn|11
|
|t:|1769398169
|move|p2a: Skeledirge|Slack Off|p2a: Skeledirge
|-heal|p2a: Skeledirge|100/100
|move|p1a: Garganacl|Curse|p1a: Garganacl
|-unboost|p1a: Garganacl|spe|1
|-boost|p1a: Garganacl|atk|1
|-boost|p1a: Garganacl|def|1
|
|-heal|p1a: Garganacl|100/100 brn|[from] item: Leftovers
|-damage|p1a: Garganacl|94/100 brn|[from] brn
|-damage|p2a: Skeledirge|88/100|[from] Salt Cure
|upkeep
|turn|12
|
|t:|1769398180
|move|p2a: Skeledirge|Torch Song|p1a: Garganacl
|-resisted|p1a: Garganacl
|-damage|p1a: Garganacl|80/100 brn
|-boost|p2a: Skeledirge|spa|1
|move|p1a: Garganacl|Curse|p1a: Garganacl
|-unboost|p1a: Garganacl|spe|1
|-boost|p1a: Garganacl|atk|1
|-boost|p1a: Garganacl|def|1
|
|-heal|p1a: Garganacl|86/100 brn|[from] item: Leftovers
|-damage|p1a: Garganacl|80/100 brn|[from] brn
|-damage|p2a: Skeledirge|76/100|[from] Salt Cure
|upkeep
|turn|13
|
|t:|1769398193
|move|p2a: Skeledirge|Torch Song|p1a: Garganacl
|-resisted|p1a: Garganacl
|-damage|p1a: Garganacl|59/100 brn
|-boost|p2a: Skeledirge|spa|1
|move|p1a: Garganacl|Recover|p1a: Garganacl
|-heal|p1a: Garganacl|100/100 brn
|
|-damage|p1a: Garganacl|94/100 brn|[from] brn
|-damage|p2a: Skeledirge|63/100|[from] Salt Cure
|upkeep
|turn|14
|
|t:|1769398210
|move|p2a: Skeledirge|Torch Song|p1a: Garganacl
|-resisted|p1a: Garganacl
|-damage|p1a: Garganacl|65/100 brn
|-boost|p2a: Skeledirge|spa|1
|move|p1a: Garganacl|Recover|p1a: Garganacl
|-heal|p1a: Garganacl|100/100 brn
|
|-damage|p1a: Garganacl|94/100 brn|[from] brn
|-damage|p2a: Skeledirge|51/100|[from] Salt Cure
|upkeep
|turn|15
|
|t:|1769398220
|move|p2a: Skeledirge|Torch Song|p1a: Garganacl
|-resisted|p1a: Garganacl
|-damage|p1a: Garganacl|58/100 brn
|-boost|p2a: Skeledirge|spa|1
|move|p1a: Garganacl|Curse|p1a: Garganacl
|-unboost|p1a: Garganacl|spe|1
|-boost|p1a: Garganacl|atk|1
|-boost|p1a: Garganacl|def|1
|
|-heal|p1a: Garganacl|64/100 brn|[from] item: Leftovers
|-damage|p1a: Garganacl|58/100 brn|[from] brn
|-damage|p2a: Skeledirge|38/100|[from] Salt Cure
|upkeep
|turn|16
|
|t:|1769398233
|move|p2a: Skeledirge|Slack Off|p2a: Skeledirge
|-heal|p2a: Skeledirge|89/100
|move|p1a: Garganacl|Curse|p1a: Garganacl
|-unboost|p1a: Garganacl|spe|1
|-boost|p1a: Garganacl|atk|1
|-boost|p1a: Garganacl|def|1
|
|-heal|p1a: Garganacl|64/100 brn|[from] item: Leftovers
|-damage|p1a: Garganacl|58/100 brn|[from] brn
|-damage|p2a: Skeledirge|76/100|[from] Salt Cure
|upkeep
|turn|17
|
|t:|1769398243
|move|p2a: Skeledirge|Torch Song|p1a: Garganacl
|-resisted|p1a: Garganacl
|-damage|p1a: Garganacl|15/100 brn
|-boost|p2a: Skeledirge|spa|1
|move|p1a: Garganacl|Recover|p1a: Garganacl
|-heal|p1a: Garganacl|65/100 brn
|
|-heal|p1a: Garganacl|72/100 brn|[from] item: Leftovers
|-damage|p1a: Garganacl|65/100 brn|[from] brn
|-damage|p2a: Skeledirge|64/100|[from] Salt Cure
|upkeep
|turn|18
|
|t:|1769398254
|move|p2a: Skeledirge|Torch Song|p1a: Garganacl
|-resisted|p1a: Garganacl
|-damage|p1a: Garganacl|16/100 brn
|-boost|p2a: Skeledirge|spa|1
|move|p1a: Garganacl|Salt Cure|p2a: Skeledirge
|-supereffective|p2a: Skeledirge
|-damage|p2a: Skeledirge|54/100
|
|-heal|p1a: Garganacl|22/100 brn|[from] item: Leftovers
|-damage|p1a: Garganacl|16/100 brn|[from] brn
|-damage|p2a: Skeledirge|41/100|[from] Salt Cure
|upkeep
|turn|19
|
|t:|1769398266
|move|p2a: Skeledirge|Slack Off|p2a: Skeledirge
|-heal|p2a: Skeledirge|91/100
|move|p1a: Garganacl|Salt Cure|p2a: Skeledirge
|-supereffective|p2a: Skeledirge
|-damage|p2a: Skeledirge|82/100
|
|-heal|p1a: Garganacl|22/100 brn|[from] item: Leftovers
|-damage|p1a: Garganacl|16/100 brn|[from] brn
|-damage|p2a: Skeledirge|69/100|[from] Salt Cure
|upkeep
|turn|20
|
|t:|1769398276
|move|p2a: Skeledirge|Slack Off|p2a: Skeledirge
|-heal|p2a: Skeledirge|100/100
|move|p1a: Garganacl|Salt Cure|p2a: Skeledirge
|-supereffective|p2a: Skeledirge
|-damage|p2a: Skeledirge|91/100
|
|-heal|p1a: Garganacl|22/100 brn|[from] item: Leftovers
|-damage|p1a: Garganacl|16/100 brn|[from] brn
|-damage|p2a: Skeledirge|79/100|[from] Salt Cure
|upkeep
|turn|21
|
|t:|1769398290
|move|p2a: Skeledirge|Hex|p1a: Garganacl
|-damage|p1a: Garganacl|0 fnt
|faint|p1a: Garganacl
|
|-damage|p2a: Skeledirge|66/100|[from] Salt Cure
|upkeep
|
|t:|1769398295
|switch|p1a: Mimikyu|Mimikyu, M|100/100
|turn|22
|
|t:|1769398301
|move|p1a: Mimikyu|Swords Dance|p1a: Mimikyu
|-boost|p1a: Mimikyu|atk|2
|move|p2a: Skeledirge|Torch Song|p1a: Mimikyu
|-activate|p1a: Mimikyu|ability: Disguise
|-damage|p1a: Mimikyu|100/100
|detailschange|p1a: Mimikyu|Mimikyu-Busted, M
|-damage|p1a: Mimikyu|88/100|[from] pokemon: Mimikyu-Busted
|
|-damage|p2a: Skeledirge|54/100|[from] Salt Cure
|upkeep
|turn|23
|
|t:|1769398316
|move|p1a: Mimikyu|Play Rough|p2a: Skeledirge
|-resisted|p2a: Skeledirge
|-damage|p2a: Skeledirge|40/100
|-damage|p1a: Mimikyu|78/100|[from] item: Life Orb
|move|p2a: Skeledirge|Torch Song|p1a: Mimikyu
|-damage|p1a: Mimikyu|0 fnt
|faint|p1a: Mimikyu
|
|-damage|p2a: Skeledirge|28/100|[from] Salt Cure
|upkeep
|
|t:|1769398325
|switch|p1a: Greninja|Greninja, M|100/100
|turn|24
|
|t:|1769398331
|move|p1a: Greninja|Water Shuriken|p2a: Skeledirge
|-supereffective|p2a: Skeledirge
|-damage|p2a: Skeledirge|4/100
|-supereffective|p2a: Skeledirge
|-damage|p2a: Skeledirge|0 fnt
|faint|p2a: Skeledirge
|-ability|p1a: Greninja|Battle Bond|boost
|-boost|p1a: Greninja|atk|1
|-boost|p1a: Greninja|spa|1
|-boost|p1a: Greninja|spe|1
|-activate|p1a: Greninja|ability: Battle Bond
|-hitcount|p2: Skeledirge|2
|
|upkeep
|
|t:|1769398358
|switch|p2a: Pawmot|Pawmot, M|100/100
|turn|25
|
|t:|1769398369
|switch|p1a: Excadrill|Excadrill, M|100/100
|-ability|p1a: Excadrill|Mold Breaker
|move|p2a: Pawmot|Mach Punch|p1a: Excadrill
|-supereffective|p1a: Excadrill
|-damage|p1a: Excadrill|41/100
|
|-heal|p1a: Excadrill|47/100|[from] item: Leftovers
|upkeep
|turn|26
|inactive|SpeedySebas has 120 seconds left.
|
|t:|1769398391
|move|p2a: Pawmot|Mach Punch|p1a: Excadrill
|-supereffective|p1a: Excadrill
|-damage|p1a: Excadrill|0 fnt
|faint|p1a: Excadrill
|
|upkeep
|
|t:|1769398397
|switch|p1a: Comfey|Comfey, F, shiny|100/100
|turn|27
|
|t:|1769398404
|-terastallize|p2a: Pawmot|Electric
|move|p2a: Pawmot|Double Shock|p1a: Comfey
|-damage|p1a: Comfey|0 fnt
|-start|p2a: Pawmot|typechange|Electric|[from] move: Double Shock
|faint|p1a: Comfey
|
|upkeep
|
|t:|1769398408
|switch|p1a: Blazikenw|Blaziken, F, shiny|100/100
|turn|28
|
|t:|1769398416
|move|p2a: Pawmot|Double Shock|p1a: Blazikenw
|-damage|p1a: Blazikenw|0 fnt
|-start|p2a: Pawmot|typechange|Electric|[from] move: Double Shock
|faint|p1a: Blazikenw
|
|upkeep
|
|t:|1769398418
|switch|p1a: Greninja|Greninja, M|100/100
|turn|29
|
|t:|1769398427
|move|p1a: Greninja|Sludge Wave|p2a: Pawmot
|-damage|p2a: Pawmot|12/100
|move|p2a: Pawmot|Double Shock|p1a: Greninja
|-supereffective|p1a: Greninja
|-damage|p1a: Greninja|0 fnt
|-start|p2a: Pawmot|typechange|Electric|[from] move: Double Shock
|faint|p1a: Greninja
|
|win|SpeedySebas
|raw|limitibreique's rating: 1068 &rarr; <strong>1048</strong><br />(-20 for losing)
|raw|SpeedySebas's rating: 1067 &rarr; <strong>1097</strong><br />(+30 for winning)
|l|‽SpeedySebas
|player|p2|
|l|☆limitibreique
|player|p1|
