|j|☆Dedebaboo
|j|☆vishalv996
|t:|1769414220
|gametype|singles
|player|p1|Dedebaboo|169|1156
|player|p2|vishalv996|wallace|1170
|gen|9
|tier|[Gen 9] OU
|rated|
|rule|HP Percentage Mod: HP is shown in percentages
|rule|Endless Battle Clause: Forcing endless battles is banned
|rule|Species Clause: Limit one of each Pokémon
|rule|OHKO Clause: OHKO moves are banned
|rule|Evasion Items Clause: Evasion items are banned
|rule|Evasion Moves Clause: Evasion moves are banned
|rule|Evasion Abilities Clause: Evasion abilities are banned
|rule|Sleep Moves Clause: Sleep-inducing moves are banned
|clearpoke
|poke|p1|Dragonite, M|
|poke|p1|Gholdengo|
|poke|p1|Primarina, F|
|poke|p1|Deoxys-Speed|
|poke|p1|Great Tusk|
|poke|p1|Zapdos|
|poke|p2|Ogerpon-Wellspring, F|
|poke|p2|Ceruledge, F|
|poke|p2|Kingambit, F|
|poke|p2|Iron Treads|
|poke|p2|Electivire, F|
|poke|p2|Darkrai|
|teampreview
|inactive|Battle timer is ON: inactive players will automatically lose when time's up. (requested by vishalv996)
|
|t:|1769414237
|teamsize|p1|6
|teamsize|p2|6
|start
|switch|p1a: Deoxys|Deoxys-Speed|100/100
|switch|p2a: Darkrai|Darkrai|100/100
|-ability|p1a: Deoxys|Pressure
|turn|1
|
|t:|1769414243
|move|p1a: Deoxys|Superpower|p2a: Darkrai
|-supereffective|p2a: Darkrai
|-damage|p2a: Darkrai|15/100
|-unboost|p1a: Deoxys|atk|1
|-unboost|p1a: Deoxys|def|1
|-enditem|p1a: Deoxys|Eject Pack
|
|t:|1769414255
|switch|p1a: Primarina|Primarina, F|100/100
|move|p2a: Darkrai|Dark Pulse|p1a: Primarina
|-resisted|p1a: Primarina
|-damage|p1a: Primarina|86/100
|
|upkeep
|turn|2
|
|t:|1769414262
|move|p2a: Darkrai|Thunder|p1a: Primarina
|-supereffective|p1a: Primarina
|-damage|p1a: Primarina|38/100
|move|p1a: Primarina|Surf|p2a: Darkrai
|-damage|p2a: Darkrai|0 fnt
|faint|p2a: Darkrai
|
|upkeep
|
|t:|1769414279
|switch|p2a: Ogerpon|Ogerpon-Wellspring, F|100/100
|turn|3
|
|t:|1769414290
|-terastallize|p1a: Primarina|Poison
|move|p2a: Ogerpon|Horn Leech|p1a: Primarina
|-resisted|p1a: Primarina
|-damage|p1a: Primarina|10/100
|move|p1a: Primarina|Tera Blast|p2a: Ogerpon|[anim] Tera Blast Poison
|-supereffective|p2a: Ogerpon
|-damage|p2a: Ogerpon|3/100
|
|upkeep
|turn|4
|
|t:|1769414301
|move|p2a: Ogerpon|Knock Off|p1a: Primarina
|-damage|p1a: Primarina|0 fnt
|-enditem|p1a: Primarina|Assault Vest|[from] move: Knock Off|[of] p2a: Ogerpon
|faint|p1a: Primarina
|
|upkeep
|
|t:|1769414307
|switch|p1a: Deoxys|Deoxys-Speed|100/100
|-ability|p1a: Deoxys|Pressure
|turn|5
|
|t:|1769414314
|move|p1a: Deoxys|Knock Off|p2a: Ogerpon
|-damage|p2a: Ogerpon|0 fnt
|faint|p2a: Ogerpon
|
|upkeep
|
|t:|1769414320
|switch|p2a: Ceruledge|Ceruledge, F|100/100
|turn|6
|
|t:|1769414327
|move|p1a: Deoxys|Knock Off|p2a: Ceruledge
|-supereffective|p2a: Ceruledge
|-damage|p2a: Ceruledge|21/100
|-ability|p2a: Ceruledge|Weak Armor|boost
|-unboost|p2a: Ceruledge|def|1
|-boost|p2a: Ceruledge|spe|2
|-enditem|p2a: Ceruledge|Focus Sash|[from] move: Knock Off|[of] p1a: Deoxys
|move|p2a: Ceruledge|Poltergeist||[still]
|-fail|p2a: Ceruledge
|
|upkeep
|turn|7
|
|t:|1769414338
|move|p2a: Ceruledge|Destiny Bond|p2a: Ceruledge
|-singlemove|p2a: Ceruledge|Destiny Bond
|move|p1a: Deoxys|Psycho Boost|p2a: Ceruledge|[miss]
|-miss|p1a: Deoxys|p2a: Ceruledge
|
|upkeep
|turn|8
|
|t:|1769414353
|move|p2a: Ceruledge|Bitter Blade|p1a: Deoxys
|-damage|p1a: Deoxys|34/100
|-heal|p2a: Ceruledge|48/100|[from] drain|[of] p1a: Deoxys
|move|p1a: Deoxys|Knock Off|p2a: Ceruledge
|-supereffective|p2a: Ceruledge
|-damage|p2a: Ceruledge|0 fnt
|faint|p2a: Ceruledge
|
|upkeep
|
|t:|1769414365
|switch|p2a: Kingambit|Kingambit, F|100/100
|-activate|p2a: Kingambit|ability: Supreme Overlord
|-start|p2a: Kingambit|fallen3|[silent]
|turn|9
|
|t:|1769414371
|switch|p1a: Zapdos|Zapdos|100/100
|move|p2a: Kingambit|Sucker Punch||[still]
|-fail|p2a: Kingambit
|
|upkeep
|turn|10
|
|t:|1769414380
|-terastallize|p2a: Kingambit|Fairy
|move|p1a: Zapdos|Thunder Wave|p2a: Kingambit
|-status|p2a: Kingambit|par
|move|p2a: Kingambit|Kowtow Cleave|p1a: Zapdos
|-damage|p1a: Zapdos|60/100
|
|upkeep
|turn|11
|
|t:|1769414388
|move|p2a: Kingambit|Sucker Punch|p1a: Zapdos
|-damage|p1a: Zapdos|25/100
|move|p1a: Zapdos|Volt Switch|p2a: Kingambit
|-damage|p2a: Kingambit|69/100 par
|
|t:|1769414394
|switch|p1a: Great Tusk|Great Tusk|100/100|[from] Volt Switch
|
|upkeep
|turn|12
|
|t:|1769414407
|move|p1a: Great Tusk|Headlong Rush|p2a: Kingambit
|-damage|p2a: Kingambit|31/100 par
|-unboost|p1a: Great Tusk|def|1
|-unboost|p1a: Great Tusk|spd|1
|move|p2a: Kingambit|Kowtow Cleave|p1a: Great Tusk
|-resisted|p1a: Great Tusk
|-damage|p1a: Great Tusk|74/100
|-damage|p2a: Kingambit|15/100 par|[from] item: Rocky Helmet|[of] p1a: Great Tusk
|
|upkeep
|turn|13
|
|t:|1769414418
|move|p1a: Great Tusk|Rapid Spin|p2a: Kingambit
|-damage|p2a: Kingambit|3/100 par
|-boost|p1a: Great Tusk|spe|1
|cant|p2a: Kingambit|par
|
|upkeep
|turn|14
|
|t:|1769414423
|cant|p2a: Kingambit|par
|move|p1a: Great Tusk|Rapid Spin|p2a: Kingambit
|-damage|p2a: Kingambit|0 fnt
|-boost|p1a: Great Tusk|spe|1
|faint|p2a: Kingambit
|-end|p2a: Kingambit|fallen3|[silent]
|
|upkeep
|
|t:|1769414430
|switch|p2a: Electivire|Electivire, F|100/100
|turn|15
|
|t:|1769414436
|move|p1a: Great Tusk|Headlong Rush|p2a: Electivire
|-supereffective|p2a: Electivire
|-enditem|p2a: Electivire|Focus Sash
|-damage|p2a: Electivire|1/100
|-unboost|p1a: Great Tusk|def|1
|-unboost|p1a: Great Tusk|spd|1
|move|p2a: Electivire|Ice Punch|p1a: Great Tusk
|-supereffective|p1a: Great Tusk
|-damage|p1a: Great Tusk|12/100
|-damage|p2a: Electivire|0 fnt|[from] item: Rocky Helmet|[of] p1a: Great Tusk
|faint|p2a: Electivire
|
|upkeep
|
|t:|1769414447
|switch|p2a: Iron Treads|Iron Treads|100/100
|-enditem|p2a: Iron Treads|Booster Energy
|-activate|p2a: Iron Treads|ability: Quark Drive|[fromitem]
|-start|p2a: Iron Treads|quarkdriveatk
|turn|16
|
|t:|1769414454
|move|p1a: Great Tusk|Headlong Rush|p2a: Iron Treads
|-supereffective|p2a: Iron Treads
|-damage|p2a: Iron Treads|1/100
|-unboost|p1a: Great Tusk|def|1
|-unboost|p1a: Great Tusk|spd|1
|move|p2a: Iron Treads|Ice Spinner|p1a: Great Tusk
|-supereffective|p1a: Great Tusk
|-damage|p1a: Great Tusk|0 fnt
|-damage|p2a: Iron Treads|0 fnt|[from] item: Rocky Helmet|[of] p1a: Great Tusk
|faint|p1a: Great Tusk
|-end|p1a: Great Tusk|Protosynthesis|[silent]
|faint|p2a: Iron Treads
|-end|p2a: Iron Treads|Quark Drive|[silent]
|
|win|Dedebaboo
|raw|Dedebaboo's rating: 1156 &rarr; <strong>1182</strong><br />(+26 for winning)
|raw|vishalv996's rating: 1170 &rarr; <strong>1144</strong><br />(-26 for losing)
|l|☆Dedebaboo
|player|p1|
|l|☆vishalv996
|player|p2|
