|j|☆immaterial-light
|j|☆sableye555
|t:|1769317771
|gametype|singles
|player|p1|immaterial-light|fantina|1390
|player|p2|sableye555|gentleman-gen4|1398
|gen|9
|tier|[Gen 9] OU
|rated|
|rule|HP Percentage Mod: HP is shown in percentages
|rule|Endless Battle Clause: Forcing endless battles is banned
|rule|Species Clause: Limit one of each Pokémon
|rule|OHKO Clause: OHKO moves are banned
|rule|Evasion Items Clause: Evasion items are banned
|rule|Evasion Moves Clause: Evasion moves are banned
|rule|Evasion Abilities Clause: Evasion abilities are banned
|rule|Sleep Moves Clause: Sleep-inducing moves are banned
|clearpoke
|poke|p1|Araquanid, F|
|poke|p1|Deoxys-Speed|
|poke|p1|Ogerpon-Wellspring, F|
|poke|p1|Gholdengo|
|poke|p1|Glimmora, M|
|poke|p1|Enamorus, F|
|poke|p2|Slowking-Galar, M|
|poke|p2|Lokix, M|
|poke|p2|Iron Moth|
|poke|p2|Ogerpon-Wellspring, F|
|poke|p2|Iron Valiant|
|poke|p2|Cinderace, F|
|teampreview
|inactive|Battle timer is ON: inactive players will automatically lose when time's up. (requested by sableye555)
|
|t:|1769317783
|teamsize|p1|6
|teamsize|p2|6
|start
|switch|p1a: Araquanid|Araquanid, F|100/100
|switch|p2a: Slowking|Slowking-Galar, M, shiny|100/100
|turn|1
|
|t:|1769317785
|move|p1a: Araquanid|Sticky Web|p2a: Slowking
|-sidestart|p2: sableye555|move: Sticky Web
|move|p2a: Slowking|Toxic|p1a: Araquanid
|-status|p1a: Araquanid|tox
|
|-damage|p1a: Araquanid|94/100 tox|[from] psn
|upkeep
|turn|2
|
|t:|1769317794
|switch|p1a: Deoxys|Deoxys-Speed|100/100
|-ability|p1a: Deoxys|Pressure
|-prepare|p2a: Slowking|Chilly Reception|[premajor]
|move|p2a: Slowking|Chilly Reception|p2a: Slowking
|-weather|Snowscape
|
|t:|1769317800
|switch|p2a: BigXthaBug|Lokix, M|100/100|[from] Chilly Reception
|-activate|p2a: BigXthaBug|move: Sticky Web
|-unboost|p2a: BigXthaBug|spe|1
|
|-weather|Snowscape|[upkeep]
|upkeep
|turn|3
|
|t:|1769317804
|switch|p1a: Araquanid|Araquanid, F|94/100 tox
|move|p2a: BigXthaBug|U-turn|p1a: Araquanid
|-crit|p1a: Araquanid
|-damage|p1a: Araquanid|14/100 tox
|
|t:|1769317819
|switch|p2a: Cinderace|Cinderace, F|100/100|[from] U-turn
|
|-weather|Snowscape|[upkeep]
|-damage|p1a: Araquanid|8/100 tox|[from] psn
|upkeep
|turn|4
|-enditem|p1a: Araquanid|Custap Berry|[eat]
|-activate|p1a: Araquanid|item: Custap Berry|[consumed]
|
|t:|1769317825
|switch|p2a: Slowking|Slowking-Galar, M, shiny|100/100
|-activate|p2a: Slowking|move: Sticky Web
|-unboost|p2a: Slowking|spe|1
|move|p1a: Araquanid|Surf|p2a: Slowking
|-damage|p2a: Slowking|58/100
|
|-weather|Snowscape|[upkeep]
|-heal|p2a: Slowking|64/100|[from] item: Leftovers
|-damage|p1a: Araquanid|0 fnt|[from] psn
|faint|p1a: Araquanid
|upkeep
|
|t:|1769317847
|switch|p1a: Deoxys|Deoxys-Speed|100/100
|-ability|p1a: Deoxys|Pressure
|turn|5
|
|t:|1769317856
|move|p1a: Deoxys|Taunt|p2a: Slowking
|-start|p2a: Slowking|move: Taunt
|move|p2a: Slowking|Flamethrower|p1a: Deoxys
|-damage|p1a: Deoxys|70/100
|
|-weather|Snowscape|[upkeep]
|-heal|p2a: Slowking|71/100|[from] item: Leftovers
|upkeep
|turn|6
|
|t:|1769317868
|switch|p2a: BigXthaBug|Lokix, M|100/100
|-activate|p2a: BigXthaBug|move: Sticky Web
|-unboost|p2a: BigXthaBug|spe|1
|move|p1a: Deoxys|Reflect|p1a: Deoxys
|-sidestart|p1: immaterial-light|Reflect
|
|-weather|none
|upkeep
|turn|7
|
|t:|1769317873
|move|p1a: Deoxys|Light Screen|p1a: Deoxys
|-sidestart|p1: immaterial-light|move: Light Screen
|move|p2a: BigXthaBug|U-turn|p1a: Deoxys
|-supereffective|p1a: Deoxys
|-damage|p1a: Deoxys|8/100
|
|t:|1769317885
|switch|p2a: Cinderace|Cinderace, F|100/100|[from] U-turn
|
|upkeep
|turn|8
|
|t:|1769317889
|move|p1a: Deoxys|Taunt|p2a: Cinderace
|-start|p2a: Cinderace|move: Taunt
|move|p2a: Cinderace|U-turn|p1a: Deoxys
|-start|p2a: Cinderace|typechange|Bug|[from] ability: Libero
|-supereffective|p1a: Deoxys
|-crit|p1a: Deoxys
|-damage|p1a: Deoxys|0 fnt
|faint|p1a: Deoxys
|
|t:|1769317892
|switch|p2a: BigXthaBug|Lokix, M|100/100|[from] U-turn
|-activate|p2a: BigXthaBug|move: Sticky Web
|-unboost|p2a: BigXthaBug|spe|1
|
|upkeep
|
|t:|1769317904
|switch|p1a: Enamorus|Enamorus, F|100/100
|turn|9
|
|t:|1769317913
|switch|p2a: Slowking|Slowking-Galar, M, shiny|100/100
|-activate|p2a: Slowking|move: Sticky Web
|-unboost|p2a: Slowking|spe|1
|-terastallize|p1a: Enamorus|Stellar
|move|p1a: Enamorus|Tera Blast|p2a: Slowking|[anim] Tera Blast Stellar
|-damage|p2a: Slowking|43/100
|-boost|p1a: Enamorus|atk|1
|-boost|p1a: Enamorus|spa|1
|
|-heal|p2a: Slowking|49/100|[from] item: Leftovers
|upkeep
|turn|10
|
|t:|1769317925
|move|p1a: Enamorus|Tera Blast|p2a: Slowking|[anim] Tera Blast Stellar
|-damage|p2a: Slowking|0 fnt
|-boost|p1a: Enamorus|atk|1
|-boost|p1a: Enamorus|spa|1
|faint|p2a: Slowking
|
|upkeep
|
|t:|1769317942
|switch|p2a: Cinderace|Cinderace, F|100/100
|turn|11
|
|t:|1769317945
|move|p2a: Cinderace|Court Change|p2a: Cinderace
|-start|p2a: Cinderace|typechange|Normal|[from] ability: Libero
|-swapsideconditions
|-activate|p2a: Cinderace|move: Court Change
|move|p1a: Enamorus|Tera Blast|p2a: Cinderace|[anim] Tera Blast Stellar
|-damage|p2a: Cinderace|19/100
|-boost|p1a: Enamorus|atk|1
|-boost|p1a: Enamorus|spa|1
|
|upkeep
|turn|12
|
|t:|1769317952
|move|p2a: Cinderace|Pyro Ball|p1a: Enamorus
|-damage|p1a: Enamorus|36/100
|move|p1a: Enamorus|Tera Blast|p2a: Cinderace|[anim] Tera Blast Stellar
|-damage|p2a: Cinderace|0 fnt
|-boost|p1a: Enamorus|atk|1
|-boost|p1a: Enamorus|spa|1
|faint|p2a: Cinderace
|
|upkeep
|
|t:|1769317961
|switch|p2a: Iron Moth|Iron Moth|100/100
|-enditem|p2a: Iron Moth|Booster Energy
|-activate|p2a: Iron Moth|ability: Quark Drive|[fromitem]
|-start|p2a: Iron Moth|quarkdrivespe
|turn|13
|
|t:|1769317972
|move|p2a: Iron Moth|Sludge Wave|p1a: Enamorus
|-supereffective|p1a: Enamorus
|-damage|p1a: Enamorus|0 fnt
|faint|p1a: Enamorus
|
|-sideend|p2: sableye555|Reflect
|upkeep
|
|t:|1769317992
|switch|p1a: Glimmora|Glimmora, M|100/100
|-activate|p1a: Glimmora|move: Sticky Web
|-unboost|p1a: Glimmora|spe|1
|turn|14
|
|t:|1769318009
|move|p2a: Iron Moth|Discharge|p1a: Glimmora
|-damage|p1a: Glimmora|64/100
|-status|p1a: Glimmora|par
|move|p1a: Glimmora|Mortal Spin|p2a: Iron Moth
|-resisted|p2a: Iron Moth
|-damage|p2a: Iron Moth|96/100
|-sideend|p1: immaterial-light|Sticky Web|[from] move: Mortal Spin|[of] p1a: Glimmora
|
|-sideend|p2: sableye555|move: Light Screen
|upkeep
|turn|15
|
|t:|1769318021
|move|p2a: Iron Moth|Fiery Dance|p1a: Glimmora
|-resisted|p1a: Glimmora
|-damage|p1a: Glimmora|38/100 par
|cant|p1a: Glimmora|par
|
|upkeep
|turn|16
|-message|immaterial-light forfeited.
|
|win|sableye555
|raw|immaterial-light's rating: 1390 &rarr; <strong>1370</strong><br />(-20 for losing)
|raw|sableye555's rating: 1398 &rarr; <strong>1418</strong><br />(+20 for winning)
|l|☆immaterial-light
|player|p1|
|l|☆sableye555
|player|p2|
