|j|☆Bakkalhau
|j|☆esta man oe
|t:|1769300867
|gametype|singles
|player|p1|Bakkalhau|roxie|1048
|player|p2|esta man oe|preschooler|1115
|gen|9
|tier|[Gen 9] OU
|rated|
|rule|HP Percentage Mod: HP is shown in percentages
|rule|Endless Battle Clause: Forcing endless battles is banned
|rule|Species Clause: Limit one of each Pokémon
|rule|OHKO Clause: OHKO moves are banned
|rule|Evasion Items Clause: Evasion items are banned
|rule|Evasion Moves Clause: Evasion moves are banned
|rule|Evasion Abilities Clause: Evasion abilities are banned
|rule|Sleep Moves Clause: Sleep-inducing moves are banned
|clearpoke
|poke|p1|Scrafty, M|
|poke|p1|Weavile, M|
|poke|p1|Gliscor, M|
|poke|p1|Corviknight, F|
|poke|p1|Clodsire, M|
|poke|p1|Tinkaton, F|
|poke|p2|Hatterene, F|
|poke|p2|Slowking-Galar, M|
|poke|p2|Araquanid, M|
|poke|p2|Kingambit, M|
|poke|p2|Deoxys-Defense|
|poke|p2|Hoopa-Unbound|
|teampreview
|inactive|Battle timer is ON: inactive players will automatically lose when time's up. (requested by esta man oe)
|
|t:|1769300871
|teamsize|p1|6
|teamsize|p2|6
|start
|switch|p1a: Cheshire|Weavile, M|100/100
|switch|p2a: Hatterene|Hatterene, F, shiny|100/100
|-ability|p1a: Cheshire|Pressure
|turn|1
|inactive|Bakkalhau has 120 seconds left.
|
|t:|1769300905
|switch|p1a: Meta knight|Corviknight, F|100/100
|move|p2a: Hatterene|Draining Kiss|p1a: Meta knight
|-resisted|p1a: Meta knight
|-damage|p1a: Meta knight|83/100
|-damage|p2a: Hatterene|84/100|[from] item: Rocky Helmet|[of] p1a: Meta knight
|
|upkeep
|turn|2
|
|t:|1769300913
|move|p1a: Meta knight|Brave Bird|p2a: Hatterene
|-damage|p2a: Hatterene|35/100
|-damage|p1a: Meta knight|68/100|[from] Recoil
|move|p2a: Hatterene|Trick Room|p2a: Hatterene
|-fieldstart|move: Trick Room|[of] p2a: Hatterene
|
|upkeep
|turn|3
|inactive|Bakkalhau has 120 seconds left.
|
|t:|1769300932
|switch|p1a: Oruam|Scrafty, M|100/100
|-ability|p1a: Oruam|Intimidate|boost
|-unboost|p2a: Hatterene|atk|1
|move|p2a: Hatterene|Mystical Fire|p1a: Oruam
|-damage|p1a: Oruam|80/100
|-unboost|p1a: Oruam|spa|1
|
|-heal|p1a: Oruam|86/100|[from] item: Leftovers
|upkeep
|turn|4
|
|t:|1769300941
|move|p2a: Hatterene|Draining Kiss|p1a: Oruam
|-supereffective|p1a: Oruam
|-damage|p1a: Oruam|9/100
|-heal|p2a: Hatterene|95/100|[from] drain|[of] p1a: Oruam
|move|p1a: Oruam|Bulk Up|p1a: Oruam
|-boost|p1a: Oruam|atk|1
|-boost|p1a: Oruam|def|1
|
|-heal|p1a: Oruam|15/100|[from] item: Leftovers
|upkeep
|turn|5
|
|t:|1769300952
|switch|p1a: Ximbinha|Clodsire, M|100/100
|move|p2a: Hatterene|Draining Kiss|p1a: Ximbinha
|-resisted|p1a: Ximbinha
|-damage|p1a: Ximbinha|93/100
|-heal|p2a: Hatterene|100/100|[from] drain|[of] p1a: Ximbinha
|
|-heal|p1a: Ximbinha|99/100|[from] item: Leftovers
|upkeep
|turn|6
|
|t:|1769300959
|switch|p2a: Slowking|Slowking-Galar, M|100/100
|move|p1a: Ximbinha|Earthquake|p2a: Slowking
|-supereffective|p2a: Slowking
|-damage|p2a: Slowking|59/100
|
|-heal|p1a: Ximbinha|100/100|[from] item: Leftovers
|-fieldend|move: Trick Room
|upkeep
|turn|7
|
|t:|1769300967
|move|p1a: Ximbinha|Earthquake|p2a: Slowking
|-supereffective|p2a: Slowking
|-damage|p2a: Slowking|19/100
|-enditem|p2a: Slowking|Sitrus Berry|[eat]
|-heal|p2a: Slowking|44/100|[from] item: Sitrus Berry
|-prepare|p2a: Slowking|Chilly Reception|[premajor]
|move|p2a: Slowking|Chilly Reception|p2a: Slowking
|-weather|Snowscape
|
|t:|1769300973
|switch|p2a: Araquanid|Araquanid, M|100/100|[from] Chilly Reception
|
|-weather|Snowscape|[upkeep]
|upkeep
|turn|8
|
|t:|1769300981
|move|p2a: Araquanid|Liquidation|p1a: Ximbinha
|-supereffective|p1a: Ximbinha
|-damage|p1a: Ximbinha|0 fnt
|faint|p1a: Ximbinha
|
|-weather|Snowscape|[upkeep]
|upkeep
|
|t:|1769300987
|switch|p1a: Cheshire|Weavile, M|100/100
|-ability|p1a: Cheshire|Pressure
|turn|9
|
|t:|1769301006
|-terastallize|p2a: Araquanid|Water
|move|p1a: Cheshire|Icicle Crash|p2a: Araquanid
|-resisted|p2a: Araquanid
|-damage|p2a: Araquanid|65/100
|move|p2a: Araquanid|Liquidation|p1a: Cheshire
|-damage|p1a: Cheshire|0 fnt
|faint|p1a: Cheshire
|
|-weather|Snowscape|[upkeep]
|upkeep
|
|t:|1769301020
|switch|p1a: Joker|Gliscor, M|100/100
|turn|10
|
|t:|1769301025
|move|p1a: Joker|Sandstorm|p1a: Joker
|-weather|Sandstorm
|move|p2a: Araquanid|Liquidation|p1a: Joker
|-supereffective|p1a: Joker
|-damage|p1a: Joker|0 fnt
|faint|p1a: Joker
|
|-weather|Sandstorm|[upkeep]
|-damage|p2a: Araquanid|59/100|[from] Sandstorm
|upkeep
|
|t:|1769301034
|switch|p1a: Kirby|Tinkaton, F|100/100
|-ability|p1a: Kirby|Mold Breaker
|turn|11
|
|t:|1769301038
|move|p1a: Kirby|Gigaton Hammer|p2a: Araquanid
|-resisted|p2a: Araquanid
|-damage|p2a: Araquanid|37/100
|move|p2a: Araquanid|Liquidation|p1a: Kirby
|-damage|p1a: Kirby|0 fnt
|faint|p1a: Kirby
|
|-weather|Sandstorm|[upkeep]
|-damage|p2a: Araquanid|30/100|[from] Sandstorm
|upkeep
|-message|Bakkalhau forfeited.
|
|win|esta man oe
|raw|Bakkalhau's rating: 1048 &rarr; <strong>1034</strong><br />(-14 for losing)
|raw|esta man oe's rating: 1115 &rarr; <strong>1135</strong><br />(+20 for winning)
|l|☆Bakkalhau
|player|p1|
