|j|☆Nachi TL
|j|☆s/o Sob3k
|t:|1769423716
|gametype|singles
|player|p1|Nachi TL|iono-masters|1177
|player|p2|s/o Sob3k|ghetsis|1231
|gen|9
|tier|[Gen 9] OU
|rated|
|rule|HP Percentage Mod: HP is shown in percentages
|rule|Endless Battle Clause: Forcing endless battles is banned
|rule|Species Clause: Limit one of each Pokémon
|rule|OHKO Clause: OHKO moves are banned
|rule|Evasion Items Clause: Evasion items are banned
|rule|Evasion Moves Clause: Evasion moves are banned
|rule|Evasion Abilities Clause: Evasion abilities are banned
|rule|Sleep Moves Clause: Sleep-inducing moves are banned
|clearpoke
|poke|p1|Blissey, F|
|poke|p1|Espeon, F|
|poke|p1|Garchomp, F|
|poke|p1|Corviknight, M|
|poke|p1|Great Tusk|
|poke|p1|Iron Hands|
|poke|p2|Deoxys-Speed|
|poke|p2|Gholdengo|
|poke|p2|Dragonite, M|
|poke|p2|Iron Treads|
|poke|p2|Iron Moth|
|poke|p2|Samurott-Hisui, F|
|teampreview
|
|t:|1769423719
|teamsize|p1|6
|teamsize|p2|6
|start
|switch|p1a: Espeon|Espeon, F|100/100
|switch|p2a: ubain solt|Deoxys-Speed|100/100
|-ability|p2a: ubain solt|Pressure
|turn|1
|inactive|Battle timer is ON: inactive players will automatically lose when time's up. (requested by s/o Sob3k)
|
|t:|1769423725
|move|p2a: ubain solt|Knock Off|p1a: Espeon
|-supereffective|p1a: Espeon
|-damage|p1a: Espeon|20/100
|-enditem|p1a: Espeon|Assault Vest|[from] move: Knock Off|[of] p2a: ubain solt
|-damage|p2a: ubain solt|91/100|[from] item: Life Orb
|move|p1a: Espeon|Shadow Ball|p2a: ubain solt
|-supereffective|p2a: ubain solt
|-damage|p2a: ubain solt|0 fnt
|faint|p2a: ubain solt
|
|upkeep
|
|t:|1769423733
|switch|p2a: Sacré Bête|Iron Moth|100/100
|-enditem|p2a: Sacré Bête|Booster Energy
|-activate|p2a: Sacré Bête|ability: Quark Drive|[fromitem]
|-start|p2a: Sacré Bête|quarkdrivespe
|turn|2
|
|t:|1769423737
|move|p2a: Sacré Bête|Fiery Dance|p1a: Espeon
|-damage|p1a: Espeon|0 fnt
|faint|p1a: Espeon
|
|upkeep
|
|t:|1769423752
|switch|p1a: Great Tusk|Great Tusk|100/100
|turn|3
|
|t:|1769423758
|move|p2a: Sacré Bête|Fiery Dance|p1a: Great Tusk
|-damage|p1a: Great Tusk|37/100
|-boost|p2a: Sacré Bête|spa|1
|move|p1a: Great Tusk|Headlong Rush|p2a: Sacré Bête
|-supereffective|p2a: Sacré Bête
|-damage|p2a: Sacré Bête|0 fnt
|-unboost|p1a: Great Tusk|def|1
|-unboost|p1a: Great Tusk|spd|1
|faint|p2a: Sacré Bête
|-end|p2a: Sacré Bête|Quark Drive|[silent]
|
|upkeep
|
|t:|1769423764
|switch|p2a: vipelière<<<|Samurott-Hisui, F|100/100
|turn|4
|
|t:|1769423773
|move|p1a: Great Tusk|Close Combat|p2a: vipelière<<<
|-supereffective|p2a: vipelière<<<
|-enditem|p2a: vipelière<<<|Focus Sash
|-damage|p2a: vipelière<<<|1/100
|-unboost|p1a: Great Tusk|def|1
|-unboost|p1a: Great Tusk|spd|1
|move|p2a: vipelière<<<|Razor Shell|p1a: Great Tusk
|-supereffective|p1a: Great Tusk
|-damage|p1a: Great Tusk|0 fnt
|faint|p1a: Great Tusk
|-end|p1a: Great Tusk|Protosynthesis|[silent]
|
|upkeep
|
|t:|1769423788
|switch|p1a: Corviknight|Corviknight, M|100/100
|-ability|p1a: Corviknight|Pressure
|turn|5
|
|t:|1769423802
|move|p2a: vipelière<<<|Ceaseless Edge|p1a: Corviknight
|-damage|p1a: Corviknight|67/100
|-sidestart|p1: Nachi TL|Spikes
|move|p1a: Corviknight|U-turn|p2a: vipelière<<<
|-supereffective|p2a: vipelière<<<
|-damage|p2a: vipelière<<<|0 fnt
|faint|p2a: vipelière<<<
|
|t:|1769423813
|switch|p1a: Garchomp|Garchomp, F|100/100|[from] U-turn
|-damage|p1a: Garchomp|88/100|[from] Spikes
|
|upkeep
|
|t:|1769423822
|switch|p2a: free hugs|Dragonite, M|100/100
|turn|6
|
|t:|1769423834
|-terastallize|p2a: free hugs|Normal
|move|p1a: Garchomp|Outrage|p2a: free hugs
|-damage|p2a: free hugs|61/100
|move|p2a: free hugs|Dragon Dance|p2a: free hugs
|-boost|p2a: free hugs|atk|1
|-boost|p2a: free hugs|spe|1
|
|upkeep
|turn|7
|
|t:|1769423842
|move|p1a: Garchomp|Outrage|p2a: free hugs|[from] lockedmove
|-damage|p2a: free hugs|0 fnt
|faint|p2a: free hugs
|-start|p1a: Garchomp|confusion|[fatigue]
|
|upkeep
|
|t:|1769423850
|switch|p2a: Le FISC|Gholdengo|100/100
|-item|p2a: Le FISC|Air Balloon
|turn|8
|
|t:|1769423861
|switch|p1a: Blissey|Blissey, F|100/100
|-damage|p1a: Blissey|88/100|[from] Spikes
|move|p2a: Le FISC|Nasty Plot|p2a: Le FISC
|-boost|p2a: Le FISC|spa|2
|
|upkeep
|turn|9
|
|t:|1769423867
|switch|p2a: vroum vroum|Iron Treads|100/100
|-enditem|p2a: vroum vroum|Booster Energy
|-activate|p2a: vroum vroum|ability: Quark Drive|[fromitem]
|-start|p2a: vroum vroum|quarkdrivespe
|move|p1a: Blissey|Fire Blast|p2a: vroum vroum
|-supereffective|p2a: vroum vroum
|-damage|p2a: vroum vroum|0 fnt
|faint|p2a: vroum vroum
|-end|p2a: vroum vroum|Quark Drive|[silent]
|
|upkeep
|-message|s/o Sob3k forfeited.
|
|win|Nachi TL
|raw|Nachi TL's rating: 1177 &rarr; <strong>1206</strong><br />(+29 for winning)
|raw|s&#x2f;o Sob3k's rating: 1231 &rarr; <strong>1202</strong><br />(-29 for losing)
|l|☆s/o Sob3k
|player|p2|
