|j|☆Jackl178
|j|☆gofiiito
|t:|1769389723
|gametype|singles
|player|p1|Jackl178|102|1187
|player|p2|gofiiito|cynthia|1193
|gen|9
|tier|[Gen 9] OU
|rated|
|rule|HP Percentage Mod: HP is shown in percentages
|rule|Endless Battle Clause: Forcing endless battles is banned
|rule|Species Clause: Limit one of each Pokémon
|rule|OHKO Clause: OHKO moves are banned
|rule|Evasion Items Clause: Evasion items are banned
|rule|Evasion Moves Clause: Evasion moves are banned
|rule|Evasion Abilities Clause: Evasion abilities are banned
|rule|Sleep Moves Clause: Sleep-inducing moves are banned
|clearpoke
|poke|p1|Rillaboom, M|
|poke|p1|Samurott-Hisui, F|
|poke|p1|Gholdengo|
|poke|p1|Ogerpon-Wellspring, F|
|poke|p1|Raging Bolt|
|poke|p1|Great Tusk|
|poke|p2|Blaziken, M|
|poke|p2|Garchomp, M|
|poke|p2|Iron Crown|
|poke|p2|Great Tusk|
|poke|p2|Raging Bolt|
|poke|p2|Iron Valiant|
|teampreview
|inactive|Battle timer is ON: inactive players will automatically lose when time's up. (requested by gofiiito)
|
|t:|1769389735
|teamsize|p1|6
|teamsize|p2|6
|start
|switch|p1a: Samurott|Samurott-Hisui, F|100/100
|switch|p2a: Blaziken|Blaziken, M, shiny|100/100
|turn|1
|
|t:|1769389741
|move|p2a: Blaziken|Protect|p2a: Blaziken
|-singleturn|p2a: Blaziken|Protect
|move|p1a: Samurott|Ceaseless Edge|p2a: Blaziken
|-activate|p2a: Blaziken|move: Protect
|
|-ability|p2a: Blaziken|Speed Boost|boost
|-boost|p2a: Blaziken|spe|1
|upkeep
|turn|2
|
|t:|1769389751
|move|p2a: Blaziken|Close Combat|p1a: Samurott
|-supereffective|p1a: Samurott
|-enditem|p1a: Samurott|Focus Sash
|-damage|p1a: Samurott|1/100
|-unboost|p2a: Blaziken|def|1
|-unboost|p2a: Blaziken|spd|1
|move|p1a: Samurott|Razor Shell|p2a: Blaziken
|-supereffective|p2a: Blaziken
|-enditem|p2a: Blaziken|Focus Sash
|-damage|p2a: Blaziken|1/100
|
|-ability|p2a: Blaziken|Speed Boost|boost
|-boost|p2a: Blaziken|spe|1
|upkeep
|turn|3
|
|t:|1769389766
|move|p1a: Samurott|Aqua Jet|p2a: Blaziken
|-supereffective|p2a: Blaziken
|-damage|p2a: Blaziken|0 fnt
|faint|p2a: Blaziken
|
|upkeep
|
|t:|1769389772
|switch|p2a: Raging Bolt|Raging Bolt|100/100
|turn|4
|inactive|Jackl178 has 120 seconds left.
|
|t:|1769389830
|switch|p1a: Raging Bolt|Raging Bolt|100/100
|-enditem|p1a: Raging Bolt|Booster Energy
|-activate|p1a: Raging Bolt|ability: Protosynthesis|[fromitem]
|-start|p1a: Raging Bolt|protosynthesisspa
|move|p2a: Raging Bolt|Volt Switch|p1a: Raging Bolt
|-resisted|p1a: Raging Bolt
|-damage|p1a: Raging Bolt|90/100
|
|t:|1769389837
|-end|p2a: Raging Bolt|Protosynthesis|[silent]
|switch|p2a: Great Tusk|Great Tusk|100/100|[from] Volt Switch
|
|upkeep
|turn|5
|
|t:|1769389847
|move|p2a: Great Tusk|Earthquake|p1a: Raging Bolt
|-supereffective|p1a: Raging Bolt
|-damage|p1a: Raging Bolt|0 fnt
|faint|p1a: Raging Bolt
|-end|p1a: Raging Bolt|Protosynthesis|[silent]
|
|upkeep
|inactive|Jackl178 has 90 seconds left.
|
|t:|1769389871
|switch|p1a: Rillaboom|Rillaboom, M|100/100
|-fieldstart|move: Grassy Terrain|[from] ability: Grassy Surge|[of] p1a: Rillaboom
|turn|6
|
|t:|1769389879
|move|p2a: Great Tusk|Knock Off|p1a: Rillaboom
|-damage|p1a: Rillaboom|63/100
|-enditem|p1a: Rillaboom|Choice Band|[from] move: Knock Off|[of] p2a: Great Tusk
|move|p1a: Rillaboom|Wood Hammer|p2a: Great Tusk
|-supereffective|p2a: Great Tusk
|-damage|p2a: Great Tusk|0 fnt
|faint|p2a: Great Tusk
|-end|p2a: Great Tusk|Protosynthesis|[silent]
|-damage|p1a: Rillaboom|27/100|[from] Recoil
|
|-heal|p1a: Rillaboom|33/100|[from] Grassy Terrain
|upkeep
|
|t:|1769389883
|switch|p2a: Garchomp|Garchomp, M|100/100
|turn|7
|
|t:|1769389893
|switch|p1a: Ogerpon|Ogerpon-Wellspring, F|100/100
|move|p2a: Garchomp|Stealth Rock|p1a: Ogerpon
|-sidestart|p1: Jackl178|move: Stealth Rock
|
|upkeep
|turn|8
|
|t:|1769389900
|switch|p2a: Iron Crown|Iron Crown|100/100
|move|p1a: Ogerpon|Power Whip|p2a: Iron Crown
|-resisted|p2a: Iron Crown
|-damage|p2a: Iron Crown|51/100
|
|-heal|p2a: Iron Crown|57/100|[from] Grassy Terrain
|upkeep
|turn|9
|
|t:|1769389909
|move|p1a: Ogerpon|Play Rough|p2a: Iron Crown
|-resisted|p2a: Iron Crown
|-damage|p2a: Iron Crown|38/100
|move|p2a: Iron Crown|Psychic Noise|p1a: Ogerpon
|-damage|p1a: Ogerpon|54/100
|-start|p1a: Ogerpon|move: Heal Block
|
|-heal|p2a: Iron Crown|44/100|[from] Grassy Terrain
|upkeep
|turn|10
|
|t:|1769389921
|move|p1a: Ogerpon|Power Whip|p2a: Iron Crown
|-resisted|p2a: Iron Crown
|-damage|p2a: Iron Crown|0 fnt
|faint|p2a: Iron Crown
|-end|p2a: Iron Crown|Quark Drive|[silent]
|
|-end|p1a: Ogerpon|move: Heal Block
|-fieldend|move: Grassy Terrain
|upkeep
|
|t:|1769389943
|switch|p2a: Iron Valiant|Iron Valiant|100/100
|turn|11
|inactive|Jackl178 has 120 seconds left.
|
|t:|1769389959
|move|p2a: Iron Valiant|Moonblast|p1a: Ogerpon
|-crit|p1a: Ogerpon
|-damage|p1a: Ogerpon|0 fnt
|faint|p1a: Ogerpon
|
|upkeep
|
|t:|1769389967
|switch|p1a: Rillaboom|Rillaboom, M|33/100
|-damage|p1a: Rillaboom|21/100|[from] Stealth Rock
|-fieldstart|move: Grassy Terrain|[from] ability: Grassy Surge|[of] p1a: Rillaboom
|turn|12
|
|t:|1769389972
|move|p1a: Rillaboom|Grassy Glide|p2a: Iron Valiant
|-damage|p2a: Iron Valiant|49/100
|move|p2a: Iron Valiant|Moonblast|p1a: Rillaboom
|-damage|p1a: Rillaboom|0 fnt
|faint|p1a: Rillaboom
|
|-heal|p2a: Iron Valiant|55/100|[from] Grassy Terrain
|upkeep
|
|t:|1769389982
|switch|p1a: Great Tusk|Great Tusk|100/100
|turn|13
|
|t:|1769389984
|move|p2a: Iron Valiant|Moonblast|p1a: Great Tusk
|-supereffective|p1a: Great Tusk
|-damage|p1a: Great Tusk|0 fnt
|faint|p1a: Great Tusk
|-end|p1a: Great Tusk|Protosynthesis|[silent]
|
|-heal|p2a: Iron Valiant|61/100|[from] Grassy Terrain
|upkeep
|
|t:|1769389990
|switch|p1a: Gholdengo|Gholdengo|100/100
|-damage|p1a: Gholdengo|94/100|[from] Stealth Rock
|turn|14
|
|t:|1769389999
|-end|p2a: Iron Valiant|Quark Drive|[silent]
|switch|p2a: Garchomp|Garchomp, M|100/100
|-terastallize|p1a: Gholdengo|Steel
|move|p1a: Gholdengo|Make It Rain|p2a: Garchomp
|-damage|p2a: Garchomp|24/100
|-unboost|p1a: Gholdengo|spa|1
|
|-heal|p2a: Garchomp|30/100|[from] Grassy Terrain
|-heal|p1a: Gholdengo|100/100|[from] Grassy Terrain
|upkeep
|turn|15
|
|t:|1769390012
|move|p2a: Garchomp|Earthquake|p1a: Gholdengo
|-supereffective|p1a: Gholdengo
|-damage|p1a: Gholdengo|67/100
|move|p1a: Gholdengo|Nasty Plot|p1a: Gholdengo
|-boost|p1a: Gholdengo|spa|2
|
|-heal|p2a: Garchomp|36/100|[from] Grassy Terrain
|-heal|p1a: Gholdengo|73/100|[from] Grassy Terrain
|-heal|p1a: Gholdengo|79/100|[from] item: Leftovers
|upkeep
|turn|16
|
|t:|1769390021
|move|p2a: Garchomp|Earthquake|p1a: Gholdengo
|-supereffective|p1a: Gholdengo
|-damage|p1a: Gholdengo|45/100
|move|p1a: Gholdengo|Shadow Ball|p2a: Garchomp
|-damage|p2a: Garchomp|0 fnt
|faint|p2a: Garchomp
|
|-heal|p1a: Gholdengo|51/100|[from] Grassy Terrain
|-heal|p1a: Gholdengo|57/100|[from] item: Leftovers
|-fieldend|move: Grassy Terrain
|upkeep
|
|t:|1769390031
|switch|p2a: Iron Valiant|Iron Valiant|61/100
|turn|17
|inactive|gofiiito has 120 seconds left.
|inactive|gofiiito has 90 seconds left.
|
|t:|1769390102
|move|p2a: Iron Valiant|Aura Sphere|p1a: Gholdengo
|-supereffective|p1a: Gholdengo
|-damage|p1a: Gholdengo|0 fnt
|faint|p1a: Gholdengo
|
|upkeep
|
|t:|1769390108
|switch|p1a: Samurott|Samurott-Hisui, F|1/100
|-damage|p1a: Samurott|0 fnt|[from] Stealth Rock
|faint|p1a: Samurott
|
|win|gofiiito
|raw|Jackl178's rating: 1187 &rarr; <strong>1162</strong><br />(-25 for losing)
|raw|gofiiito's rating: 1193 &rarr; <strong>1218</strong><br />(+25 for winning)
