|j|☆firered27
|j|☆Aimsss
|t:|1769414209
|gametype|singles
|player|p1|firered27|169|1253
|player|p2|Aimsss|266|1290
|gen|9
|tier|[Gen 9] OU
|rated|
|rule|HP Percentage Mod: HP is shown in percentages
|rule|Endless Battle Clause: Forcing endless battles is banned
|rule|Species Clause: Limit one of each Pokémon
|rule|OHKO Clause: OHKO moves are banned
|rule|Evasion Items Clause: Evasion items are banned
|rule|Evasion Moves Clause: Evasion moves are banned
|rule|Evasion Abilities Clause: Evasion abilities are banned
|rule|Sleep Moves Clause: Sleep-inducing moves are banned
|clearpoke
|poke|p1|Krookodile, M|
|poke|p1|Hatterene, F|
|poke|p1|Porygon2|
|poke|p1|Rotom-Wash|
|poke|p1|Conkeldurr, M|
|poke|p1|Scizor, M|
|poke|p2|Dragapult, M|
|poke|p2|Kingambit, F|
|poke|p2|Hawlucha, M|
|poke|p2|Glimmora, F|
|poke|p2|Chesnaught, M|
|poke|p2|Gallade, M|
|teampreview
|inactive|Battle timer is ON: inactive players will automatically lose when time's up. (requested by firered27)
|
|t:|1769414218
|teamsize|p1|6
|teamsize|p2|6
|start
|switch|p1a: Krookodile|Krookodile, M|100/100
|switch|p2a: Glimmora|Glimmora, F|100/100
|-ability|p1a: Krookodile|Intimidate|boost
|-unboost|p2a: Glimmora|atk|1
|-item|p2a: Glimmora|Air Balloon
|turn|1
|
|t:|1769414229
|move|p1a: Krookodile|Stealth Rock|p2a: Glimmora
|-sidestart|p2: Aimsss|move: Stealth Rock
|move|p2a: Glimmora|Sludge Bomb|p1a: Krookodile
|-resisted|p1a: Krookodile
|-damage|p1a: Krookodile|73/100
|
|upkeep
|turn|2
|
|t:|1769414236
|move|p2a: Glimmora|Mortal Spin|p1a: Krookodile
|-resisted|p1a: Krookodile
|-damage|p1a: Krookodile|72/100
|-status|p1a: Krookodile|psn
|-sideend|p2: Aimsss|Stealth Rock|[from] move: Mortal Spin|[of] p2a: Glimmora
|move|p1a: Krookodile|Dragon Tail|p2a: Glimmora
|-damage|p2a: Glimmora|86/100
|-activate|p2a: Glimmora|ability: Toxic Debris
|-sidestart|p1: firered27|move: Toxic Spikes
|-enditem|p2a: Glimmora|Air Balloon
|drag|p2a: Gallade|Gallade, M, shiny|100/100
|
|-damage|p1a: Krookodile|59/100 psn|[from] psn
|upkeep
|turn|3
|
|t:|1769414257
|switch|p1a: Hatterene|Hatterene, F|100/100
|-status|p1a: Hatterene|psn
|move|p2a: Gallade|Sacred Sword|p1a: Hatterene
|-resisted|p1a: Hatterene
|-damage|p1a: Hatterene|81/100 psn
|
|-damage|p1a: Hatterene|68/100 psn|[from] psn
|upkeep
|turn|4
|
|t:|1769414269
|switch|p2a: Glimmora|Glimmora, F|86/100
|move|p1a: Hatterene|Trick Room|p1a: Hatterene
|-fieldstart|move: Trick Room|[of] p1a: Hatterene
|
|-damage|p1a: Hatterene|56/100 psn|[from] psn
|upkeep
|turn|5
|
|t:|1769414293
|switch|p2a: Kingambit|Kingambit, F|100/100
|move|p1a: Hatterene|Psychic Noise|p2a: Kingambit
|-immune|p2a: Kingambit
|
|-damage|p1a: Hatterene|44/100 psn|[from] psn
|upkeep
|turn|6
|
|t:|1769414307
|-terastallize|p1a: Hatterene|Fire
|move|p1a: Hatterene|Mystical Fire|p2a: Kingambit
|-supereffective|p2a: Kingambit
|-damage|p2a: Kingambit|18/100
|-unboost|p2a: Kingambit|spa|1
|-ability|p2a: Kingambit|Defiant|boost
|-boost|p2a: Kingambit|atk|2
|move|p2a: Kingambit|Swords Dance|p2a: Kingambit
|-boost|p2a: Kingambit|atk|2
|
|-damage|p1a: Hatterene|32/100 psn|[from] psn
|upkeep
|turn|7
|
|t:|1769414320
|move|p2a: Kingambit|Sucker Punch|p1a: Hatterene
|-damage|p1a: Hatterene|0 fnt
|faint|p1a: Hatterene
|
|upkeep
|
|t:|1769414325
|switch|p1a: Conkeldurr|Conkeldurr, M|100/100
|-status|p1a: Conkeldurr|psn
|turn|8
|
|t:|1769414335
|move|p1a: Conkeldurr|Mach Punch|p2a: Kingambit
|-supereffective|p2a: Kingambit
|-damage|p2a: Kingambit|0 fnt
|faint|p2a: Kingambit
|
|-damage|p1a: Conkeldurr|88/100 psn|[from] psn
|-fieldend|move: Trick Room
|upkeep
|
|t:|1769414345
|switch|p2a: Gallade|Gallade, M, shiny|100/100
|turn|9
|
|t:|1769414355
|switch|p1a: Krookodile|Krookodile, M|59/100 psn
|-ability|p1a: Krookodile|Intimidate|boost
|-unboost|p2a: Gallade|atk|1
|move|p2a: Gallade|Agility|p2a: Gallade
|-boost|p2a: Gallade|spe|2
|
|-damage|p1a: Krookodile|47/100 psn|[from] psn
|upkeep
|turn|10
|
|t:|1769414371
|move|p2a: Gallade|Sacred Sword|p1a: Krookodile
|-supereffective|p1a: Krookodile
|-damage|p1a: Krookodile|0 fnt
|faint|p1a: Krookodile
|
|upkeep
|
|t:|1769414382
|switch|p1a: Rotom|Rotom-Wash|100/100
|turn|11
|
|t:|1769414387
|switch|p2a: Glimmora|Glimmora, F|86/100
|move|p1a: Rotom|Will-O-Wisp|p2a: Glimmora
|-status|p2a: Glimmora|brn
|
|-damage|p2a: Glimmora|79/100 brn|[from] brn
|upkeep
|turn|12
|
|t:|1769414396
|switch|p1a: Porygon2|Porygon2, shiny|100/100
|-status|p1a: Porygon2|psn
|-ability|p1a: Porygon2|Download|boost
|-boost|p1a: Porygon2|atk|1
|move|p2a: Glimmora|Sludge Bomb|p1a: Porygon2
|-damage|p1a: Porygon2|52/100 psn
|
|-heal|p1a: Porygon2|58/100 psn|[from] item: Leftovers
|-damage|p1a: Porygon2|45/100 psn|[from] psn
|-damage|p2a: Glimmora|73/100 brn|[from] brn
|upkeep
|turn|13
|
|t:|1769414408
|move|p2a: Glimmora|Sludge Bomb|p1a: Porygon2
|-damage|p1a: Porygon2|0 fnt
|faint|p1a: Porygon2
|
|-damage|p2a: Glimmora|67/100 brn|[from] brn
|upkeep
|
|t:|1769414413
|switch|p1a: Rotom|Rotom-Wash|100/100
|turn|14
|
|t:|1769414420
|move|p1a: Rotom|Hydro Pump|p2a: Glimmora
|-supereffective|p2a: Glimmora
|-damage|p2a: Glimmora|0 fnt
|faint|p2a: Glimmora
|
|upkeep
|
|t:|1769414431
|switch|p2a: Dragapult|Dragapult, M|100/100
|turn|15
|
|t:|1769414443
|switch|p1a: Scizor|Scizor, M, shiny|100/100
|move|p2a: Dragapult|Shadow Ball|p1a: Scizor
|-damage|p1a: Scizor|62/100
|
|-heal|p1a: Scizor|68/100|[from] item: Leftovers
|upkeep
|turn|16
|
|t:|1769414452
|move|p2a: Dragapult|Will-O-Wisp|p1a: Scizor
|-status|p1a: Scizor|brn
|move|p1a: Scizor|Swords Dance|p1a: Scizor
|-boost|p1a: Scizor|atk|2
|
|-heal|p1a: Scizor|74/100 brn|[from] item: Leftovers
|-damage|p1a: Scizor|68/100 brn|[from] brn
|upkeep
|turn|17
|
|t:|1769414461
|move|p2a: Dragapult|Hex|p1a: Scizor
|-damage|p1a: Scizor|3/100 brn
|move|p1a: Scizor|Swords Dance|p1a: Scizor
|-boost|p1a: Scizor|atk|2
|
|-heal|p1a: Scizor|10/100 brn|[from] item: Leftovers
|-damage|p1a: Scizor|3/100 brn|[from] brn
|upkeep
|turn|18
|
|t:|1769414471
|move|p1a: Scizor|Bullet Punch|p2a: Dragapult
|-damage|p2a: Dragapult|17/100
|move|p2a: Dragapult|Hex|p1a: Scizor
|-damage|p1a: Scizor|0 fnt
|faint|p1a: Scizor
|
|upkeep
|
|t:|1769414477
|switch|p1a: Rotom|Rotom-Wash|100/100
|turn|19
|
|t:|1769414487
|move|p1a: Rotom|Volt Switch|p2a: Dragapult
|-resisted|p2a: Dragapult
|-damage|p2a: Dragapult|0 fnt
|faint|p2a: Dragapult
|
|t:|1769414493
|switch|p1a: Conkeldurr|Conkeldurr, M|88/100 psn|[from] Volt Switch
|
|-damage|p1a: Conkeldurr|76/100 psn|[from] psn
|upkeep
|
|t:|1769414500
|switch|p2a: Gallade|Gallade, M, shiny|100/100
|turn|20
|
|t:|1769414505
|move|p2a: Gallade|Psycho Cut|p1a: Conkeldurr
|-supereffective|p1a: Conkeldurr
|-crit|p1a: Conkeldurr
|-damage|p1a: Conkeldurr|0 fnt
|faint|p1a: Conkeldurr
|
|upkeep
|
|t:|1769414508
|switch|p1a: Rotom|Rotom-Wash|100/100
|turn|21
|
|t:|1769414520
|move|p1a: Rotom|Trick|p2a: Gallade
|-activate|p1a: Rotom|move: Trick|[of] p2a: Gallade
|-item|p2a: Gallade|Choice Scarf|[from] move: Trick
|-item|p1a: Rotom|Sitrus Berry|[from] move: Trick
|move|p2a: Gallade|Sacred Sword|p1a: Rotom
|-crit|p1a: Rotom
|-damage|p1a: Rotom|0 fnt
|faint|p1a: Rotom
|
|win|Aimsss
|raw|firered27's rating: 1253 &rarr; <strong>1231</strong><br />(-22 for losing)
|raw|Aimsss's rating: 1290 &rarr; <strong>1312</strong><br />(+22 for winning)
|l|☆firered27
|player|p1|
|l|☆Aimsss
|player|p2|
