|j|☆CambridgeFoulPlay
|j|☆rex2121
|t:|1769325627
|gametype|singles
|player|p1|CambridgeFoulPlay|266|1603
|player|p2|rex2121|benga|1562
|gen|9
|tier|[Gen 9] OU
|rated|
|rule|HP Percentage Mod: HP is shown in percentages
|rule|Endless Battle Clause: Forcing endless battles is banned
|rule|Species Clause: Limit one of each Pokémon
|rule|OHKO Clause: OHKO moves are banned
|rule|Evasion Items Clause: Evasion items are banned
|rule|Evasion Moves Clause: Evasion moves are banned
|rule|Evasion Abilities Clause: Evasion abilities are banned
|rule|Sleep Moves Clause: Sleep-inducing moves are banned
|clearpoke
|poke|p1|Hydrapple, M|
|poke|p1|Tyranitar, F|
|poke|p1|Moltres|
|poke|p1|Zamazenta-*|
|poke|p1|Slowking-Galar, F|
|poke|p1|Excadrill, F|
|poke|p2|Tinkaton, F|
|poke|p2|Ogerpon, F|
|poke|p2|Great Tusk|
|poke|p2|Pecharunt|
|poke|p2|Alomomola, M|
|poke|p2|Hydreigon, M|
|teampreview
|c|☆CambridgeFoulPlay|hf
|inactive|Battle timer is ON: inactive players will automatically lose when time's up. (requested by CambridgeFoulPlay)
|
|t:|1769325650
|teamsize|p1|6
|teamsize|p2|6
|start
|switch|p1a: Tyranitar|Tyranitar, F|100/100
|switch|p2a: Smile.exe|Tinkaton, F, shiny|100/100
|-item|p2a: Smile.exe|Air Balloon
|-weather|Sandstorm|[from] ability: Sand Stream|[of] p1a: Tyranitar
|turn|1
|
|t:|1769325658
|switch|p1a: Zamazenta|Zamazenta|100/100
|-ability|p1a: Zamazenta|Dauntless Shield|boost
|-boost|p1a: Zamazenta|def|1
|move|p2a: Smile.exe|Stealth Rock|p1a: Zamazenta
|-sidestart|p1: CambridgeFoulPlay|move: Stealth Rock
|
|-weather|Sandstorm|[upkeep]
|-damage|p1a: Zamazenta|94/100|[from] Sandstorm
|-heal|p1a: Zamazenta|100/100|[from] item: Leftovers
|upkeep
|turn|2
|
|t:|1769325667
|move|p1a: Zamazenta|Body Press|p2a: Smile.exe
|-damage|p2a: Smile.exe|23/100
|-enditem|p2a: Smile.exe|Air Balloon
|-enditem|p1a: Zamazenta|Leftovers|[silent]|[from] ability: Pickpocket|[of] p1a: Zamazenta
|-item|p2a: Smile.exe|Leftovers|[from] ability: Pickpocket|[of] p1a: Zamazenta
|move|p2a: Smile.exe|Encore|p1a: Zamazenta
|-start|p1a: Zamazenta|Encore
|
|-weather|Sandstorm|[upkeep]
|-damage|p1a: Zamazenta|94/100|[from] Sandstorm
|-heal|p2a: Smile.exe|29/100|[from] item: Leftovers
|upkeep
|turn|3
|
|t:|1769325679
|switch|p2a: Overseer|Pecharunt|100/100
|move|p1a: Zamazenta|Body Press|p2a: Overseer
|-immune|p2a: Overseer
|
|-weather|Sandstorm|[upkeep]
|-damage|p1a: Zamazenta|88/100|[from] Sandstorm
|-damage|p2a: Overseer|94/100|[from] Sandstorm
|upkeep
|turn|4
|
|t:|1769325688
|switch|p1a: Excadrill|Excadrill, F|100/100
|-damage|p1a: Excadrill|97/100|[from] Stealth Rock
|-item|p1a: Excadrill|Air Balloon
|move|p2a: Overseer|Parting Shot|p1a: Excadrill
|-unboost|p1a: Excadrill|atk|1
|-unboost|p1a: Excadrill|spa|1
|
|t:|1769325699
|switch|p2a: Anonymous|Ogerpon, F|100/100|[from] Parting Shot
|
|-weather|Sandstorm|[upkeep]
|-damage|p2a: Anonymous|95/100|[from] Sandstorm
|upkeep
|turn|5
|
|t:|1769325705
|switch|p1a: Hydrapple|Hydrapple, M|100/100
|move|p2a: Anonymous|Knock Off|p1a: Hydrapple
|-damage|p1a: Hydrapple|74/100
|-enditem|p1a: Hydrapple|Heavy-Duty Boots|[from] move: Knock Off|[of] p2a: Anonymous
|
|-weather|Sandstorm|[upkeep]
|-damage|p2a: Anonymous|89/100|[from] Sandstorm
|-damage|p1a: Hydrapple|68/100|[from] Sandstorm
|upkeep
|turn|6
|
|t:|1769325715
|switch|p2a: Pisces|Alomomola, M, shiny|100/100
|move|p1a: Hydrapple|Fickle Beam|p2a: Pisces
|-damage|p2a: Pisces|85/100
|
|-weather|Sandstorm|[upkeep]
|-damage|p1a: Hydrapple|61/100|[from] Sandstorm
|-damage|p2a: Pisces|79/100|[from] Sandstorm
|upkeep
|turn|7
|
|t:|1769325724
|move|p1a: Hydrapple|Giga Drain|p2a: Pisces
|-supereffective|p2a: Pisces
|-damage|p2a: Pisces|47/100
|-heal|p1a: Hydrapple|82/100|[from] drain|[of] p2a: Pisces
|move|p2a: Pisces|Mirror Coat|p1a: Hydrapple
|-damage|p1a: Hydrapple|0 fnt
|faint|p1a: Hydrapple
|
|-weather|Sandstorm|[upkeep]
|-damage|p2a: Pisces|41/100|[from] Sandstorm
|upkeep
|
|t:|1769325728
|switch|p1a: Excadrill|Excadrill, F|97/100
|-damage|p1a: Excadrill|94/100|[from] Stealth Rock
|-item|p1a: Excadrill|Air Balloon
|turn|8
|
|t:|1769325744
|move|p2a: Pisces|Aqua Jet|p1a: Excadrill
|-supereffective|p1a: Excadrill
|-damage|p1a: Excadrill|64/100
|-enditem|p1a: Excadrill|Air Balloon
|move|p1a: Excadrill|Rapid Spin|p2a: Pisces
|-damage|p2a: Pisces|28/100
|-boost|p1a: Excadrill|spe|1
|-sideend|p1: CambridgeFoulPlay|Stealth Rock|[from] move: Rapid Spin|[of] p1a: Excadrill
|
|-weather|none
|upkeep
|turn|9
|
|t:|1769325760
|switch|p2a: Behemoth|Great Tusk, shiny|100/100
|move|p1a: Excadrill|Swords Dance|p1a: Excadrill
|-boost|p1a: Excadrill|atk|2
|
|upkeep
|turn|10
|
|t:|1769325765
|move|p1a: Excadrill|Iron Head|p2a: Behemoth
|-damage|p2a: Behemoth|36/100
|cant|p2a: Behemoth|flinch
|
|upkeep
|turn|11
|
|t:|1769325771
|move|p1a: Excadrill|Iron Head|p2a: Behemoth
|-damage|p2a: Behemoth|0 fnt
|faint|p2a: Behemoth
|-end|p2a: Behemoth|Protosynthesis|[silent]
|
|upkeep
|
|t:|1769325776
|switch|p2a: Anonymous|Ogerpon, F|89/100
|turn|12
|
|t:|1769325779
|-terastallize|p2a: Anonymous|Grass
|detailschange|p2a: Anonymous|Ogerpon-Teal-Tera, F, tera:Grass
|-ability|p2a: Anonymous|Embody Aspect (Teal)|boost
|-boost|p2a: Anonymous|spe|1
|move|p2a: Anonymous|Ivy Cudgel|p1a: Excadrill
|-damage|p1a: Excadrill|0 fnt
|faint|p1a: Excadrill
|
|upkeep
|
|t:|1769325781
|switch|p1a: Slowking|Slowking-Galar, F|100/100
|turn|13
|
|t:|1769325795
|switch|p2a: Smile.exe|Tinkaton, F, shiny|29/100
|move|p1a: Slowking|Sludge Bomb|p2a: Smile.exe
|-immune|p2a: Smile.exe
|
|-heal|p2a: Smile.exe|36/100|[from] item: Leftovers
|upkeep
|turn|14
|
|t:|1769325799
|switch|p1a: Zamazenta|Zamazenta|88/100
|move|p2a: Smile.exe|Stealth Rock|p1a: Zamazenta
|-sidestart|p1: CambridgeFoulPlay|move: Stealth Rock
|
|-heal|p2a: Smile.exe|42/100|[from] item: Leftovers
|upkeep
|turn|15
|
|t:|1769325805
|switch|p1a: Tyranitar|Tyranitar, F|100/100
|-damage|p1a: Tyranitar|88/100|[from] Stealth Rock
|-weather|Sandstorm|[from] ability: Sand Stream|[of] p1a: Tyranitar
|switch|p2a: Overseer|Pecharunt|94/100
|
|-weather|Sandstorm|[upkeep]
|-damage|p2a: Overseer|88/100|[from] Sandstorm
|upkeep
|turn|16
|
|t:|1769325812
|switch|p2a: Smile.exe|Tinkaton, F, shiny|42/100
|move|p1a: Tyranitar|Stealth Rock|p2a: Smile.exe
|-sidestart|p2: rex2121|move: Stealth Rock
|
|-weather|Sandstorm|[upkeep]
|-heal|p2a: Smile.exe|48/100|[from] item: Leftovers
|upkeep
|turn|17
|
|t:|1769325832
|switch|p1a: Moltres|Moltres|100/100
|move|p2a: Smile.exe|Gigaton Hammer|p1a: Moltres
|-resisted|p1a: Moltres
|-damage|p1a: Moltres|82/100
|
|-weather|Sandstorm|[upkeep]
|-damage|p1a: Moltres|76/100|[from] Sandstorm
|-heal|p2a: Smile.exe|54/100|[from] item: Leftovers
|upkeep
|turn|18
|
|t:|1769325841
|switch|p2a: Overseer|Pecharunt|88/100
|-damage|p2a: Overseer|76/100|[from] Stealth Rock
|move|p1a: Moltres|Flamethrower|p2a: Overseer
|-damage|p2a: Overseer|41/100
|
|-weather|Sandstorm|[upkeep]
|-damage|p1a: Moltres|70/100|[from] Sandstorm
|-damage|p2a: Overseer|35/100|[from] Sandstorm
|upkeep
|turn|19
|
|t:|1769325846
|switch|p2a: Hybrid|Hydreigon, M, shiny|100/100
|-damage|p2a: Hybrid|88/100|[from] Stealth Rock
|move|p1a: Moltres|Flamethrower|p2a: Hybrid
|-resisted|p2a: Hybrid
|-damage|p2a: Hybrid|68/100
|
|-weather|Sandstorm|[upkeep]
|-damage|p2a: Hybrid|62/100|[from] Sandstorm
|-damage|p1a: Moltres|64/100|[from] Sandstorm
|upkeep
|turn|20
|
|t:|1769325858
|-terastallize|p1a: Moltres|Fairy
|move|p2a: Hybrid|Draco Meteor|p1a: Moltres
|-immune|p1a: Moltres
|move|p1a: Moltres|Roost|p1a: Moltres
|-heal|p1a: Moltres|100/100
|
|-weather|Sandstorm|[upkeep]
|-damage|p2a: Hybrid|56/100|[from] Sandstorm
|-damage|p1a: Moltres|94/100|[from] Sandstorm
|upkeep
|turn|21
|
|t:|1769325865
|switch|p2a: Pisces|Alomomola, M, shiny|61/100
|-damage|p2a: Pisces|49/100|[from] Stealth Rock
|move|p1a: Moltres|Flamethrower|p2a: Pisces
|-resisted|p2a: Pisces
|-damage|p2a: Pisces|40/100
|-status|p2a: Pisces|brn
|
|-weather|Sandstorm|[upkeep]
|-damage|p1a: Moltres|88/100|[from] Sandstorm
|-damage|p2a: Pisces|34/100 brn|[from] Sandstorm
|-damage|p2a: Pisces|27/100 brn|[from] brn
|upkeep
|turn|22
|
|t:|1769325874
|move|p2a: Pisces|Flip Turn|p1a: Moltres
|-damage|p1a: Moltres|82/100
|
|t:|1769325884
|switch|p2a: Overseer|Pecharunt|35/100|[from] Flip Turn
|-damage|p2a: Overseer|23/100|[from] Stealth Rock
|move|p1a: Moltres|Roar|p2a: Overseer
|drag|p2a: Pisces|Alomomola, M, shiny|61/100 brn
|-damage|p2a: Pisces|48/100 brn|[from] Stealth Rock
|
|-weather|none
|-damage|p2a: Pisces|42/100 brn|[from] brn
|upkeep
|turn|23
|
|t:|1769325894
|switch|p1a: Zamazenta|Zamazenta|88/100
|-damage|p1a: Zamazenta|82/100|[from] Stealth Rock
|move|p2a: Pisces|Flip Turn|p1a: Zamazenta
|-damage|p1a: Zamazenta|76/100
|
|t:|1769325908
|switch|p2a: Anonymous|Ogerpon-Teal-Tera, F, tera:Grass|89/100|[from] Flip Turn
|-damage|p2a: Anonymous|76/100|[from] Stealth Rock
|-ability|p2a: Anonymous|Embody Aspect (Teal)|boost
|-boost|p2a: Anonymous|spe|1
|
|upkeep
|turn|24
|
|t:|1769325914
|switch|p1a: Slowking|Slowking-Galar, F|100/100
|-damage|p1a: Slowking|88/100|[from] Stealth Rock
|move|p2a: Anonymous|U-turn|p1a: Slowking
|-damage|p1a: Slowking|59/100
|
|t:|1769325931
|switch|p2a: Hybrid|Hydreigon, M, shiny|56/100|[from] U-turn
|-damage|p2a: Hybrid|44/100|[from] Stealth Rock
|
|upkeep
|turn|25
|
|t:|1769325938
|switch|p1a: Zamazenta|Zamazenta|76/100
|-damage|p1a: Zamazenta|70/100|[from] Stealth Rock
|move|p2a: Hybrid|Earth Power|p1a: Zamazenta
|-damage|p1a: Zamazenta|28/100
|
|upkeep
|turn|26
|
|t:|1769325951
|switch|p2a: Overseer|Pecharunt|23/100
|-damage|p2a: Overseer|10/100|[from] Stealth Rock
|move|p1a: Zamazenta|Body Press|p2a: Overseer
|-immune|p2a: Overseer
|
|upkeep
|turn|27
|
|t:|1769325960
|move|p1a: Zamazenta|Crunch|p2a: Overseer
|-supereffective|p2a: Overseer
|-damage|p2a: Overseer|0 fnt
|-damage|p1a: Zamazenta|11/100|[from] item: Rocky Helmet|[of] p2a: Overseer
|faint|p2a: Overseer
|
|upkeep
|
|t:|1769325965
|switch|p2a: Anonymous|Ogerpon-Teal-Tera, F, tera:Grass|76/100
|-damage|p2a: Anonymous|64/100|[from] Stealth Rock
|-ability|p2a: Anonymous|Embody Aspect (Teal)|boost
|-boost|p2a: Anonymous|spe|1
|turn|28
|
|t:|1769325970
|move|p2a: Anonymous|Ivy Cudgel|p1a: Zamazenta
|-damage|p1a: Zamazenta|0 fnt
|faint|p1a: Zamazenta
|
|upkeep
|
|t:|1769325971
|switch|p1a: Slowking|Slowking-Galar, F|92/100
|-damage|p1a: Slowking|80/100|[from] Stealth Rock
|turn|29
|
|t:|1769325979
|switch|p2a: Smile.exe|Tinkaton, F, shiny|54/100
|-damage|p2a: Smile.exe|48/100|[from] Stealth Rock
|move|p1a: Slowking|Flamethrower|p2a: Smile.exe
|-supereffective|p2a: Smile.exe
|-damage|p2a: Smile.exe|0 fnt
|faint|p2a: Smile.exe
|
|upkeep
|
|t:|1769325985
|switch|p2a: Hybrid|Hydreigon, M, shiny|44/100
|-damage|p2a: Hybrid|31/100|[from] Stealth Rock
|turn|30
|
|t:|1769325991
|move|p2a: Hybrid|Draco Meteor|p1a: Slowking
|-damage|p1a: Slowking|28/100
|-unboost|p2a: Hybrid|spa|2
|move|p1a: Slowking|Sludge Bomb|p2a: Hybrid
|-damage|p2a: Hybrid|0 fnt
|faint|p2a: Hybrid
|
|upkeep
|
|t:|1769325998
|switch|p2a: Anonymous|Ogerpon-Teal-Tera, F, tera:Grass|64/100
|-damage|p2a: Anonymous|52/100|[from] Stealth Rock
|-ability|p2a: Anonymous|Embody Aspect (Teal)|boost
|-boost|p2a: Anonymous|spe|1
|turn|31
|
|t:|1769326003
|move|p2a: Anonymous|Ivy Cudgel|p1a: Slowking
|-resisted|p1a: Slowking
|-crit|p1a: Slowking
|-damage|p1a: Slowking|0 fnt
|faint|p1a: Slowking
|
|upkeep
|
|t:|1769326004
|switch|p1a: Moltres|Moltres, tera:Fairy|82/100
|turn|32
|
|t:|1769326009
|switch|p2a: Pisces|Alomomola, M, shiny|75/100 brn
|-damage|p2a: Pisces|63/100 brn|[from] Stealth Rock
|move|p1a: Moltres|Flamethrower|p2a: Pisces
|-resisted|p2a: Pisces
|-crit|p2a: Pisces
|-damage|p2a: Pisces|49/100 brn
|
|-damage|p2a: Pisces|43/100 brn|[from] brn
|upkeep
|turn|33
|
|t:|1769326015
|move|p1a: Moltres|Flamethrower|p2a: Pisces
|-resisted|p2a: Pisces
|-damage|p2a: Pisces|34/100 brn
|move|p2a: Pisces|Flip Turn|p1a: Moltres
|-damage|p1a: Moltres|76/100
|
|t:|1769326022
|switch|p2a: Anonymous|Ogerpon-Teal-Tera, F, tera:Grass|52/100|[from] Flip Turn
|-damage|p2a: Anonymous|39/100|[from] Stealth Rock
|-ability|p2a: Anonymous|Embody Aspect (Teal)|boost
|-boost|p2a: Anonymous|spe|1
|
|upkeep
|turn|34
|
|t:|1769326026
|move|p2a: Anonymous|Ivy Cudgel|p1a: Moltres
|-damage|p1a: Moltres|13/100
|move|p1a: Moltres|U-turn|p2a: Anonymous
|-supereffective|p2a: Anonymous
|-damage|p2a: Anonymous|0 fnt
|faint|p2a: Anonymous
|detailschange|p2: Anonymous|Ogerpon, F|[silent]
|
|t:|1769326027
|switch|p1a: Tyranitar|Tyranitar, F|88/100|[from] U-turn
|-damage|p1a: Tyranitar|76/100|[from] Stealth Rock
|-weather|Sandstorm|[from] ability: Sand Stream|[of] p1a: Tyranitar
|
|-weather|Sandstorm|[upkeep]
|upkeep
|-message|rex2121 forfeited.
|
|win|CambridgeFoulPlay
|raw|CambridgeFoulPlay's rating: 1603 &rarr; <strong>1621</strong><br />(+18 for winning)
|raw|rex2121's rating: 1562 &rarr; <strong>1544</strong><br />(-18 for losing)
|c|☆CambridgeFoulPlay|gg
|l|☆rex2121
|player|p2|
|l|☆CambridgeFoulPlay
|player|p1|
