|j|☆dragaloek2
|j|☆AdamSplash23
|t:|1769334766
|gametype|singles
|player|p1|dragaloek2|169|1132
|player|p2|AdamSplash23|crasherwake|1194
|gen|9
|tier|[Gen 9] OU
|rated|
|rule|HP Percentage Mod: HP is shown in percentages
|rule|Endless Battle Clause: Forcing endless battles is banned
|rule|Species Clause: Limit one of each Pokémon
|rule|OHKO Clause: OHKO moves are banned
|rule|Evasion Items Clause: Evasion items are banned
|rule|Evasion Moves Clause: Evasion moves are banned
|rule|Evasion Abilities Clause: Evasion abilities are banned
|rule|Sleep Moves Clause: Sleep-inducing moves are banned
|clearpoke
|poke|p1|Great Tusk|
|poke|p1|Enamorus, F|
|poke|p1|Slowking-Galar, M|
|poke|p1|Ogerpon, F|
|poke|p1|Primarina, M|
|poke|p1|Kingambit, M|
|poke|p2|Floatzel, M|
|poke|p2|Pelipper, M|
|poke|p2|Dusclops, F|
|poke|p2|Espeon, M|
|poke|p2|Staraptor, F|
|poke|p2|Vileplume, F|
|teampreview
|inactive|Battle timer is ON: inactive players will automatically lose when time's up. (requested by AdamSplash23)
|inactive|AdamSplash23 has 120 seconds left.
|inactive|AdamSplash23 has 90 seconds left.
|
|t:|1769334833
|teamsize|p1|6
|teamsize|p2|6
|start
|switch|p1a: Slowking|Slowking-Galar, M, shiny|100/100
|switch|p2a: Dusclops|Dusclops, F|100/100
|-item|p1a: Slowking|Assault Vest|[from] ability: Frisk|[of] p2a: Dusclops
|turn|1
|
|t:|1769334849
|switch|p2a: Espeon|Espeon, M, shiny|100/100
|switch|p1a: Primarina|Primarina, M|100/100
|
|upkeep
|turn|2
|
|t:|1769334857
|move|p2a: Espeon|Calm Mind|p2a: Espeon
|-boost|p2a: Espeon|spa|1
|-boost|p2a: Espeon|spd|1
|move|p1a: Primarina|Whirlpool|p2a: Espeon
|-damage|p2a: Espeon|82/100
|-activate|p2a: Espeon|move: Whirlpool|[of] p1a: Primarina
|
|-damage|p2a: Espeon|70/100|[from] move: Whirlpool|[partiallytrapped]
|upkeep
|turn|3
|
|t:|1769334869
|move|p2a: Espeon|Calm Mind|p2a: Espeon
|-boost|p2a: Espeon|spa|1
|-boost|p2a: Espeon|spd|1
|move|p1a: Primarina|Psychic Noise|p2a: Espeon
|-damage|p2a: Espeon|44/100
|-start|p2a: Espeon|move: Heal Block
|
|-damage|p2a: Espeon|31/100|[from] move: Whirlpool|[partiallytrapped]
|upkeep
|turn|4
|
|t:|1769334881
|move|p2a: Espeon|Psychic|p1a: Primarina
|-damage|p1a: Primarina|0 fnt
|faint|p1a: Primarina
|
|-end|p2a: Espeon|Whirlpool|[partiallytrapped]|[silent]
|-end|p2a: Espeon|move: Heal Block
|upkeep
|
|t:|1769334886
|switch|p1a: Ogerpon|Ogerpon, F|100/100
|turn|5
|
|t:|1769334891
|-terastallize|p1a: Ogerpon|Grass
|detailschange|p1a: Ogerpon|Ogerpon-Teal-Tera, F, tera:Grass
|-ability|p1a: Ogerpon|Embody Aspect (Teal)|boost
|-boost|p1a: Ogerpon|spe|1
|move|p1a: Ogerpon|U-turn|p2a: Espeon
|-supereffective|p2a: Espeon
|-damage|p2a: Espeon|0 fnt
|faint|p2a: Espeon
|
|t:|1769334909
|switch|p1a: Enamorus|Enamorus, F, shiny|100/100|[from] U-turn
|
|upkeep
|
|t:|1769334923
|switch|p2a: Dusclops|Dusclops, F|100/100
|-item|p1a: Enamorus|Choice Scarf|[from] ability: Frisk|[of] p2a: Dusclops
|turn|6
|
|t:|1769334937
|move|p1a: Enamorus|Moonblast|p2a: Dusclops
|-damage|p2a: Dusclops|75/100
|move|p2a: Dusclops|Curse|p1a: Enamorus
|-start|p1a: Enamorus|Curse|[of] p2a: Dusclops
|-damage|p2a: Dusclops|25/100
|
|-damage|p1a: Enamorus|76/100|[from] Curse
|upkeep
|turn|7
|
|t:|1769334967
|switch|p1a: Slowking|Slowking-Galar, M, shiny|100/100
|move|p2a: Dusclops|Confuse Ray|p1a: Slowking
|-start|p1a: Slowking|confusion
|
|upkeep
|turn|8
|inactive|dragaloek2 has 120 seconds left.
|
|t:|1769335009
|move|p2a: Dusclops|Curse|p1a: Slowking
|-start|p1a: Slowking|Curse|[of] p2a: Dusclops
|-damage|p2a: Dusclops|0 fnt
|faint|p2a: Dusclops
|-activate|p1a: Slowking|confusion
|-damage|p1a: Slowking|97/100|[from] confusion
|
|-damage|p1a: Slowking|72/100|[from] Curse
|upkeep
|
|t:|1769335022
|switch|p2a: Pelipper|Pelipper, M|100/100
|-weather|RainDance|[from] ability: Drizzle|[of] p2a: Pelipper
|turn|9
|inactive|dragaloek2 has 120 seconds left.
|
|t:|1769335042
|switch|p1a: Kingambit|Kingambit, M|100/100
|-activate|p1a: Kingambit|ability: Supreme Overlord
|-start|p1a: Kingambit|fallen1|[silent]
|move|p2a: Pelipper|Substitute|p2a: Pelipper
|-start|p2a: Pelipper|Substitute
|-damage|p2a: Pelipper|76/100
|
|-weather|RainDance|[upkeep]
|upkeep
|turn|10
|
|t:|1769335061
|move|p2a: Pelipper|Weather Ball|p1a: Kingambit
|-damage|p1a: Kingambit|34/100
|move|p1a: Kingambit|Kowtow Cleave|p2a: Pelipper
|-end|p2a: Pelipper|Substitute
|
|-weather|RainDance|[upkeep]
|upkeep
|turn|11
|inactive|dragaloek2 has 120 seconds left.
|
|t:|1769335068
|move|p1a: Kingambit|Sucker Punch|p2a: Pelipper
|-damage|p2a: Pelipper|27/100
|move|p2a: Pelipper|Weather Ball|p1a: Kingambit
|-damage|p1a: Kingambit|0 fnt
|faint|p1a: Kingambit
|-end|p1a: Kingambit|fallen1|[silent]
|
|-weather|RainDance|[upkeep]
|upkeep
|
|t:|1769335073
|switch|p1a: Ogerpon|Ogerpon-Teal-Tera, F, tera:Grass|100/100
|-ability|p1a: Ogerpon|Embody Aspect (Teal)|boost
|-boost|p1a: Ogerpon|spe|1
|turn|12
|
|t:|1769335086
|move|p1a: Ogerpon|Ivy Cudgel|p2a: Pelipper
|-damage|p2a: Pelipper|0 fnt
|faint|p2a: Pelipper
|
|-weather|RainDance|[upkeep]
|upkeep
|
|t:|1769335092
|switch|p2a: Vileplume|Vileplume, F|100/100
|turn|13
|
|t:|1769335095
|switch|p1a: Slowking|Slowking-Galar, M, shiny|100/100
|move|p2a: Vileplume|Sludge Bomb|p1a: Slowking
|-resisted|p1a: Slowking
|-damage|p1a: Slowking|92/100
|
|-weather|RainDance|[upkeep]
|upkeep
|turn|14
|
|t:|1769335100
|move|p2a: Vileplume|Leech Seed|p1a: Slowking
|-start|p1a: Slowking|move: Leech Seed
|move|p1a: Slowking|Psychic Noise|p2a: Vileplume
|-supereffective|p2a: Vileplume
|-damage|p2a: Vileplume|61/100
|-start|p2a: Vileplume|move: Heal Block
|
|-weather|RainDance|[upkeep]
|-damage|p1a: Slowking|80/100|[from] Leech Seed|[of] p2a: Vileplume
|upkeep
|turn|15
|
|t:|1769335129
|move|p2a: Vileplume|Protect|p2a: Vileplume
|-singleturn|p2a: Vileplume|Protect
|move|p1a: Slowking|Ice Beam|p2a: Vileplume
|-activate|p2a: Vileplume|move: Protect
|
|-weather|RainDance|[upkeep]
|-damage|p1a: Slowking|67/100|[from] Leech Seed|[of] p2a: Vileplume
|-end|p2a: Vileplume|move: Heal Block
|upkeep
|turn|16
|
|t:|1769335143
|move|p2a: Vileplume|Strength Sap|p1a: Slowking
|-unboost|p1a: Slowking|atk|1
|-heal|p2a: Vileplume|99/100
|move|p1a: Slowking|Psychic Noise|p2a: Vileplume
|-supereffective|p2a: Vileplume
|-damage|p2a: Vileplume|60/100
|-start|p2a: Vileplume|move: Heal Block
|
|-weather|none
|-damage|p1a: Slowking|55/100|[from] Leech Seed|[of] p2a: Vileplume
|upkeep
|turn|17
|inactive|AdamSplash23 has 120 seconds left.
|
|t:|1769335171
|switch|p1a: Enamorus|Enamorus, F, shiny|76/100
|move|p2a: Vileplume|Protect||[still]
|-fail|p2a: Vileplume
|
|-end|p2a: Vileplume|move: Heal Block
|upkeep
|turn|18
|
|t:|1769335178
|-terastallize|p2a: Vileplume|Steel
|move|p1a: Enamorus|Mystical Fire|p2a: Vileplume
|-supereffective|p2a: Vileplume
|-damage|p2a: Vileplume|14/100
|-unboost|p2a: Vileplume|spa|1
|move|p2a: Vileplume|Leech Seed|p1a: Enamorus
|-start|p1a: Enamorus|move: Leech Seed
|
|-heal|p2a: Vileplume|21/100|[from] item: Leftovers
|-damage|p1a: Enamorus|63/100|[from] Leech Seed|[of] p2a: Vileplume
|-heal|p2a: Vileplume|31/100|[silent]
|upkeep
|turn|19
|inactive|AdamSplash23 has 120 seconds left.
|
|t:|1769335199
|move|p2a: Vileplume|Protect|p2a: Vileplume
|-singleturn|p2a: Vileplume|Protect
|move|p1a: Enamorus|Mystical Fire|p2a: Vileplume
|-activate|p2a: Vileplume|move: Protect
|
|-heal|p2a: Vileplume|37/100|[from] item: Leftovers
|-damage|p1a: Enamorus|51/100|[from] Leech Seed|[of] p2a: Vileplume
|-heal|p2a: Vileplume|47/100|[silent]
|upkeep
|turn|20
|inactive|AdamSplash23 has 90 seconds left.
|
|t:|1769335230
|move|p1a: Enamorus|Mystical Fire|p2a: Vileplume
|-supereffective|p2a: Vileplume
|-damage|p2a: Vileplume|1/100
|-unboost|p2a: Vileplume|spa|1
|move|p2a: Vileplume|Strength Sap|p1a: Enamorus
|-boost|p1a: Enamorus|atk|1
|-heal|p2a: Vileplume|69/100
|
|-heal|p2a: Vileplume|75/100|[from] item: Leftovers
|-damage|p1a: Enamorus|38/100|[from] Leech Seed|[of] p2a: Vileplume
|-heal|p2a: Vileplume|85/100|[silent]
|upkeep
|turn|21
|inactive|AdamSplash23 has 90 seconds left.
|
|t:|1769335243
|switch|p1a: Slowking|Slowking-Galar, M, shiny|88/100
|move|p2a: Vileplume|Strength Sap|p1a: Slowking
|-unboost|p1a: Slowking|atk|1
|-heal|p2a: Vileplume|100/100
|
|upkeep
|turn|22
|
|t:|1769335248
|move|p2a: Vileplume|Leech Seed|p1a: Slowking
|-start|p1a: Slowking|move: Leech Seed
|move|p1a: Slowking|Psychic Noise|p2a: Vileplume
|-resisted|p2a: Vileplume
|-damage|p2a: Vileplume|90/100
|-start|p2a: Vileplume|move: Heal Block
|
|-damage|p1a: Slowking|76/100|[from] Leech Seed|[of] p2a: Vileplume
|upkeep
|turn|23
|inactive|AdamSplash23 has 90 seconds left.
|
|t:|1769335265
|switch|p1a: Great Tusk|Great Tusk, shiny|100/100
|move|p2a: Vileplume|Sludge Bomb|p1a: Great Tusk
|-resisted|p1a: Great Tusk
|-damage|p1a: Great Tusk|88/100
|-status|p1a: Great Tusk|psn
|
|-damage|p1a: Great Tusk|75/100 psn|[from] psn
|-end|p2a: Vileplume|move: Heal Block
|upkeep
|turn|24
|
|t:|1769335274
|switch|p2a: Staraptor|Staraptor, F|100/100
|move|p1a: Great Tusk|Headlong Rush|p2a: Staraptor
|-immune|p2a: Staraptor
|
|-damage|p1a: Great Tusk|63/100 psn|[from] psn
|upkeep
|turn|25
|
|t:|1769335281
|-end|p1a: Great Tusk|Protosynthesis|[silent]
|switch|p1a: Slowking|Slowking-Galar, M, shiny|100/100
|move|p2a: Staraptor|Brave Bird|p1a: Slowking
|-crit|p1a: Slowking
|-damage|p1a: Slowking|10/100
|-damage|p2a: Staraptor|63/100|[from] Recoil
|
|upkeep
|turn|26
|
|t:|1769335296
|switch|p1a: Great Tusk|Great Tusk, shiny|63/100 psn
|move|p2a: Staraptor|Brave Bird|p1a: Great Tusk
|-supereffective|p1a: Great Tusk
|-damage|p1a: Great Tusk|0 fnt
|-damage|p2a: Staraptor|46/100|[from] item: Rocky Helmet|[of] p1a: Great Tusk
|faint|p1a: Great Tusk
|-end|p1a: Great Tusk|Protosynthesis|[silent]
|-damage|p2a: Staraptor|22/100|[from] Recoil
|
|upkeep
|inactive|dragaloek2 has 120 seconds left.
|
|t:|1769335320
|switch|p1a: Ogerpon|Ogerpon-Teal-Tera, F, tera:Grass|100/100
|-ability|p1a: Ogerpon|Embody Aspect (Teal)|boost
|-boost|p1a: Ogerpon|spe|1
|turn|27
|inactive|AdamSplash23 has 120 seconds left.
|
|t:|1769335326
|move|p1a: Ogerpon|Knock Off|p2a: Staraptor
|-damage|p2a: Staraptor|0 fnt
|-enditem|p2a: Staraptor|Choice Scarf|[from] move: Knock Off|[of] p1a: Ogerpon
|faint|p2a: Staraptor
|
|upkeep
|
|t:|1769335329
|switch|p2a: Vileplume|Vileplume, F, tera:Steel|90/100
|turn|28
|
|t:|1769335335
|switch|p1a: Slowking|Slowking-Galar, M, shiny|44/100
|move|p2a: Vileplume|Sludge Bomb|p1a: Slowking
|-resisted|p1a: Slowking
|-damage|p1a: Slowking|34/100
|
|-heal|p2a: Vileplume|96/100|[from] item: Leftovers
|upkeep
|turn|29
|
|t:|1769335358
|move|p2a: Vileplume|Leech Seed|p1a: Slowking
|-start|p1a: Slowking|move: Leech Seed
|move|p1a: Slowking|Psychic Noise|p2a: Vileplume
|-resisted|p2a: Vileplume
|-crit|p2a: Vileplume
|-damage|p2a: Vileplume|80/100
|-start|p2a: Vileplume|move: Heal Block
|
|-damage|p1a: Slowking|21/100|[from] Leech Seed|[of] p2a: Vileplume
|upkeep
|turn|30
|inactive|AdamSplash23 has 120 seconds left.
|
|t:|1769335391
|switch|p1a: Ogerpon|Ogerpon-Teal-Tera, F, tera:Grass|100/100
|-ability|p1a: Ogerpon|Embody Aspect (Teal)|boost
|-boost|p1a: Ogerpon|spe|1
|move|p2a: Vileplume|Sludge Bomb|p1a: Ogerpon
|-supereffective|p1a: Ogerpon
|-damage|p1a: Ogerpon|15/100
|-status|p1a: Ogerpon|psn
|
|-damage|p1a: Ogerpon|2/100 psn|[from] psn
|-end|p2a: Vileplume|move: Heal Block
|upkeep
|turn|31
|
|t:|1769335408
|switch|p1a: Slowking|Slowking-Galar, M, shiny|54/100
|move|p2a: Vileplume|Protect||[still]
|-fail|p2a: Vileplume
|
|-heal|p2a: Vileplume|86/100|[from] item: Leftovers
|upkeep
|turn|32
|
|t:|1769335423
|move|p2a: Vileplume|Leech Seed|p1a: Slowking
|-start|p1a: Slowking|move: Leech Seed
|move|p1a: Slowking|Flamethrower|p2a: Vileplume
|-supereffective|p2a: Vileplume
|-damage|p2a: Vileplume|51/100
|
|-heal|p2a: Vileplume|57/100|[from] item: Leftovers
|-damage|p1a: Slowking|42/100|[from] Leech Seed|[of] p2a: Vileplume
|-heal|p2a: Vileplume|71/100|[silent]
|upkeep
|turn|33
|
|t:|1769335433
|move|p2a: Vileplume|Sludge Bomb|p1a: Slowking
|-resisted|p1a: Slowking
|-damage|p1a: Slowking|32/100
|move|p1a: Slowking|Flamethrower|p2a: Vileplume
|-supereffective|p2a: Vileplume
|-damage|p2a: Vileplume|38/100
|
|-heal|p2a: Vileplume|44/100|[from] item: Leftovers
|-damage|p1a: Slowking|20/100|[from] Leech Seed|[of] p2a: Vileplume
|-heal|p2a: Vileplume|58/100|[silent]
|upkeep
|turn|34
|
|t:|1769335442
|switch|p1a: Enamorus|Enamorus, F, shiny|38/100
|move|p2a: Vileplume|Strength Sap|p1a: Enamorus
|-boost|p1a: Enamorus|atk|1
|-heal|p2a: Vileplume|100/100
|
|upkeep
|turn|35
|
|t:|1769335457
|move|p1a: Enamorus|Healing Wish|p1a: Enamorus
|faint|p1a: Enamorus
|move|p2a: Vileplume|Sludge Bomb|p1: Enamorus|[notarget]
|-fail|p2a: Vileplume
|
|upkeep
|
|t:|1769335461
|switch|p1a: Ogerpon|Ogerpon-Teal-Tera, F, tera:Grass|2/100 psn
|-heal|p1a: Ogerpon|100/100|[from] move: Healing Wish
|-ability|p1a: Ogerpon|Embody Aspect (Teal)|boost
|-boost|p1a: Ogerpon|spe|1
|turn|36
|inactive|AdamSplash23 has 120 seconds left.
|
|t:|1769335477
|move|p1a: Ogerpon|U-turn|p2a: Vileplume
|-resisted|p2a: Vileplume
|-damage|p2a: Vileplume|82/100
|
|t:|1769335480
|switch|p1a: Slowking|Slowking-Galar, M, shiny|53/100|[from] U-turn
|move|p2a: Vileplume|Sludge Bomb|p1a: Slowking
|-resisted|p1a: Slowking
|-damage|p1a: Slowking|45/100
|
|-heal|p2a: Vileplume|88/100|[from] item: Leftovers
|upkeep
|turn|37
|inactive|AdamSplash23 has 120 seconds left.
|inactive|AdamSplash23 has 90 seconds left.
|
|t:|1769335520
|move|p2a: Vileplume|Leech Seed|p1a: Slowking
|-start|p1a: Slowking|move: Leech Seed
|move|p1a: Slowking|Psychic Noise|p2a: Vileplume
|-resisted|p2a: Vileplume
|-damage|p2a: Vileplume|77/100
|-start|p2a: Vileplume|move: Heal Block
|
|-damage|p1a: Slowking|32/100|[from] Leech Seed|[of] p2a: Vileplume
|upkeep
|turn|38
|inactive|AdamSplash23 has 90 seconds left.
|
|t:|1769335529
|switch|p2a: Floatzel|Floatzel, M|100/100
|switch|p1a: Ogerpon|Ogerpon-Teal-Tera, F, tera:Grass|100/100
|-ability|p1a: Ogerpon|Embody Aspect (Teal)|boost
|-boost|p1a: Ogerpon|spe|1
|
|upkeep
|turn|39
|inactive|AdamSplash23 has 90 seconds left.
|
|t:|1769335544
|switch|p2a: Vileplume|Vileplume, F, tera:Steel|77/100
|move|p1a: Ogerpon|Ivy Cudgel|p2a: Vileplume
|-resisted|p2a: Vileplume
|-damage|p2a: Vileplume|25/100
|
|-heal|p2a: Vileplume|32/100|[from] item: Leftovers
|upkeep
|turn|40
|inactive|AdamSplash23 has 90 seconds left.
|
|t:|1769335552
|move|p2a: Vileplume|Protect|p2a: Vileplume
|-singleturn|p2a: Vileplume|Protect
|move|p1a: Ogerpon|Ivy Cudgel|p2a: Vileplume
|-activate|p2a: Vileplume|move: Protect
|
|-heal|p2a: Vileplume|38/100|[from] item: Leftovers
|upkeep
|turn|41
|
|t:|1769335559
|move|p1a: Ogerpon|Ivy Cudgel|p2a: Vileplume
|-resisted|p2a: Vileplume
|-damage|p2a: Vileplume|0 fnt
|faint|p2a: Vileplume
|
|upkeep
|
|t:|1769335561
|switch|p2a: Floatzel|Floatzel, M|100/100
|turn|42
|
|t:|1769335565
|move|p1a: Ogerpon|Ivy Cudgel|p2a: Floatzel
|-supereffective|p2a: Floatzel
|-damage|p2a: Floatzel|0 fnt
|faint|p2a: Floatzel
|
|win|dragaloek2
|raw|dragaloek2's rating: 1132 &rarr; <strong>1159</strong><br />(+27 for winning)
|raw|AdamSplash23's rating: 1165 &rarr; <strong>1138</strong><br />(-27 for losing)
|l|☆AdamSplash23
|player|p2|
|l|☆dragaloek2
|player|p1|
