|j|☆Xialdin
|j|☆sableye555
|t:|1769327145
|gametype|singles
|player|p1|Xialdin|101|1189
|player|p2|sableye555|gentleman-gen4|1221
|gen|9
|tier|[Gen 9] OU
|rated|
|rule|HP Percentage Mod: HP is shown in percentages
|rule|Endless Battle Clause: Forcing endless battles is banned
|rule|Species Clause: Limit one of each Pokémon
|rule|OHKO Clause: OHKO moves are banned
|rule|Evasion Items Clause: Evasion items are banned
|rule|Evasion Moves Clause: Evasion moves are banned
|rule|Evasion Abilities Clause: Evasion abilities are banned
|rule|Sleep Moves Clause: Sleep-inducing moves are banned
|clearpoke
|poke|p1|Hatterene, F|
|poke|p1|Iron Treads|
|poke|p1|Ceruledge, F|
|poke|p1|Hydreigon, F|
|poke|p1|Gyarados, F|
|poke|p1|Zamazenta-*|
|poke|p2|Ninetales-Alola, F|
|poke|p2|Cetitan, M|
|poke|p2|Kyurem|
|poke|p2|Slowking-Galar, M|
|poke|p2|Hatterene, F|
|poke|p2|Cinderace, F|
|teampreview
|inactive|Battle timer is ON: inactive players will automatically lose when time's up. (requested by sableye555)
|
|t:|1769327154
|teamsize|p1|6
|teamsize|p2|6
|start
|switch|p1a: Chance|Gyarados, F, shiny|100/100
|switch|p2a: Ninetales|Ninetales-Alola, F, shiny|100/100
|-weather|Snowscape|[from] ability: Snow Warning|[of] p2a: Ninetales
|-ability|p1a: Chance|Intimidate|boost
|-unboost|p2a: Ninetales|atk|1
|turn|1
|
|t:|1769327184
|-terastallize|p1a: Chance|Steel
|move|p2a: Ninetales|Aurora Veil|p2a: Ninetales
|-sidestart|p2: sableye555|move: Aurora Veil
|move|p1a: Chance|Dragon Dance|p1a: Chance
|-boost|p1a: Chance|atk|1
|-boost|p1a: Chance|spe|1
|
|-weather|Snowscape|[upkeep]
|upkeep
|turn|2
|
|t:|1769327190
|move|p1a: Chance|Iron Head|p2a: Ninetales
|-supereffective|p2a: Ninetales
|-damage|p2a: Ninetales|0 fnt
|faint|p2a: Ninetales
|
|-weather|Snowscape|[upkeep]
|upkeep
|
|t:|1769327197
|switch|p2a: Cinderace|Cinderace, F|100/100
|turn|3
|
|t:|1769327202
|move|p1a: Chance|Earthquake|p2a: Cinderace
|-supereffective|p2a: Cinderace
|-damage|p2a: Cinderace|17/100
|move|p2a: Cinderace|Pyro Ball|p1a: Chance
|-supereffective|p1a: Chance
|-damage|p1a: Chance|0 fnt
|faint|p1a: Chance
|
|-weather|Snowscape|[upkeep]
|upkeep
|
|t:|1769327218
|switch|p1a: Cerbypuss|Hydreigon, F, shiny|100/100
|turn|4
|
|t:|1769327224
|move|p1a: Cerbypuss|Dark Pulse|p2a: Cinderace
|-damage|p2a: Cinderace|0 fnt
|faint|p2a: Cinderace
|
|-weather|Snowscape|[upkeep]
|upkeep
|
|t:|1769327229
|switch|p2a: Cetitan|Cetitan, M|100/100
|turn|5
|
|t:|1769327241
|switch|p1a: Ceruledge|Ceruledge, F, shiny|100/100
|move|p2a: Cetitan|Belly Drum|p2a: Cetitan
|-damage|p2a: Cetitan|50/100
|-setboost|p2a: Cetitan|atk|6|[from] move: Belly Drum
|-enditem|p2a: Cetitan|Sitrus Berry|[eat]
|-heal|p2a: Cetitan|75/100|[from] item: Sitrus Berry
|
|-weather|none
|upkeep
|turn|6
|
|t:|1769327254
|move|p1a: Ceruledge|Bitter Blade|p2a: Cetitan
|-supereffective|p2a: Cetitan
|-damage|p2a: Cetitan|14/100
|-damage|p1a: Ceruledge|91/100|[from] item: Life Orb
|move|p2a: Cetitan|Icicle Spear|p1a: Ceruledge
|-resisted|p1a: Ceruledge
|-crit|p1a: Ceruledge
|-damage|p1a: Ceruledge|36/100
|-ability|p1a: Ceruledge|Weak Armor|boost
|-unboost|p1a: Ceruledge|def|1
|-boost|p1a: Ceruledge|spe|2
|-resisted|p1a: Ceruledge
|-damage|p1a: Ceruledge|0 fnt
|faint|p1a: Ceruledge
|-hitcount|p1: Ceruledge|2
|
|upkeep
|
|t:|1769327268
|switch|p1a: Cerbypuss|Hydreigon, F, shiny|100/100
|turn|7
|
|t:|1769327271
|move|p2a: Cetitan|Ice Shard|p1a: Cerbypuss
|-supereffective|p1a: Cerbypuss
|-damage|p1a: Cerbypuss|0 fnt
|faint|p1a: Cerbypuss
|
|upkeep
|
|t:|1769327277
|switch|p1a: Nutt|Iron Treads, shiny|100/100
|-enditem|p1a: Nutt|Booster Energy
|-activate|p1a: Nutt|ability: Quark Drive|[fromitem]
|-start|p1a: Nutt|quarkdrivespe
|turn|8
|
|t:|1769327282
|-terastallize|p2a: Cetitan|Ice
|move|p2a: Cetitan|Ice Shard|p1a: Nutt
|-crit|p1a: Nutt
|-damage|p1a: Nutt|0 fnt
|faint|p1a: Nutt
|-end|p1a: Nutt|Quark Drive|[silent]
|
|-sideend|p2: sableye555|move: Aurora Veil
|upkeep
|-message|Xialdin forfeited.
|
|win|sableye555
|raw|Xialdin's rating: 1189 &rarr; <strong>1166</strong><br />(-23 for losing)
|raw|sableye555's rating: 1221 &rarr; <strong>1244</strong><br />(+23 for winning)
|l|☆Xialdin
|player|p1|
|l|☆sableye555
|player|p2|
