|j|☆4G3NC Teo
|j|☆StarLi
|t:|1769409312
|gametype|singles
|player|p1|4G3NC Teo|iris-gen5bw2|1439
|player|p2|StarLi|iono|1427
|gen|9
|tier|[Gen 9] OU
|rated|
|rule|HP Percentage Mod: HP is shown in percentages
|rule|Endless Battle Clause: Forcing endless battles is banned
|rule|Species Clause: Limit one of each Pokémon
|rule|OHKO Clause: OHKO moves are banned
|rule|Evasion Items Clause: Evasion items are banned
|rule|Evasion Moves Clause: Evasion moves are banned
|rule|Evasion Abilities Clause: Evasion abilities are banned
|rule|Sleep Moves Clause: Sleep-inducing moves are banned
|clearpoke
|poke|p1|Zapdos-Galar|
|poke|p1|Zamazenta-*|
|poke|p1|Azumarill, M|
|poke|p1|Iron Crown|
|poke|p1|Pecharunt|
|poke|p1|Iron Treads|
|poke|p2|Darkrai|
|poke|p2|Garganacl, M|
|poke|p2|Enamorus, F|
|poke|p2|Kingambit, F|
|poke|p2|Samurott-Hisui, M|
|poke|p2|Pecharunt|
|teampreview
|
|t:|1769409319
|teamsize|p1|6
|teamsize|p2|6
|start
|switch|p1a: Azumarill|Azumarill, M|100/100
|switch|p2a: Samurott|Samurott-Hisui, M|100/100
|turn|1
|
|t:|1769409321
|move|p2a: Samurott|Knock Off|p1a: Azumarill
|-resisted|p1a: Azumarill
|-damage|p1a: Azumarill|75/100
|-enditem|p1a: Azumarill|Assault Vest|[from] move: Knock Off|[of] p2a: Samurott
|move|p1a: Azumarill|Play Rough|p2a: Samurott
|-supereffective|p2a: Samurott
|-enditem|p2a: Samurott|Focus Sash
|-damage|p2a: Samurott|1/100
|
|upkeep
|turn|2
|inactive|Battle timer is ON: inactive players will automatically lose when time's up. (requested by 4G3NC Teo)
|
|t:|1769409327
|move|p1a: Azumarill|Aqua Jet|p2a: Samurott
|-resisted|p2a: Samurott
|-damage|p2a: Samurott|0 fnt
|faint|p2a: Samurott
|
|upkeep
|
|t:|1769409335
|switch|p2a: Pecharunt|Pecharunt|100/100
|-item|p2a: Pecharunt|Air Balloon
|turn|3
|
|t:|1769409341
|switch|p1a: Iron Treads|Iron Treads|100/100
|move|p2a: Pecharunt|Malignant Chain|p1a: Iron Treads
|-immune|p1a: Iron Treads
|
|upkeep
|turn|4
|
|t:|1769409351
|move|p2a: Pecharunt|Shadow Ball|p1a: Iron Treads
|-damage|p1a: Iron Treads|60/100
|move|p1a: Iron Treads|Stealth Rock|p2a: Pecharunt
|-sidestart|p2: StarLi|move: Stealth Rock
|
|-heal|p1a: Iron Treads|66/100|[from] item: Leftovers
|upkeep
|turn|5
|
|t:|1769409357
|move|p2a: Pecharunt|Nasty Plot|p2a: Pecharunt
|-boost|p2a: Pecharunt|spa|2
|move|p1a: Iron Treads|Ice Spinner|p2a: Pecharunt
|-damage|p2a: Pecharunt|82/100
|-enditem|p2a: Pecharunt|Air Balloon
|
|-heal|p1a: Iron Treads|72/100|[from] item: Leftovers
|upkeep
|turn|6
|
|t:|1769409360
|move|p2a: Pecharunt|Shadow Ball|p1a: Iron Treads
|-damage|p1a: Iron Treads|0 fnt
|faint|p1a: Iron Treads
|-end|p1a: Iron Treads|Quark Drive|[silent]
|
|upkeep
|
|t:|1769409372
|switch|p1a: Iron Crown|Iron Crown|100/100
|turn|7
|
|t:|1769409382
|-terastallize|p2a: Pecharunt|Ghost
|move|p2a: Pecharunt|Shadow Ball|p1a: Iron Crown
|-supereffective|p1a: Iron Crown
|-damage|p1a: Iron Crown|0 fnt
|faint|p1a: Iron Crown
|-end|p1a: Iron Crown|Quark Drive|[silent]
|
|upkeep
|
|t:|1769409388
|switch|p1a: Azumarill|Azumarill, M|75/100
|turn|8
|
|t:|1769409391
|move|p2a: Pecharunt|Malignant Chain|p1a: Azumarill
|-supereffective|p1a: Azumarill
|-damage|p1a: Azumarill|0 fnt
|faint|p1a: Azumarill
|
|upkeep
|
|t:|1769409396
|switch|p1a: Zapdos|Zapdos-Galar|100/100
|turn|9
|
|t:|1769409399
|move|p1a: Zapdos|Brave Bird|p2a: Pecharunt
|-damage|p2a: Pecharunt|38/100
|-damage|p1a: Zapdos|86/100|[from] Recoil
|move|p2a: Pecharunt|Malignant Chain|p1a: Zapdos
|-damage|p1a: Zapdos|0 fnt
|faint|p1a: Zapdos
|
|upkeep
|-message|4G3NC Teo forfeited.
|
|win|StarLi
|raw|4G3NC Teo's rating: 1439 &rarr; <strong>1418</strong><br />(-21 for losing)
|raw|StarLi's rating: 1427 &rarr; <strong>1448</strong><br />(+21 for winning)
|l|☆4G3NC Teo
|player|p1|
