|j|☆rebirthjjb
|j|☆EleaRosea
|t:|1769371831
|gametype|singles
|player|p1|rebirthjjb|2|1472
|player|p2|EleaRosea|harmony|1520
|gen|9
|tier|[Gen 9] OU
|rated|
|rule|HP Percentage Mod: HP is shown in percentages
|rule|Endless Battle Clause: Forcing endless battles is banned
|rule|Species Clause: Limit one of each Pokémon
|rule|OHKO Clause: OHKO moves are banned
|rule|Evasion Items Clause: Evasion items are banned
|rule|Evasion Moves Clause: Evasion moves are banned
|rule|Evasion Abilities Clause: Evasion abilities are banned
|rule|Sleep Moves Clause: Sleep-inducing moves are banned
|clearpoke
|poke|p1|Samurott-Hisui, F|
|poke|p1|Great Tusk|
|poke|p1|Gholdengo|
|poke|p1|Zapdos|
|poke|p1|Enamorus, F|
|poke|p1|Slowking-Galar, F|
|poke|p2|Great Tusk|
|poke|p2|Heatran, F|
|poke|p2|Weavile, F|
|poke|p2|Primarina, F|
|poke|p2|Ogerpon, F|
|poke|p2|Pecharunt|
|teampreview
|
|t:|1769371864
|teamsize|p1|6
|teamsize|p2|6
|start
|switch|p1a: Samurott|Samurott-Hisui, F|100/100
|switch|p2a: Anonymous|Ogerpon, F|100/100
|turn|1
|
|t:|1769371878
|move|p1a: Samurott|Flip Turn|p2a: Anonymous
|-resisted|p2a: Anonymous
|-damage|p2a: Anonymous|82/100
|
|t:|1769371881
|switch|p1a: Zapdos|Zapdos|100/100|[from] Flip Turn
|move|p2a: Anonymous|Ivy Cudgel|p1a: Zapdos
|-resisted|p1a: Zapdos
|-damage|p1a: Zapdos|61/100
|
|upkeep
|turn|2
|
|t:|1769371912
|switch|p2a: Chaos|Heatran, F, shiny|100/100
|-item|p2a: Chaos|Air Balloon
|move|p1a: Zapdos|Volt Switch|p2a: Chaos
|-damage|p2a: Chaos|72/100
|-enditem|p2a: Chaos|Air Balloon
|
|t:|1769371921
|switch|p1a: Great Tusk|Great Tusk|100/100|[from] Volt Switch
|
|upkeep
|turn|3
|
|t:|1769371945
|switch|p2a: Anonymous|Ogerpon, F|82/100
|move|p1a: Great Tusk|Stealth Rock|p2a: Anonymous
|-sidestart|p2: EleaRosea|move: Stealth Rock
|
|upkeep
|turn|4
|
|t:|1769371952
|-terastallize|p1a: Great Tusk|Steel
|move|p2a: Anonymous|Ivy Cudgel|p1a: Great Tusk
|-resisted|p1a: Great Tusk
|-damage|p1a: Great Tusk|79/100
|move|p1a: Great Tusk|Ice Spinner|p2a: Anonymous
|-supereffective|p2a: Anonymous
|-damage|p2a: Anonymous|16/100
|
|upkeep
|turn|5
|
|t:|1769371961
|switch|p2a: Behemoth|Great Tusk, shiny|100/100
|move|p1a: Great Tusk|Rapid Spin|p2a: Behemoth
|-damage|p2a: Behemoth|90/100
|-boost|p1a: Great Tusk|spe|1
|
|upkeep
|turn|6
|
|t:|1769371970
|-end|p1a: Great Tusk|Protosynthesis|[silent]
|switch|p1a: Zapdos|Zapdos|61/100
|move|p2a: Behemoth|Close Combat|p1a: Zapdos
|-resisted|p1a: Zapdos
|-damage|p1a: Zapdos|31/100
|-unboost|p2a: Behemoth|def|1
|-unboost|p2a: Behemoth|spd|1
|
|upkeep
|turn|7
|
|t:|1769371980
|-end|p2a: Behemoth|Protosynthesis|[silent]
|switch|p2a: Bandit|Weavile, F, shiny|100/100
|-damage|p2a: Bandit|76/100|[from] Stealth Rock
|-ability|p2a: Bandit|Pressure
|move|p1a: Zapdos|Roost|p1a: Zapdos
|-heal|p1a: Zapdos|81/100
|-singleturn|p1a: Zapdos|move: Roost
|
|upkeep
|turn|8
|
|t:|1769371990
|switch|p1a: Great Tusk|Great Tusk, tera:Steel|79/100
|move|p2a: Bandit|Triple Axel|p1a: Great Tusk
|-resisted|p1a: Great Tusk
|-damage|p1a: Great Tusk|75/100
|-resisted|p1a: Great Tusk
|-damage|p1a: Great Tusk|65/100
|-resisted|p1a: Great Tusk
|-damage|p1a: Great Tusk|51/100
|-hitcount|p1a: Great Tusk|3
|
|upkeep
|turn|9
|
|t:|1769372005
|switch|p2a: Behemoth|Great Tusk, shiny|90/100
|move|p1a: Great Tusk|Headlong Rush|p2a: Behemoth
|-damage|p2a: Behemoth|50/100
|-unboost|p1a: Great Tusk|def|1
|-unboost|p1a: Great Tusk|spd|1
|
|upkeep
|turn|10
|
|t:|1769372032
|move|p2a: Behemoth|Rapid Spin|p1a: Great Tusk
|-resisted|p1a: Great Tusk
|-damage|p1a: Great Tusk|42/100
|-boost|p2a: Behemoth|spe|1
|-sideend|p2: EleaRosea|Stealth Rock|[from] move: Rapid Spin|[of] p2a: Behemoth
|move|p1a: Great Tusk|Ice Spinner|p2a: Behemoth
|-supereffective|p2a: Behemoth
|-damage|p2a: Behemoth|18/100
|
|upkeep
|turn|11
|
|t:|1769372050
|-end|p1a: Great Tusk|Protosynthesis|[silent]
|switch|p1a: Zapdos|Zapdos|81/100
|move|p2a: Behemoth|Close Combat|p1a: Zapdos
|-resisted|p1a: Zapdos
|-damage|p1a: Zapdos|47/100
|-unboost|p2a: Behemoth|def|1
|-unboost|p2a: Behemoth|spd|1
|
|upkeep
|turn|12
|
|t:|1769372062
|move|p2a: Behemoth|Ice Spinner|p1a: Zapdos
|-supereffective|p1a: Zapdos
|-damage|p1a: Zapdos|0 fnt
|faint|p1a: Zapdos
|
|upkeep
|
|t:|1769372068
|switch|p1a: Enamorus|Enamorus, F|100/100
|turn|13
|
|t:|1769372088
|-end|p2a: Behemoth|Protosynthesis|[silent]
|switch|p2a: Celestine|Primarina, F, shiny|100/100
|move|p1a: Enamorus|Earth Power|p2a: Celestine
|-damage|p2a: Celestine|82/100
|
|upkeep
|turn|14
|
|t:|1769372099
|switch|p1a: Slowking|Slowking-Galar, F|100/100
|move|p2a: Celestine|Psychic Noise|p1a: Slowking
|-damage|p1a: Slowking|76/100
|-start|p1a: Slowking|move: Heal Block
|
|upkeep
|turn|15
|
|t:|1769372146
|move|p2a: Celestine|Flip Turn|p1a: Slowking
|-damage|p1a: Slowking|60/100
|
|t:|1769372149
|switch|p2a: Bandit|Weavile, F, shiny|76/100|[from] Flip Turn
|-ability|p2a: Bandit|Pressure
|move|p1a: Slowking|Future Sight|p2a: Bandit
|-start|p1a: Slowking|move: Future Sight
|
|-end|p1a: Slowking|move: Heal Block
|upkeep
|turn|16
|
|t:|1769372159
|switch|p1a: Samurott|Samurott-Hisui, F|100/100
|move|p2a: Bandit|Knock Off|p1a: Samurott
|-resisted|p1a: Samurott
|-damage|p1a: Samurott|55/100
|-enditem|p1a: Samurott|Choice Scarf|[from] move: Knock Off|[of] p2a: Bandit
|
|upkeep
|turn|17
|
|t:|1769372187
|switch|p2a: Overseer|Pecharunt|100/100
|move|p1a: Samurott|Razor Shell|p2a: Overseer
|-damage|p2a: Overseer|77/100
|-unboost|p2a: Overseer|def|1
|-damage|p1a: Samurott|39/100|[from] item: Rocky Helmet|[of] p2a: Overseer
|
|-end|p2a: Overseer|move: Future Sight
|-supereffective|p2a: Overseer
|-damage|p2a: Overseer|0 fnt
|faint|p2a: Overseer
|upkeep
|
|t:|1769372217
|switch|p2a: Anonymous|Ogerpon, F|16/100
|turn|18
|
|t:|1769372225
|switch|p1a: Enamorus|Enamorus, F|100/100
|-terastallize|p2a: Anonymous|Grass
|detailschange|p2a: Anonymous|Ogerpon-Teal-Tera, F, tera:Grass
|-ability|p2a: Anonymous|Embody Aspect (Teal)|boost
|-boost|p2a: Anonymous|spe|1
|move|p2a: Anonymous|Ivy Cudgel|p1a: Enamorus
|-resisted|p1a: Enamorus
|-damage|p1a: Enamorus|22/100
|
|upkeep
|turn|19
|
|t:|1769372237
|move|p2a: Anonymous|Ivy Cudgel|p1a: Enamorus
|-resisted|p1a: Enamorus
|-damage|p1a: Enamorus|0 fnt
|faint|p1a: Enamorus
|
|upkeep
|
|t:|1769372244
|switch|p1a: Gholdengo|Gholdengo|100/100
|-item|p1a: Gholdengo|Air Balloon
|turn|20
|
|t:|1769372263
|switch|p2a: Chaos|Heatran, F, shiny|72/100
|move|p1a: Gholdengo|Shadow Ball|p2a: Chaos
|-damage|p2a: Chaos|33/100
|-unboost|p2a: Chaos|spd|1
|
|upkeep
|turn|21
|
|t:|1769372271
|move|p2a: Chaos|Magma Storm|p1a: Gholdengo
|-supereffective|p1a: Gholdengo
|-damage|p1a: Gholdengo|0 fnt
|-enditem|p1a: Gholdengo|Air Balloon
|faint|p1a: Gholdengo
|
|upkeep
|c|☆EleaRosea|ayyy
|l|☆rebirthjjb
|player|p1|
|c|☆EleaRosea|max speed heatran lets a go
|c|☆EleaRosea|LOL
|inactive|Battle timer is ON: inactive players will automatically lose when time's up. (requested by EleaRosea)
|l|☆EleaRosea
|inactive|EleaRosea disconnected and has a minute to reconnect!
|player|p2|
|j|☆EleaRosea
|inactive|EleaRosea reconnected.
|player|p2|EleaRosea|harmony|
|inactive|rebirthjjb has 30 seconds to reconnect!
|inactive|rebirthjjb has 20 seconds to reconnect!
|inactive|rebirthjjb has 15 seconds to reconnect!
|inactive|rebirthjjb has 10 seconds to reconnect!
|inactive|rebirthjjb has 5 seconds to reconnect!
|-message|rebirthjjb lost due to inactivity.
|
|win|EleaRosea
|raw|rebirthjjb's rating: 1472 &rarr; <strong>1455</strong><br />(-17 for losing)
|raw|EleaRosea's rating: 1520 &rarr; <strong>1537</strong><br />(+17 for winning)
