|j|☆ernozo
|j|☆benzibp
|t:|1769441199
|gametype|singles
|player|p1|ernozo|grusha|1445
|player|p2|benzibp|170|1521
|gen|9
|tier|[Gen 9] OU
|rated|
|rule|HP Percentage Mod: HP is shown in percentages
|rule|Endless Battle Clause: Forcing endless battles is banned
|rule|Species Clause: Limit one of each Pokémon
|rule|OHKO Clause: OHKO moves are banned
|rule|Evasion Items Clause: Evasion items are banned
|rule|Evasion Moves Clause: Evasion moves are banned
|rule|Evasion Abilities Clause: Evasion abilities are banned
|rule|Sleep Moves Clause: Sleep-inducing moves are banned
|clearpoke
|poke|p1|Ninetales-Alola, M|
|poke|p1|Frosmoth, F|
|poke|p1|Froslass, F|
|poke|p1|Glastrier|
|poke|p1|Kyurem|
|poke|p1|Cloyster, M|
|poke|p2|Glimmora, M|
|poke|p2|Landorus-Therian, M|
|poke|p2|Hatterene, F|
|poke|p2|Meowscarada, M|
|poke|p2|Zamazenta-*|
|poke|p2|Raging Bolt|
|teampreview
|
|t:|1769441207
|teamsize|p1|6
|teamsize|p2|6
|start
|switch|p1a: Ninetales|Ninetales-Alola, M|100/100
|switch|p2a: Glimmora|Glimmora, M|100/100
|-weather|Snowscape|[from] ability: Snow Warning|[of] p1a: Ninetales
|turn|1
|
|t:|1769441210
|move|p1a: Ninetales|Aurora Veil|p1a: Ninetales
|-sidestart|p1: ernozo|move: Aurora Veil
|move|p2a: Glimmora|Meteor Beam||[still]
|-prepare|p2a: Glimmora|Meteor Beam
|-boost|p2a: Glimmora|spa|1
|-enditem|p2a: Glimmora|Power Herb
|-anim|p2a: Glimmora|Meteor Beam|p1a: Ninetales
|-supereffective|p1a: Ninetales
|-damage|p1a: Ninetales|0 fnt
|faint|p1a: Ninetales
|
|-weather|Snowscape|[upkeep]
|upkeep
|
|t:|1769441213
|switch|p1a: Frosmoth|Frosmoth, F|100/100
|turn|2
|
|t:|1769441216
|move|p2a: Glimmora|Mortal Spin|p1a: Frosmoth
|-damage|p1a: Frosmoth|97/100
|-status|p1a: Frosmoth|psn
|move|p1a: Frosmoth|Substitute|p1a: Frosmoth
|-start|p1a: Frosmoth|Substitute
|-damage|p1a: Frosmoth|72/100 psn
|
|-weather|Snowscape|[upkeep]
|-damage|p1a: Frosmoth|59/100 psn|[from] psn
|upkeep
|turn|3
|
|t:|1769441225
|move|p2a: Glimmora|Dazzling Gleam|p1a: Frosmoth
|-activate|p1a: Frosmoth|move: Substitute|[damage]
|move|p1a: Frosmoth|Quiver Dance|p1a: Frosmoth
|-boost|p1a: Frosmoth|spa|1
|-boost|p1a: Frosmoth|spd|1
|-boost|p1a: Frosmoth|spe|1
|
|-weather|Snowscape|[upkeep]
|-damage|p1a: Frosmoth|47/100 psn|[from] psn
|upkeep
|turn|4
|inactive|Battle timer is ON: inactive players will automatically lose when time's up. (requested by ernozo)
|
|t:|1769441274
|move|p1a: Frosmoth|Quiver Dance|p1a: Frosmoth
|-boost|p1a: Frosmoth|spa|1
|-boost|p1a: Frosmoth|spd|1
|-boost|p1a: Frosmoth|spe|1
|move|p2a: Glimmora|Dazzling Gleam|p1a: Frosmoth
|-activate|p1a: Frosmoth|move: Substitute|[damage]
|
|-weather|Snowscape|[upkeep]
|-damage|p1a: Frosmoth|34/100 psn|[from] psn
|upkeep
|turn|5
|inactive|benzibp has 120 seconds left.
|
|t:|1769441317
|move|p1a: Frosmoth|Ice Beam|p2a: Glimmora
|-damage|p2a: Glimmora|0 fnt
|faint|p2a: Glimmora
|
|-weather|none
|-damage|p1a: Frosmoth|22/100 psn|[from] psn
|upkeep
|
|t:|1769441329
|switch|p2a: Hatterene|Hatterene, F|100/100
|turn|6
|
|t:|1769441332
|move|p1a: Frosmoth|Ice Beam|p2a: Hatterene
|-damage|p2a: Hatterene|39/100
|move|p2a: Hatterene|Draining Kiss|p1a: Frosmoth
|-activate|p1a: Frosmoth|move: Substitute|[damage]
|-heal|p2a: Hatterene|42/100|[from] drain|[of] p1a: Frosmoth
|
|-damage|p1a: Frosmoth|9/100 psn|[from] psn
|upkeep
|turn|7
|
|t:|1769441337
|move|p1a: Frosmoth|Ice Beam|p2a: Hatterene
|-damage|p2a: Hatterene|0 fnt
|faint|p2a: Hatterene
|
|-damage|p1a: Frosmoth|0 fnt|[from] psn
|faint|p1a: Frosmoth
|upkeep
|
|t:|1769441344
|switch|p1a: Cloyster|Cloyster, M|100/100
|switch|p2a: Meowscarada|Meowscarada, M|100/100
|turn|8
|
|t:|1769441352
|move|p2a: Meowscarada|Knock Off|p1a: Cloyster
|-start|p2a: Meowscarada|typechange|Dark|[from] ability: Protean
|-damage|p1a: Cloyster|72/100
|-enditem|p1a: Cloyster|Focus Sash|[from] move: Knock Off|[of] p2a: Meowscarada
|move|p1a: Cloyster|Shell Smash|p1a: Cloyster
|-unboost|p1a: Cloyster|def|1
|-unboost|p1a: Cloyster|spd|1
|-boost|p1a: Cloyster|atk|2
|-boost|p1a: Cloyster|spa|2
|-boost|p1a: Cloyster|spe|2
|
|-sideend|p1: ernozo|move: Aurora Veil
|upkeep
|turn|9
|
|t:|1769441365
|switch|p2a: Landorus|Landorus-Therian, M, shiny|100/100
|-ability|p2a: Landorus|Intimidate|boost
|-unboost|p1a: Cloyster|atk|1
|move|p1a: Cloyster|Icicle Spear|p2a: Landorus
|-supereffective|p2a: Landorus
|-damage|p2a: Landorus|32/100
|-supereffective|p2a: Landorus
|-crit|p2a: Landorus
|-damage|p2a: Landorus|0 fnt
|faint|p2a: Landorus
|-hitcount|p2: Landorus|2
|
|upkeep
|
|t:|1769441371
|switch|p2a: Zamazenta|Zamazenta|100/100
|-ability|p2a: Zamazenta|Dauntless Shield|boost
|-boost|p2a: Zamazenta|def|1
|turn|10
|
|t:|1769441373
|move|p1a: Cloyster|Icicle Spear|p2a: Zamazenta
|-damage|p2a: Zamazenta|91/100
|-crit|p2a: Zamazenta
|-damage|p2a: Zamazenta|72/100
|-damage|p2a: Zamazenta|62/100
|-damage|p2a: Zamazenta|53/100
|-damage|p2a: Zamazenta|44/100
|-hitcount|p2a: Zamazenta|5
|move|p2a: Zamazenta|Body Press|p1a: Cloyster
|-supereffective|p1a: Cloyster
|-damage|p1a: Cloyster|0 fnt
|faint|p1a: Cloyster
|
|-heal|p2a: Zamazenta|50/100|[from] item: Leftovers
|upkeep
|
|t:|1769441380
|switch|p1a: Froslass|Froslass, F|100/100
|turn|11
|
|t:|1769441384
|move|p2a: Zamazenta|Crunch|p1a: Froslass
|-supereffective|p1a: Froslass
|-damage|p1a: Froslass|38/100
|move|p1a: Froslass|Icy Wind|p2a: Zamazenta
|-damage|p2a: Zamazenta|38/100
|-unboost|p2a: Zamazenta|spe|1
|
|-heal|p2a: Zamazenta|44/100|[from] item: Leftovers
|upkeep
|turn|12
|
|t:|1769441390
|switch|p2a: Meowscarada|Meowscarada, M|100/100
|move|p1a: Froslass|Destiny Bond|p1a: Froslass
|-singlemove|p1a: Froslass|Destiny Bond
|
|upkeep
|turn|13
|
|t:|1769441404
|move|p2a: Meowscarada|U-turn|p1a: Froslass
|-start|p2a: Meowscarada|typechange|Bug|[from] ability: Protean
|-resisted|p1a: Froslass
|-damage|p1a: Froslass|6/100
|-start|p2a: Meowscarada|Disable|U-turn|[from] ability: Cursed Body|[of] p1a: Froslass
|
|t:|1769441410
|switch|p2a: Zamazenta|Zamazenta|44/100|[from] U-turn
|move|p1a: Froslass|Icy Wind|p2a: Zamazenta
|-damage|p2a: Zamazenta|32/100
|-unboost|p2a: Zamazenta|spe|1
|
|-heal|p2a: Zamazenta|38/100|[from] item: Leftovers
|upkeep
|turn|14
|
|t:|1769441414
|move|p1a: Froslass|Taunt|p2a: Zamazenta
|-start|p2a: Zamazenta|move: Taunt
|move|p2a: Zamazenta|Crunch|p1a: Froslass
|-supereffective|p1a: Froslass
|-damage|p1a: Froslass|0 fnt
|faint|p1a: Froslass
|
|-heal|p2a: Zamazenta|44/100|[from] item: Leftovers
|upkeep
|
|t:|1769441417
|switch|p1a: Kyurem|Kyurem|100/100
|-ability|p1a: Kyurem|Pressure
|turn|15
|
|t:|1769441420
|-terastallize|p1a: Kyurem|Ghost
|move|p1a: Kyurem|Dragon Dance|p1a: Kyurem
|-boost|p1a: Kyurem|atk|1
|-boost|p1a: Kyurem|spe|1
|move|p2a: Zamazenta|Body Press|p1a: Kyurem
|-immune|p1a: Kyurem
|
|-heal|p2a: Zamazenta|50/100|[from] item: Leftovers
|upkeep
|turn|16
|
|t:|1769441425
|move|p1a: Kyurem|Icicle Spear|p2a: Zamazenta
|-damage|p2a: Zamazenta|34/100
|-damage|p2a: Zamazenta|16/100
|-damage|p2a: Zamazenta|0 fnt
|faint|p2a: Zamazenta
|-hitcount|p2: Zamazenta|3
|
|upkeep
|
|t:|1769441428
|switch|p2a: Raging Bolt|Raging Bolt|100/100
|-enditem|p2a: Raging Bolt|Booster Energy
|-activate|p2a: Raging Bolt|ability: Protosynthesis|[fromitem]
|-start|p2a: Raging Bolt|protosynthesisspa
|turn|17
|
|t:|1769441435
|-terastallize|p2a: Raging Bolt|Fairy
|move|p1a: Kyurem|Icicle Spear|p2a: Raging Bolt
|-damage|p2a: Raging Bolt|79/100
|-damage|p2a: Raging Bolt|60/100
|-damage|p2a: Raging Bolt|40/100
|-damage|p2a: Raging Bolt|17/100
|-hitcount|p2a: Raging Bolt|4
|move|p2a: Raging Bolt|Dragon Pulse|p1a: Kyurem
|-damage|p1a: Kyurem|40/100
|
|upkeep
|turn|18
|
|t:|1769441444
|move|p2a: Raging Bolt|Thunderclap|p1a: Kyurem
|-damage|p1a: Kyurem|0 fnt
|faint|p1a: Kyurem
|
|upkeep
|
|t:|1769441446
|switch|p1a: Glastrier|Glastrier|100/100
|turn|19
|
|t:|1769441449
|move|p2a: Raging Bolt|Thunderbolt|p1a: Glastrier
|-damage|p1a: Glastrier|62/100
|move|p1a: Glastrier|Icicle Crash|p2a: Raging Bolt
|-damage|p2a: Raging Bolt|0 fnt
|faint|p2a: Raging Bolt
|-end|p2a: Raging Bolt|Protosynthesis|[silent]
|-ability|p1a: Glastrier|Chilling Neigh|boost
|-boost|p1a: Glastrier|atk|1
|
|upkeep
|
|t:|1769441452
|switch|p2a: Meowscarada|Meowscarada, M|100/100
|turn|20
|
|t:|1769441463
|move|p2a: Meowscarada|Knock Off|p1a: Glastrier
|-start|p2a: Meowscarada|typechange|Dark|[from] ability: Protean
|-damage|p1a: Glastrier|15/100
|-enditem|p1a: Glastrier|Assault Vest|[from] move: Knock Off|[of] p2a: Meowscarada
|move|p1a: Glastrier|Close Combat|p2a: Meowscarada
|-supereffective|p2a: Meowscarada
|-damage|p2a: Meowscarada|0 fnt
|-unboost|p1a: Glastrier|def|1
|-unboost|p1a: Glastrier|spd|1
|faint|p2a: Meowscarada
|
|win|ernozo
|raw|ernozo's rating: 1445 &rarr; <strong>1469</strong><br />(+24 for winning)
|raw|benzibp's rating: 1521 &rarr; <strong>1497</strong><br />(-24 for losing)
|l|☆ernozo
|player|p1|
|l|☆benzibp
|player|p2|
