|j|☆Egrassi
|j|☆NameTay
|t:|1769392114
|gametype|singles
|player|p1|Egrassi|1|
|player|p2|NameTay|swimmer-gen4dp|
|gen|9
|tier|[Gen 9] OU
|rule|HP Percentage Mod: HP is shown in percentages
|rule|Endless Battle Clause: Forcing endless battles is banned
|rule|Species Clause: Limit one of each Pokémon
|rule|OHKO Clause: OHKO moves are banned
|rule|Evasion Items Clause: Evasion items are banned
|rule|Evasion Moves Clause: Evasion moves are banned
|rule|Evasion Abilities Clause: Evasion abilities are banned
|rule|Sleep Moves Clause: Sleep-inducing moves are banned
|clearpoke
|poke|p1|Weezing-Galar, F|
|poke|p1|Kingambit, M|
|poke|p1|Clodsire, F|
|poke|p1|Zapdos-Galar|
|poke|p1|Clefable, M|
|poke|p1|Greninja-*, F|
|poke|p2|Pelipper, F|
|poke|p2|Toxicroak, M|
|poke|p2|Dondozo, M|
|poke|p2|Scizor, F|
|poke|p2|Excadrill, M|
|poke|p2|Mew|
|teampreview
|
|t:|1769392128
|teamsize|p1|6
|teamsize|p2|6
|start
|switch|p1a: Clodsire|Clodsire, F|100/100
|switch|p2a: Mew|Mew|100/100
|turn|1
|
|t:|1769392137
|move|p2a: Mew|Thunder|p1a: Clodsire
|-immune|p1a: Clodsire
|move|p1a: Clodsire|Stealth Rock|p2a: Mew
|-sidestart|p2: NameTay|move: Stealth Rock
|
|upkeep
|turn|2
|
|t:|1769392147
|switch|p2a: gulper|Pelipper, F|100/100
|-damage|p2a: gulper|76/100|[from] Stealth Rock
|-weather|RainDance|[from] ability: Drizzle|[of] p2a: gulper
|move|p1a: Clodsire|Toxic|p2a: gulper
|-status|p2a: gulper|tox
|
|-weather|RainDance|[upkeep]
|-damage|p2a: gulper|70/100 tox|[from] psn
|upkeep
|turn|3
|
|t:|1769392184
|switch|p2a: Mew|Mew|100/100
|-damage|p2a: Mew|88/100|[from] Stealth Rock
|switch|p1a: Clefable|Clefable, M|100/100
|
|-weather|RainDance|[upkeep]
|upkeep
|turn|4
|
|t:|1769392207
|switch|p1a: Greninja|Greninja, F|100/100
|move|p2a: Mew|Thunder|p1a: Greninja
|-supereffective|p1a: Greninja
|-damage|p1a: Greninja|8/100
|-status|p1a: Greninja|par
|
|-weather|RainDance|[upkeep]
|upkeep
|turn|5
|
|t:|1769392230
|switch|p1a: Clodsire|Clodsire, F|100/100
|move|p2a: Mew|Thunder|p1a: Clodsire
|-immune|p1a: Clodsire
|
|-weather|RainDance|[upkeep]
|upkeep
|turn|6
|
|t:|1769392239
|switch|p2a: Dondozo|Dondozo, M|100/100
|-damage|p2a: Dondozo|88/100|[from] Stealth Rock
|move|p1a: Clodsire|Toxic|p2a: Dondozo
|-status|p2a: Dondozo|tox
|
|-weather|RainDance|[upkeep]
|-damage|p2a: Dondozo|82/100 tox|[from] psn
|upkeep
|turn|7
|
|t:|1769392247
|move|p2a: Dondozo|Outrage|p1a: Clodsire
|-damage|p1a: Clodsire|60/100
|move|p1a: Clodsire|Earthquake|p2a: Dondozo
|-damage|p2a: Dondozo|66/100 tox
|
|-weather|RainDance|[upkeep]
|-heal|p1a: Clodsire|66/100|[from] item: Leftovers
|-damage|p2a: Dondozo|54/100 tox|[from] psn
|upkeep
|turn|8
|
|t:|1769392256
|move|p2a: Dondozo|Outrage|p1a: Clodsire|[from] lockedmove
|-damage|p1a: Clodsire|26/100
|move|p1a: Clodsire|Recover|p1a: Clodsire
|-heal|p1a: Clodsire|76/100
|
|-weather|RainDance|[upkeep]
|-heal|p1a: Clodsire|82/100|[from] item: Leftovers
|-damage|p2a: Dondozo|35/100 tox|[from] psn
|upkeep
|turn|9
|
|t:|1769392266
|move|p2a: Dondozo|Outrage|p1a: Clodsire|[from] lockedmove
|-damage|p1a: Clodsire|39/100
|-start|p2a: Dondozo|confusion|[fatigue]
|move|p1a: Clodsire|Earthquake|p2a: Dondozo
|-damage|p2a: Dondozo|17/100 tox
|
|-weather|none
|-heal|p1a: Clodsire|45/100|[from] item: Leftovers
|-damage|p2a: Dondozo|0 fnt|[from] psn
|faint|p2a: Dondozo
|upkeep
|
|t:|1769392277
|switch|p2a: gulper|Pelipper, F|70/100 tox
|-damage|p2a: gulper|45/100 tox|[from] Stealth Rock
|-weather|RainDance|[from] ability: Drizzle|[of] p2a: gulper
|turn|10
|
|t:|1769392283
|switch|p2a: Mew|Mew|88/100
|-damage|p2a: Mew|76/100|[from] Stealth Rock
|move|p1a: Clodsire|Recover|p1a: Clodsire
|-heal|p1a: Clodsire|95/100
|
|-weather|RainDance|[upkeep]
|-heal|p1a: Clodsire|100/100|[from] item: Leftovers
|upkeep
|turn|11
|
|t:|1769392291
|move|p2a: Mew|Psychic|p1a: Clodsire
|-supereffective|p1a: Clodsire
|-damage|p1a: Clodsire|62/100
|move|p1a: Clodsire|Toxic|p2a: Mew
|-status|p2a: Mew|tox
|-activate|p2a: Mew|ability: Synchronize
|-immune|p1a: Clodsire
|
|-weather|RainDance|[upkeep]
|-heal|p1a: Clodsire|69/100|[from] item: Leftovers
|-damage|p2a: Mew|70/100 tox|[from] psn
|upkeep
|turn|12
|
|t:|1769392302
|move|p2a: Mew|Psychic|p1a: Clodsire
|-supereffective|p1a: Clodsire
|-damage|p1a: Clodsire|30/100
|move|p1a: Clodsire|Earthquake|p2a: Mew
|-damage|p2a: Mew|42/100 tox
|
|-weather|RainDance|[upkeep]
|-heal|p1a: Clodsire|36/100|[from] item: Leftovers
|-damage|p2a: Mew|30/100 tox|[from] psn
|upkeep
|turn|13
|
|t:|1769392311
|move|p2a: Mew|Psychic|p1a: Clodsire
|-supereffective|p1a: Clodsire
|-damage|p1a: Clodsire|0 fnt
|faint|p1a: Clodsire
|
|-weather|RainDance|[upkeep]
|-damage|p2a: Mew|11/100 tox|[from] psn
|upkeep
|
|t:|1769392339
|switch|p1a: Clefable|Clefable, M|100/100
|turn|14
|
|t:|1769392346
|switch|p2a: dih head|Excadrill, M|100/100
|-damage|p2a: dih head|97/100|[from] Stealth Rock
|-ability|p2a: dih head|Mold Breaker
|move|p1a: Clefable|Calm Mind|p1a: Clefable
|-boost|p1a: Clefable|spa|1
|-boost|p1a: Clefable|spd|1
|
|-weather|RainDance|[upkeep]
|upkeep
|turn|15
|
|t:|1769392376
|switch|p1a: Zapdos|Zapdos-Galar|100/100
|move|p2a: dih head|Rapid Spin|p1a: Zapdos
|-damage|p1a: Zapdos|79/100
|-boost|p2a: dih head|spe|1
|-sideend|p2: NameTay|Stealth Rock|[from] move: Rapid Spin|[of] p2a: dih head
|
|-weather|RainDance|[upkeep]
|upkeep
|turn|16
|
|t:|1769392422
|switch|p2a: realnga|Toxicroak, M|100/100
|move|p1a: Zapdos|Brave Bird|p2a: realnga
|-supereffective|p2a: realnga
|-damage|p2a: realnga|0 fnt
|faint|p2a: realnga
|-damage|p1a: Zapdos|48/100|[from] Recoil
|
|-weather|RainDance|[upkeep]
|upkeep
|
|t:|1769392436
|switch|p2a: dih head|Excadrill, M|97/100
|-ability|p2a: dih head|Mold Breaker
|turn|17
|
|t:|1769392453
|move|p1a: Zapdos|Brave Bird|p2a: dih head
|-resisted|p2a: dih head
|-damage|p2a: dih head|49/100
|-damage|p1a: Zapdos|29/100|[from] Recoil
|move|p2a: dih head|Rapid Spin|p1a: Zapdos
|-damage|p1a: Zapdos|9/100
|-boost|p2a: dih head|spe|1
|
|-weather|none
|upkeep
|turn|18
|
|t:|1769392461
|move|p2a: dih head|Iron Head|p1a: Zapdos
|-damage|p1a: Zapdos|0 fnt
|faint|p1a: Zapdos
|
|upkeep
|
|t:|1769392480
|switch|p1a: Greninja|Greninja, F|8/100 par
|turn|19
|
|t:|1769392488
|move|p1a: Greninja|Water Shuriken|p2a: dih head
|-start|p1a: Greninja|typechange|Water|[from] ability: Protean
|-supereffective|p2a: dih head
|-damage|p2a: dih head|29/100
|-supereffective|p2a: dih head
|-damage|p2a: dih head|9/100
|-supereffective|p2a: dih head
|-damage|p2a: dih head|0 fnt
|faint|p2a: dih head
|-hitcount|p2: dih head|3
|
|upkeep
|
|t:|1769392498
|switch|p2a: Scizor|Scizor, F, shiny|100/100
|turn|20
|
|t:|1769392515
|move|p1a: Greninja|Water Shuriken|p2a: Scizor
|-damage|p2a: Scizor|93/100
|-damage|p2a: Scizor|85/100
|-damage|p2a: Scizor|76/100
|-damage|p2a: Scizor|68/100
|-damage|p2a: Scizor|60/100
|-hitcount|p2a: Scizor|5
|move|p2a: Scizor|Bullet Punch|p1a: Greninja
|-resisted|p1a: Greninja
|-damage|p1a: Greninja|0 fnt
|faint|p1a: Greninja
|
|-heal|p2a: Scizor|66/100|[from] item: Leftovers
|upkeep
|
|t:|1769392563
|switch|p1a: Kingambit|Kingambit, M|100/100
|-activate|p1a: Kingambit|ability: Supreme Overlord
|-start|p1a: Kingambit|fallen3|[silent]
|turn|21
|
|t:|1769392603
|move|p2a: Scizor|Bug Bite|p1a: Kingambit
|-damage|p1a: Kingambit|62/100
|move|p1a: Kingambit|Kowtow Cleave|p2a: Scizor
|-damage|p2a: Scizor|3/100
|
|-heal|p2a: Scizor|9/100|[from] item: Leftovers
|upkeep
|turn|22
|
|t:|1769392611
|switch|p2a: gulper|Pelipper, F|45/100 tox
|-weather|RainDance|[from] ability: Drizzle|[of] p2a: gulper
|move|p1a: Kingambit|Sucker Punch||[still]
|-fail|p1a: Kingambit
|
|-weather|RainDance|[upkeep]
|-damage|p2a: gulper|39/100 tox|[from] psn
|upkeep
|turn|23
|
|t:|1769392627
|-end|p1a: Kingambit|fallen3|[silent]
|switch|p1a: Weezing|Weezing-Galar, F|100/100
|-ability|p1a: Weezing|Neutralizing Gas
|move|p2a: gulper|Roost|p2a: gulper
|-heal|p2a: gulper|89/100 tox
|-singleturn|p2a: gulper|move: Roost
|
|-weather|RainDance|[upkeep]
|-damage|p2a: gulper|76/100 tox|[from] psn
|upkeep
|turn|24
|
|t:|1769392656
|move|p2a: gulper|Hurricane|p1a: Weezing
|-damage|p1a: Weezing|54/100
|move|p1a: Weezing|Toxic Spikes|p2a: gulper
|-sidestart|p2: NameTay|move: Toxic Spikes
|
|-weather|RainDance|[upkeep]
|-heal|p1a: Weezing|60/100|[from] item: Leftovers
|-damage|p2a: gulper|58/100 tox|[from] psn
|upkeep
|turn|25
|
|t:|1769392665
|move|p2a: gulper|Hurricane|p1a: Weezing
|-damage|p1a: Weezing|10/100
|-start|p1a: Weezing|confusion
|-activate|p1a: Weezing|confusion
|-damage|p1a: Weezing|4/100|[from] confusion
|
|-weather|RainDance|[upkeep]
|-heal|p1a: Weezing|10/100|[from] item: Leftovers
|-damage|p2a: gulper|33/100 tox|[from] psn
|upkeep
|turn|26
|
|t:|1769392678
|move|p2a: gulper|Hurricane|p1a: Weezing
|-damage|p1a: Weezing|0 fnt
|faint|p1a: Weezing
|-end|p1a: Weezing|ability: Neutralizing Gas
|
|-weather|RainDance|[upkeep]
|-damage|p2a: gulper|2/100 tox|[from] psn
|upkeep
|
|t:|1769392684
|switch|p1a: Clefable|Clefable, M|100/100
|turn|27
|
|t:|1769392690
|move|p2a: gulper|Hurricane|p1a: Clefable
|-damage|p1a: Clefable|66/100
|-start|p1a: Clefable|confusion
|-activate|p1a: Clefable|confusion
|move|p1a: Clefable|Calm Mind|p1a: Clefable
|-boost|p1a: Clefable|spa|1
|-boost|p1a: Clefable|spd|1
|
|-weather|RainDance|[upkeep]
|-heal|p1a: Clefable|72/100|[from] item: Leftovers
|-damage|p2a: gulper|0 fnt|[from] psn
|faint|p2a: gulper
|upkeep
|
|t:|1769392708
|switch|p2a: Scizor|Scizor, F, shiny|9/100
|turn|28
|
|t:|1769392722
|move|p2a: Scizor|Bullet Punch|p1a: Clefable
|-supereffective|p1a: Clefable
|-damage|p1a: Clefable|0 fnt
|faint|p1a: Clefable
|
|-weather|RainDance|[upkeep]
|-heal|p2a: Scizor|15/100|[from] item: Leftovers
|upkeep
|
|t:|1769392728
|switch|p1a: Kingambit|Kingambit, M|62/100
|-activate|p1a: Kingambit|ability: Supreme Overlord
|-start|p1a: Kingambit|fallen5|[silent]
|turn|29
|
|t:|1769392734
|move|p1a: Kingambit|Sucker Punch|p2a: Scizor
|-damage|p2a: Scizor|0 fnt
|faint|p2a: Scizor
|
|-weather|none
|upkeep
|
|t:|1769392738
|switch|p2a: Mew|Mew|11/100 tox
|turn|30
|
|t:|1769392749
|move|p1a: Kingambit|Sucker Punch|p2a: Mew
|-supereffective|p2a: Mew
|-damage|p2a: Mew|0 fnt
|faint|p2a: Mew
|
|win|Egrassi
