|j|☆Cesar2702
|j|☆10DS01
|t:|1769321112
|gametype|singles
|player|p1|Cesar2702|palmer|1128
|player|p2|10DS01|lance|1143
|gen|9
|tier|[Gen 9] OU
|rated|
|rule|HP Percentage Mod: HP is shown in percentages
|rule|Endless Battle Clause: Forcing endless battles is banned
|rule|Species Clause: Limit one of each Pokémon
|rule|OHKO Clause: OHKO moves are banned
|rule|Evasion Items Clause: Evasion items are banned
|rule|Evasion Moves Clause: Evasion moves are banned
|rule|Evasion Abilities Clause: Evasion abilities are banned
|rule|Sleep Moves Clause: Sleep-inducing moves are banned
|clearpoke
|poke|p1|Revavroom, M|
|poke|p1|Ceruledge, F|
|poke|p1|Volcanion|
|poke|p1|Rotom-Wash|
|poke|p1|Frosmoth, M|
|poke|p1|Ursaring, F|
|poke|p2|Great Tusk|
|poke|p2|Thundurus-Therian, M|
|poke|p2|Registeel|
|poke|p2|Deoxys-Speed|
|poke|p2|Regice|
|poke|p2|Glimmora, F|
|teampreview
|
|t:|1769321129
|teamsize|p1|6
|teamsize|p2|6
|start
|switch|p1a: Rotom|Rotom-Wash|100/100
|switch|p2a: Glimmora|Glimmora, F|100/100
|turn|1
|inactive|Battle timer is ON: inactive players will automatically lose when time's up. (requested by Cesar2702)
|
|t:|1769321135
|switch|p2a: Thundurus|Thundurus-Therian, M|100/100
|move|p1a: Rotom|Hydro Pump|p2a: Thundurus
|-damage|p2a: Thundurus|0 fnt
|faint|p2a: Thundurus
|
|upkeep
|
|t:|1769321142
|switch|p2a: Regice|Regice|100/100
|turn|2
|
|t:|1769321158
|switch|p1a: Revavroom|Revavroom, M, shiny|100/100
|-item|p1a: Revavroom|Air Balloon
|move|p2a: Regice|Thunderbolt|p1a: Revavroom
|-damage|p1a: Revavroom|73/100
|-enditem|p1a: Revavroom|Air Balloon
|
|upkeep
|turn|3
|
|t:|1769321170
|move|p1a: Revavroom|Shift Gear|p1a: Revavroom
|-boost|p1a: Revavroom|spe|2
|-boost|p1a: Revavroom|atk|1
|move|p2a: Regice|Focus Blast|p1a: Revavroom
|-damage|p1a: Revavroom|30/100
|
|upkeep
|turn|4
|
|t:|1769321184
|switch|p2a: Registeel|Registeel|100/100
|move|p1a: Revavroom|Iron Head|p2a: Registeel
|-resisted|p2a: Registeel
|-damage|p2a: Registeel|82/100
|
|-heal|p2a: Registeel|88/100|[from] item: Leftovers
|upkeep
|turn|5
|
|t:|1769321192
|move|p1a: Revavroom|Gunk Shot|p2a: Registeel
|-immune|p2a: Registeel
|move|p2a: Registeel|Body Press|p1a: Revavroom
|-damage|p1a: Revavroom|0 fnt
|faint|p1a: Revavroom
|
|-heal|p2a: Registeel|94/100|[from] item: Leftovers
|upkeep
|
|t:|1769321199
|switch|p1a: Ceruledge|Ceruledge, F, shiny|100/100
|turn|6
|
|t:|1769321209
|switch|p2a: Deoxys|Deoxys-Speed|100/100
|-ability|p2a: Deoxys|Pressure
|move|p1a: Ceruledge|Bulk Up|p1a: Ceruledge
|-boost|p1a: Ceruledge|atk|1
|-boost|p1a: Ceruledge|def|1
|
|upkeep
|turn|7
|
|t:|1769321217
|-terastallize|p1a: Ceruledge|Grass
|move|p2a: Deoxys|Dark Pulse|p1a: Ceruledge
|-damage|p1a: Ceruledge|69/100
|move|p1a: Ceruledge|Bulk Up|p1a: Ceruledge
|-boost|p1a: Ceruledge|atk|1
|-boost|p1a: Ceruledge|def|1
|
|upkeep
|turn|8
|
|t:|1769321246
|switch|p2a: Glimmora|Glimmora, F|100/100
|move|p1a: Ceruledge|Shadow Sneak|p2a: Glimmora
|-damage|p2a: Glimmora|61/100
|-activate|p2a: Glimmora|ability: Toxic Debris
|-sidestart|p1: Cesar2702|move: Toxic Spikes
|
|upkeep
|turn|9
|
|t:|1769321255
|move|p2a: Glimmora|Sludge Bomb|p1a: Ceruledge
|-supereffective|p1a: Ceruledge
|-crit|p1a: Ceruledge
|-damage|p1a: Ceruledge|0 fnt
|faint|p1a: Ceruledge
|
|upkeep
|
|t:|1769321260
|switch|p1a: Ursaring|Ursaring, F, shiny|100/100
|-status|p1a: Ursaring|psn
|turn|10
|
|t:|1769321270
|move|p2a: Glimmora|Meteor Beam||[still]
|-prepare|p2a: Glimmora|Meteor Beam
|-boost|p2a: Glimmora|spa|1
|-enditem|p2a: Glimmora|Power Herb
|-anim|p2a: Glimmora|Meteor Beam|p1a: Ursaring
|-damage|p1a: Ursaring|39/100 psn
|move|p1a: Ursaring|Earthquake|p2a: Glimmora
|-supereffective|p2a: Glimmora
|-damage|p2a: Glimmora|0 fnt
|-activate|p2a: Glimmora|ability: Toxic Debris
|-sidestart|p1: Cesar2702|move: Toxic Spikes
|faint|p2a: Glimmora
|
|-damage|p1a: Ursaring|26/100 psn|[from] psn
|upkeep
|
|t:|1769321290
|switch|p2a: Deoxys|Deoxys-Speed|100/100
|-ability|p2a: Deoxys|Pressure
|turn|11
|
|t:|1769321294
|move|p2a: Deoxys|Psychic Noise|p1a: Ursaring
|-damage|p1a: Ursaring|4/100 psn
|-start|p1a: Ursaring|move: Heal Block
|-enditem|p2a: Deoxys|Throat Spray
|-boost|p2a: Deoxys|spa|1|[from] item: Throat Spray
|move|p1a: Ursaring|Earthquake|p2a: Deoxys
|-damage|p2a: Deoxys|24/100
|
|-damage|p1a: Ursaring|0 fnt|[from] psn
|faint|p1a: Ursaring
|upkeep
|
|t:|1769321306
|switch|p1a: Frosmoth|Frosmoth, M|100/100
|turn|12
|
|t:|1769321314
|move|p2a: Deoxys|Focus Blast|p1a: Frosmoth|[miss]
|-miss|p2a: Deoxys|p1a: Frosmoth
|move|p1a: Frosmoth|Bug Buzz|p2a: Deoxys
|-supereffective|p2a: Deoxys
|-damage|p2a: Deoxys|0 fnt
|faint|p2a: Deoxys
|
|upkeep
|
|t:|1769321320
|switch|p2a: Regice|Regice|100/100
|turn|13
|
|t:|1769321332
|move|p1a: Frosmoth|Quiver Dance|p1a: Frosmoth
|-boost|p1a: Frosmoth|spa|1
|-boost|p1a: Frosmoth|spd|1
|-boost|p1a: Frosmoth|spe|1
|move|p2a: Regice|Flash Cannon|p1a: Frosmoth
|-supereffective|p1a: Frosmoth
|-damage|p1a: Frosmoth|80/100
|
|upkeep
|turn|14
|
|t:|1769321344
|switch|p2a: Registeel|Registeel|94/100
|move|p1a: Frosmoth|Quiver Dance|p1a: Frosmoth
|-boost|p1a: Frosmoth|spa|1
|-boost|p1a: Frosmoth|spd|1
|-boost|p1a: Frosmoth|spe|1
|
|-heal|p2a: Registeel|99/100|[from] item: Leftovers
|upkeep
|turn|15
|
|t:|1769321359
|move|p1a: Frosmoth|Bug Buzz|p2a: Registeel
|-resisted|p2a: Registeel
|-damage|p2a: Registeel|64/100
|move|p2a: Registeel|Curse|p2a: Registeel
|-unboost|p2a: Registeel|spe|1
|-boost|p2a: Registeel|atk|1
|-boost|p2a: Registeel|def|1
|
|-heal|p2a: Registeel|70/100|[from] item: Leftovers
|upkeep
|turn|16
|
|t:|1769321365
|move|p1a: Frosmoth|Bug Buzz|p2a: Registeel
|-resisted|p2a: Registeel
|-damage|p2a: Registeel|32/100
|move|p2a: Registeel|Body Press|p1a: Frosmoth
|-damage|p1a: Frosmoth|0 fnt
|faint|p1a: Frosmoth
|
|-heal|p2a: Registeel|38/100|[from] item: Leftovers
|upkeep
|
|t:|1769321374
|switch|p1a: Volcanion|Volcanion|100/100
|-status|p1a: Volcanion|tox
|turn|17
|
|t:|1769321384
|move|p1a: Volcanion|Flamethrower|p2a: Registeel
|-supereffective|p2a: Registeel
|-damage|p2a: Registeel|0 fnt
|faint|p2a: Registeel
|
|-damage|p1a: Volcanion|95/100 tox|[from] psn
|upkeep
|inactive|10DS01 has 120 seconds left.
|
|t:|1769321418
|switch|p2a: Regice|Regice|100/100
|turn|18
|
|t:|1769321426
|-terastallize|p2a: Regice|Fighting
|move|p1a: Volcanion|Flamethrower|p2a: Regice
|-damage|p2a: Regice|67/100
|move|p2a: Regice|Thunderbolt|p1a: Volcanion
|-supereffective|p1a: Volcanion
|-damage|p1a: Volcanion|34/100 tox
|
|-heal|p2a: Regice|73/100|[from] item: Leftovers
|-damage|p1a: Volcanion|22/100 tox|[from] psn
|upkeep
|turn|19
|
|t:|1769321437
|switch|p1a: Rotom|Rotom-Wash|100/100
|move|p2a: Regice|Thunderbolt|p1a: Rotom
|-damage|p1a: Rotom|67/100
|
|-heal|p2a: Regice|79/100|[from] item: Leftovers
|upkeep
|turn|20
|
|t:|1769321450
|move|p1a: Rotom|Hydro Pump|p2a: Regice
|-damage|p2a: Regice|32/100
|move|p2a: Regice|Thunderbolt|p1a: Rotom
|-damage|p1a: Rotom|34/100
|
|-heal|p2a: Regice|38/100|[from] item: Leftovers
|upkeep
|turn|21
|
|t:|1769321456
|move|p1a: Rotom|Hydro Pump|p2a: Regice
|-damage|p2a: Regice|0 fnt
|faint|p2a: Regice
|
|upkeep
|
|t:|1769321459
|switch|p2a: Great Tusk|Great Tusk|100/100
|turn|22
|
|t:|1769321464
|move|p2a: Great Tusk|Knock Off|p1a: Rotom
|-damage|p1a: Rotom|0 fnt
|-enditem|p1a: Rotom|Choice Specs|[from] move: Knock Off|[of] p2a: Great Tusk
|faint|p1a: Rotom
|
|upkeep
|
|t:|1769321467
|switch|p1a: Volcanion|Volcanion|22/100 tox
|turn|23
|
|t:|1769321471
|move|p1a: Volcanion|Steam Eruption|p2a: Great Tusk
|-supereffective|p2a: Great Tusk
|-damage|p2a: Great Tusk|0 fnt
|faint|p2a: Great Tusk
|-end|p2a: Great Tusk|Protosynthesis|[silent]
|
|win|Cesar2702
|raw|Cesar2702's rating: 1128 &rarr; <strong>1154</strong><br />(+26 for winning)
|raw|10DS01's rating: 1143 &rarr; <strong>1117</strong><br />(-26 for losing)
|l|☆10DS01
|player|p2|
|l|☆Cesar2702
|player|p1|
