|j|☆alexis de la cruaz
|j|☆Kevinbassonon
|t:|1769426271
|gametype|singles
|player|p1|alexis de la cruaz|1|1407
|player|p2|Kevinbassonon|266|1438
|gen|9
|tier|[Gen 9] OU
|rated|
|rule|HP Percentage Mod: HP is shown in percentages
|rule|Endless Battle Clause: Forcing endless battles is banned
|rule|Species Clause: Limit one of each Pokémon
|rule|OHKO Clause: OHKO moves are banned
|rule|Evasion Items Clause: Evasion items are banned
|rule|Evasion Moves Clause: Evasion moves are banned
|rule|Evasion Abilities Clause: Evasion abilities are banned
|rule|Sleep Moves Clause: Sleep-inducing moves are banned
|clearpoke
|poke|p1|Zamazenta-*|
|poke|p1|Weezing-Galar, M|
|poke|p1|Ting-Lu|
|poke|p1|Meloetta|
|poke|p1|Alomomola, M|
|poke|p1|Kingambit, F|
|poke|p2|Torkoal, F|
|poke|p2|Walking Wake|
|poke|p2|Great Tusk|
|poke|p2|Hatterene, F|
|poke|p2|Raging Bolt|
|poke|p2|Ceruledge, F|
|teampreview
|
|t:|1769426291
|teamsize|p1|6
|teamsize|p2|6
|start
|switch|p1a: Weezing|Weezing-Galar, M|100/100
|switch|p2a: Galet Pagos|Torkoal, F, shiny|100/100
|-ability|p1a: Weezing|Neutralizing Gas
|turn|1
|l|☆Kevinbassonon
|player|p2|
|inactive|Battle timer is ON: inactive players will automatically lose when time's up. (requested by alexis de la cruaz)
|inactive|alexis de la cruaz has 120 seconds left.
|inactive|Kevinbassonon has 30 seconds to reconnect!
|inactive|Kevinbassonon has 20 seconds to reconnect!
|inactive|Kevinbassonon has 15 seconds to reconnect!
|inactive|Kevinbassonon has 10 seconds to reconnect!
|j|☆Kevinbassonon
|inactive|Kevinbassonon reconnected and has 100 seconds left.
|player|p2|Kevinbassonon|266|
|inactive|Kevinbassonon has 90 seconds left.
|
|t:|1769426385
|move|p1a: Weezing|Strange Steam|p2a: Galet Pagos
|-resisted|p2a: Galet Pagos
|-damage|p2a: Galet Pagos|84/100
|move|p2a: Galet Pagos|Lava Plume|p1a: Weezing
|-damage|p1a: Weezing|69/100
|-status|p1a: Weezing|brn
|
|-heal|p1a: Weezing|75/100 brn|[from] item: Leftovers
|-damage|p1a: Weezing|69/100 brn|[from] brn
|upkeep
|turn|2
|
|t:|1769426397
|move|p1a: Weezing|Toxic|p2a: Galet Pagos
|-status|p2a: Galet Pagos|tox
|move|p2a: Galet Pagos|Stealth Rock|p1a: Weezing
|-sidestart|p1: alexis de la cruaz|move: Stealth Rock
|
|-heal|p1a: Weezing|75/100 brn|[from] item: Leftovers
|-damage|p2a: Galet Pagos|78/100 tox|[from] psn
|-damage|p1a: Weezing|69/100 brn|[from] brn
|upkeep
|turn|3
|
|t:|1769426401
|move|p1a: Weezing|Defog|p2a: Galet Pagos
|-unboost|p2a: Galet Pagos|evasion|1
|-sideend|p1: alexis de la cruaz|Stealth Rock|[from] move: Defog|[of] p1a: Weezing
|move|p2a: Galet Pagos|Lava Plume|p1a: Weezing
|-damage|p1a: Weezing|39/100 brn
|
|-heal|p1a: Weezing|45/100 brn|[from] item: Leftovers
|-damage|p2a: Galet Pagos|66/100 tox|[from] psn
|-damage|p1a: Weezing|39/100 brn|[from] brn
|upkeep
|turn|4
|
|t:|1769426417
|move|p1a: Weezing|Strange Steam|p2a: Galet Pagos
|-resisted|p2a: Galet Pagos
|-damage|p2a: Galet Pagos|48/100 tox
|-start|p2a: Galet Pagos|confusion
|-activate|p2a: Galet Pagos|confusion
|move|p2a: Galet Pagos|Lava Plume|p1a: Weezing
|-damage|p1a: Weezing|5/100 brn
|
|-heal|p1a: Weezing|11/100 brn|[from] item: Leftovers
|-damage|p2a: Galet Pagos|30/100 tox|[from] psn
|-damage|p1a: Weezing|5/100 brn|[from] brn
|upkeep
|turn|5
|
|t:|1769426439
|switch|p2a: NOISE NOISE|Hatterene, F, shiny|100/100
|move|p1a: Weezing|Strange Steam|p2a: NOISE NOISE
|-crit|p2a: NOISE NOISE
|-damage|p2a: NOISE NOISE|56/100
|-enditem|p2a: NOISE NOISE|Eject Button
|
|t:|1769426450
|switch|p2a: Age de Glace???|Great Tusk, shiny|100/100
|
|-heal|p1a: Weezing|11/100 brn|[from] item: Leftovers
|-damage|p1a: Weezing|5/100 brn|[from] brn
|upkeep
|turn|6
|
|t:|1769426457
|-end|p1a: Weezing|ability: Neutralizing Gas
|switch|p1a: Alomomola|Alomomola, M|100/100
|move|p2a: Age de Glace???|Rapid Spin|p1a: Alomomola
|-damage|p1a: Alomomola|91/100
|-boost|p2a: Age de Glace???|spe|1
|-damage|p2a: Age de Glace???|84/100|[from] item: Rocky Helmet|[of] p1a: Alomomola
|
|-heal|p2a: Age de Glace???|90/100|[from] item: Leftovers
|upkeep
|turn|7
|
|t:|1769426467
|-end|p2a: Age de Glace???|Protosynthesis|[silent]
|switch|p2a: Galet Pagos|Torkoal, F, shiny|30/100 tox
|-weather|SunnyDay|[from] ability: Drought|[of] p2a: Galet Pagos
|move|p1a: Alomomola|Wish|p1a: Alomomola
|
|-weather|SunnyDay|[upkeep]
|-damage|p2a: Galet Pagos|24/100 tox|[from] psn
|upkeep
|turn|8
|
|t:|1769426480
|move|p1a: Alomomola|Flip Turn|p2a: Galet Pagos
|-supereffective|p2a: Galet Pagos
|-damage|p2a: Galet Pagos|13/100 tox
|
|t:|1769426485
|switch|p1a: Weezing|Weezing-Galar, M|5/100 brn|[from] Flip Turn
|-ability|p1a: Weezing|Neutralizing Gas
|move|p2a: Galet Pagos|Stealth Rock|p1a: Weezing
|-sidestart|p1: alexis de la cruaz|move: Stealth Rock
|
|-weather|SunnyDay|[upkeep]
|-heal|p1a: Weezing|76/100 brn|[from] move: Wish|[wisher] Alomomola
|-heal|p1a: Weezing|82/100 brn|[from] item: Leftovers
|-damage|p2a: Galet Pagos|1/100 tox|[from] psn
|-damage|p1a: Weezing|76/100 brn|[from] brn
|upkeep
|turn|9
|
|t:|1769426502
|switch|p2a: NOISE NOISE|Hatterene, F, shiny|56/100
|move|p1a: Weezing|Defog|p2a: NOISE NOISE
|-unboost|p2a: NOISE NOISE|evasion|1
|-sideend|p1: alexis de la cruaz|Stealth Rock|[from] move: Defog|[of] p1a: Weezing
|
|-weather|SunnyDay|[upkeep]
|-heal|p1a: Weezing|82/100 brn|[from] item: Leftovers
|-damage|p1a: Weezing|76/100 brn|[from] brn
|upkeep
|turn|10
|
|t:|1769426516
|-end|p1a: Weezing|ability: Neutralizing Gas
|switch|p1a: Meloetta|Meloetta|100/100
|move|p2a: NOISE NOISE|Psychic|p1a: Meloetta
|-resisted|p1a: Meloetta
|-damage|p1a: Meloetta|89/100
|
|-weather|SunnyDay|[upkeep]
|upkeep
|turn|11
|
|t:|1769426534
|move|p1a: Meloetta|Psychic|p2a: NOISE NOISE
|-resisted|p2a: NOISE NOISE
|-crit|p2a: NOISE NOISE
|-damage|p2a: NOISE NOISE|19/100
|move|p2a: NOISE NOISE|Nuzzle|p1a: Meloetta
|-damage|p1a: Meloetta|85/100
|-status|p1a: Meloetta|par
|
|-weather|SunnyDay|[upkeep]
|upkeep
|turn|12
|
|t:|1769426548
|move|p2a: NOISE NOISE|Healing Wish|p2a: NOISE NOISE
|faint|p2a: NOISE NOISE
|cant|p1a: Meloetta|par
|
|-weather|SunnyDay|[upkeep]
|upkeep
|
|t:|1769426552
|switch|p2a: Galet Pagos|Torkoal, F, shiny|1/100 tox
|-heal|p2a: Galet Pagos|100/100|[from] move: Healing Wish
|turn|13
|
|t:|1769426565
|cant|p1a: Meloetta|par
|move|p2a: Galet Pagos|Stealth Rock|p1a: Meloetta
|-sidestart|p1: alexis de la cruaz|move: Stealth Rock
|
|-weather|SunnyDay|[upkeep]
|upkeep
|turn|14
|
|t:|1769426571
|cant|p1a: Meloetta|par
|move|p2a: Galet Pagos|Body Press|p1a: Meloetta
|-damage|p1a: Meloetta|49/100 par
|
|-weather|none
|upkeep
|turn|15
|
|t:|1769426577
|move|p1a: Meloetta|Psychic|p2a: Galet Pagos
|-damage|p2a: Galet Pagos|35/100
|-unboost|p2a: Galet Pagos|spd|1
|move|p2a: Galet Pagos|Lava Plume|p1a: Meloetta
|-damage|p1a: Meloetta|36/100 par
|
|upkeep
|turn|16
|
|t:|1769426589
|switch|p2a: I'm a Giraffe|Raging Bolt|100/100
|move|p1a: Meloetta|Shadow Ball|p2a: I'm a Giraffe
|-damage|p2a: I'm a Giraffe|72/100
|-unboost|p2a: I'm a Giraffe|spd|1
|
|-heal|p2a: I'm a Giraffe|78/100|[from] item: Leftovers
|upkeep
|turn|17
|
|t:|1769426611
|switch|p1a: Ting-Lu|Ting-Lu|100/100
|-damage|p1a: Ting-Lu|94/100|[from] Stealth Rock
|-ability|p1a: Ting-Lu|Vessel of Ruin
|move|p2a: I'm a Giraffe|Draco Meteor|p1a: Ting-Lu
|-damage|p1a: Ting-Lu|64/100
|-unboost|p2a: I'm a Giraffe|spa|2
|
|-heal|p2a: I'm a Giraffe|84/100|[from] item: Leftovers
|-heal|p1a: Ting-Lu|71/100|[from] item: Leftovers
|upkeep
|turn|18
|inactive|alexis de la cruaz has 120 seconds left.
|
|t:|1769426637
|-end|p2a: I'm a Giraffe|Protosynthesis|[silent]
|switch|p2a: Galet Pagos|Torkoal, F, shiny|35/100
|-weather|SunnyDay|[from] ability: Drought|[of] p2a: Galet Pagos
|switch|p1a: Alomomola|Alomomola, M|100/100
|-damage|p1a: Alomomola|88/100|[from] Stealth Rock
|
|-weather|SunnyDay|[upkeep]
|upkeep
|turn|19
|
|t:|1769426647
|switch|p2a: I'm a Giraffe|Raging Bolt|84/100
|-activate|p2a: I'm a Giraffe|ability: Protosynthesis
|-start|p2a: I'm a Giraffe|protosynthesisspa
|move|p1a: Alomomola|Wish|p1a: Alomomola
|
|-weather|SunnyDay|[upkeep]
|-heal|p2a: I'm a Giraffe|90/100|[from] item: Leftovers
|upkeep
|turn|20
|
|t:|1769426665
|switch|p1a: Ting-Lu|Ting-Lu|71/100
|-damage|p1a: Ting-Lu|64/100|[from] Stealth Rock
|-ability|p1a: Ting-Lu|Vessel of Ruin
|move|p2a: I'm a Giraffe|Calm Mind|p2a: I'm a Giraffe
|-boost|p2a: I'm a Giraffe|spa|1
|-boost|p2a: I'm a Giraffe|spd|1
|
|-weather|SunnyDay|[upkeep]
|-heal|p1a: Ting-Lu|100/100|[from] move: Wish|[wisher] Alomomola
|-heal|p2a: I'm a Giraffe|96/100|[from] item: Leftovers
|upkeep
|turn|21
|
|t:|1769426676
|move|p2a: I'm a Giraffe|Draco Meteor|p1a: Ting-Lu
|-damage|p1a: Ting-Lu|40/100
|-unboost|p2a: I'm a Giraffe|spa|2
|move|p1a: Ting-Lu|Earthquake|p2a: I'm a Giraffe
|-supereffective|p2a: I'm a Giraffe
|-damage|p2a: I'm a Giraffe|30/100
|
|-weather|SunnyDay|[upkeep]
|-heal|p2a: I'm a Giraffe|36/100|[from] item: Leftovers
|-heal|p1a: Ting-Lu|46/100|[from] item: Leftovers
|upkeep
|turn|22
|
|t:|1769426687
|-end|p2a: I'm a Giraffe|Protosynthesis|[silent]
|switch|p2a: Age de Glace???|Great Tusk, shiny|90/100
|-activate|p2a: Age de Glace???|ability: Protosynthesis
|-start|p2a: Age de Glace???|protosynthesisspe
|move|p1a: Ting-Lu|Earthquake|p2a: Age de Glace???
|-damage|p2a: Age de Glace???|66/100
|
|-weather|SunnyDay|[upkeep]
|-heal|p2a: Age de Glace???|73/100|[from] item: Leftovers
|-heal|p1a: Ting-Lu|52/100|[from] item: Leftovers
|upkeep
|turn|23
|
|t:|1769426702
|switch|p1a: Alomomola|Alomomola, M|100/100
|-damage|p1a: Alomomola|88/100|[from] Stealth Rock
|move|p2a: Age de Glace???|Bulk Up|p2a: Age de Glace???
|-boost|p2a: Age de Glace???|atk|1
|-boost|p2a: Age de Glace???|def|1
|
|-weather|SunnyDay|[upkeep]
|-heal|p2a: Age de Glace???|79/100|[from] item: Leftovers
|upkeep
|turn|24
|
|t:|1769426711
|move|p2a: Age de Glace???|Bulk Up|p2a: Age de Glace???
|-boost|p2a: Age de Glace???|atk|1
|-boost|p2a: Age de Glace???|def|1
|move|p1a: Alomomola|Scald|p2a: Age de Glace???
|-supereffective|p2a: Age de Glace???
|-damage|p2a: Age de Glace???|62/100
|
|-weather|SunnyDay|[upkeep]
|-heal|p2a: Age de Glace???|68/100|[from] item: Leftovers
|upkeep
|turn|25
|
|t:|1769426721
|move|p2a: Age de Glace???|Rapid Spin|p1a: Alomomola
|-damage|p1a: Alomomola|72/100
|-boost|p2a: Age de Glace???|spe|1
|-damage|p2a: Age de Glace???|51/100|[from] item: Rocky Helmet|[of] p1a: Alomomola
|move|p1a: Alomomola|Scald|p2a: Age de Glace???
|-supereffective|p2a: Age de Glace???
|-damage|p2a: Age de Glace???|36/100
|
|-weather|none
|-end|p2a: Age de Glace???|Protosynthesis
|-heal|p2a: Age de Glace???|42/100|[from] item: Leftovers
|upkeep
|turn|26
|
|t:|1769426737
|-terastallize|p1a: Alomomola|Ghost
|move|p2a: Age de Glace???|Headlong Rush|p1a: Alomomola
|-damage|p1a: Alomomola|7/100
|-unboost|p2a: Age de Glace???|def|1
|-unboost|p2a: Age de Glace???|spd|1
|-damage|p2a: Age de Glace???|25/100|[from] item: Rocky Helmet|[of] p1a: Alomomola
|move|p1a: Alomomola|Scald|p2a: Age de Glace???
|-supereffective|p2a: Age de Glace???
|-damage|p2a: Age de Glace???|0 fnt
|faint|p2a: Age de Glace???
|-end|p2a: Age de Glace???|Protosynthesis|[silent]
|
|upkeep
|
|t:|1769426748
|switch|p2a: Galet Pagos|Torkoal, F, shiny|35/100
|-weather|SunnyDay|[from] ability: Drought|[of] p2a: Galet Pagos
|turn|27
|
|t:|1769426755
|move|p1a: Alomomola|Flip Turn|p2a: Galet Pagos
|-supereffective|p2a: Galet Pagos
|-damage|p2a: Galet Pagos|26/100
|
|t:|1769426764
|switch|p1a: Meloetta|Meloetta|36/100 par|[from] Flip Turn
|-damage|p1a: Meloetta|24/100 par|[from] Stealth Rock
|move|p2a: Galet Pagos|Lava Plume|p1a: Meloetta
|-damage|p1a: Meloetta|7/100 par
|
|-weather|SunnyDay|[upkeep]
|upkeep
|turn|28
|
|t:|1769426779
|switch|p2a: I'm a Giraffe|Raging Bolt|36/100
|-activate|p2a: I'm a Giraffe|ability: Protosynthesis
|-start|p2a: I'm a Giraffe|protosynthesisspa
|move|p1a: Meloetta|Psychic|p2a: I'm a Giraffe
|-damage|p2a: I'm a Giraffe|0 fnt
|faint|p2a: I'm a Giraffe
|-end|p2a: I'm a Giraffe|Protosynthesis|[silent]
|
|-weather|SunnyDay|[upkeep]
|upkeep
|
|t:|1769426782
|switch|p2a: Yes I'm Suicune|Walking Wake|100/100
|-activate|p2a: Yes I'm Suicune|ability: Protosynthesis
|-start|p2a: Yes I'm Suicune|protosynthesisspe
|turn|29
|
|t:|1769426791
|-terastallize|p2a: Yes I'm Suicune|Water
|move|p2a: Yes I'm Suicune|Hydro Steam|p1a: Meloetta
|-damage|p1a: Meloetta|0 fnt
|faint|p1a: Meloetta
|
|-weather|SunnyDay|[upkeep]
|upkeep
|
|t:|1769426805
|switch|p1a: Alomomola|Alomomola, M, tera:Ghost|40/100
|-damage|p1a: Alomomola|28/100|[from] Stealth Rock
|turn|30
|
|t:|1769426811
|move|p1a: Alomomola|Protect|p1a: Alomomola
|-singleturn|p1a: Alomomola|Protect
|move|p2a: Yes I'm Suicune|Hydro Steam|p1a: Alomomola
|-activate|p1a: Alomomola|move: Protect
|
|-weather|SunnyDay|[upkeep]
|upkeep
|turn|31
|
|t:|1769426827
|switch|p1a: Weezing|Weezing-Galar, M|76/100 brn
|-ability|p1a: Weezing|Neutralizing Gas
|-damage|p1a: Weezing|63/100 brn|[from] Stealth Rock
|move|p2a: Yes I'm Suicune|Hydro Steam|p1a: Weezing
|-damage|p1a: Weezing|0 fnt
|faint|p1a: Weezing
|-end|p1a: Weezing|ability: Neutralizing Gas
|
|-weather|SunnyDay|[upkeep]
|upkeep
|
|t:|1769426838
|switch|p1a: Alomomola|Alomomola, M, tera:Ghost|61/100
|-damage|p1a: Alomomola|49/100|[from] Stealth Rock
|turn|32
|
|t:|1769426845
|move|p1a: Alomomola|Protect|p1a: Alomomola
|-singleturn|p1a: Alomomola|Protect
|move|p2a: Yes I'm Suicune|Hydro Steam|p1a: Alomomola
|-activate|p1a: Alomomola|move: Protect
|
|-weather|SunnyDay|[upkeep]
|upkeep
|turn|33
|
|t:|1769426859
|switch|p1a: Ting-Lu|Ting-Lu|52/100
|-damage|p1a: Ting-Lu|46/100|[from] Stealth Rock
|-ability|p1a: Ting-Lu|Vessel of Ruin
|move|p2a: Yes I'm Suicune|Hydro Steam|p1a: Ting-Lu
|-supereffective|p1a: Ting-Lu
|-damage|p1a: Ting-Lu|0 fnt
|faint|p1a: Ting-Lu
|
|-weather|SunnyDay|[upkeep]
|upkeep
|
|t:|1769426870
|switch|p1a: Alomomola|Alomomola, M, tera:Ghost|82/100
|-damage|p1a: Alomomola|70/100|[from] Stealth Rock
|turn|34
|
|t:|1769426882
|move|p1a: Alomomola|Protect|p1a: Alomomola
|-singleturn|p1a: Alomomola|Protect
|move|p2a: Yes I'm Suicune|Hydro Steam|p1a: Alomomola
|-activate|p1a: Alomomola|move: Protect
|
|-weather|none
|-end|p2a: Yes I'm Suicune|Protosynthesis
|upkeep
|turn|35
|
|t:|1769426910
|-end|p2a: Yes I'm Suicune|Protosynthesis|[silent]
|switch|p2a: Galet Pagos|Torkoal, F, shiny|26/100
|-weather|SunnyDay|[from] ability: Drought|[of] p2a: Galet Pagos
|switch|p1a: Kingambit|Kingambit, F|100/100
|-damage|p1a: Kingambit|94/100|[from] Stealth Rock
|-activate|p1a: Kingambit|ability: Supreme Overlord
|-start|p1a: Kingambit|fallen3|[silent]
|
|-weather|SunnyDay|[upkeep]
|-heal|p1a: Kingambit|100/100|[from] item: Leftovers
|upkeep
|turn|36
|inactive|alexis de la cruaz has 120 seconds left.
|
|t:|1769426927
|move|p1a: Kingambit|Sucker Punch|p2a: Galet Pagos
|-damage|p2a: Galet Pagos|0 fnt
|faint|p2a: Galet Pagos
|
|-weather|SunnyDay|[upkeep]
|upkeep
|l|☆Kevinbassonon
|inactive|Kevinbassonon disconnected and has a minute to reconnect!
|player|p2|
|j|☆Kevinbassonon
|inactive|Kevinbassonon reconnected and has 130 seconds left.
|player|p2|Kevinbassonon|266|
|
|t:|1769426950
|switch|p2a: XIOOOONXIOOOON|Ceruledge, F|100/100
|turn|37
|
|t:|1769426956
|move|p1a: Kingambit|Sucker Punch|p2a: XIOOOONXIOOOON
|-supereffective|p2a: XIOOOONXIOOOON
|-enditem|p2a: XIOOOONXIOOOON|Focus Sash
|-damage|p2a: XIOOOONXIOOOON|1/100
|-ability|p2a: XIOOOONXIOOOON|Weak Armor|boost
|-unboost|p2a: XIOOOONXIOOOON|def|1
|-boost|p2a: XIOOOONXIOOOON|spe|2
|move|p2a: XIOOOONXIOOOON|Bitter Blade|p1a: Kingambit
|-supereffective|p1a: Kingambit
|-damage|p1a: Kingambit|0 fnt
|-heal|p2a: XIOOOONXIOOOON|60/100|[from] drain|[of] p1a: Kingambit
|faint|p1a: Kingambit
|-end|p1a: Kingambit|fallen3|[silent]
|
|-weather|SunnyDay|[upkeep]
|upkeep
|
|t:|1769426969
|switch|p1a: Zamazenta|Zamazenta|100/100
|-damage|p1a: Zamazenta|94/100|[from] Stealth Rock
|-ability|p1a: Zamazenta|Dauntless Shield|boost
|-boost|p1a: Zamazenta|def|1
|turn|38
|
|t:|1769426981
|move|p2a: XIOOOONXIOOOON|Bitter Blade|p1a: Zamazenta
|-damage|p1a: Zamazenta|59/100
|-heal|p2a: XIOOOONXIOOOON|83/100|[from] drain|[of] p1a: Zamazenta
|move|p1a: Zamazenta|Crunch|p2a: XIOOOONXIOOOON
|-supereffective|p2a: XIOOOONXIOOOON
|-damage|p2a: XIOOOONXIOOOON|0 fnt
|faint|p2a: XIOOOONXIOOOON
|
|-weather|SunnyDay|[upkeep]
|-heal|p1a: Zamazenta|65/100|[from] item: Leftovers
|upkeep
|
|t:|1769426988
|switch|p2a: Yes I'm Suicune|Walking Wake, tera:Water|100/100
|-activate|p2a: Yes I'm Suicune|ability: Protosynthesis
|-start|p2a: Yes I'm Suicune|protosynthesisspe
|turn|39
|
|t:|1769427002
|move|p2a: Yes I'm Suicune|Hydro Steam|p1a: Zamazenta
|-damage|p1a: Zamazenta|0 fnt
|faint|p1a: Zamazenta
|
|-weather|SunnyDay|[upkeep]
|upkeep
|
|t:|1769427006
|switch|p1a: Alomomola|Alomomola, M, tera:Ghost|100/100
|-damage|p1a: Alomomola|88/100|[from] Stealth Rock
|turn|40
|
|t:|1769427009
|move|p2a: Yes I'm Suicune|Hydro Steam|p1a: Alomomola
|-damage|p1a: Alomomola|0 fnt
|faint|p1a: Alomomola
|
|win|Kevinbassonon
|raw|alexis de la cruaz's rating: 1407 &rarr; <strong>1389</strong><br />(-18 for losing)
|raw|Kevinbassonon's rating: 1438 &rarr; <strong>1456</strong><br />(+18 for winning)
|l|☆Kevinbassonon
|player|p2|
|l|☆alexis de la cruaz
|player|p1|
