|j|☆gfitzy
|j|☆pueb
|t:|1769319086
|gametype|singles
|player|p1|gfitzy|cynthia-masters|
|player|p2|pueb|ethan|
|gen|9
|tier|[Gen 9] OU
|rule|HP Percentage Mod: HP is shown in percentages
|rule|Endless Battle Clause: Forcing endless battles is banned
|rule|Species Clause: Limit one of each Pokémon
|rule|OHKO Clause: OHKO moves are banned
|rule|Evasion Items Clause: Evasion items are banned
|rule|Evasion Moves Clause: Evasion moves are banned
|rule|Evasion Abilities Clause: Evasion abilities are banned
|rule|Sleep Moves Clause: Sleep-inducing moves are banned
|clearpoke
|poke|p1|Carbink, L1|
|poke|p1|Braviary-Hisui, M|
|poke|p1|Ursaluna, M|
|poke|p1|Kingambit, M|
|poke|p1|Iron Hands|
|poke|p1|Hatterene, F|
|poke|p2|Great Tusk|
|poke|p2|Gholdengo|
|poke|p2|Kingambit, F|
|poke|p2|Dragonite, M|
|poke|p2|Iron Valiant|
|poke|p2|Toxapex, F|
|teampreview
|
|t:|1769319095
|teamsize|p1|6
|teamsize|p2|6
|start
|switch|p1a: The Bink|Carbink, L1, shiny|100/100
|switch|p2a: manny|Great Tusk|100/100
|turn|1
|
|t:|1769319103
|move|p2a: manny|Stealth Rock|p1a: The Bink
|-sidestart|p1: gfitzy|move: Stealth Rock
|move|p1a: The Bink|Trick Room|p1a: The Bink
|-fieldstart|move: Trick Room|[of] p1a: The Bink
|
|-damage|p1a: The Bink|92/100|[from] item: Black Sludge
|upkeep
|turn|2
|
|t:|1769319112
|move|p1a: The Bink|Endeavor|p2a: manny
|-damage|p2a: manny|3/100
|move|p2a: manny|Earthquake|p1a: The Bink
|-supereffective|p1a: The Bink
|-damage|p1a: The Bink|0 fnt
|faint|p1a: The Bink
|
|-heal|p2a: manny|9/100|[from] item: Leftovers
|upkeep
|
|t:|1769319122
|switch|p1a: Balloon Boy|Braviary-Hisui, M, shiny|100/100
|-damage|p1a: Balloon Boy|76/100|[from] Stealth Rock
|turn|3
|
|t:|1769319129
|move|p1a: Balloon Boy|Psychic|p2a: manny
|-supereffective|p2a: manny
|-damage|p2a: manny|0 fnt
|faint|p2a: manny
|-end|p2a: manny|Protosynthesis|[silent]
|
|upkeep
|
|t:|1769319137
|switch|p2a: the pex|Toxapex, F|100/100
|turn|4
|
|t:|1769319151
|move|p2a: the pex|Toxic|p1a: Balloon Boy
|-status|p1a: Balloon Boy|tox
|move|p1a: Balloon Boy|Psychic|p2a: the pex
|-supereffective|p2a: the pex
|-damage|p2a: the pex|0 fnt
|faint|p2a: the pex
|
|-damage|p1a: Balloon Boy|70/100 tox|[from] psn
|upkeep
|
|t:|1769319167
|switch|p2a: robotic twink|Iron Valiant|100/100
|-enditem|p2a: robotic twink|Booster Energy
|-activate|p2a: robotic twink|ability: Quark Drive|[fromitem]
|-start|p2a: robotic twink|quarkdrivespe
|turn|5
|
|t:|1769319174
|move|p1a: Balloon Boy|Psychic|p2a: robotic twink
|-supereffective|p2a: robotic twink
|-damage|p2a: robotic twink|0 fnt
|faint|p2a: robotic twink
|-end|p2a: robotic twink|Quark Drive|[silent]
|
|-damage|p1a: Balloon Boy|57/100 tox|[from] psn
|-fieldend|move: Trick Room
|upkeep
|
|t:|1769319182
|switch|p2a: LETS GO GAMBLING|Gholdengo|100/100
|-item|p2a: LETS GO GAMBLING|Air Balloon
|turn|6
|
|t:|1769319191
|move|p2a: LETS GO GAMBLING|Shadow Ball|p1a: Balloon Boy
|-supereffective|p1a: Balloon Boy
|-damage|p1a: Balloon Boy|0 fnt
|faint|p1a: Balloon Boy
|
|upkeep
|
|t:|1769319200
|switch|p1a: Chica|Hatterene, F|100/100
|-damage|p1a: Chica|88/100|[from] Stealth Rock
|turn|7
|
|t:|1769319208
|-terastallize|p2a: LETS GO GAMBLING|Steel
|-terastallize|p1a: Chica|Steel
|move|p2a: LETS GO GAMBLING|Shadow Ball|p1a: Chica
|-damage|p1a: Chica|41/100
|move|p1a: Chica|Trick Room|p1a: Chica
|-fieldstart|move: Trick Room|[of] p1a: Chica
|
|upkeep
|turn|8
|
|t:|1769319218
|move|p1a: Chica|Healing Wish|p1a: Chica
|faint|p1a: Chica
|move|p2a: LETS GO GAMBLING|Shadow Ball|p1: Chica|[notarget]
|-fail|p2a: LETS GO GAMBLING
|
|upkeep
|
|t:|1769319226
|switch|p1a: Bonnie|Iron Hands|100/100
|-damage|p1a: Bonnie|94/100|[from] Stealth Rock
|-enditem|p1a: Bonnie|Booster Energy
|-activate|p1a: Bonnie|ability: Quark Drive|[fromitem]
|-start|p1a: Bonnie|quarkdriveatk
|turn|9
|
|t:|1769319235
|move|p1a: Bonnie|Drain Punch|p2a: LETS GO GAMBLING
|-supereffective|p2a: LETS GO GAMBLING
|-damage|p2a: LETS GO GAMBLING|0 fnt
|-heal|p1a: Bonnie|100/100|[from] drain|[of] p2a: LETS GO GAMBLING
|-enditem|p2a: LETS GO GAMBLING|Air Balloon
|faint|p2a: LETS GO GAMBLING
|
|upkeep
|
|t:|1769319243
|switch|p2a: samurai jack|Kingambit, F|100/100
|-activate|p2a: samurai jack|ability: Supreme Overlord
|-start|p2a: samurai jack|fallen4|[silent]
|turn|10
|
|t:|1769319256
|move|p1a: Bonnie|Drain Punch|p2a: samurai jack
|-supereffective|p2a: samurai jack
|-damage|p2a: samurai jack|0 fnt
|faint|p2a: samurai jack
|-end|p2a: samurai jack|fallen4|[silent]
|
|upkeep
|
|t:|1769319267
|switch|p2a: fat fuck.|Dragonite, M|100/100
|turn|11
|
|t:|1769319280
|move|p1a: Bonnie|Ice Punch|p2a: fat fuck.
|-supereffective|p2a: fat fuck.
|-damage|p2a: fat fuck.|20/100
|move|p2a: fat fuck.|Earthquake|p1a: Bonnie
|-supereffective|p1a: Bonnie
|-damage|p1a: Bonnie|44/100
|
|-fieldend|move: Trick Room
|upkeep
|turn|12
|
|t:|1769319288
|move|p2a: fat fuck.|Earthquake|p1a: Bonnie
|-supereffective|p1a: Bonnie
|-damage|p1a: Bonnie|0 fnt
|faint|p1a: Bonnie
|-end|p1a: Bonnie|Quark Drive|[silent]
|
|upkeep
|
|t:|1769319298
|switch|p1a: Freddy|Ursaluna, M|100/100
|-damage|p1a: Freddy|94/100|[from] Stealth Rock
|turn|13
|
|t:|1769319305
|move|p2a: fat fuck.|Earthquake|p1a: Freddy
|-damage|p1a: Freddy|66/100
|move|p1a: Freddy|Crunch|p2a: fat fuck.
|-damage|p2a: fat fuck.|0 fnt
|faint|p2a: fat fuck.
|
|win|gfitzy
|l|☆pueb
|player|p2|
