|j|☆bsgff
|j|☆iygyyyuyu
|t:|1769298937
|gametype|singles
|player|p1|bsgff|266|1040
|player|p2|iygyyyuyu|ethan|1000
|gen|9
|tier|[Gen 9] OU
|rated|
|rule|HP Percentage Mod: HP is shown in percentages
|rule|Endless Battle Clause: Forcing endless battles is banned
|rule|Species Clause: Limit one of each Pokémon
|rule|OHKO Clause: OHKO moves are banned
|rule|Evasion Items Clause: Evasion items are banned
|rule|Evasion Moves Clause: Evasion moves are banned
|rule|Evasion Abilities Clause: Evasion abilities are banned
|rule|Sleep Moves Clause: Sleep-inducing moves are banned
|clearpoke
|poke|p1|Corviknight, M|
|poke|p1|Garchomp, F|
|poke|p1|Snorlax, F|
|poke|p1|Alomomola, F|
|poke|p1|Darkrai|
|poke|p1|Hatterene, F|
|poke|p2|Weavile, F|
|poke|p2|Deoxys-Speed|
|poke|p2|Salamence, M|
|poke|p2|Iron Moth|
|poke|p2|Gengar, M|
|poke|p2|Rampardos, F|
|teampreview
|inactive|Battle timer is ON: inactive players will automatically lose when time's up. (requested by bsgff)
|
|t:|1769298955
|teamsize|p1|6
|teamsize|p2|6
|start
|switch|p1a: Hatterene|Hatterene, F, shiny|100/100
|switch|p2a: Deoxys|Deoxys-Speed|100/100
|-ability|p2a: Deoxys|Pressure
|turn|1
|
|t:|1769298963
|move|p2a: Deoxys|Stealth Rock|p1a: Hatterene
|move|p1a: Hatterene|Stealth Rock|p2a: Deoxys|[from] ability: Magic Bounce
|-sidestart|p2: iygyyyuyu|move: Stealth Rock
|move|p1a: Hatterene|Nuzzle|p2a: Deoxys
|-damage|p2a: Deoxys|94/100
|-status|p2a: Deoxys|par
|-enditem|p2a: Deoxys|Red Card|[of] p1a: Hatterene
|drag|p1a: Alomomola|Alomomola, F|100/100
|
|upkeep
|turn|2
|
|t:|1769298973
|switch|p1a: Hatterene|Hatterene, F, shiny|100/100
|move|p2a: Deoxys|Spikes|p1a: Hatterene
|move|p1a: Hatterene|Spikes|p2a: Deoxys|[from] ability: Magic Bounce
|-sidestart|p2: iygyyyuyu|Spikes
|
|upkeep
|turn|3
|
|t:|1769298983
|move|p2a: Deoxys|Meteor Beam||[still]
|-prepare|p2a: Deoxys|Meteor Beam
|-boost|p2a: Deoxys|spa|1
|move|p1a: Hatterene|Future Sight|p2a: Deoxys
|-start|p1a: Hatterene|move: Future Sight
|
|upkeep
|turn|4
|
|t:|1769298997
|switch|p1a: Darkrai|Darkrai|100/100
|move|p2a: Deoxys|Meteor Beam|p1a: Darkrai|[from] lockedmove
|-damage|p1a: Darkrai|32/100
|
|upkeep
|turn|5
|
|t:|1769299009
|move|p1a: Darkrai|Dark Pulse|p2a: Deoxys
|-supereffective|p2a: Deoxys
|-damage|p2a: Deoxys|0 fnt
|faint|p2a: Deoxys
|
|-hint|Future Sight did not hit because the target is fainted.
|upkeep
|
|t:|1769299018
|switch|p2a: Salamence|Salamence, M|100/100
|-damage|p2a: Salamence|76/100|[from] Stealth Rock
|-ability|p2a: Salamence|Intimidate|boost
|-unboost|p1a: Darkrai|atk|1
|turn|6
|
|t:|1769299029
|switch|p1a: Corviknight|Corviknight, M, shiny|100/100
|-ability|p1a: Corviknight|Pressure
|move|p2a: Salamence|Outrage|p1a: Corviknight
|-resisted|p1a: Corviknight
|-damage|p1a: Corviknight|78/100
|
|-heal|p1a: Corviknight|84/100|[from] item: Leftovers
|upkeep
|turn|7
|
|t:|1769299038
|move|p2a: Salamence|Outrage|p1a: Corviknight|[from] lockedmove
|-resisted|p1a: Corviknight
|-damage|p1a: Corviknight|58/100
|-start|p2a: Salamence|confusion|[fatigue]
|move|p1a: Corviknight|Substitute|p1a: Corviknight
|-start|p1a: Corviknight|Substitute
|-damage|p1a: Corviknight|33/100
|
|-heal|p1a: Corviknight|39/100|[from] item: Leftovers
|upkeep
|turn|8
|
|t:|1769299050
|-activate|p2a: Salamence|confusion
|move|p2a: Salamence|Outrage|p1a: Corviknight
|-resisted|p1a: Corviknight
|-end|p1a: Corviknight|Substitute
|move|p1a: Corviknight|Roost|p1a: Corviknight
|-heal|p1a: Corviknight|89/100
|-singleturn|p1a: Corviknight|move: Roost
|
|-heal|p1a: Corviknight|95/100|[from] item: Leftovers
|upkeep
|turn|9
|
|t:|1769299061
|-activate|p2a: Salamence|confusion
|move|p2a: Salamence|Outrage|p1a: Corviknight|[from] lockedmove
|-resisted|p1a: Corviknight
|-damage|p1a: Corviknight|71/100
|move|p1a: Corviknight|Brave Bird|p2a: Salamence
|-damage|p2a: Salamence|30/100
|-damage|p1a: Corviknight|58/100|[from] Recoil
|
|-heal|p1a: Corviknight|64/100|[from] item: Leftovers
|upkeep
|turn|10
|
|t:|1769299072
|-activate|p2a: Salamence|confusion
|move|p2a: Salamence|Double-Edge|p1a: Corviknight
|-resisted|p1a: Corviknight
|-damage|p1a: Corviknight|49/100
|-damage|p2a: Salamence|23/100|[from] Recoil
|move|p1a: Corviknight|Roost|p1a: Corviknight
|-heal|p1a: Corviknight|99/100
|-singleturn|p1a: Corviknight|move: Roost
|
|-heal|p1a: Corviknight|100/100|[from] item: Leftovers
|upkeep
|turn|11
|
|t:|1769299085
|-end|p2a: Salamence|confusion
|move|p2a: Salamence|Outrage|p1a: Corviknight
|-resisted|p1a: Corviknight
|-damage|p1a: Corviknight|76/100
|move|p1a: Corviknight|Brave Bird|p2a: Salamence
|-damage|p2a: Salamence|0 fnt
|faint|p2a: Salamence
|-damage|p1a: Corviknight|70/100|[from] Recoil
|
|-heal|p1a: Corviknight|76/100|[from] item: Leftovers
|upkeep
|
|t:|1769299098
|switch|p2a: Gengar|Gengar, M|100/100
|-damage|p2a: Gengar|88/100|[from] Stealth Rock
|-damage|p2a: Gengar|76/100|[from] Spikes
|turn|12
|
|t:|1769299111
|move|p2a: Gengar|Toxic|p1a: Corviknight
|-immune|p1a: Corviknight
|move|p1a: Corviknight|Roost|p1a: Corviknight
|-heal|p1a: Corviknight|100/100
|-singleturn|p1a: Corviknight|move: Roost
|
|upkeep
|turn|13
|
|t:|1769299118
|move|p2a: Gengar|Night Shade|p1a: Corviknight
|-damage|p1a: Corviknight|75/100
|move|p1a: Corviknight|Brave Bird|p2a: Gengar
|-damage|p2a: Gengar|13/100
|-damage|p1a: Corviknight|59/100|[from] Recoil
|-enditem|p2a: Gengar|Red Card|[of] p1a: Corviknight
|drag|p1a: Alomomola|Alomomola, F|100/100
|
|upkeep
|turn|14
|
|t:|1769299128
|move|p2a: Gengar|Toxic|p1a: Alomomola
|-status|p1a: Alomomola|tox
|move|p1a: Alomomola|Flip Turn|p2a: Gengar
|-damage|p2a: Gengar|0 fnt
|faint|p2a: Gengar
|
|t:|1769299132
|switch|p1a: Garchomp|Garchomp, F|100/100|[from] Flip Turn
|
|upkeep
|
|t:|1769299139
|switch|p2a: Iron Moth|Iron Moth|100/100
|-damage|p2a: Iron Moth|76/100|[from] Stealth Rock
|-damage|p2a: Iron Moth|63/100|[from] Spikes
|-enditem|p2a: Iron Moth|Booster Energy
|-activate|p2a: Iron Moth|ability: Quark Drive|[fromitem]
|-start|p2a: Iron Moth|quarkdrivespa
|turn|15
|
|t:|1769299152
|-terastallize|p1a: Garchomp|Steel
|move|p2a: Iron Moth|Overheat|p1a: Garchomp
|-supereffective|p1a: Garchomp
|-damage|p1a: Garchomp|0 fnt
|-unboost|p2a: Iron Moth|spa|2
|faint|p1a: Garchomp
|
|upkeep
|
|t:|1769299159
|switch|p1a: Snorlax|Snorlax, F|100/100
|turn|16
|
|t:|1769299165
|move|p2a: Iron Moth|Toxic Spikes|p1a: Snorlax
|-sidestart|p1: bsgff|move: Toxic Spikes
|move|p1a: Snorlax|High Horsepower|p2a: Iron Moth
|-supereffective|p2a: Iron Moth
|-damage|p2a: Iron Moth|0 fnt
|faint|p2a: Iron Moth
|-end|p2a: Iron Moth|Quark Drive|[silent]
|
|upkeep
|
|t:|1769299173
|switch|p2a: Rampardos|Rampardos, F|100/100
|-damage|p2a: Rampardos|88/100|[from] Stealth Rock
|-damage|p2a: Rampardos|76/100|[from] Spikes
|-ability|p2a: Rampardos|Mold Breaker
|turn|17
|
|t:|1769299187
|switch|p1a: Alomomola|Alomomola, F|100/100 tox
|move|p2a: Rampardos|Head Smash|p1a: Alomomola
|-damage|p1a: Alomomola|25/100 tox
|-damage|p2a: Rampardos|27/100|[from] Recoil
|
|-damage|p1a: Alomomola|19/100 tox|[from] psn
|upkeep
|turn|18
|
|t:|1769299199
|switch|p1a: Corviknight|Corviknight, M, shiny|59/100
|-ability|p1a: Corviknight|Pressure
|move|p2a: Rampardos|Outrage|p1a: Corviknight
|-resisted|p1a: Corviknight
|-damage|p1a: Corviknight|37/100
|
|-heal|p1a: Corviknight|43/100|[from] item: Leftovers
|upkeep
|turn|19
|
|t:|1769299209
|move|p1a: Corviknight|Roost|p1a: Corviknight
|-heal|p1a: Corviknight|93/100
|-singleturn|p1a: Corviknight|move: Roost
|move|p2a: Rampardos|Outrage|p1a: Corviknight|[from] lockedmove
|-resisted|p1a: Corviknight
|-damage|p1a: Corviknight|73/100
|-start|p2a: Rampardos|confusion|[fatigue]
|
|-heal|p1a: Corviknight|79/100|[from] item: Leftovers
|upkeep
|turn|20
|
|t:|1769299227
|move|p1a: Corviknight|Substitute|p1a: Corviknight
|-start|p1a: Corviknight|Substitute
|-damage|p1a: Corviknight|54/100
|-activate|p2a: Rampardos|confusion
|move|p2a: Rampardos|Earthquake|p1a: Corviknight
|-immune|p1a: Corviknight
|
|-heal|p1a: Corviknight|60/100|[from] item: Leftovers
|upkeep
|turn|21
|
|t:|1769299237
|move|p1a: Corviknight|Brave Bird|p2a: Rampardos
|-resisted|p2a: Rampardos
|-damage|p2a: Rampardos|3/100
|-damage|p1a: Corviknight|44/100|[from] item: Rocky Helmet|[of] p2a: Rampardos
|-damage|p1a: Corviknight|36/100|[from] Recoil
|-end|p2a: Rampardos|confusion
|move|p2a: Rampardos|Head Smash|p1a: Corviknight|[miss]
|-miss|p2a: Rampardos|p1a: Corviknight
|
|-heal|p1a: Corviknight|42/100|[from] item: Leftovers
|upkeep
|turn|22
|
|t:|1769299251
|move|p1a: Corviknight|Roost|p1a: Corviknight
|-heal|p1a: Corviknight|92/100
|-singleturn|p1a: Corviknight|move: Roost
|move|p2a: Rampardos|Giga Impact|p1a: Corviknight
|-resisted|p1a: Corviknight
|-end|p1a: Corviknight|Substitute
|-mustrecharge|p2a: Rampardos
|
|-heal|p1a: Corviknight|98/100|[from] item: Leftovers
|upkeep
|turn|23
|
|t:|1769299262
|move|p1a: Corviknight|Substitute|p1a: Corviknight
|-start|p1a: Corviknight|Substitute
|-damage|p1a: Corviknight|73/100
|cant|p2a: Rampardos|recharge
|
|-heal|p1a: Corviknight|80/100|[from] item: Leftovers
|upkeep
|turn|24
|
|t:|1769299269
|move|p1a: Corviknight|Brave Bird|p2a: Rampardos
|-resisted|p2a: Rampardos
|-damage|p2a: Rampardos|0 fnt
|-damage|p1a: Corviknight|63/100|[from] item: Rocky Helmet|[of] p2a: Rampardos
|faint|p2a: Rampardos
|-damage|p1a: Corviknight|62/100|[from] Recoil
|
|-heal|p1a: Corviknight|69/100|[from] item: Leftovers
|upkeep
|
|t:|1769299280
|switch|p2a: Weavile|Weavile, F|100/100
|-damage|p2a: Weavile|76/100|[from] Stealth Rock
|-damage|p2a: Weavile|63/100|[from] Spikes
|-ability|p2a: Weavile|Pressure
|turn|25
|
|t:|1769299290
|move|p2a: Weavile|Ice Spinner|p1a: Corviknight
|-end|p1a: Corviknight|Substitute
|move|p1a: Corviknight|Brave Bird|p2a: Weavile
|-damage|p2a: Weavile|0 fnt
|faint|p2a: Weavile
|-damage|p1a: Corviknight|54/100|[from] Recoil
|
|win|bsgff
|raw|bsgff's rating: 1040 &rarr; <strong>1070</strong><br />(+30 for winning)
|raw|iygyyyuyu's rating: 1000 &rarr; <strong>1000</strong><br />(+0 for losing)
