|j|☆treeshhhh
|j|☆lirip
|t:|1769308067
|gametype|singles
|player|p1|treeshhhh|102|1442
|player|p2|lirip|drayden|1452
|gen|9
|tier|[Gen 9] OU
|rated|
|rule|HP Percentage Mod: HP is shown in percentages
|rule|Endless Battle Clause: Forcing endless battles is banned
|rule|Species Clause: Limit one of each Pokémon
|rule|OHKO Clause: OHKO moves are banned
|rule|Evasion Items Clause: Evasion items are banned
|rule|Evasion Moves Clause: Evasion moves are banned
|rule|Evasion Abilities Clause: Evasion abilities are banned
|rule|Sleep Moves Clause: Sleep-inducing moves are banned
|clearpoke
|poke|p1|Dragonite, M|
|poke|p1|Samurott-Hisui, M|
|poke|p1|Clefable, M|
|poke|p1|Gliscor, F|
|poke|p1|Gholdengo|
|poke|p1|Zamazenta-*|
|poke|p2|Walking Wake|
|poke|p2|Samurott-Hisui, F|
|poke|p2|Ceruledge, M|
|poke|p2|Ninetales, F|
|poke|p2|Great Tusk|
|poke|p2|Gholdengo|
|teampreview
|
|t:|1769308092
|teamsize|p1|6
|teamsize|p2|6
|start
|switch|p1a: Gliscor|Gliscor, F|100/100
|switch|p2a: Samurott|Samurott-Hisui, F|100/100
|turn|1
|
|t:|1769308097
|move|p1a: Gliscor|Protect|p1a: Gliscor
|-singleturn|p1a: Gliscor|Protect
|move|p2a: Samurott|Ceaseless Edge|p1a: Gliscor
|-activate|p1a: Gliscor|move: Protect
|
|-status|p1a: Gliscor|tox|[from] item: Toxic Orb
|upkeep
|turn|2
|
|t:|1769308134
|move|p2a: Samurott|Ceaseless Edge|p1a: Gliscor
|-damage|p1a: Gliscor|50/100 tox
|-sidestart|p1: treeshhhh|Spikes
|move|p1a: Gliscor|Swords Dance|p1a: Gliscor
|-boost|p1a: Gliscor|atk|2
|
|-heal|p1a: Gliscor|63/100 tox|[from] ability: Poison Heal
|upkeep
|turn|3
|
|t:|1769308140
|move|p1a: Gliscor|Protect|p1a: Gliscor
|-singleturn|p1a: Gliscor|Protect
|move|p2a: Samurott|Ceaseless Edge|p1a: Gliscor
|-activate|p1a: Gliscor|move: Protect
|
|-heal|p1a: Gliscor|75/100 tox|[from] ability: Poison Heal
|upkeep
|turn|4
|c|☆lirip|Watch me miss
|
|t:|1769308155
|-terastallize|p1a: Gliscor|Normal
|move|p2a: Samurott|Ceaseless Edge|p1a: Gliscor
|-damage|p1a: Gliscor|23/100 tox
|-sidestart|p1: treeshhhh|Spikes
|move|p1a: Gliscor|Facade|p2a: Samurott
|-damage|p2a: Samurott|0 fnt
|faint|p2a: Samurott
|
|-heal|p1a: Gliscor|35/100 tox|[from] ability: Poison Heal
|upkeep
|c|☆lirip|Oh thank god
|
|t:|1769308165
|switch|p2a: Ninetales|Ninetales, F, shiny|100/100
|-weather|SunnyDay|[from] ability: Drought|[of] p2a: Ninetales
|turn|5
|
|t:|1769308185
|move|p2a: Ninetales|Weather Ball|p1a: Gliscor
|-damage|p1a: Gliscor|0 fnt
|faint|p1a: Gliscor
|
|-weather|SunnyDay|[upkeep]
|upkeep
|
|t:|1769308208
|switch|p1a: Clefable|Clefable, M|100/100
|turn|6
|
|t:|1769308212
|move|p2a: Ninetales|Weather Ball|p1a: Clefable
|-damage|p1a: Clefable|50/100
|move|p1a: Clefable|Knock Off|p2a: Ninetales
|-damage|p2a: Ninetales|78/100
|-enditem|p2a: Ninetales|Heat Rock|[from] move: Knock Off|[of] p1a: Clefable
|
|-weather|SunnyDay|[upkeep]
|upkeep
|turn|7
|
|t:|1769308225
|switch|p1a: Samurott|Samurott-Hisui, M, shiny|100/100
|-damage|p1a: Samurott|84/100|[from] Spikes
|move|p2a: Ninetales|Weather Ball|p1a: Samurott
|-resisted|p1a: Samurott
|-damage|p1a: Samurott|61/100
|
|-weather|SunnyDay|[upkeep]
|upkeep
|turn|8
|
|t:|1769308231
|switch|p2a: Great Tusk|Great Tusk|100/100
|-activate|p2a: Great Tusk|ability: Protosynthesis
|-start|p2a: Great Tusk|protosynthesisatk
|move|p1a: Samurott|Ceaseless Edge|p2a: Great Tusk
|-resisted|p2a: Great Tusk
|-damage|p2a: Great Tusk|84/100
|-sidestart|p2: lirip|Spikes
|
|-weather|SunnyDay|[upkeep]
|upkeep
|turn|9
|
|t:|1769308235
|switch|p1a: Gholdengo|Gholdengo|100/100
|-damage|p1a: Gholdengo|84/100|[from] Spikes
|move|p2a: Great Tusk|Rapid Spin|p1a: Gholdengo
|-immune|p1a: Gholdengo
|
|-weather|SunnyDay|[upkeep]
|upkeep
|turn|10
|
|t:|1769308239
|move|p1a: Gholdengo|Make It Rain|p2a: Great Tusk
|-damage|p2a: Great Tusk|19/100
|-unboost|p1a: Gholdengo|spa|1
|move|p2a: Great Tusk|Headlong Rush|p1a: Gholdengo
|-supereffective|p1a: Gholdengo
|-damage|p1a: Gholdengo|0 fnt
|-unboost|p2a: Great Tusk|def|1
|-unboost|p2a: Great Tusk|spd|1
|faint|p1a: Gholdengo
|
|-weather|SunnyDay|[upkeep]
|upkeep
|
|t:|1769308261
|switch|p1a: Zamazenta|Zamazenta|100/100
|-damage|p1a: Zamazenta|84/100|[from] Spikes
|-ability|p1a: Zamazenta|Dauntless Shield|boost
|-boost|p1a: Zamazenta|def|1
|turn|11
|
|t:|1769308268
|-end|p2a: Great Tusk|Protosynthesis|[silent]
|switch|p2a: Ceruledge|Ceruledge, M|100/100
|-damage|p2a: Ceruledge|88/100|[from] Spikes
|move|p1a: Zamazenta|Body Press|p2a: Ceruledge
|-immune|p2a: Ceruledge
|
|-weather|SunnyDay|[upkeep]
|-heal|p1a: Zamazenta|90/100|[from] item: Leftovers
|upkeep
|turn|12
|
|t:|1769308272
|move|p2a: Ceruledge|Bitter Blade|p1a: Zamazenta
|-damage|p1a: Zamazenta|54/100
|-heal|p2a: Ceruledge|100/100|[from] drain|[of] p1a: Zamazenta
|move|p1a: Zamazenta|Roar|p2a: Ceruledge
|drag|p2a: Walking Wake|Walking Wake|100/100
|-damage|p2a: Walking Wake|88/100|[from] Spikes
|-activate|p2a: Walking Wake|ability: Protosynthesis
|-start|p2a: Walking Wake|protosynthesisspe
|
|-weather|none
|-end|p2a: Walking Wake|Protosynthesis
|-heal|p1a: Zamazenta|60/100|[from] item: Leftovers
|upkeep
|turn|13
|
|t:|1769308279
|move|p1a: Zamazenta|Body Press|p2a: Walking Wake
|-damage|p2a: Walking Wake|34/100
|move|p2a: Walking Wake|Hydro Steam|p1a: Zamazenta
|-damage|p1a: Zamazenta|7/100
|
|-heal|p1a: Zamazenta|13/100|[from] item: Leftovers
|upkeep
|turn|14
|
|t:|1769308284
|-end|p2a: Walking Wake|Protosynthesis|[silent]
|switch|p2a: Ceruledge|Ceruledge, M|100/100
|-damage|p2a: Ceruledge|88/100|[from] Spikes
|move|p1a: Zamazenta|Body Press|p2a: Ceruledge
|-immune|p2a: Ceruledge
|
|-heal|p1a: Zamazenta|20/100|[from] item: Leftovers
|upkeep
|turn|15
|
|t:|1769308288
|move|p1a: Zamazenta|Crunch|p2a: Ceruledge
|-supereffective|p2a: Ceruledge
|-damage|p2a: Ceruledge|29/100
|move|p2a: Ceruledge|Bitter Blade|p1a: Zamazenta
|-damage|p1a: Zamazenta|0 fnt
|-heal|p2a: Ceruledge|38/100|[from] drain|[of] p1a: Zamazenta
|faint|p1a: Zamazenta
|
|upkeep
|
|t:|1769308305
|switch|p1a: Samurott|Samurott-Hisui, M, shiny|61/100
|-damage|p1a: Samurott|44/100|[from] Spikes
|turn|16
|
|t:|1769308311
|switch|p2a: Great Tusk|Great Tusk|19/100
|-damage|p2a: Great Tusk|7/100|[from] Spikes
|move|p1a: Samurott|Ceaseless Edge|p2a: Great Tusk
|-resisted|p2a: Great Tusk
|-damage|p2a: Great Tusk|0 fnt
|-sidestart|p2: lirip|Spikes
|faint|p2a: Great Tusk
|-end|p2a: Great Tusk|Protosynthesis|[silent]
|
|upkeep
|
|t:|1769308312
|switch|p2a: Walking Wake|Walking Wake|34/100
|-damage|p2a: Walking Wake|18/100|[from] Spikes
|turn|17
|
|t:|1769308316
|move|p1a: Samurott|Sucker Punch|p2a: Walking Wake
|-damage|p2a: Walking Wake|0 fnt
|faint|p2a: Walking Wake
|-end|p2a: Walking Wake|Protosynthesis|[silent]
|
|upkeep
|
|t:|1769308321
|switch|p2a: Ninetales|Ninetales, F, shiny|78/100
|-damage|p2a: Ninetales|62/100|[from] Spikes
|-weather|SunnyDay|[from] ability: Drought|[of] p2a: Ninetales
|turn|18
|
|t:|1769308326
|move|p2a: Ninetales|Encore|p1a: Samurott
|-start|p1a: Samurott|Encore
|move|p1a: Samurott|Sucker Punch||[still]
|-fail|p1a: Samurott
|
|-weather|SunnyDay|[upkeep]
|upkeep
|turn|19
|
|t:|1769308330
|move|p1a: Samurott|Sucker Punch||[still]
|-fail|p1a: Samurott
|move|p2a: Ninetales|Nasty Plot|p2a: Ninetales
|-boost|p2a: Ninetales|spa|2
|
|-weather|SunnyDay|[upkeep]
|upkeep
|turn|20
|
|t:|1769308339
|switch|p1a: Dragonite|Dragonite, M|100/100
|move|p2a: Ninetales|Nasty Plot|p2a: Ninetales
|-boost|p2a: Ninetales|spa|2
|
|-weather|SunnyDay|[upkeep]
|upkeep
|turn|21
|
|t:|1769308343
|move|p2a: Ninetales|Psyshock|p1a: Dragonite
|-damage|p1a: Dragonite|72/100
|move|p1a: Dragonite|Dragon Dance|p1a: Dragonite
|-boost|p1a: Dragonite|atk|1
|-boost|p1a: Dragonite|spe|1
|
|-weather|SunnyDay|[upkeep]
|upkeep
|turn|22
|
|t:|1769308348
|move|p1a: Dragonite|Earthquake|p2a: Ninetales
|-supereffective|p2a: Ninetales
|-damage|p2a: Ninetales|0 fnt
|faint|p2a: Ninetales
|
|-weather|none
|upkeep
|
|t:|1769308351
|switch|p2a: Glimmering Soul|Gholdengo|100/100
|-item|p2a: Glimmering Soul|Air Balloon
|turn|23
|
|t:|1769308363
|switch|p1a: Clefable|Clefable, M|50/100
|move|p2a: Glimmering Soul|Make It Rain|p1a: Clefable
|-supereffective|p1a: Clefable
|-damage|p1a: Clefable|0 fnt
|-unboost|p2a: Glimmering Soul|spa|1
|faint|p1a: Clefable
|
|upkeep
|
|t:|1769308366
|switch|p1a: Samurott|Samurott-Hisui, M, shiny|44/100
|-damage|p1a: Samurott|28/100|[from] Spikes
|turn|24
|
|t:|1769308372
|-terastallize|p2a: Glimmering Soul|Steel
|move|p1a: Samurott|Ceaseless Edge|p2a: Glimmering Soul
|-damage|p2a: Glimmering Soul|66/100
|-enditem|p2a: Glimmering Soul|Air Balloon
|-sidestart|p2: lirip|Spikes
|move|p2a: Glimmering Soul|Make It Rain|p1a: Samurott
|-resisted|p1a: Samurott
|-damage|p1a: Samurott|8/100
|-unboost|p2a: Glimmering Soul|spa|1
|
|upkeep
|turn|25
|
|t:|1769308384
|move|p1a: Samurott|Razor Shell|p2a: Glimmering Soul
|-damage|p2a: Glimmering Soul|25/100
|move|p2a: Glimmering Soul|Recover|p2a: Glimmering Soul
|-heal|p2a: Glimmering Soul|75/100
|
|upkeep
|turn|26
|
|t:|1769308389
|move|p1a: Samurott|Razor Shell|p2a: Glimmering Soul
|-damage|p2a: Glimmering Soul|27/100
|move|p2a: Glimmering Soul|Recover|p2a: Glimmering Soul
|-heal|p2a: Glimmering Soul|77/100
|
|upkeep
|turn|27
|
|t:|1769308392
|move|p1a: Samurott|Razor Shell|p2a: Glimmering Soul
|-damage|p2a: Glimmering Soul|36/100
|-unboost|p2a: Glimmering Soul|def|1
|move|p2a: Glimmering Soul|Make It Rain|p1a: Samurott
|-resisted|p1a: Samurott
|-damage|p1a: Samurott|0 fnt
|-unboost|p2a: Glimmering Soul|spa|1
|faint|p1a: Samurott
|
|upkeep
|
|t:|1769308396
|switch|p1a: Dragonite|Dragonite, M|72/100
|turn|28
|
|t:|1769308403
|move|p1a: Dragonite|Dragon Dance|p1a: Dragonite
|-boost|p1a: Dragonite|atk|1
|-boost|p1a: Dragonite|spe|1
|move|p2a: Glimmering Soul|Make It Rain|p1a: Dragonite
|-damage|p1a: Dragonite|43/100
|-unboost|p2a: Glimmering Soul|spa|1
|
|upkeep
|turn|29
|
|t:|1769308406
|move|p1a: Dragonite|Roost|p1a: Dragonite
|-heal|p1a: Dragonite|93/100
|-singleturn|p1a: Dragonite|move: Roost
|move|p2a: Glimmering Soul|Make It Rain|p1a: Dragonite
|-damage|p1a: Dragonite|70/100
|-unboost|p2a: Glimmering Soul|spa|1
|
|upkeep
|turn|30
|
|t:|1769308413
|switch|p2a: Ceruledge|Ceruledge, M|38/100
|-damage|p2a: Ceruledge|13/100|[from] Spikes
|move|p1a: Dragonite|Earthquake|p2a: Ceruledge
|-supereffective|p2a: Ceruledge
|-damage|p2a: Ceruledge|0 fnt
|faint|p2a: Ceruledge
|
|upkeep
|c|☆lirip|Ggs im cooked lol
|
|t:|1769308419
|switch|p2a: Glimmering Soul|Gholdengo, tera:Steel|36/100
|-damage|p2a: Glimmering Soul|11/100|[from] Spikes
|turn|31
|
|t:|1769308422
|move|p1a: Dragonite|Earthquake|p2a: Glimmering Soul
|-supereffective|p2a: Glimmering Soul
|-damage|p2a: Glimmering Soul|0 fnt
|faint|p2a: Glimmering Soul
|
|win|treeshhhh
|raw|treeshhhh's rating: 1442 &rarr; <strong>1463</strong><br />(+21 for winning)
|raw|lirip's rating: 1452 &rarr; <strong>1431</strong><br />(-21 for losing)
|c|☆treeshhhh|gg
