|inactive|Battle timer is ON: inactive players will automatically lose when time's up.
|t:|1769306762
|gametype|singles
|player|p1|mentalsoft|#puwcvchina|
|player|p2|Runo|unknownf|
|gen|9
|tier|[Gen 9] OU
|rule|HP Percentage Mod: HP is shown in percentages
|rule|Endless Battle Clause: Forcing endless battles is banned
|rule|Species Clause: Limit one of each Pokémon
|rule|OHKO Clause: OHKO moves are banned
|rule|Evasion Items Clause: Evasion items are banned
|rule|Evasion Moves Clause: Evasion moves are banned
|rule|Evasion Abilities Clause: Evasion abilities are banned
|rule|Sleep Moves Clause: Sleep-inducing moves are banned
|clearpoke
|poke|p1|Meowscarada, M|
|poke|p1|Clefable, M|
|poke|p1|Dragonite, M|
|poke|p1|Ting-Lu|
|poke|p1|Gholdengo|
|poke|p1|Zamazenta-*|
|poke|p2|Kyurem|
|poke|p2|Cinderace, F|
|poke|p2|Landorus-Therian, M|
|poke|p2|Kingambit, F|
|poke|p2|Primarina, F|
|poke|p2|Zamazenta-*|
|teampreview
|c|☆Runo|hf
|inactive|mentalsoft has 270 seconds left.
|inactive|Runo has 270 seconds left.
|c|☆mentalsoft|hf
|inactive|mentalsoft has 240 seconds left.
|inactive|Runo has 240 seconds left.
|inactive|Runo has 210 seconds left.
|
|t:|1769306876
|teamsize|p1|6
|teamsize|p2|6
|start
|switch|p1a: Ting-Lu|Ting-Lu|100/100
|switch|p2a: Cinderace|Cinderace, F|100/100
|-ability|p1a: Ting-Lu|Vessel of Ruin
|turn|1
|
|t:|1769306884
|switch|p1a: Clefable|Clefable, M|100/100
|move|p2a: Cinderace|U-turn|p1a: Clefable
|-resisted|p1a: Clefable
|-damage|p1a: Clefable|91/100
|
|t:|1769306889
|switch|p2a: Kingambit|Kingambit, F|100/100|[from] U-turn
|
|-heal|p1a: Clefable|97/100|[from] item: Leftovers
|upkeep
|turn|2
|
|t:|1769306906
|switch|p1a: Zamazenta|Zamazenta|100/100
|-ability|p1a: Zamazenta|Dauntless Shield|boost
|-boost|p1a: Zamazenta|def|1
|move|p2a: Kingambit|Swords Dance|p2a: Kingambit
|-boost|p2a: Kingambit|atk|2
|
|upkeep
|turn|3
|
|t:|1769306926
|-terastallize|p2a: Kingambit|Fairy
|move|p2a: Kingambit|Tera Blast|p1a: Zamazenta|[anim] Tera Blast Fairy
|-supereffective|p1a: Zamazenta
|-crit|p1a: Zamazenta
|-damage|p1a: Zamazenta|0 fnt
|faint|p1a: Zamazenta
|
|upkeep
|
|t:|1769306939
|switch|p1a: Gholdengo|Gholdengo|100/100
|turn|4
|
|t:|1769306948
|move|p1a: Gholdengo|Trick|p2a: Kingambit
|-activate|p1a: Gholdengo|move: Trick|[of] p2a: Kingambit
|-item|p2a: Kingambit|Choice Scarf|[from] move: Trick
|-item|p1a: Gholdengo|Leftovers|[from] move: Trick
|move|p2a: Kingambit|Kowtow Cleave|p1a: Gholdengo
|-supereffective|p1a: Gholdengo
|-damage|p1a: Gholdengo|0 fnt
|faint|p1a: Gholdengo
|
|upkeep
|inactive|mentalsoft has 270 seconds left.
|
|t:|1769306969
|switch|p1a: Ting-Lu|Ting-Lu|100/100
|-ability|p1a: Ting-Lu|Vessel of Ruin
|turn|5
|inactive|mentalsoft has 270 seconds left.
|
|t:|1769306980
|-end|p2a: Kingambit|fallenundefined|[silent]
|switch|p2a: Primarina|Primarina, F|100/100
|move|p1a: Ting-Lu|Ruination|p2a: Primarina
|-damage|p2a: Primarina|51/100
|
|upkeep
|turn|6
|inactive|mentalsoft has 270 seconds left.
|inactive|mentalsoft has 240 seconds left.
|inactive|Runo has 270 seconds left.
|
|t:|1769307037
|switch|p2a: Landorus|Landorus-Therian, M|100/100
|-ability|p2a: Landorus|Intimidate|boost
|-unboost|p1a: Ting-Lu|atk|1
|-terastallize|p1a: Ting-Lu|Water
|move|p1a: Ting-Lu|Earthquake|p2a: Landorus
|-immune|p2a: Landorus
|
|upkeep
|turn|7
|inactive|Runo has 270 seconds left.
|
|t:|1769307047
|move|p2a: Landorus|Stealth Rock|p1a: Ting-Lu
|-sidestart|p1: mentalsoft|move: Stealth Rock
|move|p1a: Ting-Lu|Ruination|p2a: Landorus
|-damage|p2a: Landorus|51/100
|
|upkeep
|turn|8
|
|t:|1769307055
|move|p2a: Landorus|Taunt|p1a: Ting-Lu
|-start|p1a: Ting-Lu|move: Taunt
|cant|p1a: Ting-Lu|move: Taunt|Stealth Rock
|
|upkeep
|turn|9
|inactive|mentalsoft has 240 seconds left.
|
|t:|1769307068
|move|p2a: Landorus|Earth Power|p1a: Ting-Lu
|-damage|p1a: Ting-Lu|87/100
|move|p1a: Ting-Lu|Ruination|p2a: Landorus
|-damage|p2a: Landorus|26/100
|
|-heal|p1a: Ting-Lu|93/100|[from] item: Leftovers
|upkeep
|turn|10
|inactive|mentalsoft has 240 seconds left.
|
|t:|1769307097
|switch|p1a: Clefable|Clefable, M|97/100
|move|p2a: Landorus|U-turn|p1a: Clefable
|-resisted|p1a: Clefable
|-damage|p1a: Clefable|89/100
|inactive|Runo has 270 seconds left.
|
|t:|1769307119
|switch|p2a: Primarina|Primarina, F|51/100|[from] U-turn
|
|-heal|p1a: Clefable|95/100|[from] item: Leftovers
|upkeep
|turn|11
|
|t:|1769307140
|switch|p1a: Ting-Lu|Ting-Lu, tera:Water|93/100
|-damage|p1a: Ting-Lu|81/100|[from] Stealth Rock
|-ability|p1a: Ting-Lu|Vessel of Ruin
|move|p2a: Primarina|Moonblast|p1a: Ting-Lu
|-damage|p1a: Ting-Lu|49/100
|
|-heal|p1a: Ting-Lu|55/100|[from] item: Leftovers
|upkeep
|turn|12
|inactive|mentalsoft has 210 seconds left.
|
|t:|1769307167
|move|p2a: Primarina|Moonblast|p1a: Ting-Lu
|-damage|p1a: Ting-Lu|20/100
|-unboost|p1a: Ting-Lu|spa|1
|move|p1a: Ting-Lu|Earthquake|p2a: Primarina
|-damage|p2a: Primarina|0 fnt
|faint|p2a: Primarina
|
|-heal|p1a: Ting-Lu|26/100|[from] item: Leftovers
|upkeep
|
|t:|1769307177
|switch|p2a: Kyurem|Kyurem|100/100
|-ability|p2a: Kyurem|Pressure
|turn|13
|inactive|mentalsoft has 210 seconds left.
|
|t:|1769307205
|move|p2a: Kyurem|Freeze-Dry|p1a: Ting-Lu
|-supereffective|p1a: Ting-Lu
|-damage|p1a: Ting-Lu|0 fnt
|faint|p1a: Ting-Lu
|
|upkeep
|
|t:|1769307213
|switch|p1a: Clefable|Clefable, M|95/100
|turn|14
|inactive|mentalsoft has 180 seconds left.
|
|t:|1769307245
|move|p2a: Kyurem|Ice Beam|p1a: Clefable
|-damage|p1a: Clefable|50/100
|move|p1a: Clefable|Calm Mind|p1a: Clefable
|-boost|p1a: Clefable|spa|1
|-boost|p1a: Clefable|spd|1
|
|-heal|p1a: Clefable|56/100|[from] item: Leftovers
|upkeep
|turn|15
|inactive|mentalsoft has 180 seconds left.
|inactive|Runo has 270 seconds left.
|
|t:|1769307262
|move|p2a: Kyurem|Ice Beam|p1a: Clefable
|-damage|p1a: Clefable|27/100
|move|p1a: Clefable|Moonlight|p1a: Clefable
|-heal|p1a: Clefable|77/100
|
|-heal|p1a: Clefable|83/100|[from] item: Leftovers
|upkeep
|turn|16
|
|t:|1769307270
|move|p2a: Kyurem|Ice Beam|p1a: Clefable
|-damage|p1a: Clefable|52/100
|move|p1a: Clefable|Calm Mind|p1a: Clefable
|-boost|p1a: Clefable|spa|1
|-boost|p1a: Clefable|spd|1
|
|-heal|p1a: Clefable|58/100|[from] item: Leftovers
|upkeep
|turn|17
|
|t:|1769307272
|move|p2a: Kyurem|Ice Beam|p1a: Clefable
|-damage|p1a: Clefable|36/100
|move|p1a: Clefable|Moonlight|p1a: Clefable
|-heal|p1a: Clefable|86/100
|
|-heal|p1a: Clefable|92/100|[from] item: Leftovers
|upkeep
|turn|18
|inactive|mentalsoft has 180 seconds left.
|
|t:|1769307305
|move|p2a: Kyurem|Ice Beam|p1a: Clefable
|-damage|p1a: Clefable|70/100
|move|p1a: Clefable|Calm Mind|p1a: Clefable
|-boost|p1a: Clefable|spa|1
|-boost|p1a: Clefable|spd|1
|
|-heal|p1a: Clefable|76/100|[from] item: Leftovers
|upkeep
|turn|19
|
|t:|1769307310
|move|p2a: Kyurem|Ice Beam|p1a: Clefable
|-damage|p1a: Clefable|57/100
|-status|p1a: Clefable|frz
|cant|p1a: Clefable|frz
|
|-heal|p1a: Clefable|63/100 frz|[from] item: Leftovers
|upkeep
|turn|20
|
|t:|1769307314
|switch|p2a: Cinderace|Cinderace, F|100/100
|cant|p1a: Clefable|frz
|
|-heal|p1a: Clefable|69/100 frz|[from] item: Leftovers
|upkeep
|turn|21
|
|t:|1769307320
|move|p2a: Cinderace|Pyro Ball|p1a: Clefable
|-damage|p1a: Clefable|23/100 frz
|-curestatus|p1a: Clefable|frz|[msg]
|move|p1a: Clefable|Moonlight|p1a: Clefable
|-heal|p1a: Clefable|73/100
|
|-heal|p1a: Clefable|79/100|[from] item: Leftovers
|upkeep
|turn|22
|
|t:|1769307327
|move|p2a: Cinderace|Pyro Ball|p1a: Clefable|[miss]
|-miss|p2a: Cinderace|p1a: Clefable
|move|p1a: Clefable|Moonlight|p1a: Clefable
|-heal|p1a: Clefable|100/100
|
|upkeep
|turn|23
|inactive|mentalsoft has 210 seconds left.
|
|t:|1769307334
|move|p2a: Cinderace|Pyro Ball|p1a: Clefable
|-damage|p1a: Clefable|56/100
|move|p1a: Clefable|Moonblast|p2a: Cinderace
|-resisted|p2a: Cinderace
|-damage|p2a: Cinderace|43/100
|-unboost|p2a: Cinderace|spa|1
|
|-heal|p1a: Clefable|62/100|[from] item: Leftovers
|upkeep
|turn|24
|
|t:|1769307338
|move|p2a: Cinderace|Pyro Ball|p1a: Clefable
|-damage|p1a: Clefable|18/100
|move|p1a: Clefable|Moonlight|p1a: Clefable
|-heal|p1a: Clefable|68/100
|
|-heal|p1a: Clefable|74/100|[from] item: Leftovers
|upkeep
|turn|25
|
|t:|1769307343
|move|p2a: Cinderace|Pyro Ball|p1a: Clefable
|-damage|p1a: Clefable|31/100
|move|p1a: Clefable|Moonlight|p1a: Clefable
|-heal|p1a: Clefable|81/100
|
|-heal|p1a: Clefable|87/100|[from] item: Leftovers
|upkeep
|turn|26
|
|t:|1769307361
|move|p2a: Cinderace|Pyro Ball|p1a: Clefable|[miss]
|-miss|p2a: Cinderace|p1a: Clefable
|move|p1a: Clefable|Moonlight|p1a: Clefable
|-heal|p1a: Clefable|100/100
|
|upkeep
|turn|27
|
|t:|1769307367
|move|p2a: Cinderace|Pyro Ball|p1a: Clefable|[miss]
|-miss|p2a: Cinderace|p1a: Clefable
|move|p1a: Clefable|Moonblast|p2a: Cinderace
|-resisted|p2a: Cinderace
|-damage|p2a: Cinderace|0 fnt
|faint|p2a: Cinderace
|
|upkeep
|
|t:|1769307373
|switch|p2a: Kingambit|Kingambit, F, tera:Fairy|100/100
|-activate|p2a: Kingambit|ability: Supreme Overlord
|-start|p2a: Kingambit|fallen2|[silent]
|turn|28
|
|t:|1769307388
|-end|p2a: Kingambit|fallen2|[silent]
|switch|p2a: Landorus|Landorus-Therian, M|26/100
|-ability|p2a: Landorus|Intimidate|boost
|-unboost|p1a: Clefable|atk|1
|move|p1a: Clefable|Moonblast|p2a: Landorus
|-damage|p2a: Landorus|0 fnt
|faint|p2a: Landorus
|
|upkeep
|
|t:|1769307390
|switch|p2a: Kingambit|Kingambit, F, tera:Fairy|100/100
|-activate|p2a: Kingambit|ability: Supreme Overlord
|-start|p2a: Kingambit|fallen3|[silent]
|turn|29
|
|t:|1769307394
|move|p2a: Kingambit|Tera Blast|p1a: Clefable|[anim] Tera Blast Fairy
|-damage|p1a: Clefable|57/100
|move|p1a: Clefable|Moonblast|p2a: Kingambit
|-damage|p2a: Kingambit|28/100
|
|-heal|p1a: Clefable|63/100|[from] item: Leftovers
|upkeep
|turn|30
|inactive|mentalsoft has 240 seconds left.
|
|t:|1769307453
|switch|p1a: Dragonite|Dragonite, M|100/100
|move|p2a: Kingambit|Tera Blast|p1a: Dragonite|[anim] Tera Blast Fairy
|-supereffective|p1a: Dragonite
|-damage|p1a: Dragonite|37/100
|
|upkeep
|turn|31
|
|t:|1769307467
|move|p2a: Kingambit|Tera Blast|p1a: Dragonite|[anim] Tera Blast Fairy
|-supereffective|p1a: Dragonite
|-damage|p1a: Dragonite|0 fnt
|faint|p1a: Dragonite
|
|upkeep
|inactive|mentalsoft has 210 seconds left.
|
|t:|1769307486
|switch|p1a: Meowscarada|Meowscarada, M|100/100
|turn|32
|
|t:|1769307500
|-end|p2a: Kingambit|fallen3|[silent]
|switch|p2a: Zamazenta|Zamazenta|100/100
|-ability|p2a: Zamazenta|Dauntless Shield|boost
|-boost|p2a: Zamazenta|def|1
|move|p1a: Meowscarada|Triple Axel|p2a: Zamazenta|[miss]
|-start|p1a: Meowscarada|typechange|Ice|[from] ability: Protean
|-miss|p1a: Meowscarada|p2a: Zamazenta
|
|upkeep
|turn|33
|-message|mentalsoft forfeited.
|
|win|Runo
|c|☆mentalsoft|gg
|c|☆Runo|gg
