|j|☆Serpgarg
|j|☆rex2121
|t:|1769323522
|gametype|singles
|player|p1|Serpgarg|266|1471
|player|p2|rex2121|benga|1568
|gen|9
|tier|[Gen 9] OU
|rated|
|rule|HP Percentage Mod: HP is shown in percentages
|rule|Endless Battle Clause: Forcing endless battles is banned
|rule|Species Clause: Limit one of each Pokémon
|rule|OHKO Clause: OHKO moves are banned
|rule|Evasion Items Clause: Evasion items are banned
|rule|Evasion Moves Clause: Evasion moves are banned
|rule|Evasion Abilities Clause: Evasion abilities are banned
|rule|Sleep Moves Clause: Sleep-inducing moves are banned
|clearpoke
|poke|p1|Reuniclus, M|
|poke|p1|Great Tusk|
|poke|p1|Primarina, F|
|poke|p1|Darkrai|
|poke|p1|Corviknight, F|
|poke|p1|Ogerpon, F|
|poke|p2|Tinkaton, F|
|poke|p2|Ogerpon, F|
|poke|p2|Great Tusk|
|poke|p2|Pecharunt|
|poke|p2|Alomomola, M|
|poke|p2|Hydreigon, M|
|teampreview
|inactive|Battle timer is ON: inactive players will automatically lose when time's up. (requested by rex2121)
|
|t:|1769323568
|teamsize|p1|6
|teamsize|p2|6
|start
|switch|p1a: Primarina|Primarina, F|100/100
|switch|p2a: Pisces|Alomomola, M, shiny|100/100
|turn|1
|
|t:|1769323575
|move|p1a: Primarina|Psychic Noise|p2a: Pisces
|-damage|p2a: Pisces|86/100
|-start|p2a: Pisces|move: Heal Block
|move|p2a: Pisces|Play Rough|p1a: Primarina|[miss]
|-miss|p2a: Pisces|p1a: Primarina
|
|upkeep
|turn|2
|
|t:|1769323583
|move|p1a: Primarina|Flip Turn|p2a: Pisces
|-resisted|p2a: Pisces
|-damage|p2a: Pisces|81/100
|
|t:|1769323585
|switch|p1a: Ogerpon|Ogerpon, F|100/100|[from] Flip Turn
|move|p2a: Pisces|Flip Turn|p1a: Ogerpon
|-resisted|p1a: Ogerpon
|-damage|p1a: Ogerpon|91/100
|
|t:|1769323594
|switch|p2a: Overseer|Pecharunt|100/100|[from] Flip Turn
|
|upkeep
|turn|3
|
|t:|1769323600
|switch|p1a: Corviknight|Corviknight, F|100/100
|-ability|p1a: Corviknight|Pressure
|move|p2a: Overseer|Malignant Chain|p1a: Corviknight
|-immune|p1a: Corviknight
|
|upkeep
|turn|4
|
|t:|1769323607
|move|p2a: Overseer|Shadow Ball|p1a: Corviknight
|-crit|p1a: Corviknight
|-damage|p1a: Corviknight|62/100
|move|p1a: Corviknight|U-turn|p2a: Overseer
|-resisted|p2a: Overseer
|-damage|p2a: Overseer|99/100
|-damage|p1a: Corviknight|45/100|[from] item: Rocky Helmet|[of] p2a: Overseer
|
|t:|1769323613
|switch|p1a: Darkrai|Darkrai|100/100|[from] U-turn
|
|upkeep
|turn|5
|
|t:|1769323619
|switch|p2a: Pisces|Alomomola, M, shiny|100/100
|-terastallize|p1a: Darkrai|Dark
|move|p1a: Darkrai|Dark Pulse|p2a: Pisces
|-crit|p2a: Pisces
|-damage|p2a: Pisces|35/100
|
|upkeep
|turn|6
|
|t:|1769323632
|switch|p2a: Smile.exe|Tinkaton, F, shiny|100/100
|-item|p2a: Smile.exe|Air Balloon
|move|p1a: Darkrai|Dark Pulse|p2a: Smile.exe
|-resisted|p2a: Smile.exe
|-damage|p2a: Smile.exe|58/100
|-enditem|p2a: Smile.exe|Air Balloon
|
|upkeep
|turn|7
|
|t:|1769323642
|switch|p1a: Primarina|Primarina, F|100/100
|move|p2a: Smile.exe|Stealth Rock|p1a: Primarina
|-sidestart|p1: Serpgarg|move: Stealth Rock
|
|upkeep
|turn|8
|
|t:|1769323654
|move|p2a: Smile.exe|Gigaton Hammer|p1a: Primarina
|-damage|p1a: Primarina|22/100
|move|p1a: Primarina|Moonblast|p2a: Smile.exe
|-resisted|p2a: Smile.exe
|-damage|p2a: Smile.exe|31/100
|
|upkeep
|turn|9
|
|t:|1769323667
|switch|p2a: Pisces|Alomomola, M, shiny|68/100
|move|p1a: Primarina|Moonblast|p2a: Pisces
|-damage|p2a: Pisces|43/100
|-unboost|p2a: Pisces|spa|1
|
|upkeep
|turn|10
|
|t:|1769323676
|move|p1a: Primarina|Moonblast|p2a: Pisces
|-damage|p2a: Pisces|17/100
|-unboost|p2a: Pisces|spa|1
|move|p2a: Pisces|Flip Turn|p1a: Primarina
|-resisted|p1a: Primarina
|-damage|p1a: Primarina|12/100
|
|t:|1769323684
|switch|p2a: Hybrid|Hydreigon, M, shiny|100/100|[from] Flip Turn
|
|upkeep
|turn|11
|
|t:|1769323688
|move|p2a: Hybrid|Dark Pulse|p1a: Primarina
|-resisted|p1a: Primarina
|-damage|p1a: Primarina|0 fnt
|faint|p1a: Primarina
|
|upkeep
|
|t:|1769323702
|switch|p1a: Behemoth|Great Tusk, shiny|100/100
|turn|12
|inactive|rex2121 has 120 seconds left.
|
|t:|1769323741
|switch|p2a: Behemoth|Great Tusk, shiny|100/100
|move|p1a: Behemoth|Headlong Rush|p2a: Behemoth
|-damage|p2a: Behemoth|53/100
|-unboost|p1a: Behemoth|def|1
|-unboost|p1a: Behemoth|spd|1
|
|upkeep
|turn|13
|inactive|rex2121 has 120 seconds left.
|
|t:|1769323749
|move|p1a: Behemoth|Rapid Spin|p2a: Behemoth
|-damage|p2a: Behemoth|40/100
|-boost|p1a: Behemoth|spe|1
|-sideend|p1: Serpgarg|Stealth Rock|[from] move: Rapid Spin|[of] p1a: Behemoth
|move|p2a: Behemoth|Ice Spinner|p1a: Behemoth
|-supereffective|p1a: Behemoth
|-damage|p1a: Behemoth|35/100
|
|upkeep
|turn|14
|
|t:|1769323756
|move|p1a: Behemoth|Close Combat|p2a: Behemoth
|-damage|p2a: Behemoth|0 fnt
|-unboost|p1a: Behemoth|def|1
|-unboost|p1a: Behemoth|spd|1
|faint|p2a: Behemoth
|-end|p2a: Behemoth|Protosynthesis|[silent]
|
|upkeep
|
|t:|1769323767
|switch|p2a: Overseer|Pecharunt|99/100
|turn|15
|
|t:|1769323772
|move|p1a: Behemoth|Headlong Rush|p2a: Overseer
|-supereffective|p2a: Overseer
|-damage|p2a: Overseer|35/100
|-unboost|p1a: Behemoth|def|1
|-unboost|p1a: Behemoth|spd|1
|-damage|p1a: Behemoth|19/100|[from] item: Rocky Helmet|[of] p2a: Overseer
|move|p2a: Overseer|Shadow Ball|p1a: Behemoth
|-damage|p1a: Behemoth|0 fnt
|faint|p1a: Behemoth
|-end|p1a: Behemoth|Protosynthesis|[silent]
|
|upkeep
|
|t:|1769323781
|switch|p1a: Darkrai|Darkrai, tera:Dark|100/100
|turn|16
|
|t:|1769323786
|switch|p2a: Smile.exe|Tinkaton, F, shiny|31/100
|move|p1a: Darkrai|Dark Pulse|p2a: Smile.exe
|-resisted|p2a: Smile.exe
|-damage|p2a: Smile.exe|0 fnt
|faint|p2a: Smile.exe
|
|upkeep
|
|t:|1769323795
|switch|p2a: Anonymous|Ogerpon, F|100/100
|turn|17
|
|t:|1769323801
|switch|p1a: Corviknight|Corviknight, F|45/100
|-ability|p1a: Corviknight|Pressure
|-terastallize|p2a: Anonymous|Grass
|detailschange|p2a: Anonymous|Ogerpon-Teal-Tera, F, tera:Grass
|-ability|p2a: Anonymous|Embody Aspect (Teal)|boost
|-boost|p2a: Anonymous|spe|1
|move|p2a: Anonymous|U-turn|p1a: Corviknight
|-resisted|p1a: Corviknight
|-damage|p1a: Corviknight|41/100
|-damage|p2a: Anonymous|84/100|[from] item: Rocky Helmet|[of] p1a: Corviknight
|
|t:|1769323805
|switch|p2a: Hybrid|Hydreigon, M, shiny|100/100|[from] U-turn
|
|upkeep
|turn|18
|
|t:|1769323824
|switch|p1a: Ogerpon|Ogerpon, F|91/100
|move|p2a: Hybrid|Dark Pulse|p1a: Ogerpon
|-damage|p1a: Ogerpon|16/100
|
|upkeep
|turn|19
|
|t:|1769323835
|switch|p2a: Overseer|Pecharunt|35/100
|move|p1a: Ogerpon|U-turn|p2a: Overseer
|-resisted|p2a: Overseer
|-damage|p2a: Overseer|31/100
|-damage|p1a: Ogerpon|0 fnt|[from] item: Rocky Helmet|[of] p2a: Overseer
|faint|p1a: Ogerpon
|
|upkeep
|
|t:|1769323841
|switch|p1a: Darkrai|Darkrai, tera:Dark|100/100
|turn|20
|
|t:|1769323848
|move|p1a: Darkrai|Dark Pulse|p2a: Overseer
|-supereffective|p2a: Overseer
|-damage|p2a: Overseer|0 fnt
|faint|p2a: Overseer
|
|upkeep
|
|t:|1769323851
|switch|p2a: Anonymous|Ogerpon-Teal-Tera, F, tera:Grass|84/100
|-ability|p2a: Anonymous|Embody Aspect (Teal)|boost
|-boost|p2a: Anonymous|spe|1
|turn|21
|
|t:|1769323855
|move|p2a: Anonymous|U-turn|p1a: Darkrai
|-supereffective|p1a: Darkrai
|-damage|p1a: Darkrai|3/100
|
|t:|1769323858
|switch|p2a: Pisces|Alomomola, M, shiny|50/100|[from] U-turn
|move|p1a: Darkrai|Dark Pulse|p2a: Pisces
|-damage|p2a: Pisces|8/100
|
|upkeep
|turn|22
|
|t:|1769323860
|move|p2a: Pisces|Aqua Jet|p1a: Darkrai
|-damage|p1a: Darkrai|0 fnt
|faint|p1a: Darkrai
|
|upkeep
|
|t:|1769323863
|switch|p1a: Corviknight|Corviknight, F|41/100
|-ability|p1a: Corviknight|Pressure
|turn|23
|
|t:|1769323869
|move|p1a: Corviknight|Roost|p1a: Corviknight
|-heal|p1a: Corviknight|91/100
|-singleturn|p1a: Corviknight|move: Roost
|move|p2a: Pisces|Flip Turn|p1a: Corviknight
|-damage|p1a: Corviknight|81/100
|-damage|p2a: Pisces|0 fnt|[from] item: Rocky Helmet|[of] p1a: Corviknight
|faint|p2a: Pisces
|
|upkeep
|
|t:|1769323871
|switch|p2a: Hybrid|Hydreigon, M, shiny|100/100
|turn|24
|
|t:|1769323877
|move|p2a: Hybrid|Dark Pulse|p1a: Corviknight
|-damage|p1a: Corviknight|25/100
|move|p1a: Corviknight|U-turn|p2a: Hybrid
|-supereffective|p2a: Hybrid
|-damage|p2a: Hybrid|64/100
|
|t:|1769323880
|switch|p1a: Reuniclus|Reuniclus, M|100/100|[from] U-turn
|
|upkeep
|turn|25
|
|t:|1769323883
|move|p2a: Hybrid|Dark Pulse|p1a: Reuniclus
|-supereffective|p1a: Reuniclus
|-damage|p1a: Reuniclus|28/100
|move|p1a: Reuniclus|Focus Blast|p2a: Hybrid
|-supereffective|p2a: Hybrid
|-damage|p2a: Hybrid|0 fnt
|faint|p2a: Hybrid
|
|upkeep
|
|t:|1769323890
|switch|p2a: Anonymous|Ogerpon-Teal-Tera, F, tera:Grass|84/100
|-ability|p2a: Anonymous|Embody Aspect (Teal)|boost
|-boost|p2a: Anonymous|spe|1
|turn|26
|
|t:|1769323896
|move|p2a: Anonymous|Knock Off|p1a: Reuniclus
|-supereffective|p1a: Reuniclus
|-damage|p1a: Reuniclus|0 fnt
|-enditem|p1a: Reuniclus|Assault Vest|[from] move: Knock Off|[of] p2a: Anonymous
|faint|p1a: Reuniclus
|
|upkeep
|
|t:|1769323898
|switch|p1a: Corviknight|Corviknight, F|25/100
|-ability|p1a: Corviknight|Pressure
|turn|27
|
|t:|1769323900
|move|p2a: Anonymous|Knock Off|p1a: Corviknight
|-damage|p1a: Corviknight|0 fnt
|-damage|p2a: Anonymous|67/100|[from] item: Rocky Helmet|[of] p1a: Corviknight
|-enditem|p1a: Corviknight|Rocky Helmet|[from] move: Knock Off|[of] p2a: Anonymous
|faint|p1a: Corviknight
|
|win|rex2121
|raw|Serpgarg's rating: 1471 &rarr; <strong>1456</strong><br />(-15 for losing)
|raw|rex2121's rating: 1568 &rarr; <strong>1583</strong><br />(+15 for winning)
|l|☆rex2121
|player|p2|
|l|☆Serpgarg
|player|p1|
