|j|☆I-fear-the-weak
|j|☆magikarp soup
|t:|1769303352
|gametype|singles
|player|p1|I-fear-the-weak|101|1605
|player|p2|magikarp soup|medium|1642
|gen|9
|tier|[Gen 9] OU
|rated|
|rule|HP Percentage Mod: HP is shown in percentages
|rule|Endless Battle Clause: Forcing endless battles is banned
|rule|Species Clause: Limit one of each Pokémon
|rule|OHKO Clause: OHKO moves are banned
|rule|Evasion Items Clause: Evasion items are banned
|rule|Evasion Moves Clause: Evasion moves are banned
|rule|Evasion Abilities Clause: Evasion abilities are banned
|rule|Sleep Moves Clause: Sleep-inducing moves are banned
|clearpoke
|poke|p1|Great Tusk|
|poke|p1|Garganacl, F|
|poke|p1|Keldeo-Resolute|
|poke|p1|Zapdos|
|poke|p1|Dragapult, F|
|poke|p1|Iron Crown|
|poke|p2|Magnezone|
|poke|p2|Latios, M|
|poke|p2|Meowscarada, F|
|poke|p2|Landorus-Therian, M|
|poke|p2|Slowking-Galar, F|
|poke|p2|Zamazenta-*|
|teampreview
|inactive|Battle timer is ON: inactive players will automatically lose when time's up. (requested by I-fear-the-weak)
|
|t:|1769303368
|teamsize|p1|6
|teamsize|p2|6
|start
|switch|p1a: Zapdos|Zapdos|100/100
|switch|p2a: Slowking|Slowking-Galar, F|100/100
|turn|1
|
|t:|1769303371
|move|p1a: Zapdos|Thunder Wave|p2a: Slowking|[miss]
|-miss|p1a: Zapdos|p2a: Slowking
|move|p2a: Slowking|Future Sight|p1a: Zapdos
|-start|p2a: Slowking|move: Future Sight
|
|upkeep
|turn|2
|
|t:|1769303377
|move|p1a: Zapdos|Thunder Wave|p2a: Slowking
|-status|p2a: Slowking|par
|cant|p2a: Slowking|par
|
|upkeep
|turn|3
|
|t:|1769303382
|move|p1a: Zapdos|Volt Switch|p2a: Slowking
|-damage|p2a: Slowking|83/100 par
|
|t:|1769303384
|switch|p1a: Iron Crown|Iron Crown|100/100|[from] Volt Switch
|move|p2a: Slowking|Nasty Plot|p2a: Slowking
|-boost|p2a: Slowking|spa|2
|
|-end|p1a: Iron Crown|move: Future Sight
|-resisted|p1a: Iron Crown
|-crit|p1a: Iron Crown
|-damage|p1a: Iron Crown|66/100
|upkeep
|turn|4
|
|t:|1769303397
|move|p1a: Iron Crown|Psyshock|p2a: Slowking
|-damage|p2a: Slowking|18/100 par
|move|p2a: Slowking|Surf|p1a: Iron Crown
|-damage|p1a: Iron Crown|23/100
|
|upkeep
|turn|5
|
|t:|1769303404
|switch|p2a: Magnezone|Magnezone|100/100
|move|p1a: Iron Crown|Psyshock|p2a: Magnezone
|-resisted|p2a: Magnezone
|-damage|p2a: Magnezone|67/100
|
|upkeep
|turn|6
|
|t:|1769303413
|move|p1a: Iron Crown|Psyshock|p2a: Magnezone
|-resisted|p2a: Magnezone
|-damage|p2a: Magnezone|33/100
|move|p2a: Magnezone|Volt Switch|p1a: Iron Crown
|-damage|p1a: Iron Crown|0 fnt
|faint|p1a: Iron Crown
|-end|p1a: Iron Crown|Quark Drive|[silent]
|
|t:|1769303419
|switch|p2a: Slowking|Slowking-Galar, F|51/100 par|[from] Volt Switch
|
|upkeep
|
|t:|1769303422
|switch|p1a: Dragapult|Dragapult, F|100/100
|turn|7
|
|t:|1769303425
|switch|p2a: Landorus|Landorus-Therian, M|100/100
|-ability|p2a: Landorus|Intimidate|boost
|-unboost|p1a: Dragapult|atk|1
|move|p1a: Dragapult|Hex|p2a: Landorus
|-damage|p2a: Landorus|73/100
|
|upkeep
|turn|8
|
|t:|1769303431
|move|p1a: Dragapult|Will-O-Wisp|p2a: Landorus
|-status|p2a: Landorus|brn
|move|p2a: Landorus|Stealth Rock|p1a: Dragapult
|-sidestart|p1: I-fear-the-weak|move: Stealth Rock
|
|-damage|p2a: Landorus|67/100 brn|[from] brn
|upkeep
|turn|9
|
|t:|1769303436
|switch|p2a: Meowscarada|Meowscarada, F|100/100
|move|p1a: Dragapult|Hex|p2a: Meowscarada
|-resisted|p2a: Meowscarada
|-damage|p2a: Meowscarada|78/100
|
|upkeep
|turn|10
|
|t:|1769303462
|move|p2a: Meowscarada|Knock Off|p1a: Dragapult
|-start|p2a: Meowscarada|typechange|Dark|[from] ability: Protean
|-supereffective|p1a: Dragapult
|-damage|p1a: Dragapult|0 fnt
|-enditem|p1a: Dragapult|Heavy-Duty Boots|[from] move: Knock Off|[of] p2a: Meowscarada
|faint|p1a: Dragapult
|
|upkeep
|
|t:|1769303465
|switch|p1a: Zapdos|Zapdos|100/100
|turn|11
|
|t:|1769303473
|switch|p2a: Magnezone|Magnezone|33/100
|move|p1a: Zapdos|Volt Switch|p2a: Magnezone
|-resisted|p2a: Magnezone
|-damage|p2a: Magnezone|13/100
|
|t:|1769303477
|switch|p1a: Keldeo|Keldeo-Resolute|100/100|[from] Volt Switch
|-damage|p1a: Keldeo|94/100|[from] Stealth Rock
|
|upkeep
|turn|12
|
|t:|1769303479
|move|p1a: Keldeo|Surf|p2a: Magnezone
|-damage|p2a: Magnezone|0 fnt
|faint|p2a: Magnezone
|
|upkeep
|
|t:|1769303500
|switch|p2a: Meowscarada|Meowscarada, F|78/100
|turn|13
|
|t:|1769303512
|switch|p1a: Zapdos|Zapdos|100/100
|move|p2a: Meowscarada|U-turn|p1a: Zapdos
|-start|p2a: Meowscarada|typechange|Bug|[from] ability: Protean
|-resisted|p1a: Zapdos
|-damage|p1a: Zapdos|90/100
|-status|p2a: Meowscarada|par|[from] ability: Static|[of] p1a: Zapdos
|
|t:|1769303521
|switch|p2a: Slowking|Slowking-Galar, F|85/100 par|[from] U-turn
|
|upkeep
|turn|14
|
|t:|1769303525
|move|p1a: Zapdos|Volt Switch|p2a: Slowking
|-damage|p2a: Slowking|67/100 par
|
|t:|1769303527
|switch|p1a: Garganacl|Garganacl, F|100/100|[from] Volt Switch
|move|p2a: Slowking|Nasty Plot|p2a: Slowking
|-boost|p2a: Slowking|spa|2
|
|upkeep
|turn|15
|
|t:|1769303532
|move|p1a: Garganacl|Salt Cure|p2a: Slowking
|-damage|p2a: Slowking|53/100 par
|-start|p2a: Slowking|Salt Cure
|move|p2a: Slowking|Future Sight|p1a: Garganacl
|-start|p2a: Slowking|move: Future Sight
|
|-damage|p2a: Slowking|41/100 par|[from] Salt Cure
|upkeep
|turn|16
|
|t:|1769303538
|move|p1a: Garganacl|Stealth Rock|p2a: Slowking
|-sidestart|p2: magikarp soup|move: Stealth Rock
|move|p2a: Slowking|Surf|p1a: Garganacl
|-supereffective|p1a: Garganacl
|-damage|p1a: Garganacl|47/100
|
|-damage|p2a: Slowking|28/100 par|[from] Salt Cure
|upkeep
|turn|17
|
|t:|1769303545
|move|p1a: Garganacl|Recover|p1a: Garganacl
|-heal|p1a: Garganacl|97/100
|-prepare|p2a: Slowking|Chilly Reception|[premajor]
|cant|p2a: Slowking|par
|
|-end|p1a: Garganacl|move: Future Sight
|-damage|p1a: Garganacl|39/100
|-damage|p2a: Slowking|16/100 par|[from] Salt Cure
|upkeep
|turn|18
|j| averyradiant
|
|t:|1769303555
|move|p1a: Garganacl|Salt Cure|p2a: Slowking
|-damage|p2a: Slowking|0 fnt
|faint|p2a: Slowking
|
|upkeep
|l| averyradiant
|inactive|magikarp soup has 120 seconds left.
|
|t:|1769303595
|switch|p2a: Meowscarada|Meowscarada, F|78/100 par
|-damage|p2a: Meowscarada|66/100 par|[from] Stealth Rock
|turn|19
|
|t:|1769303607
|switch|p1a: Zapdos|Zapdos|90/100
|move|p2a: Meowscarada|Flower Trick|p1a: Zapdos
|-start|p2a: Meowscarada|typechange|Grass|[from] ability: Protean
|-resisted|p1a: Zapdos
|-crit|p1a: Zapdos
|-damage|p1a: Zapdos|71/100
|
|upkeep
|turn|20
|
|t:|1769303615
|switch|p2a: Landorus|Landorus-Therian, M|67/100 brn
|-damage|p2a: Landorus|55/100 brn|[from] Stealth Rock
|-ability|p2a: Landorus|Intimidate|boost
|-unboost|p1a: Zapdos|atk|1
|move|p1a: Zapdos|Hurricane|p2a: Landorus
|-damage|p2a: Landorus|2/100 brn
|
|-damage|p2a: Landorus|0 fnt|[from] brn
|faint|p2a: Landorus
|upkeep
|
|t:|1769303618
|switch|p2a: Latios|Latios, M|100/100
|-damage|p2a: Latios|88/100|[from] Stealth Rock
|turn|21
|
|t:|1769303631
|switch|p1a: Garganacl|Garganacl, F|39/100
|move|p2a: Latios|Draco Meteor|p1a: Garganacl
|-damage|p1a: Garganacl|0 fnt
|-unboost|p2a: Latios|spa|2
|faint|p1a: Garganacl
|
|upkeep
|
|t:|1769303635
|switch|p1a: Great Tusk|Great Tusk|100/100
|turn|22
|
|t:|1769303647
|switch|p2a: Zamazenta|Zamazenta|100/100
|-damage|p2a: Zamazenta|94/100|[from] Stealth Rock
|-ability|p2a: Zamazenta|Dauntless Shield|boost
|-boost|p2a: Zamazenta|def|1
|move|p1a: Great Tusk|Rapid Spin|p2a: Zamazenta
|-damage|p2a: Zamazenta|83/100
|-boost|p1a: Great Tusk|spe|1
|-sideend|p1: I-fear-the-weak|Stealth Rock|[from] move: Rapid Spin|[of] p1a: Great Tusk
|
|upkeep
|turn|23
|
|t:|1769303651
|-end|p1a: Great Tusk|Protosynthesis|[silent]
|switch|p1a: Zapdos|Zapdos|71/100
|move|p2a: Zamazenta|Howl|p2a: Zamazenta
|-boost|p2a: Zamazenta|atk|1
|
|upkeep
|turn|24
|
|t:|1769303662
|-terastallize|p2a: Zamazenta|Steel
|move|p2a: Zamazenta|Crunch|p1a: Zapdos
|-damage|p1a: Zapdos|31/100
|-unboost|p1a: Zapdos|def|1
|-status|p2a: Zamazenta|par|[from] ability: Static|[of] p1a: Zapdos
|-damage|p2a: Zamazenta|73/100 par|[from] item: Life Orb
|move|p1a: Zapdos|Thunder Wave|p2a: Zamazenta
|-fail|p2a: Zamazenta|par
|
|upkeep
|turn|25
|
|t:|1769303685
|switch|p1a: Great Tusk|Great Tusk|100/100
|move|p2a: Zamazenta|Close Combat|p1a: Great Tusk
|-damage|p1a: Great Tusk|10/100
|-unboost|p2a: Zamazenta|def|1
|-unboost|p2a: Zamazenta|spd|1
|-damage|p2a: Zamazenta|64/100 par|[from] item: Life Orb
|
|upkeep
|turn|26
|
|t:|1769303694
|switch|p2a: Meowscarada|Meowscarada, F|66/100 par
|-damage|p2a: Meowscarada|53/100 par|[from] Stealth Rock
|move|p1a: Great Tusk|Close Combat|p2a: Meowscarada
|-supereffective|p2a: Meowscarada
|-damage|p2a: Meowscarada|0 fnt
|-unboost|p1a: Great Tusk|def|1
|-unboost|p1a: Great Tusk|spd|1
|faint|p2a: Meowscarada
|
|upkeep
|
|t:|1769303696
|switch|p2a: Latios|Latios, M|88/100
|-damage|p2a: Latios|76/100|[from] Stealth Rock
|turn|27
|
|t:|1769303705
|move|p2a: Latios|Psychic Noise|p1a: Great Tusk
|-supereffective|p1a: Great Tusk
|-damage|p1a: Great Tusk|0 fnt
|faint|p1a: Great Tusk
|-end|p1a: Great Tusk|Protosynthesis|[silent]
|
|upkeep
|
|t:|1769303709
|switch|p1a: Keldeo|Keldeo-Resolute|94/100
|turn|28
|
|t:|1769303715
|-terastallize|p1a: Keldeo|Water
|move|p2a: Latios|Calm Mind|p2a: Latios
|-boost|p2a: Latios|spa|1
|-boost|p2a: Latios|spd|1
|move|p1a: Keldeo|Icy Wind|p2a: Latios
|-supereffective|p2a: Latios
|-damage|p2a: Latios|33/100
|-unboost|p2a: Latios|spe|1
|
|upkeep
|turn|29
|
|t:|1769303728
|switch|p2a: Zamazenta|Zamazenta, tera:Steel|64/100 par
|-damage|p2a: Zamazenta|57/100 par|[from] Stealth Rock
|move|p1a: Keldeo|Icy Wind|p2a: Zamazenta
|-resisted|p2a: Zamazenta
|-damage|p2a: Zamazenta|44/100 par
|-unboost|p2a: Zamazenta|spe|1
|
|upkeep
|turn|30
|
|t:|1769303736
|switch|p1a: Zapdos|Zapdos|31/100
|move|p2a: Zamazenta|Close Combat|p1a: Zapdos
|-resisted|p1a: Zapdos
|-damage|p1a: Zapdos|0 fnt
|-unboost|p2a: Zamazenta|def|1
|-unboost|p2a: Zamazenta|spd|1
|faint|p1a: Zapdos
|-damage|p2a: Zamazenta|34/100 par|[from] item: Life Orb
|
|upkeep
|
|t:|1769303738
|switch|p1a: Keldeo|Keldeo-Resolute, tera:Water|94/100
|turn|31
|
|t:|1769303745
|move|p1a: Keldeo|Surf|p2a: Zamazenta
|-damage|p2a: Zamazenta|0 fnt
|faint|p2a: Zamazenta
|
|upkeep
|
|t:|1769303747
|switch|p2a: Latios|Latios, M|33/100
|-damage|p2a: Latios|20/100|[from] Stealth Rock
|turn|32
|
|t:|1769303763
|move|p2a: Latios|Recover|p2a: Latios
|-heal|p2a: Latios|71/100
|move|p1a: Keldeo|Surf|p2a: Latios
|-resisted|p2a: Latios
|-damage|p2a: Latios|25/100
|
|upkeep
|turn|33
|
|t:|1769303767
|move|p2a: Latios|Recover|p2a: Latios
|-heal|p2a: Latios|76/100
|move|p1a: Keldeo|Surf|p2a: Latios
|-resisted|p2a: Latios
|-damage|p2a: Latios|25/100
|
|upkeep
|turn|34
|
|t:|1769303769
|move|p2a: Latios|Recover|p2a: Latios
|-heal|p2a: Latios|75/100
|move|p1a: Keldeo|Surf|p2a: Latios
|-resisted|p2a: Latios
|-damage|p2a: Latios|30/100
|
|upkeep
|turn|35
|
|t:|1769303771
|move|p2a: Latios|Recover|p2a: Latios
|-heal|p2a: Latios|81/100
|move|p1a: Keldeo|Surf|p2a: Latios
|-resisted|p2a: Latios
|-damage|p2a: Latios|29/100
|
|upkeep
|turn|36
|
|t:|1769303774
|move|p2a: Latios|Recover|p2a: Latios
|-heal|p2a: Latios|80/100
|move|p1a: Keldeo|Surf|p2a: Latios
|-resisted|p2a: Latios
|-damage|p2a: Latios|32/100
|
|upkeep
|turn|37
|
|t:|1769303785
|move|p2a: Latios|Draco Meteor|p1a: Keldeo
|-damage|p1a: Keldeo|0 fnt
|-unboost|p2a: Latios|spa|2
|faint|p1a: Keldeo
|
|win|magikarp soup
|raw|I-fear-the-weak's rating: 1605 &rarr; <strong>1587</strong><br />(-18 for losing)
|raw|magikarp soup's rating: 1642 &rarr; <strong>1660</strong><br />(+18 for winning)
|l|☆I-fear-the-weak
|player|p1|
|l|☆magikarp soup
|player|p2|
