|j|☆newbytho
|j|☆firecharmander004
|t:|1769370755
|gametype|singles
|player|p1|newbytho|1|1658
|player|p2|firecharmander004|266|1598
|gen|9
|tier|[Gen 9] OU
|rated|
|rule|HP Percentage Mod: HP is shown in percentages
|rule|Endless Battle Clause: Forcing endless battles is banned
|rule|Species Clause: Limit one of each Pokémon
|rule|OHKO Clause: OHKO moves are banned
|rule|Evasion Items Clause: Evasion items are banned
|rule|Evasion Moves Clause: Evasion moves are banned
|rule|Evasion Abilities Clause: Evasion abilities are banned
|rule|Sleep Moves Clause: Sleep-inducing moves are banned
|clearpoke
|poke|p1|Pecharunt|
|poke|p1|Zapdos|
|poke|p1|Ting-Lu|
|poke|p1|Great Tusk|
|poke|p1|Slowking-Galar, F|
|poke|p1|Kingambit, M|
|poke|p2|Charizard, M|
|poke|p2|Walking Wake|
|poke|p2|Hatterene, F|
|poke|p2|Venusaur, F|
|poke|p2|Great Tusk|
|poke|p2|Ninetales, M|
|teampreview
|inactive|Battle timer is ON: inactive players will automatically lose when time's up. (requested by firecharmander004)
|inactive|newbytho has 120 seconds left.
|
|t:|1769370791
|teamsize|p1|6
|teamsize|p2|6
|start
|switch|p1a: Slowking|Slowking-Galar, F|100/100
|switch|p2a: Great Tusk|Great Tusk|100/100
|turn|1
|
|t:|1769370795
|-end|p2a: Great Tusk|Protosynthesis|[silent]
|switch|p2a: Ninetales|Ninetales, M|100/100
|-weather|SunnyDay|[from] ability: Drought|[of] p2a: Ninetales
|switch|p1a: Zapdos|Zapdos|100/100
|
|-weather|SunnyDay|[upkeep]
|upkeep
|turn|2
|
|t:|1769370804
|switch|p2a: Hatterene|Hatterene, F|100/100
|switch|p1a: Slowking|Slowking-Galar, F|100/100
|
|-weather|SunnyDay|[upkeep]
|upkeep
|turn|3
|
|t:|1769370808
|move|p2a: Hatterene|Nuzzle|p1a: Slowking
|-damage|p1a: Slowking|96/100
|-status|p1a: Slowking|par
|move|p1a: Slowking|Sludge Bomb|p2a: Hatterene
|-supereffective|p2a: Hatterene
|-damage|p2a: Hatterene|14/100
|-enditem|p2a: Hatterene|Eject Button
|
|t:|1769370812
|switch|p2a: Charizard|Charizard, M|100/100
|
|-weather|SunnyDay|[upkeep]
|-damage|p2a: Charizard|88/100|[from] ability: Solar Power|[of] p2a: Charizard
|upkeep
|turn|4
|
|t:|1769370834
|-terastallize|p1a: Slowking|Water
|move|p2a: Charizard|Overheat|p1a: Slowking
|-resisted|p1a: Slowking
|-crit|p1a: Slowking
|-damage|p1a: Slowking|17/100 par
|-unboost|p2a: Charizard|spa|2
|move|p1a: Slowking|Sludge Bomb|p2a: Charizard
|-damage|p2a: Charizard|29/100
|
|-weather|SunnyDay|[upkeep]
|-damage|p2a: Charizard|17/100|[from] ability: Solar Power|[of] p2a: Charizard
|upkeep
|turn|5
|
|t:|1769370846
|switch|p1a: Ting-Lu|Ting-Lu|100/100
|-ability|p1a: Ting-Lu|Vessel of Ruin
|move|p2a: Charizard|Overheat|p1a: Ting-Lu
|-damage|p1a: Ting-Lu|57/100
|-unboost|p2a: Charizard|spa|2
|
|-weather|SunnyDay|[upkeep]
|-damage|p2a: Charizard|5/100|[from] ability: Solar Power|[of] p2a: Charizard
|-heal|p1a: Ting-Lu|63/100|[from] item: Leftovers
|upkeep
|turn|6
|
|t:|1769370855
|switch|p2a: Hatterene|Hatterene, F|14/100
|move|p1a: Ting-Lu|Whirlwind|p2a: Hatterene
|move|p2a: Hatterene|Whirlwind|p1a: Ting-Lu|[from] ability: Magic Bounce
|drag|p1a: Pecharunt|Pecharunt|100/100
|
|-weather|SunnyDay|[upkeep]
|upkeep
|turn|7
|
|t:|1769370862
|move|p1a: Pecharunt|Malignant Chain|p2a: Hatterene
|-supereffective|p2a: Hatterene
|-damage|p2a: Hatterene|0 fnt
|faint|p2a: Hatterene
|
|-weather|SunnyDay|[upkeep]
|upkeep
|
|t:|1769370873
|switch|p2a: Charizard|Charizard, M|5/100
|turn|8
|
|t:|1769370886
|move|p2a: Charizard|Weather Ball|p1a: Pecharunt
|-damage|p1a: Pecharunt|0 fnt
|faint|p1a: Pecharunt
|
|-weather|none
|upkeep
|
|t:|1769370890
|switch|p1a: Ting-Lu|Ting-Lu|63/100
|-ability|p1a: Ting-Lu|Vessel of Ruin
|turn|9
|
|t:|1769370898
|switch|p2a: Ninetales|Ninetales, M|100/100
|-weather|SunnyDay|[from] ability: Drought|[of] p2a: Ninetales
|move|p1a: Ting-Lu|Stealth Rock|p2a: Ninetales
|-sidestart|p2: firecharmander004|move: Stealth Rock
|
|-weather|SunnyDay|[upkeep]
|-heal|p1a: Ting-Lu|70/100|[from] item: Leftovers
|upkeep
|turn|10
|
|t:|1769370902
|switch|p2a: Great Tusk|Great Tusk|100/100
|-damage|p2a: Great Tusk|98/100|[from] Stealth Rock
|-activate|p2a: Great Tusk|ability: Protosynthesis
|-start|p2a: Great Tusk|protosynthesisspe
|switch|p1a: Great Tusk|Great Tusk|100/100
|-activate|p1a: Great Tusk|ability: Protosynthesis
|-start|p1a: Great Tusk|protosynthesisdef
|
|-weather|SunnyDay|[upkeep]
|-heal|p2a: Great Tusk|100/100|[from] item: Leftovers
|upkeep
|turn|11
|
|t:|1769370907
|move|p2a: Great Tusk|Rapid Spin|p1a: Great Tusk
|-damage|p1a: Great Tusk|94/100
|-boost|p2a: Great Tusk|spe|1
|-sideend|p2: firecharmander004|Stealth Rock|[from] move: Rapid Spin|[of] p2a: Great Tusk
|move|p1a: Great Tusk|Knock Off|p2a: Great Tusk
|-resisted|p2a: Great Tusk
|-damage|p2a: Great Tusk|91/100
|-enditem|p2a: Great Tusk|Leftovers|[from] move: Knock Off|[of] p1a: Great Tusk
|
|-weather|SunnyDay|[upkeep]
|-heal|p1a: Great Tusk|99/100|[from] item: Leftovers
|upkeep
|turn|12
|
|t:|1769370911
|move|p2a: Great Tusk|Bulk Up|p2a: Great Tusk
|-boost|p2a: Great Tusk|atk|1
|-boost|p2a: Great Tusk|def|1
|move|p1a: Great Tusk|Rapid Spin|p2a: Great Tusk
|-damage|p2a: Great Tusk|85/100
|-boost|p1a: Great Tusk|spe|1
|
|-weather|SunnyDay|[upkeep]
|-heal|p1a: Great Tusk|100/100|[from] item: Leftovers
|upkeep
|turn|13
|j| SpiderKing3261
|
|t:|1769370917
|-end|p1a: Great Tusk|Protosynthesis|[silent]
|switch|p1a: Zapdos|Zapdos|100/100
|move|p2a: Great Tusk|Bulk Up|p2a: Great Tusk
|-boost|p2a: Great Tusk|atk|1
|-boost|p2a: Great Tusk|def|1
|
|-weather|SunnyDay|[upkeep]
|upkeep
|turn|14
|
|t:|1769370923
|-terastallize|p2a: Great Tusk|Ice
|move|p2a: Great Tusk|Ice Spinner|p1a: Zapdos
|-supereffective|p1a: Zapdos
|-damage|p1a: Zapdos|3/100
|move|p1a: Zapdos|Hurricane|p2a: Great Tusk|[miss]
|-miss|p1a: Zapdos|p2a: Great Tusk
|
|-weather|SunnyDay|[upkeep]
|upkeep
|turn|15
|l| SpiderKing3261
|
|t:|1769370932
|move|p2a: Great Tusk|Rapid Spin|p1a: Zapdos
|-damage|p1a: Zapdos|0 fnt
|-boost|p2a: Great Tusk|spe|1
|faint|p1a: Zapdos
|
|-weather|SunnyDay|[upkeep]
|upkeep
|
|t:|1769370942
|switch|p1a: Kingambit|Kingambit, M|100/100
|-activate|p1a: Kingambit|ability: Supreme Overlord
|-start|p1a: Kingambit|fallen2|[silent]
|turn|16
|
|t:|1769370949
|move|p2a: Great Tusk|Headlong Rush|p1a: Kingambit
|-supereffective|p1a: Kingambit
|-damage|p1a: Kingambit|0 fnt
|-unboost|p2a: Great Tusk|def|1
|-unboost|p2a: Great Tusk|spd|1
|faint|p1a: Kingambit
|-end|p1a: Kingambit|fallen2|[silent]
|
|-weather|none
|-end|p2a: Great Tusk|Protosynthesis
|upkeep
|-message|newbytho forfeited.
|
|win|firecharmander004
|raw|newbytho's rating: 1658 &rarr; <strong>1635</strong><br />(-23 for losing)
|raw|firecharmander004's rating: 1598 &rarr; <strong>1621</strong><br />(+23 for winning)
|l|☆newbytho
|player|p1|
|l|☆firecharmander004
|player|p2|
