|j|☆LIWU.5216
|j|☆StoryMark
|t:|1769319498
|gametype|singles
|player|p1|LIWU.5216|miku-water|1387
|player|p2|StoryMark|dawn-gen4pt|1374
|gen|9
|tier|[Gen 9] OU
|rated|
|rule|HP Percentage Mod: HP is shown in percentages
|rule|Endless Battle Clause: Forcing endless battles is banned
|rule|Species Clause: Limit one of each Pokémon
|rule|OHKO Clause: OHKO moves are banned
|rule|Evasion Items Clause: Evasion items are banned
|rule|Evasion Moves Clause: Evasion moves are banned
|rule|Evasion Abilities Clause: Evasion abilities are banned
|rule|Sleep Moves Clause: Sleep-inducing moves are banned
|clearpoke
|poke|p1|Pelipper, M|
|poke|p1|Barraskewda, M|
|poke|p1|Zapdos|
|poke|p1|Corviknight, F|
|poke|p1|Clodsire, F|
|poke|p1|Incineroar, M|
|poke|p2|Corviknight, F|
|poke|p2|Pecharunt|
|poke|p2|Ogerpon-Wellspring, F|
|poke|p2|Ting-Lu|
|poke|p2|Great Tusk|
|poke|p2|Gholdengo|
|teampreview
|c|☆StoryMark|国人？
|c|☆LIWU.5216|对
|
|t:|1769319555
|teamsize|p1|6
|teamsize|p2|6
|start
|switch|p1a: Zapdos|Zapdos, shiny|100/100
|switch|p2a: Pecharunt|Pecharunt|100/100
|turn|1
|inactive|Battle timer is ON: inactive players will automatically lose when time's up. (requested by StoryMark)
|
|t:|1769319568
|move|p1a: Zapdos|Volt Switch|p2a: Pecharunt
|-damage|p2a: Pecharunt|66/100
|
|t:|1769319571
|switch|p1a: Corviknight|Corviknight, F, shiny|100/100|[from] Volt Switch
|-ability|p1a: Corviknight|Pressure
|move|p2a: Pecharunt|Malignant Chain|p1a: Corviknight
|-immune|p1a: Corviknight
|
|upkeep
|turn|2
|
|t:|1769319579
|switch|p2a: Corviknight|Corviknight, F|100/100
|-ability|p2a: Corviknight|Pressure
|move|p1a: Corviknight|U-turn|p2a: Corviknight
|-resisted|p2a: Corviknight
|-damage|p2a: Corviknight|98/100
|-damage|p1a: Corviknight|84/100|[from] item: Rocky Helmet|[of] p2a: Corviknight
|
|t:|1769319593
|switch|p1a: Zapdos|Zapdos, shiny|100/100|[from] U-turn
|
|upkeep
|turn|3
|
|t:|1769319599
|switch|p2a: Ting-Lu|Ting-Lu|100/100
|-ability|p2a: Ting-Lu|Vessel of Ruin
|move|p1a: Zapdos|Volt Switch|p2a: Ting-Lu
|-immune|p2a: Ting-Lu
|
|upkeep
|turn|4
|
|t:|1769319605
|switch|p1a: Pelipper|Pelipper, M|100/100
|-weather|RainDance|[from] ability: Drizzle|[of] p1a: Pelipper
|move|p2a: Ting-Lu|Stealth Rock|p1a: Pelipper
|-sidestart|p1: LIWU.5216|move: Stealth Rock
|
|-weather|RainDance|[upkeep]
|upkeep
|turn|5
|
|t:|1769319619
|switch|p2a: Corviknight|Corviknight, F|98/100
|-ability|p2a: Corviknight|Pressure
|move|p1a: Pelipper|Hurricane|p2a: Corviknight
|-resisted|p2a: Corviknight
|-damage|p2a: Corviknight|82/100
|
|-weather|RainDance|[upkeep]
|upkeep
|turn|6
|
|t:|1769319629
|move|p2a: Corviknight|U-turn|p1a: Pelipper
|-resisted|p1a: Pelipper
|-damage|p1a: Pelipper|95/100
|
|t:|1769319641
|switch|p2a: Gholdengo|Gholdengo|100/100|[from] U-turn
|move|p1a: Pelipper|U-turn|p2a: Gholdengo
|-resisted|p2a: Gholdengo
|-damage|p2a: Gholdengo|98/100
|
|t:|1769319655
|switch|p1a: Clodsire|Clodsire, F|100/100|[from] U-turn
|-damage|p1a: Clodsire|94/100|[from] Stealth Rock
|
|-weather|RainDance|[upkeep]
|-heal|p1a: Clodsire|100/100|[from] item: Leftovers
|upkeep
|turn|7
|
|t:|1769319665
|move|p2a: Gholdengo|Trick|p1a: Clodsire
|-activate|p2a: Gholdengo|move: Trick|[of] p1a: Clodsire
|-item|p1a: Clodsire|Choice Specs|[from] move: Trick
|-item|p2a: Gholdengo|Leftovers|[from] move: Trick
|move|p1a: Clodsire|Stealth Rock|p2a: Gholdengo
|-sidestart|p2: StoryMark|move: Stealth Rock
|
|-weather|RainDance|[upkeep]
|-heal|p2a: Gholdengo|100/100|[from] item: Leftovers
|upkeep
|turn|8
|
|t:|1769319683
|switch|p2a: Ogerpon|Ogerpon-Wellspring, F|100/100
|-damage|p2a: Ogerpon|88/100|[from] Stealth Rock
|switch|p1a: Incineroar|Incineroar, M, shiny|100/100
|-ability|p1a: Incineroar|Intimidate|boost
|-unboost|p2a: Ogerpon|atk|1
|
|-weather|RainDance|[upkeep]
|upkeep
|turn|9
|
|t:|1769319708
|switch|p2a: Gholdengo|Gholdengo|100/100
|-damage|p2a: Gholdengo|94/100|[from] Stealth Rock
|move|p1a: Incineroar|Parting Shot|p2a: Gholdengo
|-immune|p2a: Gholdengo|[from] ability: Good as Gold
|
|-weather|RainDance|[upkeep]
|-heal|p2a: Gholdengo|100/100|[from] item: Leftovers
|upkeep
|turn|10
|
|t:|1769319721
|switch|p2a: Corviknight|Corviknight, F|82/100
|-damage|p2a: Corviknight|69/100|[from] Stealth Rock
|-ability|p2a: Corviknight|Pressure
|switch|p1a: Clodsire|Clodsire, F|100/100
|-damage|p1a: Clodsire|94/100|[from] Stealth Rock
|
|-weather|RainDance|[upkeep]
|upkeep
|turn|11
|
|t:|1769319736
|switch|p1a: Zapdos|Zapdos, shiny|100/100
|move|p2a: Corviknight|U-turn|p1a: Zapdos
|-resisted|p1a: Zapdos
|-damage|p1a: Zapdos|92/100
|inactive|StoryMark has 120 seconds left.
|inactive|StoryMark has 90 seconds left.
|
|t:|1769319789
|switch|p2a: Gholdengo|Gholdengo|100/100|[from] U-turn
|-damage|p2a: Gholdengo|94/100|[from] Stealth Rock
|
|-weather|none
|-heal|p2a: Gholdengo|100/100|[from] item: Leftovers
|upkeep
|turn|12
|
|t:|1769319798
|move|p1a: Zapdos|Volt Switch|p2a: Gholdengo
|-damage|p2a: Gholdengo|60/100
|
|t:|1769319801
|switch|p1a: Clodsire|Clodsire, F|94/100|[from] Volt Switch
|-damage|p1a: Clodsire|88/100|[from] Stealth Rock
|move|p2a: Gholdengo|Trick|p1a: Clodsire
|-activate|p2a: Gholdengo|move: Trick|[of] p1a: Clodsire
|-item|p1a: Clodsire|Leftovers|[from] move: Trick
|-item|p2a: Gholdengo|Choice Specs|[from] move: Trick
|
|-heal|p1a: Clodsire|94/100|[from] item: Leftovers
|upkeep
|turn|13
|
|t:|1769319813
|switch|p2a: Corviknight|Corviknight, F|69/100
|-damage|p2a: Corviknight|57/100|[from] Stealth Rock
|-ability|p2a: Corviknight|Pressure
|move|p1a: Clodsire|Earthquake|p2a: Corviknight
|-immune|p2a: Corviknight
|
|-heal|p1a: Clodsire|100/100|[from] item: Leftovers
|upkeep
|turn|14
|
|t:|1769319821
|switch|p1a: Corviknight|Corviknight, F, shiny|84/100
|-damage|p1a: Corviknight|72/100|[from] Stealth Rock
|-ability|p1a: Corviknight|Pressure
|move|p2a: Corviknight|Roost|p2a: Corviknight
|-heal|p2a: Corviknight|100/100
|-singleturn|p2a: Corviknight|move: Roost
|
|upkeep
|turn|15
|
|t:|1769319827
|move|p2a: Corviknight|U-turn|p1a: Corviknight
|-resisted|p1a: Corviknight
|-damage|p1a: Corviknight|69/100
|-damage|p2a: Corviknight|84/100|[from] item: Rocky Helmet|[of] p1a: Corviknight
|
|t:|1769319830
|switch|p2a: Ting-Lu|Ting-Lu|100/100|[from] U-turn
|-damage|p2a: Ting-Lu|94/100|[from] Stealth Rock
|-ability|p2a: Ting-Lu|Vessel of Ruin
|move|p1a: Corviknight|Roost|p1a: Corviknight
|-heal|p1a: Corviknight|100/100
|-singleturn|p1a: Corviknight|move: Roost
|
|-heal|p2a: Ting-Lu|100/100|[from] item: Leftovers
|upkeep
|turn|16
|
|t:|1769319835
|move|p2a: Ting-Lu|Ruination|p1a: Corviknight
|-damage|p1a: Corviknight|51/100
|move|p1a: Corviknight|Defog|p2a: Ting-Lu
|-unboost|p2a: Ting-Lu|evasion|1
|-sideend|p2: StoryMark|Stealth Rock|[from] move: Defog|[of] p1a: Corviknight
|-sideend|p1: LIWU.5216|Stealth Rock|[from] move: Defog|[of] p1a: Corviknight
|
|upkeep
|turn|17
|
|t:|1769319843
|switch|p1a: Clodsire|Clodsire, F|100/100
|move|p2a: Ting-Lu|Stealth Rock|p1a: Clodsire
|-sidestart|p1: LIWU.5216|move: Stealth Rock
|
|upkeep
|turn|18
|
|t:|1769319854
|switch|p2a: Gholdengo|Gholdengo|60/100
|move|p1a: Clodsire|Earthquake|p2a: Gholdengo
|-supereffective|p2a: Gholdengo
|-damage|p2a: Gholdengo|1/100
|
|upkeep
|turn|19
|
|t:|1769319871
|move|p2a: Gholdengo|Make It Rain|p1a: Clodsire
|-damage|p1a: Clodsire|52/100
|-unboost|p2a: Gholdengo|spa|1
|move|p1a: Clodsire|Earthquake|p2a: Gholdengo
|-supereffective|p2a: Gholdengo
|-damage|p2a: Gholdengo|0 fnt
|faint|p2a: Gholdengo
|
|-heal|p1a: Clodsire|59/100|[from] item: Leftovers
|upkeep
|
|t:|1769319880
|switch|p2a: Great Tusk|Great Tusk|100/100
|turn|20
|
|t:|1769319886
|switch|p1a: Corviknight|Corviknight, F, shiny|51/100
|-damage|p1a: Corviknight|38/100|[from] Stealth Rock
|-ability|p1a: Corviknight|Pressure
|move|p2a: Great Tusk|Ice Spinner|p1a: Corviknight
|-damage|p1a: Corviknight|21/100
|-damage|p2a: Great Tusk|84/100|[from] item: Rocky Helmet|[of] p1a: Corviknight
|
|upkeep
|turn|21
|
|t:|1769319893
|-end|p2a: Great Tusk|Protosynthesis|[silent]
|switch|p2a: Corviknight|Corviknight, F|84/100
|-ability|p2a: Corviknight|Pressure
|move|p1a: Corviknight|Roost|p1a: Corviknight
|-heal|p1a: Corviknight|71/100
|-singleturn|p1a: Corviknight|move: Roost
|
|upkeep
|turn|22
|
|t:|1769319899
|move|p2a: Corviknight|Roost|p2a: Corviknight
|-heal|p2a: Corviknight|100/100
|-singleturn|p2a: Corviknight|move: Roost
|move|p1a: Corviknight|Roost|p1a: Corviknight
|-heal|p1a: Corviknight|100/100
|-singleturn|p1a: Corviknight|move: Roost
|
|upkeep
|turn|23
|
|t:|1769319903
|move|p2a: Corviknight|Roost||[still]
|-fail|p2a: Corviknight|heal
|move|p1a: Corviknight|Defog|p2a: Corviknight
|-unboost|p2a: Corviknight|evasion|1
|-sideend|p1: LIWU.5216|Stealth Rock|[from] move: Defog|[of] p1a: Corviknight
|
|upkeep
|turn|24
|c|☆StoryMark|我去点错了
|
|t:|1769319917
|move|p2a: Corviknight|U-turn|p1a: Corviknight
|-resisted|p1a: Corviknight
|-damage|p1a: Corviknight|98/100
|-damage|p2a: Corviknight|84/100|[from] item: Rocky Helmet|[of] p1a: Corviknight
|c|☆LIWU.5216|啊？
|
|t:|1769319920
|switch|p2a: Pecharunt|Pecharunt|66/100|[from] U-turn
|move|p1a: Corviknight|Body Press|p2a: Pecharunt
|-immune|p2a: Pecharunt
|
|upkeep
|turn|25
|
|t:|1769319930
|move|p2a: Pecharunt|Recover|p2a: Pecharunt
|-heal|p2a: Pecharunt|100/100
|move|p1a: Corviknight|U-turn|p2a: Pecharunt
|-resisted|p2a: Pecharunt
|-damage|p2a: Pecharunt|98/100
|
|t:|1769319936
|switch|p1a: Zapdos|Zapdos, shiny|92/100|[from] U-turn
|
|upkeep
|turn|26
|
|t:|1769319943
|move|p1a: Zapdos|Volt Switch|p2a: Pecharunt
|-damage|p2a: Pecharunt|63/100
|
|t:|1769319948
|switch|p1a: Clodsire|Clodsire, F|59/100|[from] Volt Switch
|move|p2a: Pecharunt|Nasty Plot|p2a: Pecharunt
|-boost|p2a: Pecharunt|spa|2
|
|-heal|p1a: Clodsire|65/100|[from] item: Leftovers
|upkeep
|turn|27
|
|t:|1769319958
|-terastallize|p2a: Pecharunt|Ghost
|move|p2a: Pecharunt|Shadow Ball|p1a: Clodsire
|-damage|p1a: Clodsire|30/100
|move|p1a: Clodsire|Earthquake|p2a: Pecharunt
|-damage|p2a: Pecharunt|47/100
|
|-heal|p1a: Clodsire|36/100|[from] item: Leftovers
|upkeep
|turn|28
|
|t:|1769319970
|move|p2a: Pecharunt|Recover|p2a: Pecharunt
|-heal|p2a: Pecharunt|97/100
|move|p1a: Clodsire|Recover|p1a: Clodsire
|-heal|p1a: Clodsire|86/100
|
|-heal|p1a: Clodsire|93/100|[from] item: Leftovers
|upkeep
|turn|29
|
|t:|1769319979
|move|p2a: Pecharunt|Nasty Plot|p2a: Pecharunt
|-boost|p2a: Pecharunt|spa|2
|move|p1a: Clodsire|Toxic|p2a: Pecharunt
|-status|p2a: Pecharunt|tox
|
|-heal|p1a: Clodsire|99/100|[from] item: Leftovers
|-damage|p2a: Pecharunt|91/100 tox|[from] psn
|upkeep
|turn|30
|
|t:|1769319988
|move|p2a: Pecharunt|Shadow Ball|p1a: Clodsire
|-damage|p1a: Clodsire|50/100
|move|p1a: Clodsire|Recover|p1a: Clodsire
|-heal|p1a: Clodsire|99/100
|
|-heal|p1a: Clodsire|100/100|[from] item: Leftovers
|-damage|p2a: Pecharunt|79/100 tox|[from] psn
|upkeep
|turn|31
|c|☆StoryMark|土王是啥阴间
|
|t:|1769320016
|move|p2a: Pecharunt|Nasty Plot|p2a: Pecharunt
|-boost|p2a: Pecharunt|spa|2
|move|p1a: Clodsire|Recover||[still]
|-fail|p1a: Clodsire|heal
|
|-damage|p2a: Pecharunt|61/100 tox|[from] psn
|upkeep
|turn|32
|c|☆LIWU.5216|特防不错，极限分配
|
|t:|1769320028
|move|p2a: Pecharunt|Recover|p2a: Pecharunt
|-heal|p2a: Pecharunt|100/100 tox
|move|p1a: Clodsire|Recover||[still]
|-fail|p1a: Clodsire|heal
|
|-damage|p2a: Pecharunt|76/100 tox|[from] psn
|upkeep
|turn|33
|
|t:|1769320033
|move|p2a: Pecharunt|Shadow Ball|p1a: Clodsire
|-damage|p1a: Clodsire|32/100
|-unboost|p1a: Clodsire|spd|1
|move|p1a: Clodsire|Recover|p1a: Clodsire
|-heal|p1a: Clodsire|82/100
|
|-heal|p1a: Clodsire|88/100|[from] item: Leftovers
|-damage|p2a: Pecharunt|46/100 tox|[from] psn
|upkeep
|turn|34
|
|t:|1769320060
|switch|p1a: Incineroar|Incineroar, M, shiny|100/100
|-ability|p1a: Incineroar|Intimidate|boost
|-unboost|p2a: Pecharunt|atk|1
|move|p2a: Pecharunt|Shadow Ball|p1a: Incineroar
|-resisted|p1a: Incineroar
|-damage|p1a: Incineroar|35/100
|
|-damage|p2a: Pecharunt|9/100 tox|[from] psn
|upkeep
|turn|35
|
|t:|1769320074
|switch|p2a: Ting-Lu|Ting-Lu|100/100
|-ability|p2a: Ting-Lu|Vessel of Ruin
|move|p1a: Incineroar|Parting Shot|p2a: Ting-Lu
|-unboost|p2a: Ting-Lu|atk|1
|-unboost|p2a: Ting-Lu|spa|1
|
|t:|1769320084
|switch|p1a: Pelipper|Pelipper, M|95/100|[from] Parting Shot
|-weather|RainDance|[from] ability: Drizzle|[of] p1a: Pelipper
|
|-weather|RainDance|[upkeep]
|upkeep
|turn|36
|-message|StoryMark forfeited.
|
|win|LIWU.5216
|raw|LIWU.5216's rating: 1387 &rarr; <strong>1406</strong><br />(+19 for winning)
|raw|StoryMark's rating: 1374 &rarr; <strong>1355</strong><br />(-19 for losing)
|l|☆StoryMark
|player|p2|
|l|☆LIWU.5216
|player|p1|
