|j|☆lu1zz
|j|☆Freksaintg
|t:|1769388537
|gametype|singles
|player|p1|lu1zz|102|1048
|player|p2|Freksaintg|benga|1055
|gen|9
|tier|[Gen 9] OU
|rated|
|rule|HP Percentage Mod: HP is shown in percentages
|rule|Endless Battle Clause: Forcing endless battles is banned
|rule|Species Clause: Limit one of each Pokémon
|rule|OHKO Clause: OHKO moves are banned
|rule|Evasion Items Clause: Evasion items are banned
|rule|Evasion Moves Clause: Evasion moves are banned
|rule|Evasion Abilities Clause: Evasion abilities are banned
|rule|Sleep Moves Clause: Sleep-inducing moves are banned
|clearpoke
|poke|p1|Pawmot, M|
|poke|p1|Incineroar, M|
|poke|p1|Noivern, F|
|poke|p1|Scizor, M|
|poke|p1|Crabominable, M|
|poke|p1|Lapras, F|
|poke|p2|Ceruledge, M|
|poke|p2|Heatran, F|
|poke|p2|Latios, M|
|poke|p2|Hawlucha, M|
|poke|p2|Toxapex, F|
|poke|p2|Incineroar, F|
|teampreview
|
|t:|1769388542
|teamsize|p1|6
|teamsize|p2|6
|start
|switch|p1a: Gao|Incineroar, M|100/100
|switch|p2a: The Goat 🥹|Toxapex, F|100/100
|-ability|p1a: Gao|Intimidate|boost
|-unboost|p2a: The Goat 🥹|atk|1
|turn|1
|
|t:|1769388558
|-terastallize|p1a: Gao|Water
|move|p1a: Gao|Flare Blitz|p2a: The Goat 🥹
|-resisted|p2a: The Goat 🥹
|-damage|p2a: The Goat 🥹|87/100
|-damage|p1a: Gao|97/100|[from] Recoil
|move|p2a: The Goat 🥹|Surf|p1a: Gao
|-resisted|p1a: Gao
|-damage|p1a: Gao|92/100
|
|upkeep
|turn|2
|inactive|Battle timer is ON: inactive players will automatically lose when time's up. (requested by Freksaintg)
|
|t:|1769388570
|switch|p2a: Latios|Latios, M|100/100
|move|p1a: Gao|Parting Shot|p2a: Latios
|-unboost|p2a: Latios|atk|1
|-unboost|p2a: Latios|spa|1
|
|t:|1769388580
|switch|p1a: Noi|Noivern, F|100/100|[from] Parting Shot
|
|upkeep
|turn|3
|
|t:|1769388592
|move|p2a: Latios|Draco Meteor|p1a: Noi
|-supereffective|p1a: Noi
|-damage|p1a: Noi|0 fnt
|-unboost|p2a: Latios|spa|2
|faint|p1a: Noi
|
|upkeep
|
|t:|1769388602
|switch|p1a: Cutter|Scizor, M|100/100
|turn|4
|
|t:|1769388607
|switch|p2a: IdkWhyHesHere|Incineroar, F|100/100
|-ability|p2a: IdkWhyHesHere|Intimidate|boost
|-unboost|p1a: Cutter|atk|1
|move|p1a: Cutter|Knock Off|p2a: IdkWhyHesHere
|-resisted|p2a: IdkWhyHesHere
|-damage|p2a: IdkWhyHesHere|83/100
|-enditem|p2a: IdkWhyHesHere|Heavy-Duty Boots|[from] move: Knock Off|[of] p1a: Cutter
|
|upkeep
|turn|5
|
|t:|1769388622
|move|p1a: Cutter|Knock Off|p2a: IdkWhyHesHere
|-resisted|p2a: IdkWhyHesHere
|-damage|p2a: IdkWhyHesHere|71/100
|move|p2a: IdkWhyHesHere|Flare Blitz|p1a: Cutter
|-supereffective|p1a: Cutter
|-damage|p1a: Cutter|0 fnt
|faint|p1a: Cutter
|-damage|p2a: IdkWhyHesHere|47/100|[from] Recoil
|
|upkeep
|
|t:|1769388633
|switch|p1a: Gao|Incineroar, M, tera:Water|92/100
|-ability|p1a: Gao|Intimidate|boost
|-unboost|p2a: IdkWhyHesHere|atk|1
|turn|6
|
|t:|1769388638
|switch|p2a: Latios|Latios, M|100/100
|move|p1a: Gao|Flare Blitz|p2a: Latios
|-resisted|p2a: Latios
|-damage|p2a: Latios|68/100
|-damage|p1a: Gao|83/100|[from] Recoil
|
|upkeep
|turn|7
|
|t:|1769388646
|move|p2a: Latios|Draco Meteor|p1a: Gao
|-damage|p1a: Gao|11/100
|-unboost|p2a: Latios|spa|2
|move|p1a: Gao|Knock Off|p2a: Latios
|-supereffective|p2a: Latios
|-damage|p2a: Latios|0 fnt
|-enditem|p2a: Latios|Choice Specs|[from] move: Knock Off|[of] p1a: Gao
|faint|p2a: Latios
|
|upkeep
|
|t:|1769388650
|switch|p2a: No fairys|Heatran, F|100/100
|turn|8
|
|t:|1769388670
|move|p2a: No fairys|Earth Power|p1a: Gao
|-damage|p1a: Gao|0 fnt
|faint|p1a: Gao
|
|upkeep
|
|t:|1769388678
|switch|p1a: Paw|Pawmot, M|100/100
|turn|9
|
|t:|1769388689
|move|p1a: Paw|Revival Blessing|p1a: Paw
|
|t:|1769388692
|-heal|p1: Gao|50/100|[from] move: Revival Blessing
|move|p2a: No fairys|Earth Power|p1a: Paw
|-supereffective|p1a: Paw
|-damage|p1a: Paw|0 fnt
|faint|p1a: Paw
|
|upkeep
|
|t:|1769388703
|switch|p1a: Ness|Lapras, F|100/100
|turn|10
|
|t:|1769388715
|move|p2a: No fairys|Earth Power|p1a: Ness
|-damage|p1a: Ness|84/100
|move|p1a: Ness|Whirlpool|p2a: No fairys|[miss]
|-miss|p1a: Ness|p2a: No fairys
|
|-heal|p1a: Ness|91/100|[from] item: Leftovers
|upkeep
|turn|11
|inactive|lu1zz has 120 seconds left.
|
|t:|1769388735
|switch|p2a: The Goat 🥹|Toxapex, F|100/100
|move|p1a: Ness|Perish Song|p1a: Ness
|-start|p1a: Ness|perish3|[silent]
|-start|p2a: The Goat 🥹|perish3|[silent]
|-fieldactivate|move: Perish Song
|
|-heal|p1a: Ness|97/100|[from] item: Leftovers
|-start|p1a: Ness|perish3
|-start|p2a: The Goat 🥹|perish3
|upkeep
|turn|12
|inactive|lu1zz has 120 seconds left.
|
|t:|1769388746
|move|p1a: Ness|Freeze-Dry|p2a: The Goat 🥹
|-supereffective|p2a: The Goat 🥹
|-damage|p2a: The Goat 🥹|65/100
|move|p2a: The Goat 🥹|Gunk Shot|p1a: Ness
|-damage|p1a: Ness|73/100
|-status|p1a: Ness|psn
|
|-heal|p1a: Ness|80/100 psn|[from] item: Leftovers
|-damage|p1a: Ness|67/100 psn|[from] psn
|-start|p1a: Ness|perish2
|-start|p2a: The Goat 🥹|perish2
|upkeep
|turn|13
|inactive|lu1zz has 120 seconds left.
|
|t:|1769388759
|move|p1a: Ness|Freeze-Dry|p2a: The Goat 🥹
|-supereffective|p2a: The Goat 🥹
|-crit|p2a: The Goat 🥹
|-damage|p2a: The Goat 🥹|15/100
|move|p2a: The Goat 🥹|Recover|p2a: The Goat 🥹
|-heal|p2a: The Goat 🥹|66/100
|
|-heal|p1a: Ness|73/100 psn|[from] item: Leftovers
|-damage|p1a: Ness|61/100 psn|[from] psn
|-start|p1a: Ness|perish1
|-start|p2a: The Goat 🥹|perish1
|upkeep
|turn|14
|inactive|lu1zz has 120 seconds left.
|
|t:|1769388773
|move|p1a: Ness|Freeze-Dry|p2a: The Goat 🥹
|-supereffective|p2a: The Goat 🥹
|-damage|p2a: The Goat 🥹|34/100
|move|p2a: The Goat 🥹|Surf|p1a: Ness
|-heal|p1a: Ness|86/100 psn|[from] ability: Water Absorb|[of] p2a: The Goat 🥹
|
|-heal|p1a: Ness|92/100 psn|[from] item: Leftovers
|-damage|p1a: Ness|80/100 psn|[from] psn
|-start|p1a: Ness|perish0
|-start|p2a: The Goat 🥹|perish0
|upkeep
|faint|p1a: Ness
|faint|p2a: The Goat 🥹
|l|☆Freksaintg
|inactive|Freksaintg disconnected and has a minute to reconnect!
|player|p2|
|inactive|lu1zz has 120 seconds left.
|j|☆Freksaintg
|inactive|Freksaintg reconnected and has 135 seconds left.
|player|p2|Freksaintg|benga|
|
|t:|1769388798
|switch|p1a: Braw|Crabominable, M|100/100
|switch|p2a: No fairys|Heatran, F|100/100
|turn|15
|inactive|lu1zz has 120 seconds left.
|
|t:|1769388813
|move|p2a: No fairys|Magma Storm|p1a: Braw
|-supereffective|p1a: Braw
|-damage|p1a: Braw|0 fnt
|faint|p1a: Braw
|
|upkeep
|
|t:|1769388819
|switch|p1a: Gao|Incineroar, M|50/100
|-ability|p1a: Gao|Intimidate|boost
|-unboost|p2a: No fairys|atk|1
|turn|16
|
|t:|1769388831
|move|p2a: No fairys|Earth Power|p1a: Gao
|-supereffective|p1a: Gao
|-damage|p1a: Gao|6/100
|move|p1a: Gao|Flare Blitz|p2a: No fairys
|-start|p2a: No fairys|ability: Flash Fire
|
|upkeep
|turn|17
|
|t:|1769388839
|move|p2a: No fairys|Earth Power|p1a: Gao
|-supereffective|p1a: Gao
|-damage|p1a: Gao|0 fnt
|faint|p1a: Gao
|
|win|Freksaintg
|raw|lu1zz's rating: 1048 &rarr; <strong>1031</strong><br />(-17 for losing)
|raw|Freksaintg's rating: 1055 &rarr; <strong>1086</strong><br />(+31 for winning)
