|j|‽kayjulers
|j|☆arma590
|t:|1769307713
|gametype|singles
|player|p1|kayjulers|clair|1471
|player|p2|arma590|pokemaniac|1415
|gen|9
|tier|[Gen 9] OU
|rated|
|rule|HP Percentage Mod: HP is shown in percentages
|rule|Endless Battle Clause: Forcing endless battles is banned
|rule|Species Clause: Limit one of each Pokémon
|rule|OHKO Clause: OHKO moves are banned
|rule|Evasion Items Clause: Evasion items are banned
|rule|Evasion Moves Clause: Evasion moves are banned
|rule|Evasion Abilities Clause: Evasion abilities are banned
|rule|Sleep Moves Clause: Sleep-inducing moves are banned
|clearpoke
|poke|p1|Raging Bolt|
|poke|p1|Hydrapple, M|
|poke|p1|Cryogonal|
|poke|p1|Landorus-Therian, M|
|poke|p1|Enamorus, F|
|poke|p1|Kingambit, F|
|poke|p2|Alomomola, F|
|poke|p2|Garchomp, M|
|poke|p2|Ogerpon, F|
|poke|p2|Iron Crown|
|poke|p2|Great Tusk|
|poke|p2|Enamorus, F|
|teampreview
|
|t:|1769307732
|teamsize|p1|6
|teamsize|p2|6
|start
|switch|p1a: Cryogonal|Cryogonal|100/100
|switch|p2a: Iron Crown|Iron Crown|100/100
|turn|1
|
|t:|1769307738
|switch|p1a: Hydrapple|Hydrapple, M|100/100
|move|p2a: Iron Crown|Tachyon Cutter|p1a: Hydrapple
|-damage|p1a: Hydrapple|84/100
|-damage|p1a: Hydrapple|66/100
|-hitcount|p1a: Hydrapple|2
|
|upkeep
|turn|2
|
|t:|1769307755
|move|p2a: Iron Crown|Psychic Noise|p1a: Hydrapple
|-damage|p1a: Hydrapple|40/100
|-start|p1a: Hydrapple|move: Heal Block
|move|p1a: Hydrapple|Earth Power|p2a: Iron Crown
|-supereffective|p2a: Iron Crown
|-damage|p2a: Iron Crown|65/100
|
|upkeep
|turn|3
|
|t:|1769307766
|-end|p2a: Iron Crown|Quark Drive|[silent]
|switch|p2a: Enamorus|Enamorus, F|100/100
|move|p1a: Hydrapple|Earth Power|p2a: Enamorus
|-immune|p2a: Enamorus
|
|-end|p1a: Hydrapple|move: Heal Block
|upkeep
|turn|4
|
|t:|1769307774
|switch|p1a: Cryogonal|Cryogonal|100/100
|move|p2a: Enamorus|Moonblast|p1a: Cryogonal
|-damage|p1a: Cryogonal|58/100
|-unboost|p1a: Cryogonal|spa|1
|
|upkeep
|turn|5
|
|t:|1769307780
|switch|p2a: Iron Crown|Iron Crown|65/100
|move|p1a: Cryogonal|Recover|p1a: Cryogonal
|-heal|p1a: Cryogonal|100/100
|
|upkeep
|turn|6
|
|t:|1769307793
|switch|p1a: Kingambit|Kingambit, F|100/100
|move|p2a: Iron Crown|Psychic Noise|p1a: Kingambit
|-immune|p1a: Kingambit
|
|upkeep
|turn|7
|
|t:|1769307799
|move|p2a: Iron Crown|Focus Blast|p1a: Kingambit
|-supereffective|p1a: Kingambit
|-damage|p1a: Kingambit|0 fnt
|faint|p1a: Kingambit
|-end|p1a: Kingambit|fallenundefined|[silent]
|
|upkeep
|
|t:|1769307820
|switch|p1a: Raging Bolt|Raging Bolt|100/100
|-enditem|p1a: Raging Bolt|Booster Energy
|-activate|p1a: Raging Bolt|ability: Protosynthesis|[fromitem]
|-start|p1a: Raging Bolt|protosynthesisspa
|turn|8
|
|t:|1769307838
|move|p2a: Iron Crown|Volt Switch|p1a: Raging Bolt
|-resisted|p1a: Raging Bolt
|-damage|p1a: Raging Bolt|95/100
|
|t:|1769307851
|-end|p2a: Iron Crown|Quark Drive|[silent]
|switch|p2a: Garchomp|Garchomp, M|100/100|[from] Volt Switch
|move|p1a: Raging Bolt|Dragon Pulse|p2a: Garchomp
|-supereffective|p2a: Garchomp
|-damage|p2a: Garchomp|0 fnt
|faint|p2a: Garchomp
|
|upkeep
|
|t:|1769307860
|switch|p2a: Great Tusk|Great Tusk|100/100
|-enditem|p2a: Great Tusk|Booster Energy
|-activate|p2a: Great Tusk|ability: Protosynthesis|[fromitem]
|-start|p2a: Great Tusk|protosynthesisspe
|turn|9
|
|t:|1769307864
|-end|p1a: Raging Bolt|Protosynthesis|[silent]
|switch|p1a: Landorus|Landorus-Therian, M|100/100
|-ability|p1a: Landorus|Intimidate|boost
|-unboost|p2a: Great Tusk|atk|1
|move|p2a: Great Tusk|Headlong Rush|p1a: Landorus
|-immune|p1a: Landorus
|
|upkeep
|turn|10
|
|t:|1769307871
|move|p2a: Great Tusk|Ice Spinner|p1a: Landorus
|-supereffective|p1a: Landorus
|-damage|p1a: Landorus|61/100
|-damage|p2a: Great Tusk|84/100|[from] item: Rocky Helmet|[of] p1a: Landorus
|move|p1a: Landorus|Stealth Rock|p2a: Great Tusk
|-sidestart|p2: arma590|move: Stealth Rock
|
|upkeep
|turn|11
|
|t:|1769307882
|switch|p1a: Cryogonal|Cryogonal|100/100
|move|p2a: Great Tusk|Rapid Spin|p1a: Cryogonal
|-damage|p1a: Cryogonal|87/100
|-boost|p2a: Great Tusk|spe|1
|-sideend|p2: arma590|Stealth Rock|[from] move: Rapid Spin|[of] p2a: Great Tusk
|
|upkeep
|turn|12
|
|t:|1769307888
|move|p2a: Great Tusk|Close Combat|p1a: Cryogonal
|-supereffective|p1a: Cryogonal
|-damage|p1a: Cryogonal|0 fnt
|-unboost|p2a: Great Tusk|def|1
|-unboost|p2a: Great Tusk|spd|1
|faint|p1a: Cryogonal
|
|upkeep
|
|t:|1769307894
|switch|p1a: Enamorus|Enamorus, F|100/100
|turn|13
|
|t:|1769307900
|-end|p2a: Great Tusk|Protosynthesis|[silent]
|switch|p2a: Iron Crown|Iron Crown|65/100
|move|p1a: Enamorus|Earth Power|p2a: Iron Crown
|-supereffective|p2a: Iron Crown
|-damage|p2a: Iron Crown|30/100
|
|upkeep
|turn|14
|
|t:|1769307909
|switch|p1a: Hydrapple|Hydrapple, M|73/100
|move|p2a: Iron Crown|Tachyon Cutter|p1a: Hydrapple
|-damage|p1a: Hydrapple|56/100
|-crit|p1a: Hydrapple
|-damage|p1a: Hydrapple|28/100
|-hitcount|p1a: Hydrapple|2
|
|upkeep
|turn|15
|
|t:|1769307916
|switch|p1a: Raging Bolt|Raging Bolt|95/100
|move|p2a: Iron Crown|Tachyon Cutter|p1a: Raging Bolt
|-resisted|p1a: Raging Bolt
|-damage|p1a: Raging Bolt|82/100
|-resisted|p1a: Raging Bolt
|-damage|p1a: Raging Bolt|69/100
|-hitcount|p1a: Raging Bolt|2
|
|upkeep
|turn|16
|
|t:|1769307924
|move|p1a: Raging Bolt|Thunderclap|p2a: Iron Crown
|-damage|p2a: Iron Crown|5/100
|move|p2a: Iron Crown|Psychic Noise|p1a: Raging Bolt
|-damage|p1a: Raging Bolt|36/100
|-start|p1a: Raging Bolt|move: Heal Block
|
|upkeep
|turn|17
|
|t:|1769307932
|move|p2a: Iron Crown|Tachyon Cutter|p1a: Raging Bolt
|-resisted|p1a: Raging Bolt
|-damage|p1a: Raging Bolt|24/100
|-resisted|p1a: Raging Bolt
|-damage|p1a: Raging Bolt|11/100
|-hitcount|p1a: Raging Bolt|2
|move|p1a: Raging Bolt|Dragon Pulse|p2a: Iron Crown
|-resisted|p2a: Iron Crown
|-damage|p2a: Iron Crown|0 fnt
|faint|p2a: Iron Crown
|-end|p2a: Iron Crown|Quark Drive|[silent]
|
|-end|p1a: Raging Bolt|move: Heal Block
|upkeep
|
|t:|1769307938
|switch|p2a: Great Tusk|Great Tusk|84/100
|turn|18
|
|t:|1769307945
|-end|p1a: Raging Bolt|Protosynthesis|[silent]
|switch|p1a: Landorus|Landorus-Therian, M|61/100
|-ability|p1a: Landorus|Intimidate|boost
|-unboost|p2a: Great Tusk|atk|1
|move|p2a: Great Tusk|Ice Spinner|p1a: Landorus
|-supereffective|p1a: Landorus
|-damage|p1a: Landorus|15/100
|-damage|p2a: Great Tusk|67/100|[from] item: Rocky Helmet|[of] p1a: Landorus
|
|upkeep
|turn|19
|
|t:|1769307967
|move|p2a: Great Tusk|Ice Spinner|p1a: Landorus
|-supereffective|p1a: Landorus
|-damage|p1a: Landorus|0 fnt
|-damage|p2a: Great Tusk|51/100|[from] item: Rocky Helmet|[of] p1a: Landorus
|faint|p1a: Landorus
|
|upkeep
|
|t:|1769307971
|switch|p1a: Enamorus|Enamorus, F|100/100
|turn|20
|
|t:|1769307990
|-end|p2a: Great Tusk|Protosynthesis|[silent]
|switch|p2a: Ogerpon|Ogerpon, F|100/100
|move|p1a: Enamorus|Moonblast|p2a: Ogerpon
|-damage|p2a: Ogerpon|37/100
|
|upkeep
|turn|21
|
|t:|1769308003
|move|p1a: Enamorus|Moonblast|p2a: Ogerpon
|-damage|p2a: Ogerpon|0 fnt
|faint|p2a: Ogerpon
|
|upkeep
|
|t:|1769308034
|switch|p2a: Enamorus|Enamorus, F|100/100
|turn|22
|
|t:|1769308046
|move|p1a: Enamorus|Moonblast|p2a: Enamorus
|-damage|p2a: Enamorus|16/100
|move|p2a: Enamorus|Moonblast|p1a: Enamorus
|-damage|p1a: Enamorus|18/100
|
|upkeep
|turn|23
|
|t:|1769308051
|move|p1a: Enamorus|Moonblast|p2a: Enamorus
|-damage|p2a: Enamorus|0 fnt
|faint|p2a: Enamorus
|
|upkeep
|
|t:|1769308054
|switch|p2a: Alomomola|Alomomola, F|100/100
|turn|24
|
|t:|1769308057
|switch|p1a: Hydrapple|Hydrapple, M|61/100
|move|p2a: Alomomola|Ice Beam|p1a: Hydrapple
|-supereffective|p1a: Hydrapple
|-damage|p1a: Hydrapple|34/100
|
|upkeep
|turn|25
|
|t:|1769308068
|switch|p2a: Great Tusk|Great Tusk|51/100
|-terastallize|p1a: Hydrapple|Steel
|move|p1a: Hydrapple|Leaf Storm|p2a: Great Tusk
|-supereffective|p2a: Great Tusk
|-damage|p2a: Great Tusk|0 fnt
|-unboost|p1a: Hydrapple|spa|2
|faint|p2a: Great Tusk
|-end|p2a: Great Tusk|Protosynthesis|[silent]
|
|upkeep
|-message|arma590 forfeited.
|
|win|kayjulers
|raw|kayjulers's rating: 1471 &rarr; <strong>1488</strong><br />(+17 for winning)
|raw|arma590's rating: 1415 &rarr; <strong>1398</strong><br />(-17 for losing)
|l|☆arma590
|player|p2|
|l|‽kayjulers
|player|p1|
