|j|☆jakehectic
|j|☆Trainermilton00
|t:|1769331571
|gametype|singles
|player|p1|jakehectic|cameraman|1284
|player|p2|Trainermilton00|morty|1241
|gen|9
|tier|[Gen 9] OU
|rated|
|rule|HP Percentage Mod: HP is shown in percentages
|rule|Endless Battle Clause: Forcing endless battles is banned
|rule|Species Clause: Limit one of each Pokémon
|rule|OHKO Clause: OHKO moves are banned
|rule|Evasion Items Clause: Evasion items are banned
|rule|Evasion Moves Clause: Evasion moves are banned
|rule|Evasion Abilities Clause: Evasion abilities are banned
|rule|Sleep Moves Clause: Sleep-inducing moves are banned
|clearpoke
|poke|p1|Overqwil, F|
|poke|p1|Cinderace, M|
|poke|p1|Ursaluna, F|
|poke|p1|Conkeldurr, M|
|poke|p1|Reuniclus, M|
|poke|p1|Kyurem|
|poke|p2|Samurott-Hisui, F|
|poke|p2|Gholdengo|
|poke|p2|Iron Valiant|
|poke|p2|Dragonite, M|
|poke|p2|Kingambit, F|
|poke|p2|Great Tusk|
|teampreview
|
|t:|1769331587
|teamsize|p1|6
|teamsize|p2|6
|start
|switch|p1a: Conkeldurr|Conkeldurr, M|100/100
|switch|p2a: Samurott|Samurott-Hisui, F|100/100
|turn|1
|inactive|Battle timer is ON: inactive players will automatically lose when time's up. (requested by jakehectic)
|
|t:|1769331607
|move|p2a: Samurott|Ceaseless Edge|p1a: Conkeldurr
|-resisted|p1a: Conkeldurr
|-damage|p1a: Conkeldurr|81/100
|-sidestart|p1: jakehectic|Spikes
|move|p1a: Conkeldurr|Close Combat|p2a: Samurott
|-supereffective|p2a: Samurott
|-enditem|p2a: Samurott|Focus Sash
|-damage|p2a: Samurott|1/100
|-unboost|p1a: Conkeldurr|def|1
|-unboost|p1a: Conkeldurr|spd|1
|
|upkeep
|turn|2
|
|t:|1769331625
|move|p2a: Samurott|Razor Shell|p1a: Conkeldurr
|-damage|p1a: Conkeldurr|10/100
|move|p1a: Conkeldurr|Drain Punch|p2a: Samurott
|-supereffective|p2a: Samurott
|-damage|p2a: Samurott|0 fnt
|-heal|p1a: Conkeldurr|10/100|[from] drain|[of] p2a: Samurott
|faint|p2a: Samurott
|
|upkeep
|
|t:|1769331645
|switch|p2a: Iron Valiant|Iron Valiant|100/100
|-enditem|p2a: Iron Valiant|Booster Energy
|-activate|p2a: Iron Valiant|ability: Quark Drive|[fromitem]
|-start|p2a: Iron Valiant|quarkdrivespe
|turn|3
|
|t:|1769331656
|move|p2a: Iron Valiant|Calm Mind|p2a: Iron Valiant
|-boost|p2a: Iron Valiant|spa|1
|-boost|p2a: Iron Valiant|spd|1
|move|p1a: Conkeldurr|Facade|p2a: Iron Valiant
|-damage|p2a: Iron Valiant|64/100
|
|upkeep
|turn|4
|
|t:|1769331677
|move|p2a: Iron Valiant|Psyshock|p1a: Conkeldurr
|-supereffective|p1a: Conkeldurr
|-damage|p1a: Conkeldurr|0 fnt
|faint|p1a: Conkeldurr
|
|upkeep
|
|t:|1769331679
|switch|p1a: Reuniclus|Reuniclus, M|100/100
|turn|5
|
|t:|1769331694
|move|p2a: Iron Valiant|Moonblast|p1a: Reuniclus
|-damage|p1a: Reuniclus|53/100
|-unboost|p1a: Reuniclus|spa|1
|move|p1a: Reuniclus|Psychic|p2a: Iron Valiant
|-supereffective|p2a: Iron Valiant
|-damage|p2a: Iron Valiant|0 fnt
|faint|p2a: Iron Valiant
|-end|p2a: Iron Valiant|Quark Drive|[silent]
|
|upkeep
|inactive|Trainermilton00 has 120 seconds left.
|
|t:|1769331716
|switch|p2a: Gholdengo|Gholdengo|100/100
|-item|p2a: Gholdengo|Air Balloon
|turn|6
|
|t:|1769331720
|move|p2a: Gholdengo|Shadow Ball|p1a: Reuniclus
|-supereffective|p1a: Reuniclus
|-crit|p1a: Reuniclus
|-damage|p1a: Reuniclus|0 fnt
|faint|p1a: Reuniclus
|
|upkeep
|
|t:|1769331727
|switch|p1a: Overqwil|Overqwil, F|100/100
|-ability|p1a: Overqwil|Intimidate|boost
|-unboost|p2a: Gholdengo|atk|1
|-item|p1a: Overqwil|Air Balloon
|turn|7
|
|t:|1769331737
|move|p1a: Overqwil|Toxic Spikes|p2a: Gholdengo
|-sidestart|p2: Trainermilton00|move: Toxic Spikes
|move|p2a: Gholdengo|Nasty Plot|p2a: Gholdengo
|-boost|p2a: Gholdengo|spa|2
|
|upkeep
|turn|8
|
|t:|1769331743
|move|p1a: Overqwil|Crunch|p2a: Gholdengo
|-supereffective|p2a: Gholdengo
|-damage|p2a: Gholdengo|16/100
|-enditem|p2a: Gholdengo|Air Balloon
|move|p2a: Gholdengo|Nasty Plot|p2a: Gholdengo
|-boost|p2a: Gholdengo|spa|2
|
|upkeep
|turn|9
|
|t:|1769331753
|move|p1a: Overqwil|Crunch|p2a: Gholdengo
|-supereffective|p2a: Gholdengo
|-damage|p2a: Gholdengo|0 fnt
|faint|p2a: Gholdengo
|
|upkeep
|
|t:|1769331766
|switch|p2a: Great Tusk|Great Tusk|100/100
|turn|10
|
|t:|1769331780
|move|p2a: Great Tusk|Headlong Rush|p1a: Overqwil
|-immune|p1a: Overqwil
|move|p1a: Overqwil|Waterfall|p2a: Great Tusk
|-supereffective|p2a: Great Tusk
|-damage|p2a: Great Tusk|64/100
|
|upkeep
|turn|11
|
|t:|1769331798
|move|p2a: Great Tusk|Ice Spinner|p1a: Overqwil
|-damage|p1a: Overqwil|70/100
|-enditem|p1a: Overqwil|Air Balloon
|move|p1a: Overqwil|Waterfall|p2a: Great Tusk
|-supereffective|p2a: Great Tusk
|-damage|p2a: Great Tusk|26/100
|
|upkeep
|turn|12
|
|t:|1769331806
|move|p2a: Great Tusk|Ice Spinner|p1a: Overqwil
|-damage|p1a: Overqwil|40/100
|move|p1a: Overqwil|Waterfall|p2a: Great Tusk
|-supereffective|p2a: Great Tusk
|-damage|p2a: Great Tusk|0 fnt
|faint|p2a: Great Tusk
|-end|p2a: Great Tusk|Protosynthesis|[silent]
|
|upkeep
|
|t:|1769331815
|switch|p2a: Dragonite|Dragonite, M|100/100
|turn|13
|
|t:|1769331840
|switch|p1a: Kyurem|Kyurem|100/100
|-ability|p1a: Kyurem|Pressure
|-terastallize|p2a: Dragonite|Normal
|move|p2a: Dragonite|Dragon Dance|p2a: Dragonite
|-boost|p2a: Dragonite|atk|1
|-boost|p2a: Dragonite|spe|1
|
|upkeep
|turn|14
|
|t:|1769331851
|switch|p1a: Overqwil|Overqwil, F|40/100
|-damage|p1a: Overqwil|28/100|[from] Spikes
|-ability|p1a: Overqwil|Intimidate|boost
|-unboost|p2a: Dragonite|atk|1
|move|p2a: Dragonite|Dragon Dance|p2a: Dragonite
|-boost|p2a: Dragonite|atk|1
|-boost|p2a: Dragonite|spe|1
|
|upkeep
|turn|15
|
|t:|1769331863
|move|p2a: Dragonite|Dragon Dance|p2a: Dragonite
|-boost|p2a: Dragonite|atk|1
|-boost|p2a: Dragonite|spe|1
|move|p1a: Overqwil|Barb Barrage|p2a: Dragonite
|-damage|p2a: Dragonite|85/100
|
|upkeep
|turn|16
|
|t:|1769331873
|-terastallize|p1a: Overqwil|Ghost
|move|p2a: Dragonite|Extreme Speed|p1a: Overqwil
|-immune|p1a: Overqwil
|move|p1a: Overqwil|Barb Barrage|p2a: Dragonite
|-damage|p2a: Dragonite|52/100
|
|upkeep
|turn|17
|
|t:|1769331895
|switch|p1a: Kyurem|Kyurem|100/100
|-ability|p1a: Kyurem|Pressure
|move|p2a: Dragonite|Fire Punch|p1a: Kyurem
|-damage|p1a: Kyurem|49/100
|-status|p1a: Kyurem|brn
|
|-damage|p1a: Kyurem|42/100 brn|[from] brn
|upkeep
|turn|18
|
|t:|1769331907
|move|p2a: Dragonite|Extreme Speed|p1a: Kyurem
|-damage|p1a: Kyurem|0 fnt
|faint|p1a: Kyurem
|
|upkeep
|
|t:|1769331915
|switch|p1a: Ursaluna|Ursaluna, F|100/100
|-damage|p1a: Ursaluna|88/100|[from] Spikes
|turn|19
|
|t:|1769331923
|move|p2a: Dragonite|Extreme Speed|p1a: Ursaluna
|-damage|p1a: Ursaluna|19/100
|move|p1a: Ursaluna|Close Combat|p2a: Dragonite
|-supereffective|p2a: Dragonite
|-damage|p2a: Dragonite|0 fnt
|-unboost|p1a: Ursaluna|def|1
|-unboost|p1a: Ursaluna|spd|1
|faint|p2a: Dragonite
|
|upkeep
|
|t:|1769331933
|switch|p2a: Kingambit|Kingambit, F|100/100
|-activate|p2a: Kingambit|ability: Supreme Overlord
|-start|p2a: Kingambit|fallen5|[silent]
|turn|20
|
|t:|1769331938
|move|p2a: Kingambit|Sucker Punch|p1a: Ursaluna
|-damage|p1a: Ursaluna|0 fnt
|faint|p1a: Ursaluna
|
|upkeep
|
|t:|1769331947
|switch|p1a: Cinderace|Cinderace, M|100/100
|turn|21
|
|t:|1769331954
|move|p1a: Cinderace|High Jump Kick|p2a: Kingambit
|-start|p1a: Cinderace|typechange|Fighting|[from] ability: Libero
|-supereffective|p2a: Kingambit
|-damage|p2a: Kingambit|0 fnt
|faint|p2a: Kingambit
|-end|p2a: Kingambit|fallen5|[silent]
|
|win|jakehectic
|raw|jakehectic's rating: 1284 &rarr; <strong>1306</strong><br />(+22 for winning)
|raw|Trainermilton00's rating: 1241 &rarr; <strong>1219</strong><br />(-22 for losing)
|l|☆Trainermilton00
|player|p2|
|l|☆jakehectic
|player|p1|
