|j|☆Will Gatz
|j|☆Brock Is Thicc
|t:|1769315204
|gametype|singles
|player|p1|Will Gatz|veteran-gen4|1106
|player|p2|Brock Is Thicc|1|1169
|gen|9
|tier|[Gen 9] OU
|rated|
|rule|HP Percentage Mod: HP is shown in percentages
|rule|Endless Battle Clause: Forcing endless battles is banned
|rule|Species Clause: Limit one of each Pokémon
|rule|OHKO Clause: OHKO moves are banned
|rule|Evasion Items Clause: Evasion items are banned
|rule|Evasion Moves Clause: Evasion moves are banned
|rule|Evasion Abilities Clause: Evasion abilities are banned
|rule|Sleep Moves Clause: Sleep-inducing moves are banned
|clearpoke
|poke|p1|Gliscor, M|
|poke|p1|Heatran, F|
|poke|p1|Toxapex, F|
|poke|p1|Rillaboom, M|
|poke|p1|Heracross, M|
|poke|p1|Eelektross, F|
|poke|p2|Gholdengo|
|poke|p2|Iron Treads|
|poke|p2|Moltres|
|poke|p2|Ogerpon-Wellspring, F|
|poke|p2|Dragonite, F|
|poke|p2|Ting-Lu|
|teampreview
|inactive|Battle timer is ON: inactive players will automatically lose when time's up. (requested by Will Gatz)
|
|t:|1769315222
|teamsize|p1|6
|teamsize|p2|6
|start
|switch|p1a: Rillaboom|Rillaboom, M|100/100
|switch|p2a: Sk8er Boi|Gholdengo|100/100
|-fieldstart|move: Grassy Terrain|[from] ability: Grassy Surge|[of] p1a: Rillaboom
|-enditem|p1a: Rillaboom|Grassy Seed
|-boost|p1a: Rillaboom|def|1|[from] item: Grassy Seed
|turn|1
|
|t:|1769315234
|move|p2a: Sk8er Boi|Shadow Ball|p1a: Rillaboom
|-damage|p1a: Rillaboom|52/100
|move|p1a: Rillaboom|Knock Off|p2a: Sk8er Boi
|-supereffective|p2a: Sk8er Boi
|-damage|p2a: Sk8er Boi|26/100
|-enditem|p2a: Sk8er Boi|Choice Scarf|[from] move: Knock Off|[of] p1a: Rillaboom
|
|-heal|p2a: Sk8er Boi|32/100|[from] Grassy Terrain
|-heal|p1a: Rillaboom|58/100|[from] Grassy Terrain
|upkeep
|turn|2
|
|t:|1769315259
|switch|p2a: Moltres|Moltres|100/100
|switch|p1a: Toxapex|Toxapex, F|100/100
|
|upkeep
|turn|3
|
|t:|1769315264
|move|p2a: Moltres|Will-O-Wisp|p1a: Toxapex
|-status|p1a: Toxapex|brn
|move|p1a: Toxapex|Chilling Water|p2a: Moltres
|-supereffective|p2a: Moltres
|-damage|p2a: Moltres|80/100
|-unboost|p2a: Moltres|atk|1
|
|-damage|p1a: Toxapex|94/100 brn|[from] brn
|upkeep
|turn|4
|
|t:|1769315282
|switch|p2a: Ting-Lu|Ting-Lu|100/100
|-ability|p2a: Ting-Lu|Vessel of Ruin
|move|p1a: Toxapex|Toxic|p2a: Ting-Lu
|-status|p2a: Ting-Lu|tox
|
|-heal|p1a: Toxapex|100/100 brn|[from] Grassy Terrain
|-damage|p2a: Ting-Lu|94/100 tox|[from] psn
|-damage|p1a: Toxapex|94/100 brn|[from] brn
|upkeep
|turn|5
|
|t:|1769315293
|switch|p1a: Rillaboom|Rillaboom, M|58/100
|move|p2a: Ting-Lu|Earthquake|p1a: Rillaboom
|-resisted|p1a: Rillaboom
|-damage|p1a: Rillaboom|49/100
|
|-heal|p1a: Rillaboom|55/100|[from] Grassy Terrain
|-heal|p2a: Ting-Lu|100/100 tox|[from] Grassy Terrain
|-damage|p2a: Ting-Lu|88/100 tox|[from] psn
|-fieldend|move: Grassy Terrain
|upkeep
|turn|6
|
|t:|1769315304
|switch|p2a: Moltres|Moltres|80/100
|move|p1a: Rillaboom|Knock Off|p2a: Moltres
|-damage|p2a: Moltres|55/100
|-enditem|p2a: Moltres|Heavy-Duty Boots|[from] move: Knock Off|[of] p1a: Rillaboom
|
|upkeep
|turn|7
|
|t:|1769315314
|switch|p1a: Toxapex|Toxapex, F|100/100 brn
|move|p2a: Moltres|Flamethrower|p1a: Toxapex
|-resisted|p1a: Toxapex
|-damage|p1a: Toxapex|84/100 brn
|
|-heal|p1a: Toxapex|90/100 brn|[from] item: Black Sludge
|-damage|p1a: Toxapex|84/100 brn|[from] brn
|upkeep
|turn|8
|
|t:|1769315328
|move|p1a: Toxapex|Chilling Water|p2a: Moltres
|-supereffective|p2a: Moltres
|-damage|p2a: Moltres|32/100
|-unboost|p2a: Moltres|atk|1
|move|p2a: Moltres|Roar|p1a: Toxapex
|drag|p1a: Rillaboom|Rillaboom, M|55/100
|-fieldstart|move: Grassy Terrain|[from] ability: Grassy Surge|[of] p1a: Rillaboom
|
|-heal|p1a: Rillaboom|61/100|[from] Grassy Terrain
|upkeep
|turn|9
|
|t:|1769315347
|switch|p1a: Toxapex|Toxapex, F|100/100 brn
|move|p2a: Moltres|Dual Wingbeat|p1a: Toxapex
|-damage|p1a: Toxapex|96/100 brn
|-damage|p1a: Toxapex|91/100 brn
|-hitcount|p1a: Toxapex|2
|
|-heal|p1a: Toxapex|97/100 brn|[from] Grassy Terrain
|-heal|p1a: Toxapex|100/100 brn|[from] item: Black Sludge
|-damage|p1a: Toxapex|94/100 brn|[from] brn
|upkeep
|turn|10
|
|t:|1769315358
|switch|p2a: Iron Treads|Iron Treads|100/100
|move|p1a: Toxapex|Baneful Bunker||[still]
|-fail|p1a: Toxapex
|
|-heal|p1a: Toxapex|100/100 brn|[from] Grassy Terrain
|-damage|p1a: Toxapex|94/100 brn|[from] brn
|upkeep
|turn|11
|
|t:|1769315366
|switch|p1a: Gliscor|Gliscor, M|100/100
|move|p2a: Iron Treads|Earthquake|p1a: Gliscor
|-immune|p1a: Gliscor
|
|-status|p1a: Gliscor|tox|[from] item: Toxic Orb
|upkeep
|turn|12
|
|t:|1769315373
|move|p1a: Gliscor|Swords Dance|p1a: Gliscor
|-boost|p1a: Gliscor|atk|2
|move|p2a: Iron Treads|Ice Spinner|p1a: Gliscor
|-supereffective|p1a: Gliscor
|-damage|p1a: Gliscor|30/100 tox
|-fieldend|move: Grassy Terrain
|
|-heal|p1a: Gliscor|42/100 tox|[from] ability: Poison Heal
|upkeep
|turn|13
|
|t:|1769315381
|move|p1a: Gliscor|Earthquake|p2a: Iron Treads
|-supereffective|p2a: Iron Treads
|-damage|p2a: Iron Treads|0 fnt
|faint|p2a: Iron Treads
|-end|p2a: Iron Treads|Quark Drive|[silent]
|
|-heal|p1a: Gliscor|54/100 tox|[from] ability: Poison Heal
|upkeep
|
|t:|1769315388
|switch|p2a: Shrek|Ogerpon-Wellspring, F|100/100
|turn|14
|
|t:|1769315409
|switch|p1a: Toxapex|Toxapex, F|100/100 brn
|move|p2a: Shrek|Ivy Cudgel|p1a: Toxapex|[anim] Ivy Cudgel Water
|-resisted|p1a: Toxapex
|-damage|p1a: Toxapex|83/100 brn
|
|-heal|p1a: Toxapex|89/100 brn|[from] item: Black Sludge
|-damage|p1a: Toxapex|83/100 brn|[from] brn
|upkeep
|turn|15
|
|t:|1769315427
|move|p2a: Shrek|Knock Off|p1a: Toxapex
|-damage|p1a: Toxapex|59/100 brn
|-enditem|p1a: Toxapex|Black Sludge|[from] move: Knock Off|[of] p2a: Shrek
|move|p1a: Toxapex|Toxic|p2a: Shrek
|-status|p2a: Shrek|tox
|
|-damage|p2a: Shrek|95/100 tox|[from] psn
|-damage|p1a: Toxapex|53/100 brn|[from] brn
|upkeep
|turn|16
|
|t:|1769315443
|switch|p2a: Sk8er Boi|Gholdengo|32/100
|move|p1a: Toxapex|Pain Split|p2a: Sk8er Boi
|-immune|p2a: Sk8er Boi|[from] ability: Good as Gold
|
|-damage|p1a: Toxapex|47/100 brn|[from] brn
|upkeep
|turn|17
|
|t:|1769315461
|switch|p1a: Heatran|Heatran, F|100/100
|move|p2a: Sk8er Boi|Shadow Ball|p1a: Heatran
|-damage|p1a: Heatran|78/100
|
|upkeep
|turn|18
|
|t:|1769315476
|switch|p2a: Ting-Lu|Ting-Lu|88/100 tox
|-ability|p2a: Ting-Lu|Vessel of Ruin
|move|p1a: Heatran|Magma Storm|p2a: Ting-Lu|[miss]
|-miss|p1a: Heatran|p2a: Ting-Lu
|
|-heal|p2a: Ting-Lu|94/100 tox|[from] item: Leftovers
|-damage|p2a: Ting-Lu|88/100 tox|[from] psn
|upkeep
|turn|19
|
|t:|1769315486
|switch|p1a: Rillaboom|Rillaboom, M|61/100
|-fieldstart|move: Grassy Terrain|[from] ability: Grassy Surge|[of] p1a: Rillaboom
|move|p2a: Ting-Lu|Earthquake|p1a: Rillaboom
|-resisted|p1a: Rillaboom
|-damage|p1a: Rillaboom|52/100
|
|-heal|p1a: Rillaboom|58/100|[from] Grassy Terrain
|-heal|p2a: Ting-Lu|94/100 tox|[from] Grassy Terrain
|-heal|p2a: Ting-Lu|100/100 tox|[from] item: Leftovers
|-damage|p2a: Ting-Lu|88/100 tox|[from] psn
|upkeep
|turn|20
|
|t:|1769315500
|switch|p2a: Dragonite|Dragonite, F, shiny|100/100
|move|p1a: Rillaboom|Knock Off|p2a: Dragonite
|-damage|p2a: Dragonite|83/100
|-enditem|p2a: Dragonite|Heavy-Duty Boots|[from] move: Knock Off|[of] p1a: Rillaboom
|
|-heal|p1a: Rillaboom|64/100|[from] Grassy Terrain
|upkeep
|turn|21
|
|t:|1769315510
|switch|p1a: Toxapex|Toxapex, F|80/100 brn
|move|p2a: Dragonite|Dragon Dance|p2a: Dragonite
|-boost|p2a: Dragonite|atk|1
|-boost|p2a: Dragonite|spe|1
|
|-heal|p1a: Toxapex|86/100 brn|[from] Grassy Terrain
|-damage|p1a: Toxapex|80/100 brn|[from] brn
|upkeep
|turn|22
|
|t:|1769315521
|switch|p2a: Sk8er Boi|Gholdengo|32/100
|move|p1a: Toxapex|Baneful Bunker||[still]
|-fail|p1a: Toxapex
|
|-heal|p2a: Sk8er Boi|38/100|[from] Grassy Terrain
|-heal|p1a: Toxapex|86/100 brn|[from] Grassy Terrain
|-damage|p1a: Toxapex|80/100 brn|[from] brn
|upkeep
|turn|23
|
|t:|1769315539
|move|p2a: Sk8er Boi|Dazzling Gleam|p1a: Toxapex
|-resisted|p1a: Toxapex
|-damage|p1a: Toxapex|69/100 brn
|move|p1a: Toxapex|Chilling Water|p2a: Sk8er Boi
|-damage|p2a: Sk8er Boi|25/100
|-unboost|p2a: Sk8er Boi|atk|1
|
|-heal|p2a: Sk8er Boi|31/100|[from] Grassy Terrain
|-heal|p1a: Toxapex|75/100 brn|[from] Grassy Terrain
|-damage|p1a: Toxapex|69/100 brn|[from] brn
|-fieldend|move: Grassy Terrain
|upkeep
|turn|24
|
|t:|1769315550
|move|p2a: Sk8er Boi|Shadow Ball|p1a: Toxapex
|-damage|p1a: Toxapex|33/100 brn
|move|p1a: Toxapex|Chilling Water|p2a: Sk8er Boi
|-damage|p2a: Sk8er Boi|18/100
|-unboost|p2a: Sk8er Boi|atk|1
|
|-damage|p1a: Toxapex|27/100 brn|[from] brn
|upkeep
|turn|25
|
|t:|1769315558
|switch|p1a: Heatran|Heatran, F|78/100
|move|p2a: Sk8er Boi|Shadow Ball|p1a: Heatran
|-damage|p1a: Heatran|57/100
|
|upkeep
|turn|26
|
|t:|1769315567
|switch|p2a: Shrek|Ogerpon-Wellspring, F|95/100 tox
|move|p1a: Heatran|Magma Storm|p2a: Shrek|[miss]
|-miss|p1a: Heatran|p2a: Shrek
|
|-damage|p2a: Shrek|89/100 tox|[from] psn
|upkeep
|turn|27
|
|t:|1769315576
|switch|p1a: Toxapex|Toxapex, F|60/100 brn
|move|p2a: Shrek|Facade|p1a: Toxapex
|-damage|p1a: Toxapex|29/100 brn
|
|-damage|p2a: Shrek|77/100 tox|[from] psn
|-damage|p1a: Toxapex|23/100 brn|[from] brn
|upkeep
|turn|28
|
|t:|1769315597
|move|p1a: Toxapex|Baneful Bunker|p1a: Toxapex
|-singleturn|p1a: Toxapex|move: Protect
|move|p2a: Shrek|Facade|p1a: Toxapex
|-activate|p1a: Toxapex|move: Protect
|
|-damage|p2a: Shrek|59/100 tox|[from] psn
|-damage|p1a: Toxapex|17/100 brn|[from] brn
|upkeep
|turn|29
|
|t:|1769315605
|switch|p1a: Heatran|Heatran, F|57/100
|move|p2a: Shrek|Facade|p1a: Heatran
|-resisted|p1a: Heatran
|-damage|p1a: Heatran|34/100
|
|-damage|p2a: Shrek|35/100 tox|[from] psn
|upkeep
|turn|30
|
|t:|1769315612
|switch|p1a: Toxapex|Toxapex, F|50/100 brn
|move|p2a: Shrek|Ivy Cudgel|p1a: Toxapex|[anim] Ivy Cudgel Water
|-resisted|p1a: Toxapex
|-damage|p1a: Toxapex|32/100 brn
|
|-damage|p2a: Shrek|5/100 tox|[from] psn
|-damage|p1a: Toxapex|25/100 brn|[from] brn
|upkeep
|turn|31
|
|t:|1769315621
|switch|p1a: Heatran|Heatran, F|34/100
|move|p2a: Shrek|Horn Leech|p1a: Heatran
|-resisted|p1a: Heatran
|-damage|p1a: Heatran|25/100
|-heal|p2a: Shrek|11/100 tox|[from] drain|[of] p1a: Heatran
|
|-damage|p2a: Shrek|0 fnt|[from] psn
|faint|p2a: Shrek
|upkeep
|
|t:|1769315634
|switch|p2a: Sk8er Boi|Gholdengo|18/100
|turn|32
|
|t:|1769315652
|move|p2a: Sk8er Boi|Shadow Ball|p1a: Heatran
|-damage|p1a: Heatran|5/100
|move|p1a: Heatran|Earth Power|p2a: Sk8er Boi
|-supereffective|p2a: Sk8er Boi
|-damage|p2a: Sk8er Boi|0 fnt
|faint|p2a: Sk8er Boi
|
|upkeep
|
|t:|1769315660
|switch|p2a: Dragonite|Dragonite, F, shiny|83/100
|turn|33
|
|t:|1769315665
|switch|p1a: Toxapex|Toxapex, F|59/100 brn
|move|p2a: Dragonite|Extreme Speed|p1a: Toxapex
|-damage|p1a: Toxapex|40/100 brn
|
|-damage|p1a: Toxapex|34/100 brn|[from] brn
|upkeep
|turn|34
|
|t:|1769315678
|switch|p2a: Ting-Lu|Ting-Lu|88/100 tox
|-ability|p2a: Ting-Lu|Vessel of Ruin
|move|p1a: Toxapex|Pain Split|p2a: Ting-Lu
|-sethp|p2a: Ting-Lu|54/100 tox|[from] move: Pain Split|[silent]
|-sethp|p1a: Toxapex|91/100 brn|[from] move: Pain Split
|
|-heal|p2a: Ting-Lu|60/100 tox|[from] item: Leftovers
|-damage|p2a: Ting-Lu|54/100 tox|[from] psn
|-damage|p1a: Toxapex|85/100 brn|[from] brn
|upkeep
|turn|35
|
|t:|1769315689
|switch|p1a: Gliscor|Gliscor, M|54/100 tox
|move|p2a: Ting-Lu|Whirlwind|p1a: Gliscor
|drag|p1a: Rillaboom|Rillaboom, M|64/100
|-fieldstart|move: Grassy Terrain|[from] ability: Grassy Surge|[of] p1a: Rillaboom
|
|-heal|p1a: Rillaboom|70/100|[from] Grassy Terrain
|-heal|p2a: Ting-Lu|60/100 tox|[from] Grassy Terrain
|-heal|p2a: Ting-Lu|67/100 tox|[from] item: Leftovers
|-damage|p2a: Ting-Lu|54/100 tox|[from] psn
|upkeep
|turn|36
|
|t:|1769315708
|switch|p2a: Dragonite|Dragonite, F, shiny|83/100
|move|p1a: Rillaboom|Knock Off|p2a: Dragonite
|-damage|p2a: Dragonite|61/100
|
|-heal|p1a: Rillaboom|76/100|[from] Grassy Terrain
|upkeep
|turn|37
|
|t:|1769315728
|switch|p1a: Toxapex|Toxapex, F|100/100 brn
|move|p2a: Dragonite|Fire Punch|p1a: Toxapex
|-resisted|p1a: Toxapex
|-damage|p1a: Toxapex|92/100 brn
|
|-heal|p1a: Toxapex|99/100 brn|[from] Grassy Terrain
|-damage|p1a: Toxapex|92/100 brn|[from] brn
|upkeep
|turn|38
|
|t:|1769315740
|move|p2a: Dragonite|Dragon Dance|p2a: Dragonite
|-boost|p2a: Dragonite|atk|1
|-boost|p2a: Dragonite|spe|1
|move|p1a: Toxapex|Chilling Water|p2a: Dragonite
|-resisted|p2a: Dragonite
|-damage|p2a: Dragonite|55/100
|-unboost|p2a: Dragonite|atk|1
|
|-heal|p1a: Toxapex|99/100 brn|[from] Grassy Terrain
|-damage|p1a: Toxapex|92/100 brn|[from] brn
|upkeep
|turn|39
|
|t:|1769315751
|move|p2a: Dragonite|Dragon Dance|p2a: Dragonite
|-boost|p2a: Dragonite|atk|1
|-boost|p2a: Dragonite|spe|1
|move|p1a: Toxapex|Toxic|p2a: Dragonite
|-status|p2a: Dragonite|tox
|
|-heal|p1a: Toxapex|99/100 brn|[from] Grassy Terrain
|-damage|p2a: Dragonite|49/100 tox|[from] psn
|-damage|p1a: Toxapex|92/100 brn|[from] brn
|-fieldend|move: Grassy Terrain
|upkeep
|turn|40
|
|t:|1769315765
|-terastallize|p2a: Dragonite|Normal
|move|p1a: Toxapex|Baneful Bunker|p1a: Toxapex
|-singleturn|p1a: Toxapex|move: Protect
|move|p2a: Dragonite|Extreme Speed|p1a: Toxapex
|-activate|p1a: Toxapex|move: Protect
|
|-damage|p2a: Dragonite|37/100 tox|[from] psn
|-damage|p1a: Toxapex|86/100 brn|[from] brn
|upkeep
|turn|41
|
|t:|1769315787
|move|p2a: Dragonite|Extreme Speed|p1a: Toxapex
|-crit|p1a: Toxapex
|-damage|p1a: Toxapex|24/100 brn
|move|p1a: Toxapex|Chilling Water|p2a: Dragonite
|-damage|p2a: Dragonite|26/100 tox
|-unboost|p2a: Dragonite|atk|1
|
|-damage|p2a: Dragonite|8/100 tox|[from] psn
|-damage|p1a: Toxapex|17/100 brn|[from] brn
|upkeep
|turn|42
|
|t:|1769315800
|switch|p1a: Eelektross|Eelektross, F|100/100
|move|p2a: Dragonite|Extreme Speed|p1a: Eelektross
|-damage|p1a: Eelektross|52/100
|
|-damage|p2a: Dragonite|0 fnt|[from] psn
|faint|p2a: Dragonite
|upkeep
|
|t:|1769315815
|switch|p2a: Ting-Lu|Ting-Lu|54/100 tox
|-ability|p2a: Ting-Lu|Vessel of Ruin
|turn|43
|
|t:|1769315833
|move|p1a: Eelektross|Drain Punch|p2a: Ting-Lu
|-supereffective|p2a: Ting-Lu
|-damage|p2a: Ting-Lu|9/100 tox
|-heal|p1a: Eelektross|84/100|[from] drain|[of] p2a: Ting-Lu
|move|p2a: Ting-Lu|Earthquake|p1a: Eelektross
|-immune|p1a: Eelektross|[from] ability: Levitate
|
|-heal|p2a: Ting-Lu|15/100 tox|[from] item: Leftovers
|-damage|p2a: Ting-Lu|9/100 tox|[from] psn
|upkeep
|turn|44
|-message|Brock Is Thicc forfeited.
|
|win|Will Gatz
|raw|Will Gatz's rating: 1106 &rarr; <strong>1135</strong><br />(+29 for winning)
|raw|Brock Is Thicc's rating: 1169 &rarr; <strong>1140</strong><br />(-29 for losing)
|c|☆Will Gatz|damn man
|l|☆Brock Is Thicc
|player|p2|
