|j|☆ieadkiwis
|j|☆gfitzy
|t:|1769309210
|gametype|singles
|player|p1|ieadkiwis|mela|1328
|player|p2|gfitzy|hilda-wonderlauncher|1364
|gen|9
|tier|[Gen 9] OU
|rated|
|rule|HP Percentage Mod: HP is shown in percentages
|rule|Endless Battle Clause: Forcing endless battles is banned
|rule|Species Clause: Limit one of each Pokémon
|rule|OHKO Clause: OHKO moves are banned
|rule|Evasion Items Clause: Evasion items are banned
|rule|Evasion Moves Clause: Evasion moves are banned
|rule|Evasion Abilities Clause: Evasion abilities are banned
|rule|Sleep Moves Clause: Sleep-inducing moves are banned
|clearpoke
|poke|p1|Cinccino, F|
|poke|p1|Samurott-Hisui, F|
|poke|p1|Gholdengo|
|poke|p1|Great Tusk|
|poke|p1|Skeledirge, F|
|poke|p1|Ogerpon, F|
|poke|p2|Carbink, L1|
|poke|p2|Braviary-Hisui, M|
|poke|p2|Ursaluna, M|
|poke|p2|Kingambit, M|
|poke|p2|Iron Hands|
|poke|p2|Hatterene, F|
|teampreview
|
|t:|1769309221
|teamsize|p1|6
|teamsize|p2|6
|start
|switch|p1a: Radiohead|Skeledirge, F|100/100
|switch|p2a: The Bink|Carbink, L1, shiny|100/100
|turn|1
|
|t:|1769309226
|move|p1a: Radiohead|Will-O-Wisp|p2a: The Bink
|-status|p2a: The Bink|brn
|move|p2a: The Bink|Trick Room|p2a: The Bink
|-fieldstart|move: Trick Room|[of] p2a: The Bink
|
|-damage|p2a: The Bink|92/100 brn|[from] item: Black Sludge
|-damage|p2a: The Bink|84/100 brn|[from] brn
|upkeep
|turn|2
|
|t:|1769309242
|switch|p2a: Freddy|Ursaluna, M|100/100
|move|p1a: Radiohead|Hex|p2a: Freddy
|-immune|p2a: Freddy
|
|-status|p2a: Freddy|brn|[from] item: Flame Orb
|upkeep
|turn|3
|
|t:|1769309261
|switch|p1a: Pissbottle|Gholdengo|100/100
|-item|p1a: Pissbottle|Air Balloon
|move|p2a: Freddy|Headlong Rush|p1a: Pissbottle
|-immune|p1a: Pissbottle
|
|-damage|p2a: Freddy|94/100 brn|[from] brn
|upkeep
|turn|4
|
|t:|1769309275
|move|p2a: Freddy|Crunch|p1a: Pissbottle
|-supereffective|p1a: Pissbottle
|-damage|p1a: Pissbottle|30/100
|-unboost|p1a: Pissbottle|def|1
|-enditem|p1a: Pissbottle|Air Balloon
|move|p1a: Pissbottle|Nasty Plot|p1a: Pissbottle
|-boost|p1a: Pissbottle|spa|2
|
|-damage|p2a: Freddy|88/100 brn|[from] brn
|upkeep
|turn|5
|
|t:|1769309290
|switch|p1a: Manny|Great Tusk|100/100
|move|p2a: Freddy|Headlong Rush|p1a: Manny
|-damage|p1a: Manny|26/100
|-unboost|p2a: Freddy|def|1
|-unboost|p2a: Freddy|spd|1
|
|-damage|p2a: Freddy|82/100 brn|[from] brn
|-fieldend|move: Trick Room
|upkeep
|turn|6
|
|t:|1769309299
|move|p1a: Manny|Close Combat|p2a: Freddy
|-supereffective|p2a: Freddy
|-damage|p2a: Freddy|0 fnt
|-unboost|p1a: Manny|def|1
|-unboost|p1a: Manny|spd|1
|faint|p2a: Freddy
|
|upkeep
|
|t:|1769309306
|switch|p2a: Balloon Boy|Braviary-Hisui, M, shiny|100/100
|turn|7
|
|t:|1769309319
|move|p1a: Manny|Ice Spinner|p2a: Balloon Boy
|-supereffective|p2a: Balloon Boy
|-damage|p2a: Balloon Boy|42/100
|move|p2a: Balloon Boy|Psychic|p1a: Manny
|-supereffective|p1a: Manny
|-damage|p1a: Manny|0 fnt
|faint|p1a: Manny
|-end|p1a: Manny|Protosynthesis|[silent]
|
|upkeep
|
|t:|1769309325
|switch|p1a: Edging|Samurott-Hisui, F|100/100
|turn|8
|
|t:|1769309328
|move|p1a: Edging|Ceaseless Edge|p2a: Balloon Boy
|-supereffective|p2a: Balloon Boy
|-damage|p2a: Balloon Boy|0 fnt
|-sidestart|p2: gfitzy|Spikes
|faint|p2a: Balloon Boy
|
|upkeep
|
|t:|1769309334
|switch|p2a: Chica|Hatterene, F|100/100
|-damage|p2a: Chica|88/100|[from] Spikes
|turn|9
|
|t:|1769309347
|move|p1a: Edging|Knock Off|p2a: Chica
|-crit|p2a: Chica
|-damage|p2a: Chica|4/100
|-enditem|p2a: Chica|Focus Sash|[from] move: Knock Off|[of] p1a: Edging
|move|p2a: Chica|Trick Room|p2a: Chica
|-fieldstart|move: Trick Room|[of] p2a: Chica
|
|upkeep
|turn|10
|
|t:|1769309354
|move|p2a: Chica|Healing Wish|p2a: Chica
|faint|p2a: Chica
|move|p1a: Edging|Ceaseless Edge|p2: Chica|[notarget]
|-fail|p1a: Edging
|
|upkeep
|
|t:|1769309367
|switch|p2a: Bonnie|Iron Hands|100/100
|-damage|p2a: Bonnie|88/100|[from] Spikes
|-enditem|p2a: Bonnie|Booster Energy
|-activate|p2a: Bonnie|ability: Quark Drive|[fromitem]
|-start|p2a: Bonnie|quarkdriveatk
|turn|11
|
|t:|1769309378
|switch|p1a: Radiohead|Skeledirge, F|100/100
|move|p2a: Bonnie|Thunder Punch|p1a: Radiohead
|-damage|p1a: Radiohead|50/100
|
|upkeep
|turn|12
|
|t:|1769309385
|move|p2a: Bonnie|Thunder Punch|p1a: Radiohead
|-damage|p1a: Radiohead|2/100
|-status|p1a: Radiohead|par
|move|p1a: Radiohead|Will-O-Wisp|p2a: Bonnie
|-status|p2a: Bonnie|brn
|
|-damage|p2a: Bonnie|82/100 brn|[from] brn
|upkeep
|turn|13
|
|t:|1769309401
|move|p1a: Radiohead|Hex|p2a: Bonnie
|-damage|p2a: Bonnie|45/100 brn
|move|p2a: Bonnie|Thunder Punch|p1a: Radiohead
|-damage|p1a: Radiohead|0 fnt
|faint|p1a: Radiohead
|
|-damage|p2a: Bonnie|39/100 brn|[from] brn
|-fieldend|move: Trick Room
|upkeep
|
|t:|1769309410
|switch|p1a: Shaboingboing|Ogerpon, F|100/100
|turn|14
|
|t:|1769309424
|-end|p2a: Bonnie|Quark Drive|[silent]
|switch|p2a: William Afton|Kingambit, M|100/100
|-damage|p2a: William Afton|88/100|[from] Spikes
|-activate|p2a: William Afton|ability: Supreme Overlord
|-start|p2a: William Afton|fallen3|[silent]
|-terastallize|p1a: Shaboingboing|Grass
|detailschange|p1a: Shaboingboing|Ogerpon-Teal-Tera, F, tera:Grass
|-ability|p1a: Shaboingboing|Embody Aspect (Teal)|boost
|-boost|p1a: Shaboingboing|spe|1
|move|p1a: Shaboingboing|Ivy Cudgel|p2a: William Afton
|-resisted|p2a: William Afton
|-crit|p2a: William Afton
|-damage|p2a: William Afton|33/100
|
|upkeep
|turn|15
|
|t:|1769309442
|switch|p1a: TheKardashians|Cinccino, F|100/100
|-terastallize|p2a: William Afton|Dark
|move|p2a: William Afton|Sucker Punch||[still]
|-fail|p2a: William Afton
|
|upkeep
|turn|16
|
|t:|1769309452
|move|p2a: William Afton|Sucker Punch|p1a: TheKardashians
|-damage|p1a: TheKardashians|0 fnt
|faint|p1a: TheKardashians
|
|upkeep
|
|t:|1769309455
|switch|p1a: Edging|Samurott-Hisui, F|100/100
|turn|17
|
|t:|1769309462
|-end|p2a: William Afton|fallen3|[silent]
|switch|p2a: Bonnie|Iron Hands|39/100 brn
|-heal|p2a: Bonnie|100/100|[from] move: Healing Wish
|-damage|p2a: Bonnie|88/100|[from] Spikes
|move|p1a: Edging|Sucker Punch||[still]
|-fail|p1a: Edging
|
|upkeep
|turn|18
|
|t:|1769309478
|move|p1a: Edging|Ceaseless Edge|p2a: Bonnie
|-resisted|p2a: Bonnie
|-damage|p2a: Bonnie|70/100
|-sidestart|p2: gfitzy|Spikes
|move|p2a: Bonnie|Thunder Punch|p1a: Edging
|-supereffective|p1a: Edging
|-damage|p1a: Edging|0 fnt
|faint|p1a: Edging
|
|upkeep
|
|t:|1769309497
|switch|p1a: Pissbottle|Gholdengo|30/100
|turn|19
|
|t:|1769309502
|move|p1a: Pissbottle|Make It Rain|p2a: Bonnie
|-resisted|p2a: Bonnie
|-damage|p2a: Bonnie|50/100
|-unboost|p1a: Pissbottle|spa|1
|move|p2a: Bonnie|Thunder Punch|p1a: Pissbottle
|-damage|p1a: Pissbottle|0 fnt
|faint|p1a: Pissbottle
|
|upkeep
|
|t:|1769309508
|switch|p1a: Shaboingboing|Ogerpon-Teal-Tera, F, tera:Grass|100/100
|-ability|p1a: Shaboingboing|Embody Aspect (Teal)|boost
|-boost|p1a: Shaboingboing|spe|1
|turn|20
|
|t:|1769309517
|-end|p2a: Bonnie|Quark Drive|[silent]
|switch|p2a: The Bink|Carbink, L1, shiny|84/100 brn
|-damage|p2a: The Bink|67/100 brn|[from] Spikes
|move|p1a: Shaboingboing|Ivy Cudgel|p2a: The Bink
|-supereffective|p2a: The Bink
|-damage|p2a: The Bink|0 fnt
|faint|p2a: The Bink
|
|upkeep
|
|t:|1769309526
|switch|p2a: William Afton|Kingambit, M, tera:Dark|33/100
|-damage|p2a: William Afton|16/100|[from] Spikes
|-activate|p2a: William Afton|ability: Supreme Overlord
|-start|p2a: William Afton|fallen4|[silent]
|turn|21
|
|t:|1769309531
|move|p2a: William Afton|Sucker Punch|p1a: Shaboingboing
|-damage|p1a: Shaboingboing|0 fnt
|faint|p1a: Shaboingboing
|detailschange|p1: Shaboingboing|Ogerpon, F|[silent]
|
|win|gfitzy
|raw|ieadkiwis's rating: 1328 &rarr; <strong>1310</strong><br />(-18 for losing)
|raw|gfitzy's rating: 1364 &rarr; <strong>1382</strong><br />(+18 for winning)
|l|☆ieadkiwis
|player|p1|
