|j|☆Telastrello
|j|☆BentoBo
|t:|1769294751
|gametype|singles
|player|p1|Telastrello|brock|1064
|player|p2|BentoBo|giovanni|1094
|gen|9
|tier|[Gen 9] OU
|rated|
|rule|HP Percentage Mod: HP is shown in percentages
|rule|Endless Battle Clause: Forcing endless battles is banned
|rule|Species Clause: Limit one of each Pokémon
|rule|OHKO Clause: OHKO moves are banned
|rule|Evasion Items Clause: Evasion items are banned
|rule|Evasion Moves Clause: Evasion moves are banned
|rule|Evasion Abilities Clause: Evasion abilities are banned
|rule|Sleep Moves Clause: Sleep-inducing moves are banned
|clearpoke
|poke|p1|Metagross|
|poke|p1|Scrafty, F|
|poke|p1|Gliscor, F|
|poke|p1|Crawdaunt, M|
|poke|p1|Luxray, M|
|poke|p1|Feraligatr, M|
|poke|p2|Flareon, F|
|poke|p2|Vaporeon, F|
|poke|p2|Jolteon, M|
|poke|p2|Eevee, M|
|poke|p2|Kingambit, M|
|poke|p2|Mabosstiff, M|
|teampreview
|inactive|Battle timer is ON: inactive players will automatically lose when time's up. (requested by BentoBo)
|
|t:|1769294759
|teamsize|p1|6
|teamsize|p2|6
|start
|switch|p1a: Luxray|Luxray, M, shiny|100/100
|switch|p2a: Vaporeon|Vaporeon, F|100/100
|-ability|p1a: Luxray|Intimidate|boost
|-unboost|p2a: Vaporeon|atk|1
|turn|1
|
|t:|1769294769
|switch|p2a: Jolteon|Jolteon, M|100/100
|move|p1a: Luxray|Supercell Slam|p2a: Jolteon
|-immune|p2a: Jolteon|[from] ability: Volt Absorb
|-damage|p1a: Luxray|50/100|[from] supercellslam
|
|-heal|p1a: Luxray|57/100|[from] item: Leftovers
|upkeep
|turn|2
|
|t:|1769294784
|switch|p1a: Gliscor|Gliscor, F|100/100
|move|p2a: Jolteon|Shadow Ball|p1a: Gliscor
|-damage|p1a: Gliscor|62/100
|
|-status|p1a: Gliscor|tox|[from] item: Toxic Orb
|upkeep
|turn|3
|
|t:|1769294793
|switch|p2a: Kingambit|Kingambit, M|100/100
|move|p1a: Gliscor|Earthquake|p2a: Kingambit
|-supereffective|p2a: Kingambit
|-damage|p2a: Kingambit|29/100
|
|-heal|p1a: Gliscor|75/100 tox|[from] ability: Poison Heal
|upkeep
|turn|4
|
|t:|1769294802
|move|p2a: Kingambit|Sucker Punch|p1a: Gliscor
|-damage|p1a: Gliscor|21/100 tox
|-damage|p2a: Kingambit|19/100|[from] item: Life Orb
|move|p1a: Gliscor|Earthquake|p2a: Kingambit
|-supereffective|p2a: Kingambit
|-damage|p2a: Kingambit|0 fnt
|faint|p2a: Kingambit
|-end|p2a: Kingambit|fallenundefined|[silent]
|
|-heal|p1a: Gliscor|33/100 tox|[from] ability: Poison Heal
|upkeep
|
|t:|1769294815
|switch|p2a: Jolteon|Jolteon, M|100/100
|turn|5
|
|t:|1769294821
|move|p2a: Jolteon|Shadow Ball|p1a: Gliscor
|-damage|p1a: Gliscor|0 fnt
|faint|p1a: Gliscor
|
|upkeep
|
|t:|1769294827
|switch|p1a: Metagross|Metagross, shiny|100/100
|turn|6
|
|t:|1769294833
|-terastallize|p2a: Jolteon|Water
|-terastallize|p1a: Metagross|Normal
|move|p2a: Jolteon|Calm Mind|p2a: Jolteon
|-boost|p2a: Jolteon|spa|1
|-boost|p2a: Jolteon|spd|1
|move|p1a: Metagross|Earthquake|p2a: Jolteon
|-damage|p2a: Jolteon|30/100
|
|upkeep
|turn|7
|
|t:|1769294848
|move|p2a: Jolteon|Thunderbolt|p1a: Metagross
|-crit|p1a: Metagross
|-damage|p1a: Metagross|42/100
|move|p1a: Metagross|Psychic Fangs|p2a: Jolteon
|-damage|p2a: Jolteon|0 fnt
|faint|p2a: Jolteon
|
|upkeep
|
|t:|1769294855
|switch|p2a: Mabosstiff|Mabosstiff, M|100/100
|turn|8
|
|t:|1769294859
|move|p2a: Mabosstiff|Retaliate|p1a: Metagross
|-damage|p1a: Metagross|5/100
|move|p1a: Metagross|Hammer Arm|p2a: Mabosstiff
|-supereffective|p2a: Mabosstiff
|-damage|p2a: Mabosstiff|20/100
|-unboost|p1a: Metagross|spe|1
|
|upkeep
|turn|9
|
|t:|1769294876
|move|p2a: Mabosstiff|Trailblaze|p1a: Metagross
|-damage|p1a: Metagross|0 fnt
|-boost|p2a: Mabosstiff|spe|1
|faint|p1a: Metagross
|
|upkeep
|
|t:|1769294883
|switch|p1a: Scrafty|Scrafty, F, shiny|100/100
|-ability|p1a: Scrafty|Intimidate|boost
|-unboost|p2a: Mabosstiff|atk|1
|turn|10
|
|t:|1769294902
|move|p2a: Mabosstiff|Crunch|p1a: Scrafty
|-resisted|p1a: Scrafty
|-damage|p1a: Scrafty|94/100
|move|p1a: Scrafty|High Jump Kick|p2a: Mabosstiff
|-supereffective|p2a: Mabosstiff
|-damage|p2a: Mabosstiff|0 fnt
|faint|p2a: Mabosstiff
|
|upkeep
|
|t:|1769294911
|switch|p2a: Vaporeon|Vaporeon, F|100/100
|turn|11
|
|t:|1769294918
|move|p2a: Vaporeon|Scald|p1a: Scrafty
|-damage|p1a: Scrafty|55/100
|move|p1a: Scrafty|High Jump Kick|p2a: Vaporeon
|-crit|p2a: Vaporeon
|-damage|p2a: Vaporeon|3/100
|
|-heal|p2a: Vaporeon|10/100|[from] item: Leftovers
|upkeep
|turn|12
|
|t:|1769294928
|move|p2a: Vaporeon|Scald|p1a: Scrafty
|-damage|p1a: Scrafty|18/100
|-status|p1a: Scrafty|brn
|move|p1a: Scrafty|Crunch|p2a: Vaporeon
|-damage|p2a: Vaporeon|0 fnt
|faint|p2a: Vaporeon
|
|-damage|p1a: Scrafty|12/100 brn|[from] brn
|upkeep
|
|t:|1769294941
|switch|p2a: Eevee|Eevee, M|100/100
|turn|13
|inactive|BentoBo has 120 seconds left.
|c|☆BentoBo|Go Eevee fuck his shit up!
|
|t:|1769294983
|move|p2a: Eevee|Protect|p2a: Eevee
|-singleturn|p2a: Eevee|Protect
|move|p1a: Scrafty|High Jump Kick|p2a: Eevee
|-activate|p2a: Eevee|move: Protect
|-damage|p1a: Scrafty|0 fnt|[from] highjumpkick
|faint|p1a: Scrafty
|
|upkeep
|c|☆BentoBo|Hell yeaaaaa
|
|t:|1769294998
|switch|p1a: Feraligatr|Feraligatr, M|100/100
|turn|14
|inactive|BentoBo has 120 seconds left.
|
|t:|1769295011
|move|p1a: Feraligatr|Dragon Dance|p1a: Feraligatr
|-boost|p1a: Feraligatr|atk|1
|-boost|p1a: Feraligatr|spe|1
|move|p2a: Eevee|Last Resort|p1a: Feraligatr
|-crit|p1a: Feraligatr
|-damage|p1a: Feraligatr|0 fnt
|faint|p1a: Feraligatr
|
|upkeep
|
|t:|1769295019
|switch|p1a: Crawdaunt|Crawdaunt, M, shiny|100/100
|turn|15
|c|☆BentoBo|Omfg yeaaaaaaaa
|
|t:|1769295028
|move|p2a: Eevee|Last Resort|p1a: Crawdaunt
|-damage|p1a: Crawdaunt|27/100
|move|p1a: Crawdaunt|Crabhammer|p2a: Eevee
|-enditem|p2a: Eevee|Focus Sash
|-damage|p2a: Eevee|1/100
|
|upkeep
|turn|16
|
|t:|1769295037
|move|p2a: Eevee|Last Resort|p1a: Crawdaunt
|-damage|p1a: Crawdaunt|0 fnt
|faint|p1a: Crawdaunt
|
|upkeep
|c|☆BentoBo|Let’s gooooo
|
|t:|1769295042
|switch|p1a: Luxray|Luxray, M, shiny|57/100
|-ability|p1a: Luxray|Intimidate|boost
|-unboost|p2a: Eevee|atk|1
|turn|17
|
|t:|1769295048
|move|p1a: Luxray|Trailblaze|p2a: Eevee
|-damage|p2a: Eevee|0 fnt
|-boost|p1a: Luxray|spe|1
|faint|p2a: Eevee
|
|-heal|p1a: Luxray|63/100|[from] item: Leftovers
|upkeep
|
|t:|1769295051
|switch|p2a: Flareon|Flareon, F|100/100
|turn|18
|
|t:|1769295058
|move|p1a: Luxray|Supercell Slam|p2a: Flareon
|-damage|p2a: Flareon|17/100
|move|p2a: Flareon|Flame Charge|p1a: Luxray
|-damage|p1a: Luxray|30/100
|-boost|p2a: Flareon|spe|1
|
|-heal|p1a: Luxray|37/100|[from] item: Leftovers
|upkeep
|turn|19
|
|t:|1769295070
|move|p2a: Flareon|Quick Attack|p1a: Luxray
|-damage|p1a: Luxray|19/100
|move|p1a: Luxray|Play Rough|p2a: Flareon
|-resisted|p2a: Flareon
|-crit|p2a: Flareon
|-damage|p2a: Flareon|0 fnt
|faint|p2a: Flareon
|
|win|Telastrello
|raw|Telastrello's rating: 1064 &rarr; <strong>1097</strong><br />(+33 for winning)
|raw|BentoBo's rating: 1094 &rarr; <strong>1068</strong><br />(-26 for losing)
|c|☆BentoBo|Ggs
|l|☆Telastrello
|player|p1|
|l|☆BentoBo
|player|p2|
