|j|☆TheTheyThemler
|j|☆Ardaninhoo
|t:|1769357567
|gametype|singles
|player|p1|TheTheyThemler|n|1237
|player|p2|Ardaninhoo|lance|1291
|gen|9
|tier|[Gen 9] OU
|rated|
|rule|HP Percentage Mod: HP is shown in percentages
|rule|Endless Battle Clause: Forcing endless battles is banned
|rule|Species Clause: Limit one of each Pokémon
|rule|OHKO Clause: OHKO moves are banned
|rule|Evasion Items Clause: Evasion items are banned
|rule|Evasion Moves Clause: Evasion moves are banned
|rule|Evasion Abilities Clause: Evasion abilities are banned
|rule|Sleep Moves Clause: Sleep-inducing moves are banned
|clearpoke
|poke|p1|Charjabug, F|
|poke|p1|Serperior, F|
|poke|p1|Ceruledge, F|
|poke|p1|Gholdengo|
|poke|p1|Umbreon, F|
|poke|p1|Great Tusk|
|poke|p2|Ninetales, F|
|poke|p2|Raging Bolt|
|poke|p2|Iron Moth|
|poke|p2|Walking Wake|
|poke|p2|Great Tusk|
|poke|p2|Slowking-Galar, M|
|teampreview
|inactive|Battle timer is ON: inactive players will automatically lose when time's up. (requested by Ardaninhoo)
|
|t:|1769357571
|teamsize|p1|6
|teamsize|p2|6
|start
|switch|p1a: 🚍|Charjabug, F, shiny|100/100
|switch|p2a: Kyuubi|Ninetales, F|100/100
|-weather|SunnyDay|[from] ability: Drought|[of] p2a: Kyuubi
|turn|1
|
|t:|1769357597
|switch|p1a: ⚔️|Ceruledge, F, shiny|100/100
|move|p2a: Kyuubi|Overheat|p1a: ⚔️
|-start|p1a: ⚔️|ability: Flash Fire
|
|-weather|SunnyDay|[upkeep]
|upkeep
|turn|2
|
|t:|1769357608
|switch|p2a: Great Tusk|Great Tusk|100/100
|-activate|p2a: Great Tusk|ability: Protosynthesis
|-start|p2a: Great Tusk|protosynthesisatk
|move|p1a: ⚔️|Close Combat|p2a: Great Tusk
|-damage|p2a: Great Tusk|70/100
|-unboost|p1a: ⚔️|def|1
|-unboost|p1a: ⚔️|spd|1
|-damage|p1a: ⚔️|84/100|[from] item: Rocky Helmet|[of] p2a: Great Tusk
|
|-weather|SunnyDay|[upkeep]
|-heal|p1a: ⚔️|90/100|[from] item: Leftovers
|upkeep
|turn|3
|
|t:|1769357618
|-end|p1a: ⚔️|ability: Flash Fire|[silent]
|switch|p1a: 🐘|Great Tusk, shiny|100/100
|-activate|p1a: 🐘|ability: Protosynthesis
|-start|p1a: 🐘|protosynthesisdef
|move|p2a: Great Tusk|Headlong Rush|p1a: 🐘
|-damage|p1a: 🐘|67/100
|-unboost|p2a: Great Tusk|def|1
|-unboost|p2a: Great Tusk|spd|1
|
|-weather|SunnyDay|[upkeep]
|-heal|p1a: 🐘|73/100|[from] item: Leftovers
|upkeep
|turn|4
|
|t:|1769357632
|-end|p2a: Great Tusk|Protosynthesis|[silent]
|switch|p2a: Walking Wake|Walking Wake|100/100
|-activate|p2a: Walking Wake|ability: Protosynthesis
|-start|p2a: Walking Wake|protosynthesisspa
|move|p1a: 🐘|Knock Off|p2a: Walking Wake
|-damage|p2a: Walking Wake|66/100
|-enditem|p2a: Walking Wake|Choice Specs|[from] move: Knock Off|[of] p1a: 🐘
|
|-weather|SunnyDay|[upkeep]
|-heal|p1a: 🐘|79/100|[from] item: Leftovers
|upkeep
|turn|5
|
|t:|1769357645
|move|p2a: Walking Wake|Hydro Steam|p1a: 🐘
|-supereffective|p1a: 🐘
|-damage|p1a: 🐘|0 fnt
|faint|p1a: 🐘
|-end|p1a: 🐘|Protosynthesis|[silent]
|
|-weather|SunnyDay|[upkeep]
|upkeep
|
|t:|1769357648
|switch|p1a: 🐈‍⬛|Umbreon, F, shiny|100/100
|turn|6
|
|t:|1769357651
|move|p2a: Walking Wake|Hydro Steam|p1a: 🐈‍⬛
|-damage|p1a: 🐈‍⬛|59/100
|move|p1a: 🐈‍⬛|Toxic|p2a: Walking Wake
|-status|p2a: Walking Wake|tox
|
|-weather|SunnyDay|[upkeep]
|-heal|p1a: 🐈‍⬛|65/100|[from] item: Leftovers
|-damage|p2a: Walking Wake|60/100 tox|[from] psn
|upkeep
|turn|7
|
|t:|1769357657
|move|p2a: Walking Wake|Hydro Steam|p1a: 🐈‍⬛
|-damage|p1a: 🐈‍⬛|24/100
|move|p1a: 🐈‍⬛|Wish|p1a: 🐈‍⬛
|
|-weather|SunnyDay|[upkeep]
|-heal|p1a: 🐈‍⬛|30/100|[from] item: Leftovers
|-damage|p2a: Walking Wake|47/100 tox|[from] psn
|upkeep
|turn|8
|
|t:|1769357669
|-end|p2a: Walking Wake|Protosynthesis|[silent]
|switch|p2a: Slowking|Slowking-Galar, M|100/100
|move|p1a: 🐈‍⬛|Protect||[still]
|-fail|p1a: 🐈‍⬛
|
|-weather|none
|-heal|p1a: 🐈‍⬛|80/100|[from] move: Wish|[wisher] 🐈‍⬛
|-heal|p1a: 🐈‍⬛|86/100|[from] item: Leftovers
|upkeep
|turn|9
|
|t:|1769357679
|switch|p1a: 🎩|Gholdengo|100/100
|move|p2a: Slowking|Sludge Bomb|p1a: 🎩
|-immune|p1a: 🎩
|
|upkeep
|turn|10
|
|t:|1769357685
|-terastallize|p2a: Slowking|Grass
|move|p1a: 🎩|Thunder Wave|p2a: Slowking
|-status|p2a: Slowking|par
|move|p2a: Slowking|Flamethrower|p1a: 🎩
|-supereffective|p1a: 🎩
|-damage|p1a: 🎩|46/100
|-status|p1a: 🎩|brn
|
|-heal|p1a: 🎩|52/100 brn|[from] item: Leftovers
|-damage|p1a: 🎩|46/100 brn|[from] brn
|upkeep
|turn|11
|
|t:|1769357695
|switch|p1a: ⚔️|Ceruledge, F, shiny|90/100
|move|p2a: Slowking|Flamethrower|p1a: ⚔️
|-start|p1a: ⚔️|ability: Flash Fire
|
|-heal|p1a: ⚔️|97/100|[from] item: Leftovers
|upkeep
|turn|12
|
|t:|1769357701
|switch|p2a: Kyuubi|Ninetales, F|100/100
|-weather|SunnyDay|[from] ability: Drought|[of] p2a: Kyuubi
|move|p1a: ⚔️|Bulk Up|p1a: ⚔️
|-boost|p1a: ⚔️|atk|1
|-boost|p1a: ⚔️|def|1
|
|-weather|SunnyDay|[upkeep]
|-heal|p1a: ⚔️|100/100|[from] item: Leftovers
|upkeep
|turn|13
|
|t:|1769357713
|switch|p2a: Great Tusk|Great Tusk|70/100
|-activate|p2a: Great Tusk|ability: Protosynthesis
|-start|p2a: Great Tusk|protosynthesisatk
|move|p1a: ⚔️|Bitter Blade|p2a: Great Tusk
|-damage|p2a: Great Tusk|0 fnt
|-damage|p1a: ⚔️|84/100|[from] item: Rocky Helmet|[of] p2a: Great Tusk
|faint|p2a: Great Tusk
|-end|p2a: Great Tusk|Protosynthesis|[silent]
|
|-weather|SunnyDay|[upkeep]
|-heal|p1a: ⚔️|90/100|[from] item: Leftovers
|upkeep
|
|t:|1769357727
|switch|p2a: Walking Wake|Walking Wake|47/100 tox
|-activate|p2a: Walking Wake|ability: Protosynthesis
|-start|p2a: Walking Wake|protosynthesisspa
|turn|14
|
|t:|1769357747
|-end|p1a: ⚔️|ability: Flash Fire|[silent]
|switch|p1a: 🎩|Gholdengo|46/100 brn
|move|p2a: Walking Wake|Draco Meteor|p1a: 🎩
|-resisted|p1a: 🎩
|-damage|p1a: 🎩|0 fnt
|-unboost|p2a: Walking Wake|spa|2
|faint|p1a: 🎩
|
|-weather|SunnyDay|[upkeep]
|-damage|p2a: Walking Wake|41/100 tox|[from] psn
|upkeep
|
|t:|1769357749
|switch|p1a: 🐈‍⬛|Umbreon, F, shiny|86/100
|turn|15
|
|t:|1769357756
|-end|p2a: Walking Wake|Protosynthesis|[silent]
|switch|p2a: Iron Moth|Iron Moth|100/100
|-enditem|p2a: Iron Moth|Booster Energy
|-activate|p2a: Iron Moth|ability: Quark Drive|[fromitem]
|-start|p2a: Iron Moth|quarkdrivespe
|move|p1a: 🐈‍⬛|Wish|p1a: 🐈‍⬛
|
|-weather|SunnyDay|[upkeep]
|-heal|p1a: 🐈‍⬛|92/100|[from] item: Leftovers
|upkeep
|turn|16
|
|t:|1769357767
|switch|p1a: ⚔️|Ceruledge, F, shiny|90/100
|move|p2a: Iron Moth|Fiery Dance|p1a: ⚔️
|-start|p1a: ⚔️|ability: Flash Fire
|
|-weather|SunnyDay|[upkeep]
|-heal|p1a: ⚔️|100/100|[from] move: Wish|[wisher] 🐈‍⬛
|upkeep
|turn|17
|
|t:|1769357774
|move|p2a: Iron Moth|Sludge Wave|p1a: ⚔️
|-resisted|p1a: ⚔️
|-damage|p1a: ⚔️|74/100
|move|p1a: ⚔️|Bitter Blade|p2a: Iron Moth
|-resisted|p2a: Iron Moth
|-damage|p2a: Iron Moth|12/100
|-heal|p1a: ⚔️|100/100|[from] drain|[of] p2a: Iron Moth
|
|-weather|SunnyDay|[upkeep]
|upkeep
|turn|18
|
|t:|1769357778
|move|p1a: ⚔️|Shadow Sneak|p2a: Iron Moth
|-damage|p2a: Iron Moth|0 fnt
|faint|p2a: Iron Moth
|-end|p2a: Iron Moth|Quark Drive|[silent]
|
|-weather|SunnyDay|[upkeep]
|upkeep
|
|t:|1769357783
|switch|p2a: Kyuubi|Ninetales, F|100/100
|turn|19
|
|t:|1769357787
|move|p2a: Kyuubi|Healing Wish|p2a: Kyuubi
|faint|p2a: Kyuubi
|move|p1a: ⚔️|Bulk Up|p1a: ⚔️
|-boost|p1a: ⚔️|atk|1
|-boost|p1a: ⚔️|def|1
|
|-weather|none
|upkeep
|
|t:|1769357793
|switch|p2a: Walking Wake|Walking Wake|41/100 tox
|-heal|p2a: Walking Wake|100/100|[from] move: Healing Wish
|turn|20
|
|t:|1769357800
|-terastallize|p1a: ⚔️|Bug
|move|p2a: Walking Wake|Hydro Steam|p1a: ⚔️
|-damage|p1a: ⚔️|55/100
|move|p1a: ⚔️|Bitter Blade|p2a: Walking Wake
|-resisted|p2a: Walking Wake
|-damage|p2a: Walking Wake|70/100
|-heal|p1a: ⚔️|72/100|[from] drain|[of] p2a: Walking Wake
|
|-heal|p1a: ⚔️|78/100|[from] item: Leftovers
|upkeep
|turn|21
|
|t:|1769357821
|move|p2a: Walking Wake|Draco Meteor|p1a: ⚔️
|-damage|p1a: ⚔️|8/100
|-unboost|p2a: Walking Wake|spa|2
|move|p1a: ⚔️|Bitter Blade|p2a: Walking Wake
|-resisted|p2a: Walking Wake
|-damage|p2a: Walking Wake|37/100
|-heal|p1a: ⚔️|26/100|[from] drain|[of] p2a: Walking Wake
|
|-heal|p1a: ⚔️|32/100|[from] item: Leftovers
|upkeep
|turn|22
|
|t:|1769357839
|-end|p2a: Walking Wake|Protosynthesis|[silent]
|switch|p2a: Slowking|Slowking-Galar, M, tera:Grass|100/100 par
|-end|p1a: ⚔️|ability: Flash Fire|[silent]
|switch|p1a: 🐈‍⬛|Umbreon, F, shiny|92/100
|
|-heal|p1a: 🐈‍⬛|98/100|[from] item: Leftovers
|upkeep
|turn|23
|
|t:|1769357853
|move|p1a: 🐈‍⬛|Wish|p1a: 🐈‍⬛
|move|p2a: Slowking|Sludge Bomb||[still]
|-damage|p1a: 🐈‍⬛|80/100
|-status|p1a: 🐈‍⬛|psn
|-activate|p1a: 🐈‍⬛|ability: Synchronize
|-fail|p1a: 🐈‍⬛
|
|-heal|p1a: 🐈‍⬛|86/100 psn|[from] item: Leftovers
|-damage|p1a: 🐈‍⬛|74/100 psn|[from] psn
|upkeep
|turn|24
|
|t:|1769357876
|switch|p1a: ⚔️|Ceruledge, F, shiny, tera:Bug|32/100
|move|p2a: Slowking|Ice Beam|p1a: ⚔️
|-damage|p1a: ⚔️|7/100
|
|-heal|p1a: ⚔️|72/100|[from] move: Wish|[wisher] 🐈‍⬛
|-heal|p1a: ⚔️|78/100|[from] item: Leftovers
|upkeep
|turn|25
|
|t:|1769357886
|move|p1a: ⚔️|Bulk Up|p1a: ⚔️
|-boost|p1a: ⚔️|atk|1
|-boost|p1a: ⚔️|def|1
|move|p2a: Slowking|Flamethrower|p1a: ⚔️
|-start|p1a: ⚔️|ability: Flash Fire
|
|-heal|p1a: ⚔️|84/100|[from] item: Leftovers
|upkeep
|turn|26
|
|t:|1769357895
|move|p1a: ⚔️|Bulk Up|p1a: ⚔️
|-boost|p1a: ⚔️|atk|1
|-boost|p1a: ⚔️|def|1
|cant|p2a: Slowking|par
|
|-heal|p1a: ⚔️|91/100|[from] item: Leftovers
|upkeep
|turn|27
|
|t:|1769357907
|move|p1a: ⚔️|Bulk Up|p1a: ⚔️
|-boost|p1a: ⚔️|atk|1
|-boost|p1a: ⚔️|def|1
|move|p2a: Slowking|Sludge Bomb|p1a: ⚔️
|-damage|p1a: ⚔️|52/100
|
|-heal|p1a: ⚔️|58/100|[from] item: Leftovers
|upkeep
|turn|28
|
|t:|1769357912
|move|p1a: ⚔️|Bitter Blade|p2a: Slowking
|-supereffective|p2a: Slowking
|-damage|p2a: Slowking|0 fnt
|-heal|p1a: ⚔️|100/100|[from] drain|[of] p2a: Slowking
|faint|p2a: Slowking
|
|upkeep
|
|t:|1769357920
|switch|p2a: Raging Bolt|Raging Bolt|100/100
|turn|29
|
|t:|1769357923
|move|p1a: ⚔️|Shadow Sneak|p2a: Raging Bolt
|-damage|p2a: Raging Bolt|49/100
|move|p2a: Raging Bolt|Thunderbolt|p1a: ⚔️
|-damage|p1a: ⚔️|20/100
|-damage|p2a: Raging Bolt|39/100|[from] item: Life Orb
|
|-heal|p1a: ⚔️|26/100|[from] item: Leftovers
|upkeep
|turn|30
|
|t:|1769357927
|move|p1a: ⚔️|Shadow Sneak|p2a: Raging Bolt
|-damage|p2a: Raging Bolt|0 fnt
|faint|p2a: Raging Bolt
|-end|p2a: Raging Bolt|Protosynthesis|[silent]
|
|-heal|p1a: ⚔️|32/100|[from] item: Leftovers
|upkeep
|-message|Ardaninhoo forfeited.
|
|win|TheTheyThemler
|raw|TheTheyThemler's rating: 1237 &rarr; <strong>1266</strong><br />(+29 for winning)
|raw|Ardaninhoo's rating: 1291 &rarr; <strong>1262</strong><br />(-29 for losing)
|l|☆Ardaninhoo
|player|p2|
|l|☆TheTheyThemler
|player|p1|
