|j|☆noahthepenguin
|j|☆ElectivireGoat
|t:|1769342860
|gametype|singles
|player|p1|noahthepenguin|pokefan-gen4|1187
|player|p2|ElectivireGoat|bruno|1188
|gen|9
|tier|[Gen 9] OU
|rated|
|rule|HP Percentage Mod: HP is shown in percentages
|rule|Endless Battle Clause: Forcing endless battles is banned
|rule|Species Clause: Limit one of each Pokémon
|rule|OHKO Clause: OHKO moves are banned
|rule|Evasion Items Clause: Evasion items are banned
|rule|Evasion Moves Clause: Evasion moves are banned
|rule|Evasion Abilities Clause: Evasion abilities are banned
|rule|Sleep Moves Clause: Sleep-inducing moves are banned
|clearpoke
|poke|p1|Cobalion|
|poke|p1|Yanmega, M|
|poke|p1|Rillaboom, F|
|poke|p1|Electrode-Hisui|
|poke|p1|Quaquaval, F|
|poke|p1|Skeledirge, M|
|poke|p2|Araquanid, F|
|poke|p2|Electivire, M|
|poke|p2|Gholdengo|
|poke|p2|Kingambit, M|
|poke|p2|Serperior, M|
|poke|p2|Great Tusk|
|teampreview
|inactive|Battle timer is ON: inactive players will automatically lose when time's up. (requested by noahthepenguin)
|
|t:|1769342865
|teamsize|p1|6
|teamsize|p2|6
|start
|switch|p1a: Yanmega|Yanmega, M, shiny|100/100
|switch|p2a: Araquanid|Araquanid, F|100/100
|turn|1
|
|t:|1769342881
|-terastallize|p1a: Yanmega|Psychic
|move|p1a: Yanmega|Psychic Noise|p2a: Araquanid
|-crit|p2a: Araquanid
|-damage|p2a: Araquanid|50/100
|-start|p2a: Araquanid|move: Heal Block
|-enditem|p1a: Yanmega|Throat Spray
|-boost|p1a: Yanmega|spa|1|[from] item: Throat Spray
|move|p2a: Araquanid|Mirror Coat|p1a: Yanmega
|-damage|p1a: Yanmega|0 fnt
|faint|p1a: Yanmega
|
|upkeep
|
|t:|1769342893
|switch|p1a: Electrode|Electrode-Hisui, shiny|100/100
|turn|2
|
|t:|1769342912
|switch|p2a: Alex Voltanovski|Electivire, M|100/100
|move|p1a: Electrode|Chloroblast|p2a: Alex Voltanovski
|-damage|p2a: Alex Voltanovski|0 fnt
|faint|p2a: Alex Voltanovski
|-damage|p1a: Electrode|50/100|[from] Recoil
|
|upkeep
|
|t:|1769342928
|switch|p2a: Araquanid|Araquanid, F|50/100
|turn|3
|
|t:|1769342933
|move|p1a: Electrode|Chloroblast|p2a: Araquanid
|-damage|p2a: Araquanid|0 fnt
|faint|p2a: Araquanid
|-damage|p1a: Electrode|0 fnt|[from] Recoil
|faint|p1a: Electrode
|
|upkeep
|
|t:|1769342949
|switch|p1a: Skeledirge|Skeledirge, M, shiny|100/100
|switch|p2a: Serperior|Serperior, M, shiny|100/100
|turn|4
|
|t:|1769342963
|-terastallize|p2a: Serperior|Fire
|move|p2a: Serperior|Glare|p1a: Skeledirge
|-status|p1a: Skeledirge|par
|move|p1a: Skeledirge|Torch Song|p2a: Serperior
|-resisted|p2a: Serperior
|-damage|p2a: Serperior|75/100
|-boost|p1a: Skeledirge|spa|1
|
|-heal|p2a: Serperior|81/100|[from] item: Leftovers
|upkeep
|turn|5
|
|t:|1769342976
|move|p2a: Serperior|Leaf Storm|p1a: Skeledirge
|-resisted|p1a: Skeledirge
|-damage|p1a: Skeledirge|75/100 par
|-boost|p2a: Serperior|spa|2
|move|p1a: Skeledirge|Shadow Ball|p2a: Serperior
|-damage|p2a: Serperior|6/100
|-boost|p2a: Serperior|spd|1
|
|-heal|p2a: Serperior|13/100|[from] item: Leftovers
|-heal|p1a: Skeledirge|81/100 par|[from] item: Leftovers
|upkeep
|turn|6
|
|t:|1769342982
|move|p2a: Serperior|Dragon Pulse|p1a: Skeledirge
|-damage|p1a: Skeledirge|60/100 par
|move|p1a: Skeledirge|Torch Song|p2a: Serperior
|-resisted|p2a: Serperior
|-damage|p2a: Serperior|0 fnt
|-boost|p1a: Skeledirge|spa|1
|faint|p2a: Serperior
|
|-heal|p1a: Skeledirge|66/100 par|[from] item: Leftovers
|upkeep
|inactive|ElectivireGoat has 120 seconds left.
|
|t:|1769343011
|switch|p2a: Rapid Spinjitsu|Great Tusk|100/100
|-enditem|p2a: Rapid Spinjitsu|Booster Energy
|-activate|p2a: Rapid Spinjitsu|ability: Protosynthesis|[fromitem]
|-start|p2a: Rapid Spinjitsu|protosynthesisatk
|turn|7
|
|t:|1769343016
|move|p2a: Rapid Spinjitsu|Headlong Rush|p1a: Skeledirge
|-supereffective|p1a: Skeledirge
|-damage|p1a: Skeledirge|0 fnt
|-unboost|p2a: Rapid Spinjitsu|def|1
|-unboost|p2a: Rapid Spinjitsu|spd|1
|faint|p1a: Skeledirge
|
|upkeep
|
|t:|1769343021
|switch|p1a: Rillaboom|Rillaboom, F, shiny|100/100
|-fieldstart|move: Grassy Terrain|[from] ability: Grassy Surge|[of] p1a: Rillaboom
|turn|8
|inactive|ElectivireGoat has 120 seconds left.
|
|t:|1769343035
|-end|p2a: Rapid Spinjitsu|Protosynthesis|[silent]
|switch|p2a: Booster Ghold|Gholdengo|100/100
|-item|p2a: Booster Ghold|Air Balloon
|move|p1a: Rillaboom|Grassy Glide|p2a: Booster Ghold
|-resisted|p2a: Booster Ghold
|-damage|p2a: Booster Ghold|76/100
|-enditem|p2a: Booster Ghold|Air Balloon
|-damage|p1a: Rillaboom|91/100|[from] item: Life Orb
|
|-heal|p1a: Rillaboom|97/100|[from] Grassy Terrain
|-heal|p2a: Booster Ghold|82/100|[from] Grassy Terrain
|upkeep
|turn|9
|
|t:|1769343040
|move|p1a: Rillaboom|Earthquake|p2a: Booster Ghold
|-supereffective|p2a: Booster Ghold
|-damage|p2a: Booster Ghold|38/100
|-damage|p1a: Rillaboom|87/100|[from] item: Life Orb
|move|p2a: Booster Ghold|Thunder Wave|p1a: Rillaboom
|-status|p1a: Rillaboom|par
|
|-heal|p2a: Booster Ghold|44/100|[from] Grassy Terrain
|-heal|p1a: Rillaboom|93/100 par|[from] Grassy Terrain
|upkeep
|turn|10
|
|t:|1769343046
|move|p2a: Booster Ghold|Hex|p1a: Rillaboom
|-damage|p1a: Rillaboom|0 fnt
|faint|p1a: Rillaboom
|
|-heal|p2a: Booster Ghold|50/100|[from] Grassy Terrain
|upkeep
|
|t:|1769343050
|switch|p1a: Quaquaval|Quaquaval, F, shiny|100/100
|turn|11
|
|t:|1769343054
|move|p1a: Quaquaval|Aqua Step|p2a: Booster Ghold
|-damage|p2a: Booster Ghold|0 fnt
|-boost|p1a: Quaquaval|spe|1
|faint|p2a: Booster Ghold
|-ability|p1a: Quaquaval|Moxie|boost
|-boost|p1a: Quaquaval|atk|1
|
|upkeep
|
|t:|1769343062
|switch|p2a: Rapid Spinjitsu|Great Tusk|100/100
|turn|12
|c|☆noahthepenguin|Gg
|c|☆ElectivireGoat|gg
|
|t:|1769343087
|move|p1a: Quaquaval|Aqua Step|p2a: Rapid Spinjitsu
|-supereffective|p2a: Rapid Spinjitsu
|-damage|p2a: Rapid Spinjitsu|0 fnt
|-boost|p1a: Quaquaval|spe|1
|faint|p2a: Rapid Spinjitsu
|-end|p2a: Rapid Spinjitsu|Protosynthesis|[silent]
|-ability|p1a: Quaquaval|Moxie|boost
|-boost|p1a: Quaquaval|atk|1
|
|-fieldend|move: Grassy Terrain
|upkeep
|
|t:|1769343089
|switch|p2a: Kingambit|Kingambit, M|100/100
|-activate|p2a: Kingambit|ability: Supreme Overlord
|-start|p2a: Kingambit|fallen5|[silent]
|turn|13
|
|t:|1769343094
|move|p1a: Quaquaval|Aqua Step|p2a: Kingambit
|-damage|p2a: Kingambit|22/100
|-boost|p1a: Quaquaval|spe|1
|move|p2a: Kingambit|Iron Head|p1a: Quaquaval
|-resisted|p1a: Quaquaval
|-damage|p1a: Quaquaval|62/100
|
|upkeep
|turn|14
|
|t:|1769343097
|move|p1a: Quaquaval|Aqua Step|p2a: Kingambit
|-damage|p2a: Kingambit|0 fnt
|-boost|p1a: Quaquaval|spe|1
|faint|p2a: Kingambit
|-end|p2a: Kingambit|fallen5|[silent]
|
|win|noahthepenguin
|raw|noahthepenguin's rating: 1187 &rarr; <strong>1212</strong><br />(+25 for winning)
|raw|ElectivireGoat's rating: 1188 &rarr; <strong>1163</strong><br />(-25 for losing)
|c|☆noahthepenguin|I'm band
|l|☆ElectivireGoat
|player|p2|
