|j|☆Chorley Cakes
|j|☆raleighk
|t:|1769352356
|gametype|singles
|player|p1|Chorley Cakes|waiter-gen4|1498
|player|p2|raleighk|2|1509
|gen|9
|tier|[Gen 9] OU
|rated|
|rule|HP Percentage Mod: HP is shown in percentages
|rule|Endless Battle Clause: Forcing endless battles is banned
|rule|Species Clause: Limit one of each Pokémon
|rule|OHKO Clause: OHKO moves are banned
|rule|Evasion Items Clause: Evasion items are banned
|rule|Evasion Moves Clause: Evasion moves are banned
|rule|Evasion Abilities Clause: Evasion abilities are banned
|rule|Sleep Moves Clause: Sleep-inducing moves are banned
|clearpoke
|poke|p1|Pelipper, F|
|poke|p1|Barraskewda, M|
|poke|p1|Tornadus-Therian, M|
|poke|p1|Toxicroak, M|
|poke|p1|Iron Treads|
|poke|p1|Dragapult, M|
|poke|p2|Dragonite, M|
|poke|p2|Gyarados, F|
|poke|p2|Zapdos|
|poke|p2|Hatterene, F|
|poke|p2|Zamazenta-*|
|poke|p2|Espeon, F|
|teampreview
|inactive|Battle timer is ON: inactive players will automatically lose when time's up. (requested by Chorley Cakes)
|c|☆Chorley Cakes|hf
|c|☆raleighk|u 2
|
|t:|1769352376
|teamsize|p1|6
|teamsize|p2|6
|start
|switch|p1a: Dragapult|Dragapult, M|100/100
|switch|p2a: Espeon|Espeon, F|100/100
|turn|1
|
|t:|1769352386
|move|p1a: Dragapult|U-turn|p2a: Espeon
|-supereffective|p2a: Espeon
|-damage|p2a: Espeon|18/100
|
|t:|1769352388
|switch|p1a: Iron Treads|Iron Treads|100/100|[from] U-turn
|move|p2a: Espeon|Thunder Wave|p1a: Iron Treads
|-immune|p1a: Iron Treads
|
|upkeep
|turn|2
|
|t:|1769352397
|move|p2a: Espeon|Shadow Ball|p1a: Iron Treads
|-damage|p1a: Iron Treads|78/100
|move|p1a: Iron Treads|Rapid Spin|p2a: Espeon
|-damage|p2a: Espeon|0 fnt
|-boost|p1a: Iron Treads|spe|1
|faint|p2a: Espeon
|
|-heal|p1a: Iron Treads|84/100|[from] item: Leftovers
|upkeep
|
|t:|1769352407
|switch|p2a: Gyarados|Gyarados, F|100/100
|turn|3
|
|t:|1769352415
|-terastallize|p2a: Gyarados|Ground
|move|p1a: Iron Treads|Stealth Rock|p2a: Gyarados
|-sidestart|p2: raleighk|move: Stealth Rock
|move|p2a: Gyarados|Dragon Dance|p2a: Gyarados
|-boost|p2a: Gyarados|atk|1
|-boost|p2a: Gyarados|spe|1
|
|-heal|p1a: Iron Treads|90/100|[from] item: Leftovers
|upkeep
|turn|4
|
|t:|1769352422
|move|p2a: Gyarados|Dragon Dance|p2a: Gyarados
|-boost|p2a: Gyarados|atk|1
|-boost|p2a: Gyarados|spe|1
|move|p1a: Iron Treads|Ice Spinner|p2a: Gyarados
|-supereffective|p2a: Gyarados
|-damage|p2a: Gyarados|49/100
|
|-heal|p2a: Gyarados|55/100|[from] item: Leftovers
|-heal|p1a: Iron Treads|96/100|[from] item: Leftovers
|upkeep
|turn|5
|
|t:|1769352430
|-end|p1a: Iron Treads|Quark Drive|[silent]
|switch|p1a: Pelipper|Pelipper, F|100/100
|-weather|RainDance|[from] ability: Drizzle|[of] p1a: Pelipper
|move|p2a: Gyarados|Earthquake|p1a: Pelipper
|-immune|p1a: Pelipper
|
|-weather|RainDance|[upkeep]
|-heal|p2a: Gyarados|61/100|[from] item: Leftovers
|upkeep
|turn|6
|
|t:|1769352441
|move|p2a: Gyarados|Dragon Dance|p2a: Gyarados
|-boost|p2a: Gyarados|atk|1
|-boost|p2a: Gyarados|spe|1
|move|p1a: Pelipper|U-turn|p2a: Gyarados
|-damage|p2a: Gyarados|49/100
|
|t:|1769352445
|switch|p1a: Barraskewda|Barraskewda, M|100/100|[from] U-turn
|
|-weather|RainDance|[upkeep]
|-heal|p2a: Gyarados|55/100|[from] item: Leftovers
|upkeep
|turn|7
|
|t:|1769352452
|move|p1a: Barraskewda|Aqua Jet|p2a: Gyarados
|-supereffective|p2a: Gyarados
|-damage|p2a: Gyarados|0 fnt
|faint|p2a: Gyarados
|
|-weather|RainDance|[upkeep]
|upkeep
|l|☆raleighk
|inactive|raleighk disconnected and has a minute to reconnect!
|player|p2|
|inactive|raleighk has 30 seconds to reconnect!
|inactive|raleighk has 20 seconds to reconnect!
|inactive|raleighk has 15 seconds to reconnect!
|inactive|raleighk has 10 seconds to reconnect!
|inactive|raleighk has 5 seconds to reconnect!
|-message|raleighk lost due to inactivity.
|
|win|Chorley Cakes
|raw|Chorley Cakes's rating: 1498 &rarr; <strong>1517</strong><br />(+19 for winning)
|raw|raleighk's rating: 1486 &rarr; <strong>1467</strong><br />(-19 for losing)
|l|☆Chorley Cakes
|player|p1|
