|j|☆Father John Misty
|j|☆hifbi66
|t:|1769409348
|gametype|singles
|player|p1|Father John Misty|pokemonranger|1165
|player|p2|hifbi66|brock-gen2|1143
|gen|9
|tier|[Gen 9] OU
|rated|
|rule|HP Percentage Mod: HP is shown in percentages
|rule|Endless Battle Clause: Forcing endless battles is banned
|rule|Species Clause: Limit one of each Pokémon
|rule|OHKO Clause: OHKO moves are banned
|rule|Evasion Items Clause: Evasion items are banned
|rule|Evasion Moves Clause: Evasion moves are banned
|rule|Evasion Abilities Clause: Evasion abilities are banned
|rule|Sleep Moves Clause: Sleep-inducing moves are banned
|clearpoke
|poke|p1|Venomoth, F|
|poke|p1|Rillaboom, F|
|poke|p1|Hatterene, F|
|poke|p1|Tornadus-Therian, M|
|poke|p1|Samurott-Hisui, F|
|poke|p1|Cinderace, F|
|poke|p2|Arcanine-Hisui, M|
|poke|p2|Darkrai|
|poke|p2|Great Tusk|
|poke|p2|Hatterene, F|
|poke|p2|Ogerpon-Wellspring, F|
|poke|p2|Zapdos|
|teampreview
|inactive|Battle timer is ON: inactive players will automatically lose when time's up. (requested by hifbi66)
|
|t:|1769409374
|teamsize|p1|6
|teamsize|p2|6
|start
|switch|p1a: Tornadus|Tornadus-Therian, M|100/100
|switch|p2a: justin long|Great Tusk|100/100
|turn|1
|inactive|Father John Misty has 120 seconds left.
|
|t:|1769409414
|-end|p2a: justin long|Protosynthesis|[silent]
|switch|p2a: hasans remote|Hatterene, F|100/100
|move|p1a: Tornadus|Bleakwind Storm|p2a: hasans remote
|-damage|p2a: hasans remote|68/100
|
|upkeep
|turn|2
|c|☆hifbi66|i need a real love baby
|c|☆Father John Misty|many such cases
|inactive|hifbi66 has 120 seconds left.
|
|t:|1769409451
|move|p1a: Tornadus|Bleakwind Storm|p2a: hasans remote
|-damage|p2a: hasans remote|37/100
|-unboost|p2a: hasans remote|spe|1
|move|p2a: hasans remote|Psyshock|p1a: Tornadus
|-damage|p1a: Tornadus|52/100
|
|upkeep
|turn|3
|inactive|hifbi66 has 120 seconds left.
|
|t:|1769409463
|move|p1a: Tornadus|Bleakwind Storm|p2a: hasans remote
|-damage|p2a: hasans remote|6/100
|-unboost|p2a: hasans remote|spe|1
|move|p2a: hasans remote|Draining Kiss|p1a: Tornadus
|-damage|p1a: Tornadus|34/100
|-heal|p2a: hasans remote|21/100|[from] drain|[of] p1a: Tornadus
|
|upkeep
|turn|4
|inactive|Father John Misty has 120 seconds left.
|inactive|hifbi66 has 120 seconds left.
|
|t:|1769409484
|switch|p1a: Cinderace|Cinderace, F|100/100
|switch|p2a: asmon|Darkrai|100/100
|
|upkeep
|turn|5
|inactive|hifbi66 has 120 seconds left.
|
|t:|1769409496
|move|p2a: asmon|Dark Pulse|p1a: Cinderace
|-damage|p1a: Cinderace|35/100
|cant|p1a: Cinderace|flinch
|
|upkeep
|turn|6
|
|t:|1769409506
|switch|p1a: Tornadus|Tornadus-Therian, M|67/100
|move|p2a: asmon|Dark Pulse|p1a: Tornadus
|-damage|p1a: Tornadus|38/100
|
|upkeep
|turn|7
|inactive|Father John Misty has 120 seconds left.
|
|t:|1769409513
|move|p2a: asmon|Dark Pulse|p1a: Tornadus
|-damage|p1a: Tornadus|9/100
|cant|p1a: Tornadus|flinch
|
|upkeep
|turn|8
|c|☆Father John Misty|oof
|inactive|Father John Misty has 120 seconds left.
|c|☆Father John Misty|stunned by mold
|
|t:|1769409531
|switch|p1a: Samurott|Samurott-Hisui, F|100/100
|move|p2a: asmon|Dark Pulse|p1a: Samurott
|-resisted|p1a: Samurott
|-damage|p1a: Samurott|71/100
|
|upkeep
|turn|9
|inactive|Father John Misty has 120 seconds left.
|
|t:|1769409546
|move|p2a: asmon|Dark Pulse|p1a: Samurott
|-resisted|p1a: Samurott
|-damage|p1a: Samurott|37/100
|move|p1a: Samurott|Razor Shell|p2a: asmon
|-damage|p2a: asmon|35/100
|-unboost|p2a: asmon|def|1
|
|upkeep
|turn|10
|inactive|Father John Misty has 120 seconds left.
|
|t:|1769409556
|switch|p2a: moist|Ogerpon-Wellspring, F|100/100
|move|p1a: Samurott|Ceaseless Edge|p2a: moist
|-damage|p2a: moist|43/100
|-sidestart|p2: hifbi66|Spikes
|
|upkeep
|turn|11
|
|t:|1769409563
|move|p1a: Samurott|Sucker Punch|p2a: moist
|-damage|p2a: moist|2/100
|move|p2a: moist|U-turn|p1a: Samurott
|-supereffective|p1a: Samurott
|-damage|p1a: Samurott|0 fnt
|faint|p1a: Samurott
|
|t:|1769409572
|switch|p2a: Hasanabi|Zapdos|100/100|[from] U-turn
|
|upkeep
|
|t:|1769409586
|switch|p1a: Cinderace|Cinderace, F|35/100
|turn|12
|
|t:|1769409591
|move|p1a: Cinderace|Pyro Ball|p2a: Hasanabi
|-damage|p2a: Hasanabi|56/100
|move|p2a: Hasanabi|Volt Switch|p1a: Cinderace
|-damage|p1a: Cinderace|0 fnt
|faint|p1a: Cinderace
|
|t:|1769409596
|switch|p2a: Kaya|Arcanine-Hisui, M, shiny|100/100|[from] Volt Switch
|-damage|p2a: Kaya|88/100|[from] Spikes
|
|upkeep
|
|t:|1769409600
|switch|p1a: Rillaboom|Rillaboom, F|100/100
|-fieldstart|move: Grassy Terrain|[from] ability: Grassy Surge|[of] p1a: Rillaboom
|turn|13
|
|t:|1769409611
|move|p2a: Kaya|Flare Blitz|p1a: Rillaboom
|-supereffective|p1a: Rillaboom
|-damage|p1a: Rillaboom|0 fnt
|faint|p1a: Rillaboom
|
|-heal|p2a: Kaya|94/100|[from] Grassy Terrain
|upkeep
|
|t:|1769409621
|switch|p1a: Hatterene|Hatterene, F|100/100
|turn|14
|
|t:|1769409624
|move|p2a: Kaya|Flare Blitz|p1a: Hatterene
|-damage|p1a: Hatterene|32/100
|move|p1a: Hatterene|Nuzzle|p2a: Kaya
|-damage|p2a: Kaya|89/100
|-status|p2a: Kaya|par
|
|-heal|p2a: Kaya|95/100 par|[from] Grassy Terrain
|-heal|p1a: Hatterene|38/100|[from] Grassy Terrain
|-heal|p1a: Hatterene|44/100|[from] item: Leftovers
|upkeep
|turn|15
|
|t:|1769409636
|cant|p2a: Kaya|par
|move|p1a: Hatterene|Pain Split|p2a: Kaya
|-sethp|p2a: Kaya|68/100 par|[from] move: Pain Split|[silent]
|-sethp|p1a: Hatterene|71/100|[from] move: Pain Split
|
|-heal|p2a: Kaya|74/100 par|[from] Grassy Terrain
|-heal|p1a: Hatterene|77/100|[from] Grassy Terrain
|-heal|p1a: Hatterene|83/100|[from] item: Leftovers
|upkeep
|turn|16
|
|t:|1769409646
|cant|p2a: Kaya|par
|move|p1a: Hatterene|Psychic Noise|p2a: Kaya
|-damage|p2a: Kaya|31/100 par
|-start|p2a: Kaya|move: Heal Block
|
|-heal|p1a: Hatterene|89/100|[from] Grassy Terrain
|-heal|p1a: Hatterene|95/100|[from] item: Leftovers
|upkeep
|turn|17
|
|t:|1769409656
|cant|p2a: Kaya|par
|move|p1a: Hatterene|Psychic Noise|p2a: Kaya
|-damage|p2a: Kaya|0 fnt
|faint|p2a: Kaya
|
|-heal|p1a: Hatterene|100/100|[from] Grassy Terrain
|upkeep
|
|t:|1769409664
|switch|p2a: justin long|Great Tusk|100/100
|-damage|p2a: justin long|88/100|[from] Spikes
|turn|18
|
|t:|1769409673
|move|p2a: justin long|Rapid Spin|p1a: Hatterene
|-damage|p1a: Hatterene|86/100
|-boost|p2a: justin long|spe|1
|-sideend|p2: hifbi66|Spikes|[from] move: Rapid Spin|[of] p2a: justin long
|move|p1a: Hatterene|Nuzzle|p2a: justin long
|-immune|p2a: justin long
|
|-heal|p2a: justin long|94/100|[from] Grassy Terrain
|-heal|p1a: Hatterene|92/100|[from] Grassy Terrain
|-heal|p1a: Hatterene|98/100|[from] item: Leftovers
|upkeep
|turn|19
|
|t:|1769409683
|move|p2a: justin long|Headlong Rush|p1a: Hatterene
|-damage|p1a: Hatterene|47/100
|-unboost|p2a: justin long|def|1
|-unboost|p2a: justin long|spd|1
|move|p1a: Hatterene|Psychic Noise|p2a: justin long
|-supereffective|p2a: justin long
|-damage|p2a: justin long|0 fnt
|faint|p2a: justin long
|-end|p2a: justin long|Protosynthesis|[silent]
|
|-heal|p1a: Hatterene|53/100|[from] Grassy Terrain
|-heal|p1a: Hatterene|59/100|[from] item: Leftovers
|upkeep
|
|t:|1769409697
|switch|p2a: moist|Ogerpon-Wellspring, F|2/100
|turn|20
|
|t:|1769409707
|-terastallize|p2a: moist|Water
|detailschange|p2a: moist|Ogerpon-Wellspring-Tera, F, tera:Water
|-ability|p2a: moist|Embody Aspect (Wellspring)|boost
|-boost|p2a: moist|spd|1
|move|p2a: moist|Ivy Cudgel|p1a: Hatterene|[anim] Ivy Cudgel Water
|-damage|p1a: Hatterene|0 fnt
|faint|p1a: Hatterene
|
|-heal|p2a: moist|8/100|[from] Grassy Terrain
|-fieldend|move: Grassy Terrain
|upkeep
|
|t:|1769409723
|switch|p1a: Tornadus|Tornadus-Therian, M|42/100
|turn|21
|
|t:|1769409731
|switch|p2a: hasans remote|Hatterene, F|21/100
|move|p1a: Tornadus|U-turn|p2a: hasans remote
|-damage|p2a: hasans remote|4/100
|
|t:|1769409737
|switch|p1a: Venomoth|Venomoth, F|100/100|[from] U-turn
|
|upkeep
|turn|22
|
|t:|1769409742
|move|p1a: Venomoth|Quiver Dance|p1a: Venomoth
|-boost|p1a: Venomoth|spa|1
|-boost|p1a: Venomoth|spd|1
|-boost|p1a: Venomoth|spe|1
|move|p2a: hasans remote|Psyshock|p1a: Venomoth
|-supereffective|p1a: Venomoth
|-damage|p1a: Venomoth|0 fnt
|faint|p1a: Venomoth
|
|upkeep
|
|t:|1769409753
|switch|p1a: Tornadus|Tornadus-Therian, M|75/100
|turn|23
|
|t:|1769409756
|move|p1a: Tornadus|Bleakwind Storm|p2a: hasans remote
|-damage|p2a: hasans remote|0 fnt
|faint|p2a: hasans remote
|
|upkeep
|
|t:|1769409766
|switch|p2a: asmon|Darkrai|35/100
|turn|24
|
|t:|1769409770
|move|p2a: asmon|Ice Beam|p1a: Tornadus
|-supereffective|p1a: Tornadus
|-damage|p1a: Tornadus|28/100
|move|p1a: Tornadus|Bleakwind Storm|p2a: asmon|[miss]
|-miss|p1a: Tornadus|p2a: asmon
|
|upkeep
|turn|25
|
|t:|1769409776
|move|p2a: asmon|Ice Beam|p1a: Tornadus
|-supereffective|p1a: Tornadus
|-damage|p1a: Tornadus|0 fnt
|faint|p1a: Tornadus
|
|win|hifbi66
|raw|Father John Misty's rating: 1165 &rarr; <strong>1138</strong><br />(-27 for losing)
|raw|hifbi66's rating: 1143 &rarr; <strong>1170</strong><br />(+27 for winning)
|l|☆hifbi66
|player|p2|
|c|☆Father John Misty|gg
|l|☆Father John Misty
|player|p1|
