|j|‽RugzV
|j|☆zabarudo25
|t:|1769343639
|gametype|singles
|player|p1|RugzV|gentleman-gen4|1334
|player|p2|zabarudo25|hoopster|1277
|gen|9
|tier|[Gen 9] OU
|rated|
|rule|HP Percentage Mod: HP is shown in percentages
|rule|Endless Battle Clause: Forcing endless battles is banned
|rule|Species Clause: Limit one of each Pokémon
|rule|OHKO Clause: OHKO moves are banned
|rule|Evasion Items Clause: Evasion items are banned
|rule|Evasion Moves Clause: Evasion moves are banned
|rule|Evasion Abilities Clause: Evasion abilities are banned
|rule|Sleep Moves Clause: Sleep-inducing moves are banned
|clearpoke
|poke|p1|Clodsire, M|
|poke|p1|Meowscarada, F|
|poke|p1|Alomomola, M|
|poke|p1|Enamorus, F|
|poke|p1|Typhlosion, M|
|poke|p1|Reuniclus, F|
|poke|p2|Bellossom, F|
|poke|p2|Ninetales, M|
|poke|p2|Great Tusk|
|poke|p2|Walking Wake|
|poke|p2|Hatterene, F|
|poke|p2|Slither Wing|
|teampreview
|
|t:|1769343650
|teamsize|p1|6
|teamsize|p2|6
|start
|switch|p1a: Meowscarada|Meowscarada, F|100/100
|switch|p2a: Ninetales|Ninetales, M|100/100
|-weather|SunnyDay|[from] ability: Drought|[of] p2a: Ninetales
|turn|1
|inactive|Battle timer is ON: inactive players will automatically lose when time's up. (requested by RugzV)
|
|t:|1769343658
|switch|p2a: Slither Wing|Slither Wing|100/100
|-activate|p2a: Slither Wing|ability: Protosynthesis
|-start|p2a: Slither Wing|protosynthesisatk
|move|p1a: Meowscarada|U-turn|p2a: Slither Wing
|-start|p1a: Meowscarada|typechange|Bug|[from] ability: Protean
|-resisted|p2a: Slither Wing
|-damage|p2a: Slither Wing|81/100
|
|t:|1769343668
|switch|p1a: Typhlosion|Typhlosion, M|100/100|[from] U-turn
|
|-weather|SunnyDay|[upkeep]
|upkeep
|turn|2
|inactive|zabarudo25 has 120 seconds left.
|
|t:|1769343702
|-end|p2a: Slither Wing|Protosynthesis|[silent]
|switch|p2a: Hatterene|Hatterene, F|100/100
|move|p1a: Typhlosion|Roar|p2a: Hatterene
|move|p2a: Hatterene|Roar|p1a: Typhlosion|[from] ability: Magic Bounce
|drag|p1a: Enamorus|Enamorus, F|100/100
|
|-weather|SunnyDay|[upkeep]
|upkeep
|turn|3
|
|t:|1769343719
|move|p1a: Enamorus|Superpower|p2a: Hatterene
|-resisted|p2a: Hatterene
|-damage|p2a: Hatterene|93/100
|-boost|p1a: Enamorus|atk|1
|-boost|p1a: Enamorus|def|1
|-enditem|p2a: Hatterene|Eject Button
|inactive|zabarudo25 has 120 seconds left.
|
|t:|1769343744
|switch|p2a: Great Tusk|Great Tusk|100/100
|-activate|p2a: Great Tusk|ability: Protosynthesis
|-start|p2a: Great Tusk|protosynthesisspe
|
|-weather|SunnyDay|[upkeep]
|upkeep
|turn|4
|
|t:|1769343756
|move|p2a: Great Tusk|Ice Spinner|p1a: Enamorus
|-supereffective|p1a: Enamorus
|-damage|p1a: Enamorus|52/100
|move|p1a: Enamorus|Zen Headbutt|p2a: Great Tusk
|-supereffective|p2a: Great Tusk
|-damage|p2a: Great Tusk|51/100
|-damage|p1a: Enamorus|35/100|[from] item: Rocky Helmet|[of] p2a: Great Tusk
|
|-weather|SunnyDay|[upkeep]
|upkeep
|turn|5
|
|t:|1769343766
|switch|p1a: Alomomola|Alomomola, M|100/100
|move|p2a: Great Tusk|Ice Spinner|p1a: Alomomola
|-resisted|p1a: Alomomola
|-damage|p1a: Alomomola|94/100
|-damage|p2a: Great Tusk|34/100|[from] item: Rocky Helmet|[of] p1a: Alomomola
|
|-weather|SunnyDay|[upkeep]
|upkeep
|turn|6
|inactive|zabarudo25 has 120 seconds left.
|
|t:|1769343776
|move|p2a: Great Tusk|Stealth Rock|p1a: Alomomola
|-sidestart|p1: RugzV|move: Stealth Rock
|move|p1a: Alomomola|Wish|p1a: Alomomola
|
|-weather|SunnyDay|[upkeep]
|upkeep
|turn|7
|
|t:|1769343782
|-end|p2a: Great Tusk|Protosynthesis|[silent]
|switch|p2a: Walking Wake|Walking Wake|100/100
|-activate|p2a: Walking Wake|ability: Protosynthesis
|-start|p2a: Walking Wake|protosynthesisspa
|move|p1a: Alomomola|Flip Turn|p2a: Walking Wake
|-resisted|p2a: Walking Wake
|-damage|p2a: Walking Wake|98/100
|
|t:|1769343790
|switch|p1a: Enamorus|Enamorus, F|35/100|[from] Flip Turn
|-damage|p1a: Enamorus|11/100|[from] Stealth Rock
|
|-weather|SunnyDay|[upkeep]
|-heal|p1a: Enamorus|100/100|[from] move: Wish|[wisher] Alomomola
|upkeep
|turn|8
|inactive|zabarudo25 has 120 seconds left.
|
|t:|1769343829
|-end|p2a: Walking Wake|Protosynthesis|[silent]
|switch|p2a: Hatterene|Hatterene, F|93/100
|move|p1a: Enamorus|Play Rough|p2a: Hatterene
|-damage|p2a: Hatterene|55/100
|-unboost|p2a: Hatterene|atk|1
|
|-weather|none
|upkeep
|turn|9
|
|t:|1769343845
|move|p1a: Enamorus|Iron Head|p2a: Hatterene
|-supereffective|p2a: Hatterene
|-damage|p2a: Hatterene|15/100
|move|p2a: Hatterene|Nuzzle|p1a: Enamorus
|-supereffective|p1a: Enamorus
|-damage|p1a: Enamorus|92/100
|-status|p1a: Enamorus|par
|
|upkeep
|turn|10
|inactive|zabarudo25 has 120 seconds left.
|
|t:|1769343866
|move|p1a: Enamorus|Superpower|p2a: Hatterene
|-resisted|p2a: Hatterene
|-damage|p2a: Hatterene|7/100
|-boost|p1a: Enamorus|atk|1
|-boost|p1a: Enamorus|def|1
|move|p2a: Hatterene|Healing Wish|p2a: Hatterene
|faint|p2a: Hatterene
|
|upkeep
|
|t:|1769343873
|switch|p2a: Ninetales|Ninetales, M|100/100
|-weather|SunnyDay|[from] ability: Drought|[of] p2a: Ninetales
|turn|11
|
|t:|1769343882
|switch|p2a: Walking Wake|Walking Wake|98/100
|-heal|p2a: Walking Wake|100/100|[from] move: Healing Wish
|-activate|p2a: Walking Wake|ability: Protosynthesis
|-start|p2a: Walking Wake|protosynthesisspa
|move|p1a: Enamorus|Zen Headbutt|p2a: Walking Wake
|-damage|p2a: Walking Wake|59/100
|
|-weather|SunnyDay|[upkeep]
|upkeep
|turn|12
|inactive|zabarudo25 has 120 seconds left.
|
|t:|1769343893
|move|p2a: Walking Wake|Hydro Steam|p1a: Enamorus
|-damage|p1a: Enamorus|0 fnt
|faint|p1a: Enamorus
|
|-weather|SunnyDay|[upkeep]
|upkeep
|
|t:|1769343900
|switch|p1a: Clodsire|Clodsire, M|100/100
|-damage|p1a: Clodsire|94/100|[from] Stealth Rock
|turn|13
|
|t:|1769343909
|-end|p2a: Walking Wake|Protosynthesis|[silent]
|switch|p2a: Great Tusk|Great Tusk|34/100
|-activate|p2a: Great Tusk|ability: Protosynthesis
|-start|p2a: Great Tusk|protosynthesisspe
|move|p1a: Clodsire|Toxic|p2a: Great Tusk
|-status|p2a: Great Tusk|tox
|
|-weather|SunnyDay|[upkeep]
|-heal|p1a: Clodsire|100/100|[from] item: Leftovers
|-damage|p2a: Great Tusk|28/100 tox|[from] psn
|upkeep
|turn|14
|
|t:|1769343920
|switch|p1a: Alomomola|Alomomola, M|100/100
|-damage|p1a: Alomomola|88/100|[from] Stealth Rock
|move|p2a: Great Tusk|Headlong Rush|p1a: Alomomola
|-damage|p1a: Alomomola|62/100
|-unboost|p2a: Great Tusk|def|1
|-unboost|p2a: Great Tusk|spd|1
|-damage|p2a: Great Tusk|12/100 tox|[from] item: Rocky Helmet|[of] p1a: Alomomola
|
|-weather|SunnyDay|[upkeep]
|-damage|p2a: Great Tusk|0 fnt|[from] psn
|faint|p2a: Great Tusk
|-end|p2a: Great Tusk|Protosynthesis|[silent]
|upkeep
|
|t:|1769343931
|switch|p2a: Walking Wake|Walking Wake|59/100
|-activate|p2a: Walking Wake|ability: Protosynthesis
|-start|p2a: Walking Wake|protosynthesisspa
|turn|15
|
|t:|1769343937
|switch|p1a: Clodsire|Clodsire, M|100/100
|-damage|p1a: Clodsire|94/100|[from] Stealth Rock
|move|p2a: Walking Wake|Hydro Steam|p1a: Clodsire
|-heal|p1a: Clodsire|100/100|[from] ability: Water Absorb|[of] p2a: Walking Wake
|
|-weather|SunnyDay|[upkeep]
|upkeep
|turn|16
|
|t:|1769343946
|-end|p2a: Walking Wake|Protosynthesis|[silent]
|switch|p2a: Slither Wing|Slither Wing|81/100
|-activate|p2a: Slither Wing|ability: Protosynthesis
|-start|p2a: Slither Wing|protosynthesisatk
|move|p1a: Clodsire|Toxic|p2a: Slither Wing
|-status|p2a: Slither Wing|tox
|
|-weather|SunnyDay|[upkeep]
|-damage|p2a: Slither Wing|75/100 tox|[from] psn
|upkeep
|turn|17
|
|t:|1769343975
|switch|p1a: Alomomola|Alomomola, M|96/100
|-damage|p1a: Alomomola|83/100|[from] Stealth Rock
|move|p2a: Slither Wing|Flare Blitz|p1a: Alomomola
|-resisted|p1a: Alomomola
|-damage|p1a: Alomomola|58/100
|-damage|p2a: Slither Wing|58/100 tox|[from] item: Rocky Helmet|[of] p1a: Alomomola
|-damage|p2a: Slither Wing|46/100 tox|[from] Recoil
|
|-weather|SunnyDay|[upkeep]
|-damage|p2a: Slither Wing|33/100 tox|[from] psn
|upkeep
|turn|18
|
|t:|1769343993
|move|p2a: Slither Wing|U-turn|p1a: Alomomola
|-damage|p1a: Alomomola|27/100
|-damage|p2a: Slither Wing|17/100 tox|[from] item: Rocky Helmet|[of] p1a: Alomomola
|
|t:|1769343999
|-end|p2a: Slither Wing|Protosynthesis|[silent]
|switch|p2a: Walking Wake|Walking Wake|59/100|[from] U-turn
|-activate|p2a: Walking Wake|ability: Protosynthesis
|-start|p2a: Walking Wake|protosynthesisspa
|move|p1a: Alomomola|Flip Turn|p2a: Walking Wake
|-resisted|p2a: Walking Wake
|-damage|p2a: Walking Wake|57/100
|
|t:|1769344007
|switch|p1a: Clodsire|Clodsire, M|100/100|[from] Flip Turn
|-damage|p1a: Clodsire|94/100|[from] Stealth Rock
|
|-weather|none
|-end|p2a: Walking Wake|Protosynthesis
|-heal|p1a: Clodsire|100/100|[from] item: Leftovers
|upkeep
|turn|19
|
|t:|1769344019
|-end|p2a: Walking Wake|Protosynthesis|[silent]
|switch|p2a: Ninetales|Ninetales, M|100/100
|-weather|SunnyDay|[from] ability: Drought|[of] p2a: Ninetales
|move|p1a: Clodsire|Toxic|p2a: Ninetales
|-status|p2a: Ninetales|tox
|
|-weather|SunnyDay|[upkeep]
|-damage|p2a: Ninetales|94/100 tox|[from] psn
|upkeep
|turn|20
|
|t:|1769344029
|switch|p2a: Walking Wake|Walking Wake|57/100
|-activate|p2a: Walking Wake|ability: Protosynthesis
|-start|p2a: Walking Wake|protosynthesisspa
|move|p1a: Clodsire|Stealth Rock|p2a: Walking Wake
|-sidestart|p2: zabarudo25|move: Stealth Rock
|
|-weather|SunnyDay|[upkeep]
|upkeep
|turn|21
|
|t:|1769344037
|move|p2a: Walking Wake|Draco Meteor|p1a: Clodsire
|-damage|p1a: Clodsire|25/100
|-unboost|p2a: Walking Wake|spa|2
|move|p1a: Clodsire|Toxic|p2a: Walking Wake
|-status|p2a: Walking Wake|tox
|
|-weather|SunnyDay|[upkeep]
|-heal|p1a: Clodsire|31/100|[from] item: Leftovers
|-damage|p2a: Walking Wake|51/100 tox|[from] psn
|upkeep
|turn|22
|
|t:|1769344049
|move|p2a: Walking Wake|Draco Meteor|p1a: Clodsire
|-damage|p1a: Clodsire|0 fnt
|-unboost|p2a: Walking Wake|spa|2
|faint|p1a: Clodsire
|
|-weather|SunnyDay|[upkeep]
|-damage|p2a: Walking Wake|39/100 tox|[from] psn
|upkeep
|
|t:|1769344058
|switch|p1a: Meowscarada|Meowscarada, F|100/100
|-damage|p1a: Meowscarada|88/100|[from] Stealth Rock
|turn|23
|
|t:|1769344066
|-end|p2a: Walking Wake|Protosynthesis|[silent]
|switch|p2a: Slither Wing|Slither Wing|17/100 tox
|-damage|p2a: Slither Wing|4/100 tox|[from] Stealth Rock
|-activate|p2a: Slither Wing|ability: Protosynthesis
|-start|p2a: Slither Wing|protosynthesisatk
|move|p1a: Meowscarada|Knock Off|p2a: Slither Wing
|-start|p1a: Meowscarada|typechange|Dark|[from] ability: Protean
|-resisted|p2a: Slither Wing
|-damage|p2a: Slither Wing|0 fnt
|-enditem|p2a: Slither Wing|Assault Vest|[from] move: Knock Off|[of] p1a: Meowscarada
|faint|p2a: Slither Wing
|-end|p2a: Slither Wing|Protosynthesis|[silent]
|
|-weather|SunnyDay|[upkeep]
|upkeep
|
|t:|1769344073
|switch|p2a: Bellossom|Bellossom, F|100/100
|-damage|p2a: Bellossom|88/100|[from] Stealth Rock
|turn|24
|
|t:|1769344085
|switch|p1a: Reuniclus|Reuniclus, F|100/100
|move|p2a: Bellossom|Quiver Dance|p2a: Bellossom
|-boost|p2a: Bellossom|spa|1
|-boost|p2a: Bellossom|spd|1
|-boost|p2a: Bellossom|spe|1
|
|-weather|SunnyDay|[upkeep]
|-heal|p2a: Bellossom|94/100|[from] item: Leftovers
|upkeep
|turn|25
|
|t:|1769344095
|move|p2a: Bellossom|Quiver Dance|p2a: Bellossom
|-boost|p2a: Bellossom|spa|1
|-boost|p2a: Bellossom|spd|1
|-boost|p2a: Bellossom|spe|1
|move|p1a: Reuniclus|Psychic Noise|p2a: Bellossom
|-damage|p2a: Bellossom|67/100
|-start|p2a: Bellossom|move: Heal Block
|
|-weather|SunnyDay|[upkeep]
|upkeep
|turn|26
|
|t:|1769344111
|-terastallize|p2a: Bellossom|Fire
|move|p2a: Bellossom|Tera Blast|p1a: Reuniclus|[anim] Tera Blast Fire
|-damage|p1a: Reuniclus|30/100
|move|p1a: Reuniclus|Knock Off|p2a: Bellossom
|-damage|p2a: Bellossom|50/100
|-enditem|p2a: Bellossom|Leftovers|[from] move: Knock Off|[of] p1a: Reuniclus
|
|-weather|none
|-end|p2a: Bellossom|move: Heal Block
|upkeep
|turn|27
|
|t:|1769344125
|move|p2a: Bellossom|Giga Drain|p1a: Reuniclus
|-damage|p1a: Reuniclus|0 fnt
|-heal|p2a: Bellossom|71/100|[from] drain|[of] p1a: Reuniclus
|faint|p1a: Reuniclus
|
|upkeep
|
|t:|1769344140
|switch|p1a: Meowscarada|Meowscarada, F|88/100
|-damage|p1a: Meowscarada|76/100|[from] Stealth Rock
|turn|28
|
|t:|1769344149
|move|p1a: Meowscarada|Knock Off|p2a: Bellossom
|-start|p1a: Meowscarada|typechange|Dark|[from] ability: Protean
|-damage|p2a: Bellossom|48/100
|move|p2a: Bellossom|Tera Blast|p1a: Meowscarada|[anim] Tera Blast Fire
|-damage|p1a: Meowscarada|0 fnt
|faint|p1a: Meowscarada
|
|upkeep
|
|t:|1769344160
|switch|p1a: Typhlosion|Typhlosion, M|100/100
|-damage|p1a: Typhlosion|76/100|[from] Stealth Rock
|turn|29
|
|t:|1769344170
|move|p2a: Bellossom|Strength Sap|p1a: Typhlosion
|-unboost|p1a: Typhlosion|atk|1
|-heal|p2a: Bellossom|100/100
|move|p1a: Typhlosion|Roar|p2a: Bellossom
|-enditem|p1a: Typhlosion|Throat Spray
|-boost|p1a: Typhlosion|spa|1|[from] item: Throat Spray
|drag|p2a: Ninetales|Ninetales, M|94/100 tox
|-damage|p2a: Ninetales|70/100 tox|[from] Stealth Rock
|-weather|SunnyDay|[from] ability: Drought|[of] p2a: Ninetales
|
|-weather|SunnyDay|[upkeep]
|-damage|p2a: Ninetales|64/100 tox|[from] psn
|upkeep
|turn|30
|
|t:|1769344189
|move|p2a: Ninetales|Healing Wish|p2a: Ninetales
|faint|p2a: Ninetales
|move|p1a: Typhlosion|Shadow Ball|p2: Ninetales|[notarget]
|-fail|p1a: Typhlosion
|
|-weather|SunnyDay|[upkeep]
|upkeep
|
|t:|1769344196
|switch|p2a: Walking Wake|Walking Wake|39/100 tox
|-heal|p2a: Walking Wake|100/100|[from] move: Healing Wish
|-damage|p2a: Walking Wake|88/100|[from] Stealth Rock
|-activate|p2a: Walking Wake|ability: Protosynthesis
|-start|p2a: Walking Wake|protosynthesisspa
|turn|31
|
|t:|1769344205
|move|p1a: Typhlosion|Shadow Ball|p2a: Walking Wake
|-damage|p2a: Walking Wake|46/100
|move|p2a: Walking Wake|Hydro Steam|p1a: Typhlosion
|-supereffective|p1a: Typhlosion
|-damage|p1a: Typhlosion|0 fnt
|faint|p1a: Typhlosion
|
|-weather|SunnyDay|[upkeep]
|upkeep
|-message|RugzV forfeited.
|
|win|zabarudo25
|raw|RugzV's rating: 1334 &rarr; <strong>1311</strong><br />(-23 for losing)
|raw|zabarudo25's rating: 1277 &rarr; <strong>1306</strong><br />(+29 for winning)
|l|‽RugzV
|player|p1|
|l|☆zabarudo25
|player|p2|
