|j|☆BuffRagavan
|j|☆vacineee
|t:|1769408058
|gametype|singles
|player|p1|BuffRagavan|pokemaniac|1398
|player|p2|vacineee|parasollady-gen4|1469
|gen|9
|tier|[Gen 9] OU
|rated|
|rule|HP Percentage Mod: HP is shown in percentages
|rule|Endless Battle Clause: Forcing endless battles is banned
|rule|Species Clause: Limit one of each Pokémon
|rule|OHKO Clause: OHKO moves are banned
|rule|Evasion Items Clause: Evasion items are banned
|rule|Evasion Moves Clause: Evasion moves are banned
|rule|Evasion Abilities Clause: Evasion abilities are banned
|rule|Sleep Moves Clause: Sleep-inducing moves are banned
|clearpoke
|poke|p1|Empoleon, M|
|poke|p1|Pecharunt|
|poke|p1|Torterra, M|
|poke|p1|Darkrai|
|poke|p1|Staraptor, F|
|poke|p1|Gallade, M|
|poke|p2|Hoopa-Unbound|
|poke|p2|Rillaboom, M|
|poke|p2|Iron Hands|
|poke|p2|Slowking-Galar, M|
|poke|p2|Great Tusk|
|poke|p2|Heatran, M|
|teampreview
|
|t:|1769408078
|teamsize|p1|6
|teamsize|p2|6
|start
|switch|p1a: REEEEEE|Staraptor, F|100/100
|switch|p2a: Rillaboom|Rillaboom, M|100/100
|-fieldstart|move: Grassy Terrain|[from] ability: Grassy Surge|[of] p2a: Rillaboom
|turn|1
|inactive|Battle timer is ON: inactive players will automatically lose when time's up. (requested by BuffRagavan)
|
|t:|1769408093
|switch|p2a: Slowking|Slowking-Galar, M|100/100
|move|p1a: REEEEEE|U-turn|p2a: Slowking
|-damage|p2a: Slowking|75/100
|
|t:|1769408115
|switch|p1a: H I M|Gallade, M|100/100|[from] U-turn
|
|-heal|p2a: Slowking|81/100|[from] Grassy Terrain
|upkeep
|turn|2
|
|t:|1769408124
|move|p1a: H I M|Knock Off|p2a: Slowking
|-supereffective|p2a: Slowking
|-damage|p2a: Slowking|8/100
|-enditem|p2a: Slowking|Heavy-Duty Boots|[from] move: Knock Off|[of] p1a: H I M
|-prepare|p2a: Slowking|Chilly Reception|[premajor]
|move|p2a: Slowking|Chilly Reception|p2a: Slowking
|-weather|Snowscape
|
|t:|1769408133
|switch|p2a: Hoopa|Hoopa-Unbound|100/100|[from] Chilly Reception
|-enditem|p2a: Hoopa|Grassy Seed
|-boost|p2a: Hoopa|def|1|[from] item: Grassy Seed
|
|-weather|Snowscape|[upkeep]
|upkeep
|turn|3
|
|t:|1769408146
|move|p1a: H I M|Destiny Bond|p1a: H I M
|-singlemove|p1a: H I M|Destiny Bond
|move|p2a: Hoopa|Psychic Noise|p1a: H I M
|-damage|p1a: H I M|41/100
|-start|p1a: H I M|move: Heal Block
|-item|p2a: Hoopa|Custap Berry|[from] ability: Magician|[of] p1a: H I M
|
|-weather|Snowscape|[upkeep]
|upkeep
|turn|4
|
|t:|1769408159
|move|p1a: H I M|Close Combat|p2a: Hoopa
|-damage|p2a: Hoopa|42/100
|-unboost|p1a: H I M|def|1
|-unboost|p1a: H I M|spd|1
|move|p2a: Hoopa|Dark Pulse|p1a: H I M
|-damage|p1a: H I M|0 fnt
|faint|p1a: H I M
|
|-weather|Snowscape|[upkeep]
|-heal|p2a: Hoopa|48/100|[from] Grassy Terrain
|upkeep
|
|t:|1769408169
|switch|p1a: REEEEEE|Staraptor, F|100/100
|turn|5
|
|t:|1769408174
|switch|p2a: Slowking|Slowking-Galar, M|41/100
|move|p1a: REEEEEE|U-turn|p2a: Slowking
|-damage|p2a: Slowking|18/100
|
|t:|1769408182
|switch|p1a: op Twig|Torterra, M|100/100|[from] U-turn
|
|-weather|Snowscape|[upkeep]
|-heal|p2a: Slowking|24/100|[from] Grassy Terrain
|-fieldend|move: Grassy Terrain
|upkeep
|turn|6
|
|t:|1769408187
|move|p1a: op Twig|Shell Smash|p1a: op Twig
|-unboost|p1a: op Twig|def|1
|-unboost|p1a: op Twig|spd|1
|-boost|p1a: op Twig|atk|2
|-boost|p1a: op Twig|spa|2
|-boost|p1a: op Twig|spe|2
|move|p2a: Slowking|Future Sight|p1a: op Twig
|-start|p2a: Slowking|move: Future Sight
|
|-weather|none
|upkeep
|turn|7
|
|t:|1769408198
|move|p1a: op Twig|Headlong Rush|p2a: Slowking
|-supereffective|p2a: Slowking
|-damage|p2a: Slowking|0 fnt
|-unboost|p1a: op Twig|def|1
|-unboost|p1a: op Twig|spd|1
|faint|p2a: Slowking
|
|upkeep
|
|t:|1769408215
|switch|p2a: Rillaboom|Rillaboom, M|100/100
|-fieldstart|move: Grassy Terrain|[from] ability: Grassy Surge|[of] p2a: Rillaboom
|turn|8
|
|t:|1769408227
|switch|p1a: PengWin|Empoleon, M|100/100
|move|p2a: Rillaboom|Grassy Glide|p1a: PengWin
|-damage|p1a: PengWin|37/100
|
|-end|p1a: PengWin|move: Future Sight
|-resisted|p1a: PengWin
|-damage|p1a: PengWin|23/100
|-heal|p1a: PengWin|30/100|[from] Grassy Terrain
|-heal|p1a: PengWin|36/100|[from] item: Leftovers
|upkeep
|turn|9
|
|t:|1769408238
|switch|p1a: powercreep fake|Pecharunt|100/100
|move|p2a: Rillaboom|Grassy Glide|p1a: powercreep fake
|-resisted|p1a: powercreep fake
|-damage|p1a: powercreep fake|83/100
|
|-heal|p1a: powercreep fake|89/100|[from] Grassy Terrain
|upkeep
|turn|10
|
|t:|1769408243
|switch|p2a: Hoopa|Hoopa-Unbound|48/100
|move|p1a: powercreep fake|Parting Shot|p2a: Hoopa
|-unboost|p2a: Hoopa|atk|1
|-unboost|p2a: Hoopa|spa|1
|
|t:|1769408250
|switch|p1a: PengWin|Empoleon, M|36/100|[from] Parting Shot
|
|-heal|p2a: Hoopa|54/100|[from] Grassy Terrain
|-heal|p1a: PengWin|42/100|[from] Grassy Terrain
|-heal|p1a: PengWin|48/100|[from] item: Leftovers
|upkeep
|turn|11
|
|t:|1769408254
|move|p2a: Hoopa|Drain Punch|p1a: PengWin
|-supereffective|p1a: PengWin
|-damage|p1a: PengWin|14/100
|-heal|p2a: Hoopa|73/100|[from] drain|[of] p1a: PengWin
|move|p1a: PengWin|Roost|p1a: PengWin
|-heal|p1a: PengWin|64/100
|-singleturn|p1a: PengWin|move: Roost
|
|-heal|p2a: Hoopa|79/100|[from] Grassy Terrain
|-heal|p1a: PengWin|70/100|[from] Grassy Terrain
|-heal|p1a: PengWin|77/100|[from] item: Leftovers
|upkeep
|turn|12
|
|t:|1769408260
|move|p2a: Hoopa|Psychic Noise|p1a: PengWin
|-resisted|p1a: PengWin
|-damage|p1a: PengWin|65/100
|-start|p1a: PengWin|move: Heal Block
|cant|p1a: PengWin|move: Heal Block|Roost
|
|-heal|p2a: Hoopa|85/100|[from] Grassy Terrain
|-fieldend|move: Grassy Terrain
|upkeep
|turn|13
|
|t:|1769408269
|switch|p1a: REEEEEE|Staraptor, F|100/100
|move|p2a: Hoopa|Drain Punch|p1a: REEEEEE
|-damage|p1a: REEEEEE|78/100
|-heal|p2a: Hoopa|95/100|[from] drain|[of] p1a: REEEEEE
|
|upkeep
|turn|14
|
|t:|1769408279
|switch|p2a: Great Tusk|Great Tusk|100/100
|-enditem|p2a: Great Tusk|Booster Energy
|-activate|p2a: Great Tusk|ability: Protosynthesis|[fromitem]
|-start|p2a: Great Tusk|protosynthesisspe
|move|p1a: REEEEEE|U-turn|p2a: Great Tusk
|-resisted|p2a: Great Tusk
|-damage|p2a: Great Tusk|93/100
|
|t:|1769408290
|switch|p1a: op Twig|Torterra, M|100/100|[from] U-turn
|
|upkeep
|turn|15
|
|t:|1769408305
|move|p2a: Great Tusk|Bulk Up|p2a: Great Tusk
|-boost|p2a: Great Tusk|atk|1
|-boost|p2a: Great Tusk|def|1
|move|p1a: op Twig|Shell Smash|p1a: op Twig
|-unboost|p1a: op Twig|def|1
|-unboost|p1a: op Twig|spd|1
|-boost|p1a: op Twig|atk|2
|-boost|p1a: op Twig|spa|2
|-boost|p1a: op Twig|spe|2
|
|upkeep
|turn|16
|
|t:|1769408312
|move|p2a: Great Tusk|Close Combat|p1a: op Twig
|-damage|p1a: op Twig|0 fnt
|-unboost|p2a: Great Tusk|def|1
|-unboost|p2a: Great Tusk|spd|1
|faint|p1a: op Twig
|
|upkeep
|
|t:|1769408320
|switch|p1a: REEEEEE|Staraptor, F|78/100
|turn|17
|
|t:|1769408327
|move|p1a: REEEEEE|Brave Bird|p2a: Great Tusk
|-supereffective|p2a: Great Tusk
|-damage|p2a: Great Tusk|5/100
|-damage|p1a: REEEEEE|38/100|[from] Recoil
|move|p2a: Great Tusk|Close Combat|p1a: REEEEEE
|-damage|p1a: REEEEEE|0 fnt
|-unboost|p2a: Great Tusk|def|1
|-unboost|p2a: Great Tusk|spd|1
|faint|p1a: REEEEEE
|
|upkeep
|-message|BuffRagavan forfeited.
|
|win|vacineee
|raw|BuffRagavan's rating: 1398 &rarr; <strong>1382</strong><br />(-16 for losing)
|raw|vacineee's rating: 1469 &rarr; <strong>1485</strong><br />(+16 for winning)
|l|☆BuffRagavan
|player|p1|
|l|☆vacineee
|player|p2|
