|j|☆kovenent
|j|☆nastykarma
|t:|1769407797
|gametype|singles
|player|p1|kovenent|falkner|1346
|player|p2|nastykarma|170|1376
|gen|9
|tier|[Gen 9] OU
|rated|
|rule|HP Percentage Mod: HP is shown in percentages
|rule|Endless Battle Clause: Forcing endless battles is banned
|rule|Species Clause: Limit one of each Pokémon
|rule|OHKO Clause: OHKO moves are banned
|rule|Evasion Items Clause: Evasion items are banned
|rule|Evasion Moves Clause: Evasion moves are banned
|rule|Evasion Abilities Clause: Evasion abilities are banned
|rule|Sleep Moves Clause: Sleep-inducing moves are banned
|clearpoke
|poke|p1|Great Tusk|
|poke|p1|Pecharunt|
|poke|p1|Iron Valiant|
|poke|p1|Iron Crown|
|poke|p1|Samurott-Hisui, M|
|poke|p1|Dragonite, M|
|poke|p2|Primarina, F|
|poke|p2|Raging Bolt|
|poke|p2|Chandelure, F|
|poke|p2|Great Tusk|
|poke|p2|Iron Leaves|
|poke|p2|Kingambit, F|
|teampreview
|inactive|Battle timer is ON: inactive players will automatically lose when time's up. (requested by kovenent)
|
|t:|1769407808
|teamsize|p1|6
|teamsize|p2|6
|start
|switch|p1a: Samurott|Samurott-Hisui, M, shiny|100/100
|switch|p2a: Primarina|Primarina, F|100/100
|turn|1
|
|t:|1769407812
|move|p1a: Samurott|Flip Turn|p2a: Primarina
|-resisted|p2a: Primarina
|-damage|p2a: Primarina|83/100
|
|t:|1769407815
|switch|p1a: Iron Crown|Iron Crown|100/100|[from] Flip Turn
|move|p2a: Primarina|Moonblast|p1a: Iron Crown
|-resisted|p1a: Iron Crown
|-damage|p1a: Iron Crown|84/100
|
|upkeep
|turn|2
|
|t:|1769407818
|move|p1a: Iron Crown|Future Sight|p2a: Primarina
|-start|p1a: Iron Crown|move: Future Sight
|move|p2a: Primarina|Flip Turn|p1a: Iron Crown
|-damage|p1a: Iron Crown|67/100
|
|t:|1769407823
|switch|p2a: Chandelure|Chandelure, F|100/100|[from] Flip Turn
|
|upkeep
|turn|3
|
|t:|1769407827
|move|p2a: Chandelure|Overheat|p1a: Iron Crown
|-supereffective|p1a: Iron Crown
|-damage|p1a: Iron Crown|0 fnt
|-unboost|p2a: Chandelure|spa|2
|faint|p1a: Iron Crown
|-end|p1a: Iron Crown|Quark Drive|[silent]
|
|upkeep
|
|t:|1769407832
|switch|p1a: Samurott|Samurott-Hisui, M, shiny|100/100
|turn|4
|
|t:|1769407839
|switch|p2a: Kingambit|Kingambit, F|100/100
|move|p1a: Samurott|Knock Off|p2a: Kingambit
|-resisted|p2a: Kingambit
|-damage|p2a: Kingambit|76/100
|-enditem|p2a: Kingambit|Leftovers|[from] move: Knock Off|[of] p1a: Samurott
|
|-end|p2a: Kingambit|move: Future Sight
|-immune|p2a: Kingambit
|upkeep
|turn|5
|
|t:|1769407848
|-end|p2a: Kingambit|fallenundefined|[silent]
|switch|p2a: Primarina|Primarina, F|83/100
|move|p1a: Samurott|Flip Turn|p2a: Primarina
|-resisted|p2a: Primarina
|-damage|p2a: Primarina|64/100
|
|t:|1769407859
|switch|p1a: Iron Valiant|Iron Valiant, shiny|100/100|[from] Flip Turn
|
|upkeep
|turn|6
|
|t:|1769407865
|move|p1a: Iron Valiant|Thunderbolt|p2a: Primarina
|-supereffective|p2a: Primarina
|-damage|p2a: Primarina|19/100
|move|p2a: Primarina|Moonblast|p1a: Iron Valiant
|-supereffective|p1a: Iron Valiant
|-damage|p1a: Iron Valiant|0 fnt
|faint|p1a: Iron Valiant
|-end|p1a: Iron Valiant|Quark Drive|[silent]
|
|upkeep
|
|t:|1769407873
|switch|p1a: Samurott|Samurott-Hisui, M, shiny|100/100
|turn|7
|
|t:|1769407875
|move|p1a: Samurott|Ceaseless Edge|p2a: Primarina
|-resisted|p2a: Primarina
|-damage|p2a: Primarina|0 fnt
|-sidestart|p2: nastykarma|Spikes
|faint|p2a: Primarina
|
|upkeep
|
|t:|1769407884
|switch|p2a: Iron Leaves|Iron Leaves|100/100
|-damage|p2a: Iron Leaves|88/100|[from] Spikes
|-enditem|p2a: Iron Leaves|Booster Energy
|-activate|p2a: Iron Leaves|ability: Quark Drive|[fromitem]
|-start|p2a: Iron Leaves|quarkdrivespe
|turn|8
|
|t:|1769407892
|-terastallize|p1a: Samurott|Dark
|move|p1a: Samurott|Sucker Punch||[still]
|-fail|p1a: Samurott
|move|p2a: Iron Leaves|Swords Dance|p2a: Iron Leaves
|-boost|p2a: Iron Leaves|atk|2
|
|upkeep
|turn|9
|
|t:|1769407902
|-terastallize|p2a: Iron Leaves|Fire
|move|p2a: Iron Leaves|Close Combat|p1a: Samurott
|-supereffective|p1a: Samurott
|-damage|p1a: Samurott|0 fnt
|-unboost|p2a: Iron Leaves|def|1
|-unboost|p2a: Iron Leaves|spd|1
|faint|p1a: Samurott
|
|upkeep
|
|t:|1769407906
|switch|p1a: Pecharunt|Pecharunt|100/100
|turn|10
|
|t:|1769407910
|move|p2a: Iron Leaves|Psyblade|p1a: Pecharunt
|-supereffective|p1a: Pecharunt
|-damage|p1a: Pecharunt|24/100
|-damage|p2a: Iron Leaves|72/100|[from] item: Rocky Helmet|[of] p1a: Pecharunt
|move|p1a: Pecharunt|Malignant Chain|p2a: Iron Leaves
|-damage|p2a: Iron Leaves|32/100
|
|upkeep
|turn|11
|-message|kovenent forfeited.
|
|win|nastykarma
|raw|kovenent's rating: 1346 &rarr; <strong>1328</strong><br />(-18 for losing)
|raw|nastykarma's rating: 1376 &rarr; <strong>1394</strong><br />(+18 for winning)
|l|☆kovenent
|player|p1|
|l|☆nastykarma
|player|p2|
