|j|☆okbuddychingling
|j|☆GottaGoFastBoiii
|t:|1769312544
|gametype|singles
|player|p1|okbuddychingling|gambler|1443
|player|p2|GottaGoFastBoiii|266|1445
|gen|9
|tier|[Gen 9] OU
|rated|
|rule|HP Percentage Mod: HP is shown in percentages
|rule|Endless Battle Clause: Forcing endless battles is banned
|rule|Species Clause: Limit one of each Pokémon
|rule|OHKO Clause: OHKO moves are banned
|rule|Evasion Items Clause: Evasion items are banned
|rule|Evasion Moves Clause: Evasion moves are banned
|rule|Evasion Abilities Clause: Evasion abilities are banned
|rule|Sleep Moves Clause: Sleep-inducing moves are banned
|clearpoke
|poke|p1|Iron Crown|
|poke|p1|Zamazenta-*|
|poke|p1|Great Tusk|
|poke|p1|Kingambit, F|
|poke|p1|Enamorus, F|
|poke|p1|Ogerpon-Wellspring, F|
|poke|p2|Glastrier|
|poke|p2|Iron Hands|
|poke|p2|Enamorus-Therian, F|
|poke|p2|Golurk|
|poke|p2|Dondozo, F|
|poke|p2|Slowbro-Galar, F|
|teampreview
|inactive|Battle timer is ON: inactive players will automatically lose when time's up. (requested by GottaGoFastBoiii)
|
|t:|1769312570
|teamsize|p1|6
|teamsize|p2|6
|start
|switch|p1a: Vito|Enamorus, F|100/100
|switch|p2a: Golurk|Golurk|100/100
|turn|1
|
|t:|1769312576
|-terastallize|p1a: Vito|Fairy
|move|p1a: Vito|Moonblast|p2a: Golurk
|-damage|p2a: Golurk|0 fnt
|faint|p2a: Golurk
|
|upkeep
|
|t:|1769312582
|switch|p2a: Slowbro|Slowbro-Galar, F|100/100
|turn|2
|
|t:|1769312586
|switch|p1a: Tony|Zamazenta|100/100
|-ability|p1a: Tony|Dauntless Shield|boost
|-boost|p1a: Tony|def|1
|move|p2a: Slowbro|Nasty Plot|p2a: Slowbro
|-boost|p2a: Slowbro|spa|2
|
|upkeep
|turn|3
|
|t:|1769312590
|move|p1a: Tony|Light Screen|p1a: Tony
|-sidestart|p1: okbuddychingling|move: Light Screen
|move|p2a: Slowbro|Psychic|p1a: Tony
|-supereffective|p1a: Tony
|-damage|p1a: Tony|21/100
|
|upkeep
|turn|4
|
|t:|1769312601
|switch|p1a: Paulie|Kingambit, F|100/100
|move|p2a: Slowbro|Flamethrower|p1a: Paulie
|-supereffective|p1a: Paulie
|-damage|p1a: Paulie|34/100
|
|upkeep
|turn|5
|
|t:|1769312604
|move|p1a: Paulie|Kowtow Cleave|p2a: Slowbro
|-supereffective|p2a: Slowbro
|-damage|p2a: Slowbro|0 fnt
|faint|p2a: Slowbro
|
|upkeep
|
|t:|1769312607
|switch|p2a: Iron Hands|Iron Hands|100/100
|turn|6
|
|t:|1769312616
|-end|p1a: Paulie|fallenundefined|[silent]
|switch|p1a: Ogerpon|Ogerpon-Wellspring, F|100/100
|move|p2a: Iron Hands|Drain Punch|p1a: Ogerpon
|-damage|p1a: Ogerpon|39/100
|
|upkeep
|turn|7
|
|t:|1769312624
|move|p1a: Ogerpon|Power Whip|p2a: Iron Hands|[miss]
|-miss|p1a: Ogerpon|p2a: Iron Hands
|move|p2a: Iron Hands|Drain Punch|p1a: Ogerpon
|-damage|p1a: Ogerpon|0 fnt
|faint|p1a: Ogerpon
|
|upkeep
|
|t:|1769312627
|switch|p1a: Tony|Zamazenta|21/100
|turn|8
|
|t:|1769312631
|move|p1a: Tony|Reflect|p1a: Tony
|-sidestart|p1: okbuddychingling|Reflect
|move|p2a: Iron Hands|Drain Punch|p1a: Tony
|-damage|p1a: Tony|3/100
|
|upkeep
|turn|9
|
|t:|1769312636
|switch|p1a: Christopher|Great Tusk|100/100
|-enditem|p1a: Christopher|Booster Energy
|-activate|p1a: Christopher|ability: Protosynthesis|[fromitem]
|-start|p1a: Christopher|protosynthesisatk
|move|p2a: Iron Hands|Drain Punch|p1a: Christopher
|-damage|p1a: Christopher|86/100
|
|upkeep
|turn|10
|
|t:|1769312643
|-end|p2a: Iron Hands|Quark Drive|[silent]
|switch|p2a: Enamorus|Enamorus-Therian, F|100/100
|move|p1a: Christopher|Earthquake|p2a: Enamorus
|-immune|p2a: Enamorus
|
|-sideend|p1: okbuddychingling|move: Light Screen
|upkeep
|turn|11
|-activate|p2a: Enamorus|item: Quick Claw
|
|t:|1769312645
|move|p2a: Enamorus|Moonblast|p1a: Christopher
|-supereffective|p1a: Christopher
|-damage|p1a: Christopher|0 fnt
|faint|p1a: Christopher
|-end|p1a: Christopher|Protosynthesis|[silent]
|
|upkeep
|
|t:|1769312653
|switch|p1a: Vito|Enamorus, F, tera:Fairy|100/100
|turn|12
|
|t:|1769312658
|move|p1a: Vito|Moonblast|p2a: Enamorus
|-damage|p2a: Enamorus|6/100
|move|p2a: Enamorus|Calm Mind|p2a: Enamorus
|-boost|p2a: Enamorus|spa|1
|-boost|p2a: Enamorus|spd|1
|
|upkeep
|turn|13
|
|t:|1769312661
|move|p1a: Vito|Moonblast|p2a: Enamorus
|-damage|p2a: Enamorus|0 fnt
|faint|p2a: Enamorus
|
|upkeep
|
|t:|1769312665
|switch|p2a: Glastrier|Glastrier|100/100
|turn|14
|
|t:|1769312668
|move|p1a: Vito|Moonblast|p2a: Glastrier
|-damage|p2a: Glastrier|23/100
|-unboost|p2a: Glastrier|spa|1
|move|p2a: Glastrier|Heavy Slam|p1a: Vito
|-supereffective|p1a: Vito
|-crit|p1a: Vito
|-damage|p1a: Vito|0 fnt
|faint|p1a: Vito
|-ability|p2a: Glastrier|Chilling Neigh|boost
|-boost|p2a: Glastrier|atk|1
|
|upkeep
|
|t:|1769312678
|switch|p1a: Corrado|Iron Crown|100/100
|-enditem|p1a: Corrado|Booster Energy
|-activate|p1a: Corrado|ability: Quark Drive|[fromitem]
|-start|p1a: Corrado|quarkdrivespa
|turn|15
|
|t:|1769312683
|move|p1a: Corrado|Tachyon Cutter|p2a: Glastrier
|-supereffective|p2a: Glastrier
|-damage|p2a: Glastrier|0 fnt
|faint|p2a: Glastrier
|-hitcount|p2: Glastrier|1
|
|-sideend|p1: okbuddychingling|Reflect
|upkeep
|
|t:|1769312686
|switch|p2a: Iron Hands|Iron Hands|100/100
|turn|16
|-activate|p2a: Iron Hands|item: Quick Claw
|
|t:|1769312693
|move|p2a: Iron Hands|Earthquake|p1a: Corrado
|-supereffective|p1a: Corrado
|-damage|p1a: Corrado|25/100
|move|p1a: Corrado|Psyshock|p2a: Iron Hands
|-supereffective|p2a: Iron Hands
|-damage|p2a: Iron Hands|34/100
|
|upkeep
|turn|17
|
|t:|1769312697
|move|p1a: Corrado|Psyshock|p2a: Iron Hands
|-supereffective|p2a: Iron Hands
|-crit|p2a: Iron Hands
|-damage|p2a: Iron Hands|0 fnt
|faint|p2a: Iron Hands
|-end|p2a: Iron Hands|Quark Drive|[silent]
|
|upkeep
|
|t:|1769312699
|switch|p2a: Dondozo|Dondozo, F|100/100
|turn|18
|
|t:|1769312705
|move|p1a: Corrado|Focus Blast|p2a: Dondozo
|-damage|p2a: Dondozo|42/100
|move|p2a: Dondozo|Earthquake|p1a: Corrado
|-supereffective|p1a: Corrado
|-damage|p1a: Corrado|0 fnt
|faint|p1a: Corrado
|-end|p1a: Corrado|Quark Drive|[silent]
|
|upkeep
|
|t:|1769312713
|switch|p1a: Paulie|Kingambit, F|34/100
|-activate|p1a: Paulie|ability: Supreme Overlord
|-start|p1a: Paulie|fallen4|[silent]
|turn|19
|
|t:|1769312717
|move|p1a: Paulie|Kowtow Cleave|p2a: Dondozo
|-damage|p2a: Dondozo|0 fnt
|faint|p2a: Dondozo
|
|win|okbuddychingling
|raw|okbuddychingling's rating: 1443 &rarr; <strong>1463</strong><br />(+20 for winning)
|raw|GottaGoFastBoiii's rating: 1445 &rarr; <strong>1425</strong><br />(-20 for losing)
|l|☆GottaGoFastBoiii
|player|p2|
|l|☆okbuddychingling
|player|p1|
