|j|☆KenjiShiguma
|j|☆LeanDrinka
|t:|1769366748
|gametype|singles
|player|p1|KenjiShiguma|pokemonbreeder-gen4|1081
|player|p2|LeanDrinka|musician|1071
|gen|9
|tier|[Gen 9] OU
|rated|
|rule|HP Percentage Mod: HP is shown in percentages
|rule|Endless Battle Clause: Forcing endless battles is banned
|rule|Species Clause: Limit one of each Pokémon
|rule|OHKO Clause: OHKO moves are banned
|rule|Evasion Items Clause: Evasion items are banned
|rule|Evasion Moves Clause: Evasion moves are banned
|rule|Evasion Abilities Clause: Evasion abilities are banned
|rule|Sleep Moves Clause: Sleep-inducing moves are banned
|clearpoke
|poke|p1|Bisharp, F|
|poke|p1|Muk-Alola, F|
|poke|p1|Gastrodon, F|
|poke|p1|Rotom-Mow|
|poke|p1|Weezing, F|
|poke|p1|Gallade, M|
|poke|p2|Sinistcha-Masterpiece|
|poke|p2|Great Tusk|
|poke|p2|Clefable, F|
|poke|p2|Ninetales-Alola, M|
|poke|p2|Chandelure, M|
|poke|p2|Samurott-Hisui, F|
|teampreview
|
|t:|1769366761
|teamsize|p1|6
|teamsize|p2|6
|start
|switch|p1a: Muk|Muk-Alola, F|100/100
|switch|p2a: Clefable|Clefable, F|100/100
|turn|1
|
|t:|1769366782
|switch|p2a: Great Tusk|Great Tusk|100/100
|move|p1a: Muk|Poison Fang|p2a: Great Tusk
|-resisted|p2a: Great Tusk
|-damage|p2a: Great Tusk|92/100
|-status|p2a: Great Tusk|tox
|
|-damage|p2a: Great Tusk|86/100 tox|[from] psn
|upkeep
|turn|2
|
|t:|1769366796
|switch|p1a: Gastrodon|Gastrodon, F|100/100
|move|p2a: Great Tusk|Earthquake|p1a: Gastrodon
|-damage|p1a: Gastrodon|40/100
|
|-heal|p1a: Gastrodon|47/100|[from] item: Leftovers
|-damage|p2a: Great Tusk|74/100 tox|[from] psn
|upkeep
|turn|3
|
|t:|1769366805
|switch|p1a: Weezing|Weezing, F|100/100
|move|p2a: Great Tusk|Earthquake|p1a: Weezing
|-immune|p1a: Weezing|[from] ability: Levitate
|
|-damage|p2a: Great Tusk|55/100 tox|[from] psn
|upkeep
|turn|4
|
|t:|1769366819
|-end|p2a: Great Tusk|Protosynthesis|[silent]
|switch|p2a: Samurott|Samurott-Hisui, F|100/100
|move|p1a: Weezing|Clear Smog|p2a: Samurott
|-damage|p2a: Samurott|82/100
|-clearboost|p2a: Samurott
|
|-heal|p2a: Samurott|88/100|[from] item: Leftovers
|upkeep
|turn|5
|
|t:|1769366828
|move|p2a: Samurott|Ceaseless Edge|p1a: Weezing
|-damage|p1a: Weezing|74/100
|-sidestart|p1: KenjiShiguma|Spikes
|move|p1a: Weezing|Toxic|p2a: Samurott
|-status|p2a: Samurott|tox
|
|-heal|p2a: Samurott|94/100 tox|[from] item: Leftovers
|-heal|p1a: Weezing|80/100|[from] item: Black Sludge
|-damage|p2a: Samurott|88/100 tox|[from] psn
|upkeep
|turn|6
|
|t:|1769366840
|move|p2a: Samurott|Ceaseless Edge|p1a: Weezing
|-damage|p1a: Weezing|52/100
|-sidestart|p1: KenjiShiguma|Spikes
|move|p1a: Weezing|Explosion|p2a: Samurott
|-damage|p2a: Samurott|43/100 tox
|faint|p1a: Weezing
|
|-heal|p2a: Samurott|49/100 tox|[from] item: Leftovers
|-damage|p2a: Samurott|36/100 tox|[from] psn
|upkeep
|
|t:|1769366866
|switch|p1a: Bisharp|Bisharp, F|100/100
|-damage|p1a: Bisharp|84/100|[from] Spikes
|turn|7
|inactive|Battle timer is ON: inactive players will automatically lose when time's up. (requested by LeanDrinka)
|
|t:|1769366873
|move|p2a: Samurott|Flip Turn|p1a: Bisharp
|-damage|p1a: Bisharp|60/100
|-damage|p2a: Samurott|20/100 tox|[from] item: Rocky Helmet|[of] p1a: Bisharp
|
|t:|1769366876
|switch|p2a: Sinistcha|Sinistcha-Masterpiece|100/100|[from] Flip Turn
|move|p1a: Bisharp|Brick Break|p2a: Sinistcha
|-immune|p2a: Sinistcha
|
|upkeep
|turn|8
|
|t:|1769366894
|-terastallize|p2a: Sinistcha|Steel
|move|p1a: Bisharp|Assurance|p2a: Sinistcha
|-damage|p2a: Sinistcha|69/100
|move|p2a: Sinistcha|Stun Spore|p1a: Bisharp
|-status|p1a: Bisharp|par
|
|-heal|p2a: Sinistcha|75/100|[from] item: Leftovers
|upkeep
|turn|9
|
|t:|1769366904
|move|p2a: Sinistcha|Strength Sap|p1a: Bisharp
|-unboost|p1a: Bisharp|atk|1
|-ability|p1a: Bisharp|Defiant|boost
|-boost|p1a: Bisharp|atk|2
|-heal|p2a: Sinistcha|100/100
|cant|p1a: Bisharp|par
|
|upkeep
|turn|10
|
|t:|1769366920
|switch|p2a: Ninetales|Ninetales-Alola, M|100/100
|-weather|Snowscape|[from] ability: Snow Warning|[of] p2a: Ninetales
|move|p1a: Bisharp|Brick Break|p2a: Ninetales
|-damage|p2a: Ninetales|63/100
|
|-weather|Snowscape|[upkeep]
|upkeep
|turn|11
|
|t:|1769366929
|move|p2a: Ninetales|Aurora Veil|p2a: Ninetales
|-sidestart|p2: LeanDrinka|move: Aurora Veil
|move|p1a: Bisharp|Brick Break|p2a: Ninetales
|-sideend|p2: LeanDrinka|move: Aurora Veil
|-damage|p2a: Ninetales|25/100
|
|-weather|Snowscape|[upkeep]
|upkeep
|turn|12
|
|t:|1769366941
|switch|p2a: Great Tusk|Great Tusk|55/100 tox
|move|p1a: Bisharp|Iron Head|p2a: Great Tusk
|-damage|p2a: Great Tusk|4/100 tox
|
|-weather|Snowscape|[upkeep]
|-damage|p2a: Great Tusk|0 fnt|[from] psn
|faint|p2a: Great Tusk
|-end|p2a: Great Tusk|Protosynthesis|[silent]
|upkeep
|
|t:|1769366947
|switch|p2a: Chandelure|Chandelure, M|100/100
|turn|13
|
|t:|1769366953
|move|p1a: Bisharp|Sucker Punch|p2a: Chandelure
|-supereffective|p2a: Chandelure
|-damage|p2a: Chandelure|0 fnt
|faint|p2a: Chandelure
|
|-weather|Snowscape|[upkeep]
|upkeep
|
|t:|1769366956
|switch|p2a: Clefable|Clefable, F|100/100
|turn|14
|-message|LeanDrinka forfeited.
|
|win|KenjiShiguma
|raw|KenjiShiguma's rating: 1081 &rarr; <strong>1108</strong><br />(+27 for winning)
|raw|LeanDrinka's rating: 1071 &rarr; <strong>1051</strong><br />(-20 for losing)
|l|☆LeanDrinka
|player|p2|
|l|☆KenjiShiguma
|player|p1|
