|j|☆WeR#4Hay!
|j|☆Tumbletown
|t:|1769304182
|gametype|singles
|player|p1|WeR#4Hay!|265|1704
|player|p2|Tumbletown|hilda|1728
|gen|9
|tier|[Gen 9] OU
|rated|
|rule|HP Percentage Mod: HP is shown in percentages
|rule|Endless Battle Clause: Forcing endless battles is banned
|rule|Species Clause: Limit one of each Pokémon
|rule|OHKO Clause: OHKO moves are banned
|rule|Evasion Items Clause: Evasion items are banned
|rule|Evasion Moves Clause: Evasion moves are banned
|rule|Evasion Abilities Clause: Evasion abilities are banned
|rule|Sleep Moves Clause: Sleep-inducing moves are banned
|clearpoke
|poke|p1|Kyurem|
|poke|p1|Rillaboom, M|
|poke|p1|Great Tusk|
|poke|p1|Gholdengo|
|poke|p1|Slowking-Galar, M|
|poke|p1|Moltres|
|poke|p2|Barraskewda, M|
|poke|p2|Pelipper, F|
|poke|p2|Raging Bolt|
|poke|p2|Iron Treads|
|poke|p2|Zapdos|
|poke|p2|Indeedee, M|
|teampreview
|
|t:|1769304196
|teamsize|p1|6
|teamsize|p2|6
|start
|switch|p1a: Kyurem|Kyurem|100/100
|switch|p2a: Iron Treads|Iron Treads|100/100
|-ability|p1a: Kyurem|Pressure
|-item|p2a: Iron Treads|Air Balloon
|turn|1
|
|t:|1769304201
|switch|p1a: Great Tusk|Great Tusk|100/100
|move|p2a: Iron Treads|Knock Off|p1a: Great Tusk
|-resisted|p1a: Great Tusk
|-damage|p1a: Great Tusk|93/100
|-damage|p2a: Iron Treads|84/100|[from] item: Rocky Helmet|[of] p1a: Great Tusk
|-enditem|p1a: Great Tusk|Rocky Helmet|[from] move: Knock Off|[of] p2a: Iron Treads
|
|upkeep
|turn|2
|
|t:|1769304208
|-end|p2a: Iron Treads|Quark Drive|[silent]
|switch|p2a: Pelipper|Pelipper, F|100/100
|-weather|RainDance|[from] ability: Drizzle|[of] p2a: Pelipper
|move|p1a: Great Tusk|Stealth Rock|p2a: Pelipper
|-sidestart|p2: Tumbletown|move: Stealth Rock
|
|-weather|RainDance|[upkeep]
|upkeep
|turn|3
|
|t:|1769304212
|-end|p1a: Great Tusk|Protosynthesis|[silent]
|switch|p1a: Slowking|Slowking-Galar, M|100/100
|move|p2a: Pelipper|U-turn|p1a: Slowking
|-damage|p1a: Slowking|91/100
|
|t:|1769304215
|switch|p2a: Barraskewda|Barraskewda, M, shiny|100/100|[from] U-turn
|-damage|p2a: Barraskewda|88/100|[from] Stealth Rock
|
|-weather|RainDance|[upkeep]
|upkeep
|turn|4
|
|t:|1769304224
|switch|p1a: Kyurem|Kyurem|100/100
|-ability|p1a: Kyurem|Pressure
|move|p2a: Barraskewda|Flip Turn|p1a: Kyurem
|-resisted|p1a: Kyurem
|-damage|p1a: Kyurem|65/100
|
|t:|1769304229
|switch|p2a: Zapdos|Zapdos|100/100|[from] Flip Turn
|
|-weather|RainDance|[upkeep]
|-heal|p1a: Kyurem|71/100|[from] item: Leftovers
|upkeep
|turn|5
|
|t:|1769304233
|move|p1a: Kyurem|Protect|p1a: Kyurem
|-singleturn|p1a: Kyurem|Protect
|move|p2a: Zapdos|Hurricane|p1a: Kyurem
|-activate|p1a: Kyurem|move: Protect
|
|-weather|RainDance|[upkeep]
|-heal|p1a: Kyurem|77/100|[from] item: Leftovers
|upkeep
|turn|6
|
|t:|1769304236
|switch|p1a: Slowking|Slowking-Galar, M|100/100
|move|p2a: Zapdos|Hurricane|p1a: Slowking
|-damage|p1a: Slowking|69/100
|
|-weather|RainDance|[upkeep]
|upkeep
|turn|7
|
|t:|1769304245
|move|p2a: Zapdos|Hurricane|p1a: Slowking
|-crit|p1a: Slowking
|-damage|p1a: Slowking|17/100
|move|p1a: Slowking|Future Sight|p2a: Zapdos
|-start|p1a: Slowking|move: Future Sight
|
|-weather|RainDance|[upkeep]
|upkeep
|turn|8
|
|t:|1769304252
|switch|p1a: Gholdengo|Gholdengo|100/100
|move|p2a: Zapdos|Hurricane|p1a: Gholdengo
|-resisted|p1a: Gholdengo
|-damage|p1a: Gholdengo|71/100
|
|-weather|RainDance|[upkeep]
|upkeep
|turn|9
|
|t:|1769304284
|move|p1a: Gholdengo|Shadow Ball|p2a: Zapdos
|-damage|p2a: Zapdos|50/100
|move|p2a: Zapdos|Thunder|p1a: Gholdengo
|-damage|p1a: Gholdengo|8/100
|
|-weather|none
|-end|p2a: Zapdos|move: Future Sight
|-damage|p2a: Zapdos|0 fnt
|faint|p2a: Zapdos
|upkeep
|
|t:|1769304302
|switch|p2a: Barraskewda|Barraskewda, M, shiny|88/100
|-damage|p2a: Barraskewda|76/100|[from] Stealth Rock
|turn|10
|
|t:|1769304309
|switch|p1a: Kyurem|Kyurem|77/100
|-ability|p1a: Kyurem|Pressure
|switch|p2a: Indeedee|Indeedee, M|100/100
|-damage|p2a: Indeedee|88/100|[from] Stealth Rock
|-fieldstart|move: Psychic Terrain|[from] ability: Psychic Surge|[of] p2a: Indeedee
|
|-heal|p1a: Kyurem|83/100|[from] item: Leftovers
|upkeep
|turn|11
|
|t:|1769304315
|move|p1a: Kyurem|Protect|p1a: Kyurem
|-singleturn|p1a: Kyurem|Protect
|move|p2a: Indeedee|Expanding Force|p1a: Kyurem
|-activate|p1a: Kyurem|move: Protect
|
|-heal|p1a: Kyurem|90/100|[from] item: Leftovers
|upkeep
|turn|12
|
|t:|1769304323
|switch|p1a: Rillaboom|Rillaboom, M|100/100
|-fieldstart|move: Grassy Terrain|[from] ability: Grassy Surge|[of] p1a: Rillaboom
|move|p2a: Indeedee|Expanding Force|p1a: Rillaboom
|-damage|p1a: Rillaboom|54/100
|
|-heal|p2a: Indeedee|94/100|[from] Grassy Terrain
|-heal|p1a: Rillaboom|60/100|[from] Grassy Terrain
|upkeep
|turn|13
|
|t:|1769304334
|switch|p2a: Raging Bolt|Raging Bolt|100/100
|move|p1a: Rillaboom|Grassy Glide|p2a: Raging Bolt
|-resisted|p2a: Raging Bolt
|-damage|p2a: Raging Bolt|76/100
|
|-heal|p1a: Rillaboom|66/100|[from] Grassy Terrain
|-heal|p2a: Raging Bolt|83/100|[from] Grassy Terrain
|upkeep
|turn|14
|
|t:|1769304344
|switch|p1a: Slowking|Slowking-Galar, M|50/100
|move|p2a: Raging Bolt|Draco Meteor|p1a: Slowking
|-damage|p1a: Slowking|7/100
|-unboost|p2a: Raging Bolt|spa|2
|
|-heal|p2a: Raging Bolt|89/100|[from] Grassy Terrain
|-heal|p1a: Slowking|13/100|[from] Grassy Terrain
|upkeep
|turn|15
|
|t:|1769304354
|switch|p1a: Moltres|Moltres|100/100
|move|p2a: Raging Bolt|Thunderbolt|p1a: Moltres
|-supereffective|p1a: Moltres
|-damage|p1a: Moltres|40/100
|
|-heal|p2a: Raging Bolt|95/100|[from] Grassy Terrain
|upkeep
|turn|16
|
|t:|1769304363
|switch|p1a: Great Tusk|Great Tusk|93/100
|move|p2a: Raging Bolt|Thunderbolt|p1a: Great Tusk
|-immune|p1a: Great Tusk
|
|-heal|p1a: Great Tusk|99/100|[from] Grassy Terrain
|-heal|p2a: Raging Bolt|100/100|[from] Grassy Terrain
|-fieldend|move: Grassy Terrain
|upkeep
|turn|17
|
|t:|1769304368
|-end|p2a: Raging Bolt|Protosynthesis|[silent]
|switch|p2a: Pelipper|Pelipper, F|100/100
|-damage|p2a: Pelipper|76/100|[from] Stealth Rock
|-weather|RainDance|[from] ability: Drizzle|[of] p2a: Pelipper
|move|p1a: Great Tusk|Ice Spinner|p2a: Pelipper
|-damage|p2a: Pelipper|57/100
|
|-weather|RainDance|[upkeep]
|upkeep
|turn|18
|
|t:|1769304374
|-end|p1a: Great Tusk|Protosynthesis|[silent]
|switch|p1a: Kyurem|Kyurem|90/100
|-ability|p1a: Kyurem|Pressure
|move|p2a: Pelipper|U-turn|p1a: Kyurem
|-damage|p1a: Kyurem|81/100
|
|t:|1769304381
|switch|p2a: Indeedee|Indeedee, M|94/100|[from] U-turn
|-damage|p2a: Indeedee|82/100|[from] Stealth Rock
|-fieldstart|move: Psychic Terrain|[from] ability: Psychic Surge|[of] p2a: Indeedee
|
|-weather|RainDance|[upkeep]
|-heal|p1a: Kyurem|87/100|[from] item: Leftovers
|upkeep
|turn|19
|
|t:|1769304395
|move|p1a: Kyurem|Protect|p1a: Kyurem
|-singleturn|p1a: Kyurem|Protect
|move|p2a: Indeedee|Expanding Force|p1a: Kyurem
|-activate|p1a: Kyurem|move: Protect
|
|-weather|RainDance|[upkeep]
|-heal|p1a: Kyurem|93/100|[from] item: Leftovers
|upkeep
|turn|20
|
|t:|1769304401
|switch|p1a: Moltres|Moltres|40/100
|move|p2a: Indeedee|Expanding Force|p1a: Moltres
|-damage|p1a: Moltres|0 fnt
|faint|p1a: Moltres
|
|-weather|RainDance|[upkeep]
|upkeep
|
|t:|1769304403
|switch|p1a: Rillaboom|Rillaboom, M|66/100
|-fieldstart|move: Grassy Terrain|[from] ability: Grassy Surge|[of] p1a: Rillaboom
|turn|21
|
|t:|1769304416
|switch|p2a: Raging Bolt|Raging Bolt|100/100
|move|p1a: Rillaboom|U-turn|p2a: Raging Bolt
|-damage|p2a: Raging Bolt|67/100
|
|t:|1769304425
|switch|p1a: Slowking|Slowking-Galar, M|47/100|[from] U-turn
|
|-weather|RainDance|[upkeep]
|-heal|p2a: Raging Bolt|73/100|[from] Grassy Terrain
|-heal|p1a: Slowking|53/100|[from] Grassy Terrain
|upkeep
|turn|22
|j| Benzenebro
|l| Benzenebro
|j| Benzenebro
|
|t:|1769304440
|move|p2a: Raging Bolt|Draco Meteor|p1a: Slowking
|-damage|p1a: Slowking|7/100
|-unboost|p2a: Raging Bolt|spa|2
|move|p1a: Slowking|Future Sight|p2a: Raging Bolt
|-start|p1a: Slowking|move: Future Sight
|
|-weather|RainDance|[upkeep]
|-heal|p2a: Raging Bolt|79/100|[from] Grassy Terrain
|-heal|p1a: Slowking|13/100|[from] Grassy Terrain
|upkeep
|turn|23
|
|t:|1769304445
|switch|p1a: Great Tusk|Great Tusk|99/100
|move|p2a: Raging Bolt|Draco Meteor|p1a: Great Tusk
|-damage|p1a: Great Tusk|47/100
|-unboost|p2a: Raging Bolt|spa|2
|
|-weather|RainDance|[upkeep]
|-heal|p1a: Great Tusk|53/100|[from] Grassy Terrain
|-heal|p2a: Raging Bolt|85/100|[from] Grassy Terrain
|upkeep
|turn|24
|
|t:|1769304451
|-end|p2a: Raging Bolt|Protosynthesis|[silent]
|switch|p2a: Iron Treads|Iron Treads|84/100
|-damage|p2a: Iron Treads|81/100|[from] Stealth Rock
|-item|p2a: Iron Treads|Air Balloon
|move|p1a: Great Tusk|Ice Spinner|p2a: Iron Treads
|-crit|p2a: Iron Treads
|-damage|p2a: Iron Treads|54/100
|-enditem|p2a: Iron Treads|Air Balloon
|-fieldend|move: Grassy Terrain
|
|-weather|none
|-end|p2a: Iron Treads|move: Future Sight
|-resisted|p2a: Iron Treads
|-damage|p2a: Iron Treads|35/100
|upkeep
|turn|25
|
|t:|1769304465
|move|p1a: Great Tusk|Headlong Rush|p2a: Iron Treads
|-supereffective|p2a: Iron Treads
|-damage|p2a: Iron Treads|0 fnt
|-unboost|p1a: Great Tusk|def|1
|-unboost|p1a: Great Tusk|spd|1
|faint|p2a: Iron Treads
|-end|p2a: Iron Treads|Quark Drive|[silent]
|
|upkeep
|
|t:|1769304471
|switch|p2a: Barraskewda|Barraskewda, M, shiny|76/100
|-damage|p2a: Barraskewda|64/100|[from] Stealth Rock
|turn|26
|
|t:|1769304482
|-end|p1a: Great Tusk|Protosynthesis|[silent]
|switch|p1a: Kyurem|Kyurem|93/100
|-ability|p1a: Kyurem|Pressure
|move|p2a: Barraskewda|Flip Turn|p1a: Kyurem
|-resisted|p1a: Kyurem
|-damage|p1a: Kyurem|70/100
|
|t:|1769304488
|switch|p2a: Indeedee|Indeedee, M|82/100|[from] Flip Turn
|-damage|p2a: Indeedee|70/100|[from] Stealth Rock
|-fieldstart|move: Psychic Terrain|[from] ability: Psychic Surge|[of] p2a: Indeedee
|
|-heal|p1a: Kyurem|76/100|[from] item: Leftovers
|upkeep
|turn|27
|
|t:|1769304509
|-terastallize|p2a: Indeedee|Psychic
|move|p1a: Kyurem|Protect|p1a: Kyurem
|-singleturn|p1a: Kyurem|Protect
|move|p2a: Indeedee|Expanding Force|p1a: Kyurem
|-activate|p1a: Kyurem|move: Protect
|
|-heal|p1a: Kyurem|83/100|[from] item: Leftovers
|upkeep
|turn|28
|
|t:|1769304552
|move|p2a: Indeedee|Expanding Force|p1a: Kyurem
|-damage|p1a: Kyurem|0 fnt
|faint|p1a: Kyurem
|
|upkeep
|
|t:|1769304617
|switch|p1a: Rillaboom|Rillaboom, M|66/100
|-fieldstart|move: Grassy Terrain|[from] ability: Grassy Surge|[of] p1a: Rillaboom
|turn|29
|
|t:|1769304638
|switch|p2a: Pelipper|Pelipper, F|57/100
|-damage|p2a: Pelipper|32/100|[from] Stealth Rock
|-weather|RainDance|[from] ability: Drizzle|[of] p2a: Pelipper
|move|p1a: Rillaboom|Grassy Glide|p2a: Pelipper
|-damage|p2a: Pelipper|0 fnt
|faint|p2a: Pelipper
|
|-weather|RainDance|[upkeep]
|-heal|p1a: Rillaboom|72/100|[from] Grassy Terrain
|upkeep
|
|t:|1769304654
|switch|p2a: Indeedee|Indeedee, M, tera:Psychic|70/100
|-damage|p2a: Indeedee|58/100|[from] Stealth Rock
|-fieldstart|move: Psychic Terrain|[from] ability: Psychic Surge|[of] p2a: Indeedee
|turn|30
|
|t:|1769304702
|switch|p1a: Gholdengo|Gholdengo|8/100
|move|p2a: Indeedee|Expanding Force|p1a: Gholdengo
|-resisted|p1a: Gholdengo
|-damage|p1a: Gholdengo|0 fnt
|faint|p1a: Gholdengo
|
|-weather|RainDance|[upkeep]
|upkeep
|
|t:|1769304704
|switch|p1a: Rillaboom|Rillaboom, M|72/100
|-fieldstart|move: Grassy Terrain|[from] ability: Grassy Surge|[of] p1a: Rillaboom
|turn|31
|
|t:|1769304722
|switch|p2a: Raging Bolt|Raging Bolt|85/100
|move|p1a: Rillaboom|U-turn|p2a: Raging Bolt
|-damage|p2a: Raging Bolt|55/100
|
|t:|1769304724
|switch|p1a: Great Tusk|Great Tusk|53/100|[from] U-turn
|
|-weather|RainDance|[upkeep]
|-heal|p1a: Great Tusk|59/100|[from] Grassy Terrain
|-heal|p2a: Raging Bolt|61/100|[from] Grassy Terrain
|upkeep
|turn|32
|
|t:|1769304732
|-end|p2a: Raging Bolt|Protosynthesis|[silent]
|switch|p2a: Barraskewda|Barraskewda, M, shiny|64/100
|-damage|p2a: Barraskewda|52/100|[from] Stealth Rock
|move|p1a: Great Tusk|Headlong Rush|p2a: Barraskewda
|-damage|p2a: Barraskewda|0 fnt
|-unboost|p1a: Great Tusk|def|1
|-unboost|p1a: Great Tusk|spd|1
|faint|p2a: Barraskewda
|
|-weather|RainDance|[upkeep]
|-heal|p1a: Great Tusk|65/100|[from] Grassy Terrain
|upkeep
|j| guanidoo
|
|t:|1769304734
|switch|p2a: Indeedee|Indeedee, M, tera:Psychic|58/100
|-damage|p2a: Indeedee|45/100|[from] Stealth Rock
|-fieldstart|move: Psychic Terrain|[from] ability: Psychic Surge|[of] p2a: Indeedee
|turn|33
|
|t:|1769304741
|-end|p1a: Great Tusk|Protosynthesis|[silent]
|switch|p1a: Slowking|Slowking-Galar, M|46/100
|move|p2a: Indeedee|Expanding Force|p1a: Slowking
|-damage|p1a: Slowking|0 fnt
|faint|p1a: Slowking
|
|-weather|RainDance|[upkeep]
|upkeep
|
|t:|1769304745
|switch|p1a: Rillaboom|Rillaboom, M|72/100
|-fieldstart|move: Grassy Terrain|[from] ability: Grassy Surge|[of] p1a: Rillaboom
|turn|34
|
|t:|1769304757
|move|p2a: Indeedee|Expanding Force|p1a: Rillaboom
|-damage|p1a: Rillaboom|6/100
|move|p1a: Rillaboom|U-turn|p2a: Indeedee
|-supereffective|p2a: Indeedee
|-damage|p2a: Indeedee|0 fnt
|faint|p2a: Indeedee
|
|t:|1769304761
|switch|p1a: Great Tusk|Great Tusk|65/100|[from] U-turn
|
|-weather|RainDance|[upkeep]
|-heal|p1a: Great Tusk|72/100|[from] Grassy Terrain
|upkeep
|
|t:|1769304763
|switch|p2a: Raging Bolt|Raging Bolt|61/100
|turn|35
|
|t:|1769304771
|move|p1a: Great Tusk|Headlong Rush|p2a: Raging Bolt
|-supereffective|p2a: Raging Bolt
|-damage|p2a: Raging Bolt|0 fnt
|-unboost|p1a: Great Tusk|def|1
|-unboost|p1a: Great Tusk|spd|1
|faint|p2a: Raging Bolt
|-end|p2a: Raging Bolt|Protosynthesis|[silent]
|
|win|WeR#4Hay!
|raw|WeR#4Hay!'s rating: 1704 &rarr; <strong>1725</strong><br />(+21 for winning)
|raw|Tumbletown's rating: 1728 &rarr; <strong>1707</strong><br />(-21 for losing)
|c|☆WeR#4Hay!|gg
|c|☆Tumbletown|Gg
|l|☆Tumbletown
|player|p2|
|l| Benzenebro
