|j|☆Scrubby009
|j|☆Alerjake
|t:|1769314455
|gametype|singles
|player|p1|Scrubby009|ethan|1517
|player|p2|Alerjake|1|1530
|gen|9
|tier|[Gen 9] OU
|rated|
|rule|HP Percentage Mod: HP is shown in percentages
|rule|Endless Battle Clause: Forcing endless battles is banned
|rule|Species Clause: Limit one of each Pokémon
|rule|OHKO Clause: OHKO moves are banned
|rule|Evasion Items Clause: Evasion items are banned
|rule|Evasion Moves Clause: Evasion moves are banned
|rule|Evasion Abilities Clause: Evasion abilities are banned
|rule|Sleep Moves Clause: Sleep-inducing moves are banned
|clearpoke
|poke|p1|Slowking-Galar, M|
|poke|p1|Kingambit, M|
|poke|p1|Ogerpon, F|
|poke|p1|Enamorus, F|
|poke|p1|Great Tusk|
|poke|p1|Primarina, M|
|poke|p2|Ceruledge, M|
|poke|p2|Ninetales-Alola, F|
|poke|p2|Raging Bolt|
|poke|p2|Iron Crown|
|poke|p2|Hydreigon, F|
|poke|p2|Iron Treads|
|teampreview
|inactive|Battle timer is ON: inactive players will automatically lose when time's up. (requested by Alerjake)
|c|☆Scrubby009|glhf
|
|t:|1769314482
|teamsize|p1|6
|teamsize|p2|6
|start
|switch|p1a: Slo-g Chillionaire|Slowking-Galar, M|100/100
|switch|p2a: Ninetales|Ninetales-Alola, F|100/100
|-weather|Snowscape|[from] ability: Snow Warning|[of] p2a: Ninetales
|turn|1
|
|t:|1769314487
|move|p2a: Ninetales|Aurora Veil|p2a: Ninetales
|-sidestart|p2: Alerjake|move: Aurora Veil
|move|p1a: Slo-g Chillionaire|Sludge Bomb|p2a: Ninetales
|-supereffective|p2a: Ninetales
|-damage|p2a: Ninetales|66/100
|-status|p2a: Ninetales|psn
|
|-weather|Snowscape|[upkeep]
|-damage|p2a: Ninetales|54/100 psn|[from] psn
|upkeep
|turn|2
|
|t:|1769314505
|switch|p2a: Iron Crown|Iron Crown|100/100
|-enditem|p2a: Iron Crown|Booster Energy
|-activate|p2a: Iron Crown|ability: Quark Drive|[fromitem]
|-start|p2a: Iron Crown|quarkdrivespe
|move|p1a: Slo-g Chillionaire|Flamethrower|p2a: Iron Crown
|-supereffective|p2a: Iron Crown
|-damage|p2a: Iron Crown|81/100
|
|-weather|Snowscape|[upkeep]
|upkeep
|turn|3
|
|t:|1769314518
|move|p2a: Iron Crown|Calm Mind|p2a: Iron Crown
|-boost|p2a: Iron Crown|spa|1
|-boost|p2a: Iron Crown|spd|1
|move|p1a: Slo-g Chillionaire|Flamethrower|p2a: Iron Crown
|-supereffective|p2a: Iron Crown
|-damage|p2a: Iron Crown|67/100
|
|-weather|Snowscape|[upkeep]
|upkeep
|turn|4
|
|t:|1769314541
|move|p2a: Iron Crown|Psyshock|p1a: Slo-g Chillionaire
|-damage|p1a: Slo-g Chillionaire|57/100
|move|p1a: Slo-g Chillionaire|Flamethrower|p2a: Iron Crown
|-supereffective|p2a: Iron Crown
|-damage|p2a: Iron Crown|53/100
|
|-weather|Snowscape|[upkeep]
|upkeep
|turn|5
|
|t:|1769314550
|switch|p1a: Sam I Ain't|Enamorus, F|100/100
|move|p2a: Iron Crown|Tachyon Cutter|p1a: Sam I Ain't
|-supereffective|p1a: Sam I Ain't
|-damage|p1a: Sam I Ain't|0 fnt
|faint|p1a: Sam I Ain't
|-hitcount|p1: Sam I Ain't|1
|
|-weather|none
|upkeep
|
|t:|1769314558
|switch|p1a: Kowboy Bebop|Kingambit, M|100/100
|-activate|p1a: Kowboy Bebop|ability: Supreme Overlord
|-start|p1a: Kowboy Bebop|fallen1|[silent]
|turn|6
|
|t:|1769314575
|move|p2a: Iron Crown|Focus Blast|p1a: Kowboy Bebop
|-supereffective|p1a: Kowboy Bebop
|-damage|p1a: Kowboy Bebop|0 fnt
|faint|p1a: Kowboy Bebop
|-end|p1a: Kowboy Bebop|fallen1|[silent]
|
|upkeep
|l|☆Scrubby009
|inactive|Scrubby009 disconnected and has a minute to reconnect!
|player|p1|
|inactive|Scrubby009 has 30 seconds to reconnect!
|inactive|Scrubby009 has 20 seconds to reconnect!
|inactive|Scrubby009 has 15 seconds to reconnect!
|inactive|Scrubby009 has 10 seconds to reconnect!
|inactive|Scrubby009 has 5 seconds to reconnect!
|-message|Scrubby009 lost due to inactivity.
|
|win|Alerjake
|raw|Scrubby009's rating: 1517 &rarr; <strong>1498</strong><br />(-19 for losing)
|raw|Alerjake's rating: 1530 &rarr; <strong>1549</strong><br />(+19 for winning)
