|j|☆holahalo
|j|☆kingofdondons
|t:|1769418453
|gametype|singles
|player|p1|holahalo|depotagent|1421
|player|p2|kingofdondons|skyla|1532
|gen|9
|tier|[Gen 9] OU
|rated|
|rule|HP Percentage Mod: HP is shown in percentages
|rule|Endless Battle Clause: Forcing endless battles is banned
|rule|Species Clause: Limit one of each Pokémon
|rule|OHKO Clause: OHKO moves are banned
|rule|Evasion Items Clause: Evasion items are banned
|rule|Evasion Moves Clause: Evasion moves are banned
|rule|Evasion Abilities Clause: Evasion abilities are banned
|rule|Sleep Moves Clause: Sleep-inducing moves are banned
|clearpoke
|poke|p1|Ogerpon-Wellspring, F|
|poke|p1|Cloyster, F|
|poke|p1|Ninetales-Alola, F|
|poke|p1|Polteageist|
|poke|p1|Iron Treads|
|poke|p1|Dragonite, F|
|poke|p2|Deoxys-Speed|
|poke|p2|Ceruledge, M|
|poke|p2|Zamazenta-*|
|poke|p2|Ogerpon-Wellspring, F|
|poke|p2|Glimmora, F|
|poke|p2|Moltres-Galar|
|teampreview
|inactive|Battle timer is ON: inactive players will automatically lose when time's up. (requested by kingofdondons)
|
|t:|1769418463
|teamsize|p1|6
|teamsize|p2|6
|start
|switch|p1a: Ninetales|Ninetales-Alola, F|100/100
|switch|p2a: Deoxys|Deoxys-Speed|100/100
|-ability|p2a: Deoxys|Pressure
|-weather|Snowscape|[from] ability: Snow Warning|[of] p1a: Ninetales
|turn|1
|
|t:|1769418480
|move|p2a: Deoxys|Light Screen|p2a: Deoxys
|-sidestart|p2: kingofdondons|move: Light Screen
|move|p1a: Ninetales|Encore|p2a: Deoxys
|-start|p2a: Deoxys|Encore
|
|-weather|Snowscape|[upkeep]
|upkeep
|turn|2
|
|t:|1769418485
|switch|p2a: Ceruledge|Ceruledge, M|100/100
|move|p1a: Ninetales|Aurora Veil|p1a: Ninetales
|-sidestart|p1: holahalo|move: Aurora Veil
|
|-weather|Snowscape|[upkeep]
|upkeep
|turn|3
|
|t:|1769418504
|switch|p1a: Cloyster|Cloyster, F|100/100
|move|p2a: Ceruledge|Bitter Blade|p1a: Cloyster
|-damage|p1a: Cloyster|83/100
|-damage|p2a: Ceruledge|91/100|[from] item: Life Orb
|
|-weather|Snowscape|[upkeep]
|upkeep
|turn|4
|
|t:|1769418516
|switch|p2a: Zamazenta|Zamazenta|100/100
|-ability|p2a: Zamazenta|Dauntless Shield|boost
|-boost|p2a: Zamazenta|def|1
|move|p1a: Cloyster|Shell Smash|p1a: Cloyster
|-unboost|p1a: Cloyster|def|1
|-unboost|p1a: Cloyster|spd|1
|-boost|p1a: Cloyster|atk|2
|-boost|p1a: Cloyster|spa|2
|-boost|p1a: Cloyster|spe|2
|
|-weather|Snowscape|[upkeep]
|upkeep
|turn|5
|inactive|holahalo has 120 seconds left.
|
|t:|1769418543
|move|p1a: Cloyster|Icicle Spear|p2a: Zamazenta
|-damage|p2a: Zamazenta|86/100
|-damage|p2a: Zamazenta|72/100
|-damage|p2a: Zamazenta|58/100
|-damage|p2a: Zamazenta|44/100
|-damage|p2a: Zamazenta|31/100
|-hitcount|p2a: Zamazenta|5
|move|p2a: Zamazenta|Body Press|p1a: Cloyster
|-supereffective|p1a: Cloyster
|-damage|p1a: Cloyster|39/100
|
|-weather|none
|-heal|p2a: Zamazenta|37/100|[from] item: Leftovers
|upkeep
|turn|6
|
|t:|1769418548
|move|p1a: Cloyster|Icicle Spear|p2a: Zamazenta
|-damage|p2a: Zamazenta|21/100
|-damage|p2a: Zamazenta|8/100
|-damage|p2a: Zamazenta|0 fnt
|faint|p2a: Zamazenta
|-hitcount|p2: Zamazenta|3
|
|upkeep
|
|t:|1769418561
|switch|p2a: Deoxys|Deoxys-Speed|100/100
|-ability|p2a: Deoxys|Pressure
|turn|7
|
|t:|1769418567
|move|p2a: Deoxys|Psycho Boost|p1a: Cloyster
|-damage|p1a: Cloyster|0 fnt
|-unboost|p2a: Deoxys|spa|2
|faint|p1a: Cloyster
|
|upkeep
|inactive|holahalo has 120 seconds left.
|
|t:|1769418600
|switch|p1a: Ogerpon|Ogerpon-Wellspring, F|100/100
|turn|8
|
|t:|1769418607
|switch|p2a: Glimmora|Glimmora, F|100/100
|move|p1a: Ogerpon|Swords Dance|p1a: Ogerpon
|-boost|p1a: Ogerpon|atk|2
|
|-sideend|p2: kingofdondons|move: Light Screen
|upkeep
|turn|9
|
|t:|1769418611
|move|p1a: Ogerpon|Ivy Cudgel|p2a: Glimmora|[anim] Ivy Cudgel Water
|-supereffective|p2a: Glimmora
|-damage|p2a: Glimmora|0 fnt
|-activate|p2a: Glimmora|ability: Toxic Debris
|-sidestart|p1: holahalo|move: Toxic Spikes
|faint|p2a: Glimmora
|
|-sideend|p1: holahalo|move: Aurora Veil
|upkeep
|
|t:|1769418619
|switch|p2a: Deoxys|Deoxys-Speed|100/100
|-ability|p2a: Deoxys|Pressure
|turn|10
|
|t:|1769418631
|move|p2a: Deoxys|Reflect|p2a: Deoxys
|-sidestart|p2: kingofdondons|Reflect
|move|p1a: Ogerpon|Ivy Cudgel|p2a: Deoxys|[anim] Ivy Cudgel Water
|-crit|p2a: Deoxys
|-damage|p2a: Deoxys|0 fnt
|faint|p2a: Deoxys
|
|upkeep
|inactive|kingofdondons has 120 seconds left.
|inactive|kingofdondons has 90 seconds left.
|
|t:|1769418696
|switch|p2a: Moltres|Moltres-Galar|100/100
|turn|11
|
|t:|1769418702
|move|p1a: Ogerpon|Play Rough|p2a: Moltres
|-supereffective|p2a: Moltres
|-damage|p2a: Moltres|20/100
|-ability|p2a: Moltres|Berserk|boost
|-boost|p2a: Moltres|spa|1
|-enditem|p2a: Moltres|Sitrus Berry|[eat]
|-heal|p2a: Moltres|45/100|[from] item: Sitrus Berry
|move|p2a: Moltres|Agility|p2a: Moltres
|-boost|p2a: Moltres|spe|2
|
|upkeep
|turn|12
|
|t:|1769418725
|move|p2a: Moltres|Fiery Wrath|p1a: Ogerpon
|-damage|p1a: Ogerpon|30/100
|move|p1a: Ogerpon|Ivy Cudgel|p2a: Moltres|[anim] Ivy Cudgel Water
|-crit|p2a: Moltres
|-damage|p2a: Moltres|0 fnt
|faint|p2a: Moltres
|
|upkeep
|
|t:|1769418728
|switch|p2a: Ogerpon|Ogerpon-Wellspring, F|100/100
|turn|13
|
|t:|1769418734
|move|p1a: Ogerpon|Power Whip|p2a: Ogerpon
|-damage|p2a: Ogerpon|11/100
|move|p2a: Ogerpon|Horn Leech|p1a: Ogerpon
|-damage|p1a: Ogerpon|0 fnt
|-heal|p2a: Ogerpon|26/100|[from] drain|[of] p1a: Ogerpon
|faint|p1a: Ogerpon
|
|upkeep
|-message|kingofdondons forfeited.
|
|win|holahalo
|raw|holahalo's rating: 1421 &rarr; <strong>1447</strong><br />(+26 for winning)
|raw|kingofdondons's rating: 1532 &rarr; <strong>1506</strong><br />(-26 for losing)
|l|☆kingofdondons
|player|p2|
|l|☆holahalo
|player|p1|
