|j|☆jsxlllll
|j|☆Pig Perfect
|t:|1769440430
|gametype|singles
|player|p1|jsxlllll|cynthia-gen4|1529
|player|p2|Pig Perfect|workerice|1537
|gen|9
|tier|[Gen 9] OU
|rated|
|rule|HP Percentage Mod: HP is shown in percentages
|rule|Endless Battle Clause: Forcing endless battles is banned
|rule|Species Clause: Limit one of each Pokémon
|rule|OHKO Clause: OHKO moves are banned
|rule|Evasion Items Clause: Evasion items are banned
|rule|Evasion Moves Clause: Evasion moves are banned
|rule|Evasion Abilities Clause: Evasion abilities are banned
|rule|Sleep Moves Clause: Sleep-inducing moves are banned
|clearpoke
|poke|p1|Sandy Shocks|
|poke|p1|Scizor, M|
|poke|p1|Manaphy|
|poke|p1|Latios, M|
|poke|p1|Ogerpon, F|
|poke|p1|Iron Jugulis|
|poke|p2|Cresselia, F|
|poke|p2|Great Tusk|
|poke|p2|Heatran, F|
|poke|p2|Raging Bolt|
|poke|p2|Torkoal, M|
|poke|p2|Walking Wake|
|teampreview
|
|t:|1769440444
|teamsize|p1|6
|teamsize|p2|6
|start
|switch|p1a: Sandy Shocks|Sandy Shocks|100/100
|switch|p2a: Torkoal|Torkoal, M|100/100
|-weather|SunnyDay|[from] ability: Drought|[of] p2a: Torkoal
|-activate|p1a: Sandy Shocks|ability: Protosynthesis
|-start|p1a: Sandy Shocks|protosynthesisspe
|turn|1
|
|t:|1769440456
|switch|p2a: Cresselia|Cresselia, F|100/100
|move|p1a: Sandy Shocks|Earth Power|p2a: Cresselia
|-immune|p2a: Cresselia|[from] ability: Levitate
|
|-weather|SunnyDay|[upkeep]
|upkeep
|turn|2
|
|t:|1769440460
|move|p1a: Sandy Shocks|Stealth Rock|p2a: Cresselia
|-sidestart|p2: Pig Perfect|move: Stealth Rock
|move|p2a: Cresselia|Ice Beam|p1a: Sandy Shocks
|-supereffective|p1a: Sandy Shocks
|-damage|p1a: Sandy Shocks|59/100
|
|-weather|SunnyDay|[upkeep]
|upkeep
|turn|3
|
|t:|1769440473
|move|p1a: Sandy Shocks|Spikes|p2a: Cresselia
|-sidestart|p2: Pig Perfect|Spikes
|move|p2a: Cresselia|Ice Beam|p1a: Sandy Shocks
|-supereffective|p1a: Sandy Shocks
|-damage|p1a: Sandy Shocks|22/100
|
|-weather|SunnyDay|[upkeep]
|upkeep
|turn|4
|
|t:|1769440484
|move|p1a: Sandy Shocks|Spikes|p2a: Cresselia
|-sidestart|p2: Pig Perfect|Spikes
|move|p2a: Cresselia|Ice Beam|p1a: Sandy Shocks
|-supereffective|p1a: Sandy Shocks
|-damage|p1a: Sandy Shocks|0 fnt
|faint|p1a: Sandy Shocks
|-end|p1a: Sandy Shocks|Protosynthesis|[silent]
|
|-weather|SunnyDay|[upkeep]
|upkeep
|
|t:|1769440502
|switch|p1a: Latios|Latios, M|100/100
|turn|5
|
|t:|1769440508
|move|p1a: Latios|Calm Mind|p1a: Latios
|-boost|p1a: Latios|spa|1
|-boost|p1a: Latios|spd|1
|move|p2a: Cresselia|Thunder Wave|p1a: Latios
|-status|p1a: Latios|par
|
|-weather|SunnyDay|[upkeep]
|upkeep
|turn|6
|
|t:|1769440515
|switch|p2a: Heatran|Heatran, F|100/100
|-damage|p2a: Heatran|88/100|[from] Stealth Rock
|-damage|p2a: Heatran|71/100|[from] Spikes
|cant|p1a: Latios|par
|
|-weather|SunnyDay|[upkeep]
|-heal|p2a: Heatran|78/100|[from] item: Leftovers
|upkeep
|turn|7
|
|t:|1769440521
|move|p2a: Heatran|Taunt|p1a: Latios
|-start|p1a: Latios|move: Taunt
|cant|p1a: Latios|move: Taunt|Calm Mind
|
|-weather|SunnyDay|[upkeep]
|-heal|p2a: Heatran|84/100|[from] item: Leftovers
|upkeep
|turn|8
|
|t:|1769440525
|move|p2a: Heatran|Magma Storm|p1a: Latios|[miss]
|-miss|p2a: Heatran|p1a: Latios
|cant|p1a: Latios|par
|
|-weather|none
|-heal|p2a: Heatran|90/100|[from] item: Leftovers
|upkeep
|turn|9
|
|t:|1769440528
|move|p2a: Heatran|Magma Storm|p1a: Latios|[miss]
|-miss|p2a: Heatran|p1a: Latios
|cant|p1a: Latios|par
|
|-heal|p2a: Heatran|96/100|[from] item: Leftovers
|-end|p1a: Latios|move: Taunt
|upkeep
|turn|10
|
|t:|1769440543
|switch|p2a: Great Tusk|Great Tusk|100/100
|-damage|p2a: Great Tusk|97/100|[from] Stealth Rock
|-damage|p2a: Great Tusk|81/100|[from] Spikes
|cant|p1a: Latios|par
|
|upkeep
|turn|11
|
|t:|1769440561
|move|p2a: Great Tusk|Rapid Spin|p1a: Latios
|-damage|p1a: Latios|87/100 par
|-boost|p2a: Great Tusk|spe|1
|-sideend|p2: Pig Perfect|Spikes|[from] move: Rapid Spin|[of] p2a: Great Tusk
|-sideend|p2: Pig Perfect|Stealth Rock|[from] move: Rapid Spin|[of] p2a: Great Tusk
|cant|p1a: Latios|par
|
|upkeep
|turn|12
|c|☆jsxlllll|what？
|c|☆Pig Perfect|I’m waiting
|
|t:|1769440590
|-end|p2a: Great Tusk|Protosynthesis|[silent]
|switch|p2a: Torkoal|Torkoal, M|100/100
|-weather|SunnyDay|[from] ability: Drought|[of] p2a: Torkoal
|cant|p1a: Latios|par
|
|-weather|SunnyDay|[upkeep]
|upkeep
|turn|13
|c|☆jsxlllll|？
|c|☆Pig Perfect|BROOOO
|c|☆jsxlllll|wdf
|
|t:|1769440615
|cant|p1a: Latios|par
|move|p2a: Torkoal|Clear Smog|p1a: Latios
|-damage|p1a: Latios|81/100 par
|-clearboost|p1a: Latios
|
|-weather|SunnyDay|[upkeep]
|upkeep
|turn|14
|c|☆jsxlllll|wow
|c|☆Pig Perfect|I’m dying laughing
|
|t:|1769440639
|move|p1a: Latios|Calm Mind|p1a: Latios
|-boost|p1a: Latios|spa|1
|-boost|p1a: Latios|spd|1
|move|p2a: Torkoal|Stealth Rock|p1a: Latios
|-sidestart|p1: jsxlllll|move: Stealth Rock
|
|-weather|SunnyDay|[upkeep]
|upkeep
|turn|15
|
|t:|1769440646
|move|p1a: Latios|Agility|p1a: Latios
|-boost|p1a: Latios|spe|2
|move|p2a: Torkoal|Clear Smog|p1a: Latios
|-damage|p1a: Latios|75/100 par
|-clearboost|p1a: Latios
|
|-weather|SunnyDay|[upkeep]
|upkeep
|turn|16
|
|t:|1769440656
|cant|p1a: Latios|par
|move|p2a: Torkoal|Clear Smog|p1a: Latios
|-damage|p1a: Latios|66/100 par
|-clearboost|p1a: Latios
|
|-weather|SunnyDay|[upkeep]
|upkeep
|turn|17
|
|t:|1769440660
|cant|p1a: Latios|par
|move|p2a: Torkoal|Clear Smog|p1a: Latios
|-damage|p1a: Latios|57/100 par
|-clearboost|p1a: Latios
|
|-weather|SunnyDay|[upkeep]
|upkeep
|turn|18
|
|t:|1769440664
|switch|p2a: Heatran|Heatran, F|96/100
|cant|p1a: Latios|par
|
|-weather|SunnyDay|[upkeep]
|-heal|p2a: Heatran|100/100|[from] item: Leftovers
|upkeep
|turn|19
|c|☆jsxlllll|？
|
|t:|1769440675
|move|p2a: Heatran|Magma Storm|p1a: Latios
|-resisted|p1a: Latios
|-damage|p1a: Latios|24/100 par
|-activate|p1a: Latios|move: Magma Storm|[of] p2a: Heatran
|move|p1a: Latios|Aura Sphere|p2a: Heatran
|-supereffective|p2a: Heatran
|-damage|p2a: Heatran|49/100
|
|-weather|none
|-heal|p2a: Heatran|56/100|[from] item: Leftovers
|-damage|p1a: Latios|12/100 par|[from] move: Magma Storm|[partiallytrapped]
|upkeep
|turn|20
|
|t:|1769440686
|move|p2a: Heatran|Substitute|p2a: Heatran
|-start|p2a: Heatran|Substitute
|-damage|p2a: Heatran|31/100
|cant|p1a: Latios|par
|
|-heal|p2a: Heatran|37/100|[from] item: Leftovers
|-damage|p1a: Latios|0 fnt|[from] move: Magma Storm|[partiallytrapped]
|faint|p1a: Latios
|upkeep
|c|☆jsxlllll|shit
|
|t:|1769440702
|switch|p1a: Manaphy|Manaphy|100/100
|-damage|p1a: Manaphy|88/100|[from] Stealth Rock
|turn|21
|c|☆Pig Perfect|25% chance*
|
|t:|1769440714
|move|p1a: Manaphy|Surf|p2a: Heatran
|-supereffective|p2a: Heatran
|-end|p2a: Heatran|Substitute
|move|p2a: Heatran|Taunt|p1a: Manaphy
|-start|p1a: Manaphy|move: Taunt
|
|-heal|p2a: Heatran|43/100|[from] item: Leftovers
|upkeep
|turn|22
|
|t:|1769440718
|switch|p2a: Walking Wake|Walking Wake|100/100
|move|p1a: Manaphy|Surf|p2a: Walking Wake
|-resisted|p2a: Walking Wake
|-damage|p2a: Walking Wake|89/100
|
|upkeep
|turn|23
|
|t:|1769440724
|move|p2a: Walking Wake|Draco Meteor|p1a: Manaphy
|-damage|p1a: Manaphy|0 fnt
|-unboost|p2a: Walking Wake|spa|2
|faint|p1a: Manaphy
|
|upkeep
|
|t:|1769440730
|switch|p1a: Ogerpon|Ogerpon, F|100/100
|-damage|p1a: Ogerpon|88/100|[from] Stealth Rock
|turn|24
|
|t:|1769440733
|-end|p2a: Walking Wake|Protosynthesis|[silent]
|switch|p2a: Torkoal|Torkoal, M|100/100
|-weather|SunnyDay|[from] ability: Drought|[of] p2a: Torkoal
|move|p1a: Ogerpon|Swords Dance|p1a: Ogerpon
|-boost|p1a: Ogerpon|atk|2
|
|-weather|SunnyDay|[upkeep]
|upkeep
|turn|25
|
|t:|1769440736
|move|p1a: Ogerpon|Rock Tomb|p2a: Torkoal
|-supereffective|p2a: Torkoal
|-damage|p2a: Torkoal|40/100
|-unboost|p2a: Torkoal|spe|1
|move|p2a: Torkoal|Clear Smog|p1a: Ogerpon
|-supereffective|p1a: Ogerpon
|-damage|p1a: Ogerpon|65/100
|-clearboost|p1a: Ogerpon
|
|-weather|SunnyDay|[upkeep]
|upkeep
|turn|26
|
|t:|1769440751
|switch|p2a: Raging Bolt|Raging Bolt|100/100
|-activate|p2a: Raging Bolt|ability: Protosynthesis
|-start|p2a: Raging Bolt|protosynthesisspa
|move|p1a: Ogerpon|Encore||[still]
|-fail|p1a: Ogerpon
|
|-weather|SunnyDay|[upkeep]
|upkeep
|turn|27
|
|t:|1769440837
|move|p1a: Ogerpon|Swords Dance|p1a: Ogerpon
|-boost|p1a: Ogerpon|atk|2
|move|p2a: Raging Bolt|Dragon Pulse|p1a: Ogerpon
|-damage|p1a: Ogerpon|0 fnt
|faint|p1a: Ogerpon
|
|-weather|SunnyDay|[upkeep]
|upkeep
|c|☆jsxlllll|i'll share this with my friends
|
|t:|1769440858
|switch|p1a: Scizor|Scizor, M|100/100
|-damage|p1a: Scizor|88/100|[from] Stealth Rock
|turn|28
|
|t:|1769440895
|move|p1a: Scizor|Bullet Punch|p2a: Raging Bolt
|-resisted|p2a: Raging Bolt
|-damage|p2a: Raging Bolt|87/100
|move|p2a: Raging Bolt|Thunderbolt|p1a: Scizor
|-damage|p1a: Scizor|9/100
|-enditem|p1a: Scizor|Sitrus Berry|[eat]
|-heal|p1a: Scizor|33/100|[from] item: Sitrus Berry
|
|-weather|SunnyDay|[upkeep]
|-heal|p2a: Raging Bolt|94/100|[from] item: Leftovers
|upkeep
|turn|29
|
|t:|1769440902
|move|p2a: Raging Bolt|Thunderclap|p1a: Scizor
|-damage|p1a: Scizor|0 fnt
|faint|p1a: Scizor
|
|-weather|SunnyDay|[upkeep]
|-heal|p2a: Raging Bolt|99/100|[from] item: Leftovers
|upkeep
|
|t:|1769440905
|switch|p1a: Iron Jugulis|Iron Jugulis|100/100
|-damage|p1a: Iron Jugulis|76/100|[from] Stealth Rock
|-enditem|p1a: Iron Jugulis|Booster Energy
|-activate|p1a: Iron Jugulis|ability: Quark Drive|[fromitem]
|-start|p1a: Iron Jugulis|quarkdrivespe
|turn|30
|c|☆Pig Perfect|You better pmao
|c|☆Pig Perfect|lmao
|c|☆Pig Perfect|Game of the millennium
|c|☆Pig Perfect|Buy the opposite of a lottery ticket
|
|t:|1769440936
|-terastallize|p1a: Iron Jugulis|Ground
|move|p2a: Raging Bolt|Thunderclap|p1a: Iron Jugulis
|-immune|p1a: Iron Jugulis
|move|p1a: Iron Jugulis|Earth Power|p2a: Raging Bolt
|-supereffective|p2a: Raging Bolt
|-damage|p2a: Raging Bolt|30/100
|
|-weather|SunnyDay|[upkeep]
|-heal|p2a: Raging Bolt|36/100|[from] item: Leftovers
|upkeep
|turn|31
|
|t:|1769440949
|move|p1a: Iron Jugulis|Earth Power|p2a: Raging Bolt
|-supereffective|p2a: Raging Bolt
|-damage|p2a: Raging Bolt|0 fnt
|faint|p2a: Raging Bolt
|-end|p2a: Raging Bolt|Protosynthesis|[silent]
|
|-weather|none
|upkeep
|
|t:|1769440959
|switch|p2a: Torkoal|Torkoal, M|40/100
|-weather|SunnyDay|[from] ability: Drought|[of] p2a: Torkoal
|turn|32
|
|t:|1769440962
|move|p1a: Iron Jugulis|Earth Power|p2a: Torkoal
|-supereffective|p2a: Torkoal
|-damage|p2a: Torkoal|0 fnt
|faint|p2a: Torkoal
|
|-weather|SunnyDay|[upkeep]
|upkeep
|
|t:|1769440964
|switch|p2a: Walking Wake|Walking Wake|89/100
|-activate|p2a: Walking Wake|ability: Protosynthesis
|-start|p2a: Walking Wake|protosynthesisspe
|turn|33
|
|t:|1769440967
|move|p2a: Walking Wake|Hydro Steam|p1a: Iron Jugulis
|-supereffective|p1a: Iron Jugulis
|-damage|p1a: Iron Jugulis|0 fnt
|faint|p1a: Iron Jugulis
|-end|p1a: Iron Jugulis|Quark Drive|[silent]
|
|win|Pig Perfect
|raw|jsxlllll's rating: 1529 &rarr; <strong>1509</strong><br />(-20 for losing)
|raw|Pig Perfect's rating: 1537 &rarr; <strong>1557</strong><br />(+20 for winning)
|c|☆Pig Perfect|Gg wo
|c|☆Pig Perfect|wp
|c|☆Pig Perfect|I’m assuming
|c|☆Pig Perfect|couldn’t really tell
|c|☆Pig Perfect|All moves were canceled xD
|c|☆jsxlllll|bro
|c|☆jsxlllll|This game is really funny
|c|☆Pig Perfect|Hey try to win next time man
|c|☆jsxlllll|hahaha
|c|☆Pig Perfect|it really is
|c|☆Pig Perfect|it’s a big joke
|l|☆jsxlllll
|player|p1|
|c|☆Pig Perfect|have a good day this just made mine
|j|☆jsxlllll
|player|p1|jsxlllll|cynthia-gen4|
