|j|☆mewcrr
|j|☆1.x.10
|t:|1769420651
|gametype|singles
|player|p1|mewcrr|265|1142
|player|p2|1.x.10|1|1187
|gen|9
|tier|[Gen 9] OU
|rated|
|rule|HP Percentage Mod: HP is shown in percentages
|rule|Endless Battle Clause: Forcing endless battles is banned
|rule|Species Clause: Limit one of each Pokémon
|rule|OHKO Clause: OHKO moves are banned
|rule|Evasion Items Clause: Evasion items are banned
|rule|Evasion Moves Clause: Evasion moves are banned
|rule|Evasion Abilities Clause: Evasion abilities are banned
|rule|Sleep Moves Clause: Sleep-inducing moves are banned
|clearpoke
|poke|p1|Great Tusk|
|poke|p1|Dragapult, M|
|poke|p1|Iron Moth|
|poke|p1|Darkrai|
|poke|p1|Tyranitar, M|
|poke|p1|Tornadus-Therian, M|
|poke|p2|Tinkaton, F|
|poke|p2|Furret, M|
|poke|p2|Cinderace, M|
|poke|p2|Dragapult, F|
|poke|p2|Primarina, F|
|poke|p2|Kilowattrel, M|
|teampreview
|inactive|Battle timer is ON: inactive players will automatically lose when time's up. (requested by 1.x.10)
|
|t:|1769420663
|teamsize|p1|6
|teamsize|p2|6
|start
|switch|p1a: Tyranitar|Tyranitar, M|100/100
|switch|p2a: Primarina|Primarina, F|100/100
|-weather|Sandstorm|[from] ability: Sand Stream|[of] p1a: Tyranitar
|turn|1
|
|t:|1769420670
|switch|p1a: Dragapult|Dragapult, M|100/100
|move|p2a: Primarina|Calm Mind|p2a: Primarina
|-boost|p2a: Primarina|spa|1
|-boost|p2a: Primarina|spd|1
|
|-weather|Sandstorm|[upkeep]
|-damage|p1a: Dragapult|95/100|[from] Sandstorm
|-damage|p2a: Primarina|94/100|[from] Sandstorm
|-heal|p2a: Primarina|100/100|[from] item: Leftovers
|upkeep
|turn|2
|
|t:|1769420682
|move|p1a: Dragapult|Thunderbolt|p2a: Primarina
|-supereffective|p2a: Primarina
|-damage|p2a: Primarina|60/100
|move|p2a: Primarina|Moonblast|p1a: Dragapult
|-supereffective|p1a: Dragapult
|-damage|p1a: Dragapult|0 fnt
|faint|p1a: Dragapult
|
|-weather|Sandstorm|[upkeep]
|-damage|p2a: Primarina|54/100|[from] Sandstorm
|-heal|p2a: Primarina|60/100|[from] item: Leftovers
|upkeep
|
|t:|1769420700
|switch|p1a: Iron Moth|Iron Moth|100/100
|turn|3
|
|t:|1769420713
|-terastallize|p2a: Primarina|Water
|move|p1a: Iron Moth|Discharge|p2a: Primarina
|-supereffective|p2a: Primarina
|-damage|p2a: Primarina|30/100
|-status|p2a: Primarina|par
|cant|p2a: Primarina|par
|
|-weather|Sandstorm|[upkeep]
|-damage|p1a: Iron Moth|95/100|[from] Sandstorm
|-damage|p2a: Primarina|24/100 par|[from] Sandstorm
|-heal|p2a: Primarina|30/100 par|[from] item: Leftovers
|upkeep
|turn|4
|
|t:|1769420723
|move|p1a: Iron Moth|Discharge|p2a: Primarina
|-supereffective|p2a: Primarina
|-damage|p2a: Primarina|0 fnt
|faint|p2a: Primarina
|
|-weather|Sandstorm|[upkeep]
|-damage|p1a: Iron Moth|89/100|[from] Sandstorm
|upkeep
|
|t:|1769420735
|switch|p2a: Furret|Furret, M|100/100
|turn|5
|
|t:|1769420743
|-end|p1a: Iron Moth|Quark Drive|[silent]
|switch|p1a: Great Tusk|Great Tusk|100/100
|move|p2a: Furret|Tidy Up|p2a: Furret
|-boost|p2a: Furret|atk|1
|-boost|p2a: Furret|spe|1
|
|-weather|none
|upkeep
|turn|6
|
|t:|1769420754
|move|p2a: Furret|Tidy Up|p2a: Furret
|-boost|p2a: Furret|atk|1
|-boost|p2a: Furret|spe|1
|move|p1a: Great Tusk|Stealth Rock|p2a: Furret
|-sidestart|p2: 1.x.10|move: Stealth Rock
|
|upkeep
|turn|7
|
|t:|1769420760
|move|p2a: Furret|Tidy Up|p2a: Furret
|-sideend|p2: 1.x.10|Stealth Rock
|-activate|p2a: Furret|move: Tidy Up
|-boost|p2a: Furret|atk|1
|-boost|p2a: Furret|spe|1
|move|p1a: Great Tusk|Headlong Rush|p2a: Furret
|-crit|p2a: Furret
|-enditem|p2a: Furret|Focus Sash
|-damage|p2a: Furret|1/100
|-unboost|p1a: Great Tusk|def|1
|-unboost|p1a: Great Tusk|spd|1
|
|upkeep
|turn|8
|
|t:|1769420772
|move|p2a: Furret|Reversal|p1a: Great Tusk
|-damage|p1a: Great Tusk|0 fnt
|-damage|p2a: Furret|0 fnt|[from] item: Rocky Helmet|[of] p1a: Great Tusk
|faint|p1a: Great Tusk
|-end|p1a: Great Tusk|Protosynthesis|[silent]
|faint|p2a: Furret
|
|upkeep
|
|t:|1769420779
|switch|p2a: Tinkaton|Tinkaton, F|100/100
|switch|p1a: Tyranitar|Tyranitar, M|100/100
|-ability|p2a: Tinkaton|Mold Breaker
|-weather|Sandstorm|[from] ability: Sand Stream|[of] p1a: Tyranitar
|turn|9
|
|t:|1769420792
|move|p2a: Tinkaton|Swords Dance|p2a: Tinkaton
|-boost|p2a: Tinkaton|atk|2
|move|p1a: Tyranitar|Stealth Rock|p2a: Tinkaton
|-sidestart|p2: 1.x.10|move: Stealth Rock
|
|-weather|Sandstorm|[upkeep]
|upkeep
|turn|10
|
|t:|1769420798
|move|p2a: Tinkaton|Gigaton Hammer|p1a: Tyranitar
|-supereffective|p1a: Tyranitar
|-damage|p1a: Tyranitar|0 fnt
|faint|p1a: Tyranitar
|
|-weather|Sandstorm|[upkeep]
|upkeep
|
|t:|1769420805
|switch|p1a: Iron Moth|Iron Moth|89/100
|turn|11
|
|t:|1769420810
|move|p1a: Iron Moth|Flamethrower|p2a: Tinkaton
|-supereffective|p2a: Tinkaton
|-damage|p2a: Tinkaton|0 fnt
|faint|p2a: Tinkaton
|
|-weather|Sandstorm|[upkeep]
|-damage|p1a: Iron Moth|83/100|[from] Sandstorm
|upkeep
|
|t:|1769420816
|switch|p2a: Dragapult|Dragapult, F|100/100
|-damage|p2a: Dragapult|88/100|[from] Stealth Rock
|turn|12
|
|t:|1769420824
|-end|p1a: Iron Moth|Quark Drive|[silent]
|switch|p1a: Tornadus|Tornadus-Therian, M|100/100
|move|p2a: Dragapult|Draco Meteor|p1a: Tornadus
|-damage|p1a: Tornadus|41/100
|-unboost|p2a: Dragapult|spa|2
|
|-weather|Sandstorm|[upkeep]
|-damage|p2a: Dragapult|82/100|[from] Sandstorm
|-damage|p1a: Tornadus|35/100|[from] Sandstorm
|upkeep
|turn|13
|
|t:|1769420834
|move|p2a: Dragapult|Draco Meteor|p1a: Tornadus
|-damage|p1a: Tornadus|5/100
|-unboost|p2a: Dragapult|spa|2
|move|p1a: Tornadus|Knock Off|p2a: Dragapult
|-supereffective|p2a: Dragapult
|-damage|p2a: Dragapult|29/100
|-enditem|p2a: Dragapult|Choice Specs|[from] move: Knock Off|[of] p1a: Tornadus
|
|-weather|none
|upkeep
|turn|14
|
|t:|1769420845
|switch|p1a: Iron Moth|Iron Moth|83/100
|move|p2a: Dragapult|U-turn|p1a: Iron Moth
|-resisted|p1a: Iron Moth
|-damage|p1a: Iron Moth|76/100
|
|t:|1769420853
|switch|p2a: Kilowattrel|Kilowattrel, M|100/100|[from] U-turn
|-damage|p2a: Kilowattrel|76/100|[from] Stealth Rock
|
|upkeep
|turn|15
|
|t:|1769420859
|move|p1a: Iron Moth|Flamethrower|p2a: Kilowattrel
|-damage|p2a: Kilowattrel|0 fnt
|faint|p2a: Kilowattrel
|
|upkeep
|
|t:|1769420866
|switch|p2a: Cinderace|Cinderace, M|100/100
|turn|16
|
|t:|1769420872
|move|p1a: Iron Moth|Flamethrower|p2a: Cinderace
|-resisted|p2a: Cinderace
|-damage|p2a: Cinderace|67/100
|move|p2a: Cinderace|Court Change|p2a: Cinderace
|-swapsideconditions
|-activate|p2a: Cinderace|move: Court Change
|
|upkeep
|turn|17
|
|t:|1769420877
|move|p1a: Iron Moth|Flamethrower|p2a: Cinderace
|-resisted|p2a: Cinderace
|-damage|p2a: Cinderace|29/100
|move|p2a: Cinderace|Pyro Ball|p1a: Iron Moth
|-resisted|p1a: Iron Moth
|-damage|p1a: Iron Moth|4/100
|
|upkeep
|turn|18
|
|t:|1769420883
|move|p2a: Cinderace|Sucker Punch|p1a: Iron Moth
|-damage|p1a: Iron Moth|0 fnt
|faint|p1a: Iron Moth
|-end|p1a: Iron Moth|Quark Drive|[silent]
|
|upkeep
|
|t:|1769420888
|switch|p1a: Darkrai|Darkrai|100/100
|-damage|p1a: Darkrai|88/100|[from] Stealth Rock
|turn|19
|
|t:|1769420891
|move|p2a: Cinderace|Sucker Punch|p1a: Darkrai
|-resisted|p1a: Darkrai
|-damage|p1a: Darkrai|74/100
|move|p1a: Darkrai|Dark Pulse|p2a: Cinderace
|-damage|p2a: Cinderace|0 fnt
|faint|p2a: Cinderace
|
|upkeep
|
|t:|1769420897
|switch|p2a: Dragapult|Dragapult, F|29/100
|turn|20
|
|t:|1769420900
|move|p1a: Darkrai|Dark Pulse|p2a: Dragapult
|-supereffective|p2a: Dragapult
|-damage|p2a: Dragapult|0 fnt
|faint|p2a: Dragapult
|
|win|mewcrr
|raw|mewcrr's rating: 1142 &rarr; <strong>1170</strong><br />(+28 for winning)
|raw|1.x.10's rating: 1187 &rarr; <strong>1159</strong><br />(-28 for losing)
|l|☆mewcrr
|player|p1|
|c|☆1.x.10|gg
|l|☆1.x.10
|player|p2|
