|j|☆Pnayangel
|j|☆koten96
|t:|1769321570
|gametype|singles
|player|p1|Pnayangel|bugcatcher-gen4dp|1081
|player|p2|koten96|steven|1102
|gen|9
|tier|[Gen 9] OU
|rated|
|rule|HP Percentage Mod: HP is shown in percentages
|rule|Endless Battle Clause: Forcing endless battles is banned
|rule|Species Clause: Limit one of each Pokémon
|rule|OHKO Clause: OHKO moves are banned
|rule|Evasion Items Clause: Evasion items are banned
|rule|Evasion Moves Clause: Evasion moves are banned
|rule|Evasion Abilities Clause: Evasion abilities are banned
|rule|Sleep Moves Clause: Sleep-inducing moves are banned
|clearpoke
|poke|p1|Typhlosion-Hisui, M|
|poke|p1|Ninetales-Alola, F|
|poke|p1|Hitmonlee, M|
|poke|p1|Scizor, F|
|poke|p1|Torterra, F|
|poke|p1|Milotic, M|
|poke|p2|Lokix, F|
|poke|p2|Hatterene, F|
|poke|p2|Alomomola, M|
|poke|p2|Corviknight, F|
|poke|p2|Dragalge, F|
|poke|p2|Garganacl, F|
|teampreview
|inactive|Battle timer is ON: inactive players will automatically lose when time's up. (requested by koten96)
|
|t:|1769321599
|teamsize|p1|6
|teamsize|p2|6
|start
|switch|p1a: Milotic|Milotic, M, shiny|100/100
|switch|p2a: Lokix|Lokix, F, shiny|100/100
|turn|1
|
|t:|1769321607
|move|p2a: Lokix|U-turn|p1a: Milotic
|-damage|p1a: Milotic|57/100
|-damage|p2a: Lokix|91/100|[from] item: Life Orb
|
|t:|1769321614
|switch|p2a: Alomomola|Alomomola, M, shiny|100/100|[from] U-turn
|move|p1a: Milotic|Light Screen|p1a: Milotic
|-sidestart|p1: Pnayangel|move: Light Screen
|
|-heal|p1a: Milotic|63/100|[from] item: Leftovers
|upkeep
|turn|2
|
|t:|1769321623
|move|p1a: Milotic|Recover|p1a: Milotic
|-heal|p1a: Milotic|100/100
|move|p2a: Alomomola|Flip Turn|p1a: Milotic
|-resisted|p1a: Milotic
|-damage|p1a: Milotic|92/100
|
|t:|1769321652
|switch|p2a: Garganacl|Garganacl, F, shiny|100/100|[from] Flip Turn
|
|-heal|p1a: Milotic|98/100|[from] item: Leftovers
|upkeep
|turn|3
|
|t:|1769321662
|move|p1a: Milotic|Scald|p2a: Garganacl
|-supereffective|p2a: Garganacl
|-damage|p2a: Garganacl|66/100
|move|p2a: Garganacl|Salt Cure|p1a: Milotic
|-damage|p1a: Milotic|85/100
|-start|p1a: Milotic|Salt Cure
|
|-heal|p1a: Milotic|91/100|[from] item: Leftovers
|-damage|p1a: Milotic|66/100|[from] Salt Cure
|upkeep
|turn|4
|
|t:|1769321676
|switch|p1a: Hitmonlee|Hitmonlee, M|100/100
|move|p2a: Garganacl|Recover|p2a: Garganacl
|-heal|p2a: Garganacl|100/100
|
|upkeep
|turn|5
|
|t:|1769321686
|switch|p2a: Corviknight|Corviknight, F, shiny|100/100
|-ability|p2a: Corviknight|Pressure
|move|p1a: Hitmonlee|Fake Out|p2a: Corviknight
|-enditem|p1a: Hitmonlee|Normal Gem|[from] gem
|-resisted|p2a: Corviknight
|-damage|p2a: Corviknight|93/100
|-damage|p1a: Hitmonlee|84/100|[from] item: Rocky Helmet|[of] p2a: Corviknight
|
|-sideend|p1: Pnayangel|move: Light Screen
|upkeep
|turn|6
|
|t:|1769321713
|move|p1a: Hitmonlee|Stone Edge|p2a: Corviknight
|-damage|p2a: Corviknight|64/100
|move|p2a: Corviknight|U-turn|p1a: Hitmonlee
|-resisted|p1a: Hitmonlee
|-damage|p1a: Hitmonlee|59/100
|
|t:|1769321719
|switch|p2a: Lokix|Lokix, F, shiny|91/100|[from] U-turn
|
|upkeep
|turn|7
|
|t:|1769321727
|move|p2a: Lokix|First Impression|p1a: Hitmonlee
|-resisted|p1a: Hitmonlee
|-damage|p1a: Hitmonlee|0 fnt
|faint|p1a: Hitmonlee
|-damage|p2a: Lokix|81/100|[from] item: Life Orb
|
|upkeep
|
|t:|1769321736
|switch|p1a: Scizor|Scizor, F|100/100
|turn|8
|
|t:|1769321741
|-terastallize|p1a: Scizor|Steel
|move|p2a: Lokix|U-turn|p1a: Scizor
|-resisted|p1a: Scizor
|-damage|p1a: Scizor|63/100
|-damage|p2a: Lokix|71/100|[from] item: Life Orb
|
|t:|1769321752
|switch|p2a: Corviknight|Corviknight, F, shiny|64/100|[from] U-turn
|-ability|p2a: Corviknight|Pressure
|move|p1a: Scizor|Swords Dance|p1a: Scizor
|-boost|p1a: Scizor|atk|2
|
|upkeep
|turn|9
|
|t:|1769321764
|move|p2a: Corviknight|Brave Bird|p1a: Scizor
|-resisted|p1a: Scizor
|-damage|p1a: Scizor|37/100
|-enditem|p1a: Scizor|Sitrus Berry|[eat]
|-heal|p1a: Scizor|62/100|[from] item: Sitrus Berry
|-damage|p2a: Corviknight|57/100|[from] Recoil
|move|p1a: Scizor|Swords Dance|p1a: Scizor
|-boost|p1a: Scizor|atk|2
|
|upkeep
|turn|10
|
|t:|1769321775
|move|p2a: Corviknight|Brave Bird|p1a: Scizor
|-resisted|p1a: Scizor
|-damage|p1a: Scizor|37/100
|-damage|p2a: Corviknight|50/100|[from] Recoil
|move|p1a: Scizor|Dual Wingbeat|p2a: Corviknight|[miss]
|-miss|p1a: Scizor|p2a: Corviknight
|
|upkeep
|turn|11
|
|t:|1769321785
|move|p2a: Corviknight|Brave Bird|p1a: Scizor
|-resisted|p1a: Scizor
|-damage|p1a: Scizor|10/100
|-damage|p2a: Corviknight|42/100|[from] Recoil
|move|p1a: Scizor|Dual Wingbeat|p2a: Corviknight
|-resisted|p2a: Corviknight
|-damage|p2a: Corviknight|15/100
|-damage|p1a: Scizor|0 fnt|[from] item: Rocky Helmet|[of] p2a: Corviknight
|faint|p1a: Scizor
|-hitcount|p2a: Corviknight|1
|
|upkeep
|
|t:|1769321794
|switch|p1a: Typhlosion|Typhlosion-Hisui, M, shiny|100/100
|turn|12
|
|t:|1769321810
|move|p1a: Typhlosion|Focus Blast|p2a: Corviknight
|-damage|p2a: Corviknight|0 fnt
|faint|p2a: Corviknight
|
|upkeep
|
|t:|1769321829
|switch|p2a: Dragalge|Dragalge, F, shiny|100/100
|turn|13
|
|t:|1769321839
|switch|p1a: Ninetales|Ninetales-Alola, F, shiny|100/100
|-weather|Snowscape|[from] ability: Snow Warning|[of] p1a: Ninetales
|move|p2a: Dragalge|Draco Meteor|p1a: Ninetales
|-immune|p1a: Ninetales
|
|-weather|Snowscape|[upkeep]
|upkeep
|turn|14
|
|t:|1769321850
|move|p1a: Ninetales|Aurora Veil|p1a: Ninetales
|-sidestart|p1: Pnayangel|move: Aurora Veil
|move|p2a: Dragalge|Sludge Wave|p1a: Ninetales
|-supereffective|p1a: Ninetales
|-damage|p1a: Ninetales|41/100
|
|-weather|Snowscape|[upkeep]
|upkeep
|turn|15
|
|t:|1769321866
|switch|p2a: Alomomola|Alomomola, M, shiny|100/100
|move|p1a: Ninetales|Blizzard|p2a: Alomomola
|-resisted|p2a: Alomomola
|-damage|p2a: Alomomola|80/100
|-status|p2a: Alomomola|frz
|
|-weather|Snowscape|[upkeep]
|-heal|p2a: Alomomola|86/100 frz|[from] item: Leftovers
|upkeep
|turn|16
|
|t:|1769321879
|switch|p2a: Garganacl|Garganacl, F, shiny|100/100
|move|p1a: Ninetales|Freeze-Dry|p2a: Garganacl
|-damage|p2a: Garganacl|87/100
|
|-weather|Snowscape|[upkeep]
|upkeep
|turn|17
|
|t:|1769321888
|switch|p1a: Torterra|Torterra, F|100/100
|move|p2a: Garganacl|Salt Cure|p1a: Torterra
|-resisted|p1a: Torterra
|-damage|p1a: Torterra|97/100
|-start|p1a: Torterra|Salt Cure
|
|-weather|none
|-damage|p1a: Torterra|84/100|[from] Salt Cure
|upkeep
|turn|18
|
|t:|1769321902
|switch|p2a: Lokix|Lokix, F, shiny|71/100
|move|p1a: Torterra|Wood Hammer|p2a: Lokix
|-resisted|p2a: Lokix
|-damage|p2a: Lokix|16/100
|-damage|p1a: Torterra|69/100|[from] Recoil
|-damage|p1a: Torterra|59/100|[from] item: Life Orb
|
|-damage|p1a: Torterra|47/100|[from] Salt Cure
|upkeep
|turn|19
|
|t:|1769321913
|move|p2a: Lokix|U-turn|p1a: Torterra
|-supereffective|p1a: Torterra
|-damage|p1a: Torterra|6/100
|-damage|p2a: Lokix|6/100|[from] item: Life Orb
|
|t:|1769321917
|switch|p2a: Alomomola|Alomomola, M, shiny|100/100 frz|[from] U-turn
|move|p1a: Torterra|Stone Edge|p2a: Alomomola
|-damage|p2a: Alomomola|79/100 frz
|-damage|p1a: Torterra|0 fnt|[from] item: Life Orb
|faint|p1a: Torterra
|
|-heal|p2a: Alomomola|85/100 frz|[from] item: Leftovers
|upkeep
|
|t:|1769321930
|switch|p1a: Ninetales|Ninetales-Alola, F, shiny|41/100
|-weather|Snowscape|[from] ability: Snow Warning|[of] p1a: Ninetales
|turn|20
|
|t:|1769321938
|move|p1a: Ninetales|Freeze-Dry|p2a: Alomomola
|-supereffective|p2a: Alomomola
|-damage|p2a: Alomomola|32/100 frz
|-curestatus|p2a: Alomomola|frz|[msg]
|move|p2a: Alomomola|Mirror Coat|p1a: Ninetales
|-damage|p1a: Ninetales|0 fnt
|faint|p1a: Ninetales
|
|-weather|Snowscape|[upkeep]
|-heal|p2a: Alomomola|38/100|[from] item: Leftovers
|upkeep
|-message|Pnayangel forfeited.
|
|win|koten96
|raw|Pnayangel's rating: 1081 &rarr; <strong>1060</strong><br />(-21 for losing)
|raw|koten96's rating: 1102 &rarr; <strong>1125</strong><br />(+23 for winning)
|l|☆Pnayangel
|player|p1|
|l|☆koten96
|player|p2|
