|j|☆ElTulaMan
|j|‽uscboarder
|t:|1769439852
|gametype|singles
|player|p1|ElTulaMan|1|1401
|player|p2|uscboarder|li|1430
|gen|9
|tier|[Gen 9] OU
|rated|
|rule|HP Percentage Mod: HP is shown in percentages
|rule|Endless Battle Clause: Forcing endless battles is banned
|rule|Species Clause: Limit one of each Pokémon
|rule|OHKO Clause: OHKO moves are banned
|rule|Evasion Items Clause: Evasion items are banned
|rule|Evasion Moves Clause: Evasion moves are banned
|rule|Evasion Abilities Clause: Evasion abilities are banned
|rule|Sleep Moves Clause: Sleep-inducing moves are banned
|clearpoke
|poke|p1|Heatran, F|
|poke|p1|Garchomp, M|
|poke|p1|Enamorus, F|
|poke|p1|Dondozo, M|
|poke|p1|Slowking-Galar, M|
|poke|p1|Great Tusk|
|poke|p2|Hariyama, M|
|poke|p2|Alomomola, M|
|poke|p2|Ting-Lu|
|poke|p2|Iron Valiant|
|poke|p2|Corviknight, F|
|poke|p2|Dragapult, M|
|teampreview
|
|t:|1769439867
|teamsize|p1|6
|teamsize|p2|6
|start
|switch|p1a: Enamorus|Enamorus, F|100/100
|switch|p2a: Ting-Lu|Ting-Lu|100/100
|-ability|p2a: Ting-Lu|Vessel of Ruin
|turn|1
|
|t:|1769439870
|move|p1a: Enamorus|Moonblast|p2a: Ting-Lu
|-supereffective|p2a: Ting-Lu
|-damage|p2a: Ting-Lu|59/100
|-unboost|p2a: Ting-Lu|spa|1
|move|p2a: Ting-Lu|Stealth Rock|p1a: Enamorus
|-sidestart|p1: ElTulaMan|move: Stealth Rock
|
|-heal|p2a: Ting-Lu|65/100|[from] item: Leftovers
|upkeep
|turn|2
|
|t:|1769439879
|switch|p2a: Corviknight|Corviknight, F|100/100
|-ability|p2a: Corviknight|Pressure
|move|p1a: Enamorus|Moonblast|p2a: Corviknight
|-resisted|p2a: Corviknight
|-damage|p2a: Corviknight|75/100
|
|upkeep
|turn|3
|
|t:|1769439883
|switch|p1a: Slowking|Slowking-Galar, M|100/100
|move|p2a: Corviknight|U-turn|p1a: Slowking
|-damage|p1a: Slowking|84/100
|
|t:|1769439891
|switch|p2a: Hariyama|Hariyama, M|100/100|[from] U-turn
|
|upkeep
|turn|4
|
|t:|1769439901
|switch|p1a: Great Tusk|Great Tusk|100/100
|-damage|p1a: Great Tusk|98/100|[from] Stealth Rock
|-enditem|p1a: Great Tusk|Booster Energy
|-activate|p1a: Great Tusk|ability: Protosynthesis|[fromitem]
|-start|p1a: Great Tusk|protosynthesisspe
|move|p2a: Hariyama|Headlong Rush|p1a: Great Tusk
|-damage|p1a: Great Tusk|62/100
|-unboost|p2a: Hariyama|def|1
|-unboost|p2a: Hariyama|spd|1
|-damage|p2a: Hariyama|91/100|[from] item: Life Orb
|
|upkeep
|turn|5
|
|t:|1769439912
|switch|p2a: Corviknight|Corviknight, F|75/100
|-ability|p2a: Corviknight|Pressure
|move|p1a: Great Tusk|Bulk Up|p1a: Great Tusk
|-boost|p1a: Great Tusk|atk|1
|-boost|p1a: Great Tusk|def|1
|
|upkeep
|turn|6
|
|t:|1769439918
|move|p1a: Great Tusk|Rapid Spin|p2a: Corviknight
|-resisted|p2a: Corviknight
|-damage|p2a: Corviknight|68/100
|-boost|p1a: Great Tusk|spe|1
|-damage|p1a: Great Tusk|45/100|[from] item: Rocky Helmet|[of] p2a: Corviknight
|-sideend|p1: ElTulaMan|Stealth Rock|[from] move: Rapid Spin|[of] p1a: Great Tusk
|move|p2a: Corviknight|Brave Bird|p1a: Great Tusk
|-supereffective|p1a: Great Tusk
|-damage|p1a: Great Tusk|17/100
|-damage|p2a: Corviknight|58/100|[from] Recoil
|
|upkeep
|turn|7
|
|t:|1769439927
|-end|p1a: Great Tusk|Protosynthesis|[silent]
|switch|p1a: Garchomp|Garchomp, M|100/100
|move|p2a: Corviknight|Roost|p2a: Corviknight
|-heal|p2a: Corviknight|100/100
|-singleturn|p2a: Corviknight|move: Roost
|
|upkeep
|turn|8
|
|t:|1769439930
|move|p1a: Garchomp|Stealth Rock|p2a: Corviknight
|-sidestart|p2: uscboarder|move: Stealth Rock
|move|p2a: Corviknight|U-turn|p1a: Garchomp
|-damage|p1a: Garchomp|91/100
|-damage|p2a: Corviknight|88/100|[from] ability: Rough Skin|[of] p1a: Garchomp
|-damage|p2a: Corviknight|72/100|[from] item: Rocky Helmet|[of] p1a: Garchomp
|
|t:|1769439934
|switch|p2a: Hariyama|Hariyama, M|91/100|[from] U-turn
|-damage|p2a: Hariyama|84/100|[from] Stealth Rock
|
|upkeep
|turn|9
|
|t:|1769439941
|switch|p1a: Dondozo|Dondozo, M|100/100
|move|p2a: Hariyama|Ice Punch|p1a: Dondozo
|-resisted|p1a: Dondozo
|-damage|p1a: Dondozo|90/100
|
|-heal|p1a: Dondozo|96/100|[from] item: Leftovers
|upkeep
|turn|10
|
|t:|1769439949
|switch|p1a: Slowking|Slowking-Galar, M|100/100
|move|p2a: Hariyama|Thunder Punch|p1a: Slowking
|-damage|p1a: Slowking|54/100
|
|upkeep
|turn|11
|
|t:|1769439956
|switch|p1a: Dondozo|Dondozo, M|96/100
|move|p2a: Hariyama|Thunder Punch|p1a: Dondozo
|-supereffective|p1a: Dondozo
|-damage|p1a: Dondozo|59/100
|
|-heal|p1a: Dondozo|65/100|[from] item: Leftovers
|upkeep
|turn|12
|
|t:|1769439962
|move|p1a: Dondozo|Protect|p1a: Dondozo
|-singleturn|p1a: Dondozo|Protect
|move|p2a: Hariyama|Thunder Punch|p1a: Dondozo
|-activate|p1a: Dondozo|move: Protect
|
|-heal|p1a: Dondozo|71/100|[from] item: Leftovers
|upkeep
|turn|13
|
|t:|1769439970
|switch|p1a: Great Tusk|Great Tusk|17/100
|move|p2a: Hariyama|Thunder Punch|p1a: Great Tusk
|-immune|p1a: Great Tusk
|
|upkeep
|turn|14
|
|t:|1769439973
|move|p1a: Great Tusk|Headlong Rush|p2a: Hariyama
|-damage|p2a: Hariyama|34/100
|-unboost|p1a: Great Tusk|def|1
|-unboost|p1a: Great Tusk|spd|1
|move|p2a: Hariyama|Ice Punch|p1a: Great Tusk
|-supereffective|p1a: Great Tusk
|-damage|p1a: Great Tusk|0 fnt
|faint|p1a: Great Tusk
|-end|p1a: Great Tusk|Protosynthesis|[silent]
|
|upkeep
|
|t:|1769439976
|switch|p1a: Enamorus|Enamorus, F|100/100
|turn|15
|inactive|Battle timer is ON: inactive players will automatically lose when time's up. (requested by uscboarder)
|
|t:|1769439987
|switch|p2a: Corviknight|Corviknight, F|72/100
|-damage|p2a: Corviknight|59/100|[from] Stealth Rock
|-ability|p2a: Corviknight|Pressure
|move|p1a: Enamorus|Mystical Fire|p2a: Corviknight
|-supereffective|p2a: Corviknight
|-damage|p2a: Corviknight|7/100
|-unboost|p2a: Corviknight|spa|1
|
|upkeep
|turn|16
|
|t:|1769439990
|switch|p2a: Ting-Lu|Ting-Lu|65/100
|-damage|p2a: Ting-Lu|59/100|[from] Stealth Rock
|-ability|p2a: Ting-Lu|Vessel of Ruin
|move|p1a: Enamorus|Mystical Fire|p2a: Ting-Lu
|-damage|p2a: Ting-Lu|47/100
|-unboost|p2a: Ting-Lu|spa|1
|
|-heal|p2a: Ting-Lu|54/100|[from] item: Leftovers
|upkeep
|turn|17
|
|t:|1769439995
|switch|p1a: Garchomp|Garchomp, M|91/100
|move|p2a: Ting-Lu|Stealth Rock|p1a: Garchomp
|-sidestart|p1: ElTulaMan|move: Stealth Rock
|
|-heal|p2a: Ting-Lu|60/100|[from] item: Leftovers
|upkeep
|turn|18
|
|t:|1769440000
|move|p1a: Garchomp|Spikes|p2a: Ting-Lu
|-sidestart|p2: uscboarder|Spikes
|move|p2a: Ting-Lu|Whirlwind|p1a: Garchomp
|drag|p1a: Dondozo|Dondozo, M|71/100
|-damage|p1a: Dondozo|58/100|[from] Stealth Rock
|
|-heal|p2a: Ting-Lu|66/100|[from] item: Leftovers
|-heal|p1a: Dondozo|65/100|[from] item: Leftovers
|upkeep
|turn|19
|
|t:|1769440003
|move|p2a: Ting-Lu|Ruination|p1a: Dondozo
|-damage|p1a: Dondozo|33/100
|move|p1a: Dondozo|Body Press|p2a: Ting-Lu
|-supereffective|p2a: Ting-Lu
|-damage|p2a: Ting-Lu|34/100
|
|-heal|p2a: Ting-Lu|40/100|[from] item: Leftovers
|-heal|p1a: Dondozo|39/100|[from] item: Leftovers
|upkeep
|turn|20
|
|t:|1769440009
|move|p2a: Ting-Lu|Ruination|p1a: Dondozo
|-damage|p1a: Dondozo|20/100
|move|p1a: Dondozo|Liquidation|p2a: Ting-Lu
|-supereffective|p2a: Ting-Lu
|-damage|p2a: Ting-Lu|8/100
|
|-heal|p2a: Ting-Lu|14/100|[from] item: Leftovers
|-heal|p1a: Dondozo|26/100|[from] item: Leftovers
|upkeep
|turn|21
|
|t:|1769440013
|move|p1a: Dondozo|Protect|p1a: Dondozo
|-singleturn|p1a: Dondozo|Protect
|move|p2a: Ting-Lu|Whirlwind|p1a: Dondozo
|drag|p1a: Slowking|Slowking-Galar, M|87/100
|
|-heal|p2a: Ting-Lu|20/100|[from] item: Leftovers
|upkeep
|turn|22
|
|t:|1769440022
|move|p2a: Ting-Lu|Earthquake|p1a: Slowking
|-supereffective|p1a: Slowking
|-damage|p1a: Slowking|12/100
|move|p1a: Slowking|Sludge Bomb|p2a: Ting-Lu
|-resisted|p2a: Ting-Lu
|-damage|p2a: Ting-Lu|14/100
|-status|p2a: Ting-Lu|psn
|
|-heal|p2a: Ting-Lu|20/100 psn|[from] item: Leftovers
|-damage|p2a: Ting-Lu|8/100 psn|[from] psn
|upkeep
|turn|23
|
|t:|1769440027
|switch|p1a: Dondozo|Dondozo, M|26/100
|-damage|p1a: Dondozo|13/100|[from] Stealth Rock
|move|p2a: Ting-Lu|Whirlwind|p1a: Dondozo
|drag|p1a: Heatran|Heatran, F|100/100
|-damage|p1a: Heatran|88/100|[from] Stealth Rock
|-item|p1a: Heatran|Air Balloon
|
|-heal|p2a: Ting-Lu|14/100 psn|[from] item: Leftovers
|-damage|p2a: Ting-Lu|1/100 psn|[from] psn
|upkeep
|turn|24
|
|t:|1769440035
|switch|p1a: Slowking|Slowking-Galar, M|45/100
|move|p2a: Ting-Lu|Ruination|p1a: Slowking
|-damage|p1a: Slowking|23/100
|
|-heal|p2a: Ting-Lu|8/100 psn|[from] item: Leftovers
|-damage|p2a: Ting-Lu|0 fnt|[from] psn
|faint|p2a: Ting-Lu
|upkeep
|
|t:|1769440040
|switch|p2a: Dragapult|Dragapult, M|100/100
|-damage|p2a: Dragapult|88/100|[from] Stealth Rock
|-damage|p2a: Dragapult|76/100|[from] Spikes
|turn|25
|
|t:|1769440044
|switch|p1a: Dondozo|Dondozo, M|13/100
|-damage|p1a: Dondozo|1/100|[from] Stealth Rock
|move|p2a: Dragapult|Dragon Dance|p2a: Dragapult
|-boost|p2a: Dragapult|atk|1
|-boost|p2a: Dragapult|spe|1
|
|-heal|p1a: Dondozo|7/100|[from] item: Leftovers
|upkeep
|turn|26
|inactive|uscboarder has 120 seconds left.
|
|t:|1769440090
|move|p2a: Dragapult|Dragon Dance|p2a: Dragapult
|-boost|p2a: Dragapult|atk|1
|-boost|p2a: Dragapult|spe|1
|move|p1a: Dondozo|Liquidation|p2a: Dragapult
|-resisted|p2a: Dragapult
|-damage|p2a: Dragapult|52/100
|
|-heal|p1a: Dondozo|13/100|[from] item: Leftovers
|upkeep
|turn|27
|
|t:|1769440094
|move|p2a: Dragapult|Dragon Darts|p1a: Dondozo
|-damage|p1a: Dondozo|0 fnt
|faint|p1a: Dondozo
|
|upkeep
|
|t:|1769440106
|switch|p1a: Heatran|Heatran, F|88/100
|-damage|p1a: Heatran|76/100|[from] Stealth Rock
|-item|p1a: Heatran|Air Balloon
|turn|28
|
|t:|1769440111
|-terastallize|p2a: Dragapult|Ghost
|move|p2a: Dragapult|Tera Blast|p1a: Heatran|[anim] Tera Blast Ghost
|-damage|p1a: Heatran|0 fnt
|-enditem|p1a: Heatran|Air Balloon
|faint|p1a: Heatran
|
|upkeep
|
|t:|1769440119
|switch|p1a: Garchomp|Garchomp, M|91/100
|-damage|p1a: Garchomp|85/100|[from] Stealth Rock
|turn|29
|-message|ElTulaMan forfeited.
|
|win|uscboarder
|raw|ElTulaMan's rating: 1401 &rarr; <strong>1383</strong><br />(-18 for losing)
|raw|uscboarder's rating: 1430 &rarr; <strong>1448</strong><br />(+18 for winning)
|l|☆ElTulaMan
|player|p1|
|l|‽uscboarder
|player|p2|
