|j|☆zonix14
|j|☆The.Rat.Enjoyer
|t:|1769324309
|gametype|singles
|player|p1|zonix14|1|1191
|player|p2|The.Rat.Enjoyer|101|1179
|gen|9
|tier|[Gen 9] OU
|rated|
|rule|HP Percentage Mod: HP is shown in percentages
|rule|Endless Battle Clause: Forcing endless battles is banned
|rule|Species Clause: Limit one of each Pokémon
|rule|OHKO Clause: OHKO moves are banned
|rule|Evasion Items Clause: Evasion items are banned
|rule|Evasion Moves Clause: Evasion moves are banned
|rule|Evasion Abilities Clause: Evasion abilities are banned
|rule|Sleep Moves Clause: Sleep-inducing moves are banned
|clearpoke
|poke|p1|Empoleon, M|
|poke|p1|Masquerain, M|
|poke|p1|Cinderace, F|
|poke|p1|Carbink|
|poke|p1|Serperior, F|
|poke|p1|Indeedee-F, F|
|poke|p2|Torterra, F|
|poke|p2|Dragonite, M|
|poke|p2|Blaziken, F|
|poke|p2|Pelipper, F|
|poke|p2|Ribombee, M|
|poke|p2|Tyranitar, F|
|teampreview
|inactive|Battle timer is ON: inactive players will automatically lose when time's up. (requested by zonix14)
|
|t:|1769324315
|teamsize|p1|6
|teamsize|p2|6
|start
|switch|p1a: Masquerain|Masquerain, M|100/100
|switch|p2a: Ribombee|Ribombee, M, shiny|100/100
|-ability|p1a: Masquerain|Intimidate|boost
|-unboost|p2a: Ribombee|atk|1
|turn|1
|
|t:|1769324324
|move|p2a: Ribombee|Sticky Web|p1a: Masquerain
|-sidestart|p1: zonix14|move: Sticky Web
|move|p1a: Masquerain|Sticky Web|p2a: Ribombee
|-sidestart|p2: The.Rat.Enjoyer|move: Sticky Web
|
|upkeep
|turn|2
|
|t:|1769324336
|switch|p1a: Carbink|Carbink|100/100
|move|p2a: Ribombee|Tailwind|p2a: Ribombee
|-sidestart|p2: The.Rat.Enjoyer|move: Tailwind
|
|upkeep
|turn|3
|
|t:|1769324348
|switch|p2a: The G.O.A.T|Torterra, F|100/100
|-activate|p2a: The G.O.A.T|move: Sticky Web
|-unboost|p2a: The G.O.A.T|spe|1
|move|p1a: Carbink|Stealth Rock|p2a: The G.O.A.T
|-sidestart|p2: The.Rat.Enjoyer|move: Stealth Rock
|
|upkeep
|turn|4
|
|t:|1769324355
|move|p2a: The G.O.A.T|Shell Smash|p2a: The G.O.A.T
|-unboost|p2a: The G.O.A.T|def|1
|-unboost|p2a: The G.O.A.T|spd|1
|-boost|p2a: The G.O.A.T|atk|2
|-boost|p2a: The G.O.A.T|spa|2
|-boost|p2a: The G.O.A.T|spe|2
|move|p1a: Carbink|Trick Room|p1a: Carbink
|-fieldstart|move: Trick Room|[of] p1a: Carbink
|
|upkeep
|turn|5
|
|t:|1769324363
|move|p1a: Carbink|Misty Explosion|p2a: The G.O.A.T
|-damage|p2a: The G.O.A.T|66/100
|faint|p1a: Carbink
|move|p2a: The G.O.A.T|Bullet Seed|p1: Carbink|[notarget]
|-fail|p2a: The G.O.A.T
|
|-sideend|p2: The.Rat.Enjoyer|move: Tailwind
|upkeep
|
|t:|1769324365
|switch|p1a: Empoleon|Empoleon, M|100/100
|-activate|p1a: Empoleon|move: Sticky Web
|-unboost|p1a: Empoleon|spe|1
|-ability|p1a: Empoleon|Competitive|boost
|-boost|p1a: Empoleon|spa|2
|turn|6
|
|t:|1769324377
|move|p1a: Empoleon|Surf|p2a: The G.O.A.T
|-damage|p2a: The G.O.A.T|0 fnt
|faint|p2a: The G.O.A.T
|
|upkeep
|
|t:|1769324391
|switch|p2a: Blaziken|Blaziken, F, shiny|100/100
|-activate|p2a: Blaziken|move: Sticky Web
|-unboost|p2a: Blaziken|spe|1
|-damage|p2a: Blaziken|88/100|[from] Stealth Rock
|turn|7
|
|t:|1769324399
|-terastallize|p2a: Blaziken|Fighting
|move|p1a: Empoleon|Surf|p2a: Blaziken
|-damage|p2a: Blaziken|0 fnt
|faint|p2a: Blaziken
|
|upkeep
|
|t:|1769324410
|switch|p2a: Dragonite|Dragonite, M|100/100
|-damage|p2a: Dragonite|76/100|[from] Stealth Rock
|turn|8
|
|t:|1769324416
|move|p1a: Empoleon|Ice Beam|p2a: Dragonite
|-supereffective|p2a: Dragonite
|-damage|p2a: Dragonite|0 fnt
|faint|p2a: Dragonite
|
|-fieldend|move: Trick Room
|upkeep
|
|t:|1769324427
|switch|p2a: Tyranitar|Tyranitar, F|100/100
|-activate|p2a: Tyranitar|move: Sticky Web
|-unboost|p2a: Tyranitar|spe|1
|-damage|p2a: Tyranitar|88/100|[from] Stealth Rock
|-weather|Sandstorm|[from] ability: Sand Stream|[of] p2a: Tyranitar
|turn|9
|
|t:|1769324442
|switch|p1a: Masquerain|Masquerain, M|100/100
|-ability|p1a: Masquerain|Intimidate|boost
|-unboost|p2a: Tyranitar|atk|1
|move|p2a: Tyranitar|Earthquake|p1a: Masquerain
|-immune|p1a: Masquerain
|
|-weather|Sandstorm|[upkeep]
|-damage|p1a: Masquerain|94/100|[from] Sandstorm
|upkeep
|turn|10
|
|t:|1769324454
|switch|p2a: Pelipper|Pelipper, F|100/100
|-weather|RainDance|[from] ability: Drizzle|[of] p2a: Pelipper
|move|p1a: Masquerain|Surf|p2a: Pelipper
|-resisted|p2a: Pelipper
|-damage|p2a: Pelipper|66/100
|
|-weather|RainDance|[upkeep]
|upkeep
|turn|11
|
|t:|1769324467
|move|p1a: Masquerain|Ice Beam|p2a: Pelipper
|-damage|p2a: Pelipper|21/100
|move|p2a: Pelipper|Agility|p2a: Pelipper
|-boost|p2a: Pelipper|spe|2
|
|-weather|RainDance|[upkeep]
|upkeep
|turn|12
|
|t:|1769324476
|move|p2a: Pelipper|Hurricane|p1a: Masquerain
|-supereffective|p1a: Masquerain
|-damage|p1a: Masquerain|0 fnt
|faint|p1a: Masquerain
|
|-weather|RainDance|[upkeep]
|upkeep
|
|t:|1769324495
|switch|p1a: Indeedee|Indeedee-F, F|100/100
|-activate|p1a: Indeedee|move: Sticky Web
|-unboost|p1a: Indeedee|spe|1
|-fieldstart|move: Psychic Terrain|[from] ability: Psychic Surge|[of] p1a: Indeedee
|turn|13
|
|t:|1769324508
|move|p2a: Pelipper|Hurricane|p1a: Indeedee
|-damage|p1a: Indeedee|56/100
|move|p1a: Indeedee|Trick Room|p1a: Indeedee
|-fieldstart|move: Trick Room|[of] p1a: Indeedee
|
|-weather|RainDance|[upkeep]
|upkeep
|turn|14
|
|t:|1769324514
|move|p1a: Indeedee|Healing Wish|p1a: Indeedee
|faint|p1a: Indeedee
|move|p2a: Pelipper|U-turn|p1: Indeedee|[notarget]
|-fail|p2a: Pelipper
|
|-weather|none
|upkeep
|
|t:|1769324518
|switch|p1a: Empoleon|Empoleon, M|100/100
|-activate|p1a: Empoleon|move: Sticky Web
|-unboost|p1a: Empoleon|spe|1
|-ability|p1a: Empoleon|Competitive|boost
|-boost|p1a: Empoleon|spa|2
|turn|15
|
|t:|1769324525
|move|p1a: Empoleon|Surf|p2a: Pelipper
|-resisted|p2a: Pelipper
|-crit|p2a: Pelipper
|-damage|p2a: Pelipper|0 fnt
|faint|p2a: Pelipper
|
|upkeep
|
|t:|1769324533
|switch|p2a: Tyranitar|Tyranitar, F|88/100
|-activate|p2a: Tyranitar|move: Sticky Web
|-unboost|p2a: Tyranitar|spe|1
|-damage|p2a: Tyranitar|76/100|[from] Stealth Rock
|-weather|Sandstorm|[from] ability: Sand Stream|[of] p2a: Tyranitar
|turn|16
|
|t:|1769324542
|move|p1a: Empoleon|Surf|p2a: Tyranitar
|-supereffective|p2a: Tyranitar
|-damage|p2a: Tyranitar|0 fnt
|faint|p2a: Tyranitar
|
|-weather|Sandstorm|[upkeep]
|upkeep
|
|t:|1769324548
|switch|p2a: Ribombee|Ribombee, M, shiny|100/100
|-activate|p2a: Ribombee|move: Sticky Web
|-unboost|p2a: Ribombee|spe|1
|-damage|p2a: Ribombee|76/100|[from] Stealth Rock
|turn|17
|
|t:|1769324555
|move|p1a: Empoleon|Surf|p2a: Ribombee
|-damage|p2a: Ribombee|0 fnt
|faint|p2a: Ribombee
|
|win|zonix14
|raw|zonix14's rating: 1191 &rarr; <strong>1215</strong><br />(+24 for winning)
|raw|The.Rat.Enjoyer's rating: 1179 &rarr; <strong>1155</strong><br />(-24 for losing)
|l|☆The.Rat.Enjoyer
|player|p2|
|l|☆zonix14
|player|p1|
