|j|☆aver_stall_enjoyer
|j|☆Noamm
|t:|1769309861
|gametype|singles
|player|p1|aver_stall_enjoyer|dawn|1504
|player|p2|Noamm|gambler|1572
|gen|9
|tier|[Gen 9] OU
|rated|
|rule|HP Percentage Mod: HP is shown in percentages
|rule|Endless Battle Clause: Forcing endless battles is banned
|rule|Species Clause: Limit one of each Pokémon
|rule|OHKO Clause: OHKO moves are banned
|rule|Evasion Items Clause: Evasion items are banned
|rule|Evasion Moves Clause: Evasion moves are banned
|rule|Evasion Abilities Clause: Evasion abilities are banned
|rule|Sleep Moves Clause: Sleep-inducing moves are banned
|clearpoke
|poke|p1|Dondozo, F|
|poke|p1|Blissey, F|
|poke|p1|Corviknight, F|
|poke|p1|Gliscor, M|
|poke|p1|Gholdengo|
|poke|p1|Garganacl, M|
|poke|p2|Lokix, M|
|poke|p2|Dragapult, M|
|poke|p2|Slowking-Galar, M|
|poke|p2|Mandibuzz, F|
|poke|p2|Great Tusk|
|poke|p2|Primarina, M|
|teampreview
|
|t:|1769309868
|teamsize|p1|6
|teamsize|p2|6
|start
|switch|p1a: Garganacl|Garganacl, M|100/100
|switch|p2a: Kamen Rider Torque|Great Tusk|100/100
|turn|1
|
|t:|1769309871
|-terastallize|p1a: Garganacl|Fairy
|move|p2a: Kamen Rider Torque|Stealth Rock|p1a: Garganacl
|-sidestart|p1: aver_stall_enjoyer|move: Stealth Rock
|move|p1a: Garganacl|Salt Cure|p2a: Kamen Rider Torque
|-resisted|p2a: Kamen Rider Torque
|-damage|p2a: Kamen Rider Torque|98/100
|-start|p2a: Kamen Rider Torque|Salt Cure
|
|-damage|p2a: Kamen Rider Torque|86/100|[from] Salt Cure
|upkeep
|turn|2
|
|t:|1769309877
|-end|p2a: Kamen Rider Torque|Protosynthesis|[silent]
|switch|p2a: Kamen Rider Burr|Slowking-Galar, M|100/100
|move|p1a: Garganacl|Stealth Rock|p2a: Kamen Rider Burr
|-sidestart|p2: Noamm|move: Stealth Rock
|
|upkeep
|turn|3
|
|t:|1769309887
|move|p1a: Garganacl|Salt Cure|p2a: Kamen Rider Burr
|-damage|p2a: Kamen Rider Burr|86/100
|-start|p2a: Kamen Rider Burr|Salt Cure
|move|p2a: Kamen Rider Burr|Future Sight|p1a: Garganacl
|-start|p2a: Kamen Rider Burr|move: Future Sight
|
|-damage|p2a: Kamen Rider Burr|73/100|[from] Salt Cure
|upkeep
|turn|4
|j| firecharmander004
|
|t:|1769309890
|move|p1a: Garganacl|Protect|p1a: Garganacl
|-singleturn|p1a: Garganacl|Protect
|move|p2a: Kamen Rider Burr|Sludge Bomb|p1a: Garganacl
|-activate|p1a: Garganacl|move: Protect
|
|-damage|p2a: Kamen Rider Burr|61/100|[from] Salt Cure
|upkeep
|turn|5
|
|t:|1769309896
|move|p1a: Garganacl|Recover||[still]
|-fail|p1a: Garganacl|heal
|-prepare|p2a: Kamen Rider Burr|Chilly Reception|[premajor]
|move|p2a: Kamen Rider Burr|Chilly Reception|p2a: Kamen Rider Burr
|-weather|Snowscape
|j| RuSh1629
|
|t:|1769309904
|switch|p2a: Kamen Rider Torque|Great Tusk|86/100|[from] Chilly Reception
|
|-weather|Snowscape|[upkeep]
|-end|p1a: Garganacl|move: Future Sight
|-damage|p1a: Garganacl|71/100
|-heal|p1a: Garganacl|77/100|[from] item: Leftovers
|upkeep
|turn|6
|
|t:|1769309910
|move|p2a: Kamen Rider Torque|Rapid Spin|p1a: Garganacl
|-damage|p1a: Garganacl|66/100
|-boost|p2a: Kamen Rider Torque|spe|1
|-sideend|p2: Noamm|Stealth Rock|[from] move: Rapid Spin|[of] p2a: Kamen Rider Torque
|move|p1a: Garganacl|Recover|p1a: Garganacl
|-heal|p1a: Garganacl|100/100
|
|-weather|Snowscape|[upkeep]
|upkeep
|turn|7
|
|t:|1769309913
|-end|p2a: Kamen Rider Torque|Protosynthesis|[silent]
|switch|p2a: Kamen Rider Burr|Slowking-Galar, M|94/100
|move|p1a: Garganacl|Salt Cure|p2a: Kamen Rider Burr
|-damage|p2a: Kamen Rider Burr|80/100
|-start|p2a: Kamen Rider Burr|Salt Cure
|
|-weather|Snowscape|[upkeep]
|-damage|p2a: Kamen Rider Burr|68/100|[from] Salt Cure
|upkeep
|turn|8
|
|t:|1769309920
|move|p1a: Garganacl|Stealth Rock|p2a: Kamen Rider Burr
|-sidestart|p2: Noamm|move: Stealth Rock
|move|p2a: Kamen Rider Burr|Sludge Bomb|p1a: Garganacl
|-supereffective|p1a: Garganacl
|-damage|p1a: Garganacl|54/100
|
|-weather|Snowscape|[upkeep]
|-heal|p1a: Garganacl|60/100|[from] item: Leftovers
|-damage|p2a: Kamen Rider Burr|56/100|[from] Salt Cure
|upkeep
|turn|9
|
|t:|1769309923
|move|p1a: Garganacl|Recover|p1a: Garganacl
|-heal|p1a: Garganacl|100/100
|move|p2a: Kamen Rider Burr|Future Sight|p1a: Garganacl
|-start|p2a: Kamen Rider Burr|move: Future Sight
|
|-weather|none
|-damage|p2a: Kamen Rider Burr|43/100|[from] Salt Cure
|upkeep
|turn|10
|
|t:|1769309927
|switch|p1a: Joseph Stallin|Blissey, F|100/100
|-prepare|p2a: Kamen Rider Burr|Chilly Reception|[premajor]
|move|p2a: Kamen Rider Burr|Chilly Reception|p2a: Kamen Rider Burr
|-weather|Snowscape
|
|t:|1769309931
|switch|p2a: Kamen Rider Siren|Primarina, M|100/100|[from] Chilly Reception
|-damage|p2a: Kamen Rider Siren|88/100|[from] Stealth Rock
|
|-weather|Snowscape|[upkeep]
|upkeep
|turn|11
|
|t:|1769309946
|move|p2a: Kamen Rider Siren|Whirlpool|p1a: Joseph Stallin
|-damage|p1a: Joseph Stallin|94/100
|-activate|p1a: Joseph Stallin|move: Whirlpool|[of] p2a: Kamen Rider Siren
|move|p1a: Joseph Stallin|Thunder Wave|p2a: Kamen Rider Siren
|-status|p2a: Kamen Rider Siren|par
|
|-weather|Snowscape|[upkeep]
|-end|p1a: Joseph Stallin|move: Future Sight
|-damage|p1a: Joseph Stallin|81/100
|-damage|p1a: Joseph Stallin|69/100|[from] move: Whirlpool|[partiallytrapped]
|upkeep
|turn|12
|
|t:|1769309958
|move|p1a: Joseph Stallin|Soft-Boiled|p1a: Joseph Stallin
|-heal|p1a: Joseph Stallin|100/100
|move|p2a: Kamen Rider Siren|Psychic Noise|p1a: Joseph Stallin
|-damage|p1a: Joseph Stallin|87/100
|-start|p1a: Joseph Stallin|move: Heal Block
|
|-weather|Snowscape|[upkeep]
|-damage|p1a: Joseph Stallin|74/100|[from] move: Whirlpool|[partiallytrapped]
|upkeep
|turn|13
|
|t:|1769309963
|move|p1a: Joseph Stallin|Calm Mind|p1a: Joseph Stallin
|-boost|p1a: Joseph Stallin|spa|1
|-boost|p1a: Joseph Stallin|spd|1
|move|p2a: Kamen Rider Siren|Moonblast|p1a: Joseph Stallin
|-damage|p1a: Joseph Stallin|63/100
|
|-weather|Snowscape|[upkeep]
|-damage|p1a: Joseph Stallin|51/100|[from] move: Whirlpool|[partiallytrapped]
|-end|p1a: Joseph Stallin|move: Heal Block
|upkeep
|turn|14
|
|t:|1769309970
|move|p1a: Joseph Stallin|Soft-Boiled|p1a: Joseph Stallin
|-heal|p1a: Joseph Stallin|100/100
|move|p2a: Kamen Rider Siren|Psychic Noise|p1a: Joseph Stallin
|-damage|p1a: Joseph Stallin|92/100
|-start|p1a: Joseph Stallin|move: Heal Block
|
|-weather|none
|-damage|p1a: Joseph Stallin|80/100|[from] move: Whirlpool|[partiallytrapped]
|upkeep
|turn|15
|
|t:|1769309983
|move|p1a: Joseph Stallin|Seismic Toss|p2a: Kamen Rider Siren
|-damage|p2a: Kamen Rider Siren|57/100 par
|move|p2a: Kamen Rider Siren|Flip Turn|p1a: Joseph Stallin
|-damage|p1a: Joseph Stallin|65/100
|
|t:|1769309987
|switch|p2a: Kamen Rider SwarmX|Lokix, M, shiny|100/100|[from] Flip Turn
|-damage|p2a: Kamen Rider SwarmX|76/100|[from] Stealth Rock
|
|-end|p1a: Joseph Stallin|Whirlpool|[partiallytrapped]
|-end|p1a: Joseph Stallin|move: Heal Block
|upkeep
|turn|16
|
|t:|1769309997
|switch|p1a: Corviknight|Corviknight, F|100/100
|-damage|p1a: Corviknight|88/100|[from] Stealth Rock
|-ability|p1a: Corviknight|Pressure
|move|p2a: Kamen Rider SwarmX|Knock Off|p1a: Corviknight
|-damage|p1a: Corviknight|46/100
|-damage|p2a: Kamen Rider SwarmX|59/100|[from] item: Rocky Helmet|[of] p1a: Corviknight
|-enditem|p1a: Corviknight|Rocky Helmet|[from] move: Knock Off|[of] p2a: Kamen Rider SwarmX
|
|upkeep
|turn|17
|
|t:|1769310005
|switch|p2a: Kamen Rider Torque|Great Tusk|86/100
|move|p1a: Corviknight|Roost|p1a: Corviknight
|-heal|p1a: Corviknight|96/100
|-singleturn|p1a: Corviknight|move: Roost
|
|upkeep
|turn|18
|
|t:|1769310020
|move|p2a: Kamen Rider Torque|Rapid Spin|p1a: Corviknight
|-resisted|p1a: Corviknight
|-damage|p1a: Corviknight|91/100
|-boost|p2a: Kamen Rider Torque|spe|1
|-sideend|p2: Noamm|Stealth Rock|[from] move: Rapid Spin|[of] p2a: Kamen Rider Torque
|move|p1a: Corviknight|Body Press|p2a: Kamen Rider Torque
|-damage|p2a: Kamen Rider Torque|66/100
|
|upkeep
|turn|19
|
|t:|1769310024
|-end|p2a: Kamen Rider Torque|Protosynthesis|[silent]
|switch|p2a: Kamen Rider Burr|Slowking-Galar, M|76/100
|move|p1a: Corviknight|Body Press|p2a: Kamen Rider Burr
|-resisted|p2a: Kamen Rider Burr
|-damage|p2a: Kamen Rider Burr|69/100
|
|upkeep
|turn|20
|
|t:|1769310027
|switch|p1a: Joseph Stallin|Blissey, F|65/100
|move|p2a: Kamen Rider Burr|Future Sight|p1a: Joseph Stallin
|-start|p2a: Kamen Rider Burr|move: Future Sight
|
|upkeep
|turn|21
|
|t:|1769310030
|move|p1a: Joseph Stallin|Soft-Boiled|p1a: Joseph Stallin
|-heal|p1a: Joseph Stallin|100/100
|-prepare|p2a: Kamen Rider Burr|Chilly Reception|[premajor]
|move|p2a: Kamen Rider Burr|Chilly Reception|p2a: Kamen Rider Burr
|-weather|Snowscape
|
|t:|1769310034
|switch|p2a: Kamen Rider SwarmX|Lokix, M, shiny|59/100|[from] Chilly Reception
|
|-weather|Snowscape|[upkeep]
|upkeep
|turn|22
|
|t:|1769310048
|switch|p1a: Corviknight|Corviknight, F|91/100
|-damage|p1a: Corviknight|79/100|[from] Stealth Rock
|-ability|p1a: Corviknight|Pressure
|move|p2a: Kamen Rider SwarmX|Knock Off|p1a: Corviknight
|-damage|p1a: Corviknight|50/100
|
|-weather|Snowscape|[upkeep]
|-end|p1a: Corviknight|move: Future Sight
|-resisted|p1a: Corviknight
|-damage|p1a: Corviknight|26/100
|upkeep
|turn|23
|
|t:|1769310057
|move|p2a: Kamen Rider SwarmX|Knock Off|p1a: Corviknight
|-damage|p1a: Corviknight|0 fnt
|faint|p1a: Corviknight
|
|-weather|Snowscape|[upkeep]
|upkeep
|
|t:|1769310061
|switch|p1a: Gliscor|Gliscor, M|100/100
|-damage|p1a: Gliscor|88/100|[from] Stealth Rock
|turn|24
|
|t:|1769310065
|switch|p2a: Kamen Rider Torque|Great Tusk|66/100
|move|p1a: Gliscor|Protect||[still]
|-fail|p1a: Gliscor
|
|-weather|Snowscape|[upkeep]
|-status|p1a: Gliscor|tox|[from] item: Toxic Orb
|upkeep
|turn|25
|
|t:|1769310067
|move|p1a: Gliscor|Protect|p1a: Gliscor
|-singleturn|p1a: Gliscor|Protect
|move|p2a: Kamen Rider Torque|Ice Spinner|p1a: Gliscor
|-activate|p1a: Gliscor|move: Protect
|
|-weather|none
|-heal|p1a: Gliscor|100/100 tox|[from] ability: Poison Heal
|upkeep
|turn|26
|
|t:|1769310071
|switch|p1a: Garganacl|Garganacl, M, tera:Fairy|100/100
|-damage|p1a: Garganacl|88/100|[from] Stealth Rock
|move|p2a: Kamen Rider Torque|Ice Spinner|p1a: Garganacl
|-damage|p1a: Garganacl|70/100
|
|-heal|p1a: Garganacl|76/100|[from] item: Leftovers
|upkeep
|turn|27
|
|t:|1769310075
|move|p2a: Kamen Rider Torque|Headlong Rush|p1a: Garganacl
|-damage|p1a: Garganacl|32/100
|-unboost|p2a: Kamen Rider Torque|def|1
|-unboost|p2a: Kamen Rider Torque|spd|1
|move|p1a: Garganacl|Salt Cure|p2a: Kamen Rider Torque
|-resisted|p2a: Kamen Rider Torque
|-damage|p2a: Kamen Rider Torque|62/100
|-start|p2a: Kamen Rider Torque|Salt Cure
|
|-heal|p1a: Garganacl|39/100|[from] item: Leftovers
|-damage|p2a: Kamen Rider Torque|50/100|[from] Salt Cure
|upkeep
|turn|28
|
|t:|1769310079
|move|p1a: Garganacl|Protect|p1a: Garganacl
|-singleturn|p1a: Garganacl|Protect
|move|p2a: Kamen Rider Torque|Headlong Rush|p1a: Garganacl
|-activate|p1a: Garganacl|move: Protect
|
|-heal|p1a: Garganacl|45/100|[from] item: Leftovers
|-damage|p2a: Kamen Rider Torque|37/100|[from] Salt Cure
|upkeep
|turn|29
|
|t:|1769310084
|move|p2a: Kamen Rider Torque|Headlong Rush|p1a: Garganacl
|-damage|p1a: Garganacl|6/100
|-unboost|p2a: Kamen Rider Torque|def|1
|-unboost|p2a: Kamen Rider Torque|spd|1
|move|p1a: Garganacl|Recover|p1a: Garganacl
|-heal|p1a: Garganacl|56/100
|
|-heal|p1a: Garganacl|62/100|[from] item: Leftovers
|-damage|p2a: Kamen Rider Torque|25/100|[from] Salt Cure
|upkeep
|turn|30
|
|t:|1769310089
|-end|p2a: Kamen Rider Torque|Protosynthesis|[silent]
|switch|p2a: Kamen Rider Burr|Slowking-Galar, M|100/100
|move|p1a: Garganacl|Recover|p1a: Garganacl
|-heal|p1a: Garganacl|100/100
|
|upkeep
|turn|31
|
|t:|1769310102
|move|p1a: Garganacl|Stealth Rock|p2a: Kamen Rider Burr
|-sidestart|p2: Noamm|move: Stealth Rock
|move|p2a: Kamen Rider Burr|Sludge Bomb|p1a: Garganacl
|-supereffective|p1a: Garganacl
|-damage|p1a: Garganacl|53/100
|
|-heal|p1a: Garganacl|59/100|[from] item: Leftovers
|upkeep
|turn|32
|
|t:|1769310108
|move|p1a: Garganacl|Salt Cure|p2a: Kamen Rider Burr
|-damage|p2a: Kamen Rider Burr|86/100
|-start|p2a: Kamen Rider Burr|Salt Cure
|move|p2a: Kamen Rider Burr|Sludge Bomb|p1a: Garganacl
|-supereffective|p1a: Garganacl
|-damage|p1a: Garganacl|16/100
|
|-heal|p1a: Garganacl|22/100|[from] item: Leftovers
|-damage|p2a: Kamen Rider Burr|73/100|[from] Salt Cure
|upkeep
|turn|33
|
|t:|1769310111
|move|p1a: Garganacl|Recover|p1a: Garganacl
|-heal|p1a: Garganacl|72/100
|move|p2a: Kamen Rider Burr|Sludge Bomb|p1a: Garganacl
|-supereffective|p1a: Garganacl
|-damage|p1a: Garganacl|23/100
|
|-heal|p1a: Garganacl|29/100|[from] item: Leftovers
|-damage|p2a: Kamen Rider Burr|61/100|[from] Salt Cure
|upkeep
|turn|34
|
|t:|1769310114
|move|p1a: Garganacl|Recover|p1a: Garganacl
|-heal|p1a: Garganacl|79/100
|move|p2a: Kamen Rider Burr|Sludge Bomb|p1a: Garganacl
|-supereffective|p1a: Garganacl
|-damage|p1a: Garganacl|31/100
|
|-heal|p1a: Garganacl|38/100|[from] item: Leftovers
|-damage|p2a: Kamen Rider Burr|48/100|[from] Salt Cure
|upkeep
|turn|35
|
|t:|1769310117
|move|p1a: Garganacl|Recover|p1a: Garganacl
|-heal|p1a: Garganacl|88/100
|-prepare|p2a: Kamen Rider Burr|Chilly Reception|[premajor]
|move|p2a: Kamen Rider Burr|Chilly Reception|p2a: Kamen Rider Burr
|-weather|Snowscape
|
|t:|1769310127
|switch|p2a: Kamen Rider Torque|Great Tusk|25/100|[from] Chilly Reception
|
|-weather|Snowscape|[upkeep]
|-heal|p1a: Garganacl|94/100|[from] item: Leftovers
|upkeep
|turn|36
|
|t:|1769310142
|-end|p2a: Kamen Rider Torque|Protosynthesis|[silent]
|switch|p2a: Kamen Rider Burr|Slowking-Galar, M|82/100
|move|p1a: Garganacl|Salt Cure|p2a: Kamen Rider Burr
|-crit|p2a: Kamen Rider Burr
|-damage|p2a: Kamen Rider Burr|60/100
|-start|p2a: Kamen Rider Burr|Salt Cure
|
|-weather|Snowscape|[upkeep]
|-heal|p1a: Garganacl|99/100|[from] item: Leftovers
|-damage|p2a: Kamen Rider Burr|48/100|[from] Salt Cure
|upkeep
|turn|37
|
|t:|1769310147
|move|p1a: Garganacl|Protect|p1a: Garganacl
|-singleturn|p1a: Garganacl|Protect
|-prepare|p2a: Kamen Rider Burr|Chilly Reception|[premajor]
|move|p2a: Kamen Rider Burr|Chilly Reception|p2a: Kamen Rider Burr
|
|t:|1769310199
|switch|p2a: Kamen Rider Torque|Great Tusk|25/100|[from] Chilly Reception
|
|-weather|Snowscape|[upkeep]
|-heal|p1a: Garganacl|100/100|[from] item: Leftovers
|upkeep
|turn|38
|
|t:|1769310203
|move|p2a: Kamen Rider Torque|Rapid Spin|p1a: Garganacl
|-damage|p1a: Garganacl|89/100
|-boost|p2a: Kamen Rider Torque|spe|1
|-sideend|p2: Noamm|Stealth Rock|[from] move: Rapid Spin|[of] p2a: Kamen Rider Torque
|move|p1a: Garganacl|Salt Cure|p2a: Kamen Rider Torque
|-resisted|p2a: Kamen Rider Torque
|-damage|p2a: Kamen Rider Torque|23/100
|-start|p2a: Kamen Rider Torque|Salt Cure
|
|-weather|Snowscape|[upkeep]
|-heal|p1a: Garganacl|95/100|[from] item: Leftovers
|-damage|p2a: Kamen Rider Torque|10/100|[from] Salt Cure
|upkeep
|turn|39
|
|t:|1769310209
|move|p2a: Kamen Rider Torque|Headlong Rush|p1a: Garganacl
|-damage|p1a: Garganacl|53/100
|-unboost|p2a: Kamen Rider Torque|def|1
|-unboost|p2a: Kamen Rider Torque|spd|1
|move|p1a: Garganacl|Stealth Rock|p2a: Kamen Rider Torque
|-sidestart|p2: Noamm|move: Stealth Rock
|
|-weather|none
|-heal|p1a: Garganacl|60/100|[from] item: Leftovers
|-damage|p2a: Kamen Rider Torque|0 fnt|[from] Salt Cure
|faint|p2a: Kamen Rider Torque
|-end|p2a: Kamen Rider Torque|Protosynthesis|[silent]
|upkeep
|
|t:|1769310215
|switch|p2a: Kamen Rider Burr|Slowking-Galar, M|81/100
|turn|40
|
|t:|1769310218
|switch|p1a: Gholdengo|Gholdengo|100/100
|-damage|p1a: Gholdengo|94/100|[from] Stealth Rock
|-item|p1a: Gholdengo|Air Balloon
|move|p2a: Kamen Rider Burr|Sludge Bomb|p1a: Gholdengo
|-immune|p1a: Gholdengo
|
|upkeep
|turn|41
|
|t:|1769310228
|move|p1a: Gholdengo|Make It Rain|p2a: Kamen Rider Burr
|-damage|p2a: Kamen Rider Burr|49/100
|-unboost|p1a: Gholdengo|spa|1
|-prepare|p2a: Kamen Rider Burr|Chilly Reception|[premajor]
|move|p2a: Kamen Rider Burr|Chilly Reception|p2a: Kamen Rider Burr
|-weather|Snowscape
|
|t:|1769310237
|switch|p2a: Kamen Rider Shade|Dragapult, M, shiny|100/100|[from] Chilly Reception
|-damage|p2a: Kamen Rider Shade|88/100|[from] Stealth Rock
|
|-weather|Snowscape|[upkeep]
|upkeep
|turn|42
|
|t:|1769310252
|switch|p1a: Joseph Stallin|Blissey, F|100/100
|move|p2a: Kamen Rider Shade|U-turn|p1a: Joseph Stallin
|-damage|p1a: Joseph Stallin|82/100
|
|t:|1769310274
|switch|p2a: Kamen Rider SwarmX|Lokix, M, shiny|59/100|[from] U-turn
|-damage|p2a: Kamen Rider SwarmX|34/100|[from] Stealth Rock
|
|-weather|Snowscape|[upkeep]
|upkeep
|turn|43
|
|t:|1769310289
|switch|p1a: Gliscor|Gliscor, M|100/100 tox
|-damage|p1a: Gliscor|88/100 tox|[from] Stealth Rock
|-terastallize|p2a: Kamen Rider SwarmX|Bug
|move|p2a: Kamen Rider SwarmX|Leech Life|p1a: Gliscor
|-resisted|p1a: Gliscor
|-damage|p1a: Gliscor|28/100 tox
|-heal|p2a: Kamen Rider SwarmX|72/100|[from] drain|[of] p1a: Gliscor
|
|-weather|Snowscape|[upkeep]
|-heal|p1a: Gliscor|41/100 tox|[from] ability: Poison Heal
|upkeep
|turn|44
|
|t:|1769310293
|move|p1a: Gliscor|Protect|p1a: Gliscor
|-singleturn|p1a: Gliscor|Protect
|move|p2a: Kamen Rider SwarmX|Leech Life|p1a: Gliscor
|-activate|p1a: Gliscor|move: Protect
|
|-weather|Snowscape|[upkeep]
|-heal|p1a: Gliscor|53/100 tox|[from] ability: Poison Heal
|upkeep
|turn|45
|
|t:|1769310299
|switch|p1a: Dondozo|Dondozo, F|100/100
|move|p2a: Kamen Rider SwarmX|Leech Life|p1a: Dondozo
|-damage|p1a: Dondozo|66/100
|-heal|p2a: Kamen Rider SwarmX|100/100|[from] drain|[of] p1a: Dondozo
|
|-weather|none
|upkeep
|turn|46
|
|t:|1769310304
|move|p2a: Kamen Rider SwarmX|Leech Life|p1a: Dondozo
|-damage|p1a: Dondozo|32/100
|move|p1a: Dondozo|Avalanche|p2a: Kamen Rider SwarmX
|-damage|p2a: Kamen Rider SwarmX|56/100
|
|upkeep
|turn|47
|
|t:|1769310310
|move|p2a: Kamen Rider SwarmX|Leech Life|p1a: Dondozo
|-damage|p1a: Dondozo|0 fnt
|-heal|p2a: Kamen Rider SwarmX|85/100|[from] drain|[of] p1a: Dondozo
|faint|p1a: Dondozo
|
|upkeep
|
|t:|1769310315
|switch|p1a: Gholdengo|Gholdengo|94/100
|-damage|p1a: Gholdengo|88/100|[from] Stealth Rock
|-item|p1a: Gholdengo|Air Balloon
|turn|48
|-message|aver_stall_enjoyer forfeited.
|
|win|Noamm
|raw|aver_stall_enjoyer's rating: 1504 &rarr; <strong>1488</strong><br />(-16 for losing)
|raw|Noamm's rating: 1572 &rarr; <strong>1588</strong><br />(+16 for winning)
|l|☆aver_stall_enjoyer
|player|p1|
|c|☆Noamm|Masterful gambit
