|j|☆oas15
|j|‽ilbkjbi
|t:|1769407354
|gametype|singles
|player|p1|oas15|veteran-gen4|1099
|player|p2|ilbkjbi|169|1140
|gen|9
|tier|[Gen 9] OU
|rated|
|rule|HP Percentage Mod: HP is shown in percentages
|rule|Endless Battle Clause: Forcing endless battles is banned
|rule|Species Clause: Limit one of each Pokémon
|rule|OHKO Clause: OHKO moves are banned
|rule|Evasion Items Clause: Evasion items are banned
|rule|Evasion Moves Clause: Evasion moves are banned
|rule|Evasion Abilities Clause: Evasion abilities are banned
|rule|Sleep Moves Clause: Sleep-inducing moves are banned
|clearpoke
|poke|p1|Gholdengo|
|poke|p1|Sableye, M|
|poke|p1|Mimikyu, F|
|poke|p1|Skeledirge, M|
|poke|p1|Golurk|
|poke|p1|Brambleghast, M|
|poke|p2|Zorua-Hisui, F|
|poke|p2|Ogerpon, F|
|poke|p2|Alomomola, L99, F|
|poke|p2|Slowking-Galar, M|
|poke|p2|Raging Bolt|
|poke|p2|Dragonite, F|
|teampreview
|
|t:|1769407386
|teamsize|p1|6
|teamsize|p2|6
|start
|switch|p1a: Brambleghast|Brambleghast, M|100/100
|switch|p2a: Dragonite|Dragonite, F|100/100
|turn|1
|
|t:|1769407394
|move|p2a: Dragonite|Trick|p1a: Brambleghast
|-activate|p2a: Dragonite|move: Trick|[of] p1a: Brambleghast
|-item|p1a: Brambleghast|Choice Scarf|[from] move: Trick
|-item|p2a: Dragonite|Leftovers|[from] move: Trick
|move|p1a: Brambleghast|Leech Seed|p2a: Dragonite
|-start|p2a: Dragonite|move: Leech Seed
|
|-damage|p2a: Dragonite|88/100|[from] Leech Seed|[of] p1a: Brambleghast
|upkeep
|turn|2
|
|t:|1769407409
|switch|p1a: Golurk|Golurk|100/100
|move|p2a: Dragonite|Taunt|p1a: Golurk
|-start|p1a: Golurk|move: Taunt
|
|-heal|p2a: Dragonite|94/100|[from] item: Leftovers
|-damage|p2a: Dragonite|82/100|[from] Leech Seed|[of] p1a: Golurk
|upkeep
|turn|3
|
|t:|1769407418
|move|p2a: Dragonite|Memento|p1a: Golurk
|-unboost|p1a: Golurk|atk|2
|-unboost|p1a: Golurk|spa|2
|faint|p2a: Dragonite
|move|p1a: Golurk|Poltergeist|p2: Zorua|[notarget]
|-fail|p1a: Golurk
|
|upkeep
|
|t:|1769407424
|switch|p2a: Dragonite|Dragonite, F|100/100
|turn|4
|
|t:|1769407433
|switch|p1a: Sableye|Sableye, M|100/100
|move|p2a: Dragonite|Air Slash|p1a: Sableye
|-damage|p1a: Sableye|61/100
|
|upkeep
|turn|5
|
|t:|1769407442
|move|p1a: Sableye|Recover|p1a: Sableye
|-heal|p1a: Sableye|100/100
|move|p2a: Dragonite|Thunder Wave|p1a: Sableye
|-status|p1a: Sableye|par
|
|upkeep
|turn|6
|
|t:|1769407448
|cant|p1a: Sableye|par
|move|p2a: Dragonite|Air Slash|p1a: Sableye
|-damage|p1a: Sableye|59/100 par
|
|upkeep
|turn|7
|
|t:|1769407455
|switch|p1a: Brambleghast|Brambleghast, M|100/100
|move|p2a: Dragonite|Air Slash|p1a: Brambleghast
|-supereffective|p1a: Brambleghast
|-damage|p1a: Brambleghast|31/100
|
|upkeep
|turn|8
|
|t:|1769407464
|move|p1a: Brambleghast|Curse|p2a: Dragonite
|-start|p2a: Dragonite|Curse|[of] p1a: Brambleghast
|-damage|p1a: Brambleghast|0 fnt
|faint|p1a: Brambleghast
|move|p2a: Dragonite|Air Slash|p1: Brambleghast|[notarget]
|-fail|p2a: Dragonite
|
|-damage|p2a: Dragonite|76/100|[from] Curse
|upkeep
|-message|ilbkjbi forfeited.
|
|win|oas15
|raw|oas15's rating: 1099 &rarr; <strong>1127</strong><br />(+28 for winning)
|raw|ilbkjbi's rating: 1140 &rarr; <strong>1112</strong><br />(-28 for losing)
|l|‽ilbkjbi
|player|p2|
|l|☆oas15
|player|p1|
