|j|☆youraveragegohard
|j|☆gabreil2008
|t:|1769326701
|gametype|singles
|player|p1|youraveragegohard|dawn|1164
|player|p2|gabreil2008|n|1125
|gen|9
|tier|[Gen 9] OU
|rated|
|rule|HP Percentage Mod: HP is shown in percentages
|rule|Endless Battle Clause: Forcing endless battles is banned
|rule|Species Clause: Limit one of each Pokémon
|rule|OHKO Clause: OHKO moves are banned
|rule|Evasion Items Clause: Evasion items are banned
|rule|Evasion Moves Clause: Evasion moves are banned
|rule|Evasion Abilities Clause: Evasion abilities are banned
|rule|Sleep Moves Clause: Sleep-inducing moves are banned
|clearpoke
|poke|p1|Dondozo, F|
|poke|p1|Blissey, F|
|poke|p1|Corviknight, M|
|poke|p1|Slowbro, F|
|poke|p1|Clodsire, M|
|poke|p1|Skeledirge, M|
|poke|p2|Tinkaton, F|
|poke|p2|Kingambit, F|
|poke|p2|Rillaboom, F|
|poke|p2|Kyurem|
|poke|p2|Corviknight, M|
|poke|p2|Samurott-Hisui, M|
|teampreview
|
|t:|1769326719
|teamsize|p1|6
|teamsize|p2|6
|start
|switch|p1a: Clodsire|Clodsire, M|100/100
|switch|p2a: Samurott|Samurott-Hisui, M|100/100
|turn|1
|inactive|Battle timer is ON: inactive players will automatically lose when time's up. (requested by gabreil2008)
|
|t:|1769326728
|move|p2a: Samurott|Razor Shell|p1a: Clodsire
|-supereffective|p1a: Clodsire
|-damage|p1a: Clodsire|2/100
|move|p1a: Clodsire|Substitute|p1a: Clodsire
|-fail|p1a: Clodsire|move: Substitute|[weak]
|
|-heal|p1a: Clodsire|8/100|[from] item: Leftovers
|upkeep
|turn|2
|
|t:|1769326736
|move|p2a: Samurott|Ceaseless Edge|p1a: Clodsire
|-damage|p1a: Clodsire|0 fnt
|-sidestart|p1: youraveragegohard|Spikes
|faint|p1a: Clodsire
|
|upkeep
|j| TransGirlHexManiac
|l| TransGirlHexManiac
|
|t:|1769326745
|switch|p1a: Slowbro|Slowbro, F|100/100
|-damage|p1a: Slowbro|88/100|[from] Spikes
|turn|3
|
|t:|1769326751
|move|p1a: Slowbro|Protect|p1a: Slowbro
|-singleturn|p1a: Slowbro|Protect
|move|p2a: Samurott|Ceaseless Edge|p1a: Slowbro
|-activate|p1a: Slowbro|move: Protect
|
|-heal|p1a: Slowbro|94/100|[from] item: Leftovers
|upkeep
|turn|4
|
|t:|1769326761
|move|p2a: Samurott|Knock Off|p1a: Slowbro
|-supereffective|p1a: Slowbro
|-damage|p1a: Slowbro|48/100
|-enditem|p1a: Slowbro|Leftovers|[from] move: Knock Off|[of] p2a: Samurott
|move|p1a: Slowbro|Slack Off|p1a: Slowbro
|-heal|p1a: Slowbro|98/100
|
|upkeep
|turn|5
|
|t:|1769326769
|switch|p1a: Dondozo|Dondozo, F|100/100
|-damage|p1a: Dondozo|88/100|[from] Spikes
|move|p2a: Samurott|Ceaseless Edge|p1a: Dondozo
|-damage|p1a: Dondozo|70/100
|-sidestart|p1: youraveragegohard|Spikes
|
|-heal|p1a: Dondozo|76/100|[from] item: Leftovers
|upkeep
|turn|6
|
|t:|1769326779
|move|p2a: Samurott|Ceaseless Edge|p1a: Dondozo
|-damage|p1a: Dondozo|56/100
|-sidestart|p1: youraveragegohard|Spikes
|move|p1a: Dondozo|Substitute|p1a: Dondozo
|-start|p1a: Dondozo|Substitute
|-damage|p1a: Dondozo|31/100
|
|-heal|p1a: Dondozo|37/100|[from] item: Leftovers
|upkeep
|turn|7
|
|t:|1769326788
|switch|p2a: Tinkaton|Tinkaton, F, shiny|100/100
|-item|p2a: Tinkaton|Air Balloon
|move|p1a: Dondozo|Protect||[still]
|-fail|p1a: Dondozo
|
|-heal|p1a: Dondozo|43/100|[from] item: Leftovers
|upkeep
|turn|8
|
|t:|1769326797
|move|p2a: Tinkaton|Stealth Rock|p1a: Dondozo
|-sidestart|p1: youraveragegohard|move: Stealth Rock
|move|p1a: Dondozo|Rest|p1a: Dondozo
|-status|p1a: Dondozo|slp|[from] move: Rest
|-heal|p1a: Dondozo|100/100 slp|[silent]
|
|upkeep
|turn|9
|
|t:|1769326805
|move|p2a: Tinkaton|Encore|p1a: Dondozo
|-start|p1a: Dondozo|Encore
|cant|p1a: Dondozo|slp
|
|upkeep
|turn|10
|
|t:|1769326810
|move|p2a: Tinkaton|Gigaton Hammer|p1a: Dondozo
|-resisted|p1a: Dondozo
|-activate|p1a: Dondozo|move: Substitute|[damage]
|cant|p1a: Dondozo|slp
|
|upkeep
|turn|11
|
|t:|1769326816
|move|p2a: Tinkaton|Thunder Wave|p1a: Dondozo|[miss]
|-miss|p2a: Tinkaton|p1a: Dondozo
|-curestatus|p1a: Dondozo|slp|[msg]
|move|p1a: Dondozo|Rest|p1a: Dondozo
|-fail|p1a: Dondozo|heal
|
|-end|p1a: Dondozo|Encore
|upkeep
|turn|12
|
|t:|1769326829
|move|p1a: Dondozo|Protect|p1a: Dondozo
|-singleturn|p1a: Dondozo|Protect
|move|p2a: Tinkaton|Encore|p1a: Dondozo
|-activate|p1a: Dondozo|move: Protect
|
|upkeep
|turn|13
|
|t:|1769326843
|move|p2a: Tinkaton|Gigaton Hammer|p1a: Dondozo
|-resisted|p1a: Dondozo
|-activate|p1a: Dondozo|move: Substitute|[damage]
|move|p1a: Dondozo|Substitute|p1a: Dondozo
|-fail|p1a: Dondozo|move: Substitute
|
|upkeep
|turn|14
|
|t:|1769326852
|move|p1a: Dondozo|Protect|p1a: Dondozo
|-singleturn|p1a: Dondozo|Protect
|move|p2a: Tinkaton|Encore|p1a: Dondozo
|-activate|p1a: Dondozo|move: Protect
|
|upkeep
|turn|15
|
|t:|1769326858
|move|p2a: Tinkaton|Gigaton Hammer|p1a: Dondozo
|-resisted|p1a: Dondozo
|-end|p1a: Dondozo|Substitute
|move|p1a: Dondozo|Substitute|p1a: Dondozo
|-start|p1a: Dondozo|Substitute
|-damage|p1a: Dondozo|75/100
|
|-heal|p1a: Dondozo|82/100|[from] item: Leftovers
|upkeep
|turn|16
|
|t:|1769326866
|switch|p2a: Corviknight|Corviknight, M|100/100
|-ability|p2a: Corviknight|Pressure
|move|p1a: Dondozo|Protect||[still]
|-fail|p1a: Dondozo
|
|-heal|p1a: Dondozo|88/100|[from] item: Leftovers
|upkeep
|turn|17
|
|t:|1769326876
|move|p2a: Corviknight|Body Press|p1a: Dondozo
|-activate|p1a: Dondozo|move: Substitute|[damage]
|move|p1a: Dondozo|Substitute|p1a: Dondozo
|-fail|p1a: Dondozo|move: Substitute
|
|-heal|p1a: Dondozo|94/100|[from] item: Leftovers
|upkeep
|turn|18
|
|t:|1769326886
|move|p2a: Corviknight|Body Press|p1a: Dondozo
|-activate|p1a: Dondozo|move: Substitute|[damage]
|move|p1a: Dondozo|Sleep Talk||[still]
|-fail|p1a: Dondozo
|
|-heal|p1a: Dondozo|99/100|[from] item: Leftovers
|upkeep
|turn|19
|
|t:|1769326893
|move|p2a: Corviknight|Body Press|p1a: Dondozo
|-end|p1a: Dondozo|Substitute
|move|p1a: Dondozo|Sleep Talk||[still]
|-fail|p1a: Dondozo
|
|-heal|p1a: Dondozo|100/100|[from] item: Leftovers
|upkeep
|turn|20
|
|t:|1769326900
|move|p2a: Corviknight|Body Press|p1a: Dondozo
|-damage|p1a: Dondozo|89/100
|move|p1a: Dondozo|Substitute|p1a: Dondozo
|-start|p1a: Dondozo|Substitute
|-damage|p1a: Dondozo|64/100
|
|-heal|p1a: Dondozo|70/100|[from] item: Leftovers
|upkeep
|turn|21
|
|t:|1769326910
|switch|p2a: Kyurem|Kyurem|100/100
|-ability|p2a: Kyurem|Pressure
|move|p1a: Dondozo|Sleep Talk||[still]
|-fail|p1a: Dondozo
|
|-heal|p1a: Dondozo|76/100|[from] item: Leftovers
|upkeep
|turn|22
|
|t:|1769326918
|move|p1a: Dondozo|Protect|p1a: Dondozo
|-singleturn|p1a: Dondozo|Protect
|move|p2a: Kyurem|Freeze-Dry|p1a: Dondozo
|-activate|p1a: Dondozo|move: Protect
|
|-heal|p1a: Dondozo|82/100|[from] item: Leftovers
|upkeep
|turn|23
|
|t:|1769326927
|move|p2a: Kyurem|Freeze-Dry|p1a: Dondozo
|-supereffective|p1a: Dondozo
|-end|p1a: Dondozo|Substitute
|move|p1a: Dondozo|Sleep Talk||[still]
|-fail|p1a: Dondozo
|
|-heal|p1a: Dondozo|89/100|[from] item: Leftovers
|upkeep
|turn|24
|
|t:|1769326934
|move|p1a: Dondozo|Protect|p1a: Dondozo
|-singleturn|p1a: Dondozo|Protect
|move|p2a: Kyurem|Freeze-Dry|p1a: Dondozo
|-activate|p1a: Dondozo|move: Protect
|
|-heal|p1a: Dondozo|95/100|[from] item: Leftovers
|upkeep
|turn|25
|
|t:|1769326941
|switch|p1a: Skeledirge|Skeledirge, M|100/100
|-damage|p1a: Skeledirge|75/100|[from] Spikes
|-damage|p1a: Skeledirge|50/100|[from] Stealth Rock
|move|p2a: Kyurem|Freeze-Dry|p1a: Skeledirge
|-resisted|p1a: Skeledirge
|-damage|p1a: Skeledirge|32/100
|
|-heal|p1a: Skeledirge|38/100|[from] item: Leftovers
|upkeep
|turn|26
|
|t:|1769326956
|switch|p2a: Samurott|Samurott-Hisui, M|100/100
|move|p1a: Skeledirge|Protect||[still]
|-fail|p1a: Skeledirge
|
|-heal|p1a: Skeledirge|44/100|[from] item: Leftovers
|upkeep
|turn|27
|
|t:|1769326963
|switch|p1a: Dondozo|Dondozo, F|95/100
|-damage|p1a: Dondozo|70/100|[from] Spikes
|-damage|p1a: Dondozo|57/100|[from] Stealth Rock
|move|p2a: Samurott|Razor Shell|p1a: Dondozo
|-resisted|p1a: Dondozo
|-damage|p1a: Dondozo|46/100
|
|-heal|p1a: Dondozo|52/100|[from] item: Leftovers
|upkeep
|turn|28
|
|t:|1769326973
|move|p2a: Samurott|Knock Off|p1a: Dondozo
|-damage|p1a: Dondozo|34/100
|-enditem|p1a: Dondozo|Leftovers|[from] move: Knock Off|[of] p2a: Samurott
|move|p1a: Dondozo|Rest|p1a: Dondozo
|-status|p1a: Dondozo|slp|[from] move: Rest
|-heal|p1a: Dondozo|100/100 slp|[silent]
|
|upkeep
|turn|29
|
|t:|1769326980
|switch|p2a: Kyurem|Kyurem|100/100
|-ability|p2a: Kyurem|Pressure
|cant|p1a: Dondozo|slp
|move|p1a: Dondozo|Sleep Talk|p1a: Dondozo
|move|p1a: Dondozo|Protect||[from] move: Sleep Talk|[still]
|-fail|p1a: Dondozo
|
|upkeep
|turn|30
|
|t:|1769326989
|move|p2a: Kyurem|Freeze-Dry|p1a: Dondozo
|-supereffective|p1a: Dondozo
|-damage|p1a: Dondozo|0 fnt
|faint|p1a: Dondozo
|
|upkeep
|
|t:|1769326993
|switch|p1a: Blissey|Blissey, F|100/100
|-damage|p1a: Blissey|76/100|[from] Spikes
|-damage|p1a: Blissey|63/100|[from] Stealth Rock
|turn|31
|
|t:|1769327002
|switch|p2a: Corviknight|Corviknight, M|100/100
|-ability|p2a: Corviknight|Pressure
|move|p1a: Blissey|Protect||[still]
|-fail|p1a: Blissey
|
|-heal|p1a: Blissey|69/100|[from] item: Leftovers
|upkeep
|turn|32
|
|t:|1769327008
|move|p1a: Blissey|Protect|p1a: Blissey
|-singleturn|p1a: Blissey|Protect
|move|p2a: Corviknight|Body Press|p1a: Blissey
|-activate|p1a: Blissey|move: Protect
|
|-heal|p1a: Blissey|75/100|[from] item: Leftovers
|upkeep
|turn|33
|
|t:|1769327015
|move|p2a: Corviknight|Body Press|p1a: Blissey
|-supereffective|p1a: Blissey
|-damage|p1a: Blissey|33/100
|move|p1a: Blissey|Soft-Boiled|p1a: Blissey
|-heal|p1a: Blissey|83/100
|
|-heal|p1a: Blissey|89/100|[from] item: Leftovers
|upkeep
|turn|34
|
|t:|1769327024
|switch|p2a: Samurott|Samurott-Hisui, M|100/100
|move|p1a: Blissey|Substitute|p1a: Blissey
|-start|p1a: Blissey|Substitute
|-damage|p1a: Blissey|64/100
|
|-heal|p1a: Blissey|70/100|[from] item: Leftovers
|upkeep
|turn|35
|
|t:|1769327034
|move|p1a: Blissey|Protect|p1a: Blissey
|-singleturn|p1a: Blissey|Protect
|move|p2a: Samurott|Ceaseless Edge|p1a: Blissey
|-activate|p1a: Blissey|move: Protect
|
|-heal|p1a: Blissey|76/100|[from] item: Leftovers
|upkeep
|turn|36
|
|t:|1769327042
|move|p2a: Samurott|Ceaseless Edge|p1a: Blissey
|-end|p1a: Blissey|Substitute
|move|p1a: Blissey|Heal Bell||[still]
|-activate|p1a: Blissey|move: Heal Bell
|-fail|p1a: Blissey
|
|-heal|p1a: Blissey|82/100|[from] item: Leftovers
|upkeep
|turn|37
|
|t:|1769327050
|move|p2a: Samurott|Knock Off|p1a: Blissey
|-damage|p1a: Blissey|47/100
|-enditem|p1a: Blissey|Leftovers|[from] move: Knock Off|[of] p2a: Samurott
|move|p1a: Blissey|Substitute|p1a: Blissey
|-start|p1a: Blissey|Substitute
|-damage|p1a: Blissey|22/100
|
|upkeep
|turn|38
|
|t:|1769327059
|switch|p2a: Corviknight|Corviknight, M|100/100
|-ability|p2a: Corviknight|Pressure
|move|p1a: Blissey|Soft-Boiled|p1a: Blissey
|-heal|p1a: Blissey|72/100
|
|upkeep
|turn|39
|
|t:|1769327067
|move|p1a: Blissey|Protect|p1a: Blissey
|-singleturn|p1a: Blissey|Protect
|move|p2a: Corviknight|Body Press|p1a: Blissey
|-activate|p1a: Blissey|move: Protect
|
|upkeep
|turn|40
|
|t:|1769327073
|move|p2a: Corviknight|Body Press|p1a: Blissey
|-supereffective|p1a: Blissey
|-end|p1a: Blissey|Substitute
|move|p1a: Blissey|Substitute|p1a: Blissey
|-start|p1a: Blissey|Substitute
|-damage|p1a: Blissey|47/100
|
|upkeep
|turn|41
|
|t:|1769327081
|move|p2a: Corviknight|Body Press|p1a: Blissey
|-supereffective|p1a: Blissey
|-end|p1a: Blissey|Substitute
|move|p1a: Blissey|Soft-Boiled|p1a: Blissey
|-heal|p1a: Blissey|97/100
|
|upkeep
|turn|42
|
|t:|1769327087
|move|p1a: Blissey|Protect|p1a: Blissey
|-singleturn|p1a: Blissey|Protect
|move|p2a: Corviknight|Body Press|p1a: Blissey
|-activate|p1a: Blissey|move: Protect
|
|upkeep
|turn|43
|
|t:|1769327093
|move|p2a: Corviknight|Body Press|p1a: Blissey
|-supereffective|p1a: Blissey
|-damage|p1a: Blissey|47/100
|move|p1a: Blissey|Substitute|p1a: Blissey
|-start|p1a: Blissey|Substitute
|-damage|p1a: Blissey|22/100
|
|upkeep
|turn|44
|
|t:|1769327100
|move|p2a: Corviknight|U-turn|p1a: Blissey
|-activate|p1a: Blissey|move: Substitute|[damage]
|
|t:|1769327108
|switch|p2a: Tinkaton|Tinkaton, F, shiny|100/100|[from] U-turn
|-item|p2a: Tinkaton|Air Balloon
|move|p1a: Blissey|Soft-Boiled|p1a: Blissey
|-heal|p1a: Blissey|72/100
|
|upkeep
|turn|45
|
|t:|1769327116
|move|p1a: Blissey|Protect|p1a: Blissey
|-singleturn|p1a: Blissey|Protect
|move|p2a: Tinkaton|Gigaton Hammer|p1a: Blissey
|-activate|p1a: Blissey|move: Protect
|
|upkeep
|turn|46
|
|t:|1769327125
|move|p2a: Tinkaton|Thunder Wave|p1a: Blissey|[miss]
|-miss|p2a: Tinkaton|p1a: Blissey
|move|p1a: Blissey|Substitute|p1a: Blissey
|-fail|p1a: Blissey|move: Substitute
|
|upkeep
|turn|47
|
|t:|1769327132
|switch|p2a: Corviknight|Corviknight, M|100/100
|-ability|p2a: Corviknight|Pressure
|move|p1a: Blissey|Substitute|p1a: Blissey
|-fail|p1a: Blissey|move: Substitute
|
|upkeep
|turn|48
|
|t:|1769327140
|move|p2a: Corviknight|Body Press|p1a: Blissey
|-supereffective|p1a: Blissey
|-end|p1a: Blissey|Substitute
|move|p1a: Blissey|Substitute|p1a: Blissey
|-start|p1a: Blissey|Substitute
|-damage|p1a: Blissey|48/100
|
|upkeep
|turn|49
|c|☆gabreil2008|actual scum of the earth
|
|t:|1769327151
|move|p2a: Corviknight|Defog|p1a: Blissey
|-sideend|p1: youraveragegohard|Spikes|[from] move: Defog|[of] p2a: Corviknight
|-sideend|p1: youraveragegohard|Stealth Rock|[from] move: Defog|[of] p2a: Corviknight
|move|p1a: Blissey|Soft-Boiled|p1a: Blissey
|-heal|p1a: Blissey|98/100
|
|upkeep
|turn|50
|
|t:|1769327160
|switch|p2a: Samurott|Samurott-Hisui, M|100/100
|move|p1a: Blissey|Protect||[still]
|-fail|p1a: Blissey
|
|upkeep
|turn|51
|
|t:|1769327168
|move|p2a: Samurott|Ceaseless Edge|p1a: Blissey
|-end|p1a: Blissey|Substitute
|-sidestart|p1: youraveragegohard|Spikes
|move|p1a: Blissey|Heal Bell||[still]
|-activate|p1a: Blissey|move: Heal Bell
|-fail|p1a: Blissey
|
|upkeep
|turn|52
|
|t:|1769327177
|move|p2a: Samurott|Ceaseless Edge|p1a: Blissey
|-damage|p1a: Blissey|60/100
|-sidestart|p1: youraveragegohard|Spikes
|move|p1a: Blissey|Substitute|p1a: Blissey
|-start|p1a: Blissey|Substitute
|-damage|p1a: Blissey|35/100
|
|upkeep
|turn|53
|
|t:|1769327184
|move|p1a: Blissey|Protect|p1a: Blissey
|-singleturn|p1a: Blissey|Protect
|move|p2a: Samurott|Ceaseless Edge|p1a: Blissey
|-activate|p1a: Blissey|move: Protect
|
|upkeep
|turn|54
|
|t:|1769327190
|move|p2a: Samurott|Ceaseless Edge|p1a: Blissey
|-end|p1a: Blissey|Substitute
|-sidestart|p1: youraveragegohard|Spikes
|move|p1a: Blissey|Soft-Boiled|p1a: Blissey
|-heal|p1a: Blissey|85/100
|
|upkeep
|turn|55
|inactive|youraveragegohard has 120 seconds left.
|
|t:|1769327220
|move|p2a: Samurott|Ceaseless Edge|p1a: Blissey
|-damage|p1a: Blissey|48/100
|move|p1a: Blissey|Substitute|p1a: Blissey
|-start|p1a: Blissey|Substitute
|-damage|p1a: Blissey|23/100
|
|upkeep
|turn|56
|
|t:|1769327229
|move|p2a: Samurott|Razor Shell|p1a: Blissey
|-end|p1a: Blissey|Substitute
|move|p1a: Blissey|Soft-Boiled|p1a: Blissey
|-heal|p1a: Blissey|73/100
|
|upkeep
|turn|57
|
|t:|1769327237
|move|p1a: Blissey|Protect|p1a: Blissey
|-singleturn|p1a: Blissey|Protect
|move|p2a: Samurott|Ceaseless Edge|p1a: Blissey
|-activate|p1a: Blissey|move: Protect
|
|upkeep
|turn|58
|
|t:|1769327245
|move|p2a: Samurott|Knock Off|p1a: Blissey
|-damage|p1a: Blissey|48/100
|move|p1a: Blissey|Soft-Boiled|p1a: Blissey
|-heal|p1a: Blissey|98/100
|
|upkeep
|turn|59
|
|t:|1769327251
|move|p2a: Samurott|Ceaseless Edge|p1a: Blissey
|-damage|p1a: Blissey|61/100
|move|p1a: Blissey|Substitute|p1a: Blissey
|-start|p1a: Blissey|Substitute
|-damage|p1a: Blissey|36/100
|
|upkeep
|turn|60
|
|t:|1769327257
|move|p1a: Blissey|Protect|p1a: Blissey
|-singleturn|p1a: Blissey|Protect
|move|p2a: Samurott|Razor Shell|p1a: Blissey
|-activate|p1a: Blissey|move: Protect
|
|upkeep
|turn|61
|
|t:|1769327265
|move|p1a: Blissey|Protect||[still]
|-fail|p1a: Blissey
|move|p2a: Samurott|Razor Shell|p1a: Blissey
|-end|p1a: Blissey|Substitute
|
|upkeep
|turn|62
|
|t:|1769327271
|move|p1a: Blissey|Protect|p1a: Blissey
|-singleturn|p1a: Blissey|Protect
|move|p2a: Samurott|Ceaseless Edge|p1a: Blissey
|-activate|p1a: Blissey|move: Protect
|
|upkeep
|turn|63
|
|t:|1769327284
|move|p2a: Samurott|Ceaseless Edge|p1a: Blissey
|-damage|p1a: Blissey|0 fnt
|faint|p1a: Blissey
|
|upkeep
|
|t:|1769327293
|switch|p1a: Corviknight|Corviknight, M|100/100
|-ability|p1a: Corviknight|Pressure
|turn|64
|
|t:|1769327303
|switch|p2a: Tinkaton|Tinkaton, F, shiny|100/100
|-item|p2a: Tinkaton|Air Balloon
|move|p1a: Corviknight|Iron Defense|p1a: Corviknight
|-boost|p1a: Corviknight|def|2
|
|upkeep
|turn|65
|
|t:|1769327313
|move|p1a: Corviknight|Protect|p1a: Corviknight
|-singleturn|p1a: Corviknight|Protect
|move|p2a: Tinkaton|Thunder Wave|p1a: Corviknight
|-activate|p1a: Corviknight|move: Protect
|
|upkeep
|turn|66
|
|t:|1769327321
|move|p2a: Tinkaton|Thunder Wave|p1a: Corviknight
|-status|p1a: Corviknight|par
|move|p1a: Corviknight|Substitute|p1a: Corviknight
|-start|p1a: Corviknight|Substitute
|-damage|p1a: Corviknight|75/100 par
|
|-heal|p1a: Corviknight|82/100 par|[from] item: Leftovers
|upkeep
|turn|67
|inactive|youraveragegohard has 120 seconds left.
|inactive|youraveragegohard has 90 seconds left.
|inactive|youraveragegohard has 60 seconds left.
|inactive|youraveragegohard has 30 seconds left.
|inactive|youraveragegohard has 20 seconds left.
|
|t:|1769327453
|move|p1a: Corviknight|Protect|p1a: Corviknight
|-singleturn|p1a: Corviknight|Protect
|move|p2a: Tinkaton|Stealth Rock|p1a: Corviknight
|-sidestart|p1: youraveragegohard|move: Stealth Rock
|
|-heal|p1a: Corviknight|88/100 par|[from] item: Leftovers
|upkeep
|turn|68
|inactive|youraveragegohard has 30 seconds left this turn.
|
|t:|1769327465
|move|p2a: Tinkaton|Gigaton Hammer|p1a: Corviknight
|-resisted|p1a: Corviknight
|-activate|p1a: Corviknight|move: Substitute|[damage]
|move|p1a: Corviknight|Iron Defense|p1a: Corviknight
|-boost|p1a: Corviknight|def|2
|
|-heal|p1a: Corviknight|94/100 par|[from] item: Leftovers
|upkeep
|turn|69
|inactive|youraveragegohard has 30 seconds left.
|
|t:|1769327477
|move|p1a: Corviknight|Protect|p1a: Corviknight
|-singleturn|p1a: Corviknight|Protect
|move|p2a: Tinkaton|Encore|p1a: Corviknight
|-activate|p1a: Corviknight|move: Protect
|
|-heal|p1a: Corviknight|100/100 par|[from] item: Leftovers
|upkeep
|turn|70
|
|t:|1769327484
|move|p2a: Tinkaton|Encore|p1a: Corviknight
|-start|p1a: Corviknight|Encore
|move|p1a: Corviknight|Protect||[still]
|-fail|p1a: Corviknight
|
|upkeep
|turn|71
|
|t:|1769327491
|switch|p2a: Samurott|Samurott-Hisui, M|100/100
|move|p1a: Corviknight|Protect||[still]
|-fail|p1a: Corviknight
|
|upkeep
|turn|72
|
|t:|1769327497
|move|p1a: Corviknight|Protect|p1a: Corviknight
|-singleturn|p1a: Corviknight|Protect
|move|p2a: Samurott|Ceaseless Edge|p1a: Corviknight
|-activate|p1a: Corviknight|move: Protect
|
|-end|p1a: Corviknight|Encore
|upkeep
|turn|73
|
|t:|1769327506
|move|p2a: Samurott|Razor Shell|p1a: Corviknight
|-crit|p1a: Corviknight
|-end|p1a: Corviknight|Substitute
|move|p1a: Corviknight|Iron Defense|p1a: Corviknight
|-boost|p1a: Corviknight|def|2
|
|upkeep
|turn|74
|
|t:|1769327512
|move|p2a: Samurott|Razor Shell|p1a: Corviknight
|-damage|p1a: Corviknight|92/100 par
|-unboost|p1a: Corviknight|def|1
|move|p1a: Corviknight|Substitute|p1a: Corviknight
|-start|p1a: Corviknight|Substitute
|-damage|p1a: Corviknight|67/100 par
|
|-heal|p1a: Corviknight|73/100 par|[from] item: Leftovers
|upkeep
|turn|75
|inactive|youraveragegohard has 60 seconds left.
|
|t:|1769327521
|move|p2a: Samurott|Knock Off|p1a: Corviknight
|-activate|p1a: Corviknight|move: Substitute|[damage]
|move|p1a: Corviknight|Roost|p1a: Corviknight
|-heal|p1a: Corviknight|100/100 par
|-singleturn|p1a: Corviknight|move: Roost
|
|upkeep
|turn|76
|
|t:|1769327528
|move|p1a: Corviknight|Protect|p1a: Corviknight
|-singleturn|p1a: Corviknight|Protect
|move|p2a: Samurott|Razor Shell|p1a: Corviknight
|-activate|p1a: Corviknight|move: Protect
|
|upkeep
|turn|77
|
|t:|1769327534
|move|p2a: Samurott|Razor Shell|p1a: Corviknight
|-crit|p1a: Corviknight
|-end|p1a: Corviknight|Substitute
|move|p1a: Corviknight|Iron Defense|p1a: Corviknight
|-boost|p1a: Corviknight|def|1
|
|upkeep
|turn|78
|
|t:|1769327544
|move|p2a: Samurott|Knock Off|p1a: Corviknight
|-damage|p1a: Corviknight|93/100 par
|-enditem|p1a: Corviknight|Leftovers|[from] move: Knock Off|[of] p2a: Samurott
|move|p1a: Corviknight|Substitute|p1a: Corviknight
|-start|p1a: Corviknight|Substitute
|-damage|p1a: Corviknight|68/100 par
|
|upkeep
|turn|79
|
|t:|1769327554
|move|p2a: Samurott|Razor Shell|p1a: Corviknight
|-activate|p1a: Corviknight|move: Substitute|[damage]
|move|p1a: Corviknight|Iron Defense|p1a: Corviknight
|-boost|p1a: Corviknight|def|0
|
|upkeep
|turn|80
|
|t:|1769327565
|move|p2a: Samurott|Ceaseless Edge|p1a: Corviknight
|-activate|p1a: Corviknight|move: Substitute|[damage]
|cant|p1a: Corviknight|par
|
|upkeep
|turn|81
|
|t:|1769327570
|move|p2a: Samurott|Knock Off|p1a: Corviknight
|-activate|p1a: Corviknight|move: Substitute|[damage]
|move|p1a: Corviknight|Substitute|p1a: Corviknight
|-fail|p1a: Corviknight|move: Substitute
|
|upkeep
|turn|82
|inactive|youraveragegohard has 90 seconds left.
|
|t:|1769327593
|move|p2a: Samurott|Razor Shell|p1a: Corviknight
|-end|p1a: Corviknight|Substitute
|move|p1a: Corviknight|Substitute|p1a: Corviknight
|-start|p1a: Corviknight|Substitute
|-damage|p1a: Corviknight|43/100 par
|
|upkeep
|turn|83
|
|t:|1769327599
|move|p2a: Samurott|Knock Off|p1a: Corviknight
|-activate|p1a: Corviknight|move: Substitute|[damage]
|cant|p1a: Corviknight|par
|
|upkeep
|turn|84
|
|t:|1769327604
|move|p2a: Samurott|Knock Off|p1a: Corviknight
|-activate|p1a: Corviknight|move: Substitute|[damage]
|move|p1a: Corviknight|Roost|p1a: Corviknight
|-heal|p1a: Corviknight|93/100 par
|-singleturn|p1a: Corviknight|move: Roost
|
|upkeep
|turn|85
|
|t:|1769327612
|move|p2a: Samurott|Ceaseless Edge|p1a: Corviknight
|-activate|p1a: Corviknight|move: Substitute|[damage]
|cant|p1a: Corviknight|par
|
|upkeep
|turn|86
|
|t:|1769327617
|move|p2a: Samurott|Ceaseless Edge|p1a: Corviknight
|-activate|p1a: Corviknight|move: Substitute|[damage]
|cant|p1a: Corviknight|par
|
|upkeep
|turn|87
|
|t:|1769327624
|move|p2a: Samurott|Ceaseless Edge|p1a: Corviknight
|-end|p1a: Corviknight|Substitute
|cant|p1a: Corviknight|par
|
|upkeep
|turn|88
|
|t:|1769327630
|cant|p1a: Corviknight|par
|move|p2a: Samurott|Knock Off|p1a: Corviknight
|-damage|p1a: Corviknight|88/100 par
|
|upkeep
|turn|89
|
|t:|1769327637
|switch|p2a: Kyurem|Kyurem|100/100
|-ability|p2a: Kyurem|Pressure
|cant|p1a: Corviknight|par
|
|upkeep
|turn|90
|
|t:|1769327648
|move|p1a: Corviknight|Protect|p1a: Corviknight
|-singleturn|p1a: Corviknight|Protect
|move|p2a: Kyurem|Ice Beam|p1a: Corviknight
|-activate|p1a: Corviknight|move: Protect
|
|upkeep
|turn|91
|
|t:|1769327654
|-terastallize|p2a: Kyurem|Ice
|move|p2a: Kyurem|Ice Beam|p1a: Corviknight
|-damage|p1a: Corviknight|0 fnt
|faint|p1a: Corviknight
|
|upkeep
|
|t:|1769327667
|switch|p1a: Slowbro|Slowbro, F|100/100
|-damage|p1a: Slowbro|76/100|[from] Spikes
|-damage|p1a: Slowbro|63/100|[from] Stealth Rock
|turn|92
|
|t:|1769327678
|switch|p2a: Samurott|Samurott-Hisui, M|100/100
|move|p1a: Slowbro|Slack Off|p1a: Slowbro
|-heal|p1a: Slowbro|100/100
|
|upkeep
|turn|93
|
|t:|1769327683
|move|p2a: Samurott|Knock Off|p1a: Slowbro
|-supereffective|p1a: Slowbro
|-damage|p1a: Slowbro|66/100
|move|p1a: Slowbro|Iron Defense|p1a: Slowbro
|-boost|p1a: Slowbro|def|2
|
|upkeep
|turn|94
|
|t:|1769327689
|move|p1a: Slowbro|Protect|p1a: Slowbro
|-singleturn|p1a: Slowbro|Protect
|move|p2a: Samurott|Knock Off|p1a: Slowbro
|-activate|p1a: Slowbro|move: Protect
|
|upkeep
|turn|95
|
|t:|1769327696
|move|p2a: Samurott|Knock Off|p1a: Slowbro
|-supereffective|p1a: Slowbro
|-damage|p1a: Slowbro|50/100
|move|p1a: Slowbro|Slack Off|p1a: Slowbro
|-heal|p1a: Slowbro|99/100
|
|upkeep
|turn|96
|
|t:|1769327701
|move|p2a: Samurott|Knock Off|p1a: Slowbro
|-supereffective|p1a: Slowbro
|-damage|p1a: Slowbro|81/100
|move|p1a: Slowbro|Iron Defense|p1a: Slowbro
|-boost|p1a: Slowbro|def|2
|
|upkeep
|turn|97
|
|t:|1769327711
|switch|p2a: Kyurem|Kyurem, tera:Ice|100/100
|-ability|p2a: Kyurem|Pressure
|move|p1a: Slowbro|Iron Defense|p1a: Slowbro
|-boost|p1a: Slowbro|def|2
|
|upkeep
|turn|98
|
|t:|1769327720
|move|p2a: Kyurem|Freeze-Dry|p1a: Slowbro
|-supereffective|p1a: Slowbro
|-damage|p1a: Slowbro|0 fnt
|faint|p1a: Slowbro
|
|upkeep
|
|t:|1769327726
|switch|p1a: Skeledirge|Skeledirge, M|44/100
|-damage|p1a: Skeledirge|19/100|[from] Spikes
|-damage|p1a: Skeledirge|0 fnt|[from] Stealth Rock
|faint|p1a: Skeledirge
|
|win|gabreil2008
|raw|youraveragegohard's rating: 1164 &rarr; <strong>1136</strong><br />(-28 for losing)
|raw|gabreil2008's rating: 1125 &rarr; <strong>1153</strong><br />(+28 for winning)
|l|☆youraveragegohard
|player|p1|
|l|☆gabreil2008
|player|p2|
