|j|☆Cour3tro
|j|☆Galarapio
|t:|1769321751
|gametype|singles
|player|p1|Cour3tro|170|1152
|player|p2|Galarapio|265|1141
|gen|9
|tier|[Gen 9] OU
|rated|
|rule|HP Percentage Mod: HP is shown in percentages
|rule|Endless Battle Clause: Forcing endless battles is banned
|rule|Species Clause: Limit one of each Pokémon
|rule|OHKO Clause: OHKO moves are banned
|rule|Evasion Items Clause: Evasion items are banned
|rule|Evasion Moves Clause: Evasion moves are banned
|rule|Evasion Abilities Clause: Evasion abilities are banned
|rule|Sleep Moves Clause: Sleep-inducing moves are banned
|clearpoke
|poke|p1|Glimmora, M|
|poke|p1|Zapdos-Galar|
|poke|p1|Vaporeon, M|
|poke|p1|Iron Thorns|
|poke|p1|Ribombee, F|
|poke|p1|Polteageist|
|poke|p2|Indeedee, M|
|poke|p2|Armarouge, F|
|poke|p2|Hawlucha, M|
|poke|p2|Chansey, F|
|poke|p2|Corviknight, M|
|poke|p2|Clodsire, F|
|teampreview
|inactive|Battle timer is ON: inactive players will automatically lose when time's up. (requested by Galarapio)
|
|t:|1769321771
|teamsize|p1|6
|teamsize|p2|6
|start
|switch|p1a: Polteageist|Polteageist|100/100
|switch|p2a: Indeedee|Indeedee, M|100/100
|-fieldstart|move: Psychic Terrain|[from] ability: Psychic Surge|[of] p2a: Indeedee
|turn|1
|
|t:|1769321784
|move|p2a: Indeedee|Expanding Force|p1a: Polteageist
|-damage|p1a: Polteageist|40/100
|move|p1a: Polteageist|Shell Smash|p1a: Polteageist
|-unboost|p1a: Polteageist|def|1
|-unboost|p1a: Polteageist|spd|1
|-boost|p1a: Polteageist|atk|2
|-boost|p1a: Polteageist|spa|2
|-boost|p1a: Polteageist|spe|2
|
|-heal|p1a: Polteageist|46/100|[from] item: Leftovers
|upkeep
|turn|2
|
|t:|1769321810
|switch|p2a: Chansey|Chansey, F|100/100
|-terastallize|p1a: Polteageist|Fire
|move|p1a: Polteageist|Tera Blast|p2a: Chansey|[anim] Tera Blast Fire
|-damage|p2a: Chansey|85/100
|
|-heal|p1a: Polteageist|53/100|[from] item: Leftovers
|upkeep
|turn|3
|
|t:|1769321823
|switch|p1a: Iron Thorns|Iron Thorns|100/100
|move|p2a: Chansey|Thunder Wave|p1a: Iron Thorns
|-immune|p1a: Iron Thorns
|
|upkeep
|turn|4
|inactive|Galarapio has 120 seconds left.
|
|t:|1769321864
|switch|p2a: Clodsire|Clodsire, F|100/100
|move|p1a: Iron Thorns|Dragon Dance|p1a: Iron Thorns
|-boost|p1a: Iron Thorns|atk|1
|-boost|p1a: Iron Thorns|spe|1
|
|upkeep
|turn|5
|
|t:|1769321889
|move|p1a: Iron Thorns|Earthquake|p2a: Clodsire
|-supereffective|p2a: Clodsire
|-damage|p2a: Clodsire|33/100
|move|p2a: Clodsire|Toxic|p1a: Iron Thorns
|-status|p1a: Iron Thorns|tox
|
|-heal|p2a: Clodsire|40/100|[from] item: Leftovers
|-damage|p1a: Iron Thorns|94/100 tox|[from] psn
|upkeep
|turn|6
|
|t:|1769321897
|move|p2a: Clodsire|Protect|p2a: Clodsire
|-singleturn|p2a: Clodsire|Protect
|move|p1a: Iron Thorns|Earthquake|p2a: Clodsire
|-activate|p2a: Clodsire|move: Protect
|
|-heal|p2a: Clodsire|46/100|[from] item: Leftovers
|-damage|p1a: Iron Thorns|82/100 tox|[from] psn
|upkeep
|turn|7
|inactive|Galarapio has 120 seconds left.
|
|t:|1769321905
|switch|p2a: Hawlucha|Hawlucha, M|100/100
|-enditem|p2a: Hawlucha|Psychic Seed
|-boost|p2a: Hawlucha|spd|1|[from] item: Psychic Seed
|move|p1a: Iron Thorns|Earthquake|p2a: Hawlucha
|-immune|p2a: Hawlucha
|
|-damage|p1a: Iron Thorns|64/100 tox|[from] psn
|upkeep
|turn|8
|
|t:|1769321913
|move|p2a: Hawlucha|Close Combat|p1a: Iron Thorns
|-supereffective|p1a: Iron Thorns
|-damage|p1a: Iron Thorns|0 fnt
|-unboost|p2a: Hawlucha|def|1
|-unboost|p2a: Hawlucha|spd|1
|faint|p1a: Iron Thorns
|-end|p1a: Iron Thorns|Quark Drive|[silent]
|
|-fieldend|move: Psychic Terrain
|upkeep
|
|t:|1769321923
|switch|p1a: Glimmora|Glimmora, M|100/100
|turn|9
|
|t:|1769321932
|switch|p2a: Indeedee|Indeedee, M|100/100
|-fieldstart|move: Psychic Terrain|[from] ability: Psychic Surge|[of] p2a: Indeedee
|move|p1a: Glimmora|Stealth Rock|p2a: Indeedee
|-sidestart|p2: Galarapio|move: Stealth Rock
|
|upkeep
|turn|10
|
|t:|1769321943
|move|p2a: Indeedee|Expanding Force|p1a: Glimmora
|-supereffective|p1a: Glimmora
|-enditem|p1a: Glimmora|Focus Sash
|-damage|p1a: Glimmora|1/100
|move|p1a: Glimmora|Mortal Spin|p2a: Indeedee
|-damage|p2a: Indeedee|88/100
|-status|p2a: Indeedee|psn
|
|-damage|p2a: Indeedee|76/100 psn|[from] psn
|upkeep
|turn|11
|
|t:|1769321950
|move|p1a: Glimmora|Spiky Shield|p1a: Glimmora
|-singleturn|p1a: Glimmora|move: Protect
|move|p2a: Indeedee|Expanding Force|p1a: Glimmora
|-activate|p1a: Glimmora|move: Protect
|
|-damage|p2a: Indeedee|63/100 psn|[from] psn
|upkeep
|turn|12
|
|t:|1769321955
|switch|p1a: Vaporeon|Vaporeon, M|100/100
|move|p2a: Indeedee|Expanding Force|p1a: Vaporeon
|-damage|p1a: Vaporeon|55/100
|
|-heal|p1a: Vaporeon|61/100|[from] item: Leftovers
|-damage|p2a: Indeedee|51/100 psn|[from] psn
|upkeep
|turn|13
|
|t:|1769321963
|switch|p2a: Corviknight|Corviknight, M|100/100
|-damage|p2a: Corviknight|88/100|[from] Stealth Rock
|move|p1a: Vaporeon|Wish|p1a: Vaporeon
|
|-heal|p1a: Vaporeon|68/100|[from] item: Leftovers
|upkeep
|turn|14
|
|t:|1769321980
|move|p2a: Corviknight|Defog|p1a: Vaporeon
|-unboost|p1a: Vaporeon|evasion|1
|-sideend|p2: Galarapio|Stealth Rock|[from] move: Defog|[of] p2a: Corviknight
|-fieldend|move: Psychic Terrain
|move|p1a: Vaporeon|Ice Beam|p2a: Corviknight
|-damage|p2a: Corviknight|68/100
|
|-heal|p1a: Vaporeon|100/100|[from] move: Wish|[wisher] Vaporeon
|upkeep
|turn|15
|
|t:|1769321991
|switch|p2a: Chansey|Chansey, F|85/100
|move|p1a: Vaporeon|Wish|p1a: Vaporeon
|
|upkeep
|turn|16
|
|t:|1769321998
|switch|p1a: Zapdos|Zapdos-Galar|100/100
|move|p2a: Chansey|Seismic Toss|p1a: Zapdos
|-damage|p1a: Zapdos|69/100
|
|-heal|p1a: Zapdos|100/100|[from] move: Wish|[wisher] Vaporeon
|upkeep
|turn|17
|inactive|Galarapio has 120 seconds left.
|inactive|Galarapio has 90 seconds left.
|
|t:|1769322070
|switch|p2a: Indeedee|Indeedee, M|51/100 psn
|-fieldstart|move: Psychic Terrain|[from] ability: Psychic Surge|[of] p2a: Indeedee
|move|p1a: Zapdos|Drill Peck|p2a: Indeedee
|-damage|p2a: Indeedee|0 fnt
|faint|p2a: Indeedee
|
|upkeep
|
|t:|1769322072
|switch|p2a: Armarouge|Armarouge, F|100/100
|turn|18
|inactive|Galarapio has 90 seconds left.
|inactive|Cour3tro has 120 seconds left.
|
|t:|1769322118
|switch|p1a: Vaporeon|Vaporeon, M|100/100
|move|p2a: Armarouge|Expanding Force|p1a: Vaporeon
|-damage|p1a: Vaporeon|39/100
|
|-heal|p1a: Vaporeon|45/100|[from] item: Leftovers
|upkeep
|turn|19
|
|t:|1769322126
|move|p1a: Vaporeon|Protect|p1a: Vaporeon
|-singleturn|p1a: Vaporeon|Protect
|move|p2a: Armarouge|Expanding Force|p1a: Vaporeon
|-activate|p1a: Vaporeon|move: Protect
|
|-heal|p1a: Vaporeon|52/100|[from] item: Leftovers
|upkeep
|turn|20
|
|t:|1769322142
|move|p2a: Armarouge|Expanding Force|p1a: Vaporeon
|-damage|p1a: Vaporeon|0 fnt
|faint|p1a: Vaporeon
|
|upkeep
|
|t:|1769322153
|switch|p1a: Ribombee|Ribombee, F|100/100
|turn|21
|
|t:|1769322158
|move|p1a: Ribombee|Tailwind|p1a: Ribombee
|-sidestart|p1: Cour3tro|move: Tailwind
|move|p2a: Armarouge|Expanding Force|p1a: Ribombee
|-enditem|p1a: Ribombee|Focus Sash
|-damage|p1a: Ribombee|1/100
|
|upkeep
|turn|22
|
|t:|1769322164
|move|p1a: Ribombee|Moonblast|p2a: Armarouge
|-resisted|p2a: Armarouge
|-damage|p2a: Armarouge|73/100
|move|p2a: Armarouge|Expanding Force|p1a: Ribombee
|-damage|p1a: Ribombee|0 fnt
|faint|p1a: Ribombee
|
|upkeep
|
|t:|1769322175
|switch|p1a: Glimmora|Glimmora, M|1/100
|turn|23
|
|t:|1769322179
|switch|p2a: Chansey|Chansey, F|85/100
|move|p1a: Glimmora|Power Gem|p2a: Chansey
|-damage|p2a: Chansey|76/100
|
|upkeep
|turn|24
|
|t:|1769322184
|switch|p1a: Zapdos|Zapdos-Galar|100/100
|move|p2a: Chansey|Seismic Toss|p1a: Zapdos
|-damage|p1a: Zapdos|69/100
|
|-sideend|p1: Cour3tro|move: Tailwind
|-fieldend|move: Psychic Terrain
|upkeep
|turn|25
|
|t:|1769322191
|switch|p2a: Corviknight|Corviknight, M|68/100
|move|p1a: Zapdos|Drill Peck|p2a: Corviknight
|-resisted|p2a: Corviknight
|-damage|p2a: Corviknight|46/100
|-damage|p1a: Zapdos|53/100|[from] item: Rocky Helmet|[of] p2a: Corviknight
|
|upkeep
|turn|26
|
|t:|1769322196
|switch|p1a: Glimmora|Glimmora, M|1/100
|move|p2a: Corviknight|Roost|p2a: Corviknight
|-heal|p2a: Corviknight|96/100
|-singleturn|p2a: Corviknight|move: Roost
|
|upkeep
|turn|27
|
|t:|1769322205
|move|p1a: Glimmora|Stealth Rock|p2a: Corviknight
|-sidestart|p2: Galarapio|move: Stealth Rock
|move|p2a: Corviknight|Body Press|p1a: Glimmora
|-damage|p1a: Glimmora|0 fnt
|-activate|p1a: Glimmora|ability: Toxic Debris
|-sidestart|p2: Galarapio|move: Toxic Spikes
|faint|p1a: Glimmora
|
|upkeep
|
|t:|1769322214
|switch|p1a: Polteageist|Polteageist, tera:Fire|53/100
|turn|28
|
|t:|1769322219
|switch|p2a: Chansey|Chansey, F|76/100
|-damage|p2a: Chansey|64/100|[from] Stealth Rock
|-status|p2a: Chansey|psn
|move|p1a: Polteageist|Shell Smash|p1a: Polteageist
|-unboost|p1a: Polteageist|def|1
|-unboost|p1a: Polteageist|spd|1
|-boost|p1a: Polteageist|atk|2
|-boost|p1a: Polteageist|spa|2
|-boost|p1a: Polteageist|spe|2
|
|-heal|p1a: Polteageist|59/100|[from] item: Leftovers
|-damage|p2a: Chansey|51/100 psn|[from] psn
|upkeep
|turn|29
|
|t:|1769322227
|move|p1a: Polteageist|Tera Blast|p2a: Chansey|[anim] Tera Blast Fire
|-damage|p2a: Chansey|36/100 psn
|move|p2a: Chansey|Thunder Wave|p1a: Polteageist
|-status|p1a: Polteageist|par
|
|-heal|p1a: Polteageist|65/100 par|[from] item: Leftovers
|-damage|p2a: Chansey|23/100 psn|[from] psn
|upkeep
|turn|30
|
|t:|1769322232
|move|p1a: Polteageist|Giga Drain|p2a: Chansey
|-damage|p2a: Chansey|13/100 psn
|-heal|p1a: Polteageist|76/100 par|[from] drain|[of] p2a: Chansey
|move|p2a: Chansey|Soft-Boiled|p2a: Chansey
|-heal|p2a: Chansey|63/100 psn
|
|-heal|p1a: Polteageist|82/100 par|[from] item: Leftovers
|-damage|p2a: Chansey|51/100 psn|[from] psn
|upkeep
|turn|31
|
|t:|1769322241
|-curestatus|p2a: Chansey|psn|[from] ability: Natural Cure
|switch|p2a: Clodsire|Clodsire, F|46/100
|-damage|p2a: Clodsire|40/100|[from] Stealth Rock
|-sideend|p2: Galarapio|move: Toxic Spikes|[of] p2a: Clodsire
|move|p1a: Polteageist|Shell Smash|p1a: Polteageist
|-unboost|p1a: Polteageist|def|1
|-unboost|p1a: Polteageist|spd|1
|-boost|p1a: Polteageist|atk|2
|-boost|p1a: Polteageist|spa|2
|-boost|p1a: Polteageist|spe|2
|
|-heal|p1a: Polteageist|88/100 par|[from] item: Leftovers
|-heal|p2a: Clodsire|46/100|[from] item: Leftovers
|upkeep
|turn|32
|
|t:|1769322251
|move|p1a: Polteageist|Shadow Ball|p2a: Clodsire
|-damage|p2a: Clodsire|21/100
|move|p2a: Clodsire|Recover|p2a: Clodsire
|-heal|p2a: Clodsire|71/100
|
|-heal|p1a: Polteageist|94/100 par|[from] item: Leftovers
|-heal|p2a: Clodsire|77/100|[from] item: Leftovers
|upkeep
|turn|33
|
|t:|1769322258
|switch|p1a: Zapdos|Zapdos-Galar|53/100
|move|p2a: Clodsire|Haze|p2a: Clodsire
|-clearallboost
|
|-heal|p2a: Clodsire|84/100|[from] item: Leftovers
|upkeep
|turn|34
|
|t:|1769322266
|move|p1a: Zapdos|Double-Edge|p2a: Clodsire
|-damage|p2a: Clodsire|28/100
|-damage|p1a: Zapdos|27/100|[from] Recoil
|move|p2a: Clodsire|Toxic|p1a: Zapdos
|-status|p1a: Zapdos|tox
|
|-heal|p2a: Clodsire|34/100|[from] item: Leftovers
|-damage|p1a: Zapdos|20/100 tox|[from] psn
|upkeep
|turn|35
|
|t:|1769322270
|move|p2a: Clodsire|Protect|p2a: Clodsire
|-singleturn|p2a: Clodsire|Protect
|move|p1a: Zapdos|Double-Edge|p2a: Clodsire
|-activate|p2a: Clodsire|move: Protect
|
|-heal|p2a: Clodsire|41/100|[from] item: Leftovers
|-damage|p1a: Zapdos|8/100 tox|[from] psn
|upkeep
|turn|36
|-message|Cour3tro forfeited.
|
|win|Galarapio
|raw|Cour3tro's rating: 1152 &rarr; <strong>1126</strong><br />(-26 for losing)
|raw|Galarapio's rating: 1141 &rarr; <strong>1167</strong><br />(+26 for winning)
|l|☆Cour3tro
|player|p1|
