|j|☆skaym3_7
|j|☆esta man oe
|t:|1769296471
|gametype|singles
|player|p1|skaym3_7|palmer|1096
|player|p2|esta man oe|preschooler|1101
|gen|9
|tier|[Gen 9] OU
|rated|
|rule|HP Percentage Mod: HP is shown in percentages
|rule|Endless Battle Clause: Forcing endless battles is banned
|rule|Species Clause: Limit one of each Pokémon
|rule|OHKO Clause: OHKO moves are banned
|rule|Evasion Items Clause: Evasion items are banned
|rule|Evasion Moves Clause: Evasion moves are banned
|rule|Evasion Abilities Clause: Evasion abilities are banned
|rule|Sleep Moves Clause: Sleep-inducing moves are banned
|clearpoke
|poke|p1|Pelipper, M|
|poke|p1|Barraskewda, F|
|poke|p1|Basculegion, M|
|poke|p1|Amoonguss, F|
|poke|p1|Gholdengo|
|poke|p1|Kingambit, M|
|poke|p2|Hatterene, F|
|poke|p2|Slowking-Galar, M|
|poke|p2|Araquanid, M|
|poke|p2|Kingambit, M|
|poke|p2|Deoxys-Defense|
|poke|p2|Dragonite, M|
|teampreview
|inactive|Battle timer is ON: inactive players will automatically lose when time's up. (requested by esta man oe)
|
|t:|1769296476
|teamsize|p1|6
|teamsize|p2|6
|start
|switch|p1a: Pelipper|Pelipper, M|100/100
|switch|p2a: Hatterene|Hatterene, F, shiny|100/100
|-weather|RainDance|[from] ability: Drizzle|[of] p1a: Pelipper
|turn|1
|
|t:|1769296498
|move|p1a: Pelipper|U-turn|p2a: Hatterene
|-damage|p2a: Hatterene|91/100
|
|t:|1769296501
|switch|p1a: Kingambit|Kingambit, M|100/100|[from] U-turn
|move|p2a: Hatterene|Draining Kiss|p1a: Kingambit
|-damage|p1a: Kingambit|70/100
|-heal|p2a: Hatterene|100/100|[from] drain|[of] p1a: Kingambit
|
|-weather|RainDance|[upkeep]
|upkeep
|turn|2
|
|t:|1769296514
|switch|p2a: Dragonite|Dragonite, M|100/100
|move|p1a: Kingambit|Kowtow Cleave|p2a: Dragonite
|-damage|p2a: Dragonite|76/100
|
|-weather|RainDance|[upkeep]
|upkeep
|turn|3
|
|t:|1769296529
|-end|p1a: Kingambit|fallenundefined|[silent]
|switch|p1a: Barraskewda|Barraskewda, F|100/100
|move|p2a: Dragonite|Roost|p2a: Dragonite
|-heal|p2a: Dragonite|100/100
|-singleturn|p2a: Dragonite|move: Roost
|
|-weather|RainDance|[upkeep]
|upkeep
|turn|4
|
|t:|1769296538
|move|p1a: Barraskewda|Liquidation|p2a: Dragonite
|-resisted|p2a: Dragonite
|-damage|p2a: Dragonite|84/100
|move|p2a: Dragonite|Dragon Dance|p2a: Dragonite
|-boost|p2a: Dragonite|atk|1
|-boost|p2a: Dragonite|spe|1
|
|-weather|RainDance|[upkeep]
|upkeep
|turn|5
|
|t:|1769296550
|move|p1a: Barraskewda|Close Combat|p2a: Dragonite
|-resisted|p2a: Dragonite
|-damage|p2a: Dragonite|67/100
|-unboost|p1a: Barraskewda|def|1
|-unboost|p1a: Barraskewda|spd|1
|move|p2a: Dragonite|Roost|p2a: Dragonite
|-heal|p2a: Dragonite|100/100
|-singleturn|p2a: Dragonite|move: Roost
|
|-weather|RainDance|[upkeep]
|upkeep
|turn|6
|
|t:|1769296562
|move|p2a: Dragonite|Extreme Speed|p1a: Barraskewda
|-damage|p1a: Barraskewda|0 fnt
|faint|p1a: Barraskewda
|
|-weather|RainDance|[upkeep]
|upkeep
|
|t:|1769296570
|switch|p1a: Gholdengo|Gholdengo|100/100
|turn|7
|
|t:|1769296579
|move|p2a: Dragonite|Dragon Dance|p2a: Dragonite
|-boost|p2a: Dragonite|atk|1
|-boost|p2a: Dragonite|spe|1
|move|p1a: Gholdengo|Make It Rain|p2a: Dragonite
|-damage|p2a: Dragonite|72/100
|-unboost|p1a: Gholdengo|spa|1
|
|-weather|RainDance|[upkeep]
|upkeep
|turn|8
|
|t:|1769296589
|move|p2a: Dragonite|Roost|p2a: Dragonite
|-heal|p2a: Dragonite|100/100
|-singleturn|p2a: Dragonite|move: Roost
|move|p1a: Gholdengo|Make It Rain|p2a: Dragonite
|-damage|p2a: Dragonite|83/100
|-unboost|p1a: Gholdengo|spa|1
|
|-weather|none
|upkeep
|turn|9
|
|t:|1769296611
|move|p2a: Dragonite|Fire Punch|p1a: Gholdengo
|-supereffective|p1a: Gholdengo
|-damage|p1a: Gholdengo|0 fnt
|-damage|p2a: Dragonite|66/100|[from] item: Rocky Helmet|[of] p1a: Gholdengo
|faint|p1a: Gholdengo
|
|upkeep
|
|t:|1769296619
|switch|p1a: Basculegion|Basculegion, M|100/100
|turn|10
|
|t:|1769296627
|move|p2a: Dragonite|Roost|p2a: Dragonite
|-heal|p2a: Dragonite|100/100
|-singleturn|p2a: Dragonite|move: Roost
|move|p1a: Basculegion|Wave Crash|p2a: Dragonite
|-resisted|p2a: Dragonite
|-damage|p2a: Dragonite|82/100
|-damage|p1a: Basculegion|94/100|[from] Recoil
|-damage|p1a: Basculegion|84/100|[from] item: Life Orb
|
|upkeep
|turn|11
|
|t:|1769296635
|switch|p1a: Pelipper|Pelipper, M|100/100
|-weather|RainDance|[from] ability: Drizzle|[of] p1a: Pelipper
|move|p2a: Dragonite|Roost|p2a: Dragonite
|-heal|p2a: Dragonite|100/100
|-singleturn|p2a: Dragonite|move: Roost
|
|-weather|RainDance|[upkeep]
|upkeep
|turn|12
|
|t:|1769296646
|move|p2a: Dragonite|Dragon Dance|p2a: Dragonite
|-boost|p2a: Dragonite|atk|1
|-boost|p2a: Dragonite|spe|1
|move|p1a: Pelipper|U-turn|p2a: Dragonite
|-resisted|p2a: Dragonite
|-damage|p2a: Dragonite|99/100
|
|t:|1769296654
|switch|p1a: Basculegion|Basculegion, M|84/100|[from] U-turn
|
|-weather|RainDance|[upkeep]
|upkeep
|turn|13
|
|t:|1769296669
|switch|p2a: Deoxys|Deoxys-Defense|100/100
|-ability|p2a: Deoxys|Pressure
|-terastallize|p1a: Basculegion|Water
|move|p1a: Basculegion|Wave Crash|p2a: Deoxys
|-damage|p2a: Deoxys|0 fnt
|faint|p2a: Deoxys
|-damage|p1a: Basculegion|58/100|[from] Recoil
|-damage|p1a: Basculegion|48/100|[from] item: Life Orb
|
|-weather|RainDance|[upkeep]
|upkeep
|
|t:|1769296671
|switch|p2a: Hatterene|Hatterene, F, shiny|100/100
|turn|14
|
|t:|1769296686
|move|p1a: Basculegion|Wave Crash|p2a: Hatterene
|-enditem|p2a: Hatterene|Focus Sash
|-damage|p2a: Hatterene|1/100
|-damage|p1a: Basculegion|21/100|[from] Recoil
|-damage|p1a: Basculegion|11/100|[from] item: Life Orb
|move|p2a: Hatterene|Trick Room|p2a: Hatterene
|-fieldstart|move: Trick Room|[of] p2a: Hatterene
|
|-weather|RainDance|[upkeep]
|upkeep
|turn|15
|
|t:|1769296699
|move|p1a: Basculegion|Protect|p1a: Basculegion
|-singleturn|p1a: Basculegion|Protect
|move|p2a: Hatterene|Draining Kiss|p1a: Basculegion
|-activate|p1a: Basculegion|move: Protect
|
|-weather|RainDance|[upkeep]
|upkeep
|turn|16
|
|t:|1769296707
|move|p1a: Basculegion|Aqua Jet|p2a: Hatterene
|-damage|p2a: Hatterene|0 fnt
|faint|p2a: Hatterene
|-damage|p1a: Basculegion|1/100|[from] item: Life Orb
|
|-weather|RainDance|[upkeep]
|upkeep
|
|t:|1769296720
|switch|p2a: Dragonite|Dragonite, M|99/100
|turn|17
|
|t:|1769296735
|move|p1a: Basculegion|Aqua Jet|p2a: Dragonite
|-resisted|p2a: Dragonite
|-damage|p2a: Dragonite|77/100
|-damage|p1a: Basculegion|0 fnt|[from] item: Life Orb
|faint|p1a: Basculegion
|move|p2a: Dragonite|Dragon Dance|p2a: Dragonite
|-boost|p2a: Dragonite|atk|1
|-boost|p2a: Dragonite|spe|1
|
|-weather|RainDance|[upkeep]
|upkeep
|
|t:|1769296753
|switch|p1a: Pelipper|Pelipper, M|100/100
|turn|18
|
|t:|1769296767
|move|p1a: Pelipper|Surf|p2a: Dragonite
|-resisted|p2a: Dragonite
|-damage|p2a: Dragonite|55/100
|move|p2a: Dragonite|Roost|p2a: Dragonite
|-heal|p2a: Dragonite|100/100
|-singleturn|p2a: Dragonite|move: Roost
|
|-weather|none
|-fieldend|move: Trick Room
|upkeep
|turn|19
|
|t:|1769296779
|move|p2a: Dragonite|Extreme Speed|p1a: Pelipper
|-damage|p1a: Pelipper|69/100
|move|p1a: Pelipper|Surf|p2a: Dragonite
|-resisted|p2a: Dragonite
|-crit|p2a: Dragonite
|-damage|p2a: Dragonite|91/100
|
|upkeep
|turn|20
|
|t:|1769296784
|move|p2a: Dragonite|Dragon Dance|p2a: Dragonite
|-boost|p2a: Dragonite|atk|1
|-boost|p2a: Dragonite|spe|1
|move|p1a: Pelipper|Hurricane|p2a: Dragonite
|-damage|p2a: Dragonite|59/100
|
|upkeep
|turn|21
|
|t:|1769296793
|move|p2a: Dragonite|Extreme Speed|p1a: Pelipper
|-crit|p1a: Pelipper
|-damage|p1a: Pelipper|7/100
|move|p1a: Pelipper|Hurricane|p2a: Dragonite
|-damage|p2a: Dragonite|29/100
|
|upkeep
|turn|22
|
|t:|1769296806
|move|p2a: Dragonite|Roost|p2a: Dragonite
|-heal|p2a: Dragonite|79/100
|-singleturn|p2a: Dragonite|move: Roost
|move|p1a: Pelipper|Roost|p1a: Pelipper
|-heal|p1a: Pelipper|57/100
|-singleturn|p1a: Pelipper|move: Roost
|
|upkeep
|turn|23
|
|t:|1769296815
|move|p2a: Dragonite|Extreme Speed|p1a: Pelipper
|-damage|p1a: Pelipper|13/100
|move|p1a: Pelipper|Roost|p1a: Pelipper
|-heal|p1a: Pelipper|63/100
|-singleturn|p1a: Pelipper|move: Roost
|
|upkeep
|turn|24
|
|t:|1769296824
|move|p2a: Dragonite|Dragon Dance|p2a: Dragonite
|-boost|p2a: Dragonite|atk|1
|-boost|p2a: Dragonite|spe|1
|move|p1a: Pelipper|Roost|p1a: Pelipper
|-heal|p1a: Pelipper|100/100
|-singleturn|p1a: Pelipper|move: Roost
|
|upkeep
|turn|25
|
|t:|1769296836
|move|p2a: Dragonite|Extreme Speed|p1a: Pelipper
|-damage|p1a: Pelipper|45/100
|move|p1a: Pelipper|Hurricane|p2a: Dragonite|[miss]
|-miss|p1a: Pelipper|p2a: Dragonite
|
|upkeep
|turn|26
|
|t:|1769296842
|move|p2a: Dragonite|Extreme Speed|p1a: Pelipper
|-damage|p1a: Pelipper|0 fnt
|faint|p1a: Pelipper
|
|upkeep
|
|t:|1769296849
|switch|p1a: Kingambit|Kingambit, M|70/100
|-activate|p1a: Kingambit|ability: Supreme Overlord
|-start|p1a: Kingambit|fallen4|[silent]
|turn|27
|
|t:|1769296867
|move|p2a: Dragonite|Roost|p2a: Dragonite
|-heal|p2a: Dragonite|100/100
|-singleturn|p2a: Dragonite|move: Roost
|move|p1a: Kingambit|Iron Head|p2a: Dragonite
|-damage|p2a: Dragonite|71/100
|
|upkeep
|turn|28
|
|t:|1769296879
|-terastallize|p2a: Dragonite|Fairy
|move|p2a: Dragonite|Fire Punch|p1a: Kingambit
|-supereffective|p1a: Kingambit
|-damage|p1a: Kingambit|0 fnt
|faint|p1a: Kingambit
|-end|p1a: Kingambit|fallen4|[silent]
|
|upkeep
|
|t:|1769296886
|switch|p1a: Amoonguss|Amoonguss, F|100/100
|turn|29
|
|t:|1769296894
|move|p2a: Dragonite|Fire Punch|p1a: Amoonguss
|-supereffective|p1a: Amoonguss
|-damage|p1a: Amoonguss|0 fnt
|-damage|p2a: Dragonite|55/100|[from] item: Rocky Helmet|[of] p1a: Amoonguss
|-status|p2a: Dragonite|slp|[from] ability: Effect Spore|[of] p1a: Amoonguss
|faint|p1a: Amoonguss
|
|win|esta man oe
|raw|skaym3_7's rating: 1096 &rarr; <strong>1072</strong><br />(-24 for losing)
|raw|esta man oe's rating: 1101 &rarr; <strong>1126</strong><br />(+25 for winning)
