|j|☆himynameistanner
|j|☆Ethereal Dream
|t:|1769409923
|gametype|singles
|player|p1|himynameistanner|1|1454
|player|p2|Ethereal Dream|caitlin-gen4|1454
|gen|9
|tier|[Gen 9] OU
|rated|
|rule|HP Percentage Mod: HP is shown in percentages
|rule|Endless Battle Clause: Forcing endless battles is banned
|rule|Species Clause: Limit one of each Pokémon
|rule|OHKO Clause: OHKO moves are banned
|rule|Evasion Items Clause: Evasion items are banned
|rule|Evasion Moves Clause: Evasion moves are banned
|rule|Evasion Abilities Clause: Evasion abilities are banned
|rule|Sleep Moves Clause: Sleep-inducing moves are banned
|clearpoke
|poke|p1|Ogerpon-Wellspring, F|
|poke|p1|Slither Wing|
|poke|p1|Iron Moth|
|poke|p1|Glimmora, M|
|poke|p1|Iron Hands|
|poke|p1|Slowking, F|
|poke|p2|Corviknight, M|
|poke|p2|Breloom, M|
|poke|p2|Slowking-Galar, M|
|poke|p2|Ting-Lu|
|poke|p2|Dragapult, M|
|poke|p2|Great Tusk|
|teampreview
|inactive|Battle timer is ON: inactive players will automatically lose when time's up. (requested by Ethereal Dream)
|
|t:|1769409954
|teamsize|p1|6
|teamsize|p2|6
|start
|switch|p1a: Slither Wing|Slither Wing|100/100
|switch|p2a: Breloom|Breloom, M|100/100
|turn|1
|
|t:|1769409963
|switch|p2a: Corviknight|Corviknight, M|100/100
|-ability|p2a: Corviknight|Pressure
|move|p1a: Slither Wing|Flame Charge|p2a: Corviknight
|-supereffective|p2a: Corviknight
|-damage|p2a: Corviknight|65/100
|-boost|p1a: Slither Wing|spe|1
|
|-heal|p2a: Corviknight|72/100|[from] item: Leftovers
|upkeep
|turn|2
|
|t:|1769409967
|move|p1a: Slither Wing|Leech Life|p2a: Corviknight
|-resisted|p2a: Corviknight
|-damage|p2a: Corviknight|62/100
|move|p2a: Corviknight|Brave Bird|p1a: Slither Wing
|-supereffective|p1a: Slither Wing
|-crit|p1a: Slither Wing
|-damage|p1a: Slither Wing|0 fnt
|faint|p1a: Slither Wing
|-end|p1a: Slither Wing|Protosynthesis|[silent]
|-damage|p2a: Corviknight|36/100|[from] Recoil
|
|-heal|p2a: Corviknight|42/100|[from] item: Leftovers
|upkeep
|
|t:|1769409972
|switch|p1a: Iron Moth|Iron Moth|100/100
|-enditem|p1a: Iron Moth|Booster Energy
|-activate|p1a: Iron Moth|ability: Quark Drive|[fromitem]
|-start|p1a: Iron Moth|quarkdrivespe
|turn|3
|
|t:|1769409977
|switch|p2a: Ting-Lu|Ting-Lu, shiny|100/100
|-ability|p2a: Ting-Lu|Vessel of Ruin
|move|p1a: Iron Moth|Fiery Dance|p2a: Ting-Lu
|-damage|p2a: Ting-Lu|85/100
|-boost|p1a: Iron Moth|spa|1
|
|-heal|p2a: Ting-Lu|91/100|[from] item: Leftovers
|upkeep
|turn|4
|
|t:|1769410004
|-end|p1a: Iron Moth|Quark Drive|[silent]
|switch|p1a: Ogerpon|Ogerpon-Wellspring, F|100/100
|move|p2a: Ting-Lu|Whirlwind|p1a: Ogerpon
|drag|p1a: Glimmora|Glimmora, M|100/100
|
|-heal|p2a: Ting-Lu|97/100|[from] item: Leftovers
|upkeep
|turn|5
|
|t:|1769410011
|move|p1a: Glimmora|Energy Ball|p2a: Ting-Lu
|-supereffective|p2a: Ting-Lu
|-damage|p2a: Ting-Lu|69/100
|move|p2a: Ting-Lu|Earthquake|p1a: Glimmora
|-supereffective|p1a: Glimmora
|-damage|p1a: Glimmora|0 fnt
|-activate|p1a: Glimmora|ability: Toxic Debris
|-sidestart|p2: Ethereal Dream|move: Toxic Spikes
|faint|p1a: Glimmora
|
|-heal|p2a: Ting-Lu|75/100|[from] item: Leftovers
|upkeep
|
|t:|1769410017
|switch|p1a: Ogerpon|Ogerpon-Wellspring, F|100/100
|turn|6
|
|t:|1769410030
|switch|p2a: Slowking|Slowking-Galar, M|100/100
|-sideend|p2: Ethereal Dream|move: Toxic Spikes|[of] p2a: Slowking
|move|p1a: Ogerpon|Swords Dance|p1a: Ogerpon
|-boost|p1a: Ogerpon|atk|2
|
|upkeep
|turn|7
|
|t:|1769410043
|-terastallize|p2a: Slowking|Water
|move|p1a: Ogerpon|Ivy Cudgel|p2a: Slowking|[anim] Ivy Cudgel Water
|-resisted|p2a: Slowking
|-damage|p2a: Slowking|60/100
|move|p2a: Slowking|Thunder Wave|p1a: Ogerpon
|-status|p1a: Ogerpon|par
|
|upkeep
|turn|8
|
|t:|1769410051
|move|p1a: Ogerpon|Trailblaze|p2a: Slowking
|-supereffective|p2a: Slowking
|-damage|p2a: Slowking|0 fnt
|-boost|p1a: Ogerpon|spe|1
|faint|p2a: Slowking
|
|upkeep
|
|t:|1769410055
|switch|p2a: Breloom|Breloom, M|100/100
|turn|9
|
|t:|1769410085
|move|p1a: Ogerpon|Ivy Cudgel|p2a: Breloom|[anim] Ivy Cudgel Water
|-resisted|p2a: Breloom
|-damage|p2a: Breloom|14/100
|move|p2a: Breloom|Bullet Seed|p1a: Ogerpon
|-damage|p1a: Ogerpon|72/100 par
|-damage|p1a: Ogerpon|42/100 par
|-damage|p1a: Ogerpon|12/100 par
|-crit|p1a: Ogerpon
|-damage|p1a: Ogerpon|0 fnt
|faint|p1a: Ogerpon
|-hitcount|p1: Ogerpon|4
|
|upkeep
|inactive|himynameistanner has 120 seconds left.
|
|t:|1769410100
|switch|p1a: Iron Moth|Iron Moth|100/100
|turn|10
|
|t:|1769410105
|switch|p2a: Corviknight|Corviknight, M|42/100
|-ability|p2a: Corviknight|Pressure
|move|p1a: Iron Moth|Fiery Dance|p2a: Corviknight
|-supereffective|p2a: Corviknight
|-damage|p2a: Corviknight|0 fnt
|-boost|p1a: Iron Moth|spa|1
|faint|p2a: Corviknight
|
|upkeep
|
|t:|1769410110
|switch|p2a: Ting-Lu|Ting-Lu, shiny|75/100
|-ability|p2a: Ting-Lu|Vessel of Ruin
|turn|11
|inactive|himynameistanner has 120 seconds left.
|
|t:|1769410149
|move|p1a: Iron Moth|Fiery Dance|p2a: Ting-Lu
|-damage|p2a: Ting-Lu|49/100
|move|p2a: Ting-Lu|Earthquake|p1a: Iron Moth
|-supereffective|p1a: Iron Moth
|-damage|p1a: Iron Moth|0 fnt
|faint|p1a: Iron Moth
|-end|p1a: Iron Moth|Quark Drive|[silent]
|
|-heal|p2a: Ting-Lu|55/100|[from] item: Leftovers
|upkeep
|
|t:|1769410154
|switch|p1a: Iron Hands|Iron Hands|100/100
|-enditem|p1a: Iron Hands|Booster Energy
|-activate|p1a: Iron Hands|ability: Quark Drive|[fromitem]
|-start|p1a: Iron Hands|quarkdriveatk
|turn|12
|
|t:|1769410158
|move|p2a: Ting-Lu|Earthquake|p1a: Iron Hands
|-supereffective|p1a: Iron Hands
|-crit|p1a: Iron Hands
|-damage|p1a: Iron Hands|36/100
|move|p1a: Iron Hands|Swords Dance|p1a: Iron Hands
|-boost|p1a: Iron Hands|atk|2
|
|-heal|p2a: Ting-Lu|61/100|[from] item: Leftovers
|upkeep
|turn|13
|
|t:|1769410173
|move|p2a: Ting-Lu|Earthquake|p1a: Iron Hands
|-supereffective|p1a: Iron Hands
|-damage|p1a: Iron Hands|0 fnt
|faint|p1a: Iron Hands
|-end|p1a: Iron Hands|Quark Drive|[silent]
|
|-heal|p2a: Ting-Lu|68/100|[from] item: Leftovers
|upkeep
|
|t:|1769410175
|switch|p1a: Slowking|Slowking, F|100/100
|turn|14
|-message|himynameistanner forfeited.
|
|win|Ethereal Dream
|raw|himynameistanner's rating: 1468 &rarr; <strong>1447</strong><br />(-21 for losing)
|raw|Ethereal Dream's rating: 1454 &rarr; <strong>1475</strong><br />(+21 for winning)
|l|☆himynameistanner
|player|p1|
|l|☆Ethereal Dream
|player|p2|
