|j|☆metropolis2112
|j|☆kilobyt3
|t:|1769386247
|gametype|singles
|player|p1|metropolis2112|veteran|1166
|player|p2|kilobyt3|lucas-gen4pt|1213
|gen|9
|tier|[Gen 9] OU
|rated|
|rule|HP Percentage Mod: HP is shown in percentages
|rule|Endless Battle Clause: Forcing endless battles is banned
|rule|Species Clause: Limit one of each Pokémon
|rule|OHKO Clause: OHKO moves are banned
|rule|Evasion Items Clause: Evasion items are banned
|rule|Evasion Moves Clause: Evasion moves are banned
|rule|Evasion Abilities Clause: Evasion abilities are banned
|rule|Sleep Moves Clause: Sleep-inducing moves are banned
|clearpoke
|poke|p1|Ting-Lu|
|poke|p1|Gliscor, M|
|poke|p1|Gholdengo|
|poke|p1|Kingambit, M|
|poke|p1|Hatterene, F|
|poke|p1|Zamazenta-*|
|poke|p2|Umbreon, M|
|poke|p2|Gholdengo|
|poke|p2|Great Tusk|
|poke|p2|Samurott-Hisui, M|
|poke|p2|Raging Bolt|
|poke|p2|Alomomola, M|
|teampreview
|inactive|Battle timer is ON: inactive players will automatically lose when time's up. (requested by metropolis2112)
|
|t:|1769386253
|teamsize|p1|6
|teamsize|p2|6
|start
|switch|p1a: TROLOLO|Gliscor, M|100/100
|switch|p2a: Samurott|Samurott-Hisui, M|100/100
|turn|1
|
|t:|1769386274
|switch|p1a: EL BLINDADO|Zamazenta|100/100
|-ability|p1a: EL BLINDADO|Dauntless Shield|boost
|-boost|p1a: EL BLINDADO|def|1
|move|p2a: Samurott|Razor Shell|p1a: EL BLINDADO
|-damage|p1a: EL BLINDADO|78/100
|-unboost|p1a: EL BLINDADO|def|1
|
|-heal|p1a: EL BLINDADO|84/100|[from] item: Leftovers
|upkeep
|turn|2
|
|t:|1769386292
|switch|p2a: Umbreon|Umbreon, M|100/100
|move|p1a: EL BLINDADO|Body Press|p2a: Umbreon
|-supereffective|p2a: Umbreon
|-damage|p2a: Umbreon|44/100
|
|-heal|p1a: EL BLINDADO|90/100|[from] item: Leftovers
|-heal|p2a: Umbreon|50/100|[from] item: Leftovers
|upkeep
|turn|3
|
|t:|1769386301
|switch|p2a: Gholdengo|Gholdengo|100/100
|move|p1a: EL BLINDADO|Body Press|p2a: Gholdengo
|-immune|p2a: Gholdengo
|
|-heal|p1a: EL BLINDADO|96/100|[from] item: Leftovers
|upkeep
|turn|4
|inactive|metropolis2112 has 120 seconds left.
|
|t:|1769386328
|-terastallize|p2a: Gholdengo|Fairy
|move|p1a: EL BLINDADO|Iron Defense|p1a: EL BLINDADO
|-boost|p1a: EL BLINDADO|def|2
|move|p2a: Gholdengo|Nasty Plot|p2a: Gholdengo
|-boost|p2a: Gholdengo|spa|2
|
|-heal|p1a: EL BLINDADO|100/100|[from] item: Leftovers
|upkeep
|turn|5
|inactive|metropolis2112 has 120 seconds left.
|
|t:|1769386356
|switch|p1a: LA QUINTRALA|Hatterene, F|100/100
|move|p2a: Gholdengo|Dazzling Gleam|p1a: LA QUINTRALA
|-damage|p1a: LA QUINTRALA|0 fnt
|faint|p1a: LA QUINTRALA
|-damage|p2a: Gholdengo|91/100|[from] item: Life Orb
|
|upkeep
|
|t:|1769386367
|switch|p1a: EL PAILA|Ting-Lu|100/100
|-ability|p1a: EL PAILA|Vessel of Ruin
|turn|6
|
|t:|1769386382
|move|p2a: Gholdengo|Dazzling Gleam|p1a: EL PAILA
|-supereffective|p1a: EL PAILA
|-damage|p1a: EL PAILA|16/100
|-damage|p2a: Gholdengo|81/100|[from] item: Life Orb
|move|p1a: EL PAILA|Earthquake|p2a: Gholdengo
|-damage|p2a: Gholdengo|35/100
|
|upkeep
|turn|7
|
|t:|1769386402
|move|p2a: Gholdengo|Dazzling Gleam|p1a: EL PAILA
|-supereffective|p1a: EL PAILA
|-crit|p1a: EL PAILA
|-damage|p1a: EL PAILA|0 fnt
|faint|p1a: EL PAILA
|-damage|p2a: Gholdengo|25/100|[from] item: Life Orb
|
|upkeep
|
|t:|1769386412
|switch|p1a: GAMBAS|Gholdengo|100/100
|-item|p1a: GAMBAS|Air Balloon
|turn|8
|
|t:|1769386416
|move|p2a: Gholdengo|Hex|p1a: GAMBAS
|-supereffective|p1a: GAMBAS
|-damage|p1a: GAMBAS|0 fnt
|-enditem|p1a: GAMBAS|Air Balloon
|faint|p1a: GAMBAS
|-damage|p2a: Gholdengo|15/100|[from] item: Life Orb
|
|upkeep
|
|t:|1769386427
|switch|p1a: EL BLINDADO|Zamazenta|100/100
|turn|9
|
|t:|1769386444
|move|p1a: EL BLINDADO|Body Press|p2a: Gholdengo
|-resisted|p2a: Gholdengo
|-damage|p2a: Gholdengo|0 fnt
|faint|p2a: Gholdengo
|
|upkeep
|
|t:|1769386453
|switch|p2a: Alomomola|Alomomola, M|100/100
|turn|10
|inactive|metropolis2112 has 90 seconds left.
|
|t:|1769386483
|-terastallize|p1a: EL BLINDADO|Steel
|move|p1a: EL BLINDADO|Substitute|p1a: EL BLINDADO
|-start|p1a: EL BLINDADO|Substitute
|-damage|p1a: EL BLINDADO|75/100
|move|p2a: Alomomola|Scald|p1a: EL BLINDADO
|-activate|p1a: EL BLINDADO|move: Substitute|[damage]
|
|-heal|p1a: EL BLINDADO|82/100|[from] item: Leftovers
|upkeep
|turn|11
|inactive|metropolis2112 has 90 seconds left.
|
|t:|1769386497
|move|p1a: EL BLINDADO|Body Press|p2a: Alomomola
|-damage|p2a: Alomomola|82/100
|move|p2a: Alomomola|Flip Turn|p1a: EL BLINDADO
|-activate|p1a: EL BLINDADO|move: Substitute|[damage]
|
|t:|1769386501
|switch|p2a: Raging Bolt|Raging Bolt|100/100|[from] Flip Turn
|-enditem|p2a: Raging Bolt|Booster Energy
|-activate|p2a: Raging Bolt|ability: Protosynthesis|[fromitem]
|-start|p2a: Raging Bolt|protosynthesisspa
|
|-heal|p1a: EL BLINDADO|88/100|[from] item: Leftovers
|upkeep
|turn|12
|inactive|metropolis2112 has 90 seconds left.
|
|t:|1769386532
|move|p1a: EL BLINDADO|Body Press|p2a: Raging Bolt
|-damage|p2a: Raging Bolt|73/100
|move|p2a: Raging Bolt|Thunderbolt|p1a: EL BLINDADO
|-end|p1a: EL BLINDADO|Substitute
|
|-heal|p1a: EL BLINDADO|94/100|[from] item: Leftovers
|upkeep
|turn|13
|
|t:|1769386550
|move|p1a: EL BLINDADO|Crunch|p2a: Raging Bolt
|-damage|p2a: Raging Bolt|56/100
|-unboost|p2a: Raging Bolt|def|1
|move|p2a: Raging Bolt|Thunderbolt|p1a: EL BLINDADO
|-damage|p1a: EL BLINDADO|37/100
|-status|p1a: EL BLINDADO|par
|
|-heal|p1a: EL BLINDADO|43/100 par|[from] item: Leftovers
|upkeep
|turn|14
|
|t:|1769386562
|switch|p1a: TROLOLO|Gliscor, M|100/100
|move|p2a: Raging Bolt|Thunderbolt|p1a: TROLOLO
|-immune|p1a: TROLOLO
|
|-status|p1a: TROLOLO|tox|[from] item: Toxic Orb
|upkeep
|turn|15
|
|t:|1769386574
|move|p1a: TROLOLO|Toxic|p2a: Raging Bolt
|-status|p2a: Raging Bolt|tox
|move|p2a: Raging Bolt|Draco Meteor|p1a: TROLOLO
|-damage|p1a: TROLOLO|0 fnt
|-unboost|p2a: Raging Bolt|spa|2
|faint|p1a: TROLOLO
|
|-damage|p2a: Raging Bolt|50/100 tox|[from] psn
|upkeep
|inactive|metropolis2112 has 60 seconds left.
|
|t:|1769386590
|switch|p1a: EL BLINDADO|Zamazenta, tera:Steel|43/100 par
|turn|16
|
|t:|1769386596
|-end|p2a: Raging Bolt|Protosynthesis|[silent]
|switch|p2a: Alomomola|Alomomola, M|100/100
|move|p1a: EL BLINDADO|Iron Defense|p1a: EL BLINDADO
|-boost|p1a: EL BLINDADO|def|2
|
|-heal|p1a: EL BLINDADO|49/100 par|[from] item: Leftovers
|upkeep
|turn|17
|inactive|metropolis2112 has 60 seconds left.
|
|t:|1769386613
|move|p1a: EL BLINDADO|Substitute|p1a: EL BLINDADO
|-start|p1a: EL BLINDADO|Substitute
|-damage|p1a: EL BLINDADO|24/100 par
|move|p2a: Alomomola|Wish|p2a: Alomomola
|
|-heal|p1a: EL BLINDADO|30/100 par|[from] item: Leftovers
|upkeep
|turn|18
|inactive|metropolis2112 has 60 seconds left.
|
|t:|1769386623
|move|p1a: EL BLINDADO|Iron Defense|p1a: EL BLINDADO
|-boost|p1a: EL BLINDADO|def|2
|move|p2a: Alomomola|Flip Turn|p1a: EL BLINDADO
|-activate|p1a: EL BLINDADO|move: Substitute|[damage]
|
|t:|1769386648
|switch|p2a: Raging Bolt|Raging Bolt|50/100 tox|[from] Flip Turn
|
|-heal|p2a: Raging Bolt|100/100 tox|[from] move: Wish|[wisher] Alomomola
|-heal|p1a: EL BLINDADO|37/100 par|[from] item: Leftovers
|-damage|p2a: Raging Bolt|94/100 tox|[from] psn
|upkeep
|turn|19
|inactive|metropolis2112 has 60 seconds left.
|
|t:|1769386664
|cant|p1a: EL BLINDADO|par
|move|p2a: Raging Bolt|Thunderbolt|p1a: EL BLINDADO
|-end|p1a: EL BLINDADO|Substitute
|
|-heal|p1a: EL BLINDADO|43/100 par|[from] item: Leftovers
|-damage|p2a: Raging Bolt|82/100 tox|[from] psn
|upkeep
|turn|20
|inactive|metropolis2112 has 60 seconds left.
|
|t:|1769386684
|cant|p1a: EL BLINDADO|par
|move|p2a: Raging Bolt|Thunderbolt|p1a: EL BLINDADO
|-damage|p1a: EL BLINDADO|2/100 par
|
|-heal|p1a: EL BLINDADO|8/100 par|[from] item: Leftovers
|-damage|p2a: Raging Bolt|63/100 tox|[from] psn
|upkeep
|turn|21
|
|t:|1769386693
|move|p2a: Raging Bolt|Thunderclap|p1a: EL BLINDADO
|-damage|p1a: EL BLINDADO|0 fnt
|faint|p1a: EL BLINDADO
|
|-damage|p2a: Raging Bolt|39/100 tox|[from] psn
|upkeep
|
|t:|1769386700
|switch|p1a: GARCHEADOR|Kingambit, M|100/100
|-activate|p1a: GARCHEADOR|ability: Supreme Overlord
|-start|p1a: GARCHEADOR|fallen5|[silent]
|turn|22
|
|t:|1769386706
|move|p1a: GARCHEADOR|Sucker Punch|p2a: Raging Bolt
|-damage|p2a: Raging Bolt|0 fnt
|faint|p2a: Raging Bolt
|-end|p2a: Raging Bolt|Protosynthesis|[silent]
|
|upkeep
|
|t:|1769386712
|switch|p2a: Great Tusk|Great Tusk|100/100
|turn|23
|inactive|metropolis2112 has 60 seconds left.
|
|t:|1769386743
|move|p2a: Great Tusk|Headlong Rush|p1a: GARCHEADOR
|-supereffective|p1a: GARCHEADOR
|-damage|p1a: GARCHEADOR|0 fnt
|-unboost|p2a: Great Tusk|def|1
|-unboost|p2a: Great Tusk|spd|1
|faint|p1a: GARCHEADOR
|-end|p1a: GARCHEADOR|fallen5|[silent]
|
|win|kilobyt3
|raw|metropolis2112's rating: 1166 &rarr; <strong>1144</strong><br />(-22 for losing)
|raw|kilobyt3's rating: 1213 &rarr; <strong>1235</strong><br />(+22 for winning)
