|j|☆enderpop
|j|☆astolfo cesar
|t:|1769342003
|gametype|singles
|player|p1|enderpop|ethan|1099
|player|p2|astolfo cesar|hilda|1095
|gen|9
|tier|[Gen 9] OU
|rated|
|rule|HP Percentage Mod: HP is shown in percentages
|rule|Endless Battle Clause: Forcing endless battles is banned
|rule|Species Clause: Limit one of each Pokémon
|rule|OHKO Clause: OHKO moves are banned
|rule|Evasion Items Clause: Evasion items are banned
|rule|Evasion Moves Clause: Evasion moves are banned
|rule|Evasion Abilities Clause: Evasion abilities are banned
|rule|Sleep Moves Clause: Sleep-inducing moves are banned
|clearpoke
|poke|p1|Chandelure, M|
|poke|p1|Ninetales-Alola, F|
|poke|p1|Hawlucha, M|
|poke|p1|Weavile, M|
|poke|p1|Dragapult, F|
|poke|p1|Raichu-Alola, M|
|poke|p2|Ogerpon-Cornerstone, F|
|poke|p2|Dragonite, F|
|poke|p2|Gholdengo|
|poke|p2|Hatterene, F|
|poke|p2|Great Tusk|
|poke|p2|Raging Bolt|
|teampreview
|inactive|Battle timer is ON: inactive players will automatically lose when time's up. (requested by enderpop)
|
|t:|1769342017
|teamsize|p1|6
|teamsize|p2|6
|start
|switch|p1a: Raichu|Raichu-Alola, M|100/100
|switch|p2a: Raging Bolt|Raging Bolt|100/100
|turn|1
|
|t:|1769342026
|-terastallize|p1a: Raichu|Fairy
|move|p1a: Raichu|Alluring Voice|p2a: Raging Bolt
|-supereffective|p2a: Raging Bolt
|-damage|p2a: Raging Bolt|37/100
|move|p2a: Raging Bolt|Volt Switch|p1a: Raichu
|-damage|p1a: Raichu|59/100
|
|t:|1769342035
|-end|p2a: Raging Bolt|Protosynthesis|[silent]
|switch|p2a: Gholdengo|Gholdengo|100/100|[from] Volt Switch
|
|upkeep
|turn|2
|
|t:|1769342043
|move|p2a: Gholdengo|Make It Rain|p1a: Raichu
|-supereffective|p1a: Raichu
|-damage|p1a: Raichu|0 fnt
|-unboost|p2a: Gholdengo|spa|1
|faint|p1a: Raichu
|
|upkeep
|
|t:|1769342052
|switch|p1a: Chandelure|Chandelure, M, shiny|100/100
|turn|3
|
|t:|1769342061
|switch|p2a: Raging Bolt|Raging Bolt|37/100
|move|p1a: Chandelure|Flamethrower|p2a: Raging Bolt
|-resisted|p2a: Raging Bolt
|-damage|p2a: Raging Bolt|0 fnt
|faint|p2a: Raging Bolt
|-end|p2a: Raging Bolt|Protosynthesis|[silent]
|
|upkeep
|
|t:|1769342074
|switch|p2a: Great Tusk|Great Tusk|100/100
|turn|4
|
|t:|1769342082
|switch|p1a: Ninetales|Ninetales-Alola, F|100/100
|-weather|Snowscape|[from] ability: Snow Warning|[of] p1a: Ninetales
|move|p2a: Great Tusk|Headlong Rush|p1a: Ninetales
|-damage|p1a: Ninetales|35/100
|-unboost|p2a: Great Tusk|def|1
|-unboost|p2a: Great Tusk|spd|1
|
|-weather|Snowscape|[upkeep]
|upkeep
|turn|5
|
|t:|1769342098
|-end|p2a: Great Tusk|Protosynthesis|[silent]
|switch|p2a: Hatterene|Hatterene, F|100/100
|move|p1a: Ninetales|Blizzard|p2a: Hatterene
|-damage|p2a: Hatterene|39/100
|-damage|p1a: Ninetales|25/100|[from] item: Life Orb
|
|-weather|Snowscape|[upkeep]
|-heal|p2a: Hatterene|45/100|[from] item: Leftovers
|upkeep
|turn|6
|
|t:|1769342102
|move|p1a: Ninetales|Blizzard|p2a: Hatterene
|-damage|p2a: Hatterene|0 fnt
|faint|p2a: Hatterene
|-damage|p1a: Ninetales|15/100|[from] item: Life Orb
|
|-weather|Snowscape|[upkeep]
|upkeep
|
|t:|1769342108
|switch|p2a: Gholdengo|Gholdengo|100/100
|turn|7
|
|t:|1769342116
|move|p2a: Gholdengo|Shadow Ball|p1a: Ninetales
|-damage|p1a: Ninetales|0 fnt
|faint|p1a: Ninetales
|
|-weather|Snowscape|[upkeep]
|upkeep
|
|t:|1769342131
|switch|p1a: Weavile|Weavile, M|100/100
|-ability|p1a: Weavile|Pressure
|turn|8
|
|t:|1769342142
|switch|p2a: Ogerpon|Ogerpon-Cornerstone, F|100/100
|move|p1a: Weavile|Knock Off|p2a: Ogerpon
|-damage|p2a: Ogerpon|57/100
|
|-weather|none
|upkeep
|turn|9
|
|t:|1769342151
|move|p1a: Weavile|Icicle Crash|p2a: Ogerpon
|-supereffective|p2a: Ogerpon
|-crit|p2a: Ogerpon
|-damage|p2a: Ogerpon|0 fnt
|faint|p2a: Ogerpon
|
|upkeep
|
|t:|1769342156
|switch|p2a: Gholdengo|Gholdengo|100/100
|turn|10
|
|t:|1769342172
|move|p2a: Gholdengo|Make It Rain|p1a: Weavile
|-supereffective|p1a: Weavile
|-damage|p1a: Weavile|0 fnt
|-unboost|p2a: Gholdengo|spa|1
|faint|p1a: Weavile
|
|upkeep
|
|t:|1769342175
|switch|p1a: Hawlucha|Hawlucha, M|100/100
|turn|11
|
|t:|1769342180
|switch|p2a: Great Tusk|Great Tusk|100/100
|move|p1a: Hawlucha|Throat Chop|p2a: Great Tusk
|-resisted|p2a: Great Tusk
|-damage|p2a: Great Tusk|92/100
|-start|p2a: Great Tusk|Throat Chop|[silent]
|
|upkeep
|turn|12
|
|t:|1769342201
|switch|p1a: Dragapult|Dragapult, F|100/100
|move|p2a: Great Tusk|Ice Spinner|p1a: Dragapult
|-supereffective|p1a: Dragapult
|-damage|p1a: Dragapult|19/100
|
|-end|p2a: Great Tusk|Throat Chop|[silent]
|upkeep
|turn|13
|
|t:|1769342209
|move|p1a: Dragapult|Draco Meteor|p2a: Great Tusk
|-damage|p2a: Great Tusk|0 fnt
|-unboost|p1a: Dragapult|spa|2
|faint|p2a: Great Tusk
|-end|p2a: Great Tusk|Protosynthesis|[silent]
|
|upkeep
|
|t:|1769342220
|switch|p2a: Gholdengo|Gholdengo|100/100
|turn|14
|
|t:|1769342241
|switch|p1a: Hawlucha|Hawlucha, M|100/100
|move|p2a: Gholdengo|Shadow Ball|p1a: Hawlucha
|-damage|p1a: Hawlucha|25/100
|
|-heal|p1a: Hawlucha|31/100|[from] item: Leftovers
|upkeep
|turn|15
|
|t:|1769342244
|move|p2a: Gholdengo|Shadow Ball|p1a: Hawlucha
|-damage|p1a: Hawlucha|0 fnt
|faint|p1a: Hawlucha
|
|upkeep
|
|t:|1769342248
|switch|p1a: Chandelure|Chandelure, M, shiny|100/100
|turn|16
|
|t:|1769342256
|move|p2a: Gholdengo|Shadow Ball|p1a: Chandelure
|-supereffective|p1a: Chandelure
|-damage|p1a: Chandelure|0 fnt
|faint|p1a: Chandelure
|
|upkeep
|
|t:|1769342262
|switch|p1a: Dragapult|Dragapult, F|19/100
|turn|17
|
|t:|1769342263
|move|p2a: Gholdengo|Shadow Ball|p1a: Dragapult
|-supereffective|p1a: Dragapult
|-damage|p1a: Dragapult|0 fnt
|faint|p1a: Dragapult
|
|win|astolfo cesar
|raw|enderpop's rating: 1099 &rarr; <strong>1074</strong><br />(-25 for losing)
|raw|astolfo cesar's rating: 1095 &rarr; <strong>1121</strong><br />(+26 for winning)
|l|☆astolfo cesar
|player|p2|
|l|☆enderpop
|player|p1|
