|j|☆therealdracocodm
|j|☆asisisi
|t:|1769405647
|gametype|singles
|player|p1|therealdracocodm|cynthia-gen4|1199
|player|p2|asisisi|hooligans|1152
|gen|9
|tier|[Gen 9] OU
|rated|
|rule|HP Percentage Mod: HP is shown in percentages
|rule|Endless Battle Clause: Forcing endless battles is banned
|rule|Species Clause: Limit one of each Pokémon
|rule|OHKO Clause: OHKO moves are banned
|rule|Evasion Items Clause: Evasion items are banned
|rule|Evasion Moves Clause: Evasion moves are banned
|rule|Evasion Abilities Clause: Evasion abilities are banned
|rule|Sleep Moves Clause: Sleep-inducing moves are banned
|clearpoke
|poke|p1|Blaziken, F|
|poke|p1|Garchomp, F|
|poke|p1|Iron Valiant|
|poke|p1|Dragapult, M|
|poke|p1|Garganacl, M|
|poke|p1|Clodsire, M|
|poke|p2|Dondozo, M|
|poke|p2|Garganacl, F|
|poke|p2|Clodsire, M|
|poke|p2|Blissey, F|
|poke|p2|Skeledirge, M|
|poke|p2|Corviknight, M|
|teampreview
|
|t:|1769405657
|teamsize|p1|6
|teamsize|p2|6
|start
|switch|p1a: Big 30 blrrd|Garchomp, F, shiny|100/100
|switch|p2a: Garganacl|Garganacl, F|100/100
|turn|1
|
|t:|1769405663
|move|p2a: Garganacl|Substitute|p2a: Garganacl
|-start|p2a: Garganacl|Substitute
|-damage|p2a: Garganacl|75/100
|move|p1a: Big 30 blrrd|Dragon Tail|p2a: Garganacl
|-activate|p2a: Garganacl|move: Substitute|[damage]
|
|-heal|p2a: Garganacl|82/100|[from] item: Leftovers
|upkeep
|turn|2
|
|t:|1769405670
|move|p1a: Big 30 blrrd|Earthquake|p2a: Garganacl
|-supereffective|p2a: Garganacl
|-end|p2a: Garganacl|Substitute
|move|p2a: Garganacl|Salt Cure|p1a: Big 30 blrrd
|-resisted|p1a: Big 30 blrrd
|-damage|p1a: Big 30 blrrd|96/100
|-start|p1a: Big 30 blrrd|Salt Cure
|
|-heal|p2a: Garganacl|88/100|[from] item: Leftovers
|-damage|p1a: Big 30 blrrd|83/100|[from] Salt Cure
|upkeep
|turn|3
|
|t:|1769405681
|switch|p2a: Corviknight|Corviknight, M|100/100
|-ability|p2a: Corviknight|Pressure
|move|p1a: Big 30 blrrd|Earthquake|p2a: Corviknight
|-immune|p2a: Corviknight
|
|-damage|p1a: Big 30 blrrd|71/100|[from] Salt Cure
|upkeep
|turn|4
|
|t:|1769405689
|move|p1a: Big 30 blrrd|Fire Fang|p2a: Corviknight
|-supereffective|p2a: Corviknight
|-damage|p2a: Corviknight|79/100
|move|p2a: Corviknight|U-turn|p1a: Big 30 blrrd
|-damage|p1a: Big 30 blrrd|62/100
|-damage|p2a: Corviknight|67/100|[from] ability: Rough Skin|[of] p1a: Big 30 blrrd
|-damage|p2a: Corviknight|50/100|[from] item: Rocky Helmet|[of] p1a: Big 30 blrrd
|
|t:|1769405702
|switch|p2a: Garganacl|Garganacl, F|88/100|[from] U-turn
|
|-heal|p2a: Garganacl|94/100|[from] item: Leftovers
|-damage|p1a: Big 30 blrrd|50/100|[from] Salt Cure
|upkeep
|turn|5
|
|t:|1769405711
|move|p2a: Garganacl|Curse|p2a: Garganacl
|-unboost|p2a: Garganacl|spe|1
|-boost|p2a: Garganacl|atk|1
|-boost|p2a: Garganacl|def|1
|move|p1a: Big 30 blrrd|Dragon Tail|p2a: Garganacl
|-damage|p2a: Garganacl|86/100
|drag|p2a: Clodsire|Clodsire, M|100/100
|
|-damage|p1a: Big 30 blrrd|37/100|[from] Salt Cure
|upkeep
|turn|6
|
|t:|1769405721
|switch|p2a: Corviknight|Corviknight, M|50/100
|-ability|p2a: Corviknight|Pressure
|move|p1a: Big 30 blrrd|Earthquake|p2a: Corviknight
|-immune|p2a: Corviknight
|
|-heal|p2a: Corviknight|57/100|[from] item: Leftovers
|-damage|p1a: Big 30 blrrd|25/100|[from] Salt Cure
|upkeep
|turn|7
|
|t:|1769405732
|switch|p2a: Dondozo|Dondozo, M|100/100
|move|p1a: Big 30 blrrd|Dragon Tail|p2a: Dondozo|[miss]
|-miss|p1a: Big 30 blrrd|p2a: Dondozo
|
|-damage|p1a: Big 30 blrrd|13/100|[from] Salt Cure
|upkeep
|turn|8
|
|t:|1769405741
|switch|p2a: Corviknight|Corviknight, M|57/100
|-ability|p2a: Corviknight|Pressure
|move|p1a: Big 30 blrrd|Dragon Tail|p2a: Corviknight
|-resisted|p2a: Corviknight
|-damage|p2a: Corviknight|48/100
|drag|p2a: Clodsire|Clodsire, M|100/100
|
|-damage|p1a: Big 30 blrrd|0 fnt|[from] Salt Cure
|faint|p1a: Big 30 blrrd
|upkeep
|
|t:|1769405758
|switch|p1a: Pooh|Garganacl, M, shiny|100/100
|turn|9
|
|t:|1769405780
|move|p1a: Pooh|Salt Cure|p2a: Clodsire
|-resisted|p2a: Clodsire
|-damage|p2a: Clodsire|93/100
|-start|p2a: Clodsire|Salt Cure
|move|p2a: Clodsire|Toxic Spikes|p1a: Pooh
|-sidestart|p1: therealdracocodm|move: Toxic Spikes
|
|-heal|p2a: Clodsire|99/100|[from] item: Leftovers
|-damage|p2a: Clodsire|87/100|[from] Salt Cure
|upkeep
|turn|10
|
|t:|1769405789
|move|p1a: Pooh|Body Press|p2a: Clodsire
|-resisted|p2a: Clodsire
|-damage|p2a: Clodsire|70/100
|move|p2a: Clodsire|Toxic Spikes|p1a: Pooh
|-sidestart|p1: therealdracocodm|move: Toxic Spikes
|
|-heal|p2a: Clodsire|77/100|[from] item: Leftovers
|-damage|p2a: Clodsire|64/100|[from] Salt Cure
|upkeep
|turn|11
|
|t:|1769405798
|switch|p2a: Skeledirge|Skeledirge, M|100/100
|move|p1a: Pooh|Body Press|p2a: Skeledirge
|-immune|p2a: Skeledirge
|
|upkeep
|turn|12
|
|t:|1769405806
|move|p2a: Skeledirge|Substitute|p2a: Skeledirge
|-start|p2a: Skeledirge|Substitute
|-damage|p2a: Skeledirge|75/100
|move|p1a: Pooh|Salt Cure|p2a: Skeledirge
|-supereffective|p2a: Skeledirge
|-activate|p2a: Skeledirge|move: Substitute|[damage]
|
|-heal|p2a: Skeledirge|82/100|[from] item: Leftovers
|upkeep
|turn|13
|
|t:|1769405815
|move|p2a: Skeledirge|Torch Song|p1a: Pooh
|-resisted|p1a: Pooh
|-damage|p1a: Pooh|86/100
|-boost|p2a: Skeledirge|spa|1
|move|p1a: Pooh|Salt Cure|p2a: Skeledirge
|-supereffective|p2a: Skeledirge
|-end|p2a: Skeledirge|Substitute
|
|-heal|p2a: Skeledirge|88/100|[from] item: Leftovers
|-heal|p1a: Pooh|93/100|[from] item: Leftovers
|upkeep
|turn|14
|
|t:|1769405825
|move|p2a: Skeledirge|Substitute|p2a: Skeledirge
|-start|p2a: Skeledirge|Substitute
|-damage|p2a: Skeledirge|63/100
|move|p1a: Pooh|Salt Cure|p2a: Skeledirge
|-supereffective|p2a: Skeledirge
|-activate|p2a: Skeledirge|move: Substitute|[damage]
|
|-heal|p2a: Skeledirge|69/100|[from] item: Leftovers
|-heal|p1a: Pooh|99/100|[from] item: Leftovers
|upkeep
|turn|15
|
|t:|1769405834
|move|p2a: Skeledirge|Torch Song|p1a: Pooh
|-resisted|p1a: Pooh
|-damage|p1a: Pooh|78/100
|-boost|p2a: Skeledirge|spa|1
|move|p1a: Pooh|Salt Cure|p2a: Skeledirge
|-supereffective|p2a: Skeledirge
|-end|p2a: Skeledirge|Substitute
|
|-heal|p2a: Skeledirge|75/100|[from] item: Leftovers
|-heal|p1a: Pooh|84/100|[from] item: Leftovers
|upkeep
|turn|16
|
|t:|1769405845
|move|p2a: Skeledirge|Substitute|p2a: Skeledirge
|-start|p2a: Skeledirge|Substitute
|-damage|p2a: Skeledirge|50/100
|move|p1a: Pooh|Salt Cure|p2a: Skeledirge
|-supereffective|p2a: Skeledirge
|-activate|p2a: Skeledirge|move: Substitute|[damage]
|
|-heal|p2a: Skeledirge|56/100|[from] item: Leftovers
|-heal|p1a: Pooh|90/100|[from] item: Leftovers
|upkeep
|turn|17
|
|t:|1769405853
|move|p2a: Skeledirge|Slack Off|p2a: Skeledirge
|-heal|p2a: Skeledirge|100/100
|move|p1a: Pooh|Salt Cure|p2a: Skeledirge
|-supereffective|p2a: Skeledirge
|-end|p2a: Skeledirge|Substitute
|
|-heal|p1a: Pooh|97/100|[from] item: Leftovers
|upkeep
|turn|18
|
|t:|1769405860
|move|p2a: Skeledirge|Substitute|p2a: Skeledirge
|-start|p2a: Skeledirge|Substitute
|-damage|p2a: Skeledirge|75/100
|move|p1a: Pooh|Salt Cure|p2a: Skeledirge
|-supereffective|p2a: Skeledirge
|-activate|p2a: Skeledirge|move: Substitute|[damage]
|
|-heal|p2a: Skeledirge|82/100|[from] item: Leftovers
|-heal|p1a: Pooh|100/100|[from] item: Leftovers
|upkeep
|turn|19
|
|t:|1769405869
|switch|p1a: thug|Clodsire, M, shiny|100/100
|-sideend|p1: therealdracocodm|move: Toxic Spikes|[of] p1a: thug
|move|p2a: Skeledirge|Torch Song|p1a: thug
|-damage|p1a: thug|57/100
|-boost|p2a: Skeledirge|spa|1
|
|-heal|p2a: Skeledirge|88/100|[from] item: Leftovers
|-heal|p1a: thug|63/100|[from] item: Leftovers
|upkeep
|turn|20
|
|t:|1769405880
|move|p2a: Skeledirge|Shadow Ball|p1a: thug
|-crit|p1a: thug
|-damage|p1a: thug|0 fnt
|faint|p1a: thug
|
|-heal|p2a: Skeledirge|94/100|[from] item: Leftovers
|upkeep
|
|t:|1769405888
|switch|p1a: chicken|Blaziken, F, shiny|100/100
|turn|21
|
|t:|1769405899
|move|p1a: chicken|Acrobatics|p2a: Skeledirge
|-end|p2a: Skeledirge|Substitute
|move|p2a: Skeledirge|Shadow Ball|p1a: chicken
|-damage|p1a: chicken|0 fnt
|faint|p1a: chicken
|
|-heal|p2a: Skeledirge|99/100|[from] item: Leftovers
|upkeep
|
|t:|1769405902
|switch|p1a: Von|Dragapult, M, shiny|100/100
|turn|22
|
|t:|1769405916
|-terastallize|p2a: Skeledirge|Fairy
|move|p1a: Von|Shadow Ball|p2a: Skeledirge
|-damage|p2a: Skeledirge|42/100
|-unboost|p2a: Skeledirge|spd|1
|move|p2a: Skeledirge|Shadow Ball|p1a: Von
|-supereffective|p1a: Von
|-damage|p1a: Von|0 fnt
|faint|p1a: Von
|
|-heal|p2a: Skeledirge|48/100|[from] item: Leftovers
|upkeep
|
|t:|1769405921
|switch|p1a: Dolph|Iron Valiant, shiny|100/100
|-enditem|p1a: Dolph|Booster Energy
|-activate|p1a: Dolph|ability: Quark Drive|[fromitem]
|-start|p1a: Dolph|quarkdrivespe
|turn|23
|
|t:|1769405938
|switch|p2a: Clodsire|Clodsire, M|64/100
|move|p1a: Dolph|Spirit Break|p2a: Clodsire
|-resisted|p2a: Clodsire
|-crit|p2a: Clodsire
|-damage|p2a: Clodsire|34/100
|-unboost|p2a: Clodsire|spa|1
|
|-heal|p2a: Clodsire|40/100|[from] item: Leftovers
|upkeep
|turn|24
|
|t:|1769405948
|-end|p1a: Dolph|Quark Drive|[silent]
|switch|p1a: Pooh|Garganacl, M, shiny|100/100
|move|p2a: Clodsire|Toxic|p1a: Pooh
|-immune|p1a: Pooh|[from] ability: Purifying Salt
|
|-heal|p2a: Clodsire|46/100|[from] item: Leftovers
|upkeep
|turn|25
|
|t:|1769405955
|move|p1a: Pooh|Salt Cure|p2a: Clodsire
|-resisted|p2a: Clodsire
|-damage|p2a: Clodsire|38/100
|-start|p2a: Clodsire|Salt Cure
|move|p2a: Clodsire|Earthquake|p1a: Pooh
|-supereffective|p1a: Pooh
|-damage|p1a: Pooh|73/100
|
|-heal|p1a: Pooh|79/100|[from] item: Leftovers
|-heal|p2a: Clodsire|45/100|[from] item: Leftovers
|-damage|p2a: Clodsire|32/100|[from] Salt Cure
|upkeep
|turn|26
|
|t:|1769405965
|move|p1a: Pooh|Body Press|p2a: Clodsire
|-resisted|p2a: Clodsire
|-damage|p2a: Clodsire|14/100
|move|p2a: Clodsire|Toxic Spikes|p1a: Pooh
|-sidestart|p1: therealdracocodm|move: Toxic Spikes
|
|-heal|p1a: Pooh|86/100|[from] item: Leftovers
|-heal|p2a: Clodsire|20/100|[from] item: Leftovers
|-damage|p2a: Clodsire|8/100|[from] Salt Cure
|upkeep
|turn|27
|
|t:|1769405973
|move|p1a: Pooh|Recover|p1a: Pooh
|-heal|p1a: Pooh|100/100
|move|p2a: Clodsire|Toxic Spikes|p1a: Pooh
|-sidestart|p1: therealdracocodm|move: Toxic Spikes
|
|-heal|p2a: Clodsire|14/100|[from] item: Leftovers
|-damage|p2a: Clodsire|2/100|[from] Salt Cure
|upkeep
|turn|28
|
|t:|1769405982
|move|p1a: Pooh|Body Press|p2a: Clodsire
|-resisted|p2a: Clodsire
|-crit|p2a: Clodsire
|-damage|p2a: Clodsire|0 fnt
|faint|p2a: Clodsire
|
|upkeep
|
|t:|1769405986
|switch|p2a: Skeledirge|Skeledirge, M, tera:Fairy|48/100
|turn|29
|
|t:|1769405990
|move|p2a: Skeledirge|Slack Off|p2a: Skeledirge
|-heal|p2a: Skeledirge|98/100
|move|p1a: Pooh|Salt Cure|p2a: Skeledirge
|-damage|p2a: Skeledirge|90/100
|-start|p2a: Skeledirge|Salt Cure
|
|-heal|p2a: Skeledirge|96/100|[from] item: Leftovers
|-damage|p2a: Skeledirge|84/100|[from] Salt Cure
|upkeep
|turn|30
|
|t:|1769406002
|switch|p2a: Corviknight|Corviknight, M|48/100
|-ability|p2a: Corviknight|Pressure
|move|p1a: Pooh|Body Press|p2a: Corviknight
|-damage|p2a: Corviknight|29/100
|
|-heal|p2a: Corviknight|35/100|[from] item: Leftovers
|upkeep
|turn|31
|
|t:|1769406010
|move|p2a: Corviknight|Roost|p2a: Corviknight
|-heal|p2a: Corviknight|85/100
|-singleturn|p2a: Corviknight|move: Roost
|move|p1a: Pooh|Salt Cure|p2a: Corviknight
|-resisted|p2a: Corviknight
|-damage|p2a: Corviknight|81/100
|-start|p2a: Corviknight|Salt Cure
|
|-heal|p2a: Corviknight|87/100|[from] item: Leftovers
|-damage|p2a: Corviknight|62/100|[from] Salt Cure
|upkeep
|turn|32
|
|t:|1769406020
|move|p2a: Corviknight|U-turn|p1a: Pooh
|-damage|p1a: Pooh|93/100
|
|t:|1769406024
|switch|p2a: Dondozo|Dondozo, M|100/100|[from] U-turn
|move|p1a: Pooh|Body Press|p2a: Dondozo
|-damage|p2a: Dondozo|86/100
|
|-heal|p1a: Pooh|99/100|[from] item: Leftovers
|-heal|p2a: Dondozo|92/100|[from] item: Leftovers
|upkeep
|turn|33
|
|t:|1769406039
|move|p2a: Dondozo|Liquidation|p1a: Pooh
|-supereffective|p1a: Pooh
|-damage|p1a: Pooh|71/100
|move|p1a: Pooh|Salt Cure|p2a: Dondozo
|-damage|p2a: Dondozo|86/100
|-start|p2a: Dondozo|Salt Cure
|
|-heal|p1a: Pooh|77/100|[from] item: Leftovers
|-heal|p2a: Dondozo|92/100|[from] item: Leftovers
|-damage|p2a: Dondozo|67/100|[from] Salt Cure
|upkeep
|turn|34
|
|t:|1769406051
|move|p1a: Pooh|Protect|p1a: Pooh
|-singleturn|p1a: Pooh|Protect
|move|p2a: Dondozo|Liquidation|p1a: Pooh
|-activate|p1a: Pooh|move: Protect
|
|-heal|p2a: Dondozo|73/100|[from] item: Leftovers
|-heal|p1a: Pooh|83/100|[from] item: Leftovers
|-damage|p2a: Dondozo|48/100|[from] Salt Cure
|upkeep
|turn|35
|
|t:|1769406060
|move|p1a: Pooh|Salt Cure|p2a: Dondozo
|-damage|p2a: Dondozo|42/100
|move|p2a: Dondozo|Liquidation|p1a: Pooh
|-supereffective|p1a: Pooh
|-damage|p1a: Pooh|56/100
|
|-heal|p1a: Pooh|62/100|[from] item: Leftovers
|-heal|p2a: Dondozo|48/100|[from] item: Leftovers
|-damage|p2a: Dondozo|23/100|[from] Salt Cure
|upkeep
|turn|36
|
|t:|1769406071
|move|p2a: Dondozo|Liquidation|p1a: Pooh
|-supereffective|p1a: Pooh
|-damage|p1a: Pooh|34/100
|move|p1a: Pooh|Recover|p1a: Pooh
|-heal|p1a: Pooh|84/100
|
|-heal|p2a: Dondozo|29/100|[from] item: Leftovers
|-heal|p1a: Pooh|90/100|[from] item: Leftovers
|-damage|p2a: Dondozo|4/100|[from] Salt Cure
|upkeep
|turn|37
|
|t:|1769406080
|move|p1a: Pooh|Protect|p1a: Pooh
|-singleturn|p1a: Pooh|Protect
|move|p2a: Dondozo|Liquidation|p1a: Pooh
|-activate|p1a: Pooh|move: Protect
|
|-heal|p2a: Dondozo|11/100|[from] item: Leftovers
|-heal|p1a: Pooh|97/100|[from] item: Leftovers
|-damage|p2a: Dondozo|0 fnt|[from] Salt Cure
|faint|p2a: Dondozo
|upkeep
|
|t:|1769406089
|switch|p2a: Skeledirge|Skeledirge, M, tera:Fairy|84/100
|turn|38
|
|t:|1769406093
|move|p2a: Skeledirge|Substitute|p2a: Skeledirge
|-start|p2a: Skeledirge|Substitute
|-damage|p2a: Skeledirge|59/100
|move|p1a: Pooh|Salt Cure|p2a: Skeledirge
|-activate|p2a: Skeledirge|move: Substitute|[damage]
|
|-heal|p2a: Skeledirge|65/100|[from] item: Leftovers
|-heal|p1a: Pooh|100/100|[from] item: Leftovers
|upkeep
|turn|39
|
|t:|1769406110
|move|p2a: Skeledirge|Torch Song|p1a: Pooh
|-resisted|p1a: Pooh
|-damage|p1a: Pooh|88/100
|-boost|p2a: Skeledirge|spa|1
|move|p1a: Pooh|Salt Cure|p2a: Skeledirge
|-activate|p2a: Skeledirge|move: Substitute|[damage]
|
|-heal|p2a: Skeledirge|71/100|[from] item: Leftovers
|-heal|p1a: Pooh|94/100|[from] item: Leftovers
|upkeep
|turn|40
|
|t:|1769406122
|move|p2a: Skeledirge|Torch Song|p1a: Pooh
|-resisted|p1a: Pooh
|-damage|p1a: Pooh|74/100
|-boost|p2a: Skeledirge|spa|1
|move|p1a: Pooh|Salt Cure|p2a: Skeledirge
|-activate|p2a: Skeledirge|move: Substitute|[damage]
|
|-heal|p2a: Skeledirge|77/100|[from] item: Leftovers
|-heal|p1a: Pooh|80/100|[from] item: Leftovers
|upkeep
|turn|41
|c|☆therealdracocodm|i have no idea what to do to u
|-message|therealdracocodm forfeited.
|
|win|asisisi
|raw|therealdracocodm's rating: 1199 &rarr; <strong>1171</strong><br />(-28 for losing)
|raw|asisisi's rating: 1152 &rarr; <strong>1180</strong><br />(+28 for winning)
|l|☆therealdracocodm
|player|p1|
|l|☆asisisi
|player|p2|
