|j|☆pinkwalll
|j|☆Trainerthatisded
|t:|1769404342
|gametype|singles
|player|p1|pinkwalll|battlegirl|1421
|player|p2|Trainerthatisded|birdkeeper|1428
|gen|9
|tier|[Gen 9] OU
|rated|
|rule|HP Percentage Mod: HP is shown in percentages
|rule|Endless Battle Clause: Forcing endless battles is banned
|rule|Species Clause: Limit one of each Pokémon
|rule|OHKO Clause: OHKO moves are banned
|rule|Evasion Items Clause: Evasion items are banned
|rule|Evasion Moves Clause: Evasion moves are banned
|rule|Evasion Abilities Clause: Evasion abilities are banned
|rule|Sleep Moves Clause: Sleep-inducing moves are banned
|clearpoke
|poke|p1|Torkoal, F|
|poke|p1|Scovillain, M|
|poke|p1|Walking Wake|
|poke|p1|Hatterene, F|
|poke|p1|Great Tusk|
|poke|p1|Ceruledge, M|
|poke|p2|Cinderace, F|
|poke|p2|Raging Bolt|
|poke|p2|Meowscarada, M|
|poke|p2|Slowking-Galar, M|
|poke|p2|Great Tusk|
|poke|p2|Corviknight, F|
|teampreview
|inactive|Battle timer is ON: inactive players will automatically lose when time's up. (requested by pinkwalll)
|
|t:|1769404368
|teamsize|p1|6
|teamsize|p2|6
|start
|switch|p1a: Torkoal|Torkoal, F|100/100
|switch|p2a: Turboking|Slowking-Galar, M|100/100
|-weather|SunnyDay|[from] ability: Drought|[of] p1a: Torkoal
|turn|1
|
|t:|1769404379
|move|p2a: Turboking|Sludge Bomb|p1a: Torkoal
|-damage|p1a: Torkoal|50/100
|move|p1a: Torkoal|Stealth Rock|p2a: Turboking
|-sidestart|p2: Trainerthatisded|move: Stealth Rock
|
|-weather|SunnyDay|[upkeep]
|upkeep
|turn|2
|
|t:|1769404384
|switch|p1a: Hatterene|Hatterene, F, shiny|100/100
|move|p2a: Turboking|Sludge Bomb|p1a: Hatterene
|-supereffective|p1a: Hatterene
|-damage|p1a: Hatterene|25/100
|-status|p1a: Hatterene|psn
|-enditem|p1a: Hatterene|Eject Button
|
|t:|1769404393
|switch|p1a: Walking Wake|Walking Wake|100/100
|-activate|p1a: Walking Wake|ability: Protosynthesis
|-start|p1a: Walking Wake|protosynthesisspa
|
|-weather|SunnyDay|[upkeep]
|upkeep
|turn|3
|
|t:|1769404405
|-terastallize|p1a: Walking Wake|Water
|move|p1a: Walking Wake|Hydro Steam|p2a: Turboking
|-damage|p2a: Turboking|7/100
|move|p2a: Turboking|Sludge Bomb|p1a: Walking Wake
|-damage|p1a: Walking Wake|47/100
|
|-weather|SunnyDay|[upkeep]
|upkeep
|turn|4
|
|t:|1769404418
|switch|p2a: Brontobolt|Raging Bolt|100/100
|-damage|p2a: Brontobolt|88/100|[from] Stealth Rock
|-activate|p2a: Brontobolt|ability: Protosynthesis
|-start|p2a: Brontobolt|protosynthesisspa
|move|p1a: Walking Wake|Hydro Steam|p2a: Brontobolt
|-resisted|p2a: Brontobolt
|-damage|p2a: Brontobolt|5/100
|
|-weather|SunnyDay|[upkeep]
|upkeep
|turn|5
|
|t:|1769404428
|-end|p1a: Walking Wake|Protosynthesis|[silent]
|switch|p1a: Don|Great Tusk, shiny|100/100
|-activate|p1a: Don|ability: Protosynthesis
|-start|p1a: Don|protosynthesisatk
|move|p2a: Brontobolt|Thunderclap||[still]
|-fail|p2a: Brontobolt
|
|-weather|SunnyDay|[upkeep]
|upkeep
|turn|6
|
|t:|1769404434
|-end|p2a: Brontobolt|Protosynthesis|[silent]
|switch|p2a: Donphang|Great Tusk|100/100
|-activate|p2a: Donphang|ability: Protosynthesis
|-start|p2a: Donphang|protosynthesisatk
|move|p1a: Don|Rapid Spin|p2a: Donphang
|-damage|p2a: Donphang|83/100
|-boost|p1a: Don|spe|1
|
|-weather|SunnyDay|[upkeep]
|upkeep
|turn|7
|
|t:|1769404445
|move|p1a: Don|Headlong Rush|p2a: Donphang
|-damage|p2a: Donphang|22/100
|-unboost|p1a: Don|def|1
|-unboost|p1a: Don|spd|1
|move|p2a: Donphang|Headlong Rush|p1a: Don
|-damage|p1a: Don|10/100
|-unboost|p2a: Donphang|def|1
|-unboost|p2a: Donphang|spd|1
|-damage|p2a: Donphang|6/100|[from] item: Rocky Helmet|[of] p1a: Don
|
|-weather|SunnyDay|[upkeep]
|upkeep
|turn|8
|
|t:|1769404456
|-end|p2a: Donphang|Protosynthesis|[silent]
|switch|p2a: Corviknight|Corviknight, F|100/100
|-damage|p2a: Corviknight|88/100|[from] Stealth Rock
|-ability|p2a: Corviknight|Pressure
|move|p1a: Don|Rapid Spin|p2a: Corviknight
|-resisted|p2a: Corviknight
|-damage|p2a: Corviknight|79/100
|-boost|p1a: Don|spe|1
|-damage|p1a: Don|0 fnt|[from] item: Rocky Helmet|[of] p2a: Corviknight
|faint|p1a: Don
|-end|p1a: Don|Protosynthesis|[silent]
|
|-weather|none
|upkeep
|
|t:|1769404462
|switch|p1a: Torkoal|Torkoal, F|50/100
|-weather|SunnyDay|[from] ability: Drought|[of] p1a: Torkoal
|turn|9
|
|t:|1769404471
|switch|p1a: Walking Wake|Walking Wake, tera:Water|47/100
|-activate|p1a: Walking Wake|ability: Protosynthesis
|-start|p1a: Walking Wake|protosynthesisspa
|move|p2a: Corviknight|U-turn|p1a: Walking Wake
|-damage|p1a: Walking Wake|33/100
|
|t:|1769404485
|switch|p2a: Meowscarada|Meowscarada, M|100/100|[from] U-turn
|-damage|p2a: Meowscarada|88/100|[from] Stealth Rock
|
|-weather|SunnyDay|[upkeep]
|upkeep
|turn|10
|
|t:|1769404493
|-end|p1a: Walking Wake|Protosynthesis|[silent]
|switch|p1a: Hatterene|Hatterene, F, shiny|25/100 psn
|move|p2a: Meowscarada|Flower Trick|p1a: Hatterene
|-start|p2a: Meowscarada|typechange|Grass|[from] ability: Protean
|-crit|p1a: Hatterene
|-damage|p1a: Hatterene|0 fnt
|faint|p1a: Hatterene
|
|-weather|SunnyDay|[upkeep]
|upkeep
|
|t:|1769404497
|switch|p1a: Ceruledge|Ceruledge, M|100/100
|turn|11
|
|t:|1769404505
|switch|p2a: Cinderace|Cinderace, F|100/100
|move|p1a: Ceruledge|Swords Dance|p1a: Ceruledge
|-boost|p1a: Ceruledge|atk|2
|
|-weather|SunnyDay|[upkeep]
|upkeep
|turn|12
|
|t:|1769404511
|move|p2a: Cinderace|U-turn|p1a: Ceruledge
|-start|p2a: Cinderace|typechange|Bug|[from] ability: Libero
|-resisted|p1a: Ceruledge
|-damage|p1a: Ceruledge|88/100
|-ability|p1a: Ceruledge|Weak Armor|boost
|-unboost|p1a: Ceruledge|def|1
|-boost|p1a: Ceruledge|spe|2
|
|t:|1769404523
|switch|p2a: Meowscarada|Meowscarada, M|88/100|[from] U-turn
|-damage|p2a: Meowscarada|76/100|[from] Stealth Rock
|move|p1a: Ceruledge|Bitter Blade|p2a: Meowscarada
|-supereffective|p2a: Meowscarada
|-crit|p2a: Meowscarada
|-damage|p2a: Meowscarada|0 fnt
|-heal|p1a: Ceruledge|100/100|[from] drain|[of] p2a: Meowscarada
|faint|p2a: Meowscarada
|
|-weather|SunnyDay|[upkeep]
|upkeep
|
|t:|1769404530
|switch|p2a: Cinderace|Cinderace, F|100/100
|turn|13
|
|t:|1769404536
|move|p2a: Cinderace|Sucker Punch|p1a: Ceruledge
|-start|p2a: Cinderace|typechange|Dark|[from] ability: Libero
|-supereffective|p1a: Ceruledge
|-enditem|p1a: Ceruledge|Focus Sash
|-damage|p1a: Ceruledge|1/100
|-ability|p1a: Ceruledge|Weak Armor|boost
|-unboost|p1a: Ceruledge|def|1
|-boost|p1a: Ceruledge|spe|2
|move|p1a: Ceruledge|Bitter Blade|p2a: Cinderace
|-damage|p2a: Cinderace|0 fnt
|-heal|p1a: Ceruledge|53/100|[from] drain|[of] p2a: Cinderace
|faint|p2a: Cinderace
|
|-weather|SunnyDay|[upkeep]
|upkeep
|inactive|Trainerthatisded has 120 seconds left.
|-message|Trainerthatisded forfeited.
|
|win|pinkwalll
|raw|pinkwalll's rating: 1421 &rarr; <strong>1441</strong><br />(+20 for winning)
|raw|Trainerthatisded's rating: 1428 &rarr; <strong>1408</strong><br />(-20 for losing)
|l|☆Trainerthatisded
|player|p2|
|l|☆pinkwalll
|player|p1|
