|j|☆1colour
|j|☆Brozac2
|t:|1769380007
|gametype|singles
|player|p1|1colour|parasollady|1630
|player|p2|Brozac2|pokemonbreederf-gen4|1573
|gen|9
|tier|[Gen 9] OU
|rated|
|rule|HP Percentage Mod: HP is shown in percentages
|rule|Endless Battle Clause: Forcing endless battles is banned
|rule|Species Clause: Limit one of each Pokémon
|rule|OHKO Clause: OHKO moves are banned
|rule|Evasion Items Clause: Evasion items are banned
|rule|Evasion Moves Clause: Evasion moves are banned
|rule|Evasion Abilities Clause: Evasion abilities are banned
|rule|Sleep Moves Clause: Sleep-inducing moves are banned
|clearpoke
|poke|p1|Cinderace, M|
|poke|p1|Rillaboom, F|
|poke|p1|Jirachi|
|poke|p1|Regidrago|
|poke|p1|Glimmora, F|
|poke|p1|Mimikyu, F|
|poke|p2|Iron Hands|
|poke|p2|Kyurem|
|poke|p2|Gholdengo|
|poke|p2|Alomomola, F|
|poke|p2|Hatterene, F|
|poke|p2|Darkrai|
|teampreview
|inactive|Battle timer is ON: inactive players will automatically lose when time's up. (requested by Brozac2)
|
|t:|1769380020
|teamsize|p1|6
|teamsize|p2|6
|start
|switch|p1a: Cinderace|Cinderace, M|100/100
|switch|p2a: Gholdengo|Gholdengo|100/100
|-item|p2a: Gholdengo|Air Balloon
|turn|1
|
|t:|1769380025
|switch|p2a: Alomomola|Alomomola, F|100/100
|move|p1a: Cinderace|U-turn|p2a: Alomomola
|-start|p1a: Cinderace|typechange|Bug|[from] ability: Libero
|-damage|p2a: Alomomola|83/100
|-damage|p1a: Cinderace|84/100|[from] item: Rocky Helmet|[of] p2a: Alomomola
|
|t:|1769380027
|switch|p1a: Rillaboom|Rillaboom, F|100/100|[from] U-turn
|-fieldstart|move: Grassy Terrain|[from] ability: Grassy Surge|[of] p1a: Rillaboom
|
|-heal|p2a: Alomomola|89/100|[from] Grassy Terrain
|upkeep
|turn|2
|
|t:|1769380033
|switch|p2a: Iron Hands|Iron Hands|100/100
|move|p1a: Rillaboom|Wood Hammer|p2a: Iron Hands
|-damage|p2a: Iron Hands|18/100
|-damage|p1a: Rillaboom|63/100|[from] Recoil
|
|-heal|p1a: Rillaboom|69/100|[from] Grassy Terrain
|-heal|p2a: Iron Hands|24/100|[from] Grassy Terrain
|upkeep
|turn|3
|
|t:|1769380040
|move|p1a: Rillaboom|Wood Hammer|p2a: Iron Hands
|-damage|p2a: Iron Hands|0 fnt
|faint|p2a: Iron Hands
|-end|p2a: Iron Hands|Quark Drive|[silent]
|-damage|p1a: Rillaboom|58/100|[from] Recoil
|
|-heal|p1a: Rillaboom|65/100|[from] Grassy Terrain
|upkeep
|
|t:|1769380042
|switch|p2a: Kyurem|Kyurem|100/100
|-ability|p2a: Kyurem|Pressure
|turn|4
|
|t:|1769380046
|switch|p1a: Jirachi|Jirachi|100/100
|move|p2a: Kyurem|Icicle Spear|p1a: Jirachi
|-resisted|p1a: Jirachi
|-damage|p1a: Jirachi|95/100
|-resisted|p1a: Jirachi
|-damage|p1a: Jirachi|88/100
|-resisted|p1a: Jirachi
|-damage|p1a: Jirachi|82/100
|-resisted|p1a: Jirachi
|-damage|p1a: Jirachi|76/100
|-resisted|p1a: Jirachi
|-damage|p1a: Jirachi|69/100
|-hitcount|p1a: Jirachi|5
|
|-heal|p1a: Jirachi|75/100|[from] Grassy Terrain
|-heal|p1a: Jirachi|82/100|[from] item: Leftovers
|upkeep
|turn|5
|
|t:|1769380057
|-terastallize|p2a: Kyurem|Fire
|move|p2a: Kyurem|Dragon Dance|p2a: Kyurem
|-boost|p2a: Kyurem|atk|1
|-boost|p2a: Kyurem|spe|1
|move|p1a: Jirachi|Doom Desire|p2a: Kyurem
|-start|p1a: Jirachi|Doom Desire
|
|-heal|p1a: Jirachi|88/100|[from] Grassy Terrain
|-heal|p1a: Jirachi|94/100|[from] item: Leftovers
|-fieldend|move: Grassy Terrain
|upkeep
|turn|6
|
|t:|1769380063
|switch|p1a: Mimikyu|Mimikyu, F, shiny|100/100
|move|p2a: Kyurem|Tera Blast|p1a: Mimikyu|[anim] Tera Blast Fire
|-activate|p1a: Mimikyu|ability: Disguise
|-damage|p1a: Mimikyu|100/100
|detailschange|p1a: Mimikyu|Mimikyu-Busted, F, shiny
|-damage|p1a: Mimikyu|88/100|[from] pokemon: Mimikyu-Busted
|-enditem|p1a: Mimikyu|Red Card|[of] p2a: Kyurem
|drag|p2a: Darkrai|Darkrai|100/100
|
|upkeep
|turn|7
|
|t:|1769380069
|move|p2a: Darkrai|Sludge Bomb|p1a: Mimikyu
|-damage|p1a: Mimikyu|33/100
|-status|p1a: Mimikyu|psn
|-damage|p2a: Darkrai|91/100|[from] item: Life Orb
|move|p1a: Mimikyu|Play Rough|p2a: Darkrai
|-supereffective|p2a: Darkrai
|-damage|p2a: Darkrai|1/100
|
|-end|p2a: Darkrai|move: Doom Desire
|-damage|p2a: Darkrai|0 fnt
|faint|p2a: Darkrai
|-damage|p1a: Mimikyu|21/100 psn|[from] psn
|upkeep
|
|t:|1769380075
|switch|p2a: Kyurem|Kyurem, tera:Fire|100/100
|-ability|p2a: Kyurem|Pressure
|turn|8
|
|t:|1769380079
|move|p1a: Mimikyu|Shadow Claw|p2a: Kyurem
|-damage|p2a: Kyurem|73/100
|move|p2a: Kyurem|Dragon Dance|p2a: Kyurem
|-boost|p2a: Kyurem|atk|1
|-boost|p2a: Kyurem|spe|1
|
|-damage|p1a: Mimikyu|8/100 psn|[from] psn
|upkeep
|turn|9
|
|t:|1769380086
|move|p2a: Kyurem|Dragon Dance|p2a: Kyurem
|-boost|p2a: Kyurem|atk|1
|-boost|p2a: Kyurem|spe|1
|move|p1a: Mimikyu|Shadow Claw|p2a: Kyurem
|-damage|p2a: Kyurem|47/100
|
|-damage|p1a: Mimikyu|0 fnt|[from] psn
|faint|p1a: Mimikyu
|upkeep
|
|t:|1769380091
|switch|p1a: Glimmora|Glimmora, F, shiny|100/100
|turn|10
|inactive|Brozac2 has 120 seconds left.
|
|t:|1769380132
|switch|p1a: Regidrago|Regidrago|100/100
|move|p2a: Kyurem|Icicle Spear|p1a: Regidrago
|-supereffective|p1a: Regidrago
|-damage|p1a: Regidrago|45/100
|-supereffective|p1a: Regidrago
|-damage|p1a: Regidrago|0 fnt
|faint|p1a: Regidrago
|-hitcount|p1: Regidrago|2
|
|upkeep
|
|t:|1769380137
|switch|p1a: Glimmora|Glimmora, F, shiny|100/100
|turn|11
|
|t:|1769380142
|move|p2a: Kyurem|Icicle Spear|p1a: Glimmora
|-damage|p1a: Glimmora|76/100
|-activate|p1a: Glimmora|ability: Toxic Debris
|-sidestart|p2: Brozac2|move: Toxic Spikes
|-damage|p1a: Glimmora|53/100
|-activate|p1a: Glimmora|ability: Toxic Debris
|-sidestart|p2: Brozac2|move: Toxic Spikes
|-damage|p1a: Glimmora|29/100
|-damage|p1a: Glimmora|7/100
|-hitcount|p1a: Glimmora|4
|move|p1a: Glimmora|Power Gem|p2a: Kyurem
|-supereffective|p2a: Kyurem
|-damage|p2a: Kyurem|0 fnt
|faint|p2a: Kyurem
|
|upkeep
|
|t:|1769380155
|switch|p2a: Gholdengo|Gholdengo|100/100
|-item|p2a: Gholdengo|Air Balloon
|turn|12
|c|☆1colour|fewf
|
|t:|1769380170
|move|p1a: Glimmora|Power Gem|p2a: Gholdengo
|-resisted|p2a: Gholdengo
|-damage|p2a: Gholdengo|84/100
|-enditem|p2a: Gholdengo|Air Balloon
|move|p2a: Gholdengo|Shadow Ball|p1a: Glimmora
|-damage|p1a: Glimmora|0 fnt
|faint|p1a: Glimmora
|
|upkeep
|
|t:|1769380171
|switch|p1a: Cinderace|Cinderace, M|84/100
|turn|13
|
|t:|1769380175
|switch|p2a: Alomomola|Alomomola, F|100/100
|-status|p2a: Alomomola|tox
|move|p1a: Cinderace|Pyro Ball|p2a: Alomomola
|-resisted|p2a: Alomomola
|-damage|p2a: Alomomola|85/100 tox
|
|-damage|p2a: Alomomola|79/100 tox|[from] psn
|upkeep
|turn|14
|
|t:|1769380182
|switch|p1a: Rillaboom|Rillaboom, F|65/100
|-fieldstart|move: Grassy Terrain|[from] ability: Grassy Surge|[of] p1a: Rillaboom
|move|p2a: Alomomola|Scald|p1a: Rillaboom
|-resisted|p1a: Rillaboom
|-damage|p1a: Rillaboom|56/100
|
|-heal|p1a: Rillaboom|62/100|[from] Grassy Terrain
|-heal|p2a: Alomomola|85/100 tox|[from] Grassy Terrain
|-damage|p2a: Alomomola|73/100 tox|[from] psn
|upkeep
|turn|15
|
|t:|1769380186
|move|p1a: Rillaboom|U-turn|p2a: Alomomola
|-damage|p2a: Alomomola|52/100 tox
|-damage|p1a: Rillaboom|45/100|[from] item: Rocky Helmet|[of] p2a: Alomomola
|
|t:|1769380189
|switch|p1a: Jirachi|Jirachi|94/100|[from] U-turn
|move|p2a: Alomomola|Scald|p1a: Jirachi
|-damage|p1a: Jirachi|86/100
|
|-heal|p1a: Jirachi|92/100|[from] Grassy Terrain
|-heal|p1a: Jirachi|98/100|[from] item: Leftovers
|-heal|p2a: Alomomola|58/100 tox|[from] Grassy Terrain
|-damage|p2a: Alomomola|40/100 tox|[from] psn
|upkeep
|turn|16
|
|t:|1769380196
|move|p1a: Jirachi|Psychic Noise|p2a: Alomomola
|-damage|p2a: Alomomola|10/100 tox
|-start|p2a: Alomomola|move: Heal Block
|move|p2a: Alomomola|Flip Turn|p1a: Jirachi
|-damage|p1a: Jirachi|83/100
|
|t:|1769380201
|switch|p2a: Gholdengo|Gholdengo|84/100|[from] Flip Turn
|
|-heal|p1a: Jirachi|89/100|[from] Grassy Terrain
|-heal|p1a: Jirachi|95/100|[from] item: Leftovers
|-heal|p2a: Gholdengo|90/100|[from] Grassy Terrain
|upkeep
|turn|17
|
|t:|1769380217
|move|p1a: Jirachi|Wish|p1a: Jirachi
|move|p2a: Gholdengo|Shadow Ball|p1a: Jirachi
|-supereffective|p1a: Jirachi
|-damage|p1a: Jirachi|45/100
|
|-heal|p1a: Jirachi|51/100|[from] Grassy Terrain
|-heal|p1a: Jirachi|57/100|[from] item: Leftovers
|-heal|p2a: Gholdengo|96/100|[from] Grassy Terrain
|upkeep
|turn|18
|
|t:|1769380229
|switch|p1a: Cinderace|Cinderace, M|84/100
|move|p2a: Gholdengo|Thunder Wave|p1a: Cinderace
|-status|p1a: Cinderace|par
|
|-heal|p1a: Cinderace|100/100 par|[from] move: Wish|[wisher] Jirachi
|-heal|p2a: Gholdengo|100/100|[from] Grassy Terrain
|-fieldend|move: Grassy Terrain
|upkeep
|turn|19
|
|t:|1769380234
|switch|p2a: Alomomola|Alomomola, F|44/100 tox
|move|p1a: Cinderace|Pyro Ball|p2a: Alomomola
|-resisted|p2a: Alomomola
|-damage|p2a: Alomomola|27/100 tox
|
|-damage|p2a: Alomomola|21/100 tox|[from] psn
|upkeep
|turn|20
|
|t:|1769380244
|move|p1a: Cinderace|U-turn|p2a: Alomomola
|-start|p1a: Cinderace|typechange|Bug|[from] ability: Libero
|-damage|p2a: Alomomola|2/100 tox
|-damage|p1a: Cinderace|84/100 par|[from] item: Rocky Helmet|[of] p2a: Alomomola
|
|t:|1769380248
|switch|p1a: Jirachi|Jirachi|57/100|[from] U-turn
|move|p2a: Alomomola|Flip Turn|p1a: Jirachi
|-damage|p1a: Jirachi|44/100
|
|t:|1769380251
|switch|p2a: Gholdengo|Gholdengo|100/100|[from] Flip Turn
|
|-heal|p1a: Jirachi|50/100|[from] item: Leftovers
|upkeep
|turn|21
|
|t:|1769380256
|move|p1a: Jirachi|Protect|p1a: Jirachi
|-singleturn|p1a: Jirachi|Protect
|move|p2a: Gholdengo|Shadow Ball|p1a: Jirachi
|-activate|p1a: Jirachi|move: Protect
|
|-heal|p1a: Jirachi|56/100|[from] item: Leftovers
|upkeep
|turn|22
|
|t:|1769380266
|-terastallize|p1a: Jirachi|Water
|move|p1a: Jirachi|Wish|p1a: Jirachi
|move|p2a: Gholdengo|Shadow Ball|p1a: Jirachi
|-damage|p1a: Jirachi|29/100
|
|-heal|p1a: Jirachi|35/100|[from] item: Leftovers
|upkeep
|turn|23
|
|t:|1769380275
|switch|p1a: Cinderace|Cinderace, M|84/100 par
|move|p2a: Gholdengo|Thunder Wave|p1a: Cinderace
|-fail|p1a: Cinderace|par
|
|-heal|p1a: Cinderace|100/100 par|[from] move: Wish|[wisher] Jirachi
|upkeep
|turn|24
|
|t:|1769380280
|switch|p2a: Alomomola|Alomomola, F|35/100 tox
|cant|p1a: Cinderace|par
|
|-damage|p2a: Alomomola|29/100 tox|[from] psn
|upkeep
|turn|25
|
|t:|1769380285
|move|p1a: Cinderace|Gunk Shot|p2a: Alomomola
|-start|p1a: Cinderace|typechange|Poison|[from] ability: Libero
|-damage|p2a: Alomomola|0 fnt
|faint|p2a: Alomomola
|
|upkeep
|
|t:|1769380294
|switch|p2a: Hatterene|Hatterene, F|100/100
|-status|p2a: Hatterene|tox
|turn|26
|
|t:|1769380302
|switch|p1a: Jirachi|Jirachi, tera:Water|35/100
|move|p2a: Hatterene|Psychic|p1a: Jirachi
|-damage|p1a: Jirachi|4/100
|
|-heal|p1a: Jirachi|10/100|[from] item: Leftovers
|-damage|p2a: Hatterene|95/100 tox|[from] psn
|upkeep
|turn|27
|
|t:|1769380308
|move|p1a: Jirachi|Doom Desire|p2a: Hatterene
|-start|p1a: Jirachi|Doom Desire
|move|p2a: Hatterene|Draining Kiss|p1a: Jirachi
|-crit|p1a: Jirachi
|-damage|p1a: Jirachi|0 fnt
|-heal|p2a: Hatterene|100/100 tox|[from] drain|[of] p1a: Jirachi
|faint|p1a: Jirachi
|
|-damage|p2a: Hatterene|89/100 tox|[from] psn
|upkeep
|
|t:|1769380317
|switch|p1a: Rillaboom|Rillaboom, F|45/100
|-fieldstart|move: Grassy Terrain|[from] ability: Grassy Surge|[of] p1a: Rillaboom
|turn|28
|
|t:|1769380322
|move|p1a: Rillaboom|Knock Off|p2a: Hatterene
|-damage|p2a: Hatterene|27/100 tox
|-enditem|p2a: Hatterene|Assault Vest|[from] move: Knock Off|[of] p1a: Rillaboom
|move|p2a: Hatterene|Psychic|p1a: Rillaboom
|-damage|p1a: Rillaboom|0 fnt
|faint|p1a: Rillaboom
|
|-heal|p2a: Hatterene|33/100 tox|[from] Grassy Terrain
|-damage|p2a: Hatterene|15/100 tox|[from] psn
|upkeep
|
|t:|1769380331
|switch|p1a: Cinderace|Cinderace, M|100/100 par
|turn|29
|
|t:|1769380335
|cant|p1a: Cinderace|par
|move|p2a: Hatterene|Psychic|p1a: Cinderace
|-damage|p1a: Cinderace|23/100 par
|
|-end|p2a: Hatterene|move: Doom Desire
|-supereffective|p2a: Hatterene
|-damage|p2a: Hatterene|0 fnt
|faint|p2a: Hatterene
|-heal|p1a: Cinderace|29/100 par|[from] Grassy Terrain
|upkeep
|
|t:|1769380340
|switch|p2a: Gholdengo|Gholdengo|100/100
|turn|30
|c|☆1colour|ok bruh
|
|t:|1769380344
|move|p2a: Gholdengo|Shadow Ball|p1a: Cinderace
|-damage|p1a: Cinderace|0 fnt
|faint|p1a: Cinderace
|
|win|Brozac2
|raw|1colour's rating: 1630 &rarr; <strong>1607</strong><br />(-23 for losing)
|raw|Brozac2's rating: 1573 &rarr; <strong>1596</strong><br />(+23 for winning)
|l|☆1colour
|player|p1|
|l|☆Brozac2
|player|p2|
