|j|☆Scrooge2112
|j|☆DogShed
|t:|1769415010
|gametype|singles
|player|p1|Scrooge2112|cynthia|1342
|player|p2|DogShed|102|1344
|gen|9
|tier|[Gen 9] OU
|rated|
|rule|HP Percentage Mod: HP is shown in percentages
|rule|Endless Battle Clause: Forcing endless battles is banned
|rule|Species Clause: Limit one of each Pokémon
|rule|OHKO Clause: OHKO moves are banned
|rule|Evasion Items Clause: Evasion items are banned
|rule|Evasion Moves Clause: Evasion moves are banned
|rule|Evasion Abilities Clause: Evasion abilities are banned
|rule|Sleep Moves Clause: Sleep-inducing moves are banned
|clearpoke
|poke|p1|Kingambit, F|
|poke|p1|Gholdengo|
|poke|p1|Corviknight, M|
|poke|p1|Heatran, M|
|poke|p1|Iron Crown|
|poke|p1|Iron Treads|
|poke|p2|Great Tusk|
|poke|p2|Mabosstiff, F|
|poke|p2|Slowking-Galar, F|
|poke|p2|Dragapult, M|
|poke|p2|Iron Valiant|
|poke|p2|Alomomola, F|
|teampreview
|inactive|Battle timer is ON: inactive players will automatically lose when time's up. (requested by DogShed)
|
|t:|1769415037
|teamsize|p1|6
|teamsize|p2|6
|start
|switch|p1a: Gholdengo|Gholdengo|100/100
|switch|p2a: KeepinMaBossStiffy|Mabosstiff, F, shiny|100/100
|turn|1
|
|t:|1769415046
|move|p1a: Gholdengo|Dazzling Gleam|p2a: KeepinMaBossStiffy
|-supereffective|p2a: KeepinMaBossStiffy
|-damage|p2a: KeepinMaBossStiffy|5/100
|move|p2a: KeepinMaBossStiffy|Crunch|p1a: Gholdengo
|-supereffective|p1a: Gholdengo
|-damage|p1a: Gholdengo|0 fnt
|faint|p1a: Gholdengo
|
|upkeep
|
|t:|1769415070
|switch|p1a: Corviknight|Corviknight, M|100/100
|turn|2
|
|t:|1769415082
|switch|p2a: Reginald|Alomomola, F|100/100
|move|p1a: Corviknight|Brave Bird|p2a: Reginald
|-damage|p2a: Reginald|78/100
|-damage|p1a: Corviknight|91/100|[from] Recoil
|
|upkeep
|turn|3
|
|t:|1769415094
|move|p1a: Corviknight|Brave Bird|p2a: Reginald
|-damage|p2a: Reginald|52/100
|-damage|p1a: Corviknight|81/100|[from] Recoil
|move|p2a: Reginald|Flip Turn|p1a: Corviknight
|-damage|p1a: Corviknight|71/100
|-damage|p2a: Reginald|36/100|[from] item: Rocky Helmet|[of] p1a: Corviknight
|
|t:|1769415109
|switch|p2a: gnikwols|Slowking-Galar, F|100/100|[from] Flip Turn
|
|upkeep
|turn|4
|
|t:|1769415123
|move|p1a: Corviknight|Roost|p1a: Corviknight
|-heal|p1a: Corviknight|100/100
|-singleturn|p1a: Corviknight|move: Roost
|move|p2a: gnikwols|Future Sight|p1a: Corviknight
|-start|p2a: gnikwols|move: Future Sight
|
|upkeep
|turn|5
|
|t:|1769415133
|switch|p1a: Kingambit|Kingambit, F|100/100
|-activate|p1a: Kingambit|ability: Supreme Overlord
|-start|p1a: Kingambit|fallen1|[silent]
|move|p2a: gnikwols|Thunder Wave|p1a: Kingambit
|-status|p1a: Kingambit|par
|
|upkeep
|turn|6
|
|t:|1769415147
|switch|p2a: Brilliant Behemoth|Great Tusk|100/100
|-enditem|p2a: Brilliant Behemoth|Booster Energy
|-activate|p2a: Brilliant Behemoth|ability: Protosynthesis|[fromitem]
|-start|p2a: Brilliant Behemoth|protosynthesisspe
|move|p1a: Kingambit|Kowtow Cleave|p2a: Brilliant Behemoth
|-resisted|p2a: Brilliant Behemoth
|-damage|p2a: Brilliant Behemoth|84/100
|
|-end|p1a: Kingambit|move: Future Sight
|-immune|p1a: Kingambit
|upkeep
|turn|7
|
|t:|1769415159
|-end|p1a: Kingambit|fallen1|[silent]
|switch|p1a: Corviknight|Corviknight, M|100/100
|move|p2a: Brilliant Behemoth|Bulk Up|p2a: Brilliant Behemoth
|-boost|p2a: Brilliant Behemoth|atk|1
|-boost|p2a: Brilliant Behemoth|def|1
|
|upkeep
|turn|8
|
|t:|1769415171
|move|p2a: Brilliant Behemoth|Bulk Up|p2a: Brilliant Behemoth
|-boost|p2a: Brilliant Behemoth|atk|1
|-boost|p2a: Brilliant Behemoth|def|1
|move|p1a: Corviknight|Brave Bird|p2a: Brilliant Behemoth
|-supereffective|p2a: Brilliant Behemoth
|-damage|p2a: Brilliant Behemoth|59/100
|-damage|p1a: Corviknight|91/100|[from] Recoil
|
|upkeep
|turn|9
|
|t:|1769415181
|move|p2a: Brilliant Behemoth|Bulk Up|p2a: Brilliant Behemoth
|-boost|p2a: Brilliant Behemoth|atk|1
|-boost|p2a: Brilliant Behemoth|def|1
|move|p1a: Corviknight|Brave Bird|p2a: Brilliant Behemoth
|-supereffective|p2a: Brilliant Behemoth
|-damage|p2a: Brilliant Behemoth|40/100
|-damage|p1a: Corviknight|84/100|[from] Recoil
|
|upkeep
|turn|10
|
|t:|1769415205
|move|p2a: Brilliant Behemoth|Ice Spinner|p1a: Corviknight
|-damage|p1a: Corviknight|50/100
|-damage|p2a: Brilliant Behemoth|23/100|[from] item: Rocky Helmet|[of] p1a: Corviknight
|move|p1a: Corviknight|Roost|p1a: Corviknight
|-heal|p1a: Corviknight|99/100
|-singleturn|p1a: Corviknight|move: Roost
|
|upkeep
|turn|11
|
|t:|1769415220
|move|p2a: Brilliant Behemoth|Ice Spinner|p1a: Corviknight
|-damage|p1a: Corviknight|63/100
|-damage|p2a: Brilliant Behemoth|7/100|[from] item: Rocky Helmet|[of] p1a: Corviknight
|move|p1a: Corviknight|Brave Bird|p2a: Brilliant Behemoth
|-supereffective|p2a: Brilliant Behemoth
|-damage|p2a: Brilliant Behemoth|0 fnt
|faint|p2a: Brilliant Behemoth
|-end|p2a: Brilliant Behemoth|Protosynthesis|[silent]
|-damage|p1a: Corviknight|61/100|[from] Recoil
|
|upkeep
|
|t:|1769415232
|switch|p2a: KeepinMaBossStiffy|Mabosstiff, F, shiny|5/100
|turn|12
|
|t:|1769415236
|move|p2a: KeepinMaBossStiffy|Wild Charge|p1a: Corviknight
|-supereffective|p1a: Corviknight
|-damage|p1a: Corviknight|4/100
|-damage|p2a: KeepinMaBossStiffy|0 fnt|[from] item: Rocky Helmet|[of] p1a: Corviknight
|faint|p2a: KeepinMaBossStiffy
|move|p1a: Corviknight|Roost|p1a: Corviknight
|-heal|p1a: Corviknight|54/100
|-singleturn|p1a: Corviknight|move: Roost
|
|upkeep
|
|t:|1769415245
|switch|p2a: Killer Queen|Iron Valiant, shiny|100/100
|-enditem|p2a: Killer Queen|Booster Energy
|-activate|p2a: Killer Queen|ability: Quark Drive|[fromitem]
|-start|p2a: Killer Queen|quarkdrivespe
|turn|13
|
|t:|1769415250
|move|p2a: Killer Queen|Encore|p1a: Corviknight
|-start|p1a: Corviknight|Encore
|move|p1a: Corviknight|Roost|p1a: Corviknight
|-heal|p1a: Corviknight|100/100
|-singleturn|p1a: Corviknight|move: Roost
|
|upkeep
|turn|14
|
|t:|1769415266
|switch|p1a: Heatran|Heatran, M|100/100
|-item|p1a: Heatran|Air Balloon
|move|p2a: Killer Queen|Close Combat|p1a: Heatran
|-supereffective|p1a: Heatran
|-damage|p1a: Heatran|12/100
|-unboost|p2a: Killer Queen|def|1
|-unboost|p2a: Killer Queen|spd|1
|-enditem|p1a: Heatran|Air Balloon
|
|upkeep
|turn|15
|
|t:|1769415281
|move|p2a: Killer Queen|Knock Off|p1a: Heatran
|-damage|p1a: Heatran|0 fnt
|faint|p1a: Heatran
|
|upkeep
|
|t:|1769415288
|switch|p1a: Corviknight|Corviknight, M|100/100
|turn|16
|
|t:|1769415294
|-end|p2a: Killer Queen|Quark Drive|[silent]
|switch|p2a: Reginald|Alomomola, F|69/100
|move|p1a: Corviknight|Brave Bird|p2a: Reginald
|-damage|p2a: Reginald|43/100
|-damage|p1a: Corviknight|90/100|[from] Recoil
|
|upkeep
|turn|17
|
|t:|1769415302
|move|p1a: Corviknight|Brave Bird|p2a: Reginald
|-damage|p2a: Reginald|16/100
|-damage|p1a: Corviknight|80/100|[from] Recoil
|move|p2a: Reginald|Scald|p1a: Corviknight
|-damage|p1a: Corviknight|66/100
|-status|p1a: Corviknight|brn
|
|-damage|p1a: Corviknight|60/100 brn|[from] brn
|upkeep
|turn|18
|
|t:|1769415316
|switch|p2a: gnikwols|Slowking-Galar, F|100/100
|move|p1a: Corviknight|Brave Bird|p2a: gnikwols
|-damage|p2a: gnikwols|82/100
|-damage|p1a: Corviknight|54/100 brn|[from] Recoil
|
|-damage|p1a: Corviknight|48/100 brn|[from] brn
|upkeep
|turn|19
|
|t:|1769415329
|switch|p1a: Iron Treads|Iron Treads|100/100
|-enditem|p1a: Iron Treads|Booster Energy
|-activate|p1a: Iron Treads|ability: Quark Drive|[fromitem]
|-start|p1a: Iron Treads|quarkdriveatk
|move|p2a: gnikwols|Future Sight|p1a: Iron Treads
|-start|p2a: gnikwols|move: Future Sight
|
|upkeep
|turn|20
|
|t:|1769415341
|switch|p2a: Reginald|Alomomola, F|50/100
|move|p1a: Iron Treads|Rapid Spin|p2a: Reginald
|-damage|p2a: Reginald|35/100
|-boost|p1a: Iron Treads|spe|1
|
|upkeep
|turn|21
|
|t:|1769415352
|switch|p2a: gnikwols|Slowking-Galar, F|100/100
|move|p1a: Iron Treads|Earthquake|p2a: gnikwols
|-supereffective|p2a: gnikwols
|-damage|p2a: gnikwols|0 fnt
|faint|p2a: gnikwols
|
|-end|p1a: Iron Treads|move: Future Sight
|-resisted|p1a: Iron Treads
|-damage|p1a: Iron Treads|70/100
|upkeep
|
|t:|1769415361
|switch|p2a: Reginald|Alomomola, F|69/100
|turn|22
|
|t:|1769415366
|move|p1a: Iron Treads|Earthquake|p2a: Reginald
|-damage|p2a: Reginald|21/100
|move|p2a: Reginald|Scald|p1a: Iron Treads
|-supereffective|p1a: Iron Treads
|-damage|p1a: Iron Treads|29/100
|
|upkeep
|turn|23
|
|t:|1769415380
|switch|p2a: 400MM AIRBUSS|Dragapult, M|100/100
|move|p1a: Iron Treads|Earthquake|p2a: 400MM AIRBUSS
|-damage|p2a: 400MM AIRBUSS|3/100
|
|upkeep
|turn|24
|
|t:|1769415387
|move|p1a: Iron Treads|Earthquake|p2a: 400MM AIRBUSS
|-damage|p2a: 400MM AIRBUSS|0 fnt
|faint|p2a: 400MM AIRBUSS
|
|upkeep
|
|t:|1769415392
|switch|p2a: Reginald|Alomomola, F|54/100
|turn|25
|
|t:|1769415395
|move|p1a: Iron Treads|Earthquake|p2a: Reginald
|-damage|p2a: Reginald|11/100
|move|p2a: Reginald|Flip Turn|p1a: Iron Treads
|-supereffective|p1a: Iron Treads
|-damage|p1a: Iron Treads|0 fnt
|faint|p1a: Iron Treads
|-end|p1a: Iron Treads|Quark Drive|[silent]
|
|t:|1769415401
|switch|p2a: Killer Queen|Iron Valiant, shiny|100/100|[from] Flip Turn
|
|upkeep
|
|t:|1769415418
|switch|p1a: Iron Crown|Iron Crown|100/100
|-enditem|p1a: Iron Crown|Booster Energy
|-activate|p1a: Iron Crown|ability: Quark Drive|[fromitem]
|-start|p1a: Iron Crown|quarkdrivespe
|turn|26
|c|☆Scrooge2112|She is a
|inactive|DogShed has 120 seconds left.
|c|☆Scrooge2112|Killeeer Queeen
|inactive|DogShed has 90 seconds left.
|c|☆DogShed|💗💗💗💗
|inactive|DogShed has 60 seconds left.
|c|☆DogShed|im cooked
|
|t:|1769415517
|-terastallize|p2a: Killer Queen|Steel
|move|p1a: Iron Crown|Tachyon Cutter|p2a: Killer Queen
|-resisted|p2a: Killer Queen
|-damage|p2a: Killer Queen|77/100
|-resisted|p2a: Killer Queen
|-damage|p2a: Killer Queen|53/100
|-hitcount|p2a: Killer Queen|2
|move|p2a: Killer Queen|Knock Off|p1a: Iron Crown
|-supereffective|p1a: Iron Crown
|-damage|p1a: Iron Crown|66/100
|
|upkeep
|turn|27
|inactive|DogShed has 60 seconds left.
|c|☆Scrooge2112|Maybe not
|
|t:|1769415534
|move|p1a: Iron Crown|Tachyon Cutter|p2a: Killer Queen
|-resisted|p2a: Killer Queen
|-damage|p2a: Killer Queen|30/100
|-resisted|p2a: Killer Queen
|-damage|p2a: Killer Queen|6/100
|-hitcount|p2a: Killer Queen|2
|move|p2a: Killer Queen|Close Combat|p1a: Iron Crown
|-damage|p1a: Iron Crown|14/100
|-unboost|p2a: Killer Queen|def|1
|-unboost|p2a: Killer Queen|spd|1
|
|upkeep
|turn|28
|c|☆DogShed|gg
|inactive|DogShed has 60 seconds left.
|c|☆Scrooge2112|gg
|
|t:|1769415555
|move|p1a: Iron Crown|Psychic|p2a: Killer Queen
|-resisted|p2a: Killer Queen
|-damage|p2a: Killer Queen|0 fnt
|faint|p2a: Killer Queen
|-end|p2a: Killer Queen|Quark Drive|[silent]
|
|upkeep
|inactive|DogShed has 60 seconds left.
|
|t:|1769415562
|switch|p2a: Reginald|Alomomola, F|44/100
|turn|29
|
|t:|1769415566
|move|p1a: Iron Crown|Psychic|p2a: Reginald
|-damage|p2a: Reginald|22/100
|move|p2a: Reginald|Flip Turn|p1a: Iron Crown
|-damage|p1a: Iron Crown|0 fnt
|faint|p1a: Iron Crown
|-end|p1a: Iron Crown|Quark Drive|[silent]
|
|upkeep
|
|t:|1769415576
|switch|p1a: Corviknight|Corviknight, M|48/100 brn
|turn|30
|
|t:|1769415589
|move|p1a: Corviknight|Brave Bird|p2a: Reginald
|-damage|p2a: Reginald|10/100
|-damage|p1a: Corviknight|43/100 brn|[from] Recoil
|move|p2a: Reginald|Scald|p1a: Corviknight
|-damage|p1a: Corviknight|29/100 brn
|
|-damage|p1a: Corviknight|23/100 brn|[from] brn
|upkeep
|turn|31
|c|☆Scrooge2112|I love your Pokemon's names
|c|☆Scrooge2112|<3
|
|t:|1769415607
|move|p1a: Corviknight|Brave Bird|p2a: Reginald
|-damage|p2a: Reginald|0 fnt
|faint|p2a: Reginald
|-damage|p1a: Corviknight|19/100 brn|[from] Recoil
|
|win|Scrooge2112
|raw|Scrooge2112's rating: 1342 &rarr; <strong>1362</strong><br />(+20 for winning)
|raw|DogShed's rating: 1344 &rarr; <strong>1324</strong><br />(-20 for losing)
|c|☆DogShed|thanks i stole the team tho
|c|☆Scrooge2112|Lol
|l|☆DogShed
|player|p2|
|c|☆Scrooge2112|still, I love it
|l|☆Scrooge2112
|player|p1|
