|j|☆Upbeatostrich
|j|☆YumeKasumi76
|t:|1769444283
|gametype|singles
|player|p1|Upbeatostrich|smasher|1154
|player|p2|YumeKasumi76|266|1204
|gen|9
|tier|[Gen 9] OU
|rated|
|rule|HP Percentage Mod: HP is shown in percentages
|rule|Endless Battle Clause: Forcing endless battles is banned
|rule|Species Clause: Limit one of each Pokémon
|rule|OHKO Clause: OHKO moves are banned
|rule|Evasion Items Clause: Evasion items are banned
|rule|Evasion Moves Clause: Evasion moves are banned
|rule|Evasion Abilities Clause: Evasion abilities are banned
|rule|Sleep Moves Clause: Sleep-inducing moves are banned
|clearpoke
|poke|p1|Alomomola, M|
|poke|p1|Grafaiai, F|
|poke|p1|Clodsire, M|
|poke|p1|Salazzle, F|
|poke|p1|Ting-Lu|
|poke|p1|Altaria, M|
|poke|p2|Dragapult, M|
|poke|p2|Bisharp, F|
|poke|p2|Glimmora, F|
|poke|p2|Entei|
|poke|p2|Veluza, F|
|poke|p2|Braviary-Hisui, M|
|teampreview
|inactive|Battle timer is ON: inactive players will automatically lose when time's up. (requested by Upbeatostrich)
|
|t:|1769444301
|teamsize|p1|6
|teamsize|p2|6
|start
|switch|p1a: Smack|Salazzle, F, shiny|100/100
|switch|p2a: Bellator|Bisharp, F, shiny|100/100
|turn|1
|
|t:|1769444311
|move|p1a: Smack|Toxic|p2a: Bellator
|-status|p2a: Bellator|tox
|move|p2a: Bellator|Stealth Rock|p1a: Smack
|-sidestart|p1: Upbeatostrich|move: Stealth Rock
|
|-damage|p2a: Bellator|94/100 tox|[from] psn
|upkeep
|turn|2
|
|t:|1769444316
|switch|p2a: Mentalist|Braviary-Hisui, M|100/100
|move|p1a: Smack|Overheat|p2a: Mentalist
|-damage|p2a: Mentalist|19/100
|-unboost|p1a: Smack|spa|2
|
|upkeep
|turn|3
|
|t:|1769444345
|switch|p2a: Sovereign|Entei|100/100
|move|p1a: Smack|Overheat|p2a: Sovereign
|-resisted|p2a: Sovereign
|-damage|p2a: Sovereign|84/100
|-unboost|p1a: Smack|spa|2
|
|upkeep
|turn|4
|
|t:|1769444351
|switch|p1a: Whistle|Ting-Lu|100/100
|-ability|p1a: Whistle|Vessel of Ruin
|move|p2a: Sovereign|Stone Edge|p1a: Whistle
|-resisted|p1a: Whistle
|-damage|p1a: Whistle|92/100
|
|upkeep
|turn|5
|
|t:|1769444362
|move|p2a: Sovereign|Sacred Fire|p1a: Whistle
|-damage|p1a: Whistle|66/100
|-status|p1a: Whistle|brn
|move|p1a: Whistle|Stealth Rock|p2a: Sovereign
|-sidestart|p2: YumeKasumi76|move: Stealth Rock
|
|-damage|p1a: Whistle|59/100 brn|[from] brn
|upkeep
|turn|6
|
|t:|1769444371
|switch|p2a: Mentalist|Braviary-Hisui, M|19/100
|-damage|p2a: Mentalist|0 fnt|[from] Stealth Rock
|faint|p2a: Mentalist
|move|p1a: Whistle|Spikes|p2: Mentalist
|-sidestart|p2: YumeKasumi76|Spikes
|
|-damage|p1a: Whistle|53/100 brn|[from] brn
|upkeep
|
|t:|1769444379
|switch|p2a: Railgun|Dragapult, M|100/100
|-damage|p2a: Railgun|88/100|[from] Stealth Rock
|-damage|p2a: Railgun|76/100|[from] Spikes
|turn|7
|
|t:|1769444383
|move|p2a: Railgun|Curse|p1a: Whistle
|-start|p1a: Whistle|Curse|[of] p2a: Railgun
|-damage|p2a: Railgun|26/100
|move|p1a: Whistle|Spikes|p2a: Railgun
|-sidestart|p2: YumeKasumi76|Spikes
|
|-damage|p1a: Whistle|47/100 brn|[from] brn
|-damage|p1a: Whistle|22/100 brn|[from] Curse
|upkeep
|turn|8
|
|t:|1769444392
|switch|p1a: Mr. Fish|Alomomola, M, shiny|100/100
|move|p2a: Railgun|Reflect|p2a: Railgun
|-sidestart|p2: YumeKasumi76|Reflect
|
|upkeep
|turn|9
|
|t:|1769444397
|move|p2a: Railgun|Light Screen|p2a: Railgun
|-sidestart|p2: YumeKasumi76|move: Light Screen
|move|p1a: Mr. Fish|Wish|p1a: Mr. Fish
|
|upkeep
|turn|10
|
|t:|1769444402
|switch|p1a: Whistle|Ting-Lu|22/100 brn
|-ability|p1a: Whistle|Vessel of Ruin
|move|p2a: Railgun|Dragon Darts|p1a: Whistle
|-damage|p1a: Whistle|12/100 brn
|-anim|p2a: Railgun|Dragon Darts|p1a: Whistle
|-damage|p1a: Whistle|2/100 brn
|
|-heal|p1a: Whistle|61/100 brn|[from] move: Wish|[wisher] Mr. Fish
|-damage|p1a: Whistle|55/100 brn|[from] brn
|upkeep
|turn|11
|
|t:|1769444411
|switch|p1a: Mr. Fish|Alomomola, M, shiny|100/100
|move|p2a: Railgun|Curse|p1a: Mr. Fish
|-start|p1a: Mr. Fish|Curse|[of] p2a: Railgun
|-damage|p2a: Railgun|0 fnt
|faint|p2a: Railgun
|
|-damage|p1a: Mr. Fish|76/100|[from] Curse
|upkeep
|
|t:|1769444415
|switch|p2a: Riamare|Veluza, F, shiny|100/100
|-damage|p2a: Riamare|88/100|[from] Stealth Rock
|-damage|p2a: Riamare|72/100|[from] Spikes
|turn|12
|
|t:|1769444425
|move|p2a: Riamare|Fillet Away|p2a: Riamare
|-boost|p2a: Riamare|atk|2
|-boost|p2a: Riamare|spa|2
|-boost|p2a: Riamare|spe|2
|-damage|p2a: Riamare|22/100
|-enditem|p2a: Riamare|Sitrus Berry|[eat]
|-heal|p2a: Riamare|46/100|[from] item: Sitrus Berry
|move|p1a: Mr. Fish|Chilling Water|p2a: Riamare
|-resisted|p2a: Riamare
|-damage|p2a: Riamare|43/100
|-unboost|p2a: Riamare|atk|1
|
|-damage|p1a: Mr. Fish|51/100|[from] Curse
|upkeep
|turn|13
|
|t:|1769444439
|move|p1a: Mr. Fish|Protect|p1a: Mr. Fish
|-singleturn|p1a: Mr. Fish|Protect
|move|p2a: Riamare|Aqua Cutter|p1a: Mr. Fish
|-activate|p1a: Mr. Fish|move: Protect
|
|-damage|p1a: Mr. Fish|26/100|[from] Curse
|upkeep
|turn|14
|
|t:|1769444451
|switch|p1a: Smiles|Clodsire, M|100/100
|move|p2a: Riamare|Aqua Cutter|p1a: Smiles
|-immune|p1a: Smiles|[from] ability: Water Absorb
|
|upkeep
|turn|15
|
|t:|1769444458
|switch|p1a: Whistle|Ting-Lu|55/100 brn
|-ability|p1a: Whistle|Vessel of Ruin
|move|p2a: Riamare|Stored Power|p1a: Whistle
|-immune|p1a: Whistle
|
|-damage|p1a: Whistle|49/100 brn|[from] brn
|-sideend|p2: YumeKasumi76|Reflect
|upkeep
|turn|16
|
|t:|1769444465
|switch|p1a: Smiles|Clodsire, M|100/100
|move|p2a: Riamare|Stored Power|p1a: Smiles
|-supereffective|p1a: Smiles
|-damage|p1a: Smiles|18/100
|
|-sideend|p2: YumeKasumi76|move: Light Screen
|upkeep
|turn|17
|
|t:|1769444472
|move|p2a: Riamare|Night Slash|p1a: Smiles
|-damage|p1a: Smiles|0 fnt
|faint|p1a: Smiles
|
|upkeep
|
|t:|1769444478
|switch|p1a: Smack|Salazzle, F, shiny|100/100
|turn|18
|
|t:|1769444481
|move|p1a: Smack|Fake Out|p2a: Riamare
|-damage|p2a: Riamare|36/100
|cant|p2a: Riamare|flinch
|
|upkeep
|turn|19
|
|t:|1769444487
|switch|p1a: Mr. Fish|Alomomola, M, shiny|59/100
|move|p2a: Riamare|Aqua Cutter|p1a: Mr. Fish
|-resisted|p1a: Mr. Fish
|-damage|p1a: Mr. Fish|37/100
|
|upkeep
|turn|20
|
|t:|1769444497
|move|p2a: Riamare|Stored Power|p1a: Mr. Fish
|-damage|p1a: Mr. Fish|0 fnt
|faint|p1a: Mr. Fish
|
|upkeep
|
|t:|1769444500
|switch|p1a: Smack|Salazzle, F, shiny|100/100
|turn|21
|
|t:|1769444504
|move|p1a: Smack|Fake Out|p2a: Riamare
|-damage|p2a: Riamare|28/100
|cant|p2a: Riamare|flinch
|
|upkeep
|turn|22
|
|t:|1769444509
|-terastallize|p1a: Smack|Dark
|move|p2a: Riamare|Aqua Cutter|p1a: Smack
|-damage|p1a: Smack|0 fnt
|faint|p1a: Smack
|
|upkeep
|
|t:|1769444514
|switch|p1a: Mole|Grafaiai, F, shiny|100/100
|-damage|p1a: Mole|88/100|[from] Stealth Rock
|turn|23
|
|t:|1769444516
|move|p1a: Mole|Copycat|p1a: Mole
|move|p1a: Mole|Aqua Cutter|p2a: Riamare|[from] move: Copycat
|-resisted|p2a: Riamare
|-damage|p2a: Riamare|13/100
|move|p2a: Riamare|Aqua Cutter|p1a: Mole
|-damage|p1a: Mole|0 fnt
|faint|p1a: Mole
|
|upkeep
|
|t:|1769444525
|switch|p1a: Squash|Altaria, M, shiny|100/100
|turn|24
|
|t:|1769444534
|move|p2a: Riamare|Aqua Cutter|p1a: Squash
|-resisted|p1a: Squash
|-damage|p1a: Squash|49/100
|move|p1a: Squash|Ice Beam|p2a: Riamare
|-resisted|p2a: Riamare
|-damage|p2a: Riamare|0 fnt
|faint|p2a: Riamare
|
|upkeep
|
|t:|1769444542
|switch|p2a: Hikari|Glimmora, F|100/100
|-damage|p2a: Hikari|88/100|[from] Stealth Rock
|-damage|p2a: Hikari|72/100|[from] Spikes
|turn|25
|
|t:|1769444548
|move|p2a: Hikari|Mortal Spin|p1a: Squash
|-damage|p1a: Squash|42/100
|-status|p1a: Squash|psn
|-sideend|p2: YumeKasumi76|Spikes|[from] move: Mortal Spin|[of] p2a: Hikari
|-sideend|p2: YumeKasumi76|Stealth Rock|[from] move: Mortal Spin|[of] p2a: Hikari
|move|p1a: Squash|Fire Spin|p2a: Hikari|[miss]
|-miss|p1a: Squash|p2a: Hikari
|
|-damage|p1a: Squash|29/100 psn|[from] psn
|upkeep
|turn|26
|-message|Upbeatostrich forfeited.
|
|win|YumeKasumi76
|raw|Upbeatostrich's rating: 1154 &rarr; <strong>1133</strong><br />(-21 for losing)
|raw|YumeKasumi76's rating: 1204 &rarr; <strong>1225</strong><br />(+21 for winning)
|l|☆Upbeatostrich
|player|p1|
|l|☆YumeKasumi76
|player|p2|
