|j|☆kyuremhardwin
|j|☆thepope9
|t:|1769320064
|gametype|singles
|player|p1|kyuremhardwin|169|1366
|player|p2|thepope9|benga|1305
|gen|9
|tier|[Gen 9] OU
|rated|
|rule|HP Percentage Mod: HP is shown in percentages
|rule|Endless Battle Clause: Forcing endless battles is banned
|rule|Species Clause: Limit one of each Pokémon
|rule|OHKO Clause: OHKO moves are banned
|rule|Evasion Items Clause: Evasion items are banned
|rule|Evasion Moves Clause: Evasion moves are banned
|rule|Evasion Abilities Clause: Evasion abilities are banned
|rule|Sleep Moves Clause: Sleep-inducing moves are banned
|clearpoke
|poke|p1|Kyurem|
|poke|p1|Blissey, F|
|poke|p1|Talonflame, F|
|poke|p1|Weezing-Galar, M|
|poke|p1|Dondozo, F|
|poke|p1|Cresselia, F|
|poke|p2|Malamar, M|
|poke|p2|Serperior, F|
|poke|p2|Enamorus, F|
|poke|p2|Ribombee, M|
|poke|p2|Iron Valiant|
|poke|p2|Cinderace, F|
|teampreview
|
|t:|1769320076
|teamsize|p1|6
|teamsize|p2|6
|start
|switch|p1a: Weezing|Weezing-Galar, M|100/100
|switch|p2a: Enamorus|Enamorus, F|100/100
|-ability|p1a: Weezing|Neutralizing Gas
|turn|1
|
|t:|1769320103
|-end|p1a: Weezing|ability: Neutralizing Gas
|switch|p1a: Cresselia|Cresselia, F|100/100
|move|p2a: Enamorus|Iron Head|p1a: Cresselia
|-damage|p1a: Cresselia|81/100
|
|upkeep
|turn|2
|
|t:|1769320123
|move|p1a: Cresselia|Ice Beam|p2a: Enamorus
|-supereffective|p2a: Enamorus
|-damage|p2a: Enamorus|71/100
|move|p2a: Enamorus|Play Rough|p1a: Cresselia
|-damage|p1a: Cresselia|47/100
|
|upkeep
|turn|3
|
|t:|1769320133
|move|p1a: Cresselia|Ice Beam|p2a: Enamorus
|-supereffective|p2a: Enamorus
|-damage|p2a: Enamorus|41/100
|move|p2a: Enamorus|Play Rough|p1a: Cresselia
|-damage|p1a: Cresselia|11/100
|
|upkeep
|turn|4
|
|t:|1769320145
|switch|p1a: Talonflame|Talonflame, F|100/100
|move|p2a: Enamorus|Superpower|p1a: Talonflame
|-resisted|p1a: Talonflame
|-damage|p1a: Talonflame|80/100
|-boost|p2a: Enamorus|atk|1
|-boost|p2a: Enamorus|def|1
|
|upkeep
|turn|5
|
|t:|1769320163
|move|p2a: Enamorus|Play Rough|p1a: Talonflame
|-resisted|p1a: Talonflame
|-damage|p1a: Talonflame|46/100
|move|p1a: Talonflame|Will-O-Wisp|p2a: Enamorus|[miss]
|-miss|p1a: Talonflame|p2a: Enamorus
|
|upkeep
|turn|6
|
|t:|1769320177
|move|p2a: Enamorus|Outrage|p1a: Talonflame
|-damage|p1a: Talonflame|0 fnt
|faint|p1a: Talonflame
|
|upkeep
|
|t:|1769320183
|switch|p1a: Weezing|Weezing-Galar, M|100/100
|-ability|p1a: Weezing|Neutralizing Gas
|turn|7
|
|t:|1769320191
|move|p2a: Enamorus|Outrage|p1a: Weezing|[from] lockedmove
|-immune|p1a: Weezing
|-start|p2a: Enamorus|confusion|[fatigue]
|move|p1a: Weezing|Will-O-Wisp|p2a: Enamorus
|-status|p2a: Enamorus|brn
|
|-damage|p2a: Enamorus|35/100 brn|[from] brn
|upkeep
|turn|8
|
|t:|1769320210
|-activate|p2a: Enamorus|confusion
|move|p2a: Enamorus|Iron Head|p1a: Weezing
|-supereffective|p1a: Weezing
|-damage|p1a: Weezing|74/100
|move|p1a: Weezing|Sludge Bomb|p2a: Enamorus
|-supereffective|p2a: Enamorus
|-damage|p2a: Enamorus|0 fnt
|faint|p2a: Enamorus
|
|-heal|p1a: Weezing|80/100|[from] item: Leftovers
|upkeep
|
|t:|1769320239
|switch|p2a: Ribombee|Ribombee, M|100/100
|turn|9
|
|t:|1769320247
|move|p2a: Ribombee|Sticky Web|p1a: Weezing
|-sidestart|p1: kyuremhardwin|move: Sticky Web
|move|p1a: Weezing|Sludge Bomb|p2a: Ribombee
|-supereffective|p2a: Ribombee
|-damage|p2a: Ribombee|11/100
|
|-heal|p1a: Weezing|86/100|[from] item: Leftovers
|upkeep
|turn|10
|
|t:|1769320257
|move|p2a: Ribombee|Moonblast|p1a: Weezing
|-resisted|p1a: Weezing
|-damage|p1a: Weezing|59/100
|-unboost|p1a: Weezing|spa|1
|move|p1a: Weezing|Defog|p2a: Ribombee
|-unboost|p2a: Ribombee|evasion|1
|-sideend|p1: kyuremhardwin|Sticky Web|[from] move: Defog|[of] p1a: Weezing
|
|-heal|p1a: Weezing|65/100|[from] item: Leftovers
|upkeep
|turn|11
|
|t:|1769320266
|move|p2a: Ribombee|Moonblast|p1a: Weezing
|-resisted|p1a: Weezing
|-damage|p1a: Weezing|34/100
|move|p1a: Weezing|Sludge Bomb|p2a: Ribombee
|-supereffective|p2a: Ribombee
|-damage|p2a: Ribombee|0 fnt
|faint|p2a: Ribombee
|
|-heal|p1a: Weezing|40/100|[from] item: Leftovers
|upkeep
|
|t:|1769320290
|switch|p2a: Serperior|Serperior, F|100/100
|turn|12
|
|t:|1769320298
|-end|p1a: Weezing|ability: Neutralizing Gas
|switch|p1a: Blissey|Blissey, F|100/100
|move|p2a: Serperior|Leaf Storm|p1a: Blissey
|-damage|p1a: Blissey|77/100
|-boost|p2a: Serperior|spa|2
|-damage|p2a: Serperior|91/100|[from] item: Life Orb
|
|-heal|p1a: Blissey|83/100|[from] item: Leftovers
|upkeep
|turn|13
|
|t:|1769320310
|move|p2a: Serperior|Leaf Storm|p1a: Blissey
|-damage|p1a: Blissey|39/100
|-boost|p2a: Serperior|spa|2
|-damage|p2a: Serperior|81/100|[from] item: Life Orb
|move|p1a: Blissey|Calm Mind|p1a: Blissey
|-boost|p1a: Blissey|spa|1
|-boost|p1a: Blissey|spd|1
|
|-heal|p1a: Blissey|46/100|[from] item: Leftovers
|upkeep
|turn|14
|
|t:|1769320320
|move|p1a: Blissey|Protect|p1a: Blissey
|-singleturn|p1a: Blissey|Protect
|move|p2a: Serperior|Leaf Storm|p1a: Blissey
|-activate|p1a: Blissey|move: Protect
|
|-heal|p1a: Blissey|52/100|[from] item: Leftovers
|upkeep
|turn|15
|
|t:|1769320329
|move|p2a: Serperior|Leaf Storm|p1a: Blissey
|-crit|p1a: Blissey
|-damage|p1a: Blissey|0 fnt
|-boost|p2a: Serperior|spa|2
|faint|p1a: Blissey
|-damage|p2a: Serperior|71/100|[from] item: Life Orb
|
|upkeep
|
|t:|1769320336
|switch|p1a: Kyurem|Kyurem|100/100
|-ability|p1a: Kyurem|Pressure
|turn|16
|
|t:|1769320349
|move|p1a: Kyurem|Protect|p1a: Kyurem
|-singleturn|p1a: Kyurem|Protect
|move|p2a: Serperior|Dragon Pulse|p1a: Kyurem
|-activate|p1a: Kyurem|move: Protect
|
|upkeep
|turn|17
|-message|kyuremhardwin forfeited.
|
|win|thepope9
|raw|kyuremhardwin's rating: 1366 &rarr; <strong>1343</strong><br />(-23 for losing)
|raw|thepope9's rating: 1305 &rarr; <strong>1328</strong><br />(+23 for winning)
|l|☆kyuremhardwin
|player|p1|
|l|☆thepope9
|player|p2|
