|j|☆uhjkhjkhj
|j|☆Wilj0531
|t:|1769395784
|gametype|singles
|player|p1|uhjkhjkhj|blackbelt-gen4dp|1079
|player|p2|Wilj0531|firebreather|1126
|gen|9
|tier|[Gen 9] OU
|rated|
|rule|HP Percentage Mod: HP is shown in percentages
|rule|Endless Battle Clause: Forcing endless battles is banned
|rule|Species Clause: Limit one of each Pokémon
|rule|OHKO Clause: OHKO moves are banned
|rule|Evasion Items Clause: Evasion items are banned
|rule|Evasion Moves Clause: Evasion moves are banned
|rule|Evasion Abilities Clause: Evasion abilities are banned
|rule|Sleep Moves Clause: Sleep-inducing moves are banned
|clearpoke
|poke|p1|Tyranitar, M|
|poke|p1|Chimecho, M|
|poke|p1|Skeledirge, F|
|poke|p1|Gholdengo|
|poke|p1|Scizor, M|
|poke|p1|Grotle, F|
|poke|p2|Lokix, M|
|poke|p2|Alomomola, M|
|poke|p2|Landorus-Therian, M|
|poke|p2|Incineroar, M|
|poke|p2|Dragonite, M|
|poke|p2|Pecharunt|
|teampreview
|
|t:|1769395828
|teamsize|p1|6
|teamsize|p2|6
|start
|switch|p1a: Grotle|Grotle, F|100/100
|switch|p2a: Landorus|Landorus-Therian, M|100/100
|-ability|p2a: Landorus|Intimidate|boost
|-unboost|p1a: Grotle|atk|1
|turn|1
|
|t:|1769395835
|move|p2a: Landorus|U-turn|p1a: Grotle
|-supereffective|p1a: Grotle
|-damage|p1a: Grotle|54/100
|
|t:|1769395838
|switch|p2a: Incineroar|Incineroar, M|100/100|[from] U-turn
|-ability|p2a: Incineroar|Intimidate|boost
|-unboost|p1a: Grotle|atk|1
|move|p1a: Grotle|Stockpile|p1a: Grotle
|-start|p1a: Grotle|stockpile1
|-boost|p1a: Grotle|def|1
|-boost|p1a: Grotle|spd|1
|
|upkeep
|turn|2
|
|t:|1769395845
|move|p2a: Incineroar|Fake Out|p1a: Grotle
|-damage|p1a: Grotle|47/100
|cant|p1a: Grotle|flinch
|
|upkeep
|turn|3
|
|t:|1769395848
|move|p2a: Incineroar|Flare Blitz|p1a: Grotle
|-supereffective|p1a: Grotle
|-damage|p1a: Grotle|0 fnt
|faint|p1a: Grotle
|-damage|p2a: Incineroar|87/100|[from] Recoil
|
|upkeep
|
|t:|1769395868
|switch|p1a: Chimecho|Chimecho, M|100/100
|turn|4
|
|t:|1769395903
|move|p1a: Chimecho|Cosmic Power|p1a: Chimecho
|-boost|p1a: Chimecho|def|1
|-boost|p1a: Chimecho|spd|1
|move|p2a: Incineroar|Knock Off|p1a: Chimecho
|-supereffective|p1a: Chimecho
|-damage|p1a: Chimecho|41/100
|-enditem|p1a: Chimecho|Leftovers|[from] move: Knock Off|[of] p2a: Incineroar
|
|upkeep
|turn|5
|
|t:|1769395913
|-terastallize|p1a: Chimecho|Electric
|move|p1a: Chimecho|Cosmic Power|p1a: Chimecho
|-boost|p1a: Chimecho|def|1
|-boost|p1a: Chimecho|spd|1
|move|p2a: Incineroar|Knock Off|p1a: Chimecho
|-damage|p1a: Chimecho|27/100
|
|upkeep
|turn|6
|
|t:|1769395925
|move|p1a: Chimecho|Calm Mind|p1a: Chimecho
|-boost|p1a: Chimecho|spa|1
|-boost|p1a: Chimecho|spd|1
|move|p2a: Incineroar|Parting Shot|p1a: Chimecho
|-unboost|p1a: Chimecho|atk|1
|-unboost|p1a: Chimecho|spa|1
|
|t:|1769395932
|switch|p2a: Landorus|Landorus-Therian, M|100/100|[from] Parting Shot
|-ability|p2a: Landorus|Intimidate|boost
|-unboost|p1a: Chimecho|atk|1
|
|upkeep
|turn|7
|
|t:|1769395935
|move|p2a: Landorus|Smack Down|p1a: Chimecho
|-crit|p1a: Chimecho
|-damage|p1a: Chimecho|3/100
|-start|p1a: Chimecho|Smack Down
|move|p1a: Chimecho|Draining Kiss|p2a: Landorus
|-damage|p2a: Landorus|92/100
|-heal|p1a: Chimecho|9/100|[from] drain|[of] p2a: Landorus
|
|upkeep
|turn|8
|-message|uhjkhjkhj forfeited.
|
|win|Wilj0531
|raw|uhjkhjkhj's rating: 1079 &rarr; <strong>1060</strong><br />(-19 for losing)
|raw|Wilj0531's rating: 1126 &rarr; <strong>1148</strong><br />(+22 for winning)
|l|☆uhjkhjkhj
|player|p1|
|l|☆Wilj0531
|player|p2|
