|j|☆adriji 12
|j|☆gabiruzu
|t:|1769343472
|gametype|singles
|player|p1|adriji 12|170|1441
|player|p2|gabiruzu|veteran|1440
|gen|9
|tier|[Gen 9] OU
|rated|
|rule|HP Percentage Mod: HP is shown in percentages
|rule|Endless Battle Clause: Forcing endless battles is banned
|rule|Species Clause: Limit one of each Pokémon
|rule|OHKO Clause: OHKO moves are banned
|rule|Evasion Items Clause: Evasion items are banned
|rule|Evasion Moves Clause: Evasion moves are banned
|rule|Evasion Abilities Clause: Evasion abilities are banned
|rule|Sleep Moves Clause: Sleep-inducing moves are banned
|clearpoke
|poke|p1|Dragonite, M|
|poke|p1|Samurott-Hisui, F|
|poke|p1|Clefable, F|
|poke|p1|Gliscor, F|
|poke|p1|Gholdengo|
|poke|p1|Zamazenta-*|
|poke|p2|Latios, M|
|poke|p2|Gyarados, M|
|poke|p2|Salamence, M|
|poke|p2|Scizor, M|
|poke|p2|Reuniclus, M|
|poke|p2|Mamoswine, M|
|teampreview
|inactive|Battle timer is ON: inactive players will automatically lose when time's up. (requested by adriji 12)
|
|t:|1769343478
|teamsize|p1|6
|teamsize|p2|6
|start
|switch|p1a: Samurott|Samurott-Hisui, F|100/100
|switch|p2a: Mamoswine|Mamoswine, M|100/100
|turn|1
|
|t:|1769343484
|move|p2a: Mamoswine|Stealth Rock|p1a: Samurott
|-sidestart|p1: adriji 12|move: Stealth Rock
|move|p1a: Samurott|Razor Shell|p2a: Mamoswine
|-supereffective|p2a: Mamoswine
|-enditem|p2a: Mamoswine|Focus Sash
|-damage|p2a: Mamoswine|1/100
|-unboost|p2a: Mamoswine|def|1
|
|upkeep
|turn|2
|
|t:|1769343494
|move|p1a: Samurott|Sucker Punch|p2a: Mamoswine
|-damage|p2a: Mamoswine|0 fnt
|faint|p2a: Mamoswine
|
|upkeep
|
|t:|1769343500
|switch|p2a: Scizor|Scizor, M|100/100
|turn|3
|
|t:|1769343503
|switch|p1a: Clefable|Clefable, F|100/100
|move|p2a: Scizor|Bug Bite|p1a: Clefable
|-resisted|p1a: Clefable
|-damage|p1a: Clefable|81/100
|-damage|p2a: Scizor|84/100|[from] item: Rocky Helmet|[of] p1a: Clefable
|
|upkeep
|turn|4
|
|t:|1769343511
|switch|p1a: Gholdengo|Gholdengo|100/100
|-damage|p1a: Gholdengo|94/100|[from] Stealth Rock
|move|p2a: Scizor|Bullet Punch|p1a: Gholdengo
|-resisted|p1a: Gholdengo
|-damage|p1a: Gholdengo|74/100
|
|upkeep
|turn|5
|
|t:|1769343523
|move|p1a: Gholdengo|Shadow Ball|p2a: Scizor
|-damage|p2a: Scizor|24/100
|-unboost|p2a: Scizor|spd|1
|move|p2a: Scizor|Thief|p1a: Gholdengo
|-supereffective|p1a: Gholdengo
|-damage|p1a: Gholdengo|0 fnt
|faint|p1a: Gholdengo
|
|upkeep
|
|t:|1769343528
|switch|p1a: Samurott|Samurott-Hisui, F|100/100
|-damage|p1a: Samurott|88/100|[from] Stealth Rock
|turn|6
|
|t:|1769343535
|move|p2a: Scizor|Bullet Punch|p1a: Samurott
|-resisted|p1a: Samurott
|-crit|p1a: Samurott
|-damage|p1a: Samurott|62/100
|move|p1a: Samurott|Ceaseless Edge|p2a: Scizor
|-damage|p2a: Scizor|0 fnt
|-sidestart|p2: gabiruzu|Spikes
|faint|p2a: Scizor
|
|upkeep
|
|t:|1769343546
|switch|p2a: Gyarados|Gyarados, M|100/100
|turn|7
|
|t:|1769343550
|move|p2a: Gyarados|Dragon Dance|p2a: Gyarados
|-boost|p2a: Gyarados|atk|1
|-boost|p2a: Gyarados|spe|1
|move|p1a: Samurott|Ceaseless Edge|p2a: Gyarados
|-damage|p2a: Gyarados|42/100
|-sidestart|p2: gabiruzu|Spikes
|
|upkeep
|turn|8
|
|t:|1769343558
|move|p2a: Gyarados|Earthquake|p1a: Samurott
|-damage|p1a: Samurott|7/100
|move|p1a: Samurott|Ceaseless Edge|p2a: Gyarados
|-damage|p2a: Gyarados|0 fnt
|-sidestart|p2: gabiruzu|Spikes
|faint|p2a: Gyarados
|
|upkeep
|
|t:|1769343567
|switch|p2a: Salamence|Salamence, M|100/100
|turn|9
|
|t:|1769343571
|move|p2a: Salamence|Earthquake|p1a: Samurott
|-damage|p1a: Samurott|0 fnt
|faint|p1a: Samurott
|-ability|p2a: Salamence|Moxie|boost
|-boost|p2a: Salamence|atk|1
|
|upkeep
|
|t:|1769343574
|switch|p1a: Clefable|Clefable, F|81/100
|turn|10
|
|t:|1769343579
|move|p2a: Salamence|Earthquake|p1a: Clefable
|-damage|p1a: Clefable|37/100
|move|p1a: Clefable|Moonblast|p2a: Salamence
|-supereffective|p2a: Salamence
|-damage|p2a: Salamence|26/100
|
|upkeep
|turn|11
|
|t:|1769343588
|switch|p1a: Gliscor|Gliscor, F|100/100
|-damage|p1a: Gliscor|88/100|[from] Stealth Rock
|move|p2a: Salamence|Earthquake|p1a: Gliscor
|-immune|p1a: Gliscor
|
|-status|p1a: Gliscor|tox|[from] item: Toxic Orb
|upkeep
|turn|12
|
|t:|1769343597
|move|p2a: Salamence|Dragon Claw|p1a: Gliscor
|-damage|p1a: Gliscor|27/100 tox
|move|p1a: Gliscor|Knock Off|p2a: Salamence
|-damage|p2a: Salamence|1/100
|-enditem|p2a: Salamence|Lum Berry|[from] move: Knock Off|[of] p1a: Gliscor
|
|-heal|p1a: Gliscor|39/100 tox|[from] ability: Poison Heal
|upkeep
|turn|13
|
|t:|1769343607
|move|p1a: Gliscor|Protect|p1a: Gliscor
|-singleturn|p1a: Gliscor|Protect
|move|p2a: Salamence|Dragon Claw|p1a: Gliscor
|-activate|p1a: Gliscor|move: Protect
|
|-heal|p1a: Gliscor|52/100 tox|[from] ability: Poison Heal
|upkeep
|turn|14
|
|t:|1769343616
|switch|p1a: Clefable|Clefable, F|37/100
|move|p2a: Salamence|Earthquake|p1a: Clefable
|-damage|p1a: Clefable|0 fnt
|faint|p1a: Clefable
|-ability|p2a: Salamence|Moxie|boost
|-boost|p2a: Salamence|atk|1
|
|upkeep
|
|t:|1769343621
|switch|p1a: Dragonite|Dragonite, M|100/100
|turn|15
|
|t:|1769343628
|move|p1a: Dragonite|Extreme Speed|p2a: Salamence
|-damage|p2a: Salamence|0 fnt
|faint|p2a: Salamence
|
|upkeep
|
|t:|1769343634
|switch|p2a: Latios|Latios, M|100/100
|turn|16
|
|t:|1769343640
|-terastallize|p1a: Dragonite|Normal
|move|p2a: Latios|Ice Beam|p1a: Dragonite
|-damage|p1a: Dragonite|86/100
|move|p1a: Dragonite|Dragon Dance|p1a: Dragonite
|-boost|p1a: Dragonite|atk|1
|-boost|p1a: Dragonite|spe|1
|
|upkeep
|turn|17
|
|t:|1769343648
|move|p1a: Dragonite|Roost|p1a: Dragonite
|-heal|p1a: Dragonite|100/100
|move|p2a: Latios|Thunderbolt|p1a: Dragonite
|-damage|p1a: Dragonite|84/100
|
|upkeep
|turn|18
|
|t:|1769343655
|move|p1a: Dragonite|Dragon Dance|p1a: Dragonite
|-boost|p1a: Dragonite|atk|1
|-boost|p1a: Dragonite|spe|1
|move|p2a: Latios|Thunderbolt|p1a: Dragonite
|-damage|p1a: Dragonite|52/100
|
|upkeep
|turn|19
|
|t:|1769343662
|move|p1a: Dragonite|Roost|p1a: Dragonite
|-heal|p1a: Dragonite|100/100
|move|p2a: Latios|Thunderbolt|p1a: Dragonite
|-damage|p1a: Dragonite|85/100
|
|upkeep
|turn|20
|
|t:|1769343669
|move|p1a: Dragonite|Dragon Dance|p1a: Dragonite
|-boost|p1a: Dragonite|atk|1
|-boost|p1a: Dragonite|spe|1
|move|p2a: Latios|Thunderbolt|p1a: Dragonite
|-damage|p1a: Dragonite|57/100
|
|upkeep
|turn|21
|
|t:|1769343676
|move|p1a: Dragonite|Roost|p1a: Dragonite
|-heal|p1a: Dragonite|100/100
|move|p2a: Latios|Thunderbolt|p1a: Dragonite
|-crit|p1a: Dragonite
|-damage|p1a: Dragonite|78/100
|
|upkeep
|turn|22
|
|t:|1769343683
|move|p1a: Dragonite|Dragon Dance|p1a: Dragonite
|-boost|p1a: Dragonite|atk|1
|-boost|p1a: Dragonite|spe|1
|move|p2a: Latios|Thunderbolt|p1a: Dragonite
|-damage|p1a: Dragonite|44/100
|
|upkeep
|turn|23
|
|t:|1769343690
|move|p1a: Dragonite|Roost|p1a: Dragonite
|-heal|p1a: Dragonite|94/100
|move|p2a: Latios|Thunderbolt|p1a: Dragonite
|-damage|p1a: Dragonite|66/100
|
|upkeep
|turn|24
|
|t:|1769343696
|move|p1a: Dragonite|Roost|p1a: Dragonite
|-heal|p1a: Dragonite|100/100
|move|p2a: Latios|Thunderbolt|p1a: Dragonite
|-damage|p1a: Dragonite|85/100
|
|upkeep
|turn|25
|
|t:|1769343703
|move|p1a: Dragonite|Extreme Speed|p2a: Latios
|-enditem|p2a: Latios|Focus Sash
|-damage|p2a: Latios|1/100
|move|p2a: Latios|Thunderbolt|p1a: Dragonite
|-damage|p1a: Dragonite|52/100
|-status|p1a: Dragonite|par
|
|upkeep
|turn|26
|
|t:|1769343712
|move|p1a: Dragonite|Extreme Speed|p2a: Latios
|-damage|p2a: Latios|0 fnt
|faint|p2a: Latios
|
|upkeep
|
|t:|1769343717
|switch|p2a: Reuniclus|Reuniclus, M, shiny|100/100
|turn|27
|
|t:|1769343723
|-terastallize|p2a: Reuniclus|Normal
|move|p1a: Dragonite|Extreme Speed|p2a: Reuniclus
|-damage|p2a: Reuniclus|0 fnt
|-damage|p1a: Dragonite|35/100 par|[from] item: Rocky Helmet|[of] p2a: Reuniclus
|faint|p2a: Reuniclus
|
|win|adriji 12
|raw|adriji 12's rating: 1441 &rarr; <strong>1461</strong><br />(+20 for winning)
|raw|gabiruzu's rating: 1440 &rarr; <strong>1420</strong><br />(-20 for losing)
|l|☆gabiruzu
|player|p2|
|j|☆gabiruzu
|player|p2|gabiruzu|veteran|
|l|☆gabiruzu
|player|p2|
