|j|☆hou…♡ooooo~♡
|j|☆antonitaly
|t:|1769432040
|gametype|singles
|player|p1|hou…♡ooooo~♡|169|1418
|player|p2|antonitaly|nate|1501
|gen|9
|tier|[Gen 9] OU
|rated|
|rule|HP Percentage Mod: HP is shown in percentages
|rule|Endless Battle Clause: Forcing endless battles is banned
|rule|Species Clause: Limit one of each Pokémon
|rule|OHKO Clause: OHKO moves are banned
|rule|Evasion Items Clause: Evasion items are banned
|rule|Evasion Moves Clause: Evasion moves are banned
|rule|Evasion Abilities Clause: Evasion abilities are banned
|rule|Sleep Moves Clause: Sleep-inducing moves are banned
|clearpoke
|poke|p1|Wo-Chien|
|poke|p1|Mamoswine, F|
|poke|p1|Okidogi, M|
|poke|p1|Cinderace, F|
|poke|p1|Salamence, M|
|poke|p1|Scizor, M|
|poke|p2|Rillaboom, M|
|poke|p2|Serperior, F|
|poke|p2|Heatran, F|
|poke|p2|Gholdengo|
|poke|p2|Zamazenta-*|
|poke|p2|Great Tusk|
|teampreview
|inactive|Battle timer is ON: inactive players will automatically lose when time's up. (requested by hou…♡ooooo~♡)
|inactive|antonitaly also wants the timer to be on.
|
|t:|1769432063
|teamsize|p1|6
|teamsize|p2|6
|start
|switch|p1a: Mamoswine|Mamoswine, F|100/100
|switch|p2a: Heatran|Heatran, F|100/100
|-item|p2a: Heatran|Air Balloon
|turn|1
|
|t:|1769432076
|switch|p1a: Cinderace|Cinderace, F|100/100
|move|p2a: Heatran|Magma Storm|p1a: Cinderace
|-resisted|p1a: Cinderace
|-crit|p1a: Cinderace
|-damage|p1a: Cinderace|56/100
|-activate|p1a: Cinderace|move: Magma Storm|[of] p2a: Heatran
|
|-damage|p1a: Cinderace|44/100|[from] move: Magma Storm|[partiallytrapped]
|upkeep
|turn|2
|
|t:|1769432086
|move|p1a: Cinderace|U-turn|p2a: Heatran
|-resisted|p2a: Heatran
|-damage|p2a: Heatran|96/100
|-enditem|p2a: Heatran|Air Balloon
|
|t:|1769432093
|switch|p1a: Salamence|Salamence, M|100/100|[from] U-turn
|-ability|p1a: Salamence|Intimidate|boost
|-unboost|p2a: Heatran|atk|1
|move|p2a: Heatran|Heavy Slam|p1a: Salamence
|-damage|p1a: Salamence|76/100
|
|upkeep
|turn|3
|
|t:|1769432108
|switch|p2a: Zamazenta|Zamazenta|100/100
|-ability|p2a: Zamazenta|Dauntless Shield|boost
|-boost|p2a: Zamazenta|def|1
|move|p1a: Salamence|Earthquake|p2a: Zamazenta
|-damage|p2a: Zamazenta|82/100
|
|upkeep
|turn|4
|
|t:|1769432117
|switch|p1a: Okidogi|Okidogi, M|100/100
|move|p2a: Zamazenta|Ice Fang|p1a: Okidogi
|-damage|p1a: Okidogi|80/100
|-damage|p2a: Zamazenta|72/100|[from] item: Life Orb
|
|-heal|p1a: Okidogi|86/100|[from] item: Leftovers
|upkeep
|turn|5
|
|t:|1769432141
|move|p2a: Zamazenta|Psychic Fangs|p1a: Okidogi
|-supereffective|p1a: Okidogi
|-damage|p1a: Okidogi|0 fnt
|faint|p1a: Okidogi
|-damage|p2a: Zamazenta|62/100|[from] item: Life Orb
|
|upkeep
|
|t:|1769432154
|switch|p1a: Mamoswine|Mamoswine, F|100/100
|turn|6
|
|t:|1769432162
|move|p2a: Zamazenta|Close Combat|p1a: Mamoswine
|-supereffective|p1a: Mamoswine
|-enditem|p1a: Mamoswine|Focus Sash
|-damage|p1a: Mamoswine|1/100
|-unboost|p2a: Zamazenta|def|1
|-unboost|p2a: Zamazenta|spd|1
|-damage|p2a: Zamazenta|52/100|[from] item: Life Orb
|move|p1a: Mamoswine|Earthquake|p2a: Zamazenta
|-damage|p2a: Zamazenta|5/100
|
|upkeep
|turn|7
|
|t:|1769432175
|switch|p2a: Gholdengo|Gholdengo|100/100
|move|p1a: Mamoswine|Ice Shard|p2a: Gholdengo
|-resisted|p2a: Gholdengo
|-damage|p2a: Gholdengo|89/100
|
|upkeep
|turn|8
|
|t:|1769432187
|switch|p1a: Salamence|Salamence, M|76/100
|-ability|p1a: Salamence|Intimidate|boost
|-unboost|p2a: Gholdengo|atk|1
|move|p2a: Gholdengo|Shadow Ball|p1a: Salamence
|-damage|p1a: Salamence|31/100
|
|upkeep
|turn|9
|inactive|hou…♡ooooo~♡ has 120 seconds left.
|
|t:|1769432220
|-terastallize|p2a: Gholdengo|Water
|move|p1a: Salamence|Flamethrower|p2a: Gholdengo
|-resisted|p2a: Gholdengo
|-damage|p2a: Gholdengo|79/100
|move|p2a: Gholdengo|Shadow Ball|p1a: Salamence
|-damage|p1a: Salamence|0 fnt
|faint|p1a: Salamence
|
|upkeep
|
|t:|1769432228
|switch|p1a: Wo-Chien|Wo-Chien|100/100
|-ability|p1a: Wo-Chien|Tablets of Ruin
|turn|10
|inactive|hou…♡ooooo~♡ has 120 seconds left.
|
|t:|1769432235
|move|p2a: Gholdengo|Nasty Plot|p2a: Gholdengo
|-boost|p2a: Gholdengo|spa|2
|move|p1a: Wo-Chien|Substitute|p1a: Wo-Chien
|-start|p1a: Wo-Chien|Substitute
|-damage|p1a: Wo-Chien|76/100
|
|-heal|p1a: Wo-Chien|82/100|[from] item: Leftovers
|upkeep
|turn|11
|
|t:|1769432243
|move|p2a: Gholdengo|Focus Blast|p1a: Wo-Chien
|-supereffective|p1a: Wo-Chien
|-end|p1a: Wo-Chien|Substitute
|move|p1a: Wo-Chien|Giga Drain|p2a: Gholdengo
|-supereffective|p2a: Gholdengo
|-damage|p2a: Gholdengo|36/100
|-heal|p1a: Wo-Chien|100/100|[from] drain|[of] p2a: Gholdengo
|
|upkeep
|turn|12
|
|t:|1769432254
|-terastallize|p1a: Wo-Chien|Poison
|move|p2a: Gholdengo|Focus Blast|p1a: Wo-Chien|[miss]
|-miss|p2a: Gholdengo|p1a: Wo-Chien
|move|p1a: Wo-Chien|Giga Drain|p2a: Gholdengo
|-supereffective|p2a: Gholdengo
|-damage|p2a: Gholdengo|0 fnt
|faint|p2a: Gholdengo
|
|upkeep
|
|t:|1769432264
|switch|p2a: Zamazenta|Zamazenta|5/100
|turn|13
|
|t:|1769432270
|move|p2a: Zamazenta|Psychic Fangs|p1a: Wo-Chien
|-supereffective|p1a: Wo-Chien
|-damage|p1a: Wo-Chien|57/100
|-damage|p2a: Zamazenta|0 fnt|[from] item: Life Orb
|faint|p2a: Zamazenta
|move|p1a: Wo-Chien|Substitute|p1a: Wo-Chien
|-start|p1a: Wo-Chien|Substitute
|-damage|p1a: Wo-Chien|32/100
|
|-heal|p1a: Wo-Chien|38/100|[from] item: Leftovers
|upkeep
|
|t:|1769432284
|switch|p2a: Heatran|Heatran, F|96/100
|turn|14
|
|t:|1769432291
|move|p1a: Wo-Chien|Leech Seed|p2a: Heatran
|-start|p2a: Heatran|move: Leech Seed
|move|p2a: Heatran|Magma Storm|p1a: Wo-Chien
|-end|p1a: Wo-Chien|Substitute
|
|-heal|p1a: Wo-Chien|44/100|[from] item: Leftovers
|-damage|p2a: Heatran|83/100|[from] Leech Seed|[of] p1a: Wo-Chien
|-heal|p1a: Wo-Chien|57/100|[silent]
|upkeep
|turn|15
|
|t:|1769432299
|move|p1a: Wo-Chien|Substitute|p1a: Wo-Chien
|-start|p1a: Wo-Chien|Substitute
|-damage|p1a: Wo-Chien|32/100
|move|p2a: Heatran|Magma Storm|p1a: Wo-Chien
|-activate|p1a: Wo-Chien|move: Substitute|[damage]
|
|-heal|p1a: Wo-Chien|38/100|[from] item: Leftovers
|-damage|p2a: Heatran|71/100|[from] Leech Seed|[of] p1a: Wo-Chien
|-heal|p1a: Wo-Chien|51/100|[silent]
|upkeep
|turn|16
|
|t:|1769432309
|switch|p2a: Rillaboom|Rillaboom, M|100/100
|-fieldstart|move: Grassy Terrain|[from] ability: Grassy Surge|[of] p2a: Rillaboom
|move|p1a: Wo-Chien|Ruination|p2a: Rillaboom
|-damage|p2a: Rillaboom|51/100
|
|-heal|p2a: Rillaboom|57/100|[from] Grassy Terrain
|-heal|p1a: Wo-Chien|57/100|[from] Grassy Terrain
|-heal|p1a: Wo-Chien|63/100|[from] item: Leftovers
|upkeep
|turn|17
|
|t:|1769432324
|move|p2a: Rillaboom|Swords Dance|p2a: Rillaboom
|-boost|p2a: Rillaboom|atk|2
|move|p1a: Wo-Chien|Giga Drain|p2a: Rillaboom
|-resisted|p2a: Rillaboom
|-damage|p2a: Rillaboom|35/100
|-heal|p1a: Wo-Chien|74/100|[from] drain|[of] p2a: Rillaboom
|
|-heal|p2a: Rillaboom|41/100|[from] Grassy Terrain
|-heal|p1a: Wo-Chien|80/100|[from] Grassy Terrain
|-heal|p1a: Wo-Chien|86/100|[from] item: Leftovers
|upkeep
|turn|18
|
|t:|1769432342
|move|p2a: Rillaboom|Swords Dance|p2a: Rillaboom
|-boost|p2a: Rillaboom|atk|2
|move|p1a: Wo-Chien|Giga Drain|p2a: Rillaboom
|-resisted|p2a: Rillaboom
|-damage|p2a: Rillaboom|21/100
|-heal|p1a: Wo-Chien|96/100|[from] drain|[of] p2a: Rillaboom
|
|-heal|p2a: Rillaboom|28/100|[from] Grassy Terrain
|-heal|p1a: Wo-Chien|100/100|[from] Grassy Terrain
|upkeep
|turn|19
|
|t:|1769432353
|move|p2a: Rillaboom|Knock Off|p1a: Wo-Chien
|-end|p1a: Wo-Chien|Substitute
|-damage|p2a: Rillaboom|18/100|[from] item: Life Orb
|move|p1a: Wo-Chien|Giga Drain|p2a: Rillaboom
|-resisted|p2a: Rillaboom
|-damage|p2a: Rillaboom|0 fnt
|faint|p2a: Rillaboom
|
|upkeep
|
|t:|1769432361
|switch|p2a: Great Tusk|Great Tusk|100/100
|-enditem|p2a: Great Tusk|Booster Energy
|-activate|p2a: Great Tusk|ability: Protosynthesis|[fromitem]
|-start|p2a: Great Tusk|protosynthesisspe
|turn|20
|
|t:|1769432371
|move|p2a: Great Tusk|Headlong Rush|p1a: Wo-Chien
|-supereffective|p1a: Wo-Chien
|-damage|p1a: Wo-Chien|30/100
|-unboost|p2a: Great Tusk|def|1
|-unboost|p2a: Great Tusk|spd|1
|move|p1a: Wo-Chien|Giga Drain|p2a: Great Tusk
|-supereffective|p2a: Great Tusk
|-crit|p2a: Great Tusk
|-damage|p2a: Great Tusk|0 fnt
|-heal|p1a: Wo-Chien|88/100|[from] drain|[of] p2a: Great Tusk
|faint|p2a: Great Tusk
|-end|p2a: Great Tusk|Protosynthesis|[silent]
|
|-heal|p1a: Wo-Chien|94/100|[from] Grassy Terrain
|-heal|p1a: Wo-Chien|99/100|[from] item: Leftovers
|-fieldend|move: Grassy Terrain
|upkeep
|-message|antonitaly forfeited.
|
|win|hou…♡ooooo~♡
|raw|hou…♡ooooo~♡'s rating: 1418 &rarr; <strong>1443</strong><br />(+25 for winning)
|raw|antonitaly's rating: 1501 &rarr; <strong>1476</strong><br />(-25 for losing)
|l|☆antonitaly
|player|p2|
