|j|☆WaveHunts
|j|☆CambridgeFoulPlay
|t:|1769325243
|gametype|singles
|player|p1|WaveHunts|gentleman-gen4|1534
|player|p2|CambridgeFoulPlay|266|1628
|gen|9
|tier|[Gen 9] OU
|rated|
|rule|HP Percentage Mod: HP is shown in percentages
|rule|Endless Battle Clause: Forcing endless battles is banned
|rule|Species Clause: Limit one of each Pokémon
|rule|OHKO Clause: OHKO moves are banned
|rule|Evasion Items Clause: Evasion items are banned
|rule|Evasion Moves Clause: Evasion moves are banned
|rule|Evasion Abilities Clause: Evasion abilities are banned
|rule|Sleep Moves Clause: Sleep-inducing moves are banned
|clearpoke
|poke|p1|Enamorus, F|
|poke|p1|Great Tusk|
|poke|p1|Zapdos|
|poke|p1|Samurott-Hisui, M|
|poke|p1|Heatran, F|
|poke|p1|Rillaboom, M|
|poke|p2|Hydrapple, M|
|poke|p2|Tyranitar, F|
|poke|p2|Moltres|
|poke|p2|Zamazenta-*|
|poke|p2|Slowking-Galar, F|
|poke|p2|Excadrill, F|
|teampreview
|inactive|Battle timer is ON: inactive players will automatically lose when time's up. (requested by WaveHunts)
|c|☆CambridgeFoulPlay|hf
|inactive|CambridgeFoulPlay also wants the timer to be on.
|c|☆WaveHunts|u2
|
|t:|1769325266
|teamsize|p1|6
|teamsize|p2|6
|start
|switch|p1a: Samurott|Samurott-Hisui, M|100/100
|switch|p2a: Slowking|Slowking-Galar, F|100/100
|turn|1
|
|t:|1769325269
|switch|p2a: Zamazenta|Zamazenta|100/100
|-ability|p2a: Zamazenta|Dauntless Shield|boost
|-boost|p2a: Zamazenta|def|1
|move|p1a: Samurott|Ceaseless Edge|p2a: Zamazenta
|-resisted|p2a: Zamazenta
|-damage|p2a: Zamazenta|89/100
|-sidestart|p2: CambridgeFoulPlay|Spikes
|
|-heal|p2a: Zamazenta|96/100|[from] item: Leftovers
|upkeep
|turn|2
|
|t:|1769325275
|switch|p1a: Zapdos|Zapdos|100/100
|move|p2a: Zamazenta|Body Press|p1a: Zapdos
|-resisted|p1a: Zapdos
|-damage|p1a: Zapdos|80/100
|
|-heal|p2a: Zamazenta|100/100|[from] item: Leftovers
|upkeep
|turn|3
|
|t:|1769325278
|switch|p2a: Tyranitar|Tyranitar, F|100/100
|-damage|p2a: Tyranitar|88/100|[from] Spikes
|-weather|Sandstorm|[from] ability: Sand Stream|[of] p2a: Tyranitar
|move|p1a: Zapdos|U-turn|p2a: Tyranitar
|-supereffective|p2a: Tyranitar
|-damage|p2a: Tyranitar|69/100
|
|t:|1769325290
|switch|p1a: Enamorus|Enamorus, F|100/100|[from] U-turn
|
|-weather|Sandstorm|[upkeep]
|-damage|p1a: Enamorus|94/100|[from] Sandstorm
|upkeep
|turn|4
|
|t:|1769325293
|move|p1a: Enamorus|Earth Power|p2a: Tyranitar
|-supereffective|p2a: Tyranitar
|-damage|p2a: Tyranitar|29/100
|move|p2a: Tyranitar|Ice Beam|p1a: Enamorus
|-supereffective|p1a: Enamorus
|-damage|p1a: Enamorus|38/100
|-status|p1a: Enamorus|frz
|
|-weather|Sandstorm|[upkeep]
|-damage|p1a: Enamorus|32/100 frz|[from] Sandstorm
|upkeep
|turn|5
|
|t:|1769325299
|cant|p1a: Enamorus|frz
|move|p2a: Tyranitar|Stealth Rock|p1a: Enamorus
|-sidestart|p1: WaveHunts|move: Stealth Rock
|
|-weather|Sandstorm|[upkeep]
|-damage|p1a: Enamorus|26/100 frz|[from] Sandstorm
|upkeep
|turn|6
|
|t:|1769325302
|switch|p2a: Hydrapple|Hydrapple, M|100/100
|cant|p1a: Enamorus|frz
|
|-weather|Sandstorm|[upkeep]
|-damage|p1a: Enamorus|20/100 frz|[from] Sandstorm
|-damage|p2a: Hydrapple|94/100|[from] Sandstorm
|upkeep
|turn|7
|
|t:|1769325305
|switch|p1a: Heatran|Heatran, F, shiny|100/100
|-damage|p1a: Heatran|88/100|[from] Stealth Rock
|move|p2a: Hydrapple|Nasty Plot|p2a: Hydrapple
|-boost|p2a: Hydrapple|spa|2
|
|-weather|Sandstorm|[upkeep]
|-damage|p2a: Hydrapple|88/100|[from] Sandstorm
|-heal|p1a: Heatran|94/100|[from] item: Leftovers
|upkeep
|turn|8
|
|t:|1769325311
|-terastallize|p1a: Heatran|Grass
|move|p1a: Heatran|Magma Storm|p2a: Hydrapple
|-damage|p2a: Hydrapple|33/100
|-activate|p2a: Hydrapple|move: Magma Storm|[of] p1a: Heatran
|move|p2a: Hydrapple|Fickle Beam|p1a: Heatran
|-damage|p1a: Heatran|47/100
|
|-weather|Sandstorm|[upkeep]
|-damage|p1a: Heatran|41/100|[from] Sandstorm
|-damage|p2a: Hydrapple|26/100|[from] Sandstorm
|-heal|p1a: Heatran|47/100|[from] item: Leftovers
|-damage|p2a: Hydrapple|14/100|[from] move: Magma Storm|[partiallytrapped]
|upkeep
|turn|9
|
|t:|1769325322
|move|p1a: Heatran|Earth Power|p2a: Hydrapple
|-resisted|p2a: Hydrapple
|-damage|p2a: Hydrapple|0 fnt
|faint|p2a: Hydrapple
|
|-weather|Sandstorm|[upkeep]
|-damage|p1a: Heatran|41/100|[from] Sandstorm
|-heal|p1a: Heatran|47/100|[from] item: Leftovers
|upkeep
|
|t:|1769325324
|switch|p2a: Slowking|Slowking-Galar, F|100/100
|-damage|p2a: Slowking|88/100|[from] Spikes
|turn|10
|
|t:|1769325329
|move|p1a: Heatran|Stealth Rock|p2a: Slowking
|-sidestart|p2: CambridgeFoulPlay|move: Stealth Rock
|move|p2a: Slowking|Sludge Bomb|p1a: Heatran
|-supereffective|p1a: Heatran
|-damage|p1a: Heatran|0 fnt
|faint|p1a: Heatran
|
|-weather|none
|upkeep
|
|t:|1769325335
|switch|p1a: Rillaboom|Rillaboom, M|100/100
|-damage|p1a: Rillaboom|88/100|[from] Stealth Rock
|-fieldstart|move: Grassy Terrain|[from] ability: Grassy Surge|[of] p1a: Rillaboom
|turn|11
|
|t:|1769325339
|move|p1a: Rillaboom|Knock Off|p2a: Slowking
|-supereffective|p2a: Slowking
|-damage|p2a: Slowking|27/100
|-enditem|p2a: Slowking|Assault Vest|[from] move: Knock Off|[of] p1a: Rillaboom
|move|p2a: Slowking|Sludge Bomb|p1a: Rillaboom
|-supereffective|p1a: Rillaboom
|-damage|p1a: Rillaboom|35/100
|-status|p1a: Rillaboom|psn
|
|-heal|p1a: Rillaboom|42/100 psn|[from] Grassy Terrain
|-heal|p2a: Slowking|34/100|[from] Grassy Terrain
|-damage|p1a: Rillaboom|29/100 psn|[from] psn
|upkeep
|turn|12
|
|t:|1769325347
|switch|p2a: Zamazenta|Zamazenta|100/100
|-damage|p2a: Zamazenta|88/100|[from] Spikes
|-damage|p2a: Zamazenta|82/100|[from] Stealth Rock
|move|p1a: Rillaboom|Wood Hammer|p2a: Zamazenta
|-damage|p2a: Zamazenta|20/100
|-damage|p1a: Rillaboom|10/100 psn|[from] Recoil
|
|-heal|p2a: Zamazenta|26/100|[from] Grassy Terrain
|-heal|p2a: Zamazenta|32/100|[from] item: Leftovers
|-heal|p1a: Rillaboom|16/100 psn|[from] Grassy Terrain
|-damage|p1a: Rillaboom|3/100 psn|[from] psn
|upkeep
|turn|13
|
|t:|1769325351
|switch|p2a: Moltres|Moltres|100/100
|move|p1a: Rillaboom|Grassy Glide|p2a: Moltres
|-resisted|p2a: Moltres
|-damage|p2a: Moltres|94/100
|
|-heal|p1a: Rillaboom|10/100 psn|[from] Grassy Terrain
|-damage|p1a: Rillaboom|0 fnt|[from] psn
|faint|p1a: Rillaboom
|upkeep
|
|t:|1769325359
|switch|p1a: Zapdos|Zapdos|80/100
|turn|14
|
|t:|1769325362
|switch|p2a: Excadrill|Excadrill, F|100/100
|-damage|p2a: Excadrill|97/100|[from] Stealth Rock
|-item|p2a: Excadrill|Air Balloon
|move|p1a: Zapdos|U-turn|p2a: Excadrill
|-resisted|p2a: Excadrill
|-crit|p2a: Excadrill
|-damage|p2a: Excadrill|84/100
|-enditem|p2a: Excadrill|Air Balloon
|
|t:|1769325377
|switch|p1a: Samurott|Samurott-Hisui, M|100/100|[from] U-turn
|
|-heal|p2a: Excadrill|91/100|[from] Grassy Terrain
|upkeep
|turn|15
|
|t:|1769325379
|move|p2a: Excadrill|Rapid Spin|p1a: Samurott
|-damage|p1a: Samurott|77/100
|-boost|p2a: Excadrill|spe|1
|-sideend|p2: CambridgeFoulPlay|Spikes|[from] move: Rapid Spin|[of] p2a: Excadrill
|-sideend|p2: CambridgeFoulPlay|Stealth Rock|[from] move: Rapid Spin|[of] p2a: Excadrill
|move|p1a: Samurott|Aqua Cutter|p2a: Excadrill
|-supereffective|p2a: Excadrill
|-crit|p2a: Excadrill
|-damage|p2a: Excadrill|0 fnt
|faint|p2a: Excadrill
|
|-heal|p1a: Samurott|83/100|[from] Grassy Terrain
|-fieldend|move: Grassy Terrain
|upkeep
|
|t:|1769325383
|switch|p2a: Slowking|Slowking-Galar, F|67/100
|turn|16
|
|t:|1769325386
|switch|p2a: Zamazenta|Zamazenta|32/100
|move|p1a: Samurott|Ceaseless Edge|p2a: Zamazenta
|-resisted|p2a: Zamazenta
|-damage|p2a: Zamazenta|16/100
|-sidestart|p2: CambridgeFoulPlay|Spikes
|
|-heal|p2a: Zamazenta|22/100|[from] item: Leftovers
|upkeep
|turn|17
|
|t:|1769325390
|switch|p1a: Zapdos|Zapdos|80/100
|move|p2a: Zamazenta|Roar|p1a: Zapdos
|drag|p1a: Enamorus|Enamorus, F|20/100 frz
|-damage|p1a: Enamorus|0 fnt|[from] Stealth Rock
|faint|p1a: Enamorus
|
|-heal|p2a: Zamazenta|28/100|[from] item: Leftovers
|upkeep
|
|t:|1769325397
|switch|p1a: Zapdos|Zapdos|80/100
|turn|18
|
|t:|1769325402
|switch|p2a: Slowking|Slowking-Galar, F|99/100
|-damage|p2a: Slowking|88/100|[from] Spikes
|move|p1a: Zapdos|Discharge|p2a: Slowking
|-damage|p2a: Slowking|59/100
|
|upkeep
|turn|19
|
|t:|1769325407
|move|p1a: Zapdos|U-turn|p2a: Slowking
|-crit|p2a: Slowking
|-damage|p2a: Slowking|44/100
|
|t:|1769325409
|switch|p1a: Samurott|Samurott-Hisui, M|83/100|[from] U-turn
|move|p2a: Slowking|Ice Beam|p1a: Samurott
|-resisted|p1a: Samurott
|-damage|p1a: Samurott|67/100
|
|upkeep
|turn|20
|
|t:|1769325415
|switch|p2a: Zamazenta|Zamazenta|28/100
|-damage|p2a: Zamazenta|16/100|[from] Spikes
|move|p1a: Samurott|Aqua Cutter|p2a: Zamazenta
|-damage|p2a: Zamazenta|0 fnt
|faint|p2a: Zamazenta
|
|upkeep
|
|t:|1769325418
|switch|p2a: Moltres|Moltres|94/100
|turn|21
|
|t:|1769325421
|-terastallize|p2a: Moltres|Fairy
|move|p1a: Samurott|Aqua Cutter|p2a: Moltres
|-damage|p2a: Moltres|58/100
|move|p2a: Moltres|Flamethrower|p1a: Samurott
|-resisted|p1a: Samurott
|-damage|p1a: Samurott|37/100
|
|upkeep
|turn|22
|
|t:|1769325441
|move|p1a: Samurott|Aqua Cutter|p2a: Moltres
|-damage|p2a: Moltres|22/100
|move|p2a: Moltres|Roost|p2a: Moltres
|-heal|p2a: Moltres|72/100
|
|upkeep
|turn|23
|
|t:|1769325445
|move|p1a: Samurott|Aqua Cutter|p2a: Moltres
|-damage|p2a: Moltres|37/100
|move|p2a: Moltres|Roost|p2a: Moltres
|-heal|p2a: Moltres|87/100
|
|upkeep
|turn|24
|
|t:|1769325449
|move|p1a: Samurott|Aqua Cutter|p2a: Moltres
|-damage|p2a: Moltres|56/100
|move|p2a: Moltres|Flamethrower|p1a: Samurott
|-resisted|p1a: Samurott
|-damage|p1a: Samurott|7/100
|
|upkeep
|turn|25
|
|t:|1769325455
|move|p1a: Samurott|Aqua Cutter|p2a: Moltres
|-damage|p2a: Moltres|21/100
|move|p2a: Moltres|Roost|p2a: Moltres
|-heal|p2a: Moltres|72/100
|
|upkeep
|turn|26
|
|t:|1769325458
|move|p1a: Samurott|Ceaseless Edge|p2a: Moltres
|-resisted|p2a: Moltres
|-damage|p2a: Moltres|57/100
|-status|p1a: Samurott|brn|[from] ability: Flame Body|[of] p2a: Moltres
|-sidestart|p2: CambridgeFoulPlay|Spikes
|move|p2a: Moltres|Roost|p2a: Moltres
|-heal|p2a: Moltres|100/100
|
|-damage|p1a: Samurott|1/100 brn|[from] brn
|upkeep
|turn|27
|
|t:|1769325460
|move|p1a: Samurott|Ceaseless Edge|p2a: Moltres
|-resisted|p2a: Moltres
|-damage|p2a: Moltres|93/100
|-sidestart|p2: CambridgeFoulPlay|Spikes
|move|p2a: Moltres|Roost|p2a: Moltres
|-heal|p2a: Moltres|100/100
|
|-damage|p1a: Samurott|0 fnt|[from] brn
|faint|p1a: Samurott
|upkeep
|
|t:|1769325464
|switch|p1a: Zapdos|Zapdos|80/100
|turn|28
|
|t:|1769325471
|move|p1a: Zapdos|Discharge|p2a: Moltres
|-damage|p2a: Moltres|61/100
|-status|p2a: Moltres|par
|move|p2a: Moltres|Roar|p1a: Zapdos
|drag|p1a: Great Tusk|Great Tusk, shiny|100/100
|
|upkeep
|turn|29
|
|t:|1769325493
|-end|p1a: Great Tusk|Protosynthesis|[silent]
|switch|p1a: Zapdos|Zapdos|80/100
|move|p2a: Moltres|Roost|p2a: Moltres
|-heal|p2a: Moltres|100/100 par
|
|upkeep
|turn|30
|
|t:|1769325497
|move|p1a: Zapdos|Hurricane|p2a: Moltres|[miss]
|-miss|p1a: Zapdos|p2a: Moltres
|move|p2a: Moltres|Roar|p1a: Zapdos
|drag|p1a: Great Tusk|Great Tusk, shiny|100/100
|
|upkeep
|turn|31
|
|t:|1769325501
|-end|p1a: Great Tusk|Protosynthesis|[silent]
|switch|p1a: Zapdos|Zapdos|80/100
|move|p2a: Moltres|Flamethrower|p1a: Zapdos
|-damage|p1a: Zapdos|40/100
|
|upkeep
|turn|32
|
|t:|1769325504
|move|p1a: Zapdos|Roost|p1a: Zapdos
|-heal|p1a: Zapdos|90/100
|-singleturn|p1a: Zapdos|move: Roost
|move|p2a: Moltres|Roar|p1a: Zapdos
|drag|p1a: Great Tusk|Great Tusk, shiny|100/100
|
|upkeep
|turn|33
|
|t:|1769325510
|-end|p1a: Great Tusk|Protosynthesis|[silent]
|switch|p1a: Zapdos|Zapdos|90/100
|move|p2a: Moltres|Flamethrower|p1a: Zapdos
|-damage|p1a: Zapdos|52/100
|
|upkeep
|turn|34
|
|t:|1769325513
|move|p1a: Zapdos|Roost|p1a: Zapdos
|-heal|p1a: Zapdos|100/100
|-singleturn|p1a: Zapdos|move: Roost
|move|p2a: Moltres|Flamethrower|p1a: Zapdos
|-damage|p1a: Zapdos|67/100
|
|upkeep
|turn|35
|
|t:|1769325518
|move|p1a: Zapdos|Hurricane|p2a: Moltres
|-damage|p2a: Moltres|54/100 par
|-start|p2a: Moltres|confusion
|-activate|p2a: Moltres|confusion
|move|p2a: Moltres|Flamethrower|p1a: Zapdos
|-damage|p1a: Zapdos|31/100
|
|upkeep
|turn|36
|
|t:|1769325523
|move|p1a: Zapdos|Roost|p1a: Zapdos
|-heal|p1a: Zapdos|81/100
|-singleturn|p1a: Zapdos|move: Roost
|-activate|p2a: Moltres|confusion
|move|p2a: Moltres|Roost|p2a: Moltres
|-heal|p2a: Moltres|100/100 par
|
|upkeep
|turn|37
|
|t:|1769325530
|switch|p2a: Tyranitar|Tyranitar, F|29/100
|-damage|p2a: Tyranitar|4/100|[from] Spikes
|-weather|Sandstorm|[from] ability: Sand Stream|[of] p2a: Tyranitar
|move|p1a: Zapdos|Discharge|p2a: Tyranitar
|-crit|p2a: Tyranitar
|-damage|p2a: Tyranitar|0 fnt
|faint|p2a: Tyranitar
|
|-weather|Sandstorm|[upkeep]
|-damage|p1a: Zapdos|74/100|[from] Sandstorm
|upkeep
|
|t:|1769325531
|switch|p2a: Slowking|Slowking-Galar, F|77/100
|-damage|p2a: Slowking|52/100|[from] Spikes
|turn|38
|
|t:|1769325558
|switch|p1a: Great Tusk|Great Tusk, shiny|100/100
|move|p2a: Slowking|Sludge Bomb|p1a: Great Tusk
|-resisted|p1a: Great Tusk
|-damage|p1a: Great Tusk|73/100
|
|-weather|Sandstorm|[upkeep]
|-damage|p2a: Slowking|46/100|[from] Sandstorm
|upkeep
|turn|39
|
|t:|1769325566
|switch|p2a: Moltres|Moltres, tera:Fairy|100/100 par
|move|p1a: Great Tusk|Knock Off|p2a: Moltres
|-resisted|p2a: Moltres
|-damage|p2a: Moltres|88/100 par
|-enditem|p2a: Moltres|Heavy-Duty Boots|[from] move: Knock Off|[of] p1a: Great Tusk
|
|-weather|Sandstorm|[upkeep]
|-damage|p2a: Moltres|82/100 par|[from] Sandstorm
|upkeep
|turn|40
|
|t:|1769325577
|-end|p1a: Great Tusk|Protosynthesis|[silent]
|switch|p1a: Zapdos|Zapdos|74/100
|move|p2a: Moltres|Roost|p2a: Moltres
|-heal|p2a: Moltres|100/100 par
|
|-weather|Sandstorm|[upkeep]
|-damage|p1a: Zapdos|68/100|[from] Sandstorm
|-damage|p2a: Moltres|94/100 par|[from] Sandstorm
|upkeep
|turn|41
|
|t:|1769325581
|move|p1a: Zapdos|Hurricane|p2a: Moltres
|-damage|p2a: Moltres|41/100 par
|move|p2a: Moltres|Flamethrower|p1a: Zapdos
|-damage|p1a: Zapdos|34/100
|
|-weather|Sandstorm|[upkeep]
|-damage|p1a: Zapdos|28/100|[from] Sandstorm
|-damage|p2a: Moltres|35/100 par|[from] Sandstorm
|upkeep
|turn|42
|
|t:|1769325586
|move|p1a: Zapdos|Roost|p1a: Zapdos
|-heal|p1a: Zapdos|78/100
|-singleturn|p1a: Zapdos|move: Roost
|move|p2a: Moltres|U-turn|p1a: Zapdos
|-damage|p1a: Zapdos|67/100
|
|t:|1769325587
|switch|p2a: Slowking|Slowking-Galar, F|80/100|[from] U-turn
|-damage|p2a: Slowking|55/100|[from] Spikes
|
|-weather|Sandstorm|[upkeep]
|-damage|p1a: Zapdos|61/100|[from] Sandstorm
|-damage|p2a: Slowking|49/100|[from] Sandstorm
|upkeep
|turn|43
|
|t:|1769325599
|move|p1a: Zapdos|U-turn|p2a: Slowking
|-damage|p2a: Slowking|39/100
|
|t:|1769325602
|switch|p1a: Great Tusk|Great Tusk, shiny|73/100|[from] U-turn
|move|p2a: Slowking|Ice Beam|p1a: Great Tusk
|-supereffective|p1a: Great Tusk
|-damage|p1a: Great Tusk|4/100
|
|-weather|Sandstorm|[upkeep]
|-damage|p2a: Slowking|33/100|[from] Sandstorm
|upkeep
|turn|44
|
|t:|1769325604
|switch|p2a: Moltres|Moltres, tera:Fairy|35/100 par
|-damage|p2a: Moltres|10/100 par|[from] Spikes
|move|p1a: Great Tusk|Knock Off|p2a: Moltres
|-resisted|p2a: Moltres
|-damage|p2a: Moltres|2/100 par
|-status|p1a: Great Tusk|brn|[from] ability: Flame Body|[of] p2a: Moltres
|
|-weather|none
|-damage|p1a: Great Tusk|0 fnt|[from] brn
|faint|p1a: Great Tusk
|-end|p1a: Great Tusk|Protosynthesis|[silent]
|upkeep
|
|t:|1769325607
|switch|p1a: Zapdos|Zapdos|61/100
|turn|45
|
|t:|1769325613
|move|p1a: Zapdos|Discharge|p2a: Moltres
|-damage|p2a: Moltres|0 fnt
|faint|p2a: Moltres
|
|upkeep
|
|t:|1769325614
|switch|p2a: Slowking|Slowking-Galar, F|66/100
|-damage|p2a: Slowking|41/100|[from] Spikes
|turn|46
|
|t:|1769325620
|move|p1a: Zapdos|Hurricane|p2a: Slowking
|-damage|p2a: Slowking|2/100
|move|p2a: Slowking|Ice Beam|p1a: Zapdos
|-supereffective|p1a: Zapdos
|-damage|p1a: Zapdos|16/100
|
|upkeep
|turn|47
|
|t:|1769325625
|move|p1a: Zapdos|Discharge|p2a: Slowking
|-damage|p2a: Slowking|0 fnt
|faint|p2a: Slowking
|
|win|WaveHunts
|raw|WaveHunts's rating: 1534 &rarr; <strong>1559</strong><br />(+25 for winning)
|raw|CambridgeFoulPlay's rating: 1628 &rarr; <strong>1603</strong><br />(-25 for losing)
|c|☆CambridgeFoulPlay|gg
|l|☆CambridgeFoulPlay
|player|p2|
|c|☆WaveHunts|gg
|l|☆WaveHunts
|player|p1|
