|j|☆Yaoshi
|j|☆151htyrneh
|t:|1769414418
|gametype|singles
|player|p1|Yaoshi|silver-masters|1562
|player|p2|151htyrneh|wallace|1685
|gen|9
|tier|[Gen 9] OU
|rated|
|rule|HP Percentage Mod: HP is shown in percentages
|rule|Endless Battle Clause: Forcing endless battles is banned
|rule|Species Clause: Limit one of each Pokémon
|rule|OHKO Clause: OHKO moves are banned
|rule|Evasion Items Clause: Evasion items are banned
|rule|Evasion Moves Clause: Evasion moves are banned
|rule|Evasion Abilities Clause: Evasion abilities are banned
|rule|Sleep Moves Clause: Sleep-inducing moves are banned
|clearpoke
|poke|p1|Cinderace, F|
|poke|p1|Dragonite, M|
|poke|p1|Iron Valiant|
|poke|p1|Snorlax, M|
|poke|p1|Primarina, F|
|poke|p1|Skarmory, F|
|poke|p2|Glimmora, F|
|poke|p2|Landorus-Therian, M|
|poke|p2|Kyurem|
|poke|p2|Kingambit, F|
|poke|p2|Iron Valiant|
|poke|p2|Hatterene, F|
|teampreview
|inactive|Battle timer is ON: inactive players will automatically lose when time's up. (requested by Yaoshi)
|
|t:|1769414437
|teamsize|p1|6
|teamsize|p2|6
|start
|switch|p1a: One Hit Wonder|Cinderace, F|100/100
|switch|p2a: Kyurem|Kyurem|100/100
|-ability|p2a: Kyurem|Pressure
|turn|1
|
|t:|1769414442
|switch|p1a: Homerun|Snorlax, M, shiny|100/100
|switch|p2a: Landorus|Landorus-Therian, M|100/100
|-ability|p2a: Landorus|Intimidate|boost
|-unboost|p1a: Homerun|atk|1
|
|upkeep
|turn|2
|
|t:|1769414451
|switch|p1a: Oz Smith|Skarmory, F, shiny|100/100
|move|p2a: Landorus|Stealth Rock|p1a: Oz Smith
|-sidestart|p1: Yaoshi|move: Stealth Rock
|
|upkeep
|turn|3
|j| aegia4
|
|t:|1769414455
|switch|p2a: Hatterene|Hatterene, F|100/100
|switch|p1a: Babe Ruth|Iron Valiant, shiny|100/100
|-damage|p1a: Babe Ruth|94/100|[from] Stealth Rock
|-enditem|p1a: Babe Ruth|Booster Energy
|-activate|p1a: Babe Ruth|ability: Quark Drive|[fromitem]
|-start|p1a: Babe Ruth|quarkdrivespe
|
|upkeep
|turn|4
|
|t:|1769414461
|move|p1a: Babe Ruth|Destiny Bond|p1a: Babe Ruth
|-singlemove|p1a: Babe Ruth|Destiny Bond
|move|p2a: Hatterene|Draining Kiss|p1a: Babe Ruth
|-supereffective|p1a: Babe Ruth
|-damage|p1a: Babe Ruth|8/100
|
|upkeep
|turn|5
|
|t:|1769414475
|-end|p1a: Babe Ruth|Quark Drive|[silent]
|switch|p1a: One Hit Wonder|Cinderace, F|100/100
|move|p2a: Hatterene|Draining Kiss|p1a: One Hit Wonder
|-resisted|p1a: One Hit Wonder
|-damage|p1a: One Hit Wonder|86/100
|
|upkeep
|turn|6
|
|t:|1769414479
|move|p1a: One Hit Wonder|Court Change|p1a: One Hit Wonder
|-start|p1a: One Hit Wonder|typechange|Normal|[from] ability: Libero
|-swapsideconditions
|-activate|p1a: One Hit Wonder|move: Court Change
|move|p2a: Hatterene|Nuzzle|p1a: One Hit Wonder
|-damage|p1a: One Hit Wonder|80/100
|-status|p1a: One Hit Wonder|par
|
|upkeep
|turn|7
|
|t:|1769414483
|switch|p1a: Babe Ruth|Iron Valiant, shiny|8/100
|move|p2a: Hatterene|Psychic Noise|p1a: Babe Ruth
|-supereffective|p1a: Babe Ruth
|-damage|p1a: Babe Ruth|0 fnt
|faint|p1a: Babe Ruth
|-end|p1a: Babe Ruth|Quark Drive|[silent]
|
|upkeep
|
|t:|1769414489
|switch|p1a: One Hit Wonder|Cinderace, F|80/100 par
|turn|8
|
|t:|1769414494
|switch|p2a: Glimmora|Glimmora, F|100/100
|-damage|p2a: Glimmora|88/100|[from] Stealth Rock
|move|p1a: One Hit Wonder|Pyro Ball|p2a: Glimmora
|-resisted|p2a: Glimmora
|-damage|p2a: Glimmora|54/100
|-activate|p2a: Glimmora|ability: Toxic Debris
|-sidestart|p1: Yaoshi|move: Toxic Spikes
|
|upkeep
|turn|9
|j| Samurajen
|
|t:|1769414500
|move|p2a: Glimmora|Mortal Spin|p1a: One Hit Wonder
|-damage|p1a: One Hit Wonder|72/100 par
|-sideend|p2: 151htyrneh|Stealth Rock|[from] move: Mortal Spin|[of] p2a: Glimmora
|move|p1a: One Hit Wonder|Zen Headbutt|p2a: Glimmora
|-start|p1a: One Hit Wonder|typechange|Psychic|[from] ability: Libero
|-supereffective|p2a: Glimmora
|-damage|p2a: Glimmora|0 fnt
|-activate|p2a: Glimmora|ability: Toxic Debris
|-sidestart|p1: Yaoshi|move: Toxic Spikes
|faint|p2a: Glimmora
|
|upkeep
|
|t:|1769414506
|switch|p2a: Kyurem|Kyurem|100/100
|-ability|p2a: Kyurem|Pressure
|turn|10
|
|t:|1769414513
|move|p2a: Kyurem|Ice Beam|p1a: One Hit Wonder
|-damage|p1a: One Hit Wonder|0 fnt
|faint|p1a: One Hit Wonder
|
|upkeep
|
|t:|1769414516
|switch|p1a: Homerun|Snorlax, M, shiny|100/100
|-status|p1a: Homerun|tox
|turn|11
|
|t:|1769414519
|move|p2a: Kyurem|Focus Blast|p1a: Homerun|[miss]
|-miss|p2a: Kyurem|p1a: Homerun
|move|p1a: Homerun|Body Slam|p2a: Kyurem
|-damage|p2a: Kyurem|72/100
|-status|p2a: Kyurem|par
|
|-damage|p1a: Homerun|94/100 tox|[from] psn
|upkeep
|turn|12
|
|t:|1769414524
|switch|p2a: Hatterene|Hatterene, F|100/100
|switch|p1a: Ohtani|Dragonite, M|100/100
|
|upkeep
|turn|13
|
|t:|1769414528
|switch|p1a: Homerun|Snorlax, M, shiny|94/100 tox
|move|p2a: Hatterene|Nuzzle|p1a: Homerun
|-damage|p1a: Homerun|91/100 tox
|
|-damage|p1a: Homerun|85/100 tox|[from] psn
|upkeep
|turn|14
|
|t:|1769414533
|switch|p2a: Landorus|Landorus-Therian, M|100/100
|-ability|p2a: Landorus|Intimidate|boost
|-unboost|p1a: Homerun|atk|1
|move|p1a: Homerun|Body Slam|p2a: Landorus
|-damage|p2a: Landorus|80/100
|-damage|p1a: Homerun|68/100 tox|[from] item: Rocky Helmet|[of] p2a: Landorus
|
|-damage|p1a: Homerun|56/100 tox|[from] psn
|upkeep
|turn|15
|
|t:|1769414535
|move|p2a: Landorus|Stealth Rock|p1a: Homerun
|-sidestart|p1: Yaoshi|move: Stealth Rock
|move|p1a: Homerun|Body Slam|p2a: Landorus
|-damage|p2a: Landorus|58/100
|-damage|p1a: Homerun|39/100 tox|[from] item: Rocky Helmet|[of] p2a: Landorus
|-enditem|p1a: Homerun|Figy Berry|[eat]
|-heal|p1a: Homerun|73/100 tox|[from] item: Figy Berry
|
|-damage|p1a: Homerun|54/100 tox|[from] psn
|upkeep
|turn|16
|
|t:|1769414538
|move|p2a: Landorus|Taunt|p1a: Homerun
|-start|p1a: Homerun|move: Taunt
|move|p1a: Homerun|Body Slam|p2a: Landorus
|-damage|p2a: Landorus|37/100
|-status|p2a: Landorus|par
|-damage|p1a: Homerun|38/100 tox|[from] item: Rocky Helmet|[of] p2a: Landorus
|
|-damage|p1a: Homerun|13/100 tox|[from] psn
|upkeep
|turn|17
|
|t:|1769414541
|move|p2a: Landorus|U-turn|p1a: Homerun
|-damage|p1a: Homerun|0 fnt
|faint|p1a: Homerun
|
|t:|1769414545
|switch|p2a: Kyurem|Kyurem|72/100 par|[from] U-turn
|-ability|p2a: Kyurem|Pressure
|
|upkeep
|
|t:|1769414550
|switch|p1a: Oz Smith|Skarmory, F, shiny|100/100
|-damage|p1a: Oz Smith|88/100|[from] Stealth Rock
|turn|18
|
|t:|1769414554
|move|p1a: Oz Smith|Body Press|p2a: Kyurem
|-supereffective|p2a: Kyurem
|-damage|p2a: Kyurem|13/100 par
|move|p2a: Kyurem|Ice Beam|p1a: Oz Smith
|-damage|p1a: Oz Smith|16/100
|
|upkeep
|turn|19
|
|t:|1769414558
|move|p1a: Oz Smith|Roost|p1a: Oz Smith
|-heal|p1a: Oz Smith|66/100
|-singleturn|p1a: Oz Smith|move: Roost
|move|p2a: Kyurem|Earth Power|p1a: Oz Smith
|-supereffective|p1a: Oz Smith
|-damage|p1a: Oz Smith|0 fnt
|faint|p1a: Oz Smith
|
|upkeep
|
|t:|1769414567
|switch|p1a: Ohtani|Dragonite, M|100/100
|-damage|p1a: Ohtani|76/100|[from] Stealth Rock
|turn|20
|
|t:|1769414569
|move|p1a: Ohtani|Extreme Speed|p2a: Kyurem
|-damage|p2a: Kyurem|0 fnt
|faint|p2a: Kyurem
|
|upkeep
|
|t:|1769414573
|switch|p2a: Landorus|Landorus-Therian, M|37/100 par
|-ability|p2a: Landorus|Intimidate|boost
|-unboost|p1a: Ohtani|atk|1
|turn|21
|-message|Yaoshi forfeited.
|
|win|151htyrneh
|raw|Yaoshi's rating: 1562 &rarr; <strong>1549</strong><br />(-13 for losing)
|raw|151htyrneh's rating: 1685 &rarr; <strong>1698</strong><br />(+13 for winning)
|l|☆Yaoshi
|player|p1|
|l|☆151htyrneh
|player|p2|
