|j|☆iconicwrecker
|j|☆boom moon
|t:|1769430560
|gametype|singles
|player|p1|iconicwrecker|ghetsis|1336
|player|p2|boom moon|266|1297
|gen|9
|tier|[Gen 9] OU
|rated|
|rule|HP Percentage Mod: HP is shown in percentages
|rule|Endless Battle Clause: Forcing endless battles is banned
|rule|Species Clause: Limit one of each Pokémon
|rule|OHKO Clause: OHKO moves are banned
|rule|Evasion Items Clause: Evasion items are banned
|rule|Evasion Moves Clause: Evasion moves are banned
|rule|Evasion Abilities Clause: Evasion abilities are banned
|rule|Sleep Moves Clause: Sleep-inducing moves are banned
|clearpoke
|poke|p1|Garchomp, M|
|poke|p1|Salamence, M|
|poke|p1|Skeledirge, M|
|poke|p1|Kommo-o, M|
|poke|p1|Kingambit, M|
|poke|p1|Inteleon, M|
|poke|p2|Gliscor, F|
|poke|p2|Chansey, F|
|poke|p2|Mamoswine, F|
|poke|p2|Toedscruel, M|
|poke|p2|Toxicroak, M|
|poke|p2|Dragonite, F|
|teampreview
|inactive|Battle timer is ON: inactive players will automatically lose when time's up. (requested by iconicwrecker)
|
|t:|1769430577
|teamsize|p1|6
|teamsize|p2|6
|start
|switch|p1a: Salamence|Salamence, M|100/100
|switch|p2a: Toedscruel|Toedscruel, M|100/100
|turn|1
|
|t:|1769430585
|move|p1a: Salamence|Dragon Dance|p1a: Salamence
|-boost|p1a: Salamence|atk|1
|-boost|p1a: Salamence|spe|1
|move|p2a: Toedscruel|Stun Spore|p1a: Salamence|[miss]
|-miss|p2a: Toedscruel|p1a: Salamence
|
|upkeep
|turn|2
|
|t:|1769430594
|move|p1a: Salamence|Dual Wingbeat|p2a: Toedscruel
|-supereffective|p2a: Toedscruel
|-damage|p2a: Toedscruel|0 fnt
|-damage|p1a: Salamence|84/100|[from] item: Rocky Helmet|[of] p2a: Toedscruel
|faint|p2a: Toedscruel
|-ability|p1a: Salamence|Moxie|boost
|-boost|p1a: Salamence|atk|1
|-hitcount|p2: Toedscruel|1
|-damage|p1a: Salamence|74/100|[from] item: Life Orb
|
|upkeep
|
|t:|1769430597
|switch|p2a: Mamoswine|Mamoswine, F|100/100
|turn|3
|
|t:|1769430607
|-terastallize|p1a: Salamence|Flying
|move|p2a: Mamoswine|Ice Shard|p1a: Salamence
|-supereffective|p1a: Salamence
|-damage|p1a: Salamence|12/100
|move|p1a: Salamence|Iron Head|p2a: Mamoswine
|-supereffective|p2a: Mamoswine
|-damage|p2a: Mamoswine|0 fnt
|faint|p2a: Mamoswine
|-ability|p1a: Salamence|Moxie|boost
|-boost|p1a: Salamence|atk|1
|-damage|p1a: Salamence|2/100|[from] item: Life Orb
|
|upkeep
|
|t:|1769430611
|switch|p2a: Toxicroak|Toxicroak, M, shiny|100/100
|turn|4
|
|t:|1769430620
|move|p2a: Toxicroak|Vacuum Wave|p1a: Salamence
|-resisted|p1a: Salamence
|-damage|p1a: Salamence|0 fnt
|faint|p1a: Salamence
|
|upkeep
|
|t:|1769430626
|switch|p1a: Inteleon|Inteleon, M|100/100
|turn|5
|
|t:|1769430631
|move|p1a: Inteleon|Snipe Shot|p2a: Toxicroak
|-immune|p2a: Toxicroak|[from] ability: Dry Skin
|move|p2a: Toxicroak|Nasty Plot|p2a: Toxicroak
|-boost|p2a: Toxicroak|spa|2
|
|upkeep
|turn|6
|
|t:|1769430639
|switch|p1a: Skeledirge|Skeledirge, M|100/100
|-item|p1a: Skeledirge|Air Balloon
|move|p2a: Toxicroak|Sludge Wave|p1a: Skeledirge
|-resisted|p1a: Skeledirge
|-damage|p1a: Skeledirge|86/100
|-status|p1a: Skeledirge|psn
|-enditem|p1a: Skeledirge|Air Balloon
|
|-damage|p1a: Skeledirge|74/100 psn|[from] psn
|upkeep
|turn|7
|
|t:|1769430650
|move|p2a: Toxicroak|Dark Pulse|p1a: Skeledirge
|-supereffective|p1a: Skeledirge
|-damage|p1a: Skeledirge|42/100 psn
|move|p1a: Skeledirge|Will-O-Wisp|p2a: Toxicroak
|-status|p2a: Toxicroak|brn
|
|-damage|p1a: Skeledirge|29/100 psn|[from] psn
|-damage|p2a: Toxicroak|94/100 brn|[from] brn
|upkeep
|turn|8
|
|t:|1769430659
|move|p2a: Toxicroak|Dark Pulse|p1a: Skeledirge
|-supereffective|p1a: Skeledirge
|-damage|p1a: Skeledirge|0 fnt
|faint|p1a: Skeledirge
|
|-damage|p2a: Toxicroak|88/100 brn|[from] brn
|upkeep
|
|t:|1769430670
|switch|p1a: Garchomp|Garchomp, M|100/100
|turn|9
|
|t:|1769430675
|-terastallize|p2a: Toxicroak|Fighting
|move|p1a: Garchomp|Earthquake|p2a: Toxicroak
|-damage|p2a: Toxicroak|5/100 brn
|move|p2a: Toxicroak|Dark Pulse|p1a: Garchomp
|-damage|p1a: Garchomp|53/100
|
|-damage|p2a: Toxicroak|0 fnt|[from] brn
|faint|p2a: Toxicroak
|upkeep
|
|t:|1769430686
|switch|p2a: Dragonite|Dragonite, F|100/100
|turn|10
|
|t:|1769430690
|move|p1a: Garchomp|Scale Shot|p2a: Dragonite
|-supereffective|p2a: Dragonite
|-damage|p2a: Dragonite|69/100
|-supereffective|p2a: Dragonite
|-damage|p2a: Dragonite|41/100
|-supereffective|p2a: Dragonite
|-damage|p2a: Dragonite|11/100
|-supereffective|p2a: Dragonite
|-damage|p2a: Dragonite|0 fnt
|faint|p2a: Dragonite
|-hitcount|p2: Dragonite|4
|-unboost|p1a: Garchomp|def|1
|-boost|p1a: Garchomp|spe|1
|
|upkeep
|
|t:|1769430693
|switch|p2a: Chansey|Chansey, F|100/100
|turn|11
|
|t:|1769430705
|move|p1a: Garchomp|Earthquake|p2a: Chansey
|-crit|p2a: Chansey
|-damage|p2a: Chansey|46/100
|move|p2a: Chansey|Echoed Voice|p1a: Garchomp
|-crit|p1a: Garchomp
|-damage|p1a: Garchomp|43/100
|
|upkeep
|turn|12
|
|t:|1769430713
|move|p1a: Garchomp|Earthquake|p2a: Chansey
|-damage|p2a: Chansey|11/100
|move|p2a: Chansey|Echoed Voice|p1a: Garchomp
|-damage|p1a: Garchomp|28/100
|
|upkeep
|turn|13
|
|t:|1769430719
|move|p1a: Garchomp|Earthquake|p2a: Chansey
|-damage|p2a: Chansey|0 fnt
|faint|p2a: Chansey
|
|upkeep
|
|t:|1769430722
|switch|p2a: Gliscor|Gliscor, F|100/100
|turn|14
|
|t:|1769430726
|move|p1a: Garchomp|Swords Dance|p1a: Garchomp
|-boost|p1a: Garchomp|atk|2
|move|p2a: Gliscor|Substitute|p2a: Gliscor
|-start|p2a: Gliscor|Substitute
|-damage|p2a: Gliscor|76/100
|
|-status|p2a: Gliscor|tox|[from] item: Toxic Orb
|upkeep
|turn|15
|
|t:|1769430733
|move|p1a: Garchomp|Scale Shot|p2a: Gliscor
|-activate|p2a: Gliscor|move: Substitute|[damage]
|-end|p2a: Gliscor|Substitute
|-damage|p2a: Gliscor|58/100 tox
|-damage|p2a: Gliscor|41/100 tox
|-damage|p2a: Gliscor|24/100 tox
|-hitcount|p2a: Gliscor|5
|-unboost|p1a: Garchomp|def|1
|-boost|p1a: Garchomp|spe|1
|move|p2a: Gliscor|Earthquake|p1a: Garchomp
|-damage|p1a: Garchomp|0 fnt
|faint|p1a: Garchomp
|
|-heal|p2a: Gliscor|37/100 tox|[from] ability: Poison Heal
|upkeep
|
|t:|1769430747
|switch|p1a: Inteleon|Inteleon, M|100/100
|turn|16
|
|t:|1769430752
|move|p1a: Inteleon|Snipe Shot|p2a: Gliscor
|-supereffective|p2a: Gliscor
|-crit|p2a: Gliscor
|-damage|p2a: Gliscor|0 fnt
|faint|p2a: Gliscor
|
|win|iconicwrecker
|raw|iconicwrecker's rating: 1336 &rarr; <strong>1354</strong><br />(+18 for winning)
|raw|boom moon's rating: 1297 &rarr; <strong>1275</strong><br />(-22 for losing)
|l|☆boom moon
|player|p2|
|l|☆iconicwrecker
|player|p1|
