|j|☆PacheliSSJ5
|j|☆redhyina
|t:|1769423611
|gametype|singles
|player|p1|PacheliSSJ5|bruno-gen2|1352
|player|p2|redhyina|265|1313
|gen|9
|tier|[Gen 9] OU
|rated|
|rule|HP Percentage Mod: HP is shown in percentages
|rule|Endless Battle Clause: Forcing endless battles is banned
|rule|Species Clause: Limit one of each Pokémon
|rule|OHKO Clause: OHKO moves are banned
|rule|Evasion Items Clause: Evasion items are banned
|rule|Evasion Moves Clause: Evasion moves are banned
|rule|Evasion Abilities Clause: Evasion abilities are banned
|rule|Sleep Moves Clause: Sleep-inducing moves are banned
|clearpoke
|poke|p1|Muk-Alola, F|
|poke|p1|Rillaboom, M|
|poke|p1|Landorus-Therian, M|
|poke|p1|Primarina, M|
|poke|p1|Great Tusk|
|poke|p1|Kingambit, M|
|poke|p2|Pelipper, M|
|poke|p2|Barraskewda, M|
|poke|p2|Keldeo|
|poke|p2|Raging Bolt|
|poke|p2|Zapdos|
|poke|p2|Iron Treads|
|teampreview
|c|☆redhyina|glhf
|
|t:|1769423621
|teamsize|p1|6
|teamsize|p2|6
|start
|switch|p1a: Landorus|Landorus-Therian, M|100/100
|switch|p2a: Pelipper|Pelipper, M|100/100
|-ability|p1a: Landorus|Intimidate|boost
|-unboost|p2a: Pelipper|atk|1
|-weather|RainDance|[from] ability: Drizzle|[of] p2a: Pelipper
|turn|1
|
|t:|1769423629
|move|p1a: Landorus|U-turn|p2a: Pelipper
|-resisted|p2a: Pelipper
|-damage|p2a: Pelipper|90/100
|
|t:|1769423632
|switch|p1a: Primarina|Primarina, M|100/100|[from] U-turn
|move|p2a: Pelipper|Weather Ball|p1a: Primarina
|-resisted|p1a: Primarina
|-damage|p1a: Primarina|77/100
|
|-weather|RainDance|[upkeep]
|upkeep
|turn|2
|
|t:|1769423640
|move|p1a: Primarina|Surf|p2a: Pelipper
|-resisted|p2a: Pelipper
|-damage|p2a: Pelipper|41/100
|move|p2a: Pelipper|U-turn|p1a: Primarina
|-resisted|p1a: Primarina
|-damage|p1a: Primarina|74/100
|
|t:|1769423645
|switch|p2a: Raging Bolt|Raging Bolt|100/100|[from] U-turn
|-enditem|p2a: Raging Bolt|Booster Energy
|-activate|p2a: Raging Bolt|ability: Protosynthesis|[fromitem]
|-start|p2a: Raging Bolt|protosynthesisspa
|
|-weather|RainDance|[upkeep]
|upkeep
|turn|3
|
|t:|1769423651
|move|p2a: Raging Bolt|Thunderclap|p1a: Primarina
|-supereffective|p1a: Primarina
|-damage|p1a: Primarina|3/100
|move|p1a: Primarina|Moonblast|p2a: Raging Bolt
|-supereffective|p2a: Raging Bolt
|-damage|p2a: Raging Bolt|5/100
|
|-weather|RainDance|[upkeep]
|upkeep
|turn|4
|
|t:|1769423657
|switch|p1a: Muk|Muk-Alola, F|100/100
|move|p2a: Raging Bolt|Weather Ball|p1a: Muk
|-damage|p1a: Muk|54/100
|
|-weather|RainDance|[upkeep]
|-heal|p1a: Muk|60/100|[from] item: Leftovers
|upkeep
|turn|5
|
|t:|1769423665
|move|p2a: Raging Bolt|Thunderclap|p1a: Muk
|-damage|p1a: Muk|29/100
|move|p1a: Muk|Knock Off|p2a: Raging Bolt
|-damage|p2a: Raging Bolt|0 fnt
|faint|p2a: Raging Bolt
|-end|p2a: Raging Bolt|Protosynthesis|[silent]
|
|-weather|RainDance|[upkeep]
|-heal|p1a: Muk|35/100|[from] item: Leftovers
|upkeep
|
|t:|1769423668
|switch|p2a: Barraskewda|Barraskewda, M|100/100
|turn|6
|
|t:|1769423671
|move|p1a: Muk|Protect|p1a: Muk
|-singleturn|p1a: Muk|Protect
|move|p2a: Barraskewda|Liquidation|p1a: Muk
|-activate|p1a: Muk|move: Protect
|
|-weather|RainDance|[upkeep]
|-heal|p1a: Muk|41/100|[from] item: Leftovers
|upkeep
|turn|7
|
|t:|1769423677
|switch|p1a: Rillaboom|Rillaboom, M|100/100
|-fieldstart|move: Grassy Terrain|[from] ability: Grassy Surge|[of] p1a: Rillaboom
|move|p2a: Barraskewda|Liquidation|p1a: Rillaboom
|-resisted|p1a: Rillaboom
|-damage|p1a: Rillaboom|50/100
|-unboost|p1a: Rillaboom|def|1
|-damage|p2a: Barraskewda|91/100|[from] item: Life Orb
|
|-weather|RainDance|[upkeep]
|-heal|p2a: Barraskewda|97/100|[from] Grassy Terrain
|-heal|p1a: Rillaboom|56/100|[from] Grassy Terrain
|upkeep
|turn|8
|
|t:|1769423688
|switch|p2a: Zapdos|Zapdos|100/100
|move|p1a: Rillaboom|U-turn|p2a: Zapdos
|-resisted|p2a: Zapdos
|-damage|p2a: Zapdos|89/100
|
|t:|1769423696
|switch|p1a: Muk|Muk-Alola, F|41/100|[from] U-turn
|
|-weather|none
|-heal|p1a: Muk|47/100|[from] Grassy Terrain
|-heal|p1a: Muk|53/100|[from] item: Leftovers
|upkeep
|turn|9
|
|t:|1769423700
|move|p2a: Zapdos|Thunder Wave|p1a: Muk
|-status|p1a: Muk|par
|move|p1a: Muk|Knock Off|p2a: Zapdos
|-damage|p2a: Zapdos|61/100
|-enditem|p2a: Zapdos|Heavy-Duty Boots|[from] move: Knock Off|[of] p1a: Muk
|
|-heal|p1a: Muk|59/100 par|[from] Grassy Terrain
|-heal|p1a: Muk|65/100 par|[from] item: Leftovers
|upkeep
|turn|10
|
|t:|1769423705
|move|p2a: Zapdos|Roost|p2a: Zapdos
|-heal|p2a: Zapdos|100/100
|-singleturn|p2a: Zapdos|move: Roost
|move|p1a: Muk|Knock Off|p2a: Zapdos
|-damage|p2a: Zapdos|82/100
|
|-heal|p2a: Zapdos|88/100|[from] Grassy Terrain
|-heal|p1a: Muk|71/100 par|[from] Grassy Terrain
|-heal|p1a: Muk|77/100 par|[from] item: Leftovers
|upkeep
|turn|11
|
|t:|1769423708
|move|p2a: Zapdos|Volt Switch|p1a: Muk
|-damage|p1a: Muk|59/100 par
|
|t:|1769423711
|switch|p2a: Pelipper|Pelipper, M|41/100|[from] Volt Switch
|-weather|RainDance|[from] ability: Drizzle|[of] p2a: Pelipper
|move|p1a: Muk|Knock Off|p2a: Pelipper
|-damage|p2a: Pelipper|5/100
|-enditem|p2a: Pelipper|Damp Rock|[from] move: Knock Off|[of] p1a: Muk
|
|-weather|RainDance|[upkeep]
|-heal|p1a: Muk|65/100 par|[from] Grassy Terrain
|-heal|p1a: Muk|71/100 par|[from] item: Leftovers
|-fieldend|move: Grassy Terrain
|upkeep
|turn|12
|
|t:|1769423721
|move|p1a: Muk|Protect|p1a: Muk
|-singleturn|p1a: Muk|Protect
|move|p2a: Pelipper|U-turn|p1a: Muk
|-activate|p1a: Muk|move: Protect
|
|-weather|RainDance|[upkeep]
|-heal|p1a: Muk|77/100 par|[from] item: Leftovers
|upkeep
|turn|13
|
|t:|1769423726
|switch|p2a: Iron Treads|Iron Treads|100/100
|cant|p1a: Muk|par
|
|-weather|RainDance|[upkeep]
|-heal|p1a: Muk|83/100 par|[from] item: Leftovers
|upkeep
|turn|14
|
|t:|1769423733
|move|p2a: Iron Treads|Stealth Rock|p1a: Muk
|-sidestart|p1: PacheliSSJ5|move: Stealth Rock
|move|p1a: Muk|Knock Off|p2a: Iron Treads
|-damage|p2a: Iron Treads|69/100
|-enditem|p2a: Iron Treads|Leftovers|[from] move: Knock Off|[of] p1a: Muk
|
|-weather|RainDance|[upkeep]
|-heal|p1a: Muk|89/100 par|[from] item: Leftovers
|upkeep
|turn|15
|
|t:|1769423737
|cant|p1a: Muk|par
|move|p2a: Iron Treads|Earthquake|p1a: Muk
|-supereffective|p1a: Muk
|-damage|p1a: Muk|0 fnt
|faint|p1a: Muk
|
|-weather|RainDance|[upkeep]
|upkeep
|
|t:|1769423744
|switch|p1a: Great Tusk|Great Tusk|100/100
|turn|16
|
|t:|1769423752
|move|p2a: Iron Treads|Earthquake|p1a: Great Tusk
|-damage|p1a: Great Tusk|64/100
|move|p1a: Great Tusk|Stealth Rock|p2a: Iron Treads
|-sidestart|p2: redhyina|move: Stealth Rock
|
|-weather|RainDance|[upkeep]
|upkeep
|turn|17
|
|t:|1769423757
|move|p2a: Iron Treads|Rapid Spin|p1a: Great Tusk
|-damage|p1a: Great Tusk|52/100
|-boost|p2a: Iron Treads|spe|1
|-sideend|p2: redhyina|Stealth Rock|[from] move: Rapid Spin|[of] p2a: Iron Treads
|move|p1a: Great Tusk|Rapid Spin|p2a: Iron Treads
|-resisted|p2a: Iron Treads
|-damage|p2a: Iron Treads|62/100
|-boost|p1a: Great Tusk|spe|1
|-sideend|p1: PacheliSSJ5|Stealth Rock|[from] move: Rapid Spin|[of] p1a: Great Tusk
|
|-weather|RainDance|[upkeep]
|upkeep
|turn|18
|
|t:|1769423760
|move|p2a: Iron Treads|Knock Off|p1a: Great Tusk
|-resisted|p1a: Great Tusk
|-damage|p1a: Great Tusk|41/100
|-enditem|p1a: Great Tusk|Heavy-Duty Boots|[from] move: Knock Off|[of] p2a: Iron Treads
|move|p1a: Great Tusk|Headlong Rush|p2a: Iron Treads
|-supereffective|p2a: Iron Treads
|-damage|p2a: Iron Treads|0 fnt
|-unboost|p1a: Great Tusk|def|1
|-unboost|p1a: Great Tusk|spd|1
|faint|p2a: Iron Treads
|-end|p2a: Iron Treads|Quark Drive|[silent]
|
|-weather|none
|upkeep
|
|t:|1769423770
|switch|p2a: Pelipper|Pelipper, M|5/100
|-weather|RainDance|[from] ability: Drizzle|[of] p2a: Pelipper
|turn|19
|
|t:|1769423775
|move|p1a: Great Tusk|Ice Spinner|p2a: Pelipper
|-damage|p2a: Pelipper|0 fnt
|faint|p2a: Pelipper
|
|-weather|RainDance|[upkeep]
|upkeep
|
|t:|1769423777
|switch|p2a: Barraskewda|Barraskewda, M|97/100
|turn|20
|
|t:|1769423783
|-end|p1a: Great Tusk|Protosynthesis|[silent]
|switch|p1a: Primarina|Primarina, M|3/100
|move|p2a: Barraskewda|Liquidation|p1a: Primarina
|-resisted|p1a: Primarina
|-damage|p1a: Primarina|0 fnt
|faint|p1a: Primarina
|-damage|p2a: Barraskewda|87/100|[from] item: Life Orb
|
|-weather|RainDance|[upkeep]
|upkeep
|
|t:|1769423792
|switch|p1a: Landorus|Landorus-Therian, M|100/100
|-ability|p1a: Landorus|Intimidate|boost
|-unboost|p2a: Barraskewda|atk|1
|turn|21
|
|t:|1769423800
|switch|p1a: Great Tusk|Great Tusk|41/100
|move|p2a: Barraskewda|Flip Turn|p1a: Great Tusk
|-supereffective|p1a: Great Tusk
|-damage|p1a: Great Tusk|0 fnt
|faint|p1a: Great Tusk
|-end|p1a: Great Tusk|Protosynthesis|[silent]
|-damage|p2a: Barraskewda|77/100|[from] item: Life Orb
|
|t:|1769423805
|switch|p2a: Keldeo|Keldeo|100/100|[from] Flip Turn
|
|-weather|RainDance|[upkeep]
|upkeep
|
|t:|1769423819
|switch|p1a: Rillaboom|Rillaboom, M|56/100
|-fieldstart|move: Grassy Terrain|[from] ability: Grassy Surge|[of] p1a: Rillaboom
|turn|22
|
|t:|1769423824
|move|p2a: Keldeo|Aura Sphere|p1a: Rillaboom
|-damage|p1a: Rillaboom|0 fnt
|faint|p1a: Rillaboom
|
|-weather|RainDance|[upkeep]
|upkeep
|
|t:|1769423828
|switch|p1a: Kingambit|Kingambit, M|100/100
|-activate|p1a: Kingambit|ability: Supreme Overlord
|-start|p1a: Kingambit|fallen4|[silent]
|turn|23
|
|t:|1769423831
|-terastallize|p1a: Kingambit|Ghost
|move|p2a: Keldeo|Aura Sphere|p1a: Kingambit
|-immune|p1a: Kingambit
|move|p1a: Kingambit|Swords Dance|p1a: Kingambit
|-boost|p1a: Kingambit|atk|2
|
|-weather|none
|upkeep
|turn|24
|
|t:|1769423839
|move|p2a: Keldeo|Flip Turn|p1a: Kingambit
|-damage|p1a: Kingambit|88/100
|
|t:|1769423841
|switch|p2a: Zapdos|Zapdos|88/100|[from] Flip Turn
|move|p1a: Kingambit|Swords Dance|p1a: Kingambit
|-boost|p1a: Kingambit|atk|2
|
|-heal|p1a: Kingambit|94/100|[from] Grassy Terrain
|-heal|p1a: Kingambit|99/100|[from] item: Leftovers
|upkeep
|turn|25
|
|t:|1769423846
|move|p2a: Zapdos|Thunder Wave|p1a: Kingambit
|-status|p1a: Kingambit|par
|cant|p1a: Kingambit|par
|
|-heal|p1a: Kingambit|100/100 par|[from] Grassy Terrain
|upkeep
|turn|26
|
|t:|1769423850
|move|p2a: Zapdos|Volt Switch|p1a: Kingambit
|-damage|p1a: Kingambit|64/100 par
|
|t:|1769423853
|switch|p2a: Keldeo|Keldeo|100/100|[from] Volt Switch
|move|p1a: Kingambit|Kowtow Cleave|p2a: Keldeo
|-resisted|p2a: Keldeo
|-damage|p2a: Keldeo|0 fnt
|faint|p2a: Keldeo
|
|-heal|p1a: Kingambit|70/100 par|[from] Grassy Terrain
|-heal|p1a: Kingambit|76/100 par|[from] item: Leftovers
|-fieldend|move: Grassy Terrain
|upkeep
|
|t:|1769423854
|switch|p2a: Barraskewda|Barraskewda, M|77/100
|turn|27
|
|t:|1769423858
|-terastallize|p2a: Barraskewda|Water
|cant|p1a: Kingambit|par
|move|p2a: Barraskewda|Liquidation|p1a: Kingambit
|-damage|p1a: Kingambit|11/100 par
|-unboost|p1a: Kingambit|def|1
|-damage|p2a: Barraskewda|67/100|[from] item: Life Orb
|
|-heal|p1a: Kingambit|17/100 par|[from] item: Leftovers
|upkeep
|turn|28
|
|t:|1769423866
|switch|p2a: Zapdos|Zapdos|88/100
|move|p1a: Kingambit|Sucker Punch||[still]
|-fail|p1a: Kingambit
|
|-heal|p1a: Kingambit|23/100 par|[from] item: Leftovers
|upkeep
|turn|29
|
|t:|1769423872
|move|p1a: Kingambit|Sucker Punch|p2a: Zapdos
|-damage|p2a: Zapdos|0 fnt
|faint|p2a: Zapdos
|
|-heal|p1a: Kingambit|29/100 par|[from] item: Leftovers
|upkeep
|
|t:|1769423874
|switch|p2a: Barraskewda|Barraskewda, M, tera:Water|67/100
|turn|30
|
|t:|1769423876
|move|p1a: Kingambit|Sucker Punch|p2a: Barraskewda
|-damage|p2a: Barraskewda|0 fnt
|faint|p2a: Barraskewda
|
|win|PacheliSSJ5
|raw|PacheliSSJ5's rating: 1352 &rarr; <strong>1370</strong><br />(+18 for winning)
|raw|redhyina's rating: 1313 &rarr; <strong>1295</strong><br />(-18 for losing)
|c|☆redhyina|gg
|c|☆PacheliSSJ5|gg
|l|☆redhyina
|player|p2|
|l|☆PacheliSSJ5
|player|p1|
