|j|☆cospway
|j|☆Billythekid95
|t:|1769430560
|gametype|singles
|player|p1|cospway|iris-gen5bw2|1608
|player|p2|Billythekid95|169|1617
|gen|9
|tier|[Gen 9] OU
|rated|
|rule|HP Percentage Mod: HP is shown in percentages
|rule|Endless Battle Clause: Forcing endless battles is banned
|rule|Species Clause: Limit one of each Pokémon
|rule|OHKO Clause: OHKO moves are banned
|rule|Evasion Items Clause: Evasion items are banned
|rule|Evasion Moves Clause: Evasion moves are banned
|rule|Evasion Abilities Clause: Evasion abilities are banned
|rule|Sleep Moves Clause: Sleep-inducing moves are banned
|clearpoke
|poke|p1|Cresselia, F|
|poke|p1|Mew|
|poke|p1|Kingambit, F|
|poke|p1|Azumarill, M|
|poke|p1|Gholdengo|
|poke|p1|Hoopa-Unbound|
|poke|p2|Ogerpon-Wellspring, F|
|poke|p2|Ribombee, F|
|poke|p2|Gholdengo|
|poke|p2|Great Tusk|
|poke|p2|Tyranitar, F|
|poke|p2|Latias, F|
|teampreview
|inactive|Battle timer is ON: inactive players will automatically lose when time's up. (requested by cospway)
|
|t:|1769430579
|teamsize|p1|6
|teamsize|p2|6
|start
|switch|p1a: Gholdengo|Gholdengo|100/100
|switch|p2a: Ribombee|Ribombee, F|100/100
|turn|1
|
|t:|1769430588
|move|p2a: Ribombee|Sticky Web|p1a: Gholdengo
|-sidestart|p1: cospway|move: Sticky Web
|move|p1a: Gholdengo|Shadow Ball|p2a: Ribombee
|-damage|p2a: Ribombee|3/100
|
|upkeep
|turn|2
|
|t:|1769430594
|move|p2a: Ribombee|Moonblast|p1a: Gholdengo
|-resisted|p1a: Gholdengo
|-crit|p1a: Gholdengo
|-damage|p1a: Gholdengo|79/100
|move|p1a: Gholdengo|Shadow Ball|p2a: Ribombee
|-crit|p2a: Ribombee
|-damage|p2a: Ribombee|0 fnt
|faint|p2a: Ribombee
|
|upkeep
|
|t:|1769430603
|switch|p2a: Tyranitar|Tyranitar, F|100/100
|-weather|Sandstorm|[from] ability: Sand Stream|[of] p2a: Tyranitar
|turn|3
|
|t:|1769430614
|switch|p1a: Mew|Mew, shiny|100/100
|-activate|p1a: Mew|move: Sticky Web
|-unboost|p1a: Mew|spe|1
|move|p2a: Tyranitar|Stealth Rock|p1a: Mew
|-sidestart|p1: cospway|move: Stealth Rock
|
|-weather|Sandstorm|[upkeep]
|-damage|p1a: Mew|94/100|[from] Sandstorm
|upkeep
|turn|4
|
|t:|1769430623
|move|p2a: Tyranitar|Knock Off|p1a: Mew
|-supereffective|p1a: Mew
|-enditem|p1a: Mew|Colbur Berry|[eat]
|-enditem|p1a: Mew|Colbur Berry|[weaken]
|-damage|p1a: Mew|65/100
|move|p1a: Mew|Trick Room|p1a: Mew
|-fieldstart|move: Trick Room|[of] p1a: Mew
|
|-weather|Sandstorm|[upkeep]
|-damage|p1a: Mew|58/100|[from] Sandstorm
|upkeep
|turn|5
|
|t:|1769430634
|move|p2a: Tyranitar|Stone Edge|p1a: Mew
|-damage|p1a: Mew|29/100
|move|p1a: Mew|Stealth Rock|p2a: Tyranitar
|-sidestart|p2: Billythekid95|move: Stealth Rock
|
|-weather|Sandstorm|[upkeep]
|-damage|p1a: Mew|23/100|[from] Sandstorm
|upkeep
|turn|6
|j| Tbccc15
|
|t:|1769430641
|move|p2a: Tyranitar|Knock Off|p1a: Mew
|-supereffective|p1a: Mew
|-damage|p1a: Mew|0 fnt
|faint|p1a: Mew
|
|-weather|Sandstorm|[upkeep]
|upkeep
|inactive|cospway has 120 seconds left.
|
|t:|1769430671
|switch|p1a: Azumarill|Azumarill, M, shiny|100/100
|-activate|p1a: Azumarill|move: Sticky Web
|-unboost|p1a: Azumarill|spe|1
|-damage|p1a: Azumarill|88/100|[from] Stealth Rock
|turn|7
|
|t:|1769430680
|move|p1a: Azumarill|Play Rough|p2a: Tyranitar
|-supereffective|p2a: Tyranitar
|-damage|p2a: Tyranitar|0 fnt
|faint|p2a: Tyranitar
|
|-weather|none
|upkeep
|
|t:|1769430691
|switch|p2a: Great Tusk|Great Tusk|100/100
|-damage|p2a: Great Tusk|97/100|[from] Stealth Rock
|turn|8
|
|t:|1769430694
|move|p1a: Azumarill|Play Rough|p2a: Great Tusk|[miss]
|-miss|p1a: Azumarill|p2a: Great Tusk
|move|p2a: Great Tusk|Rapid Spin|p1a: Azumarill
|-damage|p1a: Azumarill|74/100
|-boost|p2a: Great Tusk|spe|1
|-sideend|p2: Billythekid95|Stealth Rock|[from] move: Rapid Spin|[of] p2a: Great Tusk
|
|-fieldend|move: Trick Room
|upkeep
|turn|9
|
|t:|1769430702
|-end|p2a: Great Tusk|Protosynthesis|[silent]
|switch|p2a: Gholdengo|Gholdengo|100/100
|move|p1a: Azumarill|Play Rough|p2a: Gholdengo
|-resisted|p2a: Gholdengo
|-damage|p2a: Gholdengo|55/100
|
|upkeep
|turn|10
|
|t:|1769430719
|switch|p1a: Kingambit|Kingambit, F, shiny|100/100
|-activate|p1a: Kingambit|move: Sticky Web
|-unboost|p1a: Kingambit|spe|1
|-damage|p1a: Kingambit|94/100|[from] Stealth Rock
|-activate|p1a: Kingambit|ability: Supreme Overlord
|-start|p1a: Kingambit|fallen1|[silent]
|move|p2a: Gholdengo|Shadow Ball|p1a: Kingambit
|-resisted|p1a: Kingambit
|-damage|p1a: Kingambit|75/100
|
|-heal|p1a: Kingambit|81/100|[from] item: Leftovers
|upkeep
|turn|11
|
|t:|1769430736
|switch|p2a: Great Tusk|Great Tusk|97/100
|move|p1a: Kingambit|Swords Dance|p1a: Kingambit
|-boost|p1a: Kingambit|atk|2
|
|-heal|p1a: Kingambit|87/100|[from] item: Leftovers
|upkeep
|turn|12
|
|t:|1769430744
|-terastallize|p1a: Kingambit|Fairy
|move|p2a: Great Tusk|Close Combat|p1a: Kingambit
|-resisted|p1a: Kingambit
|-damage|p1a: Kingambit|68/100
|-unboost|p2a: Great Tusk|def|1
|-unboost|p2a: Great Tusk|spd|1
|move|p1a: Kingambit|Tera Blast|p2a: Great Tusk|[anim] Tera Blast Fairy
|-supereffective|p2a: Great Tusk
|-damage|p2a: Great Tusk|0 fnt
|faint|p2a: Great Tusk
|-end|p2a: Great Tusk|Protosynthesis|[silent]
|
|-heal|p1a: Kingambit|75/100|[from] item: Leftovers
|upkeep
|
|t:|1769430755
|switch|p2a: Gholdengo|Gholdengo|55/100
|turn|13
|
|t:|1769430759
|move|p1a: Kingambit|Sucker Punch||[still]
|-fail|p1a: Kingambit
|move|p2a: Gholdengo|Trick|p1a: Kingambit
|-activate|p2a: Gholdengo|move: Trick|[of] p1a: Kingambit
|-item|p1a: Kingambit|Choice Scarf|[from] move: Trick
|-item|p2a: Gholdengo|Leftovers|[from] move: Trick
|
|-heal|p2a: Gholdengo|61/100|[from] item: Leftovers
|upkeep
|turn|14
|
|t:|1769430767
|move|p1a: Kingambit|Sucker Punch|p2a: Gholdengo
|-supereffective|p2a: Gholdengo
|-damage|p2a: Gholdengo|0 fnt
|faint|p2a: Gholdengo
|
|upkeep
|
|t:|1769430770
|switch|p2a: Ogerpon|Ogerpon-Wellspring, F|100/100
|turn|15
|
|t:|1769430775
|-end|p1a: Kingambit|fallen1|[silent]
|switch|p1a: Cresselia|Cresselia, F, shiny|100/100
|-damage|p1a: Cresselia|88/100|[from] Stealth Rock
|move|p2a: Ogerpon|Swords Dance|p2a: Ogerpon
|-boost|p2a: Ogerpon|atk|2
|
|upkeep
|turn|16
|
|t:|1769430783
|-terastallize|p2a: Ogerpon|Water
|detailschange|p2a: Ogerpon|Ogerpon-Wellspring-Tera, F, tera:Water
|-ability|p2a: Ogerpon|Embody Aspect (Wellspring)|boost
|-boost|p2a: Ogerpon|spd|1
|move|p2a: Ogerpon|Ivy Cudgel|p1a: Cresselia|[anim] Ivy Cudgel Water
|-damage|p1a: Cresselia|0 fnt
|faint|p1a: Cresselia
|
|upkeep
|j| wccqq
|
|t:|1769430795
|switch|p1a: Gholdengo|Gholdengo|79/100
|-activate|p1a: Gholdengo|move: Sticky Web
|-unboost|p1a: Gholdengo|spe|1
|-damage|p1a: Gholdengo|73/100|[from] Stealth Rock
|turn|17
|
|t:|1769430803
|move|p2a: Ogerpon|Ivy Cudgel|p1a: Gholdengo|[anim] Ivy Cudgel Water
|-damage|p1a: Gholdengo|0 fnt
|faint|p1a: Gholdengo
|
|upkeep
|
|t:|1769430809
|switch|p1a: Azumarill|Azumarill, M, shiny|74/100
|-activate|p1a: Azumarill|move: Sticky Web
|-unboost|p1a: Azumarill|spe|1
|-damage|p1a: Azumarill|62/100|[from] Stealth Rock
|turn|18
|
|t:|1769430816
|move|p2a: Ogerpon|Horn Leech|p1a: Azumarill
|-supereffective|p1a: Azumarill
|-damage|p1a: Azumarill|0 fnt
|faint|p1a: Azumarill
|
|upkeep
|
|t:|1769430823
|switch|p1a: Kingambit|Kingambit, F, shiny, tera:Fairy|75/100
|-activate|p1a: Kingambit|move: Sticky Web
|-unboost|p1a: Kingambit|spe|1
|-damage|p1a: Kingambit|62/100|[from] Stealth Rock
|-activate|p1a: Kingambit|ability: Supreme Overlord
|-start|p1a: Kingambit|fallen4|[silent]
|turn|19
|
|t:|1769430830
|move|p1a: Kingambit|Sucker Punch|p2a: Ogerpon
|-damage|p2a: Ogerpon|24/100
|move|p2a: Ogerpon|Horn Leech|p1a: Kingambit
|-damage|p1a: Kingambit|2/100
|-heal|p2a: Ogerpon|65/100|[from] drain|[of] p1a: Kingambit
|
|upkeep
|turn|20
|
|t:|1769430838
|move|p1a: Kingambit|Sucker Punch||[still]
|-fail|p1a: Kingambit
|move|p2a: Ogerpon|Swords Dance|p2a: Ogerpon
|-boost|p2a: Ogerpon|atk|2
|
|upkeep
|turn|21
|
|t:|1769430843
|move|p1a: Kingambit|Sucker Punch||[still]
|-fail|p1a: Kingambit
|move|p2a: Ogerpon|Swords Dance|p2a: Ogerpon
|-boost|p2a: Ogerpon|atk|2
|
|upkeep
|turn|22
|
|t:|1769430849
|move|p1a: Kingambit|Sucker Punch||[still]
|-fail|p1a: Kingambit
|move|p2a: Ogerpon|Swords Dance|p2a: Ogerpon
|-boost|p2a: Ogerpon|atk|0
|
|upkeep
|turn|23
|
|t:|1769430855
|move|p1a: Kingambit|Sucker Punch||[still]
|-fail|p1a: Kingambit
|move|p2a: Ogerpon|Swords Dance|p2a: Ogerpon
|-boost|p2a: Ogerpon|atk|0
|
|upkeep
|turn|24
|
|t:|1769430860
|move|p1a: Kingambit|Sucker Punch||[still]
|-fail|p1a: Kingambit
|move|p2a: Ogerpon|Swords Dance|p2a: Ogerpon
|-boost|p2a: Ogerpon|atk|0
|
|upkeep
|turn|25
|j| AbrarS
|-message|cospway forfeited.
|
|win|Billythekid95
|raw|cospway's rating: 1608 &rarr; <strong>1589</strong><br />(-19 for losing)
|raw|Billythekid95's rating: 1617 &rarr; <strong>1636</strong><br />(+19 for winning)
|l|☆cospway
|player|p1|
|l|☆Billythekid95
|player|p2|
|l| AbrarS
|l| wccqq
