|j|☆Audio Peel
|j|☆Obling
|t:|1769299990
|gametype|singles
|player|p1|Audio Peel|fisherman-gen4|1760
|player|p2|Obling|player-go|1770
|gen|9
|tier|[Gen 9] OU
|rated|
|rule|HP Percentage Mod: HP is shown in percentages
|rule|Endless Battle Clause: Forcing endless battles is banned
|rule|Species Clause: Limit one of each Pokémon
|rule|OHKO Clause: OHKO moves are banned
|rule|Evasion Items Clause: Evasion items are banned
|rule|Evasion Moves Clause: Evasion moves are banned
|rule|Evasion Abilities Clause: Evasion abilities are banned
|rule|Sleep Moves Clause: Sleep-inducing moves are banned
|clearpoke
|poke|p1|Zamazenta-*|
|poke|p1|Hatterene, F|
|poke|p1|Iron Treads|
|poke|p1|Zapdos|
|poke|p1|Samurott-Hisui, F|
|poke|p1|Pecharunt|
|poke|p2|Deoxys-Speed|
|poke|p2|Dragonite, M|
|poke|p2|Iron Valiant|
|poke|p2|Kingambit, F|
|poke|p2|Cresselia, F|
|poke|p2|Walking Wake|
|teampreview
|inactive|Battle timer is ON: inactive players will automatically lose when time's up. (requested by Audio Peel)
|
|t:|1769300002
|teamsize|p1|6
|teamsize|p2|6
|start
|switch|p1a: Samurott|Samurott-Hisui, F, shiny|100/100
|switch|p2a: Dragonite|Dragonite, M|100/100
|turn|1
|
|t:|1769300005
|move|p1a: Samurott|Ceaseless Edge|p2a: Dragonite
|-damage|p2a: Dragonite|61/100
|-sidestart|p2: Obling|Spikes
|move|p2a: Dragonite|Dragon Dance|p2a: Dragonite
|-boost|p2a: Dragonite|atk|1
|-boost|p2a: Dragonite|spe|1
|
|upkeep
|turn|2
|
|t:|1769300012
|move|p2a: Dragonite|Earthquake|p1a: Samurott
|-damage|p1a: Samurott|23/100
|move|p1a: Samurott|Ceaseless Edge|p2a: Dragonite
|-damage|p2a: Dragonite|0 fnt
|-sidestart|p2: Obling|Spikes
|faint|p2a: Dragonite
|
|upkeep
|
|t:|1769300016
|switch|p2a: Walking Wake|Walking Wake|100/100
|-damage|p2a: Walking Wake|84/100|[from] Spikes
|-enditem|p2a: Walking Wake|Booster Energy
|-activate|p2a: Walking Wake|ability: Protosynthesis|[fromitem]
|-start|p2a: Walking Wake|protosynthesisspa
|turn|3
|
|t:|1769300019
|move|p1a: Samurott|Ceaseless Edge|p2a: Walking Wake
|-damage|p2a: Walking Wake|24/100
|-sidestart|p2: Obling|Spikes
|move|p2a: Walking Wake|Agility|p2a: Walking Wake
|-boost|p2a: Walking Wake|spe|2
|
|upkeep
|turn|4
|
|t:|1769300022
|move|p2a: Walking Wake|Surf|p1a: Samurott
|-resisted|p1a: Samurott
|-damage|p1a: Samurott|0 fnt
|faint|p1a: Samurott
|
|upkeep
|
|t:|1769300023
|switch|p1a: Hatterene|Hatterene, F|100/100
|turn|5
|
|t:|1769300026
|move|p2a: Walking Wake|Surf|p1a: Hatterene
|-damage|p1a: Hatterene|62/100
|move|p1a: Hatterene|Psychic Noise|p2a: Walking Wake
|-damage|p2a: Walking Wake|0 fnt
|faint|p2a: Walking Wake
|-end|p2a: Walking Wake|Protosynthesis|[silent]
|
|upkeep
|
|t:|1769300030
|switch|p2a: Kingambit|Kingambit, F|100/100
|-damage|p2a: Kingambit|76/100|[from] Spikes
|-activate|p2a: Kingambit|ability: Supreme Overlord
|-start|p2a: Kingambit|fallen2|[silent]
|turn|6
|
|t:|1769300036
|switch|p1a: Zapdos|Zapdos, shiny|100/100
|move|p2a: Kingambit|Kowtow Cleave|p1a: Zapdos
|-damage|p1a: Zapdos|15/100
|
|upkeep
|turn|7
|
|t:|1769300040
|-end|p2a: Kingambit|fallen2|[silent]
|switch|p2a: Deoxys|Deoxys-Speed|100/100
|-damage|p2a: Deoxys|75/100|[from] Spikes
|-ability|p2a: Deoxys|Pressure
|move|p1a: Zapdos|Volt Switch|p2a: Deoxys
|-damage|p2a: Deoxys|36/100
|
|t:|1769300043
|switch|p1a: Iron Treads|Iron Treads, shiny|100/100|[from] Volt Switch
|-item|p1a: Iron Treads|Air Balloon
|
|upkeep
|turn|8
|
|t:|1769300045
|move|p2a: Deoxys|Stealth Rock|p1a: Iron Treads
|-sidestart|p1: Audio Peel|move: Stealth Rock
|move|p1a: Iron Treads|Knock Off|p2a: Deoxys
|-supereffective|p2a: Deoxys
|-damage|p2a: Deoxys|0 fnt
|-damage|p1a: Iron Treads|84/100|[from] item: Rocky Helmet|[of] p2a: Deoxys
|-enditem|p2a: Deoxys|Rocky Helmet|[from] move: Knock Off|[of] p1a: Iron Treads
|faint|p2a: Deoxys
|
|upkeep
|
|t:|1769300048
|switch|p2a: Iron Valiant|Iron Valiant|100/100
|-damage|p2a: Iron Valiant|76/100|[from] Spikes
|-enditem|p2a: Iron Valiant|Booster Energy
|-activate|p2a: Iron Valiant|ability: Quark Drive|[fromitem]
|-start|p2a: Iron Valiant|quarkdrivespe
|turn|9
|
|t:|1769300050
|-end|p1a: Iron Treads|Quark Drive|[silent]
|switch|p1a: Pecharunt|Pecharunt|100/100
|-damage|p1a: Pecharunt|88/100|[from] Stealth Rock
|move|p2a: Iron Valiant|Close Combat|p1a: Pecharunt
|-immune|p1a: Pecharunt
|
|upkeep
|turn|10
|
|t:|1769300055
|-end|p2a: Iron Valiant|Quark Drive|[silent]
|switch|p2a: Kingambit|Kingambit, F|76/100
|-damage|p2a: Kingambit|51/100|[from] Spikes
|-activate|p2a: Kingambit|ability: Supreme Overlord
|-start|p2a: Kingambit|fallen3|[silent]
|move|p1a: Pecharunt|Foul Play|p2a: Kingambit
|-resisted|p2a: Kingambit
|-damage|p2a: Kingambit|38/100
|
|upkeep
|turn|11
|
|t:|1769300064
|switch|p1a: Zapdos|Zapdos, shiny|15/100
|move|p2a: Kingambit|Swords Dance|p2a: Kingambit
|-boost|p2a: Kingambit|atk|2
|
|upkeep
|turn|12
|
|t:|1769300068
|move|p1a: Zapdos|Volt Switch|p2a: Kingambit
|-damage|p2a: Kingambit|5/100
|
|t:|1769300075
|switch|p1a: Pecharunt|Pecharunt|88/100|[from] Volt Switch
|-damage|p1a: Pecharunt|76/100|[from] Stealth Rock
|move|p2a: Kingambit|Kowtow Cleave|p1a: Pecharunt
|-supereffective|p1a: Pecharunt
|-damage|p1a: Pecharunt|0 fnt
|-damage|p2a: Kingambit|0 fnt|[from] item: Rocky Helmet|[of] p1a: Pecharunt
|faint|p1a: Pecharunt
|faint|p2a: Kingambit
|-end|p2a: Kingambit|fallen3|[silent]
|
|upkeep
|
|t:|1769300087
|switch|p1a: Hatterene|Hatterene, F|62/100
|switch|p2a: Iron Valiant|Iron Valiant|76/100
|-damage|p2a: Iron Valiant|51/100|[from] Spikes
|-damage|p1a: Hatterene|50/100|[from] Stealth Rock
|turn|13
|
|t:|1769300093
|move|p2a: Iron Valiant|Knock Off|p1a: Hatterene
|-damage|p1a: Hatterene|13/100
|-enditem|p1a: Hatterene|Assault Vest|[from] move: Knock Off|[of] p2a: Iron Valiant
|move|p1a: Hatterene|Draining Kiss|p2a: Iron Valiant
|-supereffective|p2a: Iron Valiant
|-damage|p2a: Iron Valiant|0 fnt
|-heal|p1a: Hatterene|47/100|[from] drain|[of] p2a: Iron Valiant
|faint|p2a: Iron Valiant
|-end|p2a: Iron Valiant|Quark Drive|[silent]
|
|upkeep
|
|t:|1769300100
|switch|p2a: Cresselia|Cresselia, F|100/100
|turn|14
|
|t:|1769300104
|move|p2a: Cresselia|Calm Mind|p2a: Cresselia
|-boost|p2a: Cresselia|spa|1
|-boost|p2a: Cresselia|spd|1
|move|p1a: Hatterene|Nuzzle|p2a: Cresselia
|-damage|p2a: Cresselia|98/100
|-status|p2a: Cresselia|par
|
|-heal|p2a: Cresselia|100/100 par|[from] item: Leftovers
|upkeep
|turn|15
|
|t:|1769300106
|move|p1a: Hatterene|Mystical Fire|p2a: Cresselia
|-damage|p2a: Cresselia|88/100 par
|-unboost|p2a: Cresselia|spa|1
|cant|p2a: Cresselia|par
|
|-heal|p2a: Cresselia|94/100 par|[from] item: Leftovers
|upkeep
|turn|16
|
|t:|1769300109
|move|p1a: Hatterene|Mystical Fire|p2a: Cresselia
|-damage|p2a: Cresselia|82/100 par
|-unboost|p2a: Cresselia|spa|1
|move|p2a: Cresselia|Calm Mind|p2a: Cresselia
|-boost|p2a: Cresselia|spa|1
|-boost|p2a: Cresselia|spd|1
|
|-heal|p2a: Cresselia|88/100 par|[from] item: Leftovers
|upkeep
|turn|17
|
|t:|1769300117
|move|p1a: Hatterene|Mystical Fire|p2a: Cresselia
|-damage|p2a: Cresselia|78/100 par
|-unboost|p2a: Cresselia|spa|1
|move|p2a: Cresselia|Calm Mind|p2a: Cresselia
|-boost|p2a: Cresselia|spa|1
|-boost|p2a: Cresselia|spd|1
|
|-heal|p2a: Cresselia|85/100 par|[from] item: Leftovers
|upkeep
|turn|18
|
|t:|1769300120
|move|p1a: Hatterene|Mystical Fire|p2a: Cresselia
|-damage|p2a: Cresselia|77/100 par
|-unboost|p2a: Cresselia|spa|1
|move|p2a: Cresselia|Calm Mind|p2a: Cresselia
|-boost|p2a: Cresselia|spa|1
|-boost|p2a: Cresselia|spd|1
|
|-heal|p2a: Cresselia|83/100 par|[from] item: Leftovers
|upkeep
|turn|19
|
|t:|1769300123
|move|p1a: Hatterene|Mystical Fire|p2a: Cresselia
|-damage|p2a: Cresselia|78/100 par
|-unboost|p2a: Cresselia|spa|1
|move|p2a: Cresselia|Calm Mind|p2a: Cresselia
|-boost|p2a: Cresselia|spa|1
|-boost|p2a: Cresselia|spd|1
|
|-heal|p2a: Cresselia|84/100 par|[from] item: Leftovers
|upkeep
|turn|20
|
|t:|1769300124
|move|p1a: Hatterene|Mystical Fire|p2a: Cresselia
|-damage|p2a: Cresselia|78/100 par
|-unboost|p2a: Cresselia|spa|1
|move|p2a: Cresselia|Calm Mind|p2a: Cresselia
|-boost|p2a: Cresselia|spa|1
|-boost|p2a: Cresselia|spd|1
|
|-heal|p2a: Cresselia|85/100 par|[from] item: Leftovers
|upkeep
|turn|21
|
|t:|1769300128
|move|p1a: Hatterene|Mystical Fire|p2a: Cresselia
|-damage|p2a: Cresselia|80/100 par
|-unboost|p2a: Cresselia|spa|1
|move|p2a: Cresselia|Stored Power|p1a: Hatterene
|-resisted|p1a: Hatterene
|-damage|p1a: Hatterene|35/100
|
|-heal|p2a: Cresselia|87/100 par|[from] item: Leftovers
|upkeep
|turn|22
|
|t:|1769300134
|move|p1a: Hatterene|Mystical Fire|p2a: Cresselia
|-damage|p2a: Cresselia|82/100 par
|-unboost|p2a: Cresselia|spa|1
|move|p2a: Cresselia|Calm Mind|p2a: Cresselia
|-boost|p2a: Cresselia|spa|1
|-boost|p2a: Cresselia|spd|0
|
|-heal|p2a: Cresselia|88/100 par|[from] item: Leftovers
|upkeep
|turn|23
|
|t:|1769300140
|move|p1a: Hatterene|Mystical Fire|p2a: Cresselia
|-damage|p2a: Cresselia|83/100 par
|-unboost|p2a: Cresselia|spa|1
|move|p2a: Cresselia|Calm Mind|p2a: Cresselia
|-boost|p2a: Cresselia|spa|1
|-boost|p2a: Cresselia|spd|0
|
|-heal|p2a: Cresselia|89/100 par|[from] item: Leftovers
|upkeep
|turn|24
|
|t:|1769300142
|move|p1a: Hatterene|Psychic Noise|p2a: Cresselia
|-resisted|p2a: Cresselia
|-damage|p2a: Cresselia|86/100 par
|-start|p2a: Cresselia|move: Heal Block
|move|p2a: Cresselia|Calm Mind|p2a: Cresselia
|-boost|p2a: Cresselia|spa|1
|-boost|p2a: Cresselia|spd|0
|
|upkeep
|turn|25
|
|t:|1769300146
|move|p1a: Hatterene|Mystical Fire|p2a: Cresselia
|-damage|p2a: Cresselia|82/100 par
|-unboost|p2a: Cresselia|spa|1
|move|p2a: Cresselia|Calm Mind|p2a: Cresselia
|-boost|p2a: Cresselia|spa|1
|-boost|p2a: Cresselia|spd|0
|
|-end|p2a: Cresselia|move: Heal Block
|upkeep
|turn|26
|
|t:|1769300150
|move|p1a: Hatterene|Mystical Fire|p2a: Cresselia
|-damage|p2a: Cresselia|78/100 par
|-unboost|p2a: Cresselia|spa|1
|move|p2a: Cresselia|Calm Mind|p2a: Cresselia
|-boost|p2a: Cresselia|spa|1
|-boost|p2a: Cresselia|spd|0
|
|-heal|p2a: Cresselia|84/100 par|[from] item: Leftovers
|upkeep
|turn|27
|
|t:|1769300152
|move|p1a: Hatterene|Mystical Fire|p2a: Cresselia
|-damage|p2a: Cresselia|79/100 par
|-unboost|p2a: Cresselia|spa|1
|cant|p2a: Cresselia|par
|
|-heal|p2a: Cresselia|85/100 par|[from] item: Leftovers
|upkeep
|turn|28
|
|t:|1769300155
|move|p1a: Hatterene|Mystical Fire|p2a: Cresselia
|-crit|p2a: Cresselia
|-damage|p2a: Cresselia|60/100 par
|-unboost|p2a: Cresselia|spa|1
|cant|p2a: Cresselia|par
|
|-heal|p2a: Cresselia|66/100 par|[from] item: Leftovers
|upkeep
|turn|29
|
|t:|1769300158
|move|p1a: Hatterene|Psychic Noise|p2a: Cresselia
|-resisted|p2a: Cresselia
|-damage|p2a: Cresselia|63/100 par
|-start|p2a: Cresselia|move: Heal Block
|cant|p2a: Cresselia|move: Heal Block|Moonlight
|
|upkeep
|turn|30
|
|t:|1769300161
|move|p1a: Hatterene|Mystical Fire|p2a: Cresselia
|-damage|p2a: Cresselia|58/100 par
|-unboost|p2a: Cresselia|spa|1
|move|p2a: Cresselia|Calm Mind|p2a: Cresselia
|-boost|p2a: Cresselia|spa|1
|-boost|p2a: Cresselia|spd|0
|
|-end|p2a: Cresselia|move: Heal Block
|upkeep
|turn|31
|
|t:|1769300164
|move|p1a: Hatterene|Psychic Noise|p2a: Cresselia
|-resisted|p2a: Cresselia
|-crit|p2a: Cresselia
|-damage|p2a: Cresselia|38/100 par
|-start|p2a: Cresselia|move: Heal Block
|move|p2a: Cresselia|Calm Mind|p2a: Cresselia
|-boost|p2a: Cresselia|spa|1
|-boost|p2a: Cresselia|spd|0
|
|upkeep
|turn|32
|
|t:|1769300169
|move|p1a: Hatterene|Psychic Noise|p2a: Cresselia
|-resisted|p2a: Cresselia
|-damage|p2a: Cresselia|35/100 par
|move|p2a: Cresselia|Calm Mind|p2a: Cresselia
|-boost|p2a: Cresselia|spa|1
|-boost|p2a: Cresselia|spd|0
|
|-end|p2a: Cresselia|move: Heal Block
|upkeep
|turn|33
|
|t:|1769300180
|move|p1a: Hatterene|Psychic Noise|p2a: Cresselia
|-resisted|p2a: Cresselia
|-damage|p2a: Cresselia|31/100 par
|-start|p2a: Cresselia|move: Heal Block
|cant|p2a: Cresselia|par
|
|upkeep
|turn|34
|
|t:|1769300193
|move|p1a: Hatterene|Mystical Fire|p2a: Cresselia
|-damage|p2a: Cresselia|27/100 par
|-unboost|p2a: Cresselia|spa|1
|move|p2a: Cresselia|Calm Mind|p2a: Cresselia
|-boost|p2a: Cresselia|spa|1
|-boost|p2a: Cresselia|spd|0
|
|-end|p2a: Cresselia|move: Heal Block
|upkeep
|turn|35
|
|t:|1769300197
|move|p1a: Hatterene|Psychic Noise|p2a: Cresselia
|-resisted|p2a: Cresselia
|-damage|p2a: Cresselia|24/100 par
|-start|p2a: Cresselia|move: Heal Block
|move|p2a: Cresselia|Calm Mind|p2a: Cresselia
|-boost|p2a: Cresselia|spa|1
|-boost|p2a: Cresselia|spd|0
|
|upkeep
|turn|36
|
|t:|1769300200
|move|p1a: Hatterene|Mystical Fire|p2a: Cresselia
|-damage|p2a: Cresselia|20/100 par
|-unboost|p2a: Cresselia|spa|1
|move|p2a: Cresselia|Moonblast|p1a: Hatterene
|-damage|p1a: Hatterene|18/100
|
|-end|p2a: Cresselia|move: Heal Block
|upkeep
|turn|37
|
|t:|1769300204
|move|p1a: Hatterene|Psychic Noise|p2a: Cresselia
|-resisted|p2a: Cresselia
|-damage|p2a: Cresselia|16/100 par
|-start|p2a: Cresselia|move: Heal Block
|move|p2a: Cresselia|Stored Power|p1a: Hatterene
|-resisted|p1a: Hatterene
|-damage|p1a: Hatterene|0 fnt
|faint|p1a: Hatterene
|
|upkeep
|
|t:|1769300208
|switch|p1a: Zamazenta|Zamazenta|100/100
|-ability|p1a: Zamazenta|Dauntless Shield|boost
|-boost|p1a: Zamazenta|def|1
|turn|38
|
|t:|1769300211
|-terastallize|p1a: Zamazenta|Dark
|move|p1a: Zamazenta|Crunch|p2a: Cresselia
|-supereffective|p2a: Cresselia
|-damage|p2a: Cresselia|0 fnt
|faint|p2a: Cresselia
|
|win|Audio Peel
|raw|Audio Peel's rating: 1760 &rarr; <strong>1781</strong><br />(+21 for winning)
|raw|Obling's rating: 1770 &rarr; <strong>1749</strong><br />(-21 for losing)
|l|☆Audio Peel
|player|p1|
|l|☆Obling
|player|p2|
