|j|‽bryan_184v
|j|☆biggruse04
|t:|1769363382
|gametype|singles
|player|p1|bryan_184v|265|1141
|player|p2|biggruse04|lady-gen4|1189
|gen|9
|tier|[Gen 9] OU
|rated|
|rule|HP Percentage Mod: HP is shown in percentages
|rule|Endless Battle Clause: Forcing endless battles is banned
|rule|Species Clause: Limit one of each Pokémon
|rule|OHKO Clause: OHKO moves are banned
|rule|Evasion Items Clause: Evasion items are banned
|rule|Evasion Moves Clause: Evasion moves are banned
|rule|Evasion Abilities Clause: Evasion abilities are banned
|rule|Sleep Moves Clause: Sleep-inducing moves are banned
|clearpoke
|poke|p1|Clefable, F|
|poke|p1|Gengar, F|
|poke|p1|Skarmory, M|
|poke|p1|Donphan, M|
|poke|p1|Umbreon, M|
|poke|p1|Mienshao, F|
|poke|p2|Zapdos-Galar|
|poke|p2|Ting-Lu|
|poke|p2|Iron Valiant|
|poke|p2|Cinderace, F|
|poke|p2|Quaquaval, M|
|poke|p2|Dragonite, F|
|teampreview
|
|t:|1769363392
|teamsize|p1|6
|teamsize|p2|6
|start
|switch|p1a: Skarmory|Skarmory, M|100/100
|switch|p2a: Quaquaval|Quaquaval, M, shiny|100/100
|turn|1
|inactive|Battle timer is ON: inactive players will automatically lose when time's up. (requested by bryan_184v)
|
|t:|1769363396
|move|p2a: Quaquaval|Swords Dance|p2a: Quaquaval
|-boost|p2a: Quaquaval|atk|2
|move|p1a: Skarmory|Spikes|p2a: Quaquaval
|-sidestart|p2: biggruse04|Spikes
|
|upkeep
|turn|2
|
|t:|1769363400
|move|p2a: Quaquaval|Aqua Step|p1a: Skarmory
|-damage|p1a: Skarmory|37/100
|-boost|p2a: Quaquaval|spe|1
|-damage|p2a: Quaquaval|91/100|[from] item: Life Orb
|move|p1a: Skarmory|Stealth Rock|p2a: Quaquaval
|-sidestart|p2: biggruse04|move: Stealth Rock
|
|-heal|p1a: Skarmory|43/100|[from] item: Leftovers
|upkeep
|turn|3
|
|t:|1769363405
|move|p2a: Quaquaval|Aqua Step|p1a: Skarmory
|-damage|p1a: Skarmory|0 fnt
|-boost|p2a: Quaquaval|spe|1
|faint|p1a: Skarmory
|-ability|p2a: Quaquaval|Moxie|boost
|-boost|p2a: Quaquaval|atk|1
|-damage|p2a: Quaquaval|81/100|[from] item: Life Orb
|
|upkeep
|
|t:|1769363413
|switch|p1a: Donphan|Donphan, M|100/100
|turn|4
|
|t:|1769363417
|move|p2a: Quaquaval|Aqua Step|p1a: Donphan
|-supereffective|p1a: Donphan
|-ability|p1a: Donphan|Sturdy
|-damage|p1a: Donphan|1/100
|-boost|p2a: Quaquaval|spe|1
|-damage|p2a: Quaquaval|71/100|[from] item: Life Orb
|move|p1a: Donphan|Knock Off|p2a: Quaquaval
|-resisted|p2a: Quaquaval
|-damage|p2a: Quaquaval|53/100
|-enditem|p2a: Quaquaval|Life Orb|[from] move: Knock Off|[of] p1a: Donphan
|
|upkeep
|turn|5
|
|t:|1769363427
|move|p1a: Donphan|Ice Shard|p2a: Quaquaval
|-resisted|p2a: Quaquaval
|-damage|p2a: Quaquaval|45/100
|move|p2a: Quaquaval|Triple Axel|p1a: Donphan
|-supereffective|p1a: Donphan
|-damage|p1a: Donphan|0 fnt
|faint|p1a: Donphan
|-ability|p2a: Quaquaval|Moxie|boost
|-boost|p2a: Quaquaval|atk|1
|-hitcount|p1: Donphan|1
|
|upkeep
|
|t:|1769363435
|switch|p1a: Clefable|Clefable, F|100/100
|turn|6
|
|t:|1769363445
|move|p2a: Quaquaval|Aqua Step|p1a: Clefable
|-damage|p1a: Clefable|0 fnt
|-boost|p2a: Quaquaval|spe|1
|faint|p1a: Clefable
|-ability|p2a: Quaquaval|Moxie|boost
|-boost|p2a: Quaquaval|atk|1
|
|upkeep
|
|t:|1769363459
|switch|p1a: Mienshao|Mienshao, F|100/100
|turn|7
|
|t:|1769363464
|move|p1a: Mienshao|Fake Out|p2a: Quaquaval
|-damage|p2a: Quaquaval|23/100
|-damage|p1a: Mienshao|91/100|[from] item: Life Orb
|cant|p2a: Quaquaval|flinch
|
|upkeep
|turn|8
|
|t:|1769363476
|switch|p1a: Umbreon|Umbreon, M|100/100
|move|p2a: Quaquaval|Aqua Step|p1a: Umbreon
|-damage|p1a: Umbreon|0 fnt
|-boost|p2a: Quaquaval|spe|1
|faint|p1a: Umbreon
|-ability|p2a: Quaquaval|Moxie|boost
|-boost|p2a: Quaquaval|atk|1
|
|upkeep
|
|t:|1769363479
|switch|p1a: Mienshao|Mienshao, F|100/100
|turn|9
|
|t:|1769363487
|move|p1a: Mienshao|Fake Out|p2a: Quaquaval
|-damage|p2a: Quaquaval|1/100
|-damage|p1a: Mienshao|91/100|[from] item: Life Orb
|cant|p2a: Quaquaval|flinch
|
|upkeep
|turn|10
|
|t:|1769363493
|switch|p1a: Gengar|Gengar, F|100/100
|move|p2a: Quaquaval|Aqua Step|p1a: Gengar
|-damage|p1a: Gengar|0 fnt
|-boost|p2a: Quaquaval|spe|1
|-start|p2a: Quaquaval|Disable|Aqua Step|[from] ability: Cursed Body|[of] p1a: Gengar
|faint|p1a: Gengar
|
|upkeep
|
|t:|1769363494
|switch|p1a: Mienshao|Mienshao, F|100/100
|turn|11
|
|t:|1769363502
|move|p1a: Mienshao|Fake Out|p2a: Quaquaval
|-damage|p2a: Quaquaval|0 fnt
|faint|p2a: Quaquaval
|-damage|p1a: Mienshao|91/100|[from] item: Life Orb
|
|upkeep
|
|t:|1769363505
|switch|p2a: Dragonite|Dragonite, F, shiny|100/100
|turn|12
|
|t:|1769363512
|-terastallize|p1a: Mienshao|Fighting
|move|p2a: Dragonite|Extreme Speed|p1a: Mienshao
|-damage|p1a: Mienshao|28/100
|move|p1a: Mienshao|Knock Off|p2a: Dragonite
|-damage|p2a: Dragonite|79/100
|-enditem|p2a: Dragonite|Heavy-Duty Boots|[from] move: Knock Off|[of] p1a: Mienshao
|-damage|p1a: Mienshao|18/100|[from] item: Life Orb
|
|upkeep
|turn|13
|-message|bryan_184v forfeited.
|
|win|biggruse04
|raw|bryan_184v's rating: 1141 &rarr; <strong>1119</strong><br />(-22 for losing)
|raw|biggruse04's rating: 1189 &rarr; <strong>1211</strong><br />(+22 for winning)
|l|‽bryan_184v
|player|p1|
