|j|☆MeGunnaandWheezy
|j|☆aver_stall_enjoyer
|t:|1769312416
|gametype|singles
|player|p1|MeGunnaandWheezy|camper-gen2|1538
|player|p2|aver_stall_enjoyer|dawn|1555
|gen|9
|tier|[Gen 9] OU
|rated|
|rule|HP Percentage Mod: HP is shown in percentages
|rule|Endless Battle Clause: Forcing endless battles is banned
|rule|Species Clause: Limit one of each Pokémon
|rule|OHKO Clause: OHKO moves are banned
|rule|Evasion Items Clause: Evasion items are banned
|rule|Evasion Moves Clause: Evasion moves are banned
|rule|Evasion Abilities Clause: Evasion abilities are banned
|rule|Sleep Moves Clause: Sleep-inducing moves are banned
|clearpoke
|poke|p1|Walking Wake|
|poke|p1|Cresselia, F|
|poke|p1|Great Tusk|
|poke|p1|Victreebel, F|
|poke|p1|Hatterene, F|
|poke|p1|Torkoal, F|
|poke|p2|Dondozo, M|
|poke|p2|Blissey, F|
|poke|p2|Corviknight, F|
|poke|p2|Gliscor, M|
|poke|p2|Gholdengo|
|poke|p2|Garganacl, F|
|teampreview
|
|t:|1769312426
|teamsize|p1|6
|teamsize|p2|6
|start
|switch|p1a: Torkoal|Torkoal, F|100/100
|switch|p2a: Garganacl|Garganacl, F|100/100
|-weather|SunnyDay|[from] ability: Drought|[of] p1a: Torkoal
|turn|1
|inactive|Battle timer is ON: inactive players will automatically lose when time's up. (requested by aver_stall_enjoyer)
|
|t:|1769312429
|switch|p1a: Hatterene|Hatterene, F|100/100
|move|p2a: Garganacl|Salt Cure|p1a: Hatterene
|-damage|p1a: Hatterene|88/100
|-start|p1a: Hatterene|Salt Cure
|-enditem|p1a: Hatterene|Eject Button
|
|t:|1769312434
|switch|p1a: Victreebel|Victreebel, F, shiny|100/100
|
|-weather|SunnyDay|[upkeep]
|upkeep
|turn|2
|
|t:|1769312438
|move|p2a: Garganacl|Protect|p2a: Garganacl
|-singleturn|p2a: Garganacl|Protect
|move|p1a: Victreebel|Growth|p1a: Victreebel
|-boost|p1a: Victreebel|atk|2
|-boost|p1a: Victreebel|spa|2
|
|-weather|SunnyDay|[upkeep]
|upkeep
|turn|3
|
|t:|1769312446
|switch|p2a: Dondozo|Dondozo, M|100/100
|move|p1a: Victreebel|Power Whip|p2a: Dondozo
|-supereffective|p2a: Dondozo
|-damage|p2a: Dondozo|28/100
|-damage|p1a: Victreebel|91/100|[from] item: Life Orb
|
|-weather|SunnyDay|[upkeep]
|upkeep
|turn|4
|
|t:|1769312460
|switch|p2a: Corviknight|Corviknight, F|100/100
|-ability|p2a: Corviknight|Pressure
|move|p1a: Victreebel|Power Whip|p2a: Corviknight
|-resisted|p2a: Corviknight
|-damage|p2a: Corviknight|79/100
|-damage|p1a: Victreebel|74/100|[from] item: Rocky Helmet|[of] p2a: Corviknight
|-damage|p1a: Victreebel|64/100|[from] item: Life Orb
|
|-weather|SunnyDay|[upkeep]
|upkeep
|turn|5
|
|t:|1769312467
|move|p1a: Victreebel|Weather Ball|p2a: Corviknight
|-supereffective|p2a: Corviknight
|-damage|p2a: Corviknight|0 fnt
|faint|p2a: Corviknight
|-damage|p1a: Victreebel|54/100|[from] item: Life Orb
|
|-weather|SunnyDay|[upkeep]
|upkeep
|
|t:|1769312476
|switch|p2a: Gliscor|Gliscor, M|100/100
|turn|6
|
|t:|1769312479
|move|p2a: Gliscor|Protect|p2a: Gliscor
|-singleturn|p2a: Gliscor|Protect
|move|p1a: Victreebel|Power Whip|p2a: Gliscor
|-activate|p2a: Gliscor|move: Protect
|
|-weather|SunnyDay|[upkeep]
|-status|p2a: Gliscor|tox|[from] item: Toxic Orb
|upkeep
|turn|7
|
|t:|1769312486
|switch|p2a: Dondozo|Dondozo, M|28/100
|move|p1a: Victreebel|Power Whip|p2a: Dondozo
|-supereffective|p2a: Dondozo
|-damage|p2a: Dondozo|0 fnt
|faint|p2a: Dondozo
|-damage|p1a: Victreebel|44/100|[from] item: Life Orb
|
|-weather|SunnyDay|[upkeep]
|upkeep
|
|t:|1769312488
|switch|p2a: Garganacl|Garganacl, F|100/100
|turn|8
|
|t:|1769312498
|-terastallize|p2a: Garganacl|Fairy
|move|p1a: Victreebel|Growth|p1a: Victreebel
|-boost|p1a: Victreebel|atk|2
|-boost|p1a: Victreebel|spa|2
|move|p2a: Garganacl|Salt Cure|p1a: Victreebel
|-damage|p1a: Victreebel|20/100
|-start|p1a: Victreebel|Salt Cure
|
|-weather|none
|-damage|p1a: Victreebel|8/100|[from] Salt Cure
|upkeep
|turn|9
|
|t:|1769312502
|switch|p1a: Torkoal|Torkoal, F|100/100
|-weather|SunnyDay|[from] ability: Drought|[of] p1a: Torkoal
|move|p2a: Garganacl|Protect||[still]
|-fail|p2a: Garganacl
|
|-weather|SunnyDay|[upkeep]
|upkeep
|turn|10
|
|t:|1769312508
|switch|p1a: Hatterene|Hatterene, F|88/100
|move|p2a: Garganacl|Salt Cure|p1a: Hatterene
|-damage|p1a: Hatterene|77/100
|-start|p1a: Hatterene|Salt Cure
|
|-weather|SunnyDay|[upkeep]
|-damage|p1a: Hatterene|65/100|[from] Salt Cure
|upkeep
|turn|11
|
|t:|1769312515
|move|p2a: Garganacl|Protect|p2a: Garganacl
|-singleturn|p2a: Garganacl|Protect
|move|p1a: Hatterene|Psychic Noise|p2a: Garganacl
|-activate|p2a: Garganacl|move: Protect
|
|-weather|SunnyDay|[upkeep]
|-damage|p1a: Hatterene|52/100|[from] Salt Cure
|upkeep
|turn|12
|
|t:|1769312519
|switch|p2a: Gholdengo|Gholdengo|100/100
|-item|p2a: Gholdengo|Air Balloon
|move|p1a: Hatterene|Psychic Noise|p2a: Gholdengo
|-resisted|p2a: Gholdengo
|-damage|p2a: Gholdengo|85/100
|-start|p2a: Gholdengo|move: Heal Block
|-enditem|p2a: Gholdengo|Air Balloon
|
|-weather|SunnyDay|[upkeep]
|-damage|p1a: Hatterene|40/100|[from] Salt Cure
|upkeep
|turn|13
|
|t:|1769312529
|move|p2a: Gholdengo|Shadow Ball|p1a: Hatterene
|-supereffective|p1a: Hatterene
|-damage|p1a: Hatterene|0 fnt
|faint|p1a: Hatterene
|
|-weather|SunnyDay|[upkeep]
|-end|p2a: Gholdengo|move: Heal Block
|upkeep
|
|t:|1769312541
|switch|p1a: Walking Wake|Walking Wake|100/100
|-activate|p1a: Walking Wake|ability: Protosynthesis
|-start|p1a: Walking Wake|protosynthesisspe
|turn|14
|
|t:|1769312550
|move|p1a: Walking Wake|Flip Turn|p2a: Gholdengo
|-damage|p2a: Gholdengo|78/100
|
|t:|1769312553
|-end|p1a: Walking Wake|Protosynthesis|[silent]
|switch|p1a: Cresselia|Cresselia, F, shiny|100/100|[from] Flip Turn
|move|p2a: Gholdengo|Shadow Ball|p1a: Cresselia
|-supereffective|p1a: Cresselia
|-damage|p1a: Cresselia|68/100
|
|-weather|SunnyDay|[upkeep]
|upkeep
|turn|15
|
|t:|1769312577
|move|p2a: Gholdengo|Nasty Plot|p2a: Gholdengo
|-boost|p2a: Gholdengo|spa|2
|move|p1a: Cresselia|Moonlight|p1a: Cresselia
|-heal|p1a: Cresselia|100/100
|
|-weather|SunnyDay|[upkeep]
|upkeep
|turn|16
|
|t:|1769312580
|move|p2a: Gholdengo|Shadow Ball|p1a: Cresselia
|-supereffective|p1a: Cresselia
|-damage|p1a: Cresselia|32/100
|move|p1a: Cresselia|Trick Room|p1a: Cresselia
|-fieldstart|move: Trick Room|[of] p1a: Cresselia
|
|-weather|none
|upkeep
|turn|17
|
|t:|1769312584
|move|p1a: Cresselia|Lunar Dance|p1a: Cresselia
|faint|p1a: Cresselia
|move|p2a: Gholdengo|Shadow Ball|p1: Cresselia|[notarget]
|-fail|p2a: Gholdengo
|
|upkeep
|
|t:|1769312586
|switch|p1a: Torkoal|Torkoal, F|100/100
|-weather|SunnyDay|[from] ability: Drought|[of] p1a: Torkoal
|turn|18
|
|t:|1769312589
|switch|p2a: Joseph Stallin|Blissey, F|100/100
|move|p1a: Torkoal|Eruption|p2a: Joseph Stallin
|-damage|p2a: Joseph Stallin|70/100
|
|-weather|SunnyDay|[upkeep]
|upkeep
|turn|19
|
|t:|1769312593
|move|p1a: Torkoal|Stealth Rock|p2a: Joseph Stallin
|-sidestart|p2: aver_stall_enjoyer|move: Stealth Rock
|move|p2a: Joseph Stallin|Thunder Wave|p1a: Torkoal
|-status|p1a: Torkoal|par
|
|-weather|SunnyDay|[upkeep]
|upkeep
|turn|20
|
|t:|1769312596
|switch|p1a: Great Tusk|Great Tusk|100/100
|-activate|p1a: Great Tusk|ability: Protosynthesis
|-start|p1a: Great Tusk|protosynthesisspe
|move|p2a: Joseph Stallin|Soft-Boiled|p2a: Joseph Stallin
|-heal|p2a: Joseph Stallin|100/100
|
|-weather|SunnyDay|[upkeep]
|-fieldend|move: Trick Room
|upkeep
|turn|21
|
|t:|1769312601
|switch|p2a: Garganacl|Garganacl, F, tera:Fairy|100/100
|-damage|p2a: Garganacl|88/100|[from] Stealth Rock
|move|p1a: Great Tusk|Bulk Up|p1a: Great Tusk
|-boost|p1a: Great Tusk|atk|1
|-boost|p1a: Great Tusk|def|1
|
|-weather|SunnyDay|[upkeep]
|-heal|p2a: Garganacl|94/100|[from] item: Leftovers
|upkeep
|turn|22
|
|t:|1769312606
|move|p1a: Great Tusk|Headlong Rush|p2a: Garganacl
|-damage|p2a: Garganacl|48/100
|-unboost|p1a: Great Tusk|def|1
|-unboost|p1a: Great Tusk|spd|1
|move|p2a: Garganacl|Salt Cure|p1a: Great Tusk
|-resisted|p1a: Great Tusk
|-damage|p1a: Great Tusk|98/100
|-start|p1a: Great Tusk|Salt Cure
|
|-weather|SunnyDay|[upkeep]
|-heal|p1a: Great Tusk|100/100|[from] item: Leftovers
|-heal|p2a: Garganacl|54/100|[from] item: Leftovers
|-damage|p1a: Great Tusk|88/100|[from] Salt Cure
|upkeep
|turn|23
|
|t:|1769312608
|move|p1a: Great Tusk|Bulk Up|p1a: Great Tusk
|-boost|p1a: Great Tusk|atk|1
|-boost|p1a: Great Tusk|def|1
|move|p2a: Garganacl|Recover|p2a: Garganacl
|-heal|p2a: Garganacl|100/100
|
|-weather|SunnyDay|[upkeep]
|-heal|p1a: Great Tusk|94/100|[from] item: Leftovers
|-damage|p1a: Great Tusk|82/100|[from] Salt Cure
|upkeep
|turn|24
|
|t:|1769312611
|move|p2a: Garganacl|Protect|p2a: Garganacl
|-singleturn|p2a: Garganacl|Protect
|move|p1a: Great Tusk|Bulk Up|p1a: Great Tusk
|-boost|p1a: Great Tusk|atk|1
|-boost|p1a: Great Tusk|def|1
|
|-weather|SunnyDay|[upkeep]
|-heal|p1a: Great Tusk|88/100|[from] item: Leftovers
|-damage|p1a: Great Tusk|76/100|[from] Salt Cure
|upkeep
|turn|25
|
|t:|1769312621
|switch|p2a: Gliscor|Gliscor, M|100/100 tox
|-damage|p2a: Gliscor|88/100 tox|[from] Stealth Rock
|move|p1a: Great Tusk|Rapid Spin|p2a: Gliscor
|-damage|p2a: Gliscor|58/100 tox
|-boost|p1a: Great Tusk|spe|1
|
|-weather|none
|-end|p1a: Great Tusk|Protosynthesis
|-heal|p1a: Great Tusk|82/100|[from] item: Leftovers
|-heal|p2a: Gliscor|71/100 tox|[from] ability: Poison Heal
|-damage|p1a: Great Tusk|69/100|[from] Salt Cure
|upkeep
|turn|26
|
|t:|1769312625
|move|p1a: Great Tusk|Head Smash|p2a: Gliscor|[miss]
|-miss|p1a: Great Tusk|p2a: Gliscor
|move|p2a: Gliscor|Knock Off|p1a: Great Tusk
|-resisted|p1a: Great Tusk
|-damage|p1a: Great Tusk|66/100
|-enditem|p1a: Great Tusk|Leftovers|[from] move: Knock Off|[of] p2a: Gliscor
|
|-heal|p2a: Gliscor|83/100 tox|[from] ability: Poison Heal
|-damage|p1a: Great Tusk|53/100|[from] Salt Cure
|upkeep
|turn|27
|
|t:|1769312629
|move|p2a: Gliscor|Protect|p2a: Gliscor
|-singleturn|p2a: Gliscor|Protect
|move|p1a: Great Tusk|Head Smash|p2a: Gliscor
|-activate|p2a: Gliscor|move: Protect
|
|-heal|p2a: Gliscor|96/100 tox|[from] ability: Poison Heal
|-damage|p1a: Great Tusk|41/100|[from] Salt Cure
|upkeep
|turn|28
|
|t:|1769312653
|move|p1a: Great Tusk|Head Smash|p2a: Gliscor
|-damage|p2a: Gliscor|9/100 tox
|-damage|p1a: Great Tusk|6/100|[from] Recoil
|move|p2a: Gliscor|Spikes|p1a: Great Tusk
|-sidestart|p1: MeGunnaandWheezy|Spikes
|
|-heal|p2a: Gliscor|21/100 tox|[from] ability: Poison Heal
|-damage|p1a: Great Tusk|0 fnt|[from] Salt Cure
|faint|p1a: Great Tusk
|-end|p1a: Great Tusk|Protosynthesis|[silent]
|upkeep
|
|t:|1769312656
|switch|p1a: Victreebel|Victreebel, F, shiny|8/100
|-heal|p1a: Victreebel|100/100|[from] move: Lunar Dance
|-damage|p1a: Victreebel|88/100|[from] Spikes
|turn|29
|
|t:|1769312669
|move|p2a: Gliscor|Protect|p2a: Gliscor
|-singleturn|p2a: Gliscor|Protect
|move|p1a: Victreebel|Power Whip|p2a: Gliscor
|-activate|p2a: Gliscor|move: Protect
|
|-heal|p2a: Gliscor|34/100 tox|[from] ability: Poison Heal
|upkeep
|turn|30
|
|t:|1769312674
|switch|p2a: Garganacl|Garganacl, F, tera:Fairy|100/100
|-damage|p2a: Garganacl|88/100|[from] Stealth Rock
|move|p1a: Victreebel|Power Whip|p2a: Garganacl|[miss]
|-miss|p1a: Victreebel|p2a: Garganacl
|
|-heal|p2a: Garganacl|94/100|[from] item: Leftovers
|upkeep
|turn|31
|
|t:|1769312683
|switch|p1a: Torkoal|Torkoal, F|100/100 par
|-damage|p1a: Torkoal|88/100 par|[from] Spikes
|-weather|SunnyDay|[from] ability: Drought|[of] p1a: Torkoal
|move|p2a: Garganacl|Stealth Rock|p1a: Torkoal
|-sidestart|p1: MeGunnaandWheezy|move: Stealth Rock
|
|-weather|SunnyDay|[upkeep]
|-heal|p2a: Garganacl|100/100|[from] item: Leftovers
|upkeep
|turn|32
|
|t:|1769312688
|switch|p1a: Victreebel|Victreebel, F, shiny|88/100
|-damage|p1a: Victreebel|76/100|[from] Spikes
|-damage|p1a: Victreebel|64/100|[from] Stealth Rock
|move|p2a: Garganacl|Protect||[still]
|-fail|p2a: Garganacl
|
|-weather|SunnyDay|[upkeep]
|upkeep
|turn|33
|
|t:|1769312693
|move|p1a: Victreebel|Growth|p1a: Victreebel
|-boost|p1a: Victreebel|atk|2
|-boost|p1a: Victreebel|spa|2
|move|p2a: Garganacl|Salt Cure|p1a: Victreebel
|-damage|p1a: Victreebel|42/100
|-start|p1a: Victreebel|Salt Cure
|
|-weather|SunnyDay|[upkeep]
|-damage|p1a: Victreebel|29/100|[from] Salt Cure
|upkeep
|turn|34
|
|t:|1769312696
|move|p2a: Garganacl|Protect|p2a: Garganacl
|-singleturn|p2a: Garganacl|Protect
|move|p1a: Victreebel|Power Whip|p2a: Garganacl
|-activate|p2a: Garganacl|move: Protect
|
|-weather|SunnyDay|[upkeep]
|-damage|p1a: Victreebel|17/100|[from] Salt Cure
|upkeep
|turn|35
|
|t:|1769312702
|switch|p2a: Gliscor|Gliscor, M|34/100 tox
|-damage|p2a: Gliscor|21/100 tox|[from] Stealth Rock
|move|p1a: Victreebel|Weather Ball|p2a: Gliscor
|-damage|p2a: Gliscor|0 fnt
|faint|p2a: Gliscor
|-damage|p1a: Victreebel|7/100|[from] item: Life Orb
|
|-weather|SunnyDay|[upkeep]
|-damage|p1a: Victreebel|0 fnt|[from] Salt Cure
|faint|p1a: Victreebel
|upkeep
|
|t:|1769312706
|switch|p1a: Walking Wake|Walking Wake|100/100
|switch|p2a: Garganacl|Garganacl, F, tera:Fairy|100/100
|-damage|p1a: Walking Wake|88/100|[from] Spikes
|-damage|p1a: Walking Wake|76/100|[from] Stealth Rock
|-damage|p2a: Garganacl|88/100|[from] Stealth Rock
|-activate|p1a: Walking Wake|ability: Protosynthesis
|-start|p1a: Walking Wake|protosynthesisspe
|turn|36
|
|t:|1769312711
|-terastallize|p1a: Walking Wake|Water
|move|p1a: Walking Wake|Hydro Steam|p2a: Garganacl
|-damage|p2a: Garganacl|3/100
|move|p2a: Garganacl|Salt Cure|p1a: Walking Wake
|-damage|p1a: Walking Wake|62/100
|-start|p1a: Walking Wake|Salt Cure
|
|-weather|SunnyDay|[upkeep]
|-heal|p2a: Garganacl|10/100|[from] item: Leftovers
|-damage|p1a: Walking Wake|37/100|[from] Salt Cure
|upkeep
|turn|37
|-message|MeGunnaandWheezy forfeited.
|
|win|aver_stall_enjoyer
|raw|MeGunnaandWheezy's rating: 1538 &rarr; <strong>1519</strong><br />(-19 for losing)
|raw|aver_stall_enjoyer's rating: 1555 &rarr; <strong>1574</strong><br />(+19 for winning)
|l|☆MeGunnaandWheezy
|player|p1|
|l|☆aver_stall_enjoyer
|player|p2|
