|j|☆BigDGoose
|j|☆Hhoottddoogg
|t:|1769381434
|gametype|singles
|player|p1|BigDGoose|hooligans|1148
|player|p2|Hhoottddoogg|2|1194
|gen|9
|tier|[Gen 9] OU
|rated|
|rule|HP Percentage Mod: HP is shown in percentages
|rule|Endless Battle Clause: Forcing endless battles is banned
|rule|Species Clause: Limit one of each Pokémon
|rule|OHKO Clause: OHKO moves are banned
|rule|Evasion Items Clause: Evasion items are banned
|rule|Evasion Moves Clause: Evasion moves are banned
|rule|Evasion Abilities Clause: Evasion abilities are banned
|rule|Sleep Moves Clause: Sleep-inducing moves are banned
|clearpoke
|poke|p1|Heracross, M|
|poke|p1|Meowscarada, F|
|poke|p1|Mandibuzz, F|
|poke|p1|Rotom-Wash|
|poke|p1|Regirock|
|poke|p1|Armarouge, F|
|poke|p2|Serperior, M|
|poke|p2|Kingambit, F|
|poke|p2|Vikavolt, F|
|poke|p2|Empoleon, F|
|poke|p2|Slowbro-Galar, F|
|poke|p2|Moltres-Galar|
|teampreview
|
|t:|1769381452
|teamsize|p1|6
|teamsize|p2|6
|start
|switch|p1a: Rotom|Rotom-Wash|100/100
|switch|p2a: Empoleon|Empoleon, F|100/100
|turn|1
|
|t:|1769381502
|move|p1a: Rotom|Thunderbolt|p2a: Empoleon
|-supereffective|p2a: Empoleon
|-damage|p2a: Empoleon|53/100
|move|p2a: Empoleon|Surf|p1a: Rotom
|-resisted|p1a: Rotom
|-damage|p1a: Rotom|74/100
|
|-heal|p1a: Rotom|80/100|[from] item: Leftovers
|upkeep
|turn|2
|
|t:|1769381508
|switch|p2a: Vikavolt|Vikavolt, F|100/100
|move|p1a: Rotom|Thunder Wave|p2a: Vikavolt
|-immune|p2a: Vikavolt
|
|-heal|p1a: Rotom|86/100|[from] item: Leftovers
|upkeep
|turn|3
|
|t:|1769381511
|move|p1a: Rotom|Hydro Pump|p2a: Vikavolt
|-damage|p2a: Vikavolt|36/100
|move|p2a: Vikavolt|Sticky Web|p1a: Rotom
|-sidestart|p1: BigDGoose|move: Sticky Web
|
|-heal|p1a: Rotom|92/100|[from] item: Leftovers
|upkeep
|turn|4
|
|t:|1769381518
|switch|p2a: Serperior|Serperior, M|100/100
|move|p1a: Rotom|Thunderbolt|p2a: Serperior
|-resisted|p2a: Serperior
|-crit|p2a: Serperior
|-damage|p2a: Serperior|62/100
|-status|p2a: Serperior|par
|
|-heal|p1a: Rotom|98/100|[from] item: Leftovers
|upkeep
|turn|5
|
|t:|1769381522
|switch|p1a: Mandibuzz|Mandibuzz, F|100/100
|move|p2a: Serperior|Leaf Storm|p1a: Mandibuzz
|-resisted|p1a: Mandibuzz
|-damage|p1a: Mandibuzz|82/100
|-boost|p2a: Serperior|spa|2
|
|upkeep
|turn|6
|
|t:|1769381528
|move|p1a: Mandibuzz|Defog|p2a: Serperior
|-boost|p2a: Serperior|evasion|1
|-sideend|p1: BigDGoose|Sticky Web|[from] move: Defog|[of] p1a: Mandibuzz
|cant|p2a: Serperior|par
|
|upkeep
|turn|7
|
|t:|1769381531
|move|p1a: Mandibuzz|Foul Play|p2a: Serperior
|-damage|p2a: Serperior|35/100 par
|move|p2a: Serperior|Glare|p1a: Mandibuzz
|-status|p1a: Mandibuzz|par
|
|upkeep
|turn|8
|
|t:|1769381534
|cant|p2a: Serperior|par
|cant|p1a: Mandibuzz|par
|
|upkeep
|turn|9
|
|t:|1769381538
|move|p2a: Serperior|Leaf Storm|p1a: Mandibuzz
|-resisted|p1a: Mandibuzz
|-damage|p1a: Mandibuzz|47/100 par
|-boost|p2a: Serperior|spa|2
|move|p1a: Mandibuzz|Foul Play|p2a: Serperior
|-damage|p2a: Serperior|6/100 par
|
|upkeep
|turn|10
|
|t:|1769381544
|move|p2a: Serperior|Leaf Storm|p1a: Mandibuzz
|-resisted|p1a: Mandibuzz
|-damage|p1a: Mandibuzz|0 fnt
|-boost|p2a: Serperior|spa|2
|faint|p1a: Mandibuzz
|
|upkeep
|
|t:|1769381547
|switch|p1a: Meowscarada|Meowscarada, F|100/100
|turn|11
|
|t:|1769381550
|move|p1a: Meowscarada|U-turn|p2a: Serperior
|-start|p1a: Meowscarada|typechange|Bug|[from] ability: Protean
|-supereffective|p2a: Serperior
|-damage|p2a: Serperior|0 fnt
|faint|p2a: Serperior
|
|t:|1769381552
|switch|p1a: Heracross|Heracross, M|100/100|[from] U-turn
|
|-status|p1a: Heracross|brn|[from] item: Flame Orb
|upkeep
|
|t:|1769381558
|switch|p2a: Moltres|Moltres-Galar|100/100
|turn|12
|
|t:|1769381566
|-terastallize|p1a: Heracross|Fairy
|move|p1a: Heracross|Close Combat|p2a: Moltres
|-damage|p2a: Moltres|0 fnt
|-unboost|p1a: Heracross|def|1
|-unboost|p1a: Heracross|spd|1
|faint|p2a: Moltres
|
|-damage|p1a: Heracross|95/100 brn|[from] brn
|upkeep
|
|t:|1769381580
|switch|p2a: Slowbro|Slowbro-Galar, F|100/100
|turn|13
|
|t:|1769381585
|move|p1a: Heracross|Earthquake|p2a: Slowbro
|-supereffective|p2a: Slowbro
|-damage|p2a: Slowbro|11/100
|move|p2a: Slowbro|Shell Side Arm|p1a: Heracross|[anim] Shell Side Arm Special
|-supereffective|p1a: Heracross
|-damage|p1a: Heracross|0 fnt
|-hint|Special Shell Side Arm
|faint|p1a: Heracross
|
|upkeep
|
|t:|1769381592
|switch|p1a: Regirock|Regirock|100/100
|turn|14
|-activate|p2a: Slowbro|item: Quick Claw
|
|t:|1769381608
|move|p2a: Slowbro|Psychic|p1a: Regirock
|-damage|p1a: Regirock|56/100
|move|p1a: Regirock|Rock Tomb|p2a: Slowbro
|-damage|p2a: Slowbro|0 fnt
|faint|p2a: Slowbro
|
|-heal|p1a: Regirock|62/100|[from] item: Leftovers
|upkeep
|
|t:|1769381622
|switch|p2a: Empoleon|Empoleon, F|53/100
|turn|15
|
|t:|1769381626
|move|p2a: Empoleon|Surf|p1a: Regirock
|-supereffective|p1a: Regirock
|-damage|p1a: Regirock|0 fnt
|faint|p1a: Regirock
|
|upkeep
|
|t:|1769381628
|switch|p1a: Meowscarada|Meowscarada, F|100/100
|turn|16
|
|t:|1769381637
|move|p1a: Meowscarada|Knock Off|p2a: Empoleon
|-start|p1a: Meowscarada|typechange|Dark|[from] ability: Protean
|-damage|p2a: Empoleon|0 fnt
|-enditem|p2a: Empoleon|Assault Vest|[from] move: Knock Off|[of] p1a: Meowscarada
|faint|p2a: Empoleon
|
|upkeep
|
|t:|1769381646
|switch|p2a: Kingambit|Kingambit, F|100/100
|turn|17
|
|t:|1769381654
|switch|p1a: Armarouge|Armarouge, F|100/100
|move|p2a: Kingambit|Kowtow Cleave|p1a: Armarouge
|-supereffective|p1a: Armarouge
|-damage|p1a: Armarouge|0 fnt
|faint|p1a: Armarouge
|
|upkeep
|
|t:|1769381659
|switch|p1a: Rotom|Rotom-Wash|98/100
|turn|18
|
|t:|1769381670
|-terastallize|p2a: Kingambit|Dark
|move|p1a: Rotom|Thunder Wave|p2a: Kingambit
|-status|p2a: Kingambit|par
|cant|p2a: Kingambit|par
|
|-heal|p1a: Rotom|100/100|[from] item: Leftovers
|upkeep
|turn|19
|
|t:|1769381675
|move|p1a: Rotom|Thunderbolt|p2a: Kingambit
|-damage|p2a: Kingambit|58/100 par
|move|p2a: Kingambit|Kowtow Cleave|p1a: Rotom
|-damage|p1a: Rotom|5/100
|
|-heal|p1a: Rotom|11/100|[from] item: Leftovers
|upkeep
|turn|20
|
|t:|1769381682
|cant|p2a: Kingambit|par
|move|p1a: Rotom|Thunderbolt|p2a: Kingambit
|-damage|p2a: Kingambit|16/100 par
|
|-heal|p1a: Rotom|18/100|[from] item: Leftovers
|upkeep
|turn|21
|
|t:|1769381686
|move|p2a: Kingambit|Sucker Punch|p1a: Rotom
|-damage|p1a: Rotom|0 fnt
|faint|p1a: Rotom
|
|upkeep
|
|t:|1769381687
|switch|p1a: Meowscarada|Meowscarada, F|100/100
|turn|22
|
|t:|1769381689
|cant|p2a: Kingambit|par
|move|p1a: Meowscarada|U-turn|p2a: Kingambit
|-start|p1a: Meowscarada|typechange|Bug|[from] ability: Protean
|-supereffective|p2a: Kingambit
|-damage|p2a: Kingambit|0 fnt
|faint|p2a: Kingambit
|
|upkeep
|
|t:|1769381691
|switch|p2a: Vikavolt|Vikavolt, F|36/100
|turn|23
|
|t:|1769381693
|move|p1a: Meowscarada|U-turn|p2a: Vikavolt
|-damage|p2a: Vikavolt|0 fnt
|faint|p2a: Vikavolt
|
|win|BigDGoose
|raw|BigDGoose's rating: 1148 &rarr; <strong>1176</strong><br />(+28 for winning)
|raw|Hhoottddoogg's rating: 1194 &rarr; <strong>1166</strong><br />(-28 for losing)
|l|☆Hhoottddoogg
|player|p2|
|l|☆BigDGoose
|player|p1|
