|j|☆bvndf'k
|j|☆floatzeltheking
|t:|1769367451
|gametype|singles
|player|p1|bvndf'k|ghetsis-gen5bw|1073
|player|p2|floatzeltheking|brycen|1091
|gen|9
|tier|[Gen 9] OU
|rated|
|rule|HP Percentage Mod: HP is shown in percentages
|rule|Endless Battle Clause: Forcing endless battles is banned
|rule|Species Clause: Limit one of each Pokémon
|rule|OHKO Clause: OHKO moves are banned
|rule|Evasion Items Clause: Evasion items are banned
|rule|Evasion Moves Clause: Evasion moves are banned
|rule|Evasion Abilities Clause: Evasion abilities are banned
|rule|Sleep Moves Clause: Sleep-inducing moves are banned
|clearpoke
|poke|p1|Dondozo, F|
|poke|p1|Blissey, F|
|poke|p1|Corviknight, F|
|poke|p1|Weezing-Galar, F|
|poke|p1|Gliscor, F|
|poke|p1|Toxapex, M|
|poke|p2|Floatzel, M|
|poke|p2|Krookodile, M|
|poke|p2|Arboliva, F|
|poke|p2|Venomoth, F|
|poke|p2|Pelipper, F|
|poke|p2|Glastrier|
|teampreview
|
|t:|1769367460
|teamsize|p1|6
|teamsize|p2|6
|start
|switch|p1a: Blissey|Blissey, F|100/100
|switch|p2a: Pony|Glastrier|100/100
|turn|1
|
|t:|1769367463
|move|p1a: Blissey|Stealth Rock|p2a: Pony
|-sidestart|p2: floatzeltheking|move: Stealth Rock
|move|p2a: Pony|Swords Dance|p2a: Pony
|-boost|p2a: Pony|atk|2
|
|upkeep
|turn|2
|
|t:|1769367470
|move|p1a: Blissey|Seismic Toss|p2a: Pony
|-damage|p2a: Pony|76/100
|move|p2a: Pony|Swords Dance|p2a: Pony
|-boost|p2a: Pony|atk|2
|
|-heal|p2a: Pony|82/100|[from] item: Leftovers
|upkeep
|turn|3
|
|t:|1769367499
|move|p1a: Blissey|Seismic Toss|p2a: Pony
|-damage|p2a: Pony|57/100
|move|p2a: Pony|Icicle Crash|p1a: Blissey
|-damage|p1a: Blissey|0 fnt
|faint|p1a: Blissey
|-ability|p2a: Pony|Chilling Neigh|boost
|-boost|p2a: Pony|atk|1
|
|-heal|p2a: Pony|63/100|[from] item: Leftovers
|upkeep
|
|t:|1769367506
|switch|p1a: Corviknight|Corviknight, F|100/100
|-ability|p1a: Corviknight|Pressure
|turn|4
|
|t:|1769367514
|-terastallize|p1a: Corviknight|Fighting
|move|p1a: Corviknight|Body Press|p2a: Pony
|-supereffective|p2a: Pony
|-damage|p2a: Pony|14/100
|move|p2a: Pony|Icicle Crash|p1a: Corviknight
|-damage|p1a: Corviknight|0 fnt
|faint|p1a: Corviknight
|-ability|p2a: Pony|Chilling Neigh|boost
|-boost|p2a: Pony|atk|1
|
|-heal|p2a: Pony|20/100|[from] item: Leftovers
|upkeep
|
|t:|1769367529
|switch|p1a: Gliscor|Gliscor, F|100/100
|turn|5
|
|t:|1769367535
|move|p1a: Gliscor|Earthquake|p2a: Pony
|-damage|p2a: Pony|0 fnt
|faint|p2a: Pony
|
|-status|p1a: Gliscor|tox|[from] item: Toxic Orb
|upkeep
|
|t:|1769367542
|switch|p2a: Goatzel|Floatzel, M|100/100
|-damage|p2a: Goatzel|88/100|[from] Stealth Rock
|turn|6
|
|t:|1769367549
|switch|p1a: Toxapex|Toxapex, M|100/100
|move|p2a: Goatzel|Ice Spinner|p1a: Toxapex
|-resisted|p1a: Toxapex
|-damage|p1a: Toxapex|84/100
|
|-heal|p1a: Toxapex|91/100|[from] item: Leftovers
|upkeep
|turn|7
|
|t:|1769367560
|switch|p2a: Akuma|Venomoth, F, shiny|100/100
|move|p1a: Toxapex|Toxic Spikes|p2a: Akuma
|-sidestart|p2: floatzeltheking|move: Toxic Spikes
|
|-heal|p1a: Toxapex|97/100|[from] item: Leftovers
|upkeep
|turn|8
|
|t:|1769367593
|switch|p1a: Weezing|Weezing-Galar, F|100/100
|-ability|p1a: Weezing|Neutralizing Gas
|move|p2a: Akuma|Stun Spore|p1a: Weezing
|-status|p1a: Weezing|par
|
|upkeep
|turn|9
|
|t:|1769367603
|move|p2a: Akuma|Quiver Dance|p2a: Akuma
|-boost|p2a: Akuma|spa|1
|-boost|p2a: Akuma|spd|1
|-boost|p2a: Akuma|spe|1
|move|p1a: Weezing|Will-O-Wisp|p2a: Akuma
|-status|p2a: Akuma|brn
|
|-damage|p2a: Akuma|94/100 brn|[from] brn
|upkeep
|turn|10
|
|t:|1769367610
|-end|p1a: Weezing|ability: Neutralizing Gas
|switch|p1a: Toxapex|Toxapex, M|100/100
|move|p2a: Akuma|Quiver Dance|p2a: Akuma
|-boost|p2a: Akuma|spa|1
|-boost|p2a: Akuma|spd|1
|-boost|p2a: Akuma|spe|1
|
|-damage|p2a: Akuma|88/100 brn|[from] brn
|upkeep
|turn|11
|
|t:|1769367615
|move|p2a: Akuma|Stun Spore|p1a: Toxapex
|-status|p1a: Toxapex|par
|move|p1a: Toxapex|Haze|p1a: Toxapex
|-clearallboost
|
|-damage|p2a: Akuma|82/100 brn|[from] brn
|upkeep
|turn|12
|
|t:|1769367634
|switch|p2a: Pelican|Pelipper, F|100/100
|-damage|p2a: Pelican|76/100|[from] Stealth Rock
|-weather|RainDance|[from] ability: Drizzle|[of] p2a: Pelican
|switch|p1a: Weezing|Weezing-Galar, F|100/100 par
|-ability|p1a: Weezing|Neutralizing Gas
|
|-weather|RainDance|[upkeep]
|upkeep
|turn|13
|
|t:|1769367641
|move|p2a: Pelican|U-turn|p1a: Weezing
|-resisted|p1a: Weezing
|-damage|p1a: Weezing|99/100 par
|
|t:|1769367645
|switch|p2a: Akuma|Venomoth, F, shiny|82/100 brn|[from] U-turn
|-sideend|p2: floatzeltheking|move: Toxic Spikes|[of] p2a: Akuma
|cant|p1a: Weezing|par
|
|-weather|RainDance|[upkeep]
|-damage|p2a: Akuma|76/100 brn|[from] brn
|upkeep
|turn|14
|
|t:|1769367656
|switch|p2a: Swiper|Krookodile, M|100/100
|-damage|p2a: Swiper|94/100|[from] Stealth Rock
|-end|p1a: Weezing|ability: Neutralizing Gas
|-ability|p2a: Swiper|Intimidate|boost
|-unboost|p1a: Weezing|atk|1
|switch|p1a: Toxapex|Toxapex, M|100/100 par
|
|-weather|RainDance|[upkeep]
|upkeep
|turn|15
|
|t:|1769367667
|move|p2a: Swiper|Earthquake|p1a: Toxapex
|-supereffective|p1a: Toxapex
|-damage|p1a: Toxapex|10/100 par
|-damage|p2a: Swiper|84/100|[from] item: Life Orb
|move|p1a: Toxapex|Toxic Spikes|p2a: Swiper
|-sidestart|p2: floatzeltheking|move: Toxic Spikes
|
|-weather|RainDance|[upkeep]
|-heal|p1a: Toxapex|16/100 par|[from] item: Leftovers
|upkeep
|turn|16
|
|t:|1769367675
|switch|p1a: Gliscor|Gliscor, F|100/100 tox
|move|p2a: Swiper|Knock Off|p1a: Gliscor
|-damage|p1a: Gliscor|51/100 tox
|-enditem|p1a: Gliscor|Toxic Orb|[from] move: Knock Off|[of] p2a: Swiper
|-damage|p2a: Swiper|75/100|[from] item: Life Orb
|
|-weather|none
|-heal|p1a: Gliscor|64/100 tox|[from] ability: Poison Heal
|upkeep
|turn|17
|
|t:|1769367686
|move|p1a: Gliscor|Protect|p1a: Gliscor
|-singleturn|p1a: Gliscor|Protect
|move|p2a: Swiper|Knock Off|p1a: Gliscor
|-activate|p1a: Gliscor|move: Protect
|
|-heal|p1a: Gliscor|76/100 tox|[from] ability: Poison Heal
|upkeep
|turn|18
|
|t:|1769367699
|switch|p1a: Weezing|Weezing-Galar, F|99/100 par
|-ability|p1a: Weezing|Neutralizing Gas
|move|p2a: Swiper|Knock Off|p1a: Weezing
|-resisted|p1a: Weezing
|-damage|p1a: Weezing|78/100 par
|-enditem|p1a: Weezing|Heavy-Duty Boots|[from] move: Knock Off|[of] p2a: Swiper
|-damage|p2a: Swiper|65/100|[from] item: Life Orb
|
|upkeep
|turn|19
|
|t:|1769367710
|move|p2a: Swiper|Earthquake|p1a: Weezing
|-supereffective|p1a: Weezing
|-damage|p1a: Weezing|0 fnt
|faint|p1a: Weezing
|-end|p1a: Weezing|ability: Neutralizing Gas
|-damage|p2a: Swiper|55/100|[from] item: Life Orb
|
|upkeep
|
|t:|1769367714
|switch|p1a: Dondozo|Dondozo, F|100/100
|turn|20
|
|t:|1769367718
|switch|p2a: Akuma|Venomoth, F, shiny|76/100 brn
|-sideend|p2: floatzeltheking|move: Toxic Spikes|[of] p2a: Akuma
|move|p1a: Dondozo|Body Press|p2a: Akuma
|-resisted|p2a: Akuma
|-damage|p2a: Akuma|64/100 brn
|
|-damage|p2a: Akuma|58/100 brn|[from] brn
|upkeep
|turn|21
|-message|bvndf'k forfeited.
|
|win|floatzeltheking
|raw|bvndf&apos;k's rating: 1073 &rarr; <strong>1053</strong><br />(-20 for losing)
|raw|floatzeltheking's rating: 1091 &rarr; <strong>1116</strong><br />(+25 for winning)
|l|☆bvndf'k
|player|p1|
|l|☆floatzeltheking
|player|p2|
