|j|☆Tyujhgbnm
|j|☆Randamore
|t:|1769438244
|gametype|singles
|player|p1|Tyujhgbnm|169|1290
|player|p2|Randamore|acetrainer-gen2|1191
|gen|9
|tier|[Gen 9] OU
|rated|
|rule|HP Percentage Mod: HP is shown in percentages
|rule|Endless Battle Clause: Forcing endless battles is banned
|rule|Species Clause: Limit one of each Pokémon
|rule|OHKO Clause: OHKO moves are banned
|rule|Evasion Items Clause: Evasion items are banned
|rule|Evasion Moves Clause: Evasion moves are banned
|rule|Evasion Abilities Clause: Evasion abilities are banned
|rule|Sleep Moves Clause: Sleep-inducing moves are banned
|clearpoke
|poke|p1|Ogerpon-Wellspring, F|
|poke|p1|Ceruledge, F|
|poke|p1|Thundurus-Therian, M|
|poke|p1|Corviknight, M|
|poke|p1|Slowking-Galar, F|
|poke|p1|Tinkaton, F|
|poke|p2|Houndoom, M|
|poke|p2|Flygon, M|
|poke|p2|Scizor, F|
|poke|p2|Umbreon, F|
|poke|p2|Hydrapple, F|
|poke|p2|Lanturn, F|
|teampreview
|
|t:|1769438260
|teamsize|p1|6
|teamsize|p2|6
|start
|switch|p1a: Tinkaton|Tinkaton, F|100/100
|switch|p2a: Flygon|Flygon, M|100/100
|-ability|p1a: Tinkaton|Mold Breaker
|turn|1
|
|t:|1769438272
|switch|p1a: Corviknight|Corviknight, M|100/100
|-terastallize|p2a: Flygon|Ground
|move|p2a: Flygon|Earthquake|p1a: Corviknight
|-immune|p1a: Corviknight
|
|upkeep
|turn|2
|
|t:|1769438283
|switch|p2a: Lanturn|Lanturn, F|100/100
|move|p1a: Corviknight|U-turn|p2a: Lanturn
|-damage|p2a: Lanturn|83/100
|
|t:|1769438304
|switch|p1a: Thundurus|Thundurus-Therian, M|100/100|[from] U-turn
|
|upkeep
|turn|3
|
|t:|1769438326
|move|p1a: Thundurus|Grass Knot|p2a: Lanturn
|-supereffective|p2a: Lanturn
|-damage|p2a: Lanturn|60/100
|move|p2a: Lanturn|Ice Beam|p1a: Thundurus
|-supereffective|p1a: Thundurus
|-damage|p1a: Thundurus|38/100
|
|upkeep
|turn|4
|
|t:|1769438339
|move|p1a: Thundurus|Volt Switch|p2a: Lanturn
|-damage|p2a: Lanturn|34/100
|
|t:|1769438354
|switch|p1a: Ceruledge|Ceruledge, F|100/100|[from] Volt Switch
|move|p2a: Lanturn|Ice Beam|p1a: Ceruledge
|-resisted|p1a: Ceruledge
|-damage|p1a: Ceruledge|85/100
|
|-heal|p1a: Ceruledge|92/100|[from] item: Leftovers
|upkeep
|turn|5
|
|t:|1769438367
|switch|p2a: Umbreon|Umbreon, F|100/100
|move|p1a: Ceruledge|Close Combat|p2a: Umbreon
|-supereffective|p2a: Umbreon
|-damage|p2a: Umbreon|31/100
|-unboost|p1a: Ceruledge|def|1
|-unboost|p1a: Ceruledge|spd|1
|
|-heal|p1a: Ceruledge|98/100|[from] item: Leftovers
|-heal|p2a: Umbreon|38/100|[from] item: Leftovers
|upkeep
|turn|6
|
|t:|1769438384
|move|p2a: Umbreon|Protect|p2a: Umbreon
|-singleturn|p2a: Umbreon|Protect
|move|p1a: Ceruledge|Close Combat|p2a: Umbreon
|-activate|p2a: Umbreon|move: Protect
|
|-heal|p1a: Ceruledge|100/100|[from] item: Leftovers
|-heal|p2a: Umbreon|44/100|[from] item: Leftovers
|upkeep
|turn|7
|
|t:|1769438387
|switch|p2a: Flygon|Flygon, M, tera:Ground|100/100
|move|p1a: Ceruledge|Close Combat|p2a: Flygon
|-damage|p2a: Flygon|41/100
|-unboost|p1a: Ceruledge|def|1
|-unboost|p1a: Ceruledge|spd|1
|
|upkeep
|turn|8
|
|t:|1769438393
|move|p2a: Flygon|First Impression|p1a: Ceruledge
|-resisted|p1a: Ceruledge
|-damage|p1a: Ceruledge|81/100
|move|p1a: Ceruledge|Shadow Sneak|p2a: Flygon
|-damage|p2a: Flygon|14/100
|
|-heal|p1a: Ceruledge|87/100|[from] item: Leftovers
|upkeep
|turn|9
|
|t:|1769438402
|move|p1a: Ceruledge|Shadow Sneak|p2a: Flygon
|-damage|p2a: Flygon|0 fnt
|faint|p2a: Flygon
|
|-heal|p1a: Ceruledge|94/100|[from] item: Leftovers
|upkeep
|
|t:|1769438405
|switch|p2a: Scizor|Scizor, F|100/100
|turn|10
|
|t:|1769438410
|switch|p1a: Corviknight|Corviknight, M|100/100
|move|p2a: Scizor|Knock Off|p1a: Corviknight
|-damage|p1a: Corviknight|73/100
|-damage|p2a: Scizor|84/100|[from] item: Rocky Helmet|[of] p1a: Corviknight
|-enditem|p1a: Corviknight|Rocky Helmet|[from] move: Knock Off|[of] p2a: Scizor
|-damage|p2a: Scizor|74/100|[from] item: Life Orb
|
|upkeep
|turn|11
|-message|Randamore forfeited.
|
|win|Tyujhgbnm
|raw|Tyujhgbnm's rating: 1290 &rarr; <strong>1308</strong><br />(+18 for winning)
|raw|Randamore's rating: 1191 &rarr; <strong>1173</strong><br />(-18 for losing)
|l|☆Randamore
|player|p2|
|l|☆Tyujhgbnm
|player|p1|
