|j|☆leezee-yy
|j|☆Goblin Demolisher
|t:|1769391122
|gametype|singles
|player|p1|leezee-yy|cameraman|1662
|player|p2|Goblin Demolisher|cheryl|1673
|gen|9
|tier|[Gen 9] OU
|rated|
|rule|HP Percentage Mod: HP is shown in percentages
|rule|Endless Battle Clause: Forcing endless battles is banned
|rule|Species Clause: Limit one of each Pokémon
|rule|OHKO Clause: OHKO moves are banned
|rule|Evasion Items Clause: Evasion items are banned
|rule|Evasion Moves Clause: Evasion moves are banned
|rule|Evasion Abilities Clause: Evasion abilities are banned
|rule|Sleep Moves Clause: Sleep-inducing moves are banned
|clearpoke
|poke|p1|Iron Treads|
|poke|p1|Samurott-Hisui, F|
|poke|p1|Meowscarada, M|
|poke|p1|Metagross|
|poke|p1|Deoxys-Speed|
|poke|p1|Zapdos|
|poke|p2|Mienshao, M|
|poke|p2|Alomomola, M|
|poke|p2|Kyurem|
|poke|p2|Great Tusk|
|poke|p2|Tornadus-Therian, M|
|poke|p2|Iron Crown|
|teampreview
|inactive|Battle timer is ON: inactive players will automatically lose when time's up. (requested by leezee-yy)
|
|t:|1769391143
|teamsize|p1|6
|teamsize|p2|6
|start
|switch|p1a: Metagross|Metagross, shiny|100/100
|switch|p2a: Mienshao|Mienshao, M|100/100
|turn|1
|j| LarpinLysander
|
|t:|1769391150
|switch|p1a: Zapdos|Zapdos|100/100
|move|p2a: Mienshao|Knock Off|p1a: Zapdos
|-damage|p1a: Zapdos|72/100
|-damage|p2a: Mienshao|84/100|[from] item: Rocky Helmet|[of] p1a: Zapdos
|-enditem|p1a: Zapdos|Rocky Helmet|[from] move: Knock Off|[of] p2a: Mienshao
|-damage|p2a: Mienshao|74/100|[from] item: Life Orb
|
|upkeep
|turn|2
|
|t:|1769391159
|switch|p2a: Alomomola|Alomomola, M|100/100
|move|p1a: Zapdos|U-turn|p2a: Alomomola
|-damage|p2a: Alomomola|91/100
|
|t:|1769391165
|switch|p1a: Samurott|Samurott-Hisui, F|100/100|[from] U-turn
|
|upkeep
|turn|3
|
|t:|1769391168
|move|p1a: Samurott|Ceaseless Edge|p2a: Alomomola
|-damage|p2a: Alomomola|57/100
|-sidestart|p2: Goblin Demolisher|Spikes
|move|p2a: Alomomola|Flip Turn|p1a: Samurott
|-resisted|p1a: Samurott
|-damage|p1a: Samurott|92/100
|
|t:|1769391172
|switch|p2a: Mienshao|Mienshao, M|100/100|[from] Flip Turn
|-damage|p2a: Mienshao|88/100|[from] Spikes
|
|upkeep
|turn|4
|
|t:|1769391178
|switch|p2a: Kyurem|Kyurem|100/100
|-damage|p2a: Kyurem|88/100|[from] Spikes
|-ability|p2a: Kyurem|Pressure
|switch|p1a: Zapdos|Zapdos|72/100
|
|upkeep
|turn|5
|
|t:|1769391185
|switch|p1a: Metagross|Metagross, shiny|100/100
|move|p2a: Kyurem|Freeze-Dry|p1a: Metagross
|-resisted|p1a: Metagross
|-damage|p1a: Metagross|71/100
|
|-heal|p1a: Metagross|77/100|[from] item: Leftovers
|upkeep
|turn|6
|
|t:|1769391190
|switch|p2a: Great Tusk|Great Tusk|100/100
|move|p1a: Metagross|Knock Off|p2a: Great Tusk
|-resisted|p2a: Great Tusk
|-damage|p2a: Great Tusk|88/100
|-enditem|p2a: Great Tusk|Heavy-Duty Boots|[from] move: Knock Off|[of] p1a: Metagross
|
|-heal|p1a: Metagross|83/100|[from] item: Leftovers
|upkeep
|turn|7
|
|t:|1769391197
|move|p2a: Great Tusk|Rapid Spin|p1a: Metagross
|-resisted|p1a: Metagross
|-damage|p1a: Metagross|77/100
|-boost|p2a: Great Tusk|spe|1
|-sideend|p2: Goblin Demolisher|Spikes|[from] move: Rapid Spin|[of] p2a: Great Tusk
|move|p1a: Metagross|Psychic Fangs|p2a: Great Tusk
|-supereffective|p2a: Great Tusk
|-damage|p2a: Great Tusk|24/100
|
|-heal|p1a: Metagross|83/100|[from] item: Leftovers
|upkeep
|turn|8
|
|t:|1769391209
|switch|p1a: Iron Treads|Iron Treads|100/100
|-item|p1a: Iron Treads|Air Balloon
|move|p2a: Great Tusk|Stealth Rock|p1a: Iron Treads
|-sidestart|p1: leezee-yy|move: Stealth Rock
|
|upkeep
|turn|9
|
|t:|1769391220
|move|p2a: Great Tusk|Rapid Spin|p1a: Iron Treads
|-resisted|p1a: Iron Treads
|-damage|p1a: Iron Treads|94/100
|-boost|p2a: Great Tusk|spe|1
|-enditem|p1a: Iron Treads|Air Balloon
|move|p1a: Iron Treads|Rapid Spin|p2a: Great Tusk
|-damage|p2a: Great Tusk|13/100
|-boost|p1a: Iron Treads|spe|1
|-sideend|p1: leezee-yy|Stealth Rock|[from] move: Rapid Spin|[of] p1a: Iron Treads
|
|upkeep
|turn|10
|
|t:|1769391230
|-end|p1a: Iron Treads|Quark Drive|[silent]
|switch|p1a: Zapdos|Zapdos|72/100
|move|p2a: Great Tusk|Stealth Rock|p1a: Zapdos
|-sidestart|p1: leezee-yy|move: Stealth Rock
|
|upkeep
|turn|11
|
|t:|1769391240
|-end|p2a: Great Tusk|Protosynthesis|[silent]
|switch|p2a: Alomomola|Alomomola, M|90/100
|move|p1a: Zapdos|Roost|p1a: Zapdos
|-heal|p1a: Zapdos|100/100
|-singleturn|p1a: Zapdos|move: Roost
|
|upkeep
|turn|12
|
|t:|1769391246
|move|p1a: Zapdos|U-turn|p2a: Alomomola
|-damage|p2a: Alomomola|81/100
|
|t:|1769391248
|switch|p1a: Meowscarada|Meowscarada, M|100/100|[from] U-turn
|-damage|p1a: Meowscarada|88/100|[from] Stealth Rock
|move|p2a: Alomomola|Flip Turn|p1a: Meowscarada
|-resisted|p1a: Meowscarada
|-damage|p1a: Meowscarada|75/100
|
|t:|1769391260
|switch|p2a: Tornadus|Tornadus-Therian, M|100/100|[from] Flip Turn
|
|upkeep
|turn|13
|
|t:|1769391263
|switch|p2a: Alomomola|Alomomola, M|100/100
|move|p1a: Meowscarada|Triple Axel|p2a: Alomomola
|-start|p1a: Meowscarada|typechange|Ice|[from] ability: Protean
|-resisted|p2a: Alomomola
|-damage|p2a: Alomomola|95/100
|-resisted|p2a: Alomomola
|-damage|p2a: Alomomola|87/100
|-resisted|p2a: Alomomola
|-damage|p2a: Alomomola|73/100
|-hitcount|p2a: Alomomola|3
|
|upkeep
|turn|14
|
|t:|1769391266
|switch|p1a: Samurott|Samurott-Hisui, F|92/100
|-damage|p1a: Samurott|80/100|[from] Stealth Rock
|move|p2a: Alomomola|Flip Turn|p1a: Samurott
|-resisted|p1a: Samurott
|-damage|p1a: Samurott|72/100
|
|t:|1769391271
|switch|p2a: Kyurem|Kyurem|88/100|[from] Flip Turn
|-ability|p2a: Kyurem|Pressure
|
|upkeep
|turn|15
|
|t:|1769391289
|move|p2a: Kyurem|Earth Power|p1a: Samurott
|-damage|p1a: Samurott|31/100
|move|p1a: Samurott|Ceaseless Edge|p2a: Kyurem
|-damage|p2a: Kyurem|42/100
|-sidestart|p2: Goblin Demolisher|Spikes
|
|upkeep
|turn|16
|l|☆leezee-yy
|inactive|leezee-yy disconnected and has a minute to reconnect!
|player|p1|
|j|☆leezee-yy
|inactive|leezee-yy reconnected and has 130 seconds left.
|player|p1|leezee-yy|cameraman|
|inactive|leezee-yy has 120 seconds left.
|
|t:|1769391322
|switch|p2a: Tornadus|Tornadus-Therian, M|100/100
|switch|p1a: Zapdos|Zapdos|100/100
|-damage|p1a: Zapdos|75/100|[from] Stealth Rock
|
|upkeep
|turn|17
|
|t:|1769391330
|move|p2a: Tornadus|Heat Wave|p1a: Zapdos
|-damage|p1a: Zapdos|52/100
|move|p1a: Zapdos|U-turn|p2a: Tornadus
|-resisted|p2a: Tornadus
|-damage|p2a: Tornadus|91/100
|
|t:|1769391336
|switch|p1a: Iron Treads|Iron Treads|94/100|[from] U-turn
|-damage|p1a: Iron Treads|91/100|[from] Stealth Rock
|
|upkeep
|turn|18
|
|t:|1769391339
|move|p2a: Tornadus|Heat Wave|p1a: Iron Treads
|-supereffective|p1a: Iron Treads
|-damage|p1a: Iron Treads|16/100
|move|p1a: Iron Treads|Stealth Rock|p2a: Tornadus
|-sidestart|p2: Goblin Demolisher|move: Stealth Rock
|
|upkeep
|turn|19
|
|t:|1769391357
|-end|p1a: Iron Treads|Quark Drive|[silent]
|switch|p1a: Zapdos|Zapdos|52/100
|-damage|p1a: Zapdos|27/100|[from] Stealth Rock
|move|p2a: Tornadus|Knock Off|p1a: Zapdos
|-damage|p1a: Zapdos|16/100
|-status|p2a: Tornadus|par|[from] ability: Static|[of] p1a: Zapdos
|
|upkeep
|turn|20
|
|t:|1769391363
|move|p2a: Tornadus|U-turn|p1a: Zapdos
|-resisted|p1a: Zapdos
|-crit|p1a: Zapdos
|-damage|p1a: Zapdos|9/100
|
|t:|1769391369
|switch|p2a: Alomomola|Alomomola, M|100/100|[from] U-turn
|-damage|p2a: Alomomola|88/100|[from] Spikes
|-damage|p2a: Alomomola|75/100|[from] Stealth Rock
|move|p1a: Zapdos|Roost|p1a: Zapdos
|-heal|p1a: Zapdos|59/100
|-singleturn|p1a: Zapdos|move: Roost
|
|upkeep
|turn|21
|
|t:|1769391374
|move|p1a: Zapdos|Roost|p1a: Zapdos
|-heal|p1a: Zapdos|100/100
|-singleturn|p1a: Zapdos|move: Roost
|move|p2a: Alomomola|Flip Turn|p1a: Zapdos
|-damage|p1a: Zapdos|89/100
|
|t:|1769391404
|switch|p2a: Kyurem|Kyurem|42/100|[from] Flip Turn
|-damage|p2a: Kyurem|30/100|[from] Spikes
|-damage|p2a: Kyurem|5/100|[from] Stealth Rock
|-ability|p2a: Kyurem|Pressure
|
|upkeep
|turn|22
|
|t:|1769391416
|switch|p1a: Samurott|Samurott-Hisui, F|31/100
|-damage|p1a: Samurott|19/100|[from] Stealth Rock
|move|p2a: Kyurem|Ice Beam|p1a: Samurott
|-resisted|p1a: Samurott
|-damage|p1a: Samurott|0 fnt
|faint|p1a: Samurott
|
|upkeep
|
|t:|1769391423
|switch|p1a: Metagross|Metagross, shiny|83/100
|-damage|p1a: Metagross|77/100|[from] Stealth Rock
|turn|23
|
|t:|1769391428
|switch|p2a: Tornadus|Tornadus-Therian, M|100/100 par
|move|p1a: Metagross|Knock Off|p2a: Tornadus
|-damage|p2a: Tornadus|54/100 par
|-enditem|p2a: Tornadus|Heavy-Duty Boots|[from] move: Knock Off|[of] p1a: Metagross
|
|-heal|p1a: Metagross|83/100|[from] item: Leftovers
|upkeep
|turn|24
|
|t:|1769391438
|move|p2a: Tornadus|Knock Off|p1a: Metagross
|-supereffective|p1a: Metagross
|-damage|p1a: Metagross|53/100
|-enditem|p1a: Metagross|Leftovers|[from] move: Knock Off|[of] p2a: Tornadus
|move|p1a: Metagross|Ice Punch|p2a: Tornadus
|-supereffective|p2a: Tornadus
|-damage|p2a: Tornadus|0 fnt
|faint|p2a: Tornadus
|
|upkeep
|
|t:|1769391458
|switch|p2a: Mienshao|Mienshao, M|100/100
|-damage|p2a: Mienshao|88/100|[from] Spikes
|-damage|p2a: Mienshao|82/100|[from] Stealth Rock
|turn|25
|
|t:|1769391463
|move|p2a: Mienshao|High Jump Kick|p1a: Metagross|[miss]
|-miss|p2a: Mienshao|p1a: Metagross
|-damage|p2a: Mienshao|33/100|[from] highjumpkick
|move|p1a: Metagross|Psychic Fangs|p2a: Mienshao
|-supereffective|p2a: Mienshao
|-damage|p2a: Mienshao|0 fnt
|faint|p2a: Mienshao
|
|upkeep
|-message|Goblin Demolisher forfeited.
|
|win|leezee-yy
|raw|leezee-yy's rating: 1662 &rarr; <strong>1683</strong><br />(+21 for winning)
|raw|Goblin Demolisher's rating: 1673 &rarr; <strong>1652</strong><br />(-21 for losing)
|l|☆Goblin Demolisher
|player|p2|
|l| LarpinLysander
|l|☆leezee-yy
|player|p1|
