|j|☆N0art_97
|j|☆YOHZZI
|t:|1769428160
|gametype|singles
|player|p1|N0art_97|benga|1365
|player|p2|YOHZZI|teamrocket|1314
|gen|9
|tier|[Gen 9] OU
|rated|
|rule|HP Percentage Mod: HP is shown in percentages
|rule|Endless Battle Clause: Forcing endless battles is banned
|rule|Species Clause: Limit one of each Pokémon
|rule|OHKO Clause: OHKO moves are banned
|rule|Evasion Items Clause: Evasion items are banned
|rule|Evasion Moves Clause: Evasion moves are banned
|rule|Evasion Abilities Clause: Evasion abilities are banned
|rule|Sleep Moves Clause: Sleep-inducing moves are banned
|clearpoke
|poke|p1|Heatran, M|
|poke|p1|Tyranitar, M|
|poke|p1|Excadrill, F|
|poke|p1|Gastrodon, F|
|poke|p1|Corviknight, F|
|poke|p1|Hippowdon, F|
|poke|p2|Landorus-Therian, M|
|poke|p2|Kyurem|
|poke|p2|Gholdengo|
|poke|p2|Samurott-Hisui, M|
|poke|p2|Great Tusk|
|poke|p2|Maushold-Four|
|teampreview
|inactive|Battle timer is ON: inactive players will automatically lose when time's up. (requested by YOHZZI)
|
|t:|1769428183
|teamsize|p1|6
|teamsize|p2|6
|start
|switch|p1a: Heatran|Heatran, M|100/100
|switch|p2a: Landorus|Landorus-Therian, M|100/100
|-ability|p2a: Landorus|Intimidate|boost
|-unboost|p1a: Heatran|atk|1
|turn|1
|
|t:|1769428193
|switch|p1a: Corviknight|Corviknight, F|100/100
|-ability|p1a: Corviknight|Pressure
|move|p2a: Landorus|Earthquake|p1a: Corviknight
|-immune|p1a: Corviknight
|
|upkeep
|turn|2
|
|t:|1769428200
|move|p2a: Landorus|Taunt|p1a: Corviknight
|-start|p1a: Corviknight|move: Taunt
|move|p1a: Corviknight|U-turn|p2a: Landorus
|-resisted|p2a: Landorus
|-damage|p2a: Landorus|94/100
|-damage|p1a: Corviknight|84/100|[from] item: Rocky Helmet|[of] p2a: Landorus
|
|t:|1769428207
|switch|p1a: Gastrodon|Gastrodon, F|100/100|[from] U-turn
|
|upkeep
|turn|3
|
|t:|1769428212
|move|p2a: Landorus|U-turn|p1a: Gastrodon
|-damage|p1a: Gastrodon|74/100
|
|t:|1769428217
|switch|p2a: Samurott|Samurott-Hisui, M, shiny|100/100|[from] U-turn
|move|p1a: Gastrodon|Ice Beam|p2a: Samurott
|-resisted|p2a: Samurott
|-damage|p2a: Samurott|94/100
|
|upkeep
|turn|4
|
|t:|1769428237
|switch|p1a: Corviknight|Corviknight, F|84/100
|-ability|p1a: Corviknight|Pressure
|move|p2a: Samurott|Knock Off|p1a: Corviknight
|-damage|p1a: Corviknight|57/100
|-enditem|p1a: Corviknight|Heavy-Duty Boots|[from] move: Knock Off|[of] p2a: Samurott
|
|upkeep
|turn|5
|
|t:|1769428267
|move|p2a: Samurott|Ceaseless Edge|p1a: Corviknight
|-damage|p1a: Corviknight|31/100
|-sidestart|p1: N0art_97|Spikes
|move|p1a: Corviknight|U-turn|p2a: Samurott
|-supereffective|p2a: Samurott
|-damage|p2a: Samurott|65/100
|
|t:|1769428284
|switch|p1a: Hippowdon|Hippowdon, F|100/100|[from] U-turn
|-damage|p1a: Hippowdon|88/100|[from] Spikes
|-weather|Sandstorm|[from] ability: Sand Stream|[of] p1a: Hippowdon
|
|-weather|Sandstorm|[upkeep]
|-damage|p2a: Samurott|59/100|[from] Sandstorm
|upkeep
|turn|6
|
|t:|1769428293
|move|p2a: Samurott|Razor Shell|p1a: Hippowdon
|-supereffective|p1a: Hippowdon
|-damage|p1a: Hippowdon|40/100
|-unboost|p1a: Hippowdon|def|1
|move|p1a: Hippowdon|Earthquake|p2a: Samurott
|-damage|p2a: Samurott|21/100
|
|-weather|Sandstorm|[upkeep]
|-damage|p2a: Samurott|15/100|[from] Sandstorm
|upkeep
|turn|7
|
|t:|1769428303
|switch|p1a: Gastrodon|Gastrodon, F|74/100
|move|p2a: Samurott|Ceaseless Edge|p1a: Gastrodon
|-damage|p1a: Gastrodon|27/100
|-sidestart|p1: N0art_97|Spikes
|
|-weather|Sandstorm|[upkeep]
|-damage|p2a: Samurott|9/100|[from] Sandstorm
|upkeep
|turn|8
|
|t:|1769428311
|move|p2a: Samurott|Ceaseless Edge|p1a: Gastrodon
|-damage|p1a: Gastrodon|0 fnt
|-sidestart|p1: N0art_97|Spikes
|faint|p1a: Gastrodon
|
|-weather|Sandstorm|[upkeep]
|-damage|p2a: Samurott|3/100|[from] Sandstorm
|upkeep
|-message|N0art_97 forfeited.
|
|win|YOHZZI
|raw|N0art_97's rating: 1365 &rarr; <strong>1343</strong><br />(-22 for losing)
|raw|YOHZZI's rating: 1331 &rarr; <strong>1353</strong><br />(+22 for winning)
|l|☆N0art_97
|player|p1|
|l|☆YOHZZI
|player|p2|
