|j|☆Merrittb1117
|j|☆aebrs
|t:|1769363324
|gametype|singles
|player|p1|Merrittb1117|266|1250
|player|p2|aebrs|wallace|1198
|gen|9
|tier|[Gen 9] OU
|rated|
|rule|HP Percentage Mod: HP is shown in percentages
|rule|Endless Battle Clause: Forcing endless battles is banned
|rule|Species Clause: Limit one of each Pokémon
|rule|OHKO Clause: OHKO moves are banned
|rule|Evasion Items Clause: Evasion items are banned
|rule|Evasion Moves Clause: Evasion moves are banned
|rule|Evasion Abilities Clause: Evasion abilities are banned
|rule|Sleep Moves Clause: Sleep-inducing moves are banned
|clearpoke
|poke|p1|Lokix, M|
|poke|p1|Glimmora, M|
|poke|p1|Kingambit, F|
|poke|p1|Rillaboom, F|
|poke|p1|Gholdengo|
|poke|p1|Iron Valiant|
|poke|p2|Braviary, M|
|poke|p2|Iron Moth|
|poke|p2|Araquanid, M|
|poke|p2|Gholdengo|
|poke|p2|Ting-Lu|
|poke|p2|Clefable, M|
|teampreview
|inactive|Battle timer is ON: inactive players will automatically lose when time's up. (requested by aebrs)
|
|t:|1769363346
|teamsize|p1|6
|teamsize|p2|6
|start
|switch|p1a: Glimmora|Glimmora, M|100/100
|switch|p2a: Araquanid|Araquanid, M|100/100
|turn|1
|
|t:|1769363351
|move|p1a: Glimmora|Stealth Rock|p2a: Araquanid
|-sidestart|p2: aebrs|move: Stealth Rock
|move|p2a: Araquanid|Waterfall|p1a: Glimmora
|-supereffective|p1a: Glimmora
|-enditem|p1a: Glimmora|Focus Sash
|-damage|p1a: Glimmora|1/100
|-activate|p1a: Glimmora|ability: Toxic Debris
|-sidestart|p2: aebrs|move: Toxic Spikes
|
|upkeep
|turn|2
|
|t:|1769363359
|move|p1a: Glimmora|Spikes|p2a: Araquanid
|-sidestart|p2: aebrs|Spikes
|move|p2a: Araquanid|Waterfall|p1a: Glimmora
|-supereffective|p1a: Glimmora
|-damage|p1a: Glimmora|0 fnt
|-activate|p1a: Glimmora|ability: Toxic Debris
|-sidestart|p2: aebrs|move: Toxic Spikes
|faint|p1a: Glimmora
|
|upkeep
|
|t:|1769363366
|switch|p1a: Gholdengo|Gholdengo|100/100
|turn|3
|
|t:|1769363370
|move|p1a: Gholdengo|Shadow Ball|p2a: Araquanid
|-damage|p2a: Araquanid|62/100
|move|p2a: Araquanid|Waterfall|p1a: Gholdengo
|-damage|p1a: Gholdengo|38/100
|
|upkeep
|turn|4
|
|t:|1769363382
|move|p1a: Gholdengo|Shadow Ball|p2a: Araquanid
|-damage|p2a: Araquanid|29/100
|move|p2a: Araquanid|Waterfall|p1a: Gholdengo
|-damage|p1a: Gholdengo|0 fnt
|faint|p1a: Gholdengo
|
|upkeep
|
|t:|1769363385
|switch|p1a: Iron Valiant|Iron Valiant|100/100
|-enditem|p1a: Iron Valiant|Booster Energy
|-activate|p1a: Iron Valiant|ability: Quark Drive|[fromitem]
|-start|p1a: Iron Valiant|quarkdrivespe
|turn|5
|
|t:|1769363392
|move|p1a: Iron Valiant|Swords Dance|p1a: Iron Valiant
|-boost|p1a: Iron Valiant|atk|2
|move|p2a: Araquanid|Sticky Web|p1a: Iron Valiant
|-sidestart|p1: Merrittb1117|move: Sticky Web
|
|upkeep
|turn|6
|
|t:|1769363397
|move|p1a: Iron Valiant|Swords Dance|p1a: Iron Valiant
|-boost|p1a: Iron Valiant|atk|2
|move|p2a: Araquanid|Waterfall|p1a: Iron Valiant
|-crit|p1a: Iron Valiant
|-damage|p1a: Iron Valiant|2/100
|
|upkeep
|turn|7
|
|t:|1769363403
|move|p1a: Iron Valiant|Drain Punch|p2a: Araquanid
|-resisted|p2a: Araquanid
|-damage|p2a: Araquanid|0 fnt
|-heal|p1a: Iron Valiant|16/100|[from] drain|[of] p2a: Araquanid
|faint|p2a: Araquanid
|
|upkeep
|
|t:|1769363423
|switch|p2a: Clefable|Clefable, M|100/100
|-status|p2a: Clefable|tox
|turn|8
|
|t:|1769363439
|move|p1a: Iron Valiant|Drain Punch|p2a: Clefable
|-resisted|p2a: Clefable
|-damage|p2a: Clefable|45/100 tox
|-heal|p1a: Iron Valiant|47/100|[from] drain|[of] p2a: Clefable
|move|p2a: Clefable|Moonblast|p1a: Iron Valiant
|-supereffective|p1a: Iron Valiant
|-damage|p1a: Iron Valiant|0 fnt
|faint|p1a: Iron Valiant
|-end|p1a: Iron Valiant|Quark Drive|[silent]
|
|-heal|p2a: Clefable|51/100 tox|[from] item: Leftovers
|upkeep
|
|t:|1769363443
|switch|p1a: Rillaboom|Rillaboom, F|100/100
|-activate|p1a: Rillaboom|move: Sticky Web
|-unboost|p1a: Rillaboom|spe|1
|-fieldstart|move: Grassy Terrain|[from] ability: Grassy Surge|[of] p1a: Rillaboom
|turn|9
|
|t:|1769363453
|move|p1a: Rillaboom|Fake Out|p2a: Clefable
|-damage|p2a: Clefable|36/100 tox
|cant|p2a: Clefable|flinch
|
|-heal|p2a: Clefable|42/100 tox|[from] Grassy Terrain
|-heal|p2a: Clefable|48/100 tox|[from] item: Leftovers
|upkeep
|turn|10
|
|t:|1769363460
|move|p2a: Clefable|Moonlight|p2a: Clefable
|-heal|p2a: Clefable|98/100 tox
|move|p1a: Rillaboom|Wood Hammer|p2a: Clefable
|-damage|p2a: Clefable|0 fnt
|faint|p2a: Clefable
|-damage|p1a: Rillaboom|69/100|[from] Recoil
|
|-heal|p1a: Rillaboom|75/100|[from] Grassy Terrain
|upkeep
|
|t:|1769363469
|switch|p2a: Braviary|Braviary, M|100/100
|-damage|p2a: Braviary|76/100|[from] Stealth Rock
|turn|11
|
|t:|1769363477
|switch|p1a: Kingambit|Kingambit, F|100/100
|-activate|p1a: Kingambit|move: Sticky Web
|-unboost|p1a: Kingambit|spe|1
|-activate|p1a: Kingambit|ability: Supreme Overlord
|-start|p1a: Kingambit|fallen3|[silent]
|move|p2a: Braviary|Superpower|p1a: Kingambit
|-supereffective|p1a: Kingambit
|-damage|p1a: Kingambit|0 fnt
|-unboost|p2a: Braviary|atk|1
|-unboost|p2a: Braviary|def|1
|faint|p1a: Kingambit
|-end|p1a: Kingambit|fallen3|[silent]
|
|upkeep
|inactive|Merrittb1117 has 120 seconds left.
|
|t:|1769363508
|switch|p1a: Lokix|Lokix, M|100/100
|-activate|p1a: Lokix|move: Sticky Web
|-unboost|p1a: Lokix|spe|1
|turn|12
|
|t:|1769363512
|move|p1a: Lokix|First Impression|p2a: Braviary
|-resisted|p2a: Braviary
|-damage|p2a: Braviary|0 fnt
|faint|p2a: Braviary
|-damage|p1a: Lokix|91/100|[from] item: Life Orb
|
|-heal|p1a: Lokix|97/100|[from] Grassy Terrain
|upkeep
|
|t:|1769363523
|switch|p2a: Iron Moth|Iron Moth|100/100
|-damage|p2a: Iron Moth|76/100|[from] Stealth Rock
|-sideend|p2: aebrs|move: Toxic Spikes|[of] p2a: Iron Moth
|-damage|p2a: Iron Moth|63/100|[from] Spikes
|-enditem|p2a: Iron Moth|Booster Energy
|-activate|p2a: Iron Moth|ability: Quark Drive|[fromitem]
|-start|p2a: Iron Moth|quarkdrivespa
|turn|13
|
|t:|1769363531
|switch|p1a: Rillaboom|Rillaboom, F|75/100
|-activate|p1a: Rillaboom|move: Sticky Web
|-unboost|p1a: Rillaboom|spe|1
|move|p2a: Iron Moth|Fiery Dance|p1a: Rillaboom
|-supereffective|p1a: Rillaboom
|-damage|p1a: Rillaboom|0 fnt
|-boost|p2a: Iron Moth|spa|1
|faint|p1a: Rillaboom
|
|-heal|p2a: Iron Moth|69/100|[from] Grassy Terrain
|-fieldend|move: Grassy Terrain
|upkeep
|
|t:|1769363533
|switch|p1a: Lokix|Lokix, M|97/100
|-activate|p1a: Lokix|move: Sticky Web
|-unboost|p1a: Lokix|spe|1
|turn|14
|
|t:|1769363550
|move|p1a: Lokix|Sucker Punch|p2a: Iron Moth
|-damage|p2a: Iron Moth|0 fnt
|faint|p2a: Iron Moth
|-end|p2a: Iron Moth|Quark Drive|[silent]
|-damage|p1a: Lokix|87/100|[from] item: Life Orb
|
|upkeep
|
|t:|1769363555
|switch|p2a: Ting-Lu|Ting-Lu|100/100
|-damage|p2a: Ting-Lu|94/100|[from] Stealth Rock
|-damage|p2a: Ting-Lu|82/100|[from] Spikes
|-ability|p2a: Ting-Lu|Vessel of Ruin
|turn|15
|
|t:|1769363562
|-terastallize|p1a: Lokix|Bug
|move|p1a: Lokix|U-turn|p2a: Ting-Lu
|-supereffective|p2a: Ting-Lu
|-damage|p2a: Ting-Lu|40/100
|-damage|p1a: Lokix|77/100|[from] item: Life Orb
|move|p2a: Ting-Lu|Body Press|p1a: Lokix
|-resisted|p1a: Lokix
|-damage|p1a: Lokix|56/100
|
|-heal|p2a: Ting-Lu|47/100|[from] item: Leftovers
|upkeep
|turn|16
|
|t:|1769363584
|move|p1a: Lokix|U-turn|p2a: Ting-Lu
|-supereffective|p2a: Ting-Lu
|-damage|p2a: Ting-Lu|0 fnt
|faint|p2a: Ting-Lu
|-damage|p1a: Lokix|46/100|[from] item: Life Orb
|
|upkeep
|
|t:|1769363589
|switch|p2a: Gholdengo|Gholdengo|100/100
|-damage|p2a: Gholdengo|94/100|[from] Stealth Rock
|-damage|p2a: Gholdengo|82/100|[from] Spikes
|turn|17
|
|t:|1769363595
|-terastallize|p2a: Gholdengo|Steel
|move|p1a: Lokix|Sucker Punch|p2a: Gholdengo
|-damage|p2a: Gholdengo|36/100
|-damage|p1a: Lokix|36/100|[from] item: Life Orb
|move|p2a: Gholdengo|Power Gem|p1a: Lokix
|-supereffective|p1a: Lokix
|-damage|p1a: Lokix|0 fnt
|faint|p1a: Lokix
|
|win|aebrs
|raw|Merrittb1117's rating: 1250 &rarr; <strong>1221</strong><br />(-29 for losing)
|raw|aebrs's rating: 1198 &rarr; <strong>1227</strong><br />(+29 for winning)
|l|☆Merrittb1117
|player|p1|
|l|☆aebrs
|player|p2|
