|j|☆dfgdgdgdggfdf
|j|☆killer07
|t:|1769340398
|gametype|singles
|player|p1|dfgdgdgdggfdf|102|1186
|player|p2|killer07|firebreather|1137
|gen|9
|tier|[Gen 9] OU
|rated|
|rule|HP Percentage Mod: HP is shown in percentages
|rule|Endless Battle Clause: Forcing endless battles is banned
|rule|Species Clause: Limit one of each Pokémon
|rule|OHKO Clause: OHKO moves are banned
|rule|Evasion Items Clause: Evasion items are banned
|rule|Evasion Moves Clause: Evasion moves are banned
|rule|Evasion Abilities Clause: Evasion abilities are banned
|rule|Sleep Moves Clause: Sleep-inducing moves are banned
|clearpoke
|poke|p1|Hydreigon, M|
|poke|p1|Garchomp, M|
|poke|p1|Salamence, M|
|poke|p1|Greninja-*, M|
|poke|p1|Scizor, M|
|poke|p1|Lycanroc-Dusk, M|
|poke|p2|Goodra-Hisui, F|
|poke|p2|Corviknight, F|
|poke|p2|Regidrago|
|poke|p2|Rotom-Wash|
|poke|p2|Ceruledge, F|
|poke|p2|Rillaboom, F|
|teampreview
|inactive|Battle timer is ON: inactive players will automatically lose when time's up. (requested by dfgdgdgdggfdf)
|
|t:|1769340456
|teamsize|p1|6
|teamsize|p2|6
|start
|switch|p1a: Garchomp|Garchomp, M|100/100
|switch|p2a: Regidrago|Regidrago|100/100
|turn|1
|
|t:|1769340464
|-terastallize|p2a: Regidrago|Dragon
|move|p2a: Regidrago|Dragon Energy|p1a: Garchomp
|-supereffective|p1a: Garchomp
|-damage|p1a: Garchomp|0 fnt
|faint|p1a: Garchomp
|
|upkeep
|
|t:|1769340480
|switch|p1a: Greninja|Greninja, M|100/100
|turn|2
|inactive|killer07 has 120 seconds left.
|c|☆dfgdgdgdggfdf|are you a ai
|
|t:|1769340527
|move|p2a: Regidrago|Dragon Energy|p1a: Greninja
|-enditem|p1a: Greninja|Focus Sash
|-damage|p1a: Greninja|1/100
|move|p1a: Greninja|Ice Beam|p2a: Regidrago
|-supereffective|p2a: Regidrago
|-damage|p2a: Regidrago|47/100
|
|upkeep
|turn|3
|
|t:|1769340536
|move|p2a: Regidrago|Dragon Energy|p1a: Greninja
|-damage|p1a: Greninja|0 fnt
|faint|p1a: Greninja
|
|upkeep
|c|☆killer07|me an ai
|c|☆killer07|haha
|
|t:|1769340542
|switch|p1a: Lycanroc|Lycanroc-Dusk, M|100/100
|turn|4
|
|t:|1769340547
|switch|p2a: Corviknight|Corviknight, F|100/100
|-ability|p2a: Corviknight|Pressure
|move|p1a: Lycanroc|Swords Dance|p1a: Lycanroc
|-boost|p1a: Lycanroc|atk|2
|
|upkeep
|turn|5
|
|t:|1769340554
|move|p1a: Lycanroc|Swords Dance|p1a: Lycanroc
|-boost|p1a: Lycanroc|atk|2
|move|p2a: Corviknight|Brave Bird|p1a: Lycanroc
|-resisted|p1a: Lycanroc
|-damage|p1a: Lycanroc|72/100
|-damage|p2a: Corviknight|94/100|[from] Recoil
|
|upkeep
|turn|6
|
|t:|1769340562
|move|p1a: Lycanroc|Swords Dance|p1a: Lycanroc
|-boost|p1a: Lycanroc|atk|2
|move|p2a: Corviknight|Brave Bird|p1a: Lycanroc
|-resisted|p1a: Lycanroc
|-damage|p1a: Lycanroc|44/100
|-damage|p2a: Corviknight|87/100|[from] Recoil
|
|upkeep
|turn|7
|
|t:|1769340576
|move|p1a: Lycanroc|Close Combat|p2a: Corviknight
|-damage|p2a: Corviknight|0 fnt
|-unboost|p1a: Lycanroc|def|1
|-unboost|p1a: Lycanroc|spd|1
|-damage|p1a: Lycanroc|28/100|[from] item: Rocky Helmet|[of] p2a: Corviknight
|faint|p2a: Corviknight
|
|upkeep
|
|t:|1769340579
|switch|p2a: Rillaboom|Rillaboom, F|100/100
|-fieldstart|move: Grassy Terrain|[from] ability: Grassy Surge|[of] p2a: Rillaboom
|turn|8
|
|t:|1769340586
|move|p1a: Lycanroc|Accelerock|p2a: Rillaboom
|-damage|p2a: Rillaboom|0 fnt
|faint|p2a: Rillaboom
|
|-heal|p1a: Lycanroc|34/100|[from] Grassy Terrain
|upkeep
|
|t:|1769340589
|switch|p2a: Rotom|Rotom-Wash|100/100
|turn|9
|
|t:|1769340593
|move|p1a: Lycanroc|Accelerock|p2a: Rotom
|-damage|p2a: Rotom|27/100
|move|p2a: Rotom|Hydro Pump|p1a: Lycanroc
|-supereffective|p1a: Lycanroc
|-damage|p1a: Lycanroc|0 fnt
|faint|p1a: Lycanroc
|
|-heal|p2a: Rotom|34/100|[from] item: Leftovers
|upkeep
|
|t:|1769340602
|switch|p1a: Salamence|Salamence, M|100/100
|turn|10
|
|t:|1769340606
|move|p1a: Salamence|Dragon Dance|p1a: Salamence
|-boost|p1a: Salamence|atk|1
|-boost|p1a: Salamence|spe|1
|move|p2a: Rotom|Will-O-Wisp|p1a: Salamence|[miss]
|-miss|p2a: Rotom|p1a: Salamence
|
|-heal|p2a: Rotom|40/100|[from] item: Leftovers
|upkeep
|turn|11
|
|t:|1769340613
|move|p1a: Salamence|Dragon Dance|p1a: Salamence
|-boost|p1a: Salamence|atk|1
|-boost|p1a: Salamence|spe|1
|move|p2a: Rotom|Will-O-Wisp|p1a: Salamence
|-status|p1a: Salamence|brn
|-enditem|p1a: Salamence|Lum Berry|[eat]
|-curestatus|p1a: Salamence|brn|[msg]
|
|-heal|p2a: Rotom|46/100|[from] item: Leftovers
|upkeep
|turn|12
|-message|killer07 forfeited.
|
|win|dfgdgdgdggfdf
|raw|dfgdgdgdggfdf's rating: 1186 &rarr; <strong>1207</strong><br />(+21 for winning)
|raw|killer07's rating: 1137 &rarr; <strong>1116</strong><br />(-21 for losing)
|l|☆killer07
|player|p2|
|l|☆dfgdgdgdggfdf
|player|p1|
