|j|☆tytardefuego
|j|☆skayboy31
|t:|1769443046
|gametype|singles
|player|p1|tytardefuego|steven|1152
|player|p2|skayboy31|lucas|1207
|gen|9
|tier|[Gen 9] OU
|rated|
|rule|HP Percentage Mod: HP is shown in percentages
|rule|Endless Battle Clause: Forcing endless battles is banned
|rule|Species Clause: Limit one of each Pokémon
|rule|OHKO Clause: OHKO moves are banned
|rule|Evasion Items Clause: Evasion items are banned
|rule|Evasion Moves Clause: Evasion moves are banned
|rule|Evasion Abilities Clause: Evasion abilities are banned
|rule|Sleep Moves Clause: Sleep-inducing moves are banned
|clearpoke
|poke|p1|Dusclops, M|
|poke|p1|Latias, F|
|poke|p1|Registeel|
|poke|p1|Blaziken, M|
|poke|p1|Flygon, F|
|poke|p1|Milotic, F|
|poke|p2|Ogerpon-Wellspring, F|
|poke|p2|Garganacl, M|
|poke|p2|Landorus-Therian, M|
|poke|p2|Kyurem|
|poke|p2|Zapdos-Galar|
|poke|p2|Salazzle, F|
|teampreview
|
|t:|1769443064
|teamsize|p1|6
|teamsize|p2|6
|start
|switch|p1a: Flygon|Flygon, F|100/100
|switch|p2a: Kyurem|Kyurem|100/100
|-ability|p2a: Kyurem|Pressure
|turn|1
|
|t:|1769443072
|switch|p1a: Dusclops|Dusclops, M|100/100
|-ability|p1a: Dusclops|Pressure
|-terastallize|p2a: Kyurem|Fairy
|move|p2a: Kyurem|Freeze-Dry|p1a: Dusclops
|-damage|p1a: Dusclops|74/100
|-damage|p2a: Kyurem|91/100|[from] item: Life Orb
|
|upkeep
|turn|2
|
|t:|1769443083
|switch|p2a: Landorus|Landorus-Therian, M, shiny|100/100
|-ability|p2a: Landorus|Intimidate|boost
|-unboost|p1a: Dusclops|atk|1
|move|p1a: Dusclops|Pain Split|p2a: Landorus
|-sethp|p2a: Landorus|83/100|[from] move: Pain Split|[silent]
|-sethp|p1a: Dusclops|93/100|[from] move: Pain Split
|
|upkeep
|turn|3
|
|t:|1769443092
|move|p2a: Landorus|Crunch|p1a: Dusclops
|-supereffective|p1a: Dusclops
|-damage|p1a: Dusclops|58/100
|move|p1a: Dusclops|Will-O-Wisp|p2a: Landorus
|-status|p2a: Landorus|brn
|
|-damage|p2a: Landorus|77/100 brn|[from] brn
|upkeep
|turn|4
|
|t:|1769443101
|move|p2a: Landorus|Stealth Rock|p1a: Dusclops
|-sidestart|p1: tytardefuego|move: Stealth Rock
|move|p1a: Dusclops|Pain Split|p2a: Landorus
|-sethp|p2a: Landorus|64/100 brn|[from] move: Pain Split|[silent]
|-sethp|p1a: Dusclops|72/100|[from] move: Pain Split
|
|-damage|p2a: Landorus|58/100 brn|[from] brn
|upkeep
|turn|5
|
|t:|1769443112
|switch|p1a: Milotic|Milotic, F|100/100
|-damage|p1a: Milotic|88/100|[from] Stealth Rock
|move|p2a: Landorus|Earthquake|p1a: Milotic
|-damage|p1a: Milotic|57/100
|
|-damage|p2a: Landorus|51/100 brn|[from] brn
|-status|p1a: Milotic|brn|[from] item: Flame Orb
|upkeep
|turn|6
|
|t:|1769443123
|switch|p2a: Ogerpon|Ogerpon-Wellspring, F|100/100
|move|p1a: Milotic|Recover|p1a: Milotic
|-heal|p1a: Milotic|100/100 brn
|
|-damage|p1a: Milotic|94/100 brn|[from] brn
|upkeep
|turn|7
|
|t:|1769443133
|move|p2a: Ogerpon|Wood Hammer|p1a: Milotic
|-supereffective|p1a: Milotic
|-damage|p1a: Milotic|0 fnt
|faint|p1a: Milotic
|-damage|p2a: Ogerpon|60/100|[from] Recoil
|
|upkeep
|inactive|Battle timer is ON: inactive players will automatically lose when time's up. (requested by skayboy31)
|
|t:|1769443146
|switch|p1a: Registeel|Registeel|100/100
|-damage|p1a: Registeel|94/100|[from] Stealth Rock
|turn|8
|
|t:|1769443154
|switch|p2a: Salazzle|Salazzle, F|100/100
|move|p1a: Registeel|Iron Defense|p1a: Registeel
|-boost|p1a: Registeel|def|2
|
|-heal|p1a: Registeel|100/100|[from] item: Leftovers
|upkeep
|turn|9
|
|t:|1769443166
|switch|p1a: Dusclops|Dusclops, M|72/100
|-damage|p1a: Dusclops|60/100|[from] Stealth Rock
|-ability|p1a: Dusclops|Pressure
|move|p2a: Salazzle|Flamethrower|p1a: Dusclops
|-damage|p1a: Dusclops|30/100
|-damage|p2a: Salazzle|91/100|[from] item: Life Orb
|
|upkeep
|turn|10
|
|t:|1769443181
|move|p2a: Salazzle|Flamethrower|p1a: Dusclops
|-damage|p1a: Dusclops|4/100
|-damage|p2a: Salazzle|81/100|[from] item: Life Orb
|move|p1a: Dusclops|Pain Split|p2a: Salazzle
|-sethp|p2a: Salazzle|43/100|[from] move: Pain Split|[silent]
|-sethp|p1a: Dusclops|42/100|[from] move: Pain Split
|
|upkeep
|turn|11
|
|t:|1769443207
|move|p2a: Salazzle|Sludge Bomb|p1a: Dusclops
|-resisted|p1a: Dusclops
|-damage|p1a: Dusclops|28/100
|-status|p1a: Dusclops|psn
|-damage|p2a: Salazzle|33/100|[from] item: Life Orb
|move|p1a: Dusclops|Night Shade|p2a: Salazzle
|-damage|p2a: Salazzle|0 fnt
|faint|p2a: Salazzle
|
|-damage|p1a: Dusclops|15/100 psn|[from] psn
|upkeep
|
|t:|1769443221
|switch|p2a: Zapdos|Zapdos-Galar|100/100
|turn|12
|
|t:|1769443227
|move|p2a: Zapdos|Acrobatics|p1a: Dusclops
|-crit|p1a: Dusclops
|-damage|p1a: Dusclops|0 fnt
|faint|p1a: Dusclops
|
|upkeep
|
|t:|1769443245
|switch|p1a: Flygon|Flygon, F|100/100
|-damage|p1a: Flygon|95/100|[from] Stealth Rock
|turn|13
|
|t:|1769443262
|switch|p2a: Kyurem|Kyurem, tera:Fairy|91/100
|-ability|p2a: Kyurem|Pressure
|move|p1a: Flygon|Dragon Dance|p1a: Flygon
|-boost|p1a: Flygon|atk|1
|-boost|p1a: Flygon|spe|1
|
|upkeep
|turn|14
|inactive|tytardefuego has 120 seconds left.
|
|t:|1769443292
|-terastallize|p1a: Flygon|Fairy
|move|p1a: Flygon|Earthquake|p2a: Kyurem
|-damage|p2a: Kyurem|27/100
|move|p2a: Kyurem|Freeze-Dry|p1a: Flygon
|-damage|p1a: Flygon|31/100
|-damage|p2a: Kyurem|17/100|[from] item: Life Orb
|
|upkeep
|turn|15
|
|t:|1769443321
|move|p1a: Flygon|Tera Blast|p2a: Kyurem|[anim] Tera Blast Fairy
|-damage|p2a: Kyurem|0 fnt
|faint|p2a: Kyurem
|
|upkeep
|
|t:|1769443326
|switch|p2a: Zapdos|Zapdos-Galar|100/100
|turn|16
|
|t:|1769443331
|move|p1a: Flygon|Tera Blast|p2a: Zapdos|[anim] Tera Blast Fairy
|-supereffective|p2a: Zapdos
|-damage|p2a: Zapdos|0 fnt
|faint|p2a: Zapdos
|
|upkeep
|
|t:|1769443338
|switch|p2a: Ogerpon|Ogerpon-Wellspring, F|60/100
|turn|17
|
|t:|1769443341
|move|p1a: Flygon|Tera Blast|p2a: Ogerpon|[anim] Tera Blast Fairy
|-damage|p2a: Ogerpon|0 fnt
|faint|p2a: Ogerpon
|
|upkeep
|
|t:|1769443347
|switch|p2a: Garganacl|Garganacl, M|100/100
|turn|18
|
|t:|1769443351
|move|p1a: Flygon|Earthquake|p2a: Garganacl
|-supereffective|p2a: Garganacl
|-damage|p2a: Garganacl|26/100
|move|p2a: Garganacl|Salt Cure|p1a: Flygon
|-damage|p1a: Flygon|11/100
|-start|p1a: Flygon|Salt Cure
|
|-heal|p2a: Garganacl|32/100|[from] item: Leftovers
|-damage|p1a: Flygon|0 fnt|[from] Salt Cure
|faint|p1a: Flygon
|upkeep
|
|t:|1769443358
|switch|p1a: Blaziken|Blaziken, M|100/100
|turn|19
|
|t:|1769443366
|move|p2a: Garganacl|Protect|p2a: Garganacl
|-singleturn|p2a: Garganacl|Protect
|move|p1a: Blaziken|Swords Dance|p1a: Blaziken
|-boost|p1a: Blaziken|atk|2
|
|-heal|p2a: Garganacl|39/100|[from] item: Leftovers
|-ability|p1a: Blaziken|Speed Boost|boost
|-boost|p1a: Blaziken|spe|1
|upkeep
|turn|20
|
|t:|1769443376
|move|p1a: Blaziken|Close Combat|p2a: Garganacl
|-supereffective|p2a: Garganacl
|-damage|p2a: Garganacl|0 fnt
|-unboost|p1a: Blaziken|def|1
|-unboost|p1a: Blaziken|spd|1
|faint|p2a: Garganacl
|
|-ability|p1a: Blaziken|Speed Boost|boost
|-boost|p1a: Blaziken|spe|1
|upkeep
|
|t:|1769443385
|switch|p2a: Landorus|Landorus-Therian, M, shiny|51/100 brn
|-ability|p2a: Landorus|Intimidate|boost
|-unboost|p1a: Blaziken|atk|1
|turn|21
|
|t:|1769443389
|move|p1a: Blaziken|Flare Blitz|p2a: Landorus
|-damage|p2a: Landorus|0 fnt
|-damage|p1a: Blaziken|84/100|[from] item: Rocky Helmet|[of] p2a: Landorus
|faint|p2a: Landorus
|-damage|p1a: Blaziken|66/100|[from] Recoil
|
|win|tytardefuego
|raw|tytardefuego's rating: 1152 &rarr; <strong>1181</strong><br />(+29 for winning)
|raw|skayboy31's rating: 1207 &rarr; <strong>1178</strong><br />(-29 for losing)
|l|☆skayboy31
|player|p2|
|l|☆tytardefuego
|player|p1|
