|j|☆loveattack
|j|☆and lol
|t:|1769405382
|gametype|singles
|player|p1|loveattack|2|1176
|player|p2|and lol|2|1246
|gen|9
|tier|[Gen 9] OU
|rated|
|rule|HP Percentage Mod: HP is shown in percentages
|rule|Endless Battle Clause: Forcing endless battles is banned
|rule|Species Clause: Limit one of each Pokémon
|rule|OHKO Clause: OHKO moves are banned
|rule|Evasion Items Clause: Evasion items are banned
|rule|Evasion Moves Clause: Evasion moves are banned
|rule|Evasion Abilities Clause: Evasion abilities are banned
|rule|Sleep Moves Clause: Sleep-inducing moves are banned
|clearpoke
|poke|p1|Iron Valiant|
|poke|p1|Great Tusk|
|poke|p1|Dragonite, M|
|poke|p1|Deoxys-Speed|
|poke|p1|Glimmora, F|
|poke|p1|Kingambit, M|
|poke|p2|Clefable, F|
|poke|p2|Incineroar, F|
|poke|p2|Thundurus-Therian, M|
|poke|p2|Iron Hands|
|poke|p2|Samurott-Hisui, F|
|poke|p2|Electrode|
|teampreview
|
|t:|1769405426
|teamsize|p1|6
|teamsize|p2|6
|start
|switch|p1a: Iron Valiant|Iron Valiant|100/100
|switch|p2a: Incineroar|Incineroar, F|100/100
|-ability|p2a: Incineroar|Intimidate|boost
|-unboost|p1a: Iron Valiant|atk|1
|-enditem|p1a: Iron Valiant|Booster Energy
|-activate|p1a: Iron Valiant|ability: Quark Drive|[fromitem]
|-start|p1a: Iron Valiant|quarkdrivespe
|turn|1
|
|t:|1769405444
|-end|p1a: Iron Valiant|Quark Drive|[silent]
|switch|p1a: Great Tusk|Great Tusk|100/100
|-enditem|p1a: Great Tusk|Booster Energy
|-activate|p1a: Great Tusk|ability: Protosynthesis|[fromitem]
|-start|p1a: Great Tusk|protosynthesisspe
|move|p2a: Incineroar|Parting Shot|p1a: Great Tusk
|-unboost|p1a: Great Tusk|atk|1
|-unboost|p1a: Great Tusk|spa|1
|
|t:|1769405465
|switch|p2a: Clefable|Clefable, F|100/100|[from] Parting Shot
|
|upkeep
|turn|2
|
|t:|1769405472
|move|p1a: Great Tusk|Taunt|p2a: Clefable
|-start|p2a: Clefable|move: Taunt
|cant|p2a: Clefable|move: Taunt|Stealth Rock
|
|upkeep
|turn|3
|
|t:|1769405477
|-end|p1a: Great Tusk|Protosynthesis|[silent]
|switch|p1a: Deoxys|Deoxys-Speed|100/100
|-ability|p1a: Deoxys|Pressure
|move|p2a: Clefable|Moonblast|p1a: Deoxys
|-damage|p1a: Deoxys|64/100
|-unboost|p1a: Deoxys|spa|1
|
|upkeep
|turn|4
|
|t:|1769405494
|switch|p2a: Samurott|Samurott-Hisui, F|100/100
|move|p1a: Deoxys|Light Screen|p1a: Deoxys
|-sidestart|p1: loveattack|move: Light Screen
|
|upkeep
|turn|5
|
|t:|1769405535
|move|p1a: Deoxys|Reflect|p1a: Deoxys
|-sidestart|p1: loveattack|Reflect
|move|p2a: Samurott|Ceaseless Edge|p1a: Deoxys
|-supereffective|p1a: Deoxys
|-damage|p1a: Deoxys|13/100
|-sidestart|p1: loveattack|Spikes
|
|upkeep
|turn|6
|
|t:|1769405570
|switch|p1a: Dragonite|Dragonite, M|100/100
|move|p2a: Samurott|Ceaseless Edge|p1a: Dragonite
|-damage|p1a: Dragonite|90/100
|-sidestart|p1: loveattack|Spikes
|
|-heal|p1a: Dragonite|96/100|[from] item: Leftovers
|upkeep
|turn|7
|
|t:|1769405580
|move|p1a: Dragonite|Substitute|p1a: Dragonite
|-start|p1a: Dragonite|Substitute
|-damage|p1a: Dragonite|71/100
|move|p2a: Samurott|Flip Turn|p1a: Dragonite
|-resisted|p1a: Dragonite
|-activate|p1a: Dragonite|move: Substitute|[damage]
|
|t:|1769405587
|switch|p2a: Incineroar|Incineroar, F|100/100|[from] Flip Turn
|-ability|p2a: Incineroar|Intimidate|boost
|-immune|p1a: Dragonite
|
|-heal|p1a: Dragonite|78/100|[from] item: Leftovers
|upkeep
|turn|8
|
|t:|1769405596
|move|p1a: Dragonite|Earthquake|p2a: Incineroar
|-supereffective|p2a: Incineroar
|-damage|p2a: Incineroar|36/100
|move|p2a: Incineroar|Flare Blitz|p1a: Dragonite
|-resisted|p1a: Dragonite
|-activate|p1a: Dragonite|move: Substitute|[damage]
|-damage|p2a: Incineroar|33/100|[from] Recoil|[of] p1a: Dragonite
|
|-heal|p1a: Dragonite|84/100|[from] item: Leftovers
|upkeep
|turn|9
|
|t:|1769405615
|switch|p2a: Electrode|Electrode|100/100
|move|p1a: Dragonite|Dragon Dance|p1a: Dragonite
|-boost|p1a: Dragonite|atk|1
|-boost|p1a: Dragonite|spe|1
|
|-heal|p1a: Dragonite|90/100|[from] item: Leftovers
|upkeep
|turn|10
|
|t:|1769405632
|move|p2a: Electrode|Taunt|p1a: Dragonite
|-start|p1a: Dragonite|move: Taunt
|move|p1a: Dragonite|Earthquake|p2a: Electrode
|-supereffective|p2a: Electrode
|-damage|p2a: Electrode|0 fnt
|faint|p2a: Electrode
|
|-heal|p1a: Dragonite|96/100|[from] item: Leftovers
|upkeep
|
|t:|1769405642
|switch|p2a: Iron Hands|Iron Hands|100/100
|turn|11
|
|t:|1769405657
|-terastallize|p2a: Iron Hands|Fighting
|move|p1a: Dragonite|Earthquake|p2a: Iron Hands
|-damage|p2a: Iron Hands|65/100
|move|p2a: Iron Hands|Ice Punch|p1a: Dragonite
|-supereffective|p1a: Dragonite
|-end|p1a: Dragonite|Substitute
|
|-heal|p1a: Dragonite|100/100|[from] item: Leftovers
|-heal|p2a: Iron Hands|71/100|[from] item: Leftovers
|-sideend|p1: loveattack|move: Light Screen
|upkeep
|turn|12
|
|t:|1769405669
|-terastallize|p1a: Dragonite|Flying
|move|p1a: Dragonite|Tera Blast|p2a: Iron Hands|[anim] Tera Blast Flying
|-supereffective|p2a: Iron Hands
|-damage|p2a: Iron Hands|0 fnt
|faint|p2a: Iron Hands
|-end|p2a: Iron Hands|Quark Drive|[silent]
|
|-end|p1a: Dragonite|move: Taunt
|-sideend|p1: loveattack|Reflect
|upkeep
|
|t:|1769405688
|switch|p2a: Clefable|Clefable, F|100/100
|turn|13
|
|t:|1769405701
|move|p1a: Dragonite|Substitute|p1a: Dragonite
|-start|p1a: Dragonite|Substitute
|-damage|p1a: Dragonite|76/100
|move|p2a: Clefable|Thunder Wave||[still]
|-fail|p2a: Clefable
|
|-heal|p1a: Dragonite|82/100|[from] item: Leftovers
|upkeep
|turn|14
|
|t:|1769405710
|move|p1a: Dragonite|Dragon Dance|p1a: Dragonite
|-boost|p1a: Dragonite|atk|1
|-boost|p1a: Dragonite|spe|1
|move|p2a: Clefable|Moonblast|p1a: Dragonite
|-end|p1a: Dragonite|Substitute
|
|-heal|p1a: Dragonite|88/100|[from] item: Leftovers
|upkeep
|turn|15
|
|t:|1769405718
|move|p1a: Dragonite|Dragon Dance|p1a: Dragonite
|-boost|p1a: Dragonite|atk|1
|-boost|p1a: Dragonite|spe|1
|move|p2a: Clefable|Thunder Wave|p1a: Dragonite
|-status|p1a: Dragonite|par
|
|-heal|p1a: Dragonite|94/100 par|[from] item: Leftovers
|upkeep
|turn|16
|
|t:|1769405730
|cant|p1a: Dragonite|par
|move|p2a: Clefable|Moonblast|p1a: Dragonite
|-damage|p1a: Dragonite|58/100 par
|
|-heal|p1a: Dragonite|64/100 par|[from] item: Leftovers
|upkeep
|turn|17
|
|t:|1769405736
|move|p1a: Dragonite|Tera Blast|p2a: Clefable|[anim] Tera Blast Flying
|-damage|p2a: Clefable|0 fnt
|faint|p2a: Clefable
|
|-heal|p1a: Dragonite|70/100 par|[from] item: Leftovers
|upkeep
|
|t:|1769405745
|switch|p2a: Thundurus|Thundurus-Therian, M|100/100
|turn|18
|
|t:|1769405773
|move|p1a: Dragonite|Earthquake|p2a: Thundurus
|-immune|p2a: Thundurus
|move|p2a: Thundurus|Grass Knot|p1a: Dragonite
|-resisted|p1a: Dragonite
|-damage|p1a: Dragonite|47/100 par
|
|-heal|p1a: Dragonite|53/100 par|[from] item: Leftovers
|upkeep
|turn|19
|
|t:|1769405782
|move|p1a: Dragonite|Substitute|p1a: Dragonite
|-start|p1a: Dragonite|Substitute
|-damage|p1a: Dragonite|28/100 par
|move|p2a: Thundurus|Thunderbolt|p1a: Dragonite
|-supereffective|p1a: Dragonite
|-end|p1a: Dragonite|Substitute
|
|-heal|p1a: Dragonite|35/100 par|[from] item: Leftovers
|upkeep
|turn|20
|
|t:|1769405790
|move|p1a: Dragonite|Substitute|p1a: Dragonite
|-start|p1a: Dragonite|Substitute
|-damage|p1a: Dragonite|10/100 par
|move|p2a: Thundurus|Thunderbolt|p1a: Dragonite
|-supereffective|p1a: Dragonite
|-end|p1a: Dragonite|Substitute
|
|-heal|p1a: Dragonite|16/100 par|[from] item: Leftovers
|upkeep
|turn|21
|
|t:|1769405808
|switch|p1a: Great Tusk|Great Tusk|100/100
|-damage|p1a: Great Tusk|84/100|[from] Spikes
|move|p2a: Thundurus|Thunderbolt|p1a: Great Tusk
|-immune|p1a: Great Tusk
|
|upkeep
|turn|22
|
|t:|1769405850
|-end|p1a: Great Tusk|Protosynthesis|[silent]
|switch|p1a: Glimmora|Glimmora, F|100/100
|-damage|p1a: Glimmora|84/100|[from] Spikes
|move|p2a: Thundurus|Grass Knot|p1a: Glimmora
|-damage|p1a: Glimmora|54/100
|
|upkeep
|turn|23
|
|t:|1769405865
|move|p2a: Thundurus|Thunderbolt|p1a: Glimmora
|-damage|p1a: Glimmora|0 fnt
|faint|p1a: Glimmora
|
|upkeep
|
|t:|1769405869
|switch|p1a: Deoxys|Deoxys-Speed|13/100
|-damage|p1a: Deoxys|0 fnt|[from] Spikes
|faint|p1a: Deoxys
|
|t:|1769405876
|switch|p1a: Iron Valiant|Iron Valiant|100/100
|-damage|p1a: Iron Valiant|84/100|[from] Spikes
|turn|24
|
|t:|1769405895
|switch|p2a: Incineroar|Incineroar, F|33/100
|-ability|p2a: Incineroar|Intimidate|boost
|-unboost|p1a: Iron Valiant|atk|1
|move|p1a: Iron Valiant|Knock Off|p2a: Incineroar
|-resisted|p2a: Incineroar
|-damage|p2a: Incineroar|23/100
|-enditem|p2a: Incineroar|Heavy-Duty Boots|[from] move: Knock Off|[of] p1a: Iron Valiant
|
|upkeep
|turn|25
|
|t:|1769405905
|move|p1a: Iron Valiant|Moonblast|p2a: Incineroar
|-damage|p2a: Incineroar|0 fnt
|faint|p2a: Incineroar
|
|upkeep
|
|t:|1769405922
|switch|p2a: Thundurus|Thundurus-Therian, M|100/100
|turn|26
|
|t:|1769405927
|-end|p1a: Iron Valiant|Quark Drive|[silent]
|switch|p1a: Dragonite|Dragonite, M, tera:Flying|16/100 par
|move|p2a: Thundurus|Thunderbolt|p1a: Dragonite
|-supereffective|p1a: Dragonite
|-damage|p1a: Dragonite|0 fnt
|faint|p1a: Dragonite
|
|upkeep
|
|t:|1769405939
|switch|p1a: Kingambit|Kingambit, M|100/100
|-damage|p1a: Kingambit|84/100|[from] Spikes
|-activate|p1a: Kingambit|ability: Supreme Overlord
|-start|p1a: Kingambit|fallen3|[silent]
|turn|27
|
|t:|1769405948
|switch|p2a: Samurott|Samurott-Hisui, F|100/100
|move|p1a: Kingambit|Swords Dance|p1a: Kingambit
|-boost|p1a: Kingambit|atk|2
|
|upkeep
|turn|28
|
|t:|1769405955
|move|p2a: Samurott|Razor Shell|p1a: Kingambit
|-damage|p1a: Kingambit|42/100
|move|p1a: Kingambit|Low Kick|p2a: Samurott
|-supereffective|p2a: Samurott
|-damage|p2a: Samurott|0 fnt
|faint|p2a: Samurott
|
|upkeep
|
|t:|1769405961
|switch|p2a: Thundurus|Thundurus-Therian, M|100/100
|turn|29
|
|t:|1769405964
|move|p1a: Kingambit|Sucker Punch|p2a: Thundurus
|-damage|p2a: Thundurus|0 fnt
|faint|p2a: Thundurus
|
|win|loveattack
|raw|loveattack's rating: 1176 &rarr; <strong>1206</strong><br />(+30 for winning)
|raw|and lol's rating: 1246 &rarr; <strong>1216</strong><br />(-30 for losing)
|l|☆and lol
|player|p2|
|l|☆loveattack
|player|p1|
