|j|☆testingolem
|j|☆witdflow
|t:|1769413629
|gametype|singles
|player|p1|testingolem|scientist-gen4dp|1249
|player|p2|witdflow|norman|1269
|gen|9
|tier|[Gen 9] OU
|rated|
|rule|HP Percentage Mod: HP is shown in percentages
|rule|Endless Battle Clause: Forcing endless battles is banned
|rule|Species Clause: Limit one of each Pokémon
|rule|OHKO Clause: OHKO moves are banned
|rule|Evasion Items Clause: Evasion items are banned
|rule|Evasion Moves Clause: Evasion moves are banned
|rule|Evasion Abilities Clause: Evasion abilities are banned
|rule|Sleep Moves Clause: Sleep-inducing moves are banned
|clearpoke
|poke|p1|Golem-Alola, F|
|poke|p1|Gliscor, M|
|poke|p1|Heatran, F|
|poke|p1|Tornadus-Therian, M|
|poke|p1|Kyurem|
|poke|p1|Quaquaval, M|
|poke|p2|Ting-Lu|
|poke|p2|Weezing-Galar, M|
|poke|p2|Kyurem|
|poke|p2|Clefable, F|
|poke|p2|Slowking-Galar, M|
|poke|p2|Alomomola, F|
|teampreview
|
|t:|1769413635
|teamsize|p1|6
|teamsize|p2|6
|start
|switch|p1a: Gliscor|Gliscor, M|100/100
|switch|p2a: Weezing|Weezing-Galar, M|100/100
|turn|1
|
|t:|1769413639
|move|p1a: Gliscor|Protect|p1a: Gliscor
|-singleturn|p1a: Gliscor|Protect
|move|p2a: Weezing|Will-O-Wisp|p1a: Gliscor
|-activate|p1a: Gliscor|move: Protect
|
|-status|p1a: Gliscor|tox|[from] item: Toxic Orb
|upkeep
|turn|2
|
|t:|1769413644
|move|p1a: Gliscor|Knock Off|p2a: Weezing
|-resisted|p2a: Weezing
|-damage|p2a: Weezing|94/100
|-damage|p1a: Gliscor|84/100 tox|[from] item: Rocky Helmet|[of] p2a: Weezing
|-enditem|p2a: Weezing|Rocky Helmet|[from] move: Knock Off|[of] p1a: Gliscor
|move|p2a: Weezing|Toxic Spikes|p1a: Gliscor
|-sidestart|p1: testingolem|move: Toxic Spikes
|
|-heal|p1a: Gliscor|96/100 tox|[from] ability: Poison Heal
|upkeep
|turn|3
|
|t:|1769413658
|switch|p2a: Alomomola|Alomomola, F|100/100
|move|p1a: Gliscor|Spikes|p2a: Alomomola
|-sidestart|p2: witdflow|Spikes
|
|-heal|p1a: Gliscor|100/100 tox|[from] ability: Poison Heal
|upkeep
|turn|4
|
|t:|1769413665
|switch|p2a: Weezing|Weezing-Galar, M|94/100
|move|p1a: Gliscor|Knock Off|p2a: Weezing
|-resisted|p2a: Weezing
|-damage|p2a: Weezing|89/100
|
|upkeep
|turn|5
|
|t:|1769413675
|move|p1a: Gliscor|Spikes|p2a: Weezing
|-sidestart|p2: witdflow|Spikes
|move|p2a: Weezing|Defog|p1a: Gliscor
|-unboost|p1a: Gliscor|evasion|1
|-sideend|p1: testingolem|Toxic Spikes|[from] move: Defog|[of] p2a: Weezing
|-sideend|p2: witdflow|Spikes|[from] move: Defog|[of] p2a: Weezing
|
|upkeep
|turn|6
|
|t:|1769413679
|switch|p1a: Kyurem|Kyurem|100/100
|-ability|p1a: Kyurem|Pressure
|switch|p2a: Slowking|Slowking-Galar, M, shiny|100/100
|
|upkeep
|turn|7
|
|t:|1769413683
|switch|p1a: Heatran|Heatran, F|100/100
|move|p2a: Slowking|Trick|p1a: Heatran
|-activate|p2a: Slowking|move: Trick|[of] p1a: Heatran
|-item|p1a: Heatran|Black Sludge|[from] move: Trick
|-item|p2a: Slowking|Leftovers|[from] move: Trick
|
|-damage|p1a: Heatran|88/100|[from] item: Black Sludge
|upkeep
|turn|8
|
|t:|1769413693
|move|p1a: Heatran|Magma Storm|p2a: Slowking
|-damage|p2a: Slowking|76/100
|-activate|p2a: Slowking|move: Magma Storm|[of] p1a: Heatran
|move|p2a: Slowking|Whirlpool|p1a: Heatran
|-supereffective|p1a: Heatran
|-damage|p1a: Heatran|74/100
|-activate|p1a: Heatran|move: Whirlpool|[of] p2a: Slowking
|
|-damage|p1a: Heatran|62/100|[from] item: Black Sludge
|-heal|p2a: Slowking|82/100|[from] item: Leftovers
|-damage|p1a: Heatran|49/100|[from] move: Whirlpool|[partiallytrapped]
|-damage|p2a: Slowking|70/100|[from] move: Magma Storm|[partiallytrapped]
|upkeep
|turn|9
|
|t:|1769413703
|move|p1a: Heatran|Taunt|p2a: Slowking
|-start|p2a: Slowking|move: Taunt
|cant|p2a: Slowking|move: Taunt|Slack Off
|
|-damage|p1a: Heatran|37/100|[from] item: Black Sludge
|-heal|p2a: Slowking|76/100|[from] item: Leftovers
|-damage|p1a: Heatran|24/100|[from] move: Whirlpool|[partiallytrapped]
|-damage|p2a: Slowking|63/100|[from] move: Magma Storm|[partiallytrapped]
|upkeep
|turn|10
|
|t:|1769413707
|move|p1a: Heatran|Earth Power|p2a: Slowking
|-supereffective|p2a: Slowking
|-damage|p2a: Slowking|32/100
|move|p2a: Slowking|Future Sight|p1a: Heatran
|-start|p2a: Slowking|move: Future Sight
|
|-damage|p1a: Heatran|12/100|[from] item: Black Sludge
|-heal|p2a: Slowking|38/100|[from] item: Leftovers
|-damage|p1a: Heatran|0 fnt|[from] move: Whirlpool|[partiallytrapped]
|faint|p1a: Heatran
|-end|p2a: Slowking|Magma Storm|[partiallytrapped]|[silent]
|upkeep
|
|t:|1769413711
|switch|p1a: Kyurem|Kyurem|100/100
|-ability|p1a: Kyurem|Pressure
|turn|11
|
|t:|1769413719
|switch|p2a: Clefable|Clefable, F, shiny|100/100
|-terastallize|p1a: Kyurem|Ice
|move|p1a: Kyurem|Freeze-Dry|p2a: Clefable
|-damage|p2a: Clefable|49/100
|
|-heal|p2a: Clefable|55/100|[from] item: Leftovers
|upkeep
|turn|12
|
|t:|1769413722
|move|p2a: Clefable|Protect|p2a: Clefable
|-singleturn|p2a: Clefable|Protect
|move|p1a: Kyurem|Freeze-Dry|p2a: Clefable
|-activate|p2a: Clefable|move: Protect
|
|-end|p1a: Kyurem|move: Future Sight
|-damage|p1a: Kyurem|54/100
|-heal|p2a: Clefable|61/100|[from] item: Leftovers
|upkeep
|turn|13
|
|t:|1769413725
|switch|p1a: Golem|Golem-Alola, F|100/100
|move|p2a: Clefable|Wish|p2a: Clefable
|
|-heal|p2a: Clefable|68/100|[from] item: Leftovers
|upkeep
|turn|14
|
|t:|1769413730
|move|p2a: Clefable|Protect|p2a: Clefable
|-singleturn|p2a: Clefable|Protect
|move|p1a: Golem|Thunder Wave|p2a: Clefable
|-activate|p2a: Clefable|move: Protect
|
|-heal|p2a: Clefable|100/100|[from] move: Wish|[wisher] Clefable
|upkeep
|turn|15
|
|t:|1769413736
|switch|p2a: Ting-Lu|Ting-Lu, shiny|100/100
|-ability|p2a: Ting-Lu|Vessel of Ruin
|move|p1a: Golem|Stealth Rock|p2a: Ting-Lu
|-sidestart|p2: witdflow|move: Stealth Rock
|
|upkeep
|turn|16
|
|t:|1769413743
|switch|p1a: Quaquaval|Quaquaval, M|100/100
|move|p2a: Ting-Lu|Stealth Rock|p1a: Quaquaval
|-sidestart|p1: testingolem|move: Stealth Rock
|
|upkeep
|turn|17
|
|t:|1769413748
|switch|p2a: Alomomola|Alomomola, F|100/100
|-damage|p2a: Alomomola|88/100|[from] Stealth Rock
|move|p1a: Quaquaval|Rapid Spin|p2a: Alomomola
|-damage|p2a: Alomomola|79/100
|-boost|p1a: Quaquaval|spe|1
|-damage|p1a: Quaquaval|84/100|[from] item: Rocky Helmet|[of] p2a: Alomomola
|-sideend|p1: testingolem|Stealth Rock|[from] move: Rapid Spin|[of] p1a: Quaquaval
|
|upkeep
|turn|18
|
|t:|1769413753
|switch|p1a: Kyurem|Kyurem, tera:Ice|54/100
|-ability|p1a: Kyurem|Pressure
|move|p2a: Alomomola|Light Screen|p2a: Alomomola
|-sidestart|p2: witdflow|move: Light Screen
|
|upkeep
|turn|19
|
|t:|1769413760
|switch|p1a: Quaquaval|Quaquaval, M|84/100
|switch|p2a: Clefable|Clefable, F, shiny|100/100
|-damage|p2a: Clefable|88/100|[from] Stealth Rock
|
|-heal|p2a: Clefable|94/100|[from] item: Leftovers
|upkeep
|turn|20
|
|t:|1769413767
|move|p1a: Quaquaval|Knock Off|p2a: Clefable
|-resisted|p2a: Clefable
|-damage|p2a: Clefable|75/100
|-enditem|p2a: Clefable|Leftovers|[from] move: Knock Off|[of] p1a: Quaquaval
|move|p2a: Clefable|Wish|p2a: Clefable
|
|upkeep
|turn|21
|
|t:|1769413771
|switch|p1a: Tornadus|Tornadus-Therian, M|100/100
|move|p2a: Clefable|Thunder Wave|p1a: Tornadus
|-status|p1a: Tornadus|par
|
|-heal|p2a: Clefable|100/100|[from] move: Wish|[wisher] Clefable
|upkeep
|turn|22
|
|t:|1769413779
|move|p1a: Tornadus|Nasty Plot|p1a: Tornadus
|-boost|p1a: Tornadus|spa|2
|move|p2a: Clefable|Wish|p2a: Clefable
|
|-sideend|p2: witdflow|move: Light Screen
|upkeep
|turn|23
|
|t:|1769413781
|move|p1a: Tornadus|Sludge Wave|p2a: Clefable
|-supereffective|p2a: Clefable
|-damage|p2a: Clefable|58/100
|-status|p2a: Clefable|psn
|move|p2a: Clefable|Moonblast|p1a: Tornadus
|-damage|p1a: Tornadus|60/100 par
|-unboost|p1a: Tornadus|spa|1
|
|-heal|p2a: Clefable|100/100 psn|[from] move: Wish|[wisher] Clefable
|-damage|p2a: Clefable|88/100 psn|[from] psn
|upkeep
|turn|24
|
|t:|1769413788
|move|p1a: Tornadus|Bleakwind Storm|p2a: Clefable
|-damage|p2a: Clefable|58/100 psn
|move|p2a: Clefable|Wish|p2a: Clefable
|
|-damage|p2a: Clefable|46/100 psn|[from] psn
|upkeep
|turn|25
|
|t:|1769413792
|switch|p1a: Kyurem|Kyurem, tera:Ice|54/100
|-ability|p1a: Kyurem|Pressure
|move|p2a: Clefable|Moonblast|p1a: Kyurem
|-damage|p1a: Kyurem|23/100
|-unboost|p1a: Kyurem|spa|1
|
|-heal|p2a: Clefable|96/100 psn|[from] move: Wish|[wisher] Clefable
|-damage|p2a: Clefable|83/100 psn|[from] psn
|upkeep
|turn|26
|
|t:|1769413800
|switch|p1a: Golem|Golem-Alola, F|100/100
|move|p2a: Clefable|Thunder Wave|p1a: Golem
|-immune|p1a: Golem
|
|-damage|p2a: Clefable|71/100 psn|[from] psn
|upkeep
|turn|27
|
|t:|1769413810
|switch|p2a: Ting-Lu|Ting-Lu, shiny|100/100
|-damage|p2a: Ting-Lu|94/100|[from] Stealth Rock
|-ability|p2a: Ting-Lu|Vessel of Ruin
|move|p1a: Golem|Supercell Slam|p2a: Ting-Lu
|-immune|p2a: Ting-Lu
|-damage|p1a: Golem|50/100|[from] supercellslam
|
|-heal|p2a: Ting-Lu|100/100|[from] item: Leftovers
|upkeep
|turn|28
|
|t:|1769413815
|switch|p1a: Quaquaval|Quaquaval, M|84/100
|move|p2a: Ting-Lu|Stealth Rock|p1a: Quaquaval
|-sidestart|p1: testingolem|move: Stealth Rock
|
|upkeep
|turn|29
|
|t:|1769413819
|switch|p2a: Alomomola|Alomomola, F|100/100
|-damage|p2a: Alomomola|88/100|[from] Stealth Rock
|move|p1a: Quaquaval|Knock Off|p2a: Alomomola
|-damage|p2a: Alomomola|71/100
|-damage|p1a: Quaquaval|68/100|[from] item: Rocky Helmet|[of] p2a: Alomomola
|-enditem|p2a: Alomomola|Rocky Helmet|[from] move: Knock Off|[of] p1a: Quaquaval
|
|upkeep
|turn|30
|
|t:|1769413826
|move|p1a: Quaquaval|Rapid Spin|p2a: Alomomola
|-damage|p2a: Alomomola|62/100
|-boost|p1a: Quaquaval|spe|1
|-sideend|p1: testingolem|Stealth Rock|[from] move: Rapid Spin|[of] p1a: Quaquaval
|move|p2a: Alomomola|Wish|p2a: Alomomola
|
|upkeep
|turn|31
|
|t:|1769413831
|switch|p1a: Golem|Golem-Alola, F|50/100
|move|p2a: Alomomola|Light Screen|p2a: Alomomola
|-sidestart|p2: witdflow|move: Light Screen
|
|-heal|p2a: Alomomola|100/100|[from] move: Wish|[wisher] Alomomola
|upkeep
|turn|32
|
|t:|1769413839
|switch|p1a: Quaquaval|Quaquaval, M|68/100
|switch|p2a: Ting-Lu|Ting-Lu, shiny|100/100
|-damage|p2a: Ting-Lu|94/100|[from] Stealth Rock
|-ability|p2a: Ting-Lu|Vessel of Ruin
|
|-heal|p2a: Ting-Lu|100/100|[from] item: Leftovers
|upkeep
|turn|33
|
|t:|1769413843
|switch|p2a: Alomomola|Alomomola, F|100/100
|-damage|p2a: Alomomola|88/100|[from] Stealth Rock
|move|p1a: Quaquaval|Knock Off|p2a: Alomomola
|-damage|p2a: Alomomola|77/100
|
|upkeep
|turn|34
|
|t:|1769413848
|switch|p1a: Gliscor|Gliscor, M|100/100 tox
|move|p2a: Alomomola|Wish|p2a: Alomomola
|
|upkeep
|turn|35
|
|t:|1769413855
|switch|p2a: Slowking|Slowking-Galar, M, shiny|71/100
|-damage|p2a: Slowking|59/100|[from] Stealth Rock
|move|p1a: Gliscor|U-turn|p2a: Slowking
|-damage|p2a: Slowking|43/100
|
|t:|1769413857
|switch|p1a: Kyurem|Kyurem, tera:Ice|23/100|[from] U-turn
|-ability|p1a: Kyurem|Pressure
|
|-heal|p2a: Slowking|100/100|[from] move: Wish|[wisher] Alomomola
|-sideend|p2: witdflow|move: Light Screen
|upkeep
|turn|36
|
|t:|1769413864
|move|p1a: Kyurem|Ice Beam|p2a: Slowking
|-damage|p2a: Slowking|42/100
|move|p2a: Slowking|Future Sight|p1a: Kyurem
|-start|p2a: Slowking|move: Future Sight
|
|-heal|p2a: Slowking|48/100|[from] item: Leftovers
|upkeep
|turn|37
|
|t:|1769413875
|switch|p2a: Alomomola|Alomomola, F|100/100
|-damage|p2a: Alomomola|88/100|[from] Stealth Rock
|move|p1a: Kyurem|Ice Beam|p2a: Alomomola
|-resisted|p2a: Alomomola
|-damage|p2a: Alomomola|29/100
|
|upkeep
|turn|38
|
|t:|1769413881
|switch|p1a: Golem|Golem-Alola, F|50/100
|move|p2a: Alomomola|Protect||[still]
|-fail|p2a: Alomomola
|
|-end|p1a: Golem|move: Future Sight
|-damage|p1a: Golem|0 fnt
|faint|p1a: Golem
|upkeep
|
|t:|1769413884
|switch|p1a: Kyurem|Kyurem, tera:Ice|23/100
|-ability|p1a: Kyurem|Pressure
|turn|39
|
|t:|1769413891
|move|p2a: Alomomola|Protect|p2a: Alomomola
|-singleturn|p2a: Alomomola|Protect
|move|p1a: Kyurem|Ice Beam|p2a: Alomomola
|-activate|p2a: Alomomola|move: Protect
|
|upkeep
|turn|40
|
|t:|1769413905
|switch|p2a: Clefable|Clefable, F, shiny|71/100 psn
|-damage|p2a: Clefable|59/100 psn|[from] Stealth Rock
|move|p1a: Kyurem|Ice Beam|p2a: Clefable
|-damage|p2a: Clefable|0 fnt
|faint|p2a: Clefable
|
|upkeep
|
|t:|1769413922
|switch|p2a: Slowking|Slowking-Galar, M, shiny|81/100
|-damage|p2a: Slowking|69/100|[from] Stealth Rock
|turn|41
|
|t:|1769413929
|move|p1a: Kyurem|Ice Beam|p2a: Slowking
|-damage|p2a: Slowking|13/100
|move|p2a: Slowking|Future Sight|p1a: Kyurem
|-start|p2a: Slowking|move: Future Sight
|
|-heal|p2a: Slowking|19/100|[from] item: Leftovers
|upkeep
|turn|42
|
|t:|1769413932
|move|p1a: Kyurem|Ice Beam|p2a: Slowking
|-damage|p2a: Slowking|0 fnt
|faint|p2a: Slowking
|
|upkeep
|
|t:|1769413938
|switch|p2a: Kyurem|Kyurem, shiny|100/100
|-damage|p2a: Kyurem|76/100|[from] Stealth Rock
|-ability|p2a: Kyurem|Pressure
|turn|43
|
|t:|1769413945
|move|p1a: Kyurem|Ice Beam|p2a: Kyurem
|-damage|p2a: Kyurem|1/100
|move|p2a: Kyurem|Substitute|p2a: Kyurem
|-fail|p2a: Kyurem|move: Substitute|[weak]
|
|-end|p1a: Kyurem|move: Future Sight
|-damage|p1a: Kyurem|0 fnt
|faint|p1a: Kyurem
|-heal|p2a: Kyurem|7/100|[from] item: Leftovers
|upkeep
|
|t:|1769413949
|switch|p1a: Quaquaval|Quaquaval, M|68/100
|turn|44
|
|t:|1769413958
|move|p1a: Quaquaval|Aqua Jet|p2a: Kyurem
|-resisted|p2a: Kyurem
|-damage|p2a: Kyurem|1/100
|move|p2a: Kyurem|Reflect|p2a: Kyurem
|-sidestart|p2: witdflow|Reflect
|
|-heal|p2a: Kyurem|8/100|[from] item: Leftovers
|upkeep
|turn|45
|
|t:|1769413965
|move|p1a: Quaquaval|Knock Off|p2a: Kyurem
|-damage|p2a: Kyurem|0 fnt
|-enditem|p2a: Kyurem|Leftovers|[from] move: Knock Off|[of] p1a: Quaquaval
|faint|p2a: Kyurem
|-ability|p1a: Quaquaval|Moxie|boost
|-boost|p1a: Quaquaval|atk|1
|
|upkeep
|
|t:|1769413969
|switch|p2a: Weezing|Weezing-Galar, M|89/100
|-damage|p2a: Weezing|77/100|[from] Stealth Rock
|turn|46
|
|t:|1769413976
|switch|p1a: Gliscor|Gliscor, M|100/100 tox
|move|p2a: Weezing|Will-O-Wisp|p1a: Gliscor|[miss]
|-miss|p2a: Weezing|p1a: Gliscor
|
|upkeep
|turn|47
|
|t:|1769413988
|switch|p2a: Alomomola|Alomomola, F|62/100
|-damage|p2a: Alomomola|50/100|[from] Stealth Rock
|move|p1a: Gliscor|Spikes|p2a: Alomomola
|-sidestart|p2: witdflow|Spikes
|
|upkeep
|turn|48
|c|☆testingolem|gg
|
|t:|1769413994
|move|p1a: Gliscor|Spikes|p2a: Alomomola
|-sidestart|p2: witdflow|Spikes
|move|p2a: Alomomola|Wish|p2a: Alomomola
|
|-sideend|p2: witdflow|Reflect
|upkeep
|turn|49
|
|t:|1769413998
|switch|p1a: Tornadus|Tornadus-Therian, M|93/100 par
|move|p2a: Alomomola|Light Screen|p2a: Alomomola
|-sidestart|p2: witdflow|move: Light Screen
|
|-heal|p2a: Alomomola|99/100|[from] move: Wish|[wisher] Alomomola
|upkeep
|turn|50
|
|t:|1769414004
|switch|p1a: Gliscor|Gliscor, M|100/100 tox
|move|p2a: Alomomola|Wish|p2a: Alomomola
|
|upkeep
|turn|51
|
|t:|1769414008
|move|p1a: Gliscor|U-turn|p2a: Alomomola
|-damage|p2a: Alomomola|92/100
|
|t:|1769414011
|switch|p1a: Quaquaval|Quaquaval, M|68/100|[from] U-turn
|move|p2a: Alomomola|Flip Turn|p1a: Quaquaval
|-resisted|p1a: Quaquaval
|-damage|p1a: Quaquaval|56/100
|
|t:|1769414017
|switch|p2a: Weezing|Weezing-Galar, M|77/100|[from] Flip Turn
|-damage|p2a: Weezing|65/100|[from] Stealth Rock
|
|-heal|p2a: Weezing|100/100|[from] move: Wish|[wisher] Alomomola
|upkeep
|turn|52
|
|t:|1769414023
|move|p1a: Quaquaval|Aqua Step|p2a: Weezing
|-damage|p2a: Weezing|74/100
|-boost|p1a: Quaquaval|spe|1
|move|p2a: Weezing|Toxic Spikes|p1a: Quaquaval
|-sidestart|p1: testingolem|move: Toxic Spikes
|
|upkeep
|turn|53
|
|t:|1769414031
|switch|p1a: Tornadus|Tornadus-Therian, M|100/100 par
|move|p2a: Weezing|Will-O-Wisp|p1a: Tornadus|[miss]
|-miss|p2a: Weezing|p1a: Tornadus
|
|-sideend|p2: witdflow|move: Light Screen
|upkeep
|turn|54
|
|t:|1769414036
|switch|p2a: Ting-Lu|Ting-Lu, shiny|100/100
|-damage|p2a: Ting-Lu|94/100|[from] Stealth Rock
|-damage|p2a: Ting-Lu|78/100|[from] Spikes
|-ability|p2a: Ting-Lu|Vessel of Ruin
|move|p1a: Tornadus|Nasty Plot|p1a: Tornadus
|-boost|p1a: Tornadus|spa|2
|
|-heal|p2a: Ting-Lu|84/100|[from] item: Leftovers
|upkeep
|turn|55
|
|t:|1769414043
|move|p1a: Tornadus|Bleakwind Storm|p2a: Ting-Lu
|-damage|p2a: Ting-Lu|44/100
|move|p2a: Ting-Lu|Ruination|p1a: Tornadus
|-damage|p1a: Tornadus|51/100 par
|
|-heal|p2a: Ting-Lu|50/100|[from] item: Leftovers
|upkeep
|turn|56
|
|t:|1769414049
|-terastallize|p2a: Ting-Lu|Steel
|move|p1a: Tornadus|Bleakwind Storm|p2a: Ting-Lu|[miss]
|-miss|p1a: Tornadus|p2a: Ting-Lu
|move|p2a: Ting-Lu|Ruination|p1a: Tornadus
|-damage|p1a: Tornadus|26/100 par
|
|-heal|p2a: Ting-Lu|57/100|[from] item: Leftovers
|upkeep
|turn|57
|
|t:|1769414053
|move|p1a: Tornadus|Bleakwind Storm|p2a: Ting-Lu
|-resisted|p2a: Ting-Lu
|-damage|p2a: Ting-Lu|36/100
|move|p2a: Ting-Lu|Stealth Rock|p1a: Tornadus
|-sidestart|p1: testingolem|move: Stealth Rock
|
|-heal|p2a: Ting-Lu|42/100|[from] item: Leftovers
|upkeep
|turn|58
|
|t:|1769414059
|move|p1a: Tornadus|Bleakwind Storm|p2a: Ting-Lu|[miss]
|-miss|p1a: Tornadus|p2a: Ting-Lu
|move|p2a: Ting-Lu|Ruination|p1a: Tornadus
|-damage|p1a: Tornadus|13/100 par
|
|-heal|p2a: Ting-Lu|49/100|[from] item: Leftovers
|upkeep
|turn|59
|
|t:|1769414063
|switch|p1a: Gliscor|Gliscor, M|100/100 tox
|-damage|p1a: Gliscor|88/100 tox|[from] Stealth Rock
|move|p2a: Ting-Lu|Ruination|p1a: Gliscor
|-damage|p1a: Gliscor|44/100 tox
|
|-heal|p2a: Ting-Lu|55/100|[from] item: Leftovers
|-heal|p1a: Gliscor|57/100 tox|[from] ability: Poison Heal
|upkeep
|turn|60
|
|t:|1769414072
|switch|p2a: Alomomola|Alomomola, F|100/100
|-damage|p2a: Alomomola|88/100|[from] Stealth Rock
|-damage|p2a: Alomomola|71/100|[from] Spikes
|move|p1a: Gliscor|Knock Off|p2a: Alomomola
|-damage|p2a: Alomomola|64/100
|
|-heal|p1a: Gliscor|69/100 tox|[from] ability: Poison Heal
|upkeep
|turn|61
|
|t:|1769414075
|move|p1a: Gliscor|Spikes|p2a: Alomomola
|-sidestart|p2: witdflow|Spikes
|move|p2a: Alomomola|Wish|p2a: Alomomola
|
|-heal|p1a: Gliscor|82/100 tox|[from] ability: Poison Heal
|upkeep
|turn|62
|
|t:|1769414082
|move|p1a: Gliscor|Knock Off|p2a: Alomomola
|-crit|p2a: Alomomola
|-damage|p2a: Alomomola|51/100
|move|p2a: Alomomola|Light Screen|p2a: Alomomola
|-sidestart|p2: witdflow|move: Light Screen
|
|-heal|p2a: Alomomola|100/100|[from] move: Wish|[wisher] Alomomola
|-heal|p1a: Gliscor|94/100 tox|[from] ability: Poison Heal
|upkeep
|turn|63
|
|t:|1769414088
|move|p1a: Gliscor|U-turn|p2a: Alomomola
|-damage|p2a: Alomomola|92/100
|
|t:|1769414092
|switch|p1a: Tornadus|Tornadus-Therian, M|46/100 par|[from] U-turn
|move|p2a: Alomomola|Wish|p2a: Alomomola
|
|upkeep
|turn|64
|c|☆witdflow|click faster
|
|t:|1769414096
|cant|p1a: Tornadus|par
|move|p2a: Alomomola|Flip Turn|p1a: Tornadus
|-damage|p1a: Tornadus|26/100 par
|c|☆testingolem|why
|
|t:|1769414101
|switch|p2a: Ting-Lu|Ting-Lu, shiny, tera:Steel|55/100|[from] Flip Turn
|-damage|p2a: Ting-Lu|49/100|[from] Stealth Rock
|-damage|p2a: Ting-Lu|24/100|[from] Spikes
|-ability|p2a: Ting-Lu|Vessel of Ruin
|
|-heal|p2a: Ting-Lu|76/100|[from] move: Wish|[wisher] Alomomola
|-heal|p2a: Ting-Lu|82/100|[from] item: Leftovers
|upkeep
|turn|65
|c|☆testingolem|stall and wants faster?
|c|☆testingolem|contradictory
|c|☆witdflow|because the game is over
|c|☆testingolem|yes
|
|t:|1769414117
|switch|p1a: Gliscor|Gliscor, M|94/100 tox
|-damage|p1a: Gliscor|82/100 tox|[from] Stealth Rock
|move|p2a: Ting-Lu|Ruination|p1a: Gliscor
|-damage|p1a: Gliscor|41/100 tox
|
|-heal|p2a: Ting-Lu|88/100|[from] item: Leftovers
|-heal|p1a: Gliscor|54/100 tox|[from] ability: Poison Heal
|upkeep
|turn|66
|c|☆testingolem|i won
|
|t:|1769414124
|switch|p2a: Alomomola|Alomomola, F|100/100
|-damage|p2a: Alomomola|88/100|[from] Stealth Rock
|-damage|p2a: Alomomola|63/100|[from] Spikes
|move|p1a: Gliscor|Spikes||[still]
|-fail|p1a: Gliscor
|
|-heal|p1a: Gliscor|66/100 tox|[from] ability: Poison Heal
|-sideend|p2: witdflow|move: Light Screen
|upkeep
|turn|67
|
|t:|1769414131
|switch|p1a: Tornadus|Tornadus-Therian, M|59/100 par
|move|p2a: Alomomola|Light Screen|p2a: Alomomola
|-sidestart|p2: witdflow|move: Light Screen
|
|upkeep
|turn|68
|
|t:|1769414135
|cant|p1a: Tornadus|par
|move|p2a: Alomomola|Wish|p2a: Alomomola
|
|upkeep
|turn|69
|
|t:|1769414137
|switch|p1a: Gliscor|Gliscor, M|66/100 tox
|-damage|p1a: Gliscor|54/100 tox|[from] Stealth Rock
|move|p2a: Alomomola|Flip Turn|p1a: Gliscor
|-supereffective|p1a: Gliscor
|-damage|p1a: Gliscor|29/100 tox
|
|t:|1769414154
|switch|p2a: Weezing|Weezing-Galar, M|74/100|[from] Flip Turn
|-damage|p2a: Weezing|62/100|[from] Stealth Rock
|
|-heal|p2a: Weezing|100/100|[from] move: Wish|[wisher] Alomomola
|-heal|p1a: Gliscor|41/100 tox|[from] ability: Poison Heal
|upkeep
|turn|70
|
|t:|1769414162
|move|p1a: Gliscor|Protect|p1a: Gliscor
|-singleturn|p1a: Gliscor|Protect
|move|p2a: Weezing|Clear Smog|p1a: Gliscor
|-activate|p1a: Gliscor|move: Protect
|
|-heal|p1a: Gliscor|54/100 tox|[from] ability: Poison Heal
|upkeep
|turn|71
|
|t:|1769414166
|switch|p1a: Tornadus|Tornadus-Therian, M|92/100 par
|move|p2a: Weezing|Clear Smog|p1a: Tornadus
|-damage|p1a: Tornadus|72/100 par
|-clearboost|p1a: Tornadus
|
|-sideend|p2: witdflow|move: Light Screen
|upkeep
|turn|72
|
|t:|1769414173
|switch|p1a: Gliscor|Gliscor, M|54/100 tox
|-damage|p1a: Gliscor|41/100 tox|[from] Stealth Rock
|switch|p2a: Ting-Lu|Ting-Lu, shiny, tera:Steel|88/100
|-damage|p2a: Ting-Lu|82/100|[from] Stealth Rock
|-damage|p2a: Ting-Lu|57/100|[from] Spikes
|-ability|p2a: Ting-Lu|Vessel of Ruin
|
|-heal|p2a: Ting-Lu|63/100|[from] item: Leftovers
|-heal|p1a: Gliscor|54/100 tox|[from] ability: Poison Heal
|upkeep
|turn|73
|
|t:|1769414180
|switch|p2a: Alomomola|Alomomola, F|97/100
|-damage|p2a: Alomomola|84/100|[from] Stealth Rock
|-damage|p2a: Alomomola|59/100|[from] Spikes
|move|p1a: Gliscor|Knock Off|p2a: Alomomola
|-damage|p2a: Alomomola|52/100
|
|-heal|p1a: Gliscor|66/100 tox|[from] ability: Poison Heal
|upkeep
|turn|74
|
|t:|1769414183
|move|p1a: Gliscor|Knock Off|p2a: Alomomola
|-damage|p2a: Alomomola|45/100
|move|p2a: Alomomola|Light Screen|p2a: Alomomola
|-sidestart|p2: witdflow|move: Light Screen
|
|-heal|p1a: Gliscor|79/100 tox|[from] ability: Poison Heal
|upkeep
|turn|75
|
|t:|1769414186
|move|p1a: Gliscor|U-turn|p2a: Alomomola
|-crit|p2a: Alomomola
|-damage|p2a: Alomomola|33/100
|
|t:|1769414188
|switch|p1a: Tornadus|Tornadus-Therian, M|100/100 par|[from] U-turn
|move|p2a: Alomomola|Wish|p2a: Alomomola
|
|upkeep
|turn|76
|
|t:|1769414192
|move|p2a: Alomomola|Protect|p2a: Alomomola
|-singleturn|p2a: Alomomola|Protect
|move|p1a: Tornadus|Nasty Plot|p1a: Tornadus
|-boost|p1a: Tornadus|spa|2
|
|-heal|p2a: Alomomola|83/100|[from] move: Wish|[wisher] Alomomola
|upkeep
|turn|77
|
|t:|1769414199
|move|p1a: Tornadus|Nasty Plot|p1a: Tornadus
|-boost|p1a: Tornadus|spa|2
|move|p2a: Alomomola|Flip Turn|p1a: Tornadus
|-damage|p1a: Tornadus|79/100 par
|
|t:|1769414202
|switch|p2a: Weezing|Weezing-Galar, M|100/100|[from] Flip Turn
|-damage|p2a: Weezing|88/100|[from] Stealth Rock
|
|upkeep
|turn|78
|
|t:|1769414210
|move|p1a: Tornadus|Sludge Wave|p2a: Weezing
|-damage|p2a: Weezing|33/100
|move|p2a: Weezing|Clear Smog|p1a: Tornadus
|-damage|p1a: Tornadus|60/100 par
|-clearboost|p1a: Tornadus
|
|-sideend|p2: witdflow|move: Light Screen
|upkeep
|turn|79
|
|t:|1769414216
|switch|p2a: Ting-Lu|Ting-Lu, shiny, tera:Steel|63/100
|-damage|p2a: Ting-Lu|57/100|[from] Stealth Rock
|-damage|p2a: Ting-Lu|32/100|[from] Spikes
|-ability|p2a: Ting-Lu|Vessel of Ruin
|move|p1a: Tornadus|Sludge Wave|p2a: Ting-Lu
|-immune|p2a: Ting-Lu
|
|-heal|p2a: Ting-Lu|38/100|[from] item: Leftovers
|upkeep
|turn|80
|
|t:|1769414219
|cant|p1a: Tornadus|par
|move|p2a: Ting-Lu|Ruination|p1a: Tornadus
|-damage|p1a: Tornadus|30/100 par
|
|-heal|p2a: Ting-Lu|44/100|[from] item: Leftovers
|upkeep
|turn|81
|
|t:|1769414223
|switch|p1a: Gliscor|Gliscor, M|79/100 tox
|-damage|p1a: Gliscor|66/100 tox|[from] Stealth Rock
|move|p2a: Ting-Lu|Ruination|p1a: Gliscor
|-damage|p1a: Gliscor|33/100 tox
|
|-heal|p2a: Ting-Lu|51/100|[from] item: Leftovers
|-heal|p1a: Gliscor|46/100 tox|[from] ability: Poison Heal
|upkeep
|turn|82
|
|t:|1769414227
|switch|p2a: Alomomola|Alomomola, F|100/100
|-damage|p2a: Alomomola|88/100|[from] Stealth Rock
|-damage|p2a: Alomomola|63/100|[from] Spikes
|move|p1a: Gliscor|Knock Off|p2a: Alomomola
|-damage|p2a: Alomomola|55/100
|
|-heal|p1a: Gliscor|58/100 tox|[from] ability: Poison Heal
|upkeep
|turn|83
|
|t:|1769414233
|move|p1a: Gliscor|U-turn|p2a: Alomomola
|-damage|p2a: Alomomola|46/100
|
|t:|1769414234
|switch|p1a: Tornadus|Tornadus-Therian, M|63/100 par|[from] U-turn
|move|p2a: Alomomola|Wish|p2a: Alomomola
|
|upkeep
|turn|84
|
|t:|1769414238
|switch|p2a: Ting-Lu|Ting-Lu, shiny, tera:Steel|51/100
|-damage|p2a: Ting-Lu|44/100|[from] Stealth Rock
|-damage|p2a: Ting-Lu|20/100|[from] Spikes
|-ability|p2a: Ting-Lu|Vessel of Ruin
|cant|p1a: Tornadus|par
|
|-heal|p2a: Ting-Lu|72/100|[from] move: Wish|[wisher] Alomomola
|-heal|p2a: Ting-Lu|78/100|[from] item: Leftovers
|upkeep
|turn|85
|
|t:|1769414241
|cant|p1a: Tornadus|par
|move|p2a: Ting-Lu|Ruination|p1a: Tornadus
|-damage|p1a: Tornadus|32/100 par
|
|-heal|p2a: Ting-Lu|84/100|[from] item: Leftovers
|upkeep
|turn|86
|
|t:|1769414244
|switch|p1a: Gliscor|Gliscor, M|58/100 tox
|-damage|p1a: Gliscor|46/100 tox|[from] Stealth Rock
|move|p2a: Ting-Lu|Ruination|p1a: Gliscor
|-damage|p1a: Gliscor|23/100 tox
|
|-heal|p2a: Ting-Lu|90/100|[from] item: Leftovers
|-heal|p1a: Gliscor|36/100 tox|[from] ability: Poison Heal
|upkeep
|turn|87
|
|t:|1769414249
|switch|p2a: Alomomola|Alomomola, F|80/100
|-damage|p2a: Alomomola|67/100|[from] Stealth Rock
|-damage|p2a: Alomomola|42/100|[from] Spikes
|move|p1a: Gliscor|Protect||[still]
|-fail|p1a: Gliscor
|
|-heal|p1a: Gliscor|48/100 tox|[from] ability: Poison Heal
|upkeep
|turn|88
|
|t:|1769414253
|move|p1a: Gliscor|Knock Off|p2a: Alomomola
|-damage|p2a: Alomomola|34/100
|move|p2a: Alomomola|Wish|p2a: Alomomola
|
|-heal|p1a: Gliscor|61/100 tox|[from] ability: Poison Heal
|upkeep
|turn|89
|
|t:|1769414258
|switch|p1a: Quaquaval|Quaquaval, M|56/100
|move|p2a: Alomomola|Light Screen|p2a: Alomomola
|-sidestart|p2: witdflow|move: Light Screen
|
|-heal|p2a: Alomomola|84/100|[from] move: Wish|[wisher] Alomomola
|upkeep
|turn|90
|
|t:|1769414263
|move|p1a: Quaquaval|Knock Off|p2a: Alomomola
|-damage|p2a: Alomomola|73/100
|move|p2a: Alomomola|Flip Turn|p1a: Quaquaval
|-resisted|p1a: Quaquaval
|-damage|p1a: Quaquaval|45/100
|
|t:|1769414267
|switch|p2a: Weezing|Weezing-Galar, M|33/100|[from] Flip Turn
|-damage|p2a: Weezing|21/100|[from] Stealth Rock
|
|upkeep
|turn|91
|
|t:|1769414277
|move|p1a: Quaquaval|Aqua Step|p2a: Weezing
|-damage|p2a: Weezing|0 fnt
|-boost|p1a: Quaquaval|spe|1
|faint|p2a: Weezing
|-ability|p1a: Quaquaval|Moxie|boost
|-boost|p1a: Quaquaval|atk|1
|
|upkeep
|c|☆witdflow|lol i misplayed
|
|t:|1769414288
|switch|p2a: Ting-Lu|Ting-Lu, shiny, tera:Steel|90/100
|-damage|p2a: Ting-Lu|84/100|[from] Stealth Rock
|-damage|p2a: Ting-Lu|59/100|[from] Spikes
|-ability|p2a: Ting-Lu|Vessel of Ruin
|turn|92
|c|☆testingolem|ez
|
|t:|1769414291
|move|p1a: Quaquaval|Knock Off|p2a: Ting-Lu
|-damage|p2a: Ting-Lu|33/100
|-enditem|p2a: Ting-Lu|Leftovers|[from] move: Knock Off|[of] p1a: Quaquaval
|move|p2a: Ting-Lu|Sand Tomb|p1a: Quaquaval
|-damage|p1a: Quaquaval|26/100
|-activate|p1a: Quaquaval|move: Sand Tomb|[of] p2a: Ting-Lu
|
|-damage|p1a: Quaquaval|14/100|[from] move: Sand Tomb|[partiallytrapped]
|upkeep
|turn|93
|
|t:|1769414298
|move|p1a: Quaquaval|Aqua Step|p2a: Ting-Lu
|-damage|p2a: Ting-Lu|1/100
|-boost|p1a: Quaquaval|spe|1
|move|p2a: Ting-Lu|Rest|p2a: Ting-Lu
|-status|p2a: Ting-Lu|slp|[from] move: Rest
|-heal|p2a: Ting-Lu|100/100 slp|[silent]
|
|-damage|p1a: Quaquaval|2/100|[from] move: Sand Tomb|[partiallytrapped]
|-sideend|p2: witdflow|move: Light Screen
|upkeep
|turn|94
|
|t:|1769414313
|move|p1a: Quaquaval|Rapid Spin|p2a: Ting-Lu
|-resisted|p2a: Ting-Lu
|-damage|p2a: Ting-Lu|93/100 slp
|-boost|p1a: Quaquaval|spe|1
|-sideend|p1: testingolem|Toxic Spikes|[from] move: Rapid Spin|[of] p1a: Quaquaval
|-sideend|p1: testingolem|Stealth Rock|[from] move: Rapid Spin|[of] p1a: Quaquaval
|-end|p1a: Quaquaval|Sand Tomb|[partiallytrapped]
|cant|p2a: Ting-Lu|slp
|
|upkeep
|turn|95
|c|☆witdflow|yeah real ez
|
|t:|1769414319
|move|p1a: Quaquaval|Aqua Step|p2a: Ting-Lu
|-crit|p2a: Ting-Lu
|-damage|p2a: Ting-Lu|41/100 slp
|-boost|p1a: Quaquaval|spe|1
|cant|p2a: Ting-Lu|slp
|
|upkeep
|turn|96
|
|t:|1769414330
|move|p1a: Quaquaval|Aqua Step|p2a: Ting-Lu
|-damage|p2a: Ting-Lu|10/100 slp
|-boost|p1a: Quaquaval|spe|1
|-curestatus|p2a: Ting-Lu|slp|[msg]
|move|p2a: Ting-Lu|Rest|p2a: Ting-Lu
|-status|p2a: Ting-Lu|slp|[from] move: Rest
|-heal|p2a: Ting-Lu|100/100 slp|[silent]
|
|upkeep
|turn|97
|
|t:|1769414334
|move|p1a: Quaquaval|Aqua Step|p2a: Ting-Lu
|-damage|p2a: Ting-Lu|71/100 slp
|-boost|p1a: Quaquaval|spe|1
|cant|p2a: Ting-Lu|slp
|
|upkeep
|turn|98
|
|t:|1769414337
|move|p1a: Quaquaval|Aqua Step|p2a: Ting-Lu
|-damage|p2a: Ting-Lu|37/100 slp
|cant|p2a: Ting-Lu|slp
|
|upkeep
|turn|99
|
|t:|1769414341
|move|p1a: Quaquaval|Aqua Step|p2a: Ting-Lu
|-damage|p2a: Ting-Lu|3/100 slp
|-curestatus|p2a: Ting-Lu|slp|[msg]
|move|p2a: Ting-Lu|Sand Tomb|p1a: Quaquaval
|-damage|p1a: Quaquaval|0 fnt
|faint|p1a: Quaquaval
|
|upkeep
|
|t:|1769414346
|switch|p1a: Gliscor|Gliscor, M|61/100 tox
|turn|100
|
|t:|1769414352
|move|p1a: Gliscor|Knock Off|p2a: Ting-Lu
|-damage|p2a: Ting-Lu|0 fnt
|faint|p2a: Ting-Lu
|
|-heal|p1a: Gliscor|73/100 tox|[from] ability: Poison Heal
|upkeep
|
|t:|1769414354
|switch|p2a: Alomomola|Alomomola, F|100/100
|-damage|p2a: Alomomola|88/100|[from] Stealth Rock
|-damage|p2a: Alomomola|63/100|[from] Spikes
|turn|101
|
|t:|1769414359
|move|p1a: Gliscor|Knock Off|p2a: Alomomola
|-damage|p2a: Alomomola|55/100
|move|p2a: Alomomola|Light Screen|p2a: Alomomola
|-sidestart|p2: witdflow|move: Light Screen
|
|-heal|p1a: Gliscor|86/100 tox|[from] ability: Poison Heal
|upkeep
|turn|102
|
|t:|1769414362
|move|p1a: Gliscor|Knock Off|p2a: Alomomola
|-damage|p2a: Alomomola|47/100
|move|p2a: Alomomola|Wish|p2a: Alomomola
|
|-heal|p1a: Gliscor|98/100 tox|[from] ability: Poison Heal
|upkeep
|turn|103
|
|t:|1769414366
|move|p1a: Gliscor|Knock Off|p2a: Alomomola
|-damage|p2a: Alomomola|40/100
|move|p2a: Alomomola|Flip Turn|p1a: Gliscor
|-supereffective|p1a: Gliscor
|-damage|p1a: Gliscor|70/100 tox
|
|-heal|p2a: Alomomola|90/100|[from] move: Wish|[wisher] Alomomola
|-heal|p1a: Gliscor|82/100 tox|[from] ability: Poison Heal
|upkeep
|turn|104
|
|t:|1769414375
|move|p1a: Gliscor|U-turn|p2a: Alomomola
|-damage|p2a: Alomomola|81/100
|c|☆witdflow|you know you still could have lost if i didn't misplay
|
|t:|1769414387
|switch|p1a: Tornadus|Tornadus-Therian, M|65/100 par|[from] U-turn
|move|p2a: Alomomola|Flip Turn|p1a: Tornadus
|-damage|p1a: Tornadus|43/100 par
|
|upkeep
|turn|105
|
|t:|1769414392
|move|p1a: Tornadus|U-turn|p2a: Alomomola
|-damage|p2a: Alomomola|73/100
|
|t:|1769414395
|switch|p1a: Gliscor|Gliscor, M|82/100 tox|[from] U-turn
|move|p2a: Alomomola|Flip Turn|p1a: Gliscor
|-supereffective|p1a: Gliscor
|-damage|p1a: Gliscor|55/100 tox
|
|-heal|p1a: Gliscor|68/100 tox|[from] ability: Poison Heal
|-sideend|p2: witdflow|move: Light Screen
|upkeep
|turn|106
|
|t:|1769414397
|move|p1a: Gliscor|U-turn|p2a: Alomomola
|-damage|p2a: Alomomola|65/100
|
|t:|1769414400
|switch|p1a: Tornadus|Tornadus-Therian, M|76/100 par|[from] U-turn
|move|p2a: Alomomola|Flip Turn|p1a: Tornadus
|-damage|p1a: Tornadus|53/100 par
|
|upkeep
|turn|107
|-message|witdflow forfeited.
|
|win|testingolem
|raw|testingolem's rating: 1249 &rarr; <strong>1275</strong><br />(+26 for winning)
|raw|witdflow's rating: 1269 &rarr; <strong>1243</strong><br />(-26 for losing)
|l|☆testingolem
|player|p1|
|l|☆witdflow
|player|p2|
