|inactive|Battle timer is ON: inactive players will automatically lose when time's up.
|t:|1769373225
|gametype|singles
|player|p1|robjr|#splxviicryonicles|
|player|p2|Peum|miku-grass|
|gen|9
|tier|[Gen 9] OU
|rule|HP Percentage Mod: HP is shown in percentages
|rule|Endless Battle Clause: Forcing endless battles is banned
|rule|Species Clause: Limit one of each Pokémon
|rule|OHKO Clause: OHKO moves are banned
|rule|Evasion Items Clause: Evasion items are banned
|rule|Evasion Moves Clause: Evasion moves are banned
|rule|Evasion Abilities Clause: Evasion abilities are banned
|rule|Sleep Moves Clause: Sleep-inducing moves are banned
|clearpoke
|poke|p1|Glimmora, M|
|poke|p1|Kingambit, M|
|poke|p1|Greninja-*, M|
|poke|p1|Ogerpon-Wellspring, F|
|poke|p1|Kyurem|
|poke|p1|Iron Valiant|
|poke|p2|Pincurchin, F|
|poke|p2|Iron Valiant|
|poke|p2|Raging Bolt|
|poke|p2|Iron Leaves|
|poke|p2|Iron Crown|
|poke|p2|Hawlucha, M|
|teampreview
|c|☆Peum|hf
|
|t:|1769373253
|teamsize|p1|6
|teamsize|p2|6
|start
|switch|p1a: Glimmora|Glimmora, M|100/100
|switch|p2a: Iron Crown|Iron Crown|100/100
|turn|1
|
|t:|1769373264
|switch|p1a: Ogerpon|Ogerpon-Wellspring, F|100/100
|move|p2a: Iron Crown|Focus Blast|p1a: Ogerpon|[miss]
|-miss|p2a: Iron Crown|p1a: Ogerpon
|
|upkeep
|turn|2
|
|t:|1769373271
|move|p2a: Iron Crown|Focus Blast|p1a: Ogerpon
|-damage|p1a: Ogerpon|47/100
|move|p1a: Ogerpon|Ivy Cudgel|p2a: Iron Crown|[anim] Ivy Cudgel Water
|-damage|p2a: Iron Crown|34/100
|
|upkeep
|turn|3
|c|+kingler|robert junior
|inactive|Peum has 270 seconds left.
|
|t:|1769373303
|-end|p2a: Iron Crown|Quark Drive|[silent]
|switch|p2a: Iron Leaves|Iron Leaves|100/100
|move|p1a: Ogerpon|Ivy Cudgel|p2a: Iron Leaves|[anim] Ivy Cudgel Water
|-resisted|p2a: Iron Leaves
|-damage|p2a: Iron Leaves|71/100
|
|upkeep
|turn|4
|
|t:|1769373309
|-end|p2a: Iron Leaves|Quark Drive|[silent]
|switch|p2a: Iron Valiant|Iron Valiant|100/100
|move|p1a: Ogerpon|U-turn|p2a: Iron Valiant
|-resisted|p2a: Iron Valiant
|-damage|p2a: Iron Valiant|92/100
|
|t:|1769373316
|switch|p1a: Glimmora|Glimmora, M|100/100|[from] U-turn
|
|upkeep
|turn|5
|
|t:|1769373322
|move|p2a: Iron Valiant|Thunderbolt|p1a: Glimmora
|-damage|p1a: Glimmora|51/100
|-damage|p2a: Iron Valiant|83/100|[from] item: Life Orb
|move|p1a: Glimmora|Stealth Rock|p2a: Iron Valiant
|-sidestart|p2: Peum|move: Stealth Rock
|
|upkeep
|turn|6
|
|t:|1769373327
|move|p2a: Iron Valiant|Thunderbolt|p1a: Glimmora
|-damage|p1a: Glimmora|0 fnt
|faint|p1a: Glimmora
|-damage|p2a: Iron Valiant|73/100|[from] item: Life Orb
|
|upkeep
|
|t:|1769373344
|switch|p1a: Iron Valiant|Iron Valiant|100/100
|-enditem|p1a: Iron Valiant|Booster Energy
|-activate|p1a: Iron Valiant|ability: Quark Drive|[fromitem]
|-start|p1a: Iron Valiant|quarkdrivespe
|turn|7
|
|t:|1769373360
|-end|p2a: Iron Valiant|Quark Drive|[silent]
|switch|p2a: Pincurchin|Pincurchin, F|100/100
|-damage|p2a: Pincurchin|88/100|[from] Stealth Rock
|-fieldstart|move: Electric Terrain|[from] ability: Electric Surge|[of] p2a: Pincurchin
|move|p1a: Iron Valiant|Moonblast|p2a: Pincurchin
|-crit|p2a: Pincurchin
|-damage|p2a: Pincurchin|10/100
|
|upkeep
|turn|8
|c|☆Peum|ow
|
|t:|1769373374
|move|p1a: Iron Valiant|Moonblast|p2a: Pincurchin
|-damage|p2a: Pincurchin|0 fnt
|faint|p2a: Pincurchin
|
|upkeep
|
|t:|1769373379
|switch|p2a: Hawlucha|Hawlucha, M|100/100
|-damage|p2a: Hawlucha|88/100|[from] Stealth Rock
|-enditem|p2a: Hawlucha|Electric Seed
|-boost|p2a: Hawlucha|def|1|[from] item: Electric Seed
|turn|9
|
|t:|1769373385
|-terastallize|p2a: Hawlucha|Flying
|-terastallize|p1a: Iron Valiant|Ghost
|move|p2a: Hawlucha|Swords Dance|p2a: Hawlucha
|-boost|p2a: Hawlucha|atk|2
|move|p1a: Iron Valiant|Moonblast|p2a: Hawlucha
|-damage|p2a: Hawlucha|15/100
|-unboost|p2a: Hawlucha|spa|1
|
|upkeep
|turn|10
|
|t:|1769373395
|-end|p1a: Iron Valiant|Quark Drive|[silent]
|switch|p1a: Ogerpon|Ogerpon-Wellspring, F|47/100
|move|p2a: Hawlucha|Acrobatics|p1a: Ogerpon
|-supereffective|p1a: Ogerpon
|-damage|p1a: Ogerpon|0 fnt
|faint|p1a: Ogerpon
|
|upkeep
|
|t:|1769373398
|switch|p1a: Greninja|Greninja, M|100/100
|turn|11
|
|t:|1769373400
|switch|p2a: Iron Leaves|Iron Leaves|71/100
|-damage|p2a: Iron Leaves|58/100|[from] Stealth Rock
|-activate|p2a: Iron Leaves|ability: Quark Drive
|-start|p2a: Iron Leaves|quarkdrivespe
|move|p1a: Greninja|Water Shuriken|p2a: Iron Leaves
|-resisted|p2a: Iron Leaves
|-damage|p2a: Iron Leaves|54/100
|-resisted|p2a: Iron Leaves
|-damage|p2a: Iron Leaves|50/100
|-resisted|p2a: Iron Leaves
|-damage|p2a: Iron Leaves|46/100
|-hitcount|p2a: Iron Leaves|3
|-damage|p1a: Greninja|91/100|[from] item: Life Orb
|
|upkeep
|turn|12
|
|t:|1769373411
|switch|p1a: Iron Valiant|Iron Valiant, tera:Ghost|100/100
|-activate|p1a: Iron Valiant|ability: Quark Drive
|-start|p1a: Iron Valiant|quarkdrivespe
|move|p2a: Iron Leaves|Wild Charge|p1a: Iron Valiant
|-damage|p1a: Iron Valiant|37/100
|-damage|p2a: Iron Leaves|32/100|[from] Recoil
|-damage|p2a: Iron Leaves|23/100|[from] item: Life Orb
|
|upkeep
|turn|13
|
|t:|1769373423
|-end|p2a: Iron Leaves|Quark Drive|[silent]
|switch|p2a: Hawlucha|Hawlucha, M, tera:Flying|15/100
|-damage|p2a: Hawlucha|0 fnt|[from] Stealth Rock
|faint|p2a: Hawlucha
|move|p1a: Iron Valiant|Moonblast|p2: Hawlucha|[notarget]
|-fail|p1a: Iron Valiant
|
|upkeep
|
|t:|1769373425
|switch|p2a: Raging Bolt|Raging Bolt|100/100
|-damage|p2a: Raging Bolt|88/100|[from] Stealth Rock
|-enditem|p2a: Raging Bolt|Booster Energy
|-activate|p2a: Raging Bolt|ability: Protosynthesis|[fromitem]
|-start|p2a: Raging Bolt|protosynthesisspa
|turn|14
|
|t:|1769373428
|move|p1a: Iron Valiant|Destiny Bond|p1a: Iron Valiant
|-singlemove|p1a: Iron Valiant|Destiny Bond
|move|p2a: Raging Bolt|Dragon Pulse|p1a: Iron Valiant
|-damage|p1a: Iron Valiant|0 fnt
|faint|p1a: Iron Valiant
|-activate|p1a: Iron Valiant|move: Destiny Bond
|-end|p1a: Iron Valiant|Quark Drive|[silent]
|faint|p2a: Raging Bolt
|-end|p2a: Raging Bolt|Protosynthesis|[silent]
|
|-fieldend|move: Electric Terrain
|upkeep
|inactive|Peum has 270 seconds left.
|
|t:|1769373458
|switch|p1a: Greninja|Greninja, M|91/100
|switch|p2a: Iron Crown|Iron Crown|34/100
|-damage|p2a: Iron Crown|28/100|[from] Stealth Rock
|turn|15
|inactive|robjr has 270 seconds left.
|
|t:|1769373513
|switch|p1a: Kyurem|Kyurem|100/100
|-ability|p1a: Kyurem|Pressure
|move|p2a: Iron Crown|Focus Blast|p1a: Kyurem|[miss]
|-miss|p2a: Iron Crown|p1a: Kyurem
|
|upkeep
|turn|16
|
|t:|1769373520
|move|p2a: Iron Crown|Focus Blast|p1a: Kyurem|[miss]
|-miss|p2a: Iron Crown|p1a: Kyurem
|move|p1a: Kyurem|Icicle Spear|p2a: Iron Crown
|-resisted|p2a: Iron Crown
|-damage|p2a: Iron Crown|20/100
|-resisted|p2a: Iron Crown
|-damage|p2a: Iron Crown|13/100
|-resisted|p2a: Iron Crown
|-damage|p2a: Iron Crown|5/100
|-resisted|p2a: Iron Crown
|-damage|p2a: Iron Crown|0 fnt
|faint|p2a: Iron Crown
|-end|p2a: Iron Crown|Quark Drive|[silent]
|-hitcount|p2: Iron Crown|4
|
|upkeep
|-message|Peum forfeited.
|
|win|robjr
