|j|☆91岁爱搞小揪揪ama
|j|☆MagicalPumpkinpie
|t:|1769423138
|gametype|singles
|player|p1|91岁爱搞小揪揪ama|iris-gen5bw2|1140
|player|p2|MagicalPumpkinpie|gambler|1111
|gen|9
|tier|[Gen 9] OU
|rated|
|rule|HP Percentage Mod: HP is shown in percentages
|rule|Endless Battle Clause: Forcing endless battles is banned
|rule|Species Clause: Limit one of each Pokémon
|rule|OHKO Clause: OHKO moves are banned
|rule|Evasion Items Clause: Evasion items are banned
|rule|Evasion Moves Clause: Evasion moves are banned
|rule|Evasion Abilities Clause: Evasion abilities are banned
|rule|Sleep Moves Clause: Sleep-inducing moves are banned
|clearpoke
|poke|p1|Ting-Lu|
|poke|p1|Haxorus, F|
|poke|p1|Alomomola, F|
|poke|p1|Gholdengo|
|poke|p1|Landorus-Therian, M|
|poke|p1|Kingambit, F|
|poke|p2|Bombirdier, F|
|poke|p2|Tatsugiri-Droopy, M|
|poke|p2|Klawf, M|
|poke|p2|Orthworm, M|
|poke|p2|Great Tusk|
|poke|p2|Dondozo, M|
|teampreview
|
|t:|1769423145
|teamsize|p1|6
|teamsize|p2|6
|start
|switch|p1a: Ting-Lu|Ting-Lu|100/100
|switch|p2a: Great Tusk|Great Tusk|100/100
|-ability|p1a: Ting-Lu|Vessel of Ruin
|turn|1
|c|☆MagicalPumpkinpie|There might be a theme
|
|t:|1769423156
|move|p2a: Great Tusk|Ice Spinner|p1a: Ting-Lu
|-supereffective|p1a: Ting-Lu
|-damage|p1a: Ting-Lu|76/100
|move|p1a: Ting-Lu|Stealth Rock|p2a: Great Tusk
|-sidestart|p2: MagicalPumpkinpie|move: Stealth Rock
|
|-heal|p1a: Ting-Lu|82/100|[from] item: Leftovers
|upkeep
|turn|2
|c|☆MagicalPumpkinpie|Oh.
|
|t:|1769423164
|move|p2a: Great Tusk|Close Combat|p1a: Ting-Lu
|-supereffective|p1a: Ting-Lu
|-damage|p1a: Ting-Lu|29/100
|-unboost|p2a: Great Tusk|def|1
|-unboost|p2a: Great Tusk|spd|1
|move|p1a: Ting-Lu|Spikes|p2a: Great Tusk
|-sidestart|p2: MagicalPumpkinpie|Spikes
|
|-heal|p1a: Ting-Lu|35/100|[from] item: Leftovers
|upkeep
|turn|3
|c|☆MagicalPumpkinpie|Soooo
|
|t:|1769423179
|switch|p1a: Landorus|Landorus-Therian, M|100/100
|-ability|p1a: Landorus|Intimidate|boost
|-unboost|p2a: Great Tusk|atk|1
|move|p2a: Great Tusk|Rapid Spin|p1a: Landorus
|-damage|p1a: Landorus|87/100
|-boost|p2a: Great Tusk|spe|1
|-sideend|p2: MagicalPumpkinpie|Spikes|[from] move: Rapid Spin|[of] p2a: Great Tusk
|-sideend|p2: MagicalPumpkinpie|Stealth Rock|[from] move: Rapid Spin|[of] p2a: Great Tusk
|
|upkeep
|turn|4
|c|☆MagicalPumpkinpie|hows the weather
|inactive|Battle timer is ON: inactive players will automatically lose when time's up. (requested by MagicalPumpkinpie)
|
|t:|1769423194
|move|p2a: Great Tusk|Ice Spinner|p1a: Landorus
|-supereffective|p1a: Landorus
|-damage|p1a: Landorus|0 fnt
|faint|p1a: Landorus
|
|upkeep
|c|☆MagicalPumpkinpie|Idk what ur doing but thanks for the freebies
|
|t:|1769423208
|switch|p1a: Gholdengo|Gholdengo|100/100
|-item|p1a: Gholdengo|Air Balloon
|turn|5
|c|☆MagicalPumpkinpie|Oh.
|
|t:|1769423223
|move|p2a: Great Tusk|Ice Spinner|p1a: Gholdengo
|-resisted|p1a: Gholdengo
|-crit|p1a: Gholdengo
|-damage|p1a: Gholdengo|78/100
|-enditem|p1a: Gholdengo|Air Balloon
|move|p1a: Gholdengo|Shadow Ball|p2a: Great Tusk
|-crit|p2a: Great Tusk
|-damage|p2a: Great Tusk|0 fnt
|faint|p2a: Great Tusk
|-end|p2a: Great Tusk|Protosynthesis|[silent]
|
|upkeep
|c|☆MagicalPumpkinpie|Well aint that rude
|
|t:|1769423234
|switch|p2a: Bombirdier|Bombirdier, F|100/100
|turn|6
|c|☆MagicalPumpkinpie|Did you know thats a bird
|
|t:|1769423251
|move|p1a: Gholdengo|Thunder Wave|p2a: Bombirdier|[miss]
|-miss|p1a: Gholdengo|p2a: Bombirdier
|move|p2a: Bombirdier|Hone Claws|p2a: Bombirdier
|-boost|p2a: Bombirdier|atk|1
|-boost|p2a: Bombirdier|accuracy|1
|
|upkeep
|turn|7
|
|t:|1769423259
|move|p2a: Bombirdier|Sucker Punch||[still]
|-fail|p2a: Bombirdier
|move|p1a: Gholdengo|Thunder Wave|p2a: Bombirdier
|-status|p2a: Bombirdier|par
|
|upkeep
|turn|8
|c|☆MagicalPumpkinpie|Can u like not do that
|
|t:|1769423268
|switch|p1a: Alomomola|Alomomola, F|100/100
|cant|p2a: Bombirdier|par
|
|upkeep
|turn|9
|
|t:|1769423276
|move|p1a: Alomomola|Wish|p1a: Alomomola
|cant|p2a: Bombirdier|par
|
|upkeep
|turn|10
|
|t:|1769423283
|switch|p1a: Ting-Lu|Ting-Lu|35/100
|-ability|p1a: Ting-Lu|Vessel of Ruin
|move|p2a: Bombirdier|Hone Claws|p2a: Bombirdier
|-boost|p2a: Bombirdier|atk|1
|-boost|p2a: Bombirdier|accuracy|1
|
|-heal|p1a: Ting-Lu|87/100|[from] move: Wish|[wisher] Alomomola
|-heal|p1a: Ting-Lu|93/100|[from] item: Leftovers
|upkeep
|turn|11
|
|t:|1769423297
|cant|p2a: Bombirdier|par
|move|p1a: Ting-Lu|Taunt|p2a: Bombirdier
|-start|p2a: Bombirdier|move: Taunt
|
|-heal|p1a: Ting-Lu|99/100|[from] item: Leftovers
|upkeep
|turn|12
|c|☆MagicalPumpkinpie|DAMAGE PLEASE
|
|t:|1769423306
|move|p2a: Bombirdier|Brave Bird|p1a: Ting-Lu
|-damage|p1a: Ting-Lu|54/100
|-damage|p2a: Bombirdier|73/100 par|[from] Recoil
|move|p1a: Ting-Lu|Stealth Rock|p2a: Bombirdier
|-sidestart|p2: MagicalPumpkinpie|move: Stealth Rock
|
|-heal|p1a: Ting-Lu|60/100|[from] item: Leftovers
|upkeep
|turn|13
|c|☆MagicalPumpkinpie|I JUST WANNA KILL THE DAM THANG
|inactive|MagicalPumpkinpie has 120 seconds left.
|
|t:|1769423347
|switch|p1a: Haxorus|Haxorus, F|100/100
|-ability|p1a: Haxorus|Mold Breaker
|move|p2a: Bombirdier|Brave Bird|p1a: Haxorus
|-damage|p1a: Haxorus|0 fnt
|faint|p1a: Haxorus
|-damage|p2a: Bombirdier|38/100 par|[from] Recoil
|
|upkeep
|c|☆MagicalPumpkinpie|Uh..?
|
|t:|1769423362
|switch|p1a: Gholdengo|Gholdengo|78/100
|turn|14
|
|t:|1769423365
|move|p2a: Bombirdier|Sucker Punch|p1a: Gholdengo
|-supereffective|p1a: Gholdengo
|-damage|p1a: Gholdengo|0 fnt
|faint|p1a: Gholdengo
|
|-end|p2a: Bombirdier|move: Taunt
|upkeep
|c|☆MagicalPumpkinpie|???
|
|t:|1769423373
|switch|p1a: Kingambit|Kingambit, F|100/100
|-activate|p1a: Kingambit|ability: Supreme Overlord
|-start|p1a: Kingambit|fallen3|[silent]
|turn|15
|c|☆MagicalPumpkinpie|Do you not have whirlwind
|
|t:|1769423382
|move|p2a: Bombirdier|Sucker Punch||[still]
|-fail|p2a: Bombirdier
|move|p1a: Kingambit|Swords Dance|p1a: Kingambit
|-boost|p1a: Kingambit|atk|2
|
|upkeep
|turn|16
|
|t:|1769423388
|move|p2a: Bombirdier|Sucker Punch||[still]
|-fail|p2a: Bombirdier
|move|p1a: Kingambit|Swords Dance|p1a: Kingambit
|-boost|p1a: Kingambit|atk|2
|
|upkeep
|turn|17
|
|t:|1769423398
|move|p2a: Bombirdier|Stone Edge|p1a: Kingambit
|-resisted|p1a: Kingambit
|-damage|p1a: Kingambit|69/100
|move|p1a: Kingambit|Iron Head|p2a: Bombirdier
|-damage|p2a: Bombirdier|0 fnt
|faint|p2a: Bombirdier
|
|upkeep
|c|☆MagicalPumpkinpie|Shush
|
|t:|1769423413
|switch|p2a: Dondozo|Dondozo, M|100/100
|-damage|p2a: Dondozo|88/100|[from] Stealth Rock
|turn|18
|
|t:|1769423422
|move|p1a: Kingambit|Sucker Punch|p2a: Dondozo
|-damage|p2a: Dondozo|67/100
|move|p2a: Dondozo|Liquidation|p1a: Kingambit
|-damage|p1a: Kingambit|48/100
|
|-heal|p2a: Dondozo|73/100|[from] item: Leftovers
|upkeep
|turn|19
|
|t:|1769423437
|move|p1a: Kingambit|Iron Head|p2a: Dondozo
|-resisted|p2a: Dondozo
|-crit|p2a: Dondozo
|-damage|p2a: Dondozo|51/100
|move|p2a: Dondozo|Curse|p2a: Dondozo
|-unboost|p2a: Dondozo|spe|1
|-boost|p2a: Dondozo|atk|1
|-boost|p2a: Dondozo|def|1
|
|-heal|p2a: Dondozo|57/100|[from] item: Leftovers
|upkeep
|turn|20
|c|☆MagicalPumpkinpie|;-;
|
|t:|1769423460
|move|p1a: Kingambit|Swords Dance|p1a: Kingambit
|-boost|p1a: Kingambit|atk|2
|move|p2a: Dondozo|Curse|p2a: Dondozo
|-unboost|p2a: Dondozo|spe|1
|-boost|p2a: Dondozo|atk|1
|-boost|p2a: Dondozo|def|1
|
|-heal|p2a: Dondozo|63/100|[from] item: Leftovers
|upkeep
|turn|21
|
|t:|1769423469
|move|p1a: Kingambit|Iron Head|p2a: Dondozo
|-resisted|p2a: Dondozo
|-damage|p2a: Dondozo|56/100
|move|p2a: Dondozo|Liquidation|p1a: Kingambit
|-damage|p1a: Kingambit|8/100
|
|-heal|p2a: Dondozo|62/100|[from] item: Leftovers
|upkeep
|turn|22
|c|☆MagicalPumpkinpie|Yk i have unaware
|
|t:|1769423481
|move|p1a: Kingambit|Iron Head|p2a: Dondozo
|-resisted|p2a: Dondozo
|-damage|p2a: Dondozo|55/100
|cant|p2a: Dondozo|flinch
|
|-heal|p2a: Dondozo|61/100|[from] item: Leftovers
|upkeep
|turn|23
|c|☆MagicalPumpkinpie|Ur dancing wont do anything
|inactive|91岁爱搞小揪揪ama has 120 seconds left.
|c|☆MagicalPumpkinpie|Tho do you not have kotow cleave?
|c|☆MagicalPumpkinpie|!dt kotow cleave
'kotow cleave' has no exact match. Approximate match:
|c|☆MagicalPumpkinpie|/raw <ul class="utilichart"><li class="result"><span class="col movenamecol"><a href="https://dex.pokemonshowdown.com/moves/kowtowcleave">Kowtow Cleave</a></span> <span class="col typecol"><img src="//play.pokemonshowdown.com/sprites/types/Dark.png" alt="Dark" width="32" height="14"><img src="//play.pokemonshowdown.com/sprites/categories/Physical.png" alt="Physical" width="32" height="14"></span> <span class="col labelcol"><em>Power</em><br>85</span> <span class="col widelabelcol"><em>Accuracy</em><br>—</span> <span class="col pplabelcol"><em>PP</em><br>16</span> <span class="col movedesccol">This move does not check accuracy.</span> </li><li style="clear:both"></li></ul>
|c|☆MagicalPumpkinpie|/raw <font size="1"><font color="#686868">Priority:</font> 0&nbsp;|&ThickSpace;<font color="#686868">Gen:</font> 9&nbsp;|&ThickSpace;&#10003; Contact&nbsp;|&ThickSpace;&#10003; Slicing move&nbsp;|&ThickSpace;<font color="#686868">Z-Power:</font> 160&nbsp;|&ThickSpace;<font color="#686868">Target:</font> One Adjacent Pokémon</font>

|inactive|91岁爱搞小揪揪ama has 90 seconds left.
|c|☆MagicalPumpkinpie|Swords dance iron head sucker punch and what?
|inactive|91岁爱搞小揪揪ama has 60 seconds left.
|inactive|91岁爱搞小揪揪ama has 30 seconds left.
|inactive|91岁爱搞小揪揪ama has 20 seconds left.
|inactive|91岁爱搞小揪揪ama has 15 seconds left.
|inactive|91岁爱搞小揪揪ama has 10 seconds left.
|inactive|91岁爱搞小揪揪ama has 5 seconds left.
|-message|91岁爱搞小揪揪ama lost due to inactivity.
|
|win|MagicalPumpkinpie
|raw|91岁爱搞小揪揪ama's rating: 1163 &rarr; <strong>1134</strong><br />(-29 for losing)
|raw|MagicalPumpkinpie's rating: 1111 &rarr; <strong>1140</strong><br />(+29 for winning)
|l|☆MagicalPumpkinpie
|player|p2|
|j|☆MagicalPumpkinpie
|player|p2|MagicalPumpkinpie|gambler|
|l|☆MagicalPumpkinpie
|player|p2|
