|j|☆Dante1310
|j|☆fck_yellow_magic
|t:|1769337013
|gametype|singles
|player|p1|Dante1310|brycenman|1671
|player|p2|fck_yellow_magic|janitor-gen9|1667
|gen|9
|tier|[Gen 9] OU
|rated|
|rule|HP Percentage Mod: HP is shown in percentages
|rule|Endless Battle Clause: Forcing endless battles is banned
|rule|Species Clause: Limit one of each Pokémon
|rule|OHKO Clause: OHKO moves are banned
|rule|Evasion Items Clause: Evasion items are banned
|rule|Evasion Moves Clause: Evasion moves are banned
|rule|Evasion Abilities Clause: Evasion abilities are banned
|rule|Sleep Moves Clause: Sleep-inducing moves are banned
|clearpoke
|poke|p1|Ogerpon-Cornerstone, F|
|poke|p1|Hatterene, F|
|poke|p1|Zapdos|
|poke|p1|Kingambit, M|
|poke|p1|Iron Treads|
|poke|p1|Okidogi, M|
|poke|p2|Clodsire, M|
|poke|p2|Conkeldurr, M|
|poke|p2|Zapdos|
|poke|p2|Skarmory, M|
|poke|p2|Sinistcha|
|poke|p2|Ceruledge, M|
|teampreview
|
|t:|1769337021
|teamsize|p1|6
|teamsize|p2|6
|start
|switch|p1a: Hatterene|Hatterene, F|100/100
|switch|p2a: Rolling Thunder|Zapdos|100/100
|-ability|p2a: Rolling Thunder|Pressure
|turn|1
|inactive|Battle timer is ON: inactive players will automatically lose when time's up. (requested by fck_yellow_magic)
|
|t:|1769337032
|switch|p1a: Iron Treads|Iron Treads|100/100
|-item|p1a: Iron Treads|Air Balloon
|move|p2a: Rolling Thunder|Hurricane|p1a: Iron Treads
|-resisted|p1a: Iron Treads
|-damage|p1a: Iron Treads|38/100
|-start|p1a: Iron Treads|confusion
|-enditem|p1a: Iron Treads|Air Balloon
|
|upkeep
|turn|2
|
|t:|1769337045
|-activate|p1a: Iron Treads|confusion
|move|p1a: Iron Treads|Stealth Rock|p2a: Rolling Thunder
|-sidestart|p2: fck_yellow_magic|move: Stealth Rock
|move|p2a: Rolling Thunder|Hurricane|p1a: Iron Treads|[miss]
|-miss|p2a: Rolling Thunder|p1a: Iron Treads
|
|upkeep
|turn|3
|
|t:|1769337050
|-end|p1a: Iron Treads|confusion
|move|p1a: Iron Treads|Ice Spinner|p2a: Rolling Thunder
|-supereffective|p2a: Rolling Thunder
|-damage|p2a: Rolling Thunder|36/100
|move|p2a: Rolling Thunder|Hurricane|p1a: Iron Treads
|-resisted|p1a: Iron Treads
|-damage|p1a: Iron Treads|0 fnt
|faint|p1a: Iron Treads
|-end|p1a: Iron Treads|Quark Drive|[silent]
|
|upkeep
|
|t:|1769337054
|switch|p1a: Ogerpon|Ogerpon-Cornerstone, F|100/100
|turn|4
|
|t:|1769337058
|switch|p2a: Broken Vessel|Sinistcha|100/100
|move|p1a: Ogerpon|Ivy Cudgel|p2a: Broken Vessel|[anim] Ivy Cudgel Rock
|-crit|p2a: Broken Vessel
|-damage|p2a: Broken Vessel|34/100
|
|upkeep
|turn|5
|
|t:|1769337064
|move|p1a: Ogerpon|Ivy Cudgel|p2a: Broken Vessel|[anim] Ivy Cudgel Rock
|-damage|p2a: Broken Vessel|0 fnt
|faint|p2a: Broken Vessel
|
|upkeep
|
|t:|1769337066
|switch|p2a: Wide Shoulder|Conkeldurr, M|100/100
|-damage|p2a: Wide Shoulder|94/100|[from] Stealth Rock
|turn|6
|
|t:|1769337070
|switch|p1a: Hatterene|Hatterene, F|100/100
|switch|p2a: Clean Edge|Ceruledge, M|100/100
|
|upkeep
|turn|7
|j| Samurajen
|
|t:|1769337081
|move|p2a: Clean Edge|Poltergeist|p1a: Hatterene
|-activate|p1a: Hatterene|move: Poltergeist|Rocky Helmet
|-supereffective|p1a: Hatterene
|-damage|p1a: Hatterene|23/100
|move|p1a: Hatterene|Nuzzle|p2a: Clean Edge
|-damage|p2a: Clean Edge|96/100
|-status|p2a: Clean Edge|par
|
|upkeep
|turn|8
|
|t:|1769337089
|move|p2a: Clean Edge|Poltergeist|p1a: Hatterene
|-activate|p1a: Hatterene|move: Poltergeist|Rocky Helmet
|-supereffective|p1a: Hatterene
|-damage|p1a: Hatterene|0 fnt
|faint|p1a: Hatterene
|
|upkeep
|
|t:|1769337091
|switch|p1a: Kingambit|Kingambit, M|100/100
|-activate|p1a: Kingambit|ability: Supreme Overlord
|-start|p1a: Kingambit|fallen2|[silent]
|turn|9
|
|t:|1769337094
|switch|p2a: Metal Wing|Skarmory, M|100/100
|-damage|p2a: Metal Wing|88/100|[from] Stealth Rock
|move|p1a: Kingambit|Kowtow Cleave|p2a: Metal Wing
|-damage|p2a: Metal Wing|50/100
|
|-heal|p2a: Metal Wing|56/100|[from] item: Leftovers
|upkeep
|turn|10
|
|t:|1769337098
|-end|p1a: Kingambit|fallen2|[silent]
|switch|p1a: Zapdos|Zapdos|100/100
|move|p2a: Metal Wing|Spikes|p1a: Zapdos
|-sidestart|p1: Dante1310|Spikes
|
|-heal|p2a: Metal Wing|62/100|[from] item: Leftovers
|upkeep
|turn|11
|
|t:|1769337104
|switch|p1a: Okidogi|Okidogi, M|100/100
|-damage|p1a: Okidogi|88/100|[from] Spikes
|switch|p2a: Fat Body|Clodsire, M|100/100
|-damage|p2a: Fat Body|94/100|[from] Stealth Rock
|
|-heal|p2a: Fat Body|100/100|[from] item: Leftovers
|upkeep
|turn|12
|
|t:|1769337107
|move|p1a: Okidogi|Knock Off|p2a: Fat Body
|-damage|p2a: Fat Body|72/100
|-enditem|p2a: Fat Body|Leftovers|[from] move: Knock Off|[of] p1a: Okidogi
|move|p2a: Fat Body|Earthquake|p1a: Okidogi
|-supereffective|p1a: Okidogi
|-damage|p1a: Okidogi|44/100
|
|upkeep
|turn|13
|
|t:|1769337111
|move|p1a: Okidogi|Ice Punch|p2a: Fat Body
|-supereffective|p2a: Fat Body
|-damage|p2a: Fat Body|27/100
|move|p2a: Fat Body|Stealth Rock|p1a: Okidogi
|-sidestart|p1: Dante1310|move: Stealth Rock
|
|upkeep
|turn|14
|
|t:|1769337121
|switch|p2a: Metal Wing|Skarmory, M|62/100
|-damage|p2a: Metal Wing|50/100|[from] Stealth Rock
|move|p1a: Okidogi|Ice Punch|p2a: Metal Wing
|-damage|p2a: Metal Wing|29/100
|-status|p2a: Metal Wing|frz
|
|-heal|p2a: Metal Wing|35/100 frz|[from] item: Leftovers
|upkeep
|turn|15
|
|t:|1769337124
|move|p1a: Okidogi|Drain Punch|p2a: Metal Wing
|-damage|p2a: Metal Wing|6/100 frz
|-heal|p1a: Okidogi|57/100|[from] drain|[of] p2a: Metal Wing
|cant|p2a: Metal Wing|frz
|
|-heal|p2a: Metal Wing|12/100 frz|[from] item: Leftovers
|upkeep
|turn|16
|
|t:|1769337128
|move|p1a: Okidogi|Knock Off|p2a: Metal Wing
|-damage|p2a: Metal Wing|0 fnt
|-enditem|p2a: Metal Wing|Leftovers|[from] move: Knock Off|[of] p1a: Okidogi
|faint|p2a: Metal Wing
|
|upkeep
|
|t:|1769337130
|switch|p2a: Rolling Thunder|Zapdos|36/100
|-damage|p2a: Rolling Thunder|11/100|[from] Stealth Rock
|-ability|p2a: Rolling Thunder|Pressure
|turn|17
|
|t:|1769337144
|move|p2a: Rolling Thunder|Hurricane|p1a: Okidogi
|-supereffective|p1a: Okidogi
|-damage|p1a: Okidogi|0 fnt
|faint|p1a: Okidogi
|
|upkeep
|
|t:|1769337156
|switch|p1a: Ogerpon|Ogerpon-Cornerstone, F|100/100
|-damage|p1a: Ogerpon|88/100|[from] Spikes
|-damage|p1a: Ogerpon|76/100|[from] Stealth Rock
|turn|18
|
|t:|1769337160
|move|p1a: Ogerpon|Ivy Cudgel|p2a: Rolling Thunder|[anim] Ivy Cudgel Rock
|-supereffective|p2a: Rolling Thunder
|-crit|p2a: Rolling Thunder
|-damage|p2a: Rolling Thunder|0 fnt
|faint|p2a: Rolling Thunder
|
|upkeep
|
|t:|1769337162
|switch|p2a: Wide Shoulder|Conkeldurr, M|94/100
|-damage|p2a: Wide Shoulder|88/100|[from] Stealth Rock
|turn|19
|
|t:|1769337174
|move|p1a: Ogerpon|Ivy Cudgel|p2a: Wide Shoulder|[anim] Ivy Cudgel Rock
|-resisted|p2a: Wide Shoulder
|-damage|p2a: Wide Shoulder|66/100
|move|p2a: Wide Shoulder|Knock Off|p1a: Ogerpon
|-damage|p1a: Ogerpon|46/100
|
|upkeep
|turn|20
|
|t:|1769337178
|move|p2a: Wide Shoulder|Mach Punch|p1a: Ogerpon
|-supereffective|p1a: Ogerpon
|-damage|p1a: Ogerpon|0 fnt
|faint|p1a: Ogerpon
|
|upkeep
|
|t:|1769337180
|switch|p1a: Zapdos|Zapdos|100/100
|turn|21
|
|t:|1769337185
|switch|p2a: Clean Edge|Ceruledge, M|96/100 par
|move|p1a: Zapdos|Hurricane|p2a: Clean Edge
|-damage|p2a: Clean Edge|63/100 par
|-start|p2a: Clean Edge|confusion
|
|upkeep
|turn|22
|
|t:|1769337191
|move|p1a: Zapdos|Discharge|p2a: Clean Edge
|-damage|p2a: Clean Edge|36/100 par
|-activate|p2a: Clean Edge|confusion
|cant|p2a: Clean Edge|par
|
|upkeep
|turn|23
|
|t:|1769337199
|move|p1a: Zapdos|Hurricane|p2a: Clean Edge|[miss]
|-miss|p1a: Zapdos|p2a: Clean Edge
|-activate|p2a: Clean Edge|confusion
|-damage|p2a: Clean Edge|23/100 par|[from] confusion
|
|upkeep
|turn|24
|
|t:|1769337210
|move|p1a: Zapdos|Discharge|p2a: Clean Edge
|-damage|p2a: Clean Edge|0 fnt
|faint|p2a: Clean Edge
|
|upkeep
|
|t:|1769337212
|switch|p2a: Fat Body|Clodsire, M|27/100
|-damage|p2a: Fat Body|21/100|[from] Stealth Rock
|turn|25
|
|t:|1769337215
|move|p1a: Zapdos|Hurricane|p2a: Fat Body|[miss]
|-miss|p1a: Zapdos|p2a: Fat Body
|move|p2a: Fat Body|Recover|p2a: Fat Body
|-heal|p2a: Fat Body|71/100
|
|upkeep
|turn|26
|
|t:|1769337219
|move|p1a: Zapdos|U-turn|p2a: Fat Body
|-resisted|p2a: Fat Body
|-damage|p2a: Fat Body|66/100
|
|t:|1769337220
|switch|p1a: Kingambit|Kingambit, M|100/100|[from] U-turn
|-damage|p1a: Kingambit|88/100|[from] Spikes
|-damage|p1a: Kingambit|82/100|[from] Stealth Rock
|-activate|p1a: Kingambit|ability: Supreme Overlord
|-start|p1a: Kingambit|fallen4|[silent]
|move|p2a: Fat Body|Earthquake|p1a: Kingambit
|-supereffective|p1a: Kingambit
|-damage|p1a: Kingambit|36/100
|
|-heal|p1a: Kingambit|43/100|[from] item: Leftovers
|upkeep
|turn|27
|inactive|fck_yellow_magic has 120 seconds left.
|
|t:|1769337251
|move|p1a: Kingambit|Iron Head|p2a: Fat Body
|-damage|p2a: Fat Body|13/100
|move|p2a: Fat Body|Earthquake|p1a: Kingambit
|-supereffective|p1a: Kingambit
|-damage|p1a: Kingambit|0 fnt
|faint|p1a: Kingambit
|-end|p1a: Kingambit|fallen4|[silent]
|
|upkeep
|
|t:|1769337254
|switch|p1a: Zapdos|Zapdos|100/100
|turn|28
|
|t:|1769337257
|move|p1a: Zapdos|Hurricane|p2a: Fat Body|[miss]
|-miss|p1a: Zapdos|p2a: Fat Body
|move|p2a: Fat Body|Recover|p2a: Fat Body
|-heal|p2a: Fat Body|63/100
|
|upkeep
|turn|29
|c|☆Dante1310|Bruh
|
|t:|1769337264
|move|p1a: Zapdos|Hurricane|p2a: Fat Body
|-damage|p2a: Fat Body|33/100
|move|p2a: Fat Body|Recover|p2a: Fat Body
|-heal|p2a: Fat Body|83/100
|
|upkeep
|turn|30
|c|☆fck_yellow_magic|mb
|
|t:|1769337269
|move|p1a: Zapdos|Hurricane|p2a: Fat Body
|-damage|p2a: Fat Body|50/100
|move|p2a: Fat Body|Toxic|p1a: Zapdos
|-status|p1a: Zapdos|tox
|
|-damage|p1a: Zapdos|94/100 tox|[from] psn
|upkeep
|turn|31
|c|☆Dante1310|gG
|-message|Dante1310 forfeited.
|
|win|fck_yellow_magic
|raw|Dante1310's rating: 1671 &rarr; <strong>1651</strong><br />(-20 for losing)
|raw|fck_yellow_magic's rating: 1667 &rarr; <strong>1687</strong><br />(+20 for winning)
|l|☆Dante1310
|player|p1|
