|j|☆Evahok わ
|j|☆bd00
|t:|1769381246
|gametype|singles
|player|p1|Evahok わ|pokemonrangerf|1279
|player|p2|bd00|aromalady|1273
|gen|9
|tier|[Gen 9] OU
|rated|
|rule|HP Percentage Mod: HP is shown in percentages
|rule|Endless Battle Clause: Forcing endless battles is banned
|rule|Species Clause: Limit one of each Pokémon
|rule|OHKO Clause: OHKO moves are banned
|rule|Evasion Items Clause: Evasion items are banned
|rule|Evasion Moves Clause: Evasion moves are banned
|rule|Evasion Abilities Clause: Evasion abilities are banned
|rule|Sleep Moves Clause: Sleep-inducing moves are banned
|clearpoke
|poke|p1|Tyranitar, F|
|poke|p1|Excadrill, M|
|poke|p1|Rillaboom, F|
|poke|p1|Gholdengo|
|poke|p1|Rotom-Wash|
|poke|p1|Great Tusk|
|poke|p2|Deoxys-Defense|
|poke|p2|Araquanid, F|
|poke|p2|Pincurchin, F|
|poke|p2|Comfey, F|
|poke|p2|Exeggutor-Alola, M|
|poke|p2|Hatterene, F|
|teampreview
|inactive|Battle timer is ON: inactive players will automatically lose when time's up. (requested by Evahok わ)
|
|t:|1769381277
|teamsize|p1|6
|teamsize|p2|6
|start
|switch|p1a: Rotom|Rotom-Wash|100/100
|switch|p2a: Araquanid|Araquanid, F|100/100
|turn|1
|
|t:|1769381286
|move|p1a: Rotom|Volt Switch|p2a: Araquanid
|-supereffective|p2a: Araquanid
|-damage|p2a: Araquanid|57/100
|
|t:|1769381293
|switch|p1a: Rillaboom|Rillaboom, F|100/100|[from] Volt Switch
|-fieldstart|move: Grassy Terrain|[from] ability: Grassy Surge|[of] p1a: Rillaboom
|move|p2a: Araquanid|Liquidation|p1a: Rillaboom
|-resisted|p1a: Rillaboom
|-damage|p1a: Rillaboom|63/100
|
|-heal|p1a: Rillaboom|69/100|[from] Grassy Terrain
|-heal|p2a: Araquanid|64/100|[from] Grassy Terrain
|upkeep
|turn|2
|
|t:|1769381304
|switch|p2a: Exeggutor|Exeggutor-Alola, M|100/100
|move|p1a: Rillaboom|Grassy Glide|p2a: Exeggutor
|-resisted|p2a: Exeggutor
|-damage|p2a: Exeggutor|91/100
|
|-heal|p1a: Rillaboom|75/100|[from] Grassy Terrain
|-heal|p2a: Exeggutor|97/100|[from] Grassy Terrain
|upkeep
|turn|3
|
|t:|1769381314
|move|p2a: Exeggutor|Protect|p2a: Exeggutor
|-singleturn|p2a: Exeggutor|Protect
|move|p1a: Rillaboom|U-turn|p2a: Exeggutor
|-activate|p2a: Exeggutor|move: Protect
|
|-heal|p1a: Rillaboom|81/100|[from] Grassy Terrain
|-heal|p2a: Exeggutor|100/100|[from] Grassy Terrain
|upkeep
|turn|4
|
|t:|1769381321
|move|p1a: Rillaboom|U-turn|p2a: Exeggutor
|-supereffective|p2a: Exeggutor
|-damage|p2a: Exeggutor|44/100
|-enditem|p2a: Exeggutor|Sitrus Berry|[eat]
|-heal|p2a: Exeggutor|69/100|[from] item: Sitrus Berry
|
|t:|1769381327
|switch|p1a: Tyranitar|Tyranitar, F|100/100|[from] U-turn
|-weather|Sandstorm|[from] ability: Sand Stream|[of] p1a: Tyranitar
|move|p2a: Exeggutor|Leaf Storm|p1a: Tyranitar
|-supereffective|p1a: Tyranitar
|-damage|p1a: Tyranitar|20/100
|-unboost|p2a: Exeggutor|spa|2
|
|-weather|Sandstorm|[upkeep]
|-damage|p2a: Exeggutor|63/100|[from] Sandstorm
|-heal|p1a: Tyranitar|26/100|[from] Grassy Terrain
|-heal|p2a: Exeggutor|69/100|[from] Grassy Terrain
|upkeep
|turn|5
|
|t:|1769381340
|move|p1a: Tyranitar|Stealth Rock|p2a: Exeggutor
|-sidestart|p2: bd00|move: Stealth Rock
|move|p2a: Exeggutor|Leaf Storm|p1a: Tyranitar|[miss]
|-miss|p2a: Exeggutor|p1a: Tyranitar
|
|-weather|Sandstorm|[upkeep]
|-damage|p2a: Exeggutor|63/100|[from] Sandstorm
|-heal|p1a: Tyranitar|33/100|[from] Grassy Terrain
|-heal|p2a: Exeggutor|69/100|[from] Grassy Terrain
|-fieldend|move: Grassy Terrain
|-item|p2a: Exeggutor|Sitrus Berry|[from] ability: Harvest
|upkeep
|turn|6
|
|t:|1769381353
|move|p2a: Exeggutor|Protect|p2a: Exeggutor
|-singleturn|p2a: Exeggutor|Protect
|move|p1a: Tyranitar|Ice Beam|p2a: Exeggutor
|-activate|p2a: Exeggutor|move: Protect
|
|-weather|Sandstorm|[upkeep]
|-damage|p2a: Exeggutor|63/100|[from] Sandstorm
|upkeep
|turn|7
|
|t:|1769381360
|switch|p2a: Comfey|Comfey, F|100/100
|move|p1a: Tyranitar|Ice Beam|p2a: Comfey
|-damage|p2a: Comfey|84/100
|
|-weather|Sandstorm|[upkeep]
|-damage|p2a: Comfey|78/100|[from] Sandstorm
|upkeep
|turn|8
|
|t:|1769381369
|switch|p1a: Gholdengo|Gholdengo|100/100
|-item|p1a: Gholdengo|Air Balloon
|move|p2a: Comfey|Trick Room|p2a: Comfey
|-fieldstart|move: Trick Room|[of] p2a: Comfey
|
|-weather|Sandstorm|[upkeep]
|-damage|p2a: Comfey|72/100|[from] Sandstorm
|upkeep
|turn|9
|
|t:|1769381379
|move|p2a: Comfey|U-turn|p1a: Gholdengo
|-resisted|p1a: Gholdengo
|-damage|p1a: Gholdengo|98/100
|-enditem|p1a: Gholdengo|Air Balloon
|
|t:|1769381383
|switch|p2a: Araquanid|Araquanid, F|64/100|[from] U-turn
|-damage|p2a: Araquanid|39/100|[from] Stealth Rock
|move|p1a: Gholdengo|Make It Rain|p2a: Araquanid
|-resisted|p2a: Araquanid
|-damage|p2a: Araquanid|12/100
|-unboost|p1a: Gholdengo|spa|1
|
|-weather|Sandstorm|[upkeep]
|-damage|p2a: Araquanid|6/100|[from] Sandstorm
|upkeep
|turn|10
|
|t:|1769381395
|switch|p1a: Rillaboom|Rillaboom, F|81/100
|-fieldstart|move: Grassy Terrain|[from] ability: Grassy Surge|[of] p1a: Rillaboom
|-terastallize|p2a: Araquanid|Water
|move|p2a: Araquanid|Liquidation|p1a: Rillaboom
|-resisted|p1a: Rillaboom
|-damage|p1a: Rillaboom|30/100
|
|-weather|Sandstorm|[upkeep]
|-damage|p2a: Araquanid|0 fnt|[from] Sandstorm
|-damage|p1a: Rillaboom|24/100|[from] Sandstorm
|faint|p2a: Araquanid
|-heal|p1a: Rillaboom|30/100|[from] Grassy Terrain
|upkeep
|
|t:|1769381409
|switch|p2a: Hatterene|Hatterene, F|100/100
|-damage|p2a: Hatterene|88/100|[from] Stealth Rock
|turn|11
|
|t:|1769381413
|move|p1a: Rillaboom|Grassy Glide|p2a: Hatterene
|-damage|p2a: Hatterene|42/100
|move|p2a: Hatterene|Dazzling Gleam|p1a: Rillaboom
|-damage|p1a: Rillaboom|3/100
|
|-weather|none
|-heal|p2a: Hatterene|48/100|[from] Grassy Terrain
|-heal|p1a: Rillaboom|9/100|[from] Grassy Terrain
|upkeep
|turn|12
|
|t:|1769381421
|move|p1a: Rillaboom|Grassy Glide|p2a: Hatterene
|-damage|p2a: Hatterene|5/100
|move|p2a: Hatterene|Dazzling Gleam|p1a: Rillaboom
|-damage|p1a: Rillaboom|0 fnt
|faint|p1a: Rillaboom
|
|-heal|p2a: Hatterene|11/100|[from] Grassy Terrain
|-fieldend|move: Trick Room
|upkeep
|
|t:|1769381432
|switch|p1a: Excadrill|Excadrill, M|100/100
|-item|p1a: Excadrill|Air Balloon
|turn|13
|
|t:|1769381435
|move|p1a: Excadrill|Iron Head|p2a: Hatterene
|-supereffective|p2a: Hatterene
|-damage|p2a: Hatterene|0 fnt
|faint|p2a: Hatterene
|
|upkeep
|
|t:|1769381438
|switch|p2a: Deoxys|Deoxys-Defense|100/100
|-damage|p2a: Deoxys|88/100|[from] Stealth Rock
|-ability|p2a: Deoxys|Pressure
|turn|14
|
|t:|1769381444
|switch|p1a: Tyranitar|Tyranitar, F|33/100
|-weather|Sandstorm|[from] ability: Sand Stream|[of] p1a: Tyranitar
|move|p2a: Deoxys|Trick Room|p2a: Deoxys
|-fieldstart|move: Trick Room|[of] p2a: Deoxys
|
|-weather|Sandstorm|[upkeep]
|-damage|p2a: Deoxys|82/100|[from] Sandstorm
|-heal|p1a: Tyranitar|39/100|[from] Grassy Terrain
|-heal|p2a: Deoxys|88/100|[from] Grassy Terrain
|-heal|p2a: Deoxys|94/100|[from] item: Leftovers
|-fieldend|move: Grassy Terrain
|upkeep
|turn|15
|
|t:|1769381450
|move|p1a: Tyranitar|Knock Off|p2a: Deoxys
|-supereffective|p2a: Deoxys
|-damage|p2a: Deoxys|46/100
|-enditem|p2a: Deoxys|Leftovers|[from] move: Knock Off|[of] p1a: Tyranitar
|move|p2a: Deoxys|Teleport|p2a: Deoxys
|
|t:|1769381453
|switch|p2a: Exeggutor|Exeggutor-Alola, M|63/100|[from] Teleport
|-damage|p2a: Exeggutor|50/100|[from] Stealth Rock
|-enditem|p2a: Exeggutor|Sitrus Berry|[eat]
|-heal|p2a: Exeggutor|75/100|[from] item: Sitrus Berry
|
|-weather|Sandstorm|[upkeep]
|-damage|p2a: Exeggutor|69/100|[from] Sandstorm
|-item|p2a: Exeggutor|Sitrus Berry|[from] ability: Harvest
|upkeep
|turn|16
|
|t:|1769381460
|-terastallize|p1a: Tyranitar|Flying
|move|p2a: Exeggutor|Flamethrower|p1a: Tyranitar
|-damage|p1a: Tyranitar|16/100
|move|p1a: Tyranitar|Ice Beam|p2a: Exeggutor
|-supereffective|p2a: Exeggutor
|-damage|p2a: Exeggutor|0 fnt
|faint|p2a: Exeggutor
|
|-weather|Sandstorm|[upkeep]
|-damage|p1a: Tyranitar|10/100|[from] Sandstorm
|upkeep
|
|t:|1769381466
|switch|p2a: Comfey|Comfey, F|72/100
|turn|17
|
|t:|1769381469
|move|p2a: Comfey|Draining Kiss|p1a: Tyranitar
|-damage|p1a: Tyranitar|1/100
|-heal|p2a: Comfey|81/100|[from] drain|[of] p1a: Tyranitar
|move|p1a: Tyranitar|Knock Off|p2a: Comfey
|-resisted|p2a: Comfey
|-crit|p2a: Comfey
|-damage|p2a: Comfey|40/100
|-enditem|p2a: Comfey|Heavy-Duty Boots|[from] move: Knock Off|[of] p1a: Tyranitar
|
|-weather|Sandstorm|[upkeep]
|-damage|p1a: Tyranitar|0 fnt|[from] Sandstorm
|-damage|p2a: Comfey|34/100|[from] Sandstorm
|faint|p1a: Tyranitar
|upkeep
|
|t:|1769381479
|switch|p1a: Rotom|Rotom-Wash|100/100
|turn|18
|
|t:|1769381483
|move|p2a: Comfey|Giga Drain|p1a: Rotom
|-supereffective|p1a: Rotom
|-damage|p1a: Rotom|71/100
|-heal|p2a: Comfey|48/100|[from] drain|[of] p1a: Rotom
|move|p1a: Rotom|Hydro Pump|p2a: Comfey
|-damage|p2a: Comfey|20/100
|
|-weather|Sandstorm|[upkeep]
|-damage|p2a: Comfey|14/100|[from] Sandstorm
|-damage|p1a: Rotom|65/100|[from] Sandstorm
|-heal|p1a: Rotom|71/100|[from] item: Leftovers
|-fieldend|move: Trick Room
|upkeep
|turn|19
|
|t:|1769381491
|move|p2a: Comfey|Giga Drain|p1a: Rotom
|-supereffective|p1a: Rotom
|-damage|p1a: Rotom|39/100
|-heal|p2a: Comfey|29/100|[from] drain|[of] p1a: Rotom
|move|p1a: Rotom|Volt Switch|p2a: Comfey
|-damage|p2a: Comfey|10/100
|
|t:|1769381500
|switch|p1a: Excadrill|Excadrill, M|100/100|[from] Volt Switch
|-item|p1a: Excadrill|Air Balloon
|
|-weather|Sandstorm|[upkeep]
|-damage|p2a: Comfey|4/100|[from] Sandstorm
|upkeep
|turn|20
|
|t:|1769381505
|move|p2a: Comfey|Giga Drain|p1a: Excadrill
|-damage|p1a: Excadrill|81/100
|-heal|p2a: Comfey|16/100|[from] drain|[of] p1a: Excadrill
|-enditem|p1a: Excadrill|Air Balloon
|move|p1a: Excadrill|Swords Dance|p1a: Excadrill
|-boost|p1a: Excadrill|atk|2
|
|-weather|Sandstorm|[upkeep]
|-damage|p2a: Comfey|9/100|[from] Sandstorm
|upkeep
|turn|21
|
|t:|1769381511
|move|p2a: Comfey|Giga Drain|p1a: Excadrill
|-damage|p1a: Excadrill|62/100
|-heal|p2a: Comfey|20/100|[from] drain|[of] p1a: Excadrill
|move|p1a: Excadrill|Rapid Spin|p2a: Comfey
|-damage|p2a: Comfey|0 fnt
|-boost|p1a: Excadrill|spe|1
|faint|p2a: Comfey
|
|-weather|none
|upkeep
|-message|bd00 forfeited.
|
|win|Evahok わ
|raw|Evahok わ's rating: 1279 &rarr; <strong>1304</strong><br />(+25 for winning)
|raw|bd00's rating: 1273 &rarr; <strong>1248</strong><br />(-25 for losing)
|l|☆bd00
|player|p2|
|l|☆Evahok わ
|player|p1|
