|j|☆Syph0n_78
|j|☆mo007001
|t:|1769322210
|gametype|singles
|player|p1|Syph0n_78|cynthia-gen4|1346
|player|p2|mo007001|burglar|1381
|gen|9
|tier|[Gen 9] OU
|rated|
|rule|HP Percentage Mod: HP is shown in percentages
|rule|Endless Battle Clause: Forcing endless battles is banned
|rule|Species Clause: Limit one of each Pokémon
|rule|OHKO Clause: OHKO moves are banned
|rule|Evasion Items Clause: Evasion items are banned
|rule|Evasion Moves Clause: Evasion moves are banned
|rule|Evasion Abilities Clause: Evasion abilities are banned
|rule|Sleep Moves Clause: Sleep-inducing moves are banned
|clearpoke
|poke|p1|Latios, M|
|poke|p1|Primarina, F|
|poke|p1|Weavile, M|
|poke|p1|Rillaboom, F|
|poke|p1|Hawlucha, F|
|poke|p1|Excadrill, F|
|poke|p2|Pelipper, M|
|poke|p2|Azumarill, F|
|poke|p2|Floatzel, M|
|poke|p2|Kingdra, M|
|poke|p2|Scizor, F|
|poke|p2|Kingambit, M|
|teampreview
|
|t:|1769322217
|teamsize|p1|6
|teamsize|p2|6
|start
|switch|p1a: Rillaboom|Rillaboom, F|100/100
|switch|p2a: 鸥达拉|Pelipper, M|100/100
|-fieldstart|move: Grassy Terrain|[from] ability: Grassy Surge|[of] p1a: Rillaboom
|-weather|RainDance|[from] ability: Drizzle|[of] p2a: 鸥达拉
|turn|1
|
|t:|1769322221
|switch|p2a: 勘九螂|Scizor, F|100/100
|move|p1a: Rillaboom|Wood Hammer|p2a: 勘九螂
|-resisted|p2a: 勘九螂
|-damage|p2a: 勘九螂|74/100
|-damage|p1a: Rillaboom|93/100|[from] Recoil
|
|-weather|RainDance|[upkeep]
|-heal|p1a: Rillaboom|99/100|[from] Grassy Terrain
|-heal|p2a: 勘九螂|80/100|[from] Grassy Terrain
|-heal|p2a: 勘九螂|86/100|[from] item: Leftovers
|upkeep
|turn|2
|c|☆Syph0n_78|this thing eats my ass
|
|t:|1769322246
|switch|p1a: Hawlucha|Hawlucha, F|100/100
|-enditem|p1a: Hawlucha|Grassy Seed
|-boost|p1a: Hawlucha|def|1|[from] item: Grassy Seed
|move|p2a: 勘九螂|U-turn|p1a: Hawlucha
|-resisted|p1a: Hawlucha
|-damage|p1a: Hawlucha|93/100
|
|t:|1769322255
|switch|p2a: 日向宁刺|Kingdra, M|100/100|[from] U-turn
|
|-weather|RainDance|[upkeep]
|upkeep
|turn|3
|
|t:|1769322262
|switch|p1a: Primarina|Primarina, F|100/100
|move|p2a: 日向宁刺|Hurricane|p1a: Primarina
|-damage|p1a: Primarina|76/100
|-start|p1a: Primarina|confusion
|-damage|p2a: 日向宁刺|91/100|[from] item: Life Orb
|
|-weather|RainDance|[upkeep]
|-heal|p2a: 日向宁刺|97/100|[from] Grassy Terrain
|-heal|p1a: Primarina|82/100|[from] Grassy Terrain
|upkeep
|turn|4
|
|t:|1769322278
|switch|p2a: 鸥达拉|Pelipper, M|100/100
|-activate|p1a: Primarina|confusion
|move|p1a: Primarina|Moonblast|p2a: 鸥达拉
|-damage|p2a: 鸥达拉|20/100
|
|-weather|RainDance|[upkeep]
|-heal|p1a: Primarina|88/100|[from] Grassy Terrain
|upkeep
|turn|5
|
|t:|1769322296
|switch|p2a: 勘九螂|Scizor, F|86/100
|-activate|p1a: Primarina|confusion
|-damage|p1a: Primarina|80/100|[from] confusion
|
|-weather|RainDance|[upkeep]
|-heal|p2a: 勘九螂|92/100|[from] Grassy Terrain
|-heal|p2a: 勘九螂|98/100|[from] item: Leftovers
|-heal|p1a: Primarina|86/100|[from] Grassy Terrain
|-fieldend|move: Grassy Terrain
|upkeep
|turn|6
|
|t:|1769322301
|move|p2a: 勘九螂|U-turn|p1a: Primarina
|-resisted|p1a: Primarina
|-damage|p1a: Primarina|64/100
|
|t:|1769322319
|switch|p2a: 日向宁刺|Kingdra, M|97/100|[from] U-turn
|-activate|p1a: Primarina|confusion
|-damage|p1a: Primarina|56/100|[from] confusion
|
|-weather|RainDance|[upkeep]
|upkeep
|turn|7
|
|t:|1769322328
|move|p2a: 日向宁刺|Surf|p1a: Primarina
|-resisted|p1a: Primarina
|-damage|p1a: Primarina|34/100
|-damage|p2a: 日向宁刺|87/100|[from] item: Life Orb
|-end|p1a: Primarina|confusion
|move|p1a: Primarina|Moonblast|p2a: 日向宁刺
|-supereffective|p2a: 日向宁刺
|-damage|p2a: 日向宁刺|0 fnt
|faint|p2a: 日向宁刺
|
|-weather|RainDance|[upkeep]
|upkeep
|
|t:|1769322332
|switch|p2a: 宇智波鼬|Floatzel, M|100/100
|turn|8
|
|t:|1769322344
|move|p2a: 宇智波鼬|Flip Turn|p1a: Primarina
|-resisted|p1a: Primarina
|-damage|p1a: Primarina|0 fnt
|faint|p1a: Primarina
|
|t:|1769322348
|switch|p2a: 勘九螂|Scizor, F|98/100|[from] Flip Turn
|
|-weather|none
|-heal|p2a: 勘九螂|100/100|[from] item: Leftovers
|upkeep
|
|t:|1769322356
|switch|p1a: Excadrill|Excadrill, F|100/100
|-ability|p1a: Excadrill|Mold Breaker
|-item|p1a: Excadrill|Air Balloon
|turn|9
|
|t:|1769322360
|move|p1a: Excadrill|High Horsepower|p2a: 勘九螂
|-damage|p2a: 勘九螂|62/100
|move|p2a: 勘九螂|U-turn|p1a: Excadrill
|-resisted|p1a: Excadrill
|-damage|p1a: Excadrill|75/100
|-enditem|p1a: Excadrill|Air Balloon
|
|t:|1769322367
|switch|p2a: 鸥达拉|Pelipper, M|20/100|[from] U-turn
|-weather|RainDance|[from] ability: Drizzle|[of] p2a: 鸥达拉
|
|-weather|RainDance|[upkeep]
|upkeep
|turn|10
|
|t:|1769322371
|move|p1a: Excadrill|Iron Head|p2a: 鸥达拉
|-resisted|p2a: 鸥达拉
|-damage|p2a: 鸥达拉|0 fnt
|faint|p2a: 鸥达拉
|
|-weather|RainDance|[upkeep]
|upkeep
|
|t:|1769322374
|switch|p2a: 宇智波鼬|Floatzel, M|100/100
|turn|11
|
|t:|1769322379
|move|p2a: 宇智波鼬|Flip Turn|p1a: Excadrill
|-supereffective|p1a: Excadrill
|-damage|p1a: Excadrill|0 fnt
|faint|p1a: Excadrill
|
|t:|1769322382
|switch|p2a: 勘九螂|Scizor, F|62/100|[from] Flip Turn
|
|-weather|RainDance|[upkeep]
|-heal|p2a: 勘九螂|68/100|[from] item: Leftovers
|upkeep
|
|t:|1769322389
|switch|p1a: Hawlucha|Hawlucha, F|93/100
|turn|12
|
|t:|1769322396
|move|p1a: Hawlucha|Acrobatics|p2a: 勘九螂
|-damage|p2a: 勘九螂|31/100
|move|p2a: 勘九螂|U-turn|p1a: Hawlucha
|-resisted|p1a: Hawlucha
|-damage|p1a: Hawlucha|82/100
|
|t:|1769322401
|switch|p2a: 宇智波鼬|Floatzel, M|100/100|[from] U-turn
|
|-weather|RainDance|[upkeep]
|upkeep
|turn|13
|
|t:|1769322418
|switch|p1a: Weavile|Weavile, M|100/100
|move|p2a: 宇智波鼬|Flip Turn|p1a: Weavile
|-damage|p1a: Weavile|0 fnt
|faint|p1a: Weavile
|
|t:|1769322426
|switch|p2a: 勘九螂|Scizor, F|31/100|[from] Flip Turn
|
|-weather|RainDance|[upkeep]
|-heal|p2a: 勘九螂|37/100|[from] item: Leftovers
|upkeep
|
|t:|1769322427
|switch|p1a: Rillaboom|Rillaboom, F|99/100
|-fieldstart|move: Grassy Terrain|[from] ability: Grassy Surge|[of] p1a: Rillaboom
|turn|14
|
|t:|1769322432
|move|p1a: Rillaboom|Knock Off|p2a: 勘九螂
|-damage|p2a: 勘九螂|0 fnt
|-enditem|p2a: 勘九螂|Leftovers|[from] move: Knock Off|[of] p1a: Rillaboom
|faint|p2a: 勘九螂
|
|-weather|RainDance|[upkeep]
|-heal|p1a: Rillaboom|100/100|[from] Grassy Terrain
|upkeep
|
|t:|1769322441
|switch|p2a: 桃地再不斩|Kingambit, M|100/100
|-activate|p2a: 桃地再不斩|ability: Supreme Overlord
|-start|p2a: 桃地再不斩|fallen3|[silent]
|turn|15
|
|t:|1769322445
|switch|p1a: Hawlucha|Hawlucha, F|82/100
|move|p2a: 桃地再不斩|Swords Dance|p2a: 桃地再不斩
|-boost|p2a: 桃地再不斩|atk|2
|
|-weather|RainDance|[upkeep]
|upkeep
|turn|16
|
|t:|1769322449
|move|p2a: 桃地再不斩|Sucker Punch||[still]
|-fail|p2a: 桃地再不斩
|move|p1a: Hawlucha|Encore|p2a: 桃地再不斩
|-start|p2a: 桃地再不斩|Encore
|
|-weather|none
|upkeep
|turn|17
|
|t:|1769322454
|move|p2a: 桃地再不斩|Sucker Punch||[still]
|-fail|p2a: 桃地再不斩
|move|p1a: Hawlucha|Swords Dance|p1a: Hawlucha
|-boost|p1a: Hawlucha|atk|2
|
|upkeep
|turn|18
|
|t:|1769322462
|move|p2a: 桃地再不斩|Sucker Punch|p1a: Hawlucha
|-resisted|p1a: Hawlucha
|-damage|p1a: Hawlucha|5/100
|move|p1a: Hawlucha|Drain Punch|p2a: 桃地再不斩
|-supereffective|p2a: 桃地再不斩
|-crit|p2a: 桃地再不斩
|-damage|p2a: 桃地再不斩|0 fnt
|-heal|p1a: Hawlucha|63/100|[from] drain|[of] p2a: 桃地再不斩
|faint|p2a: 桃地再不斩
|-end|p2a: 桃地再不斩|fallen3|[silent]
|
|-fieldend|move: Grassy Terrain
|upkeep
|
|t:|1769322493
|switch|p2a: 阿斯玛|Azumarill, F|100/100
|turn|19
|
|t:|1769322497
|move|p2a: 阿斯玛|Aqua Jet|p1a: Hawlucha
|-damage|p1a: Hawlucha|27/100
|move|p1a: Hawlucha|Acrobatics|p2a: 阿斯玛
|-damage|p2a: 阿斯玛|0 fnt
|faint|p2a: 阿斯玛
|
|upkeep
|-message|mo007001 forfeited.
|
|win|Syph0n_78
|raw|Syph0n_78's rating: 1346 &rarr; <strong>1368</strong><br />(+22 for winning)
|raw|mo007001's rating: 1381 &rarr; <strong>1359</strong><br />(-22 for losing)
|l|☆mo007001
|player|p2|
