|j|☆Discount Frog
|j|☆Kanto's Finest
|t:|1769391076
|gametype|singles
|player|p1|Discount Frog|pokekid|1301
|player|p2|Kanto's Finest|acetrainer-gen1rb|1308
|gen|9
|tier|[Gen 9] OU
|rated|
|rule|HP Percentage Mod: HP is shown in percentages
|rule|Endless Battle Clause: Forcing endless battles is banned
|rule|Species Clause: Limit one of each Pokémon
|rule|OHKO Clause: OHKO moves are banned
|rule|Evasion Items Clause: Evasion items are banned
|rule|Evasion Moves Clause: Evasion moves are banned
|rule|Evasion Abilities Clause: Evasion abilities are banned
|rule|Sleep Moves Clause: Sleep-inducing moves are banned
|clearpoke
|poke|p1|Ribombee, M|
|poke|p1|Gholdengo|
|poke|p1|Iron Crown|
|poke|p1|Latios, M|
|poke|p1|Kingambit, F|
|poke|p1|Hoopa-Unbound|
|poke|p2|Pikachu, M|
|poke|p2|Hitmonlee, M|
|poke|p2|Exeggutor, F|
|poke|p2|Rhydon, F|
|poke|p2|Gengar, F|
|poke|p2|Gyarados, F|
|teampreview
|c|☆Discount Frog|Is the
|
|t:|1769391086
|teamsize|p1|6
|teamsize|p2|6
|start
|switch|p1a: Ribombee|Ribombee, M|100/100
|switch|p2a: Gengar|Gengar, F|100/100
|turn|1
|c|☆Discount Frog|Sorry
|
|t:|1769391102
|move|p1a: Ribombee|Sticky Web|p2a: Gengar
|-sidestart|p2: Kanto's Finest|move: Sticky Web
|move|p2a: Gengar|Encore|p1a: Ribombee
|-start|p1a: Ribombee|Encore
|
|upkeep
|turn|2
|c|☆Discount Frog|This is an interesting OU team
|
|t:|1769391114
|switch|p1a: Kingambit|Kingambit, F|100/100
|move|p2a: Gengar|Toxic Spikes|p1a: Kingambit
|-sidestart|p1: Discount Frog|move: Toxic Spikes
|
|upkeep
|turn|3
|
|t:|1769391140
|move|p2a: Gengar|Disable||[still]
|-fail|p2a: Gengar
|move|p1a: Kingambit|Iron Head|p2a: Gengar
|-damage|p2a: Gengar|14/100
|
|upkeep
|turn|4
|
|t:|1769391152
|move|p2a: Gengar|Toxic Spikes|p1a: Kingambit
|-sidestart|p1: Discount Frog|move: Toxic Spikes
|move|p1a: Kingambit|Iron Head|p2a: Gengar
|-damage|p2a: Gengar|0 fnt
|-start|p1a: Kingambit|Disable|Iron Head|[from] ability: Cursed Body|[of] p2a: Gengar
|faint|p2a: Gengar
|
|upkeep
|
|t:|1769391159
|switch|p2a: Rhydon|Rhydon, F, shiny|100/100
|-activate|p2a: Rhydon|move: Sticky Web
|-unboost|p2a: Rhydon|spe|1
|turn|5
|
|t:|1769391169
|-end|p1a: Kingambit|fallenundefined|[silent]
|switch|p1a: Iron Crown|Iron Crown|100/100
|move|p2a: Rhydon|Megahorn|p1a: Iron Crown
|-damage|p1a: Iron Crown|56/100
|
|upkeep
|turn|6
|
|t:|1769391179
|switch|p2a: Exeggutor|Exeggutor, F|100/100
|-activate|p2a: Exeggutor|move: Sticky Web
|-unboost|p2a: Exeggutor|spe|1
|move|p1a: Iron Crown|Tachyon Cutter|p2a: Exeggutor
|-damage|p2a: Exeggutor|60/100
|-damage|p2a: Exeggutor|22/100
|-enditem|p2a: Exeggutor|Sitrus Berry|[eat]
|-heal|p2a: Exeggutor|47/100|[from] item: Sitrus Berry
|-hitcount|p2a: Exeggutor|2
|-damage|p1a: Iron Crown|46/100|[from] item: Life Orb
|
|-item|p2a: Exeggutor|Sitrus Berry|[from] ability: Harvest
|upkeep
|-enditem|p2a: Exeggutor|Sitrus Berry|[eat]
|-heal|p2a: Exeggutor|72/100|[from] item: Sitrus Berry
|turn|7
|
|t:|1769391194
|move|p1a: Iron Crown|Tachyon Cutter|p2a: Exeggutor
|-damage|p2a: Exeggutor|33/100
|-crit|p2a: Exeggutor
|-damage|p2a: Exeggutor|0 fnt
|faint|p2a: Exeggutor
|-hitcount|p2: Exeggutor|2
|-damage|p1a: Iron Crown|36/100|[from] item: Life Orb
|
|upkeep
|
|t:|1769391205
|switch|p2a: Hitmonlee|Hitmonlee, M|100/100
|-activate|p2a: Hitmonlee|move: Sticky Web
|-unboost|p2a: Hitmonlee|spe|1
|turn|8
|
|t:|1769391209
|move|p2a: Hitmonlee|Fake Out|p1a: Iron Crown
|-enditem|p2a: Hitmonlee|Normal Gem|[from] gem
|-resisted|p1a: Iron Crown
|-damage|p1a: Iron Crown|25/100
|cant|p1a: Iron Crown|flinch
|
|upkeep
|turn|9
|
|t:|1769391215
|move|p2a: Hitmonlee|Rapid Spin|p1a: Iron Crown
|-resisted|p1a: Iron Crown
|-damage|p1a: Iron Crown|16/100
|-boost|p2a: Hitmonlee|spe|1
|-sideend|p2: Kanto's Finest|Sticky Web|[from] move: Rapid Spin|[of] p2a: Hitmonlee
|move|p1a: Iron Crown|Future Sight|p2a: Hitmonlee
|-start|p1a: Iron Crown|move: Future Sight
|
|upkeep
|turn|10
|
|t:|1769391225
|move|p2a: Hitmonlee|Knock Off|p1a: Iron Crown
|-supereffective|p1a: Iron Crown
|-damage|p1a: Iron Crown|0 fnt
|-enditem|p1a: Iron Crown|Life Orb|[from] move: Knock Off|[of] p2a: Hitmonlee
|faint|p1a: Iron Crown
|-end|p1a: Iron Crown|Quark Drive|[silent]
|
|upkeep
|
|t:|1769391239
|switch|p1a: Latios|Latios, M|100/100
|turn|11
|
|t:|1769391247
|-terastallize|p2a: Hitmonlee|Dark
|-terastallize|p1a: Latios|Steel
|move|p2a: Hitmonlee|Knock Off|p1a: Latios
|-crit|p1a: Latios
|-damage|p1a: Latios|0 fnt
|-enditem|p1a: Latios|Soul Dew|[from] move: Knock Off|[of] p2a: Hitmonlee
|faint|p1a: Latios
|
|-end|p2a: Hitmonlee|move: Future Sight
|-immune|p2a: Hitmonlee
|upkeep
|
|t:|1769391263
|switch|p1a: Ribombee|Ribombee, M|100/100
|-status|p1a: Ribombee|tox
|turn|12
|
|t:|1769391267
|move|p2a: Hitmonlee|High Jump Kick|p1a: Ribombee
|-resisted|p1a: Ribombee
|-damage|p1a: Ribombee|68/100 tox
|move|p1a: Ribombee|Moonblast|p2a: Hitmonlee
|-supereffective|p2a: Hitmonlee
|-damage|p2a: Hitmonlee|19/100
|
|-damage|p1a: Ribombee|61/100 tox|[from] psn
|upkeep
|turn|13
|
|t:|1769391275
|move|p2a: Hitmonlee|Knock Off|p1a: Ribombee
|-resisted|p1a: Ribombee
|-damage|p1a: Ribombee|12/100 tox
|-enditem|p1a: Ribombee|Focus Sash|[from] move: Knock Off|[of] p2a: Hitmonlee
|move|p1a: Ribombee|Moonblast|p2a: Hitmonlee
|-supereffective|p2a: Hitmonlee
|-damage|p2a: Hitmonlee|0 fnt
|faint|p2a: Hitmonlee
|
|-damage|p1a: Ribombee|0 fnt|[from] psn
|faint|p1a: Ribombee
|upkeep
|
|t:|1769391287
|switch|p1a: Gholdengo|Gholdengo|100/100
|switch|p2a: Pikachu|Pikachu, M|100/100
|-item|p1a: Gholdengo|Air Balloon
|turn|14
|
|t:|1769391294
|move|p2a: Pikachu|Volt Tackle|p1a: Gholdengo
|-damage|p1a: Gholdengo|16/100
|-enditem|p1a: Gholdengo|Air Balloon
|-damage|p2a: Pikachu|59/100|[from] Recoil
|move|p1a: Gholdengo|Nasty Plot|p1a: Gholdengo
|-boost|p1a: Gholdengo|spa|2
|
|upkeep
|turn|15
|
|t:|1769391307
|move|p2a: Pikachu|Volt Tackle|p1a: Gholdengo
|-damage|p1a: Gholdengo|0 fnt
|faint|p1a: Gholdengo
|-damage|p2a: Pikachu|51/100|[from] Recoil
|
|upkeep
|
|t:|1769391314
|switch|p1a: Kingambit|Kingambit, F|100/100
|-activate|p1a: Kingambit|ability: Supreme Overlord
|-start|p1a: Kingambit|fallen4|[silent]
|turn|16
|
|t:|1769391319
|move|p2a: Pikachu|Dig||[still]
|-prepare|p2a: Pikachu|Dig
|move|p1a: Kingambit|Swords Dance|p1a: Kingambit
|-boost|p1a: Kingambit|atk|2
|
|upkeep
|turn|17
|
|t:|1769391332
|-end|p1a: Kingambit|fallen4|[silent]
|switch|p1a: Hoopa|Hoopa-Unbound|100/100
|-status|p1a: Hoopa|tox
|move|p2a: Pikachu|Dig|p1a: Hoopa|[from] lockedmove
|-damage|p1a: Hoopa|47/100 tox
|
|-damage|p1a: Hoopa|41/100 tox|[from] psn
|upkeep
|turn|18
|
|t:|1769391343
|move|p2a: Pikachu|Play Rough|p1a: Hoopa|[miss]
|-miss|p2a: Pikachu|p1a: Hoopa
|move|p1a: Hoopa|Hyperspace Fury|p2a: Pikachu
|-damage|p2a: Pikachu|0 fnt
|-unboost|p1a: Hoopa|def|1
|faint|p2a: Pikachu
|
|-damage|p1a: Hoopa|29/100 tox|[from] psn
|upkeep
|
|t:|1769391347
|switch|p2a: Gyarados|Gyarados, F|100/100
|turn|19
|
|t:|1769391354
|move|p2a: Gyarados|Substitute|p2a: Gyarados
|-start|p2a: Gyarados|Substitute
|-damage|p2a: Gyarados|76/100
|move|p1a: Hoopa|Hyperspace Fury|p2a: Gyarados
|-damage|p2a: Gyarados|0 fnt
|-unboost|p1a: Hoopa|def|1
|faint|p2a: Gyarados
|
|-damage|p1a: Hoopa|11/100 tox|[from] psn
|upkeep
|
|t:|1769391360
|switch|p2a: Rhydon|Rhydon, F, shiny|100/100
|turn|20
|
|t:|1769391367
|move|p1a: Hoopa|Hyperspace Fury|p2a: Rhydon
|-damage|p2a: Rhydon|57/100
|-unboost|p1a: Hoopa|def|1
|move|p2a: Rhydon|Stealth Rock|p1a: Hoopa
|-sidestart|p1: Discount Frog|move: Stealth Rock
|
|-damage|p1a: Hoopa|0 fnt|[from] psn
|faint|p1a: Hoopa
|upkeep
|
|t:|1769391375
|switch|p1a: Kingambit|Kingambit, F|100/100
|-damage|p1a: Kingambit|94/100|[from] Stealth Rock
|-activate|p1a: Kingambit|ability: Supreme Overlord
|-start|p1a: Kingambit|fallen5|[silent]
|turn|21
|
|t:|1769391391
|move|p1a: Kingambit|Iron Head|p2a: Rhydon
|-supereffective|p2a: Rhydon
|-damage|p2a: Rhydon|0 fnt
|faint|p2a: Rhydon
|
|win|Discount Frog
|raw|Discount Frog's rating: 1301 &rarr; <strong>1321</strong><br />(+20 for winning)
|raw|Kanto&apos;s Finest's rating: 1308 &rarr; <strong>1288</strong><br />(-20 for losing)
|c|☆Discount Frog|gg
|l|☆Kanto's Finest
|player|p2|
|l|☆Discount Frog
|player|p1|
