|j|☆Frontline Soldier
|j|☆Matttomate04
|t:|1769367041
|gametype|singles
|player|p1|Frontline Soldier|ethan|1267
|player|p2|Matttomate04|169|1271
|gen|9
|tier|[Gen 9] OU
|rated|
|rule|HP Percentage Mod: HP is shown in percentages
|rule|Endless Battle Clause: Forcing endless battles is banned
|rule|Species Clause: Limit one of each Pokémon
|rule|OHKO Clause: OHKO moves are banned
|rule|Evasion Items Clause: Evasion items are banned
|rule|Evasion Moves Clause: Evasion moves are banned
|rule|Evasion Abilities Clause: Evasion abilities are banned
|rule|Sleep Moves Clause: Sleep-inducing moves are banned
|clearpoke
|poke|p1|Pelipper, F|
|poke|p1|Zapdos|
|poke|p1|Luvdisc, M|
|poke|p1|Iron Treads|
|poke|p1|Keldeo-Resolute|
|poke|p1|Ogerpon-Wellspring, F|
|poke|p2|Iron Crown|
|poke|p2|Samurott-Hisui, M|
|poke|p2|Zapdos|
|poke|p2|Dragapult, F|
|poke|p2|Great Tusk|
|poke|p2|Iron Boulder|
|teampreview
|
|t:|1769367047
|teamsize|p1|6
|teamsize|p2|6
|start
|switch|p1a: Pelipper|Pelipper, F|100/100
|switch|p2a: Hurikan|Zapdos|100/100
|-weather|RainDance|[from] ability: Drizzle|[of] p1a: Pelipper
|turn|1
|
|t:|1769367061
|switch|p1a: Iron Treads|Iron Treads|100/100
|move|p2a: Hurikan|U-turn|p1a: Iron Treads
|-resisted|p1a: Iron Treads
|-damage|p1a: Iron Treads|95/100
|
|t:|1769367069
|switch|p2a: Everytime We Touch|Samurott-Hisui, M|100/100|[from] U-turn
|
|-weather|RainDance|[upkeep]
|-heal|p1a: Iron Treads|100/100|[from] item: Leftovers
|upkeep
|turn|2
|
|t:|1769367079
|-end|p1a: Iron Treads|Quark Drive|[silent]
|switch|p1a: Ogerpon|Ogerpon-Wellspring, F|100/100
|move|p2a: Everytime We Touch|Flip Turn|p1a: Ogerpon
|-immune|p1a: Ogerpon|[from] ability: Water Absorb
|
|-weather|RainDance|[upkeep]
|upkeep
|turn|3
|
|t:|1769367086
|switch|p2a: Hurikan|Zapdos|100/100
|move|p1a: Ogerpon|Power Whip|p2a: Hurikan
|-resisted|p2a: Hurikan
|-damage|p2a: Hurikan|73/100
|-status|p1a: Ogerpon|par|[from] ability: Static|[of] p2a: Hurikan
|
|-weather|RainDance|[upkeep]
|upkeep
|turn|4
|
|t:|1769367098
|switch|p1a: Zapdos|Zapdos|100/100
|move|p2a: Hurikan|Hurricane|p1a: Zapdos
|-resisted|p1a: Zapdos
|-damage|p1a: Zapdos|73/100
|
|-weather|RainDance|[upkeep]
|upkeep
|turn|5
|
|t:|1769367106
|move|p1a: Zapdos|Thunder|p2a: Hurikan
|-damage|p2a: Hurikan|22/100
|move|p2a: Hurikan|U-turn|p1a: Zapdos
|-resisted|p1a: Zapdos
|-damage|p1a: Zapdos|65/100
|
|t:|1769367119
|switch|p2a: Everytime We Touch|Samurott-Hisui, M|100/100|[from] U-turn
|
|-weather|RainDance|[upkeep]
|upkeep
|turn|6
|
|t:|1769367134
|switch|p1a: Keldeo|Keldeo-Resolute|100/100
|move|p2a: Everytime We Touch|Razor Shell|p1a: Keldeo
|-resisted|p1a: Keldeo
|-damage|p1a: Keldeo|58/100
|-unboost|p1a: Keldeo|def|1
|
|-weather|RainDance|[upkeep]
|upkeep
|turn|7
|
|t:|1769367142
|move|p2a: Everytime We Touch|Razor Shell|p1a: Keldeo
|-resisted|p1a: Keldeo
|-damage|p1a: Keldeo|0 fnt
|faint|p1a: Keldeo
|
|-weather|RainDance|[upkeep]
|upkeep
|
|t:|1769367153
|switch|p1a: Ogerpon|Ogerpon-Wellspring, F|100/100 par
|turn|8
|
|t:|1769367156
|switch|p2a: Hurikan|Zapdos|22/100
|move|p1a: Ogerpon|U-turn|p2a: Hurikan
|-resisted|p2a: Hurikan
|-damage|p2a: Hurikan|13/100
|
|t:|1769367165
|switch|p1a: Iron Treads|Iron Treads|100/100|[from] U-turn
|
|-weather|none
|upkeep
|turn|9
|
|t:|1769367171
|move|p1a: Iron Treads|Volt Switch|p2a: Hurikan
|-damage|p2a: Hurikan|2/100
|
|t:|1769367175
|-end|p1a: Iron Treads|Quark Drive|[silent]
|switch|p1a: Pelipper|Pelipper, F|100/100|[from] Volt Switch
|-weather|RainDance|[from] ability: Drizzle|[of] p1a: Pelipper
|move|p2a: Hurikan|Hurricane|p1a: Pelipper
|-damage|p1a: Pelipper|34/100
|-start|p1a: Pelipper|confusion
|
|-weather|RainDance|[upkeep]
|upkeep
|turn|10
|
|t:|1769367185
|switch|p1a: Zapdos|Zapdos|65/100
|move|p2a: Hurikan|Discharge|p1a: Zapdos
|-damage|p1a: Zapdos|24/100
|
|-weather|RainDance|[upkeep]
|upkeep
|turn|11
|
|t:|1769367193
|move|p1a: Zapdos|U-turn|p2a: Hurikan
|-resisted|p2a: Hurikan
|-damage|p2a: Hurikan|0 fnt
|faint|p2a: Hurikan
|
|t:|1769367197
|switch|p1a: GADNUK|Luvdisc, M|100/100|[from] U-turn
|
|-weather|RainDance|[upkeep]
|upkeep
|
|t:|1769367213
|switch|p2a: Mindreader|Iron Crown|100/100
|turn|12
|
|t:|1769367234
|switch|p1a: Iron Treads|Iron Treads|100/100
|move|p2a: Mindreader|Volt Switch|p1a: Iron Treads
|-immune|p1a: Iron Treads
|
|-weather|RainDance|[upkeep]
|upkeep
|turn|13
|
|t:|1769367244
|-end|p2a: Mindreader|Quark Drive|[silent]
|switch|p2a: Everytime We Touch|Samurott-Hisui, M|100/100
|move|p1a: Iron Treads|Earthquake|p2a: Everytime We Touch
|-damage|p2a: Everytime We Touch|43/100
|
|-weather|RainDance|[upkeep]
|upkeep
|turn|14
|
|t:|1769367257
|-terastallize|p1a: Iron Treads|Ghost
|move|p2a: Everytime We Touch|Ceaseless Edge|p1a: Iron Treads
|-supereffective|p1a: Iron Treads
|-damage|p1a: Iron Treads|20/100
|-sidestart|p1: Frontline Soldier|Spikes
|move|p1a: Iron Treads|Earthquake|p2a: Everytime We Touch
|-damage|p2a: Everytime We Touch|0 fnt
|faint|p2a: Everytime We Touch
|
|-weather|RainDance|[upkeep]
|-heal|p1a: Iron Treads|26/100|[from] item: Leftovers
|upkeep
|
|t:|1769367273
|switch|p2a: Revery|Iron Boulder|100/100
|-enditem|p2a: Revery|Booster Energy
|-activate|p2a: Revery|ability: Quark Drive|[fromitem]
|-start|p2a: Revery|quarkdrivespe
|turn|15
|
|t:|1769367280
|move|p2a: Revery|Mighty Cleave|p1a: Iron Treads
|-damage|p1a: Iron Treads|0 fnt
|faint|p1a: Iron Treads
|-end|p1a: Iron Treads|Quark Drive|[silent]
|
|-weather|RainDance|[upkeep]
|upkeep
|
|t:|1769367291
|switch|p1a: GADNUK|Luvdisc, M|100/100
|-damage|p1a: GADNUK|88/100|[from] Spikes
|turn|16
|
|t:|1769367302
|move|p1a: GADNUK|Hydro Pump|p2a: Revery
|-supereffective|p2a: Revery
|-damage|p2a: Revery|0 fnt
|faint|p2a: Revery
|-end|p2a: Revery|Quark Drive|[silent]
|
|-weather|none
|upkeep
|c|☆Matttomate04|scarf hahhaha
|
|t:|1769367317
|switch|p2a: Mindreader|Iron Crown|100/100
|turn|17
|c|☆Frontline Soldier|Swift swim
|
|t:|1769367334
|switch|p1a: Pelipper|Pelipper, F|34/100
|-weather|RainDance|[from] ability: Drizzle|[of] p1a: Pelipper
|move|p2a: Mindreader|Volt Switch|p1a: Pelipper
|-supereffective|p1a: Pelipper
|-damage|p1a: Pelipper|0 fnt
|faint|p1a: Pelipper
|
|t:|1769367346
|-end|p2a: Mindreader|Quark Drive|[silent]
|switch|p2a: Parasite|Dragapult, F|100/100|[from] Volt Switch
|
|-weather|RainDance|[upkeep]
|upkeep
|
|t:|1769367354
|switch|p1a: Ogerpon|Ogerpon-Wellspring, F|100/100 par
|-damage|p1a: Ogerpon|88/100 par|[from] Spikes
|turn|18
|
|t:|1769367374
|-terastallize|p2a: Parasite|Ghost
|move|p2a: Parasite|Tera Blast|p1a: Ogerpon|[anim] Tera Blast Ghost
|-damage|p1a: Ogerpon|0 fnt
|faint|p1a: Ogerpon
|
|-weather|RainDance|[upkeep]
|upkeep
|
|t:|1769367395
|switch|p1a: GADNUK|Luvdisc, M|88/100
|-damage|p1a: GADNUK|76/100|[from] Spikes
|turn|19
|
|t:|1769367400
|move|p1a: GADNUK|Hydro Pump|p2a: Parasite
|-damage|p2a: Parasite|2/100
|move|p2a: Parasite|Tera Blast|p1a: GADNUK|[anim] Tera Blast Ghost
|-crit|p1a: GADNUK
|-damage|p1a: GADNUK|0 fnt
|faint|p1a: GADNUK
|
|-weather|RainDance|[upkeep]
|upkeep
|
|t:|1769367403
|switch|p1a: Zapdos|Zapdos|24/100
|turn|20
|
|t:|1769367410
|move|p2a: Parasite|Tera Blast|p1a: Zapdos|[anim] Tera Blast Ghost
|-damage|p1a: Zapdos|0 fnt
|faint|p1a: Zapdos
|
|win|Matttomate04
|raw|Frontline Soldier's rating: 1267 &rarr; <strong>1242</strong><br />(-25 for losing)
|raw|Matttomate04's rating: 1271 &rarr; <strong>1296</strong><br />(+25 for winning)
|c|☆Frontline Soldier|ggs man
|l|☆Matttomate04
|player|p2|
|l|☆Frontline Soldier
|player|p1|
