|j|☆aplyw
|j|☆waha8
|t:|1769350572
|gametype|singles
|player|p1|aplyw|steven|1492
|player|p2|waha8|170|1496
|gen|9
|tier|[Gen 9] OU
|rated|
|rule|HP Percentage Mod: HP is shown in percentages
|rule|Endless Battle Clause: Forcing endless battles is banned
|rule|Species Clause: Limit one of each Pokémon
|rule|OHKO Clause: OHKO moves are banned
|rule|Evasion Items Clause: Evasion items are banned
|rule|Evasion Moves Clause: Evasion moves are banned
|rule|Evasion Abilities Clause: Evasion abilities are banned
|rule|Sleep Moves Clause: Sleep-inducing moves are banned
|clearpoke
|poke|p1|Ogerpon-Wellspring, F|
|poke|p1|Scizor, F|
|poke|p1|Pelipper, F|
|poke|p1|Kingdra, F|
|poke|p1|Glimmora, F|
|poke|p1|Wo-Chien|
|poke|p2|Torkoal, F|
|poke|p2|Blaziken, F|
|poke|p2|Walking Wake|
|poke|p2|Slowking-Galar, M|
|poke|p2|Cinderace, F|
|poke|p2|Indeedee, M|
|teampreview
|inactive|Battle timer is ON: inactive players will automatically lose when time's up. (requested by waha8)
|
|t:|1769350614
|teamsize|p1|6
|teamsize|p2|6
|start
|switch|p1a: Scizor|Scizor, F|100/100
|switch|p2a: ReverseUNO|Cinderace, F|100/100
|turn|1
|
|t:|1769350637
|switch|p1a: Pelipper|Pelipper, F, shiny|100/100
|-weather|RainDance|[from] ability: Drizzle|[of] p1a: Pelipper
|move|p2a: ReverseUNO|Gunk Shot|p1a: Pelipper
|-start|p2a: ReverseUNO|typechange|Poison|[from] ability: Libero
|-damage|p1a: Pelipper|40/100
|
|-weather|RainDance|[upkeep]
|upkeep
|turn|2
|
|t:|1769350653
|switch|p1a: Glimmora|Glimmora, F, shiny|100/100
|-item|p1a: Glimmora|Air Balloon
|move|p2a: ReverseUNO|Gunk Shot|p1a: Glimmora|[miss]
|-miss|p2a: ReverseUNO|p1a: Glimmora
|
|-weather|RainDance|[upkeep]
|upkeep
|turn|3
|
|t:|1769350667
|move|p2a: ReverseUNO|High Jump Kick|p1a: Glimmora
|-damage|p1a: Glimmora|56/100
|-activate|p1a: Glimmora|ability: Toxic Debris
|-sidestart|p2: waha8|move: Toxic Spikes
|-enditem|p1a: Glimmora|Air Balloon
|move|p1a: Glimmora|Earth Power|p2a: ReverseUNO
|-supereffective|p2a: ReverseUNO
|-damage|p2a: ReverseUNO|3/100
|
|-weather|RainDance|[upkeep]
|upkeep
|turn|4
|
|t:|1769350681
|switch|p1a: Scizor|Scizor, F|100/100
|move|p2a: ReverseUNO|High Jump Kick|p1a: Scizor
|-damage|p1a: Scizor|62/100
|
|-weather|RainDance|[upkeep]
|upkeep
|turn|5
|
|t:|1769350690
|switch|p2a: SageOfSixPaths|Slowking-Galar, M|100/100
|-sideend|p2: waha8|move: Toxic Spikes|[of] p2a: SageOfSixPaths
|move|p1a: Scizor|Bullet Punch|p2a: SageOfSixPaths
|-damage|p2a: SageOfSixPaths|51/100
|
|-weather|RainDance|[upkeep]
|upkeep
|turn|6
|
|t:|1769350703
|switch|p2a: Alan Walker|Walking Wake|100/100
|move|p1a: Scizor|Bullet Punch|p2a: Alan Walker
|-resisted|p2a: Alan Walker
|-damage|p2a: Alan Walker|72/100
|
|-weather|RainDance|[upkeep]
|upkeep
|turn|7
|inactive|aplyw has 120 seconds left.
|
|t:|1769350727
|move|p1a: Scizor|Bullet Punch|p2a: Alan Walker
|-resisted|p2a: Alan Walker
|-damage|p2a: Alan Walker|43/100
|move|p2a: Alan Walker|Draco Meteor|p1a: Scizor|[miss]
|-miss|p2a: Alan Walker|p1a: Scizor
|
|-weather|RainDance|[upkeep]
|upkeep
|turn|8
|
|t:|1769350736
|move|p1a: Scizor|Bullet Punch|p2a: Alan Walker
|-resisted|p2a: Alan Walker
|-damage|p2a: Alan Walker|15/100
|move|p2a: Alan Walker|Draco Meteor|p1a: Scizor
|-resisted|p1a: Scizor
|-damage|p1a: Scizor|1/100
|-unboost|p2a: Alan Walker|spa|2
|
|-weather|none
|upkeep
|turn|9
|inactive|aplyw has 120 seconds left.
|inactive|aplyw has 90 seconds left.
|
|t:|1769350787
|-end|p2a: Alan Walker|Protosynthesis|[silent]
|switch|p2a: DeeDee|Indeedee, M|100/100
|-fieldstart|move: Psychic Terrain|[from] ability: Psychic Surge|[of] p2a: DeeDee
|switch|p1a: Glimmora|Glimmora, F, shiny|56/100
|
|upkeep
|turn|10
|inactive|aplyw has 90 seconds left.
|
|t:|1769350800
|switch|p1a: Wo-Chien|Wo-Chien|100/100
|-ability|p1a: Wo-Chien|Tablets of Ruin
|move|p2a: DeeDee|Expanding Force|p1a: Wo-Chien
|-immune|p1a: Wo-Chien
|
|upkeep
|turn|11
|inactive|aplyw has 90 seconds left.
|
|t:|1769350812
|switch|p2a: SageOfSixPaths|Slowking-Galar, M|85/100
|move|p1a: Wo-Chien|Knock Off|p2a: SageOfSixPaths
|-supereffective|p2a: SageOfSixPaths
|-damage|p2a: SageOfSixPaths|23/100
|-enditem|p2a: SageOfSixPaths|Life Orb|[from] move: Knock Off|[of] p1a: Wo-Chien
|
|upkeep
|turn|12
|
|t:|1769350823
|switch|p2a: Ken|Blaziken, F|100/100
|move|p1a: Wo-Chien|Knock Off|p2a: Ken
|-resisted|p2a: Ken
|-damage|p2a: Ken|77/100
|-enditem|p2a: Ken|Scope Lens|[from] move: Knock Off|[of] p1a: Wo-Chien
|
|upkeep
|turn|13
|inactive|aplyw has 90 seconds left.
|
|t:|1769350844
|move|p2a: Ken|Focus Energy|p2a: Ken
|-start|p2a: Ken|move: Focus Energy
|move|p1a: Wo-Chien|Leech Seed|p2a: Ken
|-start|p2a: Ken|move: Leech Seed
|
|-damage|p2a: Ken|65/100|[from] Leech Seed|[of] p1a: Wo-Chien
|-ability|p2a: Ken|Speed Boost|boost
|-boost|p2a: Ken|spe|1
|upkeep
|turn|14
|inactive|aplyw has 90 seconds left.
|
|t:|1769350860
|switch|p1a: Pelipper|Pelipper, F, shiny|40/100
|-weather|RainDance|[from] ability: Drizzle|[of] p1a: Pelipper
|move|p2a: Ken|Close Combat|p1a: Pelipper
|-resisted|p1a: Pelipper
|-damage|p1a: Pelipper|12/100
|-unboost|p2a: Ken|def|1
|-unboost|p2a: Ken|spd|1
|
|-weather|RainDance|[upkeep]
|-damage|p2a: Ken|52/100|[from] Leech Seed|[of] p1a: Pelipper
|-heal|p1a: Pelipper|24/100|[silent]
|-ability|p2a: Ken|Speed Boost|boost
|-boost|p2a: Ken|spe|1
|upkeep
|turn|15
|
|t:|1769350888
|switch|p1a: Glimmora|Glimmora, F, shiny|56/100
|move|p2a: Ken|Close Combat|p1a: Glimmora
|-damage|p1a: Glimmora|0 fnt
|-unboost|p2a: Ken|def|1
|-unboost|p2a: Ken|spd|1
|-activate|p1a: Glimmora|ability: Toxic Debris
|-sidestart|p2: waha8|move: Toxic Spikes
|faint|p1a: Glimmora
|
|-weather|RainDance|[upkeep]
|-ability|p2a: Ken|Speed Boost|boost
|-boost|p2a: Ken|spe|1
|upkeep
|inactive|aplyw has 60 seconds left.
|
|t:|1769350901
|switch|p1a: Scizor|Scizor, F|1/100
|turn|16
|
|t:|1769350908
|move|p1a: Scizor|Bullet Punch|p2a: Ken
|-activate|p2a: Ken|move: Psychic Terrain
|move|p2a: Ken|Close Combat|p1a: Scizor
|-crit|p1a: Scizor
|-damage|p1a: Scizor|0 fnt
|-unboost|p2a: Ken|def|1
|-unboost|p2a: Ken|spd|1
|faint|p1a: Scizor
|
|-weather|RainDance|[upkeep]
|-fieldend|move: Psychic Terrain
|-ability|p2a: Ken|Speed Boost|boost
|-boost|p2a: Ken|spe|1
|upkeep
|inactive|aplyw has 60 seconds left.
|
|t:|1769350941
|switch|p1a: Wo-Chien|Wo-Chien|100/100
|-ability|p1a: Wo-Chien|Tablets of Ruin
|turn|17
|
|t:|1769350948
|-terastallize|p1a: Wo-Chien|Fairy
|move|p2a: Ken|Close Combat|p1a: Wo-Chien
|-resisted|p1a: Wo-Chien
|-crit|p1a: Wo-Chien
|-damage|p1a: Wo-Chien|78/100
|-unboost|p2a: Ken|def|1
|-unboost|p2a: Ken|spd|1
|move|p1a: Wo-Chien|Knock Off|p2a: Ken
|-resisted|p2a: Ken
|-damage|p2a: Ken|9/100
|
|-weather|RainDance|[upkeep]
|-heal|p1a: Wo-Chien|84/100|[from] item: Leftovers
|-damage|p2a: Ken|0 fnt|[from] Leech Seed|[of] p1a: Wo-Chien
|-heal|p1a: Wo-Chien|91/100|[silent]
|faint|p2a: Ken
|upkeep
|
|t:|1769350962
|switch|p2a: SageOfSixPaths|Slowking-Galar, M|56/100
|-sideend|p2: waha8|move: Toxic Spikes|[of] p2a: SageOfSixPaths
|turn|18
|inactive|aplyw has 60 seconds left.
|
|t:|1769350975
|switch|p2a: DeeDee|Indeedee, M|100/100
|-fieldstart|move: Psychic Terrain|[from] ability: Psychic Surge|[of] p2a: DeeDee
|move|p1a: Wo-Chien|Knock Off|p2a: DeeDee
|-supereffective|p2a: DeeDee
|-damage|p2a: DeeDee|0 fnt
|-enditem|p2a: DeeDee|Terrain Extender|[from] move: Knock Off|[of] p1a: Wo-Chien
|faint|p2a: DeeDee
|
|-weather|RainDance|[upkeep]
|-heal|p1a: Wo-Chien|97/100|[from] item: Leftovers
|upkeep
|
|t:|1769350984
|switch|p2a: ReverseUNO|Cinderace, F|3/100
|turn|19
|
|t:|1769350993
|switch|p1a: Pelipper|Pelipper, F, shiny|24/100
|move|p2a: ReverseUNO|Gunk Shot|p1a: Pelipper
|-start|p2a: ReverseUNO|typechange|Poison|[from] ability: Libero
|-damage|p1a: Pelipper|0 fnt
|faint|p1a: Pelipper
|
|-weather|RainDance|[upkeep]
|upkeep
|inactive|aplyw has 60 seconds left.
|
|t:|1769351004
|switch|p1a: Kingdra|Kingdra, F|100/100
|turn|20
|
|t:|1769351013
|switch|p2a: SunShine|Torkoal, F|100/100
|-weather|SunnyDay|[from] ability: Drought|[of] p2a: SunShine
|move|p1a: Kingdra|Weather Ball|p2a: SunShine
|-resisted|p2a: SunShine
|-crit|p2a: SunShine
|-damage|p2a: SunShine|46/100
|-damage|p1a: Kingdra|91/100|[from] item: Life Orb
|
|-weather|SunnyDay|[upkeep]
|upkeep
|turn|21
|inactive|aplyw has 60 seconds left.
|inactive|aplyw has 30 seconds left.
|inactive|aplyw has 20 seconds left.
|
|t:|1769351069
|switch|p1a: Ogerpon|Ogerpon-Wellspring, F|100/100
|move|p2a: SunShine|Stealth Rock|p1a: Ogerpon
|-sidestart|p1: aplyw|move: Stealth Rock
|
|-weather|SunnyDay|[upkeep]
|upkeep
|turn|22
|inactive|aplyw has 30 seconds left this turn.
|
|t:|1769351076
|switch|p2a: Alan Walker|Walking Wake|15/100
|-activate|p2a: Alan Walker|ability: Protosynthesis
|-start|p2a: Alan Walker|protosynthesisspe
|move|p1a: Ogerpon|Encore||[still]
|-fail|p1a: Ogerpon
|
|-weather|SunnyDay|[upkeep]
|upkeep
|turn|23
|inactive|aplyw has 30 seconds left.
|inactive|aplyw has 20 seconds left.
|inactive|aplyw has 15 seconds left.
|
|t:|1769351101
|switch|p1a: Kingdra|Kingdra, F|91/100
|-damage|p1a: Kingdra|78/100|[from] Stealth Rock
|move|p2a: Alan Walker|Flamethrower|p1a: Kingdra
|-resisted|p1a: Kingdra
|-damage|p1a: Kingdra|58/100
|
|-weather|SunnyDay|[upkeep]
|upkeep
|turn|24
|inactive|aplyw has 25 seconds left this turn.
|inactive|aplyw has 20 seconds left.
|inactive|aplyw has 15 seconds left.
|inactive|aplyw has 10 seconds left.
|
|t:|1769351118
|-end|p2a: Alan Walker|Protosynthesis|[silent]
|switch|p2a: SunShine|Torkoal, F|46/100
|move|p1a: Kingdra|Draco Meteor|p2a: SunShine
|-damage|p2a: SunShine|0 fnt
|-unboost|p1a: Kingdra|spa|2
|faint|p2a: SunShine
|-damage|p1a: Kingdra|48/100|[from] item: Life Orb
|
|-weather|SunnyDay|[upkeep]
|upkeep
|
|t:|1769351127
|switch|p2a: SageOfSixPaths|Slowking-Galar, M|90/100
|turn|25
|inactive|aplyw has 25 seconds left this turn.
|inactive|aplyw has 20 seconds left.
|inactive|aplyw has 15 seconds left.
|inactive|aplyw has 10 seconds left.
|
|t:|1769351143
|switch|p1a: Wo-Chien|Wo-Chien, tera:Fairy|97/100
|-damage|p1a: Wo-Chien|85/100|[from] Stealth Rock
|-ability|p1a: Wo-Chien|Tablets of Ruin
|move|p2a: SageOfSixPaths|Trick Room|p2a: SageOfSixPaths
|-fieldstart|move: Trick Room|[of] p2a: SageOfSixPaths
|
|-weather|SunnyDay|[upkeep]
|-heal|p1a: Wo-Chien|91/100|[from] item: Leftovers
|-fieldend|move: Psychic Terrain
|upkeep
|turn|26
|inactive|aplyw has 20 seconds left this turn.
|inactive|aplyw has 15 seconds left.
|inactive|aplyw has 10 seconds left.
|
|t:|1769351156
|move|p1a: Wo-Chien|Protect|p1a: Wo-Chien
|-singleturn|p1a: Wo-Chien|Protect
|move|p2a: SageOfSixPaths|Sludge Wave|p1a: Wo-Chien
|-activate|p1a: Wo-Chien|move: Protect
|
|-weather|SunnyDay|[upkeep]
|-heal|p1a: Wo-Chien|97/100|[from] item: Leftovers
|upkeep
|turn|27
|inactive|aplyw has 20 seconds left this turn.
|inactive|aplyw has 15 seconds left.
|inactive|aplyw has 10 seconds left.
|
|t:|1769351168
|move|p2a: SageOfSixPaths|Sludge Wave|p1a: Wo-Chien
|-supereffective|p1a: Wo-Chien
|-damage|p1a: Wo-Chien|36/100
|move|p1a: Wo-Chien|Leech Seed|p2a: SageOfSixPaths
|-start|p2a: SageOfSixPaths|move: Leech Seed
|
|-weather|none
|-heal|p1a: Wo-Chien|42/100|[from] item: Leftovers
|-damage|p2a: SageOfSixPaths|77/100|[from] Leech Seed|[of] p1a: Wo-Chien
|-heal|p1a: Wo-Chien|56/100|[silent]
|upkeep
|turn|28
|inactive|aplyw has 20 seconds left this turn.
|inactive|aplyw has 15 seconds left.
|inactive|aplyw has 10 seconds left.
|
|t:|1769351183
|switch|p1a: Kingdra|Kingdra, F|48/100
|-damage|p1a: Kingdra|35/100|[from] Stealth Rock
|move|p2a: SageOfSixPaths|Sludge Wave|p1a: Kingdra
|-damage|p1a: Kingdra|0 fnt
|faint|p1a: Kingdra
|
|upkeep
|inactive|aplyw has 15 seconds left this turn.
|inactive|aplyw has 10 seconds left.
|
|t:|1769351191
|switch|p1a: Wo-Chien|Wo-Chien, tera:Fairy|56/100
|-damage|p1a: Wo-Chien|43/100|[from] Stealth Rock
|-ability|p1a: Wo-Chien|Tablets of Ruin
|turn|29
|inactive|aplyw has 20 seconds left this turn.
|inactive|aplyw has 15 seconds left.
|
|t:|1769351197
|switch|p2a: Alan Walker|Walking Wake|15/100
|move|p1a: Wo-Chien|Protect||[still]
|-fail|p1a: Wo-Chien
|
|-heal|p1a: Wo-Chien|49/100|[from] item: Leftovers
|-fieldend|move: Trick Room
|upkeep
|turn|30
|inactive|aplyw has 25 seconds left this turn.
|inactive|aplyw has 20 seconds left.
|inactive|aplyw has 15 seconds left.
|
|t:|1769351208
|move|p1a: Wo-Chien|Protect|p1a: Wo-Chien
|-singleturn|p1a: Wo-Chien|Protect
|move|p2a: Alan Walker|Flamethrower|p1a: Wo-Chien
|-activate|p1a: Wo-Chien|move: Protect
|
|-heal|p1a: Wo-Chien|56/100|[from] item: Leftovers
|upkeep
|turn|31
|inactive|aplyw has 25 seconds left this turn.
|inactive|aplyw has 20 seconds left.
|inactive|aplyw has 15 seconds left.
|
|t:|1769351220
|move|p2a: Alan Walker|Flamethrower|p1a: Wo-Chien
|-damage|p1a: Wo-Chien|30/100
|move|p1a: Wo-Chien|Leech Seed|p2a: Alan Walker
|-start|p2a: Alan Walker|move: Leech Seed
|
|-heal|p1a: Wo-Chien|36/100|[from] item: Leftovers
|-damage|p2a: Alan Walker|3/100|[from] Leech Seed|[of] p1a: Wo-Chien
|-heal|p1a: Wo-Chien|48/100|[silent]
|upkeep
|turn|32
|inactive|aplyw has 25 seconds left this turn.
|inactive|aplyw has 20 seconds left.
|inactive|aplyw has 15 seconds left.
|
|t:|1769351230
|-end|p2a: Alan Walker|Protosynthesis|[silent]
|switch|p2a: SageOfSixPaths|Slowking-Galar, M|100/100
|move|p1a: Wo-Chien|Leech Seed|p2a: SageOfSixPaths
|-start|p2a: SageOfSixPaths|move: Leech Seed
|
|-heal|p1a: Wo-Chien|54/100|[from] item: Leftovers
|-damage|p2a: SageOfSixPaths|88/100|[from] Leech Seed|[of] p1a: Wo-Chien
|-heal|p1a: Wo-Chien|67/100|[silent]
|upkeep
|turn|33
|inactive|aplyw has 25 seconds left this turn.
|inactive|aplyw has 20 seconds left.
|
|t:|1769351240
|move|p1a: Wo-Chien|Substitute|p1a: Wo-Chien
|-start|p1a: Wo-Chien|Substitute
|-damage|p1a: Wo-Chien|42/100
|move|p2a: SageOfSixPaths|Sludge Wave|p1a: Wo-Chien
|-supereffective|p1a: Wo-Chien
|-end|p1a: Wo-Chien|Substitute
|
|-heal|p1a: Wo-Chien|48/100|[from] item: Leftovers
|-damage|p2a: SageOfSixPaths|76/100|[from] Leech Seed|[of] p1a: Wo-Chien
|-heal|p1a: Wo-Chien|61/100|[silent]
|upkeep
|turn|34
|inactive|aplyw has 30 seconds left this turn.
|inactive|aplyw has 20 seconds left.
|
|t:|1769351251
|switch|p2a: Alan Walker|Walking Wake|3/100
|move|p1a: Wo-Chien|Protect||[still]
|-fail|p1a: Wo-Chien
|
|-heal|p1a: Wo-Chien|67/100|[from] item: Leftovers
|upkeep
|turn|35
|inactive|aplyw has 30 seconds left this turn.
|
|t:|1769351261
|move|p2a: Alan Walker|Flamethrower|p1a: Wo-Chien
|-damage|p1a: Wo-Chien|38/100
|move|p1a: Wo-Chien|Knock Off|p2a: Alan Walker
|-damage|p2a: Alan Walker|0 fnt
|-enditem|p2a: Alan Walker|Choice Specs|[from] move: Knock Off|[of] p1a: Wo-Chien
|faint|p2a: Alan Walker
|-end|p2a: Alan Walker|Protosynthesis|[silent]
|
|-heal|p1a: Wo-Chien|44/100|[from] item: Leftovers
|upkeep
|
|t:|1769351270
|switch|p2a: ReverseUNO|Cinderace, F|3/100
|turn|36
|
|t:|1769351282
|-terastallize|p2a: ReverseUNO|Fire
|move|p1a: Wo-Chien|Protect|p1a: Wo-Chien
|-singleturn|p1a: Wo-Chien|Protect
|move|p2a: ReverseUNO|Pyro Ball|p1a: Wo-Chien
|-activate|p1a: Wo-Chien|move: Protect
|
|-heal|p1a: Wo-Chien|50/100|[from] item: Leftovers
|upkeep
|turn|37
|inactive|aplyw has 30 seconds left.
|
|t:|1769351301
|move|p2a: ReverseUNO|Pyro Ball|p1a: Wo-Chien|[miss]
|-miss|p2a: ReverseUNO|p1a: Wo-Chien
|move|p1a: Wo-Chien|Knock Off|p2a: ReverseUNO
|-damage|p2a: ReverseUNO|0 fnt
|-enditem|p2a: ReverseUNO|Heavy-Duty Boots|[from] move: Knock Off|[of] p1a: Wo-Chien
|faint|p2a: ReverseUNO
|
|-heal|p1a: Wo-Chien|56/100|[from] item: Leftovers
|upkeep
|
|t:|1769351308
|switch|p2a: SageOfSixPaths|Slowking-Galar, M|100/100
|turn|38
|
|t:|1769351316
|move|p1a: Wo-Chien|Protect|p1a: Wo-Chien
|-singleturn|p1a: Wo-Chien|Protect
|move|p2a: SageOfSixPaths|Trick Room|p2a: SageOfSixPaths
|-fieldstart|move: Trick Room|[of] p2a: SageOfSixPaths
|
|-heal|p1a: Wo-Chien|63/100|[from] item: Leftovers
|upkeep
|turn|39
|c|☆waha8|lol
|
|t:|1769351331
|move|p2a: SageOfSixPaths|Sludge Wave|p1a: Wo-Chien
|-supereffective|p1a: Wo-Chien
|-damage|p1a: Wo-Chien|5/100
|move|p1a: Wo-Chien|Leech Seed|p2a: SageOfSixPaths
|-start|p2a: SageOfSixPaths|move: Leech Seed
|
|-heal|p1a: Wo-Chien|11/100|[from] item: Leftovers
|-damage|p2a: SageOfSixPaths|88/100|[from] Leech Seed|[of] p1a: Wo-Chien
|-heal|p1a: Wo-Chien|24/100|[silent]
|upkeep
|turn|40
|
|t:|1769351341
|move|p1a: Wo-Chien|Protect|p1a: Wo-Chien
|-singleturn|p1a: Wo-Chien|Protect
|move|p2a: SageOfSixPaths|Sludge Wave|p1a: Wo-Chien
|-activate|p1a: Wo-Chien|move: Protect
|
|-heal|p1a: Wo-Chien|30/100|[from] item: Leftovers
|-damage|p2a: SageOfSixPaths|76/100|[from] Leech Seed|[of] p1a: Wo-Chien
|-heal|p1a: Wo-Chien|43/100|[silent]
|upkeep
|turn|41
|inactive|aplyw has 30 seconds left.
|
|t:|1769351369
|switch|p1a: Ogerpon|Ogerpon-Wellspring, F|100/100
|-damage|p1a: Ogerpon|88/100|[from] Stealth Rock
|move|p2a: SageOfSixPaths|Sludge Wave|p1a: Ogerpon
|-supereffective|p1a: Ogerpon
|-damage|p1a: Ogerpon|0 fnt
|faint|p1a: Ogerpon
|
|upkeep
|inactive|aplyw has 30 seconds left this turn.
|
|t:|1769351378
|switch|p1a: Wo-Chien|Wo-Chien, tera:Fairy|43/100
|-damage|p1a: Wo-Chien|31/100|[from] Stealth Rock
|-ability|p1a: Wo-Chien|Tablets of Ruin
|turn|42
|inactive|aplyw has 30 seconds left.
|
|t:|1769351385
|move|p1a: Wo-Chien|Protect|p1a: Wo-Chien
|-singleturn|p1a: Wo-Chien|Protect
|move|p2a: SageOfSixPaths|Sludge Wave|p1a: Wo-Chien
|-activate|p1a: Wo-Chien|move: Protect
|
|-heal|p1a: Wo-Chien|37/100|[from] item: Leftovers
|-damage|p2a: SageOfSixPaths|63/100|[from] Leech Seed|[of] p1a: Wo-Chien
|-heal|p1a: Wo-Chien|50/100|[silent]
|-fieldend|move: Trick Room
|upkeep
|turn|43
|c|☆waha8|gg
|inactive|aplyw has 30 seconds left.
|
|t:|1769351396
|move|p1a: Wo-Chien|Substitute|p1a: Wo-Chien
|-start|p1a: Wo-Chien|Substitute
|-damage|p1a: Wo-Chien|25/100
|move|p2a: SageOfSixPaths|Sludge Wave|p1a: Wo-Chien
|-supereffective|p1a: Wo-Chien
|-end|p1a: Wo-Chien|Substitute
|
|-heal|p1a: Wo-Chien|32/100|[from] item: Leftovers
|-damage|p2a: SageOfSixPaths|51/100|[from] Leech Seed|[of] p1a: Wo-Chien
|-heal|p1a: Wo-Chien|45/100|[silent]
|upkeep
|turn|44
|inactive|aplyw has 30 seconds left.
|
|t:|1769351407
|move|p1a: Wo-Chien|Substitute|p1a: Wo-Chien
|-start|p1a: Wo-Chien|Substitute
|-damage|p1a: Wo-Chien|20/100
|move|p2a: SageOfSixPaths|Trick Room|p2a: SageOfSixPaths
|-fieldstart|move: Trick Room|[of] p2a: SageOfSixPaths
|
|-heal|p1a: Wo-Chien|26/100|[from] item: Leftovers
|-damage|p2a: SageOfSixPaths|38/100|[from] Leech Seed|[of] p1a: Wo-Chien
|-heal|p1a: Wo-Chien|39/100|[silent]
|upkeep
|turn|45
|
|t:|1769351416
|move|p1a: Wo-Chien|Protect|p1a: Wo-Chien
|-singleturn|p1a: Wo-Chien|Protect
|move|p2a: SageOfSixPaths|Sludge Wave|p1a: Wo-Chien
|-activate|p1a: Wo-Chien|move: Protect
|
|-heal|p1a: Wo-Chien|45/100|[from] item: Leftovers
|-damage|p2a: SageOfSixPaths|26/100|[from] Leech Seed|[of] p1a: Wo-Chien
|-heal|p1a: Wo-Chien|58/100|[silent]
|upkeep
|turn|46
|
|t:|1769351426
|move|p2a: SageOfSixPaths|Sludge Wave|p1a: Wo-Chien
|-supereffective|p1a: Wo-Chien
|-end|p1a: Wo-Chien|Substitute
|move|p1a: Wo-Chien|Substitute|p1a: Wo-Chien
|-start|p1a: Wo-Chien|Substitute
|-damage|p1a: Wo-Chien|33/100
|
|-heal|p1a: Wo-Chien|40/100|[from] item: Leftovers
|-damage|p2a: SageOfSixPaths|13/100|[from] Leech Seed|[of] p1a: Wo-Chien
|-heal|p1a: Wo-Chien|53/100|[silent]
|upkeep
|turn|47
|
|t:|1769351439
|move|p1a: Wo-Chien|Protect|p1a: Wo-Chien
|-singleturn|p1a: Wo-Chien|Protect
|move|p2a: SageOfSixPaths|Sludge Wave|p1a: Wo-Chien
|-activate|p1a: Wo-Chien|move: Protect
|
|-heal|p1a: Wo-Chien|59/100|[from] item: Leftovers
|-damage|p2a: SageOfSixPaths|1/100|[from] Leech Seed|[of] p1a: Wo-Chien
|-heal|p1a: Wo-Chien|72/100|[silent]
|upkeep
|turn|48
|
|t:|1769351450
|move|p2a: SageOfSixPaths|Sludge Wave|p1a: Wo-Chien
|-supereffective|p1a: Wo-Chien
|-end|p1a: Wo-Chien|Substitute
|move|p1a: Wo-Chien|Knock Off|p2a: SageOfSixPaths
|-supereffective|p2a: SageOfSixPaths
|-damage|p2a: SageOfSixPaths|0 fnt
|faint|p2a: SageOfSixPaths
|
|win|aplyw
|raw|aplyw's rating: 1492 &rarr; <strong>1512</strong><br />(+20 for winning)
|raw|waha8's rating: 1496 &rarr; <strong>1476</strong><br />(-20 for losing)
|l|☆aplyw
|player|p1|
|l|☆waha8
|player|p2|
