|j|☆alola supercharge
|j|☆kimodo_lux
|t:|1769317474
|gametype|singles
|player|p1|alola supercharge|steven|1179
|player|p2|kimodo_lux|depotagent|1141
|gen|9
|tier|[Gen 9] OU
|rated|
|rule|HP Percentage Mod: HP is shown in percentages
|rule|Endless Battle Clause: Forcing endless battles is banned
|rule|Species Clause: Limit one of each Pokémon
|rule|OHKO Clause: OHKO moves are banned
|rule|Evasion Items Clause: Evasion items are banned
|rule|Evasion Moves Clause: Evasion moves are banned
|rule|Evasion Abilities Clause: Evasion abilities are banned
|rule|Sleep Moves Clause: Sleep-inducing moves are banned
|clearpoke
|poke|p1|Slowking-Galar, M|
|poke|p1|Iron Valiant|
|poke|p1|Ting-Lu|
|poke|p1|Pecharunt|
|poke|p1|Tornadus-Therian, M|
|poke|p1|Jirachi|
|poke|p2|Torkoal, F|
|poke|p2|Hatterene, F|
|poke|p2|Raging Bolt|
|poke|p2|Slither Wing|
|poke|p2|Venusaur, M|
|poke|p2|Walking Wake|
|teampreview
|
|t:|1769317495
|teamsize|p1|6
|teamsize|p2|6
|start
|switch|p1a: Pecharunt|Pecharunt|100/100
|switch|p2a: Torkoal|Torkoal, F|100/100
|-weather|SunnyDay|[from] ability: Drought|[of] p2a: Torkoal
|turn|1
|
|t:|1769317538
|move|p1a: Pecharunt|Toxic|p2a: Torkoal
|-status|p2a: Torkoal|tox
|-start|p2a: Torkoal|confusion|[from] ability: Poison Puppeteer|[of] p1a: Pecharunt
|-activate|p2a: Torkoal|confusion
|-damage|p2a: Torkoal|93/100 tox|[from] confusion
|
|-weather|SunnyDay|[upkeep]
|-damage|p2a: Torkoal|87/100 tox|[from] psn
|upkeep
|turn|2
|
|t:|1769317552
|move|p1a: Pecharunt|Malignant Chain|p2a: Torkoal
|-damage|p2a: Torkoal|51/100 tox
|-end|p2a: Torkoal|confusion
|move|p2a: Torkoal|Stealth Rock|p1a: Pecharunt
|-sidestart|p1: alola supercharge|move: Stealth Rock
|
|-weather|SunnyDay|[upkeep]
|-damage|p2a: Torkoal|39/100 tox|[from] psn
|upkeep
|turn|3
|
|t:|1769317568
|switch|p2a: Raging Bolt|Raging Bolt|100/100
|-activate|p2a: Raging Bolt|ability: Protosynthesis
|-start|p2a: Raging Bolt|protosynthesisspa
|move|p1a: Pecharunt|Malignant Chain|p2a: Raging Bolt
|-damage|p2a: Raging Bolt|72/100
|
|-weather|SunnyDay|[upkeep]
|upkeep
|turn|4
|
|t:|1769317577
|switch|p1a: Ting-Lu|Ting-Lu|100/100
|-damage|p1a: Ting-Lu|94/100|[from] Stealth Rock
|-ability|p1a: Ting-Lu|Vessel of Ruin
|move|p2a: Raging Bolt|Weather Ball|p1a: Ting-Lu
|-damage|p1a: Ting-Lu|55/100
|-damage|p2a: Raging Bolt|62/100|[from] item: Life Orb
|
|-weather|SunnyDay|[upkeep]
|-heal|p1a: Ting-Lu|61/100|[from] item: Leftovers
|upkeep
|turn|5
|
|t:|1769317585
|move|p2a: Raging Bolt|Solar Beam||[still]
|-prepare|p2a: Raging Bolt|Solar Beam
|-anim|p2a: Raging Bolt|Solar Beam|p1a: Ting-Lu
|-supereffective|p1a: Ting-Lu
|-damage|p1a: Ting-Lu|0 fnt
|faint|p1a: Ting-Lu
|-damage|p2a: Raging Bolt|52/100|[from] item: Life Orb
|
|-weather|SunnyDay|[upkeep]
|upkeep
|
|t:|1769317595
|switch|p1a: Pecharunt|Pecharunt|100/100
|turn|6
|
|t:|1769317599
|move|p2a: Raging Bolt|Dragon Pulse|p1a: Pecharunt
|-damage|p1a: Pecharunt|13/100
|-damage|p2a: Raging Bolt|42/100|[from] item: Life Orb
|move|p1a: Pecharunt|Toxic|p2a: Raging Bolt
|-status|p2a: Raging Bolt|tox
|-start|p2a: Raging Bolt|confusion|[from] ability: Poison Puppeteer|[of] p1a: Pecharunt
|
|-weather|SunnyDay|[upkeep]
|-damage|p2a: Raging Bolt|36/100 tox|[from] psn
|upkeep
|turn|7
|
|t:|1769317606
|-activate|p2a: Raging Bolt|confusion
|move|p2a: Raging Bolt|Weather Ball|p1a: Pecharunt
|-damage|p1a: Pecharunt|0 fnt
|faint|p1a: Pecharunt
|-damage|p2a: Raging Bolt|26/100 tox|[from] item: Life Orb
|
|-weather|SunnyDay|[upkeep]
|-damage|p2a: Raging Bolt|14/100 tox|[from] psn
|upkeep
|
|t:|1769317611
|switch|p1a: Jirachi|Jirachi|100/100
|-damage|p1a: Jirachi|94/100|[from] Stealth Rock
|turn|8
|
|t:|1769317652
|-end|p2a: Raging Bolt|Protosynthesis|[silent]
|switch|p2a: Walking Wake|Walking Wake|100/100
|-activate|p2a: Walking Wake|ability: Protosynthesis
|-start|p2a: Walking Wake|protosynthesisspe
|move|p1a: Jirachi|Psychic|p2a: Walking Wake
|-damage|p2a: Walking Wake|65/100
|
|-weather|none
|-end|p2a: Walking Wake|Protosynthesis
|-heal|p1a: Jirachi|100/100|[from] item: Leftovers
|upkeep
|turn|9
|
|t:|1769317682
|move|p2a: Walking Wake|Flip Turn|p1a: Jirachi
|-damage|p1a: Jirachi|86/100
|
|t:|1769317685
|-end|p2a: Walking Wake|Protosynthesis|[silent]
|switch|p2a: Torkoal|Torkoal, F|39/100 tox|[from] Flip Turn
|-weather|SunnyDay|[from] ability: Drought|[of] p2a: Torkoal
|move|p1a: Jirachi|Psychic|p2a: Torkoal
|-damage|p2a: Torkoal|0 fnt
|faint|p2a: Torkoal
|
|-weather|SunnyDay|[upkeep]
|-heal|p1a: Jirachi|92/100|[from] item: Leftovers
|upkeep
|
|t:|1769317692
|switch|p2a: Walking Wake|Walking Wake|65/100
|-activate|p2a: Walking Wake|ability: Protosynthesis
|-start|p2a: Walking Wake|protosynthesisspe
|turn|10
|
|t:|1769317708
|move|p2a: Walking Wake|Weather Ball|p1a: Jirachi
|-supereffective|p1a: Jirachi
|-damage|p1a: Jirachi|18/100
|move|p1a: Jirachi|Psychic|p2a: Walking Wake
|-damage|p2a: Walking Wake|28/100
|
|-weather|SunnyDay|[upkeep]
|-heal|p1a: Jirachi|24/100|[from] item: Leftovers
|upkeep
|turn|11
|
|t:|1769317723
|move|p2a: Walking Wake|Hydro Steam|p1a: Jirachi
|-damage|p1a: Jirachi|0 fnt
|faint|p1a: Jirachi
|
|-weather|SunnyDay|[upkeep]
|upkeep
|
|t:|1769317747
|switch|p1a: Slowking|Slowking-Galar, M, shiny|100/100
|-damage|p1a: Slowking|88/100|[from] Stealth Rock
|turn|12
|
|t:|1769317776
|move|p2a: Walking Wake|Flip Turn|p1a: Slowking
|-damage|p1a: Slowking|79/100
|
|t:|1769317785
|-end|p2a: Walking Wake|Protosynthesis|[silent]
|switch|p2a: Hatterene|Hatterene, F|100/100|[from] Flip Turn
|-item|p2a: Hatterene|Air Balloon
|move|p1a: Slowking|Sludge Bomb|p2a: Hatterene
|-supereffective|p2a: Hatterene
|-damage|p2a: Hatterene|0 fnt
|-enditem|p2a: Hatterene|Air Balloon
|faint|p2a: Hatterene
|-damage|p1a: Slowking|70/100|[from] item: Life Orb
|
|-weather|SunnyDay|[upkeep]
|upkeep
|
|t:|1769317795
|switch|p2a: Venusaur|Venusaur, M|100/100
|turn|13
|
|t:|1769317803
|move|p2a: Venusaur|Growth|p2a: Venusaur
|-boost|p2a: Venusaur|atk|2
|-boost|p2a: Venusaur|spa|2
|move|p1a: Slowking|Flamethrower|p2a: Venusaur
|-supereffective|p2a: Venusaur
|-crit|p2a: Venusaur
|-damage|p2a: Venusaur|0 fnt
|faint|p2a: Venusaur
|-damage|p1a: Slowking|60/100|[from] item: Life Orb
|
|-weather|SunnyDay|[upkeep]
|upkeep
|-message|kimodo_lux forfeited.
|
|win|alola supercharge
|raw|alola supercharge's rating: 1179 &rarr; <strong>1201</strong><br />(+22 for winning)
|raw|kimodo_lux's rating: 1141 &rarr; <strong>1119</strong><br />(-22 for losing)
|l|☆kimodo_lux
|player|p2|
|l|☆alola supercharge
|player|p1|
