|j|☆Pearl Loose
|j|☆Nabuhai
|t:|1769420724
|gametype|singles
|player|p1|Pearl Loose|102|1194
|player|p2|Nabuhai|parasollady|1234
|gen|9
|tier|[Gen 9] OU
|rated|
|rule|HP Percentage Mod: HP is shown in percentages
|rule|Endless Battle Clause: Forcing endless battles is banned
|rule|Species Clause: Limit one of each Pokémon
|rule|OHKO Clause: OHKO moves are banned
|rule|Evasion Items Clause: Evasion items are banned
|rule|Evasion Moves Clause: Evasion moves are banned
|rule|Evasion Abilities Clause: Evasion abilities are banned
|rule|Sleep Moves Clause: Sleep-inducing moves are banned
|clearpoke
|poke|p1|Ninetales-Alola, M|
|poke|p1|Wyrdeer, F|
|poke|p1|Ursaluna, M|
|poke|p1|Hydrapple, F|
|poke|p1|Torkoal, M|
|poke|p1|Gholdengo|
|poke|p2|Pelipper, M|
|poke|p2|Iron Treads|
|poke|p2|Zapdos|
|poke|p2|Barraskewda, F|
|poke|p2|Scizor, F|
|poke|p2|Keldeo-Resolute|
|teampreview
|
|t:|1769420736
|teamsize|p1|6
|teamsize|p2|6
|start
|switch|p1a: Wyrdeer|Wyrdeer, F|100/100
|switch|p2a: Barraskewda|Barraskewda, F|100/100
|-ability|p1a: Wyrdeer|Intimidate|boost
|-unboost|p2a: Barraskewda|atk|1
|turn|1
|
|t:|1769420742
|switch|p1a: Ninetales|Ninetales-Alola, M|100/100
|-weather|Snowscape|[from] ability: Snow Warning|[of] p1a: Ninetales
|move|p2a: Barraskewda|Flip Turn|p1a: Ninetales
|-damage|p1a: Ninetales|73/100
|
|t:|1769420749
|switch|p2a: Pelipper|Pelipper, M|100/100|[from] Flip Turn
|-weather|RainDance|[from] ability: Drizzle|[of] p2a: Pelipper
|
|-weather|RainDance|[upkeep]
|upkeep
|turn|2
|
|t:|1769420756
|switch|p2a: Scizor|Scizor, F|100/100
|move|p1a: Ninetales|Freeze-Dry|p2a: Scizor
|-resisted|p2a: Scizor
|-damage|p2a: Scizor|88/100
|
|-weather|RainDance|[upkeep]
|-heal|p2a: Scizor|94/100|[from] item: Leftovers
|upkeep
|turn|3
|
|t:|1769420765
|switch|p1a: Torkoal|Torkoal, M|100/100
|move|p2a: Scizor|U-turn|p1a: Torkoal
|-resisted|p1a: Torkoal
|-damage|p1a: Torkoal|86/100
|
|t:|1769420795
|switch|p2a: Barraskewda|Barraskewda, F|100/100|[from] U-turn
|
|-weather|RainDance|[upkeep]
|upkeep
|turn|4
|
|t:|1769420803
|switch|p1a: Wyrdeer|Wyrdeer, F|100/100
|-ability|p1a: Wyrdeer|Intimidate|boost
|-unboost|p2a: Barraskewda|atk|1
|move|p2a: Barraskewda|Flip Turn|p1a: Wyrdeer
|-damage|p1a: Wyrdeer|50/100
|
|t:|1769420827
|switch|p2a: Iron Treads|Iron Treads|100/100|[from] Flip Turn
|
|-weather|RainDance|[upkeep]
|upkeep
|turn|5
|
|t:|1769420839
|move|p2a: Iron Treads|Knock Off|p1a: Wyrdeer
|-supereffective|p1a: Wyrdeer
|-damage|p1a: Wyrdeer|0 fnt
|-enditem|p1a: Wyrdeer|Light Clay|[from] move: Knock Off|[of] p2a: Iron Treads
|faint|p1a: Wyrdeer
|
|-weather|RainDance|[upkeep]
|upkeep
|
|t:|1769420861
|switch|p1a: Hydrapple|Hydrapple, F|100/100
|turn|6
|
|t:|1769420875
|-end|p2a: Iron Treads|Quark Drive|[silent]
|switch|p2a: Scizor|Scizor, F|94/100
|move|p1a: Hydrapple|Fickle Beam|p2a: Scizor
|-resisted|p2a: Scizor
|-damage|p2a: Scizor|71/100
|
|-weather|RainDance|[upkeep]
|-heal|p2a: Scizor|77/100|[from] item: Leftovers
|upkeep
|turn|7
|-message|Pearl Loose forfeited.
|
|win|Nabuhai
|raw|Pearl Loose's rating: 1194 &rarr; <strong>1172</strong><br />(-22 for losing)
|raw|Nabuhai's rating: 1234 &rarr; <strong>1256</strong><br />(+22 for winning)
|l|☆Pearl Loose
|player|p1|
|l|☆Nabuhai
|player|p2|
