|j|☆bill1234765
|j|☆151htyrneh
|t:|1769414713
|gametype|singles
|player|p1|bill1234765|cynthia-gen4|1562
|player|p2|151htyrneh|wallace|1677
|gen|9
|tier|[Gen 9] OU
|rated|
|rule|HP Percentage Mod: HP is shown in percentages
|rule|Endless Battle Clause: Forcing endless battles is banned
|rule|Species Clause: Limit one of each Pokémon
|rule|OHKO Clause: OHKO moves are banned
|rule|Evasion Items Clause: Evasion items are banned
|rule|Evasion Moves Clause: Evasion moves are banned
|rule|Evasion Abilities Clause: Evasion abilities are banned
|rule|Sleep Moves Clause: Sleep-inducing moves are banned
|clearpoke
|poke|p1|Cinderace, M|
|poke|p1|Volcanion|
|poke|p1|Torkoal, M|
|poke|p1|Mandibuzz, F|
|poke|p1|Great Tusk|
|poke|p1|Fezandipiti, M|
|poke|p2|Glimmora, F|
|poke|p2|Landorus-Therian, M|
|poke|p2|Kyurem|
|poke|p2|Kingambit, F|
|poke|p2|Iron Valiant|
|poke|p2|Hatterene, F|
|teampreview
|
|t:|1769414721
|teamsize|p1|6
|teamsize|p2|6
|start
|switch|p1a: Torkoal|Torkoal, M, shiny|100/100
|switch|p2a: Kyurem|Kyurem|100/100
|-ability|p2a: Kyurem|Pressure
|-weather|SunnyDay|[from] ability: Drought|[of] p1a: Torkoal
|turn|1
|
|t:|1769414727
|switch|p1a: Omari P Bird|Mandibuzz, F, shiny|100/100
|move|p2a: Kyurem|Earth Power|p1a: Omari P Bird
|-immune|p1a: Omari P Bird
|
|-weather|SunnyDay|[upkeep]
|upkeep
|turn|2
|
|t:|1769414735
|move|p2a: Kyurem|Ice Beam|p1a: Omari P Bird
|-supereffective|p1a: Omari P Bird
|-damage|p1a: Omari P Bird|10/100
|move|p1a: Omari P Bird|Foul Play|p2a: Kyurem
|-damage|p2a: Kyurem|71/100
|
|-weather|SunnyDay|[upkeep]
|upkeep
|turn|3
|j| OUZQ Crocodile
|
|t:|1769414742
|switch|p1a: Chihiro|Fezandipiti, M|100/100
|move|p2a: Kyurem|Freeze-Dry|p1a: Chihiro
|-damage|p1a: Chihiro|70/100
|
|-weather|SunnyDay|[upkeep]
|-heal|p1a: Chihiro|76/100|[from] item: Leftovers
|upkeep
|turn|4
|
|t:|1769414748
|move|p2a: Kyurem|Earth Power|p1a: Chihiro
|-supereffective|p1a: Chihiro
|-damage|p1a: Chihiro|26/100
|move|p1a: Chihiro|Moonblast|p2a: Kyurem
|-supereffective|p2a: Kyurem
|-damage|p2a: Kyurem|31/100
|
|-weather|SunnyDay|[upkeep]
|-heal|p1a: Chihiro|32/100|[from] item: Leftovers
|upkeep
|turn|5
|
|t:|1769414756
|move|p2a: Kyurem|Ice Beam|p1a: Chihiro
|-damage|p1a: Chihiro|0 fnt
|faint|p1a: Chihiro
|
|-weather|SunnyDay|[upkeep]
|upkeep
|
|t:|1769414759
|switch|p1a: Cinderace|Cinderace, M|100/100
|turn|6
|
|t:|1769414762
|switch|p2a: Glimmora|Glimmora, F|100/100
|move|p1a: Cinderace|Pyro Ball|p2a: Glimmora
|-resisted|p2a: Glimmora
|-damage|p2a: Glimmora|26/100
|-activate|p2a: Glimmora|ability: Toxic Debris
|-sidestart|p1: bill1234765|move: Toxic Spikes
|
|-weather|SunnyDay|[upkeep]
|upkeep
|turn|7
|
|t:|1769414766
|move|p2a: Glimmora|Earth Power|p1a: Cinderace
|-supereffective|p1a: Cinderace
|-damage|p1a: Cinderace|8/100
|move|p1a: Cinderace|Pyro Ball|p2a: Glimmora
|-resisted|p2a: Glimmora
|-damage|p2a: Glimmora|0 fnt
|-activate|p2a: Glimmora|ability: Toxic Debris
|-sidestart|p1: bill1234765|move: Toxic Spikes
|faint|p2a: Glimmora
|
|-weather|SunnyDay|[upkeep]
|upkeep
|
|t:|1769414770
|switch|p2a: Iron Valiant|Iron Valiant|100/100
|-enditem|p2a: Iron Valiant|Booster Energy
|-activate|p2a: Iron Valiant|ability: Quark Drive|[fromitem]
|-start|p2a: Iron Valiant|quarkdrivespe
|turn|8
|
|t:|1769414779
|move|p1a: Cinderace|Sucker Punch|p2a: Iron Valiant
|-start|p1a: Cinderace|typechange|Dark|[from] ability: Libero
|-resisted|p2a: Iron Valiant
|-damage|p2a: Iron Valiant|88/100
|move|p2a: Iron Valiant|Knock Off|p1a: Cinderace
|-resisted|p1a: Cinderace
|-damage|p1a: Cinderace|0 fnt
|-enditem|p1a: Cinderace|Flame Plate|[from] move: Knock Off|[of] p2a: Iron Valiant
|faint|p1a: Cinderace
|
|-weather|none
|upkeep
|
|t:|1769414786
|switch|p1a: Volcanion|Volcanion|100/100
|-status|p1a: Volcanion|tox
|turn|9
|
|t:|1769414790
|move|p2a: Iron Valiant|Close Combat|p1a: Volcanion
|-damage|p1a: Volcanion|53/100 tox
|-unboost|p2a: Iron Valiant|def|1
|-unboost|p2a: Iron Valiant|spd|1
|move|p1a: Volcanion|Fire Blast|p2a: Iron Valiant
|-damage|p2a: Iron Valiant|0 fnt
|faint|p2a: Iron Valiant
|-end|p2a: Iron Valiant|Quark Drive|[silent]
|
|-damage|p1a: Volcanion|47/100 tox|[from] psn
|upkeep
|
|t:|1769414792
|switch|p2a: Landorus|Landorus-Therian, M|100/100
|-ability|p2a: Landorus|Intimidate|boost
|-unboost|p1a: Volcanion|atk|1
|turn|10
|
|t:|1769414798
|switch|p1a: Torkoal|Torkoal, M, shiny|100/100
|-status|p1a: Torkoal|tox
|-weather|SunnyDay|[from] ability: Drought|[of] p1a: Torkoal
|move|p2a: Landorus|Stealth Rock|p1a: Torkoal
|-sidestart|p1: bill1234765|move: Stealth Rock
|
|-weather|SunnyDay|[upkeep]
|-damage|p1a: Torkoal|94/100 tox|[from] psn
|upkeep
|turn|11
|
|t:|1769414802
|move|p2a: Landorus|Earth Power|p1a: Torkoal
|-supereffective|p1a: Torkoal
|-damage|p1a: Torkoal|4/100 tox
|move|p1a: Torkoal|Rapid Spin|p2a: Landorus
|-crit|p2a: Landorus
|-damage|p2a: Landorus|88/100
|-boost|p1a: Torkoal|spe|1
|-damage|p1a: Torkoal|0 fnt|[from] item: Rocky Helmet|[of] p2a: Landorus
|faint|p1a: Torkoal
|
|-weather|SunnyDay|[upkeep]
|upkeep
|
|t:|1769414813
|switch|p1a: Haku|Great Tusk, shiny|100/100
|-status|p1a: Haku|tox
|-damage|p1a: Haku|98/100 tox|[from] Stealth Rock
|-activate|p1a: Haku|ability: Protosynthesis
|-start|p1a: Haku|protosynthesisatk
|turn|12
|
|t:|1769414817
|-terastallize|p2a: Landorus|Ghost
|move|p1a: Haku|Ice Spinner|p2a: Landorus
|-damage|p2a: Landorus|51/100
|-damage|p1a: Haku|81/100 tox|[from] item: Rocky Helmet|[of] p2a: Landorus
|move|p2a: Landorus|Earth Power|p1a: Haku
|-damage|p1a: Haku|29/100 tox
|
|-weather|SunnyDay|[upkeep]
|-damage|p1a: Haku|23/100 tox|[from] psn
|upkeep
|turn|13
|-message|bill1234765 forfeited.
|
|win|151htyrneh
|raw|bill1234765's rating: 1562 &rarr; <strong>1548</strong><br />(-14 for losing)
|raw|151htyrneh's rating: 1677 &rarr; <strong>1691</strong><br />(+14 for winning)
|l|☆bill1234765
|player|p1|
|l|☆151htyrneh
|player|p2|
|l| OUZQ Crocodile
