|j|☆iusesixshuckles
|j|☆rifatalmuzaddid
|inactive|Battle timer is ON: inactive players will automatically lose when time's up.
|t:|1769325278
|gametype|singles
|player|p1|iusesixshuckles|may-e|
|player|p2|rifatalmuzaddid|steven|
|gen|9
|tier|[Gen 9] OU
|rated|Tournament battle
|rule|HP Percentage Mod: HP is shown in percentages
|rule|Endless Battle Clause: Forcing endless battles is banned
|rule|Species Clause: Limit one of each Pokémon
|rule|OHKO Clause: OHKO moves are banned
|rule|Evasion Items Clause: Evasion items are banned
|rule|Evasion Moves Clause: Evasion moves are banned
|rule|Evasion Abilities Clause: Evasion abilities are banned
|rule|Sleep Moves Clause: Sleep-inducing moves are banned
|raw|<div class="infobox"><details class="readmore" open><summary><strong>2 custom rules:</strong></summary> maxteamsize=8, pickedteamsize=6</details></div>
|clearpoke
|poke|p1|Goodra-Hisui, F|
|poke|p1|Ninetales-Alola, M|
|poke|p1|Corviknight, M|
|poke|p1|Raging Bolt|
|poke|p1|Gliscor, F|
|poke|p1|Hydrapple, M|
|poke|p1|Garganacl, F|
|poke|p1|Quaquaval, M|
|poke|p2|Garganacl, F|
|poke|p2|Darkrai|
|poke|p2|Great Tusk|
|poke|p2|Hatterene, F|
|poke|p2|Tornadus-Therian, M|
|poke|p2|Dragonite, M|
|teampreview|6
|j|*Lady Monita ☃️
|j| mehvish
|inactive|iusesixshuckles has 120 seconds left.
|inactive|rifatalmuzaddid has 120 seconds left.
|
|t:|1769325322
|teamsize|p1|6
|teamsize|p2|6
|start
|switch|p1a: Ninetales|Ninetales-Alola, M|100/100
|switch|p2a: Tornadus|Tornadus-Therian, M, shiny|100/100
|-weather|Snowscape|[from] ability: Snow Warning|[of] p1a: Ninetales
|turn|1
|
|t:|1769325330
|move|p2a: Tornadus|Heat Wave|p1a: Ninetales|[miss]
|-miss|p2a: Tornadus|p1a: Ninetales
|move|p1a: Ninetales|Aurora Veil|p1a: Ninetales
|-sidestart|p1: iusesixshuckles|move: Aurora Veil
|
|-weather|Snowscape|[upkeep]
|upkeep
|turn|2
|
|t:|1769325336
|move|p2a: Tornadus|U-turn|p1a: Ninetales
|-resisted|p1a: Ninetales
|-damage|p1a: Ninetales|97/100
|c| mehvish|i hope you win rifatal muzad did
|
|t:|1769325341
|switch|p2a: Hatterene|Hatterene, F|100/100|[from] U-turn
|move|p1a: Ninetales|Blizzard|p2a: Hatterene
|-damage|p2a: Hatterene|64/100
|
|-weather|Snowscape|[upkeep]
|upkeep
|turn|3
|
|t:|1769325349
|move|p1a: Ninetales|Blizzard|p2a: Hatterene
|-damage|p2a: Hatterene|26/100
|move|p2a: Hatterene|Nuzzle|p1a: Ninetales
|-damage|p1a: Ninetales|96/100
|-status|p1a: Ninetales|par
|
|-weather|Snowscape|[upkeep]
|upkeep
|turn|4
|
|t:|1769325373
|switch|p2a: Garganacl|Garganacl, F|100/100
|move|p1a: Ninetales|Blizzard|p2a: Garganacl
|-crit|p2a: Garganacl
|-damage|p2a: Garganacl|69/100
|
|-weather|Snowscape|[upkeep]
|-heal|p2a: Garganacl|75/100|[from] item: Leftovers
|upkeep
|turn|5
|
|t:|1769325381
|move|p1a: Ninetales|Blizzard|p2a: Garganacl
|-damage|p2a: Garganacl|54/100
|move|p2a: Garganacl|Salt Cure|p1a: Ninetales
|-supereffective|p1a: Ninetales
|-damage|p1a: Ninetales|85/100 par
|-start|p1a: Ninetales|Salt Cure
|
|-weather|none
|-heal|p2a: Garganacl|60/100|[from] item: Leftovers
|-damage|p1a: Ninetales|72/100 par|[from] Salt Cure
|upkeep
|turn|6
|
|t:|1769325393
|switch|p1a: Quaquaval|Quaquaval, M|100/100
|move|p2a: Garganacl|Stealth Rock|p1a: Quaquaval
|-sidestart|p1: iusesixshuckles|move: Stealth Rock
|
|-heal|p2a: Garganacl|66/100|[from] item: Leftovers
|upkeep
|turn|7
|
|t:|1769325399
|move|p2a: Garganacl|Protect|p2a: Garganacl
|-singleturn|p2a: Garganacl|Protect
|move|p1a: Quaquaval|Aqua Step|p2a: Garganacl
|-activate|p2a: Garganacl|move: Protect
|
|-heal|p2a: Garganacl|72/100|[from] item: Leftovers
|upkeep
|turn|8
|
|t:|1769325414
|switch|p2a: Dragonite|Dragonite, M|100/100
|move|p1a: Quaquaval|Triple Axel|p2a: Dragonite
|-supereffective|p2a: Dragonite
|-damage|p2a: Dragonite|87/100
|-supereffective|p2a: Dragonite
|-damage|p2a: Dragonite|31/100
|-supereffective|p2a: Dragonite
|-damage|p2a: Dragonite|0 fnt
|faint|p2a: Dragonite
|-ability|p1a: Quaquaval|Moxie|boost
|-boost|p1a: Quaquaval|atk|1
|-hitcount|p2: Dragonite|3
|
|-sideend|p1: iusesixshuckles|move: Aurora Veil
|upkeep
|
|t:|1769325436
|switch|p2a: Great Tusk|Great Tusk|100/100
|-enditem|p2a: Great Tusk|Booster Energy
|-activate|p2a: Great Tusk|ability: Protosynthesis|[fromitem]
|-start|p2a: Great Tusk|protosynthesisatk
|turn|9
|
|t:|1769325449
|move|p2a: Great Tusk|Headlong Rush|p1a: Quaquaval
|-enditem|p1a: Quaquaval|Focus Sash
|-damage|p1a: Quaquaval|1/100
|-unboost|p2a: Great Tusk|def|1
|-unboost|p2a: Great Tusk|spd|1
|move|p1a: Quaquaval|Triple Axel|p2a: Great Tusk
|-supereffective|p2a: Great Tusk
|-damage|p2a: Great Tusk|79/100
|-supereffective|p2a: Great Tusk
|-damage|p2a: Great Tusk|35/100
|-supereffective|p2a: Great Tusk
|-damage|p2a: Great Tusk|0 fnt
|faint|p2a: Great Tusk
|-end|p2a: Great Tusk|Protosynthesis|[silent]
|-ability|p1a: Quaquaval|Moxie|boost
|-boost|p1a: Quaquaval|atk|1
|-hitcount|p2: Great Tusk|3
|
|upkeep
|inactive|rifatalmuzaddid has 120 seconds left.
|
|t:|1769325467
|switch|p2a: Tornadus|Tornadus-Therian, M, shiny|100/100
|turn|10
|j| oaim
|
|t:|1769325473
|move|p2a: Tornadus|U-turn|p1a: Quaquaval
|-resisted|p1a: Quaquaval
|-damage|p1a: Quaquaval|0 fnt
|faint|p1a: Quaquaval
|
|t:|1769325478
|switch|p2a: Darkrai|Darkrai|100/100|[from] U-turn
|
|upkeep
|
|t:|1769325483
|switch|p1a: Ninetales|Ninetales-Alola, M|72/100 par
|-damage|p1a: Ninetales|47/100 par|[from] Stealth Rock
|-weather|Snowscape|[from] ability: Snow Warning|[of] p1a: Ninetales
|turn|11
|
|t:|1769325487
|move|p2a: Darkrai|Sludge Bomb|p1a: Ninetales
|-supereffective|p1a: Ninetales
|-damage|p1a: Ninetales|0 fnt
|faint|p1a: Ninetales
|
|-weather|Snowscape|[upkeep]
|upkeep
|c| mehvish|hail yeah
|
|t:|1769325500
|switch|p1a: Corviknight|Corviknight, M|100/100
|-damage|p1a: Corviknight|88/100|[from] Stealth Rock
|-ability|p1a: Corviknight|Pressure
|turn|12
|
|t:|1769325506
|switch|p2a: Garganacl|Garganacl, F|72/100
|move|p1a: Corviknight|Defog|p2a: Garganacl
|-unboost|p2a: Garganacl|evasion|1
|-sideend|p1: iusesixshuckles|Stealth Rock|[from] move: Defog|[of] p1a: Corviknight
|
|-weather|Snowscape|[upkeep]
|-heal|p1a: Corviknight|94/100|[from] item: Leftovers
|-heal|p2a: Garganacl|78/100|[from] item: Leftovers
|upkeep
|turn|13
|l| oaim
|
|t:|1769325526
|switch|p1a: Garganacl|Garganacl, F|100/100
|move|p2a: Garganacl|Salt Cure|p1a: Garganacl
|-damage|p1a: Garganacl|91/100
|-start|p1a: Garganacl|Salt Cure
|
|-weather|Snowscape|[upkeep]
|-heal|p2a: Garganacl|85/100|[from] item: Leftovers
|-damage|p1a: Garganacl|78/100|[from] Salt Cure
|upkeep
|turn|14
|
|t:|1769325535
|move|p2a: Garganacl|Protect|p2a: Garganacl
|-singleturn|p2a: Garganacl|Protect
|move|p1a: Garganacl|Ice Punch|p2a: Garganacl
|-activate|p2a: Garganacl|move: Protect
|
|-weather|Snowscape|[upkeep]
|-heal|p2a: Garganacl|91/100|[from] item: Leftovers
|-damage|p1a: Garganacl|66/100|[from] Salt Cure
|upkeep
|turn|15
|
|t:|1769325547
|move|p2a: Garganacl|Stealth Rock|p1a: Garganacl
|-sidestart|p1: iusesixshuckles|move: Stealth Rock
|move|p1a: Garganacl|Ice Punch|p2a: Garganacl
|-damage|p2a: Garganacl|75/100
|
|-weather|none
|-heal|p2a: Garganacl|81/100|[from] item: Leftovers
|-damage|p1a: Garganacl|54/100|[from] Salt Cure
|upkeep
|turn|16
|
|t:|1769325555
|move|p2a: Garganacl|Protect|p2a: Garganacl
|-singleturn|p2a: Garganacl|Protect
|move|p1a: Garganacl|Salt Cure|p2a: Garganacl
|-activate|p2a: Garganacl|move: Protect
|
|-heal|p2a: Garganacl|87/100|[from] item: Leftovers
|-damage|p1a: Garganacl|41/100|[from] Salt Cure
|upkeep
|turn|17
|
|t:|1769325583
|move|p2a: Garganacl|Salt Cure|p1a: Garganacl
|-damage|p1a: Garganacl|32/100
|move|p1a: Garganacl|Salt Cure|p2a: Garganacl
|-damage|p2a: Garganacl|74/100
|-start|p2a: Garganacl|Salt Cure
|
|-heal|p2a: Garganacl|80/100|[from] item: Leftovers
|-damage|p2a: Garganacl|68/100|[from] Salt Cure
|-damage|p1a: Garganacl|20/100|[from] Salt Cure
|upkeep
|turn|18
|
|t:|1769325604
|move|p2a: Garganacl|Recover|p2a: Garganacl
|-heal|p2a: Garganacl|100/100
|move|p1a: Garganacl|Explosion|p2a: Garganacl
|-resisted|p2a: Garganacl
|-damage|p2a: Garganacl|74/100
|faint|p1a: Garganacl
|
|-heal|p2a: Garganacl|80/100|[from] item: Leftovers
|-damage|p2a: Garganacl|68/100|[from] Salt Cure
|upkeep
|
|t:|1769325616
|switch|p1a: Corviknight|Corviknight, M|94/100
|-damage|p1a: Corviknight|82/100|[from] Stealth Rock
|-ability|p1a: Corviknight|Pressure
|turn|19
|c| mehvish|when was shuckle last in game
|
|t:|1769325624
|move|p1a: Corviknight|Defog|p2a: Garganacl
|-unboost|p2a: Garganacl|evasion|1
|-sideend|p1: iusesixshuckles|Stealth Rock|[from] move: Defog|[of] p1a: Corviknight
|move|p2a: Garganacl|Salt Cure|p1a: Corviknight
|-damage|p1a: Corviknight|74/100
|-start|p1a: Corviknight|Salt Cure
|
|-heal|p1a: Corviknight|80/100|[from] item: Leftovers
|-heal|p2a: Garganacl|74/100|[from] item: Leftovers
|-damage|p1a: Corviknight|55/100|[from] Salt Cure
|-damage|p2a: Garganacl|61/100|[from] Salt Cure
|upkeep
|turn|20
|
|t:|1769325635
|move|p1a: Corviknight|Roost|p1a: Corviknight
|-heal|p1a: Corviknight|100/100
|-singleturn|p1a: Corviknight|move: Roost
|move|p2a: Garganacl|Recover|p2a: Garganacl
|-heal|p2a: Garganacl|100/100
|
|-damage|p1a: Corviknight|75/100|[from] Salt Cure
|-damage|p2a: Garganacl|88/100|[from] Salt Cure
|upkeep
|turn|21
|inactive|iusesixshuckles has 120 seconds left.
|
|t:|1769325660
|switch|p1a: Raging Bolt|Raging Bolt|100/100
|switch|p2a: Hatterene|Hatterene, F|26/100
|
|upkeep
|turn|22
|
|t:|1769325667
|move|p1a: Raging Bolt|Thunderclap||[still]
|-fail|p1a: Raging Bolt
|move|p2a: Hatterene|Pain Split|p1a: Raging Bolt
|-sethp|p1a: Raging Bolt|59/100|[from] move: Pain Split|[silent]
|-sethp|p2a: Hatterene|85/100|[from] move: Pain Split
|
|upkeep
|turn|23
|
|t:|1769325675
|move|p1a: Raging Bolt|Thunderclap|p2a: Hatterene
|-damage|p2a: Hatterene|35/100
|move|p2a: Hatterene|Future Sight|p1a: Raging Bolt
|-start|p2a: Hatterene|move: Future Sight
|
|upkeep
|turn|24
|
|t:|1769325679
|move|p1a: Raging Bolt|Calm Mind|p1a: Raging Bolt
|-boost|p1a: Raging Bolt|spa|1
|-boost|p1a: Raging Bolt|spd|1
|move|p2a: Hatterene|Pain Split|p1a: Raging Bolt
|-sethp|p1a: Raging Bolt|42/100|[from] move: Pain Split|[silent]
|-sethp|p2a: Hatterene|60/100|[from] move: Pain Split
|
|upkeep
|turn|25
|
|t:|1769325689
|move|p1a: Raging Bolt|Thunderclap|p2a: Hatterene
|-damage|p2a: Hatterene|0 fnt
|faint|p2a: Hatterene
|
|-end|p1a: Raging Bolt|move: Future Sight
|-damage|p1a: Raging Bolt|11/100
|upkeep
|
|t:|1769325694
|switch|p2a: Garganacl|Garganacl, F|88/100
|turn|26
|
|t:|1769325699
|move|p1a: Raging Bolt|Thunderclap|p2a: Garganacl
|-damage|p2a: Garganacl|38/100
|move|p2a: Garganacl|Salt Cure|p1a: Raging Bolt
|-damage|p1a: Raging Bolt|0 fnt
|faint|p1a: Raging Bolt
|-end|p1a: Raging Bolt|Protosynthesis|[silent]
|
|-heal|p2a: Garganacl|44/100|[from] item: Leftovers
|upkeep
|
|t:|1769325707
|switch|p1a: Gliscor|Gliscor, F|100/100
|turn|27
|
|t:|1769325711
|move|p1a: Gliscor|Earthquake|p2a: Garganacl
|-supereffective|p2a: Garganacl
|-damage|p2a: Garganacl|0 fnt
|faint|p2a: Garganacl
|
|-status|p1a: Gliscor|tox|[from] item: Toxic Orb
|upkeep
|
|t:|1769325714
|switch|p2a: Darkrai|Darkrai|100/100
|turn|28
|
|t:|1769325720
|move|p2a: Darkrai|Ice Beam|p1a: Gliscor
|-supereffective|p1a: Gliscor
|-damage|p1a: Gliscor|0 fnt
|faint|p1a: Gliscor
|
|upkeep
|
|t:|1769325725
|switch|p1a: Corviknight|Corviknight, M|75/100
|-ability|p1a: Corviknight|Pressure
|turn|29
|
|t:|1769325730
|move|p2a: Darkrai|Ice Beam|p1a: Corviknight
|-damage|p1a: Corviknight|26/100
|move|p1a: Corviknight|U-turn|p2a: Darkrai
|-supereffective|p2a: Darkrai
|-damage|p2a: Darkrai|61/100
|
|-heal|p1a: Corviknight|32/100|[from] item: Leftovers
|upkeep
|turn|30
|c|☆iusesixshuckles|gg
|
|t:|1769325739
|move|p2a: Darkrai|Ice Beam|p1a: Corviknight
|-damage|p1a: Corviknight|0 fnt
|faint|p1a: Corviknight
|
|win|rifatalmuzaddid
|n|☆iusesixshuckles|iusesixshuckles
|n|☆rifatalmuzaddid|rifatalmuzaddid
|n|*Lady Monita ☃️|ladymonita
|n| mehvish|mehvish
