|j|☆sbyinlil
|j|☆founded
|t:|1769426349
|gametype|singles
|player|p1|sbyinlil|2|1354
|player|p2|founded|firebreather|1340
|gen|9
|tier|[Gen 9] OU
|rated|
|rule|HP Percentage Mod: HP is shown in percentages
|rule|Endless Battle Clause: Forcing endless battles is banned
|rule|Species Clause: Limit one of each Pokémon
|rule|OHKO Clause: OHKO moves are banned
|rule|Evasion Items Clause: Evasion items are banned
|rule|Evasion Moves Clause: Evasion moves are banned
|rule|Evasion Abilities Clause: Evasion abilities are banned
|rule|Sleep Moves Clause: Sleep-inducing moves are banned
|clearpoke
|poke|p1|Sandy Shocks|
|poke|p1|Scizor, M|
|poke|p1|Manaphy|
|poke|p1|Latios, M|
|poke|p1|Ogerpon, F|
|poke|p1|Iron Jugulis|
|poke|p2|Espeon, F|
|poke|p2|Kommo-o, F|
|poke|p2|Dipplin, F|
|poke|p2|Glimmora, M|
|poke|p2|Landorus-Therian, M|
|poke|p2|Incineroar, F|
|teampreview
|
|t:|1769426387
|teamsize|p1|6
|teamsize|p2|6
|start
|switch|p1a: Sandy Shocks|Sandy Shocks|100/100
|switch|p2a: Espeon|Espeon, F|100/100
|-enditem|p1a: Sandy Shocks|Booster Energy
|-activate|p1a: Sandy Shocks|ability: Protosynthesis|[fromitem]
|-start|p1a: Sandy Shocks|protosynthesisspe
|turn|1
|
|t:|1769426402
|switch|p2a: Dipplin|Dipplin, F|100/100
|move|p1a: Sandy Shocks|Earth Power|p2a: Dipplin
|-resisted|p2a: Dipplin
|-damage|p2a: Dipplin|85/100
|
|upkeep
|turn|2
|inactive|Battle timer is ON: inactive players will automatically lose when time's up. (requested by sbyinlil)
|
|t:|1769426410
|move|p1a: Sandy Shocks|Stealth Rock|p2a: Dipplin
|-sidestart|p2: founded|move: Stealth Rock
|move|p2a: Dipplin|Dragon Tail|p1a: Sandy Shocks
|-damage|p1a: Sandy Shocks|81/100
|-end|p1a: Sandy Shocks|Protosynthesis|[silent]
|drag|p1a: Manaphy|Manaphy|100/100
|
|upkeep
|turn|3
|inactive|sbyinlil has 120 seconds left.
|
|t:|1769426459
|move|p1a: Manaphy|Tail Glow|p1a: Manaphy
|-boost|p1a: Manaphy|spa|3
|move|p2a: Dipplin|Giga Drain|p1a: Manaphy
|-supereffective|p1a: Manaphy
|-damage|p1a: Manaphy|31/100
|-heal|p2a: Dipplin|100/100|[from] drain|[of] p1a: Manaphy
|-enditem|p1a: Manaphy|Sitrus Berry|[eat]
|-heal|p1a: Manaphy|56/100|[from] item: Sitrus Berry
|
|upkeep
|turn|4
|
|t:|1769426471
|-terastallize|p2a: Dipplin|Steel
|move|p1a: Manaphy|Ice Beam|p2a: Dipplin
|-resisted|p2a: Dipplin
|-damage|p2a: Dipplin|74/100
|move|p2a: Dipplin|Giga Drain|p1a: Manaphy
|-supereffective|p1a: Manaphy
|-damage|p1a: Manaphy|0 fnt
|-heal|p2a: Dipplin|100/100|[from] drain|[of] p1a: Manaphy
|faint|p1a: Manaphy
|
|upkeep
|
|t:|1769426499
|switch|p1a: Iron Jugulis|Iron Jugulis|100/100
|-enditem|p1a: Iron Jugulis|Booster Energy
|-activate|p1a: Iron Jugulis|ability: Quark Drive|[fromitem]
|-start|p1a: Iron Jugulis|quarkdrivespe
|turn|5
|
|t:|1769426528
|move|p1a: Iron Jugulis|Earth Power|p2a: Dipplin
|-supereffective|p2a: Dipplin
|-damage|p2a: Dipplin|57/100
|move|p2a: Dipplin|Dragon Pulse|p1a: Iron Jugulis
|-damage|p1a: Iron Jugulis|53/100
|
|upkeep
|turn|6
|inactive|sbyinlil has 90 seconds left.
|inactive|sbyinlil has 60 seconds left.
|inactive|sbyinlil has 30 seconds left.
|inactive|sbyinlil has 20 seconds left.
|inactive|sbyinlil has 15 seconds left.
|inactive|sbyinlil has 10 seconds left.
|inactive|sbyinlil has 5 seconds left.
|-message|sbyinlil lost due to inactivity.
|
|win|founded
|raw|sbyinlil's rating: 1354 &rarr; <strong>1333</strong><br />(-21 for losing)
|raw|founded's rating: 1340 &rarr; <strong>1361</strong><br />(+21 for winning)
