|j|☆legaleyeze
|j|☆CambridgeFoulPlay
|t:|1769367013
|gametype|singles
|player|p1|legaleyeze|102|1673
|player|p2|CambridgeFoulPlay|266|1683
|gen|9
|tier|[Gen 9] OU
|rated|
|rule|HP Percentage Mod: HP is shown in percentages
|rule|Endless Battle Clause: Forcing endless battles is banned
|rule|Species Clause: Limit one of each Pokémon
|rule|OHKO Clause: OHKO moves are banned
|rule|Evasion Items Clause: Evasion items are banned
|rule|Evasion Moves Clause: Evasion moves are banned
|rule|Evasion Abilities Clause: Evasion abilities are banned
|rule|Sleep Moves Clause: Sleep-inducing moves are banned
|clearpoke
|poke|p1|Great Tusk|
|poke|p1|Kingambit, M|
|poke|p1|Venusaur, M|
|poke|p1|Walking Wake|
|poke|p1|Corviknight, M|
|poke|p1|Torkoal, M|
|poke|p2|Hydrapple, M|
|poke|p2|Tyranitar, F|
|poke|p2|Moltres|
|poke|p2|Zamazenta-*|
|poke|p2|Slowking-Galar, M|
|poke|p2|Excadrill, F|
|teampreview
|c|☆CambridgeFoulPlay|hf
|
|t:|1769367018
|teamsize|p1|6
|teamsize|p2|6
|start
|switch|p1a: Great Tusk|Great Tusk|100/100
|switch|p2a: Hydrapple|Hydrapple, M|100/100
|turn|1
|inactive|Battle timer is ON: inactive players will automatically lose when time's up. (requested by CambridgeFoulPlay)
|
|t:|1769367020
|move|p1a: Great Tusk|Ice Spinner|p2a: Hydrapple
|-supereffective|p2a: Hydrapple
|-damage|p2a: Hydrapple|0 fnt
|faint|p2a: Hydrapple
|
|upkeep
|
|t:|1769367023
|switch|p2a: Zamazenta|Zamazenta|100/100
|-ability|p2a: Zamazenta|Dauntless Shield|boost
|-boost|p2a: Zamazenta|def|1
|turn|2
|
|t:|1769367026
|-end|p1a: Great Tusk|Protosynthesis|[silent]
|switch|p1a: Torkoal|Torkoal, M|100/100
|-weather|SunnyDay|[from] ability: Drought|[of] p1a: Torkoal
|move|p2a: Zamazenta|Iron Defense|p2a: Zamazenta
|-boost|p2a: Zamazenta|def|2
|
|-weather|SunnyDay|[upkeep]
|upkeep
|turn|3
|
|t:|1769367030
|switch|p1a: Corviknight|Corviknight, M|100/100
|-ability|p1a: Corviknight|Pressure
|move|p2a: Zamazenta|Body Press|p1a: Corviknight
|-damage|p1a: Corviknight|34/100
|-damage|p2a: Zamazenta|84/100|[from] item: Rocky Helmet|[of] p1a: Corviknight
|
|-weather|SunnyDay|[upkeep]
|-heal|p2a: Zamazenta|90/100|[from] item: Leftovers
|upkeep
|turn|4
|
|t:|1769367034
|move|p2a: Zamazenta|Body Press|p1a: Corviknight
|-damage|p1a: Corviknight|0 fnt
|-damage|p2a: Zamazenta|73/100|[from] item: Rocky Helmet|[of] p1a: Corviknight
|faint|p1a: Corviknight
|
|-weather|SunnyDay|[upkeep]
|-heal|p2a: Zamazenta|80/100|[from] item: Leftovers
|upkeep
|
|t:|1769367042
|switch|p1a: Venusaur|Venusaur, M|100/100
|turn|5
|
|t:|1769367045
|move|p1a: Venusaur|Giga Drain|p2a: Zamazenta
|-damage|p2a: Zamazenta|39/100
|-damage|p1a: Venusaur|91/100|[from] item: Life Orb
|move|p2a: Zamazenta|Body Press|p1a: Venusaur
|-resisted|p1a: Venusaur
|-damage|p1a: Venusaur|32/100
|
|-weather|SunnyDay|[upkeep]
|-heal|p2a: Zamazenta|45/100|[from] item: Leftovers
|upkeep
|turn|6
|
|t:|1769367051
|switch|p2a: Slowking|Slowking-Galar, M|100/100
|move|p1a: Venusaur|Weather Ball|p2a: Slowking
|-damage|p2a: Slowking|71/100
|-damage|p1a: Venusaur|22/100|[from] item: Life Orb
|
|-weather|SunnyDay|[upkeep]
|upkeep
|turn|7
|
|t:|1769367056
|move|p1a: Venusaur|Earthquake|p2a: Slowking
|-supereffective|p2a: Slowking
|-damage|p2a: Slowking|36/100
|-damage|p1a: Venusaur|12/100|[from] item: Life Orb
|move|p2a: Slowking|Flamethrower|p1a: Venusaur
|-supereffective|p1a: Venusaur
|-damage|p1a: Venusaur|0 fnt
|faint|p1a: Venusaur
|
|-weather|SunnyDay|[upkeep]
|upkeep
|
|t:|1769367060
|switch|p1a: Walking Wake|Walking Wake|100/100
|-activate|p1a: Walking Wake|ability: Protosynthesis
|-start|p1a: Walking Wake|protosynthesisspe
|turn|8
|
|t:|1769367062
|switch|p2a: Tyranitar|Tyranitar, F|100/100
|-weather|Sandstorm|[from] ability: Sand Stream|[of] p2a: Tyranitar
|-end|p1a: Walking Wake|Protosynthesis
|move|p1a: Walking Wake|Hydro Steam|p2a: Tyranitar
|-supereffective|p2a: Tyranitar
|-damage|p2a: Tyranitar|50/100
|
|-weather|Sandstorm|[upkeep]
|-damage|p1a: Walking Wake|94/100|[from] Sandstorm
|upkeep
|turn|9
|
|t:|1769367065
|-terastallize|p2a: Tyranitar|Flying
|move|p1a: Walking Wake|Hydro Steam|p2a: Tyranitar
|-damage|p2a: Tyranitar|14/100
|move|p2a: Tyranitar|Knock Off|p1a: Walking Wake
|-crit|p1a: Walking Wake
|-damage|p1a: Walking Wake|23/100
|-enditem|p1a: Walking Wake|Choice Specs|[from] move: Knock Off|[of] p2a: Tyranitar
|
|-weather|Sandstorm|[upkeep]
|-damage|p1a: Walking Wake|17/100|[from] Sandstorm
|-damage|p2a: Tyranitar|8/100|[from] Sandstorm
|upkeep
|turn|10
|
|t:|1769367068
|move|p1a: Walking Wake|Hydro Steam|p2a: Tyranitar
|-damage|p2a: Tyranitar|0 fnt
|faint|p2a: Tyranitar
|
|-weather|Sandstorm|[upkeep]
|-damage|p1a: Walking Wake|11/100|[from] Sandstorm
|upkeep
|
|t:|1769367070
|switch|p2a: Zamazenta|Zamazenta|45/100
|turn|11
|
|t:|1769367073
|-end|p1a: Walking Wake|Protosynthesis|[silent]
|switch|p1a: Torkoal|Torkoal, M|100/100
|-weather|SunnyDay|[from] ability: Drought|[of] p1a: Torkoal
|move|p2a: Zamazenta|Body Press|p1a: Torkoal
|-damage|p1a: Torkoal|72/100
|
|-weather|SunnyDay|[upkeep]
|-heal|p2a: Zamazenta|51/100|[from] item: Leftovers
|upkeep
|turn|12
|
|t:|1769367077
|switch|p2a: Slowking|Slowking-Galar, M|69/100
|move|p1a: Torkoal|Lava Plume|p2a: Slowking
|-damage|p2a: Slowking|48/100
|
|-weather|SunnyDay|[upkeep]
|upkeep
|turn|13
|
|t:|1769367083
|move|p2a: Slowking|Sludge Bomb|p1a: Torkoal
|-damage|p1a: Torkoal|32/100
|-status|p1a: Torkoal|psn
|move|p1a: Torkoal|Lava Plume|p2a: Slowking
|-damage|p2a: Slowking|28/100
|
|-weather|SunnyDay|[upkeep]
|-damage|p1a: Torkoal|20/100 psn|[from] psn
|upkeep
|turn|14
|
|t:|1769367086
|switch|p2a: Moltres|Moltres|100/100
|move|p1a: Torkoal|Earthquake|p2a: Moltres
|-immune|p2a: Moltres
|
|-weather|SunnyDay|[upkeep]
|-damage|p1a: Torkoal|7/100 psn|[from] psn
|upkeep
|turn|15
|
|t:|1769367089
|switch|p2a: Zamazenta|Zamazenta|51/100
|move|p1a: Torkoal|Stealth Rock|p2a: Zamazenta
|-sidestart|p2: CambridgeFoulPlay|move: Stealth Rock
|
|-weather|SunnyDay|[upkeep]
|-heal|p2a: Zamazenta|57/100|[from] item: Leftovers
|-damage|p1a: Torkoal|0 fnt|[from] psn
|faint|p1a: Torkoal
|upkeep
|
|t:|1769367091
|switch|p1a: Walking Wake|Walking Wake|11/100
|-activate|p1a: Walking Wake|ability: Protosynthesis
|-start|p1a: Walking Wake|protosynthesisspe
|turn|16
|
|t:|1769367093
|move|p1a: Walking Wake|Hydro Steam|p2a: Zamazenta
|-damage|p2a: Zamazenta|0 fnt
|faint|p2a: Zamazenta
|
|-weather|SunnyDay|[upkeep]
|upkeep
|
|t:|1769367096
|switch|p2a: Slowking|Slowking-Galar, M|62/100
|-damage|p2a: Slowking|49/100|[from] Stealth Rock
|turn|17
|
|t:|1769367103
|-end|p1a: Walking Wake|Protosynthesis|[silent]
|switch|p1a: Great Tusk|Great Tusk|100/100
|-activate|p1a: Great Tusk|ability: Protosynthesis
|-start|p1a: Great Tusk|protosynthesisatk
|move|p2a: Slowking|Ice Beam|p1a: Great Tusk
|-supereffective|p1a: Great Tusk
|-damage|p1a: Great Tusk|35/100
|
|-weather|SunnyDay|[upkeep]
|upkeep
|turn|18
|
|t:|1769367107
|switch|p2a: Moltres|Moltres|100/100
|move|p1a: Great Tusk|Knock Off|p2a: Moltres
|-damage|p2a: Moltres|53/100
|-enditem|p2a: Moltres|Heavy-Duty Boots|[from] move: Knock Off|[of] p1a: Great Tusk
|
|-weather|none
|-end|p1a: Great Tusk|Protosynthesis
|upkeep
|turn|19
|
|t:|1769367113
|-end|p1a: Great Tusk|Protosynthesis|[silent]
|switch|p1a: Walking Wake|Walking Wake|11/100
|move|p2a: Moltres|Roar|p1a: Walking Wake
|-end|p1a: Walking Wake|Protosynthesis|[silent]
|drag|p1a: Great Tusk|Great Tusk|35/100
|
|upkeep
|turn|20
|
|t:|1769367117
|move|p1a: Great Tusk|Close Combat|p2a: Moltres
|-resisted|p2a: Moltres
|-damage|p2a: Moltres|20/100
|-unboost|p1a: Great Tusk|def|1
|-unboost|p1a: Great Tusk|spd|1
|move|p2a: Moltres|Roar|p1a: Great Tusk
|-end|p1a: Great Tusk|Protosynthesis|[silent]
|drag|p1a: Walking Wake|Walking Wake|11/100
|
|upkeep
|turn|21
|
|t:|1769367120
|switch|p2a: Slowking|Slowking-Galar, M|83/100
|-damage|p2a: Slowking|70/100|[from] Stealth Rock
|move|p1a: Walking Wake|Hydro Steam|p2a: Slowking
|-damage|p2a: Slowking|49/100
|
|upkeep
|turn|22
|
|t:|1769367133
|move|p1a: Walking Wake|Draco Meteor|p2a: Slowking
|-damage|p2a: Slowking|15/100
|-unboost|p1a: Walking Wake|spa|2
|move|p2a: Slowking|Flamethrower|p1a: Walking Wake
|-resisted|p1a: Walking Wake
|-damage|p1a: Walking Wake|4/100
|
|upkeep
|turn|23
|
|t:|1769367136
|switch|p2a: Moltres|Moltres|20/100
|-damage|p2a: Moltres|0 fnt|[from] Stealth Rock
|faint|p2a: Moltres
|move|p1a: Walking Wake|Hydro Steam|p2: Moltres|[notarget]
|-fail|p1a: Walking Wake
|
|upkeep
|
|t:|1769367138
|switch|p2a: Excadrill|Excadrill, F|100/100
|-damage|p2a: Excadrill|97/100|[from] Stealth Rock
|-item|p2a: Excadrill|Air Balloon
|turn|24
|
|t:|1769367141
|switch|p2a: Slowking|Slowking-Galar, M|48/100
|-damage|p2a: Slowking|36/100|[from] Stealth Rock
|move|p1a: Walking Wake|Hydro Steam|p2a: Slowking
|-crit|p2a: Slowking
|-damage|p2a: Slowking|2/100
|
|upkeep
|turn|25
|
|t:|1769367144
|switch|p2a: Excadrill|Excadrill, F|97/100
|-damage|p2a: Excadrill|94/100|[from] Stealth Rock
|-item|p2a: Excadrill|Air Balloon
|move|p1a: Walking Wake|Hydro Steam|p2a: Excadrill
|-supereffective|p2a: Excadrill
|-damage|p2a: Excadrill|41/100
|-enditem|p2a: Excadrill|Air Balloon
|
|upkeep
|turn|26
|
|t:|1769367146
|switch|p2a: Slowking|Slowking-Galar, M|35/100
|-damage|p2a: Slowking|23/100|[from] Stealth Rock
|move|p1a: Walking Wake|Hydro Steam|p2a: Slowking
|-damage|p2a: Slowking|12/100
|
|upkeep
|turn|27
|
|t:|1769367148
|switch|p2a: Excadrill|Excadrill, F|41/100
|-damage|p2a: Excadrill|38/100|[from] Stealth Rock
|move|p1a: Walking Wake|Hydro Steam|p2a: Excadrill
|-supereffective|p2a: Excadrill
|-damage|p2a: Excadrill|0 fnt
|faint|p2a: Excadrill
|
|upkeep
|
|t:|1769367150
|switch|p2a: Slowking|Slowking-Galar, M|46/100
|-damage|p2a: Slowking|33/100|[from] Stealth Rock
|turn|28
|
|t:|1769367153
|move|p1a: Walking Wake|Hydro Steam|p2a: Slowking
|-damage|p2a: Slowking|21/100
|move|p2a: Slowking|Psyshock|p1a: Walking Wake
|-damage|p1a: Walking Wake|0 fnt
|faint|p1a: Walking Wake
|-end|p1a: Walking Wake|Protosynthesis|[silent]
|
|upkeep
|
|t:|1769367157
|switch|p1a: Great Tusk|Great Tusk|35/100
|turn|29
|
|t:|1769367161
|move|p1a: Great Tusk|Ice Spinner|p2a: Slowking
|-damage|p2a: Slowking|0 fnt
|faint|p2a: Slowking
|
|win|legaleyeze
|raw|legaleyeze's rating: 1673 &rarr; <strong>1694</strong><br />(+21 for winning)
|raw|CambridgeFoulPlay's rating: 1683 &rarr; <strong>1662</strong><br />(-21 for losing)
|c|☆CambridgeFoulPlay|gg
|l|☆CambridgeFoulPlay
|player|p2|
|c|☆legaleyeze|gg
|l|☆legaleyeze
|player|p1|
