|j|☆Digga Darby
|j|☆VryFry
|t:|1769321641
|gametype|singles
|player|p1|Digga Darby|170|
|player|p2|VryFry|swimmerf|
|gen|9
|tier|[Gen 9] OU
|rule|HP Percentage Mod: HP is shown in percentages
|rule|Endless Battle Clause: Forcing endless battles is banned
|rule|Species Clause: Limit one of each Pokémon
|rule|OHKO Clause: OHKO moves are banned
|rule|Evasion Items Clause: Evasion items are banned
|rule|Evasion Moves Clause: Evasion moves are banned
|rule|Evasion Abilities Clause: Evasion abilities are banned
|rule|Sleep Moves Clause: Sleep-inducing moves are banned
|clearpoke
|poke|p1|Dragonite, M|
|poke|p1|Samurott-Hisui, F|
|poke|p1|Clefable, M|
|poke|p1|Gliscor, M|
|poke|p1|Gholdengo|
|poke|p1|Zamazenta-*|
|poke|p2|Dondozo, F|
|poke|p2|Clefable, M|
|poke|p2|Moltres|
|poke|p2|Pecharunt|
|poke|p2|Ting-Lu|
|poke|p2|Glimmora, F|
|teampreview
|
|t:|1769321679
|teamsize|p1|6
|teamsize|p2|6
|start
|switch|p1a: Gholdengo|Gholdengo|100/100
|switch|p2a: Dondozo|Dondozo, F|100/100
|turn|1
|
|t:|1769321699
|move|p1a: Gholdengo|Shadow Ball|p2a: Dondozo
|-damage|p2a: Dondozo|56/100
|-unboost|p2a: Dondozo|spd|1
|move|p2a: Dondozo|Order Up|p1a: Gholdengo
|-resisted|p1a: Gholdengo
|-damage|p1a: Gholdengo|90/100
|
|upkeep
|turn|2
|
|t:|1769321716
|switch|p2a: Moltres|Moltres|100/100
|move|p1a: Gholdengo|Shadow Ball|p2a: Moltres
|-damage|p2a: Moltres|53/100
|
|upkeep
|turn|3
|
|t:|1769321730
|move|p1a: Gholdengo|Shadow Ball|p2a: Moltres
|-damage|p2a: Moltres|9/100
|move|p2a: Moltres|Air Slash|p1a: Gholdengo
|-resisted|p1a: Gholdengo
|-damage|p1a: Gholdengo|69/100
|
|upkeep
|turn|4
|
|t:|1769321737
|move|p1a: Gholdengo|Shadow Ball|p2a: Moltres
|-damage|p2a: Moltres|0 fnt
|faint|p2a: Moltres
|
|upkeep
|
|t:|1769321745
|switch|p2a: Clefable|Clefable, M|100/100
|-item|p2a: Clefable|Air Balloon
|turn|5
|
|t:|1769321782
|switch|p1a: Gliscor|Gliscor, M|100/100
|move|p2a: Clefable|Encore||[still]
|-fail|p2a: Clefable
|
|-status|p1a: Gliscor|tox|[from] item: Toxic Orb
|upkeep
|turn|6
|
|t:|1769321797
|move|p1a: Gliscor|Swords Dance|p1a: Gliscor
|-boost|p1a: Gliscor|atk|2
|move|p2a: Clefable|Alluring Voice|p1a: Gliscor
|-damage|p1a: Gliscor|75/100 tox
|-start|p1a: Gliscor|confusion
|
|-heal|p1a: Gliscor|87/100 tox|[from] ability: Poison Heal
|upkeep
|turn|7
|
|t:|1769321812
|-activate|p1a: Gliscor|confusion
|-damage|p1a: Gliscor|72/100 tox|[from] confusion
|move|p2a: Clefable|Draining Kiss|p1a: Gliscor
|-damage|p1a: Gliscor|55/100 tox
|
|-heal|p1a: Gliscor|68/100 tox|[from] ability: Poison Heal
|upkeep
|turn|8
|
|t:|1769321820
|-activate|p1a: Gliscor|confusion
|-damage|p1a: Gliscor|54/100 tox|[from] confusion
|move|p2a: Clefable|Chilling Water|p1a: Gliscor
|-supereffective|p1a: Gliscor
|-damage|p1a: Gliscor|29/100 tox
|-unboost|p1a: Gliscor|atk|1
|
|-heal|p1a: Gliscor|41/100 tox|[from] ability: Poison Heal
|upkeep
|turn|9
|
|t:|1769321831
|-end|p1a: Gliscor|confusion
|move|p1a: Gliscor|Facade|p2a: Clefable
|-damage|p2a: Clefable|62/100
|-enditem|p2a: Clefable|Air Balloon
|move|p2a: Clefable|Chilling Water|p1a: Gliscor
|-supereffective|p1a: Gliscor
|-crit|p1a: Gliscor
|-damage|p1a: Gliscor|5/100 tox
|-unboost|p1a: Gliscor|atk|1
|
|-heal|p1a: Gliscor|18/100 tox|[from] ability: Poison Heal
|upkeep
|turn|10
|
|t:|1769321844
|move|p1a: Gliscor|Protect|p1a: Gliscor
|-singleturn|p1a: Gliscor|Protect
|move|p2a: Clefable|Alluring Voice|p1a: Gliscor
|-activate|p1a: Gliscor|move: Protect
|
|-heal|p1a: Gliscor|30/100 tox|[from] ability: Poison Heal
|upkeep
|turn|11
|
|t:|1769321853
|move|p1a: Gliscor|Facade|p2a: Clefable
|-damage|p2a: Clefable|26/100
|move|p2a: Clefable|Alluring Voice|p1a: Gliscor
|-crit|p1a: Gliscor
|-damage|p1a: Gliscor|0 fnt
|faint|p1a: Gliscor
|
|upkeep
|
|t:|1769321867
|switch|p1a: Zamazenta|Zamazenta|100/100
|-ability|p1a: Zamazenta|Dauntless Shield|boost
|-boost|p1a: Zamazenta|def|1
|turn|12
|
|t:|1769321884
|move|p1a: Zamazenta|Body Press|p2a: Clefable
|-resisted|p2a: Clefable
|-damage|p2a: Clefable|3/100
|move|p2a: Clefable|Alluring Voice|p1a: Zamazenta
|-supereffective|p1a: Zamazenta
|-damage|p1a: Zamazenta|45/100
|
|-heal|p1a: Zamazenta|51/100|[from] item: Leftovers
|upkeep
|turn|13
|
|t:|1769321892
|move|p1a: Zamazenta|Body Press|p2a: Clefable
|-resisted|p2a: Clefable
|-damage|p2a: Clefable|0 fnt
|faint|p2a: Clefable
|
|-heal|p1a: Zamazenta|57/100|[from] item: Leftovers
|upkeep
|
|t:|1769321899
|switch|p2a: Pecharunt|Pecharunt|100/100
|-item|p2a: Pecharunt|Air Balloon
|turn|14
|
|t:|1769321910
|move|p2a: Pecharunt|Malignant Chain|p1a: Zamazenta
|-damage|p1a: Zamazenta|26/100
|move|p1a: Zamazenta|Roar|p2a: Pecharunt
|drag|p2a: Glimmora|Glimmora, F|100/100
|
|-heal|p1a: Zamazenta|32/100|[from] item: Leftovers
|upkeep
|turn|15
|
|t:|1769321933
|switch|p1a: Dragonite|Dragonite, M|100/100
|move|p2a: Glimmora|Dazzling Gleam|p1a: Dragonite
|-supereffective|p1a: Dragonite
|-damage|p1a: Dragonite|73/100
|
|upkeep
|turn|16
|
|t:|1769321952
|-terastallize|p1a: Dragonite|Normal
|move|p2a: Glimmora|Earth Power|p1a: Dragonite
|-damage|p1a: Dragonite|46/100
|move|p1a: Dragonite|Dragon Dance|p1a: Dragonite
|-boost|p1a: Dragonite|atk|1
|-boost|p1a: Dragonite|spe|1
|
|upkeep
|turn|17
|
|t:|1769321963
|move|p1a: Dragonite|Roost|p1a: Dragonite
|-heal|p1a: Dragonite|96/100
|move|p2a: Glimmora|Earth Power|p1a: Dragonite
|-damage|p1a: Dragonite|66/100
|
|upkeep
|turn|18
|
|t:|1769321969
|move|p1a: Dragonite|Earthquake|p2a: Glimmora
|-supereffective|p2a: Glimmora
|-damage|p2a: Glimmora|0 fnt
|-activate|p2a: Glimmora|ability: Toxic Debris
|-sidestart|p1: Digga Darby|move: Toxic Spikes
|faint|p2a: Glimmora
|
|upkeep
|
|t:|1769321978
|switch|p2a: Ting-Lu|Ting-Lu|100/100
|-ability|p2a: Ting-Lu|Vessel of Ruin
|turn|19
|
|t:|1769321989
|-terastallize|p2a: Ting-Lu|Dark
|move|p1a: Dragonite|Earthquake|p2a: Ting-Lu
|-damage|p2a: Ting-Lu|64/100
|move|p2a: Ting-Lu|Body Press|p1a: Dragonite
|-supereffective|p1a: Dragonite
|-damage|p1a: Dragonite|20/100
|
|upkeep
|turn|20
|
|t:|1769321999
|switch|p1a: Gholdengo|Gholdengo|69/100
|move|p2a: Ting-Lu|Body Press|p1a: Gholdengo
|-immune|p1a: Gholdengo
|
|upkeep
|turn|21
|
|t:|1769322011
|switch|p2a: Pecharunt|Pecharunt|100/100
|-item|p2a: Pecharunt|Air Balloon
|move|p1a: Gholdengo|Recover|p1a: Gholdengo
|-heal|p1a: Gholdengo|100/100
|
|upkeep
|turn|22
|
|t:|1769322045
|switch|p1a: Samurott|Samurott-Hisui, F|100/100
|-status|p1a: Samurott|psn
|move|p2a: Pecharunt|Malignant Chain|p1a: Samurott
|-damage|p1a: Samurott|74/100 psn
|
|-damage|p1a: Samurott|62/100 psn|[from] psn
|upkeep
|turn|23
|
|t:|1769322072
|switch|p2a: Dondozo|Dondozo, F|56/100
|move|p1a: Samurott|Knock Off|p2a: Dondozo
|-damage|p2a: Dondozo|25/100
|-enditem|p2a: Dondozo|Loaded Dice|[from] move: Knock Off|[of] p1a: Samurott
|
|-damage|p1a: Samurott|50/100 psn|[from] psn
|upkeep
|turn|24
|
|t:|1769322083
|move|p1a: Samurott|Ceaseless Edge|p2a: Dondozo
|-damage|p2a: Dondozo|0 fnt
|-sidestart|p2: VryFry|Spikes
|faint|p2a: Dondozo
|
|-damage|p1a: Samurott|38/100 psn|[from] psn
|upkeep
|
|t:|1769322089
|switch|p2a: Ting-Lu|Ting-Lu, tera:Dark|64/100
|-damage|p2a: Ting-Lu|52/100|[from] Spikes
|-ability|p2a: Ting-Lu|Vessel of Ruin
|turn|25
|
|t:|1769322108
|move|p1a: Samurott|Ceaseless Edge|p2a: Ting-Lu
|-resisted|p2a: Ting-Lu
|-damage|p2a: Ting-Lu|39/100
|-sidestart|p2: VryFry|Spikes
|move|p2a: Ting-Lu|Hex|p1a: Samurott
|-resisted|p1a: Samurott
|-damage|p1a: Samurott|28/100 psn
|
|-damage|p1a: Samurott|16/100 psn|[from] psn
|upkeep
|turn|26
|
|t:|1769322128
|move|p1a: Samurott|Razor Shell|p2a: Ting-Lu
|-damage|p2a: Ting-Lu|11/100
|move|p2a: Ting-Lu|Heavy Slam|p1a: Samurott
|-resisted|p1a: Samurott
|-damage|p1a: Samurott|0 fnt
|faint|p1a: Samurott
|
|upkeep
|
|t:|1769322135
|switch|p1a: Gholdengo|Gholdengo|100/100
|turn|27
|
|t:|1769322140
|move|p1a: Gholdengo|Shadow Ball|p2a: Ting-Lu
|-resisted|p2a: Ting-Lu
|-damage|p2a: Ting-Lu|0 fnt
|faint|p2a: Ting-Lu
|
|upkeep
|
|t:|1769322145
|switch|p2a: Pecharunt|Pecharunt|100/100
|-item|p2a: Pecharunt|Air Balloon
|turn|28
|
|t:|1769322152
|move|p1a: Gholdengo|Shadow Ball|p2a: Pecharunt
|-supereffective|p2a: Pecharunt
|-damage|p2a: Pecharunt|2/100
|-enditem|p2a: Pecharunt|Air Balloon
|move|p2a: Pecharunt|Malignant Chain|p1a: Gholdengo
|-immune|p1a: Gholdengo
|
|upkeep
|turn|29
|
|t:|1769322170
|move|p1a: Gholdengo|Shadow Ball|p2a: Pecharunt
|-supereffective|p2a: Pecharunt
|-damage|p2a: Pecharunt|0 fnt
|faint|p2a: Pecharunt
|
|win|Digga Darby
