|j|☆Dragonite carry
|j|☆SDLU
|t:|1769426871
|gametype|singles
|player|p1|Dragonite carry|266|1379
|player|p2|SDLU|1|1363
|gen|9
|tier|[Gen 9] OU
|rated|
|rule|HP Percentage Mod: HP is shown in percentages
|rule|Endless Battle Clause: Forcing endless battles is banned
|rule|Species Clause: Limit one of each Pokémon
|rule|OHKO Clause: OHKO moves are banned
|rule|Evasion Items Clause: Evasion items are banned
|rule|Evasion Moves Clause: Evasion moves are banned
|rule|Evasion Abilities Clause: Evasion abilities are banned
|rule|Sleep Moves Clause: Sleep-inducing moves are banned
|clearpoke
|poke|p1|Dragonite, F|
|poke|p1|Iron Valiant|
|poke|p1|Iron Moth|
|poke|p1|Primarina, M|
|poke|p1|Corviknight, F|
|poke|p1|Zapdos|
|poke|p2|Dragapult, M|
|poke|p2|Gastrodon, F|
|poke|p2|Skeledirge, M|
|poke|p2|Garganacl, M|
|poke|p2|Clefable, F|
|poke|p2|Moltres|
|teampreview
|inactive|Battle timer is ON: inactive players will automatically lose when time's up. (requested by SDLU)
|
|t:|1769426885
|teamsize|p1|6
|teamsize|p2|6
|start
|switch|p1a: Primarina|Primarina, M|100/100
|switch|p2a: Garganacl|Garganacl, M|100/100
|turn|1
|
|t:|1769426898
|-terastallize|p2a: Garganacl|Water
|move|p1a: Primarina|Surf|p2a: Garganacl
|-resisted|p2a: Garganacl
|-damage|p2a: Garganacl|76/100
|move|p2a: Garganacl|Salt Cure|p1a: Primarina
|-damage|p1a: Primarina|84/100
|-start|p1a: Primarina|Salt Cure
|
|-heal|p2a: Garganacl|82/100|[from] item: Leftovers
|-damage|p1a: Primarina|59/100|[from] Salt Cure
|upkeep
|turn|2
|inactive|Dragonite carry has 120 seconds left.
|
|t:|1769426933
|move|p1a: Primarina|Moonblast|p2a: Garganacl
|-damage|p2a: Garganacl|36/100
|move|p2a: Garganacl|Stealth Rock|p1a: Primarina
|-sidestart|p1: Dragonite carry|move: Stealth Rock
|
|-heal|p2a: Garganacl|42/100|[from] item: Leftovers
|-damage|p1a: Primarina|34/100|[from] Salt Cure
|upkeep
|turn|3
|
|t:|1769426942
|move|p2a: Garganacl|Protect|p2a: Garganacl
|-singleturn|p2a: Garganacl|Protect
|move|p1a: Primarina|Moonblast|p2a: Garganacl
|-activate|p2a: Garganacl|move: Protect
|
|-heal|p2a: Garganacl|49/100|[from] item: Leftovers
|-damage|p1a: Primarina|9/100|[from] Salt Cure
|upkeep
|turn|4
|
|t:|1769426958
|switch|p2a: Moltres|Moltres|100/100
|move|p1a: Primarina|Moonblast|p2a: Moltres
|-resisted|p2a: Moltres
|-crit|p2a: Moltres
|-damage|p2a: Moltres|72/100
|
|-damage|p1a: Primarina|0 fnt|[from] Salt Cure
|faint|p1a: Primarina
|upkeep
|
|t:|1769426977
|switch|p1a: Iron Moth|Iron Moth|100/100
|-damage|p1a: Iron Moth|76/100|[from] Stealth Rock
|-enditem|p1a: Iron Moth|Booster Energy
|-activate|p1a: Iron Moth|ability: Quark Drive|[fromitem]
|-start|p1a: Iron Moth|quarkdrivespa
|turn|5
|
|t:|1769426987
|switch|p2a: Gastrodon|Gastrodon, F|100/100
|move|p1a: Iron Moth|Sludge Wave|p2a: Gastrodon
|-resisted|p2a: Gastrodon
|-damage|p2a: Gastrodon|79/100
|
|upkeep
|turn|6
|
|t:|1769426997
|move|p1a: Iron Moth|Toxic|p2a: Gastrodon
|-status|p2a: Gastrodon|tox
|move|p2a: Gastrodon|Hydro Pump|p1a: Iron Moth
|-supereffective|p1a: Iron Moth
|-damage|p1a: Iron Moth|0 fnt
|faint|p1a: Iron Moth
|-end|p1a: Iron Moth|Quark Drive|[silent]
|
|-damage|p2a: Gastrodon|73/100 tox|[from] psn
|upkeep
|
|t:|1769427010
|switch|p1a: Dragonite|Dragonite, F|100/100
|turn|7
|
|t:|1769427018
|move|p1a: Dragonite|Dragon Dance|p1a: Dragonite
|-boost|p1a: Dragonite|atk|1
|-boost|p1a: Dragonite|spe|1
|move|p2a: Gastrodon|Spikes|p1a: Dragonite
|-sidestart|p1: Dragonite carry|Spikes
|
|-damage|p2a: Gastrodon|60/100 tox|[from] psn
|upkeep
|turn|8
|
|t:|1769427023
|move|p1a: Dragonite|Dragon Dance|p1a: Dragonite
|-boost|p1a: Dragonite|atk|1
|-boost|p1a: Dragonite|spe|1
|move|p2a: Gastrodon|Clear Smog|p1a: Dragonite
|-damage|p1a: Dragonite|94/100
|-clearboost|p1a: Dragonite
|
|-damage|p2a: Gastrodon|42/100 tox|[from] psn
|upkeep
|turn|9
|
|t:|1769427031
|move|p1a: Dragonite|Dragon Dance|p1a: Dragonite
|-boost|p1a: Dragonite|atk|1
|-boost|p1a: Dragonite|spe|1
|move|p2a: Gastrodon|Spikes|p1a: Dragonite
|-sidestart|p1: Dragonite carry|Spikes
|
|-damage|p2a: Gastrodon|18/100 tox|[from] psn
|upkeep
|turn|10
|
|t:|1769427037
|move|p1a: Dragonite|Extreme Speed|p2a: Gastrodon
|-damage|p2a: Gastrodon|0 fnt
|-damage|p1a: Dragonite|78/100|[from] item: Rocky Helmet|[of] p2a: Gastrodon
|faint|p2a: Gastrodon
|
|upkeep
|
|t:|1769427045
|switch|p2a: Skeledirge|Skeledirge, M|100/100
|turn|11
|
|t:|1769427050
|move|p1a: Dragonite|Earthquake|p2a: Skeledirge
|-supereffective|p2a: Skeledirge
|-damage|p2a: Skeledirge|55/100
|move|p2a: Skeledirge|Will-O-Wisp|p1a: Dragonite
|-status|p1a: Dragonite|brn
|
|-damage|p1a: Dragonite|72/100 brn|[from] brn
|upkeep
|turn|12
|
|t:|1769427055
|move|p1a: Dragonite|Earthquake|p2a: Skeledirge
|-supereffective|p2a: Skeledirge
|-damage|p2a: Skeledirge|31/100
|move|p2a: Skeledirge|Slack Off|p2a: Skeledirge
|-heal|p2a: Skeledirge|81/100
|
|-damage|p1a: Dragonite|66/100 brn|[from] brn
|upkeep
|turn|13
|
|t:|1769427064
|move|p1a: Dragonite|Dragon Dance|p1a: Dragonite
|-boost|p1a: Dragonite|atk|1
|-boost|p1a: Dragonite|spe|1
|move|p2a: Skeledirge|Slack Off|p2a: Skeledirge
|-heal|p2a: Skeledirge|100/100
|
|-damage|p1a: Dragonite|59/100 brn|[from] brn
|upkeep
|turn|14
|
|t:|1769427067
|move|p1a: Dragonite|Dragon Dance|p1a: Dragonite
|-boost|p1a: Dragonite|atk|1
|-boost|p1a: Dragonite|spe|1
|move|p2a: Skeledirge|Torch Song|p1a: Dragonite
|-resisted|p1a: Dragonite
|-crit|p1a: Dragonite
|-damage|p1a: Dragonite|35/100 brn
|-boost|p2a: Skeledirge|spa|1
|
|-damage|p1a: Dragonite|29/100 brn|[from] brn
|upkeep
|turn|15
|
|t:|1769427081
|move|p1a: Dragonite|Earthquake|p2a: Skeledirge
|-supereffective|p2a: Skeledirge
|-damage|p2a: Skeledirge|76/100
|move|p2a: Skeledirge|Torch Song|p1a: Dragonite
|-resisted|p1a: Dragonite
|-damage|p1a: Dragonite|5/100 brn
|-boost|p2a: Skeledirge|spa|1
|
|-damage|p1a: Dragonite|0 fnt|[from] brn
|faint|p1a: Dragonite
|upkeep
|
|t:|1769427087
|switch|p1a: Corviknight|Corviknight, F|100/100
|-damage|p1a: Corviknight|88/100|[from] Stealth Rock
|-ability|p1a: Corviknight|Pressure
|turn|16
|
|t:|1769427090
|move|p2a: Skeledirge|Torch Song|p1a: Corviknight
|-supereffective|p1a: Corviknight
|-damage|p1a: Corviknight|0 fnt
|-boost|p2a: Skeledirge|spa|1
|faint|p1a: Corviknight
|
|upkeep
|
|t:|1769427095
|switch|p1a: Iron Valiant|Iron Valiant|100/100
|-damage|p1a: Iron Valiant|94/100|[from] Stealth Rock
|-damage|p1a: Iron Valiant|78/100|[from] Spikes
|-enditem|p1a: Iron Valiant|Booster Energy
|-activate|p1a: Iron Valiant|ability: Quark Drive|[fromitem]
|-start|p1a: Iron Valiant|quarkdrivespe
|turn|17
|
|t:|1769427100
|switch|p2a: Moltres|Moltres|72/100
|-terastallize|p1a: Iron Valiant|Water
|move|p1a: Iron Valiant|Knock Off|p2a: Moltres
|-damage|p2a: Moltres|38/100
|-enditem|p2a: Moltres|Heavy-Duty Boots|[from] move: Knock Off|[of] p1a: Iron Valiant
|
|upkeep
|turn|18
|
|t:|1769427107
|move|p1a: Iron Valiant|Moonblast|p2a: Moltres
|-resisted|p2a: Moltres
|-damage|p2a: Moltres|25/100
|-unboost|p2a: Moltres|spa|1
|move|p2a: Moltres|Roost|p2a: Moltres
|-heal|p2a: Moltres|75/100
|-singleturn|p2a: Moltres|move: Roost
|
|upkeep
|turn|19
|
|t:|1769427115
|move|p1a: Iron Valiant|Encore|p2a: Moltres
|-start|p2a: Moltres|Encore
|move|p2a: Moltres|Roost|p2a: Moltres
|-heal|p2a: Moltres|100/100
|-singleturn|p2a: Moltres|move: Roost
|
|upkeep
|turn|20
|-message|Dragonite carry forfeited.
|
|win|SDLU
|raw|Dragonite carry's rating: 1379 &rarr; <strong>1358</strong><br />(-21 for losing)
|raw|SDLU's rating: 1363 &rarr; <strong>1384</strong><br />(+21 for winning)
|l|☆Dragonite carry
|player|p1|
|l|☆SDLU
|player|p2|
