|j|☆Virgulito
|j|☆kuzwa
|t:|1769441672
|gametype|singles
|player|p1|Virgulito|101|1440
|player|p2|kuzwa|clerk|1395
|gen|9
|tier|[Gen 9] OU
|rated|
|rule|HP Percentage Mod: HP is shown in percentages
|rule|Endless Battle Clause: Forcing endless battles is banned
|rule|Species Clause: Limit one of each Pokémon
|rule|OHKO Clause: OHKO moves are banned
|rule|Evasion Items Clause: Evasion items are banned
|rule|Evasion Moves Clause: Evasion moves are banned
|rule|Evasion Abilities Clause: Evasion abilities are banned
|rule|Sleep Moves Clause: Sleep-inducing moves are banned
|clearpoke
|poke|p1|Great Tusk|
|poke|p1|Dragapult, F|
|poke|p1|Kingambit, F|
|poke|p1|Corviknight, F|
|poke|p1|Rillaboom, F|
|poke|p1|Keldeo-Resolute|
|poke|p2|Dragapult, M|
|poke|p2|Slowking-Galar, M|
|poke|p2|Grafaiai, M|
|poke|p2|Alomomola, M|
|poke|p2|Weezing-Galar, M|
|poke|p2|Blissey, F|
|teampreview
|inactive|Battle timer is ON: inactive players will automatically lose when time's up. (requested by kuzwa)
|
|t:|1769441679
|teamsize|p1|6
|teamsize|p2|6
|start
|switch|p1a: Great Tusk|Great Tusk|100/100
|switch|p2a: Joga|Grafaiai, M|100/100
|turn|1
|
|t:|1769441685
|move|p2a: Joga|Toxic|p1a: Great Tusk
|-status|p1a: Great Tusk|tox
|move|p1a: Great Tusk|Headlong Rush|p2a: Joga
|-supereffective|p2a: Joga
|-damage|p2a: Joga|0 fnt
|-unboost|p1a: Great Tusk|def|1
|-unboost|p1a: Great Tusk|spd|1
|faint|p2a: Joga
|
|-damage|p1a: Great Tusk|94/100 tox|[from] psn
|upkeep
|
|t:|1769441690
|switch|p2a: Love and ABCs|Dragapult, M|100/100
|turn|2
|
|t:|1769441697
|-end|p1a: Great Tusk|Protosynthesis|[silent]
|switch|p1a: Corviknight|Corviknight, F|100/100
|-ability|p1a: Corviknight|Pressure
|move|p2a: Love and ABCs|Phantom Force||[still]
|-prepare|p2a: Love and ABCs|Phantom Force
|
|upkeep
|turn|3
|
|t:|1769441701
|move|p2a: Love and ABCs|Phantom Force|p1a: Corviknight|[from] lockedmove
|-damage|p1a: Corviknight|69/100
|move|p1a: Corviknight|Brave Bird|p2a: Love and ABCs
|-damage|p2a: Love and ABCs|54/100
|-damage|p1a: Corviknight|57/100|[from] Recoil
|
|-heal|p1a: Corviknight|63/100|[from] item: Leftovers
|upkeep
|turn|4
|
|t:|1769441705
|move|p2a: Love and ABCs|Will-O-Wisp|p1a: Corviknight
|-status|p1a: Corviknight|brn
|move|p1a: Corviknight|Roost|p1a: Corviknight
|-heal|p1a: Corviknight|100/100 brn
|-singleturn|p1a: Corviknight|move: Roost
|
|-damage|p1a: Corviknight|94/100 brn|[from] brn
|upkeep
|turn|5
|
|t:|1769441709
|switch|p2a: Unworthy of Name|Alomomola, M|100/100
|move|p1a: Corviknight|Brave Bird|p2a: Unworthy of Name
|-damage|p2a: Unworthy of Name|92/100
|-damage|p1a: Corviknight|78/100 brn|[from] item: Rocky Helmet|[of] p2a: Unworthy of Name
|-damage|p1a: Corviknight|74/100 brn|[from] Recoil
|
|-heal|p1a: Corviknight|80/100 brn|[from] item: Leftovers
|-damage|p1a: Corviknight|74/100 brn|[from] brn
|upkeep
|turn|6
|
|t:|1769441711
|move|p1a: Corviknight|U-turn|p2a: Unworthy of Name
|-damage|p2a: Unworthy of Name|88/100
|-damage|p1a: Corviknight|58/100 brn|[from] item: Rocky Helmet|[of] p2a: Unworthy of Name
|
|t:|1769441714
|switch|p1a: Rillaboom|Rillaboom, F|100/100|[from] U-turn
|-fieldstart|move: Grassy Terrain|[from] ability: Grassy Surge|[of] p1a: Rillaboom
|move|p2a: Unworthy of Name|Wish|p2a: Unworthy of Name
|
|-heal|p2a: Unworthy of Name|95/100|[from] Grassy Terrain
|upkeep
|turn|7
|
|t:|1769441718
|move|p2a: Unworthy of Name|Protect|p2a: Unworthy of Name
|-singleturn|p2a: Unworthy of Name|Protect
|move|p1a: Rillaboom|Wood Hammer|p2a: Unworthy of Name
|-activate|p2a: Unworthy of Name|move: Protect
|
|-heal|p2a: Unworthy of Name|100/100|[from] move: Wish|[wisher] Unworthy of Name
|upkeep
|turn|8
|
|t:|1769441724
|switch|p2a: Miracle Musical|Slowking-Galar, M|100/100
|move|p1a: Rillaboom|Wood Hammer|p2a: Miracle Musical
|-resisted|p2a: Miracle Musical
|-damage|p2a: Miracle Musical|36/100
|-damage|p1a: Rillaboom|76/100|[from] Recoil
|
|-heal|p1a: Rillaboom|82/100|[from] Grassy Terrain
|-heal|p2a: Miracle Musical|42/100|[from] Grassy Terrain
|upkeep
|turn|9
|
|t:|1769441732
|switch|p2a: Moltisanti|Weezing-Galar, M|100/100
|-ability|p2a: Moltisanti|Neutralizing Gas
|move|p1a: Rillaboom|Wood Hammer|p2a: Moltisanti
|-resisted|p2a: Moltisanti
|-damage|p2a: Moltisanti|57/100
|-damage|p1a: Rillaboom|68/100|[from] Recoil
|
|-heal|p1a: Rillaboom|74/100|[from] Grassy Terrain
|-heal|p2a: Moltisanti|63/100|[from] Grassy Terrain
|upkeep
|turn|10
|
|t:|1769441747
|switch|p1a: Corviknight|Corviknight, F|58/100 brn
|move|p2a: Moltisanti|Flamethrower|p1a: Corviknight
|-supereffective|p1a: Corviknight
|-damage|p1a: Corviknight|21/100 brn
|
|-heal|p1a: Corviknight|27/100 brn|[from] item: Leftovers
|-heal|p2a: Moltisanti|69/100|[from] Grassy Terrain
|-damage|p1a: Corviknight|21/100 brn|[from] brn
|-fieldend|move: Grassy Terrain
|upkeep
|turn|11
|
|t:|1769441753
|switch|p1a: Great Tusk|Great Tusk|94/100 tox
|move|p2a: Moltisanti|Flamethrower|p1a: Great Tusk
|-damage|p1a: Great Tusk|69/100 tox
|
|-damage|p1a: Great Tusk|63/100 tox|[from] psn
|upkeep
|turn|12
|
|t:|1769441760
|-end|p2a: Moltisanti|ability: Neutralizing Gas
|switch|p2a: Unworthy of Name|Alomomola, M|100/100
|move|p1a: Great Tusk|Stealth Rock|p2a: Unworthy of Name
|-sidestart|p2: kuzwa|move: Stealth Rock
|
|-damage|p1a: Great Tusk|51/100 tox|[from] psn
|upkeep
|turn|13
|
|t:|1769441764
|-end|p1a: Great Tusk|Protosynthesis|[silent]
|switch|p1a: Rillaboom|Rillaboom, F|74/100
|-fieldstart|move: Grassy Terrain|[from] ability: Grassy Surge|[of] p1a: Rillaboom
|move|p2a: Unworthy of Name|Wish|p2a: Unworthy of Name
|
|-heal|p1a: Rillaboom|80/100|[from] Grassy Terrain
|upkeep
|turn|14
|
|t:|1769441770
|-terastallize|p2a: Unworthy of Name|Dragon
|move|p1a: Rillaboom|Wood Hammer|p2a: Unworthy of Name
|-resisted|p2a: Unworthy of Name
|-damage|p2a: Unworthy of Name|67/100
|-damage|p1a: Rillaboom|64/100|[from] item: Rocky Helmet|[of] p2a: Unworthy of Name
|-damage|p1a: Rillaboom|46/100|[from] Recoil
|move|p2a: Unworthy of Name|Flip Turn|p1a: Rillaboom
|-resisted|p1a: Rillaboom
|-damage|p1a: Rillaboom|38/100
|
|t:|1769441774
|switch|p2a: Moltisanti|Weezing-Galar, M|69/100|[from] Flip Turn
|-ability|p2a: Moltisanti|Neutralizing Gas
|
|-heal|p2a: Moltisanti|100/100|[from] move: Wish|[wisher] Unworthy of Name
|-heal|p1a: Rillaboom|44/100|[from] Grassy Terrain
|upkeep
|turn|15
|
|t:|1769441779
|switch|p1a: Corviknight|Corviknight, F|21/100 brn
|move|p2a: Moltisanti|Flamethrower|p1a: Corviknight
|-supereffective|p1a: Corviknight
|-crit|p1a: Corviknight
|-damage|p1a: Corviknight|0 fnt
|faint|p1a: Corviknight
|
|upkeep
|
|t:|1769441785
|switch|p1a: Great Tusk|Great Tusk|51/100 tox
|turn|16
|
|t:|1769441790
|-end|p2a: Moltisanti|ability: Neutralizing Gas
|switch|p2a: Unworthy of Name|Alomomola, M, tera:Dragon|99/100
|-damage|p2a: Unworthy of Name|88/100|[from] Stealth Rock
|move|p1a: Great Tusk|Headlong Rush|p2a: Unworthy of Name
|-crit|p2a: Unworthy of Name
|-damage|p2a: Unworthy of Name|49/100
|-unboost|p1a: Great Tusk|def|1
|-unboost|p1a: Great Tusk|spd|1
|-damage|p1a: Great Tusk|34/100 tox|[from] item: Rocky Helmet|[of] p2a: Unworthy of Name
|
|-heal|p1a: Great Tusk|40/100 tox|[from] Grassy Terrain
|-heal|p2a: Unworthy of Name|55/100|[from] Grassy Terrain
|-damage|p1a: Great Tusk|34/100 tox|[from] psn
|upkeep
|turn|17
|
|t:|1769441797
|-end|p1a: Great Tusk|Protosynthesis|[silent]
|switch|p1a: Dragapult|Dragapult, F|100/100
|move|p2a: Unworthy of Name|Wish|p2a: Unworthy of Name
|
|-heal|p2a: Unworthy of Name|61/100|[from] Grassy Terrain
|-fieldend|move: Grassy Terrain
|upkeep
|turn|18
|
|t:|1769441801
|move|p2a: Unworthy of Name|Protect|p2a: Unworthy of Name
|-singleturn|p2a: Unworthy of Name|Protect
|move|p1a: Dragapult|Shadow Ball|p2a: Unworthy of Name
|-activate|p2a: Unworthy of Name|move: Protect
|
|-heal|p2a: Unworthy of Name|100/100|[from] move: Wish|[wisher] Unworthy of Name
|upkeep
|turn|19
|
|t:|1769441806
|move|p1a: Dragapult|Dragon Darts|p2a: Unworthy of Name
|-supereffective|p2a: Unworthy of Name
|-damage|p2a: Unworthy of Name|74/100
|-anim|p1a: Dragapult|Dragon Darts|p2a: Unworthy of Name
|-supereffective|p2a: Unworthy of Name
|-damage|p2a: Unworthy of Name|48/100
|-damage|p1a: Dragapult|91/100|[from] item: Life Orb
|move|p2a: Unworthy of Name|Mirror Coat||[still]
|-fail|p2a: Unworthy of Name
|
|upkeep
|turn|20
|
|t:|1769441811
|switch|p2a: White Ball|Blissey, F|100/100
|-damage|p2a: White Ball|88/100|[from] Stealth Rock
|move|p1a: Dragapult|Draco Meteor|p2a: White Ball
|-damage|p2a: White Ball|63/100
|-unboost|p1a: Dragapult|spa|2
|-damage|p1a: Dragapult|81/100|[from] item: Life Orb
|
|-heal|p2a: White Ball|69/100|[from] item: Leftovers
|upkeep
|turn|21
|
|t:|1769441818
|switch|p2a: Miracle Musical|Slowking-Galar, M|75/100
|move|p1a: Dragapult|Dragon Darts|p2a: Miracle Musical
|-damage|p2a: Miracle Musical|48/100
|-anim|p1a: Dragapult|Dragon Darts|p2a: Miracle Musical
|-crit|p2a: Miracle Musical
|-damage|p2a: Miracle Musical|5/100
|-damage|p1a: Dragapult|71/100|[from] item: Life Orb
|
|upkeep
|turn|22
|
|t:|1769441821
|switch|p2a: White Ball|Blissey, F|69/100
|-damage|p2a: White Ball|57/100|[from] Stealth Rock
|move|p1a: Dragapult|Shadow Ball|p2a: White Ball
|-immune|p2a: White Ball
|
|-heal|p2a: White Ball|63/100|[from] item: Leftovers
|upkeep
|turn|23
|
|t:|1769441825
|switch|p2a: Moltisanti|Weezing-Galar, M|100/100
|-ability|p2a: Moltisanti|Neutralizing Gas
|move|p1a: Dragapult|Dragon Darts|p2a: Moltisanti
|-immune|p2a: Moltisanti
|
|upkeep
|turn|24
|
|t:|1769441833
|switch|p1a: Great Tusk|Great Tusk|34/100 tox
|move|p2a: Moltisanti|Defog|p1a: Great Tusk
|-unboost|p1a: Great Tusk|evasion|1
|-sideend|p2: kuzwa|Stealth Rock|[from] move: Defog|[of] p2a: Moltisanti
|
|-damage|p1a: Great Tusk|28/100 tox|[from] psn
|upkeep
|turn|25
|
|t:|1769441839
|-end|p2a: Moltisanti|ability: Neutralizing Gas
|switch|p2a: Unworthy of Name|Alomomola, M, tera:Dragon|81/100
|move|p1a: Great Tusk|Ice Spinner|p2a: Unworthy of Name
|-supereffective|p2a: Unworthy of Name
|-damage|p2a: Unworthy of Name|54/100
|-damage|p1a: Great Tusk|11/100 tox|[from] item: Rocky Helmet|[of] p2a: Unworthy of Name
|
|-damage|p1a: Great Tusk|0 fnt|[from] psn
|faint|p1a: Great Tusk
|-end|p1a: Great Tusk|Protosynthesis|[silent]
|upkeep
|
|t:|1769441845
|switch|p1a: Kingambit|Kingambit, F|100/100
|-activate|p1a: Kingambit|ability: Supreme Overlord
|-start|p1a: Kingambit|fallen2|[silent]
|turn|26
|
|t:|1769441850
|move|p1a: Kingambit|Swords Dance|p1a: Kingambit
|-boost|p1a: Kingambit|atk|2
|move|p2a: Unworthy of Name|Wish|p2a: Unworthy of Name
|
|upkeep
|turn|27
|
|t:|1769441855
|move|p1a: Kingambit|Swords Dance|p1a: Kingambit
|-boost|p1a: Kingambit|atk|2
|move|p2a: Unworthy of Name|Flip Turn|p1a: Kingambit
|-damage|p1a: Kingambit|87/100
|
|t:|1769441860
|switch|p2a: Love and ABCs|Dragapult, M|54/100|[from] Flip Turn
|
|-heal|p2a: Love and ABCs|100/100|[from] move: Wish|[wisher] Unworthy of Name
|-heal|p1a: Kingambit|93/100|[from] item: Leftovers
|upkeep
|turn|28
|
|t:|1769441865
|move|p1a: Kingambit|Sucker Punch||[still]
|-fail|p1a: Kingambit
|move|p2a: Love and ABCs|Will-O-Wisp|p1a: Kingambit
|-status|p1a: Kingambit|brn
|
|-heal|p1a: Kingambit|99/100 brn|[from] item: Leftovers
|-damage|p1a: Kingambit|93/100 brn|[from] brn
|upkeep
|turn|29
|
|t:|1769441869
|switch|p2a: Moltisanti|Weezing-Galar, M|100/100
|-ability|p2a: Moltisanti|Neutralizing Gas
|move|p1a: Kingambit|Sucker Punch||[still]
|-fail|p1a: Kingambit
|
|-heal|p1a: Kingambit|99/100 brn|[from] item: Leftovers
|-damage|p1a: Kingambit|93/100 brn|[from] brn
|upkeep
|turn|30
|
|t:|1769441871
|move|p1a: Kingambit|Iron Head|p2a: Moltisanti
|-supereffective|p2a: Moltisanti
|-damage|p2a: Moltisanti|12/100
|cant|p2a: Moltisanti|flinch
|
|-heal|p1a: Kingambit|99/100 brn|[from] item: Leftovers
|-damage|p1a: Kingambit|93/100 brn|[from] brn
|upkeep
|turn|31
|
|t:|1769441876
|move|p1a: Kingambit|Kowtow Cleave|p2a: Moltisanti
|-resisted|p2a: Moltisanti
|-damage|p2a: Moltisanti|0 fnt
|faint|p2a: Moltisanti
|-end|p2a: Moltisanti|ability: Neutralizing Gas
|-activate|p1a: Kingambit|ability: Supreme Overlord
|-start|p1a: Kingambit|fallen2|[silent]
|
|-heal|p1a: Kingambit|99/100 brn|[from] item: Leftovers
|-damage|p1a: Kingambit|93/100 brn|[from] brn
|upkeep
|
|t:|1769441881
|switch|p2a: Miracle Musical|Slowking-Galar, M|39/100
|turn|32
|
|t:|1769441886
|move|p1a: Kingambit|Kowtow Cleave|p2a: Miracle Musical
|-supereffective|p2a: Miracle Musical
|-damage|p2a: Miracle Musical|0 fnt
|faint|p2a: Miracle Musical
|
|-heal|p1a: Kingambit|99/100 brn|[from] item: Leftovers
|-damage|p1a: Kingambit|93/100 brn|[from] brn
|upkeep
|
|t:|1769441889
|switch|p2a: Unworthy of Name|Alomomola, M, tera:Dragon|88/100
|turn|33
|
|t:|1769441892
|move|p1a: Kingambit|Iron Head|p2a: Unworthy of Name
|-crit|p2a: Unworthy of Name
|-damage|p2a: Unworthy of Name|26/100
|-damage|p1a: Kingambit|77/100 brn|[from] item: Rocky Helmet|[of] p2a: Unworthy of Name
|move|p2a: Unworthy of Name|Wish|p2a: Unworthy of Name
|
|-heal|p1a: Kingambit|83/100 brn|[from] item: Leftovers
|-damage|p1a: Kingambit|77/100 brn|[from] brn
|upkeep
|turn|34
|
|t:|1769441898
|move|p2a: Unworthy of Name|Protect|p2a: Unworthy of Name
|-singleturn|p2a: Unworthy of Name|Protect
|move|p1a: Kingambit|Swords Dance|p1a: Kingambit
|-boost|p1a: Kingambit|atk|2
|
|-heal|p2a: Unworthy of Name|76/100|[from] move: Wish|[wisher] Unworthy of Name
|-heal|p1a: Kingambit|83/100 brn|[from] item: Leftovers
|-damage|p1a: Kingambit|77/100 brn|[from] brn
|upkeep
|turn|35
|
|t:|1769441901
|move|p1a: Kingambit|Kowtow Cleave|p2a: Unworthy of Name
|-damage|p2a: Unworthy of Name|17/100
|-damage|p1a: Kingambit|60/100 brn|[from] item: Rocky Helmet|[of] p2a: Unworthy of Name
|move|p2a: Unworthy of Name|Wish|p2a: Unworthy of Name
|
|-heal|p1a: Kingambit|66/100 brn|[from] item: Leftovers
|-damage|p1a: Kingambit|60/100 brn|[from] brn
|upkeep
|turn|36
|
|t:|1769441905
|move|p2a: Unworthy of Name|Protect|p2a: Unworthy of Name
|-singleturn|p2a: Unworthy of Name|Protect
|move|p1a: Kingambit|Iron Head|p2a: Unworthy of Name
|-activate|p2a: Unworthy of Name|move: Protect
|
|-heal|p2a: Unworthy of Name|67/100|[from] move: Wish|[wisher] Unworthy of Name
|-heal|p1a: Kingambit|66/100 brn|[from] item: Leftovers
|-damage|p1a: Kingambit|60/100 brn|[from] brn
|upkeep
|turn|37
|
|t:|1769441907
|move|p1a: Kingambit|Iron Head|p2a: Unworthy of Name
|-damage|p2a: Unworthy of Name|7/100
|-damage|p1a: Kingambit|44/100 brn|[from] item: Rocky Helmet|[of] p2a: Unworthy of Name
|cant|p2a: Unworthy of Name|flinch
|
|-heal|p1a: Kingambit|50/100 brn|[from] item: Leftovers
|-damage|p1a: Kingambit|44/100 brn|[from] brn
|upkeep
|turn|38
|
|t:|1769441912
|move|p2a: Unworthy of Name|Protect|p2a: Unworthy of Name
|-singleturn|p2a: Unworthy of Name|Protect
|move|p1a: Kingambit|Kowtow Cleave|p2a: Unworthy of Name
|-activate|p2a: Unworthy of Name|move: Protect
|
|-heal|p1a: Kingambit|50/100 brn|[from] item: Leftovers
|-damage|p1a: Kingambit|44/100 brn|[from] brn
|upkeep
|turn|39
|
|t:|1769441916
|move|p1a: Kingambit|Kowtow Cleave|p2a: Unworthy of Name
|-damage|p2a: Unworthy of Name|0 fnt
|-damage|p1a: Kingambit|27/100 brn|[from] item: Rocky Helmet|[of] p2a: Unworthy of Name
|faint|p2a: Unworthy of Name
|
|-heal|p1a: Kingambit|34/100 brn|[from] item: Leftovers
|-damage|p1a: Kingambit|27/100 brn|[from] brn
|upkeep
|
|t:|1769441918
|switch|p2a: Love and ABCs|Dragapult, M|100/100
|turn|40
|
|t:|1769441921
|move|p1a: Kingambit|Sucker Punch|p2a: Love and ABCs
|-supereffective|p2a: Love and ABCs
|-damage|p2a: Love and ABCs|0 fnt
|faint|p2a: Love and ABCs
|
|-heal|p1a: Kingambit|34/100 brn|[from] item: Leftovers
|-damage|p1a: Kingambit|27/100 brn|[from] brn
|upkeep
|-message|kuzwa forfeited.
|
|win|Virgulito
|raw|Virgulito's rating: 1440 &rarr; <strong>1457</strong><br />(+17 for winning)
|raw|kuzwa's rating: 1395 &rarr; <strong>1378</strong><br />(-17 for losing)
|l|☆kuzwa
|player|p2|
|l|☆Virgulito
|player|p1|
