|j|☆cospway
|j|☆gullivers travels
|t:|1769319086
|gametype|singles
|player|p1|cospway|iris-gen5bw2|1264
|player|p2|gullivers travels|266|1219
|gen|9
|tier|[Gen 9] OU
|rated|
|rule|HP Percentage Mod: HP is shown in percentages
|rule|Endless Battle Clause: Forcing endless battles is banned
|rule|Species Clause: Limit one of each Pokémon
|rule|OHKO Clause: OHKO moves are banned
|rule|Evasion Items Clause: Evasion items are banned
|rule|Evasion Moves Clause: Evasion moves are banned
|rule|Evasion Abilities Clause: Evasion abilities are banned
|rule|Sleep Moves Clause: Sleep-inducing moves are banned
|clearpoke
|poke|p1|Cresselia, F|
|poke|p1|Slowking-Galar, M|
|poke|p1|Gholdengo|
|poke|p1|Kingambit, M|
|poke|p1|Hoopa-Unbound|
|poke|p1|Conkeldurr, F|
|poke|p2|Dragonite, F|
|poke|p2|Alomomola, M|
|poke|p2|Weezing-Galar, F|
|poke|p2|Kingambit, M|
|poke|p2|Volcanion|
|poke|p2|Rabsca, M|
|teampreview
|
|t:|1769319099
|teamsize|p1|6
|teamsize|p2|6
|start
|switch|p1a: Slowking|Slowking-Galar, M|100/100
|switch|p2a: Volcanion|Volcanion|100/100
|turn|1
|inactive|Battle timer is ON: inactive players will automatically lose when time's up. (requested by cospway)
|
|t:|1769319109
|move|p2a: Volcanion|Steam Eruption|p1a: Slowking
|-crit|p1a: Slowking
|-damage|p1a: Slowking|41/100
|move|p1a: Slowking|Trick Room|p1a: Slowking
|-fieldstart|move: Trick Room|[of] p1a: Slowking
|
|upkeep
|turn|2
|
|t:|1769319116
|-prepare|p1a: Slowking|Chilly Reception|[premajor]
|move|p1a: Slowking|Chilly Reception|p1a: Slowking
|-weather|Snowscape
|
|t:|1769319127
|switch|p1a: Conkeldurr|Conkeldurr, F|100/100|[from] Chilly Reception
|move|p2a: Volcanion|Steam Eruption|p1a: Conkeldurr
|-damage|p1a: Conkeldurr|24/100
|
|-weather|Snowscape|[upkeep]
|-status|p1a: Conkeldurr|brn|[from] item: Flame Orb
|upkeep
|turn|3
|
|t:|1769319137
|move|p1a: Conkeldurr|Earthquake|p2a: Volcanion
|-supereffective|p2a: Volcanion
|-damage|p2a: Volcanion|0 fnt
|faint|p2a: Volcanion
|
|-weather|Snowscape|[upkeep]
|-damage|p1a: Conkeldurr|18/100 brn|[from] brn
|upkeep
|
|t:|1769319145
|switch|p2a: Alomomola|Alomomola, M|100/100
|turn|4
|
|t:|1769319149
|move|p1a: Conkeldurr|Close Combat|p2a: Alomomola
|-damage|p2a: Alomomola|47/100
|-unboost|p1a: Conkeldurr|def|1
|-unboost|p1a: Conkeldurr|spd|1
|move|p2a: Alomomola|Flip Turn|p1a: Conkeldurr
|-damage|p1a: Conkeldurr|0 fnt
|faint|p1a: Conkeldurr
|
|t:|1769319175
|switch|p2a: Kingambit|Kingambit, M|100/100|[from] Flip Turn
|-activate|p2a: Kingambit|ability: Supreme Overlord
|-start|p2a: Kingambit|fallen1|[silent]
|
|-weather|Snowscape|[upkeep]
|upkeep
|
|t:|1769319190
|switch|p1a: Kingambit|Kingambit, M|100/100
|-activate|p1a: Kingambit|ability: Supreme Overlord
|-start|p1a: Kingambit|fallen1|[silent]
|turn|5
|
|t:|1769319200
|move|p1a: Kingambit|Swords Dance|p1a: Kingambit
|-boost|p1a: Kingambit|atk|2
|move|p2a: Kingambit|Kowtow Cleave|p1a: Kingambit
|-resisted|p1a: Kingambit
|-damage|p1a: Kingambit|81/100
|
|-weather|Snowscape|[upkeep]
|-heal|p1a: Kingambit|87/100|[from] item: Leftovers
|-fieldend|move: Trick Room
|upkeep
|turn|6
|
|t:|1769319220
|-terastallize|p1a: Kingambit|Fairy
|move|p2a: Kingambit|Iron Head|p1a: Kingambit
|-supereffective|p1a: Kingambit
|-damage|p1a: Kingambit|18/100
|move|p1a: Kingambit|Tera Blast|p2a: Kingambit|[anim] Tera Blast Fairy
|-damage|p2a: Kingambit|25/100
|
|-weather|none
|-heal|p1a: Kingambit|24/100|[from] item: Leftovers
|upkeep
|turn|7
|
|t:|1769319229
|move|p1a: Kingambit|Sucker Punch|p2a: Kingambit
|-resisted|p2a: Kingambit
|-damage|p2a: Kingambit|0 fnt
|faint|p2a: Kingambit
|-end|p2a: Kingambit|fallen1|[silent]
|
|-heal|p1a: Kingambit|30/100|[from] item: Leftovers
|upkeep
|
|t:|1769319233
|switch|p2a: Dragonite|Dragonite, F|100/100
|turn|8
|
|t:|1769319247
|-terastallize|p2a: Dragonite|Normal
|move|p2a: Dragonite|Extreme Speed|p1a: Kingambit
|-damage|p1a: Kingambit|0 fnt
|faint|p1a: Kingambit
|-end|p1a: Kingambit|fallen1|[silent]
|
|upkeep
|
|t:|1769319256
|switch|p1a: Cresselia|Cresselia, F|100/100
|turn|9
|
|t:|1769319267
|switch|p2a: Weezing|Weezing-Galar, F|100/100
|-ability|p2a: Weezing|Neutralizing Gas
|move|p1a: Cresselia|Trick Room|p1a: Cresselia
|-fieldstart|move: Trick Room|[of] p1a: Cresselia
|
|upkeep
|turn|10
|
|t:|1769319275
|switch|p1a: Gholdengo|Gholdengo|100/100
|-item|p1a: Gholdengo|Air Balloon
|move|p2a: Weezing|Toxic|p1a: Gholdengo
|-immune|p1a: Gholdengo
|
|upkeep
|turn|11
|
|t:|1769319285
|move|p1a: Gholdengo|Nasty Plot|p1a: Gholdengo
|-boost|p1a: Gholdengo|spa|2
|move|p2a: Weezing|Strange Steam|p1a: Gholdengo
|-resisted|p1a: Gholdengo
|-damage|p1a: Gholdengo|88/100
|-enditem|p1a: Gholdengo|Air Balloon
|
|upkeep
|turn|12
|
|t:|1769319310
|-end|p2a: Weezing|ability: Neutralizing Gas
|switch|p2a: Alomomola|Alomomola, M|80/100
|move|p1a: Gholdengo|Make It Rain|p2a: Alomomola
|-resisted|p2a: Alomomola
|-damage|p2a: Alomomola|0 fnt
|-unboost|p1a: Gholdengo|spa|1
|faint|p2a: Alomomola
|
|upkeep
|inactive|gullivers travels has 120 seconds left.
|
|t:|1769319336
|switch|p2a: Rabsca|Rabsca, M|100/100
|turn|13
|
|t:|1769319340
|move|p2a: Rabsca|Calm Mind|p2a: Rabsca
|-boost|p2a: Rabsca|spa|1
|-boost|p2a: Rabsca|spd|1
|move|p1a: Gholdengo|Shadow Ball|p2a: Rabsca
|-supereffective|p2a: Rabsca
|-damage|p2a: Rabsca|5/100
|
|-heal|p2a: Rabsca|11/100|[from] item: Leftovers
|-fieldend|move: Trick Room
|upkeep
|turn|14
|inactive|gullivers travels has 120 seconds left.
|
|t:|1769319357
|move|p1a: Gholdengo|Shadow Ball|p2a: Rabsca
|-supereffective|p2a: Rabsca
|-damage|p2a: Rabsca|0 fnt
|faint|p2a: Rabsca
|
|upkeep
|
|t:|1769319360
|switch|p2a: Dragonite|Dragonite, F, tera:Normal|100/100
|turn|15
|
|t:|1769319369
|move|p2a: Dragonite|Dragon Dance|p2a: Dragonite
|-boost|p2a: Dragonite|atk|1
|-boost|p2a: Dragonite|spe|1
|move|p1a: Gholdengo|Make It Rain|p2a: Dragonite
|-damage|p2a: Dragonite|44/100
|-unboost|p1a: Gholdengo|spa|1
|
|upkeep
|turn|16
|
|t:|1769319378
|switch|p1a: Cresselia|Cresselia, F|100/100
|move|p2a: Dragonite|Outrage|p1a: Cresselia
|-damage|p1a: Cresselia|49/100
|
|upkeep
|turn|17
|
|t:|1769319391
|switch|p1a: Gholdengo|Gholdengo|88/100
|move|p2a: Dragonite|Outrage|p1a: Gholdengo|[from] lockedmove
|-resisted|p1a: Gholdengo
|-damage|p1a: Gholdengo|42/100
|-start|p2a: Dragonite|confusion|[fatigue]
|-enditem|p2a: Dragonite|Lum Berry|[eat]
|-end|p2a: Dragonite|confusion
|
|upkeep
|turn|18
|
|t:|1769319401
|move|p2a: Dragonite|Outrage|p1a: Gholdengo
|-resisted|p1a: Gholdengo
|-damage|p1a: Gholdengo|0 fnt
|faint|p1a: Gholdengo
|
|upkeep
|
|t:|1769319414
|switch|p1a: Cresselia|Cresselia, F|49/100
|turn|19
|
|t:|1769319417
|move|p2a: Dragonite|Outrage|p1a: Cresselia|[from] lockedmove
|-damage|p1a: Cresselia|0 fnt
|faint|p1a: Cresselia
|
|upkeep
|
|t:|1769319423
|switch|p1a: Slowking|Slowking-Galar, M|74/100
|turn|20
|
|t:|1769319427
|move|p2a: Dragonite|Outrage|p1a: Slowking|[from] lockedmove
|-damage|p1a: Slowking|0 fnt
|faint|p1a: Slowking
|-start|p2a: Dragonite|confusion|[fatigue]
|
|upkeep
|
|t:|1769319431
|switch|p1a: Hoopa|Hoopa-Unbound|100/100
|turn|21
|
|t:|1769319434
|-activate|p2a: Dragonite|confusion
|move|p2a: Dragonite|Extreme Speed|p1a: Hoopa
|-damage|p1a: Hoopa|0 fnt
|faint|p1a: Hoopa
|
|win|gullivers travels
|raw|cospway's rating: 1264 &rarr; <strong>1236</strong><br />(-28 for losing)
|raw|gullivers travels's rating: 1219 &rarr; <strong>1247</strong><br />(+28 for winning)
|c|☆gullivers travels|gg
|l|☆cospway
|player|p1|
|l|☆gullivers travels
|player|p2|
