|j|☆holo-lyte
|j|☆SwellSnivy
|t:|1769396617
|gametype|singles
|player|p1|holo-lyte|clerk|1368
|player|p2|SwellSnivy|2|1458
|gen|9
|tier|[Gen 9] OU
|rated|
|rule|HP Percentage Mod: HP is shown in percentages
|rule|Endless Battle Clause: Forcing endless battles is banned
|rule|Species Clause: Limit one of each Pokémon
|rule|OHKO Clause: OHKO moves are banned
|rule|Evasion Items Clause: Evasion items are banned
|rule|Evasion Moves Clause: Evasion moves are banned
|rule|Evasion Abilities Clause: Evasion abilities are banned
|rule|Sleep Moves Clause: Sleep-inducing moves are banned
|clearpoke
|poke|p1|Iron Jugulis|
|poke|p1|Iron Boulder|
|poke|p1|Zapdos-Galar|
|poke|p1|Articuno-Galar|
|poke|p1|Ceruledge, M|
|poke|p1|Glastrier|
|poke|p2|Araquanid, F|
|poke|p2|Raging Bolt|
|poke|p2|Iron Moth|
|poke|p2|Great Tusk|
|poke|p2|Gholdengo|
|poke|p2|Kingambit, M|
|teampreview
|
|t:|1769396651
|teamsize|p1|6
|teamsize|p2|6
|start
|switch|p1a: on my alt|Iron Boulder|100/100
|switch|p2a: Araquanid|Araquanid, F|100/100
|-enditem|p1a: on my alt|Booster Energy
|-activate|p1a: on my alt|ability: Quark Drive|[fromitem]
|-start|p1a: on my alt|quarkdrivespe
|turn|1
|inactive|Battle timer is ON: inactive players will automatically lose when time's up. (requested by holo-lyte)
|
|t:|1769396663
|move|p1a: on my alt|Mighty Cleave|p2a: Araquanid
|-supereffective|p2a: Araquanid
|-damage|p2a: Araquanid|15/100
|move|p2a: Araquanid|Sticky Web|p1a: on my alt
|-sidestart|p1: holo-lyte|move: Sticky Web
|
|upkeep
|turn|2
|-enditem|p2a: Araquanid|Custap Berry|[eat]
|-activate|p2a: Araquanid|item: Custap Berry|[consumed]
|
|t:|1769396680
|move|p2a: Araquanid|Liquidation|p1a: on my alt
|-supereffective|p1a: on my alt
|-damage|p1a: on my alt|4/100
|move|p1a: on my alt|Mighty Cleave|p2a: Araquanid
|-supereffective|p2a: Araquanid
|-damage|p2a: Araquanid|0 fnt
|faint|p2a: Araquanid
|
|upkeep
|
|t:|1769396695
|switch|p2a: Raging Bolt|Raging Bolt|100/100
|-enditem|p2a: Raging Bolt|Booster Energy
|-activate|p2a: Raging Bolt|ability: Protosynthesis|[fromitem]
|-start|p2a: Raging Bolt|protosynthesisspa
|turn|3
|
|t:|1769396704
|move|p2a: Raging Bolt|Thunderclap||[still]
|-fail|p2a: Raging Bolt
|move|p1a: on my alt|Swords Dance|p1a: on my alt
|-boost|p1a: on my alt|atk|2
|
|upkeep
|turn|4
|
|t:|1769396710
|move|p2a: Raging Bolt|Thunderclap||[still]
|-fail|p2a: Raging Bolt
|move|p1a: on my alt|Swords Dance|p1a: on my alt
|-boost|p1a: on my alt|atk|2
|
|upkeep
|turn|5
|
|t:|1769396718
|move|p2a: Raging Bolt|Thunderclap||[still]
|-fail|p2a: Raging Bolt
|move|p1a: on my alt|Swords Dance|p1a: on my alt
|-boost|p1a: on my alt|atk|2
|
|upkeep
|turn|6
|
|t:|1769396722
|move|p2a: Raging Bolt|Thunderclap|p1a: on my alt
|-damage|p1a: on my alt|0 fnt
|faint|p1a: on my alt
|-end|p1a: on my alt|Quark Drive|[silent]
|
|upkeep
|
|t:|1769396732
|switch|p1a: Scalivur|Ceruledge, M|100/100
|-activate|p1a: Scalivur|move: Sticky Web
|-unboost|p1a: Scalivur|spe|1
|turn|7
|c|☆holo-lyte|not sure why i switched to this guy
|
|t:|1769396751
|move|p2a: Raging Bolt|Thunderbolt|p1a: Scalivur
|-damage|p1a: Scalivur|19/100
|move|p1a: Scalivur|Destiny Bond|p1a: Scalivur
|-singlemove|p1a: Scalivur|Destiny Bond
|
|upkeep
|turn|8
|
|t:|1769396758
|move|p2a: Raging Bolt|Calm Mind|p2a: Raging Bolt
|-boost|p2a: Raging Bolt|spa|1
|-boost|p2a: Raging Bolt|spd|1
|move|p1a: Scalivur|Shadow Claw|p2a: Raging Bolt
|-damage|p2a: Raging Bolt|68/100
|
|upkeep
|turn|9
|
|t:|1769396769
|move|p2a: Raging Bolt|Thunderclap||[still]
|-fail|p2a: Raging Bolt
|move|p1a: Scalivur|Destiny Bond|p1a: Scalivur
|-singlemove|p1a: Scalivur|Destiny Bond
|
|upkeep
|turn|10
|
|t:|1769396773
|move|p2a: Raging Bolt|Calm Mind|p2a: Raging Bolt
|-boost|p2a: Raging Bolt|spa|1
|-boost|p2a: Raging Bolt|spd|1
|move|p1a: Scalivur|Shadow Claw|p2a: Raging Bolt
|-damage|p2a: Raging Bolt|35/100
|
|upkeep
|turn|11
|
|t:|1769396776
|move|p2a: Raging Bolt|Thunderbolt|p1a: Scalivur
|-damage|p1a: Scalivur|0 fnt
|faint|p1a: Scalivur
|
|upkeep
|
|t:|1769396778
|switch|p1a: ground hornbill|Zapdos-Galar|100/100
|turn|12
|
|t:|1769396798
|-terastallize|p1a: ground hornbill|Ground
|move|p2a: Raging Bolt|Thunderclap|p1a: ground hornbill
|-immune|p1a: ground hornbill
|move|p1a: ground hornbill|Thunderous Kick|p2a: Raging Bolt
|-damage|p2a: Raging Bolt|0 fnt
|faint|p2a: Raging Bolt
|-end|p2a: Raging Bolt|Protosynthesis|[silent]
|
|upkeep
|inactive|SwellSnivy has 120 seconds left.
|
|t:|1769396835
|switch|p2a: Great Tusk|Great Tusk|100/100
|-enditem|p2a: Great Tusk|Booster Energy
|-activate|p2a: Great Tusk|ability: Protosynthesis|[fromitem]
|-start|p2a: Great Tusk|protosynthesisatk
|turn|13
|
|t:|1769396842
|-terastallize|p2a: Great Tusk|Ice
|move|p1a: ground hornbill|Thunderous Kick|p2a: Great Tusk
|-supereffective|p2a: Great Tusk
|-damage|p2a: Great Tusk|33/100
|-unboost|p2a: Great Tusk|def|1
|move|p2a: Great Tusk|Ice Spinner|p1a: ground hornbill
|-supereffective|p1a: ground hornbill
|-damage|p1a: ground hornbill|0 fnt
|faint|p1a: ground hornbill
|
|upkeep
|
|t:|1769396850
|switch|p1a: yurem away|Glastrier|100/100
|turn|14
|inactive|SwellSnivy has 120 seconds left.
|
|t:|1769396865
|move|p2a: Great Tusk|Head Smash|p1a: yurem away
|-supereffective|p1a: yurem away
|-damage|p1a: yurem away|13/100
|-damage|p2a: Great Tusk|0 fnt|[from] Recoil
|faint|p2a: Great Tusk
|-end|p2a: Great Tusk|Protosynthesis|[silent]
|move|p1a: yurem away|Close Combat|p2: Great Tusk|[notarget]
|-fail|p1a: yurem away
|
|upkeep
|
|t:|1769396872
|switch|p2a: Iron Moth|Iron Moth|100/100
|-enditem|p2a: Iron Moth|Booster Energy
|-activate|p2a: Iron Moth|ability: Quark Drive|[fromitem]
|-start|p2a: Iron Moth|quarkdrivespa
|turn|15
|
|t:|1769396879
|move|p2a: Iron Moth|Fiery Dance|p1a: yurem away
|-supereffective|p1a: yurem away
|-damage|p1a: yurem away|0 fnt
|-boost|p2a: Iron Moth|spa|1
|faint|p1a: yurem away
|
|upkeep
|
|t:|1769396881
|switch|p1a: tin oesophagus|Iron Jugulis|100/100
|turn|16
|
|t:|1769396893
|move|p2a: Iron Moth|Dazzling Gleam|p1a: tin oesophagus
|-supereffective|p1a: tin oesophagus
|-damage|p1a: tin oesophagus|0 fnt
|faint|p1a: tin oesophagus
|-end|p1a: tin oesophagus|Quark Drive|[silent]
|
|upkeep
|
|t:|1769396896
|switch|p1a: ribbon|Articuno-Galar|100/100
|turn|17
|
|t:|1769396900
|move|p2a: Iron Moth|Sludge Wave|p1a: ribbon
|-damage|p1a: ribbon|16/100
|move|p1a: ribbon|Agility|p1a: ribbon
|-boost|p1a: ribbon|spe|2
|
|upkeep
|turn|18
|
|t:|1769396911
|move|p1a: ribbon|Freezing Glare|p2a: Iron Moth
|-supereffective|p2a: Iron Moth
|-damage|p2a: Iron Moth|0 fnt
|faint|p2a: Iron Moth
|-end|p2a: Iron Moth|Quark Drive|[silent]
|-damage|p1a: ribbon|7/100|[from] item: Life Orb
|
|upkeep
|
|t:|1769396922
|switch|p2a: Gholdengo|Gholdengo|100/100
|-item|p2a: Gholdengo|Air Balloon
|turn|19
|
|t:|1769396926
|move|p1a: ribbon|Air Slash|p2a: Gholdengo
|-resisted|p2a: Gholdengo
|-damage|p2a: Gholdengo|66/100
|-enditem|p2a: Gholdengo|Air Balloon
|-damage|p1a: ribbon|0 fnt|[from] item: Life Orb
|faint|p1a: ribbon
|
|win|SwellSnivy
|raw|holo-lyte's rating: 1368 &rarr; <strong>1353</strong><br />(-15 for losing)
|raw|SwellSnivy's rating: 1458 &rarr; <strong>1473</strong><br />(+15 for winning)
|c|☆SwellSnivy|gg
|l|☆holo-lyte
|player|p1|
|l|☆SwellSnivy
|player|p2|
