|j|☆Markizbi
|j|☆Loccdawg
|t:|1769427554
|gametype|singles
|player|p1|Markizbi|hilbert|1138
|player|p2|Loccdawg|101|1159
|gen|9
|tier|[Gen 9] OU
|rated|
|rule|HP Percentage Mod: HP is shown in percentages
|rule|Endless Battle Clause: Forcing endless battles is banned
|rule|Species Clause: Limit one of each Pokémon
|rule|OHKO Clause: OHKO moves are banned
|rule|Evasion Items Clause: Evasion items are banned
|rule|Evasion Moves Clause: Evasion moves are banned
|rule|Evasion Abilities Clause: Evasion abilities are banned
|rule|Sleep Moves Clause: Sleep-inducing moves are banned
|clearpoke
|poke|p1|Hatterene, F|
|poke|p1|Torkoal, F|
|poke|p1|Zoroark-Hisui, F|
|poke|p1|Magnezone|
|poke|p1|Iron Valiant|
|poke|p1|Donphan, M|
|poke|p2|Rillaboom, M|
|poke|p2|Dachsbun, F|
|poke|p2|Mabosstiff, M|
|poke|p2|Houndstone, F|
|poke|p2|Okidogi, M|
|poke|p2|Slowking-Galar, F|
|teampreview
|
|t:|1769427577
|teamsize|p1|6
|teamsize|p2|6
|start
|switch|p1a: Hatterene|Hatterene, F|100/100
|switch|p2a: Slowking|Slowking-Galar, F|100/100
|turn|1
|
|t:|1769427592
|move|p1a: Hatterene|Shadow Ball|p2a: Slowking
|-supereffective|p2a: Slowking
|-crit|p2a: Slowking
|-damage|p2a: Slowking|0 fnt
|faint|p2a: Slowking
|
|upkeep
|inactive|Battle timer is ON: inactive players will automatically lose when time's up. (requested by Loccdawg)
|
|t:|1769427610
|switch|p2a: Rillaboom|Rillaboom, M|100/100
|-fieldstart|move: Grassy Terrain|[from] ability: Grassy Surge|[of] p2a: Rillaboom
|turn|2
|
|t:|1769427616
|move|p1a: Hatterene|Comeuppance||[still]
|-fail|p1a: Hatterene
|move|p2a: Rillaboom|Wood Hammer|p1a: Hatterene
|-enditem|p1a: Hatterene|Focus Sash
|-damage|p1a: Hatterene|1/100
|replace|p1a: Zoroark|Zoroark-Hisui, F
|-end|p1a: Zoroark|Illusion
|-damage|p2a: Rillaboom|80/100|[from] Recoil
|
|-heal|p1a: Zoroark|7/100|[from] Grassy Terrain
|-heal|p2a: Rillaboom|86/100|[from] Grassy Terrain
|upkeep
|turn|3
|
|t:|1769427624
|move|p2a: Rillaboom|Grassy Glide|p1a: Zoroark
|-damage|p1a: Zoroark|0 fnt
|faint|p1a: Zoroark
|
|-heal|p2a: Rillaboom|92/100|[from] Grassy Terrain
|upkeep
|
|t:|1769427643
|switch|p1a: Hatterene|Hatterene, F|100/100
|turn|4
|
|t:|1769427647
|move|p2a: Rillaboom|Wood Hammer|p1a: Hatterene
|-damage|p1a: Hatterene|34/100
|-damage|p2a: Rillaboom|75/100|[from] Recoil
|move|p1a: Hatterene|Trick Room|p1a: Hatterene
|-fieldstart|move: Trick Room|[of] p1a: Hatterene
|
|-heal|p1a: Hatterene|40/100|[from] Grassy Terrain
|-heal|p2a: Rillaboom|81/100|[from] Grassy Terrain
|upkeep
|turn|5
|
|t:|1769427654
|move|p1a: Hatterene|Healing Wish|p1a: Hatterene
|faint|p1a: Hatterene
|move|p2a: Rillaboom|Swords Dance|p2a: Rillaboom
|-boost|p2a: Rillaboom|atk|2
|
|-heal|p2a: Rillaboom|87/100|[from] Grassy Terrain
|upkeep
|
|t:|1769427661
|switch|p1a: Torkoal|Torkoal, F|100/100
|-weather|SunnyDay|[from] ability: Drought|[of] p1a: Torkoal
|turn|6
|
|t:|1769427665
|switch|p2a: Dachsbun|Dachsbun, F|100/100
|-enditem|p2a: Dachsbun|Grassy Seed
|-boost|p2a: Dachsbun|def|1|[from] item: Grassy Seed
|move|p1a: Torkoal|Flamethrower|p2a: Dachsbun
|-ability|p2a: Dachsbun|Well-Baked Body|boost
|-boost|p2a: Dachsbun|def|2
|
|-weather|SunnyDay|[upkeep]
|upkeep
|turn|7
|
|t:|1769427675
|move|p1a: Torkoal|Solar Beam||[still]
|-prepare|p1a: Torkoal|Solar Beam
|-anim|p1a: Torkoal|Solar Beam|p2a: Dachsbun
|-damage|p2a: Dachsbun|30/100
|move|p2a: Dachsbun|Trailblaze|p1a: Torkoal
|-resisted|p1a: Torkoal
|-damage|p1a: Torkoal|96/100
|-boost|p2a: Dachsbun|spe|1
|
|-weather|SunnyDay|[upkeep]
|-heal|p1a: Torkoal|100/100|[from] Grassy Terrain
|-heal|p2a: Dachsbun|36/100|[from] Grassy Terrain
|upkeep
|turn|8
|
|t:|1769427689
|switch|p2a: Rillaboom|Rillaboom, M|87/100
|move|p1a: Torkoal|Solar Beam||[still]
|-prepare|p1a: Torkoal|Solar Beam
|-anim|p1a: Torkoal|Solar Beam|p2a: Rillaboom
|-resisted|p2a: Rillaboom
|-damage|p2a: Rillaboom|69/100
|
|-weather|SunnyDay|[upkeep]
|-heal|p2a: Rillaboom|75/100|[from] Grassy Terrain
|-fieldend|move: Trick Room
|upkeep
|turn|9
|
|t:|1769427694
|move|p2a: Rillaboom|U-turn|p1a: Torkoal
|-resisted|p1a: Torkoal
|-damage|p1a: Torkoal|94/100
|
|t:|1769427697
|switch|p2a: Dachsbun|Dachsbun, F|36/100|[from] U-turn
|move|p1a: Torkoal|Flamethrower|p2a: Dachsbun
|-ability|p2a: Dachsbun|Well-Baked Body|boost
|-boost|p2a: Dachsbun|def|2
|
|-weather|SunnyDay|[upkeep]
|-heal|p2a: Dachsbun|42/100|[from] Grassy Terrain
|-heal|p1a: Torkoal|99/100|[from] Grassy Terrain
|-fieldend|move: Grassy Terrain
|upkeep
|turn|10
|
|t:|1769427702
|move|p2a: Dachsbun|Body Press|p1a: Torkoal
|-damage|p1a: Torkoal|58/100
|move|p1a: Torkoal|Solar Beam||[still]
|-prepare|p1a: Torkoal|Solar Beam
|-anim|p1a: Torkoal|Solar Beam|p2a: Dachsbun
|-damage|p2a: Dachsbun|0 fnt
|faint|p2a: Dachsbun
|
|-weather|none
|upkeep
|
|t:|1769427718
|switch|p2a: Okidogi|Okidogi, M|100/100
|turn|11
|
|t:|1769427730
|switch|p1a: Donphan|Donphan, M|100/100
|move|p2a: Okidogi|Close Combat|p1a: Donphan
|-damage|p1a: Donphan|49/100
|-unboost|p2a: Okidogi|def|1
|-unboost|p2a: Okidogi|spd|1
|
|upkeep
|turn|12
|
|t:|1769427740
|move|p2a: Okidogi|Close Combat|p1a: Donphan
|-damage|p1a: Donphan|0 fnt
|-unboost|p2a: Okidogi|def|1
|-unboost|p2a: Okidogi|spd|1
|faint|p1a: Donphan
|
|upkeep
|
|t:|1769427742
|switch|p1a: Iron Valiant|Iron Valiant|100/100
|-enditem|p1a: Iron Valiant|Booster Energy
|-activate|p1a: Iron Valiant|ability: Quark Drive|[fromitem]
|-start|p1a: Iron Valiant|quarkdrivespe
|turn|13
|
|t:|1769427754
|switch|p2a: Houndstone|Houndstone, F, shiny|100/100
|move|p1a: Iron Valiant|Moonblast|p2a: Houndstone
|-damage|p2a: Houndstone|75/100
|-unboost|p2a: Houndstone|spa|1
|
|upkeep
|turn|14
|
|t:|1769427762
|move|p2a: Houndstone|Will-O-Wisp|p1a: Iron Valiant
|-status|p1a: Iron Valiant|brn
|move|p1a: Iron Valiant|Trick Room|p1a: Iron Valiant
|-fieldstart|move: Trick Room|[of] p1a: Iron Valiant
|
|-damage|p1a: Iron Valiant|94/100 brn|[from] brn
|upkeep
|turn|15
|
|t:|1769427775
|-end|p1a: Iron Valiant|Quark Drive|[silent]
|switch|p1a: Torkoal|Torkoal, F|58/100
|-heal|p1a: Torkoal|100/100|[from] move: Healing Wish
|-weather|SunnyDay|[from] ability: Drought|[of] p1a: Torkoal
|move|p2a: Houndstone|Shadow Sneak|p1a: Torkoal
|-damage|p1a: Torkoal|89/100
|
|-weather|SunnyDay|[upkeep]
|upkeep
|turn|16
|
|t:|1769427789
|move|p1a: Torkoal|Eruption|p2a: Houndstone
|-damage|p2a: Houndstone|0 fnt
|faint|p2a: Houndstone
|
|-weather|SunnyDay|[upkeep]
|upkeep
|inactive|Loccdawg has 120 seconds left.
|
|t:|1769427828
|switch|p2a: Rillaboom|Rillaboom, M|75/100
|-fieldstart|move: Grassy Terrain|[from] ability: Grassy Surge|[of] p2a: Rillaboom
|turn|17
|
|t:|1769427844
|move|p1a: Torkoal|Eruption|p2a: Rillaboom
|-supereffective|p2a: Rillaboom
|-damage|p2a: Rillaboom|0 fnt
|faint|p2a: Rillaboom
|
|-weather|SunnyDay|[upkeep]
|-heal|p1a: Torkoal|95/100|[from] Grassy Terrain
|upkeep
|
|t:|1769427847
|switch|p2a: Okidogi|Okidogi, M|100/100
|turn|18
|
|t:|1769427852
|move|p1a: Torkoal|Eruption|p2a: Okidogi
|-damage|p2a: Okidogi|0 fnt
|faint|p2a: Okidogi
|
|-weather|SunnyDay|[upkeep]
|-heal|p1a: Torkoal|100/100|[from] Grassy Terrain
|-fieldend|move: Trick Room
|upkeep
|inactive|Loccdawg has 120 seconds left.
|
|t:|1769427857
|switch|p2a: Mabosstiff|Mabosstiff, M, shiny|100/100
|-ability|p2a: Mabosstiff|Intimidate|boost
|-unboost|p1a: Torkoal|atk|1
|-enditem|p2a: Mabosstiff|Grassy Seed
|-boost|p2a: Mabosstiff|def|1|[from] item: Grassy Seed
|turn|19
|
|t:|1769427865
|move|p2a: Mabosstiff|Jaw Lock|p1a: Torkoal
|-damage|p1a: Torkoal|78/100
|-activate|p2a: Mabosstiff|trapped
|-activate|p1a: Torkoal|trapped
|move|p1a: Torkoal|Flamethrower|p2a: Mabosstiff
|-damage|p2a: Mabosstiff|0 fnt
|faint|p2a: Mabosstiff
|
|win|Markizbi
|raw|Markizbi's rating: 1158 &rarr; <strong>1185</strong><br />(+27 for winning)
|raw|Loccdawg's rating: 1181 &rarr; <strong>1154</strong><br />(-27 for losing)
|l|☆Markizbi
|player|p1|
|l|☆Loccdawg
|player|p2|
