|j|☆mrporksin
|j|☆HypernovaFr
|t:|1769351002
|gametype|singles
|player|p1|mrporksin|102|1381
|player|p2|HypernovaFr|bellelba|1310
|gen|9
|tier|[Gen 9] OU
|rated|
|rule|HP Percentage Mod: HP is shown in percentages
|rule|Endless Battle Clause: Forcing endless battles is banned
|rule|Species Clause: Limit one of each Pokémon
|rule|OHKO Clause: OHKO moves are banned
|rule|Evasion Items Clause: Evasion items are banned
|rule|Evasion Moves Clause: Evasion moves are banned
|rule|Evasion Abilities Clause: Evasion abilities are banned
|rule|Sleep Moves Clause: Sleep-inducing moves are banned
|clearpoke
|poke|p1|Garchomp, F|
|poke|p1|Ceruledge, M|
|poke|p1|Deoxys-Speed|
|poke|p1|Blaziken, F|
|poke|p1|Raging Bolt|
|poke|p1|Cryogonal|
|poke|p2|Zoroark-Hisui, M|
|poke|p2|Dragapult, F|
|poke|p2|Gastrodon, F|
|poke|p2|Incineroar, M|
|poke|p2|Enamorus, F|
|poke|p2|Magnezone|
|teampreview
|inactive|Battle timer is ON: inactive players will automatically lose when time's up. (requested by HypernovaFr)
|c|☆HypernovaFr|gl hf
|c|☆mrporksin|gl hf
|
|t:|1769351023
|teamsize|p1|6
|teamsize|p2|6
|start
|switch|p1a: Garchomp|Garchomp, F|100/100
|switch|p2a: Mirage|Dragapult, F, shiny|100/100
|turn|1
|
|t:|1769351032
|move|p2a: Mirage|Draco Meteor|p1a: Garchomp
|-supereffective|p1a: Garchomp
|-damage|p1a: Garchomp|0 fnt
|-unboost|p2a: Mirage|spa|2
|faint|p1a: Garchomp
|
|upkeep
|
|t:|1769351048
|switch|p1a: Blaziken|Blaziken, F, shiny|100/100
|turn|2
|
|t:|1769351054
|switch|p2a: Tacos|Incineroar, M, shiny|100/100
|-ability|p2a: Tacos|Intimidate|boost
|-unboost|p1a: Blaziken|atk|1
|move|p1a: Blaziken|Focus Energy|p1a: Blaziken
|-start|p1a: Blaziken|move: Focus Energy
|
|-ability|p1a: Blaziken|Speed Boost|boost
|-boost|p1a: Blaziken|spe|1
|upkeep
|turn|3
|
|t:|1769351067
|move|p1a: Blaziken|Close Combat|p2a: Tacos
|-supereffective|p2a: Tacos
|-crit|p2a: Tacos
|-damage|p2a: Tacos|0 fnt
|-unboost|p1a: Blaziken|def|1
|-unboost|p1a: Blaziken|spd|1
|faint|p2a: Tacos
|
|-ability|p1a: Blaziken|Speed Boost|boost
|-boost|p1a: Blaziken|spe|1
|upkeep
|
|t:|1769351071
|switch|p2a: Terminator|Magnezone, shiny|100/100
|turn|4
|
|t:|1769351081
|move|p2a: Terminator|Psychic|p1a: Blaziken
|-supereffective|p1a: Blaziken
|-damage|p1a: Blaziken|0 fnt
|faint|p1a: Blaziken
|
|upkeep
|
|t:|1769351093
|switch|p1a: Cryogonal|Cryogonal|100/100
|turn|5
|
|t:|1769351098
|switch|p2a: Terminator|Magnezone, shiny|100/100
|move|p1a: Cryogonal|Ancient Power|p2a: Terminator
|-resisted|p2a: Terminator
|-damage|p2a: Terminator|88/100
|
|upkeep
|turn|6
|
|t:|1769351109
|switch|p1a: Raging Bolt|Raging Bolt|100/100
|move|p2a: Terminator|Flash Cannon|p1a: Raging Bolt
|-resisted|p1a: Raging Bolt
|-damage|p1a: Raging Bolt|58/100
|
|-heal|p1a: Raging Bolt|64/100|[from] item: Leftovers
|upkeep
|turn|7
|
|t:|1769351123
|switch|p2a: Diarhée|Gastrodon, F, shiny|100/100
|move|p1a: Raging Bolt|Calm Mind|p1a: Raging Bolt
|-boost|p1a: Raging Bolt|spa|1
|-boost|p1a: Raging Bolt|spd|1
|
|-heal|p1a: Raging Bolt|70/100|[from] item: Leftovers
|upkeep
|turn|8
|
|t:|1769351128
|-end|p1a: Raging Bolt|Protosynthesis|[silent]
|switch|p1a: Cryogonal|Cryogonal|100/100
|move|p2a: Diarhée|Clear Smog|p1a: Cryogonal
|-damage|p1a: Cryogonal|91/100
|-clearboost|p1a: Cryogonal
|
|upkeep
|turn|9
|
|t:|1769351135
|switch|p1a: Ceruledge|Ceruledge, M|100/100
|switch|p2a: Terminator|Magnezone, shiny|88/100
|
|upkeep
|turn|10
|
|t:|1769351149
|switch|p2a: Sida|Enamorus, F|100/100
|move|p1a: Ceruledge|Swords Dance|p1a: Ceruledge
|-boost|p1a: Ceruledge|atk|2
|
|upkeep
|turn|11
|
|t:|1769351165
|-terastallize|p1a: Ceruledge|Fighting
|move|p2a: Sida|Earth Power|p1a: Ceruledge
|-damage|p1a: Ceruledge|54/100
|move|p1a: Ceruledge|Bitter Blade|p2a: Sida
|-damage|p2a: Sida|0 fnt
|-heal|p1a: Ceruledge|96/100|[from] drain|[of] p2a: Sida
|faint|p2a: Sida
|
|-heal|p1a: Ceruledge|100/100|[from] item: Leftovers
|upkeep
|
|t:|1769351180
|switch|p2a: Terminator|Magnezone, shiny|100/100
|turn|12
|
|t:|1769351190
|switch|p1a: Cryogonal|Cryogonal|91/100
|move|p2a: Terminator|Psychic|p1a: Cryogonal
|-damage|p1a: Cryogonal|65/100
|
|upkeep
|turn|13
|
|t:|1769351197
|switch|p1a: Ceruledge|Ceruledge, M, tera:Fighting|100/100
|move|p2a: Terminator|Psychic|p1a: Ceruledge
|-supereffective|p1a: Ceruledge
|-damage|p1a: Ceruledge|44/100
|
|-heal|p1a: Ceruledge|50/100|[from] item: Leftovers
|upkeep
|turn|14
|
|t:|1769351214
|switch|p1a: Cryogonal|Cryogonal|65/100
|move|p2a: Terminator|Psychic|p1a: Cryogonal
|-damage|p1a: Cryogonal|38/100
|
|upkeep
|turn|15
|
|t:|1769351219
|switch|p2a: Terminator|Magnezone, shiny|88/100
|move|p1a: Cryogonal|Recover|p1a: Cryogonal
|-heal|p1a: Cryogonal|88/100
|
|upkeep
|turn|16
|
|t:|1769351230
|switch|p1a: Raging Bolt|Raging Bolt|70/100
|move|p2a: Terminator|Volt Switch|p1a: Raging Bolt
|-resisted|p1a: Raging Bolt
|-damage|p1a: Raging Bolt|53/100
|
|t:|1769351236
|switch|p2a: Mirage|Dragapult, F, shiny|100/100|[from] Volt Switch
|
|-heal|p1a: Raging Bolt|59/100|[from] item: Leftovers
|upkeep
|turn|17
|
|t:|1769351239
|move|p1a: Raging Bolt|Thunderclap|p2a: Mirage
|-resisted|p2a: Mirage
|-damage|p2a: Mirage|77/100
|move|p2a: Mirage|Draco Meteor|p1a: Raging Bolt
|-supereffective|p1a: Raging Bolt
|-damage|p1a: Raging Bolt|0 fnt
|-unboost|p2a: Mirage|spa|2
|faint|p1a: Raging Bolt
|-end|p1a: Raging Bolt|Protosynthesis|[silent]
|
|upkeep
|
|t:|1769351244
|switch|p1a: Ceruledge|Ceruledge, M, tera:Fighting|50/100
|turn|18
|
|t:|1769351248
|switch|p2a: Diarhée|Gastrodon, F, shiny|100/100
|move|p1a: Ceruledge|Swords Dance|p1a: Ceruledge
|-boost|p1a: Ceruledge|atk|2
|
|-heal|p1a: Ceruledge|56/100|[from] item: Leftovers
|upkeep
|turn|19
|
|t:|1769351252
|move|p1a: Ceruledge|Close Combat|p2a: Diarhée
|-damage|p2a: Diarhée|0 fnt
|-unboost|p1a: Ceruledge|def|1
|-unboost|p1a: Ceruledge|spd|1
|faint|p2a: Diarhée
|
|-heal|p1a: Ceruledge|62/100|[from] item: Leftovers
|upkeep
|
|t:|1769351261
|switch|p2a: Terminator|Magnezone, shiny|100/100
|turn|20
|
|t:|1769351266
|switch|p1a: Cryogonal|Cryogonal|88/100
|move|p2a: Terminator|Focus Blast|p1a: Cryogonal
|-supereffective|p1a: Cryogonal
|-damage|p1a: Cryogonal|22/100
|
|upkeep
|turn|21
|
|t:|1769351276
|switch|p1a: Deoxys|Deoxys-Speed|100/100
|-ability|p1a: Deoxys|Pressure
|move|p2a: Terminator|Focus Blast|p1a: Deoxys
|-resisted|p1a: Deoxys
|-damage|p1a: Deoxys|66/100
|
|upkeep
|turn|22
|
|t:|1769351291
|switch|p2a: Mirage|Dragapult, F, shiny|77/100
|move|p1a: Deoxys|Psycho Boost|p2a: Mirage
|-damage|p2a: Mirage|0 fnt
|-unboost|p1a: Deoxys|spa|2
|faint|p2a: Mirage
|-damage|p1a: Deoxys|56/100|[from] item: Life Orb
|
|upkeep
|
|t:|1769351298
|switch|p2a: Terminator|Magnezone, shiny|88/100
|turn|23
|
|t:|1769351305
|move|p1a: Deoxys|Superpower|p2a: Terminator
|-supereffective|p2a: Terminator
|-damage|p2a: Terminator|12/100
|-unboost|p1a: Deoxys|atk|1
|-unboost|p1a: Deoxys|def|1
|-damage|p1a: Deoxys|46/100|[from] item: Life Orb
|move|p2a: Terminator|Volt Switch|p1a: Deoxys
|-damage|p1a: Deoxys|0 fnt
|faint|p1a: Deoxys
|
|t:|1769351312
|switch|p2a: Terminator|Magnezone, shiny|100/100|[from] Volt Switch
|
|upkeep
|
|t:|1769351316
|switch|p1a: Cryogonal|Cryogonal|22/100
|turn|24
|
|t:|1769351325
|move|p2a: Terminator|Shadow Ball|p1a: Cryogonal
|-damage|p1a: Cryogonal|0 fnt
|faint|p1a: Cryogonal
|
|upkeep
|
|t:|1769351328
|switch|p1a: Ceruledge|Ceruledge, M, tera:Fighting|62/100
|turn|25
|
|t:|1769351334
|move|p2a: Terminator|Shadow Ball|p1a: Ceruledge
|-damage|p1a: Ceruledge|21/100
|-unboost|p1a: Ceruledge|spd|1
|move|p1a: Ceruledge|Bitter Blade|p2a: Terminator
|-damage|p2a: Terminator|6/100
|-heal|p1a: Ceruledge|55/100|[from] drain|[of] p2a: Terminator
|replace|p2a: Tokyo Hotel|Zoroark-Hisui, M, shiny
|-end|p2a: Tokyo Hotel|Illusion
|
|-heal|p1a: Ceruledge|61/100|[from] item: Leftovers
|upkeep
|turn|26
|
|t:|1769351346
|move|p2a: Tokyo Hotel|Shadow Ball|p1a: Ceruledge
|-damage|p1a: Ceruledge|0 fnt
|faint|p1a: Ceruledge
|
|win|HypernovaFr
|raw|mrporksin's rating: 1363 &rarr; <strong>1340</strong><br />(-23 for losing)
|raw|HypernovaFr's rating: 1310 &rarr; <strong>1333</strong><br />(+23 for winning)
|l|☆mrporksin
|player|p1|
|c|☆HypernovaFr|gg
|l|☆HypernovaFr
|player|p2|
