|j|☆therealzestman
|j|☆OnihC
|t:|1769377554
|gametype|singles
|player|p1|therealzestman|102|1094
|player|p2|OnihC|blue|1124
|gen|9
|tier|[Gen 9] OU
|rated|
|rule|HP Percentage Mod: HP is shown in percentages
|rule|Endless Battle Clause: Forcing endless battles is banned
|rule|Species Clause: Limit one of each Pokémon
|rule|OHKO Clause: OHKO moves are banned
|rule|Evasion Items Clause: Evasion items are banned
|rule|Evasion Moves Clause: Evasion moves are banned
|rule|Evasion Abilities Clause: Evasion abilities are banned
|rule|Sleep Moves Clause: Sleep-inducing moves are banned
|clearpoke
|poke|p1|Great Tusk|
|poke|p1|Iron Jugulis|
|poke|p1|Skeledirge, M|
|poke|p1|Garganacl, M|
|poke|p1|Lokix, M|
|poke|p1|Salamence, M|
|poke|p2|Jolteon, M|
|poke|p2|Slowking-Galar, F|
|poke|p2|Great Tusk|
|poke|p2|Moltres|
|poke|p2|Kingambit, F|
|poke|p2|Hydrapple, F|
|teampreview
|
|t:|1769377583
|teamsize|p1|6
|teamsize|p2|6
|start
|switch|p1a: SHWIIIIIIIIIIIII|Lokix, M|100/100
|switch|p2a: Moltres|Moltres|100/100
|turn|1
|
|t:|1769377606
|switch|p1a: Salamence|Salamence, M|100/100
|move|p2a: Moltres|Flamethrower|p1a: Salamence
|-resisted|p1a: Salamence
|-damage|p1a: Salamence|77/100
|
|upkeep
|turn|2
|
|t:|1769377619
|move|p1a: Salamence|Dragon Dance|p1a: Salamence
|-boost|p1a: Salamence|atk|1
|-boost|p1a: Salamence|spe|1
|move|p2a: Moltres|Will-O-Wisp|p1a: Salamence
|-status|p1a: Salamence|brn
|
|-damage|p1a: Salamence|71/100 brn|[from] brn
|upkeep
|turn|3
|
|t:|1769377630
|-terastallize|p1a: Salamence|Normal
|move|p1a: Salamence|Facade|p2a: Moltres
|-damage|p2a: Moltres|15/100
|move|p2a: Moltres|Flamethrower|p1a: Salamence
|-crit|p1a: Salamence
|-damage|p1a: Salamence|4/100 brn
|
|-damage|p1a: Salamence|0 fnt|[from] brn
|faint|p1a: Salamence
|upkeep
|c|☆therealzestman|bro
|
|t:|1769377657
|switch|p1a: Sk'Dirge|Skeledirge, M|100/100
|turn|4
|
|t:|1769377663
|move|p2a: Moltres|Roost|p2a: Moltres
|-heal|p2a: Moltres|65/100
|-singleturn|p2a: Moltres|move: Roost
|move|p1a: Sk'Dirge|Torch Song|p2a: Moltres
|-resisted|p2a: Moltres
|-damage|p2a: Moltres|49/100
|-boost|p1a: Sk'Dirge|spa|1
|
|upkeep
|turn|5
|
|t:|1769377672
|move|p2a: Moltres|Roost|p2a: Moltres
|-heal|p2a: Moltres|99/100
|-singleturn|p2a: Moltres|move: Roost
|move|p1a: Sk'Dirge|Encore|p2a: Moltres
|-start|p2a: Moltres|Encore
|
|upkeep
|turn|6
|
|t:|1769377690
|switch|p2a: Slowking|Slowking-Galar, F|100/100
|move|p1a: Sk'Dirge|Torch Song|p2a: Slowking
|-damage|p2a: Slowking|72/100
|-boost|p1a: Sk'Dirge|spa|1
|
|upkeep
|turn|7
|
|t:|1769377700
|move|p1a: Sk'Dirge|Shadow Ball|p2a: Slowking
|-supereffective|p2a: Slowking
|-damage|p2a: Slowking|6/100
|-unboost|p2a: Slowking|spd|1
|move|p2a: Slowking|Sludge Bomb|p1a: Sk'Dirge
|-resisted|p1a: Sk'Dirge
|-damage|p1a: Sk'Dirge|82/100
|
|-heal|p1a: Sk'Dirge|88/100|[from] item: Leftovers
|upkeep
|turn|8
|
|t:|1769377711
|switch|p2a: Moltres|Moltres|99/100
|move|p1a: Sk'Dirge|Torch Song|p2a: Moltres
|-resisted|p2a: Moltres
|-damage|p2a: Moltres|64/100
|-boost|p1a: Sk'Dirge|spa|1
|
|-heal|p1a: Sk'Dirge|94/100|[from] item: Leftovers
|upkeep
|turn|9
|
|t:|1769377722
|move|p2a: Moltres|Scorching Sands|p1a: Sk'Dirge
|-supereffective|p1a: Sk'Dirge
|-damage|p1a: Sk'Dirge|54/100
|move|p1a: Sk'Dirge|Shadow Ball|p2a: Moltres
|-damage|p2a: Moltres|0 fnt
|faint|p2a: Moltres
|
|-heal|p1a: Sk'Dirge|60/100|[from] item: Leftovers
|upkeep
|
|t:|1769377740
|switch|p2a: Kingambit|Kingambit, F, shiny|100/100
|-activate|p2a: Kingambit|ability: Supreme Overlord
|-start|p2a: Kingambit|fallen1|[silent]
|turn|10
|
|t:|1769377746
|move|p2a: Kingambit|Sucker Punch||[still]
|-fail|p2a: Kingambit
|move|p1a: Sk'Dirge|Slack Off|p1a: Sk'Dirge
|-heal|p1a: Sk'Dirge|100/100
|
|upkeep
|turn|11
|
|t:|1769377752
|move|p2a: Kingambit|Sucker Punch||[still]
|-fail|p2a: Kingambit
|move|p1a: Sk'Dirge|Encore|p2a: Kingambit
|-start|p2a: Kingambit|Encore
|
|upkeep
|turn|12
|
|t:|1769377763
|switch|p1a: SHWIIIIIIIIIIIII|Lokix, M|100/100
|move|p2a: Kingambit|Sucker Punch||[still]
|-fail|p2a: Kingambit
|
|upkeep
|turn|13
|
|t:|1769377769
|-end|p2a: Kingambit|fallen1|[silent]
|switch|p2a: Great Tusk|Great Tusk|100/100
|move|p1a: SHWIIIIIIIIIIIII|U-turn|p2a: Great Tusk
|-resisted|p2a: Great Tusk
|-damage|p2a: Great Tusk|78/100
|-damage|p1a: SHWIIIIIIIIIIIII|84/100|[from] item: Rocky Helmet|[of] p2a: Great Tusk
|
|t:|1769377791
|switch|p1a: Jug or Not|Iron Jugulis|100/100|[from] U-turn
|-enditem|p1a: Jug or Not|Booster Energy
|-activate|p1a: Jug or Not|ability: Quark Drive|[fromitem]
|-start|p1a: Jug or Not|quarkdrivespe
|
|upkeep
|turn|14
|
|t:|1769377803
|-end|p2a: Great Tusk|Protosynthesis|[silent]
|switch|p2a: Slowking|Slowking-Galar, F|39/100
|move|p1a: Jug or Not|Hurricane|p2a: Slowking
|-damage|p2a: Slowking|12/100
|
|upkeep
|turn|15
|
|t:|1769377831
|switch|p2a: Jolteon|Jolteon, M|100/100
|move|p1a: Jug or Not|Flamethrower|p2a: Jolteon
|-damage|p2a: Jolteon|61/100
|
|upkeep
|turn|16
|
|t:|1769377844
|move|p1a: Jug or Not|Dark Pulse|p2a: Jolteon
|-damage|p2a: Jolteon|6/100
|move|p2a: Jolteon|Thunderbolt|p1a: Jug or Not
|-supereffective|p1a: Jug or Not
|-damage|p1a: Jug or Not|0 fnt
|faint|p1a: Jug or Not
|-end|p1a: Jug or Not|Quark Drive|[silent]
|
|upkeep
|
|t:|1769377852
|switch|p1a: OK Tusk|Great Tusk|100/100
|-enditem|p1a: OK Tusk|Booster Energy
|-activate|p1a: OK Tusk|ability: Protosynthesis|[fromitem]
|-start|p1a: OK Tusk|protosynthesisatk
|turn|17
|
|t:|1769377859
|move|p2a: Jolteon|Alluring Voice|p1a: OK Tusk
|-supereffective|p1a: OK Tusk
|-damage|p1a: OK Tusk|40/100
|move|p1a: OK Tusk|Rapid Spin|p2a: Jolteon
|-damage|p2a: Jolteon|0 fnt
|-boost|p1a: OK Tusk|spe|1
|faint|p2a: Jolteon
|
|upkeep
|
|t:|1769377874
|switch|p2a: Great Tusk|Great Tusk|78/100
|turn|18
|
|t:|1769377887
|move|p1a: OK Tusk|Ice Spinner|p2a: Great Tusk
|-supereffective|p2a: Great Tusk
|-damage|p2a: Great Tusk|51/100
|-damage|p1a: OK Tusk|23/100|[from] item: Rocky Helmet|[of] p2a: Great Tusk
|move|p2a: Great Tusk|Stealth Rock|p1a: OK Tusk
|-sidestart|p1: therealzestman|move: Stealth Rock
|
|upkeep
|turn|19
|
|t:|1769377902
|move|p1a: OK Tusk|Close Combat|p2a: Great Tusk
|-damage|p2a: Great Tusk|20/100
|-unboost|p1a: OK Tusk|def|1
|-unboost|p1a: OK Tusk|spd|1
|-damage|p1a: OK Tusk|7/100|[from] item: Rocky Helmet|[of] p2a: Great Tusk
|move|p2a: Great Tusk|Body Press|p1a: OK Tusk
|-damage|p1a: OK Tusk|0 fnt
|faint|p1a: OK Tusk
|-end|p1a: OK Tusk|Protosynthesis|[silent]
|
|upkeep
|
|t:|1769377916
|switch|p1a: SHWIIIIIIIIIIIII|Lokix, M|84/100
|-damage|p1a: SHWIIIIIIIIIIIII|59/100|[from] Stealth Rock
|turn|20
|
|t:|1769377951
|move|p1a: SHWIIIIIIIIIIIII|U-turn|p2a: Great Tusk
|-resisted|p2a: Great Tusk
|-damage|p2a: Great Tusk|0 fnt
|-damage|p1a: SHWIIIIIIIIIIIII|43/100|[from] item: Rocky Helmet|[of] p2a: Great Tusk
|faint|p2a: Great Tusk
|-end|p2a: Great Tusk|Protosynthesis|[silent]
|
|t:|1769377988
|switch|p1a: Sk'Dirge|Skeledirge, M|100/100|[from] U-turn
|-damage|p1a: Sk'Dirge|75/100|[from] Stealth Rock
|
|-heal|p1a: Sk'Dirge|82/100|[from] item: Leftovers
|upkeep
|
|t:|1769378037
|switch|p2a: Kingambit|Kingambit, F, shiny|100/100
|-activate|p2a: Kingambit|ability: Supreme Overlord
|-start|p2a: Kingambit|fallen3|[silent]
|turn|21
|
|t:|1769378049
|move|p2a: Kingambit|Kowtow Cleave|p1a: Sk'Dirge
|-supereffective|p1a: Sk'Dirge
|-damage|p1a: Sk'Dirge|0 fnt
|faint|p1a: Sk'Dirge
|
|upkeep
|
|t:|1769378053
|switch|p1a: Mr Clean|Garganacl, M|100/100
|-damage|p1a: Mr Clean|88/100|[from] Stealth Rock
|turn|22
|
|t:|1769378064
|-end|p2a: Kingambit|fallen3|[silent]
|switch|p2a: Slowking|Slowking-Galar, F|45/100
|move|p1a: Mr Clean|Iron Defense|p1a: Mr Clean
|-boost|p1a: Mr Clean|def|2
|
|upkeep
|turn|23
|
|t:|1769378099
|switch|p2a: Hydrapple|Hydrapple, F, shiny|100/100
|move|p1a: Mr Clean|Iron Defense|p1a: Mr Clean
|-boost|p1a: Mr Clean|def|2
|
|upkeep
|turn|24
|
|t:|1769378115
|move|p2a: Hydrapple|Nasty Plot|p2a: Hydrapple
|-boost|p2a: Hydrapple|spa|2
|move|p1a: Mr Clean|Recover|p1a: Mr Clean
|-heal|p1a: Mr Clean|100/100
|
|upkeep
|turn|25
|
|t:|1769378124
|move|p2a: Hydrapple|Giga Drain|p1a: Mr Clean
|-supereffective|p1a: Mr Clean
|-damage|p1a: Mr Clean|17/100
|move|p1a: Mr Clean|Body Press|p2a: Hydrapple
|-damage|p2a: Hydrapple|64/100
|
|upkeep
|turn|26
|
|t:|1769378140
|move|p2a: Hydrapple|Fickle Beam|p1a: Mr Clean
|-damage|p1a: Mr Clean|0 fnt
|faint|p1a: Mr Clean
|
|upkeep
|
|t:|1769378142
|switch|p1a: SHWIIIIIIIIIIIII|Lokix, M|43/100
|-damage|p1a: SHWIIIIIIIIIIIII|18/100|[from] Stealth Rock
|turn|27
|
|t:|1769378150
|switch|p2a: Kingambit|Kingambit, F, shiny|100/100
|-activate|p2a: Kingambit|ability: Supreme Overlord
|-start|p2a: Kingambit|fallen3|[silent]
|move|p1a: SHWIIIIIIIIIIIII|Fling|p2a: Kingambit
|-resisted|p2a: Kingambit
|-damage|p2a: Kingambit|95/100
|-enditem|p1a: SHWIIIIIIIIIIIII|Choice Band|[from] move: Fling
|
|-heal|p2a: Kingambit|100/100|[from] item: Leftovers
|upkeep
|turn|28
|
|t:|1769378160
|move|p2a: Kingambit|Sucker Punch|p1a: SHWIIIIIIIIIIIII
|-resisted|p1a: SHWIIIIIIIIIIIII
|-damage|p1a: SHWIIIIIIIIIIIII|0 fnt
|faint|p1a: SHWIIIIIIIIIIIII
|
|win|OnihC
|raw|therealzestman's rating: 1116 &rarr; <strong>1092</strong><br />(-24 for losing)
|raw|OnihC's rating: 1124 &rarr; <strong>1148</strong><br />(+24 for winning)
|l|☆therealzestman
|player|p1|
