|j|☆Malcyuu
|j|☆barukashi r
|t:|1769362389
|gametype|singles
|player|p1|Malcyuu|169|1327
|player|p2|barukashi r|102|1325
|gen|9
|tier|[Gen 9] OU
|rated|
|rule|HP Percentage Mod: HP is shown in percentages
|rule|Endless Battle Clause: Forcing endless battles is banned
|rule|Species Clause: Limit one of each Pokémon
|rule|OHKO Clause: OHKO moves are banned
|rule|Evasion Items Clause: Evasion items are banned
|rule|Evasion Moves Clause: Evasion moves are banned
|rule|Evasion Abilities Clause: Evasion abilities are banned
|rule|Sleep Moves Clause: Sleep-inducing moves are banned
|clearpoke
|poke|p1|Gholdengo|
|poke|p1|Magnezone|
|poke|p1|Chesnaught, F|
|poke|p1|Pecharunt|
|poke|p1|Clodsire, M|
|poke|p1|Weavile, F|
|poke|p2|Tinkaton, F|
|poke|p2|Ogerpon, F|
|poke|p2|Great Tusk|
|poke|p2|Pecharunt|
|poke|p2|Alomomola, M|
|poke|p2|Hydreigon, M|
|teampreview
|
|t:|1769362428
|teamsize|p1|6
|teamsize|p2|6
|start
|switch|p1a: Pecharunt|Pecharunt|100/100
|switch|p2a: Ogerpon|Ogerpon, F|100/100
|turn|1
|
|t:|1769362438
|move|p2a: Ogerpon|Knock Off|p1a: Pecharunt
|-supereffective|p1a: Pecharunt
|-damage|p1a: Pecharunt|59/100
|-enditem|p1a: Pecharunt|Heavy-Duty Boots|[from] move: Knock Off|[of] p2a: Ogerpon
|move|p1a: Pecharunt|Parting Shot|p2a: Ogerpon
|-unboost|p2a: Ogerpon|atk|1
|-ability|p2a: Ogerpon|Defiant|boost
|-boost|p2a: Ogerpon|atk|2
|-unboost|p2a: Ogerpon|spa|1
|-ability|p2a: Ogerpon|Defiant|boost
|-boost|p2a: Ogerpon|atk|2
|
|t:|1769362451
|switch|p1a: Chesnaught|Chesnaught, F|100/100|[from] Parting Shot
|
|upkeep
|turn|2
|
|t:|1769362462
|move|p2a: Ogerpon|Knock Off|p1a: Chesnaught
|-resisted|p1a: Chesnaught
|-damage|p1a: Chesnaught|65/100
|-damage|p2a: Ogerpon|84/100|[from] item: Rocky Helmet|[of] p1a: Chesnaught
|-enditem|p1a: Chesnaught|Rocky Helmet|[from] move: Knock Off|[of] p2a: Ogerpon
|move|p1a: Chesnaught|Iron Defense|p1a: Chesnaught
|-boost|p1a: Chesnaught|def|2
|
|upkeep
|turn|3
|
|t:|1769362469
|switch|p2a: Pecharunt|Pecharunt|100/100
|move|p1a: Chesnaught|Synthesis|p1a: Chesnaught
|-heal|p1a: Chesnaught|100/100
|
|upkeep
|turn|4
|
|t:|1769362474
|switch|p1a: Magnezone|Magnezone|100/100
|move|p2a: Pecharunt|Malignant Chain|p1a: Magnezone
|-immune|p1a: Magnezone
|
|upkeep
|turn|5
|
|t:|1769362490
|move|p1a: Magnezone|Flash Cannon|p2a: Pecharunt
|-damage|p2a: Pecharunt|60/100
|move|p2a: Pecharunt|Parting Shot|p1a: Magnezone
|-unboost|p1a: Magnezone|atk|1
|-unboost|p1a: Magnezone|spa|1
|
|t:|1769362507
|switch|p2a: Great Tusk|Great Tusk, shiny|100/100|[from] Parting Shot
|
|upkeep
|turn|6
|
|t:|1769362520
|switch|p1a: Chesnaught|Chesnaught, F|100/100
|move|p2a: Great Tusk|Headlong Rush|p1a: Chesnaught
|-resisted|p1a: Chesnaught
|-damage|p1a: Chesnaught|82/100
|-unboost|p2a: Great Tusk|def|1
|-unboost|p2a: Great Tusk|spd|1
|
|upkeep
|turn|7
|inactive|Battle timer is ON: inactive players will automatically lose when time's up. (requested by Malcyuu)
|
|t:|1769362533
|-end|p2a: Great Tusk|Protosynthesis|[silent]
|switch|p2a: Pecharunt|Pecharunt|60/100
|move|p1a: Chesnaught|Knock Off|p2a: Pecharunt
|-supereffective|p2a: Pecharunt
|-damage|p2a: Pecharunt|38/100
|-damage|p1a: Chesnaught|66/100|[from] item: Rocky Helmet|[of] p2a: Pecharunt
|-enditem|p2a: Pecharunt|Rocky Helmet|[from] move: Knock Off|[of] p1a: Chesnaught
|
|upkeep
|turn|8
|
|t:|1769362538
|switch|p1a: Magnezone|Magnezone|100/100
|move|p2a: Pecharunt|Shadow Ball|p1a: Magnezone
|-damage|p1a: Magnezone|82/100
|
|upkeep
|turn|9
|
|t:|1769362562
|switch|p2a: Hydreigon|Hydreigon, M, shiny|100/100
|move|p1a: Magnezone|Flash Cannon|p2a: Hydreigon
|-damage|p2a: Hydreigon|54/100
|
|upkeep
|turn|10
|
|t:|1769362575
|switch|p1a: Clodsire|Clodsire, M|100/100
|move|p2a: Hydreigon|Earth Power|p1a: Clodsire
|-supereffective|p1a: Clodsire
|-damage|p1a: Clodsire|50/100
|
|-heal|p1a: Clodsire|56/100|[from] item: Leftovers
|upkeep
|turn|11
|inactive|Malcyuu has 120 seconds left.
|
|t:|1769362607
|-terastallize|p2a: Hydreigon|Steel
|-terastallize|p1a: Clodsire|Water
|move|p2a: Hydreigon|Earth Power|p1a: Clodsire
|-damage|p1a: Clodsire|31/100
|move|p1a: Clodsire|Toxic|p2a: Hydreigon
|-immune|p2a: Hydreigon
|
|-heal|p1a: Clodsire|37/100|[from] item: Leftovers
|upkeep
|turn|12
|inactive|Malcyuu has 120 seconds left.
|
|t:|1769362628
|move|p2a: Hydreigon|Earth Power|p1a: Clodsire
|-damage|p1a: Clodsire|13/100
|move|p1a: Clodsire|Recover|p1a: Clodsire
|-heal|p1a: Clodsire|63/100
|
|-heal|p1a: Clodsire|69/100|[from] item: Leftovers
|upkeep
|turn|13
|
|t:|1769362639
|move|p2a: Hydreigon|Earth Power|p1a: Clodsire
|-damage|p1a: Clodsire|45/100
|move|p1a: Clodsire|Toxic|p2a: Hydreigon
|-immune|p2a: Hydreigon
|
|-heal|p1a: Clodsire|51/100|[from] item: Leftovers
|upkeep
|turn|14
|inactive|Malcyuu has 120 seconds left.
|
|t:|1769362645
|move|p2a: Hydreigon|Earth Power|p1a: Clodsire
|-damage|p1a: Clodsire|28/100
|move|p1a: Clodsire|Recover|p1a: Clodsire
|-heal|p1a: Clodsire|78/100
|
|-heal|p1a: Clodsire|84/100|[from] item: Leftovers
|upkeep
|turn|15
|
|t:|1769362650
|move|p2a: Hydreigon|Earth Power|p1a: Clodsire
|-damage|p1a: Clodsire|61/100
|move|p1a: Clodsire|Toxic|p2a: Hydreigon
|-immune|p2a: Hydreigon
|
|-heal|p1a: Clodsire|68/100|[from] item: Leftovers
|upkeep
|turn|16
|
|t:|1769362656
|move|p2a: Hydreigon|Earth Power|p1a: Clodsire
|-damage|p1a: Clodsire|43/100
|move|p1a: Clodsire|Recover|p1a: Clodsire
|-heal|p1a: Clodsire|93/100
|
|-heal|p1a: Clodsire|99/100|[from] item: Leftovers
|upkeep
|turn|17
|
|t:|1769362661
|move|p2a: Hydreigon|Earth Power|p1a: Clodsire
|-crit|p1a: Clodsire
|-damage|p1a: Clodsire|65/100
|move|p1a: Clodsire|Toxic|p2a: Hydreigon
|-immune|p2a: Hydreigon
|
|-heal|p1a: Clodsire|71/100|[from] item: Leftovers
|upkeep
|turn|18
|
|t:|1769362684
|move|p2a: Hydreigon|Earth Power|p1a: Clodsire
|-damage|p1a: Clodsire|46/100
|move|p1a: Clodsire|Earthquake|p2a: Hydreigon
|-immune|p2a: Hydreigon|[from] ability: Levitate
|
|-heal|p1a: Clodsire|52/100|[from] item: Leftovers
|upkeep
|turn|19
|
|t:|1769362687
|switch|p2a: Ogerpon|Ogerpon, F|84/100
|move|p1a: Clodsire|Recover|p1a: Clodsire
|-heal|p1a: Clodsire|100/100
|
|upkeep
|turn|20
|
|t:|1769362692
|switch|p1a: Pecharunt|Pecharunt|59/100
|move|p2a: Ogerpon|U-turn|p1a: Pecharunt
|-resisted|p1a: Pecharunt
|-damage|p1a: Pecharunt|55/100
|
|t:|1769362710
|switch|p2a: Hydreigon|Hydreigon, M, shiny, tera:Steel|54/100|[from] U-turn
|
|upkeep
|turn|21
|
|t:|1769362715
|switch|p1a: Clodsire|Clodsire, M, tera:Water|100/100
|move|p2a: Hydreigon|Dark Pulse|p1a: Clodsire
|-damage|p1a: Clodsire|66/100
|
|-heal|p1a: Clodsire|72/100|[from] item: Leftovers
|upkeep
|turn|22
|
|t:|1769362725
|switch|p1a: Weavile|Weavile, F|100/100
|-ability|p1a: Weavile|Pressure
|move|p2a: Hydreigon|Dark Pulse|p1a: Weavile
|-resisted|p1a: Weavile
|-damage|p1a: Weavile|57/100
|
|upkeep
|turn|23
|
|t:|1769362736
|switch|p2a: Tinkaton|Tinkaton, F, shiny|100/100
|-item|p2a: Tinkaton|Air Balloon
|move|p1a: Weavile|Knock Off|p2a: Tinkaton
|-resisted|p2a: Tinkaton
|-damage|p2a: Tinkaton|71/100
|-enditem|p2a: Tinkaton|Air Balloon
|-enditem|p1a: Weavile|Heavy-Duty Boots|[silent]|[from] ability: Pickpocket|[of] p1a: Weavile
|-item|p2a: Tinkaton|Heavy-Duty Boots|[from] ability: Pickpocket|[of] p1a: Weavile
|
|upkeep
|turn|24
|
|t:|1769362745
|switch|p1a: Pecharunt|Pecharunt|55/100
|move|p2a: Tinkaton|Stealth Rock|p1a: Pecharunt
|-sidestart|p1: Malcyuu|move: Stealth Rock
|
|upkeep
|turn|25
|
|t:|1769362756
|move|p2a: Tinkaton|Gigaton Hammer|p1a: Pecharunt
|-damage|p1a: Pecharunt|29/100
|move|p1a: Pecharunt|Parting Shot|p2a: Tinkaton
|-unboost|p2a: Tinkaton|atk|1
|-unboost|p2a: Tinkaton|spa|1
|
|t:|1769362767
|switch|p1a: Chesnaught|Chesnaught, F|66/100|[from] Parting Shot
|-damage|p1a: Chesnaught|60/100|[from] Stealth Rock
|
|upkeep
|turn|26
|
|t:|1769362785
|move|p2a: Tinkaton|Ice Hammer|p1a: Chesnaught
|-supereffective|p1a: Chesnaught
|-damage|p1a: Chesnaught|42/100
|-unboost|p2a: Tinkaton|spe|1
|move|p1a: Chesnaught|Knock Off|p2a: Tinkaton
|-resisted|p2a: Tinkaton
|-damage|p2a: Tinkaton|54/100
|-enditem|p2a: Tinkaton|Heavy-Duty Boots|[from] move: Knock Off|[of] p1a: Chesnaught
|
|upkeep
|turn|27
|
|t:|1769362812
|switch|p2a: Pecharunt|Pecharunt|38/100
|switch|p1a: Magnezone|Magnezone|82/100
|-damage|p1a: Magnezone|76/100|[from] Stealth Rock
|
|upkeep
|turn|28
|
|t:|1769362826
|switch|p2a: Great Tusk|Great Tusk, shiny|100/100
|move|p1a: Magnezone|Flash Cannon|p2a: Great Tusk
|-damage|p2a: Great Tusk|39/100
|
|upkeep
|turn|29
|inactive|Malcyuu has 120 seconds left.
|
|t:|1769362854
|-end|p2a: Great Tusk|Protosynthesis|[silent]
|switch|p2a: Pecharunt|Pecharunt|38/100
|switch|p1a: Pecharunt|Pecharunt|29/100
|-damage|p1a: Pecharunt|17/100|[from] Stealth Rock
|
|upkeep
|turn|30
|inactive|Malcyuu has 120 seconds left.
|
|t:|1769362865
|move|p1a: Pecharunt|Recover|p1a: Pecharunt
|-heal|p1a: Pecharunt|67/100
|move|p2a: Pecharunt|Shadow Ball|p1a: Pecharunt
|-supereffective|p1a: Pecharunt
|-damage|p1a: Pecharunt|13/100
|-unboost|p1a: Pecharunt|spd|1
|
|upkeep
|turn|31
|inactive|Malcyuu has 120 seconds left.
|
|t:|1769362874
|move|p1a: Pecharunt|Foul Play|p2a: Pecharunt
|-supereffective|p2a: Pecharunt
|-damage|p2a: Pecharunt|25/100
|move|p2a: Pecharunt|Recover|p2a: Pecharunt
|-heal|p2a: Pecharunt|75/100
|
|upkeep
|turn|32
|
|t:|1769362879
|move|p1a: Pecharunt|Recover|p1a: Pecharunt
|-heal|p1a: Pecharunt|63/100
|move|p2a: Pecharunt|Shadow Ball|p1a: Pecharunt
|-supereffective|p1a: Pecharunt
|-damage|p1a: Pecharunt|0 fnt
|faint|p1a: Pecharunt
|
|upkeep
|
|t:|1769362882
|switch|p1a: Magnezone|Magnezone|76/100
|-damage|p1a: Magnezone|70/100|[from] Stealth Rock
|turn|33
|
|t:|1769362889
|move|p1a: Magnezone|Flash Cannon|p2a: Pecharunt
|-damage|p2a: Pecharunt|37/100
|move|p2a: Pecharunt|Recover|p2a: Pecharunt
|-heal|p2a: Pecharunt|87/100
|
|upkeep
|turn|34
|
|t:|1769362897
|move|p1a: Magnezone|Thunderbolt|p2a: Pecharunt
|-damage|p2a: Pecharunt|45/100
|move|p2a: Pecharunt|Shadow Ball|p1a: Magnezone
|-damage|p1a: Magnezone|52/100
|
|upkeep
|turn|35
|
|t:|1769362903
|move|p1a: Magnezone|Flash Cannon|p2a: Pecharunt
|-damage|p2a: Pecharunt|8/100
|move|p2a: Pecharunt|Recover|p2a: Pecharunt
|-heal|p2a: Pecharunt|58/100
|
|upkeep
|turn|36
|
|t:|1769362908
|move|p1a: Magnezone|Flash Cannon|p2a: Pecharunt
|-damage|p2a: Pecharunt|17/100
|move|p2a: Pecharunt|Recover|p2a: Pecharunt
|-heal|p2a: Pecharunt|67/100
|
|upkeep
|turn|37
|
|t:|1769362913
|move|p1a: Magnezone|Flash Cannon|p2a: Pecharunt
|-damage|p2a: Pecharunt|27/100
|move|p2a: Pecharunt|Recover|p2a: Pecharunt
|-heal|p2a: Pecharunt|77/100
|
|upkeep
|turn|38
|
|t:|1769362918
|move|p1a: Magnezone|Flash Cannon|p2a: Pecharunt
|-damage|p2a: Pecharunt|36/100
|move|p2a: Pecharunt|Recover|p2a: Pecharunt
|-heal|p2a: Pecharunt|86/100
|
|upkeep
|turn|39
|
|t:|1769362925
|move|p1a: Magnezone|Flash Cannon|p2a: Pecharunt
|-damage|p2a: Pecharunt|49/100
|move|p2a: Pecharunt|Parting Shot|p1a: Magnezone
|-unboost|p1a: Magnezone|atk|1
|-unboost|p1a: Magnezone|spa|1
|
|t:|1769362931
|switch|p2a: Hydreigon|Hydreigon, M, shiny, tera:Steel|54/100|[from] Parting Shot
|
|upkeep
|turn|40
|
|t:|1769362941
|switch|p1a: Clodsire|Clodsire, M, tera:Water|72/100
|-damage|p1a: Clodsire|60/100|[from] Stealth Rock
|move|p2a: Hydreigon|Dark Pulse|p1a: Clodsire
|-damage|p1a: Clodsire|26/100
|
|-heal|p1a: Clodsire|33/100|[from] item: Leftovers
|upkeep
|turn|41
|l|☆Malcyuu
|inactive|Malcyuu disconnected and has a minute to reconnect!
|player|p1|
|inactive|Malcyuu has 30 seconds to reconnect!
|inactive|Malcyuu has 20 seconds to reconnect!
|j|☆Malcyuu
|inactive|Malcyuu reconnected and has 95 seconds left.
|player|p1|Malcyuu|169|
|inactive|Malcyuu has 90 seconds left.
|
|t:|1769363008
|move|p2a: Hydreigon|Dark Pulse|p1a: Clodsire
|-damage|p1a: Clodsire|0 fnt
|faint|p1a: Clodsire
|
|upkeep
|
|t:|1769363021
|switch|p1a: Weavile|Weavile, F|57/100
|-damage|p1a: Weavile|32/100|[from] Stealth Rock
|-ability|p1a: Weavile|Pressure
|turn|42
|c|☆barukashi r|Never doubted on u
|
|t:|1769363031
|switch|p2a: Tinkaton|Tinkaton, F, shiny|54/100
|move|p1a: Weavile|Swords Dance|p1a: Weavile
|-boost|p1a: Weavile|atk|2
|
|upkeep
|turn|43
|
|t:|1769363037
|move|p1a: Weavile|Triple Axel|p2a: Tinkaton
|-resisted|p2a: Tinkaton
|-damage|p2a: Tinkaton|40/100
|-resisted|p2a: Tinkaton
|-damage|p2a: Tinkaton|12/100
|-resisted|p2a: Tinkaton
|-damage|p2a: Tinkaton|0 fnt
|faint|p2a: Tinkaton
|-hitcount|p2: Tinkaton|3
|
|upkeep
|
|t:|1769363061
|switch|p2a: Alomomola|Alomomola, M, shiny|100/100
|turn|44
|
|t:|1769363066
|move|p1a: Weavile|Knock Off|p2a: Alomomola
|-damage|p2a: Alomomola|33/100
|-enditem|p2a: Alomomola|Assault Vest|[from] move: Knock Off|[of] p1a: Weavile
|move|p2a: Alomomola|Play Rough|p1a: Weavile
|-supereffective|p1a: Weavile
|-damage|p1a: Weavile|0 fnt
|faint|p1a: Weavile
|
|upkeep
|
|t:|1769363075
|switch|p1a: Chesnaught|Chesnaught, F|42/100
|-damage|p1a: Chesnaught|36/100|[from] Stealth Rock
|turn|45
|
|t:|1769363092
|switch|p2a: Pecharunt|Pecharunt|49/100
|move|p1a: Chesnaught|Synthesis|p1a: Chesnaught
|-heal|p1a: Chesnaught|86/100
|
|upkeep
|turn|46
|
|t:|1769363097
|move|p2a: Pecharunt|Recover|p2a: Pecharunt
|-heal|p2a: Pecharunt|99/100
|move|p1a: Chesnaught|Knock Off|p2a: Pecharunt
|-supereffective|p2a: Pecharunt
|-damage|p2a: Pecharunt|83/100
|
|upkeep
|turn|47
|
|t:|1769363105
|switch|p1a: Magnezone|Magnezone|52/100
|-damage|p1a: Magnezone|46/100|[from] Stealth Rock
|move|p2a: Pecharunt|Malignant Chain|p1a: Magnezone
|-immune|p1a: Magnezone
|
|upkeep
|turn|48
|
|t:|1769363118
|move|p1a: Magnezone|Flash Cannon|p2a: Pecharunt
|-damage|p2a: Pecharunt|41/100
|move|p2a: Pecharunt|Shadow Ball|p1a: Magnezone
|-damage|p1a: Magnezone|27/100
|-unboost|p1a: Magnezone|spd|1
|
|upkeep
|turn|49
|
|t:|1769363125
|move|p1a: Magnezone|Flash Cannon|p2a: Pecharunt
|-damage|p2a: Pecharunt|3/100
|move|p2a: Pecharunt|Recover|p2a: Pecharunt
|-heal|p2a: Pecharunt|53/100
|
|upkeep
|turn|50
|
|t:|1769363132
|move|p1a: Magnezone|Thunderbolt|p2a: Pecharunt
|-damage|p2a: Pecharunt|6/100
|move|p2a: Pecharunt|Shadow Ball|p1a: Magnezone
|-damage|p1a: Magnezone|0 fnt
|faint|p1a: Magnezone
|
|upkeep
|
|t:|1769363143
|switch|p1a: Chesnaught|Chesnaught, F|86/100
|-damage|p1a: Chesnaught|80/100|[from] Stealth Rock
|turn|51
|
|t:|1769363155
|move|p2a: Pecharunt|Malignant Chain|p1a: Chesnaught
|-supereffective|p1a: Chesnaught
|-damage|p1a: Chesnaught|14/100
|-status|p1a: Chesnaught|tox
|-start|p1a: Chesnaught|confusion|[from] ability: Poison Puppeteer|[of] p2a: Pecharunt
|-activate|p1a: Chesnaught|confusion
|move|p1a: Chesnaught|Knock Off|p2a: Pecharunt
|-supereffective|p2a: Pecharunt
|-damage|p2a: Pecharunt|0 fnt
|faint|p2a: Pecharunt
|
|-damage|p1a: Chesnaught|8/100 tox|[from] psn
|upkeep
|
|t:|1769363170
|switch|p2a: Ogerpon|Ogerpon, F|84/100
|turn|52
|
|t:|1769363174
|move|p2a: Ogerpon|U-turn|p1a: Chesnaught
|-damage|p1a: Chesnaught|0 fnt
|faint|p1a: Chesnaught
|
|t:|1769363180
|switch|p2a: Hydreigon|Hydreigon, M, shiny, tera:Steel|54/100|[from] U-turn
|
|upkeep
|
|t:|1769363182
|switch|p1a: Gholdengo|Gholdengo|100/100
|-damage|p1a: Gholdengo|94/100|[from] Stealth Rock
|-item|p1a: Gholdengo|Air Balloon
|turn|53
|
|t:|1769363186
|move|p2a: Hydreigon|Dark Pulse|p1a: Gholdengo
|-supereffective|p1a: Gholdengo
|-damage|p1a: Gholdengo|0 fnt
|-enditem|p1a: Gholdengo|Air Balloon
|faint|p1a: Gholdengo
|
|win|barukashi r
|raw|Malcyuu's rating: 1327 &rarr; <strong>1307</strong><br />(-20 for losing)
|raw|barukashi r's rating: 1325 &rarr; <strong>1345</strong><br />(+20 for winning)
|l|☆Malcyuu
|player|p1|
