|j|☆benzibp
|j|☆DJHYO
|t:|1769440922
|gametype|singles
|player|p1|benzibp|170|1504
|player|p2|DJHYO|volkner|1460
|gen|9
|tier|[Gen 9] OU
|rated|
|rule|HP Percentage Mod: HP is shown in percentages
|rule|Endless Battle Clause: Forcing endless battles is banned
|rule|Species Clause: Limit one of each Pokémon
|rule|OHKO Clause: OHKO moves are banned
|rule|Evasion Items Clause: Evasion items are banned
|rule|Evasion Moves Clause: Evasion moves are banned
|rule|Evasion Abilities Clause: Evasion abilities are banned
|rule|Sleep Moves Clause: Sleep-inducing moves are banned
|clearpoke
|poke|p1|Glimmora, M|
|poke|p1|Landorus-Therian, M|
|poke|p1|Hatterene, F|
|poke|p1|Meowscarada, M|
|poke|p1|Zamazenta-*|
|poke|p1|Raging Bolt|
|poke|p2|Porygon-Z|
|poke|p2|Alomomola, F|
|poke|p2|Goodra-Hisui, F|
|poke|p2|Dragapult, F|
|poke|p2|Enamorus-Therian, F|
|poke|p2|Great Tusk|
|teampreview
|inactive|Battle timer is ON: inactive players will automatically lose when time's up. (requested by benzibp)
|
|t:|1769440945
|teamsize|p1|6
|teamsize|p2|6
|start
|switch|p1a: Glimmora|Glimmora, M|100/100
|switch|p2a: Dragapult|Dragapult, F|100/100
|turn|1
|
|t:|1769440949
|move|p2a: Dragapult|Dragon Darts|p1a: Glimmora
|-damage|p1a: Glimmora|59/100
|-activate|p1a: Glimmora|ability: Toxic Debris
|-sidestart|p2: DJHYO|move: Toxic Spikes
|-anim|p2a: Dragapult|Dragon Darts|p1a: Glimmora
|-crit|p1a: Glimmora
|-damage|p1a: Glimmora|0 fnt
|-activate|p1a: Glimmora|ability: Toxic Debris
|-sidestart|p2: DJHYO|move: Toxic Spikes
|faint|p1a: Glimmora
|
|upkeep
|
|t:|1769440958
|switch|p1a: Hatterene|Hatterene, F|100/100
|turn|2
|
|t:|1769440966
|switch|p2a: Goodra|Goodra-Hisui, F|100/100
|move|p1a: Hatterene|Nuzzle|p2a: Goodra
|-resisted|p2a: Goodra
|-damage|p2a: Goodra|99/100
|-status|p2a: Goodra|par
|
|upkeep
|turn|3
|
|t:|1769440976
|switch|p1a: Landorus|Landorus-Therian, M, shiny|100/100
|-ability|p1a: Landorus|Intimidate|boost
|-unboost|p2a: Goodra|atk|1
|cant|p2a: Goodra|par
|
|upkeep
|turn|4
|
|t:|1769440983
|switch|p2a: Great Tusk|Great Tusk|100/100
|-status|p2a: Great Tusk|tox
|move|p1a: Landorus|Stealth Rock|p2a: Great Tusk
|-sidestart|p2: DJHYO|move: Stealth Rock
|
|-damage|p2a: Great Tusk|94/100 tox|[from] psn
|upkeep
|turn|5
|
|t:|1769440990
|switch|p1a: Hatterene|Hatterene, F|100/100
|move|p2a: Great Tusk|Rapid Spin|p1a: Hatterene
|-damage|p1a: Hatterene|83/100
|-boost|p2a: Great Tusk|spe|1
|-sideend|p2: DJHYO|Toxic Spikes|[from] move: Rapid Spin|[of] p2a: Great Tusk
|-sideend|p2: DJHYO|Stealth Rock|[from] move: Rapid Spin|[of] p2a: Great Tusk
|
|-heal|p2a: Great Tusk|100/100 tox|[from] item: Leftovers
|-damage|p2a: Great Tusk|88/100 tox|[from] psn
|upkeep
|turn|6
|
|t:|1769440999
|-end|p2a: Great Tusk|Protosynthesis|[silent]
|switch|p2a: Goodra|Goodra-Hisui, F|99/100 par
|move|p1a: Hatterene|Draining Kiss|p2a: Goodra
|-damage|p2a: Goodra|88/100 par
|-heal|p1a: Hatterene|92/100|[from] drain|[of] p2a: Goodra
|
|upkeep
|turn|7
|
|t:|1769441005
|switch|p1a: Landorus|Landorus-Therian, M, shiny|100/100
|-ability|p1a: Landorus|Intimidate|boost
|-unboost|p2a: Goodra|atk|1
|move|p2a: Goodra|Knock Off|p1a: Landorus
|-damage|p1a: Landorus|85/100
|-damage|p2a: Goodra|71/100 par|[from] item: Rocky Helmet|[of] p1a: Landorus
|-enditem|p1a: Landorus|Rocky Helmet|[from] move: Knock Off|[of] p2a: Goodra
|
|upkeep
|turn|8
|
|t:|1769441013
|switch|p2a: Enamorus|Enamorus-Therian, F|100/100
|move|p1a: Landorus|Earthquake|p2a: Enamorus
|-immune|p2a: Enamorus
|
|upkeep
|turn|9
|
|t:|1769441016
|move|p1a: Landorus|Stealth Rock|p2a: Enamorus
|-sidestart|p2: DJHYO|move: Stealth Rock
|move|p2a: Enamorus|Substitute|p2a: Enamorus
|-start|p2a: Enamorus|Substitute
|-damage|p2a: Enamorus|76/100
|
|-heal|p2a: Enamorus|82/100|[from] item: Leftovers
|upkeep
|turn|10
|
|t:|1769441020
|move|p1a: Landorus|Taunt|p2a: Enamorus
|-start|p2a: Enamorus|move: Taunt
|move|p2a: Enamorus|Moonblast|p1a: Landorus
|-crit|p1a: Landorus
|-damage|p1a: Landorus|0 fnt
|faint|p1a: Landorus
|
|-heal|p2a: Enamorus|88/100|[from] item: Leftovers
|upkeep
|
|t:|1769441022
|switch|p1a: Meowscarada|Meowscarada, M|100/100
|turn|11
|
|t:|1769441032
|move|p1a: Meowscarada|Triple Axel|p2a: Enamorus
|-start|p1a: Meowscarada|typechange|Ice|[from] ability: Protean
|-supereffective|p2a: Enamorus
|-activate|p2a: Enamorus|move: Substitute|[damage]
|-supereffective|p2a: Enamorus
|-end|p2a: Enamorus|Substitute
|-supereffective|p2a: Enamorus
|-damage|p2a: Enamorus|23/100
|-hitcount|p2a: Enamorus|3
|move|p2a: Enamorus|Moonblast|p1a: Meowscarada
|-damage|p1a: Meowscarada|18/100
|
|-heal|p2a: Enamorus|29/100|[from] item: Leftovers
|upkeep
|turn|12
|
|t:|1769441041
|switch|p2a: Alomomola|Alomomola, F|100/100
|-damage|p2a: Alomomola|88/100|[from] Stealth Rock
|move|p1a: Meowscarada|Triple Axel|p2a: Alomomola
|-resisted|p2a: Alomomola
|-damage|p2a: Alomomola|84/100
|-damage|p1a: Meowscarada|1/100|[from] item: Rocky Helmet|[of] p2a: Alomomola
|-resisted|p2a: Alomomola
|-crit|p2a: Alomomola
|-damage|p2a: Alomomola|71/100
|-damage|p1a: Meowscarada|0 fnt|[from] item: Rocky Helmet|[of] p2a: Alomomola
|faint|p1a: Meowscarada
|-hitcount|p2a: Alomomola|2
|
|upkeep
|
|t:|1769441050
|switch|p1a: Raging Bolt|Raging Bolt|100/100
|-enditem|p1a: Raging Bolt|Booster Energy
|-activate|p1a: Raging Bolt|ability: Protosynthesis|[fromitem]
|-start|p1a: Raging Bolt|protosynthesisspa
|turn|13
|
|t:|1769441058
|switch|p2a: Goodra|Goodra-Hisui, F|71/100 par
|-damage|p2a: Goodra|65/100 par|[from] Stealth Rock
|move|p1a: Raging Bolt|Dragon Pulse|p2a: Goodra
|-damage|p2a: Goodra|39/100 par
|
|upkeep
|turn|14
|
|t:|1769441063
|move|p1a: Raging Bolt|Calm Mind|p1a: Raging Bolt
|-boost|p1a: Raging Bolt|spa|1
|-boost|p1a: Raging Bolt|spd|1
|cant|p2a: Goodra|par
|
|upkeep
|turn|15
|
|t:|1769441065
|move|p1a: Raging Bolt|Dragon Pulse|p2a: Goodra
|-damage|p2a: Goodra|0 fnt
|faint|p2a: Goodra
|
|upkeep
|
|t:|1769441069
|switch|p2a: Dragapult|Dragapult, F|100/100
|-damage|p2a: Dragapult|88/100|[from] Stealth Rock
|turn|16
|
|t:|1769441074
|-terastallize|p1a: Raging Bolt|Fairy
|move|p2a: Dragapult|Dragon Darts|p1a: Raging Bolt
|-immune|p1a: Raging Bolt
|move|p1a: Raging Bolt|Dragon Pulse|p2a: Dragapult
|-supereffective|p2a: Dragapult
|-damage|p2a: Dragapult|0 fnt
|faint|p2a: Dragapult
|
|upkeep
|
|t:|1769441078
|switch|p2a: Porygon-Z|Porygon-Z|100/100
|-damage|p2a: Porygon-Z|88/100|[from] Stealth Rock
|turn|17
|
|t:|1769441084
|-terastallize|p2a: Porygon-Z|Ground
|move|p2a: Porygon-Z|Agility|p2a: Porygon-Z
|-boost|p2a: Porygon-Z|spe|2
|move|p1a: Raging Bolt|Thunderbolt|p2a: Porygon-Z
|-immune|p2a: Porygon-Z
|
|upkeep
|turn|18
|
|t:|1769441089
|move|p2a: Porygon-Z|Tera Blast|p1a: Raging Bolt|[anim] Tera Blast Ground
|-damage|p1a: Raging Bolt|45/100
|-damage|p2a: Porygon-Z|78/100|[from] item: Life Orb
|move|p1a: Raging Bolt|Dragon Pulse|p2a: Porygon-Z
|-damage|p2a: Porygon-Z|0 fnt
|faint|p2a: Porygon-Z
|
|upkeep
|l|☆DJHYO
|inactive|DJHYO disconnected and has a minute to reconnect!
|player|p2|
|inactive|DJHYO has 30 seconds to reconnect!
|inactive|DJHYO has 20 seconds to reconnect!
|inactive|DJHYO has 15 seconds to reconnect!
|inactive|DJHYO has 10 seconds to reconnect!
|inactive|DJHYO has 5 seconds to reconnect!
|-message|DJHYO lost due to inactivity.
|
|win|benzibp
|raw|benzibp's rating: 1504 &rarr; <strong>1521</strong><br />(+17 for winning)
|raw|DJHYO's rating: 1460 &rarr; <strong>1443</strong><br />(-17 for losing)
|l|☆benzibp
|player|p1|
