|j|☆austrifero
|j|☆Antimaverick1080
|t:|1769353741
|gametype|singles
|player|p1|austrifero|pilot|1293
|player|p2|Antimaverick1080|eusine|1290
|gen|9
|tier|[Gen 9] OU
|rated|
|rule|HP Percentage Mod: HP is shown in percentages
|rule|Endless Battle Clause: Forcing endless battles is banned
|rule|Species Clause: Limit one of each Pokémon
|rule|OHKO Clause: OHKO moves are banned
|rule|Evasion Items Clause: Evasion items are banned
|rule|Evasion Moves Clause: Evasion moves are banned
|rule|Evasion Abilities Clause: Evasion abilities are banned
|rule|Sleep Moves Clause: Sleep-inducing moves are banned
|clearpoke
|poke|p1|Gholdengo|
|poke|p1|Garganacl, F|
|poke|p1|Wo-Chien|
|poke|p1|Great Tusk|
|poke|p1|Raging Bolt|
|poke|p1|Primarina, M|
|poke|p2|Iron Moth|
|poke|p2|Torkoal, F|
|poke|p2|Ceruledge, M|
|poke|p2|Walking Wake|
|poke|p2|Lilligant-Hisui, F|
|poke|p2|Great Tusk|
|teampreview
|c|☆Antimaverick1080|glhf
|c|☆austrifero|glhf
|
|t:|1769353754
|teamsize|p1|6
|teamsize|p2|6
|start
|switch|p1a: Great Tusk|Great Tusk|100/100
|switch|p2a: Steam|Torkoal, F|100/100
|-weather|SunnyDay|[from] ability: Drought|[of] p2a: Steam
|-activate|p1a: Great Tusk|ability: Protosynthesis
|-start|p1a: Great Tusk|protosynthesisatk
|turn|1
|inactive|Battle timer is ON: inactive players will automatically lose when time's up. (requested by austrifero)
|
|t:|1769353798
|switch|p2a: Brunnya|Walking Wake|100/100
|-activate|p2a: Brunnya|ability: Protosynthesis
|-start|p2a: Brunnya|protosynthesisspe
|move|p1a: Great Tusk|Headlong Rush|p2a: Brunnya
|-damage|p2a: Brunnya|5/100
|-unboost|p1a: Great Tusk|def|1
|-unboost|p1a: Great Tusk|spd|1
|
|-weather|SunnyDay|[upkeep]
|upkeep
|turn|2
|
|t:|1769353808
|-end|p1a: Great Tusk|Protosynthesis|[silent]
|switch|p1a: Primarina|Primarina, M|100/100
|move|p2a: Brunnya|Hydro Steam|p1a: Primarina
|-resisted|p1a: Primarina
|-damage|p1a: Primarina|63/100
|
|-weather|SunnyDay|[upkeep]
|-heal|p1a: Primarina|69/100|[from] item: Leftovers
|upkeep
|turn|3
|
|t:|1769353820
|-end|p2a: Brunnya|Protosynthesis|[silent]
|switch|p2a: Photovolt|Iron Moth|100/100
|move|p1a: Primarina|Draining Kiss|p2a: Photovolt
|-resisted|p2a: Photovolt
|-damage|p2a: Photovolt|96/100
|-heal|p1a: Primarina|72/100|[from] drain|[of] p2a: Photovolt
|
|-weather|SunnyDay|[upkeep]
|-heal|p1a: Primarina|78/100|[from] item: Leftovers
|upkeep
|turn|4
|
|t:|1769353830
|switch|p1a: Garganacl|Garganacl, F|100/100
|move|p2a: Photovolt|Fiery Dance|p1a: Garganacl
|-resisted|p1a: Garganacl
|-damage|p1a: Garganacl|64/100
|
|-weather|SunnyDay|[upkeep]
|-heal|p1a: Garganacl|70/100|[from] item: Leftovers
|upkeep
|turn|5
|
|t:|1769353838
|move|p2a: Photovolt|Fiery Dance|p1a: Garganacl
|-resisted|p1a: Garganacl
|-damage|p1a: Garganacl|37/100
|-boost|p2a: Photovolt|spa|1
|move|p1a: Garganacl|Stealth Rock|p2a: Photovolt
|-sidestart|p2: Antimaverick1080|move: Stealth Rock
|
|-weather|SunnyDay|[upkeep]
|-heal|p1a: Garganacl|43/100|[from] item: Leftovers
|upkeep
|turn|6
|
|t:|1769353842
|move|p1a: Garganacl|Protect|p1a: Garganacl
|-singleturn|p1a: Garganacl|Protect
|move|p2a: Photovolt|Fiery Dance|p1a: Garganacl
|-activate|p1a: Garganacl|move: Protect
|
|-weather|SunnyDay|[upkeep]
|-heal|p1a: Garganacl|49/100|[from] item: Leftovers
|upkeep
|turn|7
|
|t:|1769353847
|move|p2a: Photovolt|Fiery Dance|p1a: Garganacl
|-resisted|p1a: Garganacl
|-damage|p1a: Garganacl|1/100
|move|p1a: Garganacl|Salt Cure|p2a: Photovolt
|-supereffective|p2a: Photovolt
|-damage|p2a: Photovolt|51/100
|-start|p2a: Photovolt|Salt Cure
|
|-weather|SunnyDay|[upkeep]
|-heal|p1a: Garganacl|8/100|[from] item: Leftovers
|-damage|p2a: Photovolt|39/100|[from] Salt Cure
|upkeep
|turn|8
|
|t:|1769353853
|-end|p2a: Photovolt|Quark Drive|[silent]
|switch|p2a: Wii|Great Tusk|100/100
|-damage|p2a: Wii|98/100|[from] Stealth Rock
|-activate|p2a: Wii|ability: Protosynthesis
|-start|p2a: Wii|protosynthesisatk
|move|p1a: Garganacl|Protect||[still]
|-fail|p1a: Garganacl
|
|-weather|none
|-end|p2a: Wii|Protosynthesis
|-heal|p1a: Garganacl|14/100|[from] item: Leftovers
|upkeep
|turn|9
|
|t:|1769353866
|move|p2a: Wii|Knock Off|p1a: Garganacl
|-damage|p1a: Garganacl|0 fnt
|-enditem|p1a: Garganacl|Leftovers|[from] move: Knock Off|[of] p2a: Wii
|faint|p1a: Garganacl
|
|upkeep
|
|t:|1769353884
|switch|p1a: Primarina|Primarina, M|78/100
|turn|10
|
|t:|1769353889
|move|p2a: Wii|Rapid Spin|p1a: Primarina
|-damage|p1a: Primarina|64/100
|-boost|p2a: Wii|spe|1
|-sideend|p2: Antimaverick1080|Stealth Rock|[from] move: Rapid Spin|[of] p2a: Wii
|move|p1a: Primarina|Psychic Noise|p2a: Wii
|-supereffective|p2a: Wii
|-damage|p2a: Wii|36/100
|-start|p2a: Wii|move: Heal Block
|
|-heal|p1a: Primarina|70/100|[from] item: Leftovers
|upkeep
|turn|11
|
|t:|1769353900
|move|p2a: Wii|Headlong Rush|p1a: Primarina
|-damage|p1a: Primarina|22/100
|-unboost|p2a: Wii|def|1
|-unboost|p2a: Wii|spd|1
|move|p1a: Primarina|Draining Kiss|p2a: Wii
|-supereffective|p2a: Wii
|-damage|p2a: Wii|0 fnt
|-heal|p1a: Primarina|49/100|[from] drain|[of] p2a: Wii
|faint|p2a: Wii
|-end|p2a: Wii|Protosynthesis|[silent]
|
|-heal|p1a: Primarina|55/100|[from] item: Leftovers
|upkeep
|
|t:|1769353913
|switch|p2a: Steam|Torkoal, F|100/100
|-weather|SunnyDay|[from] ability: Drought|[of] p2a: Steam
|turn|12
|
|t:|1769353924
|move|p1a: Primarina|Psychic Noise|p2a: Steam
|-supereffective|p2a: Steam
|-crit|p2a: Steam
|-damage|p2a: Steam|44/100
|-start|p2a: Steam|move: Heal Block
|move|p2a: Steam|Stealth Rock|p1a: Primarina
|-sidestart|p1: austrifero|move: Stealth Rock
|
|-weather|SunnyDay|[upkeep]
|-heal|p1a: Primarina|61/100|[from] item: Leftovers
|upkeep
|turn|13
|inactive|Antimaverick1080 has 120 seconds left.
|
|t:|1769353955
|move|p1a: Primarina|Psychic Noise|p2a: Steam
|-supereffective|p2a: Steam
|-damage|p2a: Steam|0 fnt
|faint|p2a: Steam
|
|-weather|SunnyDay|[upkeep]
|-heal|p1a: Primarina|68/100|[from] item: Leftovers
|upkeep
|
|t:|1769353971
|switch|p2a: Azura|Lilligant-Hisui, F, shiny|100/100
|turn|14
|
|t:|1769353980
|move|p2a: Azura|Victory Dance|p2a: Azura
|-boost|p2a: Azura|atk|1
|-boost|p2a: Azura|def|1
|-boost|p2a: Azura|spe|1
|move|p1a: Primarina|Draining Kiss|p2a: Azura
|-supereffective|p2a: Azura
|-damage|p2a: Azura|32/100
|-heal|p1a: Primarina|100/100|[from] drain|[of] p2a: Azura
|
|-weather|SunnyDay|[upkeep]
|upkeep
|turn|15
|inactive|Antimaverick1080 has 120 seconds left.
|
|t:|1769353999
|move|p2a: Azura|Solar Blade||[still]
|-prepare|p2a: Azura|Solar Blade
|-anim|p2a: Azura|Solar Blade|p1a: Primarina
|-supereffective|p1a: Primarina
|-damage|p1a: Primarina|0 fnt
|faint|p1a: Primarina
|
|-weather|SunnyDay|[upkeep]
|upkeep
|
|t:|1769354005
|switch|p1a: Gholdengo|Gholdengo|100/100
|-damage|p1a: Gholdengo|94/100|[from] Stealth Rock
|-item|p1a: Gholdengo|Air Balloon
|turn|16
|inactive|Antimaverick1080 has 120 seconds left.
|
|t:|1769354015
|move|p2a: Azura|Solar Blade||[still]
|-prepare|p2a: Azura|Solar Blade
|-anim|p2a: Azura|Solar Blade|p1a: Gholdengo
|-resisted|p1a: Gholdengo
|-damage|p1a: Gholdengo|61/100
|-enditem|p1a: Gholdengo|Air Balloon
|move|p1a: Gholdengo|Hex|p2a: Azura
|-damage|p2a: Azura|0 fnt
|faint|p2a: Azura
|
|-weather|SunnyDay|[upkeep]
|upkeep
|inactive|Antimaverick1080 has 120 seconds left.
|
|t:|1769354049
|switch|p2a: Photovolt|Iron Moth|39/100
|turn|17
|
|t:|1769354059
|move|p2a: Photovolt|Fiery Dance|p1a: Gholdengo
|-supereffective|p1a: Gholdengo
|-damage|p1a: Gholdengo|0 fnt
|-boost|p2a: Photovolt|spa|1
|faint|p1a: Gholdengo
|
|-weather|SunnyDay|[upkeep]
|upkeep
|
|t:|1769354070
|switch|p1a: Raging Bolt|Raging Bolt|100/100
|-damage|p1a: Raging Bolt|88/100|[from] Stealth Rock
|-activate|p1a: Raging Bolt|ability: Protosynthesis
|-start|p1a: Raging Bolt|protosynthesisspa
|turn|18
|
|t:|1769354084
|move|p1a: Raging Bolt|Thunderclap|p2a: Photovolt
|-damage|p2a: Photovolt|0 fnt
|faint|p2a: Photovolt
|-end|p2a: Photovolt|Quark Drive|[silent]
|
|-weather|SunnyDay|[upkeep]
|upkeep
|
|t:|1769354086
|switch|p2a: Saber|Ceruledge, M, shiny|100/100
|turn|19
|
|t:|1769354100
|-end|p1a: Raging Bolt|Protosynthesis|[silent]
|switch|p1a: Wo-Chien|Wo-Chien|100/100
|-damage|p1a: Wo-Chien|88/100|[from] Stealth Rock
|-ability|p1a: Wo-Chien|Tablets of Ruin
|move|p2a: Saber|Bitter Blade|p1a: Wo-Chien
|-supereffective|p1a: Wo-Chien
|-damage|p1a: Wo-Chien|0 fnt
|faint|p1a: Wo-Chien
|
|-weather|none
|upkeep
|
|t:|1769354104
|switch|p1a: Great Tusk|Great Tusk|100/100
|-damage|p1a: Great Tusk|98/100|[from] Stealth Rock
|turn|20
|inactive|Antimaverick1080 has 120 seconds left.
|
|t:|1769354117
|-terastallize|p2a: Saber|Bug
|move|p1a: Great Tusk|Headlong Rush|p2a: Saber
|-resisted|p2a: Saber
|-damage|p2a: Saber|56/100
|-unboost|p1a: Great Tusk|def|1
|-unboost|p1a: Great Tusk|spd|1
|move|p2a: Saber|Bitter Blade|p1a: Great Tusk
|-damage|p1a: Great Tusk|46/100
|-heal|p2a: Saber|88/100|[from] drain|[of] p1a: Great Tusk
|
|upkeep
|turn|21
|
|t:|1769354127
|move|p1a: Great Tusk|Headlong Rush|p2a: Saber
|-resisted|p2a: Saber
|-damage|p2a: Saber|47/100
|-unboost|p1a: Great Tusk|def|1
|-unboost|p1a: Great Tusk|spd|1
|move|p2a: Saber|Bitter Blade|p1a: Great Tusk
|-damage|p1a: Great Tusk|0 fnt
|-heal|p2a: Saber|74/100|[from] drain|[of] p1a: Great Tusk
|faint|p1a: Great Tusk
|-end|p1a: Great Tusk|Protosynthesis|[silent]
|
|upkeep
|
|t:|1769354133
|switch|p1a: Raging Bolt|Raging Bolt|88/100
|-damage|p1a: Raging Bolt|76/100|[from] Stealth Rock
|turn|22
|
|t:|1769354154
|switch|p2a: Brunnya|Walking Wake|5/100
|move|p1a: Raging Bolt|Thunderclap||[still]
|-fail|p1a: Raging Bolt
|
|upkeep
|turn|23
|inactive|Antimaverick1080 has 120 seconds left.
|
|t:|1769354172
|-terastallize|p1a: Raging Bolt|Electric
|move|p1a: Raging Bolt|Thunderclap|p2a: Brunnya
|-damage|p2a: Brunnya|0 fnt
|faint|p2a: Brunnya
|-end|p2a: Brunnya|Protosynthesis|[silent]
|
|upkeep
|
|t:|1769354175
|switch|p2a: Saber|Ceruledge, M, shiny, tera:Bug|74/100
|turn|24
|
|t:|1769354181
|move|p1a: Raging Bolt|Thunderclap|p2a: Saber
|-damage|p2a: Saber|0 fnt
|faint|p2a: Saber
|
|win|austrifero
|raw|austrifero's rating: 1293 &rarr; <strong>1318</strong><br />(+25 for winning)
|raw|Antimaverick1080's rating: 1290 &rarr; <strong>1265</strong><br />(-25 for losing)
|c|☆Antimaverick1080|ggwp!
