|j|☆RyvalMD
|j|☆PixelPenguin2
|t:|1769294997
|gametype|singles
|player|p1|RyvalMD|102|1469
|player|p2|PixelPenguin2|guitarist|1458
|gen|9
|tier|[Gen 9] OU
|rated|
|rule|HP Percentage Mod: HP is shown in percentages
|rule|Endless Battle Clause: Forcing endless battles is banned
|rule|Species Clause: Limit one of each Pokémon
|rule|OHKO Clause: OHKO moves are banned
|rule|Evasion Items Clause: Evasion items are banned
|rule|Evasion Moves Clause: Evasion moves are banned
|rule|Evasion Abilities Clause: Evasion abilities are banned
|rule|Sleep Moves Clause: Sleep-inducing moves are banned
|clearpoke
|poke|p1|Iron Hands|
|poke|p1|Rillaboom, F|
|poke|p1|Dragapult, F|
|poke|p1|Great Tusk|
|poke|p1|Slowking-Galar, F|
|poke|p1|Kingambit, F|
|poke|p2|Gyarados, M|
|poke|p2|Landorus-Therian, M|
|poke|p2|Scizor, F|
|poke|p2|Glimmora, M|
|poke|p2|Keldeo-Resolute|
|poke|p2|Dragapult, F|
|teampreview
|inactive|Battle timer is ON: inactive players will automatically lose when time's up. (requested by PixelPenguin2)
|
|t:|1769295026
|teamsize|p1|6
|teamsize|p2|6
|start
|switch|p1a: Dragapult|Dragapult, F|100/100
|switch|p2a: Glimmora|Glimmora, M|100/100
|turn|1
|
|t:|1769295032
|switch|p2a: Scizor|Scizor, F|100/100
|move|p1a: Dragapult|Shadow Ball|p2a: Scizor
|-damage|p2a: Scizor|52/100
|
|upkeep
|turn|2
|
|t:|1769295037
|-terastallize|p1a: Dragapult|Ghost
|move|p1a: Dragapult|Shadow Ball|p2a: Scizor
|-damage|p2a: Scizor|0 fnt
|faint|p2a: Scizor
|
|upkeep
|
|t:|1769295044
|switch|p2a: Landorus|Landorus-Therian, M|100/100
|-ability|p2a: Landorus|Intimidate|boost
|-unboost|p1a: Dragapult|atk|1
|turn|3
|
|t:|1769295046
|move|p1a: Dragapult|Shadow Ball|p2a: Landorus
|-damage|p2a: Landorus|50/100
|move|p2a: Landorus|Rock Tomb|p1a: Dragapult
|-damage|p1a: Dragapult|77/100
|-unboost|p1a: Dragapult|spe|1
|
|upkeep
|turn|4
|
|t:|1769295055
|move|p2a: Landorus|Earthquake|p1a: Dragapult
|-damage|p1a: Dragapult|12/100
|move|p1a: Dragapult|Shadow Ball|p2a: Landorus
|-damage|p2a: Landorus|4/100
|-unboost|p2a: Landorus|spd|1
|
|upkeep
|turn|5
|
|t:|1769295058
|switch|p1a: Rillaboom|Rillaboom, F|100/100
|-fieldstart|move: Grassy Terrain|[from] ability: Grassy Surge|[of] p1a: Rillaboom
|move|p2a: Landorus|U-turn|p1a: Rillaboom
|-supereffective|p1a: Rillaboom
|-damage|p1a: Rillaboom|49/100
|
|t:|1769295061
|switch|p2a: Glimmora|Glimmora, M|100/100|[from] U-turn
|
|-heal|p1a: Rillaboom|56/100|[from] Grassy Terrain
|upkeep
|turn|6
|
|t:|1769295067
|move|p1a: Rillaboom|Grassy Glide|p2a: Glimmora
|-damage|p2a: Glimmora|31/100
|-activate|p2a: Glimmora|ability: Toxic Debris
|-sidestart|p1: RyvalMD|move: Toxic Spikes
|move|p2a: Glimmora|Stealth Rock|p1a: Rillaboom
|-sidestart|p1: RyvalMD|move: Stealth Rock
|
|-heal|p2a: Glimmora|37/100|[from] Grassy Terrain
|-heal|p1a: Rillaboom|62/100|[from] Grassy Terrain
|upkeep
|turn|7
|
|t:|1769295077
|move|p1a: Rillaboom|Grassy Glide|p2a: Glimmora
|-damage|p2a: Glimmora|0 fnt
|-activate|p2a: Glimmora|ability: Toxic Debris
|-sidestart|p1: RyvalMD|move: Toxic Spikes
|faint|p2a: Glimmora
|
|-heal|p1a: Rillaboom|68/100|[from] Grassy Terrain
|upkeep
|
|t:|1769295080
|switch|p2a: Dragapult|Dragapult, F|100/100
|turn|8
|
|t:|1769295084
|switch|p1a: Slowking|Slowking-Galar, F|100/100
|-sideend|p1: RyvalMD|move: Toxic Spikes|[of] p1a: Slowking
|move|p2a: Dragapult|U-turn|p1a: Slowking
|-damage|p1a: Slowking|81/100
|
|t:|1769295088
|switch|p2a: Gyarados|Gyarados, M|100/100|[from] U-turn
|-ability|p2a: Gyarados|Intimidate|boost
|-unboost|p1a: Slowking|atk|1
|
|-heal|p1a: Slowking|88/100|[from] Grassy Terrain
|upkeep
|turn|9
|
|t:|1769295094
|move|p2a: Gyarados|Dragon Dance|p2a: Gyarados
|-boost|p2a: Gyarados|atk|1
|-boost|p2a: Gyarados|spe|1
|move|p1a: Slowking|Future Sight|p2a: Gyarados
|-start|p1a: Slowking|move: Future Sight
|
|-heal|p1a: Slowking|94/100|[from] Grassy Terrain
|-fieldend|move: Grassy Terrain
|upkeep
|turn|10
|
|t:|1769295099
|switch|p1a: Rillaboom|Rillaboom, F|68/100
|-damage|p1a: Rillaboom|56/100|[from] Stealth Rock
|-fieldstart|move: Grassy Terrain|[from] ability: Grassy Surge|[of] p1a: Rillaboom
|move|p2a: Gyarados|Earthquake|p1a: Rillaboom
|-resisted|p1a: Rillaboom
|-damage|p1a: Rillaboom|42/100
|
|-heal|p1a: Rillaboom|48/100|[from] Grassy Terrain
|upkeep
|turn|11
|
|t:|1769295106
|switch|p2a: Landorus|Landorus-Therian, M|4/100
|-ability|p2a: Landorus|Intimidate|boost
|-unboost|p1a: Rillaboom|atk|1
|move|p1a: Rillaboom|Grassy Glide|p2a: Landorus
|-damage|p2a: Landorus|0 fnt
|faint|p2a: Landorus
|
|-hint|Future Sight did not hit because the target is fainted.
|-heal|p1a: Rillaboom|54/100|[from] Grassy Terrain
|upkeep
|
|t:|1769295113
|switch|p2a: Dragapult|Dragapult, F|100/100
|turn|12
|
|t:|1769295116
|switch|p1a: Kingambit|Kingambit, F|100/100
|-damage|p1a: Kingambit|94/100|[from] Stealth Rock
|move|p2a: Dragapult|Will-O-Wisp|p1a: Kingambit
|-status|p1a: Kingambit|brn
|
|-heal|p1a: Kingambit|100/100 brn|[from] Grassy Terrain
|-damage|p1a: Kingambit|94/100 brn|[from] brn
|upkeep
|turn|13
|
|t:|1769295124
|move|p2a: Dragapult|U-turn|p1a: Kingambit
|-damage|p1a: Kingambit|83/100 brn
|
|t:|1769295126
|switch|p2a: Keldeo|Keldeo-Resolute|100/100|[from] U-turn
|move|p1a: Kingambit|Iron Head|p2a: Keldeo
|-resisted|p2a: Keldeo
|-damage|p2a: Keldeo|87/100
|
|-heal|p2a: Keldeo|93/100|[from] Grassy Terrain
|-heal|p1a: Kingambit|89/100 brn|[from] Grassy Terrain
|-damage|p1a: Kingambit|83/100 brn|[from] brn
|upkeep
|turn|14
|
|t:|1769295132
|-end|p1a: Kingambit|fallenundefined|[silent]
|switch|p1a: Slowking|Slowking-Galar, F|100/100
|move|p2a: Keldeo|Calm Mind|p2a: Keldeo
|-boost|p2a: Keldeo|spa|1
|-boost|p2a: Keldeo|spd|1
|
|-heal|p2a: Keldeo|99/100|[from] Grassy Terrain
|-fieldend|move: Grassy Terrain
|upkeep
|turn|15
|
|t:|1769295138
|-terastallize|p2a: Keldeo|Steel
|move|p2a: Keldeo|Calm Mind|p2a: Keldeo
|-boost|p2a: Keldeo|spa|1
|-boost|p2a: Keldeo|spd|1
|move|p1a: Slowking|Future Sight|p2a: Keldeo
|-start|p1a: Slowking|move: Future Sight
|
|upkeep
|turn|16
|
|t:|1769295145
|move|p2a: Keldeo|Calm Mind|p2a: Keldeo
|-boost|p2a: Keldeo|spa|1
|-boost|p2a: Keldeo|spd|1
|-prepare|p1a: Slowking|Chilly Reception|[premajor]
|move|p1a: Slowking|Chilly Reception|p1a: Slowking
|-weather|Snowscape
|
|t:|1769295163
|switch|p1a: Kingambit|Kingambit, F|83/100 brn|[from] Chilly Reception
|-damage|p1a: Kingambit|77/100 brn|[from] Stealth Rock
|
|-weather|Snowscape|[upkeep]
|-damage|p1a: Kingambit|71/100 brn|[from] brn
|upkeep
|turn|17
|
|t:|1769295167
|move|p1a: Kingambit|Sucker Punch|p2a: Keldeo
|-damage|p2a: Keldeo|70/100
|-ability|p2a: Keldeo|Justified|boost
|-boost|p2a: Keldeo|atk|1
|move|p2a: Keldeo|Surf|p1a: Kingambit
|-damage|p1a: Kingambit|0 fnt
|faint|p1a: Kingambit
|-end|p1a: Kingambit|fallenundefined|[silent]
|
|-weather|Snowscape|[upkeep]
|-end|p2a: Keldeo|move: Future Sight
|-resisted|p2a: Keldeo
|-damage|p2a: Keldeo|59/100
|upkeep
|
|t:|1769295189
|switch|p1a: Dragapult|Dragapult, F, tera:Ghost|12/100
|-damage|p1a: Dragapult|0 fnt|[from] Stealth Rock
|faint|p1a: Dragapult
|
|t:|1769295192
|switch|p1a: Rillaboom|Rillaboom, F|54/100
|-damage|p1a: Rillaboom|42/100|[from] Stealth Rock
|-fieldstart|move: Grassy Terrain|[from] ability: Grassy Surge|[of] p1a: Rillaboom
|turn|18
|
|t:|1769295200
|move|p2a: Keldeo|Vacuum Wave|p1a: Rillaboom
|-damage|p1a: Rillaboom|0 fnt
|faint|p1a: Rillaboom
|
|-weather|Snowscape|[upkeep]
|-heal|p2a: Keldeo|65/100|[from] Grassy Terrain
|upkeep
|
|t:|1769295203
|switch|p1a: Iron Hands|Iron Hands|100/100
|-damage|p1a: Iron Hands|94/100|[from] Stealth Rock
|-enditem|p1a: Iron Hands|Grassy Seed
|-boost|p1a: Iron Hands|def|1|[from] item: Grassy Seed
|turn|19
|
|t:|1769295205
|move|p2a: Keldeo|Surf|p1a: Iron Hands
|-damage|p1a: Iron Hands|0 fnt
|faint|p1a: Iron Hands
|-end|p1a: Iron Hands|Quark Drive|[silent]
|
|-weather|Snowscape|[upkeep]
|-heal|p2a: Keldeo|71/100|[from] Grassy Terrain
|upkeep
|l|☆RyvalMD
|inactive|RyvalMD disconnected and has a minute to reconnect!
|player|p1|
|inactive|RyvalMD has 30 seconds to reconnect!
|inactive|RyvalMD has 20 seconds to reconnect!
|inactive|RyvalMD has 15 seconds to reconnect!
|inactive|RyvalMD has 10 seconds to reconnect!
|inactive|RyvalMD has 5 seconds to reconnect!
|-message|RyvalMD lost due to inactivity.
|
|win|PixelPenguin2
|raw|RyvalMD's rating: 1469 &rarr; <strong>1448</strong><br />(-21 for losing)
|raw|PixelPenguin2's rating: 1458 &rarr; <strong>1479</strong><br />(+21 for winning)
