|j|☆Smashdudds
|j|☆irdkwhatimdoin
|t:|1769356797
|gametype|singles
|player|p1|Smashdudds|sage|1067
|player|p2|irdkwhatimdoin|iris|1082
|gen|9
|tier|[Gen 9] OU
|rated|
|rule|HP Percentage Mod: HP is shown in percentages
|rule|Endless Battle Clause: Forcing endless battles is banned
|rule|Species Clause: Limit one of each Pokémon
|rule|OHKO Clause: OHKO moves are banned
|rule|Evasion Items Clause: Evasion items are banned
|rule|Evasion Moves Clause: Evasion moves are banned
|rule|Evasion Abilities Clause: Evasion abilities are banned
|rule|Sleep Moves Clause: Sleep-inducing moves are banned
|clearpoke
|poke|p1|Garchomp, M|
|poke|p1|Sinistcha|
|poke|p1|Manaphy|
|poke|p1|Slowking-Galar, F|
|poke|p1|Glaceon, F|
|poke|p1|Pikachu-Alola, M|
|poke|p2|Diancie|
|poke|p2|Corviknight, M|
|poke|p2|Gholdengo|
|poke|p2|Ogerpon-Wellspring, F|
|poke|p2|Glimmora, F|
|poke|p2|Ting-Lu|
|teampreview
|
|t:|1769356806
|teamsize|p1|6
|teamsize|p2|6
|start
|switch|p1a: Garchomp|Garchomp, M|100/100
|switch|p2a: Glimmora|Glimmora, F|100/100
|turn|1
|
|t:|1769356820
|switch|p2a: Gholdengo|Gholdengo|100/100
|-item|p2a: Gholdengo|Air Balloon
|move|p1a: Garchomp|Spikes|p2a: Gholdengo
|-sidestart|p2: irdkwhatimdoin|Spikes
|
|upkeep
|turn|2
|
|t:|1769356832
|move|p2a: Gholdengo|Nasty Plot|p2a: Gholdengo
|-boost|p2a: Gholdengo|spa|2
|move|p1a: Garchomp|Spikes|p2a: Gholdengo
|-sidestart|p2: irdkwhatimdoin|Spikes
|
|upkeep
|turn|3
|
|t:|1769356851
|switch|p1a: MLK|Sinistcha|100/100
|move|p2a: Gholdengo|Nasty Plot|p2a: Gholdengo
|-boost|p2a: Gholdengo|spa|2
|
|upkeep
|turn|4
|
|t:|1769356860
|move|p2a: Gholdengo|Shadow Ball|p1a: MLK
|-supereffective|p1a: MLK
|-damage|p1a: MLK|0 fnt
|faint|p1a: MLK
|
|upkeep
|
|t:|1769356866
|switch|p1a: Whole Milk|Slowking-Galar, F|100/100
|turn|5
|
|t:|1769356880
|move|p2a: Gholdengo|Shadow Ball|p1a: Whole Milk
|-supereffective|p1a: Whole Milk
|-enditem|p1a: Whole Milk|Focus Sash
|-damage|p1a: Whole Milk|1/100
|-prepare|p1a: Whole Milk|Chilly Reception|[premajor]
|move|p1a: Whole Milk|Chilly Reception|p1a: Whole Milk
|-weather|Snowscape
|
|t:|1769356890
|switch|p1a: Glaceon|Glaceon, F|100/100|[from] Chilly Reception
|
|-weather|Snowscape|[upkeep]
|upkeep
|turn|6
|
|t:|1769356901
|move|p2a: Gholdengo|Make It Rain|p1a: Glaceon
|-supereffective|p1a: Glaceon
|-damage|p1a: Glaceon|0 fnt
|-unboost|p2a: Gholdengo|spa|1
|faint|p1a: Glaceon
|
|-weather|Snowscape|[upkeep]
|upkeep
|
|t:|1769356910
|switch|p1a: Pikachu|Pikachu-Alola, M|100/100
|turn|7
|
|t:|1769356914
|move|p1a: Pikachu|Fake Out|p2a: Gholdengo
|-immune|p2a: Gholdengo
|move|p2a: Gholdengo|Make It Rain|p1a: Pikachu
|-resisted|p1a: Pikachu
|-damage|p1a: Pikachu|0 fnt
|-unboost|p2a: Gholdengo|spa|1
|faint|p1a: Pikachu
|
|-weather|Snowscape|[upkeep]
|upkeep
|
|t:|1769356926
|switch|p1a: Manaphy|Manaphy|100/100
|turn|8
|
|t:|1769356935
|move|p1a: Manaphy|Knock Off|p2a: Gholdengo
|-supereffective|p2a: Gholdengo
|-damage|p2a: Gholdengo|26/100
|-enditem|p2a: Gholdengo|Air Balloon
|move|p2a: Gholdengo|Shadow Ball|p1a: Manaphy
|-damage|p1a: Manaphy|14/100
|
|-weather|Snowscape|[upkeep]
|-heal|p1a: Manaphy|20/100|[from] item: Leftovers
|upkeep
|turn|9
|
|t:|1769356945
|move|p1a: Manaphy|Knock Off|p2a: Gholdengo
|-supereffective|p2a: Gholdengo
|-damage|p2a: Gholdengo|0 fnt
|faint|p2a: Gholdengo
|
|-weather|none
|-heal|p1a: Manaphy|26/100|[from] item: Leftovers
|upkeep
|
|t:|1769356949
|switch|p2a: Corviknight|Corviknight, M|100/100
|-ability|p2a: Corviknight|Unnerve
|turn|10
|
|t:|1769356975
|move|p1a: Manaphy|Tail Glow|p1a: Manaphy
|-boost|p1a: Manaphy|spa|3
|move|p2a: Corviknight|Defog|p1a: Manaphy
|-unboost|p1a: Manaphy|evasion|1
|-sideend|p2: irdkwhatimdoin|Spikes|[from] move: Defog|[of] p2a: Corviknight
|
|-heal|p1a: Manaphy|32/100|[from] item: Leftovers
|upkeep
|turn|11
|
|t:|1769356995
|move|p1a: Manaphy|Flip Turn|p2a: Corviknight
|-damage|p2a: Corviknight|77/100
|
|t:|1769356998
|switch|p1a: Whole Milk|Slowking-Galar, F|34/100|[from] Flip Turn
|move|p2a: Corviknight|U-turn|p1a: Whole Milk
|-damage|p1a: Whole Milk|20/100
|
|t:|1769357009
|switch|p2a: Ogerpon|Ogerpon-Wellspring, F|100/100|[from] U-turn
|
|upkeep
|turn|12
|
|t:|1769357017
|move|p2a: Ogerpon|Ivy Cudgel|p1a: Whole Milk|[anim] Ivy Cudgel Water
|-crit|p1a: Whole Milk
|-damage|p1a: Whole Milk|0 fnt
|faint|p1a: Whole Milk
|
|upkeep
|
|t:|1769357026
|switch|p1a: Garchomp|Garchomp, M|100/100
|turn|13
|
|t:|1769357031
|move|p2a: Ogerpon|Swords Dance|p2a: Ogerpon
|-boost|p2a: Ogerpon|atk|2
|move|p1a: Garchomp|Earthquake|p2a: Ogerpon
|-resisted|p2a: Ogerpon
|-damage|p2a: Ogerpon|73/100
|
|upkeep
|turn|14
|
|t:|1769357042
|move|p2a: Ogerpon|Horn Leech|p1a: Garchomp
|-damage|p1a: Garchomp|24/100
|-heal|p2a: Ogerpon|100/100|[from] drain|[of] p1a: Garchomp
|-damage|p2a: Ogerpon|88/100|[from] ability: Rough Skin|[of] p1a: Garchomp
|move|p1a: Garchomp|Earthquake|p2a: Ogerpon
|-resisted|p2a: Ogerpon
|-damage|p2a: Ogerpon|60/100
|
|upkeep
|turn|15
|
|t:|1769357057
|move|p2a: Ogerpon|Horn Leech|p1a: Garchomp
|-damage|p1a: Garchomp|0 fnt
|-heal|p2a: Ogerpon|77/100|[from] drain|[of] p1a: Garchomp
|-damage|p2a: Ogerpon|65/100|[from] ability: Rough Skin|[of] p1a: Garchomp
|faint|p1a: Garchomp
|
|upkeep
|
|t:|1769357065
|switch|p1a: Manaphy|Manaphy|32/100
|turn|16
|
|t:|1769357073
|move|p2a: Ogerpon|Horn Leech|p1a: Manaphy
|-supereffective|p1a: Manaphy
|-damage|p1a: Manaphy|0 fnt
|-heal|p2a: Ogerpon|83/100|[from] drain|[of] p1a: Manaphy
|faint|p1a: Manaphy
|
|win|irdkwhatimdoin
|raw|Smashdudds's rating: 1067 &rarr; <strong>1048</strong><br />(-19 for losing)
|raw|irdkwhatimdoin's rating: 1082 &rarr; <strong>1109</strong><br />(+27 for winning)
|l|☆irdkwhatimdoin
|player|p2|
|l|☆Smashdudds
|player|p1|
