|j|☆put to sleepp
|j|‽Jdjdjdjdosjed
|t:|1769386140
|gametype|singles
|player|p1|put to sleepp|bellelba|1073
|player|p2|Jdjdjdjdosjed|lucian|1050
|gen|9
|tier|[Gen 9] OU
|rated|
|rule|HP Percentage Mod: HP is shown in percentages
|rule|Endless Battle Clause: Forcing endless battles is banned
|rule|Species Clause: Limit one of each Pokémon
|rule|OHKO Clause: OHKO moves are banned
|rule|Evasion Items Clause: Evasion items are banned
|rule|Evasion Moves Clause: Evasion moves are banned
|rule|Evasion Abilities Clause: Evasion abilities are banned
|rule|Sleep Moves Clause: Sleep-inducing moves are banned
|clearpoke
|poke|p1|Lechonk, L1, M|
|poke|p1|Gholdengo|
|poke|p1|Corviknight, M|
|poke|p1|Garganacl, M|
|poke|p1|Quagsire, M|
|poke|p1|Toxapex, F|
|poke|p2|Darkrai|
|poke|p2|Great Tusk|
|poke|p2|Ogerpon-Wellspring, F|
|poke|p2|Gholdengo|
|poke|p2|Dragonite, M|
|poke|p2|Ting-Lu|
|teampreview
|inactive|Battle timer is ON: inactive players will automatically lose when time's up. (requested by Jdjdjdjdosjed)
|
|t:|1769386153
|teamsize|p1|6
|teamsize|p2|6
|start
|switch|p1a: Corviknight|Corviknight, M|100/100
|switch|p2a: Ogerpon|Ogerpon-Wellspring, F|100/100
|-ability|p1a: Corviknight|Pressure
|turn|1
|
|t:|1769386161
|switch|p1a: Toxapex|Toxapex, F|100/100
|move|p2a: Ogerpon|Knock Off|p1a: Toxapex
|-damage|p1a: Toxapex|75/100
|-enditem|p1a: Toxapex|Leftovers|[from] move: Knock Off|[of] p2a: Ogerpon
|
|upkeep
|turn|2
|
|t:|1769386168
|move|p1a: Toxapex|Baneful Bunker|p1a: Toxapex
|-singleturn|p1a: Toxapex|move: Protect
|move|p2a: Ogerpon|U-turn|p1a: Toxapex
|-activate|p1a: Toxapex|move: Protect
|-status|p2a: Ogerpon|psn
|
|-damage|p2a: Ogerpon|88/100 psn|[from] psn
|upkeep
|turn|3
|
|t:|1769386177
|move|p2a: Ogerpon|U-turn|p1a: Toxapex
|-resisted|p1a: Toxapex
|-damage|p1a: Toxapex|67/100
|
|t:|1769386184
|switch|p2a: Gholdengo|Gholdengo|100/100|[from] U-turn
|-item|p2a: Gholdengo|Air Balloon
|move|p1a: Toxapex|Infestation|p2a: Gholdengo
|-resisted|p2a: Gholdengo
|-crit|p2a: Gholdengo
|-damage|p2a: Gholdengo|99/100
|-activate|p2a: Gholdengo|move: Infestation|[of] p1a: Toxapex
|-enditem|p2a: Gholdengo|Air Balloon
|
|-damage|p2a: Gholdengo|87/100|[from] move: Infestation|[partiallytrapped]
|upkeep
|turn|4
|
|t:|1769386197
|move|p1a: Toxapex|Baneful Bunker|p1a: Toxapex
|-singleturn|p1a: Toxapex|move: Protect
|move|p2a: Gholdengo|Nasty Plot|p2a: Gholdengo
|-boost|p2a: Gholdengo|spa|2
|
|-damage|p2a: Gholdengo|75/100|[from] move: Infestation|[partiallytrapped]
|upkeep
|turn|5
|
|t:|1769386205
|move|p2a: Gholdengo|Shadow Ball|p1a: Toxapex
|-damage|p1a: Toxapex|5/100
|move|p1a: Toxapex|Haze|p1a: Toxapex
|-clearallboost
|
|-damage|p2a: Gholdengo|62/100|[from] move: Infestation|[partiallytrapped]
|upkeep
|turn|6
|
|t:|1769386214
|switch|p1a: Garganacl|Garganacl, M|100/100
|move|p2a: Gholdengo|Recover|p2a: Gholdengo
|-heal|p2a: Gholdengo|100/100
|
|-end|p2a: Gholdengo|Infestation|[partiallytrapped]|[silent]
|upkeep
|turn|7
|
|t:|1769386234
|switch|p2a: Ting-Lu|Ting-Lu|100/100
|-ability|p2a: Ting-Lu|Vessel of Ruin
|move|p1a: Garganacl|Salt Cure|p2a: Ting-Lu
|-resisted|p2a: Ting-Lu
|-damage|p2a: Ting-Lu|97/100
|-start|p2a: Ting-Lu|Salt Cure
|
|-heal|p2a: Ting-Lu|100/100|[from] item: Leftovers
|-damage|p2a: Ting-Lu|88/100|[from] Salt Cure
|upkeep
|turn|8
|
|t:|1769386246
|move|p2a: Ting-Lu|Spikes|p1a: Garganacl
|-sidestart|p1: put to sleepp|Spikes
|move|p1a: Garganacl|Stealth Rock|p2a: Ting-Lu
|-sidestart|p2: Jdjdjdjdosjed|move: Stealth Rock
|
|-heal|p2a: Ting-Lu|94/100|[from] item: Leftovers
|-damage|p2a: Ting-Lu|82/100|[from] Salt Cure
|upkeep
|turn|9
|
|t:|1769386257
|move|p2a: Ting-Lu|Spikes|p1a: Garganacl
|-sidestart|p1: put to sleepp|Spikes
|move|p1a: Garganacl|Earthquake|p2a: Ting-Lu
|-crit|p2a: Ting-Lu
|-damage|p2a: Ting-Lu|64/100
|
|-heal|p2a: Ting-Lu|70/100|[from] item: Leftovers
|-damage|p2a: Ting-Lu|58/100|[from] Salt Cure
|upkeep
|turn|10
|
|t:|1769386266
|move|p2a: Ting-Lu|Spikes|p1a: Garganacl
|-sidestart|p1: put to sleepp|Spikes
|move|p1a: Garganacl|Salt Cure|p2a: Ting-Lu
|-resisted|p2a: Ting-Lu
|-damage|p2a: Ting-Lu|54/100
|
|-heal|p2a: Ting-Lu|61/100|[from] item: Leftovers
|-damage|p2a: Ting-Lu|48/100|[from] Salt Cure
|upkeep
|turn|11
|
|t:|1769386277
|switch|p1a: Corviknight|Corviknight, M|100/100
|-ability|p1a: Corviknight|Pressure
|move|p2a: Ting-Lu|Earthquake|p1a: Corviknight
|-immune|p1a: Corviknight
|
|-heal|p2a: Ting-Lu|54/100|[from] item: Leftovers
|-damage|p2a: Ting-Lu|42/100|[from] Salt Cure
|upkeep
|turn|12
|
|t:|1769386289
|move|p1a: Corviknight|Defog|p2a: Ting-Lu
|-unboost|p2a: Ting-Lu|evasion|1
|-sideend|p2: Jdjdjdjdosjed|Stealth Rock|[from] move: Defog|[of] p1a: Corviknight
|-sideend|p1: put to sleepp|Spikes|[from] move: Defog|[of] p1a: Corviknight
|move|p2a: Ting-Lu|Ruination|p1a: Corviknight
|-damage|p1a: Corviknight|50/100
|
|-heal|p2a: Ting-Lu|48/100|[from] item: Leftovers
|-damage|p2a: Ting-Lu|36/100|[from] Salt Cure
|upkeep
|turn|13
|
|t:|1769386299
|move|p1a: Corviknight|Taunt|p2a: Ting-Lu
|-start|p2a: Ting-Lu|move: Taunt
|move|p2a: Ting-Lu|Earthquake|p1a: Corviknight
|-immune|p1a: Corviknight
|
|-heal|p2a: Ting-Lu|42/100|[from] item: Leftovers
|-damage|p2a: Ting-Lu|29/100|[from] Salt Cure
|upkeep
|turn|14
|
|t:|1769386309
|move|p1a: Corviknight|Roost|p1a: Corviknight
|-heal|p1a: Corviknight|100/100
|-singleturn|p1a: Corviknight|move: Roost
|move|p2a: Ting-Lu|Earthquake|p1a: Corviknight
|-supereffective|p1a: Corviknight
|-damage|p1a: Corviknight|44/100
|
|-heal|p2a: Ting-Lu|36/100|[from] item: Leftovers
|-damage|p2a: Ting-Lu|23/100|[from] Salt Cure
|upkeep
|turn|15
|
|t:|1769386320
|move|p1a: Corviknight|Roost|p1a: Corviknight
|-heal|p1a: Corviknight|94/100
|-singleturn|p1a: Corviknight|move: Roost
|move|p2a: Ting-Lu|Earthquake|p1a: Corviknight
|-supereffective|p1a: Corviknight
|-damage|p1a: Corviknight|38/100
|
|-heal|p2a: Ting-Lu|29/100|[from] item: Leftovers
|-damage|p2a: Ting-Lu|17/100|[from] Salt Cure
|-end|p2a: Ting-Lu|move: Taunt
|upkeep
|turn|16
|
|t:|1769386331
|move|p1a: Corviknight|Brave Bird|p2a: Ting-Lu
|-damage|p2a: Ting-Lu|0 fnt
|faint|p2a: Ting-Lu
|-damage|p1a: Corviknight|31/100|[from] Recoil
|
|upkeep
|
|t:|1769386349
|switch|p2a: Darkrai|Darkrai|100/100
|turn|17
|
|t:|1769386359
|move|p2a: Darkrai|Nasty Plot|p2a: Darkrai
|-boost|p2a: Darkrai|spa|2
|move|p1a: Corviknight|Roost|p1a: Corviknight
|-heal|p1a: Corviknight|81/100
|-singleturn|p1a: Corviknight|move: Roost
|
|upkeep
|turn|18
|
|t:|1769386367
|switch|p1a: Toxapex|Toxapex, F|39/100
|move|p2a: Darkrai|Nasty Plot|p2a: Darkrai
|-boost|p2a: Darkrai|spa|2
|
|upkeep
|turn|19
|
|t:|1769386373
|move|p2a: Darkrai|Dark Pulse|p1a: Toxapex
|-damage|p1a: Toxapex|0 fnt
|faint|p1a: Toxapex
|
|upkeep
|
|t:|1769386375
|switch|p1a: Quagsire|Quagsire, M|100/100
|turn|20
|
|t:|1769386380
|move|p2a: Darkrai|Will-O-Wisp|p1a: Quagsire|[miss]
|-miss|p2a: Darkrai|p1a: Quagsire
|move|p1a: Quagsire|Toxic|p2a: Darkrai|[miss]
|-miss|p1a: Quagsire|p2a: Darkrai
|
|upkeep
|turn|21
|
|t:|1769386386
|move|p2a: Darkrai|Will-O-Wisp|p1a: Quagsire
|-status|p1a: Quagsire|brn
|move|p1a: Quagsire|Toxic|p2a: Darkrai
|-status|p2a: Darkrai|tox
|
|-damage|p2a: Darkrai|94/100 tox|[from] psn
|-damage|p1a: Quagsire|94/100 brn|[from] brn
|upkeep
|turn|22
|
|t:|1769386397
|switch|p2a: Ogerpon|Ogerpon-Wellspring, F|88/100 psn
|move|p1a: Quagsire|Recover|p1a: Quagsire
|-heal|p1a: Quagsire|100/100 brn
|
|-damage|p2a: Ogerpon|76/100 psn|[from] psn
|-damage|p1a: Quagsire|94/100 brn|[from] brn
|upkeep
|turn|23
|
|t:|1769386410
|switch|p1a: Lechonk|Lechonk, L1, M|100/100
|move|p2a: Ogerpon|Knock Off|p1a: Lechonk
|-enditem|p1a: Lechonk|Focus Sash
|-damage|p1a: Lechonk|9/100
|
|-damage|p2a: Ogerpon|64/100 psn|[from] psn
|upkeep
|turn|24
|
|t:|1769386419
|move|p2a: Ogerpon|U-turn|p1a: Lechonk
|-damage|p1a: Lechonk|0 fnt
|faint|p1a: Lechonk
|-message|put to sleepp forfeited.
|
|win|Jdjdjdjdosjed
|raw|put to sleepp's rating: 1073 &rarr; <strong>1051</strong><br />(-22 for losing)
|raw|Jdjdjdjdosjed's rating: 1050 &rarr; <strong>1085</strong><br />(+35 for winning)
|l|☆put to sleepp
|player|p1|
|l|‽Jdjdjdjdosjed
|player|p2|
