|j|☆masterkisame123
|j|☆kfkzzl
|t:|1769323235
|gametype|singles
|player|p1|masterkisame123|wallace-masters|1360
|player|p2|kfkzzl|265|1377
|gen|9
|tier|[Gen 9] OU
|rated|
|rule|HP Percentage Mod: HP is shown in percentages
|rule|Endless Battle Clause: Forcing endless battles is banned
|rule|Species Clause: Limit one of each Pokémon
|rule|OHKO Clause: OHKO moves are banned
|rule|Evasion Items Clause: Evasion items are banned
|rule|Evasion Moves Clause: Evasion moves are banned
|rule|Evasion Abilities Clause: Evasion abilities are banned
|rule|Sleep Moves Clause: Sleep-inducing moves are banned
|clearpoke
|poke|p1|Swampert, M|
|poke|p1|Heatran, F|
|poke|p1|Amoonguss, M|
|poke|p1|Zapdos|
|poke|p1|Garganacl, F|
|poke|p1|Scizor, F|
|poke|p2|Sandy Shocks|
|poke|p2|Scizor, F|
|poke|p2|Manaphy|
|poke|p2|Latios, M|
|poke|p2|Ogerpon, F|
|poke|p2|Iron Jugulis|
|teampreview
|inactive|Battle timer is ON: inactive players will automatically lose when time's up. (requested by masterkisame123)
|
|t:|1769323240
|teamsize|p1|6
|teamsize|p2|6
|start
|switch|p1a: Swampert|Swampert, M|100/100
|switch|p2a: Sandy Shocks|Sandy Shocks|100/100
|-enditem|p2a: Sandy Shocks|Booster Energy
|-activate|p2a: Sandy Shocks|ability: Protosynthesis|[fromitem]
|-start|p2a: Sandy Shocks|protosynthesisspe
|turn|1
|
|t:|1769323246
|move|p2a: Sandy Shocks|Stealth Rock|p1a: Swampert
|-sidestart|p1: masterkisame123|move: Stealth Rock
|move|p1a: Swampert|Earthquake|p2a: Sandy Shocks
|-supereffective|p2a: Sandy Shocks
|-damage|p2a: Sandy Shocks|0 fnt
|faint|p2a: Sandy Shocks
|-end|p2a: Sandy Shocks|Protosynthesis|[silent]
|
|upkeep
|
|t:|1769323266
|switch|p2a: Ogerpon|Ogerpon, F|100/100
|turn|2
|
|t:|1769323270
|switch|p1a: Amoonguss|Amoonguss, M|100/100
|-damage|p1a: Amoonguss|88/100|[from] Stealth Rock
|move|p2a: Ogerpon|Swords Dance|p2a: Ogerpon
|-boost|p2a: Ogerpon|atk|2
|
|upkeep
|turn|3
|inactive|kfkzzl has 120 seconds left.
|
|t:|1769323308
|switch|p2a: Iron Jugulis|Iron Jugulis|100/100
|-enditem|p2a: Iron Jugulis|Booster Energy
|-activate|p2a: Iron Jugulis|ability: Quark Drive|[fromitem]
|-start|p2a: Iron Jugulis|quarkdrivespe
|move|p1a: Amoonguss|Clear Smog|p2a: Iron Jugulis
|-damage|p2a: Iron Jugulis|83/100
|-clearboost|p2a: Iron Jugulis
|
|upkeep
|turn|4
|inactive|kfkzzl has 120 seconds left.
|
|t:|1769323326
|move|p2a: Iron Jugulis|Hurricane|p1a: Amoonguss
|-supereffective|p1a: Amoonguss
|-damage|p1a: Amoonguss|0 fnt
|faint|p1a: Amoonguss
|
|upkeep
|
|t:|1769323329
|switch|p1a: Scizor|Scizor, F|100/100
|turn|5
|inactive|kfkzzl has 120 seconds left.
|
|t:|1769323337
|-terastallize|p2a: Iron Jugulis|Ground
|move|p2a: Iron Jugulis|Earth Power|p1a: Scizor
|-damage|p1a: Scizor|46/100
|move|p1a: Scizor|Defog|p2a: Iron Jugulis
|-unboost|p2a: Iron Jugulis|evasion|1
|-sideend|p1: masterkisame123|Stealth Rock|[from] move: Defog|[of] p1a: Scizor
|
|upkeep
|turn|6
|inactive|kfkzzl has 120 seconds left.
|
|t:|1769323350
|switch|p1a: Zapdos|Zapdos|100/100
|move|p2a: Iron Jugulis|Earth Power|p1a: Zapdos
|-immune|p1a: Zapdos
|
|upkeep
|turn|7
|
|t:|1769323354
|move|p2a: Iron Jugulis|Hurricane|p1a: Zapdos
|-resisted|p1a: Zapdos
|-damage|p1a: Zapdos|72/100
|-start|p1a: Zapdos|confusion
|-activate|p1a: Zapdos|confusion
|move|p1a: Zapdos|Hurricane|p2a: Iron Jugulis
|-damage|p2a: Iron Jugulis|16/100
|
|upkeep
|turn|8
|
|t:|1769323365
|move|p2a: Iron Jugulis|Dark Pulse|p1a: Zapdos
|-damage|p1a: Zapdos|37/100
|-activate|p1a: Zapdos|confusion
|move|p1a: Zapdos|Hurricane|p2a: Iron Jugulis
|-damage|p2a: Iron Jugulis|0 fnt
|faint|p2a: Iron Jugulis
|-end|p2a: Iron Jugulis|Quark Drive|[silent]
|
|upkeep
|
|t:|1769323379
|switch|p2a: Ogerpon|Ogerpon, F|100/100
|turn|9
|
|t:|1769323382
|move|p2a: Ogerpon|Rock Tomb|p1a: Zapdos
|-supereffective|p1a: Zapdos
|-damage|p1a: Zapdos|0 fnt
|faint|p1a: Zapdos
|-damage|p2a: Ogerpon|91/100|[from] item: Life Orb
|
|upkeep
|
|t:|1769323385
|switch|p1a: Garganacl|Garganacl, F|100/100
|turn|10
|
|t:|1769323397
|-terastallize|p1a: Garganacl|Flying
|move|p2a: Ogerpon|Ivy Cudgel|p1a: Garganacl
|-resisted|p1a: Garganacl
|-crit|p1a: Garganacl
|-damage|p1a: Garganacl|75/100
|-damage|p2a: Ogerpon|81/100|[from] item: Life Orb
|move|p1a: Garganacl|Curse|p1a: Garganacl
|-unboost|p1a: Garganacl|spe|1
|-boost|p1a: Garganacl|atk|1
|-boost|p1a: Garganacl|def|1
|
|-heal|p1a: Garganacl|82/100|[from] item: Leftovers
|upkeep
|turn|11
|
|t:|1769323408
|move|p2a: Ogerpon|Encore|p1a: Garganacl
|-start|p1a: Garganacl|Encore
|move|p1a: Garganacl|Curse|p1a: Garganacl
|-unboost|p1a: Garganacl|spe|1
|-boost|p1a: Garganacl|atk|1
|-boost|p1a: Garganacl|def|1
|
|-heal|p1a: Garganacl|88/100|[from] item: Leftovers
|upkeep
|turn|12
|
|t:|1769323411
|move|p2a: Ogerpon|Swords Dance|p2a: Ogerpon
|-boost|p2a: Ogerpon|atk|2
|move|p1a: Garganacl|Curse|p1a: Garganacl
|-unboost|p1a: Garganacl|spe|1
|-boost|p1a: Garganacl|atk|1
|-boost|p1a: Garganacl|def|1
|
|-heal|p1a: Garganacl|94/100|[from] item: Leftovers
|upkeep
|turn|13
|
|t:|1769323414
|move|p2a: Ogerpon|Swords Dance|p2a: Ogerpon
|-boost|p2a: Ogerpon|atk|2
|move|p1a: Garganacl|Curse|p1a: Garganacl
|-unboost|p1a: Garganacl|spe|1
|-boost|p1a: Garganacl|atk|1
|-boost|p1a: Garganacl|def|1
|
|-heal|p1a: Garganacl|99/100|[from] item: Leftovers
|-end|p1a: Garganacl|Encore
|upkeep
|turn|14
|
|t:|1769323418
|move|p2a: Ogerpon|Encore|p1a: Garganacl
|-start|p1a: Garganacl|Encore
|move|p1a: Garganacl|Curse|p1a: Garganacl
|-unboost|p1a: Garganacl|spe|1
|-boost|p1a: Garganacl|atk|1
|-boost|p1a: Garganacl|def|1
|
|-heal|p1a: Garganacl|100/100|[from] item: Leftovers
|upkeep
|turn|15
|
|t:|1769323423
|move|p2a: Ogerpon|Swords Dance|p2a: Ogerpon
|-boost|p2a: Ogerpon|atk|2
|move|p1a: Garganacl|Curse|p1a: Garganacl
|-unboost|p1a: Garganacl|spe|1
|-boost|p1a: Garganacl|atk|1
|-boost|p1a: Garganacl|def|1
|
|upkeep
|turn|16
|
|t:|1769323428
|move|p2a: Ogerpon|Rock Tomb|p1a: Garganacl
|-supereffective|p1a: Garganacl
|-damage|p1a: Garganacl|73/100
|-damage|p2a: Ogerpon|71/100|[from] item: Life Orb
|move|p1a: Garganacl|Curse|p1a: Garganacl
|
|-heal|p1a: Garganacl|79/100|[from] item: Leftovers
|-end|p1a: Garganacl|Encore
|upkeep
|turn|17
|
|t:|1769323432
|move|p2a: Ogerpon|Encore|p1a: Garganacl
|-start|p1a: Garganacl|Encore
|move|p1a: Garganacl|Curse|p1a: Garganacl
|
|-heal|p1a: Garganacl|85/100|[from] item: Leftovers
|upkeep
|turn|18
|
|t:|1769323443
|switch|p2a: Manaphy|Manaphy|100/100
|move|p1a: Garganacl|Curse|p1a: Garganacl
|
|-heal|p1a: Garganacl|91/100|[from] item: Leftovers
|upkeep
|turn|19
|
|t:|1769323450
|switch|p1a: Swampert|Swampert, M|100/100
|move|p2a: Manaphy|Tail Glow|p2a: Manaphy
|-boost|p2a: Manaphy|spa|3
|
|upkeep
|turn|20
|
|t:|1769323455
|move|p2a: Manaphy|Energy Ball|p1a: Swampert
|-supereffective|p1a: Swampert
|-damage|p1a: Swampert|0 fnt
|faint|p1a: Swampert
|
|upkeep
|
|t:|1769323459
|switch|p1a: Heatran|Heatran, F|100/100
|turn|21
|
|t:|1769323463
|move|p2a: Manaphy|Surf|p1a: Heatran
|-supereffective|p1a: Heatran
|-damage|p1a: Heatran|0 fnt
|faint|p1a: Heatran
|
|upkeep
|
|t:|1769323465
|switch|p1a: Garganacl|Garganacl, F, tera:Flying|91/100
|turn|22
|
|t:|1769323469
|move|p2a: Manaphy|Ice Beam|p1a: Garganacl
|-supereffective|p1a: Garganacl
|-damage|p1a: Garganacl|0 fnt
|faint|p1a: Garganacl
|
|upkeep
|
|t:|1769323471
|switch|p1a: Scizor|Scizor, F|46/100
|turn|23
|
|t:|1769323473
|move|p2a: Manaphy|Surf|p1a: Scizor
|-damage|p1a: Scizor|0 fnt
|faint|p1a: Scizor
|
|win|kfkzzl
|raw|masterkisame123's rating: 1360 &rarr; <strong>1341</strong><br />(-19 for losing)
|raw|kfkzzl's rating: 1377 &rarr; <strong>1396</strong><br />(+19 for winning)
|l|☆masterkisame123
|player|p1|
