|j|☆Meliodassgr
|j|☆PrimeXStriker
|t:|1769413339
|gametype|singles
|player|p1|Meliodassgr|unknown|1408
|player|p2|PrimeXStriker|bruno|1376
|gen|9
|tier|[Gen 9] OU
|rated|
|rule|HP Percentage Mod: HP is shown in percentages
|rule|Endless Battle Clause: Forcing endless battles is banned
|rule|Species Clause: Limit one of each Pokémon
|rule|OHKO Clause: OHKO moves are banned
|rule|Evasion Items Clause: Evasion items are banned
|rule|Evasion Moves Clause: Evasion moves are banned
|rule|Evasion Abilities Clause: Evasion abilities are banned
|rule|Sleep Moves Clause: Sleep-inducing moves are banned
|clearpoke
|poke|p1|Clodsire, M|
|poke|p1|Ogerpon-Wellspring, F|
|poke|p1|Forretress, M|
|poke|p1|Meowscarada, M|
|poke|p1|Dragapult, F|
|poke|p1|Kingambit, M|
|poke|p2|Pawmot, M|
|poke|p2|Greninja-*, M|
|poke|p2|Tyranitar, M|
|poke|p2|Goodra-Hisui, F|
|poke|p2|Corviknight, F|
|poke|p2|Latios, M|
|teampreview
|
|t:|1769413361
|teamsize|p1|6
|teamsize|p2|6
|start
|switch|p1a: Clodsire|Clodsire, M|100/100
|switch|p2a: Latios|Latios, M|100/100
|turn|1
|
|t:|1769413377
|move|p2a: Latios|Luster Purge|p1a: Clodsire
|-supereffective|p1a: Clodsire
|-damage|p1a: Clodsire|52/100
|-unboost|p1a: Clodsire|spd|1
|move|p1a: Clodsire|Toxic|p2a: Latios
|-status|p2a: Latios|tox
|
|-damage|p2a: Latios|95/100 tox|[from] psn
|upkeep
|turn|2
|
|t:|1769413390
|switch|p2a: Corviknight|Corviknight, F|100/100
|-ability|p2a: Corviknight|Pressure
|switch|p1a: Forretress|Forretress, M|100/100
|
|upkeep
|turn|3
|
|t:|1769413413
|move|p2a: Corviknight|Brave Bird|p1a: Forretress
|-damage|p1a: Forretress|81/100
|-damage|p2a: Corviknight|95/100|[from] Recoil
|move|p1a: Forretress|Spikes|p2a: Corviknight
|-sidestart|p2: PrimeXStriker|Spikes
|
|-heal|p1a: Forretress|87/100|[from] item: Leftovers
|upkeep
|turn|4
|
|t:|1769413419
|move|p2a: Corviknight|Defog|p1a: Forretress
|-unboost|p1a: Forretress|evasion|1
|-sideend|p2: PrimeXStriker|Spikes|[from] move: Defog|[of] p2a: Corviknight
|move|p1a: Forretress|Spikes|p2a: Corviknight
|-sidestart|p2: PrimeXStriker|Spikes
|
|-heal|p1a: Forretress|93/100|[from] item: Leftovers
|upkeep
|turn|5
|
|t:|1769413424
|move|p2a: Corviknight|Brave Bird|p1a: Forretress
|-damage|p1a: Forretress|73/100
|-damage|p2a: Corviknight|89/100|[from] Recoil
|move|p1a: Forretress|Volt Switch|p2a: Corviknight
|-supereffective|p2a: Corviknight
|-damage|p2a: Corviknight|68/100
|
|t:|1769413429
|switch|p1a: Dragapult|Dragapult, F|100/100|[from] Volt Switch
|
|upkeep
|turn|6
|
|t:|1769413433
|switch|p2a: Tyranitar|Tyranitar, M|100/100
|-damage|p2a: Tyranitar|88/100|[from] Spikes
|-weather|Sandstorm|[from] ability: Sand Stream|[of] p2a: Tyranitar
|move|p1a: Dragapult|Will-O-Wisp|p2a: Tyranitar|[miss]
|-miss|p1a: Dragapult|p2a: Tyranitar
|
|-weather|Sandstorm|[upkeep]
|-damage|p1a: Dragapult|95/100|[from] Sandstorm
|-heal|p1a: Dragapult|100/100|[from] item: Leftovers
|-heal|p2a: Tyranitar|94/100|[from] item: Leftovers
|upkeep
|turn|7
|
|t:|1769413441
|switch|p1a: Forretress|Forretress, M|73/100
|move|p2a: Tyranitar|Knock Off|p1a: Forretress
|-damage|p1a: Forretress|50/100
|-enditem|p1a: Forretress|Leftovers|[from] move: Knock Off|[of] p2a: Tyranitar
|
|-weather|Sandstorm|[upkeep]
|-heal|p2a: Tyranitar|100/100|[from] item: Leftovers
|upkeep
|turn|8
|
|t:|1769413458
|switch|p2a: Corviknight|Corviknight, F|68/100
|-ability|p2a: Corviknight|Pressure
|move|p1a: Forretress|Body Press|p2a: Corviknight
|-damage|p2a: Corviknight|50/100
|-damage|p1a: Forretress|34/100|[from] item: Rocky Helmet|[of] p2a: Corviknight
|
|-weather|Sandstorm|[upkeep]
|upkeep
|turn|9
|
|t:|1769413469
|move|p2a: Corviknight|Roost|p2a: Corviknight
|-heal|p2a: Corviknight|99/100
|-singleturn|p2a: Corviknight|move: Roost
|move|p1a: Forretress|Volt Switch|p2a: Corviknight
|-damage|p2a: Corviknight|90/100
|
|t:|1769413472
|switch|p1a: Dragapult|Dragapult, F|100/100|[from] Volt Switch
|
|-weather|Sandstorm|[upkeep]
|-damage|p1a: Dragapult|95/100|[from] Sandstorm
|-heal|p1a: Dragapult|100/100|[from] item: Leftovers
|upkeep
|turn|10
|
|t:|1769413486
|switch|p2a: Latios|Latios, M|95/100 tox
|move|p1a: Dragapult|Will-O-Wisp||[still]
|-fail|p1a: Dragapult
|
|-weather|none
|-damage|p2a: Latios|89/100 tox|[from] psn
|upkeep
|turn|11
|
|t:|1769413493
|move|p2a: Latios|Draco Meteor|p1a: Dragapult
|-supereffective|p1a: Dragapult
|-crit|p1a: Dragapult
|-damage|p1a: Dragapult|0 fnt
|-unboost|p2a: Latios|spa|2
|faint|p1a: Dragapult
|
|-damage|p2a: Latios|77/100 tox|[from] psn
|upkeep
|
|t:|1769413499
|switch|p1a: Kingambit|Kingambit, M|100/100
|-activate|p1a: Kingambit|ability: Supreme Overlord
|-start|p1a: Kingambit|fallen1|[silent]
|turn|12
|
|t:|1769413512
|switch|p2a: Corviknight|Corviknight, F|90/100
|-ability|p2a: Corviknight|Pressure
|move|p1a: Kingambit|Swords Dance|p1a: Kingambit
|-boost|p1a: Kingambit|atk|2
|
|upkeep
|turn|13
|
|t:|1769413534
|move|p2a: Corviknight|Brave Bird|p1a: Kingambit
|-resisted|p1a: Kingambit
|-crit|p1a: Kingambit
|-damage|p1a: Kingambit|81/100
|-damage|p2a: Corviknight|83/100|[from] Recoil
|move|p1a: Kingambit|Kowtow Cleave|p2a: Corviknight
|-damage|p2a: Corviknight|17/100
|-damage|p1a: Kingambit|64/100|[from] item: Rocky Helmet|[of] p2a: Corviknight
|
|-heal|p1a: Kingambit|70/100|[from] item: Leftovers
|upkeep
|turn|14
|
|t:|1769413548
|move|p2a: Corviknight|Roost|p2a: Corviknight
|-heal|p2a: Corviknight|67/100
|-singleturn|p2a: Corviknight|move: Roost
|move|p1a: Kingambit|Low Kick|p2a: Corviknight
|-supereffective|p2a: Corviknight
|-damage|p2a: Corviknight|0 fnt
|-damage|p1a: Kingambit|54/100|[from] item: Rocky Helmet|[of] p2a: Corviknight
|faint|p2a: Corviknight
|
|-heal|p1a: Kingambit|60/100|[from] item: Leftovers
|upkeep
|
|t:|1769413566
|switch|p2a: Pawmot|Pawmot, M|100/100
|-damage|p2a: Pawmot|88/100|[from] Spikes
|turn|15
|
|t:|1769413594
|-end|p1a: Kingambit|fallen1|[silent]
|switch|p1a: Forretress|Forretress, M|34/100
|move|p2a: Pawmot|Close Combat|p1a: Forretress
|-damage|p1a: Forretress|0 fnt
|-unboost|p2a: Pawmot|def|1
|-unboost|p2a: Pawmot|spd|1
|faint|p1a: Forretress
|
|upkeep
|
|t:|1769413600
|switch|p1a: Clodsire|Clodsire, M|52/100
|turn|16
|
|t:|1769413618
|switch|p2a: Tyranitar|Tyranitar, M|100/100
|-damage|p2a: Tyranitar|88/100|[from] Spikes
|-weather|Sandstorm|[from] ability: Sand Stream|[of] p2a: Tyranitar
|move|p1a: Clodsire|Recover|p1a: Clodsire
|-heal|p1a: Clodsire|100/100
|
|-weather|Sandstorm|[upkeep]
|-heal|p2a: Tyranitar|94/100|[from] item: Leftovers
|upkeep
|turn|17
|
|t:|1769413626
|switch|p1a: Meowscarada|Meowscarada, M|100/100
|move|p2a: Tyranitar|Stealth Rock|p1a: Meowscarada
|-sidestart|p1: Meliodassgr|move: Stealth Rock
|
|-weather|Sandstorm|[upkeep]
|-damage|p1a: Meowscarada|94/100|[from] Sandstorm
|-heal|p2a: Tyranitar|100/100|[from] item: Leftovers
|upkeep
|turn|18
|
|t:|1769413637
|switch|p2a: Goodra|Goodra-Hisui, F, shiny|100/100
|-damage|p2a: Goodra|88/100|[from] Spikes
|move|p1a: Meowscarada|Flower Trick|p2a: Goodra
|-start|p1a: Meowscarada|typechange|Grass|[from] ability: Protean
|-resisted|p2a: Goodra
|-damage|p2a: Goodra|82/100
|
|-weather|Sandstorm|[upkeep]
|-damage|p1a: Meowscarada|88/100|[from] Sandstorm
|-heal|p2a: Goodra|88/100|[from] item: Leftovers
|upkeep
|turn|19
|inactive|Battle timer is ON: inactive players will automatically lose when time's up. (requested by Meliodassgr)
|
|t:|1769413673
|switch|p1a: Clodsire|Clodsire, M|100/100
|move|p2a: Goodra|Body Press|p1a: Clodsire
|-resisted|p1a: Clodsire
|-crit|p1a: Clodsire
|-damage|p1a: Clodsire|79/100
|
|-weather|Sandstorm|[upkeep]
|-heal|p2a: Goodra|94/100|[from] item: Leftovers
|upkeep
|turn|20
|
|t:|1769413681
|move|p2a: Goodra|Acid Armor|p2a: Goodra
|-boost|p2a: Goodra|def|2
|move|p1a: Clodsire|Stealth Rock|p2a: Goodra
|-sidestart|p2: PrimeXStriker|move: Stealth Rock
|
|-weather|none
|-heal|p2a: Goodra|100/100|[from] item: Leftovers
|upkeep
|turn|21
|
|t:|1769413692
|move|p2a: Goodra|Body Press|p1a: Clodsire
|-resisted|p1a: Clodsire
|-damage|p1a: Clodsire|65/100
|move|p1a: Clodsire|Earthquake|p2a: Goodra
|-supereffective|p2a: Goodra
|-damage|p2a: Goodra|64/100
|
|-heal|p2a: Goodra|70/100|[from] item: Leftovers
|upkeep
|turn|22
|
|t:|1769413705
|switch|p2a: Latios|Latios, M|77/100 tox
|-damage|p2a: Latios|64/100 tox|[from] Stealth Rock
|move|p1a: Clodsire|Earthquake|p2a: Latios
|-immune|p2a: Latios|[from] ability: Levitate
|
|-damage|p2a: Latios|58/100 tox|[from] psn
|upkeep
|turn|23
|
|t:|1769413717
|move|p2a: Latios|Luster Purge|p1a: Clodsire
|-supereffective|p1a: Clodsire
|-damage|p1a: Clodsire|13/100
|move|p1a: Clodsire|Recover|p1a: Clodsire
|-heal|p1a: Clodsire|63/100
|
|-damage|p2a: Latios|46/100 tox|[from] psn
|upkeep
|turn|24
|
|t:|1769413723
|switch|p1a: Meowscarada|Meowscarada, M|88/100
|-damage|p1a: Meowscarada|76/100|[from] Stealth Rock
|move|p2a: Latios|Luster Purge|p1a: Meowscarada
|-immune|p1a: Meowscarada
|
|-damage|p2a: Latios|28/100 tox|[from] psn
|upkeep
|turn|25
|
|t:|1769413728
|switch|p2a: Goodra|Goodra-Hisui, F, shiny|70/100
|-damage|p2a: Goodra|57/100|[from] Spikes
|-damage|p2a: Goodra|51/100|[from] Stealth Rock
|move|p1a: Meowscarada|Flower Trick|p2a: Goodra
|-start|p1a: Meowscarada|typechange|Grass|[from] ability: Protean
|-resisted|p2a: Goodra
|-damage|p2a: Goodra|46/100
|
|-heal|p2a: Goodra|52/100|[from] item: Leftovers
|upkeep
|turn|26
|
|t:|1769413732
|switch|p1a: Clodsire|Clodsire, M|63/100
|move|p2a: Goodra|Life Dew|p2a: Goodra
|-heal|p2a: Goodra|77/100
|
|-heal|p2a: Goodra|83/100|[from] item: Leftovers
|upkeep
|turn|27
|
|t:|1769413755
|switch|p2a: Greninja|Greninja, M|100/100
|-damage|p2a: Greninja|88/100|[from] Spikes
|-damage|p2a: Greninja|76/100|[from] Stealth Rock
|move|p1a: Clodsire|Recover|p1a: Clodsire
|-heal|p1a: Clodsire|100/100
|
|upkeep
|turn|28
|
|t:|1769413769
|move|p2a: Greninja|Dark Pulse|p1a: Clodsire
|-damage|p1a: Clodsire|77/100
|-damage|p2a: Greninja|66/100|[from] item: Life Orb
|move|p1a: Clodsire|Toxic|p2a: Greninja
|-status|p2a: Greninja|tox
|
|-damage|p2a: Greninja|60/100 tox|[from] psn
|upkeep
|turn|29
|
|t:|1769413778
|move|p2a: Greninja|Hydro Pump|p1a: Clodsire
|-supereffective|p1a: Clodsire
|-damage|p1a: Clodsire|14/100
|-damage|p2a: Greninja|50/100 tox|[from] item: Life Orb
|move|p1a: Clodsire|Earthquake|p2a: Greninja
|-damage|p2a: Greninja|8/100 tox
|
|-damage|p2a: Greninja|0 fnt|[from] psn
|faint|p2a: Greninja
|upkeep
|
|t:|1769413790
|switch|p2a: Latios|Latios, M|28/100 tox
|-damage|p2a: Latios|16/100 tox|[from] Stealth Rock
|turn|30
|
|t:|1769413796
|move|p2a: Latios|Draco Meteor|p1a: Clodsire
|-damage|p1a: Clodsire|0 fnt
|-unboost|p2a: Latios|spa|2
|faint|p1a: Clodsire
|
|-damage|p2a: Latios|10/100 tox|[from] psn
|upkeep
|
|t:|1769413812
|switch|p1a: Meowscarada|Meowscarada, M|76/100
|-damage|p1a: Meowscarada|64/100|[from] Stealth Rock
|turn|31
|
|t:|1769413817
|switch|p2a: Goodra|Goodra-Hisui, F, shiny|83/100
|-damage|p2a: Goodra|71/100|[from] Spikes
|-damage|p2a: Goodra|65/100|[from] Stealth Rock
|move|p1a: Meowscarada|U-turn|p2a: Goodra
|-start|p1a: Meowscarada|typechange|Bug|[from] ability: Protean
|-resisted|p2a: Goodra
|-damage|p2a: Goodra|53/100
|
|t:|1769413822
|switch|p1a: Kingambit|Kingambit, M|60/100|[from] U-turn
|-damage|p1a: Kingambit|54/100|[from] Stealth Rock
|-activate|p1a: Kingambit|ability: Supreme Overlord
|-start|p1a: Kingambit|fallen3|[silent]
|
|-heal|p2a: Goodra|59/100|[from] item: Leftovers
|-heal|p1a: Kingambit|60/100|[from] item: Leftovers
|upkeep
|turn|32
|
|t:|1769413829
|-terastallize|p1a: Kingambit|Fire
|move|p2a: Goodra|Body Press|p1a: Kingambit
|-damage|p1a: Kingambit|42/100
|move|p1a: Kingambit|Low Kick|p2a: Goodra
|-supereffective|p2a: Goodra
|-damage|p2a: Goodra|0 fnt
|faint|p2a: Goodra
|
|-heal|p1a: Kingambit|48/100|[from] item: Leftovers
|upkeep
|
|t:|1769413851
|switch|p2a: Pawmot|Pawmot, M|88/100
|-damage|p2a: Pawmot|76/100|[from] Spikes
|-damage|p2a: Pawmot|70/100|[from] Stealth Rock
|turn|33
|
|t:|1769413857
|move|p1a: Kingambit|Sucker Punch|p2a: Pawmot
|-resisted|p2a: Pawmot
|-damage|p2a: Pawmot|25/100
|move|p2a: Pawmot|Close Combat|p1a: Kingambit
|-damage|p1a: Kingambit|4/100
|-unboost|p2a: Pawmot|def|1
|-unboost|p2a: Pawmot|spd|1
|
|-heal|p1a: Kingambit|10/100|[from] item: Leftovers
|upkeep
|turn|34
|
|t:|1769413864
|switch|p2a: Tyranitar|Tyranitar, M|100/100
|-damage|p2a: Tyranitar|88/100|[from] Spikes
|-damage|p2a: Tyranitar|76/100|[from] Stealth Rock
|-weather|Sandstorm|[from] ability: Sand Stream|[of] p2a: Tyranitar
|move|p1a: Kingambit|Sucker Punch||[still]
|-fail|p1a: Kingambit
|
|-weather|Sandstorm|[upkeep]
|-damage|p1a: Kingambit|4/100|[from] Sandstorm
|-heal|p2a: Tyranitar|82/100|[from] item: Leftovers
|-heal|p1a: Kingambit|10/100|[from] item: Leftovers
|upkeep
|turn|35
|
|t:|1769413875
|move|p1a: Kingambit|Sucker Punch||[still]
|-fail|p1a: Kingambit
|move|p2a: Tyranitar|Roar|p1a: Kingambit
|-end|p1a: Kingambit|fallen3|[silent]
|drag|p1a: Meowscarada|Meowscarada, M|64/100
|-damage|p1a: Meowscarada|51/100|[from] Stealth Rock
|
|-weather|Sandstorm|[upkeep]
|-damage|p1a: Meowscarada|45/100|[from] Sandstorm
|-heal|p2a: Tyranitar|88/100|[from] item: Leftovers
|upkeep
|turn|36
|
|t:|1769413891
|move|p1a: Meowscarada|Flower Trick|p2a: Tyranitar
|-start|p1a: Meowscarada|typechange|Grass|[from] ability: Protean
|-supereffective|p2a: Tyranitar
|-crit|p2a: Tyranitar
|-damage|p2a: Tyranitar|15/100
|move|p2a: Tyranitar|Ice Beam|p1a: Meowscarada
|-supereffective|p1a: Meowscarada
|-damage|p1a: Meowscarada|0 fnt
|faint|p1a: Meowscarada
|
|-weather|Sandstorm|[upkeep]
|-heal|p2a: Tyranitar|22/100|[from] item: Leftovers
|upkeep
|
|t:|1769413899
|switch|p1a: Ogerpon|Ogerpon-Wellspring, F|100/100
|-damage|p1a: Ogerpon|88/100|[from] Stealth Rock
|turn|37
|
|t:|1769413907
|move|p1a: Ogerpon|Horn Leech|p2a: Tyranitar
|-supereffective|p2a: Tyranitar
|-damage|p2a: Tyranitar|0 fnt
|-heal|p1a: Ogerpon|100/100|[from] drain|[of] p2a: Tyranitar
|faint|p2a: Tyranitar
|
|-weather|Sandstorm|[upkeep]
|-damage|p1a: Ogerpon|95/100|[from] Sandstorm
|upkeep
|
|t:|1769413911
|switch|p2a: Pawmot|Pawmot, M|25/100
|-damage|p2a: Pawmot|12/100|[from] Spikes
|-damage|p2a: Pawmot|6/100|[from] Stealth Rock
|turn|38
|
|t:|1769413918
|move|p2a: Pawmot|Revival Blessing|p2a: Pawmot
|
|t:|1769413922
|-heal|p2: Goodra|50/100|[from] move: Revival Blessing
|move|p1a: Ogerpon|Horn Leech|p2a: Pawmot
|-damage|p2a: Pawmot|0 fnt
|-heal|p1a: Ogerpon|97/100|[from] drain|[of] p2a: Pawmot
|faint|p2a: Pawmot
|
|-weather|none
|upkeep
|
|t:|1769413925
|switch|p2a: Goodra|Goodra-Hisui, F, shiny|50/100
|-damage|p2a: Goodra|38/100|[from] Spikes
|-damage|p2a: Goodra|32/100|[from] Stealth Rock
|turn|39
|
|t:|1769413932
|move|p1a: Ogerpon|Taunt|p2a: Goodra
|-start|p2a: Goodra|move: Taunt
|cant|p2a: Goodra|move: Taunt|Life Dew
|
|-heal|p2a: Goodra|38/100|[from] item: Leftovers
|upkeep
|turn|40
|
|t:|1769413940
|move|p1a: Ogerpon|Swords Dance|p1a: Ogerpon
|-boost|p1a: Ogerpon|atk|2
|move|p2a: Goodra|Body Press|p1a: Ogerpon
|-damage|p1a: Ogerpon|63/100
|
|-heal|p2a: Goodra|44/100|[from] item: Leftovers
|upkeep
|turn|41
|
|t:|1769413948
|move|p1a: Ogerpon|Ivy Cudgel|p2a: Goodra|[anim] Ivy Cudgel Water
|-resisted|p2a: Goodra
|-damage|p2a: Goodra|2/100
|move|p2a: Goodra|Body Press|p1a: Ogerpon
|-damage|p1a: Ogerpon|27/100
|
|-heal|p2a: Goodra|8/100|[from] item: Leftovers
|-end|p2a: Goodra|move: Taunt
|upkeep
|turn|42
|
|t:|1769413957
|move|p1a: Ogerpon|Ivy Cudgel|p2a: Goodra|[anim] Ivy Cudgel Water
|-resisted|p2a: Goodra
|-damage|p2a: Goodra|0 fnt
|faint|p2a: Goodra
|
|upkeep
|
|t:|1769413959
|switch|p2a: Latios|Latios, M|10/100 tox
|-damage|p2a: Latios|0 fnt|[from] Stealth Rock
|faint|p2a: Latios
|
|win|Meliodassgr
|raw|Meliodassgr's rating: 1408 &rarr; <strong>1426</strong><br />(+18 for winning)
|raw|PrimeXStriker's rating: 1376 &rarr; <strong>1358</strong><br />(-18 for losing)
|l|☆PrimeXStriker
|player|p2|
|l|☆Meliodassgr
|player|p1|
