|j|☆sampoke19
|j|☆lightcreater127
|t:|1769441698
|gametype|singles
|player|p1|sampoke19|102|1549
|player|p2|lightcreater127|roxie|1561
|gen|9
|tier|[Gen 9] OU
|rated|
|rule|HP Percentage Mod: HP is shown in percentages
|rule|Endless Battle Clause: Forcing endless battles is banned
|rule|Species Clause: Limit one of each Pokémon
|rule|OHKO Clause: OHKO moves are banned
|rule|Evasion Items Clause: Evasion items are banned
|rule|Evasion Moves Clause: Evasion moves are banned
|rule|Evasion Abilities Clause: Evasion abilities are banned
|rule|Sleep Moves Clause: Sleep-inducing moves are banned
|clearpoke
|poke|p1|Blastoise, M|
|poke|p1|Ceruledge, F|
|poke|p1|Kingambit, F|
|poke|p1|Volcanion|
|poke|p1|Great Tusk|
|poke|p1|Dragonite, M|
|poke|p2|Dragonite, F|
|poke|p2|Kingambit, F|
|poke|p2|Iron Moth|
|poke|p2|Samurott-Hisui, M|
|poke|p2|Iron Valiant|
|poke|p2|Moltres-Galar|
|teampreview
|inactive|Battle timer is ON: inactive players will automatically lose when time's up. (requested by lightcreater127)
|
|t:|1769441715
|teamsize|p1|6
|teamsize|p2|6
|start
|switch|p1a: Great Tusk|Great Tusk|100/100
|switch|p2a: Tsushima|Samurott-Hisui, M|100/100
|-enditem|p1a: Great Tusk|Booster Energy
|-activate|p1a: Great Tusk|ability: Protosynthesis|[fromitem]
|-start|p1a: Great Tusk|protosynthesisspe
|turn|1
|
|t:|1769441723
|move|p1a: Great Tusk|Close Combat|p2a: Tsushima
|-supereffective|p2a: Tsushima
|-crit|p2a: Tsushima
|-enditem|p2a: Tsushima|Focus Sash
|-damage|p2a: Tsushima|1/100
|-unboost|p1a: Great Tusk|def|1
|-unboost|p1a: Great Tusk|spd|1
|move|p2a: Tsushima|Razor Shell|p1a: Great Tusk|[miss]
|-miss|p2a: Tsushima|p1a: Great Tusk
|
|upkeep
|turn|2
|
|t:|1769441746
|move|p2a: Tsushima|Sucker Punch|p1a: Great Tusk
|-resisted|p1a: Great Tusk
|-damage|p1a: Great Tusk|82/100
|move|p1a: Great Tusk|Close Combat|p2a: Tsushima
|-supereffective|p2a: Tsushima
|-damage|p2a: Tsushima|0 fnt
|-unboost|p1a: Great Tusk|def|1
|-unboost|p1a: Great Tusk|spd|1
|faint|p2a: Tsushima
|
|upkeep
|
|t:|1769441757
|switch|p2a: Metal-Cooler|Iron Valiant, shiny|100/100
|-enditem|p2a: Metal-Cooler|Booster Energy
|-activate|p2a: Metal-Cooler|ability: Quark Drive|[fromitem]
|-start|p2a: Metal-Cooler|quarkdrivespe
|turn|3
|
|t:|1769441763
|move|p2a: Metal-Cooler|Moonblast|p1a: Great Tusk
|-supereffective|p1a: Great Tusk
|-damage|p1a: Great Tusk|0 fnt
|faint|p1a: Great Tusk
|-end|p1a: Great Tusk|Protosynthesis|[silent]
|
|upkeep
|
|t:|1769441770
|switch|p1a: Ceruledge|Ceruledge, F|100/100
|turn|4
|
|t:|1769441777
|move|p2a: Metal-Cooler|Knock Off|p1a: Ceruledge
|-supereffective|p1a: Ceruledge
|-damage|p1a: Ceruledge|27/100
|-ability|p1a: Ceruledge|Weak Armor|boost
|-unboost|p1a: Ceruledge|def|1
|-boost|p1a: Ceruledge|spe|2
|-enditem|p1a: Ceruledge|Focus Sash|[from] move: Knock Off|[of] p2a: Metal-Cooler
|move|p1a: Ceruledge|Bitter Blade|p2a: Metal-Cooler
|-damage|p2a: Metal-Cooler|37/100
|-heal|p1a: Ceruledge|59/100|[from] drain|[of] p2a: Metal-Cooler
|
|upkeep
|turn|5
|
|t:|1769441789
|move|p1a: Ceruledge|Shadow Sneak|p2a: Metal-Cooler
|-damage|p2a: Metal-Cooler|8/100
|move|p2a: Metal-Cooler|Knock Off|p1a: Ceruledge
|-supereffective|p1a: Ceruledge
|-damage|p1a: Ceruledge|0 fnt
|faint|p1a: Ceruledge
|
|upkeep
|
|t:|1769441796
|switch|p1a: Dragonite|Dragonite, M|100/100
|turn|6
|
|t:|1769441804
|-end|p2a: Metal-Cooler|Quark Drive|[silent]
|switch|p2a: Imagine What?|Dragonite, F|100/100
|move|p1a: Dragonite|Extreme Speed|p2a: Imagine What?
|-damage|p2a: Imagine What?|85/100
|
|upkeep
|turn|7
|
|t:|1769441811
|move|p1a: Dragonite|Scale Shot|p2a: Imagine What?
|-supereffective|p2a: Imagine What?
|-damage|p2a: Imagine What?|53/100
|-supereffective|p2a: Imagine What?
|-damage|p2a: Imagine What?|25/100
|-supereffective|p2a: Imagine What?
|-damage|p2a: Imagine What?|0 fnt
|faint|p2a: Imagine What?
|-hitcount|p2: Imagine What?|3
|-unboost|p1a: Dragonite|def|1
|-boost|p1a: Dragonite|spe|1
|
|upkeep
|
|t:|1769441832
|switch|p2a: 𒉭|Moltres-Galar|100/100
|turn|8
|inactive|lightcreater127 has 120 seconds left.
|
|t:|1769441863
|-terastallize|p2a: 𒉭|Fairy
|move|p1a: Dragonite|Dragon Dance|p1a: Dragonite
|-boost|p1a: Dragonite|atk|1
|-boost|p1a: Dragonite|spe|1
|move|p2a: 𒉭|Nasty Plot|p2a: 𒉭
|-boost|p2a: 𒉭|spa|2
|
|upkeep
|turn|9
|
|t:|1769441874
|-terastallize|p1a: Dragonite|Normal
|move|p1a: Dragonite|Extreme Speed|p2a: 𒉭
|-crit|p2a: 𒉭
|-damage|p2a: 𒉭|0 fnt
|faint|p2a: 𒉭
|
|upkeep
|
|t:|1769441891
|switch|p2a: Magnum-Opus|Kingambit, F|100/100
|-activate|p2a: Magnum-Opus|ability: Supreme Overlord
|-start|p2a: Magnum-Opus|fallen3|[silent]
|-item|p2a: Magnum-Opus|Air Balloon
|turn|10
|
|t:|1769441898
|move|p1a: Dragonite|Extreme Speed|p2a: Magnum-Opus
|-resisted|p2a: Magnum-Opus
|-crit|p2a: Magnum-Opus
|-damage|p2a: Magnum-Opus|67/100
|-enditem|p2a: Magnum-Opus|Air Balloon
|move|p2a: Magnum-Opus|Low Kick|p1a: Dragonite
|-supereffective|p1a: Dragonite
|-damage|p1a: Dragonite|2/100
|
|upkeep
|turn|11
|
|t:|1769441914
|move|p1a: Dragonite|Extreme Speed|p2a: Magnum-Opus
|-resisted|p2a: Magnum-Opus
|-damage|p2a: Magnum-Opus|41/100
|move|p2a: Magnum-Opus|Low Kick|p1a: Dragonite
|-supereffective|p1a: Dragonite
|-damage|p1a: Dragonite|0 fnt
|faint|p1a: Dragonite
|
|upkeep
|
|t:|1769441928
|switch|p1a: Volcanion|Volcanion|100/100
|turn|12
|
|t:|1769441939
|move|p2a: Magnum-Opus|Sucker Punch|p1a: Volcanion
|-damage|p1a: Volcanion|49/100
|move|p1a: Volcanion|Steam Eruption|p2a: Magnum-Opus
|-damage|p2a: Magnum-Opus|0 fnt
|faint|p2a: Magnum-Opus
|-end|p2a: Magnum-Opus|fallen3|[silent]
|
|upkeep
|
|t:|1769441953
|switch|p2a: Metal-Cooler|Iron Valiant, shiny|8/100
|turn|13
|
|t:|1769441956
|move|p1a: Volcanion|Steam Eruption|p2a: Metal-Cooler
|-damage|p2a: Metal-Cooler|0 fnt
|faint|p2a: Metal-Cooler
|-end|p2a: Metal-Cooler|Quark Drive|[silent]
|
|upkeep
|
|t:|1769441970
|switch|p2a: Qu|Iron Moth|100/100
|-enditem|p2a: Qu|Booster Energy
|-activate|p2a: Qu|ability: Quark Drive|[fromitem]
|-start|p2a: Qu|quarkdrivespe
|turn|14
|
|t:|1769441974
|move|p2a: Qu|Sludge Wave|p1a: Volcanion
|-damage|p1a: Volcanion|0 fnt
|faint|p1a: Volcanion
|
|upkeep
|
|t:|1769441979
|switch|p1a: Blastoise|Blastoise, M, shiny|100/100
|turn|15
|
|t:|1769441985
|move|p2a: Qu|Sludge Wave|p1a: Blastoise
|-damage|p1a: Blastoise|50/100
|move|p1a: Blastoise|Hydro Pump|p2a: Qu|[miss]
|-miss|p1a: Blastoise|p2a: Qu
|
|upkeep
|turn|16
|
|t:|1769441991
|move|p2a: Qu|Sludge Wave|p1a: Blastoise
|-damage|p1a: Blastoise|0 fnt
|faint|p1a: Blastoise
|
|upkeep
|
|t:|1769441996
|switch|p1a: Kingambit|Kingambit, F|100/100
|-activate|p1a: Kingambit|ability: Supreme Overlord
|-start|p1a: Kingambit|fallen5|[silent]
|turn|17
|
|t:|1769442002
|move|p2a: Qu|Fiery Dance|p1a: Kingambit
|-supereffective|p1a: Kingambit
|-damage|p1a: Kingambit|32/100
|-boost|p2a: Qu|spa|1
|-enditem|p1a: Kingambit|Sitrus Berry|[eat]
|-heal|p1a: Kingambit|57/100|[from] item: Sitrus Berry
|move|p1a: Kingambit|Kowtow Cleave|p2a: Qu
|-damage|p2a: Qu|0 fnt
|faint|p2a: Qu
|-end|p2a: Qu|Quark Drive|[silent]
|
|win|sampoke19
|raw|sampoke19's rating: 1549 &rarr; <strong>1570</strong><br />(+21 for winning)
|raw|lightcreater127's rating: 1561 &rarr; <strong>1540</strong><br />(-21 for losing)
|l|☆lightcreater127
|player|p2|
|l|☆sampoke19
|player|p1|
