|j|☆ridlostar
|j|☆jpig44
|t:|1769368685
|gametype|singles
|player|p1|ridlostar|hilbert|1663
|player|p2|jpig44|red-masters|1713
|gen|9
|tier|[Gen 9] OU
|rated|
|rule|HP Percentage Mod: HP is shown in percentages
|rule|Endless Battle Clause: Forcing endless battles is banned
|rule|Species Clause: Limit one of each Pokémon
|rule|OHKO Clause: OHKO moves are banned
|rule|Evasion Items Clause: Evasion items are banned
|rule|Evasion Moves Clause: Evasion moves are banned
|rule|Evasion Abilities Clause: Evasion abilities are banned
|rule|Sleep Moves Clause: Sleep-inducing moves are banned
|clearpoke
|poke|p1|Toedscruel, M|
|poke|p1|Darkrai|
|poke|p1|Cresselia, F|
|poke|p1|Clodsire, M|
|poke|p1|Dragonite, M|
|poke|p1|Alomomola, F|
|poke|p2|Lokix, F|
|poke|p2|Cinderace, F|
|poke|p2|Great Tusk|
|poke|p2|Alomomola, F|
|poke|p2|Enamorus, F|
|poke|p2|Slowking-Galar, F|
|teampreview
|
|t:|1769368695
|teamsize|p1|6
|teamsize|p2|6
|start
|switch|p1a: Big Man|Clodsire, M|100/100
|switch|p2a: Lokix|Lokix, F|100/100
|turn|1
|
|t:|1769368698
|move|p2a: Lokix|Knock Off|p1a: Big Man
|-damage|p1a: Big Man|49/100
|-enditem|p1a: Big Man|Leftovers|[from] move: Knock Off|[of] p2a: Lokix
|move|p1a: Big Man|Toxic|p2a: Lokix
|-status|p2a: Lokix|tox
|
|-damage|p2a: Lokix|94/100 tox|[from] psn
|upkeep
|turn|2
|
|t:|1769368705
|switch|p2a: Slowking|Slowking-Galar, F|100/100
|move|p1a: Big Man|Recover|p1a: Big Man
|-heal|p1a: Big Man|99/100
|
|upkeep
|turn|3
|
|t:|1769368711
|move|p1a: Big Man|Earthquake|p2a: Slowking
|-supereffective|p2a: Slowking
|-enditem|p2a: Slowking|Shuca Berry|[eat]
|-enditem|p2a: Slowking|Shuca Berry|[weaken]
|-damage|p2a: Slowking|81/100
|move|p2a: Slowking|Future Sight|p1a: Big Man
|-start|p2a: Slowking|move: Future Sight
|
|upkeep
|turn|4
|inactive|Battle timer is ON: inactive players will automatically lose when time's up. (requested by jpig44)
|
|t:|1769368725
|switch|p1a: Fair and Balanced|Alomomola, F|100/100
|-prepare|p2a: Slowking|Chilly Reception|[premajor]
|move|p2a: Slowking|Chilly Reception|p2a: Slowking
|-weather|Snowscape
|
|t:|1769368727
|switch|p2a: Lokix|Lokix, F|94/100 tox|[from] Chilly Reception
|
|-weather|Snowscape|[upkeep]
|-damage|p2a: Lokix|88/100 tox|[from] psn
|upkeep
|turn|5
|
|t:|1769368730
|move|p2a: Lokix|Knock Off|p1a: Fair and Balanced
|-damage|p1a: Fair and Balanced|51/100
|-enditem|p1a: Fair and Balanced|Heavy-Duty Boots|[from] move: Knock Off|[of] p2a: Lokix
|move|p1a: Fair and Balanced|Flip Turn|p2a: Lokix
|-damage|p2a: Lokix|65/100 tox
|
|t:|1769368733
|switch|p1a: Keanu Reeves|Darkrai|100/100|[from] Flip Turn
|
|-weather|Snowscape|[upkeep]
|-end|p1a: Keanu Reeves|move: Future Sight
|-immune|p1a: Keanu Reeves
|-damage|p2a: Lokix|53/100 tox|[from] psn
|upkeep
|turn|6
|
|t:|1769368736
|switch|p2a: Alomomola|Alomomola, F|100/100
|move|p1a: Keanu Reeves|Knock Off|p2a: Alomomola
|-damage|p2a: Alomomola|72/100
|-enditem|p2a: Alomomola|Assault Vest|[from] move: Knock Off|[of] p1a: Keanu Reeves
|
|-weather|Snowscape|[upkeep]
|upkeep
|turn|7
|
|t:|1769368746
|switch|p1a: Fair and Balanced|Alomomola, F|84/100
|move|p2a: Alomomola|Body Slam|p1a: Fair and Balanced
|-damage|p1a: Fair and Balanced|72/100
|-status|p1a: Fair and Balanced|par
|
|-weather|Snowscape|[upkeep]
|upkeep
|turn|8
|
|t:|1769368752
|move|p2a: Alomomola|Flip Turn|p1a: Fair and Balanced
|-resisted|p1a: Fair and Balanced
|-crit|p1a: Fair and Balanced
|-damage|p1a: Fair and Balanced|63/100 par
|
|t:|1769368754
|switch|p2a: Slowking|Slowking-Galar, F|100/100|[from] Flip Turn
|cant|p1a: Fair and Balanced|par
|
|-weather|none
|upkeep
|turn|9
|
|t:|1769368761
|cant|p1a: Fair and Balanced|par
|move|p2a: Slowking|Future Sight|p1a: Fair and Balanced
|-start|p2a: Slowking|move: Future Sight
|
|upkeep
|turn|10
|
|t:|1769368771
|move|p1a: Fair and Balanced|Flip Turn|p2a: Slowking
|-damage|p2a: Slowking|89/100
|
|t:|1769368780
|switch|p1a: why|Cresselia, F, shiny|100/100|[from] Flip Turn
|-prepare|p2a: Slowking|Chilly Reception|[premajor]
|move|p2a: Slowking|Chilly Reception|p2a: Slowking
|-weather|Snowscape
|
|t:|1769368787
|switch|p2a: Lokix|Lokix, F|53/100 tox|[from] Chilly Reception
|
|-weather|Snowscape|[upkeep]
|-damage|p2a: Lokix|47/100 tox|[from] psn
|upkeep
|turn|11
|
|t:|1769368812
|switch|p1a: Squidward?|Toedscruel, M|100/100
|move|p2a: Lokix|U-turn|p1a: Squidward?
|-supereffective|p1a: Squidward?
|-damage|p1a: Squidward?|0 fnt
|faint|p1a: Squidward?
|
|t:|1769368822
|switch|p2a: Slowking|Slowking-Galar, F|100/100|[from] U-turn
|
|-weather|Snowscape|[upkeep]
|-hint|Future Sight did not hit because the target is fainted.
|upkeep
|
|t:|1769368840
|switch|p1a: him|Dragonite, M|100/100
|turn|12
|
|t:|1769368845
|move|p1a: him|Dragon Dance|p1a: him
|-boost|p1a: him|atk|1
|-boost|p1a: him|spe|1
|move|p2a: Slowking|Ice Beam|p1a: him
|-supereffective|p1a: him
|-damage|p1a: him|54/100
|
|-weather|Snowscape|[upkeep]
|-heal|p1a: him|60/100|[from] item: Leftovers
|upkeep
|turn|13
|
|t:|1769368855
|move|p1a: him|Outrage|p2a: Slowking
|-damage|p2a: Slowking|28/100
|move|p2a: Slowking|Ice Beam|p1a: him
|-supereffective|p1a: him
|-damage|p1a: him|0 fnt
|faint|p1a: him
|
|-weather|Snowscape|[upkeep]
|upkeep
|
|t:|1769368865
|switch|p1a: Big Man|Clodsire, M|99/100
|turn|14
|
|t:|1769368885
|switch|p2a: Great Tusk|Great Tusk|100/100
|move|p1a: Big Man|Stockpile|p1a: Big Man
|-start|p1a: Big Man|stockpile1
|-boost|p1a: Big Man|def|1
|-boost|p1a: Big Man|spd|1
|
|-weather|none
|upkeep
|turn|15
|
|t:|1769368895
|move|p2a: Great Tusk|Earthquake|p1a: Big Man
|-supereffective|p1a: Big Man
|-damage|p1a: Big Man|55/100
|move|p1a: Big Man|Stockpile|p1a: Big Man
|-start|p1a: Big Man|stockpile2
|-boost|p1a: Big Man|def|1
|-boost|p1a: Big Man|spd|1
|
|upkeep
|turn|16
|
|t:|1769368904
|move|p2a: Great Tusk|Earthquake|p1a: Big Man
|-supereffective|p1a: Big Man
|-damage|p1a: Big Man|23/100
|move|p1a: Big Man|Recover|p1a: Big Man
|-heal|p1a: Big Man|73/100
|
|upkeep
|turn|17
|
|t:|1769368920
|-end|p2a: Great Tusk|Protosynthesis|[silent]
|switch|p2a: Slowking|Slowking-Galar, F|61/100
|move|p1a: Big Man|Recover|p1a: Big Man
|-heal|p1a: Big Man|100/100
|
|upkeep
|turn|18
|
|t:|1769368934
|move|p1a: Big Man|Earthquake|p2a: Slowking
|-supereffective|p2a: Slowking
|-damage|p2a: Slowking|19/100
|-prepare|p2a: Slowking|Chilly Reception|[premajor]
|move|p2a: Slowking|Chilly Reception|p2a: Slowking
|-weather|Snowscape
|
|t:|1769368936
|switch|p2a: Cinderace|Cinderace, F|100/100|[from] Chilly Reception
|
|-weather|Snowscape|[upkeep]
|upkeep
|turn|19
|
|t:|1769368942
|move|p2a: Cinderace|Will-O-Wisp|p1a: Big Man|[miss]
|-miss|p2a: Cinderace|p1a: Big Man
|move|p1a: Big Man|Toxic|p2a: Cinderace
|-status|p2a: Cinderace|tox
|
|-weather|Snowscape|[upkeep]
|-damage|p2a: Cinderace|94/100 tox|[from] psn
|upkeep
|turn|20
|
|t:|1769368945
|move|p2a: Cinderace|Will-O-Wisp|p1a: Big Man|[miss]
|-miss|p2a: Cinderace|p1a: Big Man
|move|p1a: Big Man|Stockpile|p1a: Big Man
|-start|p1a: Big Man|stockpile3
|-boost|p1a: Big Man|def|1
|-boost|p1a: Big Man|spd|1
|
|-weather|Snowscape|[upkeep]
|-damage|p2a: Cinderace|82/100 tox|[from] psn
|upkeep
|turn|21
|
|t:|1769368947
|move|p2a: Cinderace|Will-O-Wisp|p1a: Big Man
|-status|p1a: Big Man|brn
|move|p1a: Big Man|Earthquake|p2a: Cinderace
|-supereffective|p2a: Cinderace
|-damage|p2a: Cinderace|52/100 tox
|
|-weather|Snowscape|[upkeep]
|-damage|p2a: Cinderace|33/100 tox|[from] psn
|-damage|p1a: Big Man|94/100 brn|[from] brn
|upkeep
|turn|22
|
|t:|1769368952
|move|p2a: Cinderace|U-turn|p1a: Big Man
|-resisted|p1a: Big Man
|-damage|p1a: Big Man|91/100 brn
|
|t:|1769368956
|switch|p2a: Alomomola|Alomomola, F|100/100|[from] U-turn
|move|p1a: Big Man|Toxic|p2a: Alomomola
|-status|p2a: Alomomola|tox
|
|-weather|none
|-damage|p2a: Alomomola|94/100 tox|[from] psn
|-damage|p1a: Big Man|85/100 brn|[from] brn
|upkeep
|turn|23
|
|t:|1769368964
|move|p2a: Alomomola|Flip Turn|p1a: Big Man
|-supereffective|p1a: Big Man
|-damage|p1a: Big Man|75/100 brn
|
|t:|1769368967
|switch|p2a: Slowking|Slowking-Galar, F|52/100|[from] Flip Turn
|move|p1a: Big Man|Earthquake|p2a: Slowking
|-supereffective|p2a: Slowking
|-damage|p2a: Slowking|30/100
|
|-damage|p1a: Big Man|69/100 brn|[from] brn
|upkeep
|turn|24
|
|t:|1769368988
|switch|p1a: why|Cresselia, F, shiny|100/100
|switch|p2a: Alomomola|Alomomola, F|100/100 tox
|
|-damage|p2a: Alomomola|94/100 tox|[from] psn
|upkeep
|turn|25
|
|t:|1769368996
|move|p1a: why|Calm Mind|p1a: why
|-boost|p1a: why|spa|1
|-boost|p1a: why|spd|1
|move|p2a: Alomomola|Flip Turn|p1a: why
|-damage|p1a: why|92/100
|
|t:|1769368998
|switch|p2a: Lokix|Lokix, F|47/100 tox|[from] Flip Turn
|
|-heal|p1a: why|98/100|[from] item: Leftovers
|-damage|p2a: Lokix|41/100 tox|[from] psn
|upkeep
|turn|26
|
|t:|1769369008
|-terastallize|p1a: why|Poison
|move|p2a: Lokix|U-turn|p1a: why
|-resisted|p1a: why
|-damage|p1a: why|71/100
|
|t:|1769369015
|switch|p2a: Enamorus|Enamorus, F|100/100|[from] U-turn
|move|p1a: why|Moonblast|p2a: Enamorus
|-damage|p2a: Enamorus|62/100
|-boost|p2a: Enamorus|spa|1
|
|-heal|p1a: why|77/100|[from] item: Leftovers
|upkeep
|turn|27
|
|t:|1769369022
|switch|p1a: Big Man|Clodsire, M|69/100 brn
|-terastallize|p2a: Enamorus|Stellar
|move|p2a: Enamorus|Tera Blast|p1a: Big Man|[anim] Tera Blast Stellar
|-damage|p1a: Big Man|34/100 brn
|-boost|p2a: Enamorus|atk|1
|-boost|p2a: Enamorus|spa|1
|
|-damage|p1a: Big Man|28/100 brn|[from] brn
|upkeep
|turn|28
|
|t:|1769369028
|move|p2a: Enamorus|Tera Blast|p1a: Big Man|[anim] Tera Blast Stellar
|-damage|p1a: Big Man|0 fnt
|-boost|p2a: Enamorus|atk|1
|-boost|p2a: Enamorus|spa|1
|faint|p1a: Big Man
|
|upkeep
|
|t:|1769369030
|switch|p1a: Keanu Reeves|Darkrai|100/100
|turn|29
|
|t:|1769369035
|move|p2a: Enamorus|Tera Blast|p1a: Keanu Reeves|[anim] Tera Blast Stellar
|-damage|p1a: Keanu Reeves|0 fnt
|-boost|p2a: Enamorus|atk|1
|-boost|p2a: Enamorus|spa|1
|faint|p1a: Keanu Reeves
|
|upkeep
|-message|ridlostar forfeited.
|
|win|jpig44
|raw|ridlostar's rating: 1663 &rarr; <strong>1646</strong><br />(-17 for losing)
|raw|jpig44's rating: 1713 &rarr; <strong>1730</strong><br />(+17 for winning)
|l|☆ridlostar
|player|p1|
|c|☆jpig44|ggs wp
|l|☆jpig44
|player|p2|
