|j|☆Downtownclown
|j|☆fuck on my dj
|t:|1769362930
|gametype|singles
|player|p1|Downtownclown|1|1387
|player|p2|fuck on my dj|brycenman|1448
|gen|9
|tier|[Gen 9] OU
|rated|
|rule|HP Percentage Mod: HP is shown in percentages
|rule|Endless Battle Clause: Forcing endless battles is banned
|rule|Species Clause: Limit one of each Pokémon
|rule|OHKO Clause: OHKO moves are banned
|rule|Evasion Items Clause: Evasion items are banned
|rule|Evasion Moves Clause: Evasion moves are banned
|rule|Evasion Abilities Clause: Evasion abilities are banned
|rule|Sleep Moves Clause: Sleep-inducing moves are banned
|clearpoke
|poke|p1|Blastoise, M|
|poke|p1|Quaquaval, F|
|poke|p1|Lycanroc-Dusk, M|
|poke|p1|Iron Crown|
|poke|p1|Darkrai|
|poke|p1|Enamorus, F|
|poke|p2|Pelipper, F|
|poke|p2|Ludicolo, M|
|poke|p2|Iron Treads|
|poke|p2|Landorus-Therian, M|
|poke|p2|Barraskewda, F|
|poke|p2|Basculegion-F, F|
|teampreview
|inactive|Battle timer is ON: inactive players will automatically lose when time's up. (requested by Downtownclown)
|c|☆fuck on my dj|cool team
|c|☆fuck on my dj|gl hf
|c|☆Downtownclown|thanks
|inactive|Downtownclown has 120 seconds left.
|
|t:|1769362966
|teamsize|p1|6
|teamsize|p2|6
|start
|switch|p1a: Darkrai|Darkrai|100/100
|switch|p2a: Pelipper|Pelipper, F|100/100
|-weather|RainDance|[from] ability: Drizzle|[of] p2a: Pelipper
|turn|1
|
|t:|1769362973
|switch|p2a: Iron Treads|Iron Treads|100/100
|move|p1a: Darkrai|Dark Pulse|p2a: Iron Treads
|-damage|p2a: Iron Treads|64/100
|
|-weather|RainDance|[upkeep]
|upkeep
|turn|2
|
|t:|1769362981
|move|p1a: Darkrai|Dark Pulse|p2a: Iron Treads
|-damage|p2a: Iron Treads|32/100
|cant|p2a: Iron Treads|flinch
|
|-weather|RainDance|[upkeep]
|upkeep
|turn|3
|
|t:|1769362992
|-end|p2a: Iron Treads|Quark Drive|[silent]
|switch|p2a: Ludicolo|Ludicolo, M|100/100
|move|p1a: Darkrai|Dark Pulse|p2a: Ludicolo
|-damage|p2a: Ludicolo|34/100
|
|-weather|RainDance|[upkeep]
|upkeep
|turn|4
|
|t:|1769363000
|move|p2a: Ludicolo|Hydro Pump|p1a: Darkrai|[miss]
|-miss|p2a: Ludicolo|p1a: Darkrai
|move|p1a: Darkrai|Dark Pulse|p2a: Ludicolo
|-damage|p2a: Ludicolo|0 fnt
|faint|p2a: Ludicolo
|
|-weather|RainDance|[upkeep]
|upkeep
|
|t:|1769363003
|switch|p2a: Barraskewda|Barraskewda, F|100/100
|turn|5
|j| Venom15
|
|t:|1769363012
|switch|p1a: Enamorus|Enamorus, F|100/100
|move|p2a: Barraskewda|Liquidation|p1a: Enamorus
|-damage|p1a: Enamorus|0 fnt
|faint|p1a: Enamorus
|
|-weather|RainDance|[upkeep]
|upkeep
|c|☆Downtownclown|dang thought CC
|
|t:|1769363026
|switch|p1a: Lycanroc|Lycanroc-Dusk, M|100/100
|turn|6
|
|t:|1769363031
|move|p2a: Barraskewda|Liquidation|p1a: Lycanroc
|-supereffective|p1a: Lycanroc
|-enditem|p1a: Lycanroc|Focus Sash
|-damage|p1a: Lycanroc|1/100
|move|p1a: Lycanroc|Endeavor|p2a: Barraskewda
|-damage|p2a: Barraskewda|1/100
|
|-weather|RainDance|[upkeep]
|upkeep
|turn|7
|
|t:|1769363039
|switch|p2a: Landorus|Landorus-Therian, M|100/100
|-ability|p2a: Landorus|Intimidate|boost
|-unboost|p1a: Lycanroc|atk|1
|move|p1a: Lycanroc|Accelerock|p2a: Landorus
|-damage|p2a: Landorus|80/100
|
|-weather|RainDance|[upkeep]
|upkeep
|turn|8
|
|t:|1769363046
|move|p1a: Lycanroc|Endeavor|p2a: Landorus
|-damage|p2a: Landorus|1/100
|move|p2a: Landorus|U-turn|p1a: Lycanroc
|-damage|p1a: Lycanroc|0 fnt
|faint|p1a: Lycanroc
|c| Venom15|Liquidation kills darkrai most of the time so why cc
|
|t:|1769363055
|switch|p2a: Iron Treads|Iron Treads|32/100|[from] U-turn
|
|-weather|none
|upkeep
|
|t:|1769363059
|switch|p1a: Quaquaval|Quaquaval, F|100/100
|turn|9
|c|☆Downtownclown|it only kills him most of the time lol
|inactive|fuck on my dj has 120 seconds left.
|c|☆fuck on my dj|in rain it kills always
|c|☆Downtownclown|over kill is under rated
|
|t:|1769363095
|-end|p2a: Iron Treads|Quark Drive|[silent]
|switch|p2a: Pelipper|Pelipper, F|100/100
|-weather|RainDance|[from] ability: Drizzle|[of] p2a: Pelipper
|move|p1a: Quaquaval|Aqua Step|p2a: Pelipper
|-resisted|p2a: Pelipper
|-damage|p2a: Pelipper|79/100
|-boost|p1a: Quaquaval|spe|1
|
|-weather|RainDance|[upkeep]
|upkeep
|turn|10
|c| Venom15|I meant if you ran max hp and max def which is very rarely run
|
|t:|1769363114
|switch|p1a: Blastoise|Blastoise, M|100/100
|move|p2a: Pelipper|Hurricane|p1a: Blastoise
|-damage|p1a: Blastoise|61/100
|
|-weather|RainDance|[upkeep]
|upkeep
|turn|11
|c|☆fuck on my dj|not with that type of damage lol
|inactive|fuck on my dj has 120 seconds left.
|c|☆fuck on my dj|but yeah u got a point
|
|t:|1769363136
|move|p1a: Blastoise|Shell Smash|p1a: Blastoise
|-unboost|p1a: Blastoise|def|1
|-unboost|p1a: Blastoise|spd|1
|-boost|p1a: Blastoise|atk|2
|-boost|p1a: Blastoise|spa|2
|-boost|p1a: Blastoise|spe|2
|-enditem|p1a: Blastoise|White Herb
|-clearnegativeboost|p1a: Blastoise|[silent]
|move|p2a: Pelipper|U-turn|p1a: Blastoise
|-damage|p1a: Blastoise|51/100
|
|t:|1769363140
|switch|p2a: Barraskewda|Barraskewda, F|1/100|[from] U-turn
|
|-weather|RainDance|[upkeep]
|upkeep
|turn|12
|c|☆Downtownclown|hmmmm i wish i had the calc handy
|inactive|Downtownclown has 120 seconds left.
|c|☆Downtownclown|cause i honestly dont know
|c|☆Downtownclown|ah fuck it
|
|t:|1769363184
|-terastallize|p1a: Blastoise|Poison
|move|p2a: Barraskewda|Liquidation|p1a: Blastoise
|-damage|p1a: Blastoise|0 fnt
|faint|p1a: Blastoise
|
|-weather|RainDance|[upkeep]
|upkeep
|c| Venom15|You almost die always to liquid
|c|☆Downtownclown|lol
|c|☆Downtownclown|wrong again for me
|
|t:|1769363198
|switch|p1a: Quaquaval|Quaquaval, F|100/100
|turn|13
|
|t:|1769363204
|switch|p2a: Basculegion|Basculegion-F, F|100/100
|move|p1a: Quaquaval|Aqua Step|p2a: Basculegion
|-resisted|p2a: Basculegion
|-damage|p2a: Basculegion|65/100
|-boost|p1a: Quaquaval|spe|1
|
|-weather|RainDance|[upkeep]
|upkeep
|turn|14
|
|t:|1769363211
|-terastallize|p2a: Basculegion|Electric
|move|p2a: Basculegion|Tera Blast|p1a: Quaquaval|[anim] Tera Blast Electric
|-supereffective|p1a: Quaquaval
|-damage|p1a: Quaquaval|0 fnt
|faint|p1a: Quaquaval
|-damage|p2a: Basculegion|55/100|[from] item: Life Orb
|
|-weather|RainDance|[upkeep]
|upkeep
|
|t:|1769363220
|switch|p1a: Darkrai|Darkrai|100/100
|turn|15
|c| Venom15|Wait I’ve seen this team I think
|
|t:|1769363231
|switch|p2a: Landorus|Landorus-Therian, M|1/100
|-ability|p2a: Landorus|Intimidate|boost
|-unboost|p1a: Darkrai|atk|1
|move|p1a: Darkrai|Dark Pulse|p2a: Landorus
|-damage|p2a: Landorus|0 fnt
|faint|p2a: Landorus
|
|-weather|RainDance|[upkeep]
|upkeep
|
|t:|1769363233
|switch|p2a: Barraskewda|Barraskewda, F|1/100
|turn|16
|
|t:|1769363241
|move|p2a: Barraskewda|Liquidation|p1a: Darkrai
|-damage|p1a: Darkrai|0 fnt
|faint|p1a: Darkrai
|
|-weather|none
|upkeep
|c| Venom15|Pokeaim used this rain ludicolo
|
|t:|1769363246
|switch|p1a: Iron Crown|Iron Crown|100/100
|-enditem|p1a: Iron Crown|Booster Energy
|-activate|p1a: Iron Crown|ability: Quark Drive|[fromitem]
|-start|p1a: Iron Crown|quarkdrivespe
|turn|17
|c|☆fuck on my dj|yessir
|
|t:|1769363253
|move|p1a: Iron Crown|Iron Defense|p1a: Iron Crown
|-boost|p1a: Iron Crown|def|2
|move|p2a: Barraskewda|Liquidation|p1a: Iron Crown
|-damage|p1a: Iron Crown|65/100
|
|upkeep
|turn|18
|
|t:|1769363258
|move|p1a: Iron Crown|Iron Defense|p1a: Iron Crown
|-boost|p1a: Iron Crown|def|2
|move|p2a: Barraskewda|Liquidation|p1a: Iron Crown
|-damage|p1a: Iron Crown|42/100
|
|upkeep
|turn|19
|c| Venom15|Quaqaval guy you might need rocks with your team
|
|t:|1769363281
|move|p1a: Iron Crown|Stored Power|p2a: Barraskewda
|-damage|p2a: Barraskewda|0 fnt
|faint|p2a: Barraskewda
|
|upkeep
|
|t:|1769363285
|switch|p2a: Pelipper|Pelipper, F|79/100
|-weather|RainDance|[from] ability: Drizzle|[of] p2a: Pelipper
|turn|20
|c|☆Downtownclown|probably
|
|t:|1769363289
|move|p1a: Iron Crown|Stored Power|p2a: Pelipper
|-damage|p2a: Pelipper|14/100
|move|p2a: Pelipper|Weather Ball|p1a: Iron Crown
|-damage|p1a: Iron Crown|0 fnt
|faint|p1a: Iron Crown
|-end|p1a: Iron Crown|Quark Drive|[silent]
|
|win|fuck on my dj
|raw|Downtownclown's rating: 1387 &rarr; <strong>1370</strong><br />(-17 for losing)
|raw|fuck on my dj's rating: 1448 &rarr; <strong>1465</strong><br />(+17 for winning)
|c|☆fuck on my dj|if ur running endeavor
|l|☆Downtownclown
|player|p1|
|c|☆fuck on my dj|u for sure need some type of hazards
|c| Venom15|Yep
|l|☆fuck on my dj
|player|p2|
|l| Venom15
