|j|☆Daast
|j|☆Lewi5000
|t:|1769340604
|gametype|singles
|player|p1|Daast|169|1177
|player|p2|Lewi5000|crasherwake|1146
|gen|9
|tier|[Gen 9] OU
|rated|
|rule|HP Percentage Mod: HP is shown in percentages
|rule|Endless Battle Clause: Forcing endless battles is banned
|rule|Species Clause: Limit one of each Pokémon
|rule|OHKO Clause: OHKO moves are banned
|rule|Evasion Items Clause: Evasion items are banned
|rule|Evasion Moves Clause: Evasion moves are banned
|rule|Evasion Abilities Clause: Evasion abilities are banned
|rule|Sleep Moves Clause: Sleep-inducing moves are banned
|clearpoke
|poke|p1|Darkrai|
|poke|p1|Samurott-Hisui, M|
|poke|p1|Latios, M|
|poke|p1|Pecharunt|
|poke|p1|Zamazenta-*|
|poke|p1|Landorus-Therian, M|
|poke|p2|Malamar, F|
|poke|p2|Garganacl, M|
|poke|p2|Kingambit, F|
|poke|p2|Skeledirge, F|
|poke|p2|Clodsire, M|
|poke|p2|Cyclizar, F|
|teampreview
|inactive|Battle timer is ON: inactive players will automatically lose when time's up. (requested by Daast)
|
|t:|1769340617
|teamsize|p1|6
|teamsize|p2|6
|start
|switch|p1a: Landorus|Landorus-Therian, M|100/100
|switch|p2a: Clodsire|Clodsire, M|100/100
|-ability|p1a: Landorus|Intimidate|boost
|-unboost|p2a: Clodsire|atk|1
|turn|1
|
|t:|1769340634
|move|p2a: Clodsire|Protect|p2a: Clodsire
|-singleturn|p2a: Clodsire|Protect
|move|p1a: Landorus|Earthquake|p2a: Clodsire
|-activate|p2a: Clodsire|move: Protect
|
|upkeep
|turn|2
|
|t:|1769340655
|move|p1a: Landorus|Earthquake|p2a: Clodsire
|-supereffective|p2a: Clodsire
|-damage|p2a: Clodsire|29/100
|move|p2a: Clodsire|Counter|p1a: Landorus
|-damage|p1a: Landorus|0 fnt
|-damage|p2a: Clodsire|12/100|[from] item: Rocky Helmet|[of] p1a: Landorus
|faint|p1a: Landorus
|
|upkeep
|
|t:|1769340662
|switch|p1a: Samurott|Samurott-Hisui, M|100/100
|turn|3
|
|t:|1769340677
|move|p1a: Samurott|Ceaseless Edge|p2a: Clodsire
|-damage|p2a: Clodsire|0 fnt
|-damage|p1a: Samurott|84/100|[from] item: Rocky Helmet|[of] p2a: Clodsire
|-sidestart|p2: Lewi5000|Spikes
|faint|p2a: Clodsire
|
|upkeep
|
|t:|1769340692
|switch|p2a: Cyclizar|Cyclizar, F|100/100
|turn|4
|
|t:|1769340702
|move|p2a: Cyclizar|Rapid Spin|p1a: Samurott
|-damage|p1a: Samurott|68/100
|-boost|p2a: Cyclizar|spe|1
|-sideend|p2: Lewi5000|Spikes|[from] move: Rapid Spin|[of] p2a: Cyclizar
|move|p1a: Samurott|Ceaseless Edge|p2a: Cyclizar
|-damage|p2a: Cyclizar|38/100
|-sidestart|p2: Lewi5000|Spikes
|
|upkeep
|turn|5
|
|t:|1769340718
|move|p2a: Cyclizar|U-turn|p1a: Samurott
|-supereffective|p1a: Samurott
|-damage|p1a: Samurott|34/100
|
|t:|1769340725
|switch|p2a: Garganacl|Garganacl, M|100/100|[from] U-turn
|-damage|p2a: Garganacl|88/100|[from] Spikes
|move|p1a: Samurott|Ceaseless Edge|p2a: Garganacl
|-damage|p2a: Garganacl|58/100
|-sidestart|p2: Lewi5000|Spikes
|
|-heal|p2a: Garganacl|65/100|[from] item: Leftovers
|upkeep
|turn|6
|
|t:|1769340737
|move|p1a: Samurott|Razor Shell|p2a: Garganacl
|-supereffective|p2a: Garganacl
|-damage|p2a: Garganacl|0 fnt
|faint|p2a: Garganacl
|
|upkeep
|
|t:|1769340749
|switch|p2a: Cyclizar|Cyclizar, F|71/100
|turn|7
|
|t:|1769340761
|switch|p1a: Pecharunt|Pecharunt|100/100
|move|p2a: Cyclizar|U-turn|p1a: Pecharunt
|-resisted|p1a: Pecharunt
|-damage|p1a: Pecharunt|99/100
|
|t:|1769340777
|switch|p2a: Skeledirge|Skeledirge, F|100/100|[from] U-turn
|-damage|p2a: Skeledirge|84/100|[from] Spikes
|
|-heal|p2a: Skeledirge|90/100|[from] item: Leftovers
|upkeep
|turn|8
|
|t:|1769340798
|switch|p1a: Samurott|Samurott-Hisui, M|34/100
|-terastallize|p2a: Skeledirge|Fairy
|move|p2a: Skeledirge|Will-O-Wisp|p1a: Samurott
|-status|p1a: Samurott|brn
|
|-heal|p2a: Skeledirge|96/100|[from] item: Leftovers
|-damage|p1a: Samurott|28/100 brn|[from] brn
|upkeep
|turn|9
|
|t:|1769340811
|move|p1a: Samurott|Ceaseless Edge|p2a: Skeledirge|[miss]
|-miss|p1a: Samurott|p2a: Skeledirge
|move|p2a: Skeledirge|Hex|p1a: Samurott
|-resisted|p1a: Samurott
|-damage|p1a: Samurott|11/100 brn
|
|-heal|p2a: Skeledirge|100/100|[from] item: Leftovers
|-damage|p1a: Samurott|4/100 brn|[from] brn
|upkeep
|turn|10
|
|t:|1769340823
|move|p1a: Samurott|Ceaseless Edge|p2a: Skeledirge|[miss]
|-miss|p1a: Samurott|p2a: Skeledirge
|move|p2a: Skeledirge|Slack Off||[still]
|-fail|p2a: Skeledirge|heal
|
|-damage|p1a: Samurott|0 fnt|[from] brn
|faint|p1a: Samurott
|upkeep
|
|t:|1769340840
|switch|p1a: Zamazenta|Zamazenta|100/100
|-ability|p1a: Zamazenta|Dauntless Shield|boost
|-boost|p1a: Zamazenta|def|1
|turn|11
|
|t:|1769340847
|-terastallize|p1a: Zamazenta|Fire
|move|p1a: Zamazenta|Heavy Slam|p2a: Skeledirge
|-supereffective|p2a: Skeledirge
|-damage|p2a: Skeledirge|84/100
|move|p2a: Skeledirge|Torch Song|p1a: Zamazenta
|-resisted|p1a: Zamazenta
|-damage|p1a: Zamazenta|88/100
|-boost|p2a: Skeledirge|spa|1
|
|-heal|p2a: Skeledirge|90/100|[from] item: Leftovers
|upkeep
|turn|12
|
|t:|1769340859
|move|p1a: Zamazenta|Heavy Slam|p2a: Skeledirge
|-supereffective|p2a: Skeledirge
|-damage|p2a: Skeledirge|73/100
|move|p2a: Skeledirge|Torch Song|p1a: Zamazenta
|-resisted|p1a: Zamazenta
|-damage|p1a: Zamazenta|69/100
|-boost|p2a: Skeledirge|spa|1
|
|-heal|p2a: Skeledirge|79/100|[from] item: Leftovers
|upkeep
|turn|13
|
|t:|1769340870
|move|p1a: Zamazenta|Heavy Slam|p2a: Skeledirge
|-supereffective|p2a: Skeledirge
|-damage|p2a: Skeledirge|63/100
|move|p2a: Skeledirge|Torch Song|p1a: Zamazenta
|-resisted|p1a: Zamazenta
|-damage|p1a: Zamazenta|46/100
|-boost|p2a: Skeledirge|spa|1
|
|-heal|p2a: Skeledirge|69/100|[from] item: Leftovers
|upkeep
|turn|14
|
|t:|1769340880
|move|p1a: Zamazenta|Heavy Slam|p2a: Skeledirge
|-supereffective|p2a: Skeledirge
|-damage|p2a: Skeledirge|52/100
|move|p2a: Skeledirge|Torch Song|p1a: Zamazenta
|-resisted|p1a: Zamazenta
|-damage|p1a: Zamazenta|15/100
|-boost|p2a: Skeledirge|spa|1
|
|-heal|p2a: Skeledirge|58/100|[from] item: Leftovers
|upkeep
|turn|15
|
|t:|1769340893
|move|p1a: Zamazenta|Close Combat|p2a: Skeledirge
|-resisted|p2a: Skeledirge
|-damage|p2a: Skeledirge|39/100
|-unboost|p1a: Zamazenta|def|1
|-unboost|p1a: Zamazenta|spd|1
|move|p2a: Skeledirge|Slack Off|p2a: Skeledirge
|-heal|p2a: Skeledirge|89/100
|
|-heal|p2a: Skeledirge|95/100|[from] item: Leftovers
|upkeep
|turn|16
|
|t:|1769340904
|move|p1a: Zamazenta|Heavy Slam|p2a: Skeledirge
|-supereffective|p2a: Skeledirge
|-crit|p2a: Skeledirge
|-damage|p2a: Skeledirge|72/100
|move|p2a: Skeledirge|Torch Song|p1a: Zamazenta
|-resisted|p1a: Zamazenta
|-damage|p1a: Zamazenta|0 fnt
|-boost|p2a: Skeledirge|spa|1
|faint|p1a: Zamazenta
|
|-heal|p2a: Skeledirge|78/100|[from] item: Leftovers
|upkeep
|
|t:|1769340911
|switch|p1a: Pecharunt|Pecharunt|99/100
|turn|17
|-message|Daast forfeited.
|
|win|Lewi5000
|raw|Daast's rating: 1177 &rarr; <strong>1150</strong><br />(-27 for losing)
|raw|Lewi5000's rating: 1146 &rarr; <strong>1173</strong><br />(+27 for winning)
|l|☆Daast
|player|p1|
|l|☆Lewi5000
|player|p2|
