|j|☆ErroDeDigitacao
|j|☆EleaRosea
|t:|1769375481
|gametype|singles
|player|p1|ErroDeDigitacao|170|1564
|player|p2|EleaRosea|harmony|1537
|gen|9
|tier|[Gen 9] OU
|rated|
|rule|HP Percentage Mod: HP is shown in percentages
|rule|Endless Battle Clause: Forcing endless battles is banned
|rule|Species Clause: Limit one of each Pokémon
|rule|OHKO Clause: OHKO moves are banned
|rule|Evasion Items Clause: Evasion items are banned
|rule|Evasion Moves Clause: Evasion moves are banned
|rule|Evasion Abilities Clause: Evasion abilities are banned
|rule|Sleep Moves Clause: Sleep-inducing moves are banned
|clearpoke
|poke|p1|Latios, M|
|poke|p1|Ogerpon-Wellspring, F|
|poke|p1|Landorus-Therian, M|
|poke|p1|Pecharunt|
|poke|p1|Alomomola, M|
|poke|p1|Great Tusk|
|poke|p2|Great Tusk|
|poke|p2|Heatran, F|
|poke|p2|Weavile, F|
|poke|p2|Primarina, F|
|poke|p2|Ogerpon, F|
|poke|p2|Pecharunt|
|teampreview
|inactive|Battle timer is ON: inactive players will automatically lose when time's up. (requested by ErroDeDigitacao)
|
|t:|1769375488
|teamsize|p1|6
|teamsize|p2|6
|start
|switch|p1a: Ogerpon|Ogerpon-Wellspring, F|100/100
|switch|p2a: Anonymous|Ogerpon, F|100/100
|turn|1
|
|t:|1769375497
|switch|p1a: Pecharunt|Pecharunt|100/100
|-terastallize|p2a: Anonymous|Grass
|detailschange|p2a: Anonymous|Ogerpon-Teal-Tera, F, tera:Grass
|-ability|p2a: Anonymous|Embody Aspect (Teal)|boost
|-boost|p2a: Anonymous|spe|1
|move|p2a: Anonymous|Ivy Cudgel|p1a: Pecharunt
|-resisted|p1a: Pecharunt
|-damage|p1a: Pecharunt|76/100
|
|upkeep
|turn|2
|
|t:|1769375518
|switch|p2a: Bandit|Weavile, F, shiny|100/100
|-ability|p2a: Bandit|Pressure
|move|p1a: Pecharunt|Recover|p1a: Pecharunt
|-heal|p1a: Pecharunt|100/100
|
|upkeep
|turn|3
|
|t:|1769375524
|move|p2a: Bandit|Knock Off|p1a: Pecharunt
|-supereffective|p1a: Pecharunt
|-damage|p1a: Pecharunt|36/100
|-damage|p2a: Bandit|84/100|[from] item: Rocky Helmet|[of] p1a: Pecharunt
|-enditem|p1a: Pecharunt|Rocky Helmet|[from] move: Knock Off|[of] p2a: Bandit
|move|p1a: Pecharunt|Malignant Chain|p2a: Bandit
|-damage|p2a: Bandit|37/100
|
|upkeep
|turn|4
|
|t:|1769375529
|switch|p1a: Great Tusk|Great Tusk|100/100
|move|p2a: Bandit|Knock Off|p1a: Great Tusk
|-resisted|p1a: Great Tusk
|-damage|p1a: Great Tusk|80/100
|-enditem|p1a: Great Tusk|Heavy-Duty Boots|[from] move: Knock Off|[of] p2a: Bandit
|
|upkeep
|turn|5
|inactive|EleaRosea has 120 seconds left.
|
|t:|1769375573
|switch|p2a: Chaos|Heatran, F, shiny|100/100
|-item|p2a: Chaos|Air Balloon
|move|p1a: Great Tusk|Stealth Rock|p2a: Chaos
|-sidestart|p2: EleaRosea|move: Stealth Rock
|
|upkeep
|turn|6
|
|t:|1769375579
|move|p1a: Great Tusk|Rapid Spin|p2a: Chaos
|-resisted|p2a: Chaos
|-damage|p2a: Chaos|93/100
|-boost|p1a: Great Tusk|spe|1
|-enditem|p2a: Chaos|Air Balloon
|move|p2a: Chaos|Stealth Rock|p1a: Great Tusk
|-sidestart|p1: ErroDeDigitacao|move: Stealth Rock
|
|upkeep
|turn|7
|
|t:|1769375583
|move|p1a: Great Tusk|Headlong Rush|p2a: Chaos
|-supereffective|p2a: Chaos
|-damage|p2a: Chaos|0 fnt
|-unboost|p1a: Great Tusk|def|1
|-unboost|p1a: Great Tusk|spd|1
|faint|p2a: Chaos
|
|upkeep
|
|t:|1769375586
|switch|p2a: Anonymous|Ogerpon-Teal-Tera, F, tera:Grass|100/100
|-damage|p2a: Anonymous|88/100|[from] Stealth Rock
|-ability|p2a: Anonymous|Embody Aspect (Teal)|boost
|-boost|p2a: Anonymous|spe|1
|turn|8
|
|t:|1769375589
|-end|p1a: Great Tusk|Protosynthesis|[silent]
|switch|p1a: Landorus|Landorus-Therian, M|100/100
|-damage|p1a: Landorus|88/100|[from] Stealth Rock
|-ability|p1a: Landorus|Intimidate|boost
|-unboost|p2a: Anonymous|atk|1
|move|p2a: Anonymous|Ivy Cudgel|p1a: Landorus
|-damage|p1a: Landorus|11/100
|
|upkeep
|turn|9
|
|t:|1769375592
|move|p2a: Anonymous|Ivy Cudgel|p1a: Landorus
|-crit|p1a: Landorus
|-damage|p1a: Landorus|0 fnt
|faint|p1a: Landorus
|
|upkeep
|
|t:|1769375594
|switch|p1a: Pecharunt|Pecharunt|36/100
|-damage|p1a: Pecharunt|23/100|[from] Stealth Rock
|turn|10
|
|t:|1769375604
|switch|p2a: Behemoth|Great Tusk, shiny|100/100
|move|p1a: Pecharunt|Recover|p1a: Pecharunt
|-heal|p1a: Pecharunt|73/100
|
|upkeep
|turn|11
|
|t:|1769375610
|move|p2a: Behemoth|Headlong Rush|p1a: Pecharunt
|-supereffective|p1a: Pecharunt
|-damage|p1a: Pecharunt|13/100
|-unboost|p2a: Behemoth|def|1
|-unboost|p2a: Behemoth|spd|1
|move|p1a: Pecharunt|Recover|p1a: Pecharunt
|-heal|p1a: Pecharunt|63/100
|
|upkeep
|turn|12
|
|t:|1769375620
|move|p2a: Behemoth|Headlong Rush|p1a: Pecharunt
|-supereffective|p1a: Pecharunt
|-damage|p1a: Pecharunt|4/100
|-unboost|p2a: Behemoth|def|1
|-unboost|p2a: Behemoth|spd|1
|move|p1a: Pecharunt|Malignant Chain|p2a: Behemoth
|-resisted|p2a: Behemoth
|-damage|p2a: Behemoth|56/100
|
|upkeep
|turn|13
|
|t:|1769375626
|move|p2a: Behemoth|Ice Spinner|p1a: Pecharunt
|-damage|p1a: Pecharunt|0 fnt
|faint|p1a: Pecharunt
|
|upkeep
|
|t:|1769375628
|switch|p1a: Great Tusk|Great Tusk|80/100
|-damage|p1a: Great Tusk|77/100|[from] Stealth Rock
|turn|14
|
|t:|1769375639
|-end|p2a: Behemoth|Protosynthesis|[silent]
|switch|p2a: Overseer|Pecharunt|100/100
|-damage|p2a: Overseer|88/100|[from] Stealth Rock
|move|p1a: Great Tusk|Rapid Spin|p2a: Overseer
|-immune|p2a: Overseer
|
|upkeep
|turn|15
|
|t:|1769375643
|move|p1a: Great Tusk|Headlong Rush|p2a: Overseer
|-supereffective|p2a: Overseer
|-damage|p2a: Overseer|38/100
|-unboost|p1a: Great Tusk|def|1
|-unboost|p1a: Great Tusk|spd|1
|-damage|p1a: Great Tusk|60/100|[from] item: Rocky Helmet|[of] p2a: Overseer
|move|p2a: Overseer|Parting Shot|p1a: Great Tusk
|-unboost|p1a: Great Tusk|atk|1
|-unboost|p1a: Great Tusk|spa|1
|
|t:|1769375647
|switch|p2a: Anonymous|Ogerpon-Teal-Tera, F, tera:Grass|88/100|[from] Parting Shot
|-damage|p2a: Anonymous|76/100|[from] Stealth Rock
|-ability|p2a: Anonymous|Embody Aspect (Teal)|boost
|-boost|p2a: Anonymous|spe|1
|
|upkeep
|turn|16
|
|t:|1769375653
|-end|p1a: Great Tusk|Protosynthesis|[silent]
|switch|p1a: Alomomola|Alomomola, M|100/100
|-damage|p1a: Alomomola|88/100|[from] Stealth Rock
|move|p2a: Anonymous|Ivy Cudgel|p1a: Alomomola
|-supereffective|p1a: Alomomola
|-damage|p1a: Alomomola|0 fnt
|faint|p1a: Alomomola
|
|upkeep
|
|t:|1769375655
|switch|p1a: Latios|Latios, M|100/100
|-damage|p1a: Latios|88/100|[from] Stealth Rock
|turn|17
|
|t:|1769375661
|switch|p2a: Celestine|Primarina, F, shiny|100/100
|-damage|p2a: Celestine|88/100|[from] Stealth Rock
|move|p1a: Latios|Draco Meteor|p2a: Celestine
|-immune|p2a: Celestine
|
|upkeep
|turn|18
|
|t:|1769375668
|switch|p1a: Ogerpon|Ogerpon-Wellspring, F|100/100
|-damage|p1a: Ogerpon|88/100|[from] Stealth Rock
|move|p2a: Celestine|Moonblast|p1a: Ogerpon
|-damage|p1a: Ogerpon|24/100
|
|upkeep
|turn|19
|
|t:|1769375673
|switch|p2a: Overseer|Pecharunt|38/100
|-damage|p2a: Overseer|26/100|[from] Stealth Rock
|move|p1a: Ogerpon|Power Whip|p2a: Overseer
|-resisted|p2a: Overseer
|-damage|p2a: Overseer|9/100
|-damage|p1a: Ogerpon|7/100|[from] item: Rocky Helmet|[of] p2a: Overseer
|
|upkeep
|turn|20
|
|t:|1769375678
|move|p1a: Ogerpon|Ivy Cudgel|p2a: Overseer|[anim] Ivy Cudgel Water
|-crit|p2a: Overseer
|-damage|p2a: Overseer|0 fnt
|faint|p2a: Overseer
|
|upkeep
|
|t:|1769375683
|switch|p2a: Anonymous|Ogerpon-Teal-Tera, F, tera:Grass|76/100
|-damage|p2a: Anonymous|64/100|[from] Stealth Rock
|-ability|p2a: Anonymous|Embody Aspect (Teal)|boost
|-boost|p2a: Anonymous|spe|1
|turn|21
|
|t:|1769375692
|move|p2a: Anonymous|U-turn|p1a: Ogerpon
|-supereffective|p1a: Ogerpon
|-damage|p1a: Ogerpon|0 fnt
|faint|p1a: Ogerpon
|
|t:|1769375698
|switch|p2a: Behemoth|Great Tusk, shiny|56/100|[from] U-turn
|
|upkeep
|
|t:|1769375701
|switch|p1a: Great Tusk|Great Tusk|60/100
|-damage|p1a: Great Tusk|57/100|[from] Stealth Rock
|turn|22
|
|t:|1769375707
|move|p2a: Behemoth|Ice Spinner|p1a: Great Tusk
|-supereffective|p1a: Great Tusk
|-damage|p1a: Great Tusk|25/100
|move|p1a: Great Tusk|Rapid Spin|p2a: Behemoth
|-damage|p2a: Behemoth|46/100
|-boost|p1a: Great Tusk|spe|1
|-sideend|p1: ErroDeDigitacao|Stealth Rock|[from] move: Rapid Spin|[of] p1a: Great Tusk
|
|upkeep
|turn|23
|
|t:|1769375718
|-terastallize|p1a: Great Tusk|Water
|move|p1a: Great Tusk|Rapid Spin|p2a: Behemoth
|-damage|p2a: Behemoth|34/100
|-boost|p1a: Great Tusk|spe|1
|move|p2a: Behemoth|Headlong Rush|p1a: Great Tusk
|-damage|p1a: Great Tusk|0 fnt
|-unboost|p2a: Behemoth|def|1
|-unboost|p2a: Behemoth|spd|1
|faint|p1a: Great Tusk
|-end|p1a: Great Tusk|Protosynthesis|[silent]
|
|upkeep
|
|t:|1769375721
|switch|p1a: Latios|Latios, M|88/100
|turn|24
|
|t:|1769375724
|move|p1a: Latios|Psychic Noise|p2a: Behemoth
|-supereffective|p2a: Behemoth
|-damage|p2a: Behemoth|0 fnt
|faint|p2a: Behemoth
|-end|p2a: Behemoth|Protosynthesis|[silent]
|
|upkeep
|
|t:|1769375729
|switch|p2a: Anonymous|Ogerpon-Teal-Tera, F, tera:Grass|64/100
|-damage|p2a: Anonymous|51/100|[from] Stealth Rock
|-ability|p2a: Anonymous|Embody Aspect (Teal)|boost
|-boost|p2a: Anonymous|spe|1
|turn|25
|
|t:|1769375732
|move|p2a: Anonymous|Knock Off|p1a: Latios
|-supereffective|p1a: Latios
|-damage|p1a: Latios|0 fnt
|-enditem|p1a: Latios|Soul Dew|[from] move: Knock Off|[of] p2a: Anonymous
|faint|p1a: Latios
|
|win|EleaRosea
|raw|ErroDeDigitacao's rating: 1564 &rarr; <strong>1542</strong><br />(-22 for losing)
|raw|EleaRosea's rating: 1537 &rarr; <strong>1559</strong><br />(+22 for winning)
|c|☆EleaRosea|gg
|l|☆ErroDeDigitacao
|player|p1|
