|j|☆vortex_jazil
|j|☆lilie kawaii
|t:|1769337439
|gametype|singles
|player|p1|vortex_jazil|lucas|1018
|player|p2|lilie kawaii|n|1047
|gen|9
|tier|[Gen 9] OU
|rated|
|rule|HP Percentage Mod: HP is shown in percentages
|rule|Endless Battle Clause: Forcing endless battles is banned
|rule|Species Clause: Limit one of each Pokémon
|rule|OHKO Clause: OHKO moves are banned
|rule|Evasion Items Clause: Evasion items are banned
|rule|Evasion Moves Clause: Evasion moves are banned
|rule|Evasion Abilities Clause: Evasion abilities are banned
|rule|Sleep Moves Clause: Sleep-inducing moves are banned
|clearpoke
|poke|p1|Iron Valiant|
|poke|p1|Kyurem|
|poke|p1|Zamazenta-*|
|poke|p1|Kingambit, M|
|poke|p1|Tyranitar, M|
|poke|p1|Cinderace, F|
|poke|p2|Greninja-*, M|
|poke|p2|Ceruledge, M|
|poke|p2|Iron Valiant|
|poke|p2|Meowscarada, M|
|poke|p2|Garchomp, M|
|poke|p2|Samurott-Hisui, M|
|teampreview
|inactive|Battle timer is ON: inactive players will automatically lose when time's up. (requested by lilie kawaii)
|
|t:|1769337474
|teamsize|p1|6
|teamsize|p2|6
|start
|switch|p1a: Tyranitar|Tyranitar, M|100/100
|switch|p2a: Garchomp|Garchomp, M, shiny|100/100
|-weather|Sandstorm|[from] ability: Sand Stream|[of] p1a: Tyranitar
|turn|1
|
|t:|1769337483
|move|p2a: Garchomp|Stealth Rock|p1a: Tyranitar
|-sidestart|p1: vortex_jazil|move: Stealth Rock
|move|p1a: Tyranitar|Crunch|p2a: Garchomp
|-damage|p2a: Garchomp|77/100
|-damage|p1a: Tyranitar|88/100|[from] ability: Rough Skin|[of] p2a: Garchomp
|-damage|p1a: Tyranitar|72/100|[from] item: Rocky Helmet|[of] p2a: Garchomp
|
|-weather|Sandstorm|[upkeep]
|upkeep
|turn|2
|
|t:|1769337496
|move|p2a: Garchomp|Earthquake|p1a: Tyranitar
|-supereffective|p1a: Tyranitar
|-damage|p1a: Tyranitar|0 fnt
|faint|p1a: Tyranitar
|
|-weather|Sandstorm|[upkeep]
|upkeep
|
|t:|1769337505
|switch|p1a: Kyurem|Kyurem|100/100
|-damage|p1a: Kyurem|76/100|[from] Stealth Rock
|-ability|p1a: Kyurem|Pressure
|turn|3
|
|t:|1769337508
|move|p1a: Kyurem|Draco Meteor|p2a: Garchomp
|-supereffective|p2a: Garchomp
|-damage|p2a: Garchomp|0 fnt
|-unboost|p1a: Kyurem|spa|2
|faint|p2a: Garchomp
|
|-weather|Sandstorm|[upkeep]
|-damage|p1a: Kyurem|70/100|[from] Sandstorm
|upkeep
|
|t:|1769337513
|switch|p2a: Iron Valiant|Iron Valiant|100/100
|-enditem|p2a: Iron Valiant|Booster Energy
|-activate|p2a: Iron Valiant|ability: Quark Drive|[fromitem]
|-start|p2a: Iron Valiant|quarkdriveatk
|turn|4
|
|t:|1769337520
|switch|p1a: Iron Valiant|Iron Valiant|100/100
|-damage|p1a: Iron Valiant|94/100|[from] Stealth Rock
|-enditem|p1a: Iron Valiant|Booster Energy
|-activate|p1a: Iron Valiant|ability: Quark Drive|[fromitem]
|-start|p1a: Iron Valiant|quarkdrivespe
|move|p2a: Iron Valiant|Moonblast|p1a: Iron Valiant
|-supereffective|p1a: Iron Valiant
|-damage|p1a: Iron Valiant|0 fnt
|faint|p1a: Iron Valiant
|-end|p1a: Iron Valiant|Quark Drive|[silent]
|
|-weather|Sandstorm|[upkeep]
|-damage|p2a: Iron Valiant|94/100|[from] Sandstorm
|upkeep
|
|t:|1769337542
|switch|p1a: Kingambit|Kingambit, M|100/100
|-damage|p1a: Kingambit|94/100|[from] Stealth Rock
|-activate|p1a: Kingambit|ability: Supreme Overlord
|-start|p1a: Kingambit|fallen2|[silent]
|turn|5
|
|t:|1769337550
|move|p2a: Iron Valiant|Close Combat|p1a: Kingambit
|-supereffective|p1a: Kingambit
|-damage|p1a: Kingambit|0 fnt
|-unboost|p2a: Iron Valiant|def|1
|-unboost|p2a: Iron Valiant|spd|1
|faint|p1a: Kingambit
|-end|p1a: Kingambit|fallen2|[silent]
|
|-weather|Sandstorm|[upkeep]
|-damage|p2a: Iron Valiant|88/100|[from] Sandstorm
|upkeep
|
|t:|1769337566
|switch|p1a: Zamazenta|Zamazenta|100/100
|-damage|p1a: Zamazenta|94/100|[from] Stealth Rock
|-ability|p1a: Zamazenta|Dauntless Shield|boost
|-boost|p1a: Zamazenta|def|1
|turn|6
|
|t:|1769337573
|move|p1a: Zamazenta|Ice Fang|p2a: Iron Valiant
|-damage|p2a: Iron Valiant|46/100
|move|p2a: Iron Valiant|Moonblast|p1a: Zamazenta
|-supereffective|p1a: Zamazenta
|-damage|p1a: Zamazenta|19/100
|
|-weather|Sandstorm|[upkeep]
|-damage|p1a: Zamazenta|12/100|[from] Sandstorm
|-damage|p2a: Iron Valiant|40/100|[from] Sandstorm
|-heal|p1a: Zamazenta|19/100|[from] item: Leftovers
|upkeep
|turn|7
|inactive|vortex_jazil has 120 seconds left.
|
|t:|1769337596
|switch|p1a: Cinderace|Cinderace, F|100/100
|move|p2a: Iron Valiant|Moonblast|p1a: Cinderace
|-resisted|p1a: Cinderace
|-damage|p1a: Cinderace|70/100
|
|-weather|Sandstorm|[upkeep]
|-damage|p1a: Cinderace|64/100|[from] Sandstorm
|-damage|p2a: Iron Valiant|33/100|[from] Sandstorm
|upkeep
|turn|8
|
|t:|1769337612
|move|p1a: Cinderace|U-turn|p2a: Iron Valiant
|-start|p1a: Cinderace|typechange|Bug|[from] ability: Libero
|-resisted|p2a: Iron Valiant
|-damage|p2a: Iron Valiant|16/100
|inactive|vortex_jazil has 120 seconds left.
|
|t:|1769337625
|switch|p1a: Zamazenta|Zamazenta|19/100|[from] U-turn
|-damage|p1a: Zamazenta|12/100|[from] Stealth Rock
|move|p2a: Iron Valiant|Close Combat|p1a: Zamazenta
|-damage|p1a: Zamazenta|0 fnt
|-unboost|p2a: Iron Valiant|def|1
|-unboost|p2a: Iron Valiant|spd|1
|faint|p1a: Zamazenta
|
|-weather|none
|upkeep
|
|t:|1769337630
|switch|p1a: Kyurem|Kyurem|70/100
|-damage|p1a: Kyurem|45/100|[from] Stealth Rock
|-ability|p1a: Kyurem|Pressure
|turn|9
|
|t:|1769337645
|-terastallize|p1a: Kyurem|Fairy
|move|p2a: Iron Valiant|Ice Punch|p1a: Kyurem
|-damage|p1a: Kyurem|11/100
|move|p1a: Kyurem|Ice Beam|p2a: Iron Valiant
|-damage|p2a: Iron Valiant|0 fnt
|faint|p2a: Iron Valiant
|-end|p2a: Iron Valiant|Quark Drive|[silent]
|
|upkeep
|
|t:|1769337653
|switch|p2a: Meowscarada|Meowscarada, M|100/100
|turn|10
|
|t:|1769337661
|move|p2a: Meowscarada|Flower Trick|p1a: Kyurem
|-start|p2a: Meowscarada|typechange|Grass|[from] ability: Protean
|-crit|p1a: Kyurem
|-damage|p1a: Kyurem|0 fnt
|faint|p1a: Kyurem
|
|upkeep
|
|t:|1769337669
|switch|p1a: Cinderace|Cinderace, F|64/100
|turn|11
|
|t:|1769337675
|-terastallize|p2a: Meowscarada|Fairy
|move|p1a: Cinderace|Pyro Ball|p2a: Meowscarada
|-damage|p2a: Meowscarada|18/100
|move|p2a: Meowscarada|Knock Off|p1a: Cinderace
|-damage|p1a: Cinderace|15/100
|-enditem|p1a: Cinderace|Heavy-Duty Boots|[from] move: Knock Off|[of] p2a: Meowscarada
|
|upkeep
|turn|12
|
|t:|1769337685
|switch|p2a: Ceruledge|Ceruledge, M, shiny|100/100
|move|p1a: Cinderace|Pyro Ball|p2a: Ceruledge
|-resisted|p2a: Ceruledge
|-damage|p2a: Ceruledge|58/100
|-ability|p2a: Ceruledge|Weak Armor|boost
|-unboost|p2a: Ceruledge|def|1
|-boost|p2a: Ceruledge|spe|2
|
|upkeep
|turn|13
|
|t:|1769337706
|move|p2a: Ceruledge|Bitter Blade|p1a: Cinderace
|-resisted|p1a: Cinderace
|-damage|p1a: Cinderace|0 fnt
|-heal|p2a: Ceruledge|65/100|[from] drain|[of] p1a: Cinderace
|faint|p1a: Cinderace
|
|win|lilie kawaii
|raw|vortex_jazil's rating: 1018 &rarr; <strong>1006</strong><br />(-12 for losing)
|raw|lilie kawaii's rating: 1047 &rarr; <strong>1077</strong><br />(+30 for winning)
