|j|☆ghostfreak99
|j|☆goon100
|t:|1769356853
|gametype|singles
|player|p1|ghostfreak99|170|1429
|player|p2|goon100|170|1397
|gen|9
|tier|[Gen 9] OU
|rated|
|rule|HP Percentage Mod: HP is shown in percentages
|rule|Endless Battle Clause: Forcing endless battles is banned
|rule|Species Clause: Limit one of each Pokémon
|rule|OHKO Clause: OHKO moves are banned
|rule|Evasion Items Clause: Evasion items are banned
|rule|Evasion Moves Clause: Evasion moves are banned
|rule|Evasion Abilities Clause: Evasion abilities are banned
|rule|Sleep Moves Clause: Sleep-inducing moves are banned
|clearpoke
|poke|p1|Darkrai|
|poke|p1|Dragapult, M|
|poke|p1|Dondozo, M|
|poke|p1|Florges-White, F|
|poke|p1|Cinderace, F|
|poke|p1|Landorus-Therian, M|
|poke|p2|Cinderace, F|
|poke|p2|Pecharunt|
|poke|p2|Deoxys-Speed|
|poke|p2|Dragonite, F|
|poke|p2|Golem-Alola, F|
|poke|p2|Ting-Lu|
|teampreview
|inactive|Battle timer is ON: inactive players will automatically lose when time's up. (requested by goon100)
|
|t:|1769356887
|teamsize|p1|6
|teamsize|p2|6
|start
|switch|p1a: The Land|Landorus-Therian, M, shiny|100/100
|switch|p2a: Ting-Lu|Ting-Lu|100/100
|-ability|p1a: The Land|Intimidate|boost
|-unboost|p2a: Ting-Lu|atk|1
|-ability|p2a: Ting-Lu|Vessel of Ruin
|turn|1
|
|t:|1769356908
|move|p1a: The Land|U-turn|p2a: Ting-Lu
|-supereffective|p2a: Ting-Lu
|-crit|p2a: Ting-Lu
|-damage|p2a: Ting-Lu|31/100
|inactive|ghostfreak99 has 120 seconds left.
|
|t:|1769356941
|switch|p1a: The Dark|Darkrai, shiny|100/100|[from] U-turn
|move|p2a: Ting-Lu|Ruination|p1a: The Dark
|-damage|p1a: The Dark|50/100
|
|-heal|p2a: Ting-Lu|37/100|[from] item: Leftovers
|upkeep
|turn|2
|
|t:|1769356957
|move|p1a: The Dark|Focus Blast|p2a: Ting-Lu
|-supereffective|p2a: Ting-Lu
|-damage|p2a: Ting-Lu|0 fnt
|faint|p2a: Ting-Lu
|
|upkeep
|inactive|goon100 has 120 seconds left.
|
|t:|1769356993
|switch|p2a: Dragonite|Dragonite, F|100/100
|turn|3
|
|t:|1769357013
|switch|p1a: Big Boss|Dondozo, M, shiny|100/100
|move|p2a: Dragonite|Extreme Speed|p1a: Big Boss
|-damage|p1a: Big Boss|88/100
|
|-heal|p1a: Big Boss|94/100|[from] item: Leftovers
|upkeep
|turn|4
|
|t:|1769357021
|switch|p2a: Pecharunt|Pecharunt|100/100
|move|p1a: Big Boss|Wave Crash|p2a: Pecharunt
|-damage|p2a: Pecharunt|82/100
|-damage|p1a: Big Boss|77/100|[from] item: Rocky Helmet|[of] p2a: Pecharunt
|-damage|p1a: Big Boss|73/100|[from] Recoil
|
|-heal|p1a: Big Boss|79/100|[from] item: Leftovers
|upkeep
|turn|5
|
|t:|1769357031
|switch|p1a: The Land|Landorus-Therian, M, shiny|100/100
|-ability|p1a: The Land|Intimidate|boost
|-unboost|p2a: Pecharunt|atk|1
|move|p2a: Pecharunt|Malignant Chain|p1a: The Land
|-resisted|p1a: The Land
|-damage|p1a: The Land|82/100
|
|upkeep
|turn|6
|
|t:|1769357049
|move|p1a: The Land|Outrage|p2a: Pecharunt
|-damage|p2a: Pecharunt|50/100
|-damage|p1a: The Land|65/100|[from] item: Rocky Helmet|[of] p2a: Pecharunt
|move|p2a: Pecharunt|Recover|p2a: Pecharunt
|-heal|p2a: Pecharunt|100/100
|
|upkeep
|turn|7
|
|t:|1769357058
|move|p1a: The Land|Outrage|p2a: Pecharunt|[from] lockedmove
|-damage|p2a: Pecharunt|68/100
|-damage|p1a: The Land|49/100|[from] item: Rocky Helmet|[of] p2a: Pecharunt
|-start|p1a: The Land|confusion|[fatigue]
|move|p2a: Pecharunt|Malignant Chain|p1a: The Land
|-resisted|p1a: The Land
|-damage|p1a: The Land|29/100
|-status|p1a: The Land|tox
|
|-damage|p1a: The Land|23/100 tox|[from] psn
|upkeep
|turn|8
|
|t:|1769357069
|switch|p1a: The Dark|Darkrai, shiny|50/100
|move|p2a: Pecharunt|Recover|p2a: Pecharunt
|-heal|p2a: Pecharunt|100/100
|
|upkeep
|turn|9
|inactive|goon100 has 90 seconds left.
|
|t:|1769357090
|switch|p2a: Cinderace|Cinderace, F|100/100
|move|p1a: The Dark|Dark Pulse|p2a: Cinderace
|-damage|p2a: Cinderace|11/100
|
|upkeep
|turn|10
|
|t:|1769357097
|move|p2a: Cinderace|Sucker Punch|p1a: The Dark
|-start|p2a: Cinderace|typechange|Dark|[from] ability: Libero
|-resisted|p1a: The Dark
|-damage|p1a: The Dark|29/100
|move|p1a: The Dark|Dark Pulse|p2a: Cinderace
|-resisted|p2a: Cinderace
|-damage|p2a: Cinderace|0 fnt
|faint|p2a: Cinderace
|
|upkeep
|inactive|goon100 has 90 seconds left.
|inactive|goon100 has 60 seconds left.
|
|t:|1769357153
|switch|p2a: Deoxys|Deoxys-Speed|100/100
|-ability|p2a: Deoxys|Pressure
|turn|11
|inactive|ghostfreak99 has 120 seconds left.
|
|t:|1769357187
|switch|p1a: Mamita|Florges-White, F, shiny|100/100
|move|p2a: Deoxys|Thunderbolt|p1a: Mamita
|-damage|p1a: Mamita|87/100
|
|-heal|p1a: Mamita|93/100|[from] item: Leftovers
|upkeep
|turn|12
|
|t:|1769357208
|switch|p2a: Golem|Golem-Alola, F|100/100
|move|p1a: Mamita|Moonblast|p2a: Golem
|-damage|p2a: Golem|39/100
|-unboost|p2a: Golem|spa|1
|
|-heal|p1a: Mamita|99/100|[from] item: Leftovers
|upkeep
|turn|13
|
|t:|1769357218
|move|p2a: Golem|Supercell Slam|p1a: Mamita
|-damage|p1a: Mamita|6/100
|move|p1a: Mamita|Moonblast|p2a: Golem
|-damage|p2a: Golem|0 fnt
|faint|p2a: Golem
|
|-heal|p1a: Mamita|12/100|[from] item: Leftovers
|upkeep
|
|t:|1769357228
|switch|p2a: Deoxys|Deoxys-Speed|100/100
|-ability|p2a: Deoxys|Pressure
|turn|14
|
|t:|1769357235
|move|p2a: Deoxys|Thunderbolt|p1a: Mamita
|-damage|p1a: Mamita|0 fnt
|faint|p1a: Mamita
|
|upkeep
|
|t:|1769357240
|switch|p1a: The Land|Landorus-Therian, M, shiny|23/100 tox
|-ability|p1a: The Land|Intimidate|boost
|-unboost|p2a: Deoxys|atk|1
|turn|15
|
|t:|1769357250
|move|p2a: Deoxys|Ice Beam|p1a: The Land
|-supereffective|p1a: The Land
|-damage|p1a: The Land|0 fnt
|faint|p1a: The Land
|
|upkeep
|inactive|ghostfreak99 has 120 seconds left.
|
|t:|1769357272
|switch|p1a: YoungBlood|Cinderace, F, shiny|100/100
|turn|16
|
|t:|1769357279
|switch|p2a: Pecharunt|Pecharunt|100/100
|move|p1a: YoungBlood|Pyro Ball|p2a: Pecharunt
|-damage|p2a: Pecharunt|57/100
|-status|p2a: Pecharunt|brn
|
|-damage|p2a: Pecharunt|51/100 brn|[from] brn
|upkeep
|turn|17
|inactive|goon100 has 60 seconds left.
|
|t:|1769357299
|switch|p1a: The Dark|Darkrai, shiny|29/100
|move|p2a: Pecharunt|Recover|p2a: Pecharunt
|-heal|p2a: Pecharunt|100/100 brn
|
|-damage|p2a: Pecharunt|94/100 brn|[from] brn
|upkeep
|turn|18
|
|t:|1769357308
|-terastallize|p2a: Pecharunt|Dark
|move|p1a: The Dark|Dark Pulse|p2a: Pecharunt
|-resisted|p2a: Pecharunt
|-damage|p2a: Pecharunt|64/100 brn
|move|p2a: Pecharunt|Malignant Chain|p1a: The Dark
|-damage|p1a: The Dark|0 fnt
|faint|p1a: The Dark
|
|-damage|p2a: Pecharunt|58/100 brn|[from] brn
|upkeep
|
|t:|1769357324
|switch|p1a: Speed|Dragapult, M, shiny|100/100
|turn|19
|inactive|goon100 has 60 seconds left.
|
|t:|1769357346
|switch|p2a: Dragonite|Dragonite, F|100/100
|-terastallize|p1a: Speed|Steel
|move|p1a: Speed|Dragon Dance|p1a: Speed
|-boost|p1a: Speed|atk|1
|-boost|p1a: Speed|spe|1
|
|upkeep
|turn|20
|
|t:|1769357356
|move|p1a: Speed|Dragon Darts|p2a: Dragonite
|-supereffective|p2a: Dragonite
|-damage|p2a: Dragonite|52/100
|-anim|p1a: Speed|Dragon Darts|p2a: Dragonite
|-supereffective|p2a: Dragonite
|-damage|p2a: Dragonite|0 fnt
|faint|p2a: Dragonite
|-damage|p1a: Speed|91/100|[from] item: Life Orb
|
|upkeep
|inactive|goon100 has 60 seconds left.
|inactive|goon100 has 30 seconds left.
|
|t:|1769357399
|switch|p2a: Pecharunt|Pecharunt, tera:Dark|58/100 brn
|turn|21
|
|t:|1769357426
|move|p1a: Speed|Dragon Darts|p2a: Pecharunt
|-damage|p2a: Pecharunt|35/100 brn
|-anim|p1a: Speed|Dragon Darts|p2a: Pecharunt
|-damage|p2a: Pecharunt|13/100 brn
|-damage|p1a: Speed|81/100|[from] item: Life Orb
|move|p2a: Pecharunt|Shadow Ball|p1a: Speed
|-damage|p1a: Speed|50/100
|
|-damage|p2a: Pecharunt|7/100 brn|[from] brn
|upkeep
|turn|22
|
|t:|1769357437
|move|p1a: Speed|Dragon Darts|p2a: Pecharunt
|-damage|p2a: Pecharunt|0 fnt
|faint|p2a: Pecharunt
|-damage|p1a: Speed|40/100|[from] item: Life Orb
|
|upkeep
|
|t:|1769357440
|switch|p2a: Deoxys|Deoxys-Speed|100/100
|-ability|p2a: Deoxys|Pressure
|turn|23
|
|t:|1769357448
|move|p1a: Speed|Sucker Punch|p2a: Deoxys
|-supereffective|p2a: Deoxys
|-crit|p2a: Deoxys
|-damage|p2a: Deoxys|0 fnt
|faint|p2a: Deoxys
|-damage|p1a: Speed|30/100|[from] item: Life Orb
|
|win|ghostfreak99
|raw|ghostfreak99's rating: 1429 &rarr; <strong>1447</strong><br />(+18 for winning)
|raw|goon100's rating: 1397 &rarr; <strong>1379</strong><br />(-18 for losing)
|l|☆goon100
|player|p2|
|l|☆ghostfreak99
|player|p1|
