|j|‽Exxxn
|j|☆xdye
|t:|1769390635
|gametype|singles
|player|p1|Exxxn|2|1595
|player|p2|xdye|iris-gen5bw2|1568
|gen|9
|tier|[Gen 9] OU
|rated|
|rule|HP Percentage Mod: HP is shown in percentages
|rule|Endless Battle Clause: Forcing endless battles is banned
|rule|Species Clause: Limit one of each Pokémon
|rule|OHKO Clause: OHKO moves are banned
|rule|Evasion Items Clause: Evasion items are banned
|rule|Evasion Moves Clause: Evasion moves are banned
|rule|Evasion Abilities Clause: Evasion abilities are banned
|rule|Sleep Moves Clause: Sleep-inducing moves are banned
|clearpoke
|poke|p1|Dragapult, F|
|poke|p1|Glimmora, F|
|poke|p1|Dondozo, F|
|poke|p1|Ogerpon-Wellspring, F|
|poke|p1|Gardevoir, M|
|poke|p1|Great Tusk|
|poke|p2|Munkidori, M|
|poke|p2|Weezing-Galar, F|
|poke|p2|Moltres|
|poke|p2|Mandibuzz, F|
|poke|p2|Ting-Lu|
|poke|p2|Dragapult, F|
|teampreview
|c|☆xdye|hf
|
|t:|1769390657
|teamsize|p1|6
|teamsize|p2|6
|start
|switch|p1a: Ogerpon|Ogerpon-Wellspring, F|100/100
|switch|p2a: Munkidori|Munkidori, M|100/100
|turn|1
|
|t:|1769390673
|switch|p2a: Mandibuzz|Mandibuzz, F|100/100
|move|p1a: Ogerpon|Knock Off|p2a: Mandibuzz
|-resisted|p2a: Mandibuzz
|-damage|p2a: Mandibuzz|90/100
|-enditem|p2a: Mandibuzz|Heavy-Duty Boots|[from] move: Knock Off|[of] p1a: Ogerpon
|
|upkeep
|turn|2
|
|t:|1769390681
|move|p1a: Ogerpon|Ivy Cudgel|p2a: Mandibuzz|[anim] Ivy Cudgel Water
|-crit|p2a: Mandibuzz
|-damage|p2a: Mandibuzz|45/100
|move|p2a: Mandibuzz|Knock Off|p1a: Ogerpon
|-damage|p1a: Ogerpon|87/100
|
|upkeep
|turn|3
|
|t:|1769390706
|move|p1a: Ogerpon|Ivy Cudgel|p2a: Mandibuzz|[anim] Ivy Cudgel Water
|-damage|p2a: Mandibuzz|11/100
|move|p2a: Mandibuzz|Roost|p2a: Mandibuzz
|-heal|p2a: Mandibuzz|61/100
|-singleturn|p2a: Mandibuzz|move: Roost
|
|upkeep
|turn|4
|
|t:|1769390710
|move|p1a: Ogerpon|Ivy Cudgel|p2a: Mandibuzz|[anim] Ivy Cudgel Water
|-damage|p2a: Mandibuzz|31/100
|move|p2a: Mandibuzz|Roost|p2a: Mandibuzz
|-heal|p2a: Mandibuzz|81/100
|-singleturn|p2a: Mandibuzz|move: Roost
|
|upkeep
|turn|5
|
|t:|1769390714
|move|p1a: Ogerpon|Ivy Cudgel|p2a: Mandibuzz|[anim] Ivy Cudgel Water
|-damage|p2a: Mandibuzz|47/100
|move|p2a: Mandibuzz|Roost|p2a: Mandibuzz
|-heal|p2a: Mandibuzz|97/100
|-singleturn|p2a: Mandibuzz|move: Roost
|
|upkeep
|turn|6
|
|t:|1769390717
|move|p1a: Ogerpon|Ivy Cudgel|p2a: Mandibuzz|[anim] Ivy Cudgel Water
|-damage|p2a: Mandibuzz|65/100
|move|p2a: Mandibuzz|Foul Play|p1a: Ogerpon
|-damage|p1a: Ogerpon|50/100
|
|upkeep
|turn|7
|
|t:|1769390728
|switch|p1a: Glimmora|Glimmora, F|100/100
|move|p2a: Mandibuzz|Iron Defense|p2a: Mandibuzz
|-boost|p2a: Mandibuzz|def|2
|
|upkeep
|turn|8
|
|t:|1769390734
|switch|p2a: Munkidori|Munkidori, M|100/100
|move|p1a: Glimmora|Meteor Beam||[still]
|-prepare|p1a: Glimmora|Meteor Beam
|-boost|p1a: Glimmora|spa|1
|-enditem|p1a: Glimmora|Power Herb
|-anim|p1a: Glimmora|Meteor Beam|p2a: Munkidori
|-damage|p2a: Munkidori|4/100
|
|upkeep
|turn|9
|
|t:|1769390740
|switch|p1a: Dragapult|Dragapult, F|100/100
|move|p2a: Munkidori|Psychic Noise|p1a: Dragapult
|-damage|p1a: Dragapult|6/100
|-start|p1a: Dragapult|move: Heal Block
|
|upkeep
|turn|10
|
|t:|1769390747
|switch|p2a: Moltres|Moltres|100/100
|move|p1a: Dragapult|Shadow Ball|p2a: Moltres
|-damage|p2a: Moltres|73/100
|-unboost|p2a: Moltres|spd|1
|-damage|p1a: Dragapult|0 fnt|[from] item: Life Orb
|faint|p1a: Dragapult
|
|upkeep
|
|t:|1769390755
|switch|p1a: Glimmora|Glimmora, F|100/100
|turn|11
|
|t:|1769390760
|switch|p2a: Ting-Lu|Ting-Lu|100/100
|-ability|p2a: Ting-Lu|Vessel of Ruin
|move|p1a: Glimmora|Meteor Beam||[still]
|-prepare|p1a: Glimmora|Meteor Beam
|-boost|p1a: Glimmora|spa|1
|
|upkeep
|turn|12
|
|t:|1769390762
|move|p1a: Glimmora|Meteor Beam|p2a: Ting-Lu|[from] lockedmove
|-resisted|p2a: Ting-Lu
|-crit|p2a: Ting-Lu
|-damage|p2a: Ting-Lu|71/100
|move|p2a: Ting-Lu|Earthquake|p1a: Glimmora
|-supereffective|p1a: Glimmora
|-damage|p1a: Glimmora|0 fnt
|-activate|p1a: Glimmora|ability: Toxic Debris
|-sidestart|p2: xdye|move: Toxic Spikes
|faint|p1a: Glimmora
|
|-heal|p2a: Ting-Lu|77/100|[from] item: Leftovers
|upkeep
|
|t:|1769390765
|switch|p1a: Gardevoir|Gardevoir, M, shiny|100/100
|-ability|p1a: Gardevoir|Vessel of Ruin|Trace|[from] ability: Trace|[of] p2a: Ting-Lu
|-ability|p1a: Gardevoir|Vessel of Ruin
|turn|13
|
|t:|1769390776
|switch|p2a: Moltres|Moltres|73/100
|move|p1a: Gardevoir|Moonblast|p2a: Moltres
|-resisted|p2a: Moltres
|-damage|p2a: Moltres|56/100
|
|upkeep
|turn|14
|
|t:|1769390787
|move|p2a: Moltres|U-turn|p1a: Gardevoir
|-damage|p1a: Gardevoir|85/100
|
|t:|1769390796
|switch|p2a: Munkidori|Munkidori, M|4/100|[from] U-turn
|-sideend|p2: xdye|move: Toxic Spikes|[of] p2a: Munkidori
|move|p1a: Gardevoir|Psyshock|p2a: Munkidori
|-damage|p2a: Munkidori|0 fnt
|faint|p2a: Munkidori
|
|upkeep
|c|☆xdye|is that a lagging tail
|inactive|Battle timer is ON: inactive players will automatically lose when time's up. (requested by Exxxn)
|l|‽Exxxn
|inactive|Exxxn disconnected and has a minute to reconnect!
|player|p1|
|j|‽Exxxn
|inactive|Exxxn reconnected.
|player|p1|Exxxn|2|
|n|‽Exxxn|exxxn
|
|t:|1769390845
|switch|p2a: Moltres|Moltres|56/100
|turn|15
|c|☆xdye|or just no speed investment
|
|t:|1769390853
|move|p2a: Moltres|Will-O-Wisp|p1a: Gardevoir
|-status|p1a: Gardevoir|brn
|move|p1a: Gardevoir|Psyshock|p2a: Moltres
|-damage|p2a: Moltres|21/100
|
|-damage|p1a: Gardevoir|79/100 brn|[from] brn
|upkeep
|turn|16
|
|t:|1769390866
|switch|p2a: Ting-Lu|Ting-Lu|77/100
|-ability|p2a: Ting-Lu|Vessel of Ruin
|move|p1a: Gardevoir|Psyshock|p2a: Ting-Lu
|-immune|p2a: Ting-Lu
|
|-heal|p2a: Ting-Lu|84/100|[from] item: Leftovers
|-damage|p1a: Gardevoir|73/100 brn|[from] brn
|upkeep
|turn|17
|
|t:|1769390874
|move|p1a: Gardevoir|Moonblast|p2a: Ting-Lu
|-supereffective|p2a: Ting-Lu
|-damage|p2a: Ting-Lu|31/100
|move|p2a: Ting-Lu|Earthquake|p1a: Gardevoir
|-damage|p1a: Gardevoir|32/100 brn
|
|-heal|p2a: Ting-Lu|37/100|[from] item: Leftovers
|-damage|p1a: Gardevoir|26/100 brn|[from] brn
|upkeep
|turn|18
|
|t:|1769390880
|move|p1a: Gardevoir|Moonblast|p2a: Ting-Lu
|-supereffective|p2a: Ting-Lu
|-damage|p2a: Ting-Lu|0 fnt
|faint|p2a: Ting-Lu
|
|-damage|p1a: Gardevoir|20/100 brn|[from] brn
|upkeep
|
|t:|1769390895
|switch|p2a: Dragapult|Dragapult, F|100/100
|turn|19
|
|t:|1769390899
|move|p2a: Dragapult|U-turn|p1a: Gardevoir
|-damage|p1a: Gardevoir|0 fnt
|faint|p1a: Gardevoir
|
|t:|1769390907
|switch|p2a: Mandibuzz|Mandibuzz, F|65/100|[from] U-turn
|
|upkeep
|
|t:|1769390916
|switch|p1a: Great Tusk|Great Tusk|100/100
|-enditem|p1a: Great Tusk|Booster Energy
|-activate|p1a: Great Tusk|ability: Protosynthesis|[fromitem]
|-start|p1a: Great Tusk|protosynthesisatk
|turn|20
|
|t:|1769390920
|move|p1a: Great Tusk|Supercell Slam|p2a: Mandibuzz
|-supereffective|p2a: Mandibuzz
|-damage|p2a: Mandibuzz|9/100
|move|p2a: Mandibuzz|Iron Defense|p2a: Mandibuzz
|-boost|p2a: Mandibuzz|def|2
|
|upkeep
|turn|21
|
|t:|1769390926
|switch|p2a: Moltres|Moltres|21/100
|move|p1a: Great Tusk|Ice Spinner|p2a: Moltres
|-damage|p2a: Moltres|0 fnt
|faint|p2a: Moltres
|
|upkeep
|
|t:|1769390933
|switch|p2a: Weezing|Weezing-Galar, F|100/100
|-ability|p2a: Weezing|Neutralizing Gas
|turn|22
|
|t:|1769390937
|-terastallize|p2a: Weezing|Ghost
|move|p1a: Great Tusk|Headlong Rush|p2a: Weezing
|-damage|p2a: Weezing|59/100
|-unboost|p1a: Great Tusk|def|1
|-unboost|p1a: Great Tusk|spd|1
|move|p2a: Weezing|Will-O-Wisp|p1a: Great Tusk
|-status|p1a: Great Tusk|brn
|
|-damage|p1a: Great Tusk|94/100 brn|[from] brn
|upkeep
|turn|23
|
|t:|1769390943
|move|p1a: Great Tusk|Headlong Rush|p2a: Weezing
|-damage|p2a: Weezing|37/100
|-unboost|p1a: Great Tusk|def|1
|-unboost|p1a: Great Tusk|spd|1
|move|p2a: Weezing|Pain Split|p1a: Great Tusk
|-sethp|p1a: Great Tusk|64/100 brn|[from] move: Pain Split|[silent]
|-sethp|p2a: Weezing|71/100|[from] move: Pain Split
|
|-damage|p1a: Great Tusk|58/100 brn|[from] brn
|upkeep
|turn|24
|
|t:|1769390952
|-end|p2a: Weezing|ability: Neutralizing Gas
|switch|p2a: Mandibuzz|Mandibuzz, F|9/100
|move|p1a: Great Tusk|Headlong Rush|p2a: Mandibuzz
|-immune|p2a: Mandibuzz
|
|-damage|p1a: Great Tusk|51/100 brn|[from] brn
|upkeep
|turn|25
|
|t:|1769390958
|move|p1a: Great Tusk|Supercell Slam|p2a: Mandibuzz
|-supereffective|p2a: Mandibuzz
|-damage|p2a: Mandibuzz|0 fnt
|faint|p2a: Mandibuzz
|
|-damage|p1a: Great Tusk|45/100 brn|[from] brn
|upkeep
|
|t:|1769390965
|switch|p2a: Dragapult|Dragapult, F|100/100
|turn|26
|
|t:|1769390969
|move|p2a: Dragapult|Dragon Darts|p1a: Great Tusk
|-damage|p1a: Great Tusk|0 fnt
|faint|p1a: Great Tusk
|-end|p1a: Great Tusk|Protosynthesis|[silent]
|
|upkeep
|
|t:|1769390973
|switch|p1a: Dondozo|Dondozo, F|100/100
|turn|27
|
|t:|1769390976
|switch|p2a: Weezing|Weezing-Galar, F, tera:Ghost|71/100
|-ability|p2a: Weezing|Neutralizing Gas
|move|p1a: Dondozo|Curse|p1a: Dondozo
|-unboost|p1a: Dondozo|spe|1
|-boost|p1a: Dondozo|atk|1
|-boost|p1a: Dondozo|def|1
|
|upkeep
|turn|28
|
|t:|1769390983
|switch|p1a: Ogerpon|Ogerpon-Wellspring, F|50/100
|move|p2a: Weezing|Will-O-Wisp|p1a: Ogerpon
|-status|p1a: Ogerpon|brn
|
|-damage|p1a: Ogerpon|44/100 brn|[from] brn
|upkeep
|turn|29
|
|t:|1769390987
|-end|p2a: Weezing|ability: Neutralizing Gas
|switch|p2a: Dragapult|Dragapult, F|100/100
|move|p1a: Ogerpon|Knock Off|p2a: Dragapult
|-supereffective|p2a: Dragapult
|-damage|p2a: Dragapult|55/100
|-enditem|p2a: Dragapult|Choice Band|[from] move: Knock Off|[of] p1a: Ogerpon
|
|-damage|p1a: Ogerpon|38/100 brn|[from] brn
|upkeep
|turn|30
|
|t:|1769390993
|move|p2a: Dragapult|U-turn|p1a: Ogerpon
|-supereffective|p1a: Ogerpon
|-damage|p1a: Ogerpon|1/100 brn
|
|t:|1769390995
|switch|p2a: Weezing|Weezing-Galar, F, tera:Ghost|71/100|[from] U-turn
|-ability|p2a: Weezing|Neutralizing Gas
|move|p1a: Ogerpon|Ivy Cudgel|p2a: Weezing|[anim] Ivy Cudgel Water
|-damage|p2a: Weezing|53/100
|
|-damage|p1a: Ogerpon|0 fnt|[from] brn
|faint|p1a: Ogerpon
|upkeep
|
|t:|1769390998
|switch|p1a: Dondozo|Dondozo, F|100/100
|turn|31
|
|t:|1769391004
|move|p2a: Weezing|Pain Split|p1a: Dondozo
|-sethp|p1a: Dondozo|70/100|[from] move: Pain Split|[silent]
|-sethp|p2a: Weezing|94/100|[from] move: Pain Split
|move|p1a: Dondozo|Curse|p1a: Dondozo
|-unboost|p1a: Dondozo|spe|1
|-boost|p1a: Dondozo|atk|1
|-boost|p1a: Dondozo|def|1
|
|-heal|p1a: Dondozo|76/100|[from] item: Leftovers
|upkeep
|turn|32
|
|t:|1769391008
|move|p2a: Weezing|Sludge Bomb|p1a: Dondozo
|-damage|p1a: Dondozo|58/100
|move|p1a: Dondozo|Curse|p1a: Dondozo
|-unboost|p1a: Dondozo|spe|1
|-boost|p1a: Dondozo|atk|1
|-boost|p1a: Dondozo|def|1
|
|-heal|p1a: Dondozo|64/100|[from] item: Leftovers
|upkeep
|turn|33
|
|t:|1769391010
|move|p2a: Weezing|Sludge Bomb|p1a: Dondozo
|-damage|p1a: Dondozo|46/100
|-status|p1a: Dondozo|psn
|move|p1a: Dondozo|Curse|p1a: Dondozo
|-unboost|p1a: Dondozo|spe|1
|-boost|p1a: Dondozo|atk|1
|-boost|p1a: Dondozo|def|1
|
|-heal|p1a: Dondozo|52/100 psn|[from] item: Leftovers
|-damage|p1a: Dondozo|39/100 psn|[from] psn
|upkeep
|turn|34
|
|t:|1769391021
|move|p1a: Dondozo|Protect|p1a: Dondozo
|-singleturn|p1a: Dondozo|Protect
|move|p2a: Weezing|Defog|p1a: Dondozo
|-activate|p1a: Dondozo|move: Protect
|
|-heal|p1a: Dondozo|46/100 psn|[from] item: Leftovers
|-damage|p1a: Dondozo|33/100 psn|[from] psn
|upkeep
|turn|35
|
|t:|1769391026
|-terastallize|p1a: Dondozo|Fighting
|move|p2a: Weezing|Sludge Bomb|p1a: Dondozo
|-damage|p1a: Dondozo|15/100 psn
|move|p1a: Dondozo|Liquidation|p2a: Weezing
|-damage|p2a: Weezing|47/100
|
|-heal|p1a: Dondozo|21/100 psn|[from] item: Leftovers
|-damage|p1a: Dondozo|9/100 psn|[from] psn
|upkeep
|turn|36
|
|t:|1769391031
|move|p2a: Weezing|Sludge Bomb|p1a: Dondozo
|-damage|p1a: Dondozo|0 fnt
|faint|p1a: Dondozo
|
|win|xdye
|raw|Exxxn's rating: 1595 &rarr; <strong>1573</strong><br />(-22 for losing)
|raw|xdye's rating: 1568 &rarr; <strong>1590</strong><br />(+22 for winning)
|c|☆xdye|gg
|l|‽Exxxn
|player|p1|
|l|☆xdye
|player|p2|
