|j|☆yungbeeflanadelrey
|j|☆jsxlllll
|t:|1769443294
|gametype|singles
|player|p1|yungbeeflanadelrey|youngster-gen4dp|1467
|player|p2|jsxlllll|cynthia-gen4|1515
|gen|9
|tier|[Gen 9] OU
|rated|
|rule|HP Percentage Mod: HP is shown in percentages
|rule|Endless Battle Clause: Forcing endless battles is banned
|rule|Species Clause: Limit one of each Pokémon
|rule|OHKO Clause: OHKO moves are banned
|rule|Evasion Items Clause: Evasion items are banned
|rule|Evasion Moves Clause: Evasion moves are banned
|rule|Evasion Abilities Clause: Evasion abilities are banned
|rule|Sleep Moves Clause: Sleep-inducing moves are banned
|clearpoke
|poke|p1|Rillaboom, M|
|poke|p1|Magneton|
|poke|p1|Hawlucha, M|
|poke|p1|Kingambit, M|
|poke|p1|Iron Moth|
|poke|p1|Great Tusk|
|poke|p2|Sandy Shocks|
|poke|p2|Scizor, M|
|poke|p2|Manaphy|
|poke|p2|Latios, M|
|poke|p2|Ogerpon, F|
|poke|p2|Iron Jugulis|
|teampreview
|
|t:|1769443313
|teamsize|p1|6
|teamsize|p2|6
|start
|switch|p1a: Glock 17|Magneton, shiny|100/100
|switch|p2a: Scizor|Scizor, M|100/100
|turn|1
|
|t:|1769443322
|move|p1a: Glock 17|Thunderbolt|p2a: Scizor
|-damage|p2a: Scizor|43/100
|-enditem|p2a: Scizor|Sitrus Berry|[eat]
|-heal|p2a: Scizor|68/100|[from] item: Sitrus Berry
|move|p2a: Scizor|Swords Dance|p2a: Scizor
|-boost|p2a: Scizor|atk|2
|
|upkeep
|turn|2
|
|t:|1769443342
|move|p1a: Glock 17|Volt Switch|p2a: Scizor
|-damage|p2a: Scizor|24/100
|
|t:|1769443345
|switch|p1a: Torta|Great Tusk, shiny|100/100|[from] Volt Switch
|-enditem|p1a: Torta|Booster Energy
|-activate|p1a: Torta|ability: Protosynthesis|[fromitem]
|-start|p1a: Torta|protosynthesisspe
|move|p2a: Scizor|Close Combat|p1a: Torta
|-damage|p1a: Torta|46/100
|-unboost|p2a: Scizor|def|1
|-unboost|p2a: Scizor|spd|1
|
|upkeep
|turn|3
|
|t:|1769443353
|move|p2a: Scizor|Bullet Punch|p1a: Torta
|-damage|p1a: Torta|0 fnt
|faint|p1a: Torta
|-end|p1a: Torta|Protosynthesis|[silent]
|
|upkeep
|
|t:|1769443365
|switch|p1a: Tear Gas|Iron Moth|100/100
|-enditem|p1a: Tear Gas|Booster Energy
|-activate|p1a: Tear Gas|ability: Quark Drive|[fromitem]
|-start|p1a: Tear Gas|quarkdrivespe
|turn|4
|
|t:|1769443376
|move|p2a: Scizor|Bullet Punch|p1a: Tear Gas
|-resisted|p1a: Tear Gas
|-damage|p1a: Tear Gas|47/100
|move|p1a: Tear Gas|Fiery Dance|p2a: Scizor
|-supereffective|p2a: Scizor
|-damage|p2a: Scizor|0 fnt
|faint|p2a: Scizor
|
|upkeep
|inactive|Battle timer is ON: inactive players will automatically lose when time's up. (requested by yungbeeflanadelrey)
|
|t:|1769443383
|switch|p2a: Latios|Latios, M|100/100
|turn|5
|
|t:|1769443389
|-end|p1a: Tear Gas|Quark Drive|[silent]
|switch|p1a: I.C.E.|Kingambit, M|100/100
|-activate|p1a: I.C.E.|ability: Supreme Overlord
|-start|p1a: I.C.E.|fallen1|[silent]
|move|p2a: Latios|Agility|p2a: Latios
|-boost|p2a: Latios|spe|2
|
|upkeep
|turn|6
|
|t:|1769443398
|-terastallize|p2a: Latios|Fighting
|move|p2a: Latios|Calm Mind|p2a: Latios
|-boost|p2a: Latios|spa|1
|-boost|p2a: Latios|spd|1
|move|p1a: I.C.E.|Kowtow Cleave|p2a: Latios
|-resisted|p2a: Latios
|-damage|p2a: Latios|73/100
|
|upkeep
|turn|7
|
|t:|1769443426
|-end|p1a: I.C.E.|fallen1|[silent]
|switch|p1a: Tear Gas|Iron Moth|47/100
|move|p2a: Latios|Aura Sphere|p1a: Tear Gas
|-resisted|p1a: Tear Gas
|-damage|p1a: Tear Gas|16/100
|
|upkeep
|turn|8
|
|t:|1769443440
|move|p2a: Latios|Stored Power|p1a: Tear Gas
|-supereffective|p1a: Tear Gas
|-damage|p1a: Tear Gas|0 fnt
|faint|p1a: Tear Gas
|-end|p1a: Tear Gas|Quark Drive|[silent]
|
|upkeep
|inactive|yungbeeflanadelrey has 120 seconds left.
|
|t:|1769443454
|switch|p1a: Fent George|Rillaboom, M|100/100
|-fieldstart|move: Grassy Terrain|[from] ability: Grassy Surge|[of] p1a: Fent George
|turn|9
|
|t:|1769443456
|-terastallize|p1a: Fent George|Grass
|move|p2a: Latios|Stored Power|p1a: Fent George
|-damage|p1a: Fent George|15/100
|move|p1a: Fent George|Wood Hammer|p2a: Latios
|-damage|p2a: Latios|0 fnt
|faint|p2a: Latios
|-damage|p1a: Fent George|0 fnt|[from] Recoil
|faint|p1a: Fent George
|
|upkeep
|inactive|yungbeeflanadelrey has 120 seconds left.
|
|t:|1769443484
|switch|p2a: Sandy Shocks|Sandy Shocks|100/100
|switch|p1a: Glock 17|Magneton, shiny|100/100
|-enditem|p2a: Sandy Shocks|Booster Energy
|-activate|p2a: Sandy Shocks|ability: Protosynthesis|[fromitem]
|-start|p2a: Sandy Shocks|protosynthesisspe
|turn|10
|
|t:|1769443489
|move|p2a: Sandy Shocks|Earth Power|p1a: Glock 17
|-supereffective|p1a: Glock 17
|-damage|p1a: Glock 17|0 fnt
|faint|p1a: Glock 17
|
|upkeep
|
|t:|1769443493
|switch|p1a: Pool Digger|Hawlucha, M|100/100
|-enditem|p1a: Pool Digger|Grassy Seed
|-boost|p1a: Pool Digger|def|1|[from] item: Grassy Seed
|turn|11
|
|t:|1769443496
|move|p1a: Pool Digger|Encore|p2a: Sandy Shocks
|-start|p2a: Sandy Shocks|Encore
|move|p2a: Sandy Shocks|Earth Power|p1a: Pool Digger
|-immune|p1a: Pool Digger
|
|upkeep
|turn|12
|
|t:|1769443501
|-end|p2a: Sandy Shocks|Protosynthesis|[silent]
|switch|p2a: Ogerpon|Ogerpon, F|100/100
|move|p1a: Pool Digger|Swords Dance|p1a: Pool Digger
|-boost|p1a: Pool Digger|atk|2
|-enditem|p2a: Ogerpon|Mirror Herb
|-boost|p2a: Ogerpon|atk|2|[from] item: Mirror Herb
|
|upkeep
|turn|13
|
|t:|1769443511
|switch|p2a: Sandy Shocks|Sandy Shocks|100/100
|move|p1a: Pool Digger|Acrobatics|p2a: Sandy Shocks
|-resisted|p2a: Sandy Shocks
|-crit|p2a: Sandy Shocks
|-damage|p2a: Sandy Shocks|18/100
|
|-heal|p2a: Sandy Shocks|24/100|[from] Grassy Terrain
|-fieldend|move: Grassy Terrain
|upkeep
|turn|14
|
|t:|1769443515
|move|p1a: Pool Digger|Acrobatics|p2a: Sandy Shocks
|-resisted|p2a: Sandy Shocks
|-damage|p2a: Sandy Shocks|0 fnt
|faint|p2a: Sandy Shocks
|-end|p2a: Sandy Shocks|Protosynthesis|[silent]
|
|upkeep
|
|t:|1769443519
|switch|p2a: Manaphy|Manaphy|100/100
|turn|15
|
|t:|1769443524
|move|p1a: Pool Digger|Close Combat|p2a: Manaphy
|-damage|p2a: Manaphy|0 fnt
|-unboost|p1a: Pool Digger|def|1
|-unboost|p1a: Pool Digger|spd|1
|faint|p2a: Manaphy
|
|upkeep
|
|t:|1769443528
|switch|p2a: Iron Jugulis|Iron Jugulis|100/100
|-enditem|p2a: Iron Jugulis|Booster Energy
|-activate|p2a: Iron Jugulis|ability: Quark Drive|[fromitem]
|-start|p2a: Iron Jugulis|quarkdrivespe
|turn|16
|
|t:|1769443532
|move|p1a: Pool Digger|Close Combat|p2a: Iron Jugulis
|-damage|p2a: Iron Jugulis|0 fnt
|-unboost|p1a: Pool Digger|def|1
|-unboost|p1a: Pool Digger|spd|1
|faint|p2a: Iron Jugulis
|-end|p2a: Iron Jugulis|Quark Drive|[silent]
|
|upkeep
|-message|jsxlllll forfeited.
|
|win|yungbeeflanadelrey
|raw|yungbeeflanadelrey's rating: 1467 &rarr; <strong>1490</strong><br />(+23 for winning)
|raw|jsxlllll's rating: 1515 &rarr; <strong>1492</strong><br />(-23 for losing)
|l|☆jsxlllll
|player|p2|
|l|☆yungbeeflanadelrey
|player|p1|
