|j|☆Galarapio
|j|☆Pablofromportluis
|t:|1769323848
|gametype|singles
|player|p1|Galarapio|265|1256
|player|p2|Pablofromportluis|blackbelt-gen4dp|1324
|gen|9
|tier|[Gen 9] OU
|rated|
|rule|HP Percentage Mod: HP is shown in percentages
|rule|Endless Battle Clause: Forcing endless battles is banned
|rule|Species Clause: Limit one of each Pokémon
|rule|OHKO Clause: OHKO moves are banned
|rule|Evasion Items Clause: Evasion items are banned
|rule|Evasion Moves Clause: Evasion moves are banned
|rule|Evasion Abilities Clause: Evasion abilities are banned
|rule|Sleep Moves Clause: Sleep-inducing moves are banned
|clearpoke
|poke|p1|Indeedee, M|
|poke|p1|Armarouge, F|
|poke|p1|Hawlucha, F|
|poke|p1|Chansey, F|
|poke|p1|Corviknight, M|
|poke|p1|Clodsire, F|
|poke|p2|Rillaboom, M|
|poke|p2|Raging Bolt|
|poke|p2|Moltres|
|poke|p2|Slowking-Galar, F|
|poke|p2|Great Tusk|
|poke|p2|Primarina, M|
|teampreview
|
|t:|1769323859
|teamsize|p1|6
|teamsize|p2|6
|start
|switch|p1a: Indeedee|Indeedee, M|100/100
|switch|p2a: Slowking|Slowking-Galar, F|100/100
|-fieldstart|move: Psychic Terrain|[from] ability: Psychic Surge|[of] p1a: Indeedee
|turn|1
|
|t:|1769323868
|move|p1a: Indeedee|Shadow Ball|p2a: Slowking
|-supereffective|p2a: Slowking
|-damage|p2a: Slowking|73/100
|move|p2a: Slowking|Thunder Wave|p1a: Indeedee
|-status|p1a: Indeedee|par
|
|upkeep
|turn|2
|inactive|Battle timer is ON: inactive players will automatically lose when time's up. (requested by Pablofromportluis)
|
|t:|1769323876
|switch|p1a: Chansey|Chansey, F|100/100
|-prepare|p2a: Slowking|Chilly Reception|[premajor]
|move|p2a: Slowking|Chilly Reception|p2a: Slowking
|-weather|Snowscape
|
|t:|1769323883
|switch|p2a: Rillaboom|Rillaboom, M|100/100|[from] Chilly Reception
|-fieldstart|move: Grassy Terrain|[from] ability: Grassy Surge|[of] p2a: Rillaboom
|
|-weather|Snowscape|[upkeep]
|upkeep
|turn|3
|
|t:|1769323894
|switch|p1a: Armarouge|Armarouge, F|100/100
|move|p2a: Rillaboom|Knock Off|p1a: Armarouge
|-supereffective|p1a: Armarouge
|-damage|p1a: Armarouge|19/100
|-ability|p1a: Armarouge|Weak Armor|boost
|-unboost|p1a: Armarouge|def|1
|-boost|p1a: Armarouge|spe|2
|-enditem|p1a: Armarouge|Weakness Policy
|-boost|p1a: Armarouge|atk|2|[from] item: Weakness Policy
|-boost|p1a: Armarouge|spa|2|[from] item: Weakness Policy
|
|-weather|Snowscape|[upkeep]
|-heal|p1a: Armarouge|25/100|[from] Grassy Terrain
|upkeep
|turn|4
|
|t:|1769323908
|switch|p1a: Corviknight|Corviknight, M|100/100
|move|p2a: Rillaboom|Grassy Glide|p1a: Corviknight
|-resisted|p1a: Corviknight
|-damage|p1a: Corviknight|94/100
|-damage|p2a: Rillaboom|84/100|[from] item: Rocky Helmet|[of] p1a: Corviknight
|
|-weather|Snowscape|[upkeep]
|-heal|p2a: Rillaboom|90/100|[from] Grassy Terrain
|upkeep
|turn|5
|
|t:|1769323917
|switch|p2a: Moltres|Moltres|100/100
|move|p1a: Corviknight|Body Press|p2a: Moltres
|-resisted|p2a: Moltres
|-damage|p2a: Moltres|92/100
|
|-weather|Snowscape|[upkeep]
|upkeep
|turn|6
|
|t:|1769323925
|switch|p1a: Chansey|Chansey, F|100/100
|move|p2a: Moltres|U-turn|p1a: Chansey
|-damage|p1a: Chansey|76/100
|
|t:|1769323942
|switch|p2a: Great Tusk|Great Tusk|100/100|[from] U-turn
|
|-weather|none
|-heal|p1a: Chansey|82/100|[from] Grassy Terrain
|upkeep
|turn|7
|
|t:|1769323951
|switch|p1a: Corviknight|Corviknight, M|94/100
|move|p2a: Great Tusk|Headlong Rush|p1a: Corviknight
|-immune|p1a: Corviknight
|
|upkeep
|turn|8
|
|t:|1769323956
|-end|p2a: Great Tusk|Protosynthesis|[silent]
|switch|p2a: Moltres|Moltres|92/100
|move|p1a: Corviknight|Body Press|p2a: Moltres
|-resisted|p2a: Moltres
|-damage|p2a: Moltres|83/100
|
|upkeep
|turn|9
|
|t:|1769323969
|switch|p1a: Clodsire|Clodsire, F|100/100
|move|p2a: Moltres|Flamethrower|p1a: Clodsire
|-damage|p1a: Clodsire|75/100
|
|-heal|p1a: Clodsire|82/100|[from] Grassy Terrain
|-heal|p1a: Clodsire|88/100|[from] item: Leftovers
|-fieldend|move: Grassy Terrain
|upkeep
|turn|10
|
|t:|1769323995
|switch|p1a: Chansey|Chansey, F|82/100
|move|p2a: Moltres|U-turn|p1a: Chansey
|-damage|p1a: Chansey|59/100
|
|t:|1769324000
|switch|p2a: Rillaboom|Rillaboom, M|90/100|[from] U-turn
|-fieldstart|move: Grassy Terrain|[from] ability: Grassy Surge|[of] p2a: Rillaboom
|
|-heal|p2a: Rillaboom|96/100|[from] Grassy Terrain
|-heal|p1a: Chansey|65/100|[from] Grassy Terrain
|upkeep
|turn|11
|
|t:|1769324008
|switch|p1a: Corviknight|Corviknight, M|94/100
|move|p2a: Rillaboom|Knock Off|p1a: Corviknight
|-damage|p1a: Corviknight|72/100
|-damage|p2a: Rillaboom|80/100|[from] item: Rocky Helmet|[of] p1a: Corviknight
|-enditem|p1a: Corviknight|Rocky Helmet|[from] move: Knock Off|[of] p2a: Rillaboom
|
|-heal|p2a: Rillaboom|86/100|[from] Grassy Terrain
|upkeep
|turn|12
|
|t:|1769324021
|move|p2a: Rillaboom|U-turn|p1a: Corviknight
|-resisted|p1a: Corviknight
|-damage|p1a: Corviknight|68/100
|-message|Pablofromportluis forfeited.
|
|win|Galarapio
|raw|Galarapio's rating: 1256 &rarr; <strong>1286</strong><br />(+30 for winning)
|raw|Pablofromportluis's rating: 1324 &rarr; <strong>1300</strong><br />(-24 for losing)
|l|☆Pablofromportluis
|player|p2|
|l|☆Galarapio
|player|p1|
