|j|☆gengar's style
|j|☆Igoodnamename
|t:|1769369943
|gametype|singles
|player|p1|gengar's style|parasollady-gen4|1528
|player|p2|Igoodnamename|266|1620
|gen|9
|tier|[Gen 9] OU
|rated|
|rule|HP Percentage Mod: HP is shown in percentages
|rule|Endless Battle Clause: Forcing endless battles is banned
|rule|Species Clause: Limit one of each Pokémon
|rule|OHKO Clause: OHKO moves are banned
|rule|Evasion Items Clause: Evasion items are banned
|rule|Evasion Moves Clause: Evasion moves are banned
|rule|Evasion Abilities Clause: Evasion abilities are banned
|rule|Sleep Moves Clause: Sleep-inducing moves are banned
|clearpoke
|poke|p1|Pelipper, M|
|poke|p1|Quaquaval, M|
|poke|p1|Tyranitar, M|
|poke|p1|Excadrill, M|
|poke|p1|Latios, M|
|poke|p1|Jolteon, M|
|poke|p2|Skeledirge, M|
|poke|p2|Hydrapple, F|
|poke|p2|Clefable, M|
|poke|p2|Darkrai|
|poke|p2|Corviknight, M|
|poke|p2|Ting-Lu|
|teampreview
|
|t:|1769369953
|teamsize|p1|6
|teamsize|p2|6
|start
|switch|p1a: Tyranitar|Tyranitar, M|100/100
|switch|p2a: Clefable|Clefable, M|100/100
|-weather|Sandstorm|[from] ability: Sand Stream|[of] p1a: Tyranitar
|turn|1
|inactive|Battle timer is ON: inactive players will automatically lose when time's up. (requested by gengar's style)
|
|t:|1769369959
|move|p2a: Clefable|Knock Off|p1a: Tyranitar
|-resisted|p1a: Tyranitar
|-damage|p1a: Tyranitar|94/100
|-enditem|p1a: Tyranitar|Weakness Policy|[from] move: Knock Off|[of] p2a: Clefable
|move|p1a: Tyranitar|Stealth Rock|p2a: Clefable
|-sidestart|p2: Igoodnamename|move: Stealth Rock
|
|-weather|Sandstorm|[upkeep]
|upkeep
|turn|2
|
|t:|1769369967
|switch|p1a: Excadrill|Excadrill, M|100/100
|move|p2a: Clefable|Moonblast|p1a: Excadrill
|-resisted|p1a: Excadrill
|-damage|p1a: Excadrill|80/100
|
|-weather|Sandstorm|[upkeep]
|upkeep
|turn|3
|
|t:|1769369973
|switch|p1a: Jolteon|Jolteon, M|100/100
|switch|p2a: Ting-Lu|Ting-Lu|100/100
|-damage|p2a: Ting-Lu|94/100|[from] Stealth Rock
|-ability|p2a: Ting-Lu|Vessel of Ruin
|
|-weather|Sandstorm|[upkeep]
|-damage|p1a: Jolteon|94/100|[from] Sandstorm
|-heal|p2a: Ting-Lu|100/100|[from] item: Leftovers
|-status|p1a: Jolteon|brn|[from] item: Flame Orb
|upkeep
|turn|4
|
|t:|1769369993
|switch|p1a: Pelipper|Pelipper, M|100/100
|-weather|RainDance|[from] ability: Drizzle|[of] p1a: Pelipper
|move|p2a: Ting-Lu|Stealth Rock|p1a: Pelipper
|-sidestart|p1: gengar's style|move: Stealth Rock
|
|-weather|RainDance|[upkeep]
|upkeep
|turn|5
|
|t:|1769370001
|switch|p2a: Clefable|Clefable, M|100/100
|move|p1a: Pelipper|Knock Off|p2a: Clefable
|-resisted|p2a: Clefable
|-damage|p2a: Clefable|94/100
|-enditem|p2a: Clefable|Leftovers|[from] move: Knock Off|[of] p1a: Pelipper
|
|-weather|RainDance|[upkeep]
|upkeep
|turn|6
|
|t:|1769370008
|move|p1a: Pelipper|Weather Ball|p2a: Clefable
|-damage|p2a: Clefable|55/100
|move|p2a: Clefable|Knock Off|p1a: Pelipper
|-damage|p1a: Pelipper|80/100
|-enditem|p1a: Pelipper|Damp Rock|[from] move: Knock Off|[of] p2a: Clefable
|
|-weather|RainDance|[upkeep]
|upkeep
|turn|7
|
|t:|1769370015
|move|p1a: Pelipper|Hurricane|p2a: Clefable
|-damage|p2a: Clefable|26/100
|move|p2a: Clefable|Moonlight|p2a: Clefable
|-heal|p2a: Clefable|50/100
|
|-weather|RainDance|[upkeep]
|upkeep
|turn|8
|
|t:|1769370021
|move|p1a: Pelipper|Weather Ball|p2a: Clefable
|-crit|p2a: Clefable
|-damage|p2a: Clefable|0 fnt
|faint|p2a: Clefable
|
|-weather|RainDance|[upkeep]
|upkeep
|
|t:|1769370026
|switch|p2a: Darkrai|Darkrai|100/100
|turn|9
|
|t:|1769370033
|switch|p1a: Tyranitar|Tyranitar, M|94/100
|-damage|p1a: Tyranitar|82/100|[from] Stealth Rock
|-weather|Sandstorm|[from] ability: Sand Stream|[of] p1a: Tyranitar
|move|p2a: Darkrai|Nasty Plot|p2a: Darkrai
|-boost|p2a: Darkrai|spa|2
|
|-weather|Sandstorm|[upkeep]
|-damage|p2a: Darkrai|94/100|[from] Sandstorm
|upkeep
|turn|10
|
|t:|1769370045
|move|p2a: Darkrai|Focus Blast|p1a: Tyranitar
|-supereffective|p1a: Tyranitar
|-damage|p1a: Tyranitar|0 fnt
|faint|p1a: Tyranitar
|
|-weather|Sandstorm|[upkeep]
|-damage|p2a: Darkrai|88/100|[from] Sandstorm
|upkeep
|
|t:|1769370052
|switch|p1a: Jolteon|Jolteon, M|94/100 brn
|-damage|p1a: Jolteon|82/100 brn|[from] Stealth Rock
|turn|11
|
|t:|1769370066
|-terastallize|p2a: Darkrai|Poison
|move|p1a: Jolteon|Alluring Voice|p2a: Darkrai
|-resisted|p2a: Darkrai
|-damage|p2a: Darkrai|69/100
|move|p2a: Darkrai|Dark Pulse|p1a: Jolteon
|-damage|p1a: Jolteon|0 fnt
|faint|p1a: Jolteon
|
|-weather|Sandstorm|[upkeep]
|-damage|p2a: Darkrai|63/100|[from] Sandstorm
|upkeep
|
|t:|1769370077
|switch|p1a: Excadrill|Excadrill, M|80/100
|-damage|p1a: Excadrill|77/100|[from] Stealth Rock
|turn|12
|
|t:|1769370083
|switch|p2a: Corviknight|Corviknight, M|100/100
|-damage|p2a: Corviknight|88/100|[from] Stealth Rock
|-ability|p2a: Corviknight|Pressure
|move|p1a: Excadrill|Iron Head|p2a: Corviknight
|-resisted|p2a: Corviknight
|-damage|p2a: Corviknight|69/100
|-damage|p1a: Excadrill|60/100|[from] item: Rocky Helmet|[of] p2a: Corviknight
|-damage|p1a: Excadrill|50/100|[from] item: Life Orb
|
|-weather|Sandstorm|[upkeep]
|upkeep
|turn|13
|
|t:|1769370093
|move|p1a: Excadrill|Rapid Spin|p2a: Corviknight
|-resisted|p2a: Corviknight
|-damage|p2a: Corviknight|61/100
|-boost|p1a: Excadrill|spe|1
|-damage|p1a: Excadrill|34/100|[from] item: Rocky Helmet|[of] p2a: Corviknight
|-sideend|p1: gengar's style|Stealth Rock|[from] move: Rapid Spin|[of] p1a: Excadrill
|-damage|p1a: Excadrill|24/100|[from] item: Life Orb
|move|p2a: Corviknight|U-turn|p1a: Excadrill
|-resisted|p1a: Excadrill
|-damage|p1a: Excadrill|14/100
|
|t:|1769370097
|switch|p2a: Hydrapple <3|Hydrapple, F|100/100|[from] U-turn
|-damage|p2a: Hydrapple <3|88/100|[from] Stealth Rock
|
|-weather|none
|upkeep
|turn|14
|
|t:|1769370106
|move|p1a: Excadrill|Iron Head|p2a: Hydrapple <3
|-damage|p2a: Hydrapple <3|39/100
|-damage|p1a: Excadrill|4/100|[from] item: Life Orb
|move|p2a: Hydrapple <3|Giga Drain|p1a: Excadrill
|-damage|p1a: Excadrill|0 fnt
|-heal|p2a: Hydrapple <3|40/100|[from] drain|[of] p1a: Excadrill
|faint|p1a: Excadrill
|-damage|p2a: Hydrapple <3|31/100|[from] item: Life Orb
|
|upkeep
|
|t:|1769370117
|switch|p1a: Pelipper|Pelipper, M|80/100
|-weather|RainDance|[from] ability: Drizzle|[of] p1a: Pelipper
|turn|15
|
|t:|1769370136
|switch|p2a: Ting-Lu|Ting-Lu|100/100
|-damage|p2a: Ting-Lu|94/100|[from] Stealth Rock
|-ability|p2a: Ting-Lu|Vessel of Ruin
|move|p1a: Pelipper|Hurricane|p2a: Ting-Lu
|-damage|p2a: Ting-Lu|75/100
|
|-weather|RainDance|[upkeep]
|-heal|p2a: Ting-Lu|81/100|[from] item: Leftovers
|upkeep
|turn|16
|
|t:|1769370145
|move|p1a: Pelipper|U-turn|p2a: Ting-Lu
|-supereffective|p2a: Ting-Lu
|-damage|p2a: Ting-Lu|73/100
|
|t:|1769370148
|switch|p1a: Quaquaval|Quaquaval, M|100/100|[from] U-turn
|move|p2a: Ting-Lu|Stealth Rock|p1a: Quaquaval
|-sidestart|p1: gengar's style|move: Stealth Rock
|
|-weather|RainDance|[upkeep]
|-heal|p2a: Ting-Lu|79/100|[from] item: Leftovers
|upkeep
|turn|17
|
|t:|1769370157
|-terastallize|p1a: Quaquaval|Water
|move|p1a: Quaquaval|Aqua Step|p2a: Ting-Lu
|-supereffective|p2a: Ting-Lu
|-damage|p2a: Ting-Lu|0 fnt
|-boost|p1a: Quaquaval|spe|1
|faint|p2a: Ting-Lu
|-ability|p1a: Quaquaval|Moxie|boost
|-boost|p1a: Quaquaval|atk|1
|
|-weather|RainDance|[upkeep]
|upkeep
|
|t:|1769370166
|switch|p2a: Corviknight|Corviknight, M|61/100
|-damage|p2a: Corviknight|49/100|[from] Stealth Rock
|-ability|p2a: Corviknight|Pressure
|turn|18
|
|t:|1769370179
|move|p1a: Quaquaval|Wave Crash|p2a: Corviknight
|-damage|p2a: Corviknight|0 fnt
|-damage|p1a: Quaquaval|84/100|[from] item: Rocky Helmet|[of] p2a: Corviknight
|faint|p2a: Corviknight
|-ability|p1a: Quaquaval|Moxie|boost
|-boost|p1a: Quaquaval|atk|1
|-damage|p1a: Quaquaval|64/100|[from] Recoil
|
|-weather|RainDance|[upkeep]
|upkeep
|
|t:|1769370184
|switch|p2a: Hydrapple <3|Hydrapple, F|64/100
|-damage|p2a: Hydrapple <3|52/100|[from] Stealth Rock
|turn|19
|
|t:|1769370192
|move|p1a: Quaquaval|Close Combat|p2a: Hydrapple <3
|-damage|p2a: Hydrapple <3|0 fnt
|-unboost|p1a: Quaquaval|def|1
|-unboost|p1a: Quaquaval|spd|1
|faint|p2a: Hydrapple <3
|-ability|p1a: Quaquaval|Moxie|boost
|-boost|p1a: Quaquaval|atk|1
|
|-weather|none
|upkeep
|
|t:|1769370195
|switch|p2a: Skeledirge|Skeledirge, M, shiny|100/100
|turn|20
|c|☆gengar's style|gg
|
|t:|1769370205
|move|p1a: Quaquaval|Wave Crash|p2a: Skeledirge
|-supereffective|p2a: Skeledirge
|-crit|p2a: Skeledirge
|-damage|p2a: Skeledirge|0 fnt
|faint|p2a: Skeledirge
|-ability|p1a: Quaquaval|Moxie|boost
|-boost|p1a: Quaquaval|atk|1
|-damage|p1a: Quaquaval|20/100|[from] Recoil
|
|upkeep
|
|t:|1769370209
|switch|p2a: Darkrai|Darkrai, tera:Poison|63/100
|turn|21
|
|t:|1769370214
|move|p1a: Quaquaval|Wave Crash|p2a: Darkrai
|-damage|p2a: Darkrai|0 fnt
|faint|p2a: Darkrai
|-damage|p1a: Quaquaval|1/100|[from] Recoil
|
|win|gengar's style
|raw|gengar&apos;s style's rating: 1528 &rarr; <strong>1553</strong><br />(+25 for winning)
|raw|Igoodnamename's rating: 1620 &rarr; <strong>1595</strong><br />(-25 for losing)
|c|☆Igoodnamename|ggs
|l|☆Igoodnamename
|player|p2|
|l|☆gengar's style
|player|p1|
