|j|☆saintrodrigo
|j|☆distantmonk
|t:|1769398247
|gametype|singles
|player|p1|saintrodrigo|linebacker|1162
|player|p2|distantmonk|li|1124
|gen|9
|tier|[Gen 9] OU
|rated|
|rule|HP Percentage Mod: HP is shown in percentages
|rule|Endless Battle Clause: Forcing endless battles is banned
|rule|Species Clause: Limit one of each Pokémon
|rule|OHKO Clause: OHKO moves are banned
|rule|Evasion Items Clause: Evasion items are banned
|rule|Evasion Moves Clause: Evasion moves are banned
|rule|Evasion Abilities Clause: Evasion abilities are banned
|rule|Sleep Moves Clause: Sleep-inducing moves are banned
|clearpoke
|poke|p1|Dragonite, M|
|poke|p1|Kingambit, M|
|poke|p1|Gholdengo|
|poke|p1|Great Tusk|
|poke|p1|Ninetales-Alola, F|
|poke|p1|Iron Valiant|
|poke|p2|Scizor, F|
|poke|p2|Great Tusk|
|poke|p2|Ogerpon-Wellspring, F|
|poke|p2|Raging Bolt|
|poke|p2|Kingambit, M|
|poke|p2|Gholdengo|
|teampreview
|inactive|Battle timer is ON: inactive players will automatically lose when time's up. (requested by distantmonk)
|
|t:|1769398267
|teamsize|p1|6
|teamsize|p2|6
|start
|switch|p1a: Ninetales|Ninetales-Alola, F, shiny|100/100
|switch|p2a: RED DEATH|Scizor, F|100/100
|-weather|Snowscape|[from] ability: Snow Warning|[of] p1a: Ninetales
|turn|1
|
|t:|1769398290
|move|p1a: Ninetales|Aurora Veil|p1a: Ninetales
|-sidestart|p1: saintrodrigo|move: Aurora Veil
|move|p2a: RED DEATH|Swords Dance|p2a: RED DEATH
|-boost|p2a: RED DEATH|atk|2
|
|-weather|Snowscape|[upkeep]
|upkeep
|turn|2
|c|☆distantmonk|!dt aurora viel
'aurora viel' has no exact match. Approximate match:
|c|☆distantmonk|/raw <ul class="utilichart"><li class="result"><span class="col movenamecol"><a href="https://dex.pokemonshowdown.com/moves/auroraveil">Aurora Veil</a></span> <span class="col typecol"><img src="//play.pokemonshowdown.com/sprites/types/Ice.png" alt="Ice" width="32" height="14"><img src="//play.pokemonshowdown.com/sprites/categories/Status.png" alt="Status" width="32" height="14"></span> <span class="col widelabelcol"><em>Accuracy</em><br>—</span> <span class="col pplabelcol"><em>PP</em><br>32</span> <span class="col movedesccol">For 5 turns, damage to allies halved. Snow only.</span> </li><li style="clear:both"></li></ul>
|c|☆distantmonk|/raw <font size="1"><font color="#686868">Priority:</font> 0&nbsp;|&ThickSpace;<font color="#686868">Gen:</font> 7&nbsp;|&ThickSpace;&#10003; Bypasses Protect&nbsp;|&ThickSpace;<font color="#686868">Z-Effect:</font>  Speed +1&nbsp;|&ThickSpace;<font color="#686868">Target:</font> User's Side</font>

|inactive|saintrodrigo has 120 seconds left.
|c|☆distantmonk|Oh
|inactive|saintrodrigo has 90 seconds left.
|c|☆distantmonk|So dmg is halved thats insane
|c|☆distantmonk|!dt light clay
|c|☆distantmonk|/raw <ul class="utilichart"><li class="result"><span class="col itemiconcol"><psicon item="lightclay"></span> <span class="col namecol"><a href="https://dex.pokemonshowdown.com/items/lightclay">Light Clay</a></span> <span class="col itemdesccol">Holder's use of Aurora Veil, Light Screen, or Reflect lasts 8 turns instead of 5.</span> </li><li style="clear:both"></li></ul>
|c|☆distantmonk|/raw <font size="1"><font color="#686868">Gen:</font> 4&nbsp;|&ThickSpace;<font color="#686868">Fling Base Power:</font> 30</font>

|
|t:|1769398352
|switch|p1a: Great Tusk|Great Tusk|100/100
|-enditem|p1a: Great Tusk|Booster Energy
|-activate|p1a: Great Tusk|ability: Protosynthesis|[fromitem]
|-start|p1a: Great Tusk|protosynthesisatk
|move|p2a: RED DEATH|Bullet Punch|p1a: Great Tusk
|-damage|p1a: Great Tusk|72/100
|
|-weather|Snowscape|[upkeep]
|upkeep
|turn|3
|
|t:|1769398369
|move|p1a: Great Tusk|Headlong Rush|p2a: RED DEATH
|-damage|p2a: RED DEATH|26/100
|-unboost|p1a: Great Tusk|def|1
|-unboost|p1a: Great Tusk|spd|1
|move|p2a: RED DEATH|Close Combat|p1a: Great Tusk
|-damage|p1a: Great Tusk|23/100
|-unboost|p2a: RED DEATH|def|1
|-unboost|p2a: RED DEATH|spd|1
|
|-weather|Snowscape|[upkeep]
|upkeep
|turn|4
|c|☆distantmonk|I messed up a bit
|
|t:|1769398390
|move|p2a: RED DEATH|Bullet Punch|p1a: Great Tusk
|-damage|p1a: Great Tusk|0 fnt
|faint|p1a: Great Tusk
|-end|p1a: Great Tusk|Protosynthesis|[silent]
|
|-weather|Snowscape|[upkeep]
|upkeep
|
|t:|1769398396
|switch|p1a: DRACO|Dragonite, M|100/100
|turn|5
|
|t:|1769398401
|move|p2a: RED DEATH|Bullet Punch|p1a: DRACO
|-damage|p1a: DRACO|77/100
|move|p1a: DRACO|Dragon Dance|p1a: DRACO
|-boost|p1a: DRACO|atk|1
|-boost|p1a: DRACO|spe|1
|
|-weather|none
|upkeep
|turn|6
|
|t:|1769398411
|move|p1a: DRACO|Extreme Speed|p2a: RED DEATH
|-resisted|p2a: RED DEATH
|-damage|p2a: RED DEATH|0 fnt
|faint|p2a: RED DEATH
|
|upkeep
|
|t:|1769398427
|switch|p2a: Behemoth|Great Tusk|100/100
|turn|7
|
|t:|1769398437
|move|p1a: DRACO|Roost|p1a: DRACO
|-heal|p1a: DRACO|100/100
|-singleturn|p1a: DRACO|move: Roost
|move|p2a: Behemoth|Stealth Rock|p1a: DRACO
|-sidestart|p1: saintrodrigo|move: Stealth Rock
|
|upkeep
|turn|8
|inactive|saintrodrigo has 90 seconds left.
|
|t:|1769398446
|-end|p2a: Behemoth|Protosynthesis|[silent]
|switch|p2a: Goku|Gholdengo, shiny|100/100
|-item|p2a: Goku|Air Balloon
|move|p1a: DRACO|Dragon Dance|p1a: DRACO
|-boost|p1a: DRACO|atk|1
|-boost|p1a: DRACO|spe|1
|
|-sideend|p1: saintrodrigo|move: Aurora Veil
|upkeep
|turn|9
|inactive|saintrodrigo has 90 seconds left.
|c|☆saintrodrigo|hmmmm
|c|☆saintrodrigo|i didnt like that
|c|☆distantmonk|Lol
|c|☆distantmonk|I wall tusk and dnite standard set
|inactive|saintrodrigo has 60 seconds left.
|
|t:|1769398487
|switch|p1a: Vengador|Kingambit, M|100/100
|-damage|p1a: Vengador|94/100|[from] Stealth Rock
|-activate|p1a: Vengador|ability: Supreme Overlord
|-start|p1a: Vengador|fallen1|[silent]
|move|p2a: Goku|Nasty Plot|p2a: Goku
|-boost|p2a: Goku|spa|2
|
|-heal|p1a: Vengador|100/100|[from] item: Leftovers
|upkeep
|turn|10
|
|t:|1769398497
|switch|p2a: Behemoth|Great Tusk|100/100
|move|p1a: Vengador|Swords Dance|p1a: Vengador
|-boost|p1a: Vengador|atk|2
|
|upkeep
|turn|11
|inactive|saintrodrigo has 60 seconds left.
|
|t:|1769398528
|-terastallize|p1a: Vengador|Ghost
|move|p2a: Behemoth|Close Combat|p1a: Vengador
|-immune|p1a: Vengador
|move|p1a: Vengador|Kowtow Cleave|p2a: Behemoth
|-resisted|p2a: Behemoth
|-damage|p2a: Behemoth|59/100
|
|upkeep
|turn|12
|
|t:|1769398546
|move|p2a: Behemoth|Headlong Rush|p1a: Vengador
|-damage|p1a: Vengador|50/100
|-unboost|p2a: Behemoth|def|1
|-unboost|p2a: Behemoth|spd|1
|move|p1a: Vengador|Swords Dance|p1a: Vengador
|-boost|p1a: Vengador|atk|2
|
|-heal|p1a: Vengador|56/100|[from] item: Leftovers
|upkeep
|turn|13
|
|t:|1769398555
|move|p2a: Behemoth|Headlong Rush|p1a: Vengador
|-damage|p1a: Vengador|1/100
|-unboost|p2a: Behemoth|def|1
|-unboost|p2a: Behemoth|spd|1
|move|p1a: Vengador|Kowtow Cleave|p2a: Behemoth
|-resisted|p2a: Behemoth
|-damage|p2a: Behemoth|0 fnt
|faint|p2a: Behemoth
|-end|p2a: Behemoth|Protosynthesis|[silent]
|
|-heal|p1a: Vengador|7/100|[from] item: Leftovers
|upkeep
|
|t:|1769398563
|switch|p2a: Striker of Heavens|Raging Bolt|100/100
|turn|14
|
|t:|1769398579
|move|p2a: Striker of Heavens|Thunderclap|p1a: Vengador
|-damage|p1a: Vengador|0 fnt
|faint|p1a: Vengador
|-end|p1a: Vengador|fallen1|[silent]
|
|upkeep
|inactive|saintrodrigo has 30 seconds left.
|
|t:|1769398604
|switch|p1a: Gholdengo|Gholdengo, shiny|100/100
|-damage|p1a: Gholdengo|94/100|[from] Stealth Rock
|-item|p1a: Gholdengo|Air Balloon
|turn|15
|inactive|saintrodrigo has 30 seconds left.
|
|t:|1769398610
|move|p1a: Gholdengo|Nasty Plot|p1a: Gholdengo
|-boost|p1a: Gholdengo|spa|2
|move|p2a: Striker of Heavens|Volt Switch|p1a: Gholdengo
|-crit|p1a: Gholdengo
|-damage|p1a: Gholdengo|21/100
|-enditem|p1a: Gholdengo|Air Balloon
|
|t:|1769398618
|-end|p2a: Striker of Heavens|Protosynthesis|[silent]
|switch|p2a: Buddy|Ogerpon-Wellspring, F|100/100|[from] Volt Switch
|
|upkeep
|turn|16
|inactive|saintrodrigo has 30 seconds left.
|
|t:|1769398635
|move|p2a: Buddy|Ivy Cudgel|p1a: Gholdengo|[anim] Ivy Cudgel Water
|-crit|p1a: Gholdengo
|-damage|p1a: Gholdengo|0 fnt
|faint|p1a: Gholdengo
|
|upkeep
|
|t:|1769398639
|switch|p1a: Iron Valiant|Iron Valiant|100/100
|-damage|p1a: Iron Valiant|94/100|[from] Stealth Rock
|-enditem|p1a: Iron Valiant|Booster Energy
|-activate|p1a: Iron Valiant|ability: Quark Drive|[fromitem]
|-start|p1a: Iron Valiant|quarkdrivespe
|turn|17
|inactive|saintrodrigo has 30 seconds left.
|inactive|saintrodrigo has 20 seconds left.
|inactive|distantmonk has 120 seconds left.
|
|t:|1769398671
|-terastallize|p2a: Buddy|Water
|detailschange|p2a: Buddy|Ogerpon-Wellspring-Tera, F, tera:Water
|-ability|p2a: Buddy|Embody Aspect (Wellspring)|boost
|-boost|p2a: Buddy|spd|1
|move|p1a: Iron Valiant|Moonblast|p2a: Buddy
|-damage|p2a: Buddy|63/100
|move|p2a: Buddy|Ivy Cudgel|p1a: Iron Valiant|[anim] Ivy Cudgel Water
|-damage|p1a: Iron Valiant|0 fnt
|faint|p1a: Iron Valiant
|-end|p1a: Iron Valiant|Quark Drive|[silent]
|
|upkeep
|inactive|saintrodrigo has 25 seconds left this turn.
|inactive|saintrodrigo has 20 seconds left.
|inactive|saintrodrigo has 15 seconds left.
|
|t:|1769398682
|switch|p1a: Ninetales|Ninetales-Alola, F, shiny|100/100
|-damage|p1a: Ninetales|76/100|[from] Stealth Rock
|-weather|Snowscape|[from] ability: Snow Warning|[of] p1a: Ninetales
|turn|18
|inactive|saintrodrigo has 25 seconds left this turn.
|inactive|saintrodrigo has 20 seconds left.
|c|☆saintrodrigo|wp
|-message|saintrodrigo forfeited.
|
|win|distantmonk
|raw|saintrodrigo's rating: 1162 &rarr; <strong>1134</strong><br />(-28 for losing)
|raw|distantmonk's rating: 1124 &rarr; <strong>1152</strong><br />(+28 for winning)
|l|☆saintrodrigo
|player|p1|
