|j|☆stboq
|j|☆OU Batther 2.0
|t:|1769361636
|gametype|singles
|player|p1|stboq|2|1107
|player|p2|OU Batther 2.0|lucas|1056
|gen|9
|tier|[Gen 9] OU
|rated|
|rule|HP Percentage Mod: HP is shown in percentages
|rule|Endless Battle Clause: Forcing endless battles is banned
|rule|Species Clause: Limit one of each Pokémon
|rule|OHKO Clause: OHKO moves are banned
|rule|Evasion Items Clause: Evasion items are banned
|rule|Evasion Moves Clause: Evasion moves are banned
|rule|Evasion Abilities Clause: Evasion abilities are banned
|rule|Sleep Moves Clause: Sleep-inducing moves are banned
|clearpoke
|poke|p1|Lilligant-Hisui, F|
|poke|p1|Walking Wake|
|poke|p1|Torkoal, F|
|poke|p1|Azelf|
|poke|p1|Zamazenta-*|
|poke|p1|Dragonite, M|
|poke|p2|Glaceon, F|
|poke|p2|Lucario, F|
|poke|p2|Tyranitar, F|
|poke|p2|Gliscor, F|
|poke|p2|Blastoise, M|
|poke|p2|Raichu-Alola, F|
|teampreview
|
|t:|1769361644
|teamsize|p1|6
|teamsize|p2|6
|start
|switch|p1a: Azelf|Azelf|100/100
|switch|p2a: Glaceon|Glaceon, F, shiny|100/100
|turn|1
|
|t:|1769361651
|move|p1a: Azelf|Mystical Power|p2a: Glaceon
|-damage|p2a: Glaceon|50/100
|-boost|p1a: Azelf|spa|1
|-damage|p1a: Azelf|91/100|[from] item: Life Orb
|move|p2a: Glaceon|Shadow Ball|p1a: Azelf
|-supereffective|p1a: Azelf
|-damage|p1a: Azelf|10/100
|
|-heal|p2a: Glaceon|56/100|[from] item: Leftovers
|upkeep
|turn|2
|
|t:|1769361662
|move|p1a: Azelf|Flamethrower|p2a: Glaceon
|-supereffective|p2a: Glaceon
|-damage|p2a: Glaceon|0 fnt
|faint|p2a: Glaceon
|-damage|p1a: Azelf|0 fnt|[from] item: Life Orb
|faint|p1a: Azelf
|
|upkeep
|inactive|Battle timer is ON: inactive players will automatically lose when time's up. (requested by stboq)
|
|t:|1769361674
|switch|p1a: Torkoal|Torkoal, F|100/100
|switch|p2a: Blastoise|Blastoise, M, shiny|100/100
|-weather|SunnyDay|[from] ability: Drought|[of] p1a: Torkoal
|turn|3
|
|t:|1769361681
|move|p2a: Blastoise|Hydro Pump|p1a: Torkoal
|-supereffective|p1a: Torkoal
|-damage|p1a: Torkoal|57/100
|move|p1a: Torkoal|Clear Smog|p2a: Blastoise
|-damage|p2a: Blastoise|87/100
|-clearboost|p2a: Blastoise
|
|-weather|SunnyDay|[upkeep]
|upkeep
|turn|4
|
|t:|1769361690
|move|p2a: Blastoise|Flip Turn|p1a: Torkoal
|-supereffective|p1a: Torkoal
|-damage|p1a: Torkoal|38/100
|
|t:|1769361695
|switch|p2a: Tyranitar|Tyranitar, F, shiny|100/100|[from] Flip Turn
|-weather|Sandstorm|[from] ability: Sand Stream|[of] p2a: Tyranitar
|move|p1a: Torkoal|Solar Beam||[still]
|-prepare|p1a: Torkoal|Solar Beam
|
|-weather|Sandstorm|[upkeep]
|-damage|p1a: Torkoal|32/100|[from] Sandstorm
|upkeep
|turn|5
|-message|stboq forfeited.
|
|win|OU Batther 2.0
|raw|stboq's rating: 1107 &rarr; <strong>1078</strong><br />(-29 for losing)
|raw|OU Batther 2.0's rating: 1056 &rarr; <strong>1092</strong><br />(+36 for winning)
|l|☆stboq
|player|p1|
|l|☆OU Batther 2.0
|player|p2|
