|j|☆alalei
|j|☆thebambi1234
|t:|1769409096
|gametype|singles
|player|p1|alalei|2|1153
|player|p2|thebambi1234|102|1172
|gen|9
|tier|[Gen 9] OU
|rated|
|rule|HP Percentage Mod: HP is shown in percentages
|rule|Endless Battle Clause: Forcing endless battles is banned
|rule|Species Clause: Limit one of each Pokémon
|rule|OHKO Clause: OHKO moves are banned
|rule|Evasion Items Clause: Evasion items are banned
|rule|Evasion Moves Clause: Evasion moves are banned
|rule|Evasion Abilities Clause: Evasion abilities are banned
|rule|Sleep Moves Clause: Sleep-inducing moves are banned
|clearpoke
|poke|p1|Alomomola, F|
|poke|p1|Landorus-Therian, M|
|poke|p1|Rillaboom, F|
|poke|p1|Slowking-Galar, M|
|poke|p1|Raging Bolt|
|poke|p1|Comfey, M|
|poke|p2|Kommo-o, F|
|poke|p2|Ribombee, F|
|poke|p2|Dragapult, M|
|poke|p2|Gliscor, M|
|poke|p2|Cinderace, M|
|poke|p2|Ogerpon-Wellspring, F|
|teampreview
|inactive|Battle timer is ON: inactive players will automatically lose when time's up. (requested by thebambi1234)
|
|t:|1769409113
|teamsize|p1|6
|teamsize|p2|6
|start
|switch|p1a: Landorus|Landorus-Therian, M|100/100
|switch|p2a: Ribombee|Ribombee, F|100/100
|-ability|p1a: Landorus|Intimidate|boost
|-unboost|p2a: Ribombee|atk|1
|turn|1
|
|t:|1769409119
|move|p2a: Ribombee|Sticky Web|p1a: Landorus
|-sidestart|p1: alalei|move: Sticky Web
|move|p1a: Landorus|Taunt|p2a: Ribombee
|-start|p2a: Ribombee|move: Taunt
|
|upkeep
|turn|2
|
|t:|1769409124
|switch|p2a: Gliscor|Gliscor, M, shiny|100/100
|move|p1a: Landorus|U-turn|p2a: Gliscor
|-resisted|p2a: Gliscor
|-damage|p2a: Gliscor|91/100
|
|t:|1769409128
|switch|p1a: Rillaboom|Rillaboom, F|100/100|[from] U-turn
|-activate|p1a: Rillaboom|move: Sticky Web
|-unboost|p1a: Rillaboom|spe|1
|-fieldstart|move: Grassy Terrain|[from] ability: Grassy Surge|[of] p1a: Rillaboom
|
|-status|p2a: Gliscor|tox|[from] item: Toxic Orb
|upkeep
|turn|3
|
|t:|1769409140
|switch|p2a: Cinderace|Cinderace, M|100/100
|move|p1a: Rillaboom|Wood Hammer|p2a: Cinderace
|-resisted|p2a: Cinderace
|-damage|p2a: Cinderace|8/100
|-damage|p1a: Rillaboom|78/100|[from] Recoil
|
|-heal|p2a: Cinderace|14/100|[from] Grassy Terrain
|-heal|p1a: Rillaboom|84/100|[from] Grassy Terrain
|upkeep
|turn|4
|
|t:|1769409146
|switch|p1a: Landorus|Landorus-Therian, M|100/100
|-ability|p1a: Landorus|Intimidate|boost
|-unboost|p2a: Cinderace|atk|1
|move|p2a: Cinderace|Pyro Ball|p1a: Landorus
|-damage|p1a: Landorus|62/100
|
|-heal|p2a: Cinderace|20/100|[from] Grassy Terrain
|upkeep
|turn|5
|
|t:|1769409151
|move|p2a: Cinderace|U-turn|p1a: Landorus
|-start|p2a: Cinderace|typechange|Bug|[from] ability: Libero
|-resisted|p1a: Landorus
|-damage|p1a: Landorus|52/100
|-damage|p2a: Cinderace|3/100|[from] item: Rocky Helmet|[of] p1a: Landorus
|
|t:|1769409154
|switch|p2a: Gliscor|Gliscor, M, shiny|91/100 tox|[from] U-turn
|move|p1a: Landorus|U-turn|p2a: Gliscor
|-resisted|p2a: Gliscor
|-damage|p2a: Gliscor|81/100 tox
|
|t:|1769409157
|switch|p1a: Rillaboom|Rillaboom, F|84/100|[from] U-turn
|-activate|p1a: Rillaboom|move: Sticky Web
|-unboost|p1a: Rillaboom|spe|1
|
|-heal|p1a: Rillaboom|90/100|[from] Grassy Terrain
|-heal|p2a: Gliscor|93/100 tox|[from] ability: Poison Heal
|upkeep
|turn|6
|
|t:|1769409166
|move|p2a: Gliscor|Protect|p2a: Gliscor
|-singleturn|p2a: Gliscor|Protect
|move|p1a: Rillaboom|Wood Hammer|p2a: Gliscor
|-activate|p2a: Gliscor|move: Protect
|
|-heal|p1a: Rillaboom|96/100|[from] Grassy Terrain
|-heal|p2a: Gliscor|100/100 tox|[from] ability: Poison Heal
|-fieldend|move: Grassy Terrain
|upkeep
|turn|7
|
|t:|1769409177
|switch|p1a: Landorus|Landorus-Therian, M|52/100
|-ability|p1a: Landorus|Intimidate|boost
|-unboost|p2a: Gliscor|atk|1
|move|p2a: Gliscor|Swords Dance|p2a: Gliscor
|-boost|p2a: Gliscor|atk|2
|
|upkeep
|turn|8
|
|t:|1769409181
|move|p2a: Gliscor|Swords Dance|p2a: Gliscor
|-boost|p2a: Gliscor|atk|2
|move|p1a: Landorus|Taunt|p2a: Gliscor
|-start|p2a: Gliscor|move: Taunt
|
|upkeep
|turn|9
|
|t:|1769409187
|-terastallize|p2a: Gliscor|Normal
|move|p2a: Gliscor|Facade|p1a: Landorus
|-damage|p1a: Landorus|0 fnt
|-damage|p2a: Gliscor|84/100 tox|[from] item: Rocky Helmet|[of] p1a: Landorus
|faint|p1a: Landorus
|
|-heal|p2a: Gliscor|96/100 tox|[from] ability: Poison Heal
|upkeep
|
|t:|1769409192
|switch|p1a: Rillaboom|Rillaboom, F|96/100
|-activate|p1a: Rillaboom|move: Sticky Web
|-unboost|p1a: Rillaboom|spe|1
|-fieldstart|move: Grassy Terrain|[from] ability: Grassy Surge|[of] p1a: Rillaboom
|turn|10
|
|t:|1769409197
|move|p1a: Rillaboom|Grassy Glide|p2a: Gliscor
|-damage|p2a: Gliscor|40/100 tox
|move|p2a: Gliscor|Facade|p1a: Rillaboom
|-damage|p1a: Rillaboom|0 fnt
|faint|p1a: Rillaboom
|
|-heal|p2a: Gliscor|47/100 tox|[from] Grassy Terrain
|-heal|p2a: Gliscor|59/100 tox|[from] ability: Poison Heal
|upkeep
|
|t:|1769409201
|switch|p1a: Comfey|Comfey, M|100/100
|-activate|p1a: Comfey|move: Sticky Web
|-unboost|p1a: Comfey|spe|1
|-enditem|p1a: Comfey|Grassy Seed
|-boost|p1a: Comfey|def|1|[from] item: Grassy Seed
|turn|11
|
|t:|1769409206
|move|p2a: Gliscor|Facade|p1a: Comfey
|-damage|p1a: Comfey|5/100
|move|p1a: Comfey|Calm Mind|p1a: Comfey
|-boost|p1a: Comfey|spa|1
|-boost|p1a: Comfey|spd|1
|
|-heal|p2a: Gliscor|65/100 tox|[from] Grassy Terrain
|-heal|p1a: Comfey|12/100|[from] Grassy Terrain
|-heal|p2a: Gliscor|77/100 tox|[from] ability: Poison Heal
|-end|p2a: Gliscor|move: Taunt
|upkeep
|turn|12
|
|t:|1769409214
|move|p1a: Comfey|Draining Kiss|p2a: Gliscor
|-damage|p2a: Gliscor|44/100 tox
|-heal|p1a: Comfey|35/100|[from] drain|[of] p2a: Gliscor
|move|p2a: Gliscor|Facade|p1a: Comfey
|-damage|p1a: Comfey|0 fnt
|faint|p1a: Comfey
|
|-heal|p2a: Gliscor|50/100 tox|[from] Grassy Terrain
|-heal|p2a: Gliscor|63/100 tox|[from] ability: Poison Heal
|upkeep
|-message|alalei forfeited.
|
|win|thebambi1234
|raw|alalei's rating: 1153 &rarr; <strong>1129</strong><br />(-24 for losing)
|raw|thebambi1234's rating: 1172 &rarr; <strong>1196</strong><br />(+24 for winning)
|l|☆alalei
|player|p1|
|l|☆thebambi1234
|player|p2|
