|j|☆Geert
|j|☆STAR-iin
|t:|1769406336
|gametype|singles
|player|p1|Geert|266|1134
|player|p2|STAR-iin|misty-lgpe|1159
|gen|9
|tier|[Gen 9] OU
|rated|
|rule|HP Percentage Mod: HP is shown in percentages
|rule|Endless Battle Clause: Forcing endless battles is banned
|rule|Species Clause: Limit one of each Pokémon
|rule|OHKO Clause: OHKO moves are banned
|rule|Evasion Items Clause: Evasion items are banned
|rule|Evasion Moves Clause: Evasion moves are banned
|rule|Evasion Abilities Clause: Evasion abilities are banned
|rule|Sleep Moves Clause: Sleep-inducing moves are banned
|clearpoke
|poke|p1|Dragonite, M|
|poke|p1|Hoopa-Unbound|
|poke|p1|Landorus-Therian, M|
|poke|p1|Darkrai|
|poke|p1|Vikavolt, M|
|poke|p1|Porygon-Z|
|poke|p2|Pelipper, M|
|poke|p2|Sliggoo, M|
|poke|p2|Floatzel, F|
|poke|p2|Raging Bolt|
|poke|p2|Kingambit, M|
|poke|p2|Kleavor, M|
|teampreview
|inactive|Battle timer is ON: inactive players will automatically lose when time's up. (requested by STAR-iin)
|inactive|Geert has 120 seconds left.
|inactive|Geert has 90 seconds left.
|
|t:|1769406513
|teamsize|p1|6
|teamsize|p2|6
|start
|switch|p1a: Darkrai|Darkrai|100/100
|switch|p2a: Kleavor|Kleavor, M|100/100
|turn|1
|inactive|STAR-iin has 120 seconds left.
|
|t:|1769406546
|move|p2a: Kleavor|U-turn|p1a: Darkrai
|-supereffective|p1a: Darkrai
|-damage|p1a: Darkrai|0 fnt
|faint|p1a: Darkrai
|
|t:|1769406550
|switch|p2a: Pelipper|Pelipper, M|100/100|[from] U-turn
|-weather|RainDance|[from] ability: Drizzle|[of] p2a: Pelipper
|
|-weather|RainDance|[upkeep]
|upkeep
|inactive|Geert has 120 seconds left.
|inactive|Geert has 90 seconds left.
|
|t:|1769406621
|switch|p1a: Landorus|Landorus-Therian, M|100/100
|-ability|p1a: Landorus|Intimidate|boost
|-unboost|p2a: Pelipper|atk|1
|turn|2
|
|t:|1769406625
|move|p1a: Landorus|Stone Edge|p2a: Pelipper
|-supereffective|p2a: Pelipper
|-damage|p2a: Pelipper|0 fnt
|faint|p2a: Pelipper
|
|-weather|RainDance|[upkeep]
|upkeep
|
|t:|1769406629
|switch|p2a: Floatzel|Floatzel, F|100/100
|turn|3
|
|t:|1769406633
|switch|p1a: Vikavolt|Vikavolt, M|100/100
|move|p2a: Floatzel|Ice Spinner|p1a: Vikavolt
|-damage|p1a: Vikavolt|56/100
|
|-weather|RainDance|[upkeep]
|-heal|p1a: Vikavolt|62/100|[from] item: Leftovers
|upkeep
|turn|4
|
|t:|1769406641
|move|p2a: Floatzel|Ice Spinner|p1a: Vikavolt
|-damage|p1a: Vikavolt|19/100
|move|p1a: Vikavolt|Thunder Wave|p2a: Floatzel
|-status|p2a: Floatzel|par
|
|-weather|RainDance|[upkeep]
|-heal|p1a: Vikavolt|26/100|[from] item: Leftovers
|upkeep
|turn|5
|
|t:|1769406646
|move|p2a: Floatzel|Ice Spinner|p1a: Vikavolt
|-damage|p1a: Vikavolt|0 fnt
|faint|p1a: Vikavolt
|
|-weather|RainDance|[upkeep]
|upkeep
|
|t:|1769406648
|switch|p1a: Porygon-Z|Porygon-Z|100/100
|turn|6
|
|t:|1769406651
|switch|p2a: Sliggoo|Sliggoo, M|100/100
|-terastallize|p1a: Porygon-Z|Normal
|move|p1a: Porygon-Z|Tri Attack|p2a: Sliggoo
|-damage|p2a: Sliggoo|59/100
|-status|p2a: Sliggoo|brn
|
|-weather|RainDance|[upkeep]
|-activate|p2a: Sliggoo|ability: Hydration
|-curestatus|p2a: Sliggoo|brn|[msg]
|upkeep
|turn|7
|
|t:|1769406654
|switch|p1a: Hoopa|Hoopa-Unbound|100/100
|move|p2a: Sliggoo|Toxic|p1a: Hoopa
|-status|p1a: Hoopa|tox
|
|-weather|RainDance|[upkeep]
|-damage|p1a: Hoopa|95/100 tox|[from] psn
|upkeep
|turn|8
|
|t:|1769406658
|move|p1a: Hoopa|Drain Punch|p2a: Sliggoo
|-damage|p2a: Sliggoo|10/100
|-heal|p1a: Hoopa|100/100 tox|[from] drain|[of] p2a: Sliggoo
|move|p2a: Sliggoo|Rest|p2a: Sliggoo
|-status|p2a: Sliggoo|slp|[from] move: Rest
|-heal|p2a: Sliggoo|100/100 slp|[silent]
|
|-weather|none
|-damage|p1a: Hoopa|89/100 tox|[from] psn
|upkeep
|turn|9
|
|t:|1769406674
|move|p1a: Hoopa|Drain Punch|p2a: Sliggoo
|-damage|p2a: Sliggoo|46/100 slp
|-heal|p1a: Hoopa|100/100 tox|[from] drain|[of] p2a: Sliggoo
|cant|p2a: Sliggoo|slp
|
|-damage|p1a: Hoopa|83/100 tox|[from] psn
|upkeep
|turn|10
|
|t:|1769406682
|move|p1a: Hoopa|Drain Punch|p2a: Sliggoo
|-damage|p2a: Sliggoo|0 fnt
|-heal|p1a: Hoopa|100/100 tox|[from] drain|[of] p2a: Sliggoo
|faint|p2a: Sliggoo
|
|-damage|p1a: Hoopa|77/100 tox|[from] psn
|upkeep
|
|t:|1769406693
|switch|p2a: Kleavor|Kleavor, M|100/100
|turn|11
|
|t:|1769406696
|switch|p1a: Landorus|Landorus-Therian, M|100/100
|-ability|p1a: Landorus|Intimidate|boost
|-unboost|p2a: Kleavor|atk|1
|move|p2a: Kleavor|U-turn|p1a: Landorus
|-resisted|p1a: Landorus
|-damage|p1a: Landorus|87/100
|
|t:|1769406702
|switch|p2a: Floatzel|Floatzel, F|100/100 par|[from] U-turn
|
|upkeep
|turn|12
|
|t:|1769406705
|move|p1a: Landorus|Earthquake|p2a: Floatzel
|-damage|p2a: Floatzel|0 fnt
|faint|p2a: Floatzel
|
|upkeep
|
|t:|1769406725
|switch|p2a: Raging Bolt|Raging Bolt|100/100
|-enditem|p2a: Raging Bolt|Booster Energy
|-activate|p2a: Raging Bolt|ability: Protosynthesis|[fromitem]
|-start|p2a: Raging Bolt|protosynthesisspa
|turn|13
|
|t:|1769406730
|move|p1a: Landorus|Earthquake|p2a: Raging Bolt
|-supereffective|p2a: Raging Bolt
|-damage|p2a: Raging Bolt|0 fnt
|faint|p2a: Raging Bolt
|-end|p2a: Raging Bolt|Protosynthesis|[silent]
|
|upkeep
|
|t:|1769406737
|switch|p2a: Kleavor|Kleavor, M|100/100
|turn|14
|
|t:|1769406740
|move|p2a: Kleavor|Stone Axe|p1a: Landorus
|-damage|p1a: Landorus|28/100
|-sidestart|p1: Geert|move: Stealth Rock
|move|p1a: Landorus|Earthquake|p2a: Kleavor
|-damage|p2a: Kleavor|0 fnt
|faint|p2a: Kleavor
|
|upkeep
|
|t:|1769406746
|switch|p2a: Kingambit|Kingambit, M|100/100
|-activate|p2a: Kingambit|ability: Supreme Overlord
|-start|p2a: Kingambit|fallen5|[silent]
|turn|15
|
|t:|1769406748
|switch|p1a: Hoopa|Hoopa-Unbound|77/100 tox
|-damage|p1a: Hoopa|64/100 tox|[from] Stealth Rock
|move|p2a: Kingambit|Sucker Punch||[still]
|-fail|p2a: Kingambit
|
|-damage|p1a: Hoopa|58/100 tox|[from] psn
|upkeep
|turn|16
|
|t:|1769406752
|move|p2a: Kingambit|Sucker Punch|p1a: Hoopa
|-damage|p1a: Hoopa|0 fnt
|faint|p1a: Hoopa
|
|upkeep
|
|t:|1769406754
|switch|p1a: Landorus|Landorus-Therian, M|28/100
|-damage|p1a: Landorus|16/100|[from] Stealth Rock
|-ability|p1a: Landorus|Intimidate|boost
|-unboost|p2a: Kingambit|atk|1
|turn|17
|
|t:|1769406766
|move|p2a: Kingambit|Sucker Punch|p1a: Landorus
|-damage|p1a: Landorus|0 fnt
|faint|p1a: Landorus
|
|upkeep
|
|t:|1769406771
|switch|p1a: Porygon-Z|Porygon-Z, tera:Normal|100/100
|-damage|p1a: Porygon-Z|88/100|[from] Stealth Rock
|turn|18
|
|t:|1769406781
|move|p1a: Porygon-Z|Tri Attack|p2a: Kingambit
|-resisted|p2a: Kingambit
|-damage|p2a: Kingambit|57/100
|move|p2a: Kingambit|Swords Dance|p2a: Kingambit
|-boost|p2a: Kingambit|atk|2
|
|upkeep
|turn|19
|
|t:|1769406784
|move|p2a: Kingambit|Sucker Punch|p1a: Porygon-Z
|-damage|p1a: Porygon-Z|0 fnt
|faint|p1a: Porygon-Z
|
|upkeep
|
|t:|1769406786
|switch|p1a: Dragonite|Dragonite, M|100/100
|-damage|p1a: Dragonite|75/100|[from] Stealth Rock
|turn|20
|
|t:|1769406788
|move|p1a: Dragonite|Extreme Speed|p2a: Kingambit
|-resisted|p2a: Kingambit
|-damage|p2a: Kingambit|39/100
|move|p2a: Kingambit|Kowtow Cleave|p1a: Dragonite
|-damage|p1a: Dragonite|0 fnt
|faint|p1a: Dragonite
|
|win|STAR-iin
|raw|Geert's rating: 1134 &rarr; <strong>1111</strong><br />(-23 for losing)
|raw|STAR-iin's rating: 1159 &rarr; <strong>1182</strong><br />(+23 for winning)
|l|☆Geert
|player|p1|
|l|☆STAR-iin
|player|p2|
