|j|☆uscboarder
|j|☆Mky27
|t:|1769360636
|gametype|singles
|player|p1|uscboarder|musician|1476
|player|p2|Mky27|ltsurge|1516
|gen|9
|tier|[Gen 9] OU
|rated|
|rule|HP Percentage Mod: HP is shown in percentages
|rule|Endless Battle Clause: Forcing endless battles is banned
|rule|Species Clause: Limit one of each Pokémon
|rule|OHKO Clause: OHKO moves are banned
|rule|Evasion Items Clause: Evasion items are banned
|rule|Evasion Moves Clause: Evasion moves are banned
|rule|Evasion Abilities Clause: Evasion abilities are banned
|rule|Sleep Moves Clause: Sleep-inducing moves are banned
|clearpoke
|poke|p1|Chesnaught, M|
|poke|p1|Garganacl, F|
|poke|p1|Weezing-Galar, M|
|poke|p1|Dragonite, F|
|poke|p1|Araquanid, F|
|poke|p1|Gholdengo|
|poke|p2|Walking Wake|
|poke|p2|Great Tusk|
|poke|p2|Torkoal, F|
|poke|p2|Indeedee, M|
|poke|p2|Exeggutor, M|
|poke|p2|Kingambit, M|
|teampreview
|inactive|Battle timer is ON: inactive players will automatically lose when time's up. (requested by Mky27)
|
|t:|1769360656
|teamsize|p1|6
|teamsize|p2|6
|start
|switch|p1a: Garganacl|Garganacl, F|100/100
|switch|p2a: Indimale-te|Indeedee, M|100/100
|-fieldstart|move: Psychic Terrain|[from] ability: Psychic Surge|[of] p2a: Indimale-te
|turn|1
|
|t:|1769360669
|move|p2a: Indimale-te|Trick|p1a: Garganacl
|-activate|p2a: Indimale-te|move: Trick|[of] p1a: Garganacl
|-item|p1a: Garganacl|Choice Scarf|[from] move: Trick
|-item|p2a: Indimale-te|Leftovers|[from] move: Trick
|move|p1a: Garganacl|Salt Cure|p2a: Indimale-te
|-damage|p2a: Indimale-te|70/100
|-start|p2a: Indimale-te|Salt Cure
|
|-heal|p2a: Indimale-te|77/100|[from] item: Leftovers
|-damage|p2a: Indimale-te|64/100|[from] Salt Cure
|upkeep
|turn|2
|
|t:|1769360680
|move|p2a: Indimale-te|Expanding Force|p1a: Garganacl
|-damage|p1a: Garganacl|49/100
|move|p1a: Garganacl|Salt Cure|p2a: Indimale-te
|-damage|p2a: Indimale-te|34/100
|
|-heal|p2a: Indimale-te|40/100|[from] item: Leftovers
|-damage|p2a: Indimale-te|27/100|[from] Salt Cure
|upkeep
|turn|3
|
|t:|1769360693
|switch|p1a: Gholdengo|Gholdengo|100/100
|move|p2a: Indimale-te|Expanding Force|p1a: Gholdengo
|-resisted|p1a: Gholdengo
|-damage|p1a: Gholdengo|65/100
|
|-heal|p2a: Indimale-te|34/100|[from] item: Leftovers
|-heal|p1a: Gholdengo|71/100|[from] item: Leftovers
|-damage|p2a: Indimale-te|21/100|[from] Salt Cure
|upkeep
|turn|4
|
|t:|1769360704
|switch|p2a: Kingsharp|Kingambit, M|100/100
|move|p1a: Gholdengo|Thunder Wave|p2a: Kingsharp
|-status|p2a: Kingsharp|par
|
|-heal|p1a: Gholdengo|77/100|[from] item: Leftovers
|upkeep
|turn|5
|
|t:|1769360713
|switch|p1a: Chesnaught|Chesnaught, M|100/100
|move|p2a: Kingsharp|Iron Head|p1a: Chesnaught
|-damage|p1a: Chesnaught|78/100
|-damage|p2a: Kingsharp|84/100 par|[from] item: Rocky Helmet|[of] p1a: Chesnaught
|
|-fieldend|move: Psychic Terrain
|upkeep
|turn|6
|
|t:|1769360723
|switch|p2a: Trollkoal|Torkoal, F, shiny|100/100
|-weather|SunnyDay|[from] ability: Drought|[of] p2a: Trollkoal
|move|p1a: Chesnaught|Iron Defense|p1a: Chesnaught
|-boost|p1a: Chesnaught|def|2
|
|-weather|SunnyDay|[upkeep]
|upkeep
|turn|7
|
|t:|1769360735
|switch|p1a: Araquanid|Araquanid, F|100/100
|move|p2a: Trollkoal|Stealth Rock|p1a: Araquanid
|-sidestart|p1: uscboarder|move: Stealth Rock
|
|-weather|SunnyDay|[upkeep]
|upkeep
|turn|8
|
|t:|1769360750
|switch|p2a: Indimale-te|Indeedee, M|21/100
|-fieldstart|move: Psychic Terrain|[from] ability: Psychic Surge|[of] p2a: Indimale-te
|move|p1a: Araquanid|Liquidation|p2a: Indimale-te
|-damage|p2a: Indimale-te|0 fnt
|faint|p2a: Indimale-te
|
|-weather|SunnyDay|[upkeep]
|upkeep
|
|t:|1769360763
|switch|p2a: Exxegcutor|Exeggutor, M, shiny|100/100
|turn|9
|
|t:|1769360768
|switch|p1a: Weezing|Weezing-Galar, M|100/100
|-ability|p1a: Weezing|Neutralizing Gas
|-damage|p1a: Weezing|88/100|[from] Stealth Rock
|move|p2a: Exxegcutor|Expanding Force|p1a: Weezing
|-supereffective|p1a: Weezing
|-damage|p1a: Weezing|0 fnt
|faint|p1a: Weezing
|-end|p1a: Weezing|ability: Neutralizing Gas
|
|-weather|SunnyDay|[upkeep]
|upkeep
|
|t:|1769360772
|switch|p1a: Araquanid|Araquanid, F|100/100
|-damage|p1a: Araquanid|76/100|[from] Stealth Rock
|turn|10
|
|t:|1769360786
|-terastallize|p2a: Exxegcutor|Fire
|move|p2a: Exxegcutor|Expanding Force|p1a: Araquanid
|-damage|p1a: Araquanid|11/100
|move|p1a: Araquanid|Leech Life|p2a: Exxegcutor
|-resisted|p2a: Exxegcutor
|-damage|p2a: Exxegcutor|75/100
|-heal|p1a: Araquanid|24/100|[from] drain|[of] p2a: Exxegcutor
|
|-weather|SunnyDay|[upkeep]
|upkeep
|turn|11
|
|t:|1769360797
|move|p2a: Exxegcutor|Expanding Force|p1a: Araquanid
|-damage|p1a: Araquanid|0 fnt
|faint|p1a: Araquanid
|
|-weather|SunnyDay|[upkeep]
|upkeep
|
|t:|1769360808
|switch|p1a: Garganacl|Garganacl, F|49/100
|-damage|p1a: Garganacl|36/100|[from] Stealth Rock
|turn|12
|
|t:|1769360812
|move|p2a: Exxegcutor|Expanding Force|p1a: Garganacl
|-damage|p1a: Garganacl|0 fnt
|faint|p1a: Garganacl
|
|-weather|SunnyDay|[upkeep]
|-fieldend|move: Psychic Terrain
|upkeep
|
|t:|1769360815
|switch|p1a: Dragonite|Dragonite, F|100/100
|turn|13
|
|t:|1769360821
|switch|p2a: Paleomut|Great Tusk, shiny|100/100
|-activate|p2a: Paleomut|ability: Protosynthesis
|-start|p2a: Paleomut|protosynthesisspe
|move|p1a: Dragonite|Dragon Dance|p1a: Dragonite
|-boost|p1a: Dragonite|atk|1
|-boost|p1a: Dragonite|spe|1
|
|-weather|none
|-end|p2a: Paleomut|Protosynthesis
|upkeep
|turn|14
|
|t:|1769360831
|-terastallize|p1a: Dragonite|Fairy
|move|p1a: Dragonite|Dragon Dance|p1a: Dragonite
|-boost|p1a: Dragonite|atk|1
|-boost|p1a: Dragonite|spe|1
|move|p2a: Paleomut|Rapid Spin|p1a: Dragonite
|-damage|p1a: Dragonite|92/100
|-boost|p2a: Paleomut|spe|1
|
|upkeep
|turn|15
|
|t:|1769360841
|move|p1a: Dragonite|Tera Blast|p2a: Paleomut|[anim] Tera Blast Fairy
|-supereffective|p2a: Paleomut
|-damage|p2a: Paleomut|0 fnt
|faint|p2a: Paleomut
|-end|p2a: Paleomut|Protosynthesis|[silent]
|
|upkeep
|
|t:|1769360848
|switch|p2a: Trollkoal|Torkoal, F, shiny|100/100
|-weather|SunnyDay|[from] ability: Drought|[of] p2a: Trollkoal
|turn|16
|
|t:|1769360853
|move|p1a: Dragonite|Earthquake|p2a: Trollkoal
|-supereffective|p2a: Trollkoal
|-damage|p2a: Trollkoal|16/100
|move|p2a: Trollkoal|Weather Ball|p1a: Dragonite
|-damage|p1a: Dragonite|40/100
|
|-weather|SunnyDay|[upkeep]
|upkeep
|turn|17
|
|t:|1769360871
|move|p1a: Dragonite|Earthquake|p2a: Trollkoal
|-supereffective|p2a: Trollkoal
|-damage|p2a: Trollkoal|0 fnt
|faint|p2a: Trollkoal
|
|-weather|SunnyDay|[upkeep]
|upkeep
|
|t:|1769360878
|switch|p2a: PaleoRaptor|Walking Wake|100/100
|-activate|p2a: PaleoRaptor|ability: Protosynthesis
|-start|p2a: PaleoRaptor|protosynthesisspe
|turn|18
|
|t:|1769360889
|move|p2a: PaleoRaptor|Hydro Steam|p1a: Dragonite
|-damage|p1a: Dragonite|0 fnt
|faint|p1a: Dragonite
|
|-weather|SunnyDay|[upkeep]
|upkeep
|inactive|uscboarder has 120 seconds left.
|
|t:|1769360923
|switch|p1a: Chesnaught|Chesnaught, M|78/100
|-damage|p1a: Chesnaught|71/100|[from] Stealth Rock
|turn|19
|
|t:|1769360928
|move|p2a: PaleoRaptor|Flamethrower|p1a: Chesnaught
|-supereffective|p1a: Chesnaught
|-damage|p1a: Chesnaught|0 fnt
|faint|p1a: Chesnaught
|
|-weather|SunnyDay|[upkeep]
|upkeep
|
|t:|1769360930
|switch|p1a: Gholdengo|Gholdengo|77/100
|-damage|p1a: Gholdengo|71/100|[from] Stealth Rock
|turn|20
|-message|uscboarder forfeited.
|
|win|Mky27
|raw|uscboarder's rating: 1476 &rarr; <strong>1458</strong><br />(-18 for losing)
|raw|Mky27's rating: 1516 &rarr; <strong>1534</strong><br />(+18 for winning)
|l|☆uscboarder
|player|p1|
