|j|☆Jeeeeemo
|j|☆Kairak
|t:|1769365092
|gametype|singles
|player|p1|Jeeeeemo|li|1552
|player|p2|Kairak|roughneck-gen4|1527
|gen|9
|tier|[Gen 9] OU
|rated|
|rule|HP Percentage Mod: HP is shown in percentages
|rule|Endless Battle Clause: Forcing endless battles is banned
|rule|Species Clause: Limit one of each Pokémon
|rule|OHKO Clause: OHKO moves are banned
|rule|Evasion Items Clause: Evasion items are banned
|rule|Evasion Moves Clause: Evasion moves are banned
|rule|Evasion Abilities Clause: Evasion abilities are banned
|rule|Sleep Moves Clause: Sleep-inducing moves are banned
|clearpoke
|poke|p1|Tinkaton, F|
|poke|p1|Dondozo, M|
|poke|p1|Ceruledge, F|
|poke|p1|Maushold-Four|
|poke|p1|Ditto|
|poke|p1|Dudunsparce-*, M|
|poke|p2|Ninetales, F|
|poke|p2|Raging Bolt|
|poke|p2|Great Tusk|
|poke|p2|Walking Wake|
|poke|p2|Alomomola, F|
|poke|p2|Ceruledge, F|
|teampreview
|inactive|Battle timer is ON: inactive players will automatically lose when time's up. (requested by Jeeeeemo)
|j| thegoose12
|inactive|Kairak has 120 seconds left.
|
|t:|1769365136
|teamsize|p1|6
|teamsize|p2|6
|start
|switch|p1a: Tinkaton|Tinkaton, F|100/100
|switch|p2a: Raging Bolt|Raging Bolt|100/100
|-item|p1a: Tinkaton|Air Balloon
|turn|1
|
|t:|1769365145
|-end|p2a: Raging Bolt|Protosynthesis|[silent]
|switch|p2a: Great Tusk|Great Tusk|100/100
|move|p1a: Tinkaton|Play Rough|p2a: Great Tusk
|-supereffective|p2a: Great Tusk
|-damage|p2a: Great Tusk|55/100
|
|upkeep
|turn|2
|
|t:|1769365155
|switch|p1a: Dondozo|Dondozo, M|100/100
|move|p2a: Great Tusk|Rapid Spin|p1a: Dondozo
|-damage|p1a: Dondozo|93/100
|-boost|p2a: Great Tusk|spe|1
|-damage|p2a: Great Tusk|39/100|[from] item: Rocky Helmet|[of] p1a: Dondozo
|
|upkeep
|turn|3
|
|t:|1769365162
|-end|p2a: Great Tusk|Protosynthesis|[silent]
|switch|p2a: Raging Bolt|Raging Bolt|100/100
|switch|p1a: Ditto|Ditto, shiny|100/100
|-transform|p1a: Ditto|p2a: Raging Bolt|[from] ability: Imposter
|
|upkeep
|turn|4
|
|t:|1769365175
|-end|p1a: Ditto|Protosynthesis|[silent]
|switch|p1a: Maushold|Maushold-Four|100/100
|move|p2a: Raging Bolt|Calm Mind|p2a: Raging Bolt
|-boost|p2a: Raging Bolt|spa|1
|-boost|p2a: Raging Bolt|spd|1
|
|upkeep
|turn|5
|
|t:|1769365187
|move|p2a: Raging Bolt|Thunderclap||[still]
|-fail|p2a: Raging Bolt
|move|p1a: Maushold|Encore|p2a: Raging Bolt
|-start|p2a: Raging Bolt|Encore
|
|upkeep
|turn|6
|
|t:|1769365191
|-end|p2a: Raging Bolt|Protosynthesis|[silent]
|switch|p2a: Ceruledge|Ceruledge, F|100/100
|move|p1a: Maushold|Tidy Up|p1a: Maushold
|-boost|p1a: Maushold|atk|1
|-boost|p1a: Maushold|spe|1
|
|upkeep
|turn|7
|
|t:|1769365207
|switch|p1a: Ceruledge|Ceruledge, F|100/100
|move|p2a: Ceruledge|Bitter Blade|p1a: Ceruledge
|-start|p1a: Ceruledge|ability: Flash Fire
|
|upkeep
|turn|8
|
|t:|1769365215
|move|p1a: Ceruledge|Swords Dance|p1a: Ceruledge
|-boost|p1a: Ceruledge|atk|2
|move|p2a: Ceruledge|Poltergeist|p1a: Ceruledge
|-activate|p1a: Ceruledge|move: Poltergeist|Focus Sash
|-supereffective|p1a: Ceruledge
|-enditem|p1a: Ceruledge|Focus Sash
|-damage|p1a: Ceruledge|1/100
|
|upkeep
|turn|9
|
|t:|1769365225
|move|p2a: Ceruledge|Shadow Sneak|p1a: Ceruledge
|-supereffective|p1a: Ceruledge
|-crit|p1a: Ceruledge
|-damage|p1a: Ceruledge|0 fnt
|faint|p1a: Ceruledge
|
|upkeep
|
|t:|1769365231
|switch|p1a: Ditto|Ditto, shiny|100/100
|-transform|p1a: Ditto|p2a: Ceruledge|[from] ability: Imposter
|turn|10
|
|t:|1769365244
|switch|p1a: Dondozo|Dondozo, M|93/100
|move|p2a: Ceruledge|Poltergeist|p1a: Dondozo
|-activate|p1a: Dondozo|move: Poltergeist|Rocky Helmet
|-damage|p1a: Dondozo|69/100
|
|upkeep
|turn|11
|
|t:|1769365256
|switch|p2a: Raging Bolt|Raging Bolt|100/100
|move|p1a: Dondozo|Curse|p1a: Dondozo
|-unboost|p1a: Dondozo|spe|1
|-boost|p1a: Dondozo|atk|1
|-boost|p1a: Dondozo|def|1
|
|upkeep
|turn|12
|
|t:|1769365273
|-terastallize|p1a: Dondozo|Grass
|move|p2a: Raging Bolt|Calm Mind|p2a: Raging Bolt
|-boost|p2a: Raging Bolt|spa|1
|-boost|p2a: Raging Bolt|spd|1
|move|p1a: Dondozo|Ice Fang|p2a: Raging Bolt
|-supereffective|p2a: Raging Bolt
|-damage|p2a: Raging Bolt|56/100
|-status|p2a: Raging Bolt|frz
|
|-heal|p2a: Raging Bolt|62/100 frz|[from] item: Leftovers
|upkeep
|turn|13
|
|t:|1769365281
|-end|p2a: Raging Bolt|Protosynthesis|[silent]
|switch|p2a: Ninetales|Ninetales, F|100/100
|-weather|SunnyDay|[from] ability: Drought|[of] p2a: Ninetales
|switch|p1a: Ditto|Ditto, shiny|100/100
|-transform|p1a: Ditto|p2a: Ninetales|[from] ability: Imposter
|
|-weather|SunnyDay|[upkeep]
|upkeep
|turn|14
|
|t:|1769365296
|move|p2a: Ninetales|Healing Wish|p2a: Ninetales
|faint|p2a: Ninetales
|move|p1a: Ditto|Overheat|p2: Ninetales|[notarget]
|-fail|p1a: Ditto
|
|-weather|SunnyDay|[upkeep]
|upkeep
|
|t:|1769365299
|switch|p2a: Raging Bolt|Raging Bolt|62/100 frz
|-heal|p2a: Raging Bolt|100/100|[from] move: Healing Wish
|-activate|p2a: Raging Bolt|ability: Protosynthesis
|-start|p2a: Raging Bolt|protosynthesisspa
|turn|15
|
|t:|1769365304
|switch|p1a: Dudunsparce|Dudunsparce, M|100/100
|move|p2a: Raging Bolt|Thunderbolt|p1a: Dudunsparce
|-damage|p1a: Dudunsparce|57/100
|
|-weather|SunnyDay|[upkeep]
|-heal|p1a: Dudunsparce|63/100|[from] item: Leftovers
|upkeep
|turn|16
|
|t:|1769365319
|move|p2a: Raging Bolt|Thunderbolt|p1a: Dudunsparce
|-damage|p1a: Dudunsparce|17/100
|move|p1a: Dudunsparce|Roost|p1a: Dudunsparce
|-heal|p1a: Dudunsparce|67/100
|-singleturn|p1a: Dudunsparce|move: Roost
|
|-weather|SunnyDay|[upkeep]
|-heal|p1a: Dudunsparce|73/100|[from] item: Leftovers
|upkeep
|turn|17
|
|t:|1769365327
|switch|p1a: Maushold|Maushold-Four|100/100
|move|p2a: Raging Bolt|Calm Mind|p2a: Raging Bolt
|-boost|p2a: Raging Bolt|spa|1
|-boost|p2a: Raging Bolt|spd|1
|
|-weather|SunnyDay|[upkeep]
|upkeep
|turn|18
|
|t:|1769365332
|-end|p2a: Raging Bolt|Protosynthesis|[silent]
|switch|p2a: Ceruledge|Ceruledge, F|100/100
|move|p1a: Maushold|Population Bomb|p2a: Ceruledge
|-immune|p2a: Ceruledge
|
|-weather|SunnyDay|[upkeep]
|upkeep
|turn|19
|
|t:|1769365340
|switch|p1a: Dondozo|Dondozo, M, tera:Grass|69/100
|move|p2a: Ceruledge|Bitter Blade|p1a: Dondozo
|-supereffective|p1a: Dondozo
|-damage|p1a: Dondozo|5/100
|-damage|p2a: Ceruledge|84/100|[from] item: Rocky Helmet|[of] p1a: Dondozo
|
|-weather|SunnyDay|[upkeep]
|upkeep
|turn|20
|
|t:|1769365348
|move|p2a: Ceruledge|Bitter Blade|p1a: Dondozo
|-supereffective|p1a: Dondozo
|-damage|p1a: Dondozo|0 fnt
|-heal|p2a: Ceruledge|88/100|[from] drain|[of] p1a: Dondozo
|-damage|p2a: Ceruledge|72/100|[from] item: Rocky Helmet|[of] p1a: Dondozo
|faint|p1a: Dondozo
|
|-weather|none
|upkeep
|
|t:|1769365363
|switch|p1a: Ditto|Ditto, shiny|100/100
|-transform|p1a: Ditto|p2a: Ceruledge|[from] ability: Imposter
|turn|21
|
|t:|1769365375
|switch|p2a: Great Tusk|Great Tusk|39/100
|move|p1a: Ditto|Poltergeist|p2a: Great Tusk
|-activate|p2a: Great Tusk|move: Poltergeist|Heavy-Duty Boots
|-damage|p2a: Great Tusk|1/100
|
|upkeep
|turn|22
|
|t:|1769365381
|move|p1a: Ditto|Shadow Sneak|p2a: Great Tusk
|-damage|p2a: Great Tusk|0 fnt
|faint|p2a: Great Tusk
|-end|p2a: Great Tusk|Protosynthesis|[silent]
|
|upkeep
|
|t:|1769365383
|switch|p2a: Walking Wake|Walking Wake|100/100
|turn|23
|
|t:|1769365388
|switch|p1a: Dudunsparce|Dudunsparce, M|73/100
|-terastallize|p2a: Walking Wake|Water
|move|p2a: Walking Wake|Hydro Steam|p1a: Dudunsparce
|-damage|p1a: Dudunsparce|23/100
|
|-heal|p1a: Dudunsparce|30/100|[from] item: Leftovers
|upkeep
|turn|24
|
|t:|1769365397
|switch|p1a: Ditto|Ditto, shiny|100/100
|-transform|p1a: Ditto|p2a: Walking Wake|[from] ability: Imposter
|move|p2a: Walking Wake|Hydro Steam|p1a: Ditto
|-resisted|p1a: Ditto
|-damage|p1a: Ditto|73/100
|
|upkeep
|-start|p1a: Ditto|typechange|Water/Dragon|[silent]
|turn|25
|
|t:|1769365409
|-end|p2a: Walking Wake|Protosynthesis|[silent]
|switch|p2a: Alomomola|Alomomola, F|100/100
|move|p1a: Ditto|Flamethrower|p2a: Alomomola
|-resisted|p2a: Alomomola
|-damage|p2a: Alomomola|92/100
|
|upkeep
|turn|26
|
|t:|1769365422
|-end|p1a: Ditto|Protosynthesis|[silent]
|switch|p1a: Dudunsparce|Dudunsparce, M|30/100
|move|p2a: Alomomola|Flip Turn|p1a: Dudunsparce
|-damage|p1a: Dudunsparce|13/100
|
|t:|1769365443
|switch|p2a: Walking Wake|Walking Wake, tera:Water|100/100|[from] Flip Turn
|
|-heal|p1a: Dudunsparce|20/100|[from] item: Leftovers
|upkeep
|turn|27
|
|t:|1769365447
|move|p2a: Walking Wake|Hydro Steam|p1a: Dudunsparce
|-damage|p1a: Dudunsparce|0 fnt
|faint|p1a: Dudunsparce
|
|upkeep
|
|t:|1769365457
|switch|p1a: Maushold|Maushold-Four|100/100
|turn|28
|
|t:|1769365476
|move|p1a: Maushold|Tidy Up|p1a: Maushold
|-boost|p1a: Maushold|atk|1
|-boost|p1a: Maushold|spe|1
|move|p2a: Walking Wake|Hydro Steam|p1a: Maushold
|-damage|p1a: Maushold|0 fnt
|faint|p1a: Maushold
|
|upkeep
|
|t:|1769365485
|switch|p1a: Ditto|Ditto, shiny|73/100
|-transform|p1a: Ditto|p2a: Walking Wake|[from] ability: Imposter
|turn|29
|
|t:|1769365491
|-end|p2a: Walking Wake|Protosynthesis|[silent]
|switch|p2a: Alomomola|Alomomola, F|100/100
|move|p1a: Ditto|Flip Turn|p2a: Alomomola
|-resisted|p2a: Alomomola
|-damage|p2a: Alomomola|96/100
|
|t:|1769365493
|-end|p1a: Ditto|Protosynthesis|[silent]
|switch|p1a: Tinkaton|Tinkaton, F|100/100|[from] Flip Turn
|-item|p1a: Tinkaton|Air Balloon
|
|upkeep
|turn|30
|
|t:|1769365499
|move|p1a: Tinkaton|Swords Dance|p1a: Tinkaton
|-boost|p1a: Tinkaton|atk|2
|move|p2a: Alomomola|Flip Turn|p1a: Tinkaton
|-damage|p1a: Tinkaton|79/100
|-enditem|p1a: Tinkaton|Air Balloon
|-enditem|p2a: Alomomola|Assault Vest|[silent]|[from] ability: Pickpocket|[of] p2a: Alomomola
|-item|p1a: Tinkaton|Assault Vest|[from] ability: Pickpocket|[of] p2a: Alomomola
|
|t:|1769365501
|switch|p2a: Walking Wake|Walking Wake, tera:Water|100/100|[from] Flip Turn
|
|upkeep
|turn|31
|
|t:|1769365512
|move|p2a: Walking Wake|Hydro Steam|p1a: Tinkaton
|-damage|p1a: Tinkaton|22/100
|move|p1a: Tinkaton|Knock Off|p2a: Walking Wake
|-damage|p2a: Walking Wake|49/100
|-enditem|p2a: Walking Wake|Choice Specs|[from] move: Knock Off|[of] p1a: Tinkaton
|
|upkeep
|turn|32
|
|t:|1769365523
|switch|p1a: Ditto|Ditto, shiny|73/100
|-transform|p1a: Ditto|p2a: Walking Wake|[from] ability: Imposter
|move|p2a: Walking Wake|Hydro Steam|p1a: Ditto
|-resisted|p1a: Ditto
|-damage|p1a: Ditto|57/100
|
|upkeep
|turn|33
|
|t:|1769365540
|move|p1a: Ditto|Draco Meteor|p2a: Walking Wake
|-damage|p2a: Walking Wake|0 fnt
|-unboost|p1a: Ditto|spa|2
|faint|p2a: Walking Wake
|-end|p2a: Walking Wake|Protosynthesis|[silent]
|
|upkeep
|
|t:|1769365543
|switch|p2a: Alomomola|Alomomola, F|100/100
|turn|34
|inactive|Jeeeeemo has 120 seconds left.
|inactive|Jeeeeemo has 90 seconds left.
|c|☆Kairak|Ggs
|inactive|Jeeeeemo has 60 seconds left.
|inactive|Jeeeeemo has 30 seconds left.
|
|t:|1769365667
|move|p1a: Ditto|Flip Turn|p2a: Alomomola
|-resisted|p2a: Alomomola
|-damage|p2a: Alomomola|95/100
|
|t:|1769365669
|-end|p1a: Ditto|Protosynthesis|[silent]
|switch|p1a: Tinkaton|Tinkaton, F|22/100|[from] Flip Turn
|move|p2a: Alomomola|Mirror Coat||[still]
|-fail|p2a: Alomomola
|
|upkeep
|turn|35
|
|t:|1769365678
|move|p1a: Tinkaton|Play Rough|p2a: Alomomola
|-damage|p2a: Alomomola|72/100
|move|p2a: Alomomola|Flip Turn|p1a: Tinkaton
|-damage|p1a: Tinkaton|0 fnt
|faint|p1a: Tinkaton
|
|t:|1769365681
|switch|p2a: Raging Bolt|Raging Bolt|100/100|[from] Flip Turn
|
|upkeep
|
|t:|1769365683
|switch|p1a: Ditto|Ditto, shiny|57/100
|-transform|p1a: Ditto|p2a: Raging Bolt|[from] ability: Imposter
|turn|36
|-activate|p1a: Ditto|item: Quick Claw
|
|t:|1769365687
|move|p1a: Ditto|Calm Mind|p1a: Ditto
|-boost|p1a: Ditto|spa|1
|-boost|p1a: Ditto|spd|1
|move|p2a: Raging Bolt|Calm Mind|p2a: Raging Bolt
|-boost|p2a: Raging Bolt|spa|1
|-boost|p2a: Raging Bolt|spd|1
|
|upkeep
|turn|37
|
|t:|1769365690
|move|p2a: Raging Bolt|Calm Mind|p2a: Raging Bolt
|-boost|p2a: Raging Bolt|spa|1
|-boost|p2a: Raging Bolt|spd|1
|move|p1a: Ditto|Calm Mind|p1a: Ditto
|-boost|p1a: Ditto|spa|1
|-boost|p1a: Ditto|spd|1
|
|upkeep
|turn|38
|
|t:|1769365696
|move|p2a: Raging Bolt|Calm Mind|p2a: Raging Bolt
|-boost|p2a: Raging Bolt|spa|1
|-boost|p2a: Raging Bolt|spd|1
|move|p1a: Ditto|Calm Mind|p1a: Ditto
|-boost|p1a: Ditto|spa|1
|-boost|p1a: Ditto|spd|1
|
|upkeep
|turn|39
|
|t:|1769365701
|move|p2a: Raging Bolt|Calm Mind|p2a: Raging Bolt
|-boost|p2a: Raging Bolt|spa|1
|-boost|p2a: Raging Bolt|spd|1
|move|p1a: Ditto|Calm Mind|p1a: Ditto
|-boost|p1a: Ditto|spa|1
|-boost|p1a: Ditto|spd|1
|
|upkeep
|turn|40
|
|t:|1769365704
|move|p2a: Raging Bolt|Calm Mind|p2a: Raging Bolt
|-boost|p2a: Raging Bolt|spa|1
|-boost|p2a: Raging Bolt|spd|1
|move|p1a: Ditto|Calm Mind|p1a: Ditto
|-boost|p1a: Ditto|spa|1
|-boost|p1a: Ditto|spd|1
|
|upkeep
|turn|41
|
|t:|1769365709
|move|p1a: Ditto|Weather Ball|p2a: Raging Bolt
|-damage|p2a: Raging Bolt|80/100
|move|p2a: Raging Bolt|Weather Ball|p1a: Ditto
|-crit|p1a: Ditto
|-damage|p1a: Ditto|0 fnt
|faint|p1a: Ditto
|-end|p1a: Ditto|Protosynthesis|[silent]
|
|win|Kairak
|raw|Jeeeeemo's rating: 1552 &rarr; <strong>1531</strong><br />(-21 for losing)
|raw|Kairak's rating: 1527 &rarr; <strong>1548</strong><br />(+21 for winning)
|l|☆Jeeeeemo
|player|p1|
|l|☆Kairak
|player|p2|
