|j|☆Lilodious
|j|‽nakgy
|t:|1769406276
|gametype|singles
|player|p1|Lilodious|ingo|1207
|player|p2|nakgy|169|1174
|gen|9
|tier|[Gen 9] OU
|rated|
|rule|HP Percentage Mod: HP is shown in percentages
|rule|Endless Battle Clause: Forcing endless battles is banned
|rule|Species Clause: Limit one of each Pokémon
|rule|OHKO Clause: OHKO moves are banned
|rule|Evasion Items Clause: Evasion items are banned
|rule|Evasion Moves Clause: Evasion moves are banned
|rule|Evasion Abilities Clause: Evasion abilities are banned
|rule|Sleep Moves Clause: Sleep-inducing moves are banned
|clearpoke
|poke|p1|Kyurem|
|poke|p1|Ceruledge, M|
|poke|p1|Ting-Lu|
|poke|p1|Dragapult, F|
|poke|p1|Gliscor, M|
|poke|p1|Great Tusk|
|poke|p2|Ogerpon-Wellspring, F|
|poke|p2|Heatran, F|
|poke|p2|Mandibuzz, F|
|poke|p2|Wyrdeer, F|
|poke|p2|Gliscor, F|
|poke|p2|Mimikyu, M|
|teampreview
|inactive|Battle timer is ON: inactive players will automatically lose when time's up. (requested by nakgy)
|
|t:|1769406300
|teamsize|p1|6
|teamsize|p2|6
|start
|switch|p1a: Mitty|Great Tusk|100/100
|switch|p2a: Wyrdeer|Wyrdeer, F|100/100
|turn|1
|
|t:|1769406308
|move|p2a: Wyrdeer|Trick|p1a: Mitty
|-activate|p2a: Wyrdeer|move: Trick|[of] p1a: Mitty
|-item|p1a: Mitty|Choice Scarf|[from] move: Trick
|-item|p2a: Wyrdeer|Heavy-Duty Boots|[from] move: Trick
|move|p1a: Mitty|Stealth Rock|p2a: Wyrdeer
|-sidestart|p2: nakgy|move: Stealth Rock
|
|upkeep
|turn|2
|
|t:|1769406318
|-end|p1a: Mitty|Protosynthesis|[silent]
|switch|p1a: Nopero|Ting-Lu|100/100
|-ability|p1a: Nopero|Vessel of Ruin
|move|p2a: Wyrdeer|Psyshield Bash|p1a: Nopero
|-immune|p1a: Nopero
|
|upkeep
|turn|3
|
|t:|1769406341
|move|p2a: Wyrdeer|Trailblaze|p1a: Nopero
|-supereffective|p1a: Nopero
|-damage|p1a: Nopero|85/100
|-boost|p2a: Wyrdeer|spe|1
|move|p1a: Nopero|Earthquake|p2a: Wyrdeer
|-damage|p2a: Wyrdeer|55/100
|
|-heal|p1a: Nopero|91/100|[from] item: Leftovers
|upkeep
|turn|4
|
|t:|1769406359
|switch|p2a: Mandibuzz|Mandibuzz, F|100/100
|-damage|p2a: Mandibuzz|76/100|[from] Stealth Rock
|move|p1a: Nopero|Earthquake|p2a: Mandibuzz
|-immune|p2a: Mandibuzz
|
|-heal|p1a: Nopero|97/100|[from] item: Leftovers
|upkeep
|turn|5
|inactive|Lilodious has 120 seconds left.
|
|t:|1769406404
|move|p2a: Mandibuzz|Defog|p1a: Nopero
|-unboost|p1a: Nopero|evasion|1
|-sideend|p2: nakgy|Stealth Rock|[from] move: Defog|[of] p2a: Mandibuzz
|move|p1a: Nopero|Ruination|p2a: Mandibuzz
|-damage|p2a: Mandibuzz|38/100
|
|-heal|p1a: Nopero|100/100|[from] item: Leftovers
|upkeep
|turn|6
|
|t:|1769406418
|switch|p1a: Prushka|Kyurem|100/100
|-ability|p1a: Prushka|Pressure
|move|p2a: Mandibuzz|Toxic|p1a: Prushka
|-status|p1a: Prushka|tox
|
|-damage|p1a: Prushka|94/100 tox|[from] psn
|upkeep
|turn|7
|
|t:|1769406432
|move|p1a: Prushka|Freeze-Dry|p2a: Mandibuzz
|-supereffective|p2a: Mandibuzz
|-damage|p2a: Mandibuzz|0 fnt
|faint|p2a: Mandibuzz
|
|-damage|p1a: Prushka|82/100 tox|[from] psn
|upkeep
|
|t:|1769406451
|switch|p2a: Wyrdeer|Wyrdeer, F|55/100
|turn|8
|
|t:|1769406468
|switch|p1a: Nopero|Ting-Lu|100/100
|-ability|p1a: Nopero|Vessel of Ruin
|move|p2a: Wyrdeer|Psyshield Bash|p1a: Nopero
|-immune|p1a: Nopero
|
|upkeep
|turn|9
|
|t:|1769406477
|switch|p2a: Gliscor|Gliscor, F|100/100
|move|p1a: Nopero|Ruination|p2a: Gliscor
|-damage|p2a: Gliscor|50/100
|
|-status|p2a: Gliscor|tox|[from] item: Toxic Orb
|upkeep
|turn|10
|
|t:|1769406496
|switch|p1a: Recima|Dragapult, F|100/100
|move|p2a: Gliscor|Toxic|p1a: Recima
|-status|p1a: Recima|tox
|
|-damage|p1a: Recima|95/100 tox|[from] psn
|-heal|p2a: Gliscor|63/100 tox|[from] ability: Poison Heal
|upkeep
|turn|11
|
|t:|1769406508
|switch|p2a: Mimikyu|Mimikyu, M|100/100
|move|p1a: Recima|Hex|p2a: Mimikyu
|-activate|p2a: Mimikyu|ability: Disguise
|-damage|p2a: Mimikyu|100/100
|detailschange|p2a: Mimikyu|Mimikyu-Busted, M
|-damage|p2a: Mimikyu|88/100|[from] pokemon: Mimikyu-Busted
|
|-damage|p1a: Recima|83/100 tox|[from] psn
|upkeep
|turn|12
|
|t:|1769406522
|switch|p2a: Wyrdeer|Wyrdeer, F|55/100
|move|p1a: Recima|U-turn|p2a: Wyrdeer
|-supereffective|p2a: Wyrdeer
|-damage|p2a: Wyrdeer|5/100
|
|t:|1769406531
|switch|p1a: Takira|Gliscor, M|100/100|[from] U-turn
|
|-status|p1a: Takira|tox|[from] item: Toxic Orb
|upkeep
|turn|13
|
|t:|1769406545
|move|p1a: Takira|Swords Dance|p1a: Takira
|-boost|p1a: Takira|atk|2
|move|p2a: Wyrdeer|Facade|p1a: Takira
|-damage|p1a: Takira|76/100 tox
|
|-heal|p1a: Takira|89/100 tox|[from] ability: Poison Heal
|upkeep
|turn|14
|
|t:|1769406554
|switch|p2a: Gliscor|Gliscor, F|63/100 tox
|move|p1a: Takira|Swords Dance|p1a: Takira
|-boost|p1a: Takira|atk|2
|
|-heal|p2a: Gliscor|75/100 tox|[from] ability: Poison Heal
|-heal|p1a: Takira|100/100 tox|[from] ability: Poison Heal
|upkeep
|turn|15
|inactive|Lilodious has 120 seconds left.
|
|t:|1769406569
|move|p2a: Gliscor|Substitute|p2a: Gliscor
|-start|p2a: Gliscor|Substitute
|-damage|p2a: Gliscor|50/100 tox
|move|p1a: Takira|Facade|p2a: Gliscor
|-end|p2a: Gliscor|Substitute
|
|-heal|p2a: Gliscor|63/100 tox|[from] ability: Poison Heal
|upkeep
|turn|16
|
|t:|1769406580
|switch|p2a: Mimikyu|Mimikyu-Busted, M|88/100
|move|p1a: Takira|Facade|p2a: Mimikyu
|-immune|p2a: Mimikyu
|
|upkeep
|turn|17
|inactive|Lilodious has 120 seconds left.
|
|t:|1769406589
|switch|p2a: Gliscor|Gliscor, F|63/100 tox
|move|p1a: Takira|Knock Off|p2a: Gliscor
|-damage|p2a: Gliscor|26/100 tox
|-enditem|p2a: Gliscor|Toxic Orb|[from] move: Knock Off|[of] p1a: Takira
|
|-heal|p2a: Gliscor|38/100 tox|[from] ability: Poison Heal
|upkeep
|turn|18
|
|t:|1769406599
|move|p2a: Gliscor|Protect|p2a: Gliscor
|-singleturn|p2a: Gliscor|Protect
|move|p1a: Takira|Knock Off|p2a: Gliscor
|-activate|p2a: Gliscor|move: Protect
|
|-heal|p2a: Gliscor|50/100 tox|[from] ability: Poison Heal
|upkeep
|turn|19
|
|t:|1769406608
|switch|p2a: Wyrdeer|Wyrdeer, F|5/100
|move|p1a: Takira|Knock Off|p2a: Wyrdeer
|-supereffective|p2a: Wyrdeer
|-damage|p2a: Wyrdeer|0 fnt
|-enditem|p2a: Wyrdeer|Heavy-Duty Boots|[from] move: Knock Off|[of] p1a: Takira
|faint|p2a: Wyrdeer
|
|upkeep
|
|t:|1769406617
|switch|p2a: Ogerpon|Ogerpon-Wellspring, F|100/100
|turn|20
|
|t:|1769406621
|-terastallize|p2a: Ogerpon|Water
|detailschange|p2a: Ogerpon|Ogerpon-Wellspring-Tera, F, tera:Water
|-ability|p2a: Ogerpon|Embody Aspect (Wellspring)|boost
|-boost|p2a: Ogerpon|spd|1
|-terastallize|p1a: Takira|Normal
|move|p2a: Ogerpon|Ivy Cudgel|p1a: Takira|[anim] Ivy Cudgel Water
|-damage|p1a: Takira|36/100 tox
|move|p1a: Takira|Facade|p2a: Ogerpon
|-damage|p2a: Ogerpon|0 fnt
|faint|p2a: Ogerpon
|detailschange|p2: Ogerpon|Ogerpon-Wellspring, F|[silent]
|
|-heal|p1a: Takira|49/100 tox|[from] ability: Poison Heal
|upkeep
|
|t:|1769406637
|switch|p2a: Gliscor|Gliscor, F|50/100 tox
|turn|21
|
|t:|1769406644
|move|p2a: Gliscor|Protect|p2a: Gliscor
|-singleturn|p2a: Gliscor|Protect
|move|p1a: Takira|Swords Dance|p1a: Takira
|-boost|p1a: Takira|atk|2
|
|-heal|p2a: Gliscor|63/100 tox|[from] ability: Poison Heal
|-heal|p1a: Takira|61/100 tox|[from] ability: Poison Heal
|upkeep
|turn|22
|c|☆Lilodious|ogerpon dog
|
|t:|1769406652
|move|p2a: Gliscor|Earthquake|p1a: Takira
|-damage|p1a: Takira|35/100 tox
|move|p1a: Takira|Knock Off|p2a: Gliscor
|-damage|p2a: Gliscor|29/100 tox
|
|-heal|p2a: Gliscor|42/100 tox|[from] ability: Poison Heal
|-heal|p1a: Takira|47/100 tox|[from] ability: Poison Heal
|upkeep
|turn|23
|
|t:|1769406659
|move|p1a: Takira|Protect|p1a: Takira
|-singleturn|p1a: Takira|Protect
|move|p2a: Gliscor|Earthquake|p1a: Takira
|-activate|p1a: Takira|move: Protect
|
|-heal|p2a: Gliscor|54/100 tox|[from] ability: Poison Heal
|-heal|p1a: Takira|60/100 tox|[from] ability: Poison Heal
|upkeep
|turn|24
|
|t:|1769406667
|move|p2a: Gliscor|Protect|p2a: Gliscor
|-singleturn|p2a: Gliscor|Protect
|move|p1a: Takira|Facade|p2a: Gliscor
|-activate|p2a: Gliscor|move: Protect
|
|-heal|p2a: Gliscor|67/100 tox|[from] ability: Poison Heal
|-heal|p1a: Takira|72/100 tox|[from] ability: Poison Heal
|upkeep
|turn|25
|
|t:|1769406677
|move|p2a: Gliscor|Earthquake|p1a: Takira
|-damage|p1a: Takira|46/100 tox
|move|p1a: Takira|Facade|p2a: Gliscor
|-damage|p2a: Gliscor|0 fnt
|faint|p2a: Gliscor
|
|-heal|p1a: Takira|58/100 tox|[from] ability: Poison Heal
|upkeep
|
|t:|1769406683
|switch|p2a: Heatran|Heatran, F|100/100
|-item|p2a: Heatran|Air Balloon
|turn|26
|
|t:|1769406688
|move|p1a: Takira|Protect|p1a: Takira
|-singleturn|p1a: Takira|Protect
|move|p2a: Heatran|Magma Storm|p1a: Takira
|-activate|p1a: Takira|move: Protect
|
|-heal|p1a: Takira|71/100 tox|[from] ability: Poison Heal
|upkeep
|turn|27
|
|t:|1769406699
|move|p1a: Takira|Facade|p2a: Heatran
|-resisted|p2a: Heatran
|-damage|p2a: Heatran|30/100
|-enditem|p2a: Heatran|Air Balloon
|move|p2a: Heatran|Magma Storm|p1a: Takira|[miss]
|-miss|p2a: Heatran|p1a: Takira
|
|-heal|p1a: Takira|83/100 tox|[from] ability: Poison Heal
|upkeep
|turn|28
|-message|nakgy forfeited.
|
|win|Lilodious
|raw|Lilodious's rating: 1207 &rarr; <strong>1230</strong><br />(+23 for winning)
|raw|nakgy's rating: 1174 &rarr; <strong>1151</strong><br />(-23 for losing)
|l|‽nakgy
|player|p2|
