|j|☆Foogest
|j|☆xiaokayiha
|t:|1769296723
|gametype|singles
|player|p1|Foogest|266|1123
|player|p2|xiaokayiha|hilda-wonderlauncher|1057
|gen|9
|tier|[Gen 9] OU
|rated|
|rule|HP Percentage Mod: HP is shown in percentages
|rule|Endless Battle Clause: Forcing endless battles is banned
|rule|Species Clause: Limit one of each Pokémon
|rule|OHKO Clause: OHKO moves are banned
|rule|Evasion Items Clause: Evasion items are banned
|rule|Evasion Moves Clause: Evasion moves are banned
|rule|Evasion Abilities Clause: Evasion abilities are banned
|rule|Sleep Moves Clause: Sleep-inducing moves are banned
|clearpoke
|poke|p1|Dragonite, M|
|poke|p1|Samurott-Hisui, F|
|poke|p1|Clefable, F|
|poke|p1|Gliscor, F|
|poke|p1|Gholdengo|
|poke|p1|Zamazenta-*|
|poke|p2|Gliscor, M|
|poke|p2|Ogerpon-Wellspring, F|
|poke|p2|Whimsicott, F|
|poke|p2|Tropius, M|
|poke|p2|Torkoal, F|
|poke|p2|Cinderace, F|
|teampreview
|
|t:|1769296729
|teamsize|p1|6
|teamsize|p2|6
|start
|switch|p1a: Samurott|Samurott-Hisui, F|100/100
|switch|p2a: Whimsicott|Whimsicott, F|100/100
|turn|1
|
|t:|1769296746
|switch|p2a: Gliscor|Gliscor, M|100/100
|switch|p1a: Gholdengo|Gholdengo|100/100
|
|-status|p2a: Gliscor|tox|[from] item: Toxic Orb
|upkeep
|turn|2
|
|t:|1769296762
|switch|p1a: Dragonite|Dragonite, M|100/100
|move|p2a: Gliscor|Earthquake|p1a: Dragonite
|-immune|p1a: Dragonite
|
|upkeep
|turn|3
|
|t:|1769296769
|move|p1a: Dragonite|Dragon Dance|p1a: Dragonite
|-boost|p1a: Dragonite|atk|1
|-boost|p1a: Dragonite|spe|1
|move|p2a: Gliscor|Toxic|p1a: Dragonite
|-status|p1a: Dragonite|tox
|
|-damage|p1a: Dragonite|94/100 tox|[from] psn
|upkeep
|turn|4
|
|t:|1769296782
|switch|p1a: Samurott|Samurott-Hisui, F|100/100
|switch|p2a: Whimsicott|Whimsicott, F|100/100
|
|upkeep
|turn|5
|
|t:|1769296818
|switch|p2a: Tropius|Tropius, M|100/100
|move|p1a: Samurott|Ceaseless Edge|p2a: Tropius
|-damage|p2a: Tropius|56/100
|-sidestart|p2: xiaokayiha|Spikes
|
|upkeep
|turn|6
|
|t:|1769296829
|move|p2a: Tropius|Protect|p2a: Tropius
|-singleturn|p2a: Tropius|Protect
|move|p1a: Samurott|Knock Off|p2a: Tropius
|-activate|p2a: Tropius|move: Protect
|
|upkeep
|turn|7
|
|t:|1769296835
|move|p1a: Samurott|Ceaseless Edge|p2a: Tropius
|-damage|p2a: Tropius|14/100
|-sidestart|p2: xiaokayiha|Spikes
|-enditem|p2a: Tropius|Sitrus Berry|[eat]
|-heal|p2a: Tropius|39/100|[from] item: Sitrus Berry
|move|p2a: Tropius|Leech Seed|p1a: Samurott
|-start|p1a: Samurott|move: Leech Seed
|
|-damage|p1a: Samurott|88/100|[from] Leech Seed|[of] p2a: Tropius
|-heal|p2a: Tropius|51/100|[silent]
|upkeep
|turn|8
|
|t:|1769296847
|switch|p1a: Gliscor|Gliscor, F|100/100
|move|p2a: Tropius|Protect||[still]
|-fail|p2a: Tropius
|
|-status|p1a: Gliscor|tox|[from] item: Toxic Orb
|-item|p2a: Tropius|Sitrus Berry|[from] ability: Harvest
|upkeep
|turn|9
|
|t:|1769296858
|switch|p2a: Torkoal|Torkoal, F|100/100
|-damage|p2a: Torkoal|84/100|[from] Spikes
|-weather|SunnyDay|[from] ability: Drought|[of] p2a: Torkoal
|move|p1a: Gliscor|Swords Dance|p1a: Gliscor
|-boost|p1a: Gliscor|atk|2
|
|-weather|SunnyDay|[upkeep]
|upkeep
|turn|10
|
|t:|1769296875
|move|p1a: Gliscor|Knock Off|p2a: Torkoal
|-crit|p2a: Torkoal
|-damage|p2a: Torkoal|34/100
|-enditem|p2a: Torkoal|Heat Rock|[from] move: Knock Off|[of] p1a: Gliscor
|move|p2a: Torkoal|Eruption|p1a: Gliscor
|-damage|p1a: Gliscor|69/100 tox
|
|-weather|SunnyDay|[upkeep]
|-heal|p1a: Gliscor|81/100 tox|[from] ability: Poison Heal
|upkeep
|turn|11
|
|t:|1769296886
|move|p1a: Gliscor|Knock Off|p2a: Torkoal
|-damage|p2a: Torkoal|13/100
|move|p2a: Torkoal|Rapid Spin|p1a: Gliscor
|-damage|p1a: Gliscor|74/100 tox
|-boost|p2a: Torkoal|spe|1
|-sideend|p2: xiaokayiha|Spikes|[from] move: Rapid Spin|[of] p2a: Torkoal
|
|-weather|SunnyDay|[upkeep]
|-heal|p1a: Gliscor|86/100 tox|[from] ability: Poison Heal
|upkeep
|turn|12
|
|t:|1769296906
|switch|p2a: Gliscor|Gliscor, M|100/100 tox
|move|p1a: Gliscor|Facade|p2a: Gliscor
|-damage|p2a: Gliscor|59/100 tox
|
|-weather|SunnyDay|[upkeep]
|-heal|p1a: Gliscor|99/100 tox|[from] ability: Poison Heal
|-heal|p2a: Gliscor|72/100 tox|[from] ability: Poison Heal
|upkeep
|turn|13
|
|t:|1769296919
|switch|p2a: Cinderace|Cinderace, F|100/100
|move|p1a: Gliscor|Facade|p2a: Cinderace
|-damage|p2a: Cinderace|13/100
|
|-weather|SunnyDay|[upkeep]
|-heal|p1a: Gliscor|100/100 tox|[from] ability: Poison Heal
|upkeep
|turn|14
|
|t:|1769296929
|move|p2a: Cinderace|Pyro Ball|p1a: Gliscor
|-damage|p1a: Gliscor|3/100 tox
|-damage|p2a: Cinderace|3/100|[from] item: Life Orb
|move|p1a: Gliscor|Facade|p2a: Cinderace
|-crit|p2a: Cinderace
|-damage|p2a: Cinderace|0 fnt
|faint|p2a: Cinderace
|
|-weather|SunnyDay|[upkeep]
|-heal|p1a: Gliscor|15/100 tox|[from] ability: Poison Heal
|upkeep
|
|t:|1769296946
|switch|p2a: Tropius|Tropius, M|51/100
|turn|15
|
|t:|1769296952
|move|p1a: Gliscor|Facade|p2a: Tropius
|-damage|p2a: Tropius|0 fnt
|faint|p2a: Tropius
|
|-weather|SunnyDay|[upkeep]
|-heal|p1a: Gliscor|28/100 tox|[from] ability: Poison Heal
|upkeep
|
|t:|1769296958
|switch|p2a: Whimsicott|Whimsicott, F|100/100
|turn|16
|
|t:|1769296965
|move|p1a: Gliscor|Protect|p1a: Gliscor
|-singleturn|p1a: Gliscor|Protect
|move|p2a: Whimsicott|Moonblast|p1a: Gliscor
|-activate|p1a: Gliscor|move: Protect
|
|-weather|none
|-heal|p1a: Gliscor|40/100 tox|[from] ability: Poison Heal
|upkeep
|turn|17
|
|t:|1769296978
|switch|p1a: Gholdengo|Gholdengo|100/100
|move|p2a: Whimsicott|Moonblast|p1a: Gholdengo
|-resisted|p1a: Gholdengo
|-damage|p1a: Gholdengo|80/100
|
|upkeep
|turn|18
|
|t:|1769296989
|switch|p2a: Ogerpon|Ogerpon-Wellspring, F|100/100
|move|p1a: Gholdengo|Make It Rain|p2a: Ogerpon
|-resisted|p2a: Ogerpon
|-damage|p2a: Ogerpon|67/100
|-unboost|p1a: Gholdengo|spa|1
|
|upkeep
|turn|19
|
|t:|1769297004
|switch|p1a: Samurott|Samurott-Hisui, F|88/100
|move|p2a: Ogerpon|Stomping Tantrum|p1a: Samurott
|-damage|p1a: Samurott|59/100
|
|upkeep
|turn|20
|
|t:|1769297014
|move|p2a: Ogerpon|Wood Hammer|p1a: Samurott
|-supereffective|p1a: Samurott
|-damage|p1a: Samurott|0 fnt
|faint|p1a: Samurott
|-damage|p2a: Ogerpon|42/100|[from] Recoil
|
|upkeep
|
|t:|1769297022
|switch|p1a: Zamazenta|Zamazenta|100/100
|-ability|p1a: Zamazenta|Dauntless Shield|boost
|-boost|p1a: Zamazenta|def|1
|turn|21
|
|t:|1769297028
|switch|p2a: Whimsicott|Whimsicott, F|100/100
|move|p1a: Zamazenta|Iron Defense|p1a: Zamazenta
|-boost|p1a: Zamazenta|def|2
|
|upkeep
|turn|22
|
|t:|1769297041
|move|p2a: Whimsicott|Substitute|p2a: Whimsicott
|-start|p2a: Whimsicott|Substitute
|-damage|p2a: Whimsicott|75/100
|move|p1a: Zamazenta|Roar|p2a: Whimsicott
|drag|p2a: Torkoal|Torkoal, F|13/100
|-weather|SunnyDay|[from] ability: Drought|[of] p2a: Torkoal
|
|-weather|SunnyDay|[upkeep]
|upkeep
|turn|23
|
|t:|1769297057
|switch|p2a: Gliscor|Gliscor, M|72/100 tox
|move|p1a: Zamazenta|Body Press|p2a: Gliscor
|-resisted|p2a: Gliscor
|-damage|p2a: Gliscor|42/100 tox
|
|-weather|SunnyDay|[upkeep]
|-heal|p2a: Gliscor|54/100 tox|[from] ability: Poison Heal
|upkeep
|turn|24
|
|t:|1769297068
|move|p2a: Gliscor|Protect|p2a: Gliscor
|-singleturn|p2a: Gliscor|Protect
|move|p1a: Zamazenta|Iron Defense|p1a: Zamazenta
|-boost|p1a: Zamazenta|def|2
|
|-weather|SunnyDay|[upkeep]
|-heal|p2a: Gliscor|67/100 tox|[from] ability: Poison Heal
|upkeep
|turn|25
|
|t:|1769297076
|move|p1a: Zamazenta|Body Press|p2a: Gliscor
|-resisted|p2a: Gliscor
|-damage|p2a: Gliscor|28/100 tox
|move|p2a: Gliscor|Toxic|p1a: Zamazenta
|-status|p1a: Zamazenta|tox
|
|-weather|SunnyDay|[upkeep]
|-damage|p1a: Zamazenta|94/100 tox|[from] psn
|-heal|p2a: Gliscor|41/100 tox|[from] ability: Poison Heal
|upkeep
|turn|26
|
|t:|1769297094
|switch|p1a: Dragonite|Dragonite, M|94/100 tox
|move|p2a: Gliscor|Protect||[still]
|-fail|p2a: Gliscor
|
|-weather|none
|-damage|p1a: Dragonite|88/100 tox|[from] psn
|-heal|p2a: Gliscor|53/100 tox|[from] ability: Poison Heal
|upkeep
|turn|27
|
|t:|1769297113
|move|p1a: Dragonite|Dragon Dance|p1a: Dragonite
|-boost|p1a: Dragonite|atk|1
|-boost|p1a: Dragonite|spe|1
|move|p2a: Gliscor|Substitute|p2a: Gliscor
|-start|p2a: Gliscor|Substitute
|-damage|p2a: Gliscor|28/100 tox
|
|-damage|p1a: Dragonite|76/100 tox|[from] psn
|-heal|p2a: Gliscor|41/100 tox|[from] ability: Poison Heal
|upkeep
|turn|28
|
|t:|1769297152
|switch|p1a: Clefable|Clefable, F|100/100
|move|p2a: Gliscor|Protect||[still]
|-fail|p2a: Gliscor
|
|-heal|p2a: Gliscor|53/100 tox|[from] ability: Poison Heal
|upkeep
|turn|29
|
|t:|1769297162
|move|p2a: Gliscor|Toxic|p1a: Clefable
|-status|p1a: Clefable|tox
|move|p1a: Clefable|Moonblast|p2a: Gliscor
|-end|p2a: Gliscor|Substitute
|
|-heal|p2a: Gliscor|66/100 tox|[from] ability: Poison Heal
|upkeep
|turn|30
|
|t:|1769297174
|move|p2a: Gliscor|Protect|p2a: Gliscor
|-singleturn|p2a: Gliscor|Protect
|move|p1a: Clefable|Moonblast|p2a: Gliscor
|-activate|p2a: Gliscor|move: Protect
|
|-heal|p2a: Gliscor|78/100 tox|[from] ability: Poison Heal
|upkeep
|turn|31
|
|t:|1769297179
|move|p2a: Gliscor|Substitute|p2a: Gliscor
|-start|p2a: Gliscor|Substitute
|-damage|p2a: Gliscor|53/100 tox
|move|p1a: Clefable|Moonblast|p2a: Gliscor
|-end|p2a: Gliscor|Substitute
|
|-heal|p2a: Gliscor|66/100 tox|[from] ability: Poison Heal
|upkeep
|turn|32
|
|t:|1769297187
|move|p2a: Gliscor|Substitute|p2a: Gliscor
|-start|p2a: Gliscor|Substitute
|-damage|p2a: Gliscor|41/100 tox
|move|p1a: Clefable|Moonblast|p2a: Gliscor
|-end|p2a: Gliscor|Substitute
|
|-heal|p2a: Gliscor|53/100 tox|[from] ability: Poison Heal
|upkeep
|turn|33
|
|t:|1769297197
|move|p2a: Gliscor|Protect|p2a: Gliscor
|-singleturn|p2a: Gliscor|Protect
|move|p1a: Clefable|Moonblast|p2a: Gliscor
|-activate|p2a: Gliscor|move: Protect
|
|-heal|p2a: Gliscor|66/100 tox|[from] ability: Poison Heal
|upkeep
|turn|34
|
|t:|1769297238
|move|p2a: Gliscor|Substitute|p2a: Gliscor
|-start|p2a: Gliscor|Substitute
|-damage|p2a: Gliscor|41/100 tox
|move|p1a: Clefable|Moonblast|p2a: Gliscor
|-end|p2a: Gliscor|Substitute
|
|-heal|p2a: Gliscor|53/100 tox|[from] ability: Poison Heal
|upkeep
|turn|35
|inactive|Battle timer is ON: inactive players will automatically lose when time's up. (requested by Foogest)
|
|t:|1769297247
|move|p2a: Gliscor|Protect|p2a: Gliscor
|-singleturn|p2a: Gliscor|Protect
|move|p1a: Clefable|Moonblast|p2a: Gliscor
|-activate|p2a: Gliscor|move: Protect
|
|-heal|p2a: Gliscor|66/100 tox|[from] ability: Poison Heal
|upkeep
|turn|36
|
|t:|1769297255
|move|p2a: Gliscor|Earthquake|p1a: Clefable
|-damage|p1a: Clefable|75/100 tox
|move|p1a: Clefable|Moonblast|p2a: Gliscor
|-damage|p2a: Gliscor|30/100 tox
|
|-heal|p2a: Gliscor|42/100 tox|[from] ability: Poison Heal
|upkeep
|turn|37
|
|t:|1769297264
|move|p2a: Gliscor|Protect|p2a: Gliscor
|-singleturn|p2a: Gliscor|Protect
|move|p1a: Clefable|Moonblast|p2a: Gliscor
|-activate|p2a: Gliscor|move: Protect
|
|-heal|p2a: Gliscor|55/100 tox|[from] ability: Poison Heal
|upkeep
|turn|38
|
|t:|1769297272
|move|p2a: Gliscor|Earthquake|p1a: Clefable
|-damage|p1a: Clefable|48/100 tox
|move|p1a: Clefable|Moonblast|p2a: Gliscor
|-damage|p2a: Gliscor|15/100 tox
|
|-heal|p2a: Gliscor|28/100 tox|[from] ability: Poison Heal
|upkeep
|turn|39
|
|t:|1769297281
|move|p2a: Gliscor|Protect|p2a: Gliscor
|-singleturn|p2a: Gliscor|Protect
|move|p1a: Clefable|Stealth Rock|p2a: Gliscor
|-sidestart|p2: xiaokayiha|move: Stealth Rock
|
|-heal|p2a: Gliscor|40/100 tox|[from] ability: Poison Heal
|upkeep
|turn|40
|
|t:|1769297288
|move|p2a: Gliscor|Earthquake|p1a: Clefable
|-damage|p1a: Clefable|22/100 tox
|move|p1a: Clefable|Moonblast|p2a: Gliscor
|-damage|p2a: Gliscor|6/100 tox
|-unboost|p2a: Gliscor|spa|1
|
|-heal|p2a: Gliscor|18/100 tox|[from] ability: Poison Heal
|upkeep
|turn|41
|
|t:|1769297300
|move|p2a: Gliscor|Protect|p2a: Gliscor
|-singleturn|p2a: Gliscor|Protect
|move|p1a: Clefable|Moonlight|p1a: Clefable
|-heal|p1a: Clefable|72/100 tox
|
|-heal|p2a: Gliscor|30/100 tox|[from] ability: Poison Heal
|upkeep
|turn|42
|
|t:|1769297314
|move|p2a: Gliscor|Earthquake|p1a: Clefable
|-damage|p1a: Clefable|48/100 tox
|move|p1a: Clefable|Moonblast|p2a: Gliscor
|-damage|p2a: Gliscor|0 fnt
|faint|p2a: Gliscor
|
|upkeep
|
|t:|1769297321
|switch|p2a: Ogerpon|Ogerpon-Wellspring, F|42/100
|-damage|p2a: Ogerpon|30/100|[from] Stealth Rock
|turn|43
|
|t:|1769297327
|move|p2a: Ogerpon|Ivy Cudgel|p1a: Clefable|[anim] Ivy Cudgel Water
|-damage|p1a: Clefable|6/100 tox
|move|p1a: Clefable|Knock Off|p2a: Ogerpon
|-damage|p2a: Ogerpon|17/100
|
|upkeep
|turn|44
|
|t:|1769297338
|switch|p1a: Gholdengo|Gholdengo|80/100
|move|p2a: Ogerpon|Trailblaze|p1a: Gholdengo
|-resisted|p1a: Gholdengo
|-damage|p1a: Gholdengo|64/100
|-boost|p2a: Ogerpon|spe|1
|
|upkeep
|turn|45
|
|t:|1769297347
|move|p2a: Ogerpon|Wood Hammer|p1a: Gholdengo
|-resisted|p1a: Gholdengo
|-damage|p1a: Gholdengo|22/100
|-damage|p2a: Ogerpon|2/100|[from] Recoil
|move|p1a: Gholdengo|Shadow Ball|p2a: Ogerpon
|-damage|p2a: Ogerpon|0 fnt
|faint|p2a: Ogerpon
|
|upkeep
|
|t:|1769297352
|switch|p2a: Torkoal|Torkoal, F|13/100
|-damage|p2a: Torkoal|0 fnt|[from] Stealth Rock
|faint|p2a: Torkoal
|
|t:|1769297354
|switch|p2a: Whimsicott|Whimsicott, F|75/100
|-damage|p2a: Whimsicott|63/100|[from] Stealth Rock
|turn|46
|
|t:|1769297364
|move|p1a: Gholdengo|Shadow Ball|p2a: Whimsicott
|-damage|p2a: Whimsicott|5/100
|move|p2a: Whimsicott|Moonblast|p1a: Gholdengo
|-resisted|p1a: Gholdengo
|-damage|p1a: Gholdengo|3/100
|
|-heal|p2a: Whimsicott|11/100|[from] item: Leftovers
|upkeep
|turn|47
|-message|xiaokayiha forfeited.
|
|win|Foogest
|raw|Foogest's rating: 1123 &rarr; <strong>1143</strong><br />(+20 for winning)
|raw|xiaokayiha's rating: 1057 &rarr; <strong>1042</strong><br />(-15 for losing)
|l|☆xiaokayiha
|player|p2|
