|j|☆LmonJames
|j|☆WickedVictory
|t:|1769418382
|gametype|singles
|player|p1|LmonJames|2|1119
|player|p2|WickedVictory|giovanni|1111
|gen|9
|tier|[Gen 9] OU
|rated|
|rule|HP Percentage Mod: HP is shown in percentages
|rule|Endless Battle Clause: Forcing endless battles is banned
|rule|Species Clause: Limit one of each Pokémon
|rule|OHKO Clause: OHKO moves are banned
|rule|Evasion Items Clause: Evasion items are banned
|rule|Evasion Moves Clause: Evasion moves are banned
|rule|Evasion Abilities Clause: Evasion abilities are banned
|rule|Sleep Moves Clause: Sleep-inducing moves are banned
|clearpoke
|poke|p1|Salamence, F|
|poke|p1|Gholdengo|
|poke|p1|Metagross|
|poke|p1|Weezing-Galar, F|
|poke|p1|Scizor, M|
|poke|p1|Walking Wake|
|poke|p2|Garganacl, M|
|poke|p2|Wo-Chien|
|poke|p2|Sudowoodo, L1, M|
|poke|p2|Gholdengo|
|poke|p2|Cryogonal|
|poke|p2|Araquanid, F|
|teampreview
|
|t:|1769418389
|teamsize|p1|6
|teamsize|p2|6
|start
|switch|p1a: Brudda|Walking Wake|100/100
|switch|p2a: Wo-Chien|Wo-Chien|100/100
|-ability|p2a: Wo-Chien|Tablets of Ruin
|-enditem|p1a: Brudda|Booster Energy
|-activate|p1a: Brudda|ability: Protosynthesis|[fromitem]
|-start|p1a: Brudda|protosynthesisspa
|turn|1
|
|t:|1769418399
|move|p1a: Brudda|Flamethrower|p2a: Wo-Chien
|-supereffective|p2a: Wo-Chien
|-damage|p2a: Wo-Chien|45/100
|move|p2a: Wo-Chien|Mean Look|p1a: Brudda
|-activate|p1a: Brudda|trapped
|
|-heal|p2a: Wo-Chien|51/100|[from] item: Leftovers
|upkeep
|turn|2
|
|t:|1769418406
|-terastallize|p2a: Wo-Chien|Fire
|move|p1a: Brudda|Flamethrower|p2a: Wo-Chien
|-resisted|p2a: Wo-Chien
|-damage|p2a: Wo-Chien|37/100
|move|p2a: Wo-Chien|Leech Seed|p1a: Brudda
|-start|p1a: Brudda|move: Leech Seed
|
|-heal|p2a: Wo-Chien|43/100|[from] item: Leftovers
|-damage|p1a: Brudda|88/100|[from] Leech Seed|[of] p2a: Wo-Chien
|-heal|p2a: Wo-Chien|54/100|[silent]
|upkeep
|turn|3
|
|t:|1769418416
|switch|p2a: Sudowoodo|Sudowoodo, L1, M|100/100
|move|p1a: Brudda|Scald|p2a: Sudowoodo
|-supereffective|p2a: Sudowoodo
|-ability|p2a: Sudowoodo|Sturdy
|-damage|p2a: Sudowoodo|9/100
|
|-damage|p1a: Brudda|76/100|[from] Leech Seed|[of] p2a: Sudowoodo
|-heal|p2a: Sudowoodo|100/100|[silent]
|upkeep
|turn|4
|
|t:|1769418427
|move|p1a: Brudda|Scald|p2a: Sudowoodo
|-supereffective|p2a: Sudowoodo
|-ability|p2a: Sudowoodo|Sturdy
|-damage|p2a: Sudowoodo|9/100
|-status|p2a: Sudowoodo|brn
|move|p2a: Sudowoodo|Spikes|p1a: Brudda
|-sidestart|p1: LmonJames|Spikes
|
|-damage|p1a: Brudda|63/100|[from] Leech Seed|[of] p2a: Sudowoodo
|-heal|p2a: Sudowoodo|100/100 brn|[silent]
|-damage|p2a: Sudowoodo|92/100 brn|[from] brn
|upkeep
|turn|5
|
|t:|1769418443
|move|p2a: Sudowoodo|Sucker Punch|p1a: Brudda
|-damage|p1a: Brudda|63/100
|-heal|p2a: Sudowoodo|100/100 brn|[from] item: Shell Bell|[of] p1a: Brudda
|move|p1a: Brudda|Scald|p2a: Sudowoodo
|-supereffective|p2a: Sudowoodo
|-ability|p2a: Sudowoodo|Sturdy
|-damage|p2a: Sudowoodo|9/100 brn
|
|-damage|p1a: Brudda|51/100|[from] Leech Seed|[of] p2a: Sudowoodo
|-heal|p2a: Sudowoodo|100/100 brn|[silent]
|-damage|p2a: Sudowoodo|92/100 brn|[from] brn
|upkeep
|turn|6
|
|t:|1769418454
|move|p2a: Sudowoodo|Sucker Punch|p1a: Brudda
|-damage|p1a: Brudda|50/100
|-heal|p2a: Sudowoodo|100/100 brn|[from] item: Shell Bell|[of] p1a: Brudda
|move|p1a: Brudda|Scald|p2a: Sudowoodo
|-supereffective|p2a: Sudowoodo
|-ability|p2a: Sudowoodo|Sturdy
|-damage|p2a: Sudowoodo|9/100 brn
|
|-damage|p1a: Brudda|38/100|[from] Leech Seed|[of] p2a: Sudowoodo
|-heal|p2a: Sudowoodo|100/100 brn|[silent]
|-damage|p2a: Sudowoodo|92/100 brn|[from] brn
|upkeep
|turn|7
|inactive|Battle timer is ON: inactive players will automatically lose when time's up. (requested by WickedVictory)
|
|t:|1769418476
|move|p2a: Sudowoodo|Sucker Punch|p1a: Brudda
|-damage|p1a: Brudda|38/100
|-heal|p2a: Sudowoodo|100/100 brn|[from] item: Shell Bell|[of] p1a: Brudda
|move|p1a: Brudda|Scald|p2a: Sudowoodo
|-supereffective|p2a: Sudowoodo
|-ability|p2a: Sudowoodo|Sturdy
|-damage|p2a: Sudowoodo|9/100 brn
|
|-damage|p1a: Brudda|25/100|[from] Leech Seed|[of] p2a: Sudowoodo
|-heal|p2a: Sudowoodo|100/100 brn|[silent]
|-damage|p2a: Sudowoodo|92/100 brn|[from] brn
|upkeep
|turn|8
|
|t:|1769418491
|move|p2a: Sudowoodo|Sucker Punch|p1a: Brudda
|-damage|p1a: Brudda|25/100
|-heal|p2a: Sudowoodo|100/100 brn|[from] item: Shell Bell|[of] p1a: Brudda
|move|p1a: Brudda|Scald|p2a: Sudowoodo
|-supereffective|p2a: Sudowoodo
|-ability|p2a: Sudowoodo|Sturdy
|-damage|p2a: Sudowoodo|9/100 brn
|
|-damage|p1a: Brudda|13/100|[from] Leech Seed|[of] p2a: Sudowoodo
|-heal|p2a: Sudowoodo|100/100 brn|[silent]
|-damage|p2a: Sudowoodo|92/100 brn|[from] brn
|upkeep
|turn|9
|
|t:|1769418503
|move|p2a: Sudowoodo|Sucker Punch|p1a: Brudda
|-damage|p1a: Brudda|13/100
|-heal|p2a: Sudowoodo|100/100 brn|[from] item: Shell Bell|[of] p1a: Brudda
|move|p1a: Brudda|Scald|p2a: Sudowoodo
|-supereffective|p2a: Sudowoodo
|-ability|p2a: Sudowoodo|Sturdy
|-damage|p2a: Sudowoodo|9/100 brn
|
|-damage|p1a: Brudda|0 fnt|[from] Leech Seed|[of] p2a: Sudowoodo
|-heal|p2a: Sudowoodo|100/100 brn|[silent]
|faint|p1a: Brudda
|-end|p1a: Brudda|Protosynthesis|[silent]
|-damage|p2a: Sudowoodo|92/100 brn|[from] brn
|upkeep
|inactive|LmonJames has 120 seconds left.
|
|t:|1769418523
|switch|p1a: Xylophone|Metagross, shiny|100/100
|-damage|p1a: Xylophone|88/100|[from] Spikes
|turn|10
|inactive|WickedVictory has 120 seconds left.
|
|t:|1769418556
|switch|p2a: Gholdengo|Gholdengo|100/100
|-item|p2a: Gholdengo|Air Balloon
|move|p1a: Xylophone|Bullet Punch|p2a: Gholdengo
|-resisted|p2a: Gholdengo
|-damage|p2a: Gholdengo|91/100
|-enditem|p2a: Gholdengo|Air Balloon
|
|-heal|p1a: Xylophone|94/100|[from] item: Leftovers
|upkeep
|turn|11
|inactive|WickedVictory has 120 seconds left.
|
|t:|1769418569
|switch|p1a: Hamilton|Weezing-Galar, F|100/100
|move|p2a: Gholdengo|Shadow Ball|p1a: Hamilton
|-damage|p1a: Hamilton|30/100
|-unboost|p1a: Hamilton|spd|1
|
|upkeep
|turn|12
|inactive|WickedVictory has 120 seconds left.
|
|t:|1769418580
|move|p2a: Gholdengo|Shadow Ball|p1a: Hamilton
|-damage|p1a: Hamilton|0 fnt
|faint|p1a: Hamilton
|
|upkeep
|
|t:|1769418589
|switch|p1a: Vakarian|Salamence, F|100/100
|turn|13
|
|t:|1769418594
|move|p1a: Vakarian|Earthquake|p2a: Gholdengo
|-supereffective|p2a: Gholdengo
|-damage|p2a: Gholdengo|4/100
|move|p2a: Gholdengo|Make It Rain|p1a: Vakarian
|-damage|p1a: Vakarian|18/100
|-unboost|p2a: Gholdengo|spa|1
|
|upkeep
|turn|14
|
|t:|1769418607
|switch|p2a: Cryogonal|Cryogonal|100/100
|move|p1a: Vakarian|Earthquake|p2a: Cryogonal
|-immune|p2a: Cryogonal|[from] ability: Levitate
|
|upkeep
|turn|15
|
|t:|1769418618
|switch|p1a: Xylophone|Metagross, shiny|94/100
|-damage|p1a: Xylophone|82/100|[from] Spikes
|move|p2a: Cryogonal|Ice Beam|p1a: Xylophone
|-resisted|p1a: Xylophone
|-damage|p1a: Xylophone|66/100
|-status|p1a: Xylophone|frz
|
|-heal|p1a: Xylophone|72/100 frz|[from] item: Leftovers
|upkeep
|turn|16
|
|t:|1769418634
|switch|p2a: Garganacl|Garganacl, M|100/100
|cant|p1a: Xylophone|frz
|
|-heal|p1a: Xylophone|78/100 frz|[from] item: Leftovers
|upkeep
|turn|17
|
|t:|1769418640
|cant|p1a: Xylophone|frz
|move|p2a: Garganacl|Salt Cure|p1a: Xylophone
|-resisted|p1a: Xylophone
|-damage|p1a: Xylophone|74/100 frz
|-start|p1a: Xylophone|Salt Cure
|
|-heal|p1a: Xylophone|80/100 frz|[from] item: Leftovers
|-damage|p1a: Xylophone|55/100 frz|[from] Salt Cure
|upkeep
|turn|18
|
|t:|1769418648
|cant|p1a: Xylophone|frz
|move|p2a: Garganacl|Salt Cure|p1a: Xylophone
|-resisted|p1a: Xylophone
|-damage|p1a: Xylophone|50/100 frz
|
|-heal|p1a: Xylophone|56/100 frz|[from] item: Leftovers
|-damage|p1a: Xylophone|32/100 frz|[from] Salt Cure
|upkeep
|turn|19
|
|t:|1769418656
|-curestatus|p1a: Xylophone|frz|[msg]
|move|p1a: Xylophone|Body Press|p2a: Garganacl
|-supereffective|p2a: Garganacl
|-damage|p2a: Garganacl|60/100
|move|p2a: Garganacl|Stealth Rock|p1a: Xylophone
|-sidestart|p1: LmonJames|move: Stealth Rock
|
|-heal|p1a: Xylophone|38/100|[from] item: Leftovers
|-heal|p2a: Garganacl|66/100|[from] item: Leftovers
|-damage|p1a: Xylophone|13/100|[from] Salt Cure
|upkeep
|turn|20
|
|t:|1769418670
|move|p2a: Garganacl|Protect|p2a: Garganacl
|-singleturn|p2a: Garganacl|Protect
|move|p1a: Xylophone|Body Press|p2a: Garganacl
|-activate|p2a: Garganacl|move: Protect
|
|-heal|p1a: Xylophone|19/100|[from] item: Leftovers
|-heal|p2a: Garganacl|72/100|[from] item: Leftovers
|-damage|p1a: Xylophone|0 fnt|[from] Salt Cure
|faint|p1a: Xylophone
|upkeep
|
|t:|1769418679
|switch|p1a: String Cheese|Gholdengo|100/100
|-damage|p1a: String Cheese|94/100|[from] Stealth Rock
|-item|p1a: String Cheese|Air Balloon
|turn|21
|
|t:|1769418687
|move|p1a: String Cheese|Shadow Ball|p2a: Garganacl
|-damage|p2a: Garganacl|57/100
|move|p2a: Garganacl|Salt Cure|p1a: String Cheese
|-resisted|p1a: String Cheese
|-damage|p1a: String Cheese|87/100
|-start|p1a: String Cheese|Salt Cure
|-enditem|p1a: String Cheese|Air Balloon
|
|-heal|p2a: Garganacl|63/100|[from] item: Leftovers
|-damage|p1a: String Cheese|62/100|[from] Salt Cure
|upkeep
|turn|22
|
|t:|1769418698
|move|p1a: String Cheese|Make It Rain|p2a: Garganacl
|-supereffective|p2a: Garganacl
|-damage|p2a: Garganacl|0 fnt
|-unboost|p1a: String Cheese|spa|1
|faint|p2a: Garganacl
|
|-damage|p1a: String Cheese|37/100|[from] Salt Cure
|upkeep
|
|t:|1769418710
|switch|p2a: Wo-Chien|Wo-Chien, tera:Fire|54/100
|-ability|p2a: Wo-Chien|Tablets of Ruin
|turn|23
|
|t:|1769418716
|move|p1a: String Cheese|Shadow Ball|p2a: Wo-Chien
|-damage|p2a: Wo-Chien|38/100
|move|p2a: Wo-Chien|Knock Off|p1a: String Cheese
|-supereffective|p1a: String Cheese
|-damage|p1a: String Cheese|0 fnt
|faint|p1a: String Cheese
|
|-heal|p2a: Wo-Chien|44/100|[from] item: Leftovers
|upkeep
|
|t:|1769418724
|switch|p1a: Vakarian|Salamence, F|18/100
|-damage|p1a: Vakarian|0 fnt|[from] Stealth Rock
|faint|p1a: Vakarian
|
|t:|1769418728
|switch|p1a: The Dude|Scizor, M|100/100
|-damage|p1a: The Dude|88/100|[from] Spikes
|-damage|p1a: The Dude|76/100|[from] Stealth Rock
|turn|24
|
|t:|1769418736
|move|p1a: The Dude|Close Combat|p2a: Wo-Chien
|-damage|p2a: Wo-Chien|12/100
|-unboost|p1a: The Dude|def|1
|-unboost|p1a: The Dude|spd|1
|-damage|p1a: The Dude|66/100|[from] item: Life Orb
|move|p2a: Wo-Chien|Leech Seed|p1a: The Dude
|-start|p1a: The Dude|move: Leech Seed
|
|-heal|p2a: Wo-Chien|18/100|[from] item: Leftovers
|-damage|p1a: The Dude|53/100|[from] Leech Seed|[of] p2a: Wo-Chien
|-heal|p2a: Wo-Chien|28/100|[silent]
|upkeep
|turn|25
|-message|LmonJames forfeited.
|
|win|WickedVictory
|raw|LmonJames's rating: 1119 &rarr; <strong>1093</strong><br />(-26 for losing)
|raw|WickedVictory's rating: 1111 &rarr; <strong>1137</strong><br />(+26 for winning)
|l|☆LmonJames
|player|p1|
|l|☆WickedVictory
|player|p2|
