|j|☆Grand Chu
|j|☆Alerjake
|t:|1769400748
|gametype|singles
|player|p1|Grand Chu|2|1523
|player|p2|Alerjake|265|1483
|gen|9
|tier|[Gen 9] OU
|rated|
|rule|HP Percentage Mod: HP is shown in percentages
|rule|Endless Battle Clause: Forcing endless battles is banned
|rule|Species Clause: Limit one of each Pokémon
|rule|OHKO Clause: OHKO moves are banned
|rule|Evasion Items Clause: Evasion items are banned
|rule|Evasion Moves Clause: Evasion moves are banned
|rule|Evasion Abilities Clause: Evasion abilities are banned
|rule|Sleep Moves Clause: Sleep-inducing moves are banned
|clearpoke
|poke|p1|Enamorus, F|
|poke|p1|Dragapult, M|
|poke|p1|Iron Valiant|
|poke|p1|Gholdengo|
|poke|p1|Iron Treads|
|poke|p1|Dragonite, M|
|poke|p2|Ceruledge, M|
|poke|p2|Ninetales-Alola, M|
|poke|p2|Raging Bolt|
|poke|p2|Iron Crown|
|poke|p2|Moltres-Galar|
|poke|p2|Iron Treads|
|teampreview
|inactive|Battle timer is ON: inactive players will automatically lose when time's up. (requested by Alerjake)
|
|t:|1769400765
|teamsize|p1|6
|teamsize|p2|6
|start
|switch|p1a: Iron Treads|Iron Treads|100/100
|switch|p2a: Ninetales|Ninetales-Alola, M|100/100
|-weather|Snowscape|[from] ability: Snow Warning|[of] p2a: Ninetales
|-enditem|p1a: Iron Treads|Booster Energy
|-activate|p1a: Iron Treads|ability: Quark Drive|[fromitem]
|-start|p1a: Iron Treads|quarkdrivespe
|turn|1
|
|t:|1769400774
|move|p1a: Iron Treads|Knock Off|p2a: Ninetales
|-resisted|p2a: Ninetales
|-damage|p2a: Ninetales|90/100
|-enditem|p2a: Ninetales|Light Clay|[from] move: Knock Off|[of] p1a: Iron Treads
|move|p2a: Ninetales|Aurora Veil|p2a: Ninetales
|-sidestart|p2: Alerjake|move: Aurora Veil
|
|-weather|Snowscape|[upkeep]
|upkeep
|turn|2
|
|t:|1769400780
|switch|p2a: Iron Treads|Iron Treads|100/100
|-enditem|p2a: Iron Treads|Booster Energy
|-activate|p2a: Iron Treads|ability: Quark Drive|[fromitem]
|-start|p2a: Iron Treads|quarkdrivespe
|move|p1a: Iron Treads|Stealth Rock|p2a: Iron Treads
|-sidestart|p2: Alerjake|move: Stealth Rock
|
|-weather|Snowscape|[upkeep]
|upkeep
|turn|3
|
|t:|1769400791
|-terastallize|p1a: Iron Treads|Ghost
|move|p1a: Iron Treads|Earthquake|p2a: Iron Treads
|-supereffective|p2a: Iron Treads
|-damage|p2a: Iron Treads|72/100
|move|p2a: Iron Treads|Iron Defense|p2a: Iron Treads
|-boost|p2a: Iron Treads|def|2
|
|-weather|Snowscape|[upkeep]
|upkeep
|turn|4
|
|t:|1769400800
|move|p1a: Iron Treads|Earthquake|p2a: Iron Treads
|-supereffective|p2a: Iron Treads
|-damage|p2a: Iron Treads|58/100
|move|p2a: Iron Treads|Knock Off|p1a: Iron Treads
|-supereffective|p1a: Iron Treads
|-damage|p1a: Iron Treads|77/100
|
|-weather|Snowscape|[upkeep]
|upkeep
|turn|5
|
|t:|1769400823
|move|p1a: Iron Treads|Earthquake|p2a: Iron Treads
|-supereffective|p2a: Iron Treads
|-damage|p2a: Iron Treads|43/100
|move|p2a: Iron Treads|Knock Off|p1a: Iron Treads
|-supereffective|p1a: Iron Treads
|-damage|p1a: Iron Treads|50/100
|
|-weather|none
|-sideend|p2: Alerjake|move: Aurora Veil
|upkeep
|turn|6
|
|t:|1769400831
|move|p1a: Iron Treads|Earthquake|p2a: Iron Treads
|-supereffective|p2a: Iron Treads
|-damage|p2a: Iron Treads|15/100
|move|p2a: Iron Treads|Iron Defense|p2a: Iron Treads
|-boost|p2a: Iron Treads|def|2
|
|upkeep
|turn|7
|
|t:|1769400838
|move|p1a: Iron Treads|Earthquake|p2a: Iron Treads
|-supereffective|p2a: Iron Treads
|-damage|p2a: Iron Treads|0 fnt
|faint|p2a: Iron Treads
|-end|p2a: Iron Treads|Quark Drive|[silent]
|
|upkeep
|
|t:|1769400843
|switch|p2a: Moltres|Moltres-Galar|100/100
|-damage|p2a: Moltres|76/100|[from] Stealth Rock
|turn|8
|
|t:|1769400851
|-end|p1a: Iron Treads|Quark Drive|[silent]
|switch|p1a: Enamorus|Enamorus, F|100/100
|move|p2a: Moltres|Agility|p2a: Moltres
|-boost|p2a: Moltres|spe|2
|
|upkeep
|turn|9
|
|t:|1769400870
|-terastallize|p2a: Moltres|Fairy
|move|p2a: Moltres|Tera Blast|p1a: Enamorus|[anim] Tera Blast Fairy
|-damage|p1a: Enamorus|44/100
|move|p1a: Enamorus|Moonblast|p2a: Moltres
|-damage|p2a: Moltres|34/100
|-ability|p2a: Moltres|Berserk|boost
|-boost|p2a: Moltres|spa|1
|-enditem|p2a: Moltres|Sitrus Berry|[eat]
|-heal|p2a: Moltres|59/100|[from] item: Sitrus Berry
|
|-heal|p1a: Enamorus|51/100|[from] item: Leftovers
|upkeep
|turn|10
|
|t:|1769400886
|move|p2a: Moltres|Tera Blast|p1a: Enamorus|[anim] Tera Blast Fairy
|-damage|p1a: Enamorus|0 fnt
|faint|p1a: Enamorus
|
|upkeep
|inactive|Grand Chu has 120 seconds left.
|
|t:|1769400913
|switch|p1a: Dragonite|Dragonite, M|100/100
|turn|11
|
|t:|1769400919
|move|p1a: Dragonite|Extreme Speed|p2a: Moltres
|-damage|p2a: Moltres|24/100
|-ability|p2a: Moltres|Berserk|boost
|-boost|p2a: Moltres|spa|1
|move|p2a: Moltres|Tera Blast|p1a: Dragonite|[anim] Tera Blast Fairy
|-supereffective|p1a: Dragonite
|-damage|p1a: Dragonite|25/100
|
|upkeep
|turn|12
|
|t:|1769400926
|move|p1a: Dragonite|Extreme Speed|p2a: Moltres
|-damage|p2a: Moltres|0 fnt
|faint|p2a: Moltres
|
|upkeep
|
|t:|1769400932
|switch|p2a: Ninetales|Ninetales-Alola, M|90/100
|-damage|p2a: Ninetales|65/100|[from] Stealth Rock
|-weather|Snowscape|[from] ability: Snow Warning|[of] p2a: Ninetales
|turn|13
|
|t:|1769400952
|move|p2a: Ninetales|Aurora Veil|p2a: Ninetales
|-sidestart|p2: Alerjake|move: Aurora Veil
|move|p1a: Dragonite|Dragon Dance|p1a: Dragonite
|-boost|p1a: Dragonite|atk|1
|-boost|p1a: Dragonite|spe|1
|
|-weather|Snowscape|[upkeep]
|upkeep
|turn|14
|
|t:|1769400966
|move|p1a: Dragonite|Extreme Speed|p2a: Ninetales
|-damage|p2a: Ninetales|48/100
|move|p2a: Ninetales|Freeze-Dry|p1a: Dragonite
|-supereffective|p1a: Dragonite
|-damage|p1a: Dragonite|0 fnt
|faint|p1a: Dragonite
|
|-weather|Snowscape|[upkeep]
|upkeep
|
|t:|1769400978
|switch|p1a: Gholdengo|Gholdengo|100/100
|-item|p1a: Gholdengo|Air Balloon
|turn|15
|
|t:|1769400983
|switch|p2a: Raging Bolt|Raging Bolt|100/100
|-damage|p2a: Raging Bolt|88/100|[from] Stealth Rock
|-enditem|p2a: Raging Bolt|Booster Energy
|-activate|p2a: Raging Bolt|ability: Protosynthesis|[fromitem]
|-start|p2a: Raging Bolt|protosynthesisspa
|move|p1a: Gholdengo|Nasty Plot|p1a: Gholdengo
|-boost|p1a: Gholdengo|spa|2
|
|-weather|Snowscape|[upkeep]
|upkeep
|turn|16
|
|t:|1769400996
|move|p1a: Gholdengo|Shadow Ball|p2a: Raging Bolt
|-damage|p2a: Raging Bolt|46/100
|move|p2a: Raging Bolt|Thunderbolt|p1a: Gholdengo
|-damage|p1a: Gholdengo|25/100
|-enditem|p1a: Gholdengo|Air Balloon
|
|-weather|Snowscape|[upkeep]
|upkeep
|turn|17
|
|t:|1769401012
|switch|p1a: Iron Treads|Iron Treads, tera:Ghost|50/100
|move|p2a: Raging Bolt|Thunderclap||[still]
|-fail|p2a: Raging Bolt
|
|-weather|none
|-sideend|p2: Alerjake|move: Aurora Veil
|upkeep
|turn|18
|
|t:|1769401021
|move|p2a: Raging Bolt|Thunderclap|p1a: Iron Treads
|-damage|p1a: Iron Treads|0 fnt
|faint|p1a: Iron Treads
|-end|p1a: Iron Treads|Quark Drive|[silent]
|
|upkeep
|
|t:|1769401026
|switch|p1a: Iron Valiant|Iron Valiant|100/100
|-enditem|p1a: Iron Valiant|Booster Energy
|-activate|p1a: Iron Valiant|ability: Quark Drive|[fromitem]
|-start|p1a: Iron Valiant|quarkdrivespe
|turn|19
|
|t:|1769401050
|-end|p2a: Raging Bolt|Protosynthesis|[silent]
|switch|p2a: Ninetales|Ninetales-Alola, M|48/100
|-damage|p2a: Ninetales|23/100|[from] Stealth Rock
|-weather|Snowscape|[from] ability: Snow Warning|[of] p2a: Ninetales
|move|p1a: Iron Valiant|Encore||[still]
|-fail|p1a: Iron Valiant
|
|-weather|Snowscape|[upkeep]
|upkeep
|turn|20
|
|t:|1769401069
|move|p1a: Iron Valiant|Moonblast|p2a: Ninetales
|-damage|p2a: Ninetales|0 fnt
|faint|p2a: Ninetales
|
|-weather|Snowscape|[upkeep]
|upkeep
|
|t:|1769401072
|switch|p2a: Iron Crown|Iron Crown|100/100
|-damage|p2a: Iron Crown|94/100|[from] Stealth Rock
|-enditem|p2a: Iron Crown|Booster Energy
|-activate|p2a: Iron Crown|ability: Quark Drive|[fromitem]
|-start|p2a: Iron Crown|quarkdrivespe
|turn|21
|
|t:|1769401085
|-end|p1a: Iron Valiant|Quark Drive|[silent]
|switch|p1a: Gholdengo|Gholdengo|25/100
|move|p2a: Iron Crown|Tachyon Cutter|p1a: Gholdengo
|-resisted|p1a: Gholdengo
|-damage|p1a: Gholdengo|12/100
|-resisted|p1a: Gholdengo
|-damage|p1a: Gholdengo|0 fnt
|faint|p1a: Gholdengo
|-hitcount|p1: Gholdengo|2
|
|-weather|Snowscape|[upkeep]
|upkeep
|
|t:|1769401095
|switch|p1a: Dragapult|Dragapult, M|100/100
|turn|22
|
|t:|1769401114
|move|p2a: Iron Crown|Calm Mind|p2a: Iron Crown
|-boost|p2a: Iron Crown|spa|1
|-boost|p2a: Iron Crown|spd|1
|move|p1a: Dragapult|Dragon Dance|p1a: Dragapult
|-boost|p1a: Dragapult|atk|1
|-boost|p1a: Dragapult|spe|1
|
|-weather|Snowscape|[upkeep]
|upkeep
|turn|23
|
|t:|1769401122
|move|p1a: Dragapult|Phantom Force||[still]
|-prepare|p1a: Dragapult|Phantom Force
|move|p2a: Iron Crown|Tachyon Cutter|p1a: Dragapult|[miss]
|-miss|p2a: Iron Crown|p1a: Dragapult
|
|-weather|none
|upkeep
|turn|24
|
|t:|1769401146
|move|p1a: Dragapult|Phantom Force|p2a: Iron Crown|[from] lockedmove
|-supereffective|p2a: Iron Crown
|-damage|p2a: Iron Crown|0 fnt
|faint|p2a: Iron Crown
|-end|p2a: Iron Crown|Quark Drive|[silent]
|
|upkeep
|
|t:|1769401150
|switch|p2a: Raging Bolt|Raging Bolt|46/100
|-damage|p2a: Raging Bolt|34/100|[from] Stealth Rock
|turn|25
|
|t:|1769401159
|move|p1a: Dragapult|Dragon Darts|p2a: Raging Bolt
|-supereffective|p2a: Raging Bolt
|-damage|p2a: Raging Bolt|0 fnt
|faint|p2a: Raging Bolt
|-end|p2a: Raging Bolt|Protosynthesis|[silent]
|
|upkeep
|
|t:|1769401162
|switch|p2a: Ceruledge|Ceruledge, M|100/100
|-damage|p2a: Ceruledge|76/100|[from] Stealth Rock
|turn|26
|
|t:|1769401165
|move|p2a: Ceruledge|Shadow Sneak|p1a: Dragapult
|-supereffective|p1a: Dragapult
|-damage|p1a: Dragapult|17/100
|-damage|p2a: Ceruledge|66/100|[from] item: Life Orb
|move|p1a: Dragapult|Dragon Darts|p2a: Ceruledge
|-damage|p2a: Ceruledge|11/100
|-ability|p2a: Ceruledge|Weak Armor|boost
|-unboost|p2a: Ceruledge|def|1
|-boost|p2a: Ceruledge|spe|2
|-anim|p1a: Dragapult|Dragon Darts|p2a: Ceruledge
|-damage|p2a: Ceruledge|0 fnt
|faint|p2a: Ceruledge
|
|win|Grand Chu
|raw|Grand Chu's rating: 1523 &rarr; <strong>1541</strong><br />(+18 for winning)
|raw|Alerjake's rating: 1483 &rarr; <strong>1465</strong><br />(-18 for losing)
