|j|☆Ultra756
|j|☆YumeKasumi76
|t:|1769425181
|gametype|singles
|player|p1|Ultra756|101|1211
|player|p2|YumeKasumi76|266|1228
|gen|9
|tier|[Gen 9] OU
|rated|
|rule|HP Percentage Mod: HP is shown in percentages
|rule|Endless Battle Clause: Forcing endless battles is banned
|rule|Species Clause: Limit one of each Pokémon
|rule|OHKO Clause: OHKO moves are banned
|rule|Evasion Items Clause: Evasion items are banned
|rule|Evasion Moves Clause: Evasion moves are banned
|rule|Evasion Abilities Clause: Evasion abilities are banned
|rule|Sleep Moves Clause: Sleep-inducing moves are banned
|clearpoke
|poke|p1|Tyranitar, M|
|poke|p1|Excadrill, M|
|poke|p1|Iron Valiant|
|poke|p1|Toxapex, M|
|poke|p1|Tornadus-Therian, M|
|poke|p1|Ogerpon-Cornerstone, F|
|poke|p2|Dragapult, M|
|poke|p2|Bisharp, F|
|poke|p2|Glimmora, F|
|poke|p2|Entei|
|poke|p2|Veluza, F|
|poke|p2|Braviary-Hisui, M|
|teampreview
|inactive|Battle timer is ON: inactive players will automatically lose when time's up. (requested by Ultra756)
|
|t:|1769425198
|teamsize|p1|6
|teamsize|p2|6
|start
|switch|p1a: Excadrill|Excadrill, M, shiny|100/100
|switch|p2a: Bellator|Bisharp, F, shiny|100/100
|turn|1
|
|t:|1769425208
|move|p1a: Excadrill|Substitute|p1a: Excadrill
|-start|p1a: Excadrill|Substitute
|-damage|p1a: Excadrill|76/100
|move|p2a: Bellator|Iron Head|p1a: Excadrill
|-resisted|p1a: Excadrill
|-end|p1a: Excadrill|Substitute
|
|-heal|p1a: Excadrill|82/100|[from] item: Leftovers
|upkeep
|turn|2
|
|t:|1769425217
|switch|p2a: Mentalist|Braviary-Hisui, M|100/100
|move|p1a: Excadrill|Earthquake|p2a: Mentalist
|-immune|p2a: Mentalist
|
|-heal|p1a: Excadrill|88/100|[from] item: Leftovers
|upkeep
|turn|3
|
|t:|1769425225
|move|p1a: Excadrill|Substitute|p1a: Excadrill
|-start|p1a: Excadrill|Substitute
|-damage|p1a: Excadrill|63/100
|move|p2a: Mentalist|Esper Wing|p1a: Excadrill
|-resisted|p1a: Excadrill
|-end|p1a: Excadrill|Substitute
|-boost|p2a: Mentalist|spe|1
|
|-heal|p1a: Excadrill|69/100|[from] item: Leftovers
|upkeep
|turn|4
|
|t:|1769425234
|switch|p1a: Tyranitar|Tyranitar, M, shiny|100/100
|-weather|Sandstorm|[from] ability: Sand Stream|[of] p1a: Tyranitar
|move|p2a: Mentalist|Esper Wing|p1a: Tyranitar
|-immune|p1a: Tyranitar
|
|-weather|Sandstorm|[upkeep]
|-damage|p2a: Mentalist|94/100|[from] Sandstorm
|upkeep
|turn|5
|
|t:|1769425241
|move|p2a: Mentalist|Close Combat|p1a: Tyranitar
|-supereffective|p1a: Tyranitar
|-damage|p1a: Tyranitar|25/100
|-unboost|p2a: Mentalist|def|1
|-unboost|p2a: Mentalist|spd|1
|move|p1a: Tyranitar|Knock Off|p2a: Mentalist
|-supereffective|p2a: Mentalist
|-damage|p2a: Mentalist|0 fnt
|-enditem|p2a: Mentalist|Weakness Policy|[from] move: Knock Off|[of] p1a: Tyranitar
|faint|p2a: Mentalist
|
|-weather|Sandstorm|[upkeep]
|upkeep
|
|t:|1769425249
|switch|p2a: Bellator|Bisharp, F, shiny|100/100
|turn|6
|
|t:|1769425255
|switch|p1a: Toxapex|Toxapex, M, shiny|100/100
|move|p2a: Bellator|Stealth Rock|p1a: Toxapex
|-sidestart|p1: Ultra756|move: Stealth Rock
|
|-weather|Sandstorm|[upkeep]
|-damage|p1a: Toxapex|95/100|[from] Sandstorm
|upkeep
|turn|7
|
|t:|1769425270
|switch|p1a: Ogerpon|Ogerpon-Cornerstone, F|100/100
|-damage|p1a: Ogerpon|88/100|[from] Stealth Rock
|move|p2a: Bellator|Swords Dance|p2a: Bellator
|-boost|p2a: Bellator|atk|2
|
|-weather|Sandstorm|[upkeep]
|upkeep
|turn|8
|
|t:|1769425277
|move|p1a: Ogerpon|Low Kick|p2a: Bellator
|-supereffective|p2a: Bellator
|-damage|p2a: Bellator|18/100
|move|p2a: Bellator|Iron Head|p1a: Ogerpon
|-supereffective|p1a: Ogerpon
|-damage|p1a: Ogerpon|0 fnt
|faint|p1a: Ogerpon
|
|-weather|Sandstorm|[upkeep]
|upkeep
|
|t:|1769425289
|switch|p1a: Excadrill|Excadrill, M, shiny|69/100
|-damage|p1a: Excadrill|66/100|[from] Stealth Rock
|turn|9
|
|t:|1769425296
|move|p1a: Excadrill|Earthquake|p2a: Bellator
|-supereffective|p2a: Bellator
|-damage|p2a: Bellator|0 fnt
|faint|p2a: Bellator
|
|-weather|Sandstorm|[upkeep]
|-heal|p1a: Excadrill|72/100|[from] item: Leftovers
|upkeep
|
|t:|1769425300
|switch|p2a: Railgun|Dragapult, M|100/100
|turn|10
|
|t:|1769425303
|-terastallize|p1a: Excadrill|Ground
|move|p1a: Excadrill|Earthquake|p2a: Railgun
|-damage|p2a: Railgun|17/100
|move|p2a: Railgun|Reflect|p2a: Railgun
|-sidestart|p2: YumeKasumi76|Reflect
|
|-weather|Sandstorm|[upkeep]
|-damage|p2a: Railgun|11/100|[from] Sandstorm
|-heal|p1a: Excadrill|78/100|[from] item: Leftovers
|upkeep
|turn|11
|
|t:|1769425317
|switch|p2a: Riamare|Veluza, F, shiny|100/100
|move|p1a: Excadrill|Substitute|p1a: Excadrill
|-start|p1a: Excadrill|Substitute
|-damage|p1a: Excadrill|53/100
|
|-weather|none
|-heal|p1a: Excadrill|59/100|[from] item: Leftovers
|upkeep
|turn|12
|
|t:|1769425326
|move|p1a: Excadrill|Rapid Spin|p2a: Riamare
|-damage|p2a: Riamare|86/100
|-boost|p1a: Excadrill|spe|1
|-sideend|p1: Ultra756|Stealth Rock|[from] move: Rapid Spin|[of] p1a: Excadrill
|move|p2a: Riamare|Aqua Cutter|p1a: Excadrill
|-supereffective|p1a: Excadrill
|-end|p1a: Excadrill|Substitute
|
|-heal|p1a: Excadrill|65/100|[from] item: Leftovers
|upkeep
|turn|13
|
|t:|1769425334
|move|p1a: Excadrill|Earthquake|p2a: Riamare
|-damage|p2a: Riamare|31/100
|-enditem|p2a: Riamare|Sitrus Berry|[eat]
|-heal|p2a: Riamare|56/100|[from] item: Sitrus Berry
|move|p2a: Riamare|Fillet Away|p2a: Riamare
|-boost|p2a: Riamare|atk|2
|-boost|p2a: Riamare|spa|2
|-boost|p2a: Riamare|spe|2
|-damage|p2a: Riamare|6/100
|
|-heal|p1a: Excadrill|71/100|[from] item: Leftovers
|upkeep
|turn|14
|
|t:|1769425340
|move|p2a: Riamare|Aqua Cutter|p1a: Excadrill
|-supereffective|p1a: Excadrill
|-damage|p1a: Excadrill|0 fnt
|faint|p1a: Excadrill
|
|upkeep
|
|t:|1769425343
|switch|p1a: Tyranitar|Tyranitar, M, shiny|25/100
|-weather|Sandstorm|[from] ability: Sand Stream|[of] p1a: Tyranitar
|turn|15
|
|t:|1769425345
|move|p2a: Riamare|Aqua Cutter|p1a: Tyranitar
|-supereffective|p1a: Tyranitar
|-damage|p1a: Tyranitar|0 fnt
|faint|p1a: Tyranitar
|
|-weather|Sandstorm|[upkeep]
|-damage|p2a: Riamare|0 fnt|[from] Sandstorm
|faint|p2a: Riamare
|upkeep
|
|t:|1769425357
|switch|p2a: Hikari|Glimmora, F|100/100
|switch|p1a: Iron Valiant|Iron Valiant, shiny|100/100
|turn|16
|
|t:|1769425368
|move|p1a: Iron Valiant|Shadow Ball|p2a: Hikari
|-damage|p2a: Hikari|65/100
|move|p2a: Hikari|Mortal Spin|p1a: Iron Valiant
|-supereffective|p1a: Iron Valiant
|-damage|p1a: Iron Valiant|85/100
|-status|p1a: Iron Valiant|psn
|
|-weather|Sandstorm|[upkeep]
|-damage|p1a: Iron Valiant|79/100 psn|[from] Sandstorm
|-damage|p1a: Iron Valiant|67/100 psn|[from] psn
|upkeep
|turn|17
|
|t:|1769425383
|switch|p2a: Sovereign|Entei|100/100
|move|p1a: Iron Valiant|Shadow Ball|p2a: Sovereign
|-damage|p2a: Sovereign|55/100
|
|-weather|Sandstorm|[upkeep]
|-damage|p1a: Iron Valiant|60/100 psn|[from] Sandstorm
|-damage|p2a: Sovereign|49/100|[from] Sandstorm
|-damage|p1a: Iron Valiant|48/100 psn|[from] psn
|-sideend|p2: YumeKasumi76|Reflect
|upkeep
|turn|18
|
|t:|1769425393
|move|p1a: Iron Valiant|Shadow Ball|p2a: Sovereign
|-damage|p2a: Sovereign|8/100
|-unboost|p2a: Sovereign|spd|1
|move|p2a: Sovereign|Sacred Fire|p1a: Iron Valiant
|-damage|p1a: Iron Valiant|0 fnt
|faint|p1a: Iron Valiant
|-end|p1a: Iron Valiant|Quark Drive|[silent]
|
|-weather|Sandstorm|[upkeep]
|-damage|p2a: Sovereign|2/100|[from] Sandstorm
|upkeep
|
|t:|1769425398
|switch|p1a: Toxapex|Toxapex, M, shiny|100/100
|turn|19
|
|t:|1769425406
|move|p1a: Toxapex|Toxic|p2a: Sovereign
|-status|p2a: Sovereign|tox
|move|p2a: Sovereign|Roar|p1a: Toxapex
|drag|p1a: Tornadus|Tornadus-Therian, M, shiny|100/100
|
|-weather|Sandstorm|[upkeep]
|-damage|p1a: Tornadus|94/100|[from] Sandstorm
|-damage|p2a: Sovereign|0 fnt|[from] Sandstorm
|faint|p2a: Sovereign
|upkeep
|
|t:|1769425412
|switch|p2a: Railgun|Dragapult, M|11/100
|turn|20
|
|t:|1769425416
|move|p2a: Railgun|Light Screen|p2a: Railgun
|-sidestart|p2: YumeKasumi76|move: Light Screen
|move|p1a: Tornadus|Heat Wave|p2a: Railgun
|-resisted|p2a: Railgun
|-damage|p2a: Railgun|0 fnt
|faint|p2a: Railgun
|
|-weather|Sandstorm|[upkeep]
|-damage|p1a: Tornadus|88/100|[from] Sandstorm
|upkeep
|
|t:|1769425419
|switch|p2a: Hikari|Glimmora, F|65/100
|turn|21
|
|t:|1769425422
|switch|p1a: Toxapex|Toxapex, M, shiny|100/100
|move|p2a: Hikari|Meteor Beam||[still]
|-prepare|p2a: Hikari|Meteor Beam
|-boost|p2a: Hikari|spa|1
|-enditem|p2a: Hikari|Power Herb
|-anim|p2a: Hikari|Meteor Beam|p1a: Toxapex
|-damage|p1a: Toxapex|37/100
|-enditem|p1a: Toxapex|Eject Button
|
|t:|1769425427
|switch|p1a: Tornadus|Tornadus-Therian, M, shiny|100/100
|
|-weather|Sandstorm|[upkeep]
|-damage|p1a: Tornadus|94/100|[from] Sandstorm
|upkeep
|turn|22
|
|t:|1769425429
|move|p1a: Tornadus|Grass Knot|p2a: Hikari
|-damage|p2a: Hikari|52/100
|move|p2a: Hikari|Meteor Beam||[still]
|-prepare|p2a: Hikari|Meteor Beam
|-boost|p2a: Hikari|spa|1
|
|-weather|none
|upkeep
|turn|23
|
|t:|1769425432
|switch|p1a: Toxapex|Toxapex, M, shiny|70/100
|move|p2a: Hikari|Meteor Beam|p1a: Toxapex|[from] lockedmove
|-damage|p1a: Toxapex|0 fnt
|faint|p1a: Toxapex
|
|upkeep
|
|t:|1769425435
|switch|p1a: Tornadus|Tornadus-Therian, M, shiny|100/100
|turn|24
|
|t:|1769425438
|move|p1a: Tornadus|Bleakwind Storm|p2a: Hikari
|-resisted|p2a: Hikari
|-damage|p2a: Hikari|28/100
|move|p2a: Hikari|Meteor Beam||[still]
|-prepare|p2a: Hikari|Meteor Beam
|-boost|p2a: Hikari|spa|1
|
|upkeep
|turn|25
|
|t:|1769425441
|move|p1a: Tornadus|Bleakwind Storm|p2a: Hikari
|-resisted|p2a: Hikari
|-damage|p2a: Hikari|5/100
|move|p2a: Hikari|Meteor Beam|p1a: Tornadus|[from] lockedmove
|-supereffective|p1a: Tornadus
|-damage|p1a: Tornadus|0 fnt
|faint|p1a: Tornadus
|
|win|YumeKasumi76
|raw|Ultra756's rating: 1211 &rarr; <strong>1187</strong><br />(-24 for losing)
|raw|YumeKasumi76's rating: 1228 &rarr; <strong>1252</strong><br />(+24 for winning)
|l|☆Ultra756
|player|p1|
|l|☆YumeKasumi76
|player|p2|
