|j|☆mrkah23
|j|☆Blaxophone
|t:|1769375918
|gametype|singles
|player|p1|mrkah23|1|1678
|player|p2|Blaxophone|102|1626
|gen|9
|tier|[Gen 9] OU
|rated|
|rule|HP Percentage Mod: HP is shown in percentages
|rule|Endless Battle Clause: Forcing endless battles is banned
|rule|Species Clause: Limit one of each Pokémon
|rule|OHKO Clause: OHKO moves are banned
|rule|Evasion Items Clause: Evasion items are banned
|rule|Evasion Moves Clause: Evasion moves are banned
|rule|Evasion Abilities Clause: Evasion abilities are banned
|rule|Sleep Moves Clause: Sleep-inducing moves are banned
|clearpoke
|poke|p1|Tyranitar, M|
|poke|p1|Excadrill, M|
|poke|p1|Dragapult, M|
|poke|p1|Dragonite, F|
|poke|p1|Samurott-Hisui, F|
|poke|p1|Iron Valiant|
|poke|p2|Ogerpon-Wellspring, F|
|poke|p2|Dragonite, F|
|poke|p2|Cinderace, M|
|poke|p2|Hatterene, F|
|poke|p2|Magnezone|
|poke|p2|Great Tusk|
|teampreview
|
|t:|1769375929
|teamsize|p1|6
|teamsize|p2|6
|start
|switch|p1a: Samurott|Samurott-Hisui, F|100/100
|switch|p2a: Ogerpon|Ogerpon-Wellspring, F|100/100
|turn|1
|
|t:|1769375941
|switch|p1a: Dragapult|Dragapult, M|100/100
|move|p2a: Ogerpon|Play Rough|p1a: Dragapult
|-supereffective|p1a: Dragapult
|-damage|p1a: Dragapult|5/100
|
|upkeep
|turn|2
|inactive|Battle timer is ON: inactive players will automatically lose when time's up. (requested by mrkah23)
|
|t:|1769375953
|switch|p2a: Cinderace|Cinderace, M|100/100
|move|p1a: Dragapult|U-turn|p2a: Cinderace
|-resisted|p2a: Cinderace
|-damage|p2a: Cinderace|75/100
|
|t:|1769375958
|switch|p1a: Samurott|Samurott-Hisui, F|100/100|[from] U-turn
|
|upkeep
|turn|3
|
|t:|1769375965
|move|p1a: Samurott|Ceaseless Edge|p2a: Cinderace
|-damage|p2a: Cinderace|8/100
|-sidestart|p2: Blaxophone|Spikes
|move|p2a: Cinderace|Pyro Ball|p1a: Samurott
|-resisted|p1a: Samurott
|-damage|p1a: Samurott|61/100
|
|upkeep
|turn|4
|
|t:|1769375976
|switch|p2a: Great Tusk|Great Tusk|100/100
|-damage|p2a: Great Tusk|88/100|[from] Spikes
|-enditem|p2a: Great Tusk|Booster Energy
|-activate|p2a: Great Tusk|ability: Protosynthesis|[fromitem]
|-start|p2a: Great Tusk|protosynthesisatk
|move|p1a: Samurott|Ceaseless Edge|p2a: Great Tusk
|-resisted|p2a: Great Tusk
|-damage|p2a: Great Tusk|71/100
|-sidestart|p2: Blaxophone|Spikes
|
|upkeep
|turn|5
|
|t:|1769375996
|switch|p1a: Iron Valiant|Iron Valiant|100/100
|-enditem|p1a: Iron Valiant|Booster Energy
|-activate|p1a: Iron Valiant|ability: Quark Drive|[fromitem]
|-start|p1a: Iron Valiant|quarkdrivespe
|move|p2a: Great Tusk|Ice Spinner|p1a: Iron Valiant
|-damage|p1a: Iron Valiant|58/100
|
|upkeep
|turn|6
|
|t:|1769376021
|-end|p2a: Great Tusk|Protosynthesis|[silent]
|switch|p2a: Magnezone|Magnezone|100/100
|-damage|p2a: Magnezone|84/100|[from] Spikes
|move|p1a: Iron Valiant|Moonblast|p2a: Magnezone
|-resisted|p2a: Magnezone
|-damage|p2a: Magnezone|60/100
|
|upkeep
|turn|7
|
|t:|1769376031
|-end|p1a: Iron Valiant|Quark Drive|[silent]
|switch|p1a: Excadrill|Excadrill, M|100/100
|-item|p1a: Excadrill|Air Balloon
|switch|p2a: Hatterene|Hatterene, F|100/100
|-damage|p2a: Hatterene|84/100|[from] Spikes
|
|-heal|p2a: Hatterene|90/100|[from] item: Leftovers
|upkeep
|turn|8
|
|t:|1769376046
|move|p1a: Excadrill|Rapid Spin|p2a: Hatterene
|-crit|p2a: Hatterene
|-damage|p2a: Hatterene|67/100
|-boost|p1a: Excadrill|spe|1
|move|p2a: Hatterene|Psychic|p1a: Excadrill
|-resisted|p1a: Excadrill
|-damage|p1a: Excadrill|74/100
|-enditem|p1a: Excadrill|Air Balloon
|
|-heal|p2a: Hatterene|73/100|[from] item: Leftovers
|upkeep
|turn|9
|
|t:|1769376058
|move|p1a: Excadrill|Iron Head|p2a: Hatterene
|-supereffective|p2a: Hatterene
|-damage|p2a: Hatterene|3/100
|move|p2a: Hatterene|Trick Room|p2a: Hatterene
|-fieldstart|move: Trick Room|[of] p2a: Hatterene
|
|-heal|p2a: Hatterene|9/100|[from] item: Leftovers
|upkeep
|turn|10
|
|t:|1769376075
|move|p2a: Hatterene|Psychic|p1a: Excadrill
|-resisted|p1a: Excadrill
|-damage|p1a: Excadrill|46/100
|move|p1a: Excadrill|Iron Head|p2a: Hatterene
|-supereffective|p2a: Hatterene
|-damage|p2a: Hatterene|0 fnt
|faint|p2a: Hatterene
|
|upkeep
|inactive|Blaxophone has 120 seconds left.
|
|t:|1769376087
|switch|p2a: Great Tusk|Great Tusk|71/100
|-damage|p2a: Great Tusk|55/100|[from] Spikes
|turn|11
|
|t:|1769376094
|switch|p1a: Dragapult|Dragapult, M|5/100
|move|p2a: Great Tusk|Ice Spinner|p1a: Dragapult
|-supereffective|p1a: Dragapult
|-damage|p1a: Dragapult|0 fnt
|faint|p1a: Dragapult
|
|upkeep
|
|t:|1769376101
|switch|p1a: Dragonite|Dragonite, F|100/100
|turn|12
|
|t:|1769376105
|move|p1a: Dragonite|Ice Spinner|p2a: Great Tusk
|-supereffective|p2a: Great Tusk
|-damage|p2a: Great Tusk|0 fnt
|faint|p2a: Great Tusk
|-end|p2a: Great Tusk|Protosynthesis|[silent]
|
|upkeep
|
|t:|1769376112
|switch|p2a: Magnezone|Magnezone|60/100
|-damage|p2a: Magnezone|43/100|[from] Spikes
|turn|13
|
|t:|1769376116
|switch|p1a: Excadrill|Excadrill, M|46/100
|move|p2a: Magnezone|Steel Beam|p1a: Excadrill
|-resisted|p1a: Excadrill
|-damage|p1a: Excadrill|0 fnt
|-damage|p2a: Magnezone|0 fnt|[from] steelbeam
|faint|p2a: Magnezone
|faint|p1a: Excadrill
|
|-fieldend|move: Trick Room
|upkeep
|
|t:|1769376127
|switch|p1a: Samurott|Samurott-Hisui, F|61/100
|switch|p2a: Ogerpon|Ogerpon-Wellspring, F|100/100
|-damage|p2a: Ogerpon|84/100|[from] Spikes
|turn|14
|
|t:|1769376136
|move|p1a: Samurott|Ceaseless Edge|p2a: Ogerpon
|-damage|p2a: Ogerpon|28/100
|-sidestart|p2: Blaxophone|Spikes
|move|p2a: Ogerpon|Play Rough|p1a: Samurott
|-supereffective|p1a: Samurott
|-damage|p1a: Samurott|0 fnt
|faint|p1a: Samurott
|
|upkeep
|
|t:|1769376147
|switch|p1a: Iron Valiant|Iron Valiant|58/100
|turn|15
|
|t:|1769376151
|move|p1a: Iron Valiant|Moonblast|p2a: Ogerpon
|-damage|p2a: Ogerpon|0 fnt
|faint|p2a: Ogerpon
|
|upkeep
|
|t:|1769376156
|switch|p2a: Cinderace|Cinderace, M|8/100
|turn|16
|
|t:|1769376161
|move|p2a: Cinderace|Court Change|p2a: Cinderace
|-start|p2a: Cinderace|typechange|Normal|[from] ability: Libero
|-swapsideconditions
|-activate|p2a: Cinderace|move: Court Change
|move|p1a: Iron Valiant|Moonblast|p2a: Cinderace
|-damage|p2a: Cinderace|0 fnt
|faint|p2a: Cinderace
|
|upkeep
|
|t:|1769376170
|switch|p2a: Dragonite|Dragonite, F|100/100
|turn|17
|
|t:|1769376181
|-terastallize|p2a: Dragonite|Flying
|move|p1a: Iron Valiant|Moonblast|p2a: Dragonite
|-damage|p2a: Dragonite|77/100
|move|p2a: Dragonite|Dragon Dance|p2a: Dragonite
|-boost|p2a: Dragonite|atk|1
|-boost|p2a: Dragonite|spe|1
|
|upkeep
|turn|18
|
|t:|1769376189
|move|p2a: Dragonite|Tera Blast|p1a: Iron Valiant|[anim] Tera Blast Flying
|-supereffective|p1a: Iron Valiant
|-damage|p1a: Iron Valiant|0 fnt
|faint|p1a: Iron Valiant
|-end|p1a: Iron Valiant|Quark Drive|[silent]
|
|upkeep
|
|t:|1769376195
|switch|p1a: Dragonite|Dragonite, F|100/100
|turn|19
|
|t:|1769376209
|-terastallize|p1a: Dragonite|Normal
|move|p2a: Dragonite|Tera Blast|p1a: Dragonite|[anim] Tera Blast Flying
|-damage|p1a: Dragonite|55/100
|move|p1a: Dragonite|Ice Spinner|p2a: Dragonite
|-supereffective|p2a: Dragonite
|-damage|p2a: Dragonite|0 fnt
|faint|p2a: Dragonite
|
|win|mrkah23
|raw|mrkah23's rating: 1678 &rarr; <strong>1695</strong><br />(+17 for winning)
|raw|Blaxophone's rating: 1626 &rarr; <strong>1609</strong><br />(-17 for losing)
|l|☆mrkah23
|player|p1|
|l|☆Blaxophone
|player|p2|
