|j|☆BIG NlGER RAPlST
|j|☆jingxinqiuyuebai
|t:|1769338670
|gametype|singles
|player|p1|BIG NlGER RAPlST|101|1045
|player|p2|jingxinqiuyuebai|n|1067
|gen|9
|tier|[Gen 9] OU
|rated|
|rule|HP Percentage Mod: HP is shown in percentages
|rule|Endless Battle Clause: Forcing endless battles is banned
|rule|Species Clause: Limit one of each Pokémon
|rule|OHKO Clause: OHKO moves are banned
|rule|Evasion Items Clause: Evasion items are banned
|rule|Evasion Moves Clause: Evasion moves are banned
|rule|Evasion Abilities Clause: Evasion abilities are banned
|rule|Sleep Moves Clause: Sleep-inducing moves are banned
|clearpoke
|poke|p1|Barraskewda, M|
|poke|p1|Iron Treads|
|poke|p1|Hatterene, F|
|poke|p1|Zapdos|
|poke|p1|Pelipper, F|
|poke|p1|Toxicroak, F|
|poke|p2|Glimmora, F|
|poke|p2|Great Tusk|
|poke|p2|Rillaboom, M|
|poke|p2|Cinderace, F|
|poke|p2|Walking Wake|
|poke|p2|Torkoal, M|
|teampreview
|
|t:|1769338678
|teamsize|p1|6
|teamsize|p2|6
|start
|switch|p1a: Zapdos|Zapdos, shiny|100/100
|switch|p2a: Glimmora|Glimmora, F|100/100
|turn|1
|
|t:|1769338684
|move|p1a: Zapdos|Volt Switch|p2a: Glimmora
|-damage|p2a: Glimmora|53/100
|
|t:|1769338688
|switch|p1a: Iron Treads|Iron Treads, shiny|100/100|[from] Volt Switch
|move|p2a: Glimmora|Stealth Rock|p1a: Iron Treads
|-sidestart|p1: BIG NlGER RAPlST|move: Stealth Rock
|
|upkeep
|turn|2
|
|t:|1769338699
|move|p1a: Iron Treads|Rapid Spin|p2a: Glimmora
|-resisted|p2a: Glimmora
|-damage|p2a: Glimmora|47/100
|-boost|p1a: Iron Treads|spe|1
|-activate|p2a: Glimmora|ability: Toxic Debris
|-sidestart|p1: BIG NlGER RAPlST|move: Toxic Spikes
|-sideend|p1: BIG NlGER RAPlST|Toxic Spikes|[from] move: Rapid Spin|[of] p1a: Iron Treads
|-sideend|p1: BIG NlGER RAPlST|Stealth Rock|[from] move: Rapid Spin|[of] p1a: Iron Treads
|move|p2a: Glimmora|Power Gem|p1a: Iron Treads
|-resisted|p1a: Iron Treads
|-damage|p1a: Iron Treads|93/100
|
|-heal|p1a: Iron Treads|99/100|[from] item: Leftovers
|upkeep
|turn|3
|
|t:|1769338714
|switch|p2a: Rillaboom|Rillaboom, M|100/100
|-fieldstart|move: Grassy Terrain|[from] ability: Grassy Surge|[of] p2a: Rillaboom
|move|p1a: Iron Treads|Stealth Rock|p2a: Rillaboom
|-sidestart|p2: jingxinqiuyuebai|move: Stealth Rock
|
|-heal|p1a: Iron Treads|100/100|[from] Grassy Terrain
|upkeep
|turn|4
|
|t:|1769338725
|-end|p1a: Iron Treads|Quark Drive|[silent]
|switch|p1a: Toxicroak|Toxicroak, F, shiny|100/100
|move|p2a: Rillaboom|Fake Out|p1a: Toxicroak
|-damage|p1a: Toxicroak|88/100
|-damage|p2a: Rillaboom|84/100|[from] item: Rocky Helmet|[of] p1a: Toxicroak
|
|-heal|p1a: Toxicroak|94/100|[from] Grassy Terrain
|-heal|p2a: Rillaboom|90/100|[from] Grassy Terrain
|upkeep
|turn|5
|
|t:|1769338737
|switch|p2a: Glimmora|Glimmora, F|47/100
|-damage|p2a: Glimmora|35/100|[from] Stealth Rock
|move|p1a: Toxicroak|Toxic|p2a: Glimmora
|-immune|p2a: Glimmora
|
|-heal|p1a: Toxicroak|99/100|[from] Grassy Terrain
|-heal|p2a: Glimmora|41/100|[from] Grassy Terrain
|upkeep
|turn|6
|
|t:|1769338747
|switch|p1a: Iron Treads|Iron Treads, shiny|100/100
|move|p2a: Glimmora|Stealth Rock|p1a: Iron Treads
|-sidestart|p1: BIG NlGER RAPlST|move: Stealth Rock
|
|-heal|p2a: Glimmora|47/100|[from] Grassy Terrain
|upkeep
|turn|7
|
|t:|1769338754
|move|p1a: Iron Treads|Rapid Spin|p2a: Glimmora
|-resisted|p2a: Glimmora
|-damage|p2a: Glimmora|42/100
|-boost|p1a: Iron Treads|spe|1
|-activate|p2a: Glimmora|ability: Toxic Debris
|-sidestart|p1: BIG NlGER RAPlST|move: Toxic Spikes
|-sideend|p1: BIG NlGER RAPlST|Toxic Spikes|[from] move: Rapid Spin|[of] p1a: Iron Treads
|-sideend|p1: BIG NlGER RAPlST|Stealth Rock|[from] move: Rapid Spin|[of] p1a: Iron Treads
|move|p2a: Glimmora|Power Gem|p1a: Iron Treads
|-resisted|p1a: Iron Treads
|-damage|p1a: Iron Treads|93/100
|
|-heal|p1a: Iron Treads|99/100|[from] Grassy Terrain
|-heal|p1a: Iron Treads|100/100|[from] item: Leftovers
|-heal|p2a: Glimmora|48/100|[from] Grassy Terrain
|-fieldend|move: Grassy Terrain
|upkeep
|turn|8
|
|t:|1769338769
|move|p1a: Iron Treads|Rapid Spin|p2a: Glimmora
|-resisted|p2a: Glimmora
|-damage|p2a: Glimmora|42/100
|-boost|p1a: Iron Treads|spe|1
|-activate|p2a: Glimmora|ability: Toxic Debris
|-sidestart|p1: BIG NlGER RAPlST|move: Toxic Spikes
|-sideend|p1: BIG NlGER RAPlST|Toxic Spikes|[from] move: Rapid Spin|[of] p1a: Iron Treads
|move|p2a: Glimmora|Power Gem|p1a: Iron Treads
|-resisted|p1a: Iron Treads
|-damage|p1a: Iron Treads|93/100
|
|-heal|p1a: Iron Treads|99/100|[from] item: Leftovers
|upkeep
|turn|9
|
|t:|1769338790
|switch|p2a: Walking Wake|Walking Wake|100/100
|-damage|p2a: Walking Wake|88/100|[from] Stealth Rock
|-enditem|p2a: Walking Wake|Booster Energy
|-activate|p2a: Walking Wake|ability: Protosynthesis|[fromitem]
|-start|p2a: Walking Wake|protosynthesisspa
|move|p1a: Iron Treads|Earthquake|p2a: Walking Wake
|-damage|p2a: Walking Wake|49/100
|
|-heal|p1a: Iron Treads|100/100|[from] item: Leftovers
|upkeep
|turn|10
|
|t:|1769338802
|move|p1a: Iron Treads|Volt Switch|p2a: Walking Wake
|-damage|p2a: Walking Wake|36/100
|
|t:|1769338811
|-end|p1a: Iron Treads|Quark Drive|[silent]
|switch|p1a: Hatterene|Hatterene, F, shiny|100/100|[from] Volt Switch
|move|p2a: Walking Wake|Hydro Steam|p1a: Hatterene
|-damage|p1a: Hatterene|48/100
|-enditem|p1a: Hatterene|Eject Button
|
|t:|1769338817
|switch|p1a: Barraskewda|Barraskewda, M, shiny|100/100
|
|upkeep
|turn|11
|
|t:|1769338826
|-end|p2a: Walking Wake|Protosynthesis|[silent]
|switch|p2a: Rillaboom|Rillaboom, M|90/100
|-damage|p2a: Rillaboom|78/100|[from] Stealth Rock
|-fieldstart|move: Grassy Terrain|[from] ability: Grassy Surge|[of] p2a: Rillaboom
|move|p1a: Barraskewda|Close Combat|p2a: Rillaboom
|-damage|p2a: Rillaboom|12/100
|-unboost|p1a: Barraskewda|def|1
|-unboost|p1a: Barraskewda|spd|1
|
|-heal|p2a: Rillaboom|19/100|[from] Grassy Terrain
|upkeep
|turn|12
|
|t:|1769338838
|switch|p1a: Toxicroak|Toxicroak, F, shiny|99/100
|move|p2a: Rillaboom|Fake Out|p1a: Toxicroak
|-damage|p1a: Toxicroak|85/100
|-damage|p2a: Rillaboom|2/100|[from] item: Rocky Helmet|[of] p1a: Toxicroak
|
|-heal|p1a: Toxicroak|92/100|[from] Grassy Terrain
|-heal|p2a: Rillaboom|8/100|[from] Grassy Terrain
|upkeep
|turn|13
|
|t:|1769338851
|switch|p2a: Torkoal|Torkoal, M|100/100
|-damage|p2a: Torkoal|76/100|[from] Stealth Rock
|-weather|SunnyDay|[from] ability: Drought|[of] p2a: Torkoal
|move|p1a: Toxicroak|Knock Off|p2a: Torkoal
|-crit|p2a: Torkoal
|-damage|p2a: Torkoal|49/100
|-enditem|p2a: Torkoal|Leftovers|[from] move: Knock Off|[of] p1a: Toxicroak
|
|-weather|SunnyDay|[upkeep]
|-damage|p1a: Toxicroak|79/100|[from] ability: Dry Skin|[of] p1a: Toxicroak
|-heal|p1a: Toxicroak|85/100|[from] Grassy Terrain
|-heal|p2a: Torkoal|55/100|[from] Grassy Terrain
|upkeep
|turn|14
|
|t:|1769338866
|switch|p1a: Pelipper|Pelipper, F, shiny|100/100
|-weather|RainDance|[from] ability: Drizzle|[of] p1a: Pelipper
|move|p2a: Torkoal|Rapid Spin|p1a: Pelipper
|-damage|p1a: Pelipper|93/100
|-boost|p2a: Torkoal|spe|1
|-sideend|p2: jingxinqiuyuebai|Stealth Rock|[from] move: Rapid Spin|[of] p2a: Torkoal
|
|-weather|RainDance|[upkeep]
|-heal|p2a: Torkoal|61/100|[from] Grassy Terrain
|upkeep
|turn|15
|
|t:|1769338885
|switch|p2a: Great Tusk|Great Tusk|100/100
|-enditem|p2a: Great Tusk|Booster Energy
|-activate|p2a: Great Tusk|ability: Protosynthesis|[fromitem]
|-start|p2a: Great Tusk|protosynthesisatk
|move|p1a: Pelipper|U-turn|p2a: Great Tusk
|-resisted|p2a: Great Tusk
|-damage|p2a: Great Tusk|97/100
|
|t:|1769338892
|switch|p1a: Barraskewda|Barraskewda, M, shiny|100/100|[from] U-turn
|
|-weather|RainDance|[upkeep]
|-heal|p2a: Great Tusk|100/100|[from] Grassy Terrain
|-fieldend|move: Grassy Terrain
|upkeep
|turn|16
|l|☆jingxinqiuyuebai
|player|p2|
|j|☆jingxinqiuyuebai
|player|p2|jingxinqiuyuebai|n|
|
|t:|1769338925
|-end|p2a: Great Tusk|Protosynthesis|[silent]
|switch|p2a: Torkoal|Torkoal, M|61/100
|-weather|SunnyDay|[from] ability: Drought|[of] p2a: Torkoal
|move|p1a: Barraskewda|Flip Turn|p2a: Torkoal
|-supereffective|p2a: Torkoal
|-damage|p2a: Torkoal|20/100
|inactive|Battle timer is ON: inactive players will automatically lose when time's up. (requested by BIG NlGER RAPlST)
|
|t:|1769338932
|switch|p1a: Pelipper|Pelipper, F, shiny|93/100|[from] Flip Turn
|-weather|RainDance|[from] ability: Drizzle|[of] p1a: Pelipper
|
|-weather|RainDance|[upkeep]
|upkeep
|turn|17
|-message|jingxinqiuyuebai forfeited.
|
|win|BIG NlGER RAPlST
|raw|BIG NlGER RAPlST's rating: 1078 &rarr; <strong>1105</strong><br />(+27 for winning)
|raw|jingxinqiuyuebai's rating: 1067 &rarr; <strong>1048</strong><br />(-19 for losing)
|l|☆jingxinqiuyuebai
|player|p2|
