|j|☆chibi tanjiro
|j|☆2004 Lexus GX470
|t:|1769405896
|gametype|singles
|player|p1|chibi tanjiro|101|1608
|player|p2|2004 Lexus GX470|rocketgruntf|1677
|gen|9
|tier|[Gen 9] OU
|rated|
|rule|HP Percentage Mod: HP is shown in percentages
|rule|Endless Battle Clause: Forcing endless battles is banned
|rule|Species Clause: Limit one of each Pokémon
|rule|OHKO Clause: OHKO moves are banned
|rule|Evasion Items Clause: Evasion items are banned
|rule|Evasion Moves Clause: Evasion moves are banned
|rule|Evasion Abilities Clause: Evasion abilities are banned
|rule|Sleep Moves Clause: Sleep-inducing moves are banned
|clearpoke
|poke|p1|Goodra-Hisui, F|
|poke|p1|Brambleghast, F|
|poke|p1|Landorus-Therian, M|
|poke|p1|Darkrai|
|poke|p1|Alomomola, M|
|poke|p1|Scream Tail|
|poke|p2|Rabsca, F|
|poke|p2|Kingambit, F|
|poke|p2|Iron Valiant|
|poke|p2|Great Tusk|
|poke|p2|Hatterene, F|
|poke|p2|Dragonite, M|
|teampreview
|j| xxblazefire
|
|t:|1769405913
|teamsize|p1|6
|teamsize|p2|6
|start
|switch|p1a: Landorus|Landorus-Therian, M|100/100
|switch|p2a: Mandatory|Iron Valiant|100/100
|-ability|p1a: Landorus|Intimidate|boost
|-unboost|p2a: Mandatory|atk|1
|-enditem|p2a: Mandatory|Booster Energy
|-activate|p2a: Mandatory|ability: Quark Drive|[fromitem]
|-start|p2a: Mandatory|quarkdrivespe
|turn|1
|inactive|Battle timer is ON: inactive players will automatically lose when time's up. (requested by chibi tanjiro)
|
|t:|1769405921
|move|p2a: Mandatory|Knock Off|p1a: Landorus
|-crit|p1a: Landorus
|-damage|p1a: Landorus|51/100
|-enditem|p1a: Landorus|Choice Band|[from] move: Knock Off|[of] p2a: Mandatory
|move|p1a: Landorus|Earthquake|p2a: Mandatory
|-damage|p2a: Mandatory|30/100
|
|upkeep
|turn|2
|
|t:|1769405931
|switch|p1a: Scream Tail|Scream Tail|100/100
|move|p2a: Mandatory|Moonblast|p1a: Scream Tail
|-damage|p1a: Scream Tail|69/100
|
|upkeep
|turn|3
|
|t:|1769405937
|-end|p2a: Mandatory|Quark Drive|[silent]
|switch|p2a: Bounce On It|Hatterene, F|100/100
|move|p1a: Scream Tail|Dazzling Gleam|p2a: Bounce On It
|-damage|p2a: Bounce On It|88/100
|
|upkeep
|turn|4
|j| KappaHalo
|j| Asrzzz
|
|t:|1769405960
|-end|p1a: Scream Tail|Protosynthesis|[silent]
|switch|p1a: Goodra|Goodra-Hisui, F|100/100
|move|p2a: Bounce On It|Mystical Fire|p1a: Goodra
|-damage|p1a: Goodra|91/100
|-unboost|p1a: Goodra|spa|1
|
|upkeep
|turn|5
|
|t:|1769405975
|switch|p2a: better for her|Rabsca, F|100/100
|move|p1a: Goodra|Knock Off|p2a: better for her
|-supereffective|p2a: better for her
|-damage|p2a: better for her|54/100
|-enditem|p2a: better for her|Weakness Policy
|-boost|p2a: better for her|atk|2|[from] item: Weakness Policy
|-boost|p2a: better for her|spa|2|[from] item: Weakness Policy
|
|upkeep
|turn|6
|
|t:|1769405980
|move|p1a: Goodra|Dragon Pulse|p2a: better for her
|-damage|p2a: better for her|33/100
|move|p2a: better for her|Trick Room|p2a: better for her
|-fieldstart|move: Trick Room|[of] p2a: better for her
|
|upkeep
|turn|7
|
|t:|1769405988
|move|p2a: better for her|Earth Power|p1a: Goodra
|-supereffective|p1a: Goodra
|-damage|p1a: Goodra|49/100
|move|p1a: Goodra|Knock Off|p2a: better for her
|-supereffective|p2a: better for her
|-damage|p2a: better for her|2/100
|
|upkeep
|turn|8
|
|t:|1769406004
|move|p2a: better for her|Bug Buzz|p1a: Goodra
|-resisted|p1a: Goodra
|-damage|p1a: Goodra|33/100
|move|p1a: Goodra|Knock Off|p2a: better for her
|-supereffective|p2a: better for her
|-damage|p2a: better for her|0 fnt
|faint|p2a: better for her
|
|upkeep
|
|t:|1769406016
|switch|p2a: Wiggie Smalls|Kingambit, F|100/100
|-activate|p2a: Wiggie Smalls|ability: Supreme Overlord
|-start|p2a: Wiggie Smalls|fallen1|[silent]
|turn|9
|
|t:|1769406022
|switch|p1a: Alomomola|Alomomola, M|100/100
|move|p2a: Wiggie Smalls|Swords Dance|p2a: Wiggie Smalls
|-boost|p2a: Wiggie Smalls|atk|2
|
|upkeep
|turn|10
|
|t:|1769406031
|move|p2a: Wiggie Smalls|Iron Head|p1a: Alomomola
|-resisted|p1a: Alomomola
|-damage|p1a: Alomomola|72/100
|cant|p1a: Alomomola|flinch
|
|-fieldend|move: Trick Room
|upkeep
|turn|11
|
|t:|1769406041
|move|p2a: Wiggie Smalls|Sucker Punch|p1a: Alomomola
|-damage|p1a: Alomomola|26/100
|move|p1a: Alomomola|Scald|p2a: Wiggie Smalls
|-damage|p2a: Wiggie Smalls|86/100
|-status|p2a: Wiggie Smalls|brn
|
|-heal|p2a: Wiggie Smalls|92/100 brn|[from] item: Leftovers
|-damage|p2a: Wiggie Smalls|86/100 brn|[from] brn
|upkeep
|turn|12
|j| MakX70
|j| gsdrgxdgsdrg
|
|t:|1769406047
|switch|p1a: Landorus|Landorus-Therian, M|51/100
|-ability|p1a: Landorus|Intimidate|boost
|-unboost|p2a: Wiggie Smalls|atk|1
|move|p2a: Wiggie Smalls|Swords Dance|p2a: Wiggie Smalls
|-boost|p2a: Wiggie Smalls|atk|2
|
|-heal|p2a: Wiggie Smalls|92/100 brn|[from] item: Leftovers
|-damage|p2a: Wiggie Smalls|86/100 brn|[from] brn
|upkeep
|turn|13
|
|t:|1769406053
|move|p1a: Landorus|Earthquake|p2a: Wiggie Smalls
|-supereffective|p2a: Wiggie Smalls
|-damage|p2a: Wiggie Smalls|10/100 brn
|move|p2a: Wiggie Smalls|Iron Head|p1a: Landorus
|-damage|p1a: Landorus|0 fnt
|faint|p1a: Landorus
|
|-heal|p2a: Wiggie Smalls|16/100 brn|[from] item: Leftovers
|-damage|p2a: Wiggie Smalls|10/100 brn|[from] brn
|upkeep
|
|t:|1769406063
|switch|p1a: Alomomola|Alomomola, M|59/100
|turn|14
|
|t:|1769406073
|move|p1a: Alomomola|Wish|p1a: Alomomola
|move|p2a: Wiggie Smalls|Iron Head|p1a: Alomomola
|-resisted|p1a: Alomomola
|-damage|p1a: Alomomola|42/100
|
|-heal|p2a: Wiggie Smalls|16/100 brn|[from] item: Leftovers
|-damage|p2a: Wiggie Smalls|10/100 brn|[from] brn
|upkeep
|turn|15
|
|t:|1769406082
|-end|p2a: Wiggie Smalls|fallen1|[silent]
|switch|p2a: To The Moon|Dragonite, M|100/100
|move|p1a: Alomomola|Tickle|p2a: To The Moon
|-unboost|p2a: To The Moon|atk|1
|-unboost|p2a: To The Moon|def|1
|
|-heal|p1a: Alomomola|92/100|[from] move: Wish|[wisher] Alomomola
|upkeep
|turn|16
|
|t:|1769406088
|switch|p2a: Bounce On It|Hatterene, F|88/100
|move|p1a: Alomomola|Flip Turn|p2a: Bounce On It
|-damage|p2a: Bounce On It|73/100
|
|t:|1769406094
|switch|p1a: Brambleghast|Brambleghast, F|100/100|[from] Flip Turn
|
|upkeep
|turn|17
|
|t:|1769406098
|switch|p2a: Wiggie Smalls|Kingambit, F|10/100 brn
|-activate|p2a: Wiggie Smalls|ability: Supreme Overlord
|-start|p2a: Wiggie Smalls|fallen1|[silent]
|move|p1a: Brambleghast|Poltergeist|p2a: Wiggie Smalls
|-activate|p2a: Wiggie Smalls|move: Poltergeist|Leftovers
|-resisted|p2a: Wiggie Smalls
|-damage|p2a: Wiggie Smalls|0 fnt
|faint|p2a: Wiggie Smalls
|-end|p2a: Wiggie Smalls|fallen1|[silent]
|
|upkeep
|
|t:|1769406106
|switch|p2a: Mandatory|Iron Valiant|30/100
|turn|18
|
|t:|1769406132
|switch|p1a: Goodra|Goodra-Hisui, F|33/100
|move|p2a: Mandatory|Knock Off|p1a: Goodra
|-crit|p1a: Goodra
|-damage|p1a: Goodra|0 fnt
|-enditem|p1a: Goodra|Assault Vest|[from] move: Knock Off|[of] p2a: Mandatory
|faint|p1a: Goodra
|
|upkeep
|inactive|chibi tanjiro has 120 seconds left.
|
|t:|1769406144
|switch|p1a: Darkrai|Darkrai|100/100
|turn|19
|
|t:|1769406151
|-end|p2a: Mandatory|Quark Drive|[silent]
|switch|p2a: Bounce On It|Hatterene, F|73/100
|move|p1a: Darkrai|Ice Beam|p2a: Bounce On It
|-damage|p2a: Bounce On It|52/100
|
|upkeep
|turn|20
|
|t:|1769406155
|switch|p1a: Scream Tail|Scream Tail|69/100
|move|p2a: Bounce On It|Nuzzle|p1a: Scream Tail
|-damage|p1a: Scream Tail|66/100
|-status|p1a: Scream Tail|par
|
|upkeep
|turn|21
|
|t:|1769406170
|move|p1a: Scream Tail|Psychic Noise|p2a: Bounce On It
|-resisted|p2a: Bounce On It
|-damage|p2a: Bounce On It|47/100
|-start|p2a: Bounce On It|move: Heal Block
|move|p2a: Bounce On It|Future Sight|p1a: Scream Tail
|-start|p2a: Bounce On It|move: Future Sight
|
|upkeep
|turn|22
|
|t:|1769406179
|-end|p1a: Scream Tail|Protosynthesis|[silent]
|switch|p1a: Darkrai|Darkrai|100/100
|move|p2a: Bounce On It|Mystical Fire|p1a: Darkrai
|-damage|p1a: Darkrai|62/100
|-unboost|p1a: Darkrai|spa|1
|
|-end|p2a: Bounce On It|move: Heal Block
|upkeep
|turn|23
|
|t:|1769406196
|move|p1a: Darkrai|Trick|p2a: Bounce On It
|-activate|p1a: Darkrai|move: Trick|[of] p2a: Bounce On It
|-item|p2a: Bounce On It|Choice Scarf|[from] move: Trick
|-item|p1a: Darkrai|Assault Vest|[from] move: Trick
|move|p2a: Bounce On It|Draining Kiss|p1a: Darkrai
|-supereffective|p1a: Darkrai
|-damage|p1a: Darkrai|13/100
|-heal|p2a: Bounce On It|80/100|[from] drain|[of] p1a: Darkrai
|
|-end|p1a: Darkrai|move: Future Sight
|-immune|p1a: Darkrai
|upkeep
|turn|24
|
|t:|1769406205
|move|p1a: Darkrai|Sludge Bomb|p2a: Bounce On It
|-supereffective|p2a: Bounce On It
|-damage|p2a: Bounce On It|43/100
|-status|p2a: Bounce On It|psn
|move|p2a: Bounce On It|Draining Kiss|p1a: Darkrai
|-supereffective|p1a: Darkrai
|-damage|p1a: Darkrai|0 fnt
|-heal|p2a: Bounce On It|51/100 psn|[from] drain|[of] p1a: Darkrai
|faint|p1a: Darkrai
|
|-damage|p2a: Bounce On It|39/100 psn|[from] psn
|upkeep
|l| KappaHalo
|l| gsdrgxdgsdrg
|
|t:|1769406218
|switch|p1a: Brambleghast|Brambleghast, F|100/100
|turn|25
|
|t:|1769406221
|move|p1a: Brambleghast|Poltergeist|p2a: Bounce On It
|-activate|p2a: Bounce On It|move: Poltergeist|Choice Scarf
|-supereffective|p2a: Bounce On It
|-damage|p2a: Bounce On It|0 fnt
|faint|p2a: Bounce On It
|
|upkeep
|
|t:|1769406226
|switch|p2a: Mandatory|Iron Valiant|30/100
|turn|26
|
|t:|1769406236
|move|p1a: Brambleghast|Shadow Sneak|p2a: Mandatory
|-damage|p2a: Mandatory|4/100
|move|p2a: Mandatory|Knock Off|p1a: Brambleghast
|-supereffective|p1a: Brambleghast
|-damage|p1a: Brambleghast|0 fnt
|-enditem|p1a: Brambleghast|Heavy-Duty Boots|[from] move: Knock Off|[of] p2a: Mandatory
|faint|p1a: Brambleghast
|
|upkeep
|
|t:|1769406240
|switch|p1a: Scream Tail|Scream Tail|66/100 par
|turn|27
|
|t:|1769406245
|move|p2a: Mandatory|Knock Off|p1a: Scream Tail
|-damage|p1a: Scream Tail|44/100 par
|-enditem|p1a: Scream Tail|Heavy-Duty Boots|[from] move: Knock Off|[of] p2a: Mandatory
|move|p1a: Scream Tail|Dazzling Gleam|p2a: Mandatory
|-supereffective|p2a: Mandatory
|-damage|p2a: Mandatory|0 fnt
|faint|p2a: Mandatory
|-end|p2a: Mandatory|Quark Drive|[silent]
|
|upkeep
|
|t:|1769406260
|switch|p2a: Statutory|Great Tusk|100/100
|turn|28
|
|t:|1769406266
|-end|p1a: Scream Tail|Protosynthesis|[silent]
|switch|p1a: Alomomola|Alomomola, M|100/100
|move|p2a: Statutory|Headlong Rush|p1a: Alomomola
|-damage|p1a: Alomomola|73/100
|-unboost|p2a: Statutory|def|1
|-unboost|p2a: Statutory|spd|1
|
|upkeep
|turn|29
|
|t:|1769406271
|move|p2a: Statutory|Stealth Rock|p1a: Alomomola
|-sidestart|p1: chibi tanjiro|move: Stealth Rock
|move|p1a: Alomomola|Wish|p1a: Alomomola
|
|upkeep
|turn|30
|
|t:|1769406274
|move|p2a: Statutory|Headlong Rush|p1a: Alomomola
|-damage|p1a: Alomomola|48/100
|-unboost|p2a: Statutory|def|1
|-unboost|p2a: Statutory|spd|1
|move|p1a: Alomomola|Scald|p2a: Statutory
|-supereffective|p2a: Statutory
|-damage|p2a: Statutory|25/100
|
|-heal|p1a: Alomomola|98/100|[from] move: Wish|[wisher] Alomomola
|upkeep
|turn|31
|
|t:|1769406281
|move|p2a: Statutory|Headlong Rush|p1a: Alomomola
|-damage|p1a: Alomomola|71/100
|-unboost|p2a: Statutory|def|1
|-unboost|p2a: Statutory|spd|1
|move|p1a: Alomomola|Wish|p1a: Alomomola
|
|upkeep
|turn|32
|
|t:|1769406285
|move|p2a: Statutory|Headlong Rush|p1a: Alomomola
|-crit|p1a: Alomomola
|-damage|p1a: Alomomola|33/100
|-unboost|p2a: Statutory|def|1
|-unboost|p2a: Statutory|spd|1
|move|p1a: Alomomola|Scald|p2a: Statutory
|-supereffective|p2a: Statutory
|-damage|p2a: Statutory|0 fnt
|faint|p2a: Statutory
|-end|p2a: Statutory|Protosynthesis|[silent]
|
|-heal|p1a: Alomomola|83/100|[from] move: Wish|[wisher] Alomomola
|upkeep
|
|t:|1769406288
|switch|p2a: To The Moon|Dragonite, M|100/100
|turn|33
|
|t:|1769406290
|move|p2a: To The Moon|Dragon Dance|p2a: To The Moon
|-boost|p2a: To The Moon|atk|1
|-boost|p2a: To The Moon|spe|1
|move|p1a: Alomomola|Scald|p2a: To The Moon
|-resisted|p2a: To The Moon
|-damage|p2a: To The Moon|97/100
|
|upkeep
|turn|34
|
|t:|1769406292
|move|p2a: To The Moon|Dragon Dance|p2a: To The Moon
|-boost|p2a: To The Moon|atk|1
|-boost|p2a: To The Moon|spe|1
|move|p1a: Alomomola|Scald|p2a: To The Moon
|-resisted|p2a: To The Moon
|-damage|p2a: To The Moon|89/100
|
|upkeep
|turn|35
|
|t:|1769406298
|-terastallize|p2a: To The Moon|Flying
|move|p2a: To The Moon|Tera Blast|p1a: Alomomola|[anim] Tera Blast Flying
|-damage|p1a: Alomomola|20/100
|move|p1a: Alomomola|Scald|p2a: To The Moon
|-damage|p2a: To The Moon|74/100
|
|upkeep
|turn|36
|
|t:|1769406303
|move|p2a: To The Moon|Tera Blast|p1a: Alomomola|[anim] Tera Blast Flying
|-damage|p1a: Alomomola|0 fnt
|faint|p1a: Alomomola
|
|upkeep
|l| MakX70
|
|t:|1769406304
|switch|p1a: Scream Tail|Scream Tail|44/100 par
|-damage|p1a: Scream Tail|31/100 par|[from] Stealth Rock
|turn|37
|c|☆2004 Lexus GX470|covert
|
|t:|1769406308
|move|p2a: To The Moon|Tera Blast|p1a: Scream Tail|[anim] Tera Blast Flying
|-damage|p1a: Scream Tail|0 fnt
|faint|p1a: Scream Tail
|-end|p1a: Scream Tail|Protosynthesis|[silent]
|
|win|2004 Lexus GX470
|raw|chibi tanjiro's rating: 1608 &rarr; <strong>1592</strong><br />(-16 for losing)
|raw|2004 Lexus GX470's rating: 1677 &rarr; <strong>1693</strong><br />(+16 for winning)
|c|☆chibi tanjiro|Gg
|c|☆2004 Lexus GX470|gg
|l|☆chibi tanjiro
|player|p1|
|l|☆2004 Lexus GX470
|player|p2|
|l| Asrzzz
