|j|☆Miko987
|j|☆FaizBKing
|t:|1769445041
|gametype|singles
|player|p1|Miko987|dawn|1086
|player|p2|FaizBKing|1|1100
|gen|9
|tier|[Gen 9] OU
|rated|
|rule|HP Percentage Mod: HP is shown in percentages
|rule|Endless Battle Clause: Forcing endless battles is banned
|rule|Species Clause: Limit one of each Pokémon
|rule|OHKO Clause: OHKO moves are banned
|rule|Evasion Items Clause: Evasion items are banned
|rule|Evasion Moves Clause: Evasion moves are banned
|rule|Evasion Abilities Clause: Evasion abilities are banned
|rule|Sleep Moves Clause: Sleep-inducing moves are banned
|clearpoke
|poke|p1|Froslass, F|
|poke|p1|Typhlosion-Hisui, F|
|poke|p1|Ampharos, M|
|poke|p1|Primarina, F|
|poke|p1|Dragonite, M|
|poke|p1|Chansey, F|
|poke|p2|Gliscor, M|
|poke|p2|Dragapult, F|
|poke|p2|Gholdengo|
|poke|p2|Iron Moth|
|poke|p2|Ogerpon-Wellspring, F|
|poke|p2|Primarina, F|
|teampreview
|inactive|Battle timer is ON: inactive players will automatically lose when time's up. (requested by FaizBKing)
|
|t:|1769445055
|teamsize|p1|6
|teamsize|p2|6
|start
|switch|p1a: Icequeen|Froslass, F|100/100
|switch|p2a: Ogerpon|Ogerpon-Wellspring, F|100/100
|turn|1
|inactive|FaizBKing has 120 seconds left.
|
|t:|1769445088
|-terastallize|p2a: Ogerpon|Water
|detailschange|p2a: Ogerpon|Ogerpon-Wellspring-Tera, F, tera:Water
|-ability|p2a: Ogerpon|Embody Aspect (Wellspring)|boost
|-boost|p2a: Ogerpon|spd|1
|move|p1a: Icequeen|Taunt|p2a: Ogerpon
|-start|p2a: Ogerpon|move: Taunt
|cant|p2a: Ogerpon|move: Taunt|Swords Dance
|
|upkeep
|turn|2
|inactive|FaizBKing has 120 seconds left.
|
|t:|1769445105
|move|p1a: Icequeen|Spikes|p2a: Ogerpon
|-sidestart|p2: FaizBKing|Spikes
|move|p2a: Ogerpon|Power Whip|p1a: Icequeen
|-damage|p1a: Icequeen|0 fnt
|-start|p2a: Ogerpon|Disable|Power Whip|[from] ability: Cursed Body|[of] p1a: Icequeen
|faint|p1a: Icequeen
|
|upkeep
|
|t:|1769445113
|switch|p1a: Volty|Ampharos, M|100/100
|turn|3
|
|t:|1769445119
|switch|p2a: Gliscor|Gliscor, M|100/100
|move|p1a: Volty|Focus Blast|p2a: Gliscor
|-resisted|p2a: Gliscor
|-damage|p2a: Gliscor|76/100
|
|-status|p2a: Gliscor|tox|[from] item: Toxic Orb
|upkeep
|turn|4
|
|t:|1769445128
|switch|p1a: La Gorda|Chansey, F|100/100
|move|p2a: Gliscor|Earthquake|p1a: La Gorda
|-damage|p1a: La Gorda|75/100
|
|-heal|p2a: Gliscor|88/100 tox|[from] ability: Poison Heal
|upkeep
|turn|5
|
|t:|1769445143
|move|p2a: Gliscor|Stealth Rock|p1a: La Gorda
|-sidestart|p1: Miko987|move: Stealth Rock
|move|p1a: La Gorda|Stealth Rock|p2a: Gliscor
|-sidestart|p2: FaizBKing|move: Stealth Rock
|
|-heal|p2a: Gliscor|99/100 tox|[from] ability: Poison Heal
|upkeep
|turn|6
|
|t:|1769445151
|move|p2a: Gliscor|Spikes|p1a: La Gorda
|-sidestart|p1: Miko987|Spikes
|move|p1a: La Gorda|Seismic Toss|p2a: Gliscor
|-damage|p2a: Gliscor|70/100 tox
|
|-heal|p2a: Gliscor|82/100 tox|[from] ability: Poison Heal
|upkeep
|turn|7
|
|t:|1769445163
|move|p2a: Gliscor|Spikes|p1a: La Gorda
|-sidestart|p1: Miko987|Spikes
|move|p1a: La Gorda|Seismic Toss|p2a: Gliscor
|-damage|p2a: Gliscor|52/100 tox
|
|-heal|p2a: Gliscor|65/100 tox|[from] ability: Poison Heal
|upkeep
|turn|8
|
|t:|1769445170
|move|p2a: Gliscor|Stone Edge|p1a: La Gorda
|-damage|p1a: La Gorda|60/100
|move|p1a: La Gorda|Seismic Toss|p2a: Gliscor
|-damage|p2a: Gliscor|35/100 tox
|
|-heal|p2a: Gliscor|47/100 tox|[from] ability: Poison Heal
|upkeep
|turn|9
|
|t:|1769445177
|move|p2a: Gliscor|Spikes|p1a: La Gorda
|-sidestart|p1: Miko987|Spikes
|move|p1a: La Gorda|Soft-Boiled|p1a: La Gorda
|-heal|p1a: La Gorda|100/100
|
|-heal|p2a: Gliscor|59/100 tox|[from] ability: Poison Heal
|upkeep
|turn|10
|
|t:|1769445186
|move|p2a: Gliscor|Earthquake|p1a: La Gorda
|-damage|p1a: La Gorda|78/100
|move|p1a: La Gorda|Seismic Toss|p2a: Gliscor
|-damage|p2a: Gliscor|29/100 tox
|
|-heal|p2a: Gliscor|42/100 tox|[from] ability: Poison Heal
|upkeep
|turn|11
|
|t:|1769445194
|move|p2a: Gliscor|Earthquake|p1a: La Gorda
|-damage|p1a: La Gorda|55/100
|move|p1a: La Gorda|Seismic Toss|p2a: Gliscor
|-damage|p2a: Gliscor|12/100 tox
|
|-heal|p2a: Gliscor|24/100 tox|[from] ability: Poison Heal
|upkeep
|turn|12
|
|t:|1769445201
|move|p2a: Gliscor|Earthquake|p1a: La Gorda
|-damage|p1a: La Gorda|32/100
|move|p1a: La Gorda|Soft-Boiled|p1a: La Gorda
|-heal|p1a: La Gorda|82/100
|
|-heal|p2a: Gliscor|36/100 tox|[from] ability: Poison Heal
|upkeep
|turn|13
|
|t:|1769445208
|move|p2a: Gliscor|Earthquake|p1a: La Gorda
|-damage|p1a: La Gorda|59/100
|move|p1a: La Gorda|Seismic Toss|p2a: Gliscor
|-damage|p2a: Gliscor|6/100 tox
|
|-heal|p2a: Gliscor|19/100 tox|[from] ability: Poison Heal
|upkeep
|turn|14
|
|t:|1769445216
|move|p2a: Gliscor|Earthquake|p1a: La Gorda
|-damage|p1a: La Gorda|37/100
|move|p1a: La Gorda|Seismic Toss|p2a: Gliscor
|-damage|p2a: Gliscor|0 fnt
|faint|p2a: Gliscor
|
|upkeep
|
|t:|1769445227
|switch|p2a: Ogerpon|Ogerpon-Wellspring-Tera, F, tera:Water|100/100
|-damage|p2a: Ogerpon|88/100|[from] Spikes
|-damage|p2a: Ogerpon|76/100|[from] Stealth Rock
|-ability|p2a: Ogerpon|Embody Aspect (Wellspring)|boost
|-boost|p2a: Ogerpon|spd|1
|turn|15
|
|t:|1769445234
|move|p2a: Ogerpon|Swords Dance|p2a: Ogerpon
|-boost|p2a: Ogerpon|atk|2
|move|p1a: La Gorda|Soft-Boiled|p1a: La Gorda
|-heal|p1a: La Gorda|87/100
|
|upkeep
|turn|16
|
|t:|1769445244
|move|p2a: Ogerpon|Power Whip|p1a: La Gorda
|-damage|p1a: La Gorda|2/100
|move|p1a: La Gorda|Thunder Wave|p2a: Ogerpon
|-status|p2a: Ogerpon|par
|
|upkeep
|turn|17
|
|t:|1769445255
|move|p2a: Ogerpon|Ivy Cudgel|p1a: La Gorda|[anim] Ivy Cudgel Water
|-damage|p1a: La Gorda|0 fnt
|faint|p1a: La Gorda
|
|upkeep
|
|t:|1769445260
|switch|p1a: Volty|Ampharos, M|100/100
|turn|18
|inactive|FaizBKing has 120 seconds left.
|
|t:|1769445293
|switch|p2a: Gholdengo|Gholdengo|100/100
|-damage|p2a: Gholdengo|94/100|[from] Stealth Rock
|-item|p2a: Gholdengo|Air Balloon
|move|p1a: Volty|Thunderbolt|p2a: Gholdengo
|-damage|p2a: Gholdengo|52/100
|-enditem|p2a: Gholdengo|Air Balloon
|
|upkeep
|turn|19
|
|t:|1769445314
|-terastallize|p1a: Volty|Fairy
|move|p2a: Gholdengo|Nasty Plot|p2a: Gholdengo
|-boost|p2a: Gholdengo|spa|2
|move|p1a: Volty|Dragon Pulse|p2a: Gholdengo
|-resisted|p2a: Gholdengo
|-damage|p2a: Gholdengo|40/100
|
|upkeep
|turn|20
|
|t:|1769445323
|move|p2a: Gholdengo|Make It Rain|p1a: Volty
|-supereffective|p1a: Volty
|-damage|p1a: Volty|0 fnt
|-unboost|p2a: Gholdengo|spa|1
|faint|p1a: Volty
|
|upkeep
|
|t:|1769445332
|switch|p1a: Rexi|Typhlosion-Hisui, F|100/100
|-damage|p1a: Rexi|76/100|[from] Stealth Rock
|-damage|p1a: Rexi|51/100|[from] Spikes
|turn|21
|
|t:|1769445345
|switch|p2a: Ogerpon|Ogerpon-Wellspring-Tera, F, tera:Water|76/100 par
|-damage|p2a: Ogerpon|63/100 par|[from] Spikes
|-damage|p2a: Ogerpon|51/100 par|[from] Stealth Rock
|-ability|p2a: Ogerpon|Embody Aspect (Wellspring)|boost
|-boost|p2a: Ogerpon|spd|1
|move|p1a: Rexi|Eruption|p2a: Ogerpon
|-resisted|p2a: Ogerpon
|-damage|p2a: Ogerpon|38/100 par
|
|upkeep
|turn|22
|
|t:|1769445356
|switch|p1a: Primarina|Primarina, F|100/100
|-damage|p1a: Primarina|88/100|[from] Stealth Rock
|-damage|p1a: Primarina|63/100|[from] Spikes
|move|p2a: Ogerpon|Ivy Cudgel|p1a: Primarina|[anim] Ivy Cudgel Water
|-resisted|p1a: Primarina
|-damage|p1a: Primarina|21/100
|
|-heal|p1a: Primarina|27/100|[from] item: Leftovers
|upkeep
|turn|23
|
|t:|1769445368
|move|p2a: Ogerpon|Power Whip|p1a: Primarina
|-supereffective|p1a: Primarina
|-damage|p1a: Primarina|0 fnt
|faint|p1a: Primarina
|
|upkeep
|
|t:|1769445374
|switch|p1a: Ac|Dragonite, M|100/100
|turn|24
|
|t:|1769445385
|move|p1a: Ac|Dragon Dance|p1a: Ac
|-boost|p1a: Ac|atk|1
|-boost|p1a: Ac|spe|1
|move|p2a: Ogerpon|Play Rough|p1a: Ac
|-supereffective|p1a: Ac
|-damage|p1a: Ac|63/100
|
|upkeep
|turn|25
|
|t:|1769445395
|move|p1a: Ac|Dragon Claw|p2a: Ogerpon
|-damage|p2a: Ogerpon|0 fnt
|faint|p2a: Ogerpon
|detailschange|p2: Ogerpon|Ogerpon-Wellspring, F|[silent]
|
|upkeep
|
|t:|1769445400
|switch|p2a: Primarina|Primarina, F|100/100
|-damage|p2a: Primarina|88/100|[from] Spikes
|-damage|p2a: Primarina|76/100|[from] Stealth Rock
|turn|26
|
|t:|1769445410
|move|p1a: Ac|Earthquake|p2a: Primarina
|-damage|p2a: Primarina|12/100
|move|p2a: Primarina|Moonblast|p1a: Ac
|-supereffective|p1a: Ac
|-damage|p1a: Ac|0 fnt
|faint|p1a: Ac
|
|-heal|p2a: Primarina|18/100|[from] item: Leftovers
|upkeep
|
|t:|1769445420
|switch|p1a: Rexi|Typhlosion-Hisui, F|51/100
|-damage|p1a: Rexi|26/100|[from] Stealth Rock
|-damage|p1a: Rexi|2/100|[from] Spikes
|-item|p2a: Primarina|Leftovers|[from] ability: Frisk|[of] p1a: Rexi
|turn|27
|
|t:|1769445428
|move|p1a: Rexi|Shadow Ball|p2a: Primarina
|-damage|p2a: Primarina|0 fnt
|faint|p2a: Primarina
|
|upkeep
|
|t:|1769445436
|switch|p2a: Dragapult|Dragapult, F|100/100
|-damage|p2a: Dragapult|88/100|[from] Spikes
|-damage|p2a: Dragapult|76/100|[from] Stealth Rock
|turn|28
|
|t:|1769445445
|move|p1a: Rexi|Shadow Ball|p2a: Dragapult
|-supereffective|p2a: Dragapult
|-damage|p2a: Dragapult|0 fnt
|faint|p2a: Dragapult
|
|upkeep
|
|t:|1769445450
|switch|p2a: Iron Moth|Iron Moth|100/100
|-damage|p2a: Iron Moth|76/100|[from] Stealth Rock
|-item|p2a: Iron Moth|Air Balloon
|turn|29
|
|t:|1769445474
|move|p1a: Rexi|Shadow Ball|p2a: Iron Moth
|-damage|p2a: Iron Moth|33/100
|-enditem|p2a: Iron Moth|Air Balloon
|move|p2a: Iron Moth|Sludge Wave|p1a: Rexi
|-resisted|p1a: Rexi
|-damage|p1a: Rexi|0 fnt
|faint|p1a: Rexi
|
|win|FaizBKing
|raw|Miko987's rating: 1086 &rarr; <strong>1064</strong><br />(-22 for losing)
|raw|FaizBKing's rating: 1100 &rarr; <strong>1124</strong><br />(+24 for winning)
