|j|☆Darkmaniman+Minus
|j|☆DirkDiggler420
|t:|1769381651
|gametype|singles
|player|p1|Darkmaniman+Minus|102|1533
|player|p2|DirkDiggler420|linebacker|1625
|gen|9
|tier|[Gen 9] OU
|rated|
|rule|HP Percentage Mod: HP is shown in percentages
|rule|Endless Battle Clause: Forcing endless battles is banned
|rule|Species Clause: Limit one of each Pokémon
|rule|OHKO Clause: OHKO moves are banned
|rule|Evasion Items Clause: Evasion items are banned
|rule|Evasion Moves Clause: Evasion moves are banned
|rule|Evasion Abilities Clause: Evasion abilities are banned
|rule|Sleep Moves Clause: Sleep-inducing moves are banned
|clearpoke
|poke|p1|Rillaboom, M|
|poke|p1|Drifblim, F|
|poke|p1|Gholdengo|
|poke|p1|Great Tusk|
|poke|p1|Kingambit, M|
|poke|p1|Moltres|
|poke|p2|Primarina, M|
|poke|p2|Ceruledge, M|
|poke|p2|Great Tusk|
|poke|p2|Darkrai|
|poke|p2|Zapdos|
|poke|p2|Ogerpon-Cornerstone, F|
|teampreview
|
|t:|1769381667
|teamsize|p1|6
|teamsize|p2|6
|start
|switch|p1a: Moltres|Moltres|100/100
|switch|p2a: Darkrai|Darkrai|100/100
|turn|1
|
|t:|1769381671
|move|p2a: Darkrai|Dark Pulse|p1a: Moltres
|-damage|p1a: Moltres|50/100
|move|p1a: Moltres|U-turn|p2a: Darkrai
|-supereffective|p2a: Darkrai
|-damage|p2a: Darkrai|59/100
|
|t:|1769381676
|switch|p1a: Rillaboom|Rillaboom, M|100/100|[from] U-turn
|-fieldstart|move: Grassy Terrain|[from] ability: Grassy Surge|[of] p1a: Rillaboom
|
|-heal|p2a: Darkrai|65/100|[from] Grassy Terrain
|upkeep
|turn|2
|
|t:|1769381681
|switch|p2a: Zapdos|Zapdos|100/100
|move|p1a: Rillaboom|Knock Off|p2a: Zapdos
|-damage|p2a: Zapdos|54/100
|-enditem|p2a: Zapdos|Heavy-Duty Boots|[from] move: Knock Off|[of] p1a: Rillaboom
|
|upkeep
|turn|3
|
|t:|1769381711
|switch|p1a: Gholdengo|Gholdengo|100/100
|-item|p1a: Gholdengo|Air Balloon
|move|p2a: Zapdos|Volt Switch|p1a: Gholdengo
|-damage|p1a: Gholdengo|65/100
|-enditem|p1a: Gholdengo|Air Balloon
|
|t:|1769381715
|switch|p2a: Darkrai|Darkrai|65/100|[from] Volt Switch
|
|-heal|p2a: Darkrai|71/100|[from] Grassy Terrain
|-heal|p1a: Gholdengo|71/100|[from] Grassy Terrain
|upkeep
|turn|4
|
|t:|1769381723
|switch|p1a: Great Tusk|Great Tusk|100/100
|move|p2a: Darkrai|Dark Pulse|p1a: Great Tusk
|-resisted|p1a: Great Tusk
|-damage|p1a: Great Tusk|69/100
|
|-heal|p2a: Darkrai|77/100|[from] Grassy Terrain
|-heal|p1a: Great Tusk|75/100|[from] Grassy Terrain
|upkeep
|turn|5
|
|t:|1769381726
|move|p2a: Darkrai|Ice Beam|p1a: Great Tusk
|-supereffective|p1a: Great Tusk
|-damage|p1a: Great Tusk|0 fnt
|faint|p1a: Great Tusk
|-end|p1a: Great Tusk|Protosynthesis|[silent]
|
|-heal|p2a: Darkrai|83/100|[from] Grassy Terrain
|upkeep
|
|t:|1769381731
|switch|p1a: Rillaboom|Rillaboom, M|100/100
|turn|6
|
|t:|1769381738
|switch|p2a: Ceruledge|Ceruledge, M|100/100
|move|p1a: Rillaboom|U-turn|p2a: Ceruledge
|-resisted|p2a: Ceruledge
|-damage|p2a: Ceruledge|91/100
|-ability|p2a: Ceruledge|Weak Armor|boost
|-unboost|p2a: Ceruledge|def|1
|-boost|p2a: Ceruledge|spe|2
|
|t:|1769381743
|switch|p1a: Kingambit|Kingambit, M|100/100|[from] U-turn
|-activate|p1a: Kingambit|ability: Supreme Overlord
|-start|p1a: Kingambit|fallen1|[silent]
|
|-heal|p2a: Ceruledge|97/100|[from] Grassy Terrain
|upkeep
|turn|7
|
|t:|1769381751
|switch|p2a: Great Tusk|Great Tusk|100/100
|-enditem|p2a: Great Tusk|Booster Energy
|-activate|p2a: Great Tusk|ability: Protosynthesis|[fromitem]
|-start|p2a: Great Tusk|protosynthesisatk
|move|p1a: Kingambit|Kowtow Cleave|p2a: Great Tusk
|-resisted|p2a: Great Tusk
|-damage|p2a: Great Tusk|77/100
|
|-heal|p2a: Great Tusk|83/100|[from] Grassy Terrain
|upkeep
|turn|8
|
|t:|1769381758
|-end|p2a: Great Tusk|Protosynthesis|[silent]
|switch|p2a: Ceruledge|Ceruledge, M|97/100
|-end|p1a: Kingambit|fallen1|[silent]
|switch|p1a: Drifblim|Drifblim, F|100/100
|-enditem|p1a: Drifblim|Grassy Seed
|-boost|p1a: Drifblim|def|1|[from] item: Grassy Seed
|
|-heal|p2a: Ceruledge|100/100|[from] Grassy Terrain
|-fieldend|move: Grassy Terrain
|upkeep
|turn|9
|
|t:|1769381767
|move|p1a: Drifblim|Calm Mind|p1a: Drifblim
|-boost|p1a: Drifblim|spa|1
|-boost|p1a: Drifblim|spd|1
|move|p2a: Ceruledge|Swords Dance|p2a: Ceruledge
|-boost|p2a: Ceruledge|atk|2
|
|upkeep
|turn|10
|
|t:|1769381774
|move|p1a: Drifblim|Shadow Ball|p2a: Ceruledge
|-supereffective|p2a: Ceruledge
|-enditem|p2a: Ceruledge|Focus Sash
|-damage|p2a: Ceruledge|1/100
|move|p2a: Ceruledge|Bitter Blade|p1a: Drifblim
|-damage|p1a: Drifblim|29/100
|-heal|p2a: Ceruledge|55/100|[from] drain|[of] p1a: Drifblim
|
|upkeep
|turn|11
|
|t:|1769381780
|-terastallize|p1a: Drifblim|Electric
|move|p2a: Ceruledge|Shadow Sneak|p1a: Drifblim
|-damage|p1a: Drifblim|0 fnt
|faint|p1a: Drifblim
|
|upkeep
|
|t:|1769381786
|switch|p1a: Kingambit|Kingambit, M|100/100
|-activate|p1a: Kingambit|ability: Supreme Overlord
|-start|p1a: Kingambit|fallen2|[silent]
|turn|12
|
|t:|1769381793
|switch|p2a: Great Tusk|Great Tusk|83/100
|move|p1a: Kingambit|Kowtow Cleave|p2a: Great Tusk
|-resisted|p2a: Great Tusk
|-damage|p2a: Great Tusk|56/100
|
|upkeep
|turn|13
|
|t:|1769381802
|move|p2a: Great Tusk|Headlong Rush|p1a: Kingambit
|-supereffective|p1a: Kingambit
|-damage|p1a: Kingambit|17/100
|-unboost|p2a: Great Tusk|def|1
|-unboost|p2a: Great Tusk|spd|1
|move|p1a: Kingambit|Iron Head|p2a: Great Tusk
|-crit|p2a: Great Tusk
|-damage|p2a: Great Tusk|0 fnt
|faint|p2a: Great Tusk
|-end|p2a: Great Tusk|Protosynthesis|[silent]
|
|upkeep
|
|t:|1769381826
|switch|p2a: Darkrai|Darkrai|83/100
|turn|14
|inactive|Battle timer is ON: inactive players will automatically lose when time's up. (requested by DirkDiggler420)
|
|t:|1769381834
|-end|p1a: Kingambit|fallen2|[silent]
|switch|p1a: Moltres|Moltres|50/100
|move|p2a: Darkrai|Dark Pulse|p1a: Moltres
|-damage|p1a: Moltres|0 fnt
|faint|p1a: Moltres
|
|upkeep
|
|t:|1769381836
|switch|p1a: Rillaboom|Rillaboom, M|100/100
|-fieldstart|move: Grassy Terrain|[from] ability: Grassy Surge|[of] p1a: Rillaboom
|turn|15
|
|t:|1769381856
|move|p2a: Darkrai|Ice Beam|p1a: Rillaboom
|-supereffective|p1a: Rillaboom
|-damage|p1a: Rillaboom|34/100
|move|p1a: Rillaboom|Drum Beating|p2a: Darkrai
|-damage|p2a: Darkrai|0 fnt
|faint|p2a: Darkrai
|
|-heal|p1a: Rillaboom|40/100|[from] Grassy Terrain
|upkeep
|
|t:|1769381865
|switch|p2a: Ogerpon|Ogerpon-Cornerstone, F|100/100
|turn|16
|
|t:|1769381875
|move|p1a: Rillaboom|Grassy Glide|p2a: Ogerpon
|-damage|p2a: Ogerpon|49/100
|move|p2a: Ogerpon|Power Whip|p1a: Rillaboom
|-resisted|p1a: Rillaboom
|-damage|p1a: Rillaboom|0 fnt
|faint|p1a: Rillaboom
|
|-heal|p2a: Ogerpon|55/100|[from] Grassy Terrain
|upkeep
|
|t:|1769381883
|switch|p1a: Gholdengo|Gholdengo|71/100
|turn|17
|
|t:|1769381887
|move|p2a: Ogerpon|U-turn|p1a: Gholdengo
|-resisted|p1a: Gholdengo
|-damage|p1a: Gholdengo|66/100
|
|t:|1769381888
|switch|p2a: Zapdos|Zapdos|54/100|[from] U-turn
|move|p1a: Gholdengo|Nasty Plot|p1a: Gholdengo
|-boost|p1a: Gholdengo|spa|2
|
|-heal|p1a: Gholdengo|72/100|[from] Grassy Terrain
|upkeep
|turn|18
|
|t:|1769381894
|move|p2a: Zapdos|Heat Wave|p1a: Gholdengo
|-supereffective|p1a: Gholdengo
|-damage|p1a: Gholdengo|5/100
|move|p1a: Gholdengo|Shadow Ball|p2a: Zapdos
|-damage|p2a: Zapdos|0 fnt
|faint|p2a: Zapdos
|
|-heal|p1a: Gholdengo|11/100|[from] Grassy Terrain
|upkeep
|
|t:|1769381899
|switch|p2a: Ogerpon|Ogerpon-Cornerstone, F|55/100
|turn|19
|
|t:|1769381900
|move|p2a: Ogerpon|Ivy Cudgel|p1a: Gholdengo|[anim] Ivy Cudgel Rock
|-resisted|p1a: Gholdengo
|-damage|p1a: Gholdengo|0 fnt
|faint|p1a: Gholdengo
|
|-heal|p2a: Ogerpon|61/100|[from] Grassy Terrain
|upkeep
|
|t:|1769381902
|switch|p1a: Kingambit|Kingambit, M|17/100
|-activate|p1a: Kingambit|ability: Supreme Overlord
|-start|p1a: Kingambit|fallen5|[silent]
|turn|20
|
|t:|1769381908
|-terastallize|p2a: Ogerpon|Rock
|detailschange|p2a: Ogerpon|Ogerpon-Cornerstone-Tera, F, tera:Rock
|-ability|p2a: Ogerpon|Embody Aspect (Cornerstone)|boost
|-boost|p2a: Ogerpon|def|1
|move|p1a: Kingambit|Sucker Punch|p2a: Ogerpon
|-damage|p2a: Ogerpon|0 fnt
|faint|p2a: Ogerpon
|detailschange|p2: Ogerpon|Ogerpon-Cornerstone, F|[silent]
|
|-heal|p1a: Kingambit|23/100|[from] Grassy Terrain
|upkeep
|
|t:|1769381917
|switch|p2a: Primarina|Primarina, M|100/100
|turn|21
|l|☆Darkmaniman+Minus
|inactive|Darkmaniman+Minus disconnected and has a minute to reconnect!
|player|p1|
|inactive|Darkmaniman+Minus has 30 seconds to reconnect!
|inactive|Darkmaniman+Minus has 20 seconds to reconnect!
|inactive|Darkmaniman+Minus has 15 seconds to reconnect!
|inactive|Darkmaniman+Minus has 10 seconds to reconnect!
|inactive|Darkmaniman+Minus has 5 seconds to reconnect!
|-message|Darkmaniman+Minus lost due to inactivity.
|
|win|DirkDiggler420
|raw|Darkmaniman+Minus's rating: 1533 &rarr; <strong>1518</strong><br />(-15 for losing)
|raw|DirkDiggler420's rating: 1625 &rarr; <strong>1640</strong><br />(+15 for winning)
|l|☆DirkDiggler420
|player|p2|
