|j|☆averagealt99
|j|☆Physical Yanmega
|t:|1769381087
|gametype|singles
|player|p1|averagealt99|acetrainerf-gen4dp|1223
|player|p2|Physical Yanmega|bugcatcher-gen4dp|1239
|gen|9
|tier|[Gen 9] OU
|rated|
|rule|HP Percentage Mod: HP is shown in percentages
|rule|Endless Battle Clause: Forcing endless battles is banned
|rule|Species Clause: Limit one of each Pokémon
|rule|OHKO Clause: OHKO moves are banned
|rule|Evasion Items Clause: Evasion items are banned
|rule|Evasion Moves Clause: Evasion moves are banned
|rule|Evasion Abilities Clause: Evasion abilities are banned
|rule|Sleep Moves Clause: Sleep-inducing moves are banned
|clearpoke
|poke|p1|Pelipper, M|
|poke|p1|Samurott-Hisui, M|
|poke|p1|Hatterene, F|
|poke|p1|Poliwrath, F|
|poke|p1|Dragalge, F|
|poke|p1|Thundurus-Therian, M|
|poke|p2|Deoxys-Defense|
|poke|p2|Mandibuzz, F|
|poke|p2|Alomomola, F|
|poke|p2|Sandy Shocks|
|poke|p2|Dragonite, M|
|poke|p2|Metagross|
|teampreview
|
|t:|1769381116
|teamsize|p1|6
|teamsize|p2|6
|start
|switch|p1a: Samurott|Samurott-Hisui, M|100/100
|switch|p2a: Alomomola|Alomomola, F, shiny|100/100
|turn|1
|
|t:|1769381124
|move|p1a: Samurott|Knock Off|p2a: Alomomola
|-damage|p2a: Alomomola|80/100
|-enditem|p2a: Alomomola|Heavy-Duty Boots|[from] move: Knock Off|[of] p1a: Samurott
|move|p2a: Alomomola|Flip Turn|p1a: Samurott
|-resisted|p1a: Samurott
|-damage|p1a: Samurott|93/100
|
|t:|1769381136
|switch|p2a: Mandibuzz|Mandibuzz, F, shiny|100/100|[from] Flip Turn
|
|upkeep
|turn|2
|
|t:|1769381142
|move|p1a: Samurott|Knock Off|p2a: Mandibuzz
|-resisted|p2a: Mandibuzz
|-damage|p2a: Mandibuzz|85/100
|-enditem|p2a: Mandibuzz|Heavy-Duty Boots|[from] move: Knock Off|[of] p1a: Samurott
|move|p2a: Mandibuzz|Air Slash|p1a: Samurott
|-damage|p1a: Samurott|77/100
|
|upkeep
|turn|3
|
|t:|1769381145
|move|p1a: Samurott|Ceaseless Edge|p2a: Mandibuzz
|-resisted|p2a: Mandibuzz
|-damage|p2a: Mandibuzz|72/100
|-sidestart|p2: Physical Yanmega|Spikes
|move|p2a: Mandibuzz|Air Slash|p1a: Samurott
|-damage|p1a: Samurott|61/100
|
|upkeep
|turn|4
|
|t:|1769381149
|switch|p1a: Pelipper|Pelipper, M|100/100
|-weather|RainDance|[from] ability: Drizzle|[of] p1a: Pelipper
|move|p2a: Mandibuzz|Air Slash|p1a: Pelipper
|-damage|p1a: Pelipper|81/100
|
|-weather|RainDance|[upkeep]
|upkeep
|turn|5
|
|t:|1769381152
|move|p2a: Mandibuzz|Roost|p2a: Mandibuzz
|-heal|p2a: Mandibuzz|100/100
|-singleturn|p2a: Mandibuzz|move: Roost
|move|p1a: Pelipper|U-turn|p2a: Mandibuzz
|-supereffective|p2a: Mandibuzz
|-damage|p2a: Mandibuzz|83/100
|
|t:|1769381157
|switch|p1a: Thundurus|Thundurus-Therian, M|100/100|[from] U-turn
|
|-weather|RainDance|[upkeep]
|upkeep
|turn|6
|
|t:|1769381160
|switch|p2a: Sandy Shocks|Sandy Shocks, shiny|100/100
|-damage|p2a: Sandy Shocks|88/100|[from] Spikes
|-enditem|p2a: Sandy Shocks|Booster Energy
|-activate|p2a: Sandy Shocks|ability: Protosynthesis|[fromitem]
|-start|p2a: Sandy Shocks|protosynthesisspa
|move|p1a: Thundurus|Thunder|p2a: Sandy Shocks
|-immune|p2a: Sandy Shocks
|
|-weather|RainDance|[upkeep]
|upkeep
|turn|7
|
|t:|1769381169
|switch|p1a: Samurott|Samurott-Hisui, M|61/100
|move|p2a: Sandy Shocks|Power Gem|p1a: Samurott
|-damage|p1a: Samurott|32/100
|
|-weather|RainDance|[upkeep]
|upkeep
|turn|8
|
|t:|1769381174
|move|p2a: Sandy Shocks|Earth Power|p1a: Samurott
|-damage|p1a: Samurott|0 fnt
|faint|p1a: Samurott
|
|-weather|RainDance|[upkeep]
|upkeep
|
|t:|1769381179
|switch|p1a: Thundurus|Thundurus-Therian, M|100/100
|turn|9
|
|t:|1769381184
|-terastallize|p2a: Sandy Shocks|Water
|move|p1a: Thundurus|Weather Ball|p2a: Sandy Shocks
|-resisted|p2a: Sandy Shocks
|-damage|p2a: Sandy Shocks|49/100
|move|p2a: Sandy Shocks|Power Gem|p1a: Thundurus
|-supereffective|p1a: Thundurus
|-damage|p1a: Thundurus|13/100
|
|-weather|RainDance|[upkeep]
|upkeep
|turn|10
|
|t:|1769381202
|switch|p1a: Dragalge|Dragalge, F, shiny|100/100
|move|p2a: Sandy Shocks|Power Gem|p1a: Dragalge
|-damage|p1a: Dragalge|71/100
|
|-weather|RainDance|[upkeep]
|upkeep
|turn|11
|
|t:|1769381212
|switch|p1a: Pelipper|Pelipper, M|81/100
|move|p2a: Sandy Shocks|Power Gem|p1a: Pelipper
|-supereffective|p1a: Pelipper
|-damage|p1a: Pelipper|9/100
|
|-weather|none
|upkeep
|turn|12
|
|t:|1769381218
|switch|p1a: Hatterene|Hatterene, F|100/100
|move|p2a: Sandy Shocks|Power Gem|p1a: Hatterene
|-damage|p1a: Hatterene|70/100
|
|upkeep
|turn|13
|
|t:|1769381225
|switch|p1a: Pelipper|Pelipper, M|9/100
|-weather|RainDance|[from] ability: Drizzle|[of] p1a: Pelipper
|move|p2a: Sandy Shocks|Volt Switch|p1a: Pelipper
|-supereffective|p1a: Pelipper
|-damage|p1a: Pelipper|0 fnt
|faint|p1a: Pelipper
|
|t:|1769381236
|-end|p2a: Sandy Shocks|Protosynthesis|[silent]
|switch|p2a: Metagross|Metagross|100/100|[from] Volt Switch
|-damage|p2a: Metagross|88/100|[from] Spikes
|
|-weather|RainDance|[upkeep]
|-heal|p2a: Metagross|94/100|[from] item: Leftovers
|upkeep
|
|t:|1769381244
|switch|p1a: Thundurus|Thundurus-Therian, M|13/100
|turn|14
|
|t:|1769381247
|move|p1a: Thundurus|Thunder|p2a: Metagross
|-damage|p2a: Metagross|15/100
|move|p2a: Metagross|Knock Off|p1a: Thundurus
|-damage|p1a: Thundurus|0 fnt
|-enditem|p1a: Thundurus|Choice Scarf|[from] move: Knock Off|[of] p2a: Metagross
|faint|p1a: Thundurus
|
|-weather|RainDance|[upkeep]
|-heal|p2a: Metagross|21/100|[from] item: Leftovers
|upkeep
|
|t:|1769381252
|switch|p1a: Poliwrath|Poliwrath, F|100/100
|turn|15
|
|t:|1769381256
|move|p1a: Poliwrath|Liquidation|p2a: Metagross
|-damage|p2a: Metagross|0 fnt
|faint|p2a: Metagross
|
|-weather|RainDance|[upkeep]
|upkeep
|
|t:|1769381260
|switch|p2a: Alomomola|Alomomola, F, shiny|100/100
|-damage|p2a: Alomomola|88/100|[from] Spikes
|turn|16
|
|t:|1769381269
|move|p1a: Poliwrath|Belly Drum|p1a: Poliwrath
|-damage|p1a: Poliwrath|50/100
|-setboost|p1a: Poliwrath|atk|6|[from] move: Belly Drum
|-enditem|p1a: Poliwrath|Sitrus Berry|[eat]
|-heal|p1a: Poliwrath|75/100|[from] item: Sitrus Berry
|move|p2a: Alomomola|Scald|p1a: Poliwrath
|-resisted|p1a: Poliwrath
|-damage|p1a: Poliwrath|62/100
|
|-weather|RainDance|[upkeep]
|upkeep
|turn|17
|
|t:|1769381273
|move|p2a: Alomomola|Protect|p2a: Alomomola
|-singleturn|p2a: Alomomola|Protect
|move|p1a: Poliwrath|Drain Punch|p2a: Alomomola
|-activate|p2a: Alomomola|move: Protect
|
|-weather|RainDance|[upkeep]
|upkeep
|turn|18
|
|t:|1769381286
|switch|p2a: Mandibuzz|Mandibuzz, F, shiny|83/100
|move|p1a: Poliwrath|Drain Punch|p2a: Mandibuzz
|-damage|p2a: Mandibuzz|0 fnt
|-heal|p1a: Poliwrath|100/100|[from] drain|[of] p2a: Mandibuzz
|faint|p2a: Mandibuzz
|
|-weather|RainDance|[upkeep]
|upkeep
|
|t:|1769381290
|switch|p2a: Alomomola|Alomomola, F, shiny|100/100
|-damage|p2a: Alomomola|88/100|[from] Spikes
|turn|19
|
|t:|1769381292
|move|p2a: Alomomola|Protect|p2a: Alomomola
|-singleturn|p2a: Alomomola|Protect
|move|p1a: Poliwrath|Drain Punch|p2a: Alomomola
|-activate|p2a: Alomomola|move: Protect
|
|-weather|RainDance|[upkeep]
|upkeep
|turn|20
|
|t:|1769381304
|switch|p1a: Hatterene|Hatterene, F|70/100
|switch|p2a: Deoxys|Deoxys-Defense, shiny|100/100
|-damage|p2a: Deoxys|88/100|[from] Spikes
|-ability|p2a: Deoxys|Pressure
|
|-weather|none
|upkeep
|turn|21
|
|t:|1769381309
|move|p2a: Deoxys|Cosmic Power|p2a: Deoxys
|-boost|p2a: Deoxys|def|1
|-boost|p2a: Deoxys|spd|1
|move|p1a: Hatterene|Future Sight|p2a: Deoxys
|-start|p1a: Hatterene|move: Future Sight
|
|upkeep
|turn|22
|
|t:|1769381316
|switch|p1a: Dragalge|Dragalge, F, shiny|71/100
|move|p2a: Deoxys|Cosmic Power|p2a: Deoxys
|-boost|p2a: Deoxys|def|1
|-boost|p2a: Deoxys|spd|1
|
|upkeep
|turn|23
|
|t:|1769381323
|-terastallize|p1a: Dragalge|Bug
|move|p2a: Deoxys|Cosmic Power|p2a: Deoxys
|-boost|p2a: Deoxys|def|1
|-boost|p2a: Deoxys|spd|1
|move|p1a: Dragalge|Sludge Bomb|p2a: Deoxys
|-damage|p2a: Deoxys|76/100
|
|-end|p2a: Deoxys|move: Future Sight
|-resisted|p2a: Deoxys
|-damage|p2a: Deoxys|68/100
|upkeep
|turn|24
|
|t:|1769381331
|move|p2a: Deoxys|Cosmic Power|p2a: Deoxys
|-boost|p2a: Deoxys|def|1
|-boost|p2a: Deoxys|spd|1
|move|p1a: Dragalge|Sludge Bomb|p2a: Deoxys
|-damage|p2a: Deoxys|57/100
|
|upkeep
|turn|25
|
|t:|1769381334
|move|p2a: Deoxys|Recover|p2a: Deoxys
|-heal|p2a: Deoxys|100/100
|move|p1a: Dragalge|Sludge Bomb|p2a: Deoxys
|-damage|p2a: Deoxys|90/100
|
|upkeep
|turn|26
|
|t:|1769381336
|move|p2a: Deoxys|Cosmic Power|p2a: Deoxys
|-boost|p2a: Deoxys|def|1
|-boost|p2a: Deoxys|spd|1
|move|p1a: Dragalge|Sludge Bomb|p2a: Deoxys
|-damage|p2a: Deoxys|81/100
|
|upkeep
|turn|27
|
|t:|1769381339
|move|p2a: Deoxys|Cosmic Power|p2a: Deoxys
|-boost|p2a: Deoxys|def|1
|-boost|p2a: Deoxys|spd|1
|move|p1a: Dragalge|Sludge Bomb|p2a: Deoxys
|-damage|p2a: Deoxys|73/100
|
|upkeep
|turn|28
|
|t:|1769381342
|move|p2a: Deoxys|Stored Power|p1a: Dragalge
|-damage|p1a: Dragalge|0 fnt
|faint|p1a: Dragalge
|
|upkeep
|-message|averagealt99 forfeited.
|
|win|Physical Yanmega
|raw|averagealt99's rating: 1223 &rarr; <strong>1199</strong><br />(-24 for losing)
|raw|Physical Yanmega's rating: 1239 &rarr; <strong>1263</strong><br />(+24 for winning)
|l|☆averagealt99
|player|p1|
|l|☆Physical Yanmega
|player|p2|
