|j|☆thri-keen
|j|☆seasonshifter
|t:|1769337058
|gametype|singles
|player|p1|thri-keen|gambler|1125
|player|p2|seasonshifter|acetrainer-gen4dp|1143
|gen|9
|tier|[Gen 9] OU
|rated|
|rule|HP Percentage Mod: HP is shown in percentages
|rule|Endless Battle Clause: Forcing endless battles is banned
|rule|Species Clause: Limit one of each Pokémon
|rule|OHKO Clause: OHKO moves are banned
|rule|Evasion Items Clause: Evasion items are banned
|rule|Evasion Moves Clause: Evasion moves are banned
|rule|Evasion Abilities Clause: Evasion abilities are banned
|rule|Sleep Moves Clause: Sleep-inducing moves are banned
|clearpoke
|poke|p1|Sceptile, M|
|poke|p1|Galvantula, M|
|poke|p1|Alcremie-Mint-Cream, F|
|poke|p1|Ceruledge, M|
|poke|p1|Forretress, M|
|poke|p1|Haxorus, M|
|poke|p2|Pelipper, M|
|poke|p2|Cloyster, F|
|poke|p2|Dragapult, F|
|poke|p2|Cinderace, F|
|poke|p2|Polteageist|
|poke|p2|Garchomp, M|
|teampreview
|inactive|Battle timer is ON: inactive players will automatically lose when time's up. (requested by seasonshifter)
|
|t:|1769337069
|teamsize|p1|6
|teamsize|p2|6
|start
|switch|p1a: Sceptile|Sceptile, M, shiny|100/100
|switch|p2a: Polteageist|Polteageist|100/100
|turn|1
|
|t:|1769337085
|move|p2a: Polteageist|Shell Smash|p2a: Polteageist
|-unboost|p2a: Polteageist|def|1
|-unboost|p2a: Polteageist|spd|1
|-boost|p2a: Polteageist|atk|2
|-boost|p2a: Polteageist|spa|2
|-boost|p2a: Polteageist|spe|2
|move|p1a: Sceptile|Roar|p2a: Polteageist
|-enditem|p1a: Sceptile|Throat Spray
|-boost|p1a: Sceptile|spa|1|[from] item: Throat Spray
|drag|p2a: Cinderace|Cinderace, F|100/100
|
|upkeep
|turn|2
|
|t:|1769337109
|-terastallize|p1a: Sceptile|Fire
|move|p1a: Sceptile|Dragon Pulse|p2a: Cinderace
|-damage|p2a: Cinderace|42/100
|move|p2a: Cinderace|Pyro Ball|p1a: Sceptile
|-resisted|p1a: Sceptile
|-damage|p1a: Sceptile|44/100
|
|upkeep
|turn|3
|inactive|seasonshifter has 120 seconds left.
|
|t:|1769337126
|move|p1a: Sceptile|Dragon Pulse|p2a: Cinderace
|-damage|p2a: Cinderace|0 fnt
|faint|p2a: Cinderace
|
|upkeep
|inactive|seasonshifter has 120 seconds left.
|
|t:|1769337136
|switch|p2a: Garchomp|Garchomp, M|100/100
|turn|4
|
|t:|1769337141
|move|p1a: Sceptile|Dragon Pulse|p2a: Garchomp
|-supereffective|p2a: Garchomp
|-damage|p2a: Garchomp|2/100
|move|p2a: Garchomp|Swords Dance|p2a: Garchomp
|-boost|p2a: Garchomp|atk|2
|
|upkeep
|turn|5
|
|t:|1769337152
|switch|p2a: Cloyster|Cloyster, F|100/100
|move|p1a: Sceptile|Dragon Pulse|p2a: Cloyster
|-enditem|p2a: Cloyster|Focus Sash
|-damage|p2a: Cloyster|1/100
|
|upkeep
|turn|6
|
|t:|1769337161
|move|p1a: Sceptile|Energy Ball|p2a: Cloyster
|-supereffective|p2a: Cloyster
|-damage|p2a: Cloyster|0 fnt
|faint|p2a: Cloyster
|
|upkeep
|
|t:|1769337167
|switch|p2a: Pelipper|Pelipper, M|100/100
|-weather|RainDance|[from] ability: Drizzle|[of] p2a: Pelipper
|turn|7
|
|t:|1769337173
|move|p1a: Sceptile|Energy Ball|p2a: Pelipper
|-damage|p2a: Pelipper|0 fnt
|faint|p2a: Pelipper
|
|-weather|RainDance|[upkeep]
|upkeep
|
|t:|1769337181
|switch|p2a: Dragapult|Dragapult, F|100/100
|turn|8
|
|t:|1769337186
|move|p1a: Sceptile|Dragon Pulse|p2a: Dragapult
|-supereffective|p2a: Dragapult
|-damage|p2a: Dragapult|0 fnt
|faint|p2a: Dragapult
|
|-weather|RainDance|[upkeep]
|upkeep
|
|t:|1769337192
|switch|p2a: Polteageist|Polteageist|100/100
|turn|9
|
|t:|1769337199
|move|p1a: Sceptile|Energy Ball|p2a: Polteageist
|-damage|p2a: Polteageist|30/100
|move|p2a: Polteageist|Tera Blast|p1a: Sceptile
|-damage|p1a: Sceptile|0 fnt
|faint|p1a: Sceptile
|
|-weather|RainDance|[upkeep]
|upkeep
|
|t:|1769337221
|switch|p1a: Forretress|Forretress, M|100/100
|turn|10
|
|t:|1769337226
|move|p2a: Polteageist|Shell Smash|p2a: Polteageist
|-unboost|p2a: Polteageist|def|1
|-unboost|p2a: Polteageist|spd|1
|-boost|p2a: Polteageist|atk|2
|-boost|p2a: Polteageist|spa|2
|-boost|p2a: Polteageist|spe|2
|move|p1a: Forretress|Gyro Ball|p2a: Polteageist
|-damage|p2a: Polteageist|0 fnt
|faint|p2a: Polteageist
|
|-weather|RainDance|[upkeep]
|upkeep
|
|t:|1769337235
|switch|p2a: Garchomp|Garchomp, M|2/100
|turn|11
|-message|seasonshifter forfeited.
|
|win|thri-keen
|raw|thri-keen's rating: 1125 &rarr; <strong>1151</strong><br />(+26 for winning)
|raw|seasonshifter's rating: 1143 &rarr; <strong>1117</strong><br />(-26 for losing)
|l|☆seasonshifter
|player|p2|
|l|☆thri-keen
|player|p1|
