|j|‽Downtownclown
|j|☆Yaoshi
|t:|1769395626
|gametype|singles
|player|p1|Downtownclown|101|1436
|player|p2|Yaoshi|silver-masters|1455
|gen|9
|tier|[Gen 9] OU
|rated|
|rule|HP Percentage Mod: HP is shown in percentages
|rule|Endless Battle Clause: Forcing endless battles is banned
|rule|Species Clause: Limit one of each Pokémon
|rule|OHKO Clause: OHKO moves are banned
|rule|Evasion Items Clause: Evasion items are banned
|rule|Evasion Moves Clause: Evasion moves are banned
|rule|Evasion Abilities Clause: Evasion abilities are banned
|rule|Sleep Moves Clause: Sleep-inducing moves are banned
|clearpoke
|poke|p1|Blastoise, M|
|poke|p1|Quaquaval, M|
|poke|p1|Lycanroc-Dusk, F|
|poke|p1|Iron Crown|
|poke|p1|Darkrai|
|poke|p1|Enamorus, F|
|poke|p2|Hydrapple, M|
|poke|p2|Gliscor, M|
|poke|p2|Slowking-Galar, M|
|poke|p2|Cinderace, M|
|poke|p2|Kingambit, M|
|poke|p2|Iron Valiant|
|teampreview
|inactive|Battle timer is ON: inactive players will automatically lose when time's up. (requested by Yaoshi)
|inactive|Downtownclown also wants the timer to be on.
|
|t:|1769395638
|teamsize|p1|6
|teamsize|p2|6
|start
|switch|p1a: Darkrai|Darkrai|100/100
|switch|p2a: Slowking|Slowking-Galar, M, shiny|100/100
|turn|1
|
|t:|1769395650
|switch|p2a: Iron Valiant|Iron Valiant, shiny|100/100
|-enditem|p2a: Iron Valiant|Booster Energy
|-activate|p2a: Iron Valiant|ability: Quark Drive|[fromitem]
|-start|p2a: Iron Valiant|quarkdrivespe
|move|p1a: Darkrai|Dark Pulse|p2a: Iron Valiant
|-resisted|p2a: Iron Valiant
|-damage|p2a: Iron Valiant|69/100
|
|upkeep
|turn|2
|
|t:|1769395661
|switch|p1a: Lycanroc|Lycanroc-Dusk, F|100/100
|move|p2a: Iron Valiant|Moonblast|p1a: Lycanroc
|-damage|p1a: Lycanroc|22/100
|
|upkeep
|turn|3
|
|t:|1769395667
|move|p1a: Lycanroc|Accelerock|p2a: Iron Valiant
|-resisted|p2a: Iron Valiant
|-damage|p2a: Iron Valiant|52/100
|move|p2a: Iron Valiant|Moonblast|p1a: Lycanroc
|-damage|p1a: Lycanroc|0 fnt
|faint|p1a: Lycanroc
|
|upkeep
|
|t:|1769395678
|switch|p1a: Quaquaval|Quaquaval, M|100/100
|turn|4
|
|t:|1769395683
|-terastallize|p1a: Quaquaval|Poison
|move|p2a: Iron Valiant|Moonblast|p1a: Quaquaval
|-resisted|p1a: Quaquaval
|-damage|p1a: Quaquaval|68/100
|move|p1a: Quaquaval|Aqua Step|p2a: Iron Valiant
|-damage|p2a: Iron Valiant|3/100
|-boost|p1a: Quaquaval|spe|1
|
|upkeep
|turn|5
|
|t:|1769395692
|move|p2a: Iron Valiant|Destiny Bond|p2a: Iron Valiant
|-singlemove|p2a: Iron Valiant|Destiny Bond
|move|p1a: Quaquaval|Aqua Step|p2a: Iron Valiant
|-damage|p2a: Iron Valiant|0 fnt
|-boost|p1a: Quaquaval|spe|1
|faint|p2a: Iron Valiant
|-activate|p2a: Iron Valiant|move: Destiny Bond
|-end|p2a: Iron Valiant|Quark Drive|[silent]
|faint|p1a: Quaquaval
|
|upkeep
|
|t:|1769395705
|switch|p2a: Hydrapple|Hydrapple, M, shiny|100/100
|switch|p1a: Darkrai|Darkrai|100/100
|turn|6
|
|t:|1769395717
|switch|p2a: Cinderace|Cinderace, M, shiny|100/100
|move|p1a: Darkrai|Ice Beam|p2a: Cinderace
|-resisted|p2a: Cinderace
|-damage|p2a: Cinderace|64/100
|
|upkeep
|turn|7
|
|t:|1769395724
|switch|p1a: Enamorus|Enamorus, F|100/100
|move|p2a: Cinderace|Pyro Ball|p1a: Enamorus
|-damage|p1a: Enamorus|3/100
|
|upkeep
|turn|8
|
|t:|1769395732
|move|p2a: Cinderace|Sucker Punch|p1a: Enamorus
|-start|p2a: Cinderace|typechange|Dark|[from] ability: Libero
|-resisted|p1a: Enamorus
|-damage|p1a: Enamorus|0 fnt
|faint|p1a: Enamorus
|
|upkeep
|
|t:|1769395738
|switch|p1a: Blastoise|Blastoise, M|100/100
|turn|9
|
|t:|1769395749
|switch|p2a: Slowking|Slowking-Galar, M, shiny|100/100
|switch|p1a: Darkrai|Darkrai|100/100
|
|upkeep
|turn|10
|
|t:|1769395759
|-terastallize|p2a: Slowking|Water
|move|p1a: Darkrai|Dark Pulse|p2a: Slowking
|-damage|p2a: Slowking|67/100
|move|p2a: Slowking|Whirlpool|p1a: Darkrai
|-damage|p1a: Darkrai|72/100
|-activate|p1a: Darkrai|move: Whirlpool|[of] p2a: Slowking
|
|-damage|p1a: Darkrai|59/100|[from] move: Whirlpool|[partiallytrapped]
|upkeep
|turn|11
|
|t:|1769395767
|move|p1a: Darkrai|Dark Pulse|p2a: Slowking
|-damage|p2a: Slowking|31/100
|move|p2a: Slowking|Flamethrower|p1a: Darkrai
|-damage|p1a: Darkrai|28/100
|
|-damage|p1a: Darkrai|15/100|[from] move: Whirlpool|[partiallytrapped]
|upkeep
|turn|12
|
|t:|1769395775
|switch|p2a: Kingambit|Kingambit, M, shiny|100/100
|-activate|p2a: Kingambit|ability: Supreme Overlord
|-start|p2a: Kingambit|fallen1|[silent]
|-item|p2a: Kingambit|Air Balloon
|move|p1a: Darkrai|Dark Pulse|p2a: Kingambit
|-resisted|p2a: Kingambit
|-damage|p2a: Kingambit|64/100
|-enditem|p2a: Kingambit|Air Balloon
|
|-end|p1a: Darkrai|Whirlpool|[partiallytrapped]|[silent]
|upkeep
|turn|13
|
|t:|1769395786
|switch|p1a: Blastoise|Blastoise, M|100/100
|move|p2a: Kingambit|Sucker Punch||[still]
|-fail|p2a: Kingambit
|
|upkeep
|turn|14
|
|t:|1769395792
|move|p1a: Blastoise|Aura Sphere|p2a: Kingambit
|-supereffective|p2a: Kingambit
|-damage|p2a: Kingambit|0 fnt
|faint|p2a: Kingambit
|-end|p2a: Kingambit|fallen1|[silent]
|
|upkeep
|
|t:|1769395800
|switch|p2a: Hydrapple|Hydrapple, M, shiny|100/100
|turn|15
|
|t:|1769395806
|switch|p1a: Iron Crown|Iron Crown|100/100
|-enditem|p1a: Iron Crown|Booster Energy
|-activate|p1a: Iron Crown|ability: Quark Drive|[fromitem]
|-start|p1a: Iron Crown|quarkdrivespe
|move|p2a: Hydrapple|Giga Drain|p1a: Iron Crown
|-resisted|p1a: Iron Crown
|-damage|p1a: Iron Crown|74/100
|-damage|p2a: Hydrapple|91/100|[from] item: Life Orb
|
|upkeep
|turn|16
|
|t:|1769395815
|move|p1a: Iron Crown|Calm Mind|p1a: Iron Crown
|-boost|p1a: Iron Crown|spa|1
|-boost|p1a: Iron Crown|spd|1
|move|p2a: Hydrapple|Earth Power|p1a: Iron Crown
|-supereffective|p1a: Iron Crown
|-damage|p1a: Iron Crown|20/100
|-damage|p2a: Hydrapple|81/100|[from] item: Life Orb
|
|upkeep
|turn|17
|
|t:|1769395823
|move|p1a: Iron Crown|Tachyon Cutter|p2a: Hydrapple
|-damage|p2a: Hydrapple|47/100
|-damage|p2a: Hydrapple|9/100
|-hitcount|p2a: Hydrapple|2
|move|p2a: Hydrapple|Earth Power|p1a: Iron Crown
|-supereffective|p1a: Iron Crown
|-damage|p1a: Iron Crown|0 fnt
|faint|p1a: Iron Crown
|-end|p1a: Iron Crown|Quark Drive|[silent]
|-damage|p2a: Hydrapple|0 fnt|[from] item: Life Orb
|faint|p2a: Hydrapple
|
|upkeep
|
|t:|1769395840
|switch|p1a: Darkrai|Darkrai|15/100
|switch|p2a: Slowking|Slowking-Galar, M, shiny, tera:Water|65/100
|turn|18
|
|t:|1769395860
|switch|p1a: Blastoise|Blastoise, M|100/100
|move|p2a: Slowking|Flamethrower|p1a: Blastoise
|-resisted|p1a: Blastoise
|-damage|p1a: Blastoise|89/100
|
|upkeep
|turn|19
|
|t:|1769395866
|move|p1a: Blastoise|Shell Smash|p1a: Blastoise
|-unboost|p1a: Blastoise|def|1
|-unboost|p1a: Blastoise|spd|1
|-boost|p1a: Blastoise|atk|2
|-boost|p1a: Blastoise|spa|2
|-boost|p1a: Blastoise|spe|2
|-enditem|p1a: Blastoise|White Herb
|-clearnegativeboost|p1a: Blastoise|[silent]
|move|p2a: Slowking|Whirlpool|p1a: Blastoise
|-resisted|p1a: Blastoise
|-damage|p1a: Blastoise|77/100
|-activate|p1a: Blastoise|move: Whirlpool|[of] p2a: Slowking
|
|-damage|p1a: Blastoise|65/100|[from] move: Whirlpool|[partiallytrapped]
|upkeep
|turn|20
|
|t:|1769395877
|move|p1a: Blastoise|Shell Smash|p1a: Blastoise
|-unboost|p1a: Blastoise|def|1
|-unboost|p1a: Blastoise|spd|1
|-boost|p1a: Blastoise|atk|2
|-boost|p1a: Blastoise|spa|2
|-boost|p1a: Blastoise|spe|2
|move|p2a: Slowking|Sludge Bomb|p1a: Blastoise
|-damage|p1a: Blastoise|7/100
|-status|p1a: Blastoise|psn
|
|-damage|p1a: Blastoise|0 fnt|[from] psn
|faint|p1a: Blastoise
|upkeep
|
|t:|1769395888
|switch|p1a: Darkrai|Darkrai|15/100
|turn|21
|
|t:|1769395892
|move|p1a: Darkrai|Dark Pulse|p2a: Slowking
|-damage|p2a: Slowking|31/100
|move|p2a: Slowking|Flamethrower|p1a: Darkrai
|-damage|p1a: Darkrai|0 fnt
|faint|p1a: Darkrai
|
|win|Yaoshi
|raw|Downtownclown's rating: 1436 &rarr; <strong>1417</strong><br />(-19 for losing)
|raw|Yaoshi's rating: 1455 &rarr; <strong>1474</strong><br />(+19 for winning)
|l|☆Yaoshi
|player|p2|
|l|‽Downtownclown
|player|p1|
