|j|☆ailrse_QAQ
|j|☆Princessjosie1001!
|t:|1769365561
|gametype|singles
|player|p1|ailrse_QAQ|gambler|1312
|player|p2|Princessjosie1001!|nurse|1328
|gen|9
|tier|[Gen 9] OU
|rated|
|rule|HP Percentage Mod: HP is shown in percentages
|rule|Endless Battle Clause: Forcing endless battles is banned
|rule|Species Clause: Limit one of each Pokémon
|rule|OHKO Clause: OHKO moves are banned
|rule|Evasion Items Clause: Evasion items are banned
|rule|Evasion Moves Clause: Evasion moves are banned
|rule|Evasion Abilities Clause: Evasion abilities are banned
|rule|Sleep Moves Clause: Sleep-inducing moves are banned
|clearpoke
|poke|p1|Ceruledge, F|
|poke|p1|Alomomola, M|
|poke|p1|Rillaboom, M|
|poke|p1|Darkrai|
|poke|p1|Landorus-Therian, M|
|poke|p1|Great Tusk|
|poke|p2|Yanmega, M|
|poke|p2|Cloyster, M|
|poke|p2|Salazzle, F|
|poke|p2|Espeon, M|
|poke|p2|Jirachi|
|poke|p2|Maushold-Four|
|teampreview
|
|t:|1769365568
|teamsize|p1|6
|teamsize|p2|6
|start
|switch|p1a: Landorus|Landorus-Therian, M|100/100
|switch|p2a: Yanmega|Yanmega, M|100/100
|-ability|p1a: Landorus|Intimidate|boost
|-unboost|p2a: Yanmega|atk|1
|turn|1
|
|t:|1769365575
|move|p1a: Landorus|Rock Slide|p2a: Yanmega
|-supereffective|p2a: Yanmega
|-damage|p2a: Yanmega|0 fnt
|faint|p2a: Yanmega
|
|upkeep
|
|t:|1769365586
|switch|p2a: Cloyster|Cloyster, M|100/100
|turn|2
|
|t:|1769365604
|switch|p1a: Alomomola|Alomomola, M|100/100
|move|p2a: Cloyster|Shell Smash|p2a: Cloyster
|-unboost|p2a: Cloyster|def|1
|-unboost|p2a: Cloyster|spd|1
|-boost|p2a: Cloyster|atk|2
|-boost|p2a: Cloyster|spa|2
|-boost|p2a: Cloyster|spe|2
|
|upkeep
|turn|3
|
|t:|1769365618
|switch|p2a: No hazard allowed|Espeon, M|100/100
|move|p1a: Alomomola|Flip Turn|p2a: No hazard allowed
|-damage|p2a: No hazard allowed|70/100
|
|t:|1769365637
|switch|p1a: Darkrai|Darkrai|100/100|[from] Flip Turn
|
|upkeep
|turn|4
|
|t:|1769365642
|move|p2a: No hazard allowed|Thunder Wave|p1a: Darkrai
|-status|p1a: Darkrai|par
|move|p1a: Darkrai|Dark Pulse|p2a: No hazard allowed
|-supereffective|p2a: No hazard allowed
|-damage|p2a: No hazard allowed|0 fnt
|faint|p2a: No hazard allowed
|
|upkeep
|
|t:|1769365650
|switch|p2a: Maushold|Maushold-Four|100/100
|turn|5
|
|t:|1769365666
|switch|p1a: Ceruledge|Ceruledge, F|100/100
|move|p2a: Maushold|Tidy Up|p2a: Maushold
|-boost|p2a: Maushold|atk|1
|-boost|p2a: Maushold|spe|1
|
|upkeep
|turn|6
|
|t:|1769365686
|move|p2a: Maushold|Tidy Up|p2a: Maushold
|-boost|p2a: Maushold|atk|1
|-boost|p2a: Maushold|spe|1
|move|p1a: Ceruledge|Bitter Blade|p2a: Maushold
|-damage|p2a: Maushold|7/100
|-damage|p1a: Ceruledge|91/100|[from] item: Life Orb
|
|upkeep
|turn|7
|
|t:|1769365699
|move|p2a: Maushold|Bullet Seed|p1a: Ceruledge
|-resisted|p1a: Ceruledge
|-damage|p1a: Ceruledge|75/100
|-ability|p1a: Ceruledge|Weak Armor|boost
|-unboost|p1a: Ceruledge|def|1
|-boost|p1a: Ceruledge|spe|2
|-resisted|p1a: Ceruledge
|-damage|p1a: Ceruledge|54/100
|-ability|p1a: Ceruledge|Weak Armor|boost
|-unboost|p1a: Ceruledge|def|1
|-boost|p1a: Ceruledge|spe|2
|-resisted|p1a: Ceruledge
|-damage|p1a: Ceruledge|24/100
|-ability|p1a: Ceruledge|Weak Armor|boost
|-unboost|p1a: Ceruledge|def|1
|-boost|p1a: Ceruledge|spe|2
|-resisted|p1a: Ceruledge
|-damage|p1a: Ceruledge|0 fnt
|faint|p1a: Ceruledge
|-hitcount|p1: Ceruledge|4
|
|upkeep
|
|t:|1769365715
|switch|p1a: Rillaboom|Rillaboom, M|100/100
|-fieldstart|move: Grassy Terrain|[from] ability: Grassy Surge|[of] p1a: Rillaboom
|turn|8
|
|t:|1769365720
|move|p1a: Rillaboom|Fake Out|p2a: Maushold
|-damage|p2a: Maushold|0 fnt
|faint|p2a: Maushold
|
|upkeep
|
|t:|1769365725
|switch|p2a: Salazzle|Salazzle, F|100/100
|turn|9
|
|t:|1769365735
|switch|p1a: Great Tusk|Great Tusk|100/100
|move|p2a: Salazzle|Flamethrower|p1a: Great Tusk
|-damage|p1a: Great Tusk|39/100
|
|-heal|p1a: Great Tusk|46/100|[from] Grassy Terrain
|upkeep
|turn|10
|
|t:|1769365750
|move|p2a: Salazzle|Flamethrower|p1a: Great Tusk
|-crit|p1a: Great Tusk
|-damage|p1a: Great Tusk|0 fnt
|faint|p1a: Great Tusk
|-end|p1a: Great Tusk|Protosynthesis|[silent]
|
|upkeep
|c|☆ailrse_QAQ|Are these your favorite Pokémon?
|
|t:|1769365757
|switch|p1a: Landorus|Landorus-Therian, M|100/100
|-ability|p1a: Landorus|Intimidate|boost
|-unboost|p2a: Salazzle|atk|1
|turn|11
|
|t:|1769365766
|move|p1a: Landorus|Rock Slide|p2a: Salazzle
|-supereffective|p2a: Salazzle
|-enditem|p2a: Salazzle|Focus Sash
|-damage|p2a: Salazzle|1/100
|move|p2a: Salazzle|Flamethrower|p1a: Landorus
|-damage|p1a: Landorus|42/100
|
|-heal|p2a: Salazzle|7/100|[from] Grassy Terrain
|upkeep
|turn|12
|
|t:|1769365777
|switch|p1a: Alomomola|Alomomola, M|100/100
|move|p2a: Salazzle|Flamethrower|p1a: Alomomola
|-resisted|p1a: Alomomola
|-damage|p1a: Alomomola|83/100
|
|-heal|p2a: Salazzle|13/100|[from] Grassy Terrain
|-heal|p1a: Alomomola|90/100|[from] Grassy Terrain
|-fieldend|move: Grassy Terrain
|upkeep
|turn|13
|
|t:|1769365786
|move|p2a: Salazzle|Toxic|p1a: Alomomola
|-status|p1a: Alomomola|tox
|move|p1a: Alomomola|Wish|p1a: Alomomola
|
|-damage|p1a: Alomomola|83/100 tox|[from] psn
|upkeep
|turn|14
|
|t:|1769365792
|move|p2a: Salazzle|Sludge Wave|p1a: Alomomola
|-damage|p1a: Alomomola|46/100 tox
|move|p1a: Alomomola|Flip Turn|p2a: Salazzle
|-supereffective|p2a: Salazzle
|-damage|p2a: Salazzle|0 fnt
|faint|p2a: Salazzle
|
|t:|1769365799
|switch|p1a: Landorus|Landorus-Therian, M|42/100|[from] Flip Turn
|
|-heal|p1a: Landorus|100/100|[from] move: Wish|[wisher] Alomomola
|upkeep
|
|t:|1769365804
|switch|p2a: Jirachi|Jirachi|100/100
|turn|15
|
|t:|1769365811
|move|p2a: Jirachi|Body Slam|p1a: Landorus
|-damage|p1a: Landorus|69/100
|-status|p1a: Landorus|par
|move|p1a: Landorus|Earthquake|p2a: Jirachi
|-supereffective|p2a: Jirachi
|-damage|p2a: Jirachi|0 fnt
|faint|p2a: Jirachi
|
|upkeep
|
|t:|1769365818
|switch|p2a: Cloyster|Cloyster, M|100/100
|turn|16
|
|t:|1769365823
|-terastallize|p1a: Landorus|Rock
|move|p2a: Cloyster|Shell Smash|p2a: Cloyster
|-unboost|p2a: Cloyster|def|1
|-unboost|p2a: Cloyster|spd|1
|-boost|p2a: Cloyster|atk|2
|-boost|p2a: Cloyster|spa|2
|-boost|p2a: Cloyster|spe|2
|cant|p1a: Landorus|par
|
|upkeep
|turn|17
|
|t:|1769365835
|switch|p1a: Rillaboom|Rillaboom, M|100/100
|-fieldstart|move: Grassy Terrain|[from] ability: Grassy Surge|[of] p1a: Rillaboom
|move|p2a: Cloyster|Icicle Spear|p1a: Rillaboom
|-supereffective|p1a: Rillaboom
|-damage|p1a: Rillaboom|59/100
|-supereffective|p1a: Rillaboom
|-damage|p1a: Rillaboom|18/100
|-supereffective|p1a: Rillaboom
|-damage|p1a: Rillaboom|0 fnt
|faint|p1a: Rillaboom
|-hitcount|p1: Rillaboom|3
|
|upkeep
|
|t:|1769365845
|switch|p1a: Landorus|Landorus-Therian, M, tera:Rock|69/100 par
|-ability|p1a: Landorus|Intimidate|boost
|-unboost|p2a: Cloyster|atk|1
|turn|18
|
|t:|1769365861
|move|p2a: Cloyster|Icicle Spear|p1a: Landorus
|-damage|p1a: Landorus|49/100 par
|-damage|p1a: Landorus|28/100 par
|-damage|p1a: Landorus|8/100 par
|-damage|p1a: Landorus|0 fnt
|faint|p1a: Landorus
|-hitcount|p1: Landorus|4
|
|upkeep
|
|t:|1769365879
|switch|p1a: Alomomola|Alomomola, M|80/100 tox
|turn|19
|
|t:|1769365884
|move|p2a: Cloyster|Shell Smash|p2a: Cloyster
|-unboost|p2a: Cloyster|def|1
|-unboost|p2a: Cloyster|spd|1
|-boost|p2a: Cloyster|atk|2
|-boost|p2a: Cloyster|spa|2
|-boost|p2a: Cloyster|spe|2
|move|p1a: Alomomola|Flip Turn|p2a: Cloyster
|-resisted|p2a: Cloyster
|-damage|p2a: Cloyster|87/100
|
|t:|1769365892
|switch|p1a: Darkrai|Darkrai|100/100 par|[from] Flip Turn
|
|-heal|p2a: Cloyster|93/100|[from] Grassy Terrain
|upkeep
|turn|20
|
|t:|1769365902
|move|p2a: Cloyster|Icicle Spear|p1a: Darkrai
|-damage|p1a: Darkrai|62/100 par
|-damage|p1a: Darkrai|21/100 par
|-damage|p1a: Darkrai|0 fnt
|faint|p1a: Darkrai
|-hitcount|p1: Darkrai|3
|
|-heal|p2a: Cloyster|99/100|[from] Grassy Terrain
|upkeep
|
|t:|1769365910
|switch|p1a: Alomomola|Alomomola, M|100/100 tox
|turn|21
|
|t:|1769365918
|move|p2a: Cloyster|Rock Blast|p1a: Alomomola
|-crit|p1a: Alomomola
|-damage|p1a: Alomomola|80/100 tox
|-damage|p1a: Alomomola|65/100 tox
|-damage|p1a: Alomomola|50/100 tox
|-damage|p1a: Alomomola|35/100 tox
|-damage|p1a: Alomomola|20/100 tox
|-hitcount|p1a: Alomomola|5
|move|p1a: Alomomola|Play Rough|p2a: Cloyster
|-damage|p2a: Cloyster|71/100
|
|-heal|p2a: Cloyster|78/100|[from] Grassy Terrain
|-heal|p1a: Alomomola|26/100 tox|[from] Grassy Terrain
|-damage|p1a: Alomomola|20/100 tox|[from] psn
|-fieldend|move: Grassy Terrain
|upkeep
|turn|22
|-message|ailrse_QAQ forfeited.
|
|win|Princessjosie1001!
|raw|ailrse_QAQ's rating: 1312 &rarr; <strong>1293</strong><br />(-19 for losing)
|raw|Princessjosie1001!'s rating: 1328 &rarr; <strong>1347</strong><br />(+19 for winning)
|l|☆ailrse_QAQ
|player|p1|
|l|☆Princessjosie1001!
|player|p2|
