|j|☆WashyTsunami
|j|‽uscboarder
|t:|1769447337
|gametype|singles
|player|p1|WashyTsunami|drayden|1439
|player|p2|uscboarder|li|1444
|gen|9
|tier|[Gen 9] OU
|rated|
|rule|HP Percentage Mod: HP is shown in percentages
|rule|Endless Battle Clause: Forcing endless battles is banned
|rule|Species Clause: Limit one of each Pokémon
|rule|OHKO Clause: OHKO moves are banned
|rule|Evasion Items Clause: Evasion items are banned
|rule|Evasion Moves Clause: Evasion moves are banned
|rule|Evasion Abilities Clause: Evasion abilities are banned
|rule|Sleep Moves Clause: Sleep-inducing moves are banned
|clearpoke
|poke|p1|Hydrapple, F|
|poke|p1|Tyranitar, F|
|poke|p1|Enamorus, F|
|poke|p1|Garganacl, F|
|poke|p1|Excadrill, F|
|poke|p1|Alomomola, F|
|poke|p2|Decidueye-Hisui, M|
|poke|p2|Landorus-Therian, M|
|poke|p2|Slowking-Galar, F|
|poke|p2|Dondozo, M|
|poke|p2|Zapdos|
|poke|p2|Cinderace, F|
|teampreview
|j| dihhmonster
|inactive|Battle timer is ON: inactive players will automatically lose when time's up. (requested by WashyTsunami)
|j| Tennia
|
|t:|1769447349
|teamsize|p1|6
|teamsize|p2|6
|start
|switch|p1a: Tyranitar|Tyranitar, F|100/100
|switch|p2a: Landorus|Landorus-Therian, M|100/100
|-ability|p2a: Landorus|Intimidate|boost
|-unboost|p1a: Tyranitar|atk|1
|-weather|Sandstorm|[from] ability: Sand Stream|[of] p1a: Tyranitar
|turn|1
|
|t:|1769447353
|move|p2a: Landorus|U-turn|p1a: Tyranitar
|-supereffective|p1a: Tyranitar
|-damage|p1a: Tyranitar|63/100
|
|t:|1769447356
|switch|p2a: Dondozo|Dondozo, M|100/100|[from] U-turn
|move|p1a: Tyranitar|Ice Punch|p2a: Dondozo
|-resisted|p2a: Dondozo
|-damage|p2a: Dondozo|91/100
|
|-weather|Sandstorm|[upkeep]
|-damage|p2a: Dondozo|85/100|[from] Sandstorm
|-heal|p2a: Dondozo|91/100|[from] item: Leftovers
|upkeep
|turn|2
|
|t:|1769447360
|switch|p1a: Hydrapple|Hydrapple, F|100/100
|switch|p2a: Landorus|Landorus-Therian, M|100/100
|-ability|p2a: Landorus|Intimidate|boost
|-unboost|p1a: Hydrapple|atk|1
|
|-weather|Sandstorm|[upkeep]
|-damage|p1a: Hydrapple|94/100|[from] Sandstorm
|upkeep
|turn|3
|
|t:|1769447363
|move|p2a: Landorus|Taunt|p1a: Hydrapple
|-start|p1a: Hydrapple|move: Taunt
|cant|p1a: Hydrapple|move: Taunt|Nasty Plot
|
|-weather|Sandstorm|[upkeep]
|-damage|p1a: Hydrapple|88/100|[from] Sandstorm
|upkeep
|turn|4
|
|t:|1769447368
|move|p2a: Landorus|Stealth Rock|p1a: Hydrapple
|-sidestart|p1: WashyTsunami|move: Stealth Rock
|move|p1a: Hydrapple|Giga Drain|p2a: Landorus
|-damage|p2a: Landorus|69/100
|-heal|p1a: Hydrapple|100/100|[from] drain|[of] p2a: Landorus
|
|-weather|Sandstorm|[upkeep]
|-damage|p1a: Hydrapple|94/100|[from] Sandstorm
|upkeep
|turn|5
|
|t:|1769447371
|move|p2a: Landorus|U-turn|p1a: Hydrapple
|-supereffective|p1a: Hydrapple
|-damage|p1a: Hydrapple|71/100
|-damage|p2a: Landorus|52/100|[from] item: Rocky Helmet|[of] p1a: Hydrapple
|
|t:|1769447375
|switch|p2a: Slowking|Slowking-Galar, F|100/100|[from] U-turn
|move|p1a: Hydrapple|Fickle Beam|p2a: Slowking
|-damage|p2a: Slowking|83/100
|
|-weather|none
|-end|p1a: Hydrapple|move: Taunt
|upkeep
|turn|6
|
|t:|1769447396
|switch|p1a: Excadrill|Excadrill, F|100/100
|-damage|p1a: Excadrill|97/100|[from] Stealth Rock
|move|p2a: Slowking|Future Sight|p1a: Excadrill
|-start|p2a: Slowking|move: Future Sight
|
|-heal|p1a: Excadrill|100/100|[from] item: Leftovers
|upkeep
|turn|7
|
|t:|1769447403
|switch|p2a: Zapdos|Zapdos|100/100
|move|p1a: Excadrill|Substitute|p1a: Excadrill
|-start|p1a: Excadrill|Substitute
|-damage|p1a: Excadrill|76/100
|
|-heal|p1a: Excadrill|82/100|[from] item: Leftovers
|upkeep
|turn|8
|
|t:|1769447408
|move|p2a: Zapdos|Hurricane|p1a: Excadrill
|-resisted|p1a: Excadrill
|-end|p1a: Excadrill|Substitute
|move|p1a: Excadrill|Rapid Spin|p2a: Zapdos
|-damage|p2a: Zapdos|77/100
|-boost|p1a: Excadrill|spe|1
|-sideend|p1: WashyTsunami|Stealth Rock|[from] move: Rapid Spin|[of] p1a: Excadrill
|
|-end|p1a: Excadrill|move: Future Sight
|-resisted|p1a: Excadrill
|-damage|p1a: Excadrill|51/100
|-heal|p1a: Excadrill|58/100|[from] item: Leftovers
|upkeep
|turn|9
|
|t:|1769447436
|move|p1a: Excadrill|Rock Slide|p2a: Zapdos
|-supereffective|p2a: Zapdos
|-damage|p2a: Zapdos|14/100
|cant|p2a: Zapdos|flinch
|
|-heal|p1a: Excadrill|64/100|[from] item: Leftovers
|upkeep
|turn|10
|
|t:|1769447442
|switch|p2a: Landorus|Landorus-Therian, M|52/100
|-ability|p2a: Landorus|Intimidate|boost
|-unboost|p1a: Excadrill|atk|1
|move|p1a: Excadrill|Rock Slide|p2a: Landorus
|-damage|p2a: Landorus|36/100
|
|-heal|p1a: Excadrill|70/100|[from] item: Leftovers
|upkeep
|turn|11
|
|t:|1769447448
|switch|p1a: Hydrapple|Hydrapple, F|100/100
|move|p2a: Landorus|U-turn|p1a: Hydrapple
|-supereffective|p1a: Hydrapple
|-damage|p1a: Hydrapple|79/100
|-damage|p2a: Landorus|19/100|[from] item: Rocky Helmet|[of] p1a: Hydrapple
|
|t:|1769447454
|switch|p2a: Zapdos|Zapdos|14/100|[from] U-turn
|
|upkeep
|turn|12
|
|t:|1769447458
|switch|p1a: Tyranitar|Tyranitar, F|63/100
|-weather|Sandstorm|[from] ability: Sand Stream|[of] p1a: Tyranitar
|move|p2a: Zapdos|Roost|p2a: Zapdos
|-heal|p2a: Zapdos|64/100
|-singleturn|p2a: Zapdos|move: Roost
|
|-weather|Sandstorm|[upkeep]
|-damage|p2a: Zapdos|58/100|[from] Sandstorm
|upkeep
|turn|13
|
|t:|1769447462
|move|p2a: Zapdos|Volt Switch|p1a: Tyranitar
|-damage|p1a: Tyranitar|38/100
|
|t:|1769447465
|switch|p2a: Landorus|Landorus-Therian, M|19/100|[from] Volt Switch
|-ability|p2a: Landorus|Intimidate|boost
|-unboost|p1a: Tyranitar|atk|1
|move|p1a: Tyranitar|Knock Off|p2a: Landorus
|-damage|p2a: Landorus|0 fnt
|-damage|p1a: Tyranitar|22/100|[from] item: Rocky Helmet|[of] p2a: Landorus
|-enditem|p2a: Landorus|Rocky Helmet|[from] move: Knock Off|[of] p1a: Tyranitar
|faint|p2a: Landorus
|
|-weather|Sandstorm|[upkeep]
|upkeep
|
|t:|1769447468
|switch|p2a: Cinderace|Cinderace, F|100/100
|turn|14
|
|t:|1769447472
|switch|p1a: Alomomola|Alomomola, F|100/100
|move|p2a: Cinderace|U-turn|p1a: Alomomola
|-damage|p1a: Alomomola|87/100
|
|t:|1769447475
|switch|p2a: Zapdos|Zapdos|58/100|[from] U-turn
|
|-weather|Sandstorm|[upkeep]
|-damage|p2a: Zapdos|52/100|[from] Sandstorm
|-damage|p1a: Alomomola|81/100|[from] Sandstorm
|upkeep
|turn|15
|
|t:|1769447486
|move|p2a: Zapdos|Roost|p2a: Zapdos
|-heal|p2a: Zapdos|100/100
|-singleturn|p2a: Zapdos|move: Roost
|move|p1a: Alomomola|Mirror Coat||[still]
|-fail|p1a: Alomomola
|
|-weather|Sandstorm|[upkeep]
|-damage|p2a: Zapdos|94/100|[from] Sandstorm
|-damage|p1a: Alomomola|75/100|[from] Sandstorm
|upkeep
|turn|16
|l| dihhmonster
|
|t:|1769447491
|move|p2a: Zapdos|Volt Switch|p1a: Alomomola
|-supereffective|p1a: Alomomola
|-damage|p1a: Alomomola|39/100
|
|t:|1769447495
|switch|p2a: Slowking|Slowking-Galar, F|100/100|[from] Volt Switch
|move|p1a: Alomomola|Flip Turn|p2a: Slowking
|-damage|p2a: Slowking|86/100
|
|t:|1769447499
|switch|p1a: Tyranitar|Tyranitar, F|22/100|[from] Flip Turn
|
|-weather|none
|upkeep
|turn|17
|
|t:|1769447504
|move|p1a: Tyranitar|Knock Off|p2a: Slowking
|-supereffective|p2a: Slowking
|-damage|p2a: Slowking|0 fnt
|-enditem|p2a: Slowking|Assault Vest|[from] move: Knock Off|[of] p1a: Tyranitar
|faint|p2a: Slowking
|
|upkeep
|
|t:|1769447507
|switch|p2a: Cinderace|Cinderace, F|100/100
|turn|18
|
|t:|1769447510
|switch|p1a: Alomomola|Alomomola, F|72/100
|move|p2a: Cinderace|Will-O-Wisp|p1a: Alomomola
|-status|p1a: Alomomola|brn
|
|-damage|p1a: Alomomola|66/100 brn|[from] brn
|upkeep
|turn|19
|
|t:|1769447514
|switch|p2a: Decidueye|Decidueye-Hisui, M|100/100
|move|p1a: Alomomola|Flip Turn|p2a: Decidueye
|-resisted|p2a: Decidueye
|-damage|p2a: Decidueye|95/100
|
|t:|1769447518
|switch|p1a: Enamorus|Enamorus, F|100/100|[from] Flip Turn
|
|upkeep
|turn|20
|
|t:|1769447524
|-terastallize|p2a: Decidueye|Rock
|move|p1a: Enamorus|Moonblast|p2a: Decidueye
|-damage|p2a: Decidueye|36/100
|move|p2a: Decidueye|Tera Blast|p1a: Enamorus|[anim] Tera Blast Rock
|-supereffective|p1a: Enamorus
|-damage|p1a: Enamorus|0 fnt
|faint|p1a: Enamorus
|
|upkeep
|
|t:|1769447529
|switch|p1a: Hydrapple|Hydrapple, F|100/100
|turn|21
|
|t:|1769447534
|switch|p2a: Cinderace|Cinderace, F|100/100
|move|p1a: Hydrapple|Giga Drain|p2a: Cinderace
|-resisted|p2a: Cinderace
|-damage|p2a: Cinderace|83/100
|
|upkeep
|turn|22
|
|t:|1769447539
|move|p2a: Cinderace|Pyro Ball|p1a: Hydrapple
|-damage|p1a: Hydrapple|73/100
|move|p1a: Hydrapple|Fickle Beam|p2a: Cinderace
|-damage|p2a: Cinderace|41/100
|
|upkeep
|turn|23
|
|t:|1769447543
|move|p2a: Cinderace|U-turn|p1a: Hydrapple
|-supereffective|p1a: Hydrapple
|-damage|p1a: Hydrapple|52/100
|-damage|p2a: Cinderace|24/100|[from] item: Rocky Helmet|[of] p1a: Hydrapple
|
|t:|1769447546
|switch|p2a: Decidueye|Decidueye-Hisui, M, tera:Rock|36/100|[from] U-turn
|move|p1a: Hydrapple|Fickle Beam|p2a: Decidueye
|-damage|p2a: Decidueye|0 fnt
|faint|p2a: Decidueye
|
|upkeep
|
|t:|1769447547
|switch|p2a: Zapdos|Zapdos|94/100
|turn|24
|
|t:|1769447551
|switch|p1a: Garganacl|Garganacl, F|100/100
|move|p2a: Zapdos|Hurricane|p1a: Garganacl
|-resisted|p1a: Garganacl
|-damage|p1a: Garganacl|80/100
|
|-heal|p1a: Garganacl|86/100|[from] item: Leftovers
|upkeep
|turn|25
|
|t:|1769447553
|move|p2a: Zapdos|Volt Switch|p1a: Garganacl
|-damage|p1a: Garganacl|62/100
|
|t:|1769447556
|switch|p2a: Dondozo|Dondozo, M|91/100|[from] Volt Switch
|move|p1a: Garganacl|Stealth Rock|p2a: Dondozo
|-sidestart|p2: uscboarder|move: Stealth Rock
|
|-heal|p2a: Dondozo|97/100|[from] item: Leftovers
|-heal|p1a: Garganacl|68/100|[from] item: Leftovers
|upkeep
|turn|26
|
|t:|1769447560
|move|p1a: Garganacl|Salt Cure|p2a: Dondozo
|-damage|p2a: Dondozo|91/100
|-start|p2a: Dondozo|Salt Cure
|move|p2a: Dondozo|Curse|p2a: Dondozo
|-unboost|p2a: Dondozo|spe|1
|-boost|p2a: Dondozo|atk|1
|-boost|p2a: Dondozo|def|1
|
|-heal|p1a: Garganacl|75/100|[from] item: Leftovers
|-heal|p2a: Dondozo|98/100|[from] item: Leftovers
|-damage|p2a: Dondozo|73/100|[from] Salt Cure
|upkeep
|turn|27
|
|t:|1769447563
|switch|p1a: Hydrapple|Hydrapple, F|85/100
|move|p2a: Dondozo|Curse|p2a: Dondozo
|-unboost|p2a: Dondozo|spe|1
|-boost|p2a: Dondozo|atk|1
|-boost|p2a: Dondozo|def|1
|
|-heal|p2a: Dondozo|79/100|[from] item: Leftovers
|-damage|p2a: Dondozo|54/100|[from] Salt Cure
|upkeep
|turn|28
|
|t:|1769447566
|move|p1a: Hydrapple|Giga Drain|p2a: Dondozo
|-supereffective|p2a: Dondozo
|-damage|p2a: Dondozo|0 fnt
|-heal|p1a: Hydrapple|100/100|[from] drain|[of] p2a: Dondozo
|faint|p2a: Dondozo
|
|upkeep
|-message|uscboarder forfeited.
|
|win|WashyTsunami
|raw|WashyTsunami's rating: 1439 &rarr; <strong>1459</strong><br />(+20 for winning)
|raw|uscboarder's rating: 1444 &rarr; <strong>1424</strong><br />(-20 for losing)
|l|‽uscboarder
|player|p2|
|l|☆WashyTsunami
|player|p1|
