|j|☆2aru
|j|☆Napple09
|t:|1769318194
|gametype|singles
|player|p1|2aru|skyla-masters2|1568
|player|p2|Napple09|pokemonbreeder-gen6|1602
|gen|9
|tier|[Gen 9] OU
|rated|
|rule|HP Percentage Mod: HP is shown in percentages
|rule|Endless Battle Clause: Forcing endless battles is banned
|rule|Species Clause: Limit one of each Pokémon
|rule|OHKO Clause: OHKO moves are banned
|rule|Evasion Items Clause: Evasion items are banned
|rule|Evasion Moves Clause: Evasion moves are banned
|rule|Evasion Abilities Clause: Evasion abilities are banned
|rule|Sleep Moves Clause: Sleep-inducing moves are banned
|clearpoke
|poke|p1|Skarmory, F|
|poke|p1|Pecharunt|
|poke|p1|Blissey, F|
|poke|p1|Samurott-Hisui, M|
|poke|p1|Ogerpon, F|
|poke|p1|Gliscor, F|
|poke|p2|Hydrapple, F|
|poke|p2|Great Tusk|
|poke|p2|Lokix, F|
|poke|p2|Cinderace, F|
|poke|p2|Alomomola, F|
|poke|p2|Slowking-Galar, M|
|teampreview
|
|t:|1769318217
|teamsize|p1|6
|teamsize|p2|6
|start
|switch|p1a: Pecharunt|Pecharunt|100/100
|switch|p2a: 【 Luffy 】|Lokix, F|100/100
|turn|1
|
|t:|1769318225
|switch|p2a: 【 Eepy 】|Slowking-Galar, M|100/100
|switch|p1a: Skarmory|Skarmory, F|100/100
|
|upkeep
|turn|2
|
|t:|1769318229
|move|p1a: Skarmory|Stealth Rock|p2a: 【 Eepy 】
|-sidestart|p2: Napple09|move: Stealth Rock
|move|p2a: 【 Eepy 】|Trick|p1a: Skarmory
|-activate|p2a: 【 Eepy 】|move: Trick|[of] p1a: Skarmory
|-item|p1a: Skarmory|Black Sludge|[from] move: Trick
|-item|p2a: 【 Eepy 】|Rocky Helmet|[from] move: Trick
|
|-damage|p1a: Skarmory|88/100|[from] item: Black Sludge
|upkeep
|turn|3
|
|t:|1769318240
|switch|p1a: Samurott|Samurott-Hisui, M|100/100
|-prepare|p2a: 【 Eepy 】|Chilly Reception|[premajor]
|move|p2a: 【 Eepy 】|Chilly Reception|p2a: 【 Eepy 】
|-weather|Snowscape
|
|t:|1769318248
|switch|p2a: 【 Luffy 】|Lokix, F|100/100|[from] Chilly Reception
|-damage|p2a: 【 Luffy 】|76/100|[from] Stealth Rock
|
|-weather|Snowscape|[upkeep]
|upkeep
|turn|4
|
|t:|1769318256
|switch|p1a: Skarmory|Skarmory, F|88/100
|move|p2a: 【 Luffy 】|U-turn|p1a: Skarmory
|-resisted|p1a: Skarmory
|-damage|p1a: Skarmory|72/100
|
|t:|1769318261
|switch|p2a: 【 Cindy 】|Cinderace, F|100/100|[from] U-turn
|
|-weather|Snowscape|[upkeep]
|-damage|p1a: Skarmory|60/100|[from] item: Black Sludge
|upkeep
|turn|5
|
|t:|1769318270
|switch|p1a: Pecharunt|Pecharunt|100/100
|move|p2a: 【 Cindy 】|Will-O-Wisp|p1a: Pecharunt
|-status|p1a: Pecharunt|brn
|
|-weather|Snowscape|[upkeep]
|-damage|p1a: Pecharunt|94/100 brn|[from] brn
|upkeep
|turn|6
|
|t:|1769318282
|-terastallize|p1a: Pecharunt|Ghost
|move|p2a: 【 Cindy 】|U-turn|p1a: Pecharunt
|-resisted|p1a: Pecharunt
|-damage|p1a: Pecharunt|90/100 brn
|
|t:|1769318288
|switch|p2a: 【 Eepy 】|Slowking-Galar, M|100/100|[from] U-turn
|-damage|p2a: 【 Eepy 】|88/100|[from] Stealth Rock
|move|p1a: Pecharunt|Parting Shot|p2a: 【 Eepy 】
|-unboost|p2a: 【 Eepy 】|atk|1
|-unboost|p2a: 【 Eepy 】|spa|1
|
|t:|1769318290
|switch|p1a: Samurott|Samurott-Hisui, M|100/100|[from] Parting Shot
|
|-weather|Snowscape|[upkeep]
|upkeep
|turn|7
|
|t:|1769318296
|switch|p2a: 【 Tusky 】|Great Tusk|100/100
|-damage|p2a: 【 Tusky 】|97/100|[from] Stealth Rock
|move|p1a: Samurott|Ceaseless Edge|p2a: 【 Tusky 】
|-resisted|p2a: 【 Tusky 】
|-damage|p2a: 【 Tusky 】|83/100
|-damage|p1a: Samurott|84/100|[from] item: Rocky Helmet|[of] p2a: 【 Tusky 】
|-sidestart|p2: Napple09|Spikes
|
|-weather|none
|upkeep
|turn|8
|j| H1tTheWitch
|l| H1tTheWitch
|
|t:|1769318305
|switch|p1a: Pecharunt|Pecharunt, tera:Ghost|90/100 brn
|move|p2a: 【 Tusky 】|Headlong Rush|p1a: Pecharunt
|-damage|p1a: Pecharunt|65/100 brn
|-unboost|p2a: 【 Tusky 】|def|1
|-unboost|p2a: 【 Tusky 】|spd|1
|
|-damage|p1a: Pecharunt|59/100 brn|[from] brn
|upkeep
|turn|9
|inactive|Battle timer is ON: inactive players will automatically lose when time's up. (requested by 2aru)
|
|t:|1769318329
|-end|p2a: 【 Tusky 】|Protosynthesis|[silent]
|switch|p2a: 【 Eepy 】|Slowking-Galar, M|100/100
|-damage|p2a: 【 Eepy 】|88/100|[from] Stealth Rock
|-damage|p2a: 【 Eepy 】|76/100|[from] Spikes
|move|p1a: Pecharunt|Recover|p1a: Pecharunt
|-heal|p1a: Pecharunt|100/100 brn
|
|-damage|p1a: Pecharunt|94/100 brn|[from] brn
|upkeep
|turn|10
|inactive|2aru has 120 seconds left.
|
|t:|1769318369
|move|p1a: Pecharunt|Shadow Ball|p2a: 【 Eepy 】
|-supereffective|p2a: 【 Eepy 】
|-damage|p2a: 【 Eepy 】|21/100
|move|p2a: 【 Eepy 】|Future Sight|p1a: Pecharunt
|-start|p2a: 【 Eepy 】|move: Future Sight
|
|-damage|p1a: Pecharunt|88/100 brn|[from] brn
|upkeep
|turn|11
|inactive|2aru has 120 seconds left.
|
|t:|1769318385
|switch|p2a: 【 Momo 】|Alomomola, F|100/100
|-damage|p2a: 【 Momo 】|88/100|[from] Stealth Rock
|-damage|p2a: 【 Momo 】|76/100|[from] Spikes
|move|p1a: Pecharunt|Parting Shot|p2a: 【 Momo 】
|-unboost|p2a: 【 Momo 】|atk|1
|-unboost|p2a: 【 Momo 】|spa|1
|inactive|2aru has 120 seconds left.
|
|t:|1769318394
|switch|p1a: Samurott|Samurott-Hisui, M|84/100|[from] Parting Shot
|
|upkeep
|turn|12
|
|t:|1769318398
|move|p1a: Samurott|Ceaseless Edge|p2a: 【 Momo 】
|-damage|p2a: 【 Momo 】|47/100
|-sidestart|p2: Napple09|Spikes
|move|p2a: 【 Momo 】|Play Rough|p1a: Samurott
|-supereffective|p1a: Samurott
|-damage|p1a: Samurott|60/100
|
|-end|p1a: Samurott|move: Future Sight
|-immune|p1a: Samurott
|upkeep
|turn|13
|
|t:|1769318409
|move|p1a: Samurott|Ceaseless Edge|p2a: 【 Momo 】
|-damage|p2a: 【 Momo 】|18/100
|-sidestart|p2: Napple09|Spikes
|move|p2a: 【 Momo 】|Flip Turn|p1a: Samurott
|-resisted|p1a: Samurott
|-damage|p1a: Samurott|54/100
|
|t:|1769318417
|switch|p2a: 【 Cindy 】|Cinderace, F|100/100|[from] Flip Turn
|
|upkeep
|turn|14
|
|t:|1769318429
|move|p2a: 【 Cindy 】|U-turn|p1a: Samurott
|-supereffective|p1a: Samurott
|-damage|p1a: Samurott|15/100
|
|t:|1769318432
|switch|p2a: 【 Tusky 】|Great Tusk|83/100|[from] U-turn
|-damage|p2a: 【 Tusky 】|80/100|[from] Stealth Rock
|-damage|p2a: 【 Tusky 】|55/100|[from] Spikes
|move|p1a: Samurott|Razor Shell|p2a: 【 Tusky 】
|-supereffective|p2a: 【 Tusky 】
|-damage|p2a: 【 Tusky 】|0 fnt
|-damage|p1a: Samurott|0 fnt|[from] item: Rocky Helmet|[of] p2a: 【 Tusky 】
|faint|p2a: 【 Tusky 】
|-end|p2a: 【 Tusky 】|Protosynthesis|[silent]
|faint|p1a: Samurott
|
|upkeep
|
|t:|1769318448
|switch|p2a: 【 Cindy 】|Cinderace, F|100/100
|switch|p1a: Gliscor|Gliscor, F, shiny|100/100
|turn|15
|
|t:|1769318455
|move|p2a: 【 Cindy 】|Court Change|p2a: 【 Cindy 】
|-swapsideconditions
|-activate|p2a: 【 Cindy 】|move: Court Change
|move|p1a: Gliscor|Earthquake|p2a: 【 Cindy 】
|-supereffective|p2a: 【 Cindy 】
|-damage|p2a: 【 Cindy 】|21/100
|
|-status|p1a: Gliscor|tox|[from] item: Toxic Orb
|upkeep
|turn|16
|
|t:|1769318465
|switch|p2a: 【 Syrup 】|Hydrapple, F|100/100
|move|p1a: Gliscor|Toxic|p2a: 【 Syrup 】
|-status|p2a: 【 Syrup 】|tox
|
|-damage|p2a: 【 Syrup 】|94/100 tox|[from] psn
|upkeep
|turn|17
|
|t:|1769318471
|move|p1a: Gliscor|U-turn|p2a: 【 Syrup 】
|-supereffective|p2a: 【 Syrup 】
|-damage|p2a: 【 Syrup 】|69/100 tox
|
|t:|1769318475
|switch|p1a: Blissey|Blissey, F|100/100|[from] U-turn
|move|p2a: 【 Syrup 】|Nasty Plot|p2a: 【 Syrup 】
|-boost|p2a: 【 Syrup 】|spa|2
|
|-damage|p2a: 【 Syrup 】|57/100 tox|[from] psn
|upkeep
|turn|18
|
|t:|1769318482
|move|p2a: 【 Syrup 】|Fickle Beam|p1a: Blissey|[anim] Fickle Beam All Out
|-activate|p2a: 【 Syrup 】|move: Fickle Beam
|-damage|p1a: Blissey|23/100
|-damage|p2a: 【 Syrup 】|47/100 tox|[from] item: Life Orb
|move|p1a: Blissey|Calm Mind|p1a: Blissey
|-boost|p1a: Blissey|spa|1
|-boost|p1a: Blissey|spd|1
|
|-damage|p2a: 【 Syrup 】|28/100 tox|[from] psn
|upkeep
|turn|19
|
|t:|1769318489
|move|p2a: 【 Syrup 】|Leaf Storm|p1a: Blissey|[miss]
|-miss|p2a: 【 Syrup 】|p1a: Blissey
|move|p1a: Blissey|Soft-Boiled|p1a: Blissey
|-heal|p1a: Blissey|73/100
|
|-damage|p2a: 【 Syrup 】|4/100 tox|[from] psn
|upkeep
|turn|20
|
|t:|1769318494
|switch|p2a: 【 Luffy 】|Lokix, F|76/100
|move|p1a: Blissey|Soft-Boiled|p1a: Blissey
|-heal|p1a: Blissey|100/100
|
|upkeep
|turn|21
|
|t:|1769318504
|switch|p1a: Skarmory|Skarmory, F|60/100
|-damage|p1a: Skarmory|47/100|[from] Stealth Rock
|move|p2a: 【 Luffy 】|U-turn|p1a: Skarmory
|-resisted|p1a: Skarmory
|-damage|p1a: Skarmory|31/100
|
|t:|1769318508
|switch|p2a: 【 Cindy 】|Cinderace, F|21/100|[from] U-turn
|
|-damage|p1a: Skarmory|19/100|[from] item: Black Sludge
|upkeep
|turn|22
|
|t:|1769318515
|move|p2a: 【 Cindy 】|Pyro Ball|p1a: Skarmory
|-supereffective|p1a: Skarmory
|-damage|p1a: Skarmory|0 fnt
|faint|p1a: Skarmory
|
|upkeep
|
|t:|1769318520
|switch|p1a: Gliscor|Gliscor, F, shiny|100/100 tox
|-damage|p1a: Gliscor|88/100 tox|[from] Stealth Rock
|turn|23
|
|t:|1769318529
|move|p2a: 【 Cindy 】|Pyro Ball|p1a: Gliscor
|-crit|p1a: Gliscor
|-damage|p1a: Gliscor|7/100 tox
|move|p1a: Gliscor|Earthquake|p2a: 【 Cindy 】
|-supereffective|p2a: 【 Cindy 】
|-damage|p2a: 【 Cindy 】|0 fnt
|faint|p2a: 【 Cindy 】
|
|-heal|p1a: Gliscor|20/100 tox|[from] ability: Poison Heal
|upkeep
|
|t:|1769318539
|switch|p2a: 【 Luffy 】|Lokix, F|76/100
|turn|24
|
|t:|1769318552
|move|p1a: Gliscor|Protect|p1a: Gliscor
|-singleturn|p1a: Gliscor|Protect
|move|p2a: 【 Luffy 】|Knock Off|p1a: Gliscor
|-activate|p1a: Gliscor|move: Protect
|
|-heal|p1a: Gliscor|32/100 tox|[from] ability: Poison Heal
|upkeep
|turn|25
|inactive|2aru has 120 seconds left.
|
|t:|1769318606
|move|p2a: 【 Luffy 】|Knock Off|p1a: Gliscor
|-damage|p1a: Gliscor|0 fnt
|-enditem|p1a: Gliscor|Toxic Orb|[from] move: Knock Off|[of] p2a: 【 Luffy 】
|faint|p1a: Gliscor
|
|upkeep
|
|t:|1769318613
|switch|p1a: Ogerpon|Ogerpon, F|100/100
|turn|26
|
|t:|1769318625
|switch|p2a: 【 Eepy 】|Slowking-Galar, M|54/100
|move|p1a: Ogerpon|U-turn|p2a: 【 Eepy 】
|-damage|p2a: 【 Eepy 】|35/100
|-damage|p1a: Ogerpon|84/100|[from] item: Rocky Helmet|[of] p2a: 【 Eepy 】
|
|t:|1769318631
|switch|p1a: Pecharunt|Pecharunt, tera:Ghost|88/100 brn|[from] U-turn
|
|-damage|p1a: Pecharunt|82/100 brn|[from] brn
|upkeep
|turn|27
|
|t:|1769318647
|switch|p2a: 【 Momo 】|Alomomola, F|51/100
|move|p1a: Pecharunt|Parting Shot|p2a: 【 Momo 】
|-unboost|p2a: 【 Momo 】|atk|1
|-unboost|p2a: 【 Momo 】|spa|1
|
|t:|1769318649
|switch|p1a: Ogerpon|Ogerpon, F|84/100|[from] Parting Shot
|
|upkeep
|turn|28
|
|t:|1769318655
|switch|p2a: 【 Eepy 】|Slowking-Galar, M|68/100
|move|p1a: Ogerpon|Ivy Cudgel|p2a: 【 Eepy 】
|-resisted|p2a: 【 Eepy 】
|-crit|p2a: 【 Eepy 】
|-damage|p2a: 【 Eepy 】|41/100
|
|upkeep
|turn|29
|
|t:|1769318662
|move|p1a: Ogerpon|Knock Off|p2a: 【 Eepy 】
|-supereffective|p2a: 【 Eepy 】
|-damage|p2a: 【 Eepy 】|0 fnt
|-damage|p1a: Ogerpon|67/100|[from] item: Rocky Helmet|[of] p2a: 【 Eepy 】
|-enditem|p2a: 【 Eepy 】|Rocky Helmet|[from] move: Knock Off|[of] p1a: Ogerpon
|faint|p2a: 【 Eepy 】
|
|upkeep
|
|t:|1769318665
|switch|p2a: 【 Luffy 】|Lokix, F|76/100
|turn|30
|
|t:|1769318674
|switch|p1a: Pecharunt|Pecharunt, tera:Ghost|82/100 brn
|move|p2a: 【 Luffy 】|First Impression|p1a: Pecharunt
|-resisted|p1a: Pecharunt
|-damage|p1a: Pecharunt|51/100 brn
|
|-damage|p1a: Pecharunt|45/100 brn|[from] brn
|upkeep
|turn|31
|j| sixlegoat
|
|t:|1769318684
|switch|p2a: 【 Momo 】|Alomomola, F|85/100
|move|p1a: Pecharunt|Recover|p1a: Pecharunt
|-heal|p1a: Pecharunt|95/100 brn
|
|-damage|p1a: Pecharunt|89/100 brn|[from] brn
|upkeep
|turn|32
|
|t:|1769318690
|move|p1a: Pecharunt|Toxic|p2a: 【 Momo 】
|-status|p2a: 【 Momo 】|tox
|-start|p2a: 【 Momo 】|confusion|[from] ability: Poison Puppeteer|[of] p1a: Pecharunt
|-activate|p2a: 【 Momo 】|confusion
|move|p2a: 【 Momo 】|Mirror Coat||[still]
|-fail|p2a: 【 Momo 】
|
|-damage|p2a: 【 Momo 】|79/100 tox|[from] psn
|-damage|p1a: Pecharunt|83/100 brn|[from] brn
|upkeep
|turn|33
|l| sixlegoat
|
|t:|1769318700
|move|p1a: Pecharunt|Parting Shot|p2a: 【 Momo 】
|-unboost|p2a: 【 Momo 】|atk|1
|-unboost|p2a: 【 Momo 】|spa|1
|
|t:|1769318703
|switch|p1a: Ogerpon|Ogerpon, F|67/100|[from] Parting Shot
|-activate|p2a: 【 Momo 】|confusion
|-damage|p2a: 【 Momo 】|75/100 tox|[from] confusion
|
|-damage|p2a: 【 Momo 】|63/100 tox|[from] psn
|upkeep
|turn|34
|
|t:|1769318713
|switch|p2a: 【 Syrup 】|Hydrapple, F|37/100 tox
|move|p1a: Ogerpon|Ivy Cudgel|p2a: 【 Syrup 】
|-resisted|p2a: 【 Syrup 】
|-damage|p2a: 【 Syrup 】|28/100 tox
|
|-damage|p2a: 【 Syrup 】|22/100 tox|[from] psn
|upkeep
|turn|35
|
|t:|1769318718
|switch|p2a: 【 Momo 】|Alomomola, F|96/100 tox
|move|p1a: Ogerpon|U-turn|p2a: 【 Momo 】
|-damage|p2a: 【 Momo 】|79/100 tox
|
|t:|1769318734
|switch|p1a: Pecharunt|Pecharunt, tera:Ghost|83/100 brn|[from] U-turn
|
|-damage|p2a: 【 Momo 】|73/100 tox|[from] psn
|-damage|p1a: Pecharunt|77/100 brn|[from] brn
|upkeep
|turn|36
|
|t:|1769318741
|move|p1a: Pecharunt|Parting Shot|p2a: 【 Momo 】
|-unboost|p2a: 【 Momo 】|atk|1
|-unboost|p2a: 【 Momo 】|spa|1
|
|t:|1769318745
|switch|p1a: Ogerpon|Ogerpon, F|67/100|[from] Parting Shot
|move|p2a: 【 Momo 】|Flip Turn|p1a: Ogerpon
|-resisted|p1a: Ogerpon
|-damage|p1a: Ogerpon|60/100
|
|t:|1769318748
|switch|p2a: 【 Luffy 】|Lokix, F|76/100|[from] Flip Turn
|
|upkeep
|turn|37
|
|t:|1769318754
|switch|p1a: Blissey|Blissey, F|100/100
|move|p2a: 【 Luffy 】|U-turn|p1a: Blissey
|-damage|p1a: Blissey|54/100
|
|t:|1769318759
|switch|p2a: 【 Syrup 】|Hydrapple, F|55/100 tox|[from] U-turn
|
|-damage|p2a: 【 Syrup 】|49/100 tox|[from] psn
|upkeep
|turn|38
|
|t:|1769318766
|switch|p2a: 【 Luffy 】|Lokix, F|76/100
|move|p1a: Blissey|Soft-Boiled|p1a: Blissey
|-heal|p1a: Blissey|100/100
|
|upkeep
|turn|39
|
|t:|1769318773
|move|p2a: 【 Luffy 】|Knock Off|p1a: Blissey
|-damage|p1a: Blissey|39/100
|-enditem|p1a: Blissey|Heavy-Duty Boots|[from] move: Knock Off|[of] p2a: 【 Luffy 】
|move|p1a: Blissey|Thunder Wave|p2a: 【 Luffy 】
|-status|p2a: 【 Luffy 】|par
|
|upkeep
|turn|40
|
|t:|1769318783
|move|p1a: Blissey|Soft-Boiled|p1a: Blissey
|-heal|p1a: Blissey|89/100
|move|p2a: 【 Luffy 】|Knock Off|p1a: Blissey
|-damage|p1a: Blissey|48/100
|
|upkeep
|turn|41
|
|t:|1769318789
|switch|p2a: 【 Momo 】|Alomomola, F|100/100 tox
|move|p1a: Blissey|Soft-Boiled|p1a: Blissey
|-heal|p1a: Blissey|98/100
|
|-damage|p2a: 【 Momo 】|94/100 tox|[from] psn
|upkeep
|turn|42
|
|t:|1769318793
|move|p1a: Blissey|Calm Mind|p1a: Blissey
|-boost|p1a: Blissey|spa|1
|-boost|p1a: Blissey|spd|1
|move|p2a: 【 Momo 】|Flip Turn|p1a: Blissey
|-damage|p1a: Blissey|82/100
|
|t:|1769318795
|switch|p2a: 【 Luffy 】|Lokix, F|76/100 par|[from] Flip Turn
|
|upkeep
|turn|43
|
|t:|1769318803
|-terastallize|p2a: 【 Luffy 】|Bug
|move|p1a: Blissey|Shadow Ball|p2a: 【 Luffy 】
|-damage|p2a: 【 Luffy 】|30/100 par
|move|p2a: 【 Luffy 】|Leech Life|p1a: Blissey
|-damage|p1a: Blissey|21/100
|-heal|p2a: 【 Luffy 】|100/100 par|[from] drain|[of] p1a: Blissey
|
|upkeep
|turn|44
|
|t:|1769318812
|move|p1a: Blissey|Shadow Ball|p2a: 【 Luffy 】
|-damage|p2a: 【 Luffy 】|55/100 par
|cant|p2a: 【 Luffy 】|par
|
|upkeep
|turn|45
|
|t:|1769318818
|move|p1a: Blissey|Shadow Ball|p2a: 【 Luffy 】
|-damage|p2a: 【 Luffy 】|9/100 par
|-unboost|p2a: 【 Luffy 】|spd|1
|move|p2a: 【 Luffy 】|Leech Life|p1a: Blissey
|-damage|p1a: Blissey|0 fnt
|-heal|p2a: 【 Luffy 】|34/100 par|[from] drain|[of] p1a: Blissey
|faint|p1a: Blissey
|
|upkeep
|
|t:|1769318825
|switch|p1a: Ogerpon|Ogerpon, F|60/100
|turn|46
|
|t:|1769318838
|switch|p2a: 【 Momo 】|Alomomola, F|100/100 tox
|move|p1a: Ogerpon|Ivy Cudgel|p2a: 【 Momo 】
|-supereffective|p2a: 【 Momo 】
|-damage|p2a: 【 Momo 】|33/100 tox
|
|-damage|p2a: 【 Momo 】|27/100 tox|[from] psn
|upkeep
|turn|47
|
|t:|1769318855
|move|p1a: Ogerpon|Ivy Cudgel|p2a: 【 Momo 】
|-supereffective|p2a: 【 Momo 】
|-crit|p2a: 【 Momo 】
|-damage|p2a: 【 Momo 】|0 fnt
|faint|p2a: 【 Momo 】
|
|upkeep
|
|t:|1769318858
|switch|p2a: 【 Syrup 】|Hydrapple, F|82/100 tox
|turn|48
|
|t:|1769318865
|move|p1a: Ogerpon|U-turn|p2a: 【 Syrup 】
|-supereffective|p2a: 【 Syrup 】
|-damage|p2a: 【 Syrup 】|45/100 tox
|
|t:|1769318867
|switch|p1a: Pecharunt|Pecharunt, tera:Ghost|77/100 brn|[from] U-turn
|move|p2a: 【 Syrup 】|Leaf Storm|p1a: Pecharunt
|-damage|p1a: Pecharunt|0 fnt
|-unboost|p2a: 【 Syrup 】|spa|2
|faint|p1a: Pecharunt
|-damage|p2a: 【 Syrup 】|35/100 tox|[from] item: Life Orb
|
|-damage|p2a: 【 Syrup 】|29/100 tox|[from] psn
|upkeep
|
|t:|1769318873
|switch|p1a: Ogerpon|Ogerpon, F|60/100
|turn|49
|
|t:|1769318888
|move|p1a: Ogerpon|U-turn|p2a: 【 Syrup 】
|-supereffective|p2a: 【 Syrup 】
|-damage|p2a: 【 Syrup 】|0 fnt
|faint|p2a: 【 Syrup 】
|
|upkeep
|
|t:|1769318890
|switch|p2a: 【 Luffy 】|Lokix, F, tera:Bug|34/100 par
|turn|50
|
|t:|1769318894
|cant|p2a: 【 Luffy 】|par
|move|p1a: Ogerpon|Knock Off|p2a: 【 Luffy 】
|-damage|p2a: 【 Luffy 】|0 fnt
|-enditem|p2a: 【 Luffy 】|Choice Band|[from] move: Knock Off|[of] p1a: Ogerpon
|faint|p2a: 【 Luffy 】
|
|win|2aru
|raw|2aru's rating: 1568 &rarr; <strong>1590</strong><br />(+22 for winning)
|raw|Napple09's rating: 1602 &rarr; <strong>1580</strong><br />(-22 for losing)
|l|☆2aru
|player|p1|
|l|☆Napple09
|player|p2|
