|j|☆MUTEBA X
|j|☆serg6705
|t:|1769336395
|gametype|singles
|player|p1|MUTEBA X|hilbert|1040
|player|p2|serg6705|hugh|1106
|gen|9
|tier|[Gen 9] OU
|rated|
|rule|HP Percentage Mod: HP is shown in percentages
|rule|Endless Battle Clause: Forcing endless battles is banned
|rule|Species Clause: Limit one of each Pokémon
|rule|OHKO Clause: OHKO moves are banned
|rule|Evasion Items Clause: Evasion items are banned
|rule|Evasion Moves Clause: Evasion moves are banned
|rule|Evasion Abilities Clause: Evasion abilities are banned
|rule|Sleep Moves Clause: Sleep-inducing moves are banned
|clearpoke
|poke|p1|Zoroark-Hisui, F|
|poke|p1|Ceruledge, F|
|poke|p1|Golurk|
|poke|p1|Basculegion, M|
|poke|p1|Mimikyu, F|
|poke|p1|Bramblin, F|
|poke|p2|Dragonite, M|
|poke|p2|Corviknight, M|
|poke|p2|Glimmora, F|
|poke|p2|Goodra-Hisui, F|
|poke|p2|Darkrai|
|poke|p2|Rillaboom, M|
|teampreview
|
|t:|1769336405
|teamsize|p1|6
|teamsize|p2|6
|start
|switch|p1a: Bramblin|Bramblin, F|100/100
|switch|p2a: Rillaboom|Rillaboom, M|100/100
|-fieldstart|move: Grassy Terrain|[from] ability: Grassy Surge|[of] p2a: Rillaboom
|turn|1
|
|t:|1769336413
|move|p2a: Rillaboom|Knock Off|p1a: Bramblin
|-supereffective|p1a: Bramblin
|-enditem|p1a: Bramblin|Focus Sash
|-damage|p1a: Bramblin|1/100
|move|p1a: Bramblin|Leech Seed|p2a: Rillaboom
|-immune|p2a: Rillaboom
|
|-heal|p1a: Bramblin|7/100|[from] Grassy Terrain
|upkeep
|turn|2
|
|t:|1769336424
|move|p2a: Rillaboom|Knock Off|p1a: Bramblin
|-supereffective|p1a: Bramblin
|-damage|p1a: Bramblin|0 fnt
|faint|p1a: Bramblin
|
|upkeep
|
|t:|1769336430
|switch|p1a: Ceruledge|Ceruledge, F, shiny|100/100
|turn|3
|
|t:|1769336434
|move|p2a: Rillaboom|Knock Off|p1a: Ceruledge
|-supereffective|p1a: Ceruledge
|-crit|p1a: Ceruledge
|-enditem|p1a: Ceruledge|Focus Sash
|-damage|p1a: Ceruledge|1/100
|-ability|p1a: Ceruledge|Weak Armor|boost
|-unboost|p1a: Ceruledge|def|1
|-boost|p1a: Ceruledge|spe|2
|move|p1a: Ceruledge|Swords Dance|p1a: Ceruledge
|-boost|p1a: Ceruledge|atk|2
|
|-heal|p1a: Ceruledge|7/100|[from] Grassy Terrain
|upkeep
|turn|4
|
|t:|1769336447
|move|p1a: Ceruledge|Bitter Blade|p2a: Rillaboom
|-supereffective|p2a: Rillaboom
|-damage|p2a: Rillaboom|0 fnt
|-heal|p1a: Ceruledge|66/100|[from] drain|[of] p2a: Rillaboom
|faint|p2a: Rillaboom
|
|-heal|p1a: Ceruledge|72/100|[from] Grassy Terrain
|upkeep
|
|t:|1769336458
|switch|p2a: Glimmora|Glimmora, F|100/100
|turn|5
|
|t:|1769336462
|move|p1a: Ceruledge|Close Combat|p2a: Glimmora
|-damage|p2a: Glimmora|20/100
|-unboost|p1a: Ceruledge|def|1
|-unboost|p1a: Ceruledge|spd|1
|-activate|p2a: Glimmora|ability: Toxic Debris
|-sidestart|p1: MUTEBA X|move: Toxic Spikes
|move|p2a: Glimmora|Toxic|p1a: Ceruledge
|-status|p1a: Ceruledge|tox
|
|-heal|p1a: Ceruledge|78/100 tox|[from] Grassy Terrain
|-heal|p2a: Glimmora|26/100|[from] Grassy Terrain
|-damage|p1a: Ceruledge|72/100 tox|[from] psn
|-fieldend|move: Grassy Terrain
|upkeep
|turn|6
|
|t:|1769336477
|move|p1a: Ceruledge|Shadow Sneak|p2a: Glimmora
|-damage|p2a: Glimmora|0 fnt
|-activate|p2a: Glimmora|ability: Toxic Debris
|-sidestart|p1: MUTEBA X|move: Toxic Spikes
|faint|p2a: Glimmora
|
|-damage|p1a: Ceruledge|60/100 tox|[from] psn
|upkeep
|
|t:|1769336480
|switch|p2a: Darkrai|Darkrai|100/100
|turn|7
|
|t:|1769336488
|-terastallize|p2a: Darkrai|Ghost
|move|p1a: Ceruledge|Shadow Sneak|p2a: Darkrai
|-supereffective|p2a: Darkrai
|-damage|p2a: Darkrai|0 fnt
|faint|p2a: Darkrai
|
|-damage|p1a: Ceruledge|41/100 tox|[from] psn
|upkeep
|-message|serg6705 forfeited.
|
|win|MUTEBA X
|raw|MUTEBA X's rating: 1040 &rarr; <strong>1080</strong><br />(+40 for winning)
|raw|serg6705's rating: 1106 &rarr; <strong>1076</strong><br />(-30 for losing)
|l|☆serg6705
|player|p2|
