|j|☆iconicwrecker
|j|☆nlzdy
|t:|1769419318
|gametype|singles
|player|p1|iconicwrecker|ghetsis|1387
|player|p2|nlzdy|cynthia|1321
|gen|9
|tier|[Gen 9] OU
|rated|
|rule|HP Percentage Mod: HP is shown in percentages
|rule|Endless Battle Clause: Forcing endless battles is banned
|rule|Species Clause: Limit one of each Pokémon
|rule|OHKO Clause: OHKO moves are banned
|rule|Evasion Items Clause: Evasion items are banned
|rule|Evasion Moves Clause: Evasion moves are banned
|rule|Evasion Abilities Clause: Evasion abilities are banned
|rule|Sleep Moves Clause: Sleep-inducing moves are banned
|clearpoke
|poke|p1|Garchomp, M|
|poke|p1|Maushold|
|poke|p1|Skeledirge, M|
|poke|p1|Kommo-o, M|
|poke|p1|Kingambit, M|
|poke|p1|Inteleon, M|
|poke|p2|Corviknight, M|
|poke|p2|Walking Wake|
|poke|p2|Cinderace, M|
|poke|p2|Zamazenta-*|
|poke|p2|Slowking-Galar, M|
|poke|p2|Iron Valiant|
|teampreview
|inactive|Battle timer is ON: inactive players will automatically lose when time's up. (requested by iconicwrecker)
|
|t:|1769419335
|teamsize|p1|6
|teamsize|p2|6
|start
|switch|p1a: Kommo-o|Kommo-o, M|100/100
|switch|p2a: Walking Wake|Walking Wake|100/100
|turn|1
|
|t:|1769419345
|move|p2a: Walking Wake|Draco Meteor|p1a: Kommo-o
|-supereffective|p1a: Kommo-o
|-damage|p1a: Kommo-o|0 fnt
|-unboost|p2a: Walking Wake|spa|2
|faint|p1a: Kommo-o
|
|upkeep
|
|t:|1769419362
|switch|p1a: Garchomp|Garchomp, M|100/100
|turn|2
|
|t:|1769419370
|-end|p2a: Walking Wake|Protosynthesis|[silent]
|switch|p2a: Corviknight|Corviknight, M|100/100
|-terastallize|p1a: Garchomp|Steel
|move|p1a: Garchomp|Swords Dance|p1a: Garchomp
|-boost|p1a: Garchomp|atk|2
|
|upkeep
|turn|3
|l|☆nlzdy
|inactive|nlzdy disconnected and has a minute to reconnect!
|player|p2|
|inactive|nlzdy has 30 seconds to reconnect!
|inactive|nlzdy has 20 seconds to reconnect!
|inactive|nlzdy has 15 seconds to reconnect!
|inactive|nlzdy has 10 seconds to reconnect!
|j|☆nlzdy
|inactive|nlzdy reconnected and has 75 seconds left.
|player|p2|nlzdy|cynthia|
|
|t:|1769419453
|switch|p1a: Skeledirge|Skeledirge, M|100/100
|-item|p1a: Skeledirge|Air Balloon
|move|p2a: Corviknight|Iron Defense|p2a: Corviknight
|-boost|p2a: Corviknight|def|2
|
|upkeep
|turn|4
|
|t:|1769419464
|switch|p2a: Walking Wake|Walking Wake|100/100
|move|p1a: Skeledirge|Will-O-Wisp|p2a: Walking Wake
|-status|p2a: Walking Wake|brn
|
|-damage|p2a: Walking Wake|94/100 brn|[from] brn
|upkeep
|turn|5
|
|t:|1769419479
|switch|p1a: Garchomp|Garchomp, M, tera:Steel|100/100
|move|p2a: Walking Wake|Hydro Steam|p1a: Garchomp
|-damage|p1a: Garchomp|60/100
|
|-damage|p2a: Walking Wake|88/100 brn|[from] brn
|upkeep
|turn|6
|
|t:|1769419501
|move|p2a: Walking Wake|Flamethrower|p1a: Garchomp
|-supereffective|p1a: Garchomp
|-damage|p1a: Garchomp|0 fnt
|faint|p1a: Garchomp
|
|-damage|p2a: Walking Wake|82/100 brn|[from] brn
|upkeep
|inactive|iconicwrecker has 120 seconds left.
|
|t:|1769419531
|switch|p1a: Maushold|Maushold|100/100
|turn|7
|inactive|nlzdy has 90 seconds left.
|
|t:|1769419537
|-end|p2a: Walking Wake|Protosynthesis|[silent]
|switch|p2a: Corviknight|Corviknight, M|100/100
|move|p1a: Maushold|Tidy Up|p1a: Maushold
|-boost|p1a: Maushold|atk|1
|-boost|p1a: Maushold|spe|1
|
|upkeep
|turn|8
|inactive|iconicwrecker has 120 seconds left.
|
|t:|1769419546
|move|p1a: Maushold|Tidy Up|p1a: Maushold
|-boost|p1a: Maushold|atk|1
|-boost|p1a: Maushold|spe|1
|move|p2a: Corviknight|Body Press|p1a: Maushold
|-supereffective|p1a: Maushold
|-damage|p1a: Maushold|24/100
|
|upkeep
|turn|9
|inactive|iconicwrecker has 120 seconds left.
|
|t:|1769419560
|move|p1a: Maushold|Population Bomb|p2a: Corviknight
|-resisted|p2a: Corviknight
|-damage|p2a: Corviknight|93/100
|-damage|p1a: Maushold|7/100|[from] item: Rocky Helmet|[of] p2a: Corviknight
|-resisted|p2a: Corviknight
|-damage|p2a: Corviknight|86/100
|-damage|p1a: Maushold|0 fnt|[from] item: Rocky Helmet|[of] p2a: Corviknight
|faint|p1a: Maushold
|-hitcount|p2a: Corviknight|2
|move|p2a: Corviknight|Roost|p2a: Corviknight
|-heal|p2a: Corviknight|100/100
|-singleturn|p2a: Corviknight|move: Roost
|
|upkeep
|inactive|iconicwrecker has 120 seconds left.
|
|t:|1769419574
|switch|p1a: Inteleon|Inteleon, M|100/100
|turn|10
|
|t:|1769419579
|move|p1a: Inteleon|Snipe Shot|p2a: Corviknight
|-crit|p2a: Corviknight
|-damage|p2a: Corviknight|5/100
|move|p2a: Corviknight|U-turn|p1a: Inteleon
|-damage|p1a: Inteleon|74/100
|
|t:|1769419586
|switch|p2a: Slowking|Slowking-Galar, M|100/100|[from] U-turn
|
|upkeep
|turn|11
|
|t:|1769419593
|move|p1a: Inteleon|Snipe Shot|p2a: Slowking
|-damage|p2a: Slowking|72/100
|move|p2a: Slowking|Future Sight|p1a: Inteleon
|-start|p2a: Slowking|move: Future Sight
|
|-heal|p2a: Slowking|79/100|[from] item: Black Sludge
|upkeep
|turn|12
|
|t:|1769419600
|move|p1a: Inteleon|Snipe Shot|p2a: Slowking
|-crit|p2a: Slowking
|-damage|p2a: Slowking|16/100
|-prepare|p2a: Slowking|Chilly Reception|[premajor]
|move|p2a: Slowking|Chilly Reception|p2a: Slowking
|-weather|Snowscape
|
|t:|1769419608
|switch|p2a: Iron Valiant|Iron Valiant|100/100|[from] Chilly Reception
|
|-weather|Snowscape|[upkeep]
|upkeep
|turn|13
|
|t:|1769419616
|move|p2a: Iron Valiant|Moonblast|p1a: Inteleon
|-damage|p1a: Inteleon|0 fnt
|faint|p1a: Inteleon
|
|-weather|Snowscape|[upkeep]
|-hint|Future Sight did not hit because the target is fainted.
|upkeep
|
|t:|1769419625
|switch|p1a: Kingambit|Kingambit, M|100/100
|-activate|p1a: Kingambit|ability: Supreme Overlord
|-start|p1a: Kingambit|fallen4|[silent]
|turn|14
|
|t:|1769419646
|-end|p2a: Iron Valiant|Quark Drive|[silent]
|switch|p2a: Zamazenta|Zamazenta|100/100
|-ability|p2a: Zamazenta|Dauntless Shield|boost
|-boost|p2a: Zamazenta|def|1
|move|p1a: Kingambit|Iron Head|p2a: Zamazenta
|-damage|p2a: Zamazenta|59/100
|
|-weather|Snowscape|[upkeep]
|upkeep
|turn|15
|
|t:|1769419658
|move|p1a: Kingambit|Sucker Punch|p2a: Zamazenta
|-resisted|p2a: Zamazenta
|-damage|p2a: Zamazenta|37/100
|move|p2a: Zamazenta|Close Combat|p1a: Kingambit
|-supereffective|p1a: Kingambit
|-damage|p1a: Kingambit|0 fnt
|-unboost|p2a: Zamazenta|def|1
|-unboost|p2a: Zamazenta|spd|1
|faint|p1a: Kingambit
|-end|p1a: Kingambit|fallen4|[silent]
|
|-weather|Snowscape|[upkeep]
|upkeep
|
|t:|1769419667
|switch|p1a: Skeledirge|Skeledirge, M|100/100
|-item|p1a: Skeledirge|Air Balloon
|turn|16
|
|t:|1769419673
|switch|p2a: Walking Wake|Walking Wake|82/100 brn
|move|p1a: Skeledirge|Hex|p2a: Walking Wake
|-damage|p2a: Walking Wake|29/100 brn
|
|-weather|none
|-damage|p2a: Walking Wake|22/100 brn|[from] brn
|upkeep
|turn|17
|
|t:|1769419682
|move|p2a: Walking Wake|Hydro Steam|p1a: Skeledirge
|-supereffective|p1a: Skeledirge
|-damage|p1a: Skeledirge|35/100
|-enditem|p1a: Skeledirge|Air Balloon
|move|p1a: Skeledirge|Hex|p2a: Walking Wake
|-crit|p2a: Walking Wake
|-damage|p2a: Walking Wake|0 fnt
|faint|p2a: Walking Wake
|-end|p2a: Walking Wake|Protosynthesis|[silent]
|
|upkeep
|
|t:|1769419692
|switch|p2a: Zamazenta|Zamazenta|37/100
|turn|18
|
|t:|1769419696
|move|p2a: Zamazenta|Crunch|p1a: Skeledirge
|-supereffective|p1a: Skeledirge
|-damage|p1a: Skeledirge|0 fnt
|faint|p1a: Skeledirge
|
|win|nlzdy
|raw|iconicwrecker's rating: 1387 &rarr; <strong>1363</strong><br />(-24 for losing)
|raw|nlzdy's rating: 1321 &rarr; <strong>1345</strong><br />(+24 for winning)
|l|☆iconicwrecker
|player|p1|
|l|☆nlzdy
|player|p2|
