|j|☆Douglas_Evora
|j|‽maitreyathe
|t:|1769321788
|gametype|singles
|player|p1|Douglas_Evora|benga|1367
|player|p2|maitreyathe|skyla-masters2|1342
|gen|9
|tier|[Gen 9] OU
|rated|
|rule|HP Percentage Mod: HP is shown in percentages
|rule|Endless Battle Clause: Forcing endless battles is banned
|rule|Species Clause: Limit one of each Pokémon
|rule|OHKO Clause: OHKO moves are banned
|rule|Evasion Items Clause: Evasion items are banned
|rule|Evasion Moves Clause: Evasion moves are banned
|rule|Evasion Abilities Clause: Evasion abilities are banned
|rule|Sleep Moves Clause: Sleep-inducing moves are banned
|clearpoke
|poke|p1|Enamorus, F|
|poke|p1|Ogerpon-Wellspring, F|
|poke|p1|Iron Crown|
|poke|p1|Iron Hands|
|poke|p1|Glimmora, M|
|poke|p1|Ursaluna, M|
|poke|p2|Darkrai|
|poke|p2|Great Tusk|
|poke|p2|Gholdengo|
|poke|p2|Kingambit, F|
|poke|p2|Glimmora, M|
|poke|p2|Dragonite, M|
|teampreview
|inactive|Battle timer is ON: inactive players will automatically lose when time's up. (requested by maitreyathe)
|
|t:|1769321798
|teamsize|p1|6
|teamsize|p2|6
|start
|switch|p1a: Iron Crown|Iron Crown|100/100
|switch|p2a: Gholdengo|Gholdengo, shiny|100/100
|-item|p2a: Gholdengo|Air Balloon
|turn|1
|
|t:|1769321804
|move|p1a: Iron Crown|Volt Switch|p2a: Gholdengo
|-damage|p2a: Gholdengo|60/100
|-enditem|p2a: Gholdengo|Air Balloon
|
|t:|1769321809
|-end|p1a: Iron Crown|Quark Drive|[silent]
|switch|p1a: Ursaluna|Ursaluna, M, shiny|100/100|[from] Volt Switch
|move|p2a: Gholdengo|Nasty Plot|p2a: Gholdengo
|-boost|p2a: Gholdengo|spa|2
|
|upkeep
|turn|2
|
|t:|1769321815
|move|p2a: Gholdengo|Make It Rain|p1a: Ursaluna
|-damage|p1a: Ursaluna|27/100
|-unboost|p2a: Gholdengo|spa|1
|move|p1a: Ursaluna|Headlong Rush|p2a: Gholdengo
|-supereffective|p2a: Gholdengo
|-damage|p2a: Gholdengo|0 fnt
|-unboost|p1a: Ursaluna|def|1
|-unboost|p1a: Ursaluna|spd|1
|faint|p2a: Gholdengo
|
|-heal|p1a: Ursaluna|33/100|[from] item: Leftovers
|upkeep
|
|t:|1769321821
|switch|p2a: Darkrai|Darkrai, shiny|100/100
|turn|3
|
|t:|1769321831
|move|p2a: Darkrai|Ice Beam|p1a: Ursaluna
|-supereffective|p1a: Ursaluna
|-damage|p1a: Ursaluna|0 fnt
|faint|p1a: Ursaluna
|
|upkeep
|
|t:|1769321854
|switch|p1a: Iron Crown|Iron Crown|100/100
|turn|4
|
|t:|1769321857
|-terastallize|p1a: Iron Crown|Steel
|move|p2a: Darkrai|Knock Off|p1a: Iron Crown
|-crit|p1a: Iron Crown
|-damage|p1a: Iron Crown|35/100
|-enditem|p1a: Iron Crown|Choice Specs|[from] move: Knock Off|[of] p2a: Darkrai
|move|p1a: Iron Crown|Tachyon Cutter|p2a: Darkrai
|-damage|p2a: Darkrai|55/100
|-damage|p2a: Darkrai|6/100
|-hitcount|p2a: Darkrai|2
|
|upkeep
|turn|5
|
|t:|1769321869
|move|p2a: Darkrai|Dark Pulse|p1a: Iron Crown
|-damage|p1a: Iron Crown|0 fnt
|faint|p1a: Iron Crown
|-end|p1a: Iron Crown|Quark Drive|[silent]
|
|upkeep
|
|t:|1769321874
|switch|p1a: Enamorus|Enamorus, F|100/100
|turn|6
|
|t:|1769321884
|switch|p2a: Glimmora|Glimmora, M, shiny|100/100
|move|p1a: Enamorus|Earth Power|p2a: Glimmora
|-supereffective|p2a: Glimmora
|-damage|p2a: Glimmora|0 fnt
|faint|p2a: Glimmora
|
|upkeep
|
|t:|1769321889
|switch|p2a: Dragonite|Dragonite, M, shiny|100/100
|turn|7
|
|t:|1769321896
|switch|p1a: Glimmora|Glimmora, M, shiny|100/100
|move|p2a: Dragonite|Dragon Dance|p2a: Dragonite
|-boost|p2a: Dragonite|atk|1
|-boost|p2a: Dragonite|spe|1
|
|upkeep
|turn|8
|
|t:|1769321902
|switch|p1a: Enamorus|Enamorus, F|100/100
|move|p2a: Dragonite|Earthquake|p1a: Enamorus
|-immune|p1a: Enamorus
|
|upkeep
|turn|9
|
|t:|1769321908
|move|p2a: Dragonite|Extreme Speed|p1a: Enamorus
|-damage|p1a: Enamorus|27/100
|move|p1a: Enamorus|Moonblast|p2a: Dragonite
|-supereffective|p2a: Dragonite
|-damage|p2a: Dragonite|50/100
|-unboost|p2a: Dragonite|spa|1
|
|upkeep
|turn|10
|
|t:|1769321918
|switch|p1a: Glimmora|Glimmora, M, shiny|100/100
|move|p2a: Dragonite|Extreme Speed|p1a: Glimmora
|-resisted|p1a: Glimmora
|-damage|p1a: Glimmora|79/100
|-activate|p1a: Glimmora|ability: Toxic Debris
|-sidestart|p2: maitreyathe|move: Toxic Spikes
|
|upkeep
|turn|11
|
|t:|1769321926
|switch|p1a: Ogerpon|Ogerpon-Wellspring, F|100/100
|move|p2a: Dragonite|Earthquake|p1a: Ogerpon
|-resisted|p1a: Ogerpon
|-damage|p1a: Ogerpon|63/100
|
|upkeep
|turn|12
|
|t:|1769321933
|-terastallize|p2a: Dragonite|Normal
|move|p2a: Dragonite|Extreme Speed|p1a: Ogerpon
|-damage|p1a: Ogerpon|0 fnt
|faint|p1a: Ogerpon
|
|upkeep
|
|t:|1769321938
|switch|p1a: Iron Hands|Iron Hands, shiny|100/100
|-enditem|p1a: Iron Hands|Booster Energy
|-activate|p1a: Iron Hands|ability: Quark Drive|[fromitem]
|-start|p1a: Iron Hands|quarkdriveatk
|turn|13
|
|t:|1769321944
|move|p2a: Dragonite|Earthquake|p1a: Iron Hands
|-supereffective|p1a: Iron Hands
|-crit|p1a: Iron Hands
|-damage|p1a: Iron Hands|0 fnt
|faint|p1a: Iron Hands
|-end|p1a: Iron Hands|Quark Drive|[silent]
|
|upkeep
|-message|Douglas_Evora forfeited.
|
|win|maitreyathe
|raw|Douglas_Evora's rating: 1367 &rarr; <strong>1346</strong><br />(-21 for losing)
|raw|maitreyathe's rating: 1342 &rarr; <strong>1363</strong><br />(+21 for winning)
|l|☆Douglas_Evora
|player|p1|
