|j|☆Edward Wang
|j|☆ghighas
|t:|1769404662
|gametype|singles
|player|p1|Edward Wang|preschooler|1345
|player|p2|ghighas|ghetsis|1353
|gen|9
|tier|[Gen 9] OU
|rated|
|rule|HP Percentage Mod: HP is shown in percentages
|rule|Endless Battle Clause: Forcing endless battles is banned
|rule|Species Clause: Limit one of each Pokémon
|rule|OHKO Clause: OHKO moves are banned
|rule|Evasion Items Clause: Evasion items are banned
|rule|Evasion Moves Clause: Evasion moves are banned
|rule|Evasion Abilities Clause: Evasion abilities are banned
|rule|Sleep Moves Clause: Sleep-inducing moves are banned
|clearpoke
|poke|p1|Garganacl, M|
|poke|p1|Jirachi|
|poke|p1|Serperior, F|
|poke|p1|Landorus-Therian, M|
|poke|p1|Blissey, F|
|poke|p1|Heatran, F|
|poke|p2|Barraskewda, M|
|poke|p2|Pelipper, M|
|poke|p2|Dondozo, M|
|poke|p2|Goodra-Hisui, M|
|poke|p2|Ogerpon-Wellspring, F|
|poke|p2|Great Tusk|
|teampreview
|
|t:|1769404668
|teamsize|p1|6
|teamsize|p2|6
|start
|switch|p1a: Landorus|Landorus-Therian, M|100/100
|switch|p2a: Pelipper|Pelipper, M|100/100
|-ability|p1a: Landorus|Intimidate|boost
|-unboost|p2a: Pelipper|atk|1
|-weather|RainDance|[from] ability: Drizzle|[of] p2a: Pelipper
|turn|1
|inactive|Battle timer is ON: inactive players will automatically lose when time's up. (requested by ghighas)
|
|t:|1769404671
|move|p1a: Landorus|Stone Edge|p2a: Pelipper
|-supereffective|p2a: Pelipper
|-damage|p2a: Pelipper|28/100
|move|p2a: Pelipper|U-turn|p1a: Landorus
|-resisted|p1a: Landorus
|-damage|p1a: Landorus|97/100
|
|t:|1769404672
|switch|p2a: Barraskewda|Barraskewda, M, shiny|100/100|[from] U-turn
|
|-weather|RainDance|[upkeep]
|upkeep
|turn|2
|
|t:|1769404679
|switch|p1a: Serperior|Serperior, F|100/100
|-terastallize|p2a: Barraskewda|Water
|move|p2a: Barraskewda|Liquidation|p1a: Serperior
|-resisted|p1a: Serperior
|-damage|p1a: Serperior|32/100
|
|-weather|RainDance|[upkeep]
|-heal|p1a: Serperior|39/100|[from] item: Leftovers
|upkeep
|turn|3
|
|t:|1769404694
|switch|p1a: Heatran|Heatran, F|100/100
|move|p2a: Barraskewda|Liquidation|p1a: Heatran
|-supereffective|p1a: Heatran
|-damage|p1a: Heatran|0 fnt
|-damage|p2a: Barraskewda|84/100|[from] item: Rocky Helmet|[of] p1a: Heatran
|faint|p1a: Heatran
|
|-weather|RainDance|[upkeep]
|upkeep
|
|t:|1769404697
|switch|p1a: Landorus|Landorus-Therian, M|97/100
|-ability|p1a: Landorus|Intimidate|boost
|-unboost|p2a: Barraskewda|atk|1
|turn|4
|
|t:|1769404704
|move|p2a: Barraskewda|Liquidation|p1a: Landorus
|-supereffective|p1a: Landorus
|-damage|p1a: Landorus|0 fnt
|faint|p1a: Landorus
|
|-weather|RainDance|[upkeep]
|upkeep
|
|t:|1769404707
|switch|p1a: Garganacl|Garganacl, M, shiny|100/100
|-item|p1a: Garganacl|Air Balloon
|turn|5
|
|t:|1769404709
|switch|p2a: Great Tusk|Great Tusk|100/100
|-terastallize|p1a: Garganacl|Ghost
|move|p1a: Garganacl|Iron Defense|p1a: Garganacl
|-boost|p1a: Garganacl|def|2
|
|-weather|RainDance|[upkeep]
|upkeep
|turn|6
|
|t:|1769404712
|move|p2a: Great Tusk|Knock Off|p1a: Garganacl
|-supereffective|p1a: Garganacl
|-damage|p1a: Garganacl|85/100
|-enditem|p1a: Garganacl|Air Balloon
|move|p1a: Garganacl|Iron Defense|p1a: Garganacl
|-boost|p1a: Garganacl|def|2
|
|-weather|RainDance|[upkeep]
|upkeep
|turn|7
|
|t:|1769404718
|move|p2a: Great Tusk|Stealth Rock|p1a: Garganacl
|-sidestart|p1: Edward Wang|move: Stealth Rock
|move|p1a: Garganacl|Iron Defense|p1a: Garganacl
|-boost|p1a: Garganacl|def|2
|
|-weather|RainDance|[upkeep]
|upkeep
|turn|8
|
|t:|1769404721
|move|p2a: Great Tusk|Earthquake|p1a: Garganacl
|-damage|p1a: Garganacl|79/100
|move|p1a: Garganacl|Salt Cure|p2a: Great Tusk
|-resisted|p2a: Great Tusk
|-damage|p2a: Great Tusk|98/100
|-start|p2a: Great Tusk|Salt Cure
|
|-weather|none
|-damage|p2a: Great Tusk|86/100|[from] Salt Cure
|upkeep
|turn|9
|
|t:|1769404723
|-end|p2a: Great Tusk|Protosynthesis|[silent]
|switch|p2a: Dondozo|Dondozo, M|100/100
|move|p1a: Garganacl|Body Press|p2a: Dondozo
|-damage|p2a: Dondozo|87/100
|
|-heal|p2a: Dondozo|93/100|[from] item: Leftovers
|upkeep
|turn|10
|
|t:|1769404726
|move|p1a: Garganacl|Salt Cure|p2a: Dondozo
|-damage|p2a: Dondozo|87/100
|-start|p2a: Dondozo|Salt Cure
|move|p2a: Dondozo|Curse|p2a: Dondozo
|-unboost|p2a: Dondozo|spe|1
|-boost|p2a: Dondozo|atk|1
|-boost|p2a: Dondozo|def|1
|
|-heal|p2a: Dondozo|93/100|[from] item: Leftovers
|-damage|p2a: Dondozo|68/100|[from] Salt Cure
|upkeep
|turn|11
|
|t:|1769404728
|move|p1a: Garganacl|Body Press|p2a: Dondozo
|-damage|p2a: Dondozo|58/100
|move|p2a: Dondozo|Wave Crash|p1a: Garganacl
|-damage|p1a: Garganacl|48/100
|-damage|p2a: Dondozo|49/100|[from] Recoil
|
|-heal|p2a: Dondozo|55/100|[from] item: Leftovers
|-damage|p2a: Dondozo|30/100|[from] Salt Cure
|upkeep
|turn|12
|
|t:|1769404732
|move|p1a: Garganacl|Body Press|p2a: Dondozo
|-crit|p2a: Dondozo
|-damage|p2a: Dondozo|9/100
|move|p2a: Dondozo|Wave Crash|p1a: Garganacl
|-damage|p1a: Garganacl|18/100
|-damage|p2a: Dondozo|1/100|[from] Recoil
|
|-heal|p2a: Dondozo|7/100|[from] item: Leftovers
|-damage|p2a: Dondozo|0 fnt|[from] Salt Cure
|faint|p2a: Dondozo
|upkeep
|
|t:|1769404744
|switch|p2a: Pelipper|Pelipper, M|28/100
|-weather|RainDance|[from] ability: Drizzle|[of] p2a: Pelipper
|turn|13
|
|t:|1769404748
|move|p2a: Pelipper|Weather Ball|p1a: Garganacl
|-damage|p1a: Garganacl|0 fnt
|faint|p1a: Garganacl
|
|-weather|RainDance|[upkeep]
|upkeep
|
|t:|1769404752
|switch|p1a: Jirachi|Jirachi|100/100
|-damage|p1a: Jirachi|94/100|[from] Stealth Rock
|turn|14
|
|t:|1769404755
|move|p1a: Jirachi|Cosmic Power|p1a: Jirachi
|-boost|p1a: Jirachi|def|1
|-boost|p1a: Jirachi|spd|1
|move|p2a: Pelipper|U-turn|p1a: Jirachi
|-damage|p1a: Jirachi|89/100
|
|t:|1769404759
|switch|p2a: Barraskewda|Barraskewda, M, shiny, tera:Water|84/100|[from] U-turn
|
|-weather|RainDance|[upkeep]
|upkeep
|turn|15
|
|t:|1769404769
|move|p2a: Barraskewda|Liquidation|p1a: Jirachi
|-damage|p1a: Jirachi|3/100
|move|p1a: Jirachi|Stored Power|p2a: Barraskewda
|-damage|p2a: Barraskewda|38/100
|
|-weather|RainDance|[upkeep]
|upkeep
|turn|16
|
|t:|1769404777
|move|p2a: Barraskewda|Liquidation|p1a: Jirachi
|-damage|p1a: Jirachi|0 fnt
|faint|p1a: Jirachi
|
|-weather|RainDance|[upkeep]
|upkeep
|-message|Edward Wang forfeited.
|
|win|ghighas
|raw|Edward Wang's rating: 1345 &rarr; <strong>1327</strong><br />(-18 for losing)
|raw|ghighas's rating: 1375 &rarr; <strong>1393</strong><br />(+18 for winning)
|l|☆Edward Wang
|player|p1|
|l|☆ghighas
|player|p2|
