|j|☆N031
|j|☆jungle and savage
|t:|1769414357
|gametype|singles
|player|p1|N031|nate|1116
|player|p2|jungle and savage|lucas|1127
|gen|9
|tier|[Gen 9] OU
|rated|
|rule|HP Percentage Mod: HP is shown in percentages
|rule|Endless Battle Clause: Forcing endless battles is banned
|rule|Species Clause: Limit one of each Pokémon
|rule|OHKO Clause: OHKO moves are banned
|rule|Evasion Items Clause: Evasion items are banned
|rule|Evasion Moves Clause: Evasion moves are banned
|rule|Evasion Abilities Clause: Evasion abilities are banned
|rule|Sleep Moves Clause: Sleep-inducing moves are banned
|clearpoke
|poke|p1|Pelipper, M|
|poke|p1|Lurantis, M|
|poke|p1|Ogerpon-Wellspring, F|
|poke|p1|Braviary-Hisui, M|
|poke|p1|Dragonite, M|
|poke|p1|Kilowattrel, F|
|poke|p2|Ariados, F|
|poke|p2|Flygon, F|
|poke|p2|Sandaconda, M|
|poke|p2|Overqwil, F|
|poke|p2|Heracross, M|
|poke|p2|Zarude|
|teampreview
|inactive|Battle timer is ON: inactive players will automatically lose when time's up. (requested by jungle and savage)
|
|t:|1769414368
|teamsize|p1|6
|teamsize|p2|6
|start
|switch|p1a: Pelipper|Pelipper, M, shiny|100/100
|switch|p2a: Ariados|Ariados, F|100/100
|-weather|RainDance|[from] ability: Drizzle|[of] p1a: Pelipper
|turn|1
|
|t:|1769414387
|move|p1a: Pelipper|U-turn|p2a: Ariados
|-resisted|p2a: Ariados
|-damage|p2a: Ariados|95/100
|
|t:|1769414392
|switch|p1a: Braviary|Braviary-Hisui, M|100/100|[from] U-turn
|move|p2a: Ariados|Sticky Web|p1a: Braviary
|-sidestart|p1: N031|move: Sticky Web
|
|-weather|RainDance|[upkeep]
|upkeep
|turn|2
|
|t:|1769414400
|move|p2a: Ariados|Sucker Punch|p1a: Braviary
|-supereffective|p1a: Braviary
|-damage|p1a: Braviary|71/100
|move|p1a: Braviary|Esper Wing|p2a: Ariados
|-supereffective|p2a: Ariados
|-damage|p2a: Ariados|19/100
|-boost|p1a: Braviary|spe|1
|
|-weather|RainDance|[upkeep]
|upkeep
|turn|3
|
|t:|1769414411
|switch|p2a: Overqwil|Overqwil, F|100/100
|-ability|p2a: Overqwil|Intimidate|boost
|-unboost|p1a: Braviary|atk|1
|move|p1a: Braviary|Esper Wing|p2a: Overqwil
|-immune|p2a: Overqwil
|
|-weather|RainDance|[upkeep]
|upkeep
|turn|4
|
|t:|1769414420
|move|p2a: Overqwil|Crunch|p1a: Braviary
|-supereffective|p1a: Braviary
|-damage|p1a: Braviary|0 fnt
|faint|p1a: Braviary
|
|-weather|RainDance|[upkeep]
|upkeep
|
|t:|1769414428
|switch|p1a: Dragonite|Dragonite, M, shiny|100/100
|turn|5
|
|t:|1769414432
|move|p2a: Overqwil|Barb Barrage|p1a: Dragonite
|-damage|p1a: Dragonite|66/100
|move|p1a: Dragonite|Dragon Dance|p1a: Dragonite
|-boost|p1a: Dragonite|atk|1
|-boost|p1a: Dragonite|spe|1
|
|-weather|RainDance|[upkeep]
|upkeep
|turn|6
|
|t:|1769414441
|move|p1a: Dragonite|Dragon Dance|p1a: Dragonite
|-boost|p1a: Dragonite|atk|1
|-boost|p1a: Dragonite|spe|1
|move|p2a: Overqwil|Gunk Shot|p1a: Dragonite
|-damage|p1a: Dragonite|1/100
|
|-weather|RainDance|[upkeep]
|upkeep
|turn|7
|
|t:|1769414448
|move|p2a: Overqwil|Aqua Jet|p1a: Dragonite
|-resisted|p1a: Dragonite
|-damage|p1a: Dragonite|0 fnt
|faint|p1a: Dragonite
|
|-weather|RainDance|[upkeep]
|upkeep
|
|t:|1769414462
|switch|p1a: Kilowattrel|Kilowattrel, F, shiny|100/100
|turn|8
|
|t:|1769414467
|move|p1a: Kilowattrel|Hurricane|p2a: Overqwil
|-damage|p2a: Overqwil|19/100
|-start|p2a: Overqwil|confusion
|-activate|p2a: Overqwil|confusion
|-damage|p2a: Overqwil|3/100|[from] confusion
|
|-weather|none
|-heal|p2a: Overqwil|10/100|[from] item: Black Sludge
|upkeep
|turn|9
|
|t:|1769414479
|switch|p2a: Ariados|Ariados, F|19/100
|move|p1a: Kilowattrel|Weather Ball|p2a: Ariados
|-damage|p2a: Ariados|5/100
|
|upkeep
|turn|10
|
|t:|1769414487
|move|p2a: Ariados|Sucker Punch|p1a: Kilowattrel
|-damage|p1a: Kilowattrel|72/100
|move|p1a: Kilowattrel|Weather Ball|p2a: Ariados
|-damage|p2a: Ariados|0 fnt
|faint|p2a: Ariados
|
|upkeep
|
|t:|1769414495
|switch|p2a: Flygon|Flygon, F|100/100
|turn|11
|
|t:|1769414500
|switch|p1a: Pelipper|Pelipper, M, shiny|100/100
|-weather|RainDance|[from] ability: Drizzle|[of] p1a: Pelipper
|move|p2a: Flygon|Dragon Dance|p2a: Flygon
|-boost|p2a: Flygon|atk|1
|-boost|p2a: Flygon|spe|1
|
|-weather|RainDance|[upkeep]
|upkeep
|turn|12
|
|t:|1769414510
|move|p2a: Flygon|Stone Edge|p1a: Pelipper
|-supereffective|p1a: Pelipper
|-damage|p1a: Pelipper|0 fnt
|faint|p1a: Pelipper
|-damage|p2a: Flygon|91/100|[from] item: Life Orb
|
|-weather|RainDance|[upkeep]
|upkeep
|
|t:|1769414518
|switch|p1a: Lurantis|Lurantis, M, shiny|100/100
|-activate|p1a: Lurantis|move: Sticky Web
|-boost|p1a: Lurantis|spe|1
|turn|13
|
|t:|1769414527
|move|p2a: Flygon|Outrage|p1a: Lurantis
|-damage|p1a: Lurantis|0 fnt
|faint|p1a: Lurantis
|-damage|p2a: Flygon|81/100|[from] item: Life Orb
|
|-weather|RainDance|[upkeep]
|upkeep
|
|t:|1769414534
|switch|p1a: Ogerpon|Ogerpon-Wellspring, F|100/100
|-activate|p1a: Ogerpon|move: Sticky Web
|-unboost|p1a: Ogerpon|spe|1
|turn|14
|
|t:|1769414540
|-terastallize|p1a: Ogerpon|Water
|detailschange|p1a: Ogerpon|Ogerpon-Wellspring-Tera, F, tera:Water
|-ability|p1a: Ogerpon|Embody Aspect (Wellspring)|boost
|-boost|p1a: Ogerpon|spd|1
|move|p2a: Flygon|Outrage|p1a: Ogerpon|[from] lockedmove
|-damage|p1a: Ogerpon|0 fnt
|faint|p1a: Ogerpon
|detailschange|p1: Ogerpon|Ogerpon-Wellspring, F|[silent]
|-damage|p2a: Flygon|71/100|[from] item: Life Orb
|-start|p2a: Flygon|confusion|[fatigue]
|
|-weather|RainDance|[upkeep]
|upkeep
|
|t:|1769414547
|switch|p1a: Kilowattrel|Kilowattrel, F, shiny|72/100
|turn|15
|
|t:|1769414558
|-activate|p2a: Flygon|confusion
|-damage|p2a: Flygon|43/100|[from] confusion
|move|p1a: Kilowattrel|Hurricane|p2a: Flygon
|-damage|p2a: Flygon|0 fnt
|faint|p2a: Flygon
|
|-weather|RainDance|[upkeep]
|upkeep
|
|t:|1769414568
|switch|p2a: Overqwil|Overqwil, F|10/100
|-ability|p2a: Overqwil|Intimidate|boost
|-unboost|p1a: Kilowattrel|atk|1
|turn|16
|
|t:|1769414573
|move|p2a: Overqwil|Aqua Jet|p1a: Kilowattrel
|-crit|p1a: Kilowattrel
|-damage|p1a: Kilowattrel|20/100
|move|p1a: Kilowattrel|Volt Switch|p2a: Overqwil
|-damage|p2a: Overqwil|0 fnt
|faint|p2a: Overqwil
|
|-weather|RainDance|[upkeep]
|upkeep
|
|t:|1769414583
|switch|p2a: Sandaconda|Sandaconda, M|100/100
|turn|17
|
|t:|1769414589
|-terastallize|p2a: Sandaconda|Dragon
|move|p1a: Kilowattrel|Weather Ball|p2a: Sandaconda
|-resisted|p2a: Sandaconda
|-damage|p2a: Sandaconda|71/100
|move|p2a: Sandaconda|Body Press|p1a: Kilowattrel
|-resisted|p1a: Kilowattrel
|-damage|p1a: Kilowattrel|0 fnt
|faint|p1a: Kilowattrel
|
|win|jungle and savage
|raw|N031's rating: 1116 &rarr; <strong>1092</strong><br />(-24 for losing)
|raw|jungle and savage's rating: 1127 &rarr; <strong>1151</strong><br />(+24 for winning)
|l|☆N031
|player|p1|
|l|☆jungle and savage
|player|p2|
