|j|‽spongebob musical
|j|☆XxanoobistxX
|t:|1769369341
|gametype|singles
|player|p1|spongebob musical|twins-gen4dp|1354
|player|p2|XxanoobistxX|169|1374
|gen|9
|tier|[Gen 9] OU
|rated|
|rule|HP Percentage Mod: HP is shown in percentages
|rule|Endless Battle Clause: Forcing endless battles is banned
|rule|Species Clause: Limit one of each Pokémon
|rule|OHKO Clause: OHKO moves are banned
|rule|Evasion Items Clause: Evasion items are banned
|rule|Evasion Moves Clause: Evasion moves are banned
|rule|Evasion Abilities Clause: Evasion abilities are banned
|rule|Sleep Moves Clause: Sleep-inducing moves are banned
|clearpoke
|poke|p1|Zapdos|
|poke|p1|Kingambit, M|
|poke|p1|Alomomola, F|
|poke|p1|Great Tusk|
|poke|p1|Slowking-Galar, F|
|poke|p1|Dragapult, F|
|poke|p2|Dragapult, F|
|poke|p2|Moltres|
|poke|p2|Ogerpon-Wellspring, F|
|poke|p2|Great Tusk|
|poke|p2|Kingambit, F|
|poke|p2|Clefable, F|
|teampreview
|inactive|Battle timer is ON: inactive players will automatically lose when time's up. (requested by spongebob musical)
|inactive|XxanoobistxX has 120 seconds left.
|
|t:|1769369374
|teamsize|p1|6
|teamsize|p2|6
|start
|switch|p1a: Slowking|Slowking-Galar, F|100/100
|switch|p2a: Clefable|Clefable, F|100/100
|turn|1
|inactive|spongebob musical has 120 seconds left.
|
|t:|1769369416
|move|p2a: Clefable|Stealth Rock|p1a: Slowking
|-sidestart|p1: spongebob musical|move: Stealth Rock
|move|p1a: Slowking|Sludge Bomb|p2a: Clefable
|-supereffective|p2a: Clefable
|-damage|p2a: Clefable|53/100
|-status|p2a: Clefable|psn
|
|-damage|p2a: Clefable|40/100 psn|[from] psn
|upkeep
|turn|2
|inactive|spongebob musical has 120 seconds left.
|inactive|XxanoobistxX has 120 seconds left.
|
|t:|1769369447
|move|p2a: Clefable|Moonlight|p2a: Clefable
|-heal|p2a: Clefable|90/100 psn
|-prepare|p1a: Slowking|Chilly Reception|[premajor]
|move|p1a: Slowking|Chilly Reception|p1a: Slowking
|-weather|Snowscape
|inactive|spongebob musical has 120 seconds left.
|
|t:|1769369464
|switch|p1a: Kingambit|Kingambit, M|100/100|[from] Chilly Reception
|-damage|p1a: Kingambit|94/100|[from] Stealth Rock
|
|-weather|Snowscape|[upkeep]
|-heal|p1a: Kingambit|100/100|[from] item: Leftovers
|-damage|p2a: Clefable|78/100 psn|[from] psn
|upkeep
|turn|3
|inactive|XxanoobistxX has 120 seconds left.
|
|t:|1769369480
|-end|p1a: Kingambit|fallenundefined|[silent]
|switch|p1a: Slowking|Slowking-Galar, F|100/100
|switch|p2a: Ogerpon|Ogerpon-Wellspring, F|100/100
|
|-weather|Snowscape|[upkeep]
|upkeep
|turn|4
|inactive|XxanoobistxX has 120 seconds left.
|
|t:|1769369500
|-terastallize|p2a: Ogerpon|Water
|detailschange|p2a: Ogerpon|Ogerpon-Wellspring-Tera, F, tera:Water
|-ability|p2a: Ogerpon|Embody Aspect (Wellspring)|boost
|-boost|p2a: Ogerpon|spd|1
|move|p2a: Ogerpon|Ivy Cudgel|p1a: Slowking|[anim] Ivy Cudgel Water
|-damage|p1a: Slowking|37/100
|move|p1a: Slowking|Thunder Wave|p2a: Ogerpon
|-status|p2a: Ogerpon|par
|
|-weather|Snowscape|[upkeep]
|upkeep
|turn|5
|inactive|spongebob musical has 120 seconds left.
|
|t:|1769369529
|switch|p1a: Dragapult|Dragapult, F|100/100
|cant|p2a: Ogerpon|par
|
|-weather|Snowscape|[upkeep]
|upkeep
|turn|6
|
|t:|1769369545
|switch|p2a: Clefable|Clefable, F|78/100 psn
|move|p1a: Dragapult|Dragon Darts|p2a: Clefable
|-immune|p2a: Clefable
|
|-weather|none
|-damage|p2a: Clefable|65/100 psn|[from] psn
|upkeep
|turn|7
|
|t:|1769369556
|move|p1a: Dragapult|U-turn|p2a: Clefable
|-resisted|p2a: Clefable
|-damage|p2a: Clefable|54/100 psn
|
|t:|1769369559
|switch|p1a: Alomomola|Alomomola, F|100/100|[from] U-turn
|-damage|p1a: Alomomola|88/100|[from] Stealth Rock
|move|p2a: Clefable|Knock Off|p1a: Alomomola
|-damage|p1a: Alomomola|77/100
|-enditem|p1a: Alomomola|Assault Vest|[from] move: Knock Off|[of] p2a: Clefable
|
|-damage|p2a: Clefable|41/100 psn|[from] psn
|upkeep
|turn|8
|inactive|spongebob musical has 120 seconds left.
|
|t:|1769369569
|move|p2a: Clefable|Moonlight|p2a: Clefable
|-heal|p2a: Clefable|91/100 psn
|move|p1a: Alomomola|Flip Turn|p2a: Clefable
|-damage|p2a: Clefable|72/100 psn
|inactive|spongebob musical has 120 seconds left.
|
|t:|1769369580
|switch|p1a: Slowking|Slowking-Galar, F|70/100|[from] Flip Turn
|
|-damage|p2a: Clefable|60/100 psn|[from] psn
|upkeep
|turn|9
|
|t:|1769369600
|move|p2a: Clefable|Knock Off|p1a: Slowking
|-supereffective|p1a: Slowking
|-damage|p1a: Slowking|44/100
|-enditem|p1a: Slowking|Heavy-Duty Boots|[from] move: Knock Off|[of] p2a: Clefable
|move|p1a: Slowking|Sludge Bomb|p2a: Clefable
|-supereffective|p2a: Clefable
|-damage|p2a: Clefable|16/100 psn
|
|-damage|p2a: Clefable|4/100 psn|[from] psn
|upkeep
|turn|10
|inactive|spongebob musical has 120 seconds left.
|
|t:|1769369616
|switch|p2a: Kingambit|Kingambit, F|100/100
|-item|p2a: Kingambit|Air Balloon
|move|p1a: Slowking|Sludge Bomb|p2a: Kingambit
|-immune|p2a: Kingambit
|
|upkeep
|turn|11
|
|t:|1769369633
|-end|p2a: Kingambit|fallenundefined|[silent]
|switch|p2a: Ogerpon|Ogerpon-Wellspring-Tera, F, tera:Water|100/100 par
|-ability|p2a: Ogerpon|Embody Aspect (Wellspring)|boost
|-boost|p2a: Ogerpon|spd|1
|switch|p1a: Great Tusk|Great Tusk|100/100
|-damage|p1a: Great Tusk|98/100|[from] Stealth Rock
|
|upkeep
|turn|12
|inactive|spongebob musical has 120 seconds left.
|
|t:|1769369663
|move|p1a: Great Tusk|Headlong Rush|p2a: Ogerpon
|-damage|p2a: Ogerpon|27/100 par
|-unboost|p1a: Great Tusk|def|1
|-unboost|p1a: Great Tusk|spd|1
|cant|p2a: Ogerpon|par
|
|upkeep
|turn|13
|
|t:|1769369683
|switch|p2a: Moltres|Moltres|100/100
|move|p1a: Great Tusk|Headlong Rush|p2a: Moltres
|-immune|p2a: Moltres
|
|upkeep
|turn|14
|inactive|XxanoobistxX has 90 seconds left.
|
|t:|1769369703
|-end|p1a: Great Tusk|Protosynthesis|[silent]
|switch|p1a: Alomomola|Alomomola, F|100/100
|-damage|p1a: Alomomola|88/100|[from] Stealth Rock
|move|p2a: Moltres|U-turn|p1a: Alomomola
|-damage|p1a: Alomomola|78/100
|inactive|XxanoobistxX has 90 seconds left.
|
|t:|1769369711
|switch|p2a: Ogerpon|Ogerpon-Wellspring-Tera, F, tera:Water|27/100 par|[from] U-turn
|-ability|p2a: Ogerpon|Embody Aspect (Wellspring)|boost
|-boost|p2a: Ogerpon|spd|1
|
|upkeep
|turn|15
|inactive|XxanoobistxX has 90 seconds left.
|
|t:|1769369736
|switch|p1a: Zapdos|Zapdos|100/100
|move|p2a: Ogerpon|Horn Leech|p1a: Zapdos
|-resisted|p1a: Zapdos
|-damage|p1a: Zapdos|72/100
|-heal|p2a: Ogerpon|43/100 par|[from] drain|[of] p1a: Zapdos
|
|upkeep
|turn|16
|
|t:|1769369751
|switch|p2a: Clefable|Clefable, F|4/100 psn
|move|p1a: Zapdos|Roost|p1a: Zapdos
|-heal|p1a: Zapdos|100/100
|-singleturn|p1a: Zapdos|move: Roost
|
|-damage|p2a: Clefable|0 fnt|[from] psn
|faint|p2a: Clefable
|upkeep
|
|t:|1769369762
|switch|p2a: Dragapult|Dragapult, F|100/100
|turn|17
|
|t:|1769369772
|switch|p1a: Kingambit|Kingambit, M|100/100
|-damage|p1a: Kingambit|94/100|[from] Stealth Rock
|move|p2a: Dragapult|Draco Meteor|p1a: Kingambit
|-resisted|p1a: Kingambit
|-damage|p1a: Kingambit|49/100
|-unboost|p2a: Dragapult|spa|2
|
|-heal|p1a: Kingambit|55/100|[from] item: Leftovers
|upkeep
|turn|18
|
|t:|1769369788
|switch|p2a: Great Tusk|Great Tusk|100/100
|-end|p1a: Kingambit|fallenundefined|[silent]
|switch|p1a: Slowking|Slowking-Galar, F|78/100
|-damage|p1a: Slowking|65/100|[from] Stealth Rock
|
|upkeep
|turn|19
|inactive|XxanoobistxX has 60 seconds left.
|
|t:|1769369813
|-end|p2a: Great Tusk|Protosynthesis|[silent]
|switch|p2a: Dragapult|Dragapult, F|100/100
|switch|p1a: Alomomola|Alomomola, F|100/100
|-damage|p1a: Alomomola|88/100|[from] Stealth Rock
|
|upkeep
|turn|20
|
|t:|1769369822
|move|p2a: Dragapult|U-turn|p1a: Alomomola
|-damage|p1a: Alomomola|77/100
|
|t:|1769369825
|switch|p2a: Ogerpon|Ogerpon-Wellspring-Tera, F, tera:Water|43/100 par|[from] U-turn
|-ability|p2a: Ogerpon|Embody Aspect (Wellspring)|boost
|-boost|p2a: Ogerpon|spd|1
|move|p1a: Alomomola|Mirror Coat||[still]
|-fail|p1a: Alomomola
|
|upkeep
|turn|21
|inactive|XxanoobistxX has 60 seconds left.
|
|t:|1769369845
|switch|p1a: Zapdos|Zapdos|100/100
|cant|p2a: Ogerpon|par
|
|upkeep
|turn|22
|inactive|XxanoobistxX has 60 seconds left.
|
|t:|1769369867
|switch|p2a: Dragapult|Dragapult, F|100/100
|move|p1a: Zapdos|Volt Switch|p2a: Dragapult
|-resisted|p2a: Dragapult
|-damage|p2a: Dragapult|76/100
|inactive|spongebob musical has 120 seconds left.
|
|t:|1769369887
|switch|p1a: Alomomola|Alomomola, F|100/100|[from] Volt Switch
|-damage|p1a: Alomomola|88/100|[from] Stealth Rock
|
|upkeep
|turn|23
|inactive|spongebob musical has 120 seconds left.
|inactive|XxanoobistxX has 60 seconds left.
|
|t:|1769369895
|move|p2a: Dragapult|U-turn|p1a: Alomomola
|-damage|p1a: Alomomola|76/100
|
|t:|1769369898
|switch|p2a: Ogerpon|Ogerpon-Wellspring-Tera, F, tera:Water|43/100 par|[from] U-turn
|-ability|p2a: Ogerpon|Embody Aspect (Wellspring)|boost
|-boost|p2a: Ogerpon|spd|1
|move|p1a: Alomomola|Play Rough|p2a: Ogerpon
|-damage|p2a: Ogerpon|20/100 par
|
|upkeep
|turn|24
|
|t:|1769369908
|switch|p1a: Zapdos|Zapdos|100/100
|move|p2a: Ogerpon|Horn Leech|p1a: Zapdos
|-resisted|p1a: Zapdos
|-damage|p1a: Zapdos|73/100
|-heal|p2a: Ogerpon|35/100 par|[from] drain|[of] p1a: Zapdos
|
|upkeep
|turn|25
|
|t:|1769369921
|switch|p2a: Dragapult|Dragapult, F|76/100
|move|p1a: Zapdos|Volt Switch|p2a: Dragapult
|-resisted|p2a: Dragapult
|-damage|p2a: Dragapult|51/100
|
|t:|1769369928
|switch|p1a: Alomomola|Alomomola, F|100/100|[from] Volt Switch
|-damage|p1a: Alomomola|88/100|[from] Stealth Rock
|
|upkeep
|turn|26
|
|t:|1769369943
|move|p2a: Dragapult|U-turn|p1a: Alomomola
|-damage|p1a: Alomomola|76/100
|
|t:|1769369947
|switch|p2a: Ogerpon|Ogerpon-Wellspring-Tera, F, tera:Water|35/100 par|[from] U-turn
|-ability|p2a: Ogerpon|Embody Aspect (Wellspring)|boost
|-boost|p2a: Ogerpon|spd|1
|move|p1a: Alomomola|Mirror Coat||[still]
|-fail|p1a: Alomomola
|
|upkeep
|turn|27
|
|t:|1769369958
|switch|p1a: Slowking|Slowking-Galar, F|98/100
|-damage|p1a: Slowking|86/100|[from] Stealth Rock
|move|p2a: Ogerpon|Ivy Cudgel|p1a: Slowking|[anim] Ivy Cudgel Water
|-damage|p1a: Slowking|23/100
|
|upkeep
|turn|28
|
|t:|1769369968
|switch|p1a: Dragapult|Dragapult, F|100/100
|cant|p2a: Ogerpon|par
|
|upkeep
|turn|29
|inactive|XxanoobistxX has 90 seconds left.
|
|t:|1769369978
|switch|p2a: Kingambit|Kingambit, F|100/100
|-activate|p2a: Kingambit|ability: Supreme Overlord
|-start|p2a: Kingambit|fallen1|[silent]
|-item|p2a: Kingambit|Air Balloon
|move|p1a: Dragapult|Dragon Darts|p2a: Kingambit
|-resisted|p2a: Kingambit
|-damage|p2a: Kingambit|92/100
|-enditem|p2a: Kingambit|Air Balloon
|-anim|p1a: Dragapult|Dragon Darts|p2a: Kingambit
|-resisted|p2a: Kingambit
|-crit|p2a: Kingambit
|-damage|p2a: Kingambit|81/100
|
|upkeep
|turn|30
|inactive|XxanoobistxX has 90 seconds left.
|inactive|XxanoobistxX has 60 seconds left.
|inactive|spongebob musical has 120 seconds left.
|
|t:|1769370039
|move|p1a: Dragapult|Will-O-Wisp|p2a: Kingambit
|-status|p2a: Kingambit|brn
|move|p2a: Kingambit|Kowtow Cleave|p1a: Dragapult
|-supereffective|p1a: Dragapult
|-damage|p1a: Dragapult|21/100
|
|-damage|p2a: Kingambit|75/100 brn|[from] brn
|upkeep
|turn|31
|
|t:|1769370061
|switch|p1a: Great Tusk|Great Tusk|98/100
|-damage|p1a: Great Tusk|95/100|[from] Stealth Rock
|-end|p2a: Kingambit|fallen1|[silent]
|switch|p2a: Dragapult|Dragapult, F|51/100
|
|upkeep
|turn|32
|inactive|spongebob musical has 120 seconds left.
|
|t:|1769370082
|-end|p1a: Great Tusk|Protosynthesis|[silent]
|switch|p1a: Alomomola|Alomomola, F|100/100
|-damage|p1a: Alomomola|88/100|[from] Stealth Rock
|move|p2a: Dragapult|U-turn|p1a: Alomomola
|-damage|p1a: Alomomola|77/100
|
|t:|1769370090
|switch|p2a: Ogerpon|Ogerpon-Wellspring-Tera, F, tera:Water|35/100 par|[from] U-turn
|-ability|p2a: Ogerpon|Embody Aspect (Wellspring)|boost
|-boost|p2a: Ogerpon|spd|1
|
|upkeep
|turn|33
|inactive|spongebob musical has 120 seconds left.
|
|t:|1769370106
|switch|p1a: Slowking|Slowking-Galar, F|56/100
|-damage|p1a: Slowking|43/100|[from] Stealth Rock
|cant|p2a: Ogerpon|par
|
|upkeep
|turn|34
|inactive|spongebob musical has 120 seconds left.
|
|t:|1769370120
|move|p2a: Ogerpon|Ivy Cudgel|p1a: Slowking|[anim] Ivy Cudgel Water
|-damage|p1a: Slowking|0 fnt
|faint|p1a: Slowking
|
|upkeep
|inactive|spongebob musical has 120 seconds left.
|
|t:|1769370131
|switch|p1a: Dragapult|Dragapult, F|21/100
|turn|35
|inactive|spongebob musical has 120 seconds left.
|inactive|XxanoobistxX has 60 seconds left.
|
|t:|1769370138
|switch|p2a: Kingambit|Kingambit, F|75/100 brn
|-activate|p2a: Kingambit|ability: Supreme Overlord
|-start|p2a: Kingambit|fallen1|[silent]
|move|p1a: Dragapult|Dragon Darts|p2a: Kingambit
|-resisted|p2a: Kingambit
|-damage|p2a: Kingambit|67/100 brn
|-anim|p1a: Dragapult|Dragon Darts|p2a: Kingambit
|-resisted|p2a: Kingambit
|-damage|p2a: Kingambit|59/100 brn
|
|-damage|p2a: Kingambit|53/100 brn|[from] brn
|upkeep
|turn|36
|inactive|spongebob musical has 120 seconds left.
|inactive|XxanoobistxX has 60 seconds left.
|
|t:|1769370170
|switch|p1a: Great Tusk|Great Tusk|95/100
|-damage|p1a: Great Tusk|92/100|[from] Stealth Rock
|move|p2a: Kingambit|Kowtow Cleave|p1a: Great Tusk
|-resisted|p1a: Great Tusk
|-crit|p1a: Great Tusk
|-damage|p1a: Great Tusk|78/100
|-damage|p2a: Kingambit|36/100 brn|[from] item: Rocky Helmet|[of] p1a: Great Tusk
|
|-damage|p2a: Kingambit|30/100 brn|[from] brn
|upkeep
|turn|37
|
|t:|1769370185
|-end|p2a: Kingambit|fallen1|[silent]
|switch|p2a: Moltres|Moltres|100/100
|move|p1a: Great Tusk|Stealth Rock|p2a: Moltres
|-sidestart|p2: XxanoobistxX|move: Stealth Rock
|
|upkeep
|turn|38
|
|t:|1769370199
|-end|p1a: Great Tusk|Protosynthesis|[silent]
|switch|p1a: Alomomola|Alomomola, F|100/100
|-damage|p1a: Alomomola|88/100|[from] Stealth Rock
|move|p2a: Moltres|U-turn|p1a: Alomomola
|-damage|p1a: Alomomola|79/100
|
|t:|1769370207
|switch|p2a: Ogerpon|Ogerpon-Wellspring-Tera, F, tera:Water|35/100 par|[from] U-turn
|-damage|p2a: Ogerpon|22/100 par|[from] Stealth Rock
|-ability|p2a: Ogerpon|Embody Aspect (Wellspring)|boost
|-boost|p2a: Ogerpon|spd|1
|
|upkeep
|turn|39
|inactive|XxanoobistxX has 30 seconds left.
|
|t:|1769370232
|switch|p1a: Great Tusk|Great Tusk|78/100
|-damage|p1a: Great Tusk|75/100|[from] Stealth Rock
|move|p2a: Ogerpon|Horn Leech|p1a: Great Tusk
|-supereffective|p1a: Great Tusk
|-damage|p1a: Great Tusk|24/100
|-heal|p2a: Ogerpon|59/100 par|[from] drain|[of] p1a: Great Tusk
|-damage|p2a: Ogerpon|43/100 par|[from] item: Rocky Helmet|[of] p1a: Great Tusk
|
|upkeep
|turn|40
|inactive|XxanoobistxX has 30 seconds left.
|
|t:|1769370247
|switch|p2a: Moltres|Moltres|100/100
|move|p1a: Great Tusk|Rapid Spin|p2a: Moltres
|-damage|p2a: Moltres|91/100
|-boost|p1a: Great Tusk|spe|1
|-sideend|p1: spongebob musical|Stealth Rock|[from] move: Rapid Spin|[of] p1a: Great Tusk
|
|upkeep
|turn|41
|inactive|XxanoobistxX has 30 seconds left.
|inactive|XxanoobistxX has 20 seconds left.
|inactive|XxanoobistxX has 15 seconds left.
|
|t:|1769370273
|-end|p1a: Great Tusk|Protosynthesis|[silent]
|switch|p1a: Alomomola|Alomomola, F|100/100
|move|p2a: Moltres|U-turn|p1a: Alomomola
|-damage|p1a: Alomomola|91/100
|inactive|XxanoobistxX has 20 seconds left this turn.
|inactive|XxanoobistxX has 15 seconds left.
|
|t:|1769370278
|switch|p2a: Ogerpon|Ogerpon-Wellspring-Tera, F, tera:Water|43/100 par|[from] U-turn
|-damage|p2a: Ogerpon|30/100 par|[from] Stealth Rock
|-ability|p2a: Ogerpon|Embody Aspect (Wellspring)|boost
|-boost|p2a: Ogerpon|spd|1
|
|upkeep
|turn|42
|inactive|XxanoobistxX has 25 seconds left this turn.
|inactive|XxanoobistxX has 20 seconds left.
|inactive|XxanoobistxX has 15 seconds left.
|inactive|XxanoobistxX has 10 seconds left.
|
|t:|1769370295
|switch|p1a: Zapdos|Zapdos|73/100
|cant|p2a: Ogerpon|par
|
|upkeep
|turn|43
|inactive|XxanoobistxX has 20 seconds left this turn.
|inactive|XxanoobistxX has 15 seconds left.
|inactive|XxanoobistxX has 10 seconds left.
|
|t:|1769370308
|switch|p2a: Kingambit|Kingambit, F|30/100 brn
|-damage|p2a: Kingambit|24/100 brn|[from] Stealth Rock
|-activate|p2a: Kingambit|ability: Supreme Overlord
|-start|p2a: Kingambit|fallen1|[silent]
|move|p1a: Zapdos|Volt Switch|p2a: Kingambit
|-damage|p2a: Kingambit|0 fnt
|faint|p2a: Kingambit
|-end|p2a: Kingambit|fallen1|[silent]
|
|t:|1769370322
|switch|p1a: Alomomola|Alomomola, F|100/100|[from] Volt Switch
|
|upkeep
|inactive|XxanoobistxX has 20 seconds left this turn.
|
|t:|1769370327
|switch|p2a: Ogerpon|Ogerpon-Wellspring-Tera, F, tera:Water|30/100 par
|-damage|p2a: Ogerpon|18/100 par|[from] Stealth Rock
|-ability|p2a: Ogerpon|Embody Aspect (Wellspring)|boost
|-boost|p2a: Ogerpon|spd|1
|turn|44
|inactive|XxanoobistxX has 30 seconds left this turn.
|inactive|XxanoobistxX has 20 seconds left.
|
|t:|1769370339
|switch|p1a: Zapdos|Zapdos|73/100
|move|p2a: Ogerpon|Ivy Cudgel|p1a: Zapdos|[anim] Ivy Cudgel Water
|-damage|p1a: Zapdos|0 fnt
|faint|p1a: Zapdos
|
|upkeep
|
|t:|1769370343
|switch|p1a: Dragapult|Dragapult, F|21/100
|turn|45
|inactive|XxanoobistxX has 30 seconds left.
|
|t:|1769370355
|switch|p2a: Great Tusk|Great Tusk|100/100
|-damage|p2a: Great Tusk|98/100|[from] Stealth Rock
|move|p1a: Dragapult|Dragon Darts|p2a: Great Tusk
|-damage|p2a: Great Tusk|84/100
|-anim|p1a: Dragapult|Dragon Darts|p2a: Great Tusk
|-damage|p2a: Great Tusk|71/100
|
|-heal|p2a: Great Tusk|77/100|[from] item: Leftovers
|upkeep
|turn|46
|inactive|XxanoobistxX has 30 seconds left.
|inactive|XxanoobistxX has 20 seconds left.
|
|t:|1769370371
|switch|p1a: Alomomola|Alomomola, F|100/100
|move|p2a: Great Tusk|Rapid Spin|p1a: Alomomola
|-damage|p1a: Alomomola|88/100
|-boost|p2a: Great Tusk|spe|1
|-sideend|p2: XxanoobistxX|Stealth Rock|[from] move: Rapid Spin|[of] p2a: Great Tusk
|
|-heal|p2a: Great Tusk|83/100|[from] item: Leftovers
|upkeep
|turn|47
|inactive|XxanoobistxX has 30 seconds left this turn.
|inactive|spongebob musical has 120 seconds left.
|
|t:|1769370388
|-end|p2a: Great Tusk|Protosynthesis|[silent]
|switch|p2a: Ogerpon|Ogerpon-Wellspring-Tera, F, tera:Water|18/100 par
|-ability|p2a: Ogerpon|Embody Aspect (Wellspring)|boost
|-boost|p2a: Ogerpon|spd|1
|move|p1a: Alomomola|Body Slam|p2a: Ogerpon
|-damage|p2a: Ogerpon|0 fnt
|faint|p2a: Ogerpon
|detailschange|p2: Ogerpon|Ogerpon-Wellspring, F|[silent]
|
|upkeep
|inactive|XxanoobistxX has 30 seconds left this turn.
|
|t:|1769370398
|switch|p2a: Dragapult|Dragapult, F|51/100
|turn|48
|inactive|XxanoobistxX has 30 seconds left.
|
|t:|1769370404
|move|p2a: Dragapult|U-turn|p1a: Alomomola
|-damage|p1a: Alomomola|77/100
|inactive|XxanoobistxX has 30 seconds left.
|
|t:|1769370413
|switch|p2a: Great Tusk|Great Tusk|83/100|[from] U-turn
|move|p1a: Alomomola|Flip Turn|p2a: Great Tusk
|-supereffective|p2a: Great Tusk
|-damage|p2a: Great Tusk|61/100
|
|t:|1769370432
|switch|p1a: Great Tusk|Great Tusk|24/100|[from] Flip Turn
|
|-heal|p2a: Great Tusk|67/100|[from] item: Leftovers
|upkeep
|turn|49
|
|t:|1769370443
|move|p1a: Great Tusk|Ice Spinner|p2a: Great Tusk
|-supereffective|p2a: Great Tusk
|-damage|p2a: Great Tusk|38/100
|move|p2a: Great Tusk|Bulk Up|p2a: Great Tusk
|-boost|p2a: Great Tusk|atk|1
|-boost|p2a: Great Tusk|def|1
|
|-heal|p2a: Great Tusk|45/100|[from] item: Leftovers
|upkeep
|turn|50
|inactive|spongebob musical has 120 seconds left.
|
|t:|1769370466
|move|p1a: Great Tusk|Ice Spinner|p2a: Great Tusk
|-supereffective|p2a: Great Tusk
|-damage|p2a: Great Tusk|24/100
|move|p2a: Great Tusk|Rapid Spin|p1a: Great Tusk
|-damage|p1a: Great Tusk|5/100
|-boost|p2a: Great Tusk|spe|1
|-damage|p2a: Great Tusk|8/100|[from] item: Rocky Helmet|[of] p1a: Great Tusk
|
|-heal|p2a: Great Tusk|14/100|[from] item: Leftovers
|upkeep
|turn|51
|
|t:|1769370481
|move|p2a: Great Tusk|Rapid Spin|p1a: Great Tusk
|-damage|p1a: Great Tusk|0 fnt
|-boost|p2a: Great Tusk|spe|1
|-damage|p2a: Great Tusk|0 fnt|[from] item: Rocky Helmet|[of] p1a: Great Tusk
|faint|p1a: Great Tusk
|-end|p1a: Great Tusk|Protosynthesis|[silent]
|faint|p2a: Great Tusk
|-end|p2a: Great Tusk|Protosynthesis|[silent]
|
|upkeep
|
|t:|1769370490
|switch|p1a: Alomomola|Alomomola, F|100/100
|switch|p2a: Dragapult|Dragapult, F|51/100
|turn|52
|
|t:|1769370505
|move|p2a: Dragapult|U-turn|p1a: Alomomola
|-damage|p1a: Alomomola|89/100
|
|t:|1769370507
|switch|p2a: Moltres|Moltres|91/100|[from] U-turn
|move|p1a: Alomomola|Flip Turn|p2a: Moltres
|-supereffective|p2a: Moltres
|-damage|p2a: Moltres|66/100
|
|t:|1769370513
|switch|p1a: Dragapult|Dragapult, F|21/100|[from] Flip Turn
|
|upkeep
|turn|53
|
|t:|1769370531
|move|p1a: Dragapult|U-turn|p2a: Moltres
|-resisted|p2a: Moltres
|-damage|p2a: Moltres|62/100
|-status|p1a: Dragapult|brn|[from] ability: Flame Body|[of] p2a: Moltres
|
|t:|1769370533
|switch|p1a: Alomomola|Alomomola, F|100/100|[from] U-turn
|move|p2a: Moltres|Hurricane|p1a: Alomomola
|-damage|p1a: Alomomola|61/100
|-start|p1a: Alomomola|confusion
|
|upkeep
|turn|54
|
|t:|1769370545
|move|p2a: Moltres|Will-O-Wisp|p1a: Alomomola
|-status|p1a: Alomomola|brn
|-activate|p1a: Alomomola|confusion
|move|p1a: Alomomola|Mirror Coat||[still]
|-fail|p1a: Alomomola
|
|-damage|p1a: Alomomola|54/100 brn|[from] brn
|upkeep
|turn|55
|
|t:|1769370567
|move|p2a: Moltres|Roost|p2a: Moltres
|-heal|p2a: Moltres|100/100
|-singleturn|p2a: Moltres|move: Roost
|-activate|p1a: Alomomola|confusion
|move|p1a: Alomomola|Play Rough|p2a: Moltres|[miss]
|-miss|p1a: Alomomola|p2a: Moltres
|
|-damage|p1a: Alomomola|48/100 brn|[from] brn
|upkeep
|turn|56
|
|t:|1769370579
|move|p2a: Moltres|Will-O-Wisp|p1a: Alomomola
|-fail|p1a: Alomomola|brn
|-activate|p1a: Alomomola|confusion
|-damage|p1a: Alomomola|44/100 brn|[from] confusion
|
|-damage|p1a: Alomomola|38/100 brn|[from] brn
|upkeep
|turn|57
|
|t:|1769370587
|switch|p1a: Dragapult|Dragapult, F|21/100 brn
|move|p2a: Moltres|Will-O-Wisp|p1a: Dragapult
|-fail|p1a: Dragapult|brn
|
|-damage|p1a: Dragapult|15/100 brn|[from] brn
|upkeep
|turn|58
|inactive|XxanoobistxX has 60 seconds left.
|
|t:|1769370597
|move|p1a: Dragapult|Hex|p2a: Moltres
|-damage|p2a: Moltres|74/100
|move|p2a: Moltres|Roost|p2a: Moltres
|-heal|p2a: Moltres|100/100
|-singleturn|p2a: Moltres|move: Roost
|
|-damage|p1a: Dragapult|9/100 brn|[from] brn
|upkeep
|turn|59
|inactive|XxanoobistxX has 60 seconds left.
|
|t:|1769370613
|move|p1a: Dragapult|Hex|p2a: Moltres
|-damage|p2a: Moltres|72/100
|move|p2a: Moltres|Will-O-Wisp|p1a: Dragapult
|-fail|p1a: Dragapult|brn
|
|-damage|p1a: Dragapult|3/100 brn|[from] brn
|upkeep
|turn|60
|inactive|XxanoobistxX has 60 seconds left.
|
|t:|1769370623
|move|p1a: Dragapult|Hex|p2a: Moltres
|-damage|p2a: Moltres|46/100
|move|p2a: Moltres|Roost|p2a: Moltres
|-heal|p2a: Moltres|96/100
|-singleturn|p2a: Moltres|move: Roost
|
|-damage|p1a: Dragapult|0 fnt|[from] brn
|faint|p1a: Dragapult
|upkeep
|
|t:|1769370625
|switch|p1a: Kingambit|Kingambit, M|55/100
|-activate|p1a: Kingambit|ability: Supreme Overlord
|-start|p1a: Kingambit|fallen4|[silent]
|turn|61
|
|t:|1769370637
|move|p2a: Moltres|Will-O-Wisp|p1a: Kingambit|[miss]
|-miss|p2a: Moltres|p1a: Kingambit
|move|p1a: Kingambit|Swords Dance|p1a: Kingambit
|-boost|p1a: Kingambit|atk|2
|
|-heal|p1a: Kingambit|61/100|[from] item: Leftovers
|upkeep
|turn|62
|
|t:|1769370645
|move|p2a: Moltres|Will-O-Wisp|p1a: Kingambit
|-status|p1a: Kingambit|brn
|move|p1a: Kingambit|Swords Dance|p1a: Kingambit
|-boost|p1a: Kingambit|atk|2
|
|-heal|p1a: Kingambit|67/100 brn|[from] item: Leftovers
|-damage|p1a: Kingambit|61/100 brn|[from] brn
|upkeep
|turn|63
|
|t:|1769370660
|move|p2a: Moltres|Hurricane|p1a: Kingambit
|-resisted|p1a: Kingambit
|-crit|p1a: Kingambit
|-damage|p1a: Kingambit|23/100 brn
|move|p1a: Kingambit|Swords Dance|p1a: Kingambit
|-boost|p1a: Kingambit|atk|2
|
|-heal|p1a: Kingambit|29/100 brn|[from] item: Leftovers
|-damage|p1a: Kingambit|23/100 brn|[from] brn
|upkeep
|turn|64
|
|t:|1769370676
|move|p1a: Kingambit|Sucker Punch|p2a: Moltres
|-damage|p2a: Moltres|19/100
|move|p2a: Moltres|Hurricane|p1a: Kingambit
|-resisted|p1a: Kingambit
|-damage|p1a: Kingambit|0 fnt
|faint|p1a: Kingambit
|-end|p1a: Kingambit|fallen4|[silent]
|
|upkeep
|-message|spongebob musical forfeited.
|
|win|XxanoobistxX
|raw|spongebob musical's rating: 1354 &rarr; <strong>1335</strong><br />(-19 for losing)
|raw|XxanoobistxX's rating: 1374 &rarr; <strong>1393</strong><br />(+19 for winning)
|l|‽spongebob musical
|player|p1|
|l|☆XxanoobistxX
|player|p2|
|j|☆XxanoobistxX
|player|p2|XxanoobistxX|169|
