|j|☆DerDonPorrello
|j|☆help me am lost
|t:|1769338416
|gametype|singles
|player|p1|DerDonPorrello|hiker-gen4|1165
|player|p2|help me am lost|preschooler|1115
|gen|9
|tier|[Gen 9] OU
|rated|
|rule|HP Percentage Mod: HP is shown in percentages
|rule|Endless Battle Clause: Forcing endless battles is banned
|rule|Species Clause: Limit one of each Pokémon
|rule|OHKO Clause: OHKO moves are banned
|rule|Evasion Items Clause: Evasion items are banned
|rule|Evasion Moves Clause: Evasion moves are banned
|rule|Evasion Abilities Clause: Evasion abilities are banned
|rule|Sleep Moves Clause: Sleep-inducing moves are banned
|clearpoke
|poke|p1|Zamazenta-*|
|poke|p1|Empoleon, M|
|poke|p1|Hydrapple, M|
|poke|p1|Ninetales, M|
|poke|p1|Hitmontop, M|
|poke|p1|Lilligant-Hisui, F|
|poke|p2|Torkoal, F|
|poke|p2|Great Tusk|
|poke|p2|Raging Bolt|
|poke|p2|Walking Wake|
|poke|p2|Sandy Shocks|
|poke|p2|Slither Wing|
|teampreview
|
|t:|1769338429
|teamsize|p1|6
|teamsize|p2|6
|start
|switch|p1a: Empoleon|Empoleon, M|100/100
|switch|p2a: Torkoal|Torkoal, F, shiny|100/100
|-weather|SunnyDay|[from] ability: Drought|[of] p2a: Torkoal
|turn|1
|
|t:|1769338449
|switch|p2a: Raging Bolt|Raging Bolt|100/100
|-activate|p2a: Raging Bolt|ability: Protosynthesis
|-start|p2a: Raging Bolt|protosynthesisspa
|move|p1a: Empoleon|Surf|p2a: Raging Bolt
|-resisted|p2a: Raging Bolt
|-damage|p2a: Raging Bolt|94/100
|
|-weather|SunnyDay|[upkeep]
|upkeep
|turn|2
|
|t:|1769338486
|switch|p1a: Hitmontop|Hitmontop, M|100/100
|-ability|p1a: Hitmontop|Intimidate|boost
|-unboost|p2a: Raging Bolt|atk|1
|move|p2a: Raging Bolt|Volt Switch|p1a: Hitmontop
|-damage|p1a: Hitmontop|70/100
|
|t:|1769338494
|-end|p2a: Raging Bolt|Protosynthesis|[silent]
|switch|p2a: Walking Wake|Walking Wake|100/100|[from] Volt Switch
|-activate|p2a: Walking Wake|ability: Protosynthesis
|-start|p2a: Walking Wake|protosynthesisspe
|
|-weather|SunnyDay|[upkeep]
|upkeep
|turn|3
|
|t:|1769338511
|switch|p1a: Empoleon|Empoleon, M|100/100
|move|p2a: Walking Wake|Hydro Steam|p1a: Empoleon
|-resisted|p1a: Empoleon
|-damage|p1a: Empoleon|73/100
|
|-weather|SunnyDay|[upkeep]
|-heal|p1a: Empoleon|79/100|[from] item: Leftovers
|upkeep
|turn|4
|
|t:|1769338539
|-end|p2a: Walking Wake|Protosynthesis|[silent]
|switch|p2a: Sandy Shocks|Sandy Shocks, shiny|100/100
|-activate|p2a: Sandy Shocks|ability: Protosynthesis
|-start|p2a: Sandy Shocks|protosynthesisspe
|move|p1a: Empoleon|Ice Beam|p2a: Sandy Shocks
|-supereffective|p2a: Sandy Shocks
|-damage|p2a: Sandy Shocks|57/100
|
|-weather|SunnyDay|[upkeep]
|-heal|p1a: Empoleon|85/100|[from] item: Leftovers
|upkeep
|turn|5
|
|t:|1769338552
|switch|p1a: Hydrapple|Hydrapple, M|100/100
|move|p2a: Sandy Shocks|Volt Switch|p1a: Hydrapple
|-resisted|p1a: Hydrapple
|-damage|p1a: Hydrapple|93/100
|
|t:|1769338561
|-end|p2a: Sandy Shocks|Protosynthesis|[silent]
|switch|p2a: Slither Wing|Slither Wing, shiny|100/100|[from] Volt Switch
|-activate|p2a: Slither Wing|ability: Protosynthesis
|-start|p2a: Slither Wing|protosynthesisatk
|
|-weather|none
|-end|p2a: Slither Wing|Protosynthesis
|upkeep
|turn|6
|
|t:|1769338572
|switch|p1a: Zamazenta|Zamazenta|100/100
|-ability|p1a: Zamazenta|Dauntless Shield|boost
|-boost|p1a: Zamazenta|def|1
|move|p2a: Slither Wing|First Impression|p1a: Zamazenta
|-resisted|p1a: Zamazenta
|-damage|p1a: Zamazenta|88/100
|
|upkeep
|turn|7
|
|t:|1769338593
|-end|p2a: Slither Wing|Protosynthesis|[silent]
|switch|p2a: Torkoal|Torkoal, F, shiny|100/100
|-weather|SunnyDay|[from] ability: Drought|[of] p2a: Torkoal
|move|p1a: Zamazenta|Stone Edge|p2a: Torkoal
|-supereffective|p2a: Torkoal
|-crit|p2a: Torkoal
|-damage|p2a: Torkoal|0 fnt
|faint|p2a: Torkoal
|
|-weather|SunnyDay|[upkeep]
|upkeep
|
|t:|1769338609
|switch|p2a: Sandy Shocks|Sandy Shocks, shiny|57/100
|-activate|p2a: Sandy Shocks|ability: Protosynthesis
|-start|p2a: Sandy Shocks|protosynthesisspe
|turn|8
|
|t:|1769338619
|switch|p1a: Hydrapple|Hydrapple, M|100/100
|move|p2a: Sandy Shocks|Thunderbolt|p1a: Hydrapple
|-resisted|p1a: Hydrapple
|-damage|p1a: Hydrapple|92/100
|
|-weather|SunnyDay|[upkeep]
|upkeep
|turn|9
|
|t:|1769338645
|move|p2a: Sandy Shocks|Flash Cannon|p1a: Hydrapple
|-damage|p1a: Hydrapple|70/100
|move|p1a: Hydrapple|Fickle Beam|p2a: Sandy Shocks
|-damage|p2a: Sandy Shocks|29/100
|
|-weather|SunnyDay|[upkeep]
|upkeep
|turn|10
|
|t:|1769338653
|move|p2a: Sandy Shocks|Volt Switch|p1a: Hydrapple
|-resisted|p1a: Hydrapple
|-damage|p1a: Hydrapple|64/100
|
|t:|1769338659
|-end|p2a: Sandy Shocks|Protosynthesis|[silent]
|switch|p2a: Slither Wing|Slither Wing, shiny|100/100|[from] Volt Switch
|-activate|p2a: Slither Wing|ability: Protosynthesis
|-start|p2a: Slither Wing|protosynthesisatk
|move|p1a: Hydrapple|Fickle Beam|p2a: Slither Wing
|-damage|p2a: Slither Wing|77/100
|
|-weather|SunnyDay|[upkeep]
|upkeep
|turn|11
|
|t:|1769338676
|switch|p1a: Hitmontop|Hitmontop, M|70/100
|-ability|p1a: Hitmontop|Intimidate|boost
|-unboost|p2a: Slither Wing|atk|1
|move|p2a: Slither Wing|Close Combat|p1a: Hitmontop
|-damage|p1a: Hitmontop|14/100
|-unboost|p2a: Slither Wing|def|1
|-unboost|p2a: Slither Wing|spd|1
|
|-weather|none
|-end|p2a: Slither Wing|Protosynthesis
|upkeep
|turn|12
|
|t:|1769338695
|move|p2a: Slither Wing|U-turn|p1a: Hitmontop
|-resisted|p1a: Hitmontop
|-crit|p1a: Hitmontop
|-damage|p1a: Hitmontop|0 fnt
|faint|p1a: Hitmontop
|
|t:|1769338700
|-end|p2a: Slither Wing|Protosynthesis|[silent]
|switch|p2a: Walking Wake|Walking Wake|100/100|[from] U-turn
|
|upkeep
|
|t:|1769338711
|switch|p1a: Zamazenta|Zamazenta|88/100
|turn|13
|
|t:|1769338717
|move|p1a: Zamazenta|Close Combat|p2a: Walking Wake
|-damage|p2a: Walking Wake|31/100
|-unboost|p1a: Zamazenta|def|1
|-unboost|p1a: Zamazenta|spd|1
|move|p2a: Walking Wake|Scald|p1a: Zamazenta
|-damage|p1a: Zamazenta|40/100
|
|upkeep
|turn|14
|
|t:|1769338727
|-end|p2a: Walking Wake|Protosynthesis|[silent]
|switch|p2a: Great Tusk|Great Tusk, shiny|100/100
|move|p1a: Zamazenta|Close Combat|p2a: Great Tusk
|-damage|p2a: Great Tusk|36/100
|-unboost|p1a: Zamazenta|def|1
|-unboost|p1a: Zamazenta|spd|1
|
|upkeep
|turn|15
|
|t:|1769338740
|move|p1a: Zamazenta|Close Combat|p2a: Great Tusk
|-damage|p2a: Great Tusk|0 fnt
|-unboost|p1a: Zamazenta|def|1
|-unboost|p1a: Zamazenta|spd|1
|faint|p2a: Great Tusk
|-end|p2a: Great Tusk|Protosynthesis|[silent]
|
|upkeep
|
|t:|1769338749
|switch|p2a: Raging Bolt|Raging Bolt|94/100
|turn|16
|
|t:|1769338755
|move|p2a: Raging Bolt|Thunderclap|p1a: Zamazenta
|-damage|p1a: Zamazenta|0 fnt
|faint|p1a: Zamazenta
|
|upkeep
|
|t:|1769338766
|switch|p1a: Hydrapple|Hydrapple, M|97/100
|turn|17
|
|t:|1769338776
|move|p2a: Raging Bolt|Hyper Voice|p1a: Hydrapple
|-damage|p1a: Hydrapple|69/100
|move|p1a: Hydrapple|Fickle Beam|p2a: Raging Bolt|[anim] Fickle Beam All Out
|-activate|p1a: Hydrapple|move: Fickle Beam
|-supereffective|p2a: Raging Bolt
|-crit|p2a: Raging Bolt
|-damage|p2a: Raging Bolt|0 fnt
|faint|p2a: Raging Bolt
|-end|p2a: Raging Bolt|Protosynthesis|[silent]
|
|upkeep
|
|t:|1769338784
|switch|p2a: Slither Wing|Slither Wing, shiny|77/100
|turn|18
|
|t:|1769338792
|switch|p1a: Ninetales|Ninetales, M|100/100
|-weather|SunnyDay|[from] ability: Drought|[of] p1a: Ninetales
|-activate|p2a: Slither Wing|ability: Protosynthesis
|-start|p2a: Slither Wing|protosynthesisatk
|move|p2a: Slither Wing|First Impression|p1a: Ninetales
|-resisted|p1a: Ninetales
|-damage|p1a: Ninetales|67/100
|
|-weather|SunnyDay|[upkeep]
|upkeep
|turn|19
|
|t:|1769338810
|switch|p1a: Lilligant|Lilligant-Hisui, F|100/100
|-end|p2a: Slither Wing|Protosynthesis|[silent]
|switch|p2a: Walking Wake|Walking Wake|31/100
|-activate|p2a: Walking Wake|ability: Protosynthesis
|-start|p2a: Walking Wake|protosynthesisspe
|
|-weather|SunnyDay|[upkeep]
|upkeep
|turn|20
|
|t:|1769338822
|move|p1a: Lilligant|Solar Blade||[still]
|-prepare|p1a: Lilligant|Solar Blade
|-anim|p1a: Lilligant|Solar Blade|p2a: Walking Wake
|-damage|p2a: Walking Wake|0 fnt
|faint|p2a: Walking Wake
|-end|p2a: Walking Wake|Protosynthesis|[silent]
|-damage|p1a: Lilligant|91/100|[from] item: Life Orb
|
|-weather|SunnyDay|[upkeep]
|upkeep
|-message|help me am lost forfeited.
|
|win|DerDonPorrello
|raw|DerDonPorrello's rating: 1165 &rarr; <strong>1186</strong><br />(+21 for winning)
|raw|help me am lost's rating: 1115 &rarr; <strong>1094</strong><br />(-21 for losing)
|l|☆help me am lost
|player|p2|
|l|☆DerDonPorrello
|player|p1|
