|j|☆tublanquito43
|j|☆arcanezy
|inactive|Battle timer is ON: inactive players will automatically lose when time's up.
|t:|1769336828
|gametype|singles
|player|p1|tublanquito43|cynthia-gen4|
|player|p2|arcanezy|2|
|gen|9
|tier|[Gen 9] OU
|rated|Tournament battle
|rule|HP Percentage Mod: HP is shown in percentages
|rule|Endless Battle Clause: Forcing endless battles is banned
|rule|Species Clause: Limit one of each Pokémon
|rule|OHKO Clause: OHKO moves are banned
|rule|Evasion Items Clause: Evasion items are banned
|rule|Evasion Moves Clause: Evasion moves are banned
|rule|Evasion Abilities Clause: Evasion abilities are banned
|rule|Sleep Moves Clause: Sleep-inducing moves are banned
|clearpoke
|poke|p1|Rillaboom, M|
|poke|p1|Serperior, M|
|poke|p1|Heatran, M|
|poke|p1|Gholdengo|
|poke|p1|Zamazenta-*|
|poke|p1|Great Tusk|
|poke|p2|Kingambit, F|
|poke|p2|Ursaluna, M|
|poke|p2|Dondozo, F|
|poke|p2|Glimmora, F|
|poke|p2|Dragapult, F|
|poke|p2|Slowking-Galar, F|
|teampreview
|j|*Lady Monita ☃️
|c|☆arcanezy|sup
|c|☆tublanquito43|hi
|c|☆tublanquito43|gl
|inactive|tublanquito43 has 120 seconds left.
|
|t:|1769336862
|teamsize|p1|6
|teamsize|p2|6
|start
|switch|p1a: Serperior|Serperior, M|100/100
|switch|p2a: Rock Boi|Glimmora, F|100/100
|turn|1
|
|t:|1769336873
|move|p1a: Serperior|Leaf Storm|p2a: Rock Boi
|-damage|p2a: Rock Boi|35/100
|-boost|p1a: Serperior|spa|2
|move|p2a: Rock Boi|Mortal Spin|p1a: Serperior
|-supereffective|p1a: Serperior
|-damage|p1a: Serperior|84/100
|-status|p1a: Serperior|psn
|
|-damage|p1a: Serperior|72/100 psn|[from] psn
|upkeep
|turn|2
|
|t:|1769336889
|move|p1a: Serperior|Leaf Storm|p2a: Rock Boi
|-damage|p2a: Rock Boi|0 fnt
|-boost|p1a: Serperior|spa|2
|faint|p2a: Rock Boi
|
|-damage|p1a: Serperior|60/100 psn|[from] psn
|upkeep
|
|t:|1769336905
|switch|p2a: Pearl|Slowking-Galar, F, shiny|100/100
|turn|3
|
|t:|1769336914
|move|p1a: Serperior|Leaf Storm|p2a: Pearl
|-resisted|p2a: Pearl
|-damage|p2a: Pearl|56/100
|-boost|p1a: Serperior|spa|2
|move|p2a: Pearl|Sludge Bomb|p1a: Serperior
|-supereffective|p1a: Serperior
|-damage|p1a: Serperior|0 fnt
|faint|p1a: Serperior
|
|-heal|p2a: Pearl|62/100|[from] item: Leftovers
|upkeep
|
|t:|1769336926
|switch|p1a: Zamazenta|Zamazenta|100/100
|-ability|p1a: Zamazenta|Dauntless Shield|boost
|-boost|p1a: Zamazenta|def|1
|turn|4
|
|t:|1769336937
|move|p1a: Zamazenta|Crunch|p2a: Pearl
|-supereffective|p2a: Pearl
|-damage|p2a: Pearl|0 fnt
|faint|p2a: Pearl
|-damage|p1a: Zamazenta|91/100|[from] item: Life Orb
|
|upkeep
|j| Albrtix
|
|t:|1769336948
|switch|p2a: ICBM|Dragapult, F|100/100
|turn|5
|
|t:|1769336955
|move|p2a: ICBM|Shadow Ball|p1a: Zamazenta
|-damage|p1a: Zamazenta|60/100
|move|p1a: Zamazenta|Crunch|p2a: ICBM
|-supereffective|p2a: ICBM
|-damage|p2a: ICBM|0 fnt
|faint|p2a: ICBM
|-damage|p1a: Zamazenta|50/100|[from] item: Life Orb
|
|upkeep
|
|t:|1769336967
|switch|p2a: Browny|Ursaluna, M|100/100
|turn|6
|
|t:|1769336976
|move|p1a: Zamazenta|Close Combat|p2a: Browny
|-supereffective|p2a: Browny
|-damage|p2a: Browny|0 fnt
|-unboost|p1a: Zamazenta|def|1
|-unboost|p1a: Zamazenta|spd|1
|faint|p2a: Browny
|-damage|p1a: Zamazenta|40/100|[from] item: Life Orb
|
|upkeep
|
|t:|1769336983
|switch|p2a: Goldfish|Dondozo, F|100/100
|turn|7
|
|t:|1769336990
|switch|p1a: Rillaboom|Rillaboom, M|100/100
|-fieldstart|move: Grassy Terrain|[from] ability: Grassy Surge|[of] p1a: Rillaboom
|move|p2a: Goldfish|Body Press|p1a: Rillaboom
|-damage|p1a: Rillaboom|72/100
|
|-heal|p1a: Rillaboom|78/100|[from] Grassy Terrain
|upkeep
|turn|8
|
|t:|1769337001
|move|p1a: Rillaboom|Grassy Glide|p2a: Goldfish
|-supereffective|p2a: Goldfish
|-damage|p2a: Goldfish|50/100
|-damage|p1a: Rillaboom|62/100|[from] item: Rocky Helmet|[of] p2a: Goldfish
|-damage|p1a: Rillaboom|52/100|[from] item: Life Orb
|move|p2a: Goldfish|Body Press|p1a: Rillaboom
|-damage|p1a: Rillaboom|24/100
|
|-heal|p1a: Rillaboom|30/100|[from] Grassy Terrain
|-heal|p2a: Goldfish|57/100|[from] Grassy Terrain
|upkeep
|turn|9
|
|t:|1769337012
|move|p1a: Rillaboom|Knock Off|p2a: Goldfish
|-damage|p2a: Goldfish|36/100
|-damage|p1a: Rillaboom|14/100|[from] item: Rocky Helmet|[of] p2a: Goldfish
|-enditem|p2a: Goldfish|Rocky Helmet|[from] move: Knock Off|[of] p1a: Rillaboom
|-damage|p1a: Rillaboom|4/100|[from] item: Life Orb
|move|p2a: Goldfish|Rest|p2a: Goldfish
|-status|p2a: Goldfish|slp|[from] move: Rest
|-heal|p2a: Goldfish|100/100 slp|[silent]
|
|-heal|p1a: Rillaboom|10/100|[from] Grassy Terrain
|upkeep
|turn|10
|
|t:|1769337024
|move|p1a: Rillaboom|Grassy Glide|p2a: Goldfish
|-supereffective|p2a: Goldfish
|-damage|p2a: Goldfish|51/100 slp
|-damage|p1a: Rillaboom|0 fnt|[from] item: Life Orb
|faint|p1a: Rillaboom
|cant|p2a: Goldfish|slp
|move|p2a: Goldfish|Sleep Talk|p2a: Goldfish
|move|p2a: Goldfish|Wave Crash|p1: Rillaboom|[from] move: Sleep Talk|[notarget]
|-fail|p2a: Goldfish
|
|-heal|p2a: Goldfish|57/100 slp|[from] Grassy Terrain
|upkeep
|
|t:|1769337031
|switch|p1a: Gholdengo|Gholdengo|100/100
|-enditem|p1a: Gholdengo|Grassy Seed
|-boost|p1a: Gholdengo|def|1|[from] item: Grassy Seed
|turn|11
|
|t:|1769337043
|move|p1a: Gholdengo|Shadow Ball|p2a: Goldfish
|-damage|p2a: Goldfish|20/100 slp
|cant|p2a: Goldfish|slp
|move|p2a: Goldfish|Sleep Talk|p2a: Goldfish
|move|p2a: Goldfish|Wave Crash|p1a: Gholdengo|[from] move: Sleep Talk
|-damage|p1a: Gholdengo|60/100
|-damage|p2a: Goldfish|10/100 slp|[from] Recoil
|
|-heal|p1a: Gholdengo|67/100|[from] Grassy Terrain
|-heal|p2a: Goldfish|16/100 slp|[from] Grassy Terrain
|-fieldend|move: Grassy Terrain
|upkeep
|turn|12
|inactive|arcanezy has 120 seconds left.
|
|t:|1769337079
|move|p1a: Gholdengo|Shadow Ball|p2a: Goldfish
|-damage|p2a: Goldfish|0 fnt
|faint|p2a: Goldfish
|
|upkeep
|
|t:|1769337085
|switch|p2a: King|Kingambit, F|100/100
|-activate|p2a: King|ability: Supreme Overlord
|-start|p2a: King|fallen5|[silent]
|turn|13
|inactive|arcanezy has 120 seconds left.
|
|t:|1769337090
|-terastallize|p1a: Gholdengo|Water
|move|p1a: Gholdengo|Focus Blast|p2a: King
|-supereffective|p2a: King
|-damage|p2a: King|0 fnt
|faint|p2a: King
|-end|p2a: King|fallen5|[silent]
|
|win|tublanquito43
|n|☆tublanquito43|tublanquito43
|n|☆arcanezy|arcanezy
|n|*Lady Monita ☃️|ladymonita
|n| Albrtix|albrtix
|l|*Lady Monita ☃️
|l|☆arcanezy
|player|p2|
|c|☆tublanquito43|gg
|l|☆tublanquito43
|player|p1|
