|j|☆trashacc1
|j|☆ikun ngm
|t:|1769336796
|gametype|singles
|player|p1|trashacc1|cynthia-gen4|1253
|player|p2|ikun ngm|swimmer-gen4|1220
|gen|9
|tier|[Gen 9] OU
|rated|
|rule|HP Percentage Mod: HP is shown in percentages
|rule|Endless Battle Clause: Forcing endless battles is banned
|rule|Species Clause: Limit one of each Pokémon
|rule|OHKO Clause: OHKO moves are banned
|rule|Evasion Items Clause: Evasion items are banned
|rule|Evasion Moves Clause: Evasion moves are banned
|rule|Evasion Abilities Clause: Evasion abilities are banned
|rule|Sleep Moves Clause: Sleep-inducing moves are banned
|clearpoke
|poke|p1|Hydrapple, F|
|poke|p1|Moltres|
|poke|p1|Slowking-Galar, M|
|poke|p1|Zamazenta-*|
|poke|p1|Iron Treads|
|poke|p1|Hydreigon, F|
|poke|p2|Staraptor, M|
|poke|p2|Araquanid, F|
|poke|p2|Gholdengo|
|poke|p2|Zapdos-Galar|
|poke|p2|Articuno-Galar|
|poke|p2|Landorus-Therian, M|
|teampreview
|
|t:|1769336807
|teamsize|p1|6
|teamsize|p2|6
|start
|switch|p1a: Fenrir|Zamazenta|100/100
|switch|p2a: Araquanid|Araquanid, F|100/100
|-ability|p1a: Fenrir|Dauntless Shield|boost
|-boost|p1a: Fenrir|def|1
|turn|1
|inactive|Battle timer is ON: inactive players will automatically lose when time's up. (requested by trashacc1)
|
|t:|1769336813
|move|p1a: Fenrir|Stone Edge|p2a: Araquanid
|-supereffective|p2a: Araquanid
|-damage|p2a: Araquanid|33/100
|-damage|p1a: Fenrir|91/100|[from] item: Life Orb
|move|p2a: Araquanid|Sticky Web|p1a: Fenrir
|-sidestart|p1: trashacc1|move: Sticky Web
|
|upkeep
|turn|2
|
|t:|1769336820
|move|p2a: Araquanid|Endure|p2a: Araquanid
|-singleturn|p2a: Araquanid|move: Endure
|move|p1a: Fenrir|Stone Edge|p2a: Araquanid
|-supereffective|p2a: Araquanid
|-activate|p2a: Araquanid|move: Endure
|-damage|p2a: Araquanid|1/100
|-damage|p1a: Fenrir|81/100|[from] item: Life Orb
|
|upkeep
|turn|3
|-enditem|p2a: Araquanid|Custap Berry|[eat]
|-activate|p2a: Araquanid|item: Custap Berry|[consumed]
|
|t:|1769336830
|switch|p1a: Shiva|Hydrapple, F|100/100
|-activate|p1a: Shiva|move: Sticky Web
|-unboost|p1a: Shiva|spe|1
|move|p2a: Araquanid|Endeavor|p1a: Shiva
|-damage|p1a: Shiva|1/100
|-damage|p2a: Araquanid|0 fnt|[from] item: Rocky Helmet|[of] p1a: Shiva
|faint|p2a: Araquanid
|
|upkeep
|
|t:|1769336840
|switch|p2a: Staraptor|Staraptor, M|100/100
|turn|4
|
|t:|1769336851
|switch|p1a: Behemoth|Iron Treads|100/100
|move|p2a: Staraptor|Brave Bird|p1a: Behemoth
|-resisted|p1a: Behemoth
|-damage|p1a: Behemoth|57/100
|-damage|p2a: Staraptor|83/100|[from] Recoil
|
|upkeep
|turn|5
|
|t:|1769336859
|switch|p2a: Gholdengo|Gholdengo|100/100
|move|p1a: Behemoth|Ice Spinner|p2a: Gholdengo
|-resisted|p2a: Gholdengo
|-damage|p2a: Gholdengo|91/100
|-enditem|p2a: Gholdengo|Red Card|[of] p1a: Behemoth
|-end|p1a: Behemoth|Quark Drive|[silent]
|drag|p1a: Belial|Slowking-Galar, M|100/100
|
|upkeep
|turn|6
|
|t:|1769336868
|move|p2a: Gholdengo|Nasty Plot|p2a: Gholdengo
|-boost|p2a: Gholdengo|spa|2
|move|p1a: Belial|Thunder Wave|p2a: Gholdengo
|-immune|p2a: Gholdengo|[from] ability: Good as Gold
|
|upkeep
|turn|7
|
|t:|1769336887
|switch|p1a: Leviathan|Hydreigon, F, shiny|100/100
|move|p2a: Gholdengo|Shadow Ball|p1a: Leviathan
|-resisted|p1a: Leviathan
|-damage|p1a: Leviathan|61/100
|
|-heal|p1a: Leviathan|67/100|[from] item: Leftovers
|upkeep
|turn|8
|
|t:|1769336894
|switch|p2a: Zapdos|Zapdos-Galar|100/100
|move|p1a: Leviathan|Flamethrower|p2a: Zapdos
|-damage|p2a: Zapdos|66/100
|
|-heal|p1a: Leviathan|73/100|[from] item: Leftovers
|upkeep
|turn|9
|
|t:|1769336905
|switch|p1a: Phenix|Moltres|100/100
|move|p2a: Zapdos|U-turn|p1a: Phenix
|-resisted|p1a: Phenix
|-damage|p1a: Phenix|94/100
|-status|p2a: Zapdos|brn|[from] ability: Flame Body|[of] p1a: Phenix
|
|t:|1769336910
|switch|p2a: Landorus|Landorus-Therian, M|100/100|[from] U-turn
|-ability|p2a: Landorus|Intimidate|boost
|-unboost|p1a: Phenix|atk|1
|
|upkeep
|turn|10
|
|t:|1769336917
|move|p2a: Landorus|Substitute|p2a: Landorus
|-start|p2a: Landorus|Substitute
|-damage|p2a: Landorus|76/100
|move|p1a: Phenix|Will-O-Wisp||[still]
|-fail|p1a: Phenix
|
|upkeep
|turn|11
|
|t:|1769336922
|move|p2a: Landorus|Swords Dance|p2a: Landorus
|-boost|p2a: Landorus|atk|2
|move|p1a: Phenix|Flamethrower|p2a: Landorus
|-end|p2a: Landorus|Substitute
|
|upkeep
|turn|12
|
|t:|1769336938
|-terastallize|p1a: Phenix|Grass
|move|p2a: Landorus|Smack Down|p1a: Phenix
|-damage|p1a: Phenix|65/100
|move|p1a: Phenix|Flamethrower|p2a: Landorus
|-damage|p2a: Landorus|27/100
|
|upkeep
|turn|13
|
|t:|1769336948
|move|p2a: Landorus|Earthquake|p1a: Phenix
|-resisted|p1a: Phenix
|-damage|p1a: Phenix|16/100
|move|p1a: Phenix|Flamethrower|p2a: Landorus
|-damage|p2a: Landorus|0 fnt
|faint|p2a: Landorus
|
|upkeep
|
|t:|1769336952
|switch|p2a: Zapdos|Zapdos-Galar|66/100 brn
|turn|14
|
|t:|1769336961
|switch|p1a: Behemoth|Iron Treads|57/100
|move|p2a: Zapdos|U-turn|p1a: Behemoth
|-resisted|p1a: Behemoth
|-damage|p1a: Behemoth|51/100
|
|t:|1769336964
|switch|p2a: Staraptor|Staraptor, M|83/100|[from] U-turn
|
|upkeep
|turn|15
|
|t:|1769336973
|-end|p1a: Behemoth|Quark Drive|[silent]
|switch|p1a: Phenix|Moltres, tera:Grass|16/100
|move|p2a: Staraptor|Close Combat|p1a: Phenix
|-damage|p1a: Phenix|0 fnt
|-unboost|p2a: Staraptor|def|1
|-unboost|p2a: Staraptor|spd|1
|faint|p1a: Phenix
|
|upkeep
|
|t:|1769336988
|switch|p1a: Belial|Slowking-Galar, M|100/100
|turn|16
|
|t:|1769336993
|switch|p2a: Zapdos|Zapdos-Galar|66/100 brn
|-prepare|p1a: Belial|Chilly Reception|[premajor]
|move|p1a: Belial|Chilly Reception|p1a: Belial
|-weather|Snowscape
|
|t:|1769337001
|switch|p1a: Shiva|Hydrapple, F|34/100|[from] Chilly Reception
|-activate|p1a: Shiva|move: Sticky Web
|-unboost|p1a: Shiva|spe|1
|
|-weather|Snowscape|[upkeep]
|-damage|p2a: Zapdos|59/100 brn|[from] brn
|upkeep
|turn|17
|
|t:|1769337012
|switch|p1a: Behemoth|Iron Treads|51/100
|move|p2a: Zapdos|Brave Bird|p1a: Behemoth
|-resisted|p1a: Behemoth
|-damage|p1a: Behemoth|35/100
|-damage|p2a: Zapdos|53/100 brn|[from] Recoil
|
|-weather|Snowscape|[upkeep]
|-damage|p2a: Zapdos|47/100 brn|[from] brn
|upkeep
|turn|18
|
|t:|1769337022
|switch|p2a: Gholdengo|Gholdengo|91/100
|move|p1a: Behemoth|Rapid Spin|p2a: Gholdengo
|-immune|p2a: Gholdengo
|
|-weather|Snowscape|[upkeep]
|upkeep
|turn|19
|
|t:|1769337027
|switch|p2a: Zapdos|Zapdos-Galar|47/100 brn
|move|p1a: Behemoth|Earthquake|p2a: Zapdos
|-immune|p2a: Zapdos
|
|-weather|Snowscape|[upkeep]
|-damage|p2a: Zapdos|41/100 brn|[from] brn
|upkeep
|turn|20
|
|t:|1769337041
|move|p2a: Zapdos|Thunderous Kick|p1a: Behemoth
|-supereffective|p1a: Behemoth
|-damage|p1a: Behemoth|0 fnt
|faint|p1a: Behemoth
|-end|p1a: Behemoth|Quark Drive|[silent]
|
|-weather|none
|-damage|p2a: Zapdos|34/100 brn|[from] brn
|upkeep
|
|t:|1769337053
|switch|p1a: Shiva|Hydrapple, F|67/100
|-activate|p1a: Shiva|move: Sticky Web
|-unboost|p1a: Shiva|spe|1
|turn|21
|
|t:|1769337060
|switch|p2a: Gholdengo|Gholdengo|91/100
|move|p1a: Shiva|Fickle Beam|p2a: Gholdengo
|-resisted|p2a: Gholdengo
|-damage|p2a: Gholdengo|79/100
|
|upkeep
|turn|22
|
|t:|1769337068
|switch|p1a: Leviathan|Hydreigon, F, shiny|73/100
|move|p2a: Gholdengo|Make It Rain|p1a: Leviathan
|-damage|p1a: Leviathan|8/100
|-unboost|p2a: Gholdengo|spa|1
|
|-heal|p1a: Leviathan|14/100|[from] item: Leftovers
|upkeep
|turn|23
|
|t:|1769337076
|switch|p2a: Zapdos|Zapdos-Galar|34/100 brn
|move|p1a: Leviathan|Flamethrower|p2a: Zapdos
|-damage|p2a: Zapdos|2/100 brn
|
|-heal|p1a: Leviathan|20/100|[from] item: Leftovers
|-damage|p2a: Zapdos|0 fnt|[from] brn
|faint|p2a: Zapdos
|upkeep
|
|t:|1769337082
|switch|p2a: Staraptor|Staraptor, M|83/100
|turn|24
|
|t:|1769337089
|move|p2a: Staraptor|Brave Bird|p1a: Leviathan
|-damage|p1a: Leviathan|0 fnt
|faint|p1a: Leviathan
|-damage|p2a: Staraptor|76/100|[from] Recoil
|
|upkeep
|
|t:|1769337095
|switch|p1a: Fenrir|Zamazenta|81/100
|-activate|p1a: Fenrir|move: Sticky Web
|-unboost|p1a: Fenrir|spe|1
|turn|25
|
|t:|1769337110
|switch|p1a: Belial|Slowking-Galar, M|100/100
|move|p2a: Staraptor|Brave Bird|p1a: Belial
|-damage|p1a: Belial|0 fnt
|faint|p1a: Belial
|-damage|p2a: Staraptor|35/100|[from] Recoil
|
|upkeep
|
|t:|1769337117
|switch|p1a: Shiva|Hydrapple, F|100/100
|-activate|p1a: Shiva|move: Sticky Web
|-unboost|p1a: Shiva|spe|1
|turn|26
|
|t:|1769337126
|switch|p2a: Gholdengo|Gholdengo|79/100
|move|p1a: Shiva|Fickle Beam|p2a: Gholdengo
|-resisted|p2a: Gholdengo
|-damage|p2a: Gholdengo|66/100
|
|upkeep
|turn|27
|
|t:|1769337132
|move|p2a: Gholdengo|Recover|p2a: Gholdengo
|-heal|p2a: Gholdengo|100/100
|move|p1a: Shiva|Earth Power|p2a: Gholdengo
|-supereffective|p2a: Gholdengo
|-damage|p2a: Gholdengo|63/100
|
|upkeep
|turn|28
|
|t:|1769337140
|move|p2a: Gholdengo|Nasty Plot|p2a: Gholdengo
|-boost|p2a: Gholdengo|spa|2
|move|p1a: Shiva|Earth Power|p2a: Gholdengo
|-supereffective|p2a: Gholdengo
|-damage|p2a: Gholdengo|26/100
|
|upkeep
|turn|29
|
|t:|1769337148
|switch|p1a: Fenrir|Zamazenta|81/100
|-activate|p1a: Fenrir|move: Sticky Web
|-unboost|p1a: Fenrir|spe|1
|move|p2a: Gholdengo|Recover|p2a: Gholdengo
|-heal|p2a: Gholdengo|76/100
|
|upkeep
|turn|30
|
|t:|1769337154
|move|p1a: Fenrir|Crunch|p2a: Gholdengo
|-supereffective|p2a: Gholdengo
|-damage|p2a: Gholdengo|6/100
|-damage|p1a: Fenrir|71/100|[from] item: Life Orb
|move|p2a: Gholdengo|Shadow Ball|p1a: Fenrir
|-damage|p1a: Fenrir|6/100
|
|upkeep
|turn|31
|
|t:|1769337163
|move|p1a: Fenrir|Crunch|p2a: Gholdengo
|-supereffective|p2a: Gholdengo
|-damage|p2a: Gholdengo|0 fnt
|faint|p2a: Gholdengo
|-damage|p1a: Fenrir|0 fnt|[from] item: Life Orb
|faint|p1a: Fenrir
|
|upkeep
|
|t:|1769337169
|switch|p1a: Shiva|Hydrapple, F|100/100
|switch|p2a: Staraptor|Staraptor, M|35/100
|-activate|p1a: Shiva|move: Sticky Web
|-unboost|p1a: Shiva|spe|1
|turn|32
|
|t:|1769337176
|-terastallize|p2a: Staraptor|Flying
|move|p2a: Staraptor|Brave Bird|p1a: Shiva
|-supereffective|p1a: Shiva
|-damage|p1a: Shiva|0 fnt
|-damage|p2a: Staraptor|18/100|[from] item: Rocky Helmet|[of] p1a: Shiva
|faint|p1a: Shiva
|-damage|p2a: Staraptor|0 fnt|[from] Recoil
|faint|p2a: Staraptor
|
|win|ikun ngm
|raw|trashacc1's rating: 1253 &rarr; <strong>1226</strong><br />(-27 for losing)
|raw|ikun ngm's rating: 1220 &rarr; <strong>1247</strong><br />(+27 for winning)
|l|☆trashacc1
|player|p1|
|l|☆ikun ngm
|player|p2|
