|j|☆Carchac
|j|☆Ballindog34
|t:|1769438780
|gametype|singles
|player|p1|Carchac|benga|1166
|player|p2|Ballindog34|pokekid|1128
|gen|9
|tier|[Gen 9] OU
|rated|
|rule|HP Percentage Mod: HP is shown in percentages
|rule|Endless Battle Clause: Forcing endless battles is banned
|rule|Species Clause: Limit one of each Pokémon
|rule|OHKO Clause: OHKO moves are banned
|rule|Evasion Items Clause: Evasion items are banned
|rule|Evasion Moves Clause: Evasion moves are banned
|rule|Evasion Abilities Clause: Evasion abilities are banned
|rule|Sleep Moves Clause: Sleep-inducing moves are banned
|clearpoke
|poke|p1|Chesnaught, M|
|poke|p1|Heatran, M|
|poke|p1|Raging Bolt|
|poke|p1|Landorus-Therian, M|
|poke|p1|Iron Treads|
|poke|p1|Primarina, F|
|poke|p2|Lurantis, F|
|poke|p2|Hatterene, F|
|poke|p2|Gligar, M|
|poke|p2|Polteageist|
|poke|p2|Grimmsnarl, M|
|poke|p2|Electrode-Hisui|
|teampreview
|inactive|Battle timer is ON: inactive players will automatically lose when time's up. (requested by Carchac)
|
|t:|1769438799
|teamsize|p1|6
|teamsize|p2|6
|start
|switch|p1a: Chesnaught|Chesnaught, M|100/100
|switch|p2a: Hatterweeny|Hatterene, F, shiny|100/100
|turn|1
|
|t:|1769438806
|move|p1a: Chesnaught|Knock Off|p2a: Hatterweeny
|-damage|p2a: Hatterweeny|77/100
|-enditem|p2a: Hatterweeny|Life Orb|[from] move: Knock Off|[of] p1a: Chesnaught
|move|p2a: Hatterweeny|Trick Room|p2a: Hatterweeny
|-fieldstart|move: Trick Room|[of] p2a: Hatterweeny
|
|upkeep
|turn|2
|
|t:|1769438814
|move|p2a: Hatterweeny|Mystical Fire|p1a: Chesnaught
|-supereffective|p1a: Chesnaught
|-damage|p1a: Chesnaught|44/100
|-unboost|p1a: Chesnaught|spa|1
|move|p1a: Chesnaught|Wood Hammer|p2a: Hatterweeny
|-damage|p2a: Hatterweeny|36/100
|-damage|p1a: Chesnaught|32/100|[from] Recoil
|
|upkeep
|turn|3
|
|t:|1769438824
|switch|p1a: Heatran|Heatran, M|100/100
|-item|p1a: Heatran|Air Balloon
|move|p2a: Hatterweeny|Mystical Fire|p1a: Heatran
|-start|p1a: Heatran|ability: Flash Fire
|
|upkeep
|turn|4
|
|t:|1769438833
|move|p2a: Hatterweeny|Psychic Noise|p1a: Heatran
|-resisted|p1a: Heatran
|-damage|p1a: Heatran|79/100
|-start|p1a: Heatran|move: Heal Block
|-enditem|p1a: Heatran|Air Balloon
|move|p1a: Heatran|Magma Storm|p2a: Hatterweeny
|-damage|p2a: Hatterweeny|0 fnt
|faint|p2a: Hatterweeny
|
|upkeep
|
|t:|1769438841
|switch|p2a: Green bean|Lurantis, F, shiny|100/100
|turn|5
|
|t:|1769438848
|-terastallize|p1a: Heatran|Grass
|move|p2a: Green bean|Superpower|p1a: Heatran
|-damage|p1a: Heatran|39/100
|-boost|p2a: Green bean|atk|1
|-boost|p2a: Green bean|def|1
|move|p1a: Heatran|Magma Storm|p2a: Green bean
|-supereffective|p2a: Green bean
|-enditem|p2a: Green bean|Focus Sash
|-damage|p2a: Green bean|1/100
|-activate|p2a: Green bean|move: Magma Storm|[of] p1a: Heatran
|
|-damage|p2a: Green bean|0 fnt|[from] move: Magma Storm|[partiallytrapped]
|faint|p2a: Green bean
|-end|p1a: Heatran|move: Heal Block
|-fieldend|move: Trick Room
|upkeep
|
|t:|1769438876
|switch|p2a: Screens|Grimmsnarl, M, shiny|100/100
|turn|6
|
|t:|1769438885
|move|p2a: Screens|Sucker Punch||[still]
|-fail|p2a: Screens
|move|p1a: Heatran|Taunt|p2a: Screens
|-start|p2a: Screens|move: Taunt
|
|upkeep
|turn|7
|
|t:|1769438898
|move|p1a: Heatran|Will-O-Wisp|p2a: Screens
|-status|p2a: Screens|brn
|move|p2a: Screens|Spirit Break|p1a: Heatran
|-damage|p1a: Heatran|14/100
|-unboost|p1a: Heatran|spa|1
|-damage|p2a: Screens|91/100 brn|[from] item: Life Orb
|
|-damage|p2a: Screens|84/100 brn|[from] brn
|upkeep
|turn|8
|
|t:|1769438909
|move|p2a: Screens|Sucker Punch|p1a: Heatran
|-damage|p1a: Heatran|0 fnt
|faint|p1a: Heatran
|-damage|p2a: Screens|75/100 brn|[from] item: Life Orb
|
|-damage|p2a: Screens|68/100 brn|[from] brn
|upkeep
|
|t:|1769438918
|switch|p1a: Iron Treads|Iron Treads|100/100
|-enditem|p1a: Iron Treads|Booster Energy
|-activate|p1a: Iron Treads|ability: Quark Drive|[fromitem]
|-start|p1a: Iron Treads|quarkdrivespe
|turn|9
|
|t:|1769438930
|move|p1a: Iron Treads|Earthquake|p2a: Screens
|-damage|p2a: Screens|16/100 brn
|move|p2a: Screens|Fire Punch|p1a: Iron Treads
|-supereffective|p1a: Iron Treads
|-damage|p1a: Iron Treads|71/100
|-damage|p2a: Screens|6/100 brn|[from] item: Life Orb
|
|-damage|p2a: Screens|0 fnt|[from] brn
|faint|p2a: Screens
|upkeep
|
|t:|1769438949
|switch|p2a: Gligger|Gligar, M, shiny|100/100
|turn|10
|
|t:|1769438960
|move|p1a: Iron Treads|Ice Spinner|p2a: Gligger
|-supereffective|p2a: Gligger
|-damage|p2a: Gligger|47/100
|move|p2a: Gligger|Toxic Spikes|p1a: Iron Treads
|-sidestart|p1: Carchac|move: Toxic Spikes
|
|upkeep
|turn|11
|inactive|Ballindog34 has 120 seconds left.
|
|t:|1769438981
|-terastallize|p2a: Gligger|Fighting
|move|p1a: Iron Treads|Ice Spinner|p2a: Gligger
|-crit|p2a: Gligger
|-damage|p2a: Gligger|28/100
|move|p2a: Gligger|Counter|p1a: Iron Treads
|-damage|p1a: Iron Treads|33/100
|
|upkeep
|turn|12
|inactive|Ballindog34 has 120 seconds left.
|
|t:|1769438993
|move|p1a: Iron Treads|Earthquake|p2a: Gligger
|-damage|p2a: Gligger|1/100
|move|p2a: Gligger|Rest|p2a: Gligger
|-status|p2a: Gligger|slp|[from] move: Rest
|-heal|p2a: Gligger|100/100 slp|[silent]
|
|upkeep
|turn|13
|inactive|Ballindog34 has 120 seconds left.
|
|t:|1769439010
|move|p1a: Iron Treads|Rapid Spin|p2a: Gligger
|-damage|p2a: Gligger|91/100 slp
|-boost|p1a: Iron Treads|spe|1
|-sideend|p1: Carchac|Toxic Spikes|[from] move: Rapid Spin|[of] p1a: Iron Treads
|cant|p2a: Gligger|slp
|
|upkeep
|turn|14
|inactive|Ballindog34 has 120 seconds left.
|
|t:|1769439018
|move|p1a: Iron Treads|Earthquake|p2a: Gligger
|-damage|p2a: Gligger|66/100 slp
|cant|p2a: Gligger|slp
|
|upkeep
|turn|15
|
|t:|1769439023
|move|p1a: Iron Treads|Earthquake|p2a: Gligger
|-damage|p2a: Gligger|38/100 slp
|-curestatus|p2a: Gligger|slp|[msg]
|move|p2a: Gligger|Counter|p1a: Iron Treads
|-damage|p1a: Iron Treads|0 fnt
|faint|p1a: Iron Treads
|-end|p1a: Iron Treads|Quark Drive|[silent]
|
|upkeep
|
|t:|1769439030
|switch|p1a: Landorus|Landorus-Therian, M|100/100
|-ability|p1a: Landorus|Intimidate|boost
|-unboost|p2a: Gligger|atk|1
|turn|16
|
|t:|1769439041
|move|p1a: Landorus|Earthquake|p2a: Gligger
|-damage|p2a: Gligger|7/100
|move|p2a: Gligger|Toxic Spikes|p1a: Landorus
|-sidestart|p1: Carchac|move: Toxic Spikes
|
|upkeep
|turn|17
|
|t:|1769439052
|move|p1a: Landorus|Earthquake|p2a: Gligger
|-damage|p2a: Gligger|0 fnt
|faint|p2a: Gligger
|
|upkeep
|
|t:|1769439061
|switch|p2a: Slurp|Polteageist, shiny|100/100
|turn|18
|inactive|Ballindog34 has 120 seconds left.
|
|t:|1769439104
|move|p1a: Landorus|Earthquake|p2a: Slurp
|-damage|p2a: Slurp|22/100
|-start|p1a: Landorus|Disable|Earthquake|[from] ability: Cursed Body|[of] p2a: Slurp
|move|p2a: Slurp|Shell Smash|p2a: Slurp
|-unboost|p2a: Slurp|def|1
|-unboost|p2a: Slurp|spd|1
|-boost|p2a: Slurp|atk|2
|-boost|p2a: Slurp|spa|2
|-boost|p2a: Slurp|spe|2
|-enditem|p2a: Slurp|White Herb
|-clearnegativeboost|p2a: Slurp|[silent]
|
|upkeep
|turn|19
|
|t:|1769439116
|switch|p1a: Chesnaught|Chesnaught, M|32/100
|move|p2a: Slurp|Strength Sap|p1a: Chesnaught
|-unboost|p1a: Chesnaught|atk|1
|-heal|p2a: Slurp|100/100
|
|upkeep
|turn|20
|
|t:|1769439125
|move|p2a: Slurp|Stored Power|p1a: Chesnaught
|-supereffective|p1a: Chesnaught
|-damage|p1a: Chesnaught|0 fnt
|faint|p1a: Chesnaught
|
|upkeep
|
|t:|1769439130
|switch|p1a: Raging Bolt|Raging Bolt|100/100
|-status|p1a: Raging Bolt|psn
|turn|21
|inactive|Ballindog34 has 120 seconds left.
|
|t:|1769439143
|move|p1a: Raging Bolt|Thunderclap|p2a: Slurp
|-damage|p2a: Slurp|28/100
|-start|p1a: Raging Bolt|Disable|Thunderclap|[from] ability: Cursed Body|[of] p2a: Slurp
|move|p2a: Slurp|Stored Power|p1a: Raging Bolt
|-damage|p1a: Raging Bolt|16/100 psn
|
|-damage|p1a: Raging Bolt|4/100 psn|[from] psn
|upkeep
|turn|22
|inactive|Ballindog34 has 120 seconds left.
|
|t:|1769439156
|-end|p1a: Raging Bolt|Protosynthesis|[silent]
|switch|p1a: Primarina|Primarina, F|100/100
|-status|p1a: Primarina|psn
|move|p2a: Slurp|Strength Sap|p1a: Primarina
|-unboost|p1a: Primarina|atk|1
|-heal|p2a: Slurp|81/100
|
|-damage|p1a: Primarina|88/100 psn|[from] psn
|upkeep
|turn|23
|inactive|Ballindog34 has 120 seconds left.
|
|t:|1769439171
|move|p2a: Slurp|Stored Power|p1a: Primarina
|-damage|p1a: Primarina|31/100 psn
|move|p1a: Primarina|Moonblast|p2a: Slurp
|-damage|p2a: Slurp|19/100
|-start|p1a: Primarina|Disable|Moonblast|[from] ability: Cursed Body|[of] p2a: Slurp
|
|-damage|p1a: Primarina|19/100 psn|[from] psn
|upkeep
|turn|24
|
|t:|1769439182
|move|p2a: Slurp|Strength Sap|p1a: Primarina
|-unboost|p1a: Primarina|atk|1
|-heal|p2a: Slurp|54/100
|move|p1a: Primarina|Surf|p2a: Slurp
|-damage|p2a: Slurp|0 fnt
|faint|p2a: Slurp
|
|-damage|p1a: Primarina|6/100 psn|[from] psn
|upkeep
|
|t:|1769439191
|switch|p2a: Elechode|Electrode-Hisui, shiny|100/100
|turn|25
|
|t:|1769439204
|move|p2a: Elechode|Energy Ball|p1a: Primarina
|-supereffective|p1a: Primarina
|-damage|p1a: Primarina|0 fnt
|faint|p1a: Primarina
|
|upkeep
|
|t:|1769439211
|switch|p1a: Landorus|Landorus-Therian, M|100/100
|-ability|p1a: Landorus|Intimidate|boost
|-unboost|p2a: Elechode|atk|1
|turn|26
|
|t:|1769439217
|move|p1a: Landorus|U-turn|p2a: Elechode
|-supereffective|p2a: Elechode
|-damage|p2a: Elechode|5/100
|
|t:|1769439220
|switch|p1a: Raging Bolt|Raging Bolt|4/100 psn|[from] U-turn
|move|p2a: Elechode|Energy Ball|p1a: Raging Bolt
|-resisted|p1a: Raging Bolt
|-damage|p1a: Raging Bolt|0 fnt
|faint|p1a: Raging Bolt
|-end|p1a: Raging Bolt|Protosynthesis|[silent]
|
|upkeep
|
|t:|1769439227
|switch|p1a: Landorus|Landorus-Therian, M|100/100
|-ability|p1a: Landorus|Intimidate|boost
|-unboost|p2a: Elechode|atk|1
|turn|27
|
|t:|1769439233
|move|p1a: Landorus|Earthquake|p2a: Elechode
|-damage|p2a: Elechode|0 fnt
|faint|p2a: Elechode
|
|win|Carchac
|raw|Carchac's rating: 1166 &rarr; <strong>1188</strong><br />(+22 for winning)
|raw|Ballindog34's rating: 1128 &rarr; <strong>1106</strong><br />(-22 for losing)
|l|☆Ballindog34
|player|p2|
|l|☆Carchac
|player|p1|
