|j|☆mio3777
|j|☆industriedutabac
|t:|1769338733
|gametype|singles
|player|p1|mio3777|102|1693
|player|p2|industriedutabac|101|1589
|gen|9
|tier|[Gen 9] OU
|rated|
|rule|HP Percentage Mod: HP is shown in percentages
|rule|Endless Battle Clause: Forcing endless battles is banned
|rule|Species Clause: Limit one of each Pokémon
|rule|OHKO Clause: OHKO moves are banned
|rule|Evasion Items Clause: Evasion items are banned
|rule|Evasion Moves Clause: Evasion moves are banned
|rule|Evasion Abilities Clause: Evasion abilities are banned
|rule|Sleep Moves Clause: Sleep-inducing moves are banned
|clearpoke
|poke|p1|Indeedee, M|
|poke|p1|Polteageist-Antique|
|poke|p1|Cinderace, M|
|poke|p1|Armarouge, F|
|poke|p1|Hawlucha, F|
|poke|p1|Hatterene, F|
|poke|p2|Lokix, F|
|poke|p2|Ogerpon-Wellspring, F|
|poke|p2|Magnezone|
|poke|p2|Weezing-Galar, F|
|poke|p2|Tyranitar, F|
|poke|p2|Excadrill, F|
|teampreview
|
|t:|1769338741
|teamsize|p1|6
|teamsize|p2|6
|start
|switch|p1a: Polteageist|Polteageist-Antique|100/100
|switch|p2a: Tyranitar|Tyranitar, F|100/100
|-weather|Sandstorm|[from] ability: Sand Stream|[of] p2a: Tyranitar
|turn|1
|inactive|Battle timer is ON: inactive players will automatically lose when time's up. (requested by mio3777)
|
|t:|1769338751
|-terastallize|p1a: Polteageist|Fighting
|move|p1a: Polteageist|Tera Blast|p2a: Tyranitar|[anim] Tera Blast Fighting
|-supereffective|p2a: Tyranitar
|-damage|p2a: Tyranitar|23/100
|move|p2a: Tyranitar|Knock Off|p1a: Polteageist
|-resisted|p1a: Polteageist
|-damage|p1a: Polteageist|59/100
|-ability|p1a: Polteageist|Weak Armor|boost
|-unboost|p1a: Polteageist|def|1
|-boost|p1a: Polteageist|spe|2
|-enditem|p1a: Polteageist|Focus Sash|[from] move: Knock Off|[of] p2a: Tyranitar
|
|-weather|Sandstorm|[upkeep]
|-damage|p1a: Polteageist|53/100|[from] Sandstorm
|upkeep
|turn|2
|
|t:|1769338767
|switch|p2a: Weezing|Weezing-Galar, F|100/100
|-ability|p2a: Weezing|Neutralizing Gas
|move|p1a: Polteageist|Shell Smash|p1a: Polteageist
|-unboost|p1a: Polteageist|def|1
|-unboost|p1a: Polteageist|spd|1
|-boost|p1a: Polteageist|atk|2
|-boost|p1a: Polteageist|spa|2
|-boost|p1a: Polteageist|spe|2
|
|-weather|Sandstorm|[upkeep]
|-damage|p1a: Polteageist|47/100|[from] Sandstorm
|-damage|p2a: Weezing|95/100|[from] Sandstorm
|upkeep
|turn|3
|
|t:|1769338785
|-end|p2a: Weezing|ability: Neutralizing Gas
|switch|p2a: Tyranitar|Tyranitar, F|23/100
|move|p1a: Polteageist|Stored Power|p2a: Tyranitar
|-immune|p2a: Tyranitar
|
|-weather|Sandstorm|[upkeep]
|-damage|p1a: Polteageist|41/100|[from] Sandstorm
|upkeep
|turn|4
|
|t:|1769338793
|switch|p2a: Weezing|Weezing-Galar, F|95/100
|-ability|p2a: Weezing|Neutralizing Gas
|move|p1a: Polteageist|Tera Blast|p2a: Weezing|[anim] Tera Blast Fighting
|-resisted|p2a: Weezing
|-damage|p2a: Weezing|66/100
|-enditem|p2a: Weezing|Eject Button
|
|t:|1769338796
|-end|p2a: Weezing|ability: Neutralizing Gas
|switch|p2a: Lokix|Lokix, F|100/100
|
|-weather|Sandstorm|[upkeep]
|-damage|p1a: Polteageist|34/100|[from] Sandstorm
|-damage|p2a: Lokix|94/100|[from] Sandstorm
|upkeep
|turn|5
|
|t:|1769338807
|switch|p1a: Indeedee|Indeedee, M|100/100
|-fieldstart|move: Psychic Terrain|[from] ability: Psychic Surge|[of] p1a: Indeedee
|move|p2a: Lokix|First Impression|p1a: Indeedee
|-activate|p1a: Indeedee|move: Psychic Terrain
|
|-weather|Sandstorm|[upkeep]
|-damage|p2a: Lokix|88/100|[from] Sandstorm
|-damage|p1a: Indeedee|94/100|[from] Sandstorm
|upkeep
|turn|6
|
|t:|1769338821
|switch|p1a: Armarouge|Armarouge, F|100/100
|-terastallize|p2a: Lokix|Bug
|move|p2a: Lokix|U-turn|p1a: Armarouge
|-crit|p1a: Armarouge
|-damage|p1a: Armarouge|22/100
|-ability|p1a: Armarouge|Weak Armor|boost
|-unboost|p1a: Armarouge|def|1
|-boost|p1a: Armarouge|spe|2
|
|t:|1769338828
|switch|p2a: Excadrill|Excadrill, F|100/100|[from] U-turn
|-item|p2a: Excadrill|Air Balloon
|
|-weather|Sandstorm|[upkeep]
|-damage|p1a: Armarouge|16/100|[from] Sandstorm
|upkeep
|turn|7
|
|t:|1769338843
|switch|p1a: Hawlucha|Hawlucha, F|100/100
|-enditem|p1a: Hawlucha|Psychic Seed
|-boost|p1a: Hawlucha|spd|1|[from] item: Psychic Seed
|move|p2a: Excadrill|Rapid Spin|p1a: Hawlucha
|-damage|p1a: Hawlucha|74/100
|-boost|p2a: Excadrill|spe|1
|
|-weather|Sandstorm|[upkeep]
|-damage|p1a: Hawlucha|68/100|[from] Sandstorm
|upkeep
|turn|8
|
|t:|1769338861
|move|p2a: Excadrill|Rock Slide|p1a: Hawlucha
|-damage|p1a: Hawlucha|27/100
|cant|p1a: Hawlucha|flinch
|
|-weather|none
|upkeep
|turn|9
|
|t:|1769338873
|switch|p2a: Magnezone|Magnezone|100/100
|move|p1a: Hawlucha|Swords Dance|p1a: Hawlucha
|-boost|p1a: Hawlucha|atk|2
|
|upkeep
|turn|10
|
|t:|1769338879
|move|p1a: Hawlucha|Close Combat|p2a: Magnezone
|-supereffective|p2a: Magnezone
|-damage|p2a: Magnezone|0 fnt
|-unboost|p1a: Hawlucha|def|1
|-unboost|p1a: Hawlucha|spd|1
|-damage|p1a: Hawlucha|11/100|[from] item: Rocky Helmet|[of] p2a: Magnezone
|faint|p2a: Magnezone
|
|upkeep
|
|t:|1769338881
|switch|p2a: Lokix|Lokix, F, tera:Bug|88/100
|turn|11
|
|t:|1769338889
|switch|p2a: Weezing|Weezing-Galar, F|66/100
|-ability|p2a: Weezing|Neutralizing Gas
|move|p1a: Hawlucha|Acrobatics|p2a: Weezing
|-damage|p2a: Weezing|3/100
|
|upkeep
|turn|12
|
|t:|1769338898
|move|p1a: Hawlucha|Acrobatics|p2a: Weezing
|-crit|p2a: Weezing
|-damage|p2a: Weezing|0 fnt
|faint|p2a: Weezing
|-end|p2a: Weezing|ability: Neutralizing Gas
|
|-fieldend|move: Psychic Terrain
|upkeep
|
|t:|1769338899
|switch|p2a: Lokix|Lokix, F, tera:Bug|88/100
|turn|13
|
|t:|1769338907
|move|p1a: Hawlucha|Acrobatics|p2a: Lokix
|-supereffective|p2a: Lokix
|-damage|p2a: Lokix|0 fnt
|faint|p2a: Lokix
|
|upkeep
|
|t:|1769338909
|switch|p2a: Tyranitar|Tyranitar, F|23/100
|-weather|Sandstorm|[from] ability: Sand Stream|[of] p2a: Tyranitar
|turn|14
|
|t:|1769338917
|move|p1a: Hawlucha|Close Combat|p2a: Tyranitar
|-supereffective|p2a: Tyranitar
|-damage|p2a: Tyranitar|0 fnt
|-unboost|p1a: Hawlucha|def|1
|-unboost|p1a: Hawlucha|spd|1
|faint|p2a: Tyranitar
|
|-weather|Sandstorm|[upkeep]
|-damage|p1a: Hawlucha|5/100|[from] Sandstorm
|upkeep
|
|t:|1769338921
|switch|p2a: Ogerpon|Ogerpon-Wellspring, F|100/100
|turn|15
|
|t:|1769338927
|move|p1a: Hawlucha|Acrobatics|p2a: Ogerpon
|-supereffective|p2a: Ogerpon
|-damage|p2a: Ogerpon|0 fnt
|faint|p2a: Ogerpon
|
|-weather|Sandstorm|[upkeep]
|-damage|p1a: Hawlucha|0 fnt|[from] Sandstorm
|faint|p1a: Hawlucha
|upkeep
|
|t:|1769338954
|switch|p2a: Excadrill|Excadrill, F|100/100
|switch|p1a: Hatterene|Hatterene, F|100/100
|-item|p2a: Excadrill|Air Balloon
|turn|16
|
|t:|1769338960
|move|p2a: Excadrill|Swords Dance|p2a: Excadrill
|-boost|p2a: Excadrill|atk|2
|move|p1a: Hatterene|Mystical Fire|p2a: Excadrill
|-supereffective|p2a: Excadrill
|-damage|p2a: Excadrill|23/100
|-unboost|p2a: Excadrill|spa|1
|-enditem|p2a: Excadrill|Air Balloon
|
|-weather|Sandstorm|[upkeep]
|-damage|p1a: Hatterene|95/100|[from] Sandstorm
|upkeep
|turn|17
|inactive|mio3777 has 120 seconds left.
|
|t:|1769338991
|switch|p1a: Polteageist|Polteageist-Antique, tera:Fighting|34/100
|move|p2a: Excadrill|Earthquake|p1a: Polteageist
|-damage|p1a: Polteageist|0 fnt
|faint|p1a: Polteageist
|
|-weather|Sandstorm|[upkeep]
|upkeep
|
|t:|1769338999
|switch|p1a: Armarouge|Armarouge, F|16/100
|turn|18
|
|t:|1769339002
|move|p2a: Excadrill|Rapid Spin|p1a: Armarouge
|-damage|p1a: Armarouge|0 fnt
|-boost|p2a: Excadrill|spe|1
|faint|p1a: Armarouge
|
|-weather|Sandstorm|[upkeep]
|upkeep
|inactive|mio3777 has 120 seconds left.
|
|t:|1769339013
|switch|p1a: Indeedee|Indeedee, M|94/100
|-fieldstart|move: Psychic Terrain|[from] ability: Psychic Surge|[of] p1a: Indeedee
|turn|19
|inactive|mio3777 has 120 seconds left.
|
|t:|1769339020
|move|p2a: Excadrill|Earthquake|p1a: Indeedee
|-damage|p1a: Indeedee|0 fnt
|faint|p1a: Indeedee
|
|-weather|Sandstorm|[upkeep]
|upkeep
|inactive|mio3777 has 120 seconds left.
|
|t:|1769339028
|switch|p1a: Cinderace|Cinderace, M|100/100
|turn|20
|
|t:|1769339032
|move|p2a: Excadrill|Earthquake|p1a: Cinderace
|-supereffective|p1a: Cinderace
|-damage|p1a: Cinderace|0 fnt
|faint|p1a: Cinderace
|
|-weather|Sandstorm|[upkeep]
|upkeep
|
|t:|1769339038
|switch|p1a: Hatterene|Hatterene, F|95/100
|turn|21
|
|t:|1769339041
|move|p1a: Hatterene|Endure|p1a: Hatterene
|-singleturn|p1a: Hatterene|move: Endure
|move|p2a: Excadrill|Earthquake|p1a: Hatterene
|-activate|p1a: Hatterene|move: Endure
|-damage|p1a: Hatterene|1/100
|
|-weather|none
|upkeep
|turn|22
|-enditem|p1a: Hatterene|Custap Berry|[eat]
|-activate|p1a: Hatterene|item: Custap Berry|[consumed]
|
|t:|1769339048
|move|p1a: Hatterene|Expanding Force|p2a: Excadrill
|-resisted|p2a: Excadrill
|-damage|p2a: Excadrill|0 fnt
|faint|p2a: Excadrill
|
|win|mio3777
|raw|mio3777's rating: 1693 &rarr; <strong>1707</strong><br />(+14 for winning)
|raw|industriedutabac's rating: 1589 &rarr; <strong>1575</strong><br />(-14 for losing)
|l|☆industriedutabac
|player|p2|
|l|☆mio3777
|player|p1|
