|j|☆pikelino
|j|☆Rubicouss
|t:|1769343802
|gametype|singles
|player|p1|pikelino|ninjaboy|1299
|player|p2|Rubicouss|gambler|1233
|gen|9
|tier|[Gen 9] OU
|rated|
|rule|HP Percentage Mod: HP is shown in percentages
|rule|Endless Battle Clause: Forcing endless battles is banned
|rule|Species Clause: Limit one of each Pokémon
|rule|OHKO Clause: OHKO moves are banned
|rule|Evasion Items Clause: Evasion items are banned
|rule|Evasion Moves Clause: Evasion moves are banned
|rule|Evasion Abilities Clause: Evasion abilities are banned
|rule|Sleep Moves Clause: Sleep-inducing moves are banned
|clearpoke
|poke|p1|Glimmora, M|
|poke|p1|Great Tusk|
|poke|p1|Rotom-Wash|
|poke|p1|Dragapult, F|
|poke|p1|Iron Valiant|
|poke|p1|Kingambit, M|
|poke|p2|Glimmora, M|
|poke|p2|Spidops, M|
|poke|p2|Great Tusk|
|poke|p2|Gholdengo|
|poke|p2|Porygon-Z|
|poke|p2|Tsareena, F|
|teampreview
|
|t:|1769343822
|teamsize|p1|6
|teamsize|p2|6
|start
|switch|p1a: Dragapult|Dragapult, F|100/100
|switch|p2a: Glimmora|Glimmora, M|100/100
|turn|1
|
|t:|1769343829
|switch|p1a: Great Tusk|Great Tusk|100/100
|move|p2a: Glimmora|Stealth Rock|p1a: Great Tusk
|-sidestart|p1: pikelino|move: Stealth Rock
|
|upkeep
|turn|2
|
|t:|1769343837
|switch|p2a: Gholdengo|Gholdengo|100/100
|-item|p2a: Gholdengo|Air Balloon
|move|p1a: Great Tusk|Earthquake|p2a: Gholdengo
|-immune|p2a: Gholdengo
|
|upkeep
|turn|3
|
|t:|1769343846
|move|p2a: Gholdengo|Shadow Ball|p1a: Great Tusk
|-damage|p1a: Great Tusk|50/100
|move|p1a: Great Tusk|Knock Off|p2a: Gholdengo
|-supereffective|p2a: Gholdengo
|-damage|p2a: Gholdengo|31/100
|-enditem|p2a: Gholdengo|Air Balloon
|
|-heal|p1a: Great Tusk|56/100|[from] item: Leftovers
|upkeep
|turn|4
|
|t:|1769343858
|move|p2a: Gholdengo|Shadow Ball|p1a: Great Tusk
|-damage|p1a: Great Tusk|0 fnt
|faint|p1a: Great Tusk
|-end|p1a: Great Tusk|Protosynthesis|[silent]
|
|upkeep
|
|t:|1769343862
|switch|p1a: Glimmora|Glimmora, M|100/100
|-damage|p1a: Glimmora|88/100|[from] Stealth Rock
|turn|5
|
|t:|1769343893
|move|p1a: Glimmora|Earth Power|p2a: Gholdengo
|-supereffective|p2a: Gholdengo
|-damage|p2a: Gholdengo|0 fnt
|faint|p2a: Gholdengo
|
|upkeep
|
|t:|1769343896
|switch|p2a: Glimmora|Glimmora, M|100/100
|turn|6
|
|t:|1769343904
|switch|p1a: Rotom|Rotom-Wash|100/100
|-damage|p1a: Rotom|88/100|[from] Stealth Rock
|move|p2a: Glimmora|Earth Power|p1a: Rotom
|-immune|p1a: Rotom|[from] ability: Levitate
|
|-heal|p1a: Rotom|94/100|[from] item: Leftovers
|upkeep
|turn|7
|
|t:|1769343912
|switch|p2a: Tsareena|Tsareena, F|100/100
|move|p1a: Rotom|Hydro Pump|p2a: Tsareena
|-resisted|p2a: Tsareena
|-damage|p2a: Tsareena|77/100
|
|-heal|p1a: Rotom|99/100|[from] item: Leftovers
|upkeep
|turn|8
|
|t:|1769343923
|switch|p1a: Glimmora|Glimmora, M|88/100
|-damage|p1a: Glimmora|76/100|[from] Stealth Rock
|move|p2a: Tsareena|U-turn|p1a: Glimmora
|-resisted|p1a: Glimmora
|-damage|p1a: Glimmora|61/100
|-activate|p1a: Glimmora|ability: Toxic Debris
|-sidestart|p2: Rubicouss|move: Toxic Spikes
|
|t:|1769343932
|switch|p2a: Glimmora|Glimmora, M|100/100|[from] U-turn
|-sideend|p2: Rubicouss|move: Toxic Spikes|[of] p2a: Glimmora
|
|upkeep
|turn|9
|
|t:|1769343938
|move|p1a: Glimmora|Earth Power|p2a: Glimmora
|-supereffective|p2a: Glimmora
|-enditem|p2a: Glimmora|Focus Sash
|-damage|p2a: Glimmora|1/100
|move|p2a: Glimmora|Earth Power|p1a: Glimmora
|-supereffective|p1a: Glimmora
|-damage|p1a: Glimmora|0 fnt
|faint|p1a: Glimmora
|
|upkeep
|
|t:|1769343949
|switch|p1a: Dragapult|Dragapult, F|100/100
|turn|10
|
|t:|1769343959
|move|p1a: Dragapult|U-turn|p2a: Glimmora
|-resisted|p2a: Glimmora
|-damage|p2a: Glimmora|0 fnt
|-activate|p2a: Glimmora|ability: Toxic Debris
|-sidestart|p1: pikelino|move: Toxic Spikes
|faint|p2a: Glimmora
|
|t:|1769343967
|switch|p1a: Rotom|Rotom-Wash|99/100|[from] U-turn
|-damage|p1a: Rotom|88/100|[from] Stealth Rock
|
|-heal|p1a: Rotom|94/100|[from] item: Leftovers
|upkeep
|
|t:|1769343972
|switch|p2a: Tsareena|Tsareena, F|77/100
|turn|11
|
|t:|1769343979
|move|p2a: Tsareena|Power Whip|p1a: Rotom
|-supereffective|p1a: Rotom
|-damage|p1a: Rotom|0 fnt
|faint|p1a: Rotom
|
|upkeep
|
|t:|1769343981
|switch|p1a: Dragapult|Dragapult, F|100/100
|turn|12
|
|t:|1769343990
|switch|p2a: Spidops|Spidops, M|100/100
|move|p1a: Dragapult|U-turn|p2a: Spidops
|-damage|p2a: Spidops|83/100
|-enditem|p2a: Spidops|Red Card|[of] p1a: Dragapult
|drag|p1a: Kingambit|Kingambit, M|100/100
|-damage|p1a: Kingambit|94/100|[from] Stealth Rock
|-activate|p1a: Kingambit|ability: Supreme Overlord
|-start|p1a: Kingambit|fallen3|[silent]
|
|upkeep
|turn|13
|
|t:|1769344025
|move|p1a: Kingambit|Swords Dance|p1a: Kingambit
|-boost|p1a: Kingambit|atk|2
|move|p2a: Spidops|Circle Throw|p1a: Kingambit
|-supereffective|p1a: Kingambit
|-damage|p1a: Kingambit|46/100
|-end|p1a: Kingambit|fallen3|[silent]
|drag|p1a: Iron Valiant|Iron Valiant|100/100
|-damage|p1a: Iron Valiant|94/100|[from] Stealth Rock
|-status|p1a: Iron Valiant|psn
|-enditem|p1a: Iron Valiant|Booster Energy
|-activate|p1a: Iron Valiant|ability: Quark Drive|[fromitem]
|-start|p1a: Iron Valiant|quarkdrivespe
|
|-damage|p1a: Iron Valiant|82/100 psn|[from] psn
|upkeep
|turn|14
|
|t:|1769344038
|move|p1a: Iron Valiant|Moonblast|p2a: Spidops
|-damage|p2a: Spidops|31/100
|move|p2a: Spidops|Sticky Web|p1a: Iron Valiant
|-sidestart|p1: pikelino|move: Sticky Web
|
|-damage|p1a: Iron Valiant|69/100 psn|[from] psn
|upkeep
|turn|15
|
|t:|1769344049
|switch|p2a: Porygon-Z|Porygon-Z|100/100
|move|p1a: Iron Valiant|Moonblast|p2a: Porygon-Z
|-damage|p2a: Porygon-Z|38/100
|-unboost|p2a: Porygon-Z|spa|1
|
|-damage|p1a: Iron Valiant|57/100 psn|[from] psn
|upkeep
|turn|16
|
|t:|1769344076
|switch|p2a: Great Tusk|Great Tusk|100/100
|move|p1a: Iron Valiant|Moonblast|p2a: Great Tusk
|-supereffective|p2a: Great Tusk
|-damage|p2a: Great Tusk|0 fnt
|faint|p2a: Great Tusk
|-end|p2a: Great Tusk|Protosynthesis|[silent]
|
|-damage|p1a: Iron Valiant|44/100 psn|[from] psn
|upkeep
|
|t:|1769344082
|switch|p2a: Spidops|Spidops, M|31/100
|turn|17
|
|t:|1769344089
|move|p2a: Spidops|First Impression|p1a: Iron Valiant
|-resisted|p1a: Iron Valiant
|-damage|p1a: Iron Valiant|33/100 psn
|move|p1a: Iron Valiant|Moonblast|p2a: Spidops
|-damage|p2a: Spidops|0 fnt
|faint|p2a: Spidops
|
|-damage|p1a: Iron Valiant|20/100 psn|[from] psn
|upkeep
|
|t:|1769344094
|switch|p2a: Tsareena|Tsareena, F|77/100
|turn|18
|l|☆Rubicouss
|player|p2|
|inactive|Battle timer is ON: inactive players will automatically lose when time's up. (requested by pikelino)
|inactive|Rubicouss has 30 seconds to reconnect!
|inactive|Rubicouss has 20 seconds to reconnect!
|inactive|Rubicouss has 15 seconds to reconnect!
|j|☆Rubicouss
|inactive|Rubicouss reconnected and has 105 seconds left.
|player|p2|Rubicouss|gambler|
|
|t:|1769344188
|move|p1a: Iron Valiant|Moonblast|p2a: Tsareena
|-crit|p2a: Tsareena
|-damage|p2a: Tsareena|0 fnt
|faint|p2a: Tsareena
|
|-damage|p1a: Iron Valiant|8/100 psn|[from] psn
|upkeep
|
|t:|1769344192
|switch|p2a: Porygon-Z|Porygon-Z|38/100
|turn|19
|
|t:|1769344197
|move|p2a: Porygon-Z|Endure|p2a: Porygon-Z
|-singleturn|p2a: Porygon-Z|move: Endure
|move|p1a: Iron Valiant|Moonblast|p2a: Porygon-Z
|-activate|p2a: Porygon-Z|move: Endure
|-damage|p2a: Porygon-Z|1/100
|-enditem|p2a: Porygon-Z|Salac Berry|[eat]
|-boost|p2a: Porygon-Z|spe|1|[from] item: Salac Berry
|
|-damage|p1a: Iron Valiant|0 fnt|[from] psn
|faint|p1a: Iron Valiant
|-end|p1a: Iron Valiant|Quark Drive|[silent]
|upkeep
|
|t:|1769344205
|switch|p1a: Dragapult|Dragapult, F|100/100
|turn|20
|
|t:|1769344209
|move|p1a: Dragapult|Hex|p2a: Porygon-Z
|-immune|p2a: Porygon-Z
|move|p2a: Porygon-Z|Shadow Ball|p1a: Dragapult
|-supereffective|p1a: Dragapult
|-damage|p1a: Dragapult|11/100
|
|upkeep
|turn|21
|-message|Rubicouss forfeited.
|
|win|pikelino
|raw|pikelino's rating: 1299 &rarr; <strong>1319</strong><br />(+20 for winning)
|raw|Rubicouss's rating: 1233 &rarr; <strong>1213</strong><br />(-20 for losing)
|l|☆Rubicouss
|player|p2|
|l|☆pikelino
|player|p1|
