|j|☆8mop...
|j|☆Laviii
|t:|1769446241
|gametype|singles
|player|p1|8mop...|dancer|1082
|player|p2|Laviii|bellelba|1119
|gen|9
|tier|[Gen 9] OU
|rated|
|rule|HP Percentage Mod: HP is shown in percentages
|rule|Endless Battle Clause: Forcing endless battles is banned
|rule|Species Clause: Limit one of each Pokémon
|rule|OHKO Clause: OHKO moves are banned
|rule|Evasion Items Clause: Evasion items are banned
|rule|Evasion Moves Clause: Evasion moves are banned
|rule|Evasion Abilities Clause: Evasion abilities are banned
|rule|Sleep Moves Clause: Sleep-inducing moves are banned
|clearpoke
|poke|p1|Tsareena, F|
|poke|p1|Gastrodon-East, M|
|poke|p1|Bisharp, M|
|poke|p1|Noivern, M|
|poke|p1|Uxie|
|poke|p1|Talonflame, F|
|poke|p2|Iron Crown|
|poke|p2|Samurott-Hisui, M|
|poke|p2|Zapdos|
|poke|p2|Dragapult, M|
|poke|p2|Great Tusk|
|poke|p2|Iron Boulder|
|teampreview
|inactive|Battle timer is ON: inactive players will automatically lose when time's up. (requested by Laviii)
|
|t:|1769446268
|teamsize|p1|6
|teamsize|p2|6
|start
|switch|p1a: Gastrodon|Gastrodon-East, M|100/100
|switch|p2a: Pump It|Great Tusk|100/100
|turn|1
|
|t:|1769446277
|move|p2a: Pump It|Stealth Rock|p1a: Gastrodon
|-sidestart|p1: 8mop...|move: Stealth Rock
|move|p1a: Gastrodon|Chilling Water|p2a: Pump It
|-supereffective|p2a: Pump It
|-damage|p2a: Pump It|52/100
|-unboost|p2a: Pump It|atk|1
|
|upkeep
|turn|2
|
|t:|1769446288
|-end|p2a: Pump It|Protosynthesis|[silent]
|switch|p2a: Everytime We Touch|Samurott-Hisui, M|100/100
|move|p1a: Gastrodon|Spikes|p2a: Everytime We Touch
|-sidestart|p2: Laviii|Spikes
|
|upkeep
|turn|3
|
|t:|1769446296
|move|p2a: Everytime We Touch|Ceaseless Edge|p1a: Gastrodon
|-damage|p1a: Gastrodon|52/100
|-sidestart|p1: 8mop...|Spikes
|move|p1a: Gastrodon|Spikes|p2a: Everytime We Touch
|-sidestart|p2: Laviii|Spikes
|
|-heal|p1a: Gastrodon|58/100|[from] item: Leftovers
|upkeep
|turn|4
|
|t:|1769446305
|move|p2a: Everytime We Touch|Ceaseless Edge|p1a: Gastrodon
|-damage|p1a: Gastrodon|13/100
|-sidestart|p1: 8mop...|Spikes
|move|p1a: Gastrodon|Recover|p1a: Gastrodon
|-heal|p1a: Gastrodon|63/100
|
|-heal|p1a: Gastrodon|69/100|[from] item: Leftovers
|upkeep
|turn|5
|
|t:|1769446324
|move|p2a: Everytime We Touch|Ceaseless Edge|p1a: Gastrodon
|-damage|p1a: Gastrodon|21/100
|-sidestart|p1: 8mop...|Spikes
|move|p1a: Gastrodon|Recover|p1a: Gastrodon
|-heal|p1a: Gastrodon|71/100
|
|-heal|p1a: Gastrodon|77/100|[from] item: Leftovers
|upkeep
|turn|6
|inactive|8mop... has 120 seconds left.
|
|t:|1769446362
|switch|p2a: Pump It|Great Tusk|52/100
|switch|p1a: Tsareena|Tsareena, F, shiny|100/100
|-damage|p1a: Tsareena|88/100|[from] Stealth Rock
|-damage|p1a: Tsareena|63/100|[from] Spikes
|
|upkeep
|turn|7
|
|t:|1769446373
|switch|p1a: Uxie|Uxie, shiny|100/100
|-damage|p1a: Uxie|88/100|[from] Stealth Rock
|move|p2a: Pump It|Rapid Spin|p1a: Uxie
|-damage|p1a: Uxie|76/100
|-boost|p2a: Pump It|spe|1
|-sideend|p2: Laviii|Spikes|[from] move: Rapid Spin|[of] p2a: Pump It
|
|upkeep
|turn|8
|
|t:|1769446390
|-end|p2a: Pump It|Protosynthesis|[silent]
|switch|p2a: Everytime We Touch|Samurott-Hisui, M|100/100
|move|p1a: Uxie|Reflect|p1a: Uxie
|-sidestart|p1: 8mop...|Reflect
|
|upkeep
|turn|9
|
|t:|1769446409
|switch|p1a: Noivern|Noivern, M|100/100
|-damage|p1a: Noivern|76/100|[from] Stealth Rock
|-item|p2a: Everytime We Touch|Choice Scarf|[from] ability: Frisk|[of] p1a: Noivern
|move|p2a: Everytime We Touch|Razor Shell|p1a: Noivern
|-resisted|p1a: Noivern
|-damage|p1a: Noivern|64/100
|-unboost|p1a: Noivern|def|1
|
|upkeep
|turn|10
|inactive|8mop... has 90 seconds left.
|
|t:|1769446439
|switch|p2a: Pump It|Great Tusk|52/100
|move|p1a: Noivern|Defog|p2a: Pump It
|-unboost|p2a: Pump It|evasion|1
|-sideend|p1: 8mop...|Spikes|[from] move: Defog|[of] p1a: Noivern
|-sideend|p1: 8mop...|Stealth Rock|[from] move: Defog|[of] p1a: Noivern
|
|upkeep
|turn|11
|inactive|8mop... has 90 seconds left.
|
|t:|1769446450
|switch|p1a: Gastrodon|Gastrodon-East, M|77/100
|move|p2a: Pump It|Ice Spinner|p1a: Gastrodon
|-damage|p1a: Gastrodon|61/100
|
|-heal|p1a: Gastrodon|67/100|[from] item: Leftovers
|upkeep
|turn|12
|inactive|8mop... has 90 seconds left.
|
|t:|1769446457
|move|p2a: Pump It|Headlong Rush|p1a: Gastrodon
|-damage|p1a: Gastrodon|31/100
|-unboost|p2a: Pump It|def|1
|-unboost|p2a: Pump It|spd|1
|move|p1a: Gastrodon|Recover|p1a: Gastrodon
|-heal|p1a: Gastrodon|81/100
|
|-heal|p1a: Gastrodon|87/100|[from] item: Leftovers
|upkeep
|turn|13
|inactive|8mop... has 90 seconds left.
|
|t:|1769446473
|-end|p2a: Pump It|Protosynthesis|[silent]
|switch|p2a: Everytime We Touch|Samurott-Hisui, M|100/100
|move|p1a: Gastrodon|Chilling Water|p2a: Everytime We Touch
|-resisted|p2a: Everytime We Touch
|-damage|p2a: Everytime We Touch|88/100
|-unboost|p2a: Everytime We Touch|atk|1
|
|-heal|p1a: Gastrodon|93/100|[from] item: Leftovers
|upkeep
|turn|14
|inactive|8mop... has 90 seconds left.
|
|t:|1769446487
|switch|p1a: Tsareena|Tsareena, F, shiny|63/100
|move|p2a: Everytime We Touch|Ceaseless Edge|p1a: Tsareena
|-damage|p1a: Tsareena|48/100
|-sidestart|p1: 8mop...|Spikes
|
|upkeep
|turn|15
|inactive|8mop... has 90 seconds left.
|
|t:|1769446504
|move|p2a: Everytime We Touch|Ceaseless Edge|p1a: Tsareena|[miss]
|-miss|p2a: Everytime We Touch|p1a: Tsareena
|move|p1a: Tsareena|Petal Blizzard|p2a: Everytime We Touch
|-supereffective|p2a: Everytime We Touch
|-damage|p2a: Everytime We Touch|0 fnt
|faint|p2a: Everytime We Touch
|
|-sideend|p1: 8mop...|Reflect
|upkeep
|
|t:|1769446513
|switch|p2a: Hurikan|Zapdos|100/100
|turn|16
|inactive|8mop... has 90 seconds left.
|
|t:|1769446523
|switch|p1a: Gastrodon|Gastrodon-East, M|93/100
|-damage|p1a: Gastrodon|80/100|[from] Spikes
|move|p2a: Hurikan|Hurricane|p1a: Gastrodon|[miss]
|-miss|p2a: Hurikan|p1a: Gastrodon
|
|-heal|p1a: Gastrodon|86/100|[from] item: Leftovers
|upkeep
|turn|17
|inactive|8mop... has 90 seconds left.
|
|t:|1769446535
|move|p2a: Hurikan|Hurricane|p1a: Gastrodon
|-damage|p1a: Gastrodon|58/100
|move|p1a: Gastrodon|Spikes|p2a: Hurikan
|-sidestart|p2: Laviii|Spikes
|
|-heal|p1a: Gastrodon|64/100|[from] item: Leftovers
|upkeep
|turn|18
|inactive|8mop... has 90 seconds left.
|
|t:|1769446545
|switch|p2a: Parasite|Dragapult, M|100/100
|-damage|p2a: Parasite|88/100|[from] Spikes
|move|p1a: Gastrodon|Recover|p1a: Gastrodon
|-heal|p1a: Gastrodon|100/100
|
|upkeep
|turn|19
|inactive|8mop... has 90 seconds left.
|
|t:|1769446560
|move|p2a: Parasite|Dragon Darts|p1a: Gastrodon
|-damage|p1a: Gastrodon|57/100
|-anim|p2a: Parasite|Dragon Darts|p1a: Gastrodon
|-damage|p1a: Gastrodon|15/100
|move|p1a: Gastrodon|Spikes|p2a: Parasite
|-sidestart|p2: Laviii|Spikes
|
|-heal|p1a: Gastrodon|21/100|[from] item: Leftovers
|upkeep
|turn|20
|inactive|8mop... has 90 seconds left.
|
|t:|1769446582
|switch|p1a: Bisharp|Bisharp, M, shiny|100/100
|-damage|p1a: Bisharp|88/100|[from] Spikes
|move|p2a: Parasite|Dragon Darts|p1a: Bisharp
|-resisted|p1a: Bisharp
|-damage|p1a: Bisharp|75/100
|-anim|p2a: Parasite|Dragon Darts|p1a: Bisharp
|-resisted|p1a: Bisharp
|-damage|p1a: Bisharp|63/100
|
|upkeep
|turn|21
|
|t:|1769446598
|switch|p2a: Pump It|Great Tusk|52/100
|move|p1a: Bisharp|Aerial Ace|p2a: Pump It
|-supereffective|p2a: Pump It
|-damage|p2a: Pump It|23/100
|
|upkeep
|turn|22
|
|t:|1769446609
|-terastallize|p1a: Bisharp|Flying
|move|p1a: Bisharp|Sucker Punch|p2a: Pump It
|-resisted|p2a: Pump It
|-damage|p2a: Pump It|10/100
|move|p2a: Pump It|Rapid Spin|p1a: Bisharp
|-damage|p1a: Bisharp|51/100
|-boost|p2a: Pump It|spe|1
|-sideend|p2: Laviii|Spikes|[from] move: Rapid Spin|[of] p2a: Pump It
|
|upkeep
|turn|23
|
|t:|1769446623
|move|p1a: Bisharp|Sucker Punch||[still]
|-fail|p1a: Bisharp
|move|p2a: Pump It|Stealth Rock|p1a: Bisharp
|-sidestart|p1: 8mop...|move: Stealth Rock
|
|upkeep
|turn|24
|
|t:|1769446636
|move|p2a: Pump It|Ice Spinner|p1a: Bisharp
|-supereffective|p1a: Bisharp
|-damage|p1a: Bisharp|13/100
|move|p1a: Bisharp|Aerial Ace|p2a: Pump It
|-supereffective|p2a: Pump It
|-damage|p2a: Pump It|0 fnt
|faint|p2a: Pump It
|-end|p2a: Pump It|Protosynthesis|[silent]
|
|upkeep
|
|t:|1769446639
|switch|p2a: Parasite|Dragapult, M|88/100
|turn|25
|
|t:|1769446645
|switch|p2a: Hurikan|Zapdos|100/100
|move|p1a: Bisharp|Sucker Punch||[still]
|-fail|p1a: Bisharp
|
|upkeep
|turn|26
|inactive|8mop... has 90 seconds left.
|
|t:|1769446673
|move|p2a: Hurikan|U-turn|p1a: Bisharp
|-resisted|p1a: Bisharp
|-damage|p1a: Bisharp|9/100
|
|t:|1769446681
|switch|p2a: Mindreader|Iron Crown|100/100|[from] U-turn
|move|p1a: Bisharp|Iron Head|p2a: Mindreader
|-resisted|p2a: Mindreader
|-damage|p2a: Mindreader|80/100
|
|upkeep
|turn|27
|
|t:|1769446691
|move|p1a: Bisharp|Sucker Punch|p2a: Mindreader
|-supereffective|p2a: Mindreader
|-damage|p2a: Mindreader|0 fnt
|faint|p2a: Mindreader
|-end|p2a: Mindreader|Quark Drive|[silent]
|
|upkeep
|
|t:|1769446694
|switch|p2a: Hurikan|Zapdos|100/100
|turn|28
|inactive|8mop... has 90 seconds left.
|
|t:|1769446703
|move|p2a: Hurikan|Discharge|p1a: Bisharp
|-supereffective|p1a: Bisharp
|-damage|p1a: Bisharp|0 fnt
|faint|p1a: Bisharp
|
|upkeep
|
|t:|1769446705
|switch|p1a: Noivern|Noivern, M|64/100
|-damage|p1a: Noivern|39/100|[from] Stealth Rock
|-item|p2a: Hurikan|Heavy-Duty Boots|[from] ability: Frisk|[of] p1a: Noivern
|turn|29
|
|t:|1769446716
|move|p1a: Noivern|Defog|p2a: Hurikan
|-unboost|p2a: Hurikan|evasion|1
|-sideend|p1: 8mop...|Spikes|[from] move: Defog|[of] p1a: Noivern
|-sideend|p1: 8mop...|Stealth Rock|[from] move: Defog|[of] p1a: Noivern
|move|p2a: Hurikan|Discharge|p1a: Noivern
|-damage|p1a: Noivern|0 fnt
|faint|p1a: Noivern
|
|upkeep
|inactive|8mop... has 90 seconds left.
|
|t:|1769446727
|switch|p1a: Uxie|Uxie, shiny|76/100
|turn|30
|
|t:|1769446730
|move|p2a: Hurikan|Discharge|p1a: Uxie
|-damage|p1a: Uxie|52/100
|move|p1a: Uxie|Light Screen|p1a: Uxie
|-sidestart|p1: 8mop...|move: Light Screen
|
|upkeep
|turn|31
|
|t:|1769446743
|move|p2a: Hurikan|Discharge|p1a: Uxie
|-damage|p1a: Uxie|39/100
|move|p1a: Uxie|Stealth Rock|p2a: Hurikan
|-sidestart|p2: Laviii|move: Stealth Rock
|
|upkeep
|turn|32
|
|t:|1769446752
|move|p2a: Hurikan|U-turn|p1a: Uxie
|-supereffective|p1a: Uxie
|-damage|p1a: Uxie|23/100
|
|t:|1769446754
|switch|p2a: Revery|Iron Boulder|100/100|[from] U-turn
|-damage|p2a: Revery|88/100|[from] Stealth Rock
|-enditem|p2a: Revery|Booster Energy
|-activate|p2a: Revery|ability: Quark Drive|[fromitem]
|-start|p2a: Revery|quarkdrivespe
|move|p1a: Uxie|Encore||[still]
|-fail|p1a: Uxie
|
|upkeep
|turn|33
|inactive|8mop... has 120 seconds left.
|
|t:|1769446771
|move|p2a: Revery|Mighty Cleave|p1a: Uxie
|-damage|p1a: Uxie|0 fnt
|faint|p1a: Uxie
|
|upkeep
|
|t:|1769446793
|switch|p1a: Tsareena|Tsareena, F, shiny|48/100
|turn|34
|
|t:|1769446801
|move|p2a: Revery|Mighty Cleave|p1a: Tsareena
|-damage|p1a: Tsareena|0 fnt
|faint|p1a: Tsareena
|
|upkeep
|
|t:|1769446805
|switch|p1a: Gastrodon|Gastrodon-East, M|21/100
|turn|35
|
|t:|1769446814
|move|p2a: Revery|Close Combat|p1a: Gastrodon
|-damage|p1a: Gastrodon|0 fnt
|-unboost|p2a: Revery|def|1
|-unboost|p2a: Revery|spd|1
|faint|p1a: Gastrodon
|
|upkeep
|
|t:|1769446817
|switch|p1a: Talonflame|Talonflame, F|100/100
|turn|36
|inactive|8mop... has 120 seconds left.
|
|t:|1769446824
|move|p2a: Revery|Mighty Cleave|p1a: Talonflame
|-supereffective|p1a: Talonflame
|-damage|p1a: Talonflame|0 fnt
|faint|p1a: Talonflame
|
|win|Laviii
|raw|8mop...'s rating: 1082 &rarr; <strong>1062</strong><br />(-20 for losing)
|raw|Laviii's rating: 1119 &rarr; <strong>1141</strong><br />(+22 for winning)
