|j|☆Drez420
|j|☆ccinap
|t:|1769438322
|gametype|singles
|player|p1|Drez420|unknown|1270
|player|p2|ccinap|benga|1313
|gen|9
|tier|[Gen 9] OU
|rated|
|rule|HP Percentage Mod: HP is shown in percentages
|rule|Endless Battle Clause: Forcing endless battles is banned
|rule|Species Clause: Limit one of each Pokémon
|rule|OHKO Clause: OHKO moves are banned
|rule|Evasion Items Clause: Evasion items are banned
|rule|Evasion Moves Clause: Evasion moves are banned
|rule|Evasion Abilities Clause: Evasion abilities are banned
|rule|Sleep Moves Clause: Sleep-inducing moves are banned
|clearpoke
|poke|p1|Cinderace, M|
|poke|p1|Gliscor, M|
|poke|p1|Grimmsnarl, M|
|poke|p1|Goodra-Hisui, M|
|poke|p1|Vaporeon, M|
|poke|p1|Meowscarada, F|
|poke|p2|Iron Valiant|
|poke|p2|Gliscor, F|
|poke|p2|Great Tusk|
|poke|p2|Dragapult, M|
|poke|p2|Slowking-Galar, F|
|poke|p2|Skarmory, F|
|teampreview
|inactive|Battle timer is ON: inactive players will automatically lose when time's up. (requested by Drez420)
|
|t:|1769438347
|teamsize|p1|6
|teamsize|p2|6
|start
|switch|p1a: Grimmsnarl|Grimmsnarl, M|100/100
|switch|p2a: Gliscor|Gliscor, F|100/100
|turn|1
|
|t:|1769438356
|move|p2a: Gliscor|Protect|p2a: Gliscor
|-singleturn|p2a: Gliscor|Protect
|move|p1a: Grimmsnarl|Parting Shot|p2a: Gliscor
|-activate|p2a: Gliscor|move: Protect
|
|-status|p2a: Gliscor|tox|[from] item: Toxic Orb
|upkeep
|turn|2
|
|t:|1769438365
|move|p1a: Grimmsnarl|Parting Shot|p2a: Gliscor
|-unboost|p2a: Gliscor|atk|1
|-unboost|p2a: Gliscor|spa|1
|
|t:|1769438369
|switch|p1a: Goodra|Goodra-Hisui, M, shiny|100/100|[from] Parting Shot
|move|p2a: Gliscor|U-turn|p1a: Goodra
|-resisted|p1a: Goodra
|-damage|p1a: Goodra|96/100
|
|t:|1769438391
|switch|p2a: Great Tusk|Great Tusk|100/100|[from] U-turn
|
|upkeep
|turn|3
|
|t:|1769438417
|switch|p1a: Grimmsnarl|Grimmsnarl, M|100/100
|move|p2a: Great Tusk|Stealth Rock|p1a: Grimmsnarl
|-sidestart|p1: Drez420|move: Stealth Rock
|
|upkeep
|turn|4
|
|t:|1769438430
|-end|p2a: Great Tusk|Protosynthesis|[silent]
|switch|p2a: Gliscor|Gliscor, F|100/100 tox
|move|p1a: Grimmsnarl|Reflect|p1a: Grimmsnarl
|-sidestart|p1: Drez420|Reflect
|
|upkeep
|turn|5
|
|t:|1769438435
|move|p1a: Grimmsnarl|Parting Shot|p2a: Gliscor
|-unboost|p2a: Gliscor|atk|1
|-unboost|p2a: Gliscor|spa|1
|
|t:|1769438439
|switch|p1a: Goodra|Goodra-Hisui, M, shiny|96/100|[from] Parting Shot
|-damage|p1a: Goodra|90/100|[from] Stealth Rock
|move|p2a: Gliscor|Knock Off|p1a: Goodra
|-damage|p1a: Goodra|84/100
|-enditem|p1a: Goodra|Assault Vest|[from] move: Knock Off|[of] p2a: Gliscor
|
|upkeep
|turn|6
|
|t:|1769438452
|move|p2a: Gliscor|U-turn|p1a: Goodra
|-resisted|p1a: Goodra
|-damage|p1a: Goodra|82/100
|
|t:|1769438457
|switch|p2a: Skarmory|Skarmory, F|100/100|[from] U-turn
|move|p1a: Goodra|Ice Beam|p2a: Skarmory
|-damage|p2a: Skarmory|59/100
|
|upkeep
|turn|7
|
|t:|1769438467
|move|p2a: Skarmory|Spikes|p1a: Goodra
|-sidestart|p1: Drez420|Spikes
|move|p1a: Goodra|Flamethrower|p2a: Skarmory
|-supereffective|p2a: Skarmory
|-damage|p2a: Skarmory|0 fnt
|faint|p2a: Skarmory
|
|upkeep
|
|t:|1769438484
|switch|p2a: Iron Valiant|Iron Valiant|100/100
|turn|8
|
|t:|1769438493
|move|p2a: Iron Valiant|Vacuum Wave|p1a: Goodra
|-supereffective|p1a: Goodra
|-damage|p1a: Goodra|39/100
|move|p1a: Goodra|Flash Cannon|p2a: Iron Valiant
|-supereffective|p2a: Iron Valiant
|-damage|p2a: Iron Valiant|0 fnt
|faint|p2a: Iron Valiant
|-end|p2a: Iron Valiant|Quark Drive|[silent]
|
|upkeep
|
|t:|1769438506
|switch|p2a: Great Tusk|Great Tusk|100/100
|turn|9
|
|t:|1769438519
|switch|p1a: Gliscor|Gliscor, M|100/100
|-damage|p1a: Gliscor|88/100|[from] Stealth Rock
|move|p2a: Great Tusk|Headlong Rush|p1a: Gliscor
|-immune|p1a: Gliscor
|
|-status|p1a: Gliscor|tox|[from] item: Toxic Orb
|upkeep
|turn|10
|
|t:|1769438533
|move|p2a: Great Tusk|Ice Spinner|p1a: Gliscor
|-supereffective|p1a: Gliscor
|-damage|p1a: Gliscor|46/100 tox
|move|p1a: Gliscor|Toxic|p2a: Great Tusk
|-status|p2a: Great Tusk|tox
|
|-damage|p2a: Great Tusk|94/100 tox|[from] psn
|-heal|p1a: Gliscor|58/100 tox|[from] ability: Poison Heal
|upkeep
|turn|11
|
|t:|1769438544
|move|p1a: Gliscor|Protect|p1a: Gliscor
|-singleturn|p1a: Gliscor|Protect
|move|p2a: Great Tusk|Ice Spinner|p1a: Gliscor
|-activate|p1a: Gliscor|move: Protect
|
|-damage|p2a: Great Tusk|82/100 tox|[from] psn
|-heal|p1a: Gliscor|70/100 tox|[from] ability: Poison Heal
|-sideend|p1: Drez420|Reflect
|upkeep
|turn|12
|inactive|Drez420 has 120 seconds left.
|
|t:|1769438581
|switch|p1a: Cinderace|Cinderace, M|100/100
|move|p2a: Great Tusk|Ice Spinner|p1a: Cinderace
|-resisted|p1a: Cinderace
|-damage|p1a: Cinderace|85/100
|
|-damage|p2a: Great Tusk|63/100 tox|[from] psn
|upkeep
|turn|13
|inactive|Drez420 has 120 seconds left.
|
|t:|1769438592
|move|p1a: Cinderace|U-turn|p2a: Great Tusk
|-start|p1a: Cinderace|typechange|Bug|[from] ability: Libero
|-resisted|p2a: Great Tusk
|-damage|p2a: Great Tusk|53/100 tox
|
|t:|1769438605
|switch|p1a: Vaporeon|Vaporeon, M|100/100|[from] U-turn
|-damage|p1a: Vaporeon|88/100|[from] Stealth Rock
|-damage|p1a: Vaporeon|76/100|[from] Spikes
|move|p2a: Great Tusk|Headlong Rush|p1a: Vaporeon
|-damage|p1a: Vaporeon|14/100
|-unboost|p2a: Great Tusk|def|1
|-unboost|p2a: Great Tusk|spd|1
|
|-heal|p1a: Vaporeon|20/100|[from] item: Leftovers
|-damage|p2a: Great Tusk|28/100 tox|[from] psn
|upkeep
|turn|14
|
|t:|1769438621
|move|p2a: Great Tusk|Headlong Rush|p1a: Vaporeon
|-damage|p1a: Vaporeon|0 fnt
|-unboost|p2a: Great Tusk|def|1
|-unboost|p2a: Great Tusk|spd|1
|faint|p1a: Vaporeon
|
|-damage|p2a: Great Tusk|0 fnt|[from] psn
|faint|p2a: Great Tusk
|-end|p2a: Great Tusk|Protosynthesis|[silent]
|upkeep
|
|t:|1769438635
|switch|p2a: Slowking|Slowking-Galar, F|100/100
|switch|p1a: Cinderace|Cinderace, M|85/100
|turn|15
|
|t:|1769438642
|move|p1a: Cinderace|Court Change|p1a: Cinderace
|-start|p1a: Cinderace|typechange|Normal|[from] ability: Libero
|-swapsideconditions
|-activate|p1a: Cinderace|move: Court Change
|move|p2a: Slowking|Toxic|p1a: Cinderace
|-status|p1a: Cinderace|tox
|
|-damage|p1a: Cinderace|79/100 tox|[from] psn
|upkeep
|turn|16
|
|t:|1769438655
|move|p1a: Cinderace|U-turn|p2a: Slowking
|-damage|p2a: Slowking|78/100
|
|t:|1769438670
|switch|p1a: Gliscor|Gliscor, M|70/100 tox|[from] U-turn
|-prepare|p2a: Slowking|Chilly Reception|[premajor]
|move|p2a: Slowking|Chilly Reception|p2a: Slowking
|-weather|Snowscape
|
|t:|1769438676
|switch|p2a: Dragapult|Dragapult, M|100/100|[from] Chilly Reception
|
|-weather|Snowscape|[upkeep]
|-heal|p1a: Gliscor|82/100 tox|[from] ability: Poison Heal
|upkeep
|turn|17
|inactive|Drez420 has 120 seconds left.
|
|t:|1769438687
|-terastallize|p2a: Dragapult|Ghost
|move|p2a: Dragapult|Hex|p1a: Gliscor
|-damage|p1a: Gliscor|0 fnt
|faint|p1a: Gliscor
|
|-weather|Snowscape|[upkeep]
|upkeep
|
|t:|1769438695
|switch|p1a: Grimmsnarl|Grimmsnarl, M|100/100
|turn|18
|inactive|Drez420 has 120 seconds left.
|
|t:|1769438705
|move|p1a: Grimmsnarl|Reflect|p1a: Grimmsnarl
|-sidestart|p1: Drez420|Reflect
|move|p2a: Dragapult|U-turn|p1a: Grimmsnarl
|-damage|p1a: Grimmsnarl|80/100
|
|t:|1769438709
|switch|p2a: Slowking|Slowking-Galar, F|100/100|[from] U-turn
|
|-weather|Snowscape|[upkeep]
|upkeep
|turn|19
|
|t:|1769438722
|move|p1a: Grimmsnarl|Parting Shot|p2a: Slowking
|-unboost|p2a: Slowking|atk|1
|-unboost|p2a: Slowking|spa|1
|inactive|Drez420 has 120 seconds left.
|
|t:|1769438737
|switch|p1a: Goodra|Goodra-Hisui, M, shiny|39/100|[from] Parting Shot
|move|p2a: Slowking|Future Sight|p1a: Goodra
|-start|p2a: Slowking|move: Future Sight
|
|-weather|Snowscape|[upkeep]
|upkeep
|turn|20
|inactive|Drez420 has 120 seconds left.
|
|t:|1769438749
|switch|p2a: Gliscor|Gliscor, F|100/100 tox
|-damage|p2a: Gliscor|88/100 tox|[from] Stealth Rock
|move|p1a: Goodra|Thunderbolt|p2a: Gliscor
|-immune|p2a: Gliscor
|
|-weather|none
|-heal|p2a: Gliscor|100/100 tox|[from] ability: Poison Heal
|upkeep
|turn|21
|inactive|Drez420 has 120 seconds left.
|
|t:|1769438759
|move|p2a: Gliscor|Earthquake|p1a: Goodra
|-supereffective|p1a: Goodra
|-damage|p1a: Goodra|12/100
|move|p1a: Goodra|Ice Beam|p2a: Gliscor
|-supereffective|p2a: Gliscor
|-damage|p2a: Gliscor|8/100 tox
|
|-end|p1a: Goodra|move: Future Sight
|-resisted|p1a: Goodra
|-damage|p1a: Goodra|0 fnt
|faint|p1a: Goodra
|-heal|p2a: Gliscor|21/100 tox|[from] ability: Poison Heal
|upkeep
|inactive|Drez420 has 120 seconds left.
|
|t:|1769438774
|switch|p1a: Meowscarada|Meowscarada, F|100/100
|turn|22
|inactive|Drez420 has 120 seconds left.
|
|t:|1769438783
|move|p2a: Gliscor|Protect|p2a: Gliscor
|-singleturn|p2a: Gliscor|Protect
|move|p1a: Meowscarada|Triple Axel|p2a: Gliscor
|-start|p1a: Meowscarada|typechange|Ice|[from] ability: Protean
|-activate|p2a: Gliscor|move: Protect
|
|-heal|p2a: Gliscor|33/100 tox|[from] ability: Poison Heal
|upkeep
|turn|23
|inactive|Drez420 has 120 seconds left.
|
|t:|1769438798
|switch|p2a: Slowking|Slowking-Galar, F|100/100
|move|p1a: Meowscarada|Knock Off|p2a: Slowking
|-supereffective|p2a: Slowking
|-damage|p2a: Slowking|38/100
|-enditem|p2a: Slowking|Heavy-Duty Boots|[from] move: Knock Off|[of] p1a: Meowscarada
|
|upkeep
|turn|24
|
|t:|1769438808
|move|p1a: Meowscarada|Knock Off|p2a: Slowking
|-supereffective|p2a: Slowking
|-damage|p2a: Slowking|0 fnt
|faint|p2a: Slowking
|
|upkeep
|
|t:|1769438812
|switch|p2a: Dragapult|Dragapult, M, tera:Ghost|100/100
|turn|25
|
|t:|1769438817
|move|p2a: Dragapult|Will-O-Wisp|p1a: Meowscarada
|-status|p1a: Meowscarada|brn
|move|p1a: Meowscarada|Triple Axel|p2a: Dragapult|[miss]
|-miss|p1a: Meowscarada|p2a: Dragapult
|
|-damage|p1a: Meowscarada|94/100 brn|[from] brn
|-sideend|p1: Drez420|Reflect
|upkeep
|turn|26
|
|t:|1769438834
|switch|p1a: Grimmsnarl|Grimmsnarl, M|80/100
|move|p2a: Dragapult|Hex|p1a: Grimmsnarl
|-resisted|p1a: Grimmsnarl
|-damage|p1a: Grimmsnarl|60/100
|
|upkeep
|turn|27
|
|t:|1769438841
|move|p2a: Dragapult|Will-O-Wisp|p1a: Grimmsnarl
|-status|p1a: Grimmsnarl|brn
|move|p1a: Grimmsnarl|Spirit Break|p2a: Dragapult
|-damage|p2a: Dragapult|74/100
|-unboost|p2a: Dragapult|spa|1
|
|-damage|p1a: Grimmsnarl|54/100 brn|[from] brn
|upkeep
|turn|28
|
|t:|1769438852
|move|p1a: Grimmsnarl|Light Screen|p1a: Grimmsnarl
|-sidestart|p1: Drez420|move: Light Screen
|move|p2a: Dragapult|U-turn|p1a: Grimmsnarl
|-damage|p1a: Grimmsnarl|32/100 brn
|
|t:|1769438856
|switch|p2a: Gliscor|Gliscor, F|33/100 tox|[from] U-turn
|-damage|p2a: Gliscor|21/100 tox|[from] Stealth Rock
|
|-heal|p2a: Gliscor|33/100 tox|[from] ability: Poison Heal
|-damage|p1a: Grimmsnarl|26/100 brn|[from] brn
|upkeep
|turn|29
|
|t:|1769438864
|move|p1a: Grimmsnarl|Reflect|p1a: Grimmsnarl
|-sidestart|p1: Drez420|Reflect
|move|p2a: Gliscor|Earthquake|p1a: Grimmsnarl
|-damage|p1a: Grimmsnarl|7/100 brn
|
|-heal|p2a: Gliscor|46/100 tox|[from] ability: Poison Heal
|-damage|p1a: Grimmsnarl|1/100 brn|[from] brn
|upkeep
|turn|30
|
|t:|1769438882
|move|p2a: Gliscor|Protect|p2a: Gliscor
|-singleturn|p2a: Gliscor|Protect
|move|p1a: Grimmsnarl|Parting Shot|p2a: Gliscor
|-activate|p2a: Gliscor|move: Protect
|
|-heal|p2a: Gliscor|58/100 tox|[from] ability: Poison Heal
|-damage|p1a: Grimmsnarl|0 fnt|[from] brn
|faint|p1a: Grimmsnarl
|upkeep
|
|t:|1769438896
|switch|p1a: Meowscarada|Meowscarada, F|94/100 brn
|turn|31
|
|t:|1769438900
|move|p1a: Meowscarada|Triple Axel|p2a: Gliscor
|-start|p1a: Meowscarada|typechange|Ice|[from] ability: Protean
|-supereffective|p2a: Gliscor
|-damage|p2a: Gliscor|43/100 tox
|-hitcount|p2a: Gliscor|1
|move|p2a: Gliscor|Earthquake|p1a: Meowscarada
|-damage|p1a: Meowscarada|73/100 brn
|
|-heal|p2a: Gliscor|55/100 tox|[from] ability: Poison Heal
|-damage|p1a: Meowscarada|67/100 brn|[from] brn
|upkeep
|turn|32
|
|t:|1769438916
|move|p2a: Gliscor|Protect|p2a: Gliscor
|-singleturn|p2a: Gliscor|Protect
|move|p1a: Meowscarada|Triple Axel|p2a: Gliscor
|-activate|p2a: Gliscor|move: Protect
|
|-heal|p2a: Gliscor|68/100 tox|[from] ability: Poison Heal
|-damage|p1a: Meowscarada|61/100 brn|[from] brn
|upkeep
|turn|33
|
|t:|1769438926
|move|p1a: Meowscarada|Triple Axel|p2a: Gliscor
|-supereffective|p2a: Gliscor
|-damage|p2a: Gliscor|53/100 tox
|-supereffective|p2a: Gliscor
|-damage|p2a: Gliscor|24/100 tox
|-supereffective|p2a: Gliscor
|-damage|p2a: Gliscor|0 fnt
|faint|p2a: Gliscor
|-hitcount|p2: Gliscor|3
|
|-damage|p1a: Meowscarada|54/100 brn|[from] brn
|upkeep
|
|t:|1769438932
|switch|p2a: Dragapult|Dragapult, M, tera:Ghost|74/100
|turn|34
|
|t:|1769438940
|move|p2a: Dragapult|Hex|p1a: Meowscarada
|-damage|p1a: Meowscarada|0 fnt
|faint|p1a: Meowscarada
|
|upkeep
|
|t:|1769438945
|switch|p1a: Cinderace|Cinderace, M|79/100 tox
|turn|35
|
|t:|1769438951
|move|p2a: Dragapult|Hex|p1a: Cinderace
|-damage|p1a: Cinderace|0 fnt
|faint|p1a: Cinderace
|
|win|ccinap
|raw|Drez420's rating: 1270 &rarr; <strong>1248</strong><br />(-22 for losing)
|raw|ccinap's rating: 1313 &rarr; <strong>1331</strong><br />(+18 for winning)
|l|☆Drez420
|player|p1|
|l|☆ccinap
|player|p2|
