|j|☆M4teo010101
|j|☆WickedVictory
|t:|1769426239
|gametype|singles
|player|p1|M4teo010101|naveen|1159
|player|p2|WickedVictory|giovanni|1147
|gen|9
|tier|[Gen 9] OU
|rated|
|rule|HP Percentage Mod: HP is shown in percentages
|rule|Endless Battle Clause: Forcing endless battles is banned
|rule|Species Clause: Limit one of each Pokémon
|rule|OHKO Clause: OHKO moves are banned
|rule|Evasion Items Clause: Evasion items are banned
|rule|Evasion Moves Clause: Evasion moves are banned
|rule|Evasion Abilities Clause: Evasion abilities are banned
|rule|Sleep Moves Clause: Sleep-inducing moves are banned
|clearpoke
|poke|p1|Ting-Lu|
|poke|p1|Zamazenta-*|
|poke|p1|Ogerpon-Wellspring, F|
|poke|p1|Dragonite, F|
|poke|p1|Gholdengo|
|poke|p1|Iron Treads|
|poke|p2|Garganacl, F|
|poke|p2|Sudowoodo, L1, F|
|poke|p2|Sylveon, M|
|poke|p2|Cinderace, F|
|poke|p2|Raging Bolt|
|poke|p2|Mandibuzz, F|
|teampreview
|inactive|Battle timer is ON: inactive players will automatically lose when time's up. (requested by M4teo010101)
|
|t:|1769426243
|teamsize|p1|6
|teamsize|p2|6
|start
|switch|p1a: Iron Treads|Iron Treads|100/100
|switch|p2a: Sudowoodo|Sudowoodo, L1, F|100/100
|-item|p1a: Iron Treads|Air Balloon
|turn|1
|
|t:|1769426249
|move|p1a: Iron Treads|Earthquake|p2a: Sudowoodo
|-supereffective|p2a: Sudowoodo
|-ability|p2a: Sudowoodo|Sturdy
|-damage|p2a: Sudowoodo|9/100
|move|p2a: Sudowoodo|Endeavor|p1a: Iron Treads
|-damage|p1a: Iron Treads|1/100
|-enditem|p1a: Iron Treads|Air Balloon
|-heal|p2a: Sudowoodo|100/100|[from] item: Shell Bell|[of] p1a: Iron Treads
|
|upkeep
|turn|2
|
|t:|1769426258
|move|p2a: Sudowoodo|Sucker Punch|p1a: Iron Treads
|-damage|p1a: Iron Treads|0 fnt
|faint|p1a: Iron Treads
|-end|p1a: Iron Treads|Quark Drive|[silent]
|
|upkeep
|
|t:|1769426260
|switch|p1a: Gholdengo|Gholdengo|100/100
|turn|3
|
|t:|1769426267
|switch|p2a: Mandibuzz|Mandibuzz, F|100/100
|move|p1a: Gholdengo|Make It Rain|p2a: Mandibuzz
|-damage|p2a: Mandibuzz|57/100
|-unboost|p1a: Gholdengo|spa|1
|
|-heal|p2a: Mandibuzz|63/100|[from] item: Leftovers
|upkeep
|turn|4
|
|t:|1769426278
|switch|p1a: Ting-Lu|Ting-Lu|100/100
|-ability|p1a: Ting-Lu|Vessel of Ruin
|move|p2a: Mandibuzz|Roost|p2a: Mandibuzz
|-heal|p2a: Mandibuzz|100/100
|-singleturn|p2a: Mandibuzz|move: Roost
|
|upkeep
|turn|5
|
|t:|1769426294
|move|p2a: Mandibuzz|U-turn|p1a: Ting-Lu
|-supereffective|p1a: Ting-Lu
|-damage|p1a: Ting-Lu|90/100
|-enditem|p1a: Ting-Lu|Red Card|[of] p2a: Mandibuzz
|drag|p2a: Sylveon|Sylveon, M|100/100
|move|p1a: Ting-Lu|Ruination|p2a: Sylveon
|-damage|p2a: Sylveon|50/100
|
|-heal|p2a: Sylveon|57/100|[from] item: Leftovers
|upkeep
|turn|6
|
|t:|1769426308
|switch|p1a: Gholdengo|Gholdengo|100/100
|move|p2a: Sylveon|Hyper Beam|p1a: Gholdengo
|-resisted|p1a: Gholdengo
|-damage|p1a: Gholdengo|59/100
|-mustrecharge|p2a: Sylveon
|
|-heal|p2a: Sylveon|63/100|[from] item: Leftovers
|upkeep
|turn|7
|
|t:|1769426315
|move|p1a: Gholdengo|Make It Rain|p2a: Sylveon
|-supereffective|p2a: Sylveon
|-damage|p2a: Sylveon|0 fnt
|-unboost|p1a: Gholdengo|spa|1
|faint|p2a: Sylveon
|
|upkeep
|
|t:|1769426321
|switch|p2a: Cinderace|Cinderace, F|100/100
|turn|8
|
|t:|1769426323
|switch|p1a: Zamazenta|Zamazenta|100/100
|-ability|p1a: Zamazenta|Dauntless Shield|boost
|-boost|p1a: Zamazenta|def|1
|move|p2a: Cinderace|Sucker Punch||[still]
|-fail|p2a: Cinderace
|
|upkeep
|turn|9
|
|t:|1769426347
|switch|p2a: Mandibuzz|Mandibuzz, F|100/100
|move|p1a: Zamazenta|Body Press|p2a: Mandibuzz
|-damage|p2a: Mandibuzz|63/100
|
|-heal|p2a: Mandibuzz|69/100|[from] item: Leftovers
|upkeep
|turn|10
|
|t:|1769426355
|move|p1a: Zamazenta|Iron Defense|p1a: Zamazenta
|-boost|p1a: Zamazenta|def|2
|move|p2a: Mandibuzz|Foul Play|p1a: Zamazenta
|-resisted|p1a: Zamazenta
|-damage|p1a: Zamazenta|95/100
|
|-heal|p1a: Zamazenta|100/100|[from] item: Leftovers
|-heal|p2a: Mandibuzz|75/100|[from] item: Leftovers
|upkeep
|turn|11
|
|t:|1769426362
|move|p1a: Zamazenta|Body Press|p2a: Mandibuzz
|-damage|p2a: Mandibuzz|13/100
|move|p2a: Mandibuzz|U-turn|p1a: Zamazenta
|-resisted|p1a: Zamazenta
|-damage|p1a: Zamazenta|99/100
|
|t:|1769426368
|switch|p2a: Sudowoodo|Sudowoodo, L1, F|100/100|[from] U-turn
|
|-heal|p1a: Zamazenta|100/100|[from] item: Leftovers
|upkeep
|turn|12
|
|t:|1769426372
|move|p1a: Zamazenta|Body Press|p2a: Sudowoodo
|-supereffective|p2a: Sudowoodo
|-ability|p2a: Sudowoodo|Sturdy
|-damage|p2a: Sudowoodo|9/100
|move|p2a: Sudowoodo|Spikes|p1a: Zamazenta
|-sidestart|p1: M4teo010101|Spikes
|
|upkeep
|turn|13
|
|t:|1769426380
|move|p1a: Zamazenta|Body Press|p2a: Sudowoodo
|-supereffective|p2a: Sudowoodo
|-damage|p2a: Sudowoodo|0 fnt
|faint|p2a: Sudowoodo
|
|upkeep
|
|t:|1769426398
|switch|p2a: Raging Bolt|Raging Bolt|100/100
|turn|14
|
|t:|1769426400
|move|p1a: Zamazenta|Body Press|p2a: Raging Bolt
|-damage|p2a: Raging Bolt|43/100
|move|p2a: Raging Bolt|Dragon Tail|p1a: Zamazenta
|-damage|p1a: Zamazenta|96/100
|drag|p1a: Ogerpon|Ogerpon-Wellspring, F|100/100
|-damage|p1a: Ogerpon|88/100|[from] Spikes
|
|upkeep
|turn|15
|
|t:|1769426408
|move|p1a: Ogerpon|Play Rough|p2a: Raging Bolt
|-supereffective|p2a: Raging Bolt
|-damage|p2a: Raging Bolt|5/100
|-unboost|p2a: Raging Bolt|atk|1
|move|p2a: Raging Bolt|Volt Switch|p1a: Ogerpon
|-damage|p1a: Ogerpon|50/100
|
|t:|1769426416
|-end|p2a: Raging Bolt|Protosynthesis|[silent]
|switch|p2a: Garganacl|Garganacl, F|100/100|[from] Volt Switch
|
|upkeep
|turn|16
|
|t:|1769426420
|-terastallize|p2a: Garganacl|Ghost
|move|p1a: Ogerpon|Ivy Cudgel|p2a: Garganacl|[anim] Ivy Cudgel Water
|-crit|p2a: Garganacl
|-damage|p2a: Garganacl|45/100
|move|p2a: Garganacl|Salt Cure|p1a: Ogerpon
|-damage|p1a: Ogerpon|31/100
|-start|p1a: Ogerpon|Salt Cure
|
|-heal|p2a: Garganacl|51/100|[from] item: Leftovers
|-damage|p1a: Ogerpon|6/100|[from] Salt Cure
|upkeep
|turn|17
|
|t:|1769426430
|move|p2a: Garganacl|Protect|p2a: Garganacl
|-singleturn|p2a: Garganacl|Protect
|move|p1a: Ogerpon|Synthesis|p1a: Ogerpon
|-heal|p1a: Ogerpon|56/100
|
|-heal|p2a: Garganacl|58/100|[from] item: Leftovers
|-damage|p1a: Ogerpon|31/100|[from] Salt Cure
|upkeep
|turn|18
|
|t:|1769426437
|move|p1a: Ogerpon|Synthesis|p1a: Ogerpon
|-heal|p1a: Ogerpon|81/100
|move|p2a: Garganacl|Recover|p2a: Garganacl
|-heal|p2a: Garganacl|100/100
|
|-damage|p1a: Ogerpon|56/100|[from] Salt Cure
|upkeep
|turn|19
|
|t:|1769426444
|move|p1a: Ogerpon|Synthesis|p1a: Ogerpon
|-heal|p1a: Ogerpon|100/100
|move|p2a: Garganacl|Stealth Rock|p1a: Ogerpon
|-sidestart|p1: M4teo010101|move: Stealth Rock
|
|-damage|p1a: Ogerpon|76/100|[from] Salt Cure
|upkeep
|turn|20
|
|t:|1769426450
|switch|p1a: Zamazenta|Zamazenta|96/100
|-damage|p1a: Zamazenta|83/100|[from] Spikes
|-damage|p1a: Zamazenta|77/100|[from] Stealth Rock
|move|p2a: Garganacl|Salt Cure|p1a: Zamazenta
|-resisted|p1a: Zamazenta
|-damage|p1a: Zamazenta|72/100
|-start|p1a: Zamazenta|Salt Cure
|
|-heal|p1a: Zamazenta|78/100|[from] item: Leftovers
|-damage|p1a: Zamazenta|65/100|[from] Salt Cure
|upkeep
|turn|21
|
|t:|1769426460
|move|p2a: Garganacl|Protect|p2a: Garganacl
|-singleturn|p2a: Garganacl|Protect
|move|p1a: Zamazenta|Iron Defense|p1a: Zamazenta
|-boost|p1a: Zamazenta|def|2
|
|-heal|p1a: Zamazenta|71/100|[from] item: Leftovers
|-damage|p1a: Zamazenta|59/100|[from] Salt Cure
|upkeep
|turn|22
|
|t:|1769426468
|move|p2a: Garganacl|Recover||[still]
|-fail|p2a: Garganacl|heal
|move|p1a: Zamazenta|Roar|p2a: Garganacl
|drag|p2a: Cinderace|Cinderace, F|100/100
|
|-heal|p1a: Zamazenta|65/100|[from] item: Leftovers
|-damage|p1a: Zamazenta|52/100|[from] Salt Cure
|upkeep
|turn|23
|
|t:|1769426480
|move|p1a: Zamazenta|Body Press|p2a: Cinderace
|-crit|p2a: Cinderace
|-damage|p2a: Cinderace|0 fnt
|faint|p2a: Cinderace
|
|-heal|p1a: Zamazenta|59/100|[from] item: Leftovers
|-damage|p1a: Zamazenta|46/100|[from] Salt Cure
|upkeep
|
|t:|1769426486
|switch|p2a: Garganacl|Garganacl, F, tera:Ghost|100/100
|turn|24
|
|t:|1769426491
|move|p2a: Garganacl|Protect|p2a: Garganacl
|-singleturn|p2a: Garganacl|Protect
|move|p1a: Zamazenta|Iron Defense|p1a: Zamazenta
|-boost|p1a: Zamazenta|def|2
|
|-heal|p1a: Zamazenta|52/100|[from] item: Leftovers
|-damage|p1a: Zamazenta|40/100|[from] Salt Cure
|upkeep
|turn|25
|
|t:|1769426498
|move|p2a: Garganacl|Salt Cure|p1a: Zamazenta
|-resisted|p1a: Zamazenta
|-damage|p1a: Zamazenta|38/100
|move|p1a: Zamazenta|Roar|p2a: Garganacl
|drag|p2a: Mandibuzz|Mandibuzz, F|13/100
|
|-heal|p1a: Zamazenta|44/100|[from] item: Leftovers
|-heal|p2a: Mandibuzz|20/100|[from] item: Leftovers
|-damage|p1a: Zamazenta|31/100|[from] Salt Cure
|upkeep
|turn|26
|
|t:|1769426507
|switch|p2a: Garganacl|Garganacl, F, tera:Ghost|100/100
|move|p1a: Zamazenta|Body Press|p2a: Garganacl
|-immune|p2a: Garganacl
|
|-heal|p1a: Zamazenta|37/100|[from] item: Leftovers
|-damage|p1a: Zamazenta|25/100|[from] Salt Cure
|upkeep
|turn|27
|
|t:|1769426516
|move|p2a: Garganacl|Salt Cure|p1a: Zamazenta
|-resisted|p1a: Zamazenta
|-damage|p1a: Zamazenta|23/100
|move|p1a: Zamazenta|Roar|p2a: Garganacl
|drag|p2a: Raging Bolt|Raging Bolt|5/100
|
|-heal|p1a: Zamazenta|29/100|[from] item: Leftovers
|-damage|p1a: Zamazenta|17/100|[from] Salt Cure
|upkeep
|turn|28
|
|t:|1769426525
|-end|p2a: Raging Bolt|Protosynthesis|[silent]
|switch|p2a: Garganacl|Garganacl, F, tera:Ghost|100/100
|move|p1a: Zamazenta|Crunch|p2a: Garganacl
|-supereffective|p2a: Garganacl
|-damage|p2a: Garganacl|74/100
|
|-heal|p1a: Zamazenta|23/100|[from] item: Leftovers
|-heal|p2a: Garganacl|80/100|[from] item: Leftovers
|-damage|p1a: Zamazenta|10/100|[from] Salt Cure
|upkeep
|turn|29
|
|t:|1769426533
|move|p2a: Garganacl|Protect|p2a: Garganacl
|-singleturn|p2a: Garganacl|Protect
|move|p1a: Zamazenta|Crunch|p2a: Garganacl
|-activate|p2a: Garganacl|move: Protect
|
|-heal|p1a: Zamazenta|16/100|[from] item: Leftovers
|-heal|p2a: Garganacl|87/100|[from] item: Leftovers
|-damage|p1a: Zamazenta|4/100|[from] Salt Cure
|upkeep
|turn|30
|
|t:|1769426540
|move|p1a: Zamazenta|Crunch|p2a: Garganacl
|-supereffective|p2a: Garganacl
|-damage|p2a: Garganacl|59/100
|move|p2a: Garganacl|Recover|p2a: Garganacl
|-heal|p2a: Garganacl|100/100
|
|-heal|p1a: Zamazenta|10/100|[from] item: Leftovers
|-damage|p1a: Zamazenta|0 fnt|[from] Salt Cure
|faint|p1a: Zamazenta
|upkeep
|
|t:|1769426541
|switch|p1a: Ting-Lu|Ting-Lu|90/100
|-damage|p1a: Ting-Lu|77/100|[from] Spikes
|-damage|p1a: Ting-Lu|71/100|[from] Stealth Rock
|-ability|p1a: Ting-Lu|Vessel of Ruin
|turn|31
|
|t:|1769426554
|move|p2a: Garganacl|Salt Cure|p1a: Ting-Lu
|-resisted|p1a: Ting-Lu
|-damage|p1a: Ting-Lu|68/100
|-start|p1a: Ting-Lu|Salt Cure
|move|p1a: Ting-Lu|Stealth Rock|p2a: Garganacl
|-sidestart|p2: WickedVictory|move: Stealth Rock
|
|-damage|p1a: Ting-Lu|56/100|[from] Salt Cure
|upkeep
|turn|32
|
|t:|1769426563
|switch|p1a: Dragonite|Dragonite, F|100/100
|move|p2a: Garganacl|Protect||[still]
|-fail|p2a: Garganacl
|
|upkeep
|turn|33
|
|t:|1769426568
|move|p1a: Dragonite|Dragon Dance|p1a: Dragonite
|-boost|p1a: Dragonite|atk|1
|-boost|p1a: Dragonite|spe|1
|move|p2a: Garganacl|Salt Cure|p1a: Dragonite
|-supereffective|p1a: Dragonite
|-damage|p1a: Dragonite|90/100
|-start|p1a: Dragonite|Salt Cure
|
|-damage|p1a: Dragonite|78/100|[from] Salt Cure
|upkeep
|turn|34
|
|t:|1769426575
|move|p1a: Dragonite|Dragon Dance|p1a: Dragonite
|-boost|p1a: Dragonite|atk|1
|-boost|p1a: Dragonite|spe|1
|move|p2a: Garganacl|Recover||[still]
|-fail|p2a: Garganacl|heal
|
|-damage|p1a: Dragonite|65/100|[from] Salt Cure
|upkeep
|turn|35
|
|t:|1769426582
|move|p2a: Garganacl|Protect|p2a: Garganacl
|-singleturn|p2a: Garganacl|Protect
|move|p1a: Dragonite|Roost|p1a: Dragonite
|-heal|p1a: Dragonite|100/100
|-singleturn|p1a: Dragonite|move: Roost
|
|-damage|p1a: Dragonite|88/100|[from] Salt Cure
|upkeep
|turn|36
|
|t:|1769426589
|move|p1a: Dragonite|Dragon Dance|p1a: Dragonite
|-boost|p1a: Dragonite|atk|1
|-boost|p1a: Dragonite|spe|1
|move|p2a: Garganacl|Stealth Rock||[still]
|-fail|p2a: Garganacl
|
|-damage|p1a: Dragonite|76/100|[from] Salt Cure
|upkeep
|turn|37
|
|t:|1769426596
|move|p1a: Dragonite|Dragon Dance|p1a: Dragonite
|-boost|p1a: Dragonite|atk|1
|-boost|p1a: Dragonite|spe|1
|move|p2a: Garganacl|Salt Cure|p1a: Dragonite
|-supereffective|p1a: Dragonite
|-damage|p1a: Dragonite|55/100
|
|-damage|p1a: Dragonite|42/100|[from] Salt Cure
|upkeep
|turn|38
|
|t:|1769426603
|move|p1a: Dragonite|Roost|p1a: Dragonite
|-heal|p1a: Dragonite|92/100
|-singleturn|p1a: Dragonite|move: Roost
|move|p2a: Garganacl|Salt Cure|p1a: Dragonite
|-damage|p1a: Dragonite|82/100
|
|-damage|p1a: Dragonite|69/100|[from] Salt Cure
|upkeep
|turn|39
|
|t:|1769426613
|move|p1a: Dragonite|Roost|p1a: Dragonite
|-heal|p1a: Dragonite|100/100
|-singleturn|p1a: Dragonite|move: Roost
|move|p2a: Garganacl|Salt Cure|p1a: Dragonite
|-damage|p1a: Dragonite|95/100
|
|-damage|p1a: Dragonite|83/100|[from] Salt Cure
|upkeep
|turn|40
|l|☆M4teo010101
|inactive|M4teo010101 disconnected and has a minute to reconnect!
|player|p1|
|inactive|M4teo010101 has 30 seconds to reconnect!
|inactive|M4teo010101 has 20 seconds to reconnect!
|inactive|M4teo010101 has 15 seconds to reconnect!
|inactive|M4teo010101 has 10 seconds to reconnect!
|inactive|M4teo010101 has 5 seconds to reconnect!
|-message|M4teo010101 lost due to inactivity.
|
|win|WickedVictory
|raw|M4teo010101's rating: 1159 &rarr; <strong>1133</strong><br />(-26 for losing)
|raw|WickedVictory's rating: 1147 &rarr; <strong>1173</strong><br />(+26 for winning)
|l|☆WickedVictory
|player|p2|
