|j|☆MrOrby
|j|☆ApollosNuh
|t:|1769323755
|gametype|singles
|player|p1|MrOrby|169|1158
|player|p2|ApollosNuh|n|1209
|gen|9
|tier|[Gen 9] OU
|rated|
|rule|HP Percentage Mod: HP is shown in percentages
|rule|Endless Battle Clause: Forcing endless battles is banned
|rule|Species Clause: Limit one of each Pokémon
|rule|OHKO Clause: OHKO moves are banned
|rule|Evasion Items Clause: Evasion items are banned
|rule|Evasion Moves Clause: Evasion moves are banned
|rule|Evasion Abilities Clause: Evasion abilities are banned
|rule|Sleep Moves Clause: Sleep-inducing moves are banned
|clearpoke
|poke|p1|Latios, M|
|poke|p1|Ceruledge, F|
|poke|p1|Garchomp, F|
|poke|p1|Kingambit, M|
|poke|p1|Grimmsnarl, M|
|poke|p1|Iron Treads|
|poke|p2|Ribombee, M|
|poke|p2|Ceruledge, M|
|poke|p2|Great Tusk|
|poke|p2|Hydreigon, F|
|poke|p2|Samurott-Hisui, M|
|poke|p2|Ogerpon-Wellspring, F|
|teampreview
|inactive|Battle timer is ON: inactive players will automatically lose when time's up. (requested by ApollosNuh)
|
|t:|1769323766
|teamsize|p1|6
|teamsize|p2|6
|start
|switch|p1a: hello|Grimmsnarl, M|100/100
|switch|p2a: Aphrodite|Ribombee, M, shiny|100/100
|turn|1
|
|t:|1769323772
|move|p1a: hello|Taunt|p2a: Aphrodite
|-start|p2a: Aphrodite|move: Taunt
|move|p2a: Aphrodite|Moonblast|p1a: hello
|-supereffective|p1a: hello
|-damage|p1a: hello|9/100
|-unboost|p1a: hello|spa|1
|
|upkeep
|turn|2
|c|☆ApollosNuh|Yikes
|
|t:|1769323794
|move|p1a: hello|Reflect|p1a: hello
|-sidestart|p1: MrOrby|Reflect
|move|p2a: Aphrodite|Moonblast|p1a: hello
|-supereffective|p1a: hello
|-damage|p1a: hello|0 fnt
|faint|p1a: hello
|
|upkeep
|
|t:|1769323800
|switch|p1a: Iron Treads|Iron Treads|100/100
|-enditem|p1a: Iron Treads|Booster Energy
|-activate|p1a: Iron Treads|ability: Quark Drive|[fromitem]
|-start|p1a: Iron Treads|quarkdrivespe
|turn|3
|
|t:|1769323809
|-terastallize|p2a: Aphrodite|Ground
|move|p1a: Iron Treads|Stealth Rock|p2a: Aphrodite
|-sidestart|p2: ApollosNuh|move: Stealth Rock
|move|p2a: Aphrodite|Tera Blast|p1a: Iron Treads|[anim] Tera Blast Ground
|-supereffective|p1a: Iron Treads
|-damage|p1a: Iron Treads|33/100
|
|-end|p2a: Aphrodite|move: Taunt
|upkeep
|turn|4
|
|t:|1769323827
|move|p1a: Iron Treads|Rapid Spin|p2a: Aphrodite
|-damage|p2a: Aphrodite|73/100
|-boost|p1a: Iron Treads|spe|1
|move|p2a: Aphrodite|Tera Blast|p1a: Iron Treads|[anim] Tera Blast Ground
|-supereffective|p1a: Iron Treads
|-crit|p1a: Iron Treads
|-damage|p1a: Iron Treads|0 fnt
|faint|p1a: Iron Treads
|-end|p1a: Iron Treads|Quark Drive|[silent]
|
|upkeep
|
|t:|1769323837
|switch|p1a: zoro|Ceruledge, F|100/100
|turn|5
|
|t:|1769323841
|move|p1a: zoro|Shadow Sneak|p2a: Aphrodite
|-damage|p2a: Aphrodite|31/100
|move|p2a: Aphrodite|Sticky Web|p1a: zoro
|-sidestart|p1: MrOrby|move: Sticky Web
|
|upkeep
|turn|6
|
|t:|1769323851
|move|p1a: zoro|Shadow Sneak|p2a: Aphrodite
|-crit|p2a: Aphrodite
|-damage|p2a: Aphrodite|0 fnt
|faint|p2a: Aphrodite
|
|upkeep
|
|t:|1769323855
|switch|p2a: Prometheus|Great Tusk|100/100
|-damage|p2a: Prometheus|98/100|[from] Stealth Rock
|-enditem|p2a: Prometheus|Booster Energy
|-activate|p2a: Prometheus|ability: Protosynthesis|[fromitem]
|-start|p2a: Prometheus|protosynthesisspe
|turn|7
|
|t:|1769323863
|move|p2a: Prometheus|Rapid Spin|p1a: zoro
|-immune|p1a: zoro
|move|p1a: zoro|Swords Dance|p1a: zoro
|-boost|p1a: zoro|atk|2
|
|upkeep
|turn|8
|c|☆ApollosNuh|WHOOPS
|
|t:|1769323879
|move|p2a: Prometheus|Headlong Rush|p1a: zoro
|-supereffective|p1a: zoro
|-damage|p1a: zoro|7/100
|-unboost|p2a: Prometheus|def|1
|-unboost|p2a: Prometheus|spd|1
|-ability|p1a: zoro|Weak Armor|boost
|-unboost|p1a: zoro|def|1
|-boost|p1a: zoro|spe|2
|move|p1a: zoro|Swords Dance|p1a: zoro
|-boost|p1a: zoro|atk|2
|
|upkeep
|turn|9
|
|t:|1769323893
|-terastallize|p1a: zoro|Fire
|move|p1a: zoro|Bitter Blade|p2a: Prometheus
|-crit|p2a: Prometheus
|-damage|p2a: Prometheus|0 fnt
|-heal|p1a: zoro|88/100|[from] drain|[of] p2a: Prometheus
|faint|p2a: Prometheus
|-end|p2a: Prometheus|Protosynthesis|[silent]
|
|-sideend|p1: MrOrby|Reflect
|upkeep
|
|t:|1769323902
|switch|p2a: Samurott|Samurott-Hisui, M|100/100
|turn|10
|
|t:|1769323907
|move|p2a: Samurott|Aqua Jet|p1a: zoro
|-supereffective|p1a: zoro
|-damage|p1a: zoro|0 fnt
|faint|p1a: zoro
|
|upkeep
|c|☆MrOrby|:(
|
|t:|1769323921
|switch|p1a: tiny wings|Garchomp, F|100/100
|-activate|p1a: tiny wings|move: Sticky Web
|-unboost|p1a: tiny wings|spe|1
|turn|11
|
|t:|1769323926
|move|p2a: Samurott|Ceaseless Edge|p1a: tiny wings
|-damage|p1a: tiny wings|63/100
|-damage|p2a: Samurott|88/100|[from] ability: Rough Skin|[of] p1a: tiny wings
|-sidestart|p1: MrOrby|Spikes
|move|p1a: tiny wings|Scale Shot|p2a: Samurott
|-damage|p2a: Samurott|72/100
|-damage|p2a: Samurott|54/100
|-damage|p2a: Samurott|37/100
|-damage|p2a: Samurott|20/100
|-hitcount|p2a: Samurott|4
|-unboost|p1a: tiny wings|def|1
|-boost|p1a: tiny wings|spe|1
|
|upkeep
|turn|12
|
|t:|1769323939
|move|p2a: Samurott|Aqua Jet|p1a: tiny wings
|-damage|p1a: tiny wings|39/100
|-damage|p2a: Samurott|8/100|[from] ability: Rough Skin|[of] p1a: tiny wings
|move|p1a: tiny wings|Swords Dance|p1a: tiny wings
|-boost|p1a: tiny wings|atk|2
|
|upkeep
|turn|13
|
|t:|1769323947
|move|p2a: Samurott|Aqua Jet|p1a: tiny wings
|-damage|p1a: tiny wings|12/100
|-damage|p2a: Samurott|0 fnt|[from] ability: Rough Skin|[of] p1a: tiny wings
|faint|p2a: Samurott
|move|p1a: tiny wings|Scale Shot|p2: Samurott|[notarget]
|-fail|p1a: tiny wings
|
|upkeep
|
|t:|1769323962
|switch|p2a: Achilles|Ceruledge, M|100/100
|-damage|p2a: Achilles|76/100|[from] Stealth Rock
|turn|14
|
|t:|1769323973
|move|p2a: Achilles|Shadow Sneak|p1a: tiny wings
|-damage|p1a: tiny wings|0 fnt
|-damage|p2a: Achilles|63/100|[from] ability: Rough Skin|[of] p1a: tiny wings
|faint|p1a: tiny wings
|
|upkeep
|
|t:|1769323984
|switch|p1a: blue aeroplane|Latios, M|100/100
|turn|15
|
|t:|1769323990
|move|p2a: Achilles|Shadow Sneak|p1a: blue aeroplane
|-supereffective|p1a: blue aeroplane
|-damage|p1a: blue aeroplane|49/100
|move|p1a: blue aeroplane|Surf|p2a: Achilles
|-supereffective|p2a: Achilles
|-damage|p2a: Achilles|0 fnt
|faint|p2a: Achilles
|
|upkeep
|c|☆ApollosNuh|I CLICKED SHADOW SNEAK
|c|☆ApollosNuh|Oh nvm
|c|☆MrOrby|and i lived
|c|☆ApollosNuh|I didn’t see
|c|☆MrOrby|lol
|
|t:|1769324015
|switch|p2a: Cerberus|Hydreigon, F|100/100
|-damage|p2a: Cerberus|88/100|[from] Stealth Rock
|turn|16
|c|☆ApollosNuh|Whoops lol
|
|t:|1769324022
|move|p1a: blue aeroplane|Draco Meteor|p2a: Cerberus
|-supereffective|p2a: Cerberus
|-damage|p2a: Cerberus|0 fnt
|-unboost|p1a: blue aeroplane|spa|2
|faint|p2a: Cerberus
|
|upkeep
|c|☆ApollosNuh|Oh dear
|c|☆MrOrby|do you like my funny button?
|
|t:|1769324037
|switch|p2a: Ogerpon|Ogerpon-Wellspring, F|100/100
|-damage|p2a: Ogerpon|88/100|[from] Stealth Rock
|turn|17
|c|☆MrOrby|it throws rocks at lizards
|
|t:|1769324045
|move|p2a: Ogerpon|Ivy Cudgel|p1a: blue aeroplane|[anim] Ivy Cudgel Water
|-resisted|p1a: blue aeroplane
|-damage|p1a: blue aeroplane|7/100
|move|p1a: blue aeroplane|Draco Meteor|p2a: Ogerpon
|-damage|p2a: Ogerpon|38/100
|-unboost|p1a: blue aeroplane|spa|2
|
|upkeep
|turn|18
|c|☆ApollosNuh|Absolutely not
|
|t:|1769324061
|move|p2a: Ogerpon|Horn Leech|p1a: blue aeroplane
|-resisted|p1a: blue aeroplane
|-damage|p1a: blue aeroplane|0 fnt
|-heal|p2a: Ogerpon|41/100|[from] drain|[of] p1a: blue aeroplane
|faint|p1a: blue aeroplane
|
|upkeep
|c|☆MrOrby|you have awoken a great ancient power
|
|t:|1769324075
|switch|p1a: king poopy|Kingambit, M|100/100
|-activate|p1a: king poopy|move: Sticky Web
|-unboost|p1a: king poopy|spe|1
|-damage|p1a: king poopy|88/100|[from] Spikes
|-activate|p1a: king poopy|ability: Supreme Overlord
|-start|p1a: king poopy|fallen5|[silent]
|turn|19
|c|☆MrOrby|face the wrath
|c|☆MrOrby|of KING POOPY
|
|t:|1769324088
|move|p2a: Ogerpon|Ivy Cudgel|p1a: king poopy|[anim] Ivy Cudgel Water
|-damage|p1a: king poopy|48/100
|move|p1a: king poopy|Kowtow Cleave|p2a: Ogerpon
|-damage|p2a: Ogerpon|0 fnt
|faint|p2a: Ogerpon
|
|win|MrOrby
|raw|MrOrby's rating: 1158 &rarr; <strong>1187</strong><br />(+29 for winning)
|raw|ApollosNuh's rating: 1209 &rarr; <strong>1180</strong><br />(-29 for losing)
|c|☆ApollosNuh|Gg
|l|☆ApollosNuh
|player|p2|
|c|☆MrOrby|gg
