|j|☆iamverykarpy
|j|☆frazybalkany
|t:|1769358093
|gametype|singles
|player|p1|iamverykarpy|colress|1448
|player|p2|frazybalkany|101|1506
|gen|9
|tier|[Gen 9] OU
|rated|
|rule|HP Percentage Mod: HP is shown in percentages
|rule|Endless Battle Clause: Forcing endless battles is banned
|rule|Species Clause: Limit one of each Pokémon
|rule|OHKO Clause: OHKO moves are banned
|rule|Evasion Items Clause: Evasion items are banned
|rule|Evasion Moves Clause: Evasion moves are banned
|rule|Evasion Abilities Clause: Evasion abilities are banned
|rule|Sleep Moves Clause: Sleep-inducing moves are banned
|clearpoke
|poke|p1|Skeledirge, F|
|poke|p1|Meowscarada, F|
|poke|p1|Great Tusk|
|poke|p1|Primarina, F|
|poke|p1|Skarmory, F|
|poke|p1|Iron Moth|
|poke|p2|Torkoal, M|
|poke|p2|Dragapult, M|
|poke|p2|Iron Moth|
|poke|p2|Kingambit, M|
|poke|p2|Ceruledge, M|
|poke|p2|Staraptor, M|
|teampreview
|inactive|Battle timer is ON: inactive players will automatically lose when time's up. (requested by frazybalkany)
|inactive|iamverykarpy also wants the timer to be on.
|
|t:|1769358109
|teamsize|p1|6
|teamsize|p2|6
|start
|switch|p1a: Meowscarada|Meowscarada, F, shiny|100/100
|switch|p2a: Staraptor|Staraptor, M|100/100
|turn|1
|
|t:|1769358117
|move|p2a: Staraptor|U-turn|p1a: Meowscarada
|-supereffective|p1a: Meowscarada
|-damage|p1a: Meowscarada|0 fnt
|faint|p1a: Meowscarada
|
|t:|1769358130
|switch|p2a: Torkoal|Torkoal, M|100/100|[from] U-turn
|-weather|SunnyDay|[from] ability: Drought|[of] p2a: Torkoal
|
|-weather|SunnyDay|[upkeep]
|upkeep
|
|t:|1769358148
|switch|p1a: Skeledirge|Skeledirge, F|100/100
|turn|2
|
|t:|1769358161
|move|p1a: Skeledirge|Torch Song|p2a: Torkoal
|-resisted|p2a: Torkoal
|-damage|p2a: Torkoal|73/100
|-boost|p1a: Skeledirge|spa|1
|move|p2a: Torkoal|Stealth Rock|p1a: Skeledirge
|-sidestart|p1: iamverykarpy|move: Stealth Rock
|
|-weather|SunnyDay|[upkeep]
|upkeep
|turn|3
|
|t:|1769358178
|switch|p2a: Ceruledge|Ceruledge, M|100/100
|move|p1a: Skeledirge|Torch Song|p2a: Ceruledge
|-resisted|p2a: Ceruledge
|-damage|p2a: Ceruledge|51/100
|-boost|p1a: Skeledirge|spa|1
|
|-weather|SunnyDay|[upkeep]
|upkeep
|turn|4
|
|t:|1769358188
|switch|p1a: Iron Moth|Iron Moth, shiny|100/100
|-damage|p1a: Iron Moth|76/100|[from] Stealth Rock
|-enditem|p1a: Iron Moth|Booster Energy
|-activate|p1a: Iron Moth|ability: Quark Drive|[fromitem]
|-start|p1a: Iron Moth|quarkdrivespa
|move|p2a: Ceruledge|Destiny Bond|p2a: Ceruledge
|-singlemove|p2a: Ceruledge|Destiny Bond
|
|-weather|SunnyDay|[upkeep]
|upkeep
|turn|5
|
|t:|1769358197
|move|p1a: Iron Moth|Energy Ball|p2a: Ceruledge
|-resisted|p2a: Ceruledge
|-damage|p2a: Ceruledge|26/100
|move|p2a: Ceruledge|Bitter Blade|p1a: Iron Moth
|-resisted|p1a: Iron Moth
|-damage|p1a: Iron Moth|13/100
|-heal|p2a: Ceruledge|58/100|[from] drain|[of] p1a: Iron Moth
|
|-weather|none
|upkeep
|turn|6
|
|t:|1769358210
|switch|p2a: Torkoal|Torkoal, M|73/100
|-weather|SunnyDay|[from] ability: Drought|[of] p2a: Torkoal
|move|p1a: Iron Moth|Sludge Wave|p2a: Torkoal
|-damage|p2a: Torkoal|9/100
|
|-weather|SunnyDay|[upkeep]
|upkeep
|turn|7
|
|t:|1769358214
|move|p1a: Iron Moth|Fiery Dance|p2a: Torkoal
|-resisted|p2a: Torkoal
|-damage|p2a: Torkoal|0 fnt
|faint|p2a: Torkoal
|
|-weather|SunnyDay|[upkeep]
|upkeep
|
|t:|1769358218
|switch|p2a: Dragapult|Dragapult, M|100/100
|turn|8
|
|t:|1769358225
|move|p2a: Dragapult|Dragon Darts|p1a: Iron Moth
|-damage|p1a: Iron Moth|0 fnt
|faint|p1a: Iron Moth
|-end|p1a: Iron Moth|Quark Drive|[silent]
|
|-weather|SunnyDay|[upkeep]
|upkeep
|
|t:|1769358231
|switch|p1a: Primarina|Primarina, F, shiny|100/100
|-damage|p1a: Primarina|88/100|[from] Stealth Rock
|turn|9
|
|t:|1769358243
|switch|p2a: Ceruledge|Ceruledge, M|58/100
|move|p1a: Primarina|Moonblast|p2a: Ceruledge
|-resisted|p2a: Ceruledge
|-crit|p2a: Ceruledge
|-damage|p2a: Ceruledge|10/100
|
|-weather|SunnyDay|[upkeep]
|upkeep
|turn|10
|
|t:|1769358256
|move|p2a: Ceruledge|Swords Dance|p2a: Ceruledge
|-boost|p2a: Ceruledge|atk|2
|move|p1a: Primarina|Sparkling Aria|p2a: Ceruledge
|-supereffective|p2a: Ceruledge
|-damage|p2a: Ceruledge|0 fnt
|faint|p2a: Ceruledge
|
|-weather|none
|upkeep
|
|t:|1769358266
|switch|p2a: Dragapult|Dragapult, M|100/100
|turn|11
|
|t:|1769358271
|-terastallize|p2a: Dragapult|Steel
|move|p2a: Dragapult|Dragon Dance|p2a: Dragapult
|-boost|p2a: Dragapult|atk|1
|-boost|p2a: Dragapult|spe|1
|move|p1a: Primarina|Moonblast|p2a: Dragapult
|-resisted|p2a: Dragapult
|-damage|p2a: Dragapult|65/100
|
|-heal|p2a: Dragapult|71/100|[from] item: Leftovers
|upkeep
|turn|12
|
|t:|1769358277
|move|p2a: Dragapult|Phantom Force||[still]
|-prepare|p2a: Dragapult|Phantom Force
|move|p1a: Primarina|Sparkling Aria|p2a: Dragapult|[miss]
|-miss|p1a: Primarina|p2a: Dragapult
|
|-heal|p2a: Dragapult|77/100|[from] item: Leftovers
|upkeep
|turn|13
|
|t:|1769358280
|switch|p1a: Skarmory|Skarmory, F|100/100
|-damage|p1a: Skarmory|88/100|[from] Stealth Rock
|move|p2a: Dragapult|Phantom Force|p1a: Skarmory|[from] lockedmove
|-damage|p1a: Skarmory|45/100
|-damage|p2a: Dragapult|61/100|[from] item: Rocky Helmet|[of] p1a: Skarmory
|
|-heal|p2a: Dragapult|67/100|[from] item: Leftovers
|upkeep
|turn|14
|
|t:|1769358284
|move|p2a: Dragapult|Dragon Darts|p1a: Skarmory
|-resisted|p1a: Skarmory
|-damage|p1a: Skarmory|33/100
|-anim|p2a: Dragapult|Dragon Darts|p1a: Skarmory
|-resisted|p1a: Skarmory
|-damage|p1a: Skarmory|22/100
|move|p1a: Skarmory|Roost|p1a: Skarmory
|-heal|p1a: Skarmory|72/100
|-singleturn|p1a: Skarmory|move: Roost
|
|-heal|p2a: Dragapult|73/100|[from] item: Leftovers
|upkeep
|turn|15
|
|t:|1769358291
|move|p2a: Dragapult|Dragon Dance|p2a: Dragapult
|-boost|p2a: Dragapult|atk|1
|-boost|p2a: Dragapult|spe|1
|move|p1a: Skarmory|Roost|p1a: Skarmory
|-heal|p1a: Skarmory|100/100
|-singleturn|p1a: Skarmory|move: Roost
|
|-heal|p2a: Dragapult|79/100|[from] item: Leftovers
|upkeep
|turn|16
|
|t:|1769358296
|move|p2a: Dragapult|Substitute|p2a: Dragapult
|-start|p2a: Dragapult|Substitute
|-damage|p2a: Dragapult|54/100
|move|p1a: Skarmory|Whirlwind|p2a: Dragapult
|drag|p2a: Kingambit|Kingambit, M|100/100
|-activate|p2a: Kingambit|ability: Supreme Overlord
|-start|p2a: Kingambit|fallen2|[silent]
|
|upkeep
|turn|17
|
|t:|1769358303
|move|p2a: Kingambit|Swords Dance|p2a: Kingambit
|-boost|p2a: Kingambit|atk|2
|move|p1a: Skarmory|Body Press|p2a: Kingambit
|-supereffective|p2a: Kingambit
|-enditem|p2a: Kingambit|Focus Sash
|-damage|p2a: Kingambit|1/100
|
|upkeep
|turn|18
|
|t:|1769358308
|move|p2a: Kingambit|Low Kick|p1a: Skarmory
|-damage|p1a: Skarmory|60/100
|-damage|p2a: Kingambit|0 fnt|[from] item: Rocky Helmet|[of] p1a: Skarmory
|faint|p2a: Kingambit
|-end|p2a: Kingambit|fallen2|[silent]
|move|p1a: Skarmory|Stealth Rock|p2: Kingambit
|-sidestart|p2: frazybalkany|move: Stealth Rock
|
|upkeep
|
|t:|1769358311
|switch|p2a: Iron Moth|Iron Moth|100/100
|-damage|p2a: Iron Moth|76/100|[from] Stealth Rock
|-enditem|p2a: Iron Moth|Booster Energy
|-activate|p2a: Iron Moth|ability: Quark Drive|[fromitem]
|-start|p2a: Iron Moth|quarkdrivespe
|turn|19
|
|t:|1769358316
|switch|p1a: Skeledirge|Skeledirge, F|100/100
|move|p2a: Iron Moth|Fiery Dance|p1a: Skeledirge
|-resisted|p1a: Skeledirge
|-crit|p1a: Skeledirge
|-damage|p1a: Skeledirge|68/100
|-boost|p2a: Iron Moth|spa|1
|
|upkeep
|turn|20
|
|t:|1769358321
|move|p2a: Iron Moth|Fiery Dance|p1a: Skeledirge
|-resisted|p1a: Skeledirge
|-damage|p1a: Skeledirge|45/100
|move|p1a: Skeledirge|Earth Power|p2a: Iron Moth
|-supereffective|p2a: Iron Moth
|-crit|p2a: Iron Moth
|-damage|p2a: Iron Moth|0 fnt
|faint|p2a: Iron Moth
|-end|p2a: Iron Moth|Quark Drive|[silent]
|
|upkeep
|
|t:|1769358327
|switch|p2a: Staraptor|Staraptor, M|100/100
|-damage|p2a: Staraptor|76/100|[from] Stealth Rock
|turn|21
|
|t:|1769358333
|switch|p1a: Skarmory|Skarmory, F|60/100
|-damage|p1a: Skarmory|48/100|[from] Stealth Rock
|move|p2a: Staraptor|Brave Bird|p1a: Skarmory
|-resisted|p1a: Skarmory
|-damage|p1a: Skarmory|30/100
|-damage|p2a: Staraptor|59/100|[from] item: Rocky Helmet|[of] p1a: Skarmory
|-damage|p2a: Staraptor|54/100|[from] Recoil
|
|upkeep
|turn|22
|
|t:|1769358340
|switch|p2a: Dragapult|Dragapult, M, tera:Steel|54/100
|-damage|p2a: Dragapult|48/100|[from] Stealth Rock
|move|p1a: Skarmory|Roost|p1a: Skarmory
|-heal|p1a: Skarmory|80/100
|-singleturn|p1a: Skarmory|move: Roost
|
|-heal|p2a: Dragapult|54/100|[from] item: Leftovers
|upkeep
|turn|23
|
|t:|1769358344
|switch|p2a: Staraptor|Staraptor, M|54/100
|-damage|p2a: Staraptor|29/100|[from] Stealth Rock
|move|p1a: Skarmory|Body Press|p2a: Staraptor
|-damage|p2a: Staraptor|0 fnt
|faint|p2a: Staraptor
|
|upkeep
|
|t:|1769358346
|switch|p2a: Dragapult|Dragapult, M, tera:Steel|54/100
|-damage|p2a: Dragapult|48/100|[from] Stealth Rock
|turn|24
|
|t:|1769358355
|move|p2a: Dragapult|Dragon Dance|p2a: Dragapult
|-boost|p2a: Dragapult|atk|1
|-boost|p2a: Dragapult|spe|1
|move|p1a: Skarmory|Body Press|p2a: Dragapult
|-supereffective|p2a: Dragapult
|-damage|p2a: Dragapult|0 fnt
|faint|p2a: Dragapult
|
|win|iamverykarpy
|raw|iamverykarpy's rating: 1448 &rarr; <strong>1471</strong><br />(+23 for winning)
|raw|frazybalkany's rating: 1506 &rarr; <strong>1483</strong><br />(-23 for losing)
|l|☆frazybalkany
|player|p2|
|l|☆iamverykarpy
|player|p1|
