|j|☆JayTL
|j|☆dillhip
|t:|1769407177
|gametype|singles
|player|p1|JayTL|102|1363
|player|p2|dillhip|266|1346
|gen|9
|tier|[Gen 9] OU
|rated|
|rule|HP Percentage Mod: HP is shown in percentages
|rule|Endless Battle Clause: Forcing endless battles is banned
|rule|Species Clause: Limit one of each Pokémon
|rule|OHKO Clause: OHKO moves are banned
|rule|Evasion Items Clause: Evasion items are banned
|rule|Evasion Moves Clause: Evasion moves are banned
|rule|Evasion Abilities Clause: Evasion abilities are banned
|rule|Sleep Moves Clause: Sleep-inducing moves are banned
|clearpoke
|poke|p1|Vikavolt, F|
|poke|p1|Gholdengo|
|poke|p1|Great Tusk|
|poke|p1|Kyurem|
|poke|p1|Volcanion|
|poke|p1|Ogerpon-Cornerstone, F|
|poke|p2|Dondozo, M|
|poke|p2|Blissey, F|
|poke|p2|Corviknight, F|
|poke|p2|Weezing-Galar, F|
|poke|p2|Gliscor, F|
|poke|p2|Toxapex, M|
|teampreview
|inactive|Battle timer is ON: inactive players will automatically lose when time's up. (requested by dillhip)
|inactive|JayTL also wants the timer to be on.
|
|t:|1769407187
|teamsize|p1|6
|teamsize|p2|6
|start
|switch|p1a: Volcanion|Volcanion|100/100
|switch|p2a: Gliscor|Gliscor, F|100/100
|turn|1
|
|t:|1769407202
|move|p2a: Gliscor|Protect|p2a: Gliscor
|-singleturn|p2a: Gliscor|Protect
|move|p1a: Volcanion|Steam Eruption|p2a: Gliscor
|-activate|p2a: Gliscor|move: Protect
|
|-status|p2a: Gliscor|tox|[from] item: Toxic Orb
|upkeep
|turn|2
|
|t:|1769407210
|switch|p2a: Toxapex|Toxapex, M|100/100
|move|p1a: Volcanion|Steam Eruption|p2a: Toxapex
|-resisted|p2a: Toxapex
|-damage|p2a: Toxapex|82/100
|
|upkeep
|turn|3
|
|t:|1769407217
|switch|p1a: Gholdengo|Gholdengo|100/100
|-item|p1a: Gholdengo|Air Balloon
|move|p2a: Toxapex|Toxic Spikes|p1a: Gholdengo
|-sidestart|p1: JayTL|move: Toxic Spikes
|
|upkeep
|turn|4
|
|t:|1769407223
|move|p1a: Gholdengo|Nasty Plot|p1a: Gholdengo
|-boost|p1a: Gholdengo|spa|2
|move|p2a: Toxapex|Toxic Spikes|p1a: Gholdengo
|-sidestart|p1: JayTL|move: Toxic Spikes
|
|upkeep
|turn|5
|
|t:|1769407229
|move|p1a: Gholdengo|Nasty Plot|p1a: Gholdengo
|-boost|p1a: Gholdengo|spa|2
|move|p2a: Toxapex|Haze|p2a: Toxapex
|-clearallboost
|
|upkeep
|turn|6
|
|t:|1769407240
|switch|p2a: Weezing|Weezing-Galar, F|100/100
|-ability|p2a: Weezing|Neutralizing Gas
|move|p1a: Gholdengo|Thunder Wave|p2a: Weezing
|-status|p2a: Weezing|par
|
|upkeep
|turn|7
|
|t:|1769407247
|move|p1a: Gholdengo|Make It Rain|p2a: Weezing
|-supereffective|p2a: Weezing
|-damage|p2a: Weezing|0 fnt
|-unboost|p1a: Gholdengo|spa|1
|faint|p2a: Weezing
|-end|p2a: Weezing|ability: Neutralizing Gas
|
|upkeep
|
|t:|1769407251
|switch|p2a: Blissey|Blissey, F|100/100
|turn|8
|inactive|JayTL has 120 seconds left.
|
|t:|1769407286
|switch|p1a: Great Tusk|Great Tusk|100/100
|-status|p1a: Great Tusk|tox
|move|p2a: Blissey|Shadow Ball|p1a: Great Tusk
|-damage|p1a: Great Tusk|77/100 tox
|-unboost|p1a: Great Tusk|spd|1
|
|-heal|p1a: Great Tusk|84/100 tox|[from] item: Leftovers
|-damage|p1a: Great Tusk|77/100 tox|[from] psn
|upkeep
|turn|9
|
|t:|1769407297
|switch|p2a: Dondozo|Dondozo, M|100/100
|move|p1a: Great Tusk|Rapid Spin|p2a: Dondozo
|-damage|p2a: Dondozo|91/100
|-boost|p1a: Great Tusk|spe|1
|-sideend|p1: JayTL|Toxic Spikes|[from] move: Rapid Spin|[of] p1a: Great Tusk
|
|-heal|p1a: Great Tusk|84/100 tox|[from] item: Leftovers
|-damage|p1a: Great Tusk|71/100 tox|[from] psn
|upkeep
|turn|10
|
|t:|1769407306
|move|p1a: Great Tusk|Stealth Rock|p2a: Dondozo
|-sidestart|p2: dillhip|move: Stealth Rock
|move|p2a: Dondozo|Body Press|p1a: Great Tusk
|-damage|p1a: Great Tusk|51/100 tox
|
|-heal|p1a: Great Tusk|58/100 tox|[from] item: Leftovers
|-damage|p1a: Great Tusk|39/100 tox|[from] psn
|upkeep
|turn|11
|
|t:|1769407316
|-end|p1a: Great Tusk|Protosynthesis|[silent]
|switch|p1a: Gholdengo|Gholdengo|100/100
|-item|p1a: Gholdengo|Air Balloon
|switch|p2a: Gliscor|Gliscor, F|100/100 tox
|-damage|p2a: Gliscor|88/100 tox|[from] Stealth Rock
|
|-heal|p2a: Gliscor|100/100 tox|[from] ability: Poison Heal
|upkeep
|turn|12
|
|t:|1769407331
|switch|p1a: Kyurem|Kyurem, shiny|100/100
|-ability|p1a: Kyurem|Pressure
|move|p2a: Gliscor|Knock Off|p1a: Kyurem
|-damage|p1a: Kyurem|82/100
|-enditem|p1a: Kyurem|Loaded Dice|[from] move: Knock Off|[of] p2a: Gliscor
|
|upkeep
|turn|13
|
|t:|1769407340
|move|p1a: Kyurem|Dragon Dance|p1a: Kyurem
|-boost|p1a: Kyurem|atk|1
|-boost|p1a: Kyurem|spe|1
|move|p2a: Gliscor|Toxic|p1a: Kyurem
|-status|p1a: Kyurem|tox
|
|-damage|p1a: Kyurem|76/100 tox|[from] psn
|upkeep
|turn|14
|
|t:|1769407350
|switch|p2a: Dondozo|Dondozo, M|91/100
|move|p1a: Kyurem|Scale Shot|p2a: Dondozo
|-damage|p2a: Dondozo|85/100
|-damage|p2a: Dondozo|80/100
|-damage|p2a: Dondozo|73/100
|-damage|p2a: Dondozo|67/100
|-damage|p2a: Dondozo|61/100
|-hitcount|p2a: Dondozo|5
|-unboost|p1a: Kyurem|def|1
|-boost|p1a: Kyurem|spe|1
|
|-damage|p1a: Kyurem|63/100 tox|[from] psn
|upkeep
|turn|15
|
|t:|1769407368
|switch|p1a: Gholdengo|Gholdengo|100/100
|-item|p1a: Gholdengo|Air Balloon
|move|p2a: Dondozo|Rest|p2a: Dondozo
|-status|p2a: Dondozo|slp|[from] move: Rest
|-heal|p2a: Dondozo|100/100 slp|[silent]
|
|upkeep
|turn|16
|
|t:|1769407379
|switch|p2a: Blissey|Blissey, F|100/100
|move|p1a: Gholdengo|Nasty Plot|p1a: Gholdengo
|-boost|p1a: Gholdengo|spa|2
|
|upkeep
|turn|17
|
|t:|1769407389
|switch|p1a: Ogerpon|Ogerpon-Cornerstone, F|100/100
|move|p2a: Blissey|Shadow Ball|p1a: Ogerpon
|-damage|p1a: Ogerpon|83/100
|
|upkeep
|turn|18
|
|t:|1769407400
|switch|p2a: Corviknight|Corviknight, F|100/100
|-damage|p2a: Corviknight|88/100|[from] Stealth Rock
|-ability|p2a: Corviknight|Pressure
|move|p1a: Ogerpon|U-turn|p2a: Corviknight
|-resisted|p2a: Corviknight
|-damage|p2a: Corviknight|84/100
|
|t:|1769407408
|switch|p1a: Volcanion|Volcanion|100/100|[from] U-turn
|
|upkeep
|turn|19
|
|t:|1769407417
|switch|p2a: Toxapex|Toxapex, M|100/100
|move|p1a: Volcanion|Taunt|p2a: Toxapex
|-start|p2a: Toxapex|move: Taunt
|
|upkeep
|turn|20
|
|t:|1769407423
|switch|p2a: Dondozo|Dondozo, M|100/100 slp
|move|p1a: Volcanion|Sludge Bomb|p2a: Dondozo
|-crit|p2a: Dondozo
|-damage|p2a: Dondozo|55/100 slp
|
|upkeep
|turn|21
|
|t:|1769407440
|switch|p2a: Blissey|Blissey, F|100/100
|move|p1a: Volcanion|Sludge Bomb|p2a: Blissey
|-damage|p2a: Blissey|90/100
|-status|p2a: Blissey|psn
|
|-damage|p2a: Blissey|77/100 psn|[from] psn
|upkeep
|turn|22
|
|t:|1769407457
|switch|p1a: Kyurem|Kyurem, shiny|63/100 tox
|-ability|p1a: Kyurem|Pressure
|move|p2a: Blissey|Stealth Rock|p1a: Kyurem
|-sidestart|p1: JayTL|move: Stealth Rock
|
|-damage|p1a: Kyurem|57/100 tox|[from] psn
|-damage|p2a: Blissey|65/100 psn|[from] psn
|upkeep
|turn|23
|
|t:|1769407474
|switch|p1a: Vikavolt|Vikavolt, F|100/100
|move|p2a: Blissey|Soft-Boiled|p2a: Blissey
|-heal|p2a: Blissey|100/100 psn
|
|-damage|p2a: Blissey|88/100 psn|[from] psn
|upkeep
|turn|24
|
|t:|1769407481
|-curestatus|p2a: Blissey|psn|[from] ability: Natural Cure
|switch|p2a: Gliscor|Gliscor, F|100/100 tox
|-damage|p2a: Gliscor|88/100 tox|[from] Stealth Rock
|move|p1a: Vikavolt|Volt Switch|p2a: Gliscor
|-immune|p2a: Gliscor
|
|-heal|p2a: Gliscor|100/100 tox|[from] ability: Poison Heal
|upkeep
|turn|25
|
|t:|1769407495
|switch|p1a: Kyurem|Kyurem, shiny|57/100 tox
|-damage|p1a: Kyurem|32/100 tox|[from] Stealth Rock
|-ability|p1a: Kyurem|Pressure
|move|p2a: Gliscor|Toxic|p1a: Kyurem
|-fail|p1a: Kyurem|tox
|
|-damage|p1a: Kyurem|26/100 tox|[from] psn
|upkeep
|turn|26
|
|t:|1769407509
|switch|p1a: Great Tusk|Great Tusk|39/100 tox
|-damage|p1a: Great Tusk|36/100 tox|[from] Stealth Rock
|move|p2a: Gliscor|Spikes|p1a: Great Tusk
|-sidestart|p1: JayTL|Spikes
|
|-heal|p1a: Great Tusk|42/100 tox|[from] item: Leftovers
|-damage|p1a: Great Tusk|36/100 tox|[from] psn
|upkeep
|turn|27
|
|t:|1769407518
|move|p2a: Gliscor|Protect|p2a: Gliscor
|-singleturn|p2a: Gliscor|Protect
|move|p1a: Great Tusk|Rapid Spin|p2a: Gliscor
|-activate|p2a: Gliscor|move: Protect
|
|-heal|p1a: Great Tusk|42/100 tox|[from] item: Leftovers
|-damage|p1a: Great Tusk|30/100 tox|[from] psn
|upkeep
|turn|28
|
|t:|1769407529
|move|p1a: Great Tusk|Rapid Spin|p2a: Gliscor
|-damage|p2a: Gliscor|86/100 tox
|-boost|p1a: Great Tusk|spe|1
|-sideend|p1: JayTL|Spikes|[from] move: Rapid Spin|[of] p1a: Great Tusk
|-sideend|p1: JayTL|Stealth Rock|[from] move: Rapid Spin|[of] p1a: Great Tusk
|move|p2a: Gliscor|Spikes|p1a: Great Tusk
|-sidestart|p1: JayTL|Spikes
|
|-heal|p1a: Great Tusk|36/100 tox|[from] item: Leftovers
|-damage|p1a: Great Tusk|17/100 tox|[from] psn
|-heal|p2a: Gliscor|99/100 tox|[from] ability: Poison Heal
|upkeep
|turn|29
|inactive|JayTL has 120 seconds left.
|
|t:|1769407560
|move|p1a: Great Tusk|Rapid Spin|p2a: Gliscor
|-damage|p2a: Gliscor|83/100 tox
|-boost|p1a: Great Tusk|spe|1
|-sideend|p1: JayTL|Spikes|[from] move: Rapid Spin|[of] p1a: Great Tusk
|move|p2a: Gliscor|Spikes|p1a: Great Tusk
|-sidestart|p1: JayTL|Spikes
|
|-heal|p1a: Great Tusk|24/100 tox|[from] item: Leftovers
|-damage|p1a: Great Tusk|0 fnt|[from] psn
|faint|p1a: Great Tusk
|-end|p1a: Great Tusk|Protosynthesis|[silent]
|-heal|p2a: Gliscor|96/100 tox|[from] ability: Poison Heal
|upkeep
|inactive|JayTL has 120 seconds left.
|
|t:|1769407570
|switch|p1a: Kyurem|Kyurem, shiny|26/100 tox
|-damage|p1a: Kyurem|14/100 tox|[from] Spikes
|-ability|p1a: Kyurem|Pressure
|turn|30
|inactive|JayTL has 120 seconds left.
|
|t:|1769407584
|move|p1a: Kyurem|Icicle Spear|p2a: Gliscor
|-supereffective|p2a: Gliscor
|-damage|p2a: Gliscor|54/100 tox
|-supereffective|p2a: Gliscor
|-damage|p2a: Gliscor|15/100 tox
|-hitcount|p2a: Gliscor|2
|move|p2a: Gliscor|Spikes|p1a: Kyurem
|-sidestart|p1: JayTL|Spikes
|
|-damage|p1a: Kyurem|8/100 tox|[from] psn
|-heal|p2a: Gliscor|28/100 tox|[from] ability: Poison Heal
|upkeep
|turn|31
|inactive|JayTL has 120 seconds left.
|
|t:|1769407596
|move|p2a: Gliscor|Protect|p2a: Gliscor
|-singleturn|p2a: Gliscor|Protect
|move|p1a: Kyurem|Icicle Spear|p2a: Gliscor
|-activate|p2a: Gliscor|move: Protect
|
|-damage|p1a: Kyurem|0 fnt|[from] psn
|faint|p1a: Kyurem
|-heal|p2a: Gliscor|40/100 tox|[from] ability: Poison Heal
|upkeep
|inactive|JayTL has 120 seconds left.
|
|t:|1769407613
|switch|p1a: Ogerpon|Ogerpon-Cornerstone, F|83/100
|-damage|p1a: Ogerpon|66/100|[from] Spikes
|turn|32
|
|t:|1769407620
|move|p1a: Ogerpon|Horn Leech|p2a: Gliscor
|-damage|p2a: Gliscor|7/100 tox
|-heal|p1a: Ogerpon|86/100|[from] drain|[of] p2a: Gliscor
|move|p2a: Gliscor|Toxic|p1a: Ogerpon
|-status|p1a: Ogerpon|tox
|
|-damage|p1a: Ogerpon|80/100 tox|[from] psn
|-heal|p2a: Gliscor|19/100 tox|[from] ability: Poison Heal
|upkeep
|turn|33
|inactive|JayTL has 120 seconds left.
|c|☆JayTL|you're the single ballsiest stall player I've seen
|c|☆JayTL|in recorded history
|inactive|JayTL has 90 seconds left.
|c|☆dillhip|w gliscor
|c|☆dillhip|my goat
|c|☆JayTL|I gotta give props, you've stayed in on 4 seperate OHKO's
|
|t:|1769407670
|move|p2a: Gliscor|Protect|p2a: Gliscor
|-singleturn|p2a: Gliscor|Protect
|move|p1a: Ogerpon|Ivy Cudgel|p2a: Gliscor|[anim] Ivy Cudgel Rock
|-activate|p2a: Gliscor|move: Protect
|
|-damage|p1a: Ogerpon|68/100 tox|[from] psn
|-heal|p2a: Gliscor|32/100 tox|[from] ability: Poison Heal
|upkeep
|turn|34
|c|☆dillhip|thanks man
|
|t:|1769407692
|switch|p2a: Dondozo|Dondozo, M|55/100 slp
|move|p1a: Ogerpon|Ivy Cudgel|p2a: Dondozo|[anim] Ivy Cudgel Rock
|-damage|p2a: Dondozo|30/100 slp
|
|-damage|p1a: Ogerpon|50/100 tox|[from] psn
|upkeep
|turn|35
|
|t:|1769407698
|move|p1a: Ogerpon|Horn Leech|p2a: Dondozo
|-supereffective|p2a: Dondozo
|-damage|p2a: Dondozo|0 fnt
|-heal|p1a: Ogerpon|75/100 tox|[from] drain|[of] p2a: Dondozo
|faint|p2a: Dondozo
|
|-damage|p1a: Ogerpon|51/100 tox|[from] psn
|upkeep
|
|t:|1769407704
|switch|p2a: Gliscor|Gliscor, F|32/100 tox
|-damage|p2a: Gliscor|19/100 tox|[from] Stealth Rock
|turn|36
|
|t:|1769407711
|switch|p1a: Volcanion|Volcanion|100/100
|move|p2a: Gliscor|Protect||[still]
|-fail|p2a: Gliscor
|
|-heal|p2a: Gliscor|32/100 tox|[from] ability: Poison Heal
|upkeep
|turn|37
|
|t:|1769407738
|switch|p2a: Toxapex|Toxapex, M|100/100
|move|p1a: Volcanion|Steam Eruption|p2a: Toxapex
|-resisted|p2a: Toxapex
|-damage|p2a: Toxapex|80/100
|
|upkeep
|turn|38
|
|t:|1769407747
|switch|p1a: Gholdengo|Gholdengo|100/100
|-item|p1a: Gholdengo|Air Balloon
|move|p2a: Toxapex|Toxic|p1a: Gholdengo
|-immune|p1a: Gholdengo|[from] ability: Good as Gold
|
|upkeep
|turn|39
|
|t:|1769407755
|switch|p2a: Blissey|Blissey, F|88/100
|move|p1a: Gholdengo|Thunder Wave|p2a: Blissey|[miss]
|-miss|p1a: Gholdengo|p2a: Blissey
|
|upkeep
|turn|40
|
|t:|1769407765
|switch|p1a: Volcanion|Volcanion|100/100
|move|p2a: Blissey|Shadow Ball|p1a: Volcanion
|-damage|p1a: Volcanion|81/100
|
|upkeep
|turn|41
|inactive|JayTL has 120 seconds left.
|
|t:|1769407772
|move|p1a: Volcanion|Sludge Bomb|p2a: Blissey
|-damage|p2a: Blissey|77/100
|move|p2a: Blissey|Stealth Rock|p1a: Volcanion
|-sidestart|p1: JayTL|move: Stealth Rock
|
|upkeep
|turn|42
|
|t:|1769407780
|move|p1a: Volcanion|Sludge Bomb|p2a: Blissey
|-damage|p2a: Blissey|65/100
|-status|p2a: Blissey|psn
|move|p2a: Blissey|Seismic Toss|p1a: Volcanion
|-damage|p1a: Volcanion|48/100
|
|-damage|p2a: Blissey|53/100 psn|[from] psn
|upkeep
|turn|43
|
|t:|1769407788
|move|p1a: Volcanion|Steam Eruption|p2a: Blissey
|-damage|p2a: Blissey|33/100 psn
|move|p2a: Blissey|Soft-Boiled|p2a: Blissey
|-heal|p2a: Blissey|83/100 psn
|
|-damage|p2a: Blissey|71/100 psn|[from] psn
|upkeep
|turn|44
|
|t:|1769407795
|-curestatus|p2a: Blissey|psn|[from] ability: Natural Cure
|switch|p2a: Toxapex|Toxapex, M|100/100
|move|p1a: Volcanion|Steam Eruption|p2a: Toxapex
|-resisted|p2a: Toxapex
|-damage|p2a: Toxapex|81/100
|
|upkeep
|turn|45
|
|t:|1769407808
|move|p1a: Volcanion|Taunt|p2a: Toxapex
|-start|p2a: Toxapex|move: Taunt
|cant|p2a: Toxapex|move: Taunt|Toxic
|
|upkeep
|turn|46
|
|t:|1769407812
|switch|p2a: Blissey|Blissey, F|71/100
|move|p1a: Volcanion|Steam Eruption|p2a: Blissey
|-damage|p2a: Blissey|52/100
|
|upkeep
|turn|47
|
|t:|1769407824
|move|p1a: Volcanion|Taunt|p2a: Blissey
|-start|p2a: Blissey|move: Taunt
|cant|p2a: Blissey|move: Taunt|Soft-Boiled
|
|upkeep
|turn|48
|
|t:|1769407833
|switch|p2a: Toxapex|Toxapex, M|100/100
|move|p1a: Volcanion|Sludge Bomb|p2a: Toxapex
|-resisted|p2a: Toxapex
|-damage|p2a: Toxapex|89/100
|
|upkeep
|turn|49
|
|t:|1769407839
|move|p1a: Volcanion|Taunt|p2a: Toxapex
|-start|p2a: Toxapex|move: Taunt
|cant|p2a: Toxapex|move: Taunt|Toxic
|
|upkeep
|turn|50
|
|t:|1769407845
|switch|p2a: Blissey|Blissey, F|52/100
|move|p1a: Volcanion|Steam Eruption|p2a: Blissey
|-damage|p2a: Blissey|33/100
|
|upkeep
|turn|51
|
|t:|1769407854
|switch|p2a: Gliscor|Gliscor, F|32/100 tox
|-damage|p2a: Gliscor|19/100 tox|[from] Stealth Rock
|move|p1a: Volcanion|Taunt|p2a: Gliscor
|-start|p2a: Gliscor|move: Taunt
|
|-heal|p2a: Gliscor|32/100 tox|[from] ability: Poison Heal
|upkeep
|turn|52
|
|t:|1769407866
|switch|p2a: Toxapex|Toxapex, M|100/100
|move|p1a: Volcanion|Steam Eruption|p2a: Toxapex
|-resisted|p2a: Toxapex
|-damage|p2a: Toxapex|80/100
|
|upkeep
|turn|53
|
|t:|1769407882
|move|p1a: Volcanion|Taunt|p2a: Toxapex
|-start|p2a: Toxapex|move: Taunt
|cant|p2a: Toxapex|move: Taunt|Toxic
|
|upkeep
|turn|54
|
|t:|1769407889
|switch|p2a: Corviknight|Corviknight, F|84/100
|-damage|p2a: Corviknight|71/100|[from] Stealth Rock
|-ability|p2a: Corviknight|Pressure
|move|p1a: Volcanion|Sludge Bomb|p2a: Corviknight
|-immune|p2a: Corviknight
|
|upkeep
|turn|55
|
|t:|1769407898
|move|p1a: Volcanion|Flamethrower|p2a: Corviknight
|-supereffective|p2a: Corviknight
|-damage|p2a: Corviknight|0 fnt
|faint|p2a: Corviknight
|
|upkeep
|
|t:|1769407906
|switch|p2a: Gliscor|Gliscor, F|32/100 tox
|-damage|p2a: Gliscor|19/100 tox|[from] Stealth Rock
|turn|56
|
|t:|1769407912
|move|p2a: Gliscor|Protect|p2a: Gliscor
|-singleturn|p2a: Gliscor|Protect
|move|p1a: Volcanion|Flamethrower|p2a: Gliscor
|-activate|p2a: Gliscor|move: Protect
|
|-heal|p2a: Gliscor|32/100 tox|[from] ability: Poison Heal
|upkeep
|turn|57
|
|t:|1769407920
|-terastallize|p2a: Gliscor|Dragon
|move|p1a: Volcanion|Flamethrower|p2a: Gliscor
|-resisted|p2a: Gliscor
|-damage|p2a: Gliscor|12/100 tox
|move|p2a: Gliscor|Toxic|p1a: Volcanion
|-status|p1a: Volcanion|tox
|
|-damage|p1a: Volcanion|42/100 tox|[from] psn
|-heal|p2a: Gliscor|24/100 tox|[from] ability: Poison Heal
|upkeep
|turn|58
|
|t:|1769407941
|switch|p1a: Ogerpon|Ogerpon-Cornerstone, F|51/100 tox
|-damage|p1a: Ogerpon|34/100 tox|[from] Spikes
|-damage|p1a: Ogerpon|22/100 tox|[from] Stealth Rock
|move|p2a: Gliscor|Protect||[still]
|-fail|p2a: Gliscor
|
|-damage|p1a: Ogerpon|16/100 tox|[from] psn
|-heal|p2a: Gliscor|37/100 tox|[from] ability: Poison Heal
|upkeep
|turn|59
|
|t:|1769407959
|switch|p2a: Toxapex|Toxapex, M|100/100
|move|p1a: Ogerpon|Ivy Cudgel|p2a: Toxapex|[anim] Ivy Cudgel Rock
|-damage|p2a: Toxapex|57/100
|
|-damage|p1a: Ogerpon|4/100 tox|[from] psn
|upkeep
|turn|60
|
|t:|1769407969
|switch|p1a: Volcanion|Volcanion|42/100 tox
|move|p2a: Toxapex|Recover|p2a: Toxapex
|-heal|p2a: Toxapex|100/100
|
|-damage|p1a: Volcanion|36/100 tox|[from] psn
|upkeep
|turn|61
|inactive|JayTL has 120 seconds left.
|c|☆JayTL|I needed pex burned ngl
|c|☆JayTL|her eating steam eruption wit no burn screwed me
|
|t:|1769408011
|move|p1a: Volcanion|Taunt|p2a: Toxapex
|-start|p2a: Toxapex|move: Taunt
|cant|p2a: Toxapex|move: Taunt|Toxic Spikes
|
|-damage|p1a: Volcanion|24/100 tox|[from] psn
|upkeep
|turn|62
|inactive|dillhip has 120 seconds left.
|c|☆dillhip|does steam eruption normally have a burn chance
|
|t:|1769408047
|switch|p1a: Gholdengo|Gholdengo|100/100
|-damage|p1a: Gholdengo|94/100|[from] Stealth Rock
|-item|p1a: Gholdengo|Air Balloon
|switch|p2a: Blissey|Blissey, F|33/100
|
|upkeep
|turn|63
|c|☆JayTL|it's a high bp scald
|c|☆JayTL|30%
|inactive|JayTL has 90 seconds left.
|c|☆dillhip|i see
|c|☆JayTL|and she at at least half of my 8 pp
|c|☆dillhip|i might be cooked with the gholedgengo tho
|
|t:|1769408093
|move|p1a: Gholdengo|Thunder Wave|p2a: Blissey
|-status|p2a: Blissey|par
|cant|p2a: Blissey|par
|
|upkeep
|turn|64
|inactive|JayTL has 60 seconds left.
|c|☆JayTL|you just shadow ball and soft boiled
|
|t:|1769408124
|switch|p1a: Volcanion|Volcanion|24/100 tox
|cant|p2a: Blissey|par
|
|-damage|p1a: Volcanion|18/100 tox|[from] psn
|upkeep
|turn|65
|
|t:|1769408134
|move|p1a: Volcanion|Sludge Bomb|p2a: Blissey
|-damage|p2a: Blissey|23/100 par
|move|p2a: Blissey|Soft-Boiled|p2a: Blissey
|-heal|p2a: Blissey|73/100 par
|
|-damage|p1a: Volcanion|6/100 tox|[from] psn
|upkeep
|turn|66
|c|☆dillhip|please blissey i need this
|
|t:|1769408142
|-curestatus|p2a: Blissey|par|[from] ability: Natural Cure
|switch|p2a: Toxapex|Toxapex, M|100/100
|move|p1a: Volcanion|Taunt|p2a: Toxapex
|-start|p2a: Toxapex|move: Taunt
|
|-damage|p1a: Volcanion|0 fnt|[from] psn
|faint|p1a: Volcanion
|upkeep
|
|t:|1769408151
|switch|p1a: Vikavolt|Vikavolt, F|100/100
|turn|67
|inactive|JayTL has 60 seconds left.
|
|t:|1769408169
|switch|p2a: Blissey|Blissey, F|73/100
|move|p1a: Vikavolt|Volt Switch|p2a: Blissey
|-damage|p2a: Blissey|60/100
|
|t:|1769408177
|switch|p1a: Gholdengo|Gholdengo|94/100|[from] Volt Switch
|-damage|p1a: Gholdengo|88/100|[from] Stealth Rock
|-item|p1a: Gholdengo|Air Balloon
|
|upkeep
|turn|68
|
|t:|1769408202
|move|p1a: Gholdengo|Nasty Plot|p1a: Gholdengo
|-boost|p1a: Gholdengo|spa|2
|move|p2a: Blissey|Shadow Ball|p1a: Gholdengo
|-supereffective|p1a: Gholdengo
|-damage|p1a: Gholdengo|67/100
|-enditem|p1a: Gholdengo|Air Balloon
|
|upkeep
|turn|69
|inactive|JayTL has 60 seconds left.
|
|t:|1769408211
|-terastallize|p1a: Gholdengo|Flying
|move|p1a: Gholdengo|Nasty Plot|p1a: Gholdengo
|-boost|p1a: Gholdengo|spa|2
|move|p2a: Blissey|Soft-Boiled|p2a: Blissey
|-heal|p2a: Blissey|100/100
|
|upkeep
|turn|70
|inactive|JayTL has 60 seconds left.
|
|t:|1769408226
|move|p1a: Gholdengo|Nasty Plot|p1a: Gholdengo
|-boost|p1a: Gholdengo|spa|2
|move|p2a: Blissey|Seismic Toss|p1a: Gholdengo
|-damage|p1a: Gholdengo|40/100
|
|upkeep
|turn|71
|inactive|JayTL has 60 seconds left.
|
|t:|1769408243
|move|p1a: Gholdengo|Make It Rain|p2a: Blissey
|-damage|p2a: Blissey|32/100
|-unboost|p1a: Gholdengo|spa|1
|move|p2a: Blissey|Seismic Toss|p1a: Gholdengo
|-damage|p1a: Gholdengo|14/100
|
|upkeep
|turn|72
|inactive|JayTL has 60 seconds left.
|
|t:|1769408251
|switch|p2a: Toxapex|Toxapex, M|100/100
|move|p1a: Gholdengo|Make It Rain|p2a: Toxapex
|-resisted|p2a: Toxapex
|-damage|p2a: Toxapex|42/100
|-unboost|p1a: Gholdengo|spa|1
|
|upkeep
|turn|73
|
|t:|1769408260
|move|p1a: Gholdengo|Make It Rain|p2a: Toxapex
|-resisted|p2a: Toxapex
|-damage|p2a: Toxapex|0 fnt
|-unboost|p1a: Gholdengo|spa|1
|faint|p2a: Toxapex
|
|upkeep
|
|t:|1769408267
|switch|p2a: Gliscor|Gliscor, F, tera:Dragon|37/100 tox
|-damage|p2a: Gliscor|24/100 tox|[from] Stealth Rock
|turn|74
|
|t:|1769408284
|move|p2a: Gliscor|Toxic|p1a: Gholdengo
|-immune|p1a: Gholdengo|[from] ability: Good as Gold
|move|p1a: Gholdengo|Make It Rain|p2a: Gliscor
|-damage|p2a: Gliscor|0 fnt
|-unboost|p1a: Gholdengo|spa|1
|faint|p2a: Gliscor
|
|upkeep
|
|t:|1769408292
|switch|p2a: Blissey|Blissey, F|32/100
|turn|75
|c|☆JayTL|Still ghold baby
|
|t:|1769408299
|move|p1a: Gholdengo|Make It Rain|p2a: Blissey
|-damage|p2a: Blissey|1/100
|-unboost|p1a: Gholdengo|spa|1
|move|p2a: Blissey|Soft-Boiled|p2a: Blissey
|-heal|p2a: Blissey|51/100
|
|upkeep
|turn|76
|c|☆dillhip|bru i for got
|c|☆JayTL|nah
|c|☆JayTL|wow
|c|☆dillhip|blissey the goat
|c|☆dillhip|i love blissey
|
|t:|1769408317
|move|p1a: Gholdengo|Nasty Plot|p1a: Gholdengo
|-boost|p1a: Gholdengo|spa|2
|move|p2a: Blissey|Soft-Boiled|p2a: Blissey
|-heal|p2a: Blissey|100/100
|
|upkeep
|turn|77
|
|t:|1769408338
|move|p1a: Gholdengo|Thunder Wave|p2a: Blissey
|-status|p2a: Blissey|par
|move|p2a: Blissey|Seismic Toss|p1a: Gholdengo
|-damage|p1a: Gholdengo|0 fnt
|faint|p1a: Gholdengo
|
|upkeep
|c|☆JayTL|she wins
|inactive|JayTL has 60 seconds left.
|c|☆JayTL|I almost garuntee
|
|t:|1769408357
|switch|p1a: Ogerpon|Ogerpon-Cornerstone, F|4/100 tox
|-damage|p1a: Ogerpon|0 fnt|[from] Spikes
|faint|p1a: Ogerpon
|
|t:|1769408361
|switch|p1a: Vikavolt|Vikavolt, F|100/100
|turn|78
|
|t:|1769408370
|move|p1a: Vikavolt|Bug Buzz|p2a: Blissey
|-damage|p2a: Blissey|84/100 par
|-unboost|p2a: Blissey|spd|1
|move|p2a: Blissey|Seismic Toss|p1a: Vikavolt
|-damage|p1a: Vikavolt|73/100
|
|upkeep
|turn|79
|
|t:|1769408382
|move|p1a: Vikavolt|Bug Buzz|p2a: Blissey
|-damage|p2a: Blissey|58/100 par
|-unboost|p2a: Blissey|spd|1
|move|p2a: Blissey|Seismic Toss|p1a: Vikavolt
|-damage|p1a: Vikavolt|45/100
|
|upkeep
|turn|80
|c|☆dillhip|he stat drop migth kill me
|
|t:|1769408393
|move|p1a: Vikavolt|Bug Buzz|p2a: Blissey
|-damage|p2a: Blissey|26/100 par
|move|p2a: Blissey|Soft-Boiled|p2a: Blissey
|-heal|p2a: Blissey|76/100 par
|
|upkeep
|turn|81
|
|t:|1769408399
|move|p1a: Vikavolt|Bug Buzz|p2a: Blissey
|-damage|p2a: Blissey|40/100 par
|move|p2a: Blissey|Seismic Toss|p1a: Vikavolt
|-damage|p1a: Vikavolt|17/100
|
|upkeep
|turn|82
|
|t:|1769408405
|move|p1a: Vikavolt|Bug Buzz|p2a: Blissey
|-damage|p2a: Blissey|4/100 par
|cant|p2a: Blissey|par
|
|upkeep
|turn|83
|inactive|JayTL has 90 seconds left.
|c|☆JayTL|YES
|c|☆dillhip|nooooo
|
|t:|1769408414
|move|p1a: Vikavolt|Bug Buzz|p2a: Blissey
|-damage|p2a: Blissey|0 fnt
|faint|p2a: Blissey
|
|win|JayTL
|raw|JayTL's rating: 1363 &rarr; <strong>1382</strong><br />(+19 for winning)
|raw|dillhip's rating: 1346 &rarr; <strong>1327</strong><br />(-19 for losing)
|c|☆dillhip|gg
|c|☆JayTL|Vikavolt my king
|c|☆dillhip|good para
|c|☆JayTL|gg
