|j|☆kingofthetryhards
|j|☆Nerxaera
|t:|1769317925
|gametype|singles
|player|p1|kingofthetryhards|ninjaboy|1089
|player|p2|Nerxaera|266|1085
|gen|9
|tier|[Gen 9] OU
|rated|
|rule|HP Percentage Mod: HP is shown in percentages
|rule|Endless Battle Clause: Forcing endless battles is banned
|rule|Species Clause: Limit one of each Pokémon
|rule|OHKO Clause: OHKO moves are banned
|rule|Evasion Items Clause: Evasion items are banned
|rule|Evasion Moves Clause: Evasion moves are banned
|rule|Evasion Abilities Clause: Evasion abilities are banned
|rule|Sleep Moves Clause: Sleep-inducing moves are banned
|clearpoke
|poke|p1|Tyranitar, M|
|poke|p1|Hippowdon, F|
|poke|p1|Gliscor, M|
|poke|p1|Heatran, F|
|poke|p1|Bastiodon, F|
|poke|p1|Iron Thorns|
|poke|p2|Dragonite, M|
|poke|p2|Ninetales-Alola, M|
|poke|p2|Polteageist|
|poke|p2|Ogerpon-Wellspring, F|
|poke|p2|Iron Treads|
|poke|p2|Kyurem|
|teampreview
|inactive|Battle timer is ON: inactive players will automatically lose when time's up. (requested by kingofthetryhards)
|
|t:|1769317936
|teamsize|p1|6
|teamsize|p2|6
|start
|switch|p1a: Hippowdon|Hippowdon, F|100/100
|switch|p2a: Iron Treads|Iron Treads|100/100
|-weather|Sandstorm|[from] ability: Sand Stream|[of] p1a: Hippowdon
|-enditem|p2a: Iron Treads|Booster Energy
|-activate|p2a: Iron Treads|ability: Quark Drive|[fromitem]
|-start|p2a: Iron Treads|quarkdrivespe
|turn|1
|
|t:|1769317955
|move|p2a: Iron Treads|Stealth Rock|p1a: Hippowdon
|-sidestart|p1: kingofthetryhards|move: Stealth Rock
|move|p1a: Hippowdon|Earthquake|p2a: Iron Treads
|-supereffective|p2a: Iron Treads
|-damage|p2a: Iron Treads|28/100
|
|-weather|Sandstorm|[upkeep]
|upkeep
|turn|2
|
|t:|1769317964
|-end|p2a: Iron Treads|Quark Drive|[silent]
|switch|p2a: Dragonite|Dragonite, M|100/100
|move|p1a: Hippowdon|Earthquake|p2a: Dragonite
|-immune|p2a: Dragonite
|
|-weather|Sandstorm|[upkeep]
|-damage|p2a: Dragonite|94/100|[from] Sandstorm
|upkeep
|turn|3
|
|t:|1769317976
|switch|p2a: Ninetales|Ninetales-Alola, M|100/100
|-weather|Snowscape|[from] ability: Snow Warning|[of] p2a: Ninetales
|move|p1a: Hippowdon|Stone Edge|p2a: Ninetales
|-supereffective|p2a: Ninetales
|-damage|p2a: Ninetales|50/100
|
|-weather|Snowscape|[upkeep]
|upkeep
|turn|4
|
|t:|1769317994
|switch|p2a: Kyurem|Kyurem|100/100
|-ability|p2a: Kyurem|Pressure
|switch|p1a: Bastiodon|Bastiodon, F|100/100
|-damage|p1a: Bastiodon|94/100|[from] Stealth Rock
|
|-weather|Snowscape|[upkeep]
|-heal|p1a: Bastiodon|100/100|[from] item: Leftovers
|upkeep
|turn|5
|
|t:|1769318005
|move|p2a: Kyurem|Icicle Spear|p1a: Bastiodon
|-resisted|p1a: Bastiodon
|-damage|p1a: Bastiodon|96/100
|-resisted|p1a: Bastiodon
|-damage|p1a: Bastiodon|91/100
|-hitcount|p1a: Bastiodon|2
|move|p1a: Bastiodon|Iron Defense|p1a: Bastiodon
|-boost|p1a: Bastiodon|def|2
|
|-weather|Snowscape|[upkeep]
|-heal|p1a: Bastiodon|97/100|[from] item: Leftovers
|upkeep
|turn|6
|
|t:|1769318022
|switch|p2a: Ogerpon|Ogerpon-Wellspring, F|100/100
|move|p1a: Bastiodon|Body Press|p2a: Ogerpon
|-damage|p2a: Ogerpon|10/100
|
|-weather|Snowscape|[upkeep]
|-heal|p1a: Bastiodon|100/100|[from] item: Leftovers
|upkeep
|turn|7
|
|t:|1769318035
|move|p2a: Ogerpon|Ivy Cudgel|p1a: Bastiodon|[anim] Ivy Cudgel Water
|-supereffective|p1a: Bastiodon
|-damage|p1a: Bastiodon|63/100
|move|p1a: Bastiodon|Body Press|p2a: Ogerpon
|-damage|p2a: Ogerpon|0 fnt
|faint|p2a: Ogerpon
|
|-weather|none
|-heal|p1a: Bastiodon|69/100|[from] item: Leftovers
|upkeep
|l|☆Nerxaera
|inactive|Nerxaera disconnected and has a minute to reconnect!
|player|p2|
|inactive|Nerxaera has 30 seconds to reconnect!
|inactive|Nerxaera has 20 seconds to reconnect!
|inactive|Nerxaera has 15 seconds to reconnect!
|inactive|Nerxaera has 10 seconds to reconnect!
|inactive|Nerxaera has 5 seconds to reconnect!
|-message|Nerxaera lost due to inactivity.
|
|win|kingofthetryhards
|raw|kingofthetryhards's rating: 1089 &rarr; <strong>1115</strong><br />(+26 for winning)
|raw|Nerxaera's rating: 1085 &rarr; <strong>1063</strong><br />(-22 for losing)
|l|☆kingofthetryhards
|player|p1|
