|j|☆Jklqtlq
|j|☆BeachLeak
|t:|1769308605
|gametype|singles
|player|p1|Jklqtlq|1|1547
|player|p2|BeachLeak|archer|1446
|gen|9
|tier|[Gen 9] OU
|rated|
|rule|HP Percentage Mod: HP is shown in percentages
|rule|Endless Battle Clause: Forcing endless battles is banned
|rule|Species Clause: Limit one of each Pokémon
|rule|OHKO Clause: OHKO moves are banned
|rule|Evasion Items Clause: Evasion items are banned
|rule|Evasion Moves Clause: Evasion moves are banned
|rule|Evasion Abilities Clause: Evasion abilities are banned
|rule|Sleep Moves Clause: Sleep-inducing moves are banned
|clearpoke
|poke|p1|Sableye, F|
|poke|p1|Weezing-Galar, F|
|poke|p1|Lokix, M|
|poke|p1|Maushold|
|poke|p1|Keldeo-Resolute|
|poke|p1|Ditto|
|poke|p2|Slowking-Galar, M|
|poke|p2|Scizor, M|
|poke|p2|Moltres|
|poke|p2|Meowscarada, M|
|poke|p2|Raging Bolt|
|poke|p2|Great Tusk|
|teampreview
|inactive|Battle timer is ON: inactive players will automatically lose when time's up. (requested by BeachLeak)
|
|t:|1769308622
|teamsize|p1|6
|teamsize|p2|6
|start
|switch|p1a: Keldeo|Keldeo-Resolute|100/100
|switch|p2a: Scizor|Scizor, M|100/100
|turn|1
|
|t:|1769308628
|move|p1a: Keldeo|Surf|p2a: Scizor
|-damage|p2a: Scizor|0 fnt
|faint|p2a: Scizor
|
|upkeep
|
|t:|1769308632
|switch|p2a: Raging Bolt|Raging Bolt|100/100
|turn|2
|
|t:|1769308637
|switch|p1a: Ditto|Ditto|100/100
|-transform|p1a: Ditto|p2a: Raging Bolt|[from] ability: Imposter
|move|p2a: Raging Bolt|Volt Switch|p1a: Ditto
|-resisted|p1a: Ditto
|-damage|p1a: Ditto|81/100
|
|t:|1769308645
|-end|p2a: Raging Bolt|Protosynthesis|[silent]
|switch|p2a: chateau marmont|Meowscarada, M|100/100|[from] Volt Switch
|
|upkeep
|turn|3
|
|t:|1769308656
|-end|p1a: Ditto|Protosynthesis|[silent]
|switch|p1a: Weezing|Weezing-Galar, F|100/100
|-ability|p1a: Weezing|Neutralizing Gas
|move|p2a: chateau marmont|Triple Axel|p1a: Weezing
|-damage|p1a: Weezing|95/100
|-damage|p1a: Weezing|85/100
|-damage|p1a: Weezing|67/100
|-hitcount|p1a: Weezing|3
|
|-heal|p1a: Weezing|73/100|[from] item: Leftovers
|upkeep
|turn|4
|
|t:|1769308672
|switch|p2a: Slowking|Slowking-Galar, M|100/100
|move|p1a: Weezing|Strange Steam|p2a: Slowking
|-resisted|p2a: Slowking
|-damage|p2a: Slowking|92/100
|
|-heal|p1a: Weezing|79/100|[from] item: Leftovers
|upkeep
|turn|5
|
|t:|1769308680
|-end|p1a: Weezing|ability: Neutralizing Gas
|switch|p1a: Lokix|Lokix, M|100/100
|-prepare|p2a: Slowking|Chilly Reception|[premajor]
|move|p2a: Slowking|Chilly Reception|p2a: Slowking
|-weather|Snowscape
|
|t:|1769308685
|switch|p2a: Moltres|Moltres|100/100|[from] Chilly Reception
|
|-weather|Snowscape|[upkeep]
|upkeep
|turn|6
|
|t:|1769308691
|switch|p1a: Sableye|Sableye, F|100/100
|move|p2a: Moltres|U-turn|p1a: Sableye
|-damage|p1a: Sableye|86/100
|
|t:|1769308695
|switch|p2a: Raging Bolt|Raging Bolt|100/100|[from] U-turn
|
|-weather|Snowscape|[upkeep]
|-heal|p1a: Sableye|93/100|[from] item: Leftovers
|upkeep
|turn|7
|
|t:|1769308701
|move|p1a: Sableye|Will-O-Wisp|p2a: Raging Bolt
|-status|p2a: Raging Bolt|brn
|move|p2a: Raging Bolt|Volt Switch|p1a: Sableye
|-damage|p1a: Sableye|0 fnt
|faint|p1a: Sableye
|
|t:|1769308708
|-end|p2a: Raging Bolt|Protosynthesis|[silent]
|switch|p2a: chateau marmont|Meowscarada, M|100/100|[from] Volt Switch
|
|-weather|Snowscape|[upkeep]
|upkeep
|
|t:|1769308714
|switch|p1a: Lokix|Lokix, M|100/100
|turn|8
|
|t:|1769308720
|switch|p2a: Moltres|Moltres|100/100
|switch|p1a: Keldeo|Keldeo-Resolute|100/100
|
|-weather|Snowscape|[upkeep]
|upkeep
|turn|9
|
|t:|1769308733
|switch|p2a: Raging Bolt|Raging Bolt|100/100 brn
|move|p1a: Keldeo|Surf|p2a: Raging Bolt
|-resisted|p2a: Raging Bolt
|-damage|p2a: Raging Bolt|65/100 brn
|
|-weather|none
|-damage|p2a: Raging Bolt|59/100 brn|[from] brn
|upkeep
|turn|10
|
|t:|1769308742
|switch|p1a: Weezing|Weezing-Galar, F|79/100
|-ability|p1a: Weezing|Neutralizing Gas
|move|p2a: Raging Bolt|Dragon Pulse|p1a: Weezing
|-immune|p1a: Weezing
|
|-heal|p1a: Weezing|85/100|[from] item: Leftovers
|-damage|p2a: Raging Bolt|53/100 brn|[from] brn
|upkeep
|turn|11
|
|t:|1769308753
|-end|p2a: Raging Bolt|Protosynthesis|[silent]
|switch|p2a: Slowking|Slowking-Galar, M|100/100
|-end|p1a: Weezing|ability: Neutralizing Gas
|switch|p1a: Lokix|Lokix, M|100/100
|
|upkeep
|turn|12
|
|t:|1769308767
|switch|p2a: Moltres|Moltres|100/100
|move|p1a: Lokix|U-turn|p2a: Moltres
|-resisted|p2a: Moltres
|-damage|p2a: Moltres|84/100
|-status|p1a: Lokix|brn|[from] ability: Flame Body|[of] p2a: Moltres
|
|t:|1769308774
|switch|p1a: Keldeo|Keldeo-Resolute|100/100|[from] U-turn
|
|upkeep
|turn|13
|
|t:|1769308789
|switch|p2a: Slowking|Slowking-Galar, M|100/100
|move|p1a: Keldeo|Surf|p2a: Slowking
|-damage|p2a: Slowking|58/100
|
|upkeep
|turn|14
|
|t:|1769308800
|move|p1a: Keldeo|Surf|p2a: Slowking
|-damage|p2a: Slowking|14/100
|-prepare|p2a: Slowking|Chilly Reception|[premajor]
|move|p2a: Slowking|Chilly Reception|p2a: Slowking
|-weather|Snowscape
|
|t:|1769308804
|switch|p2a: chateau marmont|Meowscarada, M|100/100|[from] Chilly Reception
|
|-weather|Snowscape|[upkeep]
|upkeep
|turn|15
|
|t:|1769308809
|switch|p1a: Weezing|Weezing-Galar, F|85/100
|-ability|p1a: Weezing|Neutralizing Gas
|move|p2a: chateau marmont|Flower Trick|p1a: Weezing
|-resisted|p1a: Weezing
|-crit|p1a: Weezing
|-damage|p1a: Weezing|64/100
|
|-weather|Snowscape|[upkeep]
|-heal|p1a: Weezing|70/100|[from] item: Leftovers
|upkeep
|turn|16
|
|t:|1769308819
|switch|p2a: Moltres|Moltres|84/100
|move|p1a: Weezing|Strange Steam|p2a: Moltres
|-resisted|p2a: Moltres
|-damage|p2a: Moltres|70/100
|-start|p2a: Moltres|confusion
|
|-weather|Snowscape|[upkeep]
|-heal|p1a: Weezing|76/100|[from] item: Leftovers
|upkeep
|turn|17
|
|t:|1769308827
|-activate|p2a: Moltres|confusion
|move|p2a: Moltres|U-turn|p1a: Weezing
|-resisted|p1a: Weezing
|-damage|p1a: Weezing|73/100
|
|t:|1769308830
|switch|p2a: Slowking|Slowking-Galar, M|48/100|[from] U-turn
|move|p1a: Weezing|Toxic|p2a: Slowking
|-immune|p2a: Slowking
|
|-weather|Snowscape|[upkeep]
|-heal|p1a: Weezing|79/100|[from] item: Leftovers
|upkeep
|turn|18
|
|t:|1769308835
|move|p1a: Weezing|Strange Steam|p2a: Slowking
|-resisted|p2a: Slowking
|-damage|p2a: Slowking|40/100
|-prepare|p2a: Slowking|Chilly Reception|[premajor]
|move|p2a: Slowking|Chilly Reception|p2a: Slowking
|
|t:|1769308841
|switch|p2a: Raging Bolt|Raging Bolt|53/100 brn|[from] Chilly Reception
|
|-weather|none
|-heal|p1a: Weezing|85/100|[from] item: Leftovers
|-damage|p2a: Raging Bolt|47/100 brn|[from] brn
|upkeep
|turn|19
|
|t:|1769308850
|-end|p1a: Weezing|ability: Neutralizing Gas
|switch|p1a: Lokix|Lokix, M|100/100 brn
|move|p2a: Raging Bolt|Volt Switch|p1a: Lokix
|-damage|p1a: Lokix|0 fnt
|faint|p1a: Lokix
|
|t:|1769308854
|-end|p2a: Raging Bolt|Protosynthesis|[silent]
|switch|p2a: Slowking|Slowking-Galar, M|40/100|[from] Volt Switch
|
|upkeep
|
|t:|1769308864
|switch|p1a: Maushold|Maushold|100/100
|turn|20
|
|t:|1769308870
|switch|p1a: Weezing|Weezing-Galar, F|85/100
|-ability|p1a: Weezing|Neutralizing Gas
|switch|p2a: Moltres|Moltres|70/100
|
|-heal|p1a: Weezing|91/100|[from] item: Leftovers
|upkeep
|turn|21
|
|t:|1769308884
|move|p2a: Moltres|U-turn|p1a: Weezing
|-resisted|p1a: Weezing
|-damage|p1a: Weezing|87/100
|
|t:|1769308889
|switch|p2a: Slowking|Slowking-Galar, M|40/100|[from] U-turn
|move|p1a: Weezing|Strange Steam|p2a: Slowking
|-resisted|p2a: Slowking
|-damage|p2a: Slowking|32/100
|
|-heal|p1a: Weezing|93/100|[from] item: Leftovers
|upkeep
|turn|22
|
|t:|1769308895
|move|p1a: Weezing|Strange Steam|p2a: Slowking
|-resisted|p2a: Slowking
|-damage|p2a: Slowking|24/100
|-prepare|p2a: Slowking|Chilly Reception|[premajor]
|move|p2a: Slowking|Chilly Reception|p2a: Slowking
|-weather|Snowscape
|
|t:|1769308907
|switch|p2a: Raging Bolt|Raging Bolt|47/100 brn|[from] Chilly Reception
|
|-weather|Snowscape|[upkeep]
|-heal|p1a: Weezing|99/100|[from] item: Leftovers
|-damage|p2a: Raging Bolt|41/100 brn|[from] brn
|upkeep
|turn|23
|
|t:|1769308913
|move|p2a: Raging Bolt|Volt Switch|p1a: Weezing
|-damage|p1a: Weezing|45/100
|
|t:|1769308922
|-end|p2a: Raging Bolt|Protosynthesis|[silent]
|switch|p2a: Tusk Freestyle|Great Tusk|100/100|[from] Volt Switch
|move|p1a: Weezing|Strange Steam|p2a: Tusk Freestyle
|-supereffective|p2a: Tusk Freestyle
|-damage|p2a: Tusk Freestyle|21/100
|
|-weather|Snowscape|[upkeep]
|-heal|p1a: Weezing|51/100|[from] item: Leftovers
|upkeep
|turn|24
|
|t:|1769308933
|-end|p1a: Weezing|ability: Neutralizing Gas
|switch|p1a: Ditto|Ditto|81/100
|-transform|p1a: Ditto|p2a: Tusk Freestyle|[from] ability: Imposter
|move|p2a: Tusk Freestyle|Headlong Rush|p1a: Ditto
|-crit|p1a: Ditto
|-damage|p1a: Ditto|0 fnt
|-unboost|p2a: Tusk Freestyle|def|1
|-unboost|p2a: Tusk Freestyle|spd|1
|faint|p1a: Ditto
|-end|p1a: Ditto|Protosynthesis|[silent]
|
|-weather|Snowscape|[upkeep]
|upkeep
|
|t:|1769308943
|switch|p1a: Keldeo|Keldeo-Resolute|100/100
|turn|25
|
|t:|1769308955
|move|p1a: Keldeo|Surf|p2a: Tusk Freestyle
|-supereffective|p2a: Tusk Freestyle
|-damage|p2a: Tusk Freestyle|0 fnt
|faint|p2a: Tusk Freestyle
|-end|p2a: Tusk Freestyle|Protosynthesis|[silent]
|
|-weather|Snowscape|[upkeep]
|upkeep
|
|t:|1769308964
|switch|p2a: Slowking|Slowking-Galar, M|24/100
|turn|26
|
|t:|1769308976
|switch|p1a: Weezing|Weezing-Galar, F|51/100
|-ability|p1a: Weezing|Neutralizing Gas
|switch|p2a: chateau marmont|Meowscarada, M|100/100
|
|-weather|none
|-heal|p1a: Weezing|57/100|[from] item: Leftovers
|upkeep
|turn|27
|
|t:|1769308988
|switch|p2a: Slowking|Slowking-Galar, M|24/100
|move|p1a: Weezing|Strange Steam|p2a: Slowking
|-resisted|p2a: Slowking
|-damage|p2a: Slowking|15/100
|
|-heal|p1a: Weezing|63/100|[from] item: Leftovers
|upkeep
|turn|28
|
|t:|1769308994
|move|p1a: Weezing|Strange Steam|p2a: Slowking
|-resisted|p2a: Slowking
|-damage|p2a: Slowking|7/100
|move|p2a: Slowking|Future Sight|p1a: Weezing
|-start|p2a: Slowking|move: Future Sight
|
|-heal|p1a: Weezing|69/100|[from] item: Leftovers
|upkeep
|turn|29
|
|t:|1769309004
|switch|p2a: Moltres|Moltres|70/100
|move|p1a: Weezing|Strange Steam|p2a: Moltres
|-resisted|p2a: Moltres
|-damage|p2a: Moltres|55/100
|
|-heal|p1a: Weezing|75/100|[from] item: Leftovers
|upkeep
|turn|30
|
|t:|1769309014
|-end|p1a: Weezing|ability: Neutralizing Gas
|switch|p1a: Maushold|Maushold|100/100
|move|p2a: Moltres|Roost|p2a: Moltres
|-heal|p2a: Moltres|100/100
|-singleturn|p2a: Moltres|move: Roost
|
|-end|p1a: Maushold|move: Future Sight
|-damage|p1a: Maushold|31/100
|upkeep
|turn|31
|
|t:|1769309024
|switch|p1a: Weezing|Weezing-Galar, F|75/100
|-ability|p1a: Weezing|Neutralizing Gas
|move|p2a: Moltres|U-turn|p1a: Weezing
|-resisted|p1a: Weezing
|-damage|p1a: Weezing|72/100
|
|t:|1769309027
|switch|p2a: Raging Bolt|Raging Bolt|41/100 brn|[from] U-turn
|
|-heal|p1a: Weezing|78/100|[from] item: Leftovers
|-damage|p2a: Raging Bolt|35/100 brn|[from] brn
|upkeep
|turn|32
|
|t:|1769309038
|-end|p1a: Weezing|ability: Neutralizing Gas
|switch|p1a: Maushold|Maushold|31/100
|move|p2a: Raging Bolt|Volt Switch|p1a: Maushold
|-damage|p1a: Maushold|0 fnt
|faint|p1a: Maushold
|
|t:|1769309045
|-end|p2a: Raging Bolt|Protosynthesis|[silent]
|switch|p2a: Slowking|Slowking-Galar, M|7/100|[from] Volt Switch
|
|upkeep
|
|t:|1769309054
|switch|p1a: Weezing|Weezing-Galar, F|78/100
|-ability|p1a: Weezing|Neutralizing Gas
|turn|33
|
|t:|1769309064
|switch|p2a: Moltres|Moltres|100/100
|move|p1a: Weezing|Toxic|p2a: Moltres
|-status|p2a: Moltres|tox
|
|-heal|p1a: Weezing|84/100|[from] item: Leftovers
|-damage|p2a: Moltres|94/100 tox|[from] psn
|upkeep
|turn|34
|
|t:|1769309072
|-end|p1a: Weezing|ability: Neutralizing Gas
|switch|p1a: Keldeo|Keldeo-Resolute|100/100
|move|p2a: Moltres|Flamethrower|p1a: Keldeo
|-resisted|p1a: Keldeo
|-damage|p1a: Keldeo|80/100
|
|-damage|p2a: Moltres|82/100 tox|[from] psn
|upkeep
|turn|35
|
|t:|1769309080
|switch|p2a: Slowking|Slowking-Galar, M|7/100
|move|p1a: Keldeo|Surf|p2a: Slowking
|-damage|p2a: Slowking|0 fnt
|faint|p2a: Slowking
|
|upkeep
|
|t:|1769309085
|switch|p2a: chateau marmont|Meowscarada, M|100/100
|turn|36
|
|t:|1769309089
|switch|p1a: Weezing|Weezing-Galar, F|84/100
|-ability|p1a: Weezing|Neutralizing Gas
|move|p2a: chateau marmont|U-turn|p1a: Weezing
|-resisted|p1a: Weezing
|-damage|p1a: Weezing|79/100
|
|t:|1769309092
|switch|p2a: Raging Bolt|Raging Bolt|35/100 brn|[from] U-turn
|
|-heal|p1a: Weezing|85/100|[from] item: Leftovers
|-damage|p2a: Raging Bolt|29/100 brn|[from] brn
|upkeep
|turn|37
|
|t:|1769309105
|move|p2a: Raging Bolt|Volt Switch|p1a: Weezing
|-damage|p1a: Weezing|30/100
|
|t:|1769309110
|-end|p2a: Raging Bolt|Protosynthesis|[silent]
|switch|p2a: Moltres|Moltres|82/100 tox|[from] Volt Switch
|move|p1a: Weezing|Pain Split|p2a: Moltres
|-sethp|p2a: Moltres|54/100 tox|[from] move: Pain Split|[silent]
|-sethp|p1a: Weezing|62/100|[from] move: Pain Split
|
|-heal|p1a: Weezing|68/100|[from] item: Leftovers
|-damage|p2a: Moltres|48/100 tox|[from] psn
|upkeep
|turn|38
|
|t:|1769309120
|-end|p1a: Weezing|ability: Neutralizing Gas
|switch|p1a: Keldeo|Keldeo-Resolute|80/100
|move|p2a: Moltres|Roost|p2a: Moltres
|-heal|p2a: Moltres|98/100 tox
|-singleturn|p2a: Moltres|move: Roost
|
|-damage|p2a: Moltres|86/100 tox|[from] psn
|upkeep
|turn|39
|
|t:|1769309127
|-terastallize|p2a: Moltres|Grass
|move|p1a: Keldeo|Surf|p2a: Moltres
|-resisted|p2a: Moltres
|-damage|p2a: Moltres|48/100 tox
|move|p2a: Moltres|U-turn|p1a: Keldeo
|-resisted|p1a: Keldeo
|-damage|p1a: Keldeo|72/100
|
|t:|1769309132
|switch|p2a: chateau marmont|Meowscarada, M|100/100|[from] U-turn
|
|upkeep
|turn|40
|
|t:|1769309140
|move|p2a: chateau marmont|Flower Trick|p1a: Keldeo
|-start|p2a: chateau marmont|typechange|Grass|[from] ability: Protean
|-supereffective|p1a: Keldeo
|-crit|p1a: Keldeo
|-damage|p1a: Keldeo|0 fnt
|faint|p1a: Keldeo
|
|upkeep
|
|t:|1769309145
|switch|p1a: Weezing|Weezing-Galar, F|68/100
|-ability|p1a: Weezing|Neutralizing Gas
|turn|41
|
|t:|1769309149
|switch|p2a: Moltres|Moltres, tera:Grass|48/100 tox
|move|p1a: Weezing|Strange Steam|p2a: Moltres
|-damage|p2a: Moltres|19/100 tox
|
|-heal|p1a: Weezing|74/100|[from] item: Leftovers
|-damage|p2a: Moltres|13/100 tox|[from] psn
|upkeep
|turn|42
|
|t:|1769309158
|move|p2a: Moltres|Flamethrower|p1a: Weezing
|-damage|p1a: Weezing|42/100
|-status|p1a: Weezing|brn
|move|p1a: Weezing|Strange Steam|p2a: Moltres
|-damage|p2a: Moltres|0 fnt
|faint|p2a: Moltres
|
|-heal|p1a: Weezing|48/100 brn|[from] item: Leftovers
|-damage|p1a: Weezing|42/100 brn|[from] brn
|upkeep
|
|t:|1769309162
|switch|p2a: Raging Bolt|Raging Bolt|29/100 brn
|turn|43
|
|t:|1769309165
|move|p2a: Raging Bolt|Volt Switch|p1a: Weezing
|-damage|p1a: Weezing|0 fnt
|faint|p1a: Weezing
|-end|p1a: Weezing|ability: Neutralizing Gas
|
|win|BeachLeak
|raw|Jklqtlq's rating: 1547 &rarr; <strong>1521</strong><br />(-26 for losing)
|raw|BeachLeak's rating: 1446 &rarr; <strong>1472</strong><br />(+26 for winning)
|l|☆Jklqtlq
|player|p1|
|l|☆BeachLeak
|player|p2|
