|j|☆Jhkhgfd
|j|☆SacredScythee
|t:|1769319155
|gametype|singles
|player|p1|Jhkhgfd|170|1312
|player|p2|SacredScythee|265|1348
|gen|9
|tier|[Gen 9] OU
|rated|
|rule|HP Percentage Mod: HP is shown in percentages
|rule|Endless Battle Clause: Forcing endless battles is banned
|rule|Species Clause: Limit one of each Pokémon
|rule|OHKO Clause: OHKO moves are banned
|rule|Evasion Items Clause: Evasion items are banned
|rule|Evasion Moves Clause: Evasion moves are banned
|rule|Evasion Abilities Clause: Evasion abilities are banned
|rule|Sleep Moves Clause: Sleep-inducing moves are banned
|clearpoke
|poke|p1|Tinkaton, F|
|poke|p1|Ogerpon, F|
|poke|p1|Great Tusk|
|poke|p1|Pecharunt|
|poke|p1|Alomomola, M|
|poke|p1|Hydreigon, M|
|poke|p2|Garchomp, M|
|poke|p2|Chandelure, M|
|poke|p2|Meowscarada, M|
|poke|p2|Corviknight, M|
|poke|p2|Heatran, M|
|poke|p2|Iron Valiant|
|teampreview
|l|☆Jhkhgfd
|player|p1|
|inactive|Battle timer is ON: inactive players will automatically lose when time's up. (requested by SacredScythee)
|j|☆Jhkhgfd
|inactive|Jhkhgfd reconnected.
|player|p1|Jhkhgfd|170|
|inactive|SacredScythee has 120 seconds left.
|
|t:|1769319241
|teamsize|p1|6
|teamsize|p2|6
|start
|switch|p1a: Smile.exe|Tinkaton, F, shiny|100/100
|switch|p2a: Heatran|Heatran, M|100/100
|-item|p1a: Smile.exe|Air Balloon
|-item|p2a: Heatran|Air Balloon
|turn|1
|inactive|SacredScythee has 120 seconds left.
|
|t:|1769319290
|switch|p1a: Pisces|Alomomola, M, shiny|100/100
|switch|p2a: Corviknight|Corviknight, M|100/100
|-ability|p2a: Corviknight|Pressure
|
|upkeep
|turn|2
|
|t:|1769319301
|move|p2a: Corviknight|U-turn|p1a: Pisces
|-damage|p1a: Pisces|90/100
|inactive|SacredScythee has 90 seconds left.
|
|t:|1769319341
|switch|p2a: Garchomp|Garchomp, M|100/100|[from] U-turn
|move|p1a: Pisces|Flip Turn|p2a: Garchomp
|-damage|p2a: Garchomp|85/100
|-damage|p1a: Pisces|77/100|[from] ability: Rough Skin|[of] p2a: Garchomp
|
|t:|1769319368
|switch|p1a: Behemoth|Great Tusk, shiny|100/100|[from] Flip Turn
|
|upkeep
|turn|3
|
|t:|1769319391
|switch|p2a: Heatran|Heatran, M|100/100
|-item|p2a: Heatran|Air Balloon
|move|p1a: Behemoth|Ice Spinner|p2a: Heatran
|-resisted|p2a: Heatran
|-damage|p2a: Heatran|95/100
|-enditem|p2a: Heatran|Air Balloon
|
|upkeep
|turn|4
|inactive|SacredScythee has 60 seconds left.
|
|t:|1769319430
|-end|p1a: Behemoth|Protosynthesis|[silent]
|switch|p1a: Pisces|Alomomola, M, shiny|100/100
|switch|p2a: Corviknight|Corviknight, M|100/100
|-ability|p2a: Corviknight|Pressure
|
|upkeep
|turn|5
|inactive|SacredScythee has 30 seconds left.
|inactive|SacredScythee has 20 seconds left.
|
|t:|1769319464
|move|p2a: Corviknight|Roost||[still]
|-fail|p2a: Corviknight|heal
|move|p1a: Pisces|Flip Turn|p2a: Corviknight
|-damage|p2a: Corviknight|90/100
|-damage|p1a: Pisces|84/100|[from] item: Rocky Helmet|[of] p2a: Corviknight
|
|t:|1769319470
|switch|p1a: Overseer|Pecharunt|100/100|[from] Flip Turn
|
|upkeep
|turn|6
|inactive|SacredScythee has 30 seconds left.
|inactive|SacredScythee has 20 seconds left.
|
|t:|1769319485
|move|p1a: Overseer|Shadow Ball|p2a: Corviknight
|-crit|p2a: Corviknight
|-damage|p2a: Corviknight|53/100
|move|p2a: Corviknight|U-turn|p1a: Overseer
|-resisted|p1a: Overseer
|-damage|p1a: Overseer|99/100
|-damage|p2a: Corviknight|37/100|[from] item: Rocky Helmet|[of] p1a: Overseer
|inactive|SacredScythee has 25 seconds left this turn.
|inactive|SacredScythee has 20 seconds left.
|inactive|SacredScythee has 15 seconds left.
|
|t:|1769319496
|switch|p2a: Chandelure|Chandelure, M|100/100|[from] U-turn
|
|upkeep
|turn|7
|inactive|SacredScythee has 25 seconds left this turn.
|inactive|SacredScythee has 20 seconds left.
|inactive|SacredScythee has 15 seconds left.
|
|t:|1769319510
|switch|p1a: Pisces|Alomomola, M, shiny|100/100
|move|p2a: Chandelure|Trick|p1a: Pisces
|-activate|p2a: Chandelure|move: Trick|[of] p1a: Pisces
|-item|p1a: Pisces|Choice Scarf|[from] move: Trick
|-item|p2a: Chandelure|Assault Vest|[from] move: Trick
|
|upkeep
|turn|8
|inactive|SacredScythee has 25 seconds left this turn.
|inactive|SacredScythee has 20 seconds left.
|inactive|SacredScythee has 15 seconds left.
|inactiveoff|Battle timer is now OFF.
|
|t:|1769319544
|switch|p2a: Meowscarada|Meowscarada, M|100/100
|move|p1a: Pisces|Flip Turn|p2a: Meowscarada
|-resisted|p2a: Meowscarada
|-damage|p2a: Meowscarada|89/100
|
|t:|1769319551
|switch|p1a: Overseer|Pecharunt|99/100|[from] Flip Turn
|
|upkeep
|turn|9
|
|t:|1769319565
|switch|p2a: Chandelure|Chandelure, M|100/100
|switch|p1a: Smile.exe|Tinkaton, F, shiny|100/100
|-item|p1a: Smile.exe|Air Balloon
|
|upkeep
|turn|10
|
|t:|1769319583
|switch|p1a: Pisces|Alomomola, M, shiny|100/100
|move|p2a: Chandelure|Shadow Ball|p1a: Pisces
|-damage|p1a: Pisces|67/100
|
|upkeep
|turn|11
|
|t:|1769319641
|move|p2a: Chandelure|Energy Ball|p1a: Pisces
|-supereffective|p1a: Pisces
|-damage|p1a: Pisces|18/100
|move|p1a: Pisces|Flip Turn|p2a: Chandelure
|-supereffective|p2a: Chandelure
|-damage|p2a: Chandelure|56/100
|
|t:|1769319654
|switch|p1a: Hybrid|Hydreigon, M, shiny|100/100|[from] Flip Turn
|
|upkeep
|turn|12
|
|t:|1769319669
|switch|p2a: Heatran|Heatran, M|95/100
|move|p1a: Hybrid|Flash Cannon|p2a: Heatran
|-resisted|p2a: Heatran
|-damage|p2a: Heatran|88/100
|-unboost|p2a: Heatran|spd|1
|
|upkeep
|turn|13
|
|t:|1769319676
|switch|p1a: Pisces|Alomomola, M, shiny|51/100
|move|p2a: Heatran|Stealth Rock|p1a: Pisces
|-sidestart|p1: Jhkhgfd|move: Stealth Rock
|
|upkeep
|turn|14
|
|t:|1769319696
|switch|p2a: Garchomp|Garchomp, M|85/100
|move|p1a: Pisces|Flip Turn|p2a: Garchomp
|-crit|p2a: Garchomp
|-damage|p2a: Garchomp|60/100
|-damage|p1a: Pisces|38/100|[from] ability: Rough Skin|[of] p2a: Garchomp
|
|t:|1769319703
|switch|p1a: Smile.exe|Tinkaton, F, shiny|100/100|[from] Flip Turn
|-damage|p1a: Smile.exe|94/100|[from] Stealth Rock
|-item|p1a: Smile.exe|Air Balloon
|
|upkeep
|turn|15
|
|t:|1769319715
|move|p2a: Garchomp|Fire Blast|p1a: Smile.exe|[miss]
|-miss|p2a: Garchomp|p1a: Smile.exe
|move|p1a: Smile.exe|Ice Hammer|p2a: Garchomp
|-supereffective|p2a: Garchomp
|-damage|p2a: Garchomp|0 fnt
|-unboost|p1a: Smile.exe|spe|1
|-damage|p1a: Smile.exe|82/100|[from] ability: Rough Skin|[of] p2a: Garchomp
|faint|p2a: Garchomp
|
|upkeep
|inactive|Battle timer is ON: inactive players will automatically lose when time's up. (requested by Jhkhgfd)
|inactive|SacredScythee has 25 seconds left this turn.
|inactive|SacredScythee has 20 seconds left.
|inactive|SacredScythee has 15 seconds left.
|
|t:|1769319757
|switch|p2a: Heatran|Heatran, M|88/100
|turn|16
|inactive|SacredScythee has 25 seconds left this turn.
|inactive|SacredScythee has 20 seconds left.
|inactive|Jhkhgfd has 120 seconds left.
|inactive|Jhkhgfd has 90 seconds left.
|
|t:|1769319843
|switch|p1a: Pisces|Alomomola, M, shiny|72/100
|-damage|p1a: Pisces|59/100|[from] Stealth Rock
|switch|p2a: Meowscarada|Meowscarada, M|89/100
|
|upkeep
|turn|17
|inactive|SacredScythee has 30 seconds left this turn.
|
|t:|1769319852
|switch|p1a: Overseer|Pecharunt|99/100
|-damage|p1a: Overseer|87/100|[from] Stealth Rock
|move|p2a: Meowscarada|Flower Trick|p1a: Overseer
|-start|p2a: Meowscarada|typechange|Grass|[from] ability: Protean
|-resisted|p1a: Overseer
|-crit|p1a: Overseer
|-damage|p1a: Overseer|71/100
|
|upkeep
|turn|18
|inactive|SacredScythee has 30 seconds left.
|inactive|SacredScythee has 20 seconds left.
|inactive|Jhkhgfd has 60 seconds left.
|
|t:|1769319891
|switch|p2a: Chandelure|Chandelure, M|56/100
|move|p1a: Overseer|Shadow Ball|p2a: Chandelure
|-supereffective|p2a: Chandelure
|-damage|p2a: Chandelure|7/100
|
|upkeep
|turn|19
|inactive|SacredScythee has 30 seconds left this turn.
|inactive|SacredScythee has 20 seconds left.
|
|t:|1769319906
|switch|p1a: Pisces|Alomomola, M, shiny|92/100
|-damage|p1a: Pisces|80/100|[from] Stealth Rock
|move|p2a: Chandelure|Shadow Ball|p1a: Pisces
|-damage|p1a: Pisces|48/100
|
|upkeep
|turn|20
|inactive|SacredScythee has 30 seconds left this turn.
|inactive|SacredScythee has 20 seconds left.
|inactive|SacredScythee has 15 seconds left.
|inactive|SacredScythee has 10 seconds left.
|
|t:|1769319929
|-terastallize|p2a: Chandelure|Grass
|move|p2a: Chandelure|Energy Ball|p1a: Pisces
|-supereffective|p1a: Pisces
|-damage|p1a: Pisces|0 fnt
|faint|p1a: Pisces
|
|upkeep
|
|t:|1769319936
|switch|p1a: Anonymous|Ogerpon, F|100/100
|-damage|p1a: Anonymous|88/100|[from] Stealth Rock
|turn|21
|inactive|SacredScythee has 25 seconds left this turn.
|inactive|SacredScythee has 20 seconds left.
|inactive|SacredScythee has 15 seconds left.
|
|t:|1769319947
|move|p1a: Anonymous|U-turn|p2a: Chandelure
|-supereffective|p2a: Chandelure
|-damage|p2a: Chandelure|0 fnt
|faint|p2a: Chandelure
|
|t:|1769319957
|switch|p1a: Hybrid|Hydreigon, M, shiny|100/100|[from] U-turn
|-damage|p1a: Hybrid|88/100|[from] Stealth Rock
|
|upkeep
|inactive|SacredScythee has 25 seconds left this turn.
|inactive|SacredScythee has 20 seconds left.
|inactive|SacredScythee has 15 seconds left.
|
|t:|1769319972
|switch|p2a: Iron Valiant|Iron Valiant|100/100
|-enditem|p2a: Iron Valiant|Booster Energy
|-activate|p2a: Iron Valiant|ability: Quark Drive|[fromitem]
|-start|p2a: Iron Valiant|quarkdrivespe
|turn|22
|inactive|SacredScythee has 25 seconds left this turn.
|inactive|SacredScythee has 20 seconds left.
|
|t:|1769319990
|-terastallize|p1a: Hybrid|Steel
|move|p2a: Iron Valiant|Calm Mind|p2a: Iron Valiant
|-boost|p2a: Iron Valiant|spa|1
|-boost|p2a: Iron Valiant|spd|1
|move|p1a: Hybrid|Flash Cannon|p2a: Iron Valiant
|-supereffective|p2a: Iron Valiant
|-damage|p2a: Iron Valiant|0 fnt
|faint|p2a: Iron Valiant
|-end|p2a: Iron Valiant|Quark Drive|[silent]
|
|upkeep
|inactive|SacredScythee has 25 seconds left this turn.
|inactive|SacredScythee has 20 seconds left.
|inactive|SacredScythee has 15 seconds left.
|
|t:|1769320000
|switch|p2a: Heatran|Heatran, M|88/100
|turn|23
|inactive|SacredScythee has 25 seconds left this turn.
|inactive|SacredScythee has 20 seconds left.
|inactive|SacredScythee has 15 seconds left.
|
|t:|1769320018
|switch|p1a: Overseer|Pecharunt|71/100
|-damage|p1a: Overseer|59/100|[from] Stealth Rock
|move|p2a: Heatran|Magma Storm|p1a: Overseer
|-damage|p1a: Overseer|19/100
|-activate|p1a: Overseer|move: Magma Storm|[of] p2a: Heatran
|
|-damage|p1a: Overseer|6/100|[from] move: Magma Storm|[partiallytrapped]
|upkeep
|turn|24
|inactive|SacredScythee has 25 seconds left this turn.
|inactive|SacredScythee has 20 seconds left.
|inactive|SacredScythee has 15 seconds left.
|inactive|SacredScythee has 10 seconds left.
|inactive|SacredScythee has 5 seconds left.
|
|t:|1769320040
|move|p1a: Overseer|Shadow Ball|p2a: Heatran
|-damage|p2a: Heatran|73/100
|move|p2a: Heatran|Earth Power|p1a: Overseer
|-supereffective|p1a: Overseer
|-damage|p1a: Overseer|0 fnt
|faint|p1a: Overseer
|
|upkeep
|
|t:|1769320047
|switch|p1a: Behemoth|Great Tusk, shiny|100/100
|turn|25
|inactive|SacredScythee has 20 seconds left this turn.
|inactive|SacredScythee has 15 seconds left.
|
|t:|1769320053
|switch|p2a: Corviknight|Corviknight, M|37/100
|-ability|p2a: Corviknight|Pressure
|move|p1a: Behemoth|Rapid Spin|p2a: Corviknight
|-resisted|p2a: Corviknight
|-damage|p2a: Corviknight|32/100
|-boost|p1a: Behemoth|spe|1
|-damage|p1a: Behemoth|84/100|[from] item: Rocky Helmet|[of] p2a: Corviknight
|-sideend|p1: Jhkhgfd|Stealth Rock|[from] move: Rapid Spin|[of] p1a: Behemoth
|
|upkeep
|turn|26
|inactive|SacredScythee has 25 seconds left this turn.
|inactive|Jhkhgfd has 90 seconds left.
|inactive|SacredScythee has 20 seconds left.
|
|t:|1769320067
|move|p1a: Behemoth|Close Combat|p2a: Corviknight
|-damage|p2a: Corviknight|0 fnt
|-unboost|p1a: Behemoth|def|1
|-unboost|p1a: Behemoth|spd|1
|-damage|p1a: Behemoth|68/100|[from] item: Rocky Helmet|[of] p2a: Corviknight
|faint|p2a: Corviknight
|
|upkeep
|inactive|SacredScythee has 25 seconds left this turn.
|inactive|SacredScythee has 20 seconds left.
|inactive|SacredScythee has 15 seconds left.
|-message|SacredScythee forfeited.
|
|win|Jhkhgfd
|raw|Jhkhgfd's rating: 1329 &rarr; <strong>1350</strong><br />(+21 for winning)
|raw|SacredScythee's rating: 1348 &rarr; <strong>1327</strong><br />(-21 for losing)
|l|☆SacredScythee
|player|p2|
|l|☆Jhkhgfd
|player|p1|
