|j|☆mistyholt78
|j|☆croakie_yt
|t:|1769390739
|gametype|singles
|player|p1|mistyholt78|caitlin|1155
|player|p2|croakie_yt|102|1177
|gen|9
|tier|[Gen 9] OU
|rated|
|rule|HP Percentage Mod: HP is shown in percentages
|rule|Endless Battle Clause: Forcing endless battles is banned
|rule|Species Clause: Limit one of each Pokémon
|rule|OHKO Clause: OHKO moves are banned
|rule|Evasion Items Clause: Evasion items are banned
|rule|Evasion Moves Clause: Evasion moves are banned
|rule|Evasion Abilities Clause: Evasion abilities are banned
|rule|Sleep Moves Clause: Sleep-inducing moves are banned
|clearpoke
|poke|p1|Rotom-Wash|
|poke|p1|Gliscor, F|
|poke|p1|Meowscarada, F|
|poke|p1|Gholdengo|
|poke|p1|Dragapult, F|
|poke|p1|Iron Valiant|
|poke|p2|Dunsparce, M|
|poke|p2|Palossand, M|
|poke|p2|Arcanine-Hisui, M|
|poke|p2|Infernape, F|
|poke|p2|Tropius, M|
|poke|p2|Haxorus, M|
|teampreview
|
|t:|1769390758
|teamsize|p1|6
|teamsize|p2|6
|start
|switch|p1a: Rotom|Rotom-Wash|100/100
|switch|p2a: Palossand|Palossand, M, shiny|100/100
|turn|1
|
|t:|1769390761
|move|p1a: Rotom|Will-O-Wisp|p2a: Palossand
|-status|p2a: Palossand|brn
|move|p2a: Palossand|Stealth Rock|p1a: Rotom
|-sidestart|p1: mistyholt78|move: Stealth Rock
|
|-damage|p2a: Palossand|94/100 brn|[from] brn
|upkeep
|turn|2
|
|t:|1769390775
|switch|p1a: Flandre scarlet|Gliscor, F|100/100
|-damage|p1a: Flandre scarlet|88/100|[from] Stealth Rock
|move|p2a: Palossand|Energy Ball|p1a: Flandre scarlet
|-damage|p1a: Flandre scarlet|64/100
|
|-heal|p2a: Palossand|100/100 brn|[from] item: Leftovers
|-damage|p2a: Palossand|94/100 brn|[from] brn
|-status|p1a: Flandre scarlet|tox|[from] item: Toxic Orb
|upkeep
|turn|3
|
|t:|1769390780
|move|p1a: Flandre scarlet|Swords Dance|p1a: Flandre scarlet
|-boost|p1a: Flandre scarlet|atk|2
|move|p2a: Palossand|Shadow Ball|p1a: Flandre scarlet
|-damage|p1a: Flandre scarlet|33/100 tox
|
|-heal|p2a: Palossand|100/100 brn|[from] item: Leftovers
|-heal|p1a: Flandre scarlet|45/100 tox|[from] ability: Poison Heal
|-damage|p2a: Palossand|94/100 brn|[from] brn
|upkeep
|turn|4
|
|t:|1769390785
|move|p1a: Flandre scarlet|Protect|p1a: Flandre scarlet
|-singleturn|p1a: Flandre scarlet|Protect
|move|p2a: Palossand|Shadow Ball|p1a: Flandre scarlet
|-activate|p1a: Flandre scarlet|move: Protect
|
|-heal|p2a: Palossand|100/100 brn|[from] item: Leftovers
|-heal|p1a: Flandre scarlet|58/100 tox|[from] ability: Poison Heal
|-damage|p2a: Palossand|94/100 brn|[from] brn
|upkeep
|turn|5
|
|t:|1769390790
|move|p1a: Flandre scarlet|Swords Dance|p1a: Flandre scarlet
|-boost|p1a: Flandre scarlet|atk|2
|move|p2a: Palossand|Shadow Ball|p1a: Flandre scarlet
|-damage|p1a: Flandre scarlet|30/100 tox
|
|-heal|p2a: Palossand|100/100 brn|[from] item: Leftovers
|-heal|p1a: Flandre scarlet|43/100 tox|[from] ability: Poison Heal
|-damage|p2a: Palossand|94/100 brn|[from] brn
|upkeep
|turn|6
|
|t:|1769390796
|move|p1a: Flandre scarlet|Earthquake|p2a: Palossand
|-damage|p2a: Palossand|9/100 brn
|move|p2a: Palossand|Shadow Ball|p1a: Flandre scarlet
|-damage|p1a: Flandre scarlet|11/100 tox
|
|-heal|p2a: Palossand|15/100 brn|[from] item: Leftovers
|-heal|p1a: Flandre scarlet|23/100 tox|[from] ability: Poison Heal
|-damage|p2a: Palossand|9/100 brn|[from] brn
|upkeep
|turn|7
|
|t:|1769390839
|move|p1a: Flandre scarlet|Earthquake|p2a: Palossand
|-damage|p2a: Palossand|0 fnt
|faint|p2a: Palossand
|
|-heal|p1a: Flandre scarlet|36/100 tox|[from] ability: Poison Heal
|upkeep
|
|t:|1769390847
|switch|p2a: Arcanine|Arcanine-Hisui, M|100/100
|turn|8
|
|t:|1769390853
|move|p1a: Flandre scarlet|Protect|p1a: Flandre scarlet
|-singleturn|p1a: Flandre scarlet|Protect
|move|p2a: Arcanine|Head Smash|p1a: Flandre scarlet
|-activate|p1a: Flandre scarlet|move: Protect
|
|-heal|p1a: Flandre scarlet|48/100 tox|[from] ability: Poison Heal
|upkeep
|turn|9
|
|t:|1769390857
|move|p2a: Arcanine|Head Smash|p1a: Flandre scarlet|[miss]
|-miss|p2a: Arcanine|p1a: Flandre scarlet
|move|p1a: Flandre scarlet|Earthquake|p2a: Arcanine
|-supereffective|p2a: Arcanine
|-damage|p2a: Arcanine|0 fnt
|faint|p2a: Arcanine
|
|-heal|p1a: Flandre scarlet|60/100 tox|[from] ability: Poison Heal
|upkeep
|c|☆mistyholt78|Lol
|
|t:|1769390866
|switch|p2a: big suck|Tropius, M|100/100
|turn|10
|
|t:|1769390869
|move|p1a: Flandre scarlet|Dual Wingbeat|p2a: big suck
|-supereffective|p2a: big suck
|-damage|p2a: big suck|32/100
|-supereffective|p2a: big suck
|-damage|p2a: big suck|0 fnt
|faint|p2a: big suck
|-hitcount|p2: big suck|2
|
|-heal|p1a: Flandre scarlet|73/100 tox|[from] ability: Poison Heal
|upkeep
|
|t:|1769390875
|switch|p2a: Infernape|Infernape, F|100/100
|turn|11
|
|t:|1769390877
|move|p2a: Infernape|Flare Blitz|p1a: Flandre scarlet
|-damage|p1a: Flandre scarlet|22/100 tox
|-damage|p2a: Infernape|80/100|[from] Recoil
|move|p1a: Flandre scarlet|Earthquake|p2a: Infernape
|-supereffective|p2a: Infernape
|-damage|p2a: Infernape|0 fnt
|faint|p2a: Infernape
|
|-heal|p1a: Flandre scarlet|34/100 tox|[from] ability: Poison Heal
|upkeep
|
|t:|1769390883
|switch|p2a: Haxorus|Haxorus, M, shiny|100/100
|-ability|p2a: Haxorus|Mold Breaker
|turn|12
|
|t:|1769390887
|move|p2a: Haxorus|Dragon Claw|p1a: Flandre scarlet
|-damage|p1a: Flandre scarlet|1/100 tox
|move|p1a: Flandre scarlet|Earthquake|p2a: Haxorus
|-damage|p2a: Haxorus|0 fnt
|faint|p2a: Haxorus
|
|-heal|p1a: Flandre scarlet|14/100 tox|[from] ability: Poison Heal
|upkeep
|c|☆croakie_yt|ight bro
|c|☆croakie_yt|33
|
|t:|1769390897
|switch|p2a: satan|Dunsparce, M|100/100
|turn|13
|c|☆mistyholt78|🙏
|inactive|Battle timer is ON: inactive players will automatically lose when time's up. (requested by mistyholt78)
|inactive|croakie_yt has 120 seconds left.
|inactive|croakie_yt has 90 seconds left.
|-message|mistyholt78 forfeited.
|
|win|croakie_yt
|raw|mistyholt78's rating: 1155 &rarr; <strong>1132</strong><br />(-23 for losing)
|raw|croakie_yt's rating: 1177 &rarr; <strong>1200</strong><br />(+23 for winning)
|l|☆mistyholt78
|player|p1|
|l|☆croakie_yt
|player|p2|
