|j|☆big blue tree
|j|☆iconicwrecker
|t:|1769422006
|gametype|singles
|player|p1|big blue tree|102|1333
|player|p2|iconicwrecker|ghetsis|1344
|gen|9
|tier|[Gen 9] OU
|rated|
|rule|HP Percentage Mod: HP is shown in percentages
|rule|Endless Battle Clause: Forcing endless battles is banned
|rule|Species Clause: Limit one of each Pokémon
|rule|OHKO Clause: OHKO moves are banned
|rule|Evasion Items Clause: Evasion items are banned
|rule|Evasion Moves Clause: Evasion moves are banned
|rule|Evasion Abilities Clause: Evasion abilities are banned
|rule|Sleep Moves Clause: Sleep-inducing moves are banned
|clearpoke
|poke|p1|Arcanine-Hisui, M|
|poke|p1|Darkrai|
|poke|p1|Great Tusk|
|poke|p1|Hatterene, F|
|poke|p1|Ogerpon-Wellspring, F|
|poke|p1|Zapdos|
|poke|p2|Garchomp, M|
|poke|p2|Registeel|
|poke|p2|Skeledirge, M|
|poke|p2|Kommo-o, M|
|poke|p2|Kingambit, M|
|poke|p2|Inteleon, M|
|teampreview
|inactive|Battle timer is ON: inactive players will automatically lose when time's up. (requested by iconicwrecker)
|inactive|big blue tree also wants the timer to be on.
|
|t:|1769422026
|teamsize|p1|6
|teamsize|p2|6
|start
|switch|p1a: Ogerpon|Ogerpon-Wellspring, F|100/100
|switch|p2a: Kommo-o|Kommo-o, M|100/100
|turn|1
|
|t:|1769422034
|move|p1a: Ogerpon|U-turn|p2a: Kommo-o
|-resisted|p2a: Kommo-o
|-damage|p2a: Kommo-o|86/100
|
|t:|1769422036
|switch|p1a: Hatterene|Hatterene, F|100/100|[from] U-turn
|move|p2a: Kommo-o|Clangorous Soul|p2a: Kommo-o
|-boost|p2a: Kommo-o|atk|1
|-boost|p2a: Kommo-o|def|1
|-boost|p2a: Kommo-o|spa|1
|-boost|p2a: Kommo-o|spd|1
|-boost|p2a: Kommo-o|spe|1
|-damage|p2a: Kommo-o|53/100
|-enditem|p2a: Kommo-o|Throat Spray
|-boost|p2a: Kommo-o|spa|1|[from] item: Throat Spray
|
|upkeep
|turn|2
|
|t:|1769422047
|-terastallize|p2a: Kommo-o|Normal
|move|p2a: Kommo-o|Boomburst|p1a: Hatterene
|-damage|p1a: Hatterene|12/100
|move|p1a: Hatterene|Draining Kiss|p2a: Kommo-o
|-damage|p2a: Kommo-o|31/100
|-heal|p1a: Hatterene|28/100|[from] drain|[of] p2a: Kommo-o
|
|upkeep
|turn|3
|
|t:|1769422062
|move|p2a: Kommo-o|Boomburst|p1a: Hatterene
|-damage|p1a: Hatterene|0 fnt
|faint|p1a: Hatterene
|
|upkeep
|inactive|big blue tree has 120 seconds left.
|
|t:|1769422096
|switch|p1a: Arcanine|Arcanine-Hisui, M|100/100
|turn|4
|
|t:|1769422099
|-terastallize|p1a: Arcanine|Normal
|move|p1a: Arcanine|Extreme Speed|p2a: Kommo-o
|-damage|p2a: Kommo-o|0 fnt
|faint|p2a: Kommo-o
|
|upkeep
|
|t:|1769422112
|switch|p2a: Garchomp|Garchomp, M|100/100
|turn|5
|
|t:|1769422119
|switch|p1a: Great Tusk|Great Tusk|100/100
|move|p2a: Garchomp|Scale Shot|p1a: Great Tusk
|-damage|p1a: Great Tusk|90/100
|-crit|p1a: Great Tusk
|-damage|p1a: Great Tusk|74/100
|-damage|p1a: Great Tusk|63/100
|-damage|p1a: Great Tusk|54/100
|-damage|p1a: Great Tusk|45/100
|-hitcount|p1a: Great Tusk|5
|-unboost|p2a: Garchomp|def|1
|-boost|p2a: Garchomp|spe|1
|
|upkeep
|turn|6
|
|t:|1769422133
|move|p2a: Garchomp|Scale Shot|p1a: Great Tusk
|-damage|p1a: Great Tusk|34/100
|-damage|p1a: Great Tusk|24/100
|-damage|p1a: Great Tusk|15/100
|-damage|p1a: Great Tusk|4/100
|-hitcount|p1a: Great Tusk|4
|-unboost|p2a: Garchomp|def|1
|-boost|p2a: Garchomp|spe|1
|move|p1a: Great Tusk|Ice Spinner|p2a: Garchomp
|-supereffective|p2a: Garchomp
|-damage|p2a: Garchomp|0 fnt
|-damage|p1a: Great Tusk|0 fnt|[from] ability: Rough Skin|[of] p2a: Garchomp
|faint|p2a: Garchomp
|faint|p1a: Great Tusk
|-end|p1a: Great Tusk|Protosynthesis|[silent]
|
|upkeep
|inactive|big blue tree has 120 seconds left.
|inactive|iconicwrecker has 120 seconds left.
|
|t:|1769422164
|switch|p2a: Inteleon|Inteleon, M|100/100
|switch|p1a: Zapdos|Zapdos|100/100
|turn|7
|inactive|big blue tree has 120 seconds left.
|
|t:|1769422171
|move|p2a: Inteleon|Snipe Shot|p1a: Zapdos
|-crit|p1a: Zapdos
|-damage|p1a: Zapdos|6/100
|move|p1a: Zapdos|Thunder Wave|p2a: Inteleon
|-status|p2a: Inteleon|par
|
|upkeep
|turn|8
|
|t:|1769422181
|move|p2a: Inteleon|Vacuum Wave|p1a: Zapdos
|-resisted|p1a: Zapdos
|-damage|p1a: Zapdos|0 fnt
|faint|p1a: Zapdos
|
|upkeep
|inactive|big blue tree has 120 seconds left.
|
|t:|1769422191
|switch|p1a: Ogerpon|Ogerpon-Wellspring, F|100/100
|turn|9
|
|t:|1769422196
|move|p1a: Ogerpon|Knock Off|p2a: Inteleon
|-damage|p2a: Inteleon|39/100 par
|-enditem|p2a: Inteleon|Razor Claw|[from] move: Knock Off|[of] p1a: Ogerpon
|cant|p2a: Inteleon|par
|
|upkeep
|turn|10
|
|t:|1769422208
|cant|p2a: Inteleon|par
|move|p1a: Ogerpon|Ivy Cudgel|p2a: Inteleon|[anim] Ivy Cudgel Water
|-resisted|p2a: Inteleon
|-damage|p2a: Inteleon|0 fnt
|faint|p2a: Inteleon
|
|upkeep
|inactive|iconicwrecker has 120 seconds left.
|
|t:|1769422239
|switch|p2a: Kingambit|Kingambit, M|100/100
|-activate|p2a: Kingambit|ability: Supreme Overlord
|-start|p2a: Kingambit|fallen3|[silent]
|turn|11
|
|t:|1769422254
|move|p1a: Ogerpon|U-turn|p2a: Kingambit
|-damage|p2a: Kingambit|82/100
|
|t:|1769422257
|switch|p1a: Arcanine|Arcanine-Hisui, M, tera:Normal|100/100|[from] U-turn
|move|p2a: Kingambit|Kowtow Cleave|p1a: Arcanine
|-damage|p1a: Arcanine|10/100
|
|upkeep
|turn|12
|
|t:|1769422268
|move|p1a: Arcanine|Flare Blitz|p2a: Kingambit
|-supereffective|p2a: Kingambit
|-damage|p2a: Kingambit|0 fnt
|faint|p2a: Kingambit
|-end|p2a: Kingambit|fallen3|[silent]
|
|upkeep
|
|t:|1769422274
|switch|p2a: Skeledirge|Skeledirge, M|100/100
|-item|p2a: Skeledirge|Air Balloon
|turn|13
|
|t:|1769422292
|move|p1a: Arcanine|Flare Blitz|p2a: Skeledirge
|-resisted|p2a: Skeledirge
|-damage|p2a: Skeledirge|67/100
|-enditem|p2a: Skeledirge|Air Balloon
|move|p2a: Skeledirge|Will-O-Wisp|p1a: Arcanine
|-status|p1a: Arcanine|brn
|
|-damage|p1a: Arcanine|4/100 brn|[from] brn
|upkeep
|turn|14
|
|t:|1769422303
|move|p1a: Arcanine|Flare Blitz|p2a: Skeledirge
|-resisted|p2a: Skeledirge
|-damage|p2a: Skeledirge|49/100
|move|p2a: Skeledirge|Slack Off|p2a: Skeledirge
|-heal|p2a: Skeledirge|99/100
|
|-damage|p1a: Arcanine|0 fnt|[from] brn
|faint|p1a: Arcanine
|upkeep
|
|t:|1769422305
|switch|p1a: Ogerpon|Ogerpon-Wellspring, F|100/100
|turn|15
|
|t:|1769422313
|move|p1a: Ogerpon|Ivy Cudgel|p2a: Skeledirge|[anim] Ivy Cudgel Water
|-supereffective|p2a: Skeledirge
|-damage|p2a: Skeledirge|6/100
|move|p2a: Skeledirge|Will-O-Wisp|p1a: Ogerpon
|-status|p1a: Ogerpon|brn
|
|-damage|p1a: Ogerpon|95/100 brn|[from] brn
|upkeep
|turn|16
|
|t:|1769422322
|move|p1a: Ogerpon|Knock Off|p2a: Skeledirge
|-supereffective|p2a: Skeledirge
|-crit|p2a: Skeledirge
|-damage|p2a: Skeledirge|0 fnt
|faint|p2a: Skeledirge
|
|-damage|p1a: Ogerpon|89/100 brn|[from] brn
|upkeep
|
|t:|1769422328
|switch|p2a: Registeel|Registeel|100/100
|turn|17
|
|t:|1769422337
|move|p1a: Ogerpon|Knock Off|p2a: Registeel
|-damage|p2a: Registeel|88/100
|-enditem|p2a: Registeel|Chesto Berry|[from] move: Knock Off|[of] p1a: Ogerpon
|move|p2a: Registeel|Iron Defense|p2a: Registeel
|-boost|p2a: Registeel|def|2
|
|-damage|p1a: Ogerpon|83/100 brn|[from] brn
|upkeep
|turn|18
|
|t:|1769422350
|switch|p1a: Darkrai|Darkrai|100/100
|move|p2a: Registeel|Body Press|p1a: Darkrai
|-supereffective|p1a: Darkrai
|-damage|p1a: Darkrai|0 fnt
|faint|p1a: Darkrai
|
|upkeep
|-message|big blue tree forfeited.
|
|win|iconicwrecker
|raw|big blue tree's rating: 1333 &rarr; <strong>1314</strong><br />(-19 for losing)
|raw|iconicwrecker's rating: 1344 &rarr; <strong>1363</strong><br />(+19 for winning)
|l|☆big blue tree
|player|p1|
|l|☆iconicwrecker
|player|p2|
