|j|☆apple_tonks
|j|☆2004 Lexus GX470
|t:|1769371840
|gametype|singles
|player|p1|apple_tonks|ethan|1707
|player|p2|2004 Lexus GX470|rocketgruntf|1656
|gen|9
|tier|[Gen 9] OU
|rated|
|rule|HP Percentage Mod: HP is shown in percentages
|rule|Endless Battle Clause: Forcing endless battles is banned
|rule|Species Clause: Limit one of each Pokémon
|rule|OHKO Clause: OHKO moves are banned
|rule|Evasion Items Clause: Evasion items are banned
|rule|Evasion Moves Clause: Evasion moves are banned
|rule|Evasion Abilities Clause: Evasion abilities are banned
|rule|Sleep Moves Clause: Sleep-inducing moves are banned
|clearpoke
|poke|p1|Gholdengo|
|poke|p1|Zamazenta-*|
|poke|p1|Glimmora, M|
|poke|p1|Ogerpon-Wellspring, F|
|poke|p1|Iron Valiant|
|poke|p1|Greninja-*, M|
|poke|p2|Rabsca, M|
|poke|p2|Kingambit, F|
|poke|p2|Iron Valiant|
|poke|p2|Great Tusk|
|poke|p2|Hatterene, F|
|poke|p2|Dragonite, M|
|teampreview
|
|t:|1769371856
|teamsize|p1|6
|teamsize|p2|6
|start
|switch|p1a: Glimmora|Glimmora, M|100/100
|switch|p2a: better for her|Rabsca, M|100/100
|turn|1
|
|t:|1769371864
|move|p1a: Glimmora|Stealth Rock|p2a: better for her
|-sidestart|p2: 2004 Lexus GX470|move: Stealth Rock
|move|p2a: better for her|Trick Room|p2a: better for her
|-fieldstart|move: Trick Room|[of] p2a: better for her
|
|upkeep
|turn|2
|
|t:|1769371871
|move|p2a: better for her|Earth Power|p1a: Glimmora
|-supereffective|p1a: Glimmora
|-enditem|p1a: Glimmora|Focus Sash
|-damage|p1a: Glimmora|1/100
|move|p1a: Glimmora|Sludge Wave|p2a: better for her
|-damage|p2a: better for her|52/100
|
|upkeep
|turn|3
|
|t:|1769371877
|switch|p1a: Greninja|Greninja, M|100/100
|move|p2a: better for her|Bug Buzz|p1a: Greninja
|-supereffective|p1a: Greninja
|-damage|p1a: Greninja|0 fnt
|faint|p1a: Greninja
|
|upkeep
|
|t:|1769371883
|switch|p1a: Gholdengo|Gholdengo|100/100
|-item|p1a: Gholdengo|Air Balloon
|turn|4
|
|t:|1769371886
|move|p2a: better for her|Psychic Noise|p1a: Gholdengo
|-resisted|p1a: Gholdengo
|-damage|p1a: Gholdengo|77/100
|-start|p1a: Gholdengo|move: Heal Block
|-enditem|p1a: Gholdengo|Air Balloon
|move|p1a: Gholdengo|Focus Blast|p2a: better for her|[miss]
|-miss|p1a: Gholdengo|p2a: better for her
|
|upkeep
|turn|5
|
|t:|1769371893
|switch|p1a: Ogerpon|Ogerpon-Wellspring, F|100/100
|move|p2a: better for her|Earth Power|p1a: Ogerpon
|-resisted|p1a: Ogerpon
|-damage|p1a: Ogerpon|84/100
|
|-fieldend|move: Trick Room
|upkeep
|turn|6
|
|t:|1769371897
|move|p1a: Ogerpon|Swords Dance|p1a: Ogerpon
|-boost|p1a: Ogerpon|atk|2
|move|p2a: better for her|Bug Buzz|p1a: Ogerpon
|-supereffective|p1a: Ogerpon
|-crit|p1a: Ogerpon
|-damage|p1a: Ogerpon|0 fnt
|faint|p1a: Ogerpon
|
|upkeep
|
|t:|1769371900
|switch|p1a: Gholdengo|Gholdengo|77/100
|turn|7
|
|t:|1769371908
|move|p1a: Gholdengo|Shadow Ball|p2a: better for her
|-supereffective|p2a: better for her
|-damage|p2a: better for her|0 fnt
|faint|p2a: better for her
|
|upkeep
|
|t:|1769371913
|switch|p2a: Statutory|Great Tusk|100/100
|turn|8
|
|t:|1769371918
|move|p2a: Statutory|Headlong Rush|p1a: Gholdengo
|-supereffective|p1a: Gholdengo
|-damage|p1a: Gholdengo|0 fnt
|-unboost|p2a: Statutory|def|1
|-unboost|p2a: Statutory|spd|1
|faint|p1a: Gholdengo
|
|upkeep
|
|t:|1769371924
|switch|p1a: Iron Valiant|Iron Valiant|100/100
|-enditem|p1a: Iron Valiant|Booster Energy
|-activate|p1a: Iron Valiant|ability: Quark Drive|[fromitem]
|-start|p1a: Iron Valiant|quarkdrivespe
|turn|9
|
|t:|1769371926
|-end|p2a: Statutory|Protosynthesis|[silent]
|switch|p2a: Bounce On It|Hatterene, F|100/100
|-damage|p2a: Bounce On It|88/100|[from] Stealth Rock
|move|p1a: Iron Valiant|Moonblast|p2a: Bounce On It
|-damage|p2a: Bounce On It|57/100
|-unboost|p2a: Bounce On It|spa|1
|
|upkeep
|turn|10
|
|t:|1769371931
|move|p1a: Iron Valiant|Moonblast|p2a: Bounce On It
|-damage|p2a: Bounce On It|31/100
|move|p2a: Bounce On It|Future Sight|p1a: Iron Valiant
|-start|p2a: Bounce On It|move: Future Sight
|
|upkeep
|turn|11
|
|t:|1769371938
|move|p1a: Iron Valiant|Moonblast|p2a: Bounce On It
|-damage|p2a: Bounce On It|2/100
|move|p2a: Bounce On It|Draining Kiss|p1a: Iron Valiant
|-supereffective|p1a: Iron Valiant
|-damage|p1a: Iron Valiant|23/100
|-heal|p2a: Bounce On It|55/100|[from] drain|[of] p1a: Iron Valiant
|
|upkeep
|turn|12
|
|t:|1769371952
|switch|p2a: Statutory|Great Tusk|100/100
|move|p1a: Iron Valiant|Close Combat|p2a: Statutory
|-damage|p2a: Statutory|68/100
|-unboost|p1a: Iron Valiant|def|1
|-unboost|p1a: Iron Valiant|spd|1
|
|-end|p1a: Iron Valiant|move: Future Sight
|-supereffective|p1a: Iron Valiant
|-damage|p1a: Iron Valiant|0 fnt
|faint|p1a: Iron Valiant
|-end|p1a: Iron Valiant|Quark Drive|[silent]
|upkeep
|
|t:|1769371959
|switch|p1a: Zamazenta|Zamazenta|100/100
|-ability|p1a: Zamazenta|Dauntless Shield|boost
|-boost|p1a: Zamazenta|def|1
|turn|13
|
|t:|1769371973
|move|p1a: Zamazenta|Iron Defense|p1a: Zamazenta
|-boost|p1a: Zamazenta|def|2
|move|p2a: Statutory|Rapid Spin|p1a: Zamazenta
|-damage|p1a: Zamazenta|96/100
|-boost|p2a: Statutory|spe|1
|-sideend|p2: 2004 Lexus GX470|Stealth Rock|[from] move: Rapid Spin|[of] p2a: Statutory
|
|-heal|p1a: Zamazenta|100/100|[from] item: Leftovers
|upkeep
|turn|14
|inactive|Battle timer is ON: inactive players will automatically lose when time's up. (requested by apple_tonks)
|
|t:|1769371977
|-end|p2a: Statutory|Protosynthesis|[silent]
|switch|p2a: Mandatory|Iron Valiant|100/100
|-enditem|p2a: Mandatory|Booster Energy
|-activate|p2a: Mandatory|ability: Quark Drive|[fromitem]
|-start|p2a: Mandatory|quarkdrivespe
|move|p1a: Zamazenta|Substitute|p1a: Zamazenta
|-start|p1a: Zamazenta|Substitute
|-damage|p1a: Zamazenta|75/100
|
|-heal|p1a: Zamazenta|82/100|[from] item: Leftovers
|upkeep
|turn|15
|
|t:|1769371980
|move|p2a: Mandatory|Encore|p1a: Zamazenta
|-start|p1a: Zamazenta|Encore
|move|p1a: Zamazenta|Substitute|p1a: Zamazenta
|-fail|p1a: Zamazenta|move: Substitute
|
|-heal|p1a: Zamazenta|88/100|[from] item: Leftovers
|upkeep
|turn|16
|-message|apple_tonks forfeited.
|
|win|2004 Lexus GX470
|raw|apple_tonks's rating: 1707 &rarr; <strong>1684</strong><br />(-23 for losing)
|raw|2004 Lexus GX470's rating: 1656 &rarr; <strong>1679</strong><br />(+23 for winning)
|l|☆apple_tonks
|player|p1|
|l|☆2004 Lexus GX470
|player|p2|
