|j|☆Goofy time67
|j|☆mcdungys
|t:|1769341968
|gametype|singles
|player|p1|Goofy time67|1|1164
|player|p2|mcdungys|marlon|1208
|gen|9
|tier|[Gen 9] OU
|rated|
|rule|HP Percentage Mod: HP is shown in percentages
|rule|Endless Battle Clause: Forcing endless battles is banned
|rule|Species Clause: Limit one of each Pokémon
|rule|OHKO Clause: OHKO moves are banned
|rule|Evasion Items Clause: Evasion items are banned
|rule|Evasion Moves Clause: Evasion moves are banned
|rule|Evasion Abilities Clause: Evasion abilities are banned
|rule|Sleep Moves Clause: Sleep-inducing moves are banned
|clearpoke
|poke|p1|Skarmory, F|
|poke|p1|Slowking-Galar, M|
|poke|p1|Kyurem|
|poke|p1|Great Tusk|
|poke|p1|Tornadus-Therian, M|
|poke|p1|Regigigas|
|poke|p2|Scrafty, F|
|poke|p2|Lokix, F|
|poke|p2|Umbreon, F|
|poke|p2|Mandibuzz, F|
|poke|p2|Hydreigon, F|
|poke|p2|Darkrai|
|teampreview
|l|☆Goofy time67
|player|p1|
|j|☆Goofy time67
|player|p1|Goofy time67|1|
|inactive|Battle timer is ON: inactive players will automatically lose when time's up. (requested by Goofy time67)
|
|t:|1769341996
|teamsize|p1|6
|teamsize|p2|6
|start
|switch|p1a: Skarmory|Skarmory, F|100/100
|switch|p2a: Scrafty|Scrafty, F|100/100
|turn|1
|
|t:|1769342003
|move|p1a: Skarmory|Spikes|p2a: Scrafty
|-sidestart|p2: mcdungys|Spikes
|move|p2a: Scrafty|Knock Off|p1a: Skarmory
|-damage|p1a: Skarmory|79/100
|-damage|p2a: Scrafty|84/100|[from] item: Rocky Helmet|[of] p1a: Skarmory
|-enditem|p1a: Skarmory|Rocky Helmet|[from] move: Knock Off|[of] p2a: Scrafty
|
|-heal|p2a: Scrafty|90/100|[from] item: Leftovers
|upkeep
|turn|2
|
|t:|1769342026
|switch|p2a: Mandibuzz|Mandibuzz, F|100/100
|move|p1a: Skarmory|Body Press|p2a: Mandibuzz
|-damage|p2a: Mandibuzz|87/100
|
|upkeep
|turn|3
|
|t:|1769342044
|switch|p1a: Kyurem|Kyurem|100/100
|-ability|p1a: Kyurem|Pressure
|move|p2a: Mandibuzz|Foul Play|p1a: Kyurem
|-damage|p1a: Kyurem|70/100
|
|upkeep
|turn|4
|inactive|mcdungys has 120 seconds left.
|
|t:|1769342071
|move|p1a: Kyurem|Ice Beam|p2a: Mandibuzz
|-supereffective|p2a: Mandibuzz
|-damage|p2a: Mandibuzz|20/100
|move|p2a: Mandibuzz|U-turn|p1a: Kyurem
|-damage|p1a: Kyurem|59/100
|inactive|mcdungys has 90 seconds left.
|
|t:|1769342112
|switch|p2a: Scrafty|Scrafty, F|90/100|[from] U-turn
|-damage|p2a: Scrafty|78/100|[from] Spikes
|
|-heal|p2a: Scrafty|84/100|[from] item: Leftovers
|upkeep
|turn|5
|
|t:|1769342124
|switch|p1a: Skarmory|Skarmory, F|79/100
|move|p2a: Scrafty|Knock Off|p1a: Skarmory
|-damage|p1a: Skarmory|63/100
|
|-heal|p2a: Scrafty|90/100|[from] item: Leftovers
|upkeep
|turn|6
|
|t:|1769342145
|switch|p1a: Tornadus|Tornadus-Therian, M|100/100
|switch|p2a: Umbreon|Umbreon, F|100/100
|-damage|p2a: Umbreon|88/100|[from] Spikes
|
|-heal|p2a: Umbreon|94/100|[from] item: Leftovers
|upkeep
|turn|7
|inactive|mcdungys has 60 seconds left.
|
|t:|1769342174
|move|p1a: Tornadus|Knock Off|p2a: Umbreon
|-resisted|p2a: Umbreon
|-damage|p2a: Umbreon|83/100
|-enditem|p2a: Umbreon|Leftovers|[from] move: Knock Off|[of] p1a: Tornadus
|-damage|p1a: Tornadus|90/100|[from] item: Life Orb
|move|p2a: Umbreon|Toxic|p1a: Tornadus
|-status|p1a: Tornadus|tox
|
|-damage|p1a: Tornadus|84/100 tox|[from] psn
|upkeep
|turn|8
|inactive|mcdungys has 60 seconds left.
|
|t:|1769342189
|move|p1a: Tornadus|U-turn|p2a: Umbreon
|-supereffective|p2a: Umbreon
|-damage|p2a: Umbreon|51/100
|-damage|p1a: Tornadus|74/100 tox|[from] item: Life Orb
|
|t:|1769342195
|switch|p1a: Slowking|Slowking-Galar, M|100/100|[from] U-turn
|move|p2a: Umbreon|Foul Play|p1a: Slowking
|-supereffective|p1a: Slowking
|-damage|p1a: Slowking|61/100
|
|-heal|p1a: Slowking|67/100|[from] item: Black Sludge
|upkeep
|turn|9
|
|t:|1769342205
|move|p2a: Umbreon|Wish|p2a: Umbreon
|move|p1a: Slowking|Toxic Spikes|p2a: Umbreon
|-sidestart|p2: mcdungys|move: Toxic Spikes
|
|-heal|p1a: Slowking|73/100|[from] item: Black Sludge
|upkeep
|turn|10
|
|t:|1769342216
|switch|p2a: Mandibuzz|Mandibuzz, F|20/100
|move|p1a: Slowking|Sludge Bomb|p2a: Mandibuzz
|-crit|p2a: Mandibuzz
|-damage|p2a: Mandibuzz|0 fnt
|faint|p2a: Mandibuzz
|
|-heal|p1a: Slowking|79/100|[from] item: Black Sludge
|upkeep
|
|t:|1769342226
|switch|p2a: Scrafty|Scrafty, F|90/100
|-damage|p2a: Scrafty|77/100|[from] Spikes
|-status|p2a: Scrafty|psn
|turn|11
|
|t:|1769342231
|move|p2a: Scrafty|Bulk Up|p2a: Scrafty
|-boost|p2a: Scrafty|atk|1
|-boost|p2a: Scrafty|def|1
|move|p1a: Slowking|Toxic Spikes|p2a: Scrafty
|-sidestart|p2: mcdungys|move: Toxic Spikes
|
|-activate|p2a: Scrafty|ability: Shed Skin
|-curestatus|p2a: Scrafty|psn|[msg]
|-heal|p2a: Scrafty|83/100|[from] item: Leftovers
|-heal|p1a: Slowking|85/100|[from] item: Black Sludge
|upkeep
|turn|12
|
|t:|1769342251
|switch|p1a: Skarmory|Skarmory, F|63/100
|move|p2a: Scrafty|Knock Off|p1a: Skarmory
|-damage|p1a: Skarmory|39/100
|
|-heal|p2a: Scrafty|89/100|[from] item: Leftovers
|upkeep
|turn|13
|
|t:|1769342254
|move|p2a: Scrafty|Drain Punch|p1a: Skarmory
|-damage|p1a: Skarmory|12/100
|-heal|p2a: Scrafty|100/100|[from] drain|[of] p1a: Skarmory
|move|p1a: Skarmory|Whirlwind|p2a: Scrafty
|drag|p2a: Hydreigon|Hydreigon, F|100/100
|
|upkeep
|turn|14
|
|t:|1769342268
|move|p2a: Hydreigon|Substitute|p2a: Hydreigon
|-start|p2a: Hydreigon|Substitute
|-damage|p2a: Hydreigon|76/100
|move|p1a: Skarmory|Body Press|p2a: Hydreigon
|-supereffective|p2a: Hydreigon
|-end|p2a: Hydreigon|Substitute
|
|-heal|p2a: Hydreigon|82/100|[from] item: Leftovers
|upkeep
|turn|15
|inactive|mcdungys has 60 seconds left.
|
|t:|1769342299
|move|p2a: Hydreigon|Flash Cannon|p1a: Skarmory
|-resisted|p1a: Skarmory
|-damage|p1a: Skarmory|0 fnt
|faint|p1a: Skarmory
|
|-heal|p2a: Hydreigon|88/100|[from] item: Leftovers
|upkeep
|
|t:|1769342311
|switch|p1a: Tornadus|Tornadus-Therian, M|100/100 tox
|turn|16
|
|t:|1769342319
|move|p1a: Tornadus|Hurricane|p2a: Hydreigon|[miss]
|-miss|p1a: Tornadus|p2a: Hydreigon
|move|p2a: Hydreigon|Substitute|p2a: Hydreigon
|-start|p2a: Hydreigon|Substitute
|-damage|p2a: Hydreigon|63/100
|
|-heal|p2a: Hydreigon|69/100|[from] item: Leftovers
|-damage|p1a: Tornadus|94/100 tox|[from] psn
|upkeep
|turn|17
|
|t:|1769342324
|move|p1a: Tornadus|Hurricane|p2a: Hydreigon|[miss]
|-miss|p1a: Tornadus|p2a: Hydreigon
|move|p2a: Hydreigon|Nasty Plot|p2a: Hydreigon
|-boost|p2a: Hydreigon|spa|2
|
|-heal|p2a: Hydreigon|75/100|[from] item: Leftovers
|-damage|p1a: Tornadus|82/100 tox|[from] psn
|upkeep
|turn|18
|
|t:|1769342336
|move|p1a: Tornadus|U-turn|p2a: Hydreigon
|-supereffective|p2a: Hydreigon
|-end|p2a: Hydreigon|Substitute
|-damage|p1a: Tornadus|72/100 tox|[from] item: Life Orb
|
|t:|1769342344
|switch|p1a: Slowking|Slowking-Galar, M|100/100|[from] U-turn
|move|p2a: Hydreigon|Flash Cannon|p1a: Slowking
|-damage|p1a: Slowking|63/100
|
|-heal|p2a: Hydreigon|81/100|[from] item: Leftovers
|-heal|p1a: Slowking|69/100|[from] item: Black Sludge
|upkeep
|turn|19
|
|t:|1769342353
|move|p2a: Hydreigon|Substitute|p2a: Hydreigon
|-start|p2a: Hydreigon|Substitute
|-damage|p2a: Hydreigon|56/100
|move|p1a: Slowking|Sludge Bomb|p2a: Hydreigon
|-end|p2a: Hydreigon|Substitute
|
|-heal|p2a: Hydreigon|63/100|[from] item: Leftovers
|-heal|p1a: Slowking|75/100|[from] item: Black Sludge
|upkeep
|turn|20
|inactive|mcdungys has 90 seconds left.
|
|t:|1769342363
|move|p2a: Hydreigon|Draco Meteor|p1a: Slowking|[miss]
|-miss|p2a: Hydreigon|p1a: Slowking
|move|p1a: Slowking|Sludge Bomb|p2a: Hydreigon
|-damage|p2a: Hydreigon|18/100
|
|-heal|p2a: Hydreigon|24/100|[from] item: Leftovers
|-heal|p1a: Slowking|81/100|[from] item: Black Sludge
|upkeep
|turn|21
|inactive|mcdungys has 90 seconds left.
|
|t:|1769342387
|move|p2a: Hydreigon|Draco Meteor|p1a: Slowking
|-damage|p1a: Slowking|0 fnt
|-unboost|p2a: Hydreigon|spa|2
|faint|p1a: Slowking
|
|-heal|p2a: Hydreigon|31/100|[from] item: Leftovers
|upkeep
|
|t:|1769342392
|switch|p1a: Tornadus|Tornadus-Therian, M|100/100 tox
|turn|22
|inactive|mcdungys has 90 seconds left.
|
|t:|1769342408
|switch|p2a: Umbreon|Umbreon, F|51/100
|-damage|p2a: Umbreon|38/100|[from] Spikes
|-status|p2a: Umbreon|tox
|move|p1a: Tornadus|U-turn|p2a: Umbreon
|-supereffective|p2a: Umbreon
|-damage|p2a: Umbreon|10/100 tox
|-damage|p1a: Tornadus|90/100 tox|[from] item: Life Orb
|
|t:|1769342418
|switch|p1a: Great Tusk|Great Tusk|100/100|[from] U-turn
|
|-damage|p2a: Umbreon|4/100 tox|[from] psn
|upkeep
|turn|23
|
|t:|1769342422
|move|p1a: Great Tusk|Rapid Spin|p2a: Umbreon
|-damage|p2a: Umbreon|0 fnt
|-boost|p1a: Great Tusk|spe|1
|faint|p2a: Umbreon
|
|upkeep
|inactive|mcdungys has 90 seconds left.
|
|t:|1769342439
|switch|p2a: Darkrai|Darkrai|100/100
|-damage|p2a: Darkrai|88/100|[from] Spikes
|-status|p2a: Darkrai|tox
|turn|24
|inactive|mcdungys has 90 seconds left.
|inactive|Goofy time67 has 120 seconds left.
|
|t:|1769342475
|-end|p1a: Great Tusk|Protosynthesis|[silent]
|switch|p1a: the king|Regigigas, shiny|100/100
|-start|p1a: the king|ability: Slow Start
|-terastallize|p2a: Darkrai|Poison
|move|p2a: Darkrai|Ice Beam|p1a: the king
|-damage|p1a: the king|77/100
|
|-heal|p2a: Darkrai|94/100 tox|[from] item: Leftovers
|-heal|p1a: the king|83/100|[from] item: Leftovers
|-damage|p2a: Darkrai|88/100 tox|[from] psn
|upkeep
|turn|25
|inactive|Goofy time67 has 120 seconds left.
|inactive|mcdungys has 90 seconds left.
|
|t:|1769342497
|switch|p2a: Scrafty|Scrafty, F|100/100
|-damage|p2a: Scrafty|88/100|[from] Spikes
|-status|p2a: Scrafty|tox
|move|p1a: the king|Knock Off|p2a: Scrafty
|-resisted|p2a: Scrafty
|-damage|p2a: Scrafty|84/100 tox
|-enditem|p2a: Scrafty|Leftovers|[from] move: Knock Off|[of] p1a: the king
|
|-heal|p1a: the king|89/100|[from] item: Leftovers
|-damage|p2a: Scrafty|78/100 tox|[from] psn
|upkeep
|turn|26
|
|t:|1769342505
|move|p2a: Scrafty|Knock Off|p1a: the king
|-damage|p1a: the king|64/100
|-enditem|p1a: the king|Leftovers|[from] move: Knock Off|[of] p2a: Scrafty
|move|p1a: the king|Drain Punch|p2a: Scrafty
|-supereffective|p2a: Scrafty
|-damage|p2a: Scrafty|52/100 tox
|-heal|p1a: the king|75/100|[from] drain|[of] p2a: Scrafty
|
|-activate|p2a: Scrafty|ability: Shed Skin
|-curestatus|p2a: Scrafty|tox|[msg]
|upkeep
|turn|27
|inactive|mcdungys has 90 seconds left.
|
|t:|1769342513
|move|p2a: Scrafty|Drain Punch|p1a: the king
|-supereffective|p1a: the king
|-damage|p1a: the king|39/100
|-heal|p2a: Scrafty|74/100|[from] drain|[of] p1a: the king
|move|p1a: the king|Drain Punch|p2a: Scrafty
|-supereffective|p2a: Scrafty
|-damage|p2a: Scrafty|46/100
|-heal|p1a: the king|51/100|[from] drain|[of] p2a: Scrafty
|
|upkeep
|turn|28
|
|t:|1769342520
|move|p1a: the king|Protect|p1a: the king
|-singleturn|p1a: the king|Protect
|move|p2a: Scrafty|Drain Punch|p1a: the king
|-activate|p1a: the king|move: Protect
|
|upkeep
|turn|29
|
|t:|1769342523
|move|p2a: Scrafty|Drain Punch|p1a: the king
|-supereffective|p1a: the king
|-damage|p1a: the king|15/100
|-heal|p2a: Scrafty|68/100|[from] drain|[of] p1a: the king
|move|p1a: the king|Drain Punch|p2a: Scrafty
|-supereffective|p2a: Scrafty
|-damage|p2a: Scrafty|42/100
|-heal|p1a: the king|25/100|[from] drain|[of] p2a: Scrafty
|
|-end|p1a: the king|Slow Start
|upkeep
|turn|30
|
|t:|1769342530
|move|p1a: the king|Drain Punch|p2a: Scrafty
|-supereffective|p2a: Scrafty
|-crit|p2a: Scrafty
|-damage|p2a: Scrafty|0 fnt
|-heal|p1a: the king|42/100|[from] drain|[of] p2a: Scrafty
|faint|p2a: Scrafty
|
|upkeep
|
|t:|1769342533
|switch|p2a: Lokix|Lokix, F|100/100
|-damage|p2a: Lokix|88/100|[from] Spikes
|-status|p2a: Lokix|tox
|turn|31
|
|t:|1769342538
|move|p1a: the king|Protect|p1a: the king
|-singleturn|p1a: the king|Protect
|move|p2a: Lokix|First Impression|p1a: the king
|-activate|p1a: the king|move: Protect
|
|-damage|p2a: Lokix|82/100 tox|[from] psn
|upkeep
|turn|32
|-message|mcdungys forfeited.
|
|win|Goofy time67
|raw|Goofy time67's rating: 1164 &rarr; <strong>1192</strong><br />(+28 for winning)
|raw|mcdungys's rating: 1208 &rarr; <strong>1180</strong><br />(-28 for losing)
|l|☆mcdungys
|player|p2|
|l|☆Goofy time67
|player|p1|
