|j|☆WeRrsome
|j|☆151htyrneh
|t:|1769441234
|gametype|singles
|player|p1|WeRrsome|1|1640
|player|p2|151htyrneh|wallace|1700
|gen|9
|tier|[Gen 9] OU
|rated|
|rule|HP Percentage Mod: HP is shown in percentages
|rule|Endless Battle Clause: Forcing endless battles is banned
|rule|Species Clause: Limit one of each Pokémon
|rule|OHKO Clause: OHKO moves are banned
|rule|Evasion Items Clause: Evasion items are banned
|rule|Evasion Moves Clause: Evasion moves are banned
|rule|Evasion Abilities Clause: Evasion abilities are banned
|rule|Sleep Moves Clause: Sleep-inducing moves are banned
|clearpoke
|poke|p1|Araquanid, F|
|poke|p1|Raging Bolt|
|poke|p1|Dragonite, M|
|poke|p1|Iron Treads|
|poke|p1|Landorus-Therian, M|
|poke|p1|Ogerpon, F|
|poke|p2|Glimmora, F|
|poke|p2|Landorus-Therian, M|
|poke|p2|Kyurem|
|poke|p2|Kingambit, F|
|poke|p2|Iron Valiant|
|poke|p2|Cinderace, F|
|teampreview
|inactive|Battle timer is ON: inactive players will automatically lose when time's up. (requested by WeRrsome)
|
|t:|1769441261
|teamsize|p1|6
|teamsize|p2|6
|start
|switch|p1a: Ogerpon|Ogerpon, F|100/100
|switch|p2a: Cinderace|Cinderace, F|100/100
|turn|1
|
|t:|1769441270
|switch|p1a: Dragonite|Dragonite, M|100/100
|move|p2a: Cinderace|U-turn|p1a: Dragonite
|-start|p2a: Cinderace|typechange|Bug|[from] ability: Libero
|-resisted|p1a: Dragonite
|-damage|p1a: Dragonite|95/100
|-damage|p2a: Cinderace|84/100|[from] item: Rocky Helmet|[of] p1a: Dragonite
|
|t:|1769441273
|switch|p2a: Kyurem|Kyurem|100/100|[from] U-turn
|-ability|p2a: Kyurem|Pressure
|
|upkeep
|turn|2
|
|t:|1769441277
|switch|p1a: Iron Treads|Iron Treads|100/100
|move|p2a: Kyurem|Freeze-Dry|p1a: Iron Treads
|-crit|p1a: Iron Treads
|-damage|p1a: Iron Treads|69/100
|
|upkeep
|turn|3
|
|t:|1769441285
|move|p2a: Kyurem|Focus Blast|p1a: Iron Treads
|-supereffective|p1a: Iron Treads
|-damage|p1a: Iron Treads|18/100
|-unboost|p1a: Iron Treads|spd|1
|move|p1a: Iron Treads|Knock Off|p2a: Kyurem
|-damage|p2a: Kyurem|79/100
|-enditem|p2a: Kyurem|Assault Vest|[from] move: Knock Off|[of] p1a: Iron Treads
|
|upkeep
|turn|4
|
|t:|1769441292
|move|p2a: Kyurem|Freeze-Dry|p1a: Iron Treads
|-damage|p1a: Iron Treads|0 fnt
|faint|p1a: Iron Treads
|-end|p1a: Iron Treads|Quark Drive|[silent]
|
|upkeep
|
|t:|1769441298
|switch|p1a: Ogerpon|Ogerpon, F|100/100
|turn|5
|inactive|151htyrneh has 120 seconds left.
|
|t:|1769441335
|move|p1a: Ogerpon|Superpower|p2a: Kyurem
|-supereffective|p2a: Kyurem
|-damage|p2a: Kyurem|0 fnt
|-unboost|p1a: Ogerpon|atk|1
|-unboost|p1a: Ogerpon|def|1
|faint|p2a: Kyurem
|
|upkeep
|
|t:|1769441343
|switch|p2a: Cinderace|Cinderace, F|84/100
|turn|6
|inactive|WeRrsome has 120 seconds left.
|
|t:|1769441374
|switch|p1a: Dragonite|Dragonite, M|95/100
|move|p2a: Cinderace|Pyro Ball|p1a: Dragonite
|-resisted|p1a: Dragonite
|-damage|p1a: Dragonite|76/100
|
|upkeep
|turn|7
|
|t:|1769441380
|switch|p2a: Landorus|Landorus-Therian, M|100/100
|-ability|p2a: Landorus|Intimidate|boost
|-unboost|p1a: Dragonite|atk|1
|move|p1a: Dragonite|Roost|p1a: Dragonite
|-heal|p1a: Dragonite|100/100
|-singleturn|p1a: Dragonite|move: Roost
|
|upkeep
|turn|8
|
|t:|1769441383
|move|p2a: Landorus|Stealth Rock|p1a: Dragonite
|-sidestart|p1: WeRrsome|move: Stealth Rock
|move|p1a: Dragonite|Ice Beam|p2a: Landorus
|-supereffective|p2a: Landorus
|-damage|p2a: Landorus|13/100
|
|upkeep
|turn|9
|
|t:|1769441391
|move|p2a: Landorus|U-turn|p1a: Dragonite
|-resisted|p1a: Dragonite
|-damage|p1a: Dragonite|97/100
|-damage|p2a: Landorus|0 fnt|[from] item: Rocky Helmet|[of] p1a: Dragonite
|faint|p2a: Landorus
|move|p1a: Dragonite|Thunder Wave|p2: Landorus|[notarget]
|-fail|p1a: Dragonite
|
|upkeep
|
|t:|1769441398
|switch|p2a: Iron Valiant|Iron Valiant|100/100
|-enditem|p2a: Iron Valiant|Booster Energy
|-activate|p2a: Iron Valiant|ability: Quark Drive|[fromitem]
|-start|p2a: Iron Valiant|quarkdrivespe
|turn|10
|
|t:|1769441411
|switch|p1a: Araquanid|Araquanid, F|100/100
|move|p2a: Iron Valiant|Moonblast|p1a: Araquanid
|-damage|p1a: Araquanid|62/100
|
|upkeep
|turn|11
|
|t:|1769441417
|move|p2a: Iron Valiant|Taunt|p1a: Araquanid
|-start|p1a: Araquanid|move: Taunt
|move|p1a: Araquanid|Liquidation|p2a: Iron Valiant
|-damage|p2a: Iron Valiant|14/100
|-unboost|p2a: Iron Valiant|def|1
|
|upkeep
|turn|12
|
|t:|1769441421
|move|p2a: Iron Valiant|Moonblast|p1a: Araquanid
|-damage|p1a: Araquanid|22/100
|move|p1a: Araquanid|Liquidation|p2a: Iron Valiant
|-damage|p2a: Iron Valiant|0 fnt
|faint|p2a: Iron Valiant
|-end|p2a: Iron Valiant|Quark Drive|[silent]
|
|upkeep
|
|t:|1769441425
|switch|p2a: Cinderace|Cinderace, F|84/100
|turn|13
|
|t:|1769441440
|move|p2a: Cinderace|U-turn|p1a: Araquanid
|-start|p2a: Cinderace|typechange|Bug|[from] ability: Libero
|-damage|p1a: Araquanid|0 fnt
|faint|p1a: Araquanid
|
|t:|1769441445
|switch|p2a: Glimmora|Glimmora, F|100/100|[from] U-turn
|
|upkeep
|inactive|WeRrsome has 120 seconds left.
|
|t:|1769441475
|switch|p1a: Landorus|Landorus-Therian, M|100/100
|-damage|p1a: Landorus|88/100|[from] Stealth Rock
|-ability|p1a: Landorus|Intimidate|boost
|-unboost|p2a: Glimmora|atk|1
|turn|14
|
|t:|1769441481
|-terastallize|p2a: Glimmora|Fairy
|move|p1a: Landorus|Earthquake|p2a: Glimmora
|-damage|p2a: Glimmora|33/100
|-activate|p2a: Glimmora|ability: Toxic Debris
|-sidestart|p1: WeRrsome|move: Toxic Spikes
|move|p2a: Glimmora|Dazzling Gleam|p1a: Landorus
|-crit|p1a: Landorus
|-damage|p1a: Landorus|2/100
|
|upkeep
|turn|15
|
|t:|1769441490
|switch|p2a: Cinderace|Cinderace, F|84/100
|move|p1a: Landorus|Earthquake|p2a: Cinderace
|-supereffective|p2a: Cinderace
|-damage|p2a: Cinderace|0 fnt
|faint|p2a: Cinderace
|
|upkeep
|j| jdjdjdjjdjdjd
|
|t:|1769441492
|switch|p2a: Kingambit|Kingambit, F|100/100
|-activate|p2a: Kingambit|ability: Supreme Overlord
|-start|p2a: Kingambit|fallen4|[silent]
|turn|16
|
|t:|1769441498
|move|p2a: Kingambit|Sucker Punch|p1a: Landorus
|-damage|p1a: Landorus|0 fnt
|faint|p1a: Landorus
|
|upkeep
|
|t:|1769441509
|switch|p1a: Dragonite|Dragonite, M|97/100
|-damage|p1a: Dragonite|72/100|[from] Stealth Rock
|turn|17
|
|t:|1769441514
|move|p2a: Kingambit|Swords Dance|p2a: Kingambit
|-boost|p2a: Kingambit|atk|2
|move|p1a: Dragonite|Thunder Wave|p2a: Kingambit
|-status|p2a: Kingambit|par
|
|upkeep
|turn|18
|j| kurrah
|inactive|WeRrsome has 120 seconds left.
|
|t:|1769441559
|move|p1a: Dragonite|Roost|p1a: Dragonite
|-heal|p1a: Dragonite|100/100
|-singleturn|p1a: Dragonite|move: Roost
|move|p2a: Kingambit|Kowtow Cleave|p1a: Dragonite
|-crit|p1a: Dragonite
|-damage|p1a: Dragonite|20/100
|-damage|p2a: Kingambit|84/100 par|[from] item: Rocky Helmet|[of] p1a: Dragonite
|
|upkeep
|turn|19
|
|t:|1769441577
|move|p1a: Dragonite|Roost|p1a: Dragonite
|-heal|p1a: Dragonite|70/100
|-singleturn|p1a: Dragonite|move: Roost
|move|p2a: Kingambit|Kowtow Cleave|p1a: Dragonite
|-damage|p1a: Dragonite|0 fnt
|-damage|p2a: Kingambit|68/100 par|[from] item: Rocky Helmet|[of] p1a: Dragonite
|faint|p1a: Dragonite
|
|upkeep
|inactive|WeRrsome has 90 seconds left.
|
|t:|1769441608
|switch|p1a: Ogerpon|Ogerpon, F|100/100
|-damage|p1a: Ogerpon|88/100|[from] Stealth Rock
|-status|p1a: Ogerpon|psn
|turn|20
|
|t:|1769441628
|move|p2a: Kingambit|Sucker Punch|p1a: Ogerpon
|-damage|p1a: Ogerpon|0 fnt
|faint|p1a: Ogerpon
|
|upkeep
|
|t:|1769441634
|switch|p1a: Raging Bolt|Raging Bolt|100/100
|-damage|p1a: Raging Bolt|88/100|[from] Stealth Rock
|-status|p1a: Raging Bolt|psn
|turn|21
|
|t:|1769441640
|-terastallize|p1a: Raging Bolt|Fairy
|move|p1a: Raging Bolt|Thunderbolt|p2a: Kingambit
|-damage|p2a: Kingambit|0 fnt
|faint|p2a: Kingambit
|-end|p2a: Kingambit|fallen4|[silent]
|
|-damage|p1a: Raging Bolt|76/100 psn|[from] psn
|upkeep
|
|t:|1769441644
|switch|p2a: Glimmora|Glimmora, F, tera:Fairy|33/100
|turn|22
|
|t:|1769441649
|move|p1a: Raging Bolt|Thunderclap|p2a: Glimmora
|-damage|p2a: Glimmora|0 fnt
|faint|p2a: Glimmora
|
|win|WeRrsome
|raw|WeRrsome's rating: 1640 &rarr; <strong>1663</strong><br />(+23 for winning)
|raw|151htyrneh's rating: 1700 &rarr; <strong>1677</strong><br />(-23 for losing)
|l|☆WeRrsome
|player|p1|
|l| kurrah
|l| jdjdjdjjdjdjd
