|j|☆kuzwa
|j|☆arcfenrir
|t:|1769400578
|gametype|singles
|player|p1|kuzwa|clerk|1379
|player|p2|arcfenrir|266|1395
|gen|9
|tier|[Gen 9] OU
|rated|
|rule|HP Percentage Mod: HP is shown in percentages
|rule|Endless Battle Clause: Forcing endless battles is banned
|rule|Species Clause: Limit one of each Pokémon
|rule|OHKO Clause: OHKO moves are banned
|rule|Evasion Items Clause: Evasion items are banned
|rule|Evasion Moves Clause: Evasion moves are banned
|rule|Evasion Abilities Clause: Evasion abilities are banned
|rule|Sleep Moves Clause: Sleep-inducing moves are banned
|clearpoke
|poke|p1|Dragapult, M|
|poke|p1|Slowking-Galar, M|
|poke|p1|Grafaiai, M|
|poke|p1|Alomomola, M|
|poke|p1|Weezing-Galar, M|
|poke|p1|Blissey, F|
|poke|p2|Ribombee, F|
|poke|p2|Cinderace, F|
|poke|p2|Serperior, F|
|poke|p2|Mimikyu, F|
|poke|p2|Dragapult, M|
|poke|p2|Bisharp, M|
|teampreview
|inactive|Battle timer is ON: inactive players will automatically lose when time's up. (requested by kuzwa)
|
|t:|1769400587
|teamsize|p1|6
|teamsize|p2|6
|start
|switch|p1a: Joga|Grafaiai, M|100/100
|switch|p2a: Ribombee|Ribombee, F|100/100
|turn|1
|
|t:|1769400598
|move|p1a: Joga|Toxic|p2a: Ribombee
|-status|p2a: Ribombee|tox
|move|p2a: Ribombee|Stun Spore|p1a: Joga|[miss]
|-miss|p2a: Ribombee|p1a: Joga
|
|-damage|p2a: Ribombee|94/100 tox|[from] psn
|upkeep
|turn|2
|
|t:|1769400604
|move|p1a: Joga|Parting Shot|p2a: Ribombee
|-unboost|p2a: Ribombee|atk|1
|-unboost|p2a: Ribombee|spa|1
|
|t:|1769400605
|switch|p1a: White Ball|Blissey, F|100/100|[from] Parting Shot
|move|p2a: Ribombee|Psychic Noise|p1a: White Ball
|-damage|p1a: White Ball|96/100
|-start|p1a: White Ball|move: Heal Block
|
|-damage|p2a: Ribombee|82/100 tox|[from] psn
|upkeep
|turn|3
|
|t:|1769400612
|move|p2a: Ribombee|Sticky Web|p1a: White Ball
|-sidestart|p1: kuzwa|move: Sticky Web
|move|p1a: White Ball|Stealth Rock|p2a: Ribombee
|-sidestart|p2: arcfenrir|move: Stealth Rock
|
|-damage|p2a: Ribombee|64/100 tox|[from] psn
|-end|p1a: White Ball|move: Heal Block
|upkeep
|turn|4
|
|t:|1769400620
|switch|p2a: Cinderace|Cinderace, F|100/100
|switch|p1a: Joga|Grafaiai, M|100/100
|
|upkeep
|turn|5
|
|t:|1769400629
|move|p1a: Joga|Toxic|p2a: Cinderace
|-status|p2a: Cinderace|tox
|move|p2a: Cinderace|Pyro Ball|p1a: Joga
|-damage|p1a: Joga|23/100
|
|-damage|p2a: Cinderace|95/100 tox|[from] psn
|upkeep
|turn|6
|
|t:|1769400637
|move|p1a: Joga|Parting Shot|p2a: Cinderace
|-unboost|p2a: Cinderace|atk|1
|-unboost|p2a: Cinderace|spa|1
|
|t:|1769400640
|switch|p1a: Love and ABCs|Dragapult, M|100/100|[from] Parting Shot
|move|p2a: Cinderace|Pyro Ball|p1a: Love and ABCs
|-resisted|p1a: Love and ABCs
|-damage|p1a: Love and ABCs|76/100
|
|-damage|p2a: Cinderace|83/100 tox|[from] psn
|upkeep
|turn|7
|
|t:|1769400648
|switch|p2a: Ribombee|Ribombee, F|64/100 tox
|-damage|p2a: Ribombee|39/100 tox|[from] Stealth Rock
|move|p1a: Love and ABCs|Dragon Darts|p2a: Ribombee
|-immune|p2a: Ribombee
|
|-damage|p2a: Ribombee|33/100 tox|[from] psn
|upkeep
|turn|8
|
|t:|1769400658
|move|p1a: Love and ABCs|Phantom Force||[still]
|-prepare|p1a: Love and ABCs|Phantom Force
|move|p2a: Ribombee|Stun Spore|p1a: Love and ABCs|[miss]
|-miss|p2a: Ribombee|p1a: Love and ABCs
|
|-damage|p2a: Ribombee|20/100 tox|[from] psn
|upkeep
|turn|9
|
|t:|1769400665
|move|p1a: Love and ABCs|Phantom Force|p2a: Ribombee|[from] lockedmove
|-damage|p2a: Ribombee|0 fnt
|faint|p2a: Ribombee
|
|upkeep
|
|t:|1769400677
|switch|p2a: Bisharp|Bisharp, M|100/100
|-damage|p2a: Bisharp|94/100|[from] Stealth Rock
|turn|10
|
|t:|1769400697
|-terastallize|p1a: Love and ABCs|Fairy
|move|p1a: Love and ABCs|Will-O-Wisp|p2a: Bisharp
|-status|p2a: Bisharp|brn
|move|p2a: Bisharp|Throat Chop|p1a: Love and ABCs
|-resisted|p1a: Love and ABCs
|-damage|p1a: Love and ABCs|61/100
|-start|p1a: Love and ABCs|Throat Chop|[silent]
|
|-damage|p2a: Bisharp|88/100 brn|[from] brn
|upkeep
|turn|11
|
|t:|1769400704
|move|p1a: Love and ABCs|U-turn|p2a: Bisharp
|-damage|p2a: Bisharp|72/100 brn
|
|t:|1769400710
|switch|p1a: Unworthy of Name|Alomomola, M|100/100|[from] U-turn
|-activate|p1a: Unworthy of Name|move: Sticky Web
|-unboost|p1a: Unworthy of Name|spe|1
|move|p2a: Bisharp|Swords Dance|p2a: Bisharp
|-boost|p2a: Bisharp|atk|2
|
|-damage|p2a: Bisharp|66/100 brn|[from] brn
|upkeep
|turn|12
|
|t:|1769400715
|move|p2a: Bisharp|Swords Dance|p2a: Bisharp
|-boost|p2a: Bisharp|atk|2
|move|p1a: Unworthy of Name|Wish|p1a: Unworthy of Name
|
|-damage|p2a: Bisharp|60/100 brn|[from] brn
|upkeep
|turn|13
|
|t:|1769400718
|move|p2a: Bisharp|Swords Dance|p2a: Bisharp
|-boost|p2a: Bisharp|atk|2
|move|p1a: Unworthy of Name|Flip Turn|p2a: Bisharp
|-damage|p2a: Bisharp|48/100 brn
|
|t:|1769400721
|switch|p1a: Joga|Grafaiai, M|23/100|[from] Flip Turn
|
|-heal|p1a: Joga|100/100|[from] move: Wish|[wisher] Unworthy of Name
|-damage|p2a: Bisharp|42/100 brn|[from] brn
|upkeep
|turn|14
|
|t:|1769400731
|switch|p1a: Unworthy of Name|Alomomola, M|100/100
|-activate|p1a: Unworthy of Name|move: Sticky Web
|-unboost|p1a: Unworthy of Name|spe|1
|move|p2a: Bisharp|Throat Chop|p1a: Unworthy of Name
|-damage|p1a: Unworthy of Name|49/100
|-start|p1a: Unworthy of Name|Throat Chop|[silent]
|-damage|p2a: Bisharp|26/100 brn|[from] item: Rocky Helmet|[of] p1a: Unworthy of Name
|
|-damage|p2a: Bisharp|20/100 brn|[from] brn
|upkeep
|turn|15
|
|t:|1769400740
|move|p2a: Bisharp|Throat Chop|p1a: Unworthy of Name
|-damage|p1a: Unworthy of Name|2/100
|-damage|p2a: Bisharp|3/100 brn|[from] item: Rocky Helmet|[of] p1a: Unworthy of Name
|move|p1a: Unworthy of Name|Wish|p1a: Unworthy of Name
|
|-damage|p2a: Bisharp|0 fnt|[from] brn
|faint|p2a: Bisharp
|-end|p1a: Unworthy of Name|Throat Chop|[silent]
|upkeep
|
|t:|1769400751
|switch|p2a: Cinderace|Cinderace, F|83/100 tox
|turn|16
|
|t:|1769400756
|move|p1a: Unworthy of Name|Protect|p1a: Unworthy of Name
|-singleturn|p1a: Unworthy of Name|Protect
|move|p2a: Cinderace|U-turn|p1a: Unworthy of Name
|-activate|p1a: Unworthy of Name|move: Protect
|
|-heal|p1a: Unworthy of Name|52/100|[from] move: Wish|[wisher] Unworthy of Name
|-damage|p2a: Cinderace|77/100 tox|[from] psn
|upkeep
|turn|17
|
|t:|1769400764
|move|p2a: Cinderace|Court Change|p2a: Cinderace
|-swapsideconditions
|-activate|p2a: Cinderace|move: Court Change
|move|p1a: Unworthy of Name|Wish|p1a: Unworthy of Name
|
|-damage|p2a: Cinderace|65/100 tox|[from] psn
|upkeep
|turn|18
|
|t:|1769400775
|move|p1a: Unworthy of Name|Protect|p1a: Unworthy of Name
|-singleturn|p1a: Unworthy of Name|Protect
|move|p2a: Cinderace|Will-O-Wisp|p1a: Unworthy of Name
|-activate|p1a: Unworthy of Name|move: Protect
|
|-heal|p1a: Unworthy of Name|100/100|[from] move: Wish|[wisher] Unworthy of Name
|-damage|p2a: Cinderace|47/100 tox|[from] psn
|upkeep
|turn|19
|
|t:|1769400782
|move|p2a: Cinderace|U-turn|p1a: Unworthy of Name
|-damage|p1a: Unworthy of Name|88/100
|-damage|p2a: Cinderace|30/100 tox|[from] item: Rocky Helmet|[of] p1a: Unworthy of Name
|
|t:|1769400783
|switch|p2a: Serperior|Serperior, F|100/100|[from] U-turn
|-activate|p2a: Serperior|move: Sticky Web
|-boost|p2a: Serperior|spe|1
|move|p1a: Unworthy of Name|Flip Turn|p2a: Serperior
|-resisted|p2a: Serperior
|-damage|p2a: Serperior|90/100
|
|t:|1769400786
|switch|p1a: Moltisanti|Weezing-Galar, M|100/100|[from] Flip Turn
|-ability|p1a: Moltisanti|Neutralizing Gas
|
|-heal|p2a: Serperior|96/100|[from] item: Leftovers
|upkeep
|turn|20
|
|t:|1769400799
|switch|p2a: Cinderace|Cinderace, F|30/100 tox
|move|p1a: Moltisanti|Haze|p1a: Moltisanti
|-clearallboost
|
|-damage|p2a: Cinderace|24/100 tox|[from] psn
|upkeep
|turn|21
|
|t:|1769400806
|-end|p1a: Moltisanti|ability: Neutralizing Gas
|switch|p1a: Unworthy of Name|Alomomola, M|100/100
|-damage|p1a: Unworthy of Name|88/100|[from] Stealth Rock
|move|p2a: Cinderace|Will-O-Wisp|p1a: Unworthy of Name|[miss]
|-miss|p2a: Cinderace|p1a: Unworthy of Name
|
|-damage|p2a: Cinderace|12/100 tox|[from] psn
|upkeep
|turn|22
|-message|arcfenrir forfeited.
|
|win|kuzwa
|raw|kuzwa's rating: 1379 &rarr; <strong>1400</strong><br />(+21 for winning)
|raw|arcfenrir's rating: 1395 &rarr; <strong>1374</strong><br />(-21 for losing)
|l|☆arcfenrir
|player|p2|
