|j|☆Black Brethren
|j|☆cringooo
|t:|1769404476
|gametype|singles
|player|p1|Black Brethren|265|1221
|player|p2|cringooo|elesa-masters|1239
|gen|9
|tier|[Gen 9] OU
|rated|
|rule|HP Percentage Mod: HP is shown in percentages
|rule|Endless Battle Clause: Forcing endless battles is banned
|rule|Species Clause: Limit one of each Pokémon
|rule|OHKO Clause: OHKO moves are banned
|rule|Evasion Items Clause: Evasion items are banned
|rule|Evasion Moves Clause: Evasion moves are banned
|rule|Evasion Abilities Clause: Evasion abilities are banned
|rule|Sleep Moves Clause: Sleep-inducing moves are banned
|clearpoke
|poke|p1|Weezing-Galar, F|
|poke|p1|Dragapult, F|
|poke|p1|Primarina, F|
|poke|p1|Kingambit, F|
|poke|p1|Deoxys-Speed|
|poke|p1|Heatran, F|
|poke|p2|Torkoal, F|
|poke|p2|Trevenant, M|
|poke|p2|Chandelure, F|
|poke|p2|Walking Wake|
|poke|p2|Hatterene, F|
|poke|p2|Great Tusk|
|teampreview
|
|t:|1769404504
|teamsize|p1|6
|teamsize|p2|6
|start
|switch|p1a: Deoxys|Deoxys-Speed|100/100
|switch|p2a: Trevenant|Trevenant, M|100/100
|-ability|p1a: Deoxys|Pressure
|turn|1
|
|t:|1769404508
|move|p1a: Deoxys|Ice Beam|p2a: Trevenant
|-supereffective|p2a: Trevenant
|-damage|p2a: Trevenant|67/100
|move|p2a: Trevenant|Knock Off|p1a: Deoxys
|-supereffective|p1a: Deoxys
|-damage|p1a: Deoxys|17/100
|-enditem|p1a: Deoxys|Focus Sash|[from] move: Knock Off|[of] p2a: Trevenant
|
|upkeep
|turn|2
|
|t:|1769404516
|move|p1a: Deoxys|Psycho Boost|p2a: Trevenant
|-damage|p2a: Trevenant|29/100
|-unboost|p1a: Deoxys|spa|2
|-enditem|p2a: Trevenant|Sitrus Berry|[eat]
|-heal|p2a: Trevenant|54/100|[from] item: Sitrus Berry
|move|p2a: Trevenant|Knock Off|p1a: Deoxys
|-supereffective|p1a: Deoxys
|-damage|p1a: Deoxys|0 fnt
|faint|p1a: Deoxys
|
|-item|p2a: Trevenant|Sitrus Berry|[from] ability: Harvest
|upkeep
|
|t:|1769404550
|switch|p1a: Heatran|Heatran, F|100/100
|-item|p1a: Heatran|Air Balloon
|turn|3
|
|t:|1769404555
|switch|p2a: Torkoal|Torkoal, F|100/100
|-weather|SunnyDay|[from] ability: Drought|[of] p2a: Torkoal
|move|p1a: Heatran|Magma Storm|p2a: Torkoal|[miss]
|-miss|p1a: Heatran|p2a: Torkoal
|
|-weather|SunnyDay|[upkeep]
|upkeep
|turn|4
|
|t:|1769404561
|move|p1a: Heatran|Earth Power|p2a: Torkoal
|-supereffective|p2a: Torkoal
|-damage|p2a: Torkoal|14/100
|move|p2a: Torkoal|Stealth Rock|p1a: Heatran
|-sidestart|p1: Black Brethren|move: Stealth Rock
|
|-weather|SunnyDay|[upkeep]
|upkeep
|turn|5
|
|t:|1769404579
|move|p1a: Heatran|Earth Power|p2a: Torkoal
|-supereffective|p2a: Torkoal
|-damage|p2a: Torkoal|0 fnt
|faint|p2a: Torkoal
|
|-weather|SunnyDay|[upkeep]
|upkeep
|
|t:|1769404584
|switch|p2a: Walking Wake|Walking Wake|100/100
|-activate|p2a: Walking Wake|ability: Protosynthesis
|-start|p2a: Walking Wake|protosynthesisspa
|turn|6
|
|t:|1769404598
|move|p2a: Walking Wake|Knock Off|p1a: Heatran
|-damage|p1a: Heatran|85/100
|-enditem|p1a: Heatran|Air Balloon
|move|p1a: Heatran|Earth Power|p2a: Walking Wake
|-damage|p2a: Walking Wake|57/100
|
|-weather|SunnyDay|[upkeep]
|upkeep
|turn|7
|
|t:|1769404613
|-end|p2a: Walking Wake|Protosynthesis|[silent]
|switch|p2a: Great Tusk|Great Tusk|100/100
|-activate|p2a: Great Tusk|ability: Protosynthesis
|-start|p2a: Great Tusk|protosynthesisatk
|move|p1a: Heatran|Earth Power|p2a: Great Tusk
|-damage|p2a: Great Tusk|46/100
|
|-weather|SunnyDay|[upkeep]
|upkeep
|turn|8
|
|t:|1769404634
|move|p2a: Great Tusk|Headlong Rush|p1a: Heatran
|-supereffective|p1a: Heatran
|-damage|p1a: Heatran|0 fnt
|-unboost|p2a: Great Tusk|def|1
|-unboost|p2a: Great Tusk|spd|1
|faint|p1a: Heatran
|
|-weather|SunnyDay|[upkeep]
|upkeep
|
|t:|1769404649
|switch|p1a: Dragapult|Dragapult, F|100/100
|turn|9
|
|t:|1769404659
|-end|p2a: Great Tusk|Protosynthesis|[silent]
|switch|p2a: Hatterene|Hatterene, F|100/100
|move|p1a: Dragapult|Dragon Darts|p2a: Hatterene
|-immune|p2a: Hatterene
|
|-weather|SunnyDay|[upkeep]
|upkeep
|turn|10
|
|t:|1769404671
|-terastallize|p1a: Dragapult|Fairy
|move|p1a: Dragapult|Hex|p2a: Hatterene
|-supereffective|p2a: Hatterene
|-damage|p2a: Hatterene|40/100
|-enditem|p2a: Hatterene|Eject Button
|
|t:|1769404690
|switch|p2a: Trevenant|Trevenant, M|54/100
|
|-weather|none
|upkeep
|turn|11
|
|t:|1769404718
|move|p1a: Dragapult|Will-O-Wisp|p2a: Trevenant
|-status|p2a: Trevenant|brn
|move|p2a: Trevenant|Poltergeist|p1a: Dragapult
|-activate|p1a: Dragapult|move: Poltergeist|Heavy-Duty Boots
|-damage|p1a: Dragapult|74/100
|
|-damage|p2a: Trevenant|48/100 brn|[from] brn
|upkeep
|-enditem|p2a: Trevenant|Sitrus Berry|[eat]
|-heal|p2a: Trevenant|73/100 brn|[from] item: Sitrus Berry
|turn|12
|
|t:|1769404738
|move|p1a: Dragapult|Hex|p2a: Trevenant
|-supereffective|p2a: Trevenant
|-damage|p2a: Trevenant|0 fnt
|faint|p2a: Trevenant
|
|upkeep
|-message|cringooo forfeited.
|
|win|Black Brethren
|raw|Black Brethren's rating: 1221 &rarr; <strong>1247</strong><br />(+26 for winning)
|raw|cringooo's rating: 1239 &rarr; <strong>1213</strong><br />(-26 for losing)
|l|☆cringooo
|player|p2|
|l|☆Black Brethren
|player|p1|
