|j|☆Cour3tro
|j|☆LLTITANS
|t:|1769309608
|gametype|singles
|player|p1|Cour3tro|170|1150
|player|p2|LLTITANS|bea|1137
|gen|9
|tier|[Gen 9] OU
|rated|
|rule|HP Percentage Mod: HP is shown in percentages
|rule|Endless Battle Clause: Forcing endless battles is banned
|rule|Species Clause: Limit one of each Pokémon
|rule|OHKO Clause: OHKO moves are banned
|rule|Evasion Items Clause: Evasion items are banned
|rule|Evasion Moves Clause: Evasion moves are banned
|rule|Evasion Abilities Clause: Evasion abilities are banned
|rule|Sleep Moves Clause: Sleep-inducing moves are banned
|clearpoke
|poke|p1|Glimmora, F|
|poke|p1|Zapdos-Galar|
|poke|p1|Vaporeon, M|
|poke|p1|Haxorus, M|
|poke|p1|Toedscruel, F|
|poke|p1|Iron Thorns|
|poke|p2|Houndoom, M|
|poke|p2|Vaporeon, F|
|poke|p2|Breloom, M|
|poke|p2|Bellossom, F|
|poke|p2|Muk-Alola, M|
|poke|p2|Maushold-Four|
|teampreview
|c|☆LLTITANS|hf
|inactive|Battle timer is ON: inactive players will automatically lose when time's up. (requested by LLTITANS)
|
|t:|1769309626
|teamsize|p1|6
|teamsize|p2|6
|start
|switch|p1a: Iron Thorns|Iron Thorns|100/100
|switch|p2a: Breloom|Breloom, M, shiny|100/100
|turn|1
|
|t:|1769309640
|-terastallize|p1a: Iron Thorns|Bug
|move|p2a: Breloom|Close Combat|p1a: Iron Thorns
|-resisted|p1a: Iron Thorns
|-damage|p1a: Iron Thorns|74/100
|-unboost|p2a: Breloom|def|1
|-unboost|p2a: Breloom|spd|1
|move|p1a: Iron Thorns|Pin Missile|p2a: Breloom
|-damage|p2a: Breloom|66/100
|-damage|p2a: Breloom|32/100
|-damage|p2a: Breloom|0 fnt
|faint|p2a: Breloom
|-hitcount|p2: Breloom|3
|
|upkeep
|
|t:|1769309646
|switch|p2a: Houndoom|Houndoom, M|100/100
|turn|2
|
|t:|1769309661
|-end|p1a: Iron Thorns|Quark Drive|[silent]
|switch|p1a: Vaporeon|Vaporeon, M|100/100
|move|p2a: Houndoom|Fire Blast|p1a: Vaporeon
|-resisted|p1a: Vaporeon
|-damage|p1a: Vaporeon|80/100
|
|-heal|p1a: Vaporeon|86/100|[from] item: Leftovers
|upkeep
|turn|3
|
|t:|1769309673
|move|p2a: Houndoom|Sludge Bomb|p1a: Vaporeon
|-crit|p1a: Vaporeon
|-damage|p1a: Vaporeon|51/100
|move|p1a: Vaporeon|Ice Beam|p2a: Houndoom
|-resisted|p2a: Houndoom
|-damage|p2a: Houndoom|86/100
|
|-heal|p1a: Vaporeon|57/100|[from] item: Leftovers
|upkeep
|turn|4
|
|t:|1769309680
|switch|p2a: Muk|Muk-Alola, M|100/100
|move|p1a: Vaporeon|Wish|p1a: Vaporeon
|
|-heal|p1a: Vaporeon|63/100|[from] item: Leftovers
|upkeep
|turn|5
|inactive|Cour3tro has 120 seconds left.
|
|t:|1769309725
|switch|p1a: Glimmora|Glimmora, F|100/100
|move|p2a: Muk|Knock Off|p1a: Glimmora
|-damage|p1a: Glimmora|62/100
|-activate|p1a: Glimmora|ability: Toxic Debris
|-sidestart|p2: LLTITANS|move: Toxic Spikes
|-enditem|p1a: Glimmora|Focus Sash|[from] move: Knock Off|[of] p2a: Muk
|
|-heal|p1a: Glimmora|100/100|[from] move: Wish|[wisher] Vaporeon
|upkeep
|turn|6
|
|t:|1769309736
|switch|p2a: Vaporeon|Vaporeon, F|100/100
|move|p1a: Glimmora|Power Gem|p2a: Vaporeon
|-damage|p2a: Vaporeon|78/100
|
|upkeep
|turn|7
|
|t:|1769309752
|move|p1a: Glimmora|Stealth Rock|p2a: Vaporeon
|-sidestart|p2: LLTITANS|move: Stealth Rock
|move|p2a: Vaporeon|Wish|p2a: Vaporeon
|
|upkeep
|turn|8
|
|t:|1769309757
|move|p1a: Glimmora|Mortal Spin|p2a: Vaporeon
|-damage|p2a: Vaporeon|71/100
|-status|p2a: Vaporeon|psn
|move|p2a: Vaporeon|Scald|p1a: Glimmora
|-supereffective|p1a: Glimmora
|-damage|p1a: Glimmora|23/100
|
|-heal|p2a: Vaporeon|100/100 psn|[from] move: Wish|[wisher] Vaporeon
|-damage|p2a: Vaporeon|88/100 psn|[from] psn
|upkeep
|turn|9
|inactive|Cour3tro has 120 seconds left.
|
|t:|1769309785
|switch|p1a: Iron Thorns|Iron Thorns, tera:Bug|74/100
|move|p2a: Vaporeon|Wish|p2a: Vaporeon
|
|-damage|p2a: Vaporeon|75/100 psn|[from] psn
|upkeep
|turn|10
|
|t:|1769309795
|move|p1a: Iron Thorns|Dragon Dance|p1a: Iron Thorns
|-boost|p1a: Iron Thorns|atk|1
|-boost|p1a: Iron Thorns|spe|1
|move|p2a: Vaporeon|Scald|p1a: Iron Thorns
|-damage|p1a: Iron Thorns|40/100
|-status|p1a: Iron Thorns|brn
|
|-heal|p2a: Vaporeon|100/100 psn|[from] move: Wish|[wisher] Vaporeon
|-damage|p2a: Vaporeon|88/100 psn|[from] psn
|-damage|p1a: Iron Thorns|34/100 brn|[from] brn
|upkeep
|turn|11
|
|t:|1769309802
|move|p1a: Iron Thorns|Dragon Dance|p1a: Iron Thorns
|-boost|p1a: Iron Thorns|atk|1
|-boost|p1a: Iron Thorns|spe|1
|move|p2a: Vaporeon|Wish|p2a: Vaporeon
|
|-damage|p2a: Vaporeon|75/100 psn|[from] psn
|-damage|p1a: Iron Thorns|28/100 brn|[from] brn
|upkeep
|turn|12
|
|t:|1769309812
|move|p1a: Iron Thorns|Thunder Punch|p2a: Vaporeon
|-supereffective|p2a: Vaporeon
|-damage|p2a: Vaporeon|0 fnt
|faint|p2a: Vaporeon
|
|-damage|p1a: Iron Thorns|22/100 brn|[from] brn
|upkeep
|
|t:|1769309818
|switch|p2a: Houndoom|Houndoom, M|86/100
|turn|13
|
|t:|1769309824
|move|p2a: Houndoom|Sucker Punch|p1a: Iron Thorns
|-damage|p1a: Iron Thorns|4/100 brn
|move|p1a: Iron Thorns|Rock Blast|p2a: Houndoom
|-supereffective|p2a: Houndoom
|-damage|p2a: Houndoom|22/100
|-supereffective|p2a: Houndoom
|-damage|p2a: Houndoom|0 fnt
|faint|p2a: Houndoom
|-hitcount|p2: Houndoom|2
|
|-damage|p1a: Iron Thorns|0 fnt|[from] brn
|faint|p1a: Iron Thorns
|-end|p1a: Iron Thorns|Quark Drive|[silent]
|upkeep
|inactive|Cour3tro has 120 seconds left.
|
|t:|1769309844
|switch|p2a: Muk|Muk-Alola, M|100/100
|switch|p1a: Zapdos|Zapdos-Galar|100/100
|-sideend|p2: LLTITANS|move: Toxic Spikes|[of] p2a: Muk
|-damage|p2a: Muk|88/100|[from] Stealth Rock
|turn|14
|inactive|Cour3tro has 120 seconds left.
|
|t:|1769309852
|move|p1a: Zapdos|Close Combat|p2a: Muk
|-damage|p2a: Muk|0 fnt
|-unboost|p1a: Zapdos|def|1
|-unboost|p1a: Zapdos|spd|1
|faint|p2a: Muk
|
|upkeep
|
|t:|1769309855
|switch|p2a: Bellossom|Bellossom, F, shiny|100/100
|-damage|p2a: Bellossom|88/100|[from] Stealth Rock
|turn|15
|
|t:|1769309863
|switch|p1a: Toedscruel|Toedscruel, F|100/100
|move|p2a: Bellossom|Quiver Dance|p2a: Bellossom
|-boost|p2a: Bellossom|spa|1
|-boost|p2a: Bellossom|spd|1
|-boost|p2a: Bellossom|spe|1
|
|-heal|p2a: Bellossom|94/100|[from] item: Leftovers
|upkeep
|turn|16
|
|t:|1769309870
|move|p2a: Bellossom|Quiver Dance|p2a: Bellossom
|-boost|p2a: Bellossom|spa|1
|-boost|p2a: Bellossom|spd|1
|-boost|p2a: Bellossom|spe|1
|move|p1a: Toedscruel|Toxic|p2a: Bellossom
|-status|p2a: Bellossom|tox
|
|-heal|p2a: Bellossom|100/100 tox|[from] item: Leftovers
|-damage|p2a: Bellossom|94/100 tox|[from] psn
|upkeep
|turn|17
|
|t:|1769309888
|switch|p1a: Glimmora|Glimmora, F|23/100
|move|p2a: Bellossom|Quiver Dance|p2a: Bellossom
|-boost|p2a: Bellossom|spa|1
|-boost|p2a: Bellossom|spd|1
|-boost|p2a: Bellossom|spe|1
|
|-heal|p2a: Bellossom|100/100 tox|[from] item: Leftovers
|-damage|p2a: Bellossom|88/100 tox|[from] psn
|upkeep
|turn|18
|
|t:|1769309898
|move|p1a: Glimmora|Spiky Shield|p1a: Glimmora
|-singleturn|p1a: Glimmora|move: Protect
|move|p2a: Bellossom|Giga Drain|p1a: Glimmora
|-activate|p1a: Glimmora|move: Protect
|
|-heal|p2a: Bellossom|94/100 tox|[from] item: Leftovers
|-damage|p2a: Bellossom|76/100 tox|[from] psn
|upkeep
|turn|19
|
|t:|1769309911
|move|p2a: Bellossom|Moonblast|p1a: Glimmora
|-resisted|p1a: Glimmora
|-damage|p1a: Glimmora|0 fnt
|faint|p1a: Glimmora
|
|-heal|p2a: Bellossom|82/100 tox|[from] item: Leftovers
|-damage|p2a: Bellossom|57/100 tox|[from] psn
|upkeep
|
|t:|1769309921
|switch|p1a: Vaporeon|Vaporeon, M|63/100
|turn|20
|
|t:|1769309926
|move|p1a: Vaporeon|Protect|p1a: Vaporeon
|-singleturn|p1a: Vaporeon|Protect
|move|p2a: Bellossom|Giga Drain|p1a: Vaporeon
|-activate|p1a: Vaporeon|move: Protect
|
|-heal|p2a: Bellossom|63/100 tox|[from] item: Leftovers
|-heal|p1a: Vaporeon|70/100|[from] item: Leftovers
|-damage|p2a: Bellossom|32/100 tox|[from] psn
|upkeep
|turn|21
|
|t:|1769309941
|switch|p1a: Zapdos|Zapdos-Galar|100/100
|move|p2a: Bellossom|Moonblast|p1a: Zapdos
|-supereffective|p1a: Zapdos
|-damage|p1a: Zapdos|0 fnt
|faint|p1a: Zapdos
|
|-heal|p2a: Bellossom|38/100 tox|[from] item: Leftovers
|-damage|p2a: Bellossom|1/100 tox|[from] psn
|upkeep
|
|t:|1769309953
|switch|p1a: Vaporeon|Vaporeon, M|70/100
|turn|22
|
|t:|1769309956
|move|p1a: Vaporeon|Protect|p1a: Vaporeon
|-singleturn|p1a: Vaporeon|Protect
|move|p2a: Bellossom|Quiver Dance|p2a: Bellossom
|-boost|p2a: Bellossom|spa|1
|-boost|p2a: Bellossom|spd|1
|-boost|p2a: Bellossom|spe|1
|
|-heal|p2a: Bellossom|7/100 tox|[from] item: Leftovers
|-heal|p1a: Vaporeon|76/100|[from] item: Leftovers
|-damage|p2a: Bellossom|0 fnt|[from] psn
|faint|p2a: Bellossom
|upkeep
|
|t:|1769309960
|switch|p2a: Maushold|Maushold-Four|100/100
|-damage|p2a: Maushold|88/100|[from] Stealth Rock
|turn|23
|
|t:|1769309975
|move|p2a: Maushold|Tidy Up|p2a: Maushold
|-sideend|p2: LLTITANS|Stealth Rock
|-activate|p2a: Maushold|move: Tidy Up
|-boost|p2a: Maushold|atk|1
|-boost|p2a: Maushold|spe|1
|move|p1a: Vaporeon|Scald|p2a: Maushold
|-damage|p2a: Maushold|41/100
|-status|p2a: Maushold|brn
|
|-heal|p1a: Vaporeon|82/100|[from] item: Leftovers
|-damage|p2a: Maushold|35/100 brn|[from] brn
|upkeep
|turn|24
|
|t:|1769309986
|move|p1a: Vaporeon|Protect|p1a: Vaporeon
|-singleturn|p1a: Vaporeon|Protect
|move|p2a: Maushold|Population Bomb|p1a: Vaporeon
|-activate|p1a: Vaporeon|move: Protect
|
|-heal|p1a: Vaporeon|88/100|[from] item: Leftovers
|-damage|p2a: Maushold|29/100 brn|[from] brn
|upkeep
|turn|25
|
|t:|1769309997
|move|p2a: Maushold|Population Bomb|p1a: Vaporeon
|-damage|p1a: Vaporeon|82/100
|-damage|p1a: Vaporeon|76/100
|-damage|p1a: Vaporeon|70/100
|-damage|p1a: Vaporeon|64/100
|-damage|p1a: Vaporeon|58/100
|-damage|p1a: Vaporeon|52/100
|-damage|p1a: Vaporeon|45/100
|-damage|p1a: Vaporeon|39/100
|-damage|p1a: Vaporeon|33/100
|-damage|p1a: Vaporeon|27/100
|-hitcount|p1a: Vaporeon|10
|move|p1a: Vaporeon|Scald|p2a: Maushold
|-damage|p2a: Maushold|0 fnt
|faint|p2a: Maushold
|
|win|Cour3tro
|raw|Cour3tro's rating: 1150 &rarr; <strong>1174</strong><br />(+24 for winning)
|raw|LLTITANS's rating: 1137 &rarr; <strong>1113</strong><br />(-24 for losing)
|l|☆LLTITANS
|player|p2|
|c|☆Cour3tro|Gg
|l|☆Cour3tro
|player|p1|
