|j|☆whiper123
|j|☆weiwushuijun
|t:|1769364164
|gametype|singles
|player|p1|whiper123|pokekid|1090
|player|p2|weiwushuijun|n|1070
|gen|9
|tier|[Gen 9] OU
|rated|
|rule|HP Percentage Mod: HP is shown in percentages
|rule|Endless Battle Clause: Forcing endless battles is banned
|rule|Species Clause: Limit one of each Pokémon
|rule|OHKO Clause: OHKO moves are banned
|rule|Evasion Items Clause: Evasion items are banned
|rule|Evasion Moves Clause: Evasion moves are banned
|rule|Evasion Abilities Clause: Evasion abilities are banned
|rule|Sleep Moves Clause: Sleep-inducing moves are banned
|clearpoke
|poke|p1|Cinderace, M|
|poke|p1|Kingambit, M|
|poke|p1|Galvantula, M|
|poke|p1|Gholdengo|
|poke|p1|Ogerpon, F|
|poke|p1|Milotic, M|
|poke|p2|Pelipper, F|
|poke|p2|Basculegion-F, F|
|poke|p2|Metagross|
|poke|p2|Golem-Alola, M|
|poke|p2|Staraptor, F|
|poke|p2|Iron Valiant|
|teampreview
|inactive|Battle timer is ON: inactive players will automatically lose when time's up. (requested by whiper123)
|
|t:|1769364170
|teamsize|p1|6
|teamsize|p2|6
|start
|switch|p1a: Galvantula|Galvantula, M|100/100
|switch|p2a: Iron Valiant|Iron Valiant|100/100
|-enditem|p2a: Iron Valiant|Booster Energy
|-activate|p2a: Iron Valiant|ability: Quark Drive|[fromitem]
|-start|p2a: Iron Valiant|quarkdrivespe
|turn|1
|
|t:|1769364186
|move|p2a: Iron Valiant|Close Combat|p1a: Galvantula
|-resisted|p1a: Galvantula
|-damage|p1a: Galvantula|50/100
|-unboost|p2a: Iron Valiant|def|1
|-unboost|p2a: Iron Valiant|spd|1
|move|p1a: Galvantula|Thunder Wave|p2a: Iron Valiant
|-status|p2a: Iron Valiant|par
|
|upkeep
|turn|2
|
|t:|1769364196
|move|p1a: Galvantula|Sticky Web|p2a: Iron Valiant
|-sidestart|p2: weiwushuijun|move: Sticky Web
|move|p2a: Iron Valiant|Close Combat|p1a: Galvantula
|-resisted|p1a: Galvantula
|-damage|p1a: Galvantula|0 fnt
|-unboost|p2a: Iron Valiant|def|1
|-unboost|p2a: Iron Valiant|spd|1
|faint|p1a: Galvantula
|
|upkeep
|
|t:|1769364205
|switch|p1a: Cinderace|Cinderace, M|100/100
|-item|p1a: Cinderace|Air Balloon
|turn|3
|
|t:|1769364212
|move|p1a: Cinderace|Acrobatics|p2a: Iron Valiant
|-start|p1a: Cinderace|typechange|Flying|[from] ability: Libero
|-supereffective|p2a: Iron Valiant
|-damage|p2a: Iron Valiant|0 fnt
|faint|p2a: Iron Valiant
|-end|p2a: Iron Valiant|Quark Drive|[silent]
|
|upkeep
|
|t:|1769364221
|switch|p2a: Golem|Golem-Alola, M, shiny|100/100
|-activate|p2a: Golem|move: Sticky Web
|-unboost|p2a: Golem|spe|1
|turn|4
|
|t:|1769364226
|move|p1a: Cinderace|Court Change|p1a: Cinderace
|-swapsideconditions
|-activate|p1a: Cinderace|move: Court Change
|move|p2a: Golem|Explosion|p1a: Cinderace
|-supereffective|p1a: Cinderace
|-damage|p1a: Cinderace|0 fnt
|-enditem|p1a: Cinderace|Air Balloon
|faint|p2a: Golem
|faint|p1a: Cinderace
|
|upkeep
|
|t:|1769364241
|switch|p1a: Ogerpon|Ogerpon, F|100/100
|switch|p2a: Metagross|Metagross, shiny|100/100
|-activate|p1a: Ogerpon|move: Sticky Web
|-unboost|p1a: Ogerpon|spe|1
|-ability|p1a: Ogerpon|Defiant|boost
|-boost|p1a: Ogerpon|atk|2
|-enditem|p1a: Ogerpon|White Herb
|-clearnegativeboost|p1a: Ogerpon|[silent]
|turn|5
|
|t:|1769364251
|move|p1a: Ogerpon|Knock Off|p2a: Metagross
|-supereffective|p2a: Metagross
|-damage|p2a: Metagross|0 fnt
|-enditem|p2a: Metagross|Choice Band|[from] move: Knock Off|[of] p1a: Ogerpon
|faint|p2a: Metagross
|
|upkeep
|
|t:|1769364260
|switch|p2a: Pelipper|Pelipper, F, shiny|100/100
|-weather|RainDance|[from] ability: Drizzle|[of] p2a: Pelipper
|turn|6
|
|t:|1769364268
|move|p2a: Pelipper|Hurricane|p1a: Ogerpon
|-supereffective|p1a: Ogerpon
|-damage|p1a: Ogerpon|20/100
|move|p1a: Ogerpon|U-turn|p2a: Pelipper
|-resisted|p2a: Pelipper
|-damage|p2a: Pelipper|77/100
|
|t:|1769364280
|switch|p1a: Kingambit|Kingambit, M|100/100|[from] U-turn
|-activate|p1a: Kingambit|move: Sticky Web
|-unboost|p1a: Kingambit|spe|1
|-ability|p1a: Kingambit|Defiant|boost
|-boost|p1a: Kingambit|atk|2
|
|-weather|RainDance|[upkeep]
|upkeep
|turn|7
|
|t:|1769364294
|move|p1a: Kingambit|Sucker Punch|p2a: Pelipper
|-damage|p2a: Pelipper|0 fnt
|faint|p2a: Pelipper
|
|-weather|RainDance|[upkeep]
|upkeep
|
|t:|1769364301
|switch|p2a: Basculegion|Basculegion-F, F, shiny|100/100
|turn|8
|
|t:|1769364308
|-terastallize|p2a: Basculegion|Ghost
|move|p1a: Kingambit|Sucker Punch|p2a: Basculegion
|-supereffective|p2a: Basculegion
|-damage|p2a: Basculegion|0 fnt
|faint|p2a: Basculegion
|
|-weather|RainDance|[upkeep]
|upkeep
|
|t:|1769364318
|switch|p2a: Staraptor|Staraptor, F, shiny|100/100
|turn|9
|
|t:|1769364325
|move|p1a: Kingambit|Sucker Punch|p2a: Staraptor
|-damage|p2a: Staraptor|0 fnt
|faint|p2a: Staraptor
|
|win|whiper123
|raw|whiper123's rating: 1090 &rarr; <strong>1115</strong><br />(+25 for winning)
|raw|weiwushuijun's rating: 1070 &rarr; <strong>1051</strong><br />(-19 for losing)
