|j|☆KD0735
|j|‽darma971
|t:|1769335496
|gametype|singles
|player|p1|KD0735|102|1171
|player|p2|darma971|wallace|1176
|gen|9
|tier|[Gen 9] OU
|rated|
|rule|HP Percentage Mod: HP is shown in percentages
|rule|Endless Battle Clause: Forcing endless battles is banned
|rule|Species Clause: Limit one of each Pokémon
|rule|OHKO Clause: OHKO moves are banned
|rule|Evasion Items Clause: Evasion items are banned
|rule|Evasion Moves Clause: Evasion moves are banned
|rule|Evasion Abilities Clause: Evasion abilities are banned
|rule|Sleep Moves Clause: Sleep-inducing moves are banned
|clearpoke
|poke|p1|Venusaur, F|
|poke|p1|Ninetales, F|
|poke|p1|Raging Bolt|
|poke|p1|Great Tusk|
|poke|p1|Walking Wake|
|poke|p1|Kingambit, F|
|poke|p2|Pelipper, F|
|poke|p2|Clefable, M|
|poke|p2|Barraskewda, F|
|poke|p2|Zapdos|
|poke|p2|Basculegion-F, F|
|poke|p2|Kilowattrel, F|
|teampreview
|
|t:|1769335507
|teamsize|p1|6
|teamsize|p2|6
|start
|switch|p1a: Ninetales|Ninetales, F|100/100
|switch|p2a: Barraskewda|Barraskewda, F|100/100
|-weather|SunnyDay|[from] ability: Drought|[of] p1a: Ninetales
|turn|1
|
|t:|1769335516
|move|p2a: Barraskewda|Flip Turn|p1a: Ninetales
|-supereffective|p1a: Ninetales
|-damage|p1a: Ninetales|47/100
|
|t:|1769335520
|switch|p2a: Pelipper|Pelipper, F|100/100|[from] Flip Turn
|-weather|RainDance|[from] ability: Drizzle|[of] p2a: Pelipper
|move|p1a: Ninetales|Will-O-Wisp|p2a: Pelipper
|-status|p2a: Pelipper|brn
|
|-weather|RainDance|[upkeep]
|-damage|p2a: Pelipper|94/100 brn|[from] brn
|upkeep
|turn|2
|
|t:|1769335528
|switch|p1a: Raging Bolt|Raging Bolt|100/100
|-item|p1a: Raging Bolt|Air Balloon
|move|p2a: Pelipper|U-turn|p1a: Raging Bolt
|-damage|p1a: Raging Bolt|97/100
|-enditem|p1a: Raging Bolt|Air Balloon
|
|t:|1769335535
|switch|p2a: Clefable|Clefable, M|100/100|[from] U-turn
|
|-weather|RainDance|[upkeep]
|upkeep
|turn|3
|
|t:|1769335541
|move|p1a: Raging Bolt|Thunderbolt|p2a: Clefable
|-damage|p2a: Clefable|52/100
|move|p2a: Clefable|Moonblast|p1a: Raging Bolt
|-supereffective|p1a: Raging Bolt
|-damage|p1a: Raging Bolt|45/100
|
|-weather|RainDance|[upkeep]
|-heal|p2a: Clefable|58/100|[from] item: Leftovers
|upkeep
|turn|4
|
|t:|1769335551
|-end|p1a: Raging Bolt|Protosynthesis|[silent]
|switch|p1a: Ninetales|Ninetales, F|47/100
|-weather|SunnyDay|[from] ability: Drought|[of] p1a: Ninetales
|move|p2a: Clefable|Moonblast|p1a: Ninetales
|-resisted|p1a: Ninetales
|-damage|p1a: Ninetales|36/100
|-unboost|p1a: Ninetales|spa|1
|
|-weather|SunnyDay|[upkeep]
|-heal|p2a: Clefable|64/100|[from] item: Leftovers
|upkeep
|turn|5
|
|t:|1769335561
|switch|p1a: Walking Wake|Walking Wake|100/100
|-activate|p1a: Walking Wake|ability: Protosynthesis
|-start|p1a: Walking Wake|protosynthesisspa
|move|p2a: Clefable|Wish|p2a: Clefable
|
|-weather|SunnyDay|[upkeep]
|-heal|p2a: Clefable|71/100|[from] item: Leftovers
|upkeep
|turn|6
|
|t:|1769335571
|move|p1a: Walking Wake|Hydro Steam|p2a: Clefable
|-damage|p2a: Clefable|0 fnt
|faint|p2a: Clefable
|
|-weather|SunnyDay|[upkeep]
|upkeep
|
|t:|1769335575
|switch|p2a: Pelipper|Pelipper, F|94/100 brn
|-weather|RainDance|[from] ability: Drizzle|[of] p2a: Pelipper
|-end|p1a: Walking Wake|Protosynthesis
|turn|7
|
|t:|1769335582
|switch|p2a: Zapdos|Zapdos|100/100
|move|p1a: Walking Wake|Draco Meteor|p2a: Zapdos|[miss]
|-miss|p1a: Walking Wake|p2a: Zapdos
|
|-weather|RainDance|[upkeep]
|upkeep
|turn|8
|
|t:|1769335590
|move|p1a: Walking Wake|Draco Meteor|p2a: Zapdos
|-damage|p2a: Zapdos|20/100
|-unboost|p1a: Walking Wake|spa|2
|-enditem|p1a: Walking Wake|Eject Pack
|
|t:|1769335596
|-end|p1a: Walking Wake|Protosynthesis|[silent]
|switch|p1a: Raging Bolt|Raging Bolt|45/100
|move|p2a: Zapdos|Thunder|p1a: Raging Bolt
|-resisted|p1a: Raging Bolt
|-damage|p1a: Raging Bolt|33/100
|
|-weather|RainDance|[upkeep]
|-heal|p2a: Zapdos|26/100|[from] item: Leftovers
|upkeep
|turn|9
|
|t:|1769335603
|move|p2a: Zapdos|Hurricane|p1a: Raging Bolt
|-resisted|p1a: Raging Bolt
|-damage|p1a: Raging Bolt|8/100
|move|p1a: Raging Bolt|Thunderbolt|p2a: Zapdos
|-damage|p2a: Zapdos|0 fnt
|faint|p2a: Zapdos
|
|-weather|RainDance|[upkeep]
|upkeep
|
|t:|1769335611
|switch|p2a: Kilowattrel|Kilowattrel, F|100/100
|turn|10
|
|t:|1769335620
|move|p1a: Raging Bolt|Thunderclap|p2a: Kilowattrel
|-damage|p2a: Kilowattrel|29/100
|move|p2a: Kilowattrel|Hurricane|p1a: Raging Bolt
|-resisted|p1a: Raging Bolt
|-damage|p1a: Raging Bolt|0 fnt
|faint|p1a: Raging Bolt
|-end|p1a: Raging Bolt|Protosynthesis|[silent]
|-damage|p2a: Kilowattrel|19/100|[from] item: Life Orb
|
|-weather|RainDance|[upkeep]
|upkeep
|
|t:|1769335632
|switch|p1a: Great Tusk|Great Tusk|100/100
|turn|11
|
|t:|1769335638
|-terastallize|p1a: Great Tusk|Ice
|move|p2a: Kilowattrel|Hurricane|p1a: Great Tusk
|-damage|p1a: Great Tusk|34/100
|-damage|p2a: Kilowattrel|9/100|[from] item: Life Orb
|move|p1a: Great Tusk|Ice Spinner|p2a: Kilowattrel
|-supereffective|p2a: Kilowattrel
|-damage|p2a: Kilowattrel|0 fnt
|faint|p2a: Kilowattrel
|
|-weather|RainDance|[upkeep]
|upkeep
|
|t:|1769335647
|switch|p2a: Basculegion|Basculegion-F, F|100/100
|turn|12
|
|t:|1769335655
|move|p2a: Basculegion|Surf|p1a: Great Tusk
|-damage|p1a: Great Tusk|0 fnt
|faint|p1a: Great Tusk
|-end|p1a: Great Tusk|Protosynthesis|[silent]
|
|-weather|RainDance|[upkeep]
|upkeep
|
|t:|1769335658
|switch|p1a: Ninetales|Ninetales, F|36/100
|-weather|SunnyDay|[from] ability: Drought|[of] p1a: Ninetales
|turn|13
|
|t:|1769335669
|switch|p2a: Pelipper|Pelipper, F|94/100 brn
|-weather|RainDance|[from] ability: Drizzle|[of] p2a: Pelipper
|switch|p1a: Venusaur|Venusaur, F|100/100
|
|-weather|RainDance|[upkeep]
|-damage|p2a: Pelipper|88/100 brn|[from] brn
|upkeep
|turn|14
|
|t:|1769335690
|move|p1a: Venusaur|Sludge Bomb|p2a: Pelipper
|-damage|p2a: Pelipper|12/100 brn
|-damage|p1a: Venusaur|91/100|[from] item: Life Orb
|move|p2a: Pelipper|Hurricane|p1a: Venusaur
|-supereffective|p1a: Venusaur
|-crit|p1a: Venusaur
|-damage|p1a: Venusaur|0 fnt
|faint|p1a: Venusaur
|
|-weather|RainDance|[upkeep]
|-damage|p2a: Pelipper|6/100 brn|[from] brn
|upkeep
|
|t:|1769335700
|switch|p1a: Ninetales|Ninetales, F|36/100
|-weather|SunnyDay|[from] ability: Drought|[of] p1a: Ninetales
|turn|15
|
|t:|1769335707
|switch|p2a: Basculegion|Basculegion-F, F|100/100
|move|p1a: Ninetales|Weather Ball|p2a: Basculegion
|-resisted|p2a: Basculegion
|-damage|p2a: Basculegion|78/100
|
|-weather|SunnyDay|[upkeep]
|upkeep
|turn|16
|
|t:|1769335715
|switch|p1a: Walking Wake|Walking Wake|100/100
|-activate|p1a: Walking Wake|ability: Protosynthesis
|-start|p1a: Walking Wake|protosynthesisspa
|move|p2a: Basculegion|Surf|p1a: Walking Wake
|-resisted|p1a: Walking Wake
|-damage|p1a: Walking Wake|92/100
|
|-weather|SunnyDay|[upkeep]
|upkeep
|turn|17
|
|t:|1769335729
|move|p1a: Walking Wake|Hydro Steam|p2a: Basculegion
|-resisted|p2a: Basculegion
|-damage|p2a: Basculegion|35/100
|move|p2a: Basculegion|Surf|p1a: Walking Wake
|-resisted|p1a: Walking Wake
|-damage|p1a: Walking Wake|82/100
|
|-weather|SunnyDay|[upkeep]
|upkeep
|turn|18
|
|t:|1769335736
|move|p1a: Walking Wake|Hydro Steam|p2a: Basculegion
|-resisted|p2a: Basculegion
|-damage|p2a: Basculegion|0 fnt
|faint|p2a: Basculegion
|
|-weather|SunnyDay|[upkeep]
|upkeep
|c|☆KD0735|GG
|
|t:|1769335757
|switch|p2a: Barraskewda|Barraskewda, F|100/100
|turn|19
|
|t:|1769335764
|move|p2a: Barraskewda|Close Combat|p1a: Walking Wake
|-damage|p1a: Walking Wake|4/100
|-unboost|p2a: Barraskewda|def|1
|-unboost|p2a: Barraskewda|spd|1
|move|p1a: Walking Wake|Hydro Steam|p2a: Barraskewda
|-resisted|p2a: Barraskewda
|-damage|p2a: Barraskewda|0 fnt
|faint|p2a: Barraskewda
|
|-weather|SunnyDay|[upkeep]
|upkeep
|-message|darma971 forfeited.
|
|win|KD0735
|raw|KD0735's rating: 1171 &rarr; <strong>1196</strong><br />(+25 for winning)
|raw|darma971's rating: 1176 &rarr; <strong>1151</strong><br />(-25 for losing)
|l|‽darma971
|player|p2|
|l|☆KD0735
|player|p1|
