|j|☆zenkijooj
|j|☆kamenriderzayu
|t:|1769358001
|gametype|singles
|player|p1|zenkijooj|rosa|1335
|player|p2|kamenriderzayu|psychic|1277
|gen|9
|tier|[Gen 9] OU
|rated|
|rule|HP Percentage Mod: HP is shown in percentages
|rule|Endless Battle Clause: Forcing endless battles is banned
|rule|Species Clause: Limit one of each Pokémon
|rule|OHKO Clause: OHKO moves are banned
|rule|Evasion Items Clause: Evasion items are banned
|rule|Evasion Moves Clause: Evasion moves are banned
|rule|Evasion Abilities Clause: Evasion abilities are banned
|rule|Sleep Moves Clause: Sleep-inducing moves are banned
|clearpoke
|poke|p1|Corviknight, M|
|poke|p1|Blissey, F|
|poke|p1|Zapdos|
|poke|p1|Garchomp, M|
|poke|p1|Meowscarada, F|
|poke|p1|Ninetales-Alola, M|
|poke|p2|Ninetales-Alola, F|
|poke|p2|Iron Hands|
|poke|p2|Kyurem|
|poke|p2|Rillaboom, F|
|poke|p2|Great Tusk|
|poke|p2|Raging Bolt|
|teampreview
|inactive|Battle timer is ON: inactive players will automatically lose when time's up. (requested by kamenriderzayu)
|inactive|kamenriderzayu has 120 seconds left.
|
|t:|1769358033
|teamsize|p1|6
|teamsize|p2|6
|start
|switch|p1a: Ninetales|Ninetales-Alola, M|100/100
|switch|p2a: Kyurem|Kyurem|100/100
|-weather|Snowscape|[from] ability: Snow Warning|[of] p1a: Ninetales
|-ability|p2a: Kyurem|Pressure
|turn|1
|
|t:|1769358048
|move|p1a: Ninetales|Aurora Veil|p1a: Ninetales
|-sidestart|p1: zenkijooj|move: Aurora Veil
|move|p2a: Kyurem|Dragon Dance|p2a: Kyurem
|-boost|p2a: Kyurem|atk|1
|-boost|p2a: Kyurem|spe|1
|
|-weather|Snowscape|[upkeep]
|upkeep
|turn|2
|
|t:|1769358057
|move|p2a: Kyurem|Dragon Dance|p2a: Kyurem
|-boost|p2a: Kyurem|atk|1
|-boost|p2a: Kyurem|spe|1
|move|p1a: Ninetales|Moonblast|p2a: Kyurem
|-supereffective|p2a: Kyurem
|-damage|p2a: Kyurem|27/100
|-unboost|p2a: Kyurem|spa|1
|
|-weather|Snowscape|[upkeep]
|upkeep
|turn|3
|
|t:|1769358066
|-terastallize|p2a: Kyurem|Fire
|move|p2a: Kyurem|Tera Blast|p1a: Ninetales|[anim] Tera Blast Fire
|-supereffective|p1a: Ninetales
|-crit|p1a: Ninetales
|-damage|p1a: Ninetales|0 fnt
|faint|p1a: Ninetales
|
|-weather|Snowscape|[upkeep]
|upkeep
|
|t:|1769358092
|switch|p1a: Corviknight|Corviknight, M|100/100
|turn|4
|
|t:|1769358098
|move|p2a: Kyurem|Tera Blast|p1a: Corviknight|[anim] Tera Blast Fire
|-supereffective|p1a: Corviknight
|-damage|p1a: Corviknight|51/100
|move|p1a: Corviknight|Brave Bird|p2a: Kyurem
|-damage|p2a: Kyurem|0 fnt
|faint|p2a: Kyurem
|-damage|p1a: Corviknight|42/100|[from] Recoil
|
|-weather|Snowscape|[upkeep]
|upkeep
|
|t:|1769358106
|switch|p2a: Ninetales|Ninetales-Alola, F|100/100
|turn|5
|
|t:|1769358114
|move|p2a: Ninetales|Aurora Veil|p2a: Ninetales
|-sidestart|p2: kamenriderzayu|move: Aurora Veil
|move|p1a: Corviknight|Roost|p1a: Corviknight
|-heal|p1a: Corviknight|92/100
|-singleturn|p1a: Corviknight|move: Roost
|
|-weather|none
|upkeep
|turn|6
|
|t:|1769358142
|switch|p2a: Iron Hands|Iron Hands|100/100
|-enditem|p2a: Iron Hands|Booster Energy
|-activate|p2a: Iron Hands|ability: Quark Drive|[fromitem]
|-start|p2a: Iron Hands|quarkdriveatk
|move|p1a: Corviknight|U-turn|p2a: Iron Hands
|-resisted|p2a: Iron Hands
|-damage|p2a: Iron Hands|98/100
|inactive|zenkijooj has 120 seconds left.
|
|t:|1769358180
|switch|p1a: Garchomp|Garchomp, M|100/100|[from] U-turn
|
|upkeep
|turn|7
|inactive|zenkijooj has 90 seconds left.
|
|t:|1769358219
|-terastallize|p1a: Garchomp|Fire
|move|p1a: Garchomp|Swords Dance|p1a: Garchomp
|-boost|p1a: Garchomp|atk|2
|move|p2a: Iron Hands|Swords Dance|p2a: Iron Hands
|-boost|p2a: Iron Hands|atk|2
|
|upkeep
|turn|8
|inactive|zenkijooj has 90 seconds left.
|
|t:|1769358235
|move|p1a: Garchomp|Swords Dance|p1a: Garchomp
|-boost|p1a: Garchomp|atk|2
|move|p2a: Iron Hands|Drain Punch|p1a: Garchomp
|-damage|p1a: Garchomp|40/100
|-heal|p2a: Iron Hands|100/100|[from] drain|[of] p1a: Garchomp
|-damage|p2a: Iron Hands|88/100|[from] ability: Rough Skin|[of] p1a: Garchomp
|
|-sideend|p1: zenkijooj|move: Aurora Veil
|upkeep
|turn|9
|
|t:|1769358245
|move|p1a: Garchomp|Earthquake|p2a: Iron Hands
|-supereffective|p2a: Iron Hands
|-damage|p2a: Iron Hands|0 fnt
|faint|p2a: Iron Hands
|-end|p2a: Iron Hands|Quark Drive|[silent]
|
|upkeep
|
|t:|1769358265
|switch|p2a: Great Tusk|Great Tusk|100/100
|-enditem|p2a: Great Tusk|Booster Energy
|-activate|p2a: Great Tusk|ability: Protosynthesis|[fromitem]
|-start|p2a: Great Tusk|protosynthesisspe
|turn|10
|inactive|zenkijooj has 90 seconds left.
|
|t:|1769358280
|switch|p1a: Corviknight|Corviknight, M|92/100
|move|p2a: Great Tusk|Bulk Up|p2a: Great Tusk
|-boost|p2a: Great Tusk|atk|1
|-boost|p2a: Great Tusk|def|1
|
|upkeep
|turn|11
|inactive|zenkijooj has 90 seconds left.
|inactive|kamenriderzayu has 120 seconds left.
|
|t:|1769358327
|move|p2a: Great Tusk|Ice Spinner|p1a: Corviknight
|-damage|p1a: Corviknight|71/100
|-damage|p2a: Great Tusk|84/100|[from] item: Rocky Helmet|[of] p1a: Corviknight
|move|p1a: Corviknight|Brave Bird|p2a: Great Tusk
|-supereffective|p2a: Great Tusk
|-damage|p2a: Great Tusk|68/100
|-damage|p1a: Corviknight|66/100|[from] Recoil
|
|upkeep
|turn|12
|
|t:|1769358338
|move|p2a: Great Tusk|Ice Spinner|p1a: Corviknight
|-damage|p1a: Corviknight|43/100
|-damage|p2a: Great Tusk|51/100|[from] item: Rocky Helmet|[of] p1a: Corviknight
|move|p1a: Corviknight|U-turn|p2a: Great Tusk
|-resisted|p2a: Great Tusk
|-damage|p2a: Great Tusk|50/100
|
|t:|1769358347
|switch|p1a: Zapdos|Zapdos|100/100|[from] U-turn
|
|-sideend|p2: kamenriderzayu|move: Aurora Veil
|upkeep
|turn|13
|
|t:|1769358357
|move|p2a: Great Tusk|Ice Spinner|p1a: Zapdos
|-supereffective|p1a: Zapdos
|-damage|p1a: Zapdos|23/100
|-status|p2a: Great Tusk|par|[from] ability: Static|[of] p1a: Zapdos
|move|p1a: Zapdos|Hurricane|p2a: Great Tusk|[miss]
|-miss|p1a: Zapdos|p2a: Great Tusk
|
|upkeep
|turn|14
|
|t:|1769358366
|move|p1a: Zapdos|Hurricane|p2a: Great Tusk
|-supereffective|p2a: Great Tusk
|-damage|p2a: Great Tusk|0 fnt
|faint|p2a: Great Tusk
|-end|p2a: Great Tusk|Protosynthesis|[silent]
|
|upkeep
|
|t:|1769358373
|switch|p2a: Ninetales|Ninetales-Alola, F|100/100
|-weather|Snowscape|[from] ability: Snow Warning|[of] p2a: Ninetales
|turn|15
|
|t:|1769358390
|switch|p1a: Blissey|Blissey, F|100/100
|move|p2a: Ninetales|Aurora Veil|p2a: Ninetales
|-sidestart|p2: kamenriderzayu|move: Aurora Veil
|
|-weather|Snowscape|[upkeep]
|upkeep
|turn|16
|
|t:|1769358399
|switch|p2a: Rillaboom|Rillaboom, F|100/100
|-fieldstart|move: Grassy Terrain|[from] ability: Grassy Surge|[of] p2a: Rillaboom
|move|p1a: Blissey|Thunder Wave|p2a: Rillaboom
|-status|p2a: Rillaboom|par
|
|-weather|Snowscape|[upkeep]
|upkeep
|turn|17
|
|t:|1769358409
|switch|p1a: Corviknight|Corviknight, M|43/100
|move|p2a: Rillaboom|Low Kick|p1a: Corviknight
|-damage|p1a: Corviknight|25/100
|-damage|p2a: Rillaboom|84/100 par|[from] item: Rocky Helmet|[of] p1a: Corviknight
|
|-weather|Snowscape|[upkeep]
|-heal|p2a: Rillaboom|90/100 par|[from] Grassy Terrain
|upkeep
|turn|18
|
|t:|1769358420
|move|p1a: Corviknight|Roost|p1a: Corviknight
|-heal|p1a: Corviknight|75/100
|-singleturn|p1a: Corviknight|move: Roost
|move|p2a: Rillaboom|Knock Off|p1a: Corviknight
|-damage|p1a: Corviknight|54/100
|-damage|p2a: Rillaboom|73/100 par|[from] item: Rocky Helmet|[of] p1a: Corviknight
|-enditem|p1a: Corviknight|Rocky Helmet|[from] move: Knock Off|[of] p2a: Rillaboom
|
|-weather|Snowscape|[upkeep]
|-heal|p1a: Corviknight|60/100|[from] Grassy Terrain
|-heal|p2a: Rillaboom|80/100 par|[from] Grassy Terrain
|upkeep
|turn|19
|
|t:|1769358431
|switch|p2a: Raging Bolt|Raging Bolt|100/100
|-enditem|p2a: Raging Bolt|Booster Energy
|-activate|p2a: Raging Bolt|ability: Protosynthesis|[fromitem]
|-start|p2a: Raging Bolt|protosynthesisspa
|move|p1a: Corviknight|Defog|p2a: Raging Bolt
|-unboost|p2a: Raging Bolt|evasion|1
|-sideend|p2: kamenriderzayu|move: Aurora Veil
|-fieldend|move: Grassy Terrain
|
|-weather|none
|upkeep
|turn|20
|
|t:|1769358454
|switch|p1a: Meowscarada|Meowscarada, F|100/100
|move|p2a: Raging Bolt|Thunderbolt|p1a: Meowscarada
|-resisted|p1a: Meowscarada
|-damage|p1a: Meowscarada|47/100
|
|upkeep
|turn|21
|inactive|zenkijooj has 90 seconds left.
|
|t:|1769358476
|-end|p2a: Raging Bolt|Protosynthesis|[silent]
|switch|p2a: Ninetales|Ninetales-Alola, F|100/100
|-weather|Snowscape|[from] ability: Snow Warning|[of] p2a: Ninetales
|move|p1a: Meowscarada|Triple Axel|p2a: Ninetales
|-start|p1a: Meowscarada|typechange|Ice|[from] ability: Protean
|-resisted|p2a: Ninetales
|-damage|p2a: Ninetales|95/100
|-resisted|p2a: Ninetales
|-damage|p2a: Ninetales|83/100
|-resisted|p2a: Ninetales
|-damage|p2a: Ninetales|66/100
|-hitcount|p2a: Ninetales|3
|
|-weather|Snowscape|[upkeep]
|upkeep
|turn|22
|inactive|zenkijooj has 90 seconds left.
|
|t:|1769358492
|switch|p1a: Blissey|Blissey, F|100/100
|move|p2a: Ninetales|Aurora Veil|p2a: Ninetales
|-sidestart|p2: kamenriderzayu|move: Aurora Veil
|
|-weather|Snowscape|[upkeep]
|upkeep
|turn|23
|
|t:|1769358495
|switch|p2a: Rillaboom|Rillaboom, F|80/100 par
|-fieldstart|move: Grassy Terrain|[from] ability: Grassy Surge|[of] p2a: Rillaboom
|move|p1a: Blissey|Seismic Toss|p2a: Rillaboom
|-damage|p2a: Rillaboom|54/100 par
|
|-weather|Snowscape|[upkeep]
|-heal|p2a: Rillaboom|60/100 par|[from] Grassy Terrain
|upkeep
|turn|24
|
|t:|1769358505
|switch|p1a: Corviknight|Corviknight, M|60/100
|move|p2a: Rillaboom|Low Kick|p1a: Corviknight
|-damage|p1a: Corviknight|42/100
|
|-weather|Snowscape|[upkeep]
|-heal|p2a: Rillaboom|66/100 par|[from] Grassy Terrain
|upkeep
|turn|25
|inactive|zenkijooj has 90 seconds left.
|
|t:|1769358525
|move|p1a: Corviknight|U-turn|p2a: Rillaboom
|-supereffective|p2a: Rillaboom
|-damage|p2a: Rillaboom|52/100 par
|
|t:|1769358529
|switch|p1a: Zapdos|Zapdos|23/100|[from] U-turn
|move|p2a: Rillaboom|U-turn|p1a: Zapdos
|-resisted|p1a: Zapdos
|-damage|p1a: Zapdos|6/100
|
|t:|1769358533
|switch|p2a: Raging Bolt|Raging Bolt|100/100|[from] U-turn
|
|-weather|none
|upkeep
|turn|26
|
|t:|1769358544
|switch|p1a: Blissey|Blissey, F|100/100
|move|p2a: Raging Bolt|Dragon Pulse|p1a: Blissey
|-damage|p1a: Blissey|82/100
|
|-heal|p1a: Blissey|88/100|[from] Grassy Terrain
|-heal|p1a: Blissey|94/100|[from] item: Leftovers
|upkeep
|turn|27
|
|t:|1769358548
|move|p2a: Raging Bolt|Calm Mind|p2a: Raging Bolt
|-boost|p2a: Raging Bolt|spa|1
|-boost|p2a: Raging Bolt|spd|1
|move|p1a: Blissey|Seismic Toss|p2a: Raging Bolt
|-damage|p2a: Raging Bolt|75/100
|
|-heal|p2a: Raging Bolt|81/100|[from] Grassy Terrain
|-heal|p1a: Blissey|99/100|[from] Grassy Terrain
|-heal|p1a: Blissey|100/100|[from] item: Leftovers
|upkeep
|turn|28
|
|t:|1769358555
|move|p2a: Raging Bolt|Calm Mind|p2a: Raging Bolt
|-boost|p2a: Raging Bolt|spa|1
|-boost|p2a: Raging Bolt|spd|1
|move|p1a: Blissey|Seismic Toss|p2a: Raging Bolt
|-damage|p2a: Raging Bolt|55/100
|
|-heal|p2a: Raging Bolt|62/100|[from] Grassy Terrain
|upkeep
|turn|29
|
|t:|1769358560
|move|p2a: Raging Bolt|Thunderbolt|p1a: Blissey
|-damage|p1a: Blissey|60/100
|move|p1a: Blissey|Seismic Toss|p2a: Raging Bolt
|-damage|p2a: Raging Bolt|36/100
|
|-heal|p2a: Raging Bolt|42/100|[from] Grassy Terrain
|-heal|p1a: Blissey|66/100|[from] Grassy Terrain
|-heal|p1a: Blissey|72/100|[from] item: Leftovers
|-sideend|p2: kamenriderzayu|move: Aurora Veil
|upkeep
|turn|30
|
|t:|1769358575
|move|p2a: Raging Bolt|Thunderbolt|p1a: Blissey
|-damage|p1a: Blissey|32/100
|move|p1a: Blissey|Seismic Toss|p2a: Raging Bolt
|-damage|p2a: Raging Bolt|17/100
|
|-heal|p2a: Raging Bolt|23/100|[from] Grassy Terrain
|-heal|p1a: Blissey|38/100|[from] Grassy Terrain
|-heal|p1a: Blissey|44/100|[from] item: Leftovers
|-fieldend|move: Grassy Terrain
|upkeep
|turn|31
|
|t:|1769358584
|move|p2a: Raging Bolt|Thunderbolt|p1a: Blissey
|-damage|p1a: Blissey|5/100
|move|p1a: Blissey|Seismic Toss|p2a: Raging Bolt
|-damage|p2a: Raging Bolt|0 fnt
|faint|p2a: Raging Bolt
|-end|p2a: Raging Bolt|Protosynthesis|[silent]
|
|-heal|p1a: Blissey|11/100|[from] item: Leftovers
|upkeep
|
|t:|1769358587
|switch|p2a: Ninetales|Ninetales-Alola, F|66/100
|-weather|Snowscape|[from] ability: Snow Warning|[of] p2a: Ninetales
|turn|32
|
|t:|1769358594
|move|p2a: Ninetales|Aurora Veil|p2a: Ninetales
|-sidestart|p2: kamenriderzayu|move: Aurora Veil
|move|p1a: Blissey|Soft-Boiled|p1a: Blissey
|-heal|p1a: Blissey|61/100
|
|-weather|Snowscape|[upkeep]
|-heal|p1a: Blissey|67/100|[from] item: Leftovers
|upkeep
|turn|33
|-message|kamenriderzayu forfeited.
|
|win|zenkijooj
|raw|zenkijooj's rating: 1335 &rarr; <strong>1352</strong><br />(+17 for winning)
|raw|kamenriderzayu's rating: 1277 &rarr; <strong>1256</strong><br />(-21 for losing)
|l|☆kamenriderzayu
|player|p2|
