|j|☆jiyurey
|j|☆test 2987
|t:|1769333680
|gametype|singles
|player|p1|jiyurey|169|1100
|player|p2|test 2987|camper|1144
|gen|9
|tier|[Gen 9] OU
|rated|
|rule|HP Percentage Mod: HP is shown in percentages
|rule|Endless Battle Clause: Forcing endless battles is banned
|rule|Species Clause: Limit one of each Pokémon
|rule|OHKO Clause: OHKO moves are banned
|rule|Evasion Items Clause: Evasion items are banned
|rule|Evasion Moves Clause: Evasion moves are banned
|rule|Evasion Abilities Clause: Evasion abilities are banned
|rule|Sleep Moves Clause: Sleep-inducing moves are banned
|clearpoke
|poke|p1|Great Tusk|
|poke|p1|Garganacl, M|
|poke|p1|Dragapult, M|
|poke|p1|Kingambit, F|
|poke|p1|Dondozo, M|
|poke|p1|Iron Crown|
|poke|p2|Torterra, M|
|poke|p2|Entei|
|poke|p2|Jirachi|
|poke|p2|Ting-Lu|
|poke|p2|Latios, M|
|poke|p2|Iron Valiant|
|teampreview
|
|t:|1769333687
|teamsize|p1|6
|teamsize|p2|6
|start
|switch|p1a: Great Tusk|Great Tusk|100/100
|switch|p2a: Ting-Lu|Ting-Lu|100/100
|-ability|p2a: Ting-Lu|Vessel of Ruin
|-enditem|p1a: Great Tusk|Booster Energy
|-activate|p1a: Great Tusk|ability: Protosynthesis|[fromitem]
|-start|p1a: Great Tusk|protosynthesisatk
|turn|1
|
|t:|1769333703
|-terastallize|p1a: Great Tusk|Water
|move|p1a: Great Tusk|Rapid Spin|p2a: Ting-Lu
|-damage|p2a: Ting-Lu|90/100
|-boost|p1a: Great Tusk|spe|1
|move|p2a: Ting-Lu|Ruination|p1a: Great Tusk
|-damage|p1a: Great Tusk|51/100
|
|-heal|p2a: Ting-Lu|96/100|[from] item: Leftovers
|upkeep
|turn|2
|
|t:|1769333714
|move|p1a: Great Tusk|Close Combat|p2a: Ting-Lu
|-supereffective|p2a: Ting-Lu
|-damage|p2a: Ting-Lu|20/100
|-unboost|p1a: Great Tusk|def|1
|-unboost|p1a: Great Tusk|spd|1
|move|p2a: Ting-Lu|Whirlwind|p1a: Great Tusk
|-end|p1a: Great Tusk|Protosynthesis|[silent]
|drag|p1a: Iron Crown|Iron Crown|100/100
|-enditem|p1a: Iron Crown|Booster Energy
|-activate|p1a: Iron Crown|ability: Quark Drive|[fromitem]
|-start|p1a: Iron Crown|quarkdrivespe
|
|-heal|p2a: Ting-Lu|26/100|[from] item: Leftovers
|upkeep
|turn|3
|
|t:|1769333740
|move|p1a: Iron Crown|Tachyon Cutter|p2a: Ting-Lu
|-damage|p2a: Ting-Lu|12/100
|-damage|p2a: Ting-Lu|0 fnt
|faint|p2a: Ting-Lu
|-hitcount|p2: Ting-Lu|2
|
|upkeep
|
|t:|1769333749
|switch|p2a: Entei|Entei|100/100
|turn|4
|
|t:|1769333759
|move|p1a: Iron Crown|Calm Mind|p1a: Iron Crown
|-boost|p1a: Iron Crown|spa|1
|-boost|p1a: Iron Crown|spd|1
|move|p2a: Entei|Sacred Fire|p1a: Iron Crown
|-supereffective|p1a: Iron Crown
|-damage|p1a: Iron Crown|2/100
|
|upkeep
|turn|5
|
|t:|1769333766
|move|p2a: Entei|Extreme Speed|p1a: Iron Crown
|-resisted|p1a: Iron Crown
|-damage|p1a: Iron Crown|0 fnt
|faint|p1a: Iron Crown
|-end|p1a: Iron Crown|Quark Drive|[silent]
|
|upkeep
|
|t:|1769333776
|switch|p1a: Garganacl|Garganacl, M|100/100
|turn|6
|
|t:|1769333784
|switch|p2a: Latios|Latios, M|100/100
|move|p1a: Garganacl|Salt Cure|p2a: Latios
|-damage|p2a: Latios|83/100
|-start|p2a: Latios|Salt Cure
|
|-damage|p2a: Latios|70/100|[from] Salt Cure
|upkeep
|turn|7
|
|t:|1769333795
|move|p2a: Latios|Calm Mind|p2a: Latios
|-boost|p2a: Latios|spa|1
|-boost|p2a: Latios|spd|1
|move|p1a: Garganacl|Salt Cure|p2a: Latios
|-damage|p2a: Latios|50/100
|
|-damage|p2a: Latios|38/100|[from] Salt Cure
|upkeep
|turn|8
|
|t:|1769333819
|move|p2a: Latios|Surf|p1a: Garganacl
|-supereffective|p1a: Garganacl
|-damage|p1a: Garganacl|35/100
|move|p1a: Garganacl|Salt Cure|p2a: Latios
|-damage|p2a: Latios|19/100
|
|-heal|p1a: Garganacl|41/100|[from] item: Leftovers
|-damage|p2a: Latios|7/100|[from] Salt Cure
|upkeep
|turn|9
|
|t:|1769333830
|move|p1a: Garganacl|Protect|p1a: Garganacl
|-singleturn|p1a: Garganacl|Protect
|move|p2a: Latios|Draco Meteor|p1a: Garganacl
|-activate|p1a: Garganacl|move: Protect
|
|-heal|p1a: Garganacl|47/100|[from] item: Leftovers
|-damage|p2a: Latios|0 fnt|[from] Salt Cure
|faint|p2a: Latios
|upkeep
|
|t:|1769333841
|switch|p2a: Torterra|Torterra, M|100/100
|turn|10
|
|t:|1769333849
|move|p2a: Torterra|Seed Bomb|p1a: Garganacl
|-supereffective|p1a: Garganacl
|-damage|p1a: Garganacl|0 fnt
|faint|p1a: Garganacl
|
|upkeep
|
|t:|1769333856
|switch|p1a: Dragapult|Dragapult, M|100/100
|turn|11
|
|t:|1769333862
|switch|p2a: Jirachi|Jirachi|100/100
|move|p1a: Dragapult|Flamethrower|p2a: Jirachi
|-supereffective|p2a: Jirachi
|-damage|p2a: Jirachi|70/100
|
|-heal|p2a: Jirachi|76/100|[from] item: Leftovers
|upkeep
|turn|12
|
|t:|1769333877
|-terastallize|p2a: Jirachi|Flying
|move|p1a: Dragapult|Shadow Ball|p2a: Jirachi
|-damage|p2a: Jirachi|54/100
|move|p2a: Jirachi|Light Screen|p2a: Jirachi
|-sidestart|p2: test 2987|move: Light Screen
|
|-heal|p2a: Jirachi|61/100|[from] item: Leftovers
|upkeep
|turn|13
|
|t:|1769333892
|move|p1a: Dragapult|U-turn|p2a: Jirachi
|-resisted|p2a: Jirachi
|-damage|p2a: Jirachi|54/100
|
|t:|1769333896
|switch|p1a: Kingambit|Kingambit, F|100/100|[from] U-turn
|-activate|p1a: Kingambit|ability: Supreme Overlord
|-start|p1a: Kingambit|fallen2|[silent]
|move|p2a: Jirachi|Thunder Wave|p1a: Kingambit
|-status|p1a: Kingambit|par
|
|-heal|p2a: Jirachi|60/100|[from] item: Leftovers
|upkeep
|turn|14
|
|t:|1769333908
|move|p2a: Jirachi|Reflect|p2a: Jirachi
|-sidestart|p2: test 2987|Reflect
|move|p1a: Kingambit|Swords Dance|p1a: Kingambit
|-boost|p1a: Kingambit|atk|2
|
|-heal|p2a: Jirachi|67/100|[from] item: Leftovers
|upkeep
|turn|15
|
|t:|1769333918
|switch|p2a: Entei|Entei|100/100
|move|p1a: Kingambit|Swords Dance|p1a: Kingambit
|-boost|p1a: Kingambit|atk|2
|
|upkeep
|turn|16
|
|t:|1769333926
|move|p2a: Entei|Sacred Fire|p1a: Kingambit
|-supereffective|p1a: Kingambit
|-damage|p1a: Kingambit|31/100 par
|move|p1a: Kingambit|Kowtow Cleave|p2a: Entei
|-damage|p2a: Entei|0 fnt
|faint|p2a: Entei
|
|-sideend|p2: test 2987|move: Light Screen
|upkeep
|
|t:|1769333939
|switch|p2a: Iron Valiant|Iron Valiant|100/100
|turn|17
|
|t:|1769333945
|move|p1a: Kingambit|Sucker Punch|p2a: Iron Valiant
|-resisted|p2a: Iron Valiant
|-damage|p2a: Iron Valiant|70/100
|move|p2a: Iron Valiant|Moonblast|p1a: Kingambit
|-damage|p1a: Kingambit|0 fnt
|faint|p1a: Kingambit
|-end|p1a: Kingambit|fallen2|[silent]
|
|upkeep
|
|t:|1769333965
|switch|p1a: Great Tusk|Great Tusk, tera:Water|51/100
|turn|18
|
|t:|1769333973
|move|p2a: Iron Valiant|Moonblast|p1a: Great Tusk
|-damage|p1a: Great Tusk|0 fnt
|faint|p1a: Great Tusk
|-end|p1a: Great Tusk|Protosynthesis|[silent]
|
|-sideend|p2: test 2987|Reflect
|upkeep
|
|t:|1769333980
|switch|p1a: Dondozo|Dondozo, M|100/100
|turn|19
|
|t:|1769333986
|-end|p2a: Iron Valiant|Quark Drive|[silent]
|switch|p2a: Torterra|Torterra, M|100/100
|move|p1a: Dondozo|Wave Crash|p2a: Torterra
|-damage|p2a: Torterra|56/100
|-damage|p1a: Dondozo|91/100|[from] Recoil
|
|-heal|p1a: Dondozo|97/100|[from] item: Leftovers
|upkeep
|turn|20
|
|t:|1769333998
|move|p2a: Torterra|Shell Smash|p2a: Torterra
|-unboost|p2a: Torterra|def|1
|-unboost|p2a: Torterra|spd|1
|-boost|p2a: Torterra|atk|2
|-boost|p2a: Torterra|spa|2
|-boost|p2a: Torterra|spe|2
|move|p1a: Dondozo|Wave Crash|p2a: Torterra
|-damage|p2a: Torterra|14/100
|-damage|p1a: Dondozo|88/100|[from] Recoil
|
|-heal|p1a: Dondozo|94/100|[from] item: Leftovers
|upkeep
|turn|21
|
|t:|1769334015
|move|p2a: Torterra|Seed Bomb|p1a: Dondozo
|-supereffective|p1a: Dondozo
|-damage|p1a: Dondozo|42/100
|move|p1a: Dondozo|Wave Crash|p2a: Torterra
|-damage|p2a: Torterra|0 fnt
|faint|p2a: Torterra
|-damage|p1a: Dondozo|39/100|[from] Recoil
|
|-heal|p1a: Dondozo|45/100|[from] item: Leftovers
|upkeep
|
|t:|1769334026
|switch|p2a: Iron Valiant|Iron Valiant|70/100
|turn|22
|
|t:|1769334030
|move|p2a: Iron Valiant|Moonblast|p1a: Dondozo
|-damage|p1a: Dondozo|0 fnt
|faint|p1a: Dondozo
|
|upkeep
|
|t:|1769334035
|switch|p1a: Dragapult|Dragapult, M|100/100
|turn|23
|
|t:|1769334041
|move|p2a: Iron Valiant|Moonblast|p1a: Dragapult
|-supereffective|p1a: Dragapult
|-damage|p1a: Dragapult|0 fnt
|faint|p1a: Dragapult
|
|win|test 2987
|raw|jiyurey's rating: 1100 &rarr; <strong>1078</strong><br />(-22 for losing)
|raw|test 2987's rating: 1144 &rarr; <strong>1166</strong><br />(+22 for winning)
|l|☆test 2987
|player|p2|
|l|☆jiyurey
|player|p1|
