|j|☆seymourbandz
|j|☆Metroshock
|t:|1769323872
|gametype|singles
|player|p1|seymourbandz|janitor|1566
|player|p2|Metroshock|miku-fire|1537
|gen|9
|tier|[Gen 9] OU
|rated|
|rule|HP Percentage Mod: HP is shown in percentages
|rule|Endless Battle Clause: Forcing endless battles is banned
|rule|Species Clause: Limit one of each Pokémon
|rule|OHKO Clause: OHKO moves are banned
|rule|Evasion Items Clause: Evasion items are banned
|rule|Evasion Moves Clause: Evasion moves are banned
|rule|Evasion Abilities Clause: Evasion abilities are banned
|rule|Sleep Moves Clause: Sleep-inducing moves are banned
|clearpoke
|poke|p1|Torkoal, F|
|poke|p1|Iron Moth|
|poke|p1|Venusaur, F|
|poke|p1|Walking Wake|
|poke|p1|Hatterene, F|
|poke|p1|Landorus-Therian, M|
|poke|p2|Grimmsnarl, M|
|poke|p2|Kyurem|
|poke|p2|Hawlucha, M|
|poke|p2|Rillaboom, F|
|poke|p2|Gholdengo|
|poke|p2|Heatran, F|
|teampreview
|inactive|Battle timer is ON: inactive players will automatically lose when time's up. (requested by Metroshock)
|
|t:|1769323887
|teamsize|p1|6
|teamsize|p2|6
|start
|switch|p1a: Torkoal|Torkoal, F|100/100
|switch|p2a: Screener|Grimmsnarl, M|100/100
|-weather|SunnyDay|[from] ability: Drought|[of] p1a: Torkoal
|turn|1
|
|t:|1769323906
|move|p2a: Screener|Taunt|p1a: Torkoal
|-start|p1a: Torkoal|move: Taunt
|move|p1a: Torkoal|Body Press|p2a: Screener
|-damage|p2a: Screener|69/100
|
|-weather|SunnyDay|[upkeep]
|upkeep
|turn|2
|
|t:|1769323915
|switch|p1a: Landorus|Landorus-Therian, M|100/100
|-ability|p1a: Landorus|Intimidate|boost
|-unboost|p2a: Screener|atk|1
|move|p2a: Screener|Light Screen|p2a: Screener
|-sidestart|p2: Metroshock|move: Light Screen
|
|-weather|SunnyDay|[upkeep]
|upkeep
|turn|3
|
|t:|1769323919
|switch|p1a: Hatterene|Hatterene, F|100/100
|move|p2a: Screener|Taunt|p1a: Hatterene
|move|p1a: Hatterene|Taunt|p2a: Screener|[from] ability: Magic Bounce
|-start|p2a: Screener|move: Taunt
|
|-weather|SunnyDay|[upkeep]
|upkeep
|turn|4
|
|t:|1769323928
|switch|p2a: Heatran|Heatran, F|100/100
|move|p1a: Hatterene|Nuzzle|p2a: Heatran
|-damage|p2a: Heatran|97/100
|-status|p2a: Heatran|par
|
|-weather|SunnyDay|[upkeep]
|-heal|p2a: Heatran|100/100 par|[from] item: Leftovers
|upkeep
|turn|5
|
|t:|1769323934
|switch|p1a: Walking Wake|Walking Wake|100/100
|-activate|p1a: Walking Wake|ability: Protosynthesis
|-start|p1a: Walking Wake|protosynthesisspe
|move|p2a: Heatran|Substitute|p2a: Heatran
|-start|p2a: Heatran|Substitute
|-damage|p2a: Heatran|76/100 par
|
|-weather|SunnyDay|[upkeep]
|-heal|p2a: Heatran|82/100 par|[from] item: Leftovers
|upkeep
|turn|6
|
|t:|1769323944
|move|p1a: Walking Wake|Hydro Steam|p2a: Heatran
|-supereffective|p2a: Heatran
|-end|p2a: Heatran|Substitute
|move|p2a: Heatran|Power Gem|p1a: Walking Wake
|-damage|p1a: Walking Wake|68/100
|
|-weather|SunnyDay|[upkeep]
|-heal|p2a: Heatran|88/100 par|[from] item: Leftovers
|upkeep
|turn|7
|
|t:|1769323956
|switch|p2a: The Wretched Ape|Rillaboom, F|100/100
|-fieldstart|move: Grassy Terrain|[from] ability: Grassy Surge|[of] p2a: The Wretched Ape
|move|p1a: Walking Wake|Hydro Steam|p2a: The Wretched Ape
|-resisted|p2a: The Wretched Ape
|-damage|p2a: The Wretched Ape|76/100
|
|-weather|SunnyDay|[upkeep]
|-heal|p1a: Walking Wake|74/100|[from] Grassy Terrain
|-heal|p2a: The Wretched Ape|82/100|[from] Grassy Terrain
|upkeep
|turn|8
|
|t:|1769323969
|-end|p1a: Walking Wake|Protosynthesis|[silent]
|switch|p1a: Venusaur|Venusaur, F|100/100
|move|p2a: The Wretched Ape|U-turn|p1a: Venusaur
|-damage|p1a: Venusaur|45/100
|
|t:|1769323983
|switch|p2a: Mega!!!|Hawlucha, M|100/100|[from] U-turn
|-enditem|p2a: Mega!!!|Grassy Seed
|-boost|p2a: Mega!!!|def|1|[from] item: Grassy Seed
|
|-weather|none
|-heal|p1a: Venusaur|50/100|[from] Grassy Terrain
|upkeep
|turn|9
|
|t:|1769323992
|switch|p1a: Torkoal|Torkoal, F|100/100
|-weather|SunnyDay|[from] ability: Drought|[of] p1a: Torkoal
|move|p2a: Mega!!!|Acrobatics|p1a: Torkoal
|-damage|p1a: Torkoal|70/100
|
|-weather|SunnyDay|[upkeep]
|-heal|p1a: Torkoal|76/100|[from] Grassy Terrain
|-sideend|p2: Metroshock|move: Light Screen
|upkeep
|turn|10
|
|t:|1769323999
|move|p2a: Mega!!!|Swords Dance|p2a: Mega!!!
|-boost|p2a: Mega!!!|atk|2
|move|p1a: Torkoal|Will-O-Wisp|p2a: Mega!!!
|-status|p2a: Mega!!!|brn
|
|-weather|SunnyDay|[upkeep]
|-heal|p1a: Torkoal|82/100|[from] Grassy Terrain
|-damage|p2a: Mega!!!|94/100 brn|[from] brn
|upkeep
|turn|11
|
|t:|1769324007
|move|p2a: Mega!!!|Swords Dance|p2a: Mega!!!
|-boost|p2a: Mega!!!|atk|2
|move|p1a: Torkoal|Clear Smog|p2a: Mega!!!
|-damage|p2a: Mega!!!|78/100 brn
|-clearboost|p2a: Mega!!!
|
|-weather|SunnyDay|[upkeep]
|-heal|p1a: Torkoal|88/100|[from] Grassy Terrain
|-damage|p2a: Mega!!!|72/100 brn|[from] brn
|-fieldend|move: Grassy Terrain
|upkeep
|turn|12
|
|t:|1769324015
|switch|p2a: Heatran|Heatran, F|88/100 par
|switch|p1a: Landorus|Landorus-Therian, M|100/100
|-ability|p1a: Landorus|Intimidate|boost
|-unboost|p2a: Heatran|atk|1
|
|-weather|SunnyDay|[upkeep]
|-heal|p2a: Heatran|94/100 par|[from] item: Leftovers
|upkeep
|turn|13
|
|t:|1769324019
|switch|p2a: The Wretched Ape|Rillaboom, F|82/100
|-fieldstart|move: Grassy Terrain|[from] ability: Grassy Surge|[of] p2a: The Wretched Ape
|move|p1a: Landorus|Earthquake|p2a: The Wretched Ape
|-resisted|p2a: The Wretched Ape
|-damage|p2a: The Wretched Ape|69/100
|
|-weather|SunnyDay|[upkeep]
|-heal|p2a: The Wretched Ape|75/100|[from] Grassy Terrain
|upkeep
|turn|14
|
|t:|1769324025
|move|p1a: Landorus|U-turn|p2a: The Wretched Ape
|-supereffective|p2a: The Wretched Ape
|-damage|p2a: The Wretched Ape|31/100
|
|t:|1769324033
|switch|p1a: Torkoal|Torkoal, F|88/100|[from] U-turn
|move|p2a: The Wretched Ape|Wood Hammer|p1a: Torkoal
|-resisted|p1a: Torkoal
|-damage|p1a: Torkoal|50/100
|-damage|p2a: The Wretched Ape|20/100|[from] Recoil
|
|-weather|SunnyDay|[upkeep]
|-heal|p2a: The Wretched Ape|26/100|[from] Grassy Terrain
|-heal|p1a: Torkoal|56/100|[from] Grassy Terrain
|upkeep
|turn|15
|
|t:|1769324040
|switch|p2a: Heatran|Heatran, F|94/100 par
|move|p1a: Torkoal|Body Press|p2a: Heatran
|-supereffective|p2a: Heatran
|-damage|p2a: Heatran|42/100 par
|
|-weather|SunnyDay|[upkeep]
|-heal|p2a: Heatran|48/100 par|[from] Grassy Terrain
|-heal|p2a: Heatran|54/100 par|[from] item: Leftovers
|-heal|p1a: Torkoal|62/100|[from] Grassy Terrain
|upkeep
|turn|16
|
|t:|1769324057
|switch|p2a: THE MONAYYYY|Gholdengo|100/100
|switch|p1a: Landorus|Landorus-Therian, M|100/100
|-ability|p1a: Landorus|Intimidate|boost
|-unboost|p2a: THE MONAYYYY|atk|1
|
|-weather|none
|upkeep
|turn|17
|
|t:|1769324062
|move|p1a: Landorus|Earthquake|p2a: THE MONAYYYY
|-supereffective|p2a: THE MONAYYYY
|-damage|p2a: THE MONAYYYY|46/100
|move|p2a: THE MONAYYYY|Shadow Ball|p1a: Landorus
|-damage|p1a: Landorus|46/100
|
|-heal|p2a: THE MONAYYYY|52/100|[from] Grassy Terrain
|-fieldend|move: Grassy Terrain
|upkeep
|turn|18
|
|t:|1769324067
|switch|p2a: Screener|Grimmsnarl, M|69/100
|move|p1a: Landorus|Earthquake|p2a: Screener
|-damage|p2a: Screener|14/100
|
|upkeep
|turn|19
|
|t:|1769324069
|move|p2a: Screener|Reflect|p2a: Screener
|-sidestart|p2: Metroshock|Reflect
|move|p1a: Landorus|U-turn|p2a: Screener
|-damage|p2a: Screener|1/100
|
|t:|1769324078
|switch|p1a: Torkoal|Torkoal, F|62/100|[from] U-turn
|-weather|SunnyDay|[from] ability: Drought|[of] p1a: Torkoal
|
|-weather|SunnyDay|[upkeep]
|upkeep
|turn|20
|j| 16yxy
|
|t:|1769324082
|move|p2a: Screener|Light Screen|p2a: Screener
|-sidestart|p2: Metroshock|move: Light Screen
|move|p1a: Torkoal|Body Press|p2a: Screener
|-damage|p2a: Screener|0 fnt
|faint|p2a: Screener
|
|-weather|SunnyDay|[upkeep]
|upkeep
|
|t:|1769324092
|switch|p2a: Beamer|Kyurem|100/100
|-ability|p2a: Beamer|Pressure
|turn|21
|
|t:|1769324102
|move|p2a: Beamer|Dragon Dance|p2a: Beamer
|-boost|p2a: Beamer|atk|1
|-boost|p2a: Beamer|spe|1
|move|p1a: Torkoal|Body Press|p2a: Beamer
|-supereffective|p2a: Beamer
|-damage|p2a: Beamer|69/100
|
|-weather|SunnyDay|[upkeep]
|upkeep
|turn|22
|
|t:|1769324111
|move|p2a: Beamer|Scale Shot|p1a: Torkoal
|-damage|p1a: Torkoal|51/100
|-damage|p1a: Torkoal|39/100
|-damage|p1a: Torkoal|28/100
|-crit|p1a: Torkoal
|-damage|p1a: Torkoal|10/100
|-hitcount|p1a: Torkoal|4
|-unboost|p2a: Beamer|def|1
|-boost|p2a: Beamer|spe|1
|move|p1a: Torkoal|Clear Smog|p2a: Beamer
|-damage|p2a: Beamer|64/100
|-clearboost|p2a: Beamer
|
|-weather|SunnyDay|[upkeep]
|upkeep
|turn|23
|
|t:|1769324129
|switch|p1a: Hatterene|Hatterene, F|100/100
|move|p2a: Beamer|Scale Shot|p1a: Hatterene
|-immune|p1a: Hatterene
|
|-weather|SunnyDay|[upkeep]
|upkeep
|turn|24
|
|t:|1769324134
|-terastallize|p2a: Beamer|Ground
|move|p2a: Beamer|Dragon Dance|p2a: Beamer
|-boost|p2a: Beamer|atk|1
|-boost|p2a: Beamer|spe|1
|move|p1a: Hatterene|Nuzzle|p2a: Beamer
|-immune|p2a: Beamer
|
|-weather|SunnyDay|[upkeep]
|upkeep
|turn|25
|
|t:|1769324142
|move|p2a: Beamer|Dragon Dance|p2a: Beamer
|-boost|p2a: Beamer|atk|1
|-boost|p2a: Beamer|spe|1
|move|p1a: Hatterene|Healing Wish|p1a: Hatterene
|faint|p1a: Hatterene
|
|-weather|SunnyDay|[upkeep]
|upkeep
|inactive|seymourbandz has 120 seconds left.
|
|t:|1769324173
|switch|p1a: Torkoal|Torkoal, F|10/100
|-heal|p1a: Torkoal|100/100|[from] move: Healing Wish
|turn|26
|
|t:|1769324177
|switch|p1a: Landorus|Landorus-Therian, M|46/100
|-ability|p1a: Landorus|Intimidate|boost
|-unboost|p2a: Beamer|atk|1
|move|p2a: Beamer|Tera Blast|p1a: Landorus|[anim] Tera Blast Ground
|-immune|p1a: Landorus
|
|-weather|none
|-sideend|p2: Metroshock|Reflect
|upkeep
|turn|27
|
|t:|1769324181
|move|p2a: Beamer|Icicle Spear|p1a: Landorus
|-supereffective|p1a: Landorus
|-damage|p1a: Landorus|0 fnt
|faint|p1a: Landorus
|-hitcount|p1: Landorus|1
|
|-sideend|p2: Metroshock|move: Light Screen
|upkeep
|
|t:|1769324184
|switch|p1a: Torkoal|Torkoal, F|100/100
|-weather|SunnyDay|[from] ability: Drought|[of] p1a: Torkoal
|turn|28
|
|t:|1769324188
|move|p2a: Beamer|Tera Blast|p1a: Torkoal|[anim] Tera Blast Ground
|-supereffective|p1a: Torkoal
|-damage|p1a: Torkoal|16/100
|move|p1a: Torkoal|Clear Smog|p2a: Beamer
|-resisted|p2a: Beamer
|-damage|p2a: Beamer|60/100
|-clearboost|p2a: Beamer
|
|-weather|SunnyDay|[upkeep]
|upkeep
|turn|29
|
|t:|1769324204
|switch|p1a: Venusaur|Venusaur, F|50/100
|move|p2a: Beamer|Scale Shot|p1a: Venusaur
|-damage|p1a: Venusaur|33/100
|-damage|p1a: Venusaur|14/100
|-damage|p1a: Venusaur|0 fnt
|faint|p1a: Venusaur
|-hitcount|p1: Venusaur|3
|-unboost|p2a: Beamer|def|1
|-boost|p2a: Beamer|spe|1
|
|-weather|SunnyDay|[upkeep]
|upkeep
|
|t:|1769324208
|switch|p1a: Walking Wake|Walking Wake|74/100
|-activate|p1a: Walking Wake|ability: Protosynthesis
|-start|p1a: Walking Wake|protosynthesisspe
|turn|30
|
|t:|1769324217
|switch|p2a: The Wretched Ape|Rillaboom, F|26/100
|-fieldstart|move: Grassy Terrain|[from] ability: Grassy Surge|[of] p2a: The Wretched Ape
|move|p1a: Walking Wake|Hydro Steam|p2a: The Wretched Ape
|-resisted|p2a: The Wretched Ape
|-damage|p2a: The Wretched Ape|0 fnt
|faint|p2a: The Wretched Ape
|
|-weather|SunnyDay|[upkeep]
|-heal|p1a: Walking Wake|80/100|[from] Grassy Terrain
|upkeep
|
|t:|1769324225
|switch|p2a: THE MONAYYYY|Gholdengo|52/100
|turn|31
|
|t:|1769324227
|move|p1a: Walking Wake|Hydro Steam|p2a: THE MONAYYYY
|-crit|p2a: THE MONAYYYY
|-damage|p2a: THE MONAYYYY|0 fnt
|faint|p2a: THE MONAYYYY
|
|-weather|SunnyDay|[upkeep]
|-heal|p1a: Walking Wake|86/100|[from] Grassy Terrain
|upkeep
|
|t:|1769324233
|switch|p2a: Beamer|Kyurem, tera:Ground|60/100
|-ability|p2a: Beamer|Pressure
|turn|32
|
|t:|1769324238
|move|p1a: Walking Wake|Hydro Steam|p2a: Beamer
|-supereffective|p2a: Beamer
|-damage|p2a: Beamer|0 fnt
|faint|p2a: Beamer
|
|-weather|SunnyDay|[upkeep]
|-heal|p1a: Walking Wake|93/100|[from] Grassy Terrain
|upkeep
|
|t:|1769324240
|switch|p2a: Mega!!!|Hawlucha, M|72/100 brn
|turn|33
|
|t:|1769324242
|move|p1a: Walking Wake|Hydro Steam|p2a: Mega!!!
|-damage|p2a: Mega!!!|0 fnt
|faint|p2a: Mega!!!
|
|-weather|SunnyDay|[upkeep]
|-heal|p1a: Walking Wake|99/100|[from] Grassy Terrain
|upkeep
|
|t:|1769324244
|switch|p2a: Heatran|Heatran, F|54/100 par
|turn|34
|
|t:|1769324245
|move|p1a: Walking Wake|Hydro Steam|p2a: Heatran
|-supereffective|p2a: Heatran
|-damage|p2a: Heatran|0 fnt
|faint|p2a: Heatran
|
|win|seymourbandz
|raw|seymourbandz's rating: 1566 &rarr; <strong>1584</strong><br />(+18 for winning)
|raw|Metroshock's rating: 1537 &rarr; <strong>1519</strong><br />(-18 for losing)
|c|☆seymourbandz|gg
|c|☆Metroshock|Gg
|l|☆Metroshock
|player|p2|
|l|☆seymourbandz
|player|p1|
|l| 16yxy
