|j|☆Chorley Cakes
|j|☆maxmoefoe pokemon
|t:|1769355652
|gametype|singles
|player|p1|Chorley Cakes|waiter-gen4|1610
|player|p2|maxmoefoe pokemon|266|1644
|gen|9
|tier|[Gen 9] OU
|rated|
|rule|HP Percentage Mod: HP is shown in percentages
|rule|Endless Battle Clause: Forcing endless battles is banned
|rule|Species Clause: Limit one of each Pokémon
|rule|OHKO Clause: OHKO moves are banned
|rule|Evasion Items Clause: Evasion items are banned
|rule|Evasion Moves Clause: Evasion moves are banned
|rule|Evasion Abilities Clause: Evasion abilities are banned
|rule|Sleep Moves Clause: Sleep-inducing moves are banned
|clearpoke
|poke|p1|Pelipper, M|
|poke|p1|Barraskewda, M|
|poke|p1|Tornadus-Therian, M|
|poke|p1|Toxicroak, F|
|poke|p1|Iron Treads|
|poke|p1|Dragapult, M|
|poke|p2|Enamorus, F|
|poke|p2|Iron Moth|
|poke|p2|Landorus-Therian, M|
|poke|p2|Kingambit, F|
|poke|p2|Ogerpon-Wellspring, F|
|poke|p2|Deoxys-Speed|
|teampreview
|inactive|Battle timer is ON: inactive players will automatically lose when time's up. (requested by Chorley Cakes)
|c|☆Chorley Cakes|hf
|inactive|Chorley Cakes has 120 seconds left.
|
|t:|1769355693
|teamsize|p1|6
|teamsize|p2|6
|start
|switch|p1a: Iron Treads|Iron Treads|100/100
|switch|p2a: Deoxys|Deoxys-Speed|100/100
|-ability|p2a: Deoxys|Pressure
|turn|1
|c|☆maxmoefoe pokemon|gl
|
|t:|1769355707
|move|p2a: Deoxys|Superpower|p1a: Iron Treads
|-supereffective|p1a: Iron Treads
|-damage|p1a: Iron Treads|42/100
|-unboost|p2a: Deoxys|atk|1
|-unboost|p2a: Deoxys|def|1
|-damage|p2a: Deoxys|91/100|[from] item: Life Orb
|move|p1a: Iron Treads|Rapid Spin|p2a: Deoxys
|-damage|p2a: Deoxys|63/100
|-boost|p1a: Iron Treads|spe|1
|
|-heal|p1a: Iron Treads|48/100|[from] item: Leftovers
|upkeep
|turn|2
|
|t:|1769355717
|switch|p2a: Landorus|Landorus-Therian, M|100/100
|-ability|p2a: Landorus|Intimidate|boost
|-unboost|p1a: Iron Treads|atk|1
|move|p1a: Iron Treads|Stealth Rock|p2a: Landorus
|-sidestart|p2: maxmoefoe pokemon|move: Stealth Rock
|
|-heal|p1a: Iron Treads|54/100|[from] item: Leftovers
|upkeep
|turn|3
|
|t:|1769355725
|-end|p1a: Iron Treads|Quark Drive|[silent]
|switch|p1a: Pelipper|Pelipper, M|100/100
|-weather|RainDance|[from] ability: Drizzle|[of] p1a: Pelipper
|move|p2a: Landorus|Stealth Rock|p1a: Pelipper
|-sidestart|p1: Chorley Cakes|move: Stealth Rock
|
|-weather|RainDance|[upkeep]
|upkeep
|turn|4
|
|t:|1769355733
|move|p2a: Landorus|U-turn|p1a: Pelipper
|-resisted|p1a: Pelipper
|-damage|p1a: Pelipper|93/100
|
|t:|1769355742
|switch|p2a: Enamorus|Enamorus, F|100/100|[from] U-turn
|-damage|p2a: Enamorus|76/100|[from] Stealth Rock
|move|p1a: Pelipper|U-turn|p2a: Enamorus
|-resisted|p2a: Enamorus
|-damage|p2a: Enamorus|73/100
|
|t:|1769355754
|switch|p1a: Barraskewda|Barraskewda, M|100/100|[from] U-turn
|-damage|p1a: Barraskewda|88/100|[from] Stealth Rock
|
|-weather|RainDance|[upkeep]
|-heal|p2a: Enamorus|79/100|[from] item: Leftovers
|upkeep
|turn|5
|inactive|maxmoefoe pokemon has 120 seconds left.
|
|t:|1769355801
|move|p1a: Barraskewda|Flip Turn|p2a: Enamorus
|-damage|p2a: Enamorus|0 fnt
|faint|p2a: Enamorus
|
|t:|1769355813
|switch|p1a: Tornadus|Tornadus-Therian, M|100/100|[from] Flip Turn
|-damage|p1a: Tornadus|76/100|[from] Stealth Rock
|
|-weather|RainDance|[upkeep]
|upkeep
|
|t:|1769355832
|switch|p2a: Iron Moth|Iron Moth|100/100
|-damage|p2a: Iron Moth|76/100|[from] Stealth Rock
|-enditem|p2a: Iron Moth|Booster Energy
|-activate|p2a: Iron Moth|ability: Quark Drive|[fromitem]
|-start|p2a: Iron Moth|quarkdrivespe
|turn|6
|
|t:|1769355838
|move|p2a: Iron Moth|Substitute|p2a: Iron Moth
|-start|p2a: Iron Moth|Substitute
|-damage|p2a: Iron Moth|51/100
|move|p1a: Tornadus|Weather Ball|p2a: Iron Moth
|-supereffective|p2a: Iron Moth
|-end|p2a: Iron Moth|Substitute
|-damage|p1a: Tornadus|66/100|[from] item: Life Orb
|
|-weather|RainDance|[upkeep]
|upkeep
|turn|7
|
|t:|1769355844
|move|p2a: Iron Moth|Substitute|p2a: Iron Moth
|-start|p2a: Iron Moth|Substitute
|-damage|p2a: Iron Moth|26/100
|move|p1a: Tornadus|Weather Ball|p2a: Iron Moth
|-supereffective|p2a: Iron Moth
|-end|p2a: Iron Moth|Substitute
|-damage|p1a: Tornadus|56/100|[from] item: Life Orb
|
|-weather|RainDance|[upkeep]
|upkeep
|turn|8
|
|t:|1769355848
|switch|p1a: Dragapult|Dragapult, M|100/100
|move|p2a: Iron Moth|Substitute|p2a: Iron Moth
|-start|p2a: Iron Moth|Substitute
|-damage|p2a: Iron Moth|1/100
|
|-weather|RainDance|[upkeep]
|upkeep
|turn|9
|
|t:|1769355851
|move|p2a: Iron Moth|Psychic|p1a: Dragapult
|-damage|p1a: Dragapult|50/100
|move|p1a: Dragapult|Dragon Darts|p2a: Iron Moth
|-damage|p2a: Iron Moth|0 fnt
|faint|p2a: Iron Moth
|-end|p2a: Iron Moth|Quark Drive|[silent]
|
|-weather|RainDance|[upkeep]
|upkeep
|
|t:|1769355857
|switch|p2a: Deoxys|Deoxys-Speed|63/100
|-damage|p2a: Deoxys|51/100|[from] Stealth Rock
|-ability|p2a: Deoxys|Pressure
|turn|10
|
|t:|1769355870
|switch|p1a: Iron Treads|Iron Treads|54/100
|-damage|p1a: Iron Treads|51/100|[from] Stealth Rock
|move|p2a: Deoxys|Knock Off|p1a: Iron Treads
|-damage|p1a: Iron Treads|24/100
|-enditem|p1a: Iron Treads|Leftovers|[from] move: Knock Off|[of] p2a: Deoxys
|-damage|p2a: Deoxys|41/100|[from] item: Life Orb
|
|-weather|none
|upkeep
|turn|11
|inactive|Chorley Cakes has 120 seconds left.
|
|t:|1769355909
|-end|p1a: Iron Treads|Quark Drive|[silent]
|switch|p1a: Pelipper|Pelipper, M|93/100
|-damage|p1a: Pelipper|69/100|[from] Stealth Rock
|-weather|RainDance|[from] ability: Drizzle|[of] p1a: Pelipper
|move|p2a: Deoxys|Ice Beam|p1a: Pelipper
|-damage|p1a: Pelipper|22/100
|-damage|p2a: Deoxys|31/100|[from] item: Life Orb
|
|-weather|RainDance|[upkeep]
|upkeep
|turn|12
|inactive|Chorley Cakes has 120 seconds left.
|
|t:|1769355922
|move|p2a: Deoxys|Knock Off|p1a: Pelipper
|-damage|p1a: Pelipper|0 fnt
|-enditem|p1a: Pelipper|Damp Rock|[from] move: Knock Off|[of] p2a: Deoxys
|faint|p1a: Pelipper
|-damage|p2a: Deoxys|21/100|[from] item: Life Orb
|
|-weather|RainDance|[upkeep]
|upkeep
|
|t:|1769355928
|switch|p1a: Barraskewda|Barraskewda, M|88/100
|-damage|p1a: Barraskewda|76/100|[from] Stealth Rock
|turn|13
|
|t:|1769355933
|switch|p2a: Ogerpon|Ogerpon-Wellspring, F|100/100
|-damage|p2a: Ogerpon|88/100|[from] Stealth Rock
|move|p1a: Barraskewda|Flip Turn|p2a: Ogerpon
|-heal|p2a: Ogerpon|100/100|[from] ability: Water Absorb|[of] p1a: Barraskewda
|
|-weather|RainDance|[upkeep]
|upkeep
|turn|14
|
|t:|1769355944
|switch|p1a: Toxicroak|Toxicroak, F|100/100
|-damage|p1a: Toxicroak|94/100|[from] Stealth Rock
|move|p2a: Ogerpon|Spikes|p1a: Toxicroak
|-sidestart|p1: Chorley Cakes|Spikes
|
|-weather|RainDance|[upkeep]
|-heal|p1a: Toxicroak|100/100|[from] ability: Dry Skin
|upkeep
|turn|15
|
|t:|1769355953
|switch|p2a: Landorus|Landorus-Therian, M|100/100
|-damage|p2a: Landorus|88/100|[from] Stealth Rock
|-ability|p2a: Landorus|Intimidate|boost
|-unboost|p1a: Toxicroak|atk|1
|move|p1a: Toxicroak|Toxic|p2a: Landorus
|-status|p2a: Landorus|tox
|
|-weather|RainDance|[upkeep]
|-damage|p2a: Landorus|82/100 tox|[from] psn
|upkeep
|turn|16
|
|t:|1769355974
|switch|p1a: Iron Treads|Iron Treads|24/100
|-damage|p1a: Iron Treads|21/100|[from] Stealth Rock
|-damage|p1a: Iron Treads|9/100|[from] Spikes
|move|p2a: Landorus|U-turn|p1a: Iron Treads
|-resisted|p1a: Iron Treads
|-damage|p1a: Iron Treads|2/100
|
|t:|1769355984
|switch|p2a: Ogerpon|Ogerpon-Wellspring, F|100/100|[from] U-turn
|-damage|p2a: Ogerpon|88/100|[from] Stealth Rock
|
|-weather|RainDance|[upkeep]
|upkeep
|turn|17
|
|t:|1769355990
|move|p2a: Ogerpon|Knock Off|p1a: Iron Treads
|-damage|p1a: Iron Treads|0 fnt
|faint|p1a: Iron Treads
|-end|p1a: Iron Treads|Quark Drive|[silent]
|
|-weather|RainDance|[upkeep]
|upkeep
|
|t:|1769355997
|switch|p1a: Dragapult|Dragapult, M|50/100
|turn|18
|
|t:|1769356008
|move|p1a: Dragapult|U-turn|p2a: Ogerpon
|-supereffective|p2a: Ogerpon
|-damage|p2a: Ogerpon|24/100
|
|t:|1769356011
|switch|p1a: Toxicroak|Toxicroak, F|100/100|[from] U-turn
|-damage|p1a: Toxicroak|94/100|[from] Stealth Rock
|-damage|p1a: Toxicroak|82/100|[from] Spikes
|move|p2a: Ogerpon|Knock Off|p1a: Toxicroak
|-resisted|p1a: Toxicroak
|-damage|p1a: Toxicroak|66/100
|-damage|p2a: Ogerpon|7/100|[from] item: Rocky Helmet|[of] p1a: Toxicroak
|-enditem|p1a: Toxicroak|Rocky Helmet|[from] move: Knock Off|[of] p2a: Ogerpon
|
|-weather|none
|upkeep
|turn|19
|
|t:|1769356027
|switch|p1a: Dragapult|Dragapult, M|50/100
|move|p2a: Ogerpon|Spikes|p1a: Dragapult
|-sidestart|p1: Chorley Cakes|Spikes
|
|upkeep
|turn|20
|
|t:|1769356032
|move|p1a: Dragapult|Dragon Darts|p2a: Ogerpon
|-damage|p2a: Ogerpon|0 fnt
|faint|p2a: Ogerpon
|
|upkeep
|
|t:|1769356052
|switch|p2a: Kingambit|Kingambit, F|100/100
|-damage|p2a: Kingambit|94/100|[from] Stealth Rock
|-activate|p2a: Kingambit|ability: Supreme Overlord
|-start|p2a: Kingambit|fallen3|[silent]
|turn|21
|
|t:|1769356058
|move|p1a: Dragapult|Will-O-Wisp|p2a: Kingambit
|-status|p2a: Kingambit|brn
|move|p2a: Kingambit|Kowtow Cleave|p1a: Dragapult
|-supereffective|p1a: Dragapult
|-damage|p1a: Dragapult|0 fnt
|faint|p1a: Dragapult
|
|-damage|p2a: Kingambit|88/100 brn|[from] brn
|upkeep
|
|t:|1769356064
|switch|p1a: Toxicroak|Toxicroak, F|66/100
|-damage|p1a: Toxicroak|59/100|[from] Stealth Rock
|-damage|p1a: Toxicroak|43/100|[from] Spikes
|turn|22
|
|t:|1769356069
|-end|p2a: Kingambit|fallen3|[silent]
|switch|p2a: Landorus|Landorus-Therian, M|82/100 tox
|-damage|p2a: Landorus|70/100 tox|[from] Stealth Rock
|-ability|p2a: Landorus|Intimidate|boost
|-unboost|p1a: Toxicroak|atk|1
|move|p1a: Toxicroak|Drain Punch|p2a: Landorus
|-resisted|p2a: Landorus
|-damage|p2a: Landorus|61/100 tox
|-heal|p1a: Toxicroak|47/100|[from] drain|[of] p2a: Landorus
|-damage|p1a: Toxicroak|31/100|[from] item: Rocky Helmet|[of] p2a: Landorus
|
|-damage|p2a: Landorus|55/100 tox|[from] psn
|upkeep
|turn|23
|
|t:|1769356080
|switch|p1a: Tornadus|Tornadus-Therian, M|89/100
|-damage|p1a: Tornadus|65/100|[from] Stealth Rock
|move|p2a: Landorus|Earth Power|p1a: Tornadus
|-immune|p1a: Tornadus
|
|-damage|p2a: Landorus|43/100 tox|[from] psn
|upkeep
|turn|24
|
|t:|1769356089
|move|p1a: Tornadus|Hurricane|p2a: Landorus
|-damage|p2a: Landorus|0 fnt
|faint|p2a: Landorus
|-damage|p1a: Tornadus|55/100|[from] item: Life Orb
|
|upkeep
|
|t:|1769356100
|switch|p2a: Deoxys|Deoxys-Speed|21/100
|-damage|p2a: Deoxys|8/100|[from] Stealth Rock
|-ability|p2a: Deoxys|Pressure
|turn|25
|
|t:|1769356107
|move|p2a: Deoxys|Psycho Boost|p1a: Tornadus
|-damage|p1a: Tornadus|0 fnt
|-unboost|p2a: Deoxys|spa|2
|faint|p1a: Tornadus
|-damage|p2a: Deoxys|0 fnt|[from] item: Life Orb
|faint|p2a: Deoxys
|
|upkeep
|
|t:|1769356112
|switch|p2a: Kingambit|Kingambit, F|88/100 brn
|switch|p1a: Toxicroak|Toxicroak, F|31/100
|-damage|p2a: Kingambit|82/100 brn|[from] Stealth Rock
|-activate|p2a: Kingambit|ability: Supreme Overlord
|-start|p2a: Kingambit|fallen5|[silent]
|-damage|p1a: Toxicroak|25/100|[from] Stealth Rock
|-damage|p1a: Toxicroak|8/100|[from] Spikes
|turn|26
|
|t:|1769356116
|move|p2a: Kingambit|Sucker Punch||[still]
|-fail|p2a: Kingambit
|move|p1a: Toxicroak|Encore|p2a: Kingambit
|-start|p2a: Kingambit|Encore
|
|-damage|p2a: Kingambit|76/100 brn|[from] brn
|upkeep
|turn|27
|
|t:|1769356122
|move|p2a: Kingambit|Sucker Punch||[still]
|-fail|p2a: Kingambit
|move|p1a: Toxicroak|Toxic||[still]
|-fail|p1a: Toxicroak
|
|-damage|p2a: Kingambit|70/100 brn|[from] brn
|upkeep
|turn|28
|
|t:|1769356125
|move|p2a: Kingambit|Sucker Punch||[still]
|-fail|p2a: Kingambit
|move|p1a: Toxicroak|Toxic||[still]
|-fail|p1a: Toxicroak
|
|-damage|p2a: Kingambit|64/100 brn|[from] brn
|upkeep
|turn|29
|
|t:|1769356131
|move|p2a: Kingambit|Sucker Punch||[still]
|-fail|p2a: Kingambit
|move|p1a: Toxicroak|Toxic||[still]
|-fail|p1a: Toxicroak
|
|-damage|p2a: Kingambit|57/100 brn|[from] brn
|-end|p2a: Kingambit|Encore
|upkeep
|turn|30
|
|t:|1769356138
|move|p2a: Kingambit|Kowtow Cleave|p1a: Toxicroak
|-resisted|p1a: Toxicroak
|-damage|p1a: Toxicroak|0 fnt
|faint|p1a: Toxicroak
|
|-damage|p2a: Kingambit|51/100 brn|[from] brn
|upkeep
|
|t:|1769356141
|switch|p1a: Barraskewda|Barraskewda, M|76/100
|-damage|p1a: Barraskewda|64/100|[from] Stealth Rock
|-damage|p1a: Barraskewda|48/100|[from] Spikes
|turn|31
|
|t:|1769356146
|-terastallize|p1a: Barraskewda|Water
|-terastallize|p2a: Kingambit|Poison
|move|p1a: Barraskewda|Aqua Jet|p2a: Kingambit
|-damage|p2a: Kingambit|14/100 brn
|move|p2a: Kingambit|Sucker Punch||[still]
|-fail|p2a: Kingambit
|
|-damage|p2a: Kingambit|8/100 brn|[from] brn
|upkeep
|turn|32
|c|☆Chorley Cakes|gg
|
|t:|1769356155
|move|p1a: Barraskewda|Aqua Jet|p2a: Kingambit
|-damage|p2a: Kingambit|0 fnt
|faint|p2a: Kingambit
|-end|p2a: Kingambit|fallen5|[silent]
|
|win|Chorley Cakes
|raw|Chorley Cakes's rating: 1610 &rarr; <strong>1632</strong><br />(+22 for winning)
|raw|maxmoefoe pokemon's rating: 1644 &rarr; <strong>1622</strong><br />(-22 for losing)
|l|☆maxmoefoe pokemon
|player|p2|
|l|☆Chorley Cakes
|player|p1|
|j| Samurajen
