|badge|p2|bronze|gen9doublesou|100-8
|uhtml|medal-msg|<div class="broadcast-blue">Curious what those medals under the avatar are? PS now has Ladder Seasons! For more information, check out the <a href="https://www.smogon.com/forums/threads/3740067/">thread on Smogon.</a></div>
|j|☆queso
|j|☆X2Muz
|t:|1769295852
|gametype|singles
|player|p1|queso|#cheese555snow|
|player|p2|X2Muz|miku-ghost|
|gen|9
|tier|[Gen 9] OU
|rule|HP Percentage Mod: HP is shown in percentages
|rule|Endless Battle Clause: Forcing endless battles is banned
|rule|Species Clause: Limit one of each Pokémon
|rule|OHKO Clause: OHKO moves are banned
|rule|Evasion Items Clause: Evasion items are banned
|rule|Evasion Moves Clause: Evasion moves are banned
|rule|Evasion Abilities Clause: Evasion abilities are banned
|rule|Sleep Moves Clause: Sleep-inducing moves are banned
|clearpoke
|poke|p1|Araquanid, F|
|poke|p1|Gholdengo|
|poke|p1|Iron Moth|
|poke|p1|Iron Valiant|
|poke|p1|Raging Bolt|
|poke|p1|Kingambit, F|
|poke|p2|Tinkaton, F|
|poke|p2|Ogerpon, F|
|poke|p2|Great Tusk|
|poke|p2|Pecharunt|
|poke|p2|Alomomola, M|
|poke|p2|Hydreigon, M|
|teampreview
|inactive|Battle timer is ON: inactive players will automatically lose when time's up. (requested by queso)
|c|☆queso|glhf
|inactive|X2Muz has 270 seconds left.
|
|t:|1769295895
|teamsize|p1|6
|teamsize|p2|6
|start
|switch|p1a: QUIL|Araquanid, F|100/100
|switch|p2a: Smile.exe|Tinkaton, F, shiny|100/100
|-item|p2a: Smile.exe|Air Balloon
|turn|1
|
|t:|1769295898
|move|p2a: Smile.exe|Stealth Rock|p1a: QUIL
|-sidestart|p1: queso|move: Stealth Rock
|move|p1a: QUIL|Sticky Web|p2a: Smile.exe
|-sidestart|p2: X2Muz|move: Sticky Web
|
|upkeep
|turn|2
|
|t:|1769295910
|switch|p1a: CALA|Iron Moth|100/100
|-damage|p1a: CALA|76/100|[from] Stealth Rock
|-enditem|p1a: CALA|Booster Energy
|-activate|p1a: CALA|ability: Quark Drive|[fromitem]
|-start|p1a: CALA|quarkdrivespa
|move|p2a: Smile.exe|Encore||[still]
|-fail|p2a: Smile.exe
|
|upkeep
|turn|3
|
|t:|1769295922
|switch|p2a: Pisces|Alomomola, M, shiny|100/100
|-activate|p2a: Pisces|move: Sticky Web
|-unboost|p2a: Pisces|spe|1
|move|p1a: CALA|Energy Ball|p2a: Pisces
|-supereffective|p2a: Pisces
|-damage|p2a: Pisces|60/100
|
|upkeep
|turn|4
|
|t:|1769295938
|-terastallize|p1a: CALA|Grass
|move|p1a: CALA|Energy Ball|p2a: Pisces
|-supereffective|p2a: Pisces
|-damage|p2a: Pisces|0 fnt
|faint|p2a: Pisces
|
|upkeep
|inactive|X2Muz has 270 seconds left.
|
|t:|1769295979
|switch|p2a: Behemoth|Great Tusk, shiny|100/100
|turn|5
|
|t:|1769295992
|move|p1a: CALA|Energy Ball|p2a: Behemoth
|-supereffective|p2a: Behemoth
|-damage|p2a: Behemoth|0 fnt
|faint|p2a: Behemoth
|-end|p2a: Behemoth|Protosynthesis|[silent]
|
|upkeep
|inactive|X2Muz has 270 seconds left.
|
|t:|1769296001
|switch|p2a: Smile.exe|Tinkaton, F, shiny|100/100
|-item|p2a: Smile.exe|Air Balloon
|turn|6
|
|t:|1769296005
|move|p1a: CALA|Fiery Dance|p2a: Smile.exe
|-supereffective|p2a: Smile.exe
|-damage|p2a: Smile.exe|0 fnt
|-enditem|p2a: Smile.exe|Air Balloon
|faint|p2a: Smile.exe
|
|upkeep
|
|t:|1769296008
|switch|p2a: Anonymous|Ogerpon, F|100/100
|-activate|p2a: Anonymous|move: Sticky Web
|-unboost|p2a: Anonymous|spe|1
|-ability|p2a: Anonymous|Defiant|boost
|-boost|p2a: Anonymous|atk|2
|turn|7
|
|t:|1769296011
|-terastallize|p2a: Anonymous|Grass
|detailschange|p2a: Anonymous|Ogerpon-Teal-Tera, F, tera:Grass
|-ability|p2a: Anonymous|Embody Aspect (Teal)|boost
|-boost|p2a: Anonymous|spe|1
|move|p2a: Anonymous|U-turn|p1a: CALA
|-supereffective|p1a: CALA
|-damage|p1a: CALA|0 fnt
|faint|p1a: CALA
|-end|p1a: CALA|Quark Drive|[silent]
|
|t:|1769296017
|switch|p2a: Hybrid|Hydreigon, M, shiny|100/100|[from] U-turn
|
|upkeep
|
|t:|1769296033
|switch|p1a: QUZZ|Iron Valiant|100/100
|-damage|p1a: QUZZ|94/100|[from] Stealth Rock
|-enditem|p1a: QUZZ|Booster Energy
|-activate|p1a: QUZZ|ability: Quark Drive|[fromitem]
|-start|p1a: QUZZ|quarkdrivespa
|turn|8
|
|t:|1769296054
|switch|p2a: Overseer|Pecharunt|100/100
|-activate|p2a: Overseer|move: Sticky Web
|-unboost|p2a: Overseer|spe|1
|move|p1a: QUZZ|Moonblast|p2a: Overseer
|-resisted|p2a: Overseer
|-damage|p2a: Overseer|66/100
|
|upkeep
|turn|9
|
|t:|1769296061
|move|p1a: QUZZ|Shadow Ball|p2a: Overseer
|-supereffective|p2a: Overseer
|-damage|p2a: Overseer|0 fnt
|faint|p2a: Overseer
|
|upkeep
|
|t:|1769296065
|switch|p2a: Anonymous|Ogerpon-Teal-Tera, F, tera:Grass|100/100
|-activate|p2a: Anonymous|move: Sticky Web
|-unboost|p2a: Anonymous|spe|1
|-ability|p2a: Anonymous|Embody Aspect (Teal)|boost
|-boost|p2a: Anonymous|spe|1
|turn|10
|
|t:|1769296072
|-end|p1a: QUZZ|Quark Drive|[silent]
|switch|p1a: QUIL|Araquanid, F|100/100
|-damage|p1a: QUIL|75/100|[from] Stealth Rock
|move|p2a: Anonymous|Ivy Cudgel|p1a: QUIL
|-damage|p1a: QUIL|0 fnt
|faint|p1a: QUIL
|
|upkeep
|
|t:|1769296075
|switch|p1a: SUPA|Kingambit, F|100/100
|-damage|p1a: SUPA|94/100|[from] Stealth Rock
|-activate|p1a: SUPA|ability: Supreme Overlord
|-start|p1a: SUPA|fallen2|[silent]
|-item|p1a: SUPA|Air Balloon
|turn|11
|
|t:|1769296079
|switch|p2a: Hybrid|Hydreigon, M, shiny|100/100
|move|p1a: SUPA|Iron Head|p2a: Hybrid
|-damage|p2a: Hybrid|41/100
|
|upkeep
|turn|12
|
|t:|1769296085
|-end|p1a: SUPA|fallen2|[silent]
|switch|p1a: DELI|Raging Bolt|100/100
|-damage|p1a: DELI|88/100|[from] Stealth Rock
|-enditem|p1a: DELI|Booster Energy
|-activate|p1a: DELI|ability: Protosynthesis|[fromitem]
|-start|p1a: DELI|protosynthesisspa
|move|p2a: Hybrid|Earth Power|p1a: DELI
|-supereffective|p1a: DELI
|-damage|p1a: DELI|5/100
|
|upkeep
|turn|13
|
|t:|1769296089
|switch|p2a: Anonymous|Ogerpon-Teal-Tera, F, tera:Grass|100/100
|-activate|p2a: Anonymous|move: Sticky Web
|-unboost|p2a: Anonymous|spe|1
|-ability|p2a: Anonymous|Embody Aspect (Teal)|boost
|-boost|p2a: Anonymous|spe|1
|move|p1a: DELI|Thunderclap||[still]
|-fail|p1a: DELI
|
|upkeep
|turn|14
|
|t:|1769296096
|move|p1a: DELI|Thunderclap|p2a: Anonymous
|-resisted|p2a: Anonymous
|-crit|p2a: Anonymous
|-damage|p2a: Anonymous|54/100
|move|p2a: Anonymous|U-turn|p1a: DELI
|-damage|p1a: DELI|0 fnt
|faint|p1a: DELI
|-end|p1a: DELI|Protosynthesis|[silent]
|
|t:|1769296098
|switch|p2a: Hybrid|Hydreigon, M, shiny|41/100|[from] U-turn
|
|upkeep
|
|t:|1769296101
|switch|p1a: QUZZ|Iron Valiant|94/100
|-damage|p1a: QUZZ|88/100|[from] Stealth Rock
|turn|15
|
|t:|1769296108
|move|p1a: QUZZ|Moonblast|p2a: Hybrid
|-supereffective|p2a: Hybrid
|-damage|p2a: Hybrid|0 fnt
|faint|p2a: Hybrid
|
|upkeep
|
|t:|1769296109
|switch|p2a: Anonymous|Ogerpon-Teal-Tera, F, tera:Grass|54/100
|-activate|p2a: Anonymous|move: Sticky Web
|-unboost|p2a: Anonymous|spe|1
|-ability|p2a: Anonymous|Embody Aspect (Teal)|boost
|-boost|p2a: Anonymous|spe|1
|turn|16
|c|☆X2Muz|gg
|-message|X2Muz forfeited.
|
|win|queso
|c|☆queso|gg
|l|☆X2Muz
|player|p2|
|l|☆queso
|player|p1|
|j|☆X2Muz
|player|p2|X2Muz|miku-ghost|
