|j|‽liamsdad
|j|☆grunt92
|t:|1769395827
|gametype|singles
|player|p1|liamsdad|bruno|1607
|player|p2|grunt92|rocketgrunt|1495
|gen|9
|tier|[Gen 9] OU
|rated|
|rule|HP Percentage Mod: HP is shown in percentages
|rule|Endless Battle Clause: Forcing endless battles is banned
|rule|Species Clause: Limit one of each Pokémon
|rule|OHKO Clause: OHKO moves are banned
|rule|Evasion Items Clause: Evasion items are banned
|rule|Evasion Moves Clause: Evasion moves are banned
|rule|Evasion Abilities Clause: Evasion abilities are banned
|rule|Sleep Moves Clause: Sleep-inducing moves are banned
|clearpoke
|poke|p1|Pelipper, F|
|poke|p1|Ludicolo, F|
|poke|p1|Iron Treads|
|poke|p1|Barraskewda, M|
|poke|p1|Walking Wake|
|poke|p1|Basculegion, M|
|poke|p2|Garchomp, M|
|poke|p2|Darkrai|
|poke|p2|Gholdengo|
|poke|p2|Ogerpon-Wellspring, F|
|poke|p2|Iron Valiant|
|poke|p2|Iron Treads|
|teampreview
|inactive|Battle timer is ON: inactive players will automatically lose when time's up. (requested by grunt92)
|
|t:|1769395842
|teamsize|p1|6
|teamsize|p2|6
|start
|switch|p1a: Pelipper|Pelipper, F|100/100
|switch|p2a: Garchomp|Garchomp, M|100/100
|-weather|RainDance|[from] ability: Drizzle|[of] p1a: Pelipper
|turn|1
|
|t:|1769395856
|switch|p1a: Walking Wake|Walking Wake|100/100
|-enditem|p1a: Walking Wake|Booster Energy
|-activate|p1a: Walking Wake|ability: Protosynthesis|[fromitem]
|-start|p1a: Walking Wake|protosynthesisspa
|move|p2a: Garchomp|Dragon Tail|p1a: Walking Wake
|-supereffective|p1a: Walking Wake
|-damage|p1a: Walking Wake|45/100
|-end|p1a: Walking Wake|Protosynthesis|[silent]
|drag|p1a: Basculegion|Basculegion, M|100/100
|-ability|p1a: Basculegion|Mold Breaker
|
|-weather|RainDance|[upkeep]
|upkeep
|turn|2
|
|t:|1769395877
|move|p2a: Garchomp|Stealth Rock|p1a: Basculegion
|-sidestart|p1: liamsdad|move: Stealth Rock
|move|p1a: Basculegion|Flip Turn|p2a: Garchomp
|-damage|p2a: Garchomp|58/100
|-damage|p1a: Basculegion|88/100|[from] ability: Rough Skin|[of] p2a: Garchomp
|-damage|p1a: Basculegion|71/100|[from] item: Rocky Helmet|[of] p2a: Garchomp
|
|t:|1769395884
|switch|p1a: Walking Wake|Walking Wake|45/100|[from] Flip Turn
|-damage|p1a: Walking Wake|32/100|[from] Stealth Rock
|
|-weather|RainDance|[upkeep]
|upkeep
|turn|3
|
|t:|1769395888
|switch|p2a: Iron Treads|Iron Treads|100/100
|move|p1a: Walking Wake|Dragon Pulse|p2a: Iron Treads
|-resisted|p2a: Iron Treads
|-damage|p2a: Iron Treads|77/100
|
|-weather|RainDance|[upkeep]
|-heal|p2a: Iron Treads|83/100|[from] item: Leftovers
|upkeep
|turn|4
|
|t:|1769395892
|-end|p2a: Iron Treads|Quark Drive|[silent]
|switch|p2a: Ogerpon|Ogerpon-Wellspring, F|100/100
|-terastallize|p1a: Walking Wake|Flying
|move|p1a: Walking Wake|Agility|p1a: Walking Wake
|-boost|p1a: Walking Wake|spe|2
|
|-weather|RainDance|[upkeep]
|upkeep
|turn|5
|
|t:|1769395916
|-terastallize|p2a: Ogerpon|Water
|detailschange|p2a: Ogerpon|Ogerpon-Wellspring-Tera, F, tera:Water
|-ability|p2a: Ogerpon|Embody Aspect (Wellspring)|boost
|-boost|p2a: Ogerpon|spd|1
|move|p1a: Walking Wake|Hurricane|p2a: Ogerpon
|-damage|p2a: Ogerpon|57/100
|-start|p2a: Ogerpon|confusion
|-activate|p2a: Ogerpon|confusion
|-damage|p2a: Ogerpon|43/100|[from] confusion
|
|-weather|RainDance|[upkeep]
|upkeep
|turn|6
|
|t:|1769395929
|switch|p2a: Iron Treads|Iron Treads|83/100
|move|p1a: Walking Wake|Hurricane|p2a: Iron Treads
|-resisted|p2a: Iron Treads
|-damage|p2a: Iron Treads|51/100
|-start|p2a: Iron Treads|confusion
|
|-weather|RainDance|[upkeep]
|-heal|p2a: Iron Treads|57/100|[from] item: Leftovers
|upkeep
|turn|7
|
|t:|1769395935
|move|p1a: Walking Wake|Hydro Steam|p2a: Iron Treads
|-supereffective|p2a: Iron Treads
|-damage|p2a: Iron Treads|0 fnt
|faint|p2a: Iron Treads
|-end|p2a: Iron Treads|Quark Drive|[silent]
|
|-weather|RainDance|[upkeep]
|upkeep
|
|t:|1769395945
|switch|p2a: Darkrai|Darkrai|100/100
|turn|8
|
|t:|1769395949
|move|p1a: Walking Wake|Hydro Steam|p2a: Darkrai
|-damage|p2a: Darkrai|0 fnt
|faint|p2a: Darkrai
|
|-weather|none
|upkeep
|
|t:|1769395960
|switch|p2a: Ogerpon|Ogerpon-Wellspring-Tera, F, tera:Water|43/100
|-ability|p2a: Ogerpon|Embody Aspect (Wellspring)|boost
|-boost|p2a: Ogerpon|spd|1
|turn|9
|
|t:|1769395966
|move|p1a: Walking Wake|Hurricane|p2a: Ogerpon
|-crit|p2a: Ogerpon
|-damage|p2a: Ogerpon|0 fnt
|faint|p2a: Ogerpon
|detailschange|p2: Ogerpon|Ogerpon-Wellspring, F|[silent]
|
|upkeep
|
|t:|1769395976
|switch|p2a: Iron Valiant|Iron Valiant|100/100
|-enditem|p2a: Iron Valiant|Booster Energy
|-activate|p2a: Iron Valiant|ability: Quark Drive|[fromitem]
|-start|p2a: Iron Valiant|quarkdrivespe
|turn|10
|
|t:|1769395983
|move|p1a: Walking Wake|Hurricane|p2a: Iron Valiant
|-supereffective|p2a: Iron Valiant
|-damage|p2a: Iron Valiant|0 fnt
|faint|p2a: Iron Valiant
|-end|p2a: Iron Valiant|Quark Drive|[silent]
|
|upkeep
|-message|grunt92 forfeited.
|
|win|liamsdad
|raw|liamsdad's rating: 1607 &rarr; <strong>1621</strong><br />(+14 for winning)
|raw|grunt92's rating: 1495 &rarr; <strong>1481</strong><br />(-14 for losing)
|l|☆grunt92
|player|p2|
