|j|☆Hammez40
|j|☆susanoo-no-okami
|t:|1769403480
|gametype|singles
|player|p1|Hammez40|harlequin|1213
|player|p2|susanoo-no-okami|lenora|1277
|gen|9
|tier|[Gen 9] OU
|rated|
|rule|HP Percentage Mod: HP is shown in percentages
|rule|Endless Battle Clause: Forcing endless battles is banned
|rule|Species Clause: Limit one of each Pokémon
|rule|OHKO Clause: OHKO moves are banned
|rule|Evasion Items Clause: Evasion items are banned
|rule|Evasion Moves Clause: Evasion moves are banned
|rule|Evasion Abilities Clause: Evasion abilities are banned
|rule|Sleep Moves Clause: Sleep-inducing moves are banned
|clearpoke
|poke|p1|Darkrai|
|poke|p1|Iron Crown|
|poke|p1|Quaquaval, F|
|poke|p1|Gliscor, M|
|poke|p1|Florges, F|
|poke|p1|Pecharunt|
|poke|p2|Bellossom, F|
|poke|p2|Ninetales, F|
|poke|p2|Great Tusk|
|poke|p2|Walking Wake|
|poke|p2|Hatterene, F|
|poke|p2|Slither Wing|
|teampreview
|inactive|Battle timer is ON: inactive players will automatically lose when time's up. (requested by susanoo-no-okami)
|
|t:|1769403491
|teamsize|p1|6
|teamsize|p2|6
|start
|switch|p1a: elton|Quaquaval, F, shiny|100/100
|switch|p2a: Ninetales|Ninetales, F|100/100
|-weather|SunnyDay|[from] ability: Drought|[of] p2a: Ninetales
|turn|1
|
|t:|1769403502
|move|p2a: Ninetales|Will-O-Wisp|p1a: elton
|-status|p1a: elton|brn
|move|p1a: elton|Aqua Step|p2a: Ninetales
|-supereffective|p2a: Ninetales
|-damage|p2a: Ninetales|72/100
|-boost|p1a: elton|spe|1
|
|-weather|SunnyDay|[upkeep]
|-damage|p1a: elton|94/100 brn|[from] brn
|upkeep
|turn|2
|
|t:|1769403511
|switch|p2a: Hatterene|Hatterene, F|100/100
|move|p1a: elton|Aqua Step|p2a: Hatterene
|-damage|p2a: Hatterene|92/100
|-boost|p1a: elton|spe|1
|-enditem|p2a: Hatterene|Eject Button
|
|t:|1769403513
|switch|p2a: Walking Wake|Walking Wake|100/100
|-activate|p2a: Walking Wake|ability: Protosynthesis
|-start|p2a: Walking Wake|protosynthesisspa
|
|-weather|SunnyDay|[upkeep]
|-heal|p1a: elton|100/100 brn|[from] item: Leftovers
|-damage|p1a: elton|94/100 brn|[from] brn
|upkeep
|turn|3
|
|t:|1769403523
|-terastallize|p2a: Walking Wake|Water
|move|p1a: elton|Close Combat|p2a: Walking Wake
|-damage|p2a: Walking Wake|68/100
|-unboost|p1a: elton|def|1
|-unboost|p1a: elton|spd|1
|move|p2a: Walking Wake|Hydro Steam|p1a: elton
|-resisted|p1a: elton
|-damage|p1a: elton|0 fnt
|faint|p1a: elton
|
|-weather|SunnyDay|[upkeep]
|upkeep
|
|t:|1769403535
|switch|p1a: bambs|Iron Crown|100/100
|-enditem|p1a: bambs|Booster Energy
|-activate|p1a: bambs|ability: Quark Drive|[fromitem]
|-start|p1a: bambs|quarkdrivespe
|turn|4
|
|t:|1769403543
|move|p1a: bambs|Volt Switch|p2a: Walking Wake
|-supereffective|p2a: Walking Wake
|-crit|p2a: Walking Wake
|-damage|p2a: Walking Wake|0 fnt
|faint|p2a: Walking Wake
|-end|p2a: Walking Wake|Protosynthesis|[silent]
|
|t:|1769403549
|-end|p1a: bambs|Quark Drive|[silent]
|switch|p1a: bat|Gliscor, M|100/100|[from] Volt Switch
|
|-weather|SunnyDay|[upkeep]
|-status|p1a: bat|tox|[from] item: Toxic Orb
|upkeep
|
|t:|1769403556
|switch|p2a: Bellossom|Bellossom, F|100/100
|turn|5
|
|t:|1769403567
|move|p2a: Bellossom|Quiver Dance|p2a: Bellossom
|-boost|p2a: Bellossom|spa|1
|-boost|p2a: Bellossom|spd|1
|-boost|p2a: Bellossom|spe|1
|move|p1a: bat|Toxic|p2a: Bellossom
|-status|p2a: Bellossom|tox
|
|-weather|SunnyDay|[upkeep]
|-damage|p2a: Bellossom|94/100 tox|[from] psn
|upkeep
|turn|6
|
|t:|1769403573
|switch|p1a: rosatia|Florges, F, shiny|100/100
|move|p2a: Bellossom|Quiver Dance|p2a: Bellossom
|-boost|p2a: Bellossom|spa|1
|-boost|p2a: Bellossom|spd|1
|-boost|p2a: Bellossom|spe|1
|
|-weather|SunnyDay|[upkeep]
|-heal|p2a: Bellossom|100/100 tox|[from] item: Leftovers
|-damage|p2a: Bellossom|88/100 tox|[from] psn
|upkeep
|turn|7
|
|t:|1769403579
|move|p2a: Bellossom|Giga Drain|p1a: rosatia
|-damage|p1a: rosatia|78/100
|-heal|p2a: Bellossom|100/100 tox|[from] drain|[of] p1a: rosatia
|move|p1a: rosatia|Alluring Voice|p2a: Bellossom
|-damage|p2a: Bellossom|82/100 tox
|
|-weather|SunnyDay|[upkeep]
|-heal|p2a: Bellossom|88/100 tox|[from] item: Leftovers
|-heal|p1a: rosatia|84/100|[from] item: Leftovers
|-damage|p2a: Bellossom|70/100 tox|[from] psn
|upkeep
|turn|8
|
|t:|1769403590
|switch|p2a: Hatterene|Hatterene, F|92/100
|move|p1a: rosatia|Alluring Voice|p2a: Hatterene
|-damage|p2a: Hatterene|59/100
|
|-weather|none
|-heal|p1a: rosatia|90/100|[from] item: Leftovers
|upkeep
|turn|9
|
|t:|1769403594
|move|p1a: rosatia|Psychic Noise|p2a: Hatterene
|-resisted|p2a: Hatterene
|-damage|p2a: Hatterene|49/100
|-start|p2a: Hatterene|move: Heal Block
|move|p2a: Hatterene|Nuzzle|p1a: rosatia
|-damage|p1a: rosatia|85/100
|-status|p1a: rosatia|par
|
|-heal|p1a: rosatia|92/100 par|[from] item: Leftovers
|upkeep
|turn|10
|
|t:|1769403604
|move|p2a: Hatterene|Psychic Noise|p1a: rosatia
|-damage|p1a: rosatia|75/100 par
|-start|p1a: rosatia|move: Heal Block
|cant|p1a: rosatia|move: Heal Block|Wish
|
|-end|p2a: Hatterene|move: Heal Block
|upkeep
|turn|11
|
|t:|1769403611
|switch|p1a: bambs|Iron Crown|100/100
|move|p2a: Hatterene|Psychic Noise|p1a: bambs
|-resisted|p1a: bambs
|-damage|p1a: bambs|92/100
|-start|p1a: bambs|move: Heal Block
|
|upkeep
|turn|12
|
|t:|1769403625
|switch|p2a: Ninetales|Ninetales, F|72/100
|-weather|SunnyDay|[from] ability: Drought|[of] p2a: Ninetales
|move|p1a: bambs|Calm Mind|p1a: bambs
|-boost|p1a: bambs|spa|1
|-boost|p1a: bambs|spd|1
|
|-weather|SunnyDay|[upkeep]
|-end|p1a: bambs|move: Heal Block
|upkeep
|turn|13
|
|t:|1769403639
|move|p2a: Ninetales|Encore|p1a: bambs
|-start|p1a: bambs|Encore
|move|p1a: bambs|Calm Mind|p1a: bambs
|-boost|p1a: bambs|spa|1
|-boost|p1a: bambs|spd|1
|
|-weather|SunnyDay|[upkeep]
|upkeep
|turn|14
|
|t:|1769403648
|switch|p2a: Slither Wing|Slither Wing|100/100
|-activate|p2a: Slither Wing|ability: Protosynthesis
|-start|p2a: Slither Wing|protosynthesisatk
|move|p1a: bambs|Calm Mind|p1a: bambs
|-boost|p1a: bambs|spa|1
|-boost|p1a: bambs|spd|1
|
|-weather|SunnyDay|[upkeep]
|upkeep
|turn|15
|
|t:|1769403660
|-end|p1a: bambs|Quark Drive|[silent]
|switch|p1a: bat|Gliscor, M|100/100 tox
|move|p2a: Slither Wing|Flare Blitz|p1a: bat
|-damage|p1a: bat|42/100 tox
|-damage|p2a: Slither Wing|81/100|[from] Recoil
|
|-weather|SunnyDay|[upkeep]
|-heal|p1a: bat|54/100 tox|[from] ability: Poison Heal
|upkeep
|turn|16
|
|t:|1769403679
|move|p1a: bat|Protect|p1a: bat
|-singleturn|p1a: bat|Protect
|move|p2a: Slither Wing|Flare Blitz|p1a: bat
|-activate|p1a: bat|move: Protect
|
|-weather|SunnyDay|[upkeep]
|-heal|p1a: bat|67/100 tox|[from] ability: Poison Heal
|upkeep
|turn|17
|
|t:|1769403697
|switch|p1a: dayman wayans|Pecharunt|100/100
|move|p2a: Slither Wing|U-turn|p1a: dayman wayans
|-resisted|p1a: dayman wayans
|-damage|p1a: dayman wayans|95/100
|
|t:|1769403702
|-end|p2a: Slither Wing|Protosynthesis|[silent]
|switch|p2a: Great Tusk|Great Tusk|100/100|[from] U-turn
|-activate|p2a: Great Tusk|ability: Protosynthesis
|-start|p2a: Great Tusk|protosynthesisspe
|
|-weather|SunnyDay|[upkeep]
|upkeep
|turn|18
|
|t:|1769403709
|move|p2a: Great Tusk|Stealth Rock|p1a: dayman wayans
|-sidestart|p1: Hammez40|move: Stealth Rock
|move|p1a: dayman wayans|Parting Shot|p2a: Great Tusk
|-unboost|p2a: Great Tusk|atk|1
|-unboost|p2a: Great Tusk|spa|1
|
|t:|1769403731
|switch|p1a: rosatia|Florges, F, shiny|75/100 par|[from] Parting Shot
|-damage|p1a: rosatia|62/100 par|[from] Stealth Rock
|
|-weather|SunnyDay|[upkeep]
|-heal|p1a: rosatia|69/100 par|[from] item: Leftovers
|upkeep
|turn|19
|
|t:|1769403741
|-end|p2a: Great Tusk|Protosynthesis|[silent]
|switch|p2a: Bellossom|Bellossom, F|70/100 tox
|move|p1a: rosatia|Wish|p1a: rosatia
|
|-weather|none
|-heal|p2a: Bellossom|76/100 tox|[from] item: Leftovers
|-heal|p1a: rosatia|75/100 par|[from] item: Leftovers
|-damage|p2a: Bellossom|70/100 tox|[from] psn
|upkeep
|turn|20
|
|t:|1769403750
|switch|p2a: Ninetales|Ninetales, F|72/100
|-weather|SunnyDay|[from] ability: Drought|[of] p2a: Ninetales
|switch|p1a: bambs|Iron Crown|92/100
|-damage|p1a: bambs|86/100|[from] Stealth Rock
|
|-weather|SunnyDay|[upkeep]
|-heal|p1a: bambs|100/100|[from] move: Wish|[wisher] rosatia
|upkeep
|turn|21
|
|t:|1769403762
|move|p2a: Ninetales|Overheat|p1a: bambs|[miss]
|-miss|p2a: Ninetales|p1a: bambs
|move|p1a: bambs|Volt Switch|p2a: Ninetales
|-damage|p2a: Ninetales|45/100
|inactive|Hammez40 has 120 seconds left.
|
|t:|1769403793
|-end|p1a: bambs|Quark Drive|[silent]
|switch|p1a: bat|Gliscor, M|67/100 tox|[from] Volt Switch
|-damage|p1a: bat|54/100 tox|[from] Stealth Rock
|
|-weather|SunnyDay|[upkeep]
|-heal|p1a: bat|67/100 tox|[from] ability: Poison Heal
|upkeep
|turn|22
|
|t:|1769403802
|switch|p2a: Great Tusk|Great Tusk|100/100
|-activate|p2a: Great Tusk|ability: Protosynthesis
|-start|p2a: Great Tusk|protosynthesisspe
|move|p1a: bat|Earthquake|p2a: Great Tusk
|-damage|p2a: Great Tusk|79/100
|
|-weather|SunnyDay|[upkeep]
|-heal|p1a: bat|79/100 tox|[from] ability: Poison Heal
|upkeep
|turn|23
|
|t:|1769403811
|switch|p1a: dayman wayans|Pecharunt|95/100
|move|p2a: Great Tusk|Rapid Spin|p1a: dayman wayans
|-immune|p1a: dayman wayans
|
|-weather|SunnyDay|[upkeep]
|upkeep
|turn|24
|
|t:|1769403818
|move|p2a: Great Tusk|Headlong Rush|p1a: dayman wayans
|-supereffective|p1a: dayman wayans
|-damage|p1a: dayman wayans|48/100
|-unboost|p2a: Great Tusk|def|1
|-unboost|p2a: Great Tusk|spd|1
|move|p1a: dayman wayans|Malignant Chain|p2a: Great Tusk
|-resisted|p2a: Great Tusk
|-damage|p2a: Great Tusk|50/100
|-status|p2a: Great Tusk|tox
|-start|p2a: Great Tusk|confusion|[from] ability: Poison Puppeteer|[of] p1a: dayman wayans
|
|-weather|SunnyDay|[upkeep]
|-damage|p2a: Great Tusk|44/100 tox|[from] psn
|upkeep
|turn|25
|
|t:|1769403832
|-end|p2a: Great Tusk|Protosynthesis|[silent]
|switch|p2a: Slither Wing|Slither Wing|81/100
|-activate|p2a: Slither Wing|ability: Protosynthesis
|-start|p2a: Slither Wing|protosynthesisatk
|move|p1a: dayman wayans|Recover|p1a: dayman wayans
|-heal|p1a: dayman wayans|98/100
|
|-weather|SunnyDay|[upkeep]
|upkeep
|turn|26
|
|t:|1769403842
|move|p2a: Slither Wing|Flare Blitz|p1a: dayman wayans
|-damage|p1a: dayman wayans|59/100
|-damage|p2a: Slither Wing|67/100|[from] Recoil
|move|p1a: dayman wayans|Malignant Chain|p2a: Slither Wing
|-damage|p2a: Slither Wing|48/100
|-status|p2a: Slither Wing|tox
|-start|p2a: Slither Wing|confusion|[from] ability: Poison Puppeteer|[of] p1a: dayman wayans
|
|-weather|SunnyDay|[upkeep]
|-damage|p2a: Slither Wing|42/100 tox|[from] psn
|upkeep
|turn|27
|
|t:|1769403855
|-end|p2a: Slither Wing|Protosynthesis|[silent]
|switch|p2a: Hatterene|Hatterene, F|49/100
|move|p1a: dayman wayans|Recover|p1a: dayman wayans
|-heal|p1a: dayman wayans|100/100
|
|-weather|none
|upkeep
|turn|28
|
|t:|1769403864
|move|p1a: dayman wayans|Malignant Chain|p2a: Hatterene
|-supereffective|p2a: Hatterene
|-damage|p2a: Hatterene|0 fnt
|faint|p2a: Hatterene
|
|upkeep
|
|t:|1769403867
|switch|p2a: Ninetales|Ninetales, F|45/100
|-weather|SunnyDay|[from] ability: Drought|[of] p2a: Ninetales
|turn|29
|
|t:|1769403873
|switch|p1a: rosatia|Florges, F, shiny|75/100 par
|-damage|p1a: rosatia|62/100 par|[from] Stealth Rock
|move|p2a: Ninetales|Overheat|p1a: rosatia
|-damage|p1a: rosatia|25/100 par
|-unboost|p2a: Ninetales|spa|2
|
|-weather|SunnyDay|[upkeep]
|-heal|p1a: rosatia|32/100 par|[from] item: Leftovers
|upkeep
|turn|30
|
|t:|1769403891
|switch|p2a: Slither Wing|Slither Wing|42/100 tox
|-activate|p2a: Slither Wing|ability: Protosynthesis
|-start|p2a: Slither Wing|protosynthesisatk
|move|p1a: rosatia|Wish|p1a: rosatia
|
|-weather|SunnyDay|[upkeep]
|-heal|p1a: rosatia|38/100 par|[from] item: Leftovers
|-damage|p2a: Slither Wing|36/100 tox|[from] psn
|upkeep
|turn|31
|
|t:|1769403903
|switch|p1a: bat|Gliscor, M|79/100 tox
|-damage|p1a: bat|67/100 tox|[from] Stealth Rock
|move|p2a: Slither Wing|Flare Blitz|p1a: bat
|-damage|p1a: bat|14/100 tox
|-damage|p2a: Slither Wing|19/100 tox|[from] Recoil
|
|-weather|SunnyDay|[upkeep]
|-heal|p1a: bat|65/100 tox|[from] move: Wish|[wisher] rosatia
|-heal|p1a: bat|77/100 tox|[from] ability: Poison Heal
|-damage|p2a: Slither Wing|6/100 tox|[from] psn
|upkeep
|turn|32
|
|t:|1769403918
|-end|p2a: Slither Wing|Protosynthesis|[silent]
|switch|p2a: Ninetales|Ninetales, F|45/100
|move|p1a: bat|Stealth Rock|p2a: Ninetales
|-sidestart|p2: susanoo-no-okami|move: Stealth Rock
|
|-weather|SunnyDay|[upkeep]
|-heal|p1a: bat|90/100 tox|[from] ability: Poison Heal
|upkeep
|turn|33
|
|t:|1769403930
|switch|p1a: rosatia|Florges, F, shiny|38/100 par
|-damage|p1a: rosatia|25/100 par|[from] Stealth Rock
|move|p2a: Ninetales|Encore||[still]
|-fail|p2a: Ninetales
|
|-weather|SunnyDay|[upkeep]
|-heal|p1a: rosatia|31/100 par|[from] item: Leftovers
|upkeep
|turn|34
|
|t:|1769403942
|move|p2a: Ninetales|Overheat|p1a: rosatia
|-damage|p1a: rosatia|0 fnt
|-unboost|p2a: Ninetales|spa|2
|faint|p1a: rosatia
|
|-weather|SunnyDay|[upkeep]
|upkeep
|
|t:|1769403959
|switch|p1a: bambs|Iron Crown|100/100
|-damage|p1a: bambs|94/100|[from] Stealth Rock
|turn|35
|
|t:|1769403970
|move|p2a: Ninetales|Overheat|p1a: bambs
|-supereffective|p1a: bambs
|-damage|p1a: bambs|31/100
|-unboost|p2a: Ninetales|spa|2
|move|p1a: bambs|Volt Switch|p2a: Ninetales
|-damage|p2a: Ninetales|21/100
|
|t:|1769403983
|-end|p1a: bambs|Quark Drive|[silent]
|switch|p1a: Darius|Darkrai, shiny|100/100|[from] Volt Switch
|-damage|p1a: Darius|88/100|[from] Stealth Rock
|
|-weather|SunnyDay|[upkeep]
|upkeep
|turn|36
|
|t:|1769403997
|switch|p2a: Great Tusk|Great Tusk|44/100 tox
|-damage|p2a: Great Tusk|41/100 tox|[from] Stealth Rock
|-activate|p2a: Great Tusk|ability: Protosynthesis
|-start|p2a: Great Tusk|protosynthesisspe
|-terastallize|p1a: Darius|Dark
|move|p1a: Darius|Dark Pulse|p2a: Great Tusk
|-resisted|p2a: Great Tusk
|-damage|p2a: Great Tusk|0 fnt
|faint|p2a: Great Tusk
|-end|p2a: Great Tusk|Protosynthesis|[silent]
|
|-weather|none
|upkeep
|
|t:|1769404002
|switch|p2a: Ninetales|Ninetales, F|21/100
|-damage|p2a: Ninetales|0 fnt|[from] Stealth Rock
|faint|p2a: Ninetales
|
|t:|1769404005
|switch|p2a: Bellossom|Bellossom, F|70/100 tox
|-damage|p2a: Bellossom|58/100 tox|[from] Stealth Rock
|turn|37
|
|t:|1769404018
|move|p1a: Darius|Dark Pulse|p2a: Bellossom
|-damage|p2a: Bellossom|0 fnt
|faint|p2a: Bellossom
|
|upkeep
|-message|susanoo-no-okami forfeited.
|
|win|Hammez40
|raw|Hammez40's rating: 1213 &rarr; <strong>1243</strong><br />(+30 for winning)
|raw|susanoo-no-okami's rating: 1277 &rarr; <strong>1247</strong><br />(-30 for losing)
|l|☆susanoo-no-okami
|player|p2|
|l|☆Hammez40
|player|p1|
