|j|☆ILOVEPECHARUNTRAH
|j|☆getreyal
|t:|1769443397
|gametype|singles
|player|p1|ILOVEPECHARUNTRAH|miku-ghost|1620
|player|p2|getreyal|pokemonbreeder-gen4|1734
|gen|9
|tier|[Gen 9] OU
|rated|
|rule|HP Percentage Mod: HP is shown in percentages
|rule|Endless Battle Clause: Forcing endless battles is banned
|rule|Species Clause: Limit one of each Pokémon
|rule|OHKO Clause: OHKO moves are banned
|rule|Evasion Items Clause: Evasion items are banned
|rule|Evasion Moves Clause: Evasion moves are banned
|rule|Evasion Abilities Clause: Evasion abilities are banned
|rule|Sleep Moves Clause: Sleep-inducing moves are banned
|clearpoke
|poke|p1|Dragonite, F|
|poke|p1|Great Tusk|
|poke|p1|Samurott-Hisui, M|
|poke|p1|Ogerpon-Wellspring, F|
|poke|p1|Pecharunt|
|poke|p1|Primarina, M|
|poke|p2|Ting-Lu|
|poke|p2|Corviknight, M|
|poke|p2|Chesnaught, F|
|poke|p2|Primarina, F|
|poke|p2|Garganacl, M|
|poke|p2|Slowking-Galar, F|
|teampreview
|
|t:|1769443410
|teamsize|p1|6
|teamsize|p2|6
|start
|switch|p1a: Pecharunt|Pecharunt|100/100
|switch|p2a: Slowking|Slowking-Galar, F|100/100
|turn|1
|
|t:|1769443414
|move|p1a: Pecharunt|Parting Shot|p2a: Slowking
|-unboost|p2a: Slowking|atk|1
|-unboost|p2a: Slowking|spa|1
|
|t:|1769443417
|switch|p1a: Samurott|Samurott-Hisui, M|100/100|[from] Parting Shot
|move|p2a: Slowking|Sludge Bomb|p1a: Samurott
|-damage|p1a: Samurott|69/100
|
|upkeep
|turn|2
|
|t:|1769443422
|switch|p2a: Corviknight|Corviknight, M|100/100
|-ability|p2a: Corviknight|Pressure
|move|p1a: Samurott|Knock Off|p2a: Corviknight
|-damage|p2a: Corviknight|74/100
|-damage|p1a: Samurott|53/100|[from] item: Rocky Helmet|[of] p2a: Corviknight
|-enditem|p2a: Corviknight|Rocky Helmet|[from] move: Knock Off|[of] p1a: Samurott
|
|upkeep
|turn|3
|
|t:|1769443428
|switch|p1a: Primarina|Primarina, M|100/100
|move|p2a: Corviknight|Brave Bird|p1a: Primarina
|-damage|p1a: Primarina|49/100
|-damage|p2a: Corviknight|60/100|[from] Recoil
|
|-heal|p1a: Primarina|55/100|[from] item: Leftovers
|upkeep
|turn|4
|
|t:|1769443439
|switch|p1a: Pecharunt|Pecharunt|100/100
|move|p2a: Corviknight|Roost|p2a: Corviknight
|-heal|p2a: Corviknight|100/100
|-singleturn|p2a: Corviknight|move: Roost
|
|upkeep
|turn|5
|
|t:|1769443448
|move|p1a: Pecharunt|Foul Play|p2a: Corviknight
|-damage|p2a: Corviknight|89/100
|move|p2a: Corviknight|U-turn|p1a: Pecharunt
|-resisted|p1a: Pecharunt
|-damage|p1a: Pecharunt|99/100
|
|t:|1769443452
|switch|p2a: Slowking|Slowking-Galar, F|100/100|[from] U-turn
|
|upkeep
|turn|6
|
|t:|1769443455
|move|p1a: Pecharunt|Parting Shot|p2a: Slowking
|-unboost|p2a: Slowking|atk|1
|-unboost|p2a: Slowking|spa|1
|j| firecharmander004
|
|t:|1769443465
|switch|p1a: Dragonite|Dragonite, F|100/100|[from] Parting Shot
|move|p2a: Slowking|Sludge Bomb|p1a: Dragonite
|-damage|p1a: Dragonite|89/100
|
|upkeep
|turn|7
|
|t:|1769443473
|move|p1a: Dragonite|Fire Punch|p2a: Slowking
|-damage|p2a: Slowking|54/100
|move|p2a: Slowking|Sludge Bomb|p1a: Dragonite
|-damage|p1a: Dragonite|64/100
|
|upkeep
|turn|8
|
|t:|1769443482
|switch|p1a: Samurott|Samurott-Hisui, M|53/100
|switch|p2a: Primarina|Primarina, F|100/100
|
|upkeep
|turn|9
|
|t:|1769443490
|move|p1a: Samurott|Flip Turn|p2a: Primarina
|-resisted|p2a: Primarina
|-damage|p2a: Primarina|90/100
|
|t:|1769443497
|switch|p1a: Pecharunt|Pecharunt|99/100|[from] Flip Turn
|move|p2a: Primarina|Substitute|p2a: Primarina
|-start|p2a: Primarina|Substitute
|-damage|p2a: Primarina|65/100
|
|upkeep
|turn|10
|
|t:|1769443523
|move|p1a: Pecharunt|Parting Shot|p2a: Primarina
|-unboost|p2a: Primarina|atk|1
|-unboost|p2a: Primarina|spa|1
|
|t:|1769443533
|switch|p1a: Samurott|Samurott-Hisui, M|53/100|[from] Parting Shot
|move|p2a: Primarina|Psychic Noise|p1a: Samurott
|-resisted|p1a: Samurott
|-damage|p1a: Samurott|36/100
|-start|p1a: Samurott|move: Heal Block
|
|upkeep
|turn|11
|inactive|Battle timer is ON: inactive players will automatically lose when time's up. (requested by ILOVEPECHARUNTRAH)
|
|t:|1769443612
|move|p1a: Samurott|Flip Turn|p2a: Primarina
|-resisted|p2a: Primarina
|-activate|p2a: Primarina|move: Substitute|[damage]
|
|t:|1769443619
|switch|p1a: Pecharunt|Pecharunt|99/100|[from] Flip Turn
|move|p2a: Primarina|Draining Kiss|p1a: Pecharunt
|-resisted|p1a: Pecharunt
|-damage|p1a: Pecharunt|92/100
|-heal|p2a: Primarina|70/100|[from] drain|[of] p1a: Pecharunt
|
|upkeep
|turn|12
|inactive|getreyal has 120 seconds left.
|
|t:|1769443672
|move|p1a: Pecharunt|Malignant Chain|p2a: Primarina
|-supereffective|p2a: Primarina
|-end|p2a: Primarina|Substitute
|move|p2a: Primarina|Psychic Noise|p1a: Pecharunt
|-damage|p1a: Pecharunt|71/100
|-start|p1a: Pecharunt|move: Heal Block
|
|upkeep
|turn|13
|
|t:|1769443682
|switch|p2a: Slowking|Slowking-Galar, F|87/100
|move|p1a: Pecharunt|Parting Shot|p2a: Slowking
|-unboost|p2a: Slowking|atk|1
|-unboost|p2a: Slowking|spa|1
|
|t:|1769443687
|switch|p1a: Samurott|Samurott-Hisui, M|36/100|[from] Parting Shot
|
|upkeep
|turn|14
|inactive|getreyal has 120 seconds left.
|
|t:|1769443722
|switch|p2a: Chesnaught|Chesnaught, F|100/100
|move|p1a: Samurott|Ceaseless Edge|p2a: Chesnaught
|-resisted|p2a: Chesnaught
|-damage|p2a: Chesnaught|88/100
|-damage|p1a: Samurott|20/100|[from] item: Rocky Helmet|[of] p2a: Chesnaught
|-sidestart|p2: getreyal|Spikes
|
|upkeep
|turn|15
|
|t:|1769443736
|switch|p1a: Primarina|Primarina, M|55/100
|move|p2a: Chesnaught|Knock Off|p1a: Primarina
|-resisted|p1a: Primarina
|-damage|p1a: Primarina|40/100
|-enditem|p1a: Primarina|Leftovers|[from] move: Knock Off|[of] p2a: Chesnaught
|
|upkeep
|turn|16
|
|t:|1769443744
|switch|p2a: Corviknight|Corviknight, M|89/100
|-ability|p2a: Corviknight|Pressure
|move|p1a: Primarina|Substitute|p1a: Primarina
|-start|p1a: Primarina|Substitute
|-damage|p1a: Primarina|15/100
|
|upkeep
|turn|17
|
|t:|1769443751
|move|p1a: Primarina|Surf|p2a: Corviknight
|-damage|p2a: Corviknight|21/100
|move|p2a: Corviknight|Brave Bird|p1a: Primarina
|-end|p1a: Primarina|Substitute
|-damage|p2a: Corviknight|14/100|[from] Recoil|[of] p1a: Primarina
|
|upkeep
|turn|18
|inactive|getreyal has 120 seconds left.
|
|t:|1769443762
|move|p1a: Primarina|Surf|p2a: Corviknight
|-damage|p2a: Corviknight|0 fnt
|faint|p2a: Corviknight
|
|upkeep
|inactive|getreyal has 120 seconds left.
|
|t:|1769443767
|switch|p2a: Primarina|Primarina, F|70/100
|turn|19
|
|t:|1769443785
|switch|p1a: Pecharunt|Pecharunt|71/100
|move|p2a: Primarina|Draining Kiss|p1a: Pecharunt
|-resisted|p1a: Pecharunt
|-damage|p1a: Pecharunt|60/100
|-heal|p2a: Primarina|79/100|[from] drain|[of] p1a: Pecharunt
|
|upkeep
|turn|20
|
|t:|1769443801
|switch|p2a: Slowking|Slowking-Galar, F|100/100
|move|p1a: Pecharunt|Parting Shot|p2a: Slowking
|-unboost|p2a: Slowking|atk|1
|-unboost|p2a: Slowking|spa|1
|
|t:|1769443804
|switch|p1a: Samurott|Samurott-Hisui, M|20/100|[from] Parting Shot
|
|upkeep
|turn|21
|
|t:|1769443813
|switch|p2a: Chesnaught|Chesnaught, F|88/100
|-damage|p2a: Chesnaught|76/100|[from] Spikes
|move|p1a: Samurott|Ceaseless Edge|p2a: Chesnaught|[miss]
|-miss|p1a: Samurott|p2a: Chesnaught
|
|upkeep
|turn|22
|
|t:|1769443823
|move|p1a: Samurott|Ceaseless Edge|p2a: Chesnaught
|-resisted|p2a: Chesnaught
|-damage|p2a: Chesnaught|63/100
|-damage|p1a: Samurott|3/100|[from] item: Rocky Helmet|[of] p2a: Chesnaught
|-sidestart|p2: getreyal|Spikes
|move|p2a: Chesnaught|Knock Off|p1a: Samurott
|-resisted|p1a: Samurott
|-damage|p1a: Samurott|0 fnt
|-enditem|p1a: Samurott|Choice Scarf|[from] move: Knock Off|[of] p2a: Chesnaught
|faint|p1a: Samurott
|
|upkeep
|
|t:|1769443837
|switch|p1a: Pecharunt|Pecharunt|60/100
|turn|23
|
|t:|1769443847
|switch|p2a: Slowking|Slowking-Galar, F|100/100
|move|p1a: Pecharunt|Malignant Chain|p2a: Slowking
|-resisted|p2a: Slowking
|-damage|p2a: Slowking|91/100
|
|upkeep
|turn|24
|
|t:|1769443857
|move|p1a: Pecharunt|Recover|p1a: Pecharunt
|-heal|p1a: Pecharunt|100/100
|move|p2a: Slowking|Future Sight|p1a: Pecharunt
|-start|p2a: Slowking|move: Future Sight
|
|upkeep
|turn|25
|inactive|getreyal has 120 seconds left.
|
|t:|1769443905
|move|p1a: Pecharunt|Parting Shot|p2a: Slowking
|-unboost|p2a: Slowking|atk|1
|-unboost|p2a: Slowking|spa|1
|
|t:|1769443910
|switch|p1a: Ogerpon|Ogerpon-Wellspring, F|100/100|[from] Parting Shot
|-prepare|p2a: Slowking|Chilly Reception|[premajor]
|move|p2a: Slowking|Chilly Reception|p2a: Slowking
|-weather|Snowscape
|inactive|getreyal has 90 seconds left.
|j| Juytre
|
|t:|1769443955
|switch|p2a: Chesnaught|Chesnaught, F|63/100|[from] Chilly Reception
|-damage|p2a: Chesnaught|47/100|[from] Spikes
|
|-weather|Snowscape|[upkeep]
|upkeep
|turn|26
|
|t:|1769443969
|move|p1a: Ogerpon|Knock Off|p2a: Chesnaught
|-resisted|p2a: Chesnaught
|-damage|p2a: Chesnaught|35/100
|-damage|p1a: Ogerpon|84/100|[from] item: Rocky Helmet|[of] p2a: Chesnaught
|-enditem|p2a: Chesnaught|Rocky Helmet|[from] move: Knock Off|[of] p1a: Ogerpon
|move|p2a: Chesnaught|Body Press|p1a: Ogerpon
|-damage|p1a: Ogerpon|31/100
|
|-weather|Snowscape|[upkeep]
|-end|p1a: Ogerpon|move: Future Sight
|-damage|p1a: Ogerpon|0 fnt
|faint|p1a: Ogerpon
|upkeep
|
|t:|1769443974
|switch|p1a: Primarina|Primarina, M|15/100
|turn|27
|inactive|getreyal has 90 seconds left.
|
|t:|1769443986
|move|p1a: Primarina|Surf|p2a: Chesnaught
|-resisted|p2a: Chesnaught
|-damage|p2a: Chesnaught|0 fnt
|faint|p2a: Chesnaught
|
|-weather|Snowscape|[upkeep]
|upkeep
|
|t:|1769443989
|switch|p2a: Primarina|Primarina, F|79/100
|turn|28
|
|t:|1769443995
|switch|p1a: Pecharunt|Pecharunt|100/100
|move|p2a: Primarina|Draining Kiss|p1a: Pecharunt
|-resisted|p1a: Pecharunt
|-damage|p1a: Pecharunt|90/100
|-heal|p2a: Primarina|87/100|[from] drain|[of] p1a: Pecharunt
|
|-weather|Snowscape|[upkeep]
|upkeep
|turn|29
|inactive|getreyal has 90 seconds left.
|
|t:|1769444027
|-terastallize|p2a: Primarina|Steel
|move|p1a: Pecharunt|Malignant Chain|p2a: Primarina
|-immune|p2a: Primarina
|move|p2a: Primarina|Calm Mind|p2a: Primarina
|-boost|p2a: Primarina|spa|1
|-boost|p2a: Primarina|spd|1
|
|-weather|none
|upkeep
|turn|30
|
|t:|1769444041
|move|p1a: Pecharunt|Parting Shot|p2a: Primarina
|-unboost|p2a: Primarina|atk|1
|-unboost|p2a: Primarina|spa|1
|
|t:|1769444046
|switch|p1a: Dragonite|Dragonite, F|64/100|[from] Parting Shot
|move|p2a: Primarina|Substitute|p2a: Primarina
|-start|p2a: Primarina|Substitute
|-damage|p2a: Primarina|62/100
|
|upkeep
|turn|31
|
|t:|1769444052
|move|p1a: Dragonite|Fire Punch|p2a: Primarina
|-supereffective|p2a: Primarina
|-end|p2a: Primarina|Substitute
|move|p2a: Primarina|Draining Kiss|p1a: Dragonite
|-supereffective|p1a: Dragonite
|-damage|p1a: Dragonite|22/100
|-heal|p2a: Primarina|90/100|[from] drain|[of] p1a: Dragonite
|
|upkeep
|turn|32
|
|t:|1769444056
|switch|p2a: Garganacl|Garganacl, M|100/100
|-damage|p2a: Garganacl|84/100|[from] Spikes
|move|p1a: Dragonite|Fire Punch|p2a: Garganacl
|-resisted|p2a: Garganacl
|-damage|p2a: Garganacl|70/100
|
|-heal|p2a: Garganacl|76/100|[from] item: Leftovers
|upkeep
|turn|33
|
|t:|1769444078
|switch|p1a: Great Tusk|Great Tusk|100/100
|-enditem|p1a: Great Tusk|Booster Energy
|-activate|p1a: Great Tusk|ability: Protosynthesis|[fromitem]
|-start|p1a: Great Tusk|protosynthesisspe
|move|p2a: Garganacl|Stealth Rock|p1a: Great Tusk
|-sidestart|p1: ILOVEPECHARUNTRAH|move: Stealth Rock
|
|-heal|p2a: Garganacl|82/100|[from] item: Leftovers
|upkeep
|turn|34
|j| dj stavbo
|
|t:|1769444093
|move|p1a: Great Tusk|Rapid Spin|p2a: Garganacl
|-resisted|p2a: Garganacl
|-damage|p2a: Garganacl|77/100
|-boost|p1a: Great Tusk|spe|1
|-sideend|p1: ILOVEPECHARUNTRAH|Stealth Rock|[from] move: Rapid Spin|[of] p1a: Great Tusk
|move|p2a: Garganacl|Salt Cure|p1a: Great Tusk
|-resisted|p1a: Great Tusk
|-damage|p1a: Great Tusk|98/100
|-start|p1a: Great Tusk|Salt Cure
|
|-heal|p2a: Garganacl|83/100|[from] item: Leftovers
|-damage|p1a: Great Tusk|86/100|[from] Salt Cure
|upkeep
|turn|35
|l| dj stavbo
|
|t:|1769444096
|move|p1a: Great Tusk|Bulk Up|p1a: Great Tusk
|-boost|p1a: Great Tusk|atk|1
|-boost|p1a: Great Tusk|def|1
|move|p2a: Garganacl|Stealth Rock|p1a: Great Tusk
|-sidestart|p1: ILOVEPECHARUNTRAH|move: Stealth Rock
|
|-heal|p2a: Garganacl|90/100|[from] item: Leftovers
|-damage|p1a: Great Tusk|74/100|[from] Salt Cure
|upkeep
|turn|36
|
|t:|1769444100
|switch|p2a: Ting-Lu|Ting-Lu|100/100
|-damage|p2a: Ting-Lu|84/100|[from] Spikes
|-ability|p2a: Ting-Lu|Vessel of Ruin
|move|p1a: Great Tusk|Headlong Rush|p2a: Ting-Lu
|-damage|p2a: Ting-Lu|44/100
|-unboost|p1a: Great Tusk|def|1
|-unboost|p1a: Great Tusk|spd|1
|
|-heal|p2a: Ting-Lu|50/100|[from] item: Leftovers
|-damage|p1a: Great Tusk|61/100|[from] Salt Cure
|upkeep
|turn|37
|
|t:|1769444105
|-terastallize|p1a: Great Tusk|Ice
|move|p1a: Great Tusk|Ice Spinner|p2a: Ting-Lu
|-supereffective|p2a: Ting-Lu
|-crit|p2a: Ting-Lu
|-damage|p2a: Ting-Lu|0 fnt
|faint|p2a: Ting-Lu
|
|-damage|p1a: Great Tusk|49/100|[from] Salt Cure
|upkeep
|
|t:|1769444109
|switch|p2a: Garganacl|Garganacl, M|90/100
|-damage|p2a: Garganacl|73/100|[from] Spikes
|turn|38
|
|t:|1769444112
|move|p2a: Garganacl|Protect|p2a: Garganacl
|-singleturn|p2a: Garganacl|Protect
|move|p1a: Great Tusk|Headlong Rush|p2a: Garganacl
|-activate|p2a: Garganacl|move: Protect
|
|-heal|p2a: Garganacl|79/100|[from] item: Leftovers
|-damage|p1a: Great Tusk|36/100|[from] Salt Cure
|upkeep
|turn|39
|
|t:|1769444124
|switch|p2a: Slowking|Slowking-Galar, F|100/100
|move|p1a: Great Tusk|Headlong Rush|p2a: Slowking
|-supereffective|p2a: Slowking
|-damage|p2a: Slowking|0 fnt
|-unboost|p1a: Great Tusk|def|1
|-unboost|p1a: Great Tusk|spd|1
|faint|p2a: Slowking
|
|-damage|p1a: Great Tusk|24/100|[from] Salt Cure
|upkeep
|
|t:|1769444127
|switch|p2a: Garganacl|Garganacl, M|79/100
|-damage|p2a: Garganacl|63/100|[from] Spikes
|turn|40
|
|t:|1769444135
|move|p2a: Garganacl|Protect|p2a: Garganacl
|-singleturn|p2a: Garganacl|Protect
|move|p1a: Great Tusk|Rapid Spin|p2a: Garganacl
|-activate|p2a: Garganacl|move: Protect
|
|-heal|p2a: Garganacl|69/100|[from] item: Leftovers
|-damage|p1a: Great Tusk|11/100|[from] Salt Cure
|upkeep
|turn|41
|
|t:|1769444148
|move|p2a: Garganacl|Protect|p2a: Garganacl
|-singleturn|p2a: Garganacl|Protect
|move|p1a: Great Tusk|Headlong Rush|p2a: Garganacl
|-activate|p2a: Garganacl|move: Protect
|
|-heal|p2a: Garganacl|75/100|[from] item: Leftovers
|-damage|p1a: Great Tusk|0 fnt|[from] Salt Cure
|faint|p1a: Great Tusk
|-end|p1a: Great Tusk|Protosynthesis|[silent]
|upkeep
|
|t:|1769444161
|switch|p1a: Primarina|Primarina, M|15/100
|-damage|p1a: Primarina|2/100|[from] Stealth Rock
|turn|42
|
|t:|1769444168
|move|p1a: Primarina|Surf|p2a: Garganacl
|-supereffective|p2a: Garganacl
|-damage|p2a: Garganacl|0 fnt
|faint|p2a: Garganacl
|
|upkeep
|
|t:|1769444169
|switch|p2a: Primarina|Primarina, F, tera:Steel|90/100
|turn|43
|
|t:|1769444176
|move|p1a: Primarina|Surf|p2a: Primarina
|-damage|p2a: Primarina|22/100
|move|p2a: Primarina|Draining Kiss|p1a: Primarina
|-damage|p1a: Primarina|0 fnt
|-heal|p2a: Primarina|24/100|[from] drain|[of] p1a: Primarina
|faint|p1a: Primarina
|
|upkeep
|
|t:|1769444185
|switch|p1a: Pecharunt|Pecharunt|90/100
|turn|44
|
|t:|1769444188
|move|p1a: Pecharunt|Foul Play|p2a: Primarina
|-damage|p2a: Primarina|13/100
|move|p2a: Primarina|Psychic Noise|p1a: Pecharunt
|-damage|p1a: Pecharunt|57/100
|-start|p1a: Pecharunt|move: Heal Block
|
|upkeep
|turn|45
|
|t:|1769444192
|move|p1a: Pecharunt|Foul Play|p2a: Primarina
|-damage|p2a: Primarina|3/100
|move|p2a: Primarina|Psychic Noise|p1a: Pecharunt
|-damage|p1a: Pecharunt|27/100
|
|-end|p1a: Pecharunt|move: Heal Block
|upkeep
|turn|46
|l|☆getreyal
|inactive|getreyal disconnected and has a minute to reconnect!
|player|p2|
|c|☆ILOVEPECHARUNTRAH|ggs
|inactive|getreyal has 30 seconds to reconnect!
|inactive|getreyal has 20 seconds to reconnect!
|c| Juytre|waow
|inactive|getreyal has 15 seconds to reconnect!
|inactive|getreyal has 10 seconds to reconnect!
|c| Juytre|nice battle
|inactive|getreyal has 5 seconds to reconnect!
|c|☆ILOVEPECHARUNTRAH|thank you
|-message|getreyal lost due to inactivity.
|
|win|ILOVEPECHARUNTRAH
|raw|ILOVEPECHARUNTRAH's rating: 1620 &rarr; <strong>1645</strong><br />(+25 for winning)
|raw|getreyal's rating: 1716 &rarr; <strong>1691</strong><br />(-25 for losing)
