|j|☆Imaginehavingskill
|j|☆thebugkid
|t:|1769318466
|gametype|singles
|player|p1|Imaginehavingskill|fisherman-gen4|1354
|player|p2|thebugkid|bugsy-gen2|1383
|gen|9
|tier|[Gen 9] OU
|rated|
|rule|HP Percentage Mod: HP is shown in percentages
|rule|Endless Battle Clause: Forcing endless battles is banned
|rule|Species Clause: Limit one of each Pokémon
|rule|OHKO Clause: OHKO moves are banned
|rule|Evasion Items Clause: Evasion items are banned
|rule|Evasion Moves Clause: Evasion moves are banned
|rule|Evasion Abilities Clause: Evasion abilities are banned
|rule|Sleep Moves Clause: Sleep-inducing moves are banned
|clearpoke
|poke|p1|Sinistcha|
|poke|p1|Ting-Lu|
|poke|p1|Rillaboom, F|
|poke|p1|Kingambit, F|
|poke|p1|Clefable, F|
|poke|p1|Zamazenta-*|
|poke|p2|Great Tusk|
|poke|p2|Venusaur, M|
|poke|p2|Kingambit, M|
|poke|p2|Walking Wake|
|poke|p2|Ninetales, F|
|poke|p2|Raging Bolt|
|teampreview
|inactive|Battle timer is ON: inactive players will automatically lose when time's up. (requested by thebugkid)
|
|t:|1769318504
|teamsize|p1|6
|teamsize|p2|6
|start
|switch|p1a: Ting-Lu|Ting-Lu|100/100
|switch|p2a: the|Ninetales, F, shiny|100/100
|-weather|SunnyDay|[from] ability: Drought|[of] p2a: the
|-ability|p1a: Ting-Lu|Vessel of Ruin
|turn|1
|inactive|thebugkid has 120 seconds left.
|inactive|thebugkid has 90 seconds left.
|
|t:|1769318568
|switch|p2a: buddy|Walking Wake|100/100
|-activate|p2a: buddy|ability: Protosynthesis
|-start|p2a: buddy|protosynthesisspe
|move|p1a: Ting-Lu|Spikes|p2a: buddy
|-sidestart|p2: thebugkid|Spikes
|
|-weather|SunnyDay|[upkeep]
|upkeep
|turn|2
|inactive|Imaginehavingskill has 120 seconds left.
|
|t:|1769318599
|-terastallize|p1a: Ting-Lu|Water
|move|p2a: buddy|Hydro Steam|p1a: Ting-Lu
|-resisted|p1a: Ting-Lu
|-damage|p1a: Ting-Lu|88/100
|move|p1a: Ting-Lu|Stealth Rock|p2a: buddy
|-sidestart|p2: thebugkid|move: Stealth Rock
|
|-weather|SunnyDay|[upkeep]
|-heal|p1a: Ting-Lu|94/100|[from] item: Leftovers
|upkeep
|turn|3
|inactive|thebugkid has 90 seconds left.
|inactive|thebugkid has 60 seconds left.
|
|t:|1769318652
|move|p2a: buddy|Draco Meteor|p1a: Ting-Lu
|-damage|p1a: Ting-Lu|63/100
|-unboost|p2a: buddy|spa|2
|move|p1a: Ting-Lu|Ruination|p2a: buddy
|-damage|p2a: buddy|50/100
|
|-weather|SunnyDay|[upkeep]
|-heal|p1a: Ting-Lu|69/100|[from] item: Leftovers
|upkeep
|turn|4
|inactive|thebugkid has 60 seconds left.
|
|t:|1769318660
|move|p2a: buddy|Draco Meteor|p1a: Ting-Lu
|-damage|p1a: Ting-Lu|53/100
|-unboost|p2a: buddy|spa|2
|move|p1a: Ting-Lu|Ruination|p2a: buddy
|-damage|p2a: buddy|26/100
|
|-weather|SunnyDay|[upkeep]
|-heal|p1a: Ting-Lu|59/100|[from] item: Leftovers
|upkeep
|turn|5
|
|t:|1769318666
|move|p2a: buddy|Draco Meteor|p1a: Ting-Lu|[miss]
|-miss|p2a: buddy|p1a: Ting-Lu
|move|p1a: Ting-Lu|Spikes|p2a: buddy
|-sidestart|p2: thebugkid|Spikes
|
|-weather|SunnyDay|[upkeep]
|-heal|p1a: Ting-Lu|66/100|[from] item: Leftovers
|upkeep
|turn|6
|
|t:|1769318679
|-end|p2a: buddy|Protosynthesis|[silent]
|switch|p2a: ?|Great Tusk, shiny|100/100
|-damage|p2a: ?|84/100|[from] Spikes
|-damage|p2a: ?|81/100|[from] Stealth Rock
|-activate|p2a: ?|ability: Protosynthesis
|-start|p2a: ?|protosynthesisatk
|move|p1a: Ting-Lu|Whirlwind|p2a: ?
|-end|p2a: ?|Protosynthesis|[silent]
|drag|p2a: an|Kingambit, M, shiny|100/100
|-damage|p2a: an|94/100|[from] Stealth Rock
|-item|p2a: an|Air Balloon
|
|-weather|SunnyDay|[upkeep]
|-heal|p1a: Ting-Lu|72/100|[from] item: Leftovers
|upkeep
|turn|7
|inactive|thebugkid has 60 seconds left.
|inactive|Imaginehavingskill has 120 seconds left.
|
|t:|1769318724
|-end|p2a: an|fallenundefined|[silent]
|switch|p2a: buddy|Walking Wake|26/100
|-damage|p2a: buddy|9/100|[from] Spikes
|-damage|p2a: buddy|0 fnt|[from] Stealth Rock
|faint|p2a: buddy
|-end|p2a: buddy|Protosynthesis|[silent]
|switch|p1a: Zamazenta|Zamazenta|100/100
|-ability|p1a: Zamazenta|Dauntless Shield|boost
|-boost|p1a: Zamazenta|def|1
|
|-weather|SunnyDay|[upkeep]
|upkeep
|
|t:|1769318741
|switch|p2a: ?|Great Tusk, shiny|81/100
|-damage|p2a: ?|64/100|[from] Spikes
|-damage|p2a: ?|62/100|[from] Stealth Rock
|-activate|p2a: ?|ability: Protosynthesis
|-start|p2a: ?|protosynthesisatk
|turn|8
|
|t:|1769318745
|switch|p1a: Sinistcha|Sinistcha|100/100
|move|p2a: ?|Rapid Spin|p1a: Sinistcha
|-immune|p1a: Sinistcha
|
|-weather|none
|-end|p2a: ?|Protosynthesis
|upkeep
|turn|9
|inactive|thebugkid has 60 seconds left.
|
|t:|1769318758
|-end|p2a: ?|Protosynthesis|[silent]
|switch|p2a: the|Ninetales, F, shiny|100/100
|-damage|p2a: the|84/100|[from] Spikes
|-damage|p2a: the|59/100|[from] Stealth Rock
|-weather|SunnyDay|[from] ability: Drought|[of] p2a: the
|move|p1a: Sinistcha|Shadow Ball|p2a: the
|-damage|p2a: the|25/100
|-unboost|p2a: the|spd|1
|
|-weather|SunnyDay|[upkeep]
|upkeep
|turn|10
|inactive|thebugkid has 60 seconds left.
|
|t:|1769318779
|switch|p1a: Ting-Lu|Ting-Lu, tera:Water|72/100
|-ability|p1a: Ting-Lu|Vessel of Ruin
|move|p2a: the|Weather Ball|p1a: Ting-Lu
|-resisted|p1a: Ting-Lu
|-crit|p1a: Ting-Lu
|-damage|p1a: Ting-Lu|58/100
|
|-weather|SunnyDay|[upkeep]
|-heal|p1a: Ting-Lu|64/100|[from] item: Leftovers
|upkeep
|turn|11
|inactive|Imaginehavingskill has 120 seconds left.
|inactive|thebugkid has 30 seconds left.
|inactive|thebugkid has 20 seconds left.
|inactive|thebugkid has 15 seconds left.
|
|t:|1769318839
|move|p2a: the|Healing Wish|p2a: the
|faint|p2a: the
|move|p1a: Ting-Lu|Ruination|p2: the|[notarget]
|-fail|p1a: Ting-Lu
|
|-weather|SunnyDay|[upkeep]
|-heal|p1a: Ting-Lu|70/100|[from] item: Leftovers
|upkeep
|inactive|thebugkid has 20 seconds left this turn.
|inactive|thebugkid has 15 seconds left.
|
|t:|1769318847
|switch|p2a: ?|Great Tusk, shiny|62/100
|-heal|p2a: ?|100/100|[from] move: Healing Wish
|-damage|p2a: ?|84/100|[from] Spikes
|-damage|p2a: ?|81/100|[from] Stealth Rock
|-activate|p2a: ?|ability: Protosynthesis
|-start|p2a: ?|protosynthesisatk
|turn|12
|inactive|thebugkid has 25 seconds left this turn.
|inactive|thebugkid has 20 seconds left.
|inactive|thebugkid has 15 seconds left.
|
|t:|1769318865
|switch|p1a: Sinistcha|Sinistcha|100/100
|move|p2a: ?|Ice Spinner|p1a: Sinistcha
|-supereffective|p1a: Sinistcha
|-damage|p1a: Sinistcha|46/100
|
|-weather|SunnyDay|[upkeep]
|upkeep
|turn|13
|inactive|thebugkid has 25 seconds left this turn.
|inactive|Imaginehavingskill has 120 seconds left.
|inactive|thebugkid has 20 seconds left.
|inactive|thebugkid has 15 seconds left.
|inactive|thebugkid has 10 seconds left.
|
|t:|1769318885
|move|p2a: ?|Ice Spinner|p1a: Sinistcha
|-supereffective|p1a: Sinistcha
|-damage|p1a: Sinistcha|0 fnt
|faint|p1a: Sinistcha
|
|-weather|SunnyDay|[upkeep]
|upkeep
|
|t:|1769318890
|switch|p1a: Rillaboom|Rillaboom, F|100/100
|turn|14
|inactive|thebugkid has 25 seconds left this turn.
|inactive|thebugkid has 20 seconds left.
|inactive|thebugkid has 15 seconds left.
|inactiveoff|Battle timer is now OFF.
|inactive|Battle timer is ON: inactive players will automatically lose when time's up. (requested by Imaginehavingskill)
|
|t:|1769318916
|switch|p1a: Kingambit|Kingambit, F|100/100
|-activate|p1a: Kingambit|ability: Supreme Overlord
|-start|p1a: Kingambit|fallen1|[silent]
|-end|p2a: ?|Protosynthesis|[silent]
|switch|p2a: idiot|Venusaur, M, shiny|100/100
|-damage|p2a: idiot|84/100|[from] Spikes
|-damage|p2a: idiot|72/100|[from] Stealth Rock
|
|-weather|SunnyDay|[upkeep]
|upkeep
|turn|15
|inactive|thebugkid has 30 seconds left this turn.
|c|☆thebugkid|lol
|
|t:|1769318923
|move|p2a: idiot|Weather Ball|p1a: Kingambit
|-supereffective|p1a: Kingambit
|-damage|p1a: Kingambit|0 fnt
|faint|p1a: Kingambit
|-end|p1a: Kingambit|fallen1|[silent]
|-damage|p2a: idiot|62/100|[from] item: Life Orb
|
|-weather|SunnyDay|[upkeep]
|upkeep
|inactive|Imaginehavingskill has 120 seconds left.
|
|t:|1769318931
|switch|p1a: Zamazenta|Zamazenta|100/100
|turn|16
|inactive|thebugkid has 30 seconds left.
|inactive|thebugkid has 20 seconds left.
|inactive|thebugkid has 15 seconds left.
|inactive|thebugkid has 10 seconds left.
|
|t:|1769318962
|switch|p2a: an|Kingambit, M, shiny|94/100
|-damage|p2a: an|88/100|[from] Stealth Rock
|-activate|p2a: an|ability: Supreme Overlord
|-start|p2a: an|fallen2|[silent]
|-item|p2a: an|Air Balloon
|move|p1a: Zamazenta|Crunch|p2a: an
|-resisted|p2a: an
|-damage|p2a: an|79/100
|-enditem|p2a: an|Air Balloon
|
|-weather|none
|upkeep
|turn|17
|inactive|thebugkid has 20 seconds left this turn.
|inactive|thebugkid has 15 seconds left.
|
|t:|1769318970
|move|p1a: Zamazenta|Close Combat|p2a: an
|-supereffective|p2a: an
|-damage|p2a: an|0 fnt
|-unboost|p1a: Zamazenta|def|1
|-unboost|p1a: Zamazenta|spd|1
|faint|p2a: an
|-end|p2a: an|fallen2|[silent]
|
|upkeep
|inactive|thebugkid has 20 seconds left this turn.
|inactive|thebugkid has 15 seconds left.
|
|t:|1769318976
|switch|p2a: why|Raging Bolt|100/100
|-damage|p2a: why|84/100|[from] Spikes
|-damage|p2a: why|71/100|[from] Stealth Rock
|turn|18
|inactive|thebugkid has 25 seconds left this turn.
|
|t:|1769318983
|-terastallize|p2a: why|Fairy
|move|p1a: Zamazenta|Close Combat|p2a: why
|-resisted|p2a: why
|-damage|p2a: why|45/100
|-unboost|p1a: Zamazenta|def|1
|-unboost|p1a: Zamazenta|spd|1
|move|p2a: why|Calm Mind|p2a: why
|-boost|p2a: why|spa|1
|-boost|p2a: why|spd|1
|
|-heal|p2a: why|51/100|[from] item: Leftovers
|upkeep
|turn|19
|inactive|thebugkid has 30 seconds left.
|
|t:|1769318992
|move|p2a: why|Thunderclap|p1a: Zamazenta
|-damage|p1a: Zamazenta|0 fnt
|faint|p1a: Zamazenta
|
|-heal|p2a: why|57/100|[from] item: Leftovers
|upkeep
|
|t:|1769318994
|switch|p1a: Rillaboom|Rillaboom, F|100/100
|turn|20
|inactive|thebugkid has 30 seconds left.
|inactive|thebugkid has 20 seconds left.
|inactive|thebugkid has 15 seconds left.
|inactive|thebugkid has 10 seconds left.
|inactive|thebugkid has 5 seconds left.
|
|t:|1769319036
|move|p1a: Rillaboom|Swords Dance|p1a: Rillaboom
|-boost|p1a: Rillaboom|atk|2
|move|p2a: why|Dragon Pulse|p1a: Rillaboom
|-damage|p1a: Rillaboom|0 fnt
|faint|p1a: Rillaboom
|
|-heal|p2a: why|63/100|[from] item: Leftovers
|upkeep
|c|☆Imaginehavingskill|gg, screen time limit just kicked in
|
|t:|1769319042
|switch|p1a: Clefable|Clefable, F|100/100
|turn|21
|inactive|thebugkid has 20 seconds left this turn.
|
|t:|1769319046
|move|p2a: why|Thunderbolt|p1a: Clefable
|-damage|p1a: Clefable|30/100
|move|p1a: Clefable|Calm Mind|p1a: Clefable
|-boost|p1a: Clefable|spa|1
|-boost|p1a: Clefable|spd|1
|
|-heal|p2a: why|69/100|[from] item: Leftovers
|-heal|p1a: Clefable|36/100|[from] item: Leftovers
|upkeep
|turn|22
|inactive|thebugkid has 30 seconds left this turn.
|-message|Imaginehavingskill forfeited.
|
|win|thebugkid
|raw|Imaginehavingskill's rating: 1354 &rarr; <strong>1336</strong><br />(-18 for losing)
|raw|thebugkid's rating: 1383 &rarr; <strong>1401</strong><br />(+18 for winning)
|l|☆Imaginehavingskill
|player|p1|
|l|☆thebugkid
|player|p2|
