|j|☆Rblack_freeeza
|j|☆ghighas
|t:|1769318141
|gametype|singles
|player|p1|Rblack_freeeza|wallace|1230
|player|p2|ghighas|ghetsis|1281
|gen|9
|tier|[Gen 9] OU
|rated|
|rule|HP Percentage Mod: HP is shown in percentages
|rule|Endless Battle Clause: Forcing endless battles is banned
|rule|Species Clause: Limit one of each Pokémon
|rule|OHKO Clause: OHKO moves are banned
|rule|Evasion Items Clause: Evasion items are banned
|rule|Evasion Moves Clause: Evasion moves are banned
|rule|Evasion Abilities Clause: Evasion abilities are banned
|rule|Sleep Moves Clause: Sleep-inducing moves are banned
|clearpoke
|poke|p1|Alomomola, M|
|poke|p1|Rillaboom, M|
|poke|p1|Hawlucha, M|
|poke|p1|Skeledirge, F|
|poke|p1|Cinderace, F|
|poke|p1|Hitmonlee, M|
|poke|p2|Barraskewda, F|
|poke|p2|Pelipper, M|
|poke|p2|Dondozo, F|
|poke|p2|Ogerpon-Wellspring, F|
|poke|p2|Goodra-Hisui, F|
|poke|p2|Great Tusk|
|teampreview
|inactive|Battle timer is ON: inactive players will automatically lose when time's up. (requested by Rblack_freeeza)
|
|t:|1769318171
|teamsize|p1|6
|teamsize|p2|6
|start
|switch|p1a: Rillaboom|Rillaboom, M|100/100
|switch|p2a: Pelipper|Pelipper, M|100/100
|-fieldstart|move: Grassy Terrain|[from] ability: Grassy Surge|[of] p1a: Rillaboom
|-weather|RainDance|[from] ability: Drizzle|[of] p2a: Pelipper
|turn|1
|
|t:|1769318179
|move|p1a: Rillaboom|Knock Off|p2a: Pelipper
|-damage|p2a: Pelipper|71/100
|-enditem|p2a: Pelipper|Damp Rock|[from] move: Knock Off|[of] p1a: Rillaboom
|move|p2a: Pelipper|Hurricane|p1a: Rillaboom
|-supereffective|p1a: Rillaboom
|-damage|p1a: Rillaboom|20/100
|-start|p1a: Rillaboom|confusion
|
|-weather|RainDance|[upkeep]
|-heal|p1a: Rillaboom|27/100|[from] Grassy Terrain
|upkeep
|turn|2
|inactive|ghighas has 120 seconds left.
|
|t:|1769318218
|switch|p2a: Goodra|Goodra-Hisui, F|100/100
|-activate|p1a: Rillaboom|confusion
|move|p1a: Rillaboom|U-turn|p2a: Goodra
|-resisted|p2a: Goodra
|-damage|p2a: Goodra|88/100
|inactive|Rblack_freeeza has 120 seconds left.
|
|t:|1769318236
|switch|p1a: Hitmonlee|Hitmonlee, M|100/100|[from] U-turn
|-enditem|p1a: Hitmonlee|Grassy Seed
|-boost|p1a: Hitmonlee|def|1|[from] item: Grassy Seed
|
|-weather|RainDance|[upkeep]
|-heal|p2a: Goodra|94/100|[from] Grassy Terrain
|upkeep
|turn|3
|inactive|ghighas has 120 seconds left.
|
|t:|1769318248
|switch|p2a: Dondozo|Dondozo, F|100/100
|move|p1a: Hitmonlee|Swords Dance|p1a: Hitmonlee
|-boost|p1a: Hitmonlee|atk|2
|
|-weather|RainDance|[upkeep]
|upkeep
|turn|4
|
|t:|1769318255
|move|p1a: Hitmonlee|Close Combat|p2a: Dondozo
|-damage|p2a: Dondozo|71/100
|-unboost|p1a: Hitmonlee|def|1
|-unboost|p1a: Hitmonlee|spd|1
|move|p2a: Dondozo|Wave Crash|p1a: Hitmonlee
|-damage|p1a: Hitmonlee|0 fnt
|faint|p1a: Hitmonlee
|-damage|p2a: Dondozo|55/100|[from] Recoil
|
|-weather|RainDance|[upkeep]
|-heal|p2a: Dondozo|61/100|[from] Grassy Terrain
|-heal|p2a: Dondozo|68/100|[from] item: Leftovers
|upkeep
|
|t:|1769318267
|switch|p1a: Rillaboom|Rillaboom, M|27/100
|turn|5
|
|t:|1769318282
|switch|p1a: Alomomola|Alomomola, M|100/100
|-terastallize|p2a: Dondozo|Fighting
|move|p2a: Dondozo|Body Press|p1a: Alomomola
|-damage|p1a: Alomomola|80/100
|
|-weather|RainDance|[upkeep]
|-heal|p1a: Alomomola|86/100|[from] Grassy Terrain
|-heal|p2a: Dondozo|74/100|[from] Grassy Terrain
|-heal|p2a: Dondozo|80/100|[from] item: Leftovers
|upkeep
|turn|6
|
|t:|1769318293
|switch|p2a: Ogerpon|Ogerpon-Wellspring, F|100/100
|move|p1a: Alomomola|Tickle|p2a: Ogerpon
|-unboost|p2a: Ogerpon|atk|1
|-unboost|p2a: Ogerpon|def|1
|
|-weather|RainDance|[upkeep]
|-heal|p1a: Alomomola|92/100|[from] Grassy Terrain
|upkeep
|turn|7
|
|t:|1769318301
|move|p2a: Ogerpon|Knock Off|p1a: Alomomola
|-damage|p1a: Alomomola|80/100
|-enditem|p1a: Alomomola|Heavy-Duty Boots|[from] move: Knock Off|[of] p2a: Ogerpon
|move|p1a: Alomomola|Wish|p1a: Alomomola
|
|-weather|RainDance|[upkeep]
|-heal|p1a: Alomomola|86/100|[from] Grassy Terrain
|upkeep
|turn|8
|
|t:|1769318310
|switch|p1a: Rillaboom|Rillaboom, M|27/100
|move|p2a: Ogerpon|Knock Off|p1a: Rillaboom
|-damage|p1a: Rillaboom|3/100
|-enditem|p1a: Rillaboom|Terrain Extender|[from] move: Knock Off|[of] p2a: Ogerpon
|
|-weather|none
|-heal|p1a: Rillaboom|71/100|[from] move: Wish|[wisher] Alomomola
|-heal|p1a: Rillaboom|78/100|[from] Grassy Terrain
|-fieldend|move: Grassy Terrain
|upkeep
|turn|9
|
|t:|1769318336
|switch|p2a: Goodra|Goodra-Hisui, F|94/100
|move|p1a: Rillaboom|U-turn|p2a: Goodra
|-resisted|p2a: Goodra
|-damage|p2a: Goodra|83/100
|
|t:|1769318343
|switch|p1a: Skeledirge|Skeledirge, F|100/100|[from] U-turn
|
|upkeep
|turn|10
|
|t:|1769318354
|switch|p2a: Pelipper|Pelipper, M|71/100
|-weather|RainDance|[from] ability: Drizzle|[of] p2a: Pelipper
|move|p1a: Skeledirge|Torch Song|p2a: Pelipper
|-resisted|p2a: Pelipper
|-damage|p2a: Pelipper|62/100
|-boost|p1a: Skeledirge|spa|1
|
|-weather|RainDance|[upkeep]
|upkeep
|turn|11
|
|t:|1769318367
|-terastallize|p1a: Skeledirge|Fairy
|move|p1a: Skeledirge|Will-O-Wisp|p2a: Pelipper
|-status|p2a: Pelipper|brn
|move|p2a: Pelipper|U-turn|p1a: Skeledirge
|-resisted|p1a: Skeledirge
|-damage|p1a: Skeledirge|99/100
|
|t:|1769318370
|switch|p2a: Barraskewda|Barraskewda, F, shiny|100/100|[from] U-turn
|
|-weather|RainDance|[upkeep]
|upkeep
|turn|12
|
|t:|1769318377
|switch|p1a: Rillaboom|Rillaboom, M|78/100
|-fieldstart|move: Grassy Terrain|[from] ability: Grassy Surge|[of] p1a: Rillaboom
|move|p2a: Barraskewda|Liquidation|p1a: Rillaboom
|-resisted|p1a: Rillaboom
|-damage|p1a: Rillaboom|25/100
|
|-weather|RainDance|[upkeep]
|-heal|p1a: Rillaboom|31/100|[from] Grassy Terrain
|upkeep
|turn|13
|
|t:|1769318387
|switch|p2a: Dondozo|Dondozo, F, tera:Fighting|80/100
|move|p1a: Rillaboom|Grassy Glide|p2a: Dondozo
|-damage|p2a: Dondozo|60/100
|
|-weather|RainDance|[upkeep]
|-heal|p1a: Rillaboom|37/100|[from] Grassy Terrain
|-heal|p2a: Dondozo|66/100|[from] Grassy Terrain
|-heal|p2a: Dondozo|72/100|[from] item: Leftovers
|upkeep
|turn|14
|
|t:|1769318399
|move|p1a: Rillaboom|U-turn|p2a: Dondozo
|-resisted|p2a: Dondozo
|-damage|p2a: Dondozo|66/100
|
|t:|1769318402
|switch|p1a: Alomomola|Alomomola, M|100/100|[from] U-turn
|move|p2a: Dondozo|Body Press|p1a: Alomomola
|-damage|p1a: Alomomola|79/100
|
|-weather|none
|-heal|p1a: Alomomola|85/100|[from] Grassy Terrain
|-heal|p2a: Dondozo|72/100|[from] Grassy Terrain
|-heal|p2a: Dondozo|78/100|[from] item: Leftovers
|upkeep
|turn|15
|
|t:|1769318422
|switch|p2a: Ogerpon|Ogerpon-Wellspring, F|100/100
|move|p1a: Alomomola|Tickle|p2a: Ogerpon
|-unboost|p2a: Ogerpon|atk|1
|-unboost|p2a: Ogerpon|def|1
|
|-heal|p1a: Alomomola|91/100|[from] Grassy Terrain
|upkeep
|turn|16
|
|t:|1769318430
|move|p2a: Ogerpon|Swords Dance|p2a: Ogerpon
|-boost|p2a: Ogerpon|atk|2
|move|p1a: Alomomola|Wish|p1a: Alomomola
|
|-heal|p1a: Alomomola|98/100|[from] Grassy Terrain
|-fieldend|move: Grassy Terrain
|upkeep
|turn|17
|
|t:|1769318438
|move|p2a: Ogerpon|Horn Leech|p1a: Alomomola
|-supereffective|p1a: Alomomola
|-damage|p1a: Alomomola|36/100
|move|p1a: Alomomola|Tickle|p2a: Ogerpon
|-unboost|p2a: Ogerpon|atk|1
|-unboost|p2a: Ogerpon|def|1
|
|-heal|p1a: Alomomola|86/100|[from] move: Wish|[wisher] Alomomola
|upkeep
|turn|18
|
|t:|1769318448
|switch|p1a: Rillaboom|Rillaboom, M|37/100
|-fieldstart|move: Grassy Terrain|[from] ability: Grassy Surge|[of] p1a: Rillaboom
|move|p2a: Ogerpon|Swords Dance|p2a: Ogerpon
|-boost|p2a: Ogerpon|atk|2
|
|-heal|p1a: Rillaboom|44/100|[from] Grassy Terrain
|upkeep
|turn|19
|
|t:|1769318460
|switch|p2a: Dondozo|Dondozo, F, tera:Fighting|78/100
|move|p1a: Rillaboom|U-turn|p2a: Dondozo
|-resisted|p2a: Dondozo
|-damage|p2a: Dondozo|72/100
|
|t:|1769318469
|switch|p1a: Skeledirge|Skeledirge, F, tera:Fairy|99/100|[from] U-turn
|-enditem|p1a: Skeledirge|Grassy Seed
|-boost|p1a: Skeledirge|def|1|[from] item: Grassy Seed
|
|-heal|p1a: Skeledirge|100/100|[from] Grassy Terrain
|-heal|p2a: Dondozo|78/100|[from] Grassy Terrain
|-heal|p2a: Dondozo|84/100|[from] item: Leftovers
|upkeep
|turn|20
|
|t:|1769318480
|switch|p2a: Pelipper|Pelipper, M|62/100 brn
|-weather|RainDance|[from] ability: Drizzle|[of] p2a: Pelipper
|move|p1a: Skeledirge|Torch Song|p2a: Pelipper
|-resisted|p2a: Pelipper
|-damage|p2a: Pelipper|54/100 brn
|-boost|p1a: Skeledirge|spa|1
|
|-weather|RainDance|[upkeep]
|-damage|p2a: Pelipper|48/100 brn|[from] brn
|upkeep
|turn|21
|
|t:|1769318491
|move|p1a: Skeledirge|Will-O-Wisp|p2a: Pelipper
|-fail|p2a: Pelipper|brn
|move|p2a: Pelipper|U-turn|p1a: Skeledirge
|-resisted|p1a: Skeledirge
|-damage|p1a: Skeledirge|99/100
|
|t:|1769318500
|switch|p2a: Barraskewda|Barraskewda, F, shiny|100/100|[from] U-turn
|
|-weather|RainDance|[upkeep]
|-heal|p1a: Skeledirge|100/100|[from] Grassy Terrain
|upkeep
|turn|22
|
|t:|1769318506
|move|p2a: Barraskewda|Liquidation|p1a: Skeledirge
|-damage|p1a: Skeledirge|45/100
|move|p1a: Skeledirge|Will-O-Wisp|p2a: Barraskewda
|-status|p2a: Barraskewda|brn
|
|-weather|RainDance|[upkeep]
|-heal|p1a: Skeledirge|51/100|[from] Grassy Terrain
|-damage|p2a: Barraskewda|94/100 brn|[from] brn
|-fieldend|move: Grassy Terrain
|upkeep
|turn|23
|
|t:|1769318515
|move|p2a: Barraskewda|Liquidation|p1a: Skeledirge
|-damage|p1a: Skeledirge|20/100
|-unboost|p1a: Skeledirge|def|1
|move|p1a: Skeledirge|Slack Off|p1a: Skeledirge
|-heal|p1a: Skeledirge|70/100
|
|-weather|RainDance|[upkeep]
|-damage|p2a: Barraskewda|88/100 brn|[from] brn
|upkeep
|turn|24
|
|t:|1769318525
|move|p2a: Barraskewda|Liquidation|p1a: Skeledirge
|-damage|p1a: Skeledirge|28/100
|move|p1a: Skeledirge|Hex|p2a: Barraskewda
|-damage|p2a: Barraskewda|0 fnt
|faint|p2a: Barraskewda
|
|-weather|none
|upkeep
|
|t:|1769318555
|switch|p2a: Ogerpon|Ogerpon-Wellspring, F|100/100
|turn|25
|
|t:|1769318561
|move|p2a: Ogerpon|Ivy Cudgel|p1a: Skeledirge|[anim] Ivy Cudgel Water
|-damage|p1a: Skeledirge|0 fnt
|faint|p1a: Skeledirge
|
|upkeep
|
|t:|1769318571
|switch|p1a: Cinderace|Cinderace, F|100/100
|turn|26
|
|t:|1769318579
|move|p1a: Cinderace|U-turn|p2a: Ogerpon
|-start|p1a: Cinderace|typechange|Bug|[from] ability: Libero
|-supereffective|p2a: Ogerpon
|-damage|p2a: Ogerpon|19/100
|
|t:|1769318585
|switch|p1a: Rillaboom|Rillaboom, M|44/100|[from] U-turn
|-fieldstart|move: Grassy Terrain|[from] ability: Grassy Surge|[of] p1a: Rillaboom
|move|p2a: Ogerpon|Ivy Cudgel|p1a: Rillaboom|[anim] Ivy Cudgel Water
|-resisted|p1a: Rillaboom
|-damage|p1a: Rillaboom|18/100
|
|-heal|p2a: Ogerpon|25/100|[from] Grassy Terrain
|-heal|p1a: Rillaboom|24/100|[from] Grassy Terrain
|upkeep
|turn|27
|
|t:|1769318595
|move|p1a: Rillaboom|Grassy Glide|p2a: Ogerpon
|-damage|p2a: Ogerpon|0 fnt
|faint|p2a: Ogerpon
|
|-heal|p1a: Rillaboom|31/100|[from] Grassy Terrain
|upkeep
|
|t:|1769318607
|switch|p2a: Dondozo|Dondozo, F, tera:Fighting|84/100
|turn|28
|
|t:|1769318611
|move|p1a: Rillaboom|Knock Off|p2a: Dondozo
|-resisted|p2a: Dondozo
|-damage|p2a: Dondozo|75/100
|-enditem|p2a: Dondozo|Leftovers|[from] move: Knock Off|[of] p1a: Rillaboom
|move|p2a: Dondozo|Curse|p2a: Dondozo
|-unboost|p2a: Dondozo|spe|1
|-boost|p2a: Dondozo|atk|1
|-boost|p2a: Dondozo|def|1
|
|-heal|p1a: Rillaboom|37/100|[from] Grassy Terrain
|-heal|p2a: Dondozo|81/100|[from] Grassy Terrain
|upkeep
|turn|29
|
|t:|1769318623
|switch|p1a: Hawlucha|Hawlucha, M|100/100
|-enditem|p1a: Hawlucha|Grassy Seed
|-boost|p1a: Hawlucha|def|1|[from] item: Grassy Seed
|move|p2a: Dondozo|Curse|p2a: Dondozo
|-unboost|p2a: Dondozo|spe|1
|-boost|p2a: Dondozo|atk|1
|-boost|p2a: Dondozo|def|1
|
|-heal|p2a: Dondozo|88/100|[from] Grassy Terrain
|upkeep
|turn|30
|
|t:|1769318633
|move|p1a: Hawlucha|Encore|p2a: Dondozo
|-start|p2a: Dondozo|Encore
|move|p2a: Dondozo|Curse|p2a: Dondozo
|-unboost|p2a: Dondozo|spe|1
|-boost|p2a: Dondozo|atk|1
|-boost|p2a: Dondozo|def|1
|
|-heal|p2a: Dondozo|94/100|[from] Grassy Terrain
|-fieldend|move: Grassy Terrain
|upkeep
|turn|31
|
|t:|1769318644
|switch|p2a: Pelipper|Pelipper, M|48/100 brn
|-weather|RainDance|[from] ability: Drizzle|[of] p2a: Pelipper
|move|p1a: Hawlucha|Swords Dance|p1a: Hawlucha
|-boost|p1a: Hawlucha|atk|2
|
|-weather|RainDance|[upkeep]
|-damage|p2a: Pelipper|42/100 brn|[from] brn
|upkeep
|turn|32
|
|t:|1769318653
|move|p1a: Hawlucha|Acrobatics|p2a: Pelipper
|-damage|p2a: Pelipper|0 fnt
|faint|p2a: Pelipper
|
|-weather|RainDance|[upkeep]
|upkeep
|
|t:|1769318656
|switch|p2a: Dondozo|Dondozo, F, tera:Fighting|94/100
|turn|33
|
|t:|1769318660
|move|p1a: Hawlucha|Acrobatics|p2a: Dondozo
|-supereffective|p2a: Dondozo
|-damage|p2a: Dondozo|46/100
|move|p2a: Dondozo|Wave Crash|p1a: Hawlucha
|-damage|p1a: Hawlucha|11/100
|-damage|p2a: Dondozo|28/100|[from] Recoil
|
|-weather|RainDance|[upkeep]
|upkeep
|turn|34
|
|t:|1769318668
|switch|p2a: Goodra|Goodra-Hisui, F|83/100
|move|p1a: Hawlucha|Acrobatics|p2a: Goodra
|-resisted|p2a: Goodra
|-damage|p2a: Goodra|35/100
|
|-weather|RainDance|[upkeep]
|upkeep
|turn|35
|
|t:|1769318675
|move|p1a: Hawlucha|Acrobatics|p2a: Goodra
|-resisted|p2a: Goodra
|-damage|p2a: Goodra|0 fnt
|faint|p2a: Goodra
|
|-weather|none
|upkeep
|-message|ghighas forfeited.
|
|win|Rblack_freeeza
|raw|Rblack_freeeza's rating: 1230 &rarr; <strong>1260</strong><br />(+30 for winning)
|raw|ghighas's rating: 1305 &rarr; <strong>1281</strong><br />(-24 for losing)
|l|☆ghighas
|player|p2|
|c|☆Rblack_freeeza|Gg
|l|☆Rblack_freeeza
|player|p1|
