|j|☆Madd Science
|j|☆tfhjfjhfj
|t:|1769329007
|gametype|singles
|player|p1|Madd Science|pryce|1146
|player|p2|tfhjfjhfj|102|1105
|gen|9
|tier|[Gen 9] OU
|rated|
|rule|HP Percentage Mod: HP is shown in percentages
|rule|Endless Battle Clause: Forcing endless battles is banned
|rule|Species Clause: Limit one of each Pokémon
|rule|OHKO Clause: OHKO moves are banned
|rule|Evasion Items Clause: Evasion items are banned
|rule|Evasion Moves Clause: Evasion moves are banned
|rule|Evasion Abilities Clause: Evasion abilities are banned
|rule|Sleep Moves Clause: Sleep-inducing moves are banned
|clearpoke
|poke|p1|Garganacl, M|
|poke|p1|Hippowdon, M|
|poke|p1|Hydrapple, M|
|poke|p1|Slowking-Galar, M|
|poke|p1|Samurott-Hisui, M|
|poke|p1|Excadrill, M|
|poke|p2|Deoxys-Speed|
|poke|p2|Darkrai|
|poke|p2|Great Tusk|
|poke|p2|Zapdos|
|poke|p2|Dondozo, F|
|poke|p2|Gholdengo|
|teampreview
|
|t:|1769329014
|teamsize|p1|6
|teamsize|p2|6
|start
|switch|p1a: Samurott|Samurott-Hisui, M, shiny|100/100
|switch|p2a: Deoxys|Deoxys-Speed|100/100
|-ability|p2a: Deoxys|Pressure
|turn|1
|
|t:|1769329024
|move|p2a: Deoxys|Thunderbolt|p1a: Samurott
|-supereffective|p1a: Samurott
|-damage|p1a: Samurott|0 fnt
|faint|p1a: Samurott
|
|upkeep
|
|t:|1769329032
|switch|p1a: Slowking|Slowking-Galar, M, shiny|100/100
|turn|2
|
|t:|1769329045
|switch|p2a: Darkrai|Darkrai|100/100
|move|p1a: Slowking|Whirlpool|p2a: Darkrai
|-damage|p2a: Darkrai|89/100
|-activate|p2a: Darkrai|move: Whirlpool|[of] p1a: Slowking
|
|-damage|p2a: Darkrai|76/100|[from] move: Whirlpool|[partiallytrapped]
|upkeep
|turn|3
|
|t:|1769329055
|move|p2a: Darkrai|Dark Pulse|p1a: Slowking
|-supereffective|p1a: Slowking
|-damage|p1a: Slowking|44/100
|-damage|p2a: Darkrai|66/100|[from] item: Life Orb
|move|p1a: Slowking|Sludge Bomb|p2a: Darkrai
|-crit|p2a: Darkrai
|-damage|p2a: Darkrai|0 fnt
|faint|p2a: Darkrai
|
|upkeep
|
|t:|1769329066
|switch|p2a: Deoxys|Deoxys-Speed|100/100
|-ability|p2a: Deoxys|Pressure
|turn|4
|
|t:|1769329073
|switch|p1a: Hippowdon|Hippowdon, M, shiny|100/100
|-weather|Sandstorm|[from] ability: Sand Stream|[of] p1a: Hippowdon
|move|p2a: Deoxys|Psycho Boost|p1a: Hippowdon|[miss]
|-miss|p2a: Deoxys|p1a: Hippowdon
|
|-weather|Sandstorm|[upkeep]
|-damage|p2a: Deoxys|94/100|[from] Sandstorm
|upkeep
|turn|5
|
|t:|1769329082
|switch|p2a: Dondozo|Dondozo, F|100/100
|switch|p1a: Garganacl|Garganacl, M, shiny|100/100
|
|-weather|Sandstorm|[upkeep]
|-damage|p2a: Dondozo|94/100|[from] Sandstorm
|upkeep
|turn|6
|
|t:|1769329094
|move|p1a: Garganacl|Salt Cure|p2a: Dondozo
|-damage|p2a: Dondozo|86/100
|-start|p2a: Dondozo|Salt Cure
|move|p2a: Dondozo|Liquidation|p1a: Garganacl
|-supereffective|p1a: Garganacl
|-damage|p1a: Garganacl|54/100
|
|-weather|Sandstorm|[upkeep]
|-damage|p2a: Dondozo|80/100|[from] Sandstorm
|-heal|p1a: Garganacl|61/100|[from] item: Leftovers
|-damage|p2a: Dondozo|55/100|[from] Salt Cure
|upkeep
|turn|7
|
|t:|1769329113
|move|p1a: Garganacl|Salt Cure|p2a: Dondozo
|-damage|p2a: Dondozo|45/100
|move|p2a: Dondozo|Liquidation|p1a: Garganacl
|-supereffective|p1a: Garganacl
|-damage|p1a: Garganacl|15/100
|
|-weather|Sandstorm|[upkeep]
|-damage|p2a: Dondozo|39/100|[from] Sandstorm
|-heal|p1a: Garganacl|22/100|[from] item: Leftovers
|-damage|p2a: Dondozo|14/100|[from] Salt Cure
|upkeep
|turn|8
|
|t:|1769329128
|move|p1a: Garganacl|Recover|p1a: Garganacl
|-heal|p1a: Garganacl|72/100
|move|p2a: Dondozo|Earthquake|p1a: Garganacl
|-supereffective|p1a: Garganacl
|-damage|p1a: Garganacl|40/100
|
|-weather|none
|-heal|p1a: Garganacl|47/100|[from] item: Leftovers
|-damage|p2a: Dondozo|0 fnt|[from] Salt Cure
|faint|p2a: Dondozo
|upkeep
|
|t:|1769329140
|switch|p2a: Great Tusk|Great Tusk|100/100
|-enditem|p2a: Great Tusk|Booster Energy
|-activate|p2a: Great Tusk|ability: Protosynthesis|[fromitem]
|-start|p2a: Great Tusk|protosynthesisatk
|turn|9
|
|t:|1769329146
|switch|p1a: Hippowdon|Hippowdon, M, shiny|100/100
|-weather|Sandstorm|[from] ability: Sand Stream|[of] p1a: Hippowdon
|move|p2a: Great Tusk|Close Combat|p1a: Hippowdon
|-damage|p1a: Hippowdon|59/100
|-unboost|p2a: Great Tusk|def|1
|-unboost|p2a: Great Tusk|spd|1
|-damage|p2a: Great Tusk|84/100|[from] item: Rocky Helmet|[of] p1a: Hippowdon
|
|-weather|Sandstorm|[upkeep]
|upkeep
|turn|10
|
|t:|1769329157
|move|p2a: Great Tusk|Ice Spinner|p1a: Hippowdon
|-supereffective|p1a: Hippowdon
|-damage|p1a: Hippowdon|26/100
|-damage|p2a: Great Tusk|68/100|[from] item: Rocky Helmet|[of] p1a: Hippowdon
|move|p1a: Hippowdon|Scorching Sands|p2a: Great Tusk
|-damage|p2a: Great Tusk|32/100
|
|-weather|Sandstorm|[upkeep]
|upkeep
|turn|11
|
|t:|1769329169
|switch|p1a: Excadrill|Excadrill, M, shiny|100/100
|move|p2a: Great Tusk|Close Combat|p1a: Excadrill
|-supereffective|p1a: Excadrill
|-damage|p1a: Excadrill|0 fnt
|-unboost|p2a: Great Tusk|def|1
|-unboost|p2a: Great Tusk|spd|1
|faint|p1a: Excadrill
|
|-weather|Sandstorm|[upkeep]
|upkeep
|
|t:|1769329180
|switch|p1a: Hydrapple|Hydrapple, M, shiny|100/100
|turn|12
|
|t:|1769329184
|-terastallize|p1a: Hydrapple|Fairy
|move|p2a: Great Tusk|Ice Spinner|p1a: Hydrapple
|-damage|p1a: Hydrapple|74/100
|move|p1a: Hydrapple|Giga Drain|p2a: Great Tusk
|-supereffective|p2a: Great Tusk
|-damage|p2a: Great Tusk|0 fnt
|-heal|p1a: Hydrapple|88/100|[from] drain|[of] p2a: Great Tusk
|faint|p2a: Great Tusk
|-end|p2a: Great Tusk|Protosynthesis|[silent]
|
|-weather|Sandstorm|[upkeep]
|-damage|p1a: Hydrapple|82/100|[from] Sandstorm
|upkeep
|
|t:|1769329194
|switch|p2a: Gholdengo|Gholdengo|100/100
|turn|13
|inactive|Battle timer is ON: inactive players will automatically lose when time's up. (requested by tfhjfjhfj)
|-message|tfhjfjhfj forfeited.
|
|win|Madd Science
|raw|Madd Science's rating: 1146 &rarr; <strong>1168</strong><br />(+22 for winning)
|raw|tfhjfjhfj's rating: 1105 &rarr; <strong>1083</strong><br />(-22 for losing)
|l|☆tfhjfjhfj
|player|p2|
