|j|☆topmanbladee
|j|☆TheAzulKiwi
|t:|1769379127
|gametype|singles
|player|p1|topmanbladee|170|1744
|player|p2|TheAzulKiwi|clemont|1799
|gen|9
|tier|[Gen 9] OU
|rated|
|rule|HP Percentage Mod: HP is shown in percentages
|rule|Endless Battle Clause: Forcing endless battles is banned
|rule|Species Clause: Limit one of each Pokémon
|rule|OHKO Clause: OHKO moves are banned
|rule|Evasion Items Clause: Evasion items are banned
|rule|Evasion Moves Clause: Evasion moves are banned
|rule|Evasion Abilities Clause: Evasion abilities are banned
|rule|Sleep Moves Clause: Sleep-inducing moves are banned
|clearpoke
|poke|p1|Kyurem|
|poke|p1|Cinderace, M|
|poke|p1|Tornadus-Therian, M|
|poke|p1|Hatterene, F|
|poke|p1|Great Tusk|
|poke|p1|Kingambit, F|
|poke|p2|Ceruledge, F|
|poke|p2|Hoopa-Unbound|
|poke|p2|Samurott-Hisui, F|
|poke|p2|Zamazenta-*|
|poke|p2|Iron Treads|
|poke|p2|Raging Bolt|
|teampreview
|inactive|Battle timer is ON: inactive players will automatically lose when time's up. (requested by topmanbladee)
|j| Palm X
|inactive|topmanbladee has 120 seconds left.
|
|t:|1769379168
|teamsize|p1|6
|teamsize|p2|6
|start
|switch|p1a: Cinderace|Cinderace, M|100/100
|switch|p2a: Raging Bolt|Raging Bolt|100/100
|-enditem|p2a: Raging Bolt|Booster Energy
|-activate|p2a: Raging Bolt|ability: Protosynthesis|[fromitem]
|-start|p2a: Raging Bolt|protosynthesisspa
|turn|1
|
|t:|1769379176
|move|p1a: Cinderace|Gunk Shot|p2a: Raging Bolt
|-start|p1a: Cinderace|typechange|Poison|[from] ability: Libero
|-damage|p2a: Raging Bolt|53/100
|-status|p2a: Raging Bolt|psn
|move|p2a: Raging Bolt|Thunderbolt|p1a: Cinderace
|-damage|p1a: Cinderace|0 fnt
|faint|p1a: Cinderace
|
|-damage|p2a: Raging Bolt|40/100 psn|[from] psn
|upkeep
|
|t:|1769379181
|switch|p1a: Great Tusk|Great Tusk|100/100
|turn|2
|
|t:|1769379186
|move|p1a: Great Tusk|Headlong Rush|p2a: Raging Bolt
|-supereffective|p2a: Raging Bolt
|-damage|p2a: Raging Bolt|0 fnt
|-unboost|p1a: Great Tusk|def|1
|-unboost|p1a: Great Tusk|spd|1
|faint|p2a: Raging Bolt
|-end|p2a: Raging Bolt|Protosynthesis|[silent]
|
|upkeep
|
|t:|1769379188
|switch|p2a: Samurott|Samurott-Hisui, F|100/100
|turn|3
|
|t:|1769379195
|-end|p1a: Great Tusk|Protosynthesis|[silent]
|switch|p1a: Hatterene|Hatterene, F|100/100
|move|p2a: Samurott|Sacred Sword|p1a: Hatterene
|-resisted|p1a: Hatterene
|-damage|p1a: Hatterene|92/100
|
|-heal|p1a: Hatterene|98/100|[from] item: Leftovers
|upkeep
|turn|4
|
|t:|1769379200
|switch|p2a: Iron Treads|Iron Treads|100/100
|-enditem|p2a: Iron Treads|Booster Energy
|-activate|p2a: Iron Treads|ability: Quark Drive|[fromitem]
|-start|p2a: Iron Treads|quarkdrivespe
|move|p1a: Hatterene|Nuzzle|p2a: Iron Treads
|-immune|p2a: Iron Treads
|
|-heal|p1a: Hatterene|100/100|[from] item: Leftovers
|upkeep
|turn|5
|
|t:|1769379206
|switch|p1a: Great Tusk|Great Tusk|100/100
|move|p2a: Iron Treads|Ice Spinner|p1a: Great Tusk
|-supereffective|p1a: Great Tusk
|-damage|p1a: Great Tusk|68/100
|-damage|p2a: Iron Treads|84/100|[from] item: Rocky Helmet|[of] p1a: Great Tusk
|
|upkeep
|turn|6
|
|t:|1769379211
|move|p2a: Iron Treads|Ice Spinner|p1a: Great Tusk
|-supereffective|p1a: Great Tusk
|-damage|p1a: Great Tusk|36/100
|-damage|p2a: Iron Treads|67/100|[from] item: Rocky Helmet|[of] p1a: Great Tusk
|move|p1a: Great Tusk|Headlong Rush|p2a: Iron Treads
|-supereffective|p2a: Iron Treads
|-damage|p2a: Iron Treads|0 fnt
|-unboost|p1a: Great Tusk|def|1
|-unboost|p1a: Great Tusk|spd|1
|faint|p2a: Iron Treads
|-end|p2a: Iron Treads|Quark Drive|[silent]
|
|upkeep
|
|t:|1769379213
|switch|p2a: Samurott|Samurott-Hisui, F|100/100
|turn|7
|
|t:|1769379216
|move|p1a: Great Tusk|Stealth Rock|p2a: Samurott
|-sidestart|p2: TheAzulKiwi|move: Stealth Rock
|move|p2a: Samurott|Aqua Cutter|p1a: Great Tusk
|-supereffective|p1a: Great Tusk
|-crit|p1a: Great Tusk
|-damage|p1a: Great Tusk|0 fnt
|faint|p1a: Great Tusk
|-end|p1a: Great Tusk|Protosynthesis|[silent]
|
|upkeep
|
|t:|1769379221
|switch|p1a: Kyurem|Kyurem|100/100
|-ability|p1a: Kyurem|Pressure
|turn|8
|
|t:|1769379224
|move|p1a: Kyurem|Freeze-Dry|p2a: Samurott
|-supereffective|p2a: Samurott
|-enditem|p2a: Samurott|Focus Sash
|-damage|p2a: Samurott|1/100
|-status|p2a: Samurott|frz
|cant|p2a: Samurott|frz
|
|upkeep
|turn|9
|c|☆TheAzulKiwi|really?
|
|t:|1769379232
|-curestatus|p2a: Samurott|frz|[msg]
|move|p2a: Samurott|Sucker Punch|p1a: Kyurem
|-damage|p1a: Kyurem|69/100
|move|p1a: Kyurem|Freeze-Dry|p2a: Samurott
|-supereffective|p2a: Samurott
|-damage|p2a: Samurott|0 fnt
|faint|p2a: Samurott
|
|upkeep
|c|☆TheAzulKiwi|ggs
|
|t:|1769379244
|switch|p2a: Hoopa|Hoopa-Unbound|100/100
|-damage|p2a: Hoopa|88/100|[from] Stealth Rock
|turn|10
|inactive|topmanbladee has 120 seconds left.
|
|t:|1769379296
|switch|p1a: Tornadus|Tornadus-Therian, M|100/100
|move|p2a: Hoopa|Dark Pulse|p1a: Tornadus
|-damage|p1a: Tornadus|61/100
|
|upkeep
|turn|11
|
|t:|1769379303
|move|p1a: Tornadus|U-turn|p2a: Hoopa
|-supereffective|p2a: Hoopa
|-damage|p2a: Hoopa|11/100
|inactive|topmanbladee has 90 seconds left.
|
|t:|1769379331
|switch|p1a: Kingambit|Kingambit, F|100/100|[from] U-turn
|-activate|p1a: Kingambit|ability: Supreme Overlord
|-start|p1a: Kingambit|fallen2|[silent]
|move|p2a: Hoopa|Focus Blast|p1a: Kingambit|[miss]
|-miss|p2a: Hoopa|p1a: Kingambit
|
|upkeep
|turn|12
|
|t:|1769379339
|-end|p1a: Kingambit|fallen2|[silent]
|switch|p1a: Tornadus|Tornadus-Therian, M|94/100
|move|p2a: Hoopa|Focus Blast|p1a: Tornadus|[miss]
|-miss|p2a: Hoopa|p1a: Tornadus
|
|upkeep
|turn|13
|
|t:|1769379343
|move|p1a: Tornadus|U-turn|p2a: Hoopa
|-supereffective|p2a: Hoopa
|-damage|p2a: Hoopa|0 fnt
|faint|p2a: Hoopa
|
|t:|1769379347
|switch|p1a: Hatterene|Hatterene, F|100/100|[from] U-turn
|
|upkeep
|
|t:|1769379351
|switch|p2a: Ceruledge|Ceruledge, F|100/100
|-damage|p2a: Ceruledge|76/100|[from] Stealth Rock
|turn|14
|inactive|topmanbladee has 120 seconds left.
|
|t:|1769379358
|move|p2a: Ceruledge|Poltergeist|p1a: Hatterene
|-activate|p1a: Hatterene|move: Poltergeist|Leftovers
|-supereffective|p1a: Hatterene
|-damage|p1a: Hatterene|9/100
|move|p1a: Hatterene|Nuzzle|p2a: Ceruledge
|-damage|p2a: Ceruledge|70/100
|-status|p2a: Ceruledge|par
|-ability|p2a: Ceruledge|Weak Armor|boost
|-unboost|p2a: Ceruledge|def|1
|-boost|p2a: Ceruledge|spe|2
|
|-heal|p1a: Hatterene|15/100|[from] item: Leftovers
|upkeep
|turn|15
|
|t:|1769379373
|move|p2a: Ceruledge|Bitter Blade|p1a: Hatterene
|-damage|p1a: Hatterene|0 fnt
|-heal|p2a: Ceruledge|78/100 par|[from] drain|[of] p1a: Hatterene
|faint|p1a: Hatterene
|
|upkeep
|inactive|topmanbladee has 120 seconds left.
|
|t:|1769379386
|switch|p1a: Kyurem|Kyurem|69/100
|-ability|p1a: Kyurem|Pressure
|turn|16
|j| dendar
|l| dendar
|
|t:|1769379393
|-terastallize|p2a: Ceruledge|Grass
|move|p1a: Kyurem|Earth Power|p2a: Ceruledge
|-resisted|p2a: Ceruledge
|-damage|p2a: Ceruledge|49/100 par
|move|p2a: Ceruledge|Poltergeist|p1a: Kyurem
|-activate|p1a: Kyurem|move: Poltergeist|Choice Specs
|-damage|p1a: Kyurem|11/100
|
|upkeep
|turn|17
|
|t:|1769379403
|move|p2a: Ceruledge|Shadow Sneak|p1a: Kyurem
|-damage|p1a: Kyurem|0 fnt
|faint|p1a: Kyurem
|
|upkeep
|
|t:|1769379405
|switch|p1a: Kingambit|Kingambit, F|100/100
|-activate|p1a: Kingambit|ability: Supreme Overlord
|-start|p1a: Kingambit|fallen4|[silent]
|turn|18
|
|t:|1769379416
|move|p1a: Kingambit|Sucker Punch|p2a: Ceruledge
|-crit|p2a: Ceruledge
|-damage|p2a: Ceruledge|0 fnt
|faint|p2a: Ceruledge
|
|upkeep
|
|t:|1769379418
|switch|p2a: Zamazenta|Zamazenta|100/100
|-damage|p2a: Zamazenta|94/100|[from] Stealth Rock
|-ability|p2a: Zamazenta|Dauntless Shield|boost
|-boost|p2a: Zamazenta|def|1
|turn|19
|
|t:|1769379423
|-end|p1a: Kingambit|fallen4|[silent]
|switch|p1a: Tornadus|Tornadus-Therian, M|100/100
|move|p2a: Zamazenta|Close Combat|p1a: Tornadus
|-resisted|p1a: Tornadus
|-damage|p1a: Tornadus|54/100
|-unboost|p2a: Zamazenta|def|1
|-unboost|p2a: Zamazenta|spd|1
|-damage|p2a: Zamazenta|84/100|[from] item: Life Orb
|
|upkeep
|turn|20
|
|t:|1769379425
|move|p2a: Zamazenta|Stone Edge|p1a: Tornadus
|-supereffective|p1a: Tornadus
|-damage|p1a: Tornadus|0 fnt
|faint|p1a: Tornadus
|-damage|p2a: Zamazenta|75/100|[from] item: Life Orb
|
|upkeep
|
|t:|1769379427
|switch|p1a: Kingambit|Kingambit, F|100/100
|-activate|p1a: Kingambit|ability: Supreme Overlord
|-start|p1a: Kingambit|fallen5|[silent]
|turn|21
|
|t:|1769379429
|-terastallize|p1a: Kingambit|Fairy
|move|p2a: Zamazenta|Close Combat|p1a: Kingambit
|-resisted|p1a: Kingambit
|-damage|p1a: Kingambit|72/100
|-unboost|p2a: Zamazenta|def|1
|-unboost|p2a: Zamazenta|spd|1
|-damage|p2a: Zamazenta|65/100|[from] item: Life Orb
|move|p1a: Kingambit|Tera Blast|p2a: Zamazenta|[anim] Tera Blast Fairy
|-supereffective|p2a: Zamazenta
|-damage|p2a: Zamazenta|0 fnt
|faint|p2a: Zamazenta
|
|win|topmanbladee
|raw|topmanbladee's rating: 1744 &rarr; <strong>1767</strong><br />(+23 for winning)
|raw|TheAzulKiwi's rating: 1799 &rarr; <strong>1776</strong><br />(-23 for losing)
|l|☆TheAzulKiwi
|player|p2|
|l|☆topmanbladee
|player|p1|
|l| Palm X
