|j|☆MikhaelSunworth
|j|‽uscboarder
|t:|1769442743
|gametype|singles
|player|p1|MikhaelSunworth|chuck|1454
|player|p2|uscboarder|li|1448
|gen|9
|tier|[Gen 9] OU
|rated|
|rule|HP Percentage Mod: HP is shown in percentages
|rule|Endless Battle Clause: Forcing endless battles is banned
|rule|Species Clause: Limit one of each Pokémon
|rule|OHKO Clause: OHKO moves are banned
|rule|Evasion Items Clause: Evasion items are banned
|rule|Evasion Moves Clause: Evasion moves are banned
|rule|Evasion Abilities Clause: Evasion abilities are banned
|rule|Sleep Moves Clause: Sleep-inducing moves are banned
|clearpoke
|poke|p1|Tyranitar, F|
|poke|p1|Great Tusk|
|poke|p1|Alomomola, M|
|poke|p1|Sinistcha|
|poke|p1|Dondozo, F|
|poke|p1|Slowking-Galar, M|
|poke|p2|Hariyama, F|
|poke|p2|Alomomola, M|
|poke|p2|Ting-Lu|
|poke|p2|Iron Valiant|
|poke|p2|Corviknight, M|
|poke|p2|Dragapult, M|
|teampreview
|
|t:|1769442769
|teamsize|p1|6
|teamsize|p2|6
|start
|switch|p1a: Great Tusk|Great Tusk|100/100
|switch|p2a: Hariyama|Hariyama, F|100/100
|turn|1
|
|t:|1769442778
|switch|p2a: Corviknight|Corviknight, M|100/100
|-ability|p2a: Corviknight|Pressure
|move|p1a: Great Tusk|Stealth Rock|p2a: Corviknight
|-sidestart|p2: uscboarder|move: Stealth Rock
|
|upkeep
|turn|2
|inactive|Battle timer is ON: inactive players will automatically lose when time's up. (requested by uscboarder)
|
|t:|1769442782
|-end|p1a: Great Tusk|Protosynthesis|[silent]
|switch|p1a: Slowking|Slowking-Galar, M|100/100
|move|p2a: Corviknight|Defog|p1a: Slowking
|-unboost|p1a: Slowking|evasion|1
|-sideend|p2: uscboarder|Stealth Rock|[from] move: Defog|[of] p2a: Corviknight
|
|upkeep
|turn|3
|
|t:|1769442786
|switch|p2a: Ting-Lu|Ting-Lu|100/100
|-ability|p2a: Ting-Lu|Vessel of Ruin
|move|p1a: Slowking|Future Sight|p2a: Ting-Lu
|-start|p1a: Slowking|move: Future Sight
|
|upkeep
|turn|4
|
|t:|1769442795
|switch|p1a: Great Tusk|Great Tusk|100/100
|move|p2a: Ting-Lu|Stealth Rock|p1a: Great Tusk
|-sidestart|p1: MikhaelSunworth|move: Stealth Rock
|
|upkeep
|turn|5
|
|t:|1769442800
|move|p1a: Great Tusk|Rapid Spin|p2a: Ting-Lu
|-damage|p2a: Ting-Lu|93/100
|-boost|p1a: Great Tusk|spe|1
|-sideend|p1: MikhaelSunworth|Stealth Rock|[from] move: Rapid Spin|[of] p1a: Great Tusk
|move|p2a: Ting-Lu|Whirlwind|p1a: Great Tusk
|-end|p1a: Great Tusk|Protosynthesis|[silent]
|drag|p1a: Dondozo|Dondozo, F|100/100
|
|-end|p2a: Ting-Lu|move: Future Sight
|-immune|p2a: Ting-Lu
|-heal|p2a: Ting-Lu|99/100|[from] item: Leftovers
|upkeep
|turn|6
|
|t:|1769442805
|move|p2a: Ting-Lu|Stealth Rock|p1a: Dondozo
|-sidestart|p1: MikhaelSunworth|move: Stealth Rock
|move|p1a: Dondozo|Waterfall|p2a: Ting-Lu
|-supereffective|p2a: Ting-Lu
|-damage|p2a: Ting-Lu|68/100
|
|-heal|p2a: Ting-Lu|75/100|[from] item: Leftovers
|upkeep
|turn|7
|
|t:|1769442815
|switch|p2a: Corviknight|Corviknight, M|100/100
|-ability|p2a: Corviknight|Pressure
|move|p1a: Dondozo|Body Press|p2a: Corviknight
|-damage|p2a: Corviknight|85/100
|-damage|p1a: Dondozo|84/100|[from] item: Rocky Helmet|[of] p2a: Corviknight
|
|-heal|p1a: Dondozo|90/100|[from] item: Leftovers
|upkeep
|turn|8
|
|t:|1769442820
|switch|p1a: Great Tusk|Great Tusk|100/100
|-damage|p1a: Great Tusk|97/100|[from] Stealth Rock
|move|p2a: Corviknight|U-turn|p1a: Great Tusk
|-resisted|p1a: Great Tusk
|-damage|p1a: Great Tusk|94/100
|-damage|p2a: Corviknight|68/100|[from] item: Rocky Helmet|[of] p1a: Great Tusk
|
|t:|1769442830
|switch|p2a: Hariyama|Hariyama, F|100/100|[from] U-turn
|
|upkeep
|turn|9
|
|t:|1769442837
|move|p1a: Great Tusk|Earthquake|p2a: Hariyama
|-damage|p2a: Hariyama|57/100
|move|p2a: Hariyama|Ice Punch|p1a: Great Tusk
|-supereffective|p1a: Great Tusk
|-damage|p1a: Great Tusk|49/100
|-damage|p2a: Hariyama|41/100|[from] item: Rocky Helmet|[of] p1a: Great Tusk
|
|upkeep
|turn|10
|
|t:|1769442845
|switch|p2a: Corviknight|Corviknight, M|68/100
|-ability|p2a: Corviknight|Pressure
|move|p1a: Great Tusk|Earthquake|p2a: Corviknight
|-immune|p2a: Corviknight
|
|upkeep
|turn|11
|
|t:|1769442849
|move|p1a: Great Tusk|Stealth Rock|p2a: Corviknight
|-sidestart|p2: uscboarder|move: Stealth Rock
|move|p2a: Corviknight|Roost|p2a: Corviknight
|-heal|p2a: Corviknight|100/100
|-singleturn|p2a: Corviknight|move: Roost
|
|upkeep
|turn|12
|
|t:|1769442852
|-end|p1a: Great Tusk|Protosynthesis|[silent]
|switch|p1a: Alomomola|Alomomola, M|100/100
|move|p2a: Corviknight|Defog|p1a: Alomomola
|-unboost|p1a: Alomomola|evasion|1
|-sideend|p1: MikhaelSunworth|Stealth Rock|[from] move: Defog|[of] p2a: Corviknight
|-sideend|p2: uscboarder|Stealth Rock|[from] move: Defog|[of] p2a: Corviknight
|
|upkeep
|turn|13
|
|t:|1769442857
|move|p2a: Corviknight|Brave Bird|p1a: Alomomola
|-damage|p1a: Alomomola|80/100
|-damage|p2a: Corviknight|91/100|[from] Recoil
|move|p1a: Alomomola|Wish|p1a: Alomomola
|
|upkeep
|turn|14
|
|t:|1769442861
|move|p2a: Corviknight|U-turn|p1a: Alomomola
|-damage|p1a: Alomomola|72/100
|
|t:|1769442865
|switch|p2a: Hariyama|Hariyama, F|41/100|[from] U-turn
|move|p1a: Alomomola|Flip Turn|p2a: Hariyama
|-damage|p2a: Hariyama|22/100
|
|t:|1769442870
|switch|p1a: Great Tusk|Great Tusk|49/100|[from] Flip Turn
|
|-heal|p1a: Great Tusk|100/100|[from] move: Wish|[wisher] Alomomola
|upkeep
|turn|15
|
|t:|1769442874
|switch|p2a: Corviknight|Corviknight, M|91/100
|-ability|p2a: Corviknight|Pressure
|move|p1a: Great Tusk|Ice Spinner|p2a: Corviknight
|-crit|p2a: Corviknight
|-damage|p2a: Corviknight|69/100
|-damage|p1a: Great Tusk|84/100|[from] item: Rocky Helmet|[of] p2a: Corviknight
|
|upkeep
|turn|16
|
|t:|1769442883
|-end|p1a: Great Tusk|Protosynthesis|[silent]
|switch|p1a: Slowking|Slowking-Galar, M|100/100
|move|p2a: Corviknight|Brave Bird|p1a: Slowking
|-damage|p1a: Slowking|65/100
|-damage|p2a: Corviknight|57/100|[from] Recoil
|
|upkeep
|turn|17
|
|t:|1769442888
|move|p2a: Corviknight|Roost|p2a: Corviknight
|-heal|p2a: Corviknight|100/100
|-singleturn|p2a: Corviknight|move: Roost
|move|p1a: Slowking|Future Sight|p2a: Corviknight
|-start|p1a: Slowking|move: Future Sight
|
|upkeep
|turn|18
|
|t:|1769442895
|move|p2a: Corviknight|U-turn|p1a: Slowking
|-damage|p1a: Slowking|50/100
|
|t:|1769442899
|switch|p2a: Ting-Lu|Ting-Lu|75/100|[from] U-turn
|-ability|p2a: Ting-Lu|Vessel of Ruin
|-prepare|p1a: Slowking|Chilly Reception|[premajor]
|move|p1a: Slowking|Chilly Reception|p1a: Slowking
|-weather|Snowscape
|
|t:|1769442909
|switch|p1a: Dondozo|Dondozo, F|90/100|[from] Chilly Reception
|
|-weather|Snowscape|[upkeep]
|-heal|p2a: Ting-Lu|81/100|[from] item: Leftovers
|-heal|p1a: Dondozo|96/100|[from] item: Leftovers
|upkeep
|turn|19
|
|t:|1769442912
|move|p2a: Ting-Lu|Stealth Rock|p1a: Dondozo
|-sidestart|p1: MikhaelSunworth|move: Stealth Rock
|move|p1a: Dondozo|Waterfall|p2a: Ting-Lu
|-supereffective|p2a: Ting-Lu
|-damage|p2a: Ting-Lu|52/100
|
|-weather|Snowscape|[upkeep]
|-end|p2a: Ting-Lu|move: Future Sight
|-immune|p2a: Ting-Lu
|-heal|p2a: Ting-Lu|58/100|[from] item: Leftovers
|-heal|p1a: Dondozo|100/100|[from] item: Leftovers
|upkeep
|turn|20
|
|t:|1769442918
|move|p2a: Ting-Lu|Ruination|p1a: Dondozo
|-damage|p1a: Dondozo|50/100
|move|p1a: Dondozo|Waterfall|p2a: Ting-Lu
|-supereffective|p2a: Ting-Lu
|-damage|p2a: Ting-Lu|29/100
|
|-weather|Snowscape|[upkeep]
|-heal|p2a: Ting-Lu|36/100|[from] item: Leftovers
|-heal|p1a: Dondozo|57/100|[from] item: Leftovers
|upkeep
|turn|21
|
|t:|1769442923
|move|p2a: Ting-Lu|Ruination|p1a: Dondozo
|-damage|p1a: Dondozo|29/100
|move|p1a: Dondozo|Waterfall|p2a: Ting-Lu
|-supereffective|p2a: Ting-Lu
|-damage|p2a: Ting-Lu|5/100
|
|-weather|Snowscape|[upkeep]
|-heal|p2a: Ting-Lu|12/100|[from] item: Leftovers
|-heal|p1a: Dondozo|35/100|[from] item: Leftovers
|upkeep
|turn|22
|
|t:|1769442929
|move|p1a: Dondozo|Rest|p1a: Dondozo
|-status|p1a: Dondozo|slp|[from] move: Rest
|-heal|p1a: Dondozo|100/100 slp|[silent]
|move|p2a: Ting-Lu|Whirlwind|p1a: Dondozo
|drag|p1a: Tyranitar|Tyranitar, F|100/100
|-damage|p1a: Tyranitar|88/100|[from] Stealth Rock
|-weather|Sandstorm|[from] ability: Sand Stream|[of] p1a: Tyranitar
|
|-weather|Sandstorm|[upkeep]
|-heal|p2a: Ting-Lu|18/100|[from] item: Leftovers
|upkeep
|turn|23
|
|t:|1769442936
|switch|p2a: Alomomola|Alomomola, M|100/100
|move|p1a: Tyranitar|Earthquake|p2a: Alomomola
|-damage|p2a: Alomomola|80/100
|
|-weather|Sandstorm|[upkeep]
|-damage|p2a: Alomomola|74/100|[from] Sandstorm
|upkeep
|turn|24
|
|t:|1769442944
|move|p2a: Alomomola|Wish|p2a: Alomomola
|move|p1a: Tyranitar|Knock Off|p2a: Alomomola
|-damage|p2a: Alomomola|44/100
|-enditem|p2a: Alomomola|Heavy-Duty Boots|[from] move: Knock Off|[of] p1a: Tyranitar
|
|-weather|Sandstorm|[upkeep]
|-damage|p2a: Alomomola|38/100|[from] Sandstorm
|upkeep
|turn|25
|
|t:|1769442951
|switch|p1a: Alomomola|Alomomola, M|100/100
|move|p2a: Alomomola|Flip Turn|p1a: Alomomola
|-resisted|p1a: Alomomola
|-damage|p1a: Alomomola|97/100
|
|t:|1769442959
|switch|p2a: Ting-Lu|Ting-Lu|18/100|[from] Flip Turn
|-ability|p2a: Ting-Lu|Vessel of Ruin
|
|-weather|Sandstorm|[upkeep]
|-damage|p1a: Alomomola|90/100|[from] Sandstorm
|-heal|p2a: Ting-Lu|70/100|[from] move: Wish|[wisher] Alomomola
|-heal|p2a: Ting-Lu|76/100|[from] item: Leftovers
|upkeep
|turn|26
|
|t:|1769442965
|switch|p2a: Alomomola|Alomomola, M|71/100
|move|p1a: Alomomola|Scald|p2a: Alomomola
|-resisted|p2a: Alomomola
|-damage|p2a: Alomomola|63/100
|
|-weather|none
|upkeep
|turn|27
|
|t:|1769442972
|move|p2a: Alomomola|Wish|p2a: Alomomola
|move|p1a: Alomomola|Flip Turn|p2a: Alomomola
|-resisted|p2a: Alomomola
|-damage|p2a: Alomomola|59/100
|
|t:|1769442976
|switch|p1a: Great Tusk|Great Tusk|84/100|[from] Flip Turn
|-damage|p1a: Great Tusk|81/100|[from] Stealth Rock
|
|upkeep
|turn|28
|
|t:|1769442980
|move|p1a: Great Tusk|Rapid Spin|p2a: Alomomola
|-damage|p2a: Alomomola|51/100
|-boost|p1a: Great Tusk|spe|1
|-sideend|p1: MikhaelSunworth|Stealth Rock|[from] move: Rapid Spin|[of] p1a: Great Tusk
|move|p2a: Alomomola|Flip Turn|p1a: Great Tusk
|-supereffective|p1a: Great Tusk
|-damage|p1a: Great Tusk|67/100
|-damage|p2a: Alomomola|34/100|[from] item: Rocky Helmet|[of] p1a: Great Tusk
|
|t:|1769442988
|switch|p2a: Hariyama|Hariyama, F|22/100|[from] Flip Turn
|
|-heal|p2a: Hariyama|77/100|[from] move: Wish|[wisher] Alomomola
|upkeep
|turn|29
|
|t:|1769442994
|move|p1a: Great Tusk|Earthquake|p2a: Hariyama
|-crit|p2a: Hariyama
|-damage|p2a: Hariyama|12/100
|move|p2a: Hariyama|Ice Punch|p1a: Great Tusk
|-supereffective|p1a: Great Tusk
|-crit|p1a: Great Tusk
|-damage|p1a: Great Tusk|4/100
|-damage|p2a: Hariyama|0 fnt|[from] item: Rocky Helmet|[of] p1a: Great Tusk
|faint|p2a: Hariyama
|
|upkeep
|
|t:|1769443001
|switch|p2a: Alomomola|Alomomola, M|68/100
|turn|30
|
|t:|1769443005
|-end|p1a: Great Tusk|Protosynthesis|[silent]
|switch|p1a: Alomomola|Alomomola, M|100/100
|move|p2a: Alomomola|Flip Turn|p1a: Alomomola
|-resisted|p1a: Alomomola
|-damage|p1a: Alomomola|97/100
|
|t:|1769443009
|switch|p2a: Dragapult|Dragapult, M|100/100|[from] Flip Turn
|
|upkeep
|turn|31
|
|t:|1769443015
|move|p1a: Alomomola|Protect|p1a: Alomomola
|-singleturn|p1a: Alomomola|Protect
|move|p2a: Dragapult|Dragon Dance|p2a: Dragapult
|-boost|p2a: Dragapult|atk|1
|-boost|p2a: Dragapult|spe|1
|
|upkeep
|turn|32
|
|t:|1769443024
|move|p2a: Dragapult|Dragon Dance|p2a: Dragapult
|-boost|p2a: Dragapult|atk|1
|-boost|p2a: Dragapult|spe|1
|move|p1a: Alomomola|Flip Turn|p2a: Dragapult
|-resisted|p2a: Dragapult
|-damage|p2a: Dragapult|89/100
|
|t:|1769443026
|switch|p1a: Dondozo|Dondozo, F|100/100 slp|[from] Flip Turn
|
|upkeep
|turn|33
|
|t:|1769443031
|move|p2a: Dragapult|Dragon Darts|p1a: Dondozo
|-damage|p1a: Dondozo|85/100 slp
|-anim|p2a: Dragapult|Dragon Darts|p1a: Dondozo
|-damage|p1a: Dondozo|72/100 slp
|cant|p1a: Dondozo|slp
|move|p1a: Dondozo|Sleep Talk|p1a: Dondozo
|move|p1a: Dondozo|Waterfall|p2a: Dragapult|[from] move: Sleep Talk
|-resisted|p2a: Dragapult
|-damage|p2a: Dragapult|69/100
|
|-heal|p1a: Dondozo|78/100 slp|[from] item: Leftovers
|upkeep
|turn|34
|
|t:|1769443036
|move|p2a: Dragapult|Dragon Darts|p1a: Dondozo
|-damage|p1a: Dondozo|62/100 slp
|-anim|p2a: Dragapult|Dragon Darts|p1a: Dondozo
|-damage|p1a: Dondozo|48/100 slp
|cant|p1a: Dondozo|slp
|move|p1a: Dondozo|Sleep Talk|p1a: Dondozo
|move|p1a: Dondozo|Rest||[from] move: Sleep Talk|[still]
|-fail|p1a: Dondozo
|
|-heal|p1a: Dondozo|54/100 slp|[from] item: Leftovers
|upkeep
|turn|35
|
|t:|1769443043
|move|p2a: Dragapult|Dragon Darts|p1a: Dondozo
|-damage|p1a: Dondozo|39/100 slp
|-anim|p2a: Dragapult|Dragon Darts|p1a: Dondozo
|-damage|p1a: Dondozo|25/100 slp
|-curestatus|p1a: Dondozo|slp|[msg]
|move|p1a: Dondozo|Waterfall|p2a: Dragapult
|-resisted|p2a: Dragapult
|-damage|p2a: Dragapult|50/100
|
|-heal|p1a: Dondozo|31/100|[from] item: Leftovers
|upkeep
|turn|36
|
|t:|1769443057
|move|p2a: Dragapult|Dragon Darts|p1a: Dondozo
|-damage|p1a: Dondozo|17/100
|-anim|p2a: Dragapult|Dragon Darts|p1a: Dondozo
|-damage|p1a: Dondozo|3/100
|move|p1a: Dondozo|Rest|p1a: Dondozo
|-status|p1a: Dondozo|slp|[from] move: Rest
|-heal|p1a: Dondozo|100/100 slp|[silent]
|
|upkeep
|turn|37
|
|t:|1769443066
|move|p2a: Dragapult|Dragon Dance|p2a: Dragapult
|-boost|p2a: Dragapult|atk|1
|-boost|p2a: Dragapult|spe|1
|cant|p1a: Dondozo|slp
|move|p1a: Dondozo|Sleep Talk|p1a: Dondozo
|move|p1a: Dondozo|Rest||[from] move: Sleep Talk|[still]
|-fail|p1a: Dondozo
|
|upkeep
|turn|38
|
|t:|1769443073
|move|p2a: Dragapult|Dragon Darts|p1a: Dondozo
|-crit|p1a: Dondozo
|-damage|p1a: Dondozo|78/100 slp
|-anim|p2a: Dragapult|Dragon Darts|p1a: Dondozo
|-damage|p1a: Dondozo|64/100 slp
|cant|p1a: Dondozo|slp
|move|p1a: Dondozo|Sleep Talk|p1a: Dondozo
|move|p1a: Dondozo|Body Press|p2a: Dragapult|[from] move: Sleep Talk
|-immune|p2a: Dragapult
|
|-heal|p1a: Dondozo|70/100 slp|[from] item: Leftovers
|upkeep
|turn|39
|
|t:|1769443078
|move|p2a: Dragapult|Dragon Darts|p1a: Dondozo
|-damage|p1a: Dondozo|54/100 slp
|-anim|p2a: Dragapult|Dragon Darts|p1a: Dondozo
|-damage|p1a: Dondozo|39/100 slp
|-curestatus|p1a: Dondozo|slp|[msg]
|move|p1a: Dondozo|Waterfall|p2a: Dragapult
|-resisted|p2a: Dragapult
|-damage|p2a: Dragapult|29/100
|
|-heal|p1a: Dondozo|45/100|[from] item: Leftovers
|upkeep
|turn|40
|inactive|MikhaelSunworth has 120 seconds left.
|
|t:|1769443121
|move|p2a: Dragapult|Dragon Darts|p1a: Dondozo
|-damage|p1a: Dondozo|31/100
|-anim|p2a: Dragapult|Dragon Darts|p1a: Dondozo
|-damage|p1a: Dondozo|16/100
|move|p1a: Dondozo|Sleep Talk||[still]
|-fail|p1a: Dondozo
|
|-heal|p1a: Dondozo|22/100|[from] item: Leftovers
|upkeep
|turn|41
|c|☆MikhaelSunworth|fuck me
|
|t:|1769443136
|switch|p1a: Tyranitar|Tyranitar, F|88/100
|-weather|Sandstorm|[from] ability: Sand Stream|[of] p1a: Tyranitar
|move|p2a: Dragapult|Dragon Darts|p1a: Tyranitar
|-damage|p1a: Tyranitar|16/100
|-anim|p2a: Dragapult|Dragon Darts|p1a: Tyranitar
|-damage|p1a: Tyranitar|0 fnt
|faint|p1a: Tyranitar
|
|-weather|Sandstorm|[upkeep]
|-damage|p2a: Dragapult|23/100|[from] Sandstorm
|upkeep
|
|t:|1769443141
|switch|p1a: Alomomola|Alomomola, M|100/100
|turn|42
|
|t:|1769443153
|move|p2a: Dragapult|Dragon Dance|p2a: Dragapult
|-boost|p2a: Dragapult|atk|1
|-boost|p2a: Dragapult|spe|1
|move|p1a: Alomomola|Scald|p2a: Dragapult
|-resisted|p2a: Dragapult
|-damage|p2a: Dragapult|14/100
|
|-weather|Sandstorm|[upkeep]
|-damage|p2a: Dragapult|8/100|[from] Sandstorm
|-damage|p1a: Alomomola|94/100|[from] Sandstorm
|upkeep
|turn|43
|
|t:|1769443165
|move|p2a: Dragapult|Dragon Darts|p1a: Alomomola
|-damage|p1a: Alomomola|45/100
|-anim|p2a: Dragapult|Dragon Darts|p1a: Alomomola
|-damage|p1a: Alomomola|0 fnt
|faint|p1a: Alomomola
|
|-weather|Sandstorm|[upkeep]
|-damage|p2a: Dragapult|2/100|[from] Sandstorm
|upkeep
|
|t:|1769443169
|switch|p1a: Great Tusk|Great Tusk|4/100
|turn|44
|-message|MikhaelSunworth forfeited.
|
|win|uscboarder
|raw|MikhaelSunworth's rating: 1454 &rarr; <strong>1434</strong><br />(-20 for losing)
|raw|uscboarder's rating: 1448 &rarr; <strong>1468</strong><br />(+20 for winning)
|l|☆MikhaelSunworth
|player|p1|
|l|‽uscboarder
|player|p2|
