|j|☆ridlostar
|j|☆ari5509
|t:|1769368418
|gametype|singles
|player|p1|ridlostar|hilbert|1646
|player|p2|ari5509|ingo|1590
|gen|9
|tier|[Gen 9] OU
|rated|
|rule|HP Percentage Mod: HP is shown in percentages
|rule|Endless Battle Clause: Forcing endless battles is banned
|rule|Species Clause: Limit one of each Pokémon
|rule|OHKO Clause: OHKO moves are banned
|rule|Evasion Items Clause: Evasion items are banned
|rule|Evasion Moves Clause: Evasion moves are banned
|rule|Evasion Abilities Clause: Evasion abilities are banned
|rule|Sleep Moves Clause: Sleep-inducing moves are banned
|clearpoke
|poke|p1|Toedscruel, M|
|poke|p1|Darkrai|
|poke|p1|Cresselia, F|
|poke|p1|Clodsire, M|
|poke|p1|Dragonite, M|
|poke|p1|Alomomola, M|
|poke|p2|Tyranitar, M|
|poke|p2|Hydrapple, F|
|poke|p2|Enamorus, F|
|poke|p2|Garganacl, F|
|poke|p2|Excadrill, M|
|poke|p2|Alomomola, F|
|teampreview
|inactive|Battle timer is ON: inactive players will automatically lose when time's up. (requested by ari5509)
|
|t:|1769368435
|teamsize|p1|6
|teamsize|p2|6
|start
|switch|p1a: Keanu Reeves|Darkrai|100/100
|switch|p2a: Tyranitar|Tyranitar, M|100/100
|-weather|Sandstorm|[from] ability: Sand Stream|[of] p2a: Tyranitar
|turn|1
|
|t:|1769368442
|switch|p2a: Alomomola|Alomomola, F|100/100
|move|p1a: Keanu Reeves|Knock Off|p2a: Alomomola
|-damage|p2a: Alomomola|75/100
|-enditem|p2a: Alomomola|Assault Vest|[from] move: Knock Off|[of] p1a: Keanu Reeves
|
|-weather|Sandstorm|[upkeep]
|-damage|p1a: Keanu Reeves|94/100|[from] Sandstorm
|-damage|p2a: Alomomola|69/100|[from] Sandstorm
|upkeep
|turn|2
|
|t:|1769368445
|move|p1a: Keanu Reeves|Will-O-Wisp|p2a: Alomomola|[miss]
|-miss|p1a: Keanu Reeves|p2a: Alomomola
|move|p2a: Alomomola|Flip Turn|p1a: Keanu Reeves
|-damage|p1a: Keanu Reeves|72/100
|
|t:|1769368450
|switch|p2a: Excadrill|Excadrill, M|100/100|[from] Flip Turn
|
|-weather|Sandstorm|[upkeep]
|-damage|p1a: Keanu Reeves|66/100|[from] Sandstorm
|upkeep
|turn|3
|
|t:|1769368454
|switch|p1a: Fair and Balanced|Alomomola, M|100/100
|move|p2a: Excadrill|Substitute|p2a: Excadrill
|-start|p2a: Excadrill|Substitute
|-damage|p2a: Excadrill|76/100
|
|-weather|Sandstorm|[upkeep]
|-damage|p1a: Fair and Balanced|94/100|[from] Sandstorm
|-heal|p2a: Excadrill|82/100|[from] item: Leftovers
|upkeep
|turn|4
|
|t:|1769368458
|move|p2a: Excadrill|Earthquake|p1a: Fair and Balanced
|-damage|p1a: Fair and Balanced|53/100
|move|p1a: Fair and Balanced|Scald|p2a: Excadrill
|-supereffective|p2a: Excadrill
|-end|p2a: Excadrill|Substitute
|
|-weather|Sandstorm|[upkeep]
|-damage|p1a: Fair and Balanced|47/100|[from] Sandstorm
|-heal|p2a: Excadrill|88/100|[from] item: Leftovers
|upkeep
|turn|5
|
|t:|1769368467
|-terastallize|p2a: Excadrill|Ground
|move|p2a: Excadrill|Earthquake|p1a: Fair and Balanced
|-damage|p1a: Fair and Balanced|0 fnt
|faint|p1a: Fair and Balanced
|
|-weather|none
|-heal|p2a: Excadrill|94/100|[from] item: Leftovers
|upkeep
|
|t:|1769368482
|switch|p1a: him|Dragonite, M|100/100
|turn|6
|
|t:|1769368485
|move|p2a: Excadrill|Rock Slide|p1a: him|[miss]
|-miss|p2a: Excadrill|p1a: him
|move|p1a: him|Dragon Dance|p1a: him
|-boost|p1a: him|atk|1
|-boost|p1a: him|spe|1
|
|-heal|p2a: Excadrill|99/100|[from] item: Leftovers
|upkeep
|turn|7
|
|t:|1769368498
|switch|p2a: Tyranitar|Tyranitar, M|100/100
|-weather|Sandstorm|[from] ability: Sand Stream|[of] p2a: Tyranitar
|-terastallize|p1a: him|Steel
|move|p1a: him|Iron Head|p2a: Tyranitar
|-supereffective|p2a: Tyranitar
|-damage|p2a: Tyranitar|0 fnt
|faint|p2a: Tyranitar
|
|-weather|Sandstorm|[upkeep]
|upkeep
|
|t:|1769368512
|switch|p2a: Alomomola|Alomomola, F|100/100
|turn|8
|
|t:|1769368516
|move|p1a: him|Dragon Dance|p1a: him
|-boost|p1a: him|atk|1
|-boost|p1a: him|spe|1
|move|p2a: Alomomola|Flip Turn|p1a: him
|-damage|p1a: him|91/100
|
|t:|1769368518
|switch|p2a: Excadrill|Excadrill, M, tera:Ground|99/100|[from] Flip Turn
|
|-weather|Sandstorm|[upkeep]
|-heal|p2a: Excadrill|100/100|[from] item: Leftovers
|-heal|p1a: him|97/100|[from] item: Leftovers
|upkeep
|turn|9
|
|t:|1769368522
|switch|p1a: why|Cresselia, F, shiny|100/100
|move|p2a: Excadrill|Earthquake|p1a: why
|-immune|p1a: why|[from] ability: Levitate
|
|-weather|Sandstorm|[upkeep]
|-damage|p1a: why|94/100|[from] Sandstorm
|-heal|p1a: why|100/100|[from] item: Leftovers
|upkeep
|turn|10
|
|t:|1769368528
|switch|p2a: Garganacl|Garganacl, F|100/100
|move|p1a: why|Moonblast|p2a: Garganacl
|-damage|p2a: Garganacl|93/100
|
|-weather|Sandstorm|[upkeep]
|-damage|p1a: why|94/100|[from] Sandstorm
|-heal|p1a: why|100/100|[from] item: Leftovers
|-heal|p2a: Garganacl|99/100|[from] item: Leftovers
|upkeep
|turn|11
|
|t:|1769368532
|switch|p1a: Squidward?|Toedscruel, M|100/100
|move|p2a: Garganacl|Stealth Rock|p1a: Squidward?
|-sidestart|p1: ridlostar|move: Stealth Rock
|
|-weather|none
|-heal|p2a: Garganacl|100/100|[from] item: Leftovers
|upkeep
|turn|12
|
|t:|1769368538
|move|p2a: Garganacl|Protect|p2a: Garganacl
|-singleturn|p2a: Garganacl|Protect
|move|p1a: Squidward?|Rapid Spin|p2a: Garganacl
|-activate|p2a: Garganacl|move: Protect
|
|upkeep
|turn|13
|
|t:|1769368543
|switch|p2a: Hydrapple|Hydrapple, F|100/100
|move|p1a: Squidward?|Toxic|p2a: Hydrapple
|-status|p2a: Hydrapple|tox
|
|-damage|p2a: Hydrapple|94/100 tox|[from] psn
|upkeep
|turn|14
|
|t:|1769368550
|move|p1a: Squidward?|Rapid Spin|p2a: Hydrapple
|-damage|p2a: Hydrapple|90/100 tox
|-boost|p1a: Squidward?|spe|1
|-damage|p1a: Squidward?|84/100|[from] item: Rocky Helmet|[of] p2a: Hydrapple
|-sideend|p1: ridlostar|Stealth Rock|[from] move: Rapid Spin|[of] p1a: Squidward?
|move|p2a: Hydrapple|Nasty Plot|p2a: Hydrapple
|-boost|p2a: Hydrapple|spa|2
|
|-damage|p2a: Hydrapple|78/100 tox|[from] psn
|upkeep
|turn|15
|
|t:|1769368556
|switch|p1a: Big Man|Clodsire, M|100/100
|move|p2a: Hydrapple|Giga Drain|p1a: Big Man
|-damage|p1a: Big Man|79/100
|-heal|p2a: Hydrapple|90/100 tox|[from] drain|[of] p1a: Big Man
|
|-heal|p1a: Big Man|85/100|[from] item: Leftovers
|-damage|p2a: Hydrapple|72/100 tox|[from] psn
|upkeep
|turn|16
|
|t:|1769368562
|switch|p2a: Garganacl|Garganacl, F|100/100
|move|p1a: Big Man|Stockpile|p1a: Big Man
|-start|p1a: Big Man|stockpile1
|-boost|p1a: Big Man|def|1
|-boost|p1a: Big Man|spd|1
|
|-heal|p1a: Big Man|91/100|[from] item: Leftovers
|upkeep
|turn|17
|
|t:|1769368565
|switch|p1a: Squidward?|Toedscruel, M|84/100
|move|p2a: Garganacl|Salt Cure|p1a: Squidward?
|-resisted|p1a: Squidward?
|-damage|p1a: Squidward?|74/100
|-start|p1a: Squidward?|Salt Cure
|
|-damage|p1a: Squidward?|62/100|[from] Salt Cure
|upkeep
|turn|18
|
|t:|1769368570
|move|p2a: Garganacl|Protect|p2a: Garganacl
|-singleturn|p2a: Garganacl|Protect
|move|p1a: Squidward?|Giga Drain|p2a: Garganacl
|-activate|p2a: Garganacl|move: Protect
|
|-damage|p1a: Squidward?|50/100|[from] Salt Cure
|upkeep
|turn|19
|
|t:|1769368572
|switch|p2a: Hydrapple|Hydrapple, F|100/100 tox
|move|p1a: Squidward?|Toxic|p2a: Hydrapple
|-fail|p2a: Hydrapple|tox
|
|-damage|p2a: Hydrapple|94/100 tox|[from] psn
|-damage|p1a: Squidward?|37/100|[from] Salt Cure
|upkeep
|turn|20
|
|t:|1769368579
|switch|p1a: why|Cresselia, F, shiny|100/100
|move|p2a: Hydrapple|Fickle Beam|p1a: why
|-damage|p1a: why|80/100
|
|-heal|p1a: why|86/100|[from] item: Leftovers
|-damage|p2a: Hydrapple|82/100 tox|[from] psn
|upkeep
|turn|21
|
|t:|1769368582
|switch|p2a: Garganacl|Garganacl, F|100/100
|move|p1a: why|Calm Mind|p1a: why
|-boost|p1a: why|spa|1
|-boost|p1a: why|spd|1
|
|-heal|p1a: why|92/100|[from] item: Leftovers
|upkeep
|turn|22
|
|t:|1769368585
|move|p1a: why|Calm Mind|p1a: why
|-boost|p1a: why|spa|1
|-boost|p1a: why|spd|1
|move|p2a: Garganacl|Salt Cure|p1a: why
|-damage|p1a: why|85/100
|-start|p1a: why|Salt Cure
|
|-heal|p1a: why|91/100|[from] item: Leftovers
|-damage|p1a: why|79/100|[from] Salt Cure
|upkeep
|turn|23
|
|t:|1769368592
|switch|p2a: Alomomola|Alomomola, F|100/100
|move|p1a: why|Calm Mind|p1a: why
|-boost|p1a: why|spa|1
|-boost|p1a: why|spd|1
|
|-heal|p1a: why|85/100|[from] item: Leftovers
|-damage|p1a: why|72/100|[from] Salt Cure
|upkeep
|turn|24
|
|t:|1769368603
|move|p1a: why|Stored Power|p2a: Alomomola
|-damage|p2a: Alomomola|29/100
|move|p2a: Alomomola|Scald|p1a: why
|-damage|p1a: why|69/100
|
|-heal|p1a: why|75/100|[from] item: Leftovers
|-damage|p1a: why|62/100|[from] Salt Cure
|upkeep
|turn|25
|
|t:|1769368611
|switch|p2a: Garganacl|Garganacl, F|100/100
|move|p1a: why|Moonlight|p1a: why
|-heal|p1a: why|100/100
|
|-damage|p1a: why|88/100|[from] Salt Cure
|upkeep
|turn|26
|
|t:|1769368619
|move|p1a: why|Stored Power|p2a: Garganacl
|-damage|p2a: Garganacl|41/100
|move|p2a: Garganacl|Stealth Rock|p1a: why
|-sidestart|p1: ridlostar|move: Stealth Rock
|
|-heal|p1a: why|94/100|[from] item: Leftovers
|-heal|p2a: Garganacl|47/100|[from] item: Leftovers
|-damage|p1a: why|82/100|[from] Salt Cure
|upkeep
|turn|27
|
|t:|1769368623
|move|p2a: Garganacl|Protect|p2a: Garganacl
|-singleturn|p2a: Garganacl|Protect
|move|p1a: why|Calm Mind|p1a: why
|-boost|p1a: why|spa|1
|-boost|p1a: why|spd|1
|
|-heal|p1a: why|88/100|[from] item: Leftovers
|-heal|p2a: Garganacl|53/100|[from] item: Leftovers
|-damage|p1a: why|75/100|[from] Salt Cure
|upkeep
|turn|28
|
|t:|1769368643
|move|p1a: why|Stored Power|p2a: Garganacl
|-damage|p2a: Garganacl|0 fnt
|faint|p2a: Garganacl
|
|-heal|p1a: why|82/100|[from] item: Leftovers
|-damage|p1a: why|69/100|[from] Salt Cure
|upkeep
|
|t:|1769368650
|switch|p2a: Enamorus|Enamorus, F|100/100
|turn|29
|
|t:|1769368653
|move|p2a: Enamorus|Healing Wish|p2a: Enamorus
|faint|p2a: Enamorus
|move|p1a: why|Stored Power|p2: Enamorus|[notarget]
|-fail|p1a: why
|
|-heal|p1a: why|75/100|[from] item: Leftovers
|-damage|p1a: why|63/100|[from] Salt Cure
|upkeep
|
|t:|1769368654
|switch|p2a: Alomomola|Alomomola, F|62/100
|-heal|p2a: Alomomola|100/100|[from] move: Healing Wish
|turn|30
|
|t:|1769368658
|move|p1a: why|Moonlight|p1a: why
|-heal|p1a: why|100/100
|move|p2a: Alomomola|Mirror Coat||[still]
|-fail|p2a: Alomomola
|
|-damage|p1a: why|88/100|[from] Salt Cure
|upkeep
|turn|31
|
|t:|1769368662
|move|p1a: why|Calm Mind|p1a: why
|-boost|p1a: why|spa|1
|-boost|p1a: why|spd|1
|move|p2a: Alomomola|Scald|p1a: why
|-damage|p1a: why|85/100
|
|-heal|p1a: why|91/100|[from] item: Leftovers
|-damage|p1a: why|79/100|[from] Salt Cure
|upkeep
|turn|32
|
|t:|1769368666
|move|p1a: why|Stored Power|p2a: Alomomola
|-damage|p2a: Alomomola|0 fnt
|faint|p2a: Alomomola
|
|-heal|p1a: why|85/100|[from] item: Leftovers
|-damage|p1a: why|73/100|[from] Salt Cure
|upkeep
|
|t:|1769368669
|switch|p2a: Excadrill|Excadrill, M, tera:Ground|100/100
|turn|33
|
|t:|1769368671
|move|p2a: Excadrill|Rock Slide|p1a: why|[miss]
|-miss|p2a: Excadrill|p1a: why
|move|p1a: why|Stored Power|p2a: Excadrill
|-damage|p2a: Excadrill|0 fnt
|faint|p2a: Excadrill
|
|-heal|p1a: why|79/100|[from] item: Leftovers
|-damage|p1a: why|66/100|[from] Salt Cure
|upkeep
|
|t:|1769368673
|switch|p2a: Hydrapple|Hydrapple, F|100/100 tox
|turn|34
|
|t:|1769368676
|move|p1a: why|Stored Power|p2a: Hydrapple
|-damage|p2a: Hydrapple|0 fnt
|faint|p2a: Hydrapple
|
|win|ridlostar
|raw|ridlostar's rating: 1646 &rarr; <strong>1663</strong><br />(+17 for winning)
|raw|ari5509's rating: 1590 &rarr; <strong>1573</strong><br />(-17 for losing)
|c|☆ridlostar|gg
|l|☆ari5509
|player|p2|
|l|☆ridlostar
|player|p1|
