|j|☆Qplazm10
|j|☆sinssino
|t:|1769409252
|gametype|singles
|player|p1|Qplazm10|ltsurge|1488
|player|p2|sinssino|2|1409
|gen|9
|tier|[Gen 9] OU
|rated|
|rule|HP Percentage Mod: HP is shown in percentages
|rule|Endless Battle Clause: Forcing endless battles is banned
|rule|Species Clause: Limit one of each Pokémon
|rule|OHKO Clause: OHKO moves are banned
|rule|Evasion Items Clause: Evasion items are banned
|rule|Evasion Moves Clause: Evasion moves are banned
|rule|Evasion Abilities Clause: Evasion abilities are banned
|rule|Sleep Moves Clause: Sleep-inducing moves are banned
|clearpoke
|poke|p1|Hawlucha, F|
|poke|p1|Raging Bolt|
|poke|p1|Iron Leaves|
|poke|p1|Iron Treads|
|poke|p1|Iron Valiant|
|poke|p1|Pincurchin, M|
|poke|p2|Araquanid, F|
|poke|p2|Kingambit, M|
|poke|p2|Gholdengo|
|poke|p2|Great Tusk|
|poke|p2|Iron Crown|
|poke|p2|Raging Bolt|
|teampreview
|inactive|Battle timer is ON: inactive players will automatically lose when time's up. (requested by sinssino)
|inactive|Qplazm10 also wants the timer to be on.
|inactive|sinssino has 120 seconds left.
|
|t:|1769409293
|teamsize|p1|6
|teamsize|p2|6
|start
|switch|p1a: The Urchinator|Pincurchin, M|100/100
|switch|p2a: Araquanid|Araquanid, F|100/100
|-fieldstart|move: Electric Terrain|[from] ability: Electric Surge|[of] p1a: The Urchinator
|turn|1
|
|t:|1769409301
|switch|p1a: Great Neck|Raging Bolt|100/100
|move|p2a: Araquanid|Sticky Web|p1a: Great Neck
|-sidestart|p1: Qplazm10|move: Sticky Web
|
|upkeep
|turn|2
|
|t:|1769409323
|move|p2a: Araquanid|Endure|p2a: Araquanid
|-singleturn|p2a: Araquanid|move: Endure
|move|p1a: Great Neck|Calm Mind|p1a: Great Neck
|-boost|p1a: Great Neck|spa|1
|-boost|p1a: Great Neck|spd|1
|
|upkeep
|turn|3
|
|t:|1769409329
|switch|p2a: Great Tusk|Great Tusk|100/100
|move|p1a: Great Neck|Rising Voltage|p2a: Great Tusk
|-immune|p2a: Great Tusk
|
|upkeep
|turn|4
|
|t:|1769409335
|-end|p1a: Great Neck|Protosynthesis|[silent]
|switch|p1a: Nacho Libre|Hawlucha, F, shiny|100/100
|-enditem|p1a: Nacho Libre|Electric Seed
|-boost|p1a: Nacho Libre|def|1|[from] item: Electric Seed
|move|p2a: Great Tusk|Headlong Rush|p1a: Nacho Libre
|-immune|p1a: Nacho Libre
|
|upkeep
|turn|5
|
|t:|1769409341
|-end|p2a: Great Tusk|Protosynthesis|[silent]
|switch|p2a: Raging Bolt|Raging Bolt|100/100
|-enditem|p2a: Raging Bolt|Booster Energy
|-activate|p2a: Raging Bolt|ability: Protosynthesis|[fromitem]
|-start|p2a: Raging Bolt|protosynthesisspa
|move|p1a: Nacho Libre|Swords Dance|p1a: Nacho Libre
|-boost|p1a: Nacho Libre|atk|2
|
|upkeep
|turn|6
|
|t:|1769409365
|move|p1a: Nacho Libre|High Jump Kick|p2a: Raging Bolt
|-damage|p2a: Raging Bolt|0 fnt
|faint|p2a: Raging Bolt
|-end|p2a: Raging Bolt|Protosynthesis|[silent]
|
|upkeep
|
|t:|1769409375
|switch|p2a: Gholdengo|Gholdengo|100/100
|-item|p2a: Gholdengo|Air Balloon
|turn|7
|
|t:|1769409380
|-terastallize|p1a: Nacho Libre|Steel
|move|p1a: Nacho Libre|Acrobatics|p2a: Gholdengo
|-resisted|p2a: Gholdengo
|-damage|p2a: Gholdengo|48/100
|-enditem|p2a: Gholdengo|Air Balloon
|move|p2a: Gholdengo|Make It Rain|p1a: Nacho Libre
|-resisted|p1a: Nacho Libre
|-damage|p1a: Nacho Libre|53/100
|-unboost|p2a: Gholdengo|spa|1
|
|upkeep
|turn|8
|
|t:|1769409384
|move|p1a: Nacho Libre|Acrobatics|p2a: Gholdengo
|-resisted|p2a: Gholdengo
|-damage|p2a: Gholdengo|0 fnt
|faint|p2a: Gholdengo
|
|-fieldend|move: Electric Terrain
|upkeep
|
|t:|1769409395
|switch|p2a: Great Tusk|Great Tusk|100/100
|turn|9
|
|t:|1769409406
|-terastallize|p2a: Great Tusk|Steel
|move|p1a: Nacho Libre|High Jump Kick|p2a: Great Tusk
|-supereffective|p2a: Great Tusk
|-damage|p2a: Great Tusk|0 fnt
|faint|p2a: Great Tusk
|-end|p2a: Great Tusk|Protosynthesis|[silent]
|
|upkeep
|
|t:|1769409413
|switch|p2a: Kingambit|Kingambit, M|100/100
|-activate|p2a: Kingambit|ability: Supreme Overlord
|-start|p2a: Kingambit|fallen3|[silent]
|turn|10
|
|t:|1769409416
|move|p2a: Kingambit|Sucker Punch|p1a: Nacho Libre
|-damage|p1a: Nacho Libre|8/100
|move|p1a: Nacho Libre|Drain Punch|p2a: Kingambit
|-supereffective|p2a: Kingambit
|-damage|p2a: Kingambit|0 fnt
|-heal|p1a: Nacho Libre|60/100|[from] drain|[of] p2a: Kingambit
|faint|p2a: Kingambit
|-end|p2a: Kingambit|fallen3|[silent]
|
|upkeep
|-message|sinssino forfeited.
|
|win|Qplazm10
|raw|Qplazm10's rating: 1488 &rarr; <strong>1504</strong><br />(+16 for winning)
|raw|sinssino's rating: 1409 &rarr; <strong>1393</strong><br />(-16 for losing)
|l|☆sinssino
|player|p2|
|l|☆Qplazm10
|player|p1|
