|j|☆owdof
|j|‽heavystorming
|t:|1769351030
|gametype|singles
|player|p1|owdof|elesa-masters3|1256
|player|p2|heavystorming|janine|1240
|gen|9
|tier|[Gen 9] OU
|rated|
|rule|HP Percentage Mod: HP is shown in percentages
|rule|Endless Battle Clause: Forcing endless battles is banned
|rule|Species Clause: Limit one of each Pokémon
|rule|OHKO Clause: OHKO moves are banned
|rule|Evasion Items Clause: Evasion items are banned
|rule|Evasion Moves Clause: Evasion moves are banned
|rule|Evasion Abilities Clause: Evasion abilities are banned
|rule|Sleep Moves Clause: Sleep-inducing moves are banned
|clearpoke
|poke|p1|Ampharos, F|
|poke|p1|Grimmsnarl, M|
|poke|p1|Great Tusk|
|poke|p1|Armarouge, F|
|poke|p1|Dragonite, M|
|poke|p1|Serperior, F|
|poke|p2|Glimmora, F|
|poke|p2|Deoxys-Speed|
|poke|p2|Shiftry, F|
|poke|p2|Zoroark-Hisui, M|
|poke|p2|Torkoal, M|
|poke|p2|Araquanid, M|
|teampreview
|inactive|Battle timer is ON: inactive players will automatically lose when time's up. (requested by owdof)
|
|t:|1769351047
|teamsize|p1|6
|teamsize|p2|6
|start
|switch|p1a: Ampharos|Ampharos, F, shiny|100/100
|switch|p2a: Glimmora|Glimmora, F|100/100
|turn|1
|
|t:|1769351053
|move|p2a: Glimmora|Meteor Beam||[still]
|-prepare|p2a: Glimmora|Meteor Beam
|-boost|p2a: Glimmora|spa|1
|-enditem|p2a: Glimmora|Power Herb
|-anim|p2a: Glimmora|Meteor Beam|p1a: Ampharos
|-damage|p1a: Ampharos|15/100
|-enditem|p1a: Ampharos|Sitrus Berry|[eat]
|-heal|p1a: Ampharos|40/100|[from] item: Sitrus Berry
|move|p1a: Ampharos|Thunder Wave|p2a: Glimmora
|-status|p2a: Glimmora|par
|
|upkeep
|turn|2
|
|t:|1769351062
|move|p2a: Glimmora|Earth Power|p1a: Ampharos
|-supereffective|p1a: Ampharos
|-damage|p1a: Ampharos|0 fnt
|faint|p1a: Ampharos
|
|upkeep
|
|t:|1769351067
|switch|p1a: Great Tusk|Great Tusk|100/100
|turn|3
|
|t:|1769351073
|-terastallize|p2a: Glimmora|Ground
|move|p1a: Great Tusk|Earthquake|p2a: Glimmora
|-damage|p2a: Glimmora|38/100 par
|-activate|p2a: Glimmora|ability: Toxic Debris
|-sidestart|p1: owdof|move: Toxic Spikes
|move|p2a: Glimmora|Earth Power|p1a: Great Tusk
|-damage|p1a: Great Tusk|0 fnt
|faint|p1a: Great Tusk
|-end|p1a: Great Tusk|Protosynthesis|[silent]
|
|upkeep
|
|t:|1769351087
|switch|p1a: Armarouge|Armarouge, F|100/100
|-status|p1a: Armarouge|psn
|turn|4
|
|t:|1769351092
|move|p1a: Armarouge|Psyshock|p2a: Glimmora
|-damage|p2a: Glimmora|0 fnt
|faint|p2a: Glimmora
|
|-damage|p1a: Armarouge|88/100 psn|[from] psn
|upkeep
|
|t:|1769351103
|switch|p2a: Araquanid|Araquanid, M|100/100
|turn|5
|
|t:|1769351108
|switch|p1a: Grimmsnarl|Grimmsnarl, M|100/100
|-status|p1a: Grimmsnarl|psn
|move|p2a: Araquanid|Liquidation|p1a: Grimmsnarl
|-damage|p1a: Grimmsnarl|27/100 psn
|-unboost|p1a: Grimmsnarl|def|1
|
|-damage|p1a: Grimmsnarl|15/100 psn|[from] psn
|upkeep
|turn|6
|
|t:|1769351121
|move|p1a: Grimmsnarl|Reflect|p1a: Grimmsnarl
|-sidestart|p1: owdof|Reflect
|move|p2a: Araquanid|Leech Life|p1a: Grimmsnarl
|-damage|p1a: Grimmsnarl|0 fnt
|faint|p1a: Grimmsnarl
|
|upkeep
|
|t:|1769351126
|switch|p1a: Armarouge|Armarouge, F|88/100 psn
|turn|7
|
|t:|1769351136
|move|p1a: Armarouge|Calm Mind|p1a: Armarouge
|-boost|p1a: Armarouge|spa|1
|-boost|p1a: Armarouge|spd|1
|move|p2a: Araquanid|Mirror Coat||[still]
|-fail|p2a: Araquanid
|
|-damage|p1a: Armarouge|76/100 psn|[from] psn
|upkeep
|turn|8
|
|t:|1769351145
|switch|p2a: Araquanid|Araquanid, M|100/100
|move|p1a: Armarouge|Psyshock|p2a: Araquanid
|-damage|p2a: Araquanid|0 fnt
|replace|p2a: Zoroark|Zoroark-Hisui, M
|-end|p2a: Zoroark|Illusion
|faint|p2a: Zoroark
|
|-damage|p1a: Armarouge|64/100 psn|[from] psn
|upkeep
|
|t:|1769351151
|switch|p2a: Torkoal|Torkoal, M|100/100
|-weather|SunnyDay|[from] ability: Drought|[of] p2a: Torkoal
|turn|9
|
|t:|1769351172
|move|p1a: Armarouge|Psyshock|p2a: Torkoal
|-damage|p2a: Torkoal|66/100
|move|p2a: Torkoal|Overheat|p1a: Armarouge
|-start|p1a: Armarouge|ability: Flash Fire
|
|-weather|SunnyDay|[upkeep]
|-damage|p1a: Armarouge|51/100 psn|[from] psn
|upkeep
|turn|10
|
|t:|1769351180
|move|p1a: Armarouge|Armor Cannon|p2a: Torkoal
|-resisted|p2a: Torkoal
|-damage|p2a: Torkoal|0 fnt
|-unboost|p1a: Armarouge|def|1
|-unboost|p1a: Armarouge|spd|1
|faint|p2a: Torkoal
|
|-weather|SunnyDay|[upkeep]
|-damage|p1a: Armarouge|39/100 psn|[from] psn
|upkeep
|
|t:|1769351189
|switch|p2a: Shiftry|Shiftry, F|100/100
|turn|11
|
|t:|1769351198
|move|p2a: Shiftry|Knock Off|p1a: Armarouge
|-supereffective|p1a: Armarouge
|-damage|p1a: Armarouge|0 fnt
|-enditem|p1a: Armarouge|Weakness Policy|[from] move: Knock Off|[of] p2a: Shiftry
|faint|p1a: Armarouge
|
|-weather|SunnyDay|[upkeep]
|upkeep
|
|t:|1769351202
|switch|p1a: Dragonite|Dragonite, M|100/100
|turn|12
|
|t:|1769351212
|move|p2a: Shiftry|Knock Off|p1a: Dragonite
|-damage|p1a: Dragonite|89/100
|-enditem|p1a: Dragonite|Leftovers|[from] move: Knock Off|[of] p2a: Shiftry
|move|p1a: Dragonite|Dragon Dance|p1a: Dragonite
|-boost|p1a: Dragonite|atk|1
|-boost|p1a: Dragonite|spe|1
|
|-weather|SunnyDay|[upkeep]
|upkeep
|turn|13
|
|t:|1769351225
|move|p2a: Shiftry|Explosion|p1a: Dragonite
|-enditem|p2a: Shiftry|Normal Gem|[from] gem
|-damage|p1a: Dragonite|37/100
|faint|p2a: Shiftry
|move|p1a: Dragonite|Dragon Dance|p1a: Dragonite
|-boost|p1a: Dragonite|atk|1
|-boost|p1a: Dragonite|spe|1
|
|-weather|none
|-sideend|p1: owdof|Reflect
|upkeep
|
|t:|1769351240
|switch|p2a: Deoxys|Deoxys-Speed|100/100
|-ability|p2a: Deoxys|Pressure
|turn|14
|
|t:|1769351243
|-terastallize|p1a: Dragonite|Normal
|move|p1a: Dragonite|Extreme Speed|p2a: Deoxys
|-damage|p2a: Deoxys|0 fnt
|faint|p2a: Deoxys
|
|upkeep
|
|t:|1769351248
|switch|p2a: Araquanid|Araquanid, M|100/100
|turn|15
|
|t:|1769351250
|move|p1a: Dragonite|Extreme Speed|p2a: Araquanid
|-damage|p2a: Araquanid|6/100
|move|p2a: Araquanid|Liquidation|p1a: Dragonite
|-damage|p1a: Dragonite|0 fnt
|faint|p1a: Dragonite
|
|upkeep
|
|t:|1769351256
|switch|p1a: Serperior|Serperior, F|100/100
|-status|p1a: Serperior|psn
|turn|16
|
|t:|1769351259
|move|p1a: Serperior|Dragon Pulse|p2a: Araquanid
|-damage|p2a: Araquanid|0 fnt
|faint|p2a: Araquanid
|
|win|owdof
|raw|owdof's rating: 1256 &rarr; <strong>1280</strong><br />(+24 for winning)
|raw|heavystorming's rating: 1240 &rarr; <strong>1216</strong><br />(-24 for losing)
|l|☆owdof
|player|p1|
|l|‽heavystorming
|player|p2|
