|j|☆Kvnshasa
|j|☆C. Eclipse
|t:|1769447616
|gametype|singles
|player|p1|Kvnshasa|elesa-gen5bw2|1625
|player|p2|C. Eclipse|koga|1648
|gen|9
|tier|[Gen 9] OU
|rated|
|rule|HP Percentage Mod: HP is shown in percentages
|rule|Endless Battle Clause: Forcing endless battles is banned
|rule|Species Clause: Limit one of each Pokémon
|rule|OHKO Clause: OHKO moves are banned
|rule|Evasion Items Clause: Evasion items are banned
|rule|Evasion Moves Clause: Evasion moves are banned
|rule|Evasion Abilities Clause: Evasion abilities are banned
|rule|Sleep Moves Clause: Sleep-inducing moves are banned
|clearpoke
|poke|p1|Alomomola, M|
|poke|p1|Ting-Lu|
|poke|p1|Gholdengo|
|poke|p1|Zapdos|
|poke|p1|Zamazenta-*|
|poke|p1|Weezing-Galar, F|
|poke|p2|Darkrai|
|poke|p2|Dragonite, M|
|poke|p2|Araquanid, M|
|poke|p2|Gholdengo|
|poke|p2|Glimmora, F|
|poke|p2|Great Tusk|
|teampreview
|inactive|Battle timer is ON: inactive players will automatically lose when time's up. (requested by C. Eclipse)
|
|t:|1769447634
|teamsize|p1|6
|teamsize|p2|6
|start
|switch|p1a: Gholdengo|Gholdengo|100/100
|switch|p2a: Darkrai|Darkrai, shiny|100/100
|turn|1
|j| firecharmander004
|
|t:|1769447644
|move|p1a: Gholdengo|Focus Blast|p2a: Darkrai
|-supereffective|p2a: Darkrai
|-damage|p2a: Darkrai|0 fnt
|faint|p2a: Darkrai
|
|upkeep
|
|t:|1769447648
|switch|p2a: Araquanid|Araquanid, M, shiny|100/100
|turn|2
|
|t:|1769447652
|switch|p1a: Zapdos|Zapdos|100/100
|move|p2a: Araquanid|Sticky Web|p1a: Zapdos
|-sidestart|p1: Kvnshasa|move: Sticky Web
|
|upkeep
|turn|3
|
|t:|1769447655
|move|p1a: Zapdos|Thunder Wave|p2a: Araquanid
|-status|p2a: Araquanid|par
|move|p2a: Araquanid|Endeavor|p1a: Zapdos
|-damage|p1a: Zapdos|89/100
|
|upkeep
|turn|4
|
|t:|1769447662
|switch|p1a: Alomomola|Alomomola, M|100/100
|move|p2a: Araquanid|Endeavor|p1a: Alomomola
|-damage|p1a: Alomomola|64/100
|
|upkeep
|turn|5
|
|t:|1769447666
|move|p1a: Alomomola|Wish|p1a: Alomomola
|move|p2a: Araquanid|Endeavor|p1a: Alomomola
|-immune|p1a: Alomomola
|
|upkeep
|turn|6
|
|t:|1769447672
|move|p1a: Alomomola|Flip Turn|p2a: Araquanid
|-resisted|p2a: Araquanid
|-damage|p2a: Araquanid|94/100 par
|-enditem|p2a: Araquanid|Red Card|[of] p1a: Alomomola
|drag|p1a: Weezing|Weezing-Galar, F|100/100
|-ability|p1a: Weezing|Neutralizing Gas
|move|p2a: Araquanid|Surf|p1a: Weezing
|-damage|p1a: Weezing|74/100
|
|-heal|p1a: Weezing|100/100|[from] move: Wish|[wisher] Alomomola
|upkeep
|turn|7
|
|t:|1769447679
|move|p1a: Weezing|Defog|p2a: Araquanid
|-unboost|p2a: Araquanid|evasion|1
|-sideend|p1: Kvnshasa|Sticky Web|[from] move: Defog|[of] p1a: Weezing
|cant|p2a: Araquanid|par
|
|upkeep
|turn|8
|
|t:|1769447684
|-end|p1a: Weezing|ability: Neutralizing Gas
|switch|p1a: Alomomola|Alomomola, M|97/100
|move|p2a: Araquanid|Sticky Web|p1a: Alomomola
|-sidestart|p1: Kvnshasa|move: Sticky Web
|
|upkeep
|turn|9
|
|t:|1769447689
|switch|p2a: Gholdengo|Gholdengo|100/100
|-item|p2a: Gholdengo|Air Balloon
|move|p1a: Alomomola|Flip Turn|p2a: Gholdengo
|-damage|p2a: Gholdengo|84/100
|-enditem|p2a: Gholdengo|Air Balloon
|
|t:|1769447696
|switch|p1a: Ting-Lu|Ting-Lu|100/100|[from] Flip Turn
|-activate|p1a: Ting-Lu|move: Sticky Web
|-unboost|p1a: Ting-Lu|spe|1
|-ability|p1a: Ting-Lu|Vessel of Ruin
|
|upkeep
|turn|10
|
|t:|1769447699
|switch|p2a: Glimmora|Glimmora, F, shiny|100/100
|move|p1a: Ting-Lu|Earthquake|p2a: Glimmora
|-supereffective|p2a: Glimmora
|-damage|p2a: Glimmora|0 fnt
|-activate|p2a: Glimmora|ability: Toxic Debris
|-sidestart|p1: Kvnshasa|move: Toxic Spikes
|faint|p2a: Glimmora
|
|upkeep
|
|t:|1769447703
|switch|p2a: Great Tusk|Great Tusk|100/100
|-enditem|p2a: Great Tusk|Booster Energy
|-activate|p2a: Great Tusk|ability: Protosynthesis|[fromitem]
|-start|p2a: Great Tusk|protosynthesisspe
|turn|11
|
|t:|1769447708
|move|p2a: Great Tusk|Bulk Up|p2a: Great Tusk
|-boost|p2a: Great Tusk|atk|1
|-boost|p2a: Great Tusk|def|1
|move|p1a: Ting-Lu|Whirlwind|p2a: Great Tusk
|-end|p2a: Great Tusk|Protosynthesis|[silent]
|drag|p2a: Araquanid|Araquanid, M, shiny|94/100 par
|
|upkeep
|turn|12
|
|t:|1769447713
|switch|p1a: Weezing|Weezing-Galar, F|100/100
|-ability|p1a: Weezing|Neutralizing Gas
|-sideend|p1: Kvnshasa|move: Toxic Spikes|[of] p1a: Weezing
|move|p2a: Araquanid|Surf|p1a: Weezing
|-damage|p1a: Weezing|77/100
|
|upkeep
|turn|13
|
|t:|1769447717
|-end|p1a: Weezing|ability: Neutralizing Gas
|switch|p1a: Alomomola|Alomomola, M|100/100
|move|p2a: Araquanid|Surf|p1a: Alomomola
|-resisted|p1a: Alomomola
|-damage|p1a: Alomomola|84/100
|
|upkeep
|turn|14
|
|t:|1769447721
|switch|p2a: Gholdengo|Gholdengo|84/100
|move|p1a: Alomomola|Flip Turn|p2a: Gholdengo
|-damage|p2a: Gholdengo|68/100
|
|t:|1769447724
|switch|p1a: Ting-Lu|Ting-Lu|100/100|[from] Flip Turn
|-activate|p1a: Ting-Lu|move: Sticky Web
|-unboost|p1a: Ting-Lu|spe|1
|-ability|p1a: Ting-Lu|Vessel of Ruin
|
|upkeep
|turn|15
|
|t:|1769447728
|switch|p2a: Great Tusk|Great Tusk|100/100
|move|p1a: Ting-Lu|Earthquake|p2a: Great Tusk
|-damage|p2a: Great Tusk|77/100
|
|upkeep
|turn|16
|
|t:|1769447732
|switch|p1a: Zapdos|Zapdos|89/100
|move|p2a: Great Tusk|Ice Spinner|p1a: Zapdos
|-supereffective|p1a: Zapdos
|-damage|p1a: Zapdos|55/100
|-status|p2a: Great Tusk|par|[from] ability: Static|[of] p1a: Zapdos
|
|upkeep
|turn|17
|
|t:|1769447735
|move|p1a: Zapdos|Roost|p1a: Zapdos
|-heal|p1a: Zapdos|100/100
|-singleturn|p1a: Zapdos|move: Roost
|move|p2a: Great Tusk|Bulk Up|p2a: Great Tusk
|-boost|p2a: Great Tusk|atk|1
|-boost|p2a: Great Tusk|def|1
|
|upkeep
|turn|18
|
|t:|1769447739
|move|p1a: Zapdos|Hurricane|p2a: Great Tusk
|-supereffective|p2a: Great Tusk
|-damage|p2a: Great Tusk|0 fnt
|faint|p2a: Great Tusk
|-end|p2a: Great Tusk|Protosynthesis|[silent]
|
|upkeep
|
|t:|1769447742
|switch|p2a: Dragonite|Dragonite, M|100/100
|turn|19
|
|t:|1769447746
|switch|p2a: Gholdengo|Gholdengo|68/100
|move|p1a: Zapdos|Thunder Wave|p2a: Gholdengo
|-immune|p2a: Gholdengo|[from] ability: Good as Gold
|
|upkeep
|turn|20
|
|t:|1769447750
|move|p2a: Gholdengo|Nasty Plot|p2a: Gholdengo
|-boost|p2a: Gholdengo|spa|2
|move|p1a: Zapdos|Volt Switch|p2a: Gholdengo
|-damage|p2a: Gholdengo|32/100
|
|t:|1769447758
|switch|p1a: Ting-Lu|Ting-Lu|100/100|[from] Volt Switch
|-activate|p1a: Ting-Lu|move: Sticky Web
|-unboost|p1a: Ting-Lu|spe|1
|-ability|p1a: Ting-Lu|Vessel of Ruin
|
|upkeep
|turn|21
|
|t:|1769447762
|move|p2a: Gholdengo|Focus Blast|p1a: Ting-Lu
|-supereffective|p1a: Ting-Lu
|-damage|p1a: Ting-Lu|33/100
|move|p1a: Ting-Lu|Earthquake|p2a: Gholdengo
|-supereffective|p2a: Gholdengo
|-damage|p2a: Gholdengo|0 fnt
|faint|p2a: Gholdengo
|
|-heal|p1a: Ting-Lu|39/100|[from] item: Leftovers
|upkeep
|
|t:|1769447765
|switch|p2a: Dragonite|Dragonite, M|100/100
|turn|22
|
|t:|1769447770
|move|p2a: Dragonite|Dragon Dance|p2a: Dragonite
|-boost|p2a: Dragonite|atk|1
|-boost|p2a: Dragonite|spe|1
|move|p1a: Ting-Lu|Whirlwind|p2a: Dragonite
|drag|p2a: Araquanid|Araquanid, M, shiny|94/100 par
|
|-heal|p1a: Ting-Lu|45/100|[from] item: Leftovers
|upkeep
|turn|23
|
|t:|1769447775
|move|p1a: Ting-Lu|Stealth Rock|p2a: Araquanid
|-sidestart|p2: C. Eclipse|move: Stealth Rock
|move|p2a: Araquanid|Surf|p1a: Ting-Lu
|-supereffective|p1a: Ting-Lu
|-damage|p1a: Ting-Lu|17/100
|
|-heal|p1a: Ting-Lu|23/100|[from] item: Leftovers
|upkeep
|turn|24
|
|t:|1769447781
|move|p2a: Araquanid|Surf|p1a: Ting-Lu
|-supereffective|p1a: Ting-Lu
|-damage|p1a: Ting-Lu|0 fnt
|faint|p1a: Ting-Lu
|
|upkeep
|
|t:|1769447786
|switch|p1a: Gholdengo|Gholdengo|100/100
|-activate|p1a: Gholdengo|move: Sticky Web
|-unboost|p1a: Gholdengo|spe|1
|turn|25
|
|t:|1769447791
|switch|p1a: Alomomola|Alomomola, M|100/100
|cant|p2a: Araquanid|par
|
|upkeep
|turn|26
|
|t:|1769447795
|move|p1a: Alomomola|Wish|p1a: Alomomola
|move|p2a: Araquanid|Surf|p1a: Alomomola
|-resisted|p1a: Alomomola
|-damage|p1a: Alomomola|84/100
|
|upkeep
|turn|27
|
|t:|1769447799
|move|p1a: Alomomola|Flip Turn|p2a: Araquanid
|-resisted|p2a: Araquanid
|-damage|p2a: Araquanid|87/100 par
|
|t:|1769447802
|switch|p1a: Zapdos|Zapdos|100/100|[from] Flip Turn
|move|p2a: Araquanid|Surf|p1a: Zapdos
|-damage|p1a: Zapdos|64/100
|
|-heal|p1a: Zapdos|100/100|[from] move: Wish|[wisher] Alomomola
|upkeep
|turn|28
|
|t:|1769447806
|move|p1a: Zapdos|Volt Switch|p2a: Araquanid
|-supereffective|p2a: Araquanid
|-damage|p2a: Araquanid|43/100 par
|
|t:|1769447809
|switch|p1a: Alomomola|Alomomola, M|100/100|[from] Volt Switch
|move|p2a: Araquanid|Surf|p1a: Alomomola
|-resisted|p1a: Alomomola
|-damage|p1a: Alomomola|84/100
|
|upkeep
|turn|29
|
|t:|1769447813
|move|p1a: Alomomola|Flip Turn|p2a: Araquanid
|-resisted|p2a: Araquanid
|-damage|p2a: Araquanid|36/100 par
|
|t:|1769447816
|switch|p1a: Zapdos|Zapdos|100/100|[from] Flip Turn
|move|p2a: Araquanid|Endeavor|p1a: Zapdos
|-damage|p1a: Zapdos|32/100
|
|upkeep
|turn|30
|
|t:|1769447818
|move|p1a: Zapdos|Volt Switch|p2a: Araquanid
|-supereffective|p2a: Araquanid
|-damage|p2a: Araquanid|0 fnt
|faint|p2a: Araquanid
|
|t:|1769447821
|switch|p1a: Gholdengo|Gholdengo|100/100|[from] Volt Switch
|-activate|p1a: Gholdengo|move: Sticky Web
|-unboost|p1a: Gholdengo|spe|1
|
|upkeep
|
|t:|1769447823
|switch|p2a: Dragonite|Dragonite, M|100/100
|-damage|p2a: Dragonite|75/100|[from] Stealth Rock
|turn|31
|
|t:|1769447826
|move|p1a: Gholdengo|Trick|p2a: Dragonite
|-activate|p1a: Gholdengo|move: Trick|[of] p2a: Dragonite
|-item|p2a: Dragonite|Choice Scarf|[from] move: Trick
|-item|p1a: Gholdengo|Covert Cloak|[from] move: Trick
|move|p2a: Dragonite|Earthquake|p1a: Gholdengo
|-supereffective|p1a: Gholdengo
|-damage|p1a: Gholdengo|37/100
|
|upkeep
|turn|32
|-message|C. Eclipse forfeited.
|
|win|Kvnshasa
|raw|Kvnshasa's rating: 1625 &rarr; <strong>1646</strong><br />(+21 for winning)
|raw|C. Eclipse's rating: 1648 &rarr; <strong>1627</strong><br />(-21 for losing)
|l|☆C. Eclipse
|player|p2|
