|j|☆kiko5bolas
|j|☆fishermanmiguel
|t:|1769325281
|gametype|singles
|player|p1|kiko5bolas|266|1134
|player|p2|fishermanmiguel|fisherman-gen4|1112
|gen|9
|tier|[Gen 9] OU
|rated|
|rule|HP Percentage Mod: HP is shown in percentages
|rule|Endless Battle Clause: Forcing endless battles is banned
|rule|Species Clause: Limit one of each Pokémon
|rule|OHKO Clause: OHKO moves are banned
|rule|Evasion Items Clause: Evasion items are banned
|rule|Evasion Moves Clause: Evasion moves are banned
|rule|Evasion Abilities Clause: Evasion abilities are banned
|rule|Sleep Moves Clause: Sleep-inducing moves are banned
|clearpoke
|poke|p1|Gardevoir, M|
|poke|p1|Iron Valiant|
|poke|p1|Ceruledge, M|
|poke|p1|Garganacl, F|
|poke|p1|Metagross|
|poke|p1|Ninetales, F|
|poke|p2|Pelipper, M|
|poke|p2|Appletun, M|
|poke|p2|Toxapex, F|
|poke|p2|Slowking-Galar, M|
|poke|p2|Quagsire, F|
|poke|p2|Blissey, F|
|teampreview
|
|t:|1769325285
|teamsize|p1|6
|teamsize|p2|6
|start
|switch|p1a: Ninetales|Ninetales, F|100/100
|switch|p2a: Appletun|Appletun, M|100/100
|-weather|SunnyDay|[from] ability: Drought|[of] p1a: Ninetales
|turn|1
|
|t:|1769325298
|switch|p2a: Pelipper|Pelipper, M|100/100
|-weather|RainDance|[from] ability: Drizzle|[of] p2a: Pelipper
|-terastallize|p1a: Ninetales|Fire
|move|p1a: Ninetales|Weather Ball|p2a: Pelipper
|-resisted|p2a: Pelipper
|-damage|p2a: Pelipper|74/100
|
|-weather|RainDance|[upkeep]
|upkeep
|turn|2
|
|t:|1769325311
|switch|p1a: Metagross|Metagross|100/100
|move|p2a: Pelipper|Knock Off|p1a: Metagross
|-supereffective|p1a: Metagross
|-damage|p1a: Metagross|81/100
|-enditem|p1a: Metagross|Assault Vest|[from] move: Knock Off|[of] p2a: Pelipper
|
|-weather|RainDance|[upkeep]
|upkeep
|turn|3
|
|t:|1769325320
|switch|p1a: Ninetales|Ninetales, F, tera:Fire|100/100
|-weather|SunnyDay|[from] ability: Drought|[of] p1a: Ninetales
|switch|p2a: Quagsire|Quagsire, F|100/100
|
|-weather|SunnyDay|[upkeep]
|upkeep
|turn|4
|
|t:|1769325332
|move|p1a: Ninetales|Solar Beam||[still]
|-prepare|p1a: Ninetales|Solar Beam
|-anim|p1a: Ninetales|Solar Beam|p2a: Quagsire
|-supereffective|p2a: Quagsire
|-damage|p2a: Quagsire|0 fnt
|faint|p2a: Quagsire
|
|-weather|SunnyDay|[upkeep]
|upkeep
|
|t:|1769325338
|switch|p2a: Pelipper|Pelipper, M|74/100
|-weather|RainDance|[from] ability: Drizzle|[of] p2a: Pelipper
|turn|5
|
|t:|1769325344
|switch|p1a: Metagross|Metagross|81/100
|move|p2a: Pelipper|Hurricane|p1a: Metagross
|-resisted|p1a: Metagross
|-damage|p1a: Metagross|61/100
|-start|p1a: Metagross|confusion
|
|-weather|RainDance|[upkeep]
|upkeep
|turn|6
|
|t:|1769325354
|switch|p1a: Ninetales|Ninetales, F, tera:Fire|100/100
|-weather|SunnyDay|[from] ability: Drought|[of] p1a: Ninetales
|move|p2a: Pelipper|Roost|p2a: Pelipper
|-heal|p2a: Pelipper|100/100
|-singleturn|p2a: Pelipper|move: Roost
|
|-weather|SunnyDay|[upkeep]
|upkeep
|turn|7
|inactive|Battle timer is ON: inactive players will automatically lose when time's up. (requested by fishermanmiguel)
|
|t:|1769325364
|switch|p2a: Toxapex|Toxapex, F|100/100
|move|p1a: Ninetales|Encore||[still]
|-fail|p1a: Ninetales
|
|-weather|SunnyDay|[upkeep]
|upkeep
|turn|8
|
|t:|1769325371
|switch|p1a: Metagross|Metagross|61/100
|move|p2a: Toxapex|Toxic|p1a: Metagross
|-immune|p1a: Metagross
|
|-weather|SunnyDay|[upkeep]
|upkeep
|turn|9
|
|t:|1769325380
|move|p1a: Metagross|Earthquake|p2a: Toxapex
|-supereffective|p2a: Toxapex
|-damage|p2a: Toxapex|46/100
|move|p2a: Toxapex|Surf|p1a: Metagross
|-damage|p1a: Metagross|52/100
|
|-weather|SunnyDay|[upkeep]
|upkeep
|turn|10
|
|t:|1769325388
|switch|p2a: Slowking|Slowking-Galar, M|100/100
|move|p1a: Metagross|Zen Headbutt|p2a: Slowking
|-damage|p2a: Slowking|50/100
|
|-weather|SunnyDay|[upkeep]
|upkeep
|turn|11
|
|t:|1769325395
|switch|p2a: Pelipper|Pelipper, M|100/100
|-weather|RainDance|[from] ability: Drizzle|[of] p2a: Pelipper
|move|p1a: Metagross|Zen Headbutt|p2a: Pelipper
|-damage|p2a: Pelipper|66/100
|
|-weather|RainDance|[upkeep]
|upkeep
|turn|12
|
|t:|1769325405
|switch|p1a: Ninetales|Ninetales, F, tera:Fire|100/100
|-weather|SunnyDay|[from] ability: Drought|[of] p1a: Ninetales
|move|p2a: Pelipper|Hurricane|p1a: Ninetales|[miss]
|-miss|p2a: Pelipper|p1a: Ninetales
|
|-weather|SunnyDay|[upkeep]
|upkeep
|turn|13
|-message|fishermanmiguel forfeited.
|
|win|kiko5bolas
|raw|kiko5bolas's rating: 1134 &rarr; <strong>1157</strong><br />(+23 for winning)
|raw|fishermanmiguel's rating: 1112 &rarr; <strong>1089</strong><br />(-23 for losing)
|l|☆fishermanmiguel
|player|p2|
