|j|☆Above ur wayss
|j|☆newbytho
|t:|1769404061
|gametype|singles
|player|p1|Above ur wayss|170|1657
|player|p2|newbytho|169|1608
|gen|9
|tier|[Gen 9] OU
|rated|
|rule|HP Percentage Mod: HP is shown in percentages
|rule|Endless Battle Clause: Forcing endless battles is banned
|rule|Species Clause: Limit one of each Pokémon
|rule|OHKO Clause: OHKO moves are banned
|rule|Evasion Items Clause: Evasion items are banned
|rule|Evasion Moves Clause: Evasion moves are banned
|rule|Evasion Abilities Clause: Evasion abilities are banned
|rule|Sleep Moves Clause: Sleep-inducing moves are banned
|clearpoke
|poke|p1|Kyurem|
|poke|p1|Cinderace, F|
|poke|p1|Landorus-Therian, M|
|poke|p1|Kingambit, F|
|poke|p1|Glimmora, M|
|poke|p1|Dragapult, F|
|poke|p2|Pecharunt|
|poke|p2|Zapdos|
|poke|p2|Ting-Lu|
|poke|p2|Great Tusk|
|poke|p2|Slowking-Galar, M|
|poke|p2|Kingambit, F|
|teampreview
|
|t:|1769404081
|teamsize|p1|6
|teamsize|p2|6
|start
|switch|p1a: Kyurem|Kyurem|100/100
|switch|p2a: Slowking|Slowking-Galar, M|100/100
|-ability|p1a: Kyurem|Pressure
|turn|1
|
|t:|1769404087
|move|p1a: Kyurem|Substitute|p1a: Kyurem
|-start|p1a: Kyurem|Substitute
|-damage|p1a: Kyurem|75/100
|move|p2a: Slowking|Sludge Bomb|p1a: Kyurem
|-end|p1a: Kyurem|Substitute
|
|-heal|p1a: Kyurem|82/100|[from] item: Leftovers
|upkeep
|turn|2
|inactive|Battle timer is ON: inactive players will automatically lose when time's up. (requested by Above ur wayss)
|
|t:|1769404101
|move|p1a: Kyurem|Protect|p1a: Kyurem
|-singleturn|p1a: Kyurem|Protect
|move|p2a: Slowking|Flamethrower|p1a: Kyurem
|-activate|p1a: Kyurem|move: Protect
|
|-heal|p1a: Kyurem|88/100|[from] item: Leftovers
|upkeep
|turn|3
|
|t:|1769404116
|move|p1a: Kyurem|Substitute|p1a: Kyurem
|-start|p1a: Kyurem|Substitute
|-damage|p1a: Kyurem|63/100
|move|p2a: Slowking|Psyshock|p1a: Kyurem
|-end|p1a: Kyurem|Substitute
|
|-heal|p1a: Kyurem|69/100|[from] item: Leftovers
|upkeep
|turn|4
|
|t:|1769404125
|move|p1a: Kyurem|Protect|p1a: Kyurem
|-singleturn|p1a: Kyurem|Protect
|move|p2a: Slowking|Flamethrower|p1a: Kyurem
|-activate|p1a: Kyurem|move: Protect
|
|-heal|p1a: Kyurem|75/100|[from] item: Leftovers
|upkeep
|turn|5
|
|t:|1769404139
|switch|p1a: Landorus|Landorus-Therian, M|100/100
|-ability|p1a: Landorus|Intimidate|boost
|-unboost|p2a: Slowking|atk|1
|move|p2a: Slowking|Sludge Bomb|p1a: Landorus
|-resisted|p1a: Landorus
|-damage|p1a: Landorus|79/100
|
|upkeep
|turn|6
|
|t:|1769404147
|switch|p2a: Ting-Lu|Ting-Lu|100/100
|-ability|p2a: Ting-Lu|Vessel of Ruin
|move|p1a: Landorus|U-turn|p2a: Ting-Lu
|-supereffective|p2a: Ting-Lu
|-damage|p2a: Ting-Lu|77/100
|
|t:|1769404173
|switch|p1a: Glimmora|Glimmora, M|100/100|[from] U-turn
|
|-heal|p2a: Ting-Lu|83/100|[from] item: Leftovers
|upkeep
|turn|7
|
|t:|1769404182
|-terastallize|p1a: Glimmora|Ghost
|move|p1a: Glimmora|Mortal Spin|p2a: Ting-Lu
|-resisted|p2a: Ting-Lu
|-damage|p2a: Ting-Lu|82/100
|-status|p2a: Ting-Lu|psn
|move|p2a: Ting-Lu|Ruination|p1a: Glimmora
|-damage|p1a: Glimmora|51/100
|-enditem|p1a: Glimmora|Red Card|[of] p2a: Ting-Lu
|drag|p2a: Pecharunt|Pecharunt|100/100
|
|upkeep
|turn|8
|
|t:|1769404200
|switch|p1a: Landorus|Landorus-Therian, M|79/100
|-ability|p1a: Landorus|Intimidate|boost
|-unboost|p2a: Pecharunt|atk|1
|move|p2a: Pecharunt|Shadow Ball|p1a: Landorus
|-damage|p1a: Landorus|51/100
|-unboost|p1a: Landorus|spd|1
|
|upkeep
|turn|9
|
|t:|1769404208
|switch|p2a: Zapdos|Zapdos|100/100
|move|p1a: Landorus|Stealth Rock|p2a: Zapdos
|-sidestart|p2: newbytho|move: Stealth Rock
|
|upkeep
|turn|10
|
|t:|1769404224
|switch|p1a: Dragapult|Dragapult, F|100/100
|move|p2a: Zapdos|Hurricane|p1a: Dragapult
|-damage|p1a: Dragapult|43/100
|-start|p1a: Dragapult|confusion
|
|upkeep
|turn|11
|
|t:|1769404237
|switch|p2a: Ting-Lu|Ting-Lu|82/100 psn
|-damage|p2a: Ting-Lu|76/100 psn|[from] Stealth Rock
|-ability|p2a: Ting-Lu|Vessel of Ruin
|-activate|p1a: Dragapult|confusion
|move|p1a: Dragapult|Draco Meteor|p2a: Ting-Lu|[miss]
|-miss|p1a: Dragapult|p2a: Ting-Lu
|
|-heal|p2a: Ting-Lu|82/100 psn|[from] item: Leftovers
|-damage|p2a: Ting-Lu|69/100 psn|[from] psn
|upkeep
|turn|12
|
|t:|1769404245
|switch|p1a: Glimmora|Glimmora, M, tera:Ghost|51/100
|move|p2a: Ting-Lu|Stealth Rock|p1a: Glimmora
|-sidestart|p1: Above ur wayss|move: Stealth Rock
|
|-heal|p2a: Ting-Lu|76/100 psn|[from] item: Leftovers
|-damage|p2a: Ting-Lu|63/100 psn|[from] psn
|upkeep
|turn|13
|
|t:|1769404256
|switch|p2a: Kingambit|Kingambit, F|100/100
|-damage|p2a: Kingambit|94/100|[from] Stealth Rock
|move|p1a: Glimmora|Spikes|p2a: Kingambit
|-sidestart|p2: newbytho|Spikes
|
|-heal|p2a: Kingambit|100/100|[from] item: Leftovers
|upkeep
|turn|14
|
|t:|1769404263
|move|p1a: Glimmora|Earth Power|p2a: Kingambit
|-supereffective|p2a: Kingambit
|-damage|p2a: Kingambit|49/100
|move|p2a: Kingambit|Kowtow Cleave|p1a: Glimmora
|-supereffective|p1a: Glimmora
|-damage|p1a: Glimmora|0 fnt
|-activate|p1a: Glimmora|ability: Toxic Debris
|-sidestart|p2: newbytho|move: Toxic Spikes
|faint|p1a: Glimmora
|
|-heal|p2a: Kingambit|55/100|[from] item: Leftovers
|upkeep
|
|t:|1769404284
|switch|p1a: Cinderace|Cinderace, F|100/100
|turn|15
|
|t:|1769404291
|-end|p2a: Kingambit|fallenundefined|[silent]
|switch|p2a: Pecharunt|Pecharunt|100/100
|-damage|p2a: Pecharunt|88/100|[from] Stealth Rock
|-damage|p2a: Pecharunt|76/100|[from] Spikes
|-sideend|p2: newbytho|move: Toxic Spikes|[of] p2a: Pecharunt
|move|p1a: Cinderace|Pyro Ball|p2a: Pecharunt
|-damage|p2a: Pecharunt|50/100
|
|upkeep
|turn|16
|
|t:|1769404303
|switch|p1a: Kyurem|Kyurem|75/100
|-damage|p1a: Kyurem|50/100|[from] Stealth Rock
|-ability|p1a: Kyurem|Pressure
|move|p2a: Pecharunt|Recover|p2a: Pecharunt
|-heal|p2a: Pecharunt|100/100
|
|-heal|p1a: Kyurem|56/100|[from] item: Leftovers
|upkeep
|turn|17
|
|t:|1769404314
|move|p1a: Kyurem|Protect|p1a: Kyurem
|-singleturn|p1a: Kyurem|Protect
|move|p2a: Pecharunt|Shadow Ball|p1a: Kyurem
|-activate|p1a: Kyurem|move: Protect
|
|-heal|p1a: Kyurem|63/100|[from] item: Leftovers
|upkeep
|turn|18
|
|t:|1769404318
|switch|p2a: Slowking|Slowking-Galar, M|100/100
|-damage|p2a: Slowking|88/100|[from] Stealth Rock
|-damage|p2a: Slowking|76/100|[from] Spikes
|move|p1a: Kyurem|Earth Power|p2a: Slowking
|-supereffective|p2a: Slowking
|-damage|p2a: Slowking|47/100
|
|-heal|p1a: Kyurem|69/100|[from] item: Leftovers
|upkeep
|turn|19
|
|t:|1769404327
|move|p1a: Kyurem|Protect|p1a: Kyurem
|-singleturn|p1a: Kyurem|Protect
|move|p2a: Slowking|Flamethrower|p1a: Kyurem
|-activate|p1a: Kyurem|move: Protect
|
|-heal|p1a: Kyurem|75/100|[from] item: Leftovers
|upkeep
|turn|20
|
|t:|1769404330
|move|p1a: Kyurem|Earth Power|p2a: Slowking
|-supereffective|p2a: Slowking
|-damage|p2a: Slowking|17/100
|move|p2a: Slowking|Sludge Bomb|p1a: Kyurem
|-damage|p1a: Kyurem|34/100
|
|-heal|p1a: Kyurem|40/100|[from] item: Leftovers
|upkeep
|turn|21
|
|t:|1769404344
|switch|p2a: Ting-Lu|Ting-Lu|63/100 psn
|-damage|p2a: Ting-Lu|57/100 psn|[from] Stealth Rock
|-damage|p2a: Ting-Lu|44/100 psn|[from] Spikes
|-ability|p2a: Ting-Lu|Vessel of Ruin
|move|p1a: Kyurem|Substitute|p1a: Kyurem
|-start|p1a: Kyurem|Substitute
|-damage|p1a: Kyurem|15/100
|
|-heal|p1a: Kyurem|21/100|[from] item: Leftovers
|-heal|p2a: Ting-Lu|51/100 psn|[from] item: Leftovers
|-damage|p2a: Ting-Lu|38/100 psn|[from] psn
|upkeep
|turn|22
|inactive|Above ur wayss has 120 seconds left.
|
|t:|1769404383
|move|p1a: Kyurem|Protect|p1a: Kyurem
|-singleturn|p1a: Kyurem|Protect
|move|p2a: Ting-Lu|Whirlwind|p1a: Kyurem
|drag|p1a: Kingambit|Kingambit, F|100/100
|-damage|p1a: Kingambit|94/100|[from] Stealth Rock
|-activate|p1a: Kingambit|ability: Supreme Overlord
|-start|p1a: Kingambit|fallen1|[silent]
|
|-heal|p2a: Ting-Lu|44/100 psn|[from] item: Leftovers
|-damage|p2a: Ting-Lu|32/100 psn|[from] psn
|upkeep
|turn|23
|inactive|Above ur wayss has 120 seconds left.
|j| Daniel Gaming 234
|inactive|Above ur wayss has 90 seconds left.
|j| Shucklepilled
|j| FirstLightSoulja
|l| Daniel Gaming 234
|inactive|Above ur wayss has 60 seconds left.
|inactive|Above ur wayss has 30 seconds left.
|inactive|Above ur wayss has 20 seconds left.
|inactive|Above ur wayss has 15 seconds left.
|inactive|Above ur wayss has 10 seconds left.
|inactive|Above ur wayss has 5 seconds left.
|-message|Above ur wayss lost due to inactivity.
|
|win|newbytho
|raw|Above ur wayss's rating: 1657 &rarr; <strong>1634</strong><br />(-23 for losing)
|raw|newbytho's rating: 1608 &rarr; <strong>1631</strong><br />(+23 for winning)
|l|☆newbytho
|player|p2|
|l| FirstLightSoulja
|l|☆Above ur wayss
|player|p1|
|l| Shucklepilled
