|j|☆SamuelSAnne
|j|☆Walterwhitegirl
|t:|1769409062
|gametype|singles
|player|p1|SamuelSAnne|101|1108
|player|p2|Walterwhitegirl|101|1144
|gen|9
|tier|[Gen 9] OU
|rated|
|rule|HP Percentage Mod: HP is shown in percentages
|rule|Endless Battle Clause: Forcing endless battles is banned
|rule|Species Clause: Limit one of each Pokémon
|rule|OHKO Clause: OHKO moves are banned
|rule|Evasion Items Clause: Evasion items are banned
|rule|Evasion Moves Clause: Evasion moves are banned
|rule|Evasion Abilities Clause: Evasion abilities are banned
|rule|Sleep Moves Clause: Sleep-inducing moves are banned
|clearpoke
|poke|p1|Medicham, M|
|poke|p1|Pecharunt|
|poke|p1|Zoroark-Hisui, M|
|poke|p1|Ninetales-Alola, M|
|poke|p1|Tatsugiri-Stretchy, M|
|poke|p1|Ursaluna, M|
|poke|p2|Gholdengo|
|poke|p2|Iron Treads|
|poke|p2|Moltres|
|poke|p2|Samurott-Hisui, F|
|poke|p2|Sinistcha|
|poke|p2|Ting-Lu|
|teampreview
|inactive|Battle timer is ON: inactive players will automatically lose when time's up. (requested by Walterwhitegirl)
|inactive|SamuelSAnne has 120 seconds left.
|
|t:|1769409106
|teamsize|p1|6
|teamsize|p2|6
|start
|switch|p1a: Medicham|Medicham, M|100/100
|switch|p2a: Ting-Lu|Ting-Lu|100/100
|-ability|p2a: Ting-Lu|Vessel of Ruin
|turn|1
|
|t:|1769409127
|switch|p2a: Sinistcha|Sinistcha, shiny|100/100
|move|p1a: Medicham|High Jump Kick|p2a: Sinistcha
|-immune|p2a: Sinistcha
|-damage|p1a: Medicham|51/100|[from] highjumpkick
|
|upkeep
|turn|2
|
|t:|1769409145
|switch|p1a: Pecharunt|Pecharunt|100/100
|switch|p2a: Ting-Lu|Ting-Lu|100/100
|-ability|p2a: Ting-Lu|Vessel of Ruin
|
|upkeep
|turn|3
|
|t:|1769409155
|move|p1a: Pecharunt|Malignant Chain|p2a: Ting-Lu
|-resisted|p2a: Ting-Lu
|-damage|p2a: Ting-Lu|93/100
|move|p2a: Ting-Lu|Earthquake|p1a: Pecharunt
|-supereffective|p1a: Pecharunt
|-damage|p1a: Pecharunt|49/100
|
|-heal|p1a: Pecharunt|55/100|[from] item: Leftovers
|-heal|p2a: Ting-Lu|99/100|[from] item: Leftovers
|upkeep
|turn|4
|
|t:|1769409167
|switch|p1a: Ninetales|Ninetales-Alola, M|100/100
|-weather|Snowscape|[from] ability: Snow Warning|[of] p1a: Ninetales
|move|p2a: Ting-Lu|Stealth Rock|p1a: Ninetales
|-sidestart|p1: SamuelSAnne|move: Stealth Rock
|
|-weather|Snowscape|[upkeep]
|-heal|p2a: Ting-Lu|100/100|[from] item: Leftovers
|upkeep
|turn|5
|
|t:|1769409177
|move|p1a: Ninetales|Aurora Veil|p1a: Ninetales
|-sidestart|p1: SamuelSAnne|move: Aurora Veil
|move|p2a: Ting-Lu|Whirlwind|p1a: Ninetales
|drag|p1a: Tatsugiri|Tatsugiri-Stretchy, M|100/100
|-damage|p1a: Tatsugiri|88/100|[from] Stealth Rock
|
|-weather|Snowscape|[upkeep]
|upkeep
|turn|6
|
|t:|1769409189
|switch|p2a: Sinistcha|Sinistcha, shiny|100/100
|move|p1a: Tatsugiri|Nasty Plot|p1a: Tatsugiri
|-boost|p1a: Tatsugiri|spa|2
|
|-weather|Snowscape|[upkeep]
|upkeep
|turn|7
|
|t:|1769409200
|move|p1a: Tatsugiri|Bitter Malice|p2a: Sinistcha
|-supereffective|p2a: Sinistcha
|-damage|p2a: Sinistcha|0 fnt
|faint|p2a: Sinistcha
|
|-weather|Snowscape|[upkeep]
|upkeep
|
|t:|1769409208
|switch|p2a: Samurott|Samurott-Hisui, F|100/100
|turn|8
|
|t:|1769409212
|move|p2a: Samurott|Ceaseless Edge|p1a: Tatsugiri
|-supereffective|p1a: Tatsugiri
|-damage|p1a: Tatsugiri|9/100
|replace|p1a: Zoroark|Zoroark-Hisui, M, shiny
|-end|p1a: Zoroark|Illusion
|-sidestart|p1: SamuelSAnne|Spikes
|-enditem|p1a: Zoroark|Salac Berry|[eat]
|-boost|p1a: Zoroark|spe|1|[from] item: Salac Berry
|move|p1a: Zoroark|Focus Blast|p2a: Samurott|[miss]
|-miss|p1a: Zoroark|p2a: Samurott
|
|-weather|none
|upkeep
|turn|9
|
|t:|1769409227
|move|p1a: Zoroark|Focus Blast|p2a: Samurott
|-supereffective|p2a: Samurott
|-damage|p2a: Samurott|0 fnt
|faint|p2a: Samurott
|
|upkeep
|
|t:|1769409242
|switch|p2a: Moltres|Moltres|100/100
|turn|10
|
|t:|1769409249
|move|p1a: Zoroark|Hyper Voice|p2a: Moltres
|-damage|p2a: Moltres|20/100
|move|p2a: Moltres|Flamethrower|p1a: Zoroark
|-damage|p1a: Zoroark|0 fnt
|faint|p1a: Zoroark
|
|upkeep
|
|t:|1769409260
|switch|p1a: Tatsugiri|Tatsugiri-Stretchy, M|100/100
|-damage|p1a: Tatsugiri|88/100|[from] Stealth Rock
|-damage|p1a: Tatsugiri|76/100|[from] Spikes
|turn|11
|
|t:|1769409272
|switch|p2a: Gholdengo|Gholdengo|100/100
|move|p1a: Tatsugiri|Rapid Spin|p2a: Gholdengo
|-immune|p2a: Gholdengo
|
|upkeep
|turn|12
|
|t:|1769409280
|move|p2a: Gholdengo|Nasty Plot|p2a: Gholdengo
|-boost|p2a: Gholdengo|spa|2
|move|p1a: Tatsugiri|Nasty Plot|p1a: Tatsugiri
|-boost|p1a: Tatsugiri|spa|2
|
|-sideend|p1: SamuelSAnne|move: Aurora Veil
|upkeep
|turn|13
|
|t:|1769409289
|move|p2a: Gholdengo|Thunderbolt|p1a: Tatsugiri
|-damage|p1a: Tatsugiri|0 fnt
|faint|p1a: Tatsugiri
|
|upkeep
|
|t:|1769409299
|switch|p1a: Medicham|Medicham, M|51/100
|-damage|p1a: Medicham|45/100|[from] Stealth Rock
|-damage|p1a: Medicham|32/100|[from] Spikes
|turn|14
|
|t:|1769409316
|switch|p2a: Ting-Lu|Ting-Lu|100/100
|-ability|p2a: Ting-Lu|Vessel of Ruin
|move|p1a: Medicham|Fire Punch|p2a: Ting-Lu
|-damage|p2a: Ting-Lu|83/100
|
|-heal|p2a: Ting-Lu|89/100|[from] item: Leftovers
|upkeep
|turn|15
|
|t:|1769409328
|switch|p1a: Ninetales|Ninetales-Alola, M|100/100
|-damage|p1a: Ninetales|75/100|[from] Stealth Rock
|-damage|p1a: Ninetales|63/100|[from] Spikes
|-weather|Snowscape|[from] ability: Snow Warning|[of] p1a: Ninetales
|move|p2a: Ting-Lu|Whirlwind|p1a: Ninetales
|drag|p1a: Medicham|Medicham, M|32/100
|-damage|p1a: Medicham|27/100|[from] Stealth Rock
|-damage|p1a: Medicham|14/100|[from] Spikes
|
|-weather|Snowscape|[upkeep]
|-heal|p2a: Ting-Lu|96/100|[from] item: Leftovers
|upkeep
|turn|16
|
|t:|1769409344
|move|p1a: Medicham|Fire Punch|p2a: Ting-Lu
|-damage|p2a: Ting-Lu|75/100
|move|p2a: Ting-Lu|Whirlwind|p1a: Medicham
|drag|p1a: Ursaluna|Ursaluna, M|100/100
|-damage|p1a: Ursaluna|94/100|[from] Stealth Rock
|-damage|p1a: Ursaluna|82/100|[from] Spikes
|
|-weather|Snowscape|[upkeep]
|-heal|p2a: Ting-Lu|82/100|[from] item: Leftovers
|-status|p1a: Ursaluna|brn|[from] item: Flame Orb
|upkeep
|turn|17
|
|t:|1769409362
|switch|p2a: Moltres|Moltres|20/100
|move|p1a: Ursaluna|Facade|p2a: Moltres
|-damage|p2a: Moltres|0 fnt
|faint|p2a: Moltres
|
|-weather|Snowscape|[upkeep]
|-damage|p1a: Ursaluna|76/100 brn|[from] brn
|upkeep
|
|t:|1769409368
|switch|p2a: Gholdengo|Gholdengo|100/100
|turn|18
|
|t:|1769409378
|switch|p2a: Ting-Lu|Ting-Lu|82/100
|-ability|p2a: Ting-Lu|Vessel of Ruin
|move|p1a: Ursaluna|Trailblaze|p2a: Ting-Lu
|-supereffective|p2a: Ting-Lu
|-damage|p2a: Ting-Lu|50/100
|-boost|p1a: Ursaluna|spe|1
|
|-weather|Snowscape|[upkeep]
|-heal|p2a: Ting-Lu|56/100|[from] item: Leftovers
|-damage|p1a: Ursaluna|69/100 brn|[from] brn
|upkeep
|turn|19
|
|t:|1769409391
|switch|p2a: Gholdengo|Gholdengo|100/100
|move|p1a: Ursaluna|Facade|p2a: Gholdengo
|-immune|p2a: Gholdengo
|
|-weather|none
|-damage|p1a: Ursaluna|63/100 brn|[from] brn
|upkeep
|turn|20
|
|t:|1769409408
|switch|p2a: Iron Treads|Iron Treads|100/100
|move|p1a: Ursaluna|Headlong Rush|p2a: Iron Treads
|-supereffective|p2a: Iron Treads
|-damage|p2a: Iron Treads|0 fnt
|-unboost|p1a: Ursaluna|def|1
|-unboost|p1a: Ursaluna|spd|1
|faint|p2a: Iron Treads
|-end|p2a: Iron Treads|Quark Drive|[silent]
|
|-damage|p1a: Ursaluna|57/100 brn|[from] brn
|upkeep
|inactive|Walterwhitegirl has 120 seconds left.
|
|t:|1769409423
|switch|p2a: Gholdengo|Gholdengo|100/100
|turn|21
|
|t:|1769409428
|move|p1a: Ursaluna|Headlong Rush|p2a: Gholdengo
|-supereffective|p2a: Gholdengo
|-damage|p2a: Gholdengo|0 fnt
|-unboost|p1a: Ursaluna|def|1
|-unboost|p1a: Ursaluna|spd|1
|faint|p2a: Gholdengo
|
|-damage|p1a: Ursaluna|51/100 brn|[from] brn
|upkeep
|
|t:|1769409431
|switch|p2a: Ting-Lu|Ting-Lu|56/100
|-ability|p2a: Ting-Lu|Vessel of Ruin
|turn|22
|
|t:|1769409443
|move|p1a: Ursaluna|Facade|p2a: Ting-Lu
|-damage|p2a: Ting-Lu|0 fnt
|faint|p2a: Ting-Lu
|
|win|SamuelSAnne
|raw|SamuelSAnne's rating: 1108 &rarr; <strong>1136</strong><br />(+28 for winning)
|raw|Walterwhitegirl's rating: 1144 &rarr; <strong>1116</strong><br />(-28 for losing)
|c|☆Walterwhitegirl|Gg
|c|☆SamuelSAnne|Gg
|l|☆Walterwhitegirl
|player|p2|
|l|☆SamuelSAnne
|player|p1|
