|j|☆lowladdermind
|j|☆fuhfyjddhh
|t:|1769373902
|gametype|singles
|player|p1|lowladdermind|102|1501
|player|p2|fuhfyjddhh|policeman-gen4|1548
|gen|9
|tier|[Gen 9] OU
|rated|
|rule|HP Percentage Mod: HP is shown in percentages
|rule|Endless Battle Clause: Forcing endless battles is banned
|rule|Species Clause: Limit one of each Pokémon
|rule|OHKO Clause: OHKO moves are banned
|rule|Evasion Items Clause: Evasion items are banned
|rule|Evasion Moves Clause: Evasion moves are banned
|rule|Evasion Abilities Clause: Evasion abilities are banned
|rule|Sleep Moves Clause: Sleep-inducing moves are banned
|clearpoke
|poke|p1|Iron Valiant|
|poke|p1|Great Tusk|
|poke|p1|Dragonite, F|
|poke|p1|Deoxys-Speed|
|poke|p1|Glimmora, M|
|poke|p1|Kingambit, F|
|poke|p2|Tinkaton, F|
|poke|p2|Ogerpon, F|
|poke|p2|Great Tusk|
|poke|p2|Pecharunt|
|poke|p2|Alomomola, M|
|poke|p2|Hydreigon, M|
|teampreview
|inactive|Battle timer is ON: inactive players will automatically lose when time's up. (requested by lowladdermind)
|
|t:|1769373912
|teamsize|p1|6
|teamsize|p2|6
|start
|switch|p1a: Deoxys|Deoxys-Speed|100/100
|switch|p2a: Tinkaton|Tinkaton, F, shiny|100/100
|-ability|p1a: Deoxys|Pressure
|-item|p2a: Tinkaton|Air Balloon
|turn|1
|
|t:|1769373916
|move|p1a: Deoxys|Reflect|p1a: Deoxys
|-sidestart|p1: lowladdermind|Reflect
|move|p2a: Tinkaton|Encore|p1a: Deoxys
|-start|p1a: Deoxys|Encore
|
|upkeep
|turn|2
|
|t:|1769373919
|switch|p1a: Glimmora|Glimmora, M|100/100
|move|p2a: Tinkaton|Stealth Rock|p1a: Glimmora
|-sidestart|p1: lowladdermind|move: Stealth Rock
|
|upkeep
|turn|3
|
|t:|1769373921
|move|p2a: Tinkaton|Gigaton Hammer|p1a: Glimmora
|-supereffective|p1a: Glimmora
|-damage|p1a: Glimmora|32/100
|-activate|p1a: Glimmora|ability: Toxic Debris
|-sidestart|p2: fuhfyjddhh|move: Toxic Spikes
|move|p1a: Glimmora|Earth Power|p2a: Tinkaton
|-immune|p2a: Tinkaton
|
|upkeep
|turn|4
|
|t:|1769373927
|switch|p1a: Kingambit|Kingambit, F|100/100
|-damage|p1a: Kingambit|94/100|[from] Stealth Rock
|move|p2a: Tinkaton|Encore||[still]
|-fail|p2a: Tinkaton
|
|upkeep
|turn|5
|
|t:|1769373933
|switch|p2a: Pecharunt|Pecharunt|100/100
|-sideend|p2: fuhfyjddhh|move: Toxic Spikes|[of] p2a: Pecharunt
|move|p1a: Kingambit|Iron Head|p2a: Pecharunt
|-damage|p2a: Pecharunt|78/100
|-damage|p1a: Kingambit|78/100|[from] item: Rocky Helmet|[of] p2a: Pecharunt
|
|upkeep
|turn|6
|
|t:|1769373940
|move|p2a: Pecharunt|Parting Shot|p1a: Kingambit
|-unboost|p1a: Kingambit|atk|1
|-unboost|p1a: Kingambit|spa|1
|
|t:|1769373945
|switch|p2a: Great Tusk|Great Tusk, shiny|100/100|[from] Parting Shot
|move|p1a: Kingambit|Swords Dance|p1a: Kingambit
|-boost|p1a: Kingambit|atk|2
|
|upkeep
|turn|7
|
|t:|1769373952
|-end|p1a: Kingambit|fallenundefined|[silent]
|switch|p1a: Great Tusk|Great Tusk|100/100
|-damage|p1a: Great Tusk|97/100|[from] Stealth Rock
|-enditem|p1a: Great Tusk|Booster Energy
|-activate|p1a: Great Tusk|ability: Protosynthesis|[fromitem]
|-start|p1a: Great Tusk|protosynthesisspe
|move|p2a: Great Tusk|Close Combat|p1a: Great Tusk
|-damage|p1a: Great Tusk|77/100
|-unboost|p2a: Great Tusk|def|1
|-unboost|p2a: Great Tusk|spd|1
|
|upkeep
|turn|8
|
|t:|1769373956
|-end|p2a: Great Tusk|Protosynthesis|[silent]
|switch|p2a: Pecharunt|Pecharunt|78/100
|move|p1a: Great Tusk|Bulk Up|p1a: Great Tusk
|-boost|p1a: Great Tusk|atk|1
|-boost|p1a: Great Tusk|def|1
|
|-sideend|p1: lowladdermind|Reflect
|upkeep
|turn|9
|
|t:|1769373964
|-terastallize|p2a: Pecharunt|Ghost
|move|p1a: Great Tusk|Headlong Rush|p2a: Pecharunt
|-damage|p2a: Pecharunt|38/100
|-unboost|p1a: Great Tusk|def|1
|-unboost|p1a: Great Tusk|spd|1
|-damage|p1a: Great Tusk|61/100|[from] item: Rocky Helmet|[of] p2a: Pecharunt
|move|p2a: Pecharunt|Shadow Ball|p1a: Great Tusk
|-damage|p1a: Great Tusk|0 fnt
|faint|p1a: Great Tusk
|-end|p1a: Great Tusk|Protosynthesis|[silent]
|
|upkeep
|
|t:|1769373970
|switch|p1a: Glimmora|Glimmora, M|32/100
|-damage|p1a: Glimmora|19/100|[from] Stealth Rock
|turn|10
|
|t:|1769373975
|switch|p2a: Alomomola|Alomomola, M, shiny|100/100
|move|p1a: Glimmora|Mortal Spin|p2a: Alomomola
|-damage|p2a: Alomomola|96/100
|-status|p2a: Alomomola|psn
|-sideend|p1: lowladdermind|Stealth Rock|[from] move: Mortal Spin|[of] p1a: Glimmora
|
|-damage|p2a: Alomomola|84/100 psn|[from] psn
|upkeep
|turn|11
|
|t:|1769373979
|move|p1a: Glimmora|Meteor Beam||[still]
|-prepare|p1a: Glimmora|Meteor Beam
|-boost|p1a: Glimmora|spa|1
|-enditem|p1a: Glimmora|Power Herb
|-anim|p1a: Glimmora|Meteor Beam|p2a: Alomomola|[miss]
|-miss|p1a: Glimmora|p2a: Alomomola
|move|p2a: Alomomola|Flip Turn|p1a: Glimmora
|-supereffective|p1a: Glimmora
|-damage|p1a: Glimmora|0 fnt
|-activate|p1a: Glimmora|ability: Toxic Debris
|-sidestart|p2: fuhfyjddhh|move: Toxic Spikes
|faint|p1a: Glimmora
|
|t:|1769373984
|switch|p2a: Pecharunt|Pecharunt, tera:Ghost|38/100|[from] Flip Turn
|-status|p2a: Pecharunt|psn
|
|-damage|p2a: Pecharunt|26/100 psn|[from] psn
|upkeep
|
|t:|1769373991
|switch|p1a: Dragonite|Dragonite, F|100/100
|turn|12
|
|t:|1769373994
|move|p1a: Dragonite|Substitute|p1a: Dragonite
|-start|p1a: Dragonite|Substitute
|-damage|p1a: Dragonite|76/100
|move|p2a: Pecharunt|Parting Shot|p1a: Dragonite
|-unboost|p1a: Dragonite|atk|1
|-unboost|p1a: Dragonite|spa|1
|
|t:|1769373998
|switch|p2a: Tinkaton|Tinkaton, F, shiny|100/100|[from] Parting Shot
|-item|p2a: Tinkaton|Air Balloon
|
|-heal|p1a: Dragonite|82/100|[from] item: Leftovers
|upkeep
|turn|13
|
|t:|1769374001
|move|p2a: Tinkaton|Gigaton Hammer|p1a: Dragonite
|-end|p1a: Dragonite|Substitute
|move|p1a: Dragonite|Tera Blast|p2a: Tinkaton
|-resisted|p2a: Tinkaton
|-damage|p2a: Tinkaton|95/100
|-enditem|p2a: Tinkaton|Air Balloon
|
|-heal|p1a: Dragonite|88/100|[from] item: Leftovers
|upkeep
|turn|14
|
|t:|1769374005
|switch|p1a: Deoxys|Deoxys-Speed|100/100
|-ability|p1a: Deoxys|Pressure
|move|p2a: Tinkaton|Ice Hammer|p1a: Deoxys
|-damage|p1a: Deoxys|70/100
|-unboost|p2a: Tinkaton|spe|1
|
|upkeep
|turn|15
|
|t:|1769374009
|move|p1a: Deoxys|Taunt|p2a: Tinkaton
|-start|p2a: Tinkaton|move: Taunt
|cant|p2a: Tinkaton|move: Taunt|Encore
|
|upkeep
|turn|16
|
|t:|1769374012
|move|p1a: Deoxys|Reflect|p1a: Deoxys
|-sidestart|p1: lowladdermind|Reflect
|move|p2a: Tinkaton|Gigaton Hammer|p1a: Deoxys
|-damage|p1a: Deoxys|35/100
|
|upkeep
|turn|17
|
|t:|1769374018
|switch|p2a: Hydreigon|Hydreigon, M, shiny|100/100
|move|p1a: Deoxys|Light Screen|p1a: Deoxys
|-sidestart|p1: lowladdermind|move: Light Screen
|
|upkeep
|turn|18
|
|t:|1769374026
|move|p1a: Deoxys|Taunt|p2a: Hydreigon
|-start|p2a: Hydreigon|move: Taunt
|move|p2a: Hydreigon|Flash Cannon|p1a: Deoxys
|-damage|p1a: Deoxys|10/100
|
|upkeep
|turn|19
|
|t:|1769374031
|switch|p1a: Kingambit|Kingambit, F|78/100
|-activate|p1a: Kingambit|ability: Supreme Overlord
|-start|p1a: Kingambit|fallen2|[silent]
|move|p2a: Hydreigon|Flash Cannon|p1a: Kingambit
|-resisted|p1a: Kingambit
|-damage|p1a: Kingambit|67/100
|
|upkeep
|turn|20
|
|t:|1769374039
|switch|p2a: Pecharunt|Pecharunt, tera:Ghost|26/100 psn
|move|p1a: Kingambit|Iron Head|p2a: Pecharunt
|-damage|p2a: Pecharunt|2/100 psn
|-damage|p1a: Kingambit|50/100|[from] item: Rocky Helmet|[of] p2a: Pecharunt
|
|-damage|p2a: Pecharunt|0 fnt|[from] psn
|faint|p2a: Pecharunt
|upkeep
|
|t:|1769374045
|switch|p2a: Great Tusk|Great Tusk, shiny|100/100
|turn|21
|
|t:|1769374051
|move|p2a: Great Tusk|Rapid Spin|p1a: Kingambit
|-resisted|p1a: Kingambit
|-damage|p1a: Kingambit|47/100
|-boost|p2a: Great Tusk|spe|1
|-sideend|p2: fuhfyjddhh|Toxic Spikes|[from] move: Rapid Spin|[of] p2a: Great Tusk
|move|p1a: Kingambit|Low Kick|p2a: Great Tusk
|-damage|p2a: Great Tusk|61/100
|
|upkeep
|turn|22
|
|t:|1769374054
|move|p2a: Great Tusk|Close Combat|p1a: Kingambit
|-supereffective|p1a: Kingambit
|-damage|p1a: Kingambit|0 fnt
|-unboost|p2a: Great Tusk|def|1
|-unboost|p2a: Great Tusk|spd|1
|faint|p1a: Kingambit
|-end|p1a: Kingambit|fallen2|[silent]
|
|upkeep
|
|t:|1769374057
|switch|p1a: Dragonite|Dragonite, F|88/100
|turn|23
|
|t:|1769374061
|-terastallize|p1a: Dragonite|Flying
|move|p2a: Great Tusk|Ice Spinner|p1a: Dragonite
|-supereffective|p1a: Dragonite
|-crit|p1a: Dragonite
|-damage|p1a: Dragonite|0 fnt
|faint|p1a: Dragonite
|
|-sideend|p1: lowladdermind|Reflect
|upkeep
|
|t:|1769374066
|switch|p1a: Iron Valiant|Iron Valiant|100/100
|-enditem|p1a: Iron Valiant|Booster Energy
|-activate|p1a: Iron Valiant|ability: Quark Drive|[fromitem]
|-start|p1a: Iron Valiant|quarkdrivespe
|turn|24
|-message|lowladdermind forfeited.
|
|win|fuhfyjddhh
|raw|lowladdermind's rating: 1501 &rarr; <strong>1484</strong><br />(-17 for losing)
|raw|fuhfyjddhh's rating: 1548 &rarr; <strong>1565</strong><br />(+17 for winning)
|l|☆lowladdermind
|player|p1|
