|j|☆beeboobaa
|j|☆MikhaelSunworth
|t:|1769421274
|gametype|singles
|player|p1|beeboobaa|2|1501
|player|p2|MikhaelSunworth|chuck|1439
|gen|9
|tier|[Gen 9] OU
|rated|
|rule|HP Percentage Mod: HP is shown in percentages
|rule|Endless Battle Clause: Forcing endless battles is banned
|rule|Species Clause: Limit one of each Pokémon
|rule|OHKO Clause: OHKO moves are banned
|rule|Evasion Items Clause: Evasion items are banned
|rule|Evasion Moves Clause: Evasion moves are banned
|rule|Evasion Abilities Clause: Evasion abilities are banned
|rule|Sleep Moves Clause: Sleep-inducing moves are banned
|clearpoke
|poke|p1|Clefable, F|
|poke|p1|Gengar, F|
|poke|p1|Chansey, F|
|poke|p1|Ditto|
|poke|p1|Zapdos|
|poke|p1|Dragonite, F|
|poke|p2|Tyranitar, F|
|poke|p2|Great Tusk|
|poke|p2|Ting-Lu|
|poke|p2|Alomomola, M|
|poke|p2|Sinistcha|
|poke|p2|Dondozo, M|
|teampreview
|inactive|Battle timer is ON: inactive players will automatically lose when time's up. (requested by beeboobaa)
|
|t:|1769421285
|teamsize|p1|6
|teamsize|p2|6
|start
|switch|p1a: Zapdos|Zapdos|100/100
|switch|p2a: Ting-Lu|Ting-Lu|100/100
|-ability|p2a: Ting-Lu|Vessel of Ruin
|turn|1
|
|t:|1769421295
|switch|p1a: Clefable|Clefable, F|100/100
|move|p2a: Ting-Lu|Spikes|p1a: Clefable
|-sidestart|p1: beeboobaa|Spikes
|
|upkeep
|turn|2
|
|t:|1769421305
|move|p1a: Clefable|Moonblast|p2a: Ting-Lu
|-supereffective|p2a: Ting-Lu
|-damage|p2a: Ting-Lu|76/100
|-unboost|p2a: Ting-Lu|spa|1
|move|p2a: Ting-Lu|Spikes|p1a: Clefable
|-sidestart|p1: beeboobaa|Spikes
|
|-heal|p2a: Ting-Lu|82/100|[from] item: Leftovers
|upkeep
|turn|3
|
|t:|1769421315
|move|p1a: Clefable|Calm Mind|p1a: Clefable
|-boost|p1a: Clefable|spa|1
|-boost|p1a: Clefable|spd|1
|move|p2a: Ting-Lu|Ruination|p1a: Clefable
|-damage|p1a: Clefable|50/100
|
|-heal|p2a: Ting-Lu|88/100|[from] item: Leftovers
|upkeep
|turn|4
|
|t:|1769421328
|move|p1a: Clefable|Moonlight|p1a: Clefable
|-heal|p1a: Clefable|100/100
|move|p2a: Ting-Lu|Whirlwind|p1a: Clefable
|drag|p1a: Chansey|Chansey, F|100/100
|-damage|p1a: Chansey|84/100|[from] Spikes
|
|-heal|p2a: Ting-Lu|94/100|[from] item: Leftovers
|upkeep
|turn|5
|
|t:|1769421340
|move|p1a: Chansey|Seismic Toss|p2a: Ting-Lu
|-damage|p2a: Ting-Lu|75/100
|move|p2a: Ting-Lu|Ruination|p1a: Chansey
|-damage|p1a: Chansey|42/100
|
|-heal|p2a: Ting-Lu|81/100|[from] item: Leftovers
|upkeep
|turn|6
|
|t:|1769421347
|move|p1a: Chansey|Seismic Toss|p2a: Ting-Lu
|-damage|p2a: Ting-Lu|62/100
|move|p2a: Ting-Lu|Spikes|p1a: Chansey
|-sidestart|p1: beeboobaa|Spikes
|
|-heal|p2a: Ting-Lu|68/100|[from] item: Leftovers
|upkeep
|turn|7
|
|t:|1769421362
|switch|p1a: Dragonite|Dragonite, F|100/100
|move|p2a: Ting-Lu|Earthquake|p1a: Dragonite
|-immune|p1a: Dragonite
|
|-heal|p2a: Ting-Lu|74/100|[from] item: Leftovers
|upkeep
|turn|8
|
|t:|1769421366
|move|p1a: Dragonite|Ice Spinner|p2a: Ting-Lu
|-supereffective|p2a: Ting-Lu
|-damage|p2a: Ting-Lu|37/100
|move|p2a: Ting-Lu|Whirlwind|p1a: Dragonite
|drag|p1a: Gengar|Gengar, F, shiny|100/100
|-damage|p1a: Gengar|76/100|[from] Spikes
|
|-heal|p2a: Ting-Lu|44/100|[from] item: Leftovers
|upkeep
|turn|9
|
|t:|1769421377
|switch|p2a: Tyranitar|Tyranitar, F|100/100
|-weather|Sandstorm|[from] ability: Sand Stream|[of] p2a: Tyranitar
|move|p1a: Gengar|Focus Blast|p2a: Tyranitar|[miss]
|-miss|p1a: Gengar|p2a: Tyranitar
|
|-weather|Sandstorm|[upkeep]
|-damage|p1a: Gengar|70/100|[from] Sandstorm
|upkeep
|turn|10
|
|t:|1769421384
|switch|p2a: Sinistcha|Sinistcha|100/100
|move|p1a: Gengar|Focus Blast|p2a: Sinistcha
|-immune|p2a: Sinistcha
|
|-weather|Sandstorm|[upkeep]
|-damage|p1a: Gengar|64/100|[from] Sandstorm
|-damage|p2a: Sinistcha|94/100|[from] Sandstorm
|upkeep
|turn|11
|
|t:|1769421403
|switch|p1a: Zapdos|Zapdos|100/100
|switch|p2a: Alomomola|Alomomola, M|100/100
|
|-weather|Sandstorm|[upkeep]
|-damage|p1a: Zapdos|94/100|[from] Sandstorm
|-damage|p2a: Alomomola|94/100|[from] Sandstorm
|upkeep
|turn|12
|
|t:|1769421409
|switch|p2a: Ting-Lu|Ting-Lu|44/100
|-ability|p2a: Ting-Lu|Vessel of Ruin
|move|p1a: Zapdos|Thunder Wave|p2a: Ting-Lu
|-immune|p2a: Ting-Lu
|
|-weather|Sandstorm|[upkeep]
|-damage|p1a: Zapdos|88/100|[from] Sandstorm
|-heal|p2a: Ting-Lu|50/100|[from] item: Leftovers
|upkeep
|turn|13
|
|t:|1769421418
|move|p1a: Zapdos|Hurricane|p2a: Ting-Lu
|-damage|p2a: Ting-Lu|32/100
|-start|p2a: Ting-Lu|confusion
|-activate|p2a: Ting-Lu|confusion
|move|p2a: Ting-Lu|Whirlwind|p1a: Zapdos
|drag|p1a: Gengar|Gengar, F, shiny|64/100
|-damage|p1a: Gengar|39/100|[from] Spikes
|
|-weather|none
|-heal|p2a: Ting-Lu|38/100|[from] item: Leftovers
|upkeep
|turn|14
|
|t:|1769421426
|move|p1a: Gengar|Sludge Bomb|p2a: Ting-Lu
|-resisted|p2a: Ting-Lu
|-damage|p2a: Ting-Lu|28/100
|-end|p2a: Ting-Lu|confusion
|move|p2a: Ting-Lu|Earthquake|p1a: Gengar
|-supereffective|p1a: Gengar
|-crit|p1a: Gengar
|-damage|p1a: Gengar|0 fnt
|faint|p1a: Gengar
|
|-heal|p2a: Ting-Lu|34/100|[from] item: Leftovers
|upkeep
|c|☆beeboobaa|ops
|
|t:|1769421446
|switch|p1a: Clefable|Clefable, F|100/100
|turn|15
|
|t:|1769421450
|switch|p2a: Alomomola|Alomomola, M|100/100
|move|p1a: Clefable|Moonblast|p2a: Alomomola
|-damage|p2a: Alomomola|61/100
|
|upkeep
|turn|16
|
|t:|1769421457
|move|p1a: Clefable|Thunder Wave|p2a: Alomomola
|-status|p2a: Alomomola|par
|move|p2a: Alomomola|Wish|p2a: Alomomola
|
|upkeep
|turn|17
|
|t:|1769421463
|switch|p2a: Ting-Lu|Ting-Lu|34/100
|-ability|p2a: Ting-Lu|Vessel of Ruin
|move|p1a: Clefable|Calm Mind|p1a: Clefable
|-boost|p1a: Clefable|spa|1
|-boost|p1a: Clefable|spd|1
|
|-heal|p2a: Ting-Lu|86/100|[from] move: Wish|[wisher] Alomomola
|-heal|p2a: Ting-Lu|92/100|[from] item: Leftovers
|upkeep
|turn|18
|
|t:|1769421471
|move|p1a: Clefable|Moonblast|p2a: Ting-Lu
|-supereffective|p2a: Ting-Lu
|-damage|p2a: Ting-Lu|55/100
|-unboost|p2a: Ting-Lu|spa|1
|move|p2a: Ting-Lu|Whirlwind|p1a: Clefable
|drag|p1a: Chansey|Chansey, F|42/100
|-damage|p1a: Chansey|17/100|[from] Spikes
|
|-heal|p2a: Ting-Lu|61/100|[from] item: Leftovers
|upkeep
|turn|19
|
|t:|1769421479
|move|p1a: Chansey|Soft-Boiled|p1a: Chansey
|-heal|p1a: Chansey|67/100
|move|p2a: Ting-Lu|Earthquake|p1a: Chansey
|-damage|p1a: Chansey|43/100
|
|-heal|p2a: Ting-Lu|67/100|[from] item: Leftovers
|upkeep
|turn|20
|
|t:|1769421493
|switch|p2a: Great Tusk|Great Tusk|100/100
|move|p1a: Chansey|Seismic Toss|p2a: Great Tusk
|-damage|p2a: Great Tusk|77/100
|-damage|p1a: Chansey|26/100|[from] item: Rocky Helmet|[of] p2a: Great Tusk
|
|upkeep
|turn|21
|
|t:|1769421500
|switch|p1a: Zapdos|Zapdos|88/100
|move|p2a: Great Tusk|Stealth Rock|p1a: Zapdos
|-sidestart|p1: beeboobaa|move: Stealth Rock
|
|upkeep
|turn|22
|
|t:|1769421505
|-end|p2a: Great Tusk|Protosynthesis|[silent]
|switch|p2a: Ting-Lu|Ting-Lu|67/100
|-ability|p2a: Ting-Lu|Vessel of Ruin
|move|p1a: Zapdos|Hurricane|p2a: Ting-Lu|[miss]
|-miss|p1a: Zapdos|p2a: Ting-Lu
|
|-heal|p2a: Ting-Lu|73/100|[from] item: Leftovers
|upkeep
|turn|23
|
|t:|1769421514
|switch|p1a: Clefable|Clefable, F|100/100
|switch|p2a: Tyranitar|Tyranitar, F|100/100
|-weather|Sandstorm|[from] ability: Sand Stream|[of] p2a: Tyranitar
|
|-weather|Sandstorm|[upkeep]
|upkeep
|turn|24
|
|t:|1769421519
|move|p2a: Tyranitar|Knock Off|p1a: Clefable
|-resisted|p1a: Clefable
|-damage|p1a: Clefable|79/100
|-damage|p2a: Tyranitar|84/100|[from] item: Rocky Helmet|[of] p1a: Clefable
|-enditem|p1a: Clefable|Rocky Helmet|[from] move: Knock Off|[of] p2a: Tyranitar
|move|p1a: Clefable|Calm Mind|p1a: Clefable
|-boost|p1a: Clefable|spa|1
|-boost|p1a: Clefable|spd|1
|
|-weather|Sandstorm|[upkeep]
|upkeep
|turn|25
|
|t:|1769421527
|switch|p2a: Ting-Lu|Ting-Lu|73/100
|-ability|p2a: Ting-Lu|Vessel of Ruin
|move|p1a: Clefable|Moonblast|p2a: Ting-Lu
|-supereffective|p2a: Ting-Lu
|-damage|p2a: Ting-Lu|32/100
|
|-weather|Sandstorm|[upkeep]
|-heal|p2a: Ting-Lu|39/100|[from] item: Leftovers
|upkeep
|turn|26
|
|t:|1769421537
|-terastallize|p2a: Ting-Lu|Ghost
|move|p1a: Clefable|Moonblast|p2a: Ting-Lu
|-damage|p2a: Ting-Lu|21/100
|move|p2a: Ting-Lu|Whirlwind|p1a: Clefable
|drag|p1a: Chansey|Chansey, F|26/100
|-damage|p1a: Chansey|1/100|[from] Spikes
|-damage|p1a: Chansey|0 fnt|[from] Stealth Rock
|faint|p1a: Chansey
|
|-weather|Sandstorm|[upkeep]
|-damage|p2a: Ting-Lu|14/100|[from] Sandstorm
|-heal|p2a: Ting-Lu|21/100|[from] item: Leftovers
|upkeep
|
|t:|1769421556
|switch|p1a: Zapdos|Zapdos|88/100
|turn|27
|
|t:|1769421566
|switch|p2a: Tyranitar|Tyranitar, F|84/100
|move|p1a: Zapdos|Volt Switch|p2a: Tyranitar
|-damage|p2a: Tyranitar|73/100
|
|t:|1769421569
|switch|p1a: Clefable|Clefable, F|79/100|[from] Volt Switch
|
|-weather|none
|upkeep
|turn|28
|
|t:|1769421577
|move|p2a: Tyranitar|Stone Edge|p1a: Clefable
|-crit|p1a: Clefable
|-damage|p1a: Clefable|15/100
|move|p1a: Clefable|Calm Mind|p1a: Clefable
|-boost|p1a: Clefable|spa|1
|-boost|p1a: Clefable|spd|1
|
|upkeep
|turn|29
|
|t:|1769421585
|move|p2a: Tyranitar|Earthquake|p1a: Clefable
|-damage|p1a: Clefable|0 fnt
|faint|p1a: Clefable
|
|upkeep
|
|t:|1769421615
|switch|p1a: Ditto|Ditto|100/100
|-damage|p1a: Ditto|76/100|[from] Spikes
|-damage|p1a: Ditto|63/100|[from] Stealth Rock
|-transform|p1a: Ditto|p2a: Tyranitar|[from] ability: Imposter
|-weather|Sandstorm|[from] ability: Sand Stream|[of] p1a: Ditto
|turn|30
|
|t:|1769421632
|switch|p2a: Sinistcha|Sinistcha|94/100
|move|p1a: Ditto|Earthquake|p2a: Sinistcha
|-resisted|p2a: Sinistcha
|-damage|p2a: Sinistcha|82/100
|
|-weather|Sandstorm|[upkeep]
|-damage|p2a: Sinistcha|76/100|[from] Sandstorm
|upkeep
|turn|31
|
|t:|1769421641
|switch|p1a: Zapdos|Zapdos|88/100
|move|p2a: Sinistcha|Matcha Gotcha|p1a: Zapdos
|-resisted|p1a: Zapdos
|-damage|p1a: Zapdos|75/100
|-heal|p2a: Sinistcha|83/100|[from] drain|[of] p1a: Zapdos
|
|-weather|Sandstorm|[upkeep]
|-damage|p1a: Zapdos|69/100|[from] Sandstorm
|-damage|p2a: Sinistcha|77/100|[from] Sandstorm
|upkeep
|turn|32
|
|t:|1769421655
|switch|p2a: Tyranitar|Tyranitar, F|73/100
|move|p1a: Zapdos|Hurricane|p2a: Tyranitar
|-resisted|p2a: Tyranitar
|-damage|p2a: Tyranitar|65/100
|-start|p2a: Tyranitar|confusion
|
|-weather|Sandstorm|[upkeep]
|-damage|p1a: Zapdos|63/100|[from] Sandstorm
|upkeep
|turn|33
|
|t:|1769421674
|move|p1a: Zapdos|Volt Switch|p2a: Tyranitar
|-damage|p2a: Tyranitar|53/100
|
|t:|1769421684
|switch|p1a: Ditto|Ditto|63/100|[from] Volt Switch
|-damage|p1a: Ditto|39/100|[from] Spikes
|-damage|p1a: Ditto|26/100|[from] Stealth Rock
|-transform|p1a: Ditto|p2a: Tyranitar|[from] ability: Imposter
|-activate|p2a: Tyranitar|confusion
|-damage|p2a: Tyranitar|39/100|[from] confusion
|
|-weather|Sandstorm|[upkeep]
|upkeep
|turn|34
|inactive|beeboobaa has 120 seconds left.
|
|t:|1769421712
|switch|p2a: Alomomola|Alomomola, M|94/100 par
|move|p1a: Ditto|Stone Edge|p2a: Alomomola|[miss]
|-miss|p1a: Ditto|p2a: Alomomola
|
|-weather|none
|upkeep
|turn|35
|inactive|beeboobaa has 120 seconds left.
|
|t:|1769421717
|switch|p1a: Zapdos|Zapdos|63/100
|move|p2a: Alomomola|Wish|p2a: Alomomola
|
|upkeep
|turn|36
|
|t:|1769421726
|switch|p2a: Tyranitar|Tyranitar, F|39/100
|-weather|Sandstorm|[from] ability: Sand Stream|[of] p2a: Tyranitar
|move|p1a: Zapdos|Hurricane|p2a: Tyranitar
|-resisted|p2a: Tyranitar
|-damage|p2a: Tyranitar|31/100
|
|-weather|Sandstorm|[upkeep]
|-damage|p1a: Zapdos|56/100|[from] Sandstorm
|-heal|p2a: Tyranitar|97/100|[from] move: Wish|[wisher] Alomomola
|upkeep
|turn|37
|
|t:|1769421734
|move|p1a: Zapdos|Roost|p1a: Zapdos
|-heal|p1a: Zapdos|100/100
|-singleturn|p1a: Zapdos|move: Roost
|move|p2a: Tyranitar|Knock Off|p1a: Zapdos
|-damage|p1a: Zapdos|57/100
|-enditem|p1a: Zapdos|Heavy-Duty Boots|[from] move: Knock Off|[of] p2a: Tyranitar
|
|-weather|Sandstorm|[upkeep]
|-damage|p1a: Zapdos|50/100|[from] Sandstorm
|upkeep
|turn|38
|
|t:|1769421746
|move|p1a: Zapdos|Thunder Wave|p2a: Tyranitar
|-status|p2a: Tyranitar|par
|move|p2a: Tyranitar|Dragon Tail|p1a: Zapdos
|-damage|p1a: Zapdos|32/100
|drag|p1a: Dragonite|Dragonite, F|100/100
|
|-weather|Sandstorm|[upkeep]
|-damage|p1a: Dragonite|94/100|[from] Sandstorm
|upkeep
|turn|39
|inactive|beeboobaa has 120 seconds left.
|
|t:|1769421772
|move|p1a: Dragonite|Roost|p1a: Dragonite
|-heal|p1a: Dragonite|100/100
|-singleturn|p1a: Dragonite|move: Roost
|move|p2a: Tyranitar|Knock Off|p1a: Dragonite
|-damage|p1a: Dragonite|75/100
|-enditem|p1a: Dragonite|Heavy-Duty Boots|[from] move: Knock Off|[of] p2a: Tyranitar
|
|-weather|Sandstorm|[upkeep]
|-damage|p1a: Dragonite|69/100|[from] Sandstorm
|upkeep
|turn|40
|
|t:|1769421782
|move|p1a: Dragonite|Roost|p1a: Dragonite
|-heal|p1a: Dragonite|100/100
|-singleturn|p1a: Dragonite|move: Roost
|move|p2a: Tyranitar|Dragon Tail|p1a: Dragonite
|-supereffective|p1a: Dragonite
|-damage|p1a: Dragonite|77/100
|drag|p1a: Ditto|Ditto|26/100
|-damage|p1a: Ditto|2/100|[from] Spikes
|-damage|p1a: Ditto|0 fnt|[from] Stealth Rock
|faint|p1a: Ditto
|
|-weather|none
|upkeep
|
|t:|1769421790
|switch|p1a: Zapdos|Zapdos|32/100
|-damage|p1a: Zapdos|7/100|[from] Stealth Rock
|turn|41
|
|t:|1769421811
|switch|p2a: Ting-Lu|Ting-Lu, tera:Ghost|21/100
|-ability|p2a: Ting-Lu|Vessel of Ruin
|move|p1a: Zapdos|Hurricane|p2a: Ting-Lu
|-damage|p2a: Ting-Lu|3/100
|
|-heal|p2a: Ting-Lu|9/100|[from] item: Leftovers
|upkeep
|turn|42
|
|t:|1769421824
|switch|p2a: Tyranitar|Tyranitar, F|97/100 par
|-weather|Sandstorm|[from] ability: Sand Stream|[of] p2a: Tyranitar
|move|p1a: Zapdos|Roost|p1a: Zapdos
|-heal|p1a: Zapdos|57/100
|-singleturn|p1a: Zapdos|move: Roost
|
|-weather|Sandstorm|[upkeep]
|-damage|p1a: Zapdos|50/100|[from] Sandstorm
|upkeep
|turn|43
|
|t:|1769421848
|move|p1a: Zapdos|Roost|p1a: Zapdos
|-heal|p1a: Zapdos|100/100
|-singleturn|p1a: Zapdos|move: Roost
|move|p2a: Tyranitar|Dragon Tail|p1a: Zapdos
|-damage|p1a: Zapdos|82/100
|drag|p1a: Dragonite|Dragonite, F|77/100
|-damage|p1a: Dragonite|52/100|[from] Stealth Rock
|
|-weather|Sandstorm|[upkeep]
|-damage|p1a: Dragonite|46/100|[from] Sandstorm
|upkeep
|turn|44
|
|t:|1769421859
|move|p1a: Dragonite|Roost|p1a: Dragonite
|-heal|p1a: Dragonite|96/100
|-singleturn|p1a: Dragonite|move: Roost
|move|p2a: Tyranitar|Earthquake|p1a: Dragonite
|-damage|p1a: Dragonite|58/100
|
|-weather|Sandstorm|[upkeep]
|-damage|p1a: Dragonite|52/100|[from] Sandstorm
|upkeep
|turn|45
|
|t:|1769421869
|move|p1a: Dragonite|Ice Spinner|p2a: Tyranitar
|-crit|p2a: Tyranitar
|-damage|p2a: Tyranitar|58/100 par
|move|p2a: Tyranitar|Dragon Tail|p1a: Dragonite
|-supereffective|p1a: Dragonite
|-damage|p1a: Dragonite|9/100
|drag|p1a: Zapdos|Zapdos|82/100
|-damage|p1a: Zapdos|57/100|[from] Stealth Rock
|
|-weather|Sandstorm|[upkeep]
|-damage|p1a: Zapdos|51/100|[from] Sandstorm
|upkeep
|turn|46
|
|t:|1769421881
|move|p1a: Zapdos|Hurricane|p2a: Tyranitar
|-resisted|p2a: Tyranitar
|-damage|p2a: Tyranitar|49/100 par
|move|p2a: Tyranitar|Earthquake|p1a: Zapdos
|-immune|p1a: Zapdos
|
|-weather|none
|upkeep
|turn|47
|
|t:|1769421890
|move|p1a: Zapdos|Hurricane|p2a: Tyranitar
|-resisted|p2a: Tyranitar
|-damage|p2a: Tyranitar|36/100 par
|move|p2a: Tyranitar|Stone Edge|p1a: Zapdos
|-supereffective|p1a: Zapdos
|-damage|p1a: Zapdos|0 fnt
|faint|p1a: Zapdos
|
|upkeep
|
|t:|1769421893
|switch|p1a: Dragonite|Dragonite, F|9/100
|-damage|p1a: Dragonite|0 fnt|[from] Stealth Rock
|faint|p1a: Dragonite
|
|win|MikhaelSunworth
|raw|beeboobaa's rating: 1501 &rarr; <strong>1477</strong><br />(-24 for losing)
|raw|MikhaelSunworth's rating: 1439 &rarr; <strong>1463</strong><br />(+24 for winning)
|c|☆MikhaelSunworth|gg
|c|☆beeboobaa|gg
|l|☆beeboobaa
|player|p1|
