|j|☆Come Viejos
|j|☆IronFoxy73
|t:|1769341475
|gametype|singles
|player|p1|Come Viejos|ninjaboy|1199
|player|p2|IronFoxy73|gambler|1190
|gen|9
|tier|[Gen 9] OU
|rated|
|rule|HP Percentage Mod: HP is shown in percentages
|rule|Endless Battle Clause: Forcing endless battles is banned
|rule|Species Clause: Limit one of each Pokémon
|rule|OHKO Clause: OHKO moves are banned
|rule|Evasion Items Clause: Evasion items are banned
|rule|Evasion Moves Clause: Evasion moves are banned
|rule|Evasion Abilities Clause: Evasion abilities are banned
|rule|Sleep Moves Clause: Sleep-inducing moves are banned
|clearpoke
|poke|p1|Ceruledge, F|
|poke|p1|Gallade, M|
|poke|p1|Dragonite, F|
|poke|p1|Gholdengo|
|poke|p1|Garganacl, F|
|poke|p1|Great Tusk|
|poke|p2|Scizor, M|
|poke|p2|Blaziken, M|
|poke|p2|Iron Valiant|
|poke|p2|Gliscor, M|
|poke|p2|Greninja-*, M|
|poke|p2|Glimmora, F|
|teampreview
|inactive|Battle timer is ON: inactive players will automatically lose when time's up. (requested by IronFoxy73)
|
|t:|1769341484
|teamsize|p1|6
|teamsize|p2|6
|start
|switch|p1a: Poligonero|Great Tusk|100/100
|switch|p2a: My Boi|Gliscor, M|100/100
|-enditem|p1a: Poligonero|Booster Energy
|-activate|p1a: Poligonero|ability: Protosynthesis|[fromitem]
|-start|p1a: Poligonero|protosynthesisatk
|turn|1
|
|t:|1769341494
|move|p1a: Poligonero|Stealth Rock|p2a: My Boi
|-sidestart|p2: IronFoxy73|move: Stealth Rock
|move|p2a: My Boi|Psychic Fangs|p1a: Poligonero
|-supereffective|p1a: Poligonero
|-damage|p1a: Poligonero|64/100
|
|-status|p2a: My Boi|tox|[from] item: Toxic Orb
|upkeep
|turn|2
|
|t:|1769341506
|move|p1a: Poligonero|Ice Spinner|p2a: My Boi
|-supereffective|p2a: My Boi
|-damage|p2a: My Boi|0 fnt
|faint|p2a: My Boi
|
|upkeep
|
|t:|1769341513
|switch|p2a: Lockwood|Greninja, M, shiny|100/100
|-damage|p2a: Lockwood|88/100|[from] Stealth Rock
|turn|3
|
|t:|1769341531
|-end|p1a: Poligonero|Protosynthesis|[silent]
|switch|p1a: Transformista|Dragonite, F|100/100
|move|p2a: Lockwood|Ice Beam|p1a: Transformista
|-start|p2a: Lockwood|typechange|Ice|[from] ability: Protean
|-supereffective|p1a: Transformista
|-damage|p1a: Transformista|0 fnt
|faint|p1a: Transformista
|
|upkeep
|
|t:|1769341543
|switch|p1a: Okupa|Garganacl, F|100/100
|turn|4
|
|t:|1769341548
|-terastallize|p1a: Okupa|Fighting
|move|p2a: Lockwood|Surf|p1a: Okupa
|-damage|p1a: Okupa|72/100
|move|p1a: Okupa|Salt Cure|p2a: Lockwood
|-supereffective|p2a: Lockwood
|-damage|p2a: Lockwood|44/100
|-start|p2a: Lockwood|Salt Cure
|
|-heal|p1a: Okupa|78/100|[from] item: Leftovers
|-damage|p2a: Lockwood|32/100|[from] Salt Cure
|upkeep
|turn|5
|
|t:|1769341563
|move|p2a: Lockwood|Extrasensory|p1a: Okupa
|-supereffective|p1a: Okupa
|-damage|p1a: Okupa|33/100
|cant|p1a: Okupa|flinch
|
|-heal|p1a: Okupa|39/100|[from] item: Leftovers
|-damage|p2a: Lockwood|19/100|[from] Salt Cure
|upkeep
|turn|6
|
|t:|1769341573
|move|p2a: Lockwood|Extrasensory|p1a: Okupa
|-supereffective|p1a: Okupa
|-damage|p1a: Okupa|0 fnt
|faint|p1a: Okupa
|
|-damage|p2a: Lockwood|7/100|[from] Salt Cure
|upkeep
|
|t:|1769341580
|switch|p1a: Poligonero|Great Tusk|64/100
|turn|7
|
|t:|1769341587
|move|p2a: Lockwood|Surf|p1a: Poligonero
|-supereffective|p1a: Poligonero
|-damage|p1a: Poligonero|0 fnt
|faint|p1a: Poligonero
|-end|p1a: Poligonero|Protosynthesis|[silent]
|
|-damage|p2a: Lockwood|0 fnt|[from] Salt Cure
|faint|p2a: Lockwood
|upkeep
|
|t:|1769341597
|switch|p2a: Gianna|Glimmora, F|100/100
|switch|p1a: Pepe Serero|Gholdengo|100/100
|-damage|p2a: Gianna|88/100|[from] Stealth Rock
|-item|p2a: Gianna|Air Balloon
|turn|8
|
|t:|1769341609
|move|p2a: Gianna|Earth Power|p1a: Pepe Serero
|-supereffective|p1a: Pepe Serero
|-damage|p1a: Pepe Serero|34/100
|move|p1a: Pepe Serero|Shadow Ball|p2a: Gianna
|-damage|p2a: Gianna|22/100
|-enditem|p2a: Gianna|Air Balloon
|-damage|p1a: Pepe Serero|24/100|[from] item: Life Orb
|
|upkeep
|turn|9
|
|t:|1769341619
|move|p2a: Gianna|Earth Power|p1a: Pepe Serero
|-supereffective|p1a: Pepe Serero
|-damage|p1a: Pepe Serero|0 fnt
|faint|p1a: Pepe Serero
|
|upkeep
|
|t:|1769341625
|switch|p1a: Payo|Gallade, M|100/100
|turn|10
|
|t:|1769341635
|move|p1a: Payo|Psycho Cut|p2a: Gianna
|-supereffective|p2a: Gianna
|-damage|p2a: Gianna|0 fnt
|-activate|p2a: Gianna|ability: Toxic Debris
|-sidestart|p1: Come Viejos|move: Toxic Spikes
|faint|p2a: Gianna
|
|upkeep
|
|t:|1769341655
|switch|p2a: Stark|Scizor, M|100/100
|-damage|p2a: Stark|88/100|[from] Stealth Rock
|turn|11
|
|t:|1769341665
|move|p1a: Payo|Sacred Sword|p2a: Stark
|-damage|p2a: Stark|0 fnt
|faint|p2a: Stark
|
|upkeep
|
|t:|1769341671
|switch|p2a: Femboy|Iron Valiant, shiny|100/100
|-damage|p2a: Femboy|94/100|[from] Stealth Rock
|-enditem|p2a: Femboy|Booster Energy
|-activate|p2a: Femboy|ability: Quark Drive|[fromitem]
|-start|p2a: Femboy|quarkdriveatk
|turn|12
|
|t:|1769341679
|move|p2a: Femboy|Spirit Break|p1a: Payo
|-supereffective|p1a: Payo
|-damage|p1a: Payo|0 fnt
|faint|p1a: Payo
|
|upkeep
|
|t:|1769341685
|switch|p1a: Feriante|Ceruledge, F|100/100
|-status|p1a: Feriante|psn
|turn|13
|inactive|Come Viejos has 120 seconds left.
|
|t:|1769341715
|move|p2a: Femboy|Spirit Break|p1a: Feriante
|-resisted|p1a: Feriante
|-damage|p1a: Feriante|63/100 psn
|-unboost|p1a: Feriante|spa|1
|-ability|p1a: Feriante|Weak Armor|boost
|-unboost|p1a: Feriante|def|1
|-boost|p1a: Feriante|spe|2
|move|p1a: Feriante|Poison Jab|p2a: Femboy
|-supereffective|p2a: Femboy
|-damage|p2a: Femboy|0 fnt
|faint|p2a: Femboy
|-end|p2a: Femboy|Quark Drive|[silent]
|
|-damage|p1a: Feriante|51/100 psn|[from] psn
|upkeep
|
|t:|1769341727
|switch|p2a: Flash|Blaziken, M|100/100
|-damage|p2a: Flash|88/100|[from] Stealth Rock
|turn|14
|
|t:|1769341736
|-terastallize|p2a: Flash|Flying
|move|p1a: Feriante|Poison Jab|p2a: Flash
|-damage|p2a: Flash|34/100
|-status|p2a: Flash|psn
|move|p2a: Flash|Shadow Claw|p1a: Feriante
|-supereffective|p1a: Feriante
|-damage|p1a: Feriante|0 fnt
|faint|p1a: Feriante
|
|win|IronFoxy73
|raw|Come Viejos's rating: 1199 &rarr; <strong>1173</strong><br />(-26 for losing)
|raw|IronFoxy73's rating: 1190 &rarr; <strong>1216</strong><br />(+26 for winning)
|l|☆IronFoxy73
|player|p2|
|l|☆Come Viejos
|player|p1|
