|j|☆Supertestbros
|j|☆Team BBIO 38
|t:|1769363155
|gametype|singles
|player|p1|Supertestbros|1|1397
|player|p2|Team BBIO 38|rocketgrunt|1418
|gen|9
|tier|[Gen 9] OU
|rated|
|rule|HP Percentage Mod: HP is shown in percentages
|rule|Endless Battle Clause: Forcing endless battles is banned
|rule|Species Clause: Limit one of each Pokémon
|rule|OHKO Clause: OHKO moves are banned
|rule|Evasion Items Clause: Evasion items are banned
|rule|Evasion Moves Clause: Evasion moves are banned
|rule|Evasion Abilities Clause: Evasion abilities are banned
|rule|Sleep Moves Clause: Sleep-inducing moves are banned
|clearpoke
|poke|p1|Hydrapple, M|
|poke|p1|Gliscor, M|
|poke|p1|Slowking-Galar, M|
|poke|p1|Cinderace, M|
|poke|p1|Kingambit, M|
|poke|p1|Iron Valiant|
|poke|p2|Dusclops, M|
|poke|p2|Blissey, F|
|poke|p2|Flamigo, M|
|poke|p2|Latias, F|
|poke|p2|Darkrai|
|poke|p2|Dragonite, M|
|teampreview
|inactive|Battle timer is ON: inactive players will automatically lose when time's up. (requested by Team BBIO 38)
|inactive|Supertestbros also wants the timer to be on.
|j| AdmiradorDeMessi
|
|t:|1769363180
|teamsize|p1|6
|teamsize|p2|6
|start
|switch|p1a: Gliscor|Gliscor, M, shiny|100/100
|switch|p2a: Darkrai|Darkrai|100/100
|turn|1
|
|t:|1769363199
|switch|p1a: Slowking|Slowking-Galar, M, shiny|100/100
|move|p2a: Darkrai|Ice Beam|p1a: Slowking
|-damage|p1a: Slowking|73/100
|-status|p1a: Slowking|frz
|
|upkeep
|turn|2
|
|t:|1769363220
|switch|p2a: Dragonite|Dragonite, M|100/100
|cant|p1a: Slowking|frz
|
|upkeep
|turn|3
|
|t:|1769363224
|switch|p1a: Iron Valiant|Iron Valiant, shiny|100/100
|-enditem|p1a: Iron Valiant|Booster Energy
|-activate|p1a: Iron Valiant|ability: Quark Drive|[fromitem]
|-start|p1a: Iron Valiant|quarkdrivespe
|move|p2a: Dragonite|Dragon Dance|p2a: Dragonite
|-boost|p2a: Dragonite|atk|1
|-boost|p2a: Dragonite|spe|1
|
|upkeep
|turn|4
|
|t:|1769363236
|-terastallize|p2a: Dragonite|Normal
|move|p1a: Iron Valiant|Encore|p2a: Dragonite
|-start|p2a: Dragonite|Encore
|move|p2a: Dragonite|Dragon Dance|p2a: Dragonite
|-boost|p2a: Dragonite|atk|1
|-boost|p2a: Dragonite|spe|1
|
|upkeep
|turn|5
|
|t:|1769363243
|switch|p2a: Blissey|Blissey, F|100/100
|move|p1a: Iron Valiant|Knock Off|p2a: Blissey
|-damage|p2a: Blissey|74/100
|-enditem|p2a: Blissey|Leftovers|[from] move: Knock Off|[of] p1a: Iron Valiant
|
|upkeep
|turn|6
|
|t:|1769363249
|-end|p1a: Iron Valiant|Quark Drive|[silent]
|switch|p1a: Gliscor|Gliscor, M, shiny|100/100
|move|p2a: Blissey|Stealth Rock|p1a: Gliscor
|-sidestart|p1: Supertestbros|move: Stealth Rock
|
|-status|p1a: Gliscor|tox|[from] item: Toxic Orb
|upkeep
|turn|7
|
|t:|1769363259
|move|p1a: Gliscor|Swords Dance|p1a: Gliscor
|-boost|p1a: Gliscor|atk|2
|move|p2a: Blissey|Seismic Toss|p1a: Gliscor
|-damage|p1a: Gliscor|66/100 tox
|
|-heal|p1a: Gliscor|79/100 tox|[from] ability: Poison Heal
|upkeep
|turn|8
|
|t:|1769363272
|switch|p2a: Dusclops|Dusclops, M|100/100
|-item|p1a: Gliscor|Toxic Orb|[from] ability: Frisk|[of] p2a: Dusclops
|move|p1a: Gliscor|Earthquake|p2a: Dusclops
|-damage|p2a: Dusclops|62/100
|
|-heal|p1a: Gliscor|91/100 tox|[from] ability: Poison Heal
|upkeep
|turn|9
|
|t:|1769363279
|move|p1a: Gliscor|Swords Dance|p1a: Gliscor
|-boost|p1a: Gliscor|atk|2
|move|p2a: Dusclops|Pain Split|p1a: Gliscor
|-sethp|p1a: Gliscor|76/100 tox|[from] move: Pain Split|[silent]
|-sethp|p2a: Dusclops|78/100|[from] move: Pain Split
|
|-heal|p1a: Gliscor|88/100 tox|[from] ability: Poison Heal
|upkeep
|turn|10
|
|t:|1769363287
|move|p1a: Gliscor|Earthquake|p2a: Dusclops
|-damage|p2a: Dusclops|21/100
|move|p2a: Dusclops|Haze|p2a: Dusclops
|-clearallboost
|
|-heal|p1a: Gliscor|100/100 tox|[from] ability: Poison Heal
|upkeep
|turn|11
|
|t:|1769363293
|move|p1a: Gliscor|Earthquake|p2a: Dusclops
|-damage|p2a: Dusclops|2/100
|move|p2a: Dusclops|Pain Split|p1a: Gliscor
|-sethp|p1a: Gliscor|51/100 tox|[from] move: Pain Split|[silent]
|-sethp|p2a: Dusclops|52/100|[from] move: Pain Split
|
|-heal|p1a: Gliscor|63/100 tox|[from] ability: Poison Heal
|upkeep
|turn|12
|
|t:|1769363302
|switch|p1a: Cinderace|Cinderace, M, shiny|100/100
|switch|p2a: Dragonite|Dragonite, M, tera:Normal|100/100
|
|upkeep
|turn|13
|
|t:|1769363307
|move|p1a: Cinderace|Court Change|p1a: Cinderace
|-start|p1a: Cinderace|typechange|Normal|[from] ability: Libero
|-swapsideconditions
|-activate|p1a: Cinderace|move: Court Change
|move|p2a: Dragonite|Dragon Dance|p2a: Dragonite
|-boost|p2a: Dragonite|atk|1
|-boost|p2a: Dragonite|spe|1
|
|upkeep
|turn|14
|
|t:|1769363313
|move|p2a: Dragonite|Dragon Dance|p2a: Dragonite
|-boost|p2a: Dragonite|atk|1
|-boost|p2a: Dragonite|spe|1
|move|p1a: Cinderace|Pyro Ball|p2a: Dragonite
|-damage|p2a: Dragonite|78/100
|-status|p2a: Dragonite|brn
|
|-damage|p2a: Dragonite|71/100 brn|[from] brn
|upkeep
|turn|15
|
|t:|1769363322
|move|p2a: Dragonite|Earthquake|p1a: Cinderace
|-damage|p1a: Cinderace|43/100
|move|p1a: Cinderace|U-turn|p2a: Dragonite
|-damage|p2a: Dragonite|48/100 brn
|
|t:|1769363332
|switch|p1a: Gliscor|Gliscor, M, shiny|63/100 tox|[from] U-turn
|
|-heal|p1a: Gliscor|76/100 tox|[from] ability: Poison Heal
|-damage|p2a: Dragonite|42/100 brn|[from] brn
|upkeep
|turn|16
|
|t:|1769363348
|move|p2a: Dragonite|Ice Spinner|p1a: Gliscor
|-supereffective|p1a: Gliscor
|-damage|p1a: Gliscor|0 fnt
|faint|p1a: Gliscor
|
|-damage|p2a: Dragonite|35/100 brn|[from] brn
|upkeep
|
|t:|1769363357
|switch|p1a: Kingambit|Kingambit, M, shiny|100/100
|-activate|p1a: Kingambit|ability: Supreme Overlord
|-start|p1a: Kingambit|fallen1|[silent]
|-item|p1a: Kingambit|Air Balloon
|turn|17
|
|t:|1769363362
|move|p2a: Dragonite|Earthquake|p1a: Kingambit
|-immune|p1a: Kingambit
|move|p1a: Kingambit|Swords Dance|p1a: Kingambit
|-boost|p1a: Kingambit|atk|2
|
|-damage|p2a: Dragonite|29/100 brn|[from] brn
|upkeep
|turn|18
|
|t:|1769363371
|move|p2a: Dragonite|Extreme Speed|p1a: Kingambit
|-resisted|p1a: Kingambit
|-damage|p1a: Kingambit|81/100
|-enditem|p1a: Kingambit|Air Balloon
|move|p1a: Kingambit|Sucker Punch||[still]
|-fail|p1a: Kingambit
|
|-damage|p2a: Dragonite|23/100 brn|[from] brn
|upkeep
|turn|19
|
|t:|1769363387
|move|p1a: Kingambit|Sucker Punch|p2a: Dragonite
|-crit|p2a: Dragonite
|-damage|p2a: Dragonite|0 fnt
|faint|p2a: Dragonite
|
|upkeep
|
|t:|1769363391
|switch|p2a: Flamigo|Flamigo, M|100/100
|-damage|p2a: Flamigo|88/100|[from] Stealth Rock
|turn|20
|
|t:|1769363398
|-terastallize|p1a: Kingambit|Fighting
|move|p2a: Flamigo|Close Combat|p1a: Kingambit
|-damage|p1a: Kingambit|27/100
|-unboost|p2a: Flamigo|def|1
|-unboost|p2a: Flamigo|spd|1
|move|p1a: Kingambit|Iron Head|p2a: Flamigo
|-damage|p2a: Flamigo|0 fnt
|faint|p2a: Flamigo
|
|upkeep
|
|t:|1769363408
|switch|p2a: Darkrai|Darkrai|100/100
|-damage|p2a: Darkrai|88/100|[from] Stealth Rock
|turn|21
|
|t:|1769363416
|move|p1a: Kingambit|Sucker Punch|p2a: Darkrai
|-resisted|p2a: Darkrai
|-damage|p2a: Darkrai|33/100
|move|p2a: Darkrai|Psychic|p1a: Kingambit
|-supereffective|p1a: Kingambit
|-crit|p1a: Kingambit
|-damage|p1a: Kingambit|0 fnt
|faint|p1a: Kingambit
|-end|p1a: Kingambit|fallen1|[silent]
|
|upkeep
|
|t:|1769363436
|switch|p1a: Cinderace|Cinderace, M, shiny|43/100
|turn|22
|
|t:|1769363446
|move|p1a: Cinderace|Sucker Punch|p2a: Darkrai
|-start|p1a: Cinderace|typechange|Dark|[from] ability: Libero
|-resisted|p2a: Darkrai
|-damage|p2a: Darkrai|8/100
|move|p2a: Darkrai|Psychic|p1a: Cinderace
|-immune|p1a: Cinderace
|
|upkeep
|turn|23
|
|t:|1769363453
|move|p2a: Darkrai|Psychic|p1a: Cinderace
|-immune|p1a: Cinderace
|move|p1a: Cinderace|U-turn|p2a: Darkrai
|-supereffective|p2a: Darkrai
|-damage|p2a: Darkrai|0 fnt
|faint|p2a: Darkrai
|
|t:|1769363464
|switch|p1a: Iron Valiant|Iron Valiant, shiny|100/100|[from] U-turn
|
|upkeep
|
|t:|1769363472
|switch|p2a: Dusclops|Dusclops, M|52/100
|-damage|p2a: Dusclops|40/100|[from] Stealth Rock
|turn|24
|
|t:|1769363489
|move|p1a: Iron Valiant|Knock Off|p2a: Dusclops
|-supereffective|p2a: Dusclops
|-damage|p2a: Dusclops|15/100
|-enditem|p2a: Dusclops|Eviolite|[from] move: Knock Off|[of] p1a: Iron Valiant
|move|p2a: Dusclops|Pain Split|p1a: Iron Valiant
|-sethp|p1a: Iron Valiant|57/100|[from] move: Pain Split|[silent]
|-sethp|p2a: Dusclops|58/100|[from] move: Pain Split
|
|upkeep
|turn|25
|
|t:|1769363497
|move|p1a: Iron Valiant|Encore|p2a: Dusclops
|-start|p2a: Dusclops|Encore
|move|p2a: Dusclops|Pain Split|p1a: Iron Valiant
|-sethp|p1a: Iron Valiant|57/100|[from] move: Pain Split|[silent]
|-sethp|p2a: Dusclops|58/100|[from] move: Pain Split
|
|upkeep
|turn|26
|
|t:|1769363503
|switch|p2a: Blissey|Blissey, F|74/100
|-damage|p2a: Blissey|62/100|[from] Stealth Rock
|move|p1a: Iron Valiant|Moonblast|p2a: Blissey
|-damage|p2a: Blissey|46/100
|
|upkeep
|turn|27
|
|t:|1769363513
|-end|p1a: Iron Valiant|Quark Drive|[silent]
|switch|p1a: Cinderace|Cinderace, M, shiny|43/100
|move|p2a: Blissey|Seismic Toss|p1a: Cinderace
|-damage|p1a: Cinderace|10/100
|
|upkeep
|turn|28
|
|t:|1769363521
|move|p1a: Cinderace|Pyro Ball|p2a: Blissey
|-damage|p2a: Blissey|0 fnt
|faint|p2a: Blissey
|
|upkeep
|
|t:|1769363526
|switch|p2a: Dusclops|Dusclops, M|58/100
|-damage|p2a: Dusclops|46/100|[from] Stealth Rock
|-item|p1a: Cinderace|Heavy-Duty Boots|[from] ability: Frisk|[of] p2a: Dusclops
|turn|29
|
|t:|1769363537
|move|p1a: Cinderace|Pyro Ball|p2a: Dusclops
|-crit|p2a: Dusclops
|-damage|p2a: Dusclops|0 fnt
|faint|p2a: Dusclops
|
|upkeep
|
|t:|1769363540
|switch|p2a: Alaric|Latias, F|100/100
|-damage|p2a: Alaric|88/100|[from] Stealth Rock
|turn|30
|
|t:|1769363544
|move|p1a: Cinderace|U-turn|p2a: Alaric
|-start|p1a: Cinderace|typechange|Bug|[from] ability: Libero
|-supereffective|p2a: Alaric
|-damage|p2a: Alaric|28/100
|
|t:|1769363548
|switch|p1a: Iron Valiant|Iron Valiant, shiny|57/100|[from] U-turn
|move|p2a: Alaric|Calm Mind|p2a: Alaric
|-boost|p2a: Alaric|spa|1
|-boost|p2a: Alaric|spd|1
|
|upkeep
|turn|31
|
|t:|1769363553
|move|p1a: Iron Valiant|Encore|p2a: Alaric
|-start|p2a: Alaric|Encore
|move|p2a: Alaric|Calm Mind|p2a: Alaric
|-boost|p2a: Alaric|spa|1
|-boost|p2a: Alaric|spd|1
|
|upkeep
|turn|32
|-message|Team BBIO 38 forfeited.
|
|win|Supertestbros
|raw|Supertestbros's rating: 1397 &rarr; <strong>1418</strong><br />(+21 for winning)
|raw|Team BBIO 38's rating: 1418 &rarr; <strong>1397</strong><br />(-21 for losing)
|l|☆Team BBIO 38
|player|p2|
|l|☆Supertestbros
|player|p1|
