|j|☆OP Sand
|j|☆jpig44
|t:|1769325553
|gametype|singles
|player|p1|OP Sand|giovanni-masters|1669
|player|p2|jpig44|red-masters|1697
|gen|9
|tier|[Gen 9] OU
|rated|
|rule|HP Percentage Mod: HP is shown in percentages
|rule|Endless Battle Clause: Forcing endless battles is banned
|rule|Species Clause: Limit one of each Pokémon
|rule|OHKO Clause: OHKO moves are banned
|rule|Evasion Items Clause: Evasion items are banned
|rule|Evasion Moves Clause: Evasion moves are banned
|rule|Evasion Abilities Clause: Evasion abilities are banned
|rule|Sleep Moves Clause: Sleep-inducing moves are banned
|clearpoke
|poke|p1|Excadrill, M|
|poke|p1|Tyranitar, F|
|poke|p1|Kyurem|
|poke|p1|Hawlucha, M|
|poke|p1|Pawmot, F|
|poke|p1|Greninja-*, F|
|poke|p2|Lokix, F|
|poke|p2|Cinderace, M|
|poke|p2|Great Tusk|
|poke|p2|Alomomola, F|
|poke|p2|Enamorus, F|
|poke|p2|Slowking-Galar, F|
|teampreview
|inactive|Battle timer is ON: inactive players will automatically lose when time's up. (requested by OP Sand)
|
|t:|1769325570
|teamsize|p1|6
|teamsize|p2|6
|start
|switch|p1a: Greninja|Greninja, F|100/100
|switch|p2a: Lokix|Lokix, F|100/100
|turn|1
|
|t:|1769325574
|-terastallize|p1a: Greninja|Water
|move|p1a: Greninja|Water Shuriken|p2a: Lokix
|-damage|p2a: Lokix|77/100
|-damage|p2a: Lokix|49/100
|-hitcount|p2a: Lokix|2
|move|p2a: Lokix|U-turn|p1a: Greninja
|-damage|p1a: Greninja|25/100
|
|t:|1769325583
|switch|p2a: Alomomola|Alomomola, F|100/100|[from] U-turn
|
|upkeep
|turn|2
|
|t:|1769325587
|switch|p1a: Shukaku|Tyranitar, F, shiny|100/100
|-weather|Sandstorm|[from] ability: Sand Stream|[of] p1a: Shukaku
|move|p2a: Alomomola|Flip Turn|p1a: Shukaku
|-supereffective|p1a: Shukaku
|-damage|p1a: Shukaku|79/100
|
|t:|1769325595
|switch|p2a: Lokix|Lokix, F|49/100|[from] Flip Turn
|
|-weather|Sandstorm|[upkeep]
|-damage|p2a: Lokix|43/100|[from] Sandstorm
|upkeep
|turn|3
|
|t:|1769325599
|switch|p1a: Itachi|Hawlucha, M, shiny|100/100
|-ability|p1a: Itachi|Mold Breaker
|move|p2a: Lokix|Leech Life|p1a: Itachi
|-resisted|p1a: Itachi
|-damage|p1a: Itachi|56/100
|-heal|p2a: Lokix|66/100|[from] drain|[of] p1a: Itachi
|-enditem|p1a: Itachi|Red Card|[of] p2a: Lokix
|drag|p2a: Slowking|Slowking-Galar, F|100/100
|
|-weather|Sandstorm|[upkeep]
|-damage|p1a: Itachi|50/100|[from] Sandstorm
|-damage|p2a: Slowking|94/100|[from] Sandstorm
|upkeep
|turn|4
|
|t:|1769325606
|move|p1a: Itachi|Brave Bird|p2a: Slowking
|-damage|p2a: Slowking|58/100
|-damage|p1a: Itachi|34/100|[from] Recoil
|-prepare|p2a: Slowking|Chilly Reception|[premajor]
|move|p2a: Slowking|Chilly Reception|p2a: Slowking
|-weather|Snowscape
|
|t:|1769325621
|switch|p2a: Enamorus|Enamorus, F|100/100|[from] Chilly Reception
|
|-weather|Snowscape|[upkeep]
|upkeep
|turn|5
|
|t:|1769325628
|move|p2a: Enamorus|Moonblast|p1a: Itachi
|-supereffective|p1a: Itachi
|-damage|p1a: Itachi|0 fnt
|faint|p1a: Itachi
|
|-weather|Snowscape|[upkeep]
|upkeep
|
|t:|1769325630
|switch|p1a: OP|Excadrill, M|100/100
|turn|6
|
|t:|1769325635
|switch|p2a: Great Tusk|Great Tusk|100/100
|switch|p1a: Shukaku|Tyranitar, F, shiny|79/100
|-weather|Sandstorm|[from] ability: Sand Stream|[of] p1a: Shukaku
|
|-weather|Sandstorm|[upkeep]
|upkeep
|turn|7
|
|t:|1769325643
|move|p2a: Great Tusk|Rapid Spin|p1a: Shukaku
|-resisted|p1a: Shukaku
|-damage|p1a: Shukaku|74/100
|-boost|p2a: Great Tusk|spe|1
|move|p1a: Shukaku|Ice Beam|p2a: Great Tusk
|-supereffective|p2a: Great Tusk
|-damage|p2a: Great Tusk|39/100
|
|-weather|Sandstorm|[upkeep]
|-heal|p2a: Great Tusk|45/100|[from] item: Leftovers
|upkeep
|turn|8
|
|t:|1769325664
|switch|p1a: Frieza|Kyurem, shiny|100/100
|-ability|p1a: Frieza|Pressure
|move|p2a: Great Tusk|Earthquake|p1a: Frieza
|-damage|p1a: Frieza|60/100
|
|-weather|Sandstorm|[upkeep]
|-damage|p1a: Frieza|54/100|[from] Sandstorm
|-heal|p2a: Great Tusk|52/100|[from] item: Leftovers
|upkeep
|turn|9
|
|t:|1769325673
|-end|p2a: Great Tusk|Protosynthesis|[silent]
|switch|p2a: Alomomola|Alomomola, F|100/100
|move|p1a: Frieza|Earth Power|p2a: Alomomola
|-damage|p2a: Alomomola|85/100
|
|-weather|Sandstorm|[upkeep]
|-damage|p1a: Frieza|48/100|[from] Sandstorm
|-damage|p2a: Alomomola|79/100|[from] Sandstorm
|upkeep
|turn|10
|
|t:|1769325676
|move|p1a: Frieza|Endeavor|p2a: Alomomola
|-damage|p2a: Alomomola|36/100
|move|p2a: Alomomola|Flip Turn|p1a: Frieza
|-resisted|p1a: Frieza
|-damage|p1a: Frieza|40/100
|
|t:|1769325681
|switch|p2a: Enamorus|Enamorus, F|100/100|[from] Flip Turn
|
|-weather|Sandstorm|[upkeep]
|-damage|p2a: Enamorus|94/100|[from] Sandstorm
|-damage|p1a: Frieza|34/100|[from] Sandstorm
|upkeep
|turn|11
|
|t:|1769325685
|switch|p1a: OP|Excadrill, M|100/100
|move|p2a: Enamorus|Moonblast|p1a: OP
|-resisted|p1a: OP
|-damage|p1a: OP|64/100
|
|-weather|Sandstorm|[upkeep]
|-damage|p2a: Enamorus|88/100|[from] Sandstorm
|upkeep
|turn|12
|
|t:|1769325690
|switch|p2a: Great Tusk|Great Tusk|52/100
|move|p1a: OP|Earthquake|p2a: Great Tusk
|-damage|p2a: Great Tusk|3/100
|
|-weather|Sandstorm|[upkeep]
|-heal|p2a: Great Tusk|9/100|[from] item: Leftovers
|upkeep
|turn|13
|
|t:|1769325697
|move|p1a: OP|Earthquake|p2a: Great Tusk
|-damage|p2a: Great Tusk|0 fnt
|faint|p2a: Great Tusk
|-end|p2a: Great Tusk|Protosynthesis|[silent]
|
|-weather|none
|upkeep
|
|t:|1769325701
|switch|p2a: Cinderace|Cinderace, M|100/100
|turn|14
|
|t:|1769325708
|switch|p1a: Shukaku|Tyranitar, F, shiny|74/100
|-weather|Sandstorm|[from] ability: Sand Stream|[of] p1a: Shukaku
|move|p2a: Cinderace|U-turn|p1a: Shukaku
|-supereffective|p1a: Shukaku
|-damage|p1a: Shukaku|47/100
|
|t:|1769325710
|switch|p2a: Lokix|Lokix, F|66/100|[from] U-turn
|
|-weather|Sandstorm|[upkeep]
|-damage|p2a: Lokix|60/100|[from] Sandstorm
|upkeep
|turn|15
|
|t:|1769325716
|switch|p1a: Frieza|Kyurem, shiny|34/100
|-ability|p1a: Frieza|Pressure
|move|p2a: Lokix|U-turn|p1a: Frieza
|-damage|p1a: Frieza|0 fnt
|faint|p1a: Frieza
|
|t:|1769325721
|switch|p2a: Alomomola|Alomomola, F|69/100|[from] U-turn
|
|-weather|Sandstorm|[upkeep]
|-damage|p2a: Alomomola|63/100|[from] Sandstorm
|upkeep
|
|t:|1769325724
|switch|p1a: Shukaku|Tyranitar, F, shiny|47/100
|turn|16
|
|t:|1769325737
|move|p1a: Shukaku|Stealth Rock|p2a: Alomomola
|-sidestart|p2: jpig44|move: Stealth Rock
|move|p2a: Alomomola|Flip Turn|p1a: Shukaku
|-supereffective|p1a: Shukaku
|-damage|p1a: Shukaku|24/100
|
|t:|1769325742
|switch|p2a: Cinderace|Cinderace, M|100/100|[from] Flip Turn
|
|-weather|Sandstorm|[upkeep]
|-damage|p2a: Cinderace|94/100|[from] Sandstorm
|upkeep
|turn|17
|
|t:|1769325744
|move|p2a: Cinderace|U-turn|p1a: Shukaku
|-supereffective|p1a: Shukaku
|-damage|p1a: Shukaku|0 fnt
|faint|p1a: Shukaku
|
|t:|1769325751
|switch|p2a: Slowking|Slowking-Galar, F|91/100|[from] U-turn
|-damage|p2a: Slowking|79/100|[from] Stealth Rock
|
|-weather|Sandstorm|[upkeep]
|-damage|p2a: Slowking|73/100|[from] Sandstorm
|upkeep
|
|t:|1769325755
|switch|p1a: Porunga|Pawmot, F|100/100
|turn|18
|
|t:|1769325759
|move|p1a: Porunga|Revival Blessing|p1a: Porunga
|-enditem|p1a: Porunga|Leppa Berry|[eat]
|-activate|p1a: Porunga|item: Leppa Berry|Revival Blessing|[consumed]
|
|t:|1769325762
|-heal|p1: Shukaku|50/100|[from] move: Revival Blessing
|move|p2a: Slowking|Future Sight|p1a: Porunga
|-start|p2a: Slowking|move: Future Sight
|
|-weather|Sandstorm|[upkeep]
|-damage|p1a: Porunga|95/100|[from] Sandstorm
|-damage|p2a: Slowking|66/100|[from] Sandstorm
|upkeep
|turn|19
|
|t:|1769325767
|move|p1a: Porunga|Revival Blessing|p1a: Porunga
|
|t:|1769325776
|-heal|p1: Frieza|50/100|[from] move: Revival Blessing
|-prepare|p2a: Slowking|Chilly Reception|[premajor]
|move|p2a: Slowking|Chilly Reception|p2a: Slowking
|-weather|Snowscape
|
|t:|1769325786
|switch|p2a: Enamorus|Enamorus, F|88/100|[from] Chilly Reception
|-damage|p2a: Enamorus|63/100|[from] Stealth Rock
|
|-weather|Snowscape|[upkeep]
|upkeep
|turn|20
|
|t:|1769325805
|switch|p1a: Shukaku|Tyranitar, F, shiny|50/100
|-weather|Sandstorm|[from] ability: Sand Stream|[of] p1a: Shukaku
|move|p2a: Enamorus|Earth Power|p1a: Shukaku
|-supereffective|p1a: Shukaku
|-damage|p1a: Shukaku|2/100
|
|-weather|Sandstorm|[upkeep]
|-damage|p2a: Enamorus|57/100|[from] Sandstorm
|-end|p1a: Shukaku|move: Future Sight
|-immune|p1a: Shukaku
|upkeep
|turn|21
|
|t:|1769325814
|switch|p1a: Frieza|Kyurem, shiny|50/100
|-ability|p1a: Frieza|Pressure
|move|p2a: Enamorus|Earth Power|p1a: Frieza
|-damage|p1a: Frieza|16/100
|
|-weather|Sandstorm|[upkeep]
|-damage|p2a: Enamorus|51/100|[from] Sandstorm
|-damage|p1a: Frieza|10/100|[from] Sandstorm
|upkeep
|turn|22
|j| AmberArm
|
|t:|1769325822
|move|p2a: Enamorus|Earth Power|p1a: Frieza
|-damage|p1a: Frieza|0 fnt
|faint|p1a: Frieza
|
|-weather|Sandstorm|[upkeep]
|-damage|p2a: Enamorus|44/100|[from] Sandstorm
|upkeep
|
|t:|1769325833
|switch|p1a: OP|Excadrill, M|64/100
|turn|23
|
|t:|1769325837
|switch|p2a: Alomomola|Alomomola, F|96/100
|-damage|p2a: Alomomola|84/100|[from] Stealth Rock
|move|p1a: OP|Iron Head|p2a: Alomomola
|-resisted|p2a: Alomomola
|-damage|p2a: Alomomola|56/100
|
|-weather|Sandstorm|[upkeep]
|-damage|p2a: Alomomola|50/100|[from] Sandstorm
|upkeep
|turn|24
|
|t:|1769325842
|move|p1a: OP|Iron Head|p2a: Alomomola
|-resisted|p2a: Alomomola
|-damage|p2a: Alomomola|25/100
|move|p2a: Alomomola|Flip Turn|p1a: OP
|-supereffective|p1a: OP
|-damage|p1a: OP|12/100
|
|t:|1769325851
|switch|p2a: Cinderace|Cinderace, M|94/100|[from] Flip Turn
|
|-weather|Sandstorm|[upkeep]
|-damage|p2a: Cinderace|88/100|[from] Sandstorm
|upkeep
|turn|25
|
|t:|1769325856
|switch|p2a: Alomomola|Alomomola, F|58/100
|-damage|p2a: Alomomola|46/100|[from] Stealth Rock
|move|p1a: OP|Iron Head|p2a: Alomomola
|-resisted|p2a: Alomomola
|-damage|p2a: Alomomola|20/100
|
|-weather|Sandstorm|[upkeep]
|-damage|p2a: Alomomola|14/100|[from] Sandstorm
|upkeep
|turn|26
|
|t:|1769325861
|move|p2a: Alomomola|Aqua Jet|p1a: OP
|-supereffective|p1a: OP
|-damage|p1a: OP|0 fnt
|faint|p1a: OP
|
|-weather|Sandstorm|[upkeep]
|-damage|p2a: Alomomola|8/100|[from] Sandstorm
|upkeep
|
|t:|1769325870
|switch|p1a: Greninja|Greninja, F, tera:Water|25/100
|turn|27
|
|t:|1769325882
|move|p2a: Alomomola|Aqua Jet|p1a: Greninja
|-resisted|p1a: Greninja
|-damage|p1a: Greninja|16/100
|move|p1a: Greninja|Surf|p2a: Alomomola
|-resisted|p2a: Alomomola
|-damage|p2a: Alomomola|0 fnt
|faint|p2a: Alomomola
|
|-weather|none
|upkeep
|
|t:|1769325906
|switch|p2a: Lokix|Lokix, F|60/100
|-damage|p2a: Lokix|35/100|[from] Stealth Rock
|turn|28
|
|t:|1769325909
|switch|p1a: Shukaku|Tyranitar, F, shiny|2/100
|-weather|Sandstorm|[from] ability: Sand Stream|[of] p1a: Shukaku
|move|p2a: Lokix|First Impression|p1a: Shukaku
|-supereffective|p1a: Shukaku
|-crit|p1a: Shukaku
|-damage|p1a: Shukaku|0 fnt
|faint|p1a: Shukaku
|
|-weather|Sandstorm|[upkeep]
|-damage|p2a: Lokix|28/100|[from] Sandstorm
|upkeep
|
|t:|1769325914
|switch|p1a: Porunga|Pawmot, F|95/100
|turn|29
|
|t:|1769325924
|switch|p2a: Enamorus|Enamorus, F|44/100
|-damage|p2a: Enamorus|20/100|[from] Stealth Rock
|move|p1a: Porunga|Metronome|p1a: Porunga
|move|p1a: Porunga|Esper Wing|p2a: Enamorus|[from] move: Metronome
|-damage|p2a: Enamorus|2/100
|-boost|p1a: Porunga|spe|1
|
|-weather|Sandstorm|[upkeep]
|-damage|p1a: Porunga|89/100|[from] Sandstorm
|-damage|p2a: Enamorus|0 fnt|[from] Sandstorm
|faint|p2a: Enamorus
|upkeep
|
|t:|1769325933
|switch|p2a: Slowking|Slowking-Galar, F|99/100
|-damage|p2a: Slowking|87/100|[from] Stealth Rock
|turn|30
|
|t:|1769325940
|move|p1a: Porunga|Rest|p1a: Porunga
|-status|p1a: Porunga|slp|[from] move: Rest
|-heal|p1a: Porunga|100/100 slp|[silent]
|move|p2a: Slowking|Future Sight|p1a: Porunga
|-start|p2a: Slowking|move: Future Sight
|
|-weather|Sandstorm|[upkeep]
|-damage|p1a: Porunga|95/100 slp|[from] Sandstorm
|-damage|p2a: Slowking|81/100|[from] Sandstorm
|upkeep
|turn|31
|
|t:|1769325944
|cant|p1a: Porunga|slp
|move|p1a: Porunga|Sleep Talk|p1a: Porunga
|move|p1a: Porunga|Rest||[from] move: Sleep Talk|[still]
|-fail|p1a: Porunga
|move|p2a: Slowking|Sludge Bomb|p1a: Porunga
|-damage|p1a: Porunga|47/100 slp
|
|-weather|Sandstorm|[upkeep]
|-damage|p1a: Porunga|41/100 slp|[from] Sandstorm
|-damage|p2a: Slowking|75/100|[from] Sandstorm
|upkeep
|turn|32
|
|t:|1769325950
|cant|p1a: Porunga|slp
|move|p1a: Porunga|Sleep Talk|p1a: Porunga
|move|p1a: Porunga|Revival Blessing|p1a: Porunga|[from] move: Sleep Talk
|c|☆jpig44|metronome is peak what
|c|☆jpig44|OMG
|
|t:|1769325959
|-heal|p1: OP|50/100|[from] move: Revival Blessing
|-prepare|p2a: Slowking|Chilly Reception|[premajor]
|move|p2a: Slowking|Chilly Reception|p2a: Slowking
|-weather|Snowscape
|c|☆jpig44|this is so damn cool
|
|t:|1769325970
|switch|p2a: Lokix|Lokix, F|28/100|[from] Chilly Reception
|-damage|p2a: Lokix|4/100|[from] Stealth Rock
|
|-weather|Snowscape|[upkeep]
|-end|p1a: Porunga|move: Future Sight
|-supereffective|p1a: Porunga
|-crit|p1a: Porunga
|-damage|p1a: Porunga|0 fnt
|faint|p1a: Porunga
|upkeep
|
|t:|1769325980
|switch|p1a: Greninja|Greninja, F, tera:Water|16/100
|turn|33
|
|t:|1769325985
|move|p2a: Lokix|First Impression|p1a: Greninja
|-damage|p1a: Greninja|0 fnt
|faint|p1a: Greninja
|
|-weather|Snowscape|[upkeep]
|upkeep
|c|☆OP Sand|!dt first impression
|c|☆OP Sand|/raw <ul class="utilichart"><li class="result"><span class="col movenamecol"><a href="https://dex.pokemonshowdown.com/moves/firstimpression">First Impression</a></span> <span class="col typecol"><img src="//play.pokemonshowdown.com/sprites/types/Bug.png" alt="Bug" width="32" height="14"><img src="//play.pokemonshowdown.com/sprites/categories/Physical.png" alt="Physical" width="32" height="14"></span> <span class="col labelcol"><em>Power</em><br>90</span> <span class="col widelabelcol"><em>Accuracy</em><br>100%</span> <span class="col pplabelcol"><em>PP</em><br>16</span> <span class="col movedesccol">Nearly always goes first. First turn out only.</span> </li><li style="clear:both"></li></ul>
|c|☆OP Sand|/raw <font size="1"><font color="#686868">Priority:</font> 2&nbsp;|&ThickSpace;<font color="#686868">Gen:</font> 7&nbsp;|&ThickSpace;&#10003; Contact&nbsp;|&ThickSpace;<font color="#686868">Z-Power:</font> 175&nbsp;|&ThickSpace;<font color="#686868">Target:</font> One Adjacent Pokémon</font>

|c|☆jpig44|ggs bro holy heat
|c|☆OP Sand|oh 2
|inactive|OP Sand has 120 seconds left.
|c|☆jpig44|yeah lol
|c|☆OP Sand|I thought 1 lol
|-message|OP Sand forfeited.
|
|win|jpig44
|raw|OP Sand's rating: 1669 &rarr; <strong>1651</strong><br />(-18 for losing)
|raw|jpig44's rating: 1697 &rarr; <strong>1715</strong><br />(+18 for winning)
|l|☆OP Sand
|player|p1|
|l| AmberArm
|l|☆jpig44
|player|p2|
