|j|☆beeboobaa
|j|☆kimmmmmmm66
|t:|1769372662
|gametype|singles
|player|p1|beeboobaa|2|1395
|player|p2|kimmmmmmm66|170|1403
|gen|9
|tier|[Gen 9] OU
|rated|
|rule|HP Percentage Mod: HP is shown in percentages
|rule|Endless Battle Clause: Forcing endless battles is banned
|rule|Species Clause: Limit one of each Pokémon
|rule|OHKO Clause: OHKO moves are banned
|rule|Evasion Items Clause: Evasion items are banned
|rule|Evasion Moves Clause: Evasion moves are banned
|rule|Evasion Abilities Clause: Evasion abilities are banned
|rule|Sleep Moves Clause: Sleep-inducing moves are banned
|clearpoke
|poke|p1|Clefable, F|
|poke|p1|Gengar, M|
|poke|p1|Chansey, F|
|poke|p1|Ditto|
|poke|p1|Zapdos|
|poke|p1|Dragonite, M|
|poke|p2|Dragapult, M|
|poke|p2|Lokix, M|
|poke|p2|Espeon, M|
|poke|p2|Sinistcha|
|poke|p2|Incineroar, M|
|poke|p2|Glimmora, F|
|teampreview
|
|t:|1769372669
|teamsize|p1|6
|teamsize|p2|6
|start
|switch|p1a: Zapdos|Zapdos|100/100
|switch|p2a: Incineroar|Incineroar, M|100/100
|-ability|p2a: Incineroar|Intimidate|boost
|-unboost|p1a: Zapdos|atk|1
|turn|1
|inactive|Battle timer is ON: inactive players will automatically lose when time's up. (requested by kimmmmmmm66)
|inactive|beeboobaa also wants the timer to be on.
|
|t:|1769372676
|move|p1a: Zapdos|Thunder Wave|p2a: Incineroar
|-status|p2a: Incineroar|par
|move|p2a: Incineroar|Knock Off|p1a: Zapdos
|-damage|p1a: Zapdos|70/100
|-enditem|p1a: Zapdos|Heavy-Duty Boots|[from] move: Knock Off|[of] p2a: Incineroar
|
|upkeep
|turn|2
|
|t:|1769372684
|move|p1a: Zapdos|Hurricane|p2a: Incineroar
|-damage|p2a: Incineroar|69/100 par
|cant|p2a: Incineroar|par
|
|upkeep
|turn|3
|
|t:|1769372693
|move|p1a: Zapdos|Hurricane|p2a: Incineroar
|-damage|p2a: Incineroar|39/100 par
|-enditem|p2a: Incineroar|Sitrus Berry|[eat]
|-heal|p2a: Incineroar|63/100 par|[from] item: Sitrus Berry
|cant|p2a: Incineroar|par
|
|upkeep
|turn|4
|
|t:|1769372703
|move|p1a: Zapdos|Volt Switch|p2a: Incineroar
|-damage|p2a: Incineroar|43/100 par
|
|t:|1769372707
|switch|p1a: Dragonite|Dragonite, M|100/100|[from] Volt Switch
|move|p2a: Incineroar|Parting Shot|p1a: Dragonite
|-unboost|p1a: Dragonite|atk|1
|-unboost|p1a: Dragonite|spa|1
|
|t:|1769372710
|switch|p2a: Dragapult|Dragapult, M|100/100|[from] Parting Shot
|
|upkeep
|turn|5
|
|t:|1769372721
|switch|p1a: Chansey|Chansey, F|100/100
|move|p2a: Dragapult|Dragon Darts|p1a: Chansey
|-damage|p1a: Chansey|82/100
|-anim|p2a: Dragapult|Dragon Darts|p1a: Chansey
|-damage|p1a: Chansey|65/100
|
|upkeep
|turn|6
|
|t:|1769372730
|switch|p1a: Clefable|Clefable, F|100/100
|move|p2a: Dragapult|U-turn|p1a: Clefable
|-resisted|p1a: Clefable
|-damage|p1a: Clefable|92/100
|-damage|p2a: Dragapult|84/100|[from] item: Rocky Helmet|[of] p1a: Clefable
|
|t:|1769372733
|switch|p2a: Incineroar|Incineroar, M|43/100 par|[from] U-turn
|-ability|p2a: Incineroar|Intimidate|boost
|-unboost|p1a: Clefable|atk|1
|
|upkeep
|turn|7
|
|t:|1769372745
|move|p1a: Clefable|Calm Mind|p1a: Clefable
|-boost|p1a: Clefable|spa|1
|-boost|p1a: Clefable|spd|1
|move|p2a: Incineroar|Knock Off|p1a: Clefable
|-resisted|p1a: Clefable
|-damage|p1a: Clefable|78/100
|-damage|p2a: Incineroar|26/100 par|[from] item: Rocky Helmet|[of] p1a: Clefable
|-enditem|p1a: Clefable|Rocky Helmet|[from] move: Knock Off|[of] p2a: Incineroar
|
|upkeep
|turn|8
|
|t:|1769372756
|move|p1a: Clefable|Moonblast|p2a: Incineroar
|-damage|p2a: Incineroar|0 fnt
|faint|p2a: Incineroar
|
|upkeep
|
|t:|1769372759
|switch|p2a: Espeon|Espeon, M|100/100
|turn|9
|
|t:|1769372770
|move|p2a: Espeon|Light Screen|p2a: Espeon
|-sidestart|p2: kimmmmmmm66|move: Light Screen
|move|p1a: Clefable|Thunder Wave|p2a: Espeon
|move|p2a: Espeon|Thunder Wave|p1a: Clefable|[from] ability: Magic Bounce
|-status|p1a: Clefable|par
|
|upkeep
|turn|10
|
|t:|1769372781
|move|p2a: Espeon|Psychic Noise|p1a: Clefable
|-damage|p1a: Clefable|55/100 par
|-start|p1a: Clefable|move: Heal Block
|move|p1a: Clefable|Calm Mind|p1a: Clefable
|-boost|p1a: Clefable|spa|1
|-boost|p1a: Clefable|spd|1
|
|upkeep
|turn|11
|
|t:|1769372789
|move|p2a: Espeon|Psychic Noise|p1a: Clefable
|-damage|p1a: Clefable|35/100 par
|move|p1a: Clefable|Moonblast|p2a: Espeon
|-damage|p2a: Espeon|62/100
|
|-end|p1a: Clefable|move: Heal Block
|upkeep
|turn|12
|
|t:|1769372801
|move|p2a: Espeon|Psychic Noise|p1a: Clefable
|-damage|p1a: Clefable|17/100 par
|-start|p1a: Clefable|move: Heal Block
|move|p1a: Clefable|Calm Mind|p1a: Clefable
|-boost|p1a: Clefable|spa|1
|-boost|p1a: Clefable|spd|1
|
|upkeep
|turn|13
|
|t:|1769372807
|move|p2a: Espeon|Psychic Noise|p1a: Clefable
|-damage|p1a: Clefable|3/100 par
|move|p1a: Clefable|Moonblast|p2a: Espeon
|-damage|p2a: Espeon|8/100
|-unboost|p2a: Espeon|spa|1
|
|-end|p1a: Clefable|move: Heal Block
|upkeep
|turn|14
|l|☆beeboobaa
|inactive|beeboobaa disconnected and has a minute to reconnect!
|player|p1|
|j|☆beeboobaa
|inactive|beeboobaa reconnected and has 120 seconds left.
|player|p1|beeboobaa|2|
|
|t:|1769372844
|move|p2a: Espeon|Psychic Noise|p1a: Clefable
|-damage|p1a: Clefable|0 fnt
|faint|p1a: Clefable
|
|upkeep
|
|t:|1769372853
|switch|p1a: Dragonite|Dragonite, M|100/100
|turn|15
|
|t:|1769372857
|switch|p2a: Glimmora|Glimmora, F|100/100
|move|p1a: Dragonite|Dragon Dance|p1a: Dragonite
|-boost|p1a: Dragonite|atk|1
|-boost|p1a: Dragonite|spe|1
|
|upkeep
|turn|16
|inactive|beeboobaa has 120 seconds left.
|
|t:|1769372875
|move|p2a: Glimmora|Spiky Shield|p2a: Glimmora
|-singleturn|p2a: Glimmora|move: Protect
|move|p1a: Dragonite|Earthquake|p2a: Glimmora
|-activate|p2a: Glimmora|move: Protect
|
|-sideend|p2: kimmmmmmm66|move: Light Screen
|upkeep
|turn|17
|
|t:|1769372882
|-terastallize|p2a: Glimmora|Grass
|move|p1a: Dragonite|Earthquake|p2a: Glimmora
|-resisted|p2a: Glimmora
|-damage|p2a: Glimmora|78/100
|-activate|p2a: Glimmora|ability: Toxic Debris
|-sidestart|p1: beeboobaa|move: Toxic Spikes
|move|p2a: Glimmora|Mortal Spin|p1a: Dragonite
|-damage|p1a: Dragonite|98/100
|-status|p1a: Dragonite|psn
|
|-damage|p1a: Dragonite|85/100 psn|[from] psn
|upkeep
|turn|18
|
|t:|1769372894
|move|p1a: Dragonite|Dragon Dance|p1a: Dragonite
|-boost|p1a: Dragonite|atk|1
|-boost|p1a: Dragonite|spe|1
|move|p2a: Glimmora|Stealth Rock|p1a: Dragonite
|-sidestart|p1: beeboobaa|move: Stealth Rock
|
|-damage|p1a: Dragonite|73/100 psn|[from] psn
|upkeep
|turn|19
|inactive|beeboobaa has 120 seconds left.
|l|☆beeboobaa
|inactive|beeboobaa disconnected and has a minute to reconnect!
|player|p1|
|j|☆beeboobaa
|inactive|beeboobaa reconnected and has 100 seconds left.
|player|p1|beeboobaa|2|
|
|t:|1769372938
|move|p1a: Dragonite|Ice Spinner|p2a: Glimmora
|-supereffective|p2a: Glimmora
|-damage|p2a: Glimmora|0 fnt
|-damage|p1a: Dragonite|56/100 psn|[from] item: Rocky Helmet|[of] p2a: Glimmora
|-activate|p2a: Glimmora|ability: Toxic Debris
|-sidestart|p1: beeboobaa|move: Toxic Spikes
|faint|p2a: Glimmora
|
|-damage|p1a: Dragonite|44/100 psn|[from] psn
|upkeep
|
|t:|1769372945
|switch|p2a: Lokix|Lokix, M|100/100
|turn|20
|
|t:|1769372951
|switch|p2a: Dragapult|Dragapult, M|84/100
|move|p1a: Dragonite|Ice Spinner|p2a: Dragapult
|-supereffective|p2a: Dragapult
|-damage|p2a: Dragapult|0 fnt
|faint|p2a: Dragapult
|
|-damage|p1a: Dragonite|32/100 psn|[from] psn
|upkeep
|
|t:|1769372956
|switch|p2a: Lokix|Lokix, M|100/100
|turn|21
|
|t:|1769372960
|move|p2a: Lokix|First Impression|p1a: Dragonite
|-resisted|p1a: Dragonite
|-damage|p1a: Dragonite|0 fnt
|faint|p1a: Dragonite
|
|upkeep
|inactive|beeboobaa has 120 seconds left.
|
|t:|1769372973
|switch|p1a: Zapdos|Zapdos|70/100
|-damage|p1a: Zapdos|45/100|[from] Stealth Rock
|turn|22
|inactive|beeboobaa has 120 seconds left.
|
|t:|1769372984
|switch|p2a: Espeon|Espeon, M|8/100
|move|p1a: Zapdos|Roost|p1a: Zapdos
|-heal|p1a: Zapdos|95/100
|-singleturn|p1a: Zapdos|move: Roost
|
|upkeep
|turn|23
|
|t:|1769372991
|move|p2a: Espeon|Psychic Noise|p1a: Zapdos
|-damage|p1a: Zapdos|64/100
|-start|p1a: Zapdos|move: Heal Block
|move|p1a: Zapdos|Volt Switch|p2a: Espeon
|-damage|p2a: Espeon|0 fnt
|faint|p2a: Espeon
|
|t:|1769373000
|switch|p1a: Gengar|Gengar, M, shiny|100/100|[from] Volt Switch
|-sideend|p1: beeboobaa|move: Toxic Spikes|[of] p1a: Gengar
|-damage|p1a: Gengar|88/100|[from] Stealth Rock
|
|upkeep
|
|t:|1769373004
|switch|p2a: Lokix|Lokix, M|100/100
|turn|24
|
|t:|1769373019
|move|p1a: Gengar|Sludge Bomb|p2a: Lokix
|-damage|p2a: Lokix|9/100
|move|p2a: Lokix|Throat Chop|p1a: Gengar
|-supereffective|p1a: Gengar
|-damage|p1a: Gengar|0 fnt
|-start|p2a: Lokix|Disable|Throat Chop|[from] ability: Cursed Body|[of] p1a: Gengar
|faint|p1a: Gengar
|
|upkeep
|inactive|beeboobaa has 120 seconds left.
|
|t:|1769373038
|switch|p1a: Zapdos|Zapdos|64/100
|-damage|p1a: Zapdos|39/100|[from] Stealth Rock
|turn|25
|inactive|beeboobaa has 120 seconds left.
|
|t:|1769373045
|switch|p2a: Sinistcha|Sinistcha|100/100
|move|p1a: Zapdos|Roost|p1a: Zapdos
|-heal|p1a: Zapdos|89/100
|-singleturn|p1a: Zapdos|move: Roost
|
|upkeep
|turn|26
|
|t:|1769373051
|move|p1a: Zapdos|Thunder Wave|p2a: Sinistcha
|-status|p2a: Sinistcha|par
|cant|p2a: Sinistcha|par
|
|upkeep
|turn|27
|
|t:|1769373062
|move|p1a: Zapdos|Hurricane|p2a: Sinistcha
|-supereffective|p2a: Sinistcha
|-damage|p2a: Sinistcha|0 fnt
|faint|p2a: Sinistcha
|
|upkeep
|
|t:|1769373064
|switch|p2a: Lokix|Lokix, M|9/100
|turn|28
|
|t:|1769373068
|move|p2a: Lokix|Sucker Punch|p1a: Zapdos
|-damage|p1a: Zapdos|49/100
|move|p1a: Zapdos|Volt Switch|p2a: Lokix
|-damage|p2a: Lokix|0 fnt
|faint|p2a: Lokix
|
|win|beeboobaa
|raw|beeboobaa's rating: 1395 &rarr; <strong>1415</strong><br />(+20 for winning)
|raw|kimmmmmmm66's rating: 1403 &rarr; <strong>1383</strong><br />(-20 for losing)
|l|☆kimmmmmmm66
|player|p2|
|l|☆beeboobaa
|player|p1|
