|j|☆mio3777
|j|☆CambridgeFoulPlay
|t:|1769339125
|gametype|singles
|player|p1|mio3777|102|1707
|player|p2|CambridgeFoulPlay|266|1604
|gen|9
|tier|[Gen 9] OU
|rated|
|rule|HP Percentage Mod: HP is shown in percentages
|rule|Endless Battle Clause: Forcing endless battles is banned
|rule|Species Clause: Limit one of each Pokémon
|rule|OHKO Clause: OHKO moves are banned
|rule|Evasion Items Clause: Evasion items are banned
|rule|Evasion Moves Clause: Evasion moves are banned
|rule|Evasion Abilities Clause: Evasion abilities are banned
|rule|Sleep Moves Clause: Sleep-inducing moves are banned
|clearpoke
|poke|p1|Indeedee, M|
|poke|p1|Polteageist-Antique|
|poke|p1|Cinderace, M|
|poke|p1|Armarouge, F|
|poke|p1|Hawlucha, M|
|poke|p1|Hatterene, F|
|poke|p2|Hydrapple, M|
|poke|p2|Tyranitar, F|
|poke|p2|Moltres|
|poke|p2|Zamazenta-*|
|poke|p2|Slowking-Galar, M|
|poke|p2|Excadrill, F|
|teampreview
|c|☆CambridgeFoulPlay|hf
|inactive|Battle timer is ON: inactive players will automatically lose when time's up. (requested by CambridgeFoulPlay)
|
|t:|1769339129
|teamsize|p1|6
|teamsize|p2|6
|start
|switch|p1a: Polteageist|Polteageist-Antique|100/100
|switch|p2a: Slowking|Slowking-Galar, M|100/100
|turn|1
|
|t:|1769339141
|move|p1a: Polteageist|Shell Smash|p1a: Polteageist
|-unboost|p1a: Polteageist|def|1
|-unboost|p1a: Polteageist|spd|1
|-boost|p1a: Polteageist|atk|2
|-boost|p1a: Polteageist|spa|2
|-boost|p1a: Polteageist|spe|2
|move|p2a: Slowking|Psyshock|p1a: Polteageist
|-damage|p1a: Polteageist|18/100
|
|upkeep
|turn|2
|
|t:|1769339151
|-terastallize|p1a: Polteageist|Fighting
|-terastallize|p2a: Slowking|Grass
|move|p1a: Polteageist|Tera Blast|p2a: Slowking|[anim] Tera Blast Fighting
|-damage|p2a: Slowking|52/100
|move|p2a: Slowking|Sludge Bomb|p1a: Polteageist
|-damage|p1a: Polteageist|0 fnt
|faint|p1a: Polteageist
|
|upkeep
|
|t:|1769339161
|switch|p1a: Indeedee|Indeedee, M|100/100
|-fieldstart|move: Psychic Terrain|[from] ability: Psychic Surge|[of] p1a: Indeedee
|turn|3
|
|t:|1769339165
|switch|p1a: Hawlucha|Hawlucha, M|100/100
|-enditem|p1a: Hawlucha|Psychic Seed
|-boost|p1a: Hawlucha|spd|1|[from] item: Psychic Seed
|move|p2a: Slowking|Sludge Bomb|p1a: Hawlucha
|-crit|p1a: Hawlucha
|-damage|p1a: Hawlucha|36/100
|
|upkeep
|turn|4
|
|t:|1769339174
|switch|p2a: Moltres|Moltres|100/100
|move|p1a: Hawlucha|Swords Dance|p1a: Hawlucha
|-boost|p1a: Hawlucha|atk|2
|
|upkeep
|turn|5
|
|t:|1769339180
|move|p1a: Hawlucha|Acrobatics|p2a: Moltres
|-damage|p2a: Moltres|28/100
|-status|p1a: Hawlucha|brn|[from] ability: Flame Body|[of] p2a: Moltres
|move|p2a: Moltres|Flamethrower|p1a: Hawlucha
|-damage|p1a: Hawlucha|6/100 brn
|
|-damage|p1a: Hawlucha|0 fnt|[from] brn
|faint|p1a: Hawlucha
|upkeep
|
|t:|1769339190
|switch|p1a: Armarouge|Armarouge, F|100/100
|turn|6
|-message|mio3777 forfeited.
|
|win|CambridgeFoulPlay
|raw|mio3777's rating: 1707 &rarr; <strong>1681</strong><br />(-26 for losing)
|raw|CambridgeFoulPlay's rating: 1604 &rarr; <strong>1630</strong><br />(+26 for winning)
|c|☆CambridgeFoulPlay|gg
|l|☆mio3777
|player|p1|
