|j|☆lukeskycenna
|j|☆auefw823
|t:|1769368186
|gametype|singles
|player|p1|lukeskycenna|clair|1557
|player|p2|auefw823|ghetsis|1577
|gen|9
|tier|[Gen 9] OU
|rated|
|rule|HP Percentage Mod: HP is shown in percentages
|rule|Endless Battle Clause: Forcing endless battles is banned
|rule|Species Clause: Limit one of each Pokémon
|rule|OHKO Clause: OHKO moves are banned
|rule|Evasion Items Clause: Evasion items are banned
|rule|Evasion Moves Clause: Evasion moves are banned
|rule|Evasion Abilities Clause: Evasion abilities are banned
|rule|Sleep Moves Clause: Sleep-inducing moves are banned
|clearpoke
|poke|p1|Regigigas|
|poke|p1|Regirock|
|poke|p1|Regidrago|
|poke|p1|Regice|
|poke|p1|Registeel|
|poke|p1|Rotom|
|poke|p2|Gholdengo|
|poke|p2|Pecharunt|
|poke|p2|Zamazenta-*|
|poke|p2|Iron Treads|
|poke|p2|Dragonite, M|
|poke|p2|Samurott-Hisui, M|
|teampreview
|
|t:|1769368201
|teamsize|p1|6
|teamsize|p2|6
|start
|switch|p1a: Chinese Regieleki|Rotom|100/100
|switch|p2a: Ty Cobb|Samurott-Hisui, M|100/100
|turn|1
|inactive|Battle timer is ON: inactive players will automatically lose when time's up. (requested by auefw823)
|
|t:|1769368215
|move|p1a: Chinese Regieleki|Reflect|p1a: Chinese Regieleki
|-sidestart|p1: lukeskycenna|Reflect
|move|p2a: Ty Cobb|Ceaseless Edge|p1a: Chinese Regieleki
|-supereffective|p1a: Chinese Regieleki
|-damage|p1a: Chinese Regieleki|43/100
|-sidestart|p1: lukeskycenna|Spikes
|
|upkeep
|turn|2
|
|t:|1769368222
|move|p1a: Chinese Regieleki|Will-O-Wisp|p2a: Ty Cobb
|-status|p2a: Ty Cobb|brn
|move|p2a: Ty Cobb|Ceaseless Edge|p1a: Chinese Regieleki
|-supereffective|p1a: Chinese Regieleki
|-crit|p1a: Chinese Regieleki
|-damage|p1a: Chinese Regieleki|0 fnt
|-sidestart|p1: lukeskycenna|Spikes
|faint|p1a: Chinese Regieleki
|
|-damage|p2a: Ty Cobb|94/100 brn|[from] brn
|upkeep
|
|t:|1769368230
|switch|p1a: Regigigas|Regigigas|100/100
|-damage|p1a: Regigigas|84/100|[from] Spikes
|-start|p1a: Regigigas|ability: Slow Start
|turn|3
|
|t:|1769368239
|move|p2a: Ty Cobb|Ceaseless Edge|p1a: Regigigas
|-damage|p1a: Regigigas|75/100
|-sidestart|p1: lukeskycenna|Spikes
|move|p1a: Regigigas|Substitute|p1a: Regigigas
|-start|p1a: Regigigas|Substitute
|-damage|p1a: Regigigas|50/100
|
|-heal|p1a: Regigigas|56/100|[from] item: Leftovers
|-damage|p2a: Ty Cobb|88/100 brn|[from] brn
|upkeep
|turn|4
|
|t:|1769368252
|switch|p2a: Doc Ellis|Pecharunt|100/100
|-item|p2a: Doc Ellis|Air Balloon
|move|p1a: Regigigas|Substitute|p1a: Regigigas
|-fail|p1a: Regigigas|move: Substitute
|
|-heal|p1a: Regigigas|62/100|[from] item: Leftovers
|upkeep
|turn|5
|
|t:|1769368257
|move|p2a: Doc Ellis|Malignant Chain|p1a: Regigigas
|-end|p1a: Regigigas|Substitute
|move|p1a: Regigigas|Substitute|p1a: Regigigas
|-start|p1a: Regigigas|Substitute
|-damage|p1a: Regigigas|37/100
|
|-heal|p1a: Regigigas|43/100|[from] item: Leftovers
|upkeep
|turn|6
|
|t:|1769368263
|move|p2a: Doc Ellis|Malignant Chain|p1a: Regigigas
|-end|p1a: Regigigas|Substitute
|move|p1a: Regigigas|Substitute|p1a: Regigigas
|-start|p1a: Regigigas|Substitute
|-damage|p1a: Regigigas|18/100
|
|-heal|p1a: Regigigas|24/100|[from] item: Leftovers
|upkeep
|turn|7
|
|t:|1769368273
|move|p2a: Doc Ellis|Malignant Chain|p1a: Regigigas
|-end|p1a: Regigigas|Substitute
|move|p1a: Regigigas|Substitute|p1a: Regigigas
|-fail|p1a: Regigigas|move: Substitute|[weak]
|
|-heal|p1a: Regigigas|30/100|[from] item: Leftovers
|-end|p1a: Regigigas|Slow Start
|upkeep
|turn|8
|
|t:|1769368280
|move|p1a: Regigigas|Fire Punch|p2a: Doc Ellis
|-damage|p2a: Doc Ellis|83/100
|-enditem|p2a: Doc Ellis|Air Balloon
|move|p2a: Doc Ellis|Malignant Chain|p1a: Regigigas
|-damage|p1a: Regigigas|3/100
|-status|p1a: Regigigas|tox
|-start|p1a: Regigigas|confusion|[from] ability: Poison Puppeteer|[of] p2a: Doc Ellis
|
|-heal|p1a: Regigigas|9/100 tox|[from] item: Leftovers
|-damage|p1a: Regigigas|3/100 tox|[from] psn
|-sideend|p1: lukeskycenna|Reflect
|upkeep
|turn|9
|j| 54 insane rats
|
|t:|1769368292
|switch|p2a: Ty Cobb|Samurott-Hisui, M|88/100 brn
|-activate|p1a: Regigigas|confusion
|move|p1a: Regigigas|Fire Punch|p2a: Ty Cobb
|-resisted|p2a: Ty Cobb
|-damage|p2a: Ty Cobb|70/100 brn
|
|-heal|p1a: Regigigas|9/100 tox|[from] item: Leftovers
|-damage|p1a: Regigigas|0 fnt|[from] psn
|faint|p1a: Regigigas
|-damage|p2a: Ty Cobb|64/100 brn|[from] brn
|upkeep
|
|t:|1769368297
|switch|p1a: Regirock|Regirock|100/100
|-damage|p1a: Regirock|75/100|[from] Spikes
|turn|10
|l| 54 insane rats
|j| 54 insane rats
|
|t:|1769368309
|move|p2a: Ty Cobb|Knock Off|p1a: Regirock
|-damage|p1a: Regirock|65/100
|-enditem|p1a: Regirock|Leftovers|[from] move: Knock Off|[of] p2a: Ty Cobb
|move|p1a: Regirock|Iron Defense|p1a: Regirock
|-boost|p1a: Regirock|def|2
|
|-damage|p2a: Ty Cobb|58/100 brn|[from] brn
|upkeep
|turn|11
|
|t:|1769368313
|move|p2a: Ty Cobb|Razor Shell|p1a: Regirock
|-supereffective|p1a: Regirock
|-damage|p1a: Regirock|52/100
|move|p1a: Regirock|Iron Defense|p1a: Regirock
|-boost|p1a: Regirock|def|2
|
|-damage|p2a: Ty Cobb|52/100 brn|[from] brn
|upkeep
|turn|12
|
|t:|1769368320
|switch|p2a: Doc Ellis|Pecharunt|83/100
|move|p1a: Regirock|Rest|p1a: Regirock
|-status|p1a: Regirock|slp|[from] move: Rest
|-heal|p1a: Regirock|100/100 slp|[silent]
|
|upkeep
|turn|13
|
|t:|1769368326
|move|p2a: Doc Ellis|Shadow Ball|p1a: Regirock
|-damage|p1a: Regirock|84/100 slp
|cant|p1a: Regirock|slp
|
|upkeep
|turn|14
|
|t:|1769368330
|move|p2a: Doc Ellis|Shadow Ball|p1a: Regirock
|-damage|p1a: Regirock|67/100 slp
|cant|p1a: Regirock|slp
|
|upkeep
|turn|15
|
|t:|1769368333
|move|p2a: Doc Ellis|Shadow Ball|p1a: Regirock
|-crit|p1a: Regirock
|-damage|p1a: Regirock|41/100 slp
|-curestatus|p1a: Regirock|slp|[msg]
|move|p1a: Regirock|Earthquake|p2a: Doc Ellis
|-supereffective|p2a: Doc Ellis
|-crit|p2a: Doc Ellis
|-damage|p2a: Doc Ellis|43/100
|
|upkeep
|turn|16
|
|t:|1769368339
|move|p2a: Doc Ellis|Recover|p2a: Doc Ellis
|-heal|p2a: Doc Ellis|93/100
|move|p1a: Regirock|Earthquake|p2a: Doc Ellis
|-supereffective|p2a: Doc Ellis
|-damage|p2a: Doc Ellis|68/100
|
|upkeep
|turn|17
|
|t:|1769368343
|move|p2a: Doc Ellis|Shadow Ball|p1a: Regirock
|-damage|p1a: Regirock|24/100
|move|p1a: Regirock|Rest|p1a: Regirock
|-status|p1a: Regirock|slp|[from] move: Rest
|-heal|p1a: Regirock|100/100 slp|[silent]
|
|upkeep
|turn|18
|
|t:|1769368348
|move|p2a: Doc Ellis|Shadow Ball|p1a: Regirock
|-damage|p1a: Regirock|84/100 slp
|cant|p1a: Regirock|slp
|
|upkeep
|turn|19
|
|t:|1769368352
|move|p2a: Doc Ellis|Shadow Ball|p1a: Regirock
|-damage|p1a: Regirock|68/100 slp
|cant|p1a: Regirock|slp
|
|upkeep
|turn|20
|
|t:|1769368357
|move|p2a: Doc Ellis|Shadow Ball|p1a: Regirock
|-damage|p1a: Regirock|51/100 slp
|-curestatus|p1a: Regirock|slp|[msg]
|move|p1a: Regirock|Earthquake|p2a: Doc Ellis
|-supereffective|p2a: Doc Ellis
|-damage|p2a: Doc Ellis|39/100
|
|upkeep
|turn|21
|
|t:|1769368361
|move|p2a: Doc Ellis|Recover|p2a: Doc Ellis
|-heal|p2a: Doc Ellis|89/100
|move|p1a: Regirock|Earthquake|p2a: Doc Ellis
|-supereffective|p2a: Doc Ellis
|-damage|p2a: Doc Ellis|59/100
|
|upkeep
|turn|22
|
|t:|1769368363
|move|p2a: Doc Ellis|Shadow Ball|p1a: Regirock
|-damage|p1a: Regirock|33/100
|move|p1a: Regirock|Earthquake|p2a: Doc Ellis
|-supereffective|p2a: Doc Ellis
|-damage|p2a: Doc Ellis|29/100
|
|upkeep
|turn|23
|
|t:|1769368378
|move|p2a: Doc Ellis|Parting Shot|p1a: Regirock
|-fail|p1a: Regirock|unboost|[from] ability: Clear Body|[of] p1a: Regirock
|move|p1a: Regirock|Earthquake|p2a: Doc Ellis
|-supereffective|p2a: Doc Ellis
|-damage|p2a: Doc Ellis|2/100
|
|upkeep
|turn|24
|c|☆auefw823|oops
|
|t:|1769368386
|move|p2a: Doc Ellis|Recover|p2a: Doc Ellis
|-heal|p2a: Doc Ellis|52/100
|move|p1a: Regirock|Rest|p1a: Regirock
|-status|p1a: Regirock|slp|[from] move: Rest
|-heal|p1a: Regirock|100/100 slp|[silent]
|
|upkeep
|turn|25
|
|t:|1769368390
|move|p2a: Doc Ellis|Shadow Ball|p1a: Regirock
|-crit|p1a: Regirock
|-damage|p1a: Regirock|77/100 slp
|cant|p1a: Regirock|slp
|
|upkeep
|turn|26
|
|t:|1769368392
|move|p2a: Doc Ellis|Shadow Ball|p1a: Regirock
|-damage|p1a: Regirock|59/100 slp
|cant|p1a: Regirock|slp
|
|upkeep
|turn|27
|
|t:|1769368396
|move|p2a: Doc Ellis|Shadow Ball|p1a: Regirock
|-crit|p1a: Regirock
|-damage|p1a: Regirock|35/100 slp
|-curestatus|p1a: Regirock|slp|[msg]
|move|p1a: Regirock|Iron Defense|p1a: Regirock
|-boost|p1a: Regirock|def|2
|
|upkeep
|turn|28
|
|t:|1769368399
|move|p2a: Doc Ellis|Shadow Ball|p1a: Regirock
|-damage|p1a: Regirock|16/100
|move|p1a: Regirock|Rest|p1a: Regirock
|-status|p1a: Regirock|slp|[from] move: Rest
|-heal|p1a: Regirock|100/100 slp|[silent]
|
|upkeep
|turn|29
|
|t:|1769368407
|move|p2a: Doc Ellis|Shadow Ball|p1a: Regirock
|-damage|p1a: Regirock|85/100 slp
|cant|p1a: Regirock|slp
|
|upkeep
|turn|30
|
|t:|1769368410
|move|p2a: Doc Ellis|Shadow Ball|p1a: Regirock
|-damage|p1a: Regirock|68/100 slp
|cant|p1a: Regirock|slp
|
|upkeep
|turn|31
|
|t:|1769368413
|move|p2a: Doc Ellis|Shadow Ball|p1a: Regirock
|-damage|p1a: Regirock|51/100 slp
|-curestatus|p1a: Regirock|slp|[msg]
|move|p1a: Regirock|Earthquake|p2a: Doc Ellis
|-supereffective|p2a: Doc Ellis
|-damage|p2a: Doc Ellis|25/100
|
|upkeep
|turn|32
|
|t:|1769368417
|switch|p2a: Pitching Coach|Dragonite, M|100/100
|move|p1a: Regirock|Earthquake|p2a: Pitching Coach
|-immune|p2a: Pitching Coach
|
|upkeep
|turn|33
|
|t:|1769368419
|move|p1a: Regirock|Body Press|p2a: Pitching Coach
|-resisted|p2a: Pitching Coach
|-damage|p2a: Pitching Coach|68/100
|move|p2a: Pitching Coach|Dragon Tail|p1a: Regirock
|-damage|p1a: Regirock|46/100
|drag|p1a: Regice|Regice|100/100
|-damage|p1a: Regice|76/100|[from] Spikes
|
|upkeep
|turn|34
|
|t:|1769368429
|switch|p2a: Paul Goldschmidt|Gholdengo|100/100
|move|p1a: Regice|Ice Beam|p2a: Paul Goldschmidt
|-resisted|p2a: Paul Goldschmidt
|-damage|p2a: Paul Goldschmidt|63/100
|
|upkeep
|turn|35
|
|t:|1769368435
|switch|p1a: Registeel|Registeel|100/100
|-damage|p1a: Registeel|75/100|[from] Spikes
|move|p2a: Paul Goldschmidt|Nasty Plot|p2a: Paul Goldschmidt
|-boost|p2a: Paul Goldschmidt|spa|2
|
|-heal|p1a: Registeel|82/100|[from] item: Leftovers
|upkeep
|turn|36
|
|t:|1769368440
|move|p2a: Paul Goldschmidt|Shadow Ball|p1a: Registeel
|-damage|p1a: Registeel|21/100
|move|p1a: Registeel|Amnesia|p1a: Registeel
|-boost|p1a: Registeel|spd|2
|
|-heal|p1a: Registeel|27/100|[from] item: Leftovers
|upkeep
|turn|37
|
|t:|1769368446
|move|p2a: Paul Goldschmidt|Shadow Ball|p1a: Registeel
|-damage|p1a: Registeel|0 fnt
|faint|p1a: Registeel
|
|upkeep
|
|t:|1769368457
|switch|p1a: Regidrago|Regidrago|100/100
|-damage|p1a: Regidrago|76/100|[from] Spikes
|turn|38
|
|t:|1769368462
|switch|p2a: Ty Cobb|Samurott-Hisui, M|52/100 brn
|move|p1a: Regidrago|Dragon Dance|p1a: Regidrago
|-boost|p1a: Regidrago|atk|1
|-boost|p1a: Regidrago|spe|1
|
|-damage|p2a: Ty Cobb|46/100 brn|[from] brn
|upkeep
|turn|39
|
|t:|1769368470
|move|p2a: Ty Cobb|Sucker Punch|p1a: Regidrago
|-damage|p1a: Regidrago|60/100
|move|p1a: Regidrago|Outrage|p2a: Ty Cobb
|-damage|p2a: Ty Cobb|0 fnt
|faint|p2a: Ty Cobb
|-damage|p1a: Regidrago|50/100|[from] item: Life Orb
|
|upkeep
|
|t:|1769368483
|switch|p2a: Jimmie Foxx|Iron Treads|100/100
|turn|40
|
|t:|1769368490
|move|p1a: Regidrago|Outrage|p2a: Jimmie Foxx|[from] lockedmove
|-resisted|p2a: Jimmie Foxx
|-damage|p2a: Jimmie Foxx|34/100
|-damage|p1a: Regidrago|40/100|[from] item: Life Orb
|move|p2a: Jimmie Foxx|Earthquake|p1a: Regidrago
|-crit|p1a: Regidrago
|-damage|p1a: Regidrago|0 fnt
|faint|p1a: Regidrago
|
|-heal|p2a: Jimmie Foxx|40/100|[from] item: Leftovers
|upkeep
|
|t:|1769368499
|switch|p1a: Regice|Regice|76/100
|-damage|p1a: Regice|51/100|[from] Spikes
|turn|41
|
|t:|1769368503
|move|p2a: Jimmie Foxx|Earthquake|p1a: Regice
|-damage|p1a: Regice|17/100
|move|p1a: Regice|Ice Beam|p2a: Jimmie Foxx
|-damage|p2a: Jimmie Foxx|0 fnt
|faint|p2a: Jimmie Foxx
|-end|p2a: Jimmie Foxx|Quark Drive|[silent]
|
|upkeep
|
|t:|1769368508
|switch|p2a: Barry Bonds|Zamazenta|100/100
|-ability|p2a: Barry Bonds|Dauntless Shield|boost
|-boost|p2a: Barry Bonds|def|1
|turn|42
|
|t:|1769368510
|move|p2a: Barry Bonds|Body Press|p1a: Regice
|-supereffective|p1a: Regice
|-damage|p1a: Regice|0 fnt
|faint|p1a: Regice
|
|upkeep
|-message|lukeskycenna forfeited.
|
|win|auefw823
|raw|lukeskycenna's rating: 1557 &rarr; <strong>1538</strong><br />(-19 for losing)
|raw|auefw823's rating: 1577 &rarr; <strong>1596</strong><br />(+19 for winning)
|l|☆lukeskycenna
|player|p1|
|l|☆auefw823
|player|p2|
|l| 54 insane rats
