|j|☆cchang21
|j|☆NotClevey
|t:|1769348243
|gametype|singles
|player|p1|cchang21|zinnia-masters|1451
|player|p2|NotClevey|miku-ground|1427
|gen|9
|tier|[Gen 9] OU
|rated|
|rule|HP Percentage Mod: HP is shown in percentages
|rule|Endless Battle Clause: Forcing endless battles is banned
|rule|Species Clause: Limit one of each Pokémon
|rule|OHKO Clause: OHKO moves are banned
|rule|Evasion Items Clause: Evasion items are banned
|rule|Evasion Moves Clause: Evasion moves are banned
|rule|Evasion Abilities Clause: Evasion abilities are banned
|rule|Sleep Moves Clause: Sleep-inducing moves are banned
|clearpoke
|poke|p1|Mew|
|poke|p1|Zapdos|
|poke|p1|Moltres|
|poke|p1|Iron Treads|
|poke|p1|Dragapult, M|
|poke|p1|Ogerpon-Wellspring, F|
|poke|p2|Farigiraf, M|
|poke|p2|Tinkaton, F|
|poke|p2|Zamazenta-*|
|poke|p2|Samurott-Hisui, F|
|poke|p2|Zapdos|
|poke|p2|Great Tusk|
|teampreview
|inactive|Battle timer is ON: inactive players will automatically lose when time's up. (requested by cchang21)
|inactive|NotClevey also wants the timer to be on.
|
|t:|1769348256
|teamsize|p1|6
|teamsize|p2|6
|start
|switch|p1a: Zapdos|Zapdos|100/100
|switch|p2a: Tinkaton|Tinkaton, F|100/100
|-item|p2a: Tinkaton|Air Balloon
|turn|1
|
|t:|1769348261
|move|p2a: Tinkaton|Stealth Rock|p1a: Zapdos
|-sidestart|p1: cchang21|move: Stealth Rock
|move|p1a: Zapdos|Thunder Wave|p2a: Tinkaton
|-status|p2a: Tinkaton|par
|
|upkeep
|turn|2
|
|t:|1769348270
|move|p1a: Zapdos|Volt Switch|p2a: Tinkaton
|-damage|p2a: Tinkaton|70/100 par
|-enditem|p2a: Tinkaton|Air Balloon
|
|t:|1769348273
|switch|p1a: Iron Treads|Iron Treads|100/100|[from] Volt Switch
|-damage|p1a: Iron Treads|98/100|[from] Stealth Rock
|move|p2a: Tinkaton|Ice Hammer|p1a: Iron Treads
|-damage|p1a: Iron Treads|79/100
|-unboost|p2a: Tinkaton|spe|1
|
|-heal|p1a: Iron Treads|85/100|[from] item: Leftovers
|upkeep
|turn|3
|
|t:|1769348284
|switch|p2a: Farigiraf|Farigiraf, M, shiny|100/100
|move|p1a: Iron Treads|Rapid Spin|p2a: Farigiraf
|-damage|p2a: Farigiraf|90/100
|-boost|p1a: Iron Treads|spe|1
|-sideend|p1: cchang21|Stealth Rock|[from] move: Rapid Spin|[of] p1a: Iron Treads
|-enditem|p2a: Farigiraf|Kee Berry|[eat]
|-boost|p2a: Farigiraf|def|1|[from] item: Kee Berry
|
|-heal|p1a: Iron Treads|91/100|[from] item: Leftovers
|upkeep
|turn|4
|
|t:|1769348293
|move|p1a: Iron Treads|Knock Off|p2a: Farigiraf
|-supereffective|p2a: Farigiraf
|-damage|p2a: Farigiraf|73/100
|move|p2a: Farigiraf|Calm Mind|p2a: Farigiraf
|-boost|p2a: Farigiraf|spa|1
|-boost|p2a: Farigiraf|spd|1
|
|-heal|p1a: Iron Treads|97/100|[from] item: Leftovers
|-activate|p2a: Farigiraf|ability: Cud Chew
|-enditem|p2a: Farigiraf|Kee Berry|[eat]
|-boost|p2a: Farigiraf|def|1|[from] item: Kee Berry
|upkeep
|turn|5
|
|t:|1769348299
|move|p1a: Iron Treads|Stealth Rock|p2a: Farigiraf
|-sidestart|p2: NotClevey|move: Stealth Rock
|move|p2a: Farigiraf|Wish|p2a: Farigiraf
|
|-heal|p1a: Iron Treads|100/100|[from] item: Leftovers
|upkeep
|turn|6
|
|t:|1769348309
|-end|p1a: Iron Treads|Quark Drive|[silent]
|switch|p1a: Moltres|Moltres|100/100
|move|p2a: Farigiraf|Calm Mind|p2a: Farigiraf
|-boost|p2a: Farigiraf|spa|1
|-boost|p2a: Farigiraf|spd|1
|
|-heal|p2a: Farigiraf|100/100|[from] move: Wish|[wisher] Farigiraf
|upkeep
|turn|7
|
|t:|1769348315
|move|p2a: Farigiraf|Stored Power|p1a: Moltres
|-damage|p1a: Moltres|15/100
|move|p1a: Moltres|Roar|p2a: Farigiraf
|drag|p2a: Samurott|Samurott-Hisui, F|100/100
|-damage|p2a: Samurott|88/100|[from] Stealth Rock
|
|upkeep
|turn|8
|
|t:|1769348322
|switch|p1a: Zapdos|Zapdos|100/100
|move|p2a: Samurott|Ceaseless Edge|p1a: Zapdos
|-damage|p1a: Zapdos|70/100
|-sidestart|p1: cchang21|Spikes
|
|upkeep
|turn|9
|
|t:|1769348334
|move|p2a: Samurott|Ceaseless Edge|p1a: Zapdos
|-damage|p1a: Zapdos|38/100
|-sidestart|p1: cchang21|Spikes
|move|p1a: Zapdos|Volt Switch|p2a: Samurott
|-supereffective|p2a: Samurott
|-damage|p2a: Samurott|32/100
|
|t:|1769348341
|switch|p1a: Iron Treads|Iron Treads|100/100|[from] Volt Switch
|-damage|p1a: Iron Treads|84/100|[from] Spikes
|
|-heal|p1a: Iron Treads|90/100|[from] item: Leftovers
|upkeep
|turn|10
|
|t:|1769348349
|move|p2a: Samurott|Razor Shell|p1a: Iron Treads
|-supereffective|p1a: Iron Treads
|-damage|p1a: Iron Treads|7/100
|move|p1a: Iron Treads|Rapid Spin|p2a: Samurott
|-damage|p2a: Samurott|15/100
|-boost|p1a: Iron Treads|spe|1
|-sideend|p1: cchang21|Spikes|[from] move: Rapid Spin|[of] p1a: Iron Treads
|
|-heal|p1a: Iron Treads|13/100|[from] item: Leftovers
|upkeep
|turn|11
|
|t:|1769348355
|move|p2a: Samurott|Aqua Jet|p1a: Iron Treads
|-supereffective|p1a: Iron Treads
|-damage|p1a: Iron Treads|0 fnt
|faint|p1a: Iron Treads
|-end|p1a: Iron Treads|Quark Drive|[silent]
|
|upkeep
|
|t:|1769348359
|switch|p1a: Ogerpon|Ogerpon-Wellspring, F|100/100
|turn|12
|
|t:|1769348364
|move|p2a: Samurott|Sucker Punch|p1a: Ogerpon
|-damage|p1a: Ogerpon|61/100
|move|p1a: Ogerpon|Play Rough|p2a: Samurott
|-supereffective|p2a: Samurott
|-damage|p2a: Samurott|0 fnt
|faint|p2a: Samurott
|
|upkeep
|
|t:|1769348377
|switch|p2a: Zapdos|Zapdos|100/100
|turn|13
|
|t:|1769348382
|move|p1a: Ogerpon|Spikes|p2a: Zapdos
|-sidestart|p2: NotClevey|Spikes
|move|p2a: Zapdos|Volt Switch|p1a: Ogerpon
|-damage|p1a: Ogerpon|25/100
|
|t:|1769348390
|switch|p2a: Tinkaton|Tinkaton, F|70/100 par|[from] Volt Switch
|-damage|p2a: Tinkaton|64/100 par|[from] Stealth Rock
|-damage|p2a: Tinkaton|51/100 par|[from] Spikes
|
|upkeep
|turn|14
|
|t:|1769348394
|move|p1a: Ogerpon|Ivy Cudgel|p2a: Tinkaton|[anim] Ivy Cudgel Water
|-damage|p2a: Tinkaton|0 fnt
|faint|p2a: Tinkaton
|
|upkeep
|
|t:|1769348399
|switch|p2a: Zapdos|Zapdos|100/100
|turn|15
|
|t:|1769348402
|move|p1a: Ogerpon|Synthesis|p1a: Ogerpon
|-heal|p1a: Ogerpon|75/100
|move|p2a: Zapdos|Thunder Wave|p1a: Ogerpon
|-status|p1a: Ogerpon|par
|
|upkeep
|turn|16
|
|t:|1769348413
|move|p2a: Zapdos|Hurricane|p1a: Ogerpon|[miss]
|-miss|p2a: Zapdos|p1a: Ogerpon
|move|p1a: Ogerpon|Ivy Cudgel|p2a: Zapdos|[anim] Ivy Cudgel Water
|-damage|p2a: Zapdos|56/100
|
|upkeep
|turn|17
|
|t:|1769348419
|switch|p1a: Zapdos|Zapdos|38/100
|move|p2a: Zapdos|Hurricane|p1a: Zapdos
|-resisted|p1a: Zapdos
|-damage|p1a: Zapdos|18/100
|
|upkeep
|turn|18
|
|t:|1769348422
|move|p1a: Zapdos|Volt Switch|p2a: Zapdos
|-damage|p2a: Zapdos|27/100
|
|t:|1769348425
|switch|p1a: Moltres|Moltres|15/100|[from] Volt Switch
|move|p2a: Zapdos|Volt Switch|p1a: Moltres
|-supereffective|p1a: Moltres
|-crit|p1a: Moltres
|-damage|p1a: Moltres|0 fnt
|faint|p1a: Moltres
|
|t:|1769348429
|switch|p2a: Great Tusk|Great Tusk|100/100|[from] Volt Switch
|-damage|p2a: Great Tusk|98/100|[from] Stealth Rock
|-damage|p2a: Great Tusk|85/100|[from] Spikes
|
|-heal|p2a: Great Tusk|91/100|[from] item: Leftovers
|upkeep
|
|t:|1769348434
|switch|p1a: Mew|Mew|100/100
|turn|19
|
|t:|1769348448
|-terastallize|p2a: Great Tusk|Ground
|move|p1a: Mew|Nasty Plot|p1a: Mew
|-boost|p1a: Mew|spa|2
|move|p2a: Great Tusk|Rapid Spin|p1a: Mew
|-damage|p1a: Mew|83/100
|-boost|p2a: Great Tusk|spe|1
|-sideend|p2: NotClevey|Spikes|[from] move: Rapid Spin|[of] p2a: Great Tusk
|-sideend|p2: NotClevey|Stealth Rock|[from] move: Rapid Spin|[of] p2a: Great Tusk
|
|-heal|p2a: Great Tusk|98/100|[from] item: Leftovers
|-heal|p1a: Mew|89/100|[from] item: Leftovers
|upkeep
|turn|20
|
|t:|1769348464
|-terastallize|p1a: Mew|Fairy
|move|p2a: Great Tusk|Headlong Rush|p1a: Mew
|-damage|p1a: Mew|15/100
|-unboost|p2a: Great Tusk|def|1
|-unboost|p2a: Great Tusk|spd|1
|move|p1a: Mew|Draining Kiss|p2a: Great Tusk
|-damage|p2a: Great Tusk|0 fnt
|-heal|p1a: Mew|90/100|[from] drain|[of] p2a: Great Tusk
|faint|p2a: Great Tusk
|-end|p2a: Great Tusk|Protosynthesis|[silent]
|
|-heal|p1a: Mew|96/100|[from] item: Leftovers
|upkeep
|
|t:|1769348477
|switch|p2a: Farigiraf|Farigiraf, M, shiny|100/100
|turn|21
|
|t:|1769348480
|move|p1a: Mew|Dark Pulse|p2a: Farigiraf
|-supereffective|p2a: Farigiraf
|-damage|p2a: Farigiraf|4/100
|move|p2a: Farigiraf|Calm Mind|p2a: Farigiraf
|-boost|p2a: Farigiraf|spa|1
|-boost|p2a: Farigiraf|spd|1
|
|-heal|p1a: Mew|100/100|[from] item: Leftovers
|upkeep
|turn|22
|
|t:|1769348484
|move|p1a: Mew|Draining Kiss|p2a: Farigiraf
|-damage|p2a: Farigiraf|0 fnt
|faint|p2a: Farigiraf
|
|upkeep
|
|t:|1769348493
|switch|p2a: Zamazenta|Zamazenta|100/100
|-ability|p2a: Zamazenta|Dauntless Shield|boost
|-boost|p2a: Zamazenta|def|1
|turn|23
|
|t:|1769348497
|move|p1a: Mew|Draining Kiss|p2a: Zamazenta
|-supereffective|p2a: Zamazenta
|-damage|p2a: Zamazenta|26/100
|move|p2a: Zamazenta|Roar|p1a: Mew
|drag|p1a: Ogerpon|Ogerpon-Wellspring, F|75/100 par
|
|-heal|p2a: Zamazenta|32/100|[from] item: Leftovers
|upkeep
|turn|24
|
|t:|1769348503
|move|p2a: Zamazenta|Iron Defense|p2a: Zamazenta
|-boost|p2a: Zamazenta|def|2
|move|p1a: Ogerpon|Play Rough|p2a: Zamazenta
|-supereffective|p2a: Zamazenta
|-damage|p2a: Zamazenta|11/100
|
|-heal|p2a: Zamazenta|18/100|[from] item: Leftovers
|upkeep
|turn|25
|
|t:|1769348516
|move|p2a: Zamazenta|Body Press|p1a: Ogerpon
|-damage|p1a: Ogerpon|0 fnt
|faint|p1a: Ogerpon
|
|-heal|p2a: Zamazenta|24/100|[from] item: Leftovers
|upkeep
|
|t:|1769348524
|switch|p1a: Dragapult|Dragapult, M|100/100
|turn|26
|
|t:|1769348528
|move|p1a: Dragapult|Draco Meteor|p2a: Zamazenta
|-damage|p2a: Zamazenta|0 fnt
|-unboost|p1a: Dragapult|spa|2
|faint|p2a: Zamazenta
|
|upkeep
|
|t:|1769348532
|switch|p2a: Zapdos|Zapdos|27/100
|turn|27
|
|t:|1769348535
|move|p1a: Dragapult|Draco Meteor|p2a: Zapdos
|-damage|p2a: Zapdos|0 fnt
|-unboost|p1a: Dragapult|spa|2
|faint|p2a: Zapdos
|
|win|cchang21
|raw|cchang21's rating: 1451 &rarr; <strong>1470</strong><br />(+19 for winning)
|raw|NotClevey's rating: 1427 &rarr; <strong>1408</strong><br />(-19 for losing)
|l|☆NotClevey
|player|p2|
|l|☆cchang21
|player|p1|
