|j|☆kill clefable now
|j|☆Ayzerqcel
|t:|1769296525
|gametype|singles
|player|p1|kill clefable now|169|1313
|player|p2|Ayzerqcel|101|1275
|gen|9
|tier|[Gen 9] OU
|rated|
|rule|HP Percentage Mod: HP is shown in percentages
|rule|Endless Battle Clause: Forcing endless battles is banned
|rule|Species Clause: Limit one of each Pokémon
|rule|OHKO Clause: OHKO moves are banned
|rule|Evasion Items Clause: Evasion items are banned
|rule|Evasion Moves Clause: Evasion moves are banned
|rule|Evasion Abilities Clause: Evasion abilities are banned
|rule|Sleep Moves Clause: Sleep-inducing moves are banned
|clearpoke
|poke|p1|Moltres-Galar|
|poke|p1|Ceruledge, M|
|poke|p1|Glimmora, M|
|poke|p1|Zamazenta-*|
|poke|p1|Ogerpon-Wellspring, F|
|poke|p1|Deoxys-Speed|
|poke|p2|Ceruledge, F|
|poke|p2|Morpeko, F|
|poke|p2|Glimmora, F|
|poke|p2|Hatterene, F|
|poke|p2|Dragapult, F|
|poke|p2|Swampert, M|
|teampreview
|
|t:|1769296539
|teamsize|p1|6
|teamsize|p2|6
|start
|switch|p1a: Deoxys|Deoxys-Speed|100/100
|switch|p2a: Morpeko|Morpeko, F|100/100
|-ability|p1a: Deoxys|Pressure
|turn|1
|
|t:|1769296546
|move|p1a: Deoxys|Reflect|p1a: Deoxys
|-sidestart|p1: kill clefable now|Reflect
|move|p2a: Morpeko|Aura Wheel|p1a: Deoxys
|-damage|p1a: Deoxys|71/100
|-boost|p2a: Morpeko|spe|1
|
|-formechange|p2a: Morpeko|Morpeko-Hangry||[from] ability: Hunger Switch
|upkeep
|turn|2
|
|t:|1769296552
|move|p1a: Deoxys|Psycho Boost|p2a: Morpeko
|-immune|p2a: Morpeko
|move|p2a: Morpeko|Aura Wheel|p1a: Deoxys
|-supereffective|p1a: Deoxys
|-damage|p1a: Deoxys|12/100
|-boost|p2a: Morpeko|spe|1
|
|-formechange|p2a: Morpeko|Morpeko||[from] ability: Hunger Switch
|upkeep
|turn|3
|
|t:|1769296560
|move|p2a: Morpeko|Swagger|p1a: Deoxys
|-boost|p1a: Deoxys|atk|2
|-start|p1a: Deoxys|confusion
|-enditem|p2a: Morpeko|Mirror Herb
|-boost|p2a: Morpeko|atk|2|[from] item: Mirror Herb
|-activate|p1a: Deoxys|confusion
|move|p1a: Deoxys|Light Screen|p1a: Deoxys
|-sidestart|p1: kill clefable now|move: Light Screen
|
|-formechange|p2a: Morpeko|Morpeko-Hangry||[from] ability: Hunger Switch
|upkeep
|turn|4
|
|t:|1769296569
|move|p2a: Morpeko|Aura Wheel|p1a: Deoxys
|-supereffective|p1a: Deoxys
|-damage|p1a: Deoxys|0 fnt
|-boost|p2a: Morpeko|spe|1
|faint|p1a: Deoxys
|
|-formechange|p2a: Morpeko|Morpeko||[from] ability: Hunger Switch
|upkeep
|
|t:|1769296573
|switch|p1a: Zamazenta|Zamazenta|100/100
|-ability|p1a: Zamazenta|Dauntless Shield|boost
|-boost|p1a: Zamazenta|def|1
|turn|5
|
|t:|1769296583
|-terastallize|p2a: Morpeko|Flying
|move|p2a: Morpeko|Tera Blast|p1a: Zamazenta|[anim] Tera Blast Flying
|-supereffective|p1a: Zamazenta
|-damage|p1a: Zamazenta|66/100
|move|p1a: Zamazenta|Body Press|p2a: Morpeko
|-resisted|p2a: Morpeko
|-damage|p2a: Morpeko|32/100
|
|-heal|p1a: Zamazenta|72/100|[from] item: Leftovers
|upkeep
|turn|6
|
|t:|1769296613
|switch|p1a: Glimmora|Glimmora, M|100/100
|move|p2a: Morpeko|Aura Wheel|p1a: Glimmora
|-damage|p1a: Glimmora|44/100
|-boost|p2a: Morpeko|spe|1
|-activate|p1a: Glimmora|ability: Toxic Debris
|-sidestart|p2: Ayzerqcel|move: Toxic Spikes
|
|upkeep
|turn|7
|
|t:|1769296622
|move|p2a: Morpeko|Aura Wheel|p1a: Glimmora
|-damage|p1a: Glimmora|0 fnt
|-boost|p2a: Morpeko|spe|1
|-activate|p1a: Glimmora|ability: Toxic Debris
|-sidestart|p2: Ayzerqcel|move: Toxic Spikes
|faint|p1a: Glimmora
|
|upkeep
|
|t:|1769296630
|switch|p1a: Ceruledge|Ceruledge, M|100/100
|turn|8
|
|t:|1769296635
|move|p1a: Ceruledge|Shadow Sneak|p2a: Morpeko
|-damage|p2a: Morpeko|0 fnt
|faint|p2a: Morpeko
|-damage|p1a: Ceruledge|91/100|[from] item: Life Orb
|
|-sideend|p1: kill clefable now|Reflect
|upkeep
|
|t:|1769296640
|switch|p2a: Glimmora|Glimmora, F|100/100
|-sideend|p2: Ayzerqcel|move: Toxic Spikes|[of] p2a: Glimmora
|turn|9
|
|t:|1769296643
|move|p2a: Glimmora|Meteor Beam||[still]
|-prepare|p2a: Glimmora|Meteor Beam
|-boost|p2a: Glimmora|spa|1
|-enditem|p2a: Glimmora|Power Herb
|-anim|p2a: Glimmora|Meteor Beam|p1a: Ceruledge
|-supereffective|p1a: Ceruledge
|-damage|p1a: Ceruledge|0 fnt
|faint|p1a: Ceruledge
|
|upkeep
|
|t:|1769296648
|switch|p1a: Ogerpon|Ogerpon-Wellspring, F|100/100
|turn|10
|
|t:|1769296659
|move|p1a: Ogerpon|Ivy Cudgel|p2a: Glimmora|[anim] Ivy Cudgel Water
|-supereffective|p2a: Glimmora
|-damage|p2a: Glimmora|0 fnt
|-activate|p2a: Glimmora|ability: Toxic Debris
|-sidestart|p1: kill clefable now|move: Toxic Spikes
|faint|p2a: Glimmora
|
|-sideend|p1: kill clefable now|move: Light Screen
|upkeep
|
|t:|1769296680
|switch|p2a: Hatterene|Hatterene, F|100/100
|turn|11
|
|t:|1769296684
|move|p1a: Ogerpon|Ivy Cudgel|p2a: Hatterene|[anim] Ivy Cudgel Water
|-damage|p2a: Hatterene|32/100
|-enditem|p2a: Hatterene|Red Card|[of] p1a: Ogerpon
|drag|p1a: Moltres|Moltres-Galar|100/100
|move|p2a: Hatterene|Trick Room|p2a: Hatterene
|-fieldstart|move: Trick Room|[of] p2a: Hatterene
|
|upkeep
|turn|12
|
|t:|1769296696
|move|p2a: Hatterene|Draining Kiss|p1a: Moltres
|-supereffective|p1a: Moltres
|-damage|p1a: Moltres|52/100
|-heal|p2a: Hatterene|68/100|[from] drain|[of] p1a: Moltres
|move|p1a: Moltres|Fiery Wrath|p2a: Hatterene
|-damage|p2a: Hatterene|27/100
|
|upkeep
|turn|13
|
|t:|1769296707
|switch|p1a: Ogerpon|Ogerpon-Wellspring, F|100/100
|-status|p1a: Ogerpon|psn
|move|p2a: Hatterene|Draining Kiss|p1a: Ogerpon
|-damage|p1a: Ogerpon|69/100 psn
|-heal|p2a: Hatterene|50/100|[from] drain|[of] p1a: Ogerpon
|
|-damage|p1a: Ogerpon|56/100 psn|[from] psn
|upkeep
|turn|14
|
|t:|1769296716
|move|p2a: Hatterene|Psychic Noise|p1a: Ogerpon
|-damage|p1a: Ogerpon|0 fnt
|faint|p1a: Ogerpon
|
|upkeep
|
|t:|1769296718
|switch|p1a: Moltres|Moltres-Galar|52/100
|turn|15
|
|t:|1769296722
|-terastallize|p1a: Moltres|Fairy
|move|p2a: Hatterene|Draining Kiss|p1a: Moltres
|-damage|p1a: Moltres|27/100
|-heal|p2a: Hatterene|69/100|[from] drain|[of] p1a: Moltres
|-ability|p1a: Moltres|Berserk|boost
|-boost|p1a: Moltres|spa|1
|-enditem|p1a: Moltres|Sitrus Berry|[eat]
|-heal|p1a: Moltres|52/100|[from] item: Sitrus Berry
|move|p1a: Moltres|Agility|p1a: Moltres
|-boost|p1a: Moltres|spe|2
|
|-fieldend|move: Trick Room
|upkeep
|turn|16
|
|t:|1769296732
|move|p1a: Moltres|Fiery Wrath|p2a: Hatterene
|-damage|p2a: Hatterene|1/100
|cant|p2a: Hatterene|flinch
|
|upkeep
|turn|17
|
|t:|1769296739
|move|p1a: Moltres|Fiery Wrath|p2a: Hatterene
|-damage|p2a: Hatterene|0 fnt
|faint|p2a: Hatterene
|
|upkeep
|
|t:|1769296750
|switch|p2a: Swampert|Swampert, M|100/100
|turn|18
|
|t:|1769296756
|move|p1a: Moltres|Fiery Wrath|p2a: Swampert
|-damage|p2a: Swampert|43/100
|move|p2a: Swampert|Liquidation|p1a: Moltres
|-damage|p1a: Moltres|0 fnt
|faint|p1a: Moltres
|
|-heal|p2a: Swampert|49/100|[from] item: Leftovers
|upkeep
|
|t:|1769296764
|switch|p1a: Zamazenta|Zamazenta|72/100
|-status|p1a: Zamazenta|psn
|turn|19
|
|t:|1769296768
|move|p1a: Zamazenta|Iron Defense|p1a: Zamazenta
|-boost|p1a: Zamazenta|def|2
|move|p2a: Swampert|Liquidation|p1a: Zamazenta
|-damage|p1a: Zamazenta|55/100 psn
|
|-heal|p1a: Zamazenta|61/100 psn|[from] item: Leftovers
|-heal|p2a: Swampert|55/100|[from] item: Leftovers
|-damage|p1a: Zamazenta|48/100 psn|[from] psn
|upkeep
|turn|20
|
|t:|1769296773
|move|p1a: Zamazenta|Body Press|p2a: Swampert
|-crit|p2a: Swampert
|-damage|p2a: Swampert|0 fnt
|faint|p2a: Swampert
|
|-heal|p1a: Zamazenta|55/100 psn|[from] item: Leftovers
|-damage|p1a: Zamazenta|42/100 psn|[from] psn
|upkeep
|
|t:|1769296777
|switch|p2a: Dragapult|Dragapult, F|100/100
|turn|21
|
|t:|1769296781
|move|p2a: Dragapult|Substitute|p2a: Dragapult
|-start|p2a: Dragapult|Substitute
|-damage|p2a: Dragapult|76/100
|move|p1a: Zamazenta|Heavy Slam|p2a: Dragapult
|-end|p2a: Dragapult|Substitute
|
|-heal|p2a: Dragapult|82/100|[from] item: Leftovers
|-heal|p1a: Zamazenta|48/100 psn|[from] item: Leftovers
|-damage|p1a: Zamazenta|36/100 psn|[from] psn
|upkeep
|turn|22
|-message|kill clefable now forfeited.
|
|win|Ayzerqcel
|raw|kill clefable now's rating: 1313 &rarr; <strong>1291</strong><br />(-22 for losing)
|raw|Ayzerqcel's rating: 1275 &rarr; <strong>1303</strong><br />(+28 for winning)
|l|☆kill clefable now
|player|p1|
|l|☆Ayzerqcel
|player|p2|
