|j|☆maximilk
|j|☆GreninjaMyFav
|t:|1769317590
|gametype|singles
|player|p1|maximilk|veteran|1549
|player|p2|GreninjaMyFav|170|1571
|gen|9
|tier|[Gen 9] OU
|rated|
|rule|HP Percentage Mod: HP is shown in percentages
|rule|Endless Battle Clause: Forcing endless battles is banned
|rule|Species Clause: Limit one of each Pokémon
|rule|OHKO Clause: OHKO moves are banned
|rule|Evasion Items Clause: Evasion items are banned
|rule|Evasion Moves Clause: Evasion moves are banned
|rule|Evasion Abilities Clause: Evasion abilities are banned
|rule|Sleep Moves Clause: Sleep-inducing moves are banned
|clearpoke
|poke|p1|Landorus-Therian, M|
|poke|p1|Slowking-Galar, F|
|poke|p1|Kyurem|
|poke|p1|Great Tusk|
|poke|p1|Iron Moth|
|poke|p1|Dragonite, M|
|poke|p2|Rillaboom, F|
|poke|p2|Gholdengo|
|poke|p2|Greninja-*, F|
|poke|p2|Heatran, M|
|poke|p2|Great Tusk|
|poke|p2|Darkrai|
|teampreview
|
|t:|1769317612
|teamsize|p1|6
|teamsize|p2|6
|start
|switch|p1a: Landorus|Landorus-Therian, M|100/100
|switch|p2a: Greninja|Greninja, F|100/100
|-ability|p1a: Landorus|Intimidate|boost
|-unboost|p2a: Greninja|atk|1
|turn|1
|
|t:|1769317616
|move|p2a: Greninja|Ice Beam|p1a: Landorus
|-start|p2a: Greninja|typechange|Ice|[from] ability: Protean
|-supereffective|p1a: Landorus
|-crit|p1a: Landorus
|-damage|p1a: Landorus|0 fnt
|faint|p1a: Landorus
|
|upkeep
|
|t:|1769317620
|switch|p1a: Slowking|Slowking-Galar, F|100/100
|turn|2
|
|t:|1769317624
|switch|p2a: Heatran|Heatran, M|100/100
|-prepare|p1a: Slowking|Chilly Reception|[premajor]
|move|p1a: Slowking|Chilly Reception|p1a: Slowking
|-weather|Snowscape
|
|t:|1769317631
|switch|p1a: Kyurem|Kyurem|100/100|[from] Chilly Reception
|-ability|p1a: Kyurem|Pressure
|
|-weather|Snowscape|[upkeep]
|upkeep
|turn|3
|
|t:|1769317633
|switch|p2a: Gholdengo|Gholdengo|100/100
|-item|p2a: Gholdengo|Air Balloon
|move|p1a: Kyurem|Earth Power|p2a: Gholdengo
|-immune|p2a: Gholdengo
|
|-weather|Snowscape|[upkeep]
|upkeep
|turn|4
|
|t:|1769317640
|switch|p1a: Great Tusk|Great Tusk|100/100
|switch|p2a: Greninja|Greninja, F|100/100
|
|-weather|Snowscape|[upkeep]
|upkeep
|turn|5
|
|t:|1769317646
|-end|p1a: Great Tusk|Protosynthesis|[silent]
|switch|p1a: Kyurem|Kyurem|100/100
|-ability|p1a: Kyurem|Pressure
|move|p2a: Greninja|Ice Beam|p1a: Kyurem
|-start|p2a: Greninja|typechange|Ice|[from] ability: Protean
|-damage|p1a: Kyurem|42/100
|
|-weather|Snowscape|[upkeep]
|upkeep
|turn|6
|
|t:|1769317651
|move|p2a: Greninja|Ice Beam|p1a: Kyurem
|-damage|p1a: Kyurem|0 fnt
|faint|p1a: Kyurem
|
|-weather|none
|upkeep
|
|t:|1769317653
|switch|p1a: Iron Moth|Iron Moth|100/100
|-enditem|p1a: Iron Moth|Booster Energy
|-activate|p1a: Iron Moth|ability: Quark Drive|[fromitem]
|-start|p1a: Iron Moth|quarkdrivespa
|turn|7
|
|t:|1769317660
|switch|p2a: Heatran|Heatran, M|100/100
|move|p1a: Iron Moth|Agility|p1a: Iron Moth
|-boost|p1a: Iron Moth|spe|2
|
|upkeep
|turn|8
|
|t:|1769317667
|-end|p1a: Iron Moth|Quark Drive|[silent]
|switch|p1a: Slowking|Slowking-Galar, F|100/100
|move|p2a: Heatran|Earth Power|p1a: Slowking
|-supereffective|p1a: Slowking
|-damage|p1a: Slowking|71/100
|
|upkeep
|turn|9
|
|t:|1769317670
|move|p2a: Heatran|Stealth Rock|p1a: Slowking
|-sidestart|p1: maximilk|move: Stealth Rock
|-prepare|p1a: Slowking|Chilly Reception|[premajor]
|move|p1a: Slowking|Chilly Reception|p1a: Slowking
|-weather|Snowscape
|
|t:|1769317673
|switch|p1a: Dragonite|Dragonite, M|100/100|[from] Chilly Reception
|-damage|p1a: Dragonite|76/100|[from] Stealth Rock
|
|-weather|Snowscape|[upkeep]
|upkeep
|turn|10
|
|t:|1769317679
|switch|p2a: Greninja|Greninja, F|100/100
|move|p1a: Dragonite|Encore||[still]
|-fail|p1a: Dragonite
|
|-weather|Snowscape|[upkeep]
|upkeep
|turn|11
|
|t:|1769317683
|-terastallize|p1a: Dragonite|Fire
|move|p2a: Greninja|Hydro Pump|p1a: Dragonite
|-start|p2a: Greninja|typechange|Water|[from] ability: Protean
|-supereffective|p1a: Dragonite
|-damage|p1a: Dragonite|0 fnt
|faint|p1a: Dragonite
|
|-weather|Snowscape|[upkeep]
|upkeep
|-message|maximilk forfeited.
|
|win|GreninjaMyFav
|raw|maximilk's rating: 1549 &rarr; <strong>1530</strong><br />(-19 for losing)
|raw|GreninjaMyFav's rating: 1571 &rarr; <strong>1590</strong><br />(+19 for winning)
|l|☆maximilk
|player|p1|
|l|☆GreninjaMyFav
|player|p2|
