|j|☆lilwaterbill
|j|☆MonkeyKoko
|t:|1769406427
|gametype|singles
|player|p1|lilwaterbill|cyrus-masters|
|player|p2|MonkeyKoko|red|
|gen|9
|tier|[Gen 9] OU
|rule|HP Percentage Mod: HP is shown in percentages
|rule|Endless Battle Clause: Forcing endless battles is banned
|rule|Species Clause: Limit one of each Pokémon
|rule|OHKO Clause: OHKO moves are banned
|rule|Evasion Items Clause: Evasion items are banned
|rule|Evasion Moves Clause: Evasion moves are banned
|rule|Evasion Abilities Clause: Evasion abilities are banned
|rule|Sleep Moves Clause: Sleep-inducing moves are banned
|clearpoke
|poke|p1|Toxapex, M|
|poke|p1|Corviknight, F|
|poke|p1|Dondozo, F|
|poke|p1|Clefable, F|
|poke|p1|Gliscor, M|
|poke|p1|Clodsire, F|
|poke|p2|Great Tusk|
|poke|p2|Jirachi|
|poke|p2|Gyarados, M|
|poke|p2|Landorus-Therian, M|
|poke|p2|Rotom-Wash|
|poke|p2|Charizard, F|
|teampreview
|inactive|Battle timer is ON: inactive players will automatically lose when time's up. (requested by lilwaterbill)
|j| Garnotashchimop
|
|t:|1769406446
|teamsize|p1|6
|teamsize|p2|6
|start
|switch|p1a: interesting choice|Gliscor, M|100/100
|switch|p2a: Gyarados|Gyarados, M|100/100
|-ability|p2a: Gyarados|Intimidate|boost
|-unboost|p1a: interesting choice|atk|1
|turn|1
|
|t:|1769406459
|move|p1a: interesting choice|Toxic|p2a: Gyarados
|-status|p2a: Gyarados|tox
|move|p2a: Gyarados|Dragon Dance|p2a: Gyarados
|-boost|p2a: Gyarados|atk|1
|-boost|p2a: Gyarados|spe|1
|
|-damage|p2a: Gyarados|94/100 tox|[from] psn
|-status|p1a: interesting choice|tox|[from] item: Toxic Orb
|upkeep
|turn|2
|
|t:|1769406463
|switch|p1a: that’s not enough|Dondozo, F|100/100
|move|p2a: Gyarados|Taunt|p1a: that’s not enough
|-start|p1a: that’s not enough|move: Taunt
|
|-damage|p2a: Gyarados|82/100 tox|[from] psn
|upkeep
|turn|3
|
|t:|1769406474
|move|p2a: Gyarados|Scale Shot|p1a: that’s not enough
|-damage|p1a: that’s not enough|96/100
|-damage|p1a: that’s not enough|91/100
|-damage|p1a: that’s not enough|87/100
|-damage|p1a: that’s not enough|83/100
|-damage|p1a: that’s not enough|79/100
|-hitcount|p1a: that’s not enough|5
|-unboost|p2a: Gyarados|def|1
|-boost|p2a: Gyarados|spe|1
|move|p1a: that’s not enough|Waterfall|p2a: Gyarados
|-resisted|p2a: Gyarados
|-damage|p2a: Gyarados|65/100 tox
|
|-heal|p1a: that’s not enough|86/100|[from] item: Leftovers
|-damage|p2a: Gyarados|47/100 tox|[from] psn
|upkeep
|turn|4
|
|t:|1769406482
|switch|p2a: Rotom|Rotom-Wash|100/100
|move|p1a: that’s not enough|Waterfall|p2a: Rotom
|-resisted|p2a: Rotom
|-damage|p2a: Rotom|83/100
|
|-heal|p1a: that’s not enough|92/100|[from] item: Leftovers
|-end|p1a: that’s not enough|move: Taunt
|upkeep
|turn|5
|
|t:|1769406493
|switch|p1a: did you calc that?|Clodsire, F|100/100
|move|p2a: Rotom|Will-O-Wisp|p1a: did you calc that?
|-status|p1a: did you calc that?|brn
|
|-damage|p1a: did you calc that?|94/100 brn|[from] brn
|upkeep
|turn|6
|
|t:|1769406508
|switch|p2a: Gyarados|Gyarados, M|47/100 tox
|-ability|p2a: Gyarados|Intimidate|boost
|-unboost|p1a: did you calc that?|atk|1
|move|p1a: did you calc that?|Spikes|p2a: Gyarados
|-sidestart|p2: MonkeyKoko|Spikes
|
|-damage|p2a: Gyarados|41/100 tox|[from] psn
|-damage|p1a: did you calc that?|88/100 brn|[from] brn
|upkeep
|turn|7
|
|t:|1769406518
|switch|p1a: that’s not enough|Dondozo, F|92/100
|move|p2a: Gyarados|Taunt|p1a: that’s not enough
|-start|p1a: that’s not enough|move: Taunt
|
|-heal|p1a: that’s not enough|98/100|[from] item: Leftovers
|-damage|p2a: Gyarados|29/100 tox|[from] psn
|upkeep
|turn|8
|
|t:|1769406534
|switch|p2a: Space baby|Jirachi, shiny|100/100
|-damage|p2a: Space baby|88/100|[from] Spikes
|switch|p1a: that’s unfortunate|Clefable, F|100/100
|
|-heal|p2a: Space baby|94/100|[from] item: Leftovers
|upkeep
|turn|9
|
|t:|1769406551
|move|p2a: Space baby|Iron Head|p1a: that’s unfortunate
|-supereffective|p1a: that’s unfortunate
|-damage|p1a: that’s unfortunate|62/100
|move|p1a: that’s unfortunate|Knock Off|p2a: Space baby
|-supereffective|p2a: Space baby
|-damage|p2a: Space baby|69/100
|-enditem|p2a: Space baby|Leftovers|[from] move: Knock Off|[of] p1a: that’s unfortunate
|
|upkeep
|turn|10
|inactive|lilwaterbill has 270 seconds left.
|
|t:|1769406581
|switch|p1a: did you calc that?|Clodsire, F|88/100 brn
|move|p2a: Space baby|Iron Head|p1a: did you calc that?
|-damage|p1a: did you calc that?|59/100 brn
|
|-damage|p1a: did you calc that?|53/100 brn|[from] brn
|upkeep
|turn|11
|
|t:|1769406595
|move|p2a: Space baby|Iron Head|p1a: did you calc that?
|-damage|p1a: did you calc that?|20/100 brn
|move|p1a: did you calc that?|Earthquake|p2a: Space baby
|-supereffective|p2a: Space baby
|-damage|p2a: Space baby|46/100
|
|-damage|p1a: did you calc that?|13/100 brn|[from] brn
|upkeep
|turn|12
|
|t:|1769406604
|switch|p1a: interesting choice|Gliscor, M|100/100 tox
|move|p2a: Space baby|Body Slam|p1a: interesting choice
|-damage|p1a: interesting choice|85/100 tox
|
|-heal|p1a: interesting choice|98/100 tox|[from] ability: Poison Heal
|upkeep
|turn|13
|inactive|lilwaterbill has 270 seconds left.
|
|t:|1769406612
|move|p1a: interesting choice|Substitute|p1a: interesting choice
|-start|p1a: interesting choice|Substitute
|-damage|p1a: interesting choice|73/100 tox
|move|p2a: Space baby|Wish|p2a: Space baby
|
|-heal|p1a: interesting choice|85/100 tox|[from] ability: Poison Heal
|upkeep
|turn|14
|inactive|lilwaterbill has 270 seconds left.
|
|t:|1769406626
|switch|p2a: Gyarados|Gyarados, M|29/100 tox
|-ability|p2a: Gyarados|Intimidate|boost
|-immune|p1a: interesting choice
|move|p1a: interesting choice|Knock Off|p2a: Gyarados
|-damage|p2a: Gyarados|0 fnt
|-enditem|p2a: Gyarados|Loaded Dice|[from] move: Knock Off|[of] p1a: interesting choice
|faint|p2a: Gyarados
|
|-heal|p1a: interesting choice|98/100 tox|[from] ability: Poison Heal
|upkeep
|
|t:|1769406634
|switch|p2a: Landorus|Landorus-Therian, M|100/100
|-ability|p2a: Landorus|Intimidate|boost
|-immune|p1a: interesting choice
|turn|15
|
|t:|1769406652
|move|p1a: interesting choice|Knock Off|p2a: Landorus
|-damage|p2a: Landorus|81/100
|-damage|p1a: interesting choice|81/100 tox|[from] item: Rocky Helmet|[of] p2a: Landorus
|-enditem|p2a: Landorus|Rocky Helmet|[from] move: Knock Off|[of] p1a: interesting choice
|move|p2a: Landorus|U-turn|p1a: interesting choice
|-resisted|p1a: interesting choice
|-activate|p1a: interesting choice|move: Substitute|[damage]
|
|t:|1769406660
|switch|p2a: Great Tusk|Great Tusk|100/100|[from] U-turn
|-damage|p2a: Great Tusk|88/100|[from] Spikes
|
|-heal|p1a: interesting choice|94/100 tox|[from] ability: Poison Heal
|upkeep
|turn|16
|
|t:|1769406668
|move|p1a: interesting choice|Toxic|p2a: Great Tusk
|-status|p2a: Great Tusk|tox
|move|p2a: Great Tusk|Rapid Spin|p1a: interesting choice
|-activate|p1a: interesting choice|move: Substitute|[damage]
|-sideend|p2: MonkeyKoko|Spikes|[from] move: Rapid Spin|[of] p2a: Great Tusk
|-boost|p2a: Great Tusk|spe|1
|
|-damage|p2a: Great Tusk|82/100 tox|[from] psn
|-heal|p1a: interesting choice|100/100 tox|[from] ability: Poison Heal
|upkeep
|turn|17
|
|t:|1769406674
|move|p1a: interesting choice|Protect|p1a: interesting choice
|-singleturn|p1a: interesting choice|Protect
|move|p2a: Great Tusk|Knock Off|p1a: interesting choice
|-activate|p1a: interesting choice|move: Protect
|
|-damage|p2a: Great Tusk|70/100 tox|[from] psn
|upkeep
|turn|18
|
|t:|1769406683
|move|p2a: Great Tusk|Knock Off|p1a: interesting choice
|-end|p1a: interesting choice|Substitute
|move|p1a: interesting choice|Knock Off|p2a: Great Tusk
|-resisted|p2a: Great Tusk
|-damage|p2a: Great Tusk|61/100 tox
|-damage|p1a: interesting choice|84/100 tox|[from] item: Rocky Helmet|[of] p2a: Great Tusk
|-enditem|p2a: Great Tusk|Rocky Helmet|[from] move: Knock Off|[of] p1a: interesting choice
|
|-damage|p2a: Great Tusk|43/100 tox|[from] psn
|-heal|p1a: interesting choice|97/100 tox|[from] ability: Poison Heal
|upkeep
|turn|19
|
|t:|1769406694
|-end|p2a: Great Tusk|Protosynthesis|[silent]
|switch|p2a: Rotom|Rotom-Wash|83/100
|move|p1a: interesting choice|Protect||[still]
|-fail|p1a: interesting choice
|
|-heal|p1a: interesting choice|100/100 tox|[from] ability: Poison Heal
|upkeep
|turn|20
|inactive|lilwaterbill has 270 seconds left.
|
|t:|1769406740
|switch|p1a: that’s unfortunate|Clefable, F|62/100
|move|p2a: Rotom|Hydro Pump|p1a: that’s unfortunate
|-crit|p1a: that’s unfortunate
|-damage|p1a: that’s unfortunate|0 fnt
|faint|p1a: that’s unfortunate
|
|upkeep
|
|t:|1769406755
|switch|p1a: take your time|Toxapex, M|100/100
|turn|21
|
|t:|1769406765
|switch|p2a: Space baby|Jirachi, shiny|46/100
|move|p1a: take your time|Infestation|p2a: Space baby
|-damage|p2a: Space baby|44/100
|-activate|p2a: Space baby|move: Infestation|[of] p1a: take your time
|
|-damage|p2a: Space baby|32/100|[from] move: Infestation|[partiallytrapped]
|upkeep
|turn|22
|
|t:|1769406774
|move|p1a: take your time|Baneful Bunker|p1a: take your time
|-singleturn|p1a: take your time|move: Protect
|move|p2a: Space baby|Wish|p2a: Space baby
|
|-damage|p2a: Space baby|19/100|[from] move: Infestation|[partiallytrapped]
|upkeep
|turn|23
|
|t:|1769406790
|move|p2a: Space baby|Body Slam|p1a: take your time
|-damage|p1a: take your time|88/100
|-status|p1a: take your time|par
|move|p1a: take your time|Infestation|p2a: Space baby
|-damage|p2a: Space baby|18/100
|
|-heal|p2a: Space baby|67/100|[from] move: Wish|[wisher] Space baby
|-heal|p1a: take your time|94/100 par|[from] item: Leftovers
|-damage|p2a: Space baby|55/100|[from] move: Infestation|[partiallytrapped]
|upkeep
|turn|24
|
|t:|1769406798
|move|p1a: take your time|Baneful Bunker|p1a: take your time
|-singleturn|p1a: take your time|move: Protect
|move|p2a: Space baby|Wish|p2a: Space baby
|
|-heal|p1a: take your time|100/100 par|[from] item: Leftovers
|-damage|p2a: Space baby|43/100|[from] move: Infestation|[partiallytrapped]
|upkeep
|turn|25
|
|t:|1769406804
|switch|p1a: interesting choice|Gliscor, M|100/100 tox
|move|p2a: Space baby|Iron Head|p1a: interesting choice
|-damage|p1a: interesting choice|80/100 tox
|
|-heal|p2a: Space baby|93/100|[from] move: Wish|[wisher] Space baby
|-heal|p1a: interesting choice|93/100 tox|[from] ability: Poison Heal
|-end|p2a: Space baby|Infestation|[partiallytrapped]|[silent]
|upkeep
|turn|26
|
|t:|1769406812
|move|p1a: interesting choice|Substitute|p1a: interesting choice
|-start|p1a: interesting choice|Substitute
|-damage|p1a: interesting choice|68/100 tox
|move|p2a: Space baby|Iron Head|p1a: interesting choice
|-activate|p1a: interesting choice|move: Substitute|[damage]
|
|-heal|p1a: interesting choice|80/100 tox|[from] ability: Poison Heal
|upkeep
|turn|27
|inactive|lilwaterbill has 270 seconds left.
|
|t:|1769406824
|move|p1a: interesting choice|Protect|p1a: interesting choice
|-singleturn|p1a: interesting choice|Protect
|move|p2a: Space baby|Iron Head|p1a: interesting choice
|-activate|p1a: interesting choice|move: Protect
|
|-heal|p1a: interesting choice|93/100 tox|[from] ability: Poison Heal
|upkeep
|turn|28
|inactive|lilwaterbill has 270 seconds left.
|
|t:|1769406844
|-terastallize|p1a: interesting choice|Dark
|move|p1a: interesting choice|Knock Off|p2a: Space baby
|-supereffective|p2a: Space baby
|-damage|p2a: Space baby|57/100
|move|p2a: Space baby|Wish|p2a: Space baby
|
|-heal|p1a: interesting choice|100/100 tox|[from] ability: Poison Heal
|upkeep
|turn|29
|
|t:|1769406855
|move|p1a: interesting choice|Knock Off|p2a: Space baby
|-supereffective|p2a: Space baby
|-crit|p2a: Space baby
|-damage|p2a: Space baby|3/100
|move|p2a: Space baby|Iron Head|p1a: interesting choice
|-end|p1a: interesting choice|Substitute
|
|-heal|p2a: Space baby|53/100|[from] move: Wish|[wisher] Space baby
|upkeep
|turn|30
|
|t:|1769406865
|move|p1a: interesting choice|Knock Off|p2a: Space baby
|-supereffective|p2a: Space baby
|-damage|p2a: Space baby|18/100
|move|p2a: Space baby|Iron Head|p1a: interesting choice
|-damage|p1a: interesting choice|80/100 tox
|
|-heal|p1a: interesting choice|93/100 tox|[from] ability: Poison Heal
|upkeep
|turn|31
|
|t:|1769406871
|switch|p2a: Great Tusk|Great Tusk|43/100 tox
|move|p1a: interesting choice|Knock Off|p2a: Great Tusk
|-resisted|p2a: Great Tusk
|-damage|p2a: Great Tusk|36/100 tox
|
|-heal|p1a: interesting choice|100/100 tox|[from] ability: Poison Heal
|-damage|p2a: Great Tusk|29/100 tox|[from] psn
|upkeep
|turn|32
|
|t:|1769406884
|move|p1a: interesting choice|Protect|p1a: interesting choice
|-singleturn|p1a: interesting choice|Protect
|move|p2a: Great Tusk|Rapid Spin|p1a: interesting choice
|-activate|p1a: interesting choice|move: Protect
|
|-damage|p2a: Great Tusk|17/100 tox|[from] psn
|upkeep
|turn|33
|
|t:|1769406889
|move|p1a: interesting choice|Substitute|p1a: interesting choice
|-start|p1a: interesting choice|Substitute
|-damage|p1a: interesting choice|75/100 tox
|move|p2a: Great Tusk|Close Combat|p1a: interesting choice
|-supereffective|p1a: interesting choice
|-end|p1a: interesting choice|Substitute
|-unboost|p2a: Great Tusk|def|1
|-unboost|p2a: Great Tusk|spd|1
|
|-heal|p1a: interesting choice|88/100 tox|[from] ability: Poison Heal
|-damage|p2a: Great Tusk|0 fnt|[from] psn
|faint|p2a: Great Tusk
|-end|p2a: Great Tusk|Protosynthesis|[silent]
|upkeep
|
|t:|1769406909
|switch|p2a: Landorus|Landorus-Therian, M|81/100
|-ability|p2a: Landorus|Intimidate|boost
|-unboost|p1a: interesting choice|atk|1
|turn|34
|
|t:|1769406921
|move|p1a: interesting choice|Toxic|p2a: Landorus
|-status|p2a: Landorus|tox
|move|p2a: Landorus|Stealth Rock|p1a: interesting choice
|-sidestart|p1: lilwaterbill|move: Stealth Rock
|
|-heal|p1a: interesting choice|100/100 tox|[from] ability: Poison Heal
|-damage|p2a: Landorus|75/100 tox|[from] psn
|upkeep
|turn|35
|
|t:|1769406936
|move|p1a: interesting choice|Substitute|p1a: interesting choice
|-start|p1a: interesting choice|Substitute
|-damage|p1a: interesting choice|75/100 tox
|move|p2a: Landorus|Taunt|p1a: interesting choice
|-start|p1a: interesting choice|move: Taunt
|
|-heal|p1a: interesting choice|88/100 tox|[from] ability: Poison Heal
|-damage|p2a: Landorus|63/100 tox|[from] psn
|upkeep
|turn|36
|
|t:|1769406946
|move|p1a: interesting choice|Knock Off|p2a: Landorus
|-damage|p2a: Landorus|49/100 tox
|move|p2a: Landorus|Earth Power|p1a: interesting choice
|-end|p1a: interesting choice|Substitute
|
|-heal|p1a: interesting choice|100/100 tox|[from] ability: Poison Heal
|-damage|p2a: Landorus|31/100 tox|[from] psn
|upkeep
|turn|37
|
|t:|1769406957
|switch|p1a: per my last turn|Corviknight, F|100/100
|-damage|p1a: per my last turn|88/100|[from] Stealth Rock
|-ability|p1a: per my last turn|Pressure
|move|p2a: Landorus|Earth Power|p1a: per my last turn
|-immune|p1a: per my last turn
|
|-heal|p1a: per my last turn|94/100|[from] item: Leftovers
|-damage|p2a: Landorus|7/100 tox|[from] psn
|upkeep
|turn|38
|
|t:|1769406966
|move|p2a: Landorus|Taunt|p1a: per my last turn
|-start|p1a: per my last turn|move: Taunt
|cant|p1a: per my last turn|move: Taunt|Defog
|
|-heal|p1a: per my last turn|100/100|[from] item: Leftovers
|-damage|p2a: Landorus|0 fnt|[from] psn
|faint|p2a: Landorus
|upkeep
|
|t:|1769406972
|switch|p2a: Big Chungazard|Charizard, F, shiny|100/100
|turn|39
|
|t:|1769406983
|move|p2a: Big Chungazard|Flame Charge|p1a: per my last turn
|-supereffective|p1a: per my last turn
|-damage|p1a: per my last turn|66/100
|-boost|p2a: Big Chungazard|spe|1
|move|p1a: per my last turn|Brave Bird|p2a: Big Chungazard
|-damage|p2a: Big Chungazard|45/100
|-enditem|p2a: Big Chungazard|Sitrus Berry|[eat]
|-heal|p2a: Big Chungazard|70/100|[from] item: Sitrus Berry
|-damage|p1a: per my last turn|52/100|[from] Recoil
|
|-heal|p1a: per my last turn|59/100|[from] item: Leftovers
|upkeep
|turn|40
|
|t:|1769406994
|move|p2a: Big Chungazard|Flame Charge|p1a: per my last turn
|-supereffective|p1a: per my last turn
|-damage|p1a: per my last turn|30/100
|-boost|p2a: Big Chungazard|spe|1
|move|p1a: per my last turn|Brave Bird|p2a: Big Chungazard
|-damage|p2a: Big Chungazard|21/100
|-damage|p1a: per my last turn|18/100|[from] Recoil
|
|-heal|p1a: per my last turn|24/100|[from] item: Leftovers
|-end|p1a: per my last turn|move: Taunt
|upkeep
|turn|41
|
|t:|1769407007
|move|p2a: Big Chungazard|Acrobatics|p1a: per my last turn
|-resisted|p1a: per my last turn
|-damage|p1a: per my last turn|7/100
|move|p1a: per my last turn|Brave Bird|p2a: Big Chungazard
|-damage|p2a: Big Chungazard|0 fnt
|faint|p2a: Big Chungazard
|-damage|p1a: per my last turn|2/100|[from] Recoil
|
|-heal|p1a: per my last turn|8/100|[from] item: Leftovers
|upkeep
|
|t:|1769407012
|switch|p2a: Space baby|Jirachi, shiny|18/100
|turn|42
|
|t:|1769407019
|move|p2a: Space baby|Wish|p2a: Space baby
|move|p1a: per my last turn|Brave Bird|p2a: Space baby
|-resisted|p2a: Space baby
|-damage|p2a: Space baby|4/100
|-damage|p1a: per my last turn|3/100|[from] Recoil
|
|-heal|p1a: per my last turn|9/100|[from] item: Leftovers
|upkeep
|turn|43
|
|t:|1769407024
|move|p2a: Space baby|Protect|p2a: Space baby
|-singleturn|p2a: Space baby|Protect
|move|p1a: per my last turn|Brave Bird|p2a: Space baby
|-activate|p2a: Space baby|move: Protect
|
|-heal|p2a: Space baby|54/100|[from] move: Wish|[wisher] Space baby
|-heal|p1a: per my last turn|16/100|[from] item: Leftovers
|upkeep
|turn|44
|
|t:|1769407028
|move|p2a: Space baby|Wish|p2a: Space baby
|move|p1a: per my last turn|Roost|p1a: per my last turn
|-heal|p1a: per my last turn|66/100
|-singleturn|p1a: per my last turn|move: Roost
|
|-heal|p1a: per my last turn|72/100|[from] item: Leftovers
|upkeep
|turn|45
|
|t:|1769407033
|move|p2a: Space baby|Body Slam|p1a: per my last turn
|-resisted|p1a: per my last turn
|-damage|p1a: per my last turn|64/100
|-status|p1a: per my last turn|par
|move|p1a: per my last turn|Defog|p2a: Space baby
|-unboost|p2a: Space baby|evasion|1
|-sideend|p1: lilwaterbill|Stealth Rock|[from] move: Defog|[of] p1a: per my last turn
|
|-heal|p2a: Space baby|100/100|[from] move: Wish|[wisher] Space baby
|-heal|p1a: per my last turn|70/100 par|[from] item: Leftovers
|upkeep
|turn|46
|
|t:|1769407043
|switch|p1a: interesting choice|Gliscor, M, tera:Dark|100/100 tox
|move|p2a: Space baby|Iron Head|p1a: interesting choice
|-damage|p1a: interesting choice|79/100 tox
|
|-heal|p1a: interesting choice|92/100 tox|[from] ability: Poison Heal
|upkeep
|turn|47
|
|t:|1769407046
|move|p1a: interesting choice|Substitute|p1a: interesting choice
|-start|p1a: interesting choice|Substitute
|-damage|p1a: interesting choice|67/100 tox
|move|p2a: Space baby|Iron Head|p1a: interesting choice
|-activate|p1a: interesting choice|move: Substitute|[damage]
|
|-heal|p1a: interesting choice|79/100 tox|[from] ability: Poison Heal
|upkeep
|turn|48
|
|t:|1769407056
|move|p1a: interesting choice|Knock Off|p2a: Space baby
|-supereffective|p2a: Space baby
|-damage|p2a: Space baby|65/100
|move|p2a: Space baby|Iron Head|p1a: interesting choice
|-end|p1a: interesting choice|Substitute
|
|-heal|p1a: interesting choice|92/100 tox|[from] ability: Poison Heal
|upkeep
|turn|49
|
|t:|1769407063
|move|p1a: interesting choice|Knock Off|p2a: Space baby
|-supereffective|p2a: Space baby
|-damage|p2a: Space baby|31/100
|move|p2a: Space baby|Wish|p2a: Space baby
|
|-heal|p1a: interesting choice|100/100 tox|[from] ability: Poison Heal
|upkeep
|turn|50
|
|t:|1769407070
|switch|p2a: Rotom|Rotom-Wash|83/100
|move|p1a: interesting choice|Knock Off|p2a: Rotom
|-damage|p2a: Rotom|42/100
|-enditem|p2a: Rotom|Choice Scarf|[from] move: Knock Off|[of] p1a: interesting choice
|
|-heal|p2a: Rotom|100/100|[from] move: Wish|[wisher] Space baby
|upkeep
|turn|51
|
|t:|1769407078
|move|p1a: interesting choice|Toxic|p2a: Rotom
|-status|p2a: Rotom|tox
|move|p2a: Rotom|Hydro Pump|p1a: interesting choice
|-crit|p1a: interesting choice
|-damage|p1a: interesting choice|9/100 tox
|
|-heal|p1a: interesting choice|22/100 tox|[from] ability: Poison Heal
|-damage|p2a: Rotom|94/100 tox|[from] psn
|upkeep
|turn|52
|
|t:|1769407088
|move|p1a: interesting choice|Protect|p1a: interesting choice
|-singleturn|p1a: interesting choice|Protect
|move|p2a: Rotom|Volt Switch|p1a: interesting choice
|-activate|p1a: interesting choice|move: Protect
|
|-heal|p1a: interesting choice|34/100 tox|[from] ability: Poison Heal
|-damage|p2a: Rotom|82/100 tox|[from] psn
|upkeep
|turn|53
|
|t:|1769407103
|move|p1a: interesting choice|Substitute|p1a: interesting choice
|-start|p1a: interesting choice|Substitute
|-damage|p1a: interesting choice|9/100 tox
|move|p2a: Rotom|Volt Switch|p1a: interesting choice
|-end|p1a: interesting choice|Substitute
|
|t:|1769407109
|switch|p2a: Space baby|Jirachi, shiny|31/100|[from] Volt Switch
|
|-heal|p1a: interesting choice|22/100 tox|[from] ability: Poison Heal
|upkeep
|turn|54
|
|t:|1769407118
|move|p1a: interesting choice|Protect|p1a: interesting choice
|-singleturn|p1a: interesting choice|Protect
|move|p2a: Space baby|Wish|p2a: Space baby
|
|-heal|p1a: interesting choice|34/100 tox|[from] ability: Poison Heal
|upkeep
|turn|55
|
|t:|1769407123
|move|p2a: Space baby|Protect|p2a: Space baby
|-singleturn|p2a: Space baby|Protect
|move|p1a: interesting choice|Knock Off|p2a: Space baby
|-activate|p2a: Space baby|move: Protect
|
|-heal|p2a: Space baby|80/100|[from] move: Wish|[wisher] Space baby
|-heal|p1a: interesting choice|47/100 tox|[from] ability: Poison Heal
|upkeep
|turn|56
|
|t:|1769407133
|switch|p2a: Rotom|Rotom-Wash|82/100 tox
|move|p1a: interesting choice|Protect||[still]
|-fail|p1a: interesting choice
|
|-heal|p1a: interesting choice|59/100 tox|[from] ability: Poison Heal
|-damage|p2a: Rotom|76/100 tox|[from] psn
|upkeep
|turn|57
|
|t:|1769407141
|move|p1a: interesting choice|Substitute|p1a: interesting choice
|-start|p1a: interesting choice|Substitute
|-damage|p1a: interesting choice|34/100 tox
|move|p2a: Rotom|Hydro Pump|p1a: interesting choice|[miss]
|-miss|p2a: Rotom|p1a: interesting choice
|
|-heal|p1a: interesting choice|47/100 tox|[from] ability: Poison Heal
|-damage|p2a: Rotom|63/100 tox|[from] psn
|upkeep
|turn|58
|
|t:|1769407150
|move|p1a: interesting choice|Protect|p1a: interesting choice
|-singleturn|p1a: interesting choice|Protect
|move|p2a: Rotom|Hydro Pump|p1a: interesting choice
|-activate|p1a: interesting choice|move: Protect
|
|-heal|p1a: interesting choice|59/100 tox|[from] ability: Poison Heal
|-damage|p2a: Rotom|44/100 tox|[from] psn
|upkeep
|turn|59
|
|t:|1769407158
|move|p1a: interesting choice|Knock Off|p2a: Rotom
|-damage|p2a: Rotom|17/100 tox
|move|p2a: Rotom|Volt Switch|p1a: interesting choice
|-end|p1a: interesting choice|Substitute
|
|t:|1769407163
|switch|p2a: Space baby|Jirachi, shiny|80/100|[from] Volt Switch
|
|-heal|p1a: interesting choice|72/100 tox|[from] ability: Poison Heal
|upkeep
|turn|60
|
|t:|1769407168
|move|p1a: interesting choice|Knock Off|p2a: Space baby
|-supereffective|p2a: Space baby
|-damage|p2a: Space baby|43/100
|move|p2a: Space baby|Wish|p2a: Space baby
|
|-heal|p1a: interesting choice|84/100 tox|[from] ability: Poison Heal
|upkeep
|turn|61
|
|t:|1769407173
|move|p1a: interesting choice|Substitute|p1a: interesting choice
|-start|p1a: interesting choice|Substitute
|-damage|p1a: interesting choice|59/100 tox
|move|p2a: Space baby|Iron Head|p1a: interesting choice
|-activate|p1a: interesting choice|move: Substitute|[damage]
|
|-heal|p2a: Space baby|93/100|[from] move: Wish|[wisher] Space baby
|-heal|p1a: interesting choice|72/100 tox|[from] ability: Poison Heal
|upkeep
|turn|62
|
|t:|1769407182
|move|p1a: interesting choice|Knock Off|p2a: Space baby
|-supereffective|p2a: Space baby
|-damage|p2a: Space baby|59/100
|move|p2a: Space baby|Iron Head|p1a: interesting choice
|-end|p1a: interesting choice|Substitute
|
|-heal|p1a: interesting choice|84/100 tox|[from] ability: Poison Heal
|upkeep
|turn|63
|
|t:|1769407189
|move|p1a: interesting choice|Knock Off|p2a: Space baby
|-supereffective|p2a: Space baby
|-damage|p2a: Space baby|20/100
|move|p2a: Space baby|Wish|p2a: Space baby
|
|-heal|p1a: interesting choice|97/100 tox|[from] ability: Poison Heal
|upkeep
|turn|64
|
|t:|1769407193
|switch|p2a: Rotom|Rotom-Wash|17/100 tox
|move|p1a: interesting choice|Knock Off|p2a: Rotom
|-damage|p2a: Rotom|0 fnt
|faint|p2a: Rotom
|
|-heal|p1a: interesting choice|100/100 tox|[from] ability: Poison Heal
|upkeep
|
|t:|1769407197
|switch|p2a: Space baby|Jirachi, shiny|20/100
|turn|65
|
|t:|1769407200
|-terastallize|p2a: Space baby|Flying
|move|p1a: interesting choice|Knock Off|p2a: Space baby
|-damage|p2a: Space baby|1/100
|move|p2a: Space baby|Wish|p2a: Space baby
|
|upkeep
|turn|66
|
|t:|1769407206
|move|p2a: Space baby|Protect|p2a: Space baby
|-singleturn|p2a: Space baby|Protect
|move|p1a: interesting choice|Toxic|p2a: Space baby
|-activate|p2a: Space baby|move: Protect
|
|-heal|p2a: Space baby|51/100|[from] move: Wish|[wisher] Space baby
|upkeep
|turn|67
|
|t:|1769407208
|move|p1a: interesting choice|Toxic|p2a: Space baby
|-status|p2a: Space baby|tox
|move|p2a: Space baby|Wish|p2a: Space baby
|
|-damage|p2a: Space baby|45/100 tox|[from] psn
|upkeep
|turn|68
|
|t:|1769407213
|switch|p1a: take your time|Toxapex, M|100/100 par
|move|p2a: Space baby|Iron Head|p1a: take your time
|-resisted|p1a: take your time
|-damage|p1a: take your time|91/100 par
|
|-heal|p2a: Space baby|95/100 tox|[from] move: Wish|[wisher] Space baby
|-heal|p1a: take your time|98/100 par|[from] item: Leftovers
|-damage|p2a: Space baby|83/100 tox|[from] psn
|upkeep
|turn|69
|
|t:|1769407218
|move|p2a: Space baby|Iron Head|p1a: take your time
|-resisted|p1a: take your time
|-damage|p1a: take your time|88/100 par
|cant|p1a: take your time|flinch
|
|-heal|p1a: take your time|94/100 par|[from] item: Leftovers
|-damage|p2a: Space baby|64/100 tox|[from] psn
|upkeep
|turn|70
|
|t:|1769407223
|move|p2a: Space baby|Iron Head|p1a: take your time
|-resisted|p1a: take your time
|-damage|p1a: take your time|84/100 par
|move|p1a: take your time|Infestation|p2a: Space baby
|-resisted|p2a: Space baby
|-damage|p2a: Space baby|63/100 tox
|-activate|p2a: Space baby|move: Infestation|[of] p1a: take your time
|
|-heal|p1a: take your time|91/100 par|[from] item: Leftovers
|-damage|p2a: Space baby|38/100 tox|[from] psn
|-damage|p2a: Space baby|26/100 tox|[from] move: Infestation|[partiallytrapped]
|upkeep
|turn|71
|
|t:|1769407233
|move|p1a: take your time|Baneful Bunker|p1a: take your time
|-singleturn|p1a: take your time|move: Protect
|move|p2a: Space baby|Body Slam|p1a: take your time
|-activate|p1a: take your time|move: Protect
|
|-heal|p1a: take your time|97/100 par|[from] item: Leftovers
|-damage|p2a: Space baby|0 fnt|[from] psn
|faint|p2a: Space baby
|
|win|lilwaterbill
