|j|☆Wifegonefishplenty
|j|☆PansageEnthusiast
|t:|1769336114
|gametype|singles
|player|p1|Wifegonefishplenty|fisherman|1087
|player|p2|PansageEnthusiast|iris|1140
|gen|9
|tier|[Gen 9] OU
|rated|
|rule|HP Percentage Mod: HP is shown in percentages
|rule|Endless Battle Clause: Forcing endless battles is banned
|rule|Species Clause: Limit one of each Pokémon
|rule|OHKO Clause: OHKO moves are banned
|rule|Evasion Items Clause: Evasion items are banned
|rule|Evasion Moves Clause: Evasion moves are banned
|rule|Evasion Abilities Clause: Evasion abilities are banned
|rule|Sleep Moves Clause: Sleep-inducing moves are banned
|clearpoke
|poke|p1|Yanmega, F|
|poke|p1|Kommo-o, M|
|poke|p1|Deoxys-Speed|
|poke|p1|Gengar, F|
|poke|p1|Basculin-Blue-Striped, F|
|poke|p1|Thundurus, M|
|poke|p2|Landorus-Therian, M|
|poke|p2|Samurott-Hisui, F|
|poke|p2|Pecharunt|
|poke|p2|Scizor, F|
|poke|p2|Latios, M|
|poke|p2|Zamazenta-*|
|teampreview
|inactive|Battle timer is ON: inactive players will automatically lose when time's up. (requested by Wifegonefishplenty)
|
|t:|1769336118
|teamsize|p1|6
|teamsize|p2|6
|start
|switch|p1a: Big man upstairs|Thundurus, M|100/100
|switch|p2a: Samurott|Samurott-Hisui, F|100/100
|turn|1
|j| Jakub9817
|
|t:|1769336128
|-terastallize|p2a: Samurott|Ground
|move|p1a: Big man upstairs|Thunder|p2a: Samurott
|-immune|p2a: Samurott
|move|p2a: Samurott|Ceaseless Edge|p1a: Big man upstairs
|-damage|p1a: Big man upstairs|22/100
|-sidestart|p1: Wifegonefishplenty|Spikes
|
|upkeep
|turn|2
|l| Jakub9817
|
|t:|1769336137
|move|p1a: Big man upstairs|Grass Knot|p2a: Samurott
|-supereffective|p2a: Samurott
|-damage|p2a: Samurott|48/100
|move|p2a: Samurott|Ceaseless Edge|p1a: Big man upstairs
|-damage|p1a: Big man upstairs|0 fnt
|-sidestart|p1: Wifegonefishplenty|Spikes
|faint|p1a: Big man upstairs
|
|upkeep
|
|t:|1769336152
|switch|p1a: Best dragon|Kommo-o, M|100/100
|-damage|p1a: Best dragon|84/100|[from] Spikes
|turn|3
|
|t:|1769336158
|move|p1a: Best dragon|Drain Punch|p2a: Samurott
|-damage|p2a: Samurott|13/100
|-heal|p1a: Best dragon|100/100|[from] drain|[of] p2a: Samurott
|move|p2a: Samurott|Ceaseless Edge|p1a: Best dragon
|-resisted|p1a: Best dragon
|-damage|p1a: Best dragon|77/100
|-sidestart|p1: Wifegonefishplenty|Spikes
|
|-heal|p1a: Best dragon|83/100|[from] item: Leftovers
|upkeep
|turn|4
|
|t:|1769336169
|move|p1a: Best dragon|Drain Punch|p2a: Samurott
|-damage|p2a: Samurott|0 fnt
|-heal|p1a: Best dragon|91/100|[from] drain|[of] p2a: Samurott
|faint|p2a: Samurott
|
|-heal|p1a: Best dragon|97/100|[from] item: Leftovers
|upkeep
|
|t:|1769336182
|switch|p2a: Latios|Latios, M|100/100
|turn|5
|
|t:|1769336185
|-terastallize|p1a: Best dragon|Fairy
|move|p2a: Latios|Psychic Noise|p1a: Best dragon
|-damage|p1a: Best dragon|37/100
|-start|p1a: Best dragon|move: Heal Block
|move|p1a: Best dragon|Clangorous Soul|p1a: Best dragon
|-boost|p1a: Best dragon|atk|1
|-boost|p1a: Best dragon|def|1
|-boost|p1a: Best dragon|spa|1
|-boost|p1a: Best dragon|spd|1
|-boost|p1a: Best dragon|spe|1
|-damage|p1a: Best dragon|4/100
|
|upkeep
|turn|6
|
|t:|1769336199
|move|p1a: Best dragon|Clanging Scales|p2a: Latios
|-supereffective|p2a: Latios
|-crit|p2a: Latios
|-damage|p2a: Latios|0 fnt
|faint|p2a: Latios
|-unboost|p1a: Best dragon|def|1
|
|-end|p1a: Best dragon|move: Heal Block
|upkeep
|
|t:|1769336206
|switch|p2a: Scizor|Scizor, F|100/100
|turn|7
|
|t:|1769336210
|move|p2a: Scizor|Bullet Punch|p1a: Best dragon
|-supereffective|p1a: Best dragon
|-damage|p1a: Best dragon|0 fnt
|faint|p1a: Best dragon
|
|upkeep
|
|t:|1769336214
|switch|p1a: Honoured fish|Basculin-Blue-Striped, F|100/100
|-damage|p1a: Honoured fish|76/100|[from] Spikes
|turn|8
|
|t:|1769336227
|move|p2a: Scizor|Bullet Punch|p1a: Honoured fish
|-resisted|p1a: Honoured fish
|-damage|p1a: Honoured fish|47/100
|move|p1a: Honoured fish|Wave Crash|p2a: Scizor
|-damage|p2a: Scizor|22/100
|-damage|p1a: Honoured fish|37/100|[from] item: Life Orb
|
|upkeep
|turn|9
|
|t:|1769336234
|move|p1a: Honoured fish|Wave Crash|p2a: Scizor
|-damage|p2a: Scizor|0 fnt
|faint|p2a: Scizor
|-damage|p1a: Honoured fish|27/100|[from] item: Life Orb
|
|upkeep
|
|t:|1769336242
|switch|p2a: Pecharunt|Pecharunt|100/100
|turn|10
|
|t:|1769336250
|move|p1a: Honoured fish|Psychic Fangs|p2a: Pecharunt
|-supereffective|p2a: Pecharunt
|-damage|p2a: Pecharunt|63/100
|-damage|p1a: Honoured fish|17/100|[from] item: Life Orb
|move|p2a: Pecharunt|Malignant Chain|p1a: Honoured fish
|-damage|p1a: Honoured fish|0 fnt
|faint|p1a: Honoured fish
|
|upkeep
|
|t:|1769336256
|switch|p1a: Thing|Gengar, F|100/100
|-item|p1a: Thing|Air Balloon
|turn|11
|
|t:|1769336269
|switch|p2a: Landorus|Landorus-Therian, M|100/100
|-ability|p2a: Landorus|Intimidate|boost
|-unboost|p1a: Thing|atk|1
|move|p1a: Thing|Encore||[still]
|-fail|p1a: Thing
|
|upkeep
|turn|12
|
|t:|1769336278
|move|p1a: Thing|Nasty Plot|p1a: Thing
|-boost|p1a: Thing|spa|2
|move|p2a: Landorus|U-turn|p1a: Thing
|-resisted|p1a: Thing
|-damage|p1a: Thing|89/100
|-start|p2a: Landorus|Disable|U-turn|[from] ability: Cursed Body|[of] p1a: Thing
|-enditem|p1a: Thing|Air Balloon
|
|t:|1769336286
|switch|p2a: Zamazenta|Zamazenta|100/100|[from] U-turn
|-ability|p2a: Zamazenta|Dauntless Shield|boost
|-boost|p2a: Zamazenta|def|1
|
|upkeep
|turn|13
|
|t:|1769336291
|move|p1a: Thing|Shadow Ball|p2a: Zamazenta
|-damage|p2a: Zamazenta|28/100
|move|p2a: Zamazenta|Roar|p1a: Thing
|drag|p1a: Prolly gonna miss|Deoxys-Speed|100/100
|-damage|p1a: Prolly gonna miss|76/100|[from] Spikes
|-ability|p1a: Prolly gonna miss|Pressure
|
|-heal|p2a: Zamazenta|34/100|[from] item: Leftovers
|upkeep
|turn|14
|
|t:|1769336301
|switch|p2a: Landorus|Landorus-Therian, M|100/100
|-ability|p2a: Landorus|Intimidate|boost
|-unboost|p1a: Prolly gonna miss|atk|1
|move|p1a: Prolly gonna miss|Night Shade|p2a: Landorus
|-damage|p2a: Landorus|74/100
|
|upkeep
|turn|15
|
|t:|1769336310
|move|p1a: Prolly gonna miss|Night Shade|p2a: Landorus
|-damage|p2a: Landorus|48/100
|move|p2a: Landorus|Stealth Rock|p1a: Prolly gonna miss
|-sidestart|p1: Wifegonefishplenty|move: Stealth Rock
|
|upkeep
|turn|16
|
|t:|1769336315
|move|p1a: Prolly gonna miss|Night Shade|p2a: Landorus
|-damage|p2a: Landorus|22/100
|move|p2a: Landorus|Earthquake|p1a: Prolly gonna miss
|-damage|p1a: Prolly gonna miss|2/100
|
|upkeep
|turn|17
|
|t:|1769336328
|move|p1a: Prolly gonna miss|Night Shade|p2a: Landorus
|-damage|p2a: Landorus|0 fnt
|faint|p2a: Landorus
|
|upkeep
|
|t:|1769336333
|switch|p2a: Pecharunt|Pecharunt|63/100
|turn|18
|
|t:|1769336338
|move|p1a: Prolly gonna miss|Night Shade|p2a: Pecharunt
|-damage|p2a: Pecharunt|36/100
|move|p2a: Pecharunt|Shadow Ball|p1a: Prolly gonna miss
|-supereffective|p1a: Prolly gonna miss
|-damage|p1a: Prolly gonna miss|0 fnt
|faint|p1a: Prolly gonna miss
|
|upkeep
|
|t:|1769336341
|switch|p1a: Jet engine|Yanmega, F|100/100
|-damage|p1a: Jet engine|51/100|[from] Stealth Rock
|turn|19
|
|t:|1769336351
|move|p1a: Jet engine|Protect|p1a: Jet engine
|-singleturn|p1a: Jet engine|Protect
|move|p2a: Pecharunt|Malignant Chain|p1a: Jet engine
|-activate|p1a: Jet engine|move: Protect
|
|-ability|p1a: Jet engine|Speed Boost|boost
|-boost|p1a: Jet engine|spe|1
|upkeep
|turn|20
|
|t:|1769336359
|move|p1a: Jet engine|Air Slash|p2a: Pecharunt
|-crit|p2a: Pecharunt
|-damage|p2a: Pecharunt|0 fnt
|faint|p2a: Pecharunt
|-damage|p1a: Jet engine|41/100|[from] item: Life Orb
|
|-ability|p1a: Jet engine|Speed Boost|boost
|-boost|p1a: Jet engine|spe|1
|upkeep
|
|t:|1769336365
|switch|p2a: Zamazenta|Zamazenta|34/100
|turn|21
|
|t:|1769336377
|move|p1a: Jet engine|Bug Buzz|p2a: Zamazenta
|-resisted|p2a: Zamazenta
|-crit|p2a: Zamazenta
|-damage|p2a: Zamazenta|0 fnt
|faint|p2a: Zamazenta
|-damage|p1a: Jet engine|31/100|[from] item: Life Orb
|
|win|Wifegonefishplenty
|raw|Wifegonefishplenty's rating: 1087 &rarr; <strong>1118</strong><br />(+31 for winning)
|raw|PansageEnthusiast's rating: 1140 &rarr; <strong>1111</strong><br />(-29 for losing)
|l|☆Wifegonefishplenty
|player|p1|
|l|☆PansageEnthusiast
|player|p2|
