|j|☆Depacos
|j|☆Crusher_Libax
|t:|1769379684
|gametype|singles
|player|p1|Depacos|caitlin|1070
|player|p2|Crusher_Libax|dancer|1076
|gen|9
|tier|[Gen 9] OU
|rated|
|rule|HP Percentage Mod: HP is shown in percentages
|rule|Endless Battle Clause: Forcing endless battles is banned
|rule|Species Clause: Limit one of each Pokémon
|rule|OHKO Clause: OHKO moves are banned
|rule|Evasion Items Clause: Evasion items are banned
|rule|Evasion Moves Clause: Evasion moves are banned
|rule|Evasion Abilities Clause: Evasion abilities are banned
|rule|Sleep Moves Clause: Sleep-inducing moves are banned
|clearpoke
|poke|p1|Florges-White, F|
|poke|p1|Mudsdale, M|
|poke|p1|Kilowattrel, M|
|poke|p1|Skeledirge, M|
|poke|p1|Quaquaval, F|
|poke|p1|Komala, F|
|poke|p2|Pyroar, M|
|poke|p2|Ninetales, M|
|poke|p2|Hatterene, F|
|poke|p2|Great Tusk|
|poke|p2|Walking Wake|
|poke|p2|Kingambit, M|
|teampreview
|
|t:|1769379696
|teamsize|p1|6
|teamsize|p2|6
|start
|switch|p1a: Mudsdale|Mudsdale, M|100/100
|switch|p2a: Kim|Ninetales, M|100/100
|-weather|SunnyDay|[from] ability: Drought|[of] p2a: Kim
|turn|1
|
|t:|1769379706
|move|p2a: Kim|Solar Beam||[still]
|-prepare|p2a: Kim|Solar Beam
|-anim|p2a: Kim|Solar Beam|p1a: Mudsdale
|-supereffective|p1a: Mudsdale
|-damage|p1a: Mudsdale|59/100
|-ability|p1a: Mudsdale|Stamina|boost
|-boost|p1a: Mudsdale|def|1
|move|p1a: Mudsdale|Stealth Rock|p2a: Kim
|-sidestart|p2: Crusher_Libax|move: Stealth Rock
|
|-weather|SunnyDay|[upkeep]
|upkeep
|turn|2
|
|t:|1769379719
|switch|p2a: Licha|Walking Wake|100/100
|-damage|p2a: Licha|88/100|[from] Stealth Rock
|-activate|p2a: Licha|ability: Protosynthesis
|-start|p2a: Licha|protosynthesisspe
|move|p1a: Mudsdale|Earthquake|p2a: Licha
|-damage|p2a: Licha|42/100
|
|-weather|SunnyDay|[upkeep]
|upkeep
|turn|3
|
|t:|1769379731
|move|p1a: Mudsdale|Protect|p1a: Mudsdale
|-singleturn|p1a: Mudsdale|Protect
|move|p2a: Licha|Hydro Steam|p1a: Mudsdale
|-activate|p1a: Mudsdale|move: Protect
|
|-weather|SunnyDay|[upkeep]
|upkeep
|turn|4
|
|t:|1769379741
|switch|p1a: Florges|Florges-White, F, shiny|100/100
|move|p2a: Licha|Hydro Steam|p1a: Florges
|-damage|p1a: Florges|54/100
|
|-weather|SunnyDay|[upkeep]
|upkeep
|turn|5
|
|t:|1769379751
|-end|p2a: Licha|Protosynthesis|[silent]
|switch|p2a: Kim|Ninetales, M|100/100
|-damage|p2a: Kim|76/100|[from] Stealth Rock
|move|p1a: Florges|Wish|p1a: Florges
|
|-weather|SunnyDay|[upkeep]
|upkeep
|turn|6
|
|t:|1769379760
|move|p2a: Kim|Will-O-Wisp|p1a: Florges
|-status|p1a: Florges|brn
|move|p1a: Florges|Metronome|p1a: Florges
|move|p1a: Florges|Zing Zap|p2a: Kim|[from] move: Metronome
|-damage|p2a: Kim|69/100
|
|-weather|SunnyDay|[upkeep]
|-heal|p1a: Florges|100/100 brn|[from] move: Wish|[wisher] Florges
|-damage|p1a: Florges|94/100 brn|[from] brn
|upkeep
|turn|7
|
|t:|1769379773
|move|p2a: Kim|Weather Ball|p1a: Florges
|-damage|p1a: Florges|73/100 brn
|move|p1a: Florges|Moonblast|p2a: Kim
|-resisted|p2a: Kim
|-crit|p2a: Kim
|-damage|p2a: Kim|44/100
|
|-weather|SunnyDay|[upkeep]
|-damage|p1a: Florges|67/100 brn|[from] brn
|upkeep
|turn|8
|
|t:|1769379794
|switch|p2a: Juni|Pyroar, M|100/100
|-ability|p2a: Juni|Unnerve
|-damage|p2a: Juni|76/100|[from] Stealth Rock
|move|p1a: Florges|Wish|p1a: Florges
|
|-weather|none
|-damage|p1a: Florges|60/100 brn|[from] brn
|upkeep
|turn|9
|
|t:|1769379804
|move|p2a: Juni|Overheat|p1a: Florges|[miss]
|-miss|p2a: Juni|p1a: Florges
|move|p1a: Florges|Metronome|p1a: Florges
|move|p1a: Florges|Double Kick|p2a: Juni|[from] move: Metronome
|-supereffective|p2a: Juni
|-damage|p2a: Juni|70/100
|-supereffective|p2a: Juni
|-damage|p2a: Juni|63/100
|-hitcount|p2a: Juni|2
|
|-heal|p1a: Florges|100/100 brn|[from] move: Wish|[wisher] Florges
|-damage|p1a: Florges|94/100 brn|[from] brn
|upkeep
|turn|10
|
|t:|1769379816
|move|p2a: Juni|Overheat|p1a: Florges
|-damage|p1a: Florges|52/100 brn
|-unboost|p2a: Juni|spa|2
|move|p1a: Florges|Metronome|p1a: Florges
|move|p1a: Florges|Noble Roar|p2a: Juni|[from] move: Metronome
|-unboost|p2a: Juni|atk|1
|-unboost|p2a: Juni|spa|1
|
|-damage|p1a: Florges|46/100 brn|[from] brn
|upkeep
|turn|11
|
|t:|1769379825
|move|p2a: Juni|Overheat|p1a: Florges
|-damage|p1a: Florges|28/100 brn
|-unboost|p2a: Juni|spa|2
|move|p1a: Florges|Wish|p1a: Florges
|
|-damage|p1a: Florges|21/100 brn|[from] brn
|upkeep
|turn|12
|
|t:|1769379838
|move|p2a: Juni|Overheat|p1a: Florges
|-damage|p1a: Florges|9/100 brn
|-unboost|p2a: Juni|spa|1
|move|p1a: Florges|Metronome|p1a: Florges
|move|p1a: Florges|Ice Spinner|p2a: Juni|[from] move: Metronome
|-resisted|p2a: Juni
|-damage|p2a: Juni|59/100
|
|-heal|p1a: Florges|58/100 brn|[from] move: Wish|[wisher] Florges
|-damage|p1a: Florges|52/100 brn|[from] brn
|upkeep
|turn|13
|
|t:|1769379864
|switch|p2a: Alex|Kingambit, M|100/100
|-damage|p2a: Alex|94/100|[from] Stealth Rock
|switch|p1a: Quaquaval|Quaquaval, F, shiny|100/100
|
|-heal|p2a: Alex|100/100|[from] item: Leftovers
|upkeep
|turn|14
|
|t:|1769379884
|-terastallize|p2a: Alex|Ghost
|move|p2a: Alex|Sucker Punch|p1a: Quaquaval
|-resisted|p1a: Quaquaval
|-damage|p1a: Quaquaval|72/100
|move|p1a: Quaquaval|Brick Break|p2a: Alex
|-immune|p2a: Alex
|
|upkeep
|turn|15
|
|t:|1769379910
|switch|p1a: Florges|Florges-White, F, shiny|52/100 brn
|-end|p2a: Alex|fallenundefined|[silent]
|switch|p2a: Kim|Ninetales, M|44/100
|-damage|p2a: Kim|19/100|[from] Stealth Rock
|-weather|SunnyDay|[from] ability: Drought|[of] p2a: Kim
|
|-weather|SunnyDay|[upkeep]
|-damage|p1a: Florges|46/100 brn|[from] brn
|upkeep
|turn|16
|
|t:|1769379952
|switch|p2a: Greg|Great Tusk|100/100
|-damage|p2a: Greg|98/100|[from] Stealth Rock
|-activate|p2a: Greg|ability: Protosynthesis
|-start|p2a: Greg|protosynthesisatk
|move|p1a: Florges|Wish|p1a: Florges
|
|-weather|SunnyDay|[upkeep]
|-damage|p1a: Florges|40/100 brn|[from] brn
|upkeep
|turn|17
|
|t:|1769379965
|move|p1a: Florges|Protect|p1a: Florges
|-singleturn|p1a: Florges|Protect
|move|p2a: Greg|Rapid Spin|p1a: Florges
|-activate|p1a: Florges|move: Protect
|
|-weather|SunnyDay|[upkeep]
|-heal|p1a: Florges|90/100 brn|[from] move: Wish|[wisher] Florges
|-damage|p1a: Florges|84/100 brn|[from] brn
|upkeep
|turn|18
|
|t:|1769379973
|move|p2a: Greg|Rapid Spin|p1a: Florges
|-damage|p1a: Florges|54/100 brn
|-boost|p2a: Greg|spe|1
|-sideend|p2: Crusher_Libax|Stealth Rock|[from] move: Rapid Spin|[of] p2a: Greg
|move|p1a: Florges|Moonblast|p2a: Greg
|-supereffective|p2a: Greg
|-enditem|p2a: Greg|Roseli Berry|[eat]
|-enditem|p2a: Greg|Roseli Berry|[weaken]
|-damage|p2a: Greg|41/100
|
|-weather|SunnyDay|[upkeep]
|-damage|p1a: Florges|48/100 brn|[from] brn
|upkeep
|turn|19
|
|t:|1769379990
|move|p2a: Greg|Headlong Rush|p1a: Florges
|-damage|p1a: Florges|0 fnt
|-unboost|p2a: Greg|def|1
|-unboost|p2a: Greg|spd|1
|faint|p1a: Florges
|
|-weather|SunnyDay|[upkeep]
|upkeep
|
|t:|1769379994
|switch|p1a: Quaquaval|Quaquaval, F, shiny|72/100
|turn|20
|
|t:|1769380008
|-end|p2a: Greg|Protosynthesis|[silent]
|switch|p2a: Alex|Kingambit, M, tera:Ghost|100/100
|move|p1a: Quaquaval|Aqua Step|p2a: Alex
|-damage|p2a: Alex|82/100
|-boost|p1a: Quaquaval|spe|1
|-damage|p1a: Quaquaval|62/100|[from] item: Life Orb
|
|-weather|SunnyDay|[upkeep]
|-heal|p2a: Alex|88/100|[from] item: Leftovers
|upkeep
|turn|21
|
|t:|1769380020
|move|p1a: Quaquaval|Roost|p1a: Quaquaval
|-heal|p1a: Quaquaval|100/100
|-singleturn|p1a: Quaquaval|move: Roost
|move|p2a: Alex|Swords Dance|p2a: Alex
|-boost|p2a: Alex|atk|2
|
|-weather|SunnyDay|[upkeep]
|-heal|p2a: Alex|94/100|[from] item: Leftovers
|upkeep
|turn|22
|
|t:|1769380028
|move|p1a: Quaquaval|Aqua Step|p2a: Alex
|-damage|p2a: Alex|74/100
|-boost|p1a: Quaquaval|spe|1
|-damage|p1a: Quaquaval|91/100|[from] item: Life Orb
|move|p2a: Alex|Swords Dance|p2a: Alex
|-boost|p2a: Alex|atk|2
|
|-weather|none
|-heal|p2a: Alex|80/100|[from] item: Leftovers
|upkeep
|turn|23
|
|t:|1769380039
|switch|p1a: Skeledirge|Skeledirge, M|100/100
|move|p2a: Alex|Swords Dance|p2a: Alex
|-boost|p2a: Alex|atk|2
|
|-heal|p2a: Alex|86/100|[from] item: Leftovers
|upkeep
|turn|24
|
|t:|1769380046
|move|p2a: Alex|Sucker Punch|p1a: Skeledirge
|-supereffective|p1a: Skeledirge
|-damage|p1a: Skeledirge|28/100
|move|p1a: Skeledirge|Torch Song|p2a: Alex
|-crit|p2a: Alex
|-damage|p2a: Alex|23/100
|-boost|p1a: Skeledirge|spa|1
|
|-heal|p1a: Skeledirge|34/100|[from] item: Leftovers
|-heal|p2a: Alex|29/100|[from] item: Leftovers
|upkeep
|turn|25
|
|t:|1769380055
|move|p2a: Alex|Sucker Punch||[still]
|-fail|p2a: Alex
|move|p1a: Skeledirge|Slack Off|p1a: Skeledirge
|-heal|p1a: Skeledirge|84/100
|
|-heal|p1a: Skeledirge|90/100|[from] item: Leftovers
|-heal|p2a: Alex|35/100|[from] item: Leftovers
|upkeep
|turn|26
|
|t:|1769380068
|move|p1a: Skeledirge|Shadow Ball|p2a: Alex
|-supereffective|p2a: Alex
|-damage|p2a: Alex|0 fnt
|faint|p2a: Alex
|-end|p2a: Alex|fallenundefined|[silent]
|
|-heal|p1a: Skeledirge|96/100|[from] item: Leftovers
|upkeep
|
|t:|1769380076
|switch|p2a: Kim|Ninetales, M|19/100
|-weather|SunnyDay|[from] ability: Drought|[of] p2a: Kim
|turn|27
|
|t:|1769380085
|switch|p2a: Licha|Walking Wake|42/100
|-activate|p2a: Licha|ability: Protosynthesis
|-start|p2a: Licha|protosynthesisspe
|move|p1a: Skeledirge|Torch Song|p2a: Licha
|-resisted|p2a: Licha
|-damage|p2a: Licha|15/100
|-boost|p1a: Skeledirge|spa|1
|
|-weather|SunnyDay|[upkeep]
|-heal|p1a: Skeledirge|100/100|[from] item: Leftovers
|upkeep
|turn|28
|
|t:|1769380096
|-terastallize|p1a: Skeledirge|Fairy
|move|p2a: Licha|Hydro Steam|p1a: Skeledirge
|-damage|p1a: Skeledirge|12/100
|move|p1a: Skeledirge|Torch Song|p2a: Licha
|-resisted|p2a: Licha
|-damage|p2a: Licha|0 fnt
|-boost|p1a: Skeledirge|spa|1
|faint|p2a: Licha
|-end|p2a: Licha|Protosynthesis|[silent]
|
|-weather|SunnyDay|[upkeep]
|-heal|p1a: Skeledirge|18/100|[from] item: Leftovers
|upkeep
|
|t:|1769380110
|switch|p2a: Greg|Great Tusk|41/100
|-activate|p2a: Greg|ability: Protosynthesis
|-start|p2a: Greg|protosynthesisatk
|turn|29
|
|t:|1769380121
|move|p2a: Greg|Ice Spinner|p1a: Skeledirge
|-damage|p1a: Skeledirge|0 fnt
|faint|p1a: Skeledirge
|
|-weather|SunnyDay|[upkeep]
|upkeep
|
|t:|1769380124
|switch|p1a: Quaquaval|Quaquaval, F, shiny|91/100
|turn|30
|
|t:|1769380153
|-end|p2a: Greg|Protosynthesis|[silent]
|switch|p2a: Cris|Hatterene, F|100/100
|move|p1a: Quaquaval|Aqua Step|p2a: Cris
|-damage|p2a: Cris|79/100
|-boost|p1a: Quaquaval|spe|1
|-enditem|p2a: Cris|Eject Button
|-damage|p1a: Quaquaval|81/100|[from] item: Life Orb
|
|t:|1769380169
|switch|p2a: Juni|Pyroar, M|59/100
|-ability|p2a: Juni|Unnerve
|
|-weather|SunnyDay|[upkeep]
|upkeep
|turn|31
|
|t:|1769380192
|move|p1a: Quaquaval|Aqua Step|p2a: Juni
|-supereffective|p2a: Juni
|-damage|p2a: Juni|0 fnt
|-boost|p1a: Quaquaval|spe|1
|faint|p2a: Juni
|-ability|p1a: Quaquaval|Moxie|boost
|-boost|p1a: Quaquaval|atk|1
|-damage|p1a: Quaquaval|71/100|[from] item: Life Orb
|
|-weather|SunnyDay|[upkeep]
|upkeep
|
|t:|1769380216
|switch|p2a: Kim|Ninetales, M|19/100
|turn|32
|
|t:|1769380223
|move|p1a: Quaquaval|Aqua Step|p2a: Kim
|-supereffective|p2a: Kim
|-damage|p2a: Kim|0 fnt
|-boost|p1a: Quaquaval|spe|1
|faint|p2a: Kim
|-ability|p1a: Quaquaval|Moxie|boost
|-boost|p1a: Quaquaval|atk|1
|-damage|p1a: Quaquaval|61/100|[from] item: Life Orb
|
|-weather|SunnyDay|[upkeep]
|upkeep
|
|t:|1769380233
|switch|p2a: Cris|Hatterene, F|79/100
|turn|33
|
|t:|1769380238
|move|p1a: Quaquaval|Ice Spinner|p2a: Cris
|-damage|p2a: Cris|19/100
|-damage|p1a: Quaquaval|51/100|[from] item: Life Orb
|move|p2a: Cris|Dazzling Gleam|p1a: Quaquaval
|-supereffective|p1a: Quaquaval
|-crit|p1a: Quaquaval
|-damage|p1a: Quaquaval|0 fnt
|faint|p1a: Quaquaval
|
|-weather|SunnyDay|[upkeep]
|upkeep
|
|t:|1769380247
|switch|p1a: Kamala|Komala, F|100/100
|-ability|p1a: Kamala|Comatose
|turn|34
|
|t:|1769380255
|move|p1a: Kamala|Body Slam|p2a: Cris
|-damage|p2a: Cris|0 fnt
|faint|p2a: Cris
|
|-weather|none
|upkeep
|
|t:|1769380259
|switch|p2a: Greg|Great Tusk|41/100
|turn|35
|
|t:|1769380268
|move|p2a: Greg|Knock Off|p1a: Kamala
|-damage|p1a: Kamala|53/100
|-enditem|p1a: Kamala|Weakness Policy|[from] move: Knock Off|[of] p2a: Greg
|move|p1a: Kamala|Body Slam|p2a: Greg
|-damage|p2a: Greg|17/100
|-status|p2a: Greg|par
|
|upkeep
|turn|36
|
|t:|1769380275
|move|p1a: Kamala|Body Slam|p2a: Greg
|-damage|p2a: Greg|0 fnt
|faint|p2a: Greg
|-end|p2a: Greg|Protosynthesis|[silent]
|
|win|Depacos
|raw|Depacos's rating: 1070 &rarr; <strong>1100</strong><br />(+30 for winning)
|raw|Crusher_Libax's rating: 1076 &rarr; <strong>1054</strong><br />(-22 for losing)
|l|☆Crusher_Libax
|player|p2|
