|j|☆Metroshock
|j|☆CDCS5 leal
|t:|1769307772
|gametype|singles
|player|p1|Metroshock|miku-fire|1511
|player|p2|CDCS5 leal|giovanni|1577
|gen|9
|tier|[Gen 9] OU
|rated|
|rule|HP Percentage Mod: HP is shown in percentages
|rule|Endless Battle Clause: Forcing endless battles is banned
|rule|Species Clause: Limit one of each Pokémon
|rule|OHKO Clause: OHKO moves are banned
|rule|Evasion Items Clause: Evasion items are banned
|rule|Evasion Moves Clause: Evasion moves are banned
|rule|Evasion Abilities Clause: Evasion abilities are banned
|rule|Sleep Moves Clause: Sleep-inducing moves are banned
|clearpoke
|poke|p1|Grimmsnarl, M|
|poke|p1|Kyurem|
|poke|p1|Hawlucha, F|
|poke|p1|Rillaboom, F|
|poke|p1|Gholdengo|
|poke|p1|Heatran, F|
|poke|p2|Kyurem|
|poke|p2|Samurott-Hisui, F|
|poke|p2|Landorus-Therian, M|
|poke|p2|Hatterene, F|
|poke|p2|Zamazenta-*|
|poke|p2|Iron Moth|
|teampreview
|inactive|Battle timer is ON: inactive players will automatically lose when time's up. (requested by Metroshock)
|inactive|CDCS5 leal has 120 seconds left.
|
|t:|1769307804
|teamsize|p1|6
|teamsize|p2|6
|start
|switch|p1a: The Wretched Ape|Rillaboom, F|100/100
|switch|p2a: Landorus|Landorus-Therian, M|100/100
|-ability|p2a: Landorus|Intimidate|boost
|-unboost|p1a: The Wretched Ape|atk|1
|-fieldstart|move: Grassy Terrain|[from] ability: Grassy Surge|[of] p1a: The Wretched Ape
|turn|1
|
|t:|1769307810
|move|p2a: Landorus|U-turn|p1a: The Wretched Ape
|-supereffective|p1a: The Wretched Ape
|-damage|p1a: The Wretched Ape|60/100
|
|t:|1769307815
|switch|p2a: Zamazenta|Zamazenta|100/100|[from] U-turn
|-ability|p2a: Zamazenta|Dauntless Shield|boost
|-boost|p2a: Zamazenta|def|1
|move|p1a: The Wretched Ape|Wood Hammer|p2a: Zamazenta
|-damage|p2a: Zamazenta|62/100
|-damage|p1a: The Wretched Ape|49/100|[from] Recoil
|
|-heal|p2a: Zamazenta|68/100|[from] Grassy Terrain
|-heal|p2a: Zamazenta|74/100|[from] item: Leftovers
|-heal|p1a: The Wretched Ape|55/100|[from] Grassy Terrain
|upkeep
|turn|2
|
|t:|1769307826
|switch|p1a: THE MONAYYYY|Gholdengo|100/100
|move|p2a: Zamazenta|Crunch|p1a: THE MONAYYYY
|-supereffective|p1a: THE MONAYYYY
|-damage|p1a: THE MONAYYYY|61/100
|
|-heal|p2a: Zamazenta|81/100|[from] Grassy Terrain
|-heal|p2a: Zamazenta|87/100|[from] item: Leftovers
|-heal|p1a: THE MONAYYYY|67/100|[from] Grassy Terrain
|upkeep
|turn|3
|
|t:|1769307833
|switch|p2a: Samurott|Samurott-Hisui, F|100/100
|move|p1a: THE MONAYYYY|Dazzling Gleam|p2a: Samurott
|-supereffective|p2a: Samurott
|-damage|p2a: Samurott|48/100
|
|-heal|p2a: Samurott|54/100|[from] Grassy Terrain
|-heal|p1a: THE MONAYYYY|74/100|[from] Grassy Terrain
|upkeep
|turn|4
|
|t:|1769307845
|switch|p1a: Mega!!!|Hawlucha, F|100/100
|-enditem|p1a: Mega!!!|Grassy Seed
|-boost|p1a: Mega!!!|def|1|[from] item: Grassy Seed
|move|p2a: Samurott|Ceaseless Edge|p1a: Mega!!!
|-resisted|p1a: Mega!!!
|-damage|p1a: Mega!!!|79/100
|-sidestart|p1: Metroshock|Spikes
|
|-heal|p2a: Samurott|60/100|[from] Grassy Terrain
|upkeep
|turn|5
|
|t:|1769307862
|move|p1a: Mega!!!|Swords Dance|p1a: Mega!!!
|-boost|p1a: Mega!!!|atk|2
|move|p2a: Samurott|Razor Shell|p1a: Mega!!!
|-damage|p1a: Mega!!!|37/100
|
|-heal|p2a: Samurott|67/100|[from] Grassy Terrain
|-fieldend|move: Grassy Terrain
|upkeep
|turn|6
|
|t:|1769307887
|move|p2a: Samurott|Sucker Punch|p1a: Mega!!!
|-resisted|p1a: Mega!!!
|-damage|p1a: Mega!!!|22/100
|move|p1a: Mega!!!|Acrobatics|p2a: Samurott
|-damage|p2a: Samurott|0 fnt
|faint|p2a: Samurott
|
|upkeep
|
|t:|1769307894
|switch|p2a: Landorus|Landorus-Therian, M|100/100
|-ability|p2a: Landorus|Intimidate|boost
|-unboost|p1a: Mega!!!|atk|1
|turn|7
|
|t:|1769307898
|move|p1a: Mega!!!|Acrobatics|p2a: Landorus
|-crit|p2a: Landorus
|-damage|p2a: Landorus|0 fnt
|-damage|p1a: Mega!!!|6/100|[from] item: Rocky Helmet|[of] p2a: Landorus
|faint|p2a: Landorus
|
|upkeep
|
|t:|1769307913
|switch|p2a: Zamazenta|Zamazenta|87/100
|turn|8
|
|t:|1769307919
|-terastallize|p2a: Zamazenta|Fire
|move|p1a: Mega!!!|Close Combat|p2a: Zamazenta
|-damage|p2a: Zamazenta|27/100
|-unboost|p1a: Mega!!!|def|1
|-unboost|p1a: Mega!!!|spd|1
|move|p2a: Zamazenta|Body Press|p1a: Mega!!!
|-resisted|p1a: Mega!!!
|-damage|p1a: Mega!!!|0 fnt
|faint|p1a: Mega!!!
|
|-heal|p2a: Zamazenta|33/100|[from] item: Leftovers
|upkeep
|
|t:|1769307931
|switch|p1a: THE MONAYYYY|Gholdengo|74/100
|-damage|p1a: THE MONAYYYY|61/100|[from] Spikes
|turn|9
|
|t:|1769307945
|switch|p2a: Iron Moth|Iron Moth|100/100
|-enditem|p2a: Iron Moth|Booster Energy
|-activate|p2a: Iron Moth|ability: Quark Drive|[fromitem]
|-start|p2a: Iron Moth|quarkdrivespe
|move|p1a: THE MONAYYYY|Shadow Ball|p2a: Iron Moth
|-damage|p2a: Iron Moth|54/100
|
|upkeep
|turn|10
|
|t:|1769307962
|-end|p2a: Iron Moth|Quark Drive|[silent]
|switch|p2a: Kyurem|Kyurem|100/100
|-ability|p2a: Kyurem|Pressure
|switch|p1a: Heatran|Heatran, F|100/100
|-damage|p1a: Heatran|88/100|[from] Spikes
|
|-heal|p1a: Heatran|94/100|[from] item: Leftovers
|upkeep
|turn|11
|
|t:|1769307973
|move|p2a: Kyurem|Earth Power|p1a: Heatran
|-supereffective|p1a: Heatran
|-damage|p1a: Heatran|0 fnt
|faint|p1a: Heatran
|
|upkeep
|
|t:|1769307976
|switch|p1a: Screener|Grimmsnarl, M|100/100
|-damage|p1a: Screener|88/100|[from] Spikes
|turn|12
|
|t:|1769307983
|move|p1a: Screener|Taunt|p2a: Kyurem
|-start|p2a: Kyurem|move: Taunt
|move|p2a: Kyurem|Ice Beam|p1a: Screener
|-damage|p1a: Screener|34/100
|
|upkeep
|turn|13
|
|t:|1769307989
|move|p1a: Screener|Light Screen|p1a: Screener
|-sidestart|p1: Metroshock|move: Light Screen
|move|p2a: Kyurem|Ice Beam|p1a: Screener
|-damage|p1a: Screener|10/100
|
|upkeep
|turn|14
|
|t:|1769307993
|move|p1a: Screener|Reflect|p1a: Screener
|-sidestart|p1: Metroshock|Reflect
|move|p2a: Kyurem|Freeze-Dry|p1a: Screener
|-damage|p1a: Screener|0 fnt
|faint|p1a: Screener
|
|-end|p2a: Kyurem|move: Taunt
|upkeep
|
|t:|1769308015
|switch|p1a: Beamer|Kyurem|100/100
|-damage|p1a: Beamer|88/100|[from] Spikes
|-ability|p1a: Beamer|Pressure
|turn|15
|
|t:|1769308019
|switch|p2a: Hatterene|Hatterene, F|100/100
|move|p1a: Beamer|Dragon Dance|p1a: Beamer
|-boost|p1a: Beamer|atk|1
|-boost|p1a: Beamer|spe|1
|
|upkeep
|turn|16
|
|t:|1769308025
|-terastallize|p1a: Beamer|Ground
|move|p1a: Beamer|Dragon Dance|p1a: Beamer
|-boost|p1a: Beamer|atk|1
|-boost|p1a: Beamer|spe|1
|move|p2a: Hatterene|Nuzzle|p1a: Beamer
|-immune|p1a: Beamer
|
|upkeep
|turn|17
|-message|CDCS5 leal forfeited.
|
|win|Metroshock
|raw|Metroshock's rating: 1511 &rarr; <strong>1535</strong><br />(+24 for winning)
|raw|CDCS5 leal's rating: 1577 &rarr; <strong>1553</strong><br />(-24 for losing)
