|j|☆WaveHunts
|j|☆Profit fin
|t:|1769361383
|gametype|singles
|player|p1|WaveHunts|ghetsis|1550
|player|p2|Profit fin|ruinmaniac|1606
|gen|9
|tier|[Gen 9] OU
|rated|
|rule|HP Percentage Mod: HP is shown in percentages
|rule|Endless Battle Clause: Forcing endless battles is banned
|rule|Species Clause: Limit one of each Pokémon
|rule|OHKO Clause: OHKO moves are banned
|rule|Evasion Items Clause: Evasion items are banned
|rule|Evasion Moves Clause: Evasion moves are banned
|rule|Evasion Abilities Clause: Evasion abilities are banned
|rule|Sleep Moves Clause: Sleep-inducing moves are banned
|clearpoke
|poke|p1|Iron Moth|
|poke|p1|Clefable, F|
|poke|p1|Ting-Lu|
|poke|p1|Gholdengo|
|poke|p1|Dragonite, F|
|poke|p1|Meowscarada, F|
|poke|p2|Mamoswine, F|
|poke|p2|Zapdos|
|poke|p2|Cinderace, F|
|poke|p2|Rillaboom, F|
|poke|p2|Iron Valiant|
|poke|p2|Alomomola, F|
|teampreview
|
|t:|1769361401
|teamsize|p1|6
|teamsize|p2|6
|start
|switch|p1a: Clefable|Clefable, F, shiny|100/100
|switch|p2a: Cinderace|Cinderace, F|100/100
|turn|1
|
|t:|1769361410
|move|p2a: Cinderace|U-turn|p1a: Clefable
|-resisted|p1a: Clefable
|-damage|p1a: Clefable|93/100
|
|t:|1769361415
|switch|p2a: Zapdos|Zapdos|100/100|[from] U-turn
|move|p1a: Clefable|Stealth Rock|p2a: Zapdos
|-sidestart|p2: Profit fin|move: Stealth Rock
|
|-heal|p1a: Clefable|99/100|[from] item: Leftovers
|upkeep
|turn|2
|inactive|Battle timer is ON: inactive players will automatically lose when time's up. (requested by WaveHunts)
|
|t:|1769361424
|switch|p2a: Mamoswine|Mamoswine, F|100/100
|-damage|p2a: Mamoswine|88/100|[from] Stealth Rock
|move|p1a: Clefable|Knock Off|p2a: Mamoswine
|-damage|p2a: Mamoswine|72/100
|-enditem|p2a: Mamoswine|Choice Band|[from] move: Knock Off|[of] p1a: Clefable
|
|-heal|p1a: Clefable|100/100|[from] item: Leftovers
|upkeep
|turn|3
|
|t:|1769361436
|move|p2a: Mamoswine|Knock Off|p1a: Clefable
|-resisted|p1a: Clefable
|-damage|p1a: Clefable|87/100
|-enditem|p1a: Clefable|Leftovers|[from] move: Knock Off|[of] p2a: Mamoswine
|move|p1a: Clefable|Moonblast|p2a: Mamoswine
|-damage|p2a: Mamoswine|30/100
|-unboost|p2a: Mamoswine|spa|1
|
|upkeep
|turn|4
|
|t:|1769361444
|switch|p2a: Zapdos|Zapdos|100/100
|move|p1a: Clefable|Moonblast|p2a: Zapdos
|-damage|p2a: Zapdos|64/100
|
|upkeep
|turn|5
|
|t:|1769361447
|move|p2a: Zapdos|Roost|p2a: Zapdos
|-heal|p2a: Zapdos|100/100
|-singleturn|p2a: Zapdos|move: Roost
|move|p1a: Clefable|Knock Off|p2a: Zapdos
|-damage|p2a: Zapdos|82/100
|-enditem|p2a: Zapdos|Heavy-Duty Boots|[from] move: Knock Off|[of] p1a: Clefable
|
|upkeep
|turn|6
|
|t:|1769361452
|switch|p1a: Ting-Lu|Ting-Lu, shiny|100/100
|-ability|p1a: Ting-Lu|Vessel of Ruin
|move|p2a: Zapdos|Hurricane|p1a: Ting-Lu
|-damage|p1a: Ting-Lu|79/100
|
|-heal|p1a: Ting-Lu|86/100|[from] item: Leftovers
|upkeep
|turn|7
|
|t:|1769361470
|switch|p2a: Rillaboom|Rillaboom, F|100/100
|-damage|p2a: Rillaboom|88/100|[from] Stealth Rock
|-fieldstart|move: Grassy Terrain|[from] ability: Grassy Surge|[of] p2a: Rillaboom
|switch|p1a: Iron Moth|Iron Moth|100/100
|
|-heal|p2a: Rillaboom|94/100|[from] Grassy Terrain
|upkeep
|turn|8
|
|t:|1769361474
|switch|p2a: Alomomola|Alomomola, F|100/100
|-damage|p2a: Alomomola|88/100|[from] Stealth Rock
|move|p1a: Iron Moth|Fiery Dance|p2a: Alomomola
|-resisted|p2a: Alomomola
|-damage|p2a: Alomomola|76/100
|-boost|p1a: Iron Moth|spa|1
|
|-heal|p2a: Alomomola|82/100|[from] Grassy Terrain
|upkeep
|turn|9
|
|t:|1769361503
|move|p1a: Iron Moth|Energy Ball|p2a: Alomomola
|-supereffective|p2a: Alomomola
|-crit|p2a: Alomomola
|-damage|p2a: Alomomola|0 fnt
|faint|p2a: Alomomola
|
|upkeep
|inactive|Profit fin has 120 seconds left.
|-message|Profit fin forfeited.
|
|win|WaveHunts
|raw|WaveHunts's rating: 1550 &rarr; <strong>1573</strong><br />(+23 for winning)
|raw|Profit fin's rating: 1606 &rarr; <strong>1583</strong><br />(-23 for losing)
|l|☆Profit fin
|player|p2|
|l|☆WaveHunts
|player|p1|
