|j|☆Unskilled2004
|j|☆Einarorn1
|t:|1769429860
|gametype|singles
|player|p1|Unskilled2004|170|1602
|player|p2|Einarorn1|265|1651
|gen|9
|tier|[Gen 9] OU
|rated|
|rule|HP Percentage Mod: HP is shown in percentages
|rule|Endless Battle Clause: Forcing endless battles is banned
|rule|Species Clause: Limit one of each Pokémon
|rule|OHKO Clause: OHKO moves are banned
|rule|Evasion Items Clause: Evasion items are banned
|rule|Evasion Moves Clause: Evasion moves are banned
|rule|Evasion Abilities Clause: Evasion abilities are banned
|rule|Sleep Moves Clause: Sleep-inducing moves are banned
|clearpoke
|poke|p1|Hydreigon, F|
|poke|p1|Great Tusk|
|poke|p1|Lokix, M|
|poke|p1|Dragapult, M|
|poke|p1|Pecharunt|
|poke|p1|Heatran, F|
|poke|p2|Garchomp, M|
|poke|p2|Iron Valiant|
|poke|p2|Tyranitar, F|
|poke|p2|Rotom-Wash|
|poke|p2|Pecharunt|
|poke|p2|Corviknight, M|
|teampreview
|inactive|Battle timer is ON: inactive players will automatically lose when time's up. (requested by Unskilled2004)
|
|t:|1769429866
|teamsize|p1|6
|teamsize|p2|6
|start
|switch|p1a: Hydreigon|Hydreigon, F|100/100
|switch|p2a: Rotom|Rotom-Wash|100/100
|turn|1
|j| jiyurey
|
|t:|1769429873
|switch|p2a: Tyranitar|Tyranitar, F|100/100
|-weather|Sandstorm|[from] ability: Sand Stream|[of] p2a: Tyranitar
|move|p1a: Hydreigon|Draco Meteor|p2a: Tyranitar
|-damage|p2a: Tyranitar|56/100
|-unboost|p1a: Hydreigon|spa|2
|
|-weather|Sandstorm|[upkeep]
|-damage|p1a: Hydreigon|94/100|[from] Sandstorm
|upkeep
|turn|2
|
|t:|1769429885
|switch|p1a: Great Tusk|Great Tusk|100/100
|move|p2a: Tyranitar|Knock Off|p1a: Great Tusk
|-resisted|p1a: Great Tusk
|-damage|p1a: Great Tusk|82/100
|-enditem|p1a: Great Tusk|Heavy-Duty Boots|[from] move: Knock Off|[of] p2a: Tyranitar
|
|-weather|Sandstorm|[upkeep]
|upkeep
|turn|3
|
|t:|1769429889
|move|p1a: Great Tusk|Stealth Rock|p2a: Tyranitar
|-sidestart|p2: Einarorn1|move: Stealth Rock
|move|p2a: Tyranitar|Ice Beam|p1a: Great Tusk
|-supereffective|p1a: Great Tusk
|-damage|p1a: Great Tusk|8/100
|
|-weather|Sandstorm|[upkeep]
|upkeep
|turn|4
|
|t:|1769429892
|switch|p2a: Corviknight|Corviknight, M|100/100
|-damage|p2a: Corviknight|88/100|[from] Stealth Rock
|-ability|p2a: Corviknight|Pressure
|move|p1a: Great Tusk|Headlong Rush|p2a: Corviknight
|-immune|p2a: Corviknight
|
|-weather|Sandstorm|[upkeep]
|upkeep
|turn|5
|
|t:|1769429899
|move|p1a: Great Tusk|Ice Spinner|p2a: Corviknight
|-damage|p2a: Corviknight|72/100
|-damage|p1a: Great Tusk|0 fnt|[from] item: Rocky Helmet|[of] p2a: Corviknight
|faint|p1a: Great Tusk
|-end|p1a: Great Tusk|Protosynthesis|[silent]
|move|p2a: Corviknight|Defog|p1: Great Tusk|[notarget]
|-fail|p2a: Corviknight
|
|-weather|none
|upkeep
|
|t:|1769429912
|switch|p1a: Heatran|Heatran, F|100/100
|turn|6
|
|t:|1769429925
|switch|p2a: Tyranitar|Tyranitar, F|56/100
|-damage|p2a: Tyranitar|44/100|[from] Stealth Rock
|-weather|Sandstorm|[from] ability: Sand Stream|[of] p2a: Tyranitar
|move|p1a: Heatran|Magma Storm|p2a: Tyranitar
|-resisted|p2a: Tyranitar
|-damage|p2a: Tyranitar|35/100
|-activate|p2a: Tyranitar|move: Magma Storm|[of] p1a: Heatran
|
|-weather|Sandstorm|[upkeep]
|-damage|p2a: Tyranitar|22/100|[from] move: Magma Storm|[partiallytrapped]
|upkeep
|turn|7
|
|t:|1769429932
|move|p1a: Heatran|Protect|p1a: Heatran
|-singleturn|p1a: Heatran|Protect
|move|p2a: Tyranitar|Low Kick|p1a: Heatran
|-activate|p1a: Heatran|move: Protect
|
|-weather|Sandstorm|[upkeep]
|-damage|p2a: Tyranitar|10/100|[from] move: Magma Storm|[partiallytrapped]
|upkeep
|turn|8
|
|t:|1769429935
|move|p1a: Heatran|Earth Power|p2a: Tyranitar
|-supereffective|p2a: Tyranitar
|-damage|p2a: Tyranitar|0 fnt
|faint|p2a: Tyranitar
|
|-weather|Sandstorm|[upkeep]
|upkeep
|
|t:|1769429940
|switch|p2a: Garchomp|Garchomp, M|100/100
|-damage|p2a: Garchomp|94/100|[from] Stealth Rock
|turn|9
|
|t:|1769429944
|switch|p1a: Pecharunt|Pecharunt|100/100
|move|p2a: Garchomp|Stealth Rock|p1a: Pecharunt
|-sidestart|p1: Unskilled2004|move: Stealth Rock
|
|-weather|Sandstorm|[upkeep]
|-damage|p1a: Pecharunt|94/100|[from] Sandstorm
|upkeep
|turn|10
|j| natte pannenkoek
|
|t:|1769429948
|move|p2a: Garchomp|Spikes|p1a: Pecharunt
|-sidestart|p1: Unskilled2004|Spikes
|move|p1a: Pecharunt|Malignant Chain|p2a: Garchomp
|-resisted|p2a: Garchomp
|-damage|p2a: Garchomp|79/100
|-status|p2a: Garchomp|tox
|-start|p2a: Garchomp|confusion|[from] ability: Poison Puppeteer|[of] p1a: Pecharunt
|
|-weather|none
|-damage|p2a: Garchomp|73/100 tox|[from] psn
|upkeep
|turn|11
|
|t:|1769429956
|-activate|p2a: Garchomp|confusion
|-damage|p2a: Garchomp|65/100 tox|[from] confusion
|move|p1a: Pecharunt|Foul Play|p2a: Garchomp
|-damage|p2a: Garchomp|49/100 tox
|-damage|p1a: Pecharunt|82/100|[from] ability: Rough Skin|[of] p2a: Garchomp
|-damage|p1a: Pecharunt|65/100|[from] item: Rocky Helmet|[of] p2a: Garchomp
|
|-damage|p2a: Garchomp|36/100 tox|[from] psn
|upkeep
|turn|12
|
|t:|1769429963
|switch|p1a: Hydreigon|Hydreigon, F|94/100
|-damage|p1a: Hydreigon|82/100|[from] Stealth Rock
|-activate|p2a: Garchomp|confusion
|move|p2a: Garchomp|Spikes|p1a: Hydreigon
|-sidestart|p1: Unskilled2004|Spikes
|
|-damage|p2a: Garchomp|18/100 tox|[from] psn
|upkeep
|turn|13
|
|t:|1769429969
|move|p1a: Hydreigon|Flash Cannon|p2a: Garchomp
|-damage|p2a: Garchomp|0 fnt
|faint|p2a: Garchomp
|
|upkeep
|
|t:|1769429988
|switch|p2a: Rotom|Rotom-Wash|100/100
|-damage|p2a: Rotom|88/100|[from] Stealth Rock
|turn|14
|
|t:|1769429995
|switch|p1a: Heatran|Heatran, F|100/100
|-damage|p1a: Heatran|88/100|[from] Stealth Rock
|-damage|p1a: Heatran|71/100|[from] Spikes
|move|p2a: Rotom|Volt Switch|p1a: Heatran
|-damage|p1a: Heatran|51/100
|
|t:|1769430021
|switch|p2a: Iron Valiant|Iron Valiant, shiny|100/100|[from] Volt Switch
|-damage|p2a: Iron Valiant|94/100|[from] Stealth Rock
|-enditem|p2a: Iron Valiant|Booster Energy
|-activate|p2a: Iron Valiant|ability: Quark Drive|[fromitem]
|-start|p2a: Iron Valiant|quarkdrivespe
|
|-heal|p1a: Heatran|57/100|[from] item: Leftovers
|upkeep
|turn|15
|
|t:|1769430026
|switch|p1a: Pecharunt|Pecharunt|65/100
|move|p2a: Iron Valiant|Close Combat|p1a: Pecharunt
|-immune|p1a: Pecharunt
|
|upkeep
|turn|16
|
|t:|1769430036
|-end|p2a: Iron Valiant|Quark Drive|[silent]
|switch|p2a: Rotom|Rotom-Wash|88/100
|-damage|p2a: Rotom|76/100|[from] Stealth Rock
|move|p1a: Pecharunt|Recover|p1a: Pecharunt
|-heal|p1a: Pecharunt|100/100
|
|upkeep
|turn|17
|
|t:|1769430043
|switch|p1a: Heatran|Heatran, F|57/100
|-damage|p1a: Heatran|45/100|[from] Stealth Rock
|-damage|p1a: Heatran|28/100|[from] Spikes
|move|p2a: Rotom|Trick|p1a: Heatran
|-activate|p2a: Rotom|move: Trick|[of] p1a: Heatran
|-item|p1a: Heatran|Choice Scarf|[from] move: Trick
|-item|p2a: Rotom|Leftovers|[from] move: Trick
|
|-heal|p2a: Rotom|82/100|[from] item: Leftovers
|upkeep
|turn|18
|
|t:|1769430048
|move|p1a: Heatran|Magma Storm|p2a: Rotom
|-resisted|p2a: Rotom
|-damage|p2a: Rotom|55/100
|-activate|p2a: Rotom|move: Magma Storm|[of] p1a: Heatran
|move|p2a: Rotom|Hydro Pump|p1a: Heatran
|-supereffective|p1a: Heatran
|-damage|p1a: Heatran|0 fnt
|faint|p1a: Heatran
|
|-heal|p2a: Rotom|61/100|[from] item: Leftovers
|-end|p2a: Rotom|Magma Storm|[partiallytrapped]|[silent]
|upkeep
|inactive|Unskilled2004 has 120 seconds left.
|l| jiyurey
|
|t:|1769430094
|switch|p1a: Dragapult|Dragapult, M|100/100
|-damage|p1a: Dragapult|88/100|[from] Stealth Rock
|-damage|p1a: Dragapult|72/100|[from] Spikes
|turn|19
|
|t:|1769430109
|move|p1a: Dragapult|Shadow Ball|p2a: Rotom
|-damage|p2a: Rotom|0 fnt
|faint|p2a: Rotom
|
|upkeep
|
|t:|1769430114
|switch|p2a: Iron Valiant|Iron Valiant, shiny|94/100
|-damage|p2a: Iron Valiant|88/100|[from] Stealth Rock
|turn|20
|l| natte pannenkoek
|
|t:|1769430134
|switch|p1a: Pecharunt|Pecharunt|100/100
|-terastallize|p2a: Iron Valiant|Dark
|move|p2a: Iron Valiant|Knock Off|p1a: Pecharunt
|-supereffective|p1a: Pecharunt
|-damage|p1a: Pecharunt|56/100
|-enditem|p1a: Pecharunt|Heavy-Duty Boots|[from] move: Knock Off|[of] p2a: Iron Valiant
|
|upkeep
|turn|21
|
|t:|1769430138
|move|p2a: Iron Valiant|Swords Dance|p2a: Iron Valiant
|-boost|p2a: Iron Valiant|atk|2
|move|p1a: Pecharunt|Recover|p1a: Pecharunt
|-heal|p1a: Pecharunt|100/100
|
|upkeep
|turn|22
|
|t:|1769430144
|move|p2a: Iron Valiant|Knock Off|p1a: Pecharunt
|-supereffective|p1a: Pecharunt
|-damage|p1a: Pecharunt|36/100
|move|p1a: Pecharunt|Malignant Chain|p2a: Iron Valiant
|-damage|p2a: Iron Valiant|31/100
|
|upkeep
|turn|23
|
|t:|1769430148
|move|p2a: Iron Valiant|Knock Off|p1a: Pecharunt
|-supereffective|p1a: Pecharunt
|-damage|p1a: Pecharunt|0 fnt
|faint|p1a: Pecharunt
|
|upkeep
|
|t:|1769430150
|switch|p1a: Lokix|Lokix, M|100/100
|-damage|p1a: Lokix|76/100|[from] Stealth Rock
|-damage|p1a: Lokix|59/100|[from] Spikes
|turn|24
|
|t:|1769430156
|-end|p2a: Iron Valiant|Quark Drive|[silent]
|switch|p2a: Corviknight|Corviknight, M|72/100
|-damage|p2a: Corviknight|60/100|[from] Stealth Rock
|-ability|p2a: Corviknight|Pressure
|move|p1a: Lokix|First Impression|p2a: Corviknight
|-resisted|p2a: Corviknight
|-damage|p2a: Corviknight|43/100
|-damage|p1a: Lokix|43/100|[from] item: Rocky Helmet|[of] p2a: Corviknight
|
|upkeep
|turn|25
|
|t:|1769430159
|switch|p1a: Hydreigon|Hydreigon, F|82/100
|-damage|p1a: Hydreigon|70/100|[from] Stealth Rock
|move|p2a: Corviknight|Roost|p2a: Corviknight
|-heal|p2a: Corviknight|93/100
|-singleturn|p2a: Corviknight|move: Roost
|
|upkeep
|turn|26
|
|t:|1769430168
|move|p1a: Hydreigon|Fire Blast|p2a: Corviknight
|-supereffective|p2a: Corviknight
|-damage|p2a: Corviknight|0 fnt
|faint|p2a: Corviknight
|
|upkeep
|
|t:|1769430172
|switch|p2a: Pecharunt|Pecharunt|100/100
|turn|27
|
|t:|1769430177
|move|p1a: Hydreigon|Fire Blast|p2a: Pecharunt
|-damage|p2a: Pecharunt|37/100
|move|p2a: Pecharunt|Nasty Plot|p2a: Pecharunt
|-boost|p2a: Pecharunt|spa|2
|
|upkeep
|turn|28
|
|t:|1769430181
|move|p1a: Hydreigon|Fire Blast|p2a: Pecharunt
|-damage|p2a: Pecharunt|0 fnt
|faint|p2a: Pecharunt
|
|upkeep
|
|t:|1769430183
|switch|p2a: Iron Valiant|Iron Valiant, shiny, tera:Dark|31/100
|-damage|p2a: Iron Valiant|18/100|[from] Stealth Rock
|turn|29
|
|t:|1769430185
|move|p2a: Iron Valiant|Moonblast|p1a: Hydreigon
|-supereffective|p1a: Hydreigon
|-damage|p1a: Hydreigon|0 fnt
|faint|p1a: Hydreigon
|
|upkeep
|
|t:|1769430187
|switch|p1a: Lokix|Lokix, M|43/100
|-damage|p1a: Lokix|18/100|[from] Stealth Rock
|-damage|p1a: Lokix|1/100|[from] Spikes
|turn|30
|
|t:|1769430189
|move|p1a: Lokix|First Impression|p2a: Iron Valiant
|-supereffective|p2a: Iron Valiant
|-damage|p2a: Iron Valiant|0 fnt
|faint|p2a: Iron Valiant
|-end|p2a: Iron Valiant|Quark Drive|[silent]
|
|win|Unskilled2004
|raw|Unskilled2004's rating: 1602 &rarr; <strong>1625</strong><br />(+23 for winning)
|raw|Einarorn1's rating: 1651 &rarr; <strong>1628</strong><br />(-23 for losing)
|l|☆Einarorn1
|player|p2|
|c|☆Unskilled2004|Gg
|l|☆Unskilled2004
|player|p1|
