|j|☆bartaler
|j|☆1337muffin1337
|t:|1769423249
|gametype|singles
|player|p1|bartaler|backpacker|1194
|player|p2|1337muffin1337|misty|1189
|gen|9
|tier|[Gen 9] OU
|rated|
|rule|HP Percentage Mod: HP is shown in percentages
|rule|Endless Battle Clause: Forcing endless battles is banned
|rule|Species Clause: Limit one of each Pokémon
|rule|OHKO Clause: OHKO moves are banned
|rule|Evasion Items Clause: Evasion items are banned
|rule|Evasion Moves Clause: Evasion moves are banned
|rule|Evasion Abilities Clause: Evasion abilities are banned
|rule|Sleep Moves Clause: Sleep-inducing moves are banned
|clearpoke
|poke|p1|Iron Valiant|
|poke|p1|Darkrai|
|poke|p1|Gholdengo|
|poke|p1|Walking Wake|
|poke|p1|Dragonite, F|
|poke|p1|Glimmora, F|
|poke|p2|Volcanion|
|poke|p2|Lapras, F|
|poke|p2|Azelf|
|poke|p2|Darkrai|
|poke|p2|Garchomp, F|
|poke|p2|Conkeldurr, M|
|teampreview
|inactive|Battle timer is ON: inactive players will automatically lose when time's up. (requested by 1337muffin1337)
|
|t:|1769423255
|teamsize|p1|6
|teamsize|p2|6
|start
|switch|p1a: My boi|Glimmora, F, shiny|100/100
|switch|p2a: Conkeldurr|Conkeldurr, M|100/100
|turn|1
|
|t:|1769423260
|move|p1a: My boi|Meteor Beam||[still]
|-prepare|p1a: My boi|Meteor Beam
|-boost|p1a: My boi|spa|1
|-enditem|p1a: My boi|Power Herb
|-anim|p1a: My boi|Meteor Beam|p2a: Conkeldurr
|-resisted|p2a: Conkeldurr
|-crit|p2a: Conkeldurr
|-damage|p2a: Conkeldurr|17/100
|move|p2a: Conkeldurr|Drain Punch|p1a: My boi
|-damage|p1a: My boi|38/100
|-heal|p2a: Conkeldurr|43/100|[from] drain|[of] p1a: My boi
|-activate|p1a: My boi|ability: Toxic Debris
|-sidestart|p2: 1337muffin1337|move: Toxic Spikes
|
|upkeep
|turn|2
|
|t:|1769423272
|move|p2a: Conkeldurr|Mach Punch|p1a: My boi
|-damage|p1a: My boi|3/100
|-activate|p1a: My boi|ability: Toxic Debris
|-sidestart|p2: 1337muffin1337|move: Toxic Spikes
|move|p1a: My boi|Sludge Wave|p2a: Conkeldurr
|-damage|p2a: Conkeldurr|0 fnt
|faint|p2a: Conkeldurr
|
|upkeep
|
|t:|1769423294
|switch|p2a: Lapras|Lapras, F, shiny|100/100
|-status|p2a: Lapras|tox
|turn|3
|
|t:|1769423300
|move|p1a: My boi|Sludge Wave|p2a: Lapras
|-damage|p2a: Lapras|66/100 tox
|move|p2a: Lapras|Brine|p1a: My boi
|-supereffective|p1a: My boi
|-damage|p1a: My boi|0 fnt
|faint|p1a: My boi
|
|-damage|p2a: Lapras|60/100 tox|[from] psn
|upkeep
|
|t:|1769423307
|switch|p1a: ☭|Gholdengo|100/100
|turn|4
|
|t:|1769423329
|switch|p2a: Volcanion|Volcanion|100/100
|-status|p2a: Volcanion|tox
|move|p1a: ☭|Make It Rain|p2a: Volcanion
|-resisted|p2a: Volcanion
|-damage|p2a: Volcanion|79/100 tox
|-unboost|p1a: ☭|spa|1
|-damage|p1a: ☭|91/100|[from] item: Life Orb
|
|-damage|p2a: Volcanion|73/100 tox|[from] psn
|upkeep
|turn|5
|
|t:|1769423341
|move|p1a: ☭|Thunder Wave||[still]
|-fail|p1a: ☭
|move|p2a: Volcanion|Flamethrower|p1a: ☭
|-supereffective|p1a: ☭
|-damage|p1a: ☭|0 fnt
|faint|p1a: ☭
|
|-damage|p2a: Volcanion|61/100 tox|[from] psn
|upkeep
|
|t:|1769423352
|switch|p1a: Penny|Dragonite, F|100/100
|turn|6
|
|t:|1769423360
|move|p1a: Penny|Dragon Claw|p2a: Volcanion
|-damage|p2a: Volcanion|25/100 tox
|-damage|p1a: Penny|84/100|[from] item: Rocky Helmet|[of] p2a: Volcanion
|move|p2a: Volcanion|Roar|p1a: Penny
|drag|p1a: Pepe|Iron Valiant, shiny|100/100
|-enditem|p1a: Pepe|Booster Energy
|-activate|p1a: Pepe|ability: Quark Drive|[fromitem]
|-start|p1a: Pepe|quarkdriveatk
|
|-damage|p2a: Volcanion|7/100 tox|[from] psn
|upkeep
|turn|7
|
|t:|1769423372
|move|p1a: Pepe|Drain Punch|p2a: Volcanion
|-damage|p2a: Volcanion|0 fnt
|-damage|p1a: Pepe|84/100|[from] item: Rocky Helmet|[of] p2a: Volcanion
|faint|p2a: Volcanion
|
|upkeep
|
|t:|1769423378
|switch|p2a: Azelf|Azelf, shiny|100/100
|turn|8
|
|t:|1769423384
|-end|p1a: Pepe|Quark Drive|[silent]
|switch|p1a: Paraliz demon|Darkrai, shiny|100/100
|move|p2a: Azelf|Psychic|p1a: Paraliz demon
|-immune|p1a: Paraliz demon
|
|upkeep
|turn|9
|
|t:|1769423390
|move|p2a: Azelf|Dazzling Gleam|p1a: Paraliz demon
|-supereffective|p1a: Paraliz demon
|-damage|p1a: Paraliz demon|20/100
|move|p1a: Paraliz demon|Dark Pulse|p2a: Azelf
|-supereffective|p2a: Azelf
|-damage|p2a: Azelf|0 fnt
|faint|p2a: Azelf
|
|upkeep
|
|t:|1769423397
|switch|p2a: Darkrai|Darkrai|100/100
|-status|p2a: Darkrai|tox
|turn|10
|
|t:|1769423402
|move|p2a: Darkrai|Sludge Bomb|p1a: Paraliz demon
|-damage|p1a: Paraliz demon|0 fnt
|faint|p1a: Paraliz demon
|
|-damage|p2a: Darkrai|94/100 tox|[from] psn
|upkeep
|
|t:|1769423404
|switch|p1a: Pepe|Iron Valiant, shiny|84/100
|turn|11
|
|t:|1769423409
|move|p2a: Darkrai|Psychic|p1a: Pepe
|-supereffective|p1a: Pepe
|-damage|p1a: Pepe|0 fnt
|faint|p1a: Pepe
|-end|p1a: Pepe|Quark Drive|[silent]
|
|-damage|p2a: Darkrai|82/100 tox|[from] psn
|upkeep
|
|t:|1769423415
|switch|p1a: Suicune 0.5|Walking Wake|100/100
|-enditem|p1a: Suicune 0.5|Booster Energy
|-activate|p1a: Suicune 0.5|ability: Protosynthesis|[fromitem]
|-start|p1a: Suicune 0.5|protosynthesisspa
|turn|12
|
|t:|1769423423
|move|p2a: Darkrai|Dark Pulse|p1a: Suicune 0.5
|-damage|p1a: Suicune 0.5|58/100
|move|p1a: Suicune 0.5|Sunny Day|p1a: Suicune 0.5
|-weather|SunnyDay
|
|-weather|SunnyDay|[upkeep]
|-damage|p2a: Darkrai|64/100 tox|[from] psn
|upkeep
|turn|13
|
|t:|1769423430
|move|p2a: Darkrai|Dark Pulse|p1a: Suicune 0.5
|-damage|p1a: Suicune 0.5|10/100
|move|p1a: Suicune 0.5|Draco Meteor|p2a: Darkrai
|-damage|p2a: Darkrai|0 fnt
|-unboost|p1a: Suicune 0.5|spa|2
|faint|p2a: Darkrai
|
|-weather|SunnyDay|[upkeep]
|upkeep
|
|t:|1769423440
|switch|p2a: Garchomp|Garchomp, F|100/100
|-status|p2a: Garchomp|tox
|turn|14
|
|t:|1769423447
|move|p2a: Garchomp|Dragon Claw|p1a: Suicune 0.5
|-supereffective|p1a: Suicune 0.5
|-damage|p1a: Suicune 0.5|0 fnt
|faint|p1a: Suicune 0.5
|-end|p1a: Suicune 0.5|Protosynthesis|[silent]
|
|-weather|SunnyDay|[upkeep]
|-damage|p2a: Garchomp|94/100 tox|[from] psn
|upkeep
|
|t:|1769423450
|switch|p1a: Penny|Dragonite, F|84/100
|turn|15
|
|t:|1769423455
|-terastallize|p1a: Penny|Steel
|move|p2a: Garchomp|Dragon Claw|p1a: Penny
|-resisted|p1a: Penny
|-damage|p1a: Penny|64/100
|move|p1a: Penny|Dragon Claw|p2a: Garchomp
|-supereffective|p2a: Garchomp
|-damage|p2a: Garchomp|10/100 tox
|-damage|p1a: Penny|51/100|[from] ability: Rough Skin|[of] p2a: Garchomp
|
|-weather|SunnyDay|[upkeep]
|-damage|p2a: Garchomp|0 fnt|[from] psn
|faint|p2a: Garchomp
|upkeep
|
|t:|1769423466
|switch|p2a: Lapras|Lapras, F, shiny|60/100 tox
|turn|16
|
|t:|1769423475
|-terastallize|p2a: Lapras|Fairy
|move|p1a: Penny|Dragon Claw|p2a: Lapras
|-immune|p2a: Lapras
|move|p2a: Lapras|Brine|p1a: Penny
|-damage|p1a: Penny|39/100
|
|-weather|none
|-damage|p2a: Lapras|53/100 tox|[from] psn
|upkeep
|turn|17
|
|t:|1769423483
|move|p1a: Penny|Extreme Speed|p2a: Lapras
|-damage|p2a: Lapras|25/100 tox
|move|p2a: Lapras|Brine|p1a: Penny
|-damage|p1a: Penny|0 fnt
|faint|p1a: Penny
|
|win|1337muffin1337
|raw|bartaler's rating: 1194 &rarr; <strong>1169</strong><br />(-25 for losing)
|raw|1337muffin1337's rating: 1189 &rarr; <strong>1214</strong><br />(+25 for winning)
|c|☆1337muffin1337|gg
|c|☆bartaler|Gg
|l|☆1337muffin1337
|player|p2|
