|j|☆swagataka
|j|☆newbytho
|t:|1769370321
|gametype|singles
|player|p1|swagataka|byron|1728
|player|p2|newbytho|1|1675
|gen|9
|tier|[Gen 9] OU
|rated|
|rule|HP Percentage Mod: HP is shown in percentages
|rule|Endless Battle Clause: Forcing endless battles is banned
|rule|Species Clause: Limit one of each Pokémon
|rule|OHKO Clause: OHKO moves are banned
|rule|Evasion Items Clause: Evasion items are banned
|rule|Evasion Moves Clause: Evasion moves are banned
|rule|Evasion Abilities Clause: Evasion abilities are banned
|rule|Sleep Moves Clause: Sleep-inducing moves are banned
|clearpoke
|poke|p1|Kingambit, F|
|poke|p1|Regigigas|
|poke|p1|Great Tusk|
|poke|p1|Pecharunt|
|poke|p1|Zoroark-Hisui, F|
|poke|p1|Gallade, M|
|poke|p2|Pecharunt|
|poke|p2|Zapdos|
|poke|p2|Ting-Lu|
|poke|p2|Great Tusk|
|poke|p2|Slowking-Galar, F|
|poke|p2|Kingambit, F|
|teampreview
|
|t:|1769370337
|teamsize|p1|6
|teamsize|p2|6
|start
|switch|p1a: Irönhead|Kingambit, F|100/100
|switch|p2a: Ting-Lu|Ting-Lu|100/100
|-item|p1a: Irönhead|Air Balloon
|-ability|p2a: Ting-Lu|Vessel of Ruin
|turn|1
|
|t:|1769370341
|move|p1a: Irönhead|Nasty Plot|p1a: Irönhead
|-boost|p1a: Irönhead|spa|2
|move|p2a: Ting-Lu|Stealth Rock|p1a: Irönhead
|-sidestart|p1: swagataka|move: Stealth Rock
|
|upkeep
|turn|2
|
|t:|1769370344
|move|p1a: Irönhead|Grass Knot|p2a: Ting-Lu
|-supereffective|p2a: Ting-Lu
|-damage|p2a: Ting-Lu|29/100
|move|p2a: Ting-Lu|Whirlwind|p1a: Irönhead
|drag|p1a: Irönhead|Kingambit, F|100/100
|-damage|p1a: Irönhead|94/100|[from] Stealth Rock
|-item|p1a: Irönhead|Air Balloon
|
|-heal|p2a: Ting-Lu|35/100|[from] item: Leftovers
|upkeep
|turn|3
|
|t:|1769370354
|move|p1a: Irönhead|Stealth Rock|p2a: Ting-Lu
|-sidestart|p2: newbytho|move: Stealth Rock
|move|p2a: Ting-Lu|Ruination|p1a: Irönhead
|-damage|p1a: Irönhead|47/100
|-enditem|p1a: Irönhead|Air Balloon
|
|-heal|p2a: Ting-Lu|41/100|[from] item: Leftovers
|upkeep
|turn|4
|
|t:|1769370362
|switch|p1a: Steely Don|Great Tusk|100/100
|move|p2a: Ting-Lu|Spikes|p1a: Steely Don
|-sidestart|p1: swagataka|Spikes
|
|-heal|p2a: Ting-Lu|47/100|[from] item: Leftovers
|upkeep
|turn|5
|
|t:|1769370367
|switch|p2a: Zapdos|Zapdos|100/100
|move|p1a: Steely Don|Knock Off|p2a: Zapdos
|-damage|p2a: Zapdos|78/100
|-enditem|p2a: Zapdos|Heavy-Duty Boots|[from] move: Knock Off|[of] p1a: Steely Don
|
|upkeep
|turn|6
|
|t:|1769370371
|switch|p2a: Pecharunt|Pecharunt|100/100
|-damage|p2a: Pecharunt|88/100|[from] Stealth Rock
|move|p1a: Steely Don|Rapid Spin|p2a: Pecharunt
|-immune|p2a: Pecharunt
|
|upkeep
|turn|7
|
|t:|1769370377
|move|p1a: Steely Don|Headlong Rush|p2a: Pecharunt
|-supereffective|p2a: Pecharunt
|-damage|p2a: Pecharunt|27/100
|-unboost|p1a: Steely Don|def|1
|-unboost|p1a: Steely Don|spd|1
|move|p2a: Pecharunt|Nasty Plot|p2a: Pecharunt
|-boost|p2a: Pecharunt|spa|2
|
|upkeep
|turn|8
|
|t:|1769370392
|switch|p2a: Great Tusk|Great Tusk|100/100
|-damage|p2a: Great Tusk|97/100|[from] Stealth Rock
|move|p1a: Steely Don|Headlong Rush|p2a: Great Tusk
|-damage|p2a: Great Tusk|61/100
|-unboost|p1a: Steely Don|def|1
|-unboost|p1a: Steely Don|spd|1
|
|-heal|p2a: Great Tusk|68/100|[from] item: Leftovers
|upkeep
|turn|9
|
|t:|1769370421
|move|p1a: Steely Don|Rapid Spin|p2a: Great Tusk
|-damage|p2a: Great Tusk|57/100
|-boost|p1a: Steely Don|spe|1
|-sideend|p1: swagataka|Spikes|[from] move: Rapid Spin|[of] p1a: Steely Don
|-sideend|p1: swagataka|Stealth Rock|[from] move: Rapid Spin|[of] p1a: Steely Don
|move|p2a: Great Tusk|Rapid Spin|p1a: Steely Don
|-damage|p1a: Steely Don|79/100
|-boost|p2a: Great Tusk|spe|1
|-sideend|p2: newbytho|Stealth Rock|[from] move: Rapid Spin|[of] p2a: Great Tusk
|
|-heal|p2a: Great Tusk|63/100|[from] item: Leftovers
|upkeep
|turn|10
|
|t:|1769370425
|move|p1a: Steely Don|Headlong Rush|p2a: Great Tusk
|-damage|p2a: Great Tusk|27/100
|-unboost|p1a: Steely Don|def|1
|-unboost|p1a: Steely Don|spd|1
|move|p2a: Great Tusk|Knock Off|p1a: Steely Don
|-resisted|p1a: Steely Don
|-damage|p1a: Steely Don|54/100
|-enditem|p1a: Steely Don|Heavy-Duty Boots|[from] move: Knock Off|[of] p2a: Great Tusk
|
|-heal|p2a: Great Tusk|33/100|[from] item: Leftovers
|upkeep
|turn|11
|
|t:|1769370433
|move|p1a: Steely Don|Headlong Rush|p2a: Great Tusk
|-damage|p2a: Great Tusk|0 fnt
|-unboost|p1a: Steely Don|def|1
|-unboost|p1a: Steely Don|spd|1
|faint|p2a: Great Tusk
|-end|p2a: Great Tusk|Protosynthesis|[silent]
|
|upkeep
|
|t:|1769370438
|switch|p2a: Kingambit|Kingambit, F|100/100
|-activate|p2a: Kingambit|ability: Supreme Overlord
|-start|p2a: Kingambit|fallen1|[silent]
|turn|12
|
|t:|1769370449
|-end|p1a: Steely Don|Protosynthesis|[silent]
|switch|p1a: Irönhead|Kingambit, F|47/100
|move|p2a: Kingambit|Iron Head|p1a: Irönhead
|-resisted|p1a: Irönhead
|-damage|p1a: Irönhead|26/100
|
|upkeep
|turn|13
|
|t:|1769370453
|move|p1a: Irönhead|Stealth Rock|p2a: Kingambit
|-sidestart|p2: newbytho|move: Stealth Rock
|move|p2a: Kingambit|Kowtow Cleave|p1a: Irönhead
|-resisted|p1a: Irönhead
|-damage|p1a: Irönhead|3/100
|
|upkeep
|turn|14
|
|t:|1769370458
|move|p1a: Irönhead|Thief|p2a: Kingambit
|-resisted|p2a: Kingambit
|-damage|p2a: Kingambit|88/100
|-enditem|p2a: Kingambit|Leftovers|[silent]|[from] move: Thief|[of] p1a: Irönhead
|-item|p1a: Irönhead|Leftovers|[from] move: Thief|[of] p2a: Kingambit
|move|p2a: Kingambit|Iron Head|p1a: Irönhead
|-resisted|p1a: Irönhead
|-damage|p1a: Irönhead|0 fnt
|faint|p1a: Irönhead
|
|upkeep
|
|t:|1769370462
|switch|p1a: Steely Don|Great Tusk|54/100
|turn|15
|
|t:|1769370466
|-end|p2a: Kingambit|fallen1|[silent]
|switch|p2a: Zapdos|Zapdos|78/100
|-damage|p2a: Zapdos|53/100|[from] Stealth Rock
|move|p1a: Steely Don|Headlong Rush|p2a: Zapdos
|-immune|p2a: Zapdos
|
|upkeep
|turn|16
|
|t:|1769370470
|-end|p1a: Steely Don|Protosynthesis|[silent]
|switch|p1a: Steely Don|Great Tusk|100/100
|-item|p1a: Steely Don|Air Balloon
|move|p2a: Zapdos|Roost|p2a: Zapdos
|-heal|p2a: Zapdos|100/100
|-singleturn|p2a: Zapdos|move: Roost
|
|upkeep
|turn|17
|
|t:|1769370474
|move|p1a: Steely Don|Shadow Ball|p2a: Zapdos
|-damage|p2a: Zapdos|64/100
|move|p2a: Zapdos|Volt Switch|p1a: Steely Don
|-damage|p1a: Steely Don|40/100
|replace|p1a: Linkin Zark|Zoroark-Hisui, F, shiny
|-end|p1a: Linkin Zark|Illusion
|-enditem|p1a: Linkin Zark|Air Balloon
|
|t:|1769370480
|switch|p2a: Ting-Lu|Ting-Lu|47/100|[from] Volt Switch
|-damage|p2a: Ting-Lu|41/100|[from] Stealth Rock
|-ability|p2a: Ting-Lu|Vessel of Ruin
|
|-heal|p2a: Ting-Lu|47/100|[from] item: Leftovers
|upkeep
|turn|18
|
|t:|1769370483
|move|p1a: Linkin Zark|Grass Knot|p2a: Ting-Lu
|-supereffective|p2a: Ting-Lu
|-damage|p2a: Ting-Lu|15/100
|move|p2a: Ting-Lu|Stealth Rock|p1a: Linkin Zark
|-sidestart|p1: swagataka|move: Stealth Rock
|
|-heal|p2a: Ting-Lu|22/100|[from] item: Leftovers
|upkeep
|turn|19
|
|t:|1769370488
|move|p1a: Linkin Zark|Grass Knot|p2a: Ting-Lu
|-supereffective|p2a: Ting-Lu
|-damage|p2a: Ting-Lu|0 fnt
|faint|p2a: Ting-Lu
|
|upkeep
|
|t:|1769370494
|switch|p2a: Slowking|Slowking-Galar, F|100/100
|-damage|p2a: Slowking|88/100|[from] Stealth Rock
|turn|20
|
|t:|1769370501
|move|p1a: Linkin Zark|Shadow Ball|p2a: Slowking
|-supereffective|p2a: Slowking
|-damage|p2a: Slowking|46/100
|move|p2a: Slowking|Ice Beam|p1a: Linkin Zark
|-damage|p1a: Linkin Zark|0 fnt
|faint|p1a: Linkin Zark
|
|upkeep
|
|t:|1769370509
|switch|p1a: Steely Don|Great Tusk|54/100
|-damage|p1a: Steely Don|51/100|[from] Stealth Rock
|turn|21
|
|t:|1769370512
|move|p1a: Steely Don|Headlong Rush|p2a: Slowking
|-supereffective|p2a: Slowking
|-damage|p2a: Slowking|0 fnt
|-unboost|p1a: Steely Don|def|1
|-unboost|p1a: Steely Don|spd|1
|faint|p2a: Slowking
|
|upkeep
|
|t:|1769370517
|switch|p2a: Kingambit|Kingambit, F|88/100
|-damage|p2a: Kingambit|82/100|[from] Stealth Rock
|-activate|p2a: Kingambit|ability: Supreme Overlord
|-start|p2a: Kingambit|fallen3|[silent]
|turn|22
|
|t:|1769370520
|-terastallize|p2a: Kingambit|Flying
|move|p1a: Steely Don|Headlong Rush|p2a: Kingambit
|-immune|p2a: Kingambit
|move|p2a: Kingambit|Swords Dance|p2a: Kingambit
|-boost|p2a: Kingambit|atk|2
|
|upkeep
|turn|23
|
|t:|1769370528
|move|p1a: Steely Don|Ice Spinner|p2a: Kingambit
|-supereffective|p2a: Kingambit
|-damage|p2a: Kingambit|39/100
|move|p2a: Kingambit|Iron Head|p1a: Steely Don
|-crit|p1a: Steely Don
|-damage|p1a: Steely Don|0 fnt
|faint|p1a: Steely Don
|-end|p1a: Steely Don|Protosynthesis|[silent]
|
|upkeep
|
|t:|1769370530
|switch|p1a: Gallade|Gallade, M, shiny|100/100
|-damage|p1a: Gallade|94/100|[from] Stealth Rock
|turn|24
|
|t:|1769370534
|move|p2a: Kingambit|Sucker Punch||[still]
|-fail|p2a: Kingambit
|move|p1a: Gallade|Trick|p2a: Kingambit
|-activate|p1a: Gallade|move: Trick|[of] p2a: Kingambit
|-item|p2a: Kingambit|Choice Scarf|[from] move: Trick
|-enditem|p1a: Gallade|Choice Scarf|[silent]|[from] move: Trick
|
|upkeep
|turn|25
|
|t:|1769370541
|switch|p1a: R.E.G.R.E.M.I.X|Regigigas, shiny|100/100
|-damage|p1a: R.E.G.R.E.M.I.X|88/100|[from] Stealth Rock
|-start|p1a: R.E.G.R.E.M.I.X|ability: Slow Start
|move|p2a: Kingambit|Kowtow Cleave|p1a: R.E.G.R.E.M.I.X
|-damage|p1a: R.E.G.R.E.M.I.X|0 fnt
|faint|p1a: R.E.G.R.E.M.I.X
|
|upkeep
|
|t:|1769370545
|switch|p1a: Gallade|Gallade, M, shiny|94/100
|-damage|p1a: Gallade|88/100|[from] Stealth Rock
|turn|26
|
|t:|1769370553
|move|p1a: Gallade|Psycho Cut|p2a: Kingambit
|-damage|p2a: Kingambit|0 fnt
|faint|p2a: Kingambit
|-end|p2a: Kingambit|fallen3|[silent]
|
|upkeep
|
|t:|1769370556
|switch|p2a: Zapdos|Zapdos|64/100
|-damage|p2a: Zapdos|39/100|[from] Stealth Rock
|turn|27
|
|t:|1769370560
|move|p1a: Gallade|Psycho Cut|p2a: Zapdos
|-damage|p2a: Zapdos|0 fnt
|faint|p2a: Zapdos
|
|upkeep
|-message|newbytho forfeited.
|
|win|swagataka
|raw|swagataka's rating: 1728 &rarr; <strong>1745</strong><br />(+17 for winning)
|raw|newbytho's rating: 1675 &rarr; <strong>1658</strong><br />(-17 for losing)
|l|☆newbytho
|player|p2|
|l|☆swagataka
|player|p1|
