|j|☆dangerzone101
|j|☆usjsjsehsh
|t:|1769419861
|gametype|singles
|player|p1|dangerzone101|169|1104
|player|p2|usjsjsehsh|cynthia|1097
|gen|9
|tier|[Gen 9] OU
|rated|
|rule|HP Percentage Mod: HP is shown in percentages
|rule|Endless Battle Clause: Forcing endless battles is banned
|rule|Species Clause: Limit one of each Pokémon
|rule|OHKO Clause: OHKO moves are banned
|rule|Evasion Items Clause: Evasion items are banned
|rule|Evasion Moves Clause: Evasion moves are banned
|rule|Evasion Abilities Clause: Evasion abilities are banned
|rule|Sleep Moves Clause: Sleep-inducing moves are banned
|clearpoke
|poke|p1|Meowscarada, M|
|poke|p1|Cinderace, M|
|poke|p1|Zangoose, F|
|poke|p1|Ursaring, M|
|poke|p1|Jolteon, M|
|poke|p1|Conkeldurr, F|
|poke|p2|Dondozo, F|
|poke|p2|Landorus-Therian, M|
|poke|p2|Clodsire, F|
|poke|p2|Heatran, F|
|poke|p2|Vaporeon, F|
|poke|p2|Corviknight, F|
|teampreview
|
|t:|1769419865
|teamsize|p1|6
|teamsize|p2|6
|start
|switch|p1a: Meowscarada|Meowscarada, M|100/100
|switch|p2a: Landorus|Landorus-Therian, M, shiny|100/100
|-ability|p2a: Landorus|Intimidate|boost
|-unboost|p1a: Meowscarada|atk|1
|turn|1
|
|t:|1769419869
|move|p2a: Landorus|U-turn|p1a: Meowscarada
|-supereffective|p1a: Meowscarada
|-damage|p1a: Meowscarada|0 fnt
|faint|p1a: Meowscarada
|
|t:|1769419873
|switch|p2a: Clodsire|Clodsire, F, shiny|100/100|[from] U-turn
|
|upkeep
|
|t:|1769419879
|switch|p1a: Zangoose|Zangoose, F|100/100
|turn|2
|
|t:|1769419884
|move|p1a: Zangoose|Knock Off|p2a: Clodsire
|-damage|p2a: Clodsire|68/100
|-enditem|p2a: Clodsire|Leftovers|[from] move: Knock Off|[of] p1a: Zangoose
|move|p2a: Clodsire|Stealth Rock|p1a: Zangoose
|-sidestart|p1: dangerzone101|move: Stealth Rock
|
|upkeep
|turn|3
|inactive|Battle timer is ON: inactive players will automatically lose when time's up. (requested by dangerzone101)
|
|t:|1769419897
|switch|p2a: Dondozo|Dondozo, F, shiny|100/100
|move|p1a: Zangoose|Facade|p2a: Dondozo
|-damage|p2a: Dondozo|83/100
|-damage|p1a: Zangoose|84/100|[from] item: Rocky Helmet|[of] p2a: Dondozo
|
|upkeep
|turn|4
|
|t:|1769419910
|move|p1a: Zangoose|Knock Off|p2a: Dondozo
|-damage|p2a: Dondozo|70/100
|-damage|p1a: Zangoose|68/100|[from] item: Rocky Helmet|[of] p2a: Dondozo
|-enditem|p2a: Dondozo|Rocky Helmet|[from] move: Knock Off|[of] p1a: Zangoose
|move|p2a: Dondozo|Body Press|p1a: Zangoose
|-supereffective|p1a: Zangoose
|-damage|p1a: Zangoose|0 fnt
|faint|p1a: Zangoose
|
|upkeep
|
|t:|1769419915
|switch|p1a: Jolteon|Jolteon, M|100/100
|-damage|p1a: Jolteon|88/100|[from] Stealth Rock
|turn|5
|
|t:|1769419919
|switch|p2a: Clodsire|Clodsire, F, shiny|68/100
|move|p1a: Jolteon|Shadow Ball|p2a: Clodsire
|-damage|p2a: Clodsire|47/100
|
|upkeep
|turn|6
|
|t:|1769419926
|switch|p1a: Ursaring|Ursaring, M|100/100
|-damage|p1a: Ursaring|88/100|[from] Stealth Rock
|move|p2a: Clodsire|Recover|p2a: Clodsire
|-heal|p2a: Clodsire|97/100
|
|upkeep
|turn|7
|
|t:|1769419931
|switch|p2a: Corviknight|Corviknight, F, shiny|100/100
|-ability|p2a: Corviknight|Pressure
|move|p1a: Ursaring|Trailblaze|p2a: Corviknight
|-resisted|p2a: Corviknight
|-crit|p2a: Corviknight
|-damage|p2a: Corviknight|96/100
|-boost|p1a: Ursaring|spe|1
|-damage|p1a: Ursaring|72/100|[from] item: Rocky Helmet|[of] p2a: Corviknight
|
|upkeep
|turn|8
|
|t:|1769419936
|move|p1a: Ursaring|Ice Punch|p2a: Corviknight
|-damage|p2a: Corviknight|78/100
|-damage|p1a: Ursaring|55/100|[from] item: Rocky Helmet|[of] p2a: Corviknight
|move|p2a: Corviknight|Body Press|p1a: Ursaring
|-supereffective|p1a: Ursaring
|-damage|p1a: Ursaring|10/100
|
|upkeep
|turn|9
|
|t:|1769419942
|move|p1a: Ursaring|Ice Punch|p2a: Corviknight
|-damage|p2a: Corviknight|60/100
|-damage|p1a: Ursaring|0 fnt|[from] item: Rocky Helmet|[of] p2a: Corviknight
|faint|p1a: Ursaring
|move|p2a: Corviknight|Roost|p2a: Corviknight
|-heal|p2a: Corviknight|100/100
|-singleturn|p2a: Corviknight|move: Roost
|
|upkeep
|
|t:|1769419946
|switch|p1a: Jolteon|Jolteon, M|88/100
|-damage|p1a: Jolteon|76/100|[from] Stealth Rock
|turn|10
|
|t:|1769419951
|switch|p2a: Clodsire|Clodsire, F, shiny|97/100
|move|p1a: Jolteon|Thunderbolt|p2a: Clodsire
|-immune|p2a: Clodsire
|
|upkeep
|turn|11
|-message|dangerzone101 forfeited.
|
|win|usjsjsehsh
|raw|dangerzone101's rating: 1104 &rarr; <strong>1078</strong><br />(-26 for losing)
|raw|usjsjsehsh's rating: 1097 &rarr; <strong>1123</strong><br />(+26 for winning)
|l|☆dangerzone101
|player|p1|
|l|☆usjsjsehsh
|player|p2|
