|j|☆rjmachine3
|j|☆Fabe3107
|t:|1769409529
|gametype|singles
|player|p1|rjmachine3|harlequin|1234
|player|p2|Fabe3107|170|1241
|gen|9
|tier|[Gen 9] OU
|rated|
|rule|HP Percentage Mod: HP is shown in percentages
|rule|Endless Battle Clause: Forcing endless battles is banned
|rule|Species Clause: Limit one of each Pokémon
|rule|OHKO Clause: OHKO moves are banned
|rule|Evasion Items Clause: Evasion items are banned
|rule|Evasion Moves Clause: Evasion moves are banned
|rule|Evasion Abilities Clause: Evasion abilities are banned
|rule|Sleep Moves Clause: Sleep-inducing moves are banned
|clearpoke
|poke|p1|Great Tusk|
|poke|p1|Ninetales-Alola, F|
|poke|p1|Cetitan, M|
|poke|p1|Lokix, M|
|poke|p1|Ceruledge, F|
|poke|p1|Slowking, M|
|poke|p2|Great Tusk|
|poke|p2|Pecharunt|
|poke|p2|Iron Valiant|
|poke|p2|Iron Crown|
|poke|p2|Samurott-Hisui, M|
|poke|p2|Dragonite, M|
|teampreview
|inactive|Battle timer is ON: inactive players will automatically lose when time's up. (requested by Fabe3107)
|
|t:|1769409547
|teamsize|p1|6
|teamsize|p2|6
|start
|switch|p1a: Lokix|Lokix, M|100/100
|switch|p2a: Pecharunt|Pecharunt|100/100
|turn|1
|
|t:|1769409556
|move|p1a: Lokix|Knock Off|p2a: Pecharunt
|-supereffective|p2a: Pecharunt
|-damage|p2a: Pecharunt|45/100
|-damage|p1a: Lokix|84/100|[from] item: Rocky Helmet|[of] p2a: Pecharunt
|-enditem|p2a: Pecharunt|Rocky Helmet|[from] move: Knock Off|[of] p1a: Lokix
|move|p2a: Pecharunt|Malignant Chain|p1a: Lokix
|-damage|p1a: Lokix|27/100
|
|upkeep
|turn|2
|
|t:|1769409582
|switch|p1a: Slowking|Slowking, M|100/100
|move|p2a: Pecharunt|Recover|p2a: Pecharunt
|-heal|p2a: Pecharunt|95/100
|
|upkeep
|turn|3
|
|t:|1769409591
|-terastallize|p1a: Slowking|Steel
|move|p2a: Pecharunt|Malignant Chain|p1a: Slowking
|-immune|p1a: Slowking
|move|p1a: Slowking|Future Sight|p2a: Pecharunt
|-start|p1a: Slowking|move: Future Sight
|
|upkeep
|turn|4
|
|t:|1769409601
|move|p2a: Pecharunt|Parting Shot|p1a: Slowking
|-unboost|p1a: Slowking|atk|1
|-unboost|p1a: Slowking|spa|1
|
|t:|1769409609
|switch|p2a: Samurott|Samurott-Hisui, M, shiny|100/100|[from] Parting Shot
|move|p1a: Slowking|Scald|p2a: Samurott
|-resisted|p2a: Samurott
|-damage|p2a: Samurott|86/100
|-status|p2a: Samurott|brn
|
|-damage|p2a: Samurott|80/100 brn|[from] brn
|upkeep
|turn|5
|
|t:|1769409621
|switch|p1a: Great Tusk|Great Tusk|100/100
|move|p2a: Samurott|Knock Off|p1a: Great Tusk
|-resisted|p1a: Great Tusk
|-damage|p1a: Great Tusk|91/100
|-damage|p2a: Samurott|64/100 brn|[from] item: Rocky Helmet|[of] p1a: Great Tusk
|-enditem|p1a: Great Tusk|Rocky Helmet|[from] move: Knock Off|[of] p2a: Samurott
|
|-end|p2a: Samurott|move: Future Sight
|-immune|p2a: Samurott
|-damage|p2a: Samurott|58/100 brn|[from] brn
|upkeep
|turn|6
|inactive|rjmachine3 has 120 seconds left.
|
|t:|1769409651
|move|p2a: Samurott|Flip Turn|p1a: Great Tusk
|-supereffective|p1a: Great Tusk
|-damage|p1a: Great Tusk|72/100
|
|t:|1769409658
|switch|p2a: Dragonite|Dragonite, M, shiny|100/100|[from] Flip Turn
|move|p1a: Great Tusk|Stealth Rock|p2a: Dragonite
|-sidestart|p2: Fabe3107|move: Stealth Rock
|
|upkeep
|turn|7
|
|t:|1769409675
|-terastallize|p2a: Dragonite|Flying
|move|p2a: Dragonite|Tera Blast|p1a: Great Tusk|[anim] Tera Blast Flying
|-supereffective|p1a: Great Tusk
|-damage|p1a: Great Tusk|0 fnt
|faint|p1a: Great Tusk
|-end|p1a: Great Tusk|Protosynthesis|[silent]
|
|upkeep
|
|t:|1769409688
|switch|p1a: Ninetales|Ninetales-Alola, F|100/100
|-weather|Snowscape|[from] ability: Snow Warning|[of] p1a: Ninetales
|turn|8
|
|t:|1769409703
|move|p1a: Ninetales|Blizzard|p2a: Dragonite
|-supereffective|p2a: Dragonite
|-damage|p2a: Dragonite|57/100
|move|p2a: Dragonite|Dragon Dance|p2a: Dragonite
|-boost|p2a: Dragonite|atk|1
|-boost|p2a: Dragonite|spe|1
|
|-weather|Snowscape|[upkeep]
|upkeep
|turn|9
|
|t:|1769409714
|move|p2a: Dragonite|Earthquake|p1a: Ninetales
|-damage|p1a: Ninetales|51/100
|move|p1a: Ninetales|Aurora Veil|p1a: Ninetales
|-sidestart|p1: rjmachine3|move: Aurora Veil
|
|-weather|Snowscape|[upkeep]
|upkeep
|turn|10
|
|t:|1769409723
|move|p2a: Dragonite|Roost|p2a: Dragonite
|-heal|p2a: Dragonite|100/100
|-hint|If a Terastallized Pokemon uses Roost, it remains Flying-type.
|move|p1a: Ninetales|Blizzard|p2a: Dragonite
|-supereffective|p2a: Dragonite
|-damage|p2a: Dragonite|59/100
|
|-weather|Snowscape|[upkeep]
|upkeep
|turn|11
|
|t:|1769409739
|switch|p1a: Cetitan|Cetitan, M, shiny|100/100
|move|p2a: Dragonite|Earthquake|p1a: Cetitan
|-damage|p1a: Cetitan|81/100
|
|-weather|Snowscape|[upkeep]
|upkeep
|turn|12
|
|t:|1769409750
|move|p1a: Cetitan|Belly Drum|p1a: Cetitan
|-damage|p1a: Cetitan|31/100
|-setboost|p1a: Cetitan|atk|6|[from] move: Belly Drum
|-enditem|p1a: Cetitan|Sitrus Berry|[eat]
|-heal|p1a: Cetitan|56/100|[from] item: Sitrus Berry
|move|p2a: Dragonite|Roost|p2a: Dragonite
|-heal|p2a: Dragonite|100/100
|-hint|If a Terastallized Pokemon uses Roost, it remains Flying-type.
|
|-weather|none
|upkeep
|turn|13
|
|t:|1769409765
|move|p1a: Cetitan|Ice Shard|p2a: Dragonite
|-supereffective|p2a: Dragonite
|-damage|p2a: Dragonite|24/100
|move|p2a: Dragonite|Earthquake|p1a: Cetitan
|-damage|p1a: Cetitan|30/100
|
|upkeep
|turn|14
|
|t:|1769409775
|move|p1a: Cetitan|Ice Shard|p2a: Dragonite
|-supereffective|p2a: Dragonite
|-damage|p2a: Dragonite|0 fnt
|faint|p2a: Dragonite
|
|upkeep
|inactive|Fabe3107 has 120 seconds left.
|
|t:|1769409801
|switch|p2a: Pecharunt|Pecharunt|95/100
|-damage|p2a: Pecharunt|83/100|[from] Stealth Rock
|turn|15
|inactive|Fabe3107 has 120 seconds left.
|
|t:|1769409827
|move|p1a: Cetitan|Earthquake|p2a: Pecharunt
|-supereffective|p2a: Pecharunt
|-damage|p2a: Pecharunt|0 fnt
|faint|p2a: Pecharunt
|
|upkeep
|inactive|Fabe3107 has 120 seconds left.
|
|t:|1769409845
|switch|p2a: Samurott|Samurott-Hisui, M, shiny|58/100 brn
|-damage|p2a: Samurott|45/100 brn|[from] Stealth Rock
|turn|16
|
|t:|1769409857
|move|p2a: Samurott|Sucker Punch|p1a: Cetitan
|-damage|p1a: Cetitan|18/100
|move|p1a: Cetitan|Earthquake|p2a: Samurott
|-damage|p2a: Samurott|0 fnt
|faint|p2a: Samurott
|
|-sideend|p1: rjmachine3|move: Aurora Veil
|upkeep
|
|t:|1769409863
|switch|p2a: Iron Valiant|Iron Valiant, shiny|100/100
|-damage|p2a: Iron Valiant|94/100|[from] Stealth Rock
|turn|17
|
|t:|1769409869
|move|p2a: Iron Valiant|Vacuum Wave|p1a: Cetitan
|-supereffective|p1a: Cetitan
|-damage|p1a: Cetitan|0 fnt
|faint|p1a: Cetitan
|
|upkeep
|
|t:|1769409878
|switch|p1a: Slowking|Slowking, M, tera:Steel|100/100
|turn|18
|
|t:|1769409886
|move|p2a: Iron Valiant|Vacuum Wave|p1a: Slowking
|-supereffective|p1a: Slowking
|-damage|p1a: Slowking|62/100
|move|p1a: Slowking|Thunder Wave|p2a: Iron Valiant
|-status|p2a: Iron Valiant|par
|
|upkeep
|turn|19
|
|t:|1769409896
|cant|p2a: Iron Valiant|par
|move|p1a: Slowking|Future Sight|p2a: Iron Valiant
|-start|p1a: Slowking|move: Future Sight
|
|upkeep
|turn|20
|
|t:|1769409900
|move|p2a: Iron Valiant|Vacuum Wave|p1a: Slowking
|-supereffective|p1a: Slowking
|-damage|p1a: Slowking|24/100
|-prepare|p1a: Slowking|Chilly Reception|[premajor]
|move|p1a: Slowking|Chilly Reception|p1a: Slowking
|-weather|Snowscape
|
|t:|1769409909
|switch|p1a: Ceruledge|Ceruledge, F|100/100|[from] Chilly Reception
|
|-weather|Snowscape|[upkeep]
|upkeep
|turn|21
|
|t:|1769409915
|-end|p2a: Iron Valiant|Quark Drive|[silent]
|switch|p2a: Iron Crown|Iron Crown|100/100
|-damage|p2a: Iron Crown|94/100|[from] Stealth Rock
|move|p1a: Ceruledge|Swords Dance|p1a: Ceruledge
|-boost|p1a: Ceruledge|atk|2
|
|-weather|Snowscape|[upkeep]
|-end|p2a: Iron Crown|move: Future Sight
|-resisted|p2a: Iron Crown
|-damage|p2a: Iron Crown|87/100
|upkeep
|turn|22
|
|t:|1769409929
|move|p2a: Iron Crown|Future Sight|p1a: Ceruledge
|-start|p2a: Iron Crown|move: Future Sight
|move|p1a: Ceruledge|Bitter Blade|p2a: Iron Crown
|-supereffective|p2a: Iron Crown
|-damage|p2a: Iron Crown|0 fnt
|faint|p2a: Iron Crown
|-end|p2a: Iron Crown|Quark Drive|[silent]
|-damage|p1a: Ceruledge|91/100|[from] item: Life Orb
|
|-weather|Snowscape|[upkeep]
|upkeep
|
|t:|1769409936
|switch|p2a: Great Tusk|Great Tusk, shiny|100/100
|turn|23
|
|t:|1769409945
|move|p2a: Great Tusk|Headlong Rush|p1a: Ceruledge
|-supereffective|p1a: Ceruledge
|-damage|p1a: Ceruledge|0 fnt
|-unboost|p2a: Great Tusk|def|1
|-unboost|p2a: Great Tusk|spd|1
|faint|p1a: Ceruledge
|
|-weather|Snowscape|[upkeep]
|upkeep
|
|t:|1769409954
|switch|p1a: Lokix|Lokix, M|27/100
|turn|24
|
|t:|1769409960
|move|p1a: Lokix|First Impression|p2a: Great Tusk
|-resisted|p2a: Great Tusk
|-damage|p2a: Great Tusk|40/100
|move|p2a: Great Tusk|Headlong Rush|p1a: Lokix
|-resisted|p1a: Lokix
|-damage|p1a: Lokix|0 fnt
|-unboost|p2a: Great Tusk|def|1
|-unboost|p2a: Great Tusk|spd|1
|faint|p1a: Lokix
|
|-weather|Snowscape|[upkeep]
|-hint|Future Sight did not hit because the target is fainted.
|upkeep
|
|t:|1769409974
|switch|p1a: Ninetales|Ninetales-Alola, F|51/100
|turn|25
|
|t:|1769409979
|move|p1a: Ninetales|Aurora Veil|p1a: Ninetales
|-sidestart|p1: rjmachine3|move: Aurora Veil
|move|p2a: Great Tusk|Headlong Rush|p1a: Ninetales
|-damage|p1a: Ninetales|20/100
|-unboost|p2a: Great Tusk|def|1
|-unboost|p2a: Great Tusk|spd|1
|
|-weather|Snowscape|[upkeep]
|upkeep
|turn|26
|
|t:|1769409988
|move|p1a: Ninetales|Blizzard|p2a: Great Tusk
|-supereffective|p2a: Great Tusk
|-damage|p2a: Great Tusk|0 fnt
|faint|p2a: Great Tusk
|-end|p2a: Great Tusk|Protosynthesis|[silent]
|
|-weather|Snowscape|[upkeep]
|upkeep
|
|t:|1769409992
|switch|p2a: Iron Valiant|Iron Valiant, shiny|94/100 par
|-damage|p2a: Iron Valiant|88/100 par|[from] Stealth Rock
|turn|27
|
|t:|1769409998
|move|p2a: Iron Valiant|Vacuum Wave|p1a: Ninetales
|-damage|p1a: Ninetales|3/100
|move|p1a: Ninetales|Moonblast|p2a: Iron Valiant
|-supereffective|p2a: Iron Valiant
|-damage|p2a: Iron Valiant|0 fnt
|faint|p2a: Iron Valiant
|-end|p2a: Iron Valiant|Quark Drive|[silent]
|
|win|rjmachine3
|raw|rjmachine3's rating: 1234 &rarr; <strong>1260</strong><br />(+26 for winning)
|raw|Fabe3107's rating: 1241 &rarr; <strong>1215</strong><br />(-26 for losing)
|l|☆Fabe3107
|player|p2|
|l|☆rjmachine3
|player|p1|
