|j|☆besudo
|j|☆OP Sand
|t:|1769412270
|gametype|singles
|player|p1|besudo|dancer|1752
|player|p2|OP Sand|giovanni-masters|1686
|gen|9
|tier|[Gen 9] OU
|rated|
|rule|HP Percentage Mod: HP is shown in percentages
|rule|Endless Battle Clause: Forcing endless battles is banned
|rule|Species Clause: Limit one of each Pokémon
|rule|OHKO Clause: OHKO moves are banned
|rule|Evasion Items Clause: Evasion items are banned
|rule|Evasion Moves Clause: Evasion moves are banned
|rule|Evasion Abilities Clause: Evasion abilities are banned
|rule|Sleep Moves Clause: Sleep-inducing moves are banned
|clearpoke
|poke|p1|Regidrago|
|poke|p1|Hatterene, F|
|poke|p1|Corviknight, M|
|poke|p1|Okidogi, M|
|poke|p1|Ting-Lu|
|poke|p1|Ceruledge, F|
|poke|p2|Excadrill, M|
|poke|p2|Tyranitar, F|
|poke|p2|Kyurem|
|poke|p2|Hawlucha, M|
|poke|p2|Pawmot, F|
|poke|p2|Leavanny, M|
|teampreview
|inactive|Battle timer is ON: inactive players will automatically lose when time's up. (requested by OP Sand)
|
|t:|1769412280
|teamsize|p1|6
|teamsize|p2|6
|start
|switch|p1a: Okidogi|Okidogi, M|100/100
|switch|p2a: The sandstorm|Tyranitar, F, shiny|100/100
|-weather|Sandstorm|[from] ability: Sand Stream|[of] p2a: The sandstorm
|turn|1
|
|t:|1769412286
|switch|p2a: Leavanny|Leavanny, M|100/100
|move|p1a: Okidogi|Drain Punch|p2a: Leavanny
|-resisted|p2a: Leavanny
|-damage|p2a: Leavanny|79/100
|
|-weather|Sandstorm|[upkeep]
|-damage|p1a: Okidogi|94/100|[from] Sandstorm
|-heal|p1a: Okidogi|100/100|[from] item: Leftovers
|upkeep
|turn|2
|
|t:|1769412292
|switch|p1a: Hatterene|Hatterene, F, shiny|100/100
|move|p2a: Leavanny|Knock Off|p1a: Hatterene
|-damage|p1a: Hatterene|72/100
|-enditem|p1a: Hatterene|Custap Berry|[from] move: Knock Off|[of] p2a: Leavanny
|
|-weather|Sandstorm|[upkeep]
|-damage|p1a: Hatterene|66/100|[from] Sandstorm
|upkeep
|turn|3
|
|t:|1769412299
|switch|p2a: OP|Excadrill, M|100/100
|switch|p1a: Corviknight|Corviknight, M, shiny|100/100
|-ability|p1a: Corviknight|Pressure
|
|-weather|Sandstorm|[upkeep]
|upkeep
|turn|4
|
|t:|1769412306
|-terastallize|p2a: OP|Fire
|move|p2a: OP|Tera Blast|p1a: Corviknight|[anim] Tera Blast Fire
|-supereffective|p1a: Corviknight
|-damage|p1a: Corviknight|10/100
|move|p1a: Corviknight|U-turn|p2a: OP
|-resisted|p2a: OP
|-damage|p2a: OP|90/100
|
|t:|1769412317
|switch|p1a: Ting-Lu|Ting-Lu, shiny|100/100|[from] U-turn
|-ability|p1a: Ting-Lu|Vessel of Ruin
|
|-weather|Sandstorm|[upkeep]
|upkeep
|turn|5
|
|t:|1769412323
|switch|p2a: The sandstorm|Tyranitar, F, shiny|100/100
|move|p1a: Ting-Lu|Stealth Rock|p2a: The sandstorm
|-sidestart|p2: OP Sand|move: Stealth Rock
|
|-weather|Sandstorm|[upkeep]
|upkeep
|turn|6
|
|t:|1769412326
|switch|p1a: Okidogi|Okidogi, M|100/100
|move|p2a: The sandstorm|Stealth Rock|p1a: Okidogi
|-sidestart|p1: besudo|move: Stealth Rock
|
|-weather|Sandstorm|[upkeep]
|-damage|p1a: Okidogi|94/100|[from] Sandstorm
|-heal|p1a: Okidogi|100/100|[from] item: Leftovers
|upkeep
|turn|7
|
|t:|1769412339
|switch|p2a: Itachi|Hawlucha, M, shiny|100/100
|-damage|p2a: Itachi|88/100|[from] Stealth Rock
|-ability|p2a: Itachi|Mold Breaker
|move|p1a: Okidogi|Poison Jab|p2a: Itachi
|-damage|p2a: Itachi|43/100
|-status|p2a: Itachi|psn
|-enditem|p2a: Itachi|Red Card|[of] p1a: Okidogi
|drag|p1a: Regidrago|Regidrago|100/100
|-damage|p1a: Regidrago|88/100|[from] Stealth Rock
|
|-weather|Sandstorm|[upkeep]
|-damage|p1a: Regidrago|82/100|[from] Sandstorm
|-damage|p2a: Itachi|37/100 psn|[from] Sandstorm
|-damage|p2a: Itachi|25/100 psn|[from] psn
|upkeep
|turn|8
|
|t:|1769412349
|switch|p1a: Corviknight|Corviknight, M, shiny|10/100
|-damage|p1a: Corviknight|0 fnt|[from] Stealth Rock
|faint|p1a: Corviknight
|move|p2a: Itachi|Brave Bird|p1: Corviknight|[notarget]
|-fail|p2a: Itachi
|
|-weather|none
|-damage|p2a: Itachi|12/100 psn|[from] psn
|upkeep
|
|t:|1769412354
|switch|p1a: Ceruledge|Ceruledge, F|100/100
|-damage|p1a: Ceruledge|76/100|[from] Stealth Rock
|turn|9
|
|t:|1769412358
|switch|p2a: The sandstorm|Tyranitar, F, shiny|100/100
|-damage|p2a: The sandstorm|88/100|[from] Stealth Rock
|-weather|Sandstorm|[from] ability: Sand Stream|[of] p2a: The sandstorm
|move|p1a: Ceruledge|Shadow Sneak|p2a: The sandstorm
|-resisted|p2a: The sandstorm
|-damage|p2a: The sandstorm|79/100
|-damage|p1a: Ceruledge|66/100|[from] item: Life Orb
|
|-weather|Sandstorm|[upkeep]
|-damage|p1a: Ceruledge|60/100|[from] Sandstorm
|upkeep
|turn|10
|
|t:|1769412366
|switch|p1a: Okidogi|Okidogi, M|100/100
|-damage|p1a: Okidogi|94/100|[from] Stealth Rock
|switch|p2a: Itachi|Hawlucha, M, shiny|12/100 psn
|-damage|p2a: Itachi|0 fnt|[from] Stealth Rock
|faint|p2a: Itachi
|
|-weather|Sandstorm|[upkeep]
|-damage|p1a: Okidogi|88/100|[from] Sandstorm
|-heal|p1a: Okidogi|94/100|[from] item: Leftovers
|upkeep
|
|t:|1769412368
|switch|p2a: OP|Excadrill, M, tera:Fire|90/100
|-damage|p2a: OP|65/100|[from] Stealth Rock
|turn|11
|j| tejgr8forev29
|
|t:|1769412381
|move|p2a: OP|Earthquake|p1a: Okidogi
|-supereffective|p1a: Okidogi
|-damage|p1a: Okidogi|0 fnt
|faint|p1a: Okidogi
|
|-weather|Sandstorm|[upkeep]
|upkeep
|
|t:|1769412387
|switch|p1a: Ting-Lu|Ting-Lu, shiny|100/100
|-damage|p1a: Ting-Lu|94/100|[from] Stealth Rock
|-ability|p1a: Ting-Lu|Vessel of Ruin
|turn|12
|
|t:|1769412393
|switch|p2a: Frieza|Kyurem, shiny|100/100
|-damage|p2a: Frieza|76/100|[from] Stealth Rock
|-ability|p2a: Frieza|Pressure
|move|p1a: Ting-Lu|Earthquake|p2a: Frieza
|-damage|p2a: Frieza|40/100
|
|-weather|Sandstorm|[upkeep]
|-damage|p2a: Frieza|34/100|[from] Sandstorm
|-heal|p1a: Ting-Lu|100/100|[from] item: Leftovers
|upkeep
|turn|13
|inactive|besudo has 120 seconds left.
|
|t:|1769412426
|switch|p1a: Ceruledge|Ceruledge, F|60/100
|-damage|p1a: Ceruledge|35/100|[from] Stealth Rock
|move|p2a: Frieza|Endeavor|p1a: Ceruledge
|-immune|p1a: Ceruledge
|
|-weather|Sandstorm|[upkeep]
|-damage|p2a: Frieza|27/100|[from] Sandstorm
|-damage|p1a: Ceruledge|29/100|[from] Sandstorm
|upkeep
|turn|14
|
|t:|1769412429
|move|p2a: Frieza|Earth Power|p1a: Ceruledge
|-supereffective|p1a: Ceruledge
|-damage|p1a: Ceruledge|0 fnt
|faint|p1a: Ceruledge
|
|-weather|Sandstorm|[upkeep]
|-damage|p2a: Frieza|21/100|[from] Sandstorm
|upkeep
|
|t:|1769412432
|switch|p1a: Regidrago|Regidrago|82/100
|-damage|p1a: Regidrago|70/100|[from] Stealth Rock
|turn|15
|
|t:|1769412456
|move|p1a: Regidrago|Dragon Pulse|p2a: Frieza
|-supereffective|p2a: Frieza
|-damage|p2a: Frieza|0 fnt
|faint|p2a: Frieza
|
|-weather|Sandstorm|[upkeep]
|-damage|p1a: Regidrago|64/100|[from] Sandstorm
|upkeep
|
|t:|1769412457
|switch|p2a: OP|Excadrill, M, tera:Fire|65/100
|-damage|p2a: OP|40/100|[from] Stealth Rock
|turn|16
|
|t:|1769412463
|move|p2a: OP|Earthquake|p1a: Regidrago
|-damage|p1a: Regidrago|0 fnt
|faint|p1a: Regidrago
|
|-weather|none
|upkeep
|
|t:|1769412468
|switch|p1a: Ting-Lu|Ting-Lu, shiny|100/100
|-damage|p1a: Ting-Lu|94/100|[from] Stealth Rock
|-ability|p1a: Ting-Lu|Vessel of Ruin
|turn|17
|
|t:|1769412475
|move|p2a: OP|Earthquake|p1a: Ting-Lu
|-damage|p1a: Ting-Lu|43/100
|move|p1a: Ting-Lu|Whirlwind|p2a: OP
|drag|p2a: Leavanny|Leavanny, M|79/100
|-damage|p2a: Leavanny|54/100|[from] Stealth Rock
|
|-heal|p1a: Ting-Lu|50/100|[from] item: Leftovers
|upkeep
|turn|18
|
|t:|1769412480
|switch|p1a: Hatterene|Hatterene, F, shiny|66/100
|-damage|p1a: Hatterene|54/100|[from] Stealth Rock
|move|p2a: Leavanny|Lunge|p1a: Hatterene
|-damage|p1a: Hatterene|13/100
|-unboost|p1a: Hatterene|atk|1
|
|upkeep
|turn|19
|-message|besudo forfeited.
|
|win|OP Sand
|raw|besudo's rating: 1752 &rarr; <strong>1728</strong><br />(-24 for losing)
|raw|OP Sand's rating: 1686 &rarr; <strong>1710</strong><br />(+24 for winning)
|l|☆besudo
|player|p1|
