|j|☆zhareef
|j|☆jjss94
|t:|1769429397
|gametype|singles
|player|p1|zhareef|dragontamer|1301
|player|p2|jjss94|bellelba|1313
|gen|9
|tier|[Gen 9] OU
|rated|
|rule|HP Percentage Mod: HP is shown in percentages
|rule|Endless Battle Clause: Forcing endless battles is banned
|rule|Species Clause: Limit one of each Pokémon
|rule|OHKO Clause: OHKO moves are banned
|rule|Evasion Items Clause: Evasion items are banned
|rule|Evasion Moves Clause: Evasion moves are banned
|rule|Evasion Abilities Clause: Evasion abilities are banned
|rule|Sleep Moves Clause: Sleep-inducing moves are banned
|clearpoke
|poke|p1|Gyarados, M|
|poke|p1|Garchomp, F|
|poke|p1|Corviknight, F|
|poke|p1|Cloyster, F|
|poke|p1|Kingambit, M|
|poke|p1|Gliscor, M|
|poke|p2|Great Tusk|
|poke|p2|Deoxys-Speed|
|poke|p2|Iron Crown|
|poke|p2|Ceruledge, M|
|poke|p2|Glimmora, F|
|poke|p2|Alomomola, M|
|teampreview
|inactive|Battle timer is ON: inactive players will automatically lose when time's up. (requested by zhareef)
|
|t:|1769429402
|teamsize|p1|6
|teamsize|p2|6
|start
|switch|p1a: Clampz|Cloyster, F|100/100
|switch|p2a: Glimmora|Glimmora, F|100/100
|turn|1
|
|t:|1769429410
|move|p2a: Glimmora|Meteor Beam||[still]
|-prepare|p2a: Glimmora|Meteor Beam
|-boost|p2a: Glimmora|spa|1
|-enditem|p2a: Glimmora|Power Herb
|-anim|p2a: Glimmora|Meteor Beam|p1a: Clampz
|-supereffective|p1a: Clampz
|-enditem|p1a: Clampz|Focus Sash
|-damage|p1a: Clampz|1/100
|move|p1a: Clampz|Shell Smash|p1a: Clampz
|-unboost|p1a: Clampz|def|1
|-unboost|p1a: Clampz|spd|1
|-boost|p1a: Clampz|atk|2
|-boost|p1a: Clampz|spa|2
|-boost|p1a: Clampz|spe|2
|
|upkeep
|turn|2
|
|t:|1769429423
|move|p2a: Glimmora|Spiky Shield|p2a: Glimmora
|-singleturn|p2a: Glimmora|move: Protect
|move|p1a: Clampz|Icicle Spear|p2a: Glimmora
|-activate|p2a: Glimmora|move: Protect
|
|upkeep
|turn|3
|
|t:|1769429430
|move|p1a: Clampz|Icicle Spear|p2a: Glimmora
|-damage|p2a: Glimmora|71/100
|-activate|p2a: Glimmora|ability: Toxic Debris
|-sidestart|p1: zhareef|move: Toxic Spikes
|-damage|p2a: Glimmora|43/100
|-activate|p2a: Glimmora|ability: Toxic Debris
|-sidestart|p1: zhareef|move: Toxic Spikes
|-damage|p2a: Glimmora|13/100
|-damage|p2a: Glimmora|0 fnt
|faint|p2a: Glimmora
|-hitcount|p2: Glimmora|4
|
|upkeep
|
|t:|1769429445
|switch|p2a: Alomomola|Alomomola, M|100/100
|turn|4
|
|t:|1769429451
|move|p1a: Clampz|Rock Blast|p2a: Alomomola
|-damage|p2a: Alomomola|92/100
|-damage|p2a: Alomomola|84/100
|-damage|p2a: Alomomola|76/100
|-damage|p2a: Alomomola|68/100
|-damage|p2a: Alomomola|59/100
|-hitcount|p2a: Alomomola|5
|move|p2a: Alomomola|Alluring Voice|p1a: Clampz
|-damage|p1a: Clampz|0 fnt
|faint|p1a: Clampz
|
|upkeep
|
|t:|1769429472
|switch|p1a: Shadow|Kingambit, M|100/100
|-activate|p1a: Shadow|ability: Supreme Overlord
|-start|p1a: Shadow|fallen1|[silent]
|turn|5
|
|t:|1769429478
|move|p2a: Alomomola|Scald|p1a: Shadow
|-damage|p1a: Shadow|87/100
|-status|p1a: Shadow|brn
|move|p1a: Shadow|Swords Dance|p1a: Shadow
|-boost|p1a: Shadow|atk|2
|
|-damage|p1a: Shadow|81/100 brn|[from] brn
|upkeep
|turn|6
|
|t:|1769429491
|switch|p2a: Great Tusk|Great Tusk|100/100
|-terastallize|p1a: Shadow|Dark
|move|p1a: Shadow|Kowtow Cleave|p2a: Great Tusk
|-resisted|p2a: Great Tusk
|-crit|p2a: Great Tusk
|-damage|p2a: Great Tusk|53/100
|
|-damage|p1a: Shadow|75/100 brn|[from] brn
|upkeep
|turn|7
|
|t:|1769429504
|move|p1a: Shadow|Sucker Punch|p2a: Great Tusk
|-resisted|p2a: Great Tusk
|-damage|p2a: Great Tusk|27/100
|move|p2a: Great Tusk|Supercell Slam|p1a: Shadow
|-crit|p1a: Shadow
|-damage|p1a: Shadow|36/100 brn
|
|-damage|p1a: Shadow|30/100 brn|[from] brn
|upkeep
|turn|8
|
|t:|1769429514
|move|p1a: Shadow|Sucker Punch|p2a: Great Tusk
|-resisted|p2a: Great Tusk
|-damage|p2a: Great Tusk|0 fnt
|faint|p2a: Great Tusk
|-end|p2a: Great Tusk|Protosynthesis|[silent]
|
|-damage|p1a: Shadow|24/100 brn|[from] brn
|upkeep
|
|t:|1769429520
|switch|p2a: Ceruledge|Ceruledge, M|100/100
|turn|9
|
|t:|1769429524
|move|p1a: Shadow|Sucker Punch||[still]
|-fail|p1a: Shadow
|move|p2a: Ceruledge|Swords Dance|p2a: Ceruledge
|-boost|p2a: Ceruledge|atk|2
|
|-damage|p1a: Shadow|18/100 brn|[from] brn
|upkeep
|turn|10
|
|t:|1769429534
|-terastallize|p2a: Ceruledge|Fighting
|move|p2a: Ceruledge|Bitter Blade|p1a: Shadow
|-damage|p1a: Shadow|0 fnt
|faint|p1a: Shadow
|-end|p1a: Shadow|fallen1|[silent]
|
|upkeep
|
|t:|1769429549
|switch|p1a: Dracodrag|Garchomp, F|100/100
|-status|p1a: Dracodrag|tox
|turn|11
|
|t:|1769429554
|move|p1a: Dracodrag|Earthquake|p2a: Ceruledge
|-crit|p2a: Ceruledge
|-enditem|p2a: Ceruledge|Focus Sash
|-damage|p2a: Ceruledge|1/100
|-ability|p2a: Ceruledge|Weak Armor|boost
|-unboost|p2a: Ceruledge|def|1
|-boost|p2a: Ceruledge|spe|2
|move|p2a: Ceruledge|Poltergeist|p1a: Dracodrag
|-activate|p1a: Dracodrag|move: Poltergeist|Choice Scarf
|-damage|p1a: Dracodrag|0 fnt
|faint|p1a: Dracodrag
|
|upkeep
|
|t:|1769429571
|switch|p1a: Raven|Corviknight, F, shiny|100/100
|-ability|p1a: Raven|Pressure
|turn|12
|
|t:|1769429580
|move|p2a: Ceruledge|Bitter Blade|p1a: Raven
|-supereffective|p1a: Raven
|-damage|p1a: Raven|0 fnt
|-heal|p2a: Ceruledge|70/100|[from] drain|[of] p1a: Raven
|faint|p1a: Raven
|
|upkeep
|-message|zhareef forfeited.
|
|win|jjss94
|raw|zhareef's rating: 1301 &rarr; <strong>1282</strong><br />(-19 for losing)
|raw|jjss94's rating: 1313 &rarr; <strong>1332</strong><br />(+19 for winning)
|l|☆zhareef
|player|p1|
|l|☆jjss94
|player|p2|
