|j|☆Orange74
|j|☆ArvenDs
|t:|1769367209
|gametype|singles
|player|p1|Orange74|pokemaniac|1242
|player|p2|ArvenDs|acetrainer|1272
|gen|9
|tier|[Gen 9] OU
|rated|
|rule|HP Percentage Mod: HP is shown in percentages
|rule|Endless Battle Clause: Forcing endless battles is banned
|rule|Species Clause: Limit one of each Pokémon
|rule|OHKO Clause: OHKO moves are banned
|rule|Evasion Items Clause: Evasion items are banned
|rule|Evasion Moves Clause: Evasion moves are banned
|rule|Evasion Abilities Clause: Evasion abilities are banned
|rule|Sleep Moves Clause: Sleep-inducing moves are banned
|clearpoke
|poke|p1|Ting-Lu|
|poke|p1|Walking Wake|
|poke|p1|Iron Moth|
|poke|p1|Corviknight, F|
|poke|p1|Tornadus-Therian, M|
|poke|p1|Ogerpon-Cornerstone, F|
|poke|p2|Gardevoir, F|
|poke|p2|Espeon, F|
|poke|p2|Indeedee, M|
|poke|p2|Gallade, M|
|poke|p2|Flygon, M|
|poke|p2|Magnemite|
|teampreview
|
|t:|1769367221
|teamsize|p1|6
|teamsize|p2|6
|start
|switch|p1a: Ogerpon|Ogerpon-Cornerstone, F|100/100
|switch|p2a: Gallade|Gallade, M|100/100
|turn|1
|
|t:|1769367227
|move|p1a: Ogerpon|Knock Off|p2a: Gallade
|-damage|p2a: Gallade|31/100
|-enditem|p2a: Gallade|Choice Band|[from] move: Knock Off|[of] p1a: Ogerpon
|move|p2a: Gallade|Sacred Sword|p1a: Ogerpon
|-supereffective|p1a: Ogerpon
|-ability|p1a: Ogerpon|Sturdy
|-damage|p1a: Ogerpon|1/100
|
|upkeep
|turn|2
|
|t:|1769367237
|move|p1a: Ogerpon|Ivy Cudgel|p2a: Gallade|[anim] Ivy Cudgel Rock
|-resisted|p2a: Gallade
|-damage|p2a: Gallade|0 fnt
|faint|p2a: Gallade
|
|upkeep
|
|t:|1769367240
|switch|p2a: Flygon|Flygon, M|100/100
|turn|3
|
|t:|1769367247
|move|p2a: Flygon|First Impression|p1a: Ogerpon
|-supereffective|p1a: Ogerpon
|-damage|p1a: Ogerpon|0 fnt
|faint|p1a: Ogerpon
|
|upkeep
|
|t:|1769367255
|switch|p1a: Walking Wake|Walking Wake|100/100
|turn|4
|
|t:|1769367261
|switch|p2a: Indeedee|Indeedee, M|100/100
|-fieldstart|move: Psychic Terrain|[from] ability: Psychic Surge|[of] p2a: Indeedee
|move|p1a: Walking Wake|Hydro Steam|p2a: Indeedee
|-damage|p2a: Indeedee|24/100
|
|upkeep
|turn|5
|
|t:|1769367271
|move|p1a: Walking Wake|Hydro Steam|p2a: Indeedee
|-damage|p2a: Indeedee|0 fnt
|faint|p2a: Indeedee
|
|upkeep
|
|t:|1769367274
|switch|p2a: Magnemite|Magnemite|100/100
|turn|6
|
|t:|1769367281
|-end|p1a: Walking Wake|Protosynthesis|[silent]
|switch|p1a: Ting-Lu|Ting-Lu|100/100
|-ability|p1a: Ting-Lu|Vessel of Ruin
|move|p2a: Magnemite|Lock-On|p1a: Ting-Lu
|-activate|p2a: Magnemite|move: Lock-On|[of] p1a: Ting-Lu
|
|upkeep
|turn|7
|
|t:|1769367290
|switch|p2a: Espeon|Espeon, F|100/100
|move|p1a: Ting-Lu|Throat Chop|p2a: Espeon
|-supereffective|p2a: Espeon
|-crit|p2a: Espeon
|-damage|p2a: Espeon|0 fnt
|faint|p2a: Espeon
|
|upkeep
|
|t:|1769367296
|switch|p2a: Gardevoir|Gardevoir, F|100/100
|-ability|p2a: Gardevoir|Vessel of Ruin|Trace|[from] ability: Trace|[of] p1a: Ting-Lu
|-ability|p2a: Gardevoir|Vessel of Ruin
|turn|8
|
|t:|1769367305
|move|p2a: Gardevoir|Moonblast|p1a: Ting-Lu
|-supereffective|p1a: Ting-Lu
|-damage|p1a: Ting-Lu|42/100
|-unboost|p1a: Ting-Lu|spa|1
|move|p1a: Ting-Lu|Earthquake|p2a: Gardevoir
|-damage|p2a: Gardevoir|40/100
|
|-heal|p1a: Ting-Lu|48/100|[from] item: Leftovers
|-fieldend|move: Psychic Terrain
|upkeep
|turn|9
|
|t:|1769367315
|-terastallize|p1a: Ting-Lu|Poison
|move|p2a: Gardevoir|Moonblast|p1a: Ting-Lu
|-resisted|p1a: Ting-Lu
|-damage|p1a: Ting-Lu|33/100
|-unboost|p1a: Ting-Lu|spa|1
|move|p1a: Ting-Lu|Earthquake|p2a: Gardevoir
|-damage|p2a: Gardevoir|0 fnt
|faint|p2a: Gardevoir
|
|-heal|p1a: Ting-Lu|40/100|[from] item: Leftovers
|upkeep
|
|t:|1769367320
|switch|p2a: Flygon|Flygon, M|100/100
|turn|10
|
|t:|1769367325
|switch|p1a: Corviknight|Corviknight, F|100/100
|-ability|p1a: Corviknight|Pressure
|move|p2a: Flygon|Outrage|p1a: Corviknight
|-resisted|p1a: Corviknight
|-damage|p1a: Corviknight|77/100
|-damage|p2a: Flygon|84/100|[from] item: Rocky Helmet|[of] p1a: Corviknight
|
|upkeep
|turn|11
|
|t:|1769367329
|move|p2a: Flygon|Outrage|p1a: Corviknight|[from] lockedmove
|-resisted|p1a: Corviknight
|-damage|p1a: Corviknight|50/100
|-damage|p2a: Flygon|67/100|[from] item: Rocky Helmet|[of] p1a: Corviknight
|move|p1a: Corviknight|U-turn|p2a: Flygon
|-damage|p2a: Flygon|49/100
|
|t:|1769367333
|switch|p1a: Walking Wake|Walking Wake|100/100|[from] U-turn
|
|upkeep
|turn|12
|
|t:|1769367338
|move|p1a: Walking Wake|Hydro Steam|p2a: Flygon
|-damage|p2a: Flygon|0 fnt
|faint|p2a: Flygon
|
|upkeep
|
|t:|1769367341
|switch|p2a: Magnemite|Magnemite|100/100
|turn|13
|
|t:|1769367344
|move|p1a: Walking Wake|Hydro Steam|p2a: Magnemite
|-ability|p2a: Magnemite|Sturdy
|-damage|p2a: Magnemite|1/100
|move|p2a: Magnemite|Lock-On|p1a: Walking Wake
|-activate|p2a: Magnemite|move: Lock-On|[of] p1a: Walking Wake
|
|upkeep
|turn|14
|-enditem|p2a: Magnemite|Custap Berry|[eat]
|-activate|p2a: Magnemite|item: Custap Berry|[consumed]
|
|t:|1769367352
|-terastallize|p2a: Magnemite|Electric
|move|p2a: Magnemite|Zap Cannon|p1a: Walking Wake
|-crit|p1a: Walking Wake
|-damage|p1a: Walking Wake|0 fnt
|faint|p1a: Walking Wake
|-end|p1a: Walking Wake|Protosynthesis|[silent]
|
|upkeep
|
|t:|1769367358
|switch|p1a: Iron Moth|Iron Moth|100/100
|-enditem|p1a: Iron Moth|Booster Energy
|-activate|p1a: Iron Moth|ability: Quark Drive|[fromitem]
|-start|p1a: Iron Moth|quarkdrivespe
|turn|15
|-message|ArvenDs forfeited.
|
|win|Orange74
|raw|Orange74's rating: 1242 &rarr; <strong>1269</strong><br />(+27 for winning)
|raw|ArvenDs's rating: 1272 &rarr; <strong>1245</strong><br />(-27 for losing)
|l|☆ArvenDs
|player|p2|
|c|☆Orange74|that magnemite set is funny
|l|☆Orange74
|player|p1|
