|j|☆BentoBo
|j|☆Marwan072005
|t:|1769294330
|gametype|singles
|player|p1|BentoBo|giovanni|1064
|player|p2|Marwan072005|buck|1062
|gen|9
|tier|[Gen 9] OU
|rated|
|rule|HP Percentage Mod: HP is shown in percentages
|rule|Endless Battle Clause: Forcing endless battles is banned
|rule|Species Clause: Limit one of each Pokémon
|rule|OHKO Clause: OHKO moves are banned
|rule|Evasion Items Clause: Evasion items are banned
|rule|Evasion Moves Clause: Evasion moves are banned
|rule|Evasion Abilities Clause: Evasion abilities are banned
|rule|Sleep Moves Clause: Sleep-inducing moves are banned
|clearpoke
|poke|p1|Flareon, F|
|poke|p1|Vaporeon, F|
|poke|p1|Jolteon, M|
|poke|p1|Eevee, M|
|poke|p1|Kingambit, M|
|poke|p1|Mabosstiff, M|
|poke|p2|Torkoal, M|
|poke|p2|Gholdengo|
|poke|p2|Pelipper, M|
|poke|p2|Serperior, F|
|poke|p2|Kingambit, M|
|poke|p2|Lilligant-Hisui, F|
|teampreview
|inactive|Battle timer is ON: inactive players will automatically lose when time's up. (requested by BentoBo)
|
|t:|1769294341
|teamsize|p1|6
|teamsize|p2|6
|start
|switch|p1a: Jolteon|Jolteon, M|100/100
|switch|p2a: Torkoal|Torkoal, M, shiny|100/100
|-weather|SunnyDay|[from] ability: Drought|[of] p2a: Torkoal
|turn|1
|
|t:|1769294349
|move|p1a: Jolteon|Calm Mind|p1a: Jolteon
|-boost|p1a: Jolteon|spa|1
|-boost|p1a: Jolteon|spd|1
|move|p2a: Torkoal|Will-O-Wisp|p1a: Jolteon
|-status|p1a: Jolteon|brn
|
|-weather|SunnyDay|[upkeep]
|-damage|p1a: Jolteon|95/100 brn|[from] brn
|upkeep
|turn|2
|
|t:|1769294356
|move|p1a: Jolteon|Calm Mind|p1a: Jolteon
|-boost|p1a: Jolteon|spa|1
|-boost|p1a: Jolteon|spd|1
|move|p2a: Torkoal|Earth Power|p1a: Jolteon
|-supereffective|p1a: Jolteon
|-damage|p1a: Jolteon|59/100 brn
|
|-weather|SunnyDay|[upkeep]
|-damage|p1a: Jolteon|53/100 brn|[from] brn
|upkeep
|turn|3
|
|t:|1769294359
|move|p1a: Jolteon|Thunderbolt|p2a: Torkoal
|-damage|p2a: Torkoal|0 fnt
|faint|p2a: Torkoal
|
|-weather|SunnyDay|[upkeep]
|-damage|p1a: Jolteon|47/100 brn|[from] brn
|upkeep
|
|t:|1769294365
|switch|p2a: Lilligant|Lilligant-Hisui, F, shiny|100/100
|turn|4
|
|t:|1769294373
|move|p2a: Lilligant|Solar Blade||[still]
|-prepare|p2a: Lilligant|Solar Blade
|-anim|p2a: Lilligant|Solar Blade|p1a: Jolteon
|-damage|p1a: Jolteon|0 fnt
|faint|p1a: Jolteon
|
|-weather|SunnyDay|[upkeep]
|upkeep
|
|t:|1769294383
|switch|p1a: Eevee|Eevee, M|100/100
|turn|5
|
|t:|1769294392
|move|p1a: Eevee|Protect|p1a: Eevee
|-singleturn|p1a: Eevee|Protect
|move|p2a: Lilligant|Victory Dance|p2a: Lilligant
|-boost|p2a: Lilligant|atk|1
|-boost|p2a: Lilligant|def|1
|-boost|p2a: Lilligant|spe|1
|
|-weather|none
|upkeep
|turn|6
|inactive|Marwan072005 has 120 seconds left.
|
|t:|1769294426
|move|p2a: Lilligant|Brick Break|p1a: Eevee
|-supereffective|p1a: Eevee
|-enditem|p1a: Eevee|Focus Sash
|-damage|p1a: Eevee|1/100
|move|p1a: Eevee|Last Resort|p2a: Lilligant
|-damage|p2a: Lilligant|31/100
|
|upkeep
|turn|7
|
|t:|1769294442
|-terastallize|p1a: Eevee|Ghost
|move|p2a: Lilligant|Brick Break|p1a: Eevee
|-immune|p1a: Eevee
|move|p1a: Eevee|Last Resort|p2a: Lilligant
|-damage|p2a: Lilligant|0 fnt
|faint|p2a: Lilligant
|
|upkeep
|
|t:|1769294448
|switch|p2a: Serperior|Serperior, F, shiny|100/100
|turn|8
|c|☆BentoBo|Hell yea Eevee fuck em up
|c|☆Marwan072005|yeah hahahah
|
|t:|1769294472
|move|p2a: Serperior|Leaf Storm|p1a: Eevee
|-damage|p1a: Eevee|0 fnt
|-boost|p2a: Serperior|spa|2
|faint|p1a: Eevee
|
|upkeep
|
|t:|1769294483
|switch|p1a: Mabosstiff|Mabosstiff, M|100/100
|turn|9
|
|t:|1769294486
|move|p2a: Serperior|Leaf Storm|p1a: Mabosstiff
|-damage|p1a: Mabosstiff|45/100
|-boost|p2a: Serperior|spa|2
|move|p1a: Mabosstiff|Retaliate|p2a: Serperior
|-damage|p2a: Serperior|42/100
|
|upkeep
|turn|10
|
|t:|1769294498
|move|p2a: Serperior|Leaf Storm|p1a: Mabosstiff
|-damage|p1a: Mabosstiff|0 fnt
|-boost|p2a: Serperior|spa|2
|faint|p1a: Mabosstiff
|
|upkeep
|
|t:|1769294502
|switch|p1a: Flareon|Flareon, F|100/100
|turn|11
|
|t:|1769294505
|move|p2a: Serperior|Glare|p1a: Flareon
|-status|p1a: Flareon|par
|move|p1a: Flareon|Flame Charge|p2a: Serperior
|-supereffective|p2a: Serperior
|-damage|p2a: Serperior|0 fnt
|-boost|p1a: Flareon|spe|1
|faint|p2a: Serperior
|
|upkeep
|
|t:|1769294512
|switch|p2a: Pelipper|Pelipper, M, shiny|100/100
|-weather|RainDance|[from] ability: Drizzle|[of] p2a: Pelipper
|turn|12
|
|t:|1769294515
|switch|p1a: Vaporeon|Vaporeon, F|100/100
|move|p2a: Pelipper|Tailwind|p2a: Pelipper
|-sidestart|p2: Marwan072005|move: Tailwind
|
|-weather|RainDance|[upkeep]
|upkeep
|turn|13
|
|t:|1769294537
|move|p2a: Pelipper|Hurricane|p1a: Vaporeon
|-damage|p1a: Vaporeon|58/100
|move|p1a: Vaporeon|Substitute|p1a: Vaporeon
|-start|p1a: Vaporeon|Substitute
|-damage|p1a: Vaporeon|33/100
|
|-weather|RainDance|[upkeep]
|-heal|p1a: Vaporeon|40/100|[from] item: Leftovers
|upkeep
|turn|14
|
|t:|1769294542
|move|p2a: Pelipper|Hurricane|p1a: Vaporeon
|-end|p1a: Vaporeon|Substitute
|move|p1a: Vaporeon|Calm Mind|p1a: Vaporeon
|-boost|p1a: Vaporeon|spa|1
|-boost|p1a: Vaporeon|spd|1
|
|-weather|RainDance|[upkeep]
|-heal|p1a: Vaporeon|46/100|[from] item: Leftovers
|upkeep
|turn|15
|
|t:|1769294554
|move|p2a: Pelipper|Hurricane|p1a: Vaporeon
|-damage|p1a: Vaporeon|18/100
|move|p1a: Vaporeon|Scald|p2a: Pelipper
|-resisted|p2a: Pelipper
|-damage|p2a: Pelipper|37/100
|
|-weather|RainDance|[upkeep]
|-heal|p2a: Pelipper|43/100|[from] item: Leftovers
|-heal|p1a: Vaporeon|24/100|[from] item: Leftovers
|-sideend|p2: Marwan072005|move: Tailwind
|upkeep
|turn|16
|
|t:|1769294559
|move|p2a: Pelipper|Hurricane|p1a: Vaporeon
|-damage|p1a: Vaporeon|0 fnt
|faint|p1a: Vaporeon
|
|-weather|none
|-heal|p2a: Pelipper|49/100|[from] item: Leftovers
|upkeep
|
|t:|1769294563
|switch|p1a: Flareon|Flareon, F|100/100 par
|turn|17
|
|t:|1769294570
|switch|p2a: Gholdengo|Gholdengo, shiny|100/100
|move|p1a: Flareon|Flare Blitz|p2a: Gholdengo
|-supereffective|p2a: Gholdengo
|-damage|p2a: Gholdengo|0 fnt
|faint|p2a: Gholdengo
|-damage|p1a: Flareon|66/100 par|[from] Recoil
|
|upkeep
|c|☆Marwan072005|damn
|c|☆Marwan072005|wp man
|
|t:|1769294580
|switch|p2a: Pelipper|Pelipper, M, shiny|49/100
|-weather|RainDance|[from] ability: Drizzle|[of] p2a: Pelipper
|turn|18
|c|☆BentoBo|Thank you
|c|☆BentoBo|but you still got this W
|
|t:|1769294595
|move|p1a: Flareon|Quick Attack|p2a: Pelipper
|-damage|p2a: Pelipper|32/100
|move|p2a: Pelipper|Weather Ball|p1a: Flareon
|-supereffective|p1a: Flareon
|-damage|p1a: Flareon|0 fnt
|faint|p1a: Flareon
|
|-weather|RainDance|[upkeep]
|-heal|p2a: Pelipper|38/100|[from] item: Leftovers
|upkeep
|
|t:|1769294598
|switch|p1a: Kingambit|Kingambit, M|100/100
|-activate|p1a: Kingambit|ability: Supreme Overlord
|-start|p1a: Kingambit|fallen5|[silent]
|turn|19
|c|☆Marwan072005|u played really good anyways
|
|t:|1769294616
|move|p2a: Pelipper|Tailwind|p2a: Pelipper
|-sidestart|p2: Marwan072005|move: Tailwind
|move|p1a: Kingambit|Swords Dance|p1a: Kingambit
|-boost|p1a: Kingambit|atk|2
|
|-weather|RainDance|[upkeep]
|-heal|p2a: Pelipper|44/100|[from] item: Leftovers
|upkeep
|turn|20
|
|t:|1769294636
|move|p1a: Kingambit|Sucker Punch|p2a: Pelipper
|-damage|p2a: Pelipper|0 fnt
|faint|p2a: Pelipper
|-damage|p1a: Kingambit|91/100|[from] item: Life Orb
|
|-weather|RainDance|[upkeep]
|upkeep
|l|☆Marwan072005
|inactive|Marwan072005 disconnected and has a minute to reconnect!
|player|p2|
|inactive|Marwan072005 has 30 seconds to reconnect!
|inactive|Marwan072005 has 20 seconds to reconnect!
|inactive|Marwan072005 has 15 seconds to reconnect!
|inactive|Marwan072005 has 10 seconds to reconnect!
|inactive|Marwan072005 has 5 seconds to reconnect!
|-message|Marwan072005 lost due to inactivity.
|
|win|BentoBo
|raw|BentoBo's rating: 1064 &rarr; <strong>1094</strong><br />(+30 for winning)
|raw|Marwan072005's rating: 1062 &rarr; <strong>1043</strong><br />(-19 for losing)
|l|☆BentoBo
|player|p1|
