|j|☆Wifegonefishplenty
|j|☆kahuai
|t:|1769428847
|gametype|singles
|player|p1|Wifegonefishplenty|fisherman|1180
|player|p2|kahuai|steven|1140
|gen|9
|tier|[Gen 9] OU
|rated|
|rule|HP Percentage Mod: HP is shown in percentages
|rule|Endless Battle Clause: Forcing endless battles is banned
|rule|Species Clause: Limit one of each Pokémon
|rule|OHKO Clause: OHKO moves are banned
|rule|Evasion Items Clause: Evasion items are banned
|rule|Evasion Moves Clause: Evasion moves are banned
|rule|Evasion Abilities Clause: Evasion abilities are banned
|rule|Sleep Moves Clause: Sleep-inducing moves are banned
|clearpoke
|poke|p1|Yanmega, M|
|poke|p1|Kommo-o, M|
|poke|p1|Gengar, M|
|poke|p1|Basculin-Blue-Striped, F|
|poke|p1|Thundurus, M|
|poke|p1|Drednaw, M|
|poke|p2|Muk-Alola, M|
|poke|p2|Kleavor, M|
|poke|p2|Iron Hands|
|poke|p2|Yanmega, M|
|poke|p2|Chandelure, M|
|poke|p2|Volcanion|
|teampreview
|inactive|Battle timer is ON: inactive players will automatically lose when time's up. (requested by Wifegonefishplenty)
|
|t:|1769428852
|teamsize|p1|6
|teamsize|p2|6
|start
|switch|p1a: Jet engine|Yanmega, M|100/100
|switch|p2a: Kleavor|Kleavor, M|100/100
|turn|1
|
|t:|1769428858
|move|p1a: Jet engine|Protect|p1a: Jet engine
|-singleturn|p1a: Jet engine|Protect
|move|p2a: Kleavor|Stone Axe|p1a: Jet engine
|-activate|p1a: Jet engine|move: Protect
|
|-ability|p1a: Jet engine|Speed Boost|boost
|-boost|p1a: Jet engine|spe|1
|upkeep
|turn|2
|
|t:|1769428864
|move|p1a: Jet engine|Air Slash|p2a: Kleavor
|-damage|p2a: Kleavor|24/100
|-damage|p1a: Jet engine|91/100|[from] item: Life Orb
|move|p2a: Kleavor|Stone Axe|p1a: Jet engine
|-supereffective|p1a: Jet engine
|-damage|p1a: Jet engine|0 fnt
|-sidestart|p1: Wifegonefishplenty|move: Stealth Rock
|faint|p1a: Jet engine
|
|upkeep
|
|t:|1769428868
|switch|p1a: Honoured fish|Basculin-Blue-Striped, F|100/100
|-damage|p1a: Honoured fish|88/100|[from] Stealth Rock
|turn|3
|
|t:|1769428876
|move|p1a: Honoured fish|Wave Crash|p2a: Kleavor
|-supereffective|p2a: Kleavor
|-damage|p2a: Kleavor|0 fnt
|faint|p2a: Kleavor
|-damage|p1a: Honoured fish|78/100|[from] item: Life Orb
|
|upkeep
|
|t:|1769428882
|switch|p2a: Volcanion|Volcanion|100/100
|turn|4
|
|t:|1769428885
|move|p1a: Honoured fish|Head Smash|p2a: Volcanion
|-supereffective|p2a: Volcanion
|-damage|p2a: Volcanion|2/100
|-damage|p1a: Honoured fish|68/100|[from] item: Life Orb
|move|p2a: Volcanion|Will-O-Wisp|p1a: Honoured fish
|-status|p1a: Honoured fish|brn
|
|-damage|p1a: Honoured fish|62/100 brn|[from] brn
|upkeep
|turn|5
|
|t:|1769428894
|switch|p2a: Iron Hands|Iron Hands|100/100
|-enditem|p2a: Iron Hands|Booster Energy
|-activate|p2a: Iron Hands|ability: Quark Drive|[fromitem]
|-start|p2a: Iron Hands|quarkdriveatk
|move|p1a: Honoured fish|Head Smash|p2a: Iron Hands
|-resisted|p2a: Iron Hands
|-damage|p2a: Iron Hands|92/100
|-damage|p1a: Honoured fish|52/100 brn|[from] item: Life Orb
|
|-damage|p1a: Honoured fish|46/100 brn|[from] brn
|upkeep
|turn|6
|c|☆Wifegonefishplenty|Walk em down and take em to unova
|
|t:|1769428908
|move|p2a: Iron Hands|Fake Out|p1a: Honoured fish
|-damage|p1a: Honoured fish|13/100 brn
|cant|p1a: Honoured fish|flinch
|
|-damage|p1a: Honoured fish|7/100 brn|[from] brn
|upkeep
|turn|7
|
|t:|1769428913
|move|p1a: Honoured fish|Psychic Fangs|p2a: Iron Hands
|-supereffective|p2a: Iron Hands
|-damage|p2a: Iron Hands|73/100
|-damage|p1a: Honoured fish|0 fnt|[from] item: Life Orb
|faint|p1a: Honoured fish
|move|p2a: Iron Hands|Drain Punch|p1: Honoured fish|[notarget]
|-fail|p2a: Iron Hands
|
|upkeep
|
|t:|1769428918
|switch|p1a: Big man upstairs|Thundurus, M|100/100
|turn|8
|
|t:|1769428923
|move|p1a: Big man upstairs|Grass Knot|p2a: Iron Hands
|-damage|p2a: Iron Hands|35/100
|move|p2a: Iron Hands|Wild Charge|p1a: Big man upstairs
|-damage|p1a: Big man upstairs|0 fnt
|faint|p1a: Big man upstairs
|-damage|p2a: Iron Hands|20/100|[from] Recoil
|
|upkeep
|
|t:|1769428927
|switch|p1a: Thing|Gengar, M|100/100
|-damage|p1a: Thing|88/100|[from] Stealth Rock
|-item|p1a: Thing|Air Balloon
|turn|9
|
|t:|1769428931
|move|p1a: Thing|Sludge Wave|p2a: Iron Hands
|-damage|p2a: Iron Hands|0 fnt
|faint|p2a: Iron Hands
|-end|p2a: Iron Hands|Quark Drive|[silent]
|
|upkeep
|
|t:|1769428935
|switch|p2a: Muk|Muk-Alola, M|100/100
|turn|10
|
|t:|1769428939
|move|p1a: Thing|Nasty Plot|p1a: Thing
|-boost|p1a: Thing|spa|2
|move|p2a: Muk|Knock Off|p1a: Thing
|-supereffective|p1a: Thing
|-damage|p1a: Thing|0 fnt
|-start|p2a: Muk|Disable|Knock Off|[from] ability: Cursed Body|[of] p1a: Thing
|-enditem|p1a: Thing|Air Balloon
|faint|p1a: Thing
|
|upkeep
|
|t:|1769428942
|switch|p1a: My lawd|Drednaw, M|100/100
|-damage|p1a: My lawd|88/100|[from] Stealth Rock
|turn|11
|c|☆kahuai|Why would u even doo thatt
|
|t:|1769428962
|move|p1a: My lawd|Shell Smash|p1a: My lawd
|-unboost|p1a: My lawd|def|1
|-unboost|p1a: My lawd|spd|1
|-boost|p1a: My lawd|atk|2
|-boost|p1a: My lawd|spa|2
|-boost|p1a: My lawd|spe|2
|-enditem|p1a: My lawd|White Herb
|-clearnegativeboost|p1a: My lawd|[silent]
|move|p2a: Muk|Poison Jab|p1a: My lawd
|-resisted|p1a: My lawd
|-damage|p1a: My lawd|65/100
|-status|p1a: My lawd|psn|[from] ability: Poison Touch|[of] p2a: Muk
|
|-damage|p1a: My lawd|53/100 psn|[from] psn
|upkeep
|turn|12
|c|☆kahuai|U win
|
|t:|1769428976
|move|p1a: My lawd|Ice Fang|p2a: Muk
|-damage|p2a: Muk|29/100
|move|p2a: Muk|Ice Punch|p1a: My lawd
|-resisted|p1a: My lawd
|-damage|p1a: My lawd|38/100 psn
|
|-heal|p2a: Muk|35/100|[from] item: Black Sludge
|-damage|p1a: My lawd|26/100 psn|[from] psn
|upkeep
|turn|13
|
|t:|1769428979
|move|p1a: My lawd|Ice Fang|p2a: Muk
|-damage|p2a: Muk|0 fnt
|faint|p2a: Muk
|
|-damage|p1a: My lawd|13/100 psn|[from] psn
|upkeep
|
|t:|1769428984
|switch|p2a: Volcanion|Volcanion|2/100
|turn|14
|
|t:|1769428991
|move|p1a: My lawd|Crunch|p2a: Volcanion
|-damage|p2a: Volcanion|0 fnt
|faint|p2a: Volcanion
|
|-damage|p1a: My lawd|1/100 psn|[from] psn
|upkeep
|c|☆kahuai|Cmon mate
|
|t:|1769429004
|switch|p2a: Yanmega|Yanmega, M|100/100
|turn|15
|
|t:|1769429009
|-terastallize|p2a: Yanmega|Fire
|move|p1a: My lawd|Ice Fang|p2a: Yanmega
|-resisted|p2a: Yanmega
|-damage|p2a: Yanmega|56/100
|move|p2a: Yanmega|Bug Buzz|p1a: My lawd
|-damage|p1a: My lawd|0 fnt
|faint|p1a: My lawd
|
|-ability|p2a: Yanmega|Speed Boost|boost
|-boost|p2a: Yanmega|spe|1
|upkeep
|
|t:|1769429013
|switch|p1a: Best dragon|Kommo-o, M|100/100
|-damage|p1a: Best dragon|94/100|[from] Stealth Rock
|turn|16
|
|t:|1769429018
|-terastallize|p1a: Best dragon|Fairy
|move|p2a: Yanmega|Air Slash|p1a: Best dragon
|-damage|p1a: Best dragon|36/100
|cant|p1a: Best dragon|flinch
|
|-heal|p1a: Best dragon|42/100|[from] item: Leftovers
|-ability|p2a: Yanmega|Speed Boost|boost
|-boost|p2a: Yanmega|spe|1
|upkeep
|turn|17
|
|t:|1769429025
|move|p2a: Yanmega|Air Slash|p1a: Best dragon
|-damage|p1a: Best dragon|0 fnt
|faint|p1a: Best dragon
|
|win|kahuai
|raw|Wifegonefishplenty's rating: 1180 &rarr; <strong>1152</strong><br />(-28 for losing)
|raw|kahuai's rating: 1140 &rarr; <strong>1168</strong><br />(+28 for winning)
|l|☆Wifegonefishplenty
|player|p1|
|c|☆kahuai|Ggs
|l|☆kahuai
|player|p2|
