|badge|p1|bronze|gen9ou|100-8
|uhtml|medal-msg|<div class="broadcast-blue">Curious what those medals under the avatar are? PS now has Ladder Seasons! For more information, check out the <a href="https://www.smogon.com/forums/threads/3740067/">thread on Smogon.</a></div>
|badge|p2|bronze|gen9ou|100-8
|uhtml|medal-msg|<div class="broadcast-blue">Curious what those medals under the avatar are? PS now has Ladder Seasons! For more information, check out the <a href="https://www.smogon.com/forums/threads/3740067/">thread on Smogon.</a></div>
|j|☆peakiechu
|j|☆Audio Peel
|t:|1769298446
|gametype|singles
|player|p1|peakiechu|pokekid|1842
|player|p2|Audio Peel|fisherman-gen4|1821
|gen|9
|tier|[Gen 9] OU
|rated|
|rule|HP Percentage Mod: HP is shown in percentages
|rule|Endless Battle Clause: Forcing endless battles is banned
|rule|Species Clause: Limit one of each Pokémon
|rule|OHKO Clause: OHKO moves are banned
|rule|Evasion Items Clause: Evasion items are banned
|rule|Evasion Moves Clause: Evasion moves are banned
|rule|Evasion Abilities Clause: Evasion abilities are banned
|rule|Sleep Moves Clause: Sleep-inducing moves are banned
|clearpoke
|poke|p1|Clodsire, M|
|poke|p1|Toxapex, M|
|poke|p1|Corviknight, M|
|poke|p1|Garganacl, M|
|poke|p1|Clefable, F|
|poke|p1|Gliscor, M|
|poke|p2|Zamazenta-*|
|poke|p2|Hatterene, F|
|poke|p2|Iron Treads|
|poke|p2|Zapdos|
|poke|p2|Samurott-Hisui, F|
|poke|p2|Pecharunt|
|teampreview
|inactive|Battle timer is ON: inactive players will automatically lose when time's up. (requested by Audio Peel)
|
|t:|1769298456
|teamsize|p1|6
|teamsize|p2|6
|start
|switch|p1a: interesting choice|Gliscor, M|100/100
|switch|p2a: Samurott|Samurott-Hisui, F, shiny|100/100
|turn|1
|
|t:|1769298463
|move|p1a: interesting choice|Protect|p1a: interesting choice
|-singleturn|p1a: interesting choice|Protect
|move|p2a: Samurott|Aqua Cutter|p1a: interesting choice
|-activate|p1a: interesting choice|move: Protect
|
|-status|p1a: interesting choice|tox|[from] item: Toxic Orb
|upkeep
|turn|2
|
|t:|1769298472
|-terastallize|p1a: interesting choice|Steel
|move|p1a: interesting choice|Toxic|p2a: Samurott
|-status|p2a: Samurott|tox
|move|p2a: Samurott|Aqua Cutter|p1a: interesting choice
|-crit|p1a: interesting choice
|-damage|p1a: interesting choice|14/100 tox
|
|-heal|p1a: interesting choice|27/100 tox|[from] ability: Poison Heal
|-damage|p2a: Samurott|94/100 tox|[from] psn
|upkeep
|turn|3
|
|t:|1769298483
|switch|p2a: Iron Treads|Iron Treads, shiny|100/100
|-item|p2a: Iron Treads|Air Balloon
|move|p1a: interesting choice|Protect||[still]
|-fail|p1a: interesting choice
|
|-heal|p1a: interesting choice|39/100 tox|[from] ability: Poison Heal
|upkeep
|turn|4
|
|t:|1769298492
|move|p1a: interesting choice|Substitute|p1a: interesting choice
|-start|p1a: interesting choice|Substitute
|-damage|p1a: interesting choice|14/100 tox
|move|p2a: Iron Treads|Stealth Rock|p1a: interesting choice
|-sidestart|p1: peakiechu|move: Stealth Rock
|
|-heal|p1a: interesting choice|27/100 tox|[from] ability: Poison Heal
|upkeep
|turn|5
|
|t:|1769298499
|move|p1a: interesting choice|Protect|p1a: interesting choice
|-singleturn|p1a: interesting choice|Protect
|move|p2a: Iron Treads|Knock Off|p1a: interesting choice
|-activate|p1a: interesting choice|move: Protect
|
|-heal|p1a: interesting choice|39/100 tox|[from] ability: Poison Heal
|upkeep
|turn|6
|
|t:|1769298508
|move|p1a: interesting choice|Knock Off|p2a: Iron Treads
|-damage|p2a: Iron Treads|85/100
|-enditem|p2a: Iron Treads|Air Balloon
|move|p2a: Iron Treads|Earthquake|p1a: interesting choice
|-supereffective|p1a: interesting choice
|-end|p1a: interesting choice|Substitute
|
|-heal|p1a: interesting choice|52/100 tox|[from] ability: Poison Heal
|upkeep
|turn|7
|
|t:|1769298520
|move|p1a: interesting choice|Protect|p1a: interesting choice
|-singleturn|p1a: interesting choice|Protect
|move|p2a: Iron Treads|Earthquake|p1a: interesting choice
|-activate|p1a: interesting choice|move: Protect
|
|-heal|p1a: interesting choice|64/100 tox|[from] ability: Poison Heal
|upkeep
|turn|8
|
|t:|1769298529
|switch|p1a: not yet|Corviknight, M|100/100
|-damage|p1a: not yet|88/100|[from] Stealth Rock
|-ability|p1a: not yet|Pressure
|move|p2a: Iron Treads|Earthquake|p1a: not yet
|-immune|p1a: not yet
|
|-heal|p1a: not yet|94/100|[from] item: Leftovers
|upkeep
|turn|9
|
|t:|1769298540
|move|p1a: not yet|Protect|p1a: not yet
|-singleturn|p1a: not yet|Protect
|move|p2a: Iron Treads|Knock Off|p1a: not yet
|-activate|p1a: not yet|move: Protect
|
|-heal|p1a: not yet|100/100|[from] item: Leftovers
|upkeep
|turn|10
|
|t:|1769298560
|move|p2a: Iron Treads|Knock Off|p1a: not yet
|-damage|p1a: not yet|80/100
|-enditem|p1a: not yet|Leftovers|[from] move: Knock Off|[of] p2a: Iron Treads
|move|p1a: not yet|Defog|p2a: Iron Treads
|-unboost|p2a: Iron Treads|evasion|1
|-sideend|p1: peakiechu|Stealth Rock|[from] move: Defog|[of] p1a: not yet
|
|upkeep
|turn|11
|
|t:|1769298568
|move|p2a: Iron Treads|Stealth Rock|p1a: not yet
|-sidestart|p1: peakiechu|move: Stealth Rock
|move|p1a: not yet|Defog|p2a: Iron Treads
|-unboost|p2a: Iron Treads|evasion|1
|-sideend|p1: peakiechu|Stealth Rock|[from] move: Defog|[of] p1a: not yet
|
|upkeep
|turn|12
|
|t:|1769298573
|move|p2a: Iron Treads|Knock Off|p1a: not yet
|-damage|p1a: not yet|68/100
|move|p1a: not yet|Brave Bird|p2a: Iron Treads
|-resisted|p2a: Iron Treads
|-damage|p2a: Iron Treads|72/100
|-damage|p1a: not yet|63/100|[from] Recoil
|
|upkeep
|turn|13
|
|t:|1769298581
|move|p2a: Iron Treads|Stealth Rock|p1a: not yet
|-sidestart|p1: peakiechu|move: Stealth Rock
|move|p1a: not yet|Defog|p2a: Iron Treads
|-unboost|p2a: Iron Treads|evasion|1
|-sideend|p1: peakiechu|Stealth Rock|[from] move: Defog|[of] p1a: not yet
|
|upkeep
|turn|14
|
|t:|1769298588
|move|p2a: Iron Treads|Stealth Rock|p1a: not yet
|-sidestart|p1: peakiechu|move: Stealth Rock
|move|p1a: not yet|Roost|p1a: not yet
|-heal|p1a: not yet|100/100
|-singleturn|p1a: not yet|move: Roost
|
|upkeep
|turn|15
|
|t:|1769298594
|-end|p2a: Iron Treads|Quark Drive|[silent]
|switch|p2a: Zapdos|Zapdos, shiny|100/100
|move|p1a: not yet|Defog|p2a: Zapdos
|-unboost|p2a: Zapdos|evasion|1
|-sideend|p1: peakiechu|Stealth Rock|[from] move: Defog|[of] p1a: not yet
|
|upkeep
|turn|16
|
|t:|1769298603
|switch|p2a: Samurott|Samurott-Hisui, F, shiny|94/100 tox
|switch|p1a: that’s rough|Clefable, F|100/100
|
|-damage|p2a: Samurott|88/100 tox|[from] psn
|upkeep
|turn|17
|
|t:|1769298611
|switch|p1a: fine|Toxapex, M|100/100
|move|p2a: Samurott|Ceaseless Edge|p1a: fine
|-damage|p1a: fine|59/100
|-sidestart|p1: peakiechu|Spikes
|
|-heal|p1a: fine|65/100|[from] item: Leftovers
|-damage|p2a: Samurott|76/100 tox|[from] psn
|upkeep
|turn|18
|
|t:|1769298621
|switch|p2a: Hatterene|Hatterene, F|100/100
|move|p1a: fine|Infestation|p2a: Hatterene
|-damage|p2a: Hatterene|99/100
|-activate|p2a: Hatterene|move: Infestation|[of] p1a: fine
|
|-heal|p1a: fine|72/100|[from] item: Leftovers
|-damage|p2a: Hatterene|86/100|[from] move: Infestation|[partiallytrapped]
|upkeep
|turn|19
|inactive|Audio Peel has 120 seconds left.
|
|t:|1769298659
|move|p1a: fine|Baneful Bunker|p1a: fine
|-singleturn|p1a: fine|move: Protect
|move|p2a: Hatterene|Psychic Noise|p1a: fine
|-activate|p1a: fine|move: Protect
|
|-heal|p1a: fine|78/100|[from] item: Leftovers
|-damage|p2a: Hatterene|74/100|[from] move: Infestation|[partiallytrapped]
|upkeep
|turn|20
|
|t:|1769298669
|move|p1a: fine|Poison Jab|p2a: Hatterene
|-supereffective|p2a: Hatterene
|-damage|p2a: Hatterene|27/100
|move|p2a: Hatterene|Psychic Noise|p1a: fine
|-supereffective|p1a: fine
|-damage|p1a: fine|16/100
|-start|p1a: fine|move: Heal Block
|
|-damage|p2a: Hatterene|15/100|[from] move: Infestation|[partiallytrapped]
|upkeep
|turn|21
|
|t:|1769298680
|move|p1a: fine|Poison Jab|p2a: Hatterene
|-supereffective|p2a: Hatterene
|-damage|p2a: Hatterene|0 fnt
|faint|p2a: Hatterene
|
|-end|p1a: fine|move: Heal Block
|upkeep
|j| pacdan111
|
|t:|1769298687
|switch|p2a: Samurott|Samurott-Hisui, F, shiny|76/100 tox
|turn|22
|
|t:|1769298691
|-terastallize|p2a: Samurott|Water
|move|p1a: fine|Baneful Bunker|p1a: fine
|-singleturn|p1a: fine|move: Protect
|move|p2a: Samurott|Aqua Cutter|p1a: fine
|-activate|p1a: fine|move: Protect
|
|-heal|p1a: fine|22/100|[from] item: Leftovers
|-damage|p2a: Samurott|69/100 tox|[from] psn
|upkeep
|turn|23
|inactive|peakiechu has 120 seconds left.
|
|t:|1769298721
|switch|p1a: interesting choice|Gliscor, M, tera:Steel|64/100 tox
|-damage|p1a: interesting choice|52/100 tox|[from] Spikes
|move|p2a: Samurott|Aqua Cutter|p1a: interesting choice
|-damage|p1a: interesting choice|0 fnt
|faint|p1a: interesting choice
|
|-damage|p2a: Samurott|57/100 tox|[from] psn
|upkeep
|inactive|peakiechu has 120 seconds left.
|
|t:|1769298732
|switch|p1a: fine|Toxapex, M|55/100
|-damage|p1a: fine|43/100|[from] Spikes
|turn|24
|j| Durk27
|
|t:|1769298736
|switch|p2a: Iron Treads|Iron Treads, shiny|72/100
|move|p1a: fine|Recover|p1a: fine
|-heal|p1a: fine|93/100
|
|-heal|p1a: fine|99/100|[from] item: Leftovers
|upkeep
|turn|25
|
|t:|1769298747
|-end|p2a: Iron Treads|Quark Drive|[silent]
|switch|p2a: Zapdos|Zapdos, shiny|100/100
|move|p1a: fine|Infestation|p2a: Zapdos
|-resisted|p2a: Zapdos
|-damage|p2a: Zapdos|99/100
|-activate|p2a: Zapdos|move: Infestation|[of] p1a: fine
|
|-heal|p1a: fine|100/100|[from] item: Leftovers
|-damage|p2a: Zapdos|87/100|[from] move: Infestation|[partiallytrapped]
|upkeep
|turn|26
|
|t:|1769298757
|move|p1a: fine|Baneful Bunker|p1a: fine
|-singleturn|p1a: fine|move: Protect
|move|p2a: Zapdos|Volt Switch|p1a: fine
|-activate|p1a: fine|move: Protect
|
|-damage|p2a: Zapdos|74/100|[from] move: Infestation|[partiallytrapped]
|upkeep
|turn|27
|
|t:|1769298766
|switch|p1a: ok|Clodsire, M|100/100
|move|p2a: Zapdos|Volt Switch|p1a: ok
|-immune|p1a: ok
|
|-end|p2a: Zapdos|Infestation|[partiallytrapped]|[silent]
|upkeep
|turn|28
|
|t:|1769298773
|switch|p2a: Samurott|Samurott-Hisui, F, shiny, tera:Water|57/100 tox
|move|p1a: ok|Spikes|p2a: Samurott
|-sidestart|p2: Audio Peel|Spikes
|
|-damage|p2a: Samurott|51/100 tox|[from] psn
|upkeep
|turn|29
|
|t:|1769298781
|switch|p1a: fine|Toxapex, M|100/100
|-damage|p1a: fine|88/100|[from] Spikes
|move|p2a: Samurott|Ceaseless Edge|p1a: fine
|-damage|p1a: fine|45/100
|-sidestart|p1: peakiechu|Spikes
|
|-heal|p1a: fine|51/100|[from] item: Leftovers
|-damage|p2a: Samurott|38/100 tox|[from] psn
|upkeep
|turn|30
|
|t:|1769298792
|switch|p2a: Iron Treads|Iron Treads, shiny|72/100
|-damage|p2a: Iron Treads|60/100|[from] Spikes
|move|p1a: fine|Recover|p1a: fine
|-heal|p1a: fine|100/100
|
|upkeep
|turn|31
|
|t:|1769298799
|switch|p1a: not yet|Corviknight, M|100/100
|-ability|p1a: not yet|Pressure
|move|p2a: Iron Treads|Stealth Rock|p1a: not yet
|-sidestart|p1: peakiechu|move: Stealth Rock
|
|upkeep
|turn|32
|
|t:|1769298806
|-end|p2a: Iron Treads|Quark Drive|[silent]
|switch|p2a: Zapdos|Zapdos, shiny|74/100
|move|p1a: not yet|Defog|p2a: Zapdos
|-unboost|p2a: Zapdos|evasion|1
|-sideend|p2: Audio Peel|Spikes|[from] move: Defog|[of] p1a: not yet
|-sideend|p1: peakiechu|Spikes|[from] move: Defog|[of] p1a: not yet
|-sideend|p1: peakiechu|Stealth Rock|[from] move: Defog|[of] p1a: not yet
|
|upkeep
|turn|33
|
|t:|1769298814
|switch|p1a: ok|Clodsire, M|100/100
|move|p2a: Zapdos|Volt Switch|p1a: ok
|-immune|p1a: ok
|
|upkeep
|turn|34
|
|t:|1769298820
|move|p2a: Zapdos|Heat Wave|p1a: ok
|-damage|p1a: ok|83/100
|move|p1a: ok|Spikes|p2a: Zapdos
|-sidestart|p2: Audio Peel|Spikes
|
|upkeep
|turn|35
|
|t:|1769298826
|move|p2a: Zapdos|Heat Wave|p1a: ok
|-damage|p1a: ok|68/100
|move|p1a: ok|Poison Jab|p2a: Zapdos
|-damage|p2a: Zapdos|52/100
|
|upkeep
|turn|36
|
|t:|1769298832
|move|p2a: Zapdos|Heat Wave|p1a: ok
|-damage|p1a: ok|50/100
|move|p1a: ok|Recover|p1a: ok
|-heal|p1a: ok|99/100
|
|upkeep
|turn|37
|-message|Audio Peel forfeited.
|
|win|peakiechu
|raw|peakiechu's rating: 1842 &rarr; <strong>1861</strong><br />(+19 for winning)
|raw|Audio Peel's rating: 1821 &rarr; <strong>1802</strong><br />(-19 for losing)
|l|☆Audio Peel
|player|p2|
|l|☆peakiechu
|player|p1|
|l| pacdan111
