|j|☆Unishper
|j|☆DogShed
|t:|1769398662
|gametype|singles
|player|p1|Unishper|2|1320
|player|p2|DogShed|102|1324
|gen|9
|tier|[Gen 9] OU
|rated|
|rule|HP Percentage Mod: HP is shown in percentages
|rule|Endless Battle Clause: Forcing endless battles is banned
|rule|Species Clause: Limit one of each Pokémon
|rule|OHKO Clause: OHKO moves are banned
|rule|Evasion Items Clause: Evasion items are banned
|rule|Evasion Moves Clause: Evasion moves are banned
|rule|Evasion Abilities Clause: Evasion abilities are banned
|rule|Sleep Moves Clause: Sleep-inducing moves are banned
|clearpoke
|poke|p1|Torkoal, F|
|poke|p1|Lilligant-Hisui, F|
|poke|p1|Charizard, F|
|poke|p1|Walking Wake|
|poke|p1|Garganacl, F|
|poke|p1|Raging Bolt|
|poke|p2|Great Tusk|
|poke|p2|Mabosstiff, M|
|poke|p2|Slowking-Galar, F|
|poke|p2|Dragapult, M|
|poke|p2|Iron Valiant|
|poke|p2|Alomomola, M|
|teampreview
|j| orectolobiformes
|j| SilverEscaper
|
|t:|1769398693
|teamsize|p1|6
|teamsize|p2|6
|start
|switch|p1a: Torkoal|Torkoal, F|100/100
|switch|p2a: Brilliant Behemoth|Great Tusk|100/100
|-weather|SunnyDay|[from] ability: Drought|[of] p1a: Torkoal
|-activate|p2a: Brilliant Behemoth|ability: Protosynthesis
|-start|p2a: Brilliant Behemoth|protosynthesisspe
|turn|1
|
|t:|1769398707
|move|p2a: Brilliant Behemoth|Bulk Up|p2a: Brilliant Behemoth
|-boost|p2a: Brilliant Behemoth|atk|1
|-boost|p2a: Brilliant Behemoth|def|1
|move|p1a: Torkoal|Overheat|p2a: Brilliant Behemoth
|-damage|p2a: Brilliant Behemoth|8/100
|-unboost|p1a: Torkoal|spa|2
|
|-weather|SunnyDay|[upkeep]
|upkeep
|turn|2
|
|t:|1769398717
|switch|p1a: Charizard|Charizard, F|100/100
|move|p2a: Brilliant Behemoth|Headlong Rush|p1a: Charizard
|-immune|p1a: Charizard
|
|-weather|SunnyDay|[upkeep]
|-damage|p1a: Charizard|88/100|[from] ability: Solar Power|[of] p1a: Charizard
|upkeep
|turn|3
|
|t:|1769398730
|move|p2a: Brilliant Behemoth|Ice Spinner|p1a: Charizard
|-damage|p1a: Charizard|36/100
|move|p1a: Charizard|Dragon Pulse|p2a: Brilliant Behemoth
|-damage|p2a: Brilliant Behemoth|0 fnt
|faint|p2a: Brilliant Behemoth
|-end|p2a: Brilliant Behemoth|Protosynthesis|[silent]
|
|-weather|SunnyDay|[upkeep]
|-damage|p1a: Charizard|24/100|[from] ability: Solar Power|[of] p1a: Charizard
|upkeep
|
|t:|1769398747
|switch|p2a: 400MM AIRBUSS|Dragapult, M|100/100
|turn|4
|
|t:|1769398754
|move|p2a: 400MM AIRBUSS|Shadow Ball|p1a: Charizard
|-damage|p1a: Charizard|0 fnt
|faint|p1a: Charizard
|
|-weather|SunnyDay|[upkeep]
|upkeep
|
|t:|1769398769
|switch|p1a: Lilligant|Lilligant-Hisui, F|100/100
|turn|5
|
|t:|1769398786
|-terastallize|p2a: 400MM AIRBUSS|Ghost
|move|p1a: Lilligant|Victory Dance|p1a: Lilligant
|-boost|p1a: Lilligant|atk|1
|-boost|p1a: Lilligant|def|1
|-boost|p1a: Lilligant|spe|1
|move|p2a: 400MM AIRBUSS|Shadow Ball|p1a: Lilligant
|-damage|p1a: Lilligant|0 fnt
|faint|p1a: Lilligant
|
|-weather|SunnyDay|[upkeep]
|upkeep
|
|t:|1769398800
|switch|p1a: Garganacl|Garganacl, F|100/100
|turn|6
|
|t:|1769398808
|switch|p2a: Reginald|Alomomola, M|100/100
|move|p1a: Garganacl|Salt Cure|p2a: Reginald
|-damage|p2a: Reginald|91/100
|-start|p2a: Reginald|Salt Cure
|
|-weather|SunnyDay|[upkeep]
|-damage|p2a: Reginald|66/100|[from] Salt Cure
|upkeep
|turn|7
|
|t:|1769398819
|move|p2a: Reginald|Flip Turn|p1a: Garganacl
|-supereffective|p1a: Garganacl
|-damage|p1a: Garganacl|90/100
|
|t:|1769398829
|switch|p2a: KeepinMaBossStiffy|Mabosstiff, M, shiny|100/100|[from] Flip Turn
|move|p1a: Garganacl|Iron Defense|p1a: Garganacl
|-boost|p1a: Garganacl|def|2
|
|-weather|SunnyDay|[upkeep]
|-heal|p1a: Garganacl|96/100|[from] item: Leftovers
|upkeep
|turn|8
|
|t:|1769398861
|switch|p2a: gnikwols|Slowking-Galar, F|100/100
|move|p1a: Garganacl|Iron Defense|p1a: Garganacl
|-boost|p1a: Garganacl|def|2
|
|-weather|none
|-heal|p1a: Garganacl|100/100|[from] item: Leftovers
|upkeep
|turn|9
|
|t:|1769398870
|move|p1a: Garganacl|Salt Cure|p2a: gnikwols
|-damage|p2a: gnikwols|87/100
|-start|p2a: gnikwols|Salt Cure
|move|p2a: gnikwols|Future Sight|p1a: Garganacl
|-start|p2a: gnikwols|move: Future Sight
|
|-damage|p2a: gnikwols|74/100|[from] Salt Cure
|upkeep
|turn|10
|
|t:|1769398878
|move|p1a: Garganacl|Iron Defense|p1a: Garganacl
|-boost|p1a: Garganacl|def|2
|-prepare|p2a: gnikwols|Chilly Reception|[premajor]
|move|p2a: gnikwols|Chilly Reception|p2a: gnikwols
|-weather|Snowscape
|
|t:|1769398883
|switch|p2a: Killer Queen|Iron Valiant, shiny|100/100|[from] Chilly Reception
|-enditem|p2a: Killer Queen|Booster Energy
|-activate|p2a: Killer Queen|ability: Quark Drive|[fromitem]
|-start|p2a: Killer Queen|quarkdrivespe
|
|-weather|Snowscape|[upkeep]
|upkeep
|turn|11
|
|t:|1769398895
|move|p2a: Killer Queen|Encore|p1a: Garganacl
|-start|p1a: Garganacl|Encore
|move|p1a: Garganacl|Iron Defense|p1a: Garganacl
|-boost|p1a: Garganacl|def|0
|
|-weather|Snowscape|[upkeep]
|-end|p1a: Garganacl|move: Future Sight
|-damage|p1a: Garganacl|69/100
|-heal|p1a: Garganacl|75/100|[from] item: Leftovers
|upkeep
|turn|12
|
|t:|1769398915
|switch|p1a: Torkoal|Torkoal, F|100/100
|-weather|SunnyDay|[from] ability: Drought|[of] p1a: Torkoal
|move|p2a: Killer Queen|Knock Off|p1a: Torkoal
|-damage|p1a: Torkoal|80/100
|-enditem|p1a: Torkoal|Heat Rock|[from] move: Knock Off|[of] p2a: Killer Queen
|
|-weather|SunnyDay|[upkeep]
|upkeep
|turn|13
|
|t:|1769398929
|-end|p2a: Killer Queen|Quark Drive|[silent]
|switch|p2a: gnikwols|Slowking-Galar, F|100/100
|move|p1a: Torkoal|Stealth Rock|p2a: gnikwols
|-sidestart|p2: DogShed|move: Stealth Rock
|
|-weather|SunnyDay|[upkeep]
|upkeep
|turn|14
|
|t:|1769398935
|move|p1a: Torkoal|Overheat|p2a: gnikwols
|-damage|p2a: gnikwols|59/100
|-unboost|p1a: Torkoal|spa|2
|-prepare|p2a: gnikwols|Chilly Reception|[premajor]
|move|p2a: gnikwols|Chilly Reception|p2a: gnikwols
|-weather|Snowscape
|
|t:|1769398943
|switch|p2a: KeepinMaBossStiffy|Mabosstiff, M, shiny|100/100|[from] Chilly Reception
|-damage|p2a: KeepinMaBossStiffy|88/100|[from] Stealth Rock
|
|-weather|Snowscape|[upkeep]
|upkeep
|turn|15
|
|t:|1769398957
|switch|p1a: Garganacl|Garganacl, F|75/100
|move|p2a: KeepinMaBossStiffy|Crunch|p1a: Garganacl
|-damage|p1a: Garganacl|0 fnt
|faint|p1a: Garganacl
|
|-weather|Snowscape|[upkeep]
|upkeep
|
|t:|1769398970
|switch|p1a: Torkoal|Torkoal, F|80/100
|-weather|SunnyDay|[from] ability: Drought|[of] p1a: Torkoal
|turn|16
|
|t:|1769398975
|switch|p2a: gnikwols|Slowking-Galar, F|92/100
|move|p1a: Torkoal|Overheat|p2a: gnikwols
|-damage|p2a: gnikwols|48/100
|-unboost|p1a: Torkoal|spa|2
|
|-weather|SunnyDay|[upkeep]
|upkeep
|turn|17
|
|t:|1769398987
|switch|p1a: Walking Wake|Walking Wake|100/100
|-activate|p1a: Walking Wake|ability: Protosynthesis
|-start|p1a: Walking Wake|protosynthesisspe
|-prepare|p2a: gnikwols|Chilly Reception|[premajor]
|move|p2a: gnikwols|Chilly Reception|p2a: gnikwols
|-weather|Snowscape
|-end|p1a: Walking Wake|Protosynthesis
|
|t:|1769398996
|switch|p2a: Reginald|Alomomola, M|99/100|[from] Chilly Reception
|-damage|p2a: Reginald|87/100|[from] Stealth Rock
|
|-weather|Snowscape|[upkeep]
|upkeep
|turn|18
|
|t:|1769399004
|-end|p1a: Walking Wake|Protosynthesis|[silent]
|switch|p1a: Torkoal|Torkoal, F|80/100
|-weather|SunnyDay|[from] ability: Drought|[of] p1a: Torkoal
|move|p2a: Reginald|Flip Turn|p1a: Torkoal
|-supereffective|p1a: Torkoal
|-damage|p1a: Torkoal|70/100
|
|t:|1769399013
|switch|p2a: gnikwols|Slowking-Galar, F|81/100|[from] Flip Turn
|
|-weather|SunnyDay|[upkeep]
|upkeep
|turn|19
|
|t:|1769399024
|move|p1a: Torkoal|Overheat|p2a: gnikwols|[miss]
|-miss|p1a: Torkoal|p2a: gnikwols
|move|p2a: gnikwols|Future Sight|p1a: Torkoal
|-start|p2a: gnikwols|move: Future Sight
|
|-weather|SunnyDay|[upkeep]
|upkeep
|turn|20
|
|t:|1769399031
|move|p1a: Torkoal|Overheat|p2a: gnikwols
|-damage|p2a: gnikwols|40/100
|-unboost|p1a: Torkoal|spa|2
|-prepare|p2a: gnikwols|Chilly Reception|[premajor]
|move|p2a: gnikwols|Chilly Reception|p2a: gnikwols
|-weather|Snowscape
|
|t:|1769399038
|switch|p2a: KeepinMaBossStiffy|Mabosstiff, M, shiny|88/100|[from] Chilly Reception
|-damage|p2a: KeepinMaBossStiffy|76/100|[from] Stealth Rock
|
|-weather|Snowscape|[upkeep]
|upkeep
|turn|21
|
|t:|1769399046
|move|p2a: KeepinMaBossStiffy|Crunch|p1a: Torkoal
|-damage|p1a: Torkoal|25/100
|move|p1a: Torkoal|Rapid Spin|p2a: KeepinMaBossStiffy
|-damage|p2a: KeepinMaBossStiffy|65/100
|-boost|p1a: Torkoal|spe|1
|
|-weather|Snowscape|[upkeep]
|-end|p1a: Torkoal|move: Future Sight
|-damage|p1a: Torkoal|0 fnt
|faint|p1a: Torkoal
|upkeep
|
|t:|1769399063
|switch|p1a: Raging Bolt|Raging Bolt|100/100
|turn|22
|inactive|Battle timer is ON: inactive players will automatically lose when time's up. (requested by Unishper)
|
|t:|1769399125
|move|p2a: KeepinMaBossStiffy|Crunch|p1a: Raging Bolt
|-damage|p1a: Raging Bolt|54/100
|-unboost|p1a: Raging Bolt|def|1
|move|p1a: Raging Bolt|Thunderbolt|p2a: KeepinMaBossStiffy
|-damage|p2a: KeepinMaBossStiffy|0 fnt
|faint|p2a: KeepinMaBossStiffy
|
|-weather|Snowscape|[upkeep]
|upkeep
|
|t:|1769399138
|switch|p2a: 400MM AIRBUSS|Dragapult, M, tera:Ghost|100/100
|-damage|p2a: 400MM AIRBUSS|88/100|[from] Stealth Rock
|turn|23
|
|t:|1769399145
|-terastallize|p1a: Raging Bolt|Fairy
|move|p2a: 400MM AIRBUSS|Shadow Ball|p1a: Raging Bolt
|-damage|p1a: Raging Bolt|13/100
|move|p1a: Raging Bolt|Draco Meteor|p2a: 400MM AIRBUSS
|-damage|p2a: 400MM AIRBUSS|0 fnt
|-unboost|p1a: Raging Bolt|spa|2
|faint|p2a: 400MM AIRBUSS
|
|-weather|Snowscape|[upkeep]
|upkeep
|
|t:|1769399155
|switch|p2a: Killer Queen|Iron Valiant, shiny|100/100
|-damage|p2a: Killer Queen|94/100|[from] Stealth Rock
|turn|24
|
|t:|1769399166
|move|p2a: Killer Queen|Moonblast|p1a: Raging Bolt
|-damage|p1a: Raging Bolt|0 fnt
|faint|p1a: Raging Bolt
|-end|p1a: Raging Bolt|Protosynthesis|[silent]
|
|-weather|none
|upkeep
|
|t:|1769399173
|switch|p1a: Walking Wake|Walking Wake|100/100
|turn|25
|
|t:|1769399177
|move|p2a: Killer Queen|Moonblast|p1a: Walking Wake
|-supereffective|p1a: Walking Wake
|-damage|p1a: Walking Wake|24/100
|-unboost|p1a: Walking Wake|spa|1
|move|p1a: Walking Wake|Hydro Steam|p2a: Killer Queen
|-damage|p2a: Killer Queen|38/100
|
|upkeep
|turn|26
|
|t:|1769399186
|move|p2a: Killer Queen|Moonblast|p1a: Walking Wake
|-supereffective|p1a: Walking Wake
|-damage|p1a: Walking Wake|0 fnt
|faint|p1a: Walking Wake
|-end|p1a: Walking Wake|Protosynthesis|[silent]
|
|win|DogShed
|raw|Unishper's rating: 1320 &rarr; <strong>1300</strong><br />(-20 for losing)
|raw|DogShed's rating: 1324 &rarr; <strong>1344</strong><br />(+20 for winning)
|l|☆Unishper
|player|p1|
|j| CretaceousDraconid
