|j|☆headdrop2000
|j|☆guiguitpa3
|t:|1769361216
|gametype|singles
|player|p1|headdrop2000|brock|1054
|player|p2|guiguitpa3|benga|1099
|gen|9
|tier|[Gen 9] OU
|rated|
|rule|HP Percentage Mod: HP is shown in percentages
|rule|Endless Battle Clause: Forcing endless battles is banned
|rule|Species Clause: Limit one of each Pokémon
|rule|OHKO Clause: OHKO moves are banned
|rule|Evasion Items Clause: Evasion items are banned
|rule|Evasion Moves Clause: Evasion moves are banned
|rule|Evasion Abilities Clause: Evasion abilities are banned
|rule|Sleep Moves Clause: Sleep-inducing moves are banned
|clearpoke
|poke|p1|Gengar, F|
|poke|p1|Quagsire, F|
|poke|p1|Ludicolo, M|
|poke|p1|Scrafty, M|
|poke|p1|Coalossal, M|
|poke|p1|Leavanny, M|
|poke|p2|Great Tusk|
|poke|p2|Dondozo, M|
|poke|p2|Dragapult, M|
|poke|p2|Armarouge, M|
|poke|p2|Oinkologne, M|
|poke|p2|Heracross, F|
|teampreview
|
|t:|1769361241
|teamsize|p1|6
|teamsize|p2|6
|start
|switch|p1a: Leavanny|Leavanny, M|100/100
|switch|p2a: Heracross|Heracross, F|100/100
|turn|1
|
|t:|1769361254
|move|p1a: Leavanny|Sticky Web|p2a: Heracross
|-sidestart|p2: guiguitpa3|move: Sticky Web
|move|p2a: Heracross|Swords Dance|p2a: Heracross
|-boost|p2a: Heracross|atk|2
|
|-status|p2a: Heracross|brn|[from] item: Flame Orb
|upkeep
|turn|2
|
|t:|1769361266
|move|p1a: Leavanny|Reflect|p1a: Leavanny
|-sidestart|p1: headdrop2000|Reflect
|move|p2a: Heracross|Swords Dance|p2a: Heracross
|-boost|p2a: Heracross|atk|2
|
|-damage|p2a: Heracross|95/100 brn|[from] brn
|upkeep
|turn|3
|
|t:|1769361280
|move|p1a: Leavanny|X-Scissor|p2a: Heracross
|-resisted|p2a: Heracross
|-damage|p2a: Heracross|74/100 brn
|move|p2a: Heracross|Swords Dance|p2a: Heracross
|-boost|p2a: Heracross|atk|2
|
|-damage|p2a: Heracross|68/100 brn|[from] brn
|upkeep
|turn|4
|
|t:|1769361289
|move|p1a: Leavanny|X-Scissor|p2a: Heracross
|-resisted|p2a: Heracross
|-damage|p2a: Heracross|48/100 brn
|move|p2a: Heracross|Close Combat|p1a: Leavanny
|-resisted|p1a: Leavanny
|-damage|p1a: Leavanny|0 fnt
|-unboost|p2a: Heracross|def|1
|-unboost|p2a: Heracross|spd|1
|faint|p1a: Leavanny
|
|-damage|p2a: Heracross|42/100 brn|[from] brn
|upkeep
|
|t:|1769361304
|switch|p1a: Gengar|Gengar, F|100/100
|turn|5
|
|t:|1769361308
|move|p1a: Gengar|Sludge Wave|p2a: Heracross
|-damage|p2a: Heracross|0 fnt
|faint|p2a: Heracross
|
|upkeep
|
|t:|1769361313
|switch|p2a: Dragapult|Dragapult, M|100/100
|turn|6
|
|t:|1769361318
|-terastallize|p1a: Gengar|Normal
|move|p1a: Gengar|Sludge Wave|p2a: Dragapult
|-resisted|p2a: Dragapult
|-damage|p2a: Dragapult|64/100
|move|p2a: Dragapult|Dragon Dance|p2a: Dragapult
|-boost|p2a: Dragapult|atk|1
|-boost|p2a: Dragapult|spe|1
|
|-sideend|p1: headdrop2000|Reflect
|upkeep
|turn|7
|
|t:|1769361329
|switch|p1a: Coalossal|Coalossal, M|100/100
|move|p2a: Dragapult|Dragon Darts|p1a: Coalossal
|-damage|p1a: Coalossal|79/100
|-anim|p2a: Dragapult|Dragon Darts|p1a: Coalossal
|-damage|p1a: Coalossal|58/100
|
|upkeep
|turn|8
|
|t:|1769361338
|move|p2a: Dragapult|Dragon Darts|p1a: Coalossal
|-damage|p1a: Coalossal|33/100
|-anim|p2a: Dragapult|Dragon Darts|p1a: Coalossal
|-damage|p1a: Coalossal|8/100
|move|p1a: Coalossal|Flamethrower|p2a: Dragapult
|-resisted|p2a: Dragapult
|-damage|p2a: Dragapult|47/100
|
|upkeep
|turn|9
|
|t:|1769361347
|move|p2a: Dragapult|Dragon Dance|p2a: Dragapult
|-boost|p2a: Dragapult|atk|1
|-boost|p2a: Dragapult|spe|1
|move|p1a: Coalossal|Flamethrower|p2a: Dragapult
|-resisted|p2a: Dragapult
|-damage|p2a: Dragapult|29/100
|
|upkeep
|turn|10
|
|t:|1769361355
|move|p2a: Dragapult|Dragon Darts|p1a: Coalossal
|-damage|p1a: Coalossal|0 fnt
|faint|p1a: Coalossal
|
|upkeep
|
|t:|1769361370
|switch|p1a: Quagsire|Quagsire, F|100/100
|turn|11
|
|t:|1769361375
|move|p2a: Dragapult|Dragon Darts|p1a: Quagsire
|-damage|p1a: Quagsire|83/100
|-anim|p2a: Dragapult|Dragon Darts|p1a: Quagsire
|-damage|p1a: Quagsire|65/100
|move|p1a: Quagsire|Earthquake|p2a: Dragapult
|-damage|p2a: Dragapult|0 fnt
|faint|p2a: Dragapult
|
|upkeep
|
|t:|1769361389
|switch|p2a: Armarouge|Armarouge, M|100/100
|-activate|p2a: Armarouge|move: Sticky Web
|-unboost|p2a: Armarouge|spe|1
|turn|12
|
|t:|1769361394
|move|p2a: Armarouge|Calm Mind|p2a: Armarouge
|-boost|p2a: Armarouge|spa|1
|-boost|p2a: Armarouge|spd|1
|move|p1a: Quagsire|Toxic|p2a: Armarouge
|-status|p2a: Armarouge|tox
|
|-damage|p2a: Armarouge|94/100 tox|[from] psn
|upkeep
|turn|13
|
|t:|1769361403
|move|p2a: Armarouge|Energy Ball|p1a: Quagsire
|-supereffective|p1a: Quagsire
|-damage|p1a: Quagsire|0 fnt
|faint|p1a: Quagsire
|
|-damage|p2a: Armarouge|82/100 tox|[from] psn
|upkeep
|
|t:|1769361409
|switch|p1a: Gengar|Gengar, F, tera:Normal|100/100
|turn|14
|
|t:|1769361415
|move|p1a: Gengar|Sludge Wave|p2a: Armarouge
|-damage|p2a: Armarouge|40/100 tox
|move|p2a: Armarouge|Armor Cannon|p1a: Gengar
|-damage|p1a: Gengar|0 fnt
|-unboost|p2a: Armarouge|def|1
|-unboost|p2a: Armarouge|spd|1
|faint|p1a: Gengar
|
|-damage|p2a: Armarouge|21/100 tox|[from] psn
|upkeep
|
|t:|1769361429
|switch|p1a: Ludicolo|Ludicolo, M|100/100
|turn|15
|
|t:|1769361437
|move|p1a: Ludicolo|Hydro Pump|p2a: Armarouge
|-supereffective|p2a: Armarouge
|-damage|p2a: Armarouge|0 fnt
|faint|p2a: Armarouge
|-damage|p1a: Ludicolo|91/100|[from] item: Life Orb
|
|upkeep
|
|t:|1769361443
|switch|p2a: Oinkologne|Oinkologne, M|100/100
|-activate|p2a: Oinkologne|move: Sticky Web
|-unboost|p2a: Oinkologne|spe|1
|turn|16
|
|t:|1769361449
|move|p1a: Ludicolo|Hydro Pump|p2a: Oinkologne|[miss]
|-miss|p1a: Ludicolo|p2a: Oinkologne
|move|p2a: Oinkologne|Curse|p2a: Oinkologne
|-unboost|p2a: Oinkologne|spe|1
|-boost|p2a: Oinkologne|atk|1
|-boost|p2a: Oinkologne|def|1
|
|upkeep
|turn|17
|
|t:|1769361457
|move|p1a: Ludicolo|Hydro Pump|p2a: Oinkologne
|-damage|p2a: Oinkologne|24/100
|-damage|p1a: Ludicolo|81/100|[from] item: Life Orb
|move|p2a: Oinkologne|Curse|p2a: Oinkologne
|-unboost|p2a: Oinkologne|spe|1
|-boost|p2a: Oinkologne|atk|1
|-boost|p2a: Oinkologne|def|1
|
|-heal|p2a: Oinkologne|30/100|[from] item: Leftovers
|upkeep
|turn|18
|
|t:|1769361469
|move|p1a: Ludicolo|Giga Drain|p2a: Oinkologne
|-damage|p2a: Oinkologne|0 fnt
|-heal|p1a: Ludicolo|99/100|[from] drain|[of] p2a: Oinkologne
|faint|p2a: Oinkologne
|-damage|p1a: Ludicolo|89/100|[from] item: Life Orb
|
|upkeep
|
|t:|1769361475
|switch|p2a: Great Tusk|Great Tusk|100/100
|-activate|p2a: Great Tusk|move: Sticky Web
|-unboost|p2a: Great Tusk|spe|1
|-enditem|p2a: Great Tusk|Booster Energy
|-activate|p2a: Great Tusk|ability: Protosynthesis|[fromitem]
|-start|p2a: Great Tusk|protosynthesisatk
|turn|19
|
|t:|1769361483
|move|p1a: Ludicolo|Ice Beam|p2a: Great Tusk
|-supereffective|p2a: Great Tusk
|-damage|p2a: Great Tusk|0 fnt
|faint|p2a: Great Tusk
|-end|p2a: Great Tusk|Protosynthesis|[silent]
|-damage|p1a: Ludicolo|79/100|[from] item: Life Orb
|
|upkeep
|-message|guiguitpa3 forfeited.
|
|win|headdrop2000
|raw|headdrop2000's rating: 1054 &rarr; <strong>1090</strong><br />(+36 for winning)
|raw|guiguitpa3's rating: 1099 &rarr; <strong>1071</strong><br />(-28 for losing)
|l|☆guiguitpa3
|player|p2|
|l|☆headdrop2000
|player|p1|
