|j|☆k2istrsash
|j|☆pencfun
|t:|1769391333
|gametype|singles
|player|p1|k2istrsash|youngster-gen4dp|1259
|player|p2|pencfun|skierf|1251
|gen|9
|tier|[Gen 9] OU
|rated|
|rule|HP Percentage Mod: HP is shown in percentages
|rule|Endless Battle Clause: Forcing endless battles is banned
|rule|Species Clause: Limit one of each Pokémon
|rule|OHKO Clause: OHKO moves are banned
|rule|Evasion Items Clause: Evasion items are banned
|rule|Evasion Moves Clause: Evasion moves are banned
|rule|Evasion Abilities Clause: Evasion abilities are banned
|rule|Sleep Moves Clause: Sleep-inducing moves are banned
|clearpoke
|poke|p1|Landorus-Therian, M|
|poke|p1|Iron Valiant|
|poke|p1|Iron Hands|
|poke|p1|Serperior, F|
|poke|p1|Cinderace, M|
|poke|p1|Dragapult, M|
|poke|p2|Zapdos|
|poke|p2|Dondozo, F|
|poke|p2|Gliscor, M|
|poke|p2|Iron Treads|
|poke|p2|Gholdengo|
|poke|p2|Masquerain, F|
|teampreview
|inactive|Battle timer is ON: inactive players will automatically lose when time's up. (requested by pencfun)
|inactive|k2istrsash also wants the timer to be on.
|inactive|pencfun has 120 seconds left.
|
|t:|1769391366
|teamsize|p1|6
|teamsize|p2|6
|start
|switch|p1a: Landorus|Landorus-Therian, M|100/100
|switch|p2a: Gliscor|Gliscor, M|100/100
|-ability|p1a: Landorus|Intimidate|boost
|-unboost|p2a: Gliscor|atk|1
|turn|1
|inactive|k2istrsash has 120 seconds left.
|inactive|k2istrsash has 90 seconds left.
|inactive|k2istrsash has 60 seconds left.
|inactive|k2istrsash has 30 seconds left.
|inactive|k2istrsash has 20 seconds left.
|inactive|k2istrsash has 15 seconds left.
|
|t:|1769391501
|move|p1a: Landorus|U-turn|p2a: Gliscor
|-resisted|p2a: Gliscor
|-damage|p2a: Gliscor|88/100
|inactive|k2istrsash has 20 seconds left this turn.
|inactive|k2istrsash has 15 seconds left.
|
|t:|1769391509
|switch|p1a: Serperior|Serperior, F|100/100|[from] U-turn
|move|p2a: Gliscor|Toxic Spikes|p1a: Serperior
|-sidestart|p1: k2istrsash|move: Toxic Spikes
|
|-status|p2a: Gliscor|tox|[from] item: Toxic Orb
|upkeep
|turn|2
|inactive|k2istrsash has 25 seconds left this turn.
|inactive|k2istrsash has 20 seconds left.
|inactive|pencfun has 120 seconds left.
|
|t:|1769391545
|move|p2a: Gliscor|Protect|p2a: Gliscor
|-singleturn|p2a: Gliscor|Protect
|move|p1a: Serperior|Substitute|p1a: Serperior
|-start|p1a: Serperior|Substitute
|-damage|p1a: Serperior|76/100
|
|-heal|p1a: Serperior|82/100|[from] item: Leftovers
|-heal|p2a: Gliscor|100/100 tox|[from] ability: Poison Heal
|upkeep
|turn|3
|inactive|k2istrsash has 30 seconds left this turn.
|inactive|pencfun has 120 seconds left.
|
|t:|1769391557
|switch|p2a: Masquerain|Masquerain, F|100/100
|-ability|p2a: Masquerain|Intimidate|boost
|-immune|p1a: Serperior
|move|p1a: Serperior|Leaf Storm|p2a: Masquerain|[miss]
|-miss|p1a: Serperior|p2a: Masquerain
|
|-heal|p1a: Serperior|88/100|[from] item: Leftovers
|upkeep
|turn|4
|inactive|k2istrsash has 30 seconds left.
|inactive|pencfun has 120 seconds left.
|
|t:|1769391569
|move|p1a: Serperior|Glare|p2a: Masquerain
|-status|p2a: Masquerain|par
|cant|p2a: Masquerain|par
|
|-heal|p1a: Serperior|94/100|[from] item: Leftovers
|upkeep
|turn|5
|
|t:|1769391572
|move|p1a: Serperior|Leaf Storm|p2a: Masquerain
|-resisted|p2a: Masquerain
|-damage|p2a: Masquerain|88/100 par
|-boost|p1a: Serperior|spa|2
|cant|p2a: Masquerain|par
|
|-heal|p1a: Serperior|100/100|[from] item: Leftovers
|upkeep
|turn|6
|
|t:|1769391578
|move|p1a: Serperior|Leaf Storm|p2a: Masquerain
|-resisted|p2a: Masquerain
|-damage|p2a: Masquerain|62/100 par
|-boost|p1a: Serperior|spa|2
|cant|p2a: Masquerain|par
|
|upkeep
|turn|7
|c|☆pencfun|i swear to our good lord
|
|t:|1769391597
|move|p1a: Serperior|Leaf Storm|p2a: Masquerain
|-resisted|p2a: Masquerain
|-damage|p2a: Masquerain|19/100 par
|-boost|p1a: Serperior|spa|2
|move|p2a: Masquerain|Bug Buzz|p1a: Serperior
|-supereffective|p1a: Serperior
|-damage|p1a: Serperior|0 fnt
|faint|p1a: Serperior
|
|upkeep
|c|☆pencfun|finally
|
|t:|1769391608
|switch|p1a: Cinderace|Cinderace, M|100/100
|turn|8
|c|☆pencfun|jesus
|
|t:|1769391620
|switch|p2a: Dondozo|Dondozo, F|100/100
|move|p1a: Cinderace|Court Change|p1a: Cinderace
|-start|p1a: Cinderace|typechange|Normal|[from] ability: Libero
|-swapsideconditions
|-activate|p1a: Cinderace|move: Court Change
|
|upkeep
|turn|9
|
|t:|1769391633
|move|p1a: Cinderace|U-turn|p2a: Dondozo
|-damage|p2a: Dondozo|87/100
|
|t:|1769391636
|switch|p1a: Iron Hands|Iron Hands|100/100|[from] U-turn
|move|p2a: Dondozo|Curse|p2a: Dondozo
|-unboost|p2a: Dondozo|spe|1
|-boost|p2a: Dondozo|atk|1
|-boost|p2a: Dondozo|def|1
|
|-heal|p2a: Dondozo|93/100|[from] item: Leftovers
|upkeep
|turn|10
|
|t:|1769391652
|-end|p1a: Iron Hands|Quark Drive|[silent]
|switch|p1a: Landorus|Landorus-Therian, M|100/100
|-ability|p1a: Landorus|Intimidate|boost
|-unboost|p2a: Dondozo|atk|1
|-terastallize|p2a: Dondozo|Dragon
|move|p2a: Dondozo|Curse|p2a: Dondozo
|-unboost|p2a: Dondozo|spe|1
|-boost|p2a: Dondozo|atk|1
|-boost|p2a: Dondozo|def|1
|
|-heal|p2a: Dondozo|99/100|[from] item: Leftovers
|upkeep
|turn|11
|
|t:|1769391661
|move|p1a: Landorus|Earthquake|p2a: Dondozo
|-damage|p2a: Dondozo|82/100
|move|p2a: Dondozo|Wave Crash|p1a: Landorus
|-supereffective|p1a: Landorus
|-crit|p1a: Landorus
|-damage|p1a: Landorus|0 fnt
|faint|p1a: Landorus
|-damage|p2a: Dondozo|61/100|[from] Recoil
|
|-heal|p2a: Dondozo|68/100|[from] item: Leftovers
|upkeep
|
|t:|1769391662
|switch|p1a: Iron Valiant|Iron Valiant|100/100
|turn|12
|
|t:|1769391669
|switch|p2a: Masquerain|Masquerain, F|19/100 par
|-ability|p2a: Masquerain|Intimidate|boost
|-unboost|p1a: Iron Valiant|atk|1
|move|p1a: Iron Valiant|Moonblast|p2a: Masquerain
|-damage|p2a: Masquerain|0 fnt
|faint|p2a: Masquerain
|
|upkeep
|
|t:|1769391675
|switch|p2a: Iron Treads|Iron Treads|100/100
|-enditem|p2a: Iron Treads|Booster Energy
|-activate|p2a: Iron Treads|ability: Quark Drive|[fromitem]
|-start|p2a: Iron Treads|quarkdriveatk
|turn|13
|
|t:|1769391685
|-end|p1a: Iron Valiant|Quark Drive|[silent]
|switch|p1a: Dragapult|Dragapult, M|100/100
|move|p2a: Iron Treads|Iron Head|p1a: Dragapult
|-damage|p1a: Dragapult|31/100
|
|upkeep
|turn|14
|
|t:|1769391694
|-end|p2a: Iron Treads|Quark Drive|[silent]
|switch|p2a: Zapdos|Zapdos|100/100
|move|p1a: Dragapult|Shadow Ball|p2a: Zapdos
|-damage|p2a: Zapdos|49/100
|
|upkeep
|turn|15
|
|t:|1769391703
|move|p1a: Dragapult|Shadow Ball|p2a: Zapdos
|-crit|p2a: Zapdos
|-damage|p2a: Zapdos|0 fnt
|faint|p2a: Zapdos
|
|upkeep
|
|t:|1769391713
|switch|p2a: Gliscor|Gliscor, M|100/100 tox
|turn|16
|
|t:|1769391717
|switch|p1a: Iron Hands|Iron Hands|100/100
|move|p2a: Gliscor|Protect||[still]
|-fail|p2a: Gliscor
|
|upkeep
|turn|17
|
|t:|1769391730
|move|p2a: Gliscor|Protect|p2a: Gliscor
|-singleturn|p2a: Gliscor|Protect
|move|p1a: Iron Hands|Tera Blast|p2a: Gliscor
|-activate|p2a: Gliscor|move: Protect
|
|upkeep
|turn|18
|
|t:|1769391737
|move|p2a: Gliscor|Toxic Spikes|p1a: Iron Hands
|-sidestart|p1: k2istrsash|move: Toxic Spikes
|move|p1a: Iron Hands|Tera Blast|p2a: Gliscor
|-damage|p2a: Gliscor|86/100 tox
|
|-heal|p2a: Gliscor|98/100 tox|[from] ability: Poison Heal
|upkeep
|turn|19
|
|t:|1769391742
|move|p2a: Gliscor|Toxic Spikes|p1a: Iron Hands
|-sidestart|p1: k2istrsash|move: Toxic Spikes
|move|p1a: Iron Hands|Tera Blast|p2a: Gliscor
|-damage|p2a: Gliscor|84/100 tox
|
|-heal|p2a: Gliscor|97/100 tox|[from] ability: Poison Heal
|upkeep
|turn|20
|
|t:|1769391749
|move|p2a: Gliscor|Knock Off|p1a: Iron Hands
|-resisted|p1a: Iron Hands
|-damage|p1a: Iron Hands|92/100
|-enditem|p1a: Iron Hands|Assault Vest|[from] move: Knock Off|[of] p2a: Gliscor
|move|p1a: Iron Hands|Tera Blast|p2a: Gliscor
|-damage|p2a: Gliscor|83/100 tox
|
|-heal|p2a: Gliscor|96/100 tox|[from] ability: Poison Heal
|upkeep
|turn|21
|
|t:|1769391756
|switch|p2a: Iron Treads|Iron Treads|100/100
|move|p1a: Iron Hands|Tera Blast|p2a: Iron Treads
|-resisted|p2a: Iron Treads
|-damage|p2a: Iron Treads|94/100
|
|upkeep
|turn|22
|
|t:|1769391760
|-terastallize|p1a: Iron Hands|Flying
|move|p2a: Iron Treads|Rapid Spin|p1a: Iron Hands
|-damage|p1a: Iron Hands|80/100
|-boost|p2a: Iron Treads|spe|1
|-sideend|p2: pencfun|Toxic Spikes|[from] move: Rapid Spin|[of] p2a: Iron Treads
|move|p1a: Iron Hands|Earthquake|p2a: Iron Treads
|-supereffective|p2a: Iron Treads
|-damage|p2a: Iron Treads|18/100
|
|upkeep
|turn|23
|
|t:|1769391770
|move|p2a: Iron Treads|Ice Spinner|p1a: Iron Hands
|-supereffective|p1a: Iron Hands
|-damage|p1a: Iron Hands|43/100
|move|p1a: Iron Hands|Tera Blast|p2a: Iron Treads|[anim] Tera Blast Flying
|-resisted|p2a: Iron Treads
|-damage|p2a: Iron Treads|0 fnt
|faint|p2a: Iron Treads
|-end|p2a: Iron Treads|Quark Drive|[silent]
|
|upkeep
|
|t:|1769391783
|switch|p2a: Dondozo|Dondozo, F, tera:Dragon|68/100
|turn|24
|
|t:|1769391788
|-end|p1a: Iron Hands|Quark Drive|[silent]
|switch|p1a: Cinderace|Cinderace, M|100/100
|move|p2a: Dondozo|Curse|p2a: Dondozo
|-unboost|p2a: Dondozo|spe|1
|-boost|p2a: Dondozo|atk|1
|-boost|p2a: Dondozo|def|1
|
|-heal|p2a: Dondozo|74/100|[from] item: Leftovers
|upkeep
|turn|25
|
|t:|1769391795
|move|p1a: Cinderace|Court Change|p1a: Cinderace
|-start|p1a: Cinderace|typechange|Normal|[from] ability: Libero
|-swapsideconditions
|-activate|p1a: Cinderace|move: Court Change
|move|p2a: Dondozo|Curse|p2a: Dondozo
|-unboost|p2a: Dondozo|spe|1
|-boost|p2a: Dondozo|atk|1
|-boost|p2a: Dondozo|def|1
|
|-heal|p2a: Dondozo|80/100|[from] item: Leftovers
|upkeep
|turn|26
|
|t:|1769391798
|move|p1a: Cinderace|U-turn|p2a: Dondozo
|-damage|p2a: Dondozo|73/100
|
|t:|1769391800
|switch|p1a: Iron Hands|Iron Hands, tera:Flying|43/100|[from] U-turn
|move|p2a: Dondozo|Curse|p2a: Dondozo
|-unboost|p2a: Dondozo|spe|1
|-boost|p2a: Dondozo|atk|1
|-boost|p2a: Dondozo|def|1
|
|-heal|p2a: Dondozo|79/100|[from] item: Leftovers
|upkeep
|turn|27
|
|t:|1769391811
|move|p1a: Iron Hands|Thunder Punch|p2a: Dondozo
|-resisted|p2a: Dondozo
|-damage|p2a: Dondozo|74/100
|move|p2a: Dondozo|Wave Crash|p1a: Iron Hands
|-damage|p1a: Iron Hands|0 fnt
|faint|p1a: Iron Hands
|-end|p1a: Iron Hands|Quark Drive|[silent]
|-damage|p2a: Dondozo|60/100|[from] Recoil
|
|-heal|p2a: Dondozo|67/100|[from] item: Leftovers
|upkeep
|
|t:|1769391813
|switch|p1a: Iron Valiant|Iron Valiant|100/100
|turn|28
|
|t:|1769391822
|move|p1a: Iron Valiant|Shadow Ball|p2a: Dondozo
|-damage|p2a: Dondozo|29/100
|-unboost|p2a: Dondozo|spd|1
|move|p2a: Dondozo|Wave Crash|p1a: Iron Valiant
|-damage|p1a: Iron Valiant|0 fnt
|faint|p1a: Iron Valiant
|-end|p1a: Iron Valiant|Quark Drive|[silent]
|-damage|p2a: Dondozo|11/100|[from] Recoil
|
|-heal|p2a: Dondozo|17/100|[from] item: Leftovers
|upkeep
|
|t:|1769391826
|switch|p1a: Dragapult|Dragapult, M|31/100
|turn|29
|
|t:|1769391835
|move|p1a: Dragapult|Shadow Ball|p2a: Dondozo
|-damage|p2a: Dondozo|0 fnt
|faint|p2a: Dondozo
|
|upkeep
|
|t:|1769391842
|switch|p2a: Gholdengo|Gholdengo|100/100
|-item|p2a: Gholdengo|Air Balloon
|turn|30
|
|t:|1769391847
|move|p1a: Dragapult|Shadow Ball|p2a: Gholdengo
|-supereffective|p2a: Gholdengo
|-damage|p2a: Gholdengo|5/100
|-unboost|p2a: Gholdengo|spd|1
|-enditem|p2a: Gholdengo|Air Balloon
|move|p2a: Gholdengo|Dazzling Gleam|p1a: Dragapult
|-supereffective|p1a: Dragapult
|-damage|p1a: Dragapult|0 fnt
|faint|p1a: Dragapult
|
|upkeep
|
|t:|1769391849
|switch|p1a: Cinderace|Cinderace, M|100/100
|turn|31
|
|t:|1769391855
|move|p1a: Cinderace|Sucker Punch||[still]
|-fail|p1a: Cinderace
|move|p2a: Gholdengo|Recover|p2a: Gholdengo
|-heal|p2a: Gholdengo|55/100
|
|upkeep
|turn|32
|
|t:|1769391859
|move|p1a: Cinderace|Pyro Ball|p2a: Gholdengo
|-supereffective|p2a: Gholdengo
|-damage|p2a: Gholdengo|0 fnt
|faint|p2a: Gholdengo
|
|upkeep
|
|t:|1769391862
|switch|p2a: Gliscor|Gliscor, M|96/100 tox
|turn|33
|
|t:|1769391868
|move|p1a: Cinderace|Sucker Punch|p2a: Gliscor
|-start|p1a: Cinderace|typechange|Dark|[from] ability: Libero
|-damage|p2a: Gliscor|65/100 tox
|move|p2a: Gliscor|Knock Off|p1a: Cinderace
|-resisted|p1a: Cinderace
|-damage|p1a: Cinderace|79/100
|-enditem|p1a: Cinderace|Heavy-Duty Boots|[from] move: Knock Off|[of] p2a: Gliscor
|
|-heal|p2a: Gliscor|78/100 tox|[from] ability: Poison Heal
|upkeep
|turn|34
|
|t:|1769391876
|move|p2a: Gliscor|Protect|p2a: Gliscor
|-singleturn|p2a: Gliscor|Protect
|move|p1a: Cinderace|Pyro Ball|p2a: Gliscor
|-activate|p2a: Gliscor|move: Protect
|
|-heal|p2a: Gliscor|90/100 tox|[from] ability: Poison Heal
|upkeep
|turn|35
|
|t:|1769391880
|move|p1a: Cinderace|Pyro Ball|p2a: Gliscor
|-damage|p2a: Gliscor|56/100 tox
|move|p2a: Gliscor|Knock Off|p1a: Cinderace
|-resisted|p1a: Cinderace
|-damage|p1a: Cinderace|66/100
|
|-heal|p2a: Gliscor|68/100 tox|[from] ability: Poison Heal
|upkeep
|turn|36
|
|t:|1769391887
|move|p2a: Gliscor|Protect|p2a: Gliscor
|-singleturn|p2a: Gliscor|Protect
|move|p1a: Cinderace|Court Change|p1a: Cinderace
|-swapsideconditions
|-activate|p1a: Cinderace|move: Court Change
|
|-heal|p2a: Gliscor|81/100 tox|[from] ability: Poison Heal
|upkeep
|turn|37
|
|t:|1769391896
|move|p1a: Cinderace|Pyro Ball|p2a: Gliscor
|-damage|p2a: Gliscor|41/100 tox
|move|p2a: Gliscor|Knock Off|p1a: Cinderace
|-resisted|p1a: Cinderace
|-damage|p1a: Cinderace|52/100
|
|-heal|p2a: Gliscor|53/100 tox|[from] ability: Poison Heal
|upkeep
|turn|38
|
|t:|1769391902
|move|p1a: Cinderace|Court Change|p1a: Cinderace
|-swapsideconditions
|-activate|p1a: Cinderace|move: Court Change
|move|p2a: Gliscor|Knock Off|p1a: Cinderace
|-resisted|p1a: Cinderace
|-damage|p1a: Cinderace|39/100
|
|-heal|p2a: Gliscor|66/100 tox|[from] ability: Poison Heal
|upkeep
|turn|39
|
|t:|1769391909
|move|p2a: Gliscor|Protect|p2a: Gliscor
|-singleturn|p2a: Gliscor|Protect
|move|p1a: Cinderace|Sucker Punch||[still]
|-fail|p1a: Cinderace
|
|-heal|p2a: Gliscor|78/100 tox|[from] ability: Poison Heal
|upkeep
|turn|40
|
|t:|1769391916
|move|p1a: Cinderace|Pyro Ball|p2a: Gliscor
|-damage|p2a: Gliscor|43/100 tox
|move|p2a: Gliscor|Knock Off|p1a: Cinderace
|-resisted|p1a: Cinderace
|-damage|p1a: Cinderace|27/100
|
|-heal|p2a: Gliscor|55/100 tox|[from] ability: Poison Heal
|upkeep
|turn|41
|
|t:|1769391924
|move|p1a: Cinderace|Sucker Punch|p2a: Gliscor
|-damage|p2a: Gliscor|24/100 tox
|move|p2a: Gliscor|Knock Off|p1a: Cinderace
|-resisted|p1a: Cinderace
|-damage|p1a: Cinderace|15/100
|
|-heal|p2a: Gliscor|37/100 tox|[from] ability: Poison Heal
|upkeep
|turn|42
|
|t:|1769391928
|move|p2a: Gliscor|Protect|p2a: Gliscor
|-singleturn|p2a: Gliscor|Protect
|move|p1a: Cinderace|Pyro Ball|p2a: Gliscor
|-activate|p2a: Gliscor|move: Protect
|
|-heal|p2a: Gliscor|49/100 tox|[from] ability: Poison Heal
|upkeep
|turn|43
|
|t:|1769391934
|move|p1a: Cinderace|Pyro Ball|p2a: Gliscor
|-damage|p2a: Gliscor|13/100 tox
|move|p2a: Gliscor|Knock Off|p1a: Cinderace
|-resisted|p1a: Cinderace
|-damage|p1a: Cinderace|1/100
|
|-heal|p2a: Gliscor|25/100 tox|[from] ability: Poison Heal
|upkeep
|turn|44
|
|t:|1769391940
|move|p2a: Gliscor|Protect|p2a: Gliscor
|-singleturn|p2a: Gliscor|Protect
|move|p1a: Cinderace|Sucker Punch||[still]
|-fail|p1a: Cinderace
|
|-heal|p2a: Gliscor|38/100 tox|[from] ability: Poison Heal
|upkeep
|turn|45
|
|t:|1769391950
|move|p1a: Cinderace|Pyro Ball|p2a: Gliscor|[miss]
|-miss|p1a: Cinderace|p2a: Gliscor
|move|p2a: Gliscor|Knock Off|p1a: Cinderace
|-resisted|p1a: Cinderace
|-damage|p1a: Cinderace|0 fnt
|faint|p1a: Cinderace
|
|win|pencfun
|raw|k2istrsash's rating: 1259 &rarr; <strong>1233</strong><br />(-26 for losing)
|raw|pencfun's rating: 1251 &rarr; <strong>1277</strong><br />(+26 for winning)
|l|☆k2istrsash
|player|p1|
|l|☆pencfun
|player|p2|
