|j|☆CL IRL
|j|☆pinkwalll
|t:|1769410308
|gametype|singles
|player|p1|CL IRL|richboy-gen4|1448
|player|p2|pinkwalll|battlegirl|1475
|gen|9
|tier|[Gen 9] OU
|rated|
|rule|HP Percentage Mod: HP is shown in percentages
|rule|Endless Battle Clause: Forcing endless battles is banned
|rule|Species Clause: Limit one of each Pokémon
|rule|OHKO Clause: OHKO moves are banned
|rule|Evasion Items Clause: Evasion items are banned
|rule|Evasion Moves Clause: Evasion moves are banned
|rule|Evasion Abilities Clause: Evasion abilities are banned
|rule|Sleep Moves Clause: Sleep-inducing moves are banned
|clearpoke
|poke|p1|Corviknight, M|
|poke|p1|Alomomola, F|
|poke|p1|Slowking-Galar, M|
|poke|p1|Dragonite, M|
|poke|p1|Iron Valiant|
|poke|p1|Gliscor, F|
|poke|p2|Torkoal, F|
|poke|p2|Scovillain, F|
|poke|p2|Walking Wake|
|poke|p2|Hatterene, F|
|poke|p2|Great Tusk|
|poke|p2|Ceruledge, F|
|teampreview
|inactive|Battle timer is ON: inactive players will automatically lose when time's up. (requested by pinkwalll)
|inactive|CL IRL also wants the timer to be on.
|
|t:|1769410313
|teamsize|p1|6
|teamsize|p2|6
|start
|switch|p1a: Alomomola|Alomomola, F|100/100
|switch|p2a: Torkoal|Torkoal, F|100/100
|-weather|SunnyDay|[from] ability: Drought|[of] p2a: Torkoal
|turn|1
|
|t:|1769410317
|move|p1a: Alomomola|Flip Turn|p2a: Torkoal
|-supereffective|p2a: Torkoal
|-damage|p2a: Torkoal|88/100
|
|t:|1769410319
|switch|p1a: Slowking|Slowking-Galar, M|100/100|[from] Flip Turn
|move|p2a: Torkoal|Stealth Rock|p1a: Slowking
|-sidestart|p1: CL IRL|move: Stealth Rock
|
|-weather|SunnyDay|[upkeep]
|upkeep
|turn|2
|
|t:|1769410333
|switch|p2a: Walking Wake|Walking Wake|100/100
|-activate|p2a: Walking Wake|ability: Protosynthesis
|-start|p2a: Walking Wake|protosynthesisspa
|-prepare|p1a: Slowking|Chilly Reception|[premajor]
|move|p1a: Slowking|Chilly Reception|p1a: Slowking
|-weather|Snowscape
|-end|p2a: Walking Wake|Protosynthesis
|
|t:|1769410337
|switch|p1a: Iron Valiant|Iron Valiant|100/100|[from] Chilly Reception
|-damage|p1a: Iron Valiant|94/100|[from] Stealth Rock
|
|-weather|Snowscape|[upkeep]
|upkeep
|turn|3
|
|t:|1769410342
|-end|p2a: Walking Wake|Protosynthesis|[silent]
|switch|p2a: Torkoal|Torkoal, F|88/100
|-weather|SunnyDay|[from] ability: Drought|[of] p2a: Torkoal
|move|p1a: Iron Valiant|Moonblast|p2a: Torkoal
|-resisted|p2a: Torkoal
|-damage|p2a: Torkoal|49/100
|
|-weather|SunnyDay|[upkeep]
|upkeep
|turn|4
|
|t:|1769410345
|-end|p1a: Iron Valiant|Quark Drive|[silent]
|switch|p1a: Slowking|Slowking-Galar, M|100/100
|switch|p2a: Hatterene|Hatterene, F, shiny|100/100
|
|-weather|SunnyDay|[upkeep]
|upkeep
|turn|5
|
|t:|1769410349
|move|p2a: Hatterene|Psyshock|p1a: Slowking
|-damage|p1a: Slowking|65/100
|-prepare|p1a: Slowking|Chilly Reception|[premajor]
|move|p1a: Slowking|Chilly Reception|p1a: Slowking
|-weather|Snowscape
|
|t:|1769410352
|switch|p1a: Corviknight|Corviknight, M|100/100|[from] Chilly Reception
|-damage|p1a: Corviknight|88/100|[from] Stealth Rock
|-ability|p1a: Corviknight|Pressure
|
|-weather|Snowscape|[upkeep]
|-heal|p1a: Corviknight|94/100|[from] item: Leftovers
|upkeep
|turn|6
|
|t:|1769410356
|move|p1a: Corviknight|Defog|p2a: Hatterene
|move|p2a: Hatterene|Defog|p1a: Corviknight|[from] ability: Magic Bounce
|-unboost|p1a: Corviknight|evasion|1
|-sideend|p1: CL IRL|Stealth Rock|[from] move: Defog|[of] p2a: Hatterene
|move|p2a: Hatterene|Mystical Fire|p1a: Corviknight
|-supereffective|p1a: Corviknight
|-damage|p1a: Corviknight|61/100
|-unboost|p1a: Corviknight|spa|1
|
|-weather|Snowscape|[upkeep]
|-heal|p1a: Corviknight|67/100|[from] item: Leftovers
|upkeep
|turn|7
|
|t:|1769410366
|switch|p1a: Slowking|Slowking-Galar, M|98/100
|move|p2a: Hatterene|Mystical Fire|p1a: Slowking
|-damage|p1a: Slowking|85/100
|-unboost|p1a: Slowking|spa|1
|
|-weather|Snowscape|[upkeep]
|upkeep
|turn|8
|
|t:|1769410372
|switch|p2a: Torkoal|Torkoal, F|49/100
|-weather|SunnyDay|[from] ability: Drought|[of] p2a: Torkoal
|move|p1a: Slowking|Sludge Bomb|p2a: Torkoal
|-damage|p2a: Torkoal|21/100
|
|-weather|SunnyDay|[upkeep]
|upkeep
|turn|9
|
|t:|1769410376
|move|p2a: Torkoal|Stealth Rock|p1a: Slowking
|-sidestart|p1: CL IRL|move: Stealth Rock
|-prepare|p1a: Slowking|Chilly Reception|[premajor]
|move|p1a: Slowking|Chilly Reception|p1a: Slowking
|-weather|Snowscape
|
|t:|1769410381
|switch|p1a: Iron Valiant|Iron Valiant|94/100|[from] Chilly Reception
|-damage|p1a: Iron Valiant|88/100|[from] Stealth Rock
|
|-weather|Snowscape|[upkeep]
|upkeep
|turn|10
|
|t:|1769410385
|switch|p2a: Hatterene|Hatterene, F, shiny|100/100
|move|p1a: Iron Valiant|Shadow Ball|p2a: Hatterene
|-supereffective|p2a: Hatterene
|-damage|p2a: Hatterene|33/100
|-enditem|p2a: Hatterene|Eject Button
|
|t:|1769410390
|switch|p2a: Torkoal|Torkoal, F|21/100
|-weather|SunnyDay|[from] ability: Drought|[of] p2a: Torkoal
|
|-weather|SunnyDay|[upkeep]
|upkeep
|turn|11
|
|t:|1769410396
|switch|p2a: Ceruledge|Ceruledge, F|100/100
|move|p1a: Iron Valiant|Shadow Ball|p2a: Ceruledge
|-supereffective|p2a: Ceruledge
|-damage|p2a: Ceruledge|2/100
|
|-weather|SunnyDay|[upkeep]
|upkeep
|turn|12
|
|t:|1769410402
|move|p2a: Ceruledge|Shadow Sneak|p1a: Iron Valiant
|-damage|p1a: Iron Valiant|57/100
|move|p1a: Iron Valiant|Shadow Ball|p2a: Ceruledge
|-supereffective|p2a: Ceruledge
|-damage|p2a: Ceruledge|0 fnt
|faint|p2a: Ceruledge
|
|-weather|SunnyDay|[upkeep]
|upkeep
|
|t:|1769410409
|switch|p2a: Scovillain|Scovillain, F|100/100
|turn|13
|
|t:|1769410416
|-end|p1a: Iron Valiant|Quark Drive|[silent]
|switch|p1a: Slowking|Slowking-Galar, M|100/100
|move|p2a: Scovillain|Flamethrower|p1a: Slowking
|-damage|p1a: Slowking|53/100
|-damage|p2a: Scovillain|91/100|[from] item: Life Orb
|
|-weather|SunnyDay|[upkeep]
|upkeep
|turn|14
|
|t:|1769410424
|-terastallize|p2a: Scovillain|Ground
|move|p2a: Scovillain|Tera Blast|p1a: Slowking|[anim] Tera Blast Ground
|-supereffective|p1a: Slowking
|-damage|p1a: Slowking|1/100
|-damage|p2a: Scovillain|81/100|[from] item: Life Orb
|-prepare|p1a: Slowking|Chilly Reception|[premajor]
|move|p1a: Slowking|Chilly Reception|p1a: Slowking
|-weather|Snowscape
|
|t:|1769410433
|switch|p1a: Corviknight|Corviknight, M|67/100|[from] Chilly Reception
|-damage|p1a: Corviknight|54/100|[from] Stealth Rock
|-ability|p1a: Corviknight|Pressure
|
|-weather|Snowscape|[upkeep]
|-heal|p1a: Corviknight|61/100|[from] item: Leftovers
|upkeep
|turn|15
|
|t:|1769410439
|switch|p2a: Torkoal|Torkoal, F|21/100
|-weather|SunnyDay|[from] ability: Drought|[of] p2a: Torkoal
|move|p1a: Corviknight|U-turn|p2a: Torkoal
|-resisted|p2a: Torkoal
|-damage|p2a: Torkoal|15/100
|
|t:|1769410441
|switch|p1a: Slowking|Slowking-Galar, M|35/100|[from] U-turn
|
|-weather|SunnyDay|[upkeep]
|upkeep
|turn|16
|
|t:|1769410445
|move|p2a: Torkoal|Earthquake|p1a: Slowking
|-supereffective|p1a: Slowking
|-damage|p1a: Slowking|0 fnt
|faint|p1a: Slowking
|
|-weather|SunnyDay|[upkeep]
|upkeep
|
|t:|1769410450
|switch|p1a: Corviknight|Corviknight, M|61/100
|-damage|p1a: Corviknight|48/100|[from] Stealth Rock
|-ability|p1a: Corviknight|Pressure
|turn|17
|
|t:|1769410455
|switch|p2a: Scovillain|Scovillain, F, tera:Ground|81/100
|move|p1a: Corviknight|Roost|p1a: Corviknight
|-heal|p1a: Corviknight|98/100
|-singleturn|p1a: Corviknight|move: Roost
|
|-weather|SunnyDay|[upkeep]
|-heal|p1a: Corviknight|100/100|[from] item: Leftovers
|upkeep
|turn|18
|
|t:|1769410460
|move|p2a: Scovillain|Growth|p2a: Scovillain
|-boost|p2a: Scovillain|atk|2
|-boost|p2a: Scovillain|spa|2
|move|p1a: Corviknight|Defog|p2a: Scovillain
|-unboost|p2a: Scovillain|evasion|1
|-sideend|p1: CL IRL|Stealth Rock|[from] move: Defog|[of] p1a: Corviknight
|
|-weather|SunnyDay|[upkeep]
|upkeep
|turn|19
|
|t:|1769410464
|switch|p1a: Alomomola|Alomomola, F|100/100
|move|p2a: Scovillain|Flamethrower|p1a: Alomomola
|-resisted|p1a: Alomomola
|-damage|p1a: Alomomola|3/100
|-damage|p2a: Scovillain|71/100|[from] item: Life Orb
|
|-weather|SunnyDay|[upkeep]
|upkeep
|turn|20
|
|t:|1769410470
|move|p1a: Alomomola|Protect|p1a: Alomomola
|-singleturn|p1a: Alomomola|Protect
|move|p2a: Scovillain|Giga Drain|p1a: Alomomola
|-activate|p1a: Alomomola|move: Protect
|
|-weather|SunnyDay|[upkeep]
|upkeep
|turn|21
|
|t:|1769410477
|switch|p1a: Corviknight|Corviknight, M|100/100
|-ability|p1a: Corviknight|Pressure
|move|p2a: Scovillain|Flamethrower|p1a: Corviknight
|-supereffective|p1a: Corviknight
|-damage|p1a: Corviknight|0 fnt
|faint|p1a: Corviknight
|-damage|p2a: Scovillain|61/100|[from] item: Life Orb
|
|-weather|SunnyDay|[upkeep]
|upkeep
|
|t:|1769410481
|switch|p1a: Gliscor|Gliscor, F|100/100
|turn|22
|
|t:|1769410485
|move|p1a: Gliscor|Protect|p1a: Gliscor
|-singleturn|p1a: Gliscor|Protect
|move|p2a: Scovillain|Giga Drain|p1a: Gliscor
|-activate|p1a: Gliscor|move: Protect
|
|-weather|none
|-status|p1a: Gliscor|tox|[from] item: Toxic Orb
|upkeep
|turn|23
|
|t:|1769410492
|move|p2a: Scovillain|Giga Drain|p1a: Gliscor
|-damage|p1a: Gliscor|0 fnt
|-heal|p2a: Scovillain|100/100|[from] drain|[of] p1a: Gliscor
|faint|p1a: Gliscor
|-damage|p2a: Scovillain|91/100|[from] item: Life Orb
|
|upkeep
|
|t:|1769410495
|switch|p1a: Iron Valiant|Iron Valiant|57/100
|turn|24
|
|t:|1769410498
|move|p1a: Iron Valiant|Moonblast|p2a: Scovillain
|-damage|p2a: Scovillain|0 fnt
|faint|p2a: Scovillain
|
|upkeep
|
|t:|1769410503
|switch|p2a: Torkoal|Torkoal, F|15/100
|-weather|SunnyDay|[from] ability: Drought|[of] p2a: Torkoal
|turn|25
|
|t:|1769410506
|move|p1a: Iron Valiant|Moonblast|p2a: Torkoal
|-resisted|p2a: Torkoal
|-damage|p2a: Torkoal|0 fnt
|faint|p2a: Torkoal
|
|-weather|SunnyDay|[upkeep]
|upkeep
|
|t:|1769410517
|switch|p2a: Don|Great Tusk, shiny|100/100
|-activate|p2a: Don|ability: Protosynthesis
|-start|p2a: Don|protosynthesisatk
|turn|26
|
|t:|1769410525
|move|p1a: Iron Valiant|Moonblast|p2a: Don
|-supereffective|p2a: Don
|-damage|p2a: Don|0 fnt
|faint|p2a: Don
|-end|p2a: Don|Protosynthesis|[silent]
|
|-weather|SunnyDay|[upkeep]
|upkeep
|
|t:|1769410527
|switch|p2a: Walking Wake|Walking Wake|100/100
|-activate|p2a: Walking Wake|ability: Protosynthesis
|-start|p2a: Walking Wake|protosynthesisspa
|turn|27
|
|t:|1769410531
|move|p1a: Iron Valiant|Moonblast|p2a: Walking Wake
|-supereffective|p2a: Walking Wake
|-crit|p2a: Walking Wake
|-damage|p2a: Walking Wake|0 fnt
|faint|p2a: Walking Wake
|-end|p2a: Walking Wake|Protosynthesis|[silent]
|
|-weather|SunnyDay|[upkeep]
|upkeep
|-message|pinkwalll forfeited.
|
|win|CL IRL
|raw|CL IRL's rating: 1448 &rarr; <strong>1470</strong><br />(+22 for winning)
|raw|pinkwalll's rating: 1475 &rarr; <strong>1453</strong><br />(-22 for losing)
|l|☆pinkwalll
|player|p2|
|c|☆CL IRL|why do you have max spa
|c|☆CL IRL|on wake
|l|☆CL IRL
|player|p1|
