|j|☆lemoned2679
|j|☆bumpered
|t:|1769411785
|gametype|singles
|player|p1|lemoned2679|fisherman-gen4|1180
|player|p2|bumpered|roxie|1160
|gen|9
|tier|[Gen 9] OU
|rated|
|rule|HP Percentage Mod: HP is shown in percentages
|rule|Endless Battle Clause: Forcing endless battles is banned
|rule|Species Clause: Limit one of each Pokémon
|rule|OHKO Clause: OHKO moves are banned
|rule|Evasion Items Clause: Evasion items are banned
|rule|Evasion Moves Clause: Evasion moves are banned
|rule|Evasion Abilities Clause: Evasion abilities are banned
|rule|Sleep Moves Clause: Sleep-inducing moves are banned
|clearpoke
|poke|p1|Dragonite, M|
|poke|p1|Lilligant, F|
|poke|p1|Toxapex, F|
|poke|p1|Cloyster, M|
|poke|p1|Porygon2|
|poke|p1|Torkoal, F|
|poke|p2|Ninetales, M|
|poke|p2|Slither Wing|
|poke|p2|Leavanny, F|
|poke|p2|Walking Wake|
|poke|p2|Skeledirge, F|
|poke|p2|Great Tusk|
|teampreview
|inactive|Battle timer is ON: inactive players will automatically lose when time's up. (requested by bumpered)
|
|t:|1769411793
|teamsize|p1|6
|teamsize|p2|6
|start
|switch|p1a: Cloyster|Cloyster, M|100/100
|switch|p2a: Leavanny|Leavanny, F|100/100
|turn|1
|
|t:|1769411803
|move|p2a: Leavanny|Leaf Storm|p1a: Cloyster
|-supereffective|p1a: Cloyster
|-enditem|p1a: Cloyster|Focus Sash
|-damage|p1a: Cloyster|1/100
|-unboost|p2a: Leavanny|spa|2
|-enditem|p2a: Leavanny|Eject Pack
|
|t:|1769411809
|switch|p2a: Slither Wing|Slither Wing|100/100
|move|p1a: Cloyster|Shell Smash|p1a: Cloyster
|-unboost|p1a: Cloyster|def|1
|-unboost|p1a: Cloyster|spd|1
|-boost|p1a: Cloyster|atk|2
|-boost|p1a: Cloyster|spa|2
|-boost|p1a: Cloyster|spe|2
|
|upkeep
|turn|2
|
|t:|1769411818
|move|p2a: Slither Wing|First Impression|p1a: Cloyster
|-damage|p1a: Cloyster|0 fnt
|faint|p1a: Cloyster
|
|upkeep
|
|t:|1769411835
|switch|p1a: Toxapex|Toxapex, F|100/100
|turn|3
|
|t:|1769411839
|move|p2a: Slither Wing|U-turn|p1a: Toxapex
|-resisted|p1a: Toxapex
|-damage|p1a: Toxapex|84/100
|
|t:|1769411844
|-end|p2a: Slither Wing|Protosynthesis|[silent]
|switch|p2a: Ninetales|Ninetales, M|100/100|[from] U-turn
|-weather|SunnyDay|[from] ability: Drought|[of] p2a: Ninetales
|move|p1a: Toxapex|Toxic Spikes|p2a: Ninetales
|-sidestart|p2: bumpered|move: Toxic Spikes
|
|-weather|SunnyDay|[upkeep]
|-heal|p1a: Toxapex|91/100|[from] item: Black Sludge
|upkeep
|turn|4
|inactive|bumpered has 120 seconds left.
|
|t:|1769411877
|switch|p2a: Great Tusk|Great Tusk|100/100
|-status|p2a: Great Tusk|psn
|-activate|p2a: Great Tusk|ability: Protosynthesis
|-start|p2a: Great Tusk|protosynthesisatk
|move|p1a: Toxapex|Surf|p2a: Great Tusk
|-supereffective|p2a: Great Tusk
|-damage|p2a: Great Tusk|60/100 psn
|
|-weather|SunnyDay|[upkeep]
|-heal|p1a: Toxapex|97/100|[from] item: Black Sludge
|-damage|p2a: Great Tusk|47/100 psn|[from] psn
|upkeep
|turn|5
|inactive|bumpered has 120 seconds left.
|
|t:|1769411895
|move|p2a: Great Tusk|Rapid Spin|p1a: Toxapex
|-damage|p1a: Toxapex|80/100
|-boost|p2a: Great Tusk|spe|1
|-sideend|p2: bumpered|Toxic Spikes|[from] move: Rapid Spin|[of] p2a: Great Tusk
|move|p1a: Toxapex|Surf|p2a: Great Tusk
|-supereffective|p2a: Great Tusk
|-damage|p2a: Great Tusk|2/100 psn
|
|-weather|SunnyDay|[upkeep]
|-heal|p1a: Toxapex|87/100|[from] item: Black Sludge
|-damage|p2a: Great Tusk|0 fnt|[from] psn
|faint|p2a: Great Tusk
|-end|p2a: Great Tusk|Protosynthesis|[silent]
|upkeep
|inactive|bumpered has 120 seconds left.
|
|t:|1769411914
|switch|p2a: Slither Wing|Slither Wing|100/100
|-activate|p2a: Slither Wing|ability: Protosynthesis
|-start|p2a: Slither Wing|protosynthesisatk
|turn|6
|
|t:|1769411920
|-end|p2a: Slither Wing|Protosynthesis|[silent]
|switch|p2a: Leavanny|Leavanny, F|100/100
|move|p1a: Toxapex|Baneful Bunker||[still]
|-fail|p1a: Toxapex
|
|-weather|SunnyDay|[upkeep]
|-heal|p1a: Toxapex|93/100|[from] item: Black Sludge
|upkeep
|turn|7
|inactive|bumpered has 120 seconds left.
|
|t:|1769411927
|move|p2a: Leavanny|Sticky Web|p1a: Toxapex
|-sidestart|p1: lemoned2679|move: Sticky Web
|move|p1a: Toxapex|Toxic|p2a: Leavanny
|-status|p2a: Leavanny|tox
|
|-weather|SunnyDay|[upkeep]
|-heal|p1a: Toxapex|99/100|[from] item: Black Sludge
|-damage|p2a: Leavanny|94/100 tox|[from] psn
|upkeep
|turn|8
|inactive|bumpered has 120 seconds left.
|
|t:|1769411937
|move|p2a: Leavanny|Leaf Storm|p1a: Toxapex
|-damage|p1a: Toxapex|63/100
|-unboost|p2a: Leavanny|spa|2
|move|p1a: Toxapex|Toxic Spikes|p2a: Leavanny
|-sidestart|p2: bumpered|move: Toxic Spikes
|
|-weather|SunnyDay|[upkeep]
|-heal|p1a: Toxapex|69/100|[from] item: Black Sludge
|-damage|p2a: Leavanny|82/100 tox|[from] psn
|upkeep
|turn|9
|inactive|bumpered has 120 seconds left.
|
|t:|1769411949
|switch|p2a: Walking Wake|Walking Wake|100/100
|-status|p2a: Walking Wake|psn
|-activate|p2a: Walking Wake|ability: Protosynthesis
|-start|p2a: Walking Wake|protosynthesisspa
|move|p1a: Toxapex|Toxic Spikes|p2a: Walking Wake
|-sidestart|p2: bumpered|move: Toxic Spikes
|
|-weather|SunnyDay|[upkeep]
|-heal|p1a: Toxapex|75/100|[from] item: Black Sludge
|-damage|p2a: Walking Wake|88/100 psn|[from] psn
|upkeep
|turn|10
|inactive|bumpered has 120 seconds left.
|
|t:|1769411962
|move|p1a: Toxapex|Baneful Bunker|p1a: Toxapex
|-singleturn|p1a: Toxapex|move: Protect
|move|p2a: Walking Wake|Draco Meteor|p1a: Toxapex
|-activate|p1a: Toxapex|move: Protect
|
|-weather|none
|-end|p2a: Walking Wake|Protosynthesis
|-heal|p1a: Toxapex|81/100|[from] item: Black Sludge
|-damage|p2a: Walking Wake|76/100 psn|[from] psn
|upkeep
|turn|11
|
|t:|1769411971
|move|p2a: Walking Wake|Draco Meteor|p1a: Toxapex
|-damage|p1a: Toxapex|10/100
|-unboost|p2a: Walking Wake|spa|2
|-damage|p2a: Walking Wake|66/100 psn|[from] item: Life Orb
|move|p1a: Toxapex|Surf|p2a: Walking Wake
|-resisted|p2a: Walking Wake
|-damage|p2a: Walking Wake|57/100 psn
|
|-heal|p1a: Toxapex|17/100|[from] item: Black Sludge
|-damage|p2a: Walking Wake|44/100 psn|[from] psn
|upkeep
|turn|12
|
|t:|1769411982
|-end|p2a: Walking Wake|Protosynthesis|[silent]
|switch|p2a: Ninetales|Ninetales, M|100/100
|-status|p2a: Ninetales|tox
|-weather|SunnyDay|[from] ability: Drought|[of] p2a: Ninetales
|move|p1a: Toxapex|Baneful Bunker||[still]
|-fail|p1a: Toxapex
|
|-weather|SunnyDay|[upkeep]
|-heal|p1a: Toxapex|23/100|[from] item: Black Sludge
|-damage|p2a: Ninetales|94/100 tox|[from] psn
|upkeep
|turn|13
|
|t:|1769411992
|move|p2a: Ninetales|Healing Wish|p2a: Ninetales
|faint|p2a: Ninetales
|move|p1a: Toxapex|Surf|p2: Ninetales|[notarget]
|-fail|p1a: Toxapex
|
|-weather|SunnyDay|[upkeep]
|-heal|p1a: Toxapex|29/100|[from] item: Black Sludge
|upkeep
|
|t:|1769411998
|switch|p2a: Walking Wake|Walking Wake|44/100 psn
|-heal|p2a: Walking Wake|100/100|[from] move: Healing Wish
|-status|p2a: Walking Wake|tox
|-activate|p2a: Walking Wake|ability: Protosynthesis
|-start|p2a: Walking Wake|protosynthesisspa
|turn|14
|
|t:|1769412005
|move|p1a: Toxapex|Baneful Bunker|p1a: Toxapex
|-singleturn|p1a: Toxapex|move: Protect
|move|p2a: Walking Wake|Draco Meteor|p1a: Toxapex
|-activate|p1a: Toxapex|move: Protect
|
|-weather|SunnyDay|[upkeep]
|-heal|p1a: Toxapex|35/100|[from] item: Black Sludge
|-damage|p2a: Walking Wake|94/100 tox|[from] psn
|upkeep
|turn|15
|
|t:|1769412014
|switch|p1a: Lilligant|Lilligant, F|100/100
|-activate|p1a: Lilligant|move: Sticky Web
|-unboost|p1a: Lilligant|spe|1
|move|p2a: Walking Wake|Draco Meteor|p1a: Lilligant
|-damage|p1a: Lilligant|0 fnt
|-unboost|p2a: Walking Wake|spa|2
|faint|p1a: Lilligant
|-damage|p2a: Walking Wake|85/100 tox|[from] item: Life Orb
|
|-weather|SunnyDay|[upkeep]
|-damage|p2a: Walking Wake|72/100 tox|[from] psn
|upkeep
|
|t:|1769412030
|switch|p1a: Porygon2|Porygon2|100/100
|-activate|p1a: Porygon2|move: Sticky Web
|-unboost|p1a: Porygon2|spe|1
|turn|16
|
|t:|1769412039
|-end|p2a: Walking Wake|Protosynthesis|[silent]
|switch|p2a: Slither Wing|Slither Wing|100/100
|-status|p2a: Slither Wing|tox
|-activate|p2a: Slither Wing|ability: Protosynthesis
|-start|p2a: Slither Wing|protosynthesisatk
|move|p1a: Porygon2|Thunderbolt|p2a: Slither Wing
|-damage|p2a: Slither Wing|78/100 tox
|
|-weather|SunnyDay|[upkeep]
|-damage|p2a: Slither Wing|72/100 tox|[from] psn
|upkeep
|turn|17
|
|t:|1769412052
|-terastallize|p1a: Porygon2|Ghost
|move|p2a: Slither Wing|Close Combat|p1a: Porygon2
|-immune|p1a: Porygon2
|move|p1a: Porygon2|Shadow Ball|p2a: Slither Wing
|-damage|p2a: Slither Wing|44/100 tox
|
|-weather|SunnyDay|[upkeep]
|-damage|p2a: Slither Wing|32/100 tox|[from] psn
|upkeep
|turn|18
|
|t:|1769412064
|-terastallize|p2a: Slither Wing|Fire
|move|p2a: Slither Wing|Flare Blitz|p1a: Porygon2
|-damage|p1a: Porygon2|9/100
|-damage|p2a: Slither Wing|0 fnt|[from] Recoil
|faint|p2a: Slither Wing
|-end|p2a: Slither Wing|Protosynthesis|[silent]
|move|p1a: Porygon2|Ice Beam|p2: Slither Wing|[notarget]
|-fail|p1a: Porygon2
|
|-weather|SunnyDay|[upkeep]
|upkeep
|
|t:|1769412078
|switch|p2a: Leavanny|Leavanny, F|82/100 tox
|-ability|p1a: Porygon2|Chlorophyll|Trace|[from] ability: Trace|[of] p2a: Leavanny
|turn|19
|
|t:|1769412087
|move|p2a: Leavanny|Leaf Storm|p1a: Porygon2
|-damage|p1a: Porygon2|0 fnt
|-unboost|p2a: Leavanny|spa|2
|faint|p1a: Porygon2
|
|-weather|none
|-damage|p2a: Leavanny|76/100 tox|[from] psn
|upkeep
|
|t:|1769412091
|switch|p1a: Torkoal|Torkoal, F|100/100
|-activate|p1a: Torkoal|move: Sticky Web
|-unboost|p1a: Torkoal|spe|1
|-weather|SunnyDay|[from] ability: Drought|[of] p1a: Torkoal
|turn|20
|
|t:|1769412106
|switch|p2a: Skeledirge|Skeledirge, F|100/100
|move|p1a: Torkoal|Stealth Rock|p2a: Skeledirge
|-sidestart|p2: bumpered|move: Stealth Rock
|
|-weather|SunnyDay|[upkeep]
|upkeep
|turn|21
|
|t:|1769412114
|move|p2a: Skeledirge|Torch Song|p1a: Torkoal
|-resisted|p1a: Torkoal
|-damage|p1a: Torkoal|77/100
|-boost|p2a: Skeledirge|spa|1
|move|p1a: Torkoal|Scorching Sands|p2a: Skeledirge
|-supereffective|p2a: Skeledirge
|-damage|p2a: Skeledirge|76/100
|
|-weather|SunnyDay|[upkeep]
|upkeep
|turn|22
|
|t:|1769412122
|move|p2a: Skeledirge|Torch Song|p1a: Torkoal
|-resisted|p1a: Torkoal
|-crit|p1a: Torkoal
|-damage|p1a: Torkoal|30/100
|-boost|p2a: Skeledirge|spa|1
|move|p1a: Torkoal|Scorching Sands|p2a: Skeledirge
|-supereffective|p2a: Skeledirge
|-damage|p2a: Skeledirge|51/100
|
|-weather|SunnyDay|[upkeep]
|upkeep
|turn|23
|
|t:|1769412131
|move|p2a: Skeledirge|Slack Off|p2a: Skeledirge
|-heal|p2a: Skeledirge|100/100
|move|p1a: Torkoal|Scorching Sands|p2a: Skeledirge
|-supereffective|p2a: Skeledirge
|-damage|p2a: Skeledirge|74/100
|
|-weather|SunnyDay|[upkeep]
|upkeep
|turn|24
|
|t:|1769412139
|move|p2a: Skeledirge|Torch Song|p1a: Torkoal
|-resisted|p1a: Torkoal
|-damage|p1a: Torkoal|0 fnt
|-boost|p2a: Skeledirge|spa|1
|faint|p1a: Torkoal
|
|-weather|none
|upkeep
|
|t:|1769412144
|switch|p1a: Toxapex|Toxapex, F|69/100
|-activate|p1a: Toxapex|move: Sticky Web
|-unboost|p1a: Toxapex|spe|1
|turn|25
|
|t:|1769412148
|move|p2a: Skeledirge|Will-O-Wisp|p1a: Toxapex
|-status|p1a: Toxapex|brn
|move|p1a: Toxapex|Toxic|p2a: Skeledirge
|-status|p2a: Skeledirge|tox
|
|-heal|p1a: Toxapex|75/100 brn|[from] item: Black Sludge
|-damage|p2a: Skeledirge|68/100 tox|[from] psn
|-damage|p1a: Toxapex|69/100 brn|[from] brn
|upkeep
|turn|26
|
|t:|1769412158
|move|p2a: Skeledirge|Slack Off|p2a: Skeledirge
|-heal|p2a: Skeledirge|100/100 tox
|move|p1a: Toxapex|Surf|p2a: Skeledirge
|-supereffective|p2a: Skeledirge
|-damage|p2a: Skeledirge|51/100 tox
|
|-heal|p1a: Toxapex|75/100 brn|[from] item: Black Sludge
|-damage|p2a: Skeledirge|39/100 tox|[from] psn
|-damage|p1a: Toxapex|69/100 brn|[from] brn
|upkeep
|turn|27
|
|t:|1769412168
|move|p2a: Skeledirge|Slack Off|p2a: Skeledirge
|-heal|p2a: Skeledirge|89/100 tox
|move|p1a: Toxapex|Surf|p2a: Skeledirge
|-supereffective|p2a: Skeledirge
|-damage|p2a: Skeledirge|44/100 tox
|
|-heal|p1a: Toxapex|75/100 brn|[from] item: Black Sludge
|-damage|p2a: Skeledirge|25/100 tox|[from] psn
|-damage|p1a: Toxapex|69/100 brn|[from] brn
|upkeep
|turn|28
|
|t:|1769412178
|move|p2a: Skeledirge|Hex|p1a: Toxapex
|-damage|p1a: Toxapex|0 fnt
|faint|p1a: Toxapex
|
|-damage|p2a: Skeledirge|1/100 tox|[from] psn
|upkeep
|
|t:|1769412184
|switch|p1a: Dragonite|Dragonite, M|100/100
|turn|29
|c|☆bumpered|using pex in the big 26
|
|t:|1769412193
|move|p1a: Dragonite|Ice Spinner|p2a: Skeledirge
|-resisted|p2a: Skeledirge
|-damage|p2a: Skeledirge|0 fnt
|faint|p2a: Skeledirge
|
|upkeep
|
|t:|1769412198
|switch|p2a: Walking Wake|Walking Wake|72/100 tox
|-damage|p2a: Walking Wake|60/100 tox|[from] Stealth Rock
|turn|30
|
|t:|1769412207
|move|p2a: Walking Wake|Draco Meteor|p1a: Dragonite
|-supereffective|p1a: Dragonite
|-damage|p1a: Dragonite|6/100
|-unboost|p2a: Walking Wake|spa|2
|-damage|p2a: Walking Wake|50/100 tox|[from] item: Life Orb
|move|p1a: Dragonite|Ice Spinner|p2a: Walking Wake
|-damage|p2a: Walking Wake|17/100 tox
|
|-damage|p2a: Walking Wake|11/100 tox|[from] psn
|upkeep
|turn|31
|
|t:|1769412216
|move|p1a: Dragonite|Extreme Speed|p2a: Walking Wake
|-damage|p2a: Walking Wake|0 fnt
|faint|p2a: Walking Wake
|-end|p2a: Walking Wake|Protosynthesis|[silent]
|
|upkeep
|
|t:|1769412221
|switch|p2a: Leavanny|Leavanny, F|76/100 tox
|-damage|p2a: Leavanny|51/100 tox|[from] Stealth Rock
|turn|32
|
|t:|1769412234
|move|p1a: Dragonite|Extreme Speed|p2a: Leavanny
|-damage|p2a: Leavanny|10/100 tox
|move|p2a: Leavanny|Triple Axel|p1a: Dragonite
|-supereffective|p1a: Dragonite
|-damage|p1a: Dragonite|0 fnt
|faint|p1a: Dragonite
|-hitcount|p1: Dragonite|1
|
|win|bumpered
|raw|lemoned2679's rating: 1180 &rarr; <strong>1154</strong><br />(-26 for losing)
|raw|bumpered's rating: 1160 &rarr; <strong>1186</strong><br />(+26 for winning)
|l|☆lemoned2679
|player|p1|
|l|☆bumpered
|player|p2|
