|j|☆palmin
|j|☆Shimeon91
|t:|1769447302
|gametype|singles
|player|p1|palmin|1|1362
|player|p2|Shimeon91|2|1346
|gen|9
|tier|[Gen 9] OU
|rated|
|rule|HP Percentage Mod: HP is shown in percentages
|rule|Endless Battle Clause: Forcing endless battles is banned
|rule|Species Clause: Limit one of each Pokémon
|rule|OHKO Clause: OHKO moves are banned
|rule|Evasion Items Clause: Evasion items are banned
|rule|Evasion Moves Clause: Evasion moves are banned
|rule|Evasion Abilities Clause: Evasion abilities are banned
|rule|Sleep Moves Clause: Sleep-inducing moves are banned
|clearpoke
|poke|p1|Iron Crown|
|poke|p1|Zapdos|
|poke|p1|Glimmora, F|
|poke|p1|Kingambit, F|
|poke|p1|Enamorus, F|
|poke|p1|Great Tusk|
|poke|p2|Cetitan, F|
|poke|p2|Gyarados, M|
|poke|p2|Pecharunt|
|poke|p2|Toxicroak, M|
|poke|p2|Slowking-Galar, M|
|poke|p2|Glimmora, F|
|teampreview
|inactive|Battle timer is ON: inactive players will automatically lose when time's up. (requested by palmin)
|
|t:|1769447317
|teamsize|p1|6
|teamsize|p2|6
|start
|switch|p1a: Iron Crown|Iron Crown|100/100
|switch|p2a: Slowking|Slowking-Galar, M|100/100
|turn|1
|
|t:|1769447324
|-terastallize|p1a: Iron Crown|Steel
|move|p1a: Iron Crown|Tachyon Cutter|p2a: Slowking
|-damage|p2a: Slowking|71/100
|-damage|p2a: Slowking|43/100
|-hitcount|p2a: Slowking|2
|-prepare|p2a: Slowking|Chilly Reception|[premajor]
|move|p2a: Slowking|Chilly Reception|p2a: Slowking
|-weather|Snowscape
|
|t:|1769447333
|switch|p2a: Cetitan|Cetitan, F, shiny|100/100|[from] Chilly Reception
|
|-weather|Snowscape|[upkeep]
|upkeep
|turn|2
|
|t:|1769447339
|-terastallize|p2a: Cetitan|Fighting
|move|p2a: Cetitan|Superpower|p1a: Iron Crown
|-supereffective|p1a: Iron Crown
|-damage|p1a: Iron Crown|0 fnt
|-unboost|p2a: Cetitan|atk|1
|-unboost|p2a: Cetitan|def|1
|faint|p1a: Iron Crown
|-end|p1a: Iron Crown|Quark Drive|[silent]
|
|-weather|Snowscape|[upkeep]
|upkeep
|
|t:|1769447349
|switch|p1a: Glimmora|Glimmora, F|100/100
|turn|3
|
|t:|1769447355
|switch|p2a: Slowking|Slowking-Galar, M|76/100
|move|p1a: Glimmora|Power Gem|p2a: Slowking
|-damage|p2a: Slowking|50/100
|
|-weather|Snowscape|[upkeep]
|upkeep
|turn|4
|
|t:|1769447366
|move|p1a: Glimmora|Earth Power|p2a: Slowking
|-supereffective|p2a: Slowking
|-damage|p2a: Slowking|11/100
|-unboost|p2a: Slowking|spd|1
|move|p2a: Slowking|Thunder Wave|p1a: Glimmora
|-status|p1a: Glimmora|par
|
|-weather|Snowscape|[upkeep]
|upkeep
|turn|5
|
|t:|1769447380
|switch|p2a: Glimmora|Glimmora, F|100/100
|cant|p1a: Glimmora|par
|
|-weather|none
|upkeep
|turn|6
|
|t:|1769447387
|move|p2a: Glimmora|Power Gem|p1a: Glimmora
|-damage|p1a: Glimmora|48/100 par
|move|p1a: Glimmora|Earth Power|p2a: Glimmora
|-supereffective|p2a: Glimmora
|-enditem|p2a: Glimmora|Focus Sash
|-damage|p2a: Glimmora|1/100
|
|upkeep
|turn|7
|
|t:|1769447395
|move|p2a: Glimmora|Power Gem|p1a: Glimmora
|-damage|p1a: Glimmora|0 fnt
|faint|p1a: Glimmora
|
|upkeep
|
|t:|1769447401
|switch|p1a: Great Tusk|Great Tusk|100/100
|-enditem|p1a: Great Tusk|Booster Energy
|-activate|p1a: Great Tusk|ability: Protosynthesis|[fromitem]
|-start|p1a: Great Tusk|protosynthesisatk
|turn|8
|
|t:|1769447412
|move|p2a: Glimmora|Stealth Rock|p1a: Great Tusk
|-sidestart|p1: palmin|move: Stealth Rock
|move|p1a: Great Tusk|Rapid Spin|p2a: Glimmora
|-resisted|p2a: Glimmora
|-damage|p2a: Glimmora|0 fnt
|-boost|p1a: Great Tusk|spe|1
|-activate|p2a: Glimmora|ability: Toxic Debris
|-sidestart|p1: palmin|move: Toxic Spikes
|-sideend|p1: palmin|Toxic Spikes|[from] move: Rapid Spin|[of] p1a: Great Tusk
|-sideend|p1: palmin|Stealth Rock|[from] move: Rapid Spin|[of] p1a: Great Tusk
|faint|p2a: Glimmora
|
|upkeep
|
|t:|1769447422
|switch|p2a: Gyarados|Gyarados, M|100/100
|-ability|p2a: Gyarados|Intimidate|boost
|-unboost|p1a: Great Tusk|atk|1
|turn|9
|
|t:|1769447427
|switch|p2a: Pecharunt|Pecharunt|100/100
|move|p1a: Great Tusk|Bulk Up|p1a: Great Tusk
|-boost|p1a: Great Tusk|atk|1
|-boost|p1a: Great Tusk|def|1
|
|upkeep
|turn|10
|
|t:|1769447434
|move|p1a: Great Tusk|Headlong Rush|p2a: Pecharunt
|-supereffective|p2a: Pecharunt
|-damage|p2a: Pecharunt|19/100
|-unboost|p1a: Great Tusk|def|1
|-unboost|p1a: Great Tusk|spd|1
|move|p2a: Pecharunt|Parting Shot|p1a: Great Tusk
|-unboost|p1a: Great Tusk|atk|1
|-unboost|p1a: Great Tusk|spa|1
|
|t:|1769447442
|switch|p2a: Gyarados|Gyarados, M|100/100|[from] Parting Shot
|-ability|p2a: Gyarados|Intimidate|boost
|-unboost|p1a: Great Tusk|atk|1
|
|upkeep
|turn|11
|
|t:|1769447448
|move|p1a: Great Tusk|Bulk Up|p1a: Great Tusk
|-boost|p1a: Great Tusk|atk|1
|-boost|p1a: Great Tusk|def|1
|move|p2a: Gyarados|Waterfall|p1a: Great Tusk
|-supereffective|p1a: Great Tusk
|-damage|p1a: Great Tusk|63/100
|
|upkeep
|turn|12
|
|t:|1769447456
|move|p1a: Great Tusk|Rapid Spin|p2a: Gyarados
|-damage|p2a: Gyarados|81/100
|-boost|p1a: Great Tusk|spe|1
|move|p2a: Gyarados|Dragon Dance|p2a: Gyarados
|-boost|p2a: Gyarados|atk|1
|-boost|p2a: Gyarados|spe|1
|
|upkeep
|turn|13
|
|t:|1769447463
|move|p1a: Great Tusk|Bulk Up|p1a: Great Tusk
|-boost|p1a: Great Tusk|atk|1
|-boost|p1a: Great Tusk|def|1
|move|p2a: Gyarados|Waterfall|p1a: Great Tusk
|-supereffective|p1a: Great Tusk
|-damage|p1a: Great Tusk|17/100
|
|upkeep
|turn|14
|
|t:|1769447471
|move|p1a: Great Tusk|Ice Spinner|p2a: Gyarados
|-damage|p2a: Gyarados|28/100
|move|p2a: Gyarados|Waterfall|p1a: Great Tusk
|-supereffective|p1a: Great Tusk
|-damage|p1a: Great Tusk|0 fnt
|faint|p1a: Great Tusk
|-end|p1a: Great Tusk|Protosynthesis|[silent]
|
|upkeep
|
|t:|1769447474
|switch|p1a: Enamorus|Enamorus, F|100/100
|turn|15
|
|t:|1769447483
|move|p1a: Enamorus|Moonblast|p2a: Gyarados
|-damage|p2a: Gyarados|0 fnt
|faint|p2a: Gyarados
|
|upkeep
|
|t:|1769447488
|switch|p2a: Slowking|Slowking-Galar, M|44/100
|turn|16
|
|t:|1769447491
|switch|p1a: Kingambit|Kingambit, F|100/100
|-activate|p1a: Kingambit|ability: Supreme Overlord
|-start|p1a: Kingambit|fallen3|[silent]
|-item|p1a: Kingambit|Air Balloon
|-prepare|p2a: Slowking|Chilly Reception|[premajor]
|move|p2a: Slowking|Chilly Reception|p2a: Slowking
|-weather|Snowscape
|
|t:|1769447499
|switch|p2a: Cetitan|Cetitan, F, shiny, tera:Fighting|100/100|[from] Chilly Reception
|
|-weather|Snowscape|[upkeep]
|upkeep
|turn|17
|
|t:|1769447505
|-end|p1a: Kingambit|fallen3|[silent]
|switch|p1a: Zapdos|Zapdos|100/100
|move|p2a: Cetitan|Ice Spinner|p1a: Zapdos
|-supereffective|p1a: Zapdos
|-damage|p1a: Zapdos|32/100
|-status|p2a: Cetitan|par|[from] ability: Static|[of] p1a: Zapdos
|
|-weather|Snowscape|[upkeep]
|upkeep
|turn|18
|
|t:|1769447514
|move|p2a: Cetitan|Ice Shard|p1a: Zapdos
|-supereffective|p1a: Zapdos
|-damage|p1a: Zapdos|0 fnt
|faint|p1a: Zapdos
|
|-weather|Snowscape|[upkeep]
|upkeep
|
|t:|1769447516
|switch|p1a: Enamorus|Enamorus, F|100/100
|turn|19
|
|t:|1769447522
|switch|p2a: Slowking|Slowking-Galar, M|77/100
|move|p1a: Enamorus|Moonblast|p2a: Slowking
|-resisted|p2a: Slowking
|-damage|p2a: Slowking|61/100
|-unboost|p2a: Slowking|spa|1
|
|-weather|Snowscape|[upkeep]
|upkeep
|turn|20
|
|t:|1769447533
|switch|p1a: Kingambit|Kingambit, F|100/100
|-activate|p1a: Kingambit|ability: Supreme Overlord
|-start|p1a: Kingambit|fallen4|[silent]
|-item|p1a: Kingambit|Air Balloon
|-prepare|p2a: Slowking|Chilly Reception|[premajor]
|move|p2a: Slowking|Chilly Reception|p2a: Slowking
|
|t:|1769447545
|switch|p2a: Toxicroak|Toxicroak, M|100/100|[from] Chilly Reception
|-item|p2a: Toxicroak|Air Balloon
|
|-weather|none
|upkeep
|turn|21
|
|t:|1769447554
|move|p2a: Toxicroak|Close Combat|p1a: Kingambit
|-supereffective|p1a: Kingambit
|-damage|p1a: Kingambit|0 fnt
|-unboost|p2a: Toxicroak|def|1
|-unboost|p2a: Toxicroak|spd|1
|-enditem|p1a: Kingambit|Air Balloon
|faint|p1a: Kingambit
|-end|p1a: Kingambit|fallen4|[silent]
|
|upkeep
|l|☆palmin
|inactive|palmin disconnected and has a minute to reconnect!
|player|p1|
|inactive|palmin has 30 seconds to reconnect!
|inactive|palmin has 20 seconds to reconnect!
|inactive|palmin has 15 seconds to reconnect!
|inactive|palmin has 10 seconds to reconnect!
|inactive|palmin has 5 seconds to reconnect!
|-message|palmin lost due to inactivity.
|
|win|Shimeon91
|raw|palmin's rating: 1362 &rarr; <strong>1341</strong><br />(-21 for losing)
|raw|Shimeon91's rating: 1346 &rarr; <strong>1367</strong><br />(+21 for winning)
|j|☆palmin
|player|p1|palmin|1|
|l|☆palmin
|player|p1|
