|j|☆docketenjoyer
|j|☆ikun ngm
|t:|1769405670
|gametype|singles
|player|p1|docketenjoyer|1|1164
|player|p2|ikun ngm|swimmer-gen4|1262
|gen|9
|tier|[Gen 9] OU
|rated|
|rule|HP Percentage Mod: HP is shown in percentages
|rule|Endless Battle Clause: Forcing endless battles is banned
|rule|Species Clause: Limit one of each Pokémon
|rule|OHKO Clause: OHKO moves are banned
|rule|Evasion Items Clause: Evasion items are banned
|rule|Evasion Moves Clause: Evasion moves are banned
|rule|Evasion Abilities Clause: Evasion abilities are banned
|rule|Sleep Moves Clause: Sleep-inducing moves are banned
|clearpoke
|poke|p1|Kingambit, M|
|poke|p1|Dragonite, M|
|poke|p1|Great Tusk|
|poke|p1|Iron Moth|
|poke|p1|Samurott-Hisui, M|
|poke|p1|Ogerpon-Wellspring, F|
|poke|p2|Brambleghast, F|
|poke|p2|Whimsicott, M|
|poke|p2|Alomomola, M|
|poke|p2|Kleavor, F|
|poke|p2|Dragonite, F|
|poke|p2|Kyurem|
|teampreview
|inactive|Battle timer is ON: inactive players will automatically lose when time's up. (requested by docketenjoyer)
|
|t:|1769405677
|teamsize|p1|6
|teamsize|p2|6
|start
|switch|p1a: Samurott|Samurott-Hisui, M|100/100
|switch|p2a: Kleavor|Kleavor, F|100/100
|turn|1
|
|t:|1769405691
|move|p1a: Samurott|Ceaseless Edge|p2a: Kleavor
|-crit|p2a: Kleavor
|-damage|p2a: Kleavor|9/100
|-sidestart|p2: ikun ngm|Spikes
|move|p2a: Kleavor|Close Combat|p1a: Samurott
|-supereffective|p1a: Samurott
|-enditem|p1a: Samurott|Focus Sash
|-damage|p1a: Samurott|1/100
|-unboost|p2a: Kleavor|def|1
|-unboost|p2a: Kleavor|spd|1
|
|upkeep
|turn|2
|
|t:|1769405702
|move|p1a: Samurott|Aqua Jet|p2a: Kleavor
|-supereffective|p2a: Kleavor
|-damage|p2a: Kleavor|0 fnt
|faint|p2a: Kleavor
|
|upkeep
|
|t:|1769405706
|switch|p2a: Brambleghast|Brambleghast, F|100/100
|-damage|p2a: Brambleghast|88/100|[from] Spikes
|turn|3
|
|t:|1769405713
|move|p2a: Brambleghast|Rapid Spin|p1a: Samurott
|-damage|p1a: Samurott|0 fnt
|-boost|p2a: Brambleghast|spe|1
|-sideend|p2: ikun ngm|Spikes|[from] move: Rapid Spin|[of] p2a: Brambleghast
|faint|p1a: Samurott
|-damage|p2a: Brambleghast|78/100|[from] item: Life Orb
|
|upkeep
|
|t:|1769405728
|switch|p1a: Iron Moth|Iron Moth|100/100
|-enditem|p1a: Iron Moth|Booster Energy
|-activate|p1a: Iron Moth|ability: Quark Drive|[fromitem]
|-start|p1a: Iron Moth|quarkdrivespe
|turn|4
|
|t:|1769405739
|switch|p2a: Alomomola|Alomomola, M|100/100
|move|p1a: Iron Moth|Substitute|p1a: Iron Moth
|-start|p1a: Iron Moth|Substitute
|-damage|p1a: Iron Moth|76/100
|
|upkeep
|turn|5
|
|t:|1769405757
|move|p1a: Iron Moth|Fiery Dance|p2a: Alomomola
|-resisted|p2a: Alomomola
|-damage|p2a: Alomomola|84/100
|-boost|p1a: Iron Moth|spa|1
|move|p2a: Alomomola|Flip Turn|p1a: Iron Moth
|-supereffective|p1a: Iron Moth
|-end|p1a: Iron Moth|Substitute
|
|t:|1769405762
|switch|p2a: Whimsicott|Whimsicott, M|100/100|[from] Flip Turn
|
|upkeep
|turn|6
|
|t:|1769405777
|move|p2a: Whimsicott|Tailwind|p2a: Whimsicott
|-sidestart|p2: ikun ngm|move: Tailwind
|move|p1a: Iron Moth|Fiery Dance|p2a: Whimsicott
|-supereffective|p2a: Whimsicott
|-damage|p2a: Whimsicott|0 fnt
|faint|p2a: Whimsicott
|
|upkeep
|
|t:|1769405783
|switch|p2a: Kyurem|Kyurem|100/100
|-ability|p2a: Kyurem|Pressure
|turn|7
|inactive|docketenjoyer has 120 seconds left.
|
|t:|1769405821
|-terastallize|p1a: Iron Moth|Fairy
|move|p2a: Kyurem|Substitute|p2a: Kyurem
|-start|p2a: Kyurem|Substitute
|-damage|p2a: Kyurem|76/100
|move|p1a: Iron Moth|Fiery Dance|p2a: Kyurem
|-end|p2a: Kyurem|Substitute
|-boost|p1a: Iron Moth|spa|1
|
|-heal|p2a: Kyurem|82/100|[from] item: Leftovers
|upkeep
|turn|8
|inactive|docketenjoyer has 120 seconds left.
|
|t:|1769405831
|move|p2a: Kyurem|Freeze-Dry|p1a: Iron Moth
|-damage|p1a: Iron Moth|34/100
|-status|p1a: Iron Moth|frz
|cant|p1a: Iron Moth|frz
|
|-heal|p2a: Kyurem|88/100|[from] item: Leftovers
|upkeep
|turn|9
|inactive|docketenjoyer has 120 seconds left.
|
|t:|1769405839
|move|p2a: Kyurem|Substitute|p2a: Kyurem
|-start|p2a: Kyurem|Substitute
|-damage|p2a: Kyurem|63/100
|cant|p1a: Iron Moth|frz
|
|-heal|p2a: Kyurem|69/100|[from] item: Leftovers
|-sideend|p2: ikun ngm|move: Tailwind
|upkeep
|turn|10
|
|t:|1769405845
|cant|p1a: Iron Moth|frz
|move|p2a: Kyurem|Freeze-Dry|p1a: Iron Moth
|-damage|p1a: Iron Moth|0 fnt
|faint|p1a: Iron Moth
|-end|p1a: Iron Moth|Quark Drive|[silent]
|
|-heal|p2a: Kyurem|75/100|[from] item: Leftovers
|upkeep
|inactive|docketenjoyer has 120 seconds left.
|
|t:|1769405859
|switch|p1a: Great Tusk|Great Tusk|100/100
|-enditem|p1a: Great Tusk|Booster Energy
|-activate|p1a: Great Tusk|ability: Protosynthesis|[fromitem]
|-start|p1a: Great Tusk|protosynthesisspe
|turn|11
|inactive|docketenjoyer has 120 seconds left.
|
|t:|1769405875
|move|p2a: Kyurem|Protect|p2a: Kyurem
|-singleturn|p2a: Kyurem|Protect
|move|p1a: Great Tusk|Headlong Rush|p2a: Kyurem
|-activate|p2a: Kyurem|move: Protect
|
|-heal|p2a: Kyurem|81/100|[from] item: Leftovers
|upkeep
|turn|12
|inactive|docketenjoyer has 120 seconds left.
|
|t:|1769405882
|move|p1a: Great Tusk|Headlong Rush|p2a: Kyurem
|-end|p2a: Kyurem|Substitute
|-unboost|p1a: Great Tusk|def|1
|-unboost|p1a: Great Tusk|spd|1
|move|p2a: Kyurem|Freeze-Dry|p1a: Great Tusk
|-supereffective|p1a: Great Tusk
|-damage|p1a: Great Tusk|0 fnt
|faint|p1a: Great Tusk
|-end|p1a: Great Tusk|Protosynthesis|[silent]
|
|-heal|p2a: Kyurem|88/100|[from] item: Leftovers
|upkeep
|inactive|docketenjoyer has 120 seconds left.
|
|t:|1769405902
|switch|p1a: Kingambit|Kingambit, M|100/100
|-activate|p1a: Kingambit|ability: Supreme Overlord
|-start|p1a: Kingambit|fallen3|[silent]
|turn|13
|
|t:|1769405909
|move|p2a: Kyurem|Substitute|p2a: Kyurem
|-start|p2a: Kyurem|Substitute
|-damage|p2a: Kyurem|63/100
|move|p1a: Kingambit|Swords Dance|p1a: Kingambit
|-boost|p1a: Kingambit|atk|2
|
|-heal|p2a: Kyurem|69/100|[from] item: Leftovers
|upkeep
|turn|14
|inactive|docketenjoyer has 120 seconds left.
|
|t:|1769405916
|move|p2a: Kyurem|Protect|p2a: Kyurem
|-singleturn|p2a: Kyurem|Protect
|move|p1a: Kingambit|Iron Head|p2a: Kyurem
|-activate|p2a: Kyurem|move: Protect
|
|-heal|p2a: Kyurem|75/100|[from] item: Leftovers
|upkeep
|turn|15
|
|t:|1769405923
|move|p2a: Kyurem|Earth Power|p1a: Kingambit
|-supereffective|p1a: Kingambit
|-damage|p1a: Kingambit|22/100
|move|p1a: Kingambit|Iron Head|p2a: Kyurem
|-supereffective|p2a: Kyurem
|-end|p2a: Kyurem|Substitute
|
|-heal|p2a: Kyurem|81/100|[from] item: Leftovers
|-heal|p1a: Kingambit|29/100|[from] item: Leftovers
|upkeep
|turn|16
|
|t:|1769405931
|move|p2a: Kyurem|Protect|p2a: Kyurem
|-singleturn|p2a: Kyurem|Protect
|move|p1a: Kingambit|Iron Head|p2a: Kyurem
|-activate|p2a: Kyurem|move: Protect
|
|-heal|p2a: Kyurem|87/100|[from] item: Leftovers
|-heal|p1a: Kingambit|35/100|[from] item: Leftovers
|upkeep
|turn|17
|
|t:|1769405938
|move|p1a: Kingambit|Sucker Punch||[still]
|-fail|p1a: Kingambit
|move|p2a: Kyurem|Substitute|p2a: Kyurem
|-start|p2a: Kyurem|Substitute
|-damage|p2a: Kyurem|62/100
|
|-heal|p2a: Kyurem|69/100|[from] item: Leftovers
|-heal|p1a: Kingambit|41/100|[from] item: Leftovers
|upkeep
|turn|18
|
|t:|1769405945
|move|p2a: Kyurem|Protect|p2a: Kyurem
|-singleturn|p2a: Kyurem|Protect
|move|p1a: Kingambit|Iron Head|p2a: Kyurem
|-activate|p2a: Kyurem|move: Protect
|
|-heal|p2a: Kyurem|75/100|[from] item: Leftovers
|-heal|p1a: Kingambit|47/100|[from] item: Leftovers
|upkeep
|turn|19
|
|t:|1769405953
|move|p1a: Kingambit|Sucker Punch|p2a: Kyurem
|-end|p2a: Kyurem|Substitute
|move|p2a: Kyurem|Earth Power|p1a: Kingambit
|-supereffective|p1a: Kingambit
|-damage|p1a: Kingambit|0 fnt
|faint|p1a: Kingambit
|-end|p1a: Kingambit|fallen3|[silent]
|
|-heal|p2a: Kyurem|81/100|[from] item: Leftovers
|upkeep
|
|t:|1769405964
|switch|p1a: Ogerpon|Ogerpon-Wellspring, F|100/100
|turn|20
|
|t:|1769405973
|move|p1a: Ogerpon|Knock Off|p2a: Kyurem
|-damage|p2a: Kyurem|45/100
|-enditem|p2a: Kyurem|Leftovers|[from] move: Knock Off|[of] p1a: Ogerpon
|move|p2a: Kyurem|Freeze-Dry|p1a: Ogerpon
|-supereffective|p1a: Ogerpon
|-damage|p1a: Ogerpon|0 fnt
|faint|p1a: Ogerpon
|
|upkeep
|
|t:|1769405980
|switch|p1a: Dragonite|Dragonite, M|100/100
|turn|21
|
|t:|1769405986
|move|p2a: Kyurem|Freeze-Dry|p1a: Dragonite
|-supereffective|p1a: Dragonite
|-crit|p1a: Dragonite
|-damage|p1a: Dragonite|0 fnt
|faint|p1a: Dragonite
|
|win|ikun ngm
|raw|docketenjoyer's rating: 1164 &rarr; <strong>1146</strong><br />(-18 for losing)
|raw|ikun ngm's rating: 1262 &rarr; <strong>1280</strong><br />(+18 for winning)
|c|☆docketenjoyer|gg
|l|☆ikun ngm
|player|p2|
|l|☆docketenjoyer
|player|p1|
