|j|☆hutswag
|j|☆Vangnex
|t:|1769361790
|gametype|singles
|player|p1|hutswag|169|1192
|player|p2|Vangnex|lillie-z|1128
|gen|9
|tier|[Gen 9] OU
|rated|
|rule|HP Percentage Mod: HP is shown in percentages
|rule|Endless Battle Clause: Forcing endless battles is banned
|rule|Species Clause: Limit one of each Pokémon
|rule|OHKO Clause: OHKO moves are banned
|rule|Evasion Items Clause: Evasion items are banned
|rule|Evasion Moves Clause: Evasion moves are banned
|rule|Evasion Abilities Clause: Evasion abilities are banned
|rule|Sleep Moves Clause: Sleep-inducing moves are banned
|clearpoke
|poke|p1|Hydrapple, M|
|poke|p1|Gliscor, M|
|poke|p1|Slowking-Galar, M|
|poke|p1|Cinderace, M|
|poke|p1|Kingambit, M|
|poke|p1|Iron Valiant|
|poke|p2|Glimmora, M|
|poke|p2|Cinderace, F|
|poke|p2|Ursaluna, M|
|poke|p2|Jolteon, F|
|poke|p2|Zangoose, F|
|poke|p2|Conkeldurr, F|
|teampreview
|
|t:|1769361814
|teamsize|p1|6
|teamsize|p2|6
|start
|switch|p1a: Gliscor|Gliscor, M, shiny|100/100
|switch|p2a: Zangoose|Zangoose, F|100/100
|turn|1
|
|t:|1769361824
|move|p2a: Zangoose|Ice Punch|p1a: Gliscor
|-supereffective|p1a: Gliscor
|-damage|p1a: Gliscor|15/100
|move|p1a: Gliscor|Earthquake|p2a: Zangoose
|-damage|p2a: Zangoose|28/100
|
|-status|p1a: Gliscor|tox|[from] item: Toxic Orb
|upkeep
|turn|2
|
|t:|1769361832
|move|p1a: Gliscor|Protect|p1a: Gliscor
|-singleturn|p1a: Gliscor|Protect
|move|p2a: Zangoose|Ice Punch|p1a: Gliscor
|-activate|p1a: Gliscor|move: Protect
|
|-heal|p1a: Gliscor|28/100 tox|[from] ability: Poison Heal
|upkeep
|turn|3
|inactive|Battle timer is ON: inactive players will automatically lose when time's up. (requested by hutswag)
|
|t:|1769361841
|switch|p1a: Cinderace|Cinderace, M, shiny|100/100
|move|p2a: Zangoose|Ice Punch|p1a: Cinderace
|-resisted|p1a: Cinderace
|-damage|p1a: Cinderace|85/100
|
|upkeep
|turn|4
|
|t:|1769361846
|switch|p2a: Glimmora|Glimmora, M|100/100
|move|p1a: Cinderace|U-turn|p2a: Glimmora
|-start|p1a: Cinderace|typechange|Bug|[from] ability: Libero
|-resisted|p2a: Glimmora
|-damage|p2a: Glimmora|80/100
|-activate|p2a: Glimmora|ability: Toxic Debris
|-sidestart|p1: hutswag|move: Toxic Spikes
|
|t:|1769361852
|switch|p1a: Slowking|Slowking-Galar, M, shiny|100/100|[from] U-turn
|-sideend|p1: hutswag|move: Toxic Spikes|[of] p1a: Slowking
|
|upkeep
|turn|5
|
|t:|1769361856
|move|p2a: Glimmora|Earth Power|p1a: Slowking
|-supereffective|p1a: Slowking
|-damage|p1a: Slowking|62/100
|move|p1a: Slowking|Psychic Noise|p2a: Glimmora
|-supereffective|p2a: Glimmora
|-damage|p2a: Glimmora|10/100
|-start|p2a: Glimmora|move: Heal Block
|
|upkeep
|turn|6
|
|t:|1769361866
|switch|p2a: Ursaluna|Ursaluna, M|100/100
|move|p1a: Slowking|Whirlpool|p2a: Ursaluna
|-supereffective|p2a: Ursaluna
|-damage|p2a: Ursaluna|91/100
|-activate|p2a: Ursaluna|move: Whirlpool|[of] p1a: Slowking
|
|-damage|p2a: Ursaluna|78/100|[from] move: Whirlpool|[partiallytrapped]
|upkeep
|turn|7
|
|t:|1769361874
|switch|p1a: Hydrapple|Hydrapple, M, shiny|100/100
|move|p2a: Ursaluna|Crunch|p1a: Hydrapple
|-damage|p1a: Hydrapple|74/100
|
|-end|p2a: Ursaluna|Whirlpool|[partiallytrapped]|[silent]
|upkeep
|turn|8
|
|t:|1769361881
|switch|p2a: Cinderace|Cinderace, F|100/100
|move|p1a: Hydrapple|Giga Drain|p2a: Cinderace
|-resisted|p2a: Cinderace
|-damage|p2a: Cinderace|63/100
|-heal|p1a: Hydrapple|87/100|[from] drain|[of] p2a: Cinderace
|-damage|p1a: Hydrapple|78/100|[from] item: Life Orb
|
|upkeep
|turn|9
|
|t:|1769361896
|switch|p1a: Cinderace|Cinderace, M, shiny|85/100
|move|p2a: Cinderace|U-turn|p1a: Cinderace
|-start|p2a: Cinderace|typechange|Bug|[from] ability: Libero
|-resisted|p1a: Cinderace
|-damage|p1a: Cinderace|62/100
|
|t:|1769361912
|switch|p2a: Zangoose|Zangoose, F|28/100|[from] U-turn
|
|upkeep
|turn|10
|
|t:|1769361918
|switch|p1a: Kingambit|Kingambit, M, shiny|100/100
|-item|p1a: Kingambit|Air Balloon
|move|p2a: Zangoose|Knock Off|p1a: Kingambit
|-resisted|p1a: Kingambit
|-damage|p1a: Kingambit|88/100
|-enditem|p1a: Kingambit|Air Balloon
|
|upkeep
|turn|11
|
|t:|1769361928
|switch|p2a: Conkeldurr|Conkeldurr, F|100/100
|move|p1a: Kingambit|Swords Dance|p1a: Kingambit
|-boost|p1a: Kingambit|atk|2
|
|upkeep
|turn|12
|
|t:|1769361937
|-end|p1a: Kingambit|fallenundefined|[silent]
|switch|p1a: Slowking|Slowking-Galar, M, shiny|96/100
|move|p2a: Conkeldurr|Protect||[still]
|-fail|p2a: Conkeldurr
|
|upkeep
|turn|13
|
|t:|1769361941
|move|p2a: Conkeldurr|Knock Off|p1a: Slowking
|-supereffective|p1a: Slowking
|-crit|p1a: Slowking
|-damage|p1a: Slowking|8/100
|-enditem|p1a: Slowking|Assault Vest|[from] move: Knock Off|[of] p2a: Conkeldurr
|move|p1a: Slowking|Psychic Noise|p2a: Conkeldurr
|-supereffective|p2a: Conkeldurr
|-damage|p2a: Conkeldurr|34/100
|-start|p2a: Conkeldurr|move: Heal Block
|
|upkeep
|turn|14
|
|t:|1769361951
|switch|p1a: Iron Valiant|Iron Valiant, shiny|100/100
|-enditem|p1a: Iron Valiant|Booster Energy
|-activate|p1a: Iron Valiant|ability: Quark Drive|[fromitem]
|-start|p1a: Iron Valiant|quarkdrivespe
|move|p2a: Conkeldurr|Knock Off|p1a: Iron Valiant
|-resisted|p1a: Iron Valiant
|-crit|p1a: Iron Valiant
|-damage|p1a: Iron Valiant|88/100
|
|-end|p2a: Conkeldurr|move: Heal Block
|upkeep
|turn|15
|
|t:|1769361960
|switch|p2a: Zangoose|Zangoose, F|28/100
|move|p1a: Iron Valiant|Moonblast|p2a: Zangoose
|-damage|p2a: Zangoose|0 fnt
|faint|p2a: Zangoose
|
|upkeep
|
|t:|1769361968
|switch|p2a: Jolteon|Jolteon, F|100/100
|turn|16
|
|t:|1769361981
|move|p1a: Iron Valiant|Moonblast|p2a: Jolteon
|-damage|p2a: Jolteon|41/100
|-unboost|p2a: Jolteon|spa|1
|move|p2a: Jolteon|Alluring Voice|p1a: Iron Valiant
|-supereffective|p1a: Iron Valiant
|-damage|p1a: Iron Valiant|0 fnt
|faint|p1a: Iron Valiant
|-end|p1a: Iron Valiant|Quark Drive|[silent]
|
|upkeep
|
|t:|1769361986
|switch|p1a: Hydrapple|Hydrapple, M, shiny|100/100
|turn|17
|
|t:|1769361992
|move|p2a: Jolteon|Alluring Voice|p1a: Hydrapple
|-supereffective|p1a: Hydrapple
|-damage|p1a: Hydrapple|42/100
|move|p1a: Hydrapple|Earth Power|p2a: Jolteon
|-supereffective|p2a: Jolteon
|-damage|p2a: Jolteon|0 fnt
|faint|p2a: Jolteon
|-damage|p1a: Hydrapple|32/100|[from] item: Life Orb
|
|upkeep
|
|t:|1769361997
|switch|p2a: Cinderace|Cinderace, F|63/100
|turn|18
|
|t:|1769362007
|switch|p1a: Kingambit|Kingambit, M, shiny|88/100
|-activate|p1a: Kingambit|ability: Supreme Overlord
|-start|p1a: Kingambit|fallen1|[silent]
|move|p2a: Cinderace|U-turn|p1a: Kingambit
|-start|p2a: Cinderace|typechange|Bug|[from] ability: Libero
|-damage|p1a: Kingambit|58/100
|
|t:|1769362014
|switch|p2a: Conkeldurr|Conkeldurr, F|34/100|[from] U-turn
|
|upkeep
|turn|19
|
|t:|1769362022
|move|p2a: Conkeldurr|Mach Punch|p1a: Kingambit
|-supereffective|p1a: Kingambit
|-damage|p1a: Kingambit|0 fnt
|faint|p1a: Kingambit
|-end|p1a: Kingambit|fallen1|[silent]
|
|upkeep
|
|t:|1769362025
|switch|p1a: Gliscor|Gliscor, M, shiny|28/100 tox
|turn|20
|
|t:|1769362037
|move|p1a: Gliscor|Protect|p1a: Gliscor
|-singleturn|p1a: Gliscor|Protect
|move|p2a: Conkeldurr|Drain Punch|p1a: Gliscor
|-activate|p1a: Gliscor|move: Protect
|
|-heal|p1a: Gliscor|40/100 tox|[from] ability: Poison Heal
|upkeep
|turn|21
|
|t:|1769362044
|move|p1a: Gliscor|Earthquake|p2a: Conkeldurr
|-damage|p2a: Conkeldurr|0 fnt
|faint|p2a: Conkeldurr
|
|-heal|p1a: Gliscor|52/100 tox|[from] ability: Poison Heal
|upkeep
|
|t:|1769362054
|switch|p2a: Ursaluna|Ursaluna, M|78/100
|turn|22
|
|t:|1769362067
|move|p1a: Gliscor|Protect|p1a: Gliscor
|-singleturn|p1a: Gliscor|Protect
|move|p2a: Ursaluna|Facade|p1a: Gliscor
|-activate|p1a: Gliscor|move: Protect
|
|-heal|p1a: Gliscor|65/100 tox|[from] ability: Poison Heal
|upkeep
|turn|23
|-message|Vangnex forfeited.
|
|win|hutswag
|raw|hutswag's rating: 1192 &rarr; <strong>1212</strong><br />(+20 for winning)
|raw|Vangnex's rating: 1128 &rarr; <strong>1108</strong><br />(-20 for losing)
|l|☆Vangnex
|player|p2|
|l|☆hutswag
|player|p1|
