|j|☆1colour
|j|‽DeadlockedTheory
|t:|1769375965
|gametype|singles
|player|p1|1colour|parasollady|1611
|player|p2|DeadlockedTheory|2|1634
|gen|9
|tier|[Gen 9] OU
|rated|
|rule|HP Percentage Mod: HP is shown in percentages
|rule|Endless Battle Clause: Forcing endless battles is banned
|rule|Species Clause: Limit one of each Pokémon
|rule|OHKO Clause: OHKO moves are banned
|rule|Evasion Items Clause: Evasion items are banned
|rule|Evasion Moves Clause: Evasion moves are banned
|rule|Evasion Abilities Clause: Evasion abilities are banned
|rule|Sleep Moves Clause: Sleep-inducing moves are banned
|clearpoke
|poke|p1|Salazzle, F|
|poke|p1|Kyurem|
|poke|p1|Great Tusk|
|poke|p1|Zamazenta-*|
|poke|p1|Glimmora, F|
|poke|p1|Deoxys-Speed|
|poke|p2|Lokix, M|
|poke|p2|Cinderace, F|
|poke|p2|Great Tusk|
|poke|p2|Alomomola, M|
|poke|p2|Enamorus, F|
|poke|p2|Slowking-Galar, M|
|teampreview
|
|t:|1769375976
|teamsize|p1|6
|teamsize|p2|6
|start
|switch|p1a: Salazzle|Salazzle, F|100/100
|switch|p2a: Lokix|Lokix, M|100/100
|turn|1
|inactive|Battle timer is ON: inactive players will automatically lose when time's up. (requested by 1colour)
|
|t:|1769376006
|switch|p1a: Great Tusk|Great Tusk|100/100
|-enditem|p1a: Great Tusk|Booster Energy
|-activate|p1a: Great Tusk|ability: Protosynthesis|[fromitem]
|-start|p1a: Great Tusk|protosynthesisspe
|switch|p2a: Alomomola|Alomomola, M|100/100
|
|upkeep
|turn|2
|
|t:|1769376014
|move|p1a: Great Tusk|Stealth Rock|p2a: Alomomola
|-sidestart|p2: DeadlockedTheory|move: Stealth Rock
|move|p2a: Alomomola|Flip Turn|p1a: Great Tusk
|-supereffective|p1a: Great Tusk
|-damage|p1a: Great Tusk|81/100
|
|t:|1769376020
|switch|p2a: Enamorus|Enamorus, F|100/100|[from] Flip Turn
|-damage|p2a: Enamorus|76/100|[from] Stealth Rock
|
|upkeep
|turn|3
|
|t:|1769376028
|-end|p1a: Great Tusk|Protosynthesis|[silent]
|switch|p1a: Salazzle|Salazzle, F|100/100
|move|p2a: Enamorus|Moonblast|p1a: Salazzle
|-resisted|p1a: Salazzle
|-damage|p1a: Salazzle|77/100
|
|-heal|p1a: Salazzle|83/100|[from] item: Leftovers
|upkeep
|turn|4
|
|t:|1769376038
|switch|p2a: Alomomola|Alomomola, M|100/100
|-damage|p2a: Alomomola|88/100|[from] Stealth Rock
|move|p1a: Salazzle|Toxic|p2a: Alomomola
|-status|p2a: Alomomola|tox
|
|-heal|p1a: Salazzle|89/100|[from] item: Leftovers
|-damage|p2a: Alomomola|82/100 tox|[from] psn
|upkeep
|turn|5
|
|t:|1769376048
|switch|p1a: Kyurem|Kyurem, shiny|100/100
|-ability|p1a: Kyurem|Pressure
|move|p2a: Alomomola|Flip Turn|p1a: Kyurem
|-resisted|p1a: Kyurem
|-damage|p1a: Kyurem|93/100
|
|t:|1769376056
|switch|p2a: Enamorus|Enamorus, F|76/100|[from] Flip Turn
|-damage|p2a: Enamorus|51/100|[from] Stealth Rock
|
|-heal|p1a: Kyurem|99/100|[from] item: Leftovers
|upkeep
|turn|6
|
|t:|1769376067
|switch|p1a: Great Tusk|Great Tusk|81/100
|move|p2a: Enamorus|Earth Power|p1a: Great Tusk
|-damage|p1a: Great Tusk|38/100
|
|upkeep
|turn|7
|
|t:|1769376082
|move|p2a: Enamorus|Earth Power|p1a: Great Tusk
|-damage|p1a: Great Tusk|0 fnt
|faint|p1a: Great Tusk
|-end|p1a: Great Tusk|Protosynthesis|[silent]
|
|upkeep
|
|t:|1769376090
|switch|p1a: Kyurem|Kyurem, shiny|99/100
|-ability|p1a: Kyurem|Pressure
|turn|8
|
|t:|1769376095
|switch|p2a: Alomomola|Alomomola, M|100/100 tox
|-damage|p2a: Alomomola|88/100 tox|[from] Stealth Rock
|move|p1a: Kyurem|Freeze-Dry|p2a: Alomomola
|-supereffective|p2a: Alomomola
|-damage|p2a: Alomomola|56/100 tox
|
|-heal|p1a: Kyurem|100/100|[from] item: Leftovers
|-damage|p2a: Alomomola|49/100 tox|[from] psn
|upkeep
|turn|9
|
|t:|1769376106
|move|p1a: Kyurem|Substitute|p1a: Kyurem
|-start|p1a: Kyurem|Substitute
|-damage|p1a: Kyurem|76/100
|move|p2a: Alomomola|Flip Turn|p1a: Kyurem
|-resisted|p1a: Kyurem
|-activate|p1a: Kyurem|move: Substitute|[damage]
|
|t:|1769376125
|switch|p2a: Cinderace|Cinderace, F|100/100|[from] Flip Turn
|
|-heal|p1a: Kyurem|82/100|[from] item: Leftovers
|upkeep
|turn|10
|
|t:|1769376131
|move|p2a: Cinderace|Pyro Ball|p1a: Kyurem
|-end|p1a: Kyurem|Substitute
|move|p1a: Kyurem|Earth Power|p2a: Cinderace
|-supereffective|p2a: Cinderace
|-damage|p2a: Cinderace|30/100
|
|-heal|p1a: Kyurem|88/100|[from] item: Leftovers
|upkeep
|turn|11
|
|t:|1769376139
|switch|p1a: why is Glimmora|Glimmora, F, shiny|100/100
|move|p2a: Cinderace|Pyro Ball|p1a: why is Glimmora
|-resisted|p1a: why is Glimmora
|-damage|p1a: why is Glimmora|74/100
|-activate|p1a: why is Glimmora|ability: Toxic Debris
|-sidestart|p2: DeadlockedTheory|move: Toxic Spikes
|
|upkeep
|turn|12
|
|t:|1769376157
|switch|p2a: Great Tusk|Great Tusk|100/100
|-damage|p2a: Great Tusk|98/100|[from] Stealth Rock
|-status|p2a: Great Tusk|psn
|move|p1a: why is Glimmora|Earth Power|p2a: Great Tusk
|-damage|p2a: Great Tusk|61/100 psn
|
|-heal|p2a: Great Tusk|67/100 psn|[from] item: Leftovers
|-damage|p2a: Great Tusk|55/100 psn|[from] psn
|upkeep
|turn|13
|
|t:|1769376169
|move|p2a: Great Tusk|Rapid Spin|p1a: why is Glimmora
|-resisted|p1a: why is Glimmora
|-damage|p1a: why is Glimmora|68/100
|-boost|p2a: Great Tusk|spe|1
|-damage|p2a: Great Tusk|38/100 psn|[from] item: Rocky Helmet|[of] p1a: why is Glimmora
|-activate|p1a: why is Glimmora|ability: Toxic Debris
|-sidestart|p2: DeadlockedTheory|move: Toxic Spikes
|-sideend|p2: DeadlockedTheory|Toxic Spikes|[from] move: Rapid Spin|[of] p2a: Great Tusk
|-sideend|p2: DeadlockedTheory|Stealth Rock|[from] move: Rapid Spin|[of] p2a: Great Tusk
|move|p1a: why is Glimmora|Earth Power|p2a: Great Tusk
|-damage|p2a: Great Tusk|2/100 psn
|
|-heal|p2a: Great Tusk|8/100 psn|[from] item: Leftovers
|-damage|p2a: Great Tusk|0 fnt|[from] psn
|faint|p2a: Great Tusk
|-end|p2a: Great Tusk|Protosynthesis|[silent]
|upkeep
|inactive|DeadlockedTheory has 120 seconds left.
|
|t:|1769376191
|switch|p2a: Enamorus|Enamorus, F|51/100
|turn|14
|inactive|DeadlockedTheory has 120 seconds left.
|inactive|1colour has 120 seconds left.
|
|t:|1769376227
|switch|p1a: Deoxys|Deoxys-Speed|100/100
|-ability|p1a: Deoxys|Pressure
|move|p2a: Enamorus|Earth Power|p1a: Deoxys
|-damage|p1a: Deoxys|50/100
|
|upkeep
|turn|15
|inactive|1colour has 120 seconds left.
|inactive|DeadlockedTheory has 120 seconds left.
|
|t:|1769376248
|move|p1a: Deoxys|Psycho Boost|p2a: Enamorus
|-crit|p2a: Enamorus
|-damage|p2a: Enamorus|0 fnt
|-unboost|p1a: Deoxys|spa|2
|faint|p2a: Enamorus
|-damage|p1a: Deoxys|40/100|[from] item: Life Orb
|
|upkeep
|
|t:|1769376261
|switch|p2a: Lokix|Lokix, M|100/100
|turn|16
|c|☆1colour|direct hit
|inactive|1colour has 120 seconds left.
|
|t:|1769376273
|move|p1a: Deoxys|Shadow Ball|p2a: Lokix
|-resisted|p2a: Lokix
|-damage|p2a: Lokix|87/100
|-unboost|p2a: Lokix|spd|1
|-damage|p1a: Deoxys|30/100|[from] item: Life Orb
|move|p2a: Lokix|U-turn|p1a: Deoxys
|-supereffective|p1a: Deoxys
|-damage|p1a: Deoxys|0 fnt
|faint|p1a: Deoxys
|
|t:|1769376288
|switch|p2a: Slowking|Slowking-Galar, M|100/100|[from] U-turn
|
|upkeep
|
|t:|1769376296
|switch|p1a: Salazzle|Salazzle, F|89/100
|turn|17
|
|t:|1769376301
|move|p1a: Salazzle|Toxic|p2a: Slowking
|-status|p2a: Slowking|tox
|move|p2a: Slowking|Future Sight|p1a: Salazzle
|-start|p2a: Slowking|move: Future Sight
|
|-heal|p1a: Salazzle|95/100|[from] item: Leftovers
|-damage|p2a: Slowking|94/100 tox|[from] psn
|upkeep
|turn|18
|
|t:|1769376315
|switch|p1a: why is Glimmora|Glimmora, F, shiny|68/100
|move|p2a: Slowking|Sludge Bomb|p1a: why is Glimmora
|-resisted|p1a: why is Glimmora
|-damage|p1a: why is Glimmora|58/100
|
|-damage|p2a: Slowking|82/100 tox|[from] psn
|upkeep
|turn|19
|
|t:|1769376324
|move|p1a: why is Glimmora|Stealth Rock|p2a: Slowking
|-sidestart|p2: DeadlockedTheory|move: Stealth Rock
|-prepare|p2a: Slowking|Chilly Reception|[premajor]
|move|p2a: Slowking|Chilly Reception|p2a: Slowking
|-weather|Snowscape
|
|t:|1769376329
|switch|p2a: Lokix|Lokix, M|87/100|[from] Chilly Reception
|-damage|p2a: Lokix|62/100|[from] Stealth Rock
|
|-weather|Snowscape|[upkeep]
|-end|p1a: why is Glimmora|move: Future Sight
|-supereffective|p1a: why is Glimmora
|-damage|p1a: why is Glimmora|0 fnt
|faint|p1a: why is Glimmora
|upkeep
|
|t:|1769376336
|switch|p1a: Zamazenta|Zamazenta, shiny|100/100
|-ability|p1a: Zamazenta|Dauntless Shield|boost
|-boost|p1a: Zamazenta|def|1
|turn|20
|
|t:|1769376346
|-terastallize|p2a: Lokix|Bug
|move|p1a: Zamazenta|Body Press|p2a: Lokix
|-resisted|p2a: Lokix
|-damage|p2a: Lokix|25/100
|move|p2a: Lokix|U-turn|p1a: Zamazenta
|-resisted|p1a: Zamazenta
|-damage|p1a: Zamazenta|64/100
|
|t:|1769376355
|switch|p2a: Slowking|Slowking-Galar, M|100/100 tox|[from] U-turn
|-damage|p2a: Slowking|88/100 tox|[from] Stealth Rock
|
|-weather|Snowscape|[upkeep]
|-heal|p1a: Zamazenta|70/100|[from] item: Leftovers
|-damage|p2a: Slowking|82/100 tox|[from] psn
|upkeep
|turn|21
|
|t:|1769376368
|move|p1a: Zamazenta|Crunch|p2a: Slowking
|-supereffective|p2a: Slowking
|-damage|p2a: Slowking|49/100 tox
|move|p2a: Slowking|Future Sight|p1a: Zamazenta
|-start|p2a: Slowking|move: Future Sight
|
|-weather|Snowscape|[upkeep]
|-heal|p1a: Zamazenta|76/100|[from] item: Leftovers
|-damage|p2a: Slowking|37/100 tox|[from] psn
|upkeep
|turn|22
|
|t:|1769376386
|move|p1a: Zamazenta|Iron Defense|p1a: Zamazenta
|-boost|p1a: Zamazenta|def|2
|-prepare|p2a: Slowking|Chilly Reception|[premajor]
|move|p2a: Slowking|Chilly Reception|p2a: Slowking
|
|t:|1769376398
|switch|p2a: Cinderace|Cinderace, F|30/100|[from] Chilly Reception
|
|-weather|Snowscape|[upkeep]
|-heal|p1a: Zamazenta|82/100|[from] item: Leftovers
|upkeep
|turn|23
|
|t:|1769376415
|switch|p2a: Slowking|Slowking-Galar, M|70/100 tox
|-damage|p2a: Slowking|58/100 tox|[from] Stealth Rock
|move|p1a: Zamazenta|Substitute|p1a: Zamazenta
|-start|p1a: Zamazenta|Substitute
|-damage|p1a: Zamazenta|57/100
|
|-weather|none
|-end|p1a: Zamazenta|move: Future Sight
|-supereffective|p1a: Zamazenta
|-end|p1a: Zamazenta|Substitute
|-heal|p1a: Zamazenta|64/100|[from] item: Leftovers
|-damage|p2a: Slowking|52/100 tox|[from] psn
|upkeep
|turn|24
|inactive|DeadlockedTheory has 120 seconds left.
|
|t:|1769376436
|move|p1a: Zamazenta|Crunch|p2a: Slowking
|-supereffective|p2a: Slowking
|-damage|p2a: Slowking|22/100 tox
|move|p2a: Slowking|Future Sight|p1a: Zamazenta
|-start|p2a: Slowking|move: Future Sight
|
|-heal|p1a: Zamazenta|70/100|[from] item: Leftovers
|-damage|p2a: Slowking|10/100 tox|[from] psn
|upkeep
|turn|25
|inactive|DeadlockedTheory has 120 seconds left.
|
|t:|1769376451
|move|p1a: Zamazenta|Body Press|p2a: Slowking
|-resisted|p2a: Slowking
|-damage|p2a: Slowking|0 fnt
|faint|p2a: Slowking
|
|-heal|p1a: Zamazenta|76/100|[from] item: Leftovers
|upkeep
|c|☆1colour|u failed
|c|☆1colour|wrong plays
|
|t:|1769376481
|switch|p2a: Cinderace|Cinderace, F|30/100
|turn|26
|-message|DeadlockedTheory forfeited.
|
|win|1colour
|raw|1colour's rating: 1611 &rarr; <strong>1632</strong><br />(+21 for winning)
|raw|DeadlockedTheory's rating: 1634 &rarr; <strong>1613</strong><br />(-21 for losing)
|l|‽DeadlockedTheory
|player|p2|
|l|☆1colour
|player|p1|
