|j|☆Aeroneoooo
|j|☆tilda mamoswinton
|t:|1769365838
|gametype|singles
|player|p1|Aeroneoooo|170|1127
|player|p2|tilda mamoswinton|266|1080
|gen|9
|tier|[Gen 9] OU
|rated|
|rule|HP Percentage Mod: HP is shown in percentages
|rule|Endless Battle Clause: Forcing endless battles is banned
|rule|Species Clause: Limit one of each Pokémon
|rule|OHKO Clause: OHKO moves are banned
|rule|Evasion Items Clause: Evasion items are banned
|rule|Evasion Moves Clause: Evasion moves are banned
|rule|Evasion Abilities Clause: Evasion abilities are banned
|rule|Sleep Moves Clause: Sleep-inducing moves are banned
|clearpoke
|poke|p1|Hoopa-Unbound|
|poke|p1|Quaquaval, F|
|poke|p1|Salamence, M|
|poke|p1|Gyarados, F|
|poke|p1|Sylveon, F|
|poke|p1|Jirachi|
|poke|p2|Regice|
|poke|p2|Heatran, F|
|poke|p2|Sandy Shocks|
|poke|p2|Walking Wake|
|poke|p2|Okidogi, M|
|poke|p2|Exeggutor, F|
|teampreview
|
|t:|1769365845
|teamsize|p1|6
|teamsize|p2|6
|start
|switch|p1a: Gyarados|Gyarados, F|100/100
|switch|p2a: Sandy Shocks|Sandy Shocks|100/100
|-enditem|p2a: Sandy Shocks|Booster Energy
|-activate|p2a: Sandy Shocks|ability: Protosynthesis|[fromitem]
|-start|p2a: Sandy Shocks|protosynthesisspe
|turn|1
|
|t:|1769365854
|move|p2a: Sandy Shocks|Stealth Rock|p1a: Gyarados
|-sidestart|p1: Aeroneoooo|move: Stealth Rock
|move|p1a: Gyarados|Bulldoze|p2a: Sandy Shocks
|-supereffective|p2a: Sandy Shocks
|-crit|p2a: Sandy Shocks
|-damage|p2a: Sandy Shocks|52/100
|-unboost|p2a: Sandy Shocks|spe|1
|
|upkeep
|turn|2
|
|t:|1769365863
|-end|p2a: Sandy Shocks|Protosynthesis|[silent]
|switch|p2a: Exeggutor|Exeggutor, F|100/100
|move|p1a: Gyarados|Bulldoze|p2a: Exeggutor
|-resisted|p2a: Exeggutor
|-damage|p2a: Exeggutor|92/100
|-unboost|p2a: Exeggutor|spe|1
|
|upkeep
|turn|3
|
|t:|1769365869
|move|p1a: Gyarados|Icy Wind|p2a: Exeggutor
|-supereffective|p2a: Exeggutor
|-damage|p2a: Exeggutor|75/100
|-unboost|p2a: Exeggutor|spe|1
|move|p2a: Exeggutor|Stun Spore|p1a: Gyarados|[miss]
|-miss|p2a: Exeggutor|p1a: Gyarados
|
|upkeep
|turn|4
|inactive|Battle timer is ON: inactive players will automatically lose when time's up. (requested by tilda mamoswinton)
|
|t:|1769365881
|move|p1a: Gyarados|Double-Edge|p2a: Exeggutor
|-damage|p2a: Exeggutor|37/100
|-damage|p1a: Gyarados|90/100|[from] Recoil
|move|p2a: Exeggutor|Stun Spore|p1a: Gyarados
|-status|p1a: Gyarados|par
|
|upkeep
|turn|5
|
|t:|1769365893
|switch|p2a: Sandy Shocks|Sandy Shocks|52/100
|move|p1a: Gyarados|Double-Edge|p2a: Sandy Shocks
|-damage|p2a: Sandy Shocks|17/100
|-damage|p1a: Gyarados|80/100 par|[from] Recoil
|
|upkeep
|turn|6
|
|t:|1769365899
|move|p2a: Sandy Shocks|Zap Cannon|p1a: Gyarados|[miss]
|-miss|p2a: Sandy Shocks|p1a: Gyarados
|cant|p1a: Gyarados|par
|
|upkeep
|turn|7
|
|t:|1769365904
|move|p2a: Sandy Shocks|Zap Cannon|p1a: Gyarados|[miss]
|-miss|p2a: Sandy Shocks|p1a: Gyarados
|move|p1a: Gyarados|Waterfall|p2a: Sandy Shocks
|-supereffective|p2a: Sandy Shocks
|-damage|p2a: Sandy Shocks|0 fnt
|faint|p2a: Sandy Shocks
|-end|p2a: Sandy Shocks|Protosynthesis|[silent]
|-ability|p1a: Gyarados|Moxie|boost
|-boost|p1a: Gyarados|atk|1
|
|upkeep
|
|t:|1769365917
|switch|p2a: Regice|Regice|100/100
|turn|8
|
|t:|1769365921
|move|p2a: Regice|Gravity|p2a: Regice
|-fieldstart|move: Gravity
|move|p1a: Gyarados|Waterfall|p2a: Regice
|-damage|p2a: Regice|37/100
|
|upkeep
|turn|9
|
|t:|1769365929
|move|p2a: Regice|Zap Cannon|p1a: Gyarados
|-supereffective|p1a: Gyarados
|-damage|p1a: Gyarados|18/100 par
|cant|p1a: Gyarados|par
|
|upkeep
|turn|10
|
|t:|1769365934
|move|p2a: Regice|Blizzard|p1a: Gyarados
|-damage|p1a: Gyarados|0 fnt
|faint|p1a: Gyarados
|
|upkeep
|
|t:|1769365942
|switch|p1a: Quaquaval|Quaquaval, F|100/100
|-damage|p1a: Quaquaval|94/100|[from] Stealth Rock
|turn|11
|
|t:|1769365946
|switch|p2a: Exeggutor|Exeggutor, F|37/100
|move|p1a: Quaquaval|Aqua Step|p2a: Exeggutor
|-resisted|p2a: Exeggutor
|-damage|p2a: Exeggutor|20/100
|-boost|p1a: Quaquaval|spe|1
|
|upkeep
|turn|12
|-enditem|p2a: Exeggutor|Custap Berry|[eat]
|-activate|p2a: Exeggutor|item: Custap Berry|[consumed]
|
|t:|1769365953
|move|p2a: Exeggutor|Leaf Storm|p1a: Quaquaval
|-supereffective|p1a: Quaquaval
|-damage|p1a: Quaquaval|24/100
|-unboost|p2a: Exeggutor|spa|2
|move|p1a: Quaquaval|Brave Bird|p2a: Exeggutor
|-supereffective|p2a: Exeggutor
|-damage|p2a: Exeggutor|0 fnt
|faint|p2a: Exeggutor
|-ability|p1a: Quaquaval|Moxie|boost
|-boost|p1a: Quaquaval|atk|1
|-damage|p1a: Quaquaval|18/100|[from] Recoil
|
|-fieldend|move: Gravity
|upkeep
|
|t:|1769365969
|switch|p2a: Walking Wake|Walking Wake|100/100
|-enditem|p2a: Walking Wake|Booster Energy
|-activate|p2a: Walking Wake|ability: Protosynthesis|[fromitem]
|-start|p2a: Walking Wake|protosynthesisspe
|turn|13
|
|t:|1769365979
|move|p1a: Quaquaval|Close Combat|p2a: Walking Wake
|-damage|p2a: Walking Wake|29/100
|-unboost|p1a: Quaquaval|def|1
|-unboost|p1a: Quaquaval|spd|1
|move|p2a: Walking Wake|Dragon Tail|p1a: Quaquaval
|-damage|p1a: Quaquaval|0 fnt
|faint|p1a: Quaquaval
|
|upkeep
|
|t:|1769365984
|switch|p1a: Sylveon|Sylveon, F|100/100
|-damage|p1a: Sylveon|88/100|[from] Stealth Rock
|turn|14
|
|t:|1769365989
|-end|p2a: Walking Wake|Protosynthesis|[silent]
|switch|p2a: Okidogi|Okidogi, M|100/100
|-item|p2a: Okidogi|Air Balloon
|move|p1a: Sylveon|Calm Mind|p1a: Sylveon
|-boost|p1a: Sylveon|spa|1
|-boost|p1a: Sylveon|spd|1
|
|-heal|p1a: Sylveon|94/100|[from] item: Leftovers
|upkeep
|turn|15
|
|t:|1769365999
|move|p2a: Okidogi|Gunk Shot|p1a: Sylveon
|-supereffective|p1a: Sylveon
|-damage|p1a: Sylveon|7/100
|-status|p1a: Sylveon|psn
|move|p1a: Sylveon|Hyper Voice|p2a: Okidogi
|-damage|p2a: Okidogi|45/100
|-enditem|p2a: Okidogi|Air Balloon
|
|-heal|p1a: Sylveon|13/100 psn|[from] item: Leftovers
|-damage|p1a: Sylveon|0 fnt|[from] psn
|faint|p1a: Sylveon
|upkeep
|
|t:|1769366009
|switch|p1a: Hoopa|Hoopa-Unbound|100/100
|-damage|p1a: Hoopa|88/100|[from] Stealth Rock
|turn|16
|
|t:|1769366019
|switch|p2a: Heatran|Heatran, F|100/100
|move|p1a: Hoopa|Psychic|p2a: Heatran
|-resisted|p2a: Heatran
|-damage|p2a: Heatran|65/100
|-unboost|p2a: Heatran|spd|1
|
|upkeep
|turn|17
|
|t:|1769366025
|move|p1a: Hoopa|Psychic|p2a: Heatran
|-resisted|p2a: Heatran
|-damage|p2a: Heatran|11/100
|move|p2a: Heatran|Magma Storm|p1a: Hoopa
|-damage|p1a: Hoopa|52/100
|-activate|p1a: Hoopa|move: Magma Storm|[of] p2a: Heatran
|
|-damage|p1a: Hoopa|40/100|[from] move: Magma Storm|[partiallytrapped]
|upkeep
|turn|18
|
|t:|1769366033
|move|p1a: Hoopa|Psychic|p2a: Heatran
|-resisted|p2a: Heatran
|-damage|p2a: Heatran|0 fnt
|faint|p2a: Heatran
|
|-end|p1a: Hoopa|Magma Storm|[partiallytrapped]|[silent]
|upkeep
|
|t:|1769366041
|switch|p2a: Okidogi|Okidogi, M|45/100
|turn|19
|
|t:|1769366044
|-terastallize|p2a: Okidogi|Dark
|move|p1a: Hoopa|Psychic|p2a: Okidogi
|-immune|p2a: Okidogi
|move|p2a: Okidogi|Knock Off|p1a: Hoopa
|-damage|p1a: Hoopa|0 fnt
|-enditem|p1a: Hoopa|Choice Specs|[from] move: Knock Off|[of] p2a: Okidogi
|faint|p1a: Hoopa
|
|upkeep
|
|t:|1769366047
|switch|p1a: Jirachi|Jirachi|100/100
|-damage|p1a: Jirachi|94/100|[from] Stealth Rock
|turn|20
|
|t:|1769366054
|move|p2a: Okidogi|Knock Off|p1a: Jirachi
|-supereffective|p1a: Jirachi
|-damage|p1a: Jirachi|23/100
|-enditem|p1a: Jirachi|Leftovers|[from] move: Knock Off|[of] p2a: Okidogi
|move|p1a: Jirachi|Iron Head|p2a: Okidogi
|-damage|p2a: Okidogi|17/100
|
|upkeep
|turn|21
|
|t:|1769366063
|move|p2a: Okidogi|Knock Off|p1a: Jirachi
|-supereffective|p1a: Jirachi
|-damage|p1a: Jirachi|0 fnt
|faint|p1a: Jirachi
|
|upkeep
|
|t:|1769366065
|switch|p1a: Salamence|Salamence, M|100/100
|-damage|p1a: Salamence|76/100|[from] Stealth Rock
|turn|22
|
|t:|1769366070
|move|p2a: Okidogi|Knock Off|p1a: Salamence
|-crit|p1a: Salamence
|-damage|p1a: Salamence|17/100
|-enditem|p1a: Salamence|Assault Vest|[from] move: Knock Off|[of] p2a: Okidogi
|move|p1a: Salamence|Dual Wingbeat|p2a: Okidogi
|-damage|p2a: Okidogi|0 fnt
|faint|p2a: Okidogi
|-ability|p1a: Salamence|Moxie|boost
|-boost|p1a: Salamence|atk|1
|-hitcount|p2: Okidogi|1
|
|upkeep
|
|t:|1769366081
|switch|p2a: Regice|Regice|37/100
|turn|23
|
|t:|1769366085
|move|p1a: Salamence|Dragon Claw|p2a: Regice
|-damage|p2a: Regice|0 fnt
|faint|p2a: Regice
|-ability|p1a: Salamence|Moxie|boost
|-boost|p1a: Salamence|atk|1
|
|upkeep
|
|t:|1769366091
|switch|p2a: Walking Wake|Walking Wake|29/100
|turn|24
|
|t:|1769366093
|move|p2a: Walking Wake|Draco Meteor|p1a: Salamence
|-supereffective|p1a: Salamence
|-damage|p1a: Salamence|0 fnt
|-unboost|p2a: Walking Wake|spa|2
|faint|p1a: Salamence
|
|win|tilda mamoswinton
|raw|Aeroneoooo's rating: 1127 &rarr; <strong>1099</strong><br />(-28 for losing)
|raw|tilda mamoswinton's rating: 1080 &rarr; <strong>1112</strong><br />(+32 for winning)
|l|☆tilda mamoswinton
|player|p2|
