|j|☆Donquimachette
|j|☆shoebat
|t:|1769425120
|gametype|singles
|player|p1|Donquimachette|101|1583
|player|p2|shoebat|sage|1527
|gen|9
|tier|[Gen 9] OU
|rated|
|rule|HP Percentage Mod: HP is shown in percentages
|rule|Endless Battle Clause: Forcing endless battles is banned
|rule|Species Clause: Limit one of each Pokémon
|rule|OHKO Clause: OHKO moves are banned
|rule|Evasion Items Clause: Evasion items are banned
|rule|Evasion Moves Clause: Evasion moves are banned
|rule|Evasion Abilities Clause: Evasion abilities are banned
|rule|Sleep Moves Clause: Sleep-inducing moves are banned
|clearpoke
|poke|p1|Raging Bolt|
|poke|p1|Corviknight, F|
|poke|p1|Slowking-Galar, M|
|poke|p1|Ogerpon-Wellspring, F|
|poke|p1|Cinderace, M|
|poke|p1|Darkrai|
|poke|p2|Skarmory, M|
|poke|p2|Ting-Lu|
|poke|p2|Zamazenta-*|
|poke|p2|Pecharunt|
|poke|p2|Clefable, M|
|poke|p2|Walking Wake|
|teampreview
|inactive|Battle timer is ON: inactive players will automatically lose when time's up. (requested by shoebat)
|
|t:|1769425126
|teamsize|p1|6
|teamsize|p2|6
|start
|switch|p1a: Cinderace|Cinderace, M|100/100
|switch|p2a: Clefable|Clefable, M|100/100
|turn|1
|
|t:|1769425132
|move|p1a: Cinderace|U-turn|p2a: Clefable
|-resisted|p2a: Clefable
|-damage|p2a: Clefable|92/100
|
|t:|1769425135
|switch|p1a: Slowking|Slowking-Galar, M|100/100|[from] U-turn
|move|p2a: Clefable|Knock Off|p1a: Slowking
|-supereffective|p1a: Slowking
|-damage|p1a: Slowking|71/100
|-enditem|p1a: Slowking|Heavy-Duty Boots|[from] move: Knock Off|[of] p2a: Clefable
|
|-heal|p2a: Clefable|98/100|[from] item: Leftovers
|upkeep
|turn|2
|
|t:|1769425144
|move|p2a: Clefable|Calm Mind|p2a: Clefable
|-boost|p2a: Clefable|spa|1
|-boost|p2a: Clefable|spd|1
|move|p1a: Slowking|Future Sight|p2a: Clefable
|-start|p1a: Slowking|move: Future Sight
|
|-heal|p2a: Clefable|100/100|[from] item: Leftovers
|upkeep
|turn|3
|
|t:|1769425152
|move|p2a: Clefable|Calm Mind|p2a: Clefable
|-boost|p2a: Clefable|spa|1
|-boost|p2a: Clefable|spd|1
|move|p1a: Slowking|Sludge Bomb|p2a: Clefable
|-supereffective|p2a: Clefable
|-damage|p2a: Clefable|67/100
|-status|p2a: Clefable|psn
|
|-heal|p2a: Clefable|73/100 psn|[from] item: Leftovers
|upkeep
|turn|4
|j| Tbccc15
|
|t:|1769425160
|move|p2a: Clefable|Calm Mind|p2a: Clefable
|-boost|p2a: Clefable|spa|1
|-boost|p2a: Clefable|spd|1
|-prepare|p1a: Slowking|Chilly Reception|[premajor]
|move|p1a: Slowking|Chilly Reception|p1a: Slowking
|-weather|Snowscape
|
|t:|1769425165
|switch|p1a: Ogerpon|Ogerpon-Wellspring, F|100/100|[from] Chilly Reception
|
|-weather|Snowscape|[upkeep]
|-end|p2a: Clefable|move: Future Sight
|-damage|p2a: Clefable|56/100 psn
|-heal|p2a: Clefable|62/100 psn|[from] item: Leftovers
|upkeep
|turn|5
|
|t:|1769425172
|move|p1a: Ogerpon|Encore|p2a: Clefable
|-start|p2a: Clefable|Encore
|move|p2a: Clefable|Calm Mind|p2a: Clefable
|-boost|p2a: Clefable|spa|1
|-boost|p2a: Clefable|spd|1
|
|-weather|Snowscape|[upkeep]
|-heal|p2a: Clefable|68/100 psn|[from] item: Leftovers
|upkeep
|turn|6
|
|t:|1769425179
|switch|p2a: Pecharunt|Pecharunt|100/100
|move|p1a: Ogerpon|Ivy Cudgel|p2a: Pecharunt|[anim] Ivy Cudgel Water
|-damage|p2a: Pecharunt|70/100
|
|-weather|Snowscape|[upkeep]
|upkeep
|turn|7
|
|t:|1769425187
|move|p1a: Ogerpon|U-turn|p2a: Pecharunt
|-resisted|p2a: Pecharunt
|-damage|p2a: Pecharunt|66/100
|
|t:|1769425190
|switch|p1a: Slowking|Slowking-Galar, M|100/100|[from] U-turn
|move|p2a: Pecharunt|Parting Shot|p1a: Slowking
|-unboost|p1a: Slowking|atk|1
|-unboost|p1a: Slowking|spa|1
|
|t:|1769425194
|switch|p2a: Ting-Lu|Ting-Lu|100/100|[from] Parting Shot
|-ability|p2a: Ting-Lu|Vessel of Ruin
|
|-weather|Snowscape|[upkeep]
|upkeep
|turn|8
|
|t:|1769425200
|switch|p1a: Ogerpon|Ogerpon-Wellspring, F|100/100
|move|p2a: Ting-Lu|Earthquake|p1a: Ogerpon
|-resisted|p1a: Ogerpon
|-damage|p1a: Ogerpon|77/100
|
|-weather|none
|upkeep
|turn|9
|
|t:|1769425207
|switch|p2a: Pecharunt|Pecharunt|66/100
|move|p1a: Ogerpon|U-turn|p2a: Pecharunt
|-resisted|p2a: Pecharunt
|-damage|p2a: Pecharunt|63/100
|
|t:|1769425215
|switch|p1a: Cinderace|Cinderace, M|100/100|[from] U-turn
|
|upkeep
|turn|10
|l|☆shoebat
|inactive|shoebat disconnected and has a minute to reconnect!
|player|p2|
|inactive|shoebat has 30 seconds to reconnect!
|j|☆shoebat
|inactive|shoebat reconnected and has 110 seconds left.
|player|p2|shoebat|sage|
|
|t:|1769425260
|move|p1a: Cinderace|U-turn|p2a: Pecharunt
|-resisted|p2a: Pecharunt
|-damage|p2a: Pecharunt|60/100
|
|t:|1769425263
|switch|p1a: Slowking|Slowking-Galar, M|100/100|[from] U-turn
|move|p2a: Pecharunt|Malignant Chain|p1a: Slowking
|-resisted|p1a: Slowking
|-damage|p1a: Slowking|92/100
|
|upkeep
|turn|11
|inactive|shoebat has 120 seconds left.
|
|t:|1769425271
|move|p2a: Pecharunt|Recover|p2a: Pecharunt
|-heal|p2a: Pecharunt|100/100
|-prepare|p1a: Slowking|Chilly Reception|[premajor]
|move|p1a: Slowking|Chilly Reception|p1a: Slowking
|-weather|Snowscape
|
|t:|1769425277
|switch|p1a: Raging Bolt|Raging Bolt|100/100|[from] Chilly Reception
|
|-weather|Snowscape|[upkeep]
|upkeep
|turn|12
|
|t:|1769425285
|-end|p1a: Raging Bolt|Protosynthesis|[silent]
|switch|p1a: Ogerpon|Ogerpon-Wellspring, F|77/100
|move|p2a: Pecharunt|Malignant Chain|p1a: Ogerpon
|-supereffective|p1a: Ogerpon
|-damage|p1a: Ogerpon|2/100
|
|-weather|Snowscape|[upkeep]
|upkeep
|turn|13
|
|t:|1769425292
|move|p1a: Ogerpon|U-turn|p2a: Pecharunt
|-resisted|p2a: Pecharunt
|-damage|p2a: Pecharunt|97/100
|
|t:|1769425296
|switch|p1a: Slowking|Slowking-Galar, M|100/100|[from] U-turn
|move|p2a: Pecharunt|Malignant Chain|p1a: Slowking
|-resisted|p1a: Slowking
|-damage|p1a: Slowking|92/100
|
|-weather|Snowscape|[upkeep]
|upkeep
|turn|14
|
|t:|1769425303
|move|p2a: Pecharunt|Parting Shot|p1a: Slowking
|-unboost|p1a: Slowking|atk|1
|-unboost|p1a: Slowking|spa|1
|
|t:|1769425306
|switch|p2a: Ting-Lu|Ting-Lu|100/100|[from] Parting Shot
|-ability|p2a: Ting-Lu|Vessel of Ruin
|move|p1a: Slowking|Future Sight|p2a: Ting-Lu
|-start|p1a: Slowking|move: Future Sight
|
|-weather|Snowscape|[upkeep]
|upkeep
|turn|15
|
|t:|1769425314
|move|p2a: Ting-Lu|Stealth Rock|p1a: Slowking
|-sidestart|p1: Donquimachette|move: Stealth Rock
|-prepare|p1a: Slowking|Chilly Reception|[premajor]
|move|p1a: Slowking|Chilly Reception|p1a: Slowking
|
|t:|1769425318
|switch|p1a: Cinderace|Cinderace, M|100/100|[from] Chilly Reception
|
|-weather|none
|upkeep
|turn|16
|
|t:|1769425323
|move|p1a: Cinderace|U-turn|p2a: Ting-Lu
|-supereffective|p2a: Ting-Lu
|-damage|p2a: Ting-Lu|75/100
|
|t:|1769425326
|switch|p1a: Corviknight|Corviknight, F|100/100|[from] U-turn
|-damage|p1a: Corviknight|88/100|[from] Stealth Rock
|-ability|p1a: Corviknight|Pressure
|move|p2a: Ting-Lu|Earthquake|p1a: Corviknight
|-immune|p1a: Corviknight
|
|-end|p2a: Ting-Lu|move: Future Sight
|-immune|p2a: Ting-Lu
|-heal|p2a: Ting-Lu|81/100|[from] item: Leftovers
|upkeep
|turn|17
|
|t:|1769425337
|move|p1a: Corviknight|Body Press|p2a: Ting-Lu
|-supereffective|p2a: Ting-Lu
|-damage|p2a: Ting-Lu|52/100
|move|p2a: Ting-Lu|Ruination|p1a: Corviknight
|-damage|p1a: Corviknight|44/100
|
|-heal|p2a: Ting-Lu|58/100|[from] item: Leftovers
|upkeep
|turn|18
|
|t:|1769425345
|switch|p2a: Skarmory|Skarmory, M|100/100
|move|p1a: Corviknight|Body Press|p2a: Skarmory
|-damage|p2a: Skarmory|86/100
|-damage|p1a: Corviknight|28/100|[from] item: Rocky Helmet|[of] p2a: Skarmory
|
|upkeep
|turn|19
|
|t:|1769425367
|move|p2a: Skarmory|Spikes|p1a: Corviknight
|-sidestart|p1: Donquimachette|Spikes
|move|p1a: Corviknight|Roost|p1a: Corviknight
|-heal|p1a: Corviknight|78/100
|-singleturn|p1a: Corviknight|move: Roost
|
|upkeep
|turn|20
|
|t:|1769425377
|move|p1a: Corviknight|Defog|p2a: Skarmory
|-unboost|p2a: Skarmory|evasion|1
|-sideend|p1: Donquimachette|Spikes|[from] move: Defog|[of] p1a: Corviknight
|-sideend|p1: Donquimachette|Stealth Rock|[from] move: Defog|[of] p1a: Corviknight
|move|p2a: Skarmory|Whirlwind|p1a: Corviknight
|drag|p1a: Ogerpon|Ogerpon-Wellspring, F|2/100
|
|upkeep
|turn|21
|
|t:|1769425385
|switch|p1a: Raging Bolt|Raging Bolt|100/100
|move|p2a: Skarmory|Brave Bird|p1a: Raging Bolt
|-resisted|p1a: Raging Bolt
|-damage|p1a: Raging Bolt|84/100
|-damage|p2a: Skarmory|79/100|[from] Recoil
|
|upkeep
|turn|22
|
|t:|1769425393
|switch|p2a: Ting-Lu|Ting-Lu|58/100
|-ability|p2a: Ting-Lu|Vessel of Ruin
|move|p1a: Raging Bolt|Draco Meteor|p2a: Ting-Lu
|-damage|p2a: Ting-Lu|8/100
|-unboost|p1a: Raging Bolt|spa|2
|
|-heal|p2a: Ting-Lu|14/100|[from] item: Leftovers
|upkeep
|turn|23
|
|t:|1769425405
|-end|p1a: Raging Bolt|Protosynthesis|[silent]
|switch|p1a: Corviknight|Corviknight, F|78/100
|-ability|p1a: Corviknight|Pressure
|switch|p2a: Clefable|Clefable, M|68/100 psn
|
|-heal|p2a: Clefable|74/100 psn|[from] item: Leftovers
|upkeep
|turn|24
|
|t:|1769425413
|move|p1a: Corviknight|U-turn|p2a: Clefable
|-resisted|p2a: Clefable
|-damage|p2a: Clefable|69/100 psn
|
|t:|1769425417
|switch|p1a: Slowking|Slowking-Galar, M|100/100|[from] U-turn
|move|p2a: Clefable|Knock Off|p1a: Slowking
|-supereffective|p1a: Slowking
|-damage|p1a: Slowking|80/100
|
|-heal|p2a: Clefable|75/100 psn|[from] item: Leftovers
|upkeep
|turn|25
|
|t:|1769425424
|move|p2a: Clefable|Calm Mind|p2a: Clefable
|-boost|p2a: Clefable|spa|1
|-boost|p2a: Clefable|spd|1
|-prepare|p1a: Slowking|Chilly Reception|[premajor]
|move|p1a: Slowking|Chilly Reception|p1a: Slowking
|-weather|Snowscape
|
|t:|1769425430
|switch|p1a: Ogerpon|Ogerpon-Wellspring, F|2/100|[from] Chilly Reception
|
|-weather|Snowscape|[upkeep]
|-heal|p2a: Clefable|81/100 psn|[from] item: Leftovers
|upkeep
|turn|26
|
|t:|1769425435
|switch|p2a: Skarmory|Skarmory, M|79/100
|move|p1a: Ogerpon|Ivy Cudgel|p2a: Skarmory|[anim] Ivy Cudgel Water
|-damage|p2a: Skarmory|45/100
|
|-weather|Snowscape|[upkeep]
|upkeep
|turn|27
|
|t:|1769425442
|switch|p1a: Cinderace|Cinderace, M|100/100
|move|p2a: Skarmory|Roost|p2a: Skarmory
|-heal|p2a: Skarmory|95/100
|-singleturn|p2a: Skarmory|move: Roost
|
|-weather|Snowscape|[upkeep]
|upkeep
|turn|28
|
|t:|1769425449
|switch|p2a: Pecharunt|Pecharunt|97/100
|move|p1a: Cinderace|Pyro Ball|p2a: Pecharunt
|-damage|p2a: Pecharunt|69/100
|
|-weather|Snowscape|[upkeep]
|upkeep
|turn|29
|
|t:|1769425456
|move|p1a: Cinderace|U-turn|p2a: Pecharunt
|-resisted|p2a: Pecharunt
|-damage|p2a: Pecharunt|66/100
|
|t:|1769425459
|switch|p1a: Raging Bolt|Raging Bolt|84/100|[from] U-turn
|move|p2a: Pecharunt|Parting Shot|p1a: Raging Bolt
|-unboost|p1a: Raging Bolt|atk|1
|-unboost|p1a: Raging Bolt|spa|1
|
|t:|1769425466
|switch|p2a: Walking Wake|Walking Wake|100/100|[from] Parting Shot
|
|-weather|none
|upkeep
|turn|30
|
|t:|1769425472
|-end|p1a: Raging Bolt|Protosynthesis|[silent]
|switch|p1a: Slowking|Slowking-Galar, M|100/100
|move|p2a: Walking Wake|Draco Meteor|p1a: Slowking
|-damage|p1a: Slowking|60/100
|-unboost|p2a: Walking Wake|spa|2
|
|upkeep
|turn|31
|
|t:|1769425479
|move|p2a: Walking Wake|Flip Turn|p1a: Slowking
|-damage|p1a: Slowking|43/100
|
|t:|1769425486
|-end|p2a: Walking Wake|Protosynthesis|[silent]
|switch|p2a: Clefable|Clefable, M|81/100 psn|[from] Flip Turn
|-prepare|p1a: Slowking|Chilly Reception|[premajor]
|move|p1a: Slowking|Chilly Reception|p1a: Slowking
|-weather|Snowscape
|
|t:|1769425495
|switch|p1a: Cinderace|Cinderace, M|100/100|[from] Chilly Reception
|
|-weather|Snowscape|[upkeep]
|-heal|p2a: Clefable|87/100 psn|[from] item: Leftovers
|upkeep
|turn|32
|
|t:|1769425500
|move|p1a: Cinderace|Pyro Ball|p2a: Clefable
|-damage|p2a: Clefable|46/100 psn
|move|p2a: Clefable|Knock Off|p1a: Cinderace
|-damage|p1a: Cinderace|80/100
|-enditem|p1a: Cinderace|Heavy-Duty Boots|[from] move: Knock Off|[of] p2a: Clefable
|
|-weather|Snowscape|[upkeep]
|-heal|p2a: Clefable|52/100 psn|[from] item: Leftovers
|upkeep
|turn|33
|
|t:|1769425509
|switch|p2a: Walking Wake|Walking Wake|100/100
|move|p1a: Cinderace|Pyro Ball|p2a: Walking Wake
|-resisted|p2a: Walking Wake
|-damage|p2a: Walking Wake|86/100
|
|-weather|Snowscape|[upkeep]
|upkeep
|turn|34
|
|t:|1769425515
|switch|p1a: Ogerpon|Ogerpon-Wellspring, F|2/100
|move|p2a: Walking Wake|Knock Off|p1a: Ogerpon
|-damage|p1a: Ogerpon|0 fnt
|faint|p1a: Ogerpon
|
|-weather|Snowscape|[upkeep]
|upkeep
|
|t:|1769425523
|switch|p1a: Slowking|Slowking-Galar, M|77/100
|turn|35
|
|t:|1769425534
|move|p2a: Walking Wake|Flip Turn|p1a: Slowking
|-damage|p1a: Slowking|58/100
|
|t:|1769425539
|-end|p2a: Walking Wake|Protosynthesis|[silent]
|switch|p2a: Ting-Lu|Ting-Lu|14/100|[from] Flip Turn
|-ability|p2a: Ting-Lu|Vessel of Ruin
|move|p1a: Slowking|Thunder Wave|p2a: Ting-Lu
|-immune|p2a: Ting-Lu
|
|-weather|none
|-heal|p2a: Ting-Lu|20/100|[from] item: Leftovers
|upkeep
|turn|36
|
|t:|1769425548
|switch|p1a: Cinderace|Cinderace, M|80/100
|move|p2a: Ting-Lu|Whirlwind|p1a: Cinderace
|drag|p1a: Slowking|Slowking-Galar, M|92/100
|
|-heal|p2a: Ting-Lu|26/100|[from] item: Leftovers
|upkeep
|turn|37
|
|t:|1769425561
|move|p2a: Ting-Lu|Earthquake|p1a: Slowking
|-supereffective|p1a: Slowking
|-damage|p1a: Slowking|9/100
|-prepare|p1a: Slowking|Chilly Reception|[premajor]
|move|p1a: Slowking|Chilly Reception|p1a: Slowking
|-weather|Snowscape
|
|t:|1769425567
|switch|p1a: Cinderace|Cinderace, M|80/100|[from] Chilly Reception
|
|-weather|Snowscape|[upkeep]
|-heal|p2a: Ting-Lu|33/100|[from] item: Leftovers
|upkeep
|turn|38
|
|t:|1769425573
|switch|p2a: Pecharunt|Pecharunt|66/100
|move|p1a: Cinderace|U-turn|p2a: Pecharunt
|-resisted|p2a: Pecharunt
|-damage|p2a: Pecharunt|63/100
|
|t:|1769425578
|switch|p1a: Darkrai|Darkrai|100/100|[from] U-turn
|
|-weather|Snowscape|[upkeep]
|upkeep
|turn|39
|
|t:|1769425589
|-terastallize|p2a: Pecharunt|Dark
|move|p1a: Darkrai|Nasty Plot|p1a: Darkrai
|-boost|p1a: Darkrai|spa|2
|move|p2a: Pecharunt|Malignant Chain|p1a: Darkrai
|-damage|p1a: Darkrai|62/100
|
|-weather|Snowscape|[upkeep]
|upkeep
|turn|40
|
|t:|1769425599
|move|p1a: Darkrai|Ice Beam|p2a: Pecharunt
|-damage|p2a: Pecharunt|0 fnt
|faint|p2a: Pecharunt
|
|-weather|Snowscape|[upkeep]
|upkeep
|
|t:|1769425603
|switch|p2a: Zamazenta|Zamazenta|100/100
|-ability|p2a: Zamazenta|Dauntless Shield|boost
|-boost|p2a: Zamazenta|def|1
|turn|41
|
|t:|1769425610
|switch|p1a: Corviknight|Corviknight, F|78/100
|-ability|p1a: Corviknight|Pressure
|move|p2a: Zamazenta|Crunch|p1a: Corviknight
|-damage|p1a: Corviknight|62/100
|-damage|p2a: Zamazenta|84/100|[from] item: Rocky Helmet|[of] p1a: Corviknight
|
|-weather|none
|upkeep
|turn|42
|
|t:|1769425618
|switch|p2a: Skarmory|Skarmory, M|95/100
|move|p1a: Corviknight|Roost|p1a: Corviknight
|-heal|p1a: Corviknight|100/100
|-singleturn|p1a: Corviknight|move: Roost
|
|upkeep
|turn|43
|
|t:|1769425625
|switch|p1a: Cinderace|Cinderace, M|80/100
|move|p2a: Skarmory|Spikes|p1a: Cinderace
|-sidestart|p1: Donquimachette|Spikes
|
|upkeep
|turn|44
|
|t:|1769425630
|move|p1a: Cinderace|Court Change|p1a: Cinderace
|-swapsideconditions
|-activate|p1a: Cinderace|move: Court Change
|move|p2a: Skarmory|Spikes|p1a: Cinderace
|-sidestart|p1: Donquimachette|Spikes
|
|upkeep
|turn|45
|
|t:|1769425634
|switch|p2a: Clefable|Clefable, M|52/100 psn
|move|p1a: Cinderace|Pyro Ball|p2a: Clefable
|-damage|p2a: Clefable|9/100 psn
|
|-heal|p2a: Clefable|15/100 psn|[from] item: Leftovers
|upkeep
|turn|46
|
|t:|1769425640
|move|p1a: Cinderace|Pyro Ball|p2a: Clefable
|-damage|p2a: Clefable|0 fnt
|faint|p2a: Clefable
|
|upkeep
|
|t:|1769425643
|switch|p2a: Walking Wake|Walking Wake|86/100
|turn|47
|
|t:|1769425651
|move|p1a: Cinderace|U-turn|p2a: Walking Wake
|-damage|p2a: Walking Wake|63/100
|
|t:|1769425659
|switch|p1a: Darkrai|Darkrai|62/100|[from] U-turn
|-damage|p1a: Darkrai|49/100|[from] Spikes
|move|p2a: Walking Wake|Surf|p1a: Darkrai
|-damage|p1a: Darkrai|0 fnt
|faint|p1a: Darkrai
|
|upkeep
|
|t:|1769425667
|switch|p1a: Slowking|Slowking-Galar, M|43/100
|-damage|p1a: Slowking|30/100|[from] Spikes
|turn|48
|
|t:|1769425685
|switch|p1a: Corviknight|Corviknight, F|100/100
|-ability|p1a: Corviknight|Pressure
|move|p2a: Walking Wake|Draco Meteor|p1a: Corviknight
|-resisted|p1a: Corviknight
|-damage|p1a: Corviknight|71/100
|-unboost|p2a: Walking Wake|spa|2
|
|upkeep
|turn|49
|
|t:|1769425694
|move|p2a: Walking Wake|Knock Off|p1a: Corviknight
|-damage|p1a: Corviknight|60/100
|-damage|p2a: Walking Wake|46/100|[from] item: Rocky Helmet|[of] p1a: Corviknight
|-enditem|p1a: Corviknight|Rocky Helmet|[from] move: Knock Off|[of] p2a: Walking Wake
|move|p1a: Corviknight|U-turn|p2a: Walking Wake
|-damage|p2a: Walking Wake|30/100
|
|t:|1769425700
|switch|p1a: Cinderace|Cinderace, M|80/100|[from] U-turn
|-damage|p1a: Cinderace|68/100|[from] Spikes
|
|upkeep
|turn|50
|
|t:|1769425706
|-end|p2a: Walking Wake|Protosynthesis|[silent]
|switch|p2a: Ting-Lu|Ting-Lu|33/100
|-damage|p2a: Ting-Lu|20/100|[from] Spikes
|-ability|p2a: Ting-Lu|Vessel of Ruin
|move|p1a: Cinderace|U-turn|p2a: Ting-Lu
|-supereffective|p2a: Ting-Lu
|-damage|p2a: Ting-Lu|0 fnt
|faint|p2a: Ting-Lu
|
|t:|1769425714
|switch|p1a: Raging Bolt|Raging Bolt|84/100|[from] U-turn
|-damage|p1a: Raging Bolt|72/100|[from] Spikes
|
|upkeep
|
|t:|1769425718
|switch|p2a: Zamazenta|Zamazenta|84/100
|turn|51
|
|t:|1769425725
|-end|p1a: Raging Bolt|Protosynthesis|[silent]
|switch|p1a: Corviknight|Corviknight, F|60/100
|-ability|p1a: Corviknight|Pressure
|move|p2a: Zamazenta|Close Combat|p1a: Corviknight
|-damage|p1a: Corviknight|26/100
|-unboost|p2a: Zamazenta|def|1
|-unboost|p2a: Zamazenta|spd|1
|
|upkeep
|turn|52
|
|t:|1769425734
|move|p2a: Zamazenta|Close Combat|p1a: Corviknight
|-damage|p1a: Corviknight|0 fnt
|-unboost|p2a: Zamazenta|def|1
|-unboost|p2a: Zamazenta|spd|1
|faint|p1a: Corviknight
|
|upkeep
|
|t:|1769425741
|switch|p1a: Raging Bolt|Raging Bolt|72/100
|-damage|p1a: Raging Bolt|60/100|[from] Spikes
|turn|53
|
|t:|1769425747
|switch|p2a: Walking Wake|Walking Wake|30/100
|move|p1a: Raging Bolt|Thunderbolt|p2a: Walking Wake
|-damage|p2a: Walking Wake|0 fnt
|faint|p2a: Walking Wake
|-end|p2a: Walking Wake|Protosynthesis|[silent]
|
|upkeep
|
|t:|1769425752
|switch|p2a: Zamazenta|Zamazenta|84/100
|turn|54
|
|t:|1769425756
|-end|p1a: Raging Bolt|Protosynthesis|[silent]
|switch|p1a: Slowking|Slowking-Galar, M|63/100
|-damage|p1a: Slowking|51/100|[from] Spikes
|move|p2a: Zamazenta|Crunch|p1a: Slowking
|-supereffective|p1a: Slowking
|-damage|p1a: Slowking|0 fnt
|faint|p1a: Slowking
|
|upkeep
|
|t:|1769425766
|switch|p1a: Cinderace|Cinderace, M|68/100
|-damage|p1a: Cinderace|56/100|[from] Spikes
|turn|55
|
|t:|1769425770
|move|p2a: Zamazenta|Stone Edge|p1a: Cinderace
|-supereffective|p1a: Cinderace
|-damage|p1a: Cinderace|0 fnt
|faint|p1a: Cinderace
|
|upkeep
|
|t:|1769425774
|switch|p1a: Raging Bolt|Raging Bolt|60/100
|-damage|p1a: Raging Bolt|48/100|[from] Spikes
|turn|56
|
|t:|1769425778
|move|p2a: Zamazenta|Close Combat|p1a: Raging Bolt
|-damage|p1a: Raging Bolt|0 fnt
|-unboost|p2a: Zamazenta|def|1
|-unboost|p2a: Zamazenta|spd|1
|faint|p1a: Raging Bolt
|-end|p1a: Raging Bolt|Protosynthesis|[silent]
|
|win|shoebat
|raw|Donquimachette's rating: 1583 &rarr; <strong>1560</strong><br />(-23 for losing)
|raw|shoebat's rating: 1527 &rarr; <strong>1550</strong><br />(+23 for winning)
|l|☆Donquimachette
|player|p1|
|l| Tbccc15
