|j|☆Deesse Louve
|j|☆ghighas
|t:|1769317297
|gametype|singles
|player|p1|Deesse Louve|iono|1217
|player|p2|ghighas|ghetsis|1234
|gen|9
|tier|[Gen 9] OU
|rated|
|rule|HP Percentage Mod: HP is shown in percentages
|rule|Endless Battle Clause: Forcing endless battles is banned
|rule|Species Clause: Limit one of each Pokémon
|rule|OHKO Clause: OHKO moves are banned
|rule|Evasion Items Clause: Evasion items are banned
|rule|Evasion Moves Clause: Evasion moves are banned
|rule|Evasion Abilities Clause: Evasion abilities are banned
|rule|Sleep Moves Clause: Sleep-inducing moves are banned
|clearpoke
|poke|p1|Kyurem|
|poke|p1|Cinderace, F|
|poke|p1|Tornadus-Therian, M|
|poke|p1|Hatterene, F|
|poke|p1|Great Tusk|
|poke|p1|Kingambit, F|
|poke|p2|Barraskewda, F|
|poke|p2|Pelipper, M|
|poke|p2|Dondozo, M|
|poke|p2|Ogerpon-Wellspring, F|
|poke|p2|Goodra-Hisui, F|
|poke|p2|Great Tusk|
|teampreview
|j| Bitce
|l| Bitce
|
|t:|1769317319
|teamsize|p1|6
|teamsize|p2|6
|start
|switch|p1a: Tornadus|Tornadus-Therian, M|100/100
|switch|p2a: Pelipper|Pelipper, M|100/100
|-weather|RainDance|[from] ability: Drizzle|[of] p2a: Pelipper
|turn|1
|
|t:|1769317325
|-terastallize|p1a: Tornadus|Water
|move|p1a: Tornadus|Knock Off|p2a: Pelipper
|-damage|p2a: Pelipper|83/100
|-enditem|p2a: Pelipper|Damp Rock|[from] move: Knock Off|[of] p1a: Tornadus
|move|p2a: Pelipper|U-turn|p1a: Tornadus
|-damage|p1a: Tornadus|91/100
|
|t:|1769317336
|switch|p2a: Dondozo|Dondozo, M|100/100|[from] U-turn
|
|-weather|RainDance|[upkeep]
|upkeep
|turn|2
|
|t:|1769317341
|move|p1a: Tornadus|Knock Off|p2a: Dondozo
|-damage|p2a: Dondozo|91/100
|-enditem|p2a: Dondozo|Leftovers|[from] move: Knock Off|[of] p1a: Tornadus
|move|p2a: Dondozo|Body Press|p1a: Tornadus
|-damage|p1a: Tornadus|62/100
|
|-weather|RainDance|[upkeep]
|upkeep
|turn|3
|
|t:|1769317354
|move|p1a: Tornadus|Bleakwind Storm|p2a: Dondozo
|-damage|p2a: Dondozo|61/100
|-unboost|p2a: Dondozo|spe|1
|move|p2a: Dondozo|Body Press|p1a: Tornadus
|-damage|p1a: Tornadus|30/100
|
|-weather|RainDance|[upkeep]
|upkeep
|turn|4
|
|t:|1769317366
|switch|p1a: Kyurem|Kyurem|100/100
|-ability|p1a: Kyurem|Pressure
|move|p2a: Dondozo|Wave Crash|p1a: Kyurem
|-resisted|p1a: Kyurem
|-damage|p1a: Kyurem|72/100
|-damage|p2a: Dondozo|53/100|[from] Recoil
|
|-weather|RainDance|[upkeep]
|-heal|p1a: Kyurem|79/100|[from] item: Leftovers
|upkeep
|turn|5
|
|t:|1769317374
|-terastallize|p2a: Dondozo|Fighting
|move|p1a: Kyurem|Substitute|p1a: Kyurem
|-start|p1a: Kyurem|Substitute
|-damage|p1a: Kyurem|54/100
|move|p2a: Dondozo|Body Press|p1a: Kyurem
|-supereffective|p1a: Kyurem
|-end|p1a: Kyurem|Substitute
|
|-weather|RainDance|[upkeep]
|-heal|p1a: Kyurem|60/100|[from] item: Leftovers
|upkeep
|turn|6
|
|t:|1769317392
|move|p1a: Kyurem|Draco Meteor|p2a: Dondozo
|-damage|p2a: Dondozo|0 fnt
|-unboost|p1a: Kyurem|spa|2
|faint|p2a: Dondozo
|
|-weather|RainDance|[upkeep]
|-heal|p1a: Kyurem|66/100|[from] item: Leftovers
|upkeep
|
|t:|1769317396
|switch|p2a: Barraskewda|Barraskewda, F, shiny|100/100
|turn|7
|
|t:|1769317402
|move|p2a: Barraskewda|Liquidation|p1a: Kyurem
|-resisted|p1a: Kyurem
|-damage|p1a: Kyurem|18/100
|move|p1a: Kyurem|Freeze-Dry|p2a: Barraskewda
|-supereffective|p2a: Barraskewda
|-damage|p2a: Barraskewda|10/100
|
|-weather|RainDance|[upkeep]
|-heal|p1a: Kyurem|24/100|[from] item: Leftovers
|upkeep
|turn|8
|
|t:|1769317414
|switch|p1a: Great Tusk|Great Tusk|100/100
|move|p2a: Barraskewda|Liquidation|p1a: Great Tusk
|-supereffective|p1a: Great Tusk
|-damage|p1a: Great Tusk|0 fnt
|-damage|p2a: Barraskewda|0 fnt|[from] item: Rocky Helmet|[of] p1a: Great Tusk
|faint|p1a: Great Tusk
|-end|p1a: Great Tusk|Protosynthesis|[silent]
|faint|p2a: Barraskewda
|
|-weather|none
|upkeep
|
|t:|1769317426
|switch|p2a: Ogerpon|Ogerpon-Wellspring, F|100/100
|switch|p1a: Tornadus|Tornadus-Therian, M, tera:Water|63/100
|turn|9
|inactive|Battle timer is ON: inactive players will automatically lose when time's up. (requested by ghighas)
|
|t:|1769317442
|move|p1a: Tornadus|Bleakwind Storm|p2a: Ogerpon
|-supereffective|p2a: Ogerpon
|-damage|p2a: Ogerpon|18/100
|move|p2a: Ogerpon|Horn Leech|p1a: Tornadus
|-supereffective|p1a: Tornadus
|-damage|p1a: Tornadus|0 fnt
|-heal|p2a: Ogerpon|51/100|[from] drain|[of] p1a: Tornadus
|faint|p1a: Tornadus
|
|upkeep
|
|t:|1769317450
|switch|p1a: Hatterene|Hatterene, F|100/100
|turn|10
|
|t:|1769317458
|switch|p2a: Goodra|Goodra-Hisui, F|100/100
|move|p1a: Hatterene|Nuzzle|p2a: Goodra
|-resisted|p2a: Goodra
|-damage|p2a: Goodra|98/100
|-status|p2a: Goodra|par
|
|upkeep
|turn|11
|
|t:|1769317477
|move|p1a: Hatterene|Mystical Fire|p2a: Goodra
|-damage|p2a: Goodra|82/100 par
|-unboost|p2a: Goodra|spa|1
|move|p2a: Goodra|Curse|p2a: Goodra
|-unboost|p2a: Goodra|spe|1
|-boost|p2a: Goodra|atk|1
|-boost|p2a: Goodra|def|1
|
|upkeep
|turn|12
|
|t:|1769317487
|move|p1a: Hatterene|Psychic Noise|p2a: Goodra
|-resisted|p2a: Goodra
|-damage|p2a: Goodra|70/100 par
|-start|p2a: Goodra|move: Heal Block
|move|p2a: Goodra|Curse|p2a: Goodra
|-unboost|p2a: Goodra|spe|1
|-boost|p2a: Goodra|atk|1
|-boost|p2a: Goodra|def|1
|
|upkeep
|turn|13
|
|t:|1769317498
|move|p1a: Hatterene|Mystical Fire|p2a: Goodra
|-damage|p2a: Goodra|54/100 par
|-unboost|p2a: Goodra|spa|1
|move|p2a: Goodra|Flash Cannon|p1a: Hatterene
|-supereffective|p1a: Hatterene
|-damage|p1a: Hatterene|80/100
|
|-end|p2a: Goodra|move: Heal Block
|upkeep
|turn|14
|
|t:|1769317505
|move|p1a: Hatterene|Psychic Noise|p2a: Goodra
|-resisted|p2a: Goodra
|-damage|p2a: Goodra|42/100 par
|-start|p2a: Goodra|move: Heal Block
|move|p2a: Goodra|Flash Cannon|p1a: Hatterene
|-supereffective|p1a: Hatterene
|-damage|p1a: Hatterene|59/100
|
|upkeep
|turn|15
|
|t:|1769317509
|move|p1a: Hatterene|Mystical Fire|p2a: Goodra
|-damage|p2a: Goodra|24/100 par
|-unboost|p2a: Goodra|spa|1
|cant|p2a: Goodra|par
|
|-end|p2a: Goodra|move: Heal Block
|upkeep
|turn|16
|
|t:|1769317511
|move|p1a: Hatterene|Mystical Fire|p2a: Goodra
|-damage|p2a: Goodra|6/100 par
|-unboost|p2a: Goodra|spa|1
|move|p2a: Goodra|Rest|p2a: Goodra
|-status|p2a: Goodra|slp|[from] move: Rest
|-heal|p2a: Goodra|100/100 slp|[silent]
|
|upkeep
|turn|17
|
|t:|1769317519
|switch|p1a: Kyurem|Kyurem|24/100
|-ability|p1a: Kyurem|Pressure
|cant|p2a: Goodra|slp
|
|-heal|p1a: Kyurem|31/100|[from] item: Leftovers
|upkeep
|turn|18
|
|t:|1769317530
|move|p1a: Kyurem|Freeze-Dry|p2a: Goodra
|-damage|p2a: Goodra|77/100 slp
|cant|p2a: Goodra|slp
|
|-heal|p1a: Kyurem|37/100|[from] item: Leftovers
|upkeep
|turn|19
|
|t:|1769317535
|move|p1a: Kyurem|Substitute|p1a: Kyurem
|-start|p1a: Kyurem|Substitute
|-damage|p1a: Kyurem|12/100
|-curestatus|p2a: Goodra|slp|[msg]
|move|p2a: Goodra|Dragon Tail|p1a: Kyurem
|-supereffective|p1a: Kyurem
|-end|p1a: Kyurem|Substitute
|
|-heal|p1a: Kyurem|18/100|[from] item: Leftovers
|upkeep
|turn|20
|
|t:|1769317538
|move|p1a: Kyurem|Draco Meteor|p2a: Goodra
|-damage|p2a: Goodra|35/100
|-unboost|p1a: Kyurem|spa|2
|move|p2a: Goodra|Dragon Tail|p1a: Kyurem
|-supereffective|p1a: Kyurem
|-damage|p1a: Kyurem|0 fnt
|faint|p1a: Kyurem
|
|upkeep
|
|t:|1769317549
|switch|p1a: Hatterene|Hatterene, F|59/100
|turn|21
|
|t:|1769317556
|move|p1a: Hatterene|Psychic Noise|p2a: Goodra
|-resisted|p2a: Goodra
|-damage|p2a: Goodra|22/100
|-start|p2a: Goodra|move: Heal Block
|move|p2a: Goodra|Flash Cannon|p1a: Hatterene
|-supereffective|p1a: Hatterene
|-damage|p1a: Hatterene|46/100
|
|upkeep
|turn|22
|
|t:|1769317561
|move|p1a: Hatterene|Psychic Noise|p2a: Goodra
|-resisted|p2a: Goodra
|-damage|p2a: Goodra|10/100
|move|p2a: Goodra|Flash Cannon|p1a: Hatterene
|-supereffective|p1a: Hatterene
|-damage|p1a: Hatterene|32/100
|
|-end|p2a: Goodra|move: Heal Block
|upkeep
|turn|23
|
|t:|1769317565
|move|p1a: Hatterene|Psychic Noise|p2a: Goodra
|-resisted|p2a: Goodra
|-damage|p2a: Goodra|0 fnt
|faint|p2a: Goodra
|
|upkeep
|
|t:|1769317569
|switch|p2a: Ogerpon|Ogerpon-Wellspring, F|51/100
|turn|24
|
|t:|1769317571
|move|p2a: Ogerpon|Ivy Cudgel|p1a: Hatterene|[anim] Ivy Cudgel Water
|-damage|p1a: Hatterene|0 fnt
|faint|p1a: Hatterene
|
|upkeep
|
|t:|1769317576
|switch|p1a: Kingambit|Kingambit, F|100/100
|-activate|p1a: Kingambit|ability: Supreme Overlord
|-start|p1a: Kingambit|fallen4|[silent]
|turn|25
|inactive|ghighas has 120 seconds left.
|
|t:|1769317609
|move|p2a: Ogerpon|Knock Off|p1a: Kingambit
|-resisted|p1a: Kingambit
|-damage|p1a: Kingambit|86/100
|-enditem|p1a: Kingambit|Leftovers|[from] move: Knock Off|[of] p2a: Ogerpon
|move|p1a: Kingambit|Swords Dance|p1a: Kingambit
|-boost|p1a: Kingambit|atk|2
|
|upkeep
|turn|26
|
|t:|1769317622
|move|p1a: Kingambit|Sucker Punch|p2a: Ogerpon
|-damage|p2a: Ogerpon|0 fnt
|faint|p2a: Ogerpon
|
|upkeep
|
|t:|1769317634
|switch|p2a: Great Tusk|Great Tusk|100/100
|turn|27
|
|t:|1769317641
|move|p2a: Great Tusk|Earthquake|p1a: Kingambit
|-supereffective|p1a: Kingambit
|-damage|p1a: Kingambit|26/100
|move|p1a: Kingambit|Swords Dance|p1a: Kingambit
|-boost|p1a: Kingambit|atk|2
|
|upkeep
|turn|28
|
|t:|1769317651
|move|p1a: Kingambit|Sucker Punch|p2a: Great Tusk
|-resisted|p2a: Great Tusk
|-damage|p2a: Great Tusk|59/100
|move|p2a: Great Tusk|Earthquake|p1a: Kingambit
|-supereffective|p1a: Kingambit
|-damage|p1a: Kingambit|0 fnt
|faint|p1a: Kingambit
|-end|p1a: Kingambit|fallen4|[silent]
|
|upkeep
|
|t:|1769317655
|switch|p1a: Cinderace|Cinderace, F|100/100
|turn|29
|
|t:|1769317672
|-end|p2a: Great Tusk|Protosynthesis|[silent]
|switch|p2a: Pelipper|Pelipper, M|83/100
|-weather|RainDance|[from] ability: Drizzle|[of] p2a: Pelipper
|move|p1a: Cinderace|High Jump Kick|p2a: Pelipper
|-start|p1a: Cinderace|typechange|Fighting|[from] ability: Libero
|-resisted|p2a: Pelipper
|-crit|p2a: Pelipper
|-damage|p2a: Pelipper|46/100
|
|-weather|RainDance|[upkeep]
|upkeep
|turn|30
|inactive|ghighas has 120 seconds left.
|
|t:|1769317711
|move|p1a: Cinderace|High Jump Kick|p2a: Pelipper
|-resisted|p2a: Pelipper
|-damage|p2a: Pelipper|20/100
|move|p2a: Pelipper|Hurricane|p1a: Cinderace
|-supereffective|p1a: Cinderace
|-damage|p1a: Cinderace|10/100
|
|-weather|RainDance|[upkeep]
|upkeep
|turn|31
|
|t:|1769317720
|move|p1a: Cinderace|High Jump Kick|p2a: Pelipper
|-resisted|p2a: Pelipper
|-damage|p2a: Pelipper|0 fnt
|faint|p2a: Pelipper
|
|-weather|RainDance|[upkeep]
|upkeep
|inactive|ghighas has 120 seconds left.
|
|t:|1769317740
|switch|p2a: Great Tusk|Great Tusk|59/100
|turn|32
|inactive|ghighas has 120 seconds left.
|
|t:|1769317746
|move|p1a: Cinderace|High Jump Kick|p2a: Great Tusk
|-damage|p2a: Great Tusk|30/100
|move|p2a: Great Tusk|Earthquake|p1a: Cinderace
|-damage|p1a: Cinderace|0 fnt
|faint|p1a: Cinderace
|
|win|ghighas
|raw|Deesse Louve's rating: 1217 &rarr; <strong>1193</strong><br />(-24 for losing)
|raw|ghighas's rating: 1234 &rarr; <strong>1258</strong><br />(+24 for winning)
|l|☆ghighas
|player|p2|
|l|☆Deesse Louve
|player|p1|
