|j|☆Arlowizardo
|j|☆Ractive
|t:|1769302536
|gametype|singles
|player|p1|Arlowizardo|mars|
|player|p2|Ractive|volkner|
|gen|9
|tier|[Gen 9] OU
|rule|HP Percentage Mod: HP is shown in percentages
|rule|Endless Battle Clause: Forcing endless battles is banned
|rule|Species Clause: Limit one of each Pokémon
|rule|OHKO Clause: OHKO moves are banned
|rule|Evasion Items Clause: Evasion items are banned
|rule|Evasion Moves Clause: Evasion moves are banned
|rule|Evasion Abilities Clause: Evasion abilities are banned
|rule|Sleep Moves Clause: Sleep-inducing moves are banned
|clearpoke
|poke|p1|Kyurem|
|poke|p1|Araquanid, F|
|poke|p1|Goodra-Hisui, F|
|poke|p1|Slowking-Galar, F|
|poke|p1|Flamigo, F|
|poke|p1|Chandelure, F|
|poke|p2|Kingambit, F|
|poke|p2|Mimikyu, M|
|poke|p2|Rotom-Wash|
|poke|p2|Blissey, F|
|poke|p2|Arcanine, F|
|poke|p2|Mudsdale, F|
|teampreview
|c|☆Arlowizardo|https://www.youtube.com/watch?v=h6YBHrh4Uno
|j| NitroVort
|
|t:|1769302589
|teamsize|p1|6
|teamsize|p2|6
|start
|switch|p1a: Witzi Witzi|Araquanid, F, shiny|100/100
|switch|p2a: Mimikyu|Mimikyu, M, shiny|100/100
|turn|1
|
|t:|1769302624
|move|p2a: Mimikyu|Will-O-Wisp|p1a: Witzi Witzi
|-status|p1a: Witzi Witzi|brn
|move|p1a: Witzi Witzi|Lunge|p2a: Mimikyu
|-activate|p2a: Mimikyu|ability: Disguise
|-damage|p2a: Mimikyu|100/100
|-unboost|p2a: Mimikyu|atk|1
|detailschange|p2a: Mimikyu|Mimikyu-Busted, M, shiny
|-damage|p2a: Mimikyu|88/100|[from] pokemon: Mimikyu-Busted
|
|-damage|p1a: Witzi Witzi|94/100 brn|[from] brn
|upkeep
|turn|2
|
|t:|1769302656
|switch|p2a: Rotom|Rotom-Wash|100/100
|move|p1a: Witzi Witzi|Sticky Web|p2a: Rotom
|-sidestart|p2: Ractive|move: Sticky Web
|
|-heal|p1a: Witzi Witzi|100/100 brn|[from] item: Leftovers
|-damage|p1a: Witzi Witzi|94/100 brn|[from] brn
|upkeep
|turn|3
|
|t:|1769302663
|switch|p1a: Radiant Dawn|Kyurem|100/100
|-ability|p1a: Radiant Dawn|Pressure
|move|p2a: Rotom|Volt Switch|p1a: Radiant Dawn
|-resisted|p1a: Radiant Dawn
|-damage|p1a: Radiant Dawn|80/100
|
|t:|1769302676
|switch|p2a: Dinny|Arcanine, F|100/100|[from] Volt Switch
|-activate|p2a: Dinny|move: Sticky Web
|-unboost|p2a: Dinny|spe|1
|-ability|p2a: Dinny|Intimidate|boost
|-unboost|p1a: Radiant Dawn|atk|1
|
|upkeep
|turn|4
|
|t:|1769302690
|move|p1a: Radiant Dawn|Earth Power|p2a: Dinny
|-supereffective|p2a: Dinny
|-damage|p2a: Dinny|2/100
|move|p2a: Dinny|Will-O-Wisp|p1a: Radiant Dawn
|-status|p1a: Radiant Dawn|brn
|
|-damage|p1a: Radiant Dawn|74/100 brn|[from] brn
|upkeep
|turn|5
|j| xxjoyoshixx
|
|t:|1769302728
|switch|p1a: Purple haze|Slowking-Galar, F|100/100
|move|p2a: Dinny|Will-O-Wisp|p1a: Purple haze
|-status|p1a: Purple haze|brn
|
|-damage|p1a: Purple haze|94/100 brn|[from] brn
|upkeep
|turn|6
|c| xxjoyoshixx|Tux
|
|t:|1769302743
|switch|p2a: Mudsdale|Mudsdale, F|100/100
|-activate|p2a: Mudsdale|move: Sticky Web
|-unboost|p2a: Mudsdale|spe|1
|move|p1a: Purple haze|Sludge Bomb|p2a: Mudsdale
|-resisted|p2a: Mudsdale
|-damage|p2a: Mudsdale|86/100
|-status|p2a: Mudsdale|psn
|-ability|p2a: Mudsdale|Stamina|boost
|-boost|p2a: Mudsdale|def|1
|
|-heal|p1a: Purple haze|100/100 brn|[from] item: Black Sludge
|-damage|p2a: Mudsdale|73/100 psn|[from] psn
|-damage|p1a: Purple haze|94/100 brn|[from] brn
|upkeep
|turn|7
|
|t:|1769302762
|-prepare|p1a: Purple haze|Chilly Reception|[premajor]
|move|p1a: Purple haze|Chilly Reception|p1a: Purple haze
|-weather|Snowscape
|
|t:|1769302766
|switch|p1a: Witzi Witzi|Araquanid, F, shiny|94/100 brn|[from] Chilly Reception
|move|p2a: Mudsdale|Stealth Rock|p1a: Witzi Witzi
|-sidestart|p1: Arlowizardo|move: Stealth Rock
|
|-weather|Snowscape|[upkeep]
|-heal|p1a: Witzi Witzi|100/100 brn|[from] item: Leftovers
|-damage|p2a: Mudsdale|61/100 psn|[from] psn
|-damage|p1a: Witzi Witzi|94/100 brn|[from] brn
|upkeep
|turn|8
|
|t:|1769302785
|switch|p2a: Rotom|Rotom-Wash|100/100
|move|p1a: Witzi Witzi|Infestation|p2a: Rotom
|-damage|p2a: Rotom|96/100
|-activate|p2a: Rotom|move: Infestation|[of] p1a: Witzi Witzi
|
|-weather|Snowscape|[upkeep]
|-heal|p1a: Witzi Witzi|100/100 brn|[from] item: Leftovers
|-damage|p1a: Witzi Witzi|94/100 brn|[from] brn
|-damage|p2a: Rotom|84/100|[from] move: Infestation|[partiallytrapped]
|upkeep
|turn|9
|
|t:|1769302796
|switch|p1a: Purple haze|Slowking-Galar, F|100/100 brn
|-damage|p1a: Purple haze|88/100 brn|[from] Stealth Rock
|move|p2a: Rotom|Light Screen|p2a: Rotom
|-sidestart|p2: Ractive|move: Light Screen
|
|-weather|Snowscape|[upkeep]
|-heal|p1a: Purple haze|94/100 brn|[from] item: Black Sludge
|-damage|p1a: Purple haze|88/100 brn|[from] brn
|-end|p2a: Rotom|Infestation|[partiallytrapped]|[silent]
|upkeep
|turn|10
|
|t:|1769302813
|switch|p2a: Blissey|Blissey, F|100/100
|-activate|p2a: Blissey|move: Sticky Web
|-unboost|p2a: Blissey|spe|1
|move|p1a: Purple haze|Future Sight|p2a: Blissey
|-start|p1a: Purple haze|move: Future Sight
|
|-weather|Snowscape|[upkeep]
|-heal|p1a: Purple haze|94/100 brn|[from] item: Black Sludge
|-damage|p1a: Purple haze|88/100 brn|[from] brn
|upkeep
|turn|11
|
|t:|1769302827
|switch|p1a: Witzi Witzi|Araquanid, F, shiny|94/100 brn
|-damage|p1a: Witzi Witzi|69/100 brn|[from] Stealth Rock
|move|p2a: Blissey|Substitute|p2a: Blissey
|-start|p2a: Blissey|Substitute
|-damage|p2a: Blissey|76/100
|
|-weather|none
|-heal|p1a: Witzi Witzi|75/100 brn|[from] item: Leftovers
|-heal|p2a: Blissey|82/100|[from] item: Leftovers
|-damage|p1a: Witzi Witzi|69/100 brn|[from] brn
|upkeep
|turn|12
|
|t:|1769302838
|move|p2a: Blissey|Protect|p2a: Blissey
|-singleturn|p2a: Blissey|Protect
|move|p1a: Witzi Witzi|Liquidation|p2a: Blissey
|-activate|p2a: Blissey|move: Protect
|
|-end|p2a: Blissey|move: Future Sight
|-activate|p2a: Blissey|move: Substitute|[damage]
|-heal|p1a: Witzi Witzi|75/100 brn|[from] item: Leftovers
|-heal|p2a: Blissey|88/100|[from] item: Leftovers
|-damage|p1a: Witzi Witzi|69/100 brn|[from] brn
|upkeep
|turn|13
|
|t:|1769302849
|move|p1a: Witzi Witzi|Liquidation|p2a: Blissey
|-end|p2a: Blissey|Substitute
|move|p2a: Blissey|Soft-Boiled|p2a: Blissey
|-heal|p2a: Blissey|100/100
|
|-heal|p1a: Witzi Witzi|75/100 brn|[from] item: Leftovers
|-damage|p1a: Witzi Witzi|69/100 brn|[from] brn
|-sideend|p2: Ractive|move: Light Screen
|upkeep
|turn|14
|
|t:|1769302855
|move|p1a: Witzi Witzi|Liquidation|p2a: Blissey
|-damage|p2a: Blissey|83/100
|move|p2a: Blissey|Substitute|p2a: Blissey
|-start|p2a: Blissey|Substitute
|-damage|p2a: Blissey|58/100
|
|-heal|p1a: Witzi Witzi|75/100 brn|[from] item: Leftovers
|-heal|p2a: Blissey|64/100|[from] item: Leftovers
|-damage|p1a: Witzi Witzi|69/100 brn|[from] brn
|upkeep
|turn|15
|
|t:|1769302862
|move|p1a: Witzi Witzi|Liquidation|p2a: Blissey
|-activate|p2a: Blissey|move: Substitute|[damage]
|move|p2a: Blissey|Soft-Boiled|p2a: Blissey
|-heal|p2a: Blissey|100/100
|
|-heal|p1a: Witzi Witzi|75/100 brn|[from] item: Leftovers
|-damage|p1a: Witzi Witzi|69/100 brn|[from] brn
|upkeep
|turn|16
|
|t:|1769302872
|move|p1a: Witzi Witzi|Liquidation|p2a: Blissey
|-end|p2a: Blissey|Substitute
|move|p2a: Blissey|Body Slam|p1a: Witzi Witzi
|-damage|p1a: Witzi Witzi|64/100 brn
|
|-heal|p1a: Witzi Witzi|70/100 brn|[from] item: Leftovers
|-damage|p1a: Witzi Witzi|64/100 brn|[from] brn
|upkeep
|turn|17
|
|t:|1769302925
|switch|p2a: Dinny|Arcanine, F|2/100
|-activate|p2a: Dinny|move: Sticky Web
|-unboost|p2a: Dinny|spe|1
|-ability|p2a: Dinny|Intimidate|boost
|-unboost|p1a: Witzi Witzi|atk|1
|move|p1a: Witzi Witzi|Lunge|p2a: Dinny
|-resisted|p2a: Dinny
|-damage|p2a: Dinny|0 fnt
|faint|p2a: Dinny
|
|-heal|p1a: Witzi Witzi|70/100 brn|[from] item: Leftovers
|-damage|p1a: Witzi Witzi|64/100 brn|[from] brn
|upkeep
|
|t:|1769302932
|switch|p2a: Rotom|Rotom-Wash|84/100
|turn|18
|
|t:|1769302938
|switch|p1a: Purple haze|Slowking-Galar, F|100/100 brn
|-damage|p1a: Purple haze|88/100 brn|[from] Stealth Rock
|move|p2a: Rotom|Shadow Ball|p1a: Purple haze
|-supereffective|p1a: Purple haze
|-damage|p1a: Purple haze|49/100 brn
|
|-heal|p1a: Purple haze|56/100 brn|[from] item: Black Sludge
|-damage|p1a: Purple haze|49/100 brn|[from] brn
|upkeep
|turn|19
|
|t:|1769302949
|switch|p1a: Panzer|Goodra-Hisui, F|100/100
|-damage|p1a: Panzer|94/100|[from] Stealth Rock
|move|p2a: Rotom|Shadow Ball|p1a: Panzer
|-damage|p1a: Panzer|79/100
|
|upkeep
|turn|20
|
|t:|1769302998
|-terastallize|p2a: Rotom|Ghost
|move|p2a: Rotom|Shadow Ball|p1a: Panzer
|-damage|p1a: Panzer|58/100
|-unboost|p1a: Panzer|spd|1
|move|p1a: Panzer|Draco Meteor|p2a: Rotom
|-damage|p2a: Rotom|6/100
|-unboost|p1a: Panzer|spa|2
|
|upkeep
|turn|21
|
|t:|1769303021
|switch|p1a: Witzi Witzi|Araquanid, F, shiny|64/100 brn
|-damage|p1a: Witzi Witzi|39/100 brn|[from] Stealth Rock
|move|p2a: Rotom|Shadow Ball|p1a: Witzi Witzi
|-damage|p1a: Witzi Witzi|0 fnt
|faint|p1a: Witzi Witzi
|
|upkeep
|
|t:|1769303025
|switch|p1a: Shauntal|Chandelure, F, shiny|100/100
|-damage|p1a: Shauntal|76/100|[from] Stealth Rock
|turn|22
|
|t:|1769303065
|move|p1a: Shauntal|Flamethrower|p2a: Rotom
|-damage|p2a: Rotom|0 fnt
|faint|p2a: Rotom
|
|upkeep
|
|t:|1769303085
|switch|p2a: Mudsdale|Mudsdale, F|61/100 psn
|-activate|p2a: Mudsdale|move: Sticky Web
|-unboost|p2a: Mudsdale|spe|1
|turn|23
|
|t:|1769303095
|move|p1a: Shauntal|Flamethrower|p2a: Mudsdale
|-damage|p2a: Mudsdale|10/100 psn
|-ability|p2a: Mudsdale|Stamina|boost
|-boost|p2a: Mudsdale|def|1
|-enditem|p2a: Mudsdale|Sitrus Berry|[eat]
|-heal|p2a: Mudsdale|35/100 psn|[from] item: Sitrus Berry
|move|p2a: Mudsdale|Earthquake|p1a: Shauntal
|-supereffective|p1a: Shauntal
|-damage|p1a: Shauntal|0 fnt
|faint|p1a: Shauntal
|
|-damage|p2a: Mudsdale|23/100 psn|[from] psn
|upkeep
|
|t:|1769303113
|switch|p1a: Panzer|Goodra-Hisui, F|58/100
|-damage|p1a: Panzer|52/100|[from] Stealth Rock
|turn|24
|
|t:|1769303120
|move|p2a: Mudsdale|Protect|p2a: Mudsdale
|-singleturn|p2a: Mudsdale|Protect
|move|p1a: Panzer|Flash Cannon|p2a: Mudsdale
|-activate|p2a: Mudsdale|move: Protect
|
|-damage|p2a: Mudsdale|11/100 psn|[from] psn
|upkeep
|turn|25
|
|t:|1769303124
|move|p1a: Panzer|Flash Cannon|p2a: Mudsdale
|-damage|p2a: Mudsdale|0 fnt
|faint|p2a: Mudsdale
|
|upkeep
|
|t:|1769303128
|switch|p2a: Mimikyu|Mimikyu-Busted, M, shiny|88/100
|-activate|p2a: Mimikyu|move: Sticky Web
|-unboost|p2a: Mimikyu|spe|1
|turn|26
|
|t:|1769303134
|move|p1a: Panzer|Flash Cannon|p2a: Mimikyu
|-supereffective|p2a: Mimikyu
|-damage|p2a: Mimikyu|0 fnt
|faint|p2a: Mimikyu
|
|upkeep
|
|t:|1769303139
|switch|p2a: Kingambit|Kingambit, F|100/100
|-activate|p2a: Kingambit|move: Sticky Web
|-unboost|p2a: Kingambit|spe|1
|-activate|p2a: Kingambit|ability: Supreme Overlord
|-start|p2a: Kingambit|fallen4|[silent]
|turn|27
|
|t:|1769303147
|-terastallize|p1a: Panzer|Fighting
|move|p1a: Panzer|Body Press|p2a: Kingambit
|-supereffective|p2a: Kingambit
|-damage|p2a: Kingambit|18/100
|move|p2a: Kingambit|Shadow Claw|p1a: Panzer
|-damage|p1a: Panzer|17/100
|
|upkeep
|turn|28
|
|t:|1769303158
|move|p1a: Panzer|Body Press|p2a: Kingambit
|-supereffective|p2a: Kingambit
|-damage|p2a: Kingambit|0 fnt
|faint|p2a: Kingambit
|-end|p2a: Kingambit|fallen4|[silent]
|
|upkeep
|
|t:|1769303164
|switch|p2a: Blissey|Blissey, F|100/100
|-activate|p2a: Blissey|move: Sticky Web
|-unboost|p2a: Blissey|spe|1
|turn|29
|
|t:|1769303174
|move|p2a: Blissey|Protect|p2a: Blissey
|-singleturn|p2a: Blissey|Protect
|move|p1a: Panzer|Body Press|p2a: Blissey
|-activate|p2a: Blissey|move: Protect
|
|upkeep
|turn|30
|
|t:|1769303187
|move|p1a: Panzer|Body Press|p2a: Blissey
|-supereffective|p2a: Blissey
|-damage|p2a: Blissey|14/100
|move|p2a: Blissey|Body Slam|p1a: Panzer
|-damage|p1a: Panzer|11/100
|
|-heal|p2a: Blissey|20/100|[from] item: Leftovers
|upkeep
|turn|31
|
|t:|1769303194
|move|p1a: Panzer|Body Press|p2a: Blissey
|-supereffective|p2a: Blissey
|-damage|p2a: Blissey|0 fnt
|faint|p2a: Blissey
|
|win|Arlowizardo
|c|☆Arlowizardo|al menos pudimos llegar al interludio
