|j|☆DAYCARE CLR
|j|☆getreyal
|t:|1769326425
|gametype|singles
|player|p1|DAYCARE CLR|2|1585
|player|p2|getreyal|pokemonbreeder-gen4|1714
|gen|9
|tier|[Gen 9] OU
|rated|
|rule|HP Percentage Mod: HP is shown in percentages
|rule|Endless Battle Clause: Forcing endless battles is banned
|rule|Species Clause: Limit one of each Pokémon
|rule|OHKO Clause: OHKO moves are banned
|rule|Evasion Items Clause: Evasion items are banned
|rule|Evasion Moves Clause: Evasion moves are banned
|rule|Evasion Abilities Clause: Evasion abilities are banned
|rule|Sleep Moves Clause: Sleep-inducing moves are banned
|clearpoke
|poke|p1|Ceruledge, F|
|poke|p1|Hatterene, F|
|poke|p1|Ninetales-Alola, M|
|poke|p1|Darkrai|
|poke|p1|Zamazenta-*|
|poke|p1|Kyurem|
|poke|p2|Landorus-Therian, M|
|poke|p2|Zamazenta-*|
|poke|p2|Raging Bolt|
|poke|p2|Cinderace, M|
|poke|p2|Samurott-Hisui, M|
|poke|p2|Hatterene, F|
|teampreview
|inactive|Battle timer is ON: inactive players will automatically lose when time's up. (requested by DAYCARE CLR)
|
|t:|1769326454
|teamsize|p1|6
|teamsize|p2|6
|start
|switch|p1a: Darkrai|Darkrai|100/100
|switch|p2a: Cinderace|Cinderace, M|100/100
|turn|1
|
|t:|1769326462
|move|p1a: Darkrai|Dark Pulse|p2a: Cinderace
|-damage|p2a: Cinderace|41/100
|move|p2a: Cinderace|U-turn|p1a: Darkrai
|-start|p2a: Cinderace|typechange|Bug|[from] ability: Libero
|-supereffective|p1a: Darkrai
|-damage|p1a: Darkrai|10/100
|
|t:|1769326466
|switch|p2a: Samurott|Samurott-Hisui, M|100/100|[from] U-turn
|
|-heal|p1a: Darkrai|16/100|[from] item: Leftovers
|upkeep
|turn|2
|inactive|DAYCARE CLR has 120 seconds left.
|
|t:|1769326509
|switch|p1a: Zamazenta|Zamazenta|100/100
|-ability|p1a: Zamazenta|Dauntless Shield|boost
|-boost|p1a: Zamazenta|def|1
|move|p2a: Samurott|Aqua Jet|p1a: Zamazenta
|-damage|p1a: Zamazenta|90/100
|
|upkeep
|turn|3
|
|t:|1769326530
|move|p1a: Zamazenta|Iron Defense|p1a: Zamazenta
|-boost|p1a: Zamazenta|def|2
|move|p2a: Samurott|Ceaseless Edge|p1a: Zamazenta
|-resisted|p1a: Zamazenta
|-damage|p1a: Zamazenta|83/100
|-sidestart|p1: DAYCARE CLR|Spikes
|
|upkeep
|turn|4
|
|t:|1769326540
|switch|p2a: Landorus|Landorus-Therian, M|100/100
|-ability|p2a: Landorus|Intimidate|boost
|-unboost|p1a: Zamazenta|atk|1
|move|p1a: Zamazenta|Body Press|p2a: Landorus
|-resisted|p2a: Landorus
|-damage|p2a: Landorus|63/100
|-damage|p1a: Zamazenta|66/100|[from] item: Rocky Helmet|[of] p2a: Landorus
|
|upkeep
|turn|5
|
|t:|1769326546
|move|p1a: Zamazenta|Iron Defense|p1a: Zamazenta
|-boost|p1a: Zamazenta|def|2
|move|p2a: Landorus|Earth Power|p1a: Zamazenta
|-damage|p1a: Zamazenta|43/100
|
|upkeep
|turn|6
|inactive|DAYCARE CLR has 120 seconds left.
|j| qwe Hdm
|
|t:|1769326576
|move|p1a: Zamazenta|Body Press|p2a: Landorus
|-resisted|p2a: Landorus
|-damage|p2a: Landorus|8/100
|-damage|p1a: Zamazenta|26/100|[from] item: Rocky Helmet|[of] p2a: Landorus
|move|p2a: Landorus|Earth Power|p1a: Zamazenta
|-damage|p1a: Zamazenta|1/100
|
|upkeep
|turn|7
|
|t:|1769326583
|move|p1a: Zamazenta|Rest|p1a: Zamazenta
|-status|p1a: Zamazenta|slp|[from] move: Rest
|-heal|p1a: Zamazenta|100/100 slp|[silent]
|-enditem|p1a: Zamazenta|Chesto Berry|[eat]
|-curestatus|p1a: Zamazenta|slp|[msg]
|move|p2a: Landorus|Stealth Rock|p1a: Zamazenta
|-sidestart|p1: DAYCARE CLR|move: Stealth Rock
|
|upkeep
|turn|8
|
|t:|1769326589
|move|p1a: Zamazenta|Body Press|p2a: Landorus
|-resisted|p2a: Landorus
|-damage|p2a: Landorus|0 fnt
|-damage|p1a: Zamazenta|84/100|[from] item: Rocky Helmet|[of] p2a: Landorus
|faint|p2a: Landorus
|
|upkeep
|
|t:|1769326591
|switch|p2a: Hatterene|Hatterene, F|100/100
|turn|9
|
|t:|1769326604
|switch|p1a: Ninetales|Ninetales-Alola, M|100/100
|-damage|p1a: Ninetales|88/100|[from] Spikes
|-damage|p1a: Ninetales|63/100|[from] Stealth Rock
|-weather|Snowscape|[from] ability: Snow Warning|[of] p1a: Ninetales
|move|p2a: Hatterene|Draining Kiss|p1a: Ninetales
|-damage|p1a: Ninetales|36/100
|
|-weather|Snowscape|[upkeep]
|upkeep
|turn|10
|
|t:|1769326612
|move|p1a: Ninetales|Aurora Veil|p1a: Ninetales
|-sidestart|p1: DAYCARE CLR|move: Aurora Veil
|move|p2a: Hatterene|Mystical Fire|p1a: Ninetales
|-supereffective|p1a: Ninetales
|-damage|p1a: Ninetales|9/100
|-unboost|p1a: Ninetales|spa|1
|
|-weather|Snowscape|[upkeep]
|upkeep
|turn|11
|inactive|DAYCARE CLR has 120 seconds left.
|
|t:|1769326624
|switch|p2a: Cinderace|Cinderace, M|41/100
|move|p1a: Ninetales|Encore||[still]
|-fail|p1a: Ninetales
|
|-weather|Snowscape|[upkeep]
|upkeep
|turn|12
|inactive|DAYCARE CLR has 120 seconds left.
|
|t:|1769326630
|move|p2a: Cinderace|U-turn|p1a: Ninetales
|-start|p2a: Cinderace|typechange|Bug|[from] ability: Libero
|-resisted|p1a: Ninetales
|-damage|p1a: Ninetales|2/100
|
|t:|1769326635
|switch|p2a: Hatterene|Hatterene, F|100/100|[from] U-turn
|move|p1a: Ninetales|Aurora Veil||[still]
|-fail|p1a: Ninetales
|
|-weather|Snowscape|[upkeep]
|upkeep
|turn|13
|
|t:|1769326644
|switch|p2a: Cinderace|Cinderace, M|41/100
|move|p1a: Ninetales|Freeze-Dry|p2a: Cinderace
|-resisted|p2a: Cinderace
|-damage|p2a: Cinderace|31/100
|
|-weather|none
|upkeep
|turn|14
|
|t:|1769326653
|move|p2a: Cinderace|U-turn|p1a: Ninetales
|-start|p2a: Cinderace|typechange|Bug|[from] ability: Libero
|-resisted|p1a: Ninetales
|-damage|p1a: Ninetales|0 fnt
|faint|p1a: Ninetales
|
|t:|1769326654
|switch|p2a: Hatterene|Hatterene, F|100/100|[from] U-turn
|
|upkeep
|inactive|DAYCARE CLR has 120 seconds left.
|
|t:|1769326689
|switch|p1a: Ceruledge|Ceruledge, F|100/100
|-damage|p1a: Ceruledge|88/100|[from] Spikes
|-damage|p1a: Ceruledge|63/100|[from] Stealth Rock
|turn|15
|
|t:|1769326695
|-terastallize|p1a: Ceruledge|Ghost
|move|p1a: Ceruledge|Poltergeist|p2a: Hatterene
|-activate|p2a: Hatterene|move: Poltergeist|Assault Vest
|-supereffective|p2a: Hatterene
|-damage|p2a: Hatterene|0 fnt
|faint|p2a: Hatterene
|
|upkeep
|
|t:|1769326699
|switch|p2a: Samurott|Samurott-Hisui, M|100/100
|turn|16
|
|t:|1769326703
|move|p1a: Ceruledge|Close Combat|p2a: Samurott
|-supereffective|p2a: Samurott
|-enditem|p2a: Samurott|Focus Sash
|-damage|p2a: Samurott|1/100
|-unboost|p1a: Ceruledge|def|1
|-unboost|p1a: Ceruledge|spd|1
|move|p2a: Samurott|Ceaseless Edge|p1a: Ceruledge
|-supereffective|p1a: Ceruledge
|-damage|p1a: Ceruledge|0 fnt
|-sidestart|p1: DAYCARE CLR|Spikes
|faint|p1a: Ceruledge
|
|upkeep
|
|t:|1769326713
|switch|p1a: Zamazenta|Zamazenta|84/100
|-damage|p1a: Zamazenta|68/100|[from] Spikes
|-damage|p1a: Zamazenta|61/100|[from] Stealth Rock
|turn|17
|
|t:|1769326738
|switch|p2a: Raging Bolt|Raging Bolt|100/100
|move|p1a: Zamazenta|Iron Defense|p1a: Zamazenta
|-boost|p1a: Zamazenta|def|2
|
|-sideend|p1: DAYCARE CLR|move: Aurora Veil
|upkeep
|turn|18
|
|t:|1769326743
|-terastallize|p2a: Raging Bolt|Fairy
|move|p1a: Zamazenta|Body Press|p2a: Raging Bolt
|-resisted|p2a: Raging Bolt
|-damage|p2a: Raging Bolt|68/100
|move|p2a: Raging Bolt|Draco Meteor|p1a: Zamazenta
|-damage|p1a: Zamazenta|0 fnt
|-unboost|p2a: Raging Bolt|spa|2
|faint|p1a: Zamazenta
|
|upkeep
|
|t:|1769326759
|switch|p1a: Hatterene|Hatterene, F|100/100
|-damage|p1a: Hatterene|84/100|[from] Spikes
|-damage|p1a: Hatterene|72/100|[from] Stealth Rock
|turn|19
|
|t:|1769326761
|-end|p2a: Raging Bolt|Protosynthesis|[silent]
|switch|p2a: Cinderace|Cinderace, M|31/100
|move|p1a: Hatterene|Draining Kiss|p2a: Cinderace
|-resisted|p2a: Cinderace
|-damage|p2a: Cinderace|15/100
|-heal|p1a: Hatterene|83/100|[from] drain|[of] p2a: Cinderace
|
|-heal|p1a: Hatterene|89/100|[from] item: Leftovers
|upkeep
|turn|20
|
|t:|1769326768
|move|p2a: Cinderace|Pyro Ball|p1a: Hatterene
|-crit|p1a: Hatterene
|-damage|p1a: Hatterene|17/100
|move|p1a: Hatterene|Draining Kiss|p2a: Cinderace
|-resisted|p2a: Cinderace
|-damage|p2a: Cinderace|0 fnt
|-heal|p1a: Hatterene|28/100|[from] drain|[of] p2a: Cinderace
|faint|p2a: Cinderace
|
|-heal|p1a: Hatterene|34/100|[from] item: Leftovers
|upkeep
|
|t:|1769326771
|switch|p2a: Samurott|Samurott-Hisui, M|1/100
|turn|21
|inactive|DAYCARE CLR has 120 seconds left.
|
|t:|1769326801
|switch|p1a: Darkrai|Darkrai|16/100
|-damage|p1a: Darkrai|0 fnt|[from] Spikes
|faint|p1a: Darkrai
|move|p2a: Samurott|Ceaseless Edge|p1: Darkrai|[notarget]
|-fail|p2a: Samurott
|
|upkeep
|inactive|DAYCARE CLR has 120 seconds left.
|
|t:|1769326811
|switch|p1a: Kyurem|Kyurem|100/100
|-damage|p1a: Kyurem|84/100|[from] Spikes
|-damage|p1a: Kyurem|59/100|[from] Stealth Rock
|-ability|p1a: Kyurem|Pressure
|turn|22
|inactive|DAYCARE CLR has 120 seconds left.
|
|t:|1769326826
|move|p1a: Kyurem|Scale Shot|p2a: Samurott
|-damage|p2a: Samurott|0 fnt
|faint|p2a: Samurott
|-hitcount|p2: Samurott|1
|-unboost|p1a: Kyurem|def|1
|-boost|p1a: Kyurem|spe|1
|
|upkeep
|
|t:|1769326834
|switch|p2a: Zamazenta|Zamazenta|100/100
|-ability|p2a: Zamazenta|Dauntless Shield|boost
|-boost|p2a: Zamazenta|def|1
|turn|23
|inactive|DAYCARE CLR has 120 seconds left.
|
|t:|1769326848
|move|p1a: Kyurem|Icicle Spear|p2a: Zamazenta
|-damage|p2a: Zamazenta|94/100
|-damage|p2a: Zamazenta|87/100
|-damage|p2a: Zamazenta|80/100
|-damage|p2a: Zamazenta|72/100
|-hitcount|p2a: Zamazenta|4
|move|p2a: Zamazenta|Body Press|p1a: Kyurem
|-supereffective|p1a: Kyurem
|-damage|p1a: Kyurem|0 fnt
|faint|p1a: Kyurem
|
|-heal|p2a: Zamazenta|79/100|[from] item: Leftovers
|upkeep
|
|t:|1769326851
|switch|p1a: Hatterene|Hatterene, F|34/100
|-damage|p1a: Hatterene|17/100|[from] Spikes
|-damage|p1a: Hatterene|5/100|[from] Stealth Rock
|turn|24
|
|t:|1769326853
|move|p2a: Zamazenta|Crunch|p1a: Hatterene
|-damage|p1a: Hatterene|0 fnt
|faint|p1a: Hatterene
|
|win|getreyal
|raw|DAYCARE CLR's rating: 1585 &rarr; <strong>1572</strong><br />(-13 for losing)
|raw|getreyal's rating: 1714 &rarr; <strong>1727</strong><br />(+13 for winning)
|l|☆getreyal
|player|p2|
|l| qwe Hdm
|l|☆DAYCARE CLR
|player|p1|
