|j|☆zahtoo
|j|☆Onsen3gg
|t:|1769356554
|gametype|singles
|player|p1|zahtoo|clair|1367
|player|p2|Onsen3gg|ethan|1367
|gen|9
|tier|[Gen 9] OU
|rated|
|rule|HP Percentage Mod: HP is shown in percentages
|rule|Endless Battle Clause: Forcing endless battles is banned
|rule|Species Clause: Limit one of each Pokémon
|rule|OHKO Clause: OHKO moves are banned
|rule|Evasion Items Clause: Evasion items are banned
|rule|Evasion Moves Clause: Evasion moves are banned
|rule|Evasion Abilities Clause: Evasion abilities are banned
|rule|Sleep Moves Clause: Sleep-inducing moves are banned
|clearpoke
|poke|p1|Araquanid, M|
|poke|p1|Pelipper, M|
|poke|p1|Raging Bolt|
|poke|p1|Barraskewda, F|
|poke|p1|Iron Treads|
|poke|p1|Kingdra, F|
|poke|p2|Torkoal, F|
|poke|p2|Typhlosion-Hisui, M|
|poke|p2|Corviknight, M|
|poke|p2|Venusaur, M|
|poke|p2|Great Tusk|
|poke|p2|Clodsire, M|
|teampreview
|inactive|Battle timer is ON: inactive players will automatically lose when time's up. (requested by zahtoo)
|
|t:|1769356600
|teamsize|p1|6
|teamsize|p2|6
|start
|switch|p1a: Araquanid|Araquanid, M|100/100
|switch|p2a: Sunshine|Torkoal, F|100/100
|-weather|SunnyDay|[from] ability: Drought|[of] p2a: Sunshine
|turn|1
|
|t:|1769356612
|move|p1a: Araquanid|Sticky Web|p2a: Sunshine
|-sidestart|p2: Onsen3gg|move: Sticky Web
|move|p2a: Sunshine|Stealth Rock|p1a: Araquanid
|-sidestart|p1: zahtoo|move: Stealth Rock
|
|-weather|SunnyDay|[upkeep]
|upkeep
|turn|2
|
|t:|1769356639
|switch|p1a: Im Banded!|Pelipper, M, shiny|100/100
|-damage|p1a: Im Banded!|76/100|[from] Stealth Rock
|-weather|RainDance|[from] ability: Drizzle|[of] p1a: Im Banded!
|-terastallize|p2a: Sunshine|Flying
|move|p2a: Sunshine|Rapid Spin|p1a: Im Banded!
|-damage|p1a: Im Banded!|64/100
|-boost|p2a: Sunshine|spe|1
|-sideend|p2: Onsen3gg|Sticky Web|[from] move: Rapid Spin|[of] p2a: Sunshine
|
|-weather|RainDance|[upkeep]
|upkeep
|turn|3
|inactive|Onsen3gg has 120 seconds left.
|
|t:|1769356667
|switch|p2a: Libero|Corviknight, M|100/100
|-ability|p2a: Libero|Pressure
|move|p1a: Im Banded!|Liquidation|p2a: Libero
|-damage|p2a: Libero|64/100
|
|-weather|RainDance|[upkeep]
|-heal|p2a: Libero|70/100|[from] item: Leftovers
|upkeep
|turn|4
|inactive|zahtoo has 120 seconds left.
|
|t:|1769356703
|-terastallize|p1a: Im Banded!|Water
|move|p1a: Im Banded!|Liquidation|p2a: Libero
|-damage|p2a: Libero|18/100
|move|p2a: Libero|Roost|p2a: Libero
|-heal|p2a: Libero|68/100
|-singleturn|p2a: Libero|move: Roost
|
|-weather|RainDance|[upkeep]
|-heal|p2a: Libero|75/100|[from] item: Leftovers
|upkeep
|turn|5
|
|t:|1769356720
|switch|p1a: Raging Bolt|Raging Bolt|100/100
|-damage|p1a: Raging Bolt|88/100|[from] Stealth Rock
|-enditem|p1a: Raging Bolt|Booster Energy
|-activate|p1a: Raging Bolt|ability: Protosynthesis|[fromitem]
|-start|p1a: Raging Bolt|protosynthesisspa
|move|p2a: Libero|Roost|p2a: Libero
|-heal|p2a: Libero|100/100
|-singleturn|p2a: Libero|move: Roost
|
|-weather|RainDance|[upkeep]
|upkeep
|turn|6
|
|t:|1769356736
|switch|p2a: Ivory|Great Tusk|100/100
|move|p1a: Raging Bolt|Dragon Pulse|p2a: Ivory
|-damage|p2a: Ivory|56/100
|
|-weather|none
|upkeep
|turn|7
|
|t:|1769356750
|-end|p1a: Raging Bolt|Protosynthesis|[silent]
|switch|p1a: Im Banded!|Pelipper, M, shiny, tera:Water|64/100
|-damage|p1a: Im Banded!|52/100|[from] Stealth Rock
|-weather|RainDance|[from] ability: Drizzle|[of] p1a: Im Banded!
|move|p2a: Ivory|Knock Off|p1a: Im Banded!
|-damage|p1a: Im Banded!|12/100
|-enditem|p1a: Im Banded!|Choice Band|[from] move: Knock Off|[of] p2a: Ivory
|
|-weather|RainDance|[upkeep]
|upkeep
|turn|8
|
|t:|1769356769
|move|p1a: Im Banded!|Liquidation|p2a: Ivory
|-supereffective|p2a: Ivory
|-damage|p2a: Ivory|0 fnt
|faint|p2a: Ivory
|-end|p2a: Ivory|Protosynthesis|[silent]
|
|-weather|RainDance|[upkeep]
|upkeep
|
|t:|1769356777
|switch|p2a: Sunshine|Torkoal, F, tera:Flying|100/100
|-weather|SunnyDay|[from] ability: Drought|[of] p2a: Sunshine
|turn|9
|
|t:|1769356787
|move|p1a: Im Banded!|U-turn|p2a: Sunshine
|-resisted|p2a: Sunshine
|-damage|p2a: Sunshine|95/100
|
|t:|1769356791
|switch|p1a: Araquanid|Araquanid, M|100/100|[from] U-turn
|-damage|p1a: Araquanid|75/100|[from] Stealth Rock
|move|p2a: Sunshine|Lava Plume|p1a: Araquanid
|-damage|p1a: Araquanid|64/100
|
|-weather|SunnyDay|[upkeep]
|upkeep
|turn|10
|
|t:|1769356809
|move|p1a: Araquanid|Sticky Web|p2a: Sunshine
|-sidestart|p2: Onsen3gg|move: Sticky Web
|move|p2a: Sunshine|Lava Plume|p1a: Araquanid
|-damage|p1a: Araquanid|51/100
|
|-weather|SunnyDay|[upkeep]
|upkeep
|turn|11
|
|t:|1769356817
|switch|p1a: Raging Bolt|Raging Bolt|88/100
|-damage|p1a: Raging Bolt|76/100|[from] Stealth Rock
|-activate|p1a: Raging Bolt|ability: Protosynthesis
|-start|p1a: Raging Bolt|protosynthesisspa
|move|p2a: Sunshine|Rapid Spin|p1a: Raging Bolt
|-damage|p1a: Raging Bolt|67/100
|-boost|p2a: Sunshine|spe|1
|-sideend|p2: Onsen3gg|Sticky Web|[from] move: Rapid Spin|[of] p2a: Sunshine
|
|-weather|SunnyDay|[upkeep]
|upkeep
|turn|12
|
|t:|1769356831
|move|p1a: Raging Bolt|Calm Mind|p1a: Raging Bolt
|-boost|p1a: Raging Bolt|spa|1
|-boost|p1a: Raging Bolt|spd|1
|move|p2a: Sunshine|Earth Power|p1a: Raging Bolt
|-supereffective|p1a: Raging Bolt
|-damage|p1a: Raging Bolt|46/100
|
|-weather|SunnyDay|[upkeep]
|upkeep
|turn|13
|
|t:|1769356840
|switch|p2a: Mr.Sire|Clodsire, M|100/100
|-item|p2a: Mr.Sire|Air Balloon
|move|p1a: Raging Bolt|Thunderclap||[still]
|-fail|p1a: Raging Bolt
|
|-weather|SunnyDay|[upkeep]
|upkeep
|turn|14
|
|t:|1769356857
|move|p1a: Raging Bolt|Dragon Pulse|p2a: Mr.Sire
|-damage|p2a: Mr.Sire|55/100
|-enditem|p2a: Mr.Sire|Air Balloon
|move|p2a: Mr.Sire|Toxic|p1a: Raging Bolt
|-status|p1a: Raging Bolt|tox
|
|-weather|SunnyDay|[upkeep]
|-damage|p1a: Raging Bolt|40/100 tox|[from] psn
|upkeep
|turn|15
|
|t:|1769356867
|move|p1a: Raging Bolt|Dragon Pulse|p2a: Mr.Sire
|-damage|p2a: Mr.Sire|3/100
|move|p2a: Mr.Sire|Recover|p2a: Mr.Sire
|-heal|p2a: Mr.Sire|53/100
|
|-weather|SunnyDay|[upkeep]
|-damage|p1a: Raging Bolt|27/100 tox|[from] psn
|upkeep
|turn|16
|
|t:|1769356876
|move|p2a: Mr.Sire|Protect|p2a: Mr.Sire
|-singleturn|p2a: Mr.Sire|Protect
|move|p1a: Raging Bolt|Dragon Pulse|p2a: Mr.Sire
|-activate|p2a: Mr.Sire|move: Protect
|
|-weather|none
|-end|p1a: Raging Bolt|Protosynthesis
|-damage|p1a: Raging Bolt|9/100 tox|[from] psn
|upkeep
|turn|17
|
|t:|1769356886
|move|p1a: Raging Bolt|Dragon Pulse|p2a: Mr.Sire
|-damage|p2a: Mr.Sire|18/100
|move|p2a: Mr.Sire|Recover|p2a: Mr.Sire
|-heal|p2a: Mr.Sire|68/100
|
|-damage|p1a: Raging Bolt|0 fnt|[from] psn
|faint|p1a: Raging Bolt
|-end|p1a: Raging Bolt|Protosynthesis|[silent]
|upkeep
|
|t:|1769356890
|switch|p1a: Iron Treads|Iron Treads|100/100
|-damage|p1a: Iron Treads|97/100|[from] Stealth Rock
|turn|18
|
|t:|1769356900
|switch|p2a: Stove|Typhlosion-Hisui, M|100/100
|move|p1a: Iron Treads|Rapid Spin|p2a: Stove
|-immune|p2a: Stove
|
|-heal|p1a: Iron Treads|100/100|[from] item: Leftovers
|upkeep
|turn|19
|inactive|Onsen3gg has 120 seconds left.
|
|t:|1769356908
|move|p2a: Stove|Eruption|p1a: Iron Treads
|-supereffective|p1a: Iron Treads
|-damage|p1a: Iron Treads|0 fnt
|faint|p1a: Iron Treads
|-end|p1a: Iron Treads|Quark Drive|[silent]
|
|upkeep
|
|t:|1769356911
|switch|p1a: Im Banded!|Pelipper, M, shiny, tera:Water|12/100
|-damage|p1a: Im Banded!|0 fnt|[from] Stealth Rock
|faint|p1a: Im Banded!
|
|t:|1769356916
|switch|p1a: Barraskewda|Barraskewda, F|100/100
|-damage|p1a: Barraskewda|88/100|[from] Stealth Rock
|turn|20
|
|t:|1769356922
|switch|p2a: Sunshine|Torkoal, F, tera:Flying|95/100
|-weather|SunnyDay|[from] ability: Drought|[of] p2a: Sunshine
|move|p1a: Barraskewda|Aqua Jet|p2a: Sunshine
|-damage|p2a: Sunshine|85/100
|
|-weather|SunnyDay|[upkeep]
|upkeep
|turn|21
|-message|zahtoo forfeited.
|
|win|Onsen3gg
|raw|zahtoo's rating: 1367 &rarr; <strong>1347</strong><br />(-20 for losing)
|raw|Onsen3gg's rating: 1367 &rarr; <strong>1387</strong><br />(+20 for winning)
|l|☆zahtoo
|player|p1|
|c|☆Onsen3gg|Gg son
|l|☆Onsen3gg
|player|p2|
