|j|☆FurretFan13
|j|☆ramoncombats95
|t:|1769349008
|gametype|singles
|player|p1|FurretFan13|elesa|1281
|player|p2|ramoncombats95|benga|1306
|gen|9
|tier|[Gen 9] OU
|rated|
|rule|HP Percentage Mod: HP is shown in percentages
|rule|Endless Battle Clause: Forcing endless battles is banned
|rule|Species Clause: Limit one of each Pokémon
|rule|OHKO Clause: OHKO moves are banned
|rule|Evasion Items Clause: Evasion items are banned
|rule|Evasion Moves Clause: Evasion moves are banned
|rule|Evasion Abilities Clause: Evasion abilities are banned
|rule|Sleep Moves Clause: Sleep-inducing moves are banned
|clearpoke
|poke|p1|Mabosstiff, M|
|poke|p1|Pecharunt|
|poke|p1|Volcanion|
|poke|p1|Iron Valiant|
|poke|p1|Landorus-Therian, M|
|poke|p1|Deoxys-Speed|
|poke|p2|Milotic, M|
|poke|p2|Lokix, M|
|poke|p2|Gliscor, F|
|poke|p2|Corviknight, F|
|poke|p2|Eelektross, F|
|poke|p2|Mienshao, M|
|teampreview
|inactive|Battle timer is ON: inactive players will automatically lose when time's up. (requested by FurretFan13)
|
|t:|1769349031
|teamsize|p1|6
|teamsize|p2|6
|start
|switch|p1a: ET|Deoxys-Speed, shiny|100/100
|switch|p2a: Mienshao|Mienshao, M, shiny|100/100
|-ability|p1a: ET|Pressure
|turn|1
|
|t:|1769349037
|move|p2a: Mienshao|U-turn|p1a: ET
|-supereffective|p1a: ET
|-crit|p1a: ET
|-damage|p1a: ET|0 fnt
|faint|p1a: ET
|
|t:|1769349042
|switch|p2a: Milotic|Milotic, M, shiny|100/100|[from] U-turn
|
|upkeep
|
|t:|1769349047
|switch|p1a: Volcanion|Volcanion|100/100
|turn|2
|
|t:|1769349054
|move|p1a: Volcanion|Will-O-Wisp|p2a: Milotic
|-status|p2a: Milotic|brn
|move|p2a: Milotic|Ice Beam|p1a: Volcanion
|-resisted|p1a: Volcanion
|-damage|p1a: Volcanion|94/100
|
|-heal|p1a: Volcanion|99/100|[from] item: Leftovers
|-damage|p2a: Milotic|94/100 brn|[from] brn
|upkeep
|turn|3
|
|t:|1769349063
|switch|p2a: Eelektross|Eelektross, F, shiny|100/100
|move|p1a: Volcanion|Flamethrower|p2a: Eelektross
|-damage|p2a: Eelektross|53/100
|
|-heal|p1a: Volcanion|100/100|[from] item: Leftovers
|upkeep
|turn|4
|
|t:|1769349070
|switch|p1a: Skywalker|Landorus-Therian, M, shiny|100/100
|-ability|p1a: Skywalker|Intimidate|boost
|-unboost|p2a: Eelektross|atk|1
|move|p2a: Eelektross|Grass Knot|p1a: Skywalker
|-damage|p1a: Skywalker|58/100
|-damage|p2a: Eelektross|37/100|[from] item: Rocky Helmet|[of] p1a: Skywalker
|
|upkeep
|turn|5
|
|t:|1769349080
|switch|p2a: Gliscor|Gliscor, F, shiny|100/100
|move|p1a: Skywalker|Stealth Rock|p2a: Gliscor
|-sidestart|p2: ramoncombats95|move: Stealth Rock
|
|-status|p2a: Gliscor|tox|[from] item: Toxic Orb
|upkeep
|turn|6
|
|t:|1769349098
|move|p1a: Skywalker|U-turn|p2a: Gliscor
|-resisted|p2a: Gliscor
|-damage|p2a: Gliscor|92/100 tox
|
|t:|1769349101
|switch|p1a: THE BOSS|Mabosstiff, M, shiny|100/100|[from] U-turn
|-ability|p1a: THE BOSS|Intimidate|boost
|-unboost|p2a: Gliscor|atk|1
|move|p2a: Gliscor|Stealth Rock|p1a: THE BOSS
|-sidestart|p1: FurretFan13|move: Stealth Rock
|
|-heal|p2a: Gliscor|100/100 tox|[from] ability: Poison Heal
|upkeep
|turn|7
|
|t:|1769349112
|move|p2a: Gliscor|Toxic|p1a: THE BOSS
|-status|p1a: THE BOSS|tox
|move|p1a: THE BOSS|Jaw Lock|p2a: Gliscor
|-damage|p2a: Gliscor|70/100 tox
|-activate|p1a: THE BOSS|trapped
|-activate|p2a: Gliscor|trapped
|
|-heal|p2a: Gliscor|82/100 tox|[from] ability: Poison Heal
|-damage|p1a: THE BOSS|94/100 tox|[from] psn
|upkeep
|turn|8
|
|t:|1769349119
|move|p2a: Gliscor|Earthquake|p1a: THE BOSS
|-damage|p1a: THE BOSS|65/100 tox
|-enditem|p1a: THE BOSS|Kee Berry|[eat]
|-boost|p1a: THE BOSS|def|1|[from] item: Kee Berry
|move|p1a: THE BOSS|Hone Claws|p1a: THE BOSS
|-boost|p1a: THE BOSS|atk|1
|-boost|p1a: THE BOSS|accuracy|1
|
|-heal|p2a: Gliscor|95/100 tox|[from] ability: Poison Heal
|-damage|p1a: THE BOSS|53/100 tox|[from] psn
|upkeep
|turn|9
|l|☆FurretFan13
|inactive|FurretFan13 disconnected and has a minute to reconnect!
|player|p1|
|j|☆FurretFan13
|inactive|FurretFan13 reconnected and has 135 seconds left.
|player|p1|FurretFan13|elesa|
|inactive|FurretFan13 has 120 seconds left.
|
|t:|1769349151
|move|p2a: Gliscor|Earthquake|p1a: THE BOSS
|-damage|p1a: THE BOSS|33/100 tox
|move|p1a: THE BOSS|Hone Claws|p1a: THE BOSS
|-boost|p1a: THE BOSS|atk|1
|-boost|p1a: THE BOSS|accuracy|1
|
|-heal|p2a: Gliscor|100/100 tox|[from] ability: Poison Heal
|-damage|p1a: THE BOSS|14/100 tox|[from] psn
|upkeep
|turn|10
|
|t:|1769349160
|-terastallize|p1a: THE BOSS|Bug
|move|p2a: Gliscor|Earthquake|p1a: THE BOSS
|-resisted|p1a: THE BOSS
|-damage|p1a: THE BOSS|5/100 tox
|move|p1a: THE BOSS|Rest|p1a: THE BOSS
|-status|p1a: THE BOSS|slp|[from] move: Rest
|-heal|p1a: THE BOSS|100/100 slp|[silent]
|
|upkeep
|turn|11
|
|t:|1769349170
|move|p2a: Gliscor|Earthquake|p1a: THE BOSS
|-resisted|p1a: THE BOSS
|-crit|p1a: THE BOSS
|-damage|p1a: THE BOSS|70/100 slp
|cant|p1a: THE BOSS|slp
|
|upkeep
|turn|12
|
|t:|1769349176
|move|p2a: Gliscor|Earthquake|p1a: THE BOSS
|-resisted|p1a: THE BOSS
|-damage|p1a: THE BOSS|61/100 slp
|cant|p1a: THE BOSS|slp
|
|upkeep
|turn|13
|
|t:|1769349180
|move|p2a: Gliscor|Earthquake|p1a: THE BOSS
|-resisted|p1a: THE BOSS
|-damage|p1a: THE BOSS|52/100 slp
|-curestatus|p1a: THE BOSS|slp|[msg]
|move|p1a: THE BOSS|Trailblaze|p2a: Gliscor
|-damage|p2a: Gliscor|75/100 tox
|-boost|p1a: THE BOSS|spe|1
|
|-heal|p2a: Gliscor|87/100 tox|[from] ability: Poison Heal
|upkeep
|turn|14
|
|t:|1769349188
|move|p1a: THE BOSS|Hone Claws|p1a: THE BOSS
|-boost|p1a: THE BOSS|atk|1
|-boost|p1a: THE BOSS|accuracy|1
|move|p2a: Gliscor|Earthquake|p1a: THE BOSS
|-resisted|p1a: THE BOSS
|-damage|p1a: THE BOSS|42/100
|
|-heal|p2a: Gliscor|99/100 tox|[from] ability: Poison Heal
|upkeep
|turn|15
|
|t:|1769349196
|move|p1a: THE BOSS|Hone Claws|p1a: THE BOSS
|-boost|p1a: THE BOSS|atk|1
|-boost|p1a: THE BOSS|accuracy|1
|move|p2a: Gliscor|Earthquake|p1a: THE BOSS
|-resisted|p1a: THE BOSS
|-damage|p1a: THE BOSS|33/100
|
|-heal|p2a: Gliscor|100/100 tox|[from] ability: Poison Heal
|upkeep
|turn|16
|
|t:|1769349200
|move|p1a: THE BOSS|Trailblaze|p2a: Gliscor
|-damage|p2a: Gliscor|59/100 tox
|-boost|p1a: THE BOSS|spe|1
|move|p2a: Gliscor|Earthquake|p1a: THE BOSS
|-resisted|p1a: THE BOSS
|-damage|p1a: THE BOSS|24/100
|
|-heal|p2a: Gliscor|72/100 tox|[from] ability: Poison Heal
|upkeep
|turn|17
|
|t:|1769349204
|move|p1a: THE BOSS|Rest|p1a: THE BOSS
|-status|p1a: THE BOSS|slp|[from] move: Rest
|-heal|p1a: THE BOSS|100/100 slp|[silent]
|move|p2a: Gliscor|Earthquake|p1a: THE BOSS
|-resisted|p1a: THE BOSS
|-damage|p1a: THE BOSS|92/100 slp
|
|-heal|p2a: Gliscor|84/100 tox|[from] ability: Poison Heal
|upkeep
|turn|18
|-message|ramoncombats95 forfeited.
|
|win|FurretFan13
|raw|FurretFan13's rating: 1281 &rarr; <strong>1308</strong><br />(+27 for winning)
|raw|ramoncombats95's rating: 1306 &rarr; <strong>1285</strong><br />(-21 for losing)
|l|☆ramoncombats95
|player|p2|
|l|☆FurretFan13
|player|p1|
