|badge|p2|bronze|gen9ou|100-8
|uhtml|medal-msg|<div class="broadcast-blue">Curious what those medals under the avatar are? PS now has Ladder Seasons! For more information, check out the <a href="https://www.smogon.com/forums/threads/3740067/">thread on Smogon.</a></div>
|j|☆Tokiwakano
|j|☆noob1877 test
|t:|1769366305
|gametype|singles
|player|p1|Tokiwakano|acetrainerf|1792
|player|p2|noob1877 test|1|1805
|gen|9
|tier|[Gen 9] OU
|rated|
|rule|HP Percentage Mod: HP is shown in percentages
|rule|Endless Battle Clause: Forcing endless battles is banned
|rule|Species Clause: Limit one of each Pokémon
|rule|OHKO Clause: OHKO moves are banned
|rule|Evasion Items Clause: Evasion items are banned
|rule|Evasion Moves Clause: Evasion moves are banned
|rule|Evasion Abilities Clause: Evasion abilities are banned
|rule|Sleep Moves Clause: Sleep-inducing moves are banned
|clearpoke
|poke|p1|Kyurem|
|poke|p1|Cinderace, F|
|poke|p1|Tornadus-Therian, M|
|poke|p1|Hatterene, F|
|poke|p1|Great Tusk|
|poke|p1|Kingambit, F|
|poke|p2|Hydrapple, M|
|poke|p2|Clodsire, M|
|poke|p2|Cinderace, F|
|poke|p2|Great Tusk|
|poke|p2|Pecharunt|
|poke|p2|Bronzong|
|teampreview
|inactive|Battle timer is ON: inactive players will automatically lose when time's up. (requested by Tokiwakano)
|
|t:|1769366334
|teamsize|p1|6
|teamsize|p2|6
|start
|switch|p1a: Cinderace|Cinderace, F|100/100
|switch|p2a: Bronzong|Bronzong|100/100
|turn|1
|
|t:|1769366337
|switch|p2a: Pecharunt|Pecharunt|100/100
|move|p1a: Cinderace|Will-O-Wisp|p2a: Pecharunt
|-status|p2a: Pecharunt|brn
|
|-damage|p2a: Pecharunt|94/100 brn|[from] brn
|upkeep
|turn|2
|
|t:|1769366346
|move|p1a: Cinderace|U-turn|p2a: Pecharunt
|-start|p1a: Cinderace|typechange|Bug|[from] ability: Libero
|-resisted|p2a: Pecharunt
|-damage|p2a: Pecharunt|91/100 brn
|
|t:|1769366348
|switch|p1a: Kingambit|Kingambit, F|100/100|[from] U-turn
|move|p2a: Pecharunt|Parting Shot|p1a: Kingambit
|-unboost|p1a: Kingambit|atk|1
|-unboost|p1a: Kingambit|spa|1
|
|t:|1769366355
|switch|p2a: Cinderace|Cinderace, F|100/100|[from] Parting Shot
|
|upkeep
|turn|3
|
|t:|1769366361
|-end|p1a: Kingambit|fallenundefined|[silent]
|switch|p1a: Cinderace|Cinderace, F|100/100
|move|p2a: Cinderace|U-turn|p1a: Cinderace
|-resisted|p1a: Cinderace
|-damage|p1a: Cinderace|87/100
|
|t:|1769366372
|switch|p2a: Hydrapple|Hydrapple, M|100/100|[from] U-turn
|
|upkeep
|turn|4
|
|t:|1769366379
|move|p1a: Cinderace|U-turn|p2a: Hydrapple
|-start|p1a: Cinderace|typechange|Bug|[from] ability: Libero
|-supereffective|p2a: Hydrapple
|-damage|p2a: Hydrapple|52/100
|
|t:|1769366383
|switch|p1a: Tornadus|Tornadus-Therian, M|100/100|[from] U-turn
|move|p2a: Hydrapple|Draco Meteor|p1a: Tornadus
|-damage|p1a: Tornadus|36/100
|-unboost|p2a: Hydrapple|spa|2
|-damage|p2a: Hydrapple|42/100|[from] item: Life Orb
|
|upkeep
|turn|5
|
|t:|1769366390
|switch|p2a: Cinderace|Cinderace, F|100/100
|move|p1a: Tornadus|U-turn|p2a: Cinderace
|-resisted|p2a: Cinderace
|-crit|p2a: Cinderace
|-damage|p2a: Cinderace|88/100
|
|t:|1769366397
|switch|p1a: Cinderace|Cinderace, F|87/100|[from] U-turn
|
|upkeep
|turn|6
|
|t:|1769366399
|move|p2a: Cinderace|U-turn|p1a: Cinderace
|-resisted|p1a: Cinderace
|-crit|p1a: Cinderace
|-damage|p1a: Cinderace|66/100
|
|t:|1769366403
|switch|p2a: Pecharunt|Pecharunt|91/100 brn|[from] U-turn
|move|p1a: Cinderace|Gunk Shot|p2a: Pecharunt
|-start|p1a: Cinderace|typechange|Poison|[from] ability: Libero
|-resisted|p2a: Pecharunt
|-damage|p2a: Pecharunt|84/100 brn
|
|-damage|p2a: Pecharunt|78/100 brn|[from] brn
|upkeep
|turn|7
|
|t:|1769366415
|move|p1a: Cinderace|U-turn|p2a: Pecharunt
|-resisted|p2a: Pecharunt
|-damage|p2a: Pecharunt|76/100 brn
|
|t:|1769366417
|switch|p1a: Tornadus|Tornadus-Therian, M|70/100|[from] U-turn
|move|p2a: Pecharunt|Parting Shot|p1a: Tornadus
|-unboost|p1a: Tornadus|atk|1
|-unboost|p1a: Tornadus|spa|1
|
|t:|1769366421
|switch|p2a: Bronzong|Bronzong|100/100|[from] Parting Shot
|
|upkeep
|turn|8
|j| Samurajen
|
|t:|1769366428
|move|p1a: Tornadus|Knock Off|p2a: Bronzong
|-supereffective|p2a: Bronzong
|-damage|p2a: Bronzong|81/100
|-enditem|p2a: Bronzong|Leftovers|[from] move: Knock Off|[of] p1a: Tornadus
|move|p2a: Bronzong|Psychic Noise|p1a: Tornadus
|-damage|p1a: Tornadus|55/100
|-start|p1a: Tornadus|move: Heal Block
|
|upkeep
|turn|9
|
|t:|1769366434
|move|p1a: Tornadus|U-turn|p2a: Bronzong
|-damage|p2a: Bronzong|73/100
|
|t:|1769366437
|switch|p1a: Hatterene|Hatterene, F|100/100|[from] U-turn
|move|p2a: Bronzong|Stealth Rock|p1a: Hatterene
|move|p1a: Hatterene|Stealth Rock|p2a: Bronzong|[from] ability: Magic Bounce
|-sidestart|p2: noob1877 test|move: Stealth Rock
|
|upkeep
|turn|10
|j| mimiquiu01
|
|t:|1769366454
|switch|p1a: Cinderace|Cinderace, F|66/100
|switch|p2a: Cinderace|Cinderace, F|88/100
|
|upkeep
|turn|11
|
|t:|1769366459
|move|p1a: Cinderace|Gunk Shot|p2a: Cinderace
|-start|p1a: Cinderace|typechange|Poison|[from] ability: Libero
|-damage|p2a: Cinderace|12/100
|move|p2a: Cinderace|Court Change|p2a: Cinderace
|-swapsideconditions
|-activate|p2a: Cinderace|move: Court Change
|
|upkeep
|turn|12
|
|t:|1769366473
|switch|p2a: Pecharunt|Pecharunt|76/100 brn
|move|p1a: Cinderace|Pyro Ball|p2a: Pecharunt
|-damage|p2a: Pecharunt|58/100 brn
|
|-damage|p2a: Pecharunt|52/100 brn|[from] brn
|upkeep
|turn|13
|
|t:|1769366477
|move|p1a: Cinderace|U-turn|p2a: Pecharunt
|-resisted|p2a: Pecharunt
|-damage|p2a: Pecharunt|49/100 brn
|
|t:|1769366481
|switch|p1a: Kingambit|Kingambit, F|100/100|[from] U-turn
|-damage|p1a: Kingambit|94/100|[from] Stealth Rock
|move|p2a: Pecharunt|Recover|p2a: Pecharunt
|-heal|p2a: Pecharunt|99/100 brn
|
|-heal|p1a: Kingambit|100/100|[from] item: Leftovers
|-damage|p2a: Pecharunt|93/100 brn|[from] brn
|upkeep
|turn|14
|
|t:|1769366487
|move|p2a: Pecharunt|Parting Shot|p1a: Kingambit
|-unboost|p1a: Kingambit|atk|1
|-unboost|p1a: Kingambit|spa|1
|
|t:|1769366490
|switch|p2a: Great Tusk|Great Tusk|100/100|[from] Parting Shot
|move|p1a: Kingambit|Kowtow Cleave|p2a: Great Tusk
|-resisted|p2a: Great Tusk
|-damage|p2a: Great Tusk|88/100
|
|upkeep
|turn|15
|
|t:|1769366495
|-end|p1a: Kingambit|fallenundefined|[silent]
|switch|p1a: Great Tusk|Great Tusk|100/100
|-damage|p1a: Great Tusk|98/100|[from] Stealth Rock
|move|p2a: Great Tusk|Knock Off|p1a: Great Tusk
|-resisted|p1a: Great Tusk
|-damage|p1a: Great Tusk|87/100
|-damage|p2a: Great Tusk|71/100|[from] item: Rocky Helmet|[of] p1a: Great Tusk
|-enditem|p1a: Great Tusk|Rocky Helmet|[from] move: Knock Off|[of] p2a: Great Tusk
|
|upkeep
|turn|16
|
|t:|1769366502
|move|p1a: Great Tusk|Headlong Rush|p2a: Great Tusk
|-damage|p2a: Great Tusk|33/100
|-unboost|p1a: Great Tusk|def|1
|-unboost|p1a: Great Tusk|spd|1
|move|p2a: Great Tusk|Ice Spinner|p1a: Great Tusk
|-supereffective|p1a: Great Tusk
|-damage|p1a: Great Tusk|37/100
|
|upkeep
|turn|17
|
|t:|1769366508
|move|p1a: Great Tusk|Rapid Spin|p2a: Great Tusk
|-damage|p2a: Great Tusk|24/100
|-boost|p1a: Great Tusk|spe|1
|-sideend|p1: Tokiwakano|Stealth Rock|[from] move: Rapid Spin|[of] p1a: Great Tusk
|move|p2a: Great Tusk|Ice Spinner|p1a: Great Tusk
|-supereffective|p1a: Great Tusk
|-damage|p1a: Great Tusk|0 fnt
|faint|p1a: Great Tusk
|-end|p1a: Great Tusk|Protosynthesis|[silent]
|
|upkeep
|
|t:|1769366514
|switch|p1a: Tornadus|Tornadus-Therian, M|88/100
|turn|18
|
|t:|1769366519
|-end|p2a: Great Tusk|Protosynthesis|[silent]
|switch|p2a: Clodsire|Clodsire, M|100/100
|move|p1a: Tornadus|Knock Off|p2a: Clodsire
|-damage|p2a: Clodsire|77/100
|-enditem|p2a: Clodsire|Covert Cloak|[from] move: Knock Off|[of] p1a: Tornadus
|
|upkeep
|turn|19
|
|t:|1769366527
|move|p1a: Tornadus|U-turn|p2a: Clodsire
|-resisted|p2a: Clodsire
|-damage|p2a: Clodsire|69/100
|
|t:|1769366529
|switch|p1a: Hatterene|Hatterene, F|100/100|[from] U-turn
|move|p2a: Clodsire|Earthquake|p1a: Hatterene
|-damage|p1a: Hatterene|77/100
|
|-heal|p1a: Hatterene|83/100|[from] item: Leftovers
|upkeep
|turn|20
|
|t:|1769366535
|switch|p2a: Bronzong|Bronzong|73/100
|move|p1a: Hatterene|Nuzzle|p2a: Bronzong
|-damage|p2a: Bronzong|69/100
|-status|p2a: Bronzong|par
|
|-heal|p1a: Hatterene|89/100|[from] item: Leftovers
|upkeep
|turn|21
|
|t:|1769366544
|switch|p1a: Cinderace|Cinderace, F|66/100
|move|p2a: Bronzong|Iron Head|p1a: Cinderace
|-resisted|p1a: Cinderace
|-damage|p1a: Cinderace|48/100
|
|upkeep
|turn|22
|
|t:|1769366550
|switch|p2a: Pecharunt|Pecharunt|93/100 brn
|move|p1a: Cinderace|Pyro Ball|p2a: Pecharunt
|-damage|p2a: Pecharunt|65/100 brn
|
|-damage|p2a: Pecharunt|59/100 brn|[from] brn
|upkeep
|turn|23
|
|t:|1769366555
|move|p1a: Cinderace|U-turn|p2a: Pecharunt
|-start|p1a: Cinderace|typechange|Bug|[from] ability: Libero
|-resisted|p2a: Pecharunt
|-damage|p2a: Pecharunt|55/100 brn
|
|t:|1769366557
|switch|p1a: Kyurem|Kyurem|100/100|[from] U-turn
|-ability|p1a: Kyurem|Pressure
|move|p2a: Pecharunt|Recover|p2a: Pecharunt
|-heal|p2a: Pecharunt|100/100 brn
|
|-damage|p2a: Pecharunt|94/100 brn|[from] brn
|upkeep
|turn|24
|
|t:|1769366563
|switch|p2a: Bronzong|Bronzong|69/100 par
|move|p1a: Kyurem|Ice Beam|p2a: Bronzong
|-resisted|p2a: Bronzong
|-damage|p2a: Bronzong|42/100 par
|
|upkeep
|turn|25
|
|t:|1769366569
|switch|p1a: Hatterene|Hatterene, F|89/100
|move|p2a: Bronzong|Iron Head|p1a: Hatterene
|-supereffective|p1a: Hatterene
|-damage|p1a: Hatterene|43/100
|
|-heal|p1a: Hatterene|49/100|[from] item: Leftovers
|upkeep
|turn|26
|
|t:|1769366576
|switch|p1a: Cinderace|Cinderace, F|48/100
|move|p2a: Bronzong|Iron Head|p1a: Cinderace
|-resisted|p1a: Cinderace
|-damage|p1a: Cinderace|28/100
|
|upkeep
|turn|27
|
|t:|1769366579
|switch|p2a: Pecharunt|Pecharunt|94/100 brn
|move|p1a: Cinderace|U-turn|p2a: Pecharunt
|-start|p1a: Cinderace|typechange|Bug|[from] ability: Libero
|-resisted|p2a: Pecharunt
|-damage|p2a: Pecharunt|90/100 brn
|
|t:|1769366581
|switch|p1a: Kyurem|Kyurem|100/100|[from] U-turn
|-ability|p1a: Kyurem|Pressure
|
|-damage|p2a: Pecharunt|84/100 brn|[from] brn
|upkeep
|turn|28
|inactive|noob1877 test has 120 seconds left.
|j| bravestheart
|
|t:|1769366626
|switch|p2a: Bronzong|Bronzong|42/100 par
|move|p1a: Kyurem|Ice Beam|p2a: Bronzong
|-resisted|p2a: Bronzong
|-damage|p2a: Bronzong|15/100 par
|
|upkeep
|turn|29
|
|t:|1769366629
|move|p1a: Kyurem|Ice Beam|p2a: Bronzong
|-resisted|p2a: Bronzong
|-damage|p2a: Bronzong|0 fnt
|faint|p2a: Bronzong
|
|upkeep
|
|t:|1769366631
|switch|p2a: Cinderace|Cinderace, F|12/100
|turn|30
|inactive|noob1877 test has 120 seconds left.
|
|t:|1769366651
|switch|p1a: Cinderace|Cinderace, F|28/100
|move|p2a: Cinderace|U-turn|p1a: Cinderace
|-resisted|p1a: Cinderace
|-crit|p1a: Cinderace
|-damage|p1a: Cinderace|6/100
|inactive|noob1877 test has 120 seconds left.
|
|t:|1769366656
|switch|p2a: Pecharunt|Pecharunt|84/100 brn|[from] U-turn
|
|-damage|p2a: Pecharunt|78/100 brn|[from] brn
|upkeep
|turn|31
|
|t:|1769366666
|move|p1a: Cinderace|U-turn|p2a: Pecharunt
|-start|p1a: Cinderace|typechange|Bug|[from] ability: Libero
|-resisted|p2a: Pecharunt
|-damage|p2a: Pecharunt|74/100 brn
|
|t:|1769366668
|switch|p1a: Hatterene|Hatterene, F|49/100|[from] U-turn
|move|p2a: Pecharunt|Parting Shot|p1a: Hatterene
|move|p1a: Hatterene|Parting Shot|p2a: Pecharunt|[from] ability: Magic Bounce
|-unboost|p2a: Pecharunt|atk|1
|-unboost|p2a: Pecharunt|spa|1
|
|t:|1769366673
|switch|p1a: Kyurem|Kyurem|100/100|[from] Parting Shot
|-ability|p1a: Kyurem|Pressure
|
|-damage|p2a: Pecharunt|68/100 brn|[from] brn
|upkeep
|turn|32
|
|t:|1769366681
|switch|p2a: Great Tusk|Great Tusk|24/100
|move|p1a: Kyurem|Ice Beam|p2a: Great Tusk
|-supereffective|p2a: Great Tusk
|-crit|p2a: Great Tusk
|-damage|p2a: Great Tusk|0 fnt
|faint|p2a: Great Tusk
|-end|p2a: Great Tusk|Protosynthesis|[silent]
|
|upkeep
|
|t:|1769366682
|switch|p2a: Cinderace|Cinderace, F|12/100
|turn|33
|
|t:|1769366686
|switch|p1a: Cinderace|Cinderace, F|6/100
|move|p2a: Cinderace|Pyro Ball|p1a: Cinderace
|-resisted|p1a: Cinderace
|-damage|p1a: Cinderace|0 fnt
|faint|p1a: Cinderace
|
|upkeep
|
|t:|1769366693
|switch|p1a: Tornadus|Tornadus-Therian, M|100/100
|turn|34
|
|t:|1769366700
|switch|p2a: Clodsire|Clodsire, M|69/100
|move|p1a: Tornadus|U-turn|p2a: Clodsire
|-resisted|p2a: Clodsire
|-damage|p2a: Clodsire|61/100
|
|t:|1769366703
|switch|p1a: Kyurem|Kyurem|100/100|[from] U-turn
|-ability|p1a: Kyurem|Pressure
|
|upkeep
|turn|35
|
|t:|1769366717
|switch|p1a: Hatterene|Hatterene, F|49/100
|-terastallize|p2a: Clodsire|Steel
|move|p2a: Clodsire|Toxic|p1a: Hatterene
|move|p1a: Hatterene|Toxic|p2a: Clodsire|[from] ability: Magic Bounce|[miss]
|-miss|p1a: Hatterene|p2a: Clodsire
|
|-heal|p1a: Hatterene|55/100|[from] item: Leftovers
|upkeep
|turn|36
|
|t:|1769366725
|move|p1a: Hatterene|Nuzzle|p2a: Clodsire
|-damage|p2a: Clodsire|57/100
|-status|p2a: Clodsire|par
|move|p2a: Clodsire|Earthquake|p1a: Hatterene
|-damage|p1a: Hatterene|32/100
|
|-heal|p1a: Hatterene|38/100|[from] item: Leftovers
|upkeep
|turn|37
|j| champ bogar
|
|t:|1769366741
|switch|p2a: Hydrapple|Hydrapple, M|76/100
|move|p1a: Hatterene|Psychic Noise|p2a: Hydrapple
|-damage|p2a: Hydrapple|42/100
|-start|p2a: Hydrapple|move: Heal Block
|
|-heal|p1a: Hatterene|44/100|[from] item: Leftovers
|upkeep
|turn|38
|
|t:|1769366745
|switch|p1a: Tornadus|Tornadus-Therian, M|100/100
|move|p2a: Hydrapple|Earth Power|p1a: Tornadus
|-immune|p1a: Tornadus
|
|-end|p2a: Hydrapple|move: Heal Block
|upkeep
|turn|39
|-message|noob1877 test forfeited.
|
|win|Tokiwakano
|raw|Tokiwakano's rating: 1792 &rarr; <strong>1813</strong><br />(+21 for winning)
|raw|noob1877 test's rating: 1805 &rarr; <strong>1784</strong><br />(-21 for losing)
|l|☆noob1877 test
|player|p2|
|l| bravestheart
|l|☆Tokiwakano
|player|p1|
