|j|☆aria4games
|j|☆AdaptiveGoose
|t:|1769428783
|gametype|singles
|player|p1|aria4games|102|1330
|player|p2|AdaptiveGoose|roxie|1308
|gen|9
|tier|[Gen 9] OU
|rated|
|rule|HP Percentage Mod: HP is shown in percentages
|rule|Endless Battle Clause: Forcing endless battles is banned
|rule|Species Clause: Limit one of each Pokémon
|rule|OHKO Clause: OHKO moves are banned
|rule|Evasion Items Clause: Evasion items are banned
|rule|Evasion Moves Clause: Evasion moves are banned
|rule|Evasion Abilities Clause: Evasion abilities are banned
|rule|Sleep Moves Clause: Sleep-inducing moves are banned
|clearpoke
|poke|p1|Cinderace, M|
|poke|p1|Reuniclus, F|
|poke|p1|Kyurem|
|poke|p1|Raging Bolt|
|poke|p1|Darkrai|
|poke|p1|Keldeo-Resolute|
|poke|p2|Hatterene, F|
|poke|p2|Ursaluna, M|
|poke|p2|Glastrier|
|poke|p2|Slowking-Galar, F|
|poke|p2|Porygon-Z|
|poke|p2|Kingambit, M|
|teampreview
|inactive|Battle timer is ON: inactive players will automatically lose when time's up. (requested by AdaptiveGoose)
|
|t:|1769428808
|teamsize|p1|6
|teamsize|p2|6
|start
|switch|p1a: NU's finest|Reuniclus, F, shiny|100/100
|switch|p2a: Hatterene|Hatterene, F|100/100
|turn|1
|
|t:|1769428828
|move|p1a: NU's finest|Knock Off|p2a: Hatterene
|-damage|p2a: Hatterene|86/100
|-enditem|p2a: Hatterene|Leftovers|[from] move: Knock Off|[of] p1a: NU's finest
|move|p2a: Hatterene|Trick Room|p2a: Hatterene
|-fieldstart|move: Trick Room|[of] p2a: Hatterene
|
|upkeep
|turn|2
|inactive|AdaptiveGoose has 120 seconds left.
|
|t:|1769428853
|switch|p2a: Ursaluna|Ursaluna, M|100/100
|move|p1a: NU's finest|Knock Off|p2a: Ursaluna
|-damage|p2a: Ursaluna|91/100
|-enditem|p2a: Ursaluna|Flame Orb|[from] move: Knock Off|[of] p1a: NU's finest
|
|upkeep
|turn|3
|
|t:|1769428870
|move|p1a: NU's finest|Future Sight|p2a: Ursaluna
|-start|p1a: NU's finest|move: Future Sight
|move|p2a: Ursaluna|Swords Dance|p2a: Ursaluna
|-boost|p2a: Ursaluna|atk|2
|
|upkeep
|turn|4
|
|t:|1769428877
|move|p1a: NU's finest|Knock Off|p2a: Ursaluna
|-damage|p2a: Ursaluna|84/100
|move|p2a: Ursaluna|Headlong Rush|p1a: NU's finest
|-damage|p1a: NU's finest|0 fnt
|-unboost|p2a: Ursaluna|def|1
|-unboost|p2a: Ursaluna|spd|1
|-damage|p2a: Ursaluna|67/100|[from] item: Rocky Helmet|[of] p1a: NU's finest
|faint|p1a: NU's finest
|
|upkeep
|
|t:|1769428897
|switch|p1a: lil trooper|Keldeo-Resolute|100/100
|turn|5
|
|t:|1769428905
|-terastallize|p1a: lil trooper|Flying
|move|p2a: Ursaluna|Facade|p1a: lil trooper
|-damage|p1a: lil trooper|7/100
|move|p1a: lil trooper|Flip Turn|p2a: Ursaluna
|-supereffective|p2a: Ursaluna
|-damage|p2a: Ursaluna|34/100
|
|t:|1769428916
|switch|p1a: '06 wayne rooney|Cinderace, M|100/100|[from] Flip Turn
|
|-end|p2a: Ursaluna|move: Future Sight
|-damage|p2a: Ursaluna|0 fnt
|faint|p2a: Ursaluna
|-fieldend|move: Trick Room
|upkeep
|
|t:|1769428927
|switch|p2a: Hatterene|Hatterene, F|86/100
|turn|6
|
|t:|1769428942
|move|p1a: '06 wayne rooney|Pyro Ball|p2a: Hatterene
|-damage|p2a: Hatterene|25/100
|move|p2a: Hatterene|Trick Room|p2a: Hatterene
|-fieldstart|move: Trick Room|[of] p2a: Hatterene
|
|upkeep
|turn|7
|
|t:|1769428947
|move|p2a: Hatterene|Psychic|p1a: '06 wayne rooney
|-damage|p1a: '06 wayne rooney|43/100
|move|p1a: '06 wayne rooney|Pyro Ball|p2a: Hatterene
|-damage|p2a: Hatterene|0 fnt
|faint|p2a: Hatterene
|
|upkeep
|
|t:|1769428955
|switch|p2a: Glastrier|Glastrier|100/100
|turn|8
|
|t:|1769428960
|move|p2a: Glastrier|Icicle Crash|p1a: '06 wayne rooney|[miss]
|-miss|p2a: Glastrier|p1a: '06 wayne rooney
|move|p1a: '06 wayne rooney|Pyro Ball|p2a: Glastrier|[miss]
|-miss|p1a: '06 wayne rooney|p2a: Glastrier
|
|upkeep
|turn|9
|
|t:|1769428966
|move|p1a: '06 wayne rooney|Sucker Punch|p2a: Glastrier
|-start|p1a: '06 wayne rooney|typechange|Dark|[from] ability: Libero
|-damage|p2a: Glastrier|77/100
|move|p2a: Glastrier|Icicle Crash|p1a: '06 wayne rooney
|-damage|p1a: '06 wayne rooney|0 fnt
|faint|p1a: '06 wayne rooney
|-ability|p2a: Glastrier|Chilling Neigh|boost
|-boost|p2a: Glastrier|atk|1
|
|upkeep
|
|t:|1769428980
|switch|p1a: super mario|Kyurem, shiny|100/100
|-ability|p1a: super mario|Pressure
|turn|10
|
|t:|1769428985
|move|p2a: Glastrier|Icicle Crash|p1a: super mario
|-damage|p1a: super mario|10/100
|move|p1a: super mario|Dragon Tail|p2a: Glastrier
|-damage|p2a: Glastrier|60/100
|drag|p2a: Slowking|Slowking-Galar, F|100/100
|
|-fieldend|move: Trick Room
|upkeep
|turn|11
|
|t:|1769428992
|move|p1a: super mario|Earth Power|p2a: Slowking
|-supereffective|p2a: Slowking
|-damage|p2a: Slowking|68/100
|move|p2a: Slowking|Trick Room|p2a: Slowking
|-fieldstart|move: Trick Room|[of] p2a: Slowking
|
|upkeep
|turn|12
|
|t:|1769428998
|move|p2a: Slowking|Sludge Bomb|p1a: super mario
|-damage|p1a: super mario|0 fnt
|faint|p1a: super mario
|
|upkeep
|
|t:|1769429004
|switch|p1a: raging goat|Raging Bolt|100/100
|-enditem|p1a: raging goat|Booster Energy
|-activate|p1a: raging goat|ability: Protosynthesis|[fromitem]
|-start|p1a: raging goat|protosynthesisspa
|turn|13
|
|t:|1769429012
|-prepare|p2a: Slowking|Chilly Reception|[premajor]
|move|p2a: Slowking|Chilly Reception|p2a: Slowking
|-weather|Snowscape
|
|t:|1769429022
|switch|p2a: Porygon-Z|Porygon-Z|100/100|[from] Chilly Reception
|-ability|p2a: Porygon-Z|Download|boost
|-boost|p2a: Porygon-Z|spa|1
|move|p1a: raging goat|Calm Mind|p1a: raging goat
|-boost|p1a: raging goat|spa|1
|-boost|p1a: raging goat|spd|1
|
|-weather|Snowscape|[upkeep]
|upkeep
|turn|14
|
|t:|1769429039
|move|p2a: Porygon-Z|Ice Beam|p1a: raging goat
|-supereffective|p1a: raging goat
|-damage|p1a: raging goat|15/100
|move|p1a: raging goat|Thunderbolt|p2a: Porygon-Z
|-damage|p2a: Porygon-Z|0 fnt
|faint|p2a: Porygon-Z
|
|-weather|Snowscape|[upkeep]
|upkeep
|
|t:|1769429052
|switch|p2a: Slowking|Slowking-Galar, F|100/100
|turn|15
|
|t:|1769429057
|move|p2a: Slowking|Sludge Bomb|p1a: raging goat
|-crit|p1a: raging goat
|-damage|p1a: raging goat|0 fnt
|faint|p1a: raging goat
|-end|p1a: raging goat|Protosynthesis|[silent]
|
|-weather|Snowscape|[upkeep]
|-fieldend|move: Trick Room
|upkeep
|
|t:|1769429066
|switch|p1a: freddie gibbs|Darkrai|100/100
|turn|16
|
|t:|1769429070
|move|p1a: freddie gibbs|Dark Pulse|p2a: Slowking
|-supereffective|p2a: Slowking
|-damage|p2a: Slowking|23/100
|move|p2a: Slowking|Trick Room|p2a: Slowking
|-fieldstart|move: Trick Room|[of] p2a: Slowking
|
|-weather|Snowscape|[upkeep]
|upkeep
|turn|17
|
|t:|1769429074
|move|p2a: Slowking|Sludge Bomb|p1a: freddie gibbs
|-damage|p1a: freddie gibbs|54/100
|move|p1a: freddie gibbs|Dark Pulse|p2a: Slowking
|-supereffective|p2a: Slowking
|-damage|p2a: Slowking|0 fnt
|faint|p2a: Slowking
|
|-weather|none
|upkeep
|
|t:|1769429080
|switch|p2a: Glastrier|Glastrier|60/100
|turn|18
|
|t:|1769429084
|move|p2a: Glastrier|Close Combat|p1a: freddie gibbs
|-supereffective|p1a: freddie gibbs
|-damage|p1a: freddie gibbs|0 fnt
|-unboost|p2a: Glastrier|def|1
|-unboost|p2a: Glastrier|spd|1
|faint|p1a: freddie gibbs
|-ability|p2a: Glastrier|Chilling Neigh|boost
|-boost|p2a: Glastrier|atk|1
|
|upkeep
|
|t:|1769429086
|switch|p1a: lil trooper|Keldeo-Resolute, tera:Flying|7/100
|turn|19
|
|t:|1769429094
|move|p2a: Glastrier|Close Combat|p1a: lil trooper
|-resisted|p1a: lil trooper
|-damage|p1a: lil trooper|0 fnt
|-unboost|p2a: Glastrier|def|1
|-unboost|p2a: Glastrier|spd|1
|faint|p1a: lil trooper
|
|win|AdaptiveGoose
|raw|aria4games's rating: 1330 &rarr; <strong>1309</strong><br />(-21 for losing)
|raw|AdaptiveGoose's rating: 1308 &rarr; <strong>1329</strong><br />(+21 for winning)
|c|☆AdaptiveGoose|gg
|c|☆aria4games|ggwp
