|j|☆Spud Webbs
|j|‽liamsdad
|t:|1769394651
|gametype|singles
|player|p1|Spud Webbs|1|1559
|player|p2|liamsdad|bruno|1629
|gen|9
|tier|[Gen 9] OU
|rated|
|rule|HP Percentage Mod: HP is shown in percentages
|rule|Endless Battle Clause: Forcing endless battles is banned
|rule|Species Clause: Limit one of each Pokémon
|rule|OHKO Clause: OHKO moves are banned
|rule|Evasion Items Clause: Evasion items are banned
|rule|Evasion Moves Clause: Evasion moves are banned
|rule|Evasion Abilities Clause: Evasion abilities are banned
|rule|Sleep Moves Clause: Sleep-inducing moves are banned
|clearpoke
|poke|p1|Ceruledge, F|
|poke|p1|Iron Valiant|
|poke|p1|Pecharunt|
|poke|p1|Iron Treads|
|poke|p1|Enamorus, F|
|poke|p1|Araquanid, M|
|poke|p2|Rillaboom, F|
|poke|p2|Iron Crown|
|poke|p2|Primarina, M|
|poke|p2|Garchomp, F|
|poke|p2|Great Tusk|
|poke|p2|Ogerpon-Cornerstone, F|
|teampreview
|
|t:|1769394666
|teamsize|p1|6
|teamsize|p2|6
|start
|switch|p1a: "Our" Land|Araquanid, M, shiny|100/100
|switch|p2a: Ogerpon|Ogerpon-Cornerstone, F|100/100
|turn|1
|
|t:|1769394671
|-terastallize|p1a: "Our" Land|Ghost
|move|p2a: Ogerpon|Swords Dance|p2a: Ogerpon
|-boost|p2a: Ogerpon|atk|2
|move|p1a: "Our" Land|Sticky Web|p2a: Ogerpon
|-sidestart|p2: liamsdad|move: Sticky Web
|
|upkeep
|turn|2
|
|t:|1769394676
|switch|p1a: The Alamo|Ceruledge, F|100/100
|move|p2a: Ogerpon|Ivy Cudgel|p1a: The Alamo|[anim] Ivy Cudgel Rock
|-supereffective|p1a: The Alamo
|-enditem|p1a: The Alamo|Focus Sash
|-damage|p1a: The Alamo|1/100
|-ability|p1a: The Alamo|Weak Armor|boost
|-unboost|p1a: The Alamo|def|1
|-boost|p1a: The Alamo|spe|2
|
|upkeep
|turn|3
|
|t:|1769394680
|move|p1a: The Alamo|Destiny Bond|p1a: The Alamo
|-singlemove|p1a: The Alamo|Destiny Bond
|move|p2a: Ogerpon|Trailblaze|p1a: The Alamo
|-resisted|p1a: The Alamo
|-damage|p1a: The Alamo|0 fnt
|-boost|p2a: Ogerpon|spe|1
|faint|p1a: The Alamo
|-activate|p1a: The Alamo|move: Destiny Bond
|faint|p2a: Ogerpon
|
|upkeep
|
|t:|1769394686
|switch|p2a: Great Tusk|Great Tusk|100/100
|switch|p1a: Providence|Pecharunt|100/100
|-item|p1a: Providence|Air Balloon
|-activate|p2a: Great Tusk|move: Sticky Web
|-unboost|p2a: Great Tusk|spe|1
|-enditem|p2a: Great Tusk|Booster Energy
|-activate|p2a: Great Tusk|ability: Protosynthesis|[fromitem]
|-start|p2a: Great Tusk|protosynthesisatk
|turn|4
|
|t:|1769394690
|move|p1a: Providence|Shadow Ball|p2a: Great Tusk
|-damage|p2a: Great Tusk|62/100
|move|p2a: Great Tusk|Ice Spinner|p1a: Providence
|-damage|p1a: Providence|80/100
|-enditem|p1a: Providence|Air Balloon
|
|upkeep
|turn|5
|
|t:|1769394694
|move|p1a: Providence|Destiny Bond|p1a: Providence
|-singlemove|p1a: Providence|Destiny Bond
|move|p2a: Great Tusk|Headlong Rush|p1a: Providence
|-supereffective|p1a: Providence
|-crit|p1a: Providence
|-damage|p1a: Providence|0 fnt
|-unboost|p2a: Great Tusk|def|1
|-unboost|p2a: Great Tusk|spd|1
|faint|p1a: Providence
|-activate|p1a: Providence|move: Destiny Bond
|faint|p2a: Great Tusk
|-end|p2a: Great Tusk|Protosynthesis|[silent]
|
|upkeep
|
|t:|1769394704
|switch|p1a: Go West|Iron Treads|100/100
|switch|p2a: Rillaboom|Rillaboom, F|100/100
|-activate|p2a: Rillaboom|move: Sticky Web
|-unboost|p2a: Rillaboom|spe|1
|-fieldstart|move: Grassy Terrain|[from] ability: Grassy Surge|[of] p2a: Rillaboom
|-enditem|p1a: Go West|Booster Energy
|-activate|p1a: Go West|ability: Quark Drive|[fromitem]
|-start|p1a: Go West|quarkdriveatk
|turn|6
|
|t:|1769394713
|move|p2a: Rillaboom|Grassy Glide|p1a: Go West
|-damage|p1a: Go West|66/100
|move|p1a: Go West|Stealth Rock|p2a: Rillaboom
|-sidestart|p2: liamsdad|move: Stealth Rock
|
|-heal|p1a: Go West|72/100|[from] Grassy Terrain
|upkeep
|turn|7
|
|t:|1769394717
|move|p2a: Rillaboom|Grassy Glide|p1a: Go West
|-damage|p1a: Go West|40/100
|move|p1a: Go West|Rock Tomb|p2a: Rillaboom
|-damage|p2a: Rillaboom|73/100
|-unboost|p2a: Rillaboom|spe|1
|
|-heal|p1a: Go West|46/100|[from] Grassy Terrain
|-heal|p2a: Rillaboom|79/100|[from] Grassy Terrain
|upkeep
|turn|8
|
|t:|1769394721
|-end|p1a: Go West|Quark Drive|[silent]
|switch|p1a: Lady Liberty|Enamorus, F|100/100
|move|p2a: Rillaboom|Swords Dance|p2a: Rillaboom
|-boost|p2a: Rillaboom|atk|2
|
|-heal|p2a: Rillaboom|86/100|[from] Grassy Terrain
|upkeep
|turn|9
|
|t:|1769394725
|-terastallize|p2a: Rillaboom|Ice
|move|p1a: Lady Liberty|Superpower|p2a: Rillaboom
|-supereffective|p2a: Rillaboom
|-damage|p2a: Rillaboom|19/100
|-boost|p1a: Lady Liberty|atk|1
|-boost|p1a: Lady Liberty|def|1
|move|p2a: Rillaboom|Tera Blast|p1a: Lady Liberty|[anim] Tera Blast Ice
|-supereffective|p1a: Lady Liberty
|-damage|p1a: Lady Liberty|0 fnt
|faint|p1a: Lady Liberty
|
|-heal|p2a: Rillaboom|25/100|[from] Grassy Terrain
|upkeep
|inactive|Battle timer is ON: inactive players will automatically lose when time's up. (requested by liamsdad)
|
|t:|1769394738
|switch|p1a: Moral Duty|Iron Valiant, shiny|100/100
|-enditem|p1a: Moral Duty|Booster Energy
|-activate|p1a: Moral Duty|ability: Quark Drive|[fromitem]
|-start|p1a: Moral Duty|quarkdrivespe
|turn|10
|
|t:|1769394743
|-end|p1a: Moral Duty|Quark Drive|[silent]
|switch|p1a: "Our" Land|Araquanid, M, shiny, tera:Ghost|100/100
|move|p2a: Rillaboom|Grassy Glide|p1a: "Our" Land
|-damage|p1a: "Our" Land|32/100
|-enditem|p1a: "Our" Land|Red Card|[of] p2a: Rillaboom
|drag|p2a: Primarina|Primarina, M|100/100
|-activate|p2a: Primarina|move: Sticky Web
|-unboost|p2a: Primarina|spe|1
|-damage|p2a: Primarina|88/100|[from] Stealth Rock
|
|-heal|p2a: Primarina|94/100|[from] Grassy Terrain
|-heal|p1a: "Our" Land|39/100|[from] Grassy Terrain
|upkeep
|turn|11
|
|t:|1769394756
|move|p2a: Primarina|Psychic Noise|p1a: "Our" Land
|-damage|p1a: "Our" Land|10/100
|-start|p1a: "Our" Land|move: Heal Block
|move|p1a: "Our" Land|Surf|p2a: Primarina
|-resisted|p2a: Primarina
|-damage|p2a: Primarina|79/100
|
|-heal|p2a: Primarina|85/100|[from] Grassy Terrain
|upkeep
|turn|12
|
|t:|1769394761
|move|p2a: Primarina|Encore|p1a: "Our" Land
|-start|p1a: "Our" Land|Encore
|move|p1a: "Our" Land|Surf|p2a: Primarina
|-resisted|p2a: Primarina
|-damage|p2a: Primarina|67/100
|
|-heal|p2a: Primarina|73/100|[from] Grassy Terrain
|-end|p1a: "Our" Land|move: Heal Block
|upkeep
|turn|13
|
|t:|1769394766
|switch|p1a: Go West|Iron Treads|46/100
|move|p2a: Primarina|Calm Mind|p2a: Primarina
|-boost|p2a: Primarina|spa|1
|-boost|p2a: Primarina|spd|1
|
|-heal|p1a: Go West|53/100|[from] Grassy Terrain
|-heal|p2a: Primarina|79/100|[from] Grassy Terrain
|-fieldend|move: Grassy Terrain
|upkeep
|turn|14
|
|t:|1769394771
|move|p1a: Go West|Earthquake|p2a: Primarina
|-damage|p2a: Primarina|20/100
|move|p2a: Primarina|Psychic Noise|p1a: Go West
|-supereffective|p1a: Go West
|-damage|p1a: Go West|0 fnt
|faint|p1a: Go West
|-end|p1a: Go West|Quark Drive|[silent]
|
|upkeep
|
|t:|1769394778
|switch|p1a: Moral Duty|Iron Valiant, shiny|100/100
|turn|15
|
|t:|1769394781
|move|p1a: Moral Duty|Close Combat|p2a: Primarina
|-resisted|p2a: Primarina
|-damage|p2a: Primarina|0 fnt
|-unboost|p1a: Moral Duty|def|1
|-unboost|p1a: Moral Duty|spd|1
|faint|p2a: Primarina
|
|upkeep
|
|t:|1769394786
|switch|p2a: Rillaboom|Rillaboom, F, tera:Ice|25/100
|-activate|p2a: Rillaboom|move: Sticky Web
|-unboost|p2a: Rillaboom|spe|1
|-damage|p2a: Rillaboom|0 fnt|[from] Stealth Rock
|faint|p2a: Rillaboom
|
|t:|1769394800
|switch|p2a: Iron Crown|Iron Crown|100/100
|-activate|p2a: Iron Crown|move: Sticky Web
|-unboost|p2a: Iron Crown|spe|1
|-damage|p2a: Iron Crown|94/100|[from] Stealth Rock
|-enditem|p2a: Iron Crown|Booster Energy
|-activate|p2a: Iron Crown|ability: Quark Drive|[fromitem]
|-start|p2a: Iron Crown|quarkdrivespa
|turn|16
|
|t:|1769394812
|-end|p1a: Moral Duty|Quark Drive|[silent]
|switch|p1a: "Our" Land|Araquanid, M, shiny, tera:Ghost|10/100
|move|p2a: Iron Crown|Psyshock|p1a: "Our" Land
|-damage|p1a: "Our" Land|0 fnt
|faint|p1a: "Our" Land
|
|upkeep
|
|t:|1769394814
|switch|p1a: Moral Duty|Iron Valiant, shiny|100/100
|turn|17
|
|t:|1769394817
|move|p1a: Moral Duty|Close Combat|p2a: Iron Crown
|-damage|p2a: Iron Crown|29/100
|-unboost|p1a: Moral Duty|def|1
|-unboost|p1a: Moral Duty|spd|1
|move|p2a: Iron Crown|Psyshock|p1a: Moral Duty
|-supereffective|p1a: Moral Duty
|-damage|p1a: Moral Duty|0 fnt
|faint|p1a: Moral Duty
|-end|p1a: Moral Duty|Quark Drive|[silent]
|
|win|liamsdad
|raw|Spud Webbs's rating: 1559 &rarr; <strong>1543</strong><br />(-16 for losing)
|raw|liamsdad's rating: 1629 &rarr; <strong>1645</strong><br />(+16 for winning)
|l|☆Spud Webbs
|player|p1|
