|j|☆JD2Sleepy
|j|☆ferrydiscs
|t:|1769317940
|gametype|singles
|player|p1|JD2Sleepy|blackbelt-gen4dp|1562
|player|p2|ferrydiscs|will|1576
|gen|9
|tier|[Gen 9] OU
|rated|
|rule|HP Percentage Mod: HP is shown in percentages
|rule|Endless Battle Clause: Forcing endless battles is banned
|rule|Species Clause: Limit one of each Pokémon
|rule|OHKO Clause: OHKO moves are banned
|rule|Evasion Items Clause: Evasion items are banned
|rule|Evasion Moves Clause: Evasion moves are banned
|rule|Evasion Abilities Clause: Evasion abilities are banned
|rule|Sleep Moves Clause: Sleep-inducing moves are banned
|clearpoke
|poke|p1|Deoxys-Speed|
|poke|p1|Gholdengo|
|poke|p1|Ogerpon-Wellspring, F|
|poke|p1|Raging Bolt|
|poke|p1|Great Tusk|
|poke|p1|Kingambit, M|
|poke|p2|Tyranitar, M|
|poke|p2|Excadrill, M|
|poke|p2|Tornadus-Therian, M|
|poke|p2|Tinkaton, F|
|poke|p2|Sinistcha|
|poke|p2|Toxapex, M|
|teampreview
|
|t:|1769317973
|teamsize|p1|6
|teamsize|p2|6
|start
|switch|p1a: Deoxys|Deoxys-Speed|100/100
|switch|p2a: Tinkaton|Tinkaton, F, shiny|100/100
|-ability|p1a: Deoxys|Pressure
|-item|p2a: Tinkaton|Air Balloon
|turn|1
|
|t:|1769317978
|switch|p1a: Great Tusk|Great Tusk|100/100
|move|p2a: Tinkaton|Stealth Rock|p1a: Great Tusk
|-sidestart|p1: JD2Sleepy|move: Stealth Rock
|
|upkeep
|turn|2
|
|t:|1769317989
|switch|p2a: Sinistcha|Sinistcha, shiny|100/100
|move|p1a: Great Tusk|Stealth Rock|p2a: Sinistcha
|-sidestart|p2: ferrydiscs|move: Stealth Rock
|
|upkeep
|turn|3
|
|t:|1769318004
|-end|p1a: Great Tusk|Protosynthesis|[silent]
|switch|p1a: Deoxys|Deoxys-Speed|100/100
|-damage|p1a: Deoxys|88/100|[from] Stealth Rock
|-ability|p1a: Deoxys|Pressure
|move|p2a: Sinistcha|Shadow Ball|p1a: Deoxys
|-supereffective|p1a: Deoxys
|-damage|p1a: Deoxys|0 fnt
|faint|p1a: Deoxys
|
|upkeep
|
|t:|1769318006
|switch|p1a: Gholdengo|Gholdengo|100/100
|-damage|p1a: Gholdengo|94/100|[from] Stealth Rock
|-item|p1a: Gholdengo|Air Balloon
|turn|4
|
|t:|1769318020
|switch|p2a: Toxapex|Toxapex, M, shiny|100/100
|-damage|p2a: Toxapex|88/100|[from] Stealth Rock
|move|p1a: Gholdengo|Shadow Ball|p2a: Toxapex
|-damage|p2a: Toxapex|57/100
|-enditem|p2a: Toxapex|Eject Button
|
|t:|1769318050
|switch|p2a: Tyranitar|Tyranitar, M, shiny|100/100
|-damage|p2a: Tyranitar|88/100|[from] Stealth Rock
|-weather|Sandstorm|[from] ability: Sand Stream|[of] p2a: Tyranitar
|
|-weather|Sandstorm|[upkeep]
|upkeep
|turn|5
|
|t:|1769318079
|switch|p2a: Toxapex|Toxapex, M, shiny|91/100
|-damage|p2a: Toxapex|78/100|[from] Stealth Rock
|move|p1a: Gholdengo|Make It Rain|p2a: Toxapex
|-resisted|p2a: Toxapex
|-damage|p2a: Toxapex|57/100
|-unboost|p1a: Gholdengo|spa|1
|
|-weather|Sandstorm|[upkeep]
|-damage|p2a: Toxapex|51/100|[from] Sandstorm
|upkeep
|turn|6
|
|t:|1769318090
|switch|p2a: Tornadus|Tornadus-Therian, M, shiny|100/100
|-damage|p2a: Tornadus|76/100|[from] Stealth Rock
|move|p1a: Gholdengo|Nasty Plot|p1a: Gholdengo
|-boost|p1a: Gholdengo|spa|2
|
|-weather|Sandstorm|[upkeep]
|-damage|p2a: Tornadus|70/100|[from] Sandstorm
|upkeep
|turn|7
|
|t:|1769318112
|switch|p1a: Raging Bolt|Raging Bolt|100/100
|-damage|p1a: Raging Bolt|88/100|[from] Stealth Rock
|-enditem|p1a: Raging Bolt|Booster Energy
|-activate|p1a: Raging Bolt|ability: Protosynthesis|[fromitem]
|-start|p1a: Raging Bolt|protosynthesisspa
|move|p2a: Tornadus|Heat Wave|p1a: Raging Bolt
|-resisted|p1a: Raging Bolt
|-damage|p1a: Raging Bolt|66/100
|
|-weather|Sandstorm|[upkeep]
|-damage|p2a: Tornadus|64/100|[from] Sandstorm
|-damage|p1a: Raging Bolt|60/100|[from] Sandstorm
|upkeep
|turn|8
|
|t:|1769318116
|switch|p2a: Excadrill|Excadrill, M, shiny|100/100
|-damage|p2a: Excadrill|97/100|[from] Stealth Rock
|move|p1a: Raging Bolt|Thunderbolt|p2a: Excadrill
|-immune|p2a: Excadrill
|
|-weather|none
|-heal|p2a: Excadrill|100/100|[from] item: Leftovers
|upkeep
|turn|9
|j| Samurajen
|
|t:|1769318126
|move|p2a: Excadrill|Rock Slide|p1a: Raging Bolt
|-crit|p1a: Raging Bolt
|-damage|p1a: Raging Bolt|21/100
|move|p1a: Raging Bolt|Dragon Pulse|p2a: Excadrill
|-resisted|p2a: Excadrill
|-damage|p2a: Excadrill|53/100
|
|-heal|p2a: Excadrill|59/100|[from] item: Leftovers
|upkeep
|turn|10
|
|t:|1769318133
|move|p2a: Excadrill|Rapid Spin|p1a: Raging Bolt
|-damage|p1a: Raging Bolt|3/100
|-boost|p2a: Excadrill|spe|1
|-sideend|p2: ferrydiscs|Stealth Rock|[from] move: Rapid Spin|[of] p2a: Excadrill
|move|p1a: Raging Bolt|Dragon Pulse|p2a: Excadrill
|-resisted|p2a: Excadrill
|-damage|p2a: Excadrill|19/100
|
|-heal|p2a: Excadrill|25/100|[from] item: Leftovers
|upkeep
|turn|11
|
|t:|1769318137
|-end|p1a: Raging Bolt|Protosynthesis|[silent]
|switch|p1a: Great Tusk|Great Tusk|100/100
|-damage|p1a: Great Tusk|98/100|[from] Stealth Rock
|move|p2a: Excadrill|Rock Slide|p1a: Great Tusk
|-resisted|p1a: Great Tusk
|-damage|p1a: Great Tusk|93/100
|
|-heal|p2a: Excadrill|31/100|[from] item: Leftovers
|upkeep
|turn|12
|
|t:|1769318142
|switch|p2a: Sinistcha|Sinistcha, shiny|100/100
|move|p1a: Great Tusk|Stealth Rock|p2a: Sinistcha
|-sidestart|p2: ferrydiscs|move: Stealth Rock
|
|upkeep
|turn|13
|
|t:|1769318149
|-end|p1a: Great Tusk|Protosynthesis|[silent]
|switch|p1a: Raging Bolt|Raging Bolt|3/100
|-damage|p1a: Raging Bolt|0 fnt|[from] Stealth Rock
|faint|p1a: Raging Bolt
|-end|p1a: Raging Bolt|Protosynthesis|[silent]
|move|p2a: Sinistcha|Shadow Ball|p1: Raging Bolt|[notarget]
|-fail|p2a: Sinistcha
|
|upkeep
|
|t:|1769318152
|switch|p1a: Gholdengo|Gholdengo|94/100
|-damage|p1a: Gholdengo|88/100|[from] Stealth Rock
|-item|p1a: Gholdengo|Air Balloon
|turn|14
|
|t:|1769318163
|move|p1a: Gholdengo|Shadow Ball|p2a: Sinistcha
|-supereffective|p2a: Sinistcha
|-damage|p2a: Sinistcha|4/100
|move|p2a: Sinistcha|Shadow Ball|p1a: Gholdengo
|-supereffective|p1a: Gholdengo
|-damage|p1a: Gholdengo|8/100
|-enditem|p1a: Gholdengo|Air Balloon
|
|-heal|p2a: Sinistcha|10/100|[from] item: Leftovers
|upkeep
|turn|15
|
|t:|1769318179
|switch|p2a: Tinkaton|Tinkaton, F, shiny|100/100
|-damage|p2a: Tinkaton|94/100|[from] Stealth Rock
|-item|p2a: Tinkaton|Air Balloon
|move|p1a: Gholdengo|Make It Rain|p2a: Tinkaton
|-damage|p2a: Tinkaton|32/100
|-unboost|p1a: Gholdengo|spa|1
|-enditem|p2a: Tinkaton|Air Balloon
|
|upkeep
|turn|16
|
|t:|1769318185
|switch|p1a: Great Tusk|Great Tusk|93/100
|-damage|p1a: Great Tusk|90/100|[from] Stealth Rock
|move|p2a: Tinkaton|Gigaton Hammer|p1a: Great Tusk
|-damage|p1a: Great Tusk|46/100
|
|upkeep
|turn|17
|
|t:|1769318196
|switch|p2a: Sinistcha|Sinistcha, shiny|10/100
|-damage|p2a: Sinistcha|0 fnt|[from] Stealth Rock
|faint|p2a: Sinistcha
|move|p1a: Great Tusk|Rapid Spin|p2: Sinistcha|[notarget]
|-fail|p1a: Great Tusk
|
|upkeep
|
|t:|1769318203
|switch|p2a: Tornadus|Tornadus-Therian, M, shiny|97/100
|-damage|p2a: Tornadus|72/100|[from] Stealth Rock
|turn|18
|
|t:|1769318210
|-end|p1a: Great Tusk|Protosynthesis|[silent]
|switch|p1a: Gholdengo|Gholdengo|8/100
|-damage|p1a: Gholdengo|2/100|[from] Stealth Rock
|move|p2a: Tornadus|Heat Wave|p1a: Gholdengo
|-supereffective|p1a: Gholdengo
|-damage|p1a: Gholdengo|0 fnt
|faint|p1a: Gholdengo
|
|upkeep
|
|t:|1769318213
|switch|p1a: Ogerpon|Ogerpon-Wellspring, F|100/100
|-damage|p1a: Ogerpon|88/100|[from] Stealth Rock
|turn|19
|
|t:|1769318219
|switch|p2a: Toxapex|Toxapex, M, shiny|85/100
|-damage|p2a: Toxapex|72/100|[from] Stealth Rock
|move|p1a: Ogerpon|Swords Dance|p1a: Ogerpon
|-boost|p1a: Ogerpon|atk|2
|
|upkeep
|turn|20
|
|t:|1769318222
|move|p1a: Ogerpon|Power Whip|p2a: Toxapex
|-damage|p2a: Toxapex|0 fnt
|faint|p2a: Toxapex
|
|upkeep
|
|t:|1769318243
|switch|p2a: Tyranitar|Tyranitar, M, shiny|88/100
|-damage|p2a: Tyranitar|76/100|[from] Stealth Rock
|-weather|Sandstorm|[from] ability: Sand Stream|[of] p2a: Tyranitar
|turn|21
|
|t:|1769318246
|switch|p2a: Tinkaton|Tinkaton, F, shiny|32/100
|-damage|p2a: Tinkaton|26/100|[from] Stealth Rock
|move|p1a: Ogerpon|Ivy Cudgel|p2a: Tinkaton|[anim] Ivy Cudgel Water
|-damage|p2a: Tinkaton|0 fnt
|faint|p2a: Tinkaton
|
|-weather|Sandstorm|[upkeep]
|-damage|p1a: Ogerpon|82/100|[from] Sandstorm
|upkeep
|
|t:|1769318255
|switch|p2a: Tornadus|Tornadus-Therian, M, shiny|100/100
|-damage|p2a: Tornadus|76/100|[from] Stealth Rock
|turn|22
|
|t:|1769318261
|-terastallize|p1a: Ogerpon|Water
|detailschange|p1a: Ogerpon|Ogerpon-Wellspring-Tera, F, tera:Water
|-ability|p1a: Ogerpon|Embody Aspect (Wellspring)|boost
|-boost|p1a: Ogerpon|spd|1
|move|p2a: Tornadus|Bleakwind Storm|p1a: Ogerpon|[miss]
|-miss|p2a: Tornadus|p1a: Ogerpon
|move|p1a: Ogerpon|Ivy Cudgel|p2a: Tornadus|[anim] Ivy Cudgel Water
|-damage|p2a: Tornadus|0 fnt
|faint|p2a: Tornadus
|
|-weather|Sandstorm|[upkeep]
|-damage|p1a: Ogerpon|76/100|[from] Sandstorm
|upkeep
|
|t:|1769318265
|switch|p2a: Excadrill|Excadrill, M, shiny|31/100
|-damage|p2a: Excadrill|28/100|[from] Stealth Rock
|turn|23
|
|t:|1769318274
|move|p2a: Excadrill|Earthquake|p1a: Ogerpon
|-damage|p1a: Ogerpon|4/100
|move|p1a: Ogerpon|Ivy Cudgel|p2a: Excadrill|[anim] Ivy Cudgel Water
|-supereffective|p2a: Excadrill
|-damage|p2a: Excadrill|0 fnt
|faint|p2a: Excadrill
|
|-weather|Sandstorm|[upkeep]
|-damage|p1a: Ogerpon|0 fnt|[from] Sandstorm
|faint|p1a: Ogerpon
|detailschange|p1: Ogerpon|Ogerpon-Wellspring, F|[silent]
|upkeep
|
|t:|1769318278
|switch|p1a: Great Tusk|Great Tusk|46/100
|switch|p2a: Tyranitar|Tyranitar, M, shiny|76/100
|-damage|p1a: Great Tusk|43/100|[from] Stealth Rock
|-damage|p2a: Tyranitar|64/100|[from] Stealth Rock
|turn|24
|
|t:|1769318282
|-terastallize|p2a: Tyranitar|Dark
|move|p1a: Great Tusk|Headlong Rush|p2a: Tyranitar
|-damage|p2a: Tyranitar|5/100
|-unboost|p1a: Great Tusk|def|1
|-unboost|p1a: Great Tusk|spd|1
|move|p2a: Tyranitar|Low Kick|p1a: Great Tusk
|-damage|p1a: Great Tusk|0 fnt
|-damage|p2a: Tyranitar|0 fnt|[from] item: Rocky Helmet|[of] p1a: Great Tusk
|faint|p1a: Great Tusk
|-end|p1a: Great Tusk|Protosynthesis|[silent]
|faint|p2a: Tyranitar
|
|win|JD2Sleepy
|raw|JD2Sleepy's rating: 1562 &rarr; <strong>1583</strong><br />(+21 for winning)
|raw|ferrydiscs's rating: 1576 &rarr; <strong>1555</strong><br />(-21 for losing)
|l|☆ferrydiscs
|player|p2|
