|j|☆CambridgeFoulPlay
|j|‽itemlessonladder
|t:|1769363855
|gametype|singles
|player|p1|CambridgeFoulPlay|266|1737
|player|p2|itemlessonladder|ryuki|1681
|gen|9
|tier|[Gen 9] OU
|rated|
|rule|HP Percentage Mod: HP is shown in percentages
|rule|Endless Battle Clause: Forcing endless battles is banned
|rule|Species Clause: Limit one of each Pokémon
|rule|OHKO Clause: OHKO moves are banned
|rule|Evasion Items Clause: Evasion items are banned
|rule|Evasion Moves Clause: Evasion moves are banned
|rule|Evasion Abilities Clause: Evasion abilities are banned
|rule|Sleep Moves Clause: Sleep-inducing moves are banned
|clearpoke
|poke|p1|Hydrapple, M|
|poke|p1|Tyranitar, F|
|poke|p1|Moltres|
|poke|p1|Zamazenta-*|
|poke|p1|Slowking-Galar, F|
|poke|p1|Excadrill, F|
|poke|p2|Ninetales-Alola, M|
|poke|p2|Torterra, F|
|poke|p2|Regidrago|
|poke|p2|Maushold|
|poke|p2|Mimikyu, M|
|poke|p2|Gengar, F|
|teampreview
|inactive|Battle timer is ON: inactive players will automatically lose when time's up. (requested by itemlessonladder)
|c|☆CambridgeFoulPlay|hf
|inactive|CambridgeFoulPlay also wants the timer to be on.
|
|t:|1769363874
|teamsize|p1|6
|teamsize|p2|6
|start
|switch|p1a: Slowking|Slowking-Galar, F|100/100
|switch|p2a: Torterra|Torterra, F|100/100
|turn|1
|
|t:|1769363879
|move|p2a: Torterra|Shell Smash|p2a: Torterra
|-unboost|p2a: Torterra|def|1
|-unboost|p2a: Torterra|spd|1
|-boost|p2a: Torterra|atk|2
|-boost|p2a: Torterra|spa|2
|-boost|p2a: Torterra|spe|2
|move|p1a: Slowking|Ice Beam|p2a: Torterra
|-supereffective|p2a: Torterra
|-damage|p2a: Torterra|0 fnt
|faint|p2a: Torterra
|
|upkeep
|
|t:|1769363887
|switch|p2a: Gengar|Gengar, F|100/100
|turn|2
|
|t:|1769363890
|move|p2a: Gengar|Nasty Plot|p2a: Gengar
|-boost|p2a: Gengar|spa|2
|move|p1a: Slowking|Psyshock|p2a: Gengar
|-supereffective|p2a: Gengar
|-damage|p2a: Gengar|0 fnt
|-start|p1a: Slowking|Disable|Psyshock|[from] ability: Cursed Body|[of] p2a: Gengar
|faint|p2a: Gengar
|
|upkeep
|
|t:|1769363895
|switch|p2a: Mimikyu|Mimikyu, M|100/100
|turn|3
|
|t:|1769363897
|move|p2a: Mimikyu|Swords Dance|p2a: Mimikyu
|-boost|p2a: Mimikyu|atk|2
|move|p1a: Slowking|Sludge Bomb|p2a: Mimikyu
|-activate|p2a: Mimikyu|ability: Disguise
|-damage|p2a: Mimikyu|100/100
|detailschange|p2a: Mimikyu|Mimikyu-Busted, M
|-damage|p2a: Mimikyu|88/100|[from] pokemon: Mimikyu-Busted
|-enditem|p2a: Mimikyu|Red Card|[of] p1a: Slowking
|drag|p1a: Zamazenta|Zamazenta|100/100
|-ability|p1a: Zamazenta|Dauntless Shield|boost
|-boost|p1a: Zamazenta|def|1
|
|upkeep
|turn|4
|
|t:|1769363900
|move|p1a: Zamazenta|Iron Defense|p1a: Zamazenta
|-boost|p1a: Zamazenta|def|2
|move|p2a: Mimikyu|Play Rough|p1a: Zamazenta
|-supereffective|p1a: Zamazenta
|-damage|p1a: Zamazenta|56/100
|
|-heal|p1a: Zamazenta|62/100|[from] item: Leftovers
|upkeep
|turn|5
|
|t:|1769363903
|move|p2a: Mimikyu|Play Rough|p1a: Zamazenta
|-supereffective|p1a: Zamazenta
|-damage|p1a: Zamazenta|15/100
|move|p1a: Zamazenta|Roar|p2a: Mimikyu
|drag|p2a: Ninetales|Ninetales-Alola, M|100/100
|-weather|Snowscape|[from] ability: Snow Warning|[of] p2a: Ninetales
|
|-weather|Snowscape|[upkeep]
|-heal|p1a: Zamazenta|21/100|[from] item: Leftovers
|upkeep
|turn|6
|
|t:|1769363906
|move|p1a: Zamazenta|Body Press|p2a: Ninetales
|-damage|p2a: Ninetales|25/100
|move|p2a: Ninetales|Aurora Veil|p2a: Ninetales
|-sidestart|p2: itemlessonladder|move: Aurora Veil
|
|-weather|Snowscape|[upkeep]
|-heal|p1a: Zamazenta|27/100|[from] item: Leftovers
|upkeep
|turn|7
|
|t:|1769363910
|move|p1a: Zamazenta|Body Press|p2a: Ninetales
|-damage|p2a: Ninetales|0 fnt
|faint|p2a: Ninetales
|
|-weather|Snowscape|[upkeep]
|-heal|p1a: Zamazenta|33/100|[from] item: Leftovers
|upkeep
|
|t:|1769363914
|switch|p2a: Regidrago|Regidrago|100/100
|turn|8
|
|t:|1769363916
|switch|p1a: Tyranitar|Tyranitar, F|100/100
|-weather|Sandstorm|[from] ability: Sand Stream|[of] p1a: Tyranitar
|move|p2a: Regidrago|Dragon Dance|p2a: Regidrago
|-boost|p2a: Regidrago|atk|1
|-boost|p2a: Regidrago|spe|1
|
|-weather|Sandstorm|[upkeep]
|-damage|p2a: Regidrago|94/100|[from] Sandstorm
|-heal|p2a: Regidrago|100/100|[from] item: Leftovers
|upkeep
|turn|9
|
|t:|1769363919
|move|p2a: Regidrago|Dragon Dance|p2a: Regidrago
|-boost|p2a: Regidrago|atk|1
|-boost|p2a: Regidrago|spe|1
|move|p1a: Tyranitar|Knock Off|p2a: Regidrago
|-damage|p2a: Regidrago|76/100
|-enditem|p2a: Regidrago|Leftovers|[from] move: Knock Off|[of] p1a: Tyranitar
|
|-weather|Sandstorm|[upkeep]
|-damage|p2a: Regidrago|69/100|[from] Sandstorm
|upkeep
|turn|10
|
|t:|1769363927
|switch|p1a: Moltres|Moltres|100/100
|move|p2a: Regidrago|Dragon Dance|p2a: Regidrago
|-boost|p2a: Regidrago|atk|1
|-boost|p2a: Regidrago|spe|1
|
|-weather|Sandstorm|[upkeep]
|-damage|p2a: Regidrago|63/100|[from] Sandstorm
|-damage|p1a: Moltres|94/100|[from] Sandstorm
|upkeep
|turn|11
|j| Samurajen
|
|t:|1769363934
|-terastallize|p2a: Regidrago|Fire
|-terastallize|p1a: Moltres|Fairy
|move|p2a: Regidrago|Dragon Claw|p1a: Moltres
|-immune|p1a: Moltres
|move|p1a: Moltres|Roar|p2a: Regidrago
|drag|p2a: Mimikyu|Mimikyu-Busted, M|88/100
|
|-weather|Sandstorm|[upkeep]
|-damage|p2a: Mimikyu|82/100|[from] Sandstorm
|-damage|p1a: Moltres|88/100|[from] Sandstorm
|upkeep
|turn|12
|-message|itemlessonladder forfeited.
|
|win|CambridgeFoulPlay
|raw|CambridgeFoulPlay's rating: 1737 &rarr; <strong>1754</strong><br />(+17 for winning)
|raw|itemlessonladder's rating: 1681 &rarr; <strong>1664</strong><br />(-17 for losing)
|c|☆CambridgeFoulPlay|gg
|l|‽itemlessonladder
|player|p2|
