|j|☆Blitzie2024
|j|☆lukovisk
|t:|1769442096
|gametype|singles
|player|p1|Blitzie2024|hilbert-wonderlauncher|1234
|player|p2|lukovisk|101|1231
|gen|9
|tier|[Gen 9] OU
|rated|
|rule|HP Percentage Mod: HP is shown in percentages
|rule|Endless Battle Clause: Forcing endless battles is banned
|rule|Species Clause: Limit one of each Pokémon
|rule|OHKO Clause: OHKO moves are banned
|rule|Evasion Items Clause: Evasion items are banned
|rule|Evasion Moves Clause: Evasion moves are banned
|rule|Evasion Abilities Clause: Evasion abilities are banned
|rule|Sleep Moves Clause: Sleep-inducing moves are banned
|clearpoke
|poke|p1|Mabosstiff, M|
|poke|p1|Raging Bolt|
|poke|p1|Gliscor, M|
|poke|p1|Dondozo, F|
|poke|p1|Dragonite, M|
|poke|p1|Ursaring, M|
|poke|p2|Kingambit, F|
|poke|p2|Great Tusk|
|poke|p2|Samurott-Hisui, M|
|poke|p2|Iron Moth|
|poke|p2|Zapdos|
|poke|p2|Ninetales-Alola, M|
|teampreview
|inactive|Battle timer is ON: inactive players will automatically lose when time's up. (requested by lukovisk)
|
|t:|1769442107
|teamsize|p1|6
|teamsize|p2|6
|start
|switch|p1a: Ursaring|Ursaring, M|100/100
|switch|p2a: Great Tusk|Great Tusk|100/100
|turn|1
|
|t:|1769442124
|switch|p1a: Dondozo|Dondozo, F|100/100
|move|p2a: Great Tusk|Rapid Spin|p1a: Dondozo
|-damage|p1a: Dondozo|90/100
|-boost|p2a: Great Tusk|spe|1
|
|upkeep
|turn|2
|
|t:|1769442141
|-end|p2a: Great Tusk|Protosynthesis|[silent]
|switch|p2a: Zapdos|Zapdos|100/100
|move|p1a: Dondozo|Curse|p1a: Dondozo
|-unboost|p1a: Dondozo|spe|1
|-boost|p1a: Dondozo|atk|1
|-boost|p1a: Dondozo|def|1
|
|upkeep
|turn|3
|
|t:|1769442157
|move|p2a: Zapdos|Thunder Wave|p1a: Dondozo
|-status|p1a: Dondozo|par
|move|p1a: Dondozo|Avalanche|p2a: Zapdos
|-supereffective|p2a: Zapdos
|-damage|p2a: Zapdos|70/100
|
|upkeep
|turn|4
|
|t:|1769442165
|move|p2a: Zapdos|Volt Switch|p1a: Dondozo
|-supereffective|p1a: Dondozo
|-damage|p1a: Dondozo|51/100 par
|-enditem|p1a: Dondozo|Maranga Berry|[eat]
|-boost|p1a: Dondozo|spd|1|[from] item: Maranga Berry
|
|t:|1769442180
|switch|p2a: Samurott|Samurott-Hisui, M, shiny|100/100|[from] Volt Switch
|move|p1a: Dondozo|Avalanche|p2a: Samurott
|-resisted|p2a: Samurott
|-damage|p2a: Samurott|88/100
|
|upkeep
|turn|5
|
|t:|1769442190
|move|p2a: Samurott|Knock Off|p1a: Dondozo
|-damage|p1a: Dondozo|36/100 par
|move|p1a: Dondozo|Body Press|p2a: Samurott
|-supereffective|p2a: Samurott
|-damage|p2a: Samurott|22/100
|
|upkeep
|turn|6
|
|t:|1769442205
|move|p2a: Samurott|Ceaseless Edge|p1a: Dondozo
|-damage|p1a: Dondozo|18/100 par
|-sidestart|p1: Blitzie2024|Spikes
|move|p1a: Dondozo|Wave Crash|p2a: Samurott
|-resisted|p2a: Samurott
|-damage|p2a: Samurott|0 fnt
|faint|p2a: Samurott
|-damage|p1a: Dondozo|13/100 par|[from] Recoil
|
|upkeep
|
|t:|1769442215
|switch|p2a: Zapdos|Zapdos|70/100
|turn|7
|
|t:|1769442220
|switch|p1a: Gliscor|Gliscor, M|100/100
|move|p2a: Zapdos|Hurricane|p1a: Gliscor
|-damage|p1a: Gliscor|51/100
|-start|p1a: Gliscor|confusion
|
|-status|p1a: Gliscor|tox|[from] item: Toxic Orb
|upkeep
|turn|8
|
|t:|1769442232
|switch|p1a: Dondozo|Dondozo, F|13/100 par
|-damage|p1a: Dondozo|0 fnt|[from] Spikes
|faint|p1a: Dondozo
|switch|p2a: Ninetales|Ninetales-Alola, M|100/100
|-weather|Snowscape|[from] ability: Snow Warning|[of] p2a: Ninetales
|
|-weather|Snowscape|[upkeep]
|upkeep
|
|t:|1769442246
|switch|p1a: Ursaring|Ursaring, M|100/100
|-damage|p1a: Ursaring|88/100|[from] Spikes
|turn|9
|
|t:|1769442255
|move|p2a: Ninetales|Aurora Veil|p2a: Ninetales
|-sidestart|p2: lukovisk|move: Aurora Veil
|move|p1a: Ursaring|Bulk Up|p1a: Ursaring
|-boost|p1a: Ursaring|atk|1
|-boost|p1a: Ursaring|def|1
|
|-weather|Snowscape|[upkeep]
|upkeep
|turn|10
|
|t:|1769442263
|move|p2a: Ninetales|Encore|p1a: Ursaring
|-start|p1a: Ursaring|Encore
|move|p1a: Ursaring|Bulk Up|p1a: Ursaring
|-boost|p1a: Ursaring|atk|1
|-boost|p1a: Ursaring|def|1
|
|-weather|Snowscape|[upkeep]
|upkeep
|turn|11
|
|t:|1769442285
|switch|p2a: Zapdos|Zapdos|70/100
|switch|p1a: Raging Bolt|Raging Bolt|100/100
|-damage|p1a: Raging Bolt|88/100|[from] Spikes
|
|-weather|Snowscape|[upkeep]
|upkeep
|turn|12
|
|t:|1769442295
|move|p2a: Zapdos|Hurricane|p1a: Raging Bolt
|-resisted|p1a: Raging Bolt
|-damage|p1a: Raging Bolt|73/100
|-start|p1a: Raging Bolt|confusion
|-activate|p1a: Raging Bolt|confusion
|move|p1a: Raging Bolt|Calm Mind|p1a: Raging Bolt
|-boost|p1a: Raging Bolt|spa|1
|-boost|p1a: Raging Bolt|spd|1
|
|-weather|none
|upkeep
|turn|13
|
|t:|1769442313
|switch|p2a: Great Tusk|Great Tusk|100/100
|-end|p1a: Raging Bolt|confusion
|move|p1a: Raging Bolt|Discharge|p2a: Great Tusk
|-immune|p2a: Great Tusk
|
|upkeep
|turn|14
|
|t:|1769442328
|move|p2a: Great Tusk|Ice Spinner|p1a: Raging Bolt
|-supereffective|p1a: Raging Bolt
|-damage|p1a: Raging Bolt|36/100
|-enditem|p1a: Raging Bolt|Kee Berry|[eat]
|-boost|p1a: Raging Bolt|def|1|[from] item: Kee Berry
|move|p1a: Raging Bolt|Dragon Pulse|p2a: Great Tusk
|-damage|p2a: Great Tusk|58/100
|
|upkeep
|turn|15
|
|t:|1769442337
|move|p2a: Great Tusk|Headlong Rush|p1a: Raging Bolt
|-supereffective|p1a: Raging Bolt
|-damage|p1a: Raging Bolt|0 fnt
|-unboost|p2a: Great Tusk|def|1
|-unboost|p2a: Great Tusk|spd|1
|faint|p1a: Raging Bolt
|-end|p1a: Raging Bolt|Protosynthesis|[silent]
|
|upkeep
|
|t:|1769442351
|switch|p1a: Mabosstiff|Mabosstiff, M|100/100
|-damage|p1a: Mabosstiff|88/100|[from] Spikes
|-ability|p1a: Mabosstiff|Intimidate|boost
|-unboost|p2a: Great Tusk|atk|1
|turn|16
|
|t:|1769442367
|-end|p2a: Great Tusk|Protosynthesis|[silent]
|switch|p2a: Zapdos|Zapdos|70/100
|-terastallize|p1a: Mabosstiff|Bug
|move|p1a: Mabosstiff|Jaw Lock|p2a: Zapdos
|-damage|p2a: Zapdos|58/100
|-activate|p1a: Mabosstiff|trapped
|-activate|p2a: Zapdos|trapped
|
|-sideend|p2: lukovisk|move: Aurora Veil
|upkeep
|turn|17
|
|t:|1769442386
|move|p1a: Mabosstiff|Rest|p1a: Mabosstiff
|-status|p1a: Mabosstiff|slp|[from] move: Rest
|-heal|p1a: Mabosstiff|100/100 slp|[silent]
|move|p2a: Zapdos|Hurricane|p1a: Mabosstiff
|-supereffective|p1a: Mabosstiff
|-damage|p1a: Mabosstiff|0 fnt
|faint|p1a: Mabosstiff
|
|upkeep
|-message|Blitzie2024 forfeited.
|
|win|lukovisk
|raw|Blitzie2024's rating: 1234 &rarr; <strong>1209</strong><br />(-25 for losing)
|raw|lukovisk's rating: 1231 &rarr; <strong>1256</strong><br />(+25 for winning)
|l|☆Blitzie2024
|player|p1|
|l|☆lukovisk
|player|p2|
