|badge|p2|bronze|gen9ou|100-8
|uhtml|medal-msg|<div class="broadcast-blue">Curious what those medals under the avatar are? PS now has Ladder Seasons! For more information, check out the <a href="https://www.smogon.com/forums/threads/3740067/">thread on Smogon.</a></div>
|j|☆ilikeplayingroblox
|j|☆Iznamakin
|t:|1769447291
|gametype|singles
|player|p1|ilikeplayingroblox|allister|1721
|player|p2|Iznamakin|chase|1836
|gen|9
|tier|[Gen 9] OU
|rated|
|rule|HP Percentage Mod: HP is shown in percentages
|rule|Endless Battle Clause: Forcing endless battles is banned
|rule|Species Clause: Limit one of each Pokémon
|rule|OHKO Clause: OHKO moves are banned
|rule|Evasion Items Clause: Evasion items are banned
|rule|Evasion Moves Clause: Evasion moves are banned
|rule|Evasion Abilities Clause: Evasion abilities are banned
|rule|Sleep Moves Clause: Sleep-inducing moves are banned
|clearpoke
|poke|p1|Ninetales-Alola, F|
|poke|p1|Darkrai|
|poke|p1|Cinderace, M|
|poke|p1|Ceruledge, M|
|poke|p1|Kingambit, M|
|poke|p1|Kyurem|
|poke|p2|Darkrai|
|poke|p2|Deoxys-Speed|
|poke|p2|Raging Bolt|
|poke|p2|Kingambit, M|
|poke|p2|Iron Valiant|
|poke|p2|Great Tusk|
|teampreview
|inactive|Battle timer is ON: inactive players will automatically lose when time's up. (requested by Iznamakin)
|
|t:|1769447299
|teamsize|p1|6
|teamsize|p2|6
|start
|switch|p1a: Ceruledge|Ceruledge, M|100/100
|switch|p2a: Speedy Gonzales|Deoxys-Speed, shiny|100/100
|-ability|p2a: Speedy Gonzales|Pressure
|turn|1
|
|t:|1769447304
|move|p2a: Speedy Gonzales|Stealth Rock|p1a: Ceruledge
|-sidestart|p1: ilikeplayingroblox|move: Stealth Rock
|move|p1a: Ceruledge|Bitter Blade|p2a: Speedy Gonzales
|-damage|p2a: Speedy Gonzales|26/100
|
|upkeep
|turn|2
|
|t:|1769447311
|move|p2a: Speedy Gonzales|Psycho Boost|p1a: Ceruledge
|-damage|p1a: Ceruledge|14/100
|-unboost|p2a: Speedy Gonzales|spa|2
|-damage|p2a: Speedy Gonzales|16/100|[from] item: Life Orb
|move|p1a: Ceruledge|Swords Dance|p1a: Ceruledge
|-boost|p1a: Ceruledge|atk|2
|
|upkeep
|turn|3
|
|t:|1769447315
|move|p1a: Ceruledge|Shadow Sneak|p2a: Speedy Gonzales
|-supereffective|p2a: Speedy Gonzales
|-damage|p2a: Speedy Gonzales|0 fnt
|faint|p2a: Speedy Gonzales
|
|upkeep
|
|t:|1769447316
|switch|p2a: IMU|Darkrai|100/100
|turn|4
|
|t:|1769447318
|move|p1a: Ceruledge|Shadow Sneak|p2a: IMU
|-resisted|p2a: IMU
|-damage|p2a: IMU|72/100
|move|p2a: IMU|Dark Pulse|p1a: Ceruledge
|-supereffective|p1a: Ceruledge
|-damage|p1a: Ceruledge|0 fnt
|faint|p1a: Ceruledge
|
|upkeep
|
|t:|1769447324
|switch|p1a: Darkrai|Darkrai|100/100
|-damage|p1a: Darkrai|88/100|[from] Stealth Rock
|turn|5
|
|t:|1769447327
|move|p1a: Darkrai|Sludge Bomb|p2a: IMU
|-damage|p2a: IMU|26/100
|-status|p2a: IMU|psn
|move|p2a: IMU|Sludge Bomb|p1a: Darkrai
|-damage|p1a: Darkrai|47/100
|
|-damage|p2a: IMU|14/100 psn|[from] psn
|upkeep
|turn|6
|
|t:|1769447335
|switch|p1a: Kingambit|Kingambit, M|100/100
|-damage|p1a: Kingambit|94/100|[from] Stealth Rock
|-activate|p1a: Kingambit|ability: Supreme Overlord
|-start|p1a: Kingambit|fallen1|[silent]
|move|p2a: IMU|Sludge Bomb|p1a: Kingambit
|-immune|p1a: Kingambit
|
|-damage|p2a: IMU|2/100 psn|[from] psn
|upkeep
|turn|7
|
|t:|1769447338
|move|p1a: Kingambit|Sucker Punch|p2a: IMU
|-resisted|p2a: IMU
|-damage|p2a: IMU|0 fnt
|faint|p2a: IMU
|
|upkeep
|
|t:|1769447340
|switch|p2a: BROTD|Great Tusk, shiny|100/100
|-enditem|p2a: BROTD|Booster Energy
|-activate|p2a: BROTD|ability: Protosynthesis|[fromitem]
|-start|p2a: BROTD|protosynthesisspe
|turn|8
|
|t:|1769447346
|-end|p1a: Kingambit|fallen1|[silent]
|switch|p1a: Darkrai|Darkrai|47/100
|-damage|p1a: Darkrai|35/100|[from] Stealth Rock
|move|p2a: BROTD|Bulk Up|p2a: BROTD
|-boost|p2a: BROTD|atk|1
|-boost|p2a: BROTD|def|1
|
|upkeep
|turn|9
|
|t:|1769447349
|move|p2a: BROTD|Headlong Rush|p1a: Darkrai
|-damage|p1a: Darkrai|0 fnt
|-unboost|p2a: BROTD|def|1
|-unboost|p2a: BROTD|spd|1
|faint|p1a: Darkrai
|
|upkeep
|
|t:|1769447352
|switch|p1a: Kyurem|Kyurem|100/100
|-damage|p1a: Kyurem|76/100|[from] Stealth Rock
|-ability|p1a: Kyurem|Pressure
|turn|10
|
|t:|1769447359
|move|p1a: Kyurem|Ice Beam|p2a: BROTD
|-supereffective|p2a: BROTD
|-damage|p2a: BROTD|0 fnt
|faint|p2a: BROTD
|-end|p2a: BROTD|Protosynthesis|[silent]
|
|upkeep
|
|t:|1769447365
|switch|p2a: 🎭|Iron Valiant, shiny|100/100
|-enditem|p2a: 🎭|Booster Energy
|-activate|p2a: 🎭|ability: Quark Drive|[fromitem]
|-start|p2a: 🎭|quarkdrivespe
|turn|11
|
|t:|1769447380
|move|p2a: 🎭|Calm Mind|p2a: 🎭
|-boost|p2a: 🎭|spa|1
|-boost|p2a: 🎭|spd|1
|move|p1a: Kyurem|Ice Beam|p2a: 🎭
|-damage|p2a: 🎭|41/100
|-status|p2a: 🎭|frz
|
|upkeep
|turn|12
|
|t:|1769447383
|cant|p2a: 🎭|frz
|move|p1a: Kyurem|Ice Beam|p2a: 🎭
|-damage|p2a: 🎭|0 fnt
|faint|p2a: 🎭
|-end|p2a: 🎭|Quark Drive|[silent]
|
|upkeep
|
|t:|1769447385
|switch|p2a: Mihawk|Kingambit, M|100/100
|-activate|p2a: Mihawk|ability: Supreme Overlord
|-start|p2a: Mihawk|fallen4|[silent]
|turn|13
|
|t:|1769447389
|switch|p1a: Cinderace|Cinderace, M|100/100
|move|p2a: Mihawk|Iron Head|p1a: Cinderace
|-resisted|p1a: Cinderace
|-damage|p1a: Cinderace|54/100
|
|upkeep
|turn|14
|
|t:|1769447394
|-end|p2a: Mihawk|fallen4|[silent]
|switch|p2a: Hito no mi Model⚡️|Raging Bolt|100/100
|-enditem|p2a: Hito no mi Model⚡️|Booster Energy
|-activate|p2a: Hito no mi Model⚡️|ability: Protosynthesis|[fromitem]
|-start|p2a: Hito no mi Model⚡️|protosynthesisspa
|move|p1a: Cinderace|Pyro Ball|p2a: Hito no mi Model⚡️
|-resisted|p2a: Hito no mi Model⚡️
|-crit|p2a: Hito no mi Model⚡️
|-damage|p2a: Hito no mi Model⚡️|62/100
|
|upkeep
|turn|15
|
|t:|1769447398
|move|p1a: Cinderace|Will-O-Wisp|p2a: Hito no mi Model⚡️
|-status|p2a: Hito no mi Model⚡️|brn
|move|p2a: Hito no mi Model⚡️|Thunderbolt|p1a: Cinderace
|-damage|p1a: Cinderace|0 fnt
|faint|p1a: Cinderace
|
|-damage|p2a: Hito no mi Model⚡️|56/100 brn|[from] brn
|upkeep
|
|t:|1769447403
|switch|p1a: Ninetales|Ninetales-Alola, F|100/100
|-damage|p1a: Ninetales|76/100|[from] Stealth Rock
|-weather|Snowscape|[from] ability: Snow Warning|[of] p1a: Ninetales
|turn|16
|
|t:|1769447414
|move|p1a: Ninetales|Aurora Veil|p1a: Ninetales
|-sidestart|p1: ilikeplayingroblox|move: Aurora Veil
|move|p2a: Hito no mi Model⚡️|Thunderbolt|p1a: Ninetales
|-damage|p1a: Ninetales|33/100
|
|-weather|Snowscape|[upkeep]
|-damage|p2a: Hito no mi Model⚡️|50/100 brn|[from] brn
|upkeep
|turn|17
|
|t:|1769447421
|move|p2a: Hito no mi Model⚡️|Thunderclap|p1a: Ninetales
|-damage|p1a: Ninetales|4/100
|move|p1a: Ninetales|Freeze-Dry|p2a: Hito no mi Model⚡️
|-supereffective|p2a: Hito no mi Model⚡️
|-damage|p2a: Hito no mi Model⚡️|0 fnt
|faint|p2a: Hito no mi Model⚡️
|-end|p2a: Hito no mi Model⚡️|Protosynthesis|[silent]
|
|-weather|Snowscape|[upkeep]
|upkeep
|
|t:|1769447426
|switch|p2a: Mihawk|Kingambit, M|100/100
|-activate|p2a: Mihawk|ability: Supreme Overlord
|-start|p2a: Mihawk|fallen5|[silent]
|turn|18
|
|t:|1769447429
|move|p1a: Ninetales|Freeze-Dry|p2a: Mihawk
|-resisted|p2a: Mihawk
|-damage|p2a: Mihawk|86/100
|move|p2a: Mihawk|Kowtow Cleave|p1a: Ninetales
|-resisted|p1a: Ninetales
|-damage|p1a: Ninetales|0 fnt
|faint|p1a: Ninetales
|
|-weather|Snowscape|[upkeep]
|upkeep
|
|t:|1769447434
|switch|p1a: Kyurem|Kyurem|76/100
|-damage|p1a: Kyurem|51/100|[from] Stealth Rock
|-ability|p1a: Kyurem|Pressure
|turn|19
|
|t:|1769447446
|-terastallize|p2a: Mihawk|Dark
|move|p1a: Kyurem|Ice Beam|p2a: Mihawk
|-damage|p2a: Mihawk|30/100
|move|p2a: Mihawk|Swords Dance|p2a: Mihawk
|-boost|p2a: Mihawk|atk|2
|
|-weather|Snowscape|[upkeep]
|upkeep
|turn|20
|
|t:|1769447453
|move|p2a: Mihawk|Sucker Punch|p1a: Kyurem
|-damage|p1a: Kyurem|0 fnt
|faint|p1a: Kyurem
|
|-weather|none
|upkeep
|
|t:|1769447455
|switch|p1a: Kingambit|Kingambit, M|94/100
|-damage|p1a: Kingambit|88/100|[from] Stealth Rock
|-activate|p1a: Kingambit|ability: Supreme Overlord
|-start|p1a: Kingambit|fallen5|[silent]
|turn|21
|
|t:|1769447464
|-terastallize|p1a: Kingambit|Dark
|move|p2a: Mihawk|Iron Head|p1a: Kingambit
|-damage|p1a: Kingambit|34/100
|move|p1a: Kingambit|Kowtow Cleave|p2a: Mihawk
|-resisted|p2a: Mihawk
|-damage|p2a: Mihawk|0 fnt
|faint|p2a: Mihawk
|-end|p2a: Mihawk|fallen5|[silent]
|
|win|ilikeplayingroblox
|raw|ilikeplayingroblox's rating: 1721 &rarr; <strong>1747</strong><br />(+26 for winning)
|raw|Iznamakin's rating: 1836 &rarr; <strong>1810</strong><br />(-26 for losing)
|l|☆Iznamakin
|player|p2|
|l|☆ilikeplayingroblox
|player|p1|
