|j|☆Chessmaster 2000
|j|☆animals
|t:|1769363560
|gametype|singles
|player|p1|Chessmaster 2000|scientist-gen4|1365
|player|p2|animals|lady-gen4|1406
|gen|9
|tier|[Gen 9] OU
|rated|
|rule|HP Percentage Mod: HP is shown in percentages
|rule|Endless Battle Clause: Forcing endless battles is banned
|rule|Species Clause: Limit one of each Pokémon
|rule|OHKO Clause: OHKO moves are banned
|rule|Evasion Items Clause: Evasion items are banned
|rule|Evasion Moves Clause: Evasion moves are banned
|rule|Evasion Abilities Clause: Evasion abilities are banned
|rule|Sleep Moves Clause: Sleep-inducing moves are banned
|clearpoke
|poke|p1|Entei|
|poke|p1|Kingambit, M|
|poke|p1|Great Tusk|
|poke|p1|Ogerpon-Wellspring, F|
|poke|p1|Raging Bolt|
|poke|p1|Darkrai|
|poke|p2|Tyranitar, M|
|poke|p2|Gholdengo|
|poke|p2|Ogerpon-Cornerstone, F|
|poke|p2|Moltres|
|poke|p2|Excadrill, M|
|poke|p2|Dragapult, F|
|teampreview
|inactive|Battle timer is ON: inactive players will automatically lose when time's up. (requested by animals)
|
|t:|1769363577
|teamsize|p1|6
|teamsize|p2|6
|start
|switch|p1a: Ogerpon|Ogerpon-Wellspring, F|100/100
|switch|p2a: Dragapult|Dragapult, F|100/100
|turn|1
|
|t:|1769363584
|move|p2a: Dragapult|U-turn|p1a: Ogerpon
|-supereffective|p1a: Ogerpon
|-damage|p1a: Ogerpon|52/100
|
|t:|1769363591
|switch|p2a: Gholdengo|Gholdengo|100/100|[from] U-turn
|move|p1a: Ogerpon|Trailblaze|p2a: Gholdengo
|-resisted|p2a: Gholdengo
|-damage|p2a: Gholdengo|90/100
|-boost|p1a: Ogerpon|spe|1
|
|-heal|p2a: Gholdengo|97/100|[from] item: Leftovers
|upkeep
|turn|2
|
|t:|1769363601
|move|p1a: Ogerpon|Ivy Cudgel|p2a: Gholdengo|[anim] Ivy Cudgel Water
|-damage|p2a: Gholdengo|57/100
|move|p2a: Gholdengo|Shadow Ball|p1a: Ogerpon
|-damage|p1a: Ogerpon|14/100
|
|-heal|p2a: Gholdengo|63/100|[from] item: Leftovers
|upkeep
|turn|3
|
|t:|1769363609
|move|p1a: Ogerpon|Ivy Cudgel|p2a: Gholdengo|[anim] Ivy Cudgel Water
|-damage|p2a: Gholdengo|23/100
|move|p2a: Gholdengo|Recover|p2a: Gholdengo
|-heal|p2a: Gholdengo|73/100
|
|-heal|p2a: Gholdengo|79/100|[from] item: Leftovers
|upkeep
|turn|4
|
|t:|1769363613
|move|p1a: Ogerpon|Ivy Cudgel|p2a: Gholdengo|[anim] Ivy Cudgel Water
|-damage|p2a: Gholdengo|36/100
|move|p2a: Gholdengo|Recover|p2a: Gholdengo
|-heal|p2a: Gholdengo|86/100
|
|-heal|p2a: Gholdengo|92/100|[from] item: Leftovers
|upkeep
|turn|5
|
|t:|1769363621
|move|p1a: Ogerpon|Swords Dance|p1a: Ogerpon
|-boost|p1a: Ogerpon|atk|2
|move|p2a: Gholdengo|Shadow Ball|p1a: Ogerpon
|-damage|p1a: Ogerpon|0 fnt
|faint|p1a: Ogerpon
|
|-heal|p2a: Gholdengo|98/100|[from] item: Leftovers
|upkeep
|
|t:|1769363625
|switch|p1a: Entei|Entei|100/100
|turn|6
|
|t:|1769363637
|switch|p2a: Moltres|Moltres|100/100
|move|p1a: Entei|Sacred Fire|p2a: Moltres
|-resisted|p2a: Moltres
|-damage|p2a: Moltres|82/100
|
|upkeep
|turn|7
|
|t:|1769363643
|move|p1a: Entei|Swagger|p2a: Moltres
|-boost|p2a: Moltres|atk|2
|-start|p2a: Moltres|confusion
|-enditem|p1a: Entei|Mirror Herb
|-boost|p1a: Entei|atk|2|[from] item: Mirror Herb
|-activate|p2a: Moltres|confusion
|move|p2a: Moltres|U-turn|p1a: Entei
|-resisted|p1a: Entei
|-damage|p1a: Entei|84/100
|
|t:|1769363657
|switch|p2a: Ogerpon|Ogerpon-Cornerstone, F|100/100|[from] U-turn
|
|upkeep
|turn|8
|inactive|Chessmaster 2000 has 120 seconds left.
|inactive|Chessmaster 2000 has 90 seconds left.
|l|☆Chessmaster 2000
|inactive|Chessmaster 2000 disconnected and has a minute to reconnect!
|player|p1|
|inactive|Chessmaster 2000 has 30 seconds to reconnect!
|inactive|Chessmaster 2000 has 20 seconds to reconnect!
|inactive|Chessmaster 2000 has 15 seconds to reconnect!
|inactive|Chessmaster 2000 has 10 seconds to reconnect!
|inactive|Chessmaster 2000 has 5 seconds to reconnect!
|-message|Chessmaster 2000 lost due to inactivity.
|
|win|animals
|raw|Chessmaster 2000's rating: 1365 &rarr; <strong>1347</strong><br />(-18 for losing)
|raw|animals's rating: 1406 &rarr; <strong>1424</strong><br />(+18 for winning)
|l|☆animals
|player|p2|
