|badge|p1|bronze|gen9ou|100-8
|uhtml|medal-msg|<div class="broadcast-blue">Curious what those medals under the avatar are? PS now has Ladder Seasons! For more information, check out the <a href="https://www.smogon.com/forums/threads/3740067/">thread on Smogon.</a></div>
|badge|p2|bronze|gen9ou|100-8
|uhtml|medal-msg|<div class="broadcast-blue">Curious what those medals under the avatar are? PS now has Ladder Seasons! For more information, check out the <a href="https://www.smogon.com/forums/threads/3740067/">thread on Smogon.</a></div>
|j|☆CambridgeFoulPlay
|j|☆oh YEAAHH!!
|t:|1769347374
|gametype|singles
|player|p1|CambridgeFoulPlay|266|1773
|player|p2|oh YEAAHH!!|170|1852
|gen|9
|tier|[Gen 9] OU
|rated|
|rule|HP Percentage Mod: HP is shown in percentages
|rule|Endless Battle Clause: Forcing endless battles is banned
|rule|Species Clause: Limit one of each Pokémon
|rule|OHKO Clause: OHKO moves are banned
|rule|Evasion Items Clause: Evasion items are banned
|rule|Evasion Moves Clause: Evasion moves are banned
|rule|Evasion Abilities Clause: Evasion abilities are banned
|rule|Sleep Moves Clause: Sleep-inducing moves are banned
|clearpoke
|poke|p1|Hydrapple, M|
|poke|p1|Tyranitar, F|
|poke|p1|Moltres|
|poke|p1|Zamazenta-*|
|poke|p1|Slowking-Galar, F|
|poke|p1|Excadrill, F|
|poke|p2|Dragapult, F|
|poke|p2|Kyurem|
|poke|p2|Tornadus-Therian, M|
|poke|p2|Zamazenta-*|
|poke|p2|Iron Treads|
|poke|p2|Hatterene, F|
|teampreview
|c|☆CambridgeFoulPlay|hf
|inactive|Battle timer is ON: inactive players will automatically lose when time's up. (requested by CambridgeFoulPlay)
|j| hbgzd
|inactive|oh YEAAHH!! has 120 seconds left.
|
|t:|1769347427
|teamsize|p1|6
|teamsize|p2|6
|start
|switch|p1a: Zamazenta|Zamazenta|100/100
|switch|p2a: Dragapult|Dragapult, F|100/100
|-ability|p1a: Zamazenta|Dauntless Shield|boost
|-boost|p1a: Zamazenta|def|1
|turn|1
|
|t:|1769347437
|move|p2a: Dragapult|U-turn|p1a: Zamazenta
|-resisted|p1a: Zamazenta
|-damage|p1a: Zamazenta|92/100
|
|t:|1769347442
|switch|p2a: Hatterene|Hatterene, F|100/100|[from] U-turn
|move|p1a: Zamazenta|Crunch|p2a: Hatterene
|-damage|p2a: Hatterene|83/100
|
|-heal|p1a: Zamazenta|98/100|[from] item: Leftovers
|-heal|p2a: Hatterene|89/100|[from] item: Leftovers
|upkeep
|turn|2
|
|t:|1769347449
|switch|p1a: Slowking|Slowking-Galar, F|100/100
|move|p2a: Hatterene|Future Sight|p1a: Slowking
|-start|p2a: Hatterene|move: Future Sight
|
|-heal|p2a: Hatterene|95/100|[from] item: Leftovers
|upkeep
|turn|3
|
|t:|1769347452
|switch|p2a: Iron Treads|Iron Treads|100/100
|move|p1a: Slowking|Sludge Bomb|p2a: Iron Treads
|-immune|p2a: Iron Treads
|
|upkeep
|turn|4
|
|t:|1769347461
|move|p2a: Iron Treads|Knock Off|p1a: Slowking
|-supereffective|p1a: Slowking
|-damage|p1a: Slowking|61/100
|-enditem|p1a: Slowking|Assault Vest|[from] move: Knock Off|[of] p2a: Iron Treads
|move|p1a: Slowking|Flamethrower|p2a: Iron Treads
|-supereffective|p2a: Iron Treads
|-damage|p2a: Iron Treads|60/100
|
|-end|p1a: Slowking|move: Future Sight
|-damage|p1a: Slowking|16/100
|-heal|p2a: Iron Treads|67/100|[from] item: Leftovers
|upkeep
|turn|5
|
|t:|1769347468
|switch|p1a: Zamazenta|Zamazenta|98/100
|move|p2a: Iron Treads|Stealth Rock|p1a: Zamazenta
|-sidestart|p1: CambridgeFoulPlay|move: Stealth Rock
|
|-heal|p1a: Zamazenta|100/100|[from] item: Leftovers
|-heal|p2a: Iron Treads|73/100|[from] item: Leftovers
|upkeep
|turn|6
|
|t:|1769347474
|-end|p2a: Iron Treads|Quark Drive|[silent]
|switch|p2a: Tornadus|Tornadus-Therian, M|100/100
|move|p1a: Zamazenta|Body Press|p2a: Tornadus
|-resisted|p2a: Tornadus
|-damage|p2a: Tornadus|78/100
|
|upkeep
|turn|7
|
|t:|1769347480
|switch|p1a: Tyranitar|Tyranitar, F|100/100
|-damage|p1a: Tyranitar|88/100|[from] Stealth Rock
|-weather|Sandstorm|[from] ability: Sand Stream|[of] p1a: Tyranitar
|move|p2a: Tornadus|Knock Off|p1a: Tyranitar
|-resisted|p1a: Tyranitar
|-damage|p1a: Tyranitar|80/100
|-enditem|p1a: Tyranitar|Smooth Rock|[from] move: Knock Off|[of] p2a: Tornadus
|
|-weather|Sandstorm|[upkeep]
|-damage|p2a: Tornadus|72/100|[from] Sandstorm
|upkeep
|turn|8
|j| pooheadahh
|
|t:|1769347483
|move|p2a: Tornadus|U-turn|p1a: Tyranitar
|-supereffective|p1a: Tyranitar
|-damage|p1a: Tyranitar|57/100
|
|t:|1769347487
|switch|p2a: Hatterene|Hatterene, F|95/100|[from] U-turn
|move|p1a: Tyranitar|Knock Off|p2a: Hatterene
|-damage|p2a: Hatterene|60/100
|-enditem|p2a: Hatterene|Leftovers|[from] move: Knock Off|[of] p1a: Tyranitar
|
|-weather|Sandstorm|[upkeep]
|-damage|p2a: Hatterene|54/100|[from] Sandstorm
|upkeep
|turn|9
|
|t:|1769347494
|move|p1a: Tyranitar|Knock Off|p2a: Hatterene
|-damage|p2a: Hatterene|29/100
|move|p2a: Hatterene|Future Sight|p1a: Tyranitar
|-start|p2a: Hatterene|move: Future Sight
|
|-weather|Sandstorm|[upkeep]
|-damage|p2a: Hatterene|23/100|[from] Sandstorm
|upkeep
|turn|10
|
|t:|1769347509
|move|p1a: Tyranitar|Knock Off|p2a: Hatterene
|-damage|p2a: Hatterene|0 fnt
|faint|p2a: Hatterene
|
|-weather|Sandstorm|[upkeep]
|upkeep
|
|t:|1769347516
|switch|p2a: Dragapult|Dragapult, F|100/100
|turn|11
|
|t:|1769347519
|move|p2a: Dragapult|Dragon Darts|p1a: Tyranitar
|-damage|p1a: Tyranitar|31/100
|-anim|p2a: Dragapult|Dragon Darts|p1a: Tyranitar
|-damage|p1a: Tyranitar|1/100
|move|p1a: Tyranitar|Knock Off|p2a: Dragapult
|-supereffective|p2a: Dragapult
|-damage|p2a: Dragapult|0 fnt
|-enditem|p2a: Dragapult|Choice Band|[from] move: Knock Off|[of] p1a: Tyranitar
|faint|p2a: Dragapult
|
|-weather|Sandstorm|[upkeep]
|-end|p1a: Tyranitar|move: Future Sight
|-immune|p1a: Tyranitar
|upkeep
|
|t:|1769347543
|switch|p2a: Kyurem|Kyurem|100/100
|-ability|p2a: Kyurem|Pressure
|turn|12
|
|t:|1769347546
|move|p2a: Kyurem|Ice Beam|p1a: Tyranitar
|-damage|p1a: Tyranitar|0 fnt
|faint|p1a: Tyranitar
|
|-weather|Sandstorm|[upkeep]
|-damage|p2a: Kyurem|94/100|[from] Sandstorm
|upkeep
|
|t:|1769347548
|switch|p1a: Zamazenta|Zamazenta|100/100
|-damage|p1a: Zamazenta|94/100|[from] Stealth Rock
|turn|13
|
|t:|1769347554
|switch|p2a: Tornadus|Tornadus-Therian, M|100/100
|move|p1a: Zamazenta|Iron Defense|p1a: Zamazenta
|-boost|p1a: Zamazenta|def|2
|
|-weather|Sandstorm|[upkeep]
|-damage|p1a: Zamazenta|88/100|[from] Sandstorm
|-damage|p2a: Tornadus|94/100|[from] Sandstorm
|-heal|p1a: Zamazenta|94/100|[from] item: Leftovers
|upkeep
|turn|14
|
|t:|1769347558
|-terastallize|p1a: Zamazenta|Fire
|move|p1a: Zamazenta|Body Press|p2a: Tornadus
|-resisted|p2a: Tornadus
|-damage|p2a: Tornadus|50/100
|move|p2a: Tornadus|Bleakwind Storm|p1a: Zamazenta
|-damage|p1a: Zamazenta|59/100
|-unboost|p1a: Zamazenta|spe|1
|
|-weather|none
|-heal|p1a: Zamazenta|65/100|[from] item: Leftovers
|upkeep
|turn|15
|
|t:|1769347571
|move|p2a: Tornadus|U-turn|p1a: Zamazenta
|-resisted|p1a: Zamazenta
|-damage|p1a: Zamazenta|62/100
|
|t:|1769347579
|switch|p2a: Zamazenta|Zamazenta|100/100|[from] U-turn
|-ability|p2a: Zamazenta|Dauntless Shield|boost
|-boost|p2a: Zamazenta|def|1
|move|p1a: Zamazenta|Body Press|p2a: Zamazenta
|-damage|p2a: Zamazenta|60/100
|
|-heal|p1a: Zamazenta|68/100|[from] item: Leftovers
|upkeep
|turn|16
|
|t:|1769347581
|move|p2a: Zamazenta|Iron Defense|p2a: Zamazenta
|-boost|p2a: Zamazenta|def|2
|move|p1a: Zamazenta|Body Press|p2a: Zamazenta
|-damage|p2a: Zamazenta|34/100
|
|-heal|p1a: Zamazenta|75/100|[from] item: Leftovers
|upkeep
|turn|17
|
|t:|1769347584
|move|p2a: Zamazenta|Iron Defense|p2a: Zamazenta
|-boost|p2a: Zamazenta|def|2
|move|p1a: Zamazenta|Roar|p2a: Zamazenta
|drag|p2a: Kyurem|Kyurem|94/100
|-ability|p2a: Kyurem|Pressure
|
|-heal|p1a: Zamazenta|81/100|[from] item: Leftovers
|upkeep
|turn|18
|
|t:|1769347592
|move|p2a: Kyurem|Earth Power|p1a: Zamazenta
|-supereffective|p1a: Zamazenta
|-damage|p1a: Zamazenta|0 fnt
|faint|p1a: Zamazenta
|
|upkeep
|
|t:|1769347594
|switch|p1a: Excadrill|Excadrill, F|100/100
|-damage|p1a: Excadrill|97/100|[from] Stealth Rock
|-item|p1a: Excadrill|Air Balloon
|turn|19
|
|t:|1769347606
|switch|p2a: Iron Treads|Iron Treads|73/100
|move|p1a: Excadrill|Rapid Spin|p2a: Iron Treads
|-resisted|p2a: Iron Treads
|-damage|p2a: Iron Treads|66/100
|-boost|p1a: Excadrill|spe|1
|-sideend|p1: CambridgeFoulPlay|Stealth Rock|[from] move: Rapid Spin|[of] p1a: Excadrill
|
|-heal|p2a: Iron Treads|73/100|[from] item: Leftovers
|upkeep
|turn|20
|
|t:|1769347616
|-terastallize|p2a: Iron Treads|Grass
|move|p1a: Excadrill|Swords Dance|p1a: Excadrill
|-boost|p1a: Excadrill|atk|2
|move|p2a: Iron Treads|Rapid Spin|p1a: Excadrill
|-resisted|p1a: Excadrill
|-damage|p1a: Excadrill|88/100
|-boost|p2a: Iron Treads|spe|1
|-enditem|p1a: Excadrill|Air Balloon
|
|-heal|p2a: Iron Treads|79/100|[from] item: Leftovers
|upkeep
|turn|21
|
|t:|1769347629
|move|p1a: Excadrill|Iron Head|p2a: Iron Treads
|-damage|p2a: Iron Treads|11/100
|move|p2a: Iron Treads|Earthquake|p1a: Excadrill
|-supereffective|p1a: Excadrill
|-damage|p1a: Excadrill|0 fnt
|faint|p1a: Excadrill
|
|-heal|p2a: Iron Treads|17/100|[from] item: Leftovers
|upkeep
|
|t:|1769347631
|switch|p1a: Moltres|Moltres|100/100
|turn|22
|
|t:|1769347648
|-end|p2a: Iron Treads|Quark Drive|[silent]
|switch|p2a: Tornadus|Tornadus-Therian, M|84/100
|move|p1a: Moltres|Roar|p2a: Tornadus
|drag|p2a: Zamazenta|Zamazenta|34/100
|
|upkeep
|turn|23
|
|t:|1769347652
|switch|p2a: Tornadus|Tornadus-Therian, M|100/100
|move|p1a: Moltres|Roar|p2a: Tornadus
|drag|p2a: Zamazenta|Zamazenta|34/100
|
|upkeep
|turn|24
|
|t:|1769347654
|switch|p2a: Tornadus|Tornadus-Therian, M|100/100
|move|p1a: Moltres|Roar|p2a: Tornadus
|drag|p2a: Iron Treads|Iron Treads, tera:Grass|17/100
|
|-heal|p2a: Iron Treads|23/100|[from] item: Leftovers
|upkeep
|turn|25
|
|t:|1769347658
|-end|p2a: Iron Treads|Quark Drive|[silent]
|switch|p2a: Tornadus|Tornadus-Therian, M|100/100
|move|p1a: Moltres|Roar|p2a: Tornadus
|drag|p2a: Zamazenta|Zamazenta|34/100
|
|upkeep
|turn|26
|
|t:|1769347662
|switch|p2a: Tornadus|Tornadus-Therian, M|100/100
|move|p1a: Moltres|Roar|p2a: Tornadus
|drag|p2a: Zamazenta|Zamazenta|34/100
|
|upkeep
|turn|27
|
|t:|1769347664
|switch|p2a: Tornadus|Tornadus-Therian, M|100/100
|move|p1a: Moltres|Roar|p2a: Tornadus
|drag|p2a: Iron Treads|Iron Treads, tera:Grass|23/100
|
|-heal|p2a: Iron Treads|29/100|[from] item: Leftovers
|upkeep
|turn|28
|
|t:|1769347670
|-end|p2a: Iron Treads|Quark Drive|[silent]
|switch|p2a: Tornadus|Tornadus-Therian, M|100/100
|move|p1a: Moltres|Roar|p2a: Tornadus
|drag|p2a: Zamazenta|Zamazenta|34/100
|
|upkeep
|turn|29
|
|t:|1769347673
|switch|p2a: Tornadus|Tornadus-Therian, M|100/100
|move|p1a: Moltres|Roar|p2a: Tornadus
|drag|p2a: Kyurem|Kyurem|94/100
|-ability|p2a: Kyurem|Pressure
|
|upkeep
|turn|30
|
|t:|1769347677
|switch|p2a: Tornadus|Tornadus-Therian, M|100/100
|move|p1a: Moltres|Roar|p2a: Tornadus
|drag|p2a: Iron Treads|Iron Treads, tera:Grass|29/100
|
|-heal|p2a: Iron Treads|36/100|[from] item: Leftovers
|upkeep
|turn|31
|
|t:|1769347680
|-end|p2a: Iron Treads|Quark Drive|[silent]
|switch|p2a: Tornadus|Tornadus-Therian, M|100/100
|move|p1a: Moltres|Roar|p2a: Tornadus
|drag|p2a: Zamazenta|Zamazenta|34/100
|
|upkeep
|turn|32
|
|t:|1769347683
|switch|p2a: Tornadus|Tornadus-Therian, M|100/100
|move|p1a: Moltres|Roar|p2a: Tornadus
|drag|p2a: Zamazenta|Zamazenta|34/100
|
|upkeep
|turn|33
|
|t:|1769347686
|switch|p2a: Tornadus|Tornadus-Therian, M|100/100
|move|p1a: Moltres|Flamethrower|p2a: Tornadus
|-damage|p2a: Tornadus|83/100
|-status|p2a: Tornadus|brn
|
|-damage|p2a: Tornadus|77/100 brn|[from] brn
|upkeep
|turn|34
|
|t:|1769347689
|move|p2a: Tornadus|Knock Off|p1a: Moltres
|-damage|p1a: Moltres|93/100
|-enditem|p1a: Moltres|Heavy-Duty Boots|[from] move: Knock Off|[of] p2a: Tornadus
|move|p1a: Moltres|Roar|p2a: Tornadus
|drag|p2a: Kyurem|Kyurem|94/100
|-ability|p2a: Kyurem|Pressure
|
|upkeep
|turn|35
|
|t:|1769347697
|switch|p2a: Tornadus|Tornadus-Therian, M|100/100 brn
|move|p1a: Moltres|Roar|p2a: Tornadus
|drag|p2a: Kyurem|Kyurem|94/100
|-ability|p2a: Kyurem|Pressure
|
|upkeep
|turn|36
|j| FirstLightSoulja
|
|t:|1769347702
|switch|p2a: Tornadus|Tornadus-Therian, M|100/100 brn
|move|p1a: Moltres|Roar|p2a: Tornadus
|drag|p2a: Iron Treads|Iron Treads, tera:Grass|36/100
|
|-heal|p2a: Iron Treads|42/100|[from] item: Leftovers
|upkeep
|turn|37
|
|t:|1769347705
|-end|p2a: Iron Treads|Quark Drive|[silent]
|switch|p2a: Tornadus|Tornadus-Therian, M|100/100 brn
|move|p1a: Moltres|Roost|p1a: Moltres
|-heal|p1a: Moltres|100/100
|-singleturn|p1a: Moltres|move: Roost
|
|-damage|p2a: Tornadus|94/100 brn|[from] brn
|upkeep
|turn|38
|
|t:|1769347707
|move|p2a: Tornadus|Bleakwind Storm|p1a: Moltres
|-damage|p1a: Moltres|64/100
|move|p1a: Moltres|Roar|p2a: Tornadus
|drag|p2a: Zamazenta|Zamazenta|34/100
|
|upkeep
|turn|39
|
|t:|1769347712
|switch|p2a: Tornadus|Tornadus-Therian, M|100/100 brn
|move|p1a: Moltres|Roar|p2a: Tornadus
|drag|p2a: Kyurem|Kyurem|94/100
|-ability|p2a: Kyurem|Pressure
|
|upkeep
|turn|40
|
|t:|1769347715
|switch|p2a: Tornadus|Tornadus-Therian, M|100/100 brn
|move|p1a: Moltres|Flamethrower|p2a: Tornadus
|-damage|p2a: Tornadus|81/100 brn
|
|-damage|p2a: Tornadus|75/100 brn|[from] brn
|upkeep
|turn|41
|
|t:|1769347720
|move|p2a: Tornadus|Bleakwind Storm|p1a: Moltres
|-damage|p1a: Moltres|28/100
|-unboost|p1a: Moltres|spe|1
|move|p1a: Moltres|Roar|p2a: Tornadus
|drag|p2a: Zamazenta|Zamazenta|34/100
|
|upkeep
|turn|42
|
|t:|1769347728
|switch|p2a: Tornadus|Tornadus-Therian, M|100/100 brn
|move|p1a: Moltres|Roar|p2a: Tornadus
|drag|p2a: Iron Treads|Iron Treads, tera:Grass|42/100
|
|-heal|p2a: Iron Treads|48/100|[from] item: Leftovers
|upkeep
|turn|43
|
|t:|1769347732
|-end|p2a: Iron Treads|Quark Drive|[silent]
|switch|p2a: Tornadus|Tornadus-Therian, M|100/100 brn
|move|p1a: Moltres|Roar|p2a: Tornadus
|drag|p2a: Kyurem|Kyurem|94/100
|-ability|p2a: Kyurem|Pressure
|
|upkeep
|turn|44
|
|t:|1769347735
|switch|p2a: Tornadus|Tornadus-Therian, M|100/100 brn
|move|p1a: Moltres|Flamethrower|p2a: Tornadus
|-damage|p2a: Tornadus|83/100 brn
|
|-damage|p2a: Tornadus|77/100 brn|[from] brn
|upkeep
|turn|45
|
|t:|1769347737
|switch|p1a: Slowking|Slowking-Galar, F|50/100
|move|p2a: Tornadus|Bleakwind Storm|p1a: Slowking
|-damage|p1a: Slowking|17/100
|
|-damage|p2a: Tornadus|71/100 brn|[from] brn
|upkeep
|turn|46
|
|t:|1769347743
|move|p2a: Tornadus|Bleakwind Storm|p1a: Slowking
|-damage|p1a: Slowking|0 fnt
|faint|p1a: Slowking
|
|-damage|p2a: Tornadus|65/100 brn|[from] brn
|upkeep
|
|t:|1769347745
|switch|p1a: Moltres|Moltres|28/100
|turn|47
|
|t:|1769347749
|move|p2a: Tornadus|Bleakwind Storm|p1a: Moltres|[miss]
|-miss|p2a: Tornadus|p1a: Moltres
|move|p1a: Moltres|Roost|p1a: Moltres
|-heal|p1a: Moltres|78/100
|-singleturn|p1a: Moltres|move: Roost
|
|-damage|p2a: Tornadus|59/100 brn|[from] brn
|upkeep
|turn|48
|
|t:|1769347752
|move|p2a: Tornadus|Bleakwind Storm|p1a: Moltres
|-damage|p1a: Moltres|41/100
|-unboost|p1a: Moltres|spe|1
|move|p1a: Moltres|Roar|p2a: Tornadus
|drag|p2a: Iron Treads|Iron Treads, tera:Grass|48/100
|
|-heal|p2a: Iron Treads|54/100|[from] item: Leftovers
|upkeep
|turn|49
|
|t:|1769347756
|move|p2a: Iron Treads|Stealth Rock|p1a: Moltres
|-sidestart|p1: CambridgeFoulPlay|move: Stealth Rock
|move|p1a: Moltres|Roar|p2a: Iron Treads
|-end|p2a: Iron Treads|Quark Drive|[silent]
|drag|p2a: Kyurem|Kyurem|94/100
|-ability|p2a: Kyurem|Pressure
|
|upkeep
|turn|50
|
|t:|1769347761
|move|p2a: Kyurem|Ice Beam|p1a: Moltres
|-damage|p1a: Moltres|0 fnt
|faint|p1a: Moltres
|
|upkeep
|
|t:|1769347763
|switch|p1a: Hydrapple|Hydrapple, M|100/100
|turn|51
|
|t:|1769347765
|move|p2a: Kyurem|Ice Beam|p1a: Hydrapple
|-supereffective|p1a: Hydrapple
|-damage|p1a: Hydrapple|0 fnt
|faint|p1a: Hydrapple
|
|win|oh YEAAHH!!
|raw|CambridgeFoulPlay's rating: 1773 &rarr; <strong>1757</strong><br />(-16 for losing)
|raw|oh YEAAHH!!'s rating: 1852 &rarr; <strong>1868</strong><br />(+16 for winning)
|c|☆CambridgeFoulPlay|gg
