|j|☆Joao V9898
|j|☆BlRD BOY
|t:|1769394585
|gametype|singles
|player|p1|Joao V9898|n|1653
|player|p2|BlRD BOY|brycen|1781
|gen|9
|tier|[Gen 9] OU
|rated|
|rule|HP Percentage Mod: HP is shown in percentages
|rule|Endless Battle Clause: Forcing endless battles is banned
|rule|Species Clause: Limit one of each Pokémon
|rule|OHKO Clause: OHKO moves are banned
|rule|Evasion Items Clause: Evasion items are banned
|rule|Evasion Moves Clause: Evasion moves are banned
|rule|Evasion Abilities Clause: Evasion abilities are banned
|rule|Sleep Moves Clause: Sleep-inducing moves are banned
|clearpoke
|poke|p1|Araquanid, M|
|poke|p1|Gholdengo|
|poke|p1|Iron Valiant|
|poke|p1|Raging Bolt|
|poke|p1|Gyarados, M|
|poke|p1|Kingambit, M|
|poke|p2|Kyurem|
|poke|p2|Rillaboom, F|
|poke|p2|Kingambit, M|
|poke|p2|Slowking-Galar, M|
|poke|p2|Enamorus, F|
|poke|p2|Great Tusk|
|teampreview
|inactive|Battle timer is ON: inactive players will automatically lose when time's up. (requested by Joao V9898)
|inactive|BlRD BOY has 120 seconds left.
|inactive|BlRD BOY has 90 seconds left.
|inactive|BlRD BOY has 60 seconds left.
|c|☆BlRD BOY|glhf
|inactive|BlRD BOY has 30 seconds left.
|
|t:|1769394710
|teamsize|p1|6
|teamsize|p2|6
|start
|switch|p1a: Araquanid|Araquanid, M|100/100
|switch|p2a: Rillaboom|Rillaboom, F|100/100
|-fieldstart|move: Grassy Terrain|[from] ability: Grassy Surge|[of] p2a: Rillaboom
|turn|1
|
|t:|1769394715
|move|p2a: Rillaboom|Wood Hammer|p1a: Araquanid
|-damage|p1a: Araquanid|0 fnt
|faint|p1a: Araquanid
|-damage|p2a: Rillaboom|69/100|[from] Recoil
|
|-heal|p2a: Rillaboom|75/100|[from] Grassy Terrain
|upkeep
|
|t:|1769394722
|switch|p1a: General Mahoraga|Kingambit, M, shiny|100/100
|-activate|p1a: General Mahoraga|ability: Supreme Overlord
|-start|p1a: General Mahoraga|fallen1|[silent]
|-item|p1a: General Mahoraga|Air Balloon
|turn|2
|
|t:|1769394727
|switch|p2a: Kingambit|Kingambit, M, shiny|100/100
|move|p1a: General Mahoraga|Swords Dance|p1a: General Mahoraga
|-boost|p1a: General Mahoraga|atk|2
|
|upkeep
|turn|3
|
|t:|1769394733
|move|p1a: General Mahoraga|Swords Dance|p1a: General Mahoraga
|-boost|p1a: General Mahoraga|atk|2
|move|p2a: Kingambit|Low Kick|p1a: General Mahoraga
|-supereffective|p1a: General Mahoraga
|-damage|p1a: General Mahoraga|0 fnt
|-enditem|p1a: General Mahoraga|Air Balloon
|faint|p1a: General Mahoraga
|-end|p1a: General Mahoraga|fallen1|[silent]
|
|upkeep
|
|t:|1769394735
|switch|p1a: Gyarados|Gyarados, M, shiny|100/100
|turn|4
|j| XChaosblazer
|
|t:|1769394742
|move|p1a: Gyarados|Dragon Dance|p1a: Gyarados
|-boost|p1a: Gyarados|atk|1
|-boost|p1a: Gyarados|spe|1
|move|p2a: Kingambit|Kowtow Cleave|p1a: Gyarados
|-damage|p1a: Gyarados|31/100
|
|-heal|p1a: Gyarados|37/100|[from] item: Leftovers
|upkeep
|turn|5
|
|t:|1769394749
|move|p2a: Kingambit|Sucker Punch||[still]
|-fail|p2a: Kingambit
|move|p1a: Gyarados|Dragon Dance|p1a: Gyarados
|-boost|p1a: Gyarados|atk|1
|-boost|p1a: Gyarados|spe|1
|
|-heal|p1a: Gyarados|43/100|[from] item: Leftovers
|-fieldend|move: Grassy Terrain
|upkeep
|turn|6
|
|t:|1769394754
|move|p2a: Kingambit|Sucker Punch||[still]
|-fail|p2a: Kingambit
|move|p1a: Gyarados|Dragon Dance|p1a: Gyarados
|-boost|p1a: Gyarados|atk|1
|-boost|p1a: Gyarados|spe|1
|
|-heal|p1a: Gyarados|49/100|[from] item: Leftovers
|upkeep
|turn|7
|
|t:|1769394756
|-end|p2a: Kingambit|fallenundefined|[silent]
|switch|p2a: Rillaboom|Rillaboom, F|75/100
|-fieldstart|move: Grassy Terrain|[from] ability: Grassy Surge|[of] p2a: Rillaboom
|move|p1a: Gyarados|Dragon Dance|p1a: Gyarados
|-boost|p1a: Gyarados|atk|1
|-boost|p1a: Gyarados|spe|1
|
|-heal|p1a: Gyarados|55/100|[from] item: Leftovers
|-heal|p2a: Rillaboom|82/100|[from] Grassy Terrain
|upkeep
|turn|8
|
|t:|1769394762
|-terastallize|p2a: Rillaboom|Grass
|move|p2a: Rillaboom|Grassy Glide|p1a: Gyarados
|-damage|p1a: Gyarados|0 fnt
|faint|p1a: Gyarados
|
|-heal|p2a: Rillaboom|88/100|[from] Grassy Terrain
|upkeep
|
|t:|1769394769
|switch|p1a: Raging Bolt|Raging Bolt|100/100
|-enditem|p1a: Raging Bolt|Booster Energy
|-activate|p1a: Raging Bolt|ability: Protosynthesis|[fromitem]
|-start|p1a: Raging Bolt|protosynthesisspa
|turn|9
|
|t:|1769394776
|move|p2a: Rillaboom|Grassy Glide|p1a: Raging Bolt
|-resisted|p1a: Raging Bolt
|-damage|p1a: Raging Bolt|67/100
|move|p1a: Raging Bolt|Calm Mind|p1a: Raging Bolt
|-boost|p1a: Raging Bolt|spa|1
|-boost|p1a: Raging Bolt|spd|1
|
|-heal|p1a: Raging Bolt|73/100|[from] Grassy Terrain
|-heal|p2a: Rillaboom|94/100|[from] Grassy Terrain
|upkeep
|turn|10
|
|t:|1769394786
|switch|p2a: Great Tusk|Great Tusk|100/100
|-enditem|p2a: Great Tusk|Booster Energy
|-activate|p2a: Great Tusk|ability: Protosynthesis|[fromitem]
|-start|p2a: Great Tusk|protosynthesisspe
|move|p1a: Raging Bolt|Calm Mind|p1a: Raging Bolt
|-boost|p1a: Raging Bolt|spa|1
|-boost|p1a: Raging Bolt|spd|1
|
|-heal|p1a: Raging Bolt|79/100|[from] Grassy Terrain
|upkeep
|turn|11
|
|t:|1769394793
|-terastallize|p1a: Raging Bolt|Ghost
|move|p2a: Great Tusk|Headlong Rush|p1a: Raging Bolt
|-damage|p1a: Raging Bolt|31/100
|-unboost|p2a: Great Tusk|def|1
|-unboost|p2a: Great Tusk|spd|1
|move|p1a: Raging Bolt|Dragon Pulse|p2a: Great Tusk
|-damage|p2a: Great Tusk|0 fnt
|faint|p2a: Great Tusk
|-end|p2a: Great Tusk|Protosynthesis|[silent]
|
|-heal|p1a: Raging Bolt|37/100|[from] Grassy Terrain
|-fieldend|move: Grassy Terrain
|upkeep
|
|t:|1769394800
|switch|p2a: Kyurem|Kyurem|100/100
|-ability|p2a: Kyurem|Pressure
|turn|12
|
|t:|1769394804
|move|p2a: Kyurem|Icicle Spear|p1a: Raging Bolt
|-damage|p1a: Raging Bolt|24/100
|-damage|p1a: Raging Bolt|13/100
|-damage|p1a: Raging Bolt|2/100
|-damage|p1a: Raging Bolt|0 fnt
|faint|p1a: Raging Bolt
|-end|p1a: Raging Bolt|Protosynthesis|[silent]
|-hitcount|p1: Raging Bolt|4
|
|upkeep
|
|t:|1769394807
|switch|p1a: Iron Valiant|Iron Valiant|100/100
|-enditem|p1a: Iron Valiant|Booster Energy
|-activate|p1a: Iron Valiant|ability: Quark Drive|[fromitem]
|-start|p1a: Iron Valiant|quarkdrivespa
|turn|13
|
|t:|1769394809
|move|p1a: Iron Valiant|Calm Mind|p1a: Iron Valiant
|-boost|p1a: Iron Valiant|spa|1
|-boost|p1a: Iron Valiant|spd|1
|move|p2a: Kyurem|Icicle Spear|p1a: Iron Valiant
|-damage|p1a: Iron Valiant|85/100
|-damage|p1a: Iron Valiant|67/100
|-damage|p1a: Iron Valiant|50/100
|-damage|p1a: Iron Valiant|33/100
|-hitcount|p1a: Iron Valiant|4
|
|upkeep
|turn|14
|
|t:|1769394813
|move|p1a: Iron Valiant|Vacuum Wave|p2a: Kyurem
|-supereffective|p2a: Kyurem
|-damage|p2a: Kyurem|22/100
|move|p2a: Kyurem|Icicle Spear|p1a: Iron Valiant
|-damage|p1a: Iron Valiant|18/100
|-damage|p1a: Iron Valiant|0 fnt
|faint|p1a: Iron Valiant
|-end|p1a: Iron Valiant|Quark Drive|[silent]
|-hitcount|p1: Iron Valiant|2
|
|upkeep
|-message|Joao V9898 forfeited.
|
|win|BlRD BOY
|raw|Joao V9898's rating: 1653 &rarr; <strong>1640</strong><br />(-13 for losing)
|raw|BlRD BOY's rating: 1781 &rarr; <strong>1794</strong><br />(+13 for winning)
|l|☆Joao V9898
|player|p1|
|c|☆BlRD BOY|gg
|l| XChaosblazer
