|j|☆Shadowwlkr
|j|☆ShyBlizz-
|t:|1769404759
|gametype|singles
|player|p1|Shadowwlkr|petrel|1337
|player|p2|ShyBlizz-|depotagent|1345
|gen|9
|tier|[Gen 9] OU
|rated|
|rule|HP Percentage Mod: HP is shown in percentages
|rule|Endless Battle Clause: Forcing endless battles is banned
|rule|Species Clause: Limit one of each Pokémon
|rule|OHKO Clause: OHKO moves are banned
|rule|Evasion Items Clause: Evasion items are banned
|rule|Evasion Moves Clause: Evasion moves are banned
|rule|Evasion Abilities Clause: Evasion abilities are banned
|rule|Sleep Moves Clause: Sleep-inducing moves are banned
|clearpoke
|poke|p1|Hoopa-Unbound|
|poke|p1|Ursaluna, M|
|poke|p1|Hatterene, F|
|poke|p1|Cresselia, F|
|poke|p1|Iron Hands|
|poke|p1|Volcanion|
|poke|p2|Ting-Lu|
|poke|p2|Iron Valiant|
|poke|p2|Ambipom, F|
|poke|p2|Skeledirge, F|
|poke|p2|Gholdengo|
|poke|p2|Tornadus-Therian, M|
|teampreview
|inactive|Battle timer is ON: inactive players will automatically lose when time's up. (requested by Shadowwlkr)
|
|t:|1769404789
|teamsize|p1|6
|teamsize|p2|6
|start
|switch|p1a: Hoopa|Hoopa-Unbound|100/100
|switch|p2a: Gucci Necklace|Tornadus-Therian, M, shiny|100/100
|turn|1
|
|t:|1769404801
|switch|p1a: Volcanion|Volcanion|100/100
|move|p2a: Gucci Necklace|Knock Off|p1a: Volcanion
|-damage|p1a: Volcanion|82/100
|-enditem|p1a: Volcanion|Heavy-Duty Boots|[from] move: Knock Off|[of] p2a: Gucci Necklace
|
|upkeep
|turn|2
|
|t:|1769404815
|move|p2a: Gucci Necklace|Bleakwind Storm|p1a: Volcanion|[miss]
|-miss|p2a: Gucci Necklace|p1a: Volcanion
|move|p1a: Volcanion|Will-O-Wisp|p2a: Gucci Necklace
|-status|p2a: Gucci Necklace|brn
|
|-damage|p2a: Gucci Necklace|94/100 brn|[from] brn
|upkeep
|turn|3
|
|t:|1769404826
|move|p2a: Gucci Necklace|Bleakwind Storm|p1a: Volcanion
|-damage|p1a: Volcanion|34/100
|move|p1a: Volcanion|Steam Eruption|p2a: Gucci Necklace
|-damage|p2a: Gucci Necklace|43/100 brn
|
|-damage|p2a: Gucci Necklace|37/100 brn|[from] brn
|upkeep
|turn|4
|
|t:|1769404840
|move|p2a: Gucci Necklace|Bleakwind Storm|p1a: Volcanion|[miss]
|-miss|p2a: Gucci Necklace|p1a: Volcanion
|move|p1a: Volcanion|Steam Eruption|p2a: Gucci Necklace
|-damage|p2a: Gucci Necklace|0 fnt
|faint|p2a: Gucci Necklace
|
|upkeep
|
|t:|1769404859
|switch|p2a: Lazlo|Ambipom, F, shiny|100/100
|turn|5
|
|t:|1769404868
|move|p2a: Lazlo|Fake Out|p1a: Volcanion
|-damage|p1a: Volcanion|10/100
|cant|p1a: Volcanion|flinch
|
|upkeep
|turn|6
|
|t:|1769404872
|move|p2a: Lazlo|Low Kick|p1a: Volcanion
|-damage|p1a: Volcanion|0 fnt
|faint|p1a: Volcanion
|
|upkeep
|
|t:|1769404881
|switch|p1a: Hoopa|Hoopa-Unbound|100/100
|turn|7
|
|t:|1769404888
|switch|p2a: Xiaolin|Ting-Lu|100/100
|-ability|p2a: Xiaolin|Vessel of Ruin
|move|p1a: Hoopa|Trick Room|p1a: Hoopa
|-fieldstart|move: Trick Room|[of] p1a: Hoopa
|
|upkeep
|turn|8
|
|t:|1769404901
|move|p2a: Xiaolin|Ruination|p1a: Hoopa
|-damage|p1a: Hoopa|51/100
|move|p1a: Hoopa|Drain Punch|p2a: Xiaolin
|-supereffective|p2a: Xiaolin
|-damage|p2a: Xiaolin|65/100
|-heal|p1a: Hoopa|76/100|[from] drain|[of] p2a: Xiaolin
|
|-heal|p2a: Xiaolin|71/100|[from] item: Leftovers
|upkeep
|turn|9
|
|t:|1769404911
|switch|p1a: Ursaluna|Ursaluna, M|100/100
|move|p2a: Xiaolin|Stealth Rock|p1a: Ursaluna
|-sidestart|p1: Shadowwlkr|move: Stealth Rock
|
|-heal|p2a: Xiaolin|77/100|[from] item: Leftovers
|-status|p1a: Ursaluna|brn|[from] item: Flame Orb
|upkeep
|turn|10
|
|t:|1769404919
|move|p1a: Ursaluna|Facade|p2a: Xiaolin
|-damage|p2a: Xiaolin|13/100
|move|p2a: Xiaolin|Whirlwind|p1a: Ursaluna
|drag|p1a: Cresselia|Cresselia, F|100/100
|-damage|p1a: Cresselia|88/100|[from] Stealth Rock
|
|-heal|p2a: Xiaolin|19/100|[from] item: Leftovers
|upkeep
|turn|11
|
|t:|1769404924
|move|p2a: Xiaolin|Spikes|p1a: Cresselia
|-sidestart|p1: Shadowwlkr|Spikes
|move|p1a: Cresselia|Moonblast|p2a: Xiaolin
|-supereffective|p2a: Xiaolin
|-damage|p2a: Xiaolin|4/100
|
|-heal|p2a: Xiaolin|10/100|[from] item: Leftovers
|-fieldend|move: Trick Room
|upkeep
|turn|12
|
|t:|1769404934
|switch|p1a: Hatterene|Hatterene, F|100/100
|-damage|p1a: Hatterene|88/100|[from] Stealth Rock
|-damage|p1a: Hatterene|76/100|[from] Spikes
|move|p2a: Xiaolin|Ruination|p1a: Hatterene
|-damage|p1a: Hatterene|38/100
|
|-heal|p2a: Xiaolin|17/100|[from] item: Leftovers
|upkeep
|turn|13
|
|t:|1769404942
|move|p2a: Xiaolin|Whirlwind|p1a: Hatterene
|move|p1a: Hatterene|Whirlwind|p2a: Xiaolin|[from] ability: Magic Bounce
|drag|p2a: Lazlo|Ambipom, F, shiny|100/100
|move|p1a: Hatterene|Trick Room|p1a: Hatterene
|-fieldstart|move: Trick Room|[of] p1a: Hatterene
|
|upkeep
|turn|14
|
|t:|1769404951
|switch|p1a: Ursaluna|Ursaluna, M|100/100 brn
|-damage|p1a: Ursaluna|94/100 brn|[from] Stealth Rock
|-damage|p1a: Ursaluna|82/100 brn|[from] Spikes
|move|p2a: Lazlo|Fake Out|p1a: Ursaluna
|-damage|p1a: Ursaluna|60/100 brn
|
|-damage|p1a: Ursaluna|54/100 brn|[from] brn
|upkeep
|turn|15
|
|t:|1769404977
|switch|p2a: Xiaolin|Ting-Lu|17/100
|-ability|p2a: Xiaolin|Vessel of Ruin
|move|p1a: Ursaluna|Headlong Rush|p2a: Xiaolin
|-damage|p2a: Xiaolin|0 fnt
|-unboost|p1a: Ursaluna|def|1
|-unboost|p1a: Ursaluna|spd|1
|faint|p2a: Xiaolin
|
|-damage|p1a: Ursaluna|48/100 brn|[from] brn
|upkeep
|inactive|ShyBlizz- has 120 seconds left.
|
|t:|1769405003
|switch|p2a: Nicholas Cage|Skeledirge, F, shiny|100/100
|-item|p2a: Nicholas Cage|Air Balloon
|turn|16
|
|t:|1769405009
|switch|p1a: Hatterene|Hatterene, F|38/100
|-damage|p1a: Hatterene|26/100|[from] Stealth Rock
|-damage|p1a: Hatterene|14/100|[from] Spikes
|move|p2a: Nicholas Cage|Torch Song|p1a: Hatterene
|-damage|p1a: Hatterene|0 fnt
|-boost|p2a: Nicholas Cage|spa|1
|faint|p1a: Hatterene
|
|upkeep
|
|t:|1769405012
|switch|p1a: Hoopa|Hoopa-Unbound|76/100
|-damage|p1a: Hoopa|64/100|[from] Stealth Rock
|-damage|p1a: Hoopa|51/100|[from] Spikes
|turn|17
|
|t:|1769405018
|move|p1a: Hoopa|Hyperspace Fury|p2a: Nicholas Cage
|-supereffective|p2a: Nicholas Cage
|-damage|p2a: Nicholas Cage|18/100
|-unboost|p1a: Hoopa|def|1
|-enditem|p2a: Nicholas Cage|Air Balloon
|-enditem|p1a: Hoopa|Eject Pack
|
|t:|1769405024
|switch|p1a: Iron Hands|Iron Hands|100/100
|-damage|p1a: Iron Hands|94/100|[from] Stealth Rock
|-damage|p1a: Iron Hands|82/100|[from] Spikes
|-enditem|p1a: Iron Hands|Booster Energy
|-activate|p1a: Iron Hands|ability: Quark Drive|[fromitem]
|-start|p1a: Iron Hands|quarkdriveatk
|move|p2a: Nicholas Cage|Torch Song|p1a: Iron Hands
|-damage|p1a: Iron Hands|41/100
|-boost|p2a: Nicholas Cage|spa|1
|
|-fieldend|move: Trick Room
|upkeep
|turn|18
|-message|Shadowwlkr forfeited.
|
|win|ShyBlizz-
|raw|Shadowwlkr's rating: 1337 &rarr; <strong>1317</strong><br />(-20 for losing)
|raw|ShyBlizz-'s rating: 1345 &rarr; <strong>1365</strong><br />(+20 for winning)
|l|☆Shadowwlkr
|player|p1|
|l|☆ShyBlizz-
|player|p2|
