|j|☆jsxlllll
|j|☆Gen1Starter
|t:|1769346480
|gametype|singles
|player|p1|jsxlllll|265|1438
|player|p2|Gen1Starter|acetrainer-gen4|1463
|gen|9
|tier|[Gen 9] OU
|rated|
|rule|HP Percentage Mod: HP is shown in percentages
|rule|Endless Battle Clause: Forcing endless battles is banned
|rule|Species Clause: Limit one of each Pokémon
|rule|OHKO Clause: OHKO moves are banned
|rule|Evasion Items Clause: Evasion items are banned
|rule|Evasion Moves Clause: Evasion moves are banned
|rule|Evasion Abilities Clause: Evasion abilities are banned
|rule|Sleep Moves Clause: Sleep-inducing moves are banned
|clearpoke
|poke|p1|Sandy Shocks|
|poke|p1|Scizor, M|
|poke|p1|Manaphy|
|poke|p1|Latios, M|
|poke|p1|Ogerpon, F|
|poke|p1|Iron Jugulis|
|poke|p2|Venusaur, M|
|poke|p2|Torkoal, F|
|poke|p2|Great Tusk|
|poke|p2|Walking Wake|
|poke|p2|Snorlax, M|
|poke|p2|Dragonite, F|
|teampreview
|inactive|Battle timer is ON: inactive players will automatically lose when time's up. (requested by Gen1Starter)
|
|t:|1769346496
|teamsize|p1|6
|teamsize|p2|6
|start
|switch|p1a: Sandy Shocks|Sandy Shocks|100/100
|switch|p2a: Torkoal|Torkoal, F|100/100
|-weather|SunnyDay|[from] ability: Drought|[of] p2a: Torkoal
|-activate|p1a: Sandy Shocks|ability: Protosynthesis
|-start|p1a: Sandy Shocks|protosynthesisspe
|turn|1
|
|t:|1769346513
|switch|p2a: Snorlax|Snorlax, M|100/100
|move|p1a: Sandy Shocks|Stealth Rock|p2a: Snorlax
|-sidestart|p2: Gen1Starter|move: Stealth Rock
|
|-weather|SunnyDay|[upkeep]
|upkeep
|turn|2
|
|t:|1769346518
|move|p1a: Sandy Shocks|Spikes|p2a: Snorlax
|-sidestart|p2: Gen1Starter|Spikes
|move|p2a: Snorlax|Body Slam|p1a: Sandy Shocks
|-damage|p1a: Sandy Shocks|52/100
|
|-weather|SunnyDay|[upkeep]
|upkeep
|turn|3
|
|t:|1769346525
|move|p1a: Sandy Shocks|Spikes|p2a: Snorlax
|-sidestart|p2: Gen1Starter|Spikes
|move|p2a: Snorlax|Earthquake|p1a: Sandy Shocks
|-supereffective|p1a: Sandy Shocks
|-damage|p1a: Sandy Shocks|0 fnt
|faint|p1a: Sandy Shocks
|-end|p1a: Sandy Shocks|Protosynthesis|[silent]
|
|-weather|SunnyDay|[upkeep]
|upkeep
|
|t:|1769346531
|switch|p1a: Scizor|Scizor, M|100/100
|turn|4
|
|t:|1769346534
|switch|p2a: Great Tusk|Great Tusk|100/100
|-damage|p2a: Great Tusk|98/100|[from] Stealth Rock
|-damage|p2a: Great Tusk|81/100|[from] Spikes
|-activate|p2a: Great Tusk|ability: Protosynthesis
|-start|p2a: Great Tusk|protosynthesisdef
|move|p1a: Scizor|Swords Dance|p1a: Scizor
|-boost|p1a: Scizor|atk|2
|
|-weather|SunnyDay|[upkeep]
|upkeep
|turn|5
|
|t:|1769346544
|move|p2a: Great Tusk|Rapid Spin|p1a: Scizor
|-resisted|p1a: Scizor
|-damage|p1a: Scizor|93/100
|-boost|p2a: Great Tusk|spe|1
|-sideend|p2: Gen1Starter|Spikes|[from] move: Rapid Spin|[of] p2a: Great Tusk
|-sideend|p2: Gen1Starter|Stealth Rock|[from] move: Rapid Spin|[of] p2a: Great Tusk
|move|p1a: Scizor|Swords Dance|p1a: Scizor
|-boost|p1a: Scizor|atk|2
|
|-weather|SunnyDay|[upkeep]
|upkeep
|turn|6
|
|t:|1769346552
|move|p2a: Great Tusk|Body Press|p1a: Scizor
|-damage|p1a: Scizor|44/100
|-enditem|p1a: Scizor|Sitrus Berry|[eat]
|-heal|p1a: Scizor|69/100|[from] item: Sitrus Berry
|move|p1a: Scizor|Swords Dance|p1a: Scizor
|-boost|p1a: Scizor|atk|2
|
|-weather|SunnyDay|[upkeep]
|upkeep
|turn|7
|
|t:|1769346560
|move|p1a: Scizor|Bullet Punch|p2a: Great Tusk
|-damage|p2a: Great Tusk|35/100
|-damage|p1a: Scizor|52/100|[from] item: Rocky Helmet|[of] p2a: Great Tusk
|move|p2a: Great Tusk|Body Press|p1a: Scizor
|-crit|p1a: Scizor
|-damage|p1a: Scizor|0 fnt
|faint|p1a: Scizor
|
|-weather|SunnyDay|[upkeep]
|upkeep
|
|t:|1769346585
|switch|p1a: Latios|Latios, M|100/100
|turn|8
|
|t:|1769346590
|-end|p2a: Great Tusk|Protosynthesis|[silent]
|switch|p2a: Snorlax|Snorlax, M|100/100
|move|p1a: Latios|Agility|p1a: Latios
|-boost|p1a: Latios|spe|2
|
|-weather|none
|upkeep
|turn|9
|
|t:|1769346596
|move|p1a: Latios|Calm Mind|p1a: Latios
|-boost|p1a: Latios|spa|1
|-boost|p1a: Latios|spd|1
|move|p2a: Snorlax|Body Slam|p1a: Latios
|-damage|p1a: Latios|57/100
|
|upkeep
|turn|10
|
|t:|1769346611
|move|p1a: Latios|Aura Sphere|p2a: Snorlax
|-supereffective|p2a: Snorlax
|-damage|p2a: Snorlax|71/100
|move|p2a: Snorlax|Body Slam|p1a: Latios
|-damage|p1a: Latios|16/100
|
|upkeep
|turn|11
|
|t:|1769346620
|move|p1a: Latios|Stored Power|p2a: Snorlax
|-damage|p2a: Snorlax|45/100
|move|p2a: Snorlax|Body Slam|p1a: Latios
|-damage|p1a: Latios|0 fnt
|faint|p1a: Latios
|
|upkeep
|
|t:|1769346625
|switch|p1a: Ogerpon|Ogerpon, F|100/100
|turn|12
|
|t:|1769346630
|move|p1a: Ogerpon|Swords Dance|p1a: Ogerpon
|-boost|p1a: Ogerpon|atk|2
|move|p2a: Snorlax|Gunk Shot|p1a: Ogerpon
|-supereffective|p1a: Ogerpon
|-damage|p1a: Ogerpon|0 fnt
|faint|p1a: Ogerpon
|
|upkeep
|
|t:|1769346637
|switch|p1a: Manaphy|Manaphy|100/100
|turn|13
|
|t:|1769346640
|move|p1a: Manaphy|Tail Glow|p1a: Manaphy
|-boost|p1a: Manaphy|spa|3
|move|p2a: Snorlax|Body Slam|p1a: Manaphy
|-damage|p1a: Manaphy|58/100
|-status|p1a: Manaphy|par
|
|upkeep
|turn|14
|-message|jsxlllll forfeited.
|
|win|Gen1Starter
|raw|jsxlllll's rating: 1438 &rarr; <strong>1419</strong><br />(-19 for losing)
|raw|Gen1Starter's rating: 1463 &rarr; <strong>1482</strong><br />(+19 for winning)
|l|☆jsxlllll
|player|p1|
|c|☆Gen1Starter|lol
|l|☆Gen1Starter
|player|p2|
