|j|☆ASRAyeetASRA
|j|☆hamandegg
|t:|1769320861
|gametype|singles
|player|p1|ASRAyeetASRA|169|1126
|player|p2|hamandegg|265|1140
|gen|9
|tier|[Gen 9] OU
|rated|
|rule|HP Percentage Mod: HP is shown in percentages
|rule|Endless Battle Clause: Forcing endless battles is banned
|rule|Species Clause: Limit one of each Pokémon
|rule|OHKO Clause: OHKO moves are banned
|rule|Evasion Items Clause: Evasion items are banned
|rule|Evasion Moves Clause: Evasion moves are banned
|rule|Evasion Abilities Clause: Evasion abilities are banned
|rule|Sleep Moves Clause: Sleep-inducing moves are banned
|clearpoke
|poke|p1|Raging Bolt|
|poke|p1|Gholdengo|
|poke|p1|Glimmora, F|
|poke|p1|Ting-Lu|
|poke|p1|Ogerpon-Wellspring, F|
|poke|p1|Clefable, F|
|poke|p2|Cloyster, M|
|poke|p2|Toxapex, M|
|poke|p2|Quaquaval, M|
|poke|p2|Gastrodon, F|
|poke|p2|Azumarill, M|
|poke|p2|Primarina, M|
|teampreview
|inactive|Battle timer is ON: inactive players will automatically lose when time's up. (requested by ASRAyeetASRA)
|
|t:|1769320869
|teamsize|p1|6
|teamsize|p2|6
|start
|switch|p1a: Glimmora|Glimmora, F, shiny|100/100
|switch|p2a: Gastrodon|Gastrodon, F|100/100
|turn|1
|
|t:|1769320880
|switch|p1a: Ogerpon|Ogerpon-Wellspring, F|100/100
|move|p2a: Gastrodon|Earth Power|p1a: Ogerpon
|-resisted|p1a: Ogerpon
|-damage|p1a: Ogerpon|78/100
|
|upkeep
|turn|2
|
|t:|1769320888
|switch|p2a: Azumarill|Azumarill, M|100/100
|move|p1a: Ogerpon|Power Whip|p2a: Azumarill
|-ability|p2a: Azumarill|Sap Sipper|boost
|-boost|p2a: Azumarill|atk|1
|
|upkeep
|turn|3
|
|t:|1769320900
|move|p1a: Ogerpon|U-turn|p2a: Azumarill
|-resisted|p2a: Azumarill
|-damage|p2a: Azumarill|86/100
|
|t:|1769320905
|switch|p1a: Clefable|Clefable, F, shiny|100/100|[from] U-turn
|move|p2a: Azumarill|Trailblaze|p1a: Clefable
|-damage|p1a: Clefable|92/100
|-boost|p2a: Azumarill|spe|1
|
|-heal|p1a: Clefable|98/100|[from] item: Leftovers
|upkeep
|turn|4
|
|t:|1769320916
|move|p2a: Azumarill|Play Rough|p1a: Clefable
|-damage|p1a: Clefable|77/100
|move|p1a: Clefable|Calm Mind|p1a: Clefable
|-boost|p1a: Clefable|spa|1
|-boost|p1a: Clefable|spd|1
|
|-heal|p1a: Clefable|83/100|[from] item: Leftovers
|upkeep
|turn|5
|
|t:|1769320925
|switch|p2a: Toxapex|Toxapex, M|100/100
|move|p1a: Clefable|Calm Mind|p1a: Clefable
|-boost|p1a: Clefable|spa|1
|-boost|p1a: Clefable|spd|1
|
|-heal|p1a: Clefable|89/100|[from] item: Leftovers
|upkeep
|turn|6
|
|t:|1769320943
|switch|p1a: Gholdengo|Gholdengo, shiny|100/100
|-item|p1a: Gholdengo|Air Balloon
|move|p2a: Toxapex|Haze|p2a: Toxapex
|-clearallboost
|
|upkeep
|turn|7
|
|t:|1769320951
|move|p1a: Gholdengo|Make It Rain|p2a: Toxapex
|-resisted|p2a: Toxapex
|-damage|p2a: Toxapex|73/100
|-unboost|p1a: Gholdengo|spa|1
|move|p2a: Toxapex|Hex|p1a: Gholdengo
|-supereffective|p1a: Gholdengo
|-damage|p1a: Gholdengo|79/100
|-enditem|p1a: Gholdengo|Air Balloon
|
|-heal|p2a: Toxapex|79/100|[from] item: Black Sludge
|upkeep
|turn|8
|
|t:|1769320974
|switch|p1a: Clefable|Clefable, F, shiny|89/100
|move|p2a: Toxapex|Toxic|p1a: Clefable
|-status|p1a: Clefable|tox
|
|-heal|p1a: Clefable|95/100 tox|[from] item: Leftovers
|-heal|p2a: Toxapex|85/100|[from] item: Black Sludge
|-damage|p1a: Clefable|89/100 tox|[from] psn
|upkeep
|turn|9
|
|t:|1769320988
|move|p1a: Clefable|Wish|p1a: Clefable
|move|p2a: Toxapex|Hex|p1a: Clefable
|-damage|p1a: Clefable|71/100 tox
|
|-heal|p1a: Clefable|77/100 tox|[from] item: Leftovers
|-heal|p2a: Toxapex|92/100|[from] item: Black Sludge
|-damage|p1a: Clefable|65/100 tox|[from] psn
|upkeep
|turn|10
|
|t:|1769320997
|switch|p1a: Gholdengo|Gholdengo, shiny|79/100
|move|p2a: Toxapex|Hex|p1a: Gholdengo
|-supereffective|p1a: Gholdengo
|-damage|p1a: Gholdengo|56/100
|
|-heal|p1a: Gholdengo|100/100|[from] move: Wish|[wisher] Clefable
|-heal|p2a: Toxapex|98/100|[from] item: Black Sludge
|upkeep
|turn|11
|
|t:|1769321015
|move|p1a: Gholdengo|Shadow Ball|p2a: Toxapex
|-damage|p2a: Toxapex|63/100
|move|p2a: Toxapex|Hex|p1a: Gholdengo
|-supereffective|p1a: Gholdengo
|-damage|p1a: Gholdengo|78/100
|
|-heal|p2a: Toxapex|70/100|[from] item: Black Sludge
|upkeep
|turn|12
|
|t:|1769321025
|move|p1a: Gholdengo|Shadow Ball|p2a: Toxapex
|-damage|p2a: Toxapex|34/100
|move|p2a: Toxapex|Recover|p2a: Toxapex
|-heal|p2a: Toxapex|84/100
|
|-heal|p2a: Toxapex|90/100|[from] item: Black Sludge
|upkeep
|turn|13
|
|t:|1769321034
|move|p1a: Gholdengo|Nasty Plot|p1a: Gholdengo
|-boost|p1a: Gholdengo|spa|2
|move|p2a: Toxapex|Hex|p1a: Gholdengo
|-supereffective|p1a: Gholdengo
|-damage|p1a: Gholdengo|57/100
|
|-heal|p2a: Toxapex|96/100|[from] item: Black Sludge
|upkeep
|turn|14
|
|t:|1769321049
|move|p1a: Gholdengo|Shadow Ball|p2a: Toxapex
|-damage|p2a: Toxapex|21/100
|-unboost|p2a: Toxapex|spd|1
|move|p2a: Toxapex|Hex|p1a: Gholdengo
|-supereffective|p1a: Gholdengo
|-damage|p1a: Gholdengo|38/100
|
|-heal|p2a: Toxapex|27/100|[from] item: Black Sludge
|upkeep
|turn|15
|
|t:|1769321059
|move|p1a: Gholdengo|Shadow Ball|p2a: Toxapex
|-damage|p2a: Toxapex|0 fnt
|faint|p2a: Toxapex
|
|upkeep
|
|t:|1769321065
|switch|p2a: Quaquaval|Quaquaval, M|100/100
|turn|16
|
|t:|1769321080
|switch|p1a: Ogerpon|Ogerpon-Wellspring, F|78/100
|move|p2a: Quaquaval|Wave Crash|p1a: Ogerpon
|-heal|p1a: Ogerpon|100/100|[from] ability: Water Absorb|[of] p2a: Quaquaval
|
|upkeep
|turn|17
|
|t:|1769321087
|move|p1a: Ogerpon|Play Rough|p2a: Quaquaval
|-supereffective|p2a: Quaquaval
|-damage|p2a: Quaquaval|7/100
|move|p2a: Quaquaval|Triple Axel|p1a: Ogerpon
|-damage|p1a: Ogerpon|92/100
|-damage|p1a: Ogerpon|75/100
|-damage|p1a: Ogerpon|49/100
|-hitcount|p1a: Ogerpon|3
|
|upkeep
|turn|18
|
|t:|1769321098
|switch|p2a: Azumarill|Azumarill, M|86/100
|move|p1a: Ogerpon|U-turn|p2a: Azumarill
|-resisted|p2a: Azumarill
|-damage|p2a: Azumarill|72/100
|
|t:|1769321107
|switch|p1a: Glimmora|Glimmora, F, shiny|100/100|[from] U-turn
|
|upkeep
|turn|19
|
|t:|1769321113
|move|p2a: Azumarill|Aqua Jet|p1a: Glimmora
|-supereffective|p1a: Glimmora
|-damage|p1a: Glimmora|71/100
|-activate|p1a: Glimmora|ability: Toxic Debris
|-sidestart|p2: hamandegg|move: Toxic Spikes
|move|p1a: Glimmora|Stealth Rock|p2a: Azumarill
|-sidestart|p2: hamandegg|move: Stealth Rock
|
|upkeep
|turn|20
|
|t:|1769321123
|move|p2a: Azumarill|Aqua Jet|p1a: Glimmora
|-supereffective|p1a: Glimmora
|-damage|p1a: Glimmora|42/100
|-activate|p1a: Glimmora|ability: Toxic Debris
|-sidestart|p2: hamandegg|move: Toxic Spikes
|move|p1a: Glimmora|Mortal Spin|p2a: Azumarill
|-supereffective|p2a: Azumarill
|-damage|p2a: Azumarill|60/100
|-status|p2a: Azumarill|psn
|
|-damage|p2a: Azumarill|48/100 psn|[from] psn
|upkeep
|turn|21
|
|t:|1769321135
|move|p2a: Azumarill|Aqua Jet|p1a: Glimmora
|-supereffective|p1a: Glimmora
|-damage|p1a: Glimmora|14/100
|move|p1a: Glimmora|Earth Power|p2a: Azumarill
|-crit|p2a: Azumarill
|-damage|p2a: Azumarill|4/100 psn
|-enditem|p2a: Azumarill|Aguav Berry|[eat]
|-heal|p2a: Azumarill|37/100 psn|[from] item: Aguav Berry
|
|-damage|p2a: Azumarill|25/100 psn|[from] psn
|upkeep
|turn|22
|
|t:|1769321147
|move|p2a: Azumarill|Aqua Jet|p1a: Glimmora
|-supereffective|p1a: Glimmora
|-damage|p1a: Glimmora|0 fnt
|faint|p1a: Glimmora
|
|-damage|p2a: Azumarill|12/100 psn|[from] psn
|upkeep
|
|t:|1769321151
|switch|p1a: Ting-Lu|Ting-Lu, shiny|100/100
|-ability|p1a: Ting-Lu|Vessel of Ruin
|turn|23
|
|t:|1769321162
|switch|p1a: Ogerpon|Ogerpon-Wellspring, F|49/100
|move|p2a: Azumarill|Play Rough|p1a: Ogerpon
|-damage|p1a: Ogerpon|13/100
|
|-damage|p2a: Azumarill|0 fnt|[from] psn
|faint|p2a: Azumarill
|upkeep
|
|t:|1769321174
|switch|p2a: Cloyster|Cloyster, M|100/100
|-status|p2a: Cloyster|tox
|-damage|p2a: Cloyster|76/100 tox|[from] Stealth Rock
|turn|24
|
|t:|1769321192
|move|p1a: Ogerpon|Power Whip|p2a: Cloyster
|-supereffective|p2a: Cloyster
|-damage|p2a: Cloyster|0 fnt
|faint|p2a: Cloyster
|
|upkeep
|-message|hamandegg forfeited.
|
|win|ASRAyeetASRA
|raw|ASRAyeetASRA's rating: 1126 &rarr; <strong>1152</strong><br />(+26 for winning)
|raw|hamandegg's rating: 1140 &rarr; <strong>1114</strong><br />(-26 for losing)
|l|☆hamandegg
|player|p2|
|l|☆ASRAyeetASRA
|player|p1|
