|j|☆taikenlest
|j|☆yzyang
|t:|1769342699
|gametype|singles
|player|p1|taikenlest|102|1294
|player|p2|yzyang|101|1267
|gen|9
|tier|[Gen 9] OU
|rated|
|rule|HP Percentage Mod: HP is shown in percentages
|rule|Endless Battle Clause: Forcing endless battles is banned
|rule|Species Clause: Limit one of each Pokémon
|rule|OHKO Clause: OHKO moves are banned
|rule|Evasion Items Clause: Evasion items are banned
|rule|Evasion Moves Clause: Evasion moves are banned
|rule|Evasion Abilities Clause: Evasion abilities are banned
|rule|Sleep Moves Clause: Sleep-inducing moves are banned
|clearpoke
|poke|p1|Pecharunt|
|poke|p1|Great Tusk|
|poke|p1|Ogerpon-Wellspring, F|
|poke|p1|Heatran, M|
|poke|p1|Rillaboom, F|
|poke|p1|Corviknight, F|
|poke|p2|Alomomola, M|
|poke|p2|Sudowoodo, L1, F|
|poke|p2|Corviknight, M|
|poke|p2|Ambipom, M|
|poke|p2|Dragapult, M|
|poke|p2|Blaziken, M|
|teampreview
|inactive|Battle timer is ON: inactive players will automatically lose when time's up. (requested by yzyang)
|
|t:|1769342714
|teamsize|p1|6
|teamsize|p2|6
|start
|switch|p1a: Corviknight|Corviknight, F|100/100
|switch|p2a: Sudowoodo|Sudowoodo, L1, F|100/100
|turn|1
|
|t:|1769342722
|move|p1a: Corviknight|Body Press|p2a: Sudowoodo
|-supereffective|p2a: Sudowoodo
|-ability|p2a: Sudowoodo|Sturdy
|-damage|p2a: Sudowoodo|9/100
|move|p2a: Sudowoodo|Endeavor|p1a: Corviknight
|-damage|p1a: Corviknight|1/100
|-damage|p2a: Sudowoodo|0 fnt|[from] item: Rocky Helmet|[of] p1a: Corviknight
|faint|p2a: Sudowoodo
|
|upkeep
|
|t:|1769342733
|switch|p2a: Alomomola|Alomomola, M|100/100
|turn|2
|
|t:|1769342741
|move|p2a: Alomomola|Aqua Jet|p1a: Corviknight
|-damage|p1a: Corviknight|0 fnt
|-damage|p2a: Alomomola|84/100|[from] item: Rocky Helmet|[of] p1a: Corviknight
|faint|p1a: Corviknight
|
|upkeep
|
|t:|1769342745
|switch|p1a: Rillaboom|Rillaboom, F|100/100
|-fieldstart|move: Grassy Terrain|[from] ability: Grassy Surge|[of] p1a: Rillaboom
|turn|3
|
|t:|1769342752
|switch|p2a: Corviknight|Corviknight, M|100/100
|-ability|p2a: Corviknight|Pressure
|move|p1a: Rillaboom|U-turn|p2a: Corviknight
|-resisted|p2a: Corviknight
|-damage|p2a: Corviknight|94/100
|
|t:|1769342756
|switch|p1a: Heatran|Heatran, M|100/100|[from] U-turn
|
|upkeep
|turn|4
|
|t:|1769342763
|switch|p2a: Alomomola|Alomomola, M|100/100
|move|p1a: Heatran|Magma Storm|p2a: Alomomola
|-resisted|p2a: Alomomola
|-damage|p2a: Alomomola|88/100
|-activate|p2a: Alomomola|move: Magma Storm|[of] p1a: Heatran
|
|-heal|p2a: Alomomola|94/100|[from] Grassy Terrain
|-damage|p2a: Alomomola|82/100|[from] move: Magma Storm|[partiallytrapped]
|upkeep
|turn|5
|
|t:|1769342778
|move|p1a: Heatran|Earth Power|p2a: Alomomola
|-damage|p2a: Alomomola|65/100
|move|p2a: Alomomola|Flip Turn|p1a: Heatran
|-supereffective|p1a: Heatran
|-damage|p1a: Heatran|75/100
|
|t:|1769342793
|switch|p2a: Dragapult|Dragapult, M|100/100|[from] Flip Turn
|
|-heal|p1a: Heatran|81/100|[from] Grassy Terrain
|upkeep
|turn|6
|
|t:|1769342807
|-terastallize|p1a: Heatran|Fairy
|move|p2a: Dragapult|U-turn|p1a: Heatran
|-resisted|p1a: Heatran
|-damage|p1a: Heatran|70/100
|-damage|p2a: Dragapult|91/100|[from] item: Life Orb
|
|t:|1769342813
|switch|p2a: Alomomola|Alomomola, M|98/100|[from] U-turn
|move|p1a: Heatran|Tera Blast|p2a: Alomomola|[anim] Tera Blast Fairy
|-damage|p2a: Alomomola|79/100
|
|-heal|p1a: Heatran|76/100|[from] Grassy Terrain
|-heal|p2a: Alomomola|85/100|[from] Grassy Terrain
|upkeep
|turn|7
|
|t:|1769342828
|move|p1a: Heatran|Magma Storm|p2a: Alomomola
|-resisted|p2a: Alomomola
|-damage|p2a: Alomomola|72/100
|-activate|p2a: Alomomola|move: Magma Storm|[of] p1a: Heatran
|move|p2a: Alomomola|Mirror Coat|p1a: Heatran
|-damage|p1a: Heatran|41/100
|
|-heal|p1a: Heatran|47/100|[from] Grassy Terrain
|-heal|p2a: Alomomola|78/100|[from] Grassy Terrain
|-damage|p2a: Alomomola|66/100|[from] move: Magma Storm|[partiallytrapped]
|-fieldend|move: Grassy Terrain
|upkeep
|turn|8
|
|t:|1769342840
|switch|p1a: Ogerpon|Ogerpon-Wellspring, F|100/100
|move|p2a: Alomomola|Flip Turn|p1a: Ogerpon
|-immune|p1a: Ogerpon|[from] ability: Water Absorb
|
|-end|p2a: Alomomola|Magma Storm|[partiallytrapped]|[silent]
|upkeep
|turn|9
|
|t:|1769342853
|switch|p2a: Corviknight|Corviknight, M|94/100
|-ability|p2a: Corviknight|Pressure
|move|p1a: Ogerpon|Ivy Cudgel|p2a: Corviknight|[anim] Ivy Cudgel Water
|-damage|p2a: Corviknight|55/100
|
|upkeep
|turn|10
|
|t:|1769342870
|switch|p1a: Rillaboom|Rillaboom, F|100/100
|-fieldstart|move: Grassy Terrain|[from] ability: Grassy Surge|[of] p1a: Rillaboom
|move|p2a: Corviknight|U-turn|p1a: Rillaboom
|-supereffective|p1a: Rillaboom
|-damage|p1a: Rillaboom|68/100
|
|t:|1769342877
|switch|p2a: Ambipom|Ambipom, M|100/100|[from] U-turn
|
|-heal|p1a: Rillaboom|74/100|[from] Grassy Terrain
|upkeep
|turn|11
|
|t:|1769342893
|switch|p1a: Ogerpon|Ogerpon-Wellspring, F|100/100
|move|p2a: Ambipom|Knock Off|p1a: Ogerpon
|-damage|p1a: Ogerpon|63/100
|
|-heal|p1a: Ogerpon|69/100|[from] Grassy Terrain
|upkeep
|turn|12
|
|t:|1769342911
|switch|p2a: Alomomola|Alomomola, M|99/100
|switch|p1a: Heatran|Heatran, M, tera:Fairy|47/100
|
|-heal|p1a: Heatran|53/100|[from] Grassy Terrain
|-heal|p2a: Alomomola|100/100|[from] Grassy Terrain
|upkeep
|turn|13
|
|t:|1769342924
|switch|p1a: Pecharunt|Pecharunt|100/100
|move|p2a: Alomomola|Flip Turn|p1a: Pecharunt
|-damage|p1a: Pecharunt|92/100
|
|t:|1769342931
|switch|p2a: Corviknight|Corviknight, M|55/100|[from] Flip Turn
|-ability|p2a: Corviknight|Pressure
|
|-heal|p1a: Pecharunt|98/100|[from] Grassy Terrain
|upkeep
|turn|14
|
|t:|1769342940
|move|p1a: Pecharunt|Parting Shot|p2a: Corviknight
|-unboost|p2a: Corviknight|atk|1
|-unboost|p2a: Corviknight|spa|1
|
|t:|1769342946
|switch|p1a: Heatran|Heatran, M, tera:Fairy|53/100|[from] Parting Shot
|move|p2a: Corviknight|Roost|p2a: Corviknight
|-heal|p2a: Corviknight|100/100
|-singleturn|p2a: Corviknight|move: Roost
|
|-heal|p1a: Heatran|59/100|[from] Grassy Terrain
|-fieldend|move: Grassy Terrain
|upkeep
|turn|15
|
|t:|1769342963
|switch|p1a: Pecharunt|Pecharunt|98/100
|switch|p2a: Alomomola|Alomomola, M|100/100
|
|upkeep
|turn|16
|
|t:|1769342970
|switch|p1a: Ogerpon|Ogerpon-Wellspring, F|69/100
|move|p2a: Alomomola|Flip Turn|p1a: Ogerpon
|-heal|p1a: Ogerpon|94/100|[from] ability: Water Absorb|[of] p2a: Alomomola
|
|upkeep
|turn|17
|
|t:|1769342977
|move|p1a: Ogerpon|U-turn|p2a: Alomomola
|-damage|p2a: Alomomola|84/100
|
|t:|1769342982
|switch|p1a: Pecharunt|Pecharunt|98/100|[from] U-turn
|move|p2a: Alomomola|Acrobatics|p1a: Pecharunt
|-damage|p1a: Pecharunt|94/100
|
|upkeep
|turn|18
|
|t:|1769342990
|move|p1a: Pecharunt|Malignant Chain|p2a: Alomomola
|-damage|p2a: Alomomola|66/100
|-status|p2a: Alomomola|tox
|-start|p2a: Alomomola|confusion|[from] ability: Poison Puppeteer|[of] p1a: Pecharunt
|-activate|p2a: Alomomola|confusion
|move|p2a: Alomomola|Flip Turn|p1a: Pecharunt
|-damage|p1a: Pecharunt|87/100
|
|t:|1769343000
|switch|p2a: Corviknight|Corviknight, M|100/100|[from] Flip Turn
|-ability|p2a: Corviknight|Pressure
|
|upkeep
|turn|19
|
|t:|1769343006
|move|p1a: Pecharunt|Parting Shot|p2a: Corviknight
|-unboost|p2a: Corviknight|atk|1
|-unboost|p2a: Corviknight|spa|1
|
|t:|1769343010
|switch|p1a: Great Tusk|Great Tusk|100/100|[from] Parting Shot
|move|p2a: Corviknight|Iron Head|p1a: Great Tusk
|-damage|p1a: Great Tusk|91/100
|
|-heal|p1a: Great Tusk|97/100|[from] item: Leftovers
|upkeep
|turn|20
|
|t:|1769343021
|switch|p2a: Alomomola|Alomomola, M|99/100 tox
|move|p1a: Great Tusk|Knock Off|p2a: Alomomola
|-damage|p2a: Alomomola|81/100 tox
|-enditem|p2a: Alomomola|Assault Vest|[from] move: Knock Off|[of] p1a: Great Tusk
|
|-heal|p1a: Great Tusk|100/100|[from] item: Leftovers
|-damage|p2a: Alomomola|75/100 tox|[from] psn
|upkeep
|turn|21
|
|t:|1769343037
|-end|p1a: Great Tusk|Protosynthesis|[silent]
|switch|p1a: Ogerpon|Ogerpon-Wellspring, F|94/100
|move|p2a: Alomomola|Acrobatics|p1a: Ogerpon
|-supereffective|p1a: Ogerpon
|-damage|p1a: Ogerpon|45/100
|
|-damage|p2a: Alomomola|63/100 tox|[from] psn
|upkeep
|turn|22
|
|t:|1769343052
|switch|p1a: Pecharunt|Pecharunt|87/100
|move|p2a: Alomomola|Acrobatics|p1a: Pecharunt
|-damage|p1a: Pecharunt|78/100
|
|-damage|p2a: Alomomola|44/100 tox|[from] psn
|upkeep
|turn|23
|
|t:|1769343067
|switch|p2a: Corviknight|Corviknight, M|100/100
|-ability|p2a: Corviknight|Pressure
|move|p1a: Pecharunt|Parting Shot|p2a: Corviknight
|-unboost|p2a: Corviknight|atk|1
|-unboost|p2a: Corviknight|spa|1
|
|t:|1769343070
|switch|p1a: Rillaboom|Rillaboom, F|74/100|[from] Parting Shot
|-fieldstart|move: Grassy Terrain|[from] ability: Grassy Surge|[of] p1a: Rillaboom
|
|-heal|p1a: Rillaboom|81/100|[from] Grassy Terrain
|upkeep
|turn|24
|
|t:|1769343081
|move|p1a: Rillaboom|U-turn|p2a: Corviknight
|-resisted|p2a: Corviknight
|-damage|p2a: Corviknight|94/100
|
|t:|1769343096
|switch|p1a: Pecharunt|Pecharunt|78/100|[from] U-turn
|move|p2a: Corviknight|U-turn|p1a: Pecharunt
|-resisted|p1a: Pecharunt
|-damage|p1a: Pecharunt|77/100
|
|t:|1769343115
|switch|p2a: Dragapult|Dragapult, M|91/100|[from] U-turn
|
|-heal|p2a: Dragapult|97/100|[from] Grassy Terrain
|-heal|p1a: Pecharunt|83/100|[from] Grassy Terrain
|upkeep
|turn|25
|
|t:|1769343129
|switch|p1a: Heatran|Heatran, M, tera:Fairy|59/100
|move|p2a: Dragapult|U-turn|p1a: Heatran
|-resisted|p1a: Heatran
|-damage|p1a: Heatran|47/100
|-damage|p2a: Dragapult|87/100|[from] item: Life Orb
|
|t:|1769343140
|switch|p2a: Ambipom|Ambipom, M|100/100|[from] U-turn
|
|-heal|p1a: Heatran|53/100|[from] Grassy Terrain
|upkeep
|turn|26
|
|t:|1769343153
|move|p2a: Ambipom|Double Hit|p1a: Heatran
|-damage|p1a: Heatran|24/100
|-damage|p1a: Heatran|0 fnt
|faint|p1a: Heatran
|-hitcount|p1: Heatran|2
|
|upkeep
|
|t:|1769343166
|switch|p1a: Pecharunt|Pecharunt|83/100
|turn|27
|
|t:|1769343174
|switch|p2a: Corviknight|Corviknight, M|94/100
|-ability|p2a: Corviknight|Pressure
|move|p1a: Pecharunt|Parting Shot|p2a: Corviknight
|-unboost|p2a: Corviknight|atk|1
|-unboost|p2a: Corviknight|spa|1
|
|t:|1769343191
|switch|p1a: Great Tusk|Great Tusk|100/100|[from] Parting Shot
|
|-fieldend|move: Grassy Terrain
|upkeep
|turn|28
|
|t:|1769343210
|switch|p2a: Alomomola|Alomomola, M|77/100 tox
|move|p1a: Great Tusk|Knock Off|p2a: Alomomola
|-damage|p2a: Alomomola|65/100 tox
|
|-damage|p2a: Alomomola|59/100 tox|[from] psn
|upkeep
|turn|29
|
|t:|1769343225
|move|p1a: Great Tusk|Headlong Rush|p2a: Alomomola
|-damage|p2a: Alomomola|25/100 tox
|-unboost|p1a: Great Tusk|def|1
|-unboost|p1a: Great Tusk|spd|1
|move|p2a: Alomomola|Flip Turn|p1a: Great Tusk
|-supereffective|p1a: Great Tusk
|-damage|p1a: Great Tusk|71/100
|
|t:|1769343235
|switch|p2a: Ambipom|Ambipom, M|100/100|[from] Flip Turn
|
|-heal|p1a: Great Tusk|77/100|[from] item: Leftovers
|upkeep
|turn|30
|
|t:|1769343246
|-end|p1a: Great Tusk|Protosynthesis|[silent]
|switch|p1a: Pecharunt|Pecharunt|83/100
|move|p2a: Ambipom|Double Hit|p1a: Pecharunt
|-immune|p1a: Pecharunt
|
|upkeep
|turn|31
|
|t:|1769343263
|switch|p2a: Corviknight|Corviknight, M|94/100
|-ability|p2a: Corviknight|Pressure
|move|p1a: Pecharunt|Foul Play|p2a: Corviknight
|-damage|p2a: Corviknight|80/100
|
|upkeep
|turn|32
|
|t:|1769343274
|move|p1a: Pecharunt|Foul Play|p2a: Corviknight
|-damage|p2a: Corviknight|66/100
|move|p2a: Corviknight|Iron Head|p1a: Pecharunt
|-damage|p1a: Pecharunt|71/100
|
|upkeep
|turn|33
|
|t:|1769343281
|move|p1a: Pecharunt|Parting Shot|p2a: Corviknight
|-unboost|p2a: Corviknight|atk|1
|-unboost|p2a: Corviknight|spa|1
|
|t:|1769343287
|switch|p1a: Ogerpon|Ogerpon-Wellspring, F|45/100|[from] Parting Shot
|move|p2a: Corviknight|Iron Head|p1a: Ogerpon
|-resisted|p1a: Ogerpon
|-damage|p1a: Ogerpon|33/100
|
|upkeep
|turn|34
|
|t:|1769343296
|move|p1a: Ogerpon|Ivy Cudgel|p2a: Corviknight|[anim] Ivy Cudgel Water
|-damage|p2a: Corviknight|25/100
|move|p2a: Corviknight|U-turn|p1a: Ogerpon
|-supereffective|p1a: Ogerpon
|-damage|p1a: Ogerpon|9/100
|
|t:|1769343303
|switch|p2a: Ambipom|Ambipom, M|100/100|[from] U-turn
|
|upkeep
|turn|35
|
|t:|1769343307
|switch|p1a: Pecharunt|Pecharunt|71/100
|move|p2a: Ambipom|Knock Off|p1a: Pecharunt
|-supereffective|p1a: Pecharunt
|-damage|p1a: Pecharunt|32/100
|-enditem|p1a: Pecharunt|Heavy-Duty Boots|[from] move: Knock Off|[of] p2a: Ambipom
|
|upkeep
|turn|36
|
|t:|1769343315
|move|p2a: Ambipom|Knock Off|p1a: Pecharunt
|-supereffective|p1a: Pecharunt
|-damage|p1a: Pecharunt|7/100
|move|p1a: Pecharunt|Recover|p1a: Pecharunt
|-heal|p1a: Pecharunt|57/100
|
|upkeep
|turn|37
|
|t:|1769343326
|switch|p2a: Corviknight|Corviknight, M|25/100
|-ability|p2a: Corviknight|Pressure
|move|p1a: Pecharunt|Foul Play|p2a: Corviknight
|-damage|p2a: Corviknight|12/100
|
|upkeep
|turn|38
|
|t:|1769343334
|move|p1a: Pecharunt|Foul Play|p2a: Corviknight
|-damage|p2a: Corviknight|0 fnt
|faint|p2a: Corviknight
|
|upkeep
|
|t:|1769343343
|switch|p2a: Dragapult|Dragapult, M|87/100
|turn|39
|
|t:|1769343350
|switch|p1a: Ogerpon|Ogerpon-Wellspring, F|9/100
|move|p2a: Dragapult|Dragon Dance|p2a: Dragapult
|-boost|p2a: Dragapult|atk|1
|-boost|p2a: Dragapult|spe|1
|
|upkeep
|turn|40
|
|t:|1769343357
|move|p2a: Dragapult|Dragon Darts|p1a: Ogerpon
|-damage|p1a: Ogerpon|0 fnt
|faint|p1a: Ogerpon
|-damage|p2a: Dragapult|77/100|[from] item: Life Orb
|
|upkeep
|
|t:|1769343368
|switch|p1a: Pecharunt|Pecharunt|57/100
|turn|41
|
|t:|1769343373
|move|p2a: Dragapult|Dragon Darts|p1a: Pecharunt
|-damage|p1a: Pecharunt|34/100
|-anim|p2a: Dragapult|Dragon Darts|p1a: Pecharunt
|-damage|p1a: Pecharunt|14/100
|-damage|p2a: Dragapult|67/100|[from] item: Life Orb
|move|p1a: Pecharunt|Foul Play|p2a: Dragapult
|-supereffective|p2a: Dragapult
|-damage|p2a: Dragapult|0 fnt
|faint|p2a: Dragapult
|
|upkeep
|
|t:|1769343385
|switch|p2a: Ambipom|Ambipom, M|100/100
|turn|42
|
|t:|1769343403
|move|p2a: Ambipom|Knock Off|p1a: Pecharunt
|-supereffective|p1a: Pecharunt
|-damage|p1a: Pecharunt|0 fnt
|faint|p1a: Pecharunt
|
|upkeep
|
|t:|1769343412
|switch|p1a: Rillaboom|Rillaboom, F|81/100
|-fieldstart|move: Grassy Terrain|[from] ability: Grassy Surge|[of] p1a: Rillaboom
|turn|43
|
|t:|1769343420
|switch|p2a: Blaziken|Blaziken, M|100/100
|move|p1a: Rillaboom|Grassy Glide|p2a: Blaziken
|-resisted|p2a: Blaziken
|-damage|p2a: Blaziken|53/100
|
|-heal|p2a: Blaziken|59/100|[from] Grassy Terrain
|-heal|p1a: Rillaboom|87/100|[from] Grassy Terrain
|upkeep
|turn|44
|
|t:|1769343437
|switch|p1a: Great Tusk|Great Tusk|77/100
|move|p2a: Blaziken|Aura Sphere|p1a: Great Tusk
|-damage|p1a: Great Tusk|41/100
|
|-heal|p2a: Blaziken|65/100|[from] Grassy Terrain
|-heal|p1a: Great Tusk|47/100|[from] Grassy Terrain
|-heal|p1a: Great Tusk|53/100|[from] item: Leftovers
|-ability|p2a: Blaziken|Speed Boost|boost
|-boost|p2a: Blaziken|spe|1
|upkeep
|turn|45
|
|t:|1769343454
|switch|p2a: Alomomola|Alomomola, M|59/100 tox
|move|p1a: Great Tusk|Headlong Rush|p2a: Alomomola
|-damage|p2a: Alomomola|21/100 tox
|-unboost|p1a: Great Tusk|def|1
|-unboost|p1a: Great Tusk|spd|1
|
|-heal|p1a: Great Tusk|60/100|[from] Grassy Terrain
|-heal|p1a: Great Tusk|66/100|[from] item: Leftovers
|-heal|p2a: Alomomola|28/100 tox|[from] Grassy Terrain
|-damage|p2a: Alomomola|21/100 tox|[from] psn
|upkeep
|turn|46
|
|t:|1769343474
|move|p2a: Alomomola|Aqua Jet|p1a: Great Tusk
|-supereffective|p1a: Great Tusk
|-damage|p1a: Great Tusk|48/100
|move|p1a: Great Tusk|Headlong Rush|p2a: Alomomola
|-damage|p2a: Alomomola|0 fnt
|-unboost|p1a: Great Tusk|def|1
|-unboost|p1a: Great Tusk|spd|1
|faint|p2a: Alomomola
|
|-heal|p1a: Great Tusk|54/100|[from] Grassy Terrain
|-heal|p1a: Great Tusk|60/100|[from] item: Leftovers
|upkeep
|
|t:|1769343489
|switch|p2a: Ambipom|Ambipom, M|100/100
|turn|47
|
|t:|1769343500
|-terastallize|p2a: Ambipom|Normal
|move|p2a: Ambipom|Double Hit|p1a: Great Tusk
|-damage|p1a: Great Tusk|9/100
|-damage|p1a: Great Tusk|0 fnt
|faint|p1a: Great Tusk
|-end|p1a: Great Tusk|Protosynthesis|[silent]
|-hitcount|p1: Great Tusk|2
|
|-fieldend|move: Grassy Terrain
|upkeep
|
|t:|1769343505
|switch|p1a: Rillaboom|Rillaboom, F|87/100
|-fieldstart|move: Grassy Terrain|[from] ability: Grassy Surge|[of] p1a: Rillaboom
|turn|48
|
|t:|1769343515
|move|p1a: Rillaboom|Grassy Glide|p2a: Ambipom
|-damage|p2a: Ambipom|6/100
|move|p2a: Ambipom|Double Hit|p1a: Rillaboom
|-damage|p1a: Rillaboom|34/100
|-damage|p1a: Rillaboom|0 fnt
|faint|p1a: Rillaboom
|-hitcount|p1: Rillaboom|2
|
|win|yzyang
|raw|taikenlest's rating: 1294 &rarr; <strong>1267</strong><br />(-27 for losing)
|raw|yzyang's rating: 1267 &rarr; <strong>1294</strong><br />(+27 for winning)
|l|☆taikenlest
|player|p1|
|l|☆yzyang
|player|p2|
