|j|☆zenit011
|j|☆mamgge
|t:|1769322781
|gametype|singles
|player|p1|zenit011|n|1147
|player|p2|mamgge|red|1091
|gen|9
|tier|[Gen 9] OU
|rated|
|rule|HP Percentage Mod: HP is shown in percentages
|rule|Endless Battle Clause: Forcing endless battles is banned
|rule|Species Clause: Limit one of each Pokémon
|rule|OHKO Clause: OHKO moves are banned
|rule|Evasion Items Clause: Evasion items are banned
|rule|Evasion Moves Clause: Evasion moves are banned
|rule|Evasion Abilities Clause: Evasion abilities are banned
|rule|Sleep Moves Clause: Sleep-inducing moves are banned
|clearpoke
|poke|p1|Breloom, M|
|poke|p1|Gliscor, M|
|poke|p1|Umbreon, M|
|poke|p1|Zamazenta-*|
|poke|p1|Noivern, M|
|poke|p1|Walking Wake|
|poke|p2|Great Tusk|
|poke|p2|Dragonite, F|
|poke|p2|Iron Moth|
|poke|p2|Gallade, M|
|poke|p2|Kingambit, M|
|poke|p2|Incineroar, M|
|teampreview
|inactive|Battle timer is ON: inactive players will automatically lose when time's up. (requested by zenit011)
|
|t:|1769322793
|teamsize|p1|6
|teamsize|p2|6
|start
|switch|p1a: Walking Wake|Walking Wake|100/100
|switch|p2a: Gallade|Gallade, M, shiny|100/100
|turn|1
|
|t:|1769322803
|move|p1a: Walking Wake|Flip Turn|p2a: Gallade
|-damage|p2a: Gallade|71/100
|
|t:|1769322812
|-end|p1a: Walking Wake|Protosynthesis|[silent]
|switch|p1a: Gliscor|Gliscor, M|100/100|[from] Flip Turn
|move|p2a: Gallade|Psycho Cut|p1a: Gliscor
|-damage|p1a: Gliscor|69/100
|
|-status|p1a: Gliscor|tox|[from] item: Toxic Orb
|upkeep
|turn|2
|
|t:|1769322821
|move|p1a: Gliscor|Protect|p1a: Gliscor
|-singleturn|p1a: Gliscor|Protect
|move|p2a: Gallade|Psycho Cut|p1a: Gliscor
|-activate|p1a: Gliscor|move: Protect
|
|-heal|p1a: Gliscor|81/100 tox|[from] ability: Poison Heal
|upkeep
|turn|3
|
|t:|1769322829
|move|p2a: Gallade|Psycho Cut|p1a: Gliscor
|-crit|p1a: Gliscor
|-damage|p1a: Gliscor|33/100 tox
|move|p1a: Gliscor|Knock Off|p2a: Gallade
|-damage|p2a: Gallade|32/100
|-enditem|p2a: Gallade|Choice Scarf|[from] move: Knock Off|[of] p1a: Gliscor
|
|-heal|p1a: Gliscor|45/100 tox|[from] ability: Poison Heal
|upkeep
|turn|4
|
|t:|1769322847
|move|p2a: Gallade|Psycho Cut|p1a: Gliscor
|-damage|p1a: Gliscor|14/100 tox
|move|p1a: Gliscor|Facade|p2a: Gallade
|-damage|p2a: Gallade|0 fnt
|faint|p2a: Gallade
|
|-heal|p1a: Gliscor|26/100 tox|[from] ability: Poison Heal
|upkeep
|
|t:|1769322861
|switch|p2a: Dragonite|Dragonite, F, shiny|100/100
|turn|5
|
|t:|1769322865
|move|p2a: Dragonite|Ice Spinner|p1a: Gliscor
|-supereffective|p1a: Gliscor
|-damage|p1a: Gliscor|0 fnt
|faint|p1a: Gliscor
|
|upkeep
|
|t:|1769322877
|switch|p1a: Umbreon|Umbreon, M|100/100
|turn|6
|
|t:|1769322882
|move|p2a: Dragonite|Dragon Dance|p2a: Dragonite
|-boost|p2a: Dragonite|atk|1
|-boost|p2a: Dragonite|spe|1
|move|p1a: Umbreon|Foul Play|p2a: Dragonite
|-damage|p2a: Dragonite|53/100
|
|upkeep
|turn|7
|
|t:|1769322903
|move|p2a: Dragonite|Extreme Speed|p1a: Umbreon
|-damage|p1a: Umbreon|64/100
|move|p1a: Umbreon|Foul Play|p2a: Dragonite
|-damage|p2a: Dragonite|0 fnt
|faint|p2a: Dragonite
|
|-heal|p1a: Umbreon|71/100|[from] item: Leftovers
|upkeep
|
|t:|1769322910
|switch|p2a: Great Tusk|Great Tusk|100/100
|-enditem|p2a: Great Tusk|Booster Energy
|-activate|p2a: Great Tusk|ability: Protosynthesis|[fromitem]
|-start|p2a: Great Tusk|protosynthesisatk
|turn|8
|
|t:|1769322921
|switch|p1a: Noivern|Noivern, M|100/100
|move|p2a: Great Tusk|Stealth Rock|p1a: Noivern
|-sidestart|p1: zenit011|move: Stealth Rock
|
|upkeep
|turn|9
|
|t:|1769322927
|move|p1a: Noivern|Defog|p2a: Great Tusk
|-unboost|p2a: Great Tusk|evasion|1
|-sideend|p1: zenit011|Stealth Rock|[from] move: Defog|[of] p1a: Noivern
|move|p2a: Great Tusk|Ice Spinner|p1a: Noivern
|-supereffective|p1a: Noivern
|-damage|p1a: Noivern|0 fnt
|faint|p1a: Noivern
|
|upkeep
|
|t:|1769322937
|switch|p1a: SetasPaTodos|Breloom, M, shiny|100/100
|turn|10
|
|t:|1769322944
|-terastallize|p2a: Great Tusk|Ice
|move|p2a: Great Tusk|Ice Spinner|p1a: SetasPaTodos
|-supereffective|p1a: SetasPaTodos
|-damage|p1a: SetasPaTodos|0 fnt
|faint|p1a: SetasPaTodos
|
|upkeep
|
|t:|1769322951
|switch|p1a: Zamazenta|Zamazenta|100/100
|-ability|p1a: Zamazenta|Dauntless Shield|boost
|-boost|p1a: Zamazenta|def|1
|turn|11
|
|t:|1769322958
|move|p1a: Zamazenta|Body Press|p2a: Great Tusk
|-supereffective|p2a: Great Tusk
|-damage|p2a: Great Tusk|37/100
|move|p2a: Great Tusk|Ice Spinner|p1a: Zamazenta
|-damage|p1a: Zamazenta|73/100
|
|-heal|p1a: Zamazenta|79/100|[from] item: Leftovers
|upkeep
|turn|12
|
|t:|1769322968
|move|p1a: Zamazenta|Iron Defense|p1a: Zamazenta
|-boost|p1a: Zamazenta|def|2
|move|p2a: Great Tusk|Earthquake|p1a: Zamazenta
|-damage|p1a: Zamazenta|58/100
|
|-heal|p1a: Zamazenta|65/100|[from] item: Leftovers
|upkeep
|turn|13
|
|t:|1769322977
|move|p1a: Zamazenta|Body Press|p2a: Great Tusk
|-supereffective|p2a: Great Tusk
|-damage|p2a: Great Tusk|0 fnt
|faint|p2a: Great Tusk
|-end|p2a: Great Tusk|Protosynthesis|[silent]
|
|-heal|p1a: Zamazenta|71/100|[from] item: Leftovers
|upkeep
|
|t:|1769322984
|switch|p2a: Iron Moth|Iron Moth|100/100
|-enditem|p2a: Iron Moth|Booster Energy
|-activate|p2a: Iron Moth|ability: Quark Drive|[fromitem]
|-start|p2a: Iron Moth|quarkdrivespa
|turn|14
|
|t:|1769322992
|switch|p1a: Walking Wake|Walking Wake|100/100
|move|p2a: Iron Moth|Fiery Dance|p1a: Walking Wake
|-resisted|p1a: Walking Wake
|-damage|p1a: Walking Wake|85/100
|
|upkeep
|turn|15
|
|t:|1769323002
|move|p1a: Walking Wake|Hydro Steam|p2a: Iron Moth
|-supereffective|p2a: Iron Moth
|-damage|p2a: Iron Moth|13/100
|move|p2a: Iron Moth|Bug Buzz|p1a: Walking Wake
|-damage|p1a: Walking Wake|33/100
|
|upkeep
|turn|16
|
|t:|1769323009
|move|p1a: Walking Wake|Hydro Steam|p2a: Iron Moth
|-supereffective|p2a: Iron Moth
|-damage|p2a: Iron Moth|0 fnt
|faint|p2a: Iron Moth
|-end|p2a: Iron Moth|Quark Drive|[silent]
|
|upkeep
|
|t:|1769323016
|switch|p2a: Kingambit|Kingambit, M|100/100
|-activate|p2a: Kingambit|ability: Supreme Overlord
|-start|p2a: Kingambit|fallen4|[silent]
|turn|17
|
|t:|1769323021
|move|p1a: Walking Wake|Hydro Steam|p2a: Kingambit
|-damage|p2a: Kingambit|50/100
|move|p2a: Kingambit|Air Slash|p1a: Walking Wake
|-damage|p1a: Walking Wake|16/100
|
|upkeep
|turn|18
|
|t:|1769323028
|move|p1a: Walking Wake|Hydro Steam|p2a: Kingambit
|-damage|p2a: Kingambit|3/100
|move|p2a: Kingambit|Kowtow Cleave|p1a: Walking Wake
|-damage|p1a: Walking Wake|0 fnt
|faint|p1a: Walking Wake
|-end|p1a: Walking Wake|Protosynthesis|[silent]
|
|upkeep
|
|t:|1769323037
|switch|p1a: Zamazenta|Zamazenta|71/100
|turn|19
|
|t:|1769323041
|-terastallize|p1a: Zamazenta|Steel
|move|p1a: Zamazenta|Iron Defense|p1a: Zamazenta
|-boost|p1a: Zamazenta|def|2
|move|p2a: Kingambit|Air Slash|p1a: Zamazenta
|-resisted|p1a: Zamazenta
|-damage|p1a: Zamazenta|66/100
|
|-heal|p1a: Zamazenta|72/100|[from] item: Leftovers
|upkeep
|turn|20
|
|t:|1769323051
|move|p1a: Zamazenta|Iron Defense|p1a: Zamazenta
|-boost|p1a: Zamazenta|def|2
|move|p2a: Kingambit|Kowtow Cleave|p1a: Zamazenta
|-damage|p1a: Zamazenta|56/100
|
|-heal|p1a: Zamazenta|63/100|[from] item: Leftovers
|upkeep
|turn|21
|
|t:|1769323060
|-end|p2a: Kingambit|fallen4|[silent]
|switch|p2a: Incineroar|Incineroar, M, shiny|100/100
|-ability|p2a: Incineroar|Intimidate|boost
|-unboost|p1a: Zamazenta|atk|1
|-item|p2a: Incineroar|Air Balloon
|move|p1a: Zamazenta|Iron Defense|p1a: Zamazenta
|-boost|p1a: Zamazenta|def|2
|
|-heal|p1a: Zamazenta|69/100|[from] item: Leftovers
|upkeep
|turn|22
|
|t:|1769323072
|move|p1a: Zamazenta|Body Press|p2a: Incineroar
|-supereffective|p2a: Incineroar
|-damage|p2a: Incineroar|0 fnt
|-enditem|p2a: Incineroar|Air Balloon
|faint|p2a: Incineroar
|
|-heal|p1a: Zamazenta|75/100|[from] item: Leftovers
|upkeep
|-message|mamgge forfeited.
|
|win|zenit011
|raw|zenit011's rating: 1147 &rarr; <strong>1168</strong><br />(+21 for winning)
|raw|mamgge's rating: 1091 &rarr; <strong>1071</strong><br />(-20 for losing)
|l|☆mamgge
|player|p2|
|l|☆zenit011
|player|p1|
