|j|☆The_Kerminator8
|j|☆los chipirones
|t:|1769428749
|gametype|singles
|player|p1|The_Kerminator8|waiter-gen4dp|1147
|player|p2|los chipirones|170|1204
|gen|9
|tier|[Gen 9] OU
|rated|
|rule|HP Percentage Mod: HP is shown in percentages
|rule|Endless Battle Clause: Forcing endless battles is banned
|rule|Species Clause: Limit one of each Pokémon
|rule|OHKO Clause: OHKO moves are banned
|rule|Evasion Items Clause: Evasion items are banned
|rule|Evasion Moves Clause: Evasion moves are banned
|rule|Evasion Abilities Clause: Evasion abilities are banned
|rule|Sleep Moves Clause: Sleep-inducing moves are banned
|clearpoke
|poke|p1|Tyranitar, M|
|poke|p1|Excadrill, M|
|poke|p1|Hydrapple, M|
|poke|p1|Enamorus, F|
|poke|p1|Garganacl, M|
|poke|p1|Alomomola, F|
|poke|p2|Suicune|
|poke|p2|Raikou|
|poke|p2|Entei|
|poke|p2|Zapdos|
|poke|p2|Articuno|
|poke|p2|Moltres|
|teampreview
|
|t:|1769428767
|teamsize|p1|6
|teamsize|p2|6
|start
|switch|p1a: Tyranitar|Tyranitar, M|100/100
|switch|p2a: Raikou|Raikou|100/100
|-ability|p2a: Raikou|Pressure
|-weather|Sandstorm|[from] ability: Sand Stream|[of] p1a: Tyranitar
|turn|1
|
|t:|1769428773
|move|p2a: Raikou|Substitute|p2a: Raikou
|-start|p2a: Raikou|Substitute
|-damage|p2a: Raikou|76/100
|move|p1a: Tyranitar|Knock Off|p2a: Raikou
|-end|p2a: Raikou|Substitute
|
|-weather|Sandstorm|[upkeep]
|-damage|p2a: Raikou|69/100|[from] Sandstorm
|-heal|p2a: Raikou|76/100|[from] item: Leftovers
|upkeep
|turn|2
|
|t:|1769428781
|switch|p2a: Zapdos|Zapdos|100/100
|-ability|p2a: Zapdos|Pressure
|move|p1a: Tyranitar|Knock Off|p2a: Zapdos
|-damage|p2a: Zapdos|40/100
|-enditem|p2a: Zapdos|Heavy-Duty Boots|[from] move: Knock Off|[of] p1a: Tyranitar
|
|-weather|Sandstorm|[upkeep]
|-damage|p2a: Zapdos|33/100|[from] Sandstorm
|upkeep
|turn|3
|
|t:|1769428791
|move|p2a: Zapdos|Roost|p2a: Zapdos
|-heal|p2a: Zapdos|83/100
|-singleturn|p2a: Zapdos|move: Roost
|move|p1a: Tyranitar|Knock Off|p2a: Zapdos
|-damage|p2a: Zapdos|46/100
|
|-weather|Sandstorm|[upkeep]
|-damage|p2a: Zapdos|40/100|[from] Sandstorm
|upkeep
|turn|4
|
|t:|1769428800
|switch|p1a: Excadrill|Excadrill, M|100/100
|move|p2a: Zapdos|Roost|p2a: Zapdos
|-heal|p2a: Zapdos|90/100
|-singleturn|p2a: Zapdos|move: Roost
|
|-weather|Sandstorm|[upkeep]
|-damage|p2a: Zapdos|83/100|[from] Sandstorm
|upkeep
|turn|5
|
|t:|1769428808
|move|p1a: Excadrill|Substitute|p1a: Excadrill
|-start|p1a: Excadrill|Substitute
|-damage|p1a: Excadrill|76/100
|move|p2a: Zapdos|Heat Wave|p1a: Excadrill
|-supereffective|p1a: Excadrill
|-end|p1a: Excadrill|Substitute
|
|-weather|none
|-heal|p1a: Excadrill|82/100|[from] item: Leftovers
|upkeep
|turn|6
|
|t:|1769428818
|switch|p1a: Tyranitar|Tyranitar, M|100/100
|-weather|Sandstorm|[from] ability: Sand Stream|[of] p1a: Tyranitar
|move|p2a: Zapdos|U-turn|p1a: Tyranitar
|-supereffective|p1a: Tyranitar
|-damage|p1a: Tyranitar|78/100
|
|t:|1769428826
|switch|p2a: Suicune|Suicune|100/100|[from] U-turn
|-ability|p2a: Suicune|Pressure
|
|-weather|Sandstorm|[upkeep]
|-damage|p2a: Suicune|94/100|[from] Sandstorm
|-heal|p2a: Suicune|100/100|[from] item: Leftovers
|upkeep
|turn|7
|
|t:|1769428867
|move|p1a: Tyranitar|Knock Off|p2a: Suicune
|-damage|p2a: Suicune|50/100
|-enditem|p2a: Suicune|Leftovers|[from] move: Knock Off|[of] p1a: Tyranitar
|move|p2a: Suicune|Scald|p1a: Tyranitar
|-supereffective|p1a: Tyranitar
|-damage|p1a: Tyranitar|46/100
|
|-weather|Sandstorm|[upkeep]
|-damage|p2a: Suicune|44/100|[from] Sandstorm
|upkeep
|turn|8
|
|t:|1769428888
|switch|p1a: Alomomola|Alomomola, F|100/100
|move|p2a: Suicune|Rest|p2a: Suicune
|-status|p2a: Suicune|slp|[from] move: Rest
|-heal|p2a: Suicune|100/100 slp|[silent]
|
|-weather|Sandstorm|[upkeep]
|-damage|p2a: Suicune|94/100 slp|[from] Sandstorm
|-damage|p1a: Alomomola|94/100|[from] Sandstorm
|upkeep
|turn|9
|
|t:|1769428898
|cant|p2a: Suicune|slp
|move|p2a: Suicune|Sleep Talk|p2a: Suicune
|move|p2a: Suicune|Scald|p1a: Alomomola|[from] move: Sleep Talk
|-resisted|p1a: Alomomola
|-damage|p1a: Alomomola|87/100
|-status|p1a: Alomomola|brn
|move|p1a: Alomomola|Flip Turn|p2a: Suicune
|-resisted|p2a: Suicune
|-damage|p2a: Suicune|92/100 slp
|
|t:|1769428918
|switch|p1a: Hydrapple|Hydrapple, M|100/100|[from] Flip Turn
|
|-weather|Sandstorm|[upkeep]
|-damage|p2a: Suicune|86/100 slp|[from] Sandstorm
|-damage|p1a: Hydrapple|94/100|[from] Sandstorm
|upkeep
|turn|10
|
|t:|1769428924
|switch|p2a: Articuno|Articuno|100/100
|-ability|p2a: Articuno|Pressure
|move|p1a: Hydrapple|Nasty Plot|p1a: Hydrapple
|-boost|p1a: Hydrapple|spa|2
|
|-weather|none
|upkeep
|turn|11
|
|t:|1769428933
|-terastallize|p1a: Hydrapple|Poison
|move|p2a: Articuno|Substitute|p2a: Articuno
|-start|p2a: Articuno|Substitute
|-damage|p2a: Articuno|75/100
|move|p1a: Hydrapple|Draco Meteor|p2a: Articuno|[miss]
|-miss|p1a: Hydrapple|p2a: Articuno
|
|upkeep
|turn|12
|-message|The_Kerminator8 forfeited.
|
|win|los chipirones
|raw|The_Kerminator8's rating: 1147 &rarr; <strong>1126</strong><br />(-21 for losing)
|raw|los chipirones's rating: 1204 &rarr; <strong>1225</strong><br />(+21 for winning)
|l|☆The_Kerminator8
|player|p1|
