|j|☆sulfura152
|j|☆Jrm-gray
|t:|1769360947
|gametype|singles
|player|p1|sulfura152|266|
|player|p2|Jrm-gray|blue|
|gen|9
|tier|[Gen 9] OU
|rated|Tournament battle
|rule|HP Percentage Mod: HP is shown in percentages
|rule|Endless Battle Clause: Forcing endless battles is banned
|rule|Species Clause: Limit one of each Pokémon
|rule|OHKO Clause: OHKO moves are banned
|rule|Evasion Items Clause: Evasion items are banned
|rule|Evasion Moves Clause: Evasion moves are banned
|rule|Evasion Abilities Clause: Evasion abilities are banned
|rule|Sleep Moves Clause: Sleep-inducing moves are banned
|clearpoke
|poke|p1|Kleavor, M|
|poke|p1|Brambleghast, F|
|poke|p1|Moltres|
|poke|p1|Mamoswine, F|
|poke|p1|Pecharunt|
|poke|p1|Kingambit, F|
|poke|p2|Zapdos|
|poke|p2|Sinistcha|
|poke|p2|Garchomp, F|
|poke|p2|Darkrai|
|poke|p2|Tinkaton, F|
|poke|p2|Zamazenta-*|
|teampreview
|inactive|Battle timer is ON: inactive players will automatically lose when time's up. (requested by sulfura152)
|c|☆sulfura152|Glhf
|c|☆Jrm-gray|gl hf
|c|☆Jrm-gray|je te croise enfin hors RU
|
|t:|1769360976
|teamsize|p1|6
|teamsize|p2|6
|start
|switch|p1a: Mamoswine|Mamoswine, F|100/100
|switch|p2a: Zamazenta|Zamazenta|100/100
|-ability|p2a: Zamazenta|Dauntless Shield|boost
|-boost|p2a: Zamazenta|def|1
|turn|1
|
|t:|1769360981
|move|p2a: Zamazenta|Stone Edge|p1a: Mamoswine
|-damage|p1a: Mamoswine|66/100
|move|p1a: Mamoswine|Endeavor|p2a: Zamazenta
|-damage|p2a: Zamazenta|69/100
|
|upkeep
|turn|2
|j| rubikokoko
|
|t:|1769360986
|switch|p1a: Pecharunt|Pecharunt|100/100
|-item|p1a: Pecharunt|Air Balloon
|move|p2a: Zamazenta|Close Combat|p1a: Pecharunt
|-immune|p1a: Pecharunt
|
|upkeep
|turn|3
|
|t:|1769361000
|switch|p2a: Tinkaton|Tinkaton, F|100/100
|-ability|p2a: Tinkaton|Mold Breaker
|move|p1a: Pecharunt|Malignant Chain|p2a: Tinkaton
|-immune|p2a: Tinkaton
|
|upkeep
|turn|4
|
|t:|1769361003
|switch|p1a: Moltres|Moltres|100/100
|move|p2a: Tinkaton|Stealth Rock|p1a: Moltres
|-sidestart|p1: sulfura152|move: Stealth Rock
|
|upkeep
|turn|5
|c| rubikokoko|c'est sa la team troll
|
|t:|1769361029
|switch|p2a: Garchomp|Garchomp, F|100/100
|move|p1a: Moltres|Tailwind|p1a: Moltres
|-sidestart|p1: sulfura152|move: Tailwind
|
|upkeep
|turn|6
|l| rubikokoko
|
|t:|1769361056
|move|p1a: Moltres|U-turn|p2a: Garchomp
|-damage|p2a: Garchomp|92/100
|-damage|p1a: Moltres|88/100|[from] ability: Rough Skin|[of] p2a: Garchomp
|-damage|p1a: Moltres|72/100|[from] item: Rocky Helmet|[of] p2a: Garchomp
|
|t:|1769361059
|switch|p1a: Brambleghast|Brambleghast, F|100/100|[from] U-turn
|-damage|p1a: Brambleghast|88/100|[from] Stealth Rock
|-ability|p1a: Brambleghast|Wind Rider|boost
|-boost|p1a: Brambleghast|atk|1
|move|p2a: Garchomp|Dragon Tail|p1a: Brambleghast
|-damage|p1a: Brambleghast|41/100
|drag|p1a: Pecharunt|Pecharunt|100/100
|-damage|p1a: Pecharunt|88/100|[from] Stealth Rock
|-item|p1a: Pecharunt|Air Balloon
|
|upkeep
|turn|7
|
|t:|1769361073
|switch|p2a: Tinkaton|Tinkaton, F|100/100
|-ability|p2a: Tinkaton|Mold Breaker
|move|p1a: Pecharunt|Shadow Ball|p2a: Tinkaton
|-damage|p2a: Tinkaton|79/100
|
|-heal|p2a: Tinkaton|85/100|[from] item: Leftovers
|upkeep
|turn|8
|
|t:|1769361076
|move|p1a: Pecharunt|Nasty Plot|p1a: Pecharunt
|-boost|p1a: Pecharunt|spa|2
|move|p2a: Tinkaton|Thunder Wave|p1a: Pecharunt
|-status|p1a: Pecharunt|par
|
|-heal|p2a: Tinkaton|91/100|[from] item: Leftovers
|-sideend|p1: sulfura152|move: Tailwind
|upkeep
|turn|9
|
|t:|1769361080
|move|p2a: Tinkaton|Encore|p1a: Pecharunt
|-start|p1a: Pecharunt|Encore
|move|p1a: Pecharunt|Nasty Plot|p1a: Pecharunt
|-boost|p1a: Pecharunt|spa|2
|
|-heal|p2a: Tinkaton|97/100|[from] item: Leftovers
|upkeep
|turn|10
|
|t:|1769361087
|switch|p1a: Moltres|Moltres|72/100
|move|p2a: Tinkaton|Thunder Wave|p1a: Moltres
|-status|p1a: Moltres|par
|
|-heal|p2a: Tinkaton|100/100|[from] item: Leftovers
|upkeep
|turn|11
|
|t:|1769361096
|switch|p2a: Garchomp|Garchomp, F|92/100
|cant|p1a: Moltres|par
|
|upkeep
|turn|12
|
|t:|1769361100
|move|p2a: Garchomp|Spikes|p1a: Moltres
|-sidestart|p1: sulfura152|Spikes
|move|p1a: Moltres|Tailwind|p1a: Moltres
|-sidestart|p1: sulfura152|move: Tailwind
|
|upkeep
|turn|13
|
|t:|1769361106
|cant|p1a: Moltres|par
|move|p2a: Garchomp|Dragon Tail|p1a: Moltres
|-damage|p1a: Moltres|42/100 par
|drag|p1a: Brambleghast|Brambleghast, F|41/100
|-damage|p1a: Brambleghast|29/100|[from] Stealth Rock
|-damage|p1a: Brambleghast|16/100|[from] Spikes
|-ability|p1a: Brambleghast|Wind Rider|boost
|-boost|p1a: Brambleghast|atk|1
|
|upkeep
|turn|14
|
|t:|1769361113
|move|p1a: Brambleghast|Strength Sap|p2a: Garchomp
|-unboost|p2a: Garchomp|atk|1
|-heal|p1a: Brambleghast|100/100
|move|p2a: Garchomp|Dragon Tail|p1a: Brambleghast
|-damage|p1a: Brambleghast|67/100
|drag|p1a: Kleavor|Kleavor, M|100/100
|-damage|p1a: Kleavor|76/100|[from] Stealth Rock
|-damage|p1a: Kleavor|63/100|[from] Spikes
|
|upkeep
|turn|15
|
|t:|1769361122
|move|p1a: Kleavor|X-Scissor|p2a: Garchomp
|-damage|p2a: Garchomp|52/100
|-damage|p1a: Kleavor|51/100|[from] ability: Rough Skin|[of] p2a: Garchomp
|-damage|p1a: Kleavor|34/100|[from] item: Rocky Helmet|[of] p2a: Garchomp
|move|p2a: Garchomp|Earthquake|p1a: Kleavor
|-damage|p1a: Kleavor|0 fnt
|faint|p1a: Kleavor
|
|-sideend|p1: sulfura152|move: Tailwind
|upkeep
|
|t:|1769361126
|switch|p1a: Mamoswine|Mamoswine, F|66/100
|-damage|p1a: Mamoswine|53/100|[from] Stealth Rock
|-damage|p1a: Mamoswine|41/100|[from] Spikes
|turn|16
|j|+MrPioupiou
|
|t:|1769361146
|switch|p2a: Tinkaton|Tinkaton, F|100/100
|-ability|p2a: Tinkaton|Mold Breaker
|move|p1a: Mamoswine|Ice Shard|p2a: Tinkaton
|-resisted|p2a: Tinkaton
|-damage|p2a: Tinkaton|88/100
|
|-heal|p2a: Tinkaton|94/100|[from] item: Leftovers
|upkeep
|turn|17
|
|t:|1769361154
|move|p2a: Tinkaton|Gigaton Hammer|p1a: Mamoswine
|-supereffective|p1a: Mamoswine
|-damage|p1a: Mamoswine|0 fnt
|faint|p1a: Mamoswine
|
|-heal|p2a: Tinkaton|99/100|[from] item: Leftovers
|upkeep
|
|t:|1769361157
|switch|p1a: Moltres|Moltres|42/100 par
|turn|18
|
|t:|1769361167
|switch|p2a: Zapdos|Zapdos|100/100
|cant|p1a: Moltres|par
|
|upkeep
|turn|19
|
|t:|1769361176
|move|p2a: Zapdos|Discharge|p1a: Moltres
|-supereffective|p1a: Moltres
|-damage|p1a: Moltres|0 fnt
|faint|p1a: Moltres
|
|upkeep
|
|t:|1769361182
|switch|p1a: Brambleghast|Brambleghast, F|67/100
|-damage|p1a: Brambleghast|55/100|[from] Stealth Rock
|-damage|p1a: Brambleghast|42/100|[from] Spikes
|turn|20
|j| Fidel67
|
|t:|1769361190
|-terastallize|p1a: Brambleghast|Ghost
|move|p1a: Brambleghast|Strength Sap|p2a: Zapdos
|-unboost|p2a: Zapdos|atk|1
|-heal|p1a: Brambleghast|100/100
|move|p2a: Zapdos|Discharge|p1a: Brambleghast
|-crit|p1a: Brambleghast
|-damage|p1a: Brambleghast|17/100
|
|upkeep
|turn|21
|
|t:|1769361196
|move|p1a: Brambleghast|Poltergeist|p2a: Zapdos
|-activate|p2a: Zapdos|move: Poltergeist|Heavy-Duty Boots
|-damage|p2a: Zapdos|33/100
|-damage|p1a: Brambleghast|7/100|[from] item: Life Orb
|move|p2a: Zapdos|Discharge|p1a: Brambleghast
|-damage|p1a: Brambleghast|0 fnt
|faint|p1a: Brambleghast
|
|upkeep
|
|t:|1769361198
|switch|p1a: Pecharunt|Pecharunt|88/100 par
|-damage|p1a: Pecharunt|76/100 par|[from] Stealth Rock
|-item|p1a: Pecharunt|Air Balloon
|turn|22
|
|t:|1769361206
|move|p2a: Zapdos|U-turn|p1a: Pecharunt
|-resisted|p1a: Pecharunt
|-damage|p1a: Pecharunt|74/100 par
|-enditem|p1a: Pecharunt|Air Balloon
|
|t:|1769361209
|switch|p2a: Tinkaton|Tinkaton, F|99/100|[from] U-turn
|-ability|p2a: Tinkaton|Mold Breaker
|cant|p1a: Pecharunt|par
|
|-heal|p2a: Tinkaton|100/100|[from] item: Leftovers
|upkeep
|turn|23
|
|t:|1769361214
|switch|p2a: Zapdos|Zapdos|33/100
|move|p1a: Pecharunt|Shadow Ball|p2a: Zapdos
|-damage|p2a: Zapdos|8/100
|
|upkeep
|turn|24
|c|☆Jrm-gray|aie le miss click
|inactive|Jrm-gray has 120 seconds left.
|
|t:|1769361251
|move|p2a: Zapdos|Roost|p2a: Zapdos
|-heal|p2a: Zapdos|58/100
|-singleturn|p2a: Zapdos|move: Roost
|move|p1a: Pecharunt|Nasty Plot|p1a: Pecharunt
|-boost|p1a: Pecharunt|spa|2
|
|upkeep
|turn|25
|inactive|Jrm-gray has 120 seconds left.
|inactive|sulfura152 has 120 seconds left.
|inactive|sulfura152 has 90 seconds left.
|inactive|sulfura152 has 60 seconds left.
|
|t:|1769361355
|move|p2a: Zapdos|Hurricane|p1a: Pecharunt|[miss]
|-miss|p2a: Zapdos|p1a: Pecharunt
|move|p1a: Pecharunt|Shadow Ball|p2a: Zapdos
|-damage|p2a: Zapdos|10/100
|
|upkeep
|turn|26
|l|+MrPioupiou
|inactive|Jrm-gray has 120 seconds left.
|
|t:|1769361378
|move|p2a: Zapdos|Discharge|p1a: Pecharunt
|-damage|p1a: Pecharunt|43/100 par
|move|p1a: Pecharunt|Malignant Chain|p2a: Zapdos
|-damage|p2a: Zapdos|0 fnt
|faint|p2a: Zapdos
|
|upkeep
|
|t:|1769361388
|switch|p2a: Sinistcha|Sinistcha|100/100
|turn|27
|
|t:|1769361400
|move|p2a: Sinistcha|Shadow Ball|p1a: Pecharunt
|-supereffective|p1a: Pecharunt
|-damage|p1a: Pecharunt|0 fnt
|faint|p1a: Pecharunt
|
|upkeep
|
|t:|1769361401
|switch|p1a: Kingambit|Kingambit, F|100/100
|-damage|p1a: Kingambit|94/100|[from] Stealth Rock
|-damage|p1a: Kingambit|82/100|[from] Spikes
|-activate|p1a: Kingambit|ability: Supreme Overlord
|-start|p1a: Kingambit|fallen5|[silent]
|turn|28
|
|t:|1769361408
|move|p1a: Kingambit|Swords Dance|p1a: Kingambit
|-boost|p1a: Kingambit|atk|2
|move|p2a: Sinistcha|Strength Sap|p1a: Kingambit
|-unboost|p1a: Kingambit|atk|1
|
|upkeep
|turn|29
|inactive|Jrm-gray has 120 seconds left.
|
|t:|1769361442
|switch|p2a: Darkrai|Darkrai|100/100
|move|p1a: Kingambit|Swords Dance|p1a: Kingambit
|-boost|p1a: Kingambit|atk|2
|
|upkeep
|turn|30
|inactive|sulfura152 has 90 seconds left.
|
|t:|1769361452
|move|p2a: Darkrai|Will-O-Wisp|p1a: Kingambit
|-status|p1a: Kingambit|brn
|move|p1a: Kingambit|Low Kick|p2a: Darkrai
|-supereffective|p2a: Darkrai
|-damage|p2a: Darkrai|0 fnt
|faint|p2a: Darkrai
|
|-damage|p1a: Kingambit|76/100 brn|[from] brn
|upkeep
|-message|sulfura152 forfeited.
|
|win|Jrm-gray
|n|☆sulfura152|sulfura152
|n|☆Jrm-gray|jrmgray
|n| Fidel67|fidel67
|l|☆sulfura152
|player|p1|
|c|☆Jrm-gray|gg
