|j|☆choicesocks
|j|☆Akanekyoko
|t:|1769423754
|gametype|singles
|player|p1|choicesocks|169|1387
|player|p2|Akanekyoko|266|1462
|gen|9
|tier|[Gen 9] OU
|rated|
|rule|HP Percentage Mod: HP is shown in percentages
|rule|Endless Battle Clause: Forcing endless battles is banned
|rule|Species Clause: Limit one of each Pokémon
|rule|OHKO Clause: OHKO moves are banned
|rule|Evasion Items Clause: Evasion items are banned
|rule|Evasion Moves Clause: Evasion moves are banned
|rule|Evasion Abilities Clause: Evasion abilities are banned
|rule|Sleep Moves Clause: Sleep-inducing moves are banned
|clearpoke
|poke|p1|Hydrapple, M|
|poke|p1|Tyranitar, F|
|poke|p1|Talonflame, F|
|poke|p1|Zamazenta-*|
|poke|p1|Slowking-Galar, F|
|poke|p1|Excadrill, F|
|poke|p2|Rillaboom, M|
|poke|p2|Alomomola, M|
|poke|p2|Heatran, M|
|poke|p2|Gliscor, F|
|poke|p2|Weezing-Galar, F|
|poke|p2|Kingambit, F|
|teampreview
|inactive|Battle timer is ON: inactive players will automatically lose when time's up. (requested by Akanekyoko)
|
|t:|1769423773
|teamsize|p1|6
|teamsize|p2|6
|start
|switch|p1a: Tyranitar|Tyranitar, F|100/100
|switch|p2a: Rillaboom|Rillaboom, M|100/100
|-weather|Sandstorm|[from] ability: Sand Stream|[of] p1a: Tyranitar
|-fieldstart|move: Grassy Terrain|[from] ability: Grassy Surge|[of] p2a: Rillaboom
|turn|1
|
|t:|1769423782
|switch|p1a: Talonflame|Talonflame, F|100/100
|move|p2a: Rillaboom|Wood Hammer|p1a: Talonflame
|-resisted|p1a: Talonflame
|-damage|p1a: Talonflame|72/100
|-damage|p2a: Rillaboom|92/100|[from] Recoil
|
|-weather|Sandstorm|[upkeep]
|-damage|p1a: Talonflame|66/100|[from] Sandstorm
|-damage|p2a: Rillaboom|86/100|[from] Sandstorm
|-heal|p2a: Rillaboom|92/100|[from] Grassy Terrain
|upkeep
|turn|2
|
|t:|1769423795
|switch|p2a: Heatran|Heatran, M, shiny|100/100
|move|p1a: Talonflame|Will-O-Wisp|p2a: Heatran
|-start|p2a: Heatran|ability: Flash Fire
|
|-weather|Sandstorm|[upkeep]
|-damage|p1a: Talonflame|60/100|[from] Sandstorm
|upkeep
|turn|3
|
|t:|1769423805
|switch|p1a: Tyranitar|Tyranitar, F|100/100
|-terastallize|p2a: Heatran|Fire
|move|p2a: Heatran|Overheat|p1a: Tyranitar
|-resisted|p1a: Tyranitar
|-damage|p1a: Tyranitar|30/100
|-unboost|p2a: Heatran|spa|2
|
|-weather|Sandstorm|[upkeep]
|-damage|p2a: Heatran|94/100|[from] Sandstorm
|-heal|p1a: Tyranitar|36/100|[from] Grassy Terrain
|-heal|p2a: Heatran|100/100|[from] Grassy Terrain
|upkeep
|turn|4
|
|t:|1769423825
|-end|p2a: Heatran|ability: Flash Fire|[silent]
|switch|p2a: Alomomola|Alomomola, M|100/100
|move|p1a: Tyranitar|Knock Off|p2a: Alomomola
|-damage|p2a: Alomomola|69/100
|-damage|p1a: Tyranitar|20/100|[from] item: Rocky Helmet|[of] p2a: Alomomola
|-enditem|p2a: Alomomola|Rocky Helmet|[from] move: Knock Off|[of] p1a: Tyranitar
|
|-weather|Sandstorm|[upkeep]
|-damage|p2a: Alomomola|63/100|[from] Sandstorm
|-heal|p1a: Tyranitar|26/100|[from] Grassy Terrain
|-heal|p2a: Alomomola|69/100|[from] Grassy Terrain
|upkeep
|turn|5
|inactive|choicesocks has 120 seconds left.
|
|t:|1769423846
|switch|p1a: Hydrapple|Hydrapple, M|100/100
|move|p2a: Alomomola|Flip Turn|p1a: Hydrapple
|-resisted|p1a: Hydrapple
|-damage|p1a: Hydrapple|98/100
|
|t:|1769423854
|switch|p2a: Heatran|Heatran, M, shiny, tera:Fire|100/100|[from] Flip Turn
|
|-weather|Sandstorm|[upkeep]
|-damage|p2a: Heatran|94/100|[from] Sandstorm
|-damage|p1a: Hydrapple|92/100|[from] Sandstorm
|-heal|p2a: Heatran|100/100|[from] Grassy Terrain
|-heal|p1a: Hydrapple|98/100|[from] Grassy Terrain
|-fieldend|move: Grassy Terrain
|upkeep
|turn|6
|inactive|choicesocks has 120 seconds left.
|
|t:|1769423872
|move|p2a: Heatran|Overheat|p1a: Hydrapple|[miss]
|-miss|p2a: Heatran|p1a: Hydrapple
|move|p1a: Hydrapple|Earth Power|p2a: Heatran
|-supereffective|p2a: Heatran
|-damage|p2a: Heatran|51/100
|
|-weather|Sandstorm|[upkeep]
|-damage|p2a: Heatran|45/100|[from] Sandstorm
|-damage|p1a: Hydrapple|92/100|[from] Sandstorm
|upkeep
|turn|7
|inactive|choicesocks has 120 seconds left.
|
|t:|1769423884
|switch|p1a: Slowking|Slowking-Galar, F|100/100
|move|p2a: Heatran|Overheat|p1a: Slowking
|-damage|p1a: Slowking|16/100
|-unboost|p2a: Heatran|spa|2
|
|-weather|Sandstorm|[upkeep]
|-damage|p2a: Heatran|39/100|[from] Sandstorm
|-damage|p1a: Slowking|10/100|[from] Sandstorm
|upkeep
|turn|8
|inactive|choicesocks has 120 seconds left.
|
|t:|1769423898
|switch|p1a: Talonflame|Talonflame, F|60/100
|move|p2a: Heatran|Overheat|p1a: Talonflame
|-resisted|p1a: Talonflame
|-damage|p1a: Talonflame|16/100
|-unboost|p2a: Heatran|spa|2
|
|-weather|none
|upkeep
|turn|9
|inactive|choicesocks has 120 seconds left.
|
|t:|1769423908
|switch|p2a: Alomomola|Alomomola, M|100/100
|move|p1a: Talonflame|Roost|p1a: Talonflame
|-heal|p1a: Talonflame|66/100
|-singleturn|p1a: Talonflame|move: Roost
|
|upkeep
|turn|10
|
|t:|1769423916
|move|p1a: Talonflame|Will-O-Wisp|p2a: Alomomola
|-status|p2a: Alomomola|brn
|move|p2a: Alomomola|Wish|p2a: Alomomola
|
|-damage|p2a: Alomomola|94/100 brn|[from] brn
|upkeep
|turn|11
|
|t:|1769423924
|move|p1a: Talonflame|Roost|p1a: Talonflame
|-heal|p1a: Talonflame|100/100
|-singleturn|p1a: Talonflame|move: Roost
|move|p2a: Alomomola|Flip Turn|p1a: Talonflame
|-supereffective|p1a: Talonflame
|-damage|p1a: Talonflame|86/100
|
|t:|1769423931
|switch|p2a: Heatran|Heatran, M, shiny, tera:Fire|39/100|[from] Flip Turn
|
|-heal|p2a: Heatran|100/100|[from] move: Wish|[wisher] Alomomola
|upkeep
|turn|12
|
|t:|1769423940
|switch|p2a: Gliscor|Gliscor, F|100/100
|move|p1a: Talonflame|Roost|p1a: Talonflame
|-heal|p1a: Talonflame|100/100
|-singleturn|p1a: Talonflame|move: Roost
|
|-status|p2a: Gliscor|tox|[from] item: Toxic Orb
|upkeep
|turn|13
|
|t:|1769423950
|switch|p1a: Hydrapple|Hydrapple, M|100/100
|move|p2a: Gliscor|Knock Off|p1a: Hydrapple
|-damage|p1a: Hydrapple|87/100
|-enditem|p1a: Hydrapple|Heavy-Duty Boots|[from] move: Knock Off|[of] p2a: Gliscor
|
|upkeep
|turn|14
|
|t:|1769423966
|switch|p2a: Weezing|Weezing-Galar, F|100/100
|move|p1a: Hydrapple|Nasty Plot|p1a: Hydrapple
|-boost|p1a: Hydrapple|spa|2
|
|upkeep
|turn|15
|
|t:|1769423990
|switch|p1a: Tyranitar|Tyranitar, F|26/100
|-weather|Sandstorm|[from] ability: Sand Stream|[of] p1a: Tyranitar
|move|p2a: Weezing|Will-O-Wisp|p1a: Tyranitar
|-status|p1a: Tyranitar|brn
|
|-weather|Sandstorm|[upkeep]
|-damage|p2a: Weezing|95/100|[from] Sandstorm
|-heal|p2a: Weezing|100/100|[from] item: Black Sludge
|-damage|p1a: Tyranitar|20/100 brn|[from] brn
|upkeep
|turn|16
|
|t:|1769424004
|switch|p2a: Gliscor|Gliscor, F|100/100 tox
|move|p1a: Tyranitar|Stealth Rock|p2a: Gliscor
|-sidestart|p2: Akanekyoko|move: Stealth Rock
|
|-weather|Sandstorm|[upkeep]
|-damage|p1a: Tyranitar|13/100 brn|[from] brn
|upkeep
|turn|17
|
|t:|1769424016
|switch|p1a: Talonflame|Talonflame, F|100/100
|switch|p2a: Weezing|Weezing-Galar, F|100/100
|-damage|p2a: Weezing|88/100|[from] Stealth Rock
|
|-weather|Sandstorm|[upkeep]
|-damage|p1a: Talonflame|94/100|[from] Sandstorm
|-damage|p2a: Weezing|82/100|[from] Sandstorm
|-heal|p2a: Weezing|88/100|[from] item: Black Sludge
|upkeep
|turn|18
|
|t:|1769424031
|move|p1a: Talonflame|Will-O-Wisp|p2a: Weezing
|-status|p2a: Weezing|brn
|move|p2a: Weezing|Defog|p1a: Talonflame
|-unboost|p1a: Talonflame|evasion|1
|-sideend|p2: Akanekyoko|Stealth Rock|[from] move: Defog|[of] p2a: Weezing
|
|-weather|Sandstorm|[upkeep]
|-damage|p1a: Talonflame|88/100|[from] Sandstorm
|-damage|p2a: Weezing|82/100 brn|[from] Sandstorm
|-heal|p2a: Weezing|88/100 brn|[from] item: Black Sludge
|-damage|p2a: Weezing|82/100 brn|[from] brn
|upkeep
|turn|19
|
|t:|1769424044
|switch|p1a: Tyranitar|Tyranitar, F|13/100 brn
|switch|p2a: Gliscor|Gliscor, F|100/100 tox
|
|-weather|Sandstorm|[upkeep]
|-damage|p1a: Tyranitar|7/100 brn|[from] brn
|upkeep
|turn|20
|
|t:|1769424056
|move|p1a: Tyranitar|Stealth Rock|p2a: Gliscor
|-sidestart|p2: Akanekyoko|move: Stealth Rock
|move|p2a: Gliscor|Knock Off|p1a: Tyranitar
|-resisted|p1a: Tyranitar
|-damage|p1a: Tyranitar|0 fnt
|-enditem|p1a: Tyranitar|Smooth Rock|[from] move: Knock Off|[of] p2a: Gliscor
|faint|p1a: Tyranitar
|
|-weather|Sandstorm|[upkeep]
|upkeep
|inactive|choicesocks has 120 seconds left.
|
|t:|1769424074
|switch|p1a: Slowking|Slowking-Galar, F|43/100
|turn|21
|
|t:|1769424081
|switch|p1a: Talonflame|Talonflame, F|88/100
|move|p2a: Gliscor|Knock Off|p1a: Talonflame
|-damage|p1a: Talonflame|68/100
|-enditem|p1a: Talonflame|Heavy-Duty Boots|[from] move: Knock Off|[of] p2a: Gliscor
|
|-weather|Sandstorm|[upkeep]
|-damage|p1a: Talonflame|62/100|[from] Sandstorm
|upkeep
|turn|22
|
|t:|1769424091
|switch|p1a: Excadrill|Excadrill, F|100/100
|-item|p1a: Excadrill|Air Balloon
|move|p2a: Gliscor|Stealth Rock|p1a: Excadrill
|-sidestart|p1: choicesocks|move: Stealth Rock
|
|-weather|none
|upkeep
|turn|23
|inactive|choicesocks has 120 seconds left.
|
|t:|1769424110
|move|p1a: Excadrill|Swords Dance|p1a: Excadrill
|-boost|p1a: Excadrill|atk|2
|move|p2a: Gliscor|Knock Off|p1a: Excadrill
|-damage|p1a: Excadrill|69/100
|-enditem|p1a: Excadrill|Air Balloon
|
|upkeep
|turn|24
|
|t:|1769424120
|move|p1a: Excadrill|Iron Head|p2a: Gliscor
|-damage|p2a: Gliscor|28/100 tox
|move|p2a: Gliscor|Earthquake|p1a: Excadrill
|-supereffective|p1a: Excadrill
|-damage|p1a: Excadrill|0 fnt
|faint|p1a: Excadrill
|
|-heal|p2a: Gliscor|41/100 tox|[from] ability: Poison Heal
|upkeep
|inactive|choicesocks has 120 seconds left.
|
|t:|1769424130
|switch|p1a: Hydrapple|Hydrapple, M|100/100
|-damage|p1a: Hydrapple|88/100|[from] Stealth Rock
|turn|25
|
|t:|1769424137
|switch|p2a: Weezing|Weezing-Galar, F|82/100 brn
|-damage|p2a: Weezing|70/100 brn|[from] Stealth Rock
|move|p1a: Hydrapple|Nasty Plot|p1a: Hydrapple
|-boost|p1a: Hydrapple|spa|2
|
|-heal|p2a: Weezing|76/100 brn|[from] item: Black Sludge
|-damage|p2a: Weezing|70/100 brn|[from] brn
|upkeep
|turn|26
|inactive|choicesocks has 120 seconds left.
|
|t:|1769424153
|-terastallize|p1a: Hydrapple|Poison
|move|p2a: Weezing|Defog|p1a: Hydrapple
|-unboost|p1a: Hydrapple|evasion|1
|-sideend|p1: choicesocks|Stealth Rock|[from] move: Defog|[of] p2a: Weezing
|-sideend|p2: Akanekyoko|Stealth Rock|[from] move: Defog|[of] p2a: Weezing
|move|p1a: Hydrapple|Giga Drain|p2a: Weezing
|-resisted|p2a: Weezing
|-damage|p2a: Weezing|27/100 brn
|-heal|p1a: Hydrapple|100/100|[from] drain|[of] p2a: Weezing
|
|-heal|p2a: Weezing|33/100 brn|[from] item: Black Sludge
|-damage|p2a: Weezing|27/100 brn|[from] brn
|upkeep
|turn|27
|inactive|choicesocks has 120 seconds left.
|
|t:|1769424169
|move|p2a: Weezing|Pain Split|p1a: Hydrapple
|-sethp|p1a: Hydrapple|61/100|[from] move: Pain Split|[silent]
|-sethp|p2a: Weezing|74/100 brn|[from] move: Pain Split
|move|p1a: Hydrapple|Giga Drain|p2a: Weezing
|-resisted|p2a: Weezing
|-damage|p2a: Weezing|29/100 brn
|-heal|p1a: Hydrapple|80/100|[from] drain|[of] p2a: Weezing
|
|-heal|p2a: Weezing|35/100 brn|[from] item: Black Sludge
|-damage|p2a: Weezing|29/100 brn|[from] brn
|upkeep
|turn|28
|inactive|choicesocks has 120 seconds left.
|
|t:|1769424181
|move|p2a: Weezing|Pain Split|p1a: Hydrapple
|-sethp|p1a: Hydrapple|52/100|[from] move: Pain Split|[silent]
|-sethp|p2a: Weezing|63/100 brn|[from] move: Pain Split
|move|p1a: Hydrapple|Nasty Plot|p1a: Hydrapple
|-boost|p1a: Hydrapple|spa|2
|
|-heal|p2a: Weezing|69/100 brn|[from] item: Black Sludge
|-damage|p2a: Weezing|63/100 brn|[from] brn
|upkeep
|turn|29
|inactive|choicesocks has 120 seconds left.
|
|t:|1769424192
|move|p2a: Weezing|Will-O-Wisp|p1a: Hydrapple
|-status|p1a: Hydrapple|brn
|move|p1a: Hydrapple|Giga Drain|p2a: Weezing
|-resisted|p2a: Weezing
|-damage|p2a: Weezing|0 fnt
|-heal|p1a: Hydrapple|78/100 brn|[from] drain|[of] p2a: Weezing
|faint|p2a: Weezing
|
|-damage|p1a: Hydrapple|72/100 brn|[from] brn
|upkeep
|
|t:|1769424206
|switch|p2a: Heatran|Heatran, M, shiny, tera:Fire|100/100
|turn|30
|
|t:|1769424214
|move|p2a: Heatran|Overheat|p1a: Hydrapple
|-damage|p1a: Hydrapple|0 fnt
|-unboost|p2a: Heatran|spa|2
|faint|p1a: Hydrapple
|
|upkeep
|inactive|choicesocks has 120 seconds left.
|
|t:|1769424229
|switch|p1a: Slowking|Slowking-Galar, F|77/100
|turn|31
|
|t:|1769424237
|switch|p2a: Gliscor|Gliscor, F|41/100 tox
|move|p1a: Slowking|Sludge Bomb|p2a: Gliscor
|-resisted|p2a: Gliscor
|-damage|p2a: Gliscor|26/100 tox
|
|-heal|p2a: Gliscor|39/100 tox|[from] ability: Poison Heal
|upkeep
|turn|32
|
|t:|1769424246
|move|p2a: Gliscor|Stealth Rock|p1a: Slowking
|-sidestart|p1: choicesocks|move: Stealth Rock
|move|p1a: Slowking|Ice Beam|p2a: Gliscor
|-supereffective|p2a: Gliscor
|-damage|p2a: Gliscor|0 fnt
|faint|p2a: Gliscor
|
|upkeep
|
|t:|1769424254
|switch|p2a: Kingambit|Kingambit, F|100/100
|-activate|p2a: Kingambit|ability: Supreme Overlord
|-start|p2a: Kingambit|fallen2|[silent]
|turn|33
|
|t:|1769424259
|switch|p1a: Talonflame|Talonflame, F|62/100
|-damage|p1a: Talonflame|12/100|[from] Stealth Rock
|move|p2a: Kingambit|Kowtow Cleave|p1a: Talonflame
|-damage|p1a: Talonflame|0 fnt
|faint|p1a: Talonflame
|
|upkeep
|
|t:|1769424268
|switch|p1a: Zamazenta|Zamazenta|100/100
|-damage|p1a: Zamazenta|94/100|[from] Stealth Rock
|-ability|p1a: Zamazenta|Dauntless Shield|boost
|-boost|p1a: Zamazenta|def|1
|turn|34
|
|t:|1769424276
|-end|p2a: Kingambit|fallen2|[silent]
|switch|p2a: Heatran|Heatran, M, shiny, tera:Fire|100/100
|move|p1a: Zamazenta|Iron Defense|p1a: Zamazenta
|-boost|p1a: Zamazenta|def|2
|
|-heal|p1a: Zamazenta|100/100|[from] item: Leftovers
|upkeep
|turn|35
|
|t:|1769424285
|move|p1a: Zamazenta|Body Press|p2a: Heatran
|-damage|p2a: Heatran|22/100
|move|p2a: Heatran|Overheat|p1a: Zamazenta
|-damage|p1a: Zamazenta|0 fnt
|-unboost|p2a: Heatran|spa|2
|faint|p1a: Zamazenta
|
|upkeep
|-message|choicesocks forfeited.
|
|win|Akanekyoko
|raw|choicesocks's rating: 1387 &rarr; <strong>1371</strong><br />(-16 for losing)
|raw|Akanekyoko's rating: 1462 &rarr; <strong>1478</strong><br />(+16 for winning)
|l|☆choicesocks
|player|p1|
|l|☆Akanekyoko
|player|p2|
