|j|☆vacineee
|j|☆quoge gaming
|t:|1769411879
|gametype|singles
|player|p1|vacineee|parasollady-gen4|1521
|player|p2|quoge gaming|clay|1546
|gen|9
|tier|[Gen 9] OU
|rated|
|rule|HP Percentage Mod: HP is shown in percentages
|rule|Endless Battle Clause: Forcing endless battles is banned
|rule|Species Clause: Limit one of each Pokémon
|rule|OHKO Clause: OHKO moves are banned
|rule|Evasion Items Clause: Evasion items are banned
|rule|Evasion Moves Clause: Evasion moves are banned
|rule|Evasion Abilities Clause: Evasion abilities are banned
|rule|Sleep Moves Clause: Sleep-inducing moves are banned
|clearpoke
|poke|p1|Hoopa-Unbound|
|poke|p1|Rillaboom, M|
|poke|p1|Iron Hands|
|poke|p1|Slowking-Galar, F|
|poke|p1|Great Tusk|
|poke|p1|Heatran, F|
|poke|p2|Crawdaunt, F|
|poke|p2|Pelipper, F|
|poke|p2|Barraskewda, F|
|poke|p2|Raging Bolt|
|poke|p2|Iron Crown|
|poke|p2|Iron Treads|
|teampreview
|
|t:|1769411888
|teamsize|p1|6
|teamsize|p2|6
|start
|switch|p1a: Rillaboom|Rillaboom, M|100/100
|switch|p2a: Pelipper|Pelipper, F|100/100
|-fieldstart|move: Grassy Terrain|[from] ability: Grassy Surge|[of] p1a: Rillaboom
|-weather|RainDance|[from] ability: Drizzle|[of] p2a: Pelipper
|turn|1
|
|t:|1769411894
|switch|p2a: Iron Treads|Iron Treads|100/100
|-enditem|p2a: Iron Treads|Booster Energy
|-activate|p2a: Iron Treads|ability: Quark Drive|[fromitem]
|-start|p2a: Iron Treads|quarkdrivespe
|move|p1a: Rillaboom|Wood Hammer|p2a: Iron Treads
|-damage|p2a: Iron Treads|0 fnt
|faint|p2a: Iron Treads
|-end|p2a: Iron Treads|Quark Drive|[silent]
|-damage|p1a: Rillaboom|69/100|[from] Recoil
|
|-weather|RainDance|[upkeep]
|-heal|p1a: Rillaboom|76/100|[from] Grassy Terrain
|upkeep
|j| nitroLazer120
|j| Fifo drummer
|
|t:|1769411929
|switch|p2a: Barraskewda|Barraskewda, F|100/100
|turn|2
|inactive|Battle timer is ON: inactive players will automatically lose when time's up. (requested by vacineee)
|
|t:|1769411933
|move|p2a: Barraskewda|Poison Jab|p1a: Rillaboom
|-supereffective|p1a: Rillaboom
|-damage|p1a: Rillaboom|0 fnt
|faint|p1a: Rillaboom
|
|-weather|RainDance|[upkeep]
|upkeep
|
|t:|1769411941
|switch|p1a: Hoopa|Hoopa-Unbound|100/100
|-enditem|p1a: Hoopa|Grassy Seed
|-boost|p1a: Hoopa|def|1|[from] item: Grassy Seed
|turn|3
|
|t:|1769411958
|switch|p2a: Iron Crown|Iron Crown|100/100
|move|p1a: Hoopa|Drain Punch|p2a: Iron Crown
|-damage|p2a: Iron Crown|77/100
|-item|p1a: Hoopa|Assault Vest|[from] ability: Magician|[of] p2a: Iron Crown
|
|-weather|RainDance|[upkeep]
|-heal|p2a: Iron Crown|83/100|[from] Grassy Terrain
|upkeep
|turn|4
|
|t:|1769411965
|move|p2a: Iron Crown|Tachyon Cutter|p1a: Hoopa
|-damage|p1a: Hoopa|88/100
|-damage|p1a: Hoopa|73/100
|-hitcount|p1a: Hoopa|2
|move|p1a: Hoopa|Dark Pulse|p2a: Iron Crown
|-supereffective|p2a: Iron Crown
|-damage|p2a: Iron Crown|0 fnt
|faint|p2a: Iron Crown
|-end|p2a: Iron Crown|Quark Drive|[silent]
|
|-weather|RainDance|[upkeep]
|-heal|p1a: Hoopa|79/100|[from] Grassy Terrain
|upkeep
|
|t:|1769411975
|switch|p2a: Crawdaunt|Crawdaunt, F|100/100
|turn|5
|
|t:|1769411978
|move|p1a: Hoopa|Drain Punch|p2a: Crawdaunt
|-supereffective|p2a: Crawdaunt
|-damage|p2a: Crawdaunt|35/100
|-heal|p1a: Hoopa|100/100|[from] drain|[of] p2a: Crawdaunt
|move|p2a: Crawdaunt|Crabhammer|p1a: Hoopa
|-damage|p1a: Hoopa|0 fnt
|faint|p1a: Hoopa
|-damage|p2a: Crawdaunt|25/100|[from] item: Life Orb
|
|-weather|RainDance|[upkeep]
|-heal|p2a: Crawdaunt|31/100|[from] Grassy Terrain
|-fieldend|move: Grassy Terrain
|upkeep
|j| MakX70
|
|t:|1769411992
|switch|p1a: Iron Hands|Iron Hands, shiny|100/100
|turn|6
|
|t:|1769411997
|move|p2a: Crawdaunt|Crabhammer|p1a: Iron Hands
|-damage|p1a: Iron Hands|0 fnt
|faint|p1a: Iron Hands
|-end|p1a: Iron Hands|Quark Drive|[silent]
|-damage|p2a: Crawdaunt|21/100|[from] item: Life Orb
|
|-weather|RainDance|[upkeep]
|upkeep
|
|t:|1769412002
|switch|p1a: Great Tusk|Great Tusk|100/100
|-enditem|p1a: Great Tusk|Booster Energy
|-activate|p1a: Great Tusk|ability: Protosynthesis|[fromitem]
|-start|p1a: Great Tusk|protosynthesisspe
|turn|7
|
|t:|1769412008
|move|p1a: Great Tusk|Headlong Rush|p2a: Crawdaunt
|-damage|p2a: Crawdaunt|0 fnt
|-unboost|p1a: Great Tusk|def|1
|-unboost|p1a: Great Tusk|spd|1
|faint|p2a: Crawdaunt
|
|-weather|RainDance|[upkeep]
|upkeep
|
|t:|1769412012
|switch|p2a: Barraskewda|Barraskewda, F|100/100
|turn|8
|
|t:|1769412020
|-end|p1a: Great Tusk|Protosynthesis|[silent]
|switch|p1a: Heatran|Heatran, F|100/100
|-item|p1a: Heatran|Air Balloon
|move|p2a: Barraskewda|Liquidation|p1a: Heatran
|-supereffective|p1a: Heatran
|-damage|p1a: Heatran|0 fnt
|-enditem|p1a: Heatran|Air Balloon
|faint|p1a: Heatran
|
|-weather|none
|upkeep
|
|t:|1769412024
|switch|p1a: Slowking|Slowking-Galar, F|100/100
|turn|9
|
|t:|1769412035
|-terastallize|p1a: Slowking|Water
|move|p2a: Barraskewda|Liquidation|p1a: Slowking
|-resisted|p1a: Slowking
|-damage|p1a: Slowking|66/100
|-unboost|p1a: Slowking|def|1
|move|p1a: Slowking|Future Sight|p2a: Barraskewda
|-start|p1a: Slowking|move: Future Sight
|
|upkeep
|turn|10
|
|t:|1769412047
|switch|p2a: Raging Bolt|Raging Bolt|100/100
|move|p1a: Slowking|Thunder Wave|p2a: Raging Bolt
|-immune|p2a: Raging Bolt
|
|upkeep
|turn|11
|
|t:|1769412054
|move|p2a: Raging Bolt|Calm Mind|p2a: Raging Bolt
|-boost|p2a: Raging Bolt|spa|1
|-boost|p2a: Raging Bolt|spd|1
|-prepare|p1a: Slowking|Chilly Reception|[premajor]
|move|p1a: Slowking|Chilly Reception|p1a: Slowking
|-weather|Snowscape
|
|t:|1769412056
|switch|p1a: Great Tusk|Great Tusk|100/100|[from] Chilly Reception
|
|-weather|Snowscape|[upkeep]
|-end|p2a: Raging Bolt|move: Future Sight
|-damage|p2a: Raging Bolt|75/100
|-heal|p2a: Raging Bolt|81/100|[from] item: Leftovers
|upkeep
|turn|12
|
|t:|1769412065
|-terastallize|p2a: Raging Bolt|Bug
|move|p1a: Great Tusk|Headlong Rush|p2a: Raging Bolt
|-resisted|p2a: Raging Bolt
|-damage|p2a: Raging Bolt|57/100
|-unboost|p1a: Great Tusk|def|1
|-unboost|p1a: Great Tusk|spd|1
|move|p2a: Raging Bolt|Weather Ball|p1a: Great Tusk
|-supereffective|p1a: Great Tusk
|-damage|p1a: Great Tusk|0 fnt
|faint|p1a: Great Tusk
|-end|p1a: Great Tusk|Protosynthesis|[silent]
|
|-weather|Snowscape|[upkeep]
|-heal|p2a: Raging Bolt|63/100|[from] item: Leftovers
|upkeep
|
|t:|1769412070
|switch|p1a: Slowking|Slowking-Galar, F, tera:Water|99/100
|turn|13
|-message|vacineee forfeited.
|
|win|quoge gaming
|raw|vacineee's rating: 1521 &rarr; <strong>1502</strong><br />(-19 for losing)
|raw|quoge gaming's rating: 1546 &rarr; <strong>1565</strong><br />(+19 for winning)
|l|☆vacineee
|player|p1|
|l| MakX70
|l| nitroLazer120
