|j|☆Dragonite carry
|j|☆Galarapio
|t:|1769324044
|gametype|singles
|player|p1|Dragonite carry|1|1361
|player|p2|Galarapio|265|1286
|gen|9
|tier|[Gen 9] OU
|rated|
|rule|HP Percentage Mod: HP is shown in percentages
|rule|Endless Battle Clause: Forcing endless battles is banned
|rule|Species Clause: Limit one of each Pokémon
|rule|OHKO Clause: OHKO moves are banned
|rule|Evasion Items Clause: Evasion items are banned
|rule|Evasion Moves Clause: Evasion moves are banned
|rule|Evasion Abilities Clause: Evasion abilities are banned
|rule|Sleep Moves Clause: Sleep-inducing moves are banned
|clearpoke
|poke|p1|Dragonite, M|
|poke|p1|Iron Valiant|
|poke|p1|Iron Moth|
|poke|p1|Primarina, M|
|poke|p1|Corviknight, F|
|poke|p1|Zapdos|
|poke|p2|Indeedee, M|
|poke|p2|Armarouge, F|
|poke|p2|Hawlucha, F|
|poke|p2|Chansey, F|
|poke|p2|Corviknight, M|
|poke|p2|Clodsire, M|
|teampreview
|inactive|Battle timer is ON: inactive players will automatically lose when time's up. (requested by Galarapio)
|inactive|Dragonite carry also wants the timer to be on.
|
|t:|1769324067
|teamsize|p1|6
|teamsize|p2|6
|start
|switch|p1a: Zapdos|Zapdos|100/100
|switch|p2a: Indeedee|Indeedee, M|100/100
|-fieldstart|move: Psychic Terrain|[from] ability: Psychic Surge|[of] p2a: Indeedee
|turn|1
|
|t:|1769324073
|move|p1a: Zapdos|Thunder Wave|p2a: Indeedee|[miss]
|-miss|p1a: Zapdos|p2a: Indeedee
|move|p2a: Indeedee|Expanding Force|p1a: Zapdos
|-damage|p1a: Zapdos|27/100
|
|upkeep
|turn|2
|
|t:|1769324078
|move|p1a: Zapdos|Hurricane|p2a: Indeedee
|-damage|p2a: Indeedee|29/100
|move|p2a: Indeedee|Expanding Force|p1a: Zapdos
|-damage|p1a: Zapdos|0 fnt
|faint|p1a: Zapdos
|
|upkeep
|
|t:|1769324090
|switch|p1a: Iron Moth|Iron Moth|100/100
|-enditem|p1a: Iron Moth|Booster Energy
|-activate|p1a: Iron Moth|ability: Quark Drive|[fromitem]
|-start|p1a: Iron Moth|quarkdrivespa
|turn|3
|
|t:|1769324096
|switch|p2a: Chansey|Chansey, F|100/100
|move|p1a: Iron Moth|Fiery Dance|p2a: Chansey
|-damage|p2a: Chansey|88/100
|
|upkeep
|turn|4
|
|t:|1769324104
|move|p1a: Iron Moth|Toxic|p2a: Chansey
|-status|p2a: Chansey|tox
|move|p2a: Chansey|Thunder Wave|p1a: Iron Moth
|-status|p1a: Iron Moth|par
|
|-damage|p2a: Chansey|82/100 tox|[from] psn
|upkeep
|turn|5
|
|t:|1769324111
|move|p1a: Iron Moth|Fiery Dance|p2a: Chansey
|-damage|p2a: Chansey|69/100 tox
|-boost|p1a: Iron Moth|spa|1
|move|p2a: Chansey|Heal Bell|p2a: Chansey
|-activate|p2a: Chansey|move: Heal Bell
|-curestatus|p2a: Chansey|tox|[msg]
|
|upkeep
|turn|6
|
|t:|1769324117
|move|p1a: Iron Moth|Toxic|p2a: Chansey
|-status|p2a: Chansey|tox
|move|p2a: Chansey|Seismic Toss|p1a: Iron Moth
|-damage|p1a: Iron Moth|67/100 par
|
|-damage|p2a: Chansey|63/100 tox|[from] psn
|upkeep
|turn|7
|
|t:|1769324122
|cant|p1a: Iron Moth|par
|move|p2a: Chansey|Soft-Boiled|p2a: Chansey
|-heal|p2a: Chansey|100/100 tox
|
|-damage|p2a: Chansey|88/100 tox|[from] psn
|upkeep
|turn|8
|
|t:|1769324125
|move|p1a: Iron Moth|Sludge Wave|p2a: Chansey
|-damage|p2a: Chansey|67/100 tox
|move|p2a: Chansey|Heal Bell|p2a: Chansey
|-activate|p2a: Chansey|move: Heal Bell
|-curestatus|p2a: Chansey|tox|[msg]
|
|-fieldend|move: Psychic Terrain
|upkeep
|turn|9
|
|t:|1769324138
|move|p1a: Iron Moth|Fiery Dance|p2a: Chansey
|-damage|p2a: Chansey|48/100
|move|p2a: Chansey|Seismic Toss|p1a: Iron Moth
|-damage|p1a: Iron Moth|34/100 par
|
|upkeep
|turn|10
|
|t:|1769324145
|move|p1a: Iron Moth|Toxic|p2a: Chansey
|-status|p2a: Chansey|tox
|move|p2a: Chansey|Seismic Toss|p1a: Iron Moth
|-damage|p1a: Iron Moth|1/100 par
|
|-damage|p2a: Chansey|42/100 tox|[from] psn
|upkeep
|turn|11
|
|t:|1769324149
|move|p1a: Iron Moth|Psychic|p2a: Chansey
|-damage|p2a: Chansey|27/100 tox
|move|p2a: Chansey|Seismic Toss|p1a: Iron Moth
|-damage|p1a: Iron Moth|0 fnt
|faint|p1a: Iron Moth
|-end|p1a: Iron Moth|Quark Drive|[silent]
|
|-damage|p2a: Chansey|15/100 tox|[from] psn
|upkeep
|
|t:|1769324155
|switch|p1a: Dragonite|Dragonite, M|100/100
|turn|12
|
|t:|1769324161
|-curestatus|p2a: Chansey|tox|[from] ability: Natural Cure
|switch|p2a: Corviknight|Corviknight, M|100/100
|move|p1a: Dragonite|Extreme Speed|p2a: Corviknight
|-resisted|p2a: Corviknight
|-damage|p2a: Corviknight|91/100
|-damage|p1a: Dragonite|84/100|[from] item: Rocky Helmet|[of] p2a: Corviknight
|
|upkeep
|turn|13
|
|t:|1769324171
|switch|p1a: Primarina|Primarina, M|100/100
|move|p2a: Corviknight|Iron Defense|p2a: Corviknight
|-boost|p2a: Corviknight|def|2
|
|upkeep
|turn|14
|
|t:|1769324176
|switch|p2a: Indeedee|Indeedee, M|29/100
|-fieldstart|move: Psychic Terrain|[from] ability: Psychic Surge|[of] p2a: Indeedee
|move|p1a: Primarina|Surf|p2a: Indeedee
|-damage|p2a: Indeedee|0 fnt
|faint|p2a: Indeedee
|
|upkeep
|
|t:|1769324195
|switch|p2a: Clodsire|Clodsire, M|100/100
|turn|15
|
|t:|1769324201
|-terastallize|p2a: Clodsire|Poison
|move|p1a: Primarina|Ice Beam|p2a: Clodsire
|-crit|p2a: Clodsire
|-damage|p2a: Clodsire|67/100
|move|p2a: Clodsire|Toxic|p1a: Primarina
|-status|p1a: Primarina|tox
|
|-heal|p2a: Clodsire|73/100|[from] item: Leftovers
|-damage|p1a: Primarina|94/100 tox|[from] psn
|upkeep
|turn|16
|
|t:|1769324210
|move|p1a: Primarina|Moonblast|p2a: Clodsire
|-resisted|p2a: Clodsire
|-damage|p2a: Clodsire|55/100
|move|p2a: Clodsire|Toxic|p1a: Primarina
|-fail|p1a: Primarina|tox
|
|-heal|p2a: Clodsire|61/100|[from] item: Leftovers
|-damage|p1a: Primarina|82/100 tox|[from] psn
|upkeep
|turn|17
|
|t:|1769324219
|move|p1a: Primarina|Surf|p2a: Clodsire
|-damage|p2a: Clodsire|25/100
|move|p2a: Clodsire|Recover|p2a: Clodsire
|-heal|p2a: Clodsire|75/100
|
|-heal|p2a: Clodsire|82/100|[from] item: Leftovers
|-damage|p1a: Primarina|64/100 tox|[from] psn
|upkeep
|turn|18
|
|t:|1769324224
|move|p2a: Clodsire|Protect|p2a: Clodsire
|-singleturn|p2a: Clodsire|Protect
|move|p1a: Primarina|Psychic Noise|p2a: Clodsire
|-activate|p2a: Clodsire|move: Protect
|
|-heal|p2a: Clodsire|88/100|[from] item: Leftovers
|-damage|p1a: Primarina|40/100 tox|[from] psn
|upkeep
|turn|19
|
|t:|1769324229
|move|p1a: Primarina|Psychic Noise|p2a: Clodsire
|-crit|p2a: Clodsire
|-damage|p2a: Clodsire|48/100
|-start|p2a: Clodsire|move: Heal Block
|cant|p2a: Clodsire|move: Heal Block|Recover
|
|-damage|p1a: Primarina|10/100 tox|[from] psn
|upkeep
|turn|20
|
|t:|1769324240
|move|p2a: Clodsire|Protect|p2a: Clodsire
|-singleturn|p2a: Clodsire|Protect
|move|p1a: Primarina|Psychic Noise|p2a: Clodsire
|-activate|p2a: Clodsire|move: Protect
|
|-damage|p1a: Primarina|0 fnt|[from] psn
|faint|p1a: Primarina
|-end|p2a: Clodsire|move: Heal Block
|upkeep
|
|t:|1769324249
|switch|p1a: Dragonite|Dragonite, M|84/100
|turn|21
|
|t:|1769324253
|-terastallize|p1a: Dragonite|Steel
|move|p1a: Dragonite|Earthquake|p2a: Clodsire
|-supereffective|p2a: Clodsire
|-damage|p2a: Clodsire|0 fnt
|faint|p2a: Clodsire
|
|-fieldend|move: Psychic Terrain
|upkeep
|
|t:|1769324265
|switch|p2a: Hawlucha|Hawlucha, F|100/100
|turn|22
|
|t:|1769324279
|move|p2a: Hawlucha|Close Combat|p1a: Dragonite
|-supereffective|p1a: Dragonite
|-damage|p1a: Dragonite|0 fnt
|-unboost|p2a: Hawlucha|def|1
|-unboost|p2a: Hawlucha|spd|1
|faint|p1a: Dragonite
|
|upkeep
|
|t:|1769324281
|switch|p1a: Iron Valiant|Iron Valiant|100/100
|-enditem|p1a: Iron Valiant|Booster Energy
|-activate|p1a: Iron Valiant|ability: Quark Drive|[fromitem]
|-start|p1a: Iron Valiant|quarkdrivespe
|turn|23
|
|t:|1769324289
|move|p1a: Iron Valiant|Moonblast|p2a: Hawlucha
|-supereffective|p2a: Hawlucha
|-damage|p2a: Hawlucha|0 fnt
|faint|p2a: Hawlucha
|
|upkeep
|
|t:|1769324293
|switch|p2a: Chansey|Chansey, F|15/100
|turn|24
|
|t:|1769324300
|move|p1a: Iron Valiant|Knock Off|p2a: Chansey
|-damage|p2a: Chansey|0 fnt
|-enditem|p2a: Chansey|Eviolite|[from] move: Knock Off|[of] p1a: Iron Valiant
|faint|p2a: Chansey
|
|upkeep
|
|t:|1769324306
|switch|p2a: Armarouge|Armarouge, F|100/100
|turn|25
|
|t:|1769324315
|move|p2a: Armarouge|Endure|p2a: Armarouge
|-singleturn|p2a: Armarouge|move: Endure
|move|p1a: Iron Valiant|Knock Off|p2a: Armarouge
|-supereffective|p2a: Armarouge
|-damage|p2a: Armarouge|32/100
|-ability|p2a: Armarouge|Weak Armor|boost
|-unboost|p2a: Armarouge|def|1
|-boost|p2a: Armarouge|spe|2
|-enditem|p2a: Armarouge|Weakness Policy
|-boost|p2a: Armarouge|atk|2|[from] item: Weakness Policy
|-boost|p2a: Armarouge|spa|2|[from] item: Weakness Policy
|
|upkeep
|turn|26
|
|t:|1769324322
|move|p1a: Iron Valiant|Knock Off|p2a: Armarouge
|-supereffective|p2a: Armarouge
|-damage|p2a: Armarouge|0 fnt
|faint|p2a: Armarouge
|
|upkeep
|
|t:|1769324326
|switch|p2a: Corviknight|Corviknight, M|91/100
|turn|27
|
|t:|1769324331
|move|p1a: Iron Valiant|Close Combat|p2a: Corviknight
|-damage|p2a: Corviknight|51/100
|-unboost|p1a: Iron Valiant|def|1
|-unboost|p1a: Iron Valiant|spd|1
|-damage|p1a: Iron Valiant|84/100|[from] item: Rocky Helmet|[of] p2a: Corviknight
|move|p2a: Corviknight|Iron Defense|p2a: Corviknight
|-boost|p2a: Corviknight|def|2
|
|upkeep
|turn|28
|
|t:|1769324343
|move|p1a: Iron Valiant|Encore|p2a: Corviknight
|-start|p2a: Corviknight|Encore
|move|p2a: Corviknight|Iron Defense|p2a: Corviknight
|-boost|p2a: Corviknight|def|2
|
|upkeep
|turn|29
|
|t:|1769324348
|move|p1a: Iron Valiant|Moonblast|p2a: Corviknight
|-resisted|p2a: Corviknight
|-damage|p2a: Corviknight|32/100
|-ability|p2a: Corviknight|Mirror Armor
|-unboost|p1a: Iron Valiant|spa|1
|move|p2a: Corviknight|Iron Defense|p2a: Corviknight
|-boost|p2a: Corviknight|def|2
|
|upkeep
|turn|30
|
|t:|1769324360
|move|p1a: Iron Valiant|Moonblast|p2a: Corviknight
|-resisted|p2a: Corviknight
|-damage|p2a: Corviknight|20/100
|move|p2a: Corviknight|Iron Defense|p2a: Corviknight
|-boost|p2a: Corviknight|def|0
|
|-end|p2a: Corviknight|Encore
|upkeep
|turn|31
|
|t:|1769324364
|move|p1a: Iron Valiant|Encore|p2a: Corviknight
|-start|p2a: Corviknight|Encore
|move|p2a: Corviknight|Iron Defense|p2a: Corviknight
|-boost|p2a: Corviknight|def|0
|
|upkeep
|turn|32
|
|t:|1769324366
|move|p1a: Iron Valiant|Moonblast|p2a: Corviknight
|-resisted|p2a: Corviknight
|-damage|p2a: Corviknight|7/100
|move|p2a: Corviknight|Iron Defense|p2a: Corviknight
|-boost|p2a: Corviknight|def|0
|
|upkeep
|turn|33
|
|t:|1769324369
|move|p1a: Iron Valiant|Moonblast|p2a: Corviknight
|-resisted|p2a: Corviknight
|-damage|p2a: Corviknight|0 fnt
|faint|p2a: Corviknight
|
|win|Dragonite carry
|raw|Dragonite carry's rating: 1361 &rarr; <strong>1377</strong><br />(+16 for winning)
|raw|Galarapio's rating: 1286 &rarr; <strong>1266</strong><br />(-20 for losing)
|l|☆Galarapio
|player|p2|
|l|☆Dragonite carry
|player|p1|
