|j|☆asisisi
|j|☆kuraiyagare
|t:|1769437932
|gametype|singles
|player|p1|asisisi|hooligans|1307
|player|p2|kuraiyagare|mars|1308
|gen|9
|tier|[Gen 9] OU
|rated|
|rule|HP Percentage Mod: HP is shown in percentages
|rule|Endless Battle Clause: Forcing endless battles is banned
|rule|Species Clause: Limit one of each Pokémon
|rule|OHKO Clause: OHKO moves are banned
|rule|Evasion Items Clause: Evasion items are banned
|rule|Evasion Moves Clause: Evasion moves are banned
|rule|Evasion Abilities Clause: Evasion abilities are banned
|rule|Sleep Moves Clause: Sleep-inducing moves are banned
|clearpoke
|poke|p1|Dondozo, M|
|poke|p1|Garganacl, F|
|poke|p1|Glimmora, F|
|poke|p1|Blissey, F|
|poke|p1|Skeledirge, M|
|poke|p1|Corviknight, M|
|poke|p2|Bastiodon, F|
|poke|p2|Gardevoir, M|
|poke|p2|Talonflame, F|
|poke|p2|Drifblim, F|
|poke|p2|Gyarados, F|
|poke|p2|Houndoom, F|
|teampreview
|inactive|Battle timer is ON: inactive players will automatically lose when time's up. (requested by asisisi)
|
|t:|1769437976
|teamsize|p1|6
|teamsize|p2|6
|start
|switch|p1a: Dondozo|Dondozo, M|100/100
|switch|p2a: motto sukunai|Houndoom, F|100/100
|turn|1
|
|t:|1769437982
|move|p1a: Dondozo|Liquidation|p2a: motto sukunai
|-supereffective|p2a: motto sukunai
|-enditem|p2a: motto sukunai|Focus Sash
|-damage|p2a: motto sukunai|1/100
|move|p2a: motto sukunai|Counter|p1a: Dondozo
|-damage|p1a: Dondozo|0 fnt
|faint|p1a: Dondozo
|
|upkeep
|
|t:|1769437991
|switch|p1a: Glimmora|Glimmora, F|100/100
|turn|2
|
|t:|1769437995
|move|p2a: motto sukunai|Destiny Bond|p2a: motto sukunai
|-singlemove|p2a: motto sukunai|Destiny Bond
|move|p1a: Glimmora|Dazzling Gleam|p2a: motto sukunai
|-damage|p2a: motto sukunai|0 fnt
|faint|p2a: motto sukunai
|-activate|p2a: motto sukunai|move: Destiny Bond
|faint|p1a: Glimmora
|
|upkeep
|
|t:|1769438008
|switch|p2a: Bastiodon|Bastiodon, F|100/100
|switch|p1a: Garganacl|Garganacl, F|100/100
|turn|3
|
|t:|1769438012
|move|p1a: Garganacl|Substitute|p1a: Garganacl
|-start|p1a: Garganacl|Substitute
|-damage|p1a: Garganacl|75/100
|move|p2a: Bastiodon|Stealth Rock|p1a: Garganacl
|-sidestart|p1: asisisi|move: Stealth Rock
|
|-heal|p1a: Garganacl|82/100|[from] item: Leftovers
|upkeep
|turn|4
|
|t:|1769438019
|move|p1a: Garganacl|Salt Cure|p2a: Bastiodon
|-resisted|p2a: Bastiodon
|-damage|p2a: Bastiodon|97/100
|-start|p2a: Bastiodon|Salt Cure
|move|p2a: Bastiodon|Roar|p1a: Garganacl
|drag|p1a: Blissey|Blissey, F|100/100
|-damage|p1a: Blissey|88/100|[from] Stealth Rock
|
|-damage|p2a: Bastiodon|72/100|[from] Salt Cure
|-status|p1a: Blissey|brn|[from] item: Flame Orb
|upkeep
|turn|5
|
|t:|1769438031
|switch|p2a: Vatra|Talonflame, F|100/100
|move|p1a: Blissey|Fling|p2a: Vatra
|-damage|p2a: Vatra|99/100
|-enditem|p1a: Blissey|Flame Orb|[from] move: Fling
|
|-damage|p1a: Blissey|82/100 brn|[from] brn
|upkeep
|turn|6
|
|t:|1769438045
|switch|p2a: Bastiodon|Bastiodon, F|72/100
|-curestatus|p1a: Blissey|brn|[from] ability: Natural Cure
|switch|p1a: Garganacl|Garganacl, F|82/100
|-damage|p1a: Garganacl|69/100|[from] Stealth Rock
|
|-heal|p1a: Garganacl|75/100|[from] item: Leftovers
|upkeep
|turn|7
|
|t:|1769438053
|move|p1a: Garganacl|Salt Cure|p2a: Bastiodon
|-resisted|p2a: Bastiodon
|-damage|p2a: Bastiodon|68/100
|-start|p2a: Bastiodon|Salt Cure
|move|p2a: Bastiodon|Roar|p1a: Garganacl
|drag|p1a: Skeledirge|Skeledirge, M|100/100
|-damage|p1a: Skeledirge|75/100|[from] Stealth Rock
|
|-heal|p1a: Skeledirge|82/100|[from] item: Leftovers
|-damage|p2a: Bastiodon|43/100|[from] Salt Cure
|upkeep
|turn|8
|
|t:|1769438064
|move|p1a: Skeledirge|Torch Song|p2a: Bastiodon
|-damage|p2a: Bastiodon|21/100
|-boost|p1a: Skeledirge|spa|1
|move|p2a: Bastiodon|Rest|p2a: Bastiodon
|-status|p2a: Bastiodon|slp|[from] move: Rest
|-heal|p2a: Bastiodon|100/100 slp|[silent]
|-enditem|p2a: Bastiodon|Chesto Berry|[eat]
|-curestatus|p2a: Bastiodon|slp|[msg]
|
|-heal|p1a: Skeledirge|88/100|[from] item: Leftovers
|-damage|p2a: Bastiodon|75/100|[from] Salt Cure
|upkeep
|turn|9
|
|t:|1769438077
|move|p1a: Skeledirge|Torch Song|p2a: Bastiodon
|-crit|p2a: Bastiodon
|-damage|p2a: Bastiodon|20/100
|-boost|p1a: Skeledirge|spa|1
|move|p2a: Bastiodon|Metal Burst|p1a: Skeledirge
|-damage|p1a: Skeledirge|22/100
|
|-heal|p1a: Skeledirge|28/100|[from] item: Leftovers
|-damage|p2a: Bastiodon|0 fnt|[from] Salt Cure
|faint|p2a: Bastiodon
|upkeep
|
|t:|1769438085
|switch|p2a: ue shita|Gyarados, F|100/100
|turn|10
|
|t:|1769438090
|move|p2a: ue shita|Waterfall|p1a: Skeledirge
|-supereffective|p1a: Skeledirge
|-damage|p1a: Skeledirge|0 fnt
|faint|p1a: Skeledirge
|-ability|p2a: ue shita|Moxie|boost
|-boost|p2a: ue shita|atk|1
|
|upkeep
|
|t:|1769438096
|switch|p1a: Garganacl|Garganacl, F|75/100
|-damage|p1a: Garganacl|63/100|[from] Stealth Rock
|turn|11
|
|t:|1769438117
|-terastallize|p1a: Garganacl|Ghost
|move|p2a: ue shita|Waterfall|p1a: Garganacl
|-damage|p1a: Garganacl|27/100
|move|p1a: Garganacl|Recover|p1a: Garganacl
|-heal|p1a: Garganacl|77/100
|
|-heal|p1a: Garganacl|83/100|[from] item: Leftovers
|upkeep
|turn|12
|
|t:|1769438127
|move|p2a: ue shita|Waterfall|p1a: Garganacl
|-damage|p1a: Garganacl|51/100
|move|p1a: Garganacl|Substitute|p1a: Garganacl
|-start|p1a: Garganacl|Substitute
|-damage|p1a: Garganacl|26/100
|
|-heal|p1a: Garganacl|32/100|[from] item: Leftovers
|upkeep
|turn|13
|
|t:|1769438134
|move|p2a: ue shita|Waterfall|p1a: Garganacl
|-end|p1a: Garganacl|Substitute
|move|p1a: Garganacl|Recover|p1a: Garganacl
|-heal|p1a: Garganacl|82/100
|
|-heal|p1a: Garganacl|88/100|[from] item: Leftovers
|upkeep
|turn|14
|
|t:|1769438140
|move|p2a: ue shita|Waterfall|p1a: Garganacl
|-damage|p1a: Garganacl|54/100
|move|p1a: Garganacl|Salt Cure|p2a: ue shita
|-supereffective|p2a: ue shita
|-damage|p2a: ue shita|66/100
|-start|p2a: ue shita|Salt Cure
|
|-heal|p2a: ue shita|72/100|[from] item: Leftovers
|-heal|p1a: Garganacl|60/100|[from] item: Leftovers
|-damage|p2a: ue shita|47/100|[from] Salt Cure
|upkeep
|turn|15
|
|t:|1769438149
|move|p2a: ue shita|Waterfall|p1a: Garganacl
|-damage|p1a: Garganacl|25/100
|cant|p1a: Garganacl|flinch
|
|-heal|p2a: ue shita|53/100|[from] item: Leftovers
|-heal|p1a: Garganacl|31/100|[from] item: Leftovers
|-damage|p2a: ue shita|29/100|[from] Salt Cure
|upkeep
|turn|16
|
|t:|1769438156
|move|p2a: ue shita|Waterfall|p1a: Garganacl
|-damage|p1a: Garganacl|0 fnt
|faint|p1a: Garganacl
|-ability|p2a: ue shita|Moxie|boost
|-boost|p2a: ue shita|atk|1
|
|-heal|p2a: ue shita|35/100|[from] item: Leftovers
|-damage|p2a: ue shita|10/100|[from] Salt Cure
|upkeep
|-message|asisisi forfeited.
|
|win|kuraiyagare
|raw|asisisi's rating: 1307 &rarr; <strong>1287</strong><br />(-20 for losing)
|raw|kuraiyagare's rating: 1308 &rarr; <strong>1328</strong><br />(+20 for winning)
|l|☆asisisi
|player|p1|
|l|☆kuraiyagare
|player|p2|
