|badge|p1|bronze|gen9uu|100-8
|uhtml|medal-msg|<div class="broadcast-blue">Curious what those medals under the avatar are? PS now has Ladder Seasons! For more information, check out the <a href="https://www.smogon.com/forums/threads/3740067/">thread on Smogon.</a></div>
|j|☆damorush
|j|☆Niroglift
|t:|1769418887
|gametype|singles
|player|p1|damorush|169|1687
|player|p2|Niroglift|emmet|1644
|gen|9
|tier|[Gen 9] OU
|rated|
|rule|HP Percentage Mod: HP is shown in percentages
|rule|Endless Battle Clause: Forcing endless battles is banned
|rule|Species Clause: Limit one of each Pokémon
|rule|OHKO Clause: OHKO moves are banned
|rule|Evasion Items Clause: Evasion items are banned
|rule|Evasion Moves Clause: Evasion moves are banned
|rule|Evasion Abilities Clause: Evasion abilities are banned
|rule|Sleep Moves Clause: Sleep-inducing moves are banned
|clearpoke
|poke|p1|Glimmora, M|
|poke|p1|Iron Valiant|
|poke|p1|Dragonite, F|
|poke|p1|Gholdengo|
|poke|p1|Kyurem|
|poke|p1|Kingambit, F|
|poke|p2|Clodsire, F|
|poke|p2|Gliscor, M|
|poke|p2|Weezing-Galar, M|
|poke|p2|Dondozo, M|
|poke|p2|Corviknight, M|
|poke|p2|Blissey, F|
|teampreview
|
|t:|1769418903
|teamsize|p1|6
|teamsize|p2|6
|start
|switch|p1a: Glimmora|Glimmora, M|100/100
|switch|p2a: Da Scor|Gliscor, M|100/100
|turn|1
|
|t:|1769418906
|move|p1a: Glimmora|Stealth Rock|p2a: Da Scor
|-sidestart|p2: Niroglift|move: Stealth Rock
|move|p2a: Da Scor|Knock Off|p1a: Glimmora
|-damage|p1a: Glimmora|75/100
|-activate|p1a: Glimmora|ability: Toxic Debris
|-sidestart|p2: Niroglift|move: Toxic Spikes
|-enditem|p1a: Glimmora|Focus Sash|[from] move: Knock Off|[of] p2a: Da Scor
|
|-status|p2a: Da Scor|tox|[from] item: Toxic Orb
|upkeep
|turn|2
|
|t:|1769418915
|move|p1a: Glimmora|Power Gem|p2a: Da Scor
|-crit|p2a: Da Scor
|-damage|p2a: Da Scor|46/100 tox
|move|p2a: Da Scor|Spikes|p1a: Glimmora
|-sidestart|p1: damorush|Spikes
|
|-heal|p2a: Da Scor|58/100 tox|[from] ability: Poison Heal
|upkeep
|turn|3
|
|t:|1769418927
|move|p2a: Da Scor|Protect|p2a: Da Scor
|-singleturn|p2a: Da Scor|Protect
|move|p1a: Glimmora|Power Gem|p2a: Da Scor
|-activate|p2a: Da Scor|move: Protect
|
|-heal|p2a: Da Scor|71/100 tox|[from] ability: Poison Heal
|upkeep
|turn|4
|
|t:|1769418930
|switch|p2a: Da Cloddening|Clodsire, F, shiny|100/100
|-damage|p2a: Da Cloddening|94/100|[from] Stealth Rock
|-sideend|p2: Niroglift|move: Toxic Spikes|[of] p2a: Da Cloddening
|move|p1a: Glimmora|Mortal Spin|p2a: Da Cloddening
|-resisted|p2a: Da Cloddening
|-damage|p2a: Da Cloddening|93/100
|-sideend|p1: damorush|Spikes|[from] move: Mortal Spin|[of] p1a: Glimmora
|
|-heal|p2a: Da Cloddening|99/100|[from] item: Leftovers
|upkeep
|turn|5
|
|t:|1769418934
|move|p1a: Glimmora|Earth Power|p2a: Da Cloddening
|-supereffective|p2a: Da Cloddening
|-damage|p2a: Da Cloddening|67/100
|move|p2a: Da Cloddening|Bulldoze|p1a: Glimmora
|-supereffective|p1a: Glimmora
|-damage|p1a: Glimmora|0 fnt
|-activate|p1a: Glimmora|ability: Toxic Debris
|-sidestart|p2: Niroglift|move: Toxic Spikes
|faint|p1a: Glimmora
|
|-heal|p2a: Da Cloddening|74/100|[from] item: Leftovers
|upkeep
|
|t:|1769418937
|switch|p1a: Kyurem|Kyurem|100/100
|-ability|p1a: Kyurem|Pressure
|turn|6
|
|t:|1769418944
|switch|p2a: Blissey|Blissey, F|100/100
|-damage|p2a: Blissey|88/100|[from] Stealth Rock
|-status|p2a: Blissey|psn
|move|p1a: Kyurem|Icicle Spear|p2a: Blissey
|-damage|p2a: Blissey|60/100 psn
|-damage|p2a: Blissey|32/100 psn
|-damage|p2a: Blissey|5/100 psn
|-damage|p2a: Blissey|0 fnt
|faint|p2a: Blissey
|-hitcount|p2: Blissey|4
|
|upkeep
|
|t:|1769418947
|switch|p2a: Weezing|Weezing-Galar, M|100/100
|-ability|p2a: Weezing|Neutralizing Gas
|-sideend|p2: Niroglift|move: Toxic Spikes|[of] p2a: Weezing
|turn|7
|
|t:|1769418956
|switch|p1a: Gholdengo|Gholdengo|100/100
|-item|p1a: Gholdengo|Air Balloon
|move|p2a: Weezing|Defog|p1a: Gholdengo
|-unboost|p1a: Gholdengo|evasion|1
|-sideend|p2: Niroglift|Stealth Rock|[from] move: Defog|[of] p2a: Weezing
|
|upkeep
|turn|8
|
|t:|1769418962
|-end|p2a: Weezing|ability: Neutralizing Gas
|switch|p2a: Da Cloddening|Clodsire, F, shiny|74/100
|move|p1a: Gholdengo|Nasty Plot|p1a: Gholdengo
|-boost|p1a: Gholdengo|spa|2
|
|-heal|p2a: Da Cloddening|80/100|[from] item: Leftovers
|upkeep
|turn|9
|
|t:|1769418966
|-terastallize|p2a: Da Cloddening|Dark
|move|p1a: Gholdengo|Nasty Plot|p1a: Gholdengo
|-boost|p1a: Gholdengo|spa|2
|move|p2a: Da Cloddening|Amnesia|p2a: Da Cloddening
|-boost|p2a: Da Cloddening|spd|2
|
|-heal|p2a: Da Cloddening|86/100|[from] item: Leftovers
|upkeep
|turn|10
|
|t:|1769418973
|move|p1a: Gholdengo|Dazzling Gleam|p2a: Da Cloddening
|-supereffective|p2a: Da Cloddening
|-damage|p2a: Da Cloddening|71/100
|move|p2a: Da Cloddening|Bulldoze|p1a: Gholdengo
|-immune|p1a: Gholdengo
|
|-heal|p2a: Da Cloddening|78/100|[from] item: Leftovers
|upkeep
|turn|11
|
|t:|1769418979
|move|p1a: Gholdengo|Dazzling Gleam|p2a: Da Cloddening
|-supereffective|p2a: Da Cloddening
|-damage|p2a: Da Cloddening|63/100
|move|p2a: Da Cloddening|Amnesia|p2a: Da Cloddening
|-boost|p2a: Da Cloddening|spd|2
|
|-heal|p2a: Da Cloddening|69/100|[from] item: Leftovers
|upkeep
|turn|12
|
|t:|1769418982
|move|p1a: Gholdengo|Nasty Plot|p1a: Gholdengo
|-boost|p1a: Gholdengo|spa|2
|move|p2a: Da Cloddening|Recover|p2a: Da Cloddening
|-heal|p2a: Da Cloddening|100/100
|
|upkeep
|turn|13
|
|t:|1769418984
|move|p1a: Gholdengo|Shadow Ball|p2a: Da Cloddening
|-resisted|p2a: Da Cloddening
|-damage|p2a: Da Cloddening|97/100
|move|p2a: Da Cloddening|Poison Sting|p1a: Gholdengo
|-immune|p1a: Gholdengo
|
|-heal|p2a: Da Cloddening|100/100|[from] item: Leftovers
|upkeep
|turn|14
|
|t:|1769419001
|move|p1a: Gholdengo|Nasty Plot|p1a: Gholdengo
|-boost|p1a: Gholdengo|spa|0
|move|p2a: Da Cloddening|Bulldoze|p1a: Gholdengo
|-immune|p1a: Gholdengo
|
|upkeep
|turn|15
|
|t:|1769419004
|move|p1a: Gholdengo|Dazzling Gleam|p2a: Da Cloddening
|-supereffective|p2a: Da Cloddening
|-damage|p2a: Da Cloddening|91/100
|move|p2a: Da Cloddening|Amnesia|p2a: Da Cloddening
|-boost|p2a: Da Cloddening|spd|2
|
|-heal|p2a: Da Cloddening|97/100|[from] item: Leftovers
|upkeep
|turn|16
|
|t:|1769419010
|move|p1a: Gholdengo|Dazzling Gleam|p2a: Da Cloddening
|-supereffective|p2a: Da Cloddening
|-damage|p2a: Da Cloddening|90/100
|move|p2a: Da Cloddening|Poison Sting|p1a: Gholdengo
|-immune|p1a: Gholdengo
|
|-heal|p2a: Da Cloddening|96/100|[from] item: Leftovers
|upkeep
|turn|17
|
|t:|1769419018
|move|p1a: Gholdengo|Psyshock|p2a: Da Cloddening
|-immune|p2a: Da Cloddening
|move|p2a: Da Cloddening|Poison Sting|p1a: Gholdengo
|-immune|p1a: Gholdengo
|
|-heal|p2a: Da Cloddening|100/100|[from] item: Leftovers
|upkeep
|turn|18
|
|t:|1769419023
|move|p1a: Gholdengo|Shadow Ball|p2a: Da Cloddening
|-resisted|p2a: Da Cloddening
|-damage|p2a: Da Cloddening|98/100
|move|p2a: Da Cloddening|Poison Sting|p1a: Gholdengo
|-immune|p1a: Gholdengo
|
|-heal|p2a: Da Cloddening|100/100|[from] item: Leftovers
|upkeep
|turn|19
|
|t:|1769419029
|switch|p1a: Kingambit|Kingambit, F|100/100
|-activate|p1a: Kingambit|ability: Supreme Overlord
|-start|p1a: Kingambit|fallen1|[silent]
|move|p2a: Da Cloddening|Bulldoze|p1a: Kingambit
|-supereffective|p1a: Kingambit
|-damage|p1a: Kingambit|74/100
|-unboost|p1a: Kingambit|spe|1
|
|-heal|p1a: Kingambit|80/100|[from] item: Leftovers
|upkeep
|turn|20
|
|t:|1769419037
|switch|p2a: Corviknight|Corviknight, M, shiny|100/100
|-ability|p2a: Corviknight|Pressure
|move|p1a: Kingambit|Iron Head|p2a: Corviknight
|-resisted|p2a: Corviknight
|-damage|p2a: Corviknight|85/100
|
|-heal|p2a: Corviknight|91/100|[from] item: Leftovers
|-heal|p1a: Kingambit|86/100|[from] item: Leftovers
|upkeep
|turn|21
|
|t:|1769419041
|switch|p2a: Da Scor|Gliscor, M|71/100 tox
|-end|p1a: Kingambit|fallen1|[silent]
|switch|p1a: Gholdengo|Gholdengo|100/100
|-item|p1a: Gholdengo|Air Balloon
|
|-heal|p2a: Da Scor|83/100 tox|[from] ability: Poison Heal
|upkeep
|turn|22
|
|t:|1769419044
|move|p1a: Gholdengo|Nasty Plot|p1a: Gholdengo
|-boost|p1a: Gholdengo|spa|2
|move|p2a: Da Scor|Knock Off|p1a: Gholdengo
|-supereffective|p1a: Gholdengo
|-damage|p1a: Gholdengo|48/100
|-enditem|p1a: Gholdengo|Air Balloon
|
|-heal|p2a: Da Scor|96/100 tox|[from] ability: Poison Heal
|upkeep
|turn|23
|
|t:|1769419050
|move|p2a: Da Scor|Protect|p2a: Da Scor
|-singleturn|p2a: Da Scor|Protect
|move|p1a: Gholdengo|Shadow Ball|p2a: Da Scor
|-activate|p2a: Da Scor|move: Protect
|
|-heal|p2a: Da Scor|100/100 tox|[from] ability: Poison Heal
|upkeep
|turn|24
|
|t:|1769419052
|move|p1a: Gholdengo|Shadow Ball|p2a: Da Scor
|-damage|p2a: Da Scor|33/100 tox
|-unboost|p2a: Da Scor|spd|1
|move|p2a: Da Scor|Spikes|p1a: Gholdengo
|-sidestart|p1: damorush|Spikes
|
|-heal|p2a: Da Scor|45/100 tox|[from] ability: Poison Heal
|upkeep
|turn|25
|
|t:|1769419056
|move|p2a: Da Scor|Protect|p2a: Da Scor
|-singleturn|p2a: Da Scor|Protect
|move|p1a: Gholdengo|Shadow Ball|p2a: Da Scor
|-activate|p2a: Da Scor|move: Protect
|
|-heal|p2a: Da Scor|58/100 tox|[from] ability: Poison Heal
|upkeep
|turn|26
|
|t:|1769419060
|switch|p2a: Da Cloddening|Clodsire, F, shiny, tera:Dark|100/100
|move|p1a: Gholdengo|Nasty Plot|p1a: Gholdengo
|-boost|p1a: Gholdengo|spa|2
|
|upkeep
|turn|27
|
|t:|1769419063
|-terastallize|p1a: Gholdengo|Fairy
|move|p1a: Gholdengo|Dazzling Gleam|p2a: Da Cloddening
|-supereffective|p2a: Da Cloddening
|-damage|p2a: Da Cloddening|58/100
|move|p2a: Da Cloddening|Amnesia|p2a: Da Cloddening
|-boost|p2a: Da Cloddening|spd|2
|
|-heal|p2a: Da Cloddening|64/100|[from] item: Leftovers
|upkeep
|turn|28
|
|t:|1769419068
|switch|p1a: Kyurem|Kyurem|100/100
|-damage|p1a: Kyurem|88/100|[from] Spikes
|-ability|p1a: Kyurem|Pressure
|move|p2a: Da Cloddening|Recover|p2a: Da Cloddening
|-heal|p2a: Da Cloddening|100/100
|
|upkeep
|turn|29
|
|t:|1769419074
|switch|p2a: Weezing|Weezing-Galar, M|100/100
|-ability|p2a: Weezing|Neutralizing Gas
|move|p1a: Kyurem|Scale Shot|p2a: Weezing
|-immune|p2a: Weezing
|
|upkeep
|turn|30
|
|t:|1769419077
|move|p1a: Kyurem|Icicle Spear|p2a: Weezing
|-damage|p2a: Weezing|92/100
|-damage|p2a: Weezing|82/100
|-damage|p2a: Weezing|74/100
|-damage|p2a: Weezing|65/100
|-hitcount|p2a: Weezing|4
|move|p2a: Weezing|Will-O-Wisp|p1a: Kyurem
|-status|p1a: Kyurem|brn
|
|-damage|p1a: Kyurem|82/100 brn|[from] brn
|upkeep
|turn|31
|
|t:|1769419085
|switch|p1a: Iron Valiant|Iron Valiant|100/100
|-damage|p1a: Iron Valiant|88/100|[from] Spikes
|move|p2a: Weezing|Strange Steam|p1a: Iron Valiant
|-supereffective|p1a: Iron Valiant
|-damage|p1a: Iron Valiant|0 fnt
|faint|p1a: Iron Valiant
|-end|p1a: Iron Valiant|Quark Drive|[silent]
|
|upkeep
|-message|damorush forfeited.
|
|win|Niroglift
|raw|damorush's rating: 1706 &rarr; <strong>1682</strong><br />(-24 for losing)
|raw|Niroglift's rating: 1644 &rarr; <strong>1668</strong><br />(+24 for winning)
|l|☆damorush
|player|p1|
