|j|☆Maple_Mudkip
|j|☆aleisteir
|t:|1769444772
|gametype|singles
|player|p1|Maple_Mudkip|170|1325
|player|p2|aleisteir|alder|1288
|gen|9
|tier|[Gen 9] OU
|rated|
|rule|HP Percentage Mod: HP is shown in percentages
|rule|Endless Battle Clause: Forcing endless battles is banned
|rule|Species Clause: Limit one of each Pokémon
|rule|OHKO Clause: OHKO moves are banned
|rule|Evasion Items Clause: Evasion items are banned
|rule|Evasion Moves Clause: Evasion moves are banned
|rule|Evasion Abilities Clause: Evasion abilities are banned
|rule|Sleep Moves Clause: Sleep-inducing moves are banned
|clearpoke
|poke|p1|Volcanion|
|poke|p1|Ogerpon, F|
|poke|p1|Froslass, F|
|poke|p1|Ursaring, F|
|poke|p1|Latias, F|
|poke|p1|Thundurus-Therian, M|
|poke|p2|Ninetales-Alola, F|
|poke|p2|Iron Moth|
|poke|p2|Ogerpon-Cornerstone, F|
|poke|p2|Great Tusk|
|poke|p2|Pecharunt|
|poke|p2|Ceruledge, F|
|teampreview
|inactive|Battle timer is ON: inactive players will automatically lose when time's up. (requested by aleisteir)
|
|t:|1769444780
|teamsize|p1|6
|teamsize|p2|6
|start
|switch|p1a: Froslass|Froslass, F|100/100
|switch|p2a: Ogerpon|Ogerpon-Cornerstone, F|100/100
|turn|1
|
|t:|1769444790
|move|p1a: Froslass|Destiny Bond|p1a: Froslass
|-singlemove|p1a: Froslass|Destiny Bond
|move|p2a: Ogerpon|Ivy Cudgel|p1a: Froslass|[anim] Ivy Cudgel Rock
|-supereffective|p1a: Froslass
|-damage|p1a: Froslass|0 fnt
|faint|p1a: Froslass
|-activate|p1a: Froslass|move: Destiny Bond
|faint|p2a: Ogerpon
|
|upkeep
|
|t:|1769444811
|switch|p2a: Ninetales|Ninetales-Alola, F|100/100
|switch|p1a: Volcanion|Volcanion|100/100
|-weather|Snowscape|[from] ability: Snow Warning|[of] p2a: Ninetales
|turn|2
|
|t:|1769444822
|move|p2a: Ninetales|Aurora Veil|p2a: Ninetales
|-sidestart|p2: aleisteir|move: Aurora Veil
|move|p1a: Volcanion|Overheat|p2a: Ninetales
|-supereffective|p2a: Ninetales
|-damage|p2a: Ninetales|37/100
|-unboost|p1a: Volcanion|spa|2
|
|-weather|Snowscape|[upkeep]
|upkeep
|turn|3
|
|t:|1769444830
|switch|p2a: Great Tusk|Great Tusk|100/100
|move|p1a: Volcanion|Haze|p1a: Volcanion
|-clearallboost
|
|-weather|Snowscape|[upkeep]
|upkeep
|turn|4
|
|t:|1769444846
|move|p2a: Great Tusk|Knock Off|p1a: Volcanion
|-damage|p1a: Volcanion|82/100
|-damage|p2a: Great Tusk|84/100|[from] item: Rocky Helmet|[of] p1a: Volcanion
|-enditem|p1a: Volcanion|Rocky Helmet|[from] move: Knock Off|[of] p2a: Great Tusk
|move|p1a: Volcanion|Steam Eruption|p2a: Great Tusk
|-supereffective|p2a: Great Tusk
|-damage|p2a: Great Tusk|13/100
|
|-weather|Snowscape|[upkeep]
|upkeep
|turn|5
|
|t:|1769444857
|move|p2a: Great Tusk|Headlong Rush|p1a: Volcanion
|-supereffective|p1a: Volcanion
|-damage|p1a: Volcanion|18/100
|-unboost|p2a: Great Tusk|def|1
|-unboost|p2a: Great Tusk|spd|1
|move|p1a: Volcanion|Steam Eruption|p2a: Great Tusk
|-supereffective|p2a: Great Tusk
|-damage|p2a: Great Tusk|0 fnt
|faint|p2a: Great Tusk
|-end|p2a: Great Tusk|Protosynthesis|[silent]
|
|-weather|Snowscape|[upkeep]
|upkeep
|
|t:|1769444880
|switch|p2a: Ninetales|Ninetales-Alola, F|37/100
|turn|6
|
|t:|1769444886
|move|p2a: Ninetales|Freeze-Dry|p1a: Volcanion
|-damage|p1a: Volcanion|0 fnt
|faint|p1a: Volcanion
|
|-weather|none
|upkeep
|
|t:|1769444901
|switch|p1a: Ursaring|Ursaring, F|100/100
|turn|7
|
|t:|1769444908
|switch|p2a: Ceruledge|Ceruledge, F|100/100
|move|p1a: Ursaring|Brick Break|p2a: Ceruledge
|-immune|p2a: Ceruledge
|
|upkeep
|turn|8
|
|t:|1769444924
|switch|p1a: Latias|Latias, F|100/100
|move|p2a: Ceruledge|Close Combat|p1a: Latias
|-resisted|p1a: Latias
|-damage|p1a: Latias|79/100
|-unboost|p2a: Ceruledge|def|1
|-unboost|p2a: Ceruledge|spd|1
|
|upkeep
|turn|9
|
|t:|1769444946
|-terastallize|p1a: Latias|Fairy
|move|p2a: Ceruledge|Poltergeist|p1a: Latias
|-activate|p1a: Latias|move: Poltergeist|Soul Dew
|-damage|p1a: Latias|21/100
|move|p1a: Latias|Future Sight|p2a: Ceruledge
|-start|p1a: Latias|move: Future Sight
|
|-sideend|p2: aleisteir|move: Aurora Veil
|upkeep
|turn|10
|
|t:|1769444956
|switch|p1a: Ursaring|Ursaring, F|100/100
|move|p2a: Ceruledge|Bitter Blade|p1a: Ursaring
|-damage|p1a: Ursaring|67/100
|
|upkeep
|turn|11
|
|t:|1769444967
|move|p2a: Ceruledge|Close Combat|p1a: Ursaring
|-supereffective|p1a: Ursaring
|-damage|p1a: Ursaring|7/100
|-unboost|p2a: Ceruledge|def|1
|-unboost|p2a: Ceruledge|spd|1
|move|p1a: Ursaring|Swords Dance|p1a: Ursaring
|-boost|p1a: Ursaring|atk|2
|
|-end|p2a: Ceruledge|move: Future Sight
|-enditem|p2a: Ceruledge|Focus Sash
|-damage|p2a: Ceruledge|1/100
|upkeep
|turn|12
|
|t:|1769444979
|move|p2a: Ceruledge|Bitter Blade|p1a: Ursaring
|-damage|p1a: Ursaring|0 fnt
|-heal|p2a: Ceruledge|5/100|[from] drain|[of] p1a: Ursaring
|faint|p1a: Ursaring
|
|upkeep
|
|t:|1769444985
|switch|p1a: Ogerpon|Ogerpon, F|100/100
|turn|13
|
|t:|1769444989
|move|p1a: Ogerpon|U-turn|p2a: Ceruledge
|-resisted|p2a: Ceruledge
|-damage|p2a: Ceruledge|0 fnt
|faint|p2a: Ceruledge
|
|t:|1769444995
|switch|p1a: Latias|Latias, F, tera:Fairy|21/100|[from] U-turn
|
|upkeep
|
|t:|1769445000
|switch|p2a: Ninetales|Ninetales-Alola, F|37/100
|-weather|Snowscape|[from] ability: Snow Warning|[of] p2a: Ninetales
|turn|14
|
|t:|1769445009
|move|p2a: Ninetales|Freeze-Dry|p1a: Latias
|-damage|p1a: Latias|1/100
|move|p1a: Latias|Future Sight|p2a: Ninetales
|-start|p1a: Latias|move: Future Sight
|
|-weather|Snowscape|[upkeep]
|upkeep
|turn|15
|
|t:|1769445017
|move|p2a: Ninetales|Aurora Veil|p2a: Ninetales
|-sidestart|p2: aleisteir|move: Aurora Veil
|move|p1a: Latias|Mist Ball|p2a: Ninetales
|-damage|p2a: Ninetales|6/100
|-unboost|p2a: Ninetales|spa|1
|
|-weather|Snowscape|[upkeep]
|upkeep
|turn|16
|
|t:|1769445025
|move|p2a: Ninetales|Freeze-Dry|p1a: Latias
|-damage|p1a: Latias|0 fnt
|faint|p1a: Latias
|
|-weather|Snowscape|[upkeep]
|-end|p2a: Ninetales|move: Future Sight
|-damage|p2a: Ninetales|0 fnt
|faint|p2a: Ninetales
|upkeep
|
|t:|1769445035
|switch|p2a: Pecharunt|Pecharunt|100/100
|switch|p1a: Ogerpon|Ogerpon, F|100/100
|turn|17
|
|t:|1769445041
|move|p1a: Ogerpon|Knock Off|p2a: Pecharunt
|-supereffective|p2a: Pecharunt
|-damage|p2a: Pecharunt|73/100
|-enditem|p2a: Pecharunt|Leftovers|[from] move: Knock Off|[of] p1a: Ogerpon
|move|p2a: Pecharunt|Malignant Chain|p1a: Ogerpon
|-supereffective|p1a: Ogerpon
|-damage|p1a: Ogerpon|26/100
|-status|p1a: Ogerpon|tox
|-start|p1a: Ogerpon|confusion|[from] ability: Poison Puppeteer|[of] p2a: Pecharunt
|
|-weather|Snowscape|[upkeep]
|-damage|p1a: Ogerpon|20/100 tox|[from] psn
|upkeep
|turn|18
|
|t:|1769445054
|-activate|p1a: Ogerpon|confusion
|move|p1a: Ogerpon|Knock Off|p2a: Pecharunt
|-supereffective|p2a: Pecharunt
|-damage|p2a: Pecharunt|55/100
|move|p2a: Pecharunt|Nasty Plot|p2a: Pecharunt
|-boost|p2a: Pecharunt|spa|2
|
|-weather|none
|-damage|p1a: Ogerpon|8/100 tox|[from] psn
|upkeep
|turn|19
|
|t:|1769445063
|-activate|p1a: Ogerpon|confusion
|-damage|p1a: Ogerpon|0 fnt|[from] confusion
|faint|p1a: Ogerpon
|move|p2a: Pecharunt|Recover|p2a: Pecharunt
|-heal|p2a: Pecharunt|100/100
|
|upkeep
|-message|Maple_Mudkip forfeited.
|
|win|aleisteir
|raw|Maple_Mudkip's rating: 1325 &rarr; <strong>1303</strong><br />(-22 for losing)
|raw|aleisteir's rating: 1288 &rarr; <strong>1316</strong><br />(+28 for winning)
|l|☆Maple_Mudkip
|player|p1|
|l|☆aleisteir
|player|p2|
