|j|☆Picosto
|j|☆1colour
|t:|1769386372
|gametype|singles
|player|p1|Picosto|1|1708
|player|p2|1colour|parasollady|1793
|gen|9
|tier|[Gen 9] OU
|rated|
|rule|HP Percentage Mod: HP is shown in percentages
|rule|Endless Battle Clause: Forcing endless battles is banned
|rule|Species Clause: Limit one of each Pokémon
|rule|OHKO Clause: OHKO moves are banned
|rule|Evasion Items Clause: Evasion items are banned
|rule|Evasion Moves Clause: Evasion moves are banned
|rule|Evasion Abilities Clause: Evasion abilities are banned
|rule|Sleep Moves Clause: Sleep-inducing moves are banned
|clearpoke
|poke|p1|Landorus-Therian, M|
|poke|p1|Cinderace, F|
|poke|p1|Enamorus, F|
|poke|p1|Zamazenta-*|
|poke|p1|Gholdengo|
|poke|p1|Hoopa-Unbound|
|poke|p2|Cinderace, F|
|poke|p2|Rillaboom, F|
|poke|p2|Jirachi|
|poke|p2|Regidrago|
|poke|p2|Glimmora, F|
|poke|p2|Mimikyu, M|
|teampreview
|
|t:|1769386407
|teamsize|p1|6
|teamsize|p2|6
|start
|switch|p1a: Cinderace|Cinderace, F|100/100
|switch|p2a: Rillaboom|Rillaboom, F|100/100
|-fieldstart|move: Grassy Terrain|[from] ability: Grassy Surge|[of] p2a: Rillaboom
|turn|1
|
|t:|1769386410
|switch|p2a: Glimmora|Glimmora, F, shiny|100/100
|move|p1a: Cinderace|U-turn|p2a: Glimmora
|-start|p1a: Cinderace|typechange|Bug|[from] ability: Libero
|-resisted|p2a: Glimmora
|-damage|p2a: Glimmora|80/100
|-damage|p1a: Cinderace|84/100|[from] item: Rocky Helmet|[of] p2a: Glimmora
|-activate|p2a: Glimmora|ability: Toxic Debris
|-sidestart|p1: Picosto|move: Toxic Spikes
|
|t:|1769386416
|switch|p1a: Enamorus|Enamorus, F|100/100|[from] U-turn
|
|-heal|p2a: Glimmora|86/100|[from] Grassy Terrain
|upkeep
|turn|2
|
|t:|1769386419
|switch|p2a: Jirachi|Jirachi|100/100
|move|p1a: Enamorus|Earth Power|p2a: Jirachi
|-supereffective|p2a: Jirachi
|-damage|p2a: Jirachi|54/100
|
|-heal|p2a: Jirachi|61/100|[from] Grassy Terrain
|-heal|p2a: Jirachi|67/100|[from] item: Leftovers
|upkeep
|turn|3
|
|t:|1769386431
|move|p1a: Enamorus|Earth Power|p2a: Jirachi
|-supereffective|p2a: Jirachi
|-damage|p2a: Jirachi|22/100
|move|p2a: Jirachi|Wish|p2a: Jirachi
|
|-heal|p2a: Jirachi|28/100|[from] Grassy Terrain
|-heal|p2a: Jirachi|35/100|[from] item: Leftovers
|upkeep
|turn|4
|
|t:|1769386438
|switch|p1a: Cinderace|Cinderace, F|84/100
|-status|p1a: Cinderace|psn
|move|p2a: Jirachi|Protect||[still]
|-fail|p2a: Jirachi
|
|-heal|p2a: Jirachi|85/100|[from] move: Wish|[wisher] Jirachi
|-heal|p1a: Cinderace|90/100 psn|[from] Grassy Terrain
|-heal|p2a: Jirachi|91/100|[from] Grassy Terrain
|-heal|p2a: Jirachi|97/100|[from] item: Leftovers
|-damage|p1a: Cinderace|78/100 psn|[from] psn
|upkeep
|turn|5
|
|t:|1769386443
|switch|p2a: Glimmora|Glimmora, F, shiny|86/100
|move|p1a: Cinderace|Pyro Ball|p2a: Glimmora
|-resisted|p2a: Glimmora
|-damage|p2a: Glimmora|54/100
|-activate|p2a: Glimmora|ability: Toxic Debris
|-sidestart|p1: Picosto|move: Toxic Spikes
|
|-heal|p1a: Cinderace|84/100 psn|[from] Grassy Terrain
|-heal|p2a: Glimmora|60/100|[from] Grassy Terrain
|-damage|p1a: Cinderace|71/100 psn|[from] psn
|-fieldend|move: Grassy Terrain
|upkeep
|turn|6
|
|t:|1769386447
|switch|p1a: Gholdengo|Gholdengo|100/100
|move|p2a: Glimmora|Stealth Rock|p1a: Gholdengo
|-sidestart|p1: Picosto|move: Stealth Rock
|
|upkeep
|turn|7
|
|t:|1769386453
|move|p2a: Glimmora|Earth Power|p1a: Gholdengo
|-supereffective|p1a: Gholdengo
|-damage|p1a: Gholdengo|52/100
|move|p1a: Gholdengo|Make It Rain|p2a: Glimmora
|-supereffective|p2a: Glimmora
|-damage|p2a: Glimmora|0 fnt
|-unboost|p1a: Gholdengo|spa|1
|faint|p2a: Glimmora
|
|upkeep
|
|t:|1769386458
|switch|p2a: Cinderace|Cinderace, F|100/100
|turn|8
|
|t:|1769386462
|switch|p1a: Landorus|Landorus-Therian, M|100/100
|-damage|p1a: Landorus|88/100|[from] Stealth Rock
|-ability|p1a: Landorus|Intimidate|boost
|-unboost|p2a: Cinderace|atk|1
|move|p2a: Cinderace|Pyro Ball|p1a: Landorus
|-damage|p1a: Landorus|46/100
|
|upkeep
|turn|9
|
|t:|1769386466
|move|p1a: Landorus|Earthquake|p2a: Cinderace
|-supereffective|p2a: Cinderace
|-damage|p2a: Cinderace|0 fnt
|faint|p2a: Cinderace
|
|upkeep
|
|t:|1769386468
|switch|p2a: Rillaboom|Rillaboom, F|100/100
|-fieldstart|move: Grassy Terrain|[from] ability: Grassy Surge|[of] p2a: Rillaboom
|turn|10
|
|t:|1769386475
|switch|p1a: Gholdengo|Gholdengo|52/100
|-damage|p1a: Gholdengo|46/100|[from] Stealth Rock
|move|p2a: Rillaboom|Wood Hammer|p1a: Gholdengo
|-resisted|p1a: Gholdengo
|-damage|p1a: Gholdengo|0 fnt
|faint|p1a: Gholdengo
|-damage|p2a: Rillaboom|85/100|[from] Recoil
|
|-heal|p2a: Rillaboom|92/100|[from] Grassy Terrain
|upkeep
|
|t:|1769386478
|switch|p1a: Cinderace|Cinderace, F|71/100 psn
|-damage|p1a: Cinderace|46/100 psn|[from] Stealth Rock
|turn|11
|
|t:|1769386486
|move|p1a: Cinderace|Court Change|p1a: Cinderace
|-start|p1a: Cinderace|typechange|Normal|[from] ability: Libero
|-swapsideconditions
|-activate|p1a: Cinderace|move: Court Change
|move|p2a: Rillaboom|Wood Hammer|p1a: Cinderace
|-damage|p1a: Cinderace|0 fnt
|faint|p1a: Cinderace
|-damage|p2a: Rillaboom|79/100|[from] Recoil
|
|-heal|p2a: Rillaboom|85/100|[from] Grassy Terrain
|upkeep
|
|t:|1769386499
|switch|p1a: Enamorus|Enamorus, F|100/100
|turn|12
|
|t:|1769386501
|move|p1a: Enamorus|Mystical Fire|p2a: Rillaboom
|-supereffective|p2a: Rillaboom
|-damage|p2a: Rillaboom|10/100
|-unboost|p2a: Rillaboom|spa|1
|move|p2a: Rillaboom|Wood Hammer|p1a: Enamorus
|-resisted|p1a: Enamorus
|-damage|p1a: Enamorus|0 fnt
|faint|p1a: Enamorus
|-damage|p2a: Rillaboom|0 fnt|[from] Recoil
|faint|p2a: Rillaboom
|
|upkeep
|
|t:|1769386511
|switch|p1a: Landorus|Landorus-Therian, M|46/100
|switch|p2a: Jirachi|Jirachi|97/100
|-ability|p1a: Landorus|Intimidate|boost
|-unboost|p2a: Jirachi|atk|1
|-damage|p2a: Jirachi|91/100|[from] Stealth Rock
|turn|13
|
|t:|1769386517
|move|p1a: Landorus|U-turn|p2a: Jirachi
|-damage|p2a: Jirachi|64/100
|
|t:|1769386519
|switch|p1a: Zamazenta|Zamazenta|100/100|[from] U-turn
|-ability|p1a: Zamazenta|Dauntless Shield|boost
|-boost|p1a: Zamazenta|def|1
|move|p2a: Jirachi|Doom Desire|p1a: Zamazenta
|-start|p2a: Jirachi|Doom Desire
|
|-heal|p2a: Jirachi|70/100|[from] Grassy Terrain
|-heal|p2a: Jirachi|76/100|[from] item: Leftovers
|upkeep
|turn|14
|
|t:|1769386536
|move|p1a: Zamazenta|Body Press|p2a: Jirachi
|-damage|p2a: Jirachi|24/100
|move|p2a: Jirachi|Psychic Noise|p1a: Zamazenta
|-supereffective|p1a: Zamazenta
|-damage|p1a: Zamazenta|58/100
|-start|p1a: Zamazenta|move: Heal Block
|
|-heal|p2a: Jirachi|30/100|[from] Grassy Terrain
|-heal|p2a: Jirachi|37/100|[from] item: Leftovers
|-fieldend|move: Grassy Terrain
|upkeep
|turn|15
|
|t:|1769386548
|switch|p1a: Hoopa|Hoopa-Unbound|100/100
|move|p2a: Jirachi|Wish|p2a: Jirachi
|
|-end|p1a: Hoopa|move: Doom Desire
|-damage|p1a: Hoopa|81/100
|-heal|p2a: Jirachi|43/100|[from] item: Leftovers
|upkeep
|turn|16
|
|t:|1769386562
|-terastallize|p2a: Jirachi|Water
|move|p2a: Jirachi|Doom Desire|p1a: Hoopa
|-start|p2a: Jirachi|Doom Desire
|move|p1a: Hoopa|Hyperspace Fury|p2a: Jirachi
|-damage|p2a: Jirachi|1/100
|-unboost|p1a: Hoopa|def|1
|
|-heal|p2a: Jirachi|51/100|[from] move: Wish|[wisher] Jirachi
|-heal|p2a: Jirachi|57/100|[from] item: Leftovers
|upkeep
|turn|17
|inactive|Battle timer is ON: inactive players will automatically lose when time's up. (requested by Picosto)
|
|t:|1769386576
|move|p2a: Jirachi|Wish|p2a: Jirachi
|move|p1a: Hoopa|Thunderbolt|p2a: Jirachi
|-supereffective|p2a: Jirachi
|-damage|p2a: Jirachi|19/100
|
|-heal|p2a: Jirachi|25/100|[from] item: Leftovers
|upkeep
|turn|18
|
|t:|1769386590
|move|p2a: Jirachi|Protect|p2a: Jirachi
|-singleturn|p2a: Jirachi|Protect
|move|p1a: Hoopa|Hyperspace Fury|p2a: Jirachi
|-activate|p2a: Jirachi|move: Hyperspace Fury|[broken]
|-damage|p2a: Jirachi|0 fnt
|-unboost|p1a: Hoopa|def|1
|faint|p2a: Jirachi
|
|-end|p1a: Hoopa|move: Doom Desire
|-damage|p1a: Hoopa|61/100
|upkeep
|
|t:|1769386604
|switch|p2a: Mimikyu|Mimikyu, M, shiny|100/100
|-status|p2a: Mimikyu|tox
|-damage|p2a: Mimikyu|88/100 tox|[from] Stealth Rock
|turn|19
|
|t:|1769386611
|move|p2a: Mimikyu|Swords Dance|p2a: Mimikyu
|-boost|p2a: Mimikyu|atk|2
|move|p1a: Hoopa|Hyperspace Fury|p2a: Mimikyu
|-activate|p2a: Mimikyu|ability: Disguise
|-damage|p2a: Mimikyu|88/100 tox
|-unboost|p1a: Hoopa|def|1
|detailschange|p2a: Mimikyu|Mimikyu-Busted, M, shiny
|-damage|p2a: Mimikyu|76/100 tox|[from] pokemon: Mimikyu-Busted
|-enditem|p2a: Mimikyu|Red Card|[of] p1a: Hoopa
|drag|p1a: Zamazenta|Zamazenta|58/100
|
|-heal|p1a: Zamazenta|64/100|[from] item: Leftovers
|-damage|p2a: Mimikyu|70/100 tox|[from] psn
|upkeep
|turn|20
|
|t:|1769386623
|move|p2a: Mimikyu|Play Rough|p1a: Zamazenta
|-supereffective|p1a: Zamazenta
|-damage|p1a: Zamazenta|0 fnt
|faint|p1a: Zamazenta
|
|-damage|p2a: Mimikyu|58/100 tox|[from] psn
|upkeep
|
|t:|1769386626
|switch|p1a: Landorus|Landorus-Therian, M|46/100
|-ability|p1a: Landorus|Intimidate|boost
|-unboost|p2a: Mimikyu|atk|1
|turn|21
|
|t:|1769386631
|move|p1a: Landorus|Earthquake|p2a: Mimikyu
|-damage|p2a: Mimikyu|0 fnt
|faint|p2a: Mimikyu
|
|upkeep
|
|t:|1769386634
|switch|p2a: Regidrago|Regidrago|100/100
|-status|p2a: Regidrago|tox
|-damage|p2a: Regidrago|88/100 tox|[from] Stealth Rock
|turn|22
|
|t:|1769386638
|move|p1a: Landorus|Earthquake|p2a: Regidrago
|-damage|p2a: Regidrago|19/100 tox
|move|p2a: Regidrago|Dragon Pulse|p1a: Landorus
|-damage|p1a: Landorus|0 fnt
|faint|p1a: Landorus
|
|-damage|p2a: Regidrago|13/100 tox|[from] psn
|upkeep
|
|t:|1769386640
|switch|p1a: Hoopa|Hoopa-Unbound|61/100
|turn|23
|
|t:|1769386642
|move|p2a: Regidrago|Dragon Pulse|p1a: Hoopa
|-damage|p1a: Hoopa|40/100
|move|p1a: Hoopa|Hyperspace Fury|p2a: Regidrago
|-damage|p2a: Regidrago|0 fnt
|-unboost|p1a: Hoopa|def|1
|faint|p2a: Regidrago
|
|win|Picosto
|raw|Picosto's rating: 1708 &rarr; <strong>1733</strong><br />(+25 for winning)
|raw|1colour's rating: 1793 &rarr; <strong>1768</strong><br />(-25 for losing)
|l|☆1colour
|player|p2|
|l|☆Picosto
|player|p1|
