|j|☆404xyz
|j|‽TJSquirtleace
|t:|1769425093
|gametype|singles
|player|p1|404xyz|169|1076
|player|p2|TJSquirtleace|265|1065
|gen|9
|tier|[Gen 9] OU
|rated|
|rule|HP Percentage Mod: HP is shown in percentages
|rule|Endless Battle Clause: Forcing endless battles is banned
|rule|Species Clause: Limit one of each Pokémon
|rule|OHKO Clause: OHKO moves are banned
|rule|Evasion Items Clause: Evasion items are banned
|rule|Evasion Moves Clause: Evasion moves are banned
|rule|Evasion Abilities Clause: Evasion abilities are banned
|rule|Sleep Moves Clause: Sleep-inducing moves are banned
|clearpoke
|poke|p1|Alomomola, F|
|poke|p1|Corviknight, M|
|poke|p1|Clefable, F|
|poke|p1|Polteageist-Antique|
|poke|p1|Veluza, F|
|poke|p1|Cinderace, M|
|poke|p2|Swampert, F|
|poke|p2|Typhlosion, M|
|poke|p2|Mamoswine, F|
|poke|p2|Toxicroak, M|
|poke|p2|Sandslash, M|
|poke|p2|Sandaconda, M|
|teampreview
|
|t:|1769425104
|teamsize|p1|6
|teamsize|p2|6
|start
|switch|p1a: Polteageist|Polteageist-Antique|100/100
|switch|p2a: Typhlosion|Typhlosion, M|100/100
|turn|1
|
|t:|1769425115
|move|p2a: Typhlosion|Shadow Ball|p1a: Polteageist
|-supereffective|p1a: Polteageist
|-damage|p1a: Polteageist|57/100
|move|p1a: Polteageist|Shell Smash|p1a: Polteageist
|-unboost|p1a: Polteageist|def|1
|-unboost|p1a: Polteageist|spd|1
|-boost|p1a: Polteageist|atk|2
|-boost|p1a: Polteageist|spa|2
|-boost|p1a: Polteageist|spe|2
|-enditem|p1a: Polteageist|White Herb
|-clearnegativeboost|p1a: Polteageist|[silent]
|
|upkeep
|turn|2
|
|t:|1769425126
|move|p1a: Polteageist|Stored Power|p2a: Typhlosion
|-damage|p2a: Typhlosion|0 fnt
|faint|p2a: Typhlosion
|
|upkeep
|
|t:|1769425133
|switch|p2a: Toxicroak|Toxicroak, M|100/100
|turn|3
|
|t:|1769425137
|-terastallize|p2a: Toxicroak|Dark
|move|p1a: Polteageist|Stored Power|p2a: Toxicroak
|-immune|p2a: Toxicroak
|move|p2a: Toxicroak|Knock Off|p1a: Polteageist
|-supereffective|p1a: Polteageist
|-damage|p1a: Polteageist|0 fnt
|faint|p1a: Polteageist
|
|upkeep
|
|t:|1769425147
|switch|p1a: Clefable|Clefable, F|100/100
|turn|4
|
|t:|1769425153
|move|p2a: Toxicroak|Poison Jab|p1a: Clefable
|-supereffective|p1a: Clefable
|-damage|p1a: Clefable|44/100
|-status|p1a: Clefable|psn
|move|p1a: Clefable|Trick|p2a: Toxicroak
|-activate|p1a: Clefable|move: Trick|[of] p2a: Toxicroak
|-item|p2a: Toxicroak|Flame Orb|[from] move: Trick
|-item|p1a: Clefable|Assault Vest|[from] move: Trick
|
|-status|p2a: Toxicroak|brn|[from] item: Flame Orb
|upkeep
|turn|5
|
|t:|1769425165
|switch|p1a: Corviknight|Corviknight, M|100/100
|move|p2a: Toxicroak|Poison Jab|p1a: Corviknight
|-immune|p1a: Corviknight
|
|-damage|p2a: Toxicroak|94/100 brn|[from] brn
|upkeep
|turn|6
|
|t:|1769425172
|move|p2a: Toxicroak|Knock Off|p1a: Corviknight
|-damage|p1a: Corviknight|82/100
|-enditem|p1a: Corviknight|Leftovers|[from] move: Knock Off|[of] p2a: Toxicroak
|move|p1a: Corviknight|Nasty Plot|p1a: Corviknight
|-boost|p1a: Corviknight|spa|2
|
|-damage|p2a: Toxicroak|88/100 brn|[from] brn
|upkeep
|turn|7
|
|t:|1769425202
|switch|p2a: Swampert|Swampert, F|100/100
|move|p1a: Corviknight|Nasty Plot|p1a: Corviknight
|-boost|p1a: Corviknight|spa|2
|
|upkeep
|turn|8
|
|t:|1769425215
|move|p1a: Corviknight|Air Slash|p2a: Swampert
|-damage|p2a: Swampert|34/100
|move|p2a: Swampert|Mirror Coat|p1a: Corviknight
|-damage|p1a: Corviknight|0 fnt
|faint|p1a: Corviknight
|
|-heal|p2a: Swampert|41/100|[from] item: Leftovers
|upkeep
|
|t:|1769425226
|switch|p1a: Clefable|Clefable, F|44/100 psn
|turn|9
|
|t:|1769425253
|move|p1a: Clefable|Draining Kiss|p2a: Swampert
|-damage|p2a: Swampert|25/100
|-heal|p1a: Clefable|56/100 psn|[from] drain|[of] p2a: Swampert
|move|p2a: Swampert|Liquidation|p1a: Clefable
|-damage|p1a: Clefable|5/100 psn
|
|-heal|p2a: Swampert|31/100|[from] item: Leftovers
|upkeep
|turn|10
|
|t:|1769425262
|switch|p2a: Sandaconda|Sandaconda, M|100/100
|move|p1a: Clefable|Draining Kiss|p2a: Sandaconda
|-damage|p2a: Sandaconda|77/100
|-heal|p1a: Clefable|20/100 psn|[from] drain|[of] p2a: Sandaconda
|-weather|Sandstorm|[from] ability: Sand Spit|[of] p2a: Sandaconda
|
|-weather|Sandstorm|[upkeep]
|upkeep
|turn|11
|
|t:|1769425277
|switch|p2a: Sandslash|Sandslash, M|100/100
|move|p1a: Clefable|Draining Kiss|p2a: Sandslash
|-damage|p2a: Sandslash|71/100
|-heal|p1a: Clefable|36/100 psn|[from] drain|[of] p2a: Sandslash
|
|-weather|Sandstorm|[upkeep]
|upkeep
|turn|12
|
|t:|1769425284
|move|p2a: Sandslash|Swords Dance|p2a: Sandslash
|-boost|p2a: Sandslash|atk|2
|move|p1a: Clefable|Draining Kiss|p2a: Sandslash
|-damage|p2a: Sandslash|42/100
|-heal|p1a: Clefable|52/100 psn|[from] drain|[of] p2a: Sandslash
|
|-weather|Sandstorm|[upkeep]
|upkeep
|turn|13
|
|t:|1769425292
|move|p2a: Sandslash|Earthquake|p1a: Clefable
|-damage|p1a: Clefable|0 fnt
|faint|p1a: Clefable
|
|-weather|Sandstorm|[upkeep]
|upkeep
|
|t:|1769425299
|switch|p1a: Alomomola|Alomomola, F|100/100
|turn|14
|
|t:|1769425305
|move|p2a: Sandslash|Earthquake|p1a: Alomomola
|-damage|p1a: Alomomola|40/100
|move|p1a: Alomomola|Flip Turn|p2a: Sandslash
|-supereffective|p2a: Sandslash
|-damage|p2a: Sandslash|7/100
|
|t:|1769425312
|switch|p1a: Cinderace|Cinderace, M|100/100|[from] Flip Turn
|
|-weather|Sandstorm|[upkeep]
|-damage|p1a: Cinderace|95/100|[from] Sandstorm
|upkeep
|turn|15
|
|t:|1769425320
|move|p1a: Cinderace|Sucker Punch|p2a: Sandslash
|-start|p1a: Cinderace|typechange|Dark|[from] ability: Libero
|-crit|p2a: Sandslash
|-damage|p2a: Sandslash|0 fnt
|faint|p2a: Sandslash
|
|-weather|Sandstorm|[upkeep]
|-damage|p1a: Cinderace|89/100|[from] Sandstorm
|upkeep
|
|t:|1769425324
|switch|p2a: Swampert|Swampert, F|31/100
|turn|16
|
|t:|1769425332
|move|p1a: Cinderace|U-turn|p2a: Swampert
|-damage|p2a: Swampert|9/100
|inactive|Battle timer is ON: inactive players will automatically lose when time's up. (requested by TJSquirtleace)
|
|t:|1769425413
|switch|p1a: Alomomola|Alomomola, F|74/100|[from] U-turn
|move|p2a: Swampert|Bulk Up|p2a: Swampert
|-boost|p2a: Swampert|atk|1
|-boost|p2a: Swampert|def|1
|
|-weather|Sandstorm|[upkeep]
|-damage|p1a: Alomomola|67/100|[from] Sandstorm
|-heal|p2a: Swampert|15/100|[from] item: Leftovers
|upkeep
|turn|17
|
|t:|1769425439
|move|p1a: Alomomola|Flip Turn|p2a: Swampert
|-damage|p2a: Swampert|4/100
|
|t:|1769425451
|switch|p1a: Veluza|Veluza, F|100/100|[from] Flip Turn
|move|p2a: Swampert|Liquidation|p1a: Veluza
|-resisted|p1a: Veluza
|-damage|p1a: Veluza|48/100
|-enditem|p1a: Veluza|Sitrus Berry|[eat]
|-heal|p1a: Veluza|73/100|[from] item: Sitrus Berry
|
|-weather|none
|-heal|p2a: Swampert|10/100|[from] item: Leftovers
|upkeep
|turn|18
|inactive|TJSquirtleace has 120 seconds left.
|
|t:|1769425483
|move|p1a: Veluza|Aqua Jet|p2a: Swampert
|-damage|p2a: Swampert|0 fnt
|faint|p2a: Swampert
|
|upkeep
|
|t:|1769425496
|switch|p2a: Toxicroak|Toxicroak, M, tera:Dark|88/100 brn
|turn|19
|
|t:|1769425503
|move|p2a: Toxicroak|Fake Out|p1a: Veluza
|-damage|p1a: Veluza|67/100
|cant|p1a: Veluza|flinch
|
|-damage|p2a: Toxicroak|82/100 brn|[from] brn
|upkeep
|turn|20
|inactive|TJSquirtleace has 120 seconds left.
|
|t:|1769425510
|switch|p1a: Alomomola|Alomomola, F|100/100
|move|p2a: Toxicroak|Knock Off|p1a: Alomomola
|-damage|p1a: Alomomola|88/100
|-damage|p2a: Toxicroak|65/100 brn|[from] item: Rocky Helmet|[of] p1a: Alomomola
|-status|p1a: Alomomola|psn|[from] ability: Poison Touch|[of] p2a: Toxicroak
|-enditem|p1a: Alomomola|Rocky Helmet|[from] move: Knock Off|[of] p2a: Toxicroak
|
|-damage|p1a: Alomomola|76/100 psn|[from] psn
|-damage|p2a: Toxicroak|59/100 brn|[from] brn
|upkeep
|turn|21
|
|t:|1769425522
|move|p2a: Toxicroak|Drain Punch|p1a: Alomomola
|-damage|p1a: Alomomola|67/100 psn
|-heal|p2a: Toxicroak|66/100 brn|[from] drain|[of] p1a: Alomomola
|move|p1a: Alomomola|Wish|p1a: Alomomola
|
|-damage|p1a: Alomomola|54/100 psn|[from] psn
|-damage|p2a: Toxicroak|59/100 brn|[from] brn
|upkeep
|turn|22
|
|t:|1769425540
|move|p2a: Toxicroak|Drain Punch|p1a: Alomomola
|-damage|p1a: Alomomola|46/100 psn
|-heal|p2a: Toxicroak|66/100 brn|[from] drain|[of] p1a: Alomomola
|move|p1a: Alomomola|Flip Turn|p2a: Toxicroak
|-damage|p2a: Toxicroak|44/100 brn
|
|t:|1769425548
|switch|p1a: Veluza|Veluza, F|67/100|[from] Flip Turn
|
|-heal|p1a: Veluza|100/100|[from] move: Wish|[wisher] Alomomola
|-damage|p2a: Toxicroak|38/100 brn|[from] brn
|upkeep
|turn|23
|inactive|TJSquirtleace has 120 seconds left.
|inactive|TJSquirtleace has 90 seconds left.
|
|t:|1769425616
|move|p2a: Toxicroak|Knock Off|p1a: Veluza
|-supereffective|p1a: Veluza
|-damage|p1a: Veluza|65/100
|-status|p1a: Veluza|psn|[from] ability: Poison Touch|[of] p2a: Toxicroak
|move|p1a: Veluza|Fillet Away|p1a: Veluza
|-boost|p1a: Veluza|atk|2
|-boost|p1a: Veluza|spa|2
|-boost|p1a: Veluza|spe|2
|-damage|p1a: Veluza|15/100 psn
|
|-damage|p1a: Veluza|3/100 psn|[from] psn
|-damage|p2a: Toxicroak|32/100 brn|[from] brn
|upkeep
|turn|24
|
|t:|1769425630
|switch|p2a: Sandaconda|Sandaconda, M|77/100
|move|p1a: Veluza|Drill Run|p2a: Sandaconda
|-damage|p2a: Sandaconda|34/100
|-weather|Sandstorm|[from] ability: Sand Spit|[of] p2a: Sandaconda
|
|-weather|Sandstorm|[upkeep]
|-damage|p1a: Veluza|0 fnt|[from] Sandstorm
|faint|p1a: Veluza
|upkeep
|
|t:|1769425649
|switch|p1a: Alomomola|Alomomola, F|79/100 psn
|turn|25
|
|t:|1769425653
|move|p2a: Sandaconda|Earthquake|p1a: Alomomola
|-damage|p1a: Alomomola|51/100 psn
|move|p1a: Alomomola|Flip Turn|p2a: Sandaconda
|-supereffective|p2a: Sandaconda
|-damage|p2a: Sandaconda|6/100
|
|t:|1769425659
|switch|p1a: Cinderace|Cinderace, M|89/100|[from] Flip Turn
|
|-weather|Sandstorm|[upkeep]
|-damage|p1a: Cinderace|83/100|[from] Sandstorm
|upkeep
|turn|26
|inactive|TJSquirtleace has 90 seconds left.
|
|t:|1769425682
|move|p1a: Cinderace|U-turn|p2a: Sandaconda
|-start|p1a: Cinderace|typechange|Bug|[from] ability: Libero
|-damage|p2a: Sandaconda|0 fnt
|faint|p2a: Sandaconda
|
|t:|1769425689
|switch|p1a: Alomomola|Alomomola, F|85/100 psn|[from] U-turn
|
|-weather|Sandstorm|[upkeep]
|-damage|p1a: Alomomola|78/100 psn|[from] Sandstorm
|-damage|p1a: Alomomola|66/100 psn|[from] psn
|upkeep
|
|t:|1769425692
|switch|p2a: Toxicroak|Toxicroak, M, tera:Dark|32/100 brn
|turn|27
|
|t:|1769425701
|move|p2a: Toxicroak|Fake Out|p1a: Alomomola
|-damage|p1a: Alomomola|63/100 psn
|cant|p1a: Alomomola|flinch
|
|-weather|Sandstorm|[upkeep]
|-damage|p2a: Toxicroak|26/100 brn|[from] Sandstorm
|-damage|p1a: Alomomola|56/100 psn|[from] Sandstorm
|-damage|p1a: Alomomola|44/100 psn|[from] psn
|-damage|p2a: Toxicroak|19/100 brn|[from] brn
|upkeep
|turn|28
|
|t:|1769425717
|move|p2a: Toxicroak|Drain Punch|p1a: Alomomola
|-damage|p1a: Alomomola|35/100 psn
|-heal|p2a: Toxicroak|26/100 brn|[from] drain|[of] p1a: Alomomola
|move|p1a: Alomomola|Flip Turn|p2a: Toxicroak
|-damage|p2a: Toxicroak|4/100 brn
|
|t:|1769425737
|switch|p1a: Cinderace|Cinderace, M|83/100|[from] Flip Turn
|
|-weather|Sandstorm|[upkeep]
|-damage|p1a: Cinderace|77/100|[from] Sandstorm
|-damage|p2a: Toxicroak|0 fnt|[from] Sandstorm
|faint|p2a: Toxicroak
|upkeep
|
|t:|1769425744
|switch|p2a: Mamoswine|Mamoswine, F|100/100
|turn|29
|inactive|404xyz has 120 seconds left.
|
|t:|1769425765
|move|p1a: Cinderace|U-turn|p2a: Mamoswine
|-start|p1a: Cinderace|typechange|Bug|[from] ability: Libero
|-damage|p2a: Mamoswine|71/100
|
|t:|1769425769
|switch|p1a: Alomomola|Alomomola, F|68/100 psn|[from] U-turn
|move|p2a: Mamoswine|Curse|p2a: Mamoswine
|-unboost|p2a: Mamoswine|spe|1
|-boost|p2a: Mamoswine|atk|1
|-boost|p2a: Mamoswine|def|1
|
|-weather|Sandstorm|[upkeep]
|-damage|p1a: Alomomola|62/100 psn|[from] Sandstorm
|-heal|p2a: Mamoswine|78/100|[from] item: Leftovers
|-damage|p1a: Alomomola|50/100 psn|[from] psn
|upkeep
|turn|30
|inactive|404xyz has 120 seconds left.
|
|t:|1769425795
|move|p1a: Alomomola|Flip Turn|p2a: Mamoswine
|-supereffective|p2a: Mamoswine
|-damage|p2a: Mamoswine|59/100
|
|t:|1769425798
|switch|p1a: Cinderace|Cinderace, M|77/100|[from] Flip Turn
|move|p2a: Mamoswine|Earthquake|p1a: Cinderace
|-supereffective|p1a: Cinderace
|-damage|p1a: Cinderace|0 fnt
|faint|p1a: Cinderace
|
|-weather|Sandstorm|[upkeep]
|-heal|p2a: Mamoswine|65/100|[from] item: Leftovers
|upkeep
|
|t:|1769425812
|switch|p1a: Alomomola|Alomomola, F|83/100 psn
|turn|31
|inactive|TJSquirtleace has 120 seconds left.
|
|t:|1769425868
|move|p1a: Alomomola|Flip Turn|p2a: Mamoswine
|-supereffective|p2a: Mamoswine
|-damage|p2a: Mamoswine|45/100
|move|p2a: Mamoswine|Earthquake|p1a: Alomomola
|-damage|p1a: Alomomola|38/100 psn
|
|-weather|none
|-heal|p2a: Mamoswine|51/100|[from] item: Leftovers
|-damage|p1a: Alomomola|26/100 psn|[from] psn
|upkeep
|turn|32
|inactive|404xyz has 120 seconds left.
|
|t:|1769425896
|move|p1a: Alomomola|Wish|p1a: Alomomola
|move|p2a: Mamoswine|Earthquake|p1a: Alomomola
|-damage|p1a: Alomomola|0 fnt
|faint|p1a: Alomomola
|
|win|TJSquirtleace
|raw|404xyz's rating: 1120 &rarr; <strong>1090</strong><br />(-30 for losing)
|raw|TJSquirtleace's rating: 1048 &rarr; <strong>1088</strong><br />(+40 for winning)
|l|☆404xyz
|player|p1|
|l|‽TJSquirtleace
|player|p2|
