|j|☆RONSOL
|j|‽besovshina
|t:|1769342073
|gametype|singles
|player|p1|RONSOL|266|1263
|player|p2|besovshina|alder|1232
|gen|9
|tier|[Gen 9] OU
|rated|
|rule|HP Percentage Mod: HP is shown in percentages
|rule|Endless Battle Clause: Forcing endless battles is banned
|rule|Species Clause: Limit one of each Pokémon
|rule|OHKO Clause: OHKO moves are banned
|rule|Evasion Items Clause: Evasion items are banned
|rule|Evasion Moves Clause: Evasion moves are banned
|rule|Evasion Abilities Clause: Evasion abilities are banned
|rule|Sleep Moves Clause: Sleep-inducing moves are banned
|clearpoke
|poke|p1|Iron Hands|
|poke|p1|Glimmora, M|
|poke|p1|Landorus-Therian, M|
|poke|p1|Dragapult, M|
|poke|p1|Primarina, M|
|poke|p1|Kingambit, F|
|poke|p2|Emboar, M|
|poke|p2|Enamorus-Therian, F|
|poke|p2|Exeggutor-Alola, F|
|poke|p2|Ursaluna, F|
|poke|p2|Porygon2|
|poke|p2|Bronzong|
|teampreview
|inactive|Battle timer is ON: inactive players will automatically lose when time's up. (requested by besovshina)
|
|t:|1769342092
|teamsize|p1|6
|teamsize|p2|6
|start
|switch|p1a: Glimmora|Glimmora, M|100/100
|switch|p2a: Bronzong|Bronzong, shiny|100/100
|turn|1
|
|t:|1769342107
|switch|p1a: Landorus|Landorus-Therian, M|100/100
|-ability|p1a: Landorus|Intimidate|boost
|-unboost|p2a: Bronzong|atk|1
|move|p2a: Bronzong|Trick Room|p2a: Bronzong
|-fieldstart|move: Trick Room|[of] p2a: Bronzong
|
|upkeep
|turn|2
|
|t:|1769342117
|switch|p2a: Enamorus|Enamorus-Therian, F|100/100
|move|p1a: Landorus|Stealth Rock|p2a: Enamorus
|-sidestart|p2: besovshina|move: Stealth Rock
|
|upkeep
|turn|3
|
|t:|1769342123
|move|p2a: Enamorus|Moonblast|p1a: Landorus
|-damage|p1a: Landorus|29/100
|-damage|p2a: Enamorus|91/100|[from] item: Life Orb
|move|p1a: Landorus|Rock Tomb|p2a: Enamorus
|-supereffective|p2a: Enamorus
|-damage|p2a: Enamorus|60/100
|-unboost|p2a: Enamorus|spe|1
|
|upkeep
|turn|4
|
|t:|1769342136
|switch|p1a: Glimmora|Glimmora, M|100/100
|move|p2a: Enamorus|Extrasensory|p1a: Glimmora
|-supereffective|p1a: Glimmora
|-damage|p1a: Glimmora|0 fnt
|faint|p1a: Glimmora
|-damage|p2a: Enamorus|50/100|[from] item: Life Orb
|
|upkeep
|
|t:|1769342150
|switch|p1a: Primarina|Primarina, M|100/100
|turn|5
|
|t:|1769342161
|move|p2a: Enamorus|Mystical Fire|p1a: Primarina
|-resisted|p1a: Primarina
|-damage|p1a: Primarina|91/100
|-unboost|p1a: Primarina|spa|1
|-damage|p2a: Enamorus|41/100|[from] item: Life Orb
|move|p1a: Primarina|Psychic Noise|p2a: Enamorus
|-damage|p2a: Enamorus|15/100
|-start|p2a: Enamorus|move: Heal Block
|
|-fieldend|move: Trick Room
|upkeep
|turn|6
|
|t:|1769342177
|switch|p2a: Exeggutor|Exeggutor-Alola, F, shiny|100/100
|-damage|p2a: Exeggutor|88/100|[from] Stealth Rock
|-item|p1a: Primarina|Assault Vest|[from] ability: Frisk|[of] p2a: Exeggutor
|move|p1a: Primarina|Psychic Noise|p2a: Exeggutor
|-resisted|p2a: Exeggutor
|-damage|p2a: Exeggutor|82/100
|-start|p2a: Exeggutor|move: Heal Block
|
|upkeep
|turn|7
|
|t:|1769342187
|move|p1a: Primarina|Moonblast|p2a: Exeggutor
|-supereffective|p2a: Exeggutor
|-damage|p2a: Exeggutor|8/100
|move|p2a: Exeggutor|Trick Room|p2a: Exeggutor
|-fieldstart|move: Trick Room|[of] p2a: Exeggutor
|
|-end|p2a: Exeggutor|move: Heal Block
|upkeep
|turn|8
|
|t:|1769342205
|-terastallize|p1a: Primarina|Poison
|move|p2a: Exeggutor|Leaf Storm|p1a: Primarina
|-resisted|p1a: Primarina
|-damage|p1a: Primarina|71/100
|-unboost|p2a: Exeggutor|spa|2
|-enditem|p2a: Exeggutor|Eject Pack
|
|t:|1769342210
|switch|p2a: Ursaluna|Ursaluna, F|100/100
|-damage|p2a: Ursaluna|94/100|[from] Stealth Rock
|move|p1a: Primarina|Moonblast|p2a: Ursaluna
|-damage|p2a: Ursaluna|70/100
|
|-status|p2a: Ursaluna|brn|[from] item: Flame Orb
|upkeep
|turn|9
|
|t:|1769342223
|switch|p1a: Landorus|Landorus-Therian, M|29/100
|-ability|p1a: Landorus|Intimidate|boost
|-unboost|p2a: Ursaluna|atk|1
|move|p2a: Ursaluna|Facade|p1a: Landorus
|-damage|p1a: Landorus|0 fnt
|-damage|p2a: Ursaluna|54/100 brn|[from] item: Rocky Helmet|[of] p1a: Landorus
|faint|p1a: Landorus
|
|-damage|p2a: Ursaluna|48/100 brn|[from] brn
|upkeep
|
|t:|1769342233
|switch|p1a: Kingambit|Kingambit, F|100/100
|-activate|p1a: Kingambit|ability: Supreme Overlord
|-start|p1a: Kingambit|fallen2|[silent]
|turn|10
|
|t:|1769342240
|move|p1a: Kingambit|Sucker Punch|p2a: Ursaluna
|-damage|p2a: Ursaluna|11/100 brn
|move|p2a: Ursaluna|Earthquake|p1a: Kingambit
|-supereffective|p1a: Kingambit
|-damage|p1a: Kingambit|8/100
|
|-heal|p1a: Kingambit|14/100|[from] item: Leftovers
|-damage|p2a: Ursaluna|5/100 brn|[from] brn
|upkeep
|turn|11
|
|t:|1769342251
|move|p2a: Ursaluna|Facade|p1a: Kingambit
|-resisted|p1a: Kingambit
|-damage|p1a: Kingambit|0 fnt
|faint|p1a: Kingambit
|-end|p1a: Kingambit|fallen2|[silent]
|
|-damage|p2a: Ursaluna|0 fnt|[from] brn
|faint|p2a: Ursaluna
|-fieldend|move: Trick Room
|upkeep
|
|t:|1769342260
|switch|p1a: Dragapult|Dragapult, M|100/100
|switch|p2a: Bronzong|Bronzong, shiny|100/100
|-damage|p2a: Bronzong|94/100|[from] Stealth Rock
|turn|12
|
|t:|1769342267
|move|p1a: Dragapult|Curse|p2a: Bronzong
|-start|p2a: Bronzong|Curse|[of] p1a: Dragapult
|-damage|p1a: Dragapult|51/100
|move|p2a: Bronzong|Trick Room|p2a: Bronzong
|-fieldstart|move: Trick Room|[of] p2a: Bronzong
|
|-damage|p2a: Bronzong|70/100|[from] Curse
|upkeep
|turn|13
|
|t:|1769342278
|switch|p2a: Exeggutor|Exeggutor-Alola, F, shiny|8/100
|-damage|p2a: Exeggutor|0 fnt|[from] Stealth Rock
|faint|p2a: Exeggutor
|switch|p1a: Primarina|Primarina, M, tera:Poison|71/100
|
|upkeep
|
|t:|1769342286
|switch|p2a: Emboar|Emboar, M, shiny|100/100
|-damage|p2a: Emboar|88/100|[from] Stealth Rock
|turn|14
|
|t:|1769342294
|-terastallize|p2a: Emboar|Stellar
|move|p2a: Emboar|Flare Blitz|p1a: Primarina
|-damage|p1a: Primarina|0 fnt
|faint|p1a: Primarina
|-damage|p2a: Emboar|68/100|[from] Recoil
|-damage|p2a: Emboar|58/100|[from] item: Life Orb
|
|upkeep
|
|t:|1769342303
|switch|p1a: Iron Hands|Iron Hands|100/100
|-enditem|p1a: Iron Hands|Booster Energy
|-activate|p1a: Iron Hands|ability: Quark Drive|[fromitem]
|-start|p1a: Iron Hands|quarkdriveatk
|turn|15
|
|t:|1769342310
|move|p2a: Emboar|Flare Blitz|p1a: Iron Hands
|-damage|p1a: Iron Hands|25/100
|-damage|p2a: Emboar|31/100|[from] Recoil
|-damage|p2a: Emboar|21/100|[from] item: Life Orb
|move|p1a: Iron Hands|Supercell Slam|p2a: Emboar|[miss]
|-miss|p1a: Iron Hands|p2a: Emboar
|-damage|p1a: Iron Hands|0 fnt|[from] supercellslam
|faint|p1a: Iron Hands
|-end|p1a: Iron Hands|Quark Drive|[silent]
|
|upkeep
|-message|RONSOL forfeited.
|
|win|besovshina
|raw|RONSOL's rating: 1263 &rarr; <strong>1236</strong><br />(-27 for losing)
|raw|besovshina's rating: 1232 &rarr; <strong>1259</strong><br />(+27 for winning)
|l|☆RONSOL
|player|p1|
|l|‽besovshina
|player|p2|
