|j|☆cospway
|j|☆mind goblin games
|t:|1769391277
|gametype|singles
|player|p1|cospway|iris-gen5bw2|1448
|player|p2|mind goblin games|170|1344
|gen|9
|tier|[Gen 9] OU
|rated|
|rule|HP Percentage Mod: HP is shown in percentages
|rule|Endless Battle Clause: Forcing endless battles is banned
|rule|Species Clause: Limit one of each Pokémon
|rule|OHKO Clause: OHKO moves are banned
|rule|Evasion Items Clause: Evasion items are banned
|rule|Evasion Moves Clause: Evasion moves are banned
|rule|Evasion Abilities Clause: Evasion abilities are banned
|rule|Sleep Moves Clause: Sleep-inducing moves are banned
|clearpoke
|poke|p1|Cresselia, F|
|poke|p1|Mew|
|poke|p1|Kingambit, M|
|poke|p1|Azumarill, M|
|poke|p1|Gholdengo|
|poke|p1|Hoopa-Unbound|
|poke|p2|Golem, M|
|poke|p2|Weezing-Galar, F|
|poke|p2|Dragonite, F|
|poke|p2|Kingambit, M|
|poke|p2|Bellibolt, F|
|poke|p2|Volcanion|
|teampreview
|inactive|Battle timer is ON: inactive players will automatically lose when time's up. (requested by mind goblin games)
|
|t:|1769391306
|teamsize|p1|6
|teamsize|p2|6
|start
|switch|p1a: Mew|Mew|100/100
|switch|p2a: Golem|Golem, M, shiny|100/100
|turn|1
|
|t:|1769391314
|move|p1a: Mew|Taunt|p2a: Golem
|-start|p2a: Golem|move: Taunt
|move|p2a: Golem|Stone Edge|p1a: Mew
|-damage|p1a: Mew|59/100
|
|upkeep
|turn|2
|
|t:|1769391322
|move|p1a: Mew|Stealth Rock|p2a: Golem
|-sidestart|p2: mind goblin games|move: Stealth Rock
|move|p2a: Golem|Stone Edge|p1a: Mew
|-damage|p1a: Mew|22/100
|
|upkeep
|turn|3
|
|t:|1769391328
|move|p1a: Mew|Knock Off|p2a: Golem
|-damage|p2a: Golem|83/100
|-enditem|p2a: Golem|Custap Berry|[from] move: Knock Off|[of] p1a: Mew
|move|p2a: Golem|Stone Edge|p1a: Mew
|-crit|p1a: Mew
|-damage|p1a: Mew|0 fnt
|faint|p1a: Mew
|
|-end|p2a: Golem|move: Taunt
|upkeep
|
|t:|1769391348
|switch|p1a: Azumarill|Azumarill, M|100/100
|turn|4
|
|t:|1769391359
|switch|p1a: Hoopa|Hoopa-Unbound|100/100
|move|p2a: Golem|Roar|p1a: Hoopa
|drag|p1a: Azumarill|Azumarill, M|100/100
|
|upkeep
|turn|5
|
|t:|1769391365
|move|p1a: Azumarill|Aqua Jet|p2a: Golem
|-supereffective|p2a: Golem
|-damage|p2a: Golem|0 fnt
|faint|p2a: Golem
|
|upkeep
|
|t:|1769391369
|switch|p2a: Weezing|Weezing-Galar, F|100/100
|-ability|p2a: Weezing|Neutralizing Gas
|turn|6
|
|t:|1769391379
|switch|p1a: Gholdengo|Gholdengo|100/100
|move|p2a: Weezing|Strange Steam|p1a: Gholdengo
|-resisted|p1a: Gholdengo
|-damage|p1a: Gholdengo|88/100
|-start|p1a: Gholdengo|confusion
|
|upkeep
|turn|7
|
|t:|1769391393
|-end|p2a: Weezing|ability: Neutralizing Gas
|switch|p2a: Volcanion|Volcanion|100/100
|-damage|p2a: Volcanion|76/100|[from] Stealth Rock
|-activate|p1a: Gholdengo|confusion
|move|p1a: Gholdengo|Thunder|p2a: Volcanion
|-supereffective|p2a: Volcanion
|-damage|p2a: Volcanion|0 fnt
|faint|p2a: Volcanion
|
|upkeep
|
|t:|1769391402
|switch|p2a: Dragonite|Dragonite, F|100/100
|turn|8
|
|t:|1769391408
|switch|p1a: Cresselia|Cresselia, F|100/100
|move|p2a: Dragonite|Dragon Dance|p2a: Dragonite
|-boost|p2a: Dragonite|atk|1
|-boost|p2a: Dragonite|spe|1
|
|upkeep
|turn|9
|
|t:|1769391416
|move|p2a: Dragonite|Dragon Dance|p2a: Dragonite
|-boost|p2a: Dragonite|atk|1
|-boost|p2a: Dragonite|spe|1
|move|p1a: Cresselia|Trick Room|p1a: Cresselia
|-fieldstart|move: Trick Room|[of] p1a: Cresselia
|
|upkeep
|turn|10
|
|t:|1769391425
|move|p1a: Cresselia|Ice Beam|p2a: Dragonite
|-supereffective|p2a: Dragonite
|-damage|p2a: Dragonite|69/100
|move|p2a: Dragonite|Dragon Dance|p2a: Dragonite
|-boost|p2a: Dragonite|atk|1
|-boost|p2a: Dragonite|spe|1
|
|upkeep
|turn|11
|
|t:|1769391431
|-terastallize|p2a: Dragonite|Normal
|move|p2a: Dragonite|Extreme Speed|p1a: Cresselia
|-damage|p1a: Cresselia|42/100
|move|p1a: Cresselia|Ice Beam|p2a: Dragonite
|-damage|p2a: Dragonite|51/100
|
|upkeep
|turn|12
|
|t:|1769391441
|switch|p1a: Azumarill|Azumarill, M|100/100
|move|p2a: Dragonite|Extreme Speed|p1a: Azumarill
|-damage|p1a: Azumarill|0 fnt
|faint|p1a: Azumarill
|
|upkeep
|
|t:|1769391446
|switch|p1a: Gholdengo|Gholdengo|88/100
|turn|13
|
|t:|1769391476
|switch|p2a: Bellibolt|Bellibolt, F|100/100
|-damage|p2a: Bellibolt|88/100|[from] Stealth Rock
|move|p1a: Gholdengo|Focus Blast|p2a: Bellibolt
|-damage|p2a: Bellibolt|47/100
|-start|p2a: Bellibolt|Charge|Focus Blast|[from] ability: Electromorphosis
|
|-fieldend|move: Trick Room
|upkeep
|turn|14
|
|t:|1769391487
|switch|p1a: Cresselia|Cresselia, F|42/100
|move|p2a: Bellibolt|Parabolic Charge|p1a: Cresselia
|-damage|p1a: Cresselia|14/100
|-heal|p2a: Bellibolt|62/100|[from] drain|[of] p1a: Cresselia
|-end|p2a: Bellibolt|Charge|[silent]
|
|upkeep
|turn|15
|
|t:|1769391497
|move|p1a: Cresselia|Moonlight|p1a: Cresselia
|-heal|p1a: Cresselia|64/100
|move|p2a: Bellibolt|Discharge|p1a: Cresselia
|-damage|p1a: Cresselia|45/100
|
|upkeep
|turn|16
|
|t:|1769391509
|move|p1a: Cresselia|Moonlight|p1a: Cresselia
|-heal|p1a: Cresselia|95/100
|move|p2a: Bellibolt|Discharge|p1a: Cresselia
|-damage|p1a: Cresselia|76/100
|-status|p1a: Cresselia|par
|
|upkeep
|turn|17
|
|t:|1769391519
|switch|p1a: Hoopa|Hoopa-Unbound|100/100
|move|p2a: Bellibolt|Volt Switch|p1a: Hoopa
|-damage|p1a: Hoopa|82/100
|
|t:|1769391533
|switch|p2a: Weezing|Weezing-Galar, F|100/100|[from] Volt Switch
|-ability|p2a: Weezing|Neutralizing Gas
|
|upkeep
|turn|18
|
|t:|1769391546
|move|p2a: Weezing|Strange Steam|p1a: Hoopa
|-supereffective|p1a: Hoopa
|-damage|p1a: Hoopa|42/100
|move|p1a: Hoopa|Gunk Shot|p2a: Weezing
|-damage|p2a: Weezing|63/100
|
|upkeep
|turn|19
|
|t:|1769391554
|switch|p1a: Gholdengo|Gholdengo|88/100
|move|p2a: Weezing|Strange Steam|p1a: Gholdengo
|-resisted|p1a: Gholdengo
|-damage|p1a: Gholdengo|75/100
|
|upkeep
|turn|20
|
|t:|1769391575
|move|p2a: Weezing|Will-O-Wisp|p1a: Gholdengo
|-status|p1a: Gholdengo|brn
|move|p1a: Gholdengo|Focus Blast|p2a: Weezing|[miss]
|-miss|p1a: Gholdengo|p2a: Weezing
|
|-damage|p1a: Gholdengo|69/100 brn|[from] brn
|upkeep
|turn|21
|
|t:|1769391584
|switch|p1a: Cresselia|Cresselia, F|76/100 par
|move|p2a: Weezing|Defog|p1a: Cresselia
|-unboost|p1a: Cresselia|evasion|1
|-sideend|p2: mind goblin games|Stealth Rock|[from] move: Defog|[of] p2a: Weezing
|
|upkeep
|turn|22
|
|t:|1769391592
|move|p2a: Weezing|Strange Steam|p1a: Cresselia
|-crit|p1a: Cresselia
|-damage|p1a: Cresselia|50/100 par
|move|p1a: Cresselia|Trick Room|p1a: Cresselia
|-fieldstart|move: Trick Room|[of] p1a: Cresselia
|
|upkeep
|turn|23
|
|t:|1769391599
|move|p1a: Cresselia|Moonlight|p1a: Cresselia
|-heal|p1a: Cresselia|100/100 par
|move|p2a: Weezing|Strange Steam|p1a: Cresselia
|-damage|p1a: Cresselia|84/100 par
|
|upkeep
|turn|24
|
|t:|1769391606
|switch|p1a: Gholdengo|Gholdengo|69/100 brn
|-end|p2a: Weezing|ability: Neutralizing Gas
|switch|p2a: Dragonite|Dragonite, F, tera:Normal|51/100
|
|-damage|p1a: Gholdengo|63/100 brn|[from] brn
|upkeep
|turn|25
|
|t:|1769391627
|move|p1a: Gholdengo|Make It Rain|p2a: Dragonite
|-damage|p2a: Dragonite|0 fnt
|-unboost|p1a: Gholdengo|spa|1
|faint|p2a: Dragonite
|
|-damage|p1a: Gholdengo|56/100 brn|[from] brn
|upkeep
|
|t:|1769391637
|switch|p2a: Bellibolt|Bellibolt, F|62/100
|turn|26
|
|t:|1769391642
|switch|p1a: Cresselia|Cresselia, F|84/100 par
|move|p2a: Bellibolt|Parabolic Charge|p1a: Cresselia
|-damage|p1a: Cresselia|67/100 par
|-heal|p2a: Bellibolt|70/100|[from] drain|[of] p1a: Cresselia
|
|-fieldend|move: Trick Room
|upkeep
|turn|27
|
|t:|1769391650
|move|p2a: Bellibolt|Volt Switch|p1a: Cresselia
|-damage|p1a: Cresselia|52/100 par
|
|t:|1769391654
|switch|p2a: Kingambit|Kingambit, M|100/100|[from] Volt Switch
|-activate|p2a: Kingambit|ability: Supreme Overlord
|-start|p2a: Kingambit|fallen3|[silent]
|move|p1a: Cresselia|Trick Room|p1a: Cresselia
|-fieldstart|move: Trick Room|[of] p1a: Cresselia
|
|upkeep
|turn|28
|
|t:|1769391662
|move|p1a: Cresselia|Lunar Dance|p1a: Cresselia
|faint|p1a: Cresselia
|move|p2a: Kingambit|Swords Dance|p2a: Kingambit
|-boost|p2a: Kingambit|atk|2
|
|upkeep
|
|t:|1769391670
|switch|p1a: Kingambit|Kingambit, M|100/100
|-activate|p1a: Kingambit|ability: Supreme Overlord
|-start|p1a: Kingambit|fallen3|[silent]
|turn|29
|
|t:|1769391681
|move|p1a: Kingambit|Swords Dance|p1a: Kingambit
|-boost|p1a: Kingambit|atk|2
|move|p2a: Kingambit|Iron Head|p1a: Kingambit
|-resisted|p1a: Kingambit
|-damage|p1a: Kingambit|53/100
|
|-heal|p1a: Kingambit|59/100|[from] item: Leftovers
|upkeep
|turn|30
|
|t:|1769391690
|-terastallize|p1a: Kingambit|Fairy
|move|p2a: Kingambit|Sucker Punch|p1a: Kingambit
|-resisted|p1a: Kingambit
|-damage|p1a: Kingambit|24/100
|move|p1a: Kingambit|Tera Blast|p2a: Kingambit|[anim] Tera Blast Fairy
|-damage|p2a: Kingambit|3/100
|
|-heal|p1a: Kingambit|30/100|[from] item: Leftovers
|-heal|p2a: Kingambit|9/100|[from] item: Leftovers
|upkeep
|turn|31
|
|t:|1769391701
|move|p1a: Kingambit|Sucker Punch|p2a: Kingambit
|-resisted|p2a: Kingambit
|-damage|p2a: Kingambit|0 fnt
|faint|p2a: Kingambit
|-end|p2a: Kingambit|fallen3|[silent]
|
|-heal|p1a: Kingambit|36/100|[from] item: Leftovers
|-fieldend|move: Trick Room
|upkeep
|
|t:|1769391705
|switch|p2a: Bellibolt|Bellibolt, F|70/100
|turn|32
|
|t:|1769391713
|move|p1a: Kingambit|Sucker Punch|p2a: Bellibolt
|-damage|p2a: Bellibolt|2/100
|-start|p2a: Bellibolt|Charge|Sucker Punch|[from] ability: Electromorphosis
|move|p2a: Bellibolt|Discharge|p1a: Kingambit
|-damage|p1a: Kingambit|0 fnt
|faint|p1a: Kingambit
|-end|p1a: Kingambit|fallen3|[silent]
|-end|p2a: Bellibolt|Charge|[silent]
|
|upkeep
|
|t:|1769391722
|switch|p1a: Hoopa|Hoopa-Unbound|42/100
|-heal|p1a: Hoopa|100/100|[from] move: Lunar Dance
|turn|33
|
|t:|1769391728
|move|p2a: Bellibolt|Parabolic Charge|p1a: Hoopa
|-damage|p1a: Hoopa|83/100
|-heal|p2a: Bellibolt|10/100|[from] drain|[of] p1a: Hoopa
|move|p1a: Hoopa|Trick Room|p1a: Hoopa
|-fieldstart|move: Trick Room|[of] p1a: Hoopa
|-enditem|p1a: Hoopa|Room Service
|-unboost|p1a: Hoopa|spe|1|[from] item: Room Service
|
|upkeep
|turn|34
|
|t:|1769391735
|move|p1a: Hoopa|Drain Punch|p2a: Bellibolt
|-damage|p2a: Bellibolt|0 fnt
|-heal|p1a: Hoopa|88/100|[from] drain|[of] p2a: Bellibolt
|faint|p2a: Bellibolt
|-item|p1a: Hoopa|Assault Vest|[from] ability: Magician|[of] p2: Bellibolt
|
|upkeep
|
|t:|1769391738
|switch|p2a: Weezing|Weezing-Galar, F|63/100
|-ability|p2a: Weezing|Neutralizing Gas
|turn|35
|
|t:|1769391747
|move|p1a: Hoopa|Gunk Shot|p2a: Weezing
|-damage|p2a: Weezing|26/100
|move|p2a: Weezing|Will-O-Wisp|p1a: Hoopa
|-status|p1a: Hoopa|brn
|
|-damage|p1a: Hoopa|82/100 brn|[from] brn
|upkeep
|turn|36
|
|t:|1769391756
|switch|p1a: Gholdengo|Gholdengo|56/100 brn
|move|p2a: Weezing|Pain Split|p1a: Gholdengo
|-sethp|p1a: Gholdengo|40/100 brn|[from] move: Pain Split|[silent]
|-sethp|p2a: Weezing|45/100|[from] move: Pain Split
|
|-damage|p1a: Gholdengo|34/100 brn|[from] brn
|upkeep
|turn|37
|
|t:|1769391764
|move|p1a: Gholdengo|Make It Rain|p2a: Weezing
|-supereffective|p2a: Weezing
|-damage|p2a: Weezing|0 fnt
|-unboost|p1a: Gholdengo|spa|1
|faint|p2a: Weezing
|-end|p2a: Weezing|ability: Neutralizing Gas
|
|win|cospway
|raw|cospway's rating: 1448 &rarr; <strong>1462</strong><br />(+14 for winning)
|raw|mind goblin games's rating: 1344 &rarr; <strong>1330</strong><br />(-14 for losing)
|l|☆cospway
|player|p1|
|l|☆mind goblin games
|player|p2|
