|j|☆planecrazy4u
|j|‽tasty sardine 408
|t:|1769383370
|gametype|singles
|player|p1|planecrazy4u|101|1657
|player|p2|tasty sardine 408|harlequin|1685
|gen|9
|tier|[Gen 9] OU
|rated|
|rule|HP Percentage Mod: HP is shown in percentages
|rule|Endless Battle Clause: Forcing endless battles is banned
|rule|Species Clause: Limit one of each Pokémon
|rule|OHKO Clause: OHKO moves are banned
|rule|Evasion Items Clause: Evasion items are banned
|rule|Evasion Moves Clause: Evasion moves are banned
|rule|Evasion Abilities Clause: Evasion abilities are banned
|rule|Sleep Moves Clause: Sleep-inducing moves are banned
|clearpoke
|poke|p1|Primarina, M|
|poke|p1|Great Tusk|
|poke|p1|Enamorus, F|
|poke|p1|Slowking-Galar, M|
|poke|p1|Ogerpon, F|
|poke|p1|Kingambit, M|
|poke|p2|Umbreon, F|
|poke|p2|Serperior, M|
|poke|p2|Cresselia, F|
|poke|p2|Revavroom, F|
|poke|p2|Skeledirge, F|
|poke|p2|Manaphy|
|teampreview
|
|t:|1769383378
|teamsize|p1|6
|teamsize|p2|6
|start
|switch|p1a: Gin|Enamorus, F, shiny|100/100
|switch|p2a: Serperior|Serperior, M, shiny|100/100
|turn|1
|
|t:|1769383382
|move|p1a: Gin|Mystical Fire|p2a: Serperior
|-supereffective|p2a: Serperior
|-damage|p2a: Serperior|37/100
|-boost|p2a: Serperior|spa|1
|move|p2a: Serperior|Glare|p1a: Gin
|-status|p1a: Gin|par
|
|-heal|p2a: Serperior|43/100|[from] item: Leftovers
|upkeep
|turn|2
|
|t:|1769383390
|move|p2a: Serperior|Synthesis|p2a: Serperior
|-heal|p2a: Serperior|93/100
|move|p1a: Gin|Mystical Fire|p2a: Serperior
|-supereffective|p2a: Serperior
|-damage|p2a: Serperior|35/100
|-boost|p2a: Serperior|spa|1
|
|-heal|p2a: Serperior|41/100|[from] item: Leftovers
|upkeep
|turn|3
|
|t:|1769383395
|switch|p1a: Mantra|Slowking-Galar, M, shiny|100/100
|move|p2a: Serperior|Synthesis|p2a: Serperior
|-heal|p2a: Serperior|91/100
|
|-heal|p2a: Serperior|97/100|[from] item: Leftovers
|upkeep
|turn|4
|inactive|Battle timer is ON: inactive players will automatically lose when time's up. (requested by tasty sardine 408)
|
|t:|1769383401
|-terastallize|p2a: Serperior|Electric
|move|p2a: Serperior|Glare|p1a: Mantra
|-status|p1a: Mantra|par
|move|p1a: Mantra|Sludge Bomb|p2a: Serperior
|-damage|p2a: Serperior|63/100
|
|-heal|p2a: Serperior|69/100|[from] item: Leftovers
|upkeep
|turn|5
|
|t:|1769383409
|move|p2a: Serperior|Leaf Storm|p1a: Mantra
|-resisted|p1a: Mantra
|-damage|p1a: Mantra|82/100 par
|-boost|p2a: Serperior|spa|2
|move|p1a: Mantra|Psychic Noise|p2a: Serperior
|-damage|p2a: Serperior|40/100
|-start|p2a: Serperior|move: Heal Block
|
|upkeep
|turn|6
|
|t:|1769383416
|move|p2a: Serperior|Tera Blast|p1a: Mantra|[anim] Tera Blast Electric
|-damage|p1a: Mantra|49/100 par
|cant|p1a: Mantra|par
|
|-end|p2a: Serperior|move: Heal Block
|upkeep
|turn|7
|
|t:|1769383423
|move|p2a: Serperior|Synthesis|p2a: Serperior
|-heal|p2a: Serperior|90/100
|move|p1a: Mantra|Sludge Bomb|p2a: Serperior
|-damage|p2a: Serperior|56/100
|
|-heal|p2a: Serperior|62/100|[from] item: Leftovers
|upkeep
|turn|8
|
|t:|1769383428
|move|p2a: Serperior|Leaf Storm|p1a: Mantra
|-resisted|p1a: Mantra
|-damage|p1a: Mantra|18/100 par
|-boost|p2a: Serperior|spa|2
|move|p1a: Mantra|Sludge Bomb|p2a: Serperior
|-damage|p2a: Serperior|27/100
|
|-heal|p2a: Serperior|34/100|[from] item: Leftovers
|upkeep
|turn|9
|
|t:|1769383442
|move|p2a: Serperior|Tera Blast|p1a: Mantra|[anim] Tera Blast Electric
|-damage|p1a: Mantra|0 fnt
|faint|p1a: Mantra
|
|-heal|p2a: Serperior|40/100|[from] item: Leftovers
|upkeep
|
|t:|1769383444
|switch|p1a: Anonymous|Ogerpon, F|100/100
|turn|10
|
|t:|1769383452
|-terastallize|p1a: Anonymous|Grass
|detailschange|p1a: Anonymous|Ogerpon-Teal-Tera, F, tera:Grass
|-ability|p1a: Anonymous|Embody Aspect (Teal)|boost
|-boost|p1a: Anonymous|spe|1
|move|p1a: Anonymous|U-turn|p2a: Serperior
|-damage|p2a: Serperior|5/100
|
|t:|1769383458
|switch|p1a: Gin|Enamorus, F, shiny|100/100 par|[from] U-turn
|move|p2a: Serperior|Glare|p1a: Gin
|-fail|p1a: Gin|par
|
|-heal|p2a: Serperior|11/100|[from] item: Leftovers
|upkeep
|turn|11
|
|t:|1769383472
|move|p2a: Serperior|Synthesis|p2a: Serperior
|-heal|p2a: Serperior|61/100
|move|p1a: Gin|Moonblast|p2a: Serperior
|-damage|p2a: Serperior|9/100
|
|-heal|p2a: Serperior|15/100|[from] item: Leftovers
|upkeep
|turn|12
|
|t:|1769383478
|move|p2a: Serperior|Synthesis|p2a: Serperior
|-heal|p2a: Serperior|65/100
|move|p1a: Gin|Moonblast|p2a: Serperior
|-damage|p2a: Serperior|8/100
|
|-heal|p2a: Serperior|14/100|[from] item: Leftovers
|upkeep
|turn|13
|
|t:|1769383482
|switch|p1a: Anonymous|Ogerpon-Teal-Tera, F, tera:Grass|100/100
|-ability|p1a: Anonymous|Embody Aspect (Teal)|boost
|-boost|p1a: Anonymous|spe|1
|move|p2a: Serperior|Synthesis|p2a: Serperior
|-heal|p2a: Serperior|64/100
|
|-heal|p2a: Serperior|70/100|[from] item: Leftovers
|upkeep
|turn|14
|
|t:|1769383487
|move|p1a: Anonymous|Ivy Cudgel|p2a: Serperior
|-damage|p2a: Serperior|0 fnt
|faint|p2a: Serperior
|
|upkeep
|
|t:|1769383490
|switch|p2a: Skeledirge|Skeledirge, F, shiny|100/100
|turn|15
|
|t:|1769383496
|switch|p1a: Celestine|Primarina, M, shiny|100/100
|move|p2a: Skeledirge|Torch Song|p1a: Celestine
|-resisted|p1a: Celestine
|-damage|p1a: Celestine|86/100
|-boost|p2a: Skeledirge|spa|1
|
|-heal|p1a: Celestine|92/100|[from] item: Leftovers
|upkeep
|turn|16
|
|t:|1769383500
|switch|p2a: Cresselia|Cresselia, F, shiny|100/100
|move|p1a: Celestine|Psychic Noise|p2a: Cresselia
|-damage|p2a: Cresselia|73/100
|-start|p2a: Cresselia|move: Heal Block
|
|-heal|p1a: Celestine|98/100|[from] item: Leftovers
|upkeep
|turn|17
|
|t:|1769383507
|move|p1a: Celestine|Whirlpool|p2a: Cresselia
|-damage|p2a: Cresselia|60/100
|-activate|p2a: Cresselia|move: Whirlpool|[of] p1a: Celestine
|move|p2a: Cresselia|Calm Mind|p2a: Cresselia
|-boost|p2a: Cresselia|spa|1
|-boost|p2a: Cresselia|spd|1
|
|-heal|p1a: Celestine|100/100|[from] item: Leftovers
|-damage|p2a: Cresselia|47/100|[from] move: Whirlpool|[partiallytrapped]
|-end|p2a: Cresselia|move: Heal Block
|upkeep
|turn|18
|
|t:|1769383511
|move|p1a: Celestine|Psychic Noise|p2a: Cresselia
|-damage|p2a: Cresselia|28/100
|-start|p2a: Cresselia|move: Heal Block
|cant|p2a: Cresselia|move: Heal Block|Moonlight
|
|-damage|p2a: Cresselia|16/100|[from] move: Whirlpool|[partiallytrapped]
|upkeep
|turn|19
|
|t:|1769383517
|move|p1a: Celestine|Substitute|p1a: Celestine
|-start|p1a: Celestine|Substitute
|-damage|p1a: Celestine|76/100
|move|p2a: Cresselia|Moonblast|p1a: Celestine
|-activate|p1a: Celestine|move: Substitute|[damage]
|
|-heal|p1a: Celestine|82/100|[from] item: Leftovers
|-damage|p2a: Cresselia|3/100|[from] move: Whirlpool|[partiallytrapped]
|-end|p2a: Cresselia|move: Heal Block
|upkeep
|turn|20
|
|t:|1769383524
|move|p1a: Celestine|Psychic Noise|p2a: Cresselia
|-damage|p2a: Cresselia|0 fnt
|faint|p2a: Cresselia
|
|-heal|p1a: Celestine|88/100|[from] item: Leftovers
|upkeep
|
|t:|1769383528
|switch|p2a: Manaphy|Manaphy, shiny|100/100
|turn|21
|
|t:|1769383532
|move|p2a: Manaphy|Acid Armor|p2a: Manaphy
|-boost|p2a: Manaphy|def|2
|move|p1a: Celestine|Moonblast|p2a: Manaphy
|-damage|p2a: Manaphy|57/100
|
|-heal|p2a: Manaphy|63/100|[from] item: Leftovers
|-heal|p1a: Celestine|94/100|[from] item: Leftovers
|upkeep
|turn|22
|
|t:|1769383537
|move|p2a: Manaphy|Take Heart|p2a: Manaphy
|-boost|p2a: Manaphy|spa|1
|-boost|p2a: Manaphy|spd|1
|move|p1a: Celestine|Psychic Noise|p2a: Manaphy
|-resisted|p2a: Manaphy
|-damage|p2a: Manaphy|51/100
|-start|p2a: Manaphy|move: Heal Block
|
|-heal|p1a: Celestine|99/100|[from] item: Leftovers
|upkeep
|turn|23
|
|t:|1769383544
|move|p2a: Manaphy|Acid Armor|p2a: Manaphy
|-boost|p2a: Manaphy|def|2
|move|p1a: Celestine|Psychic Noise|p2a: Manaphy
|-resisted|p2a: Manaphy
|-damage|p2a: Manaphy|40/100
|
|-heal|p1a: Celestine|100/100|[from] item: Leftovers
|-end|p2a: Manaphy|move: Heal Block
|upkeep
|turn|24
|
|t:|1769383546
|move|p2a: Manaphy|Take Heart|p2a: Manaphy
|-boost|p2a: Manaphy|spa|1
|-boost|p2a: Manaphy|spd|1
|move|p1a: Celestine|Psychic Noise|p2a: Manaphy
|-resisted|p2a: Manaphy
|-damage|p2a: Manaphy|30/100
|-start|p2a: Manaphy|move: Heal Block
|
|upkeep
|turn|25
|
|t:|1769383549
|move|p2a: Manaphy|Stored Power|p1a: Celestine
|-end|p1a: Celestine|Substitute
|move|p1a: Celestine|Psychic Noise|p2a: Manaphy
|-resisted|p2a: Manaphy
|-damage|p2a: Manaphy|22/100
|
|-end|p2a: Manaphy|move: Heal Block
|upkeep
|turn|26
|
|t:|1769383551
|move|p2a: Manaphy|Stored Power|p1a: Celestine
|-damage|p1a: Celestine|25/100
|move|p1a: Celestine|Psychic Noise|p2a: Manaphy
|-resisted|p2a: Manaphy
|-damage|p2a: Manaphy|13/100
|-start|p2a: Manaphy|move: Heal Block
|
|-heal|p1a: Celestine|31/100|[from] item: Leftovers
|upkeep
|turn|27
|
|t:|1769383554
|move|p2a: Manaphy|Stored Power|p1a: Celestine
|-damage|p1a: Celestine|0 fnt
|faint|p1a: Celestine
|
|-end|p2a: Manaphy|move: Heal Block
|upkeep
|
|t:|1769383557
|switch|p1a: Anonymous|Ogerpon-Teal-Tera, F, tera:Grass|100/100
|-ability|p1a: Anonymous|Embody Aspect (Teal)|boost
|-boost|p1a: Anonymous|spe|1
|turn|28
|
|t:|1769383559
|move|p1a: Anonymous|Ivy Cudgel|p2a: Manaphy
|-supereffective|p2a: Manaphy
|-damage|p2a: Manaphy|0 fnt
|faint|p2a: Manaphy
|
|upkeep
|
|t:|1769383568
|switch|p2a: Skeledirge|Skeledirge, F, shiny|100/100
|turn|29
|
|t:|1769383573
|switch|p1a: Gin|Enamorus, F, shiny|100/100 par
|move|p2a: Skeledirge|Will-O-Wisp|p1a: Gin|[miss]
|-miss|p2a: Skeledirge|p1a: Gin
|
|upkeep
|turn|30
|
|t:|1769383582
|cant|p1a: Gin|par
|move|p2a: Skeledirge|Torch Song|p1a: Gin
|-damage|p1a: Gin|54/100 par
|-boost|p2a: Skeledirge|spa|1
|
|upkeep
|turn|31
|
|t:|1769383587
|move|p1a: Gin|Earth Power|p2a: Skeledirge
|-supereffective|p2a: Skeledirge
|-damage|p2a: Skeledirge|46/100
|move|p2a: Skeledirge|Torch Song|p1a: Gin
|-damage|p1a: Gin|0 fnt
|-boost|p2a: Skeledirge|spa|1
|faint|p1a: Gin
|
|upkeep
|
|t:|1769383591
|switch|p1a: Behemoth|Great Tusk, shiny|100/100
|turn|32
|
|t:|1769383594
|move|p1a: Behemoth|Headlong Rush|p2a: Skeledirge
|-supereffective|p2a: Skeledirge
|-damage|p2a: Skeledirge|0 fnt
|-unboost|p1a: Behemoth|def|1
|-unboost|p1a: Behemoth|spd|1
|faint|p2a: Skeledirge
|
|upkeep
|
|t:|1769383598
|switch|p2a: Revavroom|Revavroom, F, shiny|100/100
|-item|p2a: Revavroom|Air Balloon
|turn|33
|
|t:|1769383601
|move|p1a: Behemoth|Headlong Rush|p2a: Revavroom
|-immune|p2a: Revavroom
|move|p2a: Revavroom|Shift Gear|p2a: Revavroom
|-boost|p2a: Revavroom|spe|2
|-boost|p2a: Revavroom|atk|1
|
|upkeep
|turn|34
|
|t:|1769383603
|move|p2a: Revavroom|Iron Head|p1a: Behemoth
|-damage|p1a: Behemoth|38/100
|-damage|p2a: Revavroom|84/100|[from] item: Rocky Helmet|[of] p1a: Behemoth
|cant|p1a: Behemoth|flinch
|
|upkeep
|turn|35
|
|t:|1769383608
|move|p2a: Revavroom|Iron Head|p1a: Behemoth
|-damage|p1a: Behemoth|0 fnt
|-damage|p2a: Revavroom|68/100|[from] item: Rocky Helmet|[of] p1a: Behemoth
|faint|p1a: Behemoth
|-end|p1a: Behemoth|Protosynthesis|[silent]
|
|upkeep
|
|t:|1769383620
|switch|p1a: Overgod|Kingambit, M, shiny|100/100
|-activate|p1a: Overgod|ability: Supreme Overlord
|-start|p1a: Overgod|fallen4|[silent]
|turn|36
|
|t:|1769383623
|move|p1a: Overgod|Sucker Punch|p2a: Revavroom
|-damage|p2a: Revavroom|5/100
|-enditem|p2a: Revavroom|Air Balloon
|move|p2a: Revavroom|High Horsepower|p1a: Overgod
|-supereffective|p1a: Overgod
|-damage|p1a: Overgod|35/100
|
|-heal|p1a: Overgod|41/100|[from] item: Leftovers
|upkeep
|turn|37
|
|t:|1769383629
|move|p1a: Overgod|Sucker Punch|p2a: Revavroom
|-damage|p2a: Revavroom|0 fnt
|faint|p2a: Revavroom
|
|-heal|p1a: Overgod|47/100|[from] item: Leftovers
|upkeep
|
|t:|1769383630
|switch|p2a: Umbreon|Umbreon, F, shiny|100/100
|turn|38
|
|t:|1769383644
|move|p2a: Umbreon|Foul Play|p1a: Overgod
|-resisted|p1a: Overgod
|-damage|p1a: Overgod|27/100
|move|p1a: Overgod|Iron Head|p2a: Umbreon
|-damage|p2a: Umbreon|52/100
|
|-heal|p2a: Umbreon|58/100|[from] item: Leftovers
|-heal|p1a: Overgod|34/100|[from] item: Leftovers
|upkeep
|turn|39
|
|t:|1769383649
|move|p2a: Umbreon|Wish|p2a: Umbreon
|move|p1a: Overgod|Iron Head|p2a: Umbreon
|-damage|p2a: Umbreon|17/100
|
|-heal|p2a: Umbreon|23/100|[from] item: Leftovers
|-heal|p1a: Overgod|40/100|[from] item: Leftovers
|upkeep
|turn|40
|
|t:|1769383652
|move|p2a: Umbreon|Foul Play|p1a: Overgod
|-resisted|p1a: Overgod
|-damage|p1a: Overgod|18/100
|move|p1a: Overgod|Swords Dance|p1a: Overgod
|-boost|p1a: Overgod|atk|2
|
|-heal|p2a: Umbreon|73/100|[from] move: Wish|[wisher] Umbreon
|-heal|p2a: Umbreon|79/100|[from] item: Leftovers
|-heal|p1a: Overgod|24/100|[from] item: Leftovers
|upkeep
|turn|41
|
|t:|1769383654
|move|p2a: Umbreon|Foul Play|p1a: Overgod
|-resisted|p1a: Overgod
|-damage|p1a: Overgod|0 fnt
|faint|p1a: Overgod
|-end|p1a: Overgod|fallen4|[silent]
|
|-heal|p2a: Umbreon|85/100|[from] item: Leftovers
|upkeep
|
|t:|1769383657
|switch|p1a: Anonymous|Ogerpon-Teal-Tera, F, tera:Grass|100/100
|-ability|p1a: Anonymous|Embody Aspect (Teal)|boost
|-boost|p1a: Anonymous|spe|1
|turn|42
|
|t:|1769383662
|move|p1a: Anonymous|U-turn|p2a: Umbreon
|-supereffective|p2a: Umbreon
|-damage|p2a: Umbreon|41/100
|move|p2a: Umbreon|Foul Play|p1a: Anonymous
|-damage|p1a: Anonymous|44/100
|
|-heal|p2a: Umbreon|47/100|[from] item: Leftovers
|upkeep
|turn|43
|
|t:|1769383665
|move|p2a: Umbreon|Protect|p2a: Umbreon
|-singleturn|p2a: Umbreon|Protect
|move|p1a: Anonymous|U-turn|p2a: Umbreon
|-activate|p2a: Umbreon|move: Protect
|
|-heal|p2a: Umbreon|53/100|[from] item: Leftovers
|upkeep
|turn|44
|
|t:|1769383668
|move|p1a: Anonymous|U-turn|p2a: Umbreon
|-supereffective|p2a: Umbreon
|-damage|p2a: Umbreon|8/100
|move|p2a: Umbreon|Foul Play|p1a: Anonymous
|-damage|p1a: Anonymous|0 fnt
|faint|p1a: Anonymous
|detailschange|p1: Anonymous|Ogerpon, F|[silent]
|
|win|tasty sardine 408
|raw|planecrazy4u's rating: 1657 &rarr; <strong>1639</strong><br />(-18 for losing)
|raw|tasty sardine 408's rating: 1685 &rarr; <strong>1703</strong><br />(+18 for winning)
|l|‽tasty sardine 408
|player|p2|
