|j|‽Drekk45
|j|☆bsgff
|t:|1769303502
|gametype|singles
|player|p1|Drekk45|backpacker|1061
|player|p2|bsgff|266|1068
|gen|9
|tier|[Gen 9] OU
|rated|
|rule|HP Percentage Mod: HP is shown in percentages
|rule|Endless Battle Clause: Forcing endless battles is banned
|rule|Species Clause: Limit one of each Pokémon
|rule|OHKO Clause: OHKO moves are banned
|rule|Evasion Items Clause: Evasion items are banned
|rule|Evasion Moves Clause: Evasion moves are banned
|rule|Evasion Abilities Clause: Evasion abilities are banned
|rule|Sleep Moves Clause: Sleep-inducing moves are banned
|clearpoke
|poke|p1|Vileplume, F|
|poke|p1|Garganacl, F|
|poke|p1|Darkrai|
|poke|p1|Torkoal, M|
|poke|p1|Meowscarada, F|
|poke|p1|Raging Bolt|
|poke|p2|Corviknight, M|
|poke|p2|Garchomp, M|
|poke|p2|Snorlax, M|
|poke|p2|Alomomola, F|
|poke|p2|Darkrai|
|poke|p2|Hatterene, F|
|teampreview
|inactive|Battle timer is ON: inactive players will automatically lose when time's up. (requested by Drekk45)
|
|t:|1769303510
|teamsize|p1|6
|teamsize|p2|6
|start
|switch|p1a: Torkoal|Torkoal, M|100/100
|switch|p2a: Garchomp|Garchomp, M|100/100
|turn|1
|
|t:|1769303517
|switch|p2a: Hatterene|Hatterene, F, shiny|100/100
|move|p1a: Torkoal|Shell Smash|p1a: Torkoal
|-unboost|p1a: Torkoal|def|1
|-unboost|p1a: Torkoal|spd|1
|-boost|p1a: Torkoal|atk|2
|-boost|p1a: Torkoal|spa|2
|-boost|p1a: Torkoal|spe|2
|-enditem|p1a: Torkoal|Eject Pack
|
|t:|1769303524
|switch|p1a: Meowscarada|Meowscarada, F|100/100
|
|upkeep
|turn|2
|
|t:|1769303531
|-terastallize|p1a: Meowscarada|Flying
|move|p1a: Meowscarada|Copycat|p1a: Meowscarada
|move|p1a: Meowscarada|Shell Smash|p1a: Meowscarada|[from] move: Copycat
|-unboost|p1a: Meowscarada|def|1
|-unboost|p1a: Meowscarada|spd|1
|-boost|p1a: Meowscarada|atk|2
|-boost|p1a: Meowscarada|spa|2
|-boost|p1a: Meowscarada|spe|2
|-enditem|p1a: Meowscarada|White Herb
|-clearnegativeboost|p1a: Meowscarada|[silent]
|move|p2a: Hatterene|Nuzzle|p1a: Meowscarada
|-supereffective|p1a: Meowscarada
|-damage|p1a: Meowscarada|88/100
|-status|p1a: Meowscarada|par
|
|upkeep
|turn|3
|
|t:|1769303547
|move|p1a: Meowscarada|Copycat|p1a: Meowscarada
|move|p1a: Meowscarada|Nuzzle|p2a: Hatterene|[from] move: Copycat
|-damage|p2a: Hatterene|89/100
|-status|p2a: Hatterene|par
|cant|p2a: Hatterene|par
|
|-heal|p2a: Hatterene|95/100 par|[from] item: Leftovers
|upkeep
|turn|4
|
|t:|1769303555
|move|p1a: Meowscarada|Knock Off|p2a: Hatterene
|-damage|p2a: Hatterene|14/100 par
|-enditem|p2a: Hatterene|Leftovers|[from] move: Knock Off|[of] p1a: Meowscarada
|cant|p2a: Hatterene|par
|
|upkeep
|turn|5
|
|t:|1769303562
|cant|p1a: Meowscarada|par
|move|p2a: Hatterene|Future Sight|p1a: Meowscarada
|-start|p2a: Hatterene|move: Future Sight
|
|upkeep
|turn|6
|
|t:|1769303567
|move|p1a: Meowscarada|Knock Off|p2a: Hatterene
|-damage|p2a: Hatterene|0 fnt
|faint|p2a: Hatterene
|
|upkeep
|
|t:|1769303580
|switch|p2a: Garchomp|Garchomp, M|100/100
|turn|7
|
|t:|1769303584
|move|p1a: Meowscarada|Acrobatics|p2a: Garchomp
|-damage|p2a: Garchomp|31/100
|-damage|p1a: Meowscarada|76/100 par|[from] ability: Rough Skin|[of] p2a: Garchomp
|-damage|p1a: Meowscarada|60/100 par|[from] item: Rocky Helmet|[of] p2a: Garchomp
|move|p2a: Garchomp|Stealth Rock|p1a: Meowscarada
|-sidestart|p1: Drekk45|move: Stealth Rock
|
|-end|p1a: Meowscarada|move: Future Sight
|-damage|p1a: Meowscarada|0 fnt
|faint|p1a: Meowscarada
|upkeep
|
|t:|1769303597
|switch|p1a: Torkoal|Torkoal, M|100/100
|-damage|p1a: Torkoal|75/100|[from] Stealth Rock
|turn|8
|
|t:|1769303601
|move|p2a: Garchomp|Earthquake|p1a: Torkoal
|-supereffective|p1a: Torkoal
|-damage|p1a: Torkoal|24/100
|move|p1a: Torkoal|Rapid Spin|p2a: Garchomp
|-damage|p2a: Garchomp|24/100
|-boost|p1a: Torkoal|spe|1
|-damage|p1a: Torkoal|12/100|[from] ability: Rough Skin|[of] p2a: Garchomp
|-damage|p1a: Torkoal|0 fnt|[from] item: Rocky Helmet|[of] p2a: Garchomp
|faint|p1a: Torkoal
|
|upkeep
|
|t:|1769303611
|switch|p1a: Darkrai|Darkrai|100/100
|turn|9
|
|t:|1769303614
|switch|p2a: Snorlax|Snorlax, M|100/100
|move|p1a: Darkrai|Dark Pulse|p2a: Snorlax
|-damage|p2a: Snorlax|81/100
|
|upkeep
|turn|10
|
|t:|1769303620
|move|p1a: Darkrai|Focus Blast|p2a: Snorlax
|-supereffective|p2a: Snorlax
|-damage|p2a: Snorlax|46/100
|move|p2a: Snorlax|Hammer Arm|p1a: Darkrai
|-supereffective|p1a: Darkrai
|-damage|p1a: Darkrai|14/100
|-unboost|p2a: Snorlax|spe|1
|
|upkeep
|turn|11
|-message|Drekk45 forfeited.
|
|win|bsgff
|raw|Drekk45's rating: 1061 &rarr; <strong>1042</strong><br />(-19 for losing)
|raw|bsgff's rating: 1068 &rarr; <strong>1097</strong><br />(+29 for winning)
|l|‽Drekk45
|player|p1|
