|j|☆pokemon prefect
|j|☆mystery rain ninja
|t:|1769441372
|gametype|singles
|player|p1|pokemon prefect|102|1523
|player|p2|mystery rain ninja|janine|1584
|gen|9
|tier|[Gen 9] OU
|rated|
|rule|HP Percentage Mod: HP is shown in percentages
|rule|Endless Battle Clause: Forcing endless battles is banned
|rule|Species Clause: Limit one of each Pokémon
|rule|OHKO Clause: OHKO moves are banned
|rule|Evasion Items Clause: Evasion items are banned
|rule|Evasion Moves Clause: Evasion moves are banned
|rule|Evasion Abilities Clause: Evasion abilities are banned
|rule|Sleep Moves Clause: Sleep-inducing moves are banned
|clearpoke
|poke|p1|Iron Hands|
|poke|p1|Ursaluna, M|
|poke|p1|Kingambit, M|
|poke|p1|Porygon2|
|poke|p1|Cresselia, F|
|poke|p1|Hatterene, F|
|poke|p2|Pelipper, F|
|poke|p2|Raging Bolt|
|poke|p2|Overqwil, M|
|poke|p2|Barraskewda, F|
|poke|p2|Iron Treads|
|poke|p2|Kingambit, M|
|teampreview
|inactive|Battle timer is ON: inactive players will automatically lose when time's up. (requested by mystery rain ninja)
|inactive|pokemon prefect has 120 seconds left.
|inactive|mystery rain ninja has 120 seconds left.
|
|t:|1769441404
|teamsize|p1|6
|teamsize|p2|6
|start
|switch|p1a: Hatterene|Hatterene, F|100/100
|switch|p2a: Pelipper|Pelipper, F|100/100
|-weather|RainDance|[from] ability: Drizzle|[of] p2a: Pelipper
|turn|1
|
|t:|1769441407
|move|p2a: Pelipper|Weather Ball|p1a: Hatterene
|-damage|p1a: Hatterene|51/100
|move|p1a: Hatterene|Trick Room|p1a: Hatterene
|-fieldstart|move: Trick Room|[of] p1a: Hatterene
|
|-weather|RainDance|[upkeep]
|upkeep
|turn|2
|inactive|pokemon prefect has 120 seconds left.
|
|t:|1769441453
|switch|p2a: Iron Treads|Iron Treads|100/100
|-enditem|p2a: Iron Treads|Booster Energy
|-activate|p2a: Iron Treads|ability: Quark Drive|[fromitem]
|-start|p2a: Iron Treads|quarkdrivespe
|move|p1a: Hatterene|Healing Wish|p1a: Hatterene
|faint|p1a: Hatterene
|
|-weather|RainDance|[upkeep]
|upkeep
|
|t:|1769441462
|switch|p1a: Ursaluna|Ursaluna, M|100/100
|turn|3
|
|t:|1769441470
|-terastallize|p2a: Iron Treads|Ghost
|move|p1a: Ursaluna|Swords Dance|p1a: Ursaluna
|-boost|p1a: Ursaluna|atk|2
|move|p2a: Iron Treads|Stealth Rock|p1a: Ursaluna
|-sidestart|p1: pokemon prefect|move: Stealth Rock
|
|-weather|RainDance|[upkeep]
|-status|p1a: Ursaluna|brn|[from] item: Flame Orb
|upkeep
|turn|4
|
|t:|1769441478
|-end|p2a: Iron Treads|Quark Drive|[silent]
|switch|p2a: Pelipper|Pelipper, F|100/100
|move|p1a: Ursaluna|Headlong Rush|p2a: Pelipper
|-immune|p2a: Pelipper
|
|-weather|RainDance|[upkeep]
|-damage|p1a: Ursaluna|94/100 brn|[from] brn
|upkeep
|turn|5
|inactive|pokemon prefect has 120 seconds left.
|
|t:|1769441492
|switch|p2a: Iron Treads|Iron Treads, tera:Ghost|100/100
|move|p1a: Ursaluna|Headlong Rush|p2a: Iron Treads
|-damage|p2a: Iron Treads|0 fnt
|-unboost|p1a: Ursaluna|def|1
|-unboost|p1a: Ursaluna|spd|1
|faint|p2a: Iron Treads
|-end|p2a: Iron Treads|Quark Drive|[silent]
|
|-weather|RainDance|[upkeep]
|-damage|p1a: Ursaluna|88/100 brn|[from] brn
|-fieldend|move: Trick Room
|upkeep
|
|t:|1769441501
|switch|p2a: Barraskewda|Barraskewda, F|100/100
|turn|6
|
|t:|1769441508
|switch|p1a: Porygon2|Porygon2|100/100
|-damage|p1a: Porygon2|88/100|[from] Stealth Rock
|-ability|p1a: Porygon2|Swift Swim|Trace|[from] ability: Trace|[of] p2a: Barraskewda
|move|p2a: Barraskewda|Flip Turn|p1a: Porygon2
|-damage|p1a: Porygon2|51/100
|inactive|mystery rain ninja has 120 seconds left.
|
|t:|1769441539
|switch|p2a: Raging Bolt|Raging Bolt|100/100|[from] Flip Turn
|-enditem|p2a: Raging Bolt|Booster Energy
|-activate|p2a: Raging Bolt|ability: Protosynthesis|[fromitem]
|-start|p2a: Raging Bolt|protosynthesisspa
|
|-weather|RainDance|[upkeep]
|upkeep
|turn|7
|
|t:|1769441547
|move|p2a: Raging Bolt|Draco Meteor|p1a: Porygon2
|-damage|p1a: Porygon2|0 fnt
|-unboost|p2a: Raging Bolt|spa|2
|faint|p1a: Porygon2
|
|-weather|RainDance|[upkeep]
|upkeep
|inactive|pokemon prefect has 120 seconds left.
|
|t:|1769441576
|switch|p1a: Cresselia|Cresselia, F|100/100
|-damage|p1a: Cresselia|88/100|[from] Stealth Rock
|turn|8
|
|t:|1769441586
|move|p2a: Raging Bolt|Thunder|p1a: Cresselia
|-damage|p1a: Cresselia|58/100
|move|p1a: Cresselia|Trick Room|p1a: Cresselia
|-fieldstart|move: Trick Room|[of] p1a: Cresselia
|
|-weather|none
|upkeep
|turn|9
|
|t:|1769441596
|switch|p1a: Ursaluna|Ursaluna, M|88/100 brn
|-heal|p1a: Ursaluna|100/100|[from] move: Healing Wish
|-damage|p1a: Ursaluna|94/100|[from] Stealth Rock
|-end|p2a: Raging Bolt|Protosynthesis|[silent]
|switch|p2a: Pelipper|Pelipper, F|100/100
|-weather|RainDance|[from] ability: Drizzle|[of] p2a: Pelipper
|
|-weather|RainDance|[upkeep]
|-status|p1a: Ursaluna|brn|[from] item: Flame Orb
|upkeep
|turn|10
|
|t:|1769441600
|move|p2a: Pelipper|Weather Ball|p1a: Ursaluna
|-supereffective|p1a: Ursaluna
|-damage|p1a: Ursaluna|0 fnt
|faint|p1a: Ursaluna
|
|-weather|RainDance|[upkeep]
|upkeep
|
|t:|1769441607
|switch|p1a: Iron Hands|Iron Hands|100/100
|-damage|p1a: Iron Hands|94/100|[from] Stealth Rock
|-enditem|p1a: Iron Hands|Booster Energy
|-activate|p1a: Iron Hands|ability: Quark Drive|[fromitem]
|-start|p1a: Iron Hands|quarkdriveatk
|turn|11
|
|t:|1769441621
|switch|p2a: Raging Bolt|Raging Bolt|100/100
|move|p1a: Iron Hands|Drain Punch|p2a: Raging Bolt
|-damage|p2a: Raging Bolt|46/100
|-heal|p1a: Iron Hands|100/100|[from] drain|[of] p2a: Raging Bolt
|
|-weather|RainDance|[upkeep]
|upkeep
|turn|12
|
|t:|1769441634
|move|p1a: Iron Hands|Ice Punch|p2a: Raging Bolt
|-supereffective|p2a: Raging Bolt
|-crit|p2a: Raging Bolt
|-damage|p2a: Raging Bolt|0 fnt
|faint|p2a: Raging Bolt
|-end|p2a: Raging Bolt|Protosynthesis|[silent]
|
|-weather|RainDance|[upkeep]
|-fieldend|move: Trick Room
|upkeep
|
|t:|1769441636
|switch|p2a: Barraskewda|Barraskewda, F|100/100
|turn|13
|
|t:|1769441640
|move|p2a: Barraskewda|Flip Turn|p1a: Iron Hands
|-damage|p1a: Iron Hands|49/100
|
|t:|1769441642
|switch|p2a: Overqwil|Overqwil, M|100/100|[from] Flip Turn
|move|p1a: Iron Hands|Thunder Punch|p2a: Overqwil
|-damage|p2a: Overqwil|28/100
|
|-weather|RainDance|[upkeep]
|upkeep
|turn|14
|
|t:|1769441652
|move|p2a: Overqwil|Liquidation|p1a: Iron Hands
|-damage|p1a: Iron Hands|13/100
|-unboost|p1a: Iron Hands|def|1
|-damage|p2a: Overqwil|18/100|[from] item: Life Orb
|move|p1a: Iron Hands|Thunder Punch|p2a: Overqwil
|-damage|p2a: Overqwil|0 fnt
|faint|p2a: Overqwil
|
|-weather|RainDance|[upkeep]
|upkeep
|
|t:|1769441660
|switch|p2a: Barraskewda|Barraskewda, F|100/100
|turn|15
|
|t:|1769441664
|move|p2a: Barraskewda|Flip Turn|p1a: Iron Hands
|-damage|p1a: Iron Hands|0 fnt
|faint|p1a: Iron Hands
|-end|p1a: Iron Hands|Quark Drive|[silent]
|
|t:|1769441666
|switch|p2a: Kingambit|Kingambit, M|100/100|[from] Flip Turn
|-activate|p2a: Kingambit|ability: Supreme Overlord
|-start|p2a: Kingambit|fallen3|[silent]
|
|-weather|RainDance|[upkeep]
|upkeep
|
|t:|1769441671
|switch|p1a: Cresselia|Cresselia, F|58/100
|-damage|p1a: Cresselia|46/100|[from] Stealth Rock
|turn|16
|
|t:|1769441682
|move|p2a: Kingambit|Kowtow Cleave|p1a: Cresselia
|-supereffective|p1a: Cresselia
|-damage|p1a: Cresselia|0 fnt
|faint|p1a: Cresselia
|
|-weather|none
|upkeep
|
|t:|1769441684
|switch|p1a: Kingambit|Kingambit, M|100/100
|-damage|p1a: Kingambit|94/100|[from] Stealth Rock
|-activate|p1a: Kingambit|ability: Supreme Overlord
|-start|p1a: Kingambit|fallen5|[silent]
|turn|17
|
|t:|1769441688
|move|p2a: Kingambit|Iron Head|p1a: Kingambit
|-resisted|p1a: Kingambit
|-damage|p1a: Kingambit|71/100
|move|p1a: Kingambit|Low Kick|p2a: Kingambit
|-supereffective|p2a: Kingambit
|-damage|p2a: Kingambit|0 fnt
|faint|p2a: Kingambit
|-end|p2a: Kingambit|fallen3|[silent]
|-damage|p1a: Kingambit|61/100|[from] item: Life Orb
|
|upkeep
|
|t:|1769441690
|switch|p2a: Pelipper|Pelipper, F|100/100
|-weather|RainDance|[from] ability: Drizzle|[of] p2a: Pelipper
|turn|18
|
|t:|1769441693
|move|p2a: Pelipper|Weather Ball|p1a: Kingambit
|-damage|p1a: Kingambit|8/100
|move|p1a: Kingambit|Kowtow Cleave|p2a: Pelipper
|-damage|p2a: Pelipper|31/100
|-damage|p1a: Kingambit|0 fnt|[from] item: Life Orb
|faint|p1a: Kingambit
|-end|p1a: Kingambit|fallen5|[silent]
|
|win|mystery rain ninja
|raw|pokemon prefect's rating: 1523 &rarr; <strong>1506</strong><br />(-17 for losing)
|raw|mystery rain ninja's rating: 1584 &rarr; <strong>1601</strong><br />(+17 for winning)
|l|☆mystery rain ninja
|player|p2|
