|j|☆gengguiag
|j|☆Bobblesbigpkballs
|t:|1769441776
|gametype|singles
|player|p1|gengguiag|102|1269
|player|p2|Bobblesbigpkballs|gentleman-gen4|1224
|gen|9
|tier|[Gen 9] OU
|rated|
|rule|HP Percentage Mod: HP is shown in percentages
|rule|Endless Battle Clause: Forcing endless battles is banned
|rule|Species Clause: Limit one of each Pokémon
|rule|OHKO Clause: OHKO moves are banned
|rule|Evasion Items Clause: Evasion items are banned
|rule|Evasion Moves Clause: Evasion moves are banned
|rule|Evasion Abilities Clause: Evasion abilities are banned
|rule|Sleep Moves Clause: Sleep-inducing moves are banned
|clearpoke
|poke|p1|Dragapult, M|
|poke|p1|Dragonite, M|
|poke|p1|Dondozo, M|
|poke|p1|Zapdos|
|poke|p1|Iron Treads|
|poke|p1|Cinderace, F|
|poke|p2|Cinderace, M|
|poke|p2|Darkrai|
|poke|p2|Quaquaval, M|
|poke|p2|Pecharunt|
|poke|p2|Tornadus-Therian, M|
|poke|p2|Garganacl, M|
|teampreview
|inactive|Battle timer is ON: inactive players will automatically lose when time's up. (requested by Bobblesbigpkballs)
|inactive|Bobblesbigpkballs has 120 seconds left.
|
|t:|1769441811
|teamsize|p1|6
|teamsize|p2|6
|start
|switch|p1a: Iron Treads|Iron Treads|100/100
|switch|p2a: Quaquaval|Quaquaval, M|100/100
|turn|1
|
|t:|1769441820
|-end|p1a: Iron Treads|Quark Drive|[silent]
|switch|p1a: Dondozo|Dondozo, M|100/100
|move|p2a: Quaquaval|Aqua Step|p1a: Dondozo
|-resisted|p1a: Dondozo
|-damage|p1a: Dondozo|91/100
|-boost|p2a: Quaquaval|spe|1
|
|-heal|p1a: Dondozo|97/100|[from] item: Leftovers
|upkeep
|turn|2
|
|t:|1769441831
|move|p2a: Quaquaval|Close Combat|p1a: Dondozo
|-damage|p1a: Dondozo|72/100
|-unboost|p2a: Quaquaval|def|1
|-unboost|p2a: Quaquaval|spd|1
|move|p1a: Dondozo|Wave Crash|p2a: Quaquaval
|-resisted|p2a: Quaquaval
|-damage|p2a: Quaquaval|72/100
|-damage|p1a: Dondozo|66/100|[from] Recoil
|
|-heal|p1a: Dondozo|72/100|[from] item: Leftovers
|upkeep
|turn|3
|
|t:|1769441860
|switch|p2a: Darkrai|Darkrai|100/100
|move|p1a: Dondozo|Curse|p1a: Dondozo
|-unboost|p1a: Dondozo|spe|1
|-boost|p1a: Dondozo|atk|1
|-boost|p1a: Dondozo|def|1
|
|-heal|p1a: Dondozo|78/100|[from] item: Leftovers
|upkeep
|turn|4
|
|t:|1769441867
|switch|p1a: Zapdos|Zapdos|100/100
|move|p2a: Darkrai|Thunder Wave|p1a: Zapdos
|-immune|p1a: Zapdos
|
|upkeep
|turn|5
|
|t:|1769441871
|move|p2a: Darkrai|Charge Beam|p1a: Zapdos
|-damage|p1a: Zapdos|88/100
|-boost|p2a: Darkrai|spa|1
|move|p1a: Zapdos|Thunder Wave|p2a: Darkrai
|-status|p2a: Darkrai|par
|
|upkeep
|turn|6
|
|t:|1769441877
|move|p1a: Zapdos|Hurricane|p2a: Darkrai
|-damage|p2a: Darkrai|38/100 par
|move|p2a: Darkrai|Dark Pulse|p1a: Zapdos
|-damage|p1a: Zapdos|42/100
|
|upkeep
|turn|7
|
|t:|1769441886
|switch|p2a: Garganacl|Garganacl, M|100/100
|move|p1a: Zapdos|Roost|p1a: Zapdos
|-heal|p1a: Zapdos|92/100
|-singleturn|p1a: Zapdos|move: Roost
|
|upkeep
|turn|8
|
|t:|1769441892
|move|p1a: Zapdos|Volt Switch|p2a: Garganacl
|-damage|p2a: Garganacl|72/100
|
|t:|1769441894
|switch|p1a: Cinderace|Cinderace, F|100/100|[from] Volt Switch
|move|p2a: Garganacl|Salt Cure|p1a: Cinderace
|-supereffective|p1a: Cinderace
|-damage|p1a: Cinderace|58/100
|-start|p1a: Cinderace|Salt Cure
|
|-heal|p2a: Garganacl|78/100|[from] item: Leftovers
|-damage|p1a: Cinderace|46/100|[from] Salt Cure
|upkeep
|turn|9
|
|t:|1769441899
|switch|p2a: Pecharunt|Pecharunt|100/100
|move|p1a: Cinderace|High Jump Kick|p2a: Pecharunt
|-start|p1a: Cinderace|typechange|Fighting|[from] ability: Libero
|-immune|p2a: Pecharunt
|-damage|p1a: Cinderace|0 fnt|[from] highjumpkick
|faint|p1a: Cinderace
|
|upkeep
|
|t:|1769441902
|switch|p1a: Dragapult|Dragapult, M|100/100
|turn|10
|
|t:|1769441914
|-terastallize|p2a: Pecharunt|Poison
|move|p1a: Dragapult|U-turn|p2a: Pecharunt
|-resisted|p2a: Pecharunt
|-damage|p2a: Pecharunt|96/100
|
|t:|1769441917
|switch|p1a: Iron Treads|Iron Treads|100/100|[from] U-turn
|move|p2a: Pecharunt|Shadow Ball|p1a: Iron Treads
|-damage|p1a: Iron Treads|58/100
|
|-heal|p1a: Iron Treads|65/100|[from] item: Leftovers
|-heal|p2a: Pecharunt|100/100|[from] item: Leftovers
|upkeep
|turn|11
|
|t:|1769441923
|move|p1a: Iron Treads|Earthquake|p2a: Pecharunt
|-supereffective|p2a: Pecharunt
|-damage|p2a: Pecharunt|53/100
|move|p2a: Pecharunt|Parting Shot|p1a: Iron Treads
|-unboost|p1a: Iron Treads|atk|1
|-unboost|p1a: Iron Treads|spa|1
|
|t:|1769441935
|switch|p2a: Tornadus|Tornadus-Therian, M|100/100|[from] Parting Shot
|
|-heal|p1a: Iron Treads|71/100|[from] item: Leftovers
|upkeep
|turn|12
|
|t:|1769441942
|-end|p1a: Iron Treads|Quark Drive|[silent]
|switch|p1a: Zapdos|Zapdos|92/100
|move|p2a: Tornadus|Knock Off|p1a: Zapdos
|-damage|p1a: Zapdos|60/100
|-enditem|p1a: Zapdos|Heavy-Duty Boots|[from] move: Knock Off|[of] p2a: Tornadus
|-damage|p2a: Tornadus|91/100|[from] item: Life Orb
|
|upkeep
|turn|13
|
|t:|1769441950
|switch|p2a: Darkrai|Darkrai|38/100 par
|move|p1a: Zapdos|Volt Switch|p2a: Darkrai
|-damage|p2a: Darkrai|3/100 par
|
|t:|1769441952
|switch|p1a: Dragonite|Dragonite, M|100/100|[from] Volt Switch
|
|upkeep
|turn|14
|
|t:|1769441956
|move|p1a: Dragonite|Dragon Dance|p1a: Dragonite
|-boost|p1a: Dragonite|atk|1
|-boost|p1a: Dragonite|spe|1
|move|p2a: Darkrai|Thunder Wave|p1a: Dragonite
|-status|p1a: Dragonite|par
|
|upkeep
|turn|15
|
|t:|1769441963
|move|p1a: Dragonite|Dragon Dance|p1a: Dragonite
|-boost|p1a: Dragonite|atk|1
|-boost|p1a: Dragonite|spe|1
|move|p2a: Darkrai|Charge Beam|p1a: Dragonite
|-damage|p1a: Dragonite|91/100 par
|-boost|p2a: Darkrai|spa|1
|
|-heal|p1a: Dragonite|97/100 par|[from] item: Leftovers
|upkeep
|turn|16
|
|t:|1769441967
|cant|p1a: Dragonite|par
|move|p2a: Darkrai|Dark Pulse|p1a: Dragonite
|-damage|p1a: Dragonite|34/100 par
|
|-heal|p1a: Dragonite|40/100 par|[from] item: Leftovers
|upkeep
|turn|17
|
|t:|1769441972
|cant|p1a: Dragonite|par
|move|p2a: Darkrai|Dark Pulse|p1a: Dragonite
|-damage|p1a: Dragonite|0 fnt
|faint|p1a: Dragonite
|
|upkeep
|
|t:|1769441976
|switch|p1a: Zapdos|Zapdos|60/100
|turn|18
|
|t:|1769441980
|move|p1a: Zapdos|Volt Switch|p2a: Darkrai
|-crit|p2a: Darkrai
|-damage|p2a: Darkrai|0 fnt
|faint|p2a: Darkrai
|
|t:|1769441982
|switch|p1a: Dragapult|Dragapult, M|100/100|[from] Volt Switch
|
|upkeep
|
|t:|1769441988
|switch|p2a: Garganacl|Garganacl, M|78/100
|turn|19
|
|t:|1769441994
|move|p1a: Dragapult|Draco Meteor|p2a: Garganacl
|-damage|p2a: Garganacl|0 fnt
|-unboost|p1a: Dragapult|spa|2
|faint|p2a: Garganacl
|
|upkeep
|
|t:|1769441999
|switch|p2a: Quaquaval|Quaquaval, M|72/100
|turn|20
|
|t:|1769442003
|switch|p1a: Zapdos|Zapdos|60/100
|move|p2a: Quaquaval|Ice Spinner|p1a: Zapdos
|-supereffective|p1a: Zapdos
|-damage|p1a: Zapdos|9/100
|
|upkeep
|turn|21
|
|t:|1769442016
|switch|p2a: Pecharunt|Pecharunt, tera:Poison|53/100
|switch|p1a: Dondozo|Dondozo, M|78/100
|
|-heal|p2a: Pecharunt|59/100|[from] item: Leftovers
|-heal|p1a: Dondozo|85/100|[from] item: Leftovers
|upkeep
|turn|22
|
|t:|1769442043
|switch|p1a: Iron Treads|Iron Treads|71/100
|move|p2a: Pecharunt|Recover|p2a: Pecharunt
|-heal|p2a: Pecharunt|100/100
|
|-heal|p1a: Iron Treads|77/100|[from] item: Leftovers
|upkeep
|turn|23
|
|t:|1769442059
|move|p1a: Iron Treads|Stealth Rock|p2a: Pecharunt
|-sidestart|p2: Bobblesbigpkballs|move: Stealth Rock
|move|p2a: Pecharunt|Shadow Ball|p1a: Iron Treads
|-damage|p1a: Iron Treads|36/100
|-unboost|p1a: Iron Treads|spd|1
|
|-heal|p1a: Iron Treads|42/100|[from] item: Leftovers
|upkeep
|turn|24
|
|t:|1769442066
|move|p1a: Iron Treads|Earthquake|p2a: Pecharunt
|-supereffective|p2a: Pecharunt
|-crit|p2a: Pecharunt
|-damage|p2a: Pecharunt|27/100
|move|p2a: Pecharunt|Parting Shot|p1a: Iron Treads
|-unboost|p1a: Iron Treads|atk|1
|-unboost|p1a: Iron Treads|spa|1
|
|t:|1769442070
|switch|p2a: Quaquaval|Quaquaval, M|72/100|[from] Parting Shot
|-damage|p2a: Quaquaval|65/100|[from] Stealth Rock
|
|-heal|p1a: Iron Treads|49/100|[from] item: Leftovers
|upkeep
|turn|25
|
|t:|1769442074
|-end|p1a: Iron Treads|Quark Drive|[silent]
|switch|p1a: Dondozo|Dondozo, M|85/100
|move|p2a: Quaquaval|Rapid Spin|p1a: Dondozo
|-damage|p1a: Dondozo|78/100
|-boost|p2a: Quaquaval|spe|1
|-sideend|p2: Bobblesbigpkballs|Stealth Rock|[from] move: Rapid Spin|[of] p2a: Quaquaval
|
|-heal|p1a: Dondozo|84/100|[from] item: Leftovers
|upkeep
|turn|26
|
|t:|1769442082
|move|p2a: Quaquaval|Close Combat|p1a: Dondozo
|-damage|p1a: Dondozo|56/100
|-unboost|p2a: Quaquaval|def|1
|-unboost|p2a: Quaquaval|spd|1
|move|p1a: Dondozo|Wave Crash|p2a: Quaquaval
|-resisted|p2a: Quaquaval
|-damage|p2a: Quaquaval|40/100
|-damage|p1a: Dondozo|50/100|[from] Recoil
|
|-heal|p1a: Dondozo|57/100|[from] item: Leftovers
|upkeep
|turn|27
|
|t:|1769442093
|move|p2a: Quaquaval|Close Combat|p1a: Dondozo
|-damage|p1a: Dondozo|29/100
|-unboost|p2a: Quaquaval|def|1
|-unboost|p2a: Quaquaval|spd|1
|move|p1a: Dondozo|Rest|p1a: Dondozo
|-status|p1a: Dondozo|slp|[from] move: Rest
|-heal|p1a: Dondozo|100/100 slp|[silent]
|
|upkeep
|turn|28
|
|t:|1769442106
|switch|p2a: Tornadus|Tornadus-Therian, M|100/100
|cant|p1a: Dondozo|slp
|move|p1a: Dondozo|Sleep Talk|p1a: Dondozo
|move|p1a: Dondozo|Wave Crash|p2a: Tornadus|[from] move: Sleep Talk
|-damage|p2a: Tornadus|36/100
|-damage|p1a: Dondozo|88/100 slp|[from] Recoil
|
|-heal|p1a: Dondozo|94/100 slp|[from] item: Leftovers
|upkeep
|turn|29
|
|t:|1769442114
|move|p2a: Tornadus|Grass Knot|p1a: Dondozo
|-supereffective|p1a: Dondozo
|-damage|p1a: Dondozo|3/100 slp
|-damage|p2a: Tornadus|27/100|[from] item: Life Orb
|cant|p1a: Dondozo|slp
|move|p1a: Dondozo|Sleep Talk|p1a: Dondozo
|move|p1a: Dondozo|Curse|p1a: Dondozo|[from] move: Sleep Talk
|-unboost|p1a: Dondozo|spe|1
|-boost|p1a: Dondozo|atk|1
|-boost|p1a: Dondozo|def|1
|
|-heal|p1a: Dondozo|9/100 slp|[from] item: Leftovers
|upkeep
|turn|30
|
|t:|1769442125
|move|p2a: Tornadus|U-turn|p1a: Dondozo
|-damage|p1a: Dondozo|2/100 slp
|-damage|p2a: Tornadus|17/100|[from] item: Life Orb
|
|t:|1769442132
|switch|p2a: Quaquaval|Quaquaval, M|40/100|[from] U-turn
|-curestatus|p1a: Dondozo|slp|[msg]
|move|p1a: Dondozo|Rest|p1a: Dondozo
|-status|p1a: Dondozo|slp|[from] move: Rest
|-heal|p1a: Dondozo|100/100 slp|[silent]
|
|upkeep
|turn|31
|
|t:|1769442142
|move|p2a: Quaquaval|Rapid Spin|p1a: Dondozo
|-damage|p1a: Dondozo|95/100 slp
|-boost|p2a: Quaquaval|spe|1
|cant|p1a: Dondozo|slp
|move|p1a: Dondozo|Sleep Talk|p1a: Dondozo
|move|p1a: Dondozo|Curse|p1a: Dondozo|[from] move: Sleep Talk
|-unboost|p1a: Dondozo|spe|1
|-boost|p1a: Dondozo|atk|1
|-boost|p1a: Dondozo|def|1
|
|-heal|p1a: Dondozo|100/100 slp|[from] item: Leftovers
|upkeep
|turn|32
|
|t:|1769442149
|switch|p2a: Tornadus|Tornadus-Therian, M|50/100
|cant|p1a: Dondozo|slp
|move|p1a: Dondozo|Sleep Talk|p1a: Dondozo
|move|p1a: Dondozo|Rest||[from] move: Sleep Talk|[still]
|-fail|p1a: Dondozo
|
|upkeep
|turn|33
|inactive|gengguiag has 120 seconds left.
|inactive|gengguiag has 90 seconds left.
|
|t:|1769442211
|switch|p2a: Pecharunt|Pecharunt, tera:Poison|27/100
|-curestatus|p1a: Dondozo|slp|[msg]
|move|p1a: Dondozo|Sleep Talk||[still]
|-fail|p1a: Dondozo
|
|-heal|p2a: Pecharunt|33/100|[from] item: Leftovers
|upkeep
|turn|34
|
|t:|1769442219
|move|p2a: Pecharunt|Recover|p2a: Pecharunt
|-heal|p2a: Pecharunt|83/100
|move|p1a: Dondozo|Wave Crash|p2a: Pecharunt
|-damage|p2a: Pecharunt|34/100
|-damage|p1a: Dondozo|88/100|[from] Recoil
|
|-heal|p2a: Pecharunt|40/100|[from] item: Leftovers
|-heal|p1a: Dondozo|94/100|[from] item: Leftovers
|upkeep
|turn|35
|
|t:|1769442227
|move|p2a: Pecharunt|Recover|p2a: Pecharunt
|-heal|p2a: Pecharunt|90/100
|move|p1a: Dondozo|Curse|p1a: Dondozo
|-unboost|p1a: Dondozo|spe|1
|-boost|p1a: Dondozo|atk|1
|-boost|p1a: Dondozo|def|1
|
|-heal|p2a: Pecharunt|96/100|[from] item: Leftovers
|-heal|p1a: Dondozo|100/100|[from] item: Leftovers
|upkeep
|turn|36
|
|t:|1769442236
|move|p2a: Pecharunt|Malignant Chain|p1a: Dondozo
|-damage|p1a: Dondozo|40/100
|-status|p1a: Dondozo|tox
|-start|p1a: Dondozo|confusion|[from] ability: Poison Puppeteer|[of] p2a: Pecharunt
|-activate|p1a: Dondozo|confusion
|move|p1a: Dondozo|Wave Crash|p2a: Pecharunt
|-damage|p2a: Pecharunt|34/100
|-damage|p1a: Dondozo|25/100 tox|[from] Recoil
|
|-heal|p2a: Pecharunt|40/100|[from] item: Leftovers
|-heal|p1a: Dondozo|31/100 tox|[from] item: Leftovers
|-damage|p1a: Dondozo|25/100 tox|[from] psn
|upkeep
|turn|37
|
|t:|1769442254
|switch|p1a: Iron Treads|Iron Treads|49/100
|move|p2a: Pecharunt|Malignant Chain|p1a: Iron Treads
|-immune|p1a: Iron Treads
|
|-heal|p1a: Iron Treads|55/100|[from] item: Leftovers
|-heal|p2a: Pecharunt|47/100|[from] item: Leftovers
|upkeep
|turn|38
|inactive|gengguiag has 120 seconds left.
|
|t:|1769442264
|switch|p2a: Tornadus|Tornadus-Therian, M|83/100
|move|p1a: Iron Treads|Ice Spinner|p2a: Tornadus
|-supereffective|p2a: Tornadus
|-damage|p2a: Tornadus|22/100
|
|-heal|p1a: Iron Treads|61/100|[from] item: Leftovers
|upkeep
|turn|39
|
|t:|1769442277
|move|p2a: Tornadus|Knock Off|p1a: Iron Treads
|-damage|p1a: Iron Treads|38/100
|-enditem|p1a: Iron Treads|Leftovers|[from] move: Knock Off|[of] p2a: Tornadus
|-damage|p2a: Tornadus|12/100|[from] item: Life Orb
|move|p1a: Iron Treads|Rapid Spin|p2a: Tornadus
|-damage|p2a: Tornadus|0 fnt
|-boost|p1a: Iron Treads|spe|1
|faint|p2a: Tornadus
|
|upkeep
|
|t:|1769442286
|switch|p2a: Cinderace|Cinderace, M|100/100
|turn|40
|
|t:|1769442291
|move|p1a: Iron Treads|Earthquake|p2a: Cinderace
|-supereffective|p2a: Cinderace
|-damage|p2a: Cinderace|6/100
|move|p2a: Cinderace|Pyro Ball|p1a: Iron Treads
|-supereffective|p1a: Iron Treads
|-damage|p1a: Iron Treads|0 fnt
|faint|p1a: Iron Treads
|-end|p1a: Iron Treads|Quark Drive|[silent]
|
|upkeep
|
|t:|1769442294
|switch|p1a: Dragapult|Dragapult, M|100/100
|turn|41
|
|t:|1769442299
|move|p2a: Cinderace|Sucker Punch|p1a: Dragapult
|-supereffective|p1a: Dragapult
|-damage|p1a: Dragapult|47/100
|move|p1a: Dragapult|Shadow Ball|p2a: Cinderace
|-damage|p2a: Cinderace|0 fnt
|faint|p2a: Cinderace
|
|upkeep
|
|t:|1769442307
|switch|p2a: Pecharunt|Pecharunt, tera:Poison|47/100
|turn|42
|
|t:|1769442310
|switch|p1a: Zapdos|Zapdos|9/100
|move|p2a: Pecharunt|Recover|p2a: Pecharunt
|-heal|p2a: Pecharunt|97/100
|
|-heal|p2a: Pecharunt|100/100|[from] item: Leftovers
|upkeep
|turn|43
|
|t:|1769442317
|move|p1a: Zapdos|Thunder Wave|p2a: Pecharunt
|-status|p2a: Pecharunt|par
|cant|p2a: Pecharunt|par
|
|upkeep
|turn|44
|
|t:|1769442323
|move|p1a: Zapdos|Roost|p1a: Zapdos
|-heal|p1a: Zapdos|59/100
|-singleturn|p1a: Zapdos|move: Roost
|move|p2a: Pecharunt|Shadow Ball|p1a: Zapdos
|-damage|p1a: Zapdos|34/100
|-unboost|p1a: Zapdos|spd|1
|
|upkeep
|turn|45
|
|t:|1769442332
|move|p1a: Zapdos|Roost|p1a: Zapdos
|-heal|p1a: Zapdos|84/100
|-singleturn|p1a: Zapdos|move: Roost
|move|p2a: Pecharunt|Malignant Chain|p1a: Zapdos
|-damage|p1a: Zapdos|18/100
|
|upkeep
|turn|46
|
|t:|1769442340
|move|p1a: Zapdos|Volt Switch|p2a: Pecharunt
|-damage|p2a: Pecharunt|71/100 par
|
|t:|1769442342
|switch|p1a: Dondozo|Dondozo, M|25/100 tox|[from] Volt Switch
|move|p2a: Pecharunt|Malignant Chain|p1a: Dondozo
|-damage|p1a: Dondozo|0 fnt
|faint|p1a: Dondozo
|
|-heal|p2a: Pecharunt|77/100 par|[from] item: Leftovers
|upkeep
|
|t:|1769442344
|switch|p1a: Zapdos|Zapdos|18/100
|turn|47
|
|t:|1769442349
|move|p1a: Zapdos|Roost|p1a: Zapdos
|-heal|p1a: Zapdos|68/100
|-singleturn|p1a: Zapdos|move: Roost
|cant|p2a: Pecharunt|par
|
|-heal|p2a: Pecharunt|83/100 par|[from] item: Leftovers
|upkeep
|turn|48
|
|t:|1769442355
|move|p1a: Zapdos|Hurricane|p2a: Pecharunt|[miss]
|-miss|p1a: Zapdos|p2a: Pecharunt
|cant|p2a: Pecharunt|par
|
|-heal|p2a: Pecharunt|89/100 par|[from] item: Leftovers
|upkeep
|turn|49
|
|t:|1769442360
|move|p1a: Zapdos|Hurricane|p2a: Pecharunt
|-damage|p2a: Pecharunt|39/100 par
|-start|p2a: Pecharunt|confusion
|-activate|p2a: Pecharunt|confusion
|-damage|p2a: Pecharunt|35/100 par|[from] confusion
|
|-heal|p2a: Pecharunt|42/100 par|[from] item: Leftovers
|upkeep
|turn|50
|
|t:|1769442371
|move|p1a: Zapdos|Hurricane|p2a: Pecharunt|[miss]
|-miss|p1a: Zapdos|p2a: Pecharunt
|-activate|p2a: Pecharunt|confusion
|move|p2a: Pecharunt|Recover|p2a: Pecharunt
|-heal|p2a: Pecharunt|92/100 par
|
|-heal|p2a: Pecharunt|98/100 par|[from] item: Leftovers
|upkeep
|turn|51
|
|t:|1769442377
|move|p1a: Zapdos|Hurricane|p2a: Pecharunt|[miss]
|-miss|p1a: Zapdos|p2a: Pecharunt
|-activate|p2a: Pecharunt|confusion
|-damage|p2a: Pecharunt|93/100 par|[from] confusion
|
|-heal|p2a: Pecharunt|99/100 par|[from] item: Leftovers
|upkeep
|turn|52
|
|t:|1769442383
|move|p1a: Zapdos|Hurricane|p2a: Pecharunt|[miss]
|-miss|p1a: Zapdos|p2a: Pecharunt
|-activate|p2a: Pecharunt|confusion
|move|p2a: Pecharunt|Malignant Chain|p1a: Zapdos
|-damage|p1a: Zapdos|25/100
|
|-heal|p2a: Pecharunt|100/100 par|[from] item: Leftovers
|upkeep
|turn|53
|
|t:|1769442393
|move|p1a: Zapdos|Roost|p1a: Zapdos
|-heal|p1a: Zapdos|75/100
|-singleturn|p1a: Zapdos|move: Roost
|-end|p2a: Pecharunt|confusion
|cant|p2a: Pecharunt|par
|
|upkeep
|turn|54
|
|t:|1769442399
|move|p1a: Zapdos|Hurricane|p2a: Pecharunt|[miss]
|-miss|p1a: Zapdos|p2a: Pecharunt
|move|p2a: Pecharunt|Shadow Ball|p1a: Zapdos
|-damage|p1a: Zapdos|52/100
|-unboost|p1a: Zapdos|spd|1
|
|upkeep
|turn|55
|
|t:|1769442408
|move|p1a: Zapdos|Hurricane|p2a: Pecharunt|[miss]
|-miss|p1a: Zapdos|p2a: Pecharunt
|cant|p2a: Pecharunt|par
|
|upkeep
|turn|56
|c|☆Bobblesbigpkballs|......
|c|☆Bobblesbigpkballs|soz
|
|t:|1769442424
|move|p1a: Zapdos|Hurricane|p2a: Pecharunt
|-damage|p2a: Pecharunt|51/100 par
|move|p2a: Pecharunt|Malignant Chain|p1a: Zapdos
|-damage|p1a: Zapdos|0 fnt
|faint|p1a: Zapdos
|
|-heal|p2a: Pecharunt|57/100 par|[from] item: Leftovers
|upkeep
|c|☆gengguiag|what can i say
|
|t:|1769442433
|switch|p1a: Dragapult|Dragapult, M|47/100
|turn|57
|
|t:|1769442439
|move|p1a: Dragapult|Shadow Ball|p2a: Pecharunt
|-damage|p2a: Pecharunt|8/100 par
|cant|p2a: Pecharunt|par
|
|-heal|p2a: Pecharunt|14/100 par|[from] item: Leftovers
|upkeep
|turn|58
|
|t:|1769442446
|move|p1a: Dragapult|Shadow Ball|p2a: Pecharunt
|-damage|p2a: Pecharunt|0 fnt
|faint|p2a: Pecharunt
|
|upkeep
|c|☆Bobblesbigpkballs|gg
|
|t:|1769442451
|switch|p2a: Quaquaval|Quaquaval, M|40/100
|turn|59
|
|t:|1769442458
|move|p1a: Dragapult|Shadow Ball|p2a: Quaquaval
|-damage|p2a: Quaquaval|0 fnt
|faint|p2a: Quaquaval
|
|win|gengguiag
|raw|gengguiag's rating: 1269 &rarr; <strong>1291</strong><br />(+22 for winning)
|raw|Bobblesbigpkballs's rating: 1224 &rarr; <strong>1202</strong><br />(-22 for losing)
