|j|☆waha8
|j|☆tmchina
|t:|1769407573
|gametype|singles
|player|p1|waha8|265|1503
|player|p2|tmchina|169|1517
|gen|9
|tier|[Gen 9] OU
|rated|
|rule|HP Percentage Mod: HP is shown in percentages
|rule|Endless Battle Clause: Forcing endless battles is banned
|rule|Species Clause: Limit one of each Pokémon
|rule|OHKO Clause: OHKO moves are banned
|rule|Evasion Items Clause: Evasion items are banned
|rule|Evasion Moves Clause: Evasion moves are banned
|rule|Evasion Abilities Clause: Evasion abilities are banned
|rule|Sleep Moves Clause: Sleep-inducing moves are banned
|clearpoke
|poke|p1|Garchomp, M|
|poke|p1|Skeledirge, M|
|poke|p1|Ogerpon-Wellspring, F|
|poke|p1|Gholdengo|
|poke|p1|Cinderace, M|
|poke|p1|Ribombee, F|
|poke|p2|Kyurem|
|poke|p2|Gholdengo|
|poke|p2|Crawdaunt, M|
|poke|p2|Corviknight, F|
|poke|p2|Dragonite, F|
|poke|p2|Ribombee, M|
|teampreview
|inactive|Battle timer is ON: inactive players will automatically lose when time's up. (requested by tmchina)
|
|t:|1769407591
|teamsize|p1|6
|teamsize|p2|6
|start
|switch|p1a: ReverseUNO|Cinderace, M|100/100
|switch|p2a: Ribombee|Ribombee, M|100/100
|turn|1
|
|t:|1769407596
|move|p2a: Ribombee|Stun Spore|p1a: ReverseUNO|[miss]
|-miss|p2a: Ribombee|p1a: ReverseUNO
|move|p1a: ReverseUNO|Pyro Ball|p2a: Ribombee
|-supereffective|p2a: Ribombee
|-enditem|p2a: Ribombee|Focus Sash
|-damage|p2a: Ribombee|1/100
|
|upkeep
|turn|2
|
|t:|1769407602
|move|p2a: Ribombee|Stun Spore|p1a: ReverseUNO
|-status|p1a: ReverseUNO|par
|cant|p1a: ReverseUNO|par
|
|upkeep
|turn|3
|
|t:|1769407624
|move|p2a: Ribombee|Tailwind|p2a: Ribombee
|-sidestart|p2: tmchina|move: Tailwind
|move|p1a: ReverseUNO|Pyro Ball|p2a: Ribombee
|-supereffective|p2a: Ribombee
|-damage|p2a: Ribombee|0 fnt
|faint|p2a: Ribombee
|
|upkeep
|
|t:|1769407631
|switch|p2a: Crawdaunt|Crawdaunt, M|100/100
|turn|4
|
|t:|1769407634
|switch|p1a: Orochimaru|Ogerpon-Wellspring, F|100/100
|move|p2a: Crawdaunt|Dragon Dance|p2a: Crawdaunt
|-boost|p2a: Crawdaunt|atk|1
|-boost|p2a: Crawdaunt|spe|1
|
|upkeep
|turn|5
|
|t:|1769407641
|move|p2a: Crawdaunt|Knock Off|p1a: Orochimaru
|-damage|p1a: Orochimaru|0 fnt
|faint|p1a: Orochimaru
|-damage|p2a: Crawdaunt|91/100|[from] item: Life Orb
|
|upkeep
|
|t:|1769407647
|switch|p1a: YouDidWhatNow?|Skeledirge, M|100/100
|turn|6
|
|t:|1769407651
|-terastallize|p1a: YouDidWhatNow?|Fairy
|move|p2a: Crawdaunt|Knock Off|p1a: YouDidWhatNow?
|-resisted|p1a: YouDidWhatNow?
|-damage|p1a: YouDidWhatNow?|74/100
|-enditem|p1a: YouDidWhatNow?|Leftovers|[from] move: Knock Off|[of] p2a: Crawdaunt
|-damage|p2a: Crawdaunt|81/100|[from] item: Life Orb
|move|p1a: YouDidWhatNow?|Will-O-Wisp|p2a: Crawdaunt
|-status|p2a: Crawdaunt|brn
|
|-damage|p2a: Crawdaunt|75/100 brn|[from] brn
|-sideend|p2: tmchina|move: Tailwind
|upkeep
|turn|7
|
|t:|1769407662
|move|p2a: Crawdaunt|Crabhammer|p1a: YouDidWhatNow?
|-crit|p1a: YouDidWhatNow?
|-damage|p1a: YouDidWhatNow?|31/100
|-damage|p2a: Crawdaunt|65/100 brn|[from] item: Life Orb
|move|p1a: YouDidWhatNow?|Torch Song|p2a: Crawdaunt
|-resisted|p2a: Crawdaunt
|-damage|p2a: Crawdaunt|34/100 brn
|-boost|p1a: YouDidWhatNow?|spa|1
|
|-damage|p2a: Crawdaunt|28/100 brn|[from] brn
|upkeep
|turn|8
|
|t:|1769407672
|move|p2a: Crawdaunt|Crabhammer|p1a: YouDidWhatNow?
|-damage|p1a: YouDidWhatNow?|4/100
|-damage|p2a: Crawdaunt|18/100 brn|[from] item: Life Orb
|move|p1a: YouDidWhatNow?|Torch Song|p2a: Crawdaunt
|-resisted|p2a: Crawdaunt
|-damage|p2a: Crawdaunt|0 fnt
|-boost|p1a: YouDidWhatNow?|spa|1
|faint|p2a: Crawdaunt
|
|upkeep
|
|t:|1769407686
|switch|p2a: Kyurem|Kyurem|100/100
|-ability|p2a: Kyurem|Pressure
|turn|9
|
|t:|1769407689
|move|p2a: Kyurem|Ice Beam|p1a: YouDidWhatNow?
|-crit|p1a: YouDidWhatNow?
|-damage|p1a: YouDidWhatNow?|0 fnt
|faint|p1a: YouDidWhatNow?
|
|upkeep
|
|t:|1769407697
|switch|p1a: Mavis|Ribombee, F|100/100
|turn|10
|
|t:|1769407707
|move|p1a: Mavis|Sticky Web|p2a: Kyurem
|-sidestart|p2: tmchina|move: Sticky Web
|move|p2a: Kyurem|Ice Beam|p1a: Mavis
|-damage|p1a: Mavis|0 fnt
|faint|p1a: Mavis
|
|upkeep
|
|t:|1769407712
|switch|p1a: KeepTheChange|Gholdengo|100/100
|turn|11
|
|t:|1769407721
|move|p2a: Kyurem|Ice Beam|p1a: KeepTheChange
|-resisted|p1a: KeepTheChange
|-damage|p1a: KeepTheChange|56/100
|move|p1a: KeepTheChange|Shadow Ball|p2a: Kyurem
|-damage|p2a: Kyurem|35/100
|
|upkeep
|turn|12
|
|t:|1769407735
|move|p2a: Kyurem|Ice Beam|p1a: KeepTheChange
|-resisted|p1a: KeepTheChange
|-damage|p1a: KeepTheChange|15/100
|move|p1a: KeepTheChange|Shadow Ball|p2a: Kyurem
|-damage|p2a: Kyurem|0 fnt
|faint|p2a: Kyurem
|
|upkeep
|
|t:|1769407743
|switch|p2a: Gholdengo|Gholdengo|100/100
|-item|p2a: Gholdengo|Air Balloon
|turn|13
|
|t:|1769407746
|move|p2a: Gholdengo|Shadow Ball|p1a: KeepTheChange
|-supereffective|p1a: KeepTheChange
|-damage|p1a: KeepTheChange|0 fnt
|faint|p1a: KeepTheChange
|
|upkeep
|
|t:|1769407752
|switch|p1a: ReverseUNO|Cinderace, M|100/100 par
|turn|14
|
|t:|1769407757
|move|p2a: Gholdengo|Shadow Ball|p1a: ReverseUNO
|-damage|p1a: ReverseUNO|38/100 par
|cant|p1a: ReverseUNO|par
|
|upkeep
|turn|15
|c|☆waha8|gg
|-message|waha8 forfeited.
|
|win|tmchina
|raw|waha8's rating: 1503 &rarr; <strong>1484</strong><br />(-19 for losing)
|raw|tmchina's rating: 1517 &rarr; <strong>1536</strong><br />(+19 for winning)
|l|☆waha8
|player|p1|
|c|☆tmchina|gg
|l|☆tmchina
|player|p2|
