|j|☆iamthe avatarrr
|j|☆lynebron123
|t:|1769323037
|gametype|singles
|player|p1|iamthe avatarrr|170|1100
|player|p2|lynebron123|1|1065
|gen|9
|tier|[Gen 9] OU
|rated|
|rule|HP Percentage Mod: HP is shown in percentages
|rule|Endless Battle Clause: Forcing endless battles is banned
|rule|Species Clause: Limit one of each Pokémon
|rule|OHKO Clause: OHKO moves are banned
|rule|Evasion Items Clause: Evasion items are banned
|rule|Evasion Moves Clause: Evasion moves are banned
|rule|Evasion Abilities Clause: Evasion abilities are banned
|rule|Sleep Moves Clause: Sleep-inducing moves are banned
|clearpoke
|poke|p1|Ninetales-Alola, M|
|poke|p1|Tyranitar, M|
|poke|p1|Torkoal, F|
|poke|p1|Walking Wake|
|poke|p1|Pelipper, M|
|poke|p1|Excadrill, M|
|poke|p2|Grimmsnarl, M|
|poke|p2|Malamar, F|
|poke|p2|Glastrier|
|poke|p2|Corviknight, M|
|poke|p2|Volcanion|
|poke|p2|Gliscor, M|
|teampreview
|
|t:|1769323042
|teamsize|p1|6
|teamsize|p2|6
|start
|switch|p1a: Ninetales|Ninetales-Alola, M|100/100
|switch|p2a: Grimmsnarl|Grimmsnarl, M|100/100
|-weather|Snowscape|[from] ability: Snow Warning|[of] p1a: Ninetales
|turn|1
|
|t:|1769323052
|move|p2a: Grimmsnarl|Light Screen|p2a: Grimmsnarl
|-sidestart|p2: lynebron123|move: Light Screen
|move|p1a: Ninetales|Encore|p2a: Grimmsnarl
|-start|p2a: Grimmsnarl|Encore
|
|-weather|Snowscape|[upkeep]
|upkeep
|turn|2
|
|t:|1769323063
|switch|p2a: Volcanion|Volcanion|100/100
|move|p1a: Ninetales|Aurora Veil|p1a: Ninetales
|-sidestart|p1: iamthe avatarrr|move: Aurora Veil
|
|-weather|Snowscape|[upkeep]
|upkeep
|turn|3
|
|t:|1769323074
|switch|p1a: Pelipper|Pelipper, M|100/100
|-weather|RainDance|[from] ability: Drizzle|[of] p1a: Pelipper
|move|p2a: Volcanion|Fire Blast|p1a: Pelipper
|-resisted|p1a: Pelipper
|-damage|p1a: Pelipper|89/100
|
|-weather|RainDance|[upkeep]
|upkeep
|turn|4
|
|t:|1769323086
|move|p2a: Volcanion|Sludge Bomb|p1a: Pelipper
|-damage|p1a: Pelipper|66/100
|move|p1a: Pelipper|U-turn|p2a: Volcanion
|-resisted|p2a: Volcanion
|-damage|p2a: Volcanion|97/100
|
|t:|1769323098
|switch|p1a: Walking Wake|Walking Wake|100/100|[from] U-turn
|
|-weather|RainDance|[upkeep]
|upkeep
|turn|5
|
|t:|1769323109
|move|p1a: Walking Wake|Draco Meteor|p2a: Volcanion
|-damage|p2a: Volcanion|55/100
|-unboost|p1a: Walking Wake|spa|2
|move|p2a: Volcanion|Sludge Bomb|p1a: Walking Wake
|-damage|p1a: Walking Wake|79/100
|
|-weather|RainDance|[upkeep]
|upkeep
|turn|6
|
|t:|1769323120
|-end|p1a: Walking Wake|Protosynthesis|[silent]
|switch|p1a: Excadrill|Excadrill, M|100/100
|move|p2a: Volcanion|Sludge Bomb|p1a: Excadrill
|-immune|p1a: Excadrill
|
|-weather|RainDance|[upkeep]
|upkeep
|turn|7
|
|t:|1769323129
|switch|p2a: Gliscor|Gliscor, M, shiny|100/100
|move|p1a: Excadrill|Substitute|p1a: Excadrill
|-start|p1a: Excadrill|Substitute
|-damage|p1a: Excadrill|76/100
|
|-weather|RainDance|[upkeep]
|-heal|p1a: Excadrill|82/100|[from] item: Leftovers
|-status|p2a: Gliscor|tox|[from] item: Toxic Orb
|upkeep
|turn|8
|
|t:|1769323142
|move|p1a: Excadrill|Rapid Spin|p2a: Gliscor
|-damage|p2a: Gliscor|86/100 tox
|-boost|p1a: Excadrill|spe|1
|move|p2a: Gliscor|Tailwind|p2a: Gliscor
|-sidestart|p2: lynebron123|move: Tailwind
|
|-weather|RainDance|[upkeep]
|-heal|p1a: Excadrill|88/100|[from] item: Leftovers
|-heal|p2a: Gliscor|98/100 tox|[from] ability: Poison Heal
|-sideend|p2: lynebron123|move: Light Screen
|upkeep
|turn|9
|
|t:|1769323153
|move|p2a: Gliscor|Earthquake|p1a: Excadrill
|-supereffective|p1a: Excadrill
|-end|p1a: Excadrill|Substitute
|move|p1a: Excadrill|Iron Head|p2a: Gliscor
|-damage|p2a: Gliscor|62/100 tox
|
|-weather|RainDance|[upkeep]
|-heal|p1a: Excadrill|94/100|[from] item: Leftovers
|-heal|p2a: Gliscor|74/100 tox|[from] ability: Poison Heal
|-sideend|p1: iamthe avatarrr|move: Aurora Veil
|upkeep
|turn|10
|
|t:|1769323165
|switch|p1a: Pelipper|Pelipper, M|66/100
|move|p2a: Gliscor|Earthquake|p1a: Pelipper
|-immune|p1a: Pelipper
|
|-weather|none
|-heal|p2a: Gliscor|87/100 tox|[from] ability: Poison Heal
|upkeep
|turn|11
|
|t:|1769323176
|move|p2a: Gliscor|Protect|p2a: Gliscor
|-singleturn|p2a: Gliscor|Protect
|move|p1a: Pelipper|U-turn|p2a: Gliscor
|-activate|p2a: Gliscor|move: Protect
|
|-heal|p2a: Gliscor|99/100 tox|[from] ability: Poison Heal
|-sideend|p2: lynebron123|move: Tailwind
|upkeep
|turn|12
|
|t:|1769323187
|move|p2a: Gliscor|Toxic|p1a: Pelipper
|-status|p1a: Pelipper|tox
|move|p1a: Pelipper|U-turn|p2a: Gliscor
|-resisted|p2a: Gliscor
|-damage|p2a: Gliscor|95/100 tox
|
|t:|1769323192
|switch|p1a: Ninetales|Ninetales-Alola, M|100/100|[from] U-turn
|-weather|Snowscape|[from] ability: Snow Warning|[of] p1a: Ninetales
|
|-weather|Snowscape|[upkeep]
|-heal|p2a: Gliscor|100/100 tox|[from] ability: Poison Heal
|upkeep
|turn|13
|
|t:|1769323214
|-terastallize|p2a: Gliscor|Steel
|move|p1a: Ninetales|Freeze-Dry|p2a: Gliscor
|-resisted|p2a: Gliscor
|-damage|p2a: Gliscor|92/100 tox
|move|p2a: Gliscor|Toxic|p1a: Ninetales
|-status|p1a: Ninetales|tox
|
|-weather|Snowscape|[upkeep]
|-damage|p1a: Ninetales|94/100 tox|[from] psn
|-heal|p2a: Gliscor|100/100 tox|[from] ability: Poison Heal
|upkeep
|turn|14
|
|t:|1769323227
|move|p1a: Ninetales|Aurora Veil|p1a: Ninetales
|-sidestart|p1: iamthe avatarrr|move: Aurora Veil
|move|p2a: Gliscor|Tailwind|p2a: Gliscor
|-sidestart|p2: lynebron123|move: Tailwind
|
|-weather|Snowscape|[upkeep]
|-damage|p1a: Ninetales|82/100 tox|[from] psn
|upkeep
|turn|15
|
|t:|1769323238
|move|p2a: Gliscor|Earthquake|p1a: Ninetales
|-damage|p1a: Ninetales|69/100 tox
|move|p1a: Ninetales|Encore|p2a: Gliscor
|-start|p2a: Gliscor|Encore
|
|-weather|Snowscape|[upkeep]
|-damage|p1a: Ninetales|51/100 tox|[from] psn
|upkeep
|turn|16
|
|t:|1769323252
|switch|p2a: Volcanion|Volcanion|55/100
|switch|p1a: Pelipper|Pelipper, M|66/100 tox
|-weather|RainDance|[from] ability: Drizzle|[of] p1a: Pelipper
|
|-weather|RainDance|[upkeep]
|-damage|p1a: Pelipper|60/100 tox|[from] psn
|upkeep
|turn|17
|
|t:|1769323267
|move|p2a: Volcanion|Steam Eruption|p1a: Pelipper
|-resisted|p1a: Pelipper
|-damage|p1a: Pelipper|25/100 tox
|move|p1a: Pelipper|U-turn|p2a: Volcanion
|-resisted|p2a: Volcanion
|-damage|p2a: Volcanion|52/100
|
|t:|1769323274
|switch|p1a: Excadrill|Excadrill, M|94/100|[from] U-turn
|
|-weather|RainDance|[upkeep]
|-heal|p1a: Excadrill|99/100|[from] item: Leftovers
|-sideend|p2: lynebron123|move: Tailwind
|upkeep
|turn|18
|
|t:|1769323283
|switch|p2a: Gliscor|Gliscor, M, shiny, tera:Steel|100/100 tox
|move|p1a: Excadrill|Earthquake|p2a: Gliscor
|-supereffective|p2a: Gliscor
|-damage|p2a: Gliscor|2/100 tox
|
|-weather|RainDance|[upkeep]
|-heal|p1a: Excadrill|100/100|[from] item: Leftovers
|-heal|p2a: Gliscor|14/100 tox|[from] ability: Poison Heal
|upkeep
|turn|19
|
|t:|1769323297
|move|p1a: Excadrill|Earthquake|p2a: Gliscor
|-supereffective|p2a: Gliscor
|-crit|p2a: Gliscor
|-damage|p2a: Gliscor|0 fnt
|faint|p2a: Gliscor
|
|-weather|RainDance|[upkeep]
|upkeep
|
|t:|1769323305
|switch|p2a: Grimmsnarl|Grimmsnarl, M|100/100
|turn|20
|
|t:|1769323311
|move|p2a: Grimmsnarl|Reflect|p2a: Grimmsnarl
|-sidestart|p2: lynebron123|Reflect
|move|p1a: Excadrill|Iron Head|p2a: Grimmsnarl
|-supereffective|p2a: Grimmsnarl
|-damage|p2a: Grimmsnarl|54/100
|
|-weather|RainDance|[upkeep]
|upkeep
|turn|21
|
|t:|1769323322
|move|p2a: Grimmsnarl|Parting Shot|p1a: Excadrill
|-unboost|p1a: Excadrill|atk|1
|-unboost|p1a: Excadrill|spa|1
|
|t:|1769323326
|switch|p2a: Corviknight|Corviknight, M|100/100|[from] Parting Shot
|move|p1a: Excadrill|Substitute|p1a: Excadrill
|-start|p1a: Excadrill|Substitute
|-damage|p1a: Excadrill|76/100
|
|-weather|RainDance|[upkeep]
|-heal|p1a: Excadrill|82/100|[from] item: Leftovers
|-sideend|p1: iamthe avatarrr|move: Aurora Veil
|upkeep
|turn|22
|
|t:|1769323337
|move|p1a: Excadrill|Rapid Spin|p2a: Corviknight
|-resisted|p2a: Corviknight
|-damage|p2a: Corviknight|98/100
|-boost|p1a: Excadrill|spe|1
|move|p2a: Corviknight|Bulk Up|p2a: Corviknight
|-boost|p2a: Corviknight|atk|1
|-boost|p2a: Corviknight|def|1
|
|-weather|RainDance|[upkeep]
|-heal|p1a: Excadrill|88/100|[from] item: Leftovers
|-heal|p2a: Corviknight|100/100|[from] item: Leftovers
|upkeep
|turn|23
|
|t:|1769323350
|switch|p1a: Ninetales|Ninetales-Alola, M|51/100 tox
|-weather|Snowscape|[from] ability: Snow Warning|[of] p1a: Ninetales
|move|p2a: Corviknight|Body Press|p1a: Ninetales
|-damage|p1a: Ninetales|22/100 tox
|
|-weather|Snowscape|[upkeep]
|-damage|p1a: Ninetales|16/100 tox|[from] psn
|upkeep
|turn|24
|
|t:|1769323363
|move|p1a: Ninetales|Aurora Veil|p1a: Ninetales
|-sidestart|p1: iamthe avatarrr|move: Aurora Veil
|move|p2a: Corviknight|Body Press|p1a: Ninetales
|-damage|p1a: Ninetales|2/100 tox
|
|-weather|Snowscape|[upkeep]
|-damage|p1a: Ninetales|0 fnt|[from] psn
|faint|p1a: Ninetales
|upkeep
|
|t:|1769323370
|switch|p1a: Torkoal|Torkoal, F|100/100
|-weather|SunnyDay|[from] ability: Drought|[of] p1a: Torkoal
|turn|25
|
|t:|1769323377
|move|p2a: Corviknight|Defog|p1a: Torkoal
|-unboost|p1a: Torkoal|evasion|1
|-sideend|p1: iamthe avatarrr|move: Aurora Veil
|move|p1a: Torkoal|Stealth Rock|p2a: Corviknight
|-sidestart|p2: lynebron123|move: Stealth Rock
|
|-weather|SunnyDay|[upkeep]
|upkeep
|turn|26
|
|t:|1769323398
|move|p2a: Corviknight|Brave Bird|p1a: Torkoal
|-damage|p1a: Torkoal|58/100
|-damage|p2a: Corviknight|86/100|[from] Recoil
|move|p1a: Torkoal|Overheat|p2a: Corviknight|[miss]
|-miss|p1a: Torkoal|p2a: Corviknight
|
|-weather|SunnyDay|[upkeep]
|-heal|p2a: Corviknight|92/100|[from] item: Leftovers
|upkeep
|turn|27
|
|t:|1769323411
|move|p2a: Corviknight|Brave Bird|p1a: Torkoal
|-damage|p1a: Torkoal|10/100
|-damage|p2a: Corviknight|76/100|[from] Recoil
|move|p1a: Torkoal|Overheat|p2a: Corviknight
|-supereffective|p2a: Corviknight
|-damage|p2a: Corviknight|0 fnt
|-unboost|p1a: Torkoal|spa|2
|faint|p2a: Corviknight
|
|-weather|SunnyDay|[upkeep]
|-sideend|p2: lynebron123|Reflect
|upkeep
|
|t:|1769323424
|switch|p2a: Grimmsnarl|Grimmsnarl, M|54/100
|-damage|p2a: Grimmsnarl|42/100|[from] Stealth Rock
|turn|28
|
|t:|1769323436
|switch|p1a: Excadrill|Excadrill, M|88/100
|move|p2a: Grimmsnarl|Light Screen|p2a: Grimmsnarl
|-sidestart|p2: lynebron123|move: Light Screen
|
|-weather|SunnyDay|[upkeep]
|-heal|p1a: Excadrill|94/100|[from] item: Leftovers
|upkeep
|turn|29
|
|t:|1769323444
|move|p2a: Grimmsnarl|Reflect|p2a: Grimmsnarl
|-sidestart|p2: lynebron123|Reflect
|move|p1a: Excadrill|Substitute|p1a: Excadrill
|-start|p1a: Excadrill|Substitute
|-damage|p1a: Excadrill|69/100
|
|-weather|SunnyDay|[upkeep]
|-heal|p1a: Excadrill|75/100|[from] item: Leftovers
|upkeep
|turn|30
|
|t:|1769323454
|move|p2a: Grimmsnarl|Parting Shot|p1a: Excadrill
|-unboost|p1a: Excadrill|atk|1
|-unboost|p1a: Excadrill|spa|1
|
|t:|1769323458
|switch|p2a: Volcanion|Volcanion|52/100|[from] Parting Shot
|-damage|p2a: Volcanion|27/100|[from] Stealth Rock
|move|p1a: Excadrill|Iron Head|p2a: Volcanion
|-resisted|p2a: Volcanion
|-damage|p2a: Volcanion|23/100
|
|-weather|SunnyDay|[upkeep]
|-heal|p1a: Excadrill|81/100|[from] item: Leftovers
|upkeep
|turn|31
|
|t:|1769323470
|move|p1a: Excadrill|Earthquake|p2a: Volcanion
|-supereffective|p2a: Volcanion
|-damage|p2a: Volcanion|0 fnt
|faint|p2a: Volcanion
|
|-weather|SunnyDay|[upkeep]
|-heal|p1a: Excadrill|87/100|[from] item: Leftovers
|upkeep
|
|t:|1769323479
|switch|p2a: Malamar|Malamar, F|100/100
|-damage|p2a: Malamar|88/100|[from] Stealth Rock
|turn|32
|
|t:|1769323490
|move|p1a: Excadrill|Iron Head|p2a: Malamar
|-damage|p2a: Malamar|74/100
|move|p2a: Malamar|Superpower|p1a: Excadrill
|-supereffective|p1a: Excadrill
|-end|p1a: Excadrill|Substitute
|-boost|p2a: Malamar|atk|1
|-boost|p2a: Malamar|def|1
|
|-weather|none
|-heal|p1a: Excadrill|93/100|[from] item: Leftovers
|upkeep
|turn|33
|
|t:|1769323520
|move|p1a: Excadrill|Iron Head|p2a: Malamar
|-damage|p2a: Malamar|65/100
|cant|p2a: Malamar|flinch
|
|-heal|p1a: Excadrill|99/100|[from] item: Leftovers
|upkeep
|turn|34
|
|t:|1769323529
|move|p1a: Excadrill|Iron Head|p2a: Malamar
|-damage|p2a: Malamar|56/100
|move|p2a: Malamar|Superpower|p1a: Excadrill
|-supereffective|p1a: Excadrill
|-damage|p1a: Excadrill|0 fnt
|-boost|p2a: Malamar|atk|1
|-boost|p2a: Malamar|def|1
|faint|p1a: Excadrill
|
|upkeep
|
|t:|1769323542
|switch|p1a: Pelipper|Pelipper, M|25/100 tox
|-weather|RainDance|[from] ability: Drizzle|[of] p1a: Pelipper
|turn|35
|
|t:|1769323552
|move|p2a: Malamar|Psycho Cut|p1a: Pelipper
|-crit|p1a: Pelipper
|-damage|p1a: Pelipper|0 fnt
|faint|p1a: Pelipper
|
|-weather|RainDance|[upkeep]
|-sideend|p2: lynebron123|move: Light Screen
|upkeep
|
|t:|1769323558
|switch|p1a: Torkoal|Torkoal, F|10/100
|-weather|SunnyDay|[from] ability: Drought|[of] p1a: Torkoal
|turn|36
|
|t:|1769323566
|move|p2a: Malamar|Psycho Cut|p1a: Torkoal
|-damage|p1a: Torkoal|0 fnt
|faint|p1a: Torkoal
|
|-weather|SunnyDay|[upkeep]
|-sideend|p2: lynebron123|Reflect
|upkeep
|
|t:|1769323572
|switch|p1a: Walking Wake|Walking Wake|79/100
|-activate|p1a: Walking Wake|ability: Protosynthesis
|-start|p1a: Walking Wake|protosynthesisspa
|turn|37
|
|t:|1769323591
|move|p1a: Walking Wake|Hydro Steam|p2a: Malamar
|-damage|p2a: Malamar|0 fnt
|faint|p2a: Malamar
|
|-weather|SunnyDay|[upkeep]
|upkeep
|
|t:|1769323598
|switch|p2a: Grimmsnarl|Grimmsnarl, M|42/100
|-damage|p2a: Grimmsnarl|30/100|[from] Stealth Rock
|turn|38
|
|t:|1769323606
|move|p2a: Grimmsnarl|Light Screen|p2a: Grimmsnarl
|-sidestart|p2: lynebron123|move: Light Screen
|move|p1a: Walking Wake|Hydro Steam|p2a: Grimmsnarl
|-damage|p2a: Grimmsnarl|0 fnt
|faint|p2a: Grimmsnarl
|
|-weather|SunnyDay|[upkeep]
|upkeep
|
|t:|1769323612
|switch|p2a: Glastrier|Glastrier|100/100
|-damage|p2a: Glastrier|76/100|[from] Stealth Rock
|turn|39
|
|t:|1769323622
|-end|p1a: Walking Wake|Protosynthesis|[silent]
|switch|p1a: Tyranitar|Tyranitar, M|100/100
|-weather|Sandstorm|[from] ability: Sand Stream|[of] p1a: Tyranitar
|move|p2a: Glastrier|Body Press|p1a: Tyranitar
|-supereffective|p1a: Tyranitar
|-damage|p1a: Tyranitar|0 fnt
|faint|p1a: Tyranitar
|-ability|p2a: Glastrier|Chilling Neigh|boost
|-boost|p2a: Glastrier|atk|1
|
|-weather|Sandstorm|[upkeep]
|-damage|p2a: Glastrier|69/100|[from] Sandstorm
|upkeep
|
|t:|1769323627
|switch|p1a: Walking Wake|Walking Wake|79/100
|turn|40
|
|t:|1769323641
|-terastallize|p1a: Walking Wake|Water
|move|p1a: Walking Wake|Weather Ball|p2a: Glastrier
|-supereffective|p2a: Glastrier
|-damage|p2a: Glastrier|39/100
|move|p2a: Glastrier|Body Press|p1a: Walking Wake
|-damage|p1a: Walking Wake|48/100
|
|-weather|Sandstorm|[upkeep]
|-damage|p1a: Walking Wake|42/100|[from] Sandstorm
|-damage|p2a: Glastrier|33/100|[from] Sandstorm
|upkeep
|turn|41
|
|t:|1769323663
|move|p1a: Walking Wake|Weather Ball|p2a: Glastrier
|-supereffective|p2a: Glastrier
|-damage|p2a: Glastrier|4/100
|move|p2a: Glastrier|Zen Headbutt|p1a: Walking Wake
|-damage|p1a: Walking Wake|3/100
|
|-weather|Sandstorm|[upkeep]
|-damage|p1a: Walking Wake|0 fnt|[from] Sandstorm
|-damage|p2a: Glastrier|0 fnt|[from] Sandstorm
|faint|p1a: Walking Wake
|-end|p1a: Walking Wake|Protosynthesis|[silent]
|faint|p2a: Glastrier
|
|win|lynebron123
|raw|iamthe avatarrr's rating: 1100 &rarr; <strong>1072</strong><br />(-28 for losing)
|raw|lynebron123's rating: 1065 &rarr; <strong>1098</strong><br />(+33 for winning)
|l|☆iamthe avatarrr
|player|p1|
|l|☆lynebron123
|player|p2|
