|j|☆Dodobubbles
|j|☆Metal belico
|t:|1769380610
|gametype|singles
|player|p1|Dodobubbles|riley|1201
|player|p2|Metal belico|volkner|1199
|gen|9
|tier|[Gen 9] OU
|rated|
|rule|HP Percentage Mod: HP is shown in percentages
|rule|Endless Battle Clause: Forcing endless battles is banned
|rule|Species Clause: Limit one of each Pokémon
|rule|OHKO Clause: OHKO moves are banned
|rule|Evasion Items Clause: Evasion items are banned
|rule|Evasion Moves Clause: Evasion moves are banned
|rule|Evasion Abilities Clause: Evasion abilities are banned
|rule|Sleep Moves Clause: Sleep-inducing moves are banned
|clearpoke
|poke|p1|Deoxys-Speed|
|poke|p1|Galvantula, F|
|poke|p1|Dragonite, M|
|poke|p1|Iron Valiant|
|poke|p1|Ceruledge, M|
|poke|p1|Great Tusk|
|poke|p2|Jolteon, F|
|poke|p2|Ninetales, F|
|poke|p2|Blastoise, F|
|poke|p2|Dragonite, F|
|poke|p2|Venusaur, F|
|poke|p2|Golem, F|
|teampreview
|inactive|Battle timer is ON: inactive players will automatically lose when time's up. (requested by Dodobubbles)
|
|t:|1769380626
|teamsize|p1|6
|teamsize|p2|6
|start
|switch|p1a: Galvantula|Galvantula, F|100/100
|switch|p2a: Dragonite|Dragonite, F|100/100
|turn|1
|
|t:|1769380630
|move|p2a: Dragonite|Extreme Speed|p1a: Galvantula
|-crit|p1a: Galvantula
|-damage|p1a: Galvantula|0 fnt
|faint|p1a: Galvantula
|
|upkeep
|
|t:|1769380642
|switch|p1a: Deoxys|Deoxys-Speed|100/100
|-ability|p1a: Deoxys|Pressure
|turn|2
|
|t:|1769380644
|move|p2a: Dragonite|Extreme Speed|p1a: Deoxys
|-damage|p1a: Deoxys|39/100
|move|p1a: Deoxys|Reflect|p1a: Deoxys
|-sidestart|p1: Dodobubbles|Reflect
|
|upkeep
|turn|3
|
|t:|1769380650
|move|p2a: Dragonite|Extreme Speed|p1a: Deoxys
|-damage|p1a: Deoxys|13/100
|move|p1a: Deoxys|Taunt|p2a: Dragonite
|-start|p2a: Dragonite|move: Taunt
|
|upkeep
|turn|4
|
|t:|1769380653
|move|p2a: Dragonite|Extreme Speed|p1a: Deoxys
|-damage|p1a: Deoxys|0 fnt
|faint|p1a: Deoxys
|
|upkeep
|
|t:|1769380661
|switch|p1a: Dragonite|Dragonite, M|100/100
|turn|5
|
|t:|1769380677
|switch|p2a: Golem|Golem, F|100/100
|move|p1a: Dragonite|Dragon Dance|p1a: Dragonite
|-boost|p1a: Dragonite|atk|1
|-boost|p1a: Dragonite|spe|1
|
|upkeep
|turn|6
|
|t:|1769380684
|-terastallize|p1a: Dragonite|Normal
|move|p1a: Dragonite|Dragon Dance|p1a: Dragonite
|-boost|p1a: Dragonite|atk|1
|-boost|p1a: Dragonite|spe|1
|move|p2a: Golem|Fire Punch|p1a: Dragonite
|-damage|p1a: Dragonite|94/100
|-status|p1a: Dragonite|brn
|
|-heal|p1a: Dragonite|99/100 brn|[from] item: Leftovers
|-damage|p1a: Dragonite|94/100 brn|[from] brn
|upkeep
|turn|7
|
|t:|1769380700
|move|p1a: Dragonite|Dragon Dance|p1a: Dragonite
|-boost|p1a: Dragonite|atk|1
|-boost|p1a: Dragonite|spe|1
|move|p2a: Golem|Self-Destruct|p1a: Dragonite
|-damage|p1a: Dragonite|53/100 brn
|faint|p2a: Golem
|
|-heal|p1a: Dragonite|59/100 brn|[from] item: Leftovers
|-damage|p1a: Dragonite|53/100 brn|[from] brn
|upkeep
|
|t:|1769380707
|switch|p2a: Dragonite|Dragonite, F|100/100
|turn|8
|
|t:|1769380710
|-terastallize|p2a: Dragonite|Normal
|move|p2a: Dragonite|Extreme Speed|p1a: Dragonite
|-damage|p1a: Dragonite|15/100 brn
|move|p1a: Dragonite|Ice Spinner|p2a: Dragonite
|-damage|p2a: Dragonite|85/100
|
|-heal|p1a: Dragonite|22/100 brn|[from] item: Leftovers
|-damage|p1a: Dragonite|15/100 brn|[from] brn
|upkeep
|turn|9
|
|t:|1769380722
|move|p1a: Dragonite|Extreme Speed|p2a: Dragonite
|-damage|p2a: Dragonite|34/100
|-activate|p2a: Dragonite|move: Struggle
|move|p2a: Dragonite|Struggle|p1a: Dragonite
|-damage|p1a: Dragonite|0 fnt
|faint|p1a: Dragonite
|-damage|p2a: Dragonite|9/100|[from] recoil
|
|-sideend|p1: Dodobubbles|Reflect
|upkeep
|
|t:|1769380726
|switch|p1a: Ceruledge|Ceruledge, M|100/100
|turn|10
|
|t:|1769380729
|switch|p2a: Jolteon|Jolteon, F|100/100
|move|p1a: Ceruledge|Bulk Up|p1a: Ceruledge
|-boost|p1a: Ceruledge|atk|1
|-boost|p1a: Ceruledge|def|1
|
|-status|p2a: Jolteon|brn|[from] item: Flame Orb
|upkeep
|turn|11
|
|t:|1769380736
|move|p2a: Jolteon|Discharge|p1a: Ceruledge
|-damage|p1a: Ceruledge|60/100
|-status|p1a: Ceruledge|par
|move|p1a: Ceruledge|Bitter Blade|p2a: Jolteon
|-damage|p2a: Jolteon|0 fnt
|-heal|p1a: Ceruledge|100/100 par|[from] drain|[of] p2a: Jolteon
|faint|p2a: Jolteon
|
|upkeep
|
|t:|1769380742
|switch|p2a: Blastoise|Blastoise, F|100/100
|turn|12
|
|t:|1769380747
|cant|p1a: Ceruledge|par
|move|p2a: Blastoise|Iron Defense|p2a: Blastoise
|-boost|p2a: Blastoise|def|2
|
|upkeep
|turn|13
|
|t:|1769380755
|move|p2a: Blastoise|Iron Defense|p2a: Blastoise
|-boost|p2a: Blastoise|def|2
|move|p1a: Ceruledge|Will-O-Wisp|p2a: Blastoise
|-status|p2a: Blastoise|brn
|
|-damage|p2a: Blastoise|94/100 brn|[from] brn
|upkeep
|turn|14
|
|t:|1769380762
|move|p1a: Ceruledge|Shadow Sneak|p2a: Blastoise
|-damage|p2a: Blastoise|86/100 brn
|move|p2a: Blastoise|Iron Defense|p2a: Blastoise
|-boost|p2a: Blastoise|def|2
|
|-damage|p2a: Blastoise|80/100 brn|[from] brn
|upkeep
|turn|15
|
|t:|1769380770
|switch|p2a: Ninetales|Ninetales, F|100/100
|-weather|SunnyDay|[from] ability: Drought|[of] p2a: Ninetales
|move|p1a: Ceruledge|Bitter Blade|p2a: Ninetales
|-resisted|p2a: Ninetales
|-damage|p2a: Ninetales|37/100
|
|-weather|SunnyDay|[upkeep]
|upkeep
|turn|16
|
|t:|1769380775
|move|p2a: Ninetales|Disable|p1a: Ceruledge
|-start|p1a: Ceruledge|Disable|Bitter Blade
|cant|p1a: Ceruledge|Disable|Bitter Blade
|
|-weather|SunnyDay|[upkeep]
|upkeep
|turn|17
|
|t:|1769380780
|move|p1a: Ceruledge|Shadow Sneak|p2a: Ninetales
|-damage|p2a: Ninetales|4/100
|move|p2a: Ninetales|Encore|p1a: Ceruledge
|-start|p1a: Ceruledge|Encore
|
|-weather|SunnyDay|[upkeep]
|upkeep
|turn|18
|
|t:|1769380784
|move|p2a: Ninetales|Protect|p2a: Ninetales
|-singleturn|p2a: Ninetales|Protect
|move|p1a: Ceruledge|Shadow Sneak|p2a: Ninetales
|-activate|p2a: Ninetales|move: Protect
|
|-weather|SunnyDay|[upkeep]
|upkeep
|turn|19
|
|t:|1769380786
|move|p1a: Ceruledge|Shadow Sneak|p2a: Ninetales
|-damage|p2a: Ninetales|0 fnt
|faint|p2a: Ninetales
|
|-weather|SunnyDay|[upkeep]
|-end|p1a: Ceruledge|Disable
|upkeep
|
|t:|1769380788
|switch|p2a: Venusaur|Venusaur, F|100/100
|turn|20
|
|t:|1769380791
|cant|p1a: Ceruledge|par
|move|p2a: Venusaur|Earth Power|p1a: Ceruledge
|-supereffective|p1a: Ceruledge
|-damage|p1a: Ceruledge|36/100 par
|
|-weather|SunnyDay|[upkeep]
|-end|p1a: Ceruledge|Encore
|upkeep
|turn|21
|
|t:|1769380792
|move|p2a: Venusaur|Earth Power|p1a: Ceruledge
|-supereffective|p1a: Ceruledge
|-damage|p1a: Ceruledge|0 fnt
|faint|p1a: Ceruledge
|
|-weather|SunnyDay|[upkeep]
|upkeep
|
|t:|1769380803
|switch|p1a: Great Tusk|Great Tusk|100/100
|-activate|p1a: Great Tusk|ability: Protosynthesis
|-start|p1a: Great Tusk|protosynthesisdef
|turn|22
|
|t:|1769380806
|move|p2a: Venusaur|Solar Beam||[still]
|-prepare|p2a: Venusaur|Solar Beam
|-anim|p2a: Venusaur|Solar Beam|p1a: Great Tusk
|-supereffective|p1a: Great Tusk
|-damage|p1a: Great Tusk|0 fnt
|faint|p1a: Great Tusk
|-end|p1a: Great Tusk|Protosynthesis|[silent]
|
|-weather|none
|upkeep
|
|t:|1769380809
|switch|p1a: Iron Valiant|Iron Valiant|100/100
|-enditem|p1a: Iron Valiant|Booster Energy
|-activate|p1a: Iron Valiant|ability: Quark Drive|[fromitem]
|-start|p1a: Iron Valiant|quarkdrivespe
|turn|23
|
|t:|1769380815
|move|p1a: Iron Valiant|Poison Jab|p2a: Venusaur
|-damage|p2a: Venusaur|64/100
|move|p2a: Venusaur|Earth Power|p1a: Iron Valiant
|-damage|p1a: Iron Valiant|47/100
|
|-heal|p2a: Venusaur|70/100|[from] item: Black Sludge
|upkeep
|turn|24
|
|t:|1769380821
|move|p1a: Iron Valiant|Knock Off|p2a: Venusaur
|-damage|p2a: Venusaur|27/100
|-enditem|p2a: Venusaur|Black Sludge|[from] move: Knock Off|[of] p1a: Iron Valiant
|move|p2a: Venusaur|Earth Power|p1a: Iron Valiant
|-damage|p1a: Iron Valiant|0 fnt
|faint|p1a: Iron Valiant
|-end|p1a: Iron Valiant|Quark Drive|[silent]
|
|win|Metal belico
|raw|Dodobubbles's rating: 1201 &rarr; <strong>1176</strong><br />(-25 for losing)
|raw|Metal belico's rating: 1199 &rarr; <strong>1224</strong><br />(+25 for winning)
|l|☆Metal belico
|player|p2|
|l|☆Dodobubbles
|player|p1|
