|j|☆OP Sand
|j|☆chibi tanjiro
|t:|1769407556
|gametype|singles
|player|p1|OP Sand|giovanni-masters|1642
|player|p2|chibi tanjiro|101|1549
|gen|9
|tier|[Gen 9] OU
|rated|
|rule|HP Percentage Mod: HP is shown in percentages
|rule|Endless Battle Clause: Forcing endless battles is banned
|rule|Species Clause: Limit one of each Pokémon
|rule|OHKO Clause: OHKO moves are banned
|rule|Evasion Items Clause: Evasion items are banned
|rule|Evasion Moves Clause: Evasion moves are banned
|rule|Evasion Abilities Clause: Evasion abilities are banned
|rule|Sleep Moves Clause: Sleep-inducing moves are banned
|clearpoke
|poke|p1|Excadrill, M|
|poke|p1|Tyranitar, F|
|poke|p1|Kyurem|
|poke|p1|Hawlucha, M|
|poke|p1|Pawmot, M|
|poke|p1|Skarmory, F|
|poke|p2|Zarude-Dada|
|poke|p2|Samurott-Hisui, F|
|poke|p2|Pecharunt|
|poke|p2|Landorus-Therian, M|
|poke|p2|Clefable, F|
|poke|p2|Gholdengo|
|teampreview
|inactive|Battle timer is ON: inactive players will automatically lose when time's up. (requested by OP Sand)
|
|t:|1769407566
|teamsize|p1|6
|teamsize|p2|6
|start
|switch|p1a: Frieza|Kyurem, shiny|100/100
|switch|p2a: Zarude|Zarude-Dada|100/100
|-ability|p1a: Frieza|Pressure
|turn|1
|
|t:|1769407573
|-terastallize|p2a: Zarude|Dark
|move|p2a: Zarude|Knock Off|p1a: Frieza
|-damage|p1a: Frieza|43/100
|-enditem|p1a: Frieza|Expert Belt|[from] move: Knock Off|[of] p2a: Zarude
|move|p1a: Frieza|Freeze-Dry|p2a: Zarude
|-damage|p2a: Zarude|62/100
|
|upkeep
|turn|2
|
|t:|1769407586
|switch|p2a: Clefable|Clefable, F|100/100
|move|p1a: Frieza|Freeze-Dry|p2a: Clefable
|-damage|p2a: Clefable|72/100
|
|-heal|p2a: Clefable|78/100|[from] item: Leftovers
|upkeep
|turn|3
|
|t:|1769407594
|switch|p1a: Skarmory|Skarmory, F, shiny|100/100
|move|p2a: Clefable|Stealth Rock|p1a: Skarmory
|-sidestart|p1: OP Sand|move: Stealth Rock
|
|-heal|p2a: Clefable|84/100|[from] item: Leftovers
|upkeep
|turn|4
|
|t:|1769407599
|move|p1a: Skarmory|Spikes|p2a: Clefable
|-sidestart|p2: chibi tanjiro|Spikes
|move|p2a: Clefable|Knock Off|p1a: Skarmory
|-damage|p1a: Skarmory|91/100
|-enditem|p1a: Skarmory|Rocky Helmet|[from] move: Knock Off|[of] p2a: Clefable
|
|-heal|p2a: Clefable|90/100|[from] item: Leftovers
|upkeep
|turn|5
|
|t:|1769407611
|switch|p2a: Gholdengo|Gholdengo|100/100
|-item|p2a: Gholdengo|Air Balloon
|move|p1a: Skarmory|Spikes|p2a: Gholdengo
|-sidestart|p2: chibi tanjiro|Spikes
|
|upkeep
|turn|6
|
|t:|1769407616
|move|p2a: Gholdengo|Nasty Plot|p2a: Gholdengo
|-boost|p2a: Gholdengo|spa|2
|move|p1a: Skarmory|Spikes|p2a: Gholdengo
|-sidestart|p2: chibi tanjiro|Spikes
|
|upkeep
|turn|7
|
|t:|1769407622
|switch|p1a: Shukaku|Tyranitar, F, shiny|100/100
|-damage|p1a: Shukaku|88/100|[from] Stealth Rock
|-weather|Sandstorm|[from] ability: Sand Stream|[of] p1a: Shukaku
|move|p2a: Gholdengo|Focus Blast|p1a: Shukaku
|-supereffective|p1a: Shukaku
|-damage|p1a: Shukaku|0 fnt
|faint|p1a: Shukaku
|
|-weather|Sandstorm|[upkeep]
|upkeep
|
|t:|1769407635
|switch|p1a: Frieza|Kyurem, shiny|43/100
|-damage|p1a: Frieza|18/100|[from] Stealth Rock
|-ability|p1a: Frieza|Pressure
|turn|8
|
|t:|1769407641
|switch|p2a: Clefable|Clefable, F|90/100
|move|p1a: Frieza|Shadow Ball|p2a: Clefable
|-damage|p2a: Clefable|70/100
|-unboost|p2a: Clefable|spd|1
|
|-weather|Sandstorm|[upkeep]
|-damage|p1a: Frieza|12/100|[from] Sandstorm
|-heal|p2a: Clefable|76/100|[from] item: Leftovers
|upkeep
|turn|9
|
|t:|1769407649
|move|p1a: Frieza|Endeavor|p2a: Clefable
|-damage|p2a: Clefable|12/100
|move|p2a: Clefable|Knock Off|p1a: Frieza
|-damage|p1a: Frieza|1/100
|
|-weather|Sandstorm|[upkeep]
|-damage|p1a: Frieza|0 fnt|[from] Sandstorm
|faint|p1a: Frieza
|-heal|p2a: Clefable|18/100|[from] item: Leftovers
|upkeep
|
|t:|1769407659
|switch|p1a: Itachi|Hawlucha, M, shiny|100/100
|-damage|p1a: Itachi|88/100|[from] Stealth Rock
|-ability|p1a: Itachi|Mold Breaker
|turn|10
|
|t:|1769407669
|switch|p2a: Pecharunt|Pecharunt|100/100
|-damage|p2a: Pecharunt|76/100|[from] Spikes
|move|p1a: Itachi|Brave Bird|p2a: Pecharunt
|-damage|p2a: Pecharunt|52/100
|-damage|p1a: Itachi|71/100|[from] item: Rocky Helmet|[of] p2a: Pecharunt
|-damage|p1a: Itachi|62/100|[from] Recoil
|
|-weather|Sandstorm|[upkeep]
|-damage|p1a: Itachi|56/100|[from] Sandstorm
|-damage|p2a: Pecharunt|46/100|[from] Sandstorm
|upkeep
|turn|11
|
|t:|1769407677
|move|p1a: Itachi|Swords Dance|p1a: Itachi
|-boost|p1a: Itachi|atk|2
|move|p2a: Pecharunt|Recover|p2a: Pecharunt
|-heal|p2a: Pecharunt|96/100
|
|-weather|Sandstorm|[upkeep]
|-damage|p1a: Itachi|50/100|[from] Sandstorm
|-damage|p2a: Pecharunt|90/100|[from] Sandstorm
|upkeep
|turn|12
|
|t:|1769407682
|switch|p2a: Landorus|Landorus-Therian, M|100/100
|-ability|p2a: Landorus|Intimidate|boost
|-unboost|p1a: Itachi|atk|1
|move|p1a: Itachi|Encore||[still]
|-fail|p1a: Itachi
|
|-weather|Sandstorm|[upkeep]
|-damage|p1a: Itachi|44/100|[from] Sandstorm
|upkeep
|turn|13
|
|t:|1769407691
|move|p1a: Itachi|Brave Bird|p2a: Landorus
|-damage|p2a: Landorus|33/100
|-damage|p1a: Itachi|27/100|[from] item: Rocky Helmet|[of] p2a: Landorus
|-damage|p1a: Itachi|0 fnt|[from] Recoil
|faint|p1a: Itachi
|move|p2a: Landorus|U-turn|p1: Itachi|[notarget]
|-fail|p2a: Landorus
|
|-weather|Sandstorm|[upkeep]
|upkeep
|
|t:|1769407702
|switch|p1a: OP|Excadrill, M|100/100
|-damage|p1a: OP|97/100|[from] Stealth Rock
|turn|14
|
|t:|1769407708
|move|p1a: OP|Iron Head|p2a: Landorus
|-damage|p2a: Landorus|0 fnt
|-damage|p1a: OP|81/100|[from] item: Rocky Helmet|[of] p2a: Landorus
|faint|p2a: Landorus
|
|-weather|none
|upkeep
|
|t:|1769407713
|switch|p2a: Samurott|Samurott-Hisui, F|100/100
|-damage|p2a: Samurott|76/100|[from] Spikes
|turn|15
|
|t:|1769407716
|switch|p1a: Skarmory|Skarmory, F, shiny|91/100
|-damage|p1a: Skarmory|78/100|[from] Stealth Rock
|move|p2a: Samurott|Ceaseless Edge|p1a: Skarmory
|-damage|p1a: Skarmory|40/100
|-sidestart|p1: OP Sand|Spikes
|
|upkeep
|turn|16
|
|t:|1769407730
|move|p2a: Samurott|Ceaseless Edge|p1a: Skarmory
|-damage|p1a: Skarmory|8/100
|-sidestart|p1: OP Sand|Spikes
|move|p1a: Skarmory|Roost|p1a: Skarmory
|-heal|p1a: Skarmory|58/100
|-singleturn|p1a: Skarmory|move: Roost
|
|upkeep
|turn|17
|
|t:|1769407734
|move|p2a: Samurott|Swords Dance|p2a: Samurott
|-boost|p2a: Samurott|atk|2
|move|p1a: Skarmory|Body Press|p2a: Samurott
|-supereffective|p2a: Samurott
|-damage|p2a: Samurott|0 fnt
|faint|p2a: Samurott
|
|upkeep
|
|t:|1769407740
|switch|p2a: Gholdengo|Gholdengo|100/100
|-item|p2a: Gholdengo|Air Balloon
|turn|18
|
|t:|1769407752
|switch|p1a: Porunga|Pawmot, M|100/100
|-damage|p1a: Porunga|95/100|[from] Stealth Rock
|-damage|p1a: Porunga|78/100|[from] Spikes
|move|p2a: Gholdengo|Nasty Plot|p2a: Gholdengo
|-boost|p2a: Gholdengo|spa|2
|
|upkeep
|turn|19
|
|t:|1769407755
|move|p1a: Porunga|Revival Blessing|p1a: Porunga
|-enditem|p1a: Porunga|Leppa Berry|[eat]
|-activate|p1a: Porunga|item: Leppa Berry|Revival Blessing|[consumed]
|
|t:|1769407759
|-heal|p1: Shukaku|50/100|[from] move: Revival Blessing
|move|p2a: Gholdengo|Focus Blast|p1a: Porunga
|-damage|p1a: Porunga|0 fnt
|faint|p1a: Porunga
|
|upkeep
|
|t:|1769407762
|switch|p1a: Shukaku|Tyranitar, F, shiny|50/100
|-damage|p1a: Shukaku|38/100|[from] Stealth Rock
|-damage|p1a: Shukaku|21/100|[from] Spikes
|-weather|Sandstorm|[from] ability: Sand Stream|[of] p1a: Shukaku
|turn|20
|
|t:|1769407775
|switch|p1a: Skarmory|Skarmory, F, shiny|58/100
|-damage|p1a: Skarmory|46/100|[from] Stealth Rock
|move|p2a: Gholdengo|Make It Rain|p1a: Skarmory
|-resisted|p1a: Skarmory
|-damage|p1a: Skarmory|0 fnt
|-unboost|p2a: Gholdengo|spa|1
|faint|p1a: Skarmory
|
|-weather|Sandstorm|[upkeep]
|upkeep
|
|t:|1769407779
|switch|p1a: OP|Excadrill, M|81/100
|-damage|p1a: OP|78/100|[from] Stealth Rock
|-damage|p1a: OP|61/100|[from] Spikes
|turn|21
|
|t:|1769407787
|-terastallize|p1a: OP|Fire
|move|p1a: OP|Tera Blast|p2a: Gholdengo|[anim] Tera Blast Fire
|-supereffective|p2a: Gholdengo
|-damage|p2a: Gholdengo|0 fnt
|-enditem|p2a: Gholdengo|Air Balloon
|faint|p2a: Gholdengo
|
|-weather|Sandstorm|[upkeep]
|upkeep
|
|t:|1769407798
|switch|p2a: Zarude|Zarude-Dada, tera:Dark|62/100
|-damage|p2a: Zarude|37/100|[from] Spikes
|turn|22
|
|t:|1769407803
|switch|p2a: Clefable|Clefable, F|18/100
|move|p1a: OP|Tera Blast|p2a: Clefable|[anim] Tera Blast Fire
|-damage|p2a: Clefable|0 fnt
|faint|p2a: Clefable
|
|-weather|Sandstorm|[upkeep]
|upkeep
|
|t:|1769407810
|switch|p2a: Pecharunt|Pecharunt|90/100
|-damage|p2a: Pecharunt|66/100|[from] Spikes
|turn|23
|
|t:|1769407819
|switch|p1a: Shukaku|Tyranitar, F, shiny|21/100
|-damage|p1a: Shukaku|9/100|[from] Stealth Rock
|-damage|p1a: Shukaku|0 fnt|[from] Spikes
|faint|p1a: Shukaku
|move|p2a: Pecharunt|Malignant Chain|p1: Shukaku|[notarget]
|-fail|p2a: Pecharunt
|
|-weather|Sandstorm|[upkeep]
|-damage|p2a: Pecharunt|59/100|[from] Sandstorm
|upkeep
|
|t:|1769407821
|switch|p1a: OP|Excadrill, M, tera:Fire|61/100
|-damage|p1a: OP|36/100|[from] Stealth Rock
|-damage|p1a: OP|20/100|[from] Spikes
|turn|24
|
|t:|1769407823
|move|p1a: OP|Earthquake|p2a: Pecharunt
|-supereffective|p2a: Pecharunt
|-damage|p2a: Pecharunt|0 fnt
|faint|p2a: Pecharunt
|
|-weather|Sandstorm|[upkeep]
|upkeep
|
|t:|1769407824
|switch|p2a: Zarude|Zarude-Dada, tera:Dark|37/100
|-damage|p2a: Zarude|12/100|[from] Spikes
|turn|25
|
|t:|1769407827
|move|p1a: OP|Earthquake|p2a: Zarude
|-damage|p2a: Zarude|0 fnt
|faint|p2a: Zarude
|
|win|OP Sand
|raw|OP Sand's rating: 1642 &rarr; <strong>1657</strong><br />(+15 for winning)
|raw|chibi tanjiro's rating: 1549 &rarr; <strong>1534</strong><br />(-15 for losing)
|l|☆chibi tanjiro
|player|p2|
|l|☆OP Sand
|player|p1|
