|j|‽jonjonbap
|j|☆Laviii
|t:|1769400055
|gametype|singles
|player|p1|jonjonbap|2|1083
|player|p2|Laviii|bellelba|1000
|gen|9
|tier|[Gen 9] OU
|rated|
|rule|HP Percentage Mod: HP is shown in percentages
|rule|Endless Battle Clause: Forcing endless battles is banned
|rule|Species Clause: Limit one of each Pokémon
|rule|OHKO Clause: OHKO moves are banned
|rule|Evasion Items Clause: Evasion items are banned
|rule|Evasion Moves Clause: Evasion moves are banned
|rule|Evasion Abilities Clause: Evasion abilities are banned
|rule|Sleep Moves Clause: Sleep-inducing moves are banned
|clearpoke
|poke|p1|Landorus-Therian, M|
|poke|p1|Skeledirge, M|
|poke|p1|Skarmory, M|
|poke|p1|Hydrapple, M|
|poke|p1|Samurott-Hisui, M|
|poke|p1|Fezandipiti, M|
|poke|p2|Iron Crown|
|poke|p2|Samurott-Hisui, M|
|poke|p2|Zapdos|
|poke|p2|Dragapult, F|
|poke|p2|Great Tusk|
|poke|p2|Iron Boulder|
|teampreview
|inactive|Battle timer is ON: inactive players will automatically lose when time's up. (requested by Laviii)
|
|t:|1769400078
|teamsize|p1|6
|teamsize|p2|6
|start
|switch|p1a: Skarmory|Skarmory, M, shiny|100/100
|switch|p2a: Pump It|Great Tusk|100/100
|turn|1
|
|t:|1769400085
|switch|p1a: Landorus|Landorus-Therian, M, shiny|100/100
|-ability|p1a: Landorus|Intimidate|boost
|-unboost|p2a: Pump It|atk|1
|move|p2a: Pump It|Stealth Rock|p1a: Landorus
|-sidestart|p1: jonjonbap|move: Stealth Rock
|
|upkeep
|turn|2
|
|t:|1769400091
|move|p1a: Landorus|Grass Knot|p2a: Pump It
|-supereffective|p2a: Pump It
|-damage|p2a: Pump It|10/100
|move|p2a: Pump It|Ice Spinner|p1a: Landorus
|-supereffective|p1a: Landorus
|-damage|p1a: Landorus|18/100
|
|upkeep
|turn|3
|
|t:|1769400104
|move|p1a: Landorus|Grass Knot|p2a: Pump It
|-supereffective|p2a: Pump It
|-damage|p2a: Pump It|0 fnt
|faint|p2a: Pump It
|-end|p2a: Pump It|Protosynthesis|[silent]
|
|upkeep
|
|t:|1769400108
|switch|p2a: Everytime We Touch|Samurott-Hisui, M|100/100
|turn|4
|
|t:|1769400127
|switch|p1a: Skarmory|Skarmory, M, shiny|100/100
|-damage|p1a: Skarmory|88/100|[from] Stealth Rock
|move|p2a: Everytime We Touch|Ceaseless Edge|p1a: Skarmory
|-damage|p1a: Skarmory|62/100
|-damage|p2a: Everytime We Touch|84/100|[from] item: Rocky Helmet|[of] p1a: Skarmory
|-sidestart|p1: jonjonbap|Spikes
|
|upkeep
|turn|5
|
|t:|1769400151
|switch|p2a: Hurikan|Zapdos|100/100
|move|p1a: Skarmory|Stealth Rock|p2a: Hurikan
|-sidestart|p2: Laviii|move: Stealth Rock
|
|upkeep
|turn|6
|inactive|jonjonbap has 120 seconds left.
|
|t:|1769400183
|switch|p1a: Skeledirge|Skeledirge, M, shiny|100/100
|move|p2a: Hurikan|Discharge|p1a: Skeledirge
|-damage|p1a: Skeledirge|75/100
|-status|p1a: Skeledirge|par
|
|upkeep
|turn|7
|
|t:|1769400192
|switch|p2a: Everytime We Touch|Samurott-Hisui, M|84/100
|-damage|p2a: Everytime We Touch|72/100|[from] Stealth Rock
|move|p1a: Skeledirge|Torch Song|p2a: Everytime We Touch
|-resisted|p2a: Everytime We Touch
|-damage|p2a: Everytime We Touch|48/100
|-boost|p1a: Skeledirge|spa|1
|
|upkeep
|turn|8
|inactive|jonjonbap has 120 seconds left.
|
|t:|1769400211
|switch|p1a: Skarmory|Skarmory, M, shiny|62/100
|-damage|p1a: Skarmory|50/100|[from] Stealth Rock
|move|p2a: Everytime We Touch|Razor Shell|p1a: Skarmory
|-damage|p1a: Skarmory|20/100
|-damage|p2a: Everytime We Touch|31/100|[from] item: Rocky Helmet|[of] p1a: Skarmory
|
|upkeep
|turn|9
|inactive|jonjonbap has 120 seconds left.
|
|t:|1769400227
|switch|p1a: Hydrapple|Hydrapple, M, shiny|100/100
|move|p2a: Everytime We Touch|Razor Shell|p1a: Hydrapple
|-resisted|p1a: Hydrapple
|-crit|p1a: Hydrapple
|-damage|p1a: Hydrapple|87/100
|
|upkeep
|turn|10
|
|t:|1769400236
|switch|p2a: Hurikan|Zapdos|100/100
|move|p1a: Hydrapple|Giga Drain|p2a: Hurikan
|-resisted|p2a: Hurikan
|-damage|p2a: Hurikan|82/100
|-heal|p1a: Hydrapple|96/100|[from] drain|[of] p2a: Hurikan
|
|upkeep
|turn|11
|
|t:|1769400241
|move|p2a: Hurikan|Hurricane|p1a: Hydrapple
|-supereffective|p1a: Hydrapple
|-damage|p1a: Hydrapple|12/100
|move|p1a: Hydrapple|Fickle Beam|p2a: Hurikan
|-damage|p2a: Hurikan|39/100
|
|upkeep
|turn|12
|inactive|jonjonbap has 120 seconds left.
|
|t:|1769400265
|switch|p1a: Skeledirge|Skeledirge, M, shiny|75/100 par
|move|p2a: Hurikan|Hurricane|p1a: Skeledirge
|-damage|p1a: Skeledirge|37/100 par
|
|upkeep
|turn|13
|
|t:|1769400279
|move|p2a: Hurikan|Discharge|p1a: Skeledirge
|-damage|p1a: Skeledirge|8/100 par
|move|p1a: Skeledirge|Torch Song|p2a: Hurikan
|-damage|p2a: Hurikan|8/100
|-boost|p1a: Skeledirge|spa|1
|
|upkeep
|turn|14
|
|t:|1769400294
|switch|p1a: Fezandipiti|Fezandipiti, M|100/100
|move|p2a: Hurikan|Discharge|p1a: Fezandipiti
|-damage|p1a: Fezandipiti|80/100
|
|upkeep
|turn|15
|
|t:|1769400301
|move|p1a: Fezandipiti|Calm Mind|p1a: Fezandipiti
|-boost|p1a: Fezandipiti|spa|1
|-boost|p1a: Fezandipiti|spd|1
|move|p2a: Hurikan|Hurricane|p1a: Fezandipiti
|-damage|p1a: Fezandipiti|64/100
|
|upkeep
|turn|16
|
|t:|1769400308
|move|p1a: Fezandipiti|Sludge Bomb|p2a: Hurikan
|-damage|p2a: Hurikan|0 fnt
|faint|p2a: Hurikan
|
|upkeep
|
|t:|1769400312
|switch|p2a: Mindreader|Iron Crown|100/100
|-damage|p2a: Mindreader|94/100|[from] Stealth Rock
|turn|17
|
|t:|1769400336
|switch|p1a: Skarmory|Skarmory, M, shiny|20/100
|-damage|p1a: Skarmory|7/100|[from] Stealth Rock
|move|p2a: Mindreader|Tachyon Cutter|p1a: Skarmory
|-resisted|p1a: Skarmory
|-damage|p1a: Skarmory|0 fnt
|faint|p1a: Skarmory
|-hitcount|p1: Skarmory|1
|
|upkeep
|
|t:|1769400341
|switch|p1a: Samurott|Samurott-Hisui, M, shiny|100/100
|turn|18
|
|t:|1769400357
|-end|p2a: Mindreader|Quark Drive|[silent]
|switch|p2a: Everytime We Touch|Samurott-Hisui, M|31/100
|-damage|p2a: Everytime We Touch|19/100|[from] Stealth Rock
|move|p1a: Samurott|Ceaseless Edge|p2a: Everytime We Touch
|-resisted|p2a: Everytime We Touch
|-damage|p2a: Everytime We Touch|0 fnt
|-sidestart|p2: Laviii|Spikes
|faint|p2a: Everytime We Touch
|
|upkeep
|
|t:|1769400367
|switch|p2a: Revery|Iron Boulder|100/100
|-damage|p2a: Revery|88/100|[from] Stealth Rock
|-damage|p2a: Revery|76/100|[from] Spikes
|-enditem|p2a: Revery|Booster Energy
|-activate|p2a: Revery|ability: Quark Drive|[fromitem]
|-start|p2a: Revery|quarkdrivespe
|turn|19
|
|t:|1769400375
|move|p2a: Revery|Close Combat|p1a: Samurott
|-supereffective|p1a: Samurott
|-damage|p1a: Samurott|0 fnt
|-unboost|p2a: Revery|def|1
|-unboost|p2a: Revery|spd|1
|faint|p1a: Samurott
|
|upkeep
|
|t:|1769400384
|switch|p1a: Fezandipiti|Fezandipiti, M|64/100
|turn|20
|
|t:|1769400390
|move|p2a: Revery|Zen Headbutt|p1a: Fezandipiti
|-supereffective|p1a: Fezandipiti
|-damage|p1a: Fezandipiti|0 fnt
|faint|p1a: Fezandipiti
|
|upkeep
|
|t:|1769400397
|switch|p1a: Landorus|Landorus-Therian, M, shiny|18/100
|-damage|p1a: Landorus|6/100|[from] Stealth Rock
|-ability|p1a: Landorus|Intimidate|boost
|-unboost|p2a: Revery|atk|1
|turn|21
|
|t:|1769400400
|move|p2a: Revery|Mighty Cleave|p1a: Landorus
|-damage|p1a: Landorus|0 fnt
|faint|p1a: Landorus
|
|upkeep
|
|t:|1769400406
|switch|p1a: Hydrapple|Hydrapple, M, shiny|45/100
|turn|22
|
|t:|1769400412
|move|p2a: Revery|Mighty Cleave|p1a: Hydrapple
|-damage|p1a: Hydrapple|23/100
|move|p1a: Hydrapple|Giga Drain|p2a: Revery
|-supereffective|p2a: Revery
|-damage|p2a: Revery|0 fnt
|-heal|p1a: Hydrapple|52/100|[from] drain|[of] p2a: Revery
|faint|p2a: Revery
|-end|p2a: Revery|Quark Drive|[silent]
|
|upkeep
|
|t:|1769400415
|switch|p2a: Mindreader|Iron Crown|94/100
|-damage|p2a: Mindreader|88/100|[from] Stealth Rock
|-damage|p2a: Mindreader|76/100|[from] Spikes
|turn|23
|
|t:|1769400430
|move|p2a: Mindreader|Tachyon Cutter|p1a: Hydrapple
|-damage|p1a: Hydrapple|14/100
|-damage|p1a: Hydrapple|0 fnt
|faint|p1a: Hydrapple
|-hitcount|p1: Hydrapple|2
|
|upkeep
|inactive|jonjonbap has 120 seconds left.
|inactive|jonjonbap has 90 seconds left.
|
|t:|1769400482
|switch|p1a: Skeledirge|Skeledirge, M, shiny|8/100 par
|turn|24
|
|t:|1769400487
|move|p2a: Mindreader|Tachyon Cutter|p1a: Skeledirge
|-resisted|p1a: Skeledirge
|-damage|p1a: Skeledirge|0 fnt
|faint|p1a: Skeledirge
|-hitcount|p1: Skeledirge|1
|
|win|Laviii
|raw|jonjonbap's rating: 1083 &rarr; <strong>1055</strong><br />(-28 for losing)
|raw|Laviii's rating: 1000 &rarr; <strong>1049</strong><br />(+49 for winning)
