|j|☆abhii.g
|j|☆jyvon12811
|t:|1769296468
|gametype|singles
|player|p1|abhii.g|bruno|1552
|player|p2|jyvon12811|2|1554
|gen|9
|tier|[Gen 9] OU
|rated|
|rule|HP Percentage Mod: HP is shown in percentages
|rule|Endless Battle Clause: Forcing endless battles is banned
|rule|Species Clause: Limit one of each Pokémon
|rule|OHKO Clause: OHKO moves are banned
|rule|Evasion Items Clause: Evasion items are banned
|rule|Evasion Moves Clause: Evasion moves are banned
|rule|Evasion Abilities Clause: Evasion abilities are banned
|rule|Sleep Moves Clause: Sleep-inducing moves are banned
|clearpoke
|poke|p1|Darkrai|
|poke|p1|Great Tusk|
|poke|p1|Ting-Lu|
|poke|p1|Pecharunt|
|poke|p1|Iron Valiant|
|poke|p1|Arcanine-Hisui, F|
|poke|p2|Rillaboom, M|
|poke|p2|Landorus-Therian, M|
|poke|p2|Primarina, F|
|poke|p2|Darkrai|
|poke|p2|Gholdengo|
|poke|p2|Zamazenta-*|
|teampreview
|inactive|Battle timer is ON: inactive players will automatically lose when time's up. (requested by jyvon12811)
|
|t:|1769296485
|teamsize|p1|6
|teamsize|p2|6
|start
|switch|p1a: Iron Valiant|Iron Valiant|100/100
|switch|p2a: Landorus|Landorus-Therian, M|100/100
|-ability|p2a: Landorus|Intimidate|boost
|-unboost|p1a: Iron Valiant|atk|1
|turn|1
|
|t:|1769296493
|move|p1a: Iron Valiant|Moonblast|p2a: Landorus
|-damage|p2a: Landorus|25/100
|-unboost|p2a: Landorus|spa|1
|move|p2a: Landorus|Stealth Rock|p1a: Iron Valiant
|-sidestart|p1: abhii.g|move: Stealth Rock
|
|upkeep
|turn|2
|
|t:|1769296508
|switch|p2a: Primarina|Primarina, F|100/100
|move|p1a: Iron Valiant|Moonblast|p2a: Primarina
|-damage|p2a: Primarina|54/100
|-unboost|p2a: Primarina|spa|1
|
|upkeep
|turn|3
|
|t:|1769296534
|-terastallize|p1a: Iron Valiant|Fairy
|move|p1a: Iron Valiant|Moonblast|p2a: Primarina
|-damage|p2a: Primarina|0 fnt
|faint|p2a: Primarina
|
|upkeep
|
|t:|1769296547
|switch|p2a: Gholdengo|Gholdengo|100/100
|turn|4
|
|t:|1769296551
|-end|p1a: Iron Valiant|Quark Drive|[silent]
|switch|p1a: Ting-Lu|Ting-Lu|100/100
|-damage|p1a: Ting-Lu|94/100|[from] Stealth Rock
|-ability|p1a: Ting-Lu|Vessel of Ruin
|move|p2a: Gholdengo|Make It Rain|p1a: Ting-Lu
|-damage|p1a: Ting-Lu|72/100
|-unboost|p2a: Gholdengo|spa|1
|
|-heal|p1a: Ting-Lu|79/100|[from] item: Leftovers
|upkeep
|turn|5
|
|t:|1769296561
|switch|p2a: Rillaboom|Rillaboom, M|100/100
|-fieldstart|move: Grassy Terrain|[from] ability: Grassy Surge|[of] p2a: Rillaboom
|move|p1a: Ting-Lu|Spikes|p2a: Rillaboom
|-sidestart|p2: jyvon12811|Spikes
|
|-heal|p1a: Ting-Lu|85/100|[from] Grassy Terrain
|-heal|p1a: Ting-Lu|91/100|[from] item: Leftovers
|upkeep
|turn|6
|
|t:|1769296566
|switch|p1a: Arcanine|Arcanine-Hisui, F|100/100
|move|p2a: Rillaboom|Knock Off|p1a: Arcanine
|-crit|p1a: Arcanine
|-damage|p1a: Arcanine|40/100
|-enditem|p1a: Arcanine|Heavy-Duty Boots|[from] move: Knock Off|[of] p2a: Rillaboom
|
|-heal|p1a: Arcanine|46/100|[from] Grassy Terrain
|upkeep
|turn|7
|
|t:|1769296576
|switch|p1a: Pecharunt|Pecharunt|100/100
|switch|p2a: Landorus|Landorus-Therian, M|25/100
|-ability|p2a: Landorus|Intimidate|boost
|-unboost|p1a: Pecharunt|atk|1
|
|upkeep
|turn|8
|
|t:|1769296583
|switch|p1a: Great Tusk|Great Tusk|100/100
|move|p2a: Landorus|Earth Power|p1a: Great Tusk
|-damage|p1a: Great Tusk|51/100
|
|-heal|p1a: Great Tusk|57/100|[from] Grassy Terrain
|upkeep
|turn|9
|
|t:|1769296592
|switch|p2a: Gholdengo|Gholdengo|100/100
|-damage|p2a: Gholdengo|88/100|[from] Spikes
|-enditem|p2a: Gholdengo|Grassy Seed
|-boost|p2a: Gholdengo|def|1|[from] item: Grassy Seed
|move|p1a: Great Tusk|Rapid Spin|p2a: Gholdengo
|-immune|p2a: Gholdengo
|
|-heal|p1a: Great Tusk|64/100|[from] Grassy Terrain
|-heal|p2a: Gholdengo|94/100|[from] Grassy Terrain
|-fieldend|move: Grassy Terrain
|upkeep
|turn|10
|
|t:|1769296605
|-end|p1a: Great Tusk|Protosynthesis|[silent]
|switch|p1a: Ting-Lu|Ting-Lu|91/100
|-damage|p1a: Ting-Lu|85/100|[from] Stealth Rock
|-ability|p1a: Ting-Lu|Vessel of Ruin
|move|p2a: Gholdengo|Nasty Plot|p2a: Gholdengo
|-boost|p2a: Gholdengo|spa|2
|
|-heal|p1a: Ting-Lu|91/100|[from] item: Leftovers
|upkeep
|turn|11
|
|t:|1769296612
|move|p2a: Gholdengo|Make It Rain|p1a: Ting-Lu
|-damage|p1a: Ting-Lu|51/100
|-unboost|p2a: Gholdengo|spa|1
|move|p1a: Ting-Lu|Ruination|p2a: Gholdengo
|-damage|p2a: Gholdengo|47/100
|
|-heal|p1a: Ting-Lu|57/100|[from] item: Leftovers
|upkeep
|turn|12
|
|t:|1769296632
|move|p2a: Gholdengo|Make It Rain|p1a: Ting-Lu
|-damage|p1a: Ting-Lu|25/100
|-unboost|p2a: Gholdengo|spa|1
|move|p1a: Ting-Lu|Earthquake|p2a: Gholdengo
|-supereffective|p2a: Gholdengo
|-damage|p2a: Gholdengo|10/100
|
|-heal|p1a: Ting-Lu|31/100|[from] item: Leftovers
|upkeep
|turn|13
|
|t:|1769296641
|move|p2a: Gholdengo|Recover|p2a: Gholdengo
|-heal|p2a: Gholdengo|60/100
|move|p1a: Ting-Lu|Spikes|p2a: Gholdengo
|-sidestart|p2: jyvon12811|Spikes
|
|-heal|p1a: Ting-Lu|37/100|[from] item: Leftovers
|upkeep
|turn|14
|
|t:|1769296647
|move|p2a: Gholdengo|Nasty Plot|p2a: Gholdengo
|-boost|p2a: Gholdengo|spa|2
|move|p1a: Ting-Lu|Earthquake|p2a: Gholdengo
|-supereffective|p2a: Gholdengo
|-damage|p2a: Gholdengo|25/100
|
|-heal|p1a: Ting-Lu|43/100|[from] item: Leftovers
|upkeep
|turn|15
|
|t:|1769296652
|move|p2a: Gholdengo|Make It Rain|p1a: Ting-Lu
|-damage|p1a: Ting-Lu|0 fnt
|-unboost|p2a: Gholdengo|spa|1
|faint|p1a: Ting-Lu
|
|upkeep
|
|t:|1769296656
|switch|p1a: Darkrai|Darkrai|100/100
|-damage|p1a: Darkrai|88/100|[from] Stealth Rock
|turn|16
|
|t:|1769296666
|move|p1a: Darkrai|Dark Pulse|p2a: Gholdengo
|-supereffective|p2a: Gholdengo
|-damage|p2a: Gholdengo|0 fnt
|faint|p2a: Gholdengo
|
|upkeep
|
|t:|1769296674
|switch|p2a: Zamazenta|Zamazenta|100/100
|-damage|p2a: Zamazenta|84/100|[from] Spikes
|-ability|p2a: Zamazenta|Dauntless Shield|boost
|-boost|p2a: Zamazenta|def|1
|turn|17
|
|t:|1769296679
|switch|p1a: Pecharunt|Pecharunt|100/100
|move|p2a: Zamazenta|Crunch|p1a: Pecharunt
|-supereffective|p1a: Pecharunt
|-damage|p1a: Pecharunt|68/100
|-damage|p2a: Zamazenta|74/100|[from] item: Life Orb
|
|upkeep
|turn|18
|
|t:|1769296685
|switch|p2a: Landorus|Landorus-Therian, M|25/100
|-ability|p2a: Landorus|Intimidate|boost
|-unboost|p1a: Pecharunt|atk|1
|move|p1a: Pecharunt|Toxic|p2a: Landorus
|-status|p2a: Landorus|tox
|-start|p2a: Landorus|confusion|[from] ability: Poison Puppeteer|[of] p1a: Pecharunt
|
|-damage|p2a: Landorus|19/100 tox|[from] psn
|upkeep
|turn|19
|
|t:|1769296695
|switch|p1a: Great Tusk|Great Tusk|64/100
|-activate|p2a: Landorus|confusion
|move|p2a: Landorus|Earth Power|p1a: Great Tusk
|-damage|p1a: Great Tusk|18/100
|
|-damage|p2a: Landorus|7/100 tox|[from] psn
|upkeep
|turn|20
|
|t:|1769296703
|-activate|p2a: Landorus|confusion
|move|p2a: Landorus|Earth Power|p1a: Great Tusk
|-damage|p1a: Great Tusk|0 fnt
|faint|p1a: Great Tusk
|-end|p1a: Great Tusk|Protosynthesis|[silent]
|
|-damage|p2a: Landorus|0 fnt|[from] psn
|faint|p2a: Landorus
|upkeep
|
|t:|1769296720
|switch|p2a: Darkrai|Darkrai|100/100
|switch|p1a: Iron Valiant|Iron Valiant, tera:Fairy|100/100
|-damage|p2a: Darkrai|84/100|[from] Spikes
|-damage|p1a: Iron Valiant|88/100|[from] Stealth Rock
|turn|21
|
|t:|1769296733
|-end|p1a: Iron Valiant|Quark Drive|[silent]
|switch|p1a: Arcanine|Arcanine-Hisui, F|46/100
|-damage|p1a: Arcanine|21/100|[from] Stealth Rock
|-terastallize|p2a: Darkrai|Poison
|move|p2a: Darkrai|Sludge Bomb|p1a: Arcanine
|-resisted|p1a: Arcanine
|-crit|p1a: Arcanine
|-damage|p1a: Arcanine|0 fnt
|faint|p1a: Arcanine
|
|-heal|p2a: Darkrai|90/100|[from] item: Leftovers
|upkeep
|
|t:|1769296740
|switch|p1a: Darkrai|Darkrai|88/100
|-damage|p1a: Darkrai|76/100|[from] Stealth Rock
|turn|22
|
|t:|1769296750
|move|p1a: Darkrai|Knock Off|p2a: Darkrai
|-damage|p2a: Darkrai|37/100
|-enditem|p2a: Darkrai|Leftovers|[from] move: Knock Off|[of] p1a: Darkrai
|move|p2a: Darkrai|Sludge Bomb|p1a: Darkrai
|-damage|p1a: Darkrai|6/100
|
|upkeep
|turn|23
|
|t:|1769296756
|switch|p2a: Rillaboom|Rillaboom, M|100/100
|-fieldstart|move: Grassy Terrain|[from] ability: Grassy Surge|[of] p2a: Rillaboom
|move|p1a: Darkrai|Dark Pulse|p2a: Rillaboom
|-damage|p2a: Rillaboom|40/100
|
|-heal|p1a: Darkrai|12/100|[from] Grassy Terrain
|-heal|p2a: Rillaboom|46/100|[from] Grassy Terrain
|upkeep
|turn|24
|
|t:|1769296772
|switch|p1a: Pecharunt|Pecharunt|68/100
|move|p2a: Rillaboom|Knock Off|p1a: Pecharunt
|-supereffective|p1a: Pecharunt
|-damage|p1a: Pecharunt|35/100
|-enditem|p1a: Pecharunt|Heavy-Duty Boots|[from] move: Knock Off|[of] p2a: Rillaboom
|
|-heal|p2a: Rillaboom|52/100|[from] Grassy Terrain
|-heal|p1a: Pecharunt|41/100|[from] Grassy Terrain
|upkeep
|turn|25
|
|t:|1769296779
|move|p2a: Rillaboom|Knock Off|p1a: Pecharunt
|-supereffective|p1a: Pecharunt
|-damage|p1a: Pecharunt|18/100
|move|p1a: Pecharunt|Recover|p1a: Pecharunt
|-heal|p1a: Pecharunt|68/100
|
|-heal|p2a: Rillaboom|58/100|[from] Grassy Terrain
|-heal|p1a: Pecharunt|74/100|[from] Grassy Terrain
|upkeep
|turn|26
|
|t:|1769296787
|switch|p2a: Zamazenta|Zamazenta|74/100
|-damage|p2a: Zamazenta|57/100|[from] Spikes
|move|p1a: Pecharunt|Parting Shot|p2a: Zamazenta
|-unboost|p2a: Zamazenta|atk|1
|-unboost|p2a: Zamazenta|spa|1
|
|t:|1769296791
|switch|p1a: Iron Valiant|Iron Valiant, tera:Fairy|88/100|[from] Parting Shot
|-damage|p1a: Iron Valiant|76/100|[from] Stealth Rock
|
|-heal|p2a: Zamazenta|64/100|[from] Grassy Terrain
|-heal|p1a: Iron Valiant|82/100|[from] Grassy Terrain
|upkeep
|turn|27
|
|t:|1769296794
|-end|p1a: Iron Valiant|Quark Drive|[silent]
|switch|p1a: Pecharunt|Pecharunt|74/100
|-damage|p1a: Pecharunt|62/100|[from] Stealth Rock
|move|p2a: Zamazenta|Heavy Slam|p1a: Pecharunt
|-damage|p1a: Pecharunt|43/100
|-damage|p2a: Zamazenta|54/100|[from] item: Life Orb
|
|-heal|p2a: Zamazenta|60/100|[from] Grassy Terrain
|-heal|p1a: Pecharunt|49/100|[from] Grassy Terrain
|-fieldend|move: Grassy Terrain
|upkeep
|turn|28
|
|t:|1769296800
|switch|p2a: Darkrai|Darkrai, tera:Poison|37/100
|-damage|p2a: Darkrai|20/100|[from] Spikes
|move|p1a: Pecharunt|Recover|p1a: Pecharunt
|-heal|p1a: Pecharunt|99/100
|
|upkeep
|turn|29
|
|t:|1769296804
|switch|p1a: Darkrai|Darkrai|12/100
|-damage|p1a: Darkrai|0 fnt|[from] Stealth Rock
|faint|p1a: Darkrai
|move|p2a: Darkrai|Dark Pulse|p1: Darkrai|[notarget]
|-fail|p2a: Darkrai
|
|upkeep
|
|t:|1769296812
|switch|p1a: Iron Valiant|Iron Valiant, tera:Fairy|82/100
|-damage|p1a: Iron Valiant|69/100|[from] Stealth Rock
|turn|30
|
|t:|1769296817
|move|p1a: Iron Valiant|Vacuum Wave|p2a: Darkrai
|-resisted|p2a: Darkrai
|-damage|p2a: Darkrai|0 fnt
|faint|p2a: Darkrai
|
|upkeep
|
|t:|1769296826
|switch|p2a: Zamazenta|Zamazenta|60/100
|-damage|p2a: Zamazenta|43/100|[from] Spikes
|turn|31
|
|t:|1769296832
|-end|p1a: Iron Valiant|Quark Drive|[silent]
|switch|p1a: Pecharunt|Pecharunt|99/100
|-damage|p1a: Pecharunt|87/100|[from] Stealth Rock
|move|p2a: Zamazenta|Heavy Slam|p1a: Pecharunt
|-damage|p1a: Pecharunt|60/100
|-damage|p2a: Zamazenta|33/100|[from] item: Life Orb
|
|upkeep
|turn|32
|
|t:|1769296839
|move|p2a: Zamazenta|Crunch|p1a: Pecharunt
|-supereffective|p1a: Pecharunt
|-damage|p1a: Pecharunt|24/100
|-damage|p2a: Zamazenta|24/100|[from] item: Life Orb
|move|p1a: Pecharunt|Toxic|p2a: Zamazenta
|-status|p2a: Zamazenta|tox
|-start|p2a: Zamazenta|confusion|[from] ability: Poison Puppeteer|[of] p1a: Pecharunt
|
|-damage|p2a: Zamazenta|17/100 tox|[from] psn
|upkeep
|turn|33
|
|t:|1769296845
|-activate|p2a: Zamazenta|confusion
|move|p2a: Zamazenta|Crunch|p1a: Pecharunt
|-supereffective|p1a: Pecharunt
|-damage|p1a: Pecharunt|0 fnt
|faint|p1a: Pecharunt
|-damage|p2a: Zamazenta|8/100 tox|[from] item: Life Orb
|
|-damage|p2a: Zamazenta|0 fnt|[from] psn
|faint|p2a: Zamazenta
|upkeep
|
|t:|1769296851
|switch|p2a: Rillaboom|Rillaboom, M|58/100
|switch|p1a: Iron Valiant|Iron Valiant, tera:Fairy|69/100
|-damage|p1a: Iron Valiant|57/100|[from] Stealth Rock
|-fieldstart|move: Grassy Terrain|[from] ability: Grassy Surge|[of] p2a: Rillaboom
|turn|34
|c|☆abhii.g|fuck did i sell
|
|t:|1769296864
|move|p2a: Rillaboom|Grassy Glide|p1a: Iron Valiant
|-damage|p1a: Iron Valiant|2/100
|move|p1a: Iron Valiant|Moonblast|p2a: Rillaboom
|-damage|p2a: Rillaboom|0 fnt
|faint|p2a: Rillaboom
|
|win|abhii.g
|raw|abhii.g's rating: 1552 &rarr; <strong>1572</strong><br />(+20 for winning)
|raw|jyvon12811's rating: 1554 &rarr; <strong>1534</strong><br />(-20 for losing)
|l|☆jyvon12811
|player|p2|
|c|☆abhii.g|gg
