|j|☆cdubs00
|j|☆nyctrash
|t:|1769440180
|gametype|singles
|player|p1|cdubs00|170|1336
|player|p2|nyctrash|lance|1376
|gen|9
|tier|[Gen 9] OU
|rated|
|rule|HP Percentage Mod: HP is shown in percentages
|rule|Endless Battle Clause: Forcing endless battles is banned
|rule|Species Clause: Limit one of each Pokémon
|rule|OHKO Clause: OHKO moves are banned
|rule|Evasion Items Clause: Evasion items are banned
|rule|Evasion Moves Clause: Evasion moves are banned
|rule|Evasion Abilities Clause: Evasion abilities are banned
|rule|Sleep Moves Clause: Sleep-inducing moves are banned
|clearpoke
|poke|p1|Landorus-Therian, M|
|poke|p1|Magnezone|
|poke|p1|Alomomola, M|
|poke|p1|Great Tusk|
|poke|p1|Kyurem|
|poke|p1|Kingambit, F|
|poke|p2|Torterra, M|
|poke|p2|Samurott-Hisui, F|
|poke|p2|Skeledirge, M|
|poke|p2|Chesnaught, F|
|poke|p2|Greninja-*, M|
|poke|p2|Blaziken, F|
|teampreview
|inactive|Battle timer is ON: inactive players will automatically lose when time's up. (requested by nyctrash)
|
|t:|1769440192
|teamsize|p1|6
|teamsize|p2|6
|start
|switch|p1a: Landorus|Landorus-Therian, M|100/100
|switch|p2a: Samurott|Samurott-Hisui, F|100/100
|-ability|p1a: Landorus|Intimidate|boost
|-unboost|p2a: Samurott|atk|1
|turn|1
|inactive|cdubs00 has 120 seconds left.
|
|t:|1769440226
|move|p1a: Landorus|U-turn|p2a: Samurott
|-supereffective|p2a: Samurott
|-enditem|p2a: Samurott|Focus Sash
|-damage|p2a: Samurott|1/100
|inactive|cdubs00 has 120 seconds left.
|
|t:|1769440239
|switch|p1a: Great Tusk|Great Tusk|100/100|[from] U-turn
|move|p2a: Samurott|Ceaseless Edge|p1a: Great Tusk
|-resisted|p1a: Great Tusk
|-damage|p1a: Great Tusk|89/100
|-sidestart|p1: cdubs00|Spikes
|
|upkeep
|turn|2
|inactive|cdubs00 has 120 seconds left.
|
|t:|1769440262
|switch|p2a: Skeledirge|Skeledirge, M|100/100
|move|p1a: Great Tusk|Rapid Spin|p2a: Skeledirge
|-immune|p2a: Skeledirge
|
|upkeep
|turn|3
|
|t:|1769440268
|-end|p1a: Great Tusk|Protosynthesis|[silent]
|switch|p1a: Alomomola|Alomomola, M|100/100
|-damage|p1a: Alomomola|88/100|[from] Spikes
|switch|p2a: Chesnaught|Chesnaught, F|100/100
|
|upkeep
|turn|4
|
|t:|1769440277
|switch|p1a: Landorus|Landorus-Therian, M|100/100
|-ability|p1a: Landorus|Intimidate|boost
|-unboost|p2a: Chesnaught|atk|1
|-terastallize|p2a: Chesnaught|Steel
|move|p2a: Chesnaught|Leech Seed|p1a: Landorus
|-start|p1a: Landorus|move: Leech Seed
|
|-damage|p1a: Landorus|88/100|[from] Leech Seed|[of] p2a: Chesnaught
|upkeep
|turn|5
|
|t:|1769440290
|move|p2a: Chesnaught|Spiky Shield|p2a: Chesnaught
|-singleturn|p2a: Chesnaught|move: Protect
|move|p1a: Landorus|Earthquake|p2a: Chesnaught
|-activate|p2a: Chesnaught|move: Protect
|
|-damage|p1a: Landorus|76/100|[from] Leech Seed|[of] p2a: Chesnaught
|upkeep
|turn|6
|
|t:|1769440297
|move|p1a: Landorus|Earthquake|p2a: Chesnaught
|-supereffective|p2a: Chesnaught
|-damage|p2a: Chesnaught|0 fnt
|faint|p2a: Chesnaught
|
|upkeep
|
|t:|1769440301
|switch|p2a: Greninja|Greninja, M|100/100
|turn|7
|
|t:|1769440306
|switch|p1a: Alomomola|Alomomola, M|100/100
|-damage|p1a: Alomomola|88/100|[from] Spikes
|move|p2a: Greninja|Dark Pulse|p1a: Alomomola
|-damage|p1a: Alomomola|68/100
|
|upkeep
|turn|8
|
|t:|1769440316
|move|p2a: Greninja|Dark Pulse|p1a: Alomomola
|-damage|p1a: Alomomola|48/100
|move|p1a: Alomomola|Play Rough|p2a: Greninja
|-supereffective|p2a: Greninja
|-damage|p2a: Greninja|51/100
|
|upkeep
|turn|9
|
|t:|1769440326
|move|p2a: Greninja|Dark Pulse|p1a: Alomomola
|-damage|p1a: Alomomola|29/100
|move|p1a: Alomomola|Mirror Coat|p2a: Greninja
|-immune|p2a: Greninja
|
|upkeep
|turn|10
|
|t:|1769440334
|switch|p1a: Kingambit|Kingambit, F|100/100
|-damage|p1a: Kingambit|88/100|[from] Spikes
|move|p2a: Greninja|Hydro Pump|p1a: Kingambit|[miss]
|-miss|p2a: Greninja|p1a: Kingambit
|
|upkeep
|turn|11
|
|t:|1769440341
|move|p2a: Greninja|Hydro Pump|p1a: Kingambit|[miss]
|-miss|p2a: Greninja|p1a: Kingambit
|move|p1a: Kingambit|Low Kick|p2a: Greninja
|-supereffective|p2a: Greninja
|-damage|p2a: Greninja|0 fnt
|faint|p2a: Greninja
|
|upkeep
|
|t:|1769440347
|switch|p2a: Torterra|Torterra, M|100/100
|turn|12
|
|t:|1769440354
|move|p1a: Kingambit|Kowtow Cleave|p2a: Torterra
|-damage|p2a: Torterra|45/100
|move|p2a: Torterra|Shell Smash|p2a: Torterra
|-unboost|p2a: Torterra|def|1
|-unboost|p2a: Torterra|spd|1
|-boost|p2a: Torterra|atk|2
|-boost|p2a: Torterra|spa|2
|-boost|p2a: Torterra|spe|2
|
|upkeep
|turn|13
|
|t:|1769440362
|move|p1a: Kingambit|Sucker Punch|p2a: Torterra
|-damage|p2a: Torterra|0 fnt
|faint|p2a: Torterra
|
|upkeep
|
|t:|1769440365
|switch|p2a: Blaziken|Blaziken, F|100/100
|turn|14
|
|t:|1769440376
|-end|p1a: Kingambit|fallenundefined|[silent]
|switch|p1a: Landorus|Landorus-Therian, M|76/100
|-ability|p1a: Landorus|Intimidate|boost
|-unboost|p2a: Blaziken|atk|1
|move|p2a: Blaziken|Swords Dance|p2a: Blaziken
|-boost|p2a: Blaziken|atk|2
|
|-ability|p2a: Blaziken|Speed Boost|boost
|-boost|p2a: Blaziken|spe|1
|upkeep
|turn|15
|
|t:|1769440384
|move|p2a: Blaziken|Protect|p2a: Blaziken
|-singleturn|p2a: Blaziken|Protect
|move|p1a: Landorus|Earthquake|p2a: Blaziken
|-activate|p2a: Blaziken|move: Protect
|
|-ability|p2a: Blaziken|Speed Boost|boost
|-boost|p2a: Blaziken|spe|1
|upkeep
|turn|16
|
|t:|1769440391
|move|p2a: Blaziken|Flare Blitz|p1a: Landorus
|-damage|p1a: Landorus|0 fnt
|faint|p1a: Landorus
|-damage|p2a: Blaziken|74/100|[from] Recoil
|
|-heal|p2a: Blaziken|80/100|[from] item: Leftovers
|-ability|p2a: Blaziken|Speed Boost|boost
|-boost|p2a: Blaziken|spe|1
|upkeep
|
|t:|1769440394
|switch|p1a: Great Tusk|Great Tusk|89/100
|turn|17
|
|t:|1769440403
|move|p2a: Blaziken|Flare Blitz|p1a: Great Tusk
|-damage|p1a: Great Tusk|20/100
|-damage|p2a: Blaziken|52/100|[from] Recoil
|move|p1a: Great Tusk|Headlong Rush|p2a: Blaziken
|-supereffective|p2a: Blaziken
|-damage|p2a: Blaziken|0 fnt
|-unboost|p1a: Great Tusk|def|1
|-unboost|p1a: Great Tusk|spd|1
|faint|p2a: Blaziken
|
|upkeep
|
|t:|1769440412
|switch|p2a: Samurott|Samurott-Hisui, F|1/100
|turn|18
|
|t:|1769440415
|move|p2a: Samurott|Sucker Punch|p1a: Great Tusk
|-resisted|p1a: Great Tusk
|-damage|p1a: Great Tusk|0 fnt
|faint|p1a: Great Tusk
|-end|p1a: Great Tusk|Protosynthesis|[silent]
|
|upkeep
|
|t:|1769440422
|switch|p1a: Kyurem|Kyurem|100/100
|-damage|p1a: Kyurem|88/100|[from] Spikes
|-ability|p1a: Kyurem|Pressure
|turn|19
|
|t:|1769440427
|-terastallize|p1a: Kyurem|Ground
|move|p1a: Kyurem|Earth Power|p2a: Samurott
|-damage|p2a: Samurott|0 fnt
|faint|p2a: Samurott
|
|upkeep
|
|t:|1769440432
|switch|p2a: Skeledirge|Skeledirge, M|100/100
|turn|20
|
|t:|1769440436
|move|p1a: Kyurem|Earth Power|p2a: Skeledirge
|-supereffective|p2a: Skeledirge
|-damage|p2a: Skeledirge|29/100
|move|p2a: Skeledirge|Torch Song|p1a: Kyurem
|-damage|p1a: Kyurem|62/100
|-boost|p2a: Skeledirge|spa|1
|
|-heal|p2a: Skeledirge|35/100|[from] item: Leftovers
|upkeep
|turn|21
|l|☆nyctrash
|inactive|nyctrash disconnected and has a minute to reconnect!
|player|p2|
|inactive|nyctrash has 30 seconds to reconnect!
|inactive|nyctrash has 20 seconds to reconnect!
|inactive|nyctrash has 15 seconds to reconnect!
|inactive|nyctrash has 10 seconds to reconnect!
|inactive|nyctrash has 5 seconds to reconnect!
|-message|nyctrash lost due to inactivity.
|
|win|cdubs00
|raw|cdubs00's rating: 1336 &rarr; <strong>1358</strong><br />(+22 for winning)
|raw|nyctrash's rating: 1376 &rarr; <strong>1354</strong><br />(-22 for losing)
|l|☆cdubs00
|player|p1|
