|j|☆Team BBIO 38
|j|☆NeonJolteonWasUsed
|t:|1769364158
|gametype|singles
|player|p1|Team BBIO 38|rocketgrunt|1354
|player|p2|NeonJolteonWasUsed|rika|1391
|gen|9
|tier|[Gen 9] OU
|rated|
|rule|HP Percentage Mod: HP is shown in percentages
|rule|Endless Battle Clause: Forcing endless battles is banned
|rule|Species Clause: Limit one of each Pokémon
|rule|OHKO Clause: OHKO moves are banned
|rule|Evasion Items Clause: Evasion items are banned
|rule|Evasion Moves Clause: Evasion moves are banned
|rule|Evasion Abilities Clause: Evasion abilities are banned
|rule|Sleep Moves Clause: Sleep-inducing moves are banned
|clearpoke
|poke|p1|Dusclops, M|
|poke|p1|Blissey, F|
|poke|p1|Flamigo, M|
|poke|p1|Latias, F|
|poke|p1|Darkrai|
|poke|p1|Primarina, F|
|poke|p2|Kyurem|
|poke|p2|Rillaboom, F|
|poke|p2|Dragapult, M|
|poke|p2|Great Tusk|
|poke|p2|Slowking-Galar, F|
|poke|p2|Heatran, F|
|teampreview
|inactive|Battle timer is ON: inactive players will automatically lose when time's up. (requested by NeonJolteonWasUsed)
|inactive|Team BBIO 38 also wants the timer to be on.
|
|t:|1769364184
|teamsize|p1|6
|teamsize|p2|6
|start
|switch|p1a: Darkrai|Darkrai|100/100
|switch|p2a: Rillaboom|Rillaboom, F|100/100
|-fieldstart|move: Grassy Terrain|[from] ability: Grassy Surge|[of] p2a: Rillaboom
|turn|1
|
|t:|1769364196
|move|p1a: Darkrai|Ice Beam|p2a: Rillaboom
|-supereffective|p2a: Rillaboom
|-damage|p2a: Rillaboom|0 fnt
|faint|p2a: Rillaboom
|
|upkeep
|
|t:|1769364200
|switch|p2a: Kyurem|Kyurem|100/100
|-ability|p2a: Kyurem|Pressure
|turn|2
|
|t:|1769364208
|switch|p1a: Blissey|Blissey, F|100/100
|move|p2a: Kyurem|Substitute|p2a: Kyurem
|-start|p2a: Kyurem|Substitute
|-damage|p2a: Kyurem|76/100
|
|-heal|p2a: Kyurem|82/100|[from] Grassy Terrain
|-heal|p2a: Kyurem|88/100|[from] item: Leftovers
|upkeep
|turn|3
|
|t:|1769364220
|move|p2a: Kyurem|Protect|p2a: Kyurem
|-singleturn|p2a: Kyurem|Protect
|move|p1a: Blissey|Seismic Toss|p2a: Kyurem
|-activate|p2a: Kyurem|move: Protect
|
|-heal|p2a: Kyurem|94/100|[from] Grassy Terrain
|-heal|p2a: Kyurem|99/100|[from] item: Leftovers
|upkeep
|turn|4
|
|t:|1769364228
|move|p2a: Kyurem|Freeze-Dry|p1a: Blissey
|-crit|p1a: Blissey
|-damage|p1a: Blissey|81/100
|move|p1a: Blissey|Seismic Toss|p2a: Kyurem
|-activate|p2a: Kyurem|move: Substitute|[damage]
|
|-heal|p2a: Kyurem|100/100|[from] Grassy Terrain
|-heal|p1a: Blissey|87/100|[from] Grassy Terrain
|-heal|p1a: Blissey|93/100|[from] item: Leftovers
|upkeep
|turn|5
|
|t:|1769364248
|switch|p1a: Primarina|Primarina, F|100/100
|move|p2a: Kyurem|Freeze-Dry|p1a: Primarina
|-supereffective|p1a: Primarina
|-damage|p1a: Primarina|60/100
|
|-heal|p1a: Primarina|66/100|[from] Grassy Terrain
|-fieldend|move: Grassy Terrain
|upkeep
|turn|6
|
|t:|1769364268
|move|p2a: Kyurem|Freeze-Dry|p1a: Primarina
|-supereffective|p1a: Primarina
|-damage|p1a: Primarina|20/100
|move|p1a: Primarina|Psychic Noise|p2a: Kyurem
|-resisted|p2a: Kyurem
|-damage|p2a: Kyurem|83/100
|-start|p2a: Kyurem|move: Heal Block
|
|upkeep
|turn|7
|
|t:|1769364277
|move|p2a: Kyurem|Freeze-Dry|p1a: Primarina
|-supereffective|p1a: Primarina
|-damage|p1a: Primarina|0 fnt
|faint|p1a: Primarina
|
|-end|p2a: Kyurem|move: Heal Block
|upkeep
|
|t:|1769364284
|switch|p1a: Alaric|Latias, F|100/100
|turn|8
|
|t:|1769364288
|-terastallize|p1a: Alaric|Steel
|move|p1a: Alaric|Calm Mind|p1a: Alaric
|-boost|p1a: Alaric|spa|1
|-boost|p1a: Alaric|spd|1
|move|p2a: Kyurem|Freeze-Dry|p1a: Alaric
|-resisted|p1a: Alaric
|-crit|p1a: Alaric
|-damage|p1a: Alaric|78/100
|
|-heal|p2a: Kyurem|89/100|[from] item: Leftovers
|upkeep
|turn|9
|
|t:|1769364297
|switch|p2a: Heatran|Heatran, F|100/100
|move|p1a: Alaric|Calm Mind|p1a: Alaric
|-boost|p1a: Alaric|spa|1
|-boost|p1a: Alaric|spd|1
|
|upkeep
|turn|10
|
|t:|1769364305
|move|p1a: Alaric|Calm Mind|p1a: Alaric
|-boost|p1a: Alaric|spa|1
|-boost|p1a: Alaric|spd|1
|move|p2a: Heatran|Taunt|p1a: Alaric
|-start|p1a: Alaric|move: Taunt
|
|upkeep
|turn|11
|
|t:|1769364310
|move|p1a: Alaric|Aura Sphere|p2a: Heatran
|-supereffective|p2a: Heatran
|-damage|p2a: Heatran|35/100
|move|p2a: Heatran|Magma Storm|p1a: Alaric
|-supereffective|p1a: Alaric
|-damage|p1a: Alaric|41/100
|-activate|p1a: Alaric|move: Magma Storm|[of] p2a: Heatran
|
|-heal|p2a: Heatran|41/100|[from] item: Leftovers
|-damage|p1a: Alaric|29/100|[from] move: Magma Storm|[partiallytrapped]
|upkeep
|turn|12
|
|t:|1769364327
|switch|p2a: Dragapult|Dragapult, M|100/100
|move|p1a: Alaric|Aura Sphere|p2a: Dragapult
|-immune|p2a: Dragapult
|
|-end|p1a: Alaric|Magma Storm|[partiallytrapped]|[silent]
|upkeep
|turn|13
|
|t:|1769364333
|switch|p1a: Dusclops|Dusclops, M|100/100
|-item|p2a: Dragapult|Choice Specs|[from] ability: Frisk|[of] p1a: Dusclops
|move|p2a: Dragapult|Flamethrower|p1a: Dusclops
|-damage|p1a: Dusclops|76/100
|
|upkeep
|turn|14
|
|t:|1769364341
|switch|p2a: Heatran|Heatran, F|41/100
|move|p1a: Dusclops|Pain Split|p2a: Heatran
|-sethp|p2a: Heatran|48/100|[from] move: Pain Split|[silent]
|-sethp|p1a: Dusclops|65/100|[from] move: Pain Split
|
|-heal|p2a: Heatran|55/100|[from] item: Leftovers
|upkeep
|turn|15
|
|t:|1769364348
|move|p2a: Heatran|Stealth Rock|p1a: Dusclops
|-sidestart|p1: Team BBIO 38|move: Stealth Rock
|move|p1a: Dusclops|Night Shade|p2a: Heatran
|-damage|p2a: Heatran|29/100
|
|-heal|p2a: Heatran|35/100|[from] item: Leftovers
|upkeep
|turn|16
|
|t:|1769364358
|switch|p1a: Blissey|Blissey, F|93/100
|-damage|p1a: Blissey|80/100|[from] Stealth Rock
|move|p2a: Heatran|Taunt|p1a: Blissey
|-start|p1a: Blissey|move: Taunt
|
|-heal|p2a: Heatran|41/100|[from] item: Leftovers
|-heal|p1a: Blissey|87/100|[from] item: Leftovers
|upkeep
|turn|17
|
|t:|1769364374
|move|p2a: Heatran|Magma Storm|p1a: Blissey
|-damage|p1a: Blissey|71/100
|-activate|p1a: Blissey|move: Magma Storm|[of] p2a: Heatran
|move|p1a: Blissey|Seismic Toss|p2a: Heatran
|-damage|p2a: Heatran|15/100
|
|-heal|p2a: Heatran|21/100|[from] item: Leftovers
|-heal|p1a: Blissey|77/100|[from] item: Leftovers
|-damage|p1a: Blissey|65/100|[from] move: Magma Storm|[partiallytrapped]
|upkeep
|turn|18
|
|t:|1769364397
|move|p2a: Heatran|Earth Power|p1a: Blissey
|-damage|p1a: Blissey|54/100
|move|p1a: Blissey|Seismic Toss|p2a: Heatran
|-damage|p2a: Heatran|0 fnt
|faint|p2a: Heatran
|
|-heal|p1a: Blissey|60/100|[from] item: Leftovers
|-end|p1a: Blissey|Magma Storm|[partiallytrapped]|[silent]
|-end|p1a: Blissey|move: Taunt
|upkeep
|
|t:|1769364399
|switch|p2a: Great Tusk|Great Tusk|100/100
|turn|19
|
|t:|1769364416
|switch|p1a: Dusclops|Dusclops, M|65/100
|-damage|p1a: Dusclops|53/100|[from] Stealth Rock
|-item|p2a: Great Tusk|Leftovers|[from] ability: Frisk|[of] p1a: Dusclops
|move|p2a: Great Tusk|Bulk Up|p2a: Great Tusk
|-boost|p2a: Great Tusk|atk|1
|-boost|p2a: Great Tusk|def|1
|
|upkeep
|turn|20
|
|t:|1769364426
|-end|p2a: Great Tusk|Protosynthesis|[silent]
|switch|p2a: Dragapult|Dragapult, M|100/100
|move|p1a: Dusclops|Will-O-Wisp|p2a: Dragapult|[miss]
|-miss|p1a: Dusclops|p2a: Dragapult
|
|upkeep
|turn|21
|
|t:|1769364431
|switch|p1a: Blissey|Blissey, F|60/100
|-damage|p1a: Blissey|48/100|[from] Stealth Rock
|move|p2a: Dragapult|Shadow Ball|p1a: Blissey
|-immune|p1a: Blissey
|
|-heal|p1a: Blissey|54/100|[from] item: Leftovers
|upkeep
|turn|22
|
|t:|1769364443
|switch|p2a: Kyurem|Kyurem|89/100
|-ability|p2a: Kyurem|Pressure
|switch|p1a: Alaric|Latias, F, tera:Steel|29/100
|-damage|p1a: Alaric|23/100|[from] Stealth Rock
|
|-heal|p2a: Kyurem|95/100|[from] item: Leftovers
|upkeep
|turn|23
|
|t:|1769364452
|switch|p2a: Dragapult|Dragapult, M|100/100
|move|p1a: Alaric|Recover|p1a: Alaric
|-heal|p1a: Alaric|73/100
|
|upkeep
|turn|24
|
|t:|1769364465
|switch|p1a: Blissey|Blissey, F|54/100
|-damage|p1a: Blissey|42/100|[from] Stealth Rock
|move|p2a: Dragapult|Flamethrower|p1a: Blissey
|-damage|p1a: Blissey|29/100
|
|-heal|p1a: Blissey|35/100|[from] item: Leftovers
|upkeep
|turn|25
|
|t:|1769364481
|switch|p2a: Great Tusk|Great Tusk|100/100
|move|p1a: Blissey|Soft-Boiled|p1a: Blissey
|-heal|p1a: Blissey|85/100
|
|-heal|p1a: Blissey|91/100|[from] item: Leftovers
|upkeep
|turn|26
|
|t:|1769364488
|switch|p1a: Darkrai|Darkrai|100/100
|-damage|p1a: Darkrai|88/100|[from] Stealth Rock
|move|p2a: Great Tusk|Bulk Up|p2a: Great Tusk
|-boost|p2a: Great Tusk|atk|1
|-boost|p2a: Great Tusk|def|1
|
|upkeep
|turn|27
|
|t:|1769364496
|-end|p2a: Great Tusk|Protosynthesis|[silent]
|switch|p2a: Slowking|Slowking-Galar, F|100/100
|move|p1a: Darkrai|Psychic|p2a: Slowking
|-damage|p2a: Slowking|81/100
|
|upkeep
|turn|28
|
|t:|1769364504
|switch|p1a: Blissey|Blissey, F|91/100
|-damage|p1a: Blissey|78/100|[from] Stealth Rock
|move|p2a: Slowking|Sludge Bomb|p1a: Blissey
|-damage|p1a: Blissey|66/100
|-status|p1a: Blissey|psn
|
|-heal|p1a: Blissey|73/100 psn|[from] item: Leftovers
|-damage|p1a: Blissey|60/100 psn|[from] psn
|upkeep
|turn|29
|
|t:|1769364522
|switch|p2a: Great Tusk|Great Tusk|100/100
|move|p1a: Blissey|Stealth Rock|p2a: Great Tusk
|-sidestart|p2: NeonJolteonWasUsed|move: Stealth Rock
|
|-heal|p1a: Blissey|66/100 psn|[from] item: Leftovers
|-damage|p1a: Blissey|54/100 psn|[from] psn
|upkeep
|turn|30
|inactive|NeonJolteonWasUsed has 120 seconds left.
|
|t:|1769364559
|-curestatus|p1a: Blissey|psn|[from] ability: Natural Cure
|switch|p1a: Dusclops|Dusclops, M|53/100
|-damage|p1a: Dusclops|41/100|[from] Stealth Rock
|-item|p2a: Great Tusk|Leftovers|[from] ability: Frisk|[of] p1a: Dusclops
|move|p2a: Great Tusk|Bulk Up|p2a: Great Tusk
|-boost|p2a: Great Tusk|atk|1
|-boost|p2a: Great Tusk|def|1
|
|upkeep
|turn|31
|
|t:|1769364568
|-end|p2a: Great Tusk|Protosynthesis|[silent]
|switch|p2a: Dragapult|Dragapult, M|100/100
|-damage|p2a: Dragapult|88/100|[from] Stealth Rock
|move|p1a: Dusclops|Pain Split|p2a: Dragapult
|-sethp|p2a: Dragapult|62/100|[from] move: Pain Split|[silent]
|-sethp|p1a: Dusclops|70/100|[from] move: Pain Split
|
|upkeep
|turn|32
|
|t:|1769364578
|switch|p1a: Blissey|Blissey, F|54/100
|-damage|p1a: Blissey|41/100|[from] Stealth Rock
|move|p2a: Dragapult|U-turn|p1a: Blissey
|-damage|p1a: Blissey|26/100
|
|t:|1769364581
|switch|p2a: Great Tusk|Great Tusk|100/100|[from] U-turn
|-damage|p2a: Great Tusk|97/100|[from] Stealth Rock
|
|-heal|p2a: Great Tusk|100/100|[from] item: Leftovers
|-heal|p1a: Blissey|32/100|[from] item: Leftovers
|upkeep
|turn|33
|
|t:|1769364590
|switch|p1a: Darkrai|Darkrai|88/100
|-damage|p1a: Darkrai|76/100|[from] Stealth Rock
|move|p2a: Great Tusk|High Horsepower|p1a: Darkrai
|-damage|p1a: Darkrai|18/100
|
|upkeep
|turn|34
|
|t:|1769364599
|-end|p2a: Great Tusk|Protosynthesis|[silent]
|switch|p2a: Kyurem|Kyurem|95/100
|-damage|p2a: Kyurem|70/100|[from] Stealth Rock
|-ability|p2a: Kyurem|Pressure
|move|p1a: Darkrai|Ice Beam|p2a: Kyurem
|-crit|p2a: Kyurem
|-damage|p2a: Kyurem|7/100
|
|-heal|p2a: Kyurem|14/100|[from] item: Leftovers
|upkeep
|turn|35
|
|t:|1769364608
|move|p2a: Kyurem|Protect|p2a: Kyurem
|-singleturn|p2a: Kyurem|Protect
|move|p1a: Darkrai|Ice Beam|p2a: Kyurem
|-activate|p2a: Kyurem|move: Protect
|
|-heal|p2a: Kyurem|20/100|[from] item: Leftovers
|upkeep
|turn|36
|
|t:|1769364614
|switch|p2a: Slowking|Slowking-Galar, F|100/100
|-damage|p2a: Slowking|88/100|[from] Stealth Rock
|move|p1a: Darkrai|Ice Beam|p2a: Slowking
|-damage|p2a: Slowking|66/100
|
|upkeep
|turn|37
|
|t:|1769364622
|switch|p1a: Blissey|Blissey, F|32/100
|-damage|p1a: Blissey|19/100|[from] Stealth Rock
|switch|p2a: Great Tusk|Great Tusk|100/100
|-damage|p2a: Great Tusk|97/100|[from] Stealth Rock
|
|-heal|p2a: Great Tusk|100/100|[from] item: Leftovers
|-heal|p1a: Blissey|25/100|[from] item: Leftovers
|upkeep
|turn|38
|
|t:|1769364633
|move|p2a: Great Tusk|Rapid Spin|p1a: Blissey
|-crit|p1a: Blissey
|-damage|p1a: Blissey|6/100
|-boost|p2a: Great Tusk|spe|1
|-sideend|p2: NeonJolteonWasUsed|Stealth Rock|[from] move: Rapid Spin|[of] p2a: Great Tusk
|move|p1a: Blissey|Soft-Boiled|p1a: Blissey
|-heal|p1a: Blissey|56/100
|
|-heal|p1a: Blissey|62/100|[from] item: Leftovers
|upkeep
|turn|39
|
|t:|1769364641
|move|p2a: Great Tusk|Bulk Up|p2a: Great Tusk
|-boost|p2a: Great Tusk|atk|1
|-boost|p2a: Great Tusk|def|1
|move|p1a: Blissey|Seismic Toss|p2a: Great Tusk
|-damage|p2a: Great Tusk|77/100
|
|-heal|p2a: Great Tusk|84/100|[from] item: Leftovers
|-heal|p1a: Blissey|68/100|[from] item: Leftovers
|upkeep
|turn|40
|
|t:|1769364659
|switch|p1a: Dusclops|Dusclops, M|70/100
|-damage|p1a: Dusclops|57/100|[from] Stealth Rock
|-item|p2a: Great Tusk|Leftovers|[from] ability: Frisk|[of] p1a: Dusclops
|move|p2a: Great Tusk|Rapid Spin|p1a: Dusclops
|-immune|p1a: Dusclops
|
|-heal|p2a: Great Tusk|90/100|[from] item: Leftovers
|upkeep
|turn|41
|
|t:|1769364668
|-end|p2a: Great Tusk|Protosynthesis|[silent]
|switch|p2a: Dragapult|Dragapult, M|62/100
|move|p1a: Dusclops|Haze|p1a: Dusclops
|-clearallboost
|
|upkeep
|turn|42
|
|t:|1769364674
|switch|p2a: Kyurem|Kyurem|20/100
|-ability|p2a: Kyurem|Pressure
|move|p1a: Dusclops|Will-O-Wisp|p2a: Kyurem|[miss]
|-miss|p1a: Dusclops|p2a: Kyurem
|
|-heal|p2a: Kyurem|26/100|[from] item: Leftovers
|upkeep
|turn|43
|
|t:|1769364681
|move|p2a: Kyurem|Protect|p2a: Kyurem
|-singleturn|p2a: Kyurem|Protect
|move|p1a: Dusclops|Night Shade|p2a: Kyurem
|-activate|p2a: Kyurem|move: Protect
|
|-heal|p2a: Kyurem|32/100|[from] item: Leftovers
|upkeep
|turn|44
|
|t:|1769364690
|switch|p1a: Alaric|Latias, F, tera:Steel|73/100
|-damage|p1a: Alaric|67/100|[from] Stealth Rock
|move|p2a: Kyurem|Substitute|p2a: Kyurem
|-start|p2a: Kyurem|Substitute
|-damage|p2a: Kyurem|7/100
|
|-heal|p2a: Kyurem|13/100|[from] item: Leftovers
|upkeep
|turn|45
|
|t:|1769364701
|switch|p2a: Dragapult|Dragapult, M|62/100
|move|p1a: Alaric|Calm Mind|p1a: Alaric
|-boost|p1a: Alaric|spa|1
|-boost|p1a: Alaric|spd|1
|
|upkeep
|turn|46
|
|t:|1769364707
|move|p2a: Dragapult|Flamethrower|p1a: Alaric
|-supereffective|p1a: Alaric
|-damage|p1a: Alaric|18/100
|move|p1a: Alaric|Stored Power|p2a: Dragapult
|-damage|p2a: Dragapult|20/100
|
|upkeep
|turn|47
|
|t:|1769364717
|switch|p1a: Darkrai|Darkrai|18/100
|-damage|p1a: Darkrai|5/100|[from] Stealth Rock
|move|p2a: Dragapult|Flamethrower|p1a: Darkrai
|-damage|p1a: Darkrai|0 fnt
|faint|p1a: Darkrai
|
|upkeep
|
|t:|1769364731
|switch|p1a: Flamigo|Flamigo, M|100/100
|-damage|p1a: Flamigo|88/100|[from] Stealth Rock
|turn|48
|
|t:|1769364734
|switch|p2a: Great Tusk|Great Tusk|90/100
|move|p1a: Flamigo|Close Combat|p2a: Great Tusk
|-damage|p2a: Great Tusk|58/100
|-unboost|p1a: Flamigo|def|1
|-unboost|p1a: Flamigo|spd|1
|
|-heal|p2a: Great Tusk|64/100|[from] item: Leftovers
|upkeep
|turn|49
|
|t:|1769364743
|switch|p1a: Dusclops|Dusclops, M|57/100
|-damage|p1a: Dusclops|45/100|[from] Stealth Rock
|-item|p2a: Great Tusk|Leftovers|[from] ability: Frisk|[of] p1a: Dusclops
|move|p2a: Great Tusk|Rapid Spin|p1a: Dusclops
|-immune|p1a: Dusclops
|
|-heal|p2a: Great Tusk|70/100|[from] item: Leftovers
|upkeep
|turn|50
|
|t:|1769364751
|-end|p2a: Great Tusk|Protosynthesis|[silent]
|switch|p2a: Dragapult|Dragapult, M|20/100
|move|p1a: Dusclops|Night Shade|p2a: Dragapult
|-damage|p2a: Dragapult|0 fnt
|faint|p2a: Dragapult
|
|upkeep
|
|t:|1769364757
|switch|p2a: Kyurem|Kyurem|13/100
|-ability|p2a: Kyurem|Pressure
|turn|51
|
|t:|1769364762
|move|p2a: Kyurem|Protect|p2a: Kyurem
|-singleturn|p2a: Kyurem|Protect
|move|p1a: Dusclops|Night Shade|p2a: Kyurem
|-activate|p2a: Kyurem|move: Protect
|
|-heal|p2a: Kyurem|20/100|[from] item: Leftovers
|upkeep
|turn|52
|
|t:|1769364768
|switch|p2a: Slowking|Slowking-Galar, F|99/100
|switch|p1a: Alaric|Latias, F, tera:Steel|18/100
|-damage|p1a: Alaric|12/100|[from] Stealth Rock
|
|upkeep
|turn|53
|
|t:|1769364774
|move|p1a: Alaric|Recover|p1a: Alaric
|-heal|p1a: Alaric|62/100
|move|p2a: Slowking|Flamethrower|p1a: Alaric
|-supereffective|p1a: Alaric
|-damage|p1a: Alaric|21/100
|
|upkeep
|turn|54
|
|t:|1769364781
|move|p1a: Alaric|Recover|p1a: Alaric
|-heal|p1a: Alaric|71/100
|move|p2a: Slowking|Flamethrower|p1a: Alaric
|-supereffective|p1a: Alaric
|-damage|p1a: Alaric|27/100
|
|upkeep
|turn|55
|
|t:|1769364787
|switch|p1a: Blissey|Blissey, F|68/100
|-damage|p1a: Blissey|56/100|[from] Stealth Rock
|move|p2a: Slowking|Flamethrower|p1a: Blissey
|-damage|p1a: Blissey|48/100
|
|-heal|p1a: Blissey|54/100|[from] item: Leftovers
|upkeep
|turn|56
|
|t:|1769364802
|switch|p2a: Great Tusk|Great Tusk|70/100
|move|p1a: Blissey|Stealth Rock|p2a: Great Tusk
|-sidestart|p2: NeonJolteonWasUsed|move: Stealth Rock
|
|-heal|p2a: Great Tusk|76/100|[from] item: Leftovers
|-heal|p1a: Blissey|60/100|[from] item: Leftovers
|upkeep
|turn|57
|
|t:|1769364825
|switch|p1a: Flamigo|Flamigo, M|88/100
|-damage|p1a: Flamigo|76/100|[from] Stealth Rock
|move|p2a: Great Tusk|High Horsepower|p1a: Flamigo
|-immune|p1a: Flamigo
|
|-heal|p2a: Great Tusk|83/100|[from] item: Leftovers
|upkeep
|turn|58
|
|t:|1769364840
|-terastallize|p2a: Great Tusk|Water
|move|p1a: Flamigo|U-turn|p2a: Great Tusk
|-damage|p2a: Great Tusk|70/100
|
|t:|1769364844
|switch|p1a: Dusclops|Dusclops, M|45/100|[from] U-turn
|-damage|p1a: Dusclops|33/100|[from] Stealth Rock
|-item|p2a: Great Tusk|Leftovers|[from] ability: Frisk|[of] p1a: Dusclops
|move|p2a: Great Tusk|Rapid Spin|p1a: Dusclops
|-immune|p1a: Dusclops
|
|-heal|p2a: Great Tusk|77/100|[from] item: Leftovers
|upkeep
|turn|59
|
|t:|1769364852
|move|p2a: Great Tusk|High Horsepower|p1a: Dusclops
|-damage|p1a: Dusclops|14/100
|move|p1a: Dusclops|Night Shade|p2a: Great Tusk
|-damage|p2a: Great Tusk|54/100
|
|-heal|p2a: Great Tusk|60/100|[from] item: Leftovers
|upkeep
|turn|60
|
|t:|1769364859
|move|p2a: Great Tusk|High Horsepower|p1a: Dusclops
|-damage|p1a: Dusclops|0 fnt
|faint|p1a: Dusclops
|
|-heal|p2a: Great Tusk|66/100|[from] item: Leftovers
|upkeep
|
|t:|1769364869
|switch|p1a: Flamigo|Flamigo, M|76/100
|-damage|p1a: Flamigo|64/100|[from] Stealth Rock
|turn|61
|
|t:|1769364872
|move|p1a: Flamigo|Close Combat|p2a: Great Tusk
|-damage|p2a: Great Tusk|33/100
|-unboost|p1a: Flamigo|def|1
|-unboost|p1a: Flamigo|spd|1
|move|p2a: Great Tusk|Rapid Spin|p1a: Flamigo
|-damage|p1a: Flamigo|30/100
|-boost|p2a: Great Tusk|spe|1
|-sideend|p2: NeonJolteonWasUsed|Stealth Rock|[from] move: Rapid Spin|[of] p2a: Great Tusk
|
|-heal|p2a: Great Tusk|39/100|[from] item: Leftovers
|upkeep
|turn|62
|
|t:|1769364881
|move|p1a: Flamigo|Close Combat|p2a: Great Tusk
|-damage|p2a: Great Tusk|8/100
|-unboost|p1a: Flamigo|def|1
|-unboost|p1a: Flamigo|spd|1
|move|p2a: Great Tusk|Bulk Up|p2a: Great Tusk
|-boost|p2a: Great Tusk|atk|1
|-boost|p2a: Great Tusk|def|1
|
|-heal|p2a: Great Tusk|14/100|[from] item: Leftovers
|upkeep
|turn|63
|
|t:|1769364890
|move|p1a: Flamigo|Close Combat|p2a: Great Tusk
|-damage|p2a: Great Tusk|0 fnt
|-unboost|p1a: Flamigo|def|1
|-unboost|p1a: Flamigo|spd|1
|faint|p2a: Great Tusk
|-end|p2a: Great Tusk|Protosynthesis|[silent]
|
|upkeep
|
|t:|1769364892
|switch|p2a: Slowking|Slowking-Galar, F|100/100
|turn|64
|
|t:|1769364897
|switch|p1a: Blissey|Blissey, F|60/100
|-damage|p1a: Blissey|48/100|[from] Stealth Rock
|move|p2a: Slowking|Flamethrower|p1a: Blissey
|-damage|p1a: Blissey|39/100
|
|-heal|p1a: Blissey|45/100|[from] item: Leftovers
|upkeep
|turn|65
|
|t:|1769364905
|move|p1a: Blissey|Stealth Rock|p2a: Slowking
|-sidestart|p2: NeonJolteonWasUsed|move: Stealth Rock
|move|p2a: Slowking|Future Sight|p1a: Blissey
|-start|p2a: Slowking|move: Future Sight
|
|-heal|p1a: Blissey|51/100|[from] item: Leftovers
|upkeep
|turn|66
|-message|NeonJolteonWasUsed forfeited.
|
|win|Team BBIO 38
|raw|Team BBIO 38's rating: 1354 &rarr; <strong>1377</strong><br />(+23 for winning)
|raw|NeonJolteonWasUsed's rating: 1407 &rarr; <strong>1384</strong><br />(-23 for losing)
|l|☆NeonJolteonWasUsed
|player|p2|
|l|☆Team BBIO 38
|player|p1|
