|j|☆smallestpigever
|j|☆cherry786
|inactive|Battle timer is ON: inactive players will automatically lose when time's up.
|t:|1769441147
|gametype|singles
|player|p1|smallestpigever|clown|
|player|p2|cherry786|elesa-masters|
|gen|9
|tier|[Gen 9] OU
|rated|Tournament battle
|rule|HP Percentage Mod: HP is shown in percentages
|rule|Endless Battle Clause: Forcing endless battles is banned
|rule|OHKO Clause: OHKO moves are banned
|rule|Evasion Items Clause: Evasion items are banned
|rule|Evasion Moves Clause: Evasion moves are banned
|rule|Evasion Abilities Clause: Evasion abilities are banned
|rule|Sleep Moves Clause: Sleep-inducing moves are banned
|raw|<div class="infobox"><details class="readmore" open><summary><strong>3 custom rules:</strong></summary> -All Pokemon, !Species Clause, +Tepig</details></div>
|clearpoke
|poke|p1|Tepig, F|
|poke|p1|Tepig, F|
|poke|p1|Tepig, M|
|poke|p1|Tepig, M|
|poke|p1|Tepig, F|
|poke|p1|Tepig, M|
|poke|p2|Tepig, F|
|poke|p2|Tepig, M|
|poke|p2|Tepig, F|
|poke|p2|Tepig, M|
|poke|p2|Tepig, M|
|poke|p2|Tepig, F|
|teampreview
|inactive|smallestpigever also wants the timer to be on.
|j|*Lady Monita ☃️
|inactive|cherry786 also wants the timer to be on.
|c|☆smallestpigever|gl hf
|c|☆cherry786|PIG
|j| KachoFugetsu
|c|☆smallestpigever|OINK
|c|☆smallestpigever|OINK
|j| facundopro207
|c|☆smallestpigever|OINK
|c|☆cherry786|PIG OINK OINK OINK
|
|t:|1769441167
|teamsize|p1|6
|teamsize|p2|6
|start
|switch|p1a: Cop 1|Tepig, F|100/100
|switch|p2a: clearly better|Tepig, F|100/100
|turn|1
|
|t:|1769441186
|move|p2a: clearly better|Head Smash|p1a: Cop 1
|-supereffective|p1a: Cop 1
|-damage|p1a: Cop 1|0 fnt
|faint|p1a: Cop 1
|-damage|p2a: clearly better|50/100|[from] Recoil
|
|upkeep
|
|t:|1769441189
|switch|p1a: Cop 2|Tepig, F|100/100
|turn|2
|
|t:|1769441195
|-terastallize|p1a: Cop 2|Rock
|move|p1a: Cop 2|Head Smash|p2a: clearly better|[miss]
|-miss|p1a: Cop 2|p2a: clearly better
|move|p2a: clearly better|Head Smash|p1a: Cop 2|[miss]
|-miss|p2a: clearly better|p1a: Cop 2
|
|upkeep
|turn|3
|j|@DanDaMan99
|c|☆cherry786|w
|
|t:|1769441202
|move|p1a: Cop 2|Head Smash|p2a: clearly better|[miss]
|-miss|p1a: Cop 2|p2a: clearly better
|move|p2a: clearly better|Head Smash|p1a: Cop 2|[miss]
|-miss|p2a: clearly better|p1a: Cop 2
|
|upkeep
|turn|4
|c|☆smallestpigever|w
|c|☆cherry786|w
|c|☆cherry786|LMaO
|
|t:|1769441210
|move|p2a: clearly better|Head Smash|p1a: Cop 2
|-damage|p1a: Cop 2|17/100
|-damage|p2a: clearly better|8/100|[from] Recoil
|move|p1a: Cop 2|Head Smash|p2a: clearly better
|-supereffective|p2a: clearly better
|-damage|p2a: clearly better|0 fnt
|faint|p2a: clearly better
|-damage|p1a: Cop 2|13/100|[from] Recoil
|
|upkeep
|c|☆smallestpigever|incredible
|c|☆smallestpigever|I'm living
|c|☆cherry786|pig to pig
|
|t:|1769441227
|switch|p2a: GOD PIG|Tepig, M, shiny|100/100
|turn|5
|
|t:|1769441230
|move|p2a: GOD PIG|Sucker Punch|p1a: Cop 2
|-crit|p1a: Cop 2
|-damage|p1a: Cop 2|0 fnt
|faint|p1a: Cop 2
|
|upkeep
|
|t:|1769441234
|switch|p1a: Cop 6|Tepig, M|100/100
|turn|6
|
|t:|1769441242
|move|p2a: GOD PIG|Stomping Tantrum|p1a: Cop 6
|-supereffective|p1a: Cop 6
|-damage|p1a: Cop 6|65/100
|move|p1a: Cop 6|Curse|p1a: Cop 6
|-unboost|p1a: Cop 6|spe|1
|-boost|p1a: Cop 6|atk|1
|-boost|p1a: Cop 6|def|1
|
|upkeep
|turn|7
|
|t:|1769441249
|move|p2a: GOD PIG|Head Smash|p1a: Cop 6
|-supereffective|p1a: Cop 6
|-damage|p1a: Cop 6|18/100
|-damage|p2a: GOD PIG|72/100|[from] Recoil
|move|p1a: Cop 6|Curse|p1a: Cop 6
|-unboost|p1a: Cop 6|spe|1
|-boost|p1a: Cop 6|atk|1
|-boost|p1a: Cop 6|def|1
|
|upkeep
|turn|8
|
|t:|1769441254
|move|p2a: GOD PIG|Stomping Tantrum|p1a: Cop 6
|-supereffective|p1a: Cop 6
|-damage|p1a: Cop 6|2/100
|move|p1a: Cop 6|Rest|p1a: Cop 6
|-status|p1a: Cop 6|slp|[from] move: Rest
|-heal|p1a: Cop 6|100/100 slp|[silent]
|
|upkeep
|turn|9
|
|t:|1769441260
|move|p2a: GOD PIG|Head Smash|p1a: Cop 6
|-supereffective|p1a: Cop 6
|-damage|p1a: Cop 6|65/100 slp
|-damage|p2a: GOD PIG|50/100|[from] Recoil
|cant|p1a: Cop 6|slp
|move|p1a: Cop 6|Sleep Talk|p1a: Cop 6
|move|p1a: Cop 6|Curse|p1a: Cop 6|[from] move: Sleep Talk
|-unboost|p1a: Cop 6|spe|1
|-boost|p1a: Cop 6|atk|1
|-boost|p1a: Cop 6|def|1
|
|upkeep
|turn|10
|
|t:|1769441263
|move|p2a: GOD PIG|Head Smash|p1a: Cop 6
|-supereffective|p1a: Cop 6
|-damage|p1a: Cop 6|38/100 slp
|-damage|p2a: GOD PIG|33/100|[from] Recoil
|cant|p1a: Cop 6|slp
|move|p1a: Cop 6|Sleep Talk|p1a: Cop 6
|move|p1a: Cop 6|Rest||[from] move: Sleep Talk|[still]
|-fail|p1a: Cop 6
|
|upkeep
|turn|11
|
|t:|1769441266
|move|p2a: GOD PIG|Head Smash|p1a: Cop 6
|-supereffective|p1a: Cop 6
|-damage|p1a: Cop 6|12/100 slp
|-damage|p2a: GOD PIG|17/100|[from] Recoil
|-curestatus|p1a: Cop 6|slp|[msg]
|move|p1a: Cop 6|Rest|p1a: Cop 6
|-status|p1a: Cop 6|slp|[from] move: Rest
|-heal|p1a: Cop 6|100/100 slp|[silent]
|
|upkeep
|turn|12
|
|t:|1769441272
|switch|p2a: MID PIG|Tepig, F|100/100
|cant|p1a: Cop 6|slp
|move|p1a: Cop 6|Sleep Talk|p1a: Cop 6
|move|p1a: Cop 6|Curse|p1a: Cop 6|[from] move: Sleep Talk
|-unboost|p1a: Cop 6|spe|1
|-boost|p1a: Cop 6|atk|1
|-boost|p1a: Cop 6|def|1
|
|upkeep
|turn|13
|
|t:|1769441276
|-terastallize|p2a: MID PIG|Water
|move|p2a: MID PIG|Tera Blast|p1a: Cop 6|[anim] Tera Blast Water
|-supereffective|p1a: Cop 6
|-damage|p1a: Cop 6|83/100 slp
|cant|p1a: Cop 6|slp
|move|p1a: Cop 6|Sleep Talk|p1a: Cop 6
|move|p1a: Cop 6|Body Slam|p2a: MID PIG|[from] move: Sleep Talk
|-enditem|p2a: MID PIG|Focus Sash
|-damage|p2a: MID PIG|1/100
|
|upkeep
|turn|14
|
|t:|1769441282
|move|p2a: MID PIG|Tera Blast|p1a: Cop 6|[anim] Tera Blast Water
|-supereffective|p1a: Cop 6
|-damage|p1a: Cop 6|65/100 slp
|-curestatus|p1a: Cop 6|slp|[msg]
|move|p1a: Cop 6|Body Slam|p2a: MID PIG
|-damage|p2a: MID PIG|0 fnt
|faint|p2a: MID PIG
|
|upkeep
|c|☆cherry786|0-0
|c|☆smallestpigever|danger
|
|t:|1769441294
|switch|p2a: GOD PIG|Tepig, M, shiny|17/100
|turn|15
|
|t:|1769441300
|move|p2a: GOD PIG|Dig||[still]
|-prepare|p2a: GOD PIG|Dig
|move|p1a: Cop 6|Body Slam|p2a: GOD PIG|[miss]
|-miss|p1a: Cop 6|p2a: GOD PIG
|
|upkeep
|turn|16
|
|t:|1769441308
|move|p2a: GOD PIG|Dig|p1a: Cop 6|[from] lockedmove
|-supereffective|p1a: Cop 6
|-damage|p1a: Cop 6|53/100
|move|p1a: Cop 6|Curse|p1a: Cop 6
|-unboost|p1a: Cop 6|spe|1
|-boost|p1a: Cop 6|atk|1
|-boost|p1a: Cop 6|def|1
|
|upkeep
|turn|17
|c|☆cherry786|OHKO
|
|t:|1769441317
|move|p2a: GOD PIG|Head Smash|p1a: Cop 6
|-supereffective|p1a: Cop 6
|-damage|p1a: Cop 6|32/100
|-damage|p2a: GOD PIG|5/100|[from] Recoil
|move|p1a: Cop 6|Curse|p1a: Cop 6
|-unboost|p1a: Cop 6|spe|1
|-boost|p1a: Cop 6|atk|1
|-boost|p1a: Cop 6|def|1
|
|upkeep
|turn|18
|c|☆cherry786|ohko
|c|☆smallestpigever|plz no crit
|
|t:|1769441325
|move|p2a: GOD PIG|Head Smash|p1a: Cop 6
|-supereffective|p1a: Cop 6
|-damage|p1a: Cop 6|17/100
|-damage|p2a: GOD PIG|0 fnt|[from] Recoil
|faint|p2a: GOD PIG
|move|p1a: Cop 6|Rest|p1a: Cop 6
|-status|p1a: Cop 6|slp|[from] move: Rest
|-heal|p1a: Cop 6|100/100 slp|[silent]
|
|upkeep
|c|☆smallestpigever|massive
|
|t:|1769441334
|switch|p2a: uhh pig|Tepig, F|100/100
|turn|19
|c|☆cherry786|W
|
|t:|1769441339
|move|p2a: uhh pig|Head Smash|p1a: Cop 6
|-supereffective|p1a: Cop 6
|-damage|p1a: Cop 6|84/100 slp
|-damage|p2a: uhh pig|90/100|[from] Recoil
|cant|p1a: Cop 6|slp
|move|p1a: Cop 6|Sleep Talk|p1a: Cop 6
|move|p1a: Cop 6|Body Slam|p2a: uhh pig|[from] move: Sleep Talk
|-damage|p2a: uhh pig|0 fnt
|faint|p2a: uhh pig
|
|upkeep
|c|☆cherry786|gg
|
|t:|1769441345
|switch|p2a: PIG|Tepig, M|100/100
|turn|20
|c|☆smallestpigever|gg
|c|☆smallestpigever|but you never know
|
|t:|1769441351
|move|p2a: PIG|Head Smash|p1a: Cop 6
|-supereffective|p1a: Cop 6
|-damage|p1a: Cop 6|68/100 slp
|-damage|p2a: PIG|91/100|[from] Recoil
|cant|p1a: Cop 6|slp
|move|p1a: Cop 6|Sleep Talk|p1a: Cop 6
|move|p1a: Cop 6|Body Slam|p2a: PIG|[from] move: Sleep Talk
|-damage|p2a: PIG|0 fnt
|faint|p2a: PIG
|
|upkeep
|c|☆cherry786|true
|
|t:|1769441359
|switch|p2a: Thepig|Tepig, M|100/100
|turn|21
|c|☆cherry786|PIG
|c|☆cherry786|THEPIG
|c|☆smallestpigever|this is literally the opposite of that other guy's talk luck lmao
|
|t:|1769441370
|move|p2a: Thepig|Head Smash|p1a: Cop 6
|-supereffective|p1a: Cop 6
|-damage|p1a: Cop 6|51/100 slp
|-damage|p2a: Thepig|90/100|[from] Recoil
|-curestatus|p1a: Cop 6|slp|[msg]
|move|p1a: Cop 6|Body Slam|p2a: Thepig
|-damage|p2a: Thepig|0 fnt
|faint|p2a: Thepig
|
|win|smallestpigever
|n|☆smallestpigever|smallestpigever
|n|☆cherry786|cherry786
|n|*Lady Monita ☃️|ladymonita
|n| KachoFugetsu|kachofugetsu
|n| facundopro207|facundopro207
|n| DanDaMan99|dandaman99
