|j|☆Air Glider
|j|☆AjaxTheMighty
|t:|1769318075
|gametype|singles
|player|p1|Air Glider|170|1474
|player|p2|AjaxTheMighty|101|1417
|gen|9
|tier|[Gen 9] OU
|rated|
|rule|HP Percentage Mod: HP is shown in percentages
|rule|Endless Battle Clause: Forcing endless battles is banned
|rule|Species Clause: Limit one of each Pokémon
|rule|OHKO Clause: OHKO moves are banned
|rule|Evasion Items Clause: Evasion items are banned
|rule|Evasion Moves Clause: Evasion moves are banned
|rule|Evasion Abilities Clause: Evasion abilities are banned
|rule|Sleep Moves Clause: Sleep-inducing moves are banned
|clearpoke
|poke|p1|Pelipper, F|
|poke|p1|Iron Treads|
|poke|p1|Samurott-Hisui, F|
|poke|p1|Basculegion, M|
|poke|p1|Toxicroak, F|
|poke|p1|Gyarados, F|
|poke|p2|Dondozo, M|
|poke|p2|Blissey, F|
|poke|p2|Corviknight, F|
|poke|p2|Weezing-Galar, F|
|poke|p2|Gliscor, M|
|poke|p2|Toxapex, F|
|teampreview
|inactive|Battle timer is ON: inactive players will automatically lose when time's up. (requested by AjaxTheMighty)
|
|t:|1769318089
|teamsize|p1|6
|teamsize|p2|6
|start
|switch|p1a: Samurott|Samurott-Hisui, F|100/100
|switch|p2a: Gliscor|Gliscor, M|100/100
|turn|1
|
|t:|1769318093
|move|p2a: Gliscor|Protect|p2a: Gliscor
|-singleturn|p2a: Gliscor|Protect
|move|p1a: Samurott|Ceaseless Edge|p2a: Gliscor
|-activate|p2a: Gliscor|move: Protect
|
|-status|p2a: Gliscor|tox|[from] item: Toxic Orb
|upkeep
|turn|2
|
|t:|1769318097
|move|p1a: Samurott|Ceaseless Edge|p2a: Gliscor
|-damage|p2a: Gliscor|47/100 tox
|-sidestart|p2: AjaxTheMighty|Spikes
|move|p2a: Gliscor|Knock Off|p1a: Samurott
|-resisted|p1a: Samurott
|-damage|p1a: Samurott|87/100
|-enditem|p1a: Samurott|Choice Band|[from] move: Knock Off|[of] p2a: Gliscor
|
|-heal|p2a: Gliscor|60/100 tox|[from] ability: Poison Heal
|upkeep
|turn|3
|
|t:|1769318102
|move|p2a: Gliscor|Protect|p2a: Gliscor
|-singleturn|p2a: Gliscor|Protect
|move|p1a: Samurott|Aqua Cutter|p2a: Gliscor
|-activate|p2a: Gliscor|move: Protect
|
|-heal|p2a: Gliscor|72/100 tox|[from] ability: Poison Heal
|upkeep
|turn|4
|
|t:|1769318109
|switch|p2a: Corviknight|Corviknight, F|100/100
|-ability|p2a: Corviknight|Pressure
|move|p1a: Samurott|Knock Off|p2a: Corviknight
|-damage|p2a: Corviknight|76/100
|-enditem|p2a: Corviknight|Leftovers|[from] move: Knock Off|[of] p1a: Samurott
|
|upkeep
|turn|5
|
|t:|1769318115
|switch|p1a: Pelipper|Pelipper, F|100/100
|-weather|RainDance|[from] ability: Drizzle|[of] p1a: Pelipper
|move|p2a: Corviknight|Defog|p1a: Pelipper
|-unboost|p1a: Pelipper|evasion|1
|-sideend|p2: AjaxTheMighty|Spikes|[from] move: Defog|[of] p2a: Corviknight
|
|-weather|RainDance|[upkeep]
|upkeep
|turn|6
|
|t:|1769318122
|move|p1a: Pelipper|Surf|p2a: Corviknight
|-damage|p2a: Corviknight|19/100
|move|p2a: Corviknight|Iron Defense|p2a: Corviknight
|-boost|p2a: Corviknight|def|2
|
|-weather|RainDance|[upkeep]
|upkeep
|turn|7
|
|t:|1769318125
|switch|p2a: Toxapex|Toxapex, F|100/100
|move|p1a: Pelipper|U-turn|p2a: Toxapex
|-resisted|p2a: Toxapex
|-damage|p2a: Toxapex|97/100
|
|t:|1769318136
|switch|p1a: Iron Treads|Iron Treads|100/100|[from] U-turn
|-enditem|p1a: Iron Treads|Booster Energy
|-activate|p1a: Iron Treads|ability: Quark Drive|[fromitem]
|-start|p1a: Iron Treads|quarkdriveatk
|
|-weather|RainDance|[upkeep]
|-heal|p2a: Toxapex|100/100|[from] item: Leftovers
|upkeep
|turn|8
|
|t:|1769318147
|switch|p2a: Dondozo|Dondozo, M|100/100
|move|p1a: Iron Treads|Earthquake|p2a: Dondozo
|-damage|p2a: Dondozo|68/100
|
|-weather|RainDance|[upkeep]
|-heal|p2a: Dondozo|74/100|[from] item: Leftovers
|upkeep
|turn|9
|
|t:|1769318155
|move|p1a: Iron Treads|Stealth Rock|p2a: Dondozo
|-sidestart|p2: AjaxTheMighty|move: Stealth Rock
|move|p2a: Dondozo|Body Press|p1a: Iron Treads
|-supereffective|p1a: Iron Treads
|-damage|p1a: Iron Treads|53/100
|
|-weather|RainDance|[upkeep]
|-heal|p2a: Dondozo|80/100|[from] item: Leftovers
|upkeep
|turn|10
|
|t:|1769318161
|-end|p1a: Iron Treads|Quark Drive|[silent]
|switch|p1a: Toxicroak|Toxicroak, F|100/100
|move|p2a: Dondozo|Body Press|p1a: Toxicroak
|-resisted|p1a: Toxicroak
|-damage|p1a: Toxicroak|88/100
|-damage|p2a: Dondozo|64/100|[from] item: Rocky Helmet|[of] p1a: Toxicroak
|
|-weather|RainDance|[upkeep]
|-heal|p1a: Toxicroak|100/100|[from] ability: Dry Skin
|-heal|p2a: Dondozo|70/100|[from] item: Leftovers
|upkeep
|turn|11
|
|t:|1769318170
|move|p1a: Toxicroak|Encore|p2a: Dondozo
|-start|p2a: Dondozo|Encore
|move|p2a: Dondozo|Body Press|p1a: Toxicroak
|-resisted|p1a: Toxicroak
|-damage|p1a: Toxicroak|87/100
|-damage|p2a: Dondozo|54/100|[from] item: Rocky Helmet|[of] p1a: Toxicroak
|
|-weather|RainDance|[upkeep]
|-heal|p1a: Toxicroak|99/100|[from] ability: Dry Skin
|-heal|p2a: Dondozo|60/100|[from] item: Leftovers
|upkeep
|turn|12
|
|t:|1769318178
|switch|p1a: Basculegion|Basculegion, M|100/100
|switch|p2a: Gliscor|Gliscor, M|72/100 tox
|-damage|p2a: Gliscor|60/100 tox|[from] Stealth Rock
|
|-weather|none
|-heal|p2a: Gliscor|72/100 tox|[from] ability: Poison Heal
|upkeep
|turn|13
|
|t:|1769318184
|move|p2a: Gliscor|Protect|p2a: Gliscor
|-singleturn|p2a: Gliscor|Protect
|move|p1a: Basculegion|Flip Turn|p2a: Gliscor
|-activate|p2a: Gliscor|move: Protect
|
|-heal|p2a: Gliscor|85/100 tox|[from] ability: Poison Heal
|upkeep
|turn|14
|
|t:|1769318187
|move|p1a: Basculegion|Flip Turn|p2a: Gliscor
|-supereffective|p2a: Gliscor
|-damage|p2a: Gliscor|13/100 tox
|
|t:|1769318192
|switch|p1a: Pelipper|Pelipper, F|100/100|[from] Flip Turn
|-weather|RainDance|[from] ability: Drizzle|[of] p1a: Pelipper
|move|p2a: Gliscor|Knock Off|p1a: Pelipper
|-damage|p1a: Pelipper|78/100
|-enditem|p1a: Pelipper|Damp Rock|[from] move: Knock Off|[of] p2a: Gliscor
|
|-weather|RainDance|[upkeep]
|-heal|p2a: Gliscor|26/100 tox|[from] ability: Poison Heal
|upkeep
|turn|15
|
|t:|1769318201
|switch|p1a: Basculegion|Basculegion, M|100/100
|move|p2a: Gliscor|Protect||[still]
|-fail|p2a: Gliscor
|
|-weather|RainDance|[upkeep]
|-heal|p2a: Gliscor|38/100 tox|[from] ability: Poison Heal
|upkeep
|turn|16
|
|t:|1769318203
|move|p2a: Gliscor|Protect|p2a: Gliscor
|-singleturn|p2a: Gliscor|Protect
|move|p1a: Basculegion|Flip Turn|p2a: Gliscor
|-activate|p2a: Gliscor|move: Protect
|
|-weather|RainDance|[upkeep]
|-heal|p2a: Gliscor|51/100 tox|[from] ability: Poison Heal
|upkeep
|turn|17
|
|t:|1769318207
|switch|p2a: Toxapex|Toxapex, F|100/100
|-damage|p2a: Toxapex|88/100|[from] Stealth Rock
|move|p1a: Basculegion|Flip Turn|p2a: Toxapex
|-resisted|p2a: Toxapex
|-damage|p2a: Toxapex|65/100
|
|t:|1769318219
|switch|p1a: Samurott|Samurott-Hisui, F|87/100|[from] Flip Turn
|
|-weather|RainDance|[upkeep]
|-heal|p2a: Toxapex|72/100|[from] item: Leftovers
|upkeep
|turn|18
|
|t:|1769318224
|move|p1a: Samurott|Ceaseless Edge|p2a: Toxapex
|-damage|p2a: Toxapex|35/100
|-sidestart|p2: AjaxTheMighty|Spikes
|move|p2a: Toxapex|Toxic|p1a: Samurott
|-status|p1a: Samurott|tox
|
|-weather|RainDance|[upkeep]
|-heal|p2a: Toxapex|41/100|[from] item: Leftovers
|-damage|p1a: Samurott|81/100 tox|[from] psn
|upkeep
|turn|19
|
|t:|1769318242
|move|p1a: Samurott|Ceaseless Edge|p2a: Toxapex
|-damage|p2a: Toxapex|9/100
|-sidestart|p2: AjaxTheMighty|Spikes
|move|p2a: Toxapex|Recover|p2a: Toxapex
|-heal|p2a: Toxapex|59/100
|
|-weather|RainDance|[upkeep]
|-heal|p2a: Toxapex|65/100|[from] item: Leftovers
|-damage|p1a: Samurott|68/100 tox|[from] psn
|upkeep
|turn|20
|
|t:|1769318248
|switch|p1a: Toxicroak|Toxicroak, F|99/100
|move|p2a: Toxapex|Recover|p2a: Toxapex
|-heal|p2a: Toxapex|100/100
|
|-weather|RainDance|[upkeep]
|-heal|p1a: Toxicroak|100/100|[from] ability: Dry Skin
|upkeep
|turn|21
|
|t:|1769318253
|switch|p2a: Gliscor|Gliscor, M|51/100 tox
|-damage|p2a: Gliscor|38/100 tox|[from] Stealth Rock
|move|p1a: Toxicroak|Encore||[still]
|-fail|p1a: Toxicroak
|
|-weather|none
|-heal|p2a: Gliscor|51/100 tox|[from] ability: Poison Heal
|upkeep
|turn|22
|
|t:|1769318261
|switch|p1a: Pelipper|Pelipper, F|78/100
|-weather|RainDance|[from] ability: Drizzle|[of] p1a: Pelipper
|move|p2a: Gliscor|Spikes|p1a: Pelipper
|-sidestart|p1: Air Glider|Spikes
|
|-weather|RainDance|[upkeep]
|-heal|p2a: Gliscor|63/100 tox|[from] ability: Poison Heal
|upkeep
|turn|23
|
|t:|1769318269
|move|p2a: Gliscor|Protect|p2a: Gliscor
|-singleturn|p2a: Gliscor|Protect
|move|p1a: Pelipper|Surf|p2a: Gliscor
|-activate|p2a: Gliscor|move: Protect
|
|-weather|RainDance|[upkeep]
|-heal|p2a: Gliscor|76/100 tox|[from] ability: Poison Heal
|upkeep
|turn|24
|
|t:|1769318273
|switch|p2a: Toxapex|Toxapex, F|100/100
|-damage|p2a: Toxapex|88/100|[from] Stealth Rock
|-damage|p2a: Toxapex|72/100|[from] Spikes
|move|p1a: Pelipper|U-turn|p2a: Toxapex
|-resisted|p2a: Toxapex
|-damage|p2a: Toxapex|68/100
|
|t:|1769318295
|switch|p1a: Samurott|Samurott-Hisui, F|68/100 tox|[from] U-turn
|-damage|p1a: Samurott|56/100 tox|[from] Spikes
|
|-weather|RainDance|[upkeep]
|-heal|p2a: Toxapex|75/100|[from] item: Leftovers
|-damage|p1a: Samurott|49/100 tox|[from] psn
|upkeep
|turn|25
|
|t:|1769318306
|move|p1a: Samurott|Ceaseless Edge|p2a: Toxapex
|-damage|p2a: Toxapex|38/100
|-sidestart|p2: AjaxTheMighty|Spikes
|move|p2a: Toxapex|Recover|p2a: Toxapex
|-heal|p2a: Toxapex|88/100
|
|-weather|RainDance|[upkeep]
|-heal|p2a: Toxapex|94/100|[from] item: Leftovers
|-damage|p1a: Samurott|37/100 tox|[from] psn
|upkeep
|turn|26
|
|t:|1769318319
|switch|p1a: Toxicroak|Toxicroak, F|100/100
|-damage|p1a: Toxicroak|88/100|[from] Spikes
|move|p2a: Toxapex|Poison Jab|p1a: Toxicroak
|-resisted|p1a: Toxicroak
|-damage|p1a: Toxicroak|81/100
|-damage|p2a: Toxapex|77/100|[from] item: Rocky Helmet|[of] p1a: Toxicroak
|
|-weather|none
|-heal|p2a: Toxapex|84/100|[from] item: Leftovers
|upkeep
|turn|27
|
|t:|1769318325
|switch|p1a: Pelipper|Pelipper, F|78/100
|-weather|RainDance|[from] ability: Drizzle|[of] p1a: Pelipper
|switch|p2a: Gliscor|Gliscor, M|76/100 tox
|-damage|p2a: Gliscor|63/100 tox|[from] Stealth Rock
|
|-weather|RainDance|[upkeep]
|-heal|p2a: Gliscor|76/100 tox|[from] ability: Poison Heal
|upkeep
|turn|28
|
|t:|1769318334
|move|p2a: Gliscor|Protect|p2a: Gliscor
|-singleturn|p2a: Gliscor|Protect
|move|p1a: Pelipper|Surf|p2a: Gliscor
|-activate|p2a: Gliscor|move: Protect
|
|-weather|RainDance|[upkeep]
|-heal|p2a: Gliscor|88/100 tox|[from] ability: Poison Heal
|upkeep
|turn|29
|
|t:|1769318342
|move|p2a: Gliscor|Spikes|p1a: Pelipper
|-sidestart|p1: Air Glider|Spikes
|move|p1a: Pelipper|U-turn|p2a: Gliscor
|-resisted|p2a: Gliscor
|-damage|p2a: Gliscor|85/100 tox
|
|t:|1769318346
|switch|p1a: Basculegion|Basculegion, M|100/100|[from] U-turn
|-damage|p1a: Basculegion|84/100|[from] Spikes
|
|-weather|RainDance|[upkeep]
|-heal|p2a: Gliscor|98/100 tox|[from] ability: Poison Heal
|upkeep
|turn|30
|
|t:|1769318350
|switch|p2a: Toxapex|Toxapex, F|100/100
|-damage|p2a: Toxapex|88/100|[from] Stealth Rock
|-damage|p2a: Toxapex|63/100|[from] Spikes
|move|p1a: Basculegion|Flip Turn|p2a: Toxapex
|-resisted|p2a: Toxapex
|-crit|p2a: Toxapex
|-damage|p2a: Toxapex|27/100
|
|t:|1769318355
|switch|p1a: Gyarados|Gyarados, F|100/100|[from] Flip Turn
|-ability|p1a: Gyarados|Intimidate|boost
|-unboost|p2a: Toxapex|atk|1
|
|-weather|RainDance|[upkeep]
|-heal|p2a: Toxapex|34/100|[from] item: Leftovers
|upkeep
|turn|31
|
|t:|1769318358
|switch|p2a: Dondozo|Dondozo, M|60/100
|-damage|p2a: Dondozo|47/100|[from] Stealth Rock
|-damage|p2a: Dondozo|23/100|[from] Spikes
|move|p1a: Gyarados|Taunt|p2a: Dondozo
|-start|p2a: Dondozo|move: Taunt
|
|-weather|none
|-heal|p2a: Dondozo|29/100|[from] item: Leftovers
|upkeep
|turn|32
|
|t:|1769318374
|switch|p2a: Weezing|Weezing-Galar, F|100/100
|-ability|p2a: Weezing|Neutralizing Gas
|move|p1a: Gyarados|Earthquake|p2a: Weezing
|-supereffective|p2a: Weezing
|-damage|p2a: Weezing|51/100
|
|upkeep
|turn|33
|inactive|Air Glider has 120 seconds left.
|
|t:|1769318403
|move|p1a: Gyarados|Taunt|p2a: Weezing
|-start|p2a: Weezing|move: Taunt
|cant|p2a: Weezing|move: Taunt|Defog
|
|upkeep
|turn|34
|
|t:|1769318409
|-end|p2a: Weezing|ability: Neutralizing Gas
|-ability|p1a: Gyarados|Intimidate|boost
|-unboost|p2a: Weezing|atk|1
|switch|p2a: Blissey|Blissey, F|100/100
|-damage|p2a: Blissey|88/100|[from] Stealth Rock
|-damage|p2a: Blissey|63/100|[from] Spikes
|move|p1a: Gyarados|Dragon Dance|p1a: Gyarados
|-boost|p1a: Gyarados|atk|1
|-boost|p1a: Gyarados|spe|1
|
|-heal|p2a: Blissey|69/100|[from] item: Leftovers
|upkeep
|turn|35
|inactive|Air Glider has 120 seconds left.
|inactive|Air Glider has 90 seconds left.
|
|t:|1769318482
|switch|p2a: Gliscor|Gliscor, M|98/100 tox
|-damage|p2a: Gliscor|85/100 tox|[from] Stealth Rock
|-terastallize|p1a: Gyarados|Ground
|move|p1a: Gyarados|Taunt|p2a: Gliscor
|-start|p2a: Gliscor|move: Taunt
|
|-heal|p2a: Gliscor|98/100 tox|[from] ability: Poison Heal
|upkeep
|turn|36
|inactive|Air Glider has 60 seconds left.
|
|t:|1769318507
|move|p1a: Gyarados|Dragon Dance|p1a: Gyarados
|-boost|p1a: Gyarados|atk|1
|-boost|p1a: Gyarados|spe|1
|move|p2a: Gliscor|Knock Off|p1a: Gyarados
|-damage|p1a: Gyarados|71/100
|-enditem|p1a: Gyarados|Leftovers|[from] move: Knock Off|[of] p2a: Gliscor
|
|-heal|p2a: Gliscor|100/100 tox|[from] ability: Poison Heal
|upkeep
|turn|37
|
|t:|1769318509
|move|p1a: Gyarados|Waterfall|p2a: Gliscor
|-supereffective|p2a: Gliscor
|-damage|p2a: Gliscor|0 fnt
|faint|p2a: Gliscor
|
|upkeep
|c|☆AjaxTheMighty|gg
|-message|AjaxTheMighty forfeited.
|
|win|Air Glider
|raw|Air Glider's rating: 1474 &rarr; <strong>1491</strong><br />(+17 for winning)
|raw|AjaxTheMighty's rating: 1417 &rarr; <strong>1400</strong><br />(-17 for losing)
