|j|☆Maxicozie
|j|☆LFC Hatewatcher
|t:|1769380470
|gametype|singles
|player|p1|Maxicozie|n|1551
|player|p2|LFC Hatewatcher|grimsley|1460
|gen|9
|tier|[Gen 9] OU
|rated|
|rule|HP Percentage Mod: HP is shown in percentages
|rule|Endless Battle Clause: Forcing endless battles is banned
|rule|Species Clause: Limit one of each Pokémon
|rule|OHKO Clause: OHKO moves are banned
|rule|Evasion Items Clause: Evasion items are banned
|rule|Evasion Moves Clause: Evasion moves are banned
|rule|Evasion Abilities Clause: Evasion abilities are banned
|rule|Sleep Moves Clause: Sleep-inducing moves are banned
|clearpoke
|poke|p1|Toucannon, M|
|poke|p1|Dragonite, M|
|poke|p1|Zamazenta-*|
|poke|p1|Iron Treads|
|poke|p1|Zapdos|
|poke|p1|Primarina, F|
|poke|p2|Tinkaton, F|
|poke|p2|Ogerpon, F|
|poke|p2|Great Tusk|
|poke|p2|Pecharunt|
|poke|p2|Alomomola, M|
|poke|p2|Hydreigon, M|
|teampreview
|inactive|Battle timer is ON: inactive players will automatically lose when time's up. (requested by Maxicozie)
|
|t:|1769380491
|teamsize|p1|6
|teamsize|p2|6
|start
|switch|p1a: Toucannon|Toucannon, M|100/100
|switch|p2a: Smile.exe|Tinkaton, F, shiny|100/100
|-item|p2a: Smile.exe|Air Balloon
|turn|1
|
|t:|1769380505
|-singleturn|p1a: Toucannon|move: Beak Blast
|move|p2a: Smile.exe|Stealth Rock|p1a: Toucannon
|-sidestart|p1: Maxicozie|move: Stealth Rock
|move|p1a: Toucannon|Beak Blast|p2a: Smile.exe
|-resisted|p2a: Smile.exe
|-damage|p2a: Smile.exe|64/100
|-enditem|p2a: Smile.exe|Air Balloon
|
|upkeep
|turn|2
|
|t:|1769380520
|switch|p1a: Iron Treads|Iron Treads|100/100
|-damage|p1a: Iron Treads|98/100|[from] Stealth Rock
|-item|p1a: Iron Treads|Air Balloon
|move|p2a: Smile.exe|Encore||[still]
|-fail|p2a: Smile.exe
|
|upkeep
|turn|3
|
|t:|1769380527
|switch|p2a: Overseer|Pecharunt|100/100
|move|p1a: Iron Treads|Knock Off|p2a: Overseer
|-supereffective|p2a: Overseer
|-damage|p2a: Overseer|74/100
|-damage|p1a: Iron Treads|81/100|[from] item: Rocky Helmet|[of] p2a: Overseer
|-enditem|p2a: Overseer|Rocky Helmet|[from] move: Knock Off|[of] p1a: Iron Treads
|
|upkeep
|turn|4
|
|t:|1769380536
|move|p1a: Iron Treads|Earthquake|p2a: Overseer
|-supereffective|p2a: Overseer
|-damage|p2a: Overseer|31/100
|move|p2a: Overseer|Parting Shot|p1a: Iron Treads
|-unboost|p1a: Iron Treads|atk|1
|-unboost|p1a: Iron Treads|spa|1
|
|t:|1769380554
|switch|p2a: Anonymous|Ogerpon, F|100/100|[from] Parting Shot
|
|upkeep
|turn|5
|
|t:|1769380562
|move|p2a: Anonymous|Knock Off|p1a: Iron Treads
|-damage|p1a: Iron Treads|43/100
|-enditem|p1a: Iron Treads|Air Balloon
|move|p1a: Iron Treads|Rapid Spin|p2a: Anonymous
|-damage|p2a: Anonymous|88/100
|-boost|p1a: Iron Treads|spe|1
|-sideend|p1: Maxicozie|Stealth Rock|[from] move: Rapid Spin|[of] p1a: Iron Treads
|
|upkeep
|turn|6
|
|t:|1769380580
|switch|p2a: Hybrid|Hydreigon, M, shiny|100/100
|move|p1a: Iron Treads|Ice Spinner|p2a: Hybrid
|-supereffective|p2a: Hybrid
|-damage|p2a: Hybrid|61/100
|
|upkeep
|turn|7
|
|t:|1769380592
|-end|p1a: Iron Treads|Quark Drive|[silent]
|switch|p1a: Primarina|Primarina, F|100/100
|move|p2a: Hybrid|Dark Pulse|p1a: Primarina
|-resisted|p1a: Primarina
|-damage|p1a: Primarina|82/100
|
|upkeep
|turn|8
|
|t:|1769380610
|switch|p2a: Pisces|Alomomola, M, shiny|100/100
|move|p1a: Primarina|Psychic Noise|p2a: Pisces
|-resisted|p2a: Pisces
|-damage|p2a: Pisces|91/100
|-start|p2a: Pisces|move: Heal Block
|
|upkeep
|turn|9
|
|t:|1769380618
|move|p1a: Primarina|Flip Turn|p2a: Pisces
|-resisted|p2a: Pisces
|-damage|p2a: Pisces|85/100
|
|t:|1769380622
|switch|p1a: Zapdos|Zapdos|100/100|[from] Flip Turn
|move|p2a: Pisces|Flip Turn|p1a: Zapdos
|-damage|p1a: Zapdos|81/100
|-status|p2a: Pisces|par|[from] ability: Static|[of] p1a: Zapdos
|
|t:|1769380643
|switch|p2a: Hybrid|Hydreigon, M, shiny|61/100|[from] Flip Turn
|
|upkeep
|turn|10
|
|t:|1769380648
|switch|p2a: Anonymous|Ogerpon, F|88/100
|move|p1a: Zapdos|Hurricane|p2a: Anonymous|[miss]
|-miss|p1a: Zapdos|p2a: Anonymous
|
|upkeep
|turn|11
|
|t:|1769380663
|switch|p2a: Pisces|Alomomola, M, shiny|100/100 par
|move|p1a: Zapdos|Hurricane|p2a: Pisces
|-damage|p2a: Pisces|56/100 par
|
|upkeep
|turn|12
|
|t:|1769380670
|switch|p1a: Primarina|Primarina, F|82/100
|cant|p2a: Pisces|par
|
|upkeep
|turn|13
|
|t:|1769380674
|move|p1a: Primarina|Moonblast|p2a: Pisces
|-damage|p2a: Pisces|30/100 par
|move|p2a: Pisces|Flip Turn|p1a: Primarina
|-resisted|p1a: Primarina
|-crit|p1a: Primarina
|-damage|p1a: Primarina|68/100
|
|t:|1769380682
|switch|p2a: Anonymous|Ogerpon, F|88/100|[from] Flip Turn
|
|upkeep
|turn|14
|
|t:|1769380687
|switch|p1a: Toucannon|Toucannon, M|100/100
|move|p2a: Anonymous|Ivy Cudgel|p1a: Toucannon
|-resisted|p1a: Toucannon
|-damage|p1a: Toucannon|59/100
|
|upkeep
|turn|15
|
|t:|1769380703
|switch|p2a: Smile.exe|Tinkaton, F, shiny|64/100
|-singleturn|p1a: Toucannon|move: Beak Blast
|move|p1a: Toucannon|Beak Blast|p2a: Smile.exe
|-resisted|p2a: Smile.exe
|-damage|p2a: Smile.exe|26/100
|
|upkeep
|turn|16
|
|t:|1769380718
|switch|p1a: Iron Treads|Iron Treads|43/100
|move|p2a: Smile.exe|Stealth Rock|p1a: Iron Treads
|-sidestart|p1: Maxicozie|move: Stealth Rock
|
|upkeep
|turn|17
|
|t:|1769380724
|move|p1a: Iron Treads|Earthquake|p2a: Smile.exe
|-supereffective|p2a: Smile.exe
|-crit|p2a: Smile.exe
|-damage|p2a: Smile.exe|0 fnt
|faint|p2a: Smile.exe
|
|upkeep
|
|t:|1769380728
|switch|p2a: Anonymous|Ogerpon, F|88/100
|turn|18
|
|t:|1769380739
|-end|p1a: Iron Treads|Quark Drive|[silent]
|switch|p1a: Toucannon|Toucannon, M|59/100
|-damage|p1a: Toucannon|34/100|[from] Stealth Rock
|move|p2a: Anonymous|Ivy Cudgel|p1a: Toucannon
|-resisted|p1a: Toucannon
|-damage|p1a: Toucannon|0 fnt
|faint|p1a: Toucannon
|
|upkeep
|
|t:|1769380751
|switch|p1a: Zamazenta|Zamazenta|100/100
|-damage|p1a: Zamazenta|94/100|[from] Stealth Rock
|-ability|p1a: Zamazenta|Dauntless Shield|boost
|-boost|p1a: Zamazenta|def|1
|turn|19
|
|t:|1769380758
|switch|p2a: Behemoth|Great Tusk, shiny|100/100
|move|p1a: Zamazenta|Crunch|p2a: Behemoth
|-resisted|p2a: Behemoth
|-damage|p2a: Behemoth|86/100
|
|upkeep
|turn|20
|
|t:|1769380771
|switch|p1a: Primarina|Primarina, F|68/100
|-damage|p1a: Primarina|55/100|[from] Stealth Rock
|move|p2a: Behemoth|Rapid Spin|p1a: Primarina
|-damage|p1a: Primarina|36/100
|-boost|p2a: Behemoth|spe|1
|
|upkeep
|turn|21
|
|t:|1769380776
|move|p2a: Behemoth|Headlong Rush|p1a: Primarina
|-damage|p1a: Primarina|0 fnt
|-unboost|p2a: Behemoth|def|1
|-unboost|p2a: Behemoth|spd|1
|faint|p1a: Primarina
|
|upkeep
|
|t:|1769380783
|switch|p1a: Zamazenta|Zamazenta|94/100
|-damage|p1a: Zamazenta|88/100|[from] Stealth Rock
|turn|22
|
|t:|1769380790
|move|p2a: Behemoth|Headlong Rush|p1a: Zamazenta
|-damage|p1a: Zamazenta|32/100
|-unboost|p2a: Behemoth|def|1
|-unboost|p2a: Behemoth|spd|1
|move|p1a: Zamazenta|Psychic Fangs|p2a: Behemoth
|-supereffective|p2a: Behemoth
|-damage|p2a: Behemoth|0 fnt
|faint|p2a: Behemoth
|-end|p2a: Behemoth|Protosynthesis|[silent]
|
|upkeep
|
|t:|1769380802
|switch|p2a: Hybrid|Hydreigon, M, shiny|61/100
|turn|23
|
|t:|1769380817
|switch|p1a: Zapdos|Zapdos|81/100
|-damage|p1a: Zapdos|57/100|[from] Stealth Rock
|switch|p2a: Overseer|Pecharunt|31/100
|
|upkeep
|turn|24
|
|t:|1769380829
|move|p1a: Zapdos|Thunderbolt|p2a: Overseer
|-damage|p2a: Overseer|0 fnt
|faint|p2a: Overseer
|
|upkeep
|
|t:|1769380833
|switch|p2a: Anonymous|Ogerpon, F|88/100
|turn|25
|
|t:|1769380839
|move|p2a: Anonymous|Ivy Cudgel|p1a: Zapdos
|-resisted|p1a: Zapdos
|-damage|p1a: Zapdos|11/100
|move|p1a: Zapdos|Thunderbolt|p2a: Anonymous
|-resisted|p2a: Anonymous
|-damage|p2a: Anonymous|46/100
|
|upkeep
|turn|26
|
|t:|1769380846
|move|p2a: Anonymous|Ivy Cudgel|p1a: Zapdos
|-resisted|p1a: Zapdos
|-damage|p1a: Zapdos|0 fnt
|faint|p1a: Zapdos
|
|upkeep
|
|t:|1769380848
|switch|p1a: Dragonite|Dragonite, M|100/100
|-damage|p1a: Dragonite|76/100|[from] Stealth Rock
|turn|27
|
|t:|1769380856
|switch|p2a: Hybrid|Hydreigon, M, shiny|61/100
|move|p1a: Dragonite|Dragon Dance|p1a: Dragonite
|-boost|p1a: Dragonite|atk|1
|-boost|p1a: Dragonite|spe|1
|
|upkeep
|turn|28
|
|t:|1769380864
|-terastallize|p2a: Hybrid|Steel
|move|p1a: Dragonite|Scale Shot|p2a: Hybrid
|-resisted|p2a: Hybrid
|-damage|p2a: Hybrid|49/100
|-resisted|p2a: Hybrid
|-damage|p2a: Hybrid|36/100
|-resisted|p2a: Hybrid
|-damage|p2a: Hybrid|23/100
|-resisted|p2a: Hybrid
|-damage|p2a: Hybrid|9/100
|-resisted|p2a: Hybrid
|-damage|p2a: Hybrid|0 fnt
|faint|p2a: Hybrid
|-hitcount|p2: Hybrid|5
|-unboost|p1a: Dragonite|def|1
|-boost|p1a: Dragonite|spe|1
|
|upkeep
|
|t:|1769380879
|switch|p2a: Pisces|Alomomola, M, shiny|64/100 par
|turn|29
|
|t:|1769380883
|move|p1a: Dragonite|Dragon Dance|p1a: Dragonite
|-boost|p1a: Dragonite|atk|1
|-boost|p1a: Dragonite|spe|1
|move|p2a: Pisces|Play Rough|p1a: Dragonite
|-supereffective|p1a: Dragonite
|-damage|p1a: Dragonite|18/100
|
|upkeep
|turn|30
|
|t:|1769380892
|cant|p2a: Pisces|par
|move|p1a: Dragonite|Scale Shot|p2a: Pisces
|-damage|p2a: Pisces|40/100 par
|-damage|p2a: Pisces|17/100 par
|-damage|p2a: Pisces|0 fnt
|faint|p2a: Pisces
|-hitcount|p2: Pisces|3
|-unboost|p1a: Dragonite|def|1
|-boost|p1a: Dragonite|spe|1
|
|upkeep
|-message|LFC Hatewatcher forfeited.
|
|win|Maxicozie
|raw|Maxicozie's rating: 1551 &rarr; <strong>1566</strong><br />(+15 for winning)
|raw|LFC Hatewatcher's rating: 1460 &rarr; <strong>1445</strong><br />(-15 for losing)
|l|☆LFC Hatewatcher
|player|p2|
|l|☆Maxicozie
|player|p1|
