|j|☆Anyaaasenapicard
|j|☆Johveon
|t:|1769339249
|gametype|singles
|player|p1|Anyaaasenapicard|acetrainersnow|1191
|player|p2|Johveon|norman|1206
|gen|9
|tier|[Gen 9] OU
|rated|
|rule|HP Percentage Mod: HP is shown in percentages
|rule|Endless Battle Clause: Forcing endless battles is banned
|rule|Species Clause: Limit one of each Pokémon
|rule|OHKO Clause: OHKO moves are banned
|rule|Evasion Items Clause: Evasion items are banned
|rule|Evasion Moves Clause: Evasion moves are banned
|rule|Evasion Abilities Clause: Evasion abilities are banned
|rule|Sleep Moves Clause: Sleep-inducing moves are banned
|clearpoke
|poke|p1|Landorus-Therian, M|
|poke|p1|Samurott-Hisui, F|
|poke|p1|Gholdengo|
|poke|p1|Thundurus-Therian, M|
|poke|p1|Scizor, M|
|poke|p1|Zamazenta-*|
|poke|p2|Rillaboom, M|
|poke|p2|Great Tusk|
|poke|p2|Gyarados, M|
|poke|p2|Iron Moth|
|poke|p2|Azelf|
|poke|p2|Zamazenta-*|
|teampreview
|inactive|Battle timer is ON: inactive players will automatically lose when time's up. (requested by Anyaaasenapicard)
|
|t:|1769339252
|teamsize|p1|6
|teamsize|p2|6
|start
|switch|p1a: Landorus|Landorus-Therian, M|100/100
|switch|p2a: Azelf|Azelf|100/100
|-ability|p1a: Landorus|Intimidate|boost
|-unboost|p2a: Azelf|atk|1
|turn|1
|
|t:|1769339255
|move|p2a: Azelf|Stealth Rock|p1a: Landorus
|-sidestart|p1: Anyaaasenapicard|move: Stealth Rock
|move|p1a: Landorus|U-turn|p2a: Azelf
|-supereffective|p2a: Azelf
|-damage|p2a: Azelf|33/100
|
|t:|1769339258
|switch|p1a: Scizor|Scizor, M|100/100|[from] U-turn
|
|upkeep
|turn|2
|
|t:|1769339262
|switch|p2a: Iron Moth|Iron Moth|100/100
|-enditem|p2a: Iron Moth|Booster Energy
|-activate|p2a: Iron Moth|ability: Quark Drive|[fromitem]
|-start|p2a: Iron Moth|quarkdrivespe
|move|p1a: Scizor|Knock Off|p2a: Iron Moth
|-damage|p2a: Iron Moth|62/100
|
|upkeep
|turn|3
|
|t:|1769339279
|switch|p1a: Samurott|Samurott-Hisui, F|100/100
|move|p2a: Iron Moth|Fiery Dance|p1a: Samurott
|-resisted|p1a: Samurott
|-damage|p1a: Samurott|71/100
|-boost|p2a: Iron Moth|spa|1
|
|upkeep
|turn|4
|
|t:|1769339289
|move|p1a: Samurott|Sucker Punch|p2a: Iron Moth
|-damage|p2a: Iron Moth|6/100
|move|p2a: Iron Moth|Energy Ball|p1a: Samurott
|-supereffective|p1a: Samurott
|-damage|p1a: Samurott|0 fnt
|faint|p1a: Samurott
|
|upkeep
|
|t:|1769339292
|switch|p1a: Scizor|Scizor, M|100/100
|turn|5
|
|t:|1769339298
|move|p1a: Scizor|Bullet Punch|p2a: Iron Moth
|-resisted|p2a: Iron Moth
|-damage|p2a: Iron Moth|0 fnt
|faint|p2a: Iron Moth
|-end|p2a: Iron Moth|Quark Drive|[silent]
|
|upkeep
|
|t:|1769339310
|switch|p2a: Zamazenta|Zamazenta|100/100
|-ability|p2a: Zamazenta|Dauntless Shield|boost
|-boost|p2a: Zamazenta|def|1
|turn|6
|
|t:|1769339314
|move|p2a: Zamazenta|Substitute|p2a: Zamazenta
|-start|p2a: Zamazenta|Substitute
|-damage|p2a: Zamazenta|76/100
|move|p1a: Scizor|Knock Off|p2a: Zamazenta
|-resisted|p2a: Zamazenta
|-activate|p2a: Zamazenta|move: Substitute|[damage]
|
|-heal|p2a: Zamazenta|82/100|[from] item: Leftovers
|upkeep
|turn|7
|
|t:|1769339319
|switch|p1a: Zamazenta|Zamazenta|100/100
|-damage|p1a: Zamazenta|94/100|[from] Stealth Rock
|-ability|p1a: Zamazenta|Dauntless Shield|boost
|-boost|p1a: Zamazenta|def|1
|move|p2a: Zamazenta|Iron Defense|p2a: Zamazenta
|-boost|p2a: Zamazenta|def|2
|
|-heal|p2a: Zamazenta|88/100|[from] item: Leftovers
|-heal|p1a: Zamazenta|100/100|[from] item: Leftovers
|upkeep
|turn|8
|
|t:|1769339326
|move|p2a: Zamazenta|Iron Defense|p2a: Zamazenta
|-boost|p2a: Zamazenta|def|2
|move|p1a: Zamazenta|Iron Defense|p1a: Zamazenta
|-boost|p1a: Zamazenta|def|2
|
|-heal|p2a: Zamazenta|94/100|[from] item: Leftovers
|upkeep
|turn|9
|
|t:|1769339332
|move|p2a: Zamazenta|Iron Defense|p2a: Zamazenta
|-boost|p2a: Zamazenta|def|1
|move|p1a: Zamazenta|Iron Defense|p1a: Zamazenta
|-boost|p1a: Zamazenta|def|2
|
|-heal|p2a: Zamazenta|99/100|[from] item: Leftovers
|upkeep
|turn|10
|
|t:|1769339337
|-terastallize|p2a: Zamazenta|Poison
|move|p2a: Zamazenta|Body Press|p1a: Zamazenta
|-damage|p1a: Zamazenta|66/100
|move|p1a: Zamazenta|Roar|p2a: Zamazenta
|drag|p2a: Rillaboom|Rillaboom, M|100/100
|-fieldstart|move: Grassy Terrain|[from] ability: Grassy Surge|[of] p2a: Rillaboom
|
|-heal|p1a: Zamazenta|73/100|[from] Grassy Terrain
|-heal|p1a: Zamazenta|79/100|[from] item: Leftovers
|upkeep
|turn|11
|-message|Johveon forfeited.
|
|win|Anyaaasenapicard
|raw|Anyaaasenapicard's rating: 1191 &rarr; <strong>1217</strong><br />(+26 for winning)
|raw|Johveon's rating: 1206 &rarr; <strong>1180</strong><br />(-26 for losing)
|l|☆Johveon
|player|p2|
|c|☆Anyaaasenapicard|gg
|l|☆Anyaaasenapicard
|player|p1|
