|j|☆Belike
|j|☆ch33ky20
|t:|1769293681
|gametype|singles
|player|p1|Belike|falkner|1386
|player|p2|ch33ky20|266|1443
|gen|9
|tier|[Gen 9] OU
|rated|
|rule|HP Percentage Mod: HP is shown in percentages
|rule|Endless Battle Clause: Forcing endless battles is banned
|rule|Species Clause: Limit one of each Pokémon
|rule|OHKO Clause: OHKO moves are banned
|rule|Evasion Items Clause: Evasion items are banned
|rule|Evasion Moves Clause: Evasion moves are banned
|rule|Evasion Abilities Clause: Evasion abilities are banned
|rule|Sleep Moves Clause: Sleep-inducing moves are banned
|clearpoke
|poke|p1|Iron Moth|
|poke|p1|Glimmora, F|
|poke|p1|Heatran, F|
|poke|p1|Lilligant-Hisui, F|
|poke|p1|Torkoal, M|
|poke|p1|Walking Wake|
|poke|p2|Iron Valiant|
|poke|p2|Excadrill, M|
|poke|p2|Tyranitar, M|
|poke|p2|Tornadus-Therian, M|
|poke|p2|Ogerpon-Cornerstone, F|
|poke|p2|Toxapex, M|
|teampreview
|inactive|Battle timer is ON: inactive players will automatically lose when time's up. (requested by Belike)
|
|t:|1769293686
|teamsize|p1|6
|teamsize|p2|6
|start
|switch|p1a: Heatran|Heatran, F|100/100
|switch|p2a: chud|Toxapex, M, shiny|100/100
|-item|p1a: Heatran|Air Balloon
|turn|1
|
|t:|1769293690
|move|p1a: Heatran|Magma Storm|p2a: chud
|-resisted|p2a: chud
|-damage|p2a: chud|86/100
|-activate|p2a: chud|move: Magma Storm|[of] p1a: Heatran
|-enditem|p2a: chud|Eject Button
|
|t:|1769293700
|switch|p2a: THE GOAT|Tyranitar, M, shiny|100/100
|-weather|Sandstorm|[from] ability: Sand Stream|[of] p2a: THE GOAT
|
|-weather|Sandstorm|[upkeep]
|upkeep
|turn|2
|
|t:|1769293706
|move|p2a: THE GOAT|Low Kick|p1a: Heatran
|-supereffective|p1a: Heatran
|-damage|p1a: Heatran|48/100
|-enditem|p1a: Heatran|Air Balloon
|move|p1a: Heatran|Body Press|p2a: THE GOAT
|-supereffective|p2a: THE GOAT
|-damage|p2a: THE GOAT|0 fnt
|faint|p2a: THE GOAT
|
|-weather|Sandstorm|[upkeep]
|upkeep
|c|☆ch33ky20|breh
|
|t:|1769293719
|switch|p2a: Simon|Excadrill, M|100/100
|turn|3
|c|☆Belike|You’re on lowkick ttar complaining about body press
|
|t:|1769293743
|switch|p1a: Torkoal|Torkoal, M|100/100
|-weather|SunnyDay|[from] ability: Drought|[of] p1a: Torkoal
|move|p2a: Simon|Earthquake|p1a: Torkoal
|-supereffective|p1a: Torkoal
|-damage|p1a: Torkoal|11/100
|
|-weather|SunnyDay|[upkeep]
|upkeep
|turn|4
|c|☆ch33ky20|whats wrong with lowkick goattar
|c|☆Belike|He gets diffed by heatran
|c|☆ch33ky20|ive just never seen body press on tranni
|inactive|ch33ky20 has 120 seconds left.
|
|t:|1769293773
|switch|p1a: Lilligant|Lilligant-Hisui, F|100/100
|move|p2a: Simon|Rapid Spin|p1a: Lilligant
|-damage|p1a: Lilligant|70/100
|-boost|p2a: Simon|spe|1
|
|-weather|SunnyDay|[upkeep]
|upkeep
|turn|5
|inactive|ch33ky20 has 120 seconds left.
|
|t:|1769293786
|switch|p2a: chud|Toxapex, M, shiny|100/100
|move|p1a: Lilligant|Axe Kick|p2a: chud
|-resisted|p2a: chud
|-damage|p2a: chud|80/100
|
|-weather|SunnyDay|[upkeep]
|upkeep
|turn|6
|c|☆Belike|You might not be agency
|
|t:|1769293800
|switch|p1a: Glimmora|Glimmora, F|100/100
|move|p2a: chud|Toxic Spikes|p1a: Glimmora
|-sidestart|p1: Belike|move: Toxic Spikes
|
|-weather|SunnyDay|[upkeep]
|upkeep
|turn|7
|
|t:|1769293804
|switch|p2a: Simon|Excadrill, M|100/100
|move|p1a: Glimmora|Earth Power|p2a: Simon
|-supereffective|p2a: Simon
|-damage|p2a: Simon|28/100
|
|-weather|SunnyDay|[upkeep]
|-heal|p2a: Simon|35/100|[from] item: Leftovers
|upkeep
|turn|8
|
|t:|1769293811
|move|p2a: Simon|Earthquake|p1a: Glimmora
|-supereffective|p1a: Glimmora
|-crit|p1a: Glimmora
|-enditem|p1a: Glimmora|Focus Sash
|-damage|p1a: Glimmora|1/100
|-activate|p1a: Glimmora|ability: Toxic Debris
|-sidestart|p2: ch33ky20|move: Toxic Spikes
|move|p1a: Glimmora|Earth Power|p2a: Simon
|-supereffective|p2a: Simon
|-damage|p2a: Simon|0 fnt
|faint|p2a: Simon
|
|-weather|SunnyDay|[upkeep]
|upkeep
|
|t:|1769293815
|switch|p2a: chud|Toxapex, M, shiny|100/100
|-sideend|p2: ch33ky20|move: Toxic Spikes|[of] p2a: chud
|turn|9
|
|t:|1769293822
|move|p1a: Glimmora|Spikes|p2a: chud
|-sidestart|p2: ch33ky20|Spikes
|move|p2a: chud|Toxic Spikes|p1a: Glimmora
|-sidestart|p1: Belike|move: Toxic Spikes
|
|-weather|SunnyDay|[upkeep]
|upkeep
|turn|10
|
|t:|1769293835
|switch|p2a: Fug|Tornadus-Therian, M, shiny|100/100
|move|p1a: Glimmora|Stealth Rock|p2a: Fug
|-sidestart|p2: ch33ky20|move: Stealth Rock
|
|-weather|none
|upkeep
|turn|11
|
|t:|1769293847
|move|p2a: Fug|Bleakwind Storm|p1a: Glimmora
|-resisted|p1a: Glimmora
|-damage|p1a: Glimmora|0 fnt
|faint|p1a: Glimmora
|
|upkeep
|
|t:|1769293851
|switch|p1a: Iron Moth|Iron Moth|100/100
|-sideend|p1: Belike|move: Toxic Spikes|[of] p1a: Iron Moth
|-enditem|p1a: Iron Moth|Booster Energy
|-activate|p1a: Iron Moth|ability: Quark Drive|[fromitem]
|-start|p1a: Iron Moth|quarkdrivespe
|turn|12
|c|☆ch33ky20|smooth brain
|
|t:|1769293860
|move|p1a: Iron Moth|Fiery Dance|p2a: Fug
|-damage|p2a: Fug|50/100
|-boost|p1a: Iron Moth|spa|1
|move|p2a: Fug|Bleakwind Storm|p1a: Iron Moth|[miss]
|-miss|p2a: Fug|p1a: Iron Moth
|
|upkeep
|turn|13
|-message|ch33ky20 forfeited.
|
|win|Belike
|raw|Belike's rating: 1386 &rarr; <strong>1409</strong><br />(+23 for winning)
|raw|ch33ky20's rating: 1443 &rarr; <strong>1420</strong><br />(-23 for losing)
|l|☆ch33ky20
|player|p2|
