|j|☆1337muffin1337
|j|☆MEHVISH
|t:|1769424409
|gametype|singles
|player|p1|1337muffin1337|misty|1213
|player|p2|MEHVISH|elesa|1240
|gen|9
|tier|[Gen 9] OU
|rated|
|rule|HP Percentage Mod: HP is shown in percentages
|rule|Endless Battle Clause: Forcing endless battles is banned
|rule|Species Clause: Limit one of each Pokémon
|rule|OHKO Clause: OHKO moves are banned
|rule|Evasion Items Clause: Evasion items are banned
|rule|Evasion Moves Clause: Evasion moves are banned
|rule|Evasion Abilities Clause: Evasion abilities are banned
|rule|Sleep Moves Clause: Sleep-inducing moves are banned
|clearpoke
|poke|p1|Volcanion|
|poke|p1|Lapras, F|
|poke|p1|Azelf|
|poke|p1|Darkrai|
|poke|p1|Garchomp, F|
|poke|p1|Conkeldurr, M|
|poke|p2|Gholdengo|
|poke|p2|Glimmora, M|
|poke|p2|Torkoal, F|
|poke|p2|Lilligant-Hisui, F|
|poke|p2|Raging Bolt|
|poke|p2|Walking Wake|
|teampreview
|inactive|Battle timer is ON: inactive players will automatically lose when time's up. (requested by MEHVISH)
|
|t:|1769424413
|teamsize|p1|6
|teamsize|p2|6
|start
|switch|p1a: Azelf|Azelf, shiny|100/100
|switch|p2a: smoked|Torkoal, F|100/100
|-weather|SunnyDay|[from] ability: Drought|[of] p2a: smoked
|turn|1
|
|t:|1769424429
|switch|p1a: Volcanion|Volcanion|100/100
|move|p2a: smoked|Weather Ball|p1a: Volcanion
|-resisted|p1a: Volcanion
|-damage|p1a: Volcanion|89/100
|
|-weather|SunnyDay|[upkeep]
|upkeep
|turn|2
|
|t:|1769424436
|switch|p2a: zenitsu|Raging Bolt|100/100
|-activate|p2a: zenitsu|ability: Protosynthesis
|-start|p2a: zenitsu|protosynthesisspa
|move|p1a: Volcanion|Steam Eruption|p2a: zenitsu
|-resisted|p2a: zenitsu
|-damage|p2a: zenitsu|87/100
|
|-weather|SunnyDay|[upkeep]
|-heal|p2a: zenitsu|93/100|[from] item: Leftovers
|upkeep
|turn|3
|
|t:|1769424446
|move|p2a: zenitsu|Thunderbolt|p1a: Volcanion
|-supereffective|p1a: Volcanion
|-damage|p1a: Volcanion|0 fnt
|faint|p1a: Volcanion
|
|-weather|SunnyDay|[upkeep]
|-heal|p2a: zenitsu|99/100|[from] item: Leftovers
|upkeep
|
|t:|1769424453
|switch|p1a: Garchomp|Garchomp, F|100/100
|turn|4
|
|t:|1769424457
|-end|p2a: zenitsu|Protosynthesis|[silent]
|switch|p2a: money baby|Gholdengo|100/100
|move|p1a: Garchomp|Swords Dance|p1a: Garchomp
|-boost|p1a: Garchomp|atk|2
|
|-weather|SunnyDay|[upkeep]
|upkeep
|turn|5
|
|t:|1769424466
|move|p2a: money baby|Make It Rain|p1a: Garchomp
|-damage|p1a: Garchomp|26/100
|-unboost|p2a: money baby|spa|1
|move|p1a: Garchomp|Dragon Claw|p2a: money baby
|-resisted|p2a: money baby
|-damage|p2a: money baby|56/100
|
|-weather|SunnyDay|[upkeep]
|upkeep
|turn|6
|
|t:|1769424485
|switch|p1a: Darkrai|Darkrai|100/100
|move|p2a: money baby|Make It Rain|p1a: Darkrai
|-damage|p1a: Darkrai|43/100
|-unboost|p2a: money baby|spa|1
|
|-weather|SunnyDay|[upkeep]
|upkeep
|turn|7
|
|t:|1769424507
|switch|p2a: dance baby|Lilligant-Hisui, F|100/100
|move|p1a: Darkrai|Dark Pulse|p2a: dance baby
|-resisted|p2a: dance baby
|-damage|p2a: dance baby|68/100
|
|-weather|SunnyDay|[upkeep]
|upkeep
|turn|8
|
|t:|1769424522
|move|p2a: dance baby|Close Combat|p1a: Darkrai
|-supereffective|p1a: Darkrai
|-damage|p1a: Darkrai|0 fnt
|-unboost|p2a: dance baby|def|1
|-unboost|p2a: dance baby|spd|1
|faint|p1a: Darkrai
|-damage|p2a: dance baby|59/100|[from] item: Life Orb
|
|-weather|none
|upkeep
|
|t:|1769424532
|switch|p1a: Conkeldurr|Conkeldurr, M|100/100
|turn|9
|
|t:|1769424541
|switch|p2a: smoked|Torkoal, F|100/100
|-weather|SunnyDay|[from] ability: Drought|[of] p2a: smoked
|move|p1a: Conkeldurr|Ice Punch|p2a: smoked
|-resisted|p2a: smoked
|-damage|p2a: smoked|88/100
|
|-weather|SunnyDay|[upkeep]
|upkeep
|turn|10
|
|t:|1769424551
|switch|p1a: Lapras|Lapras, F, shiny|100/100
|move|p2a: smoked|Will-O-Wisp|p1a: Lapras
|-status|p1a: Lapras|brn
|
|-weather|SunnyDay|[upkeep]
|-damage|p1a: Lapras|94/100 brn|[from] brn
|upkeep
|turn|11
|
|t:|1769424565
|switch|p2a: dance baby|Lilligant-Hisui, F|59/100
|move|p1a: Lapras|Liquidation|p2a: dance baby
|-resisted|p2a: dance baby
|-damage|p2a: dance baby|55/100
|
|-weather|SunnyDay|[upkeep]
|-damage|p1a: Lapras|88/100 brn|[from] brn
|upkeep
|turn|12
|
|t:|1769424573
|move|p2a: dance baby|Solar Blade||[still]
|-prepare|p2a: dance baby|Solar Blade
|-anim|p2a: dance baby|Solar Blade|p1a: Lapras
|-supereffective|p1a: Lapras
|-damage|p1a: Lapras|0 fnt
|-damage|p2a: dance baby|38/100|[from] item: Rocky Helmet|[of] p1a: Lapras
|faint|p1a: Lapras
|-damage|p2a: dance baby|28/100|[from] item: Life Orb
|
|-weather|SunnyDay|[upkeep]
|upkeep
|
|t:|1769424583
|switch|p1a: Azelf|Azelf, shiny|100/100
|turn|13
|
|t:|1769424590
|move|p2a: dance baby|Solar Blade||[still]
|-prepare|p2a: dance baby|Solar Blade
|-anim|p2a: dance baby|Solar Blade|p1a: Azelf
|-damage|p1a: Azelf|0 fnt
|faint|p1a: Azelf
|-damage|p2a: dance baby|18/100|[from] item: Life Orb
|
|-weather|SunnyDay|[upkeep]
|upkeep
|
|t:|1769424597
|switch|p1a: Garchomp|Garchomp, F|26/100
|turn|14
|
|t:|1769424600
|move|p2a: dance baby|Ice Spinner|p1a: Garchomp
|-supereffective|p1a: Garchomp
|-damage|p1a: Garchomp|0 fnt
|-damage|p2a: dance baby|6/100|[from] ability: Rough Skin|[of] p1a: Garchomp
|-damage|p2a: dance baby|0 fnt|[from] item: Rocky Helmet|[of] p1a: Garchomp
|faint|p1a: Garchomp
|faint|p2a: dance baby
|
|-weather|SunnyDay|[upkeep]
|upkeep
|
|t:|1769424609
|switch|p1a: Conkeldurr|Conkeldurr, M|100/100
|switch|p2a: giyu|Walking Wake|100/100
|-activate|p2a: giyu|ability: Protosynthesis
|-start|p2a: giyu|protosynthesisspa
|turn|15
|
|t:|1769424616
|-terastallize|p2a: giyu|Dragon
|move|p2a: giyu|Draco Meteor|p1a: Conkeldurr
|-damage|p1a: Conkeldurr|0 fnt
|-unboost|p2a: giyu|spa|2
|faint|p1a: Conkeldurr
|
|win|MEHVISH
|raw|1337muffin1337's rating: 1213 &rarr; <strong>1190</strong><br />(-23 for losing)
|raw|MEHVISH's rating: 1240 &rarr; <strong>1263</strong><br />(+23 for winning)
|l|☆1337muffin1337
|player|p1|
|l|☆MEHVISH
|player|p2|
