|j|☆poopseydoopsey
|j|☆Eel56
|t:|1769371963
|gametype|singles
|player|p1|poopseydoopsey|hiker-gen6|1816
|player|p2|Eel56|265|1858
|gen|9
|tier|[Gen 9] OU
|rated|
|rule|HP Percentage Mod: HP is shown in percentages
|rule|Endless Battle Clause: Forcing endless battles is banned
|rule|Species Clause: Limit one of each Pokémon
|rule|OHKO Clause: OHKO moves are banned
|rule|Evasion Items Clause: Evasion items are banned
|rule|Evasion Moves Clause: Evasion moves are banned
|rule|Evasion Abilities Clause: Evasion abilities are banned
|rule|Sleep Moves Clause: Sleep-inducing moves are banned
|clearpoke
|poke|p1|Dragapult, M|
|poke|p1|Samurott-Hisui, F|
|poke|p1|Dragonite, F|
|poke|p1|Great Tusk|
|poke|p1|Rillaboom, F|
|poke|p1|Heatran, M|
|poke|p2|Great Tusk|
|poke|p2|Pecharunt|
|poke|p2|Iron Valiant|
|poke|p2|Iron Crown|
|poke|p2|Samurott-Hisui, M|
|poke|p2|Dragonite, M|
|teampreview
|inactive|Battle timer is ON: inactive players will automatically lose when time's up. (requested by poopseydoopsey)
|
|t:|1769371992
|teamsize|p1|6
|teamsize|p2|6
|start
|switch|p1a: Rillaboom|Rillaboom, F|100/100
|switch|p2a: Samurott|Samurott-Hisui, M, shiny|100/100
|-fieldstart|move: Grassy Terrain|[from] ability: Grassy Surge|[of] p1a: Rillaboom
|turn|1
|
|t:|1769372001
|switch|p2a: Pecharunt|Pecharunt|100/100
|move|p1a: Rillaboom|U-turn|p2a: Pecharunt
|-resisted|p2a: Pecharunt
|-damage|p2a: Pecharunt|96/100
|-damage|p1a: Rillaboom|84/100|[from] item: Rocky Helmet|[of] p2a: Pecharunt
|
|t:|1769372004
|switch|p1a: Heatran|Heatran, M|100/100|[from] U-turn
|
|-heal|p2a: Pecharunt|100/100|[from] Grassy Terrain
|upkeep
|turn|2
|j| shedtailhater
|
|t:|1769372011
|switch|p2a: Samurott|Samurott-Hisui, M, shiny|100/100
|move|p1a: Heatran|Will-O-Wisp|p2a: Samurott
|-status|p2a: Samurott|brn
|
|-damage|p2a: Samurott|94/100 brn|[from] brn
|upkeep
|turn|3
|
|t:|1769372016
|move|p1a: Heatran|Stealth Rock|p2a: Samurott
|-sidestart|p2: Eel56|move: Stealth Rock
|move|p2a: Samurott|Ceaseless Edge|p1a: Heatran
|-damage|p1a: Heatran|72/100
|-sidestart|p1: poopseydoopsey|Spikes
|
|-heal|p1a: Heatran|79/100|[from] Grassy Terrain
|-heal|p1a: Heatran|85/100|[from] item: Leftovers
|-heal|p2a: Samurott|100/100 brn|[from] Grassy Terrain
|-damage|p2a: Samurott|94/100 brn|[from] brn
|upkeep
|turn|4
|
|t:|1769372022
|switch|p1a: Great Tusk|Great Tusk|100/100
|-damage|p1a: Great Tusk|88/100|[from] Spikes
|-enditem|p1a: Great Tusk|Booster Energy
|-activate|p1a: Great Tusk|ability: Protosynthesis|[fromitem]
|-start|p1a: Great Tusk|protosynthesisatk
|move|p2a: Samurott|Flip Turn|p1a: Great Tusk
|-supereffective|p1a: Great Tusk
|-damage|p1a: Great Tusk|67/100
|
|t:|1769372039
|switch|p2a: Iron Crown|Iron Crown|100/100|[from] Flip Turn
|-damage|p2a: Iron Crown|94/100|[from] Stealth Rock
|
|-heal|p2a: Iron Crown|100/100|[from] Grassy Terrain
|-heal|p1a: Great Tusk|73/100|[from] Grassy Terrain
|upkeep
|turn|5
|
|t:|1769372065
|-end|p1a: Great Tusk|Protosynthesis|[silent]
|switch|p1a: Samurott|Samurott-Hisui, F|100/100
|-damage|p1a: Samurott|88/100|[from] Spikes
|move|p2a: Iron Crown|Psychic Noise|p1a: Samurott
|-immune|p1a: Samurott
|
|-heal|p1a: Samurott|94/100|[from] Grassy Terrain
|-fieldend|move: Grassy Terrain
|upkeep
|turn|6
|
|t:|1769372085
|-end|p2a: Iron Crown|Quark Drive|[silent]
|switch|p2a: Samurott|Samurott-Hisui, M, shiny|94/100 brn
|-damage|p2a: Samurott|82/100 brn|[from] Stealth Rock
|move|p1a: Samurott|Razor Shell|p2a: Samurott
|-resisted|p2a: Samurott
|-damage|p2a: Samurott|47/100 brn
|-unboost|p2a: Samurott|def|1
|
|-damage|p2a: Samurott|41/100 brn|[from] brn
|upkeep
|turn|7
|inactive|poopseydoopsey has 120 seconds left.
|
|t:|1769372107
|move|p2a: Samurott|Sucker Punch|p1a: Samurott
|-resisted|p1a: Samurott
|-damage|p1a: Samurott|82/100
|move|p1a: Samurott|Ceaseless Edge|p2a: Samurott|[miss]
|-miss|p1a: Samurott|p2a: Samurott
|
|-damage|p2a: Samurott|35/100 brn|[from] brn
|upkeep
|turn|8
|
|t:|1769372119
|move|p2a: Samurott|Sucker Punch|p1a: Samurott
|-resisted|p1a: Samurott
|-damage|p1a: Samurott|71/100
|move|p1a: Samurott|Ceaseless Edge|p2a: Samurott|[miss]
|-miss|p1a: Samurott|p2a: Samurott
|
|-damage|p2a: Samurott|29/100 brn|[from] brn
|upkeep
|turn|9
|
|t:|1769372124
|move|p2a: Samurott|Sucker Punch|p1a: Samurott
|-resisted|p1a: Samurott
|-damage|p1a: Samurott|60/100
|move|p1a: Samurott|Ceaseless Edge|p2a: Samurott
|-resisted|p2a: Samurott
|-damage|p2a: Samurott|0 fnt
|-sidestart|p2: Eel56|Spikes
|faint|p2a: Samurott
|
|upkeep
|
|t:|1769372140
|switch|p2a: Great Tusk|Great Tusk, shiny|100/100
|turn|10
|inactive|poopseydoopsey has 120 seconds left.
|
|t:|1769372170
|switch|p1a: Dragapult|Dragapult, M|100/100
|-damage|p1a: Dragapult|88/100|[from] Spikes
|move|p2a: Great Tusk|Headlong Rush|p1a: Dragapult
|-damage|p1a: Dragapult|0 fnt
|-unboost|p2a: Great Tusk|def|1
|-unboost|p2a: Great Tusk|spd|1
|faint|p1a: Dragapult
|
|upkeep
|inactive|poopseydoopsey has 120 seconds left.
|
|t:|1769372176
|switch|p1a: Dragonite|Dragonite, F|100/100
|turn|11
|
|t:|1769372191
|-terastallize|p1a: Dragonite|Ghost
|move|p2a: Great Tusk|Rapid Spin|p1a: Dragonite
|-immune|p1a: Dragonite
|move|p1a: Dragonite|Dragon Dance|p1a: Dragonite
|-boost|p1a: Dragonite|atk|1
|-boost|p1a: Dragonite|spe|1
|
|upkeep
|turn|12
|
|t:|1769372213
|move|p1a: Dragonite|Scale Shot|p2a: Great Tusk
|-damage|p2a: Great Tusk|79/100
|-damage|p2a: Great Tusk|57/100
|-damage|p2a: Great Tusk|36/100
|-damage|p2a: Great Tusk|14/100
|-hitcount|p2a: Great Tusk|4
|-unboost|p1a: Dragonite|def|1
|-boost|p1a: Dragonite|spe|1
|move|p2a: Great Tusk|Headlong Rush|p1a: Dragonite
|-damage|p1a: Dragonite|50/100
|-unboost|p2a: Great Tusk|def|1
|-unboost|p2a: Great Tusk|spd|1
|
|upkeep
|turn|13
|
|t:|1769372220
|move|p1a: Dragonite|Scale Shot|p2a: Great Tusk
|-damage|p2a: Great Tusk|0 fnt
|faint|p2a: Great Tusk
|-end|p2a: Great Tusk|Protosynthesis|[silent]
|-hitcount|p2: Great Tusk|1
|-unboost|p1a: Dragonite|def|1
|-boost|p1a: Dragonite|spe|1
|
|upkeep
|
|t:|1769372231
|switch|p2a: Pecharunt|Pecharunt|100/100
|-damage|p2a: Pecharunt|88/100|[from] Stealth Rock
|-damage|p2a: Pecharunt|76/100|[from] Spikes
|turn|14
|
|t:|1769372235
|switch|p1a: Samurott|Samurott-Hisui, F|60/100
|-damage|p1a: Samurott|48/100|[from] Spikes
|move|p2a: Pecharunt|Shadow Ball|p1a: Samurott
|-resisted|p1a: Samurott
|-damage|p1a: Samurott|37/100
|-unboost|p1a: Samurott|spd|1
|
|upkeep
|turn|15
|
|t:|1769372255
|switch|p2a: Iron Valiant|Iron Valiant, shiny|100/100
|-damage|p2a: Iron Valiant|94/100|[from] Stealth Rock
|-damage|p2a: Iron Valiant|82/100|[from] Spikes
|move|p1a: Samurott|Knock Off|p2a: Iron Valiant
|-resisted|p2a: Iron Valiant
|-damage|p2a: Iron Valiant|67/100
|-enditem|p2a: Iron Valiant|Choice Specs|[from] move: Knock Off|[of] p1a: Samurott
|
|upkeep
|turn|16
|
|t:|1769372266
|switch|p1a: Dragonite|Dragonite, F, tera:Ghost|50/100
|-damage|p1a: Dragonite|37/100|[from] Spikes
|move|p2a: Iron Valiant|Thunderbolt|p1a: Dragonite
|-damage|p1a: Dragonite|8/100
|
|upkeep
|turn|17
|
|t:|1769372274
|move|p2a: Iron Valiant|Thunderbolt|p1a: Dragonite
|-damage|p1a: Dragonite|0 fnt
|faint|p1a: Dragonite
|
|upkeep
|
|t:|1769372276
|switch|p1a: Rillaboom|Rillaboom, F|84/100
|-damage|p1a: Rillaboom|72/100|[from] Spikes
|-fieldstart|move: Grassy Terrain|[from] ability: Grassy Surge|[of] p1a: Rillaboom
|turn|18
|inactive|Eel56 has 120 seconds left.
|
|t:|1769372316
|-end|p2a: Iron Valiant|Quark Drive|[silent]
|switch|p2a: Pecharunt|Pecharunt|76/100
|-damage|p2a: Pecharunt|63/100|[from] Stealth Rock
|-damage|p2a: Pecharunt|51/100|[from] Spikes
|move|p1a: Rillaboom|Grassy Glide|p2a: Pecharunt
|-resisted|p2a: Pecharunt
|-damage|p2a: Pecharunt|38/100
|-damage|p1a: Rillaboom|55/100|[from] item: Rocky Helmet|[of] p2a: Pecharunt
|
|-heal|p1a: Rillaboom|61/100|[from] Grassy Terrain
|-heal|p2a: Pecharunt|44/100|[from] Grassy Terrain
|upkeep
|turn|19
|
|t:|1769372325
|switch|p1a: Heatran|Heatran, M|85/100
|-damage|p1a: Heatran|72/100|[from] Spikes
|move|p2a: Pecharunt|Recover|p2a: Pecharunt
|-heal|p2a: Pecharunt|94/100
|
|-heal|p1a: Heatran|79/100|[from] Grassy Terrain
|-heal|p1a: Heatran|85/100|[from] item: Leftovers
|-heal|p2a: Pecharunt|100/100|[from] Grassy Terrain
|upkeep
|turn|20
|inactive|Eel56 has 120 seconds left.
|
|t:|1769372350
|move|p1a: Heatran|Magma Storm|p2a: Pecharunt
|-damage|p2a: Pecharunt|51/100
|-activate|p2a: Pecharunt|move: Magma Storm|[of] p1a: Heatran
|move|p2a: Pecharunt|Parting Shot|p1a: Heatran
|-unboost|p1a: Heatran|atk|1
|-unboost|p1a: Heatran|spa|1
|
|t:|1769372369
|switch|p2a: Dragonite|Dragonite, M, shiny|100/100|[from] Parting Shot
|
|-heal|p1a: Heatran|91/100|[from] Grassy Terrain
|-heal|p1a: Heatran|97/100|[from] item: Leftovers
|upkeep
|turn|21
|
|t:|1769372377
|move|p2a: Dragonite|Dragon Dance|p2a: Dragonite
|-boost|p2a: Dragonite|atk|1
|-boost|p2a: Dragonite|spe|1
|move|p1a: Heatran|Will-O-Wisp|p2a: Dragonite
|-status|p2a: Dragonite|brn
|
|-heal|p1a: Heatran|100/100|[from] Grassy Terrain
|-damage|p2a: Dragonite|94/100 brn|[from] brn
|upkeep
|turn|22
|
|t:|1769372384
|switch|p1a: Great Tusk|Great Tusk|73/100
|-damage|p1a: Great Tusk|60/100|[from] Spikes
|move|p2a: Dragonite|Dragon Dance|p2a: Dragonite
|-boost|p2a: Dragonite|atk|1
|-boost|p2a: Dragonite|spe|1
|
|-heal|p1a: Great Tusk|66/100|[from] Grassy Terrain
|-damage|p2a: Dragonite|88/100 brn|[from] brn
|-fieldend|move: Grassy Terrain
|upkeep
|turn|23
|
|t:|1769372389
|-terastallize|p2a: Dragonite|Flying
|move|p2a: Dragonite|Tera Blast|p1a: Great Tusk|[anim] Tera Blast Flying
|-supereffective|p1a: Great Tusk
|-damage|p1a: Great Tusk|0 fnt
|faint|p1a: Great Tusk
|-end|p1a: Great Tusk|Protosynthesis|[silent]
|
|-damage|p2a: Dragonite|82/100 brn|[from] brn
|upkeep
|j| deadbyflinch
|inactive|poopseydoopsey has 120 seconds left.
|l| deadbyflinch
|inactive|poopseydoopsey has 90 seconds left.
|
|t:|1769372452
|switch|p1a: Samurott|Samurott-Hisui, F|37/100
|-damage|p1a: Samurott|25/100|[from] Spikes
|turn|24
|
|t:|1769372462
|move|p1a: Samurott|Sucker Punch|p2a: Dragonite
|-damage|p2a: Dragonite|41/100 brn
|move|p2a: Dragonite|Tera Blast|p1a: Samurott|[anim] Tera Blast Flying
|-damage|p1a: Samurott|0 fnt
|faint|p1a: Samurott
|
|-damage|p2a: Dragonite|35/100 brn|[from] brn
|upkeep
|
|t:|1769372467
|switch|p1a: Rillaboom|Rillaboom, F|61/100
|-damage|p1a: Rillaboom|49/100|[from] Spikes
|-fieldstart|move: Grassy Terrain|[from] ability: Grassy Surge|[of] p1a: Rillaboom
|turn|25
|
|t:|1769372473
|move|p1a: Rillaboom|Grassy Glide|p2a: Dragonite
|-resisted|p2a: Dragonite
|-damage|p2a: Dragonite|4/100 brn
|move|p2a: Dragonite|Tera Blast|p1a: Rillaboom|[anim] Tera Blast Flying
|-supereffective|p1a: Rillaboom
|-damage|p1a: Rillaboom|0 fnt
|faint|p1a: Rillaboom
|
|-damage|p2a: Dragonite|0 fnt|[from] brn
|faint|p2a: Dragonite
|upkeep
|
|t:|1769372501
|switch|p2a: Iron Crown|Iron Crown|100/100
|switch|p1a: Heatran|Heatran, M|100/100
|-damage|p2a: Iron Crown|94/100|[from] Stealth Rock
|-damage|p2a: Iron Crown|82/100|[from] Spikes
|-damage|p1a: Heatran|88/100|[from] Spikes
|turn|26
|
|t:|1769372504
|move|p2a: Iron Crown|Psychic Noise|p1a: Heatran
|-resisted|p1a: Heatran
|-damage|p1a: Heatran|69/100
|-start|p1a: Heatran|move: Heal Block
|move|p1a: Heatran|Magma Storm|p2a: Iron Crown|[miss]
|-miss|p1a: Heatran|p2a: Iron Crown
|
|-heal|p2a: Iron Crown|88/100|[from] Grassy Terrain
|upkeep
|turn|27
|
|t:|1769372510
|move|p2a: Iron Crown|Volt Switch|p1a: Heatran
|-damage|p1a: Heatran|45/100
|
|t:|1769372513
|-end|p2a: Iron Crown|Quark Drive|[silent]
|switch|p2a: Pecharunt|Pecharunt|51/100|[from] Volt Switch
|-damage|p2a: Pecharunt|38/100|[from] Stealth Rock
|-damage|p2a: Pecharunt|26/100|[from] Spikes
|move|p1a: Heatran|Magma Storm|p2a: Pecharunt|[miss]
|-miss|p1a: Heatran|p2a: Pecharunt
|
|-heal|p2a: Pecharunt|32/100|[from] Grassy Terrain
|-end|p1a: Heatran|move: Heal Block
|upkeep
|turn|28
|
|t:|1769372516
|move|p1a: Heatran|Earth Power|p2a: Pecharunt
|-supereffective|p2a: Pecharunt
|-damage|p2a: Pecharunt|0 fnt
|faint|p2a: Pecharunt
|
|-heal|p1a: Heatran|51/100|[from] Grassy Terrain
|-heal|p1a: Heatran|57/100|[from] item: Leftovers
|upkeep
|
|t:|1769372518
|switch|p2a: Iron Crown|Iron Crown|88/100
|-damage|p2a: Iron Crown|82/100|[from] Stealth Rock
|-damage|p2a: Iron Crown|69/100|[from] Spikes
|turn|29
|
|t:|1769372521
|move|p2a: Iron Crown|Psychic Noise|p1a: Heatran
|-resisted|p1a: Heatran
|-damage|p1a: Heatran|37/100
|-start|p1a: Heatran|move: Heal Block
|move|p1a: Heatran|Magma Storm|p2a: Iron Crown
|-supereffective|p2a: Iron Crown
|-crit|p2a: Iron Crown
|-damage|p2a: Iron Crown|0 fnt
|faint|p2a: Iron Crown
|-end|p2a: Iron Crown|Quark Drive|[silent]
|
|-fieldend|move: Grassy Terrain
|upkeep
|
|t:|1769372524
|switch|p2a: Iron Valiant|Iron Valiant, shiny|67/100
|-damage|p2a: Iron Valiant|61/100|[from] Stealth Rock
|-damage|p2a: Iron Valiant|48/100|[from] Spikes
|turn|30
|
|t:|1769372526
|move|p2a: Iron Valiant|Vacuum Wave|p1a: Heatran
|-supereffective|p1a: Heatran
|-damage|p1a: Heatran|0 fnt
|faint|p1a: Heatran
|
|win|Eel56
|raw|poopseydoopsey's rating: 1816 &rarr; <strong>1798</strong><br />(-18 for losing)
|raw|Eel56's rating: 1858 &rarr; <strong>1876</strong><br />(+18 for winning)
|l|☆poopseydoopsey
|player|p1|
|l|☆Eel56
|player|p2|
|l| shedtailhater
