|j|‽machopped unc
|j|☆yori_uzui
|t:|1769327200
|gametype|singles
|player|p1|machopped unc|clown|1714
|player|p2|yori_uzui|clair|1671
|gen|9
|tier|[Gen 9] OU
|rated|
|rule|HP Percentage Mod: HP is shown in percentages
|rule|Endless Battle Clause: Forcing endless battles is banned
|rule|Species Clause: Limit one of each Pokémon
|rule|OHKO Clause: OHKO moves are banned
|rule|Evasion Items Clause: Evasion items are banned
|rule|Evasion Moves Clause: Evasion moves are banned
|rule|Evasion Abilities Clause: Evasion abilities are banned
|rule|Sleep Moves Clause: Sleep-inducing moves are banned
|clearpoke
|poke|p1|Gholdengo|
|poke|p1|Iron Valiant|
|poke|p1|Ribombee, M|
|poke|p1|Dragonite, M|
|poke|p1|Glimmora, F|
|poke|p1|Kingambit, F|
|poke|p2|Hatterene, F|
|poke|p2|Diancie|
|poke|p2|Cresselia, F|
|poke|p2|Torkoal, M|
|poke|p2|Ursaluna, F|
|poke|p2|Raging Bolt|
|teampreview
|inactive|Battle timer is ON: inactive players will automatically lose when time's up. (requested by yori_uzui)
|
|t:|1769327207
|teamsize|p1|6
|teamsize|p2|6
|start
|switch|p1a: Glimmora|Glimmora, F|100/100
|switch|p2a: Cresselia|Cresselia, F|100/100
|turn|1
|
|t:|1769327210
|switch|p2a: Hatterene|Hatterene, F|100/100
|move|p1a: Glimmora|Stealth Rock|p2a: Hatterene
|move|p2a: Hatterene|Stealth Rock|p1a: Glimmora|[from] ability: Magic Bounce
|-sidestart|p1: machopped unc|move: Stealth Rock
|
|upkeep
|turn|2
|
|t:|1769327212
|move|p1a: Glimmora|Mortal Spin|p2a: Hatterene
|-supereffective|p2a: Hatterene
|-damage|p2a: Hatterene|87/100
|-status|p2a: Hatterene|psn
|-sideend|p1: machopped unc|Stealth Rock|[from] move: Mortal Spin|[of] p1a: Glimmora
|move|p2a: Hatterene|Trick Room|p2a: Hatterene
|-fieldstart|move: Trick Room|[of] p2a: Hatterene
|
|-damage|p2a: Hatterene|75/100 psn|[from] psn
|upkeep
|turn|3
|
|t:|1769327215
|switch|p1a: Ribombee|Ribombee, M|100/100
|move|p2a: Hatterene|Psychic Noise|p1a: Ribombee
|-damage|p1a: Ribombee|22/100
|-start|p1a: Ribombee|move: Heal Block
|
|-damage|p2a: Hatterene|63/100 psn|[from] psn
|upkeep
|turn|4
|
|t:|1769327219
|move|p2a: Hatterene|Misty Explosion|p1a: Ribombee
|-damage|p1a: Ribombee|0 fnt
|faint|p2a: Hatterene
|faint|p1a: Ribombee
|
|upkeep
|
|t:|1769327226
|switch|p2a: Ursaluna|Ursaluna, F|100/100
|switch|p1a: Gholdengo|Gholdengo|100/100
|-item|p1a: Gholdengo|Air Balloon
|turn|5
|
|t:|1769327237
|switch|p1a: Glimmora|Glimmora, F|100/100
|move|p2a: Ursaluna|Fire Punch|p1a: Glimmora
|-resisted|p1a: Glimmora
|-damage|p1a: Glimmora|83/100
|-activate|p1a: Glimmora|ability: Toxic Debris
|-sidestart|p2: yori_uzui|move: Toxic Spikes
|
|-status|p2a: Ursaluna|brn|[from] item: Flame Orb
|upkeep
|turn|6
|
|t:|1769327247
|move|p2a: Ursaluna|Headlong Rush|p1a: Glimmora
|-supereffective|p1a: Glimmora
|-crit|p1a: Glimmora
|-damage|p1a: Glimmora|0 fnt
|-unboost|p2a: Ursaluna|def|1
|-unboost|p2a: Ursaluna|spd|1
|-activate|p1a: Glimmora|ability: Toxic Debris
|-sidestart|p2: yori_uzui|move: Toxic Spikes
|faint|p1a: Glimmora
|
|-damage|p2a: Ursaluna|94/100 brn|[from] brn
|-fieldend|move: Trick Room
|upkeep
|
|t:|1769327256
|switch|p1a: Iron Valiant|Iron Valiant|100/100
|-enditem|p1a: Iron Valiant|Booster Energy
|-activate|p1a: Iron Valiant|ability: Quark Drive|[fromitem]
|-start|p1a: Iron Valiant|quarkdrivespa
|turn|7
|
|t:|1769327263
|switch|p2a: Torkoal|Torkoal, M|100/100
|-status|p2a: Torkoal|tox
|-weather|SunnyDay|[from] ability: Drought|[of] p2a: Torkoal
|move|p1a: Iron Valiant|Moonblast|p2a: Torkoal
|-resisted|p2a: Torkoal
|-damage|p2a: Torkoal|58/100 tox
|
|-weather|SunnyDay|[upkeep]
|-damage|p2a: Torkoal|52/100 tox|[from] psn
|upkeep
|turn|8
|
|t:|1769327272
|move|p1a: Iron Valiant|Shadow Ball|p2a: Torkoal
|-damage|p2a: Torkoal|0 fnt
|faint|p2a: Torkoal
|
|-weather|SunnyDay|[upkeep]
|upkeep
|
|t:|1769327279
|switch|p2a: Diancie|Diancie|100/100
|-status|p2a: Diancie|tox
|turn|9
|
|t:|1769327284
|move|p1a: Iron Valiant|Moonblast|p2a: Diancie
|-damage|p2a: Diancie|46/100 tox
|move|p2a: Diancie|Trick Room|p2a: Diancie
|-fieldstart|move: Trick Room|[of] p2a: Diancie
|
|-weather|SunnyDay|[upkeep]
|-damage|p2a: Diancie|40/100 tox|[from] psn
|upkeep
|turn|10
|
|t:|1769327301
|move|p2a: Diancie|Moonblast|p1a: Iron Valiant
|-supereffective|p1a: Iron Valiant
|-damage|p1a: Iron Valiant|0 fnt
|faint|p1a: Iron Valiant
|-end|p1a: Iron Valiant|Quark Drive|[silent]
|
|-weather|SunnyDay|[upkeep]
|-damage|p2a: Diancie|28/100 tox|[from] psn
|upkeep
|
|t:|1769327318
|switch|p1a: Kingambit|Kingambit, F|100/100
|-activate|p1a: Kingambit|ability: Supreme Overlord
|-start|p1a: Kingambit|fallen3|[silent]
|turn|11
|
|t:|1769327322
|move|p2a: Diancie|Earth Power|p1a: Kingambit
|-supereffective|p1a: Kingambit
|-damage|p1a: Kingambit|36/100
|move|p1a: Kingambit|Swords Dance|p1a: Kingambit
|-boost|p1a: Kingambit|atk|2
|
|-weather|none
|-heal|p1a: Kingambit|42/100|[from] item: Leftovers
|-damage|p2a: Diancie|10/100 tox|[from] psn
|upkeep
|turn|12
|
|t:|1769327327
|move|p1a: Kingambit|Sucker Punch|p2a: Diancie
|-resisted|p2a: Diancie
|-damage|p2a: Diancie|0 fnt
|faint|p2a: Diancie
|
|-heal|p1a: Kingambit|48/100|[from] item: Leftovers
|upkeep
|
|t:|1769327340
|switch|p2a: Raging Bolt|Raging Bolt|100/100
|-status|p2a: Raging Bolt|tox
|turn|13
|
|t:|1769327354
|-end|p1a: Kingambit|fallen3|[silent]
|switch|p1a: Dragonite|Dragonite, M|100/100
|-terastallize|p2a: Raging Bolt|Fairy
|move|p2a: Raging Bolt|Thunderbolt|p1a: Dragonite
|-damage|p1a: Dragonite|62/100
|-damage|p2a: Raging Bolt|91/100 tox|[from] item: Life Orb
|
|-damage|p2a: Raging Bolt|84/100 tox|[from] psn
|-fieldend|move: Trick Room
|upkeep
|turn|14
|
|t:|1769327363
|move|p1a: Dragonite|Fire Punch|p2a: Raging Bolt
|-damage|p2a: Raging Bolt|62/100 tox
|move|p2a: Raging Bolt|Thunderbolt|p1a: Dragonite
|-damage|p1a: Dragonite|0 fnt
|faint|p1a: Dragonite
|-damage|p2a: Raging Bolt|52/100 tox|[from] item: Life Orb
|
|-damage|p2a: Raging Bolt|40/100 tox|[from] psn
|upkeep
|
|t:|1769327371
|switch|p1a: Gholdengo|Gholdengo|100/100
|-item|p1a: Gholdengo|Air Balloon
|turn|15
|
|t:|1769327376
|move|p2a: Raging Bolt|Thunderclap|p1a: Gholdengo
|-damage|p1a: Gholdengo|33/100
|-enditem|p1a: Gholdengo|Air Balloon
|-damage|p2a: Raging Bolt|30/100 tox|[from] item: Life Orb
|move|p1a: Gholdengo|Shadow Ball|p2a: Raging Bolt
|-damage|p2a: Raging Bolt|0 fnt
|faint|p2a: Raging Bolt
|-end|p2a: Raging Bolt|Protosynthesis|[silent]
|
|upkeep
|
|t:|1769327378
|switch|p2a: Cresselia|Cresselia, F|100/100
|turn|16
|
|t:|1769327382
|switch|p1a: Kingambit|Kingambit, F|48/100
|-activate|p1a: Kingambit|ability: Supreme Overlord
|-start|p1a: Kingambit|fallen4|[silent]
|move|p2a: Cresselia|Trick Room|p2a: Cresselia
|-fieldstart|move: Trick Room|[of] p2a: Cresselia
|
|-heal|p1a: Kingambit|54/100|[from] item: Leftovers
|upkeep
|turn|17
|
|t:|1769327386
|switch|p2a: Ursaluna|Ursaluna, F|94/100 brn
|move|p1a: Kingambit|Swords Dance|p1a: Kingambit
|-boost|p1a: Kingambit|atk|2
|
|-heal|p1a: Kingambit|61/100|[from] item: Leftovers
|-damage|p2a: Ursaluna|88/100 brn|[from] brn
|upkeep
|turn|18
|
|t:|1769327403
|move|p1a: Kingambit|Sucker Punch|p2a: Ursaluna
|-damage|p2a: Ursaluna|19/100 brn
|move|p2a: Ursaluna|Facade|p1a: Kingambit
|-resisted|p1a: Kingambit
|-damage|p1a: Kingambit|6/100
|
|-heal|p1a: Kingambit|12/100|[from] item: Leftovers
|-damage|p2a: Ursaluna|13/100 brn|[from] brn
|upkeep
|turn|19
|
|t:|1769327410
|switch|p2a: Cresselia|Cresselia, F|100/100
|move|p1a: Kingambit|Sucker Punch||[still]
|-fail|p1a: Kingambit
|
|-heal|p1a: Kingambit|18/100|[from] item: Leftovers
|upkeep
|turn|20
|
|t:|1769327423
|move|p1a: Kingambit|Sucker Punch|p2a: Cresselia
|-supereffective|p2a: Cresselia
|-damage|p2a: Cresselia|0 fnt
|faint|p2a: Cresselia
|
|-heal|p1a: Kingambit|24/100|[from] item: Leftovers
|-fieldend|move: Trick Room
|upkeep
|
|t:|1769327426
|switch|p2a: Ursaluna|Ursaluna, F|13/100 brn
|turn|21
|-message|yori_uzui forfeited.
|
|win|machopped unc
|raw|machopped unc's rating: 1714 &rarr; <strong>1732</strong><br />(+18 for winning)
|raw|yori_uzui's rating: 1671 &rarr; <strong>1653</strong><br />(-18 for losing)
|l|☆yori_uzui
|player|p2|
|l|‽machopped unc
|player|p1|
