|j|☆Aggrhy
|j|☆Thai ladyboi
|t:|1769364486
|gametype|singles
|player|p1|Aggrhy|red-masters|1381
|player|p2|Thai ladyboi|169|1371
|gen|9
|tier|[Gen 9] OU
|rated|
|rule|HP Percentage Mod: HP is shown in percentages
|rule|Endless Battle Clause: Forcing endless battles is banned
|rule|Species Clause: Limit one of each Pokémon
|rule|OHKO Clause: OHKO moves are banned
|rule|Evasion Items Clause: Evasion items are banned
|rule|Evasion Moves Clause: Evasion moves are banned
|rule|Evasion Abilities Clause: Evasion abilities are banned
|rule|Sleep Moves Clause: Sleep-inducing moves are banned
|clearpoke
|poke|p1|Iron Hands|
|poke|p1|Arboliva, F|
|poke|p1|Clefable, F|
|poke|p1|Polteageist-Antique|
|poke|p1|Indeedee, M|
|poke|p1|Corviknight, M|
|poke|p2|Alomomola, F|
|poke|p2|Corviknight, F|
|poke|p2|Thundurus-Therian, M|
|poke|p2|Kyurem|
|poke|p2|Weezing-Galar, F|
|poke|p2|Kingambit, F|
|teampreview
|inactive|Battle timer is ON: inactive players will automatically lose when time's up. (requested by Aggrhy)
|
|t:|1769364504
|teamsize|p1|6
|teamsize|p2|6
|start
|switch|p1a: Clefable|Clefable, F|100/100
|switch|p2a: Kingambit|Kingambit, F|100/100
|turn|1
|
|t:|1769364515
|switch|p1a: Corviknight|Corviknight, M|100/100
|-ability|p1a: Corviknight|Pressure
|move|p2a: Kingambit|Iron Head|p1a: Corviknight
|-resisted|p1a: Corviknight
|-damage|p1a: Corviknight|84/100
|
|upkeep
|turn|2
|
|t:|1769364530
|switch|p2a: Weezing|Weezing-Galar, F|100/100
|-ability|p2a: Weezing|Neutralizing Gas
|move|p1a: Corviknight|Light Screen|p1a: Corviknight
|-sidestart|p1: Aggrhy|move: Light Screen
|
|upkeep
|turn|3
|
|t:|1769364540
|switch|p1a: Arboliva|Arboliva, F|100/100
|move|p2a: Weezing|Will-O-Wisp|p1a: Arboliva
|-status|p1a: Arboliva|brn
|
|-damage|p1a: Arboliva|94/100 brn|[from] brn
|upkeep
|turn|4
|
|t:|1769364550
|move|p2a: Weezing|Protect|p2a: Weezing
|-singleturn|p2a: Weezing|Protect
|move|p1a: Arboliva|Earth Power|p2a: Weezing
|-activate|p2a: Weezing|move: Protect
|
|-damage|p1a: Arboliva|88/100 brn|[from] brn
|upkeep
|turn|5
|
|t:|1769364560
|-end|p2a: Weezing|ability: Neutralizing Gas
|switch|p2a: Corviknight|Corviknight, F|100/100
|-ability|p2a: Corviknight|Pressure
|switch|p1a: Indeedee|Indeedee, M|100/100
|-fieldstart|move: Psychic Terrain|[from] ability: Psychic Surge|[of] p1a: Indeedee
|
|upkeep
|turn|6
|
|t:|1769364571
|move|p1a: Indeedee|Expanding Force|p2a: Corviknight
|-resisted|p2a: Corviknight
|-damage|p2a: Corviknight|77/100
|move|p2a: Corviknight|Defog|p1a: Indeedee
|-unboost|p1a: Indeedee|evasion|1
|-sideend|p1: Aggrhy|move: Light Screen
|-fieldend|move: Psychic Terrain
|
|upkeep
|turn|7
|
|t:|1769364581
|move|p1a: Indeedee|Encore|p2a: Corviknight
|-start|p2a: Corviknight|Encore
|move|p2a: Corviknight|Defog|p1a: Indeedee
|-unboost|p1a: Indeedee|evasion|1
|
|upkeep
|turn|8
|
|t:|1769364589
|switch|p1a: Polteageist|Polteageist-Antique|100/100
|switch|p2a: Kingambit|Kingambit, F|100/100
|
|upkeep
|turn|9
|
|t:|1769364599
|-terastallize|p1a: Polteageist|Fighting
|move|p1a: Polteageist|Tera Blast|p2a: Kingambit|[anim] Tera Blast Fighting
|-supereffective|p2a: Kingambit
|-damage|p2a: Kingambit|0 fnt
|faint|p2a: Kingambit
|
|upkeep
|
|t:|1769364607
|switch|p2a: Thundurus|Thundurus-Therian, M|100/100
|turn|10
|
|t:|1769364617
|switch|p1a: Arboliva|Arboliva, F|88/100 brn
|-terastallize|p2a: Thundurus|Fairy
|move|p2a: Thundurus|Tera Blast|p1a: Arboliva|[anim] Tera Blast Fairy
|-damage|p1a: Arboliva|48/100 brn
|-fieldstart|move: Grassy Terrain|[from] ability: Seed Sower|[of] p1a: Arboliva
|
|-heal|p1a: Arboliva|54/100 brn|[from] Grassy Terrain
|-damage|p1a: Arboliva|48/100 brn|[from] brn
|upkeep
|turn|11
|
|t:|1769364630
|switch|p2a: Corviknight|Corviknight, F|77/100
|-ability|p2a: Corviknight|Pressure
|move|p1a: Arboliva|Giga Drain|p2a: Corviknight
|-resisted|p2a: Corviknight
|-damage|p2a: Corviknight|68/100
|-heal|p1a: Arboliva|55/100 brn|[from] drain|[of] p2a: Corviknight
|
|-heal|p1a: Arboliva|61/100 brn|[from] Grassy Terrain
|-damage|p1a: Arboliva|55/100 brn|[from] brn
|upkeep
|turn|12
|
|t:|1769364642
|move|p2a: Corviknight|Roost|p2a: Corviknight
|-heal|p2a: Corviknight|100/100
|-singleturn|p2a: Corviknight|move: Roost
|move|p1a: Arboliva|Giga Drain|p2a: Corviknight
|-resisted|p2a: Corviknight
|-damage|p2a: Corviknight|83/100
|-heal|p1a: Arboliva|66/100 brn|[from] drain|[of] p2a: Corviknight
|
|-heal|p2a: Corviknight|90/100|[from] Grassy Terrain
|-heal|p1a: Arboliva|72/100 brn|[from] Grassy Terrain
|-damage|p1a: Arboliva|66/100 brn|[from] brn
|upkeep
|turn|13
|
|t:|1769364660
|switch|p1a: Clefable|Clefable, F|100/100
|move|p2a: Corviknight|Brave Bird|p1a: Clefable
|-damage|p1a: Clefable|72/100
|-damage|p2a: Corviknight|80/100|[from] Recoil
|
|-heal|p1a: Clefable|78/100|[from] Grassy Terrain
|upkeep
|turn|14
|
|t:|1769364673
|switch|p2a: Thundurus|Thundurus-Therian, M, tera:Fairy|100/100
|move|p1a: Clefable|Flamethrower|p2a: Thundurus
|-damage|p2a: Thundurus|73/100
|-status|p2a: Thundurus|brn
|
|-heal|p2a: Thundurus|79/100 brn|[from] Grassy Terrain
|-heal|p1a: Clefable|85/100|[from] Grassy Terrain
|-damage|p2a: Thundurus|73/100 brn|[from] brn
|-fieldend|move: Grassy Terrain
|upkeep
|turn|15
|
|t:|1769364684
|move|p2a: Thundurus|Volt Switch|p1a: Clefable
|-damage|p1a: Clefable|31/100
|
|t:|1769364693
|switch|p2a: Corviknight|Corviknight, F|80/100|[from] Volt Switch
|-ability|p2a: Corviknight|Pressure
|move|p1a: Clefable|Moonblast|p2a: Corviknight
|-resisted|p2a: Corviknight
|-damage|p2a: Corviknight|70/100
|-unboost|p2a: Corviknight|spa|1
|
|upkeep
|turn|16
|
|t:|1769364707
|move|p1a: Clefable|Moonlight|p1a: Clefable
|-heal|p1a: Clefable|81/100
|move|p2a: Corviknight|Brave Bird|p1a: Clefable
|-damage|p1a: Clefable|52/100
|-damage|p2a: Corviknight|61/100|[from] Recoil
|
|upkeep
|turn|17
|
|t:|1769364716
|move|p1a: Clefable|Moonlight|p1a: Clefable
|-heal|p1a: Clefable|100/100
|move|p2a: Corviknight|Roost|p2a: Corviknight
|-heal|p2a: Corviknight|100/100
|-singleturn|p2a: Corviknight|move: Roost
|
|upkeep
|turn|18
|
|t:|1769364727
|switch|p2a: Alomomola|Alomomola, F|100/100
|move|p1a: Clefable|Flamethrower|p2a: Alomomola
|-resisted|p2a: Alomomola
|-damage|p2a: Alomomola|89/100
|
|upkeep
|turn|19
|
|t:|1769364737
|switch|p1a: Arboliva|Arboliva, F|66/100 brn
|move|p2a: Alomomola|Wish|p2a: Alomomola
|
|-damage|p1a: Arboliva|60/100 brn|[from] brn
|upkeep
|turn|20
|
|t:|1769364745
|switch|p2a: Thundurus|Thundurus-Therian, M, tera:Fairy|73/100 brn
|move|p1a: Arboliva|Giga Drain|p2a: Thundurus
|-damage|p2a: Thundurus|14/100 brn
|-heal|p1a: Arboliva|88/100 brn|[from] drain|[of] p2a: Thundurus
|
|-heal|p2a: Thundurus|100/100 brn|[from] move: Wish|[wisher] Alomomola
|-damage|p2a: Thundurus|94/100 brn|[from] brn
|-damage|p1a: Arboliva|82/100 brn|[from] brn
|upkeep
|turn|21
|
|t:|1769364757
|move|p2a: Thundurus|Volt Switch|p1a: Arboliva
|-resisted|p1a: Arboliva
|-damage|p1a: Arboliva|66/100 brn
|-fieldstart|move: Grassy Terrain|[from] ability: Seed Sower|[of] p1a: Arboliva
|
|t:|1769364762
|switch|p2a: Corviknight|Corviknight, F|100/100|[from] Volt Switch
|-ability|p2a: Corviknight|Pressure
|move|p1a: Arboliva|Giga Drain|p2a: Corviknight
|-resisted|p2a: Corviknight
|-damage|p2a: Corviknight|91/100
|-heal|p1a: Arboliva|72/100 brn|[from] drain|[of] p2a: Corviknight
|
|-heal|p1a: Arboliva|78/100 brn|[from] Grassy Terrain
|-damage|p1a: Arboliva|72/100 brn|[from] brn
|upkeep
|turn|22
|
|t:|1769364780
|switch|p1a: Corviknight|Corviknight, M|84/100
|-ability|p1a: Corviknight|Pressure
|move|p2a: Corviknight|Brave Bird|p1a: Corviknight
|-resisted|p1a: Corviknight
|-damage|p1a: Corviknight|72/100
|-damage|p2a: Corviknight|87/100|[from] Recoil
|
|upkeep
|turn|23
|
|t:|1769364794
|move|p1a: Corviknight|Light Screen|p1a: Corviknight
|-sidestart|p1: Aggrhy|move: Light Screen
|move|p2a: Corviknight|U-turn|p1a: Corviknight
|-resisted|p1a: Corviknight
|-damage|p1a: Corviknight|70/100
|
|t:|1769364799
|switch|p2a: Weezing|Weezing-Galar, F|100/100|[from] U-turn
|-ability|p2a: Weezing|Neutralizing Gas
|
|upkeep
|turn|24
|
|t:|1769364814
|switch|p1a: Indeedee|Indeedee, M|100/100
|move|p2a: Weezing|Toxic|p1a: Indeedee
|-status|p1a: Indeedee|tox
|
|-damage|p1a: Indeedee|94/100 tox|[from] psn
|upkeep
|turn|25
|
|t:|1769364827
|move|p2a: Weezing|Protect|p2a: Weezing
|-singleturn|p2a: Weezing|Protect
|move|p1a: Indeedee|Expanding Force|p2a: Weezing
|-activate|p2a: Weezing|move: Protect
|
|-heal|p1a: Indeedee|100/100 tox|[from] Grassy Terrain
|-damage|p1a: Indeedee|88/100 tox|[from] psn
|-fieldend|move: Grassy Terrain
|upkeep
|turn|26
|
|t:|1769364837
|-end|p2a: Weezing|ability: Neutralizing Gas
|-fieldstart|move: Psychic Terrain|[from] ability: Psychic Surge|[of] p1a: Indeedee
|switch|p2a: Corviknight|Corviknight, F|87/100
|-ability|p2a: Corviknight|Pressure
|move|p1a: Indeedee|Expanding Force|p2a: Corviknight
|-resisted|p2a: Corviknight
|-damage|p2a: Corviknight|64/100
|
|-damage|p1a: Indeedee|70/100 tox|[from] psn
|upkeep
|turn|27
|
|t:|1769364850
|move|p1a: Indeedee|Healing Wish|p1a: Indeedee
|faint|p1a: Indeedee
|move|p2a: Corviknight|Roost|p2a: Corviknight
|-heal|p2a: Corviknight|100/100
|-singleturn|p2a: Corviknight|move: Roost
|
|upkeep
|
|t:|1769364858
|switch|p1a: Polteageist|Polteageist-Antique, tera:Fighting|100/100
|turn|28
|
|t:|1769364862
|move|p1a: Polteageist|Shell Smash|p1a: Polteageist
|-unboost|p1a: Polteageist|def|1
|-unboost|p1a: Polteageist|spd|1
|-boost|p1a: Polteageist|atk|2
|-boost|p1a: Polteageist|spa|2
|-boost|p1a: Polteageist|spe|2
|move|p2a: Corviknight|Defog|p1a: Polteageist
|-unboost|p1a: Polteageist|evasion|1
|-sideend|p1: Aggrhy|move: Light Screen
|-fieldend|move: Psychic Terrain
|
|upkeep
|turn|29
|
|t:|1769364874
|move|p1a: Polteageist|Tera Blast|p2a: Corviknight|[anim] Tera Blast Fighting
|-damage|p2a: Corviknight|42/100
|move|p2a: Corviknight|Brave Bird|p1a: Polteageist
|-supereffective|p1a: Polteageist
|-enditem|p1a: Polteageist|Focus Sash
|-damage|p1a: Polteageist|1/100
|-ability|p1a: Polteageist|Weak Armor|boost
|-unboost|p1a: Polteageist|def|1
|-boost|p1a: Polteageist|spe|2
|-damage|p2a: Corviknight|20/100|[from] Recoil
|
|upkeep
|turn|30
|
|t:|1769364891
|move|p1a: Polteageist|Stored Power|p2a: Corviknight
|-resisted|p2a: Corviknight
|-damage|p2a: Corviknight|0 fnt
|faint|p2a: Corviknight
|
|upkeep
|
|t:|1769364902
|switch|p2a: Kyurem|Kyurem|100/100
|-ability|p2a: Kyurem|Pressure
|turn|31
|
|t:|1769364910
|move|p2a: Kyurem|Protect|p2a: Kyurem
|-singleturn|p2a: Kyurem|Protect
|move|p1a: Polteageist|Stored Power|p2a: Kyurem
|-activate|p2a: Kyurem|move: Protect
|
|upkeep
|turn|32
|
|t:|1769364917
|move|p1a: Polteageist|Stored Power|p2a: Kyurem
|-damage|p2a: Kyurem|0 fnt
|faint|p2a: Kyurem
|
|upkeep
|-message|Thai ladyboi forfeited.
|
|win|Aggrhy
|raw|Aggrhy's rating: 1381 &rarr; <strong>1400</strong><br />(+19 for winning)
|raw|Thai ladyboi's rating: 1371 &rarr; <strong>1352</strong><br />(-19 for losing)
|l|☆Thai ladyboi
|player|p2|
|l|☆Aggrhy
|player|p1|
