|j|☆gimsy1723
|j|☆Diretance
|t:|1769339682
|gametype|singles
|player|p1|gimsy1723|265|1166
|player|p2|Diretance|n|1156
|gen|9
|tier|[Gen 9] OU
|rated|
|rule|HP Percentage Mod: HP is shown in percentages
|rule|Endless Battle Clause: Forcing endless battles is banned
|rule|Species Clause: Limit one of each Pokémon
|rule|OHKO Clause: OHKO moves are banned
|rule|Evasion Items Clause: Evasion items are banned
|rule|Evasion Moves Clause: Evasion moves are banned
|rule|Evasion Abilities Clause: Evasion abilities are banned
|rule|Sleep Moves Clause: Sleep-inducing moves are banned
|clearpoke
|poke|p1|Skeledirge, M|
|poke|p1|Meowscarada, F|
|poke|p1|Quaquaval, F|
|poke|p1|Cinderace, M|
|poke|p1|Rillaboom, F|
|poke|p1|Inteleon, M|
|poke|p2|Hatterene, F|
|poke|p2|Ceruledge, F|
|poke|p2|Garchomp, F|
|poke|p2|Ninetales-Alola, M|
|poke|p2|Meowscarada, M|
|poke|p2|Great Tusk|
|teampreview
|
|t:|1769339717
|teamsize|p1|6
|teamsize|p2|6
|start
|switch|p1a: Cinderace|Cinderace, M, shiny|100/100
|switch|p2a: Meowscarada|Meowscarada, M|100/100
|turn|1
|
|t:|1769339726
|move|p1a: Cinderace|U-turn|p2a: Meowscarada
|-start|p1a: Cinderace|typechange|Bug|[from] ability: Libero
|-supereffective|p2a: Meowscarada
|-damage|p2a: Meowscarada|0 fnt
|faint|p2a: Meowscarada
|
|t:|1769339736
|switch|p1a: Quaquaval|Quaquaval, F, shiny|100/100|[from] U-turn
|
|upkeep
|inactive|Battle timer is ON: inactive players will automatically lose when time's up. (requested by gimsy1723)
|
|t:|1769339750
|switch|p2a: Ninetales|Ninetales-Alola, M|100/100
|-weather|Snowscape|[from] ability: Snow Warning|[of] p2a: Ninetales
|turn|2
|
|t:|1769339760
|move|p2a: Ninetales|Aurora Veil|p2a: Ninetales
|-sidestart|p2: Diretance|move: Aurora Veil
|move|p1a: Quaquaval|Aqua Step|p2a: Ninetales
|-damage|p2a: Ninetales|84/100
|-boost|p1a: Quaquaval|spe|1
|
|-weather|Snowscape|[upkeep]
|upkeep
|turn|3
|
|t:|1769339767
|switch|p1a: Skeledirge|Skeledirge, M, shiny|100/100
|move|p2a: Ninetales|Encore||[still]
|-fail|p2a: Ninetales
|
|-weather|Snowscape|[upkeep]
|upkeep
|turn|4
|
|t:|1769339776
|switch|p2a: Garchomp|Garchomp, F|100/100
|move|p1a: Skeledirge|Will-O-Wisp|p2a: Garchomp
|-status|p2a: Garchomp|brn
|
|-weather|Snowscape|[upkeep]
|-damage|p2a: Garchomp|94/100 brn|[from] brn
|upkeep
|turn|5
|
|t:|1769339784
|switch|p1a: Inteleon|Inteleon, M, shiny|100/100
|move|p2a: Garchomp|Swords Dance|p2a: Garchomp
|-boost|p2a: Garchomp|atk|2
|
|-weather|Snowscape|[upkeep]
|-damage|p2a: Garchomp|88/100 brn|[from] brn
|upkeep
|turn|6
|
|t:|1769339791
|move|p1a: Inteleon|Ice Beam|p2a: Garchomp
|-supereffective|p2a: Garchomp
|-crit|p2a: Garchomp
|-damage|p2a: Garchomp|0 fnt
|faint|p2a: Garchomp
|
|-weather|none
|upkeep
|
|t:|1769339800
|switch|p2a: Hatterene|Hatterene, F|100/100
|turn|7
|
|t:|1769339810
|switch|p1a: Skeledirge|Skeledirge, M, shiny|100/100
|move|p2a: Hatterene|Calm Mind|p2a: Hatterene
|-boost|p2a: Hatterene|spa|1
|-boost|p2a: Hatterene|spd|1
|
|upkeep
|turn|8
|
|t:|1769339816
|-terastallize|p2a: Hatterene|Fairy
|move|p1a: Skeledirge|Torch Song|p2a: Hatterene
|-damage|p2a: Hatterene|86/100
|-boost|p1a: Skeledirge|spa|1
|move|p2a: Hatterene|Mystical Fire|p1a: Skeledirge
|-resisted|p1a: Skeledirge
|-damage|p1a: Skeledirge|90/100
|-unboost|p1a: Skeledirge|spa|1
|
|-heal|p1a: Skeledirge|96/100|[from] item: Leftovers
|-heal|p2a: Hatterene|92/100|[from] item: Leftovers
|upkeep
|turn|9
|
|t:|1769339827
|move|p1a: Skeledirge|Torch Song|p2a: Hatterene
|-damage|p2a: Hatterene|78/100
|-boost|p1a: Skeledirge|spa|1
|move|p2a: Hatterene|Mystical Fire|p1a: Skeledirge
|-resisted|p1a: Skeledirge
|-damage|p1a: Skeledirge|86/100
|-unboost|p1a: Skeledirge|spa|1
|
|-heal|p1a: Skeledirge|92/100|[from] item: Leftovers
|-heal|p2a: Hatterene|84/100|[from] item: Leftovers
|-sideend|p2: Diretance|move: Aurora Veil
|upkeep
|turn|10
|
|t:|1769339833
|switch|p2a: Ceruledge|Ceruledge, F|100/100
|move|p1a: Skeledirge|Torch Song|p2a: Ceruledge
|-resisted|p2a: Ceruledge
|-damage|p2a: Ceruledge|84/100
|-boost|p1a: Skeledirge|spa|1
|
|-heal|p1a: Skeledirge|98/100|[from] item: Leftovers
|upkeep
|turn|11
|
|t:|1769339844
|switch|p1a: Cinderace|Cinderace, M, shiny|100/100
|move|p2a: Ceruledge|Poltergeist|p1a: Cinderace
|-activate|p1a: Cinderace|move: Poltergeist|Choice Scarf
|-damage|p1a: Cinderace|18/100
|
|upkeep
|turn|12
|
|t:|1769339856
|move|p2a: Ceruledge|Shadow Sneak|p1a: Cinderace
|-damage|p1a: Cinderace|0 fnt
|faint|p1a: Cinderace
|
|upkeep
|
|t:|1769339865
|switch|p1a: Inteleon|Inteleon, M, shiny|100/100
|turn|13
|
|t:|1769339869
|switch|p2a: Ninetales|Ninetales-Alola, M|84/100
|-weather|Snowscape|[from] ability: Snow Warning|[of] p2a: Ninetales
|move|p1a: Inteleon|Snipe Shot|p2a: Ninetales
|-crit|p2a: Ninetales
|-damage|p2a: Ninetales|0 fnt
|faint|p2a: Ninetales
|
|-weather|Snowscape|[upkeep]
|upkeep
|
|t:|1769339877
|switch|p2a: Hatterene|Hatterene, F, tera:Fairy|84/100
|turn|14
|
|t:|1769339886
|switch|p1a: Skeledirge|Skeledirge, M, shiny|98/100
|move|p2a: Hatterene|Calm Mind|p2a: Hatterene
|-boost|p2a: Hatterene|spa|1
|-boost|p2a: Hatterene|spd|1
|
|-weather|Snowscape|[upkeep]
|-heal|p1a: Skeledirge|100/100|[from] item: Leftovers
|-heal|p2a: Hatterene|89/100|[from] item: Leftovers
|upkeep
|turn|15
|
|t:|1769339892
|move|p1a: Skeledirge|Torch Song|p2a: Hatterene
|-damage|p2a: Hatterene|64/100
|-boost|p1a: Skeledirge|spa|1
|move|p2a: Hatterene|Mystical Fire|p1a: Skeledirge
|-resisted|p1a: Skeledirge
|-damage|p1a: Skeledirge|90/100
|-unboost|p1a: Skeledirge|spa|1
|
|-weather|Snowscape|[upkeep]
|-heal|p1a: Skeledirge|96/100|[from] item: Leftovers
|-heal|p2a: Hatterene|70/100|[from] item: Leftovers
|upkeep
|turn|16
|
|t:|1769339898
|switch|p2a: Ceruledge|Ceruledge, F|84/100
|move|p1a: Skeledirge|Shadow Ball|p2a: Ceruledge
|-supereffective|p2a: Ceruledge
|-damage|p2a: Ceruledge|16/100
|
|-weather|Snowscape|[upkeep]
|-heal|p1a: Skeledirge|100/100|[from] item: Leftovers
|upkeep
|turn|17
|
|t:|1769339908
|-terastallize|p1a: Skeledirge|Normal
|move|p2a: Ceruledge|Bitter Blade|p1a: Skeledirge
|-damage|p1a: Skeledirge|56/100
|-heal|p2a: Ceruledge|43/100|[from] drain|[of] p1a: Skeledirge
|move|p1a: Skeledirge|Shadow Ball|p2a: Ceruledge
|-supereffective|p2a: Ceruledge
|-damage|p2a: Ceruledge|0 fnt
|faint|p2a: Ceruledge
|
|-weather|none
|-heal|p1a: Skeledirge|62/100|[from] item: Leftovers
|upkeep
|
|t:|1769339922
|switch|p2a: Great Tusk|Great Tusk|100/100
|-enditem|p2a: Great Tusk|Booster Energy
|-activate|p2a: Great Tusk|ability: Protosynthesis|[fromitem]
|-start|p2a: Great Tusk|protosynthesisspe
|turn|18
|
|t:|1769339925
|switch|p1a: Rillaboom|Rillaboom, F, shiny|100/100
|-fieldstart|move: Grassy Terrain|[from] ability: Grassy Surge|[of] p1a: Rillaboom
|move|p2a: Great Tusk|Bulk Up|p2a: Great Tusk
|-boost|p2a: Great Tusk|atk|1
|-boost|p2a: Great Tusk|def|1
|
|upkeep
|turn|19
|
|t:|1769339932
|move|p2a: Great Tusk|Ice Spinner|p1a: Rillaboom
|-supereffective|p1a: Rillaboom
|-damage|p1a: Rillaboom|25/100
|-fieldend|move: Grassy Terrain
|move|p1a: Rillaboom|Wood Hammer|p2a: Great Tusk
|-supereffective|p2a: Great Tusk
|-damage|p2a: Great Tusk|16/100
|-damage|p1a: Rillaboom|0 fnt|[from] Recoil
|faint|p1a: Rillaboom
|
|upkeep
|
|t:|1769339945
|switch|p1a: Quaquaval|Quaquaval, F, shiny|100/100
|turn|20
|
|t:|1769339952
|move|p2a: Great Tusk|Close Combat|p1a: Quaquaval
|-damage|p1a: Quaquaval|0 fnt
|-unboost|p2a: Great Tusk|def|1
|-unboost|p2a: Great Tusk|spd|1
|faint|p1a: Quaquaval
|
|upkeep
|
|t:|1769339961
|switch|p1a: Inteleon|Inteleon, M, shiny|100/100
|turn|21
|
|t:|1769339965
|move|p2a: Great Tusk|Close Combat|p1a: Inteleon
|-damage|p1a: Inteleon|0 fnt
|-unboost|p2a: Great Tusk|def|1
|-unboost|p2a: Great Tusk|spd|1
|faint|p1a: Inteleon
|
|upkeep
|
|t:|1769339968
|switch|p1a: Meowscarada|Meowscarada, F, shiny|100/100
|turn|22
|c|☆gimsy1723|Gg
|c|☆gimsy1723|Wp
|c|☆Diretance|thank u
|inactive|Diretance has 120 seconds left.
|
|t:|1769340000
|-end|p2a: Great Tusk|Protosynthesis|[silent]
|switch|p2a: Hatterene|Hatterene, F, tera:Fairy|70/100
|move|p1a: Meowscarada|Flower Trick|p2a: Hatterene
|-start|p1a: Meowscarada|typechange|Grass|[from] ability: Protean
|-crit|p2a: Hatterene
|-damage|p2a: Hatterene|10/100
|
|-heal|p2a: Hatterene|16/100|[from] item: Leftovers
|upkeep
|turn|23
|c|☆gimsy1723|?
|c|☆Diretance|sucker punch
|c|☆gimsy1723|Nope
|c|☆Diretance|bruh
|inactive|gimsy1723 has 120 seconds left.
|c|☆gimsy1723|Banded
|
|t:|1769340042
|move|p1a: Meowscarada|Flower Trick|p2a: Hatterene
|-crit|p2a: Hatterene
|-damage|p2a: Hatterene|0 fnt
|faint|p2a: Hatterene
|
|upkeep
|c|☆Diretance|shcuks
|
|t:|1769340046
|switch|p2a: Great Tusk|Great Tusk|16/100
|turn|24
|inactive|gimsy1723 has 120 seconds left.
|
|t:|1769340051
|move|p1a: Meowscarada|Flower Trick|p2a: Great Tusk
|-supereffective|p2a: Great Tusk
|-crit|p2a: Great Tusk
|-damage|p2a: Great Tusk|0 fnt
|faint|p2a: Great Tusk
|-end|p2a: Great Tusk|Protosynthesis|[silent]
|
|win|gimsy1723
|raw|gimsy1723's rating: 1166 &rarr; <strong>1190</strong><br />(+24 for winning)
|raw|Diretance's rating: 1156 &rarr; <strong>1132</strong><br />(-24 for losing)
|c|☆gimsy1723|Gg...
|c|☆Diretance|gg
|l|☆gimsy1723
|player|p1|
|l|☆Diretance
|player|p2|
