|j|☆Jonpollonmorcillon
|j|☆vishalv996
|t:|1769415278
|gametype|singles
|player|p1|Jonpollonmorcillon|harlequin|1210
|player|p2|vishalv996|wallace|1193
|gen|9
|tier|[Gen 9] OU
|rated|
|rule|HP Percentage Mod: HP is shown in percentages
|rule|Endless Battle Clause: Forcing endless battles is banned
|rule|Species Clause: Limit one of each Pokémon
|rule|OHKO Clause: OHKO moves are banned
|rule|Evasion Items Clause: Evasion items are banned
|rule|Evasion Moves Clause: Evasion moves are banned
|rule|Evasion Abilities Clause: Evasion abilities are banned
|rule|Sleep Moves Clause: Sleep-inducing moves are banned
|clearpoke
|poke|p1|Bronzong|
|poke|p1|Ursaluna, M|
|poke|p1|Volcanion|
|poke|p1|Hatterene, F|
|poke|p1|Porygon2|
|poke|p1|Breloom, M|
|poke|p2|Ogerpon-Wellspring, F|
|poke|p2|Ceruledge, M|
|poke|p2|Kingambit, F|
|poke|p2|Iron Treads|
|poke|p2|Electivire, F|
|poke|p2|Darkrai|
|teampreview
|inactive|Battle timer is ON: inactive players will automatically lose when time's up. (requested by Jonpollonmorcillon)
|
|t:|1769415318
|teamsize|p1|6
|teamsize|p2|6
|start
|switch|p1a: Hatterene|Hatterene, F|100/100
|switch|p2a: Iron Treads|Iron Treads|100/100
|-enditem|p2a: Iron Treads|Booster Energy
|-activate|p2a: Iron Treads|ability: Quark Drive|[fromitem]
|-start|p2a: Iron Treads|quarkdriveatk
|turn|1
|
|t:|1769415328
|move|p2a: Iron Treads|Iron Head|p1a: Hatterene
|-supereffective|p1a: Hatterene
|-damage|p1a: Hatterene|25/100
|move|p1a: Hatterene|Trick Room|p1a: Hatterene
|-fieldstart|move: Trick Room|[of] p1a: Hatterene
|
|-heal|p1a: Hatterene|31/100|[from] item: Leftovers
|upkeep
|turn|2
|
|t:|1769415336
|switch|p1a: Volcanion|Volcanion|100/100
|move|p2a: Iron Treads|Iron Head|p1a: Volcanion
|-resisted|p1a: Volcanion
|-damage|p1a: Volcanion|91/100
|
|upkeep
|turn|3
|
|t:|1769415344
|move|p1a: Volcanion|Steam Eruption|p2a: Iron Treads
|-supereffective|p2a: Iron Treads
|-damage|p2a: Iron Treads|0 fnt
|faint|p2a: Iron Treads
|-end|p2a: Iron Treads|Quark Drive|[silent]
|
|upkeep
|
|t:|1769415359
|switch|p2a: Kingambit|Kingambit, F|100/100
|-activate|p2a: Kingambit|ability: Supreme Overlord
|-start|p2a: Kingambit|fallen1|[silent]
|turn|4
|
|t:|1769415365
|move|p1a: Volcanion|Fire Blast|p2a: Kingambit
|-supereffective|p2a: Kingambit
|-enditem|p2a: Kingambit|Focus Sash
|-damage|p2a: Kingambit|1/100
|move|p2a: Kingambit|Kowtow Cleave|p1a: Volcanion
|-damage|p1a: Volcanion|48/100
|
|upkeep
|turn|5
|
|t:|1769415376
|move|p2a: Kingambit|Sucker Punch|p1a: Volcanion
|-damage|p1a: Volcanion|18/100
|move|p1a: Volcanion|Earth Power|p2a: Kingambit
|-supereffective|p2a: Kingambit
|-damage|p2a: Kingambit|0 fnt
|faint|p2a: Kingambit
|-end|p2a: Kingambit|fallen1|[silent]
|
|-fieldend|move: Trick Room
|upkeep
|
|t:|1769415384
|switch|p2a: Ogerpon|Ogerpon-Wellspring, F|100/100
|turn|6
|
|t:|1769415387
|move|p2a: Ogerpon|Ivy Cudgel|p1a: Volcanion|[anim] Ivy Cudgel Water
|-heal|p1a: Volcanion|42/100|[from] ability: Water Absorb|[of] p2a: Ogerpon
|move|p1a: Volcanion|Sludge Wave|p2a: Ogerpon
|-supereffective|p2a: Ogerpon
|-damage|p2a: Ogerpon|17/100
|-status|p2a: Ogerpon|psn
|
|-damage|p2a: Ogerpon|4/100 psn|[from] psn
|upkeep
|turn|7
|
|t:|1769415405
|switch|p1a: Bronzong|Bronzong|100/100
|move|p2a: Ogerpon|Horn Leech|p1a: Bronzong
|-resisted|p1a: Bronzong
|-damage|p1a: Bronzong|79/100
|-heal|p2a: Ogerpon|16/100 psn|[from] drain|[of] p1a: Bronzong
|
|-heal|p1a: Bronzong|85/100|[from] item: Leftovers
|-damage|p2a: Ogerpon|4/100 psn|[from] psn
|upkeep
|turn|8
|
|t:|1769415416
|move|p2a: Ogerpon|Knock Off|p1a: Bronzong
|-supereffective|p1a: Bronzong
|-damage|p1a: Bronzong|17/100
|-enditem|p1a: Bronzong|Leftovers|[from] move: Knock Off|[of] p2a: Ogerpon
|move|p1a: Bronzong|Trick Room|p1a: Bronzong
|-fieldstart|move: Trick Room|[of] p1a: Bronzong
|
|-damage|p2a: Ogerpon|0 fnt|[from] psn
|faint|p2a: Ogerpon
|upkeep
|
|t:|1769415430
|switch|p2a: Electivire|Electivire, F|100/100
|turn|9
|
|t:|1769415437
|move|p1a: Bronzong|Stealth Rock|p2a: Electivire
|-sidestart|p2: vishalv996|move: Stealth Rock
|move|p2a: Electivire|Low Kick|p1a: Bronzong
|-damage|p1a: Bronzong|0 fnt
|faint|p1a: Bronzong
|
|upkeep
|
|t:|1769415444
|switch|p1a: Ursaluna|Ursaluna, M|100/100
|turn|10
|
|t:|1769415453
|-terastallize|p2a: Electivire|Flying
|move|p1a: Ursaluna|Headlong Rush|p2a: Electivire
|-immune|p2a: Electivire
|move|p2a: Electivire|Low Kick|p1a: Ursaluna
|-supereffective|p1a: Ursaluna
|-damage|p1a: Ursaluna|39/100
|
|-status|p1a: Ursaluna|brn|[from] item: Flame Orb
|upkeep
|turn|11
|
|t:|1769415466
|move|p1a: Ursaluna|Facade|p2a: Electivire
|-enditem|p2a: Electivire|Focus Sash
|-damage|p2a: Electivire|1/100
|move|p2a: Electivire|Low Kick|p1a: Ursaluna
|-supereffective|p1a: Ursaluna
|-damage|p1a: Ursaluna|0 fnt
|faint|p1a: Ursaluna
|
|upkeep
|
|t:|1769415480
|switch|p1a: Breloom|Breloom, M|100/100
|turn|12
|
|t:|1769415487
|move|p1a: Breloom|Mach Punch|p2a: Electivire
|-resisted|p2a: Electivire
|-damage|p2a: Electivire|0 fnt
|faint|p2a: Electivire
|
|-fieldend|move: Trick Room
|-status|p1a: Breloom|tox|[from] item: Toxic Orb
|upkeep
|
|t:|1769415494
|switch|p2a: Ceruledge|Ceruledge, M|100/100
|-damage|p2a: Ceruledge|75/100|[from] Stealth Rock
|turn|13
|
|t:|1769415498
|move|p2a: Ceruledge|Bitter Blade|p1a: Breloom
|-supereffective|p1a: Breloom
|-damage|p1a: Breloom|0 fnt
|-heal|p2a: Ceruledge|100/100|[from] drain|[of] p1a: Breloom
|faint|p1a: Breloom
|
|upkeep
|
|t:|1769415505
|switch|p1a: Porygon2|Porygon2|100/100
|-ability|p1a: Porygon2|Download|boost
|-boost|p1a: Porygon2|atk|1
|turn|14
|
|t:|1769415511
|move|p2a: Ceruledge|Bitter Blade|p1a: Porygon2
|-damage|p1a: Porygon2|72/100
|move|p1a: Porygon2|Trick Room|p1a: Porygon2
|-fieldstart|move: Trick Room|[of] p1a: Porygon2
|
|upkeep
|turn|15
|
|t:|1769415522
|switch|p1a: Volcanion|Volcanion|42/100
|move|p2a: Ceruledge|Poltergeist|p1a: Volcanion
|-activate|p1a: Volcanion|move: Poltergeist|Assault Vest
|-damage|p1a: Volcanion|2/100
|
|upkeep
|turn|16
|
|t:|1769415530
|move|p1a: Volcanion|Steam Eruption|p2a: Ceruledge
|-supereffective|p2a: Ceruledge
|-enditem|p2a: Ceruledge|Focus Sash
|-damage|p2a: Ceruledge|1/100
|move|p2a: Ceruledge|Bitter Blade|p1a: Volcanion
|-resisted|p1a: Volcanion
|-damage|p1a: Volcanion|0 fnt
|-heal|p2a: Ceruledge|2/100|[from] drain|[of] p1a: Volcanion
|faint|p1a: Volcanion
|
|upkeep
|
|t:|1769415542
|switch|p1a: Porygon2|Porygon2|72/100
|-ability|p1a: Porygon2|Download|boost
|-boost|p1a: Porygon2|atk|1
|turn|17
|
|t:|1769415549
|move|p1a: Porygon2|Ice Beam|p2a: Ceruledge
|-resisted|p2a: Ceruledge
|-damage|p2a: Ceruledge|0 fnt
|faint|p2a: Ceruledge
|
|upkeep
|
|t:|1769415554
|switch|p2a: Darkrai|Darkrai|100/100
|-damage|p2a: Darkrai|88/100|[from] Stealth Rock
|turn|18
|
|t:|1769415558
|move|p1a: Porygon2|Tri Attack|p2a: Darkrai
|-damage|p2a: Darkrai|38/100
|move|p2a: Darkrai|Thunder|p1a: Porygon2|[miss]
|-miss|p2a: Darkrai|p1a: Porygon2
|
|-fieldend|move: Trick Room
|upkeep
|turn|19
|
|t:|1769415578
|move|p2a: Darkrai|Dark Pulse|p1a: Porygon2
|-damage|p1a: Porygon2|46/100
|move|p1a: Porygon2|Trick Room|p1a: Porygon2
|-fieldstart|move: Trick Room|[of] p1a: Porygon2
|
|upkeep
|turn|20
|
|t:|1769415583
|move|p1a: Porygon2|Recover|p1a: Porygon2
|-heal|p1a: Porygon2|96/100
|move|p2a: Darkrai|Thunder|p1a: Porygon2|[miss]
|-miss|p2a: Darkrai|p1a: Porygon2
|
|upkeep
|turn|21
|
|t:|1769415590
|move|p1a: Porygon2|Tri Attack|p2a: Darkrai
|-damage|p2a: Darkrai|0 fnt
|faint|p2a: Darkrai
|
|win|Jonpollonmorcillon
|raw|Jonpollonmorcillon's rating: 1210 &rarr; <strong>1234</strong><br />(+24 for winning)
|raw|vishalv996's rating: 1193 &rarr; <strong>1169</strong><br />(-24 for losing)
|l|☆vishalv996
|player|p2|
|l|☆Jonpollonmorcillon
|player|p1|
