|j|☆GholdengoFinance
|j|‽Exxxn
|t:|1769391144
|gametype|singles
|player|p1|GholdengoFinance|backersf|1569
|player|p2|Exxxn|2|1573
|gen|9
|tier|[Gen 9] OU
|rated|
|rule|HP Percentage Mod: HP is shown in percentages
|rule|Endless Battle Clause: Forcing endless battles is banned
|rule|Species Clause: Limit one of each Pokémon
|rule|OHKO Clause: OHKO moves are banned
|rule|Evasion Items Clause: Evasion items are banned
|rule|Evasion Moves Clause: Evasion moves are banned
|rule|Evasion Abilities Clause: Evasion abilities are banned
|rule|Sleep Moves Clause: Sleep-inducing moves are banned
|clearpoke
|poke|p1|Pecharunt|
|poke|p1|Cinderace, M|
|poke|p1|Iron Valiant|
|poke|p1|Kingambit, F|
|poke|p1|Landorus-Therian, M|
|poke|p1|Kyurem|
|poke|p2|Dragapult, F|
|poke|p2|Glimmora, F|
|poke|p2|Dondozo, F|
|poke|p2|Ogerpon-Wellspring, F|
|poke|p2|Gardevoir, M|
|poke|p2|Great Tusk|
|teampreview
|
|t:|1769391148
|teamsize|p1|6
|teamsize|p2|6
|start
|switch|p1a: Landorus|Landorus-Therian, M|100/100
|switch|p2a: Ogerpon|Ogerpon-Wellspring, F|100/100
|-ability|p1a: Landorus|Intimidate|boost
|-unboost|p2a: Ogerpon|atk|1
|turn|1
|
|t:|1769391163
|switch|p1a: Pecharunt|Pecharunt|100/100
|switch|p2a: Gardevoir|Gardevoir, M, shiny|100/100
|
|upkeep
|turn|2
|
|t:|1769391168
|switch|p1a: Kingambit|Kingambit, F|100/100
|-ability|p2a: Gardevoir|Defiant|Trace|[from] ability: Trace|[of] p1a: Kingambit
|move|p2a: Gardevoir|Psyshock|p1a: Kingambit
|-immune|p1a: Kingambit
|
|upkeep
|turn|3
|
|t:|1769391171
|switch|p1a: Landorus|Landorus-Therian, M|100/100
|-ability|p1a: Landorus|Intimidate|boost
|-unboost|p2a: Gardevoir|atk|1
|-ability|p2a: Gardevoir|Defiant|boost
|-boost|p2a: Gardevoir|atk|2
|move|p2a: Gardevoir|Aura Sphere|p1a: Landorus
|-resisted|p1a: Landorus
|-damage|p1a: Landorus|87/100
|
|upkeep
|turn|4
|
|t:|1769391178
|move|p1a: Landorus|Sandsear Storm|p2a: Gardevoir|[miss]
|-miss|p1a: Landorus|p2a: Gardevoir
|move|p2a: Gardevoir|Moonblast|p1a: Landorus
|-damage|p1a: Landorus|37/100
|-unboost|p1a: Landorus|spa|1
|
|upkeep
|turn|5
|
|t:|1769391184
|move|p1a: Landorus|Stealth Rock|p2a: Gardevoir
|-sidestart|p2: Exxxn|move: Stealth Rock
|move|p2a: Gardevoir|Moonblast|p1a: Landorus
|-damage|p1a: Landorus|0 fnt
|faint|p1a: Landorus
|
|upkeep
|
|t:|1769391187
|switch|p1a: Cinderace|Cinderace, M|100/100
|turn|6
|
|t:|1769391207
|move|p1a: Cinderace|Pyro Ball|p2a: Gardevoir
|-damage|p2a: Gardevoir|39/100
|move|p2a: Gardevoir|Psyshock|p1a: Cinderace
|-damage|p1a: Cinderace|41/100
|
|upkeep
|turn|7
|
|t:|1769391222
|move|p1a: Cinderace|U-turn|p2a: Gardevoir
|-start|p1a: Cinderace|typechange|Bug|[from] ability: Libero
|-damage|p2a: Gardevoir|4/100
|
|t:|1769391228
|switch|p1a: Kyurem|Kyurem|100/100|[from] U-turn
|-ability|p1a: Kyurem|Pressure
|move|p2a: Gardevoir|Psyshock|p1a: Kyurem
|-damage|p1a: Kyurem|66/100
|
|upkeep
|turn|8
|
|t:|1769391232
|move|p1a: Kyurem|Freeze-Dry|p2a: Gardevoir
|-damage|p2a: Gardevoir|0 fnt
|faint|p2a: Gardevoir
|
|upkeep
|
|t:|1769391240
|switch|p2a: Dragapult|Dragapult, F|100/100
|-damage|p2a: Dragapult|88/100|[from] Stealth Rock
|turn|9
|
|t:|1769391243
|switch|p1a: Kingambit|Kingambit, F|100/100
|move|p2a: Dragapult|Dragon Darts|p1a: Kingambit
|-resisted|p1a: Kingambit
|-damage|p1a: Kingambit|90/100
|-anim|p2a: Dragapult|Dragon Darts|p1a: Kingambit
|-resisted|p1a: Kingambit
|-damage|p1a: Kingambit|78/100
|-damage|p2a: Dragapult|78/100|[from] item: Life Orb
|
|upkeep
|turn|10
|
|t:|1769391247
|move|p2a: Dragapult|Will-O-Wisp|p1a: Kingambit|[miss]
|-miss|p2a: Dragapult|p1a: Kingambit
|move|p1a: Kingambit|Kowtow Cleave|p2a: Dragapult
|-supereffective|p2a: Dragapult
|-damage|p2a: Dragapult|0 fnt
|faint|p2a: Dragapult
|
|upkeep
|l|‽Exxxn
|player|p2|
|inactive|Battle timer is ON: inactive players will automatically lose when time's up. (requested by GholdengoFinance)
|inactive|Exxxn has 30 seconds to reconnect!
|inactive|Exxxn has 20 seconds to reconnect!
|inactive|Exxxn has 15 seconds to reconnect!
|inactive|Exxxn has 10 seconds to reconnect!
|inactive|Exxxn has 5 seconds to reconnect!
|-message|Exxxn lost due to inactivity.
|
|win|GholdengoFinance
|raw|GholdengoFinance's rating: 1569 &rarr; <strong>1589</strong><br />(+20 for winning)
|raw|Exxxn's rating: 1573 &rarr; <strong>1553</strong><br />(-20 for losing)
|l|☆GholdengoFinance
|player|p1|
