|j|☆ydkim
|j|☆il0p
|t:|1769402109
|gametype|singles
|player|p1|ydkim|169|1217
|player|p2|il0p|pokemaniac|1243
|gen|9
|tier|[Gen 9] OU
|rated|
|rule|HP Percentage Mod: HP is shown in percentages
|rule|Endless Battle Clause: Forcing endless battles is banned
|rule|Species Clause: Limit one of each Pokémon
|rule|OHKO Clause: OHKO moves are banned
|rule|Evasion Items Clause: Evasion items are banned
|rule|Evasion Moves Clause: Evasion moves are banned
|rule|Evasion Abilities Clause: Evasion abilities are banned
|rule|Sleep Moves Clause: Sleep-inducing moves are banned
|clearpoke
|poke|p1|Exeggutor, M|
|poke|p1|Gholdengo|
|poke|p1|Blissey, F|
|poke|p1|Glimmora, F|
|poke|p1|Slither Wing|
|poke|p1|Darkrai|
|poke|p2|Zoroark-Hisui, F|
|poke|p2|Tyranitar, M|
|poke|p2|Hydrapple, M|
|poke|p2|Great Tusk|
|poke|p2|Cobalion|
|poke|p2|Darkrai|
|teampreview
|
|t:|1769402131
|teamsize|p1|6
|teamsize|p2|6
|start
|switch|p1a: Gholdengo|Gholdengo|100/100
|switch|p2a: Cobalion|Cobalion|100/100
|turn|1
|
|t:|1769402143
|move|p2a: Cobalion|Volt Switch|p1a: Gholdengo
|-damage|p1a: Gholdengo|88/100
|
|t:|1769402169
|switch|p2a: Tyranitar|Tyranitar, M|100/100|[from] Volt Switch
|move|p1a: Gholdengo|Thunder Wave|p2a: Tyranitar
|-status|p2a: Tyranitar|par
|
|upkeep
|turn|2
|
|t:|1769402183
|move|p1a: Gholdengo|Make It Rain|p2a: Tyranitar
|-damage|p2a: Tyranitar|0 fnt
|-unboost|p1a: Gholdengo|spa|1
|replace|p2a: Zoroark|Zoroark-Hisui, F
|-end|p2a: Zoroark|Illusion
|faint|p2a: Zoroark
|
|upkeep
|
|t:|1769402188
|switch|p2a: Tyranitar|Tyranitar, M|100/100
|-weather|Sandstorm|[from] ability: Sand Stream|[of] p2a: Tyranitar
|turn|3
|
|t:|1769402196
|move|p2a: Tyranitar|Knock Off|p1a: Gholdengo
|-supereffective|p1a: Gholdengo
|-damage|p1a: Gholdengo|0 fnt
|-damage|p2a: Tyranitar|84/100|[from] item: Rocky Helmet|[of] p1a: Gholdengo
|-enditem|p1a: Gholdengo|Rocky Helmet|[from] move: Knock Off|[of] p2a: Tyranitar
|faint|p1a: Gholdengo
|
|-weather|Sandstorm|[upkeep]
|upkeep
|
|t:|1769402212
|switch|p1a: Glimmora|Glimmora, F|100/100
|turn|4
|
|t:|1769402216
|move|p1a: Glimmora|Mortal Spin|p2a: Tyranitar
|-resisted|p2a: Tyranitar
|-damage|p2a: Tyranitar|81/100
|-status|p2a: Tyranitar|psn
|move|p2a: Tyranitar|Knock Off|p1a: Glimmora
|-damage|p1a: Glimmora|4/100
|-activate|p1a: Glimmora|ability: Toxic Debris
|-sidestart|p2: il0p|move: Toxic Spikes
|-enditem|p1a: Glimmora|Choice Scarf|[from] move: Knock Off|[of] p2a: Tyranitar
|
|-weather|Sandstorm|[upkeep]
|-damage|p2a: Tyranitar|69/100 psn|[from] psn
|upkeep
|turn|5
|
|t:|1769402227
|move|p1a: Glimmora|Toxic Spikes|p2a: Tyranitar
|-sidestart|p2: il0p|move: Toxic Spikes
|move|p2a: Tyranitar|Knock Off|p1a: Glimmora
|-damage|p1a: Glimmora|0 fnt
|faint|p1a: Glimmora
|
|-weather|Sandstorm|[upkeep]
|-damage|p2a: Tyranitar|57/100 psn|[from] psn
|upkeep
|
|t:|1769402235
|switch|p1a: Slither Wing|Slither Wing|100/100
|turn|6
|
|t:|1769402246
|switch|p2a: Darkrai|Darkrai|100/100
|-status|p2a: Darkrai|tox
|move|p1a: Slither Wing|First Impression|p2a: Darkrai
|-supereffective|p2a: Darkrai
|-damage|p2a: Darkrai|0 fnt
|faint|p2a: Darkrai
|
|-weather|Sandstorm|[upkeep]
|-damage|p1a: Slither Wing|94/100|[from] Sandstorm
|upkeep
|
|t:|1769402248
|switch|p2a: Great Tusk|Great Tusk|100/100
|turn|7
|inactive|Battle timer is ON: inactive players will automatically lose when time's up. (requested by il0p)
|
|t:|1769402278
|move|p2a: Great Tusk|Rapid Spin|p1a: Slither Wing
|-damage|p1a: Slither Wing|80/100
|-boost|p2a: Great Tusk|spe|1
|-sideend|p2: il0p|Toxic Spikes|[from] move: Rapid Spin|[of] p2a: Great Tusk
|move|p1a: Slither Wing|Will-O-Wisp|p2a: Great Tusk
|-status|p2a: Great Tusk|brn
|
|-weather|none
|-damage|p2a: Great Tusk|94/100 brn|[from] brn
|upkeep
|turn|8
|
|t:|1769402297
|-end|p1a: Slither Wing|Protosynthesis|[silent]
|switch|p1a: Darkrai|Darkrai|100/100
|move|p2a: Great Tusk|Ice Spinner|p1a: Darkrai
|-damage|p1a: Darkrai|83/100
|
|-damage|p2a: Great Tusk|88/100 brn|[from] brn
|upkeep
|turn|9
|
|t:|1769402304
|move|p2a: Great Tusk|Knock Off|p1a: Darkrai
|-resisted|p1a: Darkrai
|-damage|p1a: Darkrai|73/100
|-enditem|p1a: Darkrai|Heat Rock|[from] move: Knock Off|[of] p2a: Great Tusk
|move|p1a: Darkrai|Sunny Day|p1a: Darkrai
|-weather|SunnyDay
|-activate|p2a: Great Tusk|ability: Protosynthesis
|-start|p2a: Great Tusk|protosynthesisspe
|
|-weather|SunnyDay|[upkeep]
|-damage|p2a: Great Tusk|82/100 brn|[from] brn
|upkeep
|turn|10
|
|t:|1769402312
|switch|p1a: Exeggutor|Exeggutor, M|100/100
|move|p2a: Great Tusk|Headlong Rush|p1a: Exeggutor
|-resisted|p1a: Exeggutor
|-damage|p1a: Exeggutor|89/100
|-unboost|p2a: Great Tusk|def|1
|-unboost|p2a: Great Tusk|spd|1
|
|-weather|SunnyDay|[upkeep]
|-damage|p2a: Great Tusk|76/100 brn|[from] brn
|upkeep
|turn|11
|
|t:|1769402335
|switch|p1a: Slither Wing|Slither Wing|80/100
|-activate|p1a: Slither Wing|ability: Protosynthesis
|-start|p1a: Slither Wing|protosynthesisatk
|move|p2a: Great Tusk|Knock Off|p1a: Slither Wing
|-resisted|p1a: Slither Wing
|-damage|p1a: Slither Wing|74/100
|-enditem|p1a: Slither Wing|Heavy-Duty Boots|[from] move: Knock Off|[of] p2a: Great Tusk
|
|-weather|SunnyDay|[upkeep]
|-damage|p2a: Great Tusk|70/100 brn|[from] brn
|upkeep
|turn|12
|
|t:|1769402351
|move|p2a: Great Tusk|Ice Spinner|p1a: Slither Wing
|-damage|p1a: Slither Wing|62/100
|move|p1a: Slither Wing|U-turn|p2a: Great Tusk
|-resisted|p2a: Great Tusk
|-damage|p2a: Great Tusk|47/100 brn
|
|t:|1769402357
|-end|p1a: Slither Wing|Protosynthesis|[silent]
|switch|p1a: Blissey|Blissey, F|100/100|[from] U-turn
|
|-weather|SunnyDay|[upkeep]
|-damage|p2a: Great Tusk|41/100 brn|[from] brn
|upkeep
|turn|13
|
|t:|1769402365
|move|p2a: Great Tusk|Knock Off|p1a: Blissey
|-damage|p1a: Blissey|83/100
|-enditem|p1a: Blissey|Choice Scarf|[from] move: Knock Off|[of] p2a: Great Tusk
|move|p1a: Blissey|Ice Beam|p2a: Great Tusk
|-supereffective|p2a: Great Tusk
|-damage|p2a: Great Tusk|0 fnt
|faint|p2a: Great Tusk
|-end|p2a: Great Tusk|Protosynthesis|[silent]
|
|-weather|none
|upkeep
|
|t:|1769402370
|switch|p2a: Cobalion|Cobalion|100/100
|turn|14
|
|t:|1769402376
|move|p2a: Cobalion|Stealth Rock|p1a: Blissey
|-sidestart|p1: ydkim|move: Stealth Rock
|move|p1a: Blissey|Flamethrower|p2a: Cobalion
|-supereffective|p2a: Cobalion
|-damage|p2a: Cobalion|45/100
|
|upkeep
|turn|15
|
|t:|1769402381
|move|p2a: Cobalion|Sacred Sword|p1a: Blissey
|-supereffective|p1a: Blissey
|-damage|p1a: Blissey|28/100
|move|p1a: Blissey|Flamethrower|p2a: Cobalion
|-supereffective|p2a: Cobalion
|-damage|p2a: Cobalion|0 fnt
|faint|p2a: Cobalion
|
|upkeep
|
|t:|1769402384
|switch|p2a: Hydrapple|Hydrapple, M|100/100
|turn|16
|
|t:|1769402394
|switch|p2a: Tyranitar|Tyranitar, M|57/100 psn
|-weather|Sandstorm|[from] ability: Sand Stream|[of] p2a: Tyranitar
|move|p1a: Blissey|Ice Beam|p2a: Tyranitar
|-damage|p2a: Tyranitar|42/100 psn
|
|-weather|Sandstorm|[upkeep]
|-damage|p1a: Blissey|22/100|[from] Sandstorm
|-damage|p2a: Tyranitar|30/100 psn|[from] psn
|upkeep
|turn|17
|
|t:|1769402412
|move|p2a: Tyranitar|Knock Off|p1a: Blissey
|-damage|p1a: Blissey|0 fnt
|faint|p1a: Blissey
|
|-weather|Sandstorm|[upkeep]
|-damage|p2a: Tyranitar|17/100 psn|[from] psn
|upkeep
|
|t:|1769402418
|switch|p1a: Slither Wing|Slither Wing|62/100
|-damage|p1a: Slither Wing|50/100|[from] Stealth Rock
|turn|18
|
|t:|1769402422
|move|p2a: Tyranitar|Knock Off|p1a: Slither Wing
|-resisted|p1a: Slither Wing
|-damage|p1a: Slither Wing|29/100
|move|p1a: Slither Wing|U-turn|p2a: Tyranitar
|-supereffective|p2a: Tyranitar
|-damage|p2a: Tyranitar|0 fnt
|faint|p2a: Tyranitar
|
|t:|1769402429
|-end|p1a: Slither Wing|Protosynthesis|[silent]
|switch|p1a: Darkrai|Darkrai|73/100|[from] U-turn
|-damage|p1a: Darkrai|61/100|[from] Stealth Rock
|
|-weather|Sandstorm|[upkeep]
|-damage|p1a: Darkrai|55/100|[from] Sandstorm
|upkeep
|
|t:|1769402431
|switch|p2a: Hydrapple|Hydrapple, M|100/100
|turn|19
|
|t:|1769402439
|-terastallize|p2a: Hydrapple|Fairy
|move|p1a: Darkrai|Ice Beam|p2a: Hydrapple
|-damage|p2a: Hydrapple|71/100
|move|p2a: Hydrapple|Nasty Plot|p2a: Hydrapple
|-boost|p2a: Hydrapple|spa|2
|
|-weather|Sandstorm|[upkeep]
|-damage|p1a: Darkrai|49/100|[from] Sandstorm
|-damage|p2a: Hydrapple|65/100|[from] Sandstorm
|upkeep
|turn|20
|
|t:|1769402454
|-terastallize|p1a: Darkrai|Poison
|move|p1a: Darkrai|Sludge Bomb|p2a: Hydrapple
|-supereffective|p2a: Hydrapple
|-damage|p2a: Hydrapple|0 fnt
|faint|p2a: Hydrapple
|
|win|ydkim
|raw|ydkim's rating: 1217 &rarr; <strong>1244</strong><br />(+27 for winning)
|raw|il0p's rating: 1243 &rarr; <strong>1216</strong><br />(-27 for losing)
