|j|☆pixel_dragon9
|j|☆Cocomao7
|t:|1769426452
|gametype|singles
|player|p1|pixel_dragon9|2|1143
|player|p2|Cocomao7|biker-gen4|1103
|gen|9
|tier|[Gen 9] OU
|rated|
|rule|HP Percentage Mod: HP is shown in percentages
|rule|Endless Battle Clause: Forcing endless battles is banned
|rule|Species Clause: Limit one of each Pokémon
|rule|OHKO Clause: OHKO moves are banned
|rule|Evasion Items Clause: Evasion items are banned
|rule|Evasion Moves Clause: Evasion moves are banned
|rule|Evasion Abilities Clause: Evasion abilities are banned
|rule|Sleep Moves Clause: Sleep-inducing moves are banned
|clearpoke
|poke|p1|Deoxys-Speed|
|poke|p1|Dragapult, M|
|poke|p1|Gholdengo|
|poke|p1|Great Tusk|
|poke|p1|Kingambit, F|
|poke|p1|Ogerpon-Wellspring, F|
|poke|p2|Torkoal, F|
|poke|p2|Blaziken, F|
|poke|p2|Grafaiai, M|
|poke|p2|Venusaur, M|
|poke|p2|Quagsire, F|
|poke|p2|Mamoswine, F|
|teampreview
|inactive|Battle timer is ON: inactive players will automatically lose when time's up. (requested by Cocomao7)
|inactive|pixel_dragon9 also wants the timer to be on.
|
|t:|1769426456
|teamsize|p1|6
|teamsize|p2|6
|start
|switch|p1a: Deoxys|Deoxys-Speed|100/100
|switch|p2a: JohnnySomali|Grafaiai, M|100/100
|-ability|p1a: Deoxys|Pressure
|turn|1
|
|t:|1769426465
|move|p1a: Deoxys|Stealth Rock|p2a: JohnnySomali
|-sidestart|p2: Cocomao7|move: Stealth Rock
|move|p2a: JohnnySomali|Knock Off|p1a: Deoxys
|-supereffective|p1a: Deoxys
|-damage|p1a: Deoxys|36/100
|-enditem|p1a: Deoxys|Focus Sash|[from] move: Knock Off|[of] p2a: JohnnySomali
|
|upkeep
|turn|2
|
|t:|1769426471
|move|p1a: Deoxys|Spikes|p2a: JohnnySomali
|-sidestart|p2: Cocomao7|Spikes
|move|p2a: JohnnySomali|Knock Off|p1a: Deoxys
|-supereffective|p1a: Deoxys
|-damage|p1a: Deoxys|0 fnt
|faint|p1a: Deoxys
|
|upkeep
|
|t:|1769426488
|switch|p1a: Dragapult|Dragapult, M|100/100
|turn|3
|
|t:|1769426491
|move|p1a: Dragapult|Dragon Darts|p2a: JohnnySomali
|-damage|p2a: JohnnySomali|45/100
|-anim|p1a: Dragapult|Dragon Darts|p2a: JohnnySomali
|-damage|p2a: JohnnySomali|0 fnt
|faint|p2a: JohnnySomali
|-damage|p1a: Dragapult|91/100|[from] item: Life Orb
|
|upkeep
|
|t:|1769426499
|switch|p2a: Old Tusk|Mamoswine, F|100/100
|-damage|p2a: Old Tusk|88/100|[from] Stealth Rock
|-damage|p2a: Old Tusk|76/100|[from] Spikes
|turn|4
|
|t:|1769426506
|switch|p1a: Gholdengo|Gholdengo|100/100
|move|p2a: Old Tusk|Ice Shard|p1a: Gholdengo
|-resisted|p1a: Gholdengo
|-damage|p1a: Gholdengo|89/100
|
|upkeep
|turn|5
|
|t:|1769426513
|move|p1a: Gholdengo|Make It Rain|p2a: Old Tusk
|-supereffective|p2a: Old Tusk
|-damage|p2a: Old Tusk|0 fnt
|-unboost|p1a: Gholdengo|spa|1
|faint|p2a: Old Tusk
|
|upkeep
|
|t:|1769426521
|switch|p2a: ProtectSpeedBstMan|Blaziken, F, shiny|100/100
|-damage|p2a: ProtectSpeedBstMan|88/100|[from] Stealth Rock
|-damage|p2a: ProtectSpeedBstMan|76/100|[from] Spikes
|turn|6
|
|t:|1769426532
|switch|p1a: Great Tusk|Great Tusk|100/100
|move|p2a: ProtectSpeedBstMan|Focus Energy|p2a: ProtectSpeedBstMan
|-start|p2a: ProtectSpeedBstMan|move: Focus Energy
|
|-ability|p2a: ProtectSpeedBstMan|Speed Boost|boost
|-boost|p2a: ProtectSpeedBstMan|spe|1
|upkeep
|turn|7
|
|t:|1769426541
|move|p2a: ProtectSpeedBstMan|Overheat|p1a: Great Tusk
|-crit|p1a: Great Tusk
|-damage|p1a: Great Tusk|13/100
|-unboost|p2a: ProtectSpeedBstMan|spa|2
|move|p1a: Great Tusk|Headlong Rush|p2a: ProtectSpeedBstMan
|-supereffective|p2a: ProtectSpeedBstMan
|-damage|p2a: ProtectSpeedBstMan|0 fnt
|-unboost|p1a: Great Tusk|def|1
|-unboost|p1a: Great Tusk|spd|1
|faint|p2a: ProtectSpeedBstMan
|
|upkeep
|-message|Cocomao7 forfeited.
|
|win|pixel_dragon9
|raw|pixel_dragon9's rating: 1143 &rarr; <strong>1165</strong><br />(+22 for winning)
|raw|Cocomao7's rating: 1103 &rarr; <strong>1081</strong><br />(-22 for losing)
|l|☆Cocomao7
|player|p2|
