|j|☆kaisadadi
|j|☆TotallySkilled
|t:|1769318952
|gametype|singles
|player|p1|kaisadadi|dawn|1513
|player|p2|TotallySkilled|guzma|1527
|gen|9
|tier|[Gen 9] OU
|rated|
|rule|HP Percentage Mod: HP is shown in percentages
|rule|Endless Battle Clause: Forcing endless battles is banned
|rule|Species Clause: Limit one of each Pokémon
|rule|OHKO Clause: OHKO moves are banned
|rule|Evasion Items Clause: Evasion items are banned
|rule|Evasion Moves Clause: Evasion moves are banned
|rule|Evasion Abilities Clause: Evasion abilities are banned
|rule|Sleep Moves Clause: Sleep-inducing moves are banned
|clearpoke
|poke|p1|Tyranitar, M|
|poke|p1|Excadrill, M|
|poke|p1|Keldeo-Resolute|
|poke|p1|Tornadus-Therian, M|
|poke|p1|Heatran, M|
|poke|p1|Hydrapple, M|
|poke|p2|Grimmsnarl, M|
|poke|p2|Great Tusk|
|poke|p2|Pecharunt|
|poke|p2|Farigiraf, M|
|poke|p2|Raging Bolt|
|poke|p2|Kingambit, F|
|teampreview
|
|t:|1769318964
|teamsize|p1|6
|teamsize|p2|6
|start
|switch|p1a: Tornadus|Tornadus-Therian, M|100/100
|switch|p2a: DNA|Great Tusk, shiny|100/100
|-enditem|p2a: DNA|Booster Energy
|-activate|p2a: DNA|ability: Protosynthesis|[fromitem]
|-start|p2a: DNA|protosynthesisspe
|turn|1
|
|t:|1769318972
|-end|p2a: DNA|Protosynthesis|[silent]
|switch|p2a: Blue Cross|Kingambit, F, shiny|100/100
|move|p1a: Tornadus|Bleakwind Storm|p2a: Blue Cross
|-resisted|p2a: Blue Cross
|-damage|p2a: Blue Cross|80/100
|-unboost|p2a: Blue Cross|spe|1
|
|upkeep
|turn|2
|
|t:|1769318984
|move|p1a: Tornadus|U-turn|p2a: Blue Cross
|-damage|p2a: Blue Cross|67/100
|
|t:|1769318988
|switch|p1a: Keldeo|Keldeo-Resolute|100/100|[from] U-turn
|move|p2a: Blue Cross|Kowtow Cleave|p1a: Keldeo
|-resisted|p1a: Keldeo
|-damage|p1a: Keldeo|64/100
|-ability|p1a: Keldeo|Justified|boost
|-boost|p1a: Keldeo|atk|1
|
|upkeep
|turn|3
|
|t:|1769318999
|-end|p2a: Blue Cross|fallenundefined|[silent]
|switch|p2a: Malevolent Kitchen|Pecharunt|100/100
|-item|p2a: Malevolent Kitchen|Air Balloon
|move|p1a: Keldeo|Secret Sword|p2a: Malevolent Kitchen
|-immune|p2a: Malevolent Kitchen
|
|upkeep
|turn|4
|
|t:|1769319007
|switch|p1a: Tyranitar|Tyranitar, M|100/100
|-weather|Sandstorm|[from] ability: Sand Stream|[of] p1a: Tyranitar
|move|p2a: Malevolent Kitchen|Shadow Ball|p1a: Tyranitar
|-resisted|p1a: Tyranitar
|-damage|p1a: Tyranitar|93/100
|
|-weather|Sandstorm|[upkeep]
|-damage|p2a: Malevolent Kitchen|94/100|[from] Sandstorm
|upkeep
|turn|5
|
|t:|1769319013
|switch|p2a: DNA|Great Tusk, shiny|100/100
|move|p1a: Tyranitar|Knock Off|p2a: DNA
|-resisted|p2a: DNA
|-crit|p2a: DNA
|-damage|p2a: DNA|73/100
|
|-weather|Sandstorm|[upkeep]
|upkeep
|turn|6
|
|t:|1769319020
|switch|p1a: Tornadus|Tornadus-Therian, M|100/100
|move|p2a: DNA|Stealth Rock|p1a: Tornadus
|-sidestart|p1: kaisadadi|move: Stealth Rock
|
|-weather|Sandstorm|[upkeep]
|-damage|p1a: Tornadus|94/100|[from] Sandstorm
|upkeep
|turn|7
|
|t:|1769319024
|-end|p2a: DNA|Protosynthesis|[silent]
|switch|p2a: Blue Cross|Kingambit, F, shiny|67/100
|move|p1a: Tornadus|Bleakwind Storm|p2a: Blue Cross|[miss]
|-miss|p1a: Tornadus|p2a: Blue Cross
|
|-weather|Sandstorm|[upkeep]
|-damage|p1a: Tornadus|88/100|[from] Sandstorm
|upkeep
|turn|8
|
|t:|1769319027
|move|p1a: Tornadus|Heat Wave|p2a: Blue Cross
|-supereffective|p2a: Blue Cross
|-crit|p2a: Blue Cross
|-damage|p2a: Blue Cross|0 fnt
|faint|p2a: Blue Cross
|-end|p2a: Blue Cross|fallenundefined|[silent]
|
|-weather|none
|upkeep
|
|t:|1769319032
|switch|p2a: Mahoraga|Grimmsnarl, M, shiny|100/100
|turn|9
|
|t:|1769319047
|switch|p1a: Tyranitar|Tyranitar, M|93/100
|-damage|p1a: Tyranitar|81/100|[from] Stealth Rock
|-weather|Sandstorm|[from] ability: Sand Stream|[of] p1a: Tyranitar
|move|p2a: Mahoraga|Reflect|p2a: Mahoraga
|-sidestart|p2: TotallySkilled|Reflect
|
|-weather|Sandstorm|[upkeep]
|-damage|p2a: Mahoraga|94/100|[from] Sandstorm
|upkeep
|turn|10
|
|t:|1769319053
|switch|p2a: DNA|Great Tusk, shiny|73/100
|move|p1a: Tyranitar|Knock Off|p2a: DNA
|-resisted|p2a: DNA
|-damage|p2a: DNA|64/100
|
|-weather|Sandstorm|[upkeep]
|upkeep
|turn|11
|
|t:|1769319067
|-end|p2a: DNA|Protosynthesis|[silent]
|switch|p2a: Kali Uchis|Raging Bolt|100/100
|-enditem|p2a: Kali Uchis|Booster Energy
|-activate|p2a: Kali Uchis|ability: Protosynthesis|[fromitem]
|-start|p2a: Kali Uchis|protosynthesisspa
|switch|p1a: Tornadus|Tornadus-Therian, M|100/100
|
|-weather|Sandstorm|[upkeep]
|-damage|p1a: Tornadus|94/100|[from] Sandstorm
|-damage|p2a: Kali Uchis|94/100|[from] Sandstorm
|upkeep
|turn|12
|
|t:|1769319074
|switch|p1a: Excadrill|Excadrill, M|100/100
|-damage|p1a: Excadrill|97/100|[from] Stealth Rock
|-item|p1a: Excadrill|Air Balloon
|move|p2a: Kali Uchis|Calm Mind|p2a: Kali Uchis
|-boost|p2a: Kali Uchis|spa|1
|-boost|p2a: Kali Uchis|spd|1
|
|-weather|Sandstorm|[upkeep]
|-damage|p2a: Kali Uchis|88/100|[from] Sandstorm
|upkeep
|turn|13
|
|t:|1769319090
|-terastallize|p2a: Kali Uchis|Bug
|move|p1a: Excadrill|Earthquake|p2a: Kali Uchis
|-resisted|p2a: Kali Uchis
|-damage|p2a: Kali Uchis|75/100
|move|p2a: Kali Uchis|Calm Mind|p2a: Kali Uchis
|-boost|p2a: Kali Uchis|spa|1
|-boost|p2a: Kali Uchis|spd|1
|
|-weather|none
|upkeep
|turn|14
|
|t:|1769319110
|move|p1a: Excadrill|Rapid Spin|p2a: Kali Uchis
|-damage|p2a: Kali Uchis|66/100
|-boost|p1a: Excadrill|spe|1
|-sideend|p1: kaisadadi|Stealth Rock|[from] move: Rapid Spin|[of] p1a: Excadrill
|move|p2a: Kali Uchis|Dragon Pulse|p1a: Excadrill
|-resisted|p1a: Excadrill
|-damage|p1a: Excadrill|12/100
|-enditem|p1a: Excadrill|Air Balloon
|
|upkeep
|turn|15
|
|t:|1769319116
|move|p1a: Excadrill|Iron Head|p2a: Kali Uchis
|-damage|p2a: Kali Uchis|47/100
|move|p2a: Kali Uchis|Dragon Pulse|p1a: Excadrill
|-resisted|p1a: Excadrill
|-damage|p1a: Excadrill|0 fnt
|faint|p1a: Excadrill
|
|upkeep
|
|t:|1769319121
|switch|p1a: Tyranitar|Tyranitar, M|81/100
|-weather|Sandstorm|[from] ability: Sand Stream|[of] p1a: Tyranitar
|turn|16
|
|t:|1769319125
|move|p1a: Tyranitar|Stone Edge|p2a: Kali Uchis
|-supereffective|p2a: Kali Uchis
|-crit|p2a: Kali Uchis
|-damage|p2a: Kali Uchis|0 fnt
|faint|p2a: Kali Uchis
|-end|p2a: Kali Uchis|Protosynthesis|[silent]
|
|-weather|Sandstorm|[upkeep]
|-sideend|p2: TotallySkilled|Reflect
|upkeep
|
|t:|1769319128
|switch|p2a: Mahoraga|Grimmsnarl, M, shiny|94/100
|turn|17
|
|t:|1769319131
|move|p2a: Mahoraga|Reflect|p2a: Mahoraga
|-sidestart|p2: TotallySkilled|Reflect
|move|p1a: Tyranitar|Stone Edge|p2a: Mahoraga
|-damage|p2a: Mahoraga|37/100
|
|-weather|Sandstorm|[upkeep]
|-damage|p2a: Mahoraga|31/100|[from] Sandstorm
|upkeep
|turn|18
|
|t:|1769319135
|switch|p2a: DNA|Great Tusk, shiny|64/100
|move|p1a: Tyranitar|Stone Edge|p2a: DNA
|-resisted|p2a: DNA
|-damage|p2a: DNA|57/100
|
|-weather|Sandstorm|[upkeep]
|upkeep
|turn|19
|
|t:|1769319144
|switch|p1a: Tornadus|Tornadus-Therian, M|100/100
|move|p2a: DNA|Stealth Rock|p1a: Tornadus
|-sidestart|p1: kaisadadi|move: Stealth Rock
|
|-weather|Sandstorm|[upkeep]
|-damage|p1a: Tornadus|94/100|[from] Sandstorm
|upkeep
|turn|20
|
|t:|1769319154
|move|p1a: Tornadus|U-turn|p2a: DNA
|-resisted|p2a: DNA
|-damage|p2a: DNA|55/100
|
|t:|1769319158
|switch|p1a: Hydrapple|Hydrapple, M|100/100|[from] U-turn
|-damage|p1a: Hydrapple|88/100|[from] Stealth Rock
|move|p2a: DNA|Ice Spinner|p1a: Hydrapple
|-supereffective|p1a: Hydrapple
|-damage|p1a: Hydrapple|40/100
|-damage|p2a: DNA|38/100|[from] item: Rocky Helmet|[of] p1a: Hydrapple
|
|-weather|none
|upkeep
|turn|21
|
|t:|1769319172
|-end|p2a: DNA|Protosynthesis|[silent]
|switch|p2a: Mahoraga|Grimmsnarl, M, shiny|31/100
|switch|p1a: Keldeo|Keldeo-Resolute|64/100
|-damage|p1a: Keldeo|58/100|[from] Stealth Rock
|
|upkeep
|turn|22
|
|t:|1769319180
|-terastallize|p1a: Keldeo|Water
|move|p2a: Mahoraga|Light Screen|p2a: Mahoraga
|-sidestart|p2: TotallySkilled|move: Light Screen
|move|p1a: Keldeo|Surf|p2a: Mahoraga
|-damage|p2a: Mahoraga|0 fnt
|faint|p2a: Mahoraga
|
|upkeep
|
|t:|1769319184
|switch|p2a: ReconoceR|Farigiraf, M, shiny|100/100
|turn|23
|
|t:|1769319190
|switch|p1a: Heatran|Heatran, M|100/100
|-damage|p1a: Heatran|88/100|[from] Stealth Rock
|move|p2a: ReconoceR|Trick Room|p2a: ReconoceR
|-fieldstart|move: Trick Room|[of] p2a: ReconoceR
|
|-heal|p1a: Heatran|94/100|[from] item: Leftovers
|upkeep
|turn|24
|
|t:|1769319195
|move|p2a: ReconoceR|Nasty Plot|p2a: ReconoceR
|-boost|p2a: ReconoceR|spa|2
|move|p1a: Heatran|Magma Storm|p2a: ReconoceR
|-damage|p2a: ReconoceR|77/100
|-activate|p2a: ReconoceR|move: Magma Storm|[of] p1a: Heatran
|
|-heal|p2a: ReconoceR|84/100|[from] item: Leftovers
|-heal|p1a: Heatran|100/100|[from] item: Leftovers
|-damage|p2a: ReconoceR|71/100|[from] move: Magma Storm|[partiallytrapped]
|-sideend|p2: TotallySkilled|Reflect
|upkeep
|turn|25
|
|t:|1769319204
|move|p2a: ReconoceR|Nasty Plot|p2a: ReconoceR
|-boost|p2a: ReconoceR|spa|2
|move|p1a: Heatran|Taunt|p2a: ReconoceR
|-start|p2a: ReconoceR|move: Taunt
|
|-heal|p2a: ReconoceR|77/100|[from] item: Leftovers
|-damage|p2a: ReconoceR|65/100|[from] move: Magma Storm|[partiallytrapped]
|upkeep
|turn|26
|
|t:|1769319209
|move|p2a: ReconoceR|Shadow Ball|p1a: Heatran
|-damage|p1a: Heatran|51/100
|move|p1a: Heatran|Magma Storm|p2a: ReconoceR|[miss]
|-miss|p1a: Heatran|p2a: ReconoceR
|
|-heal|p2a: ReconoceR|71/100|[from] item: Leftovers
|-heal|p1a: Heatran|57/100|[from] item: Leftovers
|-damage|p2a: ReconoceR|59/100|[from] move: Magma Storm|[partiallytrapped]
|upkeep
|turn|27
|j| hackingefidiant
|l| hackingefidiant
|
|t:|1769319219
|switch|p1a: Tyranitar|Tyranitar, M|81/100
|-damage|p1a: Tyranitar|68/100|[from] Stealth Rock
|-weather|Sandstorm|[from] ability: Sand Stream|[of] p1a: Tyranitar
|move|p2a: ReconoceR|Tera Blast|p1a: Tyranitar
|-resisted|p1a: Tyranitar
|-damage|p1a: Tyranitar|25/100
|
|-weather|Sandstorm|[upkeep]
|-damage|p2a: ReconoceR|52/100|[from] Sandstorm
|-heal|p2a: ReconoceR|59/100|[from] item: Leftovers
|-end|p2a: ReconoceR|Magma Storm|[partiallytrapped]|[silent]
|-fieldend|move: Trick Room
|upkeep
|turn|28
|
|t:|1769319226
|switch|p2a: DNA|Great Tusk, shiny|38/100
|move|p1a: Tyranitar|Ice Punch|p2a: DNA
|-supereffective|p2a: DNA
|-damage|p2a: DNA|0 fnt
|faint|p2a: DNA
|-end|p2a: DNA|Protosynthesis|[silent]
|
|-weather|Sandstorm|[upkeep]
|upkeep
|
|t:|1769319228
|switch|p2a: Malevolent Kitchen|Pecharunt|94/100
|-item|p2a: Malevolent Kitchen|Air Balloon
|turn|29
|
|t:|1769319242
|move|p2a: Malevolent Kitchen|Nasty Plot|p2a: Malevolent Kitchen
|-boost|p2a: Malevolent Kitchen|spa|2
|move|p1a: Tyranitar|Ice Punch|p2a: Malevolent Kitchen
|-damage|p2a: Malevolent Kitchen|69/100
|-enditem|p2a: Malevolent Kitchen|Air Balloon
|
|-weather|Sandstorm|[upkeep]
|-damage|p2a: Malevolent Kitchen|63/100|[from] Sandstorm
|-sideend|p2: TotallySkilled|move: Light Screen
|upkeep
|turn|30
|
|t:|1769319247
|move|p2a: Malevolent Kitchen|Malignant Chain|p1a: Tyranitar
|-resisted|p1a: Tyranitar
|-damage|p1a: Tyranitar|6/100
|move|p1a: Tyranitar|Ice Punch|p2a: Malevolent Kitchen
|-damage|p2a: Malevolent Kitchen|35/100
|-status|p2a: Malevolent Kitchen|frz
|
|-weather|Sandstorm|[upkeep]
|-damage|p2a: Malevolent Kitchen|29/100 frz|[from] Sandstorm
|upkeep
|turn|31
|-message|TotallySkilled forfeited.
|
|win|kaisadadi
|raw|kaisadadi's rating: 1513 &rarr; <strong>1534</strong><br />(+21 for winning)
|raw|TotallySkilled's rating: 1527 &rarr; <strong>1506</strong><br />(-21 for losing)
|l|☆TotallySkilled
|player|p2|
|l|☆kaisadadi
|player|p1|
