|j|☆koshineer
|j|☆Edgelord47
|t:|1769323647
|gametype|singles
|player|p1|koshineer|266|1149
|player|p2|Edgelord47|hugh|1166
|gen|9
|tier|[Gen 9] OU
|rated|
|rule|HP Percentage Mod: HP is shown in percentages
|rule|Endless Battle Clause: Forcing endless battles is banned
|rule|Species Clause: Limit one of each Pokémon
|rule|OHKO Clause: OHKO moves are banned
|rule|Evasion Items Clause: Evasion items are banned
|rule|Evasion Moves Clause: Evasion moves are banned
|rule|Evasion Abilities Clause: Evasion abilities are banned
|rule|Sleep Moves Clause: Sleep-inducing moves are banned
|clearpoke
|poke|p1|Landorus-Therian, M|
|poke|p1|Samurott-Hisui, F|
|poke|p1|Gholdengo|
|poke|p1|Iron Moth|
|poke|p1|Rillaboom, M|
|poke|p1|Primarina, F|
|poke|p2|Typhlosion, M|
|poke|p2|Scizor, F|
|poke|p2|Tatsugiri-Droopy, F|
|poke|p2|Houndstone, M|
|poke|p2|Zebstrika, M|
|poke|p2|Rhyperior, F|
|teampreview
|
|t:|1769323665
|teamsize|p1|6
|teamsize|p2|6
|start
|switch|p1a: dark lord|Samurott-Hisui, F|100/100
|switch|p2a: Rhyperior|Rhyperior, F|100/100
|turn|1
|
|t:|1769323678
|switch|p2a: Tatsugiri|Tatsugiri-Droopy, F, shiny|100/100
|move|p1a: dark lord|Aqua Cutter|p2a: Tatsugiri
|-ability|p2a: Tatsugiri|Storm Drain|boost
|-boost|p2a: Tatsugiri|spa|1
|
|upkeep
|turn|2
|
|t:|1769323695
|switch|p1a: miku|Primarina, F|100/100
|move|p2a: Tatsugiri|Hyper Beam|p1a: miku
|-damage|p1a: miku|23/100
|-mustrecharge|p2a: Tatsugiri
|
|-heal|p1a: miku|29/100|[from] item: Leftovers
|upkeep
|turn|3
|
|t:|1769323714
|cant|p2a: Tatsugiri|recharge
|move|p1a: miku|Moonblast|p2a: Tatsugiri
|-supereffective|p2a: Tatsugiri
|-damage|p2a: Tatsugiri|0 fnt
|faint|p2a: Tatsugiri
|
|-heal|p1a: miku|35/100|[from] item: Leftovers
|upkeep
|
|t:|1769323719
|switch|p2a: Scizor|Scizor, F|100/100
|turn|4
|inactive|Battle timer is ON: inactive players will automatically lose when time's up. (requested by Edgelord47)
|
|t:|1769323745
|switch|p1a: Iron Moth|Iron Moth|100/100
|-enditem|p1a: Iron Moth|Booster Energy
|-activate|p1a: Iron Moth|ability: Quark Drive|[fromitem]
|-start|p1a: Iron Moth|quarkdrivespe
|move|p2a: Scizor|Bullet Punch|p1a: Iron Moth
|-resisted|p1a: Iron Moth
|-damage|p1a: Iron Moth|64/100
|
|upkeep
|turn|5
|inactive|koshineer has 120 seconds left.
|
|t:|1769323796
|switch|p2a: Typhlosion|Typhlosion, M, shiny|100/100
|move|p1a: Iron Moth|Fiery Dance|p2a: Typhlosion
|-start|p2a: Typhlosion|ability: Flash Fire
|
|upkeep
|turn|6
|inactive|koshineer has 90 seconds left.
|
|t:|1769323823
|-end|p1a: Iron Moth|Quark Drive|[silent]
|switch|p1a: Rillaboom|Rillaboom, M|100/100
|-fieldstart|move: Grassy Terrain|[from] ability: Grassy Surge|[of] p1a: Rillaboom
|move|p2a: Typhlosion|Eruption|p1a: Rillaboom
|-supereffective|p1a: Rillaboom
|-damage|p1a: Rillaboom|0 fnt
|faint|p1a: Rillaboom
|
|upkeep
|
|t:|1769323837
|switch|p1a: Iron Moth|Iron Moth|64/100
|turn|7
|
|t:|1769323852
|move|p2a: Typhlosion|Eruption|p1a: Iron Moth
|-resisted|p1a: Iron Moth
|-damage|p1a: Iron Moth|6/100
|move|p1a: Iron Moth|Dazzling Gleam|p2a: Typhlosion
|-resisted|p2a: Typhlosion
|-crit|p2a: Typhlosion
|-damage|p2a: Typhlosion|74/100
|
|-heal|p2a: Typhlosion|80/100|[from] Grassy Terrain
|-heal|p1a: Iron Moth|12/100|[from] Grassy Terrain
|upkeep
|turn|8
|inactive|koshineer has 60 seconds left.
|
|t:|1769323882
|-end|p1a: Iron Moth|Quark Drive|[silent]
|switch|p1a: dark lord|Samurott-Hisui, F|100/100
|move|p2a: Typhlosion|Eruption|p1a: dark lord
|-resisted|p1a: dark lord
|-damage|p1a: dark lord|36/100
|
|-heal|p2a: Typhlosion|86/100|[from] Grassy Terrain
|-heal|p1a: dark lord|42/100|[from] Grassy Terrain
|upkeep
|turn|9
|inactive|koshineer has 60 seconds left.
|c|☆Edgelord47|May I ask what music you listen to?
|inactive|koshineer has 30 seconds left.
|
|t:|1769323926
|switch|p1a: Iron Moth|Iron Moth|12/100
|move|p2a: Typhlosion|Eruption|p1a: Iron Moth
|-resisted|p1a: Iron Moth
|-damage|p1a: Iron Moth|0 fnt
|faint|p1a: Iron Moth
|-end|p1a: Iron Moth|Quark Drive|[silent]
|
|-heal|p2a: Typhlosion|92/100|[from] Grassy Terrain
|upkeep
|inactive|koshineer has 30 seconds left.
|
|t:|1769323939
|switch|p1a: Landorus|Landorus-Therian, M|100/100
|-ability|p1a: Landorus|Intimidate|boost
|-unboost|p2a: Typhlosion|atk|1
|turn|10
|inactive|koshineer has 30 seconds left.
|
|t:|1769323948
|move|p2a: Typhlosion|Eruption|p1a: Landorus
|-damage|p1a: Landorus|0 fnt
|faint|p1a: Landorus
|
|-heal|p2a: Typhlosion|98/100|[from] Grassy Terrain
|-fieldend|move: Grassy Terrain
|upkeep
|inactive|koshineer has 30 seconds left.
|inactive|koshineer has 20 seconds left.
|inactive|koshineer has 15 seconds left.
|
|t:|1769323970
|switch|p1a: dark lord|Samurott-Hisui, F|42/100
|turn|11
|inactive|koshineer has 25 seconds left this turn.
|inactive|koshineer has 20 seconds left.
|
|t:|1769323977
|move|p1a: dark lord|Sucker Punch|p2a: Typhlosion
|-damage|p2a: Typhlosion|56/100
|move|p2a: Typhlosion|Eruption|p1a: dark lord
|-resisted|p1a: dark lord
|-damage|p1a: dark lord|0 fnt
|faint|p1a: dark lord
|
|upkeep
|inactive|koshineer has 25 seconds left this turn.
|
|t:|1769323980
|switch|p1a: Gholdengo|Gholdengo|100/100
|-item|p1a: Gholdengo|Air Balloon
|turn|12
|inactive|koshineer has 30 seconds left.
|-message|koshineer forfeited.
|
|win|Edgelord47
|raw|koshineer's rating: 1149 &rarr; <strong>1125</strong><br />(-24 for losing)
|raw|Edgelord47's rating: 1166 &rarr; <strong>1190</strong><br />(+24 for winning)
|l|☆koshineer
|player|p1|
|l|☆Edgelord47
|player|p2|
