|j|☆caomei111
|j|☆ezx vgc
|t:|1769384460
|gametype|singles
|player|p1|caomei111|2|1103
|player|p2|ezx vgc|1|1035
|gen|9
|tier|[Gen 9] OU
|rated|
|rule|HP Percentage Mod: HP is shown in percentages
|rule|Endless Battle Clause: Forcing endless battles is banned
|rule|Species Clause: Limit one of each Pokémon
|rule|OHKO Clause: OHKO moves are banned
|rule|Evasion Items Clause: Evasion items are banned
|rule|Evasion Moves Clause: Evasion moves are banned
|rule|Evasion Abilities Clause: Evasion abilities are banned
|rule|Sleep Moves Clause: Sleep-inducing moves are banned
|clearpoke
|poke|p1|Heatran, F|
|poke|p1|Rillaboom, F|
|poke|p1|Corviknight, M|
|poke|p1|Kingambit, F|
|poke|p1|Gliscor, F|
|poke|p1|Kyurem|
|poke|p2|Ceruledge, F|
|poke|p2|Kingambit, F|
|poke|p2|Gholdengo|
|poke|p2|Ursaluna, F|
|poke|p2|Ogerpon-Wellspring, F|
|poke|p2|Cresselia, F|
|teampreview
|
|t:|1769384495
|teamsize|p1|6
|teamsize|p2|6
|start
|switch|p1a: Heatran|Heatran, F|100/100
|switch|p2a: Ogerpon|Ogerpon-Wellspring, F|100/100
|turn|1
|
|t:|1769384510
|-terastallize|p1a: Heatran|Grass
|move|p2a: Ogerpon|Ivy Cudgel|p1a: Heatran|[anim] Ivy Cudgel Water
|-resisted|p1a: Heatran
|-damage|p1a: Heatran|79/100
|move|p1a: Heatran|Stealth Rock|p2a: Ogerpon
|-sidestart|p2: ezx vgc|move: Stealth Rock
|
|-heal|p1a: Heatran|85/100|[from] item: Leftovers
|upkeep
|turn|2
|
|t:|1769384524
|switch|p2a: Ceruledge|Ceruledge, F, shiny|100/100
|-damage|p2a: Ceruledge|76/100|[from] Stealth Rock
|move|p1a: Heatran|Magma Storm|p2a: Ceruledge
|-resisted|p2a: Ceruledge
|-damage|p2a: Ceruledge|53/100
|-activate|p2a: Ceruledge|move: Magma Storm|[of] p1a: Heatran
|
|-heal|p1a: Heatran|91/100|[from] item: Leftovers
|-damage|p2a: Ceruledge|40/100|[from] move: Magma Storm|[partiallytrapped]
|upkeep
|turn|3
|
|t:|1769384551
|move|p2a: Ceruledge|Destiny Bond|p2a: Ceruledge
|-singlemove|p2a: Ceruledge|Destiny Bond
|move|p1a: Heatran|Earth Power|p2a: Ceruledge
|-supereffective|p2a: Ceruledge
|-damage|p2a: Ceruledge|0 fnt
|faint|p2a: Ceruledge
|-activate|p2a: Ceruledge|move: Destiny Bond
|faint|p1a: Heatran
|
|upkeep
|
|t:|1769384585
|switch|p2a: Cresselia|Cresselia, F, shiny|100/100
|switch|p1a: Gliscor|Gliscor, F|100/100
|-damage|p2a: Cresselia|88/100|[from] Stealth Rock
|turn|4
|c|☆ezx vgc|why cant i trick room
|
|t:|1769384605
|switch|p2a: Ogerpon|Ogerpon-Wellspring, F|100/100
|-damage|p2a: Ogerpon|88/100|[from] Stealth Rock
|move|p1a: Gliscor|Spikes|p2a: Ogerpon
|-sidestart|p2: ezx vgc|Spikes
|
|-status|p1a: Gliscor|tox|[from] item: Toxic Orb
|upkeep
|turn|5
|
|t:|1769384619
|move|p2a: Ogerpon|Ivy Cudgel|p1a: Gliscor|[anim] Ivy Cudgel Water
|-supereffective|p1a: Gliscor
|-crit|p1a: Gliscor
|-damage|p1a: Gliscor|4/100 tox
|move|p1a: Gliscor|Toxic|p2a: Ogerpon
|-status|p2a: Ogerpon|tox
|
|-damage|p2a: Ogerpon|82/100 tox|[from] psn
|-heal|p1a: Gliscor|17/100 tox|[from] ability: Poison Heal
|upkeep
|turn|6
|
|t:|1769384630
|move|p1a: Gliscor|Protect|p1a: Gliscor
|-singleturn|p1a: Gliscor|Protect
|move|p2a: Ogerpon|Ivy Cudgel|p1a: Gliscor|[anim] Ivy Cudgel Water
|-activate|p1a: Gliscor|move: Protect
|
|-damage|p2a: Ogerpon|69/100 tox|[from] psn
|-heal|p1a: Gliscor|29/100 tox|[from] ability: Poison Heal
|upkeep
|turn|7
|
|t:|1769384641
|switch|p1a: Kyurem|Kyurem|100/100
|-ability|p1a: Kyurem|Pressure
|move|p2a: Ogerpon|Ivy Cudgel|p1a: Kyurem|[anim] Ivy Cudgel Water
|-resisted|p1a: Kyurem
|-damage|p1a: Kyurem|73/100
|
|-damage|p2a: Ogerpon|51/100 tox|[from] psn
|upkeep
|turn|8
|
|t:|1769384652
|move|p1a: Kyurem|Freeze-Dry|p2a: Ogerpon
|-supereffective|p2a: Ogerpon
|-damage|p2a: Ogerpon|0 fnt
|faint|p2a: Ogerpon
|
|upkeep
|
|t:|1769384661
|switch|p2a: Gholdengo|Gholdengo|100/100
|-damage|p2a: Gholdengo|94/100|[from] Stealth Rock
|-damage|p2a: Gholdengo|82/100|[from] Spikes
|turn|9
|
|t:|1769384673
|move|p1a: Kyurem|Freeze-Dry|p2a: Gholdengo
|-resisted|p2a: Gholdengo
|-damage|p2a: Gholdengo|54/100
|move|p2a: Gholdengo|Make It Rain|p1a: Kyurem
|-supereffective|p1a: Kyurem
|-damage|p1a: Kyurem|0 fnt
|-unboost|p2a: Gholdengo|spa|1
|faint|p1a: Kyurem
|
|-heal|p2a: Gholdengo|60/100|[from] item: Leftovers
|upkeep
|
|t:|1769384695
|switch|p1a: Gliscor|Gliscor, F|29/100 tox
|turn|10
|
|t:|1769384710
|move|p1a: Gliscor|Protect|p1a: Gliscor
|-singleturn|p1a: Gliscor|Protect
|move|p2a: Gholdengo|Make It Rain|p1a: Gliscor
|-activate|p1a: Gliscor|move: Protect
|
|-heal|p2a: Gholdengo|66/100|[from] item: Leftovers
|-heal|p1a: Gliscor|42/100 tox|[from] ability: Poison Heal
|upkeep
|turn|11
|
|t:|1769384731
|move|p1a: Gliscor|Earthquake|p2a: Gholdengo
|-supereffective|p2a: Gholdengo
|-damage|p2a: Gholdengo|8/100
|move|p2a: Gholdengo|Make It Rain|p1a: Gliscor
|-damage|p1a: Gliscor|0 fnt
|-unboost|p2a: Gholdengo|spa|1
|faint|p1a: Gliscor
|
|-heal|p2a: Gholdengo|14/100|[from] item: Leftovers
|upkeep
|
|t:|1769384740
|switch|p1a: Rillaboom|Rillaboom, F|100/100
|-fieldstart|move: Grassy Terrain|[from] ability: Grassy Surge|[of] p1a: Rillaboom
|turn|12
|
|t:|1769384762
|move|p1a: Rillaboom|Grassy Glide|p2a: Gholdengo
|-resisted|p2a: Gholdengo
|-damage|p2a: Gholdengo|0 fnt
|faint|p2a: Gholdengo
|
|upkeep
|
|t:|1769384796
|switch|p2a: Cresselia|Cresselia, F, shiny|88/100
|-damage|p2a: Cresselia|76/100|[from] Stealth Rock
|turn|13
|
|t:|1769384820
|move|p1a: Rillaboom|Grassy Glide|p2a: Cresselia
|-damage|p2a: Cresselia|34/100
|move|p2a: Cresselia|Moonblast|p1a: Rillaboom
|-damage|p1a: Rillaboom|72/100
|
|-heal|p1a: Rillaboom|78/100|[from] Grassy Terrain
|upkeep
|turn|14
|
|t:|1769384832
|move|p1a: Rillaboom|Grassy Glide|p2a: Cresselia
|-damage|p2a: Cresselia|0 fnt
|faint|p2a: Cresselia
|
|-heal|p1a: Rillaboom|84/100|[from] Grassy Terrain
|upkeep
|
|t:|1769384842
|switch|p2a: Kingambit|Kingambit, F|100/100
|-damage|p2a: Kingambit|94/100|[from] Stealth Rock
|-activate|p2a: Kingambit|ability: Supreme Overlord
|-start|p2a: Kingambit|fallen4|[silent]
|-item|p2a: Kingambit|Air Balloon
|turn|15
|
|t:|1769384856
|switch|p1a: Corviknight|Corviknight, M|100/100
|-ability|p1a: Corviknight|Pressure
|move|p2a: Kingambit|Poison Jab|p1a: Corviknight
|-immune|p1a: Corviknight
|
|upkeep
|turn|16
|
|t:|1769384889
|move|p1a: Corviknight|Brave Bird|p2a: Kingambit
|-resisted|p2a: Kingambit
|-damage|p2a: Kingambit|81/100
|-enditem|p2a: Kingambit|Air Balloon
|-damage|p1a: Corviknight|96/100|[from] Recoil
|move|p2a: Kingambit|Kowtow Cleave|p1a: Corviknight
|-damage|p1a: Corviknight|57/100
|
|-heal|p1a: Corviknight|63/100|[from] item: Leftovers
|-heal|p2a: Kingambit|87/100|[from] Grassy Terrain
|-fieldend|move: Grassy Terrain
|upkeep
|turn|17
|
|t:|1769384904
|move|p1a: Corviknight|U-turn|p2a: Kingambit
|-damage|p2a: Kingambit|75/100
|
|t:|1769384906
|switch|p1a: Kingambit|Kingambit, F|100/100|[from] U-turn
|-activate|p1a: Kingambit|ability: Supreme Overlord
|-start|p1a: Kingambit|fallen3|[silent]
|move|p2a: Kingambit|Iron Defense|p2a: Kingambit
|-boost|p2a: Kingambit|def|2
|
|upkeep
|turn|18
|
|t:|1769384928
|-end|p2a: Kingambit|fallen4|[silent]
|switch|p2a: Ursaluna|Ursaluna, F, shiny|100/100
|-damage|p2a: Ursaluna|94/100|[from] Stealth Rock
|-damage|p2a: Ursaluna|82/100|[from] Spikes
|move|p1a: Kingambit|Swords Dance|p1a: Kingambit
|-boost|p1a: Kingambit|atk|2
|
|-status|p2a: Ursaluna|brn|[from] item: Flame Orb
|upkeep
|turn|19
|
|t:|1769384948
|move|p1a: Kingambit|Sucker Punch|p2a: Ursaluna
|-damage|p2a: Ursaluna|0 fnt
|faint|p2a: Ursaluna
|
|upkeep
|c|☆ezx vgc|ok buddy ur hacking
|
|t:|1769384962
|switch|p2a: Kingambit|Kingambit, F|75/100
|-damage|p2a: Kingambit|69/100|[from] Stealth Rock
|-damage|p2a: Kingambit|57/100|[from] Spikes
|-activate|p2a: Kingambit|ability: Supreme Overlord
|-start|p2a: Kingambit|fallen5|[silent]
|turn|20
|
|t:|1769384979
|-terastallize|p2a: Kingambit|Ice
|move|p2a: Kingambit|Kowtow Cleave|p1a: Kingambit
|-resisted|p1a: Kingambit
|-damage|p1a: Kingambit|76/100
|move|p1a: Kingambit|Kowtow Cleave|p2a: Kingambit
|-damage|p2a: Kingambit|0 fnt
|faint|p2a: Kingambit
|-end|p2a: Kingambit|fallen5|[silent]
|
|win|caomei111
|raw|caomei111's rating: 1103 &rarr; <strong>1123</strong><br />(+20 for winning)
|raw|ezx vgc's rating: 1035 &rarr; <strong>1023</strong><br />(-12 for losing)
|l|☆ezx vgc
|player|p2|
