|j|☆gamasese
|j|☆urifloo777
|t:|1769397919
|gametype|singles
|player|p1|gamasese|ghetsis-gen5bw|1088
|player|p2|urifloo777|blue|1068
|gen|9
|tier|[Gen 9] OU
|rated|
|rule|HP Percentage Mod: HP is shown in percentages
|rule|Endless Battle Clause: Forcing endless battles is banned
|rule|Species Clause: Limit one of each Pokémon
|rule|OHKO Clause: OHKO moves are banned
|rule|Evasion Items Clause: Evasion items are banned
|rule|Evasion Moves Clause: Evasion moves are banned
|rule|Evasion Abilities Clause: Evasion abilities are banned
|rule|Sleep Moves Clause: Sleep-inducing moves are banned
|clearpoke
|poke|p1|Grimmsnarl, M|
|poke|p1|Excadrill, M|
|poke|p1|Metagross|
|poke|p1|Rotom-Wash|
|poke|p1|Lokix, M|
|poke|p1|Hydrapple, M|
|poke|p2|Blastoise, F|
|poke|p2|Garchomp, F|
|poke|p2|Gengar, F|
|poke|p2|Florges-Blue, F|
|poke|p2|Kingambit, F|
|poke|p2|Frosmoth, F|
|teampreview
|inactive|Battle timer is ON: inactive players will automatically lose when time's up. (requested by gamasese)
|
|t:|1769397925
|teamsize|p1|6
|teamsize|p2|6
|start
|switch|p1a: Rotom|Rotom-Wash, shiny|100/100
|switch|p2a: Gollira|Garchomp, F|100/100
|turn|1
|
|t:|1769397933
|move|p2a: Gollira|Swords Dance|p2a: Gollira
|-boost|p2a: Gollira|atk|2
|move|p1a: Rotom|Will-O-Wisp|p2a: Gollira|[miss]
|-miss|p1a: Rotom|p2a: Gollira
|
|upkeep
|turn|2
|
|t:|1769397938
|move|p2a: Gollira|Swords Dance|p2a: Gollira
|-boost|p2a: Gollira|atk|2
|move|p1a: Rotom|Will-O-Wisp|p2a: Gollira
|-status|p2a: Gollira|brn
|
|-damage|p2a: Gollira|94/100 brn|[from] brn
|upkeep
|turn|3
|
|t:|1769397946
|move|p2a: Gollira|Scale Shot|p1a: Rotom
|-damage|p1a: Rotom|79/100
|-damage|p1a: Rotom|55/100
|-damage|p1a: Rotom|32/100
|-damage|p1a: Rotom|7/100
|-damage|p1a: Rotom|0 fnt
|faint|p1a: Rotom
|-hitcount|p1: Rotom|5
|-unboost|p2a: Gollira|def|1
|-boost|p2a: Gollira|spe|1
|
|-damage|p2a: Gollira|88/100 brn|[from] brn
|upkeep
|
|t:|1769397954
|switch|p1a: Grimmsnarl|Grimmsnarl, M|100/100
|turn|4
|
|t:|1769397966
|-terastallize|p2a: Gollira|Fire
|move|p1a: Grimmsnarl|Metronome|p1a: Grimmsnarl
|move|p1a: Grimmsnarl|Memento|p2a: Gollira|[from] move: Metronome
|-unboost|p2a: Gollira|atk|2
|-unboost|p2a: Gollira|spa|2
|faint|p1a: Grimmsnarl
|move|p2a: Gollira|Swords Dance|p2a: Gollira
|-boost|p2a: Gollira|atk|2
|
|-damage|p2a: Gollira|82/100 brn|[from] brn
|upkeep
|
|t:|1769397978
|switch|p1a: Hydrapple|Hydrapple, M|100/100
|turn|5
|
|t:|1769397982
|-terastallize|p1a: Hydrapple|Fairy
|move|p2a: Gollira|Fire Fang|p1a: Hydrapple
|-damage|p1a: Hydrapple|65/100
|move|p1a: Hydrapple|Earth Power|p2a: Gollira
|-supereffective|p2a: Gollira
|-damage|p2a: Gollira|33/100 brn
|
|-damage|p2a: Gollira|27/100 brn|[from] brn
|upkeep
|turn|6
|
|t:|1769397992
|move|p2a: Gollira|Earthquake|p1a: Hydrapple
|-damage|p1a: Hydrapple|16/100
|move|p1a: Hydrapple|Hydro Pump|p2a: Gollira
|-supereffective|p2a: Gollira
|-damage|p2a: Gollira|0 fnt
|faint|p2a: Gollira
|
|upkeep
|
|t:|1769398005
|switch|p2a: Trotuman|Blastoise, F|100/100
|turn|7
|
|t:|1769398013
|move|p2a: Trotuman|Aqua Jet|p1a: Hydrapple
|-damage|p1a: Hydrapple|10/100
|move|p1a: Hydrapple|Leaf Storm|p2a: Trotuman
|-supereffective|p2a: Trotuman
|-damage|p2a: Trotuman|0 fnt
|-unboost|p1a: Hydrapple|spa|2
|faint|p2a: Trotuman
|
|upkeep
|
|t:|1769398021
|switch|p2a: Florges|Florges-Blue, F|100/100
|turn|8
|
|t:|1769398026
|switch|p1a: Metagross|Metagross|100/100
|move|p2a: Florges|Moonblast|p1a: Metagross
|-resisted|p1a: Metagross
|-damage|p1a: Metagross|83/100
|
|upkeep
|turn|9
|
|t:|1769398034
|switch|p2a: Gengar|Gengar, F|100/100
|move|p1a: Metagross|Heavy Slam|p2a: Gengar
|-damage|p2a: Gengar|0 fnt
|faint|p2a: Gengar
|
|upkeep
|
|t:|1769398041
|switch|p2a: Mothra|Frosmoth, F|100/100
|turn|10
|
|t:|1769398046
|move|p1a: Metagross|Heavy Slam|p2a: Mothra
|-supereffective|p2a: Mothra
|-damage|p2a: Mothra|0 fnt
|faint|p2a: Mothra
|
|upkeep
|
|t:|1769398051
|switch|p2a: Kingambit|Kingambit, F|100/100
|-activate|p2a: Kingambit|ability: Supreme Overlord
|-start|p2a: Kingambit|fallen4|[silent]
|turn|11
|
|t:|1769398056
|move|p1a: Metagross|Earthquake|p2a: Kingambit
|-supereffective|p2a: Kingambit
|-damage|p2a: Kingambit|53/100
|move|p2a: Kingambit|Swords Dance|p2a: Kingambit
|-boost|p2a: Kingambit|atk|2
|
|-heal|p2a: Kingambit|59/100|[from] item: Leftovers
|upkeep
|turn|12
|
|t:|1769398069
|switch|p1a: Excadrill|Excadrill, M|100/100
|-ability|p1a: Excadrill|Mold Breaker
|-item|p1a: Excadrill|Air Balloon
|move|p2a: Kingambit|Swords Dance|p2a: Kingambit
|-boost|p2a: Kingambit|atk|2
|
|-heal|p2a: Kingambit|65/100|[from] item: Leftovers
|upkeep
|turn|13
|
|t:|1769398079
|move|p2a: Kingambit|Sucker Punch|p1a: Excadrill
|-damage|p1a: Excadrill|0 fnt
|-enditem|p1a: Excadrill|Air Balloon
|faint|p1a: Excadrill
|
|-heal|p2a: Kingambit|71/100|[from] item: Leftovers
|upkeep
|
|t:|1769398086
|switch|p1a: Lokix|Lokix, M|100/100
|turn|14
|
|t:|1769398095
|move|p1a: Lokix|First Impression|p2a: Kingambit
|-damage|p2a: Kingambit|46/100
|move|p2a: Kingambit|Swords Dance|p2a: Kingambit
|-boost|p2a: Kingambit|atk|2
|
|-heal|p2a: Kingambit|52/100|[from] item: Leftovers
|upkeep
|turn|15
|
|t:|1769398103
|move|p1a: Lokix|Sucker Punch|p2a: Kingambit
|-resisted|p2a: Kingambit
|-damage|p2a: Kingambit|29/100
|move|p2a: Kingambit|Iron Head|p1a: Lokix
|-crit|p1a: Lokix
|-damage|p1a: Lokix|0 fnt
|faint|p1a: Lokix
|
|-heal|p2a: Kingambit|35/100|[from] item: Leftovers
|upkeep
|
|t:|1769398109
|switch|p1a: Metagross|Metagross|83/100
|turn|16
|
|t:|1769398113
|move|p2a: Kingambit|Sucker Punch|p1a: Metagross
|-supereffective|p1a: Metagross
|-damage|p1a: Metagross|0 fnt
|faint|p1a: Metagross
|
|-heal|p2a: Kingambit|41/100|[from] item: Leftovers
|upkeep
|
|t:|1769398117
|switch|p1a: Hydrapple|Hydrapple, M, tera:Fairy|43/100
|turn|17
|
|t:|1769398122
|move|p2a: Kingambit|Iron Head|p1a: Hydrapple
|-supereffective|p1a: Hydrapple
|-damage|p1a: Hydrapple|0 fnt
|faint|p1a: Hydrapple
|
|win|urifloo777
|raw|gamasese's rating: 1088 &rarr; <strong>1063</strong><br />(-25 for losing)
|raw|urifloo777's rating: 1068 &rarr; <strong>1100</strong><br />(+32 for winning)
|l|☆gamasese
|player|p1|
|l|☆urifloo777
|player|p2|
