|j|☆LordFueg
|j|☆Leriskato
|t:|1769338469
|gametype|singles
|player|p1|LordFueg|1|1340
|player|p2|Leriskato|hoopster|1309
|gen|9
|tier|[Gen 9] OU
|rated|
|rule|HP Percentage Mod: HP is shown in percentages
|rule|Endless Battle Clause: Forcing endless battles is banned
|rule|Species Clause: Limit one of each Pokémon
|rule|OHKO Clause: OHKO moves are banned
|rule|Evasion Items Clause: Evasion items are banned
|rule|Evasion Moves Clause: Evasion moves are banned
|rule|Evasion Abilities Clause: Evasion abilities are banned
|rule|Sleep Moves Clause: Sleep-inducing moves are banned
|clearpoke
|poke|p1|Ninetales, F|
|poke|p1|Hatterene, F|
|poke|p1|Comfey, M|
|poke|p1|Whimsicott, F|
|poke|p1|Walking Wake|
|poke|p1|Great Tusk|
|poke|p2|Minior|
|poke|p2|Gholdengo|
|poke|p2|Maushold|
|poke|p2|Ninetales-Alola, F|
|poke|p2|Kyurem|
|poke|p2|Glimmora, F|
|teampreview
|inactive|Battle timer is ON: inactive players will automatically lose when time's up. (requested by LordFueg)
|
|t:|1769338493
|teamsize|p1|6
|teamsize|p2|6
|start
|switch|p1a: Ninetales|Ninetales, F|100/100
|switch|p2a: Glimmora|Glimmora, F|100/100
|-weather|SunnyDay|[from] ability: Drought|[of] p1a: Ninetales
|-item|p2a: Glimmora|Air Balloon
|turn|1
|
|t:|1769338502
|switch|p1a: Hatterene|Hatterene, F|100/100
|move|p2a: Glimmora|Stealth Rock|p1a: Hatterene
|move|p1a: Hatterene|Stealth Rock|p2a: Glimmora|[from] ability: Magic Bounce
|-sidestart|p2: Leriskato|move: Stealth Rock
|
|-weather|SunnyDay|[upkeep]
|upkeep
|turn|2
|
|t:|1769338520
|move|p2a: Glimmora|Mortal Spin|p1a: Hatterene
|-supereffective|p1a: Hatterene
|-damage|p1a: Hatterene|89/100
|-status|p1a: Hatterene|psn
|-sideend|p2: Leriskato|Stealth Rock|[from] move: Mortal Spin|[of] p2a: Glimmora
|-enditem|p1a: Hatterene|Eject Button
|
|t:|1769338526
|switch|p1a: Walking Wake|Walking Wake|100/100
|-activate|p1a: Walking Wake|ability: Protosynthesis
|-start|p1a: Walking Wake|protosynthesisspe
|
|-weather|SunnyDay|[upkeep]
|upkeep
|turn|3
|
|t:|1769338533
|move|p1a: Walking Wake|Hydro Steam|p2a: Glimmora
|-supereffective|p2a: Glimmora
|-damage|p2a: Glimmora|0 fnt
|-enditem|p2a: Glimmora|Air Balloon
|faint|p2a: Glimmora
|
|-weather|SunnyDay|[upkeep]
|upkeep
|
|t:|1769338548
|switch|p2a: Ninetales|Ninetales-Alola, F|100/100
|-weather|Snowscape|[from] ability: Snow Warning|[of] p2a: Ninetales
|-end|p1a: Walking Wake|Protosynthesis
|turn|4
|
|t:|1769338556
|-end|p1a: Walking Wake|Protosynthesis|[silent]
|switch|p1a: Ninetales|Ninetales, F|100/100
|-weather|SunnyDay|[from] ability: Drought|[of] p1a: Ninetales
|move|p2a: Ninetales|Aurora Veil||[still]
|-fail|p2a: Ninetales
|
|-weather|SunnyDay|[upkeep]
|upkeep
|turn|5
|
|t:|1769338572
|switch|p2a: Minior|Minior|100/100
|-formechange|p2a: Minior|Minior-Meteor||[from] ability: Shields Down
|move|p1a: Ninetales|Weather Ball|p2a: Minior
|-resisted|p2a: Minior
|-damage|p2a: Minior|70/100
|
|-weather|SunnyDay|[upkeep]
|upkeep
|turn|6
|
|t:|1769338583
|switch|p1a: Walking Wake|Walking Wake|100/100
|-activate|p1a: Walking Wake|ability: Protosynthesis
|-start|p1a: Walking Wake|protosynthesisspe
|move|p2a: Minior|Shell Smash|p2a: Minior
|-unboost|p2a: Minior|def|1
|-unboost|p2a: Minior|spd|1
|-boost|p2a: Minior|atk|2
|-boost|p2a: Minior|spa|2
|-boost|p2a: Minior|spe|2
|-enditem|p2a: Minior|White Herb
|-clearnegativeboost|p2a: Minior|[silent]
|
|-weather|SunnyDay|[upkeep]
|upkeep
|turn|7
|
|t:|1769338593
|move|p1a: Walking Wake|Hydro Steam|p2a: Minior
|-supereffective|p2a: Minior
|-damage|p2a: Minior|0 fnt
|faint|p2a: Minior
|
|-weather|SunnyDay|[upkeep]
|upkeep
|
|t:|1769338598
|switch|p2a: Maushold|Maushold|100/100
|turn|8
|
|t:|1769338607
|-end|p1a: Walking Wake|Protosynthesis|[silent]
|switch|p1a: Great Tusk|Great Tusk|100/100
|-activate|p1a: Great Tusk|ability: Protosynthesis
|-start|p1a: Great Tusk|protosynthesisatk
|move|p2a: Maushold|Tidy Up|p2a: Maushold
|-boost|p2a: Maushold|atk|1
|-boost|p2a: Maushold|spe|1
|
|-weather|SunnyDay|[upkeep]
|upkeep
|turn|9
|
|t:|1769338621
|move|p2a: Maushold|Bullet Seed|p1a: Great Tusk
|-supereffective|p1a: Great Tusk
|-damage|p1a: Great Tusk|82/100
|-supereffective|p1a: Great Tusk
|-damage|p1a: Great Tusk|61/100
|-supereffective|p1a: Great Tusk
|-damage|p1a: Great Tusk|41/100
|-supereffective|p1a: Great Tusk
|-damage|p1a: Great Tusk|20/100
|-supereffective|p1a: Great Tusk
|-damage|p1a: Great Tusk|0 fnt
|faint|p1a: Great Tusk
|-end|p1a: Great Tusk|Protosynthesis|[silent]
|-hitcount|p1: Great Tusk|5
|
|-weather|SunnyDay|[upkeep]
|upkeep
|
|t:|1769338638
|switch|p1a: Whimsicott|Whimsicott, F|100/100
|turn|10
|inactive|LordFueg has 120 seconds left.
|l|☆LordFueg
|inactive|LordFueg disconnected and has a minute to reconnect!
|player|p1|
|j|☆LordFueg
|inactive|LordFueg reconnected and has 110 seconds left.
|player|p1|LordFueg|1|
|
|t:|1769338684
|move|p1a: Whimsicott|Moonblast|p2a: Maushold
|-damage|p2a: Maushold|27/100
|-unboost|p2a: Maushold|spa|1
|-damage|p1a: Whimsicott|91/100|[from] item: Life Orb
|move|p2a: Maushold|Population Bomb|p1a: Whimsicott
|-damage|p1a: Whimsicott|69/100
|-damage|p1a: Whimsicott|48/100
|-damage|p1a: Whimsicott|26/100
|-damage|p1a: Whimsicott|6/100
|-damage|p1a: Whimsicott|0 fnt
|faint|p1a: Whimsicott
|-hitcount|p1: Whimsicott|5
|
|-weather|SunnyDay|[upkeep]
|upkeep
|
|t:|1769338693
|switch|p1a: Comfey|Comfey, M|100/100
|turn|11
|
|t:|1769338702
|move|p1a: Comfey|Draining Kiss|p2a: Maushold
|-crit|p2a: Maushold
|-damage|p2a: Maushold|0 fnt
|faint|p2a: Maushold
|-damage|p1a: Comfey|91/100|[from] item: Life Orb
|
|-weather|none
|upkeep
|
|t:|1769338707
|switch|p2a: Gholdengo|Gholdengo|100/100
|-item|p2a: Gholdengo|Air Balloon
|turn|12
|
|t:|1769338718
|switch|p1a: Ninetales|Ninetales, F|100/100
|-weather|SunnyDay|[from] ability: Drought|[of] p1a: Ninetales
|move|p2a: Gholdengo|Nasty Plot|p2a: Gholdengo
|-boost|p2a: Gholdengo|spa|2
|
|-weather|SunnyDay|[upkeep]
|upkeep
|turn|13
|
|t:|1769338736
|switch|p1a: Hatterene|Hatterene, F|89/100 psn
|switch|p2a: Ninetales|Ninetales-Alola, F|100/100
|-weather|Snowscape|[from] ability: Snow Warning|[of] p2a: Ninetales
|
|-weather|Snowscape|[upkeep]
|-damage|p1a: Hatterene|77/100 psn|[from] psn
|upkeep
|turn|14
|
|t:|1769338746
|switch|p2a: Gholdengo|Gholdengo|100/100
|-item|p2a: Gholdengo|Air Balloon
|switch|p1a: Ninetales|Ninetales, F|100/100
|-weather|SunnyDay|[from] ability: Drought|[of] p1a: Ninetales
|
|-weather|SunnyDay|[upkeep]
|upkeep
|turn|15
|inactive|LordFueg has 90 seconds left.
|
|t:|1769338776
|switch|p1a: Walking Wake|Walking Wake|100/100
|-activate|p1a: Walking Wake|ability: Protosynthesis
|-start|p1a: Walking Wake|protosynthesisspe
|move|p2a: Gholdengo|Nasty Plot|p2a: Gholdengo
|-boost|p2a: Gholdengo|spa|2
|
|-weather|SunnyDay|[upkeep]
|upkeep
|turn|16
|inactive|LordFueg has 90 seconds left.
|
|t:|1769338792
|move|p1a: Walking Wake|Hydro Steam|p2a: Gholdengo
|-damage|p2a: Gholdengo|40/100
|-enditem|p2a: Gholdengo|Air Balloon
|move|p2a: Gholdengo|Shadow Ball|p1a: Walking Wake
|-damage|p1a: Walking Wake|41/100
|
|-weather|SunnyDay|[upkeep]
|upkeep
|turn|17
|inactive|LordFueg has 90 seconds left.
|
|t:|1769338802
|-terastallize|p2a: Gholdengo|Grass
|move|p1a: Walking Wake|Hydro Steam|p2a: Gholdengo
|-resisted|p2a: Gholdengo
|-damage|p2a: Gholdengo|4/100
|move|p2a: Gholdengo|Shadow Ball|p1a: Walking Wake
|-damage|p1a: Walking Wake|0 fnt
|faint|p1a: Walking Wake
|-end|p1a: Walking Wake|Protosynthesis|[silent]
|
|-weather|SunnyDay|[upkeep]
|upkeep
|inactive|LordFueg has 90 seconds left.
|
|t:|1769338826
|switch|p1a: Comfey|Comfey, M|91/100
|turn|18
|
|t:|1769338834
|move|p1a: Comfey|Draining Kiss|p2a: Gholdengo
|-damage|p2a: Gholdengo|0 fnt
|-heal|p1a: Comfey|94/100|[from] drain|[of] p2a: Gholdengo
|faint|p2a: Gholdengo
|-damage|p1a: Comfey|84/100|[from] item: Life Orb
|
|-weather|SunnyDay|[upkeep]
|upkeep
|
|t:|1769338837
|switch|p2a: Kyurem|Kyurem|100/100
|-ability|p2a: Kyurem|Pressure
|turn|19
|
|t:|1769338845
|move|p2a: Kyurem|Dragon Dance|p2a: Kyurem
|-boost|p2a: Kyurem|atk|1
|-boost|p2a: Kyurem|spe|1
|move|p1a: Comfey|Growth|p1a: Comfey
|-boost|p1a: Comfey|atk|2
|-boost|p1a: Comfey|spa|2
|
|-weather|SunnyDay|[upkeep]
|upkeep
|turn|20
|
|t:|1769338858
|-terastallize|p1a: Comfey|Water
|move|p1a: Comfey|Draining Kiss|p2a: Kyurem
|-supereffective|p2a: Kyurem
|-damage|p2a: Kyurem|4/100
|-heal|p1a: Comfey|100/100|[from] drain|[of] p2a: Kyurem
|-damage|p1a: Comfey|91/100|[from] item: Life Orb
|move|p2a: Kyurem|Icicle Spear|p1a: Comfey
|-resisted|p1a: Comfey
|-damage|p1a: Comfey|78/100
|-resisted|p1a: Comfey
|-damage|p1a: Comfey|65/100
|-resisted|p1a: Comfey
|-damage|p1a: Comfey|52/100
|-resisted|p1a: Comfey
|-damage|p1a: Comfey|40/100
|-resisted|p1a: Comfey
|-damage|p1a: Comfey|26/100
|-hitcount|p1a: Comfey|5
|
|-weather|SunnyDay|[upkeep]
|upkeep
|turn|21
|
|t:|1769338866
|move|p1a: Comfey|Draining Kiss|p2a: Kyurem
|-supereffective|p2a: Kyurem
|-damage|p2a: Kyurem|0 fnt
|-heal|p1a: Comfey|29/100|[from] drain|[of] p2a: Kyurem
|faint|p2a: Kyurem
|-damage|p1a: Comfey|20/100|[from] item: Life Orb
|
|-weather|none
|upkeep
|
|t:|1769338869
|switch|p2a: Ninetales|Ninetales-Alola, F|100/100
|-weather|Snowscape|[from] ability: Snow Warning|[of] p2a: Ninetales
|turn|22
|
|t:|1769338878
|move|p1a: Comfey|Draining Kiss|p2a: Ninetales
|-damage|p2a: Ninetales|42/100
|-heal|p1a: Comfey|61/100|[from] drain|[of] p2a: Ninetales
|-damage|p1a: Comfey|51/100|[from] item: Life Orb
|move|p2a: Ninetales|Blizzard|p1a: Comfey
|-resisted|p1a: Comfey
|-damage|p1a: Comfey|31/100
|
|-weather|Snowscape|[upkeep]
|upkeep
|turn|23
|
|t:|1769338885
|move|p1a: Comfey|Draining Kiss|p2a: Ninetales
|-damage|p2a: Ninetales|0 fnt
|-heal|p1a: Comfey|60/100|[from] drain|[of] p2a: Ninetales
|faint|p2a: Ninetales
|-damage|p1a: Comfey|51/100|[from] item: Life Orb
|
|win|LordFueg
|raw|LordFueg's rating: 1340 &rarr; <strong>1358</strong><br />(+18 for winning)
|raw|Leriskato's rating: 1309 &rarr; <strong>1291</strong><br />(-18 for losing)
|l|☆LordFueg
|player|p1|
|l|☆Leriskato
|player|p2|
