|j|☆blckd out
|j|☆Iznamakin
|t:|1769404136
|gametype|singles
|player|p1|blckd out|lucas-gen4pt|1632
|player|p2|Iznamakin|chase|1788
|gen|9
|tier|[Gen 9] OU
|rated|
|rule|HP Percentage Mod: HP is shown in percentages
|rule|Endless Battle Clause: Forcing endless battles is banned
|rule|Species Clause: Limit one of each Pokémon
|rule|OHKO Clause: OHKO moves are banned
|rule|Evasion Items Clause: Evasion items are banned
|rule|Evasion Moves Clause: Evasion moves are banned
|rule|Evasion Abilities Clause: Evasion abilities are banned
|rule|Sleep Moves Clause: Sleep-inducing moves are banned
|clearpoke
|poke|p1|Gholdengo|
|poke|p1|Raging Bolt|
|poke|p1|Ceruledge, M|
|poke|p1|Ribombee, F|
|poke|p1|Ogerpon-Wellspring, F|
|poke|p1|Great Tusk|
|poke|p2|Darkrai|
|poke|p2|Deoxys-Speed|
|poke|p2|Raging Bolt|
|poke|p2|Kingambit, M|
|poke|p2|Iron Valiant|
|poke|p2|Great Tusk|
|teampreview
|inactive|Battle timer is ON: inactive players will automatically lose when time's up. (requested by blckd out)
|
|t:|1769404146
|teamsize|p1|6
|teamsize|p2|6
|start
|switch|p1a: Raging Bolt|Raging Bolt|100/100
|switch|p2a: Speedy Gonzales|Deoxys-Speed, shiny|100/100
|-ability|p2a: Speedy Gonzales|Pressure
|-enditem|p1a: Raging Bolt|Booster Energy
|-activate|p1a: Raging Bolt|ability: Protosynthesis|[fromitem]
|-start|p1a: Raging Bolt|protosynthesisspa
|turn|1
|
|t:|1769404162
|move|p2a: Speedy Gonzales|Stealth Rock|p1a: Raging Bolt
|-sidestart|p1: blckd out|move: Stealth Rock
|move|p1a: Raging Bolt|Calm Mind|p1a: Raging Bolt
|-boost|p1a: Raging Bolt|spa|1
|-boost|p1a: Raging Bolt|spd|1
|
|upkeep
|turn|2
|
|t:|1769404166
|move|p2a: Speedy Gonzales|Taunt|p1a: Raging Bolt
|-start|p1a: Raging Bolt|move: Taunt
|cant|p1a: Raging Bolt|move: Taunt|Calm Mind
|
|upkeep
|turn|3
|
|t:|1769404168
|move|p2a: Speedy Gonzales|Psycho Boost|p1a: Raging Bolt
|-damage|p1a: Raging Bolt|53/100
|-unboost|p2a: Speedy Gonzales|spa|2
|-damage|p2a: Speedy Gonzales|91/100|[from] item: Life Orb
|move|p1a: Raging Bolt|Discharge|p2a: Speedy Gonzales
|-damage|p2a: Speedy Gonzales|0 fnt
|faint|p2a: Speedy Gonzales
|
|upkeep
|inactive|Iznamakin has 120 seconds left.
|
|t:|1769404205
|switch|p2a: BROTD|Great Tusk, shiny|100/100
|-enditem|p2a: BROTD|Booster Energy
|-activate|p2a: BROTD|ability: Protosynthesis|[fromitem]
|-start|p2a: BROTD|protosynthesisspe
|turn|4
|
|t:|1769404208
|move|p2a: BROTD|Head Smash|p1a: Raging Bolt
|-damage|p1a: Raging Bolt|12/100
|-damage|p2a: BROTD|81/100|[from] Recoil
|move|p1a: Raging Bolt|Dragon Pulse|p2a: BROTD
|-damage|p2a: BROTD|0 fnt
|faint|p2a: BROTD
|-end|p2a: BROTD|Protosynthesis|[silent]
|
|-end|p1a: Raging Bolt|move: Taunt
|upkeep
|
|t:|1769404218
|switch|p2a: 🎭|Iron Valiant, shiny|100/100
|-enditem|p2a: 🎭|Booster Energy
|-activate|p2a: 🎭|ability: Quark Drive|[fromitem]
|-start|p2a: 🎭|quarkdrivespe
|turn|5
|inactive|blckd out has 120 seconds left.
|
|t:|1769404263
|move|p1a: Raging Bolt|Thunderclap||[still]
|-fail|p1a: Raging Bolt
|move|p2a: 🎭|Calm Mind|p2a: 🎭
|-boost|p2a: 🎭|spa|1
|-boost|p2a: 🎭|spd|1
|
|upkeep
|turn|6
|
|t:|1769404269
|move|p2a: 🎭|Vacuum Wave|p1a: Raging Bolt
|-damage|p1a: Raging Bolt|0 fnt
|faint|p1a: Raging Bolt
|-end|p1a: Raging Bolt|Protosynthesis|[silent]
|
|upkeep
|
|t:|1769404278
|switch|p1a: Ogerpon|Ogerpon-Wellspring, F|100/100
|-damage|p1a: Ogerpon|88/100|[from] Stealth Rock
|turn|7
|
|t:|1769404283
|-terastallize|p1a: Ogerpon|Water
|detailschange|p1a: Ogerpon|Ogerpon-Wellspring-Tera, F, tera:Water
|-ability|p1a: Ogerpon|Embody Aspect (Wellspring)|boost
|-boost|p1a: Ogerpon|spd|1
|move|p2a: 🎭|Moonblast|p1a: Ogerpon
|-damage|p1a: Ogerpon|37/100
|-unboost|p1a: Ogerpon|spa|1
|move|p1a: Ogerpon|Ivy Cudgel|p2a: 🎭|[anim] Ivy Cudgel Water
|-damage|p2a: 🎭|0 fnt
|faint|p2a: 🎭
|-end|p2a: 🎭|Quark Drive|[silent]
|
|upkeep
|
|t:|1769404290
|switch|p2a: Hito no mi Model⚡️|Raging Bolt|100/100
|-enditem|p2a: Hito no mi Model⚡️|Booster Energy
|-activate|p2a: Hito no mi Model⚡️|ability: Protosynthesis|[fromitem]
|-start|p2a: Hito no mi Model⚡️|protosynthesisspa
|turn|8
|
|t:|1769404300
|move|p1a: Ogerpon|Play Rough|p2a: Hito no mi Model⚡️
|-supereffective|p2a: Hito no mi Model⚡️
|-damage|p2a: Hito no mi Model⚡️|36/100
|move|p2a: Hito no mi Model⚡️|Dragon Pulse|p1a: Ogerpon
|-damage|p1a: Ogerpon|0 fnt
|faint|p1a: Ogerpon
|detailschange|p1: Ogerpon|Ogerpon-Wellspring, F|[silent]
|
|upkeep
|
|t:|1769404305
|switch|p1a: Ribombee|Ribombee, F|100/100
|-damage|p1a: Ribombee|76/100|[from] Stealth Rock
|turn|9
|
|t:|1769404308
|move|p1a: Ribombee|Sticky Web|p2a: Hito no mi Model⚡️
|-sidestart|p2: Iznamakin|move: Sticky Web
|move|p2a: Hito no mi Model⚡️|Thunderbolt|p1a: Ribombee
|-damage|p1a: Ribombee|0 fnt
|faint|p1a: Ribombee
|
|upkeep
|
|t:|1769404314
|switch|p1a: Great Tusk|Great Tusk|100/100
|-damage|p1a: Great Tusk|98/100|[from] Stealth Rock
|-enditem|p1a: Great Tusk|Booster Energy
|-activate|p1a: Great Tusk|ability: Protosynthesis|[fromitem]
|-start|p1a: Great Tusk|protosynthesisatk
|turn|10
|
|t:|1769404317
|move|p1a: Great Tusk|Ice Spinner|p2a: Hito no mi Model⚡️
|-supereffective|p2a: Hito no mi Model⚡️
|-damage|p2a: Hito no mi Model⚡️|0 fnt
|faint|p2a: Hito no mi Model⚡️
|-end|p2a: Hito no mi Model⚡️|Protosynthesis|[silent]
|
|upkeep
|
|t:|1769404320
|switch|p2a: IMU|Darkrai|100/100
|-activate|p2a: IMU|move: Sticky Web
|-unboost|p2a: IMU|spe|1
|turn|11
|
|t:|1769404326
|-end|p1a: Great Tusk|Protosynthesis|[silent]
|switch|p1a: Ceruledge|Ceruledge, M|100/100
|-damage|p1a: Ceruledge|76/100|[from] Stealth Rock
|move|p2a: IMU|Ice Beam|p1a: Ceruledge
|-resisted|p1a: Ceruledge
|-damage|p1a: Ceruledge|55/100
|
|upkeep
|turn|12
|
|t:|1769404332
|move|p1a: Ceruledge|Bitter Blade|p2a: IMU
|-damage|p2a: IMU|37/100
|-heal|p1a: Ceruledge|86/100|[from] drain|[of] p2a: IMU
|move|p2a: IMU|Dark Pulse|p1a: Ceruledge
|-supereffective|p1a: Ceruledge
|-damage|p1a: Ceruledge|0 fnt
|faint|p1a: Ceruledge
|
|upkeep
|
|t:|1769404337
|switch|p1a: Gholdengo|Gholdengo|100/100
|-damage|p1a: Gholdengo|94/100|[from] Stealth Rock
|-item|p1a: Gholdengo|Air Balloon
|turn|13
|
|t:|1769404341
|move|p1a: Gholdengo|Dazzling Gleam|p2a: IMU
|-supereffective|p2a: IMU
|-damage|p2a: IMU|0 fnt
|faint|p2a: IMU
|
|upkeep
|
|t:|1769404342
|switch|p2a: Mihawk|Kingambit, M|100/100
|-activate|p2a: Mihawk|move: Sticky Web
|-unboost|p2a: Mihawk|spe|1
|-activate|p2a: Mihawk|ability: Supreme Overlord
|-start|p2a: Mihawk|fallen5|[silent]
|turn|14
|
|t:|1769404344
|move|p1a: Gholdengo|Dazzling Gleam|p2a: Mihawk
|-damage|p2a: Mihawk|64/100
|move|p2a: Mihawk|Swords Dance|p2a: Mihawk
|-boost|p2a: Mihawk|atk|2
|
|upkeep
|turn|15
|
|t:|1769404348
|move|p1a: Gholdengo|Dazzling Gleam|p2a: Mihawk
|-damage|p2a: Mihawk|27/100
|move|p2a: Mihawk|Swords Dance|p2a: Mihawk
|-boost|p2a: Mihawk|atk|2
|
|upkeep
|turn|16
|
|t:|1769404353
|move|p2a: Mihawk|Sucker Punch|p1a: Gholdengo
|-supereffective|p1a: Gholdengo
|-damage|p1a: Gholdengo|0 fnt
|-enditem|p1a: Gholdengo|Air Balloon
|faint|p1a: Gholdengo
|
|upkeep
|
|t:|1769404354
|switch|p1a: Great Tusk|Great Tusk|98/100
|-damage|p1a: Great Tusk|95/100|[from] Stealth Rock
|turn|17
|
|t:|1769404356
|-terastallize|p2a: Mihawk|Dark
|move|p2a: Mihawk|Sucker Punch|p1a: Great Tusk
|-resisted|p1a: Great Tusk
|-damage|p1a: Great Tusk|0 fnt
|faint|p1a: Great Tusk
|-end|p1a: Great Tusk|Protosynthesis|[silent]
|
|win|Iznamakin
|raw|blckd out's rating: 1606 &rarr; <strong>1596</strong><br />(-10 for losing)
|raw|Iznamakin's rating: 1788 &rarr; <strong>1798</strong><br />(+10 for winning)
|l|☆blckd out
|player|p1|
|l|☆Iznamakin
|player|p2|
