|j|☆FuguReborn
|j|☆Kanha Greninja
|t:|1769344016
|gametype|singles
|player|p1|FuguReborn|170|1447
|player|p2|Kanha Greninja|#rbtt7teamgiratinao|1439
|gen|9
|tier|[Gen 9] OU
|rated|
|rule|HP Percentage Mod: HP is shown in percentages
|rule|Endless Battle Clause: Forcing endless battles is banned
|rule|Species Clause: Limit one of each Pokémon
|rule|OHKO Clause: OHKO moves are banned
|rule|Evasion Items Clause: Evasion items are banned
|rule|Evasion Moves Clause: Evasion moves are banned
|rule|Evasion Abilities Clause: Evasion abilities are banned
|rule|Sleep Moves Clause: Sleep-inducing moves are banned
|clearpoke
|poke|p1|Pelipper, M|
|poke|p1|Kingdra, M|
|poke|p1|Barraskewda, M|
|poke|p1|Swampert, F|
|poke|p1|Toxapex, M|
|poke|p1|Samurott-Hisui, M|
|poke|p2|Enamorus, F|
|poke|p2|Araquanid, F|
|poke|p2|Cinderace, F|
|poke|p2|Kingambit, F|
|poke|p2|Serperior, F|
|poke|p2|Ceruledge, M|
|teampreview
|inactive|Battle timer is ON: inactive players will automatically lose when time's up. (requested by FuguReborn)
|
|t:|1769344029
|teamsize|p1|6
|teamsize|p2|6
|start
|switch|p1a: Samurott|Samurott-Hisui, M|100/100
|switch|p2a: Araquanid|Araquanid, F|100/100
|turn|1
|
|t:|1769344033
|move|p1a: Samurott|Ceaseless Edge|p2a: Araquanid
|-damage|p2a: Araquanid|52/100
|-sidestart|p2: Kanha Greninja|Spikes
|move|p2a: Araquanid|Sticky Web|p1a: Samurott
|-sidestart|p1: FuguReborn|move: Sticky Web
|
|upkeep
|turn|2
|
|t:|1769344055
|move|p1a: Samurott|Ceaseless Edge|p2a: Araquanid
|-damage|p2a: Araquanid|8/100
|-sidestart|p2: Kanha Greninja|Spikes
|move|p2a: Araquanid|Endeavor|p1a: Samurott
|-damage|p1a: Samurott|9/100
|
|upkeep
|turn|3
|-enditem|p2a: Araquanid|Custap Berry|[eat]
|-activate|p2a: Araquanid|item: Custap Berry|[consumed]
|
|t:|1769344061
|move|p1a: Samurott|Sucker Punch|p2a: Araquanid
|-damage|p2a: Araquanid|0 fnt
|faint|p2a: Araquanid
|
|upkeep
|
|t:|1769344082
|switch|p2a: Enamorus|Enamorus, F|100/100
|turn|4
|
|t:|1769344088
|move|p2a: Enamorus|Moonblast|p1a: Samurott
|-supereffective|p1a: Samurott
|-damage|p1a: Samurott|0 fnt
|faint|p1a: Samurott
|
|upkeep
|
|t:|1769344092
|switch|p1a: Pelipper|Pelipper, M|100/100
|-weather|RainDance|[from] ability: Drizzle|[of] p1a: Pelipper
|turn|5
|inactive|Kanha Greninja has 120 seconds left.
|
|t:|1769344137
|move|p2a: Enamorus|Moonblast|p1a: Pelipper
|-damage|p1a: Pelipper|0 fnt
|faint|p1a: Pelipper
|
|-weather|RainDance|[upkeep]
|upkeep
|
|t:|1769344143
|switch|p1a: Barraskewda|Barraskewda, M|100/100
|-activate|p1a: Barraskewda|move: Sticky Web
|-unboost|p1a: Barraskewda|spe|1
|turn|6
|inactive|Kanha Greninja has 90 seconds left.
|
|t:|1769344195
|move|p1a: Barraskewda|Liquidation|p2a: Enamorus
|-damage|p2a: Enamorus|0 fnt
|faint|p2a: Enamorus
|
|-weather|RainDance|[upkeep]
|upkeep
|
|t:|1769344208
|switch|p2a: Serperior|Serperior, F|100/100
|-damage|p2a: Serperior|84/100|[from] Spikes
|turn|7
|
|t:|1769344216
|switch|p1a: Toxapex|Toxapex, M|100/100
|-activate|p1a: Toxapex|move: Sticky Web
|-unboost|p1a: Toxapex|spe|1
|move|p2a: Serperior|Leaf Storm|p1a: Toxapex
|-damage|p1a: Toxapex|68/100
|-boost|p2a: Serperior|spa|2
|-enditem|p1a: Toxapex|Eject Button
|
|t:|1769344224
|switch|p1a: Kingdra|Kingdra, M|100/100
|-activate|p1a: Kingdra|move: Sticky Web
|-unboost|p1a: Kingdra|spe|1
|
|-weather|RainDance|[upkeep]
|-heal|p2a: Serperior|90/100|[from] item: Leftovers
|upkeep
|turn|8
|
|t:|1769344240
|move|p1a: Kingdra|Draco Meteor|p2a: Serperior
|-damage|p2a: Serperior|0 fnt
|-unboost|p1a: Kingdra|spa|2
|faint|p2a: Serperior
|
|-weather|RainDance|[upkeep]
|upkeep
|
|t:|1769344249
|switch|p2a: Ceruledge|Ceruledge, M|100/100
|-damage|p2a: Ceruledge|84/100|[from] Spikes
|turn|9
|
|t:|1769344259
|switch|p1a: Toxapex|Toxapex, M|100/100
|-activate|p1a: Toxapex|move: Sticky Web
|-unboost|p1a: Toxapex|spe|1
|move|p2a: Ceruledge|Swords Dance|p2a: Ceruledge
|-boost|p2a: Ceruledge|atk|2
|
|-weather|none
|upkeep
|turn|10
|
|t:|1769344269
|-terastallize|p1a: Toxapex|Dark
|move|p2a: Ceruledge|Swords Dance|p2a: Ceruledge
|-boost|p2a: Ceruledge|atk|2
|move|p1a: Toxapex|Haze|p1a: Toxapex
|-clearallboost
|
|upkeep
|turn|11
|
|t:|1769344274
|move|p2a: Ceruledge|Swords Dance|p2a: Ceruledge
|-boost|p2a: Ceruledge|atk|2
|move|p1a: Toxapex|Toxic|p2a: Ceruledge|[miss]
|-miss|p1a: Toxapex|p2a: Ceruledge
|
|upkeep
|turn|12
|
|t:|1769344277
|move|p2a: Ceruledge|Close Combat|p1a: Toxapex
|-supereffective|p1a: Toxapex
|-damage|p1a: Toxapex|0 fnt
|-unboost|p2a: Ceruledge|def|1
|-unboost|p2a: Ceruledge|spd|1
|faint|p1a: Toxapex
|
|upkeep
|
|t:|1769344280
|switch|p1a: Swampert|Swampert, F|100/100
|turn|13
|
|t:|1769344293
|move|p2a: Ceruledge|Close Combat|p1a: Swampert
|-damage|p1a: Swampert|12/100
|-unboost|p2a: Ceruledge|def|1
|-unboost|p2a: Ceruledge|spd|1
|move|p1a: Swampert|Knock Off|p2a: Ceruledge
|-supereffective|p2a: Ceruledge
|-damage|p2a: Ceruledge|0 fnt
|-enditem|p2a: Ceruledge|Focus Sash|[from] move: Knock Off|[of] p1a: Swampert
|faint|p2a: Ceruledge
|
|upkeep
|
|t:|1769344300
|switch|p2a: Cinderace|Cinderace, F|100/100
|-damage|p2a: Cinderace|84/100|[from] Spikes
|turn|14
|
|t:|1769344303
|move|p2a: Cinderace|Court Change|p2a: Cinderace
|-start|p2a: Cinderace|typechange|Normal|[from] ability: Libero
|-swapsideconditions
|-activate|p2a: Cinderace|move: Court Change
|move|p1a: Swampert|Earthquake|p2a: Cinderace
|-damage|p2a: Cinderace|28/100
|
|upkeep
|turn|15
|inactive|Kanha Greninja has 120 seconds left.
|
|t:|1769344310
|move|p2a: Cinderace|Pyro Ball|p1a: Swampert
|-resisted|p1a: Swampert
|-damage|p1a: Swampert|0 fnt
|faint|p1a: Swampert
|
|upkeep
|
|t:|1769344314
|switch|p1a: Barraskewda|Barraskewda, M|100/100
|-damage|p1a: Barraskewda|84/100|[from] Spikes
|turn|16
|
|t:|1769344317
|move|p2a: Cinderace|Sucker Punch|p1a: Barraskewda
|-damage|p1a: Barraskewda|32/100
|move|p1a: Barraskewda|Flip Turn|p2a: Cinderace
|-damage|p2a: Cinderace|0 fnt
|faint|p2a: Cinderace
|
|t:|1769344320
|switch|p1a: Kingdra|Kingdra, M|100/100|[from] Flip Turn
|-damage|p1a: Kingdra|84/100|[from] Spikes
|
|upkeep
|
|t:|1769344325
|switch|p2a: Kingambit|Kingambit, F|100/100
|-activate|p2a: Kingambit|move: Sticky Web
|-unboost|p2a: Kingambit|spe|1
|-ability|p2a: Kingambit|Defiant|boost
|-boost|p2a: Kingambit|atk|2
|turn|17
|
|t:|1769344348
|move|p2a: Kingambit|Sucker Punch|p1a: Kingdra
|-damage|p1a: Kingdra|0 fnt
|faint|p1a: Kingdra
|
|upkeep
|l|☆FuguReborn
|inactive|FuguReborn disconnected and has a minute to reconnect!
|player|p1|
|inactive|FuguReborn has 30 seconds to reconnect!
|inactive|FuguReborn has 20 seconds to reconnect!
|inactive|FuguReborn has 15 seconds to reconnect!
|inactive|FuguReborn has 10 seconds to reconnect!
|inactive|FuguReborn has 5 seconds to reconnect!
|-message|FuguReborn lost due to inactivity.
|
|win|Kanha Greninja
|raw|FuguReborn's rating: 1447 &rarr; <strong>1428</strong><br />(-19 for losing)
|raw|Kanha Greninja's rating: 1459 &rarr; <strong>1478</strong><br />(+19 for winning)
|l|☆Kanha Greninja
|player|p2|
