|j|☆Papermario<3
|j|☆serenity5515
|t:|1769364250
|gametype|singles
|player|p1|Papermario<3|169|1120
|player|p2|serenity5515|169|1092
|gen|9
|tier|[Gen 9] OU
|rated|
|rule|HP Percentage Mod: HP is shown in percentages
|rule|Endless Battle Clause: Forcing endless battles is banned
|rule|Species Clause: Limit one of each Pokémon
|rule|OHKO Clause: OHKO moves are banned
|rule|Evasion Items Clause: Evasion items are banned
|rule|Evasion Moves Clause: Evasion moves are banned
|rule|Evasion Abilities Clause: Evasion abilities are banned
|rule|Sleep Moves Clause: Sleep-inducing moves are banned
|clearpoke
|poke|p1|Swampert, F|
|poke|p1|Toxicroak, F|
|poke|p1|Scrafty, F|
|poke|p1|Arcanine, M|
|poke|p1|Dugtrio-Alola, F|
|poke|p1|Empoleon, M|
|poke|p2|Zoroark-Hisui, M|
|poke|p2|Ogerpon-Wellspring, F|
|poke|p2|Great Tusk|
|poke|p2|Garganacl, M|
|poke|p2|Pecharunt|
|poke|p2|Alomomola, F|
|teampreview
|inactive|Battle timer is ON: inactive players will automatically lose when time's up. (requested by Papermario<3)
|inactive|serenity5515 has 120 seconds left.
|inactive|serenity5515 has 90 seconds left.
|
|t:|1769364322
|teamsize|p1|6
|teamsize|p2|6
|start
|switch|p1a: Dugtrio|Dugtrio-Alola, F|100/100
|switch|p2a: Alomomola|Alomomola, F|100/100
|turn|1
|c|☆serenity5515|Sorry! was afk
|
|t:|1769364332
|move|p2a: Alomomola|Shadow Ball|p1a: Dugtrio
|-enditem|p1a: Dugtrio|Focus Sash
|-damage|p1a: Dugtrio|1/100
|-unboost|p1a: Dugtrio|spd|1
|move|p1a: Dugtrio|Stealth Rock|p2a: Alomomola
|-sidestart|p2: serenity5515|move: Stealth Rock
|
|upkeep
|turn|2
|
|t:|1769364342
|move|p2a: Alomomola|Shadow Ball|p1a: Dugtrio
|-damage|p1a: Dugtrio|0 fnt
|faint|p1a: Dugtrio
|
|upkeep
|
|t:|1769364347
|switch|p1a: Empoleon|Empoleon, M|100/100
|turn|3
|
|t:|1769364353
|move|p2a: Alomomola|Shadow Ball|p1a: Empoleon
|-damage|p1a: Empoleon|71/100
|move|p1a: Empoleon|Knock Off|p2a: Alomomola
|-supereffective|p2a: Alomomola
|-damage|p2a: Alomomola|22/100
|replace|p2a: Zoroark|Zoroark-Hisui, M, shiny
|-end|p2a: Zoroark|Illusion
|-enditem|p2a: Zoroark|Choice Specs|[from] move: Knock Off|[of] p1a: Empoleon
|
|upkeep
|turn|4
|
|t:|1769364382
|switch|p2a: Ogerpon|Ogerpon-Wellspring, F|100/100
|-damage|p2a: Ogerpon|88/100|[from] Stealth Rock
|move|p1a: Empoleon|Knock Off|p2a: Ogerpon
|-damage|p2a: Ogerpon|72/100
|
|upkeep
|turn|5
|
|t:|1769364400
|move|p2a: Ogerpon|Encore|p1a: Empoleon
|-start|p1a: Empoleon|Encore
|move|p1a: Empoleon|Knock Off|p2a: Ogerpon
|-damage|p2a: Ogerpon|54/100
|
|upkeep
|turn|6
|
|t:|1769364407
|switch|p1a: Toxicroak|Toxicroak, F|100/100
|move|p2a: Ogerpon|Horn Leech|p1a: Toxicroak
|-resisted|p1a: Toxicroak
|-damage|p1a: Toxicroak|68/100
|-heal|p2a: Ogerpon|71/100|[from] drain|[of] p1a: Toxicroak
|
|upkeep
|turn|7
|
|t:|1769364419
|move|p2a: Ogerpon|Swords Dance|p2a: Ogerpon
|-boost|p2a: Ogerpon|atk|2
|move|p1a: Toxicroak|Sludge Bomb|p2a: Ogerpon
|-supereffective|p2a: Ogerpon
|-damage|p2a: Ogerpon|0 fnt
|faint|p2a: Ogerpon
|
|upkeep
|
|t:|1769364428
|switch|p2a: Great Tusk|Great Tusk|100/100
|turn|8
|
|t:|1769364456
|move|p2a: Great Tusk|Headlong Rush|p1a: Toxicroak
|-supereffective|p1a: Toxicroak
|-crit|p1a: Toxicroak
|-damage|p1a: Toxicroak|0 fnt
|-unboost|p2a: Great Tusk|def|1
|-unboost|p2a: Great Tusk|spd|1
|faint|p1a: Toxicroak
|
|upkeep
|
|t:|1769364460
|switch|p1a: Swampert|Swampert, F|100/100
|turn|9
|
|t:|1769364477
|move|p2a: Great Tusk|Rapid Spin|p1a: Swampert
|-damage|p1a: Swampert|87/100
|-boost|p2a: Great Tusk|spe|1
|-sideend|p2: serenity5515|Stealth Rock|[from] move: Rapid Spin|[of] p2a: Great Tusk
|move|p1a: Swampert|Earth Power|p2a: Great Tusk
|-damage|p2a: Great Tusk|16/100
|
|-heal|p1a: Swampert|93/100|[from] item: Leftovers
|upkeep
|turn|10
|
|t:|1769364491
|-end|p2a: Great Tusk|Protosynthesis|[silent]
|switch|p2a: Alomomola|Alomomola, F|100/100
|move|p1a: Swampert|Earth Power|p2a: Alomomola
|-damage|p2a: Alomomola|82/100
|
|-heal|p1a: Swampert|99/100|[from] item: Leftovers
|upkeep
|turn|11
|
|t:|1769364499
|move|p1a: Swampert|Knock Off|p2a: Alomomola
|-damage|p2a: Alomomola|68/100
|-enditem|p2a: Alomomola|Assault Vest|[from] move: Knock Off|[of] p1a: Swampert
|move|p2a: Alomomola|Mirror Coat||[still]
|-fail|p2a: Alomomola
|
|-heal|p1a: Swampert|100/100|[from] item: Leftovers
|upkeep
|turn|12
|
|t:|1769364506
|move|p2a: Alomomola|Mirror Coat||[still]
|-fail|p2a: Alomomola
|move|p1a: Swampert|Roar|p2a: Alomomola
|drag|p2a: Garganacl|Garganacl, M|100/100
|
|upkeep
|turn|13
|inactive|Papermario<3 has 120 seconds left.
|
|t:|1769364543
|move|p1a: Swampert|Earth Power|p2a: Garganacl
|-supereffective|p2a: Garganacl
|-damage|p2a: Garganacl|54/100
|move|p2a: Garganacl|Stealth Rock|p1a: Swampert
|-sidestart|p1: Papermario<3|move: Stealth Rock
|
|-heal|p2a: Garganacl|61/100|[from] item: Leftovers
|upkeep
|turn|14
|inactive|Papermario<3 has 120 seconds left.
|
|t:|1769364551
|move|p1a: Swampert|Earth Power|p2a: Garganacl
|-supereffective|p2a: Garganacl
|-damage|p2a: Garganacl|13/100
|move|p2a: Garganacl|Salt Cure|p1a: Swampert
|-resisted|p1a: Swampert
|-damage|p1a: Swampert|95/100
|-start|p1a: Swampert|Salt Cure
|
|-heal|p1a: Swampert|100/100|[from] item: Leftovers
|-heal|p2a: Garganacl|19/100|[from] item: Leftovers
|-damage|p1a: Swampert|75/100|[from] Salt Cure
|upkeep
|turn|15
|
|t:|1769364560
|move|p2a: Garganacl|Protect|p2a: Garganacl
|-singleturn|p2a: Garganacl|Protect
|move|p1a: Swampert|Earth Power|p2a: Garganacl
|-activate|p2a: Garganacl|move: Protect
|
|-heal|p1a: Swampert|82/100|[from] item: Leftovers
|-heal|p2a: Garganacl|25/100|[from] item: Leftovers
|-damage|p1a: Swampert|57/100|[from] Salt Cure
|upkeep
|turn|16
|inactive|Papermario<3 has 120 seconds left.
|
|t:|1769364596
|switch|p2a: Alomomola|Alomomola, F|100/100
|move|p1a: Swampert|Earth Power|p2a: Alomomola
|-damage|p2a: Alomomola|73/100
|
|-heal|p1a: Swampert|63/100|[from] item: Leftovers
|-damage|p1a: Swampert|38/100|[from] Salt Cure
|upkeep
|turn|17
|
|t:|1769364605
|switch|p1a: Empoleon|Empoleon, M|71/100
|-damage|p1a: Empoleon|64/100|[from] Stealth Rock
|move|p2a: Alomomola|Scald|p1a: Empoleon
|-resisted|p1a: Empoleon
|-damage|p1a: Empoleon|62/100
|
|upkeep
|turn|18
|inactive|Papermario<3 has 120 seconds left.
|
|t:|1769364619
|switch|p2a: Pecharunt|Pecharunt|100/100
|move|p1a: Empoleon|Icy Wind|p2a: Pecharunt
|-damage|p2a: Pecharunt|86/100
|-unboost|p2a: Pecharunt|spe|1
|
|upkeep
|turn|19
|inactive|Papermario<3 has 120 seconds left.
|
|t:|1769364627
|move|p2a: Pecharunt|Foul Play|p1a: Empoleon
|-damage|p1a: Empoleon|41/100
|move|p1a: Empoleon|Knock Off|p2a: Pecharunt
|-supereffective|p2a: Pecharunt
|-damage|p2a: Pecharunt|68/100
|-enditem|p2a: Pecharunt|Heavy-Duty Boots|[from] move: Knock Off|[of] p1a: Empoleon
|
|upkeep
|turn|20
|
|t:|1769364634
|move|p2a: Pecharunt|Foul Play|p1a: Empoleon
|-damage|p1a: Empoleon|20/100
|move|p1a: Empoleon|Icy Wind|p2a: Pecharunt
|-damage|p2a: Pecharunt|54/100
|-unboost|p2a: Pecharunt|spe|1
|
|upkeep
|turn|21
|
|t:|1769364640
|move|p1a: Empoleon|Icy Wind|p2a: Pecharunt
|-damage|p2a: Pecharunt|38/100
|-unboost|p2a: Pecharunt|spe|1
|move|p2a: Pecharunt|Foul Play|p1a: Empoleon
|-damage|p1a: Empoleon|0 fnt
|faint|p1a: Empoleon
|
|upkeep
|
|t:|1769364645
|switch|p1a: Swampert|Swampert, F|38/100
|-damage|p1a: Swampert|32/100|[from] Stealth Rock
|turn|22
|
|t:|1769364653
|switch|p2a: Alomomola|Alomomola, F|100/100
|move|p1a: Swampert|Earth Power|p2a: Alomomola
|-damage|p2a: Alomomola|72/100
|
|-heal|p1a: Swampert|38/100|[from] item: Leftovers
|upkeep
|turn|23
|
|t:|1769364673
|move|p1a: Swampert|Earth Power|p2a: Alomomola
|-damage|p2a: Alomomola|41/100
|move|p2a: Alomomola|Mirror Coat|p1a: Swampert
|-damage|p1a: Swampert|0 fnt
|faint|p1a: Swampert
|
|upkeep
|
|t:|1769364687
|switch|p1a: Scrafty|Scrafty, F|100/100
|-damage|p1a: Scrafty|94/100|[from] Stealth Rock
|-ability|p1a: Scrafty|Intimidate|boost
|-unboost|p2a: Alomomola|atk|1
|turn|24
|
|t:|1769364702
|move|p1a: Scrafty|Amnesia|p1a: Scrafty
|-boost|p1a: Scrafty|spd|2
|move|p2a: Alomomola|Body Slam|p1a: Scrafty
|-damage|p1a: Scrafty|87/100
|
|-heal|p1a: Scrafty|93/100|[from] item: Leftovers
|upkeep
|turn|25
|inactive|Papermario<3 has 120 seconds left.
|
|t:|1769364722
|move|p1a: Scrafty|Drain Punch|p2a: Alomomola
|-damage|p2a: Alomomola|26/100
|-heal|p1a: Scrafty|100/100|[from] drain|[of] p2a: Alomomola
|move|p2a: Alomomola|Body Slam|p1a: Scrafty
|-damage|p1a: Scrafty|93/100
|
|-heal|p1a: Scrafty|99/100|[from] item: Leftovers
|upkeep
|turn|26
|inactive|Papermario<3 has 120 seconds left.
|
|t:|1769364737
|move|p1a: Scrafty|Swords Dance|p1a: Scrafty
|-boost|p1a: Scrafty|atk|2
|move|p2a: Alomomola|Scald|p1a: Scrafty
|-damage|p1a: Scrafty|93/100
|
|-heal|p1a: Scrafty|99/100|[from] item: Leftovers
|upkeep
|turn|27
|
|t:|1769364744
|move|p1a: Scrafty|Drain Punch|p2a: Alomomola
|-damage|p2a: Alomomola|0 fnt
|-heal|p1a: Scrafty|100/100|[from] drain|[of] p2a: Alomomola
|faint|p2a: Alomomola
|
|upkeep
|
|t:|1769364756
|switch|p2a: Great Tusk|Great Tusk|16/100
|turn|28
|
|t:|1769364772
|-terastallize|p1a: Scrafty|Poison
|move|p2a: Great Tusk|Close Combat|p1a: Scrafty
|-resisted|p1a: Scrafty
|-damage|p1a: Scrafty|80/100
|-unboost|p2a: Great Tusk|def|1
|-unboost|p2a: Great Tusk|spd|1
|move|p1a: Scrafty|Drain Punch|p2a: Great Tusk
|-damage|p2a: Great Tusk|0 fnt
|-heal|p1a: Scrafty|89/100|[from] drain|[of] p2a: Great Tusk
|faint|p2a: Great Tusk
|-end|p2a: Great Tusk|Protosynthesis|[silent]
|
|-heal|p1a: Scrafty|96/100|[from] item: Leftovers
|upkeep
|
|t:|1769364795
|switch|p2a: Pecharunt|Pecharunt|38/100
|turn|29
|
|t:|1769364800
|move|p2a: Pecharunt|Foul Play|p1a: Scrafty
|-damage|p1a: Scrafty|68/100
|move|p1a: Scrafty|Ice Punch|p2a: Pecharunt
|-damage|p2a: Pecharunt|24/100
|
|-heal|p1a: Scrafty|74/100|[from] item: Leftovers
|upkeep
|turn|30
|
|t:|1769364808
|move|p2a: Pecharunt|Foul Play|p1a: Scrafty
|-crit|p1a: Scrafty
|-damage|p1a: Scrafty|31/100
|move|p1a: Scrafty|Ice Punch|p2a: Pecharunt
|-damage|p2a: Pecharunt|9/100
|
|-heal|p1a: Scrafty|37/100|[from] item: Leftovers
|upkeep
|turn|31
|
|t:|1769364815
|move|p2a: Pecharunt|Foul Play|p1a: Scrafty
|-damage|p1a: Scrafty|10/100
|move|p1a: Scrafty|Ice Punch|p2a: Pecharunt
|-crit|p2a: Pecharunt
|-damage|p2a: Pecharunt|0 fnt
|faint|p2a: Pecharunt
|
|-heal|p1a: Scrafty|16/100|[from] item: Leftovers
|upkeep
|
|t:|1769364823
|switch|p2a: Garganacl|Garganacl, M|22/100
|turn|32
|
|t:|1769364832
|-terastallize|p2a: Garganacl|Ghost
|move|p2a: Garganacl|Shadow Ball|p1a: Scrafty
|-damage|p1a: Scrafty|0 fnt
|faint|p1a: Scrafty
|
|upkeep
|
|t:|1769364837
|switch|p1a: Arcanine|Arcanine, M|100/100
|-damage|p1a: Arcanine|76/100|[from] Stealth Rock
|turn|33
|
|t:|1769364849
|move|p1a: Arcanine|Raging Fury|p2a: Garganacl
|-damage|p2a: Garganacl|0 fnt
|replace|p2a: Zoroark|Zoroark-Hisui, M, shiny
|-end|p2a: Zoroark|Illusion
|faint|p2a: Zoroark
|
|upkeep
|
|t:|1769364864
|switch|p2a: Garganacl|Garganacl, M|25/100
|turn|34
|
|t:|1769364869
|move|p1a: Arcanine|Raging Fury|p2a: Garganacl|[from] lockedmove
|-resisted|p2a: Garganacl
|-damage|p2a: Garganacl|7/100
|move|p2a: Garganacl|Recover|p2a: Garganacl
|-heal|p2a: Garganacl|57/100
|
|-heal|p2a: Garganacl|63/100|[from] item: Leftovers
|upkeep
|turn|35
|
|t:|1769364876
|move|p1a: Arcanine|Raging Fury|p2a: Garganacl|[from] lockedmove
|-resisted|p2a: Garganacl
|-damage|p2a: Garganacl|46/100
|-start|p1a: Arcanine|confusion|[fatigue]
|move|p2a: Garganacl|Recover|p2a: Garganacl
|-heal|p2a: Garganacl|96/100
|
|-heal|p2a: Garganacl|100/100|[from] item: Leftovers
|upkeep
|turn|36
|-message|Papermario<3 forfeited.
|
|win|serenity5515
|raw|Papermario&lt;3's rating: 1141 &rarr; <strong>1112</strong><br />(-29 for losing)
|raw|serenity5515's rating: 1092 &rarr; <strong>1122</strong><br />(+30 for winning)
|l|☆Papermario<3
|player|p1|
|l|☆serenity5515
|player|p2|
