|j|☆mystery rain ninja
|j|☆Auburn Hills
|t:|1769442566
|gametype|singles
|player|p1|mystery rain ninja|janine|1621
|player|p2|Auburn Hills|alder|1682
|gen|9
|tier|[Gen 9] OU
|rated|
|rule|HP Percentage Mod: HP is shown in percentages
|rule|Endless Battle Clause: Forcing endless battles is banned
|rule|Species Clause: Limit one of each Pokémon
|rule|OHKO Clause: OHKO moves are banned
|rule|Evasion Items Clause: Evasion items are banned
|rule|Evasion Moves Clause: Evasion moves are banned
|rule|Evasion Abilities Clause: Evasion abilities are banned
|rule|Sleep Moves Clause: Sleep-inducing moves are banned
|clearpoke
|poke|p1|Pelipper, F|
|poke|p1|Raging Bolt|
|poke|p1|Overqwil, M|
|poke|p1|Barraskewda, M|
|poke|p1|Iron Treads|
|poke|p1|Kingambit, M|
|poke|p2|Iron Moth|
|poke|p2|Umbreon, F|
|poke|p2|Garchomp, F|
|poke|p2|Glimmora, M|
|poke|p2|Gholdengo|
|poke|p2|Dragonite, M|
|teampreview
|inactive|Battle timer is ON: inactive players will automatically lose when time's up. (requested by mystery rain ninja)
|j| firecharmander004
|
|t:|1769442584
|teamsize|p1|6
|teamsize|p2|6
|start
|switch|p1a: Pelipper|Pelipper, F|100/100
|switch|p2a: Julia Jacklin|Glimmora, M|100/100
|-weather|RainDance|[from] ability: Drizzle|[of] p1a: Pelipper
|turn|1
|
|t:|1769442590
|switch|p1a: Iron Treads|Iron Treads|100/100
|-enditem|p1a: Iron Treads|Booster Energy
|-activate|p1a: Iron Treads|ability: Quark Drive|[fromitem]
|-start|p1a: Iron Treads|quarkdrivespe
|move|p2a: Julia Jacklin|Sludge Wave|p1a: Iron Treads
|-immune|p1a: Iron Treads
|
|-weather|RainDance|[upkeep]
|upkeep
|turn|2
|inactive|Auburn Hills has 120 seconds left.
|
|t:|1769442625
|move|p1a: Iron Treads|Earth Power|p2a: Julia Jacklin
|-supereffective|p2a: Julia Jacklin
|-enditem|p2a: Julia Jacklin|Focus Sash
|-damage|p2a: Julia Jacklin|1/100
|-unboost|p2a: Julia Jacklin|spd|1
|move|p2a: Julia Jacklin|Earth Power|p1a: Iron Treads
|-supereffective|p1a: Iron Treads
|-damage|p1a: Iron Treads|19/100
|
|-weather|RainDance|[upkeep]
|upkeep
|turn|3
|
|t:|1769442635
|move|p1a: Iron Treads|Stealth Rock|p2a: Julia Jacklin
|-sidestart|p2: Auburn Hills|move: Stealth Rock
|move|p2a: Julia Jacklin|Earth Power|p1a: Iron Treads
|-supereffective|p1a: Iron Treads
|-damage|p1a: Iron Treads|0 fnt
|faint|p1a: Iron Treads
|-end|p1a: Iron Treads|Quark Drive|[silent]
|
|-weather|RainDance|[upkeep]
|upkeep
|
|t:|1769442639
|switch|p1a: Barraskewda|Barraskewda, M|100/100
|turn|4
|
|t:|1769442645
|move|p1a: Barraskewda|Flip Turn|p2a: Julia Jacklin
|-supereffective|p2a: Julia Jacklin
|-damage|p2a: Julia Jacklin|0 fnt
|-activate|p2a: Julia Jacklin|ability: Toxic Debris
|-sidestart|p1: mystery rain ninja|move: Toxic Spikes
|faint|p2a: Julia Jacklin
|
|t:|1769442646
|switch|p1a: Overqwil|Overqwil, M|100/100|[from] Flip Turn
|-sideend|p1: mystery rain ninja|move: Toxic Spikes|[of] p1a: Overqwil
|
|-weather|RainDance|[upkeep]
|upkeep
|
|t:|1769442650
|switch|p2a: Elucid|Dragonite, M|100/100
|turn|5
|inactive|mystery rain ninja has 120 seconds left.
|
|t:|1769442681
|move|p1a: Overqwil|Gunk Shot|p2a: Elucid
|-damage|p2a: Elucid|51/100
|-status|p2a: Elucid|psn
|-damage|p1a: Overqwil|91/100|[from] item: Life Orb
|move|p2a: Elucid|Earthquake|p1a: Overqwil
|-supereffective|p1a: Overqwil
|-damage|p1a: Overqwil|0 fnt
|faint|p1a: Overqwil
|
|-weather|RainDance|[upkeep]
|-damage|p2a: Elucid|39/100 psn|[from] psn
|upkeep
|inactive|mystery rain ninja has 120 seconds left.
|inactive|mystery rain ninja has 90 seconds left.
|
|t:|1769442727
|switch|p1a: Pelipper|Pelipper, F|100/100
|turn|6
|
|t:|1769442742
|switch|p2a: Alvvays|Umbreon, F|100/100
|-damage|p2a: Alvvays|88/100|[from] Stealth Rock
|move|p1a: Pelipper|Hurricane|p2a: Alvvays
|-damage|p2a: Alvvays|68/100
|
|-weather|RainDance|[upkeep]
|-heal|p2a: Alvvays|74/100|[from] item: Leftovers
|upkeep
|turn|7
|inactive|mystery rain ninja has 90 seconds left.
|
|t:|1769442752
|move|p2a: Alvvays|Wish|p2a: Alvvays
|move|p1a: Pelipper|U-turn|p2a: Alvvays
|-supereffective|p2a: Alvvays
|-damage|p2a: Alvvays|58/100
|
|t:|1769442754
|switch|p1a: Raging Bolt|Raging Bolt|100/100|[from] U-turn
|-enditem|p1a: Raging Bolt|Booster Energy
|-activate|p1a: Raging Bolt|ability: Protosynthesis|[fromitem]
|-start|p1a: Raging Bolt|protosynthesisspa
|
|-weather|RainDance|[upkeep]
|-heal|p2a: Alvvays|64/100|[from] item: Leftovers
|upkeep
|turn|8
|
|t:|1769442763
|move|p1a: Raging Bolt|Thunder|p2a: Alvvays
|-damage|p2a: Alvvays|22/100
|move|p2a: Alvvays|Foul Play|p1a: Raging Bolt
|-damage|p1a: Raging Bolt|81/100
|
|-weather|none
|-heal|p2a: Alvvays|72/100|[from] move: Wish|[wisher] Alvvays
|-heal|p2a: Alvvays|78/100|[from] item: Leftovers
|upkeep
|turn|9
|
|t:|1769442769
|move|p1a: Raging Bolt|Thunder|p2a: Alvvays|[miss]
|-miss|p1a: Raging Bolt|p2a: Alvvays
|move|p2a: Alvvays|Wish|p2a: Alvvays
|
|-heal|p2a: Alvvays|84/100|[from] item: Leftovers
|upkeep
|turn|10
|inactive|Auburn Hills has 120 seconds left.
|
|t:|1769442809
|move|p1a: Raging Bolt|Thunder|p2a: Alvvays|[miss]
|-miss|p1a: Raging Bolt|p2a: Alvvays
|move|p2a: Alvvays|Foul Play|p1a: Raging Bolt
|-damage|p1a: Raging Bolt|62/100
|
|-heal|p2a: Alvvays|100/100|[from] move: Wish|[wisher] Alvvays
|upkeep
|turn|11
|
|t:|1769442812
|switch|p2a: Rat Tally|Garchomp, F|100/100
|-damage|p2a: Rat Tally|94/100|[from] Stealth Rock
|move|p1a: Raging Bolt|Thunder|p2a: Rat Tally
|-immune|p2a: Rat Tally
|
|upkeep
|turn|12
|inactive|mystery rain ninja has 120 seconds left.
|
|t:|1769442844
|-end|p1a: Raging Bolt|Protosynthesis|[silent]
|switch|p1a: Pelipper|Pelipper, F|100/100
|-weather|RainDance|[from] ability: Drizzle|[of] p1a: Pelipper
|move|p2a: Rat Tally|Scale Shot|p1a: Pelipper
|-damage|p1a: Pelipper|91/100
|-damage|p1a: Pelipper|82/100
|-damage|p1a: Pelipper|72/100
|-damage|p1a: Pelipper|62/100
|-damage|p1a: Pelipper|52/100
|-hitcount|p1a: Pelipper|5
|-unboost|p2a: Rat Tally|def|1
|-boost|p2a: Rat Tally|spe|1
|
|-weather|RainDance|[upkeep]
|upkeep
|turn|13
|
|t:|1769442860
|switch|p1a: Kingambit|Kingambit, M|100/100
|-activate|p1a: Kingambit|ability: Supreme Overlord
|-start|p1a: Kingambit|fallen2|[silent]
|move|p2a: Rat Tally|Scale Shot|p1a: Kingambit
|-resisted|p1a: Kingambit
|-damage|p1a: Kingambit|96/100
|-resisted|p1a: Kingambit
|-damage|p1a: Kingambit|91/100
|-resisted|p1a: Kingambit
|-damage|p1a: Kingambit|86/100
|-resisted|p1a: Kingambit
|-damage|p1a: Kingambit|82/100
|-hitcount|p1a: Kingambit|4
|-unboost|p2a: Rat Tally|def|1
|-boost|p2a: Rat Tally|spe|1
|
|-weather|RainDance|[upkeep]
|-heal|p1a: Kingambit|88/100|[from] item: Leftovers
|upkeep
|turn|14
|
|t:|1769442874
|switch|p2a: Alvvays|Umbreon, F|100/100
|-damage|p2a: Alvvays|88/100|[from] Stealth Rock
|move|p1a: Kingambit|Kowtow Cleave|p2a: Alvvays
|-resisted|p2a: Alvvays
|-damage|p2a: Alvvays|64/100
|
|-weather|RainDance|[upkeep]
|-heal|p2a: Alvvays|70/100|[from] item: Leftovers
|-heal|p1a: Kingambit|94/100|[from] item: Leftovers
|upkeep
|turn|15
|
|t:|1769442878
|move|p2a: Alvvays|Thunder Wave|p1a: Kingambit
|-status|p1a: Kingambit|par
|move|p1a: Kingambit|Swords Dance|p1a: Kingambit
|-boost|p1a: Kingambit|atk|2
|
|-weather|RainDance|[upkeep]
|-heal|p2a: Alvvays|76/100|[from] item: Leftovers
|-heal|p1a: Kingambit|100/100 par|[from] item: Leftovers
|upkeep
|turn|16
|
|t:|1769442882
|move|p2a: Alvvays|Foul Play|p1a: Kingambit
|-resisted|p1a: Kingambit
|-damage|p1a: Kingambit|62/100 par
|move|p1a: Kingambit|Iron Head|p2a: Alvvays
|-damage|p2a: Alvvays|0 fnt
|faint|p2a: Alvvays
|
|-weather|RainDance|[upkeep]
|-heal|p1a: Kingambit|69/100 par|[from] item: Leftovers
|upkeep
|
|t:|1769442887
|switch|p2a: Smino|Gholdengo|100/100
|-damage|p2a: Smino|94/100|[from] Stealth Rock
|turn|17
|
|t:|1769442892
|move|p2a: Smino|Trick|p1a: Kingambit
|-activate|p2a: Smino|move: Trick|[of] p1a: Kingambit
|-item|p1a: Kingambit|Choice Scarf|[from] move: Trick
|-item|p2a: Smino|Leftovers|[from] move: Trick
|move|p1a: Kingambit|Kowtow Cleave|p2a: Smino
|-supereffective|p2a: Smino
|-damage|p2a: Smino|0 fnt
|faint|p2a: Smino
|
|-weather|RainDance|[upkeep]
|upkeep
|inactive|Auburn Hills has 120 seconds left.
|j| beeboobaa
|
|t:|1769442946
|switch|p2a: Rat Tally|Garchomp, F|94/100
|-damage|p2a: Rat Tally|88/100|[from] Stealth Rock
|turn|18
|
|t:|1769442954
|move|p2a: Rat Tally|Earthquake|p1a: Kingambit
|-supereffective|p1a: Kingambit
|-damage|p1a: Kingambit|0 fnt
|faint|p1a: Kingambit
|-end|p1a: Kingambit|fallen2|[silent]
|
|-weather|RainDance|[upkeep]
|upkeep
|
|t:|1769442956
|switch|p1a: Barraskewda|Barraskewda, M|100/100
|turn|19
|inactive|Auburn Hills has 120 seconds left.
|
|t:|1769442976
|-terastallize|p1a: Barraskewda|Water
|move|p1a: Barraskewda|Liquidation|p2a: Rat Tally
|-damage|p2a: Rat Tally|0 fnt
|-damage|p1a: Barraskewda|88/100|[from] ability: Rough Skin|[of] p2a: Rat Tally
|faint|p2a: Rat Tally
|
|-weather|none
|upkeep
|
|t:|1769442978
|switch|p2a: Carly Rae|Iron Moth|100/100
|-damage|p2a: Carly Rae|76/100|[from] Stealth Rock
|-enditem|p2a: Carly Rae|Booster Energy
|-activate|p2a: Carly Rae|ability: Quark Drive|[fromitem]
|-start|p2a: Carly Rae|quarkdrivespe
|turn|20
|
|t:|1769442981
|switch|p1a: Pelipper|Pelipper, F|52/100
|-weather|RainDance|[from] ability: Drizzle|[of] p1a: Pelipper
|move|p2a: Carly Rae|Discharge|p1a: Pelipper
|-supereffective|p1a: Pelipper
|-damage|p1a: Pelipper|0 fnt
|faint|p1a: Pelipper
|
|-weather|RainDance|[upkeep]
|upkeep
|
|t:|1769442983
|switch|p1a: Barraskewda|Barraskewda, M, tera:Water|88/100
|turn|21
|
|t:|1769442994
|move|p1a: Barraskewda|Flip Turn|p2a: Carly Rae
|-supereffective|p2a: Carly Rae
|-damage|p2a: Carly Rae|0 fnt
|faint|p2a: Carly Rae
|-end|p2a: Carly Rae|Quark Drive|[silent]
|
|t:|1769442995
|switch|p1a: Raging Bolt|Raging Bolt|62/100|[from] Flip Turn
|
|-weather|RainDance|[upkeep]
|upkeep
|
|t:|1769442999
|switch|p2a: Elucid|Dragonite, M|39/100 psn
|turn|22
|
|t:|1769443022
|move|p1a: Raging Bolt|Thunderclap|p2a: Elucid
|-damage|p2a: Elucid|0 fnt
|faint|p2a: Elucid
|
|win|mystery rain ninja
|raw|mystery rain ninja's rating: 1621 &rarr; <strong>1647</strong><br />(+26 for winning)
|raw|Auburn Hills's rating: 1720 &rarr; <strong>1694</strong><br />(-26 for losing)
|l|☆mystery rain ninja
|player|p1|
|l|☆Auburn Hills
|player|p2|
|l| beeboobaa
