|j|☆boom moon
|j|☆Depinion_97
|t:|1769428091
|gametype|singles
|player|p1|boom moon|266|1183
|player|p2|Depinion_97|policeman-gen4|1153
|gen|9
|tier|[Gen 9] OU
|rated|
|rule|HP Percentage Mod: HP is shown in percentages
|rule|Endless Battle Clause: Forcing endless battles is banned
|rule|Species Clause: Limit one of each Pokémon
|rule|OHKO Clause: OHKO moves are banned
|rule|Evasion Items Clause: Evasion items are banned
|rule|Evasion Moves Clause: Evasion moves are banned
|rule|Evasion Abilities Clause: Evasion abilities are banned
|rule|Sleep Moves Clause: Sleep-inducing moves are banned
|clearpoke
|poke|p1|Gliscor, F|
|poke|p1|Chansey, F|
|poke|p1|Mamoswine, M|
|poke|p1|Toedscruel, M|
|poke|p1|Toxicroak, M|
|poke|p1|Dragonite, F|
|poke|p2|Gholdengo|
|poke|p2|Raging Bolt|
|poke|p2|Pelipper, M|
|poke|p2|Barraskewda, M|
|poke|p2|Toxicroak, F|
|poke|p2|Landorus-Therian, M|
|teampreview
|inactive|Battle timer is ON: inactive players will automatically lose when time's up. (requested by boom moon)
|
|t:|1769428105
|teamsize|p1|6
|teamsize|p2|6
|start
|switch|p1a: Toedscruel|Toedscruel, M|100/100
|switch|p2a: Landorus|Landorus-Therian, M|100/100
|-ability|p2a: Landorus|Intimidate|boost
|-unboost|p1a: Toedscruel|atk|1
|turn|1
|
|t:|1769428111
|move|p2a: Landorus|U-turn|p1a: Toedscruel
|-supereffective|p1a: Toedscruel
|-damage|p1a: Toedscruel|10/100
|
|t:|1769428118
|switch|p2a: Gholdengo|Gholdengo|100/100|[from] U-turn
|move|p1a: Toedscruel|Stun Spore|p2a: Gholdengo|[miss]
|-miss|p1a: Toedscruel|p2a: Gholdengo
|
|upkeep
|turn|2
|
|t:|1769428133
|move|p2a: Gholdengo|Make It Rain|p1a: Toedscruel
|-crit|p1a: Toedscruel
|-damage|p1a: Toedscruel|0 fnt
|-unboost|p2a: Gholdengo|spa|1
|faint|p1a: Toedscruel
|
|upkeep
|
|t:|1769428142
|switch|p1a: Toxicroak|Toxicroak, M, shiny|100/100
|turn|3
|
|t:|1769428147
|switch|p2a: Landorus|Landorus-Therian, M|100/100
|-ability|p2a: Landorus|Intimidate|boost
|-unboost|p1a: Toxicroak|atk|1
|-enditem|p1a: Toxicroak|Adrenaline Orb
|-boost|p1a: Toxicroak|spe|1|[from] item: Adrenaline Orb
|move|p1a: Toxicroak|Nasty Plot|p1a: Toxicroak
|-boost|p1a: Toxicroak|spa|2
|
|upkeep
|turn|4
|
|t:|1769428158
|-terastallize|p1a: Toxicroak|Fighting
|move|p1a: Toxicroak|Dark Pulse|p2a: Landorus
|-damage|p2a: Landorus|38/100
|move|p2a: Landorus|Earthquake|p1a: Toxicroak
|-damage|p1a: Toxicroak|15/100
|
|-heal|p2a: Landorus|44/100|[from] item: Leftovers
|upkeep
|turn|5
|
|t:|1769428166
|move|p1a: Toxicroak|Dark Pulse|p2a: Landorus
|-damage|p2a: Landorus|0 fnt
|faint|p2a: Landorus
|
|upkeep
|
|t:|1769428167
|switch|p2a: Toxicroak|Toxicroak, F, shiny|100/100
|turn|6
|
|t:|1769428173
|-terastallize|p2a: Toxicroak|Dark
|move|p1a: Toxicroak|Vacuum Wave|p2a: Toxicroak
|-supereffective|p2a: Toxicroak
|-damage|p2a: Toxicroak|0 fnt
|faint|p2a: Toxicroak
|
|upkeep
|
|t:|1769428185
|switch|p2a: Pelipper|Pelipper, M|100/100
|-weather|RainDance|[from] ability: Drizzle|[of] p2a: Pelipper
|turn|7
|
|t:|1769428189
|move|p1a: Toxicroak|Sludge Wave|p2a: Pelipper
|-damage|p2a: Pelipper|0 fnt
|faint|p2a: Pelipper
|
|-weather|RainDance|[upkeep]
|-heal|p1a: Toxicroak|27/100|[from] ability: Dry Skin
|upkeep
|
|t:|1769428192
|switch|p2a: Barraskewda|Barraskewda, M|100/100
|turn|8
|
|t:|1769428197
|move|p1a: Toxicroak|Vacuum Wave|p2a: Barraskewda
|-damage|p2a: Barraskewda|1/100
|move|p2a: Barraskewda|Close Combat|p1a: Toxicroak
|-damage|p1a: Toxicroak|0 fnt
|-unboost|p2a: Barraskewda|def|1
|-unboost|p2a: Barraskewda|spd|1
|faint|p1a: Toxicroak
|
|-weather|RainDance|[upkeep]
|upkeep
|
|t:|1769428204
|switch|p1a: Mamoswine|Mamoswine, M|100/100
|turn|9
|
|t:|1769428209
|switch|p2a: Gholdengo|Gholdengo|100/100
|move|p1a: Mamoswine|Ice Shard|p2a: Gholdengo
|-resisted|p2a: Gholdengo
|-damage|p2a: Gholdengo|87/100
|
|-weather|RainDance|[upkeep]
|upkeep
|turn|10
|
|t:|1769428215
|switch|p1a: Chansey|Chansey, F|100/100
|move|p2a: Gholdengo|Make It Rain|p1a: Chansey
|-crit|p1a: Chansey
|-damage|p1a: Chansey|73/100
|-unboost|p2a: Gholdengo|spa|1
|
|-weather|RainDance|[upkeep]
|upkeep
|turn|11
|
|t:|1769428219
|switch|p2a: Raging Bolt|Raging Bolt|100/100
|move|p1a: Chansey|Stealth Rock|p2a: Raging Bolt
|-sidestart|p2: Depinion_97|move: Stealth Rock
|
|-weather|none
|upkeep
|turn|12
|
|t:|1769428222
|move|p2a: Raging Bolt|Heavy Slam|p1a: Chansey
|-damage|p1a: Chansey|58/100
|move|p1a: Chansey|Seismic Toss|p2a: Raging Bolt
|-damage|p2a: Raging Bolt|78/100
|
|upkeep
|turn|13
|-message|Depinion_97 forfeited.
|
|win|boom moon
|raw|boom moon's rating: 1183 &rarr; <strong>1206</strong><br />(+23 for winning)
|raw|Depinion_97's rating: 1153 &rarr; <strong>1130</strong><br />(-23 for losing)
|l|☆Depinion_97
|player|p2|
|l|☆boom moon
|player|p1|
