|j|☆StarLi
|j|☆hotnips
|t:|1769409981
|gametype|singles
|player|p1|StarLi|iono|1414
|player|p2|hotnips|bruno|1464
|gen|9
|tier|[Gen 9] OU
|rated|
|rule|HP Percentage Mod: HP is shown in percentages
|rule|Endless Battle Clause: Forcing endless battles is banned
|rule|Species Clause: Limit one of each Pokémon
|rule|OHKO Clause: OHKO moves are banned
|rule|Evasion Items Clause: Evasion items are banned
|rule|Evasion Moves Clause: Evasion moves are banned
|rule|Evasion Abilities Clause: Evasion abilities are banned
|rule|Sleep Moves Clause: Sleep-inducing moves are banned
|clearpoke
|poke|p1|Darkrai|
|poke|p1|Garganacl, M|
|poke|p1|Enamorus, F|
|poke|p1|Kingambit, F|
|poke|p1|Samurott-Hisui, M|
|poke|p1|Pecharunt|
|poke|p2|Great Tusk|
|poke|p2|Slowking-Galar, M|
|poke|p2|Corviknight, F|
|poke|p2|Clefable, F|
|poke|p2|Samurott-Hisui, M|
|poke|p2|Dragapult, F|
|teampreview
|inactive|Battle timer is ON: inactive players will automatically lose when time's up. (requested by hotnips)
|
|t:|1769410000
|teamsize|p1|6
|teamsize|p2|6
|start
|switch|p1a: Samurott|Samurott-Hisui, M|100/100
|switch|p2a: Great Tusk|Great Tusk|100/100
|turn|1
|
|t:|1769410010
|move|p2a: Great Tusk|Close Combat|p1a: Samurott
|-supereffective|p1a: Samurott
|-enditem|p1a: Samurott|Focus Sash
|-damage|p1a: Samurott|1/100
|-unboost|p2a: Great Tusk|def|1
|-unboost|p2a: Great Tusk|spd|1
|move|p1a: Samurott|Razor Shell|p2a: Great Tusk
|-supereffective|p2a: Great Tusk
|-damage|p2a: Great Tusk|0 fnt
|faint|p2a: Great Tusk
|-end|p2a: Great Tusk|Protosynthesis|[silent]
|
|upkeep
|
|t:|1769410028
|switch|p2a: Dragapult|Dragapult, F|100/100
|turn|2
|
|t:|1769410037
|move|p2a: Dragapult|U-turn|p1a: Samurott
|-supereffective|p1a: Samurott
|-damage|p1a: Samurott|0 fnt
|faint|p1a: Samurott
|
|t:|1769410051
|switch|p2a: Samurott|Samurott-Hisui, M|100/100|[from] U-turn
|
|upkeep
|
|t:|1769410055
|switch|p1a: Enamorus|Enamorus, F|100/100
|turn|3
|
|t:|1769410057
|switch|p2a: Slowking|Slowking-Galar, M|100/100
|move|p1a: Enamorus|Moonblast|p2a: Slowking
|-resisted|p2a: Slowking
|-damage|p2a: Slowking|87/100
|
|upkeep
|turn|4
|
|t:|1769410071
|switch|p1a: Pecharunt|Pecharunt|100/100
|-item|p1a: Pecharunt|Air Balloon
|move|p2a: Slowking|Psyshock|p1a: Pecharunt
|-supereffective|p1a: Pecharunt
|-damage|p1a: Pecharunt|51/100
|-enditem|p1a: Pecharunt|Air Balloon
|
|upkeep
|turn|5
|
|t:|1769410080
|move|p1a: Pecharunt|Recover|p1a: Pecharunt
|-heal|p1a: Pecharunt|100/100
|move|p2a: Slowking|Psyshock|p1a: Pecharunt
|-supereffective|p1a: Pecharunt
|-damage|p1a: Pecharunt|46/100
|
|upkeep
|turn|6
|
|t:|1769410091
|-terastallize|p1a: Pecharunt|Ghost
|move|p1a: Pecharunt|Recover|p1a: Pecharunt
|-heal|p1a: Pecharunt|96/100
|move|p2a: Slowking|Psyshock|p1a: Pecharunt
|-damage|p1a: Pecharunt|71/100
|
|upkeep
|turn|7
|
|t:|1769410096
|switch|p2a: Samurott|Samurott-Hisui, M|100/100
|move|p1a: Pecharunt|Shadow Ball|p2a: Samurott
|-resisted|p2a: Samurott
|-damage|p2a: Samurott|71/100
|-unboost|p2a: Samurott|spd|1
|
|upkeep
|turn|8
|
|t:|1769410109
|move|p1a: Pecharunt|Malignant Chain|p2a: Samurott
|-damage|p2a: Samurott|0 fnt
|faint|p2a: Samurott
|
|upkeep
|
|t:|1769410113
|switch|p2a: Dragapult|Dragapult, F|100/100
|turn|9
|
|t:|1769410122
|move|p2a: Dragapult|U-turn|p1a: Pecharunt
|-resisted|p1a: Pecharunt
|-damage|p1a: Pecharunt|65/100
|
|t:|1769410126
|switch|p2a: Corviknight|Corviknight, F|100/100|[from] U-turn
|-ability|p2a: Corviknight|Pressure
|move|p1a: Pecharunt|Shadow Ball|p2a: Corviknight
|-damage|p2a: Corviknight|57/100
|
|upkeep
|turn|10
|
|t:|1769410132
|move|p1a: Pecharunt|Nasty Plot|p1a: Pecharunt
|-boost|p1a: Pecharunt|spa|2
|move|p2a: Corviknight|U-turn|p1a: Pecharunt
|-resisted|p1a: Pecharunt
|-damage|p1a: Pecharunt|60/100
|
|t:|1769410134
|switch|p2a: Dragapult|Dragapult, F|100/100|[from] U-turn
|
|upkeep
|turn|11
|
|t:|1769410136
|switch|p1a: Enamorus|Enamorus, F|100/100
|move|p2a: Dragapult|Shadow Ball|p1a: Enamorus
|-damage|p1a: Enamorus|32/100
|
|upkeep
|turn|12
|
|t:|1769410150
|move|p1a: Enamorus|Earth Power|p2a: Dragapult
|-damage|p2a: Dragapult|56/100
|move|p2a: Dragapult|Shadow Ball|p1a: Enamorus
|-damage|p1a: Enamorus|0 fnt
|faint|p1a: Enamorus
|
|upkeep
|
|t:|1769410168
|switch|p1a: Kingambit|Kingambit, F|100/100
|-activate|p1a: Kingambit|ability: Supreme Overlord
|-start|p1a: Kingambit|fallen2|[silent]
|turn|13
|
|t:|1769410171
|switch|p2a: Corviknight|Corviknight, F|57/100
|-ability|p2a: Corviknight|Pressure
|move|p1a: Kingambit|Sucker Punch||[still]
|-fail|p1a: Kingambit
|
|upkeep
|turn|14
|
|t:|1769410180
|-end|p1a: Kingambit|fallen2|[silent]
|switch|p1a: Pecharunt|Pecharunt, tera:Ghost|60/100
|move|p2a: Corviknight|Roost|p2a: Corviknight
|-heal|p2a: Corviknight|100/100
|-singleturn|p2a: Corviknight|move: Roost
|
|upkeep
|turn|15
|
|t:|1769410189
|move|p1a: Pecharunt|Shadow Ball|p2a: Corviknight
|-damage|p2a: Corviknight|61/100
|move|p2a: Corviknight|U-turn|p1a: Pecharunt
|-resisted|p1a: Pecharunt
|-damage|p1a: Pecharunt|55/100
|
|t:|1769410192
|switch|p2a: Dragapult|Dragapult, F|56/100|[from] U-turn
|
|upkeep
|turn|16
|
|t:|1769410198
|switch|p1a: Garganacl|Garganacl, M|100/100
|move|p2a: Dragapult|Draco Meteor|p1a: Garganacl|[miss]
|-miss|p2a: Dragapult|p1a: Garganacl
|
|upkeep
|turn|17
|
|t:|1769410204
|switch|p2a: Clefable|Clefable, F|100/100
|move|p1a: Garganacl|Salt Cure|p2a: Clefable
|-crit|p2a: Clefable
|-damage|p2a: Clefable|84/100
|-start|p2a: Clefable|Salt Cure
|
|-heal|p2a: Clefable|90/100|[from] item: Leftovers
|upkeep
|turn|18
|
|t:|1769410214
|switch|p1a: Pecharunt|Pecharunt, tera:Ghost|55/100
|move|p2a: Clefable|Knock Off|p1a: Pecharunt
|-supereffective|p1a: Pecharunt
|-damage|p1a: Pecharunt|40/100
|
|-heal|p2a: Clefable|96/100|[from] item: Leftovers
|upkeep
|turn|19
|
|t:|1769410219
|move|p1a: Pecharunt|Recover|p1a: Pecharunt
|-heal|p1a: Pecharunt|90/100
|move|p2a: Clefable|Stealth Rock|p1a: Pecharunt
|-sidestart|p1: StarLi|move: Stealth Rock
|
|-heal|p2a: Clefable|100/100|[from] item: Leftovers
|upkeep
|turn|20
|
|t:|1769410224
|switch|p2a: Corviknight|Corviknight, F|61/100
|-ability|p2a: Corviknight|Pressure
|move|p1a: Pecharunt|Malignant Chain|p2a: Corviknight
|-immune|p2a: Corviknight
|
|upkeep
|turn|21
|
|t:|1769410236
|switch|p1a: Garganacl|Garganacl, M|100/100
|-damage|p1a: Garganacl|88/100|[from] Stealth Rock
|move|p2a: Corviknight|U-turn|p1a: Garganacl
|-damage|p1a: Garganacl|79/100
|
|t:|1769410245
|switch|p2a: Clefable|Clefable, F|100/100|[from] U-turn
|
|-heal|p1a: Garganacl|85/100|[from] item: Leftovers
|upkeep
|turn|22
|
|t:|1769410257
|move|p2a: Clefable|Moonblast|p1a: Garganacl
|-damage|p1a: Garganacl|64/100
|move|p1a: Garganacl|Iron Defense|p1a: Garganacl
|-boost|p1a: Garganacl|def|2
|
|-heal|p1a: Garganacl|71/100|[from] item: Leftovers
|upkeep
|turn|23
|
|t:|1769410260
|move|p2a: Clefable|Knock Off|p1a: Garganacl
|-damage|p1a: Garganacl|66/100
|-enditem|p1a: Garganacl|Leftovers|[from] move: Knock Off|[of] p2a: Clefable
|move|p1a: Garganacl|Iron Defense|p1a: Garganacl
|-boost|p1a: Garganacl|def|2
|
|upkeep
|turn|24
|
|t:|1769410262
|switch|p2a: Dragapult|Dragapult, F|56/100
|move|p1a: Garganacl|Iron Defense|p1a: Garganacl
|-boost|p1a: Garganacl|def|2
|
|upkeep
|turn|25
|
|t:|1769410265
|move|p2a: Dragapult|Draco Meteor|p1a: Garganacl
|-damage|p1a: Garganacl|13/100
|-unboost|p2a: Dragapult|spa|2
|move|p1a: Garganacl|Salt Cure|p2a: Dragapult
|-damage|p2a: Dragapult|37/100
|-start|p2a: Dragapult|Salt Cure
|
|-damage|p2a: Dragapult|25/100|[from] Salt Cure
|upkeep
|turn|26
|
|t:|1769410270
|move|p2a: Dragapult|Draco Meteor|p1a: Garganacl
|-damage|p1a: Garganacl|0 fnt
|-unboost|p2a: Dragapult|spa|2
|faint|p1a: Garganacl
|
|-damage|p2a: Dragapult|12/100|[from] Salt Cure
|upkeep
|
|t:|1769410283
|switch|p1a: Kingambit|Kingambit, F|100/100
|-damage|p1a: Kingambit|94/100|[from] Stealth Rock
|-activate|p1a: Kingambit|ability: Supreme Overlord
|-start|p1a: Kingambit|fallen3|[silent]
|turn|27
|
|t:|1769410290
|move|p2a: Dragapult|Draco Meteor|p1a: Kingambit
|-resisted|p1a: Kingambit
|-damage|p1a: Kingambit|79/100
|-unboost|p2a: Dragapult|spa|2
|move|p1a: Kingambit|Swords Dance|p1a: Kingambit
|-boost|p1a: Kingambit|atk|2
|
|-heal|p1a: Kingambit|85/100|[from] item: Leftovers
|-damage|p2a: Dragapult|0 fnt|[from] Salt Cure
|faint|p2a: Dragapult
|upkeep
|
|t:|1769410293
|switch|p2a: Corviknight|Corviknight, F|61/100
|-ability|p2a: Corviknight|Pressure
|turn|28
|
|t:|1769410299
|move|p1a: Kingambit|Sucker Punch||[still]
|-fail|p1a: Kingambit
|move|p2a: Corviknight|Roost|p2a: Corviknight
|-heal|p2a: Corviknight|100/100
|-singleturn|p2a: Corviknight|move: Roost
|
|-heal|p1a: Kingambit|91/100|[from] item: Leftovers
|upkeep
|turn|29
|
|t:|1769410307
|move|p1a: Kingambit|Kowtow Cleave|p2a: Corviknight
|-crit|p2a: Corviknight
|-damage|p2a: Corviknight|0 fnt
|-damage|p1a: Kingambit|74/100|[from] item: Rocky Helmet|[of] p2a: Corviknight
|faint|p2a: Corviknight
|
|-heal|p1a: Kingambit|81/100|[from] item: Leftovers
|upkeep
|
|t:|1769410319
|switch|p2a: Slowking|Slowking-Galar, M|100/100
|turn|30
|
|t:|1769410325
|-terastallize|p2a: Slowking|Water
|move|p1a: Kingambit|Iron Head|p2a: Slowking
|-resisted|p2a: Slowking
|-damage|p2a: Slowking|39/100
|move|p2a: Slowking|Flamethrower|p1a: Kingambit
|-supereffective|p1a: Kingambit
|-damage|p1a: Kingambit|17/100
|
|-heal|p1a: Kingambit|23/100|[from] item: Leftovers
|upkeep
|turn|31
|-message|hotnips forfeited.
|
|win|StarLi
|raw|StarLi's rating: 1414 &rarr; <strong>1437</strong><br />(+23 for winning)
|raw|hotnips's rating: 1464 &rarr; <strong>1441</strong><br />(-23 for losing)
|l|☆hotnips
|player|p2|
|l|☆StarLi
|player|p1|
