|j|☆Sceptile Waton
|j|☆Spindamaster95
|t:|1769318587
|gametype|singles
|player|p1|Sceptile Waton|blue|1249
|player|p2|Spindamaster95|waiter-gen4dp|1293
|gen|9
|tier|[Gen 9] OU
|rated|
|rule|HP Percentage Mod: HP is shown in percentages
|rule|Endless Battle Clause: Forcing endless battles is banned
|rule|Species Clause: Limit one of each Pokémon
|rule|OHKO Clause: OHKO moves are banned
|rule|Evasion Items Clause: Evasion items are banned
|rule|Evasion Moves Clause: Evasion moves are banned
|rule|Evasion Abilities Clause: Evasion abilities are banned
|rule|Sleep Moves Clause: Sleep-inducing moves are banned
|clearpoke
|poke|p1|Dragonite, F|
|poke|p1|Samurott-Hisui, M|
|poke|p1|Clefable, F|
|poke|p1|Gliscor, M|
|poke|p1|Gholdengo|
|poke|p1|Zamazenta-*|
|poke|p2|Tsareena, F|
|poke|p2|Espeon, M|
|poke|p2|Ninetales-Alola, M|
|poke|p2|Hydreigon, M|
|poke|p2|Conkeldurr, F|
|poke|p2|Mimikyu, M|
|teampreview
|inactive|Battle timer is ON: inactive players will automatically lose when time's up. (requested by Spindamaster95)
|
|t:|1769318605
|teamsize|p1|6
|teamsize|p2|6
|start
|switch|p1a: Gholdengo|Gholdengo|100/100
|switch|p2a: Tsareena|Tsareena, F|100/100
|turn|1
|
|t:|1769318631
|switch|p1a: Zamazenta|Zamazenta|100/100
|-ability|p1a: Zamazenta|Dauntless Shield|boost
|-boost|p1a: Zamazenta|def|1
|move|p2a: Tsareena|Knock Off|p1a: Zamazenta
|-resisted|p1a: Zamazenta
|-crit|p1a: Zamazenta
|-damage|p1a: Zamazenta|77/100
|-enditem|p1a: Zamazenta|Leftovers|[from] move: Knock Off|[of] p2a: Tsareena
|
|upkeep
|turn|2
|inactive|Sceptile Waton has 120 seconds left.
|
|t:|1769318654
|switch|p2a: Mimikyu|Mimikyu, M|100/100
|move|p1a: Zamazenta|Body Press|p2a: Mimikyu
|-immune|p2a: Mimikyu
|
|upkeep
|turn|3
|inactive|Sceptile Waton has 120 seconds left.
|
|t:|1769318670
|switch|p1a: Clefable|Clefable, F|100/100
|move|p2a: Mimikyu|Swords Dance|p2a: Mimikyu
|-boost|p2a: Mimikyu|atk|2
|
|upkeep
|turn|4
|inactive|Sceptile Waton has 120 seconds left.
|
|t:|1769318677
|switch|p2a: Espeon|Espeon, M|100/100
|move|p1a: Clefable|Knock Off|p2a: Espeon
|-supereffective|p2a: Espeon
|-damage|p2a: Espeon|45/100
|-enditem|p2a: Espeon|Choice Scarf|[from] move: Knock Off|[of] p1a: Clefable
|
|upkeep
|turn|5
|inactive|Sceptile Waton has 120 seconds left.
|
|t:|1769318693
|switch|p2a: Tsareena|Tsareena, F|100/100
|move|p1a: Clefable|Moonblast|p2a: Tsareena
|-damage|p2a: Tsareena|79/100
|-unboost|p2a: Tsareena|spa|1
|
|upkeep
|turn|6
|inactive|Sceptile Waton has 120 seconds left.
|
|t:|1769318701
|switch|p1a: Zamazenta|Zamazenta|77/100
|move|p2a: Tsareena|Trop Kick|p1a: Zamazenta
|-damage|p1a: Zamazenta|44/100
|-unboost|p1a: Zamazenta|atk|1
|
|upkeep
|turn|7
|
|t:|1769318710
|move|p1a: Zamazenta|Crunch|p2a: Tsareena
|-damage|p2a: Tsareena|63/100
|move|p2a: Tsareena|Trop Kick|p1a: Zamazenta
|-damage|p1a: Zamazenta|13/100
|-unboost|p1a: Zamazenta|atk|1
|
|upkeep
|turn|8
|
|t:|1769318718
|move|p1a: Zamazenta|Body Press|p2a: Tsareena
|-damage|p2a: Tsareena|30/100
|move|p2a: Tsareena|Trop Kick|p1a: Zamazenta
|-damage|p1a: Zamazenta|0 fnt
|faint|p1a: Zamazenta
|
|upkeep
|
|t:|1769318731
|switch|p1a: Gholdengo|Gholdengo|100/100
|turn|9
|
|t:|1769318739
|move|p1a: Gholdengo|Make It Rain|p2a: Tsareena
|-damage|p2a: Tsareena|0 fnt
|-unboost|p1a: Gholdengo|spa|1
|faint|p2a: Tsareena
|
|upkeep
|
|t:|1769318751
|switch|p2a: Hydreigon|Hydreigon, M|100/100
|turn|10
|
|t:|1769318773
|switch|p1a: Samurott|Samurott-Hisui, M|100/100
|move|p2a: Hydreigon|Dark Pulse|p1a: Samurott
|-resisted|p1a: Samurott
|-damage|p1a: Samurott|77/100
|
|upkeep
|turn|11
|
|t:|1769318781
|move|p2a: Hydreigon|Dark Pulse|p1a: Samurott
|-resisted|p1a: Samurott
|-damage|p1a: Samurott|55/100
|move|p1a: Samurott|Ceaseless Edge|p2a: Hydreigon
|-resisted|p2a: Hydreigon
|-damage|p2a: Hydreigon|74/100
|-sidestart|p2: Spindamaster95|Spikes
|
|upkeep
|turn|12
|
|t:|1769318789
|move|p2a: Hydreigon|Dark Pulse|p1a: Samurott
|-resisted|p1a: Samurott
|-damage|p1a: Samurott|31/100
|move|p1a: Samurott|Ceaseless Edge|p2a: Hydreigon|[miss]
|-miss|p1a: Samurott|p2a: Hydreigon
|
|upkeep
|turn|13
|
|t:|1769318796
|move|p2a: Hydreigon|Dark Pulse|p1a: Samurott
|-resisted|p1a: Samurott
|-damage|p1a: Samurott|6/100
|move|p1a: Samurott|Ceaseless Edge|p2a: Hydreigon
|-resisted|p2a: Hydreigon
|-damage|p2a: Hydreigon|48/100
|-sidestart|p2: Spindamaster95|Spikes
|
|upkeep
|turn|14
|
|t:|1769318810
|move|p1a: Samurott|Sucker Punch|p2a: Hydreigon
|-resisted|p2a: Hydreigon
|-damage|p2a: Hydreigon|31/100
|move|p2a: Hydreigon|Dark Pulse|p1a: Samurott
|-resisted|p1a: Samurott
|-damage|p1a: Samurott|0 fnt
|faint|p1a: Samurott
|
|upkeep
|
|t:|1769318819
|switch|p1a: Clefable|Clefable, F|100/100
|turn|15
|
|t:|1769318825
|move|p2a: Hydreigon|Dark Pulse|p1a: Clefable
|-resisted|p1a: Clefable
|-damage|p1a: Clefable|72/100
|move|p1a: Clefable|Moonblast|p2a: Hydreigon
|-supereffective|p2a: Hydreigon
|-damage|p2a: Hydreigon|0 fnt
|faint|p2a: Hydreigon
|
|upkeep
|
|t:|1769318834
|switch|p2a: Espeon|Espeon, M|45/100
|-damage|p2a: Espeon|29/100|[from] Spikes
|turn|16
|
|t:|1769318844
|move|p2a: Espeon|Psychic|p1a: Clefable
|-damage|p1a: Clefable|22/100
|move|p1a: Clefable|Moonblast|p2a: Espeon
|-damage|p2a: Espeon|0 fnt
|faint|p2a: Espeon
|
|upkeep
|
|t:|1769318854
|switch|p2a: Ninetales|Ninetales-Alola, M|100/100
|-damage|p2a: Ninetales|84/100|[from] Spikes
|-weather|Snowscape|[from] ability: Snow Warning|[of] p2a: Ninetales
|turn|17
|
|t:|1769318860
|move|p2a: Ninetales|Blizzard|p1a: Clefable
|-damage|p1a: Clefable|0 fnt
|faint|p1a: Clefable
|
|-weather|Snowscape|[upkeep]
|upkeep
|
|t:|1769318864
|switch|p1a: Gholdengo|Gholdengo|100/100
|turn|18
|
|t:|1769318877
|switch|p2a: Conkeldurr|Conkeldurr, F|100/100
|-damage|p2a: Conkeldurr|84/100|[from] Spikes
|move|p1a: Gholdengo|Make It Rain|p2a: Conkeldurr
|-damage|p2a: Conkeldurr|10/100
|-unboost|p1a: Gholdengo|spa|1
|
|-weather|Snowscape|[upkeep]
|-status|p2a: Conkeldurr|brn|[from] item: Flame Orb
|upkeep
|turn|19
|
|t:|1769318889
|move|p1a: Gholdengo|Make It Rain|p2a: Conkeldurr
|-crit|p2a: Conkeldurr
|-damage|p2a: Conkeldurr|0 fnt
|-unboost|p1a: Gholdengo|spa|1
|faint|p2a: Conkeldurr
|
|-weather|Snowscape|[upkeep]
|upkeep
|
|t:|1769318897
|switch|p2a: Mimikyu|Mimikyu, M|100/100
|-damage|p2a: Mimikyu|84/100|[from] Spikes
|turn|20
|
|t:|1769318921
|switch|p1a: Dragonite|Dragonite, F|100/100
|-terastallize|p2a: Mimikyu|Ghost
|move|p2a: Mimikyu|Swords Dance|p2a: Mimikyu
|-boost|p2a: Mimikyu|atk|2
|
|-weather|Snowscape|[upkeep]
|upkeep
|turn|21
|
|t:|1769318938
|move|p2a: Mimikyu|Play Rough|p1a: Dragonite
|-supereffective|p1a: Dragonite
|-damage|p1a: Dragonite|32/100
|move|p1a: Dragonite|Earthquake|p2a: Mimikyu
|-activate|p2a: Mimikyu|ability: Disguise
|-damage|p2a: Mimikyu|84/100
|detailschange|p2a: Mimikyu|Mimikyu-Busted, M, tera:Ghost
|-damage|p2a: Mimikyu|72/100|[from] pokemon: Mimikyu-Busted
|-enditem|p2a: Mimikyu|Red Card|[of] p1a: Dragonite
|drag|p1a: Gholdengo|Gholdengo|100/100
|
|-weather|none
|upkeep
|turn|22
|inactive|Sceptile Waton has 120 seconds left.
|
|t:|1769318967
|move|p2a: Mimikyu|Shadow Sneak|p1a: Gholdengo
|-supereffective|p1a: Gholdengo
|-damage|p1a: Gholdengo|0 fnt
|faint|p1a: Gholdengo
|
|upkeep
|
|t:|1769318989
|switch|p1a: Dragonite|Dragonite, F|32/100
|turn|23
|
|t:|1769319001
|move|p2a: Mimikyu|Play Rough|p1a: Dragonite
|-supereffective|p1a: Dragonite
|-damage|p1a: Dragonite|0 fnt
|faint|p1a: Dragonite
|
|upkeep
|
|t:|1769319004
|switch|p1a: Gliscor|Gliscor, M|100/100
|turn|24
|
|t:|1769319012
|-terastallize|p1a: Gliscor|Normal
|move|p2a: Mimikyu|Play Rough|p1a: Gliscor
|-damage|p1a: Gliscor|46/100
|move|p1a: Gliscor|Knock Off|p2a: Mimikyu
|-supereffective|p2a: Mimikyu
|-damage|p2a: Mimikyu|27/100
|
|-status|p1a: Gliscor|tox|[from] item: Toxic Orb
|upkeep
|turn|25
|
|t:|1769319023
|move|p1a: Gliscor|Protect|p1a: Gliscor
|-singleturn|p1a: Gliscor|Protect
|move|p2a: Mimikyu|Drain Punch|p1a: Gliscor
|-activate|p1a: Gliscor|move: Protect
|
|-heal|p1a: Gliscor|58/100 tox|[from] ability: Poison Heal
|upkeep
|turn|26
|
|t:|1769319034
|move|p2a: Mimikyu|Drain Punch|p1a: Gliscor
|-supereffective|p1a: Gliscor
|-damage|p1a: Gliscor|0 fnt
|-heal|p2a: Mimikyu|68/100|[from] drain|[of] p1a: Gliscor
|faint|p1a: Gliscor
|
|win|Spindamaster95
|raw|Sceptile Waton's rating: 1249 &rarr; <strong>1227</strong><br />(-22 for losing)
|raw|Spindamaster95's rating: 1293 &rarr; <strong>1315</strong><br />(+22 for winning)
|l|☆Sceptile Waton
|player|p1|
|l|☆Spindamaster95
|player|p2|
