|j|☆Natole
|j|☆caelumxz
|t:|1769425693
|gametype|singles
|player|p1|Natole|1|1406
|player|p2|caelumxz|102|1416
|gen|9
|tier|[Gen 9] OU
|rated|
|rule|HP Percentage Mod: HP is shown in percentages
|rule|Endless Battle Clause: Forcing endless battles is banned
|rule|Species Clause: Limit one of each Pokémon
|rule|OHKO Clause: OHKO moves are banned
|rule|Evasion Items Clause: Evasion items are banned
|rule|Evasion Moves Clause: Evasion moves are banned
|rule|Evasion Abilities Clause: Evasion abilities are banned
|rule|Sleep Moves Clause: Sleep-inducing moves are banned
|clearpoke
|poke|p1|Pelipper, F|
|poke|p1|Kingdra, F|
|poke|p1|Barraskewda, F|
|poke|p1|Iron Treads|
|poke|p1|Thundurus-Therian, M|
|poke|p1|Walking Wake|
|poke|p2|Garganacl, M|
|poke|p2|Great Tusk|
|poke|p2|Rillaboom, M|
|poke|p2|Gholdengo|
|poke|p2|Kingambit, F|
|poke|p2|Slowking-Galar, M|
|teampreview
|
|t:|1769425720
|teamsize|p1|6
|teamsize|p2|6
|start
|switch|p1a: Pelipper|Pelipper, F|100/100
|switch|p2a: Garganacl|Garganacl, M|100/100
|-weather|RainDance|[from] ability: Drizzle|[of] p1a: Pelipper
|turn|1
|
|t:|1769425727
|-terastallize|p2a: Garganacl|Ghost
|move|p1a: Pelipper|U-turn|p2a: Garganacl
|-resisted|p2a: Garganacl
|-damage|p2a: Garganacl|98/100
|
|t:|1769425735
|switch|p1a: Thundurus|Thundurus-Therian, M|100/100|[from] U-turn
|move|p2a: Garganacl|Salt Cure|p1a: Thundurus
|-supereffective|p1a: Thundurus
|-damage|p1a: Thundurus|54/100
|-start|p1a: Thundurus|Salt Cure
|
|-weather|RainDance|[upkeep]
|-heal|p2a: Garganacl|100/100|[from] item: Leftovers
|-damage|p1a: Thundurus|42/100|[from] Salt Cure
|upkeep
|turn|2
|
|t:|1769425744
|move|p1a: Thundurus|Volt Switch|p2a: Garganacl
|-damage|p2a: Garganacl|62/100
|
|t:|1769425748
|switch|p1a: Kingdra|Kingdra, F|100/100|[from] Volt Switch
|move|p2a: Garganacl|Salt Cure|p1a: Kingdra
|-damage|p1a: Kingdra|83/100
|-start|p1a: Kingdra|Salt Cure
|
|-weather|RainDance|[upkeep]
|-heal|p2a: Garganacl|68/100|[from] item: Leftovers
|-damage|p1a: Kingdra|58/100|[from] Salt Cure
|upkeep
|turn|3
|
|t:|1769425757
|switch|p2a: Rillaboom|Rillaboom, M|100/100
|-fieldstart|move: Grassy Terrain|[from] ability: Grassy Surge|[of] p2a: Rillaboom
|move|p1a: Kingdra|Weather Ball|p2a: Rillaboom
|-resisted|p2a: Rillaboom
|-damage|p2a: Rillaboom|36/100
|
|-weather|RainDance|[upkeep]
|-heal|p1a: Kingdra|64/100|[from] Grassy Terrain
|-heal|p2a: Rillaboom|42/100|[from] Grassy Terrain
|-damage|p1a: Kingdra|40/100|[from] Salt Cure
|upkeep
|turn|4
|
|t:|1769425764
|switch|p1a: Thundurus|Thundurus-Therian, M|42/100
|move|p2a: Rillaboom|Grassy Glide|p1a: Thundurus
|-resisted|p1a: Thundurus
|-damage|p1a: Thundurus|4/100
|-damage|p2a: Rillaboom|32/100|[from] item: Life Orb
|
|-weather|RainDance|[upkeep]
|-heal|p2a: Rillaboom|39/100|[from] Grassy Terrain
|upkeep
|turn|5
|
|t:|1769425771
|move|p2a: Rillaboom|Grassy Glide|p1a: Thundurus
|-resisted|p1a: Thundurus
|-crit|p1a: Thundurus
|-damage|p1a: Thundurus|0 fnt
|faint|p1a: Thundurus
|-damage|p2a: Rillaboom|29/100|[from] item: Life Orb
|
|-weather|RainDance|[upkeep]
|-heal|p2a: Rillaboom|35/100|[from] Grassy Terrain
|upkeep
|
|t:|1769425779
|switch|p1a: Walking Wake|Walking Wake|100/100
|turn|6
|
|t:|1769425791
|switch|p2a: Slowking|Slowking-Galar, M|100/100
|move|p1a: Walking Wake|Hydro Steam|p2a: Slowking
|-damage|p2a: Slowking|46/100
|
|-weather|RainDance|[upkeep]
|-heal|p2a: Slowking|52/100|[from] Grassy Terrain
|upkeep
|turn|7
|
|t:|1769425809
|move|p1a: Walking Wake|Hydro Steam|p2a: Slowking
|-damage|p2a: Slowking|0 fnt
|faint|p2a: Slowking
|
|-weather|RainDance|[upkeep]
|-fieldend|move: Grassy Terrain
|upkeep
|inactive|Battle timer is ON: inactive players will automatically lose when time's up. (requested by Natole)
|
|t:|1769425818
|switch|p2a: Rillaboom|Rillaboom, M|35/100
|-fieldstart|move: Grassy Terrain|[from] ability: Grassy Surge|[of] p2a: Rillaboom
|turn|8
|
|t:|1769425822
|move|p2a: Rillaboom|Grassy Glide|p1a: Walking Wake
|-damage|p1a: Walking Wake|48/100
|-damage|p2a: Rillaboom|25/100|[from] item: Life Orb
|move|p1a: Walking Wake|Hydro Steam|p2a: Rillaboom
|-resisted|p2a: Rillaboom
|-damage|p2a: Rillaboom|0 fnt
|faint|p2a: Rillaboom
|
|-weather|none
|-heal|p1a: Walking Wake|54/100|[from] Grassy Terrain
|upkeep
|
|t:|1769425836
|switch|p2a: Gholdengo|Gholdengo|100/100
|turn|9
|
|t:|1769425843
|-end|p1a: Walking Wake|Protosynthesis|[silent]
|switch|p1a: Pelipper|Pelipper, F|100/100
|-weather|RainDance|[from] ability: Drizzle|[of] p1a: Pelipper
|move|p2a: Gholdengo|Shadow Ball|p1a: Pelipper
|-damage|p1a: Pelipper|44/100
|
|-weather|RainDance|[upkeep]
|upkeep
|turn|10
|
|t:|1769425854
|switch|p1a: Iron Treads|Iron Treads|100/100
|-enditem|p1a: Iron Treads|Booster Energy
|-activate|p1a: Iron Treads|ability: Quark Drive|[fromitem]
|-start|p1a: Iron Treads|quarkdrivespe
|move|p2a: Gholdengo|Shadow Ball|p1a: Iron Treads
|-damage|p1a: Iron Treads|38/100
|
|-weather|RainDance|[upkeep]
|-heal|p1a: Iron Treads|44/100|[from] Grassy Terrain
|upkeep
|turn|11
|
|t:|1769425868
|switch|p2a: Great Tusk|Great Tusk|100/100
|-enditem|p2a: Great Tusk|Booster Energy
|-activate|p2a: Great Tusk|ability: Protosynthesis|[fromitem]
|-start|p2a: Great Tusk|protosynthesisatk
|move|p1a: Iron Treads|Earth Power|p2a: Great Tusk
|-damage|p2a: Great Tusk|52/100
|
|-weather|RainDance|[upkeep]
|-heal|p1a: Iron Treads|50/100|[from] Grassy Terrain
|-heal|p2a: Great Tusk|58/100|[from] Grassy Terrain
|upkeep
|turn|12
|
|t:|1769425884
|move|p1a: Iron Treads|Steel Beam|p2a: Great Tusk|[miss]
|-miss|p1a: Iron Treads|p2a: Great Tusk
|-damage|p1a: Iron Treads|0 fnt|[from] steelbeam
|faint|p1a: Iron Treads
|-end|p1a: Iron Treads|Quark Drive|[silent]
|move|p2a: Great Tusk|Close Combat|p1: Iron Treads|[notarget]
|-fail|p2a: Great Tusk
|
|-weather|RainDance|[upkeep]
|-heal|p2a: Great Tusk|64/100|[from] Grassy Terrain
|-fieldend|move: Grassy Terrain
|upkeep
|
|t:|1769425892
|switch|p1a: Kingdra|Kingdra, F|40/100
|turn|13
|
|t:|1769425904
|move|p1a: Kingdra|Weather Ball|p2a: Great Tusk
|-supereffective|p2a: Great Tusk
|-crit|p2a: Great Tusk
|-damage|p2a: Great Tusk|0 fnt
|faint|p2a: Great Tusk
|-end|p2a: Great Tusk|Protosynthesis|[silent]
|
|-weather|RainDance|[upkeep]
|upkeep
|
|t:|1769425908
|switch|p2a: Kingambit|Kingambit, F|100/100
|-activate|p2a: Kingambit|ability: Supreme Overlord
|-start|p2a: Kingambit|fallen3|[silent]
|turn|14
|
|t:|1769425913
|switch|p1a: Walking Wake|Walking Wake|54/100
|move|p2a: Kingambit|Swords Dance|p2a: Kingambit
|-boost|p2a: Kingambit|atk|2
|
|-weather|RainDance|[upkeep]
|upkeep
|turn|15
|
|t:|1769425920
|move|p2a: Kingambit|Sucker Punch|p1a: Walking Wake
|-damage|p1a: Walking Wake|0 fnt
|faint|p1a: Walking Wake
|-end|p1a: Walking Wake|Protosynthesis|[silent]
|
|-weather|RainDance|[upkeep]
|upkeep
|
|t:|1769425922
|switch|p1a: Pelipper|Pelipper, F|44/100
|turn|16
|
|t:|1769425926
|move|p2a: Kingambit|Sucker Punch||[still]
|-fail|p2a: Kingambit
|move|p1a: Pelipper|Roost|p1a: Pelipper
|-heal|p1a: Pelipper|94/100
|-singleturn|p1a: Pelipper|move: Roost
|
|-weather|none
|upkeep
|turn|17
|
|t:|1769425938
|switch|p1a: Kingdra|Kingdra, F|40/100
|move|p2a: Kingambit|Kowtow Cleave|p1a: Kingdra
|-damage|p1a: Kingdra|0 fnt
|faint|p1a: Kingdra
|
|upkeep
|
|t:|1769425945
|switch|p1a: Barraskewda|Barraskewda, F|100/100
|turn|18
|
|t:|1769425949
|move|p2a: Kingambit|Sucker Punch|p1a: Barraskewda
|-damage|p1a: Barraskewda|0 fnt
|faint|p1a: Barraskewda
|
|upkeep
|-message|Natole forfeited.
|
|win|caelumxz
|raw|Natole's rating: 1406 &rarr; <strong>1387</strong><br />(-19 for losing)
|raw|caelumxz's rating: 1416 &rarr; <strong>1435</strong><br />(+19 for winning)
|l|☆Natole
|player|p1|
|l|☆caelumxz
|player|p2|
