|j|☆the.ramen.gang
|j|☆rawbraines
|t:|1769378403
|gametype|singles
|player|p1|the.ramen.gang|169|1174
|player|p2|rawbraines|smasher|1191
|gen|9
|tier|[Gen 9] OU
|rated|
|rule|HP Percentage Mod: HP is shown in percentages
|rule|Endless Battle Clause: Forcing endless battles is banned
|rule|Species Clause: Limit one of each Pokémon
|rule|OHKO Clause: OHKO moves are banned
|rule|Evasion Items Clause: Evasion items are banned
|rule|Evasion Moves Clause: Evasion moves are banned
|rule|Evasion Abilities Clause: Evasion abilities are banned
|rule|Sleep Moves Clause: Sleep-inducing moves are banned
|clearpoke
|poke|p1|Bronzong|
|poke|p1|Hydreigon, M|
|poke|p1|Weezing-Galar, F|
|poke|p1|Iron Hands|
|poke|p1|Gastrodon, F|
|poke|p1|Incineroar, F|
|poke|p2|Overqwil, F|
|poke|p2|Articuno|
|poke|p2|Golurk|
|poke|p2|Iron Valiant|
|poke|p2|Dragonite, F|
|poke|p2|Tinkaton, F|
|teampreview
|
|t:|1769378409
|teamsize|p1|6
|teamsize|p2|6
|start
|switch|p1a: Iron Hands|Iron Hands|100/100
|switch|p2a: Overqwil|Overqwil, F|100/100
|-ability|p2a: Overqwil|Intimidate|boost
|-unboost|p1a: Iron Hands|atk|1
|turn|1
|
|t:|1769378417
|-end|p1a: Iron Hands|Quark Drive|[silent]
|switch|p1a: Incineroar|Incineroar, F|100/100
|-ability|p1a: Incineroar|Intimidate|boost
|-unboost|p2a: Overqwil|atk|1
|move|p2a: Overqwil|Spikes|p1a: Incineroar
|-sidestart|p1: the.ramen.gang|Spikes
|
|upkeep
|turn|2
|
|t:|1769378426
|move|p1a: Incineroar|Fake Out|p2a: Overqwil
|-damage|p2a: Overqwil|90/100
|cant|p2a: Overqwil|flinch
|
|-heal|p2a: Overqwil|96/100|[from] item: Black Sludge
|upkeep
|turn|3
|
|t:|1769378430
|move|p2a: Overqwil|Spikes|p1a: Incineroar
|-sidestart|p1: the.ramen.gang|Spikes
|move|p1a: Incineroar|Knock Off|p2a: Overqwil
|-resisted|p2a: Overqwil
|-damage|p2a: Overqwil|79/100
|-enditem|p2a: Overqwil|Black Sludge|[from] move: Knock Off|[of] p1a: Incineroar
|
|upkeep
|turn|4
|
|t:|1769378436
|move|p2a: Overqwil|Spikes|p1a: Incineroar
|-sidestart|p1: the.ramen.gang|Spikes
|move|p1a: Incineroar|Parting Shot|p2a: Overqwil
|-unboost|p2a: Overqwil|atk|1
|-unboost|p2a: Overqwil|spa|1
|
|t:|1769378438
|switch|p1a: Weezing|Weezing-Galar, F|100/100|[from] Parting Shot
|
|upkeep
|turn|5
|
|t:|1769378442
|move|p2a: Overqwil|Taunt|p1a: Weezing
|-start|p1a: Weezing|move: Taunt
|cant|p1a: Weezing|move: Taunt|Will-O-Wisp
|
|upkeep
|turn|6
|inactive|Battle timer is ON: inactive players will automatically lose when time's up. (requested by the.ramen.gang)
|
|t:|1769378464
|switch|p1a: Incineroar|Incineroar, F|100/100
|-ability|p1a: Incineroar|Intimidate|boost
|-unboost|p2a: Overqwil|atk|1
|move|p2a: Overqwil|Crunch|p1a: Incineroar
|-resisted|p1a: Incineroar
|-damage|p1a: Incineroar|95/100
|
|upkeep
|turn|7
|
|t:|1769378471
|move|p1a: Incineroar|Fake Out|p2a: Overqwil
|-damage|p2a: Overqwil|70/100
|cant|p2a: Overqwil|flinch
|
|upkeep
|turn|8
|
|t:|1769378474
|move|p2a: Overqwil|Barb Barrage|p1a: Incineroar
|-damage|p1a: Incineroar|86/100
|move|p1a: Incineroar|Flare Blitz|p2a: Overqwil
|-damage|p2a: Overqwil|28/100
|-damage|p1a: Incineroar|73/100|[from] Recoil
|
|upkeep
|turn|9
|
|t:|1769378479
|move|p2a: Overqwil|Barb Barrage|p1a: Incineroar
|-damage|p1a: Incineroar|63/100
|move|p1a: Incineroar|Flare Blitz|p2a: Overqwil
|-damage|p2a: Overqwil|0 fnt
|faint|p2a: Overqwil
|-damage|p1a: Incineroar|55/100|[from] Recoil
|
|upkeep
|
|t:|1769378505
|switch|p2a: Dragonite|Dragonite, F|100/100
|turn|10
|
|t:|1769378509
|move|p2a: Dragonite|Dragon Dance|p2a: Dragonite
|-boost|p2a: Dragonite|atk|1
|-boost|p2a: Dragonite|spe|1
|move|p1a: Incineroar|Parting Shot|p2a: Dragonite
|-unboost|p2a: Dragonite|atk|1
|-unboost|p2a: Dragonite|spa|1
|
|t:|1769378511
|switch|p1a: Weezing|Weezing-Galar, F|100/100|[from] Parting Shot
|
|upkeep
|turn|11
|
|t:|1769378525
|move|p2a: Dragonite|Dragon Dance|p2a: Dragonite
|-boost|p2a: Dragonite|atk|1
|-boost|p2a: Dragonite|spe|1
|move|p1a: Weezing|Will-O-Wisp|p2a: Dragonite
|-status|p2a: Dragonite|brn
|
|-damage|p2a: Dragonite|94/100 brn|[from] brn
|upkeep
|turn|12
|
|t:|1769378534
|move|p2a: Dragonite|Dragon Dance|p2a: Dragonite
|-boost|p2a: Dragonite|atk|1
|-boost|p2a: Dragonite|spe|1
|move|p1a: Weezing|Defog|p2a: Dragonite
|-unboost|p2a: Dragonite|evasion|1
|-sideend|p1: the.ramen.gang|Spikes|[from] move: Defog|[of] p1a: Weezing
|
|-damage|p2a: Dragonite|88/100 brn|[from] brn
|upkeep
|turn|13
|
|t:|1769378541
|move|p2a: Dragonite|Extreme Speed|p1a: Weezing
|-damage|p1a: Weezing|81/100
|-damage|p2a: Dragonite|72/100 brn|[from] item: Rocky Helmet|[of] p1a: Weezing
|move|p1a: Weezing|Gunk Shot|p2a: Dragonite
|-damage|p2a: Dragonite|30/100 brn
|
|-damage|p2a: Dragonite|24/100 brn|[from] brn
|upkeep
|turn|14
|
|t:|1769378549
|move|p2a: Dragonite|Thunder Punch|p1a: Weezing
|-damage|p1a: Weezing|63/100
|-damage|p2a: Dragonite|7/100 brn|[from] item: Rocky Helmet|[of] p1a: Weezing
|move|p1a: Weezing|Gunk Shot|p2a: Dragonite
|-damage|p2a: Dragonite|0 fnt
|faint|p2a: Dragonite
|
|upkeep
|
|t:|1769378560
|switch|p2a: Golurk|Golurk|100/100
|turn|15
|
|t:|1769378567
|move|p2a: Golurk|Poltergeist|p1a: Weezing
|-activate|p1a: Weezing|move: Poltergeist|Rocky Helmet
|-damage|p1a: Weezing|23/100
|move|p1a: Weezing|Will-O-Wisp|p2a: Golurk
|-status|p2a: Golurk|brn
|
|-damage|p2a: Golurk|95/100 brn|[from] brn
|upkeep
|turn|16
|
|t:|1769378575
|move|p2a: Golurk|Poltergeist|p1a: Weezing
|-activate|p1a: Weezing|move: Poltergeist|Rocky Helmet
|-damage|p1a: Weezing|3/100
|move|p1a: Weezing|Pain Split|p2a: Golurk
|-sethp|p2a: Golurk|49/100 brn|[from] move: Pain Split|[silent]
|-sethp|p1a: Weezing|47/100|[from] move: Pain Split
|
|-damage|p2a: Golurk|43/100 brn|[from] brn
|upkeep
|turn|17
|
|t:|1769378582
|move|p2a: Golurk|Dynamic Punch|p1a: Weezing
|-resisted|p1a: Weezing
|-damage|p1a: Weezing|44/100
|-start|p1a: Weezing|confusion
|-damage|p2a: Golurk|26/100 brn|[from] item: Rocky Helmet|[of] p1a: Weezing
|-activate|p1a: Weezing|confusion
|-damage|p1a: Weezing|38/100|[from] confusion
|
|-damage|p2a: Golurk|20/100 brn|[from] brn
|upkeep
|turn|18
|
|t:|1769378601
|move|p2a: Golurk|Poltergeist|p1a: Weezing
|-activate|p1a: Weezing|move: Poltergeist|Rocky Helmet
|-damage|p1a: Weezing|18/100
|-activate|p1a: Weezing|confusion
|move|p1a: Weezing|Gunk Shot|p2a: Golurk
|-resisted|p2a: Golurk
|-damage|p2a: Golurk|9/100 brn
|
|-damage|p2a: Golurk|3/100 brn|[from] brn
|upkeep
|turn|19
|
|t:|1769378607
|move|p2a: Golurk|Poltergeist|p1a: Weezing
|-activate|p1a: Weezing|move: Poltergeist|Rocky Helmet
|-damage|p1a: Weezing|0 fnt
|faint|p1a: Weezing
|
|-damage|p2a: Golurk|0 fnt|[from] brn
|faint|p2a: Golurk
|upkeep
|
|t:|1769378616
|switch|p2a: Articuno|Articuno|100/100
|switch|p1a: Incineroar|Incineroar, F|55/100
|-ability|p2a: Articuno|Pressure
|-ability|p1a: Incineroar|Intimidate|boost
|-unboost|p2a: Articuno|atk|1
|turn|20
|
|t:|1769378621
|-terastallize|p2a: Articuno|Ground
|move|p2a: Articuno|Agility|p2a: Articuno
|-boost|p2a: Articuno|spe|2
|move|p1a: Incineroar|Flare Blitz|p2a: Articuno
|-damage|p2a: Articuno|37/100
|-damage|p1a: Incineroar|38/100|[from] Recoil
|
|upkeep
|turn|21
|
|t:|1769378629
|move|p2a: Articuno|Tera Blast|p1a: Incineroar|[anim] Tera Blast Ground
|-supereffective|p1a: Incineroar
|-damage|p1a: Incineroar|0 fnt
|faint|p1a: Incineroar
|
|upkeep
|
|t:|1769378634
|switch|p1a: Iron Hands|Iron Hands|100/100
|turn|22
|
|t:|1769378638
|-terastallize|p1a: Iron Hands|Flying
|move|p2a: Articuno|Tera Blast|p1a: Iron Hands|[anim] Tera Blast Ground
|-immune|p1a: Iron Hands
|move|p1a: Iron Hands|Ice Punch|p2a: Articuno
|-supereffective|p2a: Articuno
|-damage|p2a: Articuno|0 fnt
|faint|p2a: Articuno
|
|upkeep
|
|t:|1769378646
|switch|p2a: Tinkaton|Tinkaton, F|100/100
|-item|p2a: Tinkaton|Air Balloon
|turn|23
|
|t:|1769378649
|move|p2a: Tinkaton|Thunder Wave|p1a: Iron Hands
|-status|p1a: Iron Hands|par
|move|p1a: Iron Hands|Earthquake|p2a: Tinkaton
|-immune|p2a: Tinkaton
|
|upkeep
|turn|24
|
|t:|1769378653
|move|p2a: Tinkaton|Gigaton Hammer|p1a: Iron Hands
|-damage|p1a: Iron Hands|76/100 par
|move|p1a: Iron Hands|Wild Charge|p2a: Tinkaton
|-damage|p2a: Tinkaton|71/100
|-enditem|p2a: Tinkaton|Air Balloon
|-damage|p1a: Iron Hands|70/100 par|[from] Recoil
|-enditem|p1a: Iron Hands|Assault Vest|[silent]|[from] ability: Pickpocket|[of] p1a: Iron Hands
|-item|p2a: Tinkaton|Assault Vest|[from] ability: Pickpocket|[of] p1a: Iron Hands
|
|upkeep
|turn|25
|
|t:|1769378663
|move|p2a: Tinkaton|Play Rough|p1a: Iron Hands|[miss]
|-miss|p2a: Tinkaton|p1a: Iron Hands
|cant|p1a: Iron Hands|par
|
|upkeep
|turn|26
|
|t:|1769378668
|move|p2a: Tinkaton|Gigaton Hammer|p1a: Iron Hands
|-damage|p1a: Iron Hands|47/100 par
|move|p1a: Iron Hands|Earthquake|p2a: Tinkaton
|-supereffective|p2a: Tinkaton
|-damage|p2a: Tinkaton|19/100
|
|upkeep
|turn|27
|
|t:|1769378674
|move|p2a: Tinkaton|Play Rough|p1a: Iron Hands
|-crit|p1a: Iron Hands
|-damage|p1a: Iron Hands|25/100 par
|move|p1a: Iron Hands|Earthquake|p2a: Tinkaton
|-supereffective|p2a: Tinkaton
|-damage|p2a: Tinkaton|0 fnt
|faint|p2a: Tinkaton
|
|upkeep
|
|t:|1769378679
|switch|p2a: Iron Valiant|Iron Valiant|100/100
|-enditem|p2a: Iron Valiant|Booster Energy
|-activate|p2a: Iron Valiant|ability: Quark Drive|[fromitem]
|-start|p2a: Iron Valiant|quarkdrivespe
|turn|28
|
|t:|1769378682
|move|p2a: Iron Valiant|Swords Dance|p2a: Iron Valiant
|-boost|p2a: Iron Valiant|atk|2
|move|p1a: Iron Hands|Wild Charge|p2a: Iron Valiant
|-damage|p2a: Iron Valiant|42/100
|-damage|p1a: Iron Hands|15/100 par|[from] Recoil
|
|upkeep
|turn|29
|
|t:|1769378690
|move|p2a: Iron Valiant|Knock Off|p1a: Iron Hands
|-damage|p1a: Iron Hands|0 fnt
|faint|p1a: Iron Hands
|-end|p1a: Iron Hands|Quark Drive|[silent]
|
|upkeep
|
|t:|1769378693
|switch|p1a: Hydreigon|Hydreigon, M|100/100
|turn|30
|
|t:|1769378697
|move|p2a: Iron Valiant|Ice Punch|p1a: Hydreigon
|-supereffective|p1a: Hydreigon
|-enditem|p1a: Hydreigon|Focus Sash
|-damage|p1a: Hydreigon|1/100
|move|p1a: Hydreigon|Flash Cannon|p2a: Iron Valiant
|-supereffective|p2a: Iron Valiant
|-damage|p2a: Iron Valiant|0 fnt
|faint|p2a: Iron Valiant
|-end|p2a: Iron Valiant|Quark Drive|[silent]
|
|win|the.ramen.gang
|raw|the.ramen.gang's rating: 1174 &rarr; <strong>1200</strong><br />(+26 for winning)
|raw|rawbraines's rating: 1191 &rarr; <strong>1165</strong><br />(-26 for losing)
|l|☆rawbraines
|player|p2|
