|j|☆adorozatorumary
|j|☆esta man oe
|t:|1769298541
|gametype|singles
|player|p1|adorozatorumary|burglar|1107
|player|p2|esta man oe|preschooler|1079
|gen|9
|tier|[Gen 9] OU
|rated|
|rule|HP Percentage Mod: HP is shown in percentages
|rule|Endless Battle Clause: Forcing endless battles is banned
|rule|Species Clause: Limit one of each Pokémon
|rule|OHKO Clause: OHKO moves are banned
|rule|Evasion Items Clause: Evasion items are banned
|rule|Evasion Moves Clause: Evasion moves are banned
|rule|Evasion Abilities Clause: Evasion abilities are banned
|rule|Sleep Moves Clause: Sleep-inducing moves are banned
|clearpoke
|poke|p1|Toxtricity-Low-Key, F|
|poke|p1|Excadrill, F|
|poke|p1|Brambleghast, F|
|poke|p1|Cinccino, F|
|poke|p1|Basculin, F|
|poke|p1|Armarouge, M|
|poke|p2|Hatterene, F|
|poke|p2|Slowking-Galar, M|
|poke|p2|Araquanid, M|
|poke|p2|Kingambit, M|
|poke|p2|Deoxys-Defense|
|poke|p2|Hoopa-Unbound|
|teampreview
|inactive|Battle timer is ON: inactive players will automatically lose when time's up. (requested by esta man oe)
|
|t:|1769298547
|teamsize|p1|6
|teamsize|p2|6
|start
|switch|p1a: Punk Rocker|Toxtricity-Low-Key, F|100/100
|switch|p2a: Hatterene|Hatterene, F, shiny|100/100
|turn|1
|
|t:|1769298560
|switch|p1a: MegaMan|Armarouge, M|100/100
|move|p2a: Hatterene|Trick Room|p2a: Hatterene
|-fieldstart|move: Trick Room|[of] p2a: Hatterene
|
|upkeep
|turn|2
|
|t:|1769298565
|move|p2a: Hatterene|Draining Kiss|p1a: MegaMan
|-resisted|p1a: MegaMan
|-damage|p1a: MegaMan|81/100
|move|p1a: MegaMan|Flash Cannon|p2a: Hatterene
|-supereffective|p2a: Hatterene
|-damage|p2a: Hatterene|45/100
|
|upkeep
|turn|3
|
|t:|1769298567
|move|p2a: Hatterene|Healing Wish|p2a: Hatterene
|faint|p2a: Hatterene
|move|p1a: MegaMan|Flash Cannon|p2: Hatterene|[notarget]
|-fail|p1a: MegaMan
|
|upkeep
|
|t:|1769298570
|switch|p2a: Araquanid|Araquanid, M|100/100
|turn|4
|
|t:|1769298578
|switch|p1a: Shootout|Brambleghast, F|100/100
|move|p2a: Araquanid|Liquidation|p1a: Shootout
|-resisted|p1a: Shootout
|-damage|p1a: Shootout|14/100
|-unboost|p1a: Shootout|def|1
|
|upkeep
|turn|5
|
|t:|1769298594
|switch|p1a: ZU demon|Basculin, F|100/100
|move|p2a: Araquanid|Liquidation|p1a: ZU demon
|-resisted|p1a: ZU demon
|-damage|p1a: ZU demon|11/100
|
|-fieldend|move: Trick Room
|upkeep
|turn|6
|
|t:|1769298599
|move|p1a: ZU demon|Head Smash|p2a: Araquanid
|-supereffective|p2a: Araquanid
|-crit|p2a: Araquanid
|-damage|p2a: Araquanid|0 fnt
|faint|p2a: Araquanid
|-damage|p1a: ZU demon|0 fnt|[from] Recoil
|faint|p1a: ZU demon
|
|upkeep
|
|t:|1769298605
|switch|p1a: MegaMan|Armarouge, M|81/100
|switch|p2a: Deoxys|Deoxys-Defense|100/100
|-ability|p2a: Deoxys|Pressure
|turn|7
|
|t:|1769298608
|move|p1a: MegaMan|Armor Cannon|p2a: Deoxys
|-damage|p2a: Deoxys|54/100
|-unboost|p1a: MegaMan|def|1
|-unboost|p1a: MegaMan|spd|1
|move|p2a: Deoxys|Trick Room|p2a: Deoxys
|-fieldstart|move: Trick Room|[of] p2a: Deoxys
|
|upkeep
|turn|8
|
|t:|1769298612
|switch|p1a: Shootout|Brambleghast, F|14/100
|move|p2a: Deoxys|Teleport|p2a: Deoxys
|
|t:|1769298614
|switch|p2a: Hoopa|Hoopa-Unbound|100/100|[from] Teleport
|
|upkeep
|turn|9
|
|t:|1769298616
|move|p2a: Hoopa|Zen Headbutt|p1a: Shootout
|-damage|p1a: Shootout|0 fnt
|faint|p1a: Shootout
|-damage|p2a: Hoopa|91/100|[from] item: Life Orb
|
|upkeep
|
|t:|1769298623
|switch|p1a: Punk Rocker|Toxtricity-Low-Key, F|100/100
|turn|10
|
|t:|1769298628
|-terastallize|p1a: Punk Rocker|Normal
|move|p2a: Hoopa|Zen Headbutt|p1a: Punk Rocker
|-damage|p1a: Punk Rocker|8/100
|-damage|p2a: Hoopa|81/100|[from] item: Life Orb
|move|p1a: Punk Rocker|Boomburst|p2a: Hoopa
|-damage|p2a: Hoopa|8/100
|-enditem|p1a: Punk Rocker|Throat Spray
|-boost|p1a: Punk Rocker|spa|1|[from] item: Throat Spray
|
|upkeep
|turn|11
|
|t:|1769298633
|move|p2a: Hoopa|Drain Punch|p1a: Punk Rocker
|-supereffective|p1a: Punk Rocker
|-damage|p1a: Punk Rocker|0 fnt
|-heal|p2a: Hoopa|11/100|[from] drain|[of] p1a: Punk Rocker
|faint|p1a: Punk Rocker
|-damage|p2a: Hoopa|2/100|[from] item: Life Orb
|
|-fieldend|move: Trick Room
|upkeep
|
|t:|1769298642
|switch|p1a: Blue Collar|Excadrill, F|100/100
|-ability|p1a: Blue Collar|Mold Breaker
|turn|12
|
|t:|1769298650
|switch|p2a: Deoxys|Deoxys-Defense|54/100
|-heal|p2a: Deoxys|100/100|[from] move: Healing Wish
|-ability|p2a: Deoxys|Pressure
|move|p1a: Blue Collar|Iron Head|p2a: Deoxys
|-damage|p2a: Deoxys|75/100
|
|upkeep
|turn|13
|
|t:|1769298655
|move|p1a: Blue Collar|Iron Head|p2a: Deoxys
|-damage|p2a: Deoxys|49/100
|-enditem|p2a: Deoxys|Sitrus Berry|[eat]
|-heal|p2a: Deoxys|74/100|[from] item: Sitrus Berry
|move|p2a: Deoxys|Trick Room|p2a: Deoxys
|-fieldstart|move: Trick Room|[of] p2a: Deoxys
|
|upkeep
|turn|14
|
|t:|1769298662
|switch|p1a: MegaMan|Armarouge, M|81/100
|move|p2a: Deoxys|Teleport|p2a: Deoxys
|
|t:|1769298664
|switch|p2a: Kingambit|Kingambit, M|100/100|[from] Teleport
|-activate|p2a: Kingambit|ability: Supreme Overlord
|-start|p2a: Kingambit|fallen2|[silent]
|
|upkeep
|turn|15
|
|t:|1769298667
|move|p2a: Kingambit|Kowtow Cleave|p1a: MegaMan
|-supereffective|p1a: MegaMan
|-damage|p1a: MegaMan|0 fnt
|faint|p1a: MegaMan
|
|upkeep
|
|t:|1769298672
|switch|p1a: Apple Pie|Cinccino, F|100/100
|turn|16
|
|t:|1769298679
|move|p2a: Kingambit|Kowtow Cleave|p1a: Apple Pie
|-damage|p1a: Apple Pie|0 fnt
|faint|p1a: Apple Pie
|
|upkeep
|
|t:|1769298681
|switch|p1a: Blue Collar|Excadrill, F|100/100
|-ability|p1a: Blue Collar|Mold Breaker
|turn|17
|
|t:|1769298690
|move|p2a: Kingambit|Kowtow Cleave|p1a: Blue Collar
|-damage|p1a: Blue Collar|0 fnt
|faint|p1a: Blue Collar
|
|win|esta man oe
|raw|adorozatorumary's rating: 1107 &rarr; <strong>1080</strong><br />(-27 for losing)
|raw|esta man oe's rating: 1079 &rarr; <strong>1109</strong><br />(+30 for winning)
