|j|☆Breezy55
|j|☆Ultra756
|t:|1769425451
|gametype|singles
|player|p1|Breezy55|265|1210
|player|p2|Ultra756|101|1187
|gen|9
|tier|[Gen 9] OU
|rated|
|rule|HP Percentage Mod: HP is shown in percentages
|rule|Endless Battle Clause: Forcing endless battles is banned
|rule|Species Clause: Limit one of each Pokémon
|rule|OHKO Clause: OHKO moves are banned
|rule|Evasion Items Clause: Evasion items are banned
|rule|Evasion Moves Clause: Evasion moves are banned
|rule|Evasion Abilities Clause: Evasion abilities are banned
|rule|Sleep Moves Clause: Sleep-inducing moves are banned
|clearpoke
|poke|p1|Landorus-Therian, M|
|poke|p1|Hitmonchan, M|
|poke|p1|Grimmsnarl, M|
|poke|p1|Gholdengo|
|poke|p1|Dragapult, F|
|poke|p1|Kingambit, F|
|poke|p2|Tyranitar, M|
|poke|p2|Excadrill, M|
|poke|p2|Iron Valiant|
|poke|p2|Toxapex, M|
|poke|p2|Tornadus-Therian, M|
|poke|p2|Ogerpon-Cornerstone, F|
|teampreview
|
|t:|1769425459
|teamsize|p1|6
|teamsize|p2|6
|start
|switch|p1a: Grimmsnarl|Grimmsnarl, M|100/100
|switch|p2a: Iron Valiant|Iron Valiant, shiny|100/100
|turn|1
|inactive|Battle timer is ON: inactive players will automatically lose when time's up. (requested by Ultra756)
|
|t:|1769425465
|move|p1a: Grimmsnarl|Light Screen|p1a: Grimmsnarl
|-sidestart|p1: Breezy55|move: Light Screen
|move|p2a: Iron Valiant|Moonblast|p1a: Grimmsnarl
|-supereffective|p1a: Grimmsnarl
|-damage|p1a: Grimmsnarl|51/100
|
|upkeep
|turn|2
|
|t:|1769425474
|move|p1a: Grimmsnarl|Parting Shot|p2a: Iron Valiant
|-unboost|p2a: Iron Valiant|atk|1
|-unboost|p2a: Iron Valiant|spa|1
|
|t:|1769425484
|switch|p1a: Landorus|Landorus-Therian, M|100/100|[from] Parting Shot
|-ability|p1a: Landorus|Intimidate|boost
|-unboost|p2a: Iron Valiant|atk|1
|move|p2a: Iron Valiant|Moonblast|p1a: Landorus
|-damage|p1a: Landorus|69/100
|
|upkeep
|turn|3
|
|t:|1769425510
|-end|p2a: Iron Valiant|Quark Drive|[silent]
|switch|p2a: Ogerpon|Ogerpon-Cornerstone, F|100/100
|move|p1a: Landorus|U-turn|p2a: Ogerpon
|-supereffective|p2a: Ogerpon
|-damage|p2a: Ogerpon|37/100
|
|t:|1769425515
|switch|p1a: Dragapult|Dragapult, F|100/100|[from] U-turn
|
|upkeep
|turn|4
|
|t:|1769425525
|move|p1a: Dragapult|U-turn|p2a: Ogerpon
|-supereffective|p2a: Ogerpon
|-damage|p2a: Ogerpon|0 fnt
|faint|p2a: Ogerpon
|
|t:|1769425529
|switch|p1a: Landorus|Landorus-Therian, M|69/100|[from] U-turn
|
|upkeep
|
|t:|1769425534
|switch|p2a: Tyranitar|Tyranitar, M, shiny|100/100
|-weather|Sandstorm|[from] ability: Sand Stream|[of] p2a: Tyranitar
|turn|5
|
|t:|1769425540
|move|p1a: Landorus|U-turn|p2a: Tyranitar
|-supereffective|p2a: Tyranitar
|-damage|p2a: Tyranitar|48/100
|
|t:|1769425542
|switch|p1a: Hitmonchan|Hitmonchan, M|100/100|[from] U-turn
|move|p2a: Tyranitar|Ice Punch|p1a: Hitmonchan
|-damage|p1a: Hitmonchan|70/100
|-damage|p2a: Tyranitar|31/100|[from] item: Rocky Helmet|[of] p1a: Hitmonchan
|
|-weather|Sandstorm|[upkeep]
|-damage|p1a: Hitmonchan|64/100|[from] Sandstorm
|upkeep
|turn|6
|
|t:|1769425550
|switch|p2a: Toxapex|Toxapex, M, shiny|100/100
|move|p1a: Hitmonchan|Drain Punch|p2a: Toxapex
|-resisted|p2a: Toxapex
|-damage|p2a: Toxapex|88/100
|-heal|p1a: Hitmonchan|70/100|[from] drain|[of] p2a: Toxapex
|-enditem|p2a: Toxapex|Eject Button
|
|t:|1769425557
|switch|p2a: Excadrill|Excadrill, M, shiny|100/100
|
|-weather|Sandstorm|[upkeep]
|-damage|p1a: Hitmonchan|64/100|[from] Sandstorm
|upkeep
|turn|7
|
|t:|1769425562
|move|p2a: Excadrill|Substitute|p2a: Excadrill
|-start|p2a: Excadrill|Substitute
|-damage|p2a: Excadrill|76/100
|move|p1a: Hitmonchan|Drain Punch|p2a: Excadrill
|-supereffective|p2a: Excadrill
|-end|p2a: Excadrill|Substitute
|-heal|p1a: Hitmonchan|79/100|[from] drain|[of] p2a: Excadrill
|
|-weather|Sandstorm|[upkeep]
|-damage|p1a: Hitmonchan|73/100|[from] Sandstorm
|-heal|p2a: Excadrill|82/100|[from] item: Leftovers
|upkeep
|turn|8
|
|t:|1769425572
|move|p2a: Excadrill|Earthquake|p1a: Hitmonchan
|-damage|p1a: Hitmonchan|4/100
|move|p1a: Hitmonchan|Drain Punch|p2a: Excadrill
|-supereffective|p2a: Excadrill
|-damage|p2a: Excadrill|0 fnt
|-heal|p1a: Hitmonchan|53/100|[from] drain|[of] p2a: Excadrill
|faint|p2a: Excadrill
|
|-weather|Sandstorm|[upkeep]
|-damage|p1a: Hitmonchan|47/100|[from] Sandstorm
|-sideend|p1: Breezy55|move: Light Screen
|upkeep
|
|t:|1769425584
|switch|p2a: Tornadus|Tornadus-Therian, M, shiny|100/100
|turn|9
|
|t:|1769425600
|switch|p1a: Grimmsnarl|Grimmsnarl, M|51/100
|move|p2a: Tornadus|Heat Wave|p1a: Grimmsnarl
|-damage|p1a: Grimmsnarl|18/100
|
|-weather|Sandstorm|[upkeep]
|-damage|p2a: Tornadus|94/100|[from] Sandstorm
|-damage|p1a: Grimmsnarl|12/100|[from] Sandstorm
|upkeep
|turn|10
|
|t:|1769425607
|move|p1a: Grimmsnarl|Light Screen|p1a: Grimmsnarl
|-sidestart|p1: Breezy55|move: Light Screen
|move|p2a: Tornadus|Heat Wave|p1a: Grimmsnarl
|-damage|p1a: Grimmsnarl|0 fnt
|faint|p1a: Grimmsnarl
|
|-weather|Sandstorm|[upkeep]
|-damage|p2a: Tornadus|88/100|[from] Sandstorm
|upkeep
|
|t:|1769425620
|switch|p1a: Gholdengo|Gholdengo|100/100
|-item|p1a: Gholdengo|Air Balloon
|turn|11
|
|t:|1769425627
|-terastallize|p1a: Gholdengo|Fairy
|move|p2a: Tornadus|Heat Wave|p1a: Gholdengo
|-damage|p1a: Gholdengo|75/100
|-enditem|p1a: Gholdengo|Air Balloon
|move|p1a: Gholdengo|Nasty Plot|p1a: Gholdengo
|-boost|p1a: Gholdengo|spa|2
|
|-weather|Sandstorm|[upkeep]
|-damage|p2a: Tornadus|82/100|[from] Sandstorm
|-damage|p1a: Gholdengo|69/100|[from] Sandstorm
|upkeep
|turn|12
|
|t:|1769425637
|move|p2a: Tornadus|Heat Wave|p1a: Gholdengo
|-damage|p1a: Gholdengo|44/100
|move|p1a: Gholdengo|Shadow Ball|p2a: Tornadus
|-damage|p2a: Tornadus|0 fnt
|faint|p2a: Tornadus
|
|-weather|none
|upkeep
|
|t:|1769425640
|switch|p2a: Toxapex|Toxapex, M, shiny|100/100
|turn|13
|
|t:|1769425646
|move|p1a: Gholdengo|Shadow Ball|p2a: Toxapex
|-crit|p2a: Toxapex
|-damage|p2a: Toxapex|18/100
|-unboost|p2a: Toxapex|spd|1
|move|p2a: Toxapex|Toxic|p1a: Gholdengo
|-immune|p1a: Gholdengo|[from] ability: Good as Gold
|
|upkeep
|turn|14
|
|t:|1769425656
|switch|p2a: Tyranitar|Tyranitar, M, shiny|31/100
|-weather|Sandstorm|[from] ability: Sand Stream|[of] p2a: Tyranitar
|move|p1a: Gholdengo|Shadow Ball|p2a: Tyranitar
|-resisted|p2a: Tyranitar
|-damage|p2a: Tyranitar|1/100
|
|-weather|Sandstorm|[upkeep]
|-damage|p1a: Gholdengo|38/100|[from] Sandstorm
|upkeep
|turn|15
|
|t:|1769425665
|move|p1a: Gholdengo|Shadow Ball|p2a: Tyranitar
|-resisted|p2a: Tyranitar
|-damage|p2a: Tyranitar|0 fnt
|faint|p2a: Tyranitar
|
|-weather|Sandstorm|[upkeep]
|-damage|p1a: Gholdengo|32/100|[from] Sandstorm
|upkeep
|
|t:|1769425668
|switch|p2a: Iron Valiant|Iron Valiant, shiny|100/100
|turn|16
|
|t:|1769425677
|move|p2a: Iron Valiant|Moonblast|p1a: Gholdengo
|-damage|p1a: Gholdengo|0 fnt
|faint|p1a: Gholdengo
|
|-weather|Sandstorm|[upkeep]
|-damage|p2a: Iron Valiant|94/100|[from] Sandstorm
|upkeep
|
|t:|1769425686
|switch|p1a: Landorus|Landorus-Therian, M|69/100
|-ability|p1a: Landorus|Intimidate|boost
|-unboost|p2a: Iron Valiant|atk|1
|turn|17
|
|t:|1769425691
|move|p2a: Iron Valiant|Moonblast|p1a: Landorus
|-damage|p1a: Landorus|24/100
|-unboost|p1a: Landorus|spa|1
|move|p1a: Landorus|Earthquake|p2a: Iron Valiant
|-damage|p2a: Iron Valiant|20/100
|
|-weather|Sandstorm|[upkeep]
|-damage|p2a: Iron Valiant|14/100|[from] Sandstorm
|-sideend|p1: Breezy55|move: Light Screen
|upkeep
|turn|18
|
|t:|1769425700
|move|p2a: Iron Valiant|Moonblast|p1a: Landorus
|-damage|p1a: Landorus|0 fnt
|faint|p1a: Landorus
|
|-weather|Sandstorm|[upkeep]
|-damage|p2a: Iron Valiant|8/100|[from] Sandstorm
|upkeep
|
|t:|1769425706
|switch|p1a: Dragapult|Dragapult, F|100/100
|turn|19
|
|t:|1769425710
|move|p1a: Dragapult|Shadow Ball|p2a: Iron Valiant
|-damage|p2a: Iron Valiant|0 fnt
|faint|p2a: Iron Valiant
|-end|p2a: Iron Valiant|Quark Drive|[silent]
|
|-weather|Sandstorm|[upkeep]
|-damage|p1a: Dragapult|95/100|[from] Sandstorm
|upkeep
|
|t:|1769425712
|switch|p2a: Toxapex|Toxapex, M, shiny|51/100
|turn|20
|-message|Ultra756 forfeited.
|
|win|Breezy55
|raw|Breezy55's rating: 1210 &rarr; <strong>1233</strong><br />(+23 for winning)
|raw|Ultra756's rating: 1187 &rarr; <strong>1164</strong><br />(-23 for losing)
|l|☆Ultra756
|player|p2|
|l|☆Breezy55
|player|p1|
