|inactive|Battle timer is ON: inactive players will automatically lose when time's up.
|t:|1769364294
|gametype|singles
|player|p1|storm zone|#wcop2021latinamerica|
|player|p2|Patatex|#splxviitigers2|
|gen|9
|tier|[Gen 9] OU
|rule|HP Percentage Mod: HP is shown in percentages
|rule|Endless Battle Clause: Forcing endless battles is banned
|rule|Species Clause: Limit one of each Pokémon
|rule|OHKO Clause: OHKO moves are banned
|rule|Evasion Items Clause: Evasion items are banned
|rule|Evasion Moves Clause: Evasion moves are banned
|rule|Evasion Abilities Clause: Evasion abilities are banned
|rule|Sleep Moves Clause: Sleep-inducing moves are banned
|clearpoke
|poke|p1|Tyranitar, M|
|poke|p1|Excadrill, M|
|poke|p1|Iron Valiant|
|poke|p1|Zapdos|
|poke|p1|Ogerpon, F|
|poke|p1|Toxapex, M|
|poke|p2|Dragonite, F|
|poke|p2|Kingambit, F|
|poke|p2|Great Tusk|
|poke|p2|Hatterene, F|
|poke|p2|Iron Crown|
|poke|p2|Landorus-Therian, M|
|teampreview
|c|☆Patatex|hf
|c|☆storm zone|u too
|rated|Smogon Premier League
|inactive|storm zone has 270 seconds left.
|inactive|Patatex has 270 seconds left.
|inactive|storm zone has 240 seconds left.
|inactive|Patatex has 240 seconds left.
|inactive|storm zone has 210 seconds left.
|inactive|Patatex has 210 seconds left.
|inactive|Patatex has 180 seconds left.
|inactive|storm zone has 180 seconds left.
|
|t:|1769364437
|teamsize|p1|6
|teamsize|p2|6
|start
|switch|p1a: Anonymous|Ogerpon, F|100/100
|switch|p2a: Remembrance|Hatterene, F|100/100
|turn|1
|inactive|Patatex has 210 seconds left.
|
|t:|1769364465
|move|p1a: Anonymous|U-turn|p2a: Remembrance
|-damage|p2a: Remembrance|68/100
|-damage|p1a: Anonymous|84/100|[from] item: Rocky Helmet|[of] p2a: Remembrance
|
|t:|1769364478
|switch|p1a: Impaler|Excadrill, M, shiny|100/100|[from] U-turn
|move|p2a: Remembrance|Nuzzle|p1a: Impaler
|-immune|p1a: Impaler
|
|upkeep
|turn|2
|inactive|Patatex has 210 seconds left.
|
|t:|1769364509
|switch|p2a: Low Lands|Landorus-Therian, M|100/100
|-ability|p2a: Low Lands|Intimidate|boost
|-unboost|p1a: Impaler|atk|1
|move|p1a: Impaler|Substitute|p1a: Impaler
|-start|p1a: Impaler|Substitute
|-damage|p1a: Impaler|76/100
|
|-heal|p1a: Impaler|82/100|[from] item: Leftovers
|upkeep
|turn|3
|
|t:|1769364518
|move|p2a: Low Lands|Earthquake|p1a: Impaler
|-supereffective|p1a: Impaler
|-end|p1a: Impaler|Substitute
|move|p1a: Impaler|Rock Slide|p2a: Low Lands
|-crit|p2a: Low Lands
|-damage|p2a: Low Lands|48/100
|
|-heal|p1a: Impaler|88/100|[from] item: Leftovers
|upkeep
|turn|4
|inactive|Patatex has 210 seconds left.
|inactive|storm zone has 240 seconds left.
|inactive|Patatex has 180 seconds left.
|
|t:|1769364558
|switch|p2a: L'enfant sauvage|Great Tusk|100/100
|switch|p1a: Byakko|Zapdos, shiny|100/100
|
|upkeep
|turn|5
|inactive|Patatex has 180 seconds left.
|
|t:|1769364577
|move|p1a: Byakko|Hurricane|p2a: L'enfant sauvage
|-supereffective|p2a: L'enfant sauvage
|-damage|p2a: L'enfant sauvage|10/100
|move|p2a: L'enfant sauvage|Ice Spinner|p1a: Byakko
|-supereffective|p1a: Byakko
|-damage|p1a: Byakko|29/100
|
|upkeep
|turn|6
|inactive|Patatex has 150 seconds left.
|
|t:|1769364610
|move|p1a: Byakko|Heat Wave|p2a: L'enfant sauvage
|-damage|p2a: L'enfant sauvage|0 fnt
|faint|p2a: L'enfant sauvage
|-end|p2a: L'enfant sauvage|Protosynthesis|[silent]
|
|upkeep
|inactive|Patatex has 150 seconds left.
|
|t:|1769364639
|switch|p2a: Fortitude|Iron Crown|100/100
|-enditem|p2a: Fortitude|Booster Energy
|-activate|p2a: Fortitude|ability: Quark Drive|[fromitem]
|-start|p2a: Fortitude|quarkdrivespe
|turn|7
|inactive|Patatex has 120 seconds left.
|inactive|storm zone has 240 seconds left.
|
|t:|1769364686
|switch|p1a: Rex|Tyranitar, M, shiny|100/100
|-weather|Sandstorm|[from] ability: Sand Stream|[of] p1a: Rex
|move|p2a: Fortitude|Psyshock|p1a: Rex
|-immune|p1a: Rex
|
|-weather|Sandstorm|[upkeep]
|upkeep
|turn|8
|inactive|Patatex has 90 seconds left.
|
|t:|1769364731
|-end|p2a: Fortitude|Quark Drive|[silent]
|switch|p2a: Remembrance|Hatterene, F|68/100
|switch|p1a: Serpentine|Toxapex, M, shiny|100/100
|
|-weather|Sandstorm|[upkeep]
|-damage|p2a: Remembrance|62/100|[from] Sandstorm
|-damage|p1a: Serpentine|95/100|[from] Sandstorm
|upkeep
|turn|9
|inactive|Patatex has 60 seconds left.
|inactive|storm zone has 210 seconds left.
|
|t:|1769364772
|switch|p2a: Low Lands|Landorus-Therian, M|48/100
|-ability|p2a: Low Lands|Intimidate|boost
|-unboost|p1a: Serpentine|atk|1
|switch|p1a: Byakko|Zapdos, shiny|29/100
|
|-weather|Sandstorm|[upkeep]
|-damage|p1a: Byakko|23/100|[from] Sandstorm
|upkeep
|turn|10
|inactive|storm zone has 210 seconds left.
|inactive|Patatex has 30 seconds left.
|
|t:|1769364796
|switch|p2a: Flying Whales|Dragonite, F|100/100
|move|p1a: Byakko|Hurricane|p2a: Flying Whales
|-damage|p2a: Flying Whales|72/100
|
|-weather|Sandstorm|[upkeep]
|-damage|p1a: Byakko|16/100|[from] Sandstorm
|-damage|p2a: Flying Whales|66/100|[from] Sandstorm
|upkeep
|turn|11
|inactive|storm zone has 210 seconds left.
|
|t:|1769364808
|move|p1a: Byakko|Volt Switch|p2a: Flying Whales
|-damage|p2a: Flying Whales|30/100
|inactive|storm zone has 210 seconds left.
|
|t:|1769364817
|switch|p1a: Rex|Tyranitar, M, shiny|100/100|[from] Volt Switch
|move|p2a: Flying Whales|Scale Shot|p1a: Rex
|-crit|p1a: Rex
|-damage|p1a: Rex|83/100
|-crit|p1a: Rex
|-damage|p1a: Rex|62/100
|-damage|p1a: Rex|49/100
|-damage|p1a: Rex|37/100
|-hitcount|p1a: Rex|4
|-unboost|p2a: Flying Whales|def|1
|-boost|p2a: Flying Whales|spe|1
|
|-weather|Sandstorm|[upkeep]
|-damage|p2a: Flying Whales|24/100|[from] Sandstorm
|upkeep
|turn|12
|inactive|storm zone has 210 seconds left.
|
|t:|1769364833
|switch|p1a: Calamity|Iron Valiant, shiny|100/100
|move|p2a: Flying Whales|Dragon Dance|p2a: Flying Whales
|-boost|p2a: Flying Whales|atk|1
|-boost|p2a: Flying Whales|spe|1
|
|-weather|Sandstorm|[upkeep]
|-damage|p2a: Flying Whales|18/100|[from] Sandstorm
|-damage|p1a: Calamity|94/100|[from] Sandstorm
|upkeep
|turn|13
|inactive|storm zone has 210 seconds left.
|
|t:|1769364844
|-end|p1a: Calamity|Quark Drive|[silent]
|switch|p1a: Serpentine|Toxapex, M, shiny|100/100
|move|p2a: Flying Whales|Fire Punch|p1a: Serpentine
|-resisted|p1a: Serpentine
|-damage|p1a: Serpentine|88/100
|-enditem|p1a: Serpentine|Eject Button
|
|t:|1769364848
|switch|p1a: Calamity|Iron Valiant, shiny|94/100
|
|-weather|Sandstorm|[upkeep]
|-damage|p2a: Flying Whales|12/100|[from] Sandstorm
|-damage|p1a: Calamity|88/100|[from] Sandstorm
|upkeep
|turn|14
|
|t:|1769364855
|move|p1a: Calamity|Vacuum Wave|p2a: Flying Whales
|-resisted|p2a: Flying Whales
|-damage|p2a: Flying Whales|0 fnt
|faint|p2a: Flying Whales
|
|-weather|none
|upkeep
|
|t:|1769364859
|switch|p2a: Fortitude|Iron Crown|100/100
|turn|15
|
|t:|1769364876
|-end|p1a: Calamity|Quark Drive|[silent]
|switch|p1a: Anonymous|Ogerpon, F|84/100
|move|p2a: Fortitude|Tachyon Cutter|p1a: Anonymous
|-damage|p1a: Anonymous|56/100
|-damage|p1a: Anonymous|27/100
|-hitcount|p1a: Anonymous|2
|
|upkeep
|turn|16
|
|t:|1769364887
|-end|p2a: Fortitude|Quark Drive|[silent]
|switch|p2a: Remembrance|Hatterene, F|62/100
|move|p1a: Anonymous|Knock Off|p2a: Remembrance
|-damage|p2a: Remembrance|21/100
|-damage|p1a: Anonymous|11/100|[from] item: Rocky Helmet|[of] p2a: Remembrance
|-enditem|p2a: Remembrance|Rocky Helmet|[from] move: Knock Off|[of] p1a: Anonymous
|
|upkeep
|turn|17
|
|t:|1769364894
|move|p1a: Anonymous|Knock Off|p2a: Remembrance
|-damage|p2a: Remembrance|0 fnt
|faint|p2a: Remembrance
|
|upkeep
|
|t:|1769364901
|switch|p2a: Silvera|Kingambit, F|100/100
|-activate|p2a: Silvera|ability: Supreme Overlord
|-start|p2a: Silvera|fallen3|[silent]
|turn|18
|inactive|storm zone has 240 seconds left.
|inactive|Patatex has 60 seconds left.
|
|t:|1769364929
|move|p1a: Anonymous|Knock Off|p2a: Silvera
|-resisted|p2a: Silvera
|-damage|p2a: Silvera|83/100
|-enditem|p2a: Silvera|Mental Herb|[from] move: Knock Off|[of] p1a: Anonymous
|move|p2a: Silvera|Swords Dance|p2a: Silvera
|-boost|p2a: Silvera|atk|2
|
|upkeep
|turn|19
|inactive|storm zone has 240 seconds left.
|inactive|Patatex has 60 seconds left.
|
|t:|1769364951
|switch|p1a: Serpentine|Toxapex, M, shiny|100/100
|move|p2a: Silvera|Kowtow Cleave|p1a: Serpentine
|-damage|p1a: Serpentine|0 fnt
|faint|p1a: Serpentine
|
|upkeep
|
|t:|1769364976
|switch|p1a: Calamity|Iron Valiant, shiny|88/100
|turn|20
|
|t:|1769365005
|-end|p1a: Calamity|Quark Drive|[silent]
|switch|p1a: Rex|Tyranitar, M, shiny|37/100
|-weather|Sandstorm|[from] ability: Sand Stream|[of] p1a: Rex
|-end|p2a: Silvera|fallen3|[silent]
|switch|p2a: Fortitude|Iron Crown|100/100
|
|-weather|Sandstorm|[upkeep]
|upkeep
|turn|21
|inactive|storm zone has 210 seconds left.
|
|t:|1769365040
|move|p2a: Fortitude|Tachyon Cutter|p1a: Rex
|-supereffective|p1a: Rex
|-damage|p1a: Rex|3/100
|-supereffective|p1a: Rex
|-damage|p1a: Rex|0 fnt
|faint|p1a: Rex
|-hitcount|p1: Rex|2
|
|-weather|Sandstorm|[upkeep]
|upkeep
|
|t:|1769365041
|switch|p1a: Impaler|Excadrill, M, shiny|88/100
|turn|22
|
|t:|1769365048
|move|p1a: Impaler|Substitute|p1a: Impaler
|-start|p1a: Impaler|Substitute
|-damage|p1a: Impaler|63/100
|move|p2a: Fortitude|Tachyon Cutter|p1a: Impaler
|-resisted|p1a: Impaler
|-activate|p1a: Impaler|move: Substitute|[damage]
|-resisted|p1a: Impaler
|-end|p1a: Impaler|Substitute
|-hitcount|p1a: Impaler|2
|
|-weather|Sandstorm|[upkeep]
|-heal|p1a: Impaler|69/100|[from] item: Leftovers
|upkeep
|turn|23
|inactive|storm zone has 210 seconds left.
|inactive|Patatex has 30 seconds left.
|
|t:|1769365081
|move|p1a: Impaler|Rock Slide|p2a: Fortitude|[miss]
|-miss|p1a: Impaler|p2a: Fortitude
|move|p2a: Fortitude|Tachyon Cutter|p1a: Impaler
|-resisted|p1a: Impaler
|-damage|p1a: Impaler|53/100
|-resisted|p1a: Impaler
|-damage|p1a: Impaler|37/100
|-hitcount|p1a: Impaler|2
|
|-weather|Sandstorm|[upkeep]
|-heal|p1a: Impaler|43/100|[from] item: Leftovers
|upkeep
|turn|24
|inactive|Patatex has 30 seconds left.
|
|t:|1769365094
|-end|p2a: Fortitude|Quark Drive|[silent]
|switch|p2a: Low Lands|Landorus-Therian, M|48/100
|-ability|p2a: Low Lands|Intimidate|boost
|-unboost|p1a: Impaler|atk|1
|move|p1a: Impaler|Earthquake|p2a: Low Lands
|-immune|p2a: Low Lands
|
|-weather|Sandstorm|[upkeep]
|-heal|p1a: Impaler|49/100|[from] item: Leftovers
|upkeep
|turn|25
|c|☆storm zone|Misclick
|inactive|Patatex has 30 seconds left.
|inactive|storm zone has 210 seconds left.
|inactive|Patatex has 20 seconds left.
|inactive|Patatex has 15 seconds left.
|
|t:|1769365120
|move|p1a: Impaler|Substitute|p1a: Impaler
|-start|p1a: Impaler|Substitute
|-damage|p1a: Impaler|24/100
|move|p2a: Low Lands|Earthquake|p1a: Impaler
|-supereffective|p1a: Impaler
|-end|p1a: Impaler|Substitute
|
|-weather|Sandstorm|[upkeep]
|-heal|p1a: Impaler|30/100|[from] item: Leftovers
|upkeep
|turn|26
|inactive|Patatex has 25 seconds left this turn.
|inactive|storm zone has 210 seconds left.
|inactive|Patatex has 20 seconds left.
|
|t:|1769365131
|switch|p1a: Byakko|Zapdos, shiny|16/100
|move|p2a: Low Lands|Earthquake|p1a: Byakko
|-immune|p1a: Byakko
|
|-weather|Sandstorm|[upkeep]
|-damage|p1a: Byakko|10/100|[from] Sandstorm
|upkeep
|turn|27
|inactive|Patatex has 30 seconds left this turn.
|inactive|storm zone has 210 seconds left.
|inactive|Patatex has 20 seconds left.
|inactive|Patatex has 15 seconds left.
|
|t:|1769365152
|switch|p2a: Silvera|Kingambit, F|83/100
|-activate|p2a: Silvera|ability: Supreme Overlord
|-start|p2a: Silvera|fallen3|[silent]
|move|p1a: Byakko|Heat Wave|p2a: Silvera
|-supereffective|p2a: Silvera
|-damage|p2a: Silvera|14/100
|
|-weather|none
|upkeep
|turn|28
|inactive|Patatex has 25 seconds left this turn.
|inactive|Patatex has 20 seconds left.
|inactive|Patatex has 15 seconds left.
|
|t:|1769365163
|switch|p1a: Impaler|Excadrill, M, shiny|30/100
|move|p2a: Silvera|Sucker Punch||[still]
|-fail|p2a: Silvera
|
|-heal|p1a: Impaler|36/100|[from] item: Leftovers
|upkeep
|turn|29
|inactive|Patatex has 25 seconds left this turn.
|inactive|Patatex has 20 seconds left.
|
|t:|1769365171
|move|p1a: Impaler|Substitute|p1a: Impaler
|-start|p1a: Impaler|Substitute
|-damage|p1a: Impaler|11/100
|move|p2a: Silvera|Kowtow Cleave|p1a: Impaler
|-end|p1a: Impaler|Substitute
|
|-heal|p1a: Impaler|17/100|[from] item: Leftovers
|upkeep
|turn|30
|inactive|Patatex has 30 seconds left this turn.
|inactive|storm zone has 210 seconds left.
|inactive|Patatex has 20 seconds left.
|
|t:|1769365185
|move|p1a: Impaler|Substitute|p1a: Impaler
|-fail|p1a: Impaler|move: Substitute|[weak]
|move|p2a: Silvera|Iron Head|p1a: Impaler
|-resisted|p1a: Impaler
|-damage|p1a: Impaler|0 fnt
|faint|p1a: Impaler
|
|upkeep
|inactive|storm zone has 210 seconds left.
|
|t:|1769365194
|switch|p1a: Calamity|Iron Valiant, shiny|88/100
|turn|31
|inactive|Patatex has 30 seconds left.
|inactive|storm zone has 210 seconds left.
|inactive|Patatex has 20 seconds left.
|inactive|Patatex has 15 seconds left.
|inactive|Patatex has 10 seconds left.
|inactive|storm zone has 180 seconds left.
|
|t:|1769365238
|move|p1a: Calamity|Shadow Ball|p2a: Silvera
|-resisted|p2a: Silvera
|-damage|p2a: Silvera|0 fnt
|faint|p2a: Silvera
|-end|p2a: Silvera|fallen3|[silent]
|
|upkeep
|inactive|Patatex has 15 seconds left this turn.
|inactive|Patatex has 10 seconds left.
|inactive|Patatex has 5 seconds left.
|
|t:|1769365248
|switch|p2a: Low Lands|Landorus-Therian, M|48/100
|-ability|p2a: Low Lands|Intimidate|boost
|-unboost|p1a: Calamity|atk|1
|turn|32
|inactive|Patatex has 15 seconds left this turn.
|inactive|Patatex has 10 seconds left.
|inactive|Patatex has 5 seconds left.
|
|t:|1769365261
|-end|p1a: Calamity|Quark Drive|[silent]
|switch|p1a: Byakko|Zapdos, shiny|10/100
|-terastallize|p2a: Low Lands|Fairy
|move|p2a: Low Lands|Tera Blast|p1a: Byakko|[anim] Tera Blast Fairy
|-damage|p1a: Byakko|0 fnt
|faint|p1a: Byakko
|
|upkeep
|inactive|storm zone has 180 seconds left.
|
|t:|1769365300
|switch|p1a: Calamity|Iron Valiant, shiny|88/100
|turn|33
|inactive|Patatex has 20 seconds left this turn.
|inactive|Patatex has 15 seconds left.
|
|t:|1769365305
|-terastallize|p1a: Calamity|Ghost
|move|p2a: Low Lands|Tera Blast|p1a: Calamity|[anim] Tera Blast Fairy
|-crit|p1a: Calamity
|-damage|p1a: Calamity|2/100
|move|p1a: Calamity|Shadow Ball|p2a: Low Lands
|-damage|p2a: Low Lands|0 fnt
|faint|p2a: Low Lands
|
|upkeep
|inactive|Patatex has 20 seconds left this turn.
|inactive|Patatex has 15 seconds left.
|
|t:|1769365311
|switch|p2a: Fortitude|Iron Crown|100/100
|turn|34
|inactive|Patatex has 25 seconds left this turn.
|c|☆storm zone|Scary crit lmao
|
|t:|1769365317
|move|p1a: Calamity|Shadow Ball|p2a: Fortitude
|-supereffective|p2a: Fortitude
|-damage|p2a: Fortitude|0 fnt
|faint|p2a: Fortitude
|-end|p2a: Fortitude|Quark Drive|[silent]
|
|win|storm zone
|c|☆Patatex|gg 
|c|☆storm zone|gg
|player|p1|
|player|p2|
