|j|☆genskialtacc29
|j|☆GyoK3RES
|t:|1769415467
|gametype|singles
|player|p1|genskialtacc29|jogger|1089
|player|p2|GyoK3RES|dawn-gen4pt|1095
|gen|9
|tier|[Gen 9] OU
|rated|
|rule|HP Percentage Mod: HP is shown in percentages
|rule|Endless Battle Clause: Forcing endless battles is banned
|rule|Species Clause: Limit one of each Pokémon
|rule|OHKO Clause: OHKO moves are banned
|rule|Evasion Items Clause: Evasion items are banned
|rule|Evasion Moves Clause: Evasion moves are banned
|rule|Evasion Abilities Clause: Evasion abilities are banned
|rule|Sleep Moves Clause: Sleep-inducing moves are banned
|clearpoke
|poke|p1|Gardevoir, F|
|poke|p1|Latios, M|
|poke|p1|Indeedee-F, F|
|poke|p1|Ceruledge, F|
|poke|p1|Gholdengo|
|poke|p1|Enamorus, F|
|poke|p2|Corviknight, F|
|poke|p2|Leafeon, F|
|poke|p2|Garchomp, F|
|poke|p2|Torkoal, F|
|poke|p2|Greninja-*, M|
|poke|p2|Whimsicott, M|
|teampreview
|inactive|Battle timer is ON: inactive players will automatically lose when time's up. (requested by GyoK3RES)
|
|t:|1769415482
|teamsize|p1|6
|teamsize|p2|6
|start
|switch|p1a: Enamorus|Enamorus, F|100/100
|switch|p2a: Torkoal|Torkoal, F|100/100
|-weather|SunnyDay|[from] ability: Drought|[of] p2a: Torkoal
|turn|1
|
|t:|1769415492
|move|p1a: Enamorus|Superpower|p2a: Torkoal
|-damage|p2a: Torkoal|75/100
|-boost|p1a: Enamorus|atk|1
|-boost|p1a: Enamorus|def|1
|move|p2a: Torkoal|Sludge Bomb|p1a: Enamorus
|-supereffective|p1a: Enamorus
|-damage|p1a: Enamorus|24/100
|-status|p1a: Enamorus|psn
|
|-weather|SunnyDay|[upkeep]
|-heal|p1a: Enamorus|31/100 psn|[from] item: Leftovers
|-damage|p1a: Enamorus|18/100 psn|[from] psn
|upkeep
|turn|2
|
|t:|1769415506
|move|p1a: Enamorus|Tailwind|p1a: Enamorus
|-sidestart|p1: genskialtacc29|move: Tailwind
|move|p2a: Torkoal|Overheat|p1a: Enamorus
|-crit|p1a: Enamorus
|-damage|p1a: Enamorus|0 fnt
|-unboost|p2a: Torkoal|spa|2
|faint|p1a: Enamorus
|-enditem|p2a: Torkoal|Eject Pack
|
|t:|1769415514
|switch|p2a: Leafeon|Leafeon, F|100/100
|
|-weather|SunnyDay|[upkeep]
|upkeep
|
|t:|1769415529
|switch|p1a: Latios|Latios, M|100/100
|turn|3
|
|t:|1769415545
|move|p1a: Latios|Simple Beam|p2a: Leafeon
|-ability|p2a: Leafeon|Simple|Chlorophyll|[from] move: Simple Beam
|move|p2a: Leafeon|Knock Off|p1a: Latios
|-supereffective|p1a: Latios
|-damage|p1a: Latios|0 fnt
|-enditem|p1a: Latios|Leftovers|[from] move: Knock Off|[of] p2a: Leafeon
|faint|p1a: Latios
|-damage|p2a: Leafeon|91/100|[from] item: Life Orb
|
|-weather|SunnyDay|[upkeep]
|upkeep
|
|t:|1769415558
|switch|p1a: Gardevoir|Gardevoir, F|100/100
|-ability|p1a: Gardevoir|Simple|Trace|[from] ability: Trace|[of] p2a: Leafeon
|turn|4
|
|t:|1769415569
|move|p1a: Gardevoir|Calm Mind|p1a: Gardevoir
|-boost|p1a: Gardevoir|spa|2
|-boost|p1a: Gardevoir|spd|2
|move|p2a: Leafeon|Solar Blade||[still]
|-prepare|p2a: Leafeon|Solar Blade
|-anim|p2a: Leafeon|Solar Blade|p1a: Gardevoir
|-damage|p1a: Gardevoir|0 fnt
|faint|p1a: Gardevoir
|-damage|p2a: Leafeon|81/100|[from] item: Life Orb
|
|-weather|SunnyDay|[upkeep]
|upkeep
|
|t:|1769415580
|switch|p1a: Ceruledge|Ceruledge, F|100/100
|turn|5
|
|t:|1769415586
|move|p1a: Ceruledge|Swords Dance|p1a: Ceruledge
|-boost|p1a: Ceruledge|atk|2
|move|p2a: Leafeon|Knock Off|p1a: Ceruledge
|-supereffective|p1a: Ceruledge
|-damage|p1a: Ceruledge|0 fnt
|-enditem|p1a: Ceruledge|Leftovers|[from] move: Knock Off|[of] p2a: Leafeon
|faint|p1a: Ceruledge
|-damage|p2a: Leafeon|71/100|[from] item: Life Orb
|
|-weather|none
|-sideend|p1: genskialtacc29|move: Tailwind
|upkeep
|-message|genskialtacc29 forfeited.
|
|win|GyoK3RES
|raw|genskialtacc29's rating: 1089 &rarr; <strong>1066</strong><br />(-23 for losing)
|raw|GyoK3RES's rating: 1095 &rarr; <strong>1120</strong><br />(+25 for winning)
|l|☆genskialtacc29
|player|p1|
