|j|☆the.ramen.gang
|j|☆dang21
|t:|1769380944
|gametype|singles
|player|p1|the.ramen.gang|169|1178
|player|p2|dang21|hilbert-wonderlauncher|1144
|gen|9
|tier|[Gen 9] OU
|rated|
|rule|HP Percentage Mod: HP is shown in percentages
|rule|Endless Battle Clause: Forcing endless battles is banned
|rule|Species Clause: Limit one of each Pokémon
|rule|OHKO Clause: OHKO moves are banned
|rule|Evasion Items Clause: Evasion items are banned
|rule|Evasion Moves Clause: Evasion moves are banned
|rule|Evasion Abilities Clause: Evasion abilities are banned
|rule|Sleep Moves Clause: Sleep-inducing moves are banned
|clearpoke
|poke|p1|Shiftry, F|
|poke|p1|Swanna, F|
|poke|p1|Munkidori, M|
|poke|p1|Magmortar, M|
|poke|p1|Honchkrow, F|
|poke|p1|Sudowoodo, F|
|poke|p2|Tyranitar, M|
|poke|p2|Cresselia, F|
|poke|p2|Dragapult, M|
|poke|p2|Iron Treads|
|poke|p2|Tornadus-Therian, M|
|poke|p2|Clodsire, F|
|teampreview
|
|t:|1769380952
|teamsize|p1|6
|teamsize|p2|6
|start
|switch|p1a: Magmortar|Magmortar, M|100/100
|switch|p2a: Iron Treads|Iron Treads|100/100
|turn|1
|
|t:|1769380957
|move|p2a: Iron Treads|Earthquake|p1a: Magmortar
|-supereffective|p1a: Magmortar
|-damage|p1a: Magmortar|0 fnt
|faint|p1a: Magmortar
|
|upkeep
|
|t:|1769380964
|switch|p1a: Sudowoodo|Sudowoodo, F|100/100
|turn|2
|
|t:|1769380967
|move|p2a: Iron Treads|Iron Head|p1a: Sudowoodo
|-supereffective|p1a: Sudowoodo
|-damage|p1a: Sudowoodo|34/100
|move|p1a: Sudowoodo|Earthquake|p2a: Iron Treads
|-supereffective|p2a: Iron Treads
|-damage|p2a: Iron Treads|11/100
|
|upkeep
|turn|3
|
|t:|1769380976
|move|p2a: Iron Treads|Iron Head|p1a: Sudowoodo
|-supereffective|p1a: Sudowoodo
|-damage|p1a: Sudowoodo|0 fnt
|faint|p1a: Sudowoodo
|
|upkeep
|
|t:|1769380978
|switch|p1a: Swanna|Swanna, F|100/100
|turn|4
|
|t:|1769380984
|move|p2a: Iron Treads|Volt Switch|p1a: Swanna
|-supereffective|p1a: Swanna
|-damage|p1a: Swanna|42/100
|
|t:|1769380991
|-end|p2a: Iron Treads|Quark Drive|[silent]
|switch|p2a: Clodsire|Clodsire, F|100/100|[from] Volt Switch
|move|p1a: Swanna|Liquidation|p2a: Clodsire
|-immune|p2a: Clodsire|[from] ability: Water Absorb
|
|upkeep
|turn|5
|
|t:|1769381004
|move|p1a: Swanna|Knock Off|p2a: Clodsire
|-damage|p2a: Clodsire|70/100
|-damage|p1a: Swanna|25/100|[from] item: Rocky Helmet|[of] p2a: Clodsire
|-enditem|p2a: Clodsire|Rocky Helmet|[from] move: Knock Off|[of] p1a: Swanna
|move|p2a: Clodsire|Stealth Rock|p1a: Swanna
|-sidestart|p1: the.ramen.gang|move: Stealth Rock
|
|upkeep
|turn|6
|
|t:|1769381013
|move|p1a: Swanna|Defog|p2a: Clodsire
|-unboost|p2a: Clodsire|evasion|1
|-sideend|p1: the.ramen.gang|Stealth Rock|[from] move: Defog|[of] p1a: Swanna
|move|p2a: Clodsire|Recover|p2a: Clodsire
|-heal|p2a: Clodsire|100/100
|
|upkeep
|turn|7
|
|t:|1769381019
|move|p1a: Swanna|Knock Off|p2a: Clodsire
|-damage|p2a: Clodsire|77/100
|move|p2a: Clodsire|Stealth Rock|p1a: Swanna
|-sidestart|p1: the.ramen.gang|move: Stealth Rock
|
|upkeep
|turn|8
|
|t:|1769381024
|move|p1a: Swanna|Defog|p2a: Clodsire
|-unboost|p2a: Clodsire|evasion|1
|-sideend|p1: the.ramen.gang|Stealth Rock|[from] move: Defog|[of] p1a: Swanna
|move|p2a: Clodsire|Poison Jab|p1a: Swanna
|-damage|p1a: Swanna|0 fnt
|faint|p1a: Swanna
|
|upkeep
|
|t:|1769381036
|switch|p1a: Shiftry|Shiftry, F|100/100
|turn|9
|
|t:|1769381046
|switch|p2a: Tornadus|Tornadus-Therian, M|100/100
|move|p1a: Shiftry|Tailwind|p1a: Shiftry
|-sidestart|p1: the.ramen.gang|move: Tailwind
|-ability|p1a: Shiftry|Wind Rider|boost
|-boost|p1a: Shiftry|atk|1
|
|upkeep
|turn|10
|
|t:|1769381055
|move|p1a: Shiftry|Rock Slide|p2a: Tornadus
|-supereffective|p2a: Tornadus
|-damage|p2a: Tornadus|0 fnt
|faint|p2a: Tornadus
|
|upkeep
|
|t:|1769381084
|switch|p2a: Iron Treads|Iron Treads|11/100
|turn|11
|
|t:|1769381095
|move|p1a: Shiftry|Leaf Blade|p2a: Iron Treads
|-damage|p2a: Iron Treads|0 fnt
|faint|p2a: Iron Treads
|-end|p2a: Iron Treads|Quark Drive|[silent]
|
|upkeep
|
|t:|1769381112
|switch|p2a: Tyranitar|Tyranitar, M|100/100
|-weather|Sandstorm|[from] ability: Sand Stream|[of] p2a: Tyranitar
|turn|12
|
|t:|1769381121
|switch|p2a: Cresselia|Cresselia, F|100/100
|move|p1a: Shiftry|Leaf Blade|p2a: Cresselia
|-damage|p2a: Cresselia|56/100
|
|-weather|Sandstorm|[upkeep]
|-damage|p1a: Shiftry|94/100|[from] Sandstorm
|-damage|p2a: Cresselia|50/100|[from] Sandstorm
|-heal|p2a: Cresselia|56/100|[from] item: Leftovers
|-sideend|p1: the.ramen.gang|move: Tailwind
|upkeep
|turn|13
|
|t:|1769381134
|move|p1a: Shiftry|Tailwind|p1a: Shiftry
|-sidestart|p1: the.ramen.gang|move: Tailwind
|-ability|p1a: Shiftry|Wind Rider|boost
|-boost|p1a: Shiftry|atk|1
|move|p2a: Cresselia|Thunder Wave|p1a: Shiftry
|-status|p1a: Shiftry|par
|
|-weather|Sandstorm|[upkeep]
|-damage|p1a: Shiftry|88/100 par|[from] Sandstorm
|-damage|p2a: Cresselia|50/100|[from] Sandstorm
|-heal|p2a: Cresselia|56/100|[from] item: Leftovers
|upkeep
|turn|14
|
|t:|1769381144
|move|p1a: Shiftry|Knock Off|p2a: Cresselia
|-supereffective|p2a: Cresselia
|-damage|p2a: Cresselia|0 fnt
|-enditem|p2a: Cresselia|Leftovers|[from] move: Knock Off|[of] p1a: Shiftry
|faint|p2a: Cresselia
|
|-weather|Sandstorm|[upkeep]
|-damage|p1a: Shiftry|82/100 par|[from] Sandstorm
|upkeep
|
|t:|1769381149
|switch|p2a: Clodsire|Clodsire, F|77/100
|turn|15
|
|t:|1769381153
|move|p1a: Shiftry|Leaf Blade|p2a: Clodsire
|-damage|p2a: Clodsire|0 fnt
|faint|p2a: Clodsire
|
|-weather|Sandstorm|[upkeep]
|-damage|p1a: Shiftry|76/100 par|[from] Sandstorm
|upkeep
|-message|dang21 forfeited.
|
|win|the.ramen.gang
|raw|the.ramen.gang's rating: 1178 &rarr; <strong>1201</strong><br />(+23 for winning)
|raw|dang21's rating: 1144 &rarr; <strong>1121</strong><br />(-23 for losing)
|l|☆dang21
|player|p2|
|l|☆the.ramen.gang
|player|p1|
