|j|☆OP Sand
|j|☆tmchina
|t:|1769409310
|gametype|singles
|player|p1|OP Sand|giovanni-masters|1621
|player|p2|tmchina|169|1563
|gen|9
|tier|[Gen 9] OU
|rated|
|rule|HP Percentage Mod: HP is shown in percentages
|rule|Endless Battle Clause: Forcing endless battles is banned
|rule|Species Clause: Limit one of each Pokémon
|rule|OHKO Clause: OHKO moves are banned
|rule|Evasion Items Clause: Evasion items are banned
|rule|Evasion Moves Clause: Evasion moves are banned
|rule|Evasion Abilities Clause: Evasion abilities are banned
|rule|Sleep Moves Clause: Sleep-inducing moves are banned
|clearpoke
|poke|p1|Excadrill, M|
|poke|p1|Tyranitar, F|
|poke|p1|Kyurem|
|poke|p1|Hawlucha, M|
|poke|p1|Pawmot, M|
|poke|p1|Skarmory, M|
|poke|p2|Raging Bolt|
|poke|p2|Zoroark, F|
|poke|p2|Gliscor, F|
|poke|p2|Dragonite, M|
|poke|p2|Great Tusk|
|poke|p2|Gholdengo|
|teampreview
|inactive|Battle timer is ON: inactive players will automatically lose when time's up. (requested by OP Sand)
|inactive|tmchina has 120 seconds left.
|
|t:|1769409357
|teamsize|p1|6
|teamsize|p2|6
|start
|switch|p1a: Frieza|Kyurem, shiny|100/100
|switch|p2a: Gliscor|Gliscor, F|100/100
|-ability|p1a: Frieza|Pressure
|turn|1
|
|t:|1769409365
|move|p2a: Gliscor|Protect|p2a: Gliscor
|-singleturn|p2a: Gliscor|Protect
|move|p1a: Frieza|Freeze-Dry|p2a: Gliscor
|-activate|p2a: Gliscor|move: Protect
|
|-status|p2a: Gliscor|tox|[from] item: Toxic Orb
|upkeep
|turn|2
|
|t:|1769409371
|switch|p2a: Gholdengo|Gholdengo|100/100
|-item|p2a: Gholdengo|Air Balloon
|-terastallize|p1a: Frieza|Ghost
|move|p1a: Frieza|Shadow Ball|p2a: Gholdengo
|-supereffective|p2a: Gholdengo
|-damage|p2a: Gholdengo|0 fnt
|-enditem|p2a: Gholdengo|Air Balloon
|faint|p2a: Gholdengo
|
|upkeep
|
|t:|1769409378
|switch|p2a: Dragonite|Dragonite, M|100/100
|turn|3
|
|t:|1769409383
|move|p2a: Dragonite|Knock Off|p1a: Frieza
|-supereffective|p1a: Frieza
|-damage|p1a: Frieza|19/100
|-enditem|p1a: Frieza|Expert Belt|[from] move: Knock Off|[of] p2a: Dragonite
|move|p1a: Frieza|Freeze-Dry|p2a: Dragonite
|-damage|p2a: Dragonite|19/100
|replace|p2a: Zoroark|Zoroark, F
|-end|p2a: Zoroark|Illusion
|
|upkeep
|turn|4
|
|t:|1769409391
|switch|p1a: Skarmory|Skarmory, M, shiny|100/100
|move|p2a: Zoroark|Knock Off|p1a: Skarmory
|-damage|p1a: Skarmory|73/100
|-damage|p2a: Zoroark|2/100|[from] item: Rocky Helmet|[of] p1a: Skarmory
|-enditem|p1a: Skarmory|Rocky Helmet|[from] move: Knock Off|[of] p2a: Zoroark
|
|upkeep
|turn|5
|
|t:|1769409397
|switch|p2a: Gliscor|Gliscor, F|100/100 tox
|move|p1a: Skarmory|Spikes|p2a: Gliscor
|-sidestart|p2: tmchina|Spikes
|
|upkeep
|turn|6
|
|t:|1769409399
|move|p2a: Gliscor|Spikes|p1a: Skarmory
|-sidestart|p1: OP Sand|Spikes
|move|p1a: Skarmory|Spikes|p2a: Gliscor
|-sidestart|p2: tmchina|Spikes
|
|upkeep
|turn|7
|
|t:|1769409401
|move|p2a: Gliscor|Spikes|p1a: Skarmory
|-sidestart|p1: OP Sand|Spikes
|move|p1a: Skarmory|Spikes|p2a: Gliscor
|-sidestart|p2: tmchina|Spikes
|
|upkeep
|turn|8
|
|t:|1769409404
|switch|p1a: Frieza|Kyurem, shiny, tera:Ghost|19/100
|-damage|p1a: Frieza|3/100|[from] Spikes
|-ability|p1a: Frieza|Pressure
|move|p2a: Gliscor|Spikes|p1a: Frieza
|-sidestart|p1: OP Sand|Spikes
|
|upkeep
|turn|9
|
|t:|1769409414
|move|p2a: Gliscor|Protect|p2a: Gliscor
|-singleturn|p2a: Gliscor|Protect
|move|p1a: Frieza|Freeze-Dry|p2a: Gliscor
|-activate|p2a: Gliscor|move: Protect
|
|upkeep
|turn|10
|
|t:|1769409419
|switch|p2a: Dragonite|Dragonite, M|2/100
|-damage|p2a: Dragonite|0 fnt|[from] Spikes
|faint|p2a: Dragonite
|move|p1a: Frieza|Freeze-Dry|p2: Zoroark|[notarget]
|-fail|p1a: Frieza
|
|upkeep
|j| WhatColorIsThis?
|
|t:|1769409428
|switch|p2a: Raging Bolt|Raging Bolt|100/100
|-damage|p2a: Raging Bolt|76/100|[from] Spikes
|-enditem|p2a: Raging Bolt|Booster Energy
|-activate|p2a: Raging Bolt|ability: Protosynthesis|[fromitem]
|-start|p2a: Raging Bolt|protosynthesisspa
|turn|11
|
|t:|1769409439
|switch|p1a: Itachi|Hawlucha, M, shiny|100/100
|-ability|p1a: Itachi|Mold Breaker
|move|p2a: Raging Bolt|Thunderclap||[still]
|-fail|p2a: Raging Bolt
|
|upkeep
|turn|12
|
|t:|1769409442
|move|p1a: Itachi|Encore|p2a: Raging Bolt
|-start|p2a: Raging Bolt|Encore
|move|p2a: Raging Bolt|Thunderclap||[still]
|-fail|p2a: Raging Bolt
|
|upkeep
|turn|13
|
|t:|1769409446
|-end|p2a: Raging Bolt|Protosynthesis|[silent]
|switch|p2a: Gliscor|Gliscor, F|100/100 tox
|move|p1a: Itachi|Defog|p2a: Gliscor
|-unboost|p2a: Gliscor|evasion|1
|-sideend|p2: tmchina|Spikes|[from] move: Defog|[of] p1a: Itachi
|-sideend|p1: OP Sand|Spikes|[from] move: Defog|[of] p1a: Itachi
|
|upkeep
|turn|14
|
|t:|1769409449
|switch|p1a: Frieza|Kyurem, shiny, tera:Ghost|3/100
|-ability|p1a: Frieza|Pressure
|move|p2a: Gliscor|Toxic|p1a: Frieza
|-status|p1a: Frieza|tox
|
|-damage|p1a: Frieza|0 fnt|[from] psn
|faint|p1a: Frieza
|upkeep
|
|t:|1769409464
|switch|p1a: Porunga|Pawmot, M|100/100
|turn|15
|
|t:|1769409466
|move|p1a: Porunga|Revival Blessing|p1a: Porunga
|-enditem|p1a: Porunga|Leppa Berry|[eat]
|-activate|p1a: Porunga|item: Leppa Berry|Revival Blessing|[consumed]
|
|t:|1769409469
|-heal|p1: Frieza|50/100|[from] move: Revival Blessing
|move|p2a: Gliscor|Earthquake|p1a: Porunga
|-supereffective|p1a: Porunga
|-crit|p1a: Porunga
|-damage|p1a: Porunga|0 fnt
|faint|p1a: Porunga
|
|upkeep
|
|t:|1769409471
|switch|p1a: Frieza|Kyurem, shiny|50/100
|-ability|p1a: Frieza|Pressure
|turn|16
|
|t:|1769409477
|move|p2a: Gliscor|Protect|p2a: Gliscor
|-singleturn|p2a: Gliscor|Protect
|move|p1a: Frieza|Freeze-Dry|p2a: Gliscor
|-activate|p2a: Gliscor|move: Protect
|
|upkeep
|turn|17
|
|t:|1769409506
|switch|p2a: Raging Bolt|Raging Bolt|76/100
|move|p1a: Frieza|Freeze-Dry|p2a: Raging Bolt
|-supereffective|p2a: Raging Bolt
|-damage|p2a: Raging Bolt|2/100
|
|upkeep
|turn|18
|
|t:|1769409509
|switch|p1a: Shukaku|Tyranitar, F, shiny|100/100
|-weather|Sandstorm|[from] ability: Sand Stream|[of] p1a: Shukaku
|move|p2a: Raging Bolt|Thunderclap||[still]
|-fail|p2a: Raging Bolt
|
|-weather|Sandstorm|[upkeep]
|-damage|p2a: Raging Bolt|0 fnt|[from] Sandstorm
|faint|p2a: Raging Bolt
|-end|p2a: Raging Bolt|Protosynthesis|[silent]
|upkeep
|
|t:|1769409513
|switch|p2a: Great Tusk|Great Tusk|100/100
|turn|19
|
|t:|1769409516
|move|p2a: Great Tusk|Rapid Spin|p1a: Shukaku
|-resisted|p1a: Shukaku
|-damage|p1a: Shukaku|96/100
|-boost|p2a: Great Tusk|spe|1
|move|p1a: Shukaku|Ice Beam|p2a: Great Tusk
|-supereffective|p2a: Great Tusk
|-damage|p2a: Great Tusk|36/100
|
|-weather|Sandstorm|[upkeep]
|upkeep
|turn|20
|
|t:|1769409520
|switch|p1a: Skarmory|Skarmory, M, shiny|73/100
|move|p2a: Great Tusk|Close Combat|p1a: Skarmory
|-damage|p1a: Skarmory|42/100
|-unboost|p2a: Great Tusk|def|1
|-unboost|p2a: Great Tusk|spd|1
|
|-weather|Sandstorm|[upkeep]
|upkeep
|turn|21
|
|t:|1769409525
|move|p2a: Great Tusk|Close Combat|p1a: Skarmory
|-damage|p1a: Skarmory|13/100
|-unboost|p2a: Great Tusk|def|1
|-unboost|p2a: Great Tusk|spd|1
|move|p1a: Skarmory|Roost|p1a: Skarmory
|-heal|p1a: Skarmory|63/100
|-singleturn|p1a: Skarmory|move: Roost
|
|-weather|Sandstorm|[upkeep]
|upkeep
|turn|22
|-message|tmchina forfeited.
|
|win|OP Sand
|raw|OP Sand's rating: 1621 &rarr; <strong>1638</strong><br />(+17 for winning)
|raw|tmchina's rating: 1563 &rarr; <strong>1546</strong><br />(-17 for losing)
|l|☆tmchina
|player|p2|
|l|☆OP Sand
|player|p1|
|l| WhatColorIsThis?
