|inactive|Battle timer is ON: inactive players will automatically lose when time's up.
|t:|1769309960
|gametype|singles
|player|p1|Bbeeaa|1|
|player|p2|bhkg|#splxviicryonicles2|
|gen|9
|tier|[Gen 9] OU
|rule|HP Percentage Mod: HP is shown in percentages
|rule|Endless Battle Clause: Forcing endless battles is banned
|rule|Species Clause: Limit one of each Pokémon
|rule|OHKO Clause: OHKO moves are banned
|rule|Evasion Items Clause: Evasion items are banned
|rule|Evasion Moves Clause: Evasion moves are banned
|rule|Evasion Abilities Clause: Evasion abilities are banned
|rule|Sleep Moves Clause: Sleep-inducing moves are banned
|clearpoke
|poke|p1|Dondozo, F|
|poke|p1|Dragonite, M|
|poke|p1|Corviknight, M|
|poke|p1|Clefable, F|
|poke|p1|Gliscor, F|
|poke|p1|Ogerpon, F|
|poke|p2|Ting-Lu|
|poke|p2|Great Tusk|
|poke|p2|Walking Wake|
|poke|p2|Venusaur, M|
|poke|p2|Slither Wing|
|poke|p2|Ninetales, M|
|teampreview
|c|☆bhkg|hf
|rated|Smogon Premier League
|rated|Smogon Premier League
|c|☆Bbeeaa|Hf
|inactive|Bbeeaa has 270 seconds left.
|inactive|bhkg has 270 seconds left.
|inactive|bhkg has 240 seconds left.
|inactive|bhkg has 210 seconds left.
|inactive|bhkg has 180 seconds left.
|inactive|bhkg has 150 seconds left.
|
|t:|1769310122
|teamsize|p1|6
|teamsize|p2|6
|start
|switch|p1a: Clefable|Clefable, F|100/100
|switch|p2a: Slither Wing|Slither Wing|100/100
|turn|1
|
|t:|1769310130
|move|p2a: Slither Wing|U-turn|p1a: Clefable
|-resisted|p1a: Clefable
|-damage|p1a: Clefable|69/100
|
|t:|1769310133
|-end|p2a: Slither Wing|Protosynthesis|[silent]
|switch|p2a: Venusaur|Venusaur, M|100/100|[from] U-turn
|move|p1a: Clefable|Stealth Rock|p2a: Venusaur
|-sidestart|p2: bhkg|move: Stealth Rock
|
|upkeep
|turn|2
|inactive|bhkg has 210 seconds left.
|
|t:|1769310159
|switch|p1a: Gliscor|Gliscor, F|100/100
|move|p2a: Venusaur|Giga Drain|p1a: Gliscor
|-damage|p1a: Gliscor|62/100
|-damage|p2a: Venusaur|91/100|[from] item: Life Orb
|
|-status|p1a: Gliscor|tox|[from] item: Toxic Orb
|upkeep
|turn|3
|
|t:|1769310166
|move|p2a: Venusaur|Growth|p2a: Venusaur
|-boost|p2a: Venusaur|atk|1
|-boost|p2a: Venusaur|spa|1
|move|p1a: Gliscor|Earthquake|p2a: Venusaur
|-damage|p2a: Venusaur|49/100
|
|-heal|p1a: Gliscor|74/100 tox|[from] ability: Poison Heal
|upkeep
|turn|4
|
|t:|1769310173
|switch|p2a: Great Tusk|Great Tusk|100/100
|-damage|p2a: Great Tusk|98/100|[from] Stealth Rock
|move|p1a: Gliscor|Protect||[still]
|-fail|p1a: Gliscor
|
|-heal|p2a: Great Tusk|100/100|[from] item: Leftovers
|-heal|p1a: Gliscor|86/100 tox|[from] ability: Poison Heal
|upkeep
|turn|5
|
|t:|1769310178
|move|p2a: Great Tusk|Ice Spinner|p1a: Gliscor
|-supereffective|p1a: Gliscor
|-damage|p1a: Gliscor|15/100 tox
|move|p1a: Gliscor|Toxic|p2a: Great Tusk
|-status|p2a: Great Tusk|tox
|
|-damage|p2a: Great Tusk|94/100 tox|[from] psn
|-heal|p1a: Gliscor|28/100 tox|[from] ability: Poison Heal
|upkeep
|turn|6
|
|t:|1769310188
|move|p2a: Great Tusk|Bulk Up|p2a: Great Tusk
|-boost|p2a: Great Tusk|atk|1
|-boost|p2a: Great Tusk|def|1
|move|p1a: Gliscor|Earthquake|p2a: Great Tusk
|-damage|p2a: Great Tusk|80/100 tox
|
|-heal|p2a: Great Tusk|87/100 tox|[from] item: Leftovers
|-damage|p2a: Great Tusk|74/100 tox|[from] psn
|-heal|p1a: Gliscor|40/100 tox|[from] ability: Poison Heal
|upkeep
|turn|7
|
|t:|1769310198
|move|p1a: Gliscor|Protect|p1a: Gliscor
|-singleturn|p1a: Gliscor|Protect
|move|p2a: Great Tusk|Rapid Spin|p1a: Gliscor
|-activate|p1a: Gliscor|move: Protect
|
|-heal|p2a: Great Tusk|80/100 tox|[from] item: Leftovers
|-damage|p2a: Great Tusk|62/100 tox|[from] psn
|-heal|p1a: Gliscor|52/100 tox|[from] ability: Poison Heal
|upkeep
|turn|8
|
|t:|1769310207
|move|p2a: Great Tusk|Rapid Spin|p1a: Gliscor
|-damage|p1a: Gliscor|34/100 tox
|-boost|p2a: Great Tusk|spe|1
|-sideend|p2: bhkg|Stealth Rock|[from] move: Rapid Spin|[of] p2a: Great Tusk
|move|p1a: Gliscor|Spikes|p2a: Great Tusk
|-sidestart|p2: bhkg|Spikes
|
|-heal|p2a: Great Tusk|68/100 tox|[from] item: Leftovers
|-damage|p2a: Great Tusk|43/100 tox|[from] psn
|-heal|p1a: Gliscor|47/100 tox|[from] ability: Poison Heal
|upkeep
|turn|9
|
|t:|1769310212
|-end|p2a: Great Tusk|Protosynthesis|[silent]
|switch|p2a: Ninetales|Ninetales, M|100/100
|-damage|p2a: Ninetales|88/100|[from] Spikes
|-weather|SunnyDay|[from] ability: Drought|[of] p2a: Ninetales
|move|p1a: Gliscor|Protect||[still]
|-fail|p1a: Gliscor
|
|-weather|SunnyDay|[upkeep]
|-heal|p1a: Gliscor|59/100 tox|[from] ability: Poison Heal
|upkeep
|turn|10
|
|t:|1769310216
|move|p1a: Gliscor|Protect|p1a: Gliscor
|-singleturn|p1a: Gliscor|Protect
|move|p2a: Ninetales|Encore|p1a: Gliscor
|-activate|p1a: Gliscor|move: Protect
|
|-weather|SunnyDay|[upkeep]
|-heal|p1a: Gliscor|72/100 tox|[from] ability: Poison Heal
|upkeep
|turn|11
|
|t:|1769310222
|move|p2a: Ninetales|Encore|p1a: Gliscor
|-start|p1a: Gliscor|Encore
|move|p1a: Gliscor|Protect||[still]
|-fail|p1a: Gliscor
|
|-weather|SunnyDay|[upkeep]
|-heal|p1a: Gliscor|84/100 tox|[from] ability: Poison Heal
|upkeep
|turn|12
|
|t:|1769310227
|switch|p2a: Walking Wake|Walking Wake|100/100
|-damage|p2a: Walking Wake|88/100|[from] Spikes
|-activate|p2a: Walking Wake|ability: Protosynthesis
|-start|p2a: Walking Wake|protosynthesisspe
|switch|p1a: Dondozo|Dondozo, F|100/100
|
|-weather|SunnyDay|[upkeep]
|upkeep
|turn|13
|
|t:|1769310238
|move|p2a: Walking Wake|Draco Meteor|p1a: Dondozo
|-damage|p1a: Dondozo|18/100
|-unboost|p2a: Walking Wake|spa|2
|move|p1a: Dondozo|Rest|p1a: Dondozo
|-status|p1a: Dondozo|slp|[from] move: Rest
|-heal|p1a: Dondozo|100/100 slp|[silent]
|
|-weather|SunnyDay|[upkeep]
|upkeep
|turn|14
|
|t:|1769310246
|-end|p2a: Walking Wake|Protosynthesis|[silent]
|switch|p2a: Slither Wing|Slither Wing|100/100
|-damage|p2a: Slither Wing|88/100|[from] Spikes
|-activate|p2a: Slither Wing|ability: Protosynthesis
|-start|p2a: Slither Wing|protosynthesisatk
|switch|p1a: Clefable|Clefable, F|69/100
|
|-weather|SunnyDay|[upkeep]
|upkeep
|turn|15
|
|t:|1769310250
|switch|p1a: Dondozo|Dondozo, F|100/100 slp
|move|p2a: Slither Wing|Flare Blitz|p1a: Dondozo
|-resisted|p1a: Dondozo
|-damage|p1a: Dondozo|68/100 slp
|-damage|p2a: Slither Wing|71/100|[from] Recoil
|
|-weather|SunnyDay|[upkeep]
|upkeep
|turn|16
|
|t:|1769310255
|move|p2a: Slither Wing|Flare Blitz|p1a: Dondozo
|-resisted|p1a: Dondozo
|-damage|p1a: Dondozo|39/100 slp
|-damage|p2a: Slither Wing|55/100|[from] Recoil
|cant|p1a: Dondozo|slp
|move|p1a: Dondozo|Sleep Talk|p1a: Dondozo
|move|p1a: Dondozo|Waterfall|p2a: Slither Wing|[from] move: Sleep Talk
|-damage|p2a: Slither Wing|38/100
|
|-weather|none
|-end|p2a: Slither Wing|Protosynthesis
|upkeep
|turn|17
|
|t:|1769310265
|-end|p2a: Slither Wing|Protosynthesis|[silent]
|switch|p2a: Venusaur|Venusaur, M|49/100
|-damage|p2a: Venusaur|36/100|[from] Spikes
|cant|p1a: Dondozo|slp
|move|p1a: Dondozo|Sleep Talk|p1a: Dondozo
|move|p1a: Dondozo|Curse|p1a: Dondozo|[from] move: Sleep Talk
|-unboost|p1a: Dondozo|spe|1
|-boost|p1a: Dondozo|atk|1
|-boost|p1a: Dondozo|def|1
|
|upkeep
|turn|18
|
|t:|1769310271
|switch|p2a: Ninetales|Ninetales, M|88/100
|-damage|p2a: Ninetales|76/100|[from] Spikes
|-weather|SunnyDay|[from] ability: Drought|[of] p2a: Ninetales
|switch|p1a: Dragonite|Dragonite, M|100/100
|
|-weather|SunnyDay|[upkeep]
|upkeep
|turn|19
|
|t:|1769310274
|switch|p1a: Gliscor|Gliscor, F|84/100 tox
|move|p2a: Ninetales|Will-O-Wisp||[still]
|-fail|p2a: Ninetales
|
|-weather|SunnyDay|[upkeep]
|-heal|p1a: Gliscor|97/100 tox|[from] ability: Poison Heal
|upkeep
|turn|20
|
|t:|1769310281
|switch|p2a: Venusaur|Venusaur, M|36/100
|-damage|p2a: Venusaur|24/100|[from] Spikes
|move|p1a: Gliscor|Earthquake|p2a: Venusaur
|-damage|p2a: Venusaur|0 fnt
|faint|p2a: Venusaur
|
|-weather|SunnyDay|[upkeep]
|-heal|p1a: Gliscor|100/100 tox|[from] ability: Poison Heal
|upkeep
|
|t:|1769310282
|switch|p2a: Walking Wake|Walking Wake|88/100
|-damage|p2a: Walking Wake|76/100|[from] Spikes
|-activate|p2a: Walking Wake|ability: Protosynthesis
|-start|p2a: Walking Wake|protosynthesisspe
|turn|21
|
|t:|1769310285
|move|p1a: Gliscor|Protect|p1a: Gliscor
|-singleturn|p1a: Gliscor|Protect
|move|p2a: Walking Wake|Hydro Steam|p1a: Gliscor
|-activate|p1a: Gliscor|move: Protect
|
|-weather|SunnyDay|[upkeep]
|upkeep
|turn|22
|
|t:|1769310295
|-terastallize|p1a: Gliscor|Water
|move|p2a: Walking Wake|Hydro Steam|p1a: Gliscor
|-resisted|p1a: Gliscor
|-damage|p1a: Gliscor|64/100 tox
|move|p1a: Gliscor|Toxic|p2a: Walking Wake
|-status|p2a: Walking Wake|tox
|
|-weather|SunnyDay|[upkeep]
|-damage|p2a: Walking Wake|70/100 tox|[from] psn
|-heal|p1a: Gliscor|76/100 tox|[from] ability: Poison Heal
|upkeep
|turn|23
|inactive|Bbeeaa has 270 seconds left.
|inactive|bhkg has 270 seconds left.
|inactive|bhkg has 240 seconds left.
|inactive|bhkg has 210 seconds left.
|
|t:|1769310393
|-end|p2a: Walking Wake|Protosynthesis|[silent]
|switch|p2a: Slither Wing|Slither Wing|38/100
|-damage|p2a: Slither Wing|25/100|[from] Spikes
|-activate|p2a: Slither Wing|ability: Protosynthesis
|-start|p2a: Slither Wing|protosynthesisatk
|move|p1a: Gliscor|Protect||[still]
|-fail|p1a: Gliscor
|
|-weather|SunnyDay|[upkeep]
|-heal|p1a: Gliscor|89/100 tox|[from] ability: Poison Heal
|upkeep
|turn|24
|inactive|Bbeeaa has 270 seconds left.
|
|t:|1769310403
|move|p1a: Gliscor|Protect|p1a: Gliscor
|-singleturn|p1a: Gliscor|Protect
|move|p2a: Slither Wing|Close Combat|p1a: Gliscor
|-activate|p1a: Gliscor|move: Protect
|
|-weather|SunnyDay|[upkeep]
|-heal|p1a: Gliscor|100/100 tox|[from] ability: Poison Heal
|upkeep
|turn|25
|
|t:|1769310407
|switch|p1a: Dondozo|Dondozo, F|39/100 slp
|move|p2a: Slither Wing|Close Combat|p1a: Dondozo
|-damage|p1a: Dondozo|0 fnt
|-unboost|p2a: Slither Wing|def|1
|-unboost|p2a: Slither Wing|spd|1
|faint|p1a: Dondozo
|
|-weather|none
|-end|p2a: Slither Wing|Protosynthesis
|upkeep
|
|t:|1769310414
|switch|p1a: Ogerpon|Ogerpon, F|100/100
|turn|26
|
|t:|1769310420
|-end|p2a: Slither Wing|Protosynthesis|[silent]
|switch|p2a: Ninetales|Ninetales, M|76/100
|-damage|p2a: Ninetales|64/100|[from] Spikes
|-weather|SunnyDay|[from] ability: Drought|[of] p2a: Ninetales
|move|p1a: Ogerpon|Knock Off|p2a: Ninetales
|-damage|p2a: Ninetales|26/100
|-enditem|p2a: Ninetales|Heat Rock|[from] move: Knock Off|[of] p1a: Ogerpon
|
|-weather|SunnyDay|[upkeep]
|upkeep
|turn|27
|inactive|bhkg has 240 seconds left.
|inactive|Bbeeaa has 270 seconds left.
|inactive|bhkg has 210 seconds left.
|inactive|Bbeeaa has 240 seconds left.
|inactive|bhkg has 180 seconds left.
|inactive|bhkg has 150 seconds left.
|c|☆Bbeeaa|Test 
|inactive|bhkg has 120 seconds left.
|inactive|bhkg has 90 seconds left.
|
|t:|1769310603
|switch|p2a: Walking Wake|Walking Wake|70/100 tox
|-damage|p2a: Walking Wake|58/100 tox|[from] Spikes
|-activate|p2a: Walking Wake|ability: Protosynthesis
|-start|p2a: Walking Wake|protosynthesisspe
|move|p1a: Ogerpon|Ivy Cudgel|p2a: Walking Wake
|-damage|p2a: Walking Wake|3/100 tox
|
|-weather|SunnyDay|[upkeep]
|-damage|p2a: Walking Wake|0 fnt|[from] psn
|faint|p2a: Walking Wake
|-end|p2a: Walking Wake|Protosynthesis|[silent]
|upkeep
|
|t:|1769310604
|switch|p2a: Slither Wing|Slither Wing|25/100
|-damage|p2a: Slither Wing|13/100|[from] Spikes
|-activate|p2a: Slither Wing|ability: Protosynthesis
|-start|p2a: Slither Wing|protosynthesisatk
|turn|28
|
|t:|1769310618
|switch|p1a: Dragonite|Dragonite, M|100/100
|move|p2a: Slither Wing|U-turn|p1a: Dragonite
|-resisted|p1a: Dragonite
|-damage|p1a: Dragonite|84/100
|inactive|bhkg has 60 seconds left.
|
|t:|1769310646
|-end|p2a: Slither Wing|Protosynthesis|[silent]
|switch|p2a: Ninetales|Ninetales, M|26/100|[from] U-turn
|-damage|p2a: Ninetales|14/100|[from] Spikes
|
|-weather|SunnyDay|[upkeep]
|upkeep
|turn|29
|inactive|Bbeeaa has 240 seconds left.
|inactive|bhkg has 30 seconds left.
|
|t:|1769310681
|switch|p1a: Gliscor|Gliscor, F, tera:Water|100/100 tox
|-terastallize|p2a: Ninetales|Ghost
|move|p2a: Ninetales|Healing Wish|p2a: Ninetales
|faint|p2a: Ninetales
|
|-weather|SunnyDay|[upkeep]
|upkeep
|inactive|bhkg has 30 seconds left this turn.
|
|t:|1769310690
|switch|p2a: Slither Wing|Slither Wing|13/100
|-heal|p2a: Slither Wing|100/100|[from] move: Healing Wish
|-damage|p2a: Slither Wing|88/100|[from] Spikes
|-activate|p2a: Slither Wing|ability: Protosynthesis
|-start|p2a: Slither Wing|protosynthesisatk
|turn|30
|
|t:|1769310697
|move|p1a: Gliscor|Protect|p1a: Gliscor
|-singleturn|p1a: Gliscor|Protect
|move|p2a: Slither Wing|Close Combat|p1a: Gliscor
|-activate|p1a: Gliscor|move: Protect
|
|-weather|SunnyDay|[upkeep]
|upkeep
|turn|31
|
|t:|1769310703
|switch|p1a: Dragonite|Dragonite, M|84/100
|move|p2a: Slither Wing|Close Combat|p1a: Dragonite
|-resisted|p1a: Dragonite
|-damage|p1a: Dragonite|21/100
|-unboost|p2a: Slither Wing|def|1
|-unboost|p2a: Slither Wing|spd|1
|
|-weather|SunnyDay|[upkeep]
|upkeep
|turn|32
|
|t:|1769310712
|move|p1a: Dragonite|Extreme Speed|p2a: Slither Wing
|-crit|p2a: Slither Wing
|-damage|p2a: Slither Wing|1/100
|move|p2a: Slither Wing|Close Combat|p1a: Dragonite
|-resisted|p1a: Dragonite
|-damage|p1a: Dragonite|0 fnt
|-unboost|p2a: Slither Wing|def|1
|-unboost|p2a: Slither Wing|spd|1
|faint|p1a: Dragonite
|
|-weather|SunnyDay|[upkeep]
|upkeep
|
|t:|1769310716
|switch|p1a: Ogerpon|Ogerpon, F|100/100
|turn|33
|
|t:|1769310720
|-end|p2a: Slither Wing|Protosynthesis|[silent]
|switch|p2a: Ting-Lu|Ting-Lu|100/100
|-damage|p2a: Ting-Lu|88/100|[from] Spikes
|-ability|p2a: Ting-Lu|Vessel of Ruin
|move|p1a: Ogerpon|Ivy Cudgel|p2a: Ting-Lu
|-supereffective|p2a: Ting-Lu
|-crit|p2a: Ting-Lu
|-damage|p2a: Ting-Lu|9/100
|
|-weather|none
|-heal|p2a: Ting-Lu|16/100|[from] item: Leftovers
|upkeep
|turn|34
|
|t:|1769310724
|move|p1a: Ogerpon|Ivy Cudgel|p2a: Ting-Lu
|-supereffective|p2a: Ting-Lu
|-damage|p2a: Ting-Lu|0 fnt
|faint|p2a: Ting-Lu
|
|upkeep
|
|t:|1769310731
|switch|p2a: Slither Wing|Slither Wing|1/100
|-damage|p2a: Slither Wing|0 fnt|[from] Spikes
|faint|p2a: Slither Wing
|-end|p2a: Slither Wing|Protosynthesis|[silent]
|
|t:|1769310732
|switch|p2a: Great Tusk|Great Tusk|43/100 tox
|-damage|p2a: Great Tusk|31/100 tox|[from] Spikes
|turn|35
|c|☆Bbeeaa|gg 
|c|☆bhkg|gg
|
|t:|1769310738
|move|p1a: Ogerpon|Ivy Cudgel|p2a: Great Tusk
|-supereffective|p2a: Great Tusk
|-damage|p2a: Great Tusk|0 fnt
|faint|p2a: Great Tusk
|-end|p2a: Great Tusk|Protosynthesis|[silent]
|
|win|Bbeeaa
|player|p2|
|player|p1|
