|j|☆BCDino
|j|☆guerrero105
|t:|1769348789
|gametype|singles
|player|p1|BCDino|burglar|1397
|player|p2|guerrero105|ltsurge|1348
|gen|9
|tier|[Gen 9] OU
|rated|
|rule|HP Percentage Mod: HP is shown in percentages
|rule|Endless Battle Clause: Forcing endless battles is banned
|rule|Species Clause: Limit one of each Pokémon
|rule|OHKO Clause: OHKO moves are banned
|rule|Evasion Items Clause: Evasion items are banned
|rule|Evasion Moves Clause: Evasion moves are banned
|rule|Evasion Abilities Clause: Evasion abilities are banned
|rule|Sleep Moves Clause: Sleep-inducing moves are banned
|clearpoke
|poke|p1|Scizor, M|
|poke|p1|Zapdos|
|poke|p1|Samurott-Hisui, M|
|poke|p1|Great Tusk|
|poke|p1|Heatran, F|
|poke|p1|Ogerpon-Wellspring, F|
|poke|p2|Clefable, F|
|poke|p2|Corviknight, M|
|poke|p2|Galvantula, M|
|poke|p2|Serperior, M|
|poke|p2|Garchomp, M|
|poke|p2|Incineroar, M|
|teampreview
|inactive|Battle timer is ON: inactive players will automatically lose when time's up. (requested by BCDino)
|inactive|BCDino has 120 seconds left.
|
|t:|1769348824
|teamsize|p1|6
|teamsize|p2|6
|start
|switch|p1a: Zapdos|Zapdos|100/100
|switch|p2a: Incineroar|Incineroar, M|100/100
|-ability|p2a: Incineroar|Intimidate|boost
|-unboost|p1a: Zapdos|atk|1
|turn|1
|
|t:|1769348834
|move|p1a: Zapdos|Volt Switch|p2a: Incineroar
|-damage|p2a: Incineroar|75/100
|
|t:|1769348847
|switch|p1a: Samurott|Samurott-Hisui, M|100/100|[from] Volt Switch
|move|p2a: Incineroar|Knock Off|p1a: Samurott
|-resisted|p1a: Samurott
|-damage|p1a: Samurott|76/100
|-enditem|p1a: Samurott|Choice Scarf|[from] move: Knock Off|[of] p2a: Incineroar
|
|-heal|p2a: Incineroar|81/100|[from] item: Leftovers
|upkeep
|turn|2
|
|t:|1769348858
|move|p1a: Samurott|Flip Turn|p2a: Incineroar
|-supereffective|p2a: Incineroar
|-damage|p2a: Incineroar|38/100
|
|t:|1769348863
|switch|p1a: Great Tusk|Great Tusk|100/100|[from] Flip Turn
|move|p2a: Incineroar|Will-O-Wisp|p1a: Great Tusk
|-status|p1a: Great Tusk|brn
|
|-heal|p2a: Incineroar|44/100|[from] item: Leftovers
|-damage|p1a: Great Tusk|94/100 brn|[from] brn
|upkeep
|turn|3
|
|t:|1769348869
|switch|p2a: Corviknight|Corviknight, M|100/100
|-ability|p2a: Corviknight|Pressure
|move|p1a: Great Tusk|Earthquake|p2a: Corviknight
|-immune|p2a: Corviknight
|
|-damage|p1a: Great Tusk|88/100 brn|[from] brn
|upkeep
|turn|4
|
|t:|1769348875
|-end|p1a: Great Tusk|Protosynthesis|[silent]
|switch|p1a: Zapdos|Zapdos|100/100
|move|p2a: Corviknight|Iron Defense|p2a: Corviknight
|-boost|p2a: Corviknight|def|2
|
|upkeep
|turn|5
|
|t:|1769348878
|switch|p2a: Garchomp|Garchomp, M|100/100
|move|p1a: Zapdos|Volt Switch|p2a: Garchomp
|-immune|p2a: Garchomp
|
|upkeep
|turn|6
|
|t:|1769348884
|move|p2a: Garchomp|Swords Dance|p2a: Garchomp
|-boost|p2a: Garchomp|atk|2
|move|p1a: Zapdos|Hurricane|p2a: Garchomp
|-damage|p2a: Garchomp|49/100
|
|upkeep
|turn|7
|
|t:|1769348890
|move|p2a: Garchomp|Scale Shot|p1a: Zapdos
|-damage|p1a: Zapdos|81/100
|-damage|p1a: Zapdos|62/100
|-damage|p1a: Zapdos|43/100
|-damage|p1a: Zapdos|21/100
|-damage|p1a: Zapdos|3/100
|-hitcount|p1a: Zapdos|5
|-unboost|p2a: Garchomp|def|1
|-boost|p2a: Garchomp|spe|1
|move|p1a: Zapdos|Hurricane|p2a: Garchomp|[miss]
|-miss|p1a: Zapdos|p2a: Garchomp
|
|upkeep
|turn|8
|
|t:|1769348905
|-terastallize|p1a: Zapdos|Fairy
|move|p2a: Garchomp|Scale Shot|p1a: Zapdos
|-immune|p1a: Zapdos
|move|p1a: Zapdos|Roost|p1a: Zapdos
|-heal|p1a: Zapdos|53/100
|
|upkeep
|turn|9
|
|t:|1769348917
|switch|p1a: Great Tusk|Great Tusk|88/100 brn
|move|p2a: Garchomp|Earthquake|p1a: Great Tusk
|-damage|p1a: Great Tusk|36/100 brn
|
|-damage|p1a: Great Tusk|29/100 brn|[from] brn
|upkeep
|turn|10
|
|t:|1769348926
|move|p2a: Garchomp|Earthquake|p1a: Great Tusk
|-damage|p1a: Great Tusk|0 fnt
|faint|p1a: Great Tusk
|-end|p1a: Great Tusk|Protosynthesis|[silent]
|
|upkeep
|
|t:|1769348928
|switch|p1a: Scizor|Scizor, M|100/100
|turn|11
|
|t:|1769348939
|-terastallize|p2a: Garchomp|Water
|move|p1a: Scizor|Bullet Punch|p2a: Garchomp
|-resisted|p2a: Garchomp
|-damage|p2a: Garchomp|8/100
|-damage|p1a: Scizor|88/100|[from] ability: Rough Skin|[of] p2a: Garchomp
|move|p2a: Garchomp|Liquidation|p1a: Scizor
|-damage|p1a: Scizor|0 fnt
|faint|p1a: Scizor
|
|upkeep
|
|t:|1769348942
|switch|p1a: Samurott|Samurott-Hisui, M|76/100
|turn|12
|
|t:|1769348952
|switch|p2a: Corviknight|Corviknight, M|100/100
|-ability|p2a: Corviknight|Pressure
|move|p1a: Samurott|Ceaseless Edge|p2a: Corviknight
|-damage|p2a: Corviknight|72/100
|-damage|p1a: Samurott|59/100|[from] item: Rocky Helmet|[of] p2a: Corviknight
|-sidestart|p2: guerrero105|Spikes
|
|upkeep
|turn|13
|
|t:|1769348959
|move|p1a: Samurott|Ceaseless Edge|p2a: Corviknight
|-damage|p2a: Corviknight|41/100
|-damage|p1a: Samurott|43/100|[from] item: Rocky Helmet|[of] p2a: Corviknight
|-sidestart|p2: guerrero105|Spikes
|move|p2a: Corviknight|Defog|p1a: Samurott
|-unboost|p1a: Samurott|evasion|1
|-sideend|p2: guerrero105|Spikes|[from] move: Defog|[of] p2a: Corviknight
|
|upkeep
|turn|14
|
|t:|1769348968
|move|p1a: Samurott|Flip Turn|p2a: Corviknight
|-damage|p2a: Corviknight|20/100
|-damage|p1a: Samurott|26/100|[from] item: Rocky Helmet|[of] p2a: Corviknight
|
|t:|1769348970
|switch|p1a: Zapdos|Zapdos, tera:Fairy|53/100|[from] Flip Turn
|move|p2a: Corviknight|Roost|p2a: Corviknight
|-heal|p2a: Corviknight|71/100
|-singleturn|p2a: Corviknight|move: Roost
|
|upkeep
|turn|15
|
|t:|1769348982
|switch|p2a: Galvantula|Galvantula, M|100/100
|move|p1a: Zapdos|Roost|p1a: Zapdos
|-heal|p1a: Zapdos|100/100
|
|upkeep
|turn|16
|
|t:|1769348986
|move|p2a: Galvantula|Sticky Web|p1a: Zapdos
|-sidestart|p1: BCDino|move: Sticky Web
|move|p1a: Zapdos|Heat Wave|p2a: Galvantula
|-supereffective|p2a: Galvantula
|-damage|p2a: Galvantula|8/100
|
|upkeep
|turn|17
|
|t:|1769348994
|move|p2a: Galvantula|Thunder|p1a: Zapdos
|-damage|p1a: Zapdos|59/100
|-status|p1a: Zapdos|par
|move|p1a: Zapdos|Heat Wave|p2a: Galvantula
|-supereffective|p2a: Galvantula
|-damage|p2a: Galvantula|0 fnt
|faint|p2a: Galvantula
|
|upkeep
|
|t:|1769349001
|switch|p2a: Clefable|Clefable, F|100/100
|turn|18
|
|t:|1769349007
|move|p2a: Clefable|Stealth Rock|p1a: Zapdos
|-sidestart|p1: BCDino|move: Stealth Rock
|move|p1a: Zapdos|Volt Switch|p2a: Clefable
|-damage|p2a: Clefable|81/100
|
|t:|1769349009
|switch|p1a: Heatran|Heatran, F|100/100|[from] Volt Switch
|-activate|p1a: Heatran|move: Sticky Web
|-unboost|p1a: Heatran|spe|1
|-damage|p1a: Heatran|88/100|[from] Stealth Rock
|
|-heal|p2a: Clefable|88/100|[from] item: Leftovers
|-heal|p1a: Heatran|94/100|[from] item: Leftovers
|upkeep
|turn|19
|
|t:|1769349016
|move|p2a: Clefable|Thunder Wave|p1a: Heatran
|-status|p1a: Heatran|par
|move|p1a: Heatran|Taunt|p2a: Clefable
|-start|p2a: Clefable|move: Taunt
|
|-heal|p2a: Clefable|94/100|[from] item: Leftovers
|-heal|p1a: Heatran|100/100 par|[from] item: Leftovers
|upkeep
|turn|20
|
|t:|1769349025
|switch|p2a: Incineroar|Incineroar, M|44/100
|-ability|p2a: Incineroar|Intimidate|boost
|-unboost|p1a: Heatran|atk|1
|cant|p1a: Heatran|par
|
|-heal|p2a: Incineroar|50/100|[from] item: Leftovers
|upkeep
|turn|21
|
|t:|1769349031
|move|p2a: Incineroar|Knock Off|p1a: Heatran
|-damage|p1a: Heatran|66/100 par
|-enditem|p1a: Heatran|Leftovers|[from] move: Knock Off|[of] p2a: Incineroar
|move|p1a: Heatran|Earth Power|p2a: Incineroar
|-supereffective|p2a: Incineroar
|-damage|p2a: Incineroar|3/100
|
|-heal|p2a: Incineroar|9/100|[from] item: Leftovers
|upkeep
|turn|22
|
|t:|1769349037
|move|p2a: Incineroar|Parting Shot|p1a: Heatran
|-unboost|p1a: Heatran|atk|1
|-unboost|p1a: Heatran|spa|1
|
|t:|1769349041
|switch|p2a: Clefable|Clefable, F|94/100|[from] Parting Shot
|move|p1a: Heatran|Magma Storm|p2a: Clefable
|-damage|p2a: Clefable|64/100
|-activate|p2a: Clefable|move: Magma Storm|[of] p1a: Heatran
|
|-heal|p2a: Clefable|70/100|[from] item: Leftovers
|-damage|p2a: Clefable|58/100|[from] move: Magma Storm|[partiallytrapped]
|upkeep
|turn|23
|
|t:|1769349048
|switch|p1a: Ogerpon|Ogerpon-Wellspring, F|100/100
|-activate|p1a: Ogerpon|move: Sticky Web
|-unboost|p1a: Ogerpon|spe|1
|-damage|p1a: Ogerpon|88/100|[from] Stealth Rock
|move|p2a: Clefable|Moonblast|p1a: Ogerpon
|-damage|p1a: Ogerpon|49/100
|-unboost|p1a: Ogerpon|spa|1
|
|-heal|p2a: Clefable|64/100|[from] item: Leftovers
|-end|p2a: Clefable|Magma Storm|[partiallytrapped]|[silent]
|upkeep
|turn|24
|
|t:|1769349062
|switch|p1a: Heatran|Heatran, F|66/100 par
|-activate|p1a: Heatran|move: Sticky Web
|-unboost|p1a: Heatran|spe|1
|-damage|p1a: Heatran|54/100 par|[from] Stealth Rock
|switch|p2a: Incineroar|Incineroar, M|9/100
|-ability|p2a: Incineroar|Intimidate|boost
|-unboost|p1a: Heatran|atk|1
|
|-heal|p2a: Incineroar|15/100|[from] item: Leftovers
|upkeep
|turn|25
|
|t:|1769349066
|move|p2a: Incineroar|Parting Shot|p1a: Heatran
|-unboost|p1a: Heatran|atk|1
|-unboost|p1a: Heatran|spa|1
|
|t:|1769349069
|switch|p2a: Clefable|Clefable, F|64/100|[from] Parting Shot
|move|p1a: Heatran|Earth Power|p2a: Clefable
|-damage|p2a: Clefable|46/100
|
|-heal|p2a: Clefable|53/100|[from] item: Leftovers
|upkeep
|turn|26
|
|t:|1769349075
|move|p2a: Clefable|Moonblast|p1a: Heatran
|-resisted|p1a: Heatran
|-damage|p1a: Heatran|49/100 par
|cant|p1a: Heatran|par
|
|-heal|p2a: Clefable|59/100|[from] item: Leftovers
|upkeep
|turn|27
|
|t:|1769349079
|move|p2a: Clefable|Moonblast|p1a: Heatran
|-resisted|p1a: Heatran
|-damage|p1a: Heatran|44/100 par
|move|p1a: Heatran|Magma Storm|p2a: Clefable
|-damage|p2a: Clefable|31/100
|-activate|p2a: Clefable|move: Magma Storm|[of] p1a: Heatran
|
|-heal|p2a: Clefable|37/100|[from] item: Leftovers
|-damage|p2a: Clefable|25/100|[from] move: Magma Storm|[partiallytrapped]
|upkeep
|turn|28
|
|t:|1769349085
|move|p2a: Clefable|Moonlight|p2a: Clefable
|-heal|p2a: Clefable|75/100
|move|p1a: Heatran|Taunt|p2a: Clefable
|-start|p2a: Clefable|move: Taunt
|
|-heal|p2a: Clefable|81/100|[from] item: Leftovers
|-damage|p2a: Clefable|68/100|[from] move: Magma Storm|[partiallytrapped]
|upkeep
|turn|29
|
|t:|1769349089
|move|p2a: Clefable|Moonblast|p1a: Heatran
|-resisted|p1a: Heatran
|-damage|p1a: Heatran|38/100 par
|move|p1a: Heatran|Earth Power|p2a: Clefable
|-damage|p2a: Clefable|52/100
|
|-heal|p2a: Clefable|58/100|[from] item: Leftovers
|-damage|p2a: Clefable|46/100|[from] move: Magma Storm|[partiallytrapped]
|upkeep
|turn|30
|
|t:|1769349093
|move|p2a: Clefable|Moonblast|p1a: Heatran
|-resisted|p1a: Heatran
|-damage|p1a: Heatran|33/100 par
|-unboost|p1a: Heatran|spa|1
|move|p1a: Heatran|Magma Storm|p2a: Clefable
|-damage|p2a: Clefable|18/100
|
|-heal|p2a: Clefable|24/100|[from] item: Leftovers
|-damage|p2a: Clefable|11/100|[from] move: Magma Storm|[partiallytrapped]
|upkeep
|turn|31
|
|t:|1769349100
|move|p2a: Clefable|Moonblast|p1a: Heatran
|-resisted|p1a: Heatran
|-damage|p1a: Heatran|29/100 par
|move|p1a: Heatran|Earth Power|p2a: Clefable
|-damage|p2a: Clefable|0 fnt
|faint|p2a: Clefable
|
|upkeep
|
|t:|1769349107
|switch|p2a: Garchomp|Garchomp, M, tera:Water|8/100
|turn|32
|
|t:|1769349110
|move|p2a: Garchomp|Earthquake|p1a: Heatran
|-supereffective|p1a: Heatran
|-damage|p1a: Heatran|0 fnt
|faint|p1a: Heatran
|
|upkeep
|
|t:|1769349119
|switch|p1a: Samurott|Samurott-Hisui, M|26/100
|-activate|p1a: Samurott|move: Sticky Web
|-unboost|p1a: Samurott|spe|1
|-damage|p1a: Samurott|14/100|[from] Stealth Rock
|turn|33
|
|t:|1769349126
|move|p2a: Garchomp|Earthquake|p1a: Samurott
|-damage|p1a: Samurott|0 fnt
|faint|p1a: Samurott
|
|upkeep
|
|t:|1769349131
|switch|p1a: Zapdos|Zapdos, tera:Fairy|59/100 par
|turn|34
|
|t:|1769349134
|move|p2a: Garchomp|Earthquake|p1a: Zapdos
|-damage|p1a: Zapdos|19/100 par
|cant|p1a: Zapdos|par
|
|upkeep
|turn|35
|
|t:|1769349139
|move|p2a: Garchomp|Earthquake|p1a: Zapdos
|-damage|p1a: Zapdos|0 fnt
|faint|p1a: Zapdos
|
|upkeep
|
|t:|1769349141
|switch|p1a: Ogerpon|Ogerpon-Wellspring, F|49/100
|-activate|p1a: Ogerpon|move: Sticky Web
|-unboost|p1a: Ogerpon|spe|1
|-damage|p1a: Ogerpon|37/100|[from] Stealth Rock
|turn|36
|
|t:|1769349146
|move|p2a: Garchomp|Scale Shot|p1a: Ogerpon
|-damage|p1a: Ogerpon|21/100
|-damage|p1a: Ogerpon|2/100
|-damage|p1a: Ogerpon|0 fnt
|faint|p1a: Ogerpon
|-hitcount|p1: Ogerpon|3
|
|win|guerrero105
|raw|BCDino's rating: 1397 &rarr; <strong>1374</strong><br />(-23 for losing)
|raw|guerrero105's rating: 1348 &rarr; <strong>1371</strong><br />(+23 for winning)
|l|☆BCDino
|player|p1|
|l|☆guerrero105
|player|p2|
