|j|☆NebulaTrainer
|j|☆ferrydiscs
|t:|1769372633
|gametype|singles
|player|p1|NebulaTrainer|cynthia-gen4|1574
|player|p2|ferrydiscs|will|1618
|gen|9
|tier|[Gen 9] OU
|rated|
|rule|HP Percentage Mod: HP is shown in percentages
|rule|Endless Battle Clause: Forcing endless battles is banned
|rule|Species Clause: Limit one of each Pokémon
|rule|OHKO Clause: OHKO moves are banned
|rule|Evasion Items Clause: Evasion items are banned
|rule|Evasion Moves Clause: Evasion moves are banned
|rule|Evasion Abilities Clause: Evasion abilities are banned
|rule|Sleep Moves Clause: Sleep-inducing moves are banned
|clearpoke
|poke|p1|Tornadus-Therian, M|
|poke|p1|Heatran, M|
|poke|p1|Hippowdon, M|
|poke|p1|Keldeo-Resolute|
|poke|p1|Excadrill, M|
|poke|p1|Hydrapple, F|
|poke|p2|Tyranitar, M|
|poke|p2|Excadrill, M|
|poke|p2|Tornadus-Therian, M|
|poke|p2|Tinkaton, F|
|poke|p2|Sinistcha|
|poke|p2|Toxapex, M|
|teampreview
|c|☆ferrydiscs|this was that uu team from a while back right?
|
|t:|1769372656
|teamsize|p1|6
|teamsize|p2|6
|start
|switch|p1a: Keldeo|Keldeo-Resolute|100/100
|switch|p2a: Excadrill|Excadrill, M, shiny|100/100
|turn|1
|
|t:|1769372665
|switch|p2a: Toxapex|Toxapex, M, shiny|100/100
|move|p1a: Keldeo|Icy Wind|p2a: Toxapex
|-resisted|p2a: Toxapex
|-damage|p2a: Toxapex|90/100
|-unboost|p2a: Toxapex|spe|1
|-enditem|p2a: Toxapex|Eject Button
|
|t:|1769372668
|switch|p2a: Tornadus|Tornadus-Therian, M, shiny|100/100
|
|upkeep
|turn|2
|
|t:|1769372684
|switch|p1a: Tornadus|Tornadus-Therian, M, shiny|100/100
|move|p2a: Tornadus|Bleakwind Storm|p1a: Tornadus
|-damage|p1a: Tornadus|56/100
|
|upkeep
|turn|3
|
|t:|1769372691
|switch|p2a: Tinkaton|Tinkaton, F, shiny|100/100
|-item|p2a: Tinkaton|Air Balloon
|move|p1a: Tornadus|Knock Off|p2a: Tinkaton
|-resisted|p2a: Tinkaton
|-damage|p2a: Tinkaton|87/100
|-enditem|p2a: Tinkaton|Air Balloon
|-enditem|p1a: Tornadus|Assault Vest|[silent]|[from] ability: Pickpocket|[of] p1a: Tornadus
|-item|p2a: Tinkaton|Assault Vest|[from] ability: Pickpocket|[of] p1a: Tornadus
|
|upkeep
|turn|4
|
|t:|1769372700
|move|p1a: Tornadus|Heat Wave|p2a: Tinkaton
|-supereffective|p2a: Tinkaton
|-damage|p2a: Tinkaton|52/100
|move|p2a: Tinkaton|Gigaton Hammer|p1a: Tornadus
|-damage|p1a: Tornadus|0 fnt
|faint|p1a: Tornadus
|
|upkeep
|
|t:|1769372709
|switch|p1a: Excadrill|Excadrill, M, shiny|100/100
|turn|5
|
|t:|1769372715
|switch|p2a: Tornadus|Tornadus-Therian, M, shiny|100/100
|move|p1a: Excadrill|Swords Dance|p1a: Excadrill
|-boost|p1a: Excadrill|atk|2
|
|upkeep
|turn|6
|
|t:|1769372749
|move|p2a: Tornadus|Heat Wave|p1a: Excadrill
|-supereffective|p1a: Excadrill
|-damage|p1a: Excadrill|0 fnt
|faint|p1a: Excadrill
|
|upkeep
|
|t:|1769372756
|switch|p1a: Hydrapple|Hydrapple, F|100/100
|turn|7
|
|t:|1769372762
|switch|p2a: Toxapex|Toxapex, M, shiny|100/100
|move|p1a: Hydrapple|Earth Power|p2a: Toxapex
|-supereffective|p2a: Toxapex
|-damage|p2a: Toxapex|56/100
|-unboost|p2a: Toxapex|spd|1
|
|upkeep
|turn|8
|
|t:|1769372770
|move|p1a: Hydrapple|Nasty Plot|p1a: Hydrapple
|-boost|p1a: Hydrapple|spa|2
|move|p2a: Toxapex|Toxic|p1a: Hydrapple
|-status|p1a: Hydrapple|tox
|
|-damage|p1a: Hydrapple|94/100 tox|[from] psn
|upkeep
|turn|9
|
|t:|1769372781
|switch|p2a: Sinistcha|Sinistcha, shiny|100/100
|move|p1a: Hydrapple|Fickle Beam|p2a: Sinistcha
|-damage|p2a: Sinistcha|0 fnt
|faint|p2a: Sinistcha
|
|-damage|p1a: Hydrapple|82/100 tox|[from] psn
|upkeep
|
|t:|1769372783
|switch|p2a: Tornadus|Tornadus-Therian, M, shiny|100/100
|turn|10
|
|t:|1769372795
|switch|p2a: Tyranitar|Tyranitar, M, shiny|100/100
|-weather|Sandstorm|[from] ability: Sand Stream|[of] p2a: Tyranitar
|switch|p1a: Heatran|Heatran, M, shiny|100/100
|
|-weather|Sandstorm|[upkeep]
|upkeep
|turn|11
|
|t:|1769372806
|move|p2a: Tyranitar|Low Kick|p1a: Heatran
|-supereffective|p1a: Heatran
|-damage|p1a: Heatran|0 fnt
|faint|p1a: Heatran
|
|-weather|Sandstorm|[upkeep]
|upkeep
|
|t:|1769372814
|switch|p1a: Hydrapple|Hydrapple, F|100/100 tox
|turn|12
|
|t:|1769372822
|switch|p2a: Tornadus|Tornadus-Therian, M, shiny|100/100
|move|p1a: Hydrapple|Nasty Plot|p1a: Hydrapple
|-boost|p1a: Hydrapple|spa|2
|
|-weather|Sandstorm|[upkeep]
|-damage|p2a: Tornadus|94/100|[from] Sandstorm
|-damage|p1a: Hydrapple|94/100 tox|[from] Sandstorm
|-damage|p1a: Hydrapple|88/100 tox|[from] psn
|upkeep
|turn|13
|
|t:|1769372834
|-terastallize|p1a: Hydrapple|Fairy
|move|p2a: Tornadus|Bleakwind Storm|p1a: Hydrapple
|-damage|p1a: Hydrapple|14/100 tox
|move|p1a: Hydrapple|Fickle Beam|p2a: Tornadus
|-damage|p2a: Tornadus|0 fnt
|faint|p2a: Tornadus
|
|-weather|Sandstorm|[upkeep]
|-damage|p1a: Hydrapple|8/100 tox|[from] Sandstorm
|-damage|p1a: Hydrapple|0 fnt|[from] psn
|faint|p1a: Hydrapple
|upkeep
|
|t:|1769372850
|switch|p2a: Toxapex|Toxapex, M, shiny|90/100
|switch|p1a: Hippowdon|Hippowdon, M, shiny|100/100
|turn|14
|
|t:|1769372857
|move|p1a: Hippowdon|Earthquake|p2a: Toxapex
|-supereffective|p2a: Toxapex
|-damage|p2a: Toxapex|34/100
|move|p2a: Toxapex|Toxic|p1a: Hippowdon
|-status|p1a: Hippowdon|tox
|
|-weather|none
|-damage|p1a: Hippowdon|94/100 tox|[from] psn
|upkeep
|turn|15
|
|t:|1769372866
|switch|p2a: Tinkaton|Tinkaton, F, shiny|52/100
|move|p1a: Hippowdon|Earthquake|p2a: Tinkaton
|-supereffective|p2a: Tinkaton
|-damage|p2a: Tinkaton|0 fnt
|faint|p2a: Tinkaton
|
|-damage|p1a: Hippowdon|82/100 tox|[from] psn
|upkeep
|
|t:|1769372876
|switch|p2a: Tyranitar|Tyranitar, M, shiny|100/100
|-weather|Sandstorm|[from] ability: Sand Stream|[of] p2a: Tyranitar
|turn|16
|
|t:|1769372881
|switch|p1a: Keldeo|Keldeo-Resolute|100/100
|move|p2a: Tyranitar|Knock Off|p1a: Keldeo
|-resisted|p1a: Keldeo
|-damage|p1a: Keldeo|53/100
|-ability|p1a: Keldeo|Justified|boost
|-boost|p1a: Keldeo|atk|1
|-enditem|p1a: Keldeo|Choice Specs|[from] move: Knock Off|[of] p2a: Tyranitar
|
|-weather|Sandstorm|[upkeep]
|-damage|p1a: Keldeo|47/100|[from] Sandstorm
|upkeep
|turn|17
|
|t:|1769372892
|move|p1a: Keldeo|Flip Turn|p2a: Tyranitar
|-supereffective|p2a: Tyranitar
|-damage|p2a: Tyranitar|63/100
|
|t:|1769372895
|switch|p1a: Hippowdon|Hippowdon, M, shiny|82/100 tox|[from] Flip Turn
|move|p2a: Tyranitar|Knock Off|p1a: Hippowdon
|-damage|p1a: Hippowdon|35/100 tox
|-enditem|p1a: Hippowdon|Smooth Rock|[from] move: Knock Off|[of] p2a: Tyranitar
|
|-weather|Sandstorm|[upkeep]
|-damage|p1a: Hippowdon|29/100 tox|[from] psn
|upkeep
|turn|18
|
|t:|1769372905
|move|p2a: Tyranitar|Knock Off|p1a: Hippowdon
|-damage|p1a: Hippowdon|0 fnt
|faint|p1a: Hippowdon
|
|-weather|Sandstorm|[upkeep]
|upkeep
|
|t:|1769372912
|switch|p1a: Keldeo|Keldeo-Resolute|47/100
|turn|19
|
|t:|1769372915
|move|p1a: Keldeo|Hydro Pump|p2a: Tyranitar
|-supereffective|p2a: Tyranitar
|-damage|p2a: Tyranitar|0 fnt
|faint|p2a: Tyranitar
|
|-weather|Sandstorm|[upkeep]
|-damage|p1a: Keldeo|40/100|[from] Sandstorm
|upkeep
|
|t:|1769372919
|switch|p2a: Excadrill|Excadrill, M, shiny|100/100
|turn|20
|inactive|Battle timer is ON: inactive players will automatically lose when time's up. (requested by ferrydiscs)
|inactive|NebulaTrainer has 120 seconds left.
|inactive|NebulaTrainer has 90 seconds left.
|inactive|NebulaTrainer has 60 seconds left.
|inactive|NebulaTrainer has 30 seconds left.
|inactive|NebulaTrainer has 20 seconds left.
|inactive|NebulaTrainer has 15 seconds left.
|inactive|NebulaTrainer has 10 seconds left.
|inactive|NebulaTrainer has 5 seconds left.
|-message|NebulaTrainer lost due to inactivity.
|
|win|ferrydiscs
|raw|NebulaTrainer's rating: 1551 &rarr; <strong>1535</strong><br />(-16 for losing)
|raw|ferrydiscs's rating: 1618 &rarr; <strong>1634</strong><br />(+16 for winning)
