|j|☆Tumbletown
|j|☆rblt ryo
|t:|1769375096
|gametype|singles
|player|p1|Tumbletown|hilda|1699
|player|p2|rblt ryo|dawn|1739
|gen|9
|tier|[Gen 9] OU
|rated|
|rule|HP Percentage Mod: HP is shown in percentages
|rule|Endless Battle Clause: Forcing endless battles is banned
|rule|Species Clause: Limit one of each Pokémon
|rule|OHKO Clause: OHKO moves are banned
|rule|Evasion Items Clause: Evasion items are banned
|rule|Evasion Moves Clause: Evasion moves are banned
|rule|Evasion Abilities Clause: Evasion abilities are banned
|rule|Sleep Moves Clause: Sleep-inducing moves are banned
|clearpoke
|poke|p1|Barraskewda, M|
|poke|p1|Pelipper, M|
|poke|p1|Raging Bolt|
|poke|p1|Iron Treads|
|poke|p1|Zapdos|
|poke|p1|Indeedee, M|
|poke|p2|Metagross|
|poke|p2|Keldeo-Resolute|
|poke|p2|Ting-Lu|
|poke|p2|Pecharunt|
|poke|p2|Dragapult, M|
|poke|p2|Zapdos|
|teampreview
|j| Steel Davis
|
|t:|1769375127
|teamsize|p1|6
|teamsize|p2|6
|start
|switch|p1a: Raging Bolt|Raging Bolt|100/100
|switch|p2a: Zapdos|Zapdos|100/100
|turn|1
|
|t:|1769375133
|move|p2a: Zapdos|Volt Switch|p1a: Raging Bolt
|-resisted|p1a: Raging Bolt
|-damage|p1a: Raging Bolt|94/100
|
|t:|1769375136
|switch|p2a: Ting-Lu|Ting-Lu|100/100|[from] Volt Switch
|-ability|p2a: Ting-Lu|Vessel of Ruin
|move|p1a: Raging Bolt|Taunt|p2a: Ting-Lu
|-start|p2a: Ting-Lu|move: Taunt
|
|upkeep
|turn|2
|
|t:|1769375145
|-end|p1a: Raging Bolt|Protosynthesis|[silent]
|switch|p1a: Pelipper|Pelipper, M|100/100
|-weather|RainDance|[from] ability: Drizzle|[of] p1a: Pelipper
|switch|p2a: Zapdos|Zapdos|100/100
|
|-weather|RainDance|[upkeep]
|upkeep
|turn|3
|
|t:|1769375151
|switch|p1a: Iron Treads|Iron Treads|100/100
|-item|p1a: Iron Treads|Air Balloon
|move|p2a: Zapdos|Hurricane|p1a: Iron Treads
|-resisted|p1a: Iron Treads
|-damage|p1a: Iron Treads|76/100
|-enditem|p1a: Iron Treads|Air Balloon
|
|-weather|RainDance|[upkeep]
|upkeep
|turn|4
|
|t:|1769375159
|move|p2a: Zapdos|Hurricane|p1a: Iron Treads
|-resisted|p1a: Iron Treads
|-damage|p1a: Iron Treads|53/100
|move|p1a: Iron Treads|Stealth Rock|p2a: Zapdos
|-sidestart|p2: rblt ryo|move: Stealth Rock
|
|-weather|RainDance|[upkeep]
|upkeep
|turn|5
|
|t:|1769375175
|-end|p1a: Iron Treads|Quark Drive|[silent]
|switch|p1a: Zapdos|Zapdos|100/100
|move|p2a: Zapdos|Hurricane|p1a: Zapdos
|-resisted|p1a: Zapdos
|-damage|p1a: Zapdos|66/100
|
|-weather|RainDance|[upkeep]
|upkeep
|turn|6
|
|t:|1769375189
|switch|p2a: Keldeo|Keldeo-Resolute, shiny|100/100
|-damage|p2a: Keldeo|94/100|[from] Stealth Rock
|move|p1a: Zapdos|Thunder|p2a: Keldeo
|-supereffective|p2a: Keldeo
|-damage|p2a: Keldeo|0 fnt
|faint|p2a: Keldeo
|
|-weather|RainDance|[upkeep]
|upkeep
|
|t:|1769375197
|switch|p2a: Ting-Lu|Ting-Lu|100/100
|-damage|p2a: Ting-Lu|94/100|[from] Stealth Rock
|-ability|p2a: Ting-Lu|Vessel of Ruin
|turn|7
|
|t:|1769375200
|move|p1a: Zapdos|U-turn|p2a: Ting-Lu
|-supereffective|p2a: Ting-Lu
|-damage|p2a: Ting-Lu|80/100
|
|t:|1769375204
|switch|p1a: Barraskewda|Barraskewda, M, shiny|100/100|[from] U-turn
|move|p2a: Ting-Lu|Stealth Rock|p1a: Barraskewda
|-sidestart|p1: Tumbletown|move: Stealth Rock
|
|-weather|RainDance|[upkeep]
|-heal|p2a: Ting-Lu|86/100|[from] item: Leftovers
|upkeep
|turn|8
|
|t:|1769375214
|-terastallize|p2a: Ting-Lu|Water
|move|p1a: Barraskewda|Liquidation|p2a: Ting-Lu
|-resisted|p2a: Ting-Lu
|-damage|p2a: Ting-Lu|59/100
|move|p2a: Ting-Lu|Ruination|p1a: Barraskewda
|-damage|p1a: Barraskewda|51/100
|
|-weather|RainDance|[upkeep]
|-heal|p2a: Ting-Lu|65/100|[from] item: Leftovers
|upkeep
|turn|9
|
|t:|1769375223
|switch|p1a: Zapdos|Zapdos|66/100
|switch|p2a: Zapdos|Zapdos|100/100
|
|-weather|none
|upkeep
|turn|10
|
|t:|1769375234
|move|p2a: Zapdos|Heat Wave|p1a: Zapdos|[miss]
|-miss|p2a: Zapdos|p1a: Zapdos
|move|p1a: Zapdos|Thunder|p2a: Zapdos|[miss]
|-miss|p1a: Zapdos|p2a: Zapdos
|
|upkeep
|turn|11
|
|t:|1769375240
|move|p2a: Zapdos|Heat Wave|p1a: Zapdos
|-crit|p1a: Zapdos
|-damage|p1a: Zapdos|5/100
|move|p1a: Zapdos|Thunder|p2a: Zapdos|[miss]
|-miss|p1a: Zapdos|p2a: Zapdos
|
|upkeep
|turn|12
|
|t:|1769375247
|switch|p1a: Raging Bolt|Raging Bolt|94/100
|move|p2a: Zapdos|Hurricane|p1a: Raging Bolt
|-resisted|p1a: Raging Bolt
|-damage|p1a: Raging Bolt|71/100
|-start|p1a: Raging Bolt|confusion
|
|upkeep
|turn|13
|
|t:|1769375254
|move|p2a: Zapdos|Volt Switch|p1a: Raging Bolt
|-resisted|p1a: Raging Bolt
|-damage|p1a: Raging Bolt|64/100
|
|t:|1769375259
|switch|p2a: Metagross|Metagross, shiny|100/100|[from] Volt Switch
|-damage|p2a: Metagross|94/100|[from] Stealth Rock
|-activate|p1a: Raging Bolt|confusion
|move|p1a: Raging Bolt|Draco Meteor|p2a: Metagross
|-resisted|p2a: Metagross
|-damage|p2a: Metagross|66/100
|-unboost|p1a: Raging Bolt|spa|2
|
|upkeep
|turn|14
|
|t:|1769375273
|-end|p1a: Raging Bolt|Protosynthesis|[silent]
|switch|p1a: Pelipper|Pelipper, M|100/100
|-damage|p1a: Pelipper|76/100|[from] Stealth Rock
|-weather|RainDance|[from] ability: Drizzle|[of] p1a: Pelipper
|move|p2a: Metagross|Brick Break|p1a: Pelipper
|-resisted|p1a: Pelipper
|-damage|p1a: Pelipper|65/100
|
|-weather|RainDance|[upkeep]
|upkeep
|turn|15
|
|t:|1769375282
|move|p2a: Metagross|Brick Break|p1a: Pelipper
|-resisted|p1a: Pelipper
|-damage|p1a: Pelipper|53/100
|move|p1a: Pelipper|U-turn|p2a: Metagross
|-damage|p2a: Metagross|60/100
|
|t:|1769375288
|switch|p1a: Barraskewda|Barraskewda, M, shiny|51/100|[from] U-turn
|-damage|p1a: Barraskewda|39/100|[from] Stealth Rock
|
|-weather|RainDance|[upkeep]
|upkeep
|turn|16
|
|t:|1769375307
|move|p2a: Metagross|Bullet Punch|p1a: Barraskewda
|-resisted|p1a: Barraskewda
|-damage|p1a: Barraskewda|17/100
|move|p1a: Barraskewda|Liquidation|p2a: Metagross
|-crit|p2a: Metagross
|-damage|p2a: Metagross|0 fnt
|faint|p2a: Metagross
|
|-weather|RainDance|[upkeep]
|upkeep
|
|t:|1769375315
|switch|p2a: Ting-Lu|Ting-Lu, tera:Water|65/100
|-damage|p2a: Ting-Lu|53/100|[from] Stealth Rock
|-ability|p2a: Ting-Lu|Vessel of Ruin
|turn|17
|
|t:|1769375320
|switch|p1a: Zapdos|Zapdos|5/100
|move|p2a: Ting-Lu|Whirlwind|p1a: Zapdos
|drag|p1a: Raging Bolt|Raging Bolt|64/100
|
|-weather|RainDance|[upkeep]
|-heal|p2a: Ting-Lu|59/100|[from] item: Leftovers
|upkeep
|turn|18
|
|t:|1769375327
|move|p1a: Raging Bolt|Thunderbolt|p2a: Ting-Lu
|-supereffective|p2a: Ting-Lu
|-damage|p2a: Ting-Lu|16/100
|move|p2a: Ting-Lu|Earthquake|p1a: Raging Bolt
|-supereffective|p1a: Raging Bolt
|-damage|p1a: Raging Bolt|2/100
|
|-weather|RainDance|[upkeep]
|-heal|p2a: Ting-Lu|23/100|[from] item: Leftovers
|upkeep
|turn|19
|
|t:|1769375336
|move|p1a: Raging Bolt|Thunderbolt|p2a: Ting-Lu
|-supereffective|p2a: Ting-Lu
|-damage|p2a: Ting-Lu|0 fnt
|faint|p2a: Ting-Lu
|
|-weather|RainDance|[upkeep]
|upkeep
|
|t:|1769375339
|switch|p2a: Zapdos|Zapdos|100/100
|turn|20
|
|t:|1769375343
|move|p1a: Raging Bolt|Thunderclap|p2a: Zapdos
|-damage|p2a: Zapdos|49/100
|move|p2a: Zapdos|Hurricane|p1a: Raging Bolt
|-resisted|p1a: Raging Bolt
|-damage|p1a: Raging Bolt|0 fnt
|faint|p1a: Raging Bolt
|-end|p1a: Raging Bolt|Protosynthesis|[silent]
|
|-weather|RainDance|[upkeep]
|upkeep
|j| js_redstar
|
|t:|1769375352
|switch|p1a: Indeedee|Indeedee, M|100/100
|-damage|p1a: Indeedee|88/100|[from] Stealth Rock
|-fieldstart|move: Psychic Terrain|[from] ability: Psychic Surge|[of] p1a: Indeedee
|turn|21
|
|t:|1769375359
|move|p1a: Indeedee|Expanding Force|p2a: Zapdos
|-damage|p2a: Zapdos|0 fnt
|faint|p2a: Zapdos
|
|-weather|none
|upkeep
|
|t:|1769375363
|switch|p2a: Dragapult|Dragapult, M|100/100
|-damage|p2a: Dragapult|88/100|[from] Stealth Rock
|turn|22
|
|t:|1769375376
|-terastallize|p1a: Indeedee|Psychic
|move|p2a: Dragapult|Draco Meteor|p1a: Indeedee
|-damage|p1a: Indeedee|1/100
|-unboost|p2a: Dragapult|spa|2
|move|p1a: Indeedee|Expanding Force|p2a: Dragapult
|-damage|p2a: Dragapult|0 fnt
|faint|p2a: Dragapult
|
|upkeep
|-message|rblt ryo forfeited.
|
|win|Tumbletown
|raw|Tumbletown's rating: 1699 &rarr; <strong>1721</strong><br />(+22 for winning)
|raw|rblt ryo's rating: 1739 &rarr; <strong>1717</strong><br />(-22 for losing)
|l|☆rblt ryo
|player|p2|
|l| Steel Davis
|l| js_redstar
|l|☆Tumbletown
|player|p1|
