|j|☆maxmoefoe pokemon
|j|☆Mca player 11
|t:|1769338001
|gametype|singles
|player|p1|maxmoefoe pokemon|1|1639
|player|p2|Mca player 11|lucas|1695
|gen|9
|tier|[Gen 9] OU
|rated|
|rule|HP Percentage Mod: HP is shown in percentages
|rule|Endless Battle Clause: Forcing endless battles is banned
|rule|Species Clause: Limit one of each Pokémon
|rule|OHKO Clause: OHKO moves are banned
|rule|Evasion Items Clause: Evasion items are banned
|rule|Evasion Moves Clause: Evasion moves are banned
|rule|Evasion Abilities Clause: Evasion abilities are banned
|rule|Sleep Moves Clause: Sleep-inducing moves are banned
|clearpoke
|poke|p1|Enamorus, F|
|poke|p1|Iron Moth|
|poke|p1|Landorus-Therian, M|
|poke|p1|Kingambit, F|
|poke|p1|Ogerpon-Wellspring, F|
|poke|p1|Deoxys-Speed|
|poke|p2|Walking Wake|
|poke|p2|Ninetales, M|
|poke|p2|Lilligant-Hisui, F|
|poke|p2|Cresselia, F|
|poke|p2|Iron Moth|
|poke|p2|Great Tusk|
|teampreview
|inactive|Battle timer is ON: inactive players will automatically lose when time's up. (requested by Mca player 11)
|
|t:|1769338060
|teamsize|p1|6
|teamsize|p2|6
|start
|switch|p1a: Enamorus|Enamorus, F|100/100
|switch|p2a: Ninetales|Ninetales, M, shiny|100/100
|-weather|SunnyDay|[from] ability: Drought|[of] p2a: Ninetales
|turn|1
|
|t:|1769338065
|switch|p2a: Cresselia|Cresselia, F|100/100
|move|p1a: Enamorus|Substitute|p1a: Enamorus
|-start|p1a: Enamorus|Substitute
|-damage|p1a: Enamorus|76/100
|
|-weather|SunnyDay|[upkeep]
|-heal|p1a: Enamorus|82/100|[from] item: Leftovers
|upkeep
|turn|2
|
|t:|1769338071
|move|p1a: Enamorus|Superpower|p2a: Cresselia
|-resisted|p2a: Cresselia
|-damage|p2a: Cresselia|92/100
|-boost|p1a: Enamorus|atk|1
|-boost|p1a: Enamorus|def|1
|-enditem|p2a: Cresselia|Eject Button
|
|t:|1769338074
|switch|p2a: Iron Moth|Iron Moth|100/100
|-enditem|p2a: Iron Moth|Booster Energy
|-activate|p2a: Iron Moth|ability: Quark Drive|[fromitem]
|-start|p2a: Iron Moth|quarkdrivespe
|
|-weather|SunnyDay|[upkeep]
|-heal|p1a: Enamorus|88/100|[from] item: Leftovers
|upkeep
|turn|3
|
|t:|1769338079
|move|p2a: Iron Moth|Fiery Dance|p1a: Enamorus
|-end|p1a: Enamorus|Substitute
|-boost|p2a: Iron Moth|spa|1
|move|p1a: Enamorus|Earth Power|p2a: Iron Moth
|-supereffective|p2a: Iron Moth
|-damage|p2a: Iron Moth|0 fnt
|faint|p2a: Iron Moth
|-end|p2a: Iron Moth|Quark Drive|[silent]
|
|-weather|SunnyDay|[upkeep]
|-heal|p1a: Enamorus|94/100|[from] item: Leftovers
|upkeep
|
|t:|1769338090
|switch|p2a: Walking Wake|Walking Wake|100/100
|-activate|p2a: Walking Wake|ability: Protosynthesis
|-start|p2a: Walking Wake|protosynthesisspa
|turn|4
|
|t:|1769338099
|move|p1a: Enamorus|Play Rough|p2a: Walking Wake
|-supereffective|p2a: Walking Wake
|-damage|p2a: Walking Wake|0 fnt
|faint|p2a: Walking Wake
|-end|p2a: Walking Wake|Protosynthesis|[silent]
|
|-weather|SunnyDay|[upkeep]
|-heal|p1a: Enamorus|99/100|[from] item: Leftovers
|upkeep
|
|t:|1769338103
|switch|p2a: Lilligant|Lilligant-Hisui, F|100/100
|turn|5
|
|t:|1769338109
|-terastallize|p2a: Lilligant|Fire
|move|p2a: Lilligant|Swords Dance|p2a: Lilligant
|-boost|p2a: Lilligant|atk|2
|move|p1a: Enamorus|Play Rough|p2a: Lilligant
|-resisted|p2a: Lilligant
|-damage|p2a: Lilligant|53/100
|
|-weather|SunnyDay|[upkeep]
|-heal|p1a: Enamorus|100/100|[from] item: Leftovers
|upkeep
|turn|6
|
|t:|1769338118
|move|p2a: Lilligant|Tera Blast|p1a: Enamorus|[anim] Tera Blast Fire
|-damage|p1a: Enamorus|0 fnt
|faint|p1a: Enamorus
|-damage|p2a: Lilligant|43/100|[from] item: Life Orb
|
|-weather|SunnyDay|[upkeep]
|upkeep
|
|t:|1769338130
|switch|p1a: Iron Moth|Iron Moth|100/100
|-enditem|p1a: Iron Moth|Booster Energy
|-activate|p1a: Iron Moth|ability: Quark Drive|[fromitem]
|-start|p1a: Iron Moth|quarkdrivespe
|turn|7
|
|t:|1769338134
|move|p2a: Lilligant|Close Combat|p1a: Iron Moth
|-resisted|p1a: Iron Moth
|-damage|p1a: Iron Moth|0 fnt
|-unboost|p2a: Lilligant|def|1
|-unboost|p2a: Lilligant|spd|1
|faint|p1a: Iron Moth
|-end|p1a: Iron Moth|Quark Drive|[silent]
|-damage|p2a: Lilligant|33/100|[from] item: Life Orb
|
|-weather|SunnyDay|[upkeep]
|upkeep
|
|t:|1769338139
|switch|p1a: Kingambit|Kingambit, F|100/100
|-activate|p1a: Kingambit|ability: Supreme Overlord
|-start|p1a: Kingambit|fallen2|[silent]
|turn|8
|
|t:|1769338141
|switch|p2a: Great Tusk|Great Tusk|100/100
|-activate|p2a: Great Tusk|ability: Protosynthesis
|-start|p2a: Great Tusk|protosynthesisspe
|move|p1a: Kingambit|Sucker Punch||[still]
|-fail|p1a: Kingambit
|
|-weather|none
|-end|p2a: Great Tusk|Protosynthesis
|upkeep
|turn|9
|
|t:|1769338147
|-end|p1a: Kingambit|fallen2|[silent]
|switch|p1a: Ogerpon|Ogerpon-Wellspring, F|100/100
|move|p2a: Great Tusk|Stealth Rock|p1a: Ogerpon
|-sidestart|p1: maxmoefoe pokemon|move: Stealth Rock
|
|upkeep
|turn|10
|
|t:|1769338152
|-end|p2a: Great Tusk|Protosynthesis|[silent]
|switch|p2a: Ninetales|Ninetales, M, shiny|100/100
|-weather|SunnyDay|[from] ability: Drought|[of] p2a: Ninetales
|move|p1a: Ogerpon|Ivy Cudgel|p2a: Ninetales|[anim] Ivy Cudgel Water
|-supereffective|p2a: Ninetales
|-damage|p2a: Ninetales|29/100
|
|-weather|SunnyDay|[upkeep]
|upkeep
|turn|11
|
|t:|1769338158
|switch|p2a: Cresselia|Cresselia, F|92/100
|move|p1a: Ogerpon|Ivy Cudgel|p2a: Cresselia|[anim] Ivy Cudgel Water
|-damage|p2a: Cresselia|77/100
|
|-weather|SunnyDay|[upkeep]
|upkeep
|turn|12
|
|t:|1769338162
|move|p1a: Ogerpon|Spikes|p2a: Cresselia
|-sidestart|p2: Mca player 11|Spikes
|move|p2a: Cresselia|Thunder Wave|p1a: Ogerpon
|-status|p1a: Ogerpon|par
|
|-weather|SunnyDay|[upkeep]
|upkeep
|turn|13
|
|t:|1769338166
|move|p2a: Cresselia|Lunar Dance|p2a: Cresselia
|faint|p2a: Cresselia
|cant|p1a: Ogerpon|par
|
|-weather|SunnyDay|[upkeep]
|upkeep
|
|t:|1769338168
|switch|p2a: Lilligant|Lilligant-Hisui, F, tera:Fire|33/100
|-heal|p2a: Lilligant|100/100|[from] move: Lunar Dance
|-damage|p2a: Lilligant|88/100|[from] Spikes
|turn|14
|
|t:|1769338174
|move|p2a: Lilligant|Solar Blade||[still]
|-prepare|p2a: Lilligant|Solar Blade
|-anim|p2a: Lilligant|Solar Blade|p1a: Ogerpon
|-damage|p1a: Ogerpon|0 fnt
|faint|p1a: Ogerpon
|-damage|p2a: Lilligant|78/100|[from] item: Life Orb
|
|-weather|SunnyDay|[upkeep]
|upkeep
|
|t:|1769338180
|switch|p1a: Landorus|Landorus-Therian, M|100/100
|-damage|p1a: Landorus|88/100|[from] Stealth Rock
|-ability|p1a: Landorus|Intimidate|boost
|-unboost|p2a: Lilligant|atk|1
|turn|15
|
|t:|1769338184
|move|p2a: Lilligant|Solar Blade||[still]
|-prepare|p2a: Lilligant|Solar Blade
|-anim|p2a: Lilligant|Solar Blade|p1a: Landorus
|-damage|p1a: Landorus|38/100
|-damage|p2a: Lilligant|62/100|[from] item: Rocky Helmet|[of] p1a: Landorus
|-damage|p2a: Lilligant|52/100|[from] item: Life Orb
|move|p1a: Landorus|Earth Power|p2a: Lilligant
|-supereffective|p2a: Lilligant
|-damage|p2a: Lilligant|0 fnt
|faint|p2a: Lilligant
|
|-weather|SunnyDay|[upkeep]
|upkeep
|
|t:|1769338187
|switch|p2a: Ninetales|Ninetales, M, shiny|29/100
|-damage|p2a: Ninetales|17/100|[from] Spikes
|turn|16
|
|t:|1769338198
|switch|p1a: Kingambit|Kingambit, F|100/100
|-damage|p1a: Kingambit|94/100|[from] Stealth Rock
|-activate|p1a: Kingambit|ability: Supreme Overlord
|-start|p1a: Kingambit|fallen3|[silent]
|move|p2a: Ninetales|Overheat|p1a: Kingambit
|-supereffective|p1a: Kingambit
|-damage|p1a: Kingambit|0 fnt
|-unboost|p2a: Ninetales|spa|2
|faint|p1a: Kingambit
|-end|p1a: Kingambit|fallen3|[silent]
|
|-weather|SunnyDay|[upkeep]
|upkeep
|
|t:|1769338205
|switch|p1a: Deoxys|Deoxys-Speed|100/100
|-damage|p1a: Deoxys|88/100|[from] Stealth Rock
|-ability|p1a: Deoxys|Pressure
|turn|17
|
|t:|1769338210
|move|p1a: Deoxys|Knock Off|p2a: Ninetales
|-damage|p2a: Ninetales|0 fnt
|-enditem|p2a: Ninetales|Heat Rock|[from] move: Knock Off|[of] p1a: Deoxys
|faint|p2a: Ninetales
|-damage|p1a: Deoxys|78/100|[from] item: Life Orb
|
|-weather|none
|upkeep
|
|t:|1769338211
|switch|p2a: Great Tusk|Great Tusk|100/100
|-damage|p2a: Great Tusk|88/100|[from] Spikes
|turn|18
|
|t:|1769338219
|move|p1a: Deoxys|Psycho Boost|p2a: Great Tusk
|-supereffective|p2a: Great Tusk
|-damage|p2a: Great Tusk|0 fnt
|-unboost|p1a: Deoxys|spa|2
|faint|p2a: Great Tusk
|-end|p2a: Great Tusk|Protosynthesis|[silent]
|-damage|p1a: Deoxys|68/100|[from] item: Life Orb
|
|win|maxmoefoe pokemon
|raw|maxmoefoe pokemon's rating: 1639 &rarr; <strong>1662</strong><br />(+23 for winning)
|raw|Mca player 11's rating: 1695 &rarr; <strong>1672</strong><br />(-23 for losing)
|l|☆Mca player 11
|player|p2|
|l|☆maxmoefoe pokemon
|player|p1|
