|j|☆Zicofool
|j|☆CambridgeFoulPlay
|t:|1769333632
|gametype|singles
|player|p1|Zicofool|miku-water|1760
|player|p2|CambridgeFoulPlay|266|1735
|gen|9
|tier|[Gen 9] OU
|rated|
|rule|HP Percentage Mod: HP is shown in percentages
|rule|Endless Battle Clause: Forcing endless battles is banned
|rule|Species Clause: Limit one of each Pokémon
|rule|OHKO Clause: OHKO moves are banned
|rule|Evasion Items Clause: Evasion items are banned
|rule|Evasion Moves Clause: Evasion moves are banned
|rule|Evasion Abilities Clause: Evasion abilities are banned
|rule|Sleep Moves Clause: Sleep-inducing moves are banned
|clearpoke
|poke|p1|Ogerpon, F|
|poke|p1|Maushold-Four|
|poke|p1|Volcanion|
|poke|p1|Fezandipiti, M|
|poke|p1|Garchomp, M|
|poke|p1|Tyranitar, F|
|poke|p2|Hydrapple, M|
|poke|p2|Tyranitar, F|
|poke|p2|Moltres|
|poke|p2|Zamazenta-*|
|poke|p2|Slowking-Galar, M|
|poke|p2|Excadrill, F|
|teampreview
|c|☆CambridgeFoulPlay|hf
|inactive|Battle timer is ON: inactive players will automatically lose when time's up. (requested by CambridgeFoulPlay)
|c|☆Zicofool|Best of luck and have fun~
|
|t:|1769333649
|teamsize|p1|6
|teamsize|p2|6
|start
|switch|p1a: Maushold|Maushold-Four|100/100
|switch|p2a: Zamazenta|Zamazenta|100/100
|-ability|p2a: Zamazenta|Dauntless Shield|boost
|-boost|p2a: Zamazenta|def|1
|turn|1
|
|t:|1769333651
|switch|p1a: Garchomp|Garchomp, M|100/100
|move|p2a: Zamazenta|Body Press|p1a: Garchomp
|-damage|p1a: Garchomp|67/100
|-damage|p2a: Zamazenta|88/100|[from] ability: Rough Skin|[of] p1a: Garchomp
|-damage|p2a: Zamazenta|72/100|[from] item: Rocky Helmet|[of] p1a: Garchomp
|
|-heal|p2a: Zamazenta|78/100|[from] item: Leftovers
|upkeep
|turn|2
|
|t:|1769333657
|move|p2a: Zamazenta|Iron Defense|p2a: Zamazenta
|-boost|p2a: Zamazenta|def|2
|move|p1a: Garchomp|Dragon Tail|p2a: Zamazenta
|-damage|p2a: Zamazenta|70/100
|drag|p2a: Hydrapple|Hydrapple, M|100/100
|
|upkeep
|turn|3
|
|t:|1769333662
|switch|p1a: Fezandipiti|Fezandipiti, M|100/100
|move|p2a: Hydrapple|Nasty Plot|p2a: Hydrapple
|-boost|p2a: Hydrapple|spa|2
|
|upkeep
|turn|4
|
|t:|1769333664
|move|p1a: Fezandipiti|Moonblast|p2a: Hydrapple
|-supereffective|p2a: Hydrapple
|-damage|p2a: Hydrapple|50/100
|move|p2a: Hydrapple|Earth Power|p1a: Fezandipiti
|-supereffective|p1a: Fezandipiti
|-damage|p1a: Fezandipiti|25/100
|
|-heal|p1a: Fezandipiti|31/100|[from] item: Leftovers
|upkeep
|turn|5
|
|t:|1769333669
|switch|p1a: Ogerpon|Ogerpon, F|100/100
|switch|p2a: Excadrill|Excadrill, F|100/100
|-item|p2a: Excadrill|Air Balloon
|
|upkeep
|turn|6
|
|t:|1769333675
|switch|p2a: Hydrapple|Hydrapple, M|83/100
|move|p1a: Ogerpon|Knock Off|p2a: Hydrapple
|-damage|p2a: Hydrapple|55/100
|-enditem|p2a: Hydrapple|Heavy-Duty Boots|[from] move: Knock Off|[of] p1a: Ogerpon
|
|upkeep
|turn|7
|
|t:|1769333679
|switch|p1a: Maushold|Maushold-Four|100/100
|move|p2a: Hydrapple|Earth Power|p1a: Maushold
|-damage|p1a: Maushold|61/100
|
|upkeep
|turn|8
|
|t:|1769333683
|switch|p2a: Tyranitar|Tyranitar, F|100/100
|-weather|Sandstorm|[from] ability: Sand Stream|[of] p2a: Tyranitar
|move|p1a: Maushold|Population Bomb|p2a: Tyranitar
|-resisted|p2a: Tyranitar
|-damage|p2a: Tyranitar|96/100
|-resisted|p2a: Tyranitar
|-damage|p2a: Tyranitar|91/100
|-resisted|p2a: Tyranitar
|-damage|p2a: Tyranitar|86/100
|-resisted|p2a: Tyranitar
|-damage|p2a: Tyranitar|82/100
|-resisted|p2a: Tyranitar
|-damage|p2a: Tyranitar|77/100
|-resisted|p2a: Tyranitar
|-damage|p2a: Tyranitar|72/100
|-resisted|p2a: Tyranitar
|-damage|p2a: Tyranitar|68/100
|-resisted|p2a: Tyranitar
|-damage|p2a: Tyranitar|63/100
|-resisted|p2a: Tyranitar
|-damage|p2a: Tyranitar|58/100
|-resisted|p2a: Tyranitar
|-damage|p2a: Tyranitar|54/100
|-hitcount|p2a: Tyranitar|10
|
|-weather|Sandstorm|[upkeep]
|-damage|p1a: Maushold|55/100|[from] Sandstorm
|upkeep
|turn|9
|
|t:|1769333690
|move|p1a: Maushold|Population Bomb|p2a: Tyranitar
|-resisted|p2a: Tyranitar
|-damage|p2a: Tyranitar|49/100
|-resisted|p2a: Tyranitar
|-crit|p2a: Tyranitar
|-damage|p2a: Tyranitar|42/100
|-resisted|p2a: Tyranitar
|-damage|p2a: Tyranitar|37/100
|-resisted|p2a: Tyranitar
|-damage|p2a: Tyranitar|33/100
|-resisted|p2a: Tyranitar
|-damage|p2a: Tyranitar|28/100
|-resisted|p2a: Tyranitar
|-crit|p2a: Tyranitar
|-damage|p2a: Tyranitar|21/100
|-resisted|p2a: Tyranitar
|-damage|p2a: Tyranitar|17/100
|-resisted|p2a: Tyranitar
|-damage|p2a: Tyranitar|12/100
|-resisted|p2a: Tyranitar
|-damage|p2a: Tyranitar|8/100
|-resisted|p2a: Tyranitar
|-damage|p2a: Tyranitar|2/100
|-hitcount|p2a: Tyranitar|10
|move|p2a: Tyranitar|Knock Off|p1a: Maushold
|-damage|p1a: Maushold|0 fnt
|-enditem|p1a: Maushold|Wide Lens|[from] move: Knock Off|[of] p2a: Tyranitar
|faint|p1a: Maushold
|
|-weather|Sandstorm|[upkeep]
|upkeep
|
|t:|1769333706
|switch|p1a: Garchomp|Garchomp, M|67/100
|turn|10
|
|t:|1769333711
|move|p1a: Garchomp|Poison Jab|p2a: Tyranitar
|-resisted|p2a: Tyranitar
|-damage|p2a: Tyranitar|0 fnt
|faint|p2a: Tyranitar
|
|-weather|Sandstorm|[upkeep]
|upkeep
|
|t:|1769333714
|switch|p2a: Excadrill|Excadrill, F|100/100
|-item|p2a: Excadrill|Air Balloon
|turn|11
|
|t:|1769333718
|move|p2a: Excadrill|Earthquake|p1a: Garchomp
|-damage|p1a: Garchomp|33/100
|move|p1a: Garchomp|Dragon Tail|p2a: Excadrill
|-resisted|p2a: Excadrill
|-damage|p2a: Excadrill|81/100
|-enditem|p2a: Excadrill|Air Balloon
|drag|p2a: Zamazenta|Zamazenta|70/100
|
|-weather|Sandstorm|[upkeep]
|-damage|p2a: Zamazenta|64/100|[from] Sandstorm
|-heal|p2a: Zamazenta|70/100|[from] item: Leftovers
|upkeep
|turn|12
|
|t:|1769333721
|move|p2a: Zamazenta|Iron Defense|p2a: Zamazenta
|-boost|p2a: Zamazenta|def|2
|move|p1a: Garchomp|Stealth Rock|p2a: Zamazenta
|-sidestart|p2: CambridgeFoulPlay|move: Stealth Rock
|
|-weather|Sandstorm|[upkeep]
|-damage|p2a: Zamazenta|64/100|[from] Sandstorm
|-heal|p2a: Zamazenta|70/100|[from] item: Leftovers
|upkeep
|turn|13
|
|t:|1769333724
|move|p2a: Zamazenta|Body Press|p1a: Garchomp
|-damage|p1a: Garchomp|0 fnt
|-damage|p2a: Zamazenta|58/100|[from] ability: Rough Skin|[of] p1a: Garchomp
|-damage|p2a: Zamazenta|41/100|[from] item: Rocky Helmet|[of] p1a: Garchomp
|faint|p1a: Garchomp
|
|-weather|Sandstorm|[upkeep]
|-damage|p2a: Zamazenta|35/100|[from] Sandstorm
|-heal|p2a: Zamazenta|41/100|[from] item: Leftovers
|upkeep
|
|t:|1769333728
|switch|p1a: Ogerpon|Ogerpon, F|100/100
|turn|14
|
|t:|1769333732
|-terastallize|p1a: Ogerpon|Grass
|detailschange|p1a: Ogerpon|Ogerpon-Teal-Tera, F, tera:Grass
|-ability|p1a: Ogerpon|Embody Aspect (Teal)|boost
|-boost|p1a: Ogerpon|spe|1
|move|p1a: Ogerpon|Ivy Cudgel|p2a: Zamazenta
|-crit|p2a: Zamazenta
|-damage|p2a: Zamazenta|0 fnt
|faint|p2a: Zamazenta
|
|-weather|Sandstorm|[upkeep]
|-damage|p1a: Ogerpon|95/100|[from] Sandstorm
|upkeep
|
|t:|1769333734
|switch|p2a: Hydrapple|Hydrapple, M|88/100
|-damage|p2a: Hydrapple|76/100|[from] Stealth Rock
|turn|15
|
|t:|1769333738
|switch|p1a: Volcanion|Volcanion|100/100
|move|p2a: Hydrapple|Nasty Plot|p2a: Hydrapple
|-boost|p2a: Hydrapple|spa|2
|
|-weather|none
|upkeep
|turn|16
|
|t:|1769333740
|move|p1a: Volcanion|Sludge Bomb|p2a: Hydrapple
|-supereffective|p2a: Hydrapple
|-damage|p2a: Hydrapple|0 fnt
|faint|p2a: Hydrapple
|
|upkeep
|
|t:|1769333743
|switch|p2a: Excadrill|Excadrill, F|81/100
|-damage|p2a: Excadrill|78/100|[from] Stealth Rock
|turn|17
|
|t:|1769333748
|switch|p1a: Ogerpon|Ogerpon-Teal-Tera, F, tera:Grass|95/100
|-ability|p1a: Ogerpon|Embody Aspect (Teal)|boost
|-boost|p1a: Ogerpon|spe|1
|move|p2a: Excadrill|Earthquake|p1a: Ogerpon
|-resisted|p1a: Ogerpon
|-damage|p1a: Ogerpon|61/100
|
|upkeep
|turn|18
|
|t:|1769333751
|switch|p2a: Moltres|Moltres|100/100
|move|p1a: Ogerpon|Ivy Cudgel|p2a: Moltres
|-resisted|p2a: Moltres
|-damage|p2a: Moltres|84/100
|
|upkeep
|turn|19
|
|t:|1769333753
|switch|p1a: Tyranitar|Tyranitar, F|100/100
|-weather|Sandstorm|[from] ability: Sand Stream|[of] p1a: Tyranitar
|move|p2a: Moltres|U-turn|p1a: Tyranitar
|-supereffective|p1a: Tyranitar
|-damage|p1a: Tyranitar|76/100
|
|t:|1769333757
|switch|p2a: Excadrill|Excadrill, F|78/100|[from] U-turn
|-damage|p2a: Excadrill|75/100|[from] Stealth Rock
|
|-weather|Sandstorm|[upkeep]
|upkeep
|turn|20
|
|t:|1769333759
|move|p2a: Excadrill|Swords Dance|p2a: Excadrill
|-boost|p2a: Excadrill|atk|2
|move|p1a: Tyranitar|Earthquake|p2a: Excadrill
|-supereffective|p2a: Excadrill
|-damage|p2a: Excadrill|0 fnt
|faint|p2a: Excadrill
|
|-weather|Sandstorm|[upkeep]
|upkeep
|
|t:|1769333763
|switch|p2a: Moltres|Moltres|84/100
|turn|21
|
|t:|1769333766
|-terastallize|p2a: Moltres|Fairy
|move|p2a: Moltres|Flamethrower|p1a: Tyranitar
|-resisted|p1a: Tyranitar
|-damage|p1a: Tyranitar|70/100
|move|p1a: Tyranitar|Stone Edge|p2a: Moltres
|-damage|p2a: Moltres|46/100
|
|-weather|Sandstorm|[upkeep]
|-damage|p2a: Moltres|40/100|[from] Sandstorm
|upkeep
|turn|22
|
|t:|1769333769
|move|p2a: Moltres|Roost|p2a: Moltres
|-heal|p2a: Moltres|90/100
|move|p1a: Tyranitar|Knock Off|p2a: Moltres
|-resisted|p2a: Moltres
|-damage|p2a: Moltres|73/100
|-enditem|p2a: Moltres|Heavy-Duty Boots|[from] move: Knock Off|[of] p1a: Tyranitar
|
|-weather|Sandstorm|[upkeep]
|-damage|p2a: Moltres|67/100|[from] Sandstorm
|upkeep
|turn|23
|
|t:|1769333772
|move|p1a: Tyranitar|Stone Edge|p2a: Moltres|[miss]
|-miss|p1a: Tyranitar|p2a: Moltres
|move|p2a: Moltres|Roar|p1a: Tyranitar
|drag|p1a: Volcanion|Volcanion|100/100
|
|-weather|none
|upkeep
|turn|24
|
|t:|1769333774
|switch|p2a: Slowking|Slowking-Galar, M|100/100
|-damage|p2a: Slowking|88/100|[from] Stealth Rock
|move|p1a: Volcanion|Steam Eruption|p2a: Slowking
|-damage|p2a: Slowking|39/100
|-status|p2a: Slowking|brn
|
|-damage|p2a: Slowking|33/100 brn|[from] brn
|upkeep
|turn|25
|
|t:|1769333777
|move|p1a: Volcanion|Steam Eruption|p2a: Slowking
|-damage|p2a: Slowking|0 fnt
|faint|p2a: Slowking
|
|upkeep
|c|☆Zicofool|gg
|
|t:|1769333779
|switch|p2a: Moltres|Moltres, tera:Fairy|67/100
|-damage|p2a: Moltres|54/100|[from] Stealth Rock
|turn|26
|
|t:|1769333781
|move|p1a: Volcanion|Steam Eruption|p2a: Moltres
|-damage|p2a: Moltres|0 fnt
|faint|p2a: Moltres
|
|win|Zicofool
|raw|Zicofool's rating: 1760 &rarr; <strong>1779</strong><br />(+19 for winning)
|raw|CambridgeFoulPlay's rating: 1735 &rarr; <strong>1716</strong><br />(-19 for losing)
|c|☆CambridgeFoulPlay|gg
