|j|☆swoaj
|j|☆wattdog21
|t:|1769426141
|gametype|singles
|player|p1|swoaj|cynthia|1455
|player|p2|wattdog21|volkner|1505
|gen|9
|tier|[Gen 9] OU
|rated|
|rule|HP Percentage Mod: HP is shown in percentages
|rule|Endless Battle Clause: Forcing endless battles is banned
|rule|Species Clause: Limit one of each Pokémon
|rule|OHKO Clause: OHKO moves are banned
|rule|Evasion Items Clause: Evasion items are banned
|rule|Evasion Moves Clause: Evasion moves are banned
|rule|Evasion Abilities Clause: Evasion abilities are banned
|rule|Sleep Moves Clause: Sleep-inducing moves are banned
|clearpoke
|poke|p1|Ninetales-Alola, F|
|poke|p1|Dragonite, M|
|poke|p1|Gholdengo|
|poke|p1|Eiscue, M|
|poke|p1|Slowking-Galar, M|
|poke|p1|Deoxys-Speed|
|poke|p2|Tyranitar, F|
|poke|p2|Corviknight, F|
|poke|p2|Clodsire, F|
|poke|p2|Gliscor, M|
|poke|p2|Scizor, M|
|poke|p2|Heatran, M|
|teampreview
|inactive|Battle timer is ON: inactive players will automatically lose when time's up. (requested by wattdog21)
|
|t:|1769426154
|teamsize|p1|6
|teamsize|p2|6
|start
|switch|p1a: Gholdengo|Gholdengo|100/100
|switch|p2a: Scizor|Scizor, M|100/100
|turn|1
|
|t:|1769426163
|move|p1a: Gholdengo|Shadow Ball|p2a: Scizor
|-damage|p2a: Scizor|47/100
|-unboost|p2a: Scizor|spd|1
|move|p2a: Scizor|U-turn|p1a: Gholdengo
|-resisted|p1a: Gholdengo
|-damage|p1a: Gholdengo|83/100
|
|t:|1769426178
|switch|p2a: Gliscor|Gliscor, M|100/100|[from] U-turn
|
|-status|p2a: Gliscor|tox|[from] item: Toxic Orb
|upkeep
|turn|2
|
|t:|1769426189
|switch|p1a: Slowking|Slowking-Galar, M|100/100
|move|p2a: Gliscor|Earthquake|p1a: Slowking
|-supereffective|p1a: Slowking
|-damage|p1a: Slowking|10/100
|
|-heal|p1a: Slowking|16/100|[from] item: Black Sludge
|upkeep
|turn|3
|
|t:|1769426203
|switch|p1a: Ninetales|Ninetales-Alola, F|100/100
|-weather|Snowscape|[from] ability: Snow Warning|[of] p1a: Ninetales
|move|p2a: Gliscor|Facade|p1a: Ninetales
|-damage|p1a: Ninetales|53/100
|
|-weather|Snowscape|[upkeep]
|upkeep
|turn|4
|
|t:|1769426216
|switch|p2a: Tyranitar|Tyranitar, F|100/100
|-weather|Sandstorm|[from] ability: Sand Stream|[of] p2a: Tyranitar
|move|p1a: Ninetales|Moonblast|p2a: Tyranitar
|-supereffective|p2a: Tyranitar
|-damage|p2a: Tyranitar|66/100
|
|-weather|Sandstorm|[upkeep]
|-damage|p1a: Ninetales|48/100|[from] Sandstorm
|upkeep
|turn|5
|
|t:|1769426237
|switch|p1a: Eiscue|Eiscue, M|100/100
|move|p2a: Tyranitar|Dragon Dance|p2a: Tyranitar
|-boost|p2a: Tyranitar|atk|1
|-boost|p2a: Tyranitar|spe|1
|
|-weather|Sandstorm|[upkeep]
|-damage|p1a: Eiscue|94/100|[from] Sandstorm
|upkeep
|turn|6
|inactive|swoaj has 120 seconds left.
|
|t:|1769426279
|move|p2a: Tyranitar|Knock Off|p1a: Eiscue
|-activate|p1a: Eiscue|ability: Ice Face
|-damage|p1a: Eiscue|94/100
|-enditem|p1a: Eiscue|Salac Berry|[from] move: Knock Off|[of] p2a: Tyranitar
|detailschange|p1a: Eiscue|Eiscue-Noice, M
|move|p1a: Eiscue|Liquidation|p2a: Tyranitar
|-supereffective|p2a: Tyranitar
|-damage|p2a: Tyranitar|31/100
|
|-weather|Sandstorm|[upkeep]
|-damage|p1a: Eiscue|88/100|[from] Sandstorm
|upkeep
|turn|7
|inactive|swoaj has 90 seconds left.
|
|t:|1769426309
|switch|p2a: Corviknight|Corviknight, F|100/100
|move|p1a: Eiscue|Ice Spinner|p2a: Corviknight
|-damage|p2a: Corviknight|79/100
|-damage|p1a: Eiscue|72/100|[from] item: Rocky Helmet|[of] p2a: Corviknight
|
|-weather|Sandstorm|[upkeep]
|-damage|p1a: Eiscue|65/100|[from] Sandstorm
|upkeep
|turn|8
|inactive|swoaj has 90 seconds left.
|
|t:|1769426319
|switch|p1a: Gholdengo|Gholdengo|83/100
|move|p2a: Corviknight|Body Press|p1a: Gholdengo
|-immune|p1a: Gholdengo
|
|-weather|Sandstorm|[upkeep]
|upkeep
|turn|9
|inactive|swoaj has 90 seconds left.
|
|t:|1769426338
|switch|p2a: Clodsire|Clodsire, F|100/100
|move|p1a: Gholdengo|Shadow Ball|p2a: Clodsire
|-damage|p2a: Clodsire|77/100
|
|-weather|Sandstorm|[upkeep]
|-heal|p2a: Clodsire|83/100|[from] item: Black Sludge
|upkeep
|turn|10
|inactive|swoaj has 90 seconds left.
|
|t:|1769426348
|switch|p1a: Slowking|Slowking-Galar, M|49/100
|move|p2a: Clodsire|Stealth Rock|p1a: Slowking
|-sidestart|p1: swoaj|move: Stealth Rock
|
|-weather|Sandstorm|[upkeep]
|-damage|p1a: Slowking|43/100|[from] Sandstorm
|-heal|p1a: Slowking|49/100|[from] item: Black Sludge
|-heal|p2a: Clodsire|90/100|[from] item: Black Sludge
|upkeep
|turn|11
|inactive|swoaj has 90 seconds left.
|
|t:|1769426370
|-prepare|p1a: Slowking|Chilly Reception|[premajor]
|move|p1a: Slowking|Chilly Reception|p1a: Slowking
|-weather|Snowscape
|
|t:|1769426380
|switch|p1a: Dragonite|Dragonite, M|100/100|[from] Chilly Reception
|move|p2a: Clodsire|Earthquake|p1a: Dragonite
|-immune|p1a: Dragonite
|
|-weather|Snowscape|[upkeep]
|-heal|p2a: Clodsire|96/100|[from] item: Black Sludge
|upkeep
|turn|12
|
|t:|1769426388
|switch|p2a: Corviknight|Corviknight, F|79/100
|move|p1a: Dragonite|Dragon Dance|p1a: Dragonite
|-boost|p1a: Dragonite|atk|1
|-boost|p1a: Dragonite|spe|1
|
|-weather|Snowscape|[upkeep]
|upkeep
|turn|13
|
|t:|1769426394
|move|p1a: Dragonite|Ice Spinner|p2a: Corviknight
|-damage|p2a: Corviknight|52/100
|-damage|p1a: Dragonite|84/100|[from] item: Rocky Helmet|[of] p2a: Corviknight
|move|p2a: Corviknight|Iron Defense|p2a: Corviknight
|-boost|p2a: Corviknight|def|2
|
|-weather|Snowscape|[upkeep]
|upkeep
|turn|14
|inactive|swoaj has 90 seconds left.
|
|t:|1769426405
|move|p1a: Dragonite|Roost|p1a: Dragonite
|-heal|p1a: Dragonite|100/100
|-singleturn|p1a: Dragonite|move: Roost
|move|p2a: Corviknight|Roost|p2a: Corviknight
|-heal|p2a: Corviknight|100/100
|-singleturn|p2a: Corviknight|move: Roost
|
|-weather|Snowscape|[upkeep]
|upkeep
|turn|15
|
|t:|1769426410
|switch|p1a: Gholdengo|Gholdengo|83/100
|-damage|p1a: Gholdengo|77/100|[from] Stealth Rock
|move|p2a: Corviknight|Body Press|p1a: Gholdengo
|-immune|p1a: Gholdengo
|
|-weather|none
|upkeep
|turn|16
|
|t:|1769426418
|switch|p2a: Clodsire|Clodsire, F|96/100
|move|p1a: Gholdengo|Trick|p2a: Clodsire
|-activate|p1a: Gholdengo|move: Trick|[of] p2a: Clodsire
|-item|p2a: Clodsire|Choice Scarf|[from] move: Trick
|-item|p1a: Gholdengo|Black Sludge|[from] move: Trick
|
|-damage|p1a: Gholdengo|65/100|[from] item: Black Sludge
|upkeep
|turn|17
|
|t:|1769426432
|switch|p1a: Dragonite|Dragonite, M|100/100
|move|p2a: Clodsire|Toxic|p1a: Dragonite
|-status|p1a: Dragonite|tox
|
|-damage|p1a: Dragonite|94/100 tox|[from] psn
|upkeep
|turn|18
|
|t:|1769426441
|switch|p2a: Corviknight|Corviknight, F|100/100
|move|p1a: Dragonite|Ice Spinner|p2a: Corviknight
|-damage|p2a: Corviknight|82/100
|-damage|p1a: Dragonite|78/100 tox|[from] item: Rocky Helmet|[of] p2a: Corviknight
|
|-damage|p1a: Dragonite|66/100 tox|[from] psn
|upkeep
|turn|19
|
|t:|1769426452
|switch|p1a: Slowking|Slowking-Galar, M|83/100
|-damage|p1a: Slowking|70/100|[from] Stealth Rock
|move|p2a: Corviknight|Body Press|p1a: Slowking
|-resisted|p1a: Slowking
|-damage|p1a: Slowking|63/100
|
|-heal|p1a: Slowking|69/100|[from] item: Black Sludge
|upkeep
|turn|20
|
|t:|1769426460
|switch|p2a: Clodsire|Clodsire, F|96/100
|move|p1a: Slowking|Trick|p2a: Clodsire
|-activate|p1a: Slowking|move: Trick|[of] p2a: Clodsire
|-item|p2a: Clodsire|Black Sludge|[from] move: Trick
|-item|p1a: Slowking|Choice Scarf|[from] move: Trick
|
|-heal|p2a: Clodsire|100/100|[from] item: Black Sludge
|upkeep
|turn|21
|
|t:|1769426479
|switch|p2a: Scizor|Scizor, M|47/100
|move|p1a: Slowking|Trick|p2a: Scizor
|-activate|p1a: Slowking|move: Trick|[of] p2a: Scizor
|-item|p2a: Scizor|Choice Scarf|[from] move: Trick
|-item|p1a: Slowking|Choice Band|[from] move: Trick
|
|upkeep
|turn|22
|inactive|swoaj has 120 seconds left.
|inactive|swoaj has 90 seconds left.
|
|t:|1769426520
|switch|p1a: Gholdengo|Gholdengo|65/100
|-damage|p1a: Gholdengo|59/100|[from] Stealth Rock
|move|p2a: Scizor|U-turn|p1a: Gholdengo
|-resisted|p1a: Gholdengo
|-damage|p1a: Gholdengo|48/100
|
|t:|1769426528
|switch|p2a: Gliscor|Gliscor, M|100/100 tox|[from] U-turn
|
|-damage|p1a: Gholdengo|36/100|[from] item: Black Sludge
|upkeep
|turn|23
|
|t:|1769426534
|move|p2a: Gliscor|Earthquake|p1a: Gholdengo
|-supereffective|p1a: Gholdengo
|-damage|p1a: Gholdengo|0 fnt
|faint|p1a: Gholdengo
|
|upkeep
|
|t:|1769426537
|switch|p1a: 宇宙第一快|Deoxys-Speed|100/100
|-damage|p1a: 宇宙第一快|88/100|[from] Stealth Rock
|-ability|p1a: 宇宙第一快|Pressure
|turn|24
|
|t:|1769426542
|switch|p2a: Tyranitar|Tyranitar, F|31/100
|-weather|Sandstorm|[from] ability: Sand Stream|[of] p2a: Tyranitar
|move|p1a: 宇宙第一快|Stealth Rock|p2a: Tyranitar
|-sidestart|p2: wattdog21|move: Stealth Rock
|
|-weather|Sandstorm|[upkeep]
|-damage|p1a: 宇宙第一快|82/100|[from] Sandstorm
|upkeep
|turn|25
|inactive|wattdog21 has 120 seconds left.
|
|t:|1769426593
|switch|p2a: Corviknight|Corviknight, F|82/100
|-damage|p2a: Corviknight|69/100|[from] Stealth Rock
|move|p1a: 宇宙第一快|Superpower|p2a: Corviknight
|-damage|p2a: Corviknight|45/100
|-unboost|p1a: 宇宙第一快|atk|1
|-unboost|p1a: 宇宙第一快|def|1
|-damage|p1a: 宇宙第一快|65/100|[from] item: Rocky Helmet|[of] p2a: Corviknight
|-damage|p1a: 宇宙第一快|55/100|[from] item: Life Orb
|
|-weather|Sandstorm|[upkeep]
|-damage|p1a: 宇宙第一快|49/100|[from] Sandstorm
|upkeep
|turn|26
|
|t:|1769426606
|-terastallize|p1a: 宇宙第一快|Psychic
|move|p1a: 宇宙第一快|Psycho Boost|p2a: Corviknight|[miss]
|-miss|p1a: 宇宙第一快|p2a: Corviknight
|move|p2a: Corviknight|Roost|p2a: Corviknight
|-heal|p2a: Corviknight|95/100
|-singleturn|p2a: Corviknight|move: Roost
|
|-weather|Sandstorm|[upkeep]
|-damage|p1a: 宇宙第一快|43/100|[from] Sandstorm
|upkeep
|turn|27
|
|t:|1769426615
|switch|p1a: Slowking|Slowking-Galar, M|100/100
|-damage|p1a: Slowking|88/100|[from] Stealth Rock
|move|p2a: Corviknight|Defog|p1a: Slowking
|-unboost|p1a: Slowking|evasion|1
|-sideend|p1: swoaj|Stealth Rock|[from] move: Defog|[of] p2a: Corviknight
|-sideend|p2: wattdog21|Stealth Rock|[from] move: Defog|[of] p2a: Corviknight
|
|-weather|Sandstorm|[upkeep]
|-damage|p1a: Slowking|82/100|[from] Sandstorm
|upkeep
|turn|28
|inactive|wattdog21 has 90 seconds left.
|
|t:|1769426644
|switch|p2a: Gliscor|Gliscor, M|100/100 tox
|-prepare|p1a: Slowking|Chilly Reception|[premajor]
|move|p1a: Slowking|Chilly Reception|p1a: Slowking
|-weather|Snowscape
|
|t:|1769426647
|switch|p1a: 宇宙第一快|Deoxys-Speed, tera:Psychic|43/100|[from] Chilly Reception
|-ability|p1a: 宇宙第一快|Pressure
|
|-weather|Snowscape|[upkeep]
|upkeep
|turn|29
|inactive|wattdog21 has 90 seconds left.
|
|t:|1769426663
|switch|p2a: Corviknight|Corviknight, F|95/100
|move|p1a: 宇宙第一快|Ice Beam|p2a: Corviknight
|-damage|p2a: Corviknight|62/100
|-damage|p1a: 宇宙第一快|33/100|[from] item: Life Orb
|
|-weather|Snowscape|[upkeep]
|upkeep
|turn|30
|
|t:|1769426675
|switch|p1a: Eiscue|Eiscue-Noice, M|65/100
|-activate|p1a: Eiscue|ability: Ice Face
|detailschange|p1a: Eiscue|Eiscue, M
|move|p2a: Corviknight|Roost|p2a: Corviknight
|-heal|p2a: Corviknight|100/100
|-singleturn|p2a: Corviknight|move: Roost
|
|-weather|Snowscape|[upkeep]
|upkeep
|turn|31
|
|t:|1769426685
|switch|p1a: Slowking|Slowking-Galar, M|100/100
|move|p2a: Corviknight|Body Press|p1a: Slowking
|-resisted|p1a: Slowking
|-damage|p1a: Slowking|94/100
|
|-weather|Snowscape|[upkeep]
|upkeep
|turn|32
|
|t:|1769426692
|switch|p2a: Scizor|Scizor, M|47/100
|-prepare|p1a: Slowking|Chilly Reception|[premajor]
|move|p1a: Slowking|Chilly Reception|p1a: Slowking
|
|t:|1769426697
|switch|p1a: Dragonite|Dragonite, M|66/100 tox|[from] Chilly Reception
|
|-weather|none
|-damage|p1a: Dragonite|59/100 tox|[from] psn
|upkeep
|turn|33
|
|t:|1769426712
|switch|p2a: Corviknight|Corviknight, F|100/100
|move|p1a: Dragonite|Roost|p1a: Dragonite
|-heal|p1a: Dragonite|100/100 tox
|-singleturn|p1a: Dragonite|move: Roost
|
|-damage|p1a: Dragonite|88/100 tox|[from] psn
|upkeep
|turn|34
|
|t:|1769426736
|switch|p1a: Slowking|Slowking-Galar, M|100/100
|move|p2a: Corviknight|Body Press|p1a: Slowking
|-resisted|p1a: Slowking
|-damage|p1a: Slowking|93/100
|
|upkeep
|turn|35
|
|t:|1769426743
|switch|p2a: Gliscor|Gliscor, M|100/100 tox
|move|p1a: Slowking|Trick|p2a: Gliscor
|-activate|p1a: Slowking|move: Trick|[of] p2a: Gliscor
|-item|p2a: Gliscor|Choice Band|[from] move: Trick
|-item|p1a: Slowking|Toxic Orb|[from] move: Trick
|
|upkeep
|turn|36
|
|t:|1769426754
|switch|p1a: Dragonite|Dragonite, M|88/100 tox
|move|p2a: Gliscor|Facade|p1a: Dragonite
|-damage|p1a: Dragonite|18/100 tox
|
|-damage|p1a: Dragonite|12/100 tox|[from] psn
|upkeep
|turn|37
|
|t:|1769426765
|move|p2a: Gliscor|Facade|p1a: Dragonite
|-damage|p1a: Dragonite|0 fnt
|faint|p1a: Dragonite
|
|upkeep
|
|t:|1769426769
|switch|p1a: Ninetales|Ninetales-Alola, F|48/100
|-weather|Snowscape|[from] ability: Snow Warning|[of] p1a: Ninetales
|turn|38
|
|t:|1769426775
|switch|p2a: Tyranitar|Tyranitar, F|31/100
|-weather|Sandstorm|[from] ability: Sand Stream|[of] p2a: Tyranitar
|move|p1a: Ninetales|Blizzard|p2a: Tyranitar
|-damage|p2a: Tyranitar|10/100
|
|-weather|Sandstorm|[upkeep]
|-damage|p1a: Ninetales|42/100|[from] Sandstorm
|upkeep
|turn|39
|inactive|wattdog21 has 120 seconds left.
|
|t:|1769426788
|switch|p2a: Heatran|Heatran, M|100/100
|-item|p2a: Heatran|Air Balloon
|move|p1a: Ninetales|Moonblast|p2a: Heatran
|-resisted|p2a: Heatran
|-damage|p2a: Heatran|93/100
|-unboost|p2a: Heatran|spa|1
|-enditem|p2a: Heatran|Air Balloon
|
|-weather|Sandstorm|[upkeep]
|-damage|p1a: Ninetales|36/100|[from] Sandstorm
|upkeep
|turn|40
|inactive|wattdog21 has 120 seconds left.
|
|t:|1769426798
|switch|p1a: Slowking|Slowking-Galar, M|100/100
|move|p2a: Heatran|Flamethrower|p1a: Slowking
|-damage|p1a: Slowking|80/100
|
|-weather|Sandstorm|[upkeep]
|-damage|p1a: Slowking|74/100|[from] Sandstorm
|upkeep
|turn|41
|
|t:|1769426809
|switch|p2a: Gliscor|Gliscor, M|100/100 tox
|move|p1a: Slowking|Trick|p2a: Gliscor
|-activate|p1a: Slowking|move: Trick|[of] p2a: Gliscor
|-item|p2a: Gliscor|Toxic Orb|[from] move: Trick
|-item|p1a: Slowking|Choice Band|[from] move: Trick
|
|-weather|Sandstorm|[upkeep]
|-damage|p1a: Slowking|68/100|[from] Sandstorm
|upkeep
|turn|42
|
|t:|1769426826
|move|p2a: Gliscor|Earthquake|p1a: Slowking
|-supereffective|p1a: Slowking
|-damage|p1a: Slowking|0 fnt
|faint|p1a: Slowking
|
|-weather|Sandstorm|[upkeep]
|upkeep
|
|t:|1769426835
|switch|p1a: Eiscue|Eiscue, M|65/100
|turn|43
|
|t:|1769426851
|-terastallize|p2a: Gliscor|Fairy
|move|p2a: Gliscor|Earthquake|p1a: Eiscue
|-activate|p1a: Eiscue|ability: Ice Face
|-damage|p1a: Eiscue|65/100
|detailschange|p1a: Eiscue|Eiscue-Noice, M
|move|p1a: Eiscue|Ice Spinner|p2a: Gliscor
|-damage|p2a: Gliscor|66/100 tox
|
|-weather|Sandstorm|[upkeep]
|-damage|p1a: Eiscue|59/100|[from] Sandstorm
|-damage|p2a: Gliscor|60/100 tox|[from] Sandstorm
|-heal|p2a: Gliscor|73/100 tox|[from] ability: Poison Heal
|upkeep
|turn|44
|
|t:|1769426874
|move|p1a: Eiscue|Ice Spinner|p2a: Gliscor
|-damage|p2a: Gliscor|40/100 tox
|move|p2a: Gliscor|Earthquake|p1a: Eiscue
|-damage|p1a: Eiscue|0 fnt
|faint|p1a: Eiscue
|
|-weather|Sandstorm|[upkeep]
|-damage|p2a: Gliscor|34/100 tox|[from] Sandstorm
|-heal|p2a: Gliscor|47/100 tox|[from] ability: Poison Heal
|upkeep
|
|t:|1769426876
|switch|p1a: 宇宙第一快|Deoxys-Speed, tera:Psychic|33/100
|-ability|p1a: 宇宙第一快|Pressure
|turn|45
|
|t:|1769426883
|move|p1a: 宇宙第一快|Stealth Rock|p2a: Gliscor
|-sidestart|p2: wattdog21|move: Stealth Rock
|move|p2a: Gliscor|Earthquake|p1a: 宇宙第一快
|-damage|p1a: 宇宙第一快|0 fnt
|faint|p1a: 宇宙第一快
|
|-weather|none
|-heal|p2a: Gliscor|59/100 tox|[from] ability: Poison Heal
|upkeep
|
|t:|1769426885
|switch|p1a: Ninetales|Ninetales-Alola, F|36/100
|-weather|Snowscape|[from] ability: Snow Warning|[of] p1a: Ninetales
|turn|46
|-message|swoaj forfeited.
|
|win|wattdog21
|raw|swoaj's rating: 1455 &rarr; <strong>1438</strong><br />(-17 for losing)
|raw|wattdog21's rating: 1505 &rarr; <strong>1522</strong><br />(+17 for winning)
|l|☆swoaj
|player|p1|
|l|☆wattdog21
|player|p2|
