|j|☆Shalimarrrr
|j|☆chronos556
|t:|1769415206
|gametype|singles
|player|p1|Shalimarrrr|iono|1441
|player|p2|chronos556|170|1442
|gen|9
|tier|[Gen 9] OU
|rated|
|rule|HP Percentage Mod: HP is shown in percentages
|rule|Endless Battle Clause: Forcing endless battles is banned
|rule|Species Clause: Limit one of each Pokémon
|rule|OHKO Clause: OHKO moves are banned
|rule|Evasion Items Clause: Evasion items are banned
|rule|Evasion Moves Clause: Evasion moves are banned
|rule|Evasion Abilities Clause: Evasion abilities are banned
|rule|Sleep Moves Clause: Sleep-inducing moves are banned
|clearpoke
|poke|p1|Walking Wake|
|poke|p1|Maushold|
|poke|p1|Azumarill, F|
|poke|p1|Kingambit, F|
|poke|p1|Dragapult, F|
|poke|p1|Great Tusk|
|poke|p2|Ting-Lu|
|poke|p2|Ogerpon-Wellspring, F|
|poke|p2|Zamazenta-*|
|poke|p2|Raging Bolt|
|poke|p2|Iron Crown|
|poke|p2|Cyclizar, F|
|teampreview
|inactive|Battle timer is ON: inactive players will automatically lose when time's up. (requested by chronos556)
|
|t:|1769415224
|teamsize|p1|6
|teamsize|p2|6
|start
|switch|p1a: Dragapult|Dragapult, F|100/100
|switch|p2a: Bonk|Ogerpon-Wellspring, F|100/100
|turn|1
|
|t:|1769415246
|switch|p2a: Crocs|Cyclizar, F|100/100
|move|p1a: Dragapult|Will-O-Wisp|p2a: Crocs
|-status|p2a: Crocs|brn
|
|-damage|p2a: Crocs|94/100 brn|[from] brn
|upkeep
|turn|2
|
|t:|1769415250
|move|p1a: Dragapult|Dragon Darts|p2a: Crocs
|-supereffective|p2a: Crocs
|-damage|p2a: Crocs|24/100 brn
|-anim|p1a: Dragapult|Dragon Darts|p2a: Crocs
|-supereffective|p2a: Crocs
|-damage|p2a: Crocs|0 fnt
|faint|p2a: Crocs
|
|upkeep
|
|t:|1769415256
|switch|p2a: Gerald|Raging Bolt|100/100
|turn|3
|
|t:|1769415265
|-terastallize|p2a: Gerald|Fairy
|move|p1a: Dragapult|Dragon Darts|p2a: Gerald
|-immune|p2a: Gerald
|move|p2a: Gerald|Draco Meteor|p1a: Dragapult
|-supereffective|p1a: Dragapult
|-enditem|p1a: Dragapult|Focus Sash
|-damage|p1a: Dragapult|1/100
|-unboost|p2a: Gerald|spa|2
|
|upkeep
|turn|4
|
|t:|1769415269
|move|p2a: Gerald|Thunderclap|p1a: Dragapult
|-resisted|p1a: Dragapult
|-damage|p1a: Dragapult|0 fnt
|faint|p1a: Dragapult
|
|upkeep
|j| nitroLazer120
|inactive|Shalimarrrr has 120 seconds left.
|
|t:|1769415308
|switch|p1a: Great Tusk|Great Tusk|100/100
|turn|5
|
|t:|1769415313
|-end|p2a: Gerald|Protosynthesis|[silent]
|switch|p2a: Bonk|Ogerpon-Wellspring, F|100/100
|move|p1a: Great Tusk|Headlong Rush|p2a: Bonk
|-resisted|p2a: Bonk
|-damage|p2a: Bonk|61/100
|-unboost|p1a: Great Tusk|def|1
|-unboost|p1a: Great Tusk|spd|1
|-enditem|p1a: Great Tusk|Eject Pack
|
|t:|1769415319
|-end|p1a: Great Tusk|Protosynthesis|[silent]
|switch|p1a: Walking Wake|Walking Wake|100/100
|-enditem|p1a: Walking Wake|Booster Energy
|-activate|p1a: Walking Wake|ability: Protosynthesis|[fromitem]
|-start|p1a: Walking Wake|protosynthesisspa
|
|upkeep
|turn|6
|
|t:|1769415343
|switch|p2a: Fishbowl|Ting-Lu|100/100
|-ability|p2a: Fishbowl|Vessel of Ruin
|move|p1a: Walking Wake|Agility|p1a: Walking Wake
|-boost|p1a: Walking Wake|spe|2
|
|upkeep
|turn|7
|
|t:|1769415355
|move|p1a: Walking Wake|Surf|p2a: Fishbowl
|-supereffective|p2a: Fishbowl
|-damage|p2a: Fishbowl|34/100
|move|p2a: Fishbowl|Earthquake|p1a: Walking Wake
|-damage|p1a: Walking Wake|59/100
|
|-heal|p2a: Fishbowl|40/100|[from] item: Leftovers
|upkeep
|turn|8
|
|t:|1769415365
|move|p1a: Walking Wake|Surf|p2a: Fishbowl
|-supereffective|p2a: Fishbowl
|-damage|p2a: Fishbowl|0 fnt
|faint|p2a: Fishbowl
|
|upkeep
|
|t:|1769415369
|switch|p2a: Gerald|Raging Bolt, tera:Fairy|100/100
|turn|9
|
|t:|1769415387
|move|p1a: Walking Wake|Surf|p2a: Gerald
|-damage|p2a: Gerald|47/100
|move|p2a: Gerald|Thunderbolt|p1a: Walking Wake
|-damage|p1a: Walking Wake|0 fnt
|faint|p1a: Walking Wake
|-end|p1a: Walking Wake|Protosynthesis|[silent]
|
|-heal|p2a: Gerald|54/100|[from] item: Leftovers
|upkeep
|
|t:|1769415392
|switch|p1a: Tandemauss|Maushold|100/100
|turn|10
|
|t:|1769415401
|-end|p2a: Gerald|Protosynthesis|[silent]
|switch|p2a: PS5|Iron Crown|100/100
|move|p1a: Tandemauss|Population Bomb|p2a: PS5
|-resisted|p2a: PS5
|-damage|p2a: PS5|95/100
|-resisted|p2a: PS5
|-damage|p2a: PS5|89/100
|-resisted|p2a: PS5
|-damage|p2a: PS5|84/100
|-resisted|p2a: PS5
|-damage|p2a: PS5|78/100
|-resisted|p2a: PS5
|-damage|p2a: PS5|72/100
|-resisted|p2a: PS5
|-damage|p2a: PS5|66/100
|-resisted|p2a: PS5
|-damage|p2a: PS5|60/100
|-resisted|p2a: PS5
|-damage|p2a: PS5|54/100
|-resisted|p2a: PS5
|-damage|p2a: PS5|48/100
|-resisted|p2a: PS5
|-damage|p2a: PS5|42/100
|-hitcount|p2a: PS5|10
|
|upkeep
|turn|11
|
|t:|1769415420
|move|p1a: Tandemauss|Population Bomb|p2a: PS5
|-resisted|p2a: PS5
|-damage|p2a: PS5|37/100
|-resisted|p2a: PS5
|-crit|p2a: PS5
|-damage|p2a: PS5|27/100
|-resisted|p2a: PS5
|-damage|p2a: PS5|21/100
|-resisted|p2a: PS5
|-damage|p2a: PS5|15/100
|-resisted|p2a: PS5
|-damage|p2a: PS5|10/100
|-resisted|p2a: PS5
|-damage|p2a: PS5|4/100
|-resisted|p2a: PS5
|-damage|p2a: PS5|0 fnt
|faint|p2a: PS5
|-end|p2a: PS5|Quark Drive|[silent]
|-hitcount|p2: PS5|7
|
|upkeep
|
|t:|1769415431
|switch|p2a: Shieldoge|Zamazenta|100/100
|-ability|p2a: Shieldoge|Dauntless Shield|boost
|-boost|p2a: Shieldoge|def|1
|turn|12
|inactive|Shalimarrrr has 120 seconds left.
|
|t:|1769415463
|-terastallize|p1a: Tandemauss|Ghost
|move|p1a: Tandemauss|Tidy Up|p1a: Tandemauss
|-boost|p1a: Tandemauss|atk|1
|-boost|p1a: Tandemauss|spe|1
|move|p2a: Shieldoge|Body Press|p1a: Tandemauss
|-immune|p1a: Tandemauss
|
|upkeep
|turn|13
|
|t:|1769415473
|move|p1a: Tandemauss|Population Bomb|p2a: Shieldoge
|-damage|p2a: Shieldoge|92/100
|-damage|p2a: Shieldoge|84/100
|-damage|p2a: Shieldoge|75/100
|-damage|p2a: Shieldoge|65/100
|-damage|p2a: Shieldoge|56/100
|-damage|p2a: Shieldoge|47/100
|-damage|p2a: Shieldoge|38/100
|-hitcount|p2a: Shieldoge|7
|move|p2a: Shieldoge|Crunch|p1a: Tandemauss
|-supereffective|p1a: Tandemauss
|-damage|p1a: Tandemauss|17/100
|
|-heal|p2a: Shieldoge|44/100|[from] item: Leftovers
|upkeep
|turn|14
|
|t:|1769415489
|move|p1a: Tandemauss|Population Bomb|p2a: Shieldoge
|-damage|p2a: Shieldoge|36/100
|-damage|p2a: Shieldoge|28/100
|-damage|p2a: Shieldoge|19/100
|-damage|p2a: Shieldoge|10/100
|-damage|p2a: Shieldoge|1/100
|-damage|p2a: Shieldoge|0 fnt
|faint|p2a: Shieldoge
|-hitcount|p2: Shieldoge|6
|
|upkeep
|
|t:|1769415494
|switch|p2a: Gerald|Raging Bolt, tera:Fairy|54/100
|turn|15
|
|t:|1769415496
|move|p2a: Gerald|Thunderclap||[still]
|-fail|p2a: Gerald
|move|p1a: Tandemauss|Encore|p2a: Gerald
|-start|p2a: Gerald|Encore
|
|-heal|p2a: Gerald|60/100|[from] item: Leftovers
|upkeep
|turn|16
|
|t:|1769415501
|-end|p2a: Gerald|Protosynthesis|[silent]
|switch|p2a: Bonk|Ogerpon-Wellspring, F|61/100
|move|p1a: Tandemauss|Tidy Up|p1a: Tandemauss
|-boost|p1a: Tandemauss|atk|1
|-boost|p1a: Tandemauss|spe|1
|
|upkeep
|turn|17
|
|t:|1769415504
|move|p1a: Tandemauss|Population Bomb|p2a: Bonk
|-damage|p2a: Bonk|35/100
|-damage|p2a: Bonk|5/100
|-damage|p2a: Bonk|0 fnt
|faint|p2a: Bonk
|-hitcount|p2: Bonk|3
|
|upkeep
|
|t:|1769415506
|switch|p2a: Gerald|Raging Bolt, tera:Fairy|60/100
|turn|18
|
|t:|1769415510
|move|p1a: Tandemauss|Population Bomb|p2a: Gerald
|-damage|p2a: Gerald|42/100
|-damage|p2a: Gerald|23/100
|-damage|p2a: Gerald|5/100
|-damage|p2a: Gerald|0 fnt
|faint|p2a: Gerald
|-end|p2a: Gerald|Protosynthesis|[silent]
|-hitcount|p2: Gerald|4
|
|win|Shalimarrrr
|raw|Shalimarrrr's rating: 1441 &rarr; <strong>1461</strong><br />(+20 for winning)
|raw|chronos556's rating: 1442 &rarr; <strong>1422</strong><br />(-20 for losing)
|l|☆Shalimarrrr
|player|p1|
|l|☆chronos556
|player|p2|
