|j|☆flygonisdragon
|j|‽LT_Alt1
|t:|1769317948
|gametype|singles
|player|p1|flygonisdragon|alder|1699
|player|p2|LT_Alt1|101|1653
|gen|9
|tier|[Gen 9] OU
|rated|
|rule|HP Percentage Mod: HP is shown in percentages
|rule|Endless Battle Clause: Forcing endless battles is banned
|rule|Species Clause: Limit one of each Pokémon
|rule|OHKO Clause: OHKO moves are banned
|rule|Evasion Items Clause: Evasion items are banned
|rule|Evasion Moves Clause: Evasion moves are banned
|rule|Evasion Abilities Clause: Evasion abilities are banned
|rule|Sleep Moves Clause: Sleep-inducing moves are banned
|clearpoke
|poke|p1|Meloetta|
|poke|p1|Volcanion|
|poke|p1|Kyurem|
|poke|p1|Kommo-o, M|
|poke|p1|Hatterene, F|
|poke|p1|Cinderace, M|
|poke|p2|Darkrai|
|poke|p2|Slowking-Galar, F|
|poke|p2|Gholdengo|
|poke|p2|Iron Treads|
|poke|p2|Raging Bolt|
|poke|p2|Gliscor, F|
|teampreview
|
|t:|1769317959
|teamsize|p1|6
|teamsize|p2|6
|start
|switch|p1a: Meloetta|Meloetta|100/100
|switch|p2a: Darkrai|Darkrai|100/100
|turn|1
|
|t:|1769317963
|switch|p2a: Slowking|Slowking-Galar, F|100/100
|move|p1a: Meloetta|Relic Song|p2a: Slowking
|-damage|p2a: Slowking|81/100
|-status|p2a: Slowking|slp|[from] move: Relic Song
|-formechange|p1a: Meloetta|Meloetta-Pirouette|[msg]
|
|-heal|p2a: Slowking|87/100 slp|[from] item: Leftovers
|upkeep
|turn|2
|
|t:|1769317972
|move|p1a: Meloetta|Knock Off|p2a: Slowking
|-supereffective|p2a: Slowking
|-damage|p2a: Slowking|40/100 slp
|-enditem|p2a: Slowking|Leftovers|[from] move: Knock Off|[of] p1a: Meloetta
|cant|p2a: Slowking|slp
|
|upkeep
|turn|3
|j| sixlegoat
|
|t:|1769317978
|move|p1a: Meloetta|Knock Off|p2a: Slowking
|-supereffective|p2a: Slowking
|-damage|p2a: Slowking|8/100 slp
|-curestatus|p2a: Slowking|slp|[msg]
|move|p2a: Slowking|Thunder Wave|p1a: Meloetta
|-status|p1a: Meloetta|par
|
|upkeep
|turn|4
|
|t:|1769317985
|switch|p2a: Iron Treads|Iron Treads|100/100
|cant|p1a: Meloetta|par
|
|upkeep
|turn|5
|
|t:|1769317989
|-end|p2a: Iron Treads|Quark Drive|[silent]
|switch|p2a: Slowking|Slowking-Galar, F|41/100
|move|p1a: Meloetta|Close Combat|p2a: Slowking
|-resisted|p2a: Slowking
|-damage|p2a: Slowking|30/100
|-unboost|p1a: Meloetta|def|1
|-unboost|p1a: Meloetta|spd|1
|
|upkeep
|turn|6
|
|t:|1769317994
|switch|p2a: Iron Treads|Iron Treads|100/100
|move|p1a: Meloetta|Knock Off|p2a: Iron Treads
|-damage|p2a: Iron Treads|78/100
|-enditem|p2a: Iron Treads|Heavy-Duty Boots|[from] move: Knock Off|[of] p1a: Meloetta
|
|upkeep
|turn|7
|l| sixlegoat
|
|t:|1769318002
|-end|p2a: Iron Treads|Quark Drive|[silent]
|switch|p2a: Slowking|Slowking-Galar, F|64/100
|cant|p1a: Meloetta|par
|
|upkeep
|turn|8
|
|t:|1769318005
|switch|p2a: Iron Treads|Iron Treads|78/100
|move|p1a: Meloetta|Relic Song|p2a: Iron Treads
|-resisted|p2a: Iron Treads
|-damage|p2a: Iron Treads|66/100
|-formechange|p1a: Meloetta|Meloetta|[msg]
|
|upkeep
|turn|9
|
|t:|1769318009
|switch|p1a: Hatterene|Hatterene, F|100/100
|move|p2a: Iron Treads|Earthquake|p1a: Hatterene
|-damage|p1a: Hatterene|59/100
|
|upkeep
|turn|10
|
|t:|1769318015
|move|p2a: Iron Treads|Earthquake|p1a: Hatterene
|-damage|p1a: Hatterene|20/100
|move|p1a: Hatterene|Mystical Fire|p2a: Iron Treads
|-supereffective|p2a: Iron Treads
|-crit|p2a: Iron Treads
|-damage|p2a: Iron Treads|0 fnt
|faint|p2a: Iron Treads
|-end|p2a: Iron Treads|Quark Drive|[silent]
|
|upkeep
|
|t:|1769318022
|switch|p2a: Darkrai|Darkrai|100/100
|turn|11
|
|t:|1769318072
|move|p2a: Darkrai|Dark Pulse|p1a: Hatterene
|-damage|p1a: Hatterene|0 fnt
|faint|p1a: Hatterene
|
|upkeep
|
|t:|1769318077
|switch|p1a: Cinderace|Cinderace, M|100/100
|turn|12
|
|t:|1769318083
|switch|p2a: Raging Bolt|Raging Bolt|100/100
|move|p1a: Cinderace|U-turn|p2a: Raging Bolt
|-damage|p2a: Raging Bolt|83/100
|
|t:|1769318092
|switch|p1a: Meloetta|Meloetta|100/100 par|[from] U-turn
|
|-heal|p2a: Raging Bolt|89/100|[from] item: Leftovers
|upkeep
|turn|13
|
|t:|1769318100
|move|p2a: Raging Bolt|Calm Mind|p2a: Raging Bolt
|-boost|p2a: Raging Bolt|spa|1
|-boost|p2a: Raging Bolt|spd|1
|cant|p1a: Meloetta|par
|
|-heal|p2a: Raging Bolt|95/100|[from] item: Leftovers
|upkeep
|turn|14
|
|t:|1769318104
|move|p2a: Raging Bolt|Thunderbolt|p1a: Meloetta
|-damage|p1a: Meloetta|68/100 par
|move|p1a: Meloetta|Relic Song|p2a: Raging Bolt
|-damage|p2a: Raging Bolt|77/100
|-status|p2a: Raging Bolt|slp|[from] move: Relic Song
|-formechange|p1a: Meloetta|Meloetta-Pirouette|[msg]
|
|-heal|p2a: Raging Bolt|83/100 slp|[from] item: Leftovers
|upkeep
|turn|15
|
|t:|1769318109
|cant|p2a: Raging Bolt|slp
|move|p1a: Meloetta|Knock Off|p2a: Raging Bolt
|-crit|p2a: Raging Bolt
|-damage|p2a: Raging Bolt|46/100 slp
|-enditem|p2a: Raging Bolt|Leftovers|[from] move: Knock Off|[of] p1a: Meloetta
|
|upkeep
|turn|16
|
|t:|1769318113
|-curestatus|p2a: Raging Bolt|slp|[msg]
|move|p2a: Raging Bolt|Thunderclap|p1a: Meloetta
|-damage|p1a: Meloetta|23/100 par
|cant|p1a: Meloetta|par
|
|upkeep
|turn|17
|j| Samurajen
|
|t:|1769318124
|move|p2a: Raging Bolt|Thunderbolt|p1a: Meloetta
|-damage|p1a: Meloetta|0 fnt
|faint|p1a: Meloetta
|
|upkeep
|
|t:|1769318127
|switch|p1a: Kyurem|Kyurem|100/100
|-ability|p1a: Kyurem|Pressure
|turn|18
|
|t:|1769318132
|move|p1a: Kyurem|Freeze-Dry|p2a: Raging Bolt
|-supereffective|p2a: Raging Bolt
|-crit|p2a: Raging Bolt
|-damage|p2a: Raging Bolt|0 fnt
|faint|p2a: Raging Bolt
|-end|p2a: Raging Bolt|Protosynthesis|[silent]
|
|upkeep
|
|t:|1769318143
|switch|p2a: Darkrai|Darkrai|100/100
|turn|19
|j| firecharmander004
|
|t:|1769318158
|move|p1a: Kyurem|Protect|p1a: Kyurem
|-singleturn|p1a: Kyurem|Protect
|move|p2a: Darkrai|Nasty Plot|p2a: Darkrai
|-boost|p2a: Darkrai|spa|2
|
|upkeep
|turn|20
|
|t:|1769318168
|move|p2a: Darkrai|Nasty Plot|p2a: Darkrai
|-boost|p2a: Darkrai|spa|2
|move|p1a: Kyurem|Freeze-Dry|p2a: Darkrai
|-damage|p2a: Darkrai|56/100
|
|-heal|p2a: Darkrai|62/100|[from] item: Leftovers
|upkeep
|turn|21
|
|t:|1769318173
|move|p2a: Darkrai|Dark Pulse|p1a: Kyurem
|-damage|p1a: Kyurem|0 fnt
|faint|p1a: Kyurem
|
|-heal|p2a: Darkrai|67/100|[from] item: Leftovers
|upkeep
|
|t:|1769318184
|switch|p1a: Volcanion|Volcanion|100/100
|turn|22
|
|t:|1769318187
|-terastallize|p1a: Volcanion|Ground
|move|p2a: Darkrai|Dark Pulse|p1a: Volcanion
|-damage|p1a: Volcanion|0 fnt
|faint|p1a: Volcanion
|
|-heal|p2a: Darkrai|73/100|[from] item: Leftovers
|upkeep
|
|t:|1769318190
|switch|p1a: Cinderace|Cinderace, M|100/100
|turn|23
|
|t:|1769318193
|move|p2a: Darkrai|Dark Pulse|p1a: Cinderace
|-damage|p1a: Cinderace|0 fnt
|faint|p1a: Cinderace
|
|-heal|p2a: Darkrai|79/100|[from] item: Leftovers
|upkeep
|
|t:|1769318195
|switch|p1a: Kommo-o|Kommo-o, M|100/100
|turn|24
|
|t:|1769318198
|move|p2a: Darkrai|Ice Beam|p1a: Kommo-o
|-supereffective|p1a: Kommo-o
|-damage|p1a: Kommo-o|0 fnt
|faint|p1a: Kommo-o
|
|win|LT_Alt1
|raw|flygonisdragon's rating: 1699 &rarr; <strong>1676</strong><br />(-23 for losing)
|raw|LT_Alt1's rating: 1653 &rarr; <strong>1676</strong><br />(+23 for winning)
|l|☆flygonisdragon
|player|p1|
