|j|☆AjaxTheMighty
|j|☆sousnakee
|t:|1769319419
|gametype|singles
|player|p1|AjaxTheMighty|101|1422
|player|p2|sousnakee|crasherwake|1484
|gen|9
|tier|[Gen 9] OU
|rated|
|rule|HP Percentage Mod: HP is shown in percentages
|rule|Endless Battle Clause: Forcing endless battles is banned
|rule|Species Clause: Limit one of each Pokémon
|rule|OHKO Clause: OHKO moves are banned
|rule|Evasion Items Clause: Evasion items are banned
|rule|Evasion Moves Clause: Evasion moves are banned
|rule|Evasion Abilities Clause: Evasion abilities are banned
|rule|Sleep Moves Clause: Sleep-inducing moves are banned
|clearpoke
|poke|p1|Dondozo, F|
|poke|p1|Blissey, F|
|poke|p1|Corviknight, M|
|poke|p1|Weezing-Galar, F|
|poke|p1|Gliscor, M|
|poke|p1|Toxapex, M|
|poke|p2|Slowking-Galar, M|
|poke|p2|Dondozo, F|
|poke|p2|Great Tusk|
|poke|p2|Ogerpon-Wellspring, F|
|poke|p2|Zapdos|
|poke|p2|Kingambit, F|
|teampreview
|
|t:|1769319427
|teamsize|p1|6
|teamsize|p2|6
|start
|switch|p1a: Gliscor|Gliscor, M|100/100
|switch|p2a: Slowking|Slowking-Galar, M|100/100
|turn|1
|inactive|Battle timer is ON: inactive players will automatically lose when time's up. (requested by AjaxTheMighty)
|
|t:|1769319434
|move|p1a: Gliscor|Earthquake|p2a: Slowking
|-supereffective|p2a: Slowking
|-damage|p2a: Slowking|35/100
|move|p2a: Slowking|Future Sight|p1a: Gliscor
|-start|p2a: Slowking|move: Future Sight
|
|-heal|p2a: Slowking|41/100|[from] item: Black Sludge
|-status|p1a: Gliscor|tox|[from] item: Toxic Orb
|upkeep
|turn|2
|
|t:|1769319442
|switch|p2a: Zapdos|Zapdos|100/100
|move|p1a: Gliscor|Knock Off|p2a: Zapdos
|-damage|p2a: Zapdos|85/100
|-enditem|p2a: Zapdos|Heavy-Duty Boots|[from] move: Knock Off|[of] p1a: Gliscor
|
|upkeep
|turn|3
|
|t:|1769319449
|move|p1a: Gliscor|Protect|p1a: Gliscor
|-singleturn|p1a: Gliscor|Protect
|move|p2a: Zapdos|Hurricane|p1a: Gliscor
|-activate|p1a: Gliscor|move: Protect
|
|-end|p1a: Gliscor|move: Future Sight
|-damage|p1a: Gliscor|64/100 tox
|-heal|p1a: Gliscor|76/100 tox|[from] ability: Poison Heal
|upkeep
|turn|4
|
|t:|1769319458
|move|p2a: Zapdos|U-turn|p1a: Gliscor
|-resisted|p1a: Gliscor
|-damage|p1a: Gliscor|71/100 tox
|
|t:|1769319463
|switch|p2a: Ogerpon|Ogerpon-Wellspring, F|100/100|[from] U-turn
|move|p1a: Gliscor|Spikes|p2a: Ogerpon
|-sidestart|p2: sousnakee|Spikes
|
|-heal|p1a: Gliscor|83/100 tox|[from] ability: Poison Heal
|upkeep
|turn|5
|
|t:|1769319469
|switch|p1a: Toxapex|Toxapex, M|100/100
|move|p2a: Ogerpon|Swords Dance|p2a: Ogerpon
|-boost|p2a: Ogerpon|atk|2
|
|upkeep
|turn|6
|
|t:|1769319475
|move|p2a: Ogerpon|Power Whip|p1a: Toxapex
|-damage|p1a: Toxapex|0 fnt
|faint|p1a: Toxapex
|
|upkeep
|
|t:|1769319479
|switch|p1a: Corviknight|Corviknight, M|100/100
|-ability|p1a: Corviknight|Pressure
|turn|7
|
|t:|1769319483
|-terastallize|p2a: Ogerpon|Water
|detailschange|p2a: Ogerpon|Ogerpon-Wellspring-Tera, F, tera:Water
|-ability|p2a: Ogerpon|Embody Aspect (Wellspring)|boost
|-boost|p2a: Ogerpon|spd|1
|move|p2a: Ogerpon|Ivy Cudgel|p1a: Corviknight|[anim] Ivy Cudgel Water
|-damage|p1a: Corviknight|13/100
|move|p1a: Corviknight|Iron Defense|p1a: Corviknight
|-boost|p1a: Corviknight|def|2
|
|-heal|p1a: Corviknight|20/100|[from] item: Leftovers
|upkeep
|turn|8
|
|t:|1769319493
|move|p2a: Ogerpon|Ivy Cudgel|p1a: Corviknight|[anim] Ivy Cudgel Water
|-damage|p1a: Corviknight|0 fnt
|faint|p1a: Corviknight
|
|upkeep
|
|t:|1769319496
|switch|p1a: Dondozo|Dondozo, F|100/100
|turn|9
|
|t:|1769319500
|-terastallize|p1a: Dondozo|Dragon
|move|p2a: Ogerpon|Power Whip|p1a: Dondozo
|-resisted|p1a: Dondozo
|-damage|p1a: Dondozo|84/100
|move|p1a: Dondozo|Body Press|p2a: Ogerpon
|-damage|p2a: Ogerpon|59/100
|
|-heal|p1a: Dondozo|91/100|[from] item: Leftovers
|upkeep
|turn|10
|
|t:|1769319508
|move|p2a: Ogerpon|Play Rough|p1a: Dondozo
|-supereffective|p1a: Dondozo
|-damage|p1a: Dondozo|62/100
|move|p1a: Dondozo|Body Press|p2a: Ogerpon
|-damage|p2a: Ogerpon|21/100
|
|-heal|p1a: Dondozo|68/100|[from] item: Leftovers
|upkeep
|turn|11
|
|t:|1769319518
|switch|p2a: Zapdos|Zapdos|85/100
|move|p1a: Dondozo|Avalanche|p2a: Zapdos
|-supereffective|p2a: Zapdos
|-damage|p2a: Zapdos|64/100
|
|-heal|p1a: Dondozo|74/100|[from] item: Leftovers
|upkeep
|turn|12
|
|t:|1769319526
|move|p2a: Zapdos|Roost|p2a: Zapdos
|-heal|p2a: Zapdos|100/100
|-singleturn|p2a: Zapdos|move: Roost
|move|p1a: Dondozo|Avalanche|p2a: Zapdos
|-damage|p2a: Zapdos|90/100
|
|-heal|p1a: Dondozo|80/100|[from] item: Leftovers
|upkeep
|turn|13
|
|t:|1769319535
|switch|p2a: Slowking|Slowking-Galar, M|74/100
|-damage|p2a: Slowking|61/100|[from] Spikes
|switch|p1a: Blissey|Blissey, F|100/100
|
|-heal|p2a: Slowking|68/100|[from] item: Black Sludge
|upkeep
|turn|14
|
|t:|1769319543
|move|p1a: Blissey|Stealth Rock|p2a: Slowking
|-sidestart|p2: sousnakee|move: Stealth Rock
|move|p2a: Slowking|Trick|p1a: Blissey
|-activate|p2a: Slowking|move: Trick|[of] p1a: Blissey
|-item|p1a: Blissey|Black Sludge|[from] move: Trick
|-item|p2a: Slowking|Leftovers|[from] move: Trick
|
|-damage|p1a: Blissey|88/100|[from] item: Black Sludge
|-heal|p2a: Slowking|74/100|[from] item: Leftovers
|upkeep
|turn|15
|
|t:|1769319551
|move|p1a: Blissey|Seismic Toss|p2a: Slowking
|-damage|p2a: Slowking|48/100
|move|p2a: Slowking|Future Sight|p1a: Blissey
|-start|p2a: Slowking|move: Future Sight
|
|-damage|p1a: Blissey|75/100|[from] item: Black Sludge
|-heal|p2a: Slowking|54/100|[from] item: Leftovers
|upkeep
|turn|16
|
|t:|1769319558
|move|p1a: Blissey|Seismic Toss|p2a: Slowking
|-damage|p2a: Slowking|29/100
|-prepare|p2a: Slowking|Chilly Reception|[premajor]
|move|p2a: Slowking|Chilly Reception|p2a: Slowking
|-weather|Snowscape
|
|t:|1769319563
|switch|p2a: Great Tusk|Great Tusk|100/100|[from] Chilly Reception
|-damage|p2a: Great Tusk|88/100|[from] Spikes
|-damage|p2a: Great Tusk|85/100|[from] Stealth Rock
|
|-weather|Snowscape|[upkeep]
|-heal|p2a: Great Tusk|91/100|[from] item: Leftovers
|-damage|p1a: Blissey|63/100|[from] item: Black Sludge
|upkeep
|turn|17
|
|t:|1769319572
|switch|p1a: Gliscor|Gliscor, M|83/100 tox
|move|p2a: Great Tusk|Rapid Spin|p1a: Gliscor
|-damage|p1a: Gliscor|69/100 tox
|-boost|p2a: Great Tusk|spe|1
|-sideend|p2: sousnakee|Spikes|[from] move: Rapid Spin|[of] p2a: Great Tusk
|-sideend|p2: sousnakee|Stealth Rock|[from] move: Rapid Spin|[of] p2a: Great Tusk
|
|-weather|Snowscape|[upkeep]
|-end|p1a: Gliscor|move: Future Sight
|-damage|p1a: Gliscor|34/100 tox
|-heal|p2a: Great Tusk|98/100|[from] item: Leftovers
|-heal|p1a: Gliscor|46/100 tox|[from] ability: Poison Heal
|upkeep
|turn|18
|
|t:|1769319583
|move|p1a: Gliscor|Protect|p1a: Gliscor
|-singleturn|p1a: Gliscor|Protect
|move|p2a: Great Tusk|Stealth Rock|p1a: Gliscor
|-sidestart|p1: AjaxTheMighty|move: Stealth Rock
|
|-weather|Snowscape|[upkeep]
|-heal|p2a: Great Tusk|100/100|[from] item: Leftovers
|-heal|p1a: Gliscor|59/100 tox|[from] ability: Poison Heal
|upkeep
|turn|19
|
|t:|1769319590
|move|p2a: Great Tusk|Ice Spinner|p1a: Gliscor
|-supereffective|p1a: Gliscor
|-damage|p1a: Gliscor|0 fnt
|faint|p1a: Gliscor
|
|-weather|Snowscape|[upkeep]
|upkeep
|
|t:|1769319593
|switch|p1a: Dondozo|Dondozo, F, tera:Dragon|80/100
|-damage|p1a: Dondozo|68/100|[from] Stealth Rock
|turn|20
|
|t:|1769319614
|-end|p2a: Great Tusk|Protosynthesis|[silent]
|switch|p2a: Zapdos|Zapdos|90/100
|move|p1a: Dondozo|Rest|p1a: Dondozo
|-status|p1a: Dondozo|slp|[from] move: Rest
|-heal|p1a: Dondozo|100/100 slp|[silent]
|
|-weather|none
|upkeep
|turn|21
|
|t:|1769319623
|switch|p2a: Dondozo|Dondozo, F|100/100
|switch|p1a: Blissey|Blissey, F|63/100
|-damage|p1a: Blissey|50/100|[from] Stealth Rock
|
|-damage|p1a: Blissey|38/100|[from] item: Black Sludge
|upkeep
|turn|22
|
|t:|1769319638
|switch|p2a: Slowking|Slowking-Galar, M|62/100
|move|p1a: Blissey|Soft-Boiled|p1a: Blissey
|-heal|p1a: Blissey|88/100
|
|-damage|p1a: Blissey|75/100|[from] item: Black Sludge
|-heal|p2a: Slowking|68/100|[from] item: Leftovers
|upkeep
|turn|23
|c|☆AjaxTheMighty|im fairly certain this is over so im gonna save us the 80 turns it'll take to end this
|c|☆AjaxTheMighty|gg
|-message|AjaxTheMighty forfeited.
|
|win|sousnakee
|raw|AjaxTheMighty's rating: 1422 &rarr; <strong>1406</strong><br />(-16 for losing)
|raw|sousnakee's rating: 1484 &rarr; <strong>1500</strong><br />(+16 for winning)
|c|☆sousnakee|gg
|l|☆sousnakee
|player|p2|
