|j|☆beentheredonepat
|j|☆BlueAgentSlayer
|t:|1769426995
|gametype|singles
|player|p1|beentheredonepat|spark-casual|1202
|player|p2|BlueAgentSlayer|cilan|1159
|gen|9
|tier|[Gen 9] OU
|rated|
|rule|HP Percentage Mod: HP is shown in percentages
|rule|Endless Battle Clause: Forcing endless battles is banned
|rule|Species Clause: Limit one of each Pokémon
|rule|OHKO Clause: OHKO moves are banned
|rule|Evasion Items Clause: Evasion items are banned
|rule|Evasion Moves Clause: Evasion moves are banned
|rule|Evasion Abilities Clause: Evasion abilities are banned
|rule|Sleep Moves Clause: Sleep-inducing moves are banned
|clearpoke
|poke|p1|Typhlosion, M|
|poke|p1|Ninetales, F|
|poke|p1|Corviknight, F|
|poke|p1|Shiftry, M|
|poke|p1|Samurott-Hisui, F|
|poke|p1|Whimsicott, M|
|poke|p2|Exeggutor, M|
|poke|p2|Gholdengo|
|poke|p2|Blissey, F|
|poke|p2|Glimmora, M|
|poke|p2|Slither Wing|
|poke|p2|Darkrai|
|teampreview
|inactive|Battle timer is ON: inactive players will automatically lose when time's up. (requested by beentheredonepat)
|
|t:|1769427006
|teamsize|p1|6
|teamsize|p2|6
|start
|switch|p1a: Samurott|Samurott-Hisui, F|100/100
|switch|p2a: Slither Wing|Slither Wing|100/100
|turn|1
|
|t:|1769427015
|switch|p1a: Ninetales|Ninetales, F|100/100
|-weather|SunnyDay|[from] ability: Drought|[of] p1a: Ninetales
|-activate|p2a: Slither Wing|ability: Protosynthesis
|-start|p2a: Slither Wing|protosynthesisatk
|move|p2a: Slither Wing|First Impression|p1a: Ninetales
|-resisted|p1a: Ninetales
|-damage|p1a: Ninetales|67/100
|
|-weather|SunnyDay|[upkeep]
|upkeep
|turn|2
|
|t:|1769427031
|-end|p2a: Slither Wing|Protosynthesis|[silent]
|switch|p2a: Glimmora|Glimmora, M|100/100
|move|p1a: Ninetales|Overheat|p2a: Glimmora
|-resisted|p2a: Glimmora
|-damage|p2a: Glimmora|58/100
|-unboost|p1a: Ninetales|spa|2
|-enditem|p1a: Ninetales|Eject Pack
|
|t:|1769427039
|switch|p1a: Typhlosion|Typhlosion, M|100/100
|
|-weather|SunnyDay|[upkeep]
|upkeep
|turn|3
|
|t:|1769427050
|-terastallize|p1a: Typhlosion|Fire
|move|p1a: Typhlosion|Eruption|p2a: Glimmora
|-resisted|p2a: Glimmora
|-damage|p2a: Glimmora|0 fnt
|faint|p2a: Glimmora
|
|-weather|SunnyDay|[upkeep]
|upkeep
|
|t:|1769427074
|switch|p2a: Blissey|Blissey, F|100/100
|turn|4
|
|t:|1769427081
|switch|p1a: Corviknight|Corviknight, F, shiny|100/100
|move|p2a: Blissey|Trick|p1a: Corviknight
|-activate|p2a: Blissey|move: Trick|[of] p1a: Corviknight
|-item|p1a: Corviknight|Choice Scarf|[from] move: Trick
|-item|p2a: Blissey|Leftovers|[from] move: Trick
|
|-weather|SunnyDay|[upkeep]
|upkeep
|turn|5
|
|t:|1769427094
|move|p1a: Corviknight|Body Press|p2a: Blissey
|-supereffective|p2a: Blissey
|-damage|p2a: Blissey|48/100
|move|p2a: Blissey|Flamethrower|p1a: Corviknight
|-supereffective|p1a: Corviknight
|-damage|p1a: Corviknight|41/100
|
|-weather|none
|-heal|p2a: Blissey|54/100|[from] item: Leftovers
|upkeep
|turn|6
|inactive|BlueAgentSlayer has 120 seconds left.
|
|t:|1769427116
|switch|p1a: Ninetales|Ninetales, F|67/100
|-weather|SunnyDay|[from] ability: Drought|[of] p1a: Ninetales
|move|p2a: Blissey|Flamethrower|p1a: Ninetales
|-resisted|p1a: Ninetales
|-damage|p1a: Ninetales|53/100
|
|-weather|SunnyDay|[upkeep]
|-heal|p2a: Blissey|61/100|[from] item: Leftovers
|upkeep
|turn|7
|inactive|BlueAgentSlayer has 120 seconds left.
|
|t:|1769427131
|switch|p1a: Corviknight|Corviknight, F, shiny|41/100
|switch|p2a: Slither Wing|Slither Wing|100/100
|-activate|p2a: Slither Wing|ability: Protosynthesis
|-start|p2a: Slither Wing|protosynthesisatk
|
|-weather|SunnyDay|[upkeep]
|upkeep
|turn|8
|inactive|BlueAgentSlayer has 120 seconds left.
|
|t:|1769427145
|move|p1a: Corviknight|Brave Bird|p2a: Slither Wing
|-supereffective|p2a: Slither Wing
|-damage|p2a: Slither Wing|0 fnt
|faint|p2a: Slither Wing
|-end|p2a: Slither Wing|Protosynthesis|[silent]
|-damage|p1a: Corviknight|11/100|[from] Recoil
|
|-weather|SunnyDay|[upkeep]
|upkeep
|inactive|BlueAgentSlayer has 120 seconds left.
|
|t:|1769427162
|switch|p2a: Gholdengo|Gholdengo|100/100
|turn|9
|
|t:|1769427167
|switch|p1a: Ninetales|Ninetales, F|53/100
|move|p2a: Gholdengo|Thunder Wave|p1a: Ninetales
|-status|p1a: Ninetales|par
|
|-weather|SunnyDay|[upkeep]
|upkeep
|turn|10
|inactive|BlueAgentSlayer has 120 seconds left.
|
|t:|1769427187
|move|p2a: Gholdengo|Hex|p1a: Ninetales
|-crit|p1a: Ninetales
|-damage|p1a: Ninetales|0 fnt
|faint|p1a: Ninetales
|
|-weather|none
|upkeep
|
|t:|1769427191
|switch|p1a: Typhlosion|Typhlosion, M, tera:Fire|100/100
|turn|11
|l|☆BlueAgentSlayer
|inactive|BlueAgentSlayer disconnected and has a minute to reconnect!
|player|p2|
|inactive|BlueAgentSlayer has 30 seconds to reconnect!
|j|☆BlueAgentSlayer
|inactive|BlueAgentSlayer reconnected and has 90 seconds left.
|player|p2|BlueAgentSlayer|cilan|
|
|t:|1769427235
|switch|p2a: Blissey|Blissey, F|61/100
|move|p1a: Typhlosion|Eruption|p2a: Blissey
|-damage|p2a: Blissey|23/100
|
|-heal|p2a: Blissey|29/100|[from] item: Leftovers
|upkeep
|turn|12
|inactive|BlueAgentSlayer has 90 seconds left.
|
|t:|1769427245
|move|p1a: Typhlosion|Eruption|p2a: Blissey
|-damage|p2a: Blissey|0 fnt
|faint|p2a: Blissey
|
|upkeep
|
|t:|1769427250
|switch|p2a: Exeggutor|Exeggutor, M|100/100
|turn|13
|inactive|BlueAgentSlayer has 90 seconds left.
|
|t:|1769427264
|switch|p1a: Whimsicott|Whimsicott, M|100/100
|-terastallize|p2a: Exeggutor|Poison
|move|p2a: Exeggutor|Substitute|p2a: Exeggutor
|-start|p2a: Exeggutor|Substitute
|-damage|p2a: Exeggutor|75/100
|
|upkeep
|turn|14
|inactive|BlueAgentSlayer has 90 seconds left.
|
|t:|1769427281
|move|p1a: Whimsicott|Sunny Day|p1a: Whimsicott
|-weather|SunnyDay
|move|p2a: Exeggutor|Synthesis|p2a: Exeggutor
|-heal|p2a: Exeggutor|100/100
|
|-weather|SunnyDay|[upkeep]
|upkeep
|turn|15
|
|t:|1769427288
|switch|p1a: Corviknight|Corviknight, F, shiny|11/100
|move|p2a: Exeggutor|Stored Power|p1a: Corviknight
|-resisted|p1a: Corviknight
|-damage|p1a: Corviknight|6/100
|
|-weather|SunnyDay|[upkeep]
|upkeep
|turn|16
|inactive|BlueAgentSlayer has 90 seconds left.
|
|t:|1769427297
|move|p1a: Corviknight|Brave Bird|p2a: Exeggutor
|-end|p2a: Exeggutor|Substitute
|-damage|p1a: Corviknight|0 fnt|[from] Recoil|[of] p2a: Exeggutor
|faint|p1a: Corviknight
|move|p2a: Exeggutor|Stored Power|p1: Corviknight|[notarget]
|-fail|p2a: Exeggutor
|
|-weather|SunnyDay|[upkeep]
|upkeep
|
|t:|1769427302
|switch|p1a: Typhlosion|Typhlosion, M, tera:Fire|100/100
|turn|17
|
|t:|1769427307
|move|p1a: Typhlosion|Eruption|p2a: Exeggutor
|-damage|p2a: Exeggutor|0 fnt
|faint|p2a: Exeggutor
|
|-weather|SunnyDay|[upkeep]
|upkeep
|
|t:|1769427312
|switch|p2a: Darkrai|Darkrai|100/100
|turn|18
|
|t:|1769427319
|switch|p1a: Whimsicott|Whimsicott, M|100/100
|move|p2a: Darkrai|Dark Pulse|p1a: Whimsicott
|-resisted|p1a: Whimsicott
|-damage|p1a: Whimsicott|78/100
|
|-weather|SunnyDay|[upkeep]
|upkeep
|turn|19
|
|t:|1769427328
|move|p1a: Whimsicott|Tailwind|p1a: Whimsicott
|-sidestart|p1: beentheredonepat|move: Tailwind
|move|p2a: Darkrai|Ice Beam|p1a: Whimsicott
|-supereffective|p1a: Whimsicott
|-crit|p1a: Whimsicott
|-damage|p1a: Whimsicott|0 fnt
|faint|p1a: Whimsicott
|
|-weather|SunnyDay|[upkeep]
|upkeep
|
|t:|1769427330
|switch|p1a: Typhlosion|Typhlosion, M, tera:Fire|100/100
|turn|20
|inactive|BlueAgentSlayer has 120 seconds left.
|
|t:|1769427343
|move|p1a: Typhlosion|Eruption|p2a: Darkrai
|-damage|p2a: Darkrai|0 fnt
|faint|p2a: Darkrai
|
|-weather|SunnyDay|[upkeep]
|upkeep
|
|t:|1769427348
|switch|p2a: Gholdengo|Gholdengo|100/100
|turn|21
|
|t:|1769427353
|move|p1a: Typhlosion|Eruption|p2a: Gholdengo
|-supereffective|p2a: Gholdengo
|-damage|p2a: Gholdengo|0 fnt
|faint|p2a: Gholdengo
|
|win|beentheredonepat
|raw|beentheredonepat's rating: 1202 &rarr; <strong>1224</strong><br />(+22 for winning)
|raw|BlueAgentSlayer's rating: 1159 &rarr; <strong>1137</strong><br />(-22 for losing)
|l|☆beentheredonepat
|player|p1|
