|inactive|Battle timer is ON: inactive players will automatically lose when time's up.
|t:|1769343787
|gametype|singles
|player|p1|PainDeMiiie|169|
|player|p2|Cerva Nivea|clair|
|gen|9
|tier|[Gen 9] OU
|rule|HP Percentage Mod: HP is shown in percentages
|rule|Endless Battle Clause: Forcing endless battles is banned
|rule|Species Clause: Limit one of each Pokémon
|rule|OHKO Clause: OHKO moves are banned
|rule|Evasion Items Clause: Evasion items are banned
|rule|Evasion Moves Clause: Evasion moves are banned
|rule|Evasion Abilities Clause: Evasion abilities are banned
|rule|Sleep Moves Clause: Sleep-inducing moves are banned
|clearpoke
|poke|p1|Slowking-Galar, M|
|poke|p1|Mandibuzz, F|
|poke|p1|Magnezone|
|poke|p1|Great Tusk|
|poke|p1|Rillaboom, F|
|poke|p1|Dragapult, F|
|poke|p2|Ogerpon-Wellspring, F|
|poke|p2|Iron Treads|
|poke|p2|Garganacl, M|
|poke|p2|Moltres|
|poke|p2|Zamazenta-*|
|poke|p2|Kingambit, F|
|teampreview
|inactive|PainDeMiiie has 270 seconds left.
|inactive|Cerva Nivea has 270 seconds left.
|c|☆PainDeMiiie|glhf
|inactive|Cerva Nivea has 240 seconds left.
|
|t:|1769343863
|teamsize|p1|6
|teamsize|p2|6
|start
|switch|p1a: Dragapult|Dragapult, F|100/100
|switch|p2a: Garganacl|Garganacl, M|100/100
|turn|1
|
|t:|1769343874
|move|p1a: Dragapult|U-turn|p2a: Garganacl
|-damage|p2a: Garganacl|75/100
|
|t:|1769343876
|switch|p1a: Rillaboom|Rillaboom, F|100/100|[from] U-turn
|-fieldstart|move: Grassy Terrain|[from] ability: Grassy Surge|[of] p1a: Rillaboom
|move|p2a: Garganacl|Salt Cure|p1a: Rillaboom
|-damage|p1a: Rillaboom|85/100
|-start|p1a: Rillaboom|Salt Cure
|
|-heal|p1a: Rillaboom|91/100|[from] Grassy Terrain
|-heal|p2a: Garganacl|82/100|[from] Grassy Terrain
|-heal|p2a: Garganacl|88/100|[from] item: Leftovers
|-damage|p1a: Rillaboom|79/100|[from] Salt Cure
|upkeep
|turn|2
|inactive|Cerva Nivea has 270 seconds left.
|
|t:|1769343926
|switch|p2a: Moltres|Moltres|100/100
|move|p1a: Rillaboom|U-turn|p2a: Moltres
|-resisted|p2a: Moltres
|-damage|p2a: Moltres|94/100
|
|t:|1769343929
|switch|p1a: Magnezone|Magnezone|100/100|[from] U-turn
|
|upkeep
|turn|3
|
|t:|1769343939
|switch|p2a: Iron Treads|Iron Treads|100/100
|move|p1a: Magnezone|Flash Cannon|p2a: Iron Treads
|-resisted|p2a: Iron Treads
|-damage|p2a: Iron Treads|53/100
|-unboost|p2a: Iron Treads|spd|1
|
|-heal|p2a: Iron Treads|59/100|[from] Grassy Terrain
|-heal|p2a: Iron Treads|65/100|[from] item: Leftovers
|upkeep
|turn|4
|inactive|Cerva Nivea has 270 seconds left.
|
|t:|1769343945
|switch|p1a: Mandibuzz|Mandibuzz, F|100/100
|move|p2a: Iron Treads|Knock Off|p1a: Mandibuzz
|-resisted|p1a: Mandibuzz
|-damage|p1a: Mandibuzz|92/100
|-enditem|p1a: Mandibuzz|Heavy-Duty Boots|[from] move: Knock Off|[of] p2a: Iron Treads
|
|-heal|p2a: Iron Treads|72/100|[from] Grassy Terrain
|-heal|p2a: Iron Treads|78/100|[from] item: Leftovers
|upkeep
|turn|5
|inactive|Cerva Nivea has 270 seconds left.
|
|t:|1769343972
|-end|p2a: Iron Treads|Quark Drive|[silent]
|switch|p2a: Moltres|Moltres|94/100
|move|p1a: Mandibuzz|Foul Play|p2a: Moltres
|-damage|p2a: Moltres|75/100
|
|-fieldend|move: Grassy Terrain
|upkeep
|turn|6
|
|t:|1769343977
|switch|p1a: Slowking|Slowking-Galar, M|100/100
|move|p2a: Moltres|Will-O-Wisp|p1a: Slowking
|-status|p1a: Slowking|brn
|
|-damage|p1a: Slowking|94/100 brn|[from] brn
|upkeep
|turn|7
|inactive|Cerva Nivea has 270 seconds left.
|
|t:|1769343990
|switch|p2a: Garganacl|Garganacl, M|88/100
|-prepare|p1a: Slowking|Chilly Reception|[premajor]
|move|p1a: Slowking|Chilly Reception|p1a: Slowking
|-weather|Snowscape
|
|t:|1769343996
|switch|p1a: Magnezone|Magnezone|100/100|[from] Chilly Reception
|
|-weather|Snowscape|[upkeep]
|-heal|p2a: Garganacl|94/100|[from] item: Leftovers
|upkeep
|turn|8
|inactive|Cerva Nivea has 270 seconds left.
|inactive|Cerva Nivea has 240 seconds left.
|
|t:|1769344044
|move|p2a: Garganacl|Protect|p2a: Garganacl
|-singleturn|p2a: Garganacl|Protect
|move|p1a: Magnezone|Flash Cannon|p2a: Garganacl
|-activate|p2a: Garganacl|move: Protect
|
|-weather|Snowscape|[upkeep]
|-heal|p2a: Garganacl|99/100|[from] item: Leftovers
|upkeep
|turn|9
|inactive|Cerva Nivea has 240 seconds left.
|
|t:|1769344051
|switch|p2a: Iron Treads|Iron Treads|78/100
|move|p1a: Magnezone|Flash Cannon|p2a: Iron Treads
|-resisted|p2a: Iron Treads
|-damage|p2a: Iron Treads|29/100
|
|-weather|Snowscape|[upkeep]
|-heal|p2a: Iron Treads|36/100|[from] item: Leftovers
|upkeep
|turn|10
|inactive|Cerva Nivea has 240 seconds left.
|
|t:|1769344062
|switch|p1a: Mandibuzz|Mandibuzz, F|92/100
|move|p2a: Iron Treads|Earthquake|p1a: Mandibuzz
|-immune|p1a: Mandibuzz
|
|-weather|Snowscape|[upkeep]
|-heal|p2a: Iron Treads|42/100|[from] item: Leftovers
|upkeep
|turn|11
|
|t:|1769344072
|-end|p2a: Iron Treads|Quark Drive|[silent]
|switch|p2a: Garganacl|Garganacl, M|99/100
|switch|p1a: Slowking|Slowking-Galar, M|100/100 brn
|
|-weather|none
|-heal|p2a: Garganacl|100/100|[from] item: Leftovers
|-damage|p1a: Slowking|94/100 brn|[from] brn
|upkeep
|turn|12
|
|t:|1769344076
|move|p2a: Garganacl|Stealth Rock|p1a: Slowking
|-sidestart|p1: PainDeMiiie|move: Stealth Rock
|-prepare|p1a: Slowking|Chilly Reception|[premajor]
|move|p1a: Slowking|Chilly Reception|p1a: Slowking
|-weather|Snowscape
|
|t:|1769344079
|switch|p1a: Magnezone|Magnezone|100/100|[from] Chilly Reception
|-damage|p1a: Magnezone|94/100|[from] Stealth Rock
|
|-weather|Snowscape|[upkeep]
|upkeep
|turn|13
|
|t:|1769344082
|move|p2a: Garganacl|Protect|p2a: Garganacl
|-singleturn|p2a: Garganacl|Protect
|move|p1a: Magnezone|Flash Cannon|p2a: Garganacl
|-activate|p2a: Garganacl|move: Protect
|
|-weather|Snowscape|[upkeep]
|upkeep
|turn|14
|inactive|Cerva Nivea has 270 seconds left.
|
|t:|1769344101
|switch|p2a: Ogerpon|Ogerpon-Wellspring, F|100/100
|move|p1a: Magnezone|Flash Cannon|p2a: Ogerpon
|-resisted|p2a: Ogerpon
|-damage|p2a: Ogerpon|53/100
|
|-weather|Snowscape|[upkeep]
|upkeep
|turn|15
|
|t:|1769344107
|switch|p1a: Mandibuzz|Mandibuzz, F|92/100
|-damage|p1a: Mandibuzz|68/100|[from] Stealth Rock
|move|p2a: Ogerpon|Synthesis|p2a: Ogerpon
|-heal|p2a: Ogerpon|78/100
|
|-weather|Snowscape|[upkeep]
|upkeep
|turn|16
|
|t:|1769344117
|move|p2a: Ogerpon|U-turn|p1a: Mandibuzz
|-damage|p1a: Mandibuzz|53/100
|
|t:|1769344121
|switch|p2a: Garganacl|Garganacl, M|100/100|[from] U-turn
|move|p1a: Mandibuzz|Roost|p1a: Mandibuzz
|-heal|p1a: Mandibuzz|100/100
|-singleturn|p1a: Mandibuzz|move: Roost
|
|-weather|none
|upkeep
|turn|17
|
|t:|1769344127
|move|p1a: Mandibuzz|Defog|p2a: Garganacl
|-unboost|p2a: Garganacl|evasion|1
|-sideend|p1: PainDeMiiie|Stealth Rock|[from] move: Defog|[of] p1a: Mandibuzz
|move|p2a: Garganacl|Salt Cure|p1a: Mandibuzz
|-supereffective|p1a: Mandibuzz
|-damage|p1a: Mandibuzz|84/100
|-start|p1a: Mandibuzz|Salt Cure
|
|-damage|p1a: Mandibuzz|72/100|[from] Salt Cure
|upkeep
|turn|18
|
|t:|1769344132
|switch|p1a: Slowking|Slowking-Galar, M|100/100 brn
|move|p2a: Garganacl|Stealth Rock|p1a: Slowking
|-sidestart|p1: PainDeMiiie|move: Stealth Rock
|
|-damage|p1a: Slowking|94/100 brn|[from] brn
|upkeep
|turn|19
|
|t:|1769344141
|switch|p2a: Ogerpon|Ogerpon-Wellspring, F|78/100
|-prepare|p1a: Slowking|Chilly Reception|[premajor]
|move|p1a: Slowking|Chilly Reception|p1a: Slowking
|-weather|Snowscape
|
|t:|1769344146
|switch|p1a: Dragapult|Dragapult, F|100/100|[from] Chilly Reception
|-damage|p1a: Dragapult|88/100|[from] Stealth Rock
|
|-weather|Snowscape|[upkeep]
|upkeep
|turn|20
|
|t:|1769344162
|switch|p2a: Garganacl|Garganacl, M|100/100
|move|p1a: Dragapult|U-turn|p2a: Garganacl
|-damage|p2a: Garganacl|76/100
|
|t:|1769344165
|switch|p1a: Magnezone|Magnezone|94/100|[from] U-turn
|-damage|p1a: Magnezone|88/100|[from] Stealth Rock
|
|-weather|Snowscape|[upkeep]
|-heal|p2a: Garganacl|82/100|[from] item: Leftovers
|upkeep
|turn|21
|
|t:|1769344169
|move|p2a: Garganacl|Protect|p2a: Garganacl
|-singleturn|p2a: Garganacl|Protect
|move|p1a: Magnezone|Flash Cannon|p2a: Garganacl
|-activate|p2a: Garganacl|move: Protect
|
|-weather|Snowscape|[upkeep]
|-heal|p2a: Garganacl|88/100|[from] item: Leftovers
|upkeep
|turn|22
|
|t:|1769344173
|switch|p2a: Ogerpon|Ogerpon-Wellspring, F|78/100
|move|p1a: Magnezone|Flash Cannon|p2a: Ogerpon
|-resisted|p2a: Ogerpon
|-damage|p2a: Ogerpon|23/100
|
|-weather|Snowscape|[upkeep]
|upkeep
|turn|23
|
|t:|1769344179
|switch|p1a: Dragapult|Dragapult, F|88/100
|-damage|p1a: Dragapult|76/100|[from] Stealth Rock
|move|p2a: Ogerpon|Ivy Cudgel|p1a: Dragapult|[anim] Ivy Cudgel Water
|-resisted|p1a: Dragapult
|-damage|p1a: Dragapult|39/100
|
|-weather|none
|upkeep
|turn|24
|
|t:|1769344185
|switch|p2a: Moltres|Moltres|75/100
|move|p1a: Dragapult|U-turn|p2a: Moltres
|-resisted|p2a: Moltres
|-crit|p2a: Moltres
|-damage|p2a: Moltres|65/100
|-status|p1a: Dragapult|brn|[from] ability: Flame Body|[of] p2a: Moltres
|
|t:|1769344195
|switch|p1a: Magnezone|Magnezone|88/100|[from] U-turn
|-damage|p1a: Magnezone|82/100|[from] Stealth Rock
|
|upkeep
|turn|25
|
|t:|1769344200
|switch|p2a: Iron Treads|Iron Treads|42/100
|move|p1a: Magnezone|Steel Beam|p2a: Iron Treads
|-resisted|p2a: Iron Treads
|-crit|p2a: Iron Treads
|-damage|p2a: Iron Treads|0 fnt
|-damage|p1a: Magnezone|32/100|[from] steelbeam
|faint|p2a: Iron Treads
|-end|p2a: Iron Treads|Quark Drive|[silent]
|
|upkeep
|
|t:|1769344205
|switch|p2a: Ogerpon|Ogerpon-Wellspring, F|23/100
|turn|26
|
|t:|1769344210
|switch|p1a: Rillaboom|Rillaboom, F|79/100
|-damage|p1a: Rillaboom|67/100|[from] Stealth Rock
|-fieldstart|move: Grassy Terrain|[from] ability: Grassy Surge|[of] p1a: Rillaboom
|move|p2a: Ogerpon|Ivy Cudgel|p1a: Rillaboom|[anim] Ivy Cudgel Water
|-resisted|p1a: Rillaboom
|-damage|p1a: Rillaboom|35/100
|
|-heal|p2a: Ogerpon|29/100|[from] Grassy Terrain
|-heal|p1a: Rillaboom|42/100|[from] Grassy Terrain
|upkeep
|turn|27
|
|t:|1769344216
|switch|p2a: Moltres|Moltres|65/100
|switch|p1a: Mandibuzz|Mandibuzz, F|72/100
|-damage|p1a: Mandibuzz|47/100|[from] Stealth Rock
|
|upkeep
|turn|28
|
|t:|1769344229
|move|p2a: Moltres|Will-O-Wisp|p1a: Mandibuzz|[miss]
|-miss|p2a: Moltres|p1a: Mandibuzz
|move|p1a: Mandibuzz|Roost|p1a: Mandibuzz
|-heal|p1a: Mandibuzz|97/100
|-singleturn|p1a: Mandibuzz|move: Roost
|
|-heal|p1a: Mandibuzz|100/100|[from] Grassy Terrain
|upkeep
|turn|29
|
|t:|1769344231
|move|p2a: Moltres|Will-O-Wisp|p1a: Mandibuzz
|-status|p1a: Mandibuzz|brn
|move|p1a: Mandibuzz|Defog|p2a: Moltres
|-unboost|p2a: Moltres|evasion|1
|-sideend|p1: PainDeMiiie|Stealth Rock|[from] move: Defog|[of] p1a: Mandibuzz
|-fieldend|move: Grassy Terrain
|
|-damage|p1a: Mandibuzz|94/100 brn|[from] brn
|upkeep
|turn|30
|
|t:|1769344238
|switch|p1a: Slowking|Slowking-Galar, M|100/100 brn
|move|p2a: Moltres|Roost|p2a: Moltres
|-heal|p2a: Moltres|100/100
|-singleturn|p2a: Moltres|move: Roost
|
|-damage|p1a: Slowking|94/100 brn|[from] brn
|upkeep
|turn|31
|
|t:|1769344244
|move|p2a: Moltres|Flamethrower|p1a: Slowking
|-damage|p1a: Slowking|71/100 brn
|-prepare|p1a: Slowking|Chilly Reception|[premajor]
|move|p1a: Slowking|Chilly Reception|p1a: Slowking
|-weather|Snowscape
|
|t:|1769344247
|switch|p1a: Magnezone|Magnezone|32/100|[from] Chilly Reception
|
|-weather|Snowscape|[upkeep]
|upkeep
|turn|32
|inactive|Cerva Nivea has 270 seconds left.
|
|t:|1769344279
|move|p2a: Moltres|Flamethrower|p1a: Magnezone
|-supereffective|p1a: Magnezone
|-damage|p1a: Magnezone|0 fnt
|faint|p1a: Magnezone
|
|-weather|Snowscape|[upkeep]
|upkeep
|
|t:|1769344290
|switch|p1a: Slowking|Slowking-Galar, M|100/100 brn
|turn|33
|
|t:|1769344294
|switch|p2a: Garganacl|Garganacl, M|88/100
|move|p1a: Slowking|Future Sight|p2a: Garganacl
|-start|p1a: Slowking|move: Future Sight
|
|-weather|Snowscape|[upkeep]
|-heal|p2a: Garganacl|95/100|[from] item: Leftovers
|-damage|p1a: Slowking|94/100 brn|[from] brn
|upkeep
|turn|34
|
|t:|1769344297
|move|p2a: Garganacl|Stealth Rock|p1a: Slowking
|-sidestart|p1: PainDeMiiie|move: Stealth Rock
|-prepare|p1a: Slowking|Chilly Reception|[premajor]
|move|p1a: Slowking|Chilly Reception|p1a: Slowking
|
|t:|1769344307
|switch|p1a: Rillaboom|Rillaboom, F|42/100|[from] Chilly Reception
|-damage|p1a: Rillaboom|29/100|[from] Stealth Rock
|-fieldstart|move: Grassy Terrain|[from] ability: Grassy Surge|[of] p1a: Rillaboom
|
|-weather|Snowscape|[upkeep]
|-heal|p1a: Rillaboom|35/100|[from] Grassy Terrain
|-heal|p2a: Garganacl|100/100|[from] Grassy Terrain
|upkeep
|turn|35
|
|t:|1769344311
|switch|p2a: Moltres|Moltres|100/100
|move|p1a: Rillaboom|Knock Off|p2a: Moltres
|-damage|p2a: Moltres|59/100
|-enditem|p2a: Moltres|Heavy-Duty Boots|[from] move: Knock Off|[of] p1a: Rillaboom
|
|-weather|none
|-end|p2a: Moltres|move: Future Sight
|-damage|p2a: Moltres|10/100
|-heal|p1a: Rillaboom|42/100|[from] Grassy Terrain
|upkeep
|turn|36
|
|t:|1769344321
|move|p1a: Rillaboom|Knock Off|p2a: Moltres
|-damage|p2a: Moltres|0 fnt
|faint|p2a: Moltres
|
|-heal|p1a: Rillaboom|48/100|[from] Grassy Terrain
|upkeep
|
|t:|1769344328
|switch|p2a: Kingambit|Kingambit, F|100/100
|-activate|p2a: Kingambit|ability: Supreme Overlord
|-start|p2a: Kingambit|fallen2|[silent]
|turn|37
|
|t:|1769344352
|switch|p1a: Mandibuzz|Mandibuzz, F|94/100 brn
|-damage|p1a: Mandibuzz|70/100 brn|[from] Stealth Rock
|move|p2a: Kingambit|Swords Dance|p2a: Kingambit
|-boost|p2a: Kingambit|atk|2
|
|-damage|p1a: Mandibuzz|63/100 brn|[from] brn
|upkeep
|turn|38
|
|t:|1769344358
|move|p1a: Mandibuzz|Iron Defense|p1a: Mandibuzz
|-boost|p1a: Mandibuzz|def|2
|move|p2a: Kingambit|Iron Head|p1a: Mandibuzz
|-crit|p1a: Mandibuzz
|-damage|p1a: Mandibuzz|0 fnt
|faint|p1a: Mandibuzz
|
|-fieldend|move: Grassy Terrain
|upkeep
|
|t:|1769344364
|switch|p1a: Great Tusk|Great Tusk|100/100
|-damage|p1a: Great Tusk|98/100|[from] Stealth Rock
|turn|39
|
|t:|1769344368
|-terastallize|p2a: Kingambit|Flying
|move|p1a: Great Tusk|Bulk Up|p1a: Great Tusk
|-boost|p1a: Great Tusk|atk|1
|-boost|p1a: Great Tusk|def|1
|move|p2a: Kingambit|Iron Head|p1a: Great Tusk
|-damage|p1a: Great Tusk|57/100
|
|-heal|p1a: Great Tusk|64/100|[from] item: Leftovers
|upkeep
|turn|40
|
|t:|1769344375
|move|p1a: Great Tusk|Rapid Spin|p2a: Kingambit
|-damage|p2a: Kingambit|83/100
|-boost|p1a: Great Tusk|spe|1
|-sideend|p1: PainDeMiiie|Stealth Rock|[from] move: Rapid Spin|[of] p1a: Great Tusk
|move|p2a: Kingambit|Iron Head|p1a: Great Tusk
|-damage|p1a: Great Tusk|26/100
|
|-heal|p1a: Great Tusk|32/100|[from] item: Leftovers
|-heal|p2a: Kingambit|89/100|[from] item: Leftovers
|upkeep
|turn|41
|
|t:|1769344382
|move|p1a: Great Tusk|Ice Spinner|p2a: Kingambit
|-supereffective|p2a: Kingambit
|-damage|p2a: Kingambit|34/100
|move|p2a: Kingambit|Iron Head|p1a: Great Tusk
|-damage|p1a: Great Tusk|0 fnt
|faint|p1a: Great Tusk
|-end|p1a: Great Tusk|Protosynthesis|[silent]
|
|-heal|p2a: Kingambit|40/100|[from] item: Leftovers
|upkeep
|
|t:|1769344389
|switch|p1a: Rillaboom|Rillaboom, F|48/100
|-fieldstart|move: Grassy Terrain|[from] ability: Grassy Surge|[of] p1a: Rillaboom
|turn|42
|
|t:|1769344396
|move|p2a: Kingambit|Sucker Punch|p1a: Rillaboom
|-damage|p1a: Rillaboom|0 fnt
|faint|p1a: Rillaboom
|
|-heal|p2a: Kingambit|46/100|[from] item: Leftovers
|upkeep
|
|t:|1769344398
|switch|p1a: Dragapult|Dragapult, F|39/100 brn
|turn|43
|
|t:|1769344403
|move|p2a: Kingambit|Sucker Punch|p1a: Dragapult
|-supereffective|p1a: Dragapult
|-damage|p1a: Dragapult|0 fnt
|faint|p1a: Dragapult
|
|-heal|p2a: Kingambit|52/100|[from] item: Leftovers
|upkeep
|
|t:|1769344404
|switch|p1a: Slowking|Slowking-Galar, M|100/100 brn
|turn|44
|
|t:|1769344406
|move|p2a: Kingambit|Kowtow Cleave|p1a: Slowking
|-supereffective|p1a: Slowking
|-damage|p1a: Slowking|0 fnt
|faint|p1a: Slowking
|
|win|Cerva Nivea
|player|p1|
