|j|☆gatinou
|j|☆MikeyMan2117
|t:|1769442908
|gametype|singles
|player|p1|gatinou|169|1109
|player|p2|MikeyMan2117|benga|1099
|gen|9
|tier|[Gen 9] OU
|rated|
|rule|HP Percentage Mod: HP is shown in percentages
|rule|Endless Battle Clause: Forcing endless battles is banned
|rule|Species Clause: Limit one of each Pokémon
|rule|OHKO Clause: OHKO moves are banned
|rule|Evasion Items Clause: Evasion items are banned
|rule|Evasion Moves Clause: Evasion moves are banned
|rule|Evasion Abilities Clause: Evasion abilities are banned
|rule|Sleep Moves Clause: Sleep-inducing moves are banned
|clearpoke
|poke|p1|Galvantula, M|
|poke|p1|Ninetales-Alola, F|
|poke|p1|Tauros-Paldea-Aqua, M|
|poke|p1|Flygon, F|
|poke|p1|Meloetta|
|poke|p1|Decidueye, F|
|poke|p2|Skeledirge, M|
|poke|p2|Clodsire, F|
|poke|p2|Tinkaton, F|
|poke|p2|Kilowattrel, M|
|poke|p2|Dragonite, F|
|poke|p2|Gyarados, M|
|teampreview
|inactive|Battle timer is ON: inactive players will automatically lose when time's up. (requested by MikeyMan2117)
|
|t:|1769442912
|teamsize|p1|6
|teamsize|p2|6
|start
|switch|p1a: Galvantula|Galvantula, M|100/100
|switch|p2a: Skeledirge|Skeledirge, M|100/100
|turn|1
|
|t:|1769442920
|move|p1a: Galvantula|Thunder Wave|p2a: Skeledirge
|-status|p2a: Skeledirge|par
|move|p2a: Skeledirge|Torch Song|p1a: Galvantula
|-supereffective|p1a: Galvantula
|-enditem|p1a: Galvantula|Focus Sash
|-damage|p1a: Galvantula|1/100
|-boost|p2a: Skeledirge|spa|1
|
|upkeep
|turn|2
|
|t:|1769442925
|move|p1a: Galvantula|Sticky Web|p2a: Skeledirge
|-sidestart|p2: MikeyMan2117|move: Sticky Web
|move|p2a: Skeledirge|Torch Song|p1a: Galvantula
|-supereffective|p1a: Galvantula
|-damage|p1a: Galvantula|0 fnt
|-boost|p2a: Skeledirge|spa|1
|faint|p1a: Galvantula
|
|upkeep
|
|t:|1769442933
|switch|p1a: Tauros|Tauros-Paldea-Aqua, M|100/100
|-ability|p1a: Tauros|Intimidate|boost
|-unboost|p2a: Skeledirge|atk|1
|turn|3
|
|t:|1769442945
|-terastallize|p2a: Skeledirge|Fairy
|move|p1a: Tauros|Raging Bull|p2a: Skeledirge
|-damage|p2a: Skeledirge|65/100 par
|move|p2a: Skeledirge|Shadow Ball|p1a: Tauros
|-damage|p1a: Tauros|0 fnt
|faint|p1a: Tauros
|
|-heal|p2a: Skeledirge|71/100 par|[from] item: Leftovers
|upkeep
|
|t:|1769442958
|switch|p1a: Meloetta|Meloetta|100/100
|turn|4
|
|t:|1769442963
|move|p1a: Meloetta|Hyper Voice|p2a: Skeledirge
|-damage|p2a: Skeledirge|30/100 par
|-enditem|p1a: Meloetta|Throat Spray
|-boost|p1a: Meloetta|spa|1|[from] item: Throat Spray
|cant|p2a: Skeledirge|par
|
|-heal|p2a: Skeledirge|36/100 par|[from] item: Leftovers
|upkeep
|turn|5
|
|t:|1769442976
|move|p1a: Meloetta|Psyshock|p2a: Skeledirge
|-damage|p2a: Skeledirge|1/100 par
|move|p2a: Skeledirge|Slack Off|p2a: Skeledirge
|-heal|p2a: Skeledirge|51/100 par
|
|-heal|p2a: Skeledirge|57/100 par|[from] item: Leftovers
|upkeep
|turn|6
|
|t:|1769442981
|move|p1a: Meloetta|Hyper Voice|p2a: Skeledirge
|-damage|p2a: Skeledirge|18/100 par
|cant|p2a: Skeledirge|par
|
|-heal|p2a: Skeledirge|24/100 par|[from] item: Leftovers
|upkeep
|turn|7
|
|t:|1769442985
|move|p1a: Meloetta|Hyper Voice|p2a: Skeledirge
|-damage|p2a: Skeledirge|0 fnt
|faint|p2a: Skeledirge
|
|upkeep
|
|t:|1769442990
|switch|p2a: Clodsire|Clodsire, F|100/100
|-activate|p2a: Clodsire|move: Sticky Web
|-unboost|p2a: Clodsire|spe|1
|turn|8
|
|t:|1769442995
|move|p1a: Meloetta|Psyshock|p2a: Clodsire
|-supereffective|p2a: Clodsire
|-damage|p2a: Clodsire|0 fnt
|faint|p2a: Clodsire
|
|upkeep
|
|t:|1769442998
|switch|p2a: Gyarados|Gyarados, M|100/100
|turn|9
|
|t:|1769443003
|move|p2a: Gyarados|Waterfall|p1a: Meloetta
|-damage|p1a: Meloetta|49/100
|cant|p1a: Meloetta|flinch
|
|upkeep
|turn|10
|
|t:|1769443007
|move|p2a: Gyarados|Waterfall|p1a: Meloetta
|-damage|p1a: Meloetta|0 fnt
|faint|p1a: Meloetta
|-ability|p2a: Gyarados|Moxie|boost
|-boost|p2a: Gyarados|atk|1
|
|upkeep
|
|t:|1769443012
|switch|p1a: Ninetales|Ninetales-Alola, F|100/100
|-weather|Snowscape|[from] ability: Snow Warning|[of] p1a: Ninetales
|turn|11
|
|t:|1769443016
|move|p2a: Gyarados|Waterfall|p1a: Ninetales
|-damage|p1a: Ninetales|32/100
|move|p1a: Ninetales|Freeze-Dry|p2a: Gyarados
|-supereffective|p2a: Gyarados
|-damage|p2a: Gyarados|0 fnt
|faint|p2a: Gyarados
|
|-weather|Snowscape|[upkeep]
|upkeep
|
|t:|1769443025
|switch|p2a: Tinkaton|Tinkaton, F|100/100
|-activate|p2a: Tinkaton|move: Sticky Web
|-unboost|p2a: Tinkaton|spe|1
|-ability|p2a: Tinkaton|Mold Breaker
|turn|12
|
|t:|1769443042
|-terastallize|p1a: Ninetales|Ground
|move|p1a: Ninetales|Tera Blast|p2a: Tinkaton|[anim] Tera Blast Ground
|-supereffective|p2a: Tinkaton
|-damage|p2a: Tinkaton|30/100
|move|p2a: Tinkaton|Swords Dance|p2a: Tinkaton
|-boost|p2a: Tinkaton|atk|2
|
|-weather|Snowscape|[upkeep]
|-heal|p2a: Tinkaton|37/100|[from] item: Leftovers
|upkeep
|turn|13
|
|t:|1769443049
|move|p1a: Ninetales|Tera Blast|p2a: Tinkaton|[anim] Tera Blast Ground
|-supereffective|p2a: Tinkaton
|-damage|p2a: Tinkaton|0 fnt
|faint|p2a: Tinkaton
|
|-weather|Snowscape|[upkeep]
|upkeep
|
|t:|1769443052
|switch|p2a: Dragonite|Dragonite, F|100/100
|turn|14
|
|t:|1769443057
|move|p2a: Dragonite|Extreme Speed|p1a: Ninetales
|-damage|p1a: Ninetales|0 fnt
|faint|p1a: Ninetales
|
|-weather|Snowscape|[upkeep]
|upkeep
|
|t:|1769443063
|switch|p1a: Flygon|Flygon, F|100/100
|turn|15
|
|t:|1769443070
|move|p1a: Flygon|Outrage|p2a: Dragonite
|-supereffective|p2a: Dragonite
|-damage|p2a: Dragonite|50/100
|-damage|p1a: Flygon|84/100|[from] item: Rocky Helmet|[of] p2a: Dragonite
|move|p2a: Dragonite|Dragon Dance|p2a: Dragonite
|-boost|p2a: Dragonite|atk|1
|-boost|p2a: Dragonite|spe|1
|
|-weather|none
|upkeep
|turn|16
|
|t:|1769443073
|move|p2a: Dragonite|Extreme Speed|p1a: Flygon
|-damage|p1a: Flygon|15/100
|move|p1a: Flygon|Outrage|p2a: Dragonite|[from] lockedmove
|-supereffective|p2a: Dragonite
|-damage|p2a: Dragonite|0 fnt
|-damage|p1a: Flygon|0 fnt|[from] item: Rocky Helmet|[of] p2a: Dragonite
|faint|p2a: Dragonite
|faint|p1a: Flygon
|
|upkeep
|
|t:|1769443084
|switch|p1a: Decidueye|Decidueye, F|100/100
|switch|p2a: Kilowattrel|Kilowattrel, M, shiny|100/100
|turn|17
|
|t:|1769443094
|move|p2a: Kilowattrel|Hurricane|p1a: Decidueye|[miss]
|-miss|p2a: Kilowattrel|p1a: Decidueye
|move|p1a: Decidueye|Swords Dance|p1a: Decidueye
|-boost|p1a: Decidueye|atk|2
|
|upkeep
|turn|18
|
|t:|1769443099
|move|p1a: Decidueye|Shadow Sneak|p2a: Kilowattrel
|-damage|p2a: Kilowattrel|12/100
|move|p2a: Kilowattrel|Hurricane|p1a: Decidueye
|-supereffective|p1a: Decidueye
|-damage|p1a: Decidueye|0 fnt
|faint|p1a: Decidueye
|
|win|MikeyMan2117
|raw|gatinou's rating: 1109 &rarr; <strong>1083</strong><br />(-26 for losing)
|raw|MikeyMan2117's rating: 1099 &rarr; <strong>1125</strong><br />(+26 for winning)
|l|☆gatinou
|player|p1|
|l|☆MikeyMan2117
|player|p2|
