|j|☆ThatBrownBoy
|j|☆N0AH__123__
|t:|1769446509
|gametype|singles
|player|p1|ThatBrownBoy|170|1358
|player|p2|N0AH__123__|boarder|1297
|gen|9
|tier|[Gen 9] OU
|rated|
|rule|HP Percentage Mod: HP is shown in percentages
|rule|Endless Battle Clause: Forcing endless battles is banned
|rule|Species Clause: Limit one of each Pokémon
|rule|OHKO Clause: OHKO moves are banned
|rule|Evasion Items Clause: Evasion items are banned
|rule|Evasion Moves Clause: Evasion moves are banned
|rule|Evasion Abilities Clause: Evasion abilities are banned
|rule|Sleep Moves Clause: Sleep-inducing moves are banned
|clearpoke
|poke|p1|Ambipom, F|
|poke|p1|Grimmsnarl, M|
|poke|p1|Ursaluna, F|
|poke|p1|Dragonite, M|
|poke|p1|Zoroark-Hisui, M|
|poke|p1|Corviknight, M|
|poke|p2|Kilowattrel, M|
|poke|p2|Pelipper, M|
|poke|p2|Iron Treads|
|poke|p2|Darkrai|
|poke|p2|Toxicroak, M|
|poke|p2|Basculegion-F, F|
|teampreview
|inactive|Battle timer is ON: inactive players will automatically lose when time's up. (requested by ThatBrownBoy)
|
|t:|1769446529
|teamsize|p1|6
|teamsize|p2|6
|start
|switch|p1a: Grimmsnarl|Grimmsnarl, M, shiny|100/100
|switch|p2a: Pelipper|Pelipper, M|100/100
|-weather|RainDance|[from] ability: Drizzle|[of] p2a: Pelipper
|turn|1
|
|t:|1769446536
|switch|p2a: Iron Treads|Iron Treads|100/100
|-enditem|p2a: Iron Treads|Booster Energy
|-activate|p2a: Iron Treads|ability: Quark Drive|[fromitem]
|-start|p2a: Iron Treads|quarkdrivespe
|move|p1a: Grimmsnarl|Thunder Wave|p2a: Iron Treads
|-immune|p2a: Iron Treads
|
|-weather|RainDance|[upkeep]
|upkeep
|turn|2
|
|t:|1769446540
|move|p1a: Grimmsnarl|Parting Shot|p2a: Iron Treads
|-unboost|p2a: Iron Treads|atk|1
|-unboost|p2a: Iron Treads|spa|1
|
|t:|1769446542
|switch|p1a: Corviknight|Corviknight, M|100/100|[from] Parting Shot
|-ability|p1a: Corviknight|Pressure
|move|p2a: Iron Treads|Stealth Rock|p1a: Corviknight
|-sidestart|p1: ThatBrownBoy|move: Stealth Rock
|
|-weather|RainDance|[upkeep]
|upkeep
|turn|3
|
|t:|1769446546
|move|p2a: Iron Treads|Volt Switch|p1a: Corviknight
|-supereffective|p1a: Corviknight
|-damage|p1a: Corviknight|77/100
|
|t:|1769446548
|-end|p2a: Iron Treads|Quark Drive|[silent]
|switch|p2a: Kilowattrel|Kilowattrel, M|100/100|[from] Volt Switch
|move|p1a: Corviknight|Defog|p2a: Kilowattrel
|-unboost|p2a: Kilowattrel|evasion|1
|-sideend|p1: ThatBrownBoy|Stealth Rock|[from] move: Defog|[of] p1a: Corviknight
|
|-weather|RainDance|[upkeep]
|upkeep
|turn|4
|
|t:|1769446554
|switch|p1a: Ursaluna|Ursaluna, F, shiny|100/100
|move|p2a: Kilowattrel|Weather Ball|p1a: Ursaluna
|-supereffective|p1a: Ursaluna
|-damage|p1a: Ursaluna|5/100
|
|-weather|RainDance|[upkeep]
|-status|p1a: Ursaluna|brn|[from] item: Flame Orb
|upkeep
|turn|5
|
|t:|1769446562
|move|p2a: Kilowattrel|Weather Ball|p1a: Ursaluna
|-supereffective|p1a: Ursaluna
|-damage|p1a: Ursaluna|0 fnt
|faint|p1a: Ursaluna
|
|-weather|RainDance|[upkeep]
|upkeep
|
|t:|1769446573
|switch|p1a: Ambipom|Ambipom, F, shiny|100/100
|turn|6
|
|t:|1769446577
|switch|p2a: Basculegion|Basculegion-F, F|100/100
|move|p1a: Ambipom|Fake Out|p2a: Basculegion
|-immune|p2a: Basculegion
|
|-weather|RainDance|[upkeep]
|upkeep
|turn|7
|
|t:|1769446583
|switch|p1a: Corviknight|Corviknight, M|77/100
|-ability|p1a: Corviknight|Pressure
|move|p2a: Basculegion|Flip Turn|p1a: Corviknight
|-damage|p1a: Corviknight|62/100
|-damage|p2a: Basculegion|84/100|[from] item: Rocky Helmet|[of] p1a: Corviknight
|
|t:|1769446589
|switch|p2a: Kilowattrel|Kilowattrel, M|100/100|[from] Flip Turn
|
|-weather|RainDance|[upkeep]
|upkeep
|turn|8
|
|t:|1769446592
|move|p2a: Kilowattrel|Thunder|p1a: Corviknight
|-supereffective|p1a: Corviknight
|-damage|p1a: Corviknight|0 fnt
|faint|p1a: Corviknight
|
|-weather|none
|upkeep
|
|t:|1769446609
|switch|p1a: Grimmsnarl|Grimmsnarl, M, shiny|100/100
|turn|9
|
|t:|1769446619
|switch|p2a: Iron Treads|Iron Treads|100/100
|move|p1a: Grimmsnarl|Nasty Plot|p1a: Grimmsnarl
|-boost|p1a: Grimmsnarl|spa|2
|
|upkeep
|turn|10
|
|t:|1769446626
|move|p1a: Grimmsnarl|Flamethrower|p2a: Iron Treads
|-supereffective|p2a: Iron Treads
|-damage|p2a: Iron Treads|0 fnt
|faint|p2a: Iron Treads
|-end|p2a: Iron Treads|Quark Drive|[silent]
|
|upkeep
|
|t:|1769446629
|switch|p2a: Darkrai|Darkrai|100/100
|turn|11
|
|t:|1769446634
|move|p1a: Grimmsnarl|Hyper Voice|p2a: Darkrai
|-damage|p2a: Darkrai|0 fnt
|faint|p2a: Darkrai
|
|upkeep
|
|t:|1769446642
|switch|p2a: Pelipper|Pelipper, M|100/100
|-weather|RainDance|[from] ability: Drizzle|[of] p2a: Pelipper
|turn|12
|
|t:|1769446644
|move|p1a: Grimmsnarl|Hyper Voice|p2a: Pelipper
|-damage|p2a: Pelipper|0 fnt
|faint|p2a: Pelipper
|
|-weather|RainDance|[upkeep]
|upkeep
|
|t:|1769446646
|switch|p2a: Basculegion|Basculegion-F, F|84/100
|turn|13
|
|t:|1769446652
|move|p2a: Basculegion|Surf|p1a: Grimmsnarl
|-enditem|p1a: Grimmsnarl|Focus Sash
|-damage|p1a: Grimmsnarl|1/100
|replace|p1a: Zoroark|Zoroark-Hisui, M, shiny
|-end|p1a: Zoroark|Illusion
|move|p1a: Zoroark|Shadow Ball|p2a: Basculegion
|-supereffective|p2a: Basculegion
|-damage|p2a: Basculegion|0 fnt
|faint|p2a: Basculegion
|
|-weather|RainDance|[upkeep]
|upkeep
|
|t:|1769446656
|switch|p2a: Kilowattrel|Kilowattrel, M|100/100
|turn|14
|
|t:|1769446661
|move|p2a: Kilowattrel|Hurricane|p1a: Zoroark
|-damage|p1a: Zoroark|0 fnt
|faint|p1a: Zoroark
|
|-weather|RainDance|[upkeep]
|upkeep
|
|t:|1769446671
|switch|p1a: Ambipom|Ambipom, F, shiny|100/100
|turn|15
|
|t:|1769446674
|move|p1a: Ambipom|Fake Out|p2a: Kilowattrel
|-damage|p2a: Kilowattrel|49/100
|cant|p2a: Kilowattrel|flinch
|
|-weather|RainDance|[upkeep]
|upkeep
|turn|16
|
|t:|1769446681
|switch|p1a: Grimmsnarl|Grimmsnarl, M, shiny|100/100
|move|p2a: Kilowattrel|Thunder|p1a: Grimmsnarl
|-damage|p1a: Grimmsnarl|51/100
|-status|p1a: Grimmsnarl|par
|
|-weather|RainDance|[upkeep]
|upkeep
|turn|17
|
|t:|1769446688
|move|p1a: Grimmsnarl|Fake Out|p2a: Kilowattrel
|-damage|p2a: Kilowattrel|23/100
|cant|p2a: Kilowattrel|flinch
|
|-weather|RainDance|[upkeep]
|upkeep
|turn|18
|
|t:|1769446691
|move|p1a: Grimmsnarl|Parting Shot|p2a: Kilowattrel
|-unboost|p2a: Kilowattrel|atk|1
|-unboost|p2a: Kilowattrel|spa|1
|
|t:|1769446695
|switch|p1a: Ambipom|Ambipom, F, shiny|100/100|[from] Parting Shot
|move|p2a: Kilowattrel|Thunder|p1a: Ambipom
|-damage|p1a: Ambipom|44/100
|
|-weather|RainDance|[upkeep]
|upkeep
|turn|19
|
|t:|1769446698
|switch|p2a: Toxicroak|Toxicroak, M|100/100
|move|p1a: Ambipom|Fake Out|p2a: Toxicroak
|-damage|p2a: Toxicroak|74/100
|-damage|p1a: Ambipom|28/100|[from] item: Rocky Helmet|[of] p2a: Toxicroak
|
|-weather|none
|upkeep
|turn|20
|
|t:|1769446701
|switch|p1a: Grimmsnarl|Grimmsnarl, M, shiny|51/100 par
|move|p2a: Toxicroak|Drain Punch|p1a: Grimmsnarl
|-damage|p1a: Grimmsnarl|14/100 par
|-heal|p2a: Toxicroak|94/100|[from] drain|[of] p1a: Grimmsnarl
|
|upkeep
|turn|21
|
|t:|1769446704
|move|p1a: Grimmsnarl|Fake Out|p2a: Toxicroak
|-damage|p2a: Toxicroak|82/100
|-damage|p1a: Grimmsnarl|0 fnt|[from] item: Rocky Helmet|[of] p2a: Toxicroak
|faint|p1a: Grimmsnarl
|cant|p2a: Toxicroak|flinch
|
|upkeep
|
|t:|1769446706
|switch|p1a: Dragonite|Dragonite, M, shiny|100/100
|turn|22
|
|t:|1769446709
|move|p1a: Dragonite|Earthquake|p2a: Toxicroak
|-supereffective|p2a: Toxicroak
|-damage|p2a: Toxicroak|15/100
|move|p2a: Toxicroak|Toxic|p1a: Dragonite
|-status|p1a: Dragonite|tox
|
|-damage|p1a: Dragonite|94/100 tox|[from] psn
|upkeep
|turn|23
|
|t:|1769446713
|switch|p2a: Kilowattrel|Kilowattrel, M|23/100
|move|p1a: Dragonite|Extreme Speed|p2a: Kilowattrel
|-damage|p2a: Kilowattrel|0 fnt
|faint|p2a: Kilowattrel
|
|-damage|p1a: Dragonite|82/100 tox|[from] psn
|upkeep
|
|t:|1769446715
|switch|p2a: Toxicroak|Toxicroak, M|15/100
|turn|24
|
|t:|1769446717
|move|p1a: Dragonite|Extreme Speed|p2a: Toxicroak
|-damage|p2a: Toxicroak|0 fnt
|-damage|p1a: Dragonite|66/100 tox|[from] item: Rocky Helmet|[of] p2a: Toxicroak
|faint|p2a: Toxicroak
|
|win|ThatBrownBoy
|raw|ThatBrownBoy's rating: 1358 &rarr; <strong>1375</strong><br />(+17 for winning)
|raw|N0AH__123__'s rating: 1297 &rarr; <strong>1276</strong><br />(-21 for losing)
|l|☆N0AH__123__
|player|p2|
