|j|☆faiyex-san
|j|‽machopped unc
|t:|1769339156
|gametype|singles
|player|p1|faiyex-san|erika|1726
|player|p2|machopped unc|clown|1802
|gen|9
|tier|[Gen 9] OU
|rated|
|rule|HP Percentage Mod: HP is shown in percentages
|rule|Endless Battle Clause: Forcing endless battles is banned
|rule|Species Clause: Limit one of each Pokémon
|rule|OHKO Clause: OHKO moves are banned
|rule|Evasion Items Clause: Evasion items are banned
|rule|Evasion Moves Clause: Evasion moves are banned
|rule|Evasion Abilities Clause: Evasion abilities are banned
|rule|Sleep Moves Clause: Sleep-inducing moves are banned
|clearpoke
|poke|p1|Greninja-*, M|
|poke|p1|Gholdengo|
|poke|p1|Glimmora, F|
|poke|p1|Great Tusk|
|poke|p1|Dragapult, M|
|poke|p1|Ogerpon-Wellspring, F|
|poke|p2|Gholdengo|
|poke|p2|Iron Valiant|
|poke|p2|Ribombee, M|
|poke|p2|Dragonite, M|
|poke|p2|Glimmora, M|
|poke|p2|Kingambit, F|
|teampreview
|
|t:|1769339162
|teamsize|p1|6
|teamsize|p2|6
|start
|switch|p1a: Glimmora|Glimmora, F|100/100
|switch|p2a: Ribombee|Ribombee, M|100/100
|turn|1
|
|t:|1769339164
|move|p2a: Ribombee|Stun Spore|p1a: Glimmora|[miss]
|-miss|p2a: Ribombee|p1a: Glimmora
|move|p1a: Glimmora|Mortal Spin|p2a: Ribombee
|-supereffective|p2a: Ribombee
|-damage|p2a: Ribombee|74/100
|-status|p2a: Ribombee|psn
|
|-damage|p2a: Ribombee|62/100 psn|[from] psn
|upkeep
|turn|2
|inactive|Battle timer is ON: inactive players will automatically lose when time's up. (requested by faiyex-san)
|
|t:|1769339180
|move|p2a: Ribombee|Stun Spore|p1a: Glimmora
|-status|p1a: Glimmora|par
|move|p1a: Glimmora|Stealth Rock|p2a: Ribombee
|-sidestart|p2: machopped unc|move: Stealth Rock
|
|-damage|p2a: Ribombee|50/100 psn|[from] psn
|upkeep
|turn|3
|
|t:|1769339189
|-terastallize|p2a: Ribombee|Steel
|move|p2a: Ribombee|Sticky Web|p1a: Glimmora
|-sidestart|p1: faiyex-san|move: Sticky Web
|move|p1a: Glimmora|Mortal Spin|p2a: Ribombee
|-immune|p2a: Ribombee
|
|-damage|p2a: Ribombee|38/100 psn|[from] psn
|upkeep
|turn|4
|
|t:|1769339204
|move|p2a: Ribombee|Moonblast|p1a: Glimmora
|-resisted|p1a: Glimmora
|-damage|p1a: Glimmora|75/100 par
|cant|p1a: Glimmora|par
|
|-damage|p2a: Ribombee|25/100 psn|[from] psn
|upkeep
|turn|5
|
|t:|1769339209
|move|p2a: Ribombee|Moonblast|p1a: Glimmora
|-resisted|p1a: Glimmora
|-damage|p1a: Glimmora|50/100 par
|cant|p1a: Glimmora|par
|
|-damage|p2a: Ribombee|13/100 psn|[from] psn
|upkeep
|turn|6
|
|t:|1769339214
|move|p2a: Ribombee|Moonblast|p1a: Glimmora
|-resisted|p1a: Glimmora
|-damage|p1a: Glimmora|21/100 par
|move|p1a: Glimmora|Power Gem|p2a: Ribombee
|-resisted|p2a: Ribombee
|-damage|p2a: Ribombee|0 fnt
|faint|p2a: Ribombee
|
|upkeep
|
|t:|1769339228
|switch|p2a: Glimmora|Glimmora, M|100/100
|-damage|p2a: Glimmora|88/100|[from] Stealth Rock
|turn|7
|
|t:|1769339233
|move|p2a: Glimmora|Earth Power|p1a: Glimmora
|-supereffective|p1a: Glimmora
|-damage|p1a: Glimmora|0 fnt
|faint|p1a: Glimmora
|
|upkeep
|
|t:|1769339242
|switch|p1a: Great Tusk|Great Tusk|100/100
|turn|8
|
|t:|1769339246
|move|p1a: Great Tusk|Rapid Spin|p2a: Glimmora
|-resisted|p2a: Glimmora
|-damage|p2a: Glimmora|78/100
|-boost|p1a: Great Tusk|spe|1
|-activate|p2a: Glimmora|ability: Toxic Debris
|-sidestart|p1: faiyex-san|move: Toxic Spikes
|-sideend|p1: faiyex-san|Toxic Spikes|[from] move: Rapid Spin|[of] p1a: Great Tusk
|-sideend|p1: faiyex-san|Sticky Web|[from] move: Rapid Spin|[of] p1a: Great Tusk
|move|p2a: Glimmora|Mortal Spin|p1a: Great Tusk
|-resisted|p1a: Great Tusk
|-damage|p1a: Great Tusk|98/100
|-status|p1a: Great Tusk|psn
|-sideend|p2: machopped unc|Stealth Rock|[from] move: Mortal Spin|[of] p2a: Glimmora
|
|-damage|p1a: Great Tusk|86/100 psn|[from] psn
|upkeep
|turn|9
|
|t:|1769339252
|move|p1a: Great Tusk|Headlong Rush|p2a: Glimmora
|-supereffective|p2a: Glimmora
|-damage|p2a: Glimmora|0 fnt
|-unboost|p1a: Great Tusk|def|1
|-unboost|p1a: Great Tusk|spd|1
|-activate|p2a: Glimmora|ability: Toxic Debris
|-sidestart|p1: faiyex-san|move: Toxic Spikes
|faint|p2a: Glimmora
|
|-damage|p1a: Great Tusk|74/100 psn|[from] psn
|upkeep
|
|t:|1769339256
|switch|p2a: Gholdengo|Gholdengo|100/100
|-item|p2a: Gholdengo|Air Balloon
|turn|10
|
|t:|1769339260
|move|p1a: Great Tusk|Knock Off|p2a: Gholdengo
|-supereffective|p2a: Gholdengo
|-damage|p2a: Gholdengo|28/100
|-enditem|p2a: Gholdengo|Air Balloon
|move|p2a: Gholdengo|Shadow Ball|p1a: Great Tusk
|-damage|p1a: Great Tusk|0 fnt
|faint|p1a: Great Tusk
|-end|p1a: Great Tusk|Protosynthesis|[silent]
|
|upkeep
|
|t:|1769339269
|switch|p1a: Greninja|Greninja, M|100/100
|-status|p1a: Greninja|psn
|turn|11
|
|t:|1769339272
|move|p1a: Greninja|Surf|p2a: Gholdengo
|-damage|p2a: Gholdengo|0 fnt
|faint|p2a: Gholdengo
|-ability|p1a: Greninja|Battle Bond|boost
|-boost|p1a: Greninja|atk|1
|-boost|p1a: Greninja|spa|1
|-boost|p1a: Greninja|spe|1
|-activate|p1a: Greninja|ability: Battle Bond
|-damage|p1a: Greninja|91/100 psn|[from] item: Life Orb
|
|-damage|p1a: Greninja|78/100 psn|[from] psn
|upkeep
|
|t:|1769339279
|switch|p2a: Iron Valiant|Iron Valiant|100/100
|-enditem|p2a: Iron Valiant|Booster Energy
|-activate|p2a: Iron Valiant|ability: Quark Drive|[fromitem]
|-start|p2a: Iron Valiant|quarkdrivespa
|turn|12
|
|t:|1769339283
|move|p1a: Greninja|Water Shuriken|p2a: Iron Valiant
|-damage|p2a: Iron Valiant|76/100
|-damage|p2a: Iron Valiant|52/100
|-hitcount|p2a: Iron Valiant|2
|-damage|p1a: Greninja|69/100 psn|[from] item: Life Orb
|move|p2a: Iron Valiant|Vacuum Wave|p1a: Greninja
|-supereffective|p1a: Greninja
|-damage|p1a: Greninja|0 fnt
|faint|p1a: Greninja
|
|upkeep
|
|t:|1769339298
|switch|p1a: Gholdengo|Gholdengo|100/100
|-item|p1a: Gholdengo|Air Balloon
|turn|13
|
|t:|1769339303
|move|p2a: Iron Valiant|Thunderbolt|p1a: Gholdengo
|-damage|p1a: Gholdengo|57/100
|-status|p1a: Gholdengo|par
|-enditem|p1a: Gholdengo|Air Balloon
|move|p1a: Gholdengo|Shadow Ball|p2a: Iron Valiant
|-crit|p2a: Iron Valiant
|-damage|p2a: Iron Valiant|0 fnt
|faint|p2a: Iron Valiant
|-end|p2a: Iron Valiant|Quark Drive|[silent]
|
|upkeep
|
|t:|1769339319
|switch|p2a: Kingambit|Kingambit, F|100/100
|-activate|p2a: Kingambit|ability: Supreme Overlord
|-start|p2a: Kingambit|fallen4|[silent]
|turn|14
|
|t:|1769339329
|move|p2a: Kingambit|Kowtow Cleave|p1a: Gholdengo
|-supereffective|p1a: Gholdengo
|-damage|p1a: Gholdengo|0 fnt
|faint|p1a: Gholdengo
|
|upkeep
|
|t:|1769339332
|switch|p1a: Ogerpon|Ogerpon-Wellspring, F|100/100
|-status|p1a: Ogerpon|psn
|turn|15
|
|t:|1769339335
|-terastallize|p1a: Ogerpon|Water
|detailschange|p1a: Ogerpon|Ogerpon-Wellspring-Tera, F, tera:Water
|-ability|p1a: Ogerpon|Embody Aspect (Wellspring)|boost
|-boost|p1a: Ogerpon|spd|1
|move|p1a: Ogerpon|Ivy Cudgel|p2a: Kingambit|[anim] Ivy Cudgel Water
|-damage|p2a: Kingambit|27/100
|move|p2a: Kingambit|Kowtow Cleave|p1a: Ogerpon
|-damage|p1a: Ogerpon|18/100 psn
|
|-heal|p2a: Kingambit|33/100|[from] item: Leftovers
|-damage|p1a: Ogerpon|6/100 psn|[from] psn
|upkeep
|turn|16
|
|t:|1769339345
|move|p2a: Kingambit|Sucker Punch|p1a: Ogerpon
|-damage|p1a: Ogerpon|0 fnt
|faint|p1a: Ogerpon
|detailschange|p1: Ogerpon|Ogerpon-Wellspring, F|[silent]
|
|-heal|p2a: Kingambit|40/100|[from] item: Leftovers
|upkeep
|-message|faiyex-san forfeited.
|
|win|machopped unc
|raw|faiyex-san's rating: 1726 &rarr; <strong>1710</strong><br />(-16 for losing)
|raw|machopped unc's rating: 1802 &rarr; <strong>1818</strong><br />(+16 for winning)
|l|‽machopped unc
|player|p2|
|l|☆faiyex-san
|player|p1|
