|j|☆shnorkalface
|j|☆Berry84
|t:|1769410586
|gametype|singles
|player|p1|shnorkalface|101|1146
|player|p2|Berry84|102|1164
|gen|9
|tier|[Gen 9] OU
|rated|
|rule|HP Percentage Mod: HP is shown in percentages
|rule|Endless Battle Clause: Forcing endless battles is banned
|rule|Species Clause: Limit one of each Pokémon
|rule|OHKO Clause: OHKO moves are banned
|rule|Evasion Items Clause: Evasion items are banned
|rule|Evasion Moves Clause: Evasion moves are banned
|rule|Evasion Abilities Clause: Evasion abilities are banned
|rule|Sleep Moves Clause: Sleep-inducing moves are banned
|clearpoke
|poke|p1|Torkoal, F|
|poke|p1|Typhlosion-Hisui, M|
|poke|p1|Arcanine-Hisui, M|
|poke|p1|Araquanid, F|
|poke|p1|Walking Wake|
|poke|p1|Gliscor, M|
|poke|p2|Kyurem|
|poke|p2|Cinderace, M|
|poke|p2|Tornadus-Therian, M|
|poke|p2|Kingambit, M|
|poke|p2|Ninetales-Alola, M|
|poke|p2|Zapdos|
|teampreview
|
|t:|1769410595
|teamsize|p1|6
|teamsize|p2|6
|start
|switch|p1a: Araquanid|Araquanid, F|100/100
|switch|p2a: Kyurem|Kyurem|100/100
|-ability|p2a: Kyurem|Pressure
|turn|1
|
|t:|1769410603
|move|p2a: Kyurem|Freeze-Dry|p1a: Araquanid
|-supereffective|p1a: Araquanid
|-damage|p1a: Araquanid|32/100
|-status|p1a: Araquanid|frz
|cant|p1a: Araquanid|frz
|
|upkeep
|turn|2
|inactive|Battle timer is ON: inactive players will automatically lose when time's up. (requested by Berry84)
|
|t:|1769410623
|switch|p1a: Typhlosion|Typhlosion-Hisui, M|100/100
|move|p2a: Kyurem|Freeze-Dry|p1a: Typhlosion
|-resisted|p1a: Typhlosion
|-damage|p1a: Typhlosion|78/100
|
|upkeep
|turn|3
|
|t:|1769410640
|move|p1a: Typhlosion|Eruption|p2a: Kyurem
|-damage|p2a: Kyurem|64/100
|move|p2a: Kyurem|Earth Power|p1a: Typhlosion
|-supereffective|p1a: Typhlosion
|-damage|p1a: Typhlosion|0 fnt
|faint|p1a: Typhlosion
|
|upkeep
|
|t:|1769410649
|switch|p1a: Torkoal|Torkoal, F|100/100
|-weather|SunnyDay|[from] ability: Drought|[of] p1a: Torkoal
|turn|4
|
|t:|1769410659
|switch|p2a: Ninetales|Ninetales-Alola, M|100/100
|-weather|Snowscape|[from] ability: Snow Warning|[of] p2a: Ninetales
|move|p1a: Torkoal|Lava Plume|p2a: Ninetales
|-supereffective|p2a: Ninetales
|-damage|p2a: Ninetales|48/100
|-status|p2a: Ninetales|brn
|
|-weather|Snowscape|[upkeep]
|-damage|p2a: Ninetales|42/100 brn|[from] brn
|upkeep
|turn|5
|
|t:|1769410675
|switch|p2a: Tornadus|Tornadus-Therian, M|100/100
|move|p1a: Torkoal|Stealth Rock|p2a: Tornadus
|-sidestart|p2: Berry84|move: Stealth Rock
|
|-weather|Snowscape|[upkeep]
|upkeep
|turn|6
|
|t:|1769410686
|switch|p1a: Gliscor|Gliscor, M|100/100
|move|p2a: Tornadus|Bleakwind Storm|p1a: Gliscor
|-damage|p1a: Gliscor|56/100
|
|-weather|Snowscape|[upkeep]
|-status|p1a: Gliscor|tox|[from] item: Toxic Orb
|upkeep
|turn|7
|
|t:|1769410700
|move|p1a: Gliscor|Protect|p1a: Gliscor
|-singleturn|p1a: Gliscor|Protect
|move|p2a: Tornadus|U-turn|p1a: Gliscor
|-activate|p1a: Gliscor|move: Protect
|
|-weather|Snowscape|[upkeep]
|-heal|p1a: Gliscor|68/100 tox|[from] ability: Poison Heal
|upkeep
|turn|8
|
|t:|1769410709
|move|p2a: Tornadus|U-turn|p1a: Gliscor
|-resisted|p1a: Gliscor
|-crit|p1a: Gliscor
|-damage|p1a: Gliscor|59/100 tox
|
|t:|1769410715
|switch|p2a: Kyurem|Kyurem|64/100|[from] U-turn
|-damage|p2a: Kyurem|40/100|[from] Stealth Rock
|-ability|p2a: Kyurem|Pressure
|move|p1a: Gliscor|Swords Dance|p1a: Gliscor
|-boost|p1a: Gliscor|atk|2
|
|-weather|none
|-heal|p1a: Gliscor|72/100 tox|[from] ability: Poison Heal
|upkeep
|turn|9
|
|t:|1769410730
|move|p2a: Kyurem|Freeze-Dry|p1a: Gliscor
|-supereffective|p1a: Gliscor
|-damage|p1a: Gliscor|0 fnt
|faint|p1a: Gliscor
|
|upkeep
|
|t:|1769410735
|switch|p1a: Torkoal|Torkoal, F|100/100
|-weather|SunnyDay|[from] ability: Drought|[of] p1a: Torkoal
|turn|10
|
|t:|1769410741
|switch|p2a: Tornadus|Tornadus-Therian, M|100/100
|-damage|p2a: Tornadus|76/100|[from] Stealth Rock
|move|p1a: Torkoal|Lava Plume|p2a: Tornadus
|-damage|p2a: Tornadus|45/100
|
|-weather|SunnyDay|[upkeep]
|upkeep
|turn|11
|
|t:|1769410751
|move|p2a: Tornadus|Bleakwind Storm|p1a: Torkoal|[miss]
|-miss|p2a: Tornadus|p1a: Torkoal
|move|p1a: Torkoal|Lava Plume|p2a: Tornadus
|-damage|p2a: Tornadus|14/100
|
|-weather|SunnyDay|[upkeep]
|upkeep
|turn|12
|
|t:|1769410758
|move|p2a: Tornadus|Bleakwind Storm|p1a: Torkoal
|-damage|p1a: Torkoal|37/100
|-unboost|p1a: Torkoal|spe|1
|move|p1a: Torkoal|Lava Plume|p2a: Tornadus
|-damage|p2a: Tornadus|0 fnt
|faint|p2a: Tornadus
|
|-weather|SunnyDay|[upkeep]
|upkeep
|
|t:|1769410768
|switch|p2a: Zapdos|Zapdos|100/100
|turn|13
|
|t:|1769410777
|switch|p1a: Arcanine|Arcanine-Hisui, M|100/100
|move|p2a: Zapdos|Hurricane|p1a: Arcanine|[miss]
|-miss|p2a: Zapdos|p1a: Arcanine
|
|-weather|SunnyDay|[upkeep]
|upkeep
|turn|14
|
|t:|1769410787
|move|p2a: Zapdos|Volt Switch|p1a: Arcanine
|-damage|p1a: Arcanine|64/100
|
|t:|1769410796
|switch|p2a: Kyurem|Kyurem|40/100|[from] Volt Switch
|-damage|p2a: Kyurem|15/100|[from] Stealth Rock
|-ability|p2a: Kyurem|Pressure
|move|p1a: Arcanine|Head Smash|p2a: Kyurem
|-supereffective|p2a: Kyurem
|-damage|p2a: Kyurem|0 fnt
|faint|p2a: Kyurem
|
|-weather|SunnyDay|[upkeep]
|upkeep
|
|t:|1769410808
|switch|p2a: Ninetales|Ninetales-Alola, M|42/100 brn
|-damage|p2a: Ninetales|17/100 brn|[from] Stealth Rock
|-weather|Snowscape|[from] ability: Snow Warning|[of] p2a: Ninetales
|turn|15
|
|t:|1769410813
|move|p1a: Arcanine|Extreme Speed|p2a: Ninetales
|-damage|p2a: Ninetales|0 fnt
|faint|p2a: Ninetales
|
|-weather|Snowscape|[upkeep]
|upkeep
|
|t:|1769410822
|switch|p2a: Cinderace|Cinderace, M|100/100
|turn|16
|
|t:|1769410828
|move|p2a: Cinderace|Court Change|p2a: Cinderace
|-swapsideconditions
|-activate|p2a: Cinderace|move: Court Change
|move|p1a: Arcanine|Head Smash|p2a: Cinderace
|-supereffective|p2a: Cinderace
|-damage|p2a: Cinderace|0 fnt
|faint|p2a: Cinderace
|
|-weather|Snowscape|[upkeep]
|upkeep
|
|t:|1769410835
|switch|p2a: Kingambit|Kingambit, M|100/100
|-activate|p2a: Kingambit|ability: Supreme Overlord
|-start|p2a: Kingambit|fallen4|[silent]
|turn|17
|
|t:|1769410842
|move|p1a: Arcanine|Stealth Rock|p2a: Kingambit
|-sidestart|p2: Berry84|move: Stealth Rock
|move|p2a: Kingambit|Swords Dance|p2a: Kingambit
|-boost|p2a: Kingambit|atk|2
|
|-weather|Snowscape|[upkeep]
|upkeep
|turn|18
|
|t:|1769410850
|-terastallize|p2a: Kingambit|Fighting
|move|p1a: Arcanine|Flare Blitz|p2a: Kingambit
|-damage|p2a: Kingambit|56/100
|move|p2a: Kingambit|Kowtow Cleave|p1a: Arcanine
|-damage|p1a: Arcanine|0 fnt
|faint|p1a: Arcanine
|
|-weather|Snowscape|[upkeep]
|upkeep
|
|t:|1769410859
|switch|p1a: Torkoal|Torkoal, F|37/100
|-damage|p1a: Torkoal|12/100|[from] Stealth Rock
|-weather|SunnyDay|[from] ability: Drought|[of] p1a: Torkoal
|turn|19
|
|t:|1769410865
|move|p2a: Kingambit|Swords Dance|p2a: Kingambit
|-boost|p2a: Kingambit|atk|2
|move|p1a: Torkoal|Lava Plume|p2a: Kingambit
|-damage|p2a: Kingambit|20/100
|-status|p2a: Kingambit|brn
|
|-weather|SunnyDay|[upkeep]
|-damage|p2a: Kingambit|13/100 brn|[from] brn
|upkeep
|turn|20
|
|t:|1769410874
|move|p2a: Kingambit|Sucker Punch|p1a: Torkoal
|-damage|p1a: Torkoal|0 fnt
|faint|p1a: Torkoal
|
|-weather|SunnyDay|[upkeep]
|-damage|p2a: Kingambit|7/100 brn|[from] brn
|upkeep
|
|t:|1769410880
|switch|p1a: Araquanid|Araquanid, F|32/100 frz
|-damage|p1a: Araquanid|8/100 frz|[from] Stealth Rock
|turn|21
|
|t:|1769410886
|cant|p1a: Araquanid|frz
|move|p2a: Kingambit|Iron Head|p1a: Araquanid
|-resisted|p1a: Araquanid
|-damage|p1a: Araquanid|0 fnt
|faint|p1a: Araquanid
|
|-weather|SunnyDay|[upkeep]
|-damage|p2a: Kingambit|1/100 brn|[from] brn
|upkeep
|
|t:|1769410893
|switch|p1a: Walking Wake|Walking Wake|100/100
|-damage|p1a: Walking Wake|88/100|[from] Stealth Rock
|-activate|p1a: Walking Wake|ability: Protosynthesis
|-start|p1a: Walking Wake|protosynthesisspe
|turn|22
|inactive|shnorkalface has 120 seconds left.
|
|t:|1769410928
|-terastallize|p1a: Walking Wake|Water
|move|p1a: Walking Wake|Hydro Steam|p2a: Kingambit
|-damage|p2a: Kingambit|0 fnt
|faint|p2a: Kingambit
|-end|p2a: Kingambit|fallen4|[silent]
|
|-weather|SunnyDay|[upkeep]
|upkeep
|
|t:|1769410932
|switch|p2a: Zapdos|Zapdos|100/100
|turn|23
|
|t:|1769410936
|move|p1a: Walking Wake|Hydro Steam|p2a: Zapdos
|-damage|p2a: Zapdos|0 fnt
|faint|p2a: Zapdos
|
|win|shnorkalface
|raw|shnorkalface's rating: 1146 &rarr; <strong>1172</strong><br />(+26 for winning)
|raw|Berry84's rating: 1164 &rarr; <strong>1138</strong><br />(-26 for losing)
|l|☆Berry84
|player|p2|
