|j|☆SlimyTime
|j|☆chibi tanjiro
|t:|1769314661
|gametype|singles
|player|p1|SlimyTime|ltsurge|1599
|player|p2|chibi tanjiro|170|1646
|gen|9
|tier|[Gen 9] OU
|rated|
|rule|HP Percentage Mod: HP is shown in percentages
|rule|Endless Battle Clause: Forcing endless battles is banned
|rule|Species Clause: Limit one of each Pokémon
|rule|OHKO Clause: OHKO moves are banned
|rule|Evasion Items Clause: Evasion items are banned
|rule|Evasion Moves Clause: Evasion moves are banned
|rule|Evasion Abilities Clause: Evasion abilities are banned
|rule|Sleep Moves Clause: Sleep-inducing moves are banned
|clearpoke
|poke|p1|Rillaboom, F|
|poke|p1|Slowking, F|
|poke|p1|Kyurem|
|poke|p1|Corviknight, M|
|poke|p1|Ting-Lu|
|poke|p1|Cinderace, F|
|poke|p2|Zarude-Dada|
|poke|p2|Pecharunt|
|poke|p2|Great Tusk|
|poke|p2|Alomomola, F|
|poke|p2|Landorus-Therian, M|
|poke|p2|Raging Bolt|
|teampreview
|inactive|Battle timer is ON: inactive players will automatically lose when time's up. (requested by chibi tanjiro)
|
|t:|1769314707
|teamsize|p1|6
|teamsize|p2|6
|start
|switch|p1a: Kyurem|Kyurem|100/100
|switch|p2a: Zarude|Zarude-Dada|100/100
|-ability|p1a: Kyurem|Pressure
|turn|1
|inactive|SlimyTime has 120 seconds left.
|inactive|SlimyTime has 90 seconds left.
|
|t:|1769314783
|switch|p1a: Corviknight|Corviknight, M|100/100
|-ability|p1a: Corviknight|Pressure
|-terastallize|p2a: Zarude|Dark
|move|p2a: Zarude|Knock Off|p1a: Corviknight
|-damage|p1a: Corviknight|61/100
|-damage|p2a: Zarude|84/100|[from] item: Rocky Helmet|[of] p1a: Corviknight
|-enditem|p1a: Corviknight|Rocky Helmet|[from] move: Knock Off|[of] p2a: Zarude
|
|upkeep
|turn|2
|
|t:|1769314795
|switch|p2a: Pecharunt|Pecharunt|100/100
|switch|p1a: Kyurem|Kyurem|100/100
|-ability|p1a: Kyurem|Pressure
|
|upkeep
|turn|3
|
|t:|1769314798
|move|p1a: Kyurem|Substitute|p1a: Kyurem
|-start|p1a: Kyurem|Substitute
|-damage|p1a: Kyurem|75/100
|move|p2a: Pecharunt|Parting Shot|p1a: Kyurem
|-unboost|p1a: Kyurem|atk|1
|-unboost|p1a: Kyurem|spa|1
|
|t:|1769314806
|switch|p2a: Zarude|Zarude-Dada, tera:Dark|84/100|[from] Parting Shot
|
|-heal|p1a: Kyurem|82/100|[from] item: Leftovers
|upkeep
|turn|4
|
|t:|1769314811
|move|p1a: Kyurem|Protect|p1a: Kyurem
|-singleturn|p1a: Kyurem|Protect
|move|p2a: Zarude|Knock Off|p1a: Kyurem
|-activate|p1a: Kyurem|move: Protect
|
|-heal|p1a: Kyurem|88/100|[from] item: Leftovers
|upkeep
|turn|5
|
|t:|1769314812
|move|p2a: Zarude|Knock Off|p1a: Kyurem
|-end|p1a: Kyurem|Substitute
|move|p1a: Kyurem|Freeze-Dry|p2a: Zarude
|-damage|p2a: Zarude|59/100
|
|-heal|p1a: Kyurem|94/100|[from] item: Leftovers
|upkeep
|turn|6
|
|t:|1769314815
|move|p1a: Kyurem|Protect|p1a: Kyurem
|-singleturn|p1a: Kyurem|Protect
|move|p2a: Zarude|Knock Off|p1a: Kyurem
|-activate|p1a: Kyurem|move: Protect
|
|-heal|p1a: Kyurem|99/100|[from] item: Leftovers
|upkeep
|turn|7
|
|t:|1769314819
|switch|p1a: Corviknight|Corviknight, M|61/100
|-ability|p1a: Corviknight|Pressure
|move|p2a: Zarude|Knock Off|p1a: Corviknight
|-damage|p1a: Corviknight|35/100
|
|upkeep
|turn|8
|
|t:|1769314823
|switch|p2a: Landorus|Landorus-Therian, M|100/100
|-ability|p2a: Landorus|Intimidate|boost
|-unboost|p1a: Corviknight|atk|1
|move|p1a: Corviknight|Roost|p1a: Corviknight
|-heal|p1a: Corviknight|85/100
|-singleturn|p1a: Corviknight|move: Roost
|
|upkeep
|turn|9
|
|t:|1769314826
|switch|p1a: Kyurem|Kyurem|99/100
|-ability|p1a: Kyurem|Pressure
|move|p2a: Landorus|Stealth Rock|p1a: Kyurem
|-sidestart|p1: SlimyTime|move: Stealth Rock
|
|-heal|p1a: Kyurem|100/100|[from] item: Leftovers
|upkeep
|turn|10
|
|t:|1769314840
|switch|p2a: Alomomola|Alomomola, F|100/100
|move|p1a: Kyurem|Substitute|p1a: Kyurem
|-start|p1a: Kyurem|Substitute
|-damage|p1a: Kyurem|75/100
|
|-heal|p1a: Kyurem|82/100|[from] item: Leftovers
|upkeep
|turn|11
|
|t:|1769314846
|move|p1a: Kyurem|Freeze-Dry|p2a: Alomomola
|-supereffective|p2a: Alomomola
|-damage|p2a: Alomomola|64/100
|move|p2a: Alomomola|Alluring Voice|p1a: Kyurem
|-supereffective|p1a: Kyurem
|-damage|p1a: Kyurem|65/100
|
|-heal|p1a: Kyurem|72/100|[from] item: Leftovers
|upkeep
|turn|12
|
|t:|1769314852
|move|p1a: Kyurem|Freeze-Dry|p2a: Alomomola
|-supereffective|p2a: Alomomola
|-damage|p2a: Alomomola|30/100
|move|p2a: Alomomola|Alluring Voice|p1a: Kyurem
|-supereffective|p1a: Kyurem
|-damage|p1a: Kyurem|53/100
|
|-heal|p1a: Kyurem|59/100|[from] item: Leftovers
|upkeep
|turn|13
|
|t:|1769314860
|switch|p2a: Pecharunt|Pecharunt|100/100
|move|p1a: Kyurem|Freeze-Dry|p2a: Pecharunt
|-damage|p2a: Pecharunt|63/100
|
|-heal|p1a: Kyurem|66/100|[from] item: Leftovers
|upkeep
|turn|14
|
|t:|1769314862
|move|p1a: Kyurem|Earth Power|p2a: Pecharunt
|-supereffective|p2a: Pecharunt
|-damage|p2a: Pecharunt|0 fnt
|faint|p2a: Pecharunt
|
|-heal|p1a: Kyurem|72/100|[from] item: Leftovers
|upkeep
|
|t:|1769314867
|switch|p2a: Zarude|Zarude-Dada, tera:Dark|59/100
|turn|15
|
|t:|1769314871
|move|p1a: Kyurem|Protect|p1a: Kyurem
|-singleturn|p1a: Kyurem|Protect
|move|p2a: Zarude|Knock Off|p1a: Kyurem
|-activate|p1a: Kyurem|move: Protect
|
|-heal|p1a: Kyurem|78/100|[from] item: Leftovers
|upkeep
|turn|16
|
|t:|1769314874
|move|p2a: Zarude|Knock Off|p1a: Kyurem
|-end|p1a: Kyurem|Substitute
|move|p1a: Kyurem|Freeze-Dry|p2a: Zarude
|-damage|p2a: Zarude|23/100
|
|-heal|p1a: Kyurem|84/100|[from] item: Leftovers
|upkeep
|turn|17
|
|t:|1769314882
|switch|p2a: Raging Bolt|Raging Bolt|100/100
|-item|p2a: Raging Bolt|Air Balloon
|move|p1a: Kyurem|Protect||[still]
|-fail|p1a: Kyurem
|
|-heal|p1a: Kyurem|90/100|[from] item: Leftovers
|upkeep
|turn|18
|
|t:|1769314892
|move|p1a: Kyurem|Substitute|p1a: Kyurem
|-start|p1a: Kyurem|Substitute
|-damage|p1a: Kyurem|65/100
|move|p2a: Raging Bolt|Dragon Pulse|p1a: Kyurem
|-supereffective|p1a: Kyurem
|-end|p1a: Kyurem|Substitute
|
|-heal|p1a: Kyurem|72/100|[from] item: Leftovers
|upkeep
|turn|19
|
|t:|1769314898
|switch|p1a: Ting-Lu|Ting-Lu|100/100
|-damage|p1a: Ting-Lu|94/100|[from] Stealth Rock
|-ability|p1a: Ting-Lu|Vessel of Ruin
|-end|p2a: Raging Bolt|Protosynthesis|[silent]
|switch|p2a: Zarude|Zarude-Dada, tera:Dark|23/100
|
|-heal|p1a: Ting-Lu|100/100|[from] item: Leftovers
|upkeep
|turn|20
|
|t:|1769314903
|switch|p1a: Corviknight|Corviknight, M|85/100
|-damage|p1a: Corviknight|73/100|[from] Stealth Rock
|-ability|p1a: Corviknight|Pressure
|move|p2a: Zarude|U-turn|p1a: Corviknight
|-resisted|p1a: Corviknight
|-damage|p1a: Corviknight|69/100
|
|t:|1769314905
|switch|p2a: Raging Bolt|Raging Bolt|100/100|[from] U-turn
|-item|p2a: Raging Bolt|Air Balloon
|
|upkeep
|turn|21
|
|t:|1769314912
|switch|p1a: Ting-Lu|Ting-Lu|100/100
|-damage|p1a: Ting-Lu|94/100|[from] Stealth Rock
|-ability|p1a: Ting-Lu|Vessel of Ruin
|move|p2a: Raging Bolt|Thunderbolt|p1a: Ting-Lu
|-immune|p1a: Ting-Lu
|
|-heal|p1a: Ting-Lu|100/100|[from] item: Leftovers
|upkeep
|turn|22
|
|t:|1769314918
|-end|p2a: Raging Bolt|Protosynthesis|[silent]
|switch|p2a: Landorus|Landorus-Therian, M|100/100
|-ability|p2a: Landorus|Intimidate|boost
|-unboost|p1a: Ting-Lu|atk|1
|move|p1a: Ting-Lu|Ruination|p2a: Landorus
|-damage|p2a: Landorus|51/100
|
|upkeep
|turn|23
|
|t:|1769314924
|switch|p2a: Great Tusk|Great Tusk|100/100
|move|p1a: Ting-Lu|Stealth Rock|p2a: Great Tusk
|-sidestart|p2: chibi tanjiro|move: Stealth Rock
|
|upkeep
|turn|24
|
|t:|1769314930
|switch|p1a: Corviknight|Corviknight, M|69/100
|-damage|p1a: Corviknight|57/100|[from] Stealth Rock
|-ability|p1a: Corviknight|Pressure
|move|p2a: Great Tusk|Close Combat|p1a: Corviknight
|-damage|p1a: Corviknight|21/100
|-unboost|p2a: Great Tusk|def|1
|-unboost|p2a: Great Tusk|spd|1
|
|upkeep
|turn|25
|
|t:|1769314934
|move|p2a: Great Tusk|Close Combat|p1a: Corviknight
|-damage|p1a: Corviknight|0 fnt
|-unboost|p2a: Great Tusk|def|1
|-unboost|p2a: Great Tusk|spd|1
|faint|p1a: Corviknight
|
|upkeep
|
|t:|1769314937
|switch|p1a: Kyurem|Kyurem|72/100
|-damage|p1a: Kyurem|47/100|[from] Stealth Rock
|-ability|p1a: Kyurem|Pressure
|turn|26
|
|t:|1769314947
|move|p1a: Kyurem|Freeze-Dry|p2a: Great Tusk
|-supereffective|p2a: Great Tusk
|-damage|p2a: Great Tusk|0 fnt
|faint|p2a: Great Tusk
|-end|p2a: Great Tusk|Protosynthesis|[silent]
|
|-heal|p1a: Kyurem|53/100|[from] item: Leftovers
|upkeep
|
|t:|1769314951
|switch|p2a: Zarude|Zarude-Dada, tera:Dark|23/100
|-damage|p2a: Zarude|11/100|[from] Stealth Rock
|turn|27
|
|t:|1769314959
|move|p1a: Kyurem|Protect|p1a: Kyurem
|-singleturn|p1a: Kyurem|Protect
|move|p2a: Zarude|Knock Off|p1a: Kyurem
|-activate|p1a: Kyurem|move: Protect
|
|-heal|p1a: Kyurem|59/100|[from] item: Leftovers
|upkeep
|turn|28
|
|t:|1769314972
|switch|p1a: Cinderace|Cinderace, F|100/100
|move|p2a: Zarude|Knock Off|p1a: Cinderace
|-damage|p1a: Cinderace|22/100
|-enditem|p1a: Cinderace|Heavy-Duty Boots|[from] move: Knock Off|[of] p2a: Zarude
|
|upkeep
|turn|29
|
|t:|1769314975
|move|p2a: Zarude|Knock Off|p1a: Cinderace
|-damage|p1a: Cinderace|0 fnt
|faint|p1a: Cinderace
|
|upkeep
|
|t:|1769314980
|switch|p1a: Rillaboom|Rillaboom, F|100/100
|-damage|p1a: Rillaboom|88/100|[from] Stealth Rock
|-fieldstart|move: Grassy Terrain|[from] ability: Grassy Surge|[of] p1a: Rillaboom
|turn|30
|
|t:|1769314983
|switch|p2a: Landorus|Landorus-Therian, M|51/100
|-damage|p2a: Landorus|38/100|[from] Stealth Rock
|-ability|p2a: Landorus|Intimidate|boost
|-unboost|p1a: Rillaboom|atk|1
|move|p1a: Rillaboom|Grassy Glide|p2a: Landorus
|-damage|p2a: Landorus|3/100
|-damage|p1a: Rillaboom|72/100|[from] item: Rocky Helmet|[of] p2a: Landorus
|
|-heal|p1a: Rillaboom|78/100|[from] Grassy Terrain
|upkeep
|turn|31
|
|t:|1769314986
|move|p1a: Rillaboom|Grassy Glide|p2a: Landorus
|-damage|p2a: Landorus|0 fnt
|-damage|p1a: Rillaboom|61/100|[from] item: Rocky Helmet|[of] p2a: Landorus
|faint|p2a: Landorus
|
|-heal|p1a: Rillaboom|68/100|[from] Grassy Terrain
|upkeep
|
|t:|1769314988
|switch|p2a: Raging Bolt|Raging Bolt|100/100
|-damage|p2a: Raging Bolt|88/100|[from] Stealth Rock
|-item|p2a: Raging Bolt|Air Balloon
|turn|32
|
|t:|1769314998
|switch|p1a: Slowking|Slowking, F|100/100
|move|p2a: Raging Bolt|Dragon Pulse|p1a: Slowking
|-damage|p1a: Slowking|61/100
|
|-heal|p1a: Slowking|68/100|[from] Grassy Terrain
|upkeep
|turn|33
|
|t:|1769315004
|move|p2a: Raging Bolt|Calm Mind|p2a: Raging Bolt
|-boost|p2a: Raging Bolt|spa|1
|-boost|p2a: Raging Bolt|spd|1
|move|p1a: Slowking|Scald|p2a: Raging Bolt
|-resisted|p2a: Raging Bolt
|-damage|p2a: Raging Bolt|81/100
|-enditem|p2a: Raging Bolt|Air Balloon
|
|-heal|p2a: Raging Bolt|87/100|[from] Grassy Terrain
|-heal|p1a: Slowking|74/100|[from] Grassy Terrain
|upkeep
|turn|34
|
|t:|1769315007
|move|p2a: Raging Bolt|Calm Mind|p2a: Raging Bolt
|-boost|p2a: Raging Bolt|spa|1
|-boost|p2a: Raging Bolt|spd|1
|-prepare|p1a: Slowking|Chilly Reception|[premajor]
|move|p1a: Slowking|Chilly Reception|p1a: Slowking
|-weather|Snowscape
|
|t:|1769315010
|switch|p1a: Ting-Lu|Ting-Lu|100/100|[from] Chilly Reception
|-damage|p1a: Ting-Lu|94/100|[from] Stealth Rock
|-ability|p1a: Ting-Lu|Vessel of Ruin
|
|-weather|Snowscape|[upkeep]
|-heal|p2a: Raging Bolt|93/100|[from] Grassy Terrain
|-heal|p1a: Ting-Lu|100/100|[from] Grassy Terrain
|-fieldend|move: Grassy Terrain
|upkeep
|turn|35
|
|t:|1769315014
|move|p2a: Raging Bolt|Dragon Pulse|p1a: Ting-Lu
|-damage|p1a: Ting-Lu|59/100
|move|p1a: Ting-Lu|Whirlwind|p2a: Raging Bolt
|-end|p2a: Raging Bolt|Protosynthesis|[silent]
|drag|p2a: Alomomola|Alomomola, F|64/100
|-damage|p2a: Alomomola|51/100|[from] Stealth Rock
|
|-weather|Snowscape|[upkeep]
|-heal|p1a: Ting-Lu|65/100|[from] item: Leftovers
|upkeep
|turn|36
|
|t:|1769315020
|switch|p1a: Slowking|Slowking, F|100/100
|move|p2a: Alomomola|Scald|p1a: Slowking
|-resisted|p1a: Slowking
|-damage|p1a: Slowking|95/100
|
|-weather|Snowscape|[upkeep]
|upkeep
|turn|37
|
|t:|1769315028
|move|p2a: Alomomola|Scald|p1a: Slowking
|-resisted|p1a: Slowking
|-damage|p1a: Slowking|90/100
|-status|p1a: Slowking|brn
|move|p1a: Slowking|Psychic Noise|p2a: Alomomola
|-damage|p2a: Alomomola|40/100
|-start|p2a: Alomomola|move: Heal Block
|
|-weather|Snowscape|[upkeep]
|-damage|p1a: Slowking|84/100 brn|[from] brn
|upkeep
|turn|38
|
|t:|1769315035
|move|p2a: Alomomola|Flip Turn|p1a: Slowking
|-resisted|p1a: Slowking
|-damage|p1a: Slowking|78/100 brn
|
|t:|1769315036
|switch|p2a: Raging Bolt|Raging Bolt|93/100|[from] Flip Turn
|-damage|p2a: Raging Bolt|81/100|[from] Stealth Rock
|move|p1a: Slowking|Future Sight|p2a: Raging Bolt
|-start|p1a: Slowking|move: Future Sight
|
|-weather|none
|-damage|p1a: Slowking|72/100 brn|[from] brn
|upkeep
|turn|39
|
|t:|1769315044
|switch|p1a: Ting-Lu|Ting-Lu|65/100
|-damage|p1a: Ting-Lu|59/100|[from] Stealth Rock
|-ability|p1a: Ting-Lu|Vessel of Ruin
|move|p2a: Raging Bolt|Calm Mind|p2a: Raging Bolt
|-boost|p2a: Raging Bolt|spa|1
|-boost|p2a: Raging Bolt|spd|1
|
|-heal|p1a: Ting-Lu|65/100|[from] item: Leftovers
|upkeep
|turn|40
|
|t:|1769315047
|move|p2a: Raging Bolt|Dragon Pulse|p1a: Ting-Lu
|-damage|p1a: Ting-Lu|35/100
|move|p1a: Ting-Lu|Earthquake|p2a: Raging Bolt
|-supereffective|p2a: Raging Bolt
|-damage|p2a: Raging Bolt|17/100
|
|-end|p2a: Raging Bolt|move: Future Sight
|-damage|p2a: Raging Bolt|0 fnt
|faint|p2a: Raging Bolt
|-end|p2a: Raging Bolt|Protosynthesis|[silent]
|-heal|p1a: Ting-Lu|41/100|[from] item: Leftovers
|upkeep
|
|t:|1769315050
|switch|p2a: Zarude|Zarude-Dada, tera:Dark|11/100
|-damage|p2a: Zarude|0 fnt|[from] Stealth Rock
|faint|p2a: Zarude
|-message|chibi tanjiro forfeited.
|
|win|SlimyTime
|raw|SlimyTime's rating: 1599 &rarr; <strong>1622</strong><br />(+23 for winning)
|raw|chibi tanjiro's rating: 1646 &rarr; <strong>1623</strong><br />(-23 for losing)
|l|☆chibi tanjiro
|player|p2|
|l|☆SlimyTime
|player|p1|
