|j|☆G2Alvarito
|j|☆s/o Sob3k
|t:|1769422598
|gametype|singles
|player|p1|G2Alvarito|102|1142
|player|p2|s/o Sob3k|ghetsis|1133
|gen|9
|tier|[Gen 9] OU
|rated|
|rule|HP Percentage Mod: HP is shown in percentages
|rule|Endless Battle Clause: Forcing endless battles is banned
|rule|Species Clause: Limit one of each Pokémon
|rule|OHKO Clause: OHKO moves are banned
|rule|Evasion Items Clause: Evasion items are banned
|rule|Evasion Moves Clause: Evasion moves are banned
|rule|Evasion Abilities Clause: Evasion abilities are banned
|rule|Sleep Moves Clause: Sleep-inducing moves are banned
|clearpoke
|poke|p1|Weezing, M|
|poke|p1|Amoonguss, M|
|poke|p1|Garchomp, M|
|poke|p1|Dragapult, F|
|poke|p1|Tentacruel, M|
|poke|p1|Samurott-Hisui, F|
|poke|p2|Deoxys-Speed|
|poke|p2|Gholdengo|
|poke|p2|Dragonite, F|
|poke|p2|Iron Treads|
|poke|p2|Iron Moth|
|poke|p2|Samurott-Hisui, F|
|teampreview
|inactive|Battle timer is ON: inactive players will automatically lose when time's up. (requested by s/o Sob3k)
|inactive|G2Alvarito has 120 seconds left.
|
|t:|1769422642
|teamsize|p1|6
|teamsize|p2|6
|start
|switch|p1a: Weezing|Weezing, M|100/100
|switch|p2a: ubain solt|Deoxys-Speed|100/100
|-ability|p2a: ubain solt|Pressure
|turn|1
|
|t:|1769422652
|switch|p1a: Samurott|Samurott-Hisui, F|100/100
|move|p2a: ubain solt|Psycho Boost|p1a: Samurott
|-immune|p1a: Samurott
|
|upkeep
|turn|2
|
|t:|1769422659
|-terastallize|p2a: ubain solt|Fighting
|move|p2a: ubain solt|Superpower|p1a: Samurott
|-supereffective|p1a: Samurott
|-damage|p1a: Samurott|7/100
|-unboost|p2a: ubain solt|atk|1
|-unboost|p2a: ubain solt|def|1
|-damage|p2a: ubain solt|91/100|[from] item: Life Orb
|move|p1a: Samurott|Ceaseless Edge|p2a: ubain solt
|-resisted|p2a: ubain solt
|-damage|p2a: ubain solt|52/100
|-sidestart|p2: s/o Sob3k|Spikes
|
|upkeep
|turn|3
|
|t:|1769422668
|switch|p1a: Dragapult|Dragapult, F|100/100
|move|p2a: ubain solt|Ice Beam|p1a: Dragapult
|-supereffective|p1a: Dragapult
|-damage|p1a: Dragapult|11/100
|-status|p1a: Dragapult|frz
|-damage|p2a: ubain solt|42/100|[from] item: Life Orb
|
|upkeep
|turn|4
|
|t:|1769422676
|move|p2a: ubain solt|Ice Beam|p1a: Dragapult
|-supereffective|p1a: Dragapult
|-damage|p1a: Dragapult|0 fnt
|faint|p1a: Dragapult
|-damage|p2a: ubain solt|32/100|[from] item: Life Orb
|
|upkeep
|
|t:|1769422680
|switch|p1a: Tentacruel|Tentacruel, M|100/100
|turn|5
|
|t:|1769422684
|move|p2a: ubain solt|Psycho Boost|p1a: Tentacruel
|-supereffective|p1a: Tentacruel
|-damage|p1a: Tentacruel|16/100
|-unboost|p2a: ubain solt|spa|2
|-damage|p2a: ubain solt|22/100|[from] item: Life Orb
|move|p1a: Tentacruel|Toxic|p2a: ubain solt
|-status|p2a: ubain solt|tox
|
|-heal|p1a: Tentacruel|22/100|[from] item: Black Sludge
|-damage|p2a: ubain solt|15/100 tox|[from] psn
|upkeep
|turn|6
|
|t:|1769422690
|move|p1a: Tentacruel|Protect|p1a: Tentacruel
|-singleturn|p1a: Tentacruel|Protect
|move|p2a: ubain solt|Knock Off|p1a: Tentacruel
|-activate|p1a: Tentacruel|move: Protect
|
|-heal|p1a: Tentacruel|28/100|[from] item: Black Sludge
|-damage|p2a: ubain solt|3/100 tox|[from] psn
|upkeep
|turn|7
|
|t:|1769422697
|switch|p1a: Samurott|Samurott-Hisui, F|7/100
|move|p2a: ubain solt|Psycho Boost|p1a: Samurott
|-immune|p1a: Samurott
|
|-damage|p2a: ubain solt|0 fnt|[from] psn
|faint|p2a: ubain solt
|upkeep
|
|t:|1769422703
|switch|p2a: free hugs|Dragonite, F|100/100
|turn|8
|
|t:|1769422709
|move|p2a: free hugs|Extreme Speed|p1a: Samurott
|-damage|p1a: Samurott|0 fnt
|faint|p1a: Samurott
|
|upkeep
|
|t:|1769422720
|switch|p1a: Weezing|Weezing, M|100/100
|turn|9
|
|t:|1769422749
|move|p2a: free hugs|Dragon Dance|p2a: free hugs
|-boost|p2a: free hugs|atk|1
|-boost|p2a: free hugs|spe|1
|move|p1a: Weezing|Toxic|p2a: free hugs
|-status|p2a: free hugs|tox
|
|-damage|p2a: free hugs|94/100 tox|[from] psn
|upkeep
|turn|10
|
|t:|1769422759
|move|p2a: free hugs|Dragon Dance|p2a: free hugs
|-boost|p2a: free hugs|atk|1
|-boost|p2a: free hugs|spe|1
|move|p1a: Weezing|Clear Smog|p2a: free hugs
|-damage|p2a: free hugs|79/100 tox
|-clearboost|p2a: free hugs
|
|-damage|p2a: free hugs|67/100 tox|[from] psn
|upkeep
|turn|11
|
|t:|1769422763
|move|p2a: free hugs|Ice Spinner|p1a: Weezing
|-damage|p1a: Weezing|82/100
|move|p1a: Weezing|Toxic Spikes|p2a: free hugs
|-sidestart|p2: s/o Sob3k|move: Toxic Spikes
|
|-heal|p1a: Weezing|88/100|[from] item: Black Sludge
|-damage|p2a: free hugs|48/100 tox|[from] psn
|upkeep
|turn|12
|
|t:|1769422767
|move|p2a: free hugs|Extreme Speed|p1a: Weezing
|-damage|p1a: Weezing|67/100
|move|p1a: Weezing|Toxic Spikes|p2a: free hugs
|-sidestart|p2: s/o Sob3k|move: Toxic Spikes
|
|-heal|p1a: Weezing|73/100|[from] item: Black Sludge
|-damage|p2a: free hugs|23/100 tox|[from] psn
|upkeep
|turn|13
|
|t:|1769422772
|move|p1a: Weezing|Protect|p1a: Weezing
|-singleturn|p1a: Weezing|Protect
|move|p2a: free hugs|Extreme Speed|p1a: Weezing
|-activate|p1a: Weezing|move: Protect
|
|-heal|p1a: Weezing|79/100|[from] item: Black Sludge
|-damage|p2a: free hugs|0 fnt|[from] psn
|faint|p2a: free hugs
|upkeep
|
|t:|1769422777
|switch|p2a: Sacré Bête|Iron Moth|100/100
|-damage|p2a: Sacré Bête|88/100|[from] Spikes
|-sideend|p2: s/o Sob3k|move: Toxic Spikes|[of] p2a: Sacré Bête
|-enditem|p2a: Sacré Bête|Booster Energy
|-activate|p2a: Sacré Bête|ability: Quark Drive|[fromitem]
|-start|p2a: Sacré Bête|quarkdrivespe
|turn|14
|
|t:|1769422786
|move|p2a: Sacré Bête|Fiery Dance|p1a: Weezing
|-damage|p1a: Weezing|29/100
|-boost|p2a: Sacré Bête|spa|1
|move|p1a: Weezing|Clear Smog|p2a: Sacré Bête
|-resisted|p2a: Sacré Bête
|-damage|p2a: Sacré Bête|80/100
|-clearboost|p2a: Sacré Bête
|
|-heal|p1a: Weezing|35/100|[from] item: Black Sludge
|upkeep
|turn|15
|
|t:|1769422796
|move|p1a: Weezing|Protect|p1a: Weezing
|-singleturn|p1a: Weezing|Protect
|move|p2a: Sacré Bête|Fiery Dance|p1a: Weezing
|-activate|p1a: Weezing|move: Protect
|
|-heal|p1a: Weezing|41/100|[from] item: Black Sludge
|upkeep
|turn|16
|
|t:|1769422825
|switch|p1a: Tentacruel|Tentacruel, M|28/100
|move|p2a: Sacré Bête|Fiery Dance|p1a: Tentacruel
|-resisted|p1a: Tentacruel
|-damage|p1a: Tentacruel|16/100
|-boost|p2a: Sacré Bête|spa|1
|
|-heal|p1a: Tentacruel|22/100|[from] item: Black Sludge
|upkeep
|turn|17
|
|t:|1769422836
|move|p2a: Sacré Bête|Tera Blast|p1a: Tentacruel
|-damage|p1a: Tentacruel|0 fnt
|faint|p1a: Tentacruel
|
|upkeep
|
|t:|1769422843
|switch|p1a: Garchomp|Garchomp, M|100/100
|turn|18
|
|t:|1769422854
|move|p2a: Sacré Bête|Sludge Wave|p1a: Garchomp
|-resisted|p1a: Garchomp
|-damage|p1a: Garchomp|67/100
|move|p1a: Garchomp|Earthquake|p2a: Sacré Bête
|-supereffective|p2a: Sacré Bête
|-crit|p2a: Sacré Bête
|-damage|p2a: Sacré Bête|0 fnt
|faint|p2a: Sacré Bête
|-end|p2a: Sacré Bête|Quark Drive|[silent]
|
|upkeep
|
|t:|1769422865
|switch|p2a: vipelière<<<|Samurott-Hisui, F|100/100
|-damage|p2a: vipelière<<<|88/100|[from] Spikes
|turn|19
|
|t:|1769422873
|move|p2a: vipelière<<<|Ceaseless Edge|p1a: Garchomp|[miss]
|-miss|p2a: vipelière<<<|p1a: Garchomp
|move|p1a: Garchomp|Stealth Rock|p2a: vipelière<<<
|-sidestart|p2: s/o Sob3k|move: Stealth Rock
|
|upkeep
|turn|20
|
|t:|1769422897
|move|p2a: vipelière<<<|Ceaseless Edge|p1a: Garchomp
|-damage|p1a: Garchomp|37/100
|-damage|p2a: vipelière<<<|76/100|[from] ability: Rough Skin|[of] p1a: Garchomp
|-damage|p2a: vipelière<<<|59/100|[from] item: Rocky Helmet|[of] p1a: Garchomp
|-sidestart|p1: G2Alvarito|Spikes
|move|p1a: Garchomp|Draco Meteor|p2a: vipelière<<<
|-damage|p2a: vipelière<<<|4/100
|-unboost|p1a: Garchomp|spa|2
|
|upkeep
|turn|21
|
|t:|1769422906
|move|p2a: vipelière<<<|Ceaseless Edge|p1a: Garchomp
|-damage|p1a: Garchomp|10/100
|-damage|p2a: vipelière<<<|0 fnt|[from] ability: Rough Skin|[of] p1a: Garchomp
|faint|p2a: vipelière<<<
|move|p1a: Garchomp|Earthquake|p2: vipelière<<<|[notarget]
|-fail|p1a: Garchomp
|
|upkeep
|
|t:|1769422910
|switch|p2a: vroum vroum|Iron Treads|100/100
|-damage|p2a: vroum vroum|88/100|[from] Spikes
|-damage|p2a: vroum vroum|85/100|[from] Stealth Rock
|-enditem|p2a: vroum vroum|Booster Energy
|-activate|p2a: vroum vroum|ability: Quark Drive|[fromitem]
|-start|p2a: vroum vroum|quarkdrivespe
|turn|22
|
|t:|1769422913
|move|p2a: vroum vroum|Rapid Spin|p1a: Garchomp
|-damage|p1a: Garchomp|0 fnt
|-boost|p2a: vroum vroum|spe|1
|-damage|p2a: vroum vroum|72/100|[from] ability: Rough Skin|[of] p1a: Garchomp
|-damage|p2a: vroum vroum|56/100|[from] item: Rocky Helmet|[of] p1a: Garchomp
|-sideend|p2: s/o Sob3k|Spikes|[from] move: Rapid Spin|[of] p2a: vroum vroum
|-sideend|p2: s/o Sob3k|Stealth Rock|[from] move: Rapid Spin|[of] p2a: vroum vroum
|faint|p1a: Garchomp
|
|upkeep
|-message|G2Alvarito forfeited.
|
|win|s/o Sob3k
|raw|G2Alvarito's rating: 1142 &rarr; <strong>1116</strong><br />(-26 for losing)
|raw|s&#x2f;o Sob3k's rating: 1133 &rarr; <strong>1159</strong><br />(+26 for winning)
|l|☆G2Alvarito
|player|p1|
|l|☆s/o Sob3k
|player|p2|
