|j|☆Braxman777
|j|☆Trin2345
|t:|1769352987
|gametype|singles
|player|p1|Braxman777|1|
|player|p2|Trin2345|170|
|gen|9
|tier|[Gen 9] OU
|rule|HP Percentage Mod: HP is shown in percentages
|rule|Endless Battle Clause: Forcing endless battles is banned
|rule|Species Clause: Limit one of each Pokémon
|rule|OHKO Clause: OHKO moves are banned
|rule|Evasion Items Clause: Evasion items are banned
|rule|Evasion Moves Clause: Evasion moves are banned
|rule|Evasion Abilities Clause: Evasion abilities are banned
|rule|Sleep Moves Clause: Sleep-inducing moves are banned
|clearpoke
|poke|p1|Kingambit, F|
|poke|p1|Milotic, M|
|poke|p1|Garchomp, F|
|poke|p1|Tinkaton, F|
|poke|p1|Zoroark-Hisui, M|
|poke|p1|Ogerpon-Wellspring, F|
|poke|p2|Dragapult, M|
|poke|p2|Goodra-Hisui, F|
|poke|p2|Gyarados, M|
|poke|p2|Indeedee-F, F|
|poke|p2|Hawlucha, M|
|poke|p2|Excadrill, F|
|teampreview
|
|t:|1769353017
|teamsize|p1|6
|teamsize|p2|6
|start
|switch|p1a: Milotic|Milotic, M|100/100
|switch|p2a: Excadrill|Excadrill, F|100/100
|-ability|p2a: Excadrill|Mold Breaker
|turn|1
|
|t:|1769353032
|move|p2a: Excadrill|Stealth Rock|p1a: Milotic
|-sidestart|p1: Braxman777|move: Stealth Rock
|move|p1a: Milotic|Body Slam|p2a: Excadrill
|-resisted|p2a: Excadrill
|-damage|p2a: Excadrill|86/100
|
|upkeep
|turn|2
|
|t:|1769353044
|move|p2a: Excadrill|Earthquake|p1a: Milotic
|-damage|p1a: Milotic|42/100
|move|p1a: Milotic|Flip Turn|p2a: Excadrill
|-supereffective|p2a: Excadrill
|-damage|p2a: Excadrill|30/100
|
|t:|1769353053
|switch|p1a: Garchomp|Garchomp, F|100/100|[from] Flip Turn
|-damage|p1a: Garchomp|94/100|[from] Stealth Rock
|
|upkeep
|turn|3
|
|t:|1769353067
|move|p1a: Garchomp|Earthquake|p2a: Excadrill
|-supereffective|p2a: Excadrill
|-damage|p2a: Excadrill|0 fnt
|faint|p2a: Excadrill
|
|upkeep
|
|t:|1769353074
|switch|p2a: Dragapult|Dragapult, M|100/100
|turn|4
|
|t:|1769353086
|switch|p1a: Ogerpon|Ogerpon-Wellspring, F|100/100
|move|p2a: Dragapult|Draco Meteor|p1a: Ogerpon
|-damage|p1a: Ogerpon|0 fnt
|-unboost|p2a: Dragapult|spa|2
|replace|p1a: Zoroark|Zoroark-Hisui, M
|-end|p1a: Zoroark|Illusion
|faint|p1a: Zoroark
|-damage|p2a: Dragapult|91/100|[from] item: Life Orb
|
|upkeep
|
|t:|1769353099
|switch|p1a: Tinkaton|Tinkaton, F|100/100
|-damage|p1a: Tinkaton|94/100|[from] Stealth Rock
|-ability|p1a: Tinkaton|Mold Breaker
|turn|5
|
|t:|1769353107
|move|p1a: Tinkaton|Fake Out|p2a: Dragapult
|-immune|p2a: Dragapult
|move|p2a: Dragapult|Flamethrower|p1a: Tinkaton
|-supereffective|p1a: Tinkaton
|-damage|p1a: Tinkaton|55/100
|-damage|p2a: Dragapult|81/100|[from] item: Life Orb
|
|upkeep
|turn|6
|
|t:|1769353115
|move|p2a: Dragapult|Flamethrower|p1a: Tinkaton
|-supereffective|p1a: Tinkaton
|-damage|p1a: Tinkaton|12/100
|-damage|p2a: Dragapult|71/100|[from] item: Life Orb
|move|p1a: Tinkaton|Gigaton Hammer|p2a: Dragapult
|-damage|p2a: Dragapult|3/100
|-start|p1a: Tinkaton|Disable|Gigaton Hammer|[from] ability: Cursed Body|[of] p2a: Dragapult
|
|upkeep
|turn|7
|
|t:|1769353126
|move|p2a: Dragapult|Flamethrower|p1a: Tinkaton
|-supereffective|p1a: Tinkaton
|-damage|p1a: Tinkaton|0 fnt
|faint|p1a: Tinkaton
|-damage|p2a: Dragapult|0 fnt|[from] item: Life Orb
|faint|p2a: Dragapult
|
|upkeep
|
|t:|1769353138
|switch|p2a: Indeedee|Indeedee-F, F|100/100
|switch|p1a: Garchomp|Garchomp, F|94/100
|-damage|p1a: Garchomp|88/100|[from] Stealth Rock
|-fieldstart|move: Psychic Terrain|[from] ability: Psychic Surge|[of] p2a: Indeedee
|turn|8
|
|t:|1769353161
|move|p1a: Garchomp|Crunch|p2a: Indeedee
|-supereffective|p2a: Indeedee
|-damage|p2a: Indeedee|51/100
|move|p2a: Indeedee|Reflect|p2a: Indeedee
|-sidestart|p2: Trin2345|Reflect
|
|upkeep
|turn|9
|
|t:|1769353178
|move|p1a: Garchomp|Earthquake|p2a: Indeedee
|-damage|p2a: Indeedee|28/100
|move|p2a: Indeedee|Healing Wish|p2a: Indeedee
|faint|p2a: Indeedee
|
|upkeep
|
|t:|1769353185
|switch|p2a: Gyarados|Gyarados, M, shiny|100/100
|turn|10
|
|t:|1769353191
|move|p1a: Garchomp|Earthquake|p2a: Gyarados
|-immune|p2a: Gyarados
|move|p2a: Gyarados|Dragon Dance|p2a: Gyarados
|-boost|p2a: Gyarados|atk|1
|-boost|p2a: Gyarados|spe|1
|
|upkeep
|turn|11
|
|t:|1769353202
|move|p2a: Gyarados|Earthquake|p1a: Garchomp
|-damage|p1a: Garchomp|31/100
|move|p1a: Garchomp|Earthquake|p2a: Gyarados
|-immune|p2a: Gyarados
|
|upkeep
|turn|12
|
|t:|1769353212
|switch|p1a: Kingambit|Kingambit, F|100/100
|-damage|p1a: Kingambit|94/100|[from] Stealth Rock
|-activate|p1a: Kingambit|ability: Supreme Overlord
|-start|p1a: Kingambit|fallen2|[silent]
|move|p2a: Gyarados|Ice Fang|p1a: Kingambit
|-resisted|p1a: Kingambit
|-damage|p1a: Kingambit|80/100
|
|-sideend|p2: Trin2345|Reflect
|upkeep
|turn|13
|
|t:|1769353224
|-terastallize|p2a: Gyarados|Electric
|move|p2a: Gyarados|Earthquake|p1a: Kingambit
|-supereffective|p1a: Kingambit
|-damage|p1a: Kingambit|1/100
|move|p1a: Kingambit|Iron Head|p2a: Gyarados
|-resisted|p2a: Gyarados
|-damage|p2a: Gyarados|59/100
|-damage|p1a: Kingambit|0 fnt|[from] item: Life Orb
|faint|p1a: Kingambit
|-end|p1a: Kingambit|fallen2|[silent]
|
|upkeep
|
|t:|1769353264
|switch|p1a: Milotic|Milotic, M|42/100
|-damage|p1a: Milotic|29/100|[from] Stealth Rock
|turn|14
|
|t:|1769353272
|move|p2a: Gyarados|Tera Blast|p1a: Milotic|[anim] Tera Blast Electric
|-supereffective|p1a: Milotic
|-damage|p1a: Milotic|0 fnt
|faint|p1a: Milotic
|-ability|p2a: Gyarados|Moxie|boost
|-boost|p2a: Gyarados|atk|1
|
|upkeep
|
|t:|1769353280
|switch|p1a: Ogerpon|Ogerpon-Wellspring, F|100/100
|-damage|p1a: Ogerpon|88/100|[from] Stealth Rock
|turn|15
|
|t:|1769353285
|move|p1a: Ogerpon|Protect|p1a: Ogerpon
|-singleturn|p1a: Ogerpon|Protect
|move|p2a: Gyarados|Tera Blast|p1a: Ogerpon|[anim] Tera Blast Electric
|-activate|p1a: Ogerpon|move: Protect
|
|-fieldend|move: Psychic Terrain
|upkeep
|turn|16
|
|t:|1769353293
|move|p2a: Gyarados|Tera Blast|p1a: Ogerpon|[anim] Tera Blast Electric
|-damage|p1a: Ogerpon|0 fnt
|faint|p1a: Ogerpon
|-ability|p2a: Gyarados|Moxie|boost
|-boost|p2a: Gyarados|atk|1
|
|upkeep
|
|t:|1769353304
|switch|p1a: Garchomp|Garchomp, F|31/100
|-damage|p1a: Garchomp|25/100|[from] Stealth Rock
|turn|17
|
|t:|1769353310
|move|p2a: Gyarados|Ice Fang|p1a: Garchomp
|-supereffective|p1a: Garchomp
|-damage|p1a: Garchomp|0 fnt
|-damage|p2a: Gyarados|46/100|[from] ability: Rough Skin|[of] p1a: Garchomp
|-damage|p2a: Gyarados|30/100|[from] item: Rocky Helmet|[of] p1a: Garchomp
|faint|p1a: Garchomp
|
|win|Trin2345
