|badge|p1|bronze|gen9ou|100-8
|uhtml|medal-msg|<div class="broadcast-blue">Curious what those medals under the avatar are? PS now has Ladder Seasons! For more information, check out the <a href="https://www.smogon.com/forums/threads/3740067/">thread on Smogon.</a></div>
|j|☆Iznamakin
|j|☆clodgod6
|t:|1769395752
|gametype|singles
|player|p1|Iznamakin|chase|1854
|player|p2|clodgod6|2|1715
|gen|9
|tier|[Gen 9] OU
|rated|
|rule|HP Percentage Mod: HP is shown in percentages
|rule|Endless Battle Clause: Forcing endless battles is banned
|rule|Species Clause: Limit one of each Pokémon
|rule|OHKO Clause: OHKO moves are banned
|rule|Evasion Items Clause: Evasion items are banned
|rule|Evasion Moves Clause: Evasion moves are banned
|rule|Evasion Abilities Clause: Evasion abilities are banned
|rule|Sleep Moves Clause: Sleep-inducing moves are banned
|clearpoke
|poke|p1|Iron Valiant|
|poke|p1|Greninja-*, M|
|poke|p1|Glimmora, M|
|poke|p1|Kingambit, M|
|poke|p1|Iron Jugulis|
|poke|p1|Iron Moth|
|poke|p2|Ogerpon-Cornerstone, F|
|poke|p2|Iron Valiant|
|poke|p2|Samurott-Hisui, M|
|poke|p2|Cinderace, F|
|poke|p2|Deoxys-Speed|
|poke|p2|Kingambit, F|
|teampreview
|inactive|Battle timer is ON: inactive players will automatically lose when time's up. (requested by Iznamakin)
|
|t:|1769395766
|teamsize|p1|6
|teamsize|p2|6
|start
|switch|p1a: Iron Jugulis|Iron Jugulis|100/100
|switch|p2a: Samurott|Samurott-Hisui, M|100/100
|-enditem|p1a: Iron Jugulis|Booster Energy
|-activate|p1a: Iron Jugulis|ability: Quark Drive|[fromitem]
|-start|p1a: Iron Jugulis|quarkdrivespe
|turn|1
|
|t:|1769395772
|move|p1a: Iron Jugulis|Hurricane|p2a: Samurott
|-damage|p2a: Samurott|15/100
|-start|p2a: Samurott|confusion
|-activate|p2a: Samurott|confusion
|move|p2a: Samurott|Ceaseless Edge|p1a: Iron Jugulis
|-resisted|p1a: Iron Jugulis
|-damage|p1a: Iron Jugulis|76/100
|-sidestart|p1: Iznamakin|Spikes
|
|upkeep
|turn|2
|
|t:|1769395780
|-activate|p2a: Samurott|confusion
|-damage|p2a: Samurott|0 fnt|[from] confusion
|faint|p2a: Samurott
|move|p1a: Iron Jugulis|Fire Blast|p2: Samurott|[notarget]
|-fail|p1a: Iron Jugulis
|
|upkeep
|
|t:|1769395798
|switch|p2a: Ogerpon|Ogerpon-Cornerstone, F|100/100
|turn|3
|
|t:|1769395801
|move|p1a: Iron Jugulis|Hurricane|p2a: Ogerpon
|-damage|p2a: Ogerpon|37/100
|move|p2a: Ogerpon|Ivy Cudgel|p1a: Iron Jugulis|[anim] Ivy Cudgel Rock
|-supereffective|p1a: Iron Jugulis
|-damage|p1a: Iron Jugulis|0 fnt
|faint|p1a: Iron Jugulis
|-end|p1a: Iron Jugulis|Quark Drive|[silent]
|
|upkeep
|
|t:|1769395807
|switch|p1a: Greninja|Greninja, M|100/100
|-damage|p1a: Greninja|88/100|[from] Spikes
|turn|4
|
|t:|1769395824
|move|p1a: Greninja|Hydro Pump|p2a: Ogerpon|[miss]
|-miss|p1a: Greninja|p2a: Ogerpon
|move|p2a: Ogerpon|Horn Leech|p1a: Greninja
|-supereffective|p1a: Greninja
|-damage|p1a: Greninja|0 fnt
|-heal|p2a: Ogerpon|78/100|[from] drain|[of] p1a: Greninja
|faint|p1a: Greninja
|
|upkeep
|
|t:|1769395833
|switch|p1a: Iron Valiant|Iron Valiant|100/100
|-damage|p1a: Iron Valiant|88/100|[from] Spikes
|-enditem|p1a: Iron Valiant|Booster Energy
|-activate|p1a: Iron Valiant|ability: Quark Drive|[fromitem]
|-start|p1a: Iron Valiant|quarkdrivespe
|turn|5
|
|t:|1769395839
|move|p1a: Iron Valiant|Close Combat|p2a: Ogerpon
|-supereffective|p2a: Ogerpon
|-damage|p2a: Ogerpon|0 fnt
|-unboost|p1a: Iron Valiant|def|1
|-unboost|p1a: Iron Valiant|spd|1
|faint|p2a: Ogerpon
|
|upkeep
|
|t:|1769395851
|switch|p2a: Cinderace|Cinderace, F|100/100
|turn|6
|
|t:|1769395857
|move|p1a: Iron Valiant|Close Combat|p2a: Cinderace
|-damage|p2a: Cinderace|8/100
|-unboost|p1a: Iron Valiant|def|1
|-unboost|p1a: Iron Valiant|spd|1
|move|p2a: Cinderace|Pyro Ball|p1a: Iron Valiant
|-damage|p1a: Iron Valiant|0 fnt
|faint|p1a: Iron Valiant
|-end|p1a: Iron Valiant|Quark Drive|[silent]
|
|upkeep
|
|t:|1769395863
|switch|p1a: Iron Moth|Iron Moth|100/100
|-damage|p1a: Iron Moth|88/100|[from] Spikes
|-enditem|p1a: Iron Moth|Booster Energy
|-activate|p1a: Iron Moth|ability: Quark Drive|[fromitem]
|-start|p1a: Iron Moth|quarkdrivespe
|turn|7
|
|t:|1769395866
|move|p1a: Iron Moth|Fiery Dance|p2a: Cinderace
|-resisted|p2a: Cinderace
|-damage|p2a: Cinderace|0 fnt
|faint|p2a: Cinderace
|
|upkeep
|
|t:|1769395872
|switch|p2a: Deoxys|Deoxys-Speed|100/100
|-ability|p2a: Deoxys|Pressure
|turn|8
|
|t:|1769395877
|move|p1a: Iron Moth|Sludge Wave|p2a: Deoxys
|-damage|p2a: Deoxys|41/100
|move|p2a: Deoxys|Psycho Boost|p1a: Iron Moth
|-supereffective|p1a: Iron Moth
|-damage|p1a: Iron Moth|0 fnt
|-unboost|p2a: Deoxys|spa|2
|faint|p1a: Iron Moth
|-end|p1a: Iron Moth|Quark Drive|[silent]
|
|-heal|p2a: Deoxys|47/100|[from] item: Leftovers
|upkeep
|
|t:|1769395885
|switch|p1a: Kingambit|Kingambit, M|100/100
|-damage|p1a: Kingambit|88/100|[from] Spikes
|-activate|p1a: Kingambit|ability: Supreme Overlord
|-start|p1a: Kingambit|fallen4|[silent]
|turn|9
|
|t:|1769395893
|move|p1a: Kingambit|Sucker Punch||[still]
|-fail|p1a: Kingambit
|move|p2a: Deoxys|Substitute|p2a: Deoxys
|-start|p2a: Deoxys|Substitute
|-damage|p2a: Deoxys|22/100
|
|-heal|p2a: Deoxys|29/100|[from] item: Leftovers
|-heal|p1a: Kingambit|94/100|[from] item: Leftovers
|upkeep
|turn|10
|
|t:|1769395898
|move|p1a: Kingambit|Sucker Punch||[still]
|-fail|p1a: Kingambit
|move|p2a: Deoxys|Nasty Plot|p2a: Deoxys
|-boost|p2a: Deoxys|spa|2
|
|-heal|p2a: Deoxys|35/100|[from] item: Leftovers
|-heal|p1a: Kingambit|100/100|[from] item: Leftovers
|upkeep
|turn|11
|
|t:|1769395901
|move|p1a: Kingambit|Sucker Punch|p2a: Deoxys
|-supereffective|p2a: Deoxys
|-end|p2a: Deoxys|Substitute
|move|p2a: Deoxys|Focus Blast|p1a: Kingambit
|-supereffective|p1a: Kingambit
|-damage|p1a: Kingambit|0 fnt
|faint|p1a: Kingambit
|-end|p1a: Kingambit|fallen4|[silent]
|
|-heal|p2a: Deoxys|41/100|[from] item: Leftovers
|upkeep
|-message|Iznamakin forfeited.
|
|win|clodgod6
|raw|Iznamakin's rating: 1854 &rarr; <strong>1826</strong><br />(-28 for losing)
|raw|clodgod6's rating: 1715 &rarr; <strong>1743</strong><br />(+28 for winning)
|l|☆Iznamakin
|player|p1|
|l|☆clodgod6
|player|p2|
