|j|☆nimjaisugly
|j|☆InfinityPokeRang3r
|t:|1769308563
|gametype|singles
|player|p1|nimjaisugly|clavell-s|1419
|player|p2|InfinityPokeRang3r|ingo|1460
|gen|9
|tier|[Gen 9] OU
|rated|
|rule|HP Percentage Mod: HP is shown in percentages
|rule|Endless Battle Clause: Forcing endless battles is banned
|rule|Species Clause: Limit one of each Pokémon
|rule|OHKO Clause: OHKO moves are banned
|rule|Evasion Items Clause: Evasion items are banned
|rule|Evasion Moves Clause: Evasion moves are banned
|rule|Evasion Abilities Clause: Evasion abilities are banned
|rule|Sleep Moves Clause: Sleep-inducing moves are banned
|clearpoke
|poke|p1|Porygon-Z|
|poke|p1|Kingambit, M|
|poke|p1|Dragapult, F|
|poke|p1|Alomomola, M|
|poke|p1|Pecharunt|
|poke|p1|Iron Treads|
|poke|p2|Dragapult, M|
|poke|p2|Araquanid, F|
|poke|p2|Iron Valiant|
|poke|p2|Rotom-Heat|
|poke|p2|Iron Treads|
|poke|p2|Skarmory, M|
|teampreview
|inactive|Battle timer is ON: inactive players will automatically lose when time's up. (requested by nimjaisugly)
|
|t:|1769308580
|teamsize|p1|6
|teamsize|p2|6
|start
|switch|p1a: Pecharunt|Pecharunt|100/100
|switch|p2a: Rotom|Rotom-Heat|100/100
|turn|1
|
|t:|1769308585
|move|p2a: Rotom|Volt Switch|p1a: Pecharunt
|-damage|p1a: Pecharunt|55/100
|
|t:|1769308588
|switch|p2a: Iron Treads|Iron Treads|100/100|[from] Volt Switch
|move|p1a: Pecharunt|Malignant Chain|p2a: Iron Treads
|-immune|p2a: Iron Treads
|
|upkeep
|turn|2
|
|t:|1769308595
|move|p2a: Iron Treads|Earthquake|p1a: Pecharunt
|-supereffective|p1a: Pecharunt
|-damage|p1a: Pecharunt|10/100
|move|p1a: Pecharunt|Recover|p1a: Pecharunt
|-heal|p1a: Pecharunt|60/100
|
|upkeep
|turn|3
|
|t:|1769308600
|move|p2a: Iron Treads|Knock Off|p1a: Pecharunt
|-supereffective|p1a: Pecharunt
|-damage|p1a: Pecharunt|29/100
|-enditem|p1a: Pecharunt|Heavy-Duty Boots|[from] move: Knock Off|[of] p2a: Iron Treads
|move|p1a: Pecharunt|Recover|p1a: Pecharunt
|-heal|p1a: Pecharunt|79/100
|
|upkeep
|turn|4
|
|t:|1769308609
|move|p2a: Iron Treads|Earthquake|p1a: Pecharunt
|-supereffective|p1a: Pecharunt
|-damage|p1a: Pecharunt|31/100
|move|p1a: Pecharunt|Parting Shot|p2a: Iron Treads
|-unboost|p2a: Iron Treads|atk|1
|-unboost|p2a: Iron Treads|spa|1
|
|t:|1769308615
|switch|p1a: Iron Treads|Iron Treads|100/100|[from] Parting Shot
|
|upkeep
|turn|5
|
|t:|1769308624
|-end|p2a: Iron Treads|Quark Drive|[silent]
|switch|p2a: Skarmory|Skarmory, M|100/100
|move|p1a: Iron Treads|Knock Off|p2a: Skarmory
|-damage|p2a: Skarmory|83/100
|-damage|p1a: Iron Treads|84/100|[from] item: Rocky Helmet|[of] p2a: Skarmory
|-enditem|p2a: Skarmory|Rocky Helmet|[from] move: Knock Off|[of] p1a: Iron Treads
|
|-heal|p1a: Iron Treads|90/100|[from] item: Leftovers
|upkeep
|turn|6
|
|t:|1769308633
|move|p1a: Iron Treads|Stealth Rock|p2a: Skarmory
|-sidestart|p2: InfinityPokeRang3r|move: Stealth Rock
|move|p2a: Skarmory|Stealth Rock|p1a: Iron Treads
|-sidestart|p1: nimjaisugly|move: Stealth Rock
|
|-heal|p1a: Iron Treads|96/100|[from] item: Leftovers
|upkeep
|turn|7
|
|t:|1769308642
|-end|p1a: Iron Treads|Quark Drive|[silent]
|switch|p1a: Pecharunt|Pecharunt|31/100
|-damage|p1a: Pecharunt|18/100|[from] Stealth Rock
|move|p2a: Skarmory|Whirlwind|p1a: Pecharunt
|drag|p1a: Alomomola|Alomomola, M|100/100
|-damage|p1a: Alomomola|88/100|[from] Stealth Rock
|
|upkeep
|turn|8
|
|t:|1769308657
|switch|p2a: Araquanid|Araquanid, F, shiny|100/100
|-damage|p2a: Araquanid|75/100|[from] Stealth Rock
|move|p1a: Alomomola|Flip Turn|p2a: Araquanid
|-resisted|p2a: Araquanid
|-damage|p2a: Araquanid|66/100
|
|t:|1769308664
|switch|p1a: Dragapult|Dragapult, F|100/100|[from] Flip Turn
|
|upkeep
|turn|9
|
|t:|1769308671
|move|p1a: Dragapult|Dragon Darts|p2a: Araquanid
|-damage|p2a: Araquanid|44/100
|-anim|p1a: Dragapult|Dragon Darts|p2a: Araquanid
|-damage|p2a: Araquanid|23/100
|move|p2a: Araquanid|Sticky Web|p1a: Dragapult
|-sidestart|p1: nimjaisugly|move: Sticky Web
|
|upkeep
|turn|10
|
|t:|1769308677
|switch|p2a: Iron Treads|Iron Treads|100/100
|-damage|p2a: Iron Treads|97/100|[from] Stealth Rock
|move|p1a: Dragapult|Will-O-Wisp|p2a: Iron Treads
|-status|p2a: Iron Treads|brn
|
|-damage|p2a: Iron Treads|91/100 brn|[from] brn
|upkeep
|turn|11
|
|t:|1769308685
|move|p1a: Dragapult|Hex|p2a: Iron Treads
|-damage|p2a: Iron Treads|36/100 brn
|move|p2a: Iron Treads|Knock Off|p1a: Dragapult
|-supereffective|p1a: Dragapult
|-damage|p1a: Dragapult|53/100
|-enditem|p1a: Dragapult|Heavy-Duty Boots|[from] move: Knock Off|[of] p2a: Iron Treads
|
|-damage|p2a: Iron Treads|30/100 brn|[from] brn
|upkeep
|turn|12
|
|t:|1769308704
|move|p1a: Dragapult|Hex|p2a: Iron Treads
|-damage|p2a: Iron Treads|0 fnt
|faint|p2a: Iron Treads
|-end|p2a: Iron Treads|Quark Drive|[silent]
|
|upkeep
|inactive|InfinityPokeRang3r has 120 seconds left.
|
|t:|1769308725
|switch|p2a: Iron Valiant|Iron Valiant|100/100
|-damage|p2a: Iron Valiant|94/100|[from] Stealth Rock
|-enditem|p2a: Iron Valiant|Booster Energy
|-activate|p2a: Iron Valiant|ability: Quark Drive|[fromitem]
|-start|p2a: Iron Valiant|quarkdrivespe
|turn|13
|inactive|InfinityPokeRang3r has 120 seconds left.
|
|t:|1769308735
|switch|p1a: Pecharunt|Pecharunt|18/100
|-damage|p1a: Pecharunt|6/100|[from] Stealth Rock
|-activate|p1a: Pecharunt|move: Sticky Web
|-unboost|p1a: Pecharunt|spe|1
|move|p2a: Iron Valiant|Moonblast|p1a: Pecharunt
|-resisted|p1a: Pecharunt
|-damage|p1a: Pecharunt|0 fnt
|faint|p1a: Pecharunt
|
|upkeep
|
|t:|1769308737
|switch|p1a: Alomomola|Alomomola, M|100/100
|-damage|p1a: Alomomola|88/100|[from] Stealth Rock
|-activate|p1a: Alomomola|move: Sticky Web
|-unboost|p1a: Alomomola|spe|1
|turn|14
|inactive|InfinityPokeRang3r has 120 seconds left.
|
|t:|1769308754
|move|p2a: Iron Valiant|Close Combat|p1a: Alomomola
|-damage|p1a: Alomomola|54/100
|-unboost|p2a: Iron Valiant|def|1
|-unboost|p2a: Iron Valiant|spd|1
|move|p1a: Alomomola|Body Slam|p2a: Iron Valiant
|-damage|p2a: Iron Valiant|65/100
|
|upkeep
|turn|15
|
|t:|1769308763
|-end|p2a: Iron Valiant|Quark Drive|[silent]
|switch|p2a: Dragapult|Dragapult, M|100/100
|-damage|p2a: Dragapult|88/100|[from] Stealth Rock
|move|p1a: Alomomola|Flip Turn|p2a: Dragapult
|-resisted|p2a: Dragapult
|-damage|p2a: Dragapult|77/100
|
|t:|1769308766
|switch|p1a: Iron Treads|Iron Treads|96/100|[from] Flip Turn
|-damage|p1a: Iron Treads|93/100|[from] Stealth Rock
|-activate|p1a: Iron Treads|move: Sticky Web
|-unboost|p1a: Iron Treads|spe|1
|
|-heal|p2a: Dragapult|83/100|[from] item: Leftovers
|-heal|p1a: Iron Treads|99/100|[from] item: Leftovers
|upkeep
|turn|16
|
|t:|1769308775
|move|p2a: Dragapult|Substitute|p2a: Dragapult
|-start|p2a: Dragapult|Substitute
|-damage|p2a: Dragapult|58/100
|move|p1a: Iron Treads|Knock Off|p2a: Dragapult
|-supereffective|p2a: Dragapult
|-end|p2a: Dragapult|Substitute
|
|-heal|p2a: Dragapult|64/100|[from] item: Leftovers
|-heal|p1a: Iron Treads|100/100|[from] item: Leftovers
|upkeep
|turn|17
|
|t:|1769308795
|switch|p2a: Araquanid|Araquanid, F, shiny|23/100
|-damage|p2a: Araquanid|0 fnt|[from] Stealth Rock
|faint|p2a: Araquanid
|move|p1a: Iron Treads|Earthquake|p2: Araquanid|[notarget]
|-fail|p1a: Iron Treads
|
|upkeep
|
|t:|1769308804
|switch|p2a: Rotom|Rotom-Heat|100/100
|-damage|p2a: Rotom|76/100|[from] Stealth Rock
|turn|18
|
|t:|1769308808
|-end|p1a: Iron Treads|Quark Drive|[silent]
|switch|p1a: Alomomola|Alomomola, M|87/100
|-damage|p1a: Alomomola|75/100|[from] Stealth Rock
|-activate|p1a: Alomomola|move: Sticky Web
|-unboost|p1a: Alomomola|spe|1
|move|p2a: Rotom|Overheat|p1a: Alomomola
|-resisted|p1a: Alomomola
|-damage|p1a: Alomomola|50/100
|-unboost|p2a: Rotom|spa|2
|
|upkeep
|turn|19
|
|t:|1769308821
|switch|p2a: Iron Valiant|Iron Valiant|65/100
|-damage|p2a: Iron Valiant|59/100|[from] Stealth Rock
|move|p1a: Alomomola|Flip Turn|p2a: Iron Valiant
|-damage|p2a: Iron Valiant|38/100
|
|t:|1769308832
|switch|p1a: Iron Treads|Iron Treads|100/100|[from] Flip Turn
|-damage|p1a: Iron Treads|98/100|[from] Stealth Rock
|-activate|p1a: Iron Treads|move: Sticky Web
|-unboost|p1a: Iron Treads|spe|1
|
|-heal|p1a: Iron Treads|100/100|[from] item: Leftovers
|upkeep
|turn|20
|
|t:|1769308843
|-terastallize|p1a: Iron Treads|Ghost
|move|p2a: Iron Valiant|Close Combat|p1a: Iron Treads
|-immune|p1a: Iron Treads
|move|p1a: Iron Treads|Rapid Spin|p2a: Iron Valiant
|-damage|p2a: Iron Valiant|21/100
|-boost|p1a: Iron Treads|spe|1
|-sideend|p1: nimjaisugly|Stealth Rock|[from] move: Rapid Spin|[of] p1a: Iron Treads
|-sideend|p1: nimjaisugly|Sticky Web|[from] move: Rapid Spin|[of] p1a: Iron Treads
|
|upkeep
|turn|21
|
|t:|1769308855
|-terastallize|p2a: Iron Valiant|Ghost
|move|p2a: Iron Valiant|Encore|p1a: Iron Treads
|-start|p1a: Iron Treads|Encore
|move|p1a: Iron Treads|Rapid Spin|p2a: Iron Valiant
|-immune|p2a: Iron Valiant
|
|upkeep
|turn|22
|
|t:|1769308866
|-end|p1a: Iron Treads|Quark Drive|[silent]
|switch|p1a: Alomomola|Alomomola, M|83/100
|move|p2a: Iron Valiant|Shadow Ball|p1a: Alomomola
|-damage|p1a: Alomomola|62/100
|
|upkeep
|turn|23
|
|t:|1769308874
|move|p2a: Iron Valiant|Close Combat|p1a: Alomomola
|-damage|p1a: Alomomola|29/100
|-unboost|p2a: Iron Valiant|def|1
|-unboost|p2a: Iron Valiant|spd|1
|move|p1a: Alomomola|Flip Turn|p2a: Iron Valiant
|-crit|p2a: Iron Valiant
|-damage|p2a: Iron Valiant|0 fnt
|faint|p2a: Iron Valiant
|-end|p2a: Iron Valiant|Quark Drive|[silent]
|
|t:|1769308880
|switch|p1a: Porygon-Z|Porygon-Z|100/100|[from] Flip Turn
|
|upkeep
|
|t:|1769308885
|switch|p2a: Skarmory|Skarmory, M|83/100
|-damage|p2a: Skarmory|70/100|[from] Stealth Rock
|turn|24
|
|t:|1769308898
|switch|p2a: Dragapult|Dragapult, M|64/100
|-damage|p2a: Dragapult|52/100|[from] Stealth Rock
|move|p1a: Porygon-Z|Thunderbolt|p2a: Dragapult
|-resisted|p2a: Dragapult
|-damage|p2a: Dragapult|19/100
|
|-heal|p2a: Dragapult|25/100|[from] item: Leftovers
|upkeep
|turn|25
|
|t:|1769308911
|move|p2a: Dragapult|Dragon Darts|p1a: Porygon-Z
|-damage|p1a: Porygon-Z|64/100
|-anim|p2a: Dragapult|Dragon Darts|p1a: Porygon-Z
|-damage|p1a: Porygon-Z|30/100
|move|p1a: Porygon-Z|Thunderbolt|p2a: Dragapult
|-resisted|p2a: Dragapult
|-damage|p2a: Dragapult|0 fnt
|faint|p2a: Dragapult
|
|upkeep
|
|t:|1769308917
|switch|p2a: Rotom|Rotom-Heat|76/100
|-damage|p2a: Rotom|51/100|[from] Stealth Rock
|turn|26
|
|t:|1769308921
|switch|p1a: Iron Treads|Iron Treads, tera:Ghost|100/100
|move|p2a: Rotom|Volt Switch|p1a: Iron Treads
|-damage|p1a: Iron Treads|64/100
|
|t:|1769308926
|switch|p2a: Skarmory|Skarmory, M|70/100|[from] Volt Switch
|-damage|p2a: Skarmory|58/100|[from] Stealth Rock
|
|-heal|p1a: Iron Treads|70/100|[from] item: Leftovers
|upkeep
|turn|27
|
|t:|1769308930
|-end|p1a: Iron Treads|Quark Drive|[silent]
|switch|p1a: Alomomola|Alomomola, M|62/100
|move|p2a: Skarmory|Roost|p2a: Skarmory
|-heal|p2a: Skarmory|100/100
|-singleturn|p2a: Skarmory|move: Roost
|
|upkeep
|turn|28
|
|t:|1769308933
|move|p2a: Skarmory|Stealth Rock|p1a: Alomomola
|-sidestart|p1: nimjaisugly|move: Stealth Rock
|move|p1a: Alomomola|Scald|p2a: Skarmory
|-damage|p2a: Skarmory|86/100
|-status|p2a: Skarmory|brn
|
|-damage|p2a: Skarmory|80/100 brn|[from] brn
|upkeep
|turn|29
|-message|InfinityPokeRang3r forfeited.
|
|win|nimjaisugly
|raw|nimjaisugly's rating: 1419 &rarr; <strong>1441</strong><br />(+22 for winning)
|raw|InfinityPokeRang3r's rating: 1460 &rarr; <strong>1438</strong><br />(-22 for losing)
|l|☆InfinityPokeRang3r
|player|p2|
|l|☆nimjaisugly
|player|p1|
