|j|☆youseeme20226
|j|☆shrimpgoblin
|t:|1769419565
|gametype|singles
|player|p1|youseeme20226|266|1160
|player|p2|shrimpgoblin|pokemaniac|1116
|gen|9
|tier|[Gen 9] OU
|rated|
|rule|HP Percentage Mod: HP is shown in percentages
|rule|Endless Battle Clause: Forcing endless battles is banned
|rule|Species Clause: Limit one of each Pokémon
|rule|OHKO Clause: OHKO moves are banned
|rule|Evasion Items Clause: Evasion items are banned
|rule|Evasion Moves Clause: Evasion moves are banned
|rule|Evasion Abilities Clause: Evasion abilities are banned
|rule|Sleep Moves Clause: Sleep-inducing moves are banned
|clearpoke
|poke|p1|Dodrio, F|
|poke|p1|Latios, M|
|poke|p1|Glastrier|
|poke|p1|Honchkrow, F|
|poke|p1|Bastiodon, F|
|poke|p1|Victreebel, M|
|poke|p2|Dragonite, F|
|poke|p2|Lucario, M|
|poke|p2|Meowscarada, M|
|poke|p2|Houndoom, M|
|poke|p2|Araquanid, M|
|poke|p2|Dragapult, F|
|teampreview
|inactive|Battle timer is ON: inactive players will automatically lose when time's up. (requested by shrimpgoblin)
|
|t:|1769419576
|teamsize|p1|6
|teamsize|p2|6
|start
|switch|p1a: Dodrio|Dodrio, F|100/100
|switch|p2a: Araquanid|Araquanid, M|100/100
|turn|1
|
|t:|1769419581
|move|p1a: Dodrio|Drill Peck|p2a: Araquanid
|-supereffective|p2a: Araquanid
|-damage|p2a: Araquanid|23/100
|move|p2a: Araquanid|Sticky Web|p1a: Dodrio
|-sidestart|p1: youseeme20226|move: Sticky Web
|
|upkeep
|turn|2
|-enditem|p2a: Araquanid|Custap Berry|[eat]
|-activate|p2a: Araquanid|item: Custap Berry|[consumed]
|
|t:|1769419589
|move|p2a: Araquanid|Endeavor|p1a: Dodrio
|-damage|p1a: Dodrio|29/100
|move|p1a: Dodrio|Drill Peck|p2a: Araquanid
|-supereffective|p2a: Araquanid
|-damage|p2a: Araquanid|0 fnt
|faint|p2a: Araquanid
|
|upkeep
|
|t:|1769419597
|switch|p2a: Dragapult|Dragapult, F|100/100
|turn|3
|
|t:|1769419606
|move|p2a: Dragapult|Dragon Darts|p1a: Dodrio
|-damage|p1a: Dodrio|0 fnt
|faint|p1a: Dodrio
|
|upkeep
|
|t:|1769419619
|switch|p1a: Glastrier|Glastrier|100/100
|-activate|p1a: Glastrier|move: Sticky Web
|-unboost|p1a: Glastrier|spe|1
|turn|4
|
|t:|1769419625
|move|p2a: Dragapult|Dragon Darts|p1a: Glastrier
|-damage|p1a: Glastrier|80/100
|-anim|p2a: Dragapult|Dragon Darts|p1a: Glastrier
|-damage|p1a: Glastrier|59/100
|move|p1a: Glastrier|Avalanche|p2a: Dragapult
|-supereffective|p2a: Dragapult
|-damage|p2a: Dragapult|0 fnt
|faint|p2a: Dragapult
|-ability|p1a: Glastrier|Chilling Neigh|boost
|-boost|p1a: Glastrier|atk|1
|
|-heal|p1a: Glastrier|65/100|[from] item: Leftovers
|upkeep
|
|t:|1769419637
|switch|p2a: Houndoom|Houndoom, M|100/100
|turn|5
|
|t:|1769419650
|switch|p1a: Bastiodon|Bastiodon, F|100/100
|-activate|p1a: Bastiodon|move: Sticky Web
|-unboost|p1a: Bastiodon|spe|1
|move|p2a: Houndoom|Flamethrower|p1a: Bastiodon
|-damage|p1a: Bastiodon|66/100
|
|upkeep
|turn|6
|
|t:|1769419661
|move|p2a: Houndoom|Flamethrower|p1a: Bastiodon
|-damage|p1a: Bastiodon|34/100
|-status|p1a: Bastiodon|brn
|move|p1a: Bastiodon|Meteor Beam||[still]
|-prepare|p1a: Bastiodon|Meteor Beam
|-boost|p1a: Bastiodon|spa|1
|-enditem|p1a: Bastiodon|Power Herb
|-anim|p1a: Bastiodon|Meteor Beam|p2a: Houndoom
|-supereffective|p2a: Houndoom
|-crit|p2a: Houndoom
|-damage|p2a: Houndoom|0 fnt
|faint|p2a: Houndoom
|
|-damage|p1a: Bastiodon|28/100 brn|[from] brn
|upkeep
|
|t:|1769419668
|switch|p2a: Lucario|Lucario, M|100/100
|turn|7
|
|t:|1769419684
|move|p1a: Bastiodon|Endure|p1a: Bastiodon
|-singleturn|p1a: Bastiodon|move: Endure
|move|p2a: Lucario|Close Combat|p1a: Bastiodon
|-supereffective|p1a: Bastiodon
|-activate|p1a: Bastiodon|move: Endure
|-damage|p1a: Bastiodon|1/100 brn
|-unboost|p2a: Lucario|def|1
|-unboost|p2a: Lucario|spd|1
|-damage|p2a: Lucario|91/100|[from] item: Life Orb
|
|-damage|p1a: Bastiodon|0 fnt|[from] brn
|faint|p1a: Bastiodon
|upkeep
|
|t:|1769419703
|switch|p1a: Victreebel|Victreebel, M|100/100
|-activate|p1a: Victreebel|move: Sticky Web
|-unboost|p1a: Victreebel|spe|1
|turn|8
|inactive|youseeme20226 has 120 seconds left.
|
|t:|1769419720
|move|p2a: Lucario|Swords Dance|p2a: Lucario
|-boost|p2a: Lucario|atk|2
|move|p1a: Victreebel|Sunny Day|p1a: Victreebel
|-weather|SunnyDay
|
|-weather|SunnyDay|[upkeep]
|upkeep
|turn|9
|
|t:|1769419727
|move|p2a: Lucario|Extreme Speed|p1a: Victreebel
|-damage|p1a: Victreebel|0 fnt
|faint|p1a: Victreebel
|-damage|p2a: Lucario|81/100|[from] item: Life Orb
|
|-weather|SunnyDay|[upkeep]
|upkeep
|inactive|youseeme20226 has 120 seconds left.
|
|t:|1769419740
|switch|p1a: Latios|Latios, M|100/100
|turn|10
|
|t:|1769419750
|-terastallize|p2a: Lucario|Normal
|move|p2a: Lucario|Extreme Speed|p1a: Latios
|-damage|p1a: Latios|0 fnt
|faint|p1a: Latios
|-damage|p2a: Lucario|71/100|[from] item: Life Orb
|
|-weather|SunnyDay|[upkeep]
|upkeep
|
|t:|1769419759
|switch|p1a: Honchkrow|Honchkrow, F|100/100
|turn|11
|inactive|youseeme20226 has 120 seconds left.
|
|t:|1769419789
|move|p2a: Lucario|Close Combat|p1a: Honchkrow
|-enditem|p1a: Honchkrow|Focus Sash
|-damage|p1a: Honchkrow|1/100
|-unboost|p2a: Lucario|def|1
|-unboost|p2a: Lucario|spd|1
|-damage|p2a: Lucario|61/100|[from] item: Life Orb
|move|p1a: Honchkrow|Comeuppance|p2a: Lucario
|-damage|p2a: Lucario|0 fnt
|faint|p2a: Lucario
|-ability|p1a: Honchkrow|Moxie|boost
|-boost|p1a: Honchkrow|atk|1
|
|-weather|SunnyDay|[upkeep]
|upkeep
|
|t:|1769419795
|switch|p2a: Meowscarada|Meowscarada, M|100/100
|turn|12
|-message|shrimpgoblin forfeited.
|
|win|youseeme20226
|raw|youseeme20226's rating: 1160 &rarr; <strong>1182</strong><br />(+22 for winning)
|raw|shrimpgoblin's rating: 1116 &rarr; <strong>1094</strong><br />(-22 for losing)
|l|☆shrimpgoblin
|player|p2|
|l|☆youseeme20226
|player|p1|
