|j|☆bd00
|j|☆Greftiw
|t:|1769356311
|gametype|singles
|player|p1|bd00|aromalady|1295
|player|p2|Greftiw|170|1336
|gen|9
|tier|[Gen 9] OU
|rated|
|rule|HP Percentage Mod: HP is shown in percentages
|rule|Endless Battle Clause: Forcing endless battles is banned
|rule|Species Clause: Limit one of each Pokémon
|rule|OHKO Clause: OHKO moves are banned
|rule|Evasion Items Clause: Evasion items are banned
|rule|Evasion Moves Clause: Evasion moves are banned
|rule|Evasion Abilities Clause: Evasion abilities are banned
|rule|Sleep Moves Clause: Sleep-inducing moves are banned
|clearpoke
|poke|p1|Ninetales-Alola, F|
|poke|p1|Alcremie, F|
|poke|p1|Electrode-Hisui|
|poke|p1|Garchomp, F|
|poke|p1|Gholdengo|
|poke|p1|Tentacruel, F|
|poke|p2|Tyranitar, M|
|poke|p2|Excadrill, M|
|poke|p2|Iron Valiant|
|poke|p2|Zapdos|
|poke|p2|Ogerpon, F|
|poke|p2|Toxapex, M|
|teampreview
|inactive|Battle timer is ON: inactive players will automatically lose when time's up. (requested by Greftiw)
|
|t:|1769356333
|teamsize|p1|6
|teamsize|p2|6
|start
|switch|p1a: Garchomp|Garchomp, F|100/100
|switch|p2a: Tyranitar|Tyranitar, M, shiny|100/100
|-weather|Sandstorm|[from] ability: Sand Stream|[of] p2a: Tyranitar
|turn|1
|
|t:|1769356346
|switch|p2a: Ogerpon|Ogerpon, F|100/100
|move|p1a: Garchomp|Stealth Rock|p2a: Ogerpon
|-sidestart|p2: Greftiw|move: Stealth Rock
|
|-weather|Sandstorm|[upkeep]
|-damage|p2a: Ogerpon|95/100|[from] Sandstorm
|upkeep
|turn|2
|
|t:|1769356355
|move|p2a: Ogerpon|Ivy Cudgel|p1a: Garchomp
|-damage|p1a: Garchomp|52/100
|move|p1a: Garchomp|Spikes|p2a: Ogerpon
|-sidestart|p2: Greftiw|Spikes
|
|-weather|Sandstorm|[upkeep]
|-damage|p2a: Ogerpon|89/100|[from] Sandstorm
|upkeep
|turn|3
|
|t:|1769356363
|switch|p1a: Tentacruel|Tentacruel, F|100/100
|move|p2a: Ogerpon|Ivy Cudgel|p1a: Tentacruel
|-damage|p1a: Tentacruel|0 fnt
|faint|p1a: Tentacruel
|
|-weather|Sandstorm|[upkeep]
|-damage|p2a: Ogerpon|83/100|[from] Sandstorm
|upkeep
|
|t:|1769356373
|switch|p1a: Ninetales|Ninetales-Alola, F|100/100
|-weather|Snowscape|[from] ability: Snow Warning|[of] p1a: Ninetales
|turn|4
|
|t:|1769356400
|switch|p2a: Tyranitar|Tyranitar, M, shiny|100/100
|-damage|p2a: Tyranitar|88/100|[from] Stealth Rock
|-damage|p2a: Tyranitar|76/100|[from] Spikes
|-weather|Sandstorm|[from] ability: Sand Stream|[of] p2a: Tyranitar
|switch|p1a: Garchomp|Garchomp, F|52/100
|
|-weather|Sandstorm|[upkeep]
|upkeep
|turn|5
|
|t:|1769356412
|switch|p2a: Excadrill|Excadrill, M, shiny|100/100
|-damage|p2a: Excadrill|97/100|[from] Stealth Rock
|-damage|p2a: Excadrill|85/100|[from] Spikes
|move|p1a: Garchomp|Earthquake|p2a: Excadrill
|-supereffective|p2a: Excadrill
|-crit|p2a: Excadrill
|-damage|p2a: Excadrill|0 fnt
|faint|p2a: Excadrill
|
|-weather|Sandstorm|[upkeep]
|upkeep
|inactive|Greftiw has 120 seconds left.
|
|t:|1769356427
|switch|p2a: Iron Valiant|Iron Valiant, shiny|100/100
|-damage|p2a: Iron Valiant|94/100|[from] Stealth Rock
|-damage|p2a: Iron Valiant|82/100|[from] Spikes
|turn|6
|
|t:|1769356435
|switch|p1a: Gholdengo|Gholdengo|100/100
|-item|p1a: Gholdengo|Air Balloon
|move|p2a: Iron Valiant|Shadow Ball|p1a: Gholdengo
|-supereffective|p1a: Gholdengo
|-damage|p1a: Gholdengo|40/100
|-enditem|p1a: Gholdengo|Air Balloon
|
|-weather|Sandstorm|[upkeep]
|-damage|p2a: Iron Valiant|76/100|[from] Sandstorm
|upkeep
|turn|7
|
|t:|1769356452
|move|p2a: Iron Valiant|Shadow Ball|p1a: Gholdengo
|-supereffective|p1a: Gholdengo
|-damage|p1a: Gholdengo|0 fnt
|faint|p1a: Gholdengo
|
|-weather|Sandstorm|[upkeep]
|-damage|p2a: Iron Valiant|69/100|[from] Sandstorm
|upkeep
|
|t:|1769356456
|switch|p1a: Alcremie|Alcremie, F|100/100
|turn|8
|
|t:|1769356474
|-end|p2a: Iron Valiant|Quark Drive|[silent]
|switch|p2a: Toxapex|Toxapex, M, shiny|100/100
|-damage|p2a: Toxapex|88/100|[from] Stealth Rock
|-damage|p2a: Toxapex|76/100|[from] Spikes
|move|p1a: Alcremie|Calm Mind|p1a: Alcremie
|-boost|p1a: Alcremie|spa|1
|-boost|p1a: Alcremie|spd|1
|
|-weather|Sandstorm|[upkeep]
|-damage|p1a: Alcremie|95/100|[from] Sandstorm
|-damage|p2a: Toxapex|70/100|[from] Sandstorm
|-heal|p1a: Alcremie|100/100|[from] item: Leftovers
|upkeep
|turn|9
|
|t:|1769356487
|-terastallize|p1a: Alcremie|Poison
|move|p1a: Alcremie|Calm Mind|p1a: Alcremie
|-boost|p1a: Alcremie|spa|1
|-boost|p1a: Alcremie|spd|1
|move|p2a: Toxapex|Toxic|p1a: Alcremie
|-immune|p1a: Alcremie
|
|-weather|Sandstorm|[upkeep]
|-damage|p1a: Alcremie|95/100|[from] Sandstorm
|-damage|p2a: Toxapex|64/100|[from] Sandstorm
|-heal|p1a: Alcremie|100/100|[from] item: Leftovers
|upkeep
|turn|10
|
|t:|1769356497
|move|p1a: Alcremie|Acid Armor|p1a: Alcremie
|-boost|p1a: Alcremie|def|2
|move|p2a: Toxapex|Haze|p2a: Toxapex
|-clearallboost
|
|-weather|Sandstorm|[upkeep]
|-damage|p1a: Alcremie|95/100|[from] Sandstorm
|-damage|p2a: Toxapex|58/100|[from] Sandstorm
|-heal|p1a: Alcremie|100/100|[from] item: Leftovers
|upkeep
|turn|11
|
|t:|1769356506
|move|p1a: Alcremie|Calm Mind|p1a: Alcremie
|-boost|p1a: Alcremie|spa|1
|-boost|p1a: Alcremie|spd|1
|move|p2a: Toxapex|Recover|p2a: Toxapex
|-heal|p2a: Toxapex|100/100
|
|-weather|none
|upkeep
|turn|12
|
|t:|1769356514
|move|p1a: Alcremie|Stored Power|p2a: Toxapex
|-supereffective|p2a: Toxapex
|-damage|p2a: Toxapex|68/100
|-enditem|p2a: Toxapex|Eject Button
|
|t:|1769356530
|switch|p2a: Tyranitar|Tyranitar, M, shiny|76/100
|-damage|p2a: Tyranitar|64/100|[from] Stealth Rock
|-damage|p2a: Tyranitar|51/100|[from] Spikes
|-weather|Sandstorm|[from] ability: Sand Stream|[of] p2a: Tyranitar
|
|-weather|Sandstorm|[upkeep]
|-damage|p1a: Alcremie|95/100|[from] Sandstorm
|-heal|p1a: Alcremie|100/100|[from] item: Leftovers
|upkeep
|turn|13
|
|t:|1769356541
|move|p2a: Tyranitar|Knock Off|p1a: Alcremie
|-damage|p1a: Alcremie|53/100
|-enditem|p1a: Alcremie|Leftovers|[from] move: Knock Off|[of] p2a: Tyranitar
|move|p1a: Alcremie|Acid Armor|p1a: Alcremie
|-boost|p1a: Alcremie|def|2
|
|-weather|Sandstorm|[upkeep]
|-damage|p1a: Alcremie|47/100|[from] Sandstorm
|upkeep
|turn|14
|
|t:|1769356553
|switch|p2a: Toxapex|Toxapex, M, shiny|100/100
|-damage|p2a: Toxapex|88/100|[from] Stealth Rock
|-damage|p2a: Toxapex|76/100|[from] Spikes
|move|p1a: Alcremie|Draining Kiss|p2a: Toxapex
|-resisted|p2a: Toxapex
|-damage|p2a: Toxapex|66/100
|-heal|p1a: Alcremie|54/100|[from] drain|[of] p2a: Toxapex
|
|-weather|Sandstorm|[upkeep]
|-damage|p1a: Alcremie|48/100|[from] Sandstorm
|-damage|p2a: Toxapex|60/100|[from] Sandstorm
|upkeep
|turn|15
|
|t:|1769356565
|move|p1a: Alcremie|Stored Power|p2a: Toxapex
|-supereffective|p2a: Toxapex
|-damage|p2a: Toxapex|7/100
|move|p2a: Toxapex|Haze|p2a: Toxapex
|-clearallboost
|
|-weather|Sandstorm|[upkeep]
|-damage|p1a: Alcremie|42/100|[from] Sandstorm
|-damage|p2a: Toxapex|1/100|[from] Sandstorm
|upkeep
|turn|16
|
|t:|1769356576
|switch|p2a: Zapdos|Zapdos, shiny|100/100
|move|p1a: Alcremie|Stored Power|p2a: Zapdos
|-damage|p2a: Zapdos|94/100
|
|-weather|Sandstorm|[upkeep]
|-damage|p2a: Zapdos|88/100|[from] Sandstorm
|-damage|p1a: Alcremie|36/100|[from] Sandstorm
|upkeep
|turn|17
|
|t:|1769356584
|move|p2a: Zapdos|Hurricane|p1a: Alcremie
|-damage|p1a: Alcremie|0 fnt
|faint|p1a: Alcremie
|
|-weather|Sandstorm|[upkeep]
|-damage|p2a: Zapdos|82/100|[from] Sandstorm
|upkeep
|
|t:|1769356592
|switch|p1a: Ninetales|Ninetales-Alola, F|100/100
|-weather|Snowscape|[from] ability: Snow Warning|[of] p1a: Ninetales
|turn|18
|
|t:|1769356598
|switch|p2a: Tyranitar|Tyranitar, M, shiny|51/100
|-damage|p2a: Tyranitar|39/100|[from] Stealth Rock
|-damage|p2a: Tyranitar|27/100|[from] Spikes
|-weather|Sandstorm|[from] ability: Sand Stream|[of] p2a: Tyranitar
|move|p1a: Ninetales|Moonblast|p2a: Tyranitar
|-supereffective|p2a: Tyranitar
|-damage|p2a: Tyranitar|0 fnt
|faint|p2a: Tyranitar
|
|-weather|Sandstorm|[upkeep]
|-damage|p1a: Ninetales|94/100|[from] Sandstorm
|upkeep
|
|t:|1769356610
|switch|p2a: Toxapex|Toxapex, M, shiny|34/100
|-damage|p2a: Toxapex|22/100|[from] Stealth Rock
|-damage|p2a: Toxapex|10/100|[from] Spikes
|turn|19
|
|t:|1769356624
|move|p1a: Ninetales|Freeze-Dry|p2a: Toxapex
|-supereffective|p2a: Toxapex
|-damage|p2a: Toxapex|0 fnt
|faint|p2a: Toxapex
|
|-weather|Sandstorm|[upkeep]
|-damage|p1a: Ninetales|88/100|[from] Sandstorm
|upkeep
|inactive|Greftiw has 120 seconds left.
|
|t:|1769356652
|switch|p2a: Ogerpon|Ogerpon, F|83/100
|-damage|p2a: Ogerpon|70/100|[from] Stealth Rock
|-damage|p2a: Ogerpon|58/100|[from] Spikes
|turn|20
|inactive|Greftiw has 120 seconds left.
|
|t:|1769356659
|switch|p1a: Garchomp|Garchomp, F|52/100
|-terastallize|p2a: Ogerpon|Grass
|detailschange|p2a: Ogerpon|Ogerpon-Teal-Tera, F, tera:Grass
|-ability|p2a: Ogerpon|Embody Aspect (Teal)|boost
|-boost|p2a: Ogerpon|spe|1
|move|p2a: Ogerpon|Ivy Cudgel|p1a: Garchomp
|-damage|p1a: Garchomp|0 fnt
|faint|p1a: Garchomp
|
|-weather|Sandstorm|[upkeep]
|-damage|p2a: Ogerpon|52/100|[from] Sandstorm
|upkeep
|
|t:|1769356663
|switch|p1a: Ninetales|Ninetales-Alola, F|88/100
|-weather|Snowscape|[from] ability: Snow Warning|[of] p1a: Ninetales
|turn|21
|
|t:|1769356678
|move|p2a: Ogerpon|Ivy Cudgel|p1a: Ninetales
|-damage|p1a: Ninetales|0 fnt
|faint|p1a: Ninetales
|
|-weather|Snowscape|[upkeep]
|upkeep
|
|t:|1769356680
|switch|p1a: Electrode|Electrode-Hisui|100/100
|turn|22
|
|t:|1769356687
|switch|p2a: Zapdos|Zapdos, shiny|82/100
|move|p1a: Electrode|Foul Play|p2a: Zapdos
|-damage|p2a: Zapdos|58/100
|
|-weather|Snowscape|[upkeep]
|upkeep
|turn|23
|
|t:|1769356695
|move|p1a: Electrode|Volt Switch|p2a: Zapdos
|-damage|p2a: Zapdos|27/100
|move|p2a: Zapdos|Heat Wave|p1a: Electrode
|-supereffective|p1a: Electrode
|-damage|p1a: Electrode|0 fnt
|faint|p1a: Electrode
|
|win|Greftiw
|raw|bd00's rating: 1295 &rarr; <strong>1273</strong><br />(-22 for losing)
|raw|Greftiw's rating: 1336 &rarr; <strong>1354</strong><br />(+18 for winning)
|l|☆bd00
|player|p1|
|l|☆Greftiw
|player|p2|
