|j|☆firsttimebatttler
|j|☆JoseWolf22
|t:|1769348410
|gametype|singles
|player|p1|firsttimebatttler|265|1464
|player|p2|JoseWolf22|ghetsis|1509
|gen|9
|tier|[Gen 9] OU
|rated|
|rule|HP Percentage Mod: HP is shown in percentages
|rule|Endless Battle Clause: Forcing endless battles is banned
|rule|Species Clause: Limit one of each Pokémon
|rule|OHKO Clause: OHKO moves are banned
|rule|Evasion Items Clause: Evasion items are banned
|rule|Evasion Moves Clause: Evasion moves are banned
|rule|Evasion Abilities Clause: Evasion abilities are banned
|rule|Sleep Moves Clause: Sleep-inducing moves are banned
|clearpoke
|poke|p1|Tinkaton, F|
|poke|p1|Ogerpon, F|
|poke|p1|Great Tusk|
|poke|p1|Pecharunt|
|poke|p1|Alomomola, M|
|poke|p1|Hydreigon, M|
|poke|p2|Zamazenta-*|
|poke|p2|Ogerpon-Wellspring, F|
|poke|p2|Slowking-Galar, M|
|poke|p2|Great Tusk|
|poke|p2|Kingambit, M|
|poke|p2|Moltres|
|teampreview
|inactive|Battle timer is ON: inactive players will automatically lose when time's up. (requested by firsttimebatttler)
|
|t:|1769348435
|teamsize|p1|6
|teamsize|p2|6
|start
|switch|p1a: Anonymous|Ogerpon, F|100/100
|switch|p2a: Moltres|Moltres|100/100
|turn|1
|
|t:|1769348442
|move|p1a: Anonymous|Rock Tomb|p2a: Moltres
|-supereffective|p2a: Moltres
|-damage|p2a: Moltres|23/100
|-unboost|p2a: Moltres|spe|1
|move|p2a: Moltres|U-turn|p1a: Anonymous
|-supereffective|p1a: Anonymous
|-damage|p1a: Anonymous|63/100
|
|t:|1769348456
|switch|p2a: Zamazenta|Zamazenta|100/100|[from] U-turn
|-ability|p2a: Zamazenta|Dauntless Shield|boost
|-boost|p2a: Zamazenta|def|1
|
|upkeep
|turn|2
|
|t:|1769348464
|switch|p1a: Overseer|Pecharunt|100/100
|move|p2a: Zamazenta|Crunch|p1a: Overseer
|-supereffective|p1a: Overseer
|-damage|p1a: Overseer|76/100
|-damage|p2a: Zamazenta|84/100|[from] item: Rocky Helmet|[of] p1a: Overseer
|
|upkeep
|turn|3
|
|t:|1769348473
|switch|p2a: Kingambit|Kingambit, M|100/100
|move|p1a: Overseer|Parting Shot|p2a: Kingambit
|-unboost|p2a: Kingambit|atk|1
|-unboost|p2a: Kingambit|spa|1
|
|t:|1769348483
|switch|p1a: Behemoth|Great Tusk, shiny|100/100|[from] Parting Shot
|
|upkeep
|turn|4
|
|t:|1769348493
|-end|p2a: Kingambit|fallenundefined|[silent]
|switch|p2a: Great Tusk|Great Tusk|100/100
|move|p1a: Behemoth|Close Combat|p2a: Great Tusk
|-damage|p2a: Great Tusk|58/100
|-unboost|p1a: Behemoth|def|1
|-unboost|p1a: Behemoth|spd|1
|-damage|p1a: Behemoth|84/100|[from] item: Rocky Helmet|[of] p2a: Great Tusk
|
|upkeep
|turn|5
|
|t:|1769348504
|-end|p1a: Behemoth|Protosynthesis|[silent]
|switch|p1a: Smile.exe|Tinkaton, F, shiny|100/100
|-item|p1a: Smile.exe|Air Balloon
|move|p2a: Great Tusk|Stealth Rock|p1a: Smile.exe
|-sidestart|p1: firsttimebatttler|move: Stealth Rock
|
|upkeep
|turn|6
|
|t:|1769348528
|switch|p1a: Behemoth|Great Tusk, shiny|84/100
|move|p2a: Great Tusk|Rapid Spin|p1a: Behemoth
|-damage|p1a: Behemoth|71/100
|-boost|p2a: Great Tusk|spe|1
|
|upkeep
|turn|7
|
|t:|1769348536
|move|p2a: Great Tusk|Ice Spinner|p1a: Behemoth
|-supereffective|p1a: Behemoth
|-damage|p1a: Behemoth|30/100
|move|p1a: Behemoth|Rapid Spin|p2a: Great Tusk
|-damage|p2a: Great Tusk|44/100
|-boost|p1a: Behemoth|spe|1
|-damage|p1a: Behemoth|13/100|[from] item: Rocky Helmet|[of] p2a: Great Tusk
|-sideend|p1: firsttimebatttler|Stealth Rock|[from] move: Rapid Spin|[of] p1a: Behemoth
|
|upkeep
|turn|8
|
|t:|1769348554
|move|p2a: Great Tusk|Stealth Rock|p1a: Behemoth
|-sidestart|p1: firsttimebatttler|move: Stealth Rock
|move|p1a: Behemoth|Close Combat|p2a: Great Tusk
|-damage|p2a: Great Tusk|2/100
|-unboost|p1a: Behemoth|def|1
|-unboost|p1a: Behemoth|spd|1
|-damage|p1a: Behemoth|0 fnt|[from] item: Rocky Helmet|[of] p2a: Great Tusk
|faint|p1a: Behemoth
|-end|p1a: Behemoth|Protosynthesis|[silent]
|
|upkeep
|inactive|firsttimebatttler has 120 seconds left.
|
|t:|1769348579
|switch|p1a: Smile.exe|Tinkaton, F, shiny|100/100
|-damage|p1a: Smile.exe|94/100|[from] Stealth Rock
|-item|p1a: Smile.exe|Air Balloon
|turn|9
|
|t:|1769348585
|move|p2a: Great Tusk|Ice Spinner|p1a: Smile.exe
|-resisted|p1a: Smile.exe
|-damage|p1a: Smile.exe|77/100
|-enditem|p1a: Smile.exe|Air Balloon
|-enditem|p2a: Great Tusk|Rocky Helmet|[silent]|[from] ability: Pickpocket|[of] p2a: Great Tusk
|-item|p1a: Smile.exe|Rocky Helmet|[from] ability: Pickpocket|[of] p2a: Great Tusk
|move|p1a: Smile.exe|Stealth Rock|p2a: Great Tusk
|-sidestart|p2: JoseWolf22|move: Stealth Rock
|
|upkeep
|turn|10
|
|t:|1769348596
|switch|p1a: Pisces|Alomomola, M, shiny|100/100
|-damage|p1a: Pisces|88/100|[from] Stealth Rock
|move|p2a: Great Tusk|Headlong Rush|p1a: Pisces
|-damage|p1a: Pisces|42/100
|-unboost|p2a: Great Tusk|def|1
|-unboost|p2a: Great Tusk|spd|1
|
|upkeep
|turn|11
|
|t:|1769348605
|move|p1a: Pisces|Aqua Jet|p2a: Great Tusk
|-supereffective|p2a: Great Tusk
|-damage|p2a: Great Tusk|0 fnt
|faint|p2a: Great Tusk
|-end|p2a: Great Tusk|Protosynthesis|[silent]
|
|upkeep
|
|t:|1769348615
|switch|p2a: Ogerpon|Ogerpon-Wellspring, F|100/100
|-damage|p2a: Ogerpon|88/100|[from] Stealth Rock
|turn|12
|
|t:|1769348625
|switch|p1a: Smile.exe|Tinkaton, F, shiny|77/100
|-damage|p1a: Smile.exe|71/100|[from] Stealth Rock
|move|p2a: Ogerpon|Knock Off|p1a: Smile.exe
|-resisted|p1a: Smile.exe
|-damage|p1a: Smile.exe|46/100
|-damage|p2a: Ogerpon|72/100|[from] item: Rocky Helmet|[of] p1a: Smile.exe
|-enditem|p1a: Smile.exe|Rocky Helmet|[from] move: Knock Off|[of] p2a: Ogerpon
|
|upkeep
|turn|13
|
|t:|1769348637
|move|p2a: Ogerpon|Ivy Cudgel|p1a: Smile.exe|[anim] Ivy Cudgel Water
|-crit|p1a: Smile.exe
|-damage|p1a: Smile.exe|0 fnt
|faint|p1a: Smile.exe
|
|upkeep
|
|t:|1769348643
|switch|p1a: Anonymous|Ogerpon, F|63/100
|-damage|p1a: Anonymous|50/100|[from] Stealth Rock
|turn|14
|
|t:|1769348650
|-terastallize|p1a: Anonymous|Grass
|detailschange|p1a: Anonymous|Ogerpon-Teal-Tera, F, tera:Grass
|-ability|p1a: Anonymous|Embody Aspect (Teal)|boost
|-boost|p1a: Anonymous|spe|1
|move|p1a: Anonymous|U-turn|p2a: Ogerpon
|-supereffective|p2a: Ogerpon
|-damage|p2a: Ogerpon|0 fnt
|faint|p2a: Ogerpon
|
|t:|1769348663
|switch|p1a: Hybrid|Hydreigon, M, shiny|100/100|[from] U-turn
|-damage|p1a: Hybrid|88/100|[from] Stealth Rock
|
|upkeep
|
|t:|1769348672
|switch|p2a: Slowking|Slowking-Galar, M|100/100
|-damage|p2a: Slowking|88/100|[from] Stealth Rock
|turn|15
|
|t:|1769348680
|-terastallize|p2a: Slowking|Fairy
|move|p1a: Hybrid|Dark Pulse|p2a: Slowking
|-resisted|p2a: Slowking
|-crit|p2a: Slowking
|-damage|p2a: Slowking|66/100
|cant|p2a: Slowking|flinch
|
|upkeep
|turn|16
|
|t:|1769348689
|switch|p1a: Pisces|Alomomola, M, shiny|75/100
|-damage|p1a: Pisces|63/100|[from] Stealth Rock
|move|p2a: Slowking|Ice Beam|p1a: Pisces
|-resisted|p1a: Pisces
|-damage|p1a: Pisces|55/100
|
|upkeep
|turn|17
|
|t:|1769348702
|move|p1a: Pisces|Flip Turn|p2a: Slowking
|-damage|p2a: Slowking|48/100
|
|t:|1769348705
|switch|p1a: Overseer|Pecharunt|76/100|[from] Flip Turn
|-damage|p1a: Overseer|64/100|[from] Stealth Rock
|move|p2a: Slowking|Psychic Noise|p1a: Overseer
|-supereffective|p1a: Overseer
|-damage|p1a: Overseer|0 fnt
|faint|p1a: Overseer
|
|upkeep
|
|t:|1769348718
|switch|p1a: Anonymous|Ogerpon-Teal-Tera, F, tera:Grass|50/100
|-damage|p1a: Anonymous|38/100|[from] Stealth Rock
|-ability|p1a: Anonymous|Embody Aspect (Teal)|boost
|-boost|p1a: Anonymous|spe|1
|turn|18
|
|t:|1769348725
|switch|p2a: Moltres|Moltres|23/100
|move|p1a: Anonymous|Ivy Cudgel|p2a: Moltres
|-resisted|p2a: Moltres
|-damage|p2a: Moltres|7/100
|
|upkeep
|turn|19
|
|t:|1769348733
|move|p1a: Anonymous|Ivy Cudgel|p2a: Moltres
|-resisted|p2a: Moltres
|-damage|p2a: Moltres|0 fnt
|faint|p2a: Moltres
|
|upkeep
|
|t:|1769348743
|switch|p2a: Zamazenta|Zamazenta|84/100
|turn|20
|
|t:|1769348771
|switch|p1a: Pisces|Alomomola, M, shiny|89/100
|-damage|p1a: Pisces|76/100|[from] Stealth Rock
|move|p2a: Zamazenta|Close Combat|p1a: Pisces
|-damage|p1a: Pisces|30/100
|-unboost|p2a: Zamazenta|def|1
|-unboost|p2a: Zamazenta|spd|1
|
|upkeep
|turn|21
|
|t:|1769348780
|move|p1a: Pisces|Aqua Jet|p2a: Zamazenta
|-damage|p2a: Zamazenta|68/100
|move|p2a: Zamazenta|Close Combat|p1a: Pisces
|-damage|p1a: Pisces|0 fnt
|-unboost|p2a: Zamazenta|def|1
|-unboost|p2a: Zamazenta|spd|1
|faint|p1a: Pisces
|
|upkeep
|
|t:|1769348783
|switch|p1a: Anonymous|Ogerpon-Teal-Tera, F, tera:Grass|38/100
|-damage|p1a: Anonymous|26/100|[from] Stealth Rock
|-ability|p1a: Anonymous|Embody Aspect (Teal)|boost
|-boost|p1a: Anonymous|spe|1
|turn|22
|
|t:|1769348808
|switch|p2a: Kingambit|Kingambit, M|100/100
|-damage|p2a: Kingambit|94/100|[from] Stealth Rock
|-activate|p2a: Kingambit|ability: Supreme Overlord
|-start|p2a: Kingambit|fallen3|[silent]
|move|p1a: Anonymous|Ivy Cudgel|p2a: Kingambit
|-resisted|p2a: Kingambit
|-damage|p2a: Kingambit|59/100
|
|-heal|p2a: Kingambit|65/100|[from] item: Leftovers
|upkeep
|turn|23
|inactive|JoseWolf22 has 120 seconds left.
|
|t:|1769348832
|switch|p1a: Hybrid|Hydreigon, M, shiny|88/100
|-damage|p1a: Hybrid|76/100|[from] Stealth Rock
|move|p2a: Kingambit|Iron Head|p1a: Hybrid
|-damage|p1a: Hybrid|19/100
|
|-heal|p2a: Kingambit|72/100|[from] item: Leftovers
|upkeep
|turn|24
|
|t:|1769348841
|move|p2a: Kingambit|Sucker Punch|p1a: Hybrid
|-resisted|p1a: Hybrid
|-damage|p1a: Hybrid|0 fnt
|faint|p1a: Hybrid
|
|-heal|p2a: Kingambit|78/100|[from] item: Leftovers
|upkeep
|-message|firsttimebatttler forfeited.
|
|win|JoseWolf22
|raw|firsttimebatttler's rating: 1464 &rarr; <strong>1447</strong><br />(-17 for losing)
|raw|JoseWolf22's rating: 1509 &rarr; <strong>1526</strong><br />(+17 for winning)
|l|☆firsttimebatttler
|player|p1|
