|j|☆Test218
|j|☆IVN CRDZ
|t:|1769427712
|gametype|singles
|player|p1|Test218|riley|1711
|player|p2|IVN CRDZ|lass-gen4|1654
|gen|9
|tier|[Gen 9] OU
|rated|
|rule|HP Percentage Mod: HP is shown in percentages
|rule|Endless Battle Clause: Forcing endless battles is banned
|rule|Species Clause: Limit one of each Pokémon
|rule|OHKO Clause: OHKO moves are banned
|rule|Evasion Items Clause: Evasion items are banned
|rule|Evasion Moves Clause: Evasion moves are banned
|rule|Evasion Abilities Clause: Evasion abilities are banned
|rule|Sleep Moves Clause: Sleep-inducing moves are banned
|clearpoke
|poke|p1|Iron Treads|
|poke|p1|Weavile, F|
|poke|p1|Polteageist-Antique|
|poke|p1|Iron Moth|
|poke|p1|Azumarill, F|
|poke|p1|Serperior, M|
|poke|p2|Pincurchin, M|
|poke|p2|Iron Valiant|
|poke|p2|Raging Bolt|
|poke|p2|Iron Treads|
|poke|p2|Hawlucha, M|
|poke|p2|Pecharunt|
|teampreview
|inactive|Battle timer is ON: inactive players will automatically lose when time's up. (requested by Test218)
|
|t:|1769427739
|teamsize|p1|6
|teamsize|p2|6
|start
|switch|p1a: Iron Treads|Iron Treads|100/100
|switch|p2a: Iron Treads|Iron Treads|100/100
|-item|p2a: Iron Treads|Air Balloon
|-enditem|p1a: Iron Treads|Booster Energy
|-activate|p1a: Iron Treads|ability: Quark Drive|[fromitem]
|-start|p1a: Iron Treads|quarkdrivespe
|turn|1
|
|t:|1769427755
|move|p1a: Iron Treads|Stealth Rock|p2a: Iron Treads
|-sidestart|p2: IVN CRDZ|move: Stealth Rock
|move|p2a: Iron Treads|Earthquake|p1a: Iron Treads
|-supereffective|p1a: Iron Treads
|-damage|p1a: Iron Treads|12/100
|
|upkeep
|turn|2
|
|t:|1769427761
|move|p1a: Iron Treads|Rapid Spin|p2a: Iron Treads
|-resisted|p2a: Iron Treads
|-damage|p2a: Iron Treads|96/100
|-boost|p1a: Iron Treads|spe|1
|-enditem|p2a: Iron Treads|Air Balloon
|move|p2a: Iron Treads|Stealth Rock|p1a: Iron Treads
|-sidestart|p1: Test218|move: Stealth Rock
|
|upkeep
|turn|3
|
|t:|1769427769
|move|p1a: Iron Treads|Rapid Spin|p2a: Iron Treads
|-resisted|p2a: Iron Treads
|-damage|p2a: Iron Treads|91/100
|-boost|p1a: Iron Treads|spe|1
|-sideend|p1: Test218|Stealth Rock|[from] move: Rapid Spin|[of] p1a: Iron Treads
|move|p2a: Iron Treads|Rapid Spin|p1a: Iron Treads
|-resisted|p1a: Iron Treads
|-damage|p1a: Iron Treads|4/100
|-boost|p2a: Iron Treads|spe|1
|-sideend|p2: IVN CRDZ|Stealth Rock|[from] move: Rapid Spin|[of] p2a: Iron Treads
|
|upkeep
|turn|4
|
|t:|1769427776
|move|p1a: Iron Treads|Stealth Rock|p2a: Iron Treads
|-sidestart|p2: IVN CRDZ|move: Stealth Rock
|move|p2a: Iron Treads|Rapid Spin|p1a: Iron Treads
|-resisted|p1a: Iron Treads
|-damage|p1a: Iron Treads|0 fnt
|-boost|p2a: Iron Treads|spe|1
|-sideend|p2: IVN CRDZ|Stealth Rock|[from] move: Rapid Spin|[of] p2a: Iron Treads
|faint|p1a: Iron Treads
|-end|p1a: Iron Treads|Quark Drive|[silent]
|
|upkeep
|
|t:|1769427786
|switch|p1a: Serperior|Serperior, M|100/100
|turn|5
|
|t:|1769427795
|move|p2a: Iron Treads|Stealth Rock|p1a: Serperior
|-sidestart|p1: Test218|move: Stealth Rock
|move|p1a: Serperior|Glare|p2a: Iron Treads
|-status|p2a: Iron Treads|par
|
|upkeep
|turn|6
|
|t:|1769427797
|move|p1a: Serperior|Leaf Storm|p2a: Iron Treads
|-damage|p2a: Iron Treads|26/100 par
|-boost|p1a: Serperior|spa|2
|move|p2a: Iron Treads|Ice Spinner|p1a: Serperior
|-supereffective|p1a: Serperior
|-damage|p1a: Serperior|42/100
|
|-heal|p1a: Serperior|48/100|[from] item: Leftovers
|upkeep
|turn|7
|
|t:|1769427802
|move|p1a: Serperior|Synthesis|p1a: Serperior
|-heal|p1a: Serperior|98/100
|move|p2a: Iron Treads|Ice Spinner|p1a: Serperior
|-supereffective|p1a: Serperior
|-damage|p1a: Serperior|33/100
|
|-heal|p1a: Serperior|40/100|[from] item: Leftovers
|upkeep
|turn|8
|j| Fifo drummer
|
|t:|1769427823
|-end|p2a: Iron Treads|Quark Drive|[silent]
|switch|p2a: Raging Bolt|Raging Bolt|100/100
|move|p1a: Serperior|Synthesis|p1a: Serperior
|-heal|p1a: Serperior|90/100
|
|-heal|p1a: Serperior|96/100|[from] item: Leftovers
|upkeep
|turn|9
|
|t:|1769427833
|move|p1a: Serperior|Leaf Storm|p2a: Raging Bolt|[miss]
|-miss|p1a: Serperior|p2a: Raging Bolt
|move|p2a: Raging Bolt|Draco Meteor|p1a: Serperior
|-damage|p1a: Serperior|0 fnt
|-unboost|p2a: Raging Bolt|spa|2
|faint|p1a: Serperior
|
|upkeep
|
|t:|1769427841
|switch|p1a: Iron Moth|Iron Moth|100/100
|-damage|p1a: Iron Moth|76/100|[from] Stealth Rock
|-enditem|p1a: Iron Moth|Booster Energy
|-activate|p1a: Iron Moth|ability: Quark Drive|[fromitem]
|-start|p1a: Iron Moth|quarkdrivespa
|turn|10
|
|t:|1769427845
|move|p1a: Iron Moth|Substitute|p1a: Iron Moth
|-start|p1a: Iron Moth|Substitute
|-damage|p1a: Iron Moth|51/100
|move|p2a: Raging Bolt|Volt Switch|p1a: Iron Moth
|-activate|p1a: Iron Moth|move: Substitute|[damage]
|
|t:|1769427852
|-end|p2a: Raging Bolt|Protosynthesis|[silent]
|switch|p2a: Pincurchin|Pincurchin, M, shiny|100/100|[from] Volt Switch
|-fieldstart|move: Electric Terrain|[from] ability: Electric Surge|[of] p2a: Pincurchin
|
|upkeep
|turn|11
|
|t:|1769427856
|move|p1a: Iron Moth|Fiery Dance|p2a: Pincurchin
|-damage|p2a: Pincurchin|52/100
|move|p2a: Pincurchin|Discharge|p1a: Iron Moth
|-end|p1a: Iron Moth|Substitute
|
|upkeep
|turn|12
|
|t:|1769427864
|move|p1a: Iron Moth|Substitute|p1a: Iron Moth
|-start|p1a: Iron Moth|Substitute
|-damage|p1a: Iron Moth|26/100
|move|p2a: Pincurchin|Spikes|p1a: Iron Moth
|-sidestart|p1: Test218|Spikes
|
|upkeep
|turn|13
|
|t:|1769427867
|move|p1a: Iron Moth|Sludge Wave|p2a: Pincurchin
|-damage|p2a: Pincurchin|0 fnt
|faint|p2a: Pincurchin
|
|upkeep
|
|t:|1769427871
|switch|p2a: Raging Bolt|Raging Bolt|100/100
|turn|14
|
|t:|1769427877
|move|p1a: Iron Moth|Sludge Wave|p2a: Raging Bolt
|-damage|p2a: Raging Bolt|53/100
|move|p2a: Raging Bolt|Volt Switch|p1a: Iron Moth
|-end|p1a: Iron Moth|Substitute
|
|t:|1769427883
|-end|p2a: Raging Bolt|Protosynthesis|[silent]
|switch|p2a: Iron Valiant|Iron Valiant|100/100|[from] Volt Switch
|-activate|p2a: Iron Valiant|ability: Quark Drive
|-start|p2a: Iron Valiant|quarkdrivespe
|
|upkeep
|turn|15
|
|t:|1769427891
|move|p2a: Iron Valiant|Knock Off|p1a: Iron Moth
|-damage|p1a: Iron Moth|0 fnt
|faint|p1a: Iron Moth
|-end|p1a: Iron Moth|Quark Drive|[silent]
|-damage|p2a: Iron Valiant|91/100|[from] item: Life Orb
|
|upkeep
|
|t:|1769427894
|switch|p1a: Azumarill|Azumarill, F, shiny|100/100
|-damage|p1a: Azumarill|88/100|[from] Stealth Rock
|-damage|p1a: Azumarill|76/100|[from] Spikes
|turn|16
|
|t:|1769427903
|-terastallize|p2a: Iron Valiant|Fairy
|move|p2a: Iron Valiant|Moonblast|p1a: Azumarill
|-damage|p1a: Azumarill|0 fnt
|faint|p1a: Azumarill
|-damage|p2a: Iron Valiant|81/100|[from] item: Life Orb
|
|upkeep
|
|t:|1769427909
|switch|p1a: Polteageist|Polteageist-Antique, shiny|100/100
|-damage|p1a: Polteageist|88/100|[from] Stealth Rock
|-damage|p1a: Polteageist|76/100|[from] Spikes
|turn|17
|
|t:|1769427919
|-terastallize|p1a: Polteageist|Fighting
|move|p2a: Iron Valiant|Moonblast|p1a: Polteageist
|-supereffective|p1a: Polteageist
|-damage|p1a: Polteageist|0 fnt
|faint|p1a: Polteageist
|-damage|p2a: Iron Valiant|71/100|[from] item: Life Orb
|
|-fieldend|move: Electric Terrain
|-end|p2a: Iron Valiant|Quark Drive
|upkeep
|
|t:|1769427923
|switch|p1a: Weavile|Weavile, F, shiny|100/100
|-damage|p1a: Weavile|76/100|[from] Stealth Rock
|-damage|p1a: Weavile|63/100|[from] Spikes
|turn|18
|
|t:|1769427926
|move|p1a: Weavile|Ice Shard|p2a: Iron Valiant
|-damage|p2a: Iron Valiant|38/100
|-damage|p1a: Weavile|53/100|[from] item: Life Orb
|move|p2a: Iron Valiant|Moonblast|p1a: Weavile
|-supereffective|p1a: Weavile
|-damage|p1a: Weavile|0 fnt
|faint|p1a: Weavile
|-damage|p2a: Iron Valiant|28/100|[from] item: Life Orb
|
|win|IVN CRDZ
|raw|Test218's rating: 1711 &rarr; <strong>1688</strong><br />(-23 for losing)
|raw|IVN CRDZ's rating: 1654 &rarr; <strong>1677</strong><br />(+23 for winning)
|l|☆Test218
|player|p1|
|l|☆IVN CRDZ
|player|p2|
