|j|☆Raiz mortal
|j|☆dylanhmp
|t:|1769317717
|gametype|singles
|player|p1|Raiz mortal|169|1306
|player|p2|dylanhmp|2|1311
|gen|9
|tier|[Gen 9] OU
|rated|
|rule|HP Percentage Mod: HP is shown in percentages
|rule|Endless Battle Clause: Forcing endless battles is banned
|rule|Species Clause: Limit one of each Pokémon
|rule|OHKO Clause: OHKO moves are banned
|rule|Evasion Items Clause: Evasion items are banned
|rule|Evasion Moves Clause: Evasion moves are banned
|rule|Evasion Abilities Clause: Evasion abilities are banned
|rule|Sleep Moves Clause: Sleep-inducing moves are banned
|clearpoke
|poke|p1|Gliscor, M|
|poke|p1|Darkrai|
|poke|p1|Skarmory, F|
|poke|p1|Trevenant, F|
|poke|p1|Toxapex, F|
|poke|p1|Latias, F|
|poke|p2|Hatterene, F|
|poke|p2|Tyranitar, F|
|poke|p2|Moltres|
|poke|p2|Zamazenta-*|
|poke|p2|Slowking-Galar, M|
|poke|p2|Excadrill, F|
|teampreview
|inactive|Battle timer is ON: inactive players will automatically lose when time's up. (requested by dylanhmp)
|
|t:|1769317721
|teamsize|p1|6
|teamsize|p2|6
|start
|switch|p1a: Skarmory|Skarmory, F|100/100
|switch|p2a: Zamazenta|Zamazenta|100/100
|-ability|p2a: Zamazenta|Dauntless Shield|boost
|-boost|p2a: Zamazenta|def|1
|turn|1
|
|t:|1769317730
|switch|p2a: Hatterene|Hatterene, F|100/100
|move|p1a: Skarmory|Stealth Rock|p2a: Hatterene
|move|p2a: Hatterene|Stealth Rock|p1a: Skarmory|[from] ability: Magic Bounce
|-sidestart|p1: Raiz mortal|move: Stealth Rock
|
|upkeep
|turn|2
|
|t:|1769317743
|switch|p1a: Darkrai|Darkrai|100/100
|-damage|p1a: Darkrai|88/100|[from] Stealth Rock
|move|p2a: Hatterene|Calm Mind|p2a: Hatterene
|-boost|p2a: Hatterene|spa|1
|-boost|p2a: Hatterene|spd|1
|
|upkeep
|turn|3
|
|t:|1769317753
|move|p1a: Darkrai|Trick|p2a: Hatterene
|-activate|p1a: Darkrai|move: Trick|[of] p2a: Hatterene
|-item|p2a: Hatterene|Choice Specs|[from] move: Trick
|-item|p1a: Darkrai|Leftovers|[from] move: Trick
|move|p2a: Hatterene|Draining Kiss|p1a: Darkrai
|-supereffective|p1a: Darkrai
|-damage|p1a: Darkrai|0 fnt
|faint|p1a: Darkrai
|
|upkeep
|
|t:|1769317770
|switch|p1a: Gliscor|Gliscor, M|100/100
|-damage|p1a: Gliscor|88/100|[from] Stealth Rock
|turn|4
|
|t:|1769317774
|move|p1a: Gliscor|Stealth Rock|p2a: Hatterene
|move|p2a: Hatterene|Stealth Rock||[from] ability: Magic Bounce|[still]
|-fail|p2a: Hatterene
|move|p2a: Hatterene|Draining Kiss|p1a: Gliscor
|-damage|p1a: Gliscor|44/100
|
|-status|p1a: Gliscor|tox|[from] item: Toxic Orb
|upkeep
|turn|5
|c|☆dylanhmp|XD
|
|t:|1769317786
|move|p1a: Gliscor|Protect|p1a: Gliscor
|-singleturn|p1a: Gliscor|Protect
|move|p2a: Hatterene|Draining Kiss|p1a: Gliscor
|-activate|p1a: Gliscor|move: Protect
|
|-heal|p1a: Gliscor|56/100 tox|[from] ability: Poison Heal
|upkeep
|turn|6
|
|t:|1769317799
|switch|p1a: Skarmory|Skarmory, F|100/100
|-damage|p1a: Skarmory|88/100|[from] Stealth Rock
|move|p2a: Hatterene|Draining Kiss|p1a: Skarmory
|-resisted|p1a: Skarmory
|-damage|p1a: Skarmory|59/100
|
|-heal|p1a: Skarmory|65/100|[from] item: Leftovers
|upkeep
|turn|7
|c|☆dylanhmp|900 atk special
|c|☆dylanhmp|I don't need anithing
|
|t:|1769317814
|move|p1a: Skarmory|Stealth Rock|p2a: Hatterene
|move|p2a: Hatterene|Stealth Rock||[from] ability: Magic Bounce|[still]
|-fail|p2a: Hatterene
|move|p2a: Hatterene|Draining Kiss|p1a: Skarmory
|-resisted|p1a: Skarmory
|-damage|p1a: Skarmory|35/100
|
|-heal|p1a: Skarmory|41/100|[from] item: Leftovers
|upkeep
|turn|8
|c|☆dylanhmp|GL
|c|☆dylanhmp|:3
|
|t:|1769317831
|move|p1a: Skarmory|Roost|p1a: Skarmory
|-heal|p1a: Skarmory|91/100
|-singleturn|p1a: Skarmory|move: Roost
|move|p2a: Hatterene|Draining Kiss|p1a: Skarmory
|-resisted|p1a: Skarmory
|-damage|p1a: Skarmory|60/100
|
|-heal|p1a: Skarmory|66/100|[from] item: Leftovers
|upkeep
|turn|9
|
|t:|1769317843
|move|p1a: Skarmory|Stealth Rock|p2a: Hatterene
|move|p2a: Hatterene|Stealth Rock||[from] ability: Magic Bounce|[still]
|-fail|p2a: Hatterene
|move|p2a: Hatterene|Draining Kiss|p1a: Skarmory
|-resisted|p1a: Skarmory
|-damage|p1a: Skarmory|38/100
|
|-heal|p1a: Skarmory|44/100|[from] item: Leftovers
|upkeep
|turn|10
|c|☆dylanhmp|Bro xD?
|
|t:|1769317854
|move|p1a: Skarmory|Roost|p1a: Skarmory
|-heal|p1a: Skarmory|94/100
|-singleturn|p1a: Skarmory|move: Roost
|move|p2a: Hatterene|Draining Kiss|p1a: Skarmory
|-resisted|p1a: Skarmory
|-damage|p1a: Skarmory|68/100
|
|-heal|p1a: Skarmory|74/100|[from] item: Leftovers
|upkeep
|turn|11
|inactive|Raiz mortal has 120 seconds left.
|
|t:|1769317879
|move|p1a: Skarmory|Stealth Rock|p2a: Hatterene
|move|p2a: Hatterene|Stealth Rock||[from] ability: Magic Bounce|[still]
|-fail|p2a: Hatterene
|move|p2a: Hatterene|Draining Kiss|p1a: Skarmory
|-resisted|p1a: Skarmory
|-damage|p1a: Skarmory|45/100
|
|-heal|p1a: Skarmory|51/100|[from] item: Leftovers
|upkeep
|turn|12
|inactive|Raiz mortal has 120 seconds left.
|
|t:|1769317891
|switch|p2a: Moltres|Moltres|100/100
|move|p1a: Skarmory|Roost|p1a: Skarmory
|-heal|p1a: Skarmory|100/100
|-singleturn|p1a: Skarmory|move: Roost
|
|upkeep
|turn|13
|
|t:|1769317898
|move|p2a: Moltres|U-turn|p1a: Skarmory
|-resisted|p1a: Skarmory
|-damage|p1a: Skarmory|98/100
|-ability|p1a: Skarmory|Weak Armor|boost
|-unboost|p1a: Skarmory|def|1
|-boost|p1a: Skarmory|spe|2
|
|t:|1769317902
|switch|p2a: Hatterene|Hatterene, F|100/100|[from] U-turn
|move|p1a: Skarmory|Stealth Rock|p2a: Hatterene
|move|p2a: Hatterene|Stealth Rock||[from] ability: Magic Bounce|[still]
|-fail|p2a: Hatterene
|
|-heal|p1a: Skarmory|100/100|[from] item: Leftovers
|upkeep
|turn|14
|
|t:|1769317920
|switch|p1a: Gliscor|Gliscor, M|56/100 tox
|-damage|p1a: Gliscor|44/100 tox|[from] Stealth Rock
|move|p2a: Hatterene|Psyshock|p1a: Gliscor
|-damage|p1a: Gliscor|3/100 tox
|
|-heal|p1a: Gliscor|15/100 tox|[from] ability: Poison Heal
|upkeep
|turn|15
|
|t:|1769317930
|move|p1a: Gliscor|Protect|p1a: Gliscor
|-singleturn|p1a: Gliscor|Protect
|move|p2a: Hatterene|Psyshock|p1a: Gliscor
|-activate|p1a: Gliscor|move: Protect
|
|-heal|p1a: Gliscor|28/100 tox|[from] ability: Poison Heal
|upkeep
|turn|16
|c|☆dylanhmp|Bro You have one latinos
|c|☆dylanhmp|XD
|
|t:|1769317941
|move|p1a: Gliscor|Protect||[still]
|-fail|p1a: Gliscor
|move|p2a: Hatterene|Psyshock|p1a: Gliscor
|-damage|p1a: Gliscor|0 fnt
|faint|p1a: Gliscor
|
|upkeep
|c|☆dylanhmp|OMG fck god
|inactive|Raiz mortal has 120 seconds left.
|c|☆dylanhmp|._.
|
|t:|1769317959
|switch|p1a: Latias|Latias, F|100/100
|-damage|p1a: Latias|88/100|[from] Stealth Rock
|turn|17
|inactive|Raiz mortal has 120 seconds left.
|
|t:|1769317965
|switch|p2a: Slowking|Slowking-Galar, M|100/100
|move|p1a: Latias|Trick|p2a: Slowking
|-activate|p1a: Latias|move: Trick|[of] p2a: Slowking
|-item|p2a: Slowking|Choice Specs|[from] move: Trick
|-item|p1a: Latias|Assault Vest|[from] move: Trick
|
|upkeep
|turn|18
|inactive|Raiz mortal has 120 seconds left.
|
|t:|1769317999
|switch|p1a: Skarmory|Skarmory, F|100/100
|-damage|p1a: Skarmory|88/100|[from] Stealth Rock
|switch|p2a: Hatterene|Hatterene, F|100/100
|
|-heal|p1a: Skarmory|94/100|[from] item: Leftovers
|upkeep
|turn|19
|
|t:|1769318012
|switch|p1a: Toxapex|Toxapex, F|100/100
|-damage|p1a: Toxapex|88/100|[from] Stealth Rock
|move|p2a: Hatterene|Mystical Fire|p1a: Toxapex
|-resisted|p1a: Toxapex
|-damage|p1a: Toxapex|78/100
|-unboost|p1a: Toxapex|spa|1
|
|-heal|p1a: Toxapex|84/100|[from] item: Black Sludge
|upkeep
|turn|20
|l|☆dylanhmp
|inactive|dylanhmp disconnected and has a minute to reconnect!
|player|p2|
|inactive|Raiz mortal has 90 seconds left.
|j|☆dylanhmp
|inactive|dylanhmp reconnected and has 115 seconds left.
|player|p2|dylanhmp|2|
|
|t:|1769318050
|move|p1a: Toxapex|Toxic|p2a: Hatterene
|move|p2a: Hatterene|Toxic|p1a: Toxapex|[from] ability: Magic Bounce
|-immune|p1a: Toxapex
|move|p2a: Hatterene|Mystical Fire|p1a: Toxapex
|-resisted|p1a: Toxapex
|-damage|p1a: Toxapex|73/100
|-unboost|p1a: Toxapex|spa|1
|
|-heal|p1a: Toxapex|79/100|[from] item: Black Sludge
|upkeep
|turn|21
|inactive|Raiz mortal has 90 seconds left.
|
|t:|1769318062
|switch|p2a: Slowking|Slowking-Galar, M|100/100
|move|p1a: Toxapex|Protect||[still]
|-fail|p1a: Toxapex
|
|-heal|p1a: Toxapex|85/100|[from] item: Black Sludge
|upkeep
|turn|22
|inactive|Raiz mortal has 90 seconds left.
|
|t:|1769318073
|move|p1a: Toxapex|Protect|p1a: Toxapex
|-singleturn|p1a: Toxapex|Protect
|move|p2a: Slowking|Psyshock|p1a: Toxapex
|-activate|p1a: Toxapex|move: Protect
|
|-heal|p1a: Toxapex|92/100|[from] item: Black Sludge
|upkeep
|turn|23
|inactive|Raiz mortal has 90 seconds left.
|
|t:|1769318096
|switch|p1a: Skarmory|Skarmory, F|94/100
|-damage|p1a: Skarmory|82/100|[from] Stealth Rock
|move|p2a: Slowking|Psyshock|p1a: Skarmory
|-resisted|p1a: Skarmory
|-damage|p1a: Skarmory|68/100
|
|-heal|p1a: Skarmory|74/100|[from] item: Leftovers
|upkeep
|turn|24
|
|t:|1769318123
|switch|p1a: Latias|Latias, F|88/100
|-damage|p1a: Latias|76/100|[from] Stealth Rock
|switch|p2a: Hatterene|Hatterene, F|100/100
|
|upkeep
|turn|25
|
|t:|1769318136
|-terastallize|p1a: Latias|Dragon
|move|p1a: Latias|Mist Ball|p2a: Hatterene
|-resisted|p2a: Hatterene
|-damage|p2a: Hatterene|81/100
|move|p2a: Hatterene|Psyshock|p1a: Latias
|-damage|p1a: Latias|32/100
|
|upkeep
|turn|26
|c|☆dylanhmp|._.
|c|☆dylanhmp|Mist bal
|inactive|Raiz mortal has 60 seconds left.
|c|☆dylanhmp|Tera dragón?!
|
|t:|1769318160
|switch|p1a: Skarmory|Skarmory, F|74/100
|-damage|p1a: Skarmory|62/100|[from] Stealth Rock
|move|p2a: Hatterene|Psyshock|p1a: Skarmory
|-resisted|p1a: Skarmory
|-damage|p1a: Skarmory|46/100
|
|-heal|p1a: Skarmory|52/100|[from] item: Leftovers
|upkeep
|turn|27
|c|☆dylanhmp|XD
|inactive|Raiz mortal has 60 seconds left.
|
|t:|1769318174
|move|p1a: Skarmory|Stealth Rock|p2a: Hatterene
|move|p2a: Hatterene|Stealth Rock||[from] ability: Magic Bounce|[still]
|-fail|p2a: Hatterene
|move|p2a: Hatterene|Psyshock|p1a: Skarmory
|-resisted|p1a: Skarmory
|-damage|p1a: Skarmory|36/100
|
|-heal|p1a: Skarmory|42/100|[from] item: Leftovers
|upkeep
|turn|28
|inactive|Raiz mortal has 60 seconds left.
|
|t:|1769318185
|switch|p2a: Slowking|Slowking-Galar, M|100/100
|move|p1a: Skarmory|Roost|p1a: Skarmory
|-heal|p1a: Skarmory|92/100
|-singleturn|p1a: Skarmory|move: Roost
|
|-heal|p1a: Skarmory|98/100|[from] item: Leftovers
|upkeep
|turn|29
|inactive|Raiz mortal has 60 seconds left.
|
|t:|1769318197
|switch|p2a: Hatterene|Hatterene, F|81/100
|move|p1a: Skarmory|Stealth Rock|p2a: Hatterene
|move|p2a: Hatterene|Stealth Rock||[from] ability: Magic Bounce|[still]
|-fail|p2a: Hatterene
|
|-heal|p1a: Skarmory|100/100|[from] item: Leftovers
|upkeep
|turn|30
|inactive|Raiz mortal has 60 seconds left.
|
|t:|1769318211
|switch|p1a: Toxapex|Toxapex, F|100/100
|-damage|p1a: Toxapex|88/100|[from] Stealth Rock
|move|p2a: Hatterene|Draining Kiss|p1a: Toxapex
|-resisted|p1a: Toxapex
|-damage|p1a: Toxapex|76/100
|-heal|p2a: Hatterene|89/100|[from] drain|[of] p1a: Toxapex
|
|-heal|p1a: Toxapex|82/100|[from] item: Black Sludge
|upkeep
|turn|31
|inactive|Raiz mortal has 60 seconds left.
|
|t:|1769318238
|move|p1a: Toxapex|Toxic|p2a: Hatterene
|move|p2a: Hatterene|Toxic|p1a: Toxapex|[from] ability: Magic Bounce
|-immune|p1a: Toxapex
|move|p2a: Hatterene|Draining Kiss|p1a: Toxapex
|-resisted|p1a: Toxapex
|-damage|p1a: Toxapex|72/100
|-heal|p2a: Hatterene|96/100|[from] drain|[of] p1a: Toxapex
|
|-heal|p1a: Toxapex|78/100|[from] item: Black Sludge
|upkeep
|turn|32
|
|t:|1769318249
|switch|p2a: Slowking|Slowking-Galar, M|100/100
|move|p1a: Toxapex|Haze|p1a: Toxapex
|-clearallboost
|
|-heal|p1a: Toxapex|85/100|[from] item: Black Sludge
|upkeep
|turn|33
|
|t:|1769318268
|move|p1a: Toxapex|Protect|p1a: Toxapex
|-singleturn|p1a: Toxapex|Protect
|move|p2a: Slowking|Psyshock|p1a: Toxapex
|-activate|p1a: Toxapex|move: Protect
|
|-heal|p1a: Toxapex|91/100|[from] item: Black Sludge
|upkeep
|turn|34
|
|t:|1769318278
|switch|p1a: Skarmory|Skarmory, F|100/100
|-damage|p1a: Skarmory|88/100|[from] Stealth Rock
|move|p2a: Slowking|Psyshock|p1a: Skarmory
|-resisted|p1a: Skarmory
|-damage|p1a: Skarmory|74/100
|
|-heal|p1a: Skarmory|80/100|[from] item: Leftovers
|upkeep
|turn|35
|inactive|Raiz mortal has 30 seconds left.
|inactive|Raiz mortal has 20 seconds left.
|inactive|Raiz mortal has 15 seconds left.
|c|☆dylanhmp|I have all night bro xD
|
|t:|1769318312
|switch|p1a: Toxapex|Toxapex, F|100/100
|-damage|p1a: Toxapex|88/100|[from] Stealth Rock
|switch|p2a: Hatterene|Hatterene, F|96/100
|
|-heal|p1a: Toxapex|94/100|[from] item: Black Sludge
|upkeep
|turn|36
|inactive|Raiz mortal has 25 seconds left this turn.
|inactive|Raiz mortal has 20 seconds left.
|inactive|Raiz mortal has 15 seconds left.
|
|t:|1769318322
|move|p1a: Toxapex|Haze|p1a: Toxapex
|-clearallboost
|move|p2a: Hatterene|Psyshock|p1a: Toxapex
|-supereffective|p1a: Toxapex
|-damage|p1a: Toxapex|3/100
|
|-heal|p1a: Toxapex|9/100|[from] item: Black Sludge
|upkeep
|turn|37
|inactive|Raiz mortal has 25 seconds left this turn.
|inactive|Raiz mortal has 20 seconds left.
|
|t:|1769318331
|switch|p2a: Slowking|Slowking-Galar, M|100/100
|move|p1a: Toxapex|Protect||[still]
|-fail|p1a: Toxapex
|
|-heal|p1a: Toxapex|15/100|[from] item: Black Sludge
|upkeep
|turn|38
|inactive|Raiz mortal has 30 seconds left this turn.
|
|t:|1769318340
|switch|p1a: Skarmory|Skarmory, F|80/100
|-damage|p1a: Skarmory|67/100|[from] Stealth Rock
|move|p2a: Slowking|Flamethrower|p1a: Skarmory
|-supereffective|p1a: Skarmory
|-damage|p1a: Skarmory|0 fnt
|faint|p1a: Skarmory
|
|upkeep
|inactive|Raiz mortal has 30 seconds left this turn.
|c|☆dylanhmp|XDDDDDDDD
|
|t:|1769318350
|switch|p1a: Toxapex|Toxapex, F|49/100
|-damage|p1a: Toxapex|36/100|[from] Stealth Rock
|turn|39
|
|t:|1769318355
|switch|p2a: Hatterene|Hatterene, F|96/100
|move|p1a: Toxapex|Recover|p1a: Toxapex
|-heal|p1a: Toxapex|86/100
|
|-heal|p1a: Toxapex|92/100|[from] item: Black Sludge
|upkeep
|turn|40
|
|t:|1769318363
|move|p1a: Toxapex|Protect|p1a: Toxapex
|-singleturn|p1a: Toxapex|Protect
|move|p2a: Hatterene|Psyshock|p1a: Toxapex
|-activate|p1a: Toxapex|move: Protect
|
|-heal|p1a: Toxapex|99/100|[from] item: Black Sludge
|upkeep
|turn|41
|
|t:|1769318371
|switch|p1a: Latias|Latias, F, tera:Dragon|32/100
|-damage|p1a: Latias|20/100|[from] Stealth Rock
|move|p2a: Hatterene|Psyshock|p1a: Latias
|-damage|p1a: Latias|0 fnt
|faint|p1a: Latias
|
|upkeep
|
|t:|1769318380
|switch|p1a: Trevenant|Trevenant, F|100/100
|-damage|p1a: Trevenant|88/100|[from] Stealth Rock
|turn|42
|l|☆dylanhmp
|inactive|dylanhmp disconnected and has a minute to reconnect!
|player|p2|
|j|☆dylanhmp
|inactive|dylanhmp reconnected and has 130 seconds left.
|player|p2|dylanhmp|2|
|
|t:|1769318403
|switch|p2a: Moltres|Moltres|100/100
|move|p1a: Trevenant|Horn Leech|p2a: Moltres
|-resisted|p2a: Moltres
|-damage|p2a: Moltres|96/100
|-heal|p1a: Trevenant|91/100|[from] drain|[of] p2a: Moltres
|
|upkeep
|turn|43
|
|t:|1769318412
|switch|p1a: Toxapex|Toxapex, F|100/100
|-damage|p1a: Toxapex|88/100|[from] Stealth Rock
|move|p2a: Moltres|Will-O-Wisp|p1a: Toxapex
|-status|p1a: Toxapex|brn
|
|-heal|p1a: Toxapex|94/100 brn|[from] item: Black Sludge
|-damage|p1a: Toxapex|88/100 brn|[from] brn
|upkeep
|turn|44
|inactive|Raiz mortal has 60 seconds left.
|
|t:|1769318422
|move|p2a: Moltres|U-turn|p1a: Toxapex
|-resisted|p1a: Toxapex
|-damage|p1a: Toxapex|83/100 brn
|
|t:|1769318427
|switch|p2a: Hatterene|Hatterene, F|96/100|[from] U-turn
|move|p1a: Toxapex|Toxic|p2a: Hatterene
|move|p2a: Hatterene|Toxic||[from] ability: Magic Bounce|[still]
|-fail|p2a: Hatterene
|
|-heal|p1a: Toxapex|89/100 brn|[from] item: Black Sludge
|-damage|p1a: Toxapex|83/100 brn|[from] brn
|upkeep
|turn|45
|l|☆dylanhmp
|inactive|dylanhmp disconnected and has a minute to reconnect!
|player|p2|
|inactive|Raiz mortal has 60 seconds left.
|inactive|Raiz mortal has 30 seconds left.
|inactive|Raiz mortal has 20 seconds left.
|inactive|Raiz mortal has 15 seconds left.
|j|☆dylanhmp
|inactive|dylanhmp reconnected.
|player|p2|dylanhmp|2|
|inactive|Raiz mortal has 10 seconds left.
|inactive|Raiz mortal has 5 seconds left.
|-message|Raiz mortal lost due to inactivity.
|
|win|dylanhmp
|raw|Raiz mortal's rating: 1306 &rarr; <strong>1286</strong><br />(-20 for losing)
|raw|dylanhmp's rating: 1311 &rarr; <strong>1331</strong><br />(+20 for winning)
|l|☆dylanhmp
|player|p2|
