|j|☆SamuelSAnne
|j|☆cardo 64
|t:|1769360649
|gametype|singles
|player|p1|SamuelSAnne|101|1081
|player|p2|cardo 64|hiker-gen4|1151
|gen|9
|tier|[Gen 9] OU
|rated|
|rule|HP Percentage Mod: HP is shown in percentages
|rule|Endless Battle Clause: Forcing endless battles is banned
|rule|Species Clause: Limit one of each Pokémon
|rule|OHKO Clause: OHKO moves are banned
|rule|Evasion Items Clause: Evasion items are banned
|rule|Evasion Moves Clause: Evasion moves are banned
|rule|Evasion Abilities Clause: Evasion abilities are banned
|rule|Sleep Moves Clause: Sleep-inducing moves are banned
|clearpoke
|poke|p1|Medicham, F|
|poke|p1|Pecharunt|
|poke|p1|Zoroark-Hisui, M|
|poke|p1|Ninetales-Alola, M|
|poke|p1|Tatsugiri-Stretchy, M|
|poke|p1|Ursaluna, F|
|poke|p2|Ting-Lu|
|poke|p2|Slowking-Galar, M|
|poke|p2|Arcanine-Hisui, F|
|poke|p2|Corviknight, F|
|poke|p2|Ogerpon-Wellspring, F|
|poke|p2|Iron Valiant|
|teampreview
|inactive|Battle timer is ON: inactive players will automatically lose when time's up. (requested by SamuelSAnne)
|inactive|SamuelSAnne has 120 seconds left.
|inactive|SamuelSAnne has 90 seconds left.
|inactive|SamuelSAnne has 60 seconds left.
|
|t:|1769360744
|teamsize|p1|6
|teamsize|p2|6
|start
|switch|p1a: Tatsugiri|Tatsugiri-Stretchy, M|100/100
|switch|p2a: Arcanine|Arcanine-Hisui, F|100/100
|turn|1
|inactive|SamuelSAnne has 120 seconds left.
|
|t:|1769360758
|switch|p2a: Iron Valiant|Iron Valiant|100/100
|-enditem|p2a: Iron Valiant|Booster Energy
|-activate|p2a: Iron Valiant|ability: Quark Drive|[fromitem]
|-start|p2a: Iron Valiant|quarkdrivespe
|move|p1a: Tatsugiri|Rapid Spin|p2a: Iron Valiant
|-damage|p2a: Iron Valiant|92/100
|-boost|p1a: Tatsugiri|spe|1
|
|upkeep
|turn|2
|inactive|SamuelSAnne has 120 seconds left.
|
|t:|1769360773
|move|p2a: Iron Valiant|Moonblast|p1a: Tatsugiri
|-supereffective|p1a: Tatsugiri
|-damage|p1a: Tatsugiri|1/100
|move|p1a: Tatsugiri|Counter||[still]
|-fail|p1a: Tatsugiri
|
|upkeep
|turn|3
|inactive|SamuelSAnne has 120 seconds left.
|
|t:|1769360785
|switch|p1a: Pecharunt|Pecharunt|100/100
|move|p2a: Iron Valiant|Moonblast|p1a: Pecharunt
|-resisted|p1a: Pecharunt
|-damage|p1a: Pecharunt|78/100
|
|-heal|p1a: Pecharunt|84/100|[from] item: Leftovers
|upkeep
|turn|4
|inactive|SamuelSAnne has 120 seconds left.
|
|t:|1769360796
|-end|p2a: Iron Valiant|Quark Drive|[silent]
|switch|p2a: Corviknight|Corviknight, F|100/100
|move|p1a: Pecharunt|Nasty Plot|p1a: Pecharunt
|-boost|p1a: Pecharunt|spa|2
|
|-heal|p1a: Pecharunt|90/100|[from] item: Leftovers
|upkeep
|turn|5
|
|t:|1769360806
|move|p1a: Pecharunt|Nasty Plot|p1a: Pecharunt
|-boost|p1a: Pecharunt|spa|2
|move|p2a: Corviknight|Brave Bird|p1a: Pecharunt
|-damage|p1a: Pecharunt|60/100
|-damage|p2a: Corviknight|90/100|[from] Recoil
|
|-heal|p1a: Pecharunt|66/100|[from] item: Leftovers
|upkeep
|turn|6
|
|t:|1769360817
|move|p1a: Pecharunt|Nasty Plot|p1a: Pecharunt
|-boost|p1a: Pecharunt|spa|2
|move|p2a: Corviknight|Brave Bird|p1a: Pecharunt
|-damage|p1a: Pecharunt|39/100
|-damage|p2a: Corviknight|81/100|[from] Recoil
|
|-heal|p1a: Pecharunt|45/100|[from] item: Leftovers
|upkeep
|turn|7
|
|t:|1769360828
|move|p1a: Pecharunt|Recover|p1a: Pecharunt
|-heal|p1a: Pecharunt|95/100
|move|p2a: Corviknight|Brave Bird|p1a: Pecharunt
|-damage|p1a: Pecharunt|69/100
|-damage|p2a: Corviknight|72/100|[from] Recoil
|
|-heal|p1a: Pecharunt|75/100|[from] item: Leftovers
|upkeep
|turn|8
|inactive|SamuelSAnne has 120 seconds left.
|
|t:|1769360843
|move|p1a: Pecharunt|Hex|p2a: Corviknight
|-damage|p2a: Corviknight|0 fnt
|faint|p2a: Corviknight
|
|-heal|p1a: Pecharunt|81/100|[from] item: Leftovers
|upkeep
|-message|cardo 64 forfeited.
|
|win|SamuelSAnne
|raw|SamuelSAnne's rating: 1081 &rarr; <strong>1114</strong><br />(+33 for winning)
|raw|cardo 64's rating: 1151 &rarr; <strong>1121</strong><br />(-30 for losing)
|l|☆cardo 64
|player|p2|
|l|☆SamuelSAnne
|player|p1|
