|j|☆Cannon14
|j|☆lkjhbjkbkjbnlfkj
|t:|1769334632
|gametype|singles
|player|p1|Cannon14|steven|1105
|player|p2|lkjhbjkbkjbnlfkj|169|1112
|gen|9
|tier|[Gen 9] OU
|rated|
|rule|HP Percentage Mod: HP is shown in percentages
|rule|Endless Battle Clause: Forcing endless battles is banned
|rule|Species Clause: Limit one of each Pokémon
|rule|OHKO Clause: OHKO moves are banned
|rule|Evasion Items Clause: Evasion items are banned
|rule|Evasion Moves Clause: Evasion moves are banned
|rule|Evasion Abilities Clause: Evasion abilities are banned
|rule|Sleep Moves Clause: Sleep-inducing moves are banned
|clearpoke
|poke|p1|Tyranitar, F|
|poke|p1|Ogerpon, F|
|poke|p1|Pecharunt|
|poke|p1|Great Tusk|
|poke|p1|Corviknight, F|
|poke|p1|Vaporeon, F|
|poke|p2|Zangoose, M|
|poke|p2|Gogoat, F|
|poke|p2|Slowking, F|
|poke|p2|Muk-Alola, F|
|poke|p2|Rotom-Heat|
|poke|p2|Cobalion|
|teampreview
|inactive|Battle timer is ON: inactive players will automatically lose when time's up. (requested by Cannon14)
|
|t:|1769334654
|teamsize|p1|6
|teamsize|p2|6
|start
|switch|p1a: Great Tusk|Great Tusk|100/100
|switch|p2a: Muk|Muk-Alola, F|100/100
|turn|1
|
|t:|1769334666
|switch|p2a: Rotom|Rotom-Heat|100/100
|move|p1a: Great Tusk|Earthquake|p2a: Rotom
|-immune|p2a: Rotom|[from] ability: Levitate
|
|upkeep
|turn|2
|
|t:|1769334689
|move|p1a: Great Tusk|Stealth Rock|p2a: Rotom
|-sidestart|p2: lkjhbjkbkjbnlfkj|move: Stealth Rock
|move|p2a: Rotom|Will-O-Wisp|p1a: Great Tusk
|-status|p1a: Great Tusk|brn
|
|-damage|p1a: Great Tusk|94/100 brn|[from] brn
|upkeep
|turn|3
|
|t:|1769334695
|-end|p1a: Great Tusk|Protosynthesis|[silent]
|switch|p1a: Vaporeon|Vaporeon, F|100/100
|move|p2a: Rotom|Light Screen|p2a: Rotom
|-sidestart|p2: lkjhbjkbkjbnlfkj|move: Light Screen
|
|upkeep
|turn|4
|
|t:|1769334699
|move|p2a: Rotom|Thunderbolt|p1a: Vaporeon
|-supereffective|p1a: Vaporeon
|-damage|p1a: Vaporeon|55/100
|move|p1a: Vaporeon|Calm Mind|p1a: Vaporeon
|-boost|p1a: Vaporeon|spa|1
|-boost|p1a: Vaporeon|spd|1
|
|-heal|p1a: Vaporeon|61/100|[from] item: Leftovers
|upkeep
|turn|5
|
|t:|1769334705
|switch|p2a: Gogoat|Gogoat, F|100/100
|-damage|p2a: Gogoat|88/100|[from] Stealth Rock
|move|p1a: Vaporeon|Wish|p1a: Vaporeon
|
|-heal|p2a: Gogoat|94/100|[from] item: Leftovers
|-heal|p1a: Vaporeon|67/100|[from] item: Leftovers
|upkeep
|turn|6
|
|t:|1769334710
|move|p2a: Gogoat|Horn Leech|p1a: Vaporeon
|-supereffective|p1a: Vaporeon
|-damage|p1a: Vaporeon|10/100
|-heal|p2a: Gogoat|100/100|[from] drain|[of] p1a: Vaporeon
|move|p1a: Vaporeon|Scald|p2a: Gogoat
|-resisted|p2a: Gogoat
|-damage|p2a: Gogoat|90/100
|
|-heal|p1a: Vaporeon|60/100|[from] move: Wish|[wisher] Vaporeon
|-heal|p2a: Gogoat|96/100|[from] item: Leftovers
|-heal|p1a: Vaporeon|67/100|[from] item: Leftovers
|upkeep
|turn|7
|
|t:|1769334720
|move|p2a: Gogoat|Horn Leech|p1a: Vaporeon
|-supereffective|p1a: Vaporeon
|-damage|p1a: Vaporeon|16/100
|-heal|p2a: Gogoat|100/100|[from] drain|[of] p1a: Vaporeon
|move|p1a: Vaporeon|Calm Mind|p1a: Vaporeon
|-boost|p1a: Vaporeon|spa|1
|-boost|p1a: Vaporeon|spd|1
|
|-heal|p1a: Vaporeon|22/100|[from] item: Leftovers
|-sideend|p2: lkjhbjkbkjbnlfkj|move: Light Screen
|upkeep
|turn|8
|
|t:|1769334726
|switch|p1a: Corviknight|Corviknight, F|100/100
|-ability|p1a: Corviknight|Pressure
|move|p2a: Gogoat|Horn Leech|p1a: Corviknight
|-resisted|p1a: Corviknight
|-damage|p1a: Corviknight|95/100
|-damage|p2a: Gogoat|84/100|[from] item: Rocky Helmet|[of] p1a: Corviknight
|
|-heal|p2a: Gogoat|90/100|[from] item: Leftovers
|upkeep
|turn|9
|
|t:|1769334746
|-terastallize|p2a: Gogoat|Rock
|move|p2a: Gogoat|Bulk Up|p2a: Gogoat
|-boost|p2a: Gogoat|atk|1
|-boost|p2a: Gogoat|def|1
|move|p1a: Corviknight|Brave Bird|p2a: Gogoat
|-resisted|p2a: Gogoat
|-damage|p2a: Gogoat|75/100
|-damage|p1a: Corviknight|89/100|[from] Recoil
|
|-heal|p2a: Gogoat|81/100|[from] item: Leftovers
|upkeep
|turn|10
|
|t:|1769334758
|move|p2a: Gogoat|Bulk Up|p2a: Gogoat
|-boost|p2a: Gogoat|atk|1
|-boost|p2a: Gogoat|def|1
|move|p1a: Corviknight|U-turn|p2a: Gogoat
|-damage|p2a: Gogoat|72/100
|
|t:|1769334777
|switch|p1a: Pecharunt|Pecharunt|100/100|[from] U-turn
|
|-heal|p2a: Gogoat|78/100|[from] item: Leftovers
|upkeep
|turn|11
|
|t:|1769334785
|-terastallize|p1a: Pecharunt|Grass
|move|p1a: Pecharunt|Malignant Chain|p2a: Gogoat
|-resisted|p2a: Gogoat
|-damage|p2a: Gogoat|62/100
|move|p2a: Gogoat|Rock Slide|p1a: Pecharunt
|-damage|p1a: Pecharunt|61/100
|
|-heal|p1a: Pecharunt|67/100|[from] item: Leftovers
|-heal|p2a: Gogoat|69/100|[from] item: Leftovers
|upkeep
|turn|12
|
|t:|1769334792
|move|p1a: Pecharunt|Malignant Chain|p2a: Gogoat
|-resisted|p2a: Gogoat
|-damage|p2a: Gogoat|54/100
|move|p2a: Gogoat|Horn Leech|p1a: Pecharunt
|-resisted|p1a: Pecharunt
|-damage|p1a: Pecharunt|47/100
|-heal|p2a: Gogoat|63/100|[from] drain|[of] p1a: Pecharunt
|
|-heal|p1a: Pecharunt|53/100|[from] item: Leftovers
|-heal|p2a: Gogoat|69/100|[from] item: Leftovers
|upkeep
|turn|13
|
|t:|1769334809
|move|p1a: Pecharunt|Malignant Chain|p2a: Gogoat
|-resisted|p2a: Gogoat
|-damage|p2a: Gogoat|53/100
|-status|p2a: Gogoat|tox
|-start|p2a: Gogoat|confusion|[from] ability: Poison Puppeteer|[of] p1a: Pecharunt
|-activate|p2a: Gogoat|confusion
|move|p2a: Gogoat|Horn Leech|p1a: Pecharunt
|-resisted|p1a: Pecharunt
|-damage|p1a: Pecharunt|35/100
|-heal|p2a: Gogoat|61/100 tox|[from] drain|[of] p1a: Pecharunt
|
|-heal|p1a: Pecharunt|41/100|[from] item: Leftovers
|-heal|p2a: Gogoat|67/100 tox|[from] item: Leftovers
|-damage|p2a: Gogoat|61/100 tox|[from] psn
|upkeep
|turn|14
|-message|lkjhbjkbkjbnlfkj forfeited.
|
|win|Cannon14
|raw|Cannon14's rating: 1105 &rarr; <strong>1131</strong><br />(+26 for winning)
|raw|lkjhbjkbkjbnlfkj's rating: 1112 &rarr; <strong>1086</strong><br />(-26 for losing)
|l|☆lkjhbjkbkjbnlfkj
|player|p2|
|l|☆Cannon14
|player|p1|
