|j|☆itkenreiza
|j|☆bjls
|t:|1769425618
|gametype|singles
|player|p1|itkenreiza|169|1440
|player|p2|bjls|hilda-wonderlauncher|1410
|gen|9
|tier|[Gen 9] OU
|rated|
|rule|HP Percentage Mod: HP is shown in percentages
|rule|Endless Battle Clause: Forcing endless battles is banned
|rule|Species Clause: Limit one of each Pokémon
|rule|OHKO Clause: OHKO moves are banned
|rule|Evasion Items Clause: Evasion items are banned
|rule|Evasion Moves Clause: Evasion moves are banned
|rule|Evasion Abilities Clause: Evasion abilities are banned
|rule|Sleep Moves Clause: Sleep-inducing moves are banned
|clearpoke
|poke|p1|Kyurem|
|poke|p1|Ogerpon-Cornerstone, F|
|poke|p1|Gholdengo|
|poke|p1|Heatran, F|
|poke|p1|Rotom-Wash|
|poke|p1|Great Tusk|
|poke|p2|Pelipper, M|
|poke|p2|Basculegion, M|
|poke|p2|Braviary-Hisui, M|
|poke|p2|Raging Bolt|
|poke|p2|Iron Treads|
|poke|p2|Kingambit, M|
|teampreview
|inactive|Battle timer is ON: inactive players will automatically lose when time's up. (requested by itkenreiza)
|inactive|bjls also wants the timer to be on.
|
|t:|1769425625
|teamsize|p1|6
|teamsize|p2|6
|start
|switch|p1a: Ogerpon|Ogerpon-Cornerstone, F|100/100
|switch|p2a: 大卫·戴|Pelipper, M|100/100
|-weather|RainDance|[from] ability: Drizzle|[of] p2a: 大卫·戴
|turn|1
|
|t:|1769425629
|switch|p2a: 帝车超光所向捷|Iron Treads|100/100
|-enditem|p2a: 帝车超光所向捷|Booster Energy
|-activate|p2a: 帝车超光所向捷|ability: Quark Drive|[fromitem]
|-start|p2a: 帝车超光所向捷|quarkdrivespe
|move|p1a: Ogerpon|Swords Dance|p1a: Ogerpon
|-boost|p1a: Ogerpon|atk|2
|
|-weather|RainDance|[upkeep]
|upkeep
|turn|2
|
|t:|1769425649
|move|p2a: 帝车超光所向捷|Ice Spinner|p1a: Ogerpon
|-supereffective|p1a: Ogerpon
|-damage|p1a: Ogerpon|30/100
|move|p1a: Ogerpon|Superpower|p2a: 帝车超光所向捷
|-supereffective|p2a: 帝车超光所向捷
|-damage|p2a: 帝车超光所向捷|0 fnt
|-unboost|p1a: Ogerpon|atk|1
|-unboost|p1a: Ogerpon|def|1
|faint|p2a: 帝车超光所向捷
|-end|p2a: 帝车超光所向捷|Quark Drive|[silent]
|
|-weather|RainDance|[upkeep]
|upkeep
|
|t:|1769425657
|switch|p2a: 一汽·大运|Basculegion, M|100/100
|turn|3
|
|t:|1769425667
|move|p2a: 一汽·大运|Wave Crash|p1a: Ogerpon
|-damage|p1a: Ogerpon|0 fnt
|faint|p1a: Ogerpon
|-damage|p2a: 一汽·大运|93/100|[from] Recoil
|
|-weather|RainDance|[upkeep]
|upkeep
|
|t:|1769425670
|switch|p1a: Rotom|Rotom-Wash|100/100
|turn|4
|
|t:|1769425676
|switch|p2a: 驭雷掣电天尊|Raging Bolt|100/100
|-enditem|p2a: 驭雷掣电天尊|Booster Energy
|-activate|p2a: 驭雷掣电天尊|ability: Protosynthesis|[fromitem]
|-start|p2a: 驭雷掣电天尊|protosynthesisspa
|move|p1a: Rotom|Will-O-Wisp|p2a: 驭雷掣电天尊
|-status|p2a: 驭雷掣电天尊|brn
|
|-weather|RainDance|[upkeep]
|-damage|p2a: 驭雷掣电天尊|94/100 brn|[from] brn
|upkeep
|turn|5
|
|t:|1769425685
|switch|p1a: Heatran|Heatran, F|100/100
|move|p2a: 驭雷掣电天尊|Weather Ball|p1a: Heatran
|-supereffective|p1a: Heatran
|-damage|p1a: Heatran|23/100
|
|-weather|RainDance|[upkeep]
|-damage|p2a: 驭雷掣电天尊|88/100 brn|[from] brn
|upkeep
|turn|6
|
|t:|1769425698
|move|p1a: Heatran|Scorching Sands|p2a: 驭雷掣电天尊
|-supereffective|p2a: 驭雷掣电天尊
|-damage|p2a: 驭雷掣电天尊|51/100 brn
|move|p2a: 驭雷掣电天尊|Weather Ball|p1a: Heatran
|-supereffective|p1a: Heatran
|-damage|p1a: Heatran|0 fnt
|faint|p1a: Heatran
|
|-weather|RainDance|[upkeep]
|-damage|p2a: 驭雷掣电天尊|45/100 brn|[from] brn
|upkeep
|
|t:|1769425714
|switch|p1a: Kyurem|Kyurem|100/100
|-ability|p1a: Kyurem|Pressure
|turn|7
|
|t:|1769425717
|move|p1a: Kyurem|Icicle Spear|p2a: 驭雷掣电天尊
|-supereffective|p2a: 驭雷掣电天尊
|-damage|p2a: 驭雷掣电天尊|21/100 brn
|-supereffective|p2a: 驭雷掣电天尊
|-damage|p2a: 驭雷掣电天尊|0 fnt
|faint|p2a: 驭雷掣电天尊
|-end|p2a: 驭雷掣电天尊|Protosynthesis|[silent]
|-hitcount|p2: 驭雷掣电天尊|2
|
|-weather|RainDance|[upkeep]
|upkeep
|
|t:|1769425722
|switch|p2a: 一汽·大运|Basculegion, M|93/100
|turn|8
|
|t:|1769425730
|move|p2a: 一汽·大运|Outrage|p1a: Kyurem
|-supereffective|p1a: Kyurem
|-damage|p1a: Kyurem|0 fnt
|faint|p1a: Kyurem
|
|-weather|none
|upkeep
|
|t:|1769425734
|switch|p1a: Gholdengo|Gholdengo|100/100
|-item|p1a: Gholdengo|Air Balloon
|turn|9
|
|t:|1769425737
|move|p2a: 一汽·大运|Outrage|p1a: Gholdengo|[from] lockedmove
|-resisted|p1a: Gholdengo
|-damage|p1a: Gholdengo|79/100
|-enditem|p1a: Gholdengo|Air Balloon
|move|p1a: Gholdengo|Nasty Plot|p1a: Gholdengo
|-boost|p1a: Gholdengo|spa|2
|
|upkeep
|turn|10
|
|t:|1769425742
|move|p2a: 一汽·大运|Outrage|p1a: Gholdengo|[from] lockedmove
|-resisted|p1a: Gholdengo
|-damage|p1a: Gholdengo|60/100
|-start|p2a: 一汽·大运|confusion|[fatigue]
|move|p1a: Gholdengo|Shadow Ball|p2a: 一汽·大运
|-supereffective|p2a: 一汽·大运
|-damage|p2a: 一汽·大运|0 fnt
|faint|p2a: 一汽·大运
|
|upkeep
|
|t:|1769425752
|switch|p2a: 万夫莫敌|Kingambit, M|100/100
|-activate|p2a: 万夫莫敌|ability: Supreme Overlord
|-start|p2a: 万夫莫敌|fallen3|[silent]
|-item|p2a: 万夫莫敌|Air Balloon
|turn|11
|
|t:|1769425758
|move|p1a: Gholdengo|Dazzling Gleam|p2a: 万夫莫敌
|-crit|p2a: 万夫莫敌
|-damage|p2a: 万夫莫敌|28/100
|-enditem|p2a: 万夫莫敌|Air Balloon
|move|p2a: 万夫莫敌|Kowtow Cleave|p1a: Gholdengo
|-supereffective|p1a: Gholdengo
|-damage|p1a: Gholdengo|0 fnt
|faint|p1a: Gholdengo
|
|upkeep
|
|t:|1769425766
|switch|p1a: Rotom|Rotom-Wash|100/100
|turn|12
|
|t:|1769425769
|move|p1a: Rotom|Volt Switch|p2a: 万夫莫敌
|-damage|p2a: 万夫莫敌|1/100
|
|t:|1769425771
|switch|p1a: Great Tusk|Great Tusk|100/100|[from] Volt Switch
|-enditem|p1a: Great Tusk|Booster Energy
|-activate|p1a: Great Tusk|ability: Protosynthesis|[fromitem]
|-start|p1a: Great Tusk|protosynthesisatk
|move|p2a: 万夫莫敌|Kowtow Cleave|p1a: Great Tusk
|-resisted|p1a: Great Tusk
|-damage|p1a: Great Tusk|77/100
|
|upkeep
|turn|13
|
|t:|1769425778
|-end|p2a: 万夫莫敌|fallen3|[silent]
|switch|p2a: 大卫·戴|Pelipper, M|100/100
|-weather|RainDance|[from] ability: Drizzle|[of] p2a: 大卫·戴
|move|p1a: Great Tusk|Rapid Spin|p2a: 大卫·戴
|-damage|p2a: 大卫·戴|82/100
|-boost|p1a: Great Tusk|spe|1
|
|-weather|RainDance|[upkeep]
|upkeep
|turn|14
|
|t:|1769425787
|-terastallize|p1a: Great Tusk|Electric
|move|p1a: Great Tusk|Tera Blast|p2a: 大卫·戴|[anim] Tera Blast Electric
|-supereffective|p2a: 大卫·戴
|-damage|p2a: 大卫·戴|0 fnt
|faint|p2a: 大卫·戴
|
|-weather|RainDance|[upkeep]
|upkeep
|
|t:|1769425793
|switch|p2a: 万夫莫敌|Kingambit, M|1/100
|-activate|p2a: 万夫莫敌|ability: Supreme Overlord
|-start|p2a: 万夫莫敌|fallen4|[silent]
|turn|15
|
|t:|1769425797
|move|p2a: 万夫莫敌|Sucker Punch|p1a: Great Tusk
|-damage|p1a: Great Tusk|39/100
|move|p1a: Great Tusk|Rapid Spin|p2a: 万夫莫敌
|-resisted|p2a: 万夫莫敌
|-crit|p2a: 万夫莫敌
|-damage|p2a: 万夫莫敌|0 fnt
|-boost|p1a: Great Tusk|spe|1
|faint|p2a: 万夫莫敌
|-end|p2a: 万夫莫敌|fallen4|[silent]
|
|-weather|RainDance|[upkeep]
|upkeep
|
|t:|1769425800
|switch|p2a: 扶摇|Braviary-Hisui, M|100/100
|turn|16
|
|t:|1769425804
|-terastallize|p2a: 扶摇|Fighting
|move|p1a: Great Tusk|Tera Blast|p2a: 扶摇|[anim] Tera Blast Electric
|-damage|p2a: 扶摇|41/100
|move|p2a: 扶摇|Hurricane|p1a: Great Tusk
|-resisted|p1a: Great Tusk
|-damage|p1a: Great Tusk|0 fnt
|faint|p1a: Great Tusk
|-end|p1a: Great Tusk|Protosynthesis|[silent]
|
|-weather|RainDance|[upkeep]
|upkeep
|
|t:|1769425806
|switch|p1a: Rotom|Rotom-Wash|100/100
|turn|17
|
|t:|1769425811
|move|p1a: Rotom|Hydro Pump|p2a: 扶摇
|-damage|p2a: 扶摇|0 fnt
|faint|p2a: 扶摇
|
|win|itkenreiza
|raw|itkenreiza's rating: 1440 &rarr; <strong>1458</strong><br />(+18 for winning)
|raw|bjls's rating: 1410 &rarr; <strong>1392</strong><br />(-18 for losing)
|l|☆bjls
|player|p2|
|c|☆itkenreiza|gg
|l|☆itkenreiza
|player|p1|
