|j|☆gofiiito
|j|☆Merrittb1117
|t:|1769357289
|gametype|singles
|player|p1|gofiiito|cynthia|1166
|player|p2|Merrittb1117|266|1108
|gen|9
|tier|[Gen 9] OU
|rated|
|rule|HP Percentage Mod: HP is shown in percentages
|rule|Endless Battle Clause: Forcing endless battles is banned
|rule|Species Clause: Limit one of each Pokémon
|rule|OHKO Clause: OHKO moves are banned
|rule|Evasion Items Clause: Evasion items are banned
|rule|Evasion Moves Clause: Evasion moves are banned
|rule|Evasion Abilities Clause: Evasion abilities are banned
|rule|Sleep Moves Clause: Sleep-inducing moves are banned
|clearpoke
|poke|p1|Torkoal, M|
|poke|p1|Walking Wake|
|poke|p1|Great Tusk|
|poke|p1|Raging Bolt|
|poke|p1|Arboliva, M|
|poke|p1|Lilligant-Hisui, F|
|poke|p2|Hawlucha, F|
|poke|p2|Glimmora, M|
|poke|p2|Kingambit, F|
|poke|p2|Rillaboom, M|
|poke|p2|Gholdengo|
|poke|p2|Iron Valiant|
|teampreview
|inactive|Battle timer is ON: inactive players will automatically lose when time's up. (requested by gofiiito)
|
|t:|1769357307
|teamsize|p1|6
|teamsize|p2|6
|start
|switch|p1a: Torkoal|Torkoal, M|100/100
|switch|p2a: Glimmora|Glimmora, M|100/100
|-weather|SunnyDay|[from] ability: Drought|[of] p1a: Torkoal
|turn|1
|
|t:|1769357323
|move|p2a: Glimmora|Stealth Rock|p1a: Torkoal
|-sidestart|p1: gofiiito|move: Stealth Rock
|move|p1a: Torkoal|Stealth Rock|p2a: Glimmora
|-sidestart|p2: Merrittb1117|move: Stealth Rock
|
|-weather|SunnyDay|[upkeep]
|upkeep
|turn|2
|
|t:|1769357341
|move|p2a: Glimmora|Mortal Spin|p1a: Torkoal
|-damage|p1a: Torkoal|96/100
|-status|p1a: Torkoal|psn
|-sideend|p2: Merrittb1117|Stealth Rock|[from] move: Mortal Spin|[of] p2a: Glimmora
|move|p1a: Torkoal|Rapid Spin|p2a: Glimmora
|-resisted|p2a: Glimmora
|-damage|p2a: Glimmora|95/100
|-boost|p1a: Torkoal|spe|1
|-activate|p2a: Glimmora|ability: Toxic Debris
|-sidestart|p1: gofiiito|move: Toxic Spikes
|-sideend|p1: gofiiito|Toxic Spikes|[from] move: Rapid Spin|[of] p1a: Torkoal
|-sideend|p1: gofiiito|Stealth Rock|[from] move: Rapid Spin|[of] p1a: Torkoal
|
|-weather|SunnyDay|[upkeep]
|-damage|p1a: Torkoal|84/100 psn|[from] psn
|upkeep
|turn|3
|
|t:|1769357349
|switch|p1a: Walking Wake|Walking Wake|100/100
|-activate|p1a: Walking Wake|ability: Protosynthesis
|-start|p1a: Walking Wake|protosynthesisspe
|move|p2a: Glimmora|Stealth Rock|p1a: Walking Wake
|-sidestart|p1: gofiiito|move: Stealth Rock
|
|-weather|SunnyDay|[upkeep]
|upkeep
|turn|4
|
|t:|1769357354
|move|p1a: Walking Wake|Hydro Steam|p2a: Glimmora
|-supereffective|p2a: Glimmora
|-damage|p2a: Glimmora|0 fnt
|faint|p2a: Glimmora
|
|-weather|SunnyDay|[upkeep]
|upkeep
|
|t:|1769357360
|switch|p2a: Iron Valiant|Iron Valiant|100/100
|-enditem|p2a: Iron Valiant|Booster Energy
|-activate|p2a: Iron Valiant|ability: Quark Drive|[fromitem]
|-start|p2a: Iron Valiant|quarkdrivespe
|turn|5
|
|t:|1769357368
|-terastallize|p1a: Walking Wake|Fire
|move|p1a: Walking Wake|Weather Ball|p2a: Iron Valiant
|-damage|p2a: Iron Valiant|0 fnt
|faint|p2a: Iron Valiant
|-end|p2a: Iron Valiant|Quark Drive|[silent]
|
|-weather|SunnyDay|[upkeep]
|upkeep
|
|t:|1769357377
|switch|p2a: Hawlucha|Hawlucha, F|100/100
|turn|6
|
|t:|1769357382
|move|p1a: Walking Wake|Weather Ball|p2a: Hawlucha
|-enditem|p2a: Hawlucha|Focus Sash
|-damage|p2a: Hawlucha|1/100
|move|p2a: Hawlucha|Swords Dance|p2a: Hawlucha
|-boost|p2a: Hawlucha|atk|2
|
|-weather|SunnyDay|[upkeep]
|upkeep
|turn|7
|
|t:|1769357392
|move|p2a: Hawlucha|Close Combat|p1a: Walking Wake
|-crit|p1a: Walking Wake
|-damage|p1a: Walking Wake|0 fnt
|-unboost|p2a: Hawlucha|def|1
|-unboost|p2a: Hawlucha|spd|1
|faint|p1a: Walking Wake
|-end|p1a: Walking Wake|Protosynthesis|[silent]
|
|-weather|SunnyDay|[upkeep]
|upkeep
|
|t:|1769357398
|switch|p1a: Raging Bolt|Raging Bolt|100/100
|-damage|p1a: Raging Bolt|88/100|[from] Stealth Rock
|-activate|p1a: Raging Bolt|ability: Protosynthesis
|-start|p1a: Raging Bolt|protosynthesisspa
|turn|8
|
|t:|1769357401
|move|p1a: Raging Bolt|Thunderclap|p2a: Hawlucha
|-supereffective|p2a: Hawlucha
|-damage|p2a: Hawlucha|0 fnt
|faint|p2a: Hawlucha
|
|-weather|none
|-end|p1a: Raging Bolt|Protosynthesis
|-heal|p1a: Raging Bolt|94/100|[from] item: Leftovers
|upkeep
|
|t:|1769357406
|switch|p2a: Gholdengo|Gholdengo|100/100
|turn|9
|
|t:|1769357411
|move|p2a: Gholdengo|Shadow Ball|p1a: Raging Bolt
|-damage|p1a: Raging Bolt|54/100
|move|p1a: Raging Bolt|Volt Switch|p2a: Gholdengo
|-damage|p2a: Gholdengo|49/100
|
|t:|1769357416
|-end|p1a: Raging Bolt|Protosynthesis|[silent]
|switch|p1a: Torkoal|Torkoal, M|84/100 psn|[from] Volt Switch
|-damage|p1a: Torkoal|59/100 psn|[from] Stealth Rock
|-weather|SunnyDay|[from] ability: Drought|[of] p1a: Torkoal
|
|-weather|SunnyDay|[upkeep]
|-damage|p1a: Torkoal|46/100 psn|[from] psn
|upkeep
|turn|10
|
|t:|1769357422
|move|p2a: Gholdengo|Shadow Ball|p1a: Torkoal
|-damage|p1a: Torkoal|5/100 psn
|move|p1a: Torkoal|Overheat|p2a: Gholdengo
|-supereffective|p2a: Gholdengo
|-damage|p2a: Gholdengo|0 fnt
|-unboost|p1a: Torkoal|spa|2
|faint|p2a: Gholdengo
|
|-weather|SunnyDay|[upkeep]
|-damage|p1a: Torkoal|0 fnt|[from] psn
|faint|p1a: Torkoal
|upkeep
|
|t:|1769357432
|switch|p2a: Rillaboom|Rillaboom, M|100/100
|switch|p1a: Arboliva|Arboliva, M|100/100
|-fieldstart|move: Grassy Terrain|[from] ability: Grassy Surge|[of] p2a: Rillaboom
|-damage|p1a: Arboliva|88/100|[from] Stealth Rock
|turn|11
|
|t:|1769357437
|move|p2a: Rillaboom|Fake Out|p1a: Arboliva
|-damage|p1a: Arboliva|69/100
|cant|p1a: Arboliva|flinch
|
|-weather|SunnyDay|[upkeep]
|-heal|p1a: Arboliva|75/100|[from] Grassy Terrain
|upkeep
|turn|12
|
|t:|1769357439
|move|p2a: Rillaboom|U-turn|p1a: Arboliva
|-supereffective|p1a: Arboliva
|-damage|p1a: Arboliva|6/100
|-enditem|p1a: Arboliva|Sitrus Berry|[eat]
|-heal|p1a: Arboliva|30/100|[from] item: Sitrus Berry
|
|t:|1769357441
|switch|p2a: Kingambit|Kingambit, F|100/100|[from] U-turn
|-activate|p2a: Kingambit|ability: Supreme Overlord
|-start|p2a: Kingambit|fallen4|[silent]
|move|p1a: Arboliva|Weather Ball|p2a: Kingambit
|-supereffective|p2a: Kingambit
|-damage|p2a: Kingambit|0 fnt
|faint|p2a: Kingambit
|-end|p2a: Kingambit|fallen4|[silent]
|
|-weather|SunnyDay|[upkeep]
|-heal|p1a: Arboliva|36/100|[from] Grassy Terrain
|-item|p1a: Arboliva|Sitrus Berry|[from] ability: Harvest
|upkeep
|-enditem|p1a: Arboliva|Sitrus Berry|[eat]
|-heal|p1a: Arboliva|61/100|[from] item: Sitrus Berry
|
|t:|1769357446
|switch|p2a: Rillaboom|Rillaboom, M|100/100
|turn|13
|
|t:|1769357452
|switch|p1a: Great Tusk|Great Tusk|100/100
|-activate|p1a: Great Tusk|ability: Protosynthesis
|-start|p1a: Great Tusk|protosynthesisdef
|move|p2a: Rillaboom|Fake Out|p1a: Great Tusk
|-damage|p1a: Great Tusk|95/100
|
|-weather|SunnyDay|[upkeep]
|-heal|p1a: Great Tusk|100/100|[from] Grassy Terrain
|upkeep
|turn|14
|
|t:|1769357462
|-terastallize|p2a: Rillaboom|Water
|move|p2a: Rillaboom|Grassy Glide|p1a: Great Tusk
|-supereffective|p1a: Great Tusk
|-damage|p1a: Great Tusk|68/100
|move|p1a: Great Tusk|Rapid Spin|p2a: Rillaboom
|-damage|p2a: Rillaboom|86/100
|-boost|p1a: Great Tusk|spe|1
|-sideend|p1: gofiiito|Stealth Rock|[from] move: Rapid Spin|[of] p1a: Great Tusk
|
|-weather|SunnyDay|[upkeep]
|-heal|p1a: Great Tusk|74/100|[from] Grassy Terrain
|-heal|p2a: Rillaboom|92/100|[from] Grassy Terrain
|upkeep
|turn|15
|
|t:|1769357471
|move|p1a: Great Tusk|Body Press|p2a: Rillaboom
|-damage|p2a: Rillaboom|47/100
|move|p2a: Rillaboom|Wood Hammer|p1a: Great Tusk
|-supereffective|p1a: Great Tusk
|-damage|p1a: Great Tusk|6/100
|-damage|p2a: Rillaboom|24/100|[from] Recoil
|
|-weather|SunnyDay|[upkeep]
|-heal|p1a: Great Tusk|13/100|[from] Grassy Terrain
|-heal|p2a: Rillaboom|31/100|[from] Grassy Terrain
|-fieldend|move: Grassy Terrain
|upkeep
|turn|16
|
|t:|1769357476
|move|p1a: Great Tusk|Body Press|p2a: Rillaboom
|-damage|p2a: Rillaboom|0 fnt
|faint|p2a: Rillaboom
|
|win|gofiiito
|raw|gofiiito's rating: 1166 &rarr; <strong>1187</strong><br />(+21 for winning)
|raw|Merrittb1117's rating: 1108 &rarr; <strong>1087</strong><br />(-21 for losing)
|l|☆Merrittb1117
|player|p2|
|l|☆gofiiito
|player|p1|
