|j|☆swagswag234
|j|☆Teefryingpan
|t:|1769353901
|gametype|singles
|player|p1|swagswag234|cyclist|1552
|player|p2|Teefryingpan|102|1495
|gen|9
|tier|[Gen 9] OU
|rated|
|rule|HP Percentage Mod: HP is shown in percentages
|rule|Endless Battle Clause: Forcing endless battles is banned
|rule|Species Clause: Limit one of each Pokémon
|rule|OHKO Clause: OHKO moves are banned
|rule|Evasion Items Clause: Evasion items are banned
|rule|Evasion Moves Clause: Evasion moves are banned
|rule|Evasion Abilities Clause: Evasion abilities are banned
|rule|Sleep Moves Clause: Sleep-inducing moves are banned
|clearpoke
|poke|p1|Toxapex, F|
|poke|p1|Corviknight, M|
|poke|p1|Dondozo, F|
|poke|p1|Clefable, F|
|poke|p1|Gliscor, F|
|poke|p1|Duraludon, M|
|poke|p2|Samurott-Hisui, M|
|poke|p2|Dragapult, F|
|poke|p2|Enamorus, F|
|poke|p2|Scizor, M|
|poke|p2|Iron Treads|
|poke|p2|Ogerpon-Wellspring, F|
|teampreview
|inactive|Battle timer is ON: inactive players will automatically lose when time's up. (requested by swagswag234)
|
|t:|1769353915
|teamsize|p1|6
|teamsize|p2|6
|start
|switch|p1a: Duraludon|Duraludon, M|100/100
|switch|p2a: Samurott|Samurott-Hisui, M|100/100
|turn|1
|
|t:|1769353923
|switch|p2a: Enamorus|Enamorus, F|100/100
|move|p1a: Duraludon|Body Press|p2a: Enamorus
|-resisted|p2a: Enamorus
|-damage|p2a: Enamorus|91/100
|
|upkeep
|turn|2
|
|t:|1769353930
|switch|p2a: Scizor|Scizor, M|100/100
|switch|p1a: Toxapex|Toxapex, F|100/100
|
|upkeep
|turn|3
|
|t:|1769353935
|switch|p1a: Corviknight|Corviknight, M|100/100
|-ability|p1a: Corviknight|Pressure
|move|p2a: Scizor|Knock Off|p1a: Corviknight
|-damage|p1a: Corviknight|70/100
|-damage|p2a: Scizor|84/100|[from] item: Rocky Helmet|[of] p1a: Corviknight
|-enditem|p1a: Corviknight|Rocky Helmet|[from] move: Knock Off|[of] p2a: Scizor
|
|upkeep
|turn|4
|
|t:|1769353941
|switch|p2a: Dragapult|Dragapult, F|100/100
|move|p1a: Corviknight|Body Press|p2a: Dragapult
|-immune|p2a: Dragapult
|
|upkeep
|turn|5
|
|t:|1769353947
|switch|p1a: Toxapex|Toxapex, F|100/100
|move|p2a: Dragapult|Flamethrower|p1a: Toxapex
|-resisted|p1a: Toxapex
|-damage|p1a: Toxapex|90/100
|-status|p1a: Toxapex|brn
|
|-damage|p1a: Toxapex|84/100 brn|[from] brn
|upkeep
|turn|6
|
|t:|1769353953
|switch|p2a: Scizor|Scizor, M|84/100
|move|p1a: Toxapex|Ice Beam|p2a: Scizor
|-resisted|p2a: Scizor
|-damage|p2a: Scizor|71/100
|
|-damage|p1a: Toxapex|78/100 brn|[from] brn
|upkeep
|turn|7
|
|t:|1769353957
|switch|p1a: Corviknight|Corviknight, M|70/100
|-ability|p1a: Corviknight|Pressure
|move|p2a: Scizor|U-turn|p1a: Corviknight
|-resisted|p1a: Corviknight
|-damage|p1a: Corviknight|60/100
|
|t:|1769353959
|switch|p2a: Dragapult|Dragapult, F|100/100|[from] U-turn
|
|upkeep
|turn|8
|
|t:|1769353970
|switch|p1a: Toxapex|Toxapex, F|100/100 brn
|move|p2a: Dragapult|U-turn|p1a: Toxapex
|-resisted|p1a: Toxapex
|-damage|p1a: Toxapex|94/100 brn
|
|t:|1769353973
|switch|p2a: Iron Treads|Iron Treads|100/100|[from] U-turn
|
|-damage|p1a: Toxapex|88/100 brn|[from] brn
|upkeep
|turn|9
|
|t:|1769353985
|move|p2a: Iron Treads|Stealth Rock|p1a: Toxapex
|-sidestart|p1: swagswag234|move: Stealth Rock
|move|p1a: Toxapex|Surf|p2a: Iron Treads
|-supereffective|p2a: Iron Treads
|-damage|p2a: Iron Treads|28/100
|
|-damage|p1a: Toxapex|82/100 brn|[from] brn
|upkeep
|turn|10
|
|t:|1769353990
|move|p2a: Iron Treads|Earthquake|p1a: Toxapex
|-supereffective|p1a: Toxapex
|-damage|p1a: Toxapex|21/100 brn
|move|p1a: Toxapex|Infestation|p2a: Iron Treads
|-resisted|p2a: Iron Treads
|-damage|p2a: Iron Treads|25/100
|-activate|p2a: Iron Treads|move: Infestation|[of] p1a: Toxapex
|
|-damage|p1a: Toxapex|15/100 brn|[from] brn
|-damage|p2a: Iron Treads|13/100|[from] move: Infestation|[partiallytrapped]
|upkeep
|turn|11
|
|t:|1769353997
|switch|p1a: Gliscor|Gliscor, F|100/100
|-damage|p1a: Gliscor|88/100|[from] Stealth Rock
|move|p2a: Iron Treads|Earthquake|p1a: Gliscor
|-immune|p1a: Gliscor
|
|-end|p2a: Iron Treads|Infestation|[partiallytrapped]|[silent]
|-status|p1a: Gliscor|tox|[from] item: Toxic Orb
|upkeep
|turn|12
|
|t:|1769354004
|move|p1a: Gliscor|Protect|p1a: Gliscor
|-singleturn|p1a: Gliscor|Protect
|move|p2a: Iron Treads|Ice Spinner|p1a: Gliscor
|-activate|p1a: Gliscor|move: Protect
|
|-heal|p1a: Gliscor|100/100 tox|[from] ability: Poison Heal
|upkeep
|turn|13
|
|t:|1769354009
|move|p2a: Iron Treads|Ice Spinner|p1a: Gliscor
|-supereffective|p1a: Gliscor
|-damage|p1a: Gliscor|31/100 tox
|move|p1a: Gliscor|Earthquake|p2a: Iron Treads
|-supereffective|p2a: Iron Treads
|-damage|p2a: Iron Treads|0 fnt
|faint|p2a: Iron Treads
|-end|p2a: Iron Treads|Quark Drive|[silent]
|
|-heal|p1a: Gliscor|44/100 tox|[from] ability: Poison Heal
|upkeep
|
|t:|1769354012
|switch|p2a: Samurott|Samurott-Hisui, M|100/100
|turn|14
|
|t:|1769354014
|move|p1a: Gliscor|Protect|p1a: Gliscor
|-singleturn|p1a: Gliscor|Protect
|move|p2a: Samurott|Swords Dance|p2a: Samurott
|-boost|p2a: Samurott|atk|2
|
|-heal|p1a: Gliscor|56/100 tox|[from] ability: Poison Heal
|upkeep
|turn|15
|
|t:|1769354021
|switch|p1a: Clefable|Clefable, F|100/100
|move|p2a: Samurott|Ceaseless Edge|p1a: Clefable|[miss]
|-miss|p2a: Samurott|p1a: Clefable
|
|upkeep
|turn|16
|
|t:|1769354030
|move|p2a: Samurott|Aqua Cutter|p1a: Clefable
|-damage|p1a: Clefable|63/100
|move|p1a: Clefable|Thunder Wave|p2a: Samurott
|-status|p2a: Samurott|par
|
|upkeep
|turn|17
|
|t:|1769354035
|switch|p2a: Scizor|Scizor, M|71/100
|move|p1a: Clefable|Moonlight|p1a: Clefable
|-heal|p1a: Clefable|100/100
|
|upkeep
|turn|18
|
|t:|1769354042
|switch|p1a: Toxapex|Toxapex, F|48/100 brn
|-damage|p1a: Toxapex|36/100 brn|[from] Stealth Rock
|move|p2a: Scizor|U-turn|p1a: Toxapex
|-resisted|p1a: Toxapex
|-damage|p1a: Toxapex|14/100 brn
|
|t:|1769354045
|switch|p2a: Samurott|Samurott-Hisui, M|100/100 par|[from] U-turn
|
|-damage|p1a: Toxapex|8/100 brn|[from] brn
|upkeep
|turn|19
|
|t:|1769354050
|switch|p1a: Dondozo|Dondozo, F|100/100
|-damage|p1a: Dondozo|88/100|[from] Stealth Rock
|move|p2a: Samurott|Ceaseless Edge|p1a: Dondozo
|-damage|p1a: Dondozo|69/100
|-sidestart|p1: swagswag234|Spikes
|
|-heal|p1a: Dondozo|75/100|[from] item: Leftovers
|upkeep
|turn|20
|
|t:|1769354057
|switch|p2a: Ogerpon|Ogerpon-Wellspring, F|100/100
|move|p1a: Dondozo|Body Press|p2a: Ogerpon
|-damage|p2a: Ogerpon|66/100
|
|-heal|p1a: Dondozo|81/100|[from] item: Leftovers
|upkeep
|turn|21
|
|t:|1769354073
|switch|p1a: Duraludon|Duraludon, M|100/100
|-damage|p1a: Duraludon|94/100|[from] Stealth Rock
|-damage|p1a: Duraludon|82/100|[from] Spikes
|move|p2a: Ogerpon|Swords Dance|p2a: Ogerpon
|-boost|p2a: Ogerpon|atk|2
|
|upkeep
|turn|22
|
|t:|1769354077
|move|p2a: Ogerpon|Knock Off|p1a: Duraludon
|-damage|p1a: Duraludon|39/100
|-enditem|p1a: Duraludon|Eviolite|[from] move: Knock Off|[of] p2a: Ogerpon
|move|p1a: Duraludon|Body Press|p2a: Ogerpon
|-damage|p2a: Ogerpon|34/100
|
|upkeep
|turn|23
|
|t:|1769354086
|switch|p2a: Dragapult|Dragapult, F|100/100
|move|p1a: Duraludon|Body Press|p2a: Dragapult
|-immune|p2a: Dragapult
|
|upkeep
|turn|24
|
|t:|1769354091
|move|p2a: Dragapult|Shadow Ball|p1a: Duraludon
|-damage|p1a: Duraludon|0 fnt
|faint|p1a: Duraludon
|
|upkeep
|
|t:|1769354096
|switch|p1a: Corviknight|Corviknight, M|60/100
|-damage|p1a: Corviknight|48/100|[from] Stealth Rock
|-ability|p1a: Corviknight|Pressure
|turn|25
|
|t:|1769354101
|move|p2a: Dragapult|Shadow Ball|p1a: Corviknight
|-damage|p1a: Corviknight|0 fnt
|faint|p1a: Corviknight
|
|upkeep
|
|t:|1769354111
|switch|p1a: Clefable|Clefable, F|100/100
|turn|26
|
|t:|1769354129
|switch|p2a: Scizor|Scizor, M|71/100
|move|p1a: Clefable|Moonblast|p2a: Scizor
|-resisted|p2a: Scizor
|-damage|p2a: Scizor|47/100
|
|upkeep
|turn|27
|
|t:|1769354138
|move|p2a: Scizor|Knock Off|p1a: Clefable
|-resisted|p1a: Clefable
|-damage|p1a: Clefable|78/100
|-enditem|p1a: Clefable|Heavy-Duty Boots|[from] move: Knock Off|[of] p2a: Scizor
|move|p1a: Clefable|Moonblast|p2a: Scizor
|-resisted|p2a: Scizor
|-damage|p2a: Scizor|24/100
|-unboost|p2a: Scizor|spa|1
|
|upkeep
|turn|28
|
|t:|1769354159
|switch|p2a: Samurott|Samurott-Hisui, M|100/100 par
|switch|p1a: Gliscor|Gliscor, F|56/100 tox
|-damage|p1a: Gliscor|44/100 tox|[from] Stealth Rock
|
|-heal|p1a: Gliscor|56/100 tox|[from] ability: Poison Heal
|upkeep
|turn|29
|
|t:|1769354171
|switch|p1a: Dondozo|Dondozo, F|81/100
|-damage|p1a: Dondozo|69/100|[from] Stealth Rock
|-damage|p1a: Dondozo|56/100|[from] Spikes
|move|p2a: Samurott|Swords Dance|p2a: Samurott
|-boost|p2a: Samurott|atk|2
|
|-heal|p1a: Dondozo|62/100|[from] item: Leftovers
|upkeep
|turn|30
|
|t:|1769354179
|cant|p2a: Samurott|par
|move|p1a: Dondozo|Body Press|p2a: Samurott
|-supereffective|p2a: Samurott
|-damage|p2a: Samurott|24/100 par
|-damage|p1a: Dondozo|46/100|[from] item: Rocky Helmet|[of] p2a: Samurott
|
|-heal|p1a: Dondozo|52/100|[from] item: Leftovers
|upkeep
|turn|31
|
|t:|1769354188
|move|p2a: Samurott|Ceaseless Edge|p1a: Dondozo
|-damage|p1a: Dondozo|33/100
|-sidestart|p1: swagswag234|Spikes
|move|p1a: Dondozo|Rest|p1a: Dondozo
|-status|p1a: Dondozo|slp|[from] move: Rest
|-heal|p1a: Dondozo|100/100 slp|[silent]
|
|upkeep
|turn|32
|
|t:|1769354193
|move|p2a: Samurott|Ceaseless Edge|p1a: Dondozo
|-damage|p1a: Dondozo|81/100 slp
|-sidestart|p1: swagswag234|Spikes
|cant|p1a: Dondozo|slp
|move|p1a: Dondozo|Sleep Talk|p1a: Dondozo
|move|p1a: Dondozo|Body Press|p2a: Samurott|[from] move: Sleep Talk
|-supereffective|p2a: Samurott
|-damage|p2a: Samurott|0 fnt
|-damage|p1a: Dondozo|64/100 slp|[from] item: Rocky Helmet|[of] p2a: Samurott
|faint|p2a: Samurott
|
|-heal|p1a: Dondozo|70/100 slp|[from] item: Leftovers
|upkeep
|
|t:|1769354201
|switch|p2a: Ogerpon|Ogerpon-Wellspring, F|34/100
|turn|33
|
|t:|1769354204
|-terastallize|p1a: Dondozo|Grass
|move|p2a: Ogerpon|Power Whip|p1a: Dondozo
|-resisted|p1a: Dondozo
|-damage|p1a: Dondozo|55/100 slp
|cant|p1a: Dondozo|slp
|move|p1a: Dondozo|Sleep Talk|p1a: Dondozo
|move|p1a: Dondozo|Avalanche|p2a: Ogerpon|[from] move: Sleep Talk
|-damage|p2a: Ogerpon|0 fnt
|faint|p2a: Ogerpon
|
|-heal|p1a: Dondozo|61/100 slp|[from] item: Leftovers
|upkeep
|
|t:|1769354212
|switch|p2a: Dragapult|Dragapult, F|100/100
|turn|34
|
|t:|1769354229
|switch|p1a: Gliscor|Gliscor, F|56/100 tox
|-damage|p1a: Gliscor|44/100 tox|[from] Stealth Rock
|move|p2a: Dragapult|Shadow Ball|p1a: Gliscor
|-damage|p1a: Gliscor|0 fnt
|faint|p1a: Gliscor
|
|upkeep
|
|t:|1769354233
|switch|p1a: Toxapex|Toxapex, F|41/100 brn
|-damage|p1a: Toxapex|29/100 brn|[from] Stealth Rock
|-damage|p1a: Toxapex|4/100 brn|[from] Spikes
|turn|35
|-message|swagswag234 forfeited.
|
|win|Teefryingpan
|raw|swagswag234's rating: 1552 &rarr; <strong>1529</strong><br />(-23 for losing)
|raw|Teefryingpan's rating: 1495 &rarr; <strong>1518</strong><br />(+23 for winning)
|l|☆swagswag234
|player|p1|
