|j|☆Chudmaster445
|j|☆hejsk
|t:|1769436393
|gametype|singles
|player|p1|Chudmaster445|dancer|1088
|player|p2|hejsk|266|1094
|gen|9
|tier|[Gen 9] OU
|rated|
|rule|HP Percentage Mod: HP is shown in percentages
|rule|Endless Battle Clause: Forcing endless battles is banned
|rule|Species Clause: Limit one of each Pokémon
|rule|OHKO Clause: OHKO moves are banned
|rule|Evasion Items Clause: Evasion items are banned
|rule|Evasion Moves Clause: Evasion moves are banned
|rule|Evasion Abilities Clause: Evasion abilities are banned
|rule|Sleep Moves Clause: Sleep-inducing moves are banned
|clearpoke
|poke|p1|Chandelure, M|
|poke|p1|Garganacl, F|
|poke|p1|Bellibolt, F|
|poke|p1|Grafaiai, M|
|poke|p1|Arboliva, M|
|poke|p1|Cryogonal|
|poke|p2|Gholdengo|
|poke|p2|Tyranitar, F|
|poke|p2|Quaquaval, F|
|poke|p2|Amoonguss, M|
|poke|p2|Iron Treads|
|poke|p2|Dragonite, F|
|teampreview
|c|☆hejsk|Glhf
|
|t:|1769436406
|teamsize|p1|6
|teamsize|p2|6
|start
|switch|p1a: Garganacl|Garganacl, F|100/100
|switch|p2a: Iron Treads|Iron Treads|100/100
|turn|1
|
|t:|1769436411
|move|p2a: Iron Treads|Earthquake|p1a: Garganacl
|-supereffective|p1a: Garganacl
|-damage|p1a: Garganacl|54/100
|move|p1a: Garganacl|Salt Cure|p2a: Iron Treads
|-resisted|p2a: Iron Treads
|-damage|p2a: Iron Treads|98/100
|-start|p2a: Iron Treads|Salt Cure
|
|-heal|p2a: Iron Treads|100/100|[from] item: Leftovers
|-heal|p1a: Garganacl|61/100|[from] item: Leftovers
|-damage|p2a: Iron Treads|75/100|[from] Salt Cure
|upkeep
|turn|2
|
|t:|1769436416
|move|p2a: Iron Treads|Earthquake|p1a: Garganacl
|-supereffective|p1a: Garganacl
|-damage|p1a: Garganacl|19/100
|move|p1a: Garganacl|Recover|p1a: Garganacl
|-heal|p1a: Garganacl|69/100
|
|-heal|p2a: Iron Treads|82/100|[from] item: Leftovers
|-heal|p1a: Garganacl|75/100|[from] item: Leftovers
|-damage|p2a: Iron Treads|57/100|[from] Salt Cure
|upkeep
|turn|3
|
|t:|1769436421
|move|p2a: Iron Treads|Earthquake|p1a: Garganacl
|-supereffective|p1a: Garganacl
|-damage|p1a: Garganacl|31/100
|move|p1a: Garganacl|Recover|p1a: Garganacl
|-heal|p1a: Garganacl|81/100
|
|-heal|p2a: Iron Treads|63/100|[from] item: Leftovers
|-heal|p1a: Garganacl|87/100|[from] item: Leftovers
|-damage|p2a: Iron Treads|38/100|[from] Salt Cure
|upkeep
|turn|4
|
|t:|1769436424
|move|p2a: Iron Treads|Stealth Rock|p1a: Garganacl
|-sidestart|p1: Chudmaster445|move: Stealth Rock
|move|p1a: Garganacl|Recover|p1a: Garganacl
|-heal|p1a: Garganacl|100/100
|
|-heal|p2a: Iron Treads|44/100|[from] item: Leftovers
|-damage|p2a: Iron Treads|19/100|[from] Salt Cure
|upkeep
|turn|5
|
|t:|1769436428
|move|p1a: Garganacl|Protect|p1a: Garganacl
|-singleturn|p1a: Garganacl|Protect
|move|p2a: Iron Treads|Heavy Slam|p1a: Garganacl
|-activate|p1a: Garganacl|move: Protect
|
|-heal|p2a: Iron Treads|25/100|[from] item: Leftovers
|-damage|p2a: Iron Treads|0 fnt|[from] Salt Cure
|faint|p2a: Iron Treads
|-end|p2a: Iron Treads|Quark Drive|[silent]
|upkeep
|
|t:|1769436435
|switch|p2a: Quaquaval|Quaquaval, F, shiny|100/100
|turn|6
|
|t:|1769436456
|switch|p1a: Bellibolt|Bellibolt, F|100/100
|-damage|p1a: Bellibolt|88/100|[from] Stealth Rock
|move|p2a: Quaquaval|Aqua Step|p1a: Bellibolt
|-damage|p1a: Bellibolt|50/100
|-boost|p2a: Quaquaval|spe|1
|-start|p1a: Bellibolt|Charge|Aqua Step|[from] ability: Electromorphosis
|
|upkeep
|turn|7
|
|t:|1769436472
|move|p2a: Quaquaval|Close Combat|p1a: Bellibolt
|-damage|p1a: Bellibolt|0 fnt
|-unboost|p2a: Quaquaval|def|1
|-unboost|p2a: Quaquaval|spd|1
|faint|p1a: Bellibolt
|-ability|p2a: Quaquaval|Moxie|boost
|-boost|p2a: Quaquaval|atk|1
|
|upkeep
|
|t:|1769436482
|switch|p1a: Arboliva|Arboliva, M|100/100
|-damage|p1a: Arboliva|88/100|[from] Stealth Rock
|turn|8
|
|t:|1769436487
|switch|p2a: Dragonite|Dragonite, F, shiny|100/100
|move|p1a: Arboliva|Strength Sap|p2a: Dragonite
|-unboost|p2a: Dragonite|atk|1
|-heal|p1a: Arboliva|100/100
|
|upkeep
|turn|9
|
|t:|1769436493
|move|p2a: Dragonite|Dragon Dance|p2a: Dragonite
|-boost|p2a: Dragonite|atk|1
|-boost|p2a: Dragonite|spe|1
|move|p1a: Arboliva|Leech Seed|p2a: Dragonite
|-start|p2a: Dragonite|move: Leech Seed
|
|-damage|p2a: Dragonite|88/100|[from] Leech Seed|[of] p1a: Arboliva
|upkeep
|turn|10
|
|t:|1769436500
|switch|p1a: Cryogonal|Cryogonal|100/100
|-damage|p1a: Cryogonal|76/100|[from] Stealth Rock
|move|p2a: Dragonite|Dragon Dance|p2a: Dragonite
|-boost|p2a: Dragonite|atk|1
|-boost|p2a: Dragonite|spe|1
|
|-heal|p2a: Dragonite|94/100|[from] item: Leftovers
|-damage|p2a: Dragonite|82/100|[from] Leech Seed|[of] p1a: Cryogonal
|-heal|p1a: Cryogonal|92/100|[silent]
|upkeep
|turn|11
|
|t:|1769436511
|-terastallize|p2a: Dragonite|Steel
|move|p2a: Dragonite|Dragon Claw|p1a: Cryogonal
|-damage|p1a: Cryogonal|0 fnt
|faint|p1a: Cryogonal
|
|-heal|p2a: Dragonite|88/100|[from] item: Leftovers
|upkeep
|
|t:|1769436514
|switch|p1a: Chandelure|Chandelure, M|100/100
|-damage|p1a: Chandelure|76/100|[from] Stealth Rock
|turn|12
|
|t:|1769436519
|switch|p2a: Quaquaval|Quaquaval, F, shiny|100/100
|move|p1a: Chandelure|Heat Wave|p2a: Quaquaval
|-resisted|p2a: Quaquaval
|-damage|p2a: Quaquaval|67/100
|
|upkeep
|turn|13
|
|t:|1769436523
|switch|p1a: Arboliva|Arboliva, M|100/100
|-damage|p1a: Arboliva|88/100|[from] Stealth Rock
|move|p2a: Quaquaval|Aqua Step|p1a: Arboliva
|-resisted|p1a: Arboliva
|-damage|p1a: Arboliva|66/100
|-boost|p2a: Quaquaval|spe|1
|-fieldstart|move: Grassy Terrain|[from] ability: Seed Sower|[of] p1a: Arboliva
|
|-heal|p2a: Quaquaval|73/100|[from] Grassy Terrain
|-heal|p1a: Arboliva|72/100|[from] Grassy Terrain
|-heal|p1a: Arboliva|79/100|[from] item: Leftovers
|upkeep
|turn|14
|
|t:|1769436531
|switch|p2a: Dragonite|Dragonite, F, shiny, tera:Steel|88/100
|move|p1a: Arboliva|Giga Drain|p2a: Dragonite
|-resisted|p2a: Dragonite
|-crit|p2a: Dragonite
|-damage|p2a: Dragonite|62/100
|-heal|p1a: Arboliva|92/100|[from] drain|[of] p2a: Dragonite
|
|-heal|p2a: Dragonite|68/100|[from] Grassy Terrain
|-heal|p2a: Dragonite|74/100|[from] item: Leftovers
|-heal|p1a: Arboliva|99/100|[from] Grassy Terrain
|-heal|p1a: Arboliva|100/100|[from] item: Leftovers
|upkeep
|turn|15
|
|t:|1769436536
|move|p2a: Dragonite|Aerial Ace|p1a: Arboliva
|-supereffective|p1a: Arboliva
|-damage|p1a: Arboliva|24/100
|move|p1a: Arboliva|Earth Power|p2a: Dragonite
|-supereffective|p2a: Dragonite
|-damage|p2a: Dragonite|27/100
|
|-heal|p2a: Dragonite|33/100|[from] Grassy Terrain
|-heal|p2a: Dragonite|40/100|[from] item: Leftovers
|-heal|p1a: Arboliva|30/100|[from] Grassy Terrain
|-heal|p1a: Arboliva|36/100|[from] item: Leftovers
|upkeep
|turn|16
|
|t:|1769436542
|switch|p1a: Garganacl|Garganacl, F|100/100
|-damage|p1a: Garganacl|88/100|[from] Stealth Rock
|move|p2a: Dragonite|Aerial Ace|p1a: Garganacl
|-resisted|p1a: Garganacl
|-damage|p1a: Garganacl|78/100
|
|-heal|p2a: Dragonite|46/100|[from] Grassy Terrain
|-heal|p2a: Dragonite|52/100|[from] item: Leftovers
|-heal|p1a: Garganacl|84/100|[from] Grassy Terrain
|-heal|p1a: Garganacl|90/100|[from] item: Leftovers
|upkeep
|turn|17
|
|t:|1769436547
|move|p2a: Dragonite|Extreme Speed|p1a: Garganacl
|-resisted|p1a: Garganacl
|-crit|p1a: Garganacl
|-damage|p1a: Garganacl|77/100
|move|p1a: Garganacl|Salt Cure|p2a: Dragonite
|-resisted|p2a: Dragonite
|-damage|p2a: Dragonite|46/100
|-start|p2a: Dragonite|Salt Cure
|
|-heal|p2a: Dragonite|53/100|[from] Grassy Terrain
|-heal|p2a: Dragonite|59/100|[from] item: Leftovers
|-heal|p1a: Garganacl|83/100|[from] Grassy Terrain
|-heal|p1a: Garganacl|89/100|[from] item: Leftovers
|-damage|p2a: Dragonite|34/100|[from] Salt Cure
|-fieldend|move: Grassy Terrain
|upkeep
|turn|18
|
|t:|1769436584
|move|p1a: Garganacl|Protect|p1a: Garganacl
|-singleturn|p1a: Garganacl|Protect
|move|p2a: Dragonite|Dragon Claw|p1a: Garganacl
|-activate|p1a: Garganacl|move: Protect
|
|-heal|p2a: Dragonite|40/100|[from] item: Leftovers
|-heal|p1a: Garganacl|95/100|[from] item: Leftovers
|-damage|p2a: Dragonite|15/100|[from] Salt Cure
|upkeep
|turn|19
|
|t:|1769436588
|move|p2a: Dragonite|Dragon Claw|p1a: Garganacl
|-damage|p1a: Garganacl|68/100
|move|p1a: Garganacl|Recover|p1a: Garganacl
|-heal|p1a: Garganacl|100/100
|
|-heal|p2a: Dragonite|21/100|[from] item: Leftovers
|-damage|p2a: Dragonite|0 fnt|[from] Salt Cure
|faint|p2a: Dragonite
|upkeep
|
|t:|1769436599
|switch|p2a: Tyranitar|Tyranitar, F, shiny|100/100
|-weather|Sandstorm|[from] ability: Sand Stream|[of] p2a: Tyranitar
|turn|20
|
|t:|1769436608
|switch|p1a: Grafaiai|Grafaiai, M|100/100
|move|p2a: Tyranitar|Fire Punch|p1a: Grafaiai
|-crit|p1a: Grafaiai
|-damage|p1a: Grafaiai|48/100
|
|-weather|Sandstorm|[upkeep]
|-damage|p1a: Grafaiai|42/100|[from] Sandstorm
|upkeep
|turn|21
|
|t:|1769436614
|move|p1a: Grafaiai|Parting Shot|p2a: Tyranitar
|-hint|Since gen 7, Dark is immune to Prankster moves.
|-immune|p2a: Tyranitar
|move|p2a: Tyranitar|Fire Punch|p1a: Grafaiai
|-damage|p1a: Grafaiai|10/100
|
|-weather|Sandstorm|[upkeep]
|-damage|p1a: Grafaiai|4/100|[from] Sandstorm
|upkeep
|turn|22
|
|t:|1769436626
|switch|p2a: Amoonguss|Amoonguss, M, shiny|100/100
|move|p1a: Grafaiai|Gunk Shot|p2a: Amoonguss
|-damage|p2a: Amoonguss|70/100
|
|-weather|Sandstorm|[upkeep]
|-damage|p1a: Grafaiai|0 fnt|[from] Sandstorm
|-damage|p2a: Amoonguss|64/100|[from] Sandstorm
|faint|p1a: Grafaiai
|-heal|p2a: Amoonguss|70/100|[from] item: Black Sludge
|upkeep
|
|t:|1769436630
|switch|p1a: Chandelure|Chandelure, M|76/100
|-damage|p1a: Chandelure|51/100|[from] Stealth Rock
|turn|23
|
|t:|1769436636
|switch|p2a: Quaquaval|Quaquaval, F, shiny|73/100
|move|p1a: Chandelure|Energy Ball|p2a: Quaquaval
|-supereffective|p2a: Quaquaval
|-damage|p2a: Quaquaval|0 fnt
|faint|p2a: Quaquaval
|
|-weather|Sandstorm|[upkeep]
|-damage|p1a: Chandelure|45/100|[from] Sandstorm
|upkeep
|
|t:|1769436644
|switch|p2a: Gholdengo|Gholdengo|100/100
|turn|24
|
|t:|1769436649
|switch|p1a: Garganacl|Garganacl, F|100/100
|-damage|p1a: Garganacl|88/100|[from] Stealth Rock
|move|p2a: Gholdengo|Shadow Ball|p1a: Garganacl
|-damage|p1a: Garganacl|77/100
|
|-weather|none
|-heal|p1a: Garganacl|83/100|[from] item: Leftovers
|upkeep
|turn|25
|
|t:|1769436660
|move|p2a: Gholdengo|Make It Rain|p1a: Garganacl
|-supereffective|p1a: Garganacl
|-damage|p1a: Garganacl|0 fnt
|-unboost|p2a: Gholdengo|spa|1
|faint|p1a: Garganacl
|
|upkeep
|
|t:|1769436666
|switch|p1a: Chandelure|Chandelure, M|45/100
|-damage|p1a: Chandelure|20/100|[from] Stealth Rock
|turn|26
|
|t:|1769436674
|move|p1a: Chandelure|Heat Wave|p2a: Gholdengo
|-supereffective|p2a: Gholdengo
|-damage|p2a: Gholdengo|0 fnt
|faint|p2a: Gholdengo
|
|upkeep
|
|t:|1769436677
|switch|p2a: Tyranitar|Tyranitar, F, shiny|100/100
|-weather|Sandstorm|[from] ability: Sand Stream|[of] p2a: Tyranitar
|turn|27
|
|t:|1769436683
|switch|p1a: Arboliva|Arboliva, M|36/100
|-damage|p1a: Arboliva|24/100|[from] Stealth Rock
|move|p2a: Tyranitar|Crunch|p1a: Arboliva
|-damage|p1a: Arboliva|0 fnt
|-fieldstart|move: Grassy Terrain|[from] ability: Seed Sower|[of] p1a: Arboliva
|faint|p1a: Arboliva
|
|-weather|Sandstorm|[upkeep]
|upkeep
|
|t:|1769436685
|switch|p1a: Chandelure|Chandelure, M|20/100
|-damage|p1a: Chandelure|0 fnt|[from] Stealth Rock
|faint|p1a: Chandelure
|
|win|hejsk
|raw|Chudmaster445's rating: 1088 &rarr; <strong>1065</strong><br />(-23 for losing)
|raw|hejsk's rating: 1094 &rarr; <strong>1119</strong><br />(+25 for winning)
|l|☆hejsk
|player|p2|
|l|☆Chudmaster445
|player|p1|
