|j|☆SladeRG
|j|☆Hgfhhfghfff
|t:|1769340906
|gametype|singles
|player|p1|SladeRG|102|1325
|player|p2|Hgfhhfghfff|lucas|1372
|gen|9
|tier|[Gen 9] OU
|rated|
|rule|HP Percentage Mod: HP is shown in percentages
|rule|Endless Battle Clause: Forcing endless battles is banned
|rule|Species Clause: Limit one of each Pokémon
|rule|OHKO Clause: OHKO moves are banned
|rule|Evasion Items Clause: Evasion items are banned
|rule|Evasion Moves Clause: Evasion moves are banned
|rule|Evasion Abilities Clause: Evasion abilities are banned
|rule|Sleep Moves Clause: Sleep-inducing moves are banned
|clearpoke
|poke|p1|Torkoal, F|
|poke|p1|Lilligant-Hisui, F|
|poke|p1|Walking Wake|
|poke|p1|Typhlosion-Hisui, F|
|poke|p1|Raging Bolt|
|poke|p1|Corviknight, M|
|poke|p2|Scream Tail|
|poke|p2|Iron Hands|
|poke|p2|Talonflame, M|
|poke|p2|Latios, M|
|poke|p2|Ursaluna, M|
|poke|p2|Mabosstiff, M|
|teampreview
|inactive|Battle timer is ON: inactive players will automatically lose when time's up. (requested by Hgfhhfghfff)
|
|t:|1769340939
|teamsize|p1|6
|teamsize|p2|6
|start
|switch|p1a: Torkoal|Torkoal, F|100/100
|switch|p2a: Mabosstiff|Mabosstiff, M|100/100
|-weather|SunnyDay|[from] ability: Drought|[of] p1a: Torkoal
|turn|1
|
|t:|1769340944
|move|p2a: Mabosstiff|Jaw Lock|p1a: Torkoal
|-damage|p1a: Torkoal|81/100
|-activate|p2a: Mabosstiff|trapped
|-activate|p1a: Torkoal|trapped
|move|p1a: Torkoal|Will-O-Wisp|p2a: Mabosstiff|[miss]
|-miss|p1a: Torkoal|p2a: Mabosstiff
|
|-weather|SunnyDay|[upkeep]
|upkeep
|turn|2
|
|t:|1769340950
|move|p2a: Mabosstiff|Snarl|p1a: Torkoal
|-damage|p1a: Torkoal|66/100
|-unboost|p1a: Torkoal|spa|1
|move|p1a: Torkoal|Will-O-Wisp|p2a: Mabosstiff
|-status|p2a: Mabosstiff|brn
|
|-weather|SunnyDay|[upkeep]
|-damage|p2a: Mabosstiff|94/100 brn|[from] brn
|upkeep
|turn|3
|
|t:|1769340957
|move|p2a: Mabosstiff|Snarl|p1a: Torkoal
|-damage|p1a: Torkoal|51/100
|-unboost|p1a: Torkoal|spa|1
|move|p1a: Torkoal|Stealth Rock|p2a: Mabosstiff
|-sidestart|p2: Hgfhhfghfff|move: Stealth Rock
|
|-weather|SunnyDay|[upkeep]
|-heal|p2a: Mabosstiff|100/100 brn|[from] item: Leftovers
|-damage|p2a: Mabosstiff|94/100 brn|[from] brn
|upkeep
|turn|4
|
|t:|1769340975
|move|p2a: Mabosstiff|Curse|p2a: Mabosstiff
|-unboost|p2a: Mabosstiff|spe|1
|-boost|p2a: Mabosstiff|atk|1
|-boost|p2a: Mabosstiff|def|1
|move|p1a: Torkoal|Lava Plume|p2a: Mabosstiff
|-damage|p2a: Mabosstiff|80/100 brn
|
|-weather|SunnyDay|[upkeep]
|-heal|p2a: Mabosstiff|86/100 brn|[from] item: Leftovers
|-damage|p2a: Mabosstiff|80/100 brn|[from] brn
|upkeep
|turn|5
|
|t:|1769340983
|move|p2a: Mabosstiff|Curse|p2a: Mabosstiff
|-unboost|p2a: Mabosstiff|spe|1
|-boost|p2a: Mabosstiff|atk|1
|-boost|p2a: Mabosstiff|def|1
|move|p1a: Torkoal|Lava Plume|p2a: Mabosstiff
|-damage|p2a: Mabosstiff|64/100 brn
|
|-weather|SunnyDay|[upkeep]
|-heal|p2a: Mabosstiff|70/100 brn|[from] item: Leftovers
|-damage|p2a: Mabosstiff|64/100 brn|[from] brn
|upkeep
|turn|6
|
|t:|1769340989
|move|p2a: Mabosstiff|Curse|p2a: Mabosstiff
|-unboost|p2a: Mabosstiff|spe|1
|-boost|p2a: Mabosstiff|atk|1
|-boost|p2a: Mabosstiff|def|1
|move|p1a: Torkoal|Lava Plume|p2a: Mabosstiff
|-damage|p2a: Mabosstiff|48/100 brn
|
|-weather|SunnyDay|[upkeep]
|-heal|p2a: Mabosstiff|54/100 brn|[from] item: Leftovers
|-damage|p2a: Mabosstiff|48/100 brn|[from] brn
|upkeep
|turn|7
|
|t:|1769340998
|move|p2a: Mabosstiff|Snarl|p1a: Torkoal
|-damage|p1a: Torkoal|36/100
|-unboost|p1a: Torkoal|spa|1
|move|p1a: Torkoal|Lava Plume|p2a: Mabosstiff
|-damage|p2a: Mabosstiff|35/100 brn
|
|-weather|SunnyDay|[upkeep]
|-heal|p2a: Mabosstiff|41/100 brn|[from] item: Leftovers
|-damage|p2a: Mabosstiff|35/100 brn|[from] brn
|upkeep
|turn|8
|
|t:|1769341006
|move|p2a: Mabosstiff|Rest|p2a: Mabosstiff
|-status|p2a: Mabosstiff|slp|[from] move: Rest
|-heal|p2a: Mabosstiff|100/100 slp|[silent]
|move|p1a: Torkoal|Lava Plume|p2a: Mabosstiff
|-damage|p2a: Mabosstiff|88/100 slp
|
|-weather|none
|-heal|p2a: Mabosstiff|94/100 slp|[from] item: Leftovers
|upkeep
|turn|9
|
|t:|1769341012
|cant|p2a: Mabosstiff|slp
|move|p1a: Torkoal|Lava Plume|p2a: Mabosstiff
|-damage|p2a: Mabosstiff|85/100 slp
|
|-heal|p2a: Mabosstiff|91/100 slp|[from] item: Leftovers
|upkeep
|turn|10
|
|t:|1769341018
|cant|p2a: Mabosstiff|slp
|move|p1a: Torkoal|Rapid Spin|p2a: Mabosstiff
|-damage|p2a: Mabosstiff|87/100 slp
|-boost|p1a: Torkoal|spe|1
|
|-heal|p2a: Mabosstiff|93/100 slp|[from] item: Leftovers
|upkeep
|turn|11
|
|t:|1769341025
|move|p1a: Torkoal|Lava Plume|p2a: Mabosstiff
|-damage|p2a: Mabosstiff|85/100 slp
|-curestatus|p2a: Mabosstiff|slp|[msg]
|move|p2a: Mabosstiff|Curse|p2a: Mabosstiff
|-unboost|p2a: Mabosstiff|spe|1
|-boost|p2a: Mabosstiff|atk|1
|-boost|p2a: Mabosstiff|def|1
|
|-heal|p2a: Mabosstiff|91/100|[from] item: Leftovers
|upkeep
|turn|12
|
|t:|1769341029
|move|p1a: Torkoal|Lava Plume|p2a: Mabosstiff
|-damage|p2a: Mabosstiff|83/100
|-status|p2a: Mabosstiff|brn
|move|p2a: Mabosstiff|Curse|p2a: Mabosstiff
|-unboost|p2a: Mabosstiff|spe|1
|-boost|p2a: Mabosstiff|atk|1
|-boost|p2a: Mabosstiff|def|1
|
|-heal|p2a: Mabosstiff|89/100 brn|[from] item: Leftovers
|-damage|p2a: Mabosstiff|83/100 brn|[from] brn
|upkeep
|turn|13
|
|t:|1769341034
|move|p1a: Torkoal|Rapid Spin|p2a: Mabosstiff
|-damage|p2a: Mabosstiff|80/100 brn
|-boost|p1a: Torkoal|spe|1
|move|p2a: Mabosstiff|Curse|p2a: Mabosstiff
|-unboost|p2a: Mabosstiff|spe|1
|-boost|p2a: Mabosstiff|atk|1
|-boost|p2a: Mabosstiff|def|1
|
|-heal|p2a: Mabosstiff|86/100 brn|[from] item: Leftovers
|-damage|p2a: Mabosstiff|80/100 brn|[from] brn
|upkeep
|turn|14
|
|t:|1769341039
|move|p1a: Torkoal|Lava Plume|p2a: Mabosstiff
|-damage|p2a: Mabosstiff|72/100 brn
|move|p2a: Mabosstiff|Snarl|p1a: Torkoal
|-damage|p1a: Torkoal|22/100
|-unboost|p1a: Torkoal|spa|1
|
|-heal|p2a: Mabosstiff|78/100 brn|[from] item: Leftovers
|-damage|p2a: Mabosstiff|72/100 brn|[from] brn
|upkeep
|turn|15
|
|t:|1769341049
|move|p1a: Torkoal|Lava Plume|p2a: Mabosstiff
|-damage|p2a: Mabosstiff|64/100 brn
|move|p2a: Mabosstiff|Snarl|p1a: Torkoal
|-damage|p1a: Torkoal|8/100
|-unboost|p1a: Torkoal|spa|1
|
|-heal|p2a: Mabosstiff|70/100 brn|[from] item: Leftovers
|-damage|p2a: Mabosstiff|64/100 brn|[from] brn
|upkeep
|turn|16
|
|t:|1769341055
|move|p1a: Torkoal|Lava Plume|p2a: Mabosstiff
|-damage|p2a: Mabosstiff|58/100 brn
|move|p2a: Mabosstiff|Rest|p2a: Mabosstiff
|-status|p2a: Mabosstiff|slp|[from] move: Rest
|-heal|p2a: Mabosstiff|100/100 slp|[silent]
|
|upkeep
|turn|17
|
|t:|1769341060
|move|p1a: Torkoal|Rapid Spin|p2a: Mabosstiff
|-damage|p2a: Mabosstiff|98/100 slp
|-boost|p1a: Torkoal|spe|1
|cant|p2a: Mabosstiff|slp
|
|-heal|p2a: Mabosstiff|100/100 slp|[from] item: Leftovers
|upkeep
|turn|18
|
|t:|1769341063
|move|p1a: Torkoal|Rapid Spin|p2a: Mabosstiff
|-damage|p2a: Mabosstiff|98/100 slp
|-boost|p1a: Torkoal|spe|1
|cant|p2a: Mabosstiff|slp
|
|-heal|p2a: Mabosstiff|100/100 slp|[from] item: Leftovers
|upkeep
|turn|19
|
|t:|1769341068
|move|p1a: Torkoal|Rapid Spin|p2a: Mabosstiff
|-damage|p2a: Mabosstiff|98/100 slp
|-boost|p1a: Torkoal|spe|1
|-curestatus|p2a: Mabosstiff|slp|[msg]
|move|p2a: Mabosstiff|Jaw Lock|p1a: Torkoal
|-damage|p1a: Torkoal|0 fnt
|faint|p1a: Torkoal
|
|-heal|p2a: Mabosstiff|100/100|[from] item: Leftovers
|upkeep
|inactive|SladeRG has 120 seconds left.
|
|t:|1769341123
|switch|p1a: Typhlosion|Typhlosion-Hisui, F|100/100
|turn|20
|
|t:|1769341128
|move|p1a: Typhlosion|Focus Blast|p2a: Mabosstiff
|-supereffective|p2a: Mabosstiff
|-damage|p2a: Mabosstiff|38/100
|move|p2a: Mabosstiff|Jaw Lock|p1a: Typhlosion
|-supereffective|p1a: Typhlosion
|-damage|p1a: Typhlosion|0 fnt
|faint|p1a: Typhlosion
|
|-heal|p2a: Mabosstiff|44/100|[from] item: Leftovers
|upkeep
|
|t:|1769341137
|switch|p1a: Walking Wake|Walking Wake|100/100
|turn|21
|
|t:|1769341141
|move|p1a: Walking Wake|Draco Meteor|p2a: Mabosstiff
|-damage|p2a: Mabosstiff|0 fnt
|-unboost|p1a: Walking Wake|spa|2
|faint|p2a: Mabosstiff
|
|upkeep
|
|t:|1769341147
|switch|p2a: Latios|Latios, M|100/100
|-damage|p2a: Latios|88/100|[from] Stealth Rock
|turn|22
|
|t:|1769341155
|-end|p1a: Walking Wake|Protosynthesis|[silent]
|switch|p1a: Corviknight|Corviknight, M|100/100
|-ability|p1a: Corviknight|Pressure
|move|p2a: Latios|Trick|p1a: Corviknight
|-activate|p2a: Latios|move: Trick|[of] p1a: Corviknight
|-item|p1a: Corviknight|Choice Scarf|[from] move: Trick
|-item|p2a: Latios|Rocky Helmet|[from] move: Trick
|
|upkeep
|turn|23
|
|t:|1769341163
|switch|p2a: Talonflame|Talonflame, M|100/100
|move|p1a: Corviknight|U-turn|p2a: Talonflame
|-resisted|p2a: Talonflame
|-damage|p2a: Talonflame|96/100
|
|t:|1769341170
|switch|p1a: Walking Wake|Walking Wake|100/100|[from] U-turn
|
|upkeep
|turn|24
|
|t:|1769341174
|switch|p2a: Scream Tail|Scream Tail|100/100
|-damage|p2a: Scream Tail|88/100|[from] Stealth Rock
|move|p1a: Walking Wake|Hydro Steam|p2a: Scream Tail
|-damage|p2a: Scream Tail|54/100
|
|-heal|p2a: Scream Tail|60/100|[from] item: Leftovers
|upkeep
|turn|25
|
|t:|1769341181
|-end|p1a: Walking Wake|Protosynthesis|[silent]
|switch|p1a: Corviknight|Corviknight, M|100/100
|-ability|p1a: Corviknight|Pressure
|move|p2a: Scream Tail|Wish|p2a: Scream Tail
|
|-heal|p2a: Scream Tail|67/100|[from] item: Leftovers
|upkeep
|turn|26
|
|t:|1769341190
|move|p1a: Corviknight|Brave Bird|p2a: Scream Tail
|-damage|p2a: Scream Tail|39/100
|-damage|p1a: Corviknight|90/100|[from] Recoil
|move|p2a: Scream Tail|Trick Room|p2a: Scream Tail
|-fieldstart|move: Trick Room|[of] p2a: Scream Tail
|
|-heal|p2a: Scream Tail|89/100|[from] move: Wish|[wisher] Scream Tail
|-heal|p2a: Scream Tail|95/100|[from] item: Leftovers
|upkeep
|turn|27
|
|t:|1769341194
|-end|p2a: Scream Tail|Protosynthesis|[silent]
|switch|p2a: Talonflame|Talonflame, M|96/100
|move|p1a: Corviknight|Brave Bird|p2a: Talonflame
|-damage|p2a: Talonflame|50/100
|-status|p1a: Corviknight|brn|[from] ability: Flame Body|[of] p2a: Talonflame
|-damage|p1a: Corviknight|77/100 brn|[from] Recoil
|
|-damage|p1a: Corviknight|71/100 brn|[from] brn
|upkeep
|turn|28
|inactive|SladeRG has 120 seconds left.
|
|t:|1769341232
|switch|p1a: Raging Bolt|Raging Bolt|100/100
|move|p2a: Talonflame|Defog|p1a: Raging Bolt
|-unboost|p1a: Raging Bolt|evasion|1
|-sideend|p2: Hgfhhfghfff|Stealth Rock|[from] move: Defog|[of] p2a: Talonflame
|
|upkeep
|turn|29
|inactive|SladeRG has 120 seconds left.
|
|t:|1769341242
|move|p1a: Raging Bolt|Thunderbolt|p2a: Talonflame
|-supereffective|p2a: Talonflame
|-damage|p2a: Talonflame|0 fnt
|faint|p2a: Talonflame
|
|upkeep
|
|t:|1769341252
|switch|p2a: Ursaluna|Ursaluna, M|100/100
|turn|30
|inactive|SladeRG has 120 seconds left.
|
|t:|1769341285
|switch|p2a: Scream Tail|Scream Tail|95/100
|-end|p1a: Raging Bolt|Protosynthesis|[silent]
|switch|p1a: Corviknight|Corviknight, M|71/100 brn
|-ability|p1a: Corviknight|Pressure
|
|-heal|p2a: Scream Tail|100/100|[from] item: Leftovers
|-damage|p1a: Corviknight|65/100 brn|[from] brn
|-fieldend|move: Trick Room
|upkeep
|turn|31
|
|t:|1769341298
|-end|p2a: Scream Tail|Protosynthesis|[silent]
|switch|p2a: Ursaluna|Ursaluna, M|100/100
|move|p1a: Corviknight|U-turn|p2a: Ursaluna
|-damage|p2a: Ursaluna|96/100
|
|t:|1769341308
|switch|p1a: Walking Wake|Walking Wake|100/100|[from] U-turn
|
|-status|p2a: Ursaluna|brn|[from] item: Flame Orb
|upkeep
|turn|32
|
|t:|1769341314
|switch|p2a: Scream Tail|Scream Tail|100/100
|-terastallize|p1a: Walking Wake|Water
|move|p1a: Walking Wake|Hydro Steam|p2a: Scream Tail
|-crit|p2a: Scream Tail
|-damage|p2a: Scream Tail|35/100
|
|-heal|p2a: Scream Tail|41/100|[from] item: Leftovers
|upkeep
|turn|33
|inactive|SladeRG has 120 seconds left.
|
|t:|1769341320
|move|p2a: Scream Tail|Protect|p2a: Scream Tail
|-singleturn|p2a: Scream Tail|Protect
|move|p1a: Walking Wake|Hydro Steam|p2a: Scream Tail
|-activate|p2a: Scream Tail|move: Protect
|
|-heal|p2a: Scream Tail|48/100|[from] item: Leftovers
|upkeep
|turn|34
|
|t:|1769341335
|-terastallize|p2a: Scream Tail|Water
|move|p1a: Walking Wake|Hydro Steam|p2a: Scream Tail
|-resisted|p2a: Scream Tail
|-damage|p2a: Scream Tail|25/100
|move|p2a: Scream Tail|Wish|p2a: Scream Tail
|
|-heal|p2a: Scream Tail|31/100|[from] item: Leftovers
|upkeep
|turn|35
|
|t:|1769341353
|-end|p1a: Walking Wake|Protosynthesis|[silent]
|switch|p1a: Corviknight|Corviknight, M|65/100 brn
|-ability|p1a: Corviknight|Pressure
|move|p2a: Scream Tail|Trick Room|p2a: Scream Tail
|-fieldstart|move: Trick Room|[of] p2a: Scream Tail
|
|-heal|p2a: Scream Tail|81/100|[from] move: Wish|[wisher] Scream Tail
|-heal|p2a: Scream Tail|87/100|[from] item: Leftovers
|-damage|p1a: Corviknight|59/100 brn|[from] brn
|upkeep
|turn|36
|
|t:|1769341358
|-end|p2a: Scream Tail|Protosynthesis|[silent]
|switch|p2a: Iron Hands|Iron Hands|100/100
|move|p1a: Corviknight|U-turn|p2a: Iron Hands
|-resisted|p2a: Iron Hands
|-damage|p2a: Iron Hands|99/100
|inactive|SladeRG has 120 seconds left.
|
|t:|1769341381
|switch|p1a: Walking Wake|Walking Wake, tera:Water|100/100|[from] U-turn
|
|-heal|p2a: Iron Hands|100/100|[from] item: Leftovers
|upkeep
|turn|37
|inactive|SladeRG has 120 seconds left.
|
|t:|1769341398
|-end|p1a: Walking Wake|Protosynthesis|[silent]
|switch|p1a: Raging Bolt|Raging Bolt|100/100
|move|p2a: Iron Hands|Supercell Slam|p1a: Raging Bolt
|-resisted|p1a: Raging Bolt
|-damage|p1a: Raging Bolt|91/100
|
|upkeep
|turn|38
|inactive|SladeRG has 120 seconds left.
|
|t:|1769341406
|move|p2a: Iron Hands|Swords Dance|p2a: Iron Hands
|-boost|p2a: Iron Hands|atk|2
|move|p1a: Raging Bolt|Thunderbolt|p2a: Iron Hands
|-resisted|p2a: Iron Hands
|-damage|p2a: Iron Hands|77/100
|
|-heal|p2a: Iron Hands|83/100|[from] item: Leftovers
|upkeep
|turn|39
|inactive|SladeRG has 120 seconds left.
|inactive|SladeRG has 90 seconds left.
|inactive|SladeRG has 60 seconds left.
|inactive|SladeRG has 30 seconds left.
|inactive|SladeRG has 20 seconds left.
|
|t:|1769341519
|move|p2a: Iron Hands|Ice Punch|p1a: Raging Bolt
|-supereffective|p1a: Raging Bolt
|-damage|p1a: Raging Bolt|22/100
|move|p1a: Raging Bolt|Weather Ball|p2a: Iron Hands
|-damage|p2a: Iron Hands|65/100
|
|-heal|p2a: Iron Hands|72/100|[from] item: Leftovers
|-fieldend|move: Trick Room
|upkeep
|turn|40
|inactive|SladeRG has 30 seconds left this turn.
|
|t:|1769341526
|move|p1a: Raging Bolt|Volt Switch|p2a: Iron Hands
|-resisted|p2a: Iron Hands
|-damage|p2a: Iron Hands|52/100
|inactive|SladeRG has 30 seconds left this turn.
|
|t:|1769341529
|-end|p1a: Raging Bolt|Protosynthesis|[silent]
|switch|p1a: Walking Wake|Walking Wake, tera:Water|100/100|[from] Volt Switch
|move|p2a: Iron Hands|Drain Punch|p1a: Walking Wake
|-damage|p1a: Walking Wake|31/100
|-heal|p2a: Iron Hands|75/100|[from] drain|[of] p1a: Walking Wake
|
|-heal|p2a: Iron Hands|81/100|[from] item: Leftovers
|upkeep
|turn|41
|inactive|SladeRG has 30 seconds left.
|
|t:|1769341540
|-end|p2a: Iron Hands|Quark Drive|[silent]
|switch|p2a: Scream Tail|Scream Tail, tera:Water|87/100
|move|p1a: Walking Wake|Draco Meteor|p2a: Scream Tail
|-damage|p2a: Scream Tail|32/100
|-unboost|p1a: Walking Wake|spa|2
|
|-heal|p2a: Scream Tail|38/100|[from] item: Leftovers
|upkeep
|turn|42
|
|t:|1769341551
|move|p1a: Walking Wake|Draco Meteor|p2a: Scream Tail
|-damage|p2a: Scream Tail|11/100
|-unboost|p1a: Walking Wake|spa|2
|move|p2a: Scream Tail|Wish|p2a: Scream Tail
|
|-heal|p2a: Scream Tail|18/100|[from] item: Leftovers
|upkeep
|turn|43
|inactive|SladeRG has 30 seconds left.
|inactive|SladeRG has 20 seconds left.
|inactive|SladeRG has 15 seconds left.
|inactive|SladeRG has 10 seconds left.
|inactive|SladeRG has 5 seconds left.
|-message|SladeRG lost due to inactivity.
|
|win|Hgfhhfghfff
|raw|SladeRG's rating: 1325 &rarr; <strong>1308</strong><br />(-17 for losing)
|raw|Hgfhhfghfff's rating: 1372 &rarr; <strong>1389</strong><br />(+17 for winning)
|l|☆Hgfhhfghfff
|player|p2|
|l|☆SladeRG
|player|p1|
