|j|☆wtxcykl
|j|☆ManguBV
|t:|1769298287
|gametype|singles
|player|p1|wtxcykl|cynthia-gen4|1128
|player|p2|ManguBV|red|1139
|gen|9
|tier|[Gen 9] OU
|rated|
|rule|HP Percentage Mod: HP is shown in percentages
|rule|Endless Battle Clause: Forcing endless battles is banned
|rule|Species Clause: Limit one of each Pokémon
|rule|OHKO Clause: OHKO moves are banned
|rule|Evasion Items Clause: Evasion items are banned
|rule|Evasion Moves Clause: Evasion moves are banned
|rule|Evasion Abilities Clause: Evasion abilities are banned
|rule|Sleep Moves Clause: Sleep-inducing moves are banned
|clearpoke
|poke|p1|Hoopa-Unbound|
|poke|p1|Tornadus, M|
|poke|p1|Whimsicott, M|
|poke|p1|Scizor, M|
|poke|p1|Porygon-Z|
|poke|p1|Articuno-Galar|
|poke|p2|Iron Valiant|
|poke|p2|Great Tusk|
|poke|p2|Dragonite, M|
|poke|p2|Deoxys-Speed|
|poke|p2|Glimmora, F|
|poke|p2|Kingambit, M|
|teampreview
|inactive|Battle timer is ON: inactive players will automatically lose when time's up. (requested by wtxcykl)
|
|t:|1769298320
|teamsize|p1|6
|teamsize|p2|6
|start
|switch|p1a: Porygon-Z|Porygon-Z|100/100
|switch|p2a: Iron Valiant|Iron Valiant|100/100
|-ability|p1a: Porygon-Z|Download|boost
|-boost|p1a: Porygon-Z|spa|1
|-enditem|p2a: Iron Valiant|Booster Energy
|-activate|p2a: Iron Valiant|ability: Quark Drive|[fromitem]
|-start|p2a: Iron Valiant|quarkdrivespe
|turn|1
|
|t:|1769298332
|move|p2a: Iron Valiant|Knock Off|p1a: Porygon-Z
|-damage|p1a: Porygon-Z|64/100
|-enditem|p1a: Porygon-Z|Life Orb|[from] move: Knock Off|[of] p2a: Iron Valiant
|move|p1a: Porygon-Z|Agility|p1a: Porygon-Z
|-boost|p1a: Porygon-Z|spe|2
|
|upkeep
|turn|2
|
|t:|1769298340
|move|p2a: Iron Valiant|Close Combat|p1a: Porygon-Z
|-supereffective|p1a: Porygon-Z
|-damage|p1a: Porygon-Z|0 fnt
|-unboost|p2a: Iron Valiant|def|1
|-unboost|p2a: Iron Valiant|spd|1
|faint|p1a: Porygon-Z
|
|upkeep
|
|t:|1769298348
|switch|p1a: Scizor|Scizor, M|100/100
|turn|3
|
|t:|1769298355
|-end|p2a: Iron Valiant|Quark Drive|[silent]
|switch|p2a: Dragonite|Dragonite, M|100/100
|move|p1a: Scizor|U-turn|p2a: Dragonite
|-resisted|p2a: Dragonite
|-damage|p2a: Dragonite|84/100
|
|t:|1769298375
|switch|p1a: Whimsicott|Whimsicott, M|100/100|[from] U-turn
|
|-heal|p2a: Dragonite|91/100|[from] item: Leftovers
|upkeep
|turn|4
|
|t:|1769298393
|move|p1a: Whimsicott|Stun Spore|p2a: Dragonite|[miss]
|-miss|p1a: Whimsicott|p2a: Dragonite
|move|p2a: Dragonite|Dragon Dance|p2a: Dragonite
|-boost|p2a: Dragonite|atk|1
|-boost|p2a: Dragonite|spe|1
|
|-heal|p2a: Dragonite|97/100|[from] item: Leftovers
|upkeep
|turn|5
|
|t:|1769298413
|move|p1a: Whimsicott|Stun Spore|p2a: Dragonite|[miss]
|-miss|p1a: Whimsicott|p2a: Dragonite
|move|p2a: Dragonite|Fire Punch|p1a: Whimsicott
|-supereffective|p1a: Whimsicott
|-damage|p1a: Whimsicott|13/100
|-enditem|p1a: Whimsicott|Eject Button
|
|t:|1769298423
|switch|p1a: Tornadus|Tornadus, M|100/100
|
|-heal|p2a: Dragonite|100/100|[from] item: Leftovers
|upkeep
|turn|6
|
|t:|1769298431
|move|p2a: Dragonite|Fire Punch|p1a: Tornadus
|-damage|p1a: Tornadus|62/100
|move|p1a: Tornadus|Knock Off|p2a: Dragonite
|-damage|p2a: Dragonite|89/100
|-enditem|p2a: Dragonite|Leftovers|[from] move: Knock Off|[of] p1a: Tornadus
|
|-heal|p1a: Tornadus|68/100|[from] item: Leftovers
|upkeep
|turn|7
|
|t:|1769298443
|switch|p2a: Iron Valiant|Iron Valiant|100/100
|move|p1a: Tornadus|Tailwind|p1a: Tornadus
|-sidestart|p1: wtxcykl|move: Tailwind
|
|-heal|p1a: Tornadus|74/100|[from] item: Leftovers
|upkeep
|turn|8
|
|t:|1769298458
|move|p1a: Tornadus|Bleakwind Storm|p2a: Iron Valiant
|-supereffective|p2a: Iron Valiant
|-damage|p2a: Iron Valiant|0 fnt
|faint|p2a: Iron Valiant
|-end|p2a: Iron Valiant|Quark Drive|[silent]
|
|-heal|p1a: Tornadus|80/100|[from] item: Leftovers
|upkeep
|
|t:|1769298473
|switch|p2a: Glimmora|Glimmora, F|100/100
|turn|9
|
|t:|1769298478
|move|p1a: Tornadus|Knock Off|p2a: Glimmora
|-crit|p2a: Glimmora
|-damage|p2a: Glimmora|56/100
|-activate|p2a: Glimmora|ability: Toxic Debris
|-sidestart|p1: wtxcykl|move: Toxic Spikes
|-enditem|p2a: Glimmora|Power Herb|[from] move: Knock Off|[of] p1a: Tornadus
|move|p2a: Glimmora|Meteor Beam||[still]
|-prepare|p2a: Glimmora|Meteor Beam
|-boost|p2a: Glimmora|spa|1
|
|-heal|p1a: Tornadus|86/100|[from] item: Leftovers
|upkeep
|turn|10
|
|t:|1769298494
|move|p1a: Tornadus|U-turn|p2a: Glimmora
|-resisted|p2a: Glimmora
|-damage|p2a: Glimmora|47/100
|-activate|p2a: Glimmora|ability: Toxic Debris
|-sidestart|p1: wtxcykl|move: Toxic Spikes
|
|t:|1769298503
|switch|p1a: Articuno|Articuno-Galar, shiny|100/100|[from] U-turn
|move|p2a: Glimmora|Meteor Beam|p1a: Articuno|[from] lockedmove
|-supereffective|p1a: Articuno
|-damage|p1a: Articuno|0 fnt
|faint|p1a: Articuno
|
|-sideend|p1: wtxcykl|move: Tailwind
|upkeep
|
|t:|1769298515
|switch|p1a: Scizor|Scizor, M|100/100
|turn|11
|
|t:|1769298520
|move|p1a: Scizor|Bullet Punch|p2a: Glimmora
|-supereffective|p2a: Glimmora
|-damage|p2a: Glimmora|0 fnt
|faint|p2a: Glimmora
|
|upkeep
|
|t:|1769298529
|switch|p2a: Dragonite|Dragonite, M|89/100
|turn|12
|
|t:|1769298535
|switch|p1a: Tornadus|Tornadus, M|86/100
|move|p2a: Dragonite|Fire Punch|p1a: Tornadus
|-damage|p1a: Tornadus|60/100
|
|-heal|p1a: Tornadus|66/100|[from] item: Leftovers
|upkeep
|turn|13
|
|t:|1769298547
|switch|p2a: Deoxys|Deoxys-Speed|100/100
|-ability|p2a: Deoxys|Pressure
|move|p1a: Tornadus|Tailwind|p1a: Tornadus
|-sidestart|p1: wtxcykl|move: Tailwind
|
|-heal|p1a: Tornadus|72/100|[from] item: Leftovers
|upkeep
|turn|14
|
|t:|1769298557
|move|p1a: Tornadus|U-turn|p2a: Deoxys
|-supereffective|p2a: Deoxys
|-crit|p2a: Deoxys
|-damage|p2a: Deoxys|43/100
|
|t:|1769298562
|switch|p1a: Hoopa|Hoopa-Unbound|100/100|[from] U-turn
|-status|p1a: Hoopa|tox
|move|p2a: Deoxys|Light Screen|p2a: Deoxys
|-sidestart|p2: ManguBV|move: Light Screen
|
|-damage|p1a: Hoopa|95/100 tox|[from] psn
|upkeep
|turn|15
|
|t:|1769298577
|-terastallize|p1a: Hoopa|Dark
|move|p1a: Hoopa|Hyperspace Fury|p2a: Deoxys
|-supereffective|p2a: Deoxys
|-crit|p2a: Deoxys
|-damage|p2a: Deoxys|0 fnt
|-unboost|p1a: Hoopa|def|1
|faint|p2a: Deoxys
|
|-damage|p1a: Hoopa|83/100 tox|[from] psn
|upkeep
|
|t:|1769298588
|switch|p2a: Great Tusk|Great Tusk|100/100
|-enditem|p2a: Great Tusk|Booster Energy
|-activate|p2a: Great Tusk|ability: Protosynthesis|[fromitem]
|-start|p2a: Great Tusk|protosynthesisspe
|turn|16
|
|t:|1769298596
|switch|p1a: Tornadus|Tornadus, M|72/100
|move|p2a: Great Tusk|Headlong Rush|p1a: Tornadus
|-immune|p1a: Tornadus
|
|-heal|p1a: Tornadus|78/100|[from] item: Leftovers
|-sideend|p1: wtxcykl|move: Tailwind
|upkeep
|turn|17
|
|t:|1769298606
|-terastallize|p2a: Great Tusk|Poison
|move|p2a: Great Tusk|Head Smash|p1a: Tornadus
|-supereffective|p1a: Tornadus
|-damage|p1a: Tornadus|0 fnt
|faint|p1a: Tornadus
|-damage|p2a: Great Tusk|68/100|[from] Recoil
|
|upkeep
|
|t:|1769298618
|switch|p1a: Scizor|Scizor, M|100/100
|turn|18
|
|t:|1769298637
|move|p1a: Scizor|Bullet Punch|p2a: Great Tusk
|-damage|p2a: Great Tusk|33/100
|move|p2a: Great Tusk|Headlong Rush|p1a: Scizor
|-damage|p1a: Scizor|49/100
|-unboost|p2a: Great Tusk|def|1
|-unboost|p2a: Great Tusk|spd|1
|
|upkeep
|turn|19
|
|t:|1769298650
|move|p1a: Scizor|Bullet Punch|p2a: Great Tusk
|-damage|p2a: Great Tusk|0 fnt
|faint|p2a: Great Tusk
|-end|p2a: Great Tusk|Protosynthesis|[silent]
|
|upkeep
|
|t:|1769298655
|switch|p2a: Dragonite|Dragonite, M|89/100
|turn|20
|
|t:|1769298672
|move|p1a: Scizor|Bullet Punch|p2a: Dragonite
|-damage|p2a: Dragonite|36/100
|move|p2a: Dragonite|Fire Punch|p1a: Scizor
|-supereffective|p1a: Scizor
|-damage|p1a: Scizor|0 fnt
|faint|p1a: Scizor
|
|upkeep
|inactive|wtxcykl has 120 seconds left.
|
|t:|1769298694
|switch|p1a: Hoopa|Hoopa-Unbound, tera:Dark|83/100 tox
|turn|21
|inactive|wtxcykl has 120 seconds left.
|
|t:|1769298705
|move|p2a: Dragonite|Fire Punch|p1a: Hoopa
|-damage|p1a: Hoopa|37/100 tox
|move|p1a: Hoopa|Hyperspace Fury|p2a: Dragonite
|-crit|p2a: Dragonite
|-damage|p2a: Dragonite|0 fnt
|-unboost|p1a: Hoopa|def|1
|faint|p2a: Dragonite
|
|-damage|p1a: Hoopa|31/100 tox|[from] psn
|-sideend|p2: ManguBV|move: Light Screen
|upkeep
|
|t:|1769298717
|switch|p2a: Kingambit|Kingambit, M|100/100
|-activate|p2a: Kingambit|ability: Supreme Overlord
|-start|p2a: Kingambit|fallen5|[silent]
|turn|22
|
|t:|1769298722
|switch|p1a: Whimsicott|Whimsicott, M|13/100
|-status|p1a: Whimsicott|tox
|move|p2a: Kingambit|Sucker Punch||[still]
|-fail|p2a: Kingambit
|
|-damage|p1a: Whimsicott|7/100 tox|[from] psn
|upkeep
|turn|23
|
|t:|1769298740
|move|p1a: Whimsicott|Endeavor|p2a: Kingambit
|-damage|p2a: Kingambit|7/100
|move|p2a: Kingambit|Swords Dance|p2a: Kingambit
|-boost|p2a: Kingambit|atk|2
|
|-damage|p1a: Whimsicott|0 fnt|[from] psn
|faint|p1a: Whimsicott
|upkeep
|
|t:|1769298750
|switch|p1a: Hoopa|Hoopa-Unbound, tera:Dark|31/100 tox
|turn|24
|
|t:|1769298757
|move|p2a: Kingambit|Sucker Punch|p1a: Hoopa
|-resisted|p1a: Hoopa
|-damage|p1a: Hoopa|0 fnt
|faint|p1a: Hoopa
|
|win|ManguBV
|raw|wtxcykl's rating: 1128 &rarr; <strong>1104</strong><br />(-24 for losing)
|raw|ManguBV's rating: 1139 &rarr; <strong>1163</strong><br />(+24 for winning)
|l|☆wtxcykl
|player|p1|
|l|☆ManguBV
|player|p2|
