|j|‽machopped unc
|j|☆CambridgeFoulPlay
|t:|1769333312
|gametype|singles
|player|p1|machopped unc|clown|1797
|player|p2|CambridgeFoulPlay|266|1752
|gen|9
|tier|[Gen 9] OU
|rated|
|rule|HP Percentage Mod: HP is shown in percentages
|rule|Endless Battle Clause: Forcing endless battles is banned
|rule|Species Clause: Limit one of each Pokémon
|rule|OHKO Clause: OHKO moves are banned
|rule|Evasion Items Clause: Evasion items are banned
|rule|Evasion Moves Clause: Evasion moves are banned
|rule|Evasion Abilities Clause: Evasion abilities are banned
|rule|Sleep Moves Clause: Sleep-inducing moves are banned
|clearpoke
|poke|p1|Gholdengo|
|poke|p1|Iron Valiant|
|poke|p1|Ribombee, M|
|poke|p1|Dragonite, F|
|poke|p1|Glimmora, F|
|poke|p1|Kingambit, F|
|poke|p2|Hydrapple, M|
|poke|p2|Tyranitar, F|
|poke|p2|Moltres|
|poke|p2|Zamazenta-*|
|poke|p2|Slowking-Galar, F|
|poke|p2|Excadrill, F|
|teampreview
|c|☆CambridgeFoulPlay|hf
|inactive|Battle timer is ON: inactive players will automatically lose when time's up. (requested by CambridgeFoulPlay)
|
|t:|1769333325
|teamsize|p1|6
|teamsize|p2|6
|start
|switch|p1a: Ribombee|Ribombee, M|100/100
|switch|p2a: Tyranitar|Tyranitar, F|100/100
|-weather|Sandstorm|[from] ability: Sand Stream|[of] p2a: Tyranitar
|turn|1
|
|t:|1769333331
|move|p1a: Ribombee|Sticky Web|p2a: Tyranitar
|-sidestart|p2: CambridgeFoulPlay|move: Sticky Web
|move|p2a: Tyranitar|Stealth Rock|p1a: Ribombee
|-sidestart|p1: machopped unc|move: Stealth Rock
|
|-weather|Sandstorm|[upkeep]
|-damage|p1a: Ribombee|94/100|[from] Sandstorm
|upkeep
|turn|2
|
|t:|1769333334
|move|p1a: Ribombee|Moonblast|p2a: Tyranitar
|-supereffective|p2a: Tyranitar
|-damage|p2a: Tyranitar|64/100
|move|p2a: Tyranitar|Knock Off|p1a: Ribombee
|-resisted|p1a: Ribombee
|-damage|p1a: Ribombee|53/100
|-enditem|p1a: Ribombee|Focus Sash|[from] move: Knock Off|[of] p2a: Tyranitar
|
|-weather|Sandstorm|[upkeep]
|-damage|p1a: Ribombee|47/100|[from] Sandstorm
|upkeep
|turn|3
|
|t:|1769333340
|switch|p2a: Excadrill|Excadrill, F|100/100
|-item|p2a: Excadrill|Air Balloon
|move|p1a: Ribombee|Stun Spore|p2a: Excadrill
|-status|p2a: Excadrill|par
|
|-weather|Sandstorm|[upkeep]
|-damage|p1a: Ribombee|41/100|[from] Sandstorm
|upkeep
|turn|4
|
|t:|1769333357
|switch|p1a: Gholdengo|Gholdengo|100/100
|-damage|p1a: Gholdengo|94/100|[from] Stealth Rock
|-item|p1a: Gholdengo|Air Balloon
|move|p2a: Excadrill|Rapid Spin|p1a: Gholdengo
|-immune|p1a: Gholdengo
|
|-weather|Sandstorm|[upkeep]
|upkeep
|turn|5
|
|t:|1769333365
|move|p2a: Excadrill|Iron Head|p1a: Gholdengo
|-resisted|p1a: Gholdengo
|-damage|p1a: Gholdengo|70/100
|-enditem|p1a: Gholdengo|Air Balloon
|cant|p1a: Gholdengo|flinch
|
|-weather|Sandstorm|[upkeep]
|upkeep
|turn|6
|
|t:|1769333374
|move|p2a: Excadrill|Earthquake|p1a: Gholdengo
|-supereffective|p1a: Gholdengo
|-crit|p1a: Gholdengo
|-damage|p1a: Gholdengo|0 fnt
|faint|p1a: Gholdengo
|
|-weather|Sandstorm|[upkeep]
|upkeep
|
|t:|1769333392
|switch|p1a: Iron Valiant|Iron Valiant|100/100
|-damage|p1a: Iron Valiant|94/100|[from] Stealth Rock
|-enditem|p1a: Iron Valiant|Booster Energy
|-activate|p1a: Iron Valiant|ability: Quark Drive|[fromitem]
|-start|p1a: Iron Valiant|quarkdrivespa
|turn|7
|
|t:|1769333397
|switch|p2a: Moltres|Moltres|100/100
|move|p1a: Iron Valiant|Calm Mind|p1a: Iron Valiant
|-boost|p1a: Iron Valiant|spa|1
|-boost|p1a: Iron Valiant|spd|1
|
|-weather|Sandstorm|[upkeep]
|-damage|p1a: Iron Valiant|88/100|[from] Sandstorm
|-damage|p2a: Moltres|94/100|[from] Sandstorm
|upkeep
|turn|8
|
|t:|1769333401
|move|p1a: Iron Valiant|Thunderbolt|p2a: Moltres
|-supereffective|p2a: Moltres
|-damage|p2a: Moltres|0 fnt
|faint|p2a: Moltres
|
|-weather|none
|upkeep
|
|t:|1769333404
|switch|p2a: Slowking|Slowking-Galar, F|100/100
|-activate|p2a: Slowking|move: Sticky Web
|-unboost|p2a: Slowking|spe|1
|turn|9
|
|t:|1769333424
|move|p1a: Iron Valiant|Thunderbolt|p2a: Slowking
|-damage|p2a: Slowking|64/100
|move|p2a: Slowking|Sludge Bomb|p1a: Iron Valiant
|-supereffective|p1a: Iron Valiant
|-damage|p1a: Iron Valiant|5/100
|
|upkeep
|turn|10
|
|t:|1769333430
|switch|p2a: Tyranitar|Tyranitar, F|64/100
|-activate|p2a: Tyranitar|move: Sticky Web
|-unboost|p2a: Tyranitar|spe|1
|-weather|Sandstorm|[from] ability: Sand Stream|[of] p2a: Tyranitar
|move|p1a: Iron Valiant|Thunderbolt|p2a: Tyranitar
|-damage|p2a: Tyranitar|36/100
|
|-weather|Sandstorm|[upkeep]
|-damage|p1a: Iron Valiant|0 fnt|[from] Sandstorm
|faint|p1a: Iron Valiant
|-end|p1a: Iron Valiant|Quark Drive|[silent]
|upkeep
|
|t:|1769333446
|switch|p1a: Ribombee|Ribombee, M|41/100
|-damage|p1a: Ribombee|16/100|[from] Stealth Rock
|turn|11
|
|t:|1769333450
|switch|p2a: Excadrill|Excadrill, F|100/100 par
|-item|p2a: Excadrill|Air Balloon
|move|p1a: Ribombee|Moonblast|p2a: Excadrill
|-resisted|p2a: Excadrill
|-damage|p2a: Excadrill|74/100 par
|-enditem|p2a: Excadrill|Air Balloon
|
|-weather|Sandstorm|[upkeep]
|-damage|p1a: Ribombee|10/100|[from] Sandstorm
|upkeep
|turn|12
|
|t:|1769333463
|move|p1a: Ribombee|Moonblast|p2a: Excadrill
|-resisted|p2a: Excadrill
|-damage|p2a: Excadrill|48/100 par
|cant|p2a: Excadrill|par
|
|-weather|Sandstorm|[upkeep]
|-damage|p1a: Ribombee|4/100|[from] Sandstorm
|upkeep
|turn|13
|
|t:|1769333472
|move|p1a: Ribombee|Moonblast|p2a: Excadrill
|-resisted|p2a: Excadrill
|-damage|p2a: Excadrill|22/100 par
|-unboost|p2a: Excadrill|spa|1
|move|p2a: Excadrill|Rapid Spin|p1a: Ribombee
|-damage|p1a: Ribombee|0 fnt
|-boost|p2a: Excadrill|spe|1
|-sideend|p2: CambridgeFoulPlay|Sticky Web|[from] move: Rapid Spin|[of] p2a: Excadrill
|faint|p1a: Ribombee
|
|-weather|Sandstorm|[upkeep]
|upkeep
|j| Tb_cccc15
|inactive|machopped unc has 120 seconds left.
|
|t:|1769333531
|switch|p1a: Kingambit|Kingambit, F|100/100
|-damage|p1a: Kingambit|94/100|[from] Stealth Rock
|-activate|p1a: Kingambit|ability: Supreme Overlord
|-start|p1a: Kingambit|fallen3|[silent]
|turn|14
|
|t:|1769333536
|move|p1a: Kingambit|Sucker Punch|p2a: Excadrill
|-damage|p2a: Excadrill|0 fnt
|faint|p2a: Excadrill
|
|-weather|Sandstorm|[upkeep]
|-heal|p1a: Kingambit|100/100|[from] item: Leftovers
|upkeep
|
|t:|1769333540
|switch|p2a: Zamazenta|Zamazenta|100/100
|-ability|p2a: Zamazenta|Dauntless Shield|boost
|-boost|p2a: Zamazenta|def|1
|turn|15
|
|t:|1769333548
|move|p2a: Zamazenta|Iron Defense|p2a: Zamazenta
|-boost|p2a: Zamazenta|def|2
|move|p1a: Kingambit|Swords Dance|p1a: Kingambit
|-boost|p1a: Kingambit|atk|2
|
|-weather|Sandstorm|[upkeep]
|-damage|p2a: Zamazenta|94/100|[from] Sandstorm
|-heal|p2a: Zamazenta|100/100|[from] item: Leftovers
|upkeep
|turn|16
|
|t:|1769333553
|-terastallize|p1a: Kingambit|Fairy
|move|p2a: Zamazenta|Body Press|p1a: Kingambit
|-resisted|p1a: Kingambit
|-damage|p1a: Kingambit|59/100
|move|p1a: Kingambit|Tera Blast|p2a: Zamazenta|[anim] Tera Blast Fairy
|-supereffective|p2a: Zamazenta
|-damage|p2a: Zamazenta|32/100
|
|-weather|Sandstorm|[upkeep]
|-damage|p2a: Zamazenta|26/100|[from] Sandstorm
|-damage|p1a: Kingambit|53/100|[from] Sandstorm
|-heal|p2a: Zamazenta|32/100|[from] item: Leftovers
|-heal|p1a: Kingambit|59/100|[from] item: Leftovers
|upkeep
|turn|17
|
|t:|1769333561
|-terastallize|p2a: Zamazenta|Fire
|move|p2a: Zamazenta|Iron Defense|p2a: Zamazenta
|-boost|p2a: Zamazenta|def|2
|move|p1a: Kingambit|Kowtow Cleave|p2a: Zamazenta
|-damage|p2a: Zamazenta|6/100
|
|-weather|none
|-heal|p2a: Zamazenta|12/100|[from] item: Leftovers
|-heal|p1a: Kingambit|66/100|[from] item: Leftovers
|upkeep
|turn|18
|
|t:|1769333567
|move|p2a: Zamazenta|Body Press|p1a: Kingambit
|-resisted|p1a: Kingambit
|-damage|p1a: Kingambit|9/100
|move|p1a: Kingambit|Kowtow Cleave|p2a: Zamazenta
|-damage|p2a: Zamazenta|0 fnt
|faint|p2a: Zamazenta
|
|-heal|p1a: Kingambit|15/100|[from] item: Leftovers
|upkeep
|
|t:|1769333570
|switch|p2a: Tyranitar|Tyranitar, F|36/100
|-weather|Sandstorm|[from] ability: Sand Stream|[of] p2a: Tyranitar
|turn|19
|
|t:|1769333578
|switch|p2a: Hydrapple|Hydrapple, M|100/100
|move|p1a: Kingambit|Sucker Punch||[still]
|-fail|p1a: Kingambit
|
|-weather|Sandstorm|[upkeep]
|-damage|p1a: Kingambit|9/100|[from] Sandstorm
|-damage|p2a: Hydrapple|94/100|[from] Sandstorm
|-heal|p1a: Kingambit|15/100|[from] item: Leftovers
|upkeep
|turn|20
|
|t:|1769333581
|switch|p2a: Slowking|Slowking-Galar, F|97/100
|move|p1a: Kingambit|Tera Blast|p2a: Slowking|[anim] Tera Blast Fairy
|-resisted|p2a: Slowking
|-damage|p2a: Slowking|51/100
|
|-weather|Sandstorm|[upkeep]
|-damage|p1a: Kingambit|9/100|[from] Sandstorm
|-damage|p2a: Slowking|45/100|[from] Sandstorm
|-heal|p1a: Kingambit|15/100|[from] item: Leftovers
|upkeep
|turn|21
|
|t:|1769333585
|switch|p2a: Hydrapple|Hydrapple, M|100/100
|move|p1a: Kingambit|Tera Blast|p2a: Hydrapple|[anim] Tera Blast Fairy
|-supereffective|p2a: Hydrapple
|-damage|p2a: Hydrapple|0 fnt
|faint|p2a: Hydrapple
|
|-weather|Sandstorm|[upkeep]
|-damage|p1a: Kingambit|9/100|[from] Sandstorm
|-heal|p1a: Kingambit|15/100|[from] item: Leftovers
|upkeep
|
|t:|1769333587
|switch|p2a: Tyranitar|Tyranitar, F|36/100
|turn|22
|
|t:|1769333590
|switch|p2a: Slowking|Slowking-Galar, F|78/100
|move|p1a: Kingambit|Sucker Punch||[still]
|-fail|p1a: Kingambit
|
|-weather|Sandstorm|[upkeep]
|-damage|p1a: Kingambit|9/100|[from] Sandstorm
|-damage|p2a: Slowking|72/100|[from] Sandstorm
|-heal|p1a: Kingambit|15/100|[from] item: Leftovers
|upkeep
|turn|23
|
|t:|1769333596
|move|p1a: Kingambit|Kowtow Cleave|p2a: Slowking
|-supereffective|p2a: Slowking
|-damage|p2a: Slowking|0 fnt
|faint|p2a: Slowking
|
|-weather|Sandstorm|[upkeep]
|-damage|p1a: Kingambit|9/100|[from] Sandstorm
|-heal|p1a: Kingambit|15/100|[from] item: Leftovers
|upkeep
|
|t:|1769333597
|switch|p2a: Tyranitar|Tyranitar, F|36/100
|turn|24
|
|t:|1769333600
|move|p1a: Kingambit|Sucker Punch||[still]
|-fail|p1a: Kingambit
|move|p2a: Tyranitar|Thunder Wave|p1a: Kingambit
|-status|p1a: Kingambit|par
|
|-weather|Sandstorm|[upkeep]
|-damage|p1a: Kingambit|9/100 par|[from] Sandstorm
|-heal|p1a: Kingambit|15/100 par|[from] item: Leftovers
|upkeep
|turn|25
|
|t:|1769333605
|move|p2a: Tyranitar|Stealth Rock||[still]
|-fail|p2a: Tyranitar
|cant|p1a: Kingambit|par
|
|-weather|Sandstorm|[upkeep]
|-damage|p1a: Kingambit|9/100 par|[from] Sandstorm
|-heal|p1a: Kingambit|15/100 par|[from] item: Leftovers
|upkeep
|turn|26
|
|t:|1769333611
|move|p2a: Tyranitar|Stealth Rock||[still]
|-fail|p2a: Tyranitar
|move|p1a: Kingambit|Kowtow Cleave|p2a: Tyranitar
|-resisted|p2a: Tyranitar
|-damage|p2a: Tyranitar|0 fnt
|faint|p2a: Tyranitar
|
|win|machopped unc
|raw|machopped unc's rating: 1797 &rarr; <strong>1814</strong><br />(+17 for winning)
|raw|CambridgeFoulPlay's rating: 1752 &rarr; <strong>1735</strong><br />(-17 for losing)
|c|☆CambridgeFoulPlay|gg
|l|☆CambridgeFoulPlay
|player|p2|
