|j|☆DragonMasterAdrian
|j|☆Don Birria
|t:|1769384444
|gametype|singles
|player|p1|DragonMasterAdrian|giovanni|1301
|player|p2|Don Birria|102|1270
|gen|9
|tier|[Gen 9] OU
|rated|
|rule|HP Percentage Mod: HP is shown in percentages
|rule|Endless Battle Clause: Forcing endless battles is banned
|rule|Species Clause: Limit one of each Pokémon
|rule|OHKO Clause: OHKO moves are banned
|rule|Evasion Items Clause: Evasion items are banned
|rule|Evasion Moves Clause: Evasion moves are banned
|rule|Evasion Abilities Clause: Evasion abilities are banned
|rule|Sleep Moves Clause: Sleep-inducing moves are banned
|clearpoke
|poke|p1|Meowscarada, M|
|poke|p1|Rillaboom, F|
|poke|p1|Hatterene, F|
|poke|p1|Great Tusk|
|poke|p1|Ogerpon-Wellspring, F|
|poke|p1|Iron Treads|
|poke|p2|Vaporeon, M|
|poke|p2|Meowscarada, M|
|poke|p2|Hydrapple, M|
|poke|p2|Muk-Alola, M|
|poke|p2|Grimmsnarl, M|
|poke|p2|Cinderace, M|
|teampreview
|inactive|Battle timer is ON: inactive players will automatically lose when time's up. (requested by Don Birria)
|
|t:|1769384486
|teamsize|p1|6
|teamsize|p2|6
|start
|switch|p1a: Iron Treads|Iron Treads|100/100
|switch|p2a: Migg|Cinderace, M|100/100
|turn|1
|
|t:|1769384500
|move|p2a: Migg|Pyro Ball|p1a: Iron Treads|[miss]
|-miss|p2a: Migg|p1a: Iron Treads
|move|p1a: Iron Treads|Stealth Rock|p2a: Migg
|-sidestart|p2: Don Birria|move: Stealth Rock
|
|upkeep
|turn|2
|
|t:|1769384506
|move|p2a: Migg|Pyro Ball|p1a: Iron Treads
|-supereffective|p1a: Iron Treads
|-enditem|p1a: Iron Treads|Focus Sash
|-damage|p1a: Iron Treads|1/100
|move|p1a: Iron Treads|Volt Switch|p2a: Migg
|-damage|p2a: Migg|77/100
|
|t:|1769384510
|-end|p1a: Iron Treads|Quark Drive|[silent]
|switch|p1a: Ogerpon|Ogerpon-Wellspring, F|100/100|[from] Volt Switch
|
|upkeep
|turn|3
|
|t:|1769384517
|move|p2a: Migg|Court Change|p2a: Migg
|-start|p2a: Migg|typechange|Normal|[from] ability: Libero
|-swapsideconditions
|-activate|p2a: Migg|move: Court Change
|move|p1a: Ogerpon|Swords Dance|p1a: Ogerpon
|-boost|p1a: Ogerpon|atk|2
|
|upkeep
|turn|4
|
|t:|1769384523
|move|p2a: Migg|Will-O-Wisp|p1a: Ogerpon
|-status|p1a: Ogerpon|brn
|move|p1a: Ogerpon|Ivy Cudgel|p2a: Migg|[anim] Ivy Cudgel Water
|-damage|p2a: Migg|0 fnt
|faint|p2a: Migg
|
|-damage|p1a: Ogerpon|95/100 brn|[from] brn
|upkeep
|
|t:|1769384533
|switch|p2a: Luceroi|Muk-Alola, M|100/100
|turn|5
|
|t:|1769384541
|switch|p1a: Iron Treads|Iron Treads|1/100
|-damage|p1a: Iron Treads|0 fnt|[from] Stealth Rock
|faint|p1a: Iron Treads
|-end|p1a: Iron Treads|Quark Drive|[silent]
|move|p2a: Luceroi|Knock Off|p1: Iron Treads|[notarget]
|-fail|p2a: Luceroi
|
|upkeep
|
|t:|1769384545
|switch|p1a: Great Tusk|Great Tusk|100/100
|turn|6
|
|t:|1769384549
|move|p1a: Great Tusk|Rapid Spin|p2a: Luceroi
|-damage|p2a: Luceroi|81/100
|-boost|p1a: Great Tusk|spe|1
|-sideend|p1: DragonMasterAdrian|Stealth Rock|[from] move: Rapid Spin|[of] p1a: Great Tusk
|move|p2a: Luceroi|Knock Off|p1a: Great Tusk
|-resisted|p1a: Great Tusk
|-damage|p1a: Great Tusk|86/100
|-status|p1a: Great Tusk|psn|[from] ability: Poison Touch|[of] p2a: Luceroi
|-enditem|p1a: Great Tusk|Heavy-Duty Boots|[from] move: Knock Off|[of] p2a: Luceroi
|
|-heal|p2a: Luceroi|87/100|[from] item: Black Sludge
|-damage|p1a: Great Tusk|74/100 psn|[from] psn
|upkeep
|turn|7
|
|t:|1769384561
|switch|p2a: Sidra|Hydrapple, M, shiny|100/100
|move|p1a: Great Tusk|Bulk Up|p1a: Great Tusk
|-boost|p1a: Great Tusk|atk|1
|-boost|p1a: Great Tusk|def|1
|
|-damage|p1a: Great Tusk|61/100 psn|[from] psn
|upkeep
|turn|8
|
|t:|1769384568
|move|p1a: Great Tusk|Close Combat|p2a: Sidra
|-damage|p2a: Sidra|30/100
|-unboost|p1a: Great Tusk|def|1
|-unboost|p1a: Great Tusk|spd|1
|move|p2a: Sidra|Giga Drain|p1a: Great Tusk
|-supereffective|p1a: Great Tusk
|-damage|p1a: Great Tusk|0 fnt
|-heal|p2a: Sidra|67/100|[from] drain|[of] p1a: Great Tusk
|faint|p1a: Great Tusk
|-end|p1a: Great Tusk|Protosynthesis|[silent]
|
|-heal|p2a: Sidra|74/100|[from] item: Leftovers
|upkeep
|
|t:|1769384572
|switch|p1a: Meowscarada|Meowscarada, M|100/100
|turn|9
|
|t:|1769384581
|switch|p2a: Luceroi|Muk-Alola, M|87/100
|move|p1a: Meowscarada|Triple Axel|p2a: Luceroi
|-start|p1a: Meowscarada|typechange|Ice|[from] ability: Protean
|-damage|p2a: Luceroi|77/100
|-damage|p2a: Luceroi|59/100
|-damage|p2a: Luceroi|32/100
|-hitcount|p2a: Luceroi|3
|
|-heal|p2a: Luceroi|38/100|[from] item: Black Sludge
|upkeep
|turn|10
|
|t:|1769384593
|move|p2a: Luceroi|Shadow Sneak|p1a: Meowscarada
|-damage|p1a: Meowscarada|79/100
|move|p1a: Meowscarada|Triple Axel|p2a: Luceroi
|-damage|p2a: Luceroi|29/100
|-damage|p2a: Luceroi|8/100
|-damage|p2a: Luceroi|0 fnt
|faint|p2a: Luceroi
|-hitcount|p2: Luceroi|3
|
|upkeep
|
|t:|1769384606
|switch|p2a: Greegno|Grimmsnarl, M|100/100
|turn|11
|
|t:|1769384611
|move|p2a: Greegno|Trick|p1a: Meowscarada
|-activate|p2a: Greegno|move: Trick|[of] p1a: Meowscarada
|-item|p1a: Meowscarada|Lagging Tail|[from] move: Trick
|-item|p2a: Greegno|Focus Sash|[from] move: Trick
|move|p1a: Meowscarada|Leech Seed|p2a: Greegno
|-start|p2a: Greegno|move: Leech Seed
|
|-damage|p2a: Greegno|88/100|[from] Leech Seed|[of] p1a: Meowscarada
|-heal|p1a: Meowscarada|96/100|[silent]
|upkeep
|turn|12
|
|t:|1769384625
|switch|p1a: Rillaboom|Rillaboom, F|100/100
|-fieldstart|move: Grassy Terrain|[from] ability: Grassy Surge|[of] p1a: Rillaboom
|move|p2a: Greegno|Spirit Break|p1a: Rillaboom
|-damage|p1a: Rillaboom|72/100
|-unboost|p1a: Rillaboom|spa|1
|
|-heal|p1a: Rillaboom|78/100|[from] Grassy Terrain
|-heal|p2a: Greegno|94/100|[from] Grassy Terrain
|-damage|p2a: Greegno|82/100|[from] Leech Seed|[of] p1a: Rillaboom
|-heal|p1a: Rillaboom|90/100|[silent]
|upkeep
|turn|13
|
|t:|1769384636
|move|p1a: Rillaboom|Fake Out|p2a: Greegno
|-damage|p2a: Greegno|71/100
|cant|p2a: Greegno|flinch
|
|-heal|p1a: Rillaboom|97/100|[from] Grassy Terrain
|-heal|p2a: Greegno|77/100|[from] Grassy Terrain
|-damage|p2a: Greegno|65/100|[from] Leech Seed|[of] p1a: Rillaboom
|-heal|p1a: Rillaboom|100/100|[silent]
|upkeep
|turn|14
|
|t:|1769384644
|move|p1a: Rillaboom|Grassy Glide|p2a: Greegno
|-crit|p2a: Greegno
|-damage|p2a: Greegno|20/100
|move|p2a: Greegno|Parting Shot|p1a: Rillaboom
|-unboost|p1a: Rillaboom|atk|1
|-unboost|p1a: Rillaboom|spa|1
|
|t:|1769384650
|switch|p2a: Sidra|Hydrapple, M, shiny|100/100|[from] Parting Shot
|
|upkeep
|turn|15
|
|t:|1769384653
|move|p1a: Rillaboom|Knock Off|p2a: Sidra
|-damage|p2a: Sidra|87/100
|-enditem|p2a: Sidra|Leftovers|[from] move: Knock Off|[of] p1a: Rillaboom
|move|p2a: Sidra|Giga Drain|p1a: Rillaboom
|-resisted|p1a: Rillaboom
|-damage|p1a: Rillaboom|86/100
|-heal|p2a: Sidra|95/100|[from] drain|[of] p1a: Rillaboom
|
|-heal|p1a: Rillaboom|92/100|[from] Grassy Terrain
|-heal|p2a: Sidra|100/100|[from] Grassy Terrain
|upkeep
|turn|16
|
|t:|1769384664
|switch|p1a: Hatterene|Hatterene, F|100/100
|move|p2a: Sidra|Earth Power|p1a: Hatterene
|-damage|p1a: Hatterene|69/100
|
|-heal|p1a: Hatterene|75/100|[from] Grassy Terrain
|-heal|p1a: Hatterene|81/100|[from] item: Leftovers
|-fieldend|move: Grassy Terrain
|upkeep
|turn|17
|
|t:|1769384677
|move|p2a: Sidra|Giga Drain|p1a: Hatterene
|-damage|p1a: Hatterene|44/100
|move|p1a: Hatterene|Nuzzle|p2a: Sidra
|-resisted|p2a: Sidra
|-damage|p2a: Sidra|99/100
|-status|p2a: Sidra|par
|
|-heal|p1a: Hatterene|50/100|[from] item: Leftovers
|upkeep
|turn|18
|
|t:|1769384686
|switch|p2a: Galdra|Meowscarada, M|100/100
|move|p1a: Hatterene|Draining Kiss|p2a: Galdra
|-supereffective|p2a: Galdra
|-damage|p2a: Galdra|25/100
|-heal|p1a: Hatterene|100/100|[from] drain|[of] p2a: Galdra
|
|upkeep
|turn|19
|
|t:|1769384695
|-terastallize|p2a: Galdra|Grass
|move|p2a: Galdra|Flower Trick|p1a: Hatterene
|-crit|p1a: Hatterene
|-damage|p1a: Hatterene|16/100
|move|p1a: Hatterene|Draining Kiss|p2a: Galdra
|-damage|p2a: Galdra|0 fnt
|-heal|p1a: Hatterene|33/100|[from] drain|[of] p2a: Galdra
|faint|p2a: Galdra
|
|-heal|p1a: Hatterene|39/100|[from] item: Leftovers
|upkeep
|
|t:|1769384706
|switch|p2a: Vaporeon|Vaporeon, M, shiny|100/100
|turn|20
|
|t:|1769384709
|move|p2a: Vaporeon|Ice Beam|p1a: Hatterene
|-damage|p1a: Hatterene|17/100
|move|p1a: Hatterene|Draining Kiss|p2a: Vaporeon
|-damage|p2a: Vaporeon|82/100
|-heal|p1a: Hatterene|36/100|[from] drain|[of] p2a: Vaporeon
|
|-heal|p2a: Vaporeon|89/100|[from] item: Leftovers
|-heal|p1a: Hatterene|42/100|[from] item: Leftovers
|upkeep
|turn|21
|
|t:|1769384717
|move|p2a: Vaporeon|Calm Mind|p2a: Vaporeon
|-boost|p2a: Vaporeon|spa|1
|-boost|p2a: Vaporeon|spd|1
|move|p1a: Hatterene|Nuzzle|p2a: Vaporeon
|-supereffective|p2a: Vaporeon
|-damage|p2a: Vaporeon|83/100
|-status|p2a: Vaporeon|par
|
|-heal|p1a: Hatterene|48/100|[from] item: Leftovers
|-heal|p2a: Vaporeon|89/100 par|[from] item: Leftovers
|upkeep
|turn|22
|
|t:|1769384725
|move|p1a: Hatterene|Draining Kiss|p2a: Vaporeon
|-damage|p2a: Vaporeon|76/100 par
|-heal|p1a: Hatterene|62/100|[from] drain|[of] p2a: Vaporeon
|move|p2a: Vaporeon|Calm Mind|p2a: Vaporeon
|-boost|p2a: Vaporeon|spa|1
|-boost|p2a: Vaporeon|spd|1
|
|-heal|p1a: Hatterene|68/100|[from] item: Leftovers
|-heal|p2a: Vaporeon|83/100 par|[from] item: Leftovers
|upkeep
|turn|23
|
|t:|1769384733
|switch|p1a: Ogerpon|Ogerpon-Wellspring, F|95/100 brn
|cant|p2a: Vaporeon|par
|
|-heal|p2a: Vaporeon|89/100 par|[from] item: Leftovers
|-damage|p1a: Ogerpon|89/100 brn|[from] brn
|upkeep
|turn|24
|
|t:|1769384741
|move|p1a: Ogerpon|Horn Leech|p2a: Vaporeon
|-supereffective|p2a: Vaporeon
|-damage|p2a: Vaporeon|57/100 par
|-heal|p1a: Ogerpon|100/100 brn|[from] drain|[of] p2a: Vaporeon
|move|p2a: Vaporeon|Ice Beam|p1a: Ogerpon
|-damage|p1a: Ogerpon|51/100 brn
|
|-heal|p2a: Vaporeon|63/100 par|[from] item: Leftovers
|-damage|p1a: Ogerpon|45/100 brn|[from] brn
|upkeep
|turn|25
|
|t:|1769384751
|move|p1a: Ogerpon|Swords Dance|p1a: Ogerpon
|-boost|p1a: Ogerpon|atk|2
|move|p2a: Vaporeon|Ice Beam|p1a: Ogerpon
|-crit|p1a: Ogerpon
|-damage|p1a: Ogerpon|0 fnt
|faint|p1a: Ogerpon
|
|-heal|p2a: Vaporeon|69/100 par|[from] item: Leftovers
|upkeep
|
|t:|1769384763
|switch|p1a: Meowscarada|Meowscarada, M|96/100
|turn|26
|
|t:|1769384766
|switch|p2a: Greegno|Grimmsnarl, M|20/100
|move|p1a: Meowscarada|Knock Off|p2a: Greegno
|-start|p1a: Meowscarada|typechange|Dark|[from] ability: Protean
|-resisted|p2a: Greegno
|-damage|p2a: Greegno|12/100
|-enditem|p2a: Greegno|Focus Sash|[from] move: Knock Off|[of] p1a: Meowscarada
|
|upkeep
|turn|27
|
|t:|1769384774
|move|p2a: Greegno|Spirit Break|p1a: Meowscarada
|-supereffective|p1a: Meowscarada
|-damage|p1a: Meowscarada|3/100
|-unboost|p1a: Meowscarada|spa|1
|move|p1a: Meowscarada|Flower Trick|p2a: Greegno
|-crit|p2a: Greegno
|-damage|p2a: Greegno|0 fnt
|faint|p2a: Greegno
|
|upkeep
|
|t:|1769384782
|switch|p2a: Sidra|Hydrapple, M, shiny|100/100 par
|turn|28
|
|t:|1769384788
|switch|p1a: Rillaboom|Rillaboom, F|92/100
|-fieldstart|move: Grassy Terrain|[from] ability: Grassy Surge|[of] p1a: Rillaboom
|move|p2a: Sidra|Giga Drain|p1a: Rillaboom
|-resisted|p1a: Rillaboom
|-damage|p1a: Rillaboom|75/100
|
|-heal|p1a: Rillaboom|81/100|[from] Grassy Terrain
|upkeep
|turn|29
|
|t:|1769384797
|move|p1a: Rillaboom|Fake Out|p2a: Sidra
|-damage|p2a: Sidra|91/100 par
|cant|p2a: Sidra|flinch
|
|-heal|p1a: Rillaboom|88/100|[from] Grassy Terrain
|-heal|p2a: Sidra|97/100 par|[from] Grassy Terrain
|upkeep
|turn|30
|
|t:|1769384803
|move|p1a: Rillaboom|Drain Punch|p2a: Sidra
|-damage|p2a: Sidra|79/100 par
|-heal|p1a: Rillaboom|96/100|[from] drain|[of] p2a: Sidra
|move|p2a: Sidra|Fickle Beam|p1a: Rillaboom|[anim] Fickle Beam All Out
|-activate|p2a: Sidra|move: Fickle Beam
|-damage|p1a: Rillaboom|49/100
|
|-heal|p1a: Rillaboom|55/100|[from] Grassy Terrain
|-heal|p2a: Sidra|86/100 par|[from] Grassy Terrain
|upkeep
|turn|31
|
|t:|1769384812
|move|p1a: Rillaboom|Drain Punch|p2a: Sidra
|-damage|p2a: Sidra|69/100 par
|-heal|p1a: Rillaboom|62/100|[from] drain|[of] p2a: Sidra
|move|p2a: Sidra|Earth Power|p1a: Rillaboom
|-resisted|p1a: Rillaboom
|-damage|p1a: Rillaboom|53/100
|
|-heal|p1a: Rillaboom|60/100|[from] Grassy Terrain
|-heal|p2a: Sidra|75/100 par|[from] Grassy Terrain
|upkeep
|turn|32
|
|t:|1769384822
|switch|p1a: Hatterene|Hatterene, F|68/100
|move|p2a: Sidra|Fickle Beam|p1a: Hatterene
|-immune|p1a: Hatterene
|
|-heal|p1a: Hatterene|74/100|[from] Grassy Terrain
|-heal|p1a: Hatterene|80/100|[from] item: Leftovers
|-heal|p2a: Sidra|81/100 par|[from] Grassy Terrain
|-fieldend|move: Grassy Terrain
|upkeep
|turn|33
|
|t:|1769384832
|switch|p2a: Vaporeon|Vaporeon, M, shiny|69/100 par
|move|p1a: Hatterene|Draining Kiss|p2a: Vaporeon
|-damage|p2a: Vaporeon|50/100 par
|-heal|p1a: Hatterene|100/100|[from] drain|[of] p2a: Vaporeon
|
|-heal|p2a: Vaporeon|57/100 par|[from] item: Leftovers
|upkeep
|turn|34
|
|t:|1769384839
|move|p1a: Hatterene|Psychic Noise|p2a: Vaporeon
|-damage|p2a: Vaporeon|28/100 par
|-start|p2a: Vaporeon|move: Heal Block
|move|p2a: Vaporeon|Calm Mind|p2a: Vaporeon
|-boost|p2a: Vaporeon|spa|1
|-boost|p2a: Vaporeon|spd|1
|
|upkeep
|turn|35
|-message|Don Birria forfeited.
|
|win|DragonMasterAdrian
|raw|DragonMasterAdrian's rating: 1301 &rarr; <strong>1319</strong><br />(+18 for winning)
|raw|Don Birria's rating: 1270 &rarr; <strong>1247</strong><br />(-23 for losing)
|l|☆Don Birria
|player|p2|
|l|☆DragonMasterAdrian
|player|p1|
