|j|☆d'ent42
|j|☆TigerEyeHS
|t:|1769324194
|gametype|singles
|player|p1|d'ent42|janitor|1198
|player|p2|TigerEyeHS|gambler|1132
|gen|9
|tier|[Gen 9] OU
|rated|
|rule|HP Percentage Mod: HP is shown in percentages
|rule|Endless Battle Clause: Forcing endless battles is banned
|rule|Species Clause: Limit one of each Pokémon
|rule|OHKO Clause: OHKO moves are banned
|rule|Evasion Items Clause: Evasion items are banned
|rule|Evasion Moves Clause: Evasion moves are banned
|rule|Evasion Abilities Clause: Evasion abilities are banned
|rule|Sleep Moves Clause: Sleep-inducing moves are banned
|clearpoke
|poke|p1|Orthworm, F|
|poke|p1|Dragapult, F|
|poke|p1|Amoonguss, F|
|poke|p1|Hariyama, F|
|poke|p1|Gastrodon, F|
|poke|p1|Dondozo, F|
|poke|p2|Iron Valiant|
|poke|p2|Great Tusk|
|poke|p2|Dragonite, F|
|poke|p2|Deoxys-Speed|
|poke|p2|Glimmora, F|
|poke|p2|Kingambit, M|
|teampreview
|inactive|Battle timer is ON: inactive players will automatically lose when time's up. (requested by d'ent42)
|
|t:|1769324197
|teamsize|p1|6
|teamsize|p2|6
|start
|switch|p1a: Gastrodon|Gastrodon, F|100/100
|switch|p2a: Deoxys|Deoxys-Speed|100/100
|-ability|p2a: Deoxys|Pressure
|turn|1
|
|t:|1769324203
|move|p2a: Deoxys|Reflect|p2a: Deoxys
|-sidestart|p2: TigerEyeHS|Reflect
|move|p1a: Gastrodon|Earth Power|p2a: Deoxys
|-damage|p2a: Deoxys|66/100
|
|upkeep
|turn|2
|
|t:|1769324208
|move|p2a: Deoxys|Light Screen|p2a: Deoxys
|-sidestart|p2: TigerEyeHS|move: Light Screen
|move|p1a: Gastrodon|Earth Power|p2a: Deoxys
|-damage|p2a: Deoxys|48/100
|
|upkeep
|turn|3
|
|t:|1769324215
|switch|p2a: Great Tusk|Great Tusk|100/100
|-enditem|p2a: Great Tusk|Booster Energy
|-activate|p2a: Great Tusk|ability: Protosynthesis|[fromitem]
|-start|p2a: Great Tusk|protosynthesisspe
|move|p1a: Gastrodon|Stealth Rock|p2a: Great Tusk
|-sidestart|p2: TigerEyeHS|move: Stealth Rock
|
|upkeep
|turn|4
|
|t:|1769324222
|switch|p1a: Dondozo|Dondozo, F|100/100
|move|p2a: Great Tusk|Headlong Rush|p1a: Dondozo
|-damage|p1a: Dondozo|74/100
|-unboost|p2a: Great Tusk|def|1
|-unboost|p2a: Great Tusk|spd|1
|
|-heal|p1a: Dondozo|80/100|[from] item: Leftovers
|upkeep
|turn|5
|
|t:|1769324236
|-end|p2a: Great Tusk|Protosynthesis|[silent]
|switch|p2a: Glimmora|Glimmora, F|100/100
|-damage|p2a: Glimmora|88/100|[from] Stealth Rock
|move|p1a: Dondozo|Liquidation|p2a: Glimmora
|-supereffective|p2a: Glimmora
|-damage|p2a: Glimmora|45/100
|-activate|p2a: Glimmora|ability: Toxic Debris
|-sidestart|p1: d'ent42|move: Toxic Spikes
|
|-heal|p1a: Dondozo|86/100|[from] item: Leftovers
|upkeep
|turn|6
|
|t:|1769324245
|move|p2a: Glimmora|Mortal Spin|p1a: Dondozo
|-damage|p1a: Dondozo|83/100
|-status|p1a: Dondozo|psn
|-sideend|p2: TigerEyeHS|Stealth Rock|[from] move: Mortal Spin|[of] p2a: Glimmora
|move|p1a: Dondozo|Liquidation|p2a: Glimmora
|-supereffective|p2a: Glimmora
|-damage|p2a: Glimmora|2/100
|-activate|p2a: Glimmora|ability: Toxic Debris
|-sidestart|p1: d'ent42|move: Toxic Spikes
|
|-heal|p1a: Dondozo|89/100 psn|[from] item: Leftovers
|-damage|p1a: Dondozo|77/100 psn|[from] psn
|upkeep
|turn|7
|
|t:|1769324256
|move|p2a: Glimmora|Meteor Beam||[still]
|-prepare|p2a: Glimmora|Meteor Beam
|-boost|p2a: Glimmora|spa|1
|-enditem|p2a: Glimmora|Power Herb
|-anim|p2a: Glimmora|Meteor Beam|p1a: Dondozo
|-damage|p1a: Dondozo|10/100 psn
|move|p1a: Dondozo|Liquidation|p2a: Glimmora
|-supereffective|p2a: Glimmora
|-damage|p2a: Glimmora|0 fnt
|faint|p2a: Glimmora
|
|-heal|p1a: Dondozo|16/100 psn|[from] item: Leftovers
|-damage|p1a: Dondozo|4/100 psn|[from] psn
|upkeep
|
|t:|1769324270
|switch|p2a: Dragonite|Dragonite, F|100/100
|turn|8
|
|t:|1769324273
|move|p2a: Dragonite|Dragon Dance|p2a: Dragonite
|-boost|p2a: Dragonite|atk|1
|-boost|p2a: Dragonite|spe|1
|move|p1a: Dondozo|Liquidation|p2a: Dragonite
|-resisted|p2a: Dragonite
|-damage|p2a: Dragonite|96/100
|-unboost|p2a: Dragonite|def|1
|
|-heal|p2a: Dragonite|100/100|[from] item: Leftovers
|-heal|p1a: Dondozo|10/100 psn|[from] item: Leftovers
|-damage|p1a: Dondozo|0 fnt|[from] psn
|faint|p1a: Dondozo
|-sideend|p2: TigerEyeHS|Reflect
|upkeep
|
|t:|1769324278
|switch|p1a: Amoonguss|Amoonguss, F|100/100
|-sideend|p1: d'ent42|move: Toxic Spikes|[of] p1a: Amoonguss
|turn|9
|
|t:|1769324287
|-terastallize|p2a: Dragonite|Flying
|move|p2a: Dragonite|Tera Blast|p1a: Amoonguss|[anim] Tera Blast Flying
|-supereffective|p1a: Amoonguss
|-damage|p1a: Amoonguss|0 fnt
|faint|p1a: Amoonguss
|
|-sideend|p2: TigerEyeHS|move: Light Screen
|upkeep
|
|t:|1769324290
|switch|p1a: Orthworm|Orthworm, F|100/100
|turn|10
|
|t:|1769324295
|move|p2a: Dragonite|Earthquake|p1a: Orthworm
|-immune|p1a: Orthworm|[from] ability: Earth Eater
|move|p1a: Orthworm|Coil|p1a: Orthworm
|-boost|p1a: Orthworm|atk|1
|-boost|p1a: Orthworm|def|1
|-boost|p1a: Orthworm|accuracy|1
|
|upkeep
|turn|11
|
|t:|1769324307
|switch|p2a: Kingambit|Kingambit, M|100/100
|-activate|p2a: Kingambit|ability: Supreme Overlord
|-start|p2a: Kingambit|fallen1|[silent]
|move|p1a: Orthworm|Spikes|p2a: Kingambit
|-sidestart|p2: TigerEyeHS|Spikes
|
|upkeep
|turn|12
|
|t:|1769324316
|move|p2a: Kingambit|Low Kick|p1a: Orthworm
|-supereffective|p1a: Orthworm
|-damage|p1a: Orthworm|65/100
|move|p1a: Orthworm|Body Press|p2a: Kingambit
|-supereffective|p2a: Kingambit
|-damage|p2a: Kingambit|0 fnt
|faint|p2a: Kingambit
|-end|p2a: Kingambit|fallen1|[silent]
|
|-heal|p1a: Orthworm|71/100|[from] item: Leftovers
|upkeep
|
|t:|1769324326
|switch|p2a: Deoxys|Deoxys-Speed|48/100
|-damage|p2a: Deoxys|36/100|[from] Spikes
|-ability|p2a: Deoxys|Pressure
|turn|13
|
|t:|1769324331
|move|p2a: Deoxys|Reflect|p2a: Deoxys
|-sidestart|p2: TigerEyeHS|Reflect
|move|p1a: Orthworm|Heavy Slam|p2a: Deoxys
|-damage|p2a: Deoxys|5/100
|
|-heal|p1a: Orthworm|77/100|[from] item: Leftovers
|upkeep
|turn|14
|
|t:|1769324336
|move|p2a: Deoxys|Light Screen|p2a: Deoxys
|-sidestart|p2: TigerEyeHS|move: Light Screen
|move|p1a: Orthworm|Heavy Slam|p2a: Deoxys
|-damage|p2a: Deoxys|0 fnt
|faint|p2a: Deoxys
|
|-heal|p1a: Orthworm|83/100|[from] item: Leftovers
|upkeep
|
|t:|1769324344
|switch|p2a: Dragonite|Dragonite, F, tera:Flying|100/100
|turn|15
|
|t:|1769324351
|move|p2a: Dragonite|Dragon Dance|p2a: Dragonite
|-boost|p2a: Dragonite|atk|1
|-boost|p2a: Dragonite|spe|1
|move|p1a: Orthworm|Coil|p1a: Orthworm
|-boost|p1a: Orthworm|atk|1
|-boost|p1a: Orthworm|def|1
|-boost|p1a: Orthworm|accuracy|1
|
|-heal|p1a: Orthworm|89/100|[from] item: Leftovers
|upkeep
|turn|16
|
|t:|1769324359
|move|p2a: Dragonite|Dragon Dance|p2a: Dragonite
|-boost|p2a: Dragonite|atk|1
|-boost|p2a: Dragonite|spe|1
|move|p1a: Orthworm|Coil|p1a: Orthworm
|-boost|p1a: Orthworm|atk|1
|-boost|p1a: Orthworm|def|1
|-boost|p1a: Orthworm|accuracy|1
|
|-heal|p1a: Orthworm|96/100|[from] item: Leftovers
|upkeep
|turn|17
|
|t:|1769324367
|move|p2a: Dragonite|Dragon Claw|p1a: Orthworm
|-resisted|p1a: Orthworm
|-damage|p1a: Orthworm|87/100
|move|p1a: Orthworm|Coil|p1a: Orthworm
|-boost|p1a: Orthworm|atk|1
|-boost|p1a: Orthworm|def|1
|-boost|p1a: Orthworm|accuracy|1
|
|-heal|p1a: Orthworm|93/100|[from] item: Leftovers
|upkeep
|turn|18
|-message|TigerEyeHS forfeited.
|
|win|d'ent42
|raw|d&apos;ent42's rating: 1198 &rarr; <strong>1218</strong><br />(+20 for winning)
|raw|TigerEyeHS's rating: 1132 &rarr; <strong>1112</strong><br />(-20 for losing)
|l|☆TigerEyeHS
|player|p2|
|l|☆d'ent42
|player|p1|
