|j|☆Bug Trainer Barry
|j|☆Trumpontop
|t:|1769377404
|gametype|singles
|player|p1|Bug Trainer Barry|bugcatcher-gen4dp|1344
|player|p2|Trumpontop|sabrina|1307
|gen|9
|tier|[Gen 9] OU
|rated|
|rule|HP Percentage Mod: HP is shown in percentages
|rule|Endless Battle Clause: Forcing endless battles is banned
|rule|Species Clause: Limit one of each Pokémon
|rule|OHKO Clause: OHKO moves are banned
|rule|Evasion Items Clause: Evasion items are banned
|rule|Evasion Moves Clause: Evasion moves are banned
|rule|Evasion Abilities Clause: Evasion abilities are banned
|rule|Sleep Moves Clause: Sleep-inducing moves are banned
|clearpoke
|poke|p1|Illumise, F|
|poke|p1|Lokix, M|
|poke|p1|Forretress, M|
|poke|p1|Yanmega, F|
|poke|p1|Araquanid, F|
|poke|p1|Slither Wing|
|poke|p2|Garchomp, M|
|poke|p2|Darkrai|
|poke|p2|Gholdengo|
|poke|p2|Ogerpon-Wellspring, F|
|poke|p2|Iron Valiant|
|poke|p2|Iron Treads|
|teampreview
|inactive|Battle timer is ON: inactive players will automatically lose when time's up. (requested by Trumpontop)
|
|t:|1769377413
|teamsize|p1|6
|teamsize|p2|6
|start
|switch|p1a: Lokix|Lokix, M|100/100
|switch|p2a: Garchomp|Garchomp, M|100/100
|turn|1
|
|t:|1769377418
|switch|p1a: Forretress|Forretress, M|100/100
|move|p2a: Garchomp|Stealth Rock|p1a: Forretress
|-sidestart|p1: Bug Trainer Barry|move: Stealth Rock
|
|upkeep
|turn|2
|
|t:|1769377421
|switch|p2a: Gholdengo|Gholdengo|100/100
|-item|p2a: Gholdengo|Air Balloon
|move|p1a: Forretress|Stealth Rock|p2a: Gholdengo
|-sidestart|p2: Trumpontop|move: Stealth Rock
|
|upkeep
|turn|3
|
|t:|1769377427
|move|p2a: Gholdengo|Thunder Wave|p1a: Forretress
|-status|p1a: Forretress|par
|move|p1a: Forretress|Volt Switch|p2a: Gholdengo
|-damage|p2a: Gholdengo|91/100
|-enditem|p2a: Gholdengo|Air Balloon
|
|t:|1769377433
|switch|p1a: Lokix|Lokix, M|100/100|[from] Volt Switch
|-damage|p1a: Lokix|76/100|[from] Stealth Rock
|
|upkeep
|turn|4
|
|t:|1769377437
|switch|p2a: Garchomp|Garchomp, M|100/100
|-damage|p2a: Garchomp|94/100|[from] Stealth Rock
|move|p1a: Lokix|Knock Off|p2a: Garchomp
|-damage|p2a: Garchomp|53/100
|-damage|p1a: Lokix|63/100|[from] ability: Rough Skin|[of] p2a: Garchomp
|-damage|p1a: Lokix|47/100|[from] item: Rocky Helmet|[of] p2a: Garchomp
|-enditem|p2a: Garchomp|Rocky Helmet|[from] move: Knock Off|[of] p1a: Lokix
|
|upkeep
|turn|5
|
|t:|1769377445
|switch|p1a: Illumise|Illumise, F|100/100
|move|p2a: Garchomp|Dragon Tail|p1a: Illumise
|-damage|p1a: Illumise|67/100
|drag|p1a: Yanmega|Yanmega, F|100/100
|-damage|p1a: Yanmega|51/100|[from] Stealth Rock
|
|upkeep
|turn|6
|
|t:|1769377453
|switch|p2a: Iron Treads|Iron Treads|100/100
|-damage|p2a: Iron Treads|98/100|[from] Stealth Rock
|-terastallize|p1a: Yanmega|Bug
|move|p1a: Yanmega|Bug Buzz|p2a: Iron Treads
|-resisted|p2a: Iron Treads
|-damage|p2a: Iron Treads|6/100
|
|-heal|p2a: Iron Treads|12/100|[from] item: Leftovers
|upkeep
|turn|7
|
|t:|1769377466
|move|p2a: Iron Treads|Rapid Spin|p1a: Yanmega
|-damage|p1a: Yanmega|35/100
|-boost|p2a: Iron Treads|spe|1
|-sideend|p2: Trumpontop|Stealth Rock|[from] move: Rapid Spin|[of] p2a: Iron Treads
|move|p1a: Yanmega|Bug Buzz|p2a: Iron Treads
|-resisted|p2a: Iron Treads
|-damage|p2a: Iron Treads|0 fnt
|faint|p2a: Iron Treads
|-end|p2a: Iron Treads|Quark Drive|[silent]
|
|upkeep
|
|t:|1769377471
|switch|p2a: Darkrai|Darkrai|100/100
|turn|8
|
|t:|1769377474
|switch|p1a: Araquanid|Araquanid, F|100/100
|-damage|p1a: Araquanid|76/100|[from] Stealth Rock
|move|p2a: Darkrai|Dark Pulse|p1a: Araquanid
|-damage|p1a: Araquanid|44/100
|
|upkeep
|turn|9
|
|t:|1769377479
|switch|p2a: Ogerpon|Ogerpon-Wellspring, F|100/100
|move|p1a: Araquanid|Sticky Web|p2a: Ogerpon
|-sidestart|p2: Trumpontop|move: Sticky Web
|
|upkeep
|turn|10
|
|t:|1769377485
|move|p1a: Araquanid|Endure|p1a: Araquanid
|-singleturn|p1a: Araquanid|move: Endure
|move|p2a: Ogerpon|Trailblaze|p1a: Araquanid
|-damage|p1a: Araquanid|16/100
|-boost|p2a: Ogerpon|spe|1
|
|upkeep
|turn|11
|-enditem|p1a: Araquanid|Custap Berry|[eat]
|-activate|p1a: Araquanid|item: Custap Berry|[consumed]
|
|t:|1769377494
|switch|p2a: Gholdengo|Gholdengo|91/100
|-activate|p2a: Gholdengo|move: Sticky Web
|-unboost|p2a: Gholdengo|spe|1
|move|p1a: Araquanid|Endeavor|p2a: Gholdengo
|-immune|p2a: Gholdengo
|
|upkeep
|turn|12
|
|t:|1769377503
|move|p2a: Gholdengo|Hex|p1a: Araquanid
|-damage|p1a: Araquanid|0 fnt
|faint|p1a: Araquanid
|
|upkeep
|
|t:|1769377510
|switch|p1a: Lokix|Lokix, M|47/100
|-damage|p1a: Lokix|22/100|[from] Stealth Rock
|turn|13
|
|t:|1769377518
|switch|p2a: Garchomp|Garchomp, M|53/100
|-activate|p2a: Garchomp|move: Sticky Web
|-unboost|p2a: Garchomp|spe|1
|move|p1a: Lokix|First Impression|p2a: Garchomp
|-damage|p2a: Garchomp|11/100
|-damage|p1a: Lokix|10/100|[from] ability: Rough Skin|[of] p2a: Garchomp
|
|upkeep
|turn|14
|
|t:|1769377525
|switch|p1a: Forretress|Forretress, M|100/100 par
|-damage|p1a: Forretress|88/100 par|[from] Stealth Rock
|move|p2a: Garchomp|Spikes|p1a: Forretress
|-sidestart|p1: Bug Trainer Barry|Spikes
|
|upkeep
|turn|15
|
|t:|1769377530
|switch|p2a: Gholdengo|Gholdengo|91/100
|-activate|p2a: Gholdengo|move: Sticky Web
|-unboost|p2a: Gholdengo|spe|1
|cant|p1a: Forretress|par
|
|upkeep
|turn|16
|
|t:|1769377535
|move|p2a: Gholdengo|Hex|p1a: Forretress
|-damage|p1a: Forretress|6/100 par
|move|p1a: Forretress|Volt Switch|p2a: Gholdengo
|-damage|p2a: Gholdengo|81/100
|
|t:|1769377541
|switch|p1a: Yanmega|Yanmega, F, tera:Bug|35/100|[from] Volt Switch
|-damage|p1a: Yanmega|10/100|[from] Stealth Rock
|-damage|p1a: Yanmega|0 fnt|[from] Spikes
|faint|p1a: Yanmega
|
|upkeep
|
|t:|1769377545
|switch|p1a: Slither Wing|Slither Wing|100/100
|-damage|p1a: Slither Wing|88/100|[from] Stealth Rock
|-damage|p1a: Slither Wing|76/100|[from] Spikes
|-enditem|p1a: Slither Wing|Booster Energy
|-activate|p1a: Slither Wing|ability: Protosynthesis|[fromitem]
|-start|p1a: Slither Wing|protosynthesisatk
|turn|17
|-message|Bug Trainer Barry forfeited.
|
|win|Trumpontop
|raw|Bug Trainer Barry's rating: 1344 &rarr; <strong>1322</strong><br />(-22 for losing)
|raw|Trumpontop's rating: 1307 &rarr; <strong>1329</strong><br />(+22 for winning)
|l|☆Bug Trainer Barry
|player|p1|
