|j|☆DiceyRice
|j|☆tgemvgc
|t:|1769319092
|gametype|singles
|player|p1|DiceyRice|miku-ghost|1533
|player|p2|tgemvgc|diantha-masters|1494
|gen|9
|tier|[Gen 9] OU
|rated|
|rule|HP Percentage Mod: HP is shown in percentages
|rule|Endless Battle Clause: Forcing endless battles is banned
|rule|Species Clause: Limit one of each Pokémon
|rule|OHKO Clause: OHKO moves are banned
|rule|Evasion Items Clause: Evasion items are banned
|rule|Evasion Moves Clause: Evasion moves are banned
|rule|Evasion Abilities Clause: Evasion abilities are banned
|rule|Sleep Moves Clause: Sleep-inducing moves are banned
|clearpoke
|poke|p1|Clefable, F|
|poke|p1|Gholdengo|
|poke|p1|Hydreigon, M|
|poke|p1|Rotom-Wash|
|poke|p1|Gliscor, F|
|poke|p1|Cresselia, F|
|poke|p2|Great Tusk|
|poke|p2|Pecharunt|
|poke|p2|Iron Valiant|
|poke|p2|Iron Crown|
|poke|p2|Samurott-Hisui, M|
|poke|p2|Dragonite, M|
|teampreview
|inactive|Battle timer is ON: inactive players will automatically lose when time's up. (requested by tgemvgc)
|
|t:|1769319120
|teamsize|p1|6
|teamsize|p2|6
|start
|switch|p1a: Rotom|Rotom-Wash|100/100
|switch|p2a: Iron Crown|Iron Crown|100/100
|turn|1
|
|t:|1769319130
|move|p2a: Iron Crown|Future Sight|p1a: Rotom
|-start|p2a: Iron Crown|move: Future Sight
|move|p1a: Rotom|Hydro Pump|p2a: Iron Crown
|-damage|p2a: Iron Crown|51/100
|
|upkeep
|turn|2
|inactive|tgemvgc has 120 seconds left.
|
|t:|1769319182
|move|p2a: Iron Crown|Psychic Noise|p1a: Rotom
|-damage|p1a: Rotom|50/100
|-start|p1a: Rotom|move: Heal Block
|move|p1a: Rotom|Hydro Pump|p2a: Iron Crown
|-damage|p2a: Iron Crown|4/100
|
|upkeep
|turn|3
|
|t:|1769319202
|switch|p1a: Hydreigon|Hydreigon, M|100/100
|move|p2a: Iron Crown|Psychic Noise|p1a: Hydreigon
|-immune|p1a: Hydreigon
|
|-end|p1a: Hydreigon|move: Future Sight
|-immune|p1a: Hydreigon
|upkeep
|turn|4
|
|t:|1769319205
|move|p1a: Hydreigon|U-turn|p2a: Iron Crown
|-damage|p2a: Iron Crown|0 fnt
|faint|p2a: Iron Crown
|-end|p2a: Iron Crown|Quark Drive|[silent]
|
|t:|1769319210
|switch|p1a: Gliscor|Gliscor, F|100/100|[from] U-turn
|
|-status|p1a: Gliscor|tox|[from] item: Toxic Orb
|upkeep
|
|t:|1769319222
|switch|p2a: Pecharunt|Pecharunt|100/100
|turn|5
|
|t:|1769319227
|move|p1a: Gliscor|Knock Off|p2a: Pecharunt
|-supereffective|p2a: Pecharunt
|-damage|p2a: Pecharunt|79/100
|-damage|p1a: Gliscor|84/100 tox|[from] item: Rocky Helmet|[of] p2a: Pecharunt
|-enditem|p2a: Pecharunt|Rocky Helmet|[from] move: Knock Off|[of] p1a: Gliscor
|move|p2a: Pecharunt|Parting Shot|p1a: Gliscor
|-unboost|p1a: Gliscor|atk|1
|-unboost|p1a: Gliscor|spa|1
|
|t:|1769319237
|switch|p2a: Great Tusk|Great Tusk, shiny|100/100|[from] Parting Shot
|
|-heal|p1a: Gliscor|97/100 tox|[from] ability: Poison Heal
|upkeep
|turn|6
|inactive|tgemvgc has 120 seconds left.
|
|t:|1769319245
|move|p2a: Great Tusk|Stealth Rock|p1a: Gliscor
|-sidestart|p1: DiceyRice|move: Stealth Rock
|move|p1a: Gliscor|Toxic|p2a: Great Tusk|[miss]
|-miss|p1a: Gliscor|p2a: Great Tusk
|
|-heal|p1a: Gliscor|100/100 tox|[from] ability: Poison Heal
|upkeep
|turn|7
|
|t:|1769319254
|-end|p2a: Great Tusk|Protosynthesis|[silent]
|switch|p2a: Pecharunt|Pecharunt|79/100
|move|p1a: Gliscor|Toxic|p2a: Pecharunt
|-immune|p2a: Pecharunt
|
|upkeep
|turn|8
|
|t:|1769319257
|move|p1a: Gliscor|Spikes|p2a: Pecharunt
|-sidestart|p2: tgemvgc|Spikes
|move|p2a: Pecharunt|Shadow Ball|p1a: Gliscor
|-damage|p1a: Gliscor|81/100 tox
|
|-heal|p1a: Gliscor|93/100 tox|[from] ability: Poison Heal
|upkeep
|turn|9
|
|t:|1769319259
|move|p1a: Gliscor|Spikes|p2a: Pecharunt
|-sidestart|p2: tgemvgc|Spikes
|move|p2a: Pecharunt|Recover|p2a: Pecharunt
|-heal|p2a: Pecharunt|100/100
|
|-heal|p1a: Gliscor|100/100 tox|[from] ability: Poison Heal
|upkeep
|turn|10
|
|t:|1769319262
|move|p1a: Gliscor|Spikes|p2a: Pecharunt
|-sidestart|p2: tgemvgc|Spikes
|move|p2a: Pecharunt|Shadow Ball|p1a: Gliscor
|-damage|p1a: Gliscor|78/100 tox
|
|-heal|p1a: Gliscor|91/100 tox|[from] ability: Poison Heal
|upkeep
|turn|11
|
|t:|1769319272
|move|p1a: Gliscor|Protect|p1a: Gliscor
|-singleturn|p1a: Gliscor|Protect
|move|p2a: Pecharunt|Shadow Ball|p1a: Gliscor
|-activate|p1a: Gliscor|move: Protect
|
|-heal|p1a: Gliscor|100/100 tox|[from] ability: Poison Heal
|upkeep
|turn|12
|
|t:|1769319277
|switch|p1a: Gholdengo|Gholdengo|100/100
|-damage|p1a: Gholdengo|94/100|[from] Stealth Rock
|-item|p1a: Gholdengo|Air Balloon
|move|p2a: Pecharunt|Shadow Ball|p1a: Gholdengo
|-supereffective|p1a: Gholdengo
|-damage|p1a: Gholdengo|42/100
|-enditem|p1a: Gholdengo|Air Balloon
|
|upkeep
|turn|13
|
|t:|1769319283
|switch|p1a: Hydreigon|Hydreigon, M|100/100
|-damage|p1a: Hydreigon|88/100|[from] Stealth Rock
|move|p2a: Pecharunt|Shadow Ball|p1a: Hydreigon
|-resisted|p1a: Hydreigon
|-damage|p1a: Hydreigon|74/100
|
|upkeep
|turn|14
|
|t:|1769319295
|switch|p2a: Great Tusk|Great Tusk, shiny|100/100
|move|p1a: Hydreigon|Dark Pulse|p2a: Great Tusk
|-resisted|p2a: Great Tusk
|-damage|p2a: Great Tusk|70/100
|
|upkeep
|turn|15
|
|t:|1769319299
|switch|p1a: Gholdengo|Gholdengo|42/100
|-damage|p1a: Gholdengo|35/100|[from] Stealth Rock
|move|p2a: Great Tusk|Rapid Spin|p1a: Gholdengo
|-immune|p1a: Gholdengo
|
|upkeep
|turn|16
|
|t:|1769319307
|move|p2a: Great Tusk|Headlong Rush|p1a: Gholdengo
|-supereffective|p1a: Gholdengo
|-damage|p1a: Gholdengo|0 fnt
|-unboost|p2a: Great Tusk|def|1
|-unboost|p2a: Great Tusk|spd|1
|faint|p1a: Gholdengo
|
|upkeep
|
|t:|1769319310
|switch|p1a: Hydreigon|Hydreigon, M|74/100
|-damage|p1a: Hydreigon|62/100|[from] Stealth Rock
|turn|17
|
|t:|1769319318
|-end|p2a: Great Tusk|Protosynthesis|[silent]
|switch|p2a: Iron Valiant|Iron Valiant, shiny|100/100
|-damage|p2a: Iron Valiant|76/100|[from] Spikes
|move|p1a: Hydreigon|Draco Meteor|p2a: Iron Valiant
|-immune|p2a: Iron Valiant
|
|upkeep
|turn|18
|
|t:|1769319329
|switch|p1a: Gliscor|Gliscor, F|100/100 tox
|-damage|p1a: Gliscor|88/100 tox|[from] Stealth Rock
|move|p2a: Iron Valiant|Moonblast|p1a: Gliscor
|-damage|p1a: Gliscor|33/100 tox
|-unboost|p1a: Gliscor|spa|1
|
|-heal|p1a: Gliscor|45/100 tox|[from] ability: Poison Heal
|upkeep
|turn|19
|
|t:|1769319332
|move|p1a: Gliscor|Protect|p1a: Gliscor
|-singleturn|p1a: Gliscor|Protect
|move|p2a: Iron Valiant|Moonblast|p1a: Gliscor
|-activate|p1a: Gliscor|move: Protect
|
|-heal|p1a: Gliscor|58/100 tox|[from] ability: Poison Heal
|upkeep
|turn|20
|
|t:|1769319335
|move|p2a: Iron Valiant|Moonblast|p1a: Gliscor
|-damage|p1a: Gliscor|0 fnt
|faint|p1a: Gliscor
|
|upkeep
|
|t:|1769319340
|switch|p1a: Clefable|Clefable, F|100/100
|turn|21
|
|t:|1769319349
|-terastallize|p2a: Iron Valiant|Fairy
|move|p2a: Iron Valiant|Moonblast|p1a: Clefable
|-damage|p1a: Clefable|10/100
|-unboost|p1a: Clefable|spa|1
|move|p1a: Clefable|Stealth Rock|p2a: Iron Valiant
|-sidestart|p2: tgemvgc|move: Stealth Rock
|
|-heal|p1a: Clefable|16/100|[from] item: Leftovers
|upkeep
|turn|22
|
|t:|1769319355
|move|p2a: Iron Valiant|Moonblast|p1a: Clefable
|-damage|p1a: Clefable|0 fnt
|faint|p1a: Clefable
|
|upkeep
|
|t:|1769319359
|switch|p1a: Hydreigon|Hydreigon, M|62/100
|-damage|p1a: Hydreigon|50/100|[from] Stealth Rock
|turn|23
|
|t:|1769319382
|move|p1a: Hydreigon|Flash Cannon|p2a: Iron Valiant
|-supereffective|p2a: Iron Valiant
|-damage|p2a: Iron Valiant|0 fnt
|faint|p2a: Iron Valiant
|-end|p2a: Iron Valiant|Quark Drive|[silent]
|
|upkeep
|
|t:|1769319387
|switch|p2a: Great Tusk|Great Tusk, shiny|70/100
|turn|24
|
|t:|1769319390
|move|p1a: Hydreigon|Flash Cannon|p2a: Great Tusk
|-damage|p2a: Great Tusk|29/100
|-unboost|p2a: Great Tusk|spd|1
|move|p2a: Great Tusk|Rapid Spin|p1a: Hydreigon
|-damage|p1a: Hydreigon|29/100
|-boost|p2a: Great Tusk|spe|1
|-sideend|p2: tgemvgc|Spikes|[from] move: Rapid Spin|[of] p2a: Great Tusk
|-sideend|p2: tgemvgc|Stealth Rock|[from] move: Rapid Spin|[of] p2a: Great Tusk
|
|upkeep
|turn|25
|
|t:|1769319393
|move|p1a: Hydreigon|Flash Cannon|p2a: Great Tusk
|-damage|p2a: Great Tusk|0 fnt
|faint|p2a: Great Tusk
|-end|p2a: Great Tusk|Protosynthesis|[silent]
|
|upkeep
|
|t:|1769319407
|switch|p2a: Samurott|Samurott-Hisui, M, shiny|100/100
|turn|26
|
|t:|1769319409
|move|p1a: Hydreigon|Flash Cannon|p2a: Samurott
|-resisted|p2a: Samurott
|-damage|p2a: Samurott|79/100
|move|p2a: Samurott|Knock Off|p1a: Hydreigon
|-resisted|p1a: Hydreigon
|-damage|p1a: Hydreigon|0 fnt
|-enditem|p1a: Hydreigon|Choice Scarf|[from] move: Knock Off|[of] p2a: Samurott
|faint|p1a: Hydreigon
|
|upkeep
|
|t:|1769319413
|switch|p1a: Rotom|Rotom-Wash|50/100
|-damage|p1a: Rotom|38/100|[from] Stealth Rock
|turn|27
|
|t:|1769319424
|switch|p2a: Dragonite|Dragonite, M, shiny|100/100
|move|p1a: Rotom|Thunderbolt|p2a: Dragonite
|-damage|p2a: Dragonite|69/100
|
|upkeep
|turn|28
|
|t:|1769319430
|move|p1a: Rotom|Thunderbolt|p2a: Dragonite
|-damage|p2a: Dragonite|6/100
|move|p2a: Dragonite|Tera Blast|p1a: Rotom
|-damage|p1a: Rotom|16/100
|
|upkeep
|turn|29
|
|t:|1769319434
|move|p1a: Rotom|Thunderbolt|p2a: Dragonite
|-damage|p2a: Dragonite|0 fnt
|faint|p2a: Dragonite
|
|upkeep
|
|t:|1769319439
|switch|p2a: Samurott|Samurott-Hisui, M, shiny|79/100
|turn|30
|
|t:|1769319447
|move|p2a: Samurott|Sucker Punch|p1a: Rotom
|-damage|p1a: Rotom|0 fnt
|faint|p1a: Rotom
|
|upkeep
|
|t:|1769319449
|switch|p1a: Cresselia|Cresselia, F|100/100
|-damage|p1a: Cresselia|88/100|[from] Stealth Rock
|turn|31
|
|t:|1769319454
|-terastallize|p1a: Cresselia|Poison
|move|p2a: Samurott|Knock Off|p1a: Cresselia
|-damage|p1a: Cresselia|56/100
|-enditem|p1a: Cresselia|Leftovers|[from] move: Knock Off|[of] p2a: Samurott
|move|p1a: Cresselia|Calm Mind|p1a: Cresselia
|-boost|p1a: Cresselia|spa|1
|-boost|p1a: Cresselia|spd|1
|
|upkeep
|turn|32
|
|t:|1769319464
|move|p2a: Samurott|Ceaseless Edge|p1a: Cresselia
|-damage|p1a: Cresselia|24/100
|-sidestart|p1: DiceyRice|Spikes
|move|p1a: Cresselia|Moonlight|p1a: Cresselia
|-heal|p1a: Cresselia|74/100
|
|upkeep
|turn|33
|
|t:|1769319473
|move|p2a: Samurott|Ceaseless Edge|p1a: Cresselia
|-damage|p1a: Cresselia|42/100
|-sidestart|p1: DiceyRice|Spikes
|move|p1a: Cresselia|Moonlight|p1a: Cresselia
|-heal|p1a: Cresselia|92/100
|
|upkeep
|turn|34
|
|t:|1769319479
|move|p2a: Samurott|Ceaseless Edge|p1a: Cresselia
|-damage|p1a: Cresselia|57/100
|-sidestart|p1: DiceyRice|Spikes
|move|p1a: Cresselia|Calm Mind|p1a: Cresselia
|-boost|p1a: Cresselia|spa|1
|-boost|p1a: Cresselia|spd|1
|
|upkeep
|turn|35
|
|t:|1769319490
|move|p2a: Samurott|Ceaseless Edge|p1a: Cresselia
|-damage|p1a: Cresselia|23/100
|move|p1a: Cresselia|Moonlight|p1a: Cresselia
|-heal|p1a: Cresselia|73/100
|
|upkeep
|turn|36
|
|t:|1769319494
|move|p2a: Samurott|Ceaseless Edge|p1a: Cresselia
|-damage|p1a: Cresselia|38/100
|move|p1a: Cresselia|Moonblast|p2a: Samurott
|-supereffective|p2a: Samurott
|-damage|p2a: Samurott|0 fnt
|faint|p2a: Samurott
|
|upkeep
|
|t:|1769319498
|switch|p2a: Pecharunt|Pecharunt|100/100
|turn|37
|
|t:|1769319504
|move|p1a: Cresselia|Stored Power|p2a: Pecharunt
|-supereffective|p2a: Pecharunt
|-damage|p2a: Pecharunt|0 fnt
|faint|p2a: Pecharunt
|
|win|DiceyRice
|raw|DiceyRice's rating: 1533 &rarr; <strong>1551</strong><br />(+18 for winning)
|raw|tgemvgc's rating: 1494 &rarr; <strong>1476</strong><br />(-18 for losing)
|l|☆tgemvgc
|player|p2|
