|j|☆theboby
|j|☆kctrainer
|t:|1769358873
|gametype|singles
|player|p1|theboby|rood|1359
|player|p2|kctrainer|marshal|1360
|gen|9
|tier|[Gen 9] OU
|rated|
|rule|HP Percentage Mod: HP is shown in percentages
|rule|Endless Battle Clause: Forcing endless battles is banned
|rule|Species Clause: Limit one of each Pokémon
|rule|OHKO Clause: OHKO moves are banned
|rule|Evasion Items Clause: Evasion items are banned
|rule|Evasion Moves Clause: Evasion moves are banned
|rule|Evasion Abilities Clause: Evasion abilities are banned
|rule|Sleep Moves Clause: Sleep-inducing moves are banned
|clearpoke
|poke|p1|Corviknight, F|
|poke|p1|Jolteon, F|
|poke|p1|Latias, F|
|poke|p1|Gengar, M|
|poke|p1|Crawdaunt, F|
|poke|p1|Mienshao, M|
|poke|p2|Landorus-Therian, M|
|poke|p2|Pecharunt|
|poke|p2|Dragapult, M|
|poke|p2|Rotom-Wash|
|poke|p2|Blissey, F|
|poke|p2|Kingambit, F|
|teampreview
|
|t:|1769358908
|teamsize|p1|6
|teamsize|p2|6
|start
|switch|p1a: Latias|Latias, F|100/100
|switch|p2a: Landorus|Landorus-Therian, M|100/100
|-ability|p2a: Landorus|Intimidate|boost
|-unboost|p1a: Latias|atk|1
|turn|1
|
|t:|1769358915
|-terastallize|p1a: Latias|Electric
|move|p1a: Latias|Calm Mind|p1a: Latias
|-boost|p1a: Latias|spa|1
|-boost|p1a: Latias|spd|1
|move|p2a: Landorus|Stealth Rock|p1a: Latias
|-sidestart|p1: theboby|move: Stealth Rock
|
|upkeep
|turn|2
|
|t:|1769358923
|move|p1a: Latias|Calm Mind|p1a: Latias
|-boost|p1a: Latias|spa|1
|-boost|p1a: Latias|spd|1
|move|p2a: Landorus|U-turn|p1a: Latias
|-damage|p1a: Latias|83/100
|
|t:|1769358949
|switch|p2a: Blissey|Blissey, F|100/100|[from] U-turn
|
|-heal|p1a: Latias|90/100|[from] item: Leftovers
|upkeep
|turn|3
|
|t:|1769358959
|move|p1a: Latias|Psyshock|p2a: Blissey
|-damage|p2a: Blissey|36/100
|move|p2a: Blissey|Calm Mind|p2a: Blissey
|-boost|p2a: Blissey|spa|1
|-boost|p2a: Blissey|spd|1
|
|-heal|p1a: Latias|96/100|[from] item: Leftovers
|upkeep
|turn|4
|
|t:|1769358973
|move|p1a: Latias|Dragon Pulse|p2a: Blissey
|-damage|p2a: Blissey|24/100
|move|p2a: Blissey|Soft-Boiled|p2a: Blissey
|-heal|p2a: Blissey|74/100
|
|-heal|p1a: Latias|100/100|[from] item: Leftovers
|upkeep
|turn|5
|
|t:|1769358975
|move|p1a: Latias|Psyshock|p2a: Blissey
|-damage|p2a: Blissey|18/100
|move|p2a: Blissey|Calm Mind|p2a: Blissey
|-boost|p2a: Blissey|spa|1
|-boost|p2a: Blissey|spd|1
|
|upkeep
|turn|6
|
|t:|1769358978
|move|p1a: Latias|Psyshock|p2a: Blissey
|-damage|p2a: Blissey|0 fnt
|faint|p2a: Blissey
|
|upkeep
|
|t:|1769358981
|switch|p2a: Kingambit|Kingambit, F|100/100
|-activate|p2a: Kingambit|ability: Supreme Overlord
|-start|p2a: Kingambit|fallen1|[silent]
|turn|7
|
|t:|1769358992
|-end|p2a: Kingambit|fallen1|[silent]
|switch|p2a: Rotom|Rotom-Wash|100/100
|move|p1a: Latias|Dragon Pulse|p2a: Rotom
|-damage|p2a: Rotom|44/100
|
|-heal|p2a: Rotom|50/100|[from] item: Leftovers
|upkeep
|turn|8
|
|t:|1769358998
|move|p1a: Latias|Psyshock|p2a: Rotom
|-damage|p2a: Rotom|0 fnt
|faint|p2a: Rotom
|
|upkeep
|
|t:|1769359001
|switch|p2a: Dragapult|Dragapult, M|100/100
|turn|9
|
|t:|1769359005
|move|p2a: Dragapult|Dragon Darts|p1a: Latias
|-damage|p1a: Latias|83/100
|-anim|p2a: Dragapult|Dragon Darts|p1a: Latias
|-damage|p1a: Latias|67/100
|move|p1a: Latias|Dragon Pulse|p2a: Dragapult
|-supereffective|p2a: Dragapult
|-damage|p2a: Dragapult|0 fnt
|faint|p2a: Dragapult
|
|-heal|p1a: Latias|73/100|[from] item: Leftovers
|upkeep
|inactive|Battle timer is ON: inactive players will automatically lose when time's up. (requested by theboby)
|
|t:|1769359014
|switch|p2a: Kingambit|Kingambit, F|100/100
|-activate|p2a: Kingambit|ability: Supreme Overlord
|-start|p2a: Kingambit|fallen3|[silent]
|turn|10
|
|t:|1769359026
|move|p1a: Latias|Dragon Pulse|p2a: Kingambit
|-resisted|p2a: Kingambit
|-damage|p2a: Kingambit|73/100
|move|p2a: Kingambit|Swords Dance|p2a: Kingambit
|-boost|p2a: Kingambit|atk|2
|
|-heal|p1a: Latias|79/100|[from] item: Leftovers
|upkeep
|turn|11
|
|t:|1769359031
|move|p2a: Kingambit|Sucker Punch|p1a: Latias
|-damage|p1a: Latias|7/100
|move|p1a: Latias|Dragon Pulse|p2a: Kingambit
|-resisted|p2a: Kingambit
|-damage|p2a: Kingambit|44/100
|
|-heal|p1a: Latias|13/100|[from] item: Leftovers
|upkeep
|turn|12
|
|t:|1769359034
|move|p2a: Kingambit|Sucker Punch||[still]
|-fail|p2a: Kingambit
|move|p1a: Latias|Recover|p1a: Latias
|-heal|p1a: Latias|63/100
|
|-heal|p1a: Latias|69/100|[from] item: Leftovers
|upkeep
|turn|13
|
|t:|1769359036
|move|p1a: Latias|Recover|p1a: Latias
|-heal|p1a: Latias|100/100
|move|p2a: Kingambit|Kowtow Cleave|p1a: Latias
|-damage|p1a: Latias|8/100
|
|-heal|p1a: Latias|14/100|[from] item: Leftovers
|upkeep
|turn|14
|
|t:|1769359040
|move|p2a: Kingambit|Sucker Punch||[still]
|-fail|p2a: Kingambit
|move|p1a: Latias|Recover|p1a: Latias
|-heal|p1a: Latias|64/100
|
|-heal|p1a: Latias|70/100|[from] item: Leftovers
|upkeep
|turn|15
|
|t:|1769359043
|move|p1a: Latias|Dragon Pulse|p2a: Kingambit
|-resisted|p2a: Kingambit
|-damage|p2a: Kingambit|19/100
|move|p2a: Kingambit|Kowtow Cleave|p1a: Latias
|-damage|p1a: Latias|0 fnt
|faint|p1a: Latias
|
|upkeep
|
|t:|1769359052
|switch|p1a: Gengar|Gengar, M|100/100
|-damage|p1a: Gengar|88/100|[from] Stealth Rock
|turn|16
|
|t:|1769359062
|move|p2a: Kingambit|Sucker Punch||[still]
|-fail|p2a: Kingambit
|move|p1a: Gengar|Will-O-Wisp|p2a: Kingambit
|-status|p2a: Kingambit|brn
|
|-damage|p2a: Kingambit|13/100 brn|[from] brn
|upkeep
|turn|17
|
|t:|1769359065
|switch|p1a: Corviknight|Corviknight, F|100/100
|-damage|p1a: Corviknight|88/100|[from] Stealth Rock
|-ability|p1a: Corviknight|Pressure
|move|p2a: Kingambit|Sucker Punch||[still]
|-fail|p2a: Kingambit
|
|-damage|p2a: Kingambit|6/100 brn|[from] brn
|upkeep
|turn|18
|
|t:|1769359071
|move|p1a: Corviknight|Roost|p1a: Corviknight
|-heal|p1a: Corviknight|100/100
|-singleturn|p1a: Corviknight|move: Roost
|move|p2a: Kingambit|Kowtow Cleave|p1a: Corviknight
|-damage|p1a: Corviknight|64/100
|-damage|p2a: Kingambit|0 fnt|[from] item: Rocky Helmet|[of] p1a: Corviknight
|faint|p2a: Kingambit
|-end|p2a: Kingambit|fallen3|[silent]
|
|upkeep
|-message|kctrainer forfeited.
|
|win|theboby
|raw|theboby's rating: 1359 &rarr; <strong>1379</strong><br />(+20 for winning)
|raw|kctrainer's rating: 1360 &rarr; <strong>1340</strong><br />(-20 for losing)
|l|☆kctrainer
|player|p2|
|l|☆theboby
|player|p1|
