|j|☆pkmntrainerred2021
|j|☆MCR not dat sus
|t:|1769292762
|gametype|singles
|player|p1|pkmntrainerred2021|1|1118
|player|p2|MCR not dat sus|cheryl|1168
|gen|9
|tier|[Gen 9] OU
|rated|
|rule|HP Percentage Mod: HP is shown in percentages
|rule|Endless Battle Clause: Forcing endless battles is banned
|rule|Species Clause: Limit one of each Pokémon
|rule|OHKO Clause: OHKO moves are banned
|rule|Evasion Items Clause: Evasion items are banned
|rule|Evasion Moves Clause: Evasion moves are banned
|rule|Evasion Abilities Clause: Evasion abilities are banned
|rule|Sleep Moves Clause: Sleep-inducing moves are banned
|clearpoke
|poke|p1|Lokix, M|
|poke|p1|Coalossal, F|
|poke|p1|Pelipper, M|
|poke|p1|Sandy Shocks|
|poke|p1|Toxapex, F|
|poke|p1|Sinistcha-Masterpiece|
|poke|p2|Glimmora, M|
|poke|p2|Kyurem|
|poke|p2|Iron Treads|
|poke|p2|Ogerpon-Wellspring, F|
|poke|p2|Iron Moth|
|poke|p2|Samurott-Hisui, F|
|teampreview
|inactive|Battle timer is ON: inactive players will automatically lose when time's up. (requested by pkmntrainerred2021)
|
|t:|1769292768
|teamsize|p1|6
|teamsize|p2|6
|start
|switch|p1a: Pelipper|Pelipper, M|100/100
|switch|p2a: Trap|Glimmora, M, shiny|100/100
|-weather|RainDance|[from] ability: Drizzle|[of] p1a: Pelipper
|turn|1
|
|t:|1769292783
|move|p1a: Pelipper|Weather Ball|p2a: Trap
|-supereffective|p2a: Trap
|-enditem|p2a: Trap|Focus Sash
|-damage|p2a: Trap|1/100
|move|p2a: Trap|Stealth Rock|p1a: Pelipper
|-sidestart|p1: pkmntrainerred2021|move: Stealth Rock
|
|-weather|RainDance|[upkeep]
|upkeep
|turn|2
|
|t:|1769292792
|move|p1a: Pelipper|Weather Ball|p2a: Trap
|-supereffective|p2a: Trap
|-crit|p2a: Trap
|-damage|p2a: Trap|0 fnt
|faint|p2a: Trap
|
|-weather|RainDance|[upkeep]
|upkeep
|
|t:|1769292800
|switch|p2a: Tank|Kyurem, shiny|100/100
|-ability|p2a: Tank|Pressure
|turn|3
|
|t:|1769292815
|switch|p1a: Coalossal|Coalossal, F|100/100
|-damage|p1a: Coalossal|75/100|[from] Stealth Rock
|move|p2a: Tank|Psychic|p1a: Coalossal
|-damage|p1a: Coalossal|62/100
|
|-weather|RainDance|[upkeep]
|upkeep
|turn|4
|
|t:|1769292824
|move|p2a: Tank|Flash Cannon|p1a: Coalossal
|-damage|p1a: Coalossal|50/100
|move|p1a: Coalossal|Rapid Spin|p2a: Tank
|-damage|p2a: Tank|94/100
|-boost|p1a: Coalossal|spe|1
|-sideend|p1: pkmntrainerred2021|Stealth Rock|[from] move: Rapid Spin|[of] p1a: Coalossal
|
|-weather|RainDance|[upkeep]
|upkeep
|turn|5
|
|t:|1769292837
|move|p2a: Tank|Dragon Pulse|p1a: Coalossal
|-damage|p1a: Coalossal|34/100
|move|p1a: Coalossal|Stone Edge|p2a: Tank
|-supereffective|p2a: Tank
|-damage|p2a: Tank|63/100
|
|-weather|none
|upkeep
|turn|6
|
|t:|1769292845
|move|p2a: Tank|Dragon Pulse|p1a: Coalossal
|-damage|p1a: Coalossal|17/100
|move|p1a: Coalossal|Stone Edge|p2a: Tank
|-supereffective|p2a: Tank
|-damage|p2a: Tank|31/100
|
|upkeep
|turn|7
|
|t:|1769292851
|move|p2a: Tank|Dragon Pulse|p1a: Coalossal
|-damage|p1a: Coalossal|1/100
|move|p1a: Coalossal|Stone Edge|p2a: Tank
|-supereffective|p2a: Tank
|-crit|p2a: Tank
|-damage|p2a: Tank|0 fnt
|faint|p2a: Tank
|
|upkeep
|
|t:|1769292858
|switch|p2a: Rogue|Samurott-Hisui, F|100/100
|turn|8
|
|t:|1769292864
|move|p2a: Rogue|Ceaseless Edge|p1a: Coalossal
|-crit|p1a: Coalossal
|-damage|p1a: Coalossal|0 fnt
|-sidestart|p1: pkmntrainerred2021|Spikes
|faint|p1a: Coalossal
|
|upkeep
|
|t:|1769292867
|switch|p1a: Lokix|Lokix, M, shiny|100/100
|-damage|p1a: Lokix|88/100|[from] Spikes
|turn|9
|
|t:|1769292878
|switch|p2a: Mage|Iron Moth|100/100
|-item|p2a: Mage|Air Balloon
|move|p1a: Lokix|U-turn|p2a: Mage
|-resisted|p2a: Mage
|-damage|p2a: Mage|53/100
|-enditem|p2a: Mage|Air Balloon
|
|t:|1769292883
|switch|p1a: Pelipper|Pelipper, M|100/100|[from] U-turn
|-weather|RainDance|[from] ability: Drizzle|[of] p1a: Pelipper
|
|-weather|RainDance|[upkeep]
|upkeep
|turn|10
|
|t:|1769292893
|-terastallize|p2a: Mage|Steel
|move|p1a: Pelipper|U-turn|p2a: Mage
|-resisted|p2a: Mage
|-damage|p2a: Mage|47/100
|
|t:|1769292906
|switch|p1a: Toxapex|Toxapex, F|100/100|[from] U-turn
|-damage|p1a: Toxapex|88/100|[from] Spikes
|move|p2a: Mage|Energy Ball|p1a: Toxapex
|-crit|p1a: Toxapex
|-damage|p1a: Toxapex|45/100
|
|-weather|RainDance|[upkeep]
|-heal|p1a: Toxapex|51/100|[from] item: Leftovers
|upkeep
|turn|11
|
|t:|1769292917
|move|p2a: Mage|Fiery Dance|p1a: Toxapex
|-resisted|p1a: Toxapex
|-damage|p1a: Toxapex|43/100
|move|p1a: Toxapex|Recover|p1a: Toxapex
|-heal|p1a: Toxapex|93/100
|
|-weather|RainDance|[upkeep]
|-heal|p1a: Toxapex|99/100|[from] item: Leftovers
|upkeep
|turn|12
|
|t:|1769292925
|move|p2a: Mage|Fiery Dance|p1a: Toxapex
|-resisted|p1a: Toxapex
|-damage|p1a: Toxapex|90/100
|move|p1a: Toxapex|Chilling Water|p2a: Mage
|-damage|p2a: Mage|31/100
|-unboost|p2a: Mage|atk|1
|
|-weather|RainDance|[upkeep]
|-heal|p1a: Toxapex|96/100|[from] item: Leftovers
|upkeep
|turn|13
|
|t:|1769292934
|move|p2a: Mage|Fiery Dance|p1a: Toxapex
|-resisted|p1a: Toxapex
|-damage|p1a: Toxapex|88/100
|move|p1a: Toxapex|Chilling Water|p2a: Mage
|-damage|p2a: Mage|14/100
|-unboost|p2a: Mage|atk|1
|
|-weather|none
|-heal|p1a: Toxapex|94/100|[from] item: Leftovers
|upkeep
|turn|14
|
|t:|1769292943
|move|p2a: Mage|Energy Ball|p1a: Toxapex
|-damage|p1a: Toxapex|66/100
|move|p1a: Toxapex|Chilling Water|p2a: Mage
|-damage|p2a: Mage|2/100
|-unboost|p2a: Mage|atk|1
|
|-heal|p1a: Toxapex|72/100|[from] item: Leftovers
|upkeep
|turn|15
|
|t:|1769292951
|move|p2a: Mage|Energy Ball|p1a: Toxapex
|-damage|p1a: Toxapex|46/100
|move|p1a: Toxapex|Chilling Water|p2a: Mage
|-damage|p2a: Mage|0 fnt
|faint|p2a: Mage
|-end|p2a: Mage|Quark Drive|[silent]
|
|-heal|p1a: Toxapex|52/100|[from] item: Leftovers
|upkeep
|
|t:|1769292967
|switch|p2a: Knight|Ogerpon-Wellspring, F|100/100
|turn|16
|
|t:|1769292972
|switch|p1a: Pelipper|Pelipper, M|100/100
|-weather|RainDance|[from] ability: Drizzle|[of] p1a: Pelipper
|move|p2a: Knight|Horn Leech|p1a: Pelipper
|-damage|p1a: Pelipper|38/100
|
|-weather|RainDance|[upkeep]
|upkeep
|turn|17
|
|t:|1769292981
|move|p2a: Knight|Horn Leech|p1a: Pelipper
|-damage|p1a: Pelipper|0 fnt
|faint|p1a: Pelipper
|
|-weather|RainDance|[upkeep]
|upkeep
|
|t:|1769292984
|switch|p1a: Lokix|Lokix, M, shiny|88/100
|-damage|p1a: Lokix|76/100|[from] Spikes
|turn|18
|
|t:|1769292993
|move|p1a: Lokix|First Impression|p2a: Knight
|-supereffective|p2a: Knight
|-damage|p2a: Knight|0 fnt
|faint|p2a: Knight
|
|-weather|RainDance|[upkeep]
|upkeep
|
|t:|1769292999
|switch|p2a: Barbarian|Iron Treads|100/100
|-enditem|p2a: Barbarian|Booster Energy
|-activate|p2a: Barbarian|ability: Quark Drive|[fromitem]
|-start|p2a: Barbarian|quarkdrivespe
|turn|19
|
|t:|1769293004
|switch|p1a: Sinistcha|Sinistcha-Masterpiece|100/100
|-damage|p1a: Sinistcha|88/100|[from] Spikes
|move|p2a: Barbarian|Earthquake|p1a: Sinistcha
|-resisted|p1a: Sinistcha
|-damage|p1a: Sinistcha|68/100
|
|-weather|RainDance|[upkeep]
|-heal|p1a: Sinistcha|74/100|[from] item: Leftovers
|upkeep
|turn|20
|
|t:|1769293014
|move|p2a: Barbarian|Ice Spinner|p1a: Sinistcha
|-supereffective|p1a: Sinistcha
|-damage|p1a: Sinistcha|30/100
|move|p1a: Sinistcha|Strength Sap|p2a: Barbarian
|-unboost|p2a: Barbarian|atk|1
|-heal|p1a: Sinistcha|100/100
|
|-weather|none
|upkeep
|turn|21
|-message|MCR not dat sus forfeited.
|
|win|pkmntrainerred2021
|raw|pkmntrainerred2021's rating: 1118 &rarr; <strong>1147</strong><br />(+29 for winning)
|raw|MCR not dat sus's rating: 1168 &rarr; <strong>1139</strong><br />(-29 for losing)
|l|☆MCR not dat sus
|player|p2|
|l|☆pkmntrainerred2021
|player|p1|
