|j|☆Sir Morpheus
|j|☆tagasubongafam
|t:|1769321781
|gametype|singles
|player|p1|Sir Morpheus|bruno|1073
|player|p2|tagasubongafam|2|1090
|gen|9
|tier|[Gen 9] OU
|rated|
|rule|HP Percentage Mod: HP is shown in percentages
|rule|Endless Battle Clause: Forcing endless battles is banned
|rule|Species Clause: Limit one of each Pokémon
|rule|OHKO Clause: OHKO moves are banned
|rule|Evasion Items Clause: Evasion items are banned
|rule|Evasion Moves Clause: Evasion moves are banned
|rule|Evasion Abilities Clause: Evasion abilities are banned
|rule|Sleep Moves Clause: Sleep-inducing moves are banned
|clearpoke
|poke|p1|Great Tusk|
|poke|p1|Gholdengo|
|poke|p1|Kingambit, F|
|poke|p1|Dragapult, F|
|poke|p1|Toxapex, M|
|poke|p1|Iron Valiant|
|poke|p2|Iron Valiant|
|poke|p2|Great Tusk|
|poke|p2|Dragonite, M|
|poke|p2|Deoxys-Speed|
|poke|p2|Glimmora, M|
|poke|p2|Kingambit, M|
|teampreview
|
|t:|1769321796
|teamsize|p1|6
|teamsize|p2|6
|start
|switch|p1a: Great Tusk|Great Tusk|100/100
|switch|p2a: Deoxys|Deoxys-Speed|100/100
|-ability|p2a: Deoxys|Pressure
|turn|1
|
|t:|1769321809
|move|p2a: Deoxys|Reflect|p2a: Deoxys
|-sidestart|p2: tagasubongafam|Reflect
|move|p1a: Great Tusk|Earthquake|p2a: Deoxys
|-damage|p2a: Deoxys|73/100
|
|upkeep
|turn|2
|
|t:|1769321815
|move|p2a: Deoxys|Light Screen|p2a: Deoxys
|-sidestart|p2: tagasubongafam|move: Light Screen
|move|p1a: Great Tusk|Stealth Rock|p2a: Deoxys
|-sidestart|p2: tagasubongafam|move: Stealth Rock
|
|upkeep
|turn|3
|
|t:|1769321822
|-terastallize|p1a: Great Tusk|Water
|move|p2a: Deoxys|Psycho Boost|p1a: Great Tusk
|-damage|p1a: Great Tusk|34/100
|-unboost|p2a: Deoxys|spa|2
|move|p1a: Great Tusk|Earthquake|p2a: Deoxys
|-damage|p2a: Deoxys|48/100
|
|-heal|p1a: Great Tusk|40/100|[from] item: Leftovers
|upkeep
|turn|4
|
|t:|1769321836
|move|p2a: Deoxys|Taunt|p1a: Great Tusk
|-start|p1a: Great Tusk|move: Taunt
|move|p1a: Great Tusk|Rapid Spin|p2a: Deoxys
|-damage|p2a: Deoxys|39/100
|-boost|p1a: Great Tusk|spe|1
|
|-heal|p1a: Great Tusk|47/100|[from] item: Leftovers
|upkeep
|turn|5
|
|t:|1769321852
|switch|p2a: Dragonite|Dragonite, M|100/100
|-damage|p2a: Dragonite|76/100|[from] Stealth Rock
|move|p1a: Great Tusk|Earthquake|p2a: Dragonite
|-immune|p2a: Dragonite
|
|-heal|p1a: Great Tusk|53/100|[from] item: Leftovers
|-heal|p2a: Dragonite|82/100|[from] item: Leftovers
|upkeep
|turn|6
|
|t:|1769321871
|-end|p1a: Great Tusk|Protosynthesis|[silent]
|switch|p1a: Gholdengo|Gholdengo, shiny|100/100
|move|p2a: Dragonite|Substitute|p2a: Dragonite
|-start|p2a: Dragonite|Substitute
|-damage|p2a: Dragonite|57/100
|
|-heal|p2a: Dragonite|63/100|[from] item: Leftovers
|upkeep
|turn|7
|
|t:|1769321884
|move|p1a: Gholdengo|Trick||[still]
|-fail|p1a: Gholdengo
|move|p2a: Dragonite|Dragon Dance|p2a: Dragonite
|-boost|p2a: Dragonite|atk|1
|-boost|p2a: Dragonite|spe|1
|
|-heal|p2a: Dragonite|70/100|[from] item: Leftovers
|upkeep
|turn|8
|
|t:|1769321895
|move|p1a: Gholdengo|Trick||[still]
|-fail|p1a: Gholdengo
|move|p2a: Dragonite|Earthquake|p1a: Gholdengo
|-supereffective|p1a: Gholdengo
|-damage|p1a: Gholdengo|0 fnt
|faint|p1a: Gholdengo
|
|-heal|p2a: Dragonite|76/100|[from] item: Leftovers
|-sideend|p2: tagasubongafam|Reflect
|upkeep
|
|t:|1769321908
|switch|p1a: Great Tusk|Great Tusk, tera:Water|53/100
|turn|9
|
|t:|1769321920
|move|p2a: Dragonite|Earthquake|p1a: Great Tusk
|-crit|p1a: Great Tusk
|-damage|p1a: Great Tusk|11/100
|move|p1a: Great Tusk|Rapid Spin|p2a: Dragonite
|-activate|p2a: Dragonite|move: Substitute|[damage]
|-boost|p1a: Great Tusk|spe|1
|
|-heal|p2a: Dragonite|82/100|[from] item: Leftovers
|-heal|p1a: Great Tusk|17/100|[from] item: Leftovers
|-sideend|p2: tagasubongafam|move: Light Screen
|upkeep
|turn|10
|
|t:|1769321937
|-end|p1a: Great Tusk|Protosynthesis|[silent]
|switch|p1a: Iron Valiant|Iron Valiant|100/100
|-enditem|p1a: Iron Valiant|Booster Energy
|-activate|p1a: Iron Valiant|ability: Quark Drive|[fromitem]
|-start|p1a: Iron Valiant|quarkdrivespe
|move|p2a: Dragonite|Earthquake|p1a: Iron Valiant
|-damage|p1a: Iron Valiant|32/100
|
|-heal|p2a: Dragonite|88/100|[from] item: Leftovers
|upkeep
|turn|11
|
|t:|1769321949
|move|p1a: Iron Valiant|Moonblast|p2a: Dragonite
|-supereffective|p2a: Dragonite
|-end|p2a: Dragonite|Substitute
|move|p2a: Dragonite|Earthquake|p1a: Iron Valiant
|-damage|p1a: Iron Valiant|0 fnt
|faint|p1a: Iron Valiant
|-end|p1a: Iron Valiant|Quark Drive|[silent]
|
|-heal|p2a: Dragonite|94/100|[from] item: Leftovers
|upkeep
|
|t:|1769321960
|switch|p1a: Toxapex|Toxapex, M|100/100
|turn|12
|
|t:|1769321968
|move|p2a: Dragonite|Substitute|p2a: Dragonite
|-start|p2a: Dragonite|Substitute
|-damage|p2a: Dragonite|70/100
|move|p1a: Toxapex|Surf|p2a: Dragonite
|-resisted|p2a: Dragonite
|-activate|p2a: Dragonite|move: Substitute|[damage]
|
|-heal|p2a: Dragonite|76/100|[from] item: Leftovers
|upkeep
|turn|13
|
|t:|1769321978
|move|p2a: Dragonite|Earthquake|p1a: Toxapex
|-supereffective|p1a: Toxapex
|-damage|p1a: Toxapex|37/100
|move|p1a: Toxapex|Surf|p2a: Dragonite
|-resisted|p2a: Dragonite
|-activate|p2a: Dragonite|move: Substitute|[damage]
|
|-heal|p2a: Dragonite|82/100|[from] item: Leftovers
|-heal|p1a: Toxapex|43/100|[from] item: Black Sludge
|upkeep
|turn|14
|
|t:|1769321990
|move|p2a: Dragonite|Dragon Dance|p2a: Dragonite
|-boost|p2a: Dragonite|atk|1
|-boost|p2a: Dragonite|spe|1
|move|p1a: Toxapex|Recover|p1a: Toxapex
|-heal|p1a: Toxapex|93/100
|
|-heal|p2a: Dragonite|88/100|[from] item: Leftovers
|-heal|p1a: Toxapex|99/100|[from] item: Black Sludge
|upkeep
|turn|15
|inactive|Battle timer is ON: inactive players will automatically lose when time's up. (requested by tagasubongafam)
|
|t:|1769322000
|move|p2a: Dragonite|Dragon Dance|p2a: Dragonite
|-boost|p2a: Dragonite|atk|1
|-boost|p2a: Dragonite|spe|1
|move|p1a: Toxapex|Haze|p1a: Toxapex
|-clearallboost
|
|-heal|p2a: Dragonite|94/100|[from] item: Leftovers
|-heal|p1a: Toxapex|100/100|[from] item: Black Sludge
|upkeep
|turn|16
|
|t:|1769322012
|move|p2a: Dragonite|Earthquake|p1a: Toxapex
|-supereffective|p1a: Toxapex
|-damage|p1a: Toxapex|59/100
|move|p1a: Toxapex|Toxic||[still]
|-fail|p1a: Toxapex
|
|-heal|p2a: Dragonite|100/100|[from] item: Leftovers
|-heal|p1a: Toxapex|65/100|[from] item: Black Sludge
|upkeep
|turn|17
|
|t:|1769322024
|switch|p1a: Dragapult|Dragapult, F|100/100
|move|p2a: Dragonite|Dragon Dance|p2a: Dragonite
|-boost|p2a: Dragonite|atk|1
|-boost|p2a: Dragonite|spe|1
|
|upkeep
|turn|18
|
|t:|1769322036
|-terastallize|p2a: Dragonite|Flying
|move|p2a: Dragonite|Tera Blast|p1a: Dragapult|[anim] Tera Blast Flying
|-damage|p1a: Dragapult|0 fnt
|faint|p1a: Dragapult
|
|upkeep
|
|t:|1769322044
|switch|p1a: Toxapex|Toxapex, M|99/100
|turn|19
|
|t:|1769322049
|move|p2a: Dragonite|Dragon Dance|p2a: Dragonite
|-boost|p2a: Dragonite|atk|1
|-boost|p2a: Dragonite|spe|1
|move|p1a: Toxapex|Haze|p1a: Toxapex
|-clearallboost
|
|-heal|p1a: Toxapex|100/100|[from] item: Black Sludge
|upkeep
|turn|20
|
|t:|1769322063
|switch|p1a: Kingambit|Kingambit, F|100/100
|-activate|p1a: Kingambit|ability: Supreme Overlord
|-start|p1a: Kingambit|fallen3|[silent]
|move|p2a: Dragonite|Dragon Dance|p2a: Dragonite
|-boost|p2a: Dragonite|atk|1
|-boost|p2a: Dragonite|spe|1
|
|upkeep
|turn|21
|
|t:|1769322077
|move|p1a: Kingambit|Sucker Punch|p2a: Dragonite
|-end|p2a: Dragonite|Substitute
|move|p2a: Dragonite|Earthquake|p1a: Kingambit
|-supereffective|p1a: Kingambit
|-damage|p1a: Kingambit|18/100
|
|upkeep
|turn|22
|
|t:|1769322084
|move|p2a: Dragonite|Tera Blast|p1a: Kingambit|[anim] Tera Blast Flying
|-resisted|p1a: Kingambit
|-damage|p1a: Kingambit|0 fnt
|faint|p1a: Kingambit
|-end|p1a: Kingambit|fallen3|[silent]
|
|upkeep
|
|t:|1769322090
|switch|p1a: Toxapex|Toxapex, M|100/100
|turn|23
|
|t:|1769322094
|move|p2a: Dragonite|Earthquake|p1a: Toxapex
|-supereffective|p1a: Toxapex
|-damage|p1a: Toxapex|41/100
|move|p1a: Toxapex|Haze|p1a: Toxapex
|-clearallboost
|
|-heal|p1a: Toxapex|47/100|[from] item: Black Sludge
|upkeep
|turn|24
|
|t:|1769322104
|move|p2a: Dragonite|Earthquake|p1a: Toxapex
|-supereffective|p1a: Toxapex
|-damage|p1a: Toxapex|2/100
|move|p1a: Toxapex|Toxic|p2a: Dragonite
|-status|p2a: Dragonite|tox
|
|-heal|p1a: Toxapex|8/100|[from] item: Black Sludge
|-damage|p2a: Dragonite|94/100 tox|[from] psn
|upkeep
|turn|25
|
|t:|1769322114
|move|p2a: Dragonite|Earthquake|p1a: Toxapex
|-supereffective|p1a: Toxapex
|-damage|p1a: Toxapex|0 fnt
|faint|p1a: Toxapex
|
|-heal|p2a: Dragonite|100/100 tox|[from] item: Leftovers
|-damage|p2a: Dragonite|88/100 tox|[from] psn
|upkeep
|
|t:|1769322123
|switch|p1a: Great Tusk|Great Tusk, tera:Water|17/100
|turn|26
|
|t:|1769322129
|move|p2a: Dragonite|Earthquake|p1a: Great Tusk
|-damage|p1a: Great Tusk|0 fnt
|faint|p1a: Great Tusk
|-end|p1a: Great Tusk|Protosynthesis|[silent]
|
|win|tagasubongafam
|raw|Sir Morpheus's rating: 1073 &rarr; <strong>1053</strong><br />(-20 for losing)
|raw|tagasubongafam's rating: 1090 &rarr; <strong>1115</strong><br />(+25 for winning)
|l|☆Sir Morpheus
|player|p1|
