|j|‽liamsdad
|j|☆jsnsddk
|t:|1769407324
|gametype|singles
|player|p1|liamsdad|bruno|1620
|player|p2|jsnsddk|1|1569
|gen|9
|tier|[Gen 9] OU
|rated|
|rule|HP Percentage Mod: HP is shown in percentages
|rule|Endless Battle Clause: Forcing endless battles is banned
|rule|Species Clause: Limit one of each Pokémon
|rule|OHKO Clause: OHKO moves are banned
|rule|Evasion Items Clause: Evasion items are banned
|rule|Evasion Moves Clause: Evasion moves are banned
|rule|Evasion Abilities Clause: Evasion abilities are banned
|rule|Sleep Moves Clause: Sleep-inducing moves are banned
|clearpoke
|poke|p1|Pelipper, F|
|poke|p1|Ludicolo, F|
|poke|p1|Iron Treads|
|poke|p1|Barraskewda, F|
|poke|p1|Walking Wake|
|poke|p1|Poliwrath, F|
|poke|p2|Dragonite, M|
|poke|p2|Hatterene, F|
|poke|p2|Kingambit, F|
|poke|p2|Iron Crown|
|poke|p2|Crawdaunt, F|
|poke|p2|Manaphy|
|teampreview
|inactive|Battle timer is ON: inactive players will automatically lose when time's up. (requested by jsnsddk)
|
|t:|1769407327
|teamsize|p1|6
|teamsize|p2|6
|start
|switch|p1a: Pelipper|Pelipper, F|100/100
|switch|p2a: Hatterene|Hatterene, F|100/100
|-weather|RainDance|[from] ability: Drizzle|[of] p1a: Pelipper
|turn|1
|
|t:|1769407332
|move|p1a: Pelipper|U-turn|p2a: Hatterene
|-damage|p2a: Hatterene|90/100
|
|t:|1769407335
|switch|p1a: Iron Treads|Iron Treads|100/100|[from] U-turn
|move|p2a: Hatterene|Trick Room|p2a: Hatterene
|-fieldstart|move: Trick Room|[of] p2a: Hatterene
|
|-weather|RainDance|[upkeep]
|upkeep
|turn|2
|
|t:|1769407346
|switch|p2a: Crawdaunt|Crawdaunt, F|100/100
|move|p1a: Iron Treads|Iron Head|p2a: Crawdaunt
|-resisted|p2a: Crawdaunt
|-damage|p2a: Crawdaunt|81/100
|
|-weather|RainDance|[upkeep]
|upkeep
|turn|3
|
|t:|1769407354
|move|p2a: Crawdaunt|Crabhammer|p1a: Iron Treads
|-supereffective|p1a: Iron Treads
|-damage|p1a: Iron Treads|0 fnt
|faint|p1a: Iron Treads
|-end|p1a: Iron Treads|Quark Drive|[silent]
|-damage|p2a: Crawdaunt|71/100|[from] item: Life Orb
|
|-weather|RainDance|[upkeep]
|upkeep
|
|t:|1769407359
|switch|p1a: Poliwrath|Poliwrath, F|100/100
|turn|4
|
|t:|1769407369
|move|p2a: Crawdaunt|Knock Off|p1a: Poliwrath
|-resisted|p1a: Poliwrath
|-damage|p1a: Poliwrath|46/100
|-enditem|p1a: Poliwrath|Sitrus Berry|[from] move: Knock Off|[of] p2a: Crawdaunt
|-damage|p2a: Crawdaunt|61/100|[from] item: Life Orb
|move|p1a: Poliwrath|Belly Drum||[still]
|-fail|p1a: Poliwrath
|
|-weather|RainDance|[upkeep]
|upkeep
|turn|5
|
|t:|1769407382
|move|p2a: Crawdaunt|Close Combat|p1a: Poliwrath
|-damage|p1a: Poliwrath|0 fnt
|-unboost|p2a: Crawdaunt|def|1
|-unboost|p2a: Crawdaunt|spd|1
|faint|p1a: Poliwrath
|-damage|p2a: Crawdaunt|51/100|[from] item: Life Orb
|
|-weather|RainDance|[upkeep]
|-fieldend|move: Trick Room
|upkeep
|
|t:|1769407388
|switch|p1a: Walking Wake|Walking Wake|100/100
|-enditem|p1a: Walking Wake|Booster Energy
|-activate|p1a: Walking Wake|ability: Protosynthesis|[fromitem]
|-start|p1a: Walking Wake|protosynthesisspa
|turn|6
|inactive|jsnsddk has 120 seconds left.
|
|t:|1769407422
|switch|p2a: Iron Crown|Iron Crown|100/100
|-enditem|p2a: Iron Crown|Booster Energy
|-activate|p2a: Iron Crown|ability: Quark Drive|[fromitem]
|-start|p2a: Iron Crown|quarkdrivespe
|move|p1a: Walking Wake|Hydro Steam|p2a: Iron Crown
|-damage|p2a: Iron Crown|24/100
|
|-weather|RainDance|[upkeep]
|upkeep
|turn|7
|
|t:|1769407429
|move|p2a: Iron Crown|Psyshock|p1a: Walking Wake
|-damage|p1a: Walking Wake|61/100
|move|p1a: Walking Wake|Agility|p1a: Walking Wake
|-boost|p1a: Walking Wake|spe|2
|
|-weather|RainDance|[upkeep]
|upkeep
|turn|8
|
|t:|1769407434
|move|p1a: Walking Wake|Hydro Steam|p2a: Iron Crown
|-damage|p2a: Iron Crown|0 fnt
|faint|p2a: Iron Crown
|-end|p2a: Iron Crown|Quark Drive|[silent]
|
|-weather|none
|upkeep
|
|t:|1769407442
|switch|p2a: Hatterene|Hatterene, F|90/100
|turn|9
|
|t:|1769407445
|-terastallize|p1a: Walking Wake|Flying
|move|p1a: Walking Wake|Hurricane|p2a: Hatterene
|-damage|p2a: Hatterene|7/100
|move|p2a: Hatterene|Trick Room|p2a: Hatterene
|-fieldstart|move: Trick Room|[of] p2a: Hatterene
|
|upkeep
|turn|10
|
|t:|1769407460
|move|p2a: Hatterene|Healing Wish|p2a: Hatterene
|faint|p2a: Hatterene
|move|p1a: Walking Wake|Hydro Steam|p2: Hatterene|[notarget]
|-fail|p1a: Walking Wake
|
|upkeep
|
|t:|1769407462
|switch|p2a: Crawdaunt|Crawdaunt, F|51/100
|-heal|p2a: Crawdaunt|100/100|[from] move: Healing Wish
|turn|11
|
|t:|1769407478
|move|p2a: Crawdaunt|Crabhammer|p1a: Walking Wake
|-damage|p1a: Walking Wake|0 fnt
|faint|p1a: Walking Wake
|-end|p1a: Walking Wake|Protosynthesis|[silent]
|-damage|p2a: Crawdaunt|90/100|[from] item: Life Orb
|
|upkeep
|
|t:|1769407481
|switch|p1a: Pelipper|Pelipper, F|100/100
|-weather|RainDance|[from] ability: Drizzle|[of] p1a: Pelipper
|turn|12
|
|t:|1769407486
|move|p2a: Crawdaunt|Knock Off|p1a: Pelipper
|-damage|p1a: Pelipper|28/100
|-enditem|p1a: Pelipper|Damp Rock|[from] move: Knock Off|[of] p2a: Crawdaunt
|-damage|p2a: Crawdaunt|80/100|[from] item: Life Orb
|move|p1a: Pelipper|Roost|p1a: Pelipper
|-heal|p1a: Pelipper|78/100
|-singleturn|p1a: Pelipper|move: Roost
|
|-weather|RainDance|[upkeep]
|upkeep
|turn|13
|
|t:|1769407496
|move|p2a: Crawdaunt|Crabhammer|p1a: Pelipper
|-resisted|p1a: Pelipper
|-damage|p1a: Pelipper|25/100
|-damage|p2a: Crawdaunt|70/100|[from] item: Life Orb
|move|p1a: Pelipper|U-turn|p2a: Crawdaunt
|-supereffective|p2a: Crawdaunt
|-damage|p2a: Crawdaunt|48/100
|
|t:|1769407500
|switch|p1a: Barraskewda|Barraskewda, F|100/100|[from] U-turn
|
|-weather|RainDance|[upkeep]
|-fieldend|move: Trick Room
|upkeep
|turn|14
|
|t:|1769407504
|move|p2a: Crawdaunt|Aqua Jet|p1a: Barraskewda
|-resisted|p1a: Barraskewda
|-crit|p1a: Barraskewda
|-damage|p1a: Barraskewda|21/100
|-damage|p2a: Crawdaunt|38/100|[from] item: Life Orb
|move|p1a: Barraskewda|Liquidation|p2a: Crawdaunt
|-resisted|p2a: Crawdaunt
|-damage|p2a: Crawdaunt|0 fnt
|faint|p2a: Crawdaunt
|
|-weather|RainDance|[upkeep]
|upkeep
|
|t:|1769407510
|switch|p2a: Manaphy|Manaphy|100/100
|turn|15
|
|t:|1769407520
|switch|p1a: Ludicolo|Ludicolo, F|100/100
|move|p2a: Manaphy|Scald|p1a: Ludicolo
|-resisted|p1a: Ludicolo
|-damage|p1a: Ludicolo|85/100
|
|-weather|RainDance|[upkeep]
|upkeep
|turn|16
|
|t:|1769407536
|switch|p2a: Dragonite|Dragonite, M|100/100
|move|p1a: Ludicolo|Giga Drain|p2a: Dragonite
|-resisted|p2a: Dragonite
|-damage|p2a: Dragonite|95/100
|-heal|p1a: Ludicolo|88/100|[from] drain|[of] p2a: Dragonite
|-damage|p1a: Ludicolo|78/100|[from] item: Life Orb
|
|-weather|RainDance|[upkeep]
|upkeep
|turn|17
|
|t:|1769407546
|-terastallize|p2a: Dragonite|Fire
|move|p1a: Ludicolo|Ice Beam|p2a: Dragonite
|-resisted|p2a: Dragonite
|-crit|p2a: Dragonite
|-damage|p2a: Dragonite|69/100
|-damage|p1a: Ludicolo|68/100|[from] item: Life Orb
|move|p2a: Dragonite|Scale Shot|p1a: Ludicolo
|-damage|p1a: Ludicolo|43/100
|-damage|p1a: Ludicolo|18/100
|-damage|p1a: Ludicolo|0 fnt
|faint|p1a: Ludicolo
|-hitcount|p1: Ludicolo|3
|-unboost|p2a: Dragonite|def|1
|-boost|p2a: Dragonite|spe|1
|
|-weather|RainDance|[upkeep]
|upkeep
|
|t:|1769407552
|switch|p1a: Barraskewda|Barraskewda, F|21/100
|turn|18
|
|t:|1769407563
|move|p1a: Barraskewda|Liquidation|p2a: Dragonite
|-supereffective|p2a: Dragonite
|-damage|p2a: Dragonite|0 fnt
|faint|p2a: Dragonite
|
|-weather|RainDance|[upkeep]
|upkeep
|
|t:|1769407574
|switch|p2a: Manaphy|Manaphy|100/100
|turn|19
|
|t:|1769407581
|move|p1a: Barraskewda|Liquidation|p2a: Manaphy
|-resisted|p2a: Manaphy
|-damage|p2a: Manaphy|60/100
|move|p2a: Manaphy|Scald|p1a: Barraskewda
|-resisted|p1a: Barraskewda
|-damage|p1a: Barraskewda|0 fnt
|faint|p1a: Barraskewda
|
|-weather|none
|-heal|p2a: Manaphy|66/100|[from] item: Leftovers
|upkeep
|
|t:|1769407585
|switch|p1a: Pelipper|Pelipper, F|25/100
|-weather|RainDance|[from] ability: Drizzle|[of] p1a: Pelipper
|turn|20
|
|t:|1769407589
|move|p2a: Manaphy|Take Heart|p2a: Manaphy
|-boost|p2a: Manaphy|spa|1
|-boost|p2a: Manaphy|spd|1
|move|p1a: Pelipper|Roost|p1a: Pelipper
|-heal|p1a: Pelipper|75/100
|-singleturn|p1a: Pelipper|move: Roost
|
|-weather|RainDance|[upkeep]
|-heal|p2a: Manaphy|72/100|[from] item: Leftovers
|upkeep
|turn|21
|
|t:|1769407592
|move|p2a: Manaphy|Take Heart|p2a: Manaphy
|-boost|p2a: Manaphy|spa|1
|-boost|p2a: Manaphy|spd|1
|move|p1a: Pelipper|Hurricane|p2a: Manaphy
|-damage|p2a: Manaphy|58/100
|-start|p2a: Manaphy|confusion
|
|-weather|RainDance|[upkeep]
|-heal|p2a: Manaphy|64/100|[from] item: Leftovers
|upkeep
|turn|22
|
|t:|1769407597
|-activate|p2a: Manaphy|confusion
|-damage|p2a: Manaphy|58/100|[from] confusion
|move|p1a: Pelipper|Roost|p1a: Pelipper
|-heal|p1a: Pelipper|100/100
|-singleturn|p1a: Pelipper|move: Roost
|
|-weather|RainDance|[upkeep]
|-heal|p2a: Manaphy|64/100|[from] item: Leftovers
|upkeep
|turn|23
|
|t:|1769407599
|-activate|p2a: Manaphy|confusion
|move|p2a: Manaphy|Take Heart|p2a: Manaphy
|-boost|p2a: Manaphy|spa|1
|-boost|p2a: Manaphy|spd|1
|move|p1a: Pelipper|Hurricane|p2a: Manaphy
|-damage|p2a: Manaphy|51/100
|
|-weather|RainDance|[upkeep]
|-heal|p2a: Manaphy|58/100|[from] item: Leftovers
|upkeep
|turn|24
|
|t:|1769407606
|-activate|p2a: Manaphy|confusion
|-damage|p2a: Manaphy|52/100|[from] confusion
|move|p1a: Pelipper|Hurricane|p2a: Manaphy
|-damage|p2a: Manaphy|41/100
|
|-weather|none
|-heal|p2a: Manaphy|47/100|[from] item: Leftovers
|upkeep
|turn|25
|
|t:|1769407611
|-activate|p2a: Manaphy|confusion
|-damage|p2a: Manaphy|41/100|[from] confusion
|move|p1a: Pelipper|U-turn|p2a: Manaphy
|-damage|p2a: Manaphy|33/100
|
|-heal|p2a: Manaphy|40/100|[from] item: Leftovers
|upkeep
|turn|26
|
|t:|1769407614
|-end|p2a: Manaphy|confusion
|move|p2a: Manaphy|Stored Power|p1a: Pelipper
|-damage|p1a: Pelipper|0 fnt
|faint|p1a: Pelipper
|
|win|jsnsddk
|raw|liamsdad's rating: 1620 &rarr; <strong>1597</strong><br />(-23 for losing)
|raw|jsnsddk's rating: 1569 &rarr; <strong>1592</strong><br />(+23 for winning)
|l|‽liamsdad
|player|p1|
