|j|☆pksooo
|j|☆plokik
|t:|1769318383
|gametype|singles
|player|p1|pksooo|102|1320
|player|p2|plokik|1|1320
|gen|9
|tier|[Gen 9] OU
|rated|
|rule|HP Percentage Mod: HP is shown in percentages
|rule|Endless Battle Clause: Forcing endless battles is banned
|rule|Species Clause: Limit one of each Pokémon
|rule|OHKO Clause: OHKO moves are banned
|rule|Evasion Items Clause: Evasion items are banned
|rule|Evasion Moves Clause: Evasion moves are banned
|rule|Evasion Abilities Clause: Evasion abilities are banned
|rule|Sleep Moves Clause: Sleep-inducing moves are banned
|clearpoke
|poke|p1|Toxicroak, M|
|poke|p1|Arcanine-Hisui, M|
|poke|p1|Raging Bolt|
|poke|p1|Hitmonlee, M|
|poke|p1|Pelipper, M|
|poke|p1|Kingdra, F|
|poke|p2|Great Tusk|
|poke|p2|Slowking-Galar, M|
|poke|p2|Zapdos|
|poke|p2|Dragonite, F|
|poke|p2|Cinderace, M|
|poke|p2|Samurott-Hisui, M|
|teampreview
|inactive|Battle timer is ON: inactive players will automatically lose when time's up. (requested by pksooo)
|
|t:|1769318416
|teamsize|p1|6
|teamsize|p2|6
|start
|switch|p1a: Arcanine|Arcanine-Hisui, M|100/100
|switch|p2a: Samurott|Samurott-Hisui, M|100/100
|turn|1
|
|t:|1769318424
|move|p2a: Samurott|Ceaseless Edge|p1a: Arcanine|[miss]
|-miss|p2a: Samurott|p1a: Arcanine
|move|p1a: Arcanine|Head Smash|p2a: Samurott|[miss]
|-miss|p1a: Arcanine|p2a: Samurott
|
|upkeep
|turn|2
|
|t:|1769318436
|switch|p2a: Great Tusk|Great Tusk|100/100
|-enditem|p2a: Great Tusk|Booster Energy
|-activate|p2a: Great Tusk|ability: Protosynthesis|[fromitem]
|-start|p2a: Great Tusk|protosynthesisatk
|move|p1a: Arcanine|Head Smash|p2a: Great Tusk|[miss]
|-miss|p1a: Arcanine|p2a: Great Tusk
|
|upkeep
|turn|3
|
|t:|1769318453
|switch|p1a: Pelipper|Pelipper, M|100/100
|-weather|RainDance|[from] ability: Drizzle|[of] p1a: Pelipper
|move|p2a: Great Tusk|Ice Spinner|p1a: Pelipper
|-damage|p1a: Pelipper|72/100
|
|-weather|RainDance|[upkeep]
|upkeep
|turn|4
|
|t:|1769318466
|-end|p2a: Great Tusk|Protosynthesis|[silent]
|switch|p2a: Slowking|Slowking-Galar, M|100/100
|move|p1a: Pelipper|U-turn|p2a: Slowking
|-damage|p2a: Slowking|91/100
|
|t:|1769318476
|switch|p1a: Kingdra|Kingdra, F|100/100|[from] U-turn
|
|-weather|RainDance|[upkeep]
|-heal|p2a: Slowking|97/100|[from] item: Leftovers
|upkeep
|turn|5
|
|t:|1769318483
|move|p1a: Kingdra|Hydro Pump|p2a: Slowking
|-damage|p2a: Slowking|31/100
|move|p2a: Slowking|Sludge Bomb|p1a: Kingdra
|-damage|p1a: Kingdra|61/100
|
|-weather|RainDance|[upkeep]
|-heal|p2a: Slowking|37/100|[from] item: Leftovers
|upkeep
|turn|6
|
|t:|1769318503
|switch|p2a: Cinderace|Cinderace, M|100/100
|move|p1a: Kingdra|Hydro Pump|p2a: Cinderace
|-supereffective|p2a: Cinderace
|-damage|p2a: Cinderace|0 fnt
|faint|p2a: Cinderace
|
|-weather|RainDance|[upkeep]
|upkeep
|inactive|plokik has 120 seconds left.
|
|t:|1769318529
|switch|p2a: Dragonite|Dragonite, F|100/100
|turn|7
|
|t:|1769318542
|-terastallize|p2a: Dragonite|Normal
|move|p2a: Dragonite|Extreme Speed|p1a: Kingdra
|-damage|p1a: Kingdra|0 fnt
|faint|p1a: Kingdra
|
|-weather|RainDance|[upkeep]
|upkeep
|
|t:|1769318555
|switch|p1a: Hitmonlee|Hitmonlee, M|100/100
|turn|8
|
|t:|1769318562
|switch|p2a: Zapdos|Zapdos|100/100
|move|p1a: Hitmonlee|Endure||[still]
|-fail|p1a: Hitmonlee
|
|-weather|RainDance|[upkeep]
|upkeep
|turn|9
|
|t:|1769318574
|move|p1a: Hitmonlee|Stone Edge|p2a: Zapdos
|-supereffective|p2a: Zapdos
|-damage|p2a: Zapdos|47/100
|move|p2a: Zapdos|U-turn|p1a: Hitmonlee
|-resisted|p1a: Hitmonlee
|-crit|p1a: Hitmonlee
|-damage|p1a: Hitmonlee|77/100
|
|t:|1769318580
|switch|p2a: Samurott|Samurott-Hisui, M|100/100|[from] U-turn
|
|-weather|RainDance|[upkeep]
|upkeep
|turn|10
|
|t:|1769318590
|move|p1a: Hitmonlee|Endure|p1a: Hitmonlee
|-singleturn|p1a: Hitmonlee|move: Endure
|move|p2a: Samurott|Razor Shell|p1a: Hitmonlee
|-activate|p1a: Hitmonlee|move: Endure
|-damage|p1a: Hitmonlee|1/100
|-unboost|p1a: Hitmonlee|def|1
|-enditem|p1a: Hitmonlee|Liechi Berry|[eat]
|-boost|p1a: Hitmonlee|atk|1|[from] item: Liechi Berry
|
|-weather|none
|upkeep
|turn|11
|inactive|plokik has 120 seconds left.
|
|t:|1769318618
|switch|p2a: Slowking|Slowking-Galar, M|70/100
|move|p1a: Hitmonlee|Reversal|p2a: Slowking
|-resisted|p2a: Slowking
|-damage|p2a: Slowking|31/100
|
|-heal|p2a: Slowking|37/100|[from] item: Leftovers
|upkeep
|turn|12
|inactive|plokik has 120 seconds left.
|
|t:|1769318632
|switch|p2a: Dragonite|Dragonite, F, tera:Normal|100/100
|move|p1a: Hitmonlee|Knock Off|p2a: Dragonite
|-damage|p2a: Dragonite|74/100
|-enditem|p2a: Dragonite|Choice Band|[from] move: Knock Off|[of] p1a: Hitmonlee
|
|upkeep
|turn|13
|inactive|plokik has 120 seconds left.
|
|t:|1769318642
|-terastallize|p1a: Hitmonlee|Ghost
|move|p2a: Dragonite|Extreme Speed|p1a: Hitmonlee
|-immune|p1a: Hitmonlee
|move|p1a: Hitmonlee|Reversal|p2a: Dragonite
|-supereffective|p2a: Dragonite
|-damage|p2a: Dragonite|0 fnt
|faint|p2a: Dragonite
|
|upkeep
|inactive|plokik has 120 seconds left.
|
|t:|1769318651
|switch|p2a: Great Tusk|Great Tusk|100/100
|turn|14
|
|t:|1769318656
|move|p1a: Hitmonlee|Reversal|p2a: Great Tusk
|-damage|p2a: Great Tusk|1/100
|move|p2a: Great Tusk|Ice Spinner|p1a: Hitmonlee
|-damage|p1a: Hitmonlee|0 fnt
|faint|p1a: Hitmonlee
|
|upkeep
|
|t:|1769318664
|switch|p1a: Arcanine|Arcanine-Hisui, M|100/100
|turn|15
|
|t:|1769318681
|-end|p2a: Great Tusk|Protosynthesis|[silent]
|switch|p2a: Zapdos|Zapdos|47/100
|move|p1a: Arcanine|Head Smash|p2a: Zapdos
|-supereffective|p2a: Zapdos
|-crit|p2a: Zapdos
|-damage|p2a: Zapdos|0 fnt
|-status|p1a: Arcanine|par|[from] ability: Static|[of] p2a: Zapdos
|faint|p2a: Zapdos
|
|upkeep
|
|t:|1769318695
|switch|p2a: Samurott|Samurott-Hisui, M|100/100
|turn|16
|
|t:|1769318700
|switch|p1a: Toxicroak|Toxicroak, M|100/100
|move|p2a: Samurott|Razor Shell|p1a: Toxicroak
|-immune|p1a: Toxicroak|[from] ability: Dry Skin
|
|upkeep
|turn|17
|
|t:|1769318716
|switch|p2a: Slowking|Slowking-Galar, M|71/100
|move|p1a: Toxicroak|Swords Dance|p1a: Toxicroak
|-boost|p1a: Toxicroak|atk|2
|
|-heal|p2a: Slowking|77/100|[from] item: Leftovers
|upkeep
|turn|18
|
|t:|1769318723
|move|p1a: Toxicroak|Sucker Punch|p2a: Slowking
|-supereffective|p2a: Slowking
|-damage|p2a: Slowking|0 fnt
|faint|p2a: Slowking
|
|upkeep
|-message|plokik forfeited.
|
|win|pksooo
|raw|pksooo's rating: 1320 &rarr; <strong>1340</strong><br />(+20 for winning)
|raw|plokik's rating: 1320 &rarr; <strong>1300</strong><br />(-20 for losing)
|l|☆plokik
|player|p2|
|l|☆pksooo
|player|p1|
