|j|☆suprya
|j|☆duck duty
|t:|1769370403
|gametype|singles
|player|p1|suprya|wattson|1626
|player|p2|duck duty|169|1655
|gen|9
|tier|[Gen 9] OU
|rated|
|rule|HP Percentage Mod: HP is shown in percentages
|rule|Endless Battle Clause: Forcing endless battles is banned
|rule|Species Clause: Limit one of each Pokémon
|rule|OHKO Clause: OHKO moves are banned
|rule|Evasion Items Clause: Evasion items are banned
|rule|Evasion Moves Clause: Evasion moves are banned
|rule|Evasion Abilities Clause: Evasion abilities are banned
|rule|Sleep Moves Clause: Sleep-inducing moves are banned
|clearpoke
|poke|p1|Slowking, M|
|poke|p1|Kingambit, F|
|poke|p1|Iron Hands|
|poke|p1|Great Tusk|
|poke|p1|Tornadus-Therian, M|
|poke|p1|Pecharunt|
|poke|p2|Dragapult, M|
|poke|p2|Glimmora, M|
|poke|p2|Comfey, M|
|poke|p2|Kingambit, M|
|poke|p2|Ogerpon-Wellspring, F|
|poke|p2|Blaziken, M|
|teampreview
|inactive|Battle timer is ON: inactive players will automatically lose when time's up. (requested by suprya)
|inactive|duck duty also wants the timer to be on.
|
|t:|1769370424
|teamsize|p1|6
|teamsize|p2|6
|start
|switch|p1a: Iron Hands|Iron Hands|100/100
|switch|p2a: Glimmora|Glimmora, M, shiny|100/100
|turn|1
|
|t:|1769370432
|move|p2a: Glimmora|Stealth Rock|p1a: Iron Hands
|-sidestart|p1: suprya|move: Stealth Rock
|move|p1a: Iron Hands|Earthquake|p2a: Glimmora
|-supereffective|p2a: Glimmora
|-damage|p2a: Glimmora|0 fnt
|-activate|p2a: Glimmora|ability: Toxic Debris
|-sidestart|p1: suprya|move: Toxic Spikes
|faint|p2a: Glimmora
|
|upkeep
|inactive|duck duty has 120 seconds left.
|
|t:|1769370479
|switch|p2a: Comfey|Comfey, M, shiny|100/100
|turn|2
|inactive|suprya has 120 seconds left.
|
|t:|1769370513
|-end|p1a: Iron Hands|Quark Drive|[silent]
|switch|p1a: Kingambit|Kingambit, F|100/100
|-damage|p1a: Kingambit|94/100|[from] Stealth Rock
|move|p2a: Comfey|Substitute|p2a: Comfey
|-start|p2a: Comfey|Substitute
|-damage|p2a: Comfey|76/100
|
|-heal|p1a: Kingambit|100/100|[from] item: Leftovers
|upkeep
|turn|3
|inactive|duck duty has 120 seconds left.
|
|t:|1769370531
|move|p2a: Comfey|Calm Mind|p2a: Comfey
|-boost|p2a: Comfey|spa|1
|-boost|p2a: Comfey|spd|1
|move|p1a: Kingambit|Iron Head|p2a: Comfey
|-supereffective|p2a: Comfey
|-end|p2a: Comfey|Substitute
|
|upkeep
|turn|4
|
|t:|1769370538
|-terastallize|p2a: Comfey|Ground
|move|p2a: Comfey|Tera Blast|p1a: Kingambit|[anim] Tera Blast Ground
|-supereffective|p1a: Kingambit
|-damage|p1a: Kingambit|0 fnt
|faint|p1a: Kingambit
|-end|p1a: Kingambit|fallenundefined|[silent]
|-damage|p2a: Comfey|66/100|[from] item: Life Orb
|
|upkeep
|inactive|suprya has 120 seconds left.
|inactive|suprya has 90 seconds left.
|
|t:|1769370591
|switch|p1a: Slowking|Slowking, M|100/100
|turn|5
|
|t:|1769370599
|move|p2a: Comfey|Calm Mind|p2a: Comfey
|-boost|p2a: Comfey|spa|1
|-boost|p2a: Comfey|spd|1
|move|p1a: Slowking|Psychic Noise|p2a: Comfey
|-damage|p2a: Comfey|52/100
|-start|p2a: Comfey|move: Heal Block
|
|upkeep
|turn|6
|
|t:|1769370609
|move|p2a: Comfey|Tera Blast|p1a: Slowking|[anim] Tera Blast Ground
|-damage|p1a: Slowking|27/100
|-damage|p2a: Comfey|42/100|[from] item: Life Orb
|move|p1a: Slowking|Scald|p2a: Comfey
|-supereffective|p2a: Comfey
|-crit|p2a: Comfey
|-damage|p2a: Comfey|0 fnt
|faint|p2a: Comfey
|
|upkeep
|inactive|duck duty has 120 seconds left.
|
|t:|1769370626
|switch|p2a: Blaziken|Blaziken, M, shiny|100/100
|turn|7
|
|t:|1769370631
|switch|p1a: Pecharunt|Pecharunt|100/100
|-sideend|p1: suprya|move: Toxic Spikes|[of] p1a: Pecharunt
|move|p2a: Blaziken|Knock Off|p1a: Pecharunt
|-supereffective|p1a: Pecharunt
|-damage|p1a: Pecharunt|45/100
|-enditem|p1a: Pecharunt|Heavy-Duty Boots|[from] move: Knock Off|[of] p2a: Blaziken
|-damage|p2a: Blaziken|91/100|[from] item: Life Orb
|
|-ability|p2a: Blaziken|Speed Boost|boost
|-boost|p2a: Blaziken|spe|1
|upkeep
|turn|8
|inactive|suprya has 120 seconds left.
|inactive|duck duty has 120 seconds left.
|
|t:|1769370647
|move|p2a: Blaziken|Flare Blitz|p1a: Pecharunt
|-damage|p1a: Pecharunt|0 fnt
|faint|p1a: Pecharunt
|-damage|p2a: Blaziken|72/100|[from] Recoil
|-damage|p2a: Blaziken|62/100|[from] item: Life Orb
|
|-ability|p2a: Blaziken|Speed Boost|boost
|-boost|p2a: Blaziken|spe|1
|upkeep
|
|t:|1769370659
|switch|p1a: Iron Hands|Iron Hands|100/100
|-damage|p1a: Iron Hands|94/100|[from] Stealth Rock
|turn|9
|
|t:|1769370671
|move|p2a: Blaziken|Knock Off|p1a: Iron Hands
|-resisted|p1a: Iron Hands
|-damage|p1a: Iron Hands|79/100
|-enditem|p1a: Iron Hands|Assault Vest|[from] move: Knock Off|[of] p2a: Blaziken
|-damage|p2a: Blaziken|52/100|[from] item: Life Orb
|move|p1a: Iron Hands|Drain Punch|p2a: Blaziken
|-damage|p2a: Blaziken|0 fnt
|-heal|p1a: Iron Hands|94/100|[from] drain|[of] p2a: Blaziken
|faint|p2a: Blaziken
|
|upkeep
|inactive|duck duty has 120 seconds left.
|
|t:|1769370692
|switch|p2a: Dragapult|Dragapult, M, shiny|100/100
|turn|10
|
|t:|1769370697
|move|p2a: Dragapult|Draco Meteor|p1a: Iron Hands
|-damage|p1a: Iron Hands|29/100
|-unboost|p2a: Dragapult|spa|2
|-damage|p2a: Dragapult|91/100|[from] item: Life Orb
|move|p1a: Iron Hands|Ice Punch|p2a: Dragapult
|-supereffective|p2a: Dragapult
|-damage|p2a: Dragapult|1/100
|
|upkeep
|turn|11
|
|t:|1769370708
|-end|p1a: Iron Hands|Quark Drive|[silent]
|switch|p1a: Tornadus|Tornadus-Therian, M|100/100
|move|p2a: Dragapult|Dragon Darts|p1a: Tornadus
|-damage|p1a: Tornadus|71/100
|-anim|p2a: Dragapult|Dragon Darts|p1a: Tornadus
|-damage|p1a: Tornadus|41/100
|-damage|p2a: Dragapult|0 fnt|[from] item: Life Orb
|faint|p2a: Dragapult
|
|upkeep
|
|t:|1769370716
|switch|p2a: Ogerpon|Ogerpon-Wellspring, F|100/100
|turn|12
|
|t:|1769370726
|move|p1a: Tornadus|Bleakwind Storm|p2a: Ogerpon
|-supereffective|p2a: Ogerpon
|-damage|p2a: Ogerpon|7/100
|move|p2a: Ogerpon|Ivy Cudgel|p1a: Tornadus|[anim] Ivy Cudgel Water
|-damage|p1a: Tornadus|0 fnt
|faint|p1a: Tornadus
|
|upkeep
|
|t:|1769370735
|switch|p1a: Great Tusk|Great Tusk|100/100
|turn|13
|
|t:|1769370739
|-terastallize|p1a: Great Tusk|Steel
|move|p2a: Ogerpon|Ivy Cudgel|p1a: Great Tusk|[anim] Ivy Cudgel Water
|-damage|p1a: Great Tusk|54/100
|move|p1a: Great Tusk|Rapid Spin|p2a: Ogerpon
|-damage|p2a: Ogerpon|0 fnt
|-boost|p1a: Great Tusk|spe|1
|-sideend|p1: suprya|Stealth Rock|[from] move: Rapid Spin|[of] p1a: Great Tusk
|faint|p2a: Ogerpon
|
|upkeep
|
|t:|1769370745
|switch|p2a: Kingambit|Kingambit, M, shiny|100/100
|-activate|p2a: Kingambit|ability: Supreme Overlord
|-start|p2a: Kingambit|fallen5|[silent]
|turn|14
|
|t:|1769370749
|move|p2a: Kingambit|Sucker Punch|p1a: Great Tusk
|-damage|p1a: Great Tusk|8/100
|move|p1a: Great Tusk|Headlong Rush|p2a: Kingambit
|-supereffective|p2a: Kingambit
|-damage|p2a: Kingambit|10/100
|-unboost|p1a: Great Tusk|def|1
|-unboost|p1a: Great Tusk|spd|1
|
|-heal|p2a: Kingambit|16/100|[from] item: Leftovers
|upkeep
|turn|15
|
|t:|1769370760
|move|p2a: Kingambit|Sucker Punch|p1a: Great Tusk
|-damage|p1a: Great Tusk|0 fnt
|faint|p1a: Great Tusk
|-end|p1a: Great Tusk|Protosynthesis|[silent]
|
|-heal|p2a: Kingambit|22/100|[from] item: Leftovers
|upkeep
|
|t:|1769370762
|switch|p1a: Iron Hands|Iron Hands|29/100
|turn|16
|
|t:|1769370781
|move|p2a: Kingambit|Iron Head|p1a: Iron Hands
|-resisted|p1a: Iron Hands
|-damage|p1a: Iron Hands|8/100
|cant|p1a: Iron Hands|flinch
|
|-heal|p2a: Kingambit|28/100|[from] item: Leftovers
|upkeep
|turn|17
|c|☆suprya|gg
|-message|suprya forfeited.
|
|win|duck duty
|raw|suprya's rating: 1626 &rarr; <strong>1608</strong><br />(-18 for losing)
|raw|duck duty's rating: 1655 &rarr; <strong>1673</strong><br />(+18 for winning)
|l|☆suprya
|player|p1|
|l|☆duck duty
|player|p2|
