|j|☆YoureGary
|j|☆Betobbbccc
|t:|1769362842
|gametype|singles
|player|p1|YoureGary|102|1077
|player|p2|Betobbbccc|battlegirl|1104
|gen|9
|tier|[Gen 9] OU
|rated|
|rule|HP Percentage Mod: HP is shown in percentages
|rule|Endless Battle Clause: Forcing endless battles is banned
|rule|Species Clause: Limit one of each Pokémon
|rule|OHKO Clause: OHKO moves are banned
|rule|Evasion Items Clause: Evasion items are banned
|rule|Evasion Moves Clause: Evasion moves are banned
|rule|Evasion Abilities Clause: Evasion abilities are banned
|rule|Sleep Moves Clause: Sleep-inducing moves are banned
|clearpoke
|poke|p1|Suicune|
|poke|p1|Serperior, M|
|poke|p1|Salamence, F|
|poke|p1|Umbreon, F|
|poke|p1|Cloyster, M|
|poke|p1|Arcanine, F|
|poke|p2|Kingambit, F|
|poke|p2|Tornadus-Therian, M|
|poke|p2|Weezing-Galar, F|
|poke|p2|Gliscor, M|
|poke|p2|Walking Wake|
|poke|p2|Great Tusk|
|teampreview
|inactive|Battle timer is ON: inactive players will automatically lose when time's up. (requested by YoureGary)
|
|t:|1769362854
|teamsize|p1|6
|teamsize|p2|6
|start
|switch|p1a: Arcanine|Arcanine, F|100/100
|switch|p2a: Walking Wake|Walking Wake|100/100
|-ability|p1a: Arcanine|Intimidate|boost
|-unboost|p2a: Walking Wake|atk|1
|turn|1
|
|t:|1769362863
|-terastallize|p1a: Arcanine|Steel
|move|p2a: Walking Wake|Sunny Day|p2a: Walking Wake
|-weather|SunnyDay
|-activate|p2a: Walking Wake|ability: Protosynthesis
|-start|p2a: Walking Wake|protosynthesisspe
|move|p1a: Arcanine|Curse|p1a: Arcanine
|-unboost|p1a: Arcanine|spe|1
|-boost|p1a: Arcanine|atk|1
|-boost|p1a: Arcanine|def|1
|
|-weather|SunnyDay|[upkeep]
|upkeep
|turn|2
|
|t:|1769362876
|move|p2a: Walking Wake|Flamethrower|p1a: Arcanine
|-supereffective|p1a: Arcanine
|-damage|p1a: Arcanine|0 fnt
|faint|p1a: Arcanine
|-damage|p2a: Walking Wake|91/100|[from] item: Life Orb
|
|-weather|SunnyDay|[upkeep]
|upkeep
|
|t:|1769362888
|switch|p1a: Salamence|Salamence, F|100/100
|turn|3
|
|t:|1769362893
|move|p2a: Walking Wake|Dragon Pulse|p1a: Salamence
|-supereffective|p1a: Salamence
|-damage|p1a: Salamence|1/100
|-damage|p2a: Walking Wake|81/100|[from] item: Life Orb
|move|p1a: Salamence|Dragon Dance|p1a: Salamence
|-boost|p1a: Salamence|atk|1
|-boost|p1a: Salamence|spe|1
|
|-weather|SunnyDay|[upkeep]
|-heal|p1a: Salamence|7/100|[from] item: Leftovers
|upkeep
|turn|4
|
|t:|1769362904
|move|p2a: Walking Wake|Dragon Pulse|p1a: Salamence
|-supereffective|p1a: Salamence
|-damage|p1a: Salamence|0 fnt
|faint|p1a: Salamence
|-damage|p2a: Walking Wake|71/100|[from] item: Life Orb
|
|-weather|SunnyDay|[upkeep]
|upkeep
|
|t:|1769362911
|switch|p1a: Serperior|Serperior, M|100/100
|turn|5
|
|t:|1769362915
|move|p2a: Walking Wake|Flamethrower|p1a: Serperior
|-supereffective|p1a: Serperior
|-damage|p1a: Serperior|0 fnt
|faint|p1a: Serperior
|-damage|p2a: Walking Wake|61/100|[from] item: Life Orb
|
|-weather|none
|-end|p2a: Walking Wake|Protosynthesis
|upkeep
|
|t:|1769362924
|switch|p1a: Cloyster|Cloyster, M, shiny|100/100
|turn|6
|
|t:|1769362928
|move|p2a: Walking Wake|Sunny Day|p2a: Walking Wake
|-weather|SunnyDay
|-activate|p2a: Walking Wake|ability: Protosynthesis
|-start|p2a: Walking Wake|protosynthesisspe
|move|p1a: Cloyster|Shell Smash|p1a: Cloyster
|-unboost|p1a: Cloyster|def|1
|-unboost|p1a: Cloyster|spd|1
|-boost|p1a: Cloyster|atk|2
|-boost|p1a: Cloyster|spa|2
|-boost|p1a: Cloyster|spe|2
|-enditem|p1a: Cloyster|White Herb
|-clearnegativeboost|p1a: Cloyster|[silent]
|
|-weather|SunnyDay|[upkeep]
|upkeep
|turn|7
|
|t:|1769362939
|move|p1a: Cloyster|Icicle Spear|p2a: Walking Wake
|-damage|p2a: Walking Wake|39/100
|-damage|p2a: Walking Wake|17/100
|-damage|p2a: Walking Wake|0 fnt
|faint|p2a: Walking Wake
|-end|p2a: Walking Wake|Protosynthesis|[silent]
|-hitcount|p2: Walking Wake|3
|
|-weather|SunnyDay|[upkeep]
|upkeep
|
|t:|1769362944
|switch|p2a: Kingambit|Kingambit, F|100/100
|-activate|p2a: Kingambit|ability: Supreme Overlord
|-start|p2a: Kingambit|fallen1|[silent]
|turn|8
|
|t:|1769362951
|move|p1a: Cloyster|Icicle Spear|p2a: Kingambit
|-resisted|p2a: Kingambit
|-damage|p2a: Kingambit|90/100
|-resisted|p2a: Kingambit
|-damage|p2a: Kingambit|79/100
|-resisted|p2a: Kingambit
|-damage|p2a: Kingambit|68/100
|-resisted|p2a: Kingambit
|-damage|p2a: Kingambit|58/100
|-resisted|p2a: Kingambit
|-damage|p2a: Kingambit|47/100
|-hitcount|p2a: Kingambit|5
|move|p2a: Kingambit|Brick Break|p1a: Cloyster
|-supereffective|p1a: Cloyster
|-damage|p1a: Cloyster|43/100
|
|-weather|SunnyDay|[upkeep]
|upkeep
|turn|9
|
|t:|1769362965
|move|p2a: Kingambit|Sucker Punch|p1a: Cloyster
|-damage|p1a: Cloyster|5/100
|move|p1a: Cloyster|Icicle Spear|p2a: Kingambit
|-resisted|p2a: Kingambit
|-damage|p2a: Kingambit|37/100
|-resisted|p2a: Kingambit
|-damage|p2a: Kingambit|27/100
|-resisted|p2a: Kingambit
|-damage|p2a: Kingambit|16/100
|-resisted|p2a: Kingambit
|-crit|p2a: Kingambit
|-damage|p2a: Kingambit|1/100
|-resisted|p2a: Kingambit
|-damage|p2a: Kingambit|0 fnt
|faint|p2a: Kingambit
|-end|p2a: Kingambit|fallen1|[silent]
|-hitcount|p2: Kingambit|5
|
|-weather|SunnyDay|[upkeep]
|upkeep
|
|t:|1769362975
|switch|p2a: Great Tusk|Great Tusk|100/100
|-activate|p2a: Great Tusk|ability: Protosynthesis
|-start|p2a: Great Tusk|protosynthesisspe
|turn|10
|
|t:|1769362983
|move|p1a: Cloyster|Icicle Spear|p2a: Great Tusk
|-supereffective|p2a: Great Tusk
|-damage|p2a: Great Tusk|71/100
|-supereffective|p2a: Great Tusk
|-damage|p2a: Great Tusk|43/100
|-supereffective|p2a: Great Tusk
|-damage|p2a: Great Tusk|16/100
|-supereffective|p2a: Great Tusk
|-damage|p2a: Great Tusk|0 fnt
|faint|p2a: Great Tusk
|-end|p2a: Great Tusk|Protosynthesis|[silent]
|-hitcount|p2: Great Tusk|4
|
|-weather|none
|upkeep
|
|t:|1769362987
|switch|p2a: Weezing|Weezing-Galar, F|100/100
|-ability|p2a: Weezing|Neutralizing Gas
|turn|11
|
|t:|1769362996
|move|p1a: Cloyster|Rock Blast|p2a: Weezing
|-damage|p2a: Weezing|85/100
|-damage|p2a: Weezing|72/100
|-hitcount|p2a: Weezing|2
|move|p2a: Weezing|Strange Steam|p1a: Cloyster
|-damage|p1a: Cloyster|0 fnt
|faint|p1a: Cloyster
|
|-heal|p2a: Weezing|78/100|[from] item: Leftovers
|upkeep
|
|t:|1769363007
|switch|p1a: Suicune|Suicune|100/100
|turn|12
|
|t:|1769363011
|move|p1a: Suicune|Calm Mind|p1a: Suicune
|-boost|p1a: Suicune|spa|1
|-boost|p1a: Suicune|spd|1
|move|p2a: Weezing|Strange Steam|p1a: Suicune
|-damage|p1a: Suicune|82/100
|
|-heal|p1a: Suicune|88/100|[from] item: Leftovers
|-heal|p2a: Weezing|84/100|[from] item: Leftovers
|upkeep
|turn|13
|
|t:|1769363023
|move|p1a: Suicune|Calm Mind|p1a: Suicune
|-boost|p1a: Suicune|spa|1
|-boost|p1a: Suicune|spd|1
|move|p2a: Weezing|Toxic|p1a: Suicune
|-status|p1a: Suicune|tox
|
|-heal|p1a: Suicune|94/100 tox|[from] item: Leftovers
|-heal|p2a: Weezing|91/100|[from] item: Leftovers
|-damage|p1a: Suicune|88/100 tox|[from] psn
|upkeep
|turn|14
|
|t:|1769363034
|move|p1a: Suicune|Extrasensory|p2a: Weezing
|-supereffective|p2a: Weezing
|-damage|p2a: Weezing|0 fnt
|faint|p2a: Weezing
|-end|p2a: Weezing|ability: Neutralizing Gas
|
|-heal|p1a: Suicune|94/100 tox|[from] item: Leftovers
|-damage|p1a: Suicune|82/100 tox|[from] psn
|upkeep
|
|t:|1769363041
|switch|p2a: Tornadus|Tornadus-Therian, M|100/100
|turn|15
|
|t:|1769363045
|move|p2a: Tornadus|Knock Off|p1a: Suicune
|-damage|p1a: Suicune|62/100 tox
|-enditem|p1a: Suicune|Leftovers|[from] move: Knock Off|[of] p2a: Tornadus
|move|p1a: Suicune|Ice Beam|p2a: Tornadus
|-supereffective|p2a: Tornadus
|-damage|p2a: Tornadus|22/100
|
|-heal|p2a: Tornadus|28/100|[from] item: Leftovers
|-damage|p1a: Suicune|44/100 tox|[from] psn
|upkeep
|turn|16
|
|t:|1769363055
|move|p2a: Tornadus|Tailwind|p2a: Tornadus
|-sidestart|p2: Betobbbccc|move: Tailwind
|move|p1a: Suicune|Surf|p2a: Tornadus
|-damage|p2a: Tornadus|0 fnt
|faint|p2a: Tornadus
|
|-damage|p1a: Suicune|19/100 tox|[from] psn
|upkeep
|
|t:|1769363057
|switch|p2a: Gliscor|Gliscor, M|100/100
|turn|17
|
|t:|1769363067
|move|p2a: Gliscor|Protect|p2a: Gliscor
|-singleturn|p2a: Gliscor|Protect
|move|p1a: Suicune|Ice Beam|p2a: Gliscor
|-activate|p2a: Gliscor|move: Protect
|
|-damage|p1a: Suicune|0 fnt|[from] psn
|faint|p1a: Suicune
|-status|p2a: Gliscor|tox|[from] item: Toxic Orb
|upkeep
|
|t:|1769363077
|switch|p1a: Umbreon|Umbreon, F|100/100
|turn|18
|
|t:|1769363090
|move|p2a: Gliscor|Earthquake|p1a: Umbreon
|-damage|p1a: Umbreon|68/100
|move|p1a: Umbreon|Foul Play|p2a: Gliscor
|-damage|p2a: Gliscor|62/100 tox
|
|-heal|p1a: Umbreon|75/100|[from] item: Leftovers
|-heal|p2a: Gliscor|75/100 tox|[from] ability: Poison Heal
|upkeep
|turn|19
|
|t:|1769363099
|move|p2a: Gliscor|Dual Wingbeat|p1a: Umbreon
|-damage|p1a: Umbreon|61/100
|-damage|p1a: Umbreon|49/100
|-hitcount|p1a: Umbreon|2
|move|p1a: Umbreon|Foul Play|p2a: Gliscor
|-damage|p2a: Gliscor|42/100 tox
|
|-heal|p1a: Umbreon|55/100|[from] item: Leftovers
|-heal|p2a: Gliscor|54/100 tox|[from] ability: Poison Heal
|-sideend|p2: Betobbbccc|move: Tailwind
|upkeep
|turn|20
|
|t:|1769363110
|move|p2a: Gliscor|Dual Wingbeat|p1a: Umbreon
|-damage|p1a: Umbreon|43/100
|-damage|p1a: Umbreon|29/100
|-hitcount|p1a: Umbreon|2
|move|p1a: Umbreon|Foul Play|p2a: Gliscor
|-damage|p2a: Gliscor|17/100 tox
|
|-heal|p1a: Umbreon|35/100|[from] item: Leftovers
|-heal|p2a: Gliscor|29/100 tox|[from] ability: Poison Heal
|upkeep
|turn|21
|
|t:|1769363121
|move|p2a: Gliscor|Earthquake|p1a: Umbreon
|-damage|p1a: Umbreon|5/100
|move|p1a: Umbreon|Moonlight|p1a: Umbreon
|-heal|p1a: Umbreon|55/100
|
|-heal|p1a: Umbreon|61/100|[from] item: Leftovers
|-heal|p2a: Gliscor|42/100 tox|[from] ability: Poison Heal
|upkeep
|turn|22
|
|t:|1769363131
|move|p2a: Gliscor|Toxic|p1a: Umbreon
|-status|p1a: Umbreon|tox
|-activate|p1a: Umbreon|ability: Synchronize
|-fail|p2a: Gliscor|tox
|move|p1a: Umbreon|Foul Play|p2a: Gliscor
|-damage|p2a: Gliscor|5/100 tox
|
|-heal|p1a: Umbreon|67/100 tox|[from] item: Leftovers
|-heal|p2a: Gliscor|18/100 tox|[from] ability: Poison Heal
|-damage|p1a: Umbreon|61/100 tox|[from] psn
|upkeep
|turn|23
|
|t:|1769363143
|move|p2a: Gliscor|Protect|p2a: Gliscor
|-singleturn|p2a: Gliscor|Protect
|move|p1a: Umbreon|Foul Play|p2a: Gliscor
|-activate|p2a: Gliscor|move: Protect
|
|-heal|p1a: Umbreon|67/100 tox|[from] item: Leftovers
|-heal|p2a: Gliscor|30/100 tox|[from] ability: Poison Heal
|-damage|p1a: Umbreon|55/100 tox|[from] psn
|upkeep
|turn|24
|
|t:|1769363157
|-terastallize|p2a: Gliscor|Steel
|move|p2a: Gliscor|Dual Wingbeat|p1a: Umbreon
|-damage|p1a: Umbreon|41/100 tox
|-damage|p1a: Umbreon|27/100 tox
|-hitcount|p1a: Umbreon|2
|move|p1a: Umbreon|Foul Play|p2a: Gliscor
|-damage|p2a: Gliscor|0 fnt
|faint|p2a: Gliscor
|
|win|YoureGary
|raw|YoureGary's rating: 1077 &rarr; <strong>1108</strong><br />(+31 for winning)
|raw|Betobbbccc's rating: 1104 &rarr; <strong>1077</strong><br />(-27 for losing)
|l|☆Betobbbccc
|player|p2|
|l|☆YoureGary
|player|p1|
|j|☆YoureGary
|player|p1|YoureGary|102|
|l|☆YoureGary
|player|p1|
