|j|‽fayamangblessi32
|j|☆youseeme20226
|t:|1769419358
|gametype|singles
|player|p1|fayamangblessi32|170|1118
|player|p2|youseeme20226|266|1190
|gen|9
|tier|[Gen 9] OU
|rated|
|rule|HP Percentage Mod: HP is shown in percentages
|rule|Endless Battle Clause: Forcing endless battles is banned
|rule|Species Clause: Limit one of each Pokémon
|rule|OHKO Clause: OHKO moves are banned
|rule|Evasion Items Clause: Evasion items are banned
|rule|Evasion Moves Clause: Evasion moves are banned
|rule|Evasion Abilities Clause: Evasion abilities are banned
|rule|Sleep Moves Clause: Sleep-inducing moves are banned
|clearpoke
|poke|p1|Grimmsnarl, M|
|poke|p1|Minior-Indigo|
|poke|p1|Polteageist-Antique|
|poke|p1|Kommo-o, M|
|poke|p1|Orthworm, M|
|poke|p1|Lokix, F|
|poke|p2|Dodrio, F|
|poke|p2|Latios, M|
|poke|p2|Glastrier|
|poke|p2|Honchkrow, F|
|poke|p2|Bastiodon, F|
|poke|p2|Victreebel, F|
|teampreview
|inactive|Battle timer is ON: inactive players will automatically lose when time's up. (requested by fayamangblessi32)
|
|t:|1769419368
|teamsize|p1|6
|teamsize|p2|6
|start
|switch|p1a: Grimmsnarl|Grimmsnarl, M, shiny|100/100
|switch|p2a: Dodrio|Dodrio, F|100/100
|turn|1
|
|t:|1769419373
|move|p1a: Grimmsnarl|Taunt|p2a: Dodrio
|-start|p2a: Dodrio|move: Taunt
|move|p2a: Dodrio|Thrash|p1a: Grimmsnarl
|-damage|p1a: Grimmsnarl|27/100
|
|upkeep
|turn|2
|
|t:|1769419379
|move|p1a: Grimmsnarl|Reflect|p1a: Grimmsnarl
|-sidestart|p1: fayamangblessi32|Reflect
|move|p2a: Dodrio|Thrash|p1a: Grimmsnarl|[from] lockedmove
|-damage|p1a: Grimmsnarl|0 fnt
|faint|p1a: Grimmsnarl
|-start|p2a: Dodrio|confusion|[fatigue]
|
|upkeep
|
|t:|1769419385
|switch|p1a: Polteageist|Polteageist-Antique, shiny|100/100
|turn|3
|
|t:|1769419388
|-activate|p2a: Dodrio|confusion
|move|p2a: Dodrio|Drill Peck|p1a: Polteageist
|-damage|p1a: Polteageist|68/100
|move|p1a: Polteageist|Shell Smash|p1a: Polteageist
|-unboost|p1a: Polteageist|def|1
|-unboost|p1a: Polteageist|spd|1
|-boost|p1a: Polteageist|atk|2
|-boost|p1a: Polteageist|spa|2
|-boost|p1a: Polteageist|spe|2
|-enditem|p1a: Polteageist|White Herb
|-clearnegativeboost|p1a: Polteageist|[silent]
|
|-end|p2a: Dodrio|move: Taunt
|upkeep
|turn|4
|
|t:|1769419401
|move|p1a: Polteageist|Stored Power|p2a: Dodrio
|-damage|p2a: Dodrio|0 fnt
|faint|p2a: Dodrio
|
|upkeep
|
|t:|1769419408
|switch|p2a: Honchkrow|Honchkrow, F|100/100
|turn|5
|
|t:|1769419420
|move|p1a: Polteageist|Tera Blast|p2a: Honchkrow
|-enditem|p2a: Honchkrow|Focus Sash
|-damage|p2a: Honchkrow|1/100
|move|p2a: Honchkrow|Brave Bird|p1a: Polteageist
|-damage|p1a: Polteageist|3/100
|-start|p2a: Honchkrow|Disable|Brave Bird|[from] ability: Cursed Body|[of] p1a: Polteageist
|-damage|p2a: Honchkrow|0 fnt|[from] Recoil
|faint|p2a: Honchkrow
|
|upkeep
|
|t:|1769419440
|switch|p2a: Victreebel|Victreebel, F|100/100
|turn|6
|
|t:|1769419445
|move|p1a: Polteageist|Stored Power|p2a: Victreebel
|-supereffective|p2a: Victreebel
|-damage|p2a: Victreebel|0 fnt
|faint|p2a: Victreebel
|
|upkeep
|
|t:|1769419449
|switch|p2a: Bastiodon|Bastiodon, F|100/100
|turn|7
|
|t:|1769419457
|move|p1a: Polteageist|Stored Power|p2a: Bastiodon
|-resisted|p2a: Bastiodon
|-damage|p2a: Bastiodon|55/100
|move|p2a: Bastiodon|Meteor Beam||[still]
|-prepare|p2a: Bastiodon|Meteor Beam
|-boost|p2a: Bastiodon|spa|1
|-enditem|p2a: Bastiodon|Power Herb
|-anim|p2a: Bastiodon|Meteor Beam|p1a: Polteageist
|-damage|p1a: Polteageist|0 fnt
|faint|p1a: Polteageist
|
|upkeep
|
|t:|1769419462
|switch|p1a: Kommo-o|Kommo-o, M, shiny|100/100
|turn|8
|
|t:|1769419471
|move|p1a: Kommo-o|Drain Punch|p2a: Bastiodon
|-supereffective|p2a: Bastiodon
|-damage|p2a: Bastiodon|0 fnt
|faint|p2a: Bastiodon
|
|upkeep
|
|t:|1769419476
|switch|p2a: Latios|Latios, M|100/100
|turn|9
|
|t:|1769419479
|switch|p1a: Orthworm|Orthworm, M, shiny|100/100
|move|p2a: Latios|Luster Purge|p1a: Orthworm
|-resisted|p1a: Orthworm
|-damage|p1a: Orthworm|53/100
|-unboost|p1a: Orthworm|spd|1
|
|-heal|p1a: Orthworm|59/100|[from] item: Leftovers
|-sideend|p1: fayamangblessi32|Reflect
|upkeep
|turn|10
|
|t:|1769419490
|move|p2a: Latios|Aura Sphere|p1a: Orthworm
|-supereffective|p1a: Orthworm
|-damage|p1a: Orthworm|0 fnt
|faint|p1a: Orthworm
|
|upkeep
|
|t:|1769419494
|switch|p1a: Lokix|Lokix, F, shiny|100/100
|turn|11
|
|t:|1769419499
|-terastallize|p2a: Latios|Dragon
|move|p1a: Lokix|First Impression|p2a: Latios
|-damage|p2a: Latios|20/100
|move|p2a: Latios|Draco Meteor|p1a: Lokix|[miss]
|-miss|p2a: Latios|p1a: Lokix
|
|upkeep
|turn|12
|
|t:|1769419507
|switch|p1a: Minior|Minior-Indigo, shiny|100/100
|-formechange|p1a: Minior|Minior-Meteor||[from] ability: Shields Down
|move|p2a: Latios|Draco Meteor|p1a: Minior
|-damage|p1a: Minior|0 fnt
|-unboost|p2a: Latios|spa|2
|faint|p1a: Minior
|
|upkeep
|
|t:|1769419516
|switch|p1a: Lokix|Lokix, F, shiny|100/100
|turn|13
|
|t:|1769419521
|move|p1a: Lokix|First Impression|p2a: Latios
|-damage|p2a: Latios|0 fnt
|faint|p2a: Latios
|
|upkeep
|
|t:|1769419524
|switch|p2a: Glastrier|Glastrier|100/100
|turn|14
|
|t:|1769419529
|switch|p1a: Kommo-o|Kommo-o, M, shiny|100/100
|move|p2a: Glastrier|Avalanche|p1a: Kommo-o
|-supereffective|p1a: Kommo-o
|-damage|p1a: Kommo-o|45/100
|
|upkeep
|turn|15
|
|t:|1769419536
|move|p1a: Kommo-o|Drain Punch|p2a: Glastrier
|-supereffective|p2a: Glastrier
|-damage|p2a: Glastrier|65/100
|-heal|p1a: Kommo-o|70/100|[from] drain|[of] p2a: Glastrier
|move|p2a: Glastrier|Avalanche|p1a: Kommo-o
|-supereffective|p1a: Kommo-o
|-damage|p1a: Kommo-o|0 fnt
|faint|p1a: Kommo-o
|-ability|p2a: Glastrier|Chilling Neigh|boost
|-boost|p2a: Glastrier|atk|1
|
|-heal|p2a: Glastrier|71/100|[from] item: Leftovers
|upkeep
|
|t:|1769419543
|switch|p1a: Lokix|Lokix, F, shiny|100/100
|turn|16
|
|t:|1769419550
|-terastallize|p1a: Lokix|Bug
|move|p1a: Lokix|Axe Kick|p2a: Glastrier
|-supereffective|p2a: Glastrier
|-damage|p2a: Glastrier|9/100
|-start|p2a: Glastrier|confusion
|-activate|p2a: Glastrier|confusion
|-damage|p2a: Glastrier|0 fnt|[from] confusion
|faint|p2a: Glastrier
|
|win|fayamangblessi32
|raw|fayamangblessi32's rating: 1118 &rarr; <strong>1148</strong><br />(+30 for winning)
|raw|youseeme20226's rating: 1190 &rarr; <strong>1160</strong><br />(-30 for losing)
|l|☆youseeme20226
|player|p2|
|l|‽fayamangblessi32
|player|p1|
