|j|☆elknightoscuro
|j|☆ribbitttt
|t:|1769305637
|gametype|singles
|player|p1|elknightoscuro|ghetsis|1419
|player|p2|ribbitttt|shauntal|1454
|gen|9
|tier|[Gen 9] OU
|rated|
|rule|HP Percentage Mod: HP is shown in percentages
|rule|Endless Battle Clause: Forcing endless battles is banned
|rule|Species Clause: Limit one of each Pokémon
|rule|OHKO Clause: OHKO moves are banned
|rule|Evasion Items Clause: Evasion items are banned
|rule|Evasion Moves Clause: Evasion moves are banned
|rule|Evasion Abilities Clause: Evasion abilities are banned
|rule|Sleep Moves Clause: Sleep-inducing moves are banned
|clearpoke
|poke|p1|Revavroom, M|
|poke|p1|Rillaboom, M|
|poke|p1|Iron Valiant|
|poke|p1|Alomomola, M|
|poke|p1|Ting-Lu|
|poke|p1|Moltres|
|poke|p2|Gholdengo|
|poke|p2|Zamazenta-*|
|poke|p2|Ting-Lu|
|poke|p2|Clefable, F|
|poke|p2|Dragonite, M|
|poke|p2|Deoxys-Speed|
|teampreview
|inactive|Battle timer is ON: inactive players will automatically lose when time's up. (requested by ribbitttt)
|
|t:|1769305661
|teamsize|p1|6
|teamsize|p2|6
|start
|switch|p1a: Rillaboom|Rillaboom, M|100/100
|switch|p2a: Up Bowl On Em|Ting-Lu|100/100
|-fieldstart|move: Grassy Terrain|[from] ability: Grassy Surge|[of] p1a: Rillaboom
|-ability|p2a: Up Bowl On Em|Vessel of Ruin
|turn|1
|inactive|ribbitttt has 120 seconds left.
|
|t:|1769305694
|switch|p2a: Moonrock 350|Clefable, F|100/100
|move|p1a: Rillaboom|Swords Dance|p1a: Rillaboom
|-boost|p1a: Rillaboom|atk|2
|
|upkeep
|turn|2
|
|t:|1769305701
|move|p1a: Rillaboom|Grassy Glide|p2a: Moonrock 350
|-damage|p2a: Moonrock 350|31/100
|-damage|p1a: Rillaboom|84/100|[from] item: Rocky Helmet|[of] p2a: Moonrock 350
|move|p2a: Moonrock 350|Moonblast|p1a: Rillaboom
|-damage|p1a: Rillaboom|39/100
|
|-heal|p1a: Rillaboom|45/100|[from] Grassy Terrain
|-heal|p2a: Moonrock 350|37/100|[from] Grassy Terrain
|upkeep
|turn|3
|
|t:|1769305716
|move|p1a: Rillaboom|Grassy Glide|p2a: Moonrock 350
|-damage|p2a: Moonrock 350|0 fnt
|-damage|p1a: Rillaboom|29/100|[from] item: Rocky Helmet|[of] p2a: Moonrock 350
|faint|p2a: Moonrock 350
|
|-heal|p1a: Rillaboom|35/100|[from] Grassy Terrain
|upkeep
|
|t:|1769305728
|switch|p2a: Djengo Unrained|Gholdengo|100/100
|turn|4
|
|t:|1769305733
|-terastallize|p1a: Rillaboom|Dark
|move|p1a: Rillaboom|Knock Off|p2a: Djengo Unrained
|-supereffective|p2a: Djengo Unrained
|-damage|p2a: Djengo Unrained|0 fnt
|-enditem|p2a: Djengo Unrained|Heavy-Duty Boots|[from] move: Knock Off|[of] p1a: Rillaboom
|faint|p2a: Djengo Unrained
|
|-heal|p1a: Rillaboom|41/100|[from] Grassy Terrain
|upkeep
|
|t:|1769305751
|switch|p2a: CClifford|Zamazenta|100/100
|-ability|p2a: CClifford|Dauntless Shield|boost
|-boost|p2a: CClifford|def|1
|turn|5
|
|t:|1769305757
|switch|p1a: Moltres|Moltres|100/100
|move|p2a: CClifford|Close Combat|p1a: Moltres
|-resisted|p1a: Moltres
|-damage|p1a: Moltres|80/100
|-unboost|p2a: CClifford|def|1
|-unboost|p2a: CClifford|spd|1
|-status|p2a: CClifford|brn|[from] ability: Flame Body|[of] p1a: Moltres
|
|-damage|p2a: CClifford|94/100 brn|[from] brn
|-fieldend|move: Grassy Terrain
|upkeep
|turn|6
|
|t:|1769305764
|move|p2a: CClifford|Stone Edge|p1a: Moltres
|-supereffective|p1a: Moltres
|-damage|p1a: Moltres|32/100
|move|p1a: Moltres|U-turn|p2a: CClifford
|-resisted|p2a: CClifford
|-damage|p2a: CClifford|88/100 brn
|
|t:|1769305776
|switch|p1a: Ting-Lu|Ting-Lu|100/100|[from] U-turn
|-ability|p1a: Ting-Lu|Vessel of Ruin
|
|-damage|p2a: CClifford|82/100 brn|[from] brn
|upkeep
|turn|7
|
|t:|1769305790
|move|p2a: CClifford|Close Combat|p1a: Ting-Lu
|-supereffective|p1a: Ting-Lu
|-damage|p1a: Ting-Lu|70/100
|-unboost|p2a: CClifford|def|1
|-unboost|p2a: CClifford|spd|1
|move|p1a: Ting-Lu|Stealth Rock|p2a: CClifford
|-sidestart|p2: ribbitttt|move: Stealth Rock
|
|-heal|p1a: Ting-Lu|76/100|[from] item: Leftovers
|-damage|p2a: CClifford|76/100 brn|[from] brn
|upkeep
|turn|8
|
|t:|1769305799
|switch|p1a: Revavroom|Revavroom, M|100/100
|-item|p1a: Revavroom|Air Balloon
|move|p2a: CClifford|Close Combat|p1a: Revavroom
|-damage|p1a: Revavroom|63/100
|-unboost|p2a: CClifford|def|1
|-unboost|p2a: CClifford|spd|1
|-enditem|p1a: Revavroom|Air Balloon
|
|-damage|p2a: CClifford|70/100 brn|[from] brn
|upkeep
|turn|9
|
|t:|1769305803
|move|p2a: CClifford|Close Combat|p1a: Revavroom
|-damage|p1a: Revavroom|24/100
|-unboost|p2a: CClifford|def|1
|-unboost|p2a: CClifford|spd|1
|move|p1a: Revavroom|Shift Gear|p1a: Revavroom
|-boost|p1a: Revavroom|spe|2
|-boost|p1a: Revavroom|atk|1
|
|-damage|p2a: CClifford|64/100 brn|[from] brn
|upkeep
|turn|10
|
|t:|1769305810
|move|p1a: Revavroom|Gunk Shot|p2a: CClifford
|-damage|p2a: CClifford|0 fnt
|faint|p2a: CClifford
|
|upkeep
|
|t:|1769305832
|switch|p2a: Secret Service|Dragonite, M|100/100
|turn|11
|
|t:|1769305835
|move|p1a: Revavroom|Gunk Shot|p2a: Secret Service
|-damage|p2a: Secret Service|52/100
|move|p2a: Secret Service|Earthquake|p1a: Revavroom
|-supereffective|p1a: Revavroom
|-damage|p1a: Revavroom|0 fnt
|faint|p1a: Revavroom
|
|upkeep
|
|t:|1769305845
|switch|p1a: Moltres|Moltres|32/100
|turn|12
|
|t:|1769305867
|move|p1a: Moltres|Roost|p1a: Moltres
|-heal|p1a: Moltres|82/100
|-singleturn|p1a: Moltres|move: Roost
|move|p2a: Secret Service|Roost|p2a: Secret Service
|-heal|p2a: Secret Service|100/100
|-singleturn|p2a: Secret Service|move: Roost
|
|upkeep
|turn|13
|
|t:|1769305872
|switch|p2a: Up Bowl On Em|Ting-Lu|100/100
|-damage|p2a: Up Bowl On Em|94/100|[from] Stealth Rock
|-ability|p2a: Up Bowl On Em|Vessel of Ruin
|move|p1a: Moltres|Will-O-Wisp|p2a: Up Bowl On Em
|-status|p2a: Up Bowl On Em|brn
|
|-heal|p2a: Up Bowl On Em|100/100 brn|[from] item: Leftovers
|-damage|p2a: Up Bowl On Em|94/100 brn|[from] brn
|upkeep
|turn|14
|
|t:|1769305891
|move|p1a: Moltres|U-turn|p2a: Up Bowl On Em
|-supereffective|p2a: Up Bowl On Em
|-damage|p2a: Up Bowl On Em|79/100 brn
|
|t:|1769305898
|switch|p1a: Alomomola|Alomomola, M|100/100|[from] U-turn
|move|p2a: Up Bowl On Em|Spikes|p1a: Alomomola
|-sidestart|p1: elknightoscuro|Spikes
|
|-heal|p2a: Up Bowl On Em|85/100 brn|[from] item: Leftovers
|-damage|p2a: Up Bowl On Em|79/100 brn|[from] brn
|upkeep
|turn|15
|
|t:|1769305903
|move|p2a: Up Bowl On Em|Spikes|p1a: Alomomola
|-sidestart|p1: elknightoscuro|Spikes
|move|p1a: Alomomola|Wish|p1a: Alomomola
|
|-heal|p2a: Up Bowl On Em|85/100 brn|[from] item: Leftovers
|-damage|p2a: Up Bowl On Em|79/100 brn|[from] brn
|upkeep
|turn|16
|
|t:|1769305907
|move|p2a: Up Bowl On Em|Ruination|p1a: Alomomola
|-damage|p1a: Alomomola|50/100
|move|p1a: Alomomola|Flip Turn|p2a: Up Bowl On Em
|-supereffective|p2a: Up Bowl On Em
|-damage|p2a: Up Bowl On Em|61/100 brn
|
|t:|1769305910
|switch|p1a: Rillaboom|Rillaboom, M, tera:Dark|41/100|[from] Flip Turn
|-damage|p1a: Rillaboom|25/100|[from] Spikes
|-fieldstart|move: Grassy Terrain|[from] ability: Grassy Surge|[of] p1a: Rillaboom
|
|-heal|p1a: Rillaboom|100/100|[from] move: Wish|[wisher] Alomomola
|-heal|p2a: Up Bowl On Em|67/100 brn|[from] Grassy Terrain
|-heal|p2a: Up Bowl On Em|73/100 brn|[from] item: Leftovers
|-damage|p2a: Up Bowl On Em|67/100 brn|[from] brn
|upkeep
|turn|17
|
|t:|1769305920
|move|p1a: Rillaboom|Grassy Glide|p2a: Up Bowl On Em
|-supereffective|p2a: Up Bowl On Em
|-damage|p2a: Up Bowl On Em|16/100 brn
|move|p2a: Up Bowl On Em|Ruination|p1a: Rillaboom
|-damage|p1a: Rillaboom|51/100
|
|-heal|p1a: Rillaboom|57/100|[from] Grassy Terrain
|-heal|p2a: Up Bowl On Em|22/100 brn|[from] Grassy Terrain
|-heal|p2a: Up Bowl On Em|28/100 brn|[from] item: Leftovers
|-damage|p2a: Up Bowl On Em|22/100 brn|[from] brn
|upkeep
|turn|18
|
|t:|1769305931
|move|p1a: Rillaboom|Drain Punch|p2a: Up Bowl On Em
|-supereffective|p2a: Up Bowl On Em
|-damage|p2a: Up Bowl On Em|0 fnt
|-heal|p1a: Rillaboom|73/100|[from] drain|[of] p2a: Up Bowl On Em
|faint|p2a: Up Bowl On Em
|
|-heal|p1a: Rillaboom|79/100|[from] Grassy Terrain
|upkeep
|
|t:|1769305944
|switch|p2a: Secret Service|Dragonite, M|100/100
|turn|19
|
|t:|1769305948
|move|p1a: Rillaboom|Knock Off|p2a: Secret Service
|-damage|p2a: Secret Service|70/100
|-enditem|p2a: Secret Service|Heavy-Duty Boots|[from] move: Knock Off|[of] p1a: Rillaboom
|move|p2a: Secret Service|Dragon Tail|p1a: Rillaboom
|-damage|p1a: Rillaboom|41/100
|drag|p1a: Ting-Lu|Ting-Lu|76/100
|-damage|p1a: Ting-Lu|59/100|[from] Spikes
|-ability|p1a: Ting-Lu|Vessel of Ruin
|
|-heal|p1a: Ting-Lu|65/100|[from] Grassy Terrain
|-heal|p1a: Ting-Lu|71/100|[from] item: Leftovers
|upkeep
|turn|20
|
|t:|1769305955
|move|p2a: Secret Service|Roost|p2a: Secret Service
|-heal|p2a: Secret Service|100/100
|-singleturn|p2a: Secret Service|move: Roost
|move|p1a: Ting-Lu|Whirlwind|p2a: Secret Service
|drag|p2a: Dude Nasty Asf|Deoxys-Speed|100/100
|-ability|p2a: Dude Nasty Asf|Pressure
|
|-heal|p1a: Ting-Lu|78/100|[from] Grassy Terrain
|-heal|p1a: Ting-Lu|84/100|[from] item: Leftovers
|-fieldend|move: Grassy Terrain
|upkeep
|turn|21
|
|t:|1769305965
|move|p2a: Dude Nasty Asf|Ice Beam|p1a: Ting-Lu
|-supereffective|p1a: Ting-Lu
|-damage|p1a: Ting-Lu|58/100
|-status|p1a: Ting-Lu|frz
|cant|p1a: Ting-Lu|frz
|
|-heal|p1a: Ting-Lu|64/100 frz|[from] item: Leftovers
|upkeep
|turn|22
|
|t:|1769305972
|switch|p1a: Moltres|Moltres|82/100
|move|p2a: Dude Nasty Asf|Nasty Plot|p2a: Dude Nasty Asf
|-boost|p2a: Dude Nasty Asf|spa|2
|
|upkeep
|turn|23
|
|t:|1769305977
|move|p2a: Dude Nasty Asf|Thunderbolt|p1a: Moltres
|-supereffective|p1a: Moltres
|-damage|p1a: Moltres|0 fnt
|faint|p1a: Moltres
|
|upkeep
|
|t:|1769305990
|switch|p1a: Iron Valiant|Iron Valiant|100/100
|-damage|p1a: Iron Valiant|84/100|[from] Spikes
|-enditem|p1a: Iron Valiant|Booster Energy
|-activate|p1a: Iron Valiant|ability: Quark Drive|[fromitem]
|-start|p1a: Iron Valiant|quarkdrivespe
|turn|24
|
|t:|1769306015
|move|p1a: Iron Valiant|Shadow Ball|p2a: Dude Nasty Asf
|-supereffective|p2a: Dude Nasty Asf
|-damage|p2a: Dude Nasty Asf|25/100
|move|p2a: Dude Nasty Asf|Thunderbolt|p1a: Iron Valiant
|-damage|p1a: Iron Valiant|0 fnt
|faint|p1a: Iron Valiant
|-end|p1a: Iron Valiant|Quark Drive|[silent]
|
|upkeep
|
|t:|1769306021
|switch|p1a: Rillaboom|Rillaboom, M, tera:Dark|41/100
|-damage|p1a: Rillaboom|25/100|[from] Spikes
|-fieldstart|move: Grassy Terrain|[from] ability: Grassy Surge|[of] p1a: Rillaboom
|turn|25
|inactive|ribbitttt has 120 seconds left.
|
|t:|1769306052
|move|p1a: Rillaboom|Grassy Glide|p2a: Dude Nasty Asf
|-damage|p2a: Dude Nasty Asf|0 fnt
|faint|p2a: Dude Nasty Asf
|
|-heal|p1a: Rillaboom|31/100|[from] Grassy Terrain
|upkeep
|
|t:|1769306054
|switch|p2a: Secret Service|Dragonite, M|100/100
|-damage|p2a: Secret Service|76/100|[from] Stealth Rock
|turn|26
|
|t:|1769306064
|move|p2a: Secret Service|Extreme Speed|p1a: Rillaboom
|-damage|p1a: Rillaboom|0 fnt
|faint|p1a: Rillaboom
|
|upkeep
|
|t:|1769306068
|switch|p1a: Alomomola|Alomomola, M|84/100
|turn|27
|
|t:|1769306073
|move|p2a: Secret Service|Roost|p2a: Secret Service
|-heal|p2a: Secret Service|100/100
|-singleturn|p2a: Secret Service|move: Roost
|move|p1a: Alomomola|Scald|p2a: Secret Service
|-resisted|p2a: Secret Service
|-damage|p2a: Secret Service|98/100
|
|-heal|p2a: Secret Service|100/100|[from] Grassy Terrain
|-heal|p1a: Alomomola|90/100|[from] Grassy Terrain
|upkeep
|turn|28
|
|t:|1769306082
|-terastallize|p2a: Secret Service|Normal
|move|p2a: Secret Service|Extreme Speed|p1a: Alomomola
|-damage|p1a: Alomomola|66/100
|move|p1a: Alomomola|Scald|p2a: Secret Service
|-damage|p2a: Secret Service|94/100
|
|-heal|p2a: Secret Service|99/100|[from] Grassy Terrain
|-heal|p1a: Alomomola|72/100|[from] Grassy Terrain
|upkeep
|turn|29
|
|t:|1769306089
|move|p2a: Secret Service|Extreme Speed|p1a: Alomomola
|-damage|p1a: Alomomola|45/100
|move|p1a: Alomomola|Scald|p2a: Secret Service
|-damage|p2a: Secret Service|88/100
|-status|p2a: Secret Service|brn
|
|-heal|p2a: Secret Service|94/100 brn|[from] Grassy Terrain
|-heal|p1a: Alomomola|51/100|[from] Grassy Terrain
|-damage|p2a: Secret Service|88/100 brn|[from] brn
|-fieldend|move: Grassy Terrain
|upkeep
|turn|30
|
|t:|1769306093
|move|p2a: Secret Service|Extreme Speed|p1a: Alomomola
|-damage|p1a: Alomomola|38/100
|move|p1a: Alomomola|Wish|p1a: Alomomola
|
|-damage|p2a: Secret Service|82/100 brn|[from] brn
|upkeep
|turn|31
|
|t:|1769306102
|move|p2a: Secret Service|Extreme Speed|p1a: Alomomola
|-damage|p1a: Alomomola|24/100
|move|p1a: Alomomola|Scald|p2a: Secret Service
|-damage|p2a: Secret Service|68/100 brn
|
|-heal|p1a: Alomomola|74/100|[from] move: Wish|[wisher] Alomomola
|-damage|p2a: Secret Service|62/100 brn|[from] brn
|upkeep
|turn|32
|
|t:|1769306108
|move|p1a: Alomomola|Wish|p1a: Alomomola
|move|p2a: Secret Service|Dragon Tail|p1a: Alomomola
|-damage|p1a: Alomomola|64/100
|drag|p1a: Ting-Lu|Ting-Lu|64/100 frz
|-damage|p1a: Ting-Lu|47/100 frz|[from] Spikes
|-ability|p1a: Ting-Lu|Vessel of Ruin
|
|-heal|p1a: Ting-Lu|53/100 frz|[from] item: Leftovers
|-damage|p2a: Secret Service|56/100 brn|[from] brn
|upkeep
|turn|33
|
|t:|1769306114
|cant|p1a: Ting-Lu|frz
|move|p2a: Secret Service|Dragon Tail|p1a: Ting-Lu
|-damage|p1a: Ting-Lu|44/100 frz
|drag|p1a: Alomomola|Alomomola, M|98/100
|
|-heal|p1a: Alomomola|100/100|[from] move: Wish|[wisher] Alomomola
|-damage|p2a: Secret Service|50/100 brn|[from] brn
|upkeep
|turn|34
|
|t:|1769306120
|move|p2a: Secret Service|Roost|p2a: Secret Service
|-heal|p2a: Secret Service|100/100 brn
|move|p1a: Alomomola|Wish|p1a: Alomomola
|
|-damage|p2a: Secret Service|94/100 brn|[from] brn
|upkeep
|turn|35
|
|t:|1769306127
|move|p2a: Secret Service|Earthquake|p1a: Alomomola
|-damage|p1a: Alomomola|89/100
|move|p1a: Alomomola|Scald|p2a: Secret Service
|-damage|p2a: Secret Service|82/100 brn
|
|-heal|p1a: Alomomola|100/100|[from] move: Wish|[wisher] Alomomola
|-damage|p2a: Secret Service|76/100 brn|[from] brn
|upkeep
|turn|36
|
|t:|1769306132
|move|p2a: Secret Service|Earthquake|p1a: Alomomola
|-damage|p1a: Alomomola|90/100
|move|p1a: Alomomola|Wish|p1a: Alomomola
|
|-damage|p2a: Secret Service|70/100 brn|[from] brn
|upkeep
|turn|37
|
|t:|1769306138
|move|p2a: Secret Service|Roost|p2a: Secret Service
|-heal|p2a: Secret Service|100/100 brn
|move|p1a: Alomomola|Flip Turn|p2a: Secret Service
|-damage|p2a: Secret Service|92/100 brn
|
|t:|1769306141
|switch|p1a: Ting-Lu|Ting-Lu|44/100 frz|[from] Flip Turn
|-damage|p1a: Ting-Lu|28/100 frz|[from] Spikes
|-ability|p1a: Ting-Lu|Vessel of Ruin
|
|-heal|p1a: Ting-Lu|81/100 frz|[from] move: Wish|[wisher] Alomomola
|-heal|p1a: Ting-Lu|87/100 frz|[from] item: Leftovers
|-damage|p2a: Secret Service|86/100 brn|[from] brn
|upkeep
|turn|38
|-message|ribbitttt forfeited.
|
|win|elknightoscuro
|raw|elknightoscuro's rating: 1419 &rarr; <strong>1441</strong><br />(+22 for winning)
|raw|ribbitttt's rating: 1454 &rarr; <strong>1432</strong><br />(-22 for losing)
|l|☆ribbitttt
|player|p2|
