|j|☆youllthinkofyee
|j|☆asisisi
|t:|1769316806
|gametype|singles
|player|p1|youllthinkofyee|101|1287
|player|p2|asisisi|hooligans|1210
|gen|9
|tier|[Gen 9] OU
|rated|
|rule|HP Percentage Mod: HP is shown in percentages
|rule|Endless Battle Clause: Forcing endless battles is banned
|rule|Species Clause: Limit one of each Pokémon
|rule|OHKO Clause: OHKO moves are banned
|rule|Evasion Items Clause: Evasion items are banned
|rule|Evasion Moves Clause: Evasion moves are banned
|rule|Evasion Abilities Clause: Evasion abilities are banned
|rule|Sleep Moves Clause: Sleep-inducing moves are banned
|clearpoke
|poke|p1|Quaquaval, M|
|poke|p1|Metagross|
|poke|p1|Pelipper, M|
|poke|p1|Zapdos|
|poke|p1|Meowscarada, M|
|poke|p1|Iron Moth|
|poke|p2|Dondozo, M|
|poke|p2|Toxapex, M|
|poke|p2|Clodsire, F|
|poke|p2|Blissey, F|
|poke|p2|Skeledirge, M|
|poke|p2|Corviknight, M|
|teampreview
|inactive|Battle timer is ON: inactive players will automatically lose when time's up. (requested by youllthinkofyee)
|
|t:|1769316816
|teamsize|p1|6
|teamsize|p2|6
|start
|switch|p1a: Meowscarada|Meowscarada, M|100/100
|switch|p2a: Clodsire|Clodsire, F|100/100
|turn|1
|
|t:|1769316830
|move|p1a: Meowscarada|U-turn|p2a: Clodsire
|-start|p1a: Meowscarada|typechange|Bug|[from] ability: Protean
|-resisted|p2a: Clodsire
|-damage|p2a: Clodsire|79/100
|-damage|p1a: Meowscarada|91/100|[from] item: Life Orb
|
|t:|1769316836
|switch|p1a: Quaquaval|Quaquaval, M|100/100|[from] U-turn
|move|p2a: Clodsire|Toxic|p1a: Quaquaval
|-status|p1a: Quaquaval|tox
|
|-heal|p2a: Clodsire|85/100|[from] item: Leftovers
|-damage|p1a: Quaquaval|94/100 tox|[from] psn
|upkeep
|turn|2
|
|t:|1769316845
|switch|p2a: Dondozo|Dondozo, M|100/100
|move|p1a: Quaquaval|Aqua Step|p2a: Dondozo
|-resisted|p2a: Dondozo
|-damage|p2a: Dondozo|92/100
|-boost|p1a: Quaquaval|spe|1
|
|-heal|p1a: Quaquaval|100/100 tox|[from] item: Leftovers
|-heal|p2a: Dondozo|98/100|[from] item: Leftovers
|-damage|p1a: Quaquaval|88/100 tox|[from] psn
|upkeep
|turn|3
|
|t:|1769316856
|switch|p1a: Pelipper|Pelipper, M|100/100
|-weather|RainDance|[from] ability: Drizzle|[of] p1a: Pelipper
|move|p2a: Dondozo|Body Press|p1a: Pelipper
|-resisted|p1a: Pelipper
|-damage|p1a: Pelipper|87/100
|
|-weather|RainDance|[upkeep]
|-heal|p2a: Dondozo|100/100|[from] item: Leftovers
|upkeep
|turn|4
|
|t:|1769316867
|switch|p2a: Toxapex|Toxapex, M|100/100
|move|p1a: Pelipper|U-turn|p2a: Toxapex
|-resisted|p2a: Toxapex
|-damage|p2a: Toxapex|98/100
|
|t:|1769316877
|switch|p1a: Metagross|Metagross|100/100|[from] U-turn
|
|-weather|RainDance|[upkeep]
|-heal|p2a: Toxapex|100/100|[from] item: Black Sludge
|upkeep
|turn|5
|
|t:|1769316884
|switch|p2a: Corviknight|Corviknight, M|100/100
|-ability|p2a: Corviknight|Pressure
|move|p1a: Metagross|Earthquake|p2a: Corviknight
|-immune|p2a: Corviknight
|
|-weather|RainDance|[upkeep]
|upkeep
|turn|6
|
|t:|1769316893
|move|p1a: Metagross|Knock Off|p2a: Corviknight
|-damage|p2a: Corviknight|78/100
|-enditem|p2a: Corviknight|Leftovers|[from] move: Knock Off|[of] p1a: Metagross
|move|p2a: Corviknight|U-turn|p1a: Metagross
|-damage|p1a: Metagross|89/100
|inactive|asisisi has 120 seconds left.
|inactive|asisisi has 90 seconds left.
|inactive|asisisi has 60 seconds left.
|inactive|asisisi has 30 seconds left.
|
|t:|1769317017
|switch|p2a: Skeledirge|Skeledirge, M|100/100|[from] U-turn
|
|-weather|RainDance|[upkeep]
|upkeep
|turn|7
|
|t:|1769317023
|-terastallize|p2a: Skeledirge|Fairy
|move|p1a: Metagross|Earthquake|p2a: Skeledirge
|-damage|p2a: Skeledirge|77/100
|move|p2a: Skeledirge|Shadow Ball|p1a: Metagross
|-supereffective|p1a: Metagross
|-damage|p1a: Metagross|51/100
|
|-weather|RainDance|[upkeep]
|-heal|p2a: Skeledirge|83/100|[from] item: Leftovers
|upkeep
|turn|8
|
|t:|1769317034
|-terastallize|p1a: Metagross|Steel
|move|p1a: Metagross|Bullet Punch|p2a: Skeledirge
|-supereffective|p2a: Skeledirge
|-damage|p2a: Skeledirge|45/100
|move|p2a: Skeledirge|Substitute|p2a: Skeledirge
|-start|p2a: Skeledirge|Substitute
|-damage|p2a: Skeledirge|20/100
|
|-weather|RainDance|[upkeep]
|-heal|p2a: Skeledirge|26/100|[from] item: Leftovers
|upkeep
|turn|9
|
|t:|1769317044
|move|p1a: Metagross|Bullet Punch|p2a: Skeledirge
|-supereffective|p2a: Skeledirge
|-end|p2a: Skeledirge|Substitute
|move|p2a: Skeledirge|Slack Off|p2a: Skeledirge
|-heal|p2a: Skeledirge|76/100
|
|-weather|RainDance|[upkeep]
|-heal|p2a: Skeledirge|82/100|[from] item: Leftovers
|upkeep
|turn|10
|
|t:|1769317053
|switch|p2a: Corviknight|Corviknight, M|78/100
|-ability|p2a: Corviknight|Pressure
|move|p1a: Metagross|Bullet Punch|p2a: Corviknight
|-resisted|p2a: Corviknight
|-damage|p2a: Corviknight|69/100
|
|-weather|none
|upkeep
|turn|11
|
|t:|1769317064
|switch|p1a: Quaquaval|Quaquaval, M|88/100 tox
|move|p2a: Corviknight|Roost|p2a: Corviknight
|-heal|p2a: Corviknight|100/100
|-singleturn|p2a: Corviknight|move: Roost
|
|-heal|p1a: Quaquaval|94/100 tox|[from] item: Leftovers
|-damage|p1a: Quaquaval|88/100 tox|[from] psn
|upkeep
|turn|12
|
|t:|1769317081
|switch|p1a: Pelipper|Pelipper, M|87/100
|-weather|RainDance|[from] ability: Drizzle|[of] p1a: Pelipper
|move|p2a: Corviknight|U-turn|p1a: Pelipper
|-resisted|p1a: Pelipper
|-damage|p1a: Pelipper|79/100
|
|t:|1769317099
|switch|p2a: Toxapex|Toxapex, M|100/100|[from] U-turn
|
|-weather|RainDance|[upkeep]
|upkeep
|turn|13
|
|t:|1769317112
|switch|p1a: Metagross|Metagross, tera:Steel|51/100
|move|p2a: Toxapex|Infestation|p1a: Metagross
|-resisted|p1a: Metagross
|-damage|p1a: Metagross|50/100
|-activate|p1a: Metagross|move: Infestation|[of] p2a: Toxapex
|
|-weather|RainDance|[upkeep]
|-damage|p1a: Metagross|38/100|[from] move: Infestation|[partiallytrapped]
|upkeep
|turn|14
|
|t:|1769317128
|switch|p2a: Corviknight|Corviknight, M|100/100
|-ability|p2a: Corviknight|Pressure
|move|p1a: Metagross|Knock Off|p2a: Corviknight
|-damage|p2a: Corviknight|85/100
|
|-weather|RainDance|[upkeep]
|-end|p1a: Metagross|Infestation|[partiallytrapped]|[silent]
|upkeep
|turn|15
|
|t:|1769317136
|switch|p1a: Pelipper|Pelipper, M|79/100
|move|p2a: Corviknight|Body Press|p1a: Pelipper
|-resisted|p1a: Pelipper
|-damage|p1a: Pelipper|66/100
|
|-weather|RainDance|[upkeep]
|upkeep
|turn|16
|
|t:|1769317150
|move|p2a: Corviknight|U-turn|p1a: Pelipper
|-resisted|p1a: Pelipper
|-damage|p1a: Pelipper|58/100
|
|t:|1769317154
|switch|p2a: Blissey|Blissey, F|100/100|[from] U-turn
|move|p1a: Pelipper|Surf|p2a: Blissey
|-damage|p2a: Blissey|83/100
|
|-weather|RainDance|[upkeep]
|-status|p2a: Blissey|brn|[from] item: Flame Orb
|upkeep
|turn|17
|inactive|asisisi has 60 seconds left.
|
|t:|1769317175
|move|p1a: Pelipper|U-turn|p2a: Blissey
|-damage|p2a: Blissey|67/100 brn
|inactive|youllthinkofyee has 120 seconds left.
|
|t:|1769317192
|switch|p1a: Quaquaval|Quaquaval, M|88/100 tox|[from] U-turn
|move|p2a: Blissey|Shadow Ball|p1a: Quaquaval
|-damage|p1a: Quaquaval|67/100 tox
|
|-weather|RainDance|[upkeep]
|-heal|p1a: Quaquaval|73/100 tox|[from] item: Leftovers
|-damage|p1a: Quaquaval|67/100 tox|[from] psn
|-damage|p2a: Blissey|61/100 brn|[from] brn
|upkeep
|turn|18
|
|t:|1769317203
|-curestatus|p2a: Blissey|brn|[from] ability: Natural Cure
|switch|p2a: Dondozo|Dondozo, M|100/100
|move|p1a: Quaquaval|Aqua Step|p2a: Dondozo
|-resisted|p2a: Dondozo
|-damage|p2a: Dondozo|88/100
|-boost|p1a: Quaquaval|spe|1
|
|-weather|RainDance|[upkeep]
|-heal|p1a: Quaquaval|73/100 tox|[from] item: Leftovers
|-heal|p2a: Dondozo|94/100|[from] item: Leftovers
|-damage|p1a: Quaquaval|61/100 tox|[from] psn
|upkeep
|turn|19
|
|t:|1769317218
|move|p1a: Quaquaval|Close Combat|p2a: Dondozo
|-damage|p2a: Dondozo|68/100
|-unboost|p1a: Quaquaval|def|1
|-unboost|p1a: Quaquaval|spd|1
|move|p2a: Dondozo|Liquidation|p1a: Quaquaval
|-resisted|p1a: Quaquaval
|-damage|p1a: Quaquaval|33/100 tox
|
|-weather|none
|-heal|p1a: Quaquaval|39/100 tox|[from] item: Leftovers
|-heal|p2a: Dondozo|74/100|[from] item: Leftovers
|-damage|p1a: Quaquaval|20/100 tox|[from] psn
|upkeep
|turn|20
|
|t:|1769317230
|switch|p1a: Pelipper|Pelipper, M|58/100
|-weather|RainDance|[from] ability: Drizzle|[of] p1a: Pelipper
|move|p2a: Dondozo|Liquidation|p1a: Pelipper
|-resisted|p1a: Pelipper
|-damage|p1a: Pelipper|33/100
|
|-weather|RainDance|[upkeep]
|-heal|p2a: Dondozo|80/100|[from] item: Leftovers
|upkeep
|turn|21
|
|t:|1769317239
|switch|p2a: Blissey|Blissey, F|61/100
|move|p1a: Pelipper|Hurricane|p2a: Blissey
|-damage|p2a: Blissey|46/100
|-start|p2a: Blissey|confusion
|
|-weather|RainDance|[upkeep]
|-status|p2a: Blissey|brn|[from] item: Flame Orb
|upkeep
|turn|22
|
|t:|1769317252
|move|p1a: Pelipper|U-turn|p2a: Blissey
|-damage|p2a: Blissey|29/100 brn
|
|t:|1769317254
|switch|p1a: Meowscarada|Meowscarada, M|91/100|[from] U-turn
|-activate|p2a: Blissey|confusion
|move|p2a: Blissey|Soft-Boiled|p2a: Blissey
|-heal|p2a: Blissey|79/100 brn
|
|-weather|RainDance|[upkeep]
|-damage|p2a: Blissey|73/100 brn|[from] brn
|upkeep
|turn|23
|
|t:|1769317274
|-curestatus|p2a: Blissey|brn|[from] ability: Natural Cure
|switch|p2a: Skeledirge|Skeledirge, M, tera:Fairy|82/100
|move|p1a: Meowscarada|Knock Off|p2a: Skeledirge
|-start|p1a: Meowscarada|typechange|Dark|[from] ability: Protean
|-resisted|p2a: Skeledirge
|-damage|p2a: Skeledirge|64/100
|-enditem|p2a: Skeledirge|Leftovers|[from] move: Knock Off|[of] p1a: Meowscarada
|-damage|p1a: Meowscarada|81/100|[from] item: Life Orb
|
|-weather|RainDance|[upkeep]
|upkeep
|turn|24
|
|t:|1769317288
|switch|p1a: Metagross|Metagross, tera:Steel|38/100
|move|p2a: Skeledirge|Slack Off|p2a: Skeledirge
|-heal|p2a: Skeledirge|100/100
|
|-weather|RainDance|[upkeep]
|upkeep
|turn|25
|
|t:|1769317296
|switch|p2a: Corviknight|Corviknight, M|85/100
|-ability|p2a: Corviknight|Pressure
|move|p1a: Metagross|Bullet Punch|p2a: Corviknight
|-resisted|p2a: Corviknight
|-damage|p2a: Corviknight|76/100
|
|-weather|RainDance|[upkeep]
|upkeep
|turn|26
|inactive|youllthinkofyee has 120 seconds left.
|
|t:|1769317326
|switch|p1a: Zapdos|Zapdos|100/100
|-ability|p1a: Zapdos|Pressure
|move|p2a: Corviknight|U-turn|p1a: Zapdos
|-resisted|p1a: Zapdos
|-crit|p1a: Zapdos
|-damage|p1a: Zapdos|87/100
|
|t:|1769317339
|switch|p2a: Clodsire|Clodsire, F|85/100|[from] U-turn
|
|-weather|RainDance|[upkeep]
|-heal|p2a: Clodsire|91/100|[from] item: Leftovers
|upkeep
|turn|27
|inactive|youllthinkofyee has 120 seconds left.
|
|t:|1769317355
|move|p1a: Zapdos|Hurricane|p2a: Clodsire
|-damage|p2a: Clodsire|61/100
|-start|p2a: Clodsire|confusion
|-activate|p2a: Clodsire|confusion
|move|p2a: Clodsire|Toxic Spikes|p1a: Zapdos
|-sidestart|p1: youllthinkofyee|move: Toxic Spikes
|
|-weather|none
|-heal|p2a: Clodsire|67/100|[from] item: Leftovers
|upkeep
|turn|28
|inactive|asisisi has 90 seconds left.
|inactive|youllthinkofyee has 120 seconds left.
|
|t:|1769317367
|switch|p1a: Pelipper|Pelipper, M|33/100
|-weather|RainDance|[from] ability: Drizzle|[of] p1a: Pelipper
|-activate|p2a: Clodsire|confusion
|move|p2a: Clodsire|Recover|p2a: Clodsire
|-heal|p2a: Clodsire|100/100
|
|-weather|RainDance|[upkeep]
|upkeep
|turn|29
|inactive|asisisi has 90 seconds left.
|
|t:|1769317389
|move|p1a: Pelipper|U-turn|p2a: Clodsire
|-resisted|p2a: Clodsire
|-damage|p2a: Clodsire|96/100
|
|t:|1769317399
|switch|p1a: Quaquaval|Quaquaval, M|20/100 tox|[from] U-turn
|-end|p2a: Clodsire|confusion
|move|p2a: Clodsire|Earthquake|p1a: Quaquaval
|-damage|p1a: Quaquaval|0 fnt
|faint|p1a: Quaquaval
|
|-weather|RainDance|[upkeep]
|-heal|p2a: Clodsire|100/100|[from] item: Leftovers
|upkeep
|
|t:|1769317409
|switch|p1a: Iron Moth|Iron Moth|100/100
|-sideend|p1: youllthinkofyee|move: Toxic Spikes|[of] p1a: Iron Moth
|-enditem|p1a: Iron Moth|Booster Energy
|-activate|p1a: Iron Moth|ability: Quark Drive|[fromitem]
|-start|p1a: Iron Moth|quarkdrivespa
|turn|30
|
|t:|1769317423
|-end|p1a: Iron Moth|Quark Drive|[silent]
|switch|p1a: Pelipper|Pelipper, M|33/100
|move|p2a: Clodsire|Earthquake|p1a: Pelipper
|-immune|p1a: Pelipper
|
|-weather|RainDance|[upkeep]
|upkeep
|turn|31
|inactive|asisisi has 90 seconds left.
|
|t:|1769317449
|move|p1a: Pelipper|Surf|p2a: Clodsire
|-supereffective|p2a: Clodsire
|-damage|p2a: Clodsire|36/100
|move|p2a: Clodsire|Toxic|p1a: Pelipper
|-status|p1a: Pelipper|tox
|
|-weather|RainDance|[upkeep]
|-heal|p2a: Clodsire|42/100|[from] item: Leftovers
|-damage|p1a: Pelipper|27/100 tox|[from] psn
|upkeep
|turn|32
|
|t:|1769317459
|switch|p2a: Toxapex|Toxapex, M|100/100
|move|p1a: Pelipper|Hurricane|p2a: Toxapex
|-damage|p2a: Toxapex|61/100
|-start|p2a: Toxapex|confusion
|
|-weather|RainDance|[upkeep]
|-heal|p2a: Toxapex|67/100|[from] item: Black Sludge
|-damage|p1a: Pelipper|15/100 tox|[from] psn
|upkeep
|turn|33
|inactive|asisisi has 90 seconds left.
|
|t:|1769317468
|switch|p1a: Zapdos|Zapdos|87/100
|-ability|p1a: Zapdos|Pressure
|-activate|p2a: Toxapex|confusion
|move|p2a: Toxapex|Recover|p2a: Toxapex
|-heal|p2a: Toxapex|100/100
|
|-weather|RainDance|[upkeep]
|upkeep
|turn|34
|
|t:|1769317482
|move|p1a: Zapdos|Hurricane|p2a: Toxapex
|-damage|p2a: Toxapex|54/100
|-activate|p2a: Toxapex|confusion
|move|p2a: Toxapex|Toxic|p1a: Zapdos
|-status|p1a: Zapdos|tox
|
|-weather|RainDance|[upkeep]
|-heal|p2a: Toxapex|60/100|[from] item: Black Sludge
|-damage|p1a: Zapdos|81/100 tox|[from] psn
|upkeep
|turn|35
|
|t:|1769317496
|move|p1a: Zapdos|Hurricane|p2a: Toxapex
|-damage|p2a: Toxapex|17/100
|-end|p2a: Toxapex|confusion
|move|p2a: Toxapex|Recover|p2a: Toxapex
|-heal|p2a: Toxapex|67/100
|
|-weather|none
|-heal|p2a: Toxapex|73/100|[from] item: Black Sludge
|-damage|p1a: Zapdos|69/100 tox|[from] psn
|upkeep
|turn|36
|
|t:|1769317518
|switch|p1a: Pelipper|Pelipper, M|15/100 tox
|-weather|RainDance|[from] ability: Drizzle|[of] p1a: Pelipper
|move|p2a: Toxapex|Recover|p2a: Toxapex
|-heal|p2a: Toxapex|100/100
|
|-weather|RainDance|[upkeep]
|-damage|p1a: Pelipper|9/100 tox|[from] psn
|upkeep
|turn|37
|inactive|youllthinkofyee has 120 seconds left.
|
|t:|1769317545
|move|p1a: Pelipper|Hurricane|p2a: Toxapex
|-damage|p2a: Toxapex|55/100
|move|p2a: Toxapex|Toxic Spikes|p1a: Pelipper
|-sidestart|p1: youllthinkofyee|move: Toxic Spikes
|
|-weather|RainDance|[upkeep]
|-heal|p2a: Toxapex|61/100|[from] item: Black Sludge
|-damage|p1a: Pelipper|0 fnt|[from] psn
|faint|p1a: Pelipper
|upkeep
|
|t:|1769317559
|switch|p1a: Metagross|Metagross, tera:Steel|38/100
|turn|38
|
|t:|1769317566
|switch|p2a: Corviknight|Corviknight, M|76/100
|-ability|p2a: Corviknight|Pressure
|move|p1a: Metagross|Zen Headbutt|p2a: Corviknight|[miss]
|-miss|p1a: Metagross|p2a: Corviknight
|
|-weather|RainDance|[upkeep]
|upkeep
|turn|39
|
|t:|1769317574
|switch|p1a: Zapdos|Zapdos|69/100 tox
|-ability|p1a: Zapdos|Pressure
|move|p2a: Corviknight|Body Press|p1a: Zapdos
|-resisted|p1a: Zapdos
|-damage|p1a: Zapdos|53/100 tox
|
|-weather|RainDance|[upkeep]
|-damage|p1a: Zapdos|47/100 tox|[from] psn
|upkeep
|turn|40
|inactive|youllthinkofyee has 120 seconds left.
|inactive|youllthinkofyee has 90 seconds left.
|
|t:|1769317625
|switch|p2a: Blissey|Blissey, F|73/100
|move|p1a: Zapdos|Thunder|p2a: Blissey
|-damage|p2a: Blissey|57/100
|-status|p2a: Blissey|par
|
|-weather|RainDance|[upkeep]
|-damage|p1a: Zapdos|34/100 tox|[from] psn
|upkeep
|turn|41
|
|t:|1769317634
|move|p1a: Zapdos|U-turn|p2a: Blissey
|-damage|p2a: Blissey|28/100 par
|
|t:|1769317643
|switch|p1a: Meowscarada|Meowscarada, M|81/100|[from] U-turn
|-status|p1a: Meowscarada|psn
|move|p2a: Blissey|Soft-Boiled|p2a: Blissey
|-heal|p2a: Blissey|78/100 par
|
|-weather|RainDance|[upkeep]
|-damage|p1a: Meowscarada|68/100 psn|[from] psn
|upkeep
|turn|42
|inactive|asisisi has 120 seconds left.
|
|t:|1769317657
|-curestatus|p2a: Blissey|par|[from] ability: Natural Cure
|switch|p2a: Corviknight|Corviknight, M|76/100
|-ability|p2a: Corviknight|Pressure
|move|p1a: Meowscarada|U-turn|p2a: Corviknight
|-start|p1a: Meowscarada|typechange|Bug|[from] ability: Protean
|-resisted|p2a: Corviknight
|-damage|p2a: Corviknight|70/100
|-damage|p1a: Meowscarada|59/100 psn|[from] item: Life Orb
|
|t:|1769317665
|switch|p1a: Iron Moth|Iron Moth|100/100|[from] U-turn
|-sideend|p1: youllthinkofyee|move: Toxic Spikes|[of] p1a: Iron Moth
|
|-weather|RainDance|[upkeep]
|upkeep
|turn|43
|inactive|asisisi has 120 seconds left.
|
|t:|1769317678
|switch|p2a: Toxapex|Toxapex, M|61/100
|move|p1a: Iron Moth|Hurricane|p2a: Toxapex
|-damage|p2a: Toxapex|28/100
|-start|p2a: Toxapex|confusion
|
|-weather|none
|-heal|p2a: Toxapex|34/100|[from] item: Black Sludge
|upkeep
|turn|44
|inactive|youllthinkofyee has 120 seconds left.
|inactive|asisisi has 120 seconds left.
|
|t:|1769317694
|move|p1a: Iron Moth|Hurricane|p2a: Toxapex
|-damage|p2a: Toxapex|0 fnt
|faint|p2a: Toxapex
|
|upkeep
|
|t:|1769317701
|switch|p2a: Blissey|Blissey, F|78/100
|turn|45
|
|t:|1769317707
|move|p1a: Iron Moth|U-turn|p2a: Blissey
|-damage|p2a: Blissey|57/100
|
|t:|1769317713
|-end|p1a: Iron Moth|Quark Drive|[silent]
|switch|p1a: Metagross|Metagross, tera:Steel|38/100|[from] U-turn
|move|p2a: Blissey|Shadow Ball|p1a: Metagross
|-damage|p1a: Metagross|26/100
|
|-status|p2a: Blissey|brn|[from] item: Flame Orb
|upkeep
|turn|46
|
|t:|1769317727
|switch|p1a: Zapdos|Zapdos|34/100 tox
|-ability|p1a: Zapdos|Pressure
|-curestatus|p2a: Blissey|brn|[from] ability: Natural Cure
|switch|p2a: Corviknight|Corviknight, M|70/100
|-ability|p2a: Corviknight|Pressure
|
|-damage|p1a: Zapdos|28/100 tox|[from] psn
|upkeep
|turn|47
|
|t:|1769317739
|switch|p2a: Clodsire|Clodsire, F|42/100
|move|p1a: Zapdos|Thunder|p2a: Clodsire
|-immune|p2a: Clodsire
|
|-heal|p2a: Clodsire|48/100|[from] item: Leftovers
|-damage|p1a: Zapdos|15/100 tox|[from] psn
|upkeep
|turn|48
|
|t:|1769317748
|move|p1a: Zapdos|Hurricane|p2a: Clodsire|[miss]
|-miss|p1a: Zapdos|p2a: Clodsire
|move|p2a: Clodsire|Recover|p2a: Clodsire
|-heal|p2a: Clodsire|98/100
|
|-heal|p2a: Clodsire|100/100|[from] item: Leftovers
|-damage|p1a: Zapdos|0 fnt|[from] psn
|faint|p1a: Zapdos
|upkeep
|
|t:|1769317755
|switch|p1a: Meowscarada|Meowscarada, M|59/100 psn
|turn|49
|
|t:|1769317765
|switch|p2a: Corviknight|Corviknight, M|70/100
|-ability|p2a: Corviknight|Pressure
|move|p1a: Meowscarada|Knock Off|p2a: Corviknight
|-start|p1a: Meowscarada|typechange|Dark|[from] ability: Protean
|-damage|p2a: Corviknight|47/100
|-damage|p1a: Meowscarada|49/100 psn|[from] item: Life Orb
|
|-damage|p1a: Meowscarada|36/100 psn|[from] psn
|upkeep
|turn|50
|
|t:|1769317779
|switch|p1a: Iron Moth|Iron Moth|100/100
|move|p2a: Corviknight|U-turn|p1a: Iron Moth
|-resisted|p1a: Iron Moth
|-damage|p1a: Iron Moth|94/100
|
|t:|1769317790
|switch|p2a: Blissey|Blissey, F|57/100|[from] U-turn
|
|-status|p2a: Blissey|brn|[from] item: Flame Orb
|upkeep
|turn|51
|
|t:|1769317799
|move|p1a: Iron Moth|Fire Blast|p2a: Blissey
|-damage|p2a: Blissey|40/100 brn
|move|p2a: Blissey|Soft-Boiled|p2a: Blissey
|-heal|p2a: Blissey|90/100 brn
|
|-damage|p2a: Blissey|84/100 brn|[from] brn
|upkeep
|turn|52
|inactive|youllthinkofyee has 120 seconds left.
|
|t:|1769317830
|move|p1a: Iron Moth|Fire Blast|p2a: Blissey
|-crit|p2a: Blissey
|-damage|p2a: Blissey|57/100 brn
|move|p2a: Blissey|Fling|p1a: Iron Moth
|-damage|p1a: Iron Moth|93/100
|-enditem|p2a: Blissey|Flame Orb|[from] move: Fling
|
|-damage|p2a: Blissey|51/100 brn|[from] brn
|upkeep
|turn|53
|
|t:|1769317840
|move|p1a: Iron Moth|Fire Blast|p2a: Blissey|[miss]
|-miss|p1a: Iron Moth|p2a: Blissey
|move|p2a: Blissey|Soft-Boiled|p2a: Blissey
|-heal|p2a: Blissey|100/100 brn
|
|-damage|p2a: Blissey|94/100 brn|[from] brn
|upkeep
|turn|54
|
|t:|1769317853
|move|p1a: Iron Moth|Sludge Wave|p2a: Blissey
|-damage|p2a: Blissey|80/100 brn
|move|p2a: Blissey|Shadow Ball|p1a: Iron Moth
|-damage|p1a: Iron Moth|76/100
|
|-damage|p2a: Blissey|74/100 brn|[from] brn
|upkeep
|turn|55
|
|t:|1769317868
|move|p1a: Iron Moth|Hurricane|p2a: Blissey|[miss]
|-miss|p1a: Iron Moth|p2a: Blissey
|move|p2a: Blissey|Soft-Boiled|p2a: Blissey
|-heal|p2a: Blissey|100/100 brn
|
|-damage|p2a: Blissey|94/100 brn|[from] brn
|upkeep
|turn|56
|
|t:|1769317879
|move|p1a: Iron Moth|Hurricane|p2a: Blissey
|-damage|p2a: Blissey|84/100 brn
|-start|p2a: Blissey|confusion
|-activate|p2a: Blissey|confusion
|move|p2a: Blissey|Shadow Ball|p1a: Iron Moth
|-damage|p1a: Iron Moth|61/100
|
|-damage|p2a: Blissey|77/100 brn|[from] brn
|upkeep
|turn|57
|
|t:|1769317889
|move|p1a: Iron Moth|Hurricane|p2a: Blissey
|-crit|p2a: Blissey
|-damage|p2a: Blissey|59/100 brn
|-end|p2a: Blissey|confusion
|move|p2a: Blissey|Calm Mind|p2a: Blissey
|-boost|p2a: Blissey|spa|1
|-boost|p2a: Blissey|spd|1
|
|-damage|p2a: Blissey|52/100 brn|[from] brn
|upkeep
|turn|58
|
|t:|1769317898
|move|p1a: Iron Moth|U-turn|p2a: Blissey
|-damage|p2a: Blissey|32/100 brn
|
|t:|1769317900
|-end|p1a: Iron Moth|Quark Drive|[silent]
|switch|p1a: Metagross|Metagross, tera:Steel|26/100|[from] U-turn
|move|p2a: Blissey|Soft-Boiled|p2a: Blissey
|-heal|p2a: Blissey|82/100 brn
|
|-damage|p2a: Blissey|76/100 brn|[from] brn
|upkeep
|turn|59
|
|t:|1769317909
|-curestatus|p2a: Blissey|brn|[from] ability: Natural Cure
|switch|p2a: Corviknight|Corviknight, M|47/100
|-ability|p2a: Corviknight|Pressure
|move|p1a: Metagross|Knock Off|p2a: Corviknight
|-damage|p2a: Corviknight|32/100
|
|upkeep
|turn|60
|
|t:|1769317918
|switch|p1a: Iron Moth|Iron Moth|61/100
|move|p2a: Corviknight|Roost|p2a: Corviknight
|-heal|p2a: Corviknight|82/100
|-singleturn|p2a: Corviknight|move: Roost
|
|upkeep
|turn|61
|
|t:|1769317927
|switch|p2a: Blissey|Blissey, F|76/100
|move|p1a: Iron Moth|Fire Blast|p2a: Blissey
|-damage|p2a: Blissey|58/100
|
|upkeep
|turn|62
|
|t:|1769317935
|move|p1a: Iron Moth|U-turn|p2a: Blissey
|-damage|p2a: Blissey|36/100
|
|t:|1769317938
|-end|p1a: Iron Moth|Quark Drive|[silent]
|switch|p1a: Metagross|Metagross, tera:Steel|26/100|[from] U-turn
|move|p2a: Blissey|Shadow Ball|p1a: Metagross
|-damage|p1a: Metagross|15/100
|
|upkeep
|turn|63
|
|t:|1769317954
|switch|p2a: Corviknight|Corviknight, M|82/100
|-ability|p2a: Corviknight|Pressure
|move|p1a: Metagross|Knock Off|p2a: Corviknight
|-damage|p2a: Corviknight|67/100
|
|upkeep
|turn|64
|
|t:|1769317970
|move|p1a: Metagross|Knock Off|p2a: Corviknight
|-damage|p2a: Corviknight|51/100
|move|p2a: Corviknight|Body Press|p1a: Metagross
|-supereffective|p1a: Metagross
|-damage|p1a: Metagross|0 fnt
|faint|p1a: Metagross
|
|upkeep
|
|t:|1769317983
|switch|p1a: Iron Moth|Iron Moth|61/100
|turn|65
|
|t:|1769317987
|switch|p2a: Blissey|Blissey, F|36/100
|move|p1a: Iron Moth|Fire Blast|p2a: Blissey
|-damage|p2a: Blissey|18/100
|
|upkeep
|turn|66
|
|t:|1769317996
|move|p1a: Iron Moth|Fire Blast|p2a: Blissey
|-damage|p2a: Blissey|2/100
|move|p2a: Blissey|Soft-Boiled|p2a: Blissey
|-heal|p2a: Blissey|52/100
|
|upkeep
|turn|67
|
|t:|1769318011
|move|p1a: Iron Moth|U-turn|p2a: Blissey
|-damage|p2a: Blissey|31/100
|
|t:|1769318014
|-end|p1a: Iron Moth|Quark Drive|[silent]
|switch|p1a: Meowscarada|Meowscarada, M|36/100 psn|[from] U-turn
|move|p2a: Blissey|Soft-Boiled|p2a: Blissey
|-heal|p2a: Blissey|81/100
|
|-damage|p1a: Meowscarada|24/100 psn|[from] psn
|upkeep
|turn|68
|
|t:|1769318029
|switch|p2a: Dondozo|Dondozo, M|80/100
|move|p1a: Meowscarada|Flower Trick|p2a: Dondozo
|-start|p1a: Meowscarada|typechange|Grass|[from] ability: Protean
|-supereffective|p2a: Dondozo
|-crit|p2a: Dondozo
|-damage|p2a: Dondozo|26/100
|-damage|p1a: Meowscarada|14/100 psn|[from] item: Life Orb
|
|-heal|p2a: Dondozo|32/100|[from] item: Leftovers
|-damage|p1a: Meowscarada|2/100 psn|[from] psn
|upkeep
|turn|69
|
|t:|1769318042
|move|p1a: Meowscarada|Knock Off|p2a: Dondozo
|-damage|p2a: Dondozo|14/100
|-enditem|p2a: Dondozo|Leftovers|[from] move: Knock Off|[of] p1a: Meowscarada
|-damage|p1a: Meowscarada|0 fnt|[from] item: Life Orb
|faint|p1a: Meowscarada
|move|p2a: Dondozo|Body Press|p1: Meowscarada|[notarget]
|-fail|p2a: Dondozo
|
|upkeep
|
|t:|1769318045
|switch|p1a: Iron Moth|Iron Moth|61/100
|turn|70
|
|t:|1769318051
|move|p1a: Iron Moth|U-turn|p2a: Dondozo
|-damage|p2a: Dondozo|9/100
|move|p2a: Dondozo|Earthquake|p1a: Iron Moth
|-supereffective|p1a: Iron Moth
|-damage|p1a: Iron Moth|0 fnt
|faint|p1a: Iron Moth
|-end|p1a: Iron Moth|Quark Drive|[silent]
|
|win|asisisi
|raw|youllthinkofyee's rating: 1287 &rarr; <strong>1257</strong><br />(-30 for losing)
|raw|asisisi's rating: 1210 &rarr; <strong>1240</strong><br />(+30 for winning)
|l|☆youllthinkofyee
|player|p1|
|l|☆asisisi
|player|p2|
