|j|☆Ryota Garcia
|j|☆izirex
|t:|1769367701
|gametype|singles
|player|p1|Ryota Garcia|riley|1136
|player|p2|izirex|1|1116
|gen|9
|tier|[Gen 9] OU
|rated|
|rule|HP Percentage Mod: HP is shown in percentages
|rule|Endless Battle Clause: Forcing endless battles is banned
|rule|Species Clause: Limit one of each Pokémon
|rule|OHKO Clause: OHKO moves are banned
|rule|Evasion Items Clause: Evasion items are banned
|rule|Evasion Moves Clause: Evasion moves are banned
|rule|Evasion Abilities Clause: Evasion abilities are banned
|rule|Sleep Moves Clause: Sleep-inducing moves are banned
|clearpoke
|poke|p1|Alomomola, F|
|poke|p1|Dondozo, M|
|poke|p1|Great Tusk|
|poke|p1|Kingambit, F|
|poke|p1|Landorus-Therian, M|
|poke|p1|Gengar, M|
|poke|p2|Corviknight, M|
|poke|p2|Gholdengo|
|poke|p2|Ting-Lu|
|poke|p2|Iron Valiant|
|poke|p2|Garchomp, F|
|poke|p2|Slowbro-Galar, M|
|teampreview
|inactive|Battle timer is ON: inactive players will automatically lose when time's up. (requested by Ryota Garcia)
|
|t:|1769367708
|teamsize|p1|6
|teamsize|p2|6
|start
|switch|p1a: Gengar|Gengar, M|100/100
|switch|p2a: Corviknight|Corviknight, M|100/100
|turn|1
|
|t:|1769367721
|switch|p1a: Alomomola|Alomomola, F|100/100
|move|p2a: Corviknight|U-turn|p1a: Alomomola
|-damage|p1a: Alomomola|91/100
|-damage|p2a: Corviknight|84/100|[from] item: Rocky Helmet|[of] p1a: Alomomola
|
|t:|1769367737
|switch|p2a: Iron Valiant|Iron Valiant|100/100|[from] U-turn
|-enditem|p2a: Iron Valiant|Booster Energy
|-activate|p2a: Iron Valiant|ability: Quark Drive|[fromitem]
|-start|p2a: Iron Valiant|quarkdrivespe
|
|upkeep
|turn|2
|
|t:|1769367754
|move|p2a: Iron Valiant|Thunderbolt|p1a: Alomomola
|-supereffective|p1a: Alomomola
|-damage|p1a: Alomomola|44/100
|move|p1a: Alomomola|Flip Turn|p2a: Iron Valiant
|-damage|p2a: Iron Valiant|78/100
|
|t:|1769367762
|switch|p1a: Landorus|Landorus-Therian, M, shiny|100/100|[from] Flip Turn
|-ability|p1a: Landorus|Intimidate|boost
|-unboost|p2a: Iron Valiant|atk|1
|
|upkeep
|turn|3
|inactive|izirex has 120 seconds left.
|
|t:|1769367794
|-end|p2a: Iron Valiant|Quark Drive|[silent]
|switch|p2a: Slowbro|Slowbro-Galar, M|100/100
|move|p1a: Landorus|Earthquake|p2a: Slowbro
|-supereffective|p2a: Slowbro
|-damage|p2a: Slowbro|13/100
|
|upkeep
|turn|4
|
|t:|1769367809
|move|p1a: Landorus|U-turn|p2a: Slowbro
|-damage|p2a: Slowbro|0 fnt
|faint|p2a: Slowbro
|
|t:|1769367815
|switch|p1a: Alomomola|Alomomola, F|77/100|[from] U-turn
|
|upkeep
|
|t:|1769367823
|switch|p2a: Iron Valiant|Iron Valiant|78/100
|turn|5
|
|t:|1769367829
|move|p2a: Iron Valiant|Thunderbolt|p1a: Alomomola
|-supereffective|p1a: Alomomola
|-damage|p1a: Alomomola|31/100
|-status|p1a: Alomomola|par
|cant|p1a: Alomomola|par
|
|upkeep
|turn|6
|
|t:|1769367837
|switch|p1a: Landorus|Landorus-Therian, M, shiny|100/100
|-ability|p1a: Landorus|Intimidate|boost
|-unboost|p2a: Iron Valiant|atk|1
|move|p2a: Iron Valiant|Thunderbolt|p1a: Landorus
|-immune|p1a: Landorus
|
|upkeep
|turn|7
|
|t:|1769367856
|move|p2a: Iron Valiant|Moonblast|p1a: Landorus
|-damage|p1a: Landorus|44/100
|-enditem|p1a: Landorus|Sitrus Berry|[eat]
|-heal|p1a: Landorus|69/100|[from] item: Sitrus Berry
|move|p1a: Landorus|Stealth Rock|p2a: Iron Valiant
|-sidestart|p2: izirex|move: Stealth Rock
|
|upkeep
|turn|8
|
|t:|1769367864
|move|p2a: Iron Valiant|Moonblast|p1a: Landorus
|-damage|p1a: Landorus|10/100
|-unboost|p1a: Landorus|spa|1
|move|p1a: Landorus|Earthquake|p2a: Iron Valiant
|-damage|p2a: Iron Valiant|21/100
|
|upkeep
|turn|9
|
|t:|1769367880
|switch|p1a: Kingambit|Kingambit, F|100/100
|-item|p1a: Kingambit|Air Balloon
|move|p2a: Iron Valiant|Moonblast|p1a: Kingambit
|-damage|p1a: Kingambit|50/100
|-enditem|p1a: Kingambit|Air Balloon
|
|upkeep
|turn|10
|
|t:|1769367899
|-end|p1a: Kingambit|fallenundefined|[silent]
|switch|p1a: Alomomola|Alomomola, F|64/100 par
|move|p2a: Iron Valiant|Close Combat|p1a: Alomomola
|-damage|p1a: Alomomola|41/100 par
|-unboost|p2a: Iron Valiant|def|1
|-unboost|p2a: Iron Valiant|spd|1
|-damage|p2a: Iron Valiant|5/100|[from] item: Rocky Helmet|[of] p1a: Alomomola
|
|upkeep
|turn|11
|inactive|izirex has 120 seconds left.
|
|t:|1769367922
|switch|p1a: Landorus|Landorus-Therian, M, shiny|10/100
|-ability|p1a: Landorus|Intimidate|boost
|-unboost|p2a: Iron Valiant|atk|1
|move|p2a: Iron Valiant|Thunderbolt|p1a: Landorus
|-immune|p1a: Landorus
|
|upkeep
|turn|12
|inactive|izirex has 120 seconds left.
|
|t:|1769367943
|move|p2a: Iron Valiant|Close Combat|p1a: Landorus
|-resisted|p1a: Landorus
|-damage|p1a: Landorus|0 fnt
|-unboost|p2a: Iron Valiant|def|1
|-unboost|p2a: Iron Valiant|spd|1
|faint|p1a: Landorus
|
|upkeep
|
|t:|1769367950
|switch|p1a: Kingambit|Kingambit, F|50/100
|-activate|p1a: Kingambit|ability: Supreme Overlord
|-start|p1a: Kingambit|fallen1|[silent]
|turn|13
|
|t:|1769367955
|move|p1a: Kingambit|Sucker Punch|p2a: Iron Valiant
|-resisted|p2a: Iron Valiant
|-crit|p2a: Iron Valiant
|-damage|p2a: Iron Valiant|0 fnt
|faint|p2a: Iron Valiant
|-end|p2a: Iron Valiant|Quark Drive|[silent]
|
|upkeep
|
|t:|1769367966
|switch|p2a: Garchomp|Garchomp, F|100/100
|-damage|p2a: Garchomp|94/100|[from] Stealth Rock
|turn|14
|
|t:|1769367978
|-end|p1a: Kingambit|fallen1|[silent]
|switch|p1a: Alomomola|Alomomola, F|74/100 par
|move|p2a: Garchomp|Earthquake|p1a: Alomomola
|-damage|p1a: Alomomola|41/100 par
|
|upkeep
|turn|15
|
|t:|1769367990
|move|p2a: Garchomp|Scale Shot|p1a: Alomomola
|-damage|p1a: Alomomola|32/100 par
|-crit|p1a: Alomomola
|-damage|p1a: Alomomola|19/100 par
|-damage|p1a: Alomomola|10/100 par
|-damage|p1a: Alomomola|2/100 par
|-damage|p1a: Alomomola|0 fnt
|faint|p1a: Alomomola
|-hitcount|p1: Alomomola|5
|-unboost|p2a: Garchomp|def|1
|-boost|p2a: Garchomp|spe|1
|
|upkeep
|
|t:|1769368002
|switch|p1a: Dondozo|Dondozo, M|100/100
|turn|16
|
|t:|1769368008
|move|p2a: Garchomp|Scale Shot|p1a: Dondozo
|-damage|p1a: Dondozo|93/100
|-damage|p1a: Dondozo|86/100
|-damage|p1a: Dondozo|78/100
|-damage|p1a: Dondozo|71/100
|-hitcount|p1a: Dondozo|4
|-unboost|p2a: Garchomp|def|1
|-boost|p2a: Garchomp|spe|1
|move|p1a: Dondozo|Curse|p1a: Dondozo
|-unboost|p1a: Dondozo|spe|1
|-boost|p1a: Dondozo|atk|1
|-boost|p1a: Dondozo|def|1
|
|upkeep
|turn|17
|
|t:|1769368022
|move|p2a: Garchomp|Scale Shot|p1a: Dondozo
|-damage|p1a: Dondozo|66/100
|-damage|p1a: Dondozo|60/100
|-damage|p1a: Dondozo|55/100
|-damage|p1a: Dondozo|50/100
|-damage|p1a: Dondozo|45/100
|-hitcount|p1a: Dondozo|5
|-unboost|p2a: Garchomp|def|1
|-boost|p2a: Garchomp|spe|1
|move|p1a: Dondozo|Avalanche|p2a: Garchomp
|-supereffective|p2a: Garchomp
|-damage|p2a: Garchomp|0 fnt
|-damage|p1a: Dondozo|32/100|[from] ability: Rough Skin|[of] p2a: Garchomp
|faint|p2a: Garchomp
|
|upkeep
|inactive|izirex has 120 seconds left.
|
|t:|1769368048
|switch|p2a: Gholdengo|Gholdengo|100/100
|-damage|p2a: Gholdengo|94/100|[from] Stealth Rock
|turn|18
|
|t:|1769368058
|move|p2a: Gholdengo|Make It Rain|p1a: Dondozo
|-resisted|p1a: Dondozo
|-damage|p1a: Dondozo|0 fnt
|-unboost|p2a: Gholdengo|spa|1
|faint|p1a: Dondozo
|
|upkeep
|
|t:|1769368068
|switch|p1a: Great Tusk|Great Tusk|100/100
|-enditem|p1a: Great Tusk|Booster Energy
|-activate|p1a: Great Tusk|ability: Protosynthesis|[fromitem]
|-start|p1a: Great Tusk|protosynthesisspe
|turn|19
|
|t:|1769368078
|move|p1a: Great Tusk|Headlong Rush|p2a: Gholdengo
|-supereffective|p2a: Gholdengo
|-damage|p2a: Gholdengo|0 fnt
|-unboost|p1a: Great Tusk|def|1
|-unboost|p1a: Great Tusk|spd|1
|faint|p2a: Gholdengo
|
|upkeep
|
|t:|1769368092
|switch|p2a: Corviknight|Corviknight, M|84/100
|-damage|p2a: Corviknight|72/100|[from] Stealth Rock
|turn|20
|
|t:|1769368098
|move|p1a: Great Tusk|Supercell Slam|p2a: Corviknight
|-supereffective|p2a: Corviknight
|-damage|p2a: Corviknight|40/100
|-damage|p1a: Great Tusk|84/100|[from] item: Rocky Helmet|[of] p2a: Corviknight
|move|p2a: Corviknight|Brave Bird|p1a: Great Tusk
|-supereffective|p1a: Great Tusk
|-damage|p1a: Great Tusk|9/100
|-damage|p2a: Corviknight|13/100|[from] Recoil
|
|upkeep
|turn|21
|
|t:|1769368117
|switch|p2a: Ting-Lu|Ting-Lu|100/100
|-damage|p2a: Ting-Lu|94/100|[from] Stealth Rock
|-ability|p2a: Ting-Lu|Vessel of Ruin
|move|p1a: Great Tusk|Ice Spinner|p2a: Ting-Lu
|-supereffective|p2a: Ting-Lu
|-damage|p2a: Ting-Lu|75/100
|
|-heal|p2a: Ting-Lu|81/100|[from] item: Leftovers
|upkeep
|turn|22
|inactive|izirex has 120 seconds left.
|inactive|Ryota Garcia has 120 seconds left.
|
|t:|1769368154
|-terastallize|p1a: Great Tusk|Ice
|move|p1a: Great Tusk|Ice Spinner|p2a: Ting-Lu
|-supereffective|p2a: Ting-Lu
|-damage|p2a: Ting-Lu|50/100
|move|p2a: Ting-Lu|Whirlwind|p1a: Great Tusk
|-end|p1a: Great Tusk|Protosynthesis|[silent]
|drag|p1a: Kingambit|Kingambit, F|50/100
|-activate|p1a: Kingambit|ability: Supreme Overlord
|-start|p1a: Kingambit|fallen3|[silent]
|
|-heal|p2a: Ting-Lu|56/100|[from] item: Leftovers
|upkeep
|turn|23
|inactive|izirex has 120 seconds left.
|
|t:|1769368172
|-end|p1a: Kingambit|fallen3|[silent]
|switch|p1a: Great Tusk|Great Tusk, tera:Ice|9/100
|move|p2a: Ting-Lu|Earthquake|p1a: Great Tusk
|-damage|p1a: Great Tusk|0 fnt
|faint|p1a: Great Tusk
|-end|p1a: Great Tusk|Protosynthesis|[silent]
|
|-heal|p2a: Ting-Lu|62/100|[from] item: Leftovers
|upkeep
|
|t:|1769368183
|switch|p1a: Gengar|Gengar, M|100/100
|turn|24
|
|t:|1769368191
|move|p1a: Gengar|Destiny Bond|p1a: Gengar
|-singlemove|p1a: Gengar|Destiny Bond
|move|p2a: Ting-Lu|Earthquake|p1a: Gengar
|-supereffective|p1a: Gengar
|-damage|p1a: Gengar|0 fnt
|faint|p1a: Gengar
|-activate|p1a: Gengar|move: Destiny Bond
|faint|p2a: Ting-Lu
|
|upkeep
|
|t:|1769368201
|switch|p1a: Kingambit|Kingambit, F|50/100
|switch|p2a: Corviknight|Corviknight, M|13/100
|-activate|p1a: Kingambit|ability: Supreme Overlord
|-start|p1a: Kingambit|fallen5|[silent]
|-damage|p2a: Corviknight|1/100|[from] Stealth Rock
|turn|25
|
|t:|1769368215
|move|p1a: Kingambit|Taunt|p2a: Corviknight
|-start|p2a: Corviknight|move: Taunt
|cant|p2a: Corviknight|move: Taunt|Roost
|
|upkeep
|turn|26
|
|t:|1769368221
|move|p1a: Kingambit|Sucker Punch|p2a: Corviknight
|-damage|p2a: Corviknight|0 fnt
|-damage|p1a: Kingambit|34/100|[from] item: Rocky Helmet|[of] p2a: Corviknight
|faint|p2a: Corviknight
|
|win|Ryota Garcia
|raw|Ryota Garcia's rating: 1136 &rarr; <strong>1160</strong><br />(+24 for winning)
|raw|izirex's rating: 1116 &rarr; <strong>1092</strong><br />(-24 for losing)
