|j|☆pokechamp13
|j|☆Mimewithme
|t:|1769442401
|gametype|singles
|player|p1|pokechamp13|silver|1510
|player|p2|Mimewithme|2|1548
|gen|9
|tier|[Gen 9] OU
|rated|
|rule|HP Percentage Mod: HP is shown in percentages
|rule|Endless Battle Clause: Forcing endless battles is banned
|rule|Species Clause: Limit one of each Pokémon
|rule|OHKO Clause: OHKO moves are banned
|rule|Evasion Items Clause: Evasion items are banned
|rule|Evasion Moves Clause: Evasion moves are banned
|rule|Evasion Abilities Clause: Evasion abilities are banned
|rule|Sleep Moves Clause: Sleep-inducing moves are banned
|clearpoke
|poke|p1|Greninja-*, M|
|poke|p1|Cinderace, F|
|poke|p1|Ogerpon, F|
|poke|p1|Hoopa-Unbound|
|poke|p1|Zapdos|
|poke|p1|Garganacl, M|
|poke|p2|Chesnaught, M|
|poke|p2|Rillaboom, F|
|poke|p2|Glimmora, F|
|poke|p2|Goodra-Hisui, F|
|poke|p2|Volcanion|
|poke|p2|Dragapult, M|
|teampreview
|
|t:|1769442414
|teamsize|p1|6
|teamsize|p2|6
|start
|switch|p1a: Hoopa|Hoopa-Unbound|100/100
|switch|p2a: Dragapult|Dragapult, M|100/100
|turn|1
|
|t:|1769442422
|switch|p1a: Garganacl|Garganacl, M|100/100
|move|p2a: Dragapult|U-turn|p1a: Garganacl
|-damage|p1a: Garganacl|77/100
|-damage|p2a: Dragapult|84/100|[from] item: Rocky Helmet|[of] p1a: Garganacl
|
|t:|1769442431
|switch|p2a: Volcanion|Volcanion|100/100|[from] U-turn
|
|upkeep
|turn|2
|
|t:|1769442442
|switch|p1a: Hoopa|Hoopa-Unbound|100/100
|move|p2a: Volcanion|Steam Eruption|p1a: Hoopa
|-damage|p1a: Hoopa|72/100
|-status|p1a: Hoopa|brn
|
|-damage|p1a: Hoopa|66/100 brn|[from] brn
|upkeep
|turn|3
|
|t:|1769442453
|switch|p2a: Rillaboom|Rillaboom, F, shiny|100/100
|-fieldstart|move: Grassy Terrain|[from] ability: Grassy Surge|[of] p2a: Rillaboom
|move|p1a: Hoopa|Knock Off|p2a: Rillaboom
|-damage|p2a: Rillaboom|82/100
|-enditem|p2a: Rillaboom|Terrain Extender|[from] move: Knock Off|[of] p1a: Hoopa
|
|-heal|p2a: Rillaboom|88/100|[from] Grassy Terrain
|-heal|p1a: Hoopa|72/100 brn|[from] Grassy Terrain
|-damage|p1a: Hoopa|66/100 brn|[from] brn
|upkeep
|turn|4
|
|t:|1769442464
|switch|p1a: Zapdos|Zapdos|100/100
|move|p2a: Rillaboom|U-turn|p1a: Zapdos
|-resisted|p1a: Zapdos
|-damage|p1a: Zapdos|92/100
|
|t:|1769442484
|switch|p2a: Dragapult|Dragapult, M|84/100|[from] U-turn
|
|-heal|p2a: Dragapult|90/100|[from] Grassy Terrain
|upkeep
|turn|5
|
|t:|1769442491
|switch|p1a: Garganacl|Garganacl, M|77/100
|move|p2a: Dragapult|Dragon Darts|p1a: Garganacl
|-damage|p1a: Garganacl|50/100
|-anim|p2a: Dragapult|Dragon Darts|p1a: Garganacl
|-damage|p1a: Garganacl|24/100
|
|-heal|p2a: Dragapult|96/100|[from] Grassy Terrain
|-heal|p1a: Garganacl|30/100|[from] Grassy Terrain
|upkeep
|turn|6
|
|t:|1769442505
|move|p2a: Dragapult|Dragon Darts|p1a: Garganacl
|-damage|p1a: Garganacl|4/100
|-anim|p2a: Dragapult|Dragon Darts|p1a: Garganacl
|-damage|p1a: Garganacl|0 fnt
|faint|p1a: Garganacl
|
|-heal|p2a: Dragapult|100/100|[from] Grassy Terrain
|upkeep
|
|t:|1769442514
|switch|p1a: Hoopa|Hoopa-Unbound|66/100 brn
|turn|7
|
|t:|1769442521
|switch|p2a: Rillaboom|Rillaboom, F, shiny|88/100
|-terastallize|p1a: Hoopa|Fairy
|move|p1a: Hoopa|Future Sight|p2a: Rillaboom
|-start|p1a: Hoopa|move: Future Sight
|
|-heal|p2a: Rillaboom|95/100|[from] Grassy Terrain
|-heal|p1a: Hoopa|72/100 brn|[from] Grassy Terrain
|-damage|p1a: Hoopa|66/100 brn|[from] brn
|upkeep
|turn|8
|
|t:|1769442533
|switch|p1a: Zapdos|Zapdos|92/100
|move|p2a: Rillaboom|Knock Off|p1a: Zapdos
|-damage|p1a: Zapdos|68/100
|-status|p2a: Rillaboom|par|[from] ability: Static|[of] p1a: Zapdos
|-enditem|p1a: Zapdos|Heavy-Duty Boots|[from] move: Knock Off|[of] p2a: Rillaboom
|
|-heal|p2a: Rillaboom|100/100 par|[from] Grassy Terrain
|upkeep
|turn|9
|
|t:|1769442544
|switch|p2a: Goodra|Goodra-Hisui, F|100/100
|move|p1a: Zapdos|U-turn|p2a: Goodra
|-resisted|p2a: Goodra
|-damage|p2a: Goodra|94/100
|-ability|p2a: Goodra|Gooey
|-unboost|p1a: Zapdos|spe|1
|
|t:|1769442547
|switch|p1a: Cinderace|Cinderace, F|100/100|[from] U-turn
|
|-end|p2a: Goodra|move: Future Sight
|-resisted|p2a: Goodra
|-damage|p2a: Goodra|79/100
|-heal|p2a: Goodra|85/100|[from] Grassy Terrain
|upkeep
|turn|10
|
|t:|1769442570
|move|p1a: Cinderace|Pyro Ball|p2a: Goodra
|-damage|p2a: Goodra|26/100
|-status|p2a: Goodra|brn
|move|p2a: Goodra|Thunderbolt|p1a: Cinderace
|-damage|p1a: Cinderace|53/100
|
|-heal|p1a: Cinderace|59/100|[from] Grassy Terrain
|-heal|p2a: Goodra|32/100 brn|[from] Grassy Terrain
|-damage|p2a: Goodra|26/100 brn|[from] brn
|-fieldend|move: Grassy Terrain
|upkeep
|turn|11
|j| MakX70
|
|t:|1769442585
|switch|p2a: Dragapult|Dragapult, M|100/100
|move|p1a: Cinderace|Pyro Ball|p2a: Dragapult|[miss]
|-miss|p1a: Cinderace|p2a: Dragapult
|
|upkeep
|turn|12
|
|t:|1769442592
|switch|p1a: Hoopa|Hoopa-Unbound, tera:Fairy|66/100 brn
|move|p2a: Dragapult|Dragon Darts|p1a: Hoopa
|-immune|p1a: Hoopa
|
|-damage|p1a: Hoopa|60/100 brn|[from] brn
|upkeep
|turn|13
|
|t:|1769442602
|switch|p2a: Rillaboom|Rillaboom, F, shiny|100/100 par
|-fieldstart|move: Grassy Terrain|[from] ability: Grassy Surge|[of] p2a: Rillaboom
|move|p1a: Hoopa|Future Sight|p2a: Rillaboom
|-start|p1a: Hoopa|move: Future Sight
|
|-heal|p1a: Hoopa|66/100 brn|[from] Grassy Terrain
|-damage|p1a: Hoopa|60/100 brn|[from] brn
|upkeep
|turn|14
|
|t:|1769442615
|switch|p1a: Zapdos|Zapdos|68/100
|switch|p2a: Goodra|Goodra-Hisui, F|26/100 brn
|
|-heal|p2a: Goodra|32/100 brn|[from] Grassy Terrain
|-damage|p2a: Goodra|26/100 brn|[from] brn
|upkeep
|turn|15
|
|t:|1769442626
|move|p1a: Zapdos|Hurricane|p2a: Goodra
|-resisted|p2a: Goodra
|-damage|p2a: Goodra|16/100 brn
|move|p2a: Goodra|Ice Beam|p1a: Zapdos
|-supereffective|p1a: Zapdos
|-damage|p1a: Zapdos|10/100
|-status|p1a: Zapdos|frz
|
|-end|p2a: Goodra|move: Future Sight
|-resisted|p2a: Goodra
|-damage|p2a: Goodra|2/100 brn
|-heal|p2a: Goodra|8/100 brn|[from] Grassy Terrain
|-damage|p2a: Goodra|2/100 brn|[from] brn
|upkeep
|turn|16
|
|t:|1769442640
|cant|p1a: Zapdos|frz
|move|p2a: Goodra|Flash Cannon|p1a: Zapdos
|-resisted|p1a: Zapdos
|-damage|p1a: Zapdos|0 fnt
|faint|p1a: Zapdos
|
|-heal|p2a: Goodra|8/100 brn|[from] Grassy Terrain
|-damage|p2a: Goodra|2/100 brn|[from] brn
|upkeep
|
|t:|1769442647
|switch|p1a: Hoopa|Hoopa-Unbound, tera:Fairy|60/100 brn
|turn|17
|
|t:|1769442653
|move|p1a: Hoopa|Drain Punch|p2a: Goodra
|-supereffective|p2a: Goodra
|-damage|p2a: Goodra|0 fnt
|-heal|p1a: Hoopa|60/100 brn|[from] drain|[of] p2a: Goodra
|-ability|p2a: Goodra|Gooey
|-unboost|p1a: Hoopa|spe|1
|faint|p2a: Goodra
|
|-heal|p1a: Hoopa|66/100 brn|[from] Grassy Terrain
|-damage|p1a: Hoopa|60/100 brn|[from] brn
|-fieldend|move: Grassy Terrain
|upkeep
|
|t:|1769442673
|switch|p2a: Glimmora|Glimmora, F|100/100
|turn|18
|
|t:|1769442681
|move|p2a: Glimmora|Mortal Spin|p1a: Hoopa
|-supereffective|p1a: Hoopa
|-damage|p1a: Hoopa|37/100 brn
|move|p1a: Hoopa|Psychic Noise|p2a: Glimmora
|-supereffective|p2a: Glimmora
|-damage|p2a: Glimmora|0 fnt
|faint|p2a: Glimmora
|
|-damage|p1a: Hoopa|31/100 brn|[from] brn
|upkeep
|
|t:|1769442697
|switch|p2a: Rillaboom|Rillaboom, F, shiny|100/100 par
|-fieldstart|move: Grassy Terrain|[from] ability: Grassy Surge|[of] p2a: Rillaboom
|turn|19
|
|t:|1769442701
|switch|p1a: Cinderace|Cinderace, F|59/100
|move|p2a: Rillaboom|Grassy Glide|p1a: Cinderace
|-resisted|p1a: Cinderace
|-damage|p1a: Cinderace|37/100
|
|-heal|p1a: Cinderace|43/100|[from] Grassy Terrain
|upkeep
|turn|20
|
|t:|1769442711
|switch|p2a: Chesnaught|Chesnaught, M, shiny|100/100
|move|p1a: Cinderace|Pyro Ball|p2a: Chesnaught
|-immune|p2a: Chesnaught|[from] ability: Bulletproof
|
|-heal|p1a: Cinderace|49/100|[from] Grassy Terrain
|upkeep
|turn|21
|
|t:|1769442724
|switch|p1a: Ogerpon|Ogerpon, F|100/100
|move|p2a: Chesnaught|Belly Drum|p2a: Chesnaught
|-damage|p2a: Chesnaught|50/100
|-setboost|p2a: Chesnaught|atk|6|[from] move: Belly Drum
|-enditem|p2a: Chesnaught|Sitrus Berry|[eat]
|-heal|p2a: Chesnaught|75/100|[from] item: Sitrus Berry
|
|-heal|p2a: Chesnaught|81/100|[from] Grassy Terrain
|upkeep
|turn|22
|
|t:|1769442735
|move|p1a: Ogerpon|Encore|p2a: Chesnaught
|-start|p2a: Chesnaught|Encore
|move|p2a: Chesnaught|Belly Drum||[still]
|-fail|p2a: Chesnaught
|
|-heal|p2a: Chesnaught|87/100|[from] Grassy Terrain
|upkeep
|turn|23
|
|t:|1769442754
|move|p1a: Ogerpon|Play Rough|p2a: Chesnaught
|-supereffective|p2a: Chesnaught
|-damage|p2a: Chesnaught|33/100
|move|p2a: Chesnaught|Belly Drum||[still]
|-fail|p2a: Chesnaught
|
|-heal|p2a: Chesnaught|39/100|[from] Grassy Terrain
|-fieldend|move: Grassy Terrain
|upkeep
|turn|24
|
|t:|1769442764
|-terastallize|p2a: Chesnaught|Fire
|move|p1a: Ogerpon|Play Rough|p2a: Chesnaught|[miss]
|-miss|p1a: Ogerpon|p2a: Chesnaught
|move|p2a: Chesnaught|Belly Drum||[still]
|-fail|p2a: Chesnaught
|
|-end|p2a: Chesnaught|Encore
|upkeep
|turn|25
|
|t:|1769442776
|move|p1a: Ogerpon|Encore|p2a: Chesnaught
|-start|p2a: Chesnaught|Encore
|move|p2a: Chesnaught|Belly Drum||[still]
|-fail|p2a: Chesnaught
|
|upkeep
|turn|26
|
|t:|1769442782
|move|p1a: Ogerpon|Ivy Cudgel|p2a: Chesnaught
|-resisted|p2a: Chesnaught
|-crit|p2a: Chesnaught
|-damage|p2a: Chesnaught|8/100
|move|p2a: Chesnaught|Belly Drum||[still]
|-fail|p2a: Chesnaught
|
|upkeep
|turn|27
|
|t:|1769442789
|move|p1a: Ogerpon|Play Rough|p2a: Chesnaught|[miss]
|-miss|p1a: Ogerpon|p2a: Chesnaught
|move|p2a: Chesnaught|Belly Drum||[still]
|-fail|p2a: Chesnaught
|
|-end|p2a: Chesnaught|Encore
|upkeep
|turn|28
|
|t:|1769442798
|switch|p2a: Rillaboom|Rillaboom, F, shiny|100/100 par
|-fieldstart|move: Grassy Terrain|[from] ability: Grassy Surge|[of] p2a: Rillaboom
|move|p1a: Ogerpon|Ivy Cudgel|p2a: Rillaboom
|-resisted|p2a: Rillaboom
|-damage|p2a: Rillaboom|81/100 par
|
|-heal|p2a: Rillaboom|88/100 par|[from] Grassy Terrain
|upkeep
|turn|29
|
|t:|1769442808
|switch|p1a: Cinderace|Cinderace, F|49/100
|move|p2a: Rillaboom|U-turn|p1a: Cinderace
|-resisted|p1a: Cinderace
|-damage|p1a: Cinderace|36/100
|
|t:|1769442816
|switch|p2a: Dragapult|Dragapult, M|100/100|[from] U-turn
|
|-heal|p1a: Cinderace|42/100|[from] Grassy Terrain
|upkeep
|turn|30
|
|t:|1769442826
|switch|p1a: Hoopa|Hoopa-Unbound, tera:Fairy|31/100 brn
|move|p2a: Dragapult|Phantom Force||[still]
|-prepare|p2a: Dragapult|Phantom Force
|
|-heal|p1a: Hoopa|37/100 brn|[from] Grassy Terrain
|-damage|p1a: Hoopa|31/100 brn|[from] brn
|upkeep
|turn|31
|
|t:|1769442838
|switch|p1a: Greninja|Greninja, M|100/100
|move|p2a: Dragapult|Phantom Force|p1a: Greninja|[from] lockedmove
|-resisted|p1a: Greninja
|-damage|p1a: Greninja|37/100
|
|-heal|p1a: Greninja|43/100|[from] Grassy Terrain
|upkeep
|turn|32
|
|t:|1769442849
|move|p2a: Dragapult|Phantom Force||[still]
|-prepare|p2a: Dragapult|Phantom Force
|move|p1a: Greninja|Dark Pulse|p2a: Dragapult|[miss]
|-miss|p1a: Greninja|p2a: Dragapult
|
|-heal|p1a: Greninja|49/100|[from] Grassy Terrain
|-fieldend|move: Grassy Terrain
|upkeep
|turn|33
|
|t:|1769442856
|move|p2a: Dragapult|Phantom Force|p1a: Greninja|[from] lockedmove
|-resisted|p1a: Greninja
|-damage|p1a: Greninja|0 fnt
|faint|p1a: Greninja
|
|upkeep
|
|t:|1769442860
|switch|p1a: Cinderace|Cinderace, F|42/100
|turn|34
|
|t:|1769442865
|move|p1a: Cinderace|Sucker Punch|p2a: Dragapult
|-supereffective|p2a: Dragapult
|-damage|p2a: Dragapult|37/100
|move|p2a: Dragapult|Phantom Force||[still]
|-prepare|p2a: Dragapult|Phantom Force
|
|upkeep
|turn|35
|
|t:|1769442874
|switch|p1a: Hoopa|Hoopa-Unbound, tera:Fairy|31/100 brn
|move|p2a: Dragapult|Phantom Force|p1a: Hoopa|[from] lockedmove
|-damage|p1a: Hoopa|0 fnt
|faint|p1a: Hoopa
|
|upkeep
|
|t:|1769442876
|switch|p1a: Cinderace|Cinderace, F|42/100
|turn|36
|
|t:|1769442885
|switch|p2a: Chesnaught|Chesnaught, M, shiny, tera:Fire|8/100
|move|p1a: Cinderace|Sucker Punch||[still]
|-fail|p1a: Cinderace
|
|upkeep
|turn|37
|
|t:|1769442897
|switch|p2a: Rillaboom|Rillaboom, F, shiny|88/100 par
|-fieldstart|move: Grassy Terrain|[from] ability: Grassy Surge|[of] p2a: Rillaboom
|move|p1a: Cinderace|Sucker Punch||[still]
|-fail|p1a: Cinderace
|
|-heal|p1a: Cinderace|48/100|[from] Grassy Terrain
|-heal|p2a: Rillaboom|94/100 par|[from] Grassy Terrain
|upkeep
|turn|38
|
|t:|1769442907
|move|p1a: Cinderace|Swords Dance|p1a: Cinderace
|-boost|p1a: Cinderace|atk|2
|move|p2a: Rillaboom|U-turn|p1a: Cinderace
|-resisted|p1a: Cinderace
|-damage|p1a: Cinderace|34/100
|
|t:|1769442914
|switch|p2a: Chesnaught|Chesnaught, M, shiny, tera:Fire|8/100|[from] U-turn
|
|-heal|p1a: Cinderace|40/100|[from] Grassy Terrain
|-heal|p2a: Chesnaught|14/100|[from] Grassy Terrain
|upkeep
|turn|39
|
|t:|1769442921
|move|p1a: Cinderace|Sucker Punch|p2a: Chesnaught
|-damage|p2a: Chesnaught|0 fnt
|faint|p2a: Chesnaught
|
|-heal|p1a: Cinderace|46/100|[from] Grassy Terrain
|upkeep
|
|t:|1769442928
|switch|p2a: Volcanion|Volcanion|100/100
|turn|40
|
|t:|1769442936
|switch|p1a: Ogerpon|Ogerpon, F|100/100
|move|p2a: Volcanion|Earth Power|p1a: Ogerpon
|-resisted|p1a: Ogerpon
|-damage|p1a: Ogerpon|80/100
|
|-heal|p1a: Ogerpon|86/100|[from] Grassy Terrain
|upkeep
|turn|41
|
|t:|1769442945
|move|p1a: Ogerpon|Ivy Cudgel|p2a: Volcanion
|-damage|p2a: Volcanion|37/100
|move|p2a: Volcanion|Flamethrower|p1a: Ogerpon
|-supereffective|p1a: Ogerpon
|-damage|p1a: Ogerpon|0 fnt
|faint|p1a: Ogerpon
|
|-heal|p2a: Volcanion|43/100|[from] Grassy Terrain
|-fieldend|move: Grassy Terrain
|upkeep
|
|t:|1769442950
|switch|p1a: Cinderace|Cinderace, F|46/100
|turn|42
|
|t:|1769442960
|move|p1a: Cinderace|Sucker Punch|p2a: Volcanion
|-damage|p2a: Volcanion|20/100
|move|p2a: Volcanion|Earth Power|p1a: Cinderace
|-supereffective|p1a: Cinderace
|-damage|p1a: Cinderace|0 fnt
|faint|p1a: Cinderace
|
|win|Mimewithme
|raw|pokechamp13's rating: 1510 &rarr; <strong>1492</strong><br />(-18 for losing)
|raw|Mimewithme's rating: 1548 &rarr; <strong>1566</strong><br />(+18 for winning)
|c|☆pokechamp13|gg
|l|☆pokechamp13
|player|p1|
|l|☆Mimewithme
|player|p2|
|l| MakX70
