|j|☆ayanamiiiiii
|j|☆muskat-mix
|t:|1769342112
|gametype|singles
|player|p1|ayanamiiiiii|veteranf|1225
|player|p2|muskat-mix|1|1240
|gen|9
|tier|[Gen 9] OU
|rated|
|rule|HP Percentage Mod: HP is shown in percentages
|rule|Endless Battle Clause: Forcing endless battles is banned
|rule|Species Clause: Limit one of each Pokémon
|rule|OHKO Clause: OHKO moves are banned
|rule|Evasion Items Clause: Evasion items are banned
|rule|Evasion Moves Clause: Evasion moves are banned
|rule|Evasion Abilities Clause: Evasion abilities are banned
|rule|Sleep Moves Clause: Sleep-inducing moves are banned
|clearpoke
|poke|p1|Landorus-Therian, M|
|poke|p1|Barraskewda, F|
|poke|p1|Thundurus-Therian, M|
|poke|p1|Abomasnow, F|
|poke|p1|Pelipper, M|
|poke|p1|Tentacruel, M|
|poke|p2|Heatran, F|
|poke|p2|Clodsire, F|
|poke|p2|Skeledirge, F|
|poke|p2|Alomomola, F|
|poke|p2|Hoopa-Unbound|
|poke|p2|Corviknight, F|
|teampreview
|inactive|Battle timer is ON: inactive players will automatically lose when time's up. (requested by muskat-mix)
|
|t:|1769342122
|teamsize|p1|6
|teamsize|p2|6
|start
|switch|p1a: Tentacruel|Tentacruel, M|100/100
|switch|p2a: Hoopa|Hoopa-Unbound|100/100
|turn|1
|
|t:|1769342132
|move|p1a: Tentacruel|Sludge Bomb|p2a: Hoopa
|-damage|p2a: Hoopa|85/100
|move|p2a: Hoopa|Future Sight|p1a: Tentacruel
|-start|p2a: Hoopa|move: Future Sight
|
|upkeep
|turn|2
|
|t:|1769342140
|move|p1a: Tentacruel|Flip Turn|p2a: Hoopa
|-damage|p2a: Hoopa|56/100
|
|t:|1769342149
|switch|p1a: Pelipper|Pelipper, M|100/100|[from] Flip Turn
|-weather|RainDance|[from] ability: Drizzle|[of] p1a: Pelipper
|move|p2a: Hoopa|Psychic Noise|p1a: Pelipper
|-damage|p1a: Pelipper|19/100
|-start|p1a: Pelipper|move: Heal Block
|
|-weather|RainDance|[upkeep]
|upkeep
|turn|3
|
|t:|1769342163
|move|p1a: Pelipper|U-turn|p2a: Hoopa
|-supereffective|p2a: Hoopa
|-damage|p2a: Hoopa|0 fnt
|faint|p2a: Hoopa
|
|t:|1769342168
|switch|p1a: Barraskewda|Barraskewda, F, shiny|100/100|[from] U-turn
|
|-weather|RainDance|[upkeep]
|-end|p1a: Barraskewda|move: Future Sight
|-damage|p1a: Barraskewda|0 fnt
|faint|p1a: Barraskewda
|upkeep
|
|t:|1769342178
|switch|p1a: Thundurus|Thundurus-Therian, M|100/100
|switch|p2a: Alomomola|Alomomola, F|100/100
|turn|4
|
|t:|1769342191
|switch|p2a: Clodsire|Clodsire, F|100/100
|move|p1a: Thundurus|Weather Ball|p2a: Clodsire
|-supereffective|p2a: Clodsire
|-damage|p2a: Clodsire|6/100
|
|-weather|RainDance|[upkeep]
|-heal|p2a: Clodsire|12/100|[from] item: Leftovers
|upkeep
|turn|5
|
|t:|1769342197
|move|p1a: Thundurus|Weather Ball|p2a: Clodsire
|-supereffective|p2a: Clodsire
|-damage|p2a: Clodsire|0 fnt
|faint|p2a: Clodsire
|
|-weather|RainDance|[upkeep]
|upkeep
|
|t:|1769342203
|switch|p2a: Heatran|Heatran, F|100/100
|turn|6
|
|t:|1769342207
|-terastallize|p2a: Heatran|Grass
|move|p1a: Thundurus|Weather Ball|p2a: Heatran
|-resisted|p2a: Heatran
|-damage|p2a: Heatran|69/100
|move|p2a: Heatran|Magma Storm|p1a: Thundurus
|-damage|p1a: Thundurus|63/100
|-activate|p1a: Thundurus|move: Magma Storm|[of] p2a: Heatran
|
|-weather|none
|-damage|p1a: Thundurus|47/100|[from] move: Magma Storm|[partiallytrapped]
|upkeep
|turn|7
|
|t:|1769342214
|move|p2a: Heatran|Protect|p2a: Heatran
|-singleturn|p2a: Heatran|Protect
|move|p1a: Thundurus|Weather Ball|p2a: Heatran
|-activate|p2a: Heatran|move: Protect
|
|-damage|p1a: Thundurus|30/100|[from] move: Magma Storm|[partiallytrapped]
|upkeep
|turn|8
|
|t:|1769342223
|move|p1a: Thundurus|Weather Ball|p2a: Heatran
|-damage|p2a: Heatran|50/100
|move|p2a: Heatran|Magma Storm|p1a: Thundurus
|-damage|p1a: Thundurus|0 fnt
|faint|p1a: Thundurus
|
|upkeep
|
|t:|1769342230
|switch|p1a: Pelipper|Pelipper, M|19/100
|-weather|RainDance|[from] ability: Drizzle|[of] p1a: Pelipper
|turn|9
|
|t:|1769342239
|move|p1a: Pelipper|Hurricane|p2a: Heatran
|-supereffective|p2a: Heatran
|-damage|p2a: Heatran|0 fnt
|faint|p2a: Heatran
|
|-weather|RainDance|[upkeep]
|upkeep
|
|t:|1769342245
|switch|p2a: Alomomola|Alomomola, F|100/100
|turn|10
|
|t:|1769342252
|move|p1a: Pelipper|Hurricane|p2a: Alomomola
|-damage|p2a: Alomomola|66/100
|move|p2a: Alomomola|Whirlpool|p1a: Pelipper|[miss]
|-miss|p2a: Alomomola|p1a: Pelipper
|
|-weather|RainDance|[upkeep]
|-heal|p2a: Alomomola|72/100|[from] item: Leftovers
|upkeep
|turn|11
|
|t:|1769342261
|switch|p1a: Abomasnow|Abomasnow, F|100/100
|-weather|Snowscape|[from] ability: Snow Warning|[of] p1a: Abomasnow
|move|p2a: Alomomola|Whirlpool|p1a: Abomasnow
|-resisted|p1a: Abomasnow
|-damage|p1a: Abomasnow|98/100
|-activate|p1a: Abomasnow|move: Whirlpool|[of] p2a: Alomomola
|
|-weather|Snowscape|[upkeep]
|-heal|p1a: Abomasnow|100/100|[from] item: Leftovers
|-heal|p2a: Alomomola|78/100|[from] item: Leftovers
|-damage|p1a: Abomasnow|88/100|[from] move: Whirlpool|[partiallytrapped]
|upkeep
|turn|12
|
|t:|1769342265
|move|p1a: Abomasnow|Aurora Veil|p1a: Abomasnow
|-sidestart|p1: ayanamiiiiii|move: Aurora Veil
|move|p2a: Alomomola|Wish|p2a: Alomomola
|
|-weather|Snowscape|[upkeep]
|-heal|p1a: Abomasnow|94/100|[from] item: Leftovers
|-heal|p2a: Alomomola|84/100|[from] item: Leftovers
|-damage|p1a: Abomasnow|82/100|[from] move: Whirlpool|[partiallytrapped]
|upkeep
|turn|13
|
|t:|1769342270
|move|p1a: Abomasnow|Leech Seed|p2a: Alomomola|[miss]
|-miss|p1a: Abomasnow|p2a: Alomomola
|move|p2a: Alomomola|Whirlpool|p1a: Abomasnow|[miss]
|-miss|p2a: Alomomola|p1a: Abomasnow
|
|-weather|Snowscape|[upkeep]
|-heal|p2a: Alomomola|100/100|[from] move: Wish|[wisher] Alomomola
|-heal|p1a: Abomasnow|88/100|[from] item: Leftovers
|-damage|p1a: Abomasnow|75/100|[from] move: Whirlpool|[partiallytrapped]
|upkeep
|turn|14
|
|t:|1769342283
|move|p2a: Alomomola|Protect|p2a: Alomomola
|-singleturn|p2a: Alomomola|Protect
|move|p1a: Abomasnow|Leech Seed|p2a: Alomomola
|-activate|p2a: Alomomola|move: Protect
|
|-weather|Snowscape|[upkeep]
|-heal|p1a: Abomasnow|82/100|[from] item: Leftovers
|-damage|p1a: Abomasnow|69/100|[from] move: Whirlpool|[partiallytrapped]
|upkeep
|turn|15
|
|t:|1769342297
|switch|p2a: Corviknight|Corviknight, F|100/100
|-ability|p2a: Corviknight|Pressure
|move|p1a: Abomasnow|Leech Seed|p2a: Corviknight
|-start|p2a: Corviknight|move: Leech Seed
|
|-weather|none
|-heal|p1a: Abomasnow|75/100|[from] item: Leftovers
|-damage|p2a: Corviknight|88/100|[from] Leech Seed|[of] p1a: Abomasnow
|-heal|p1a: Abomasnow|89/100|[silent]
|-end|p1a: Abomasnow|Whirlpool|[partiallytrapped]
|upkeep
|turn|16
|
|t:|1769342319
|move|p1a: Abomasnow|Blizzard|p2a: Corviknight
|-damage|p2a: Corviknight|55/100
|move|p2a: Corviknight|Body Press|p1a: Abomasnow
|-supereffective|p1a: Abomasnow
|-damage|p1a: Abomasnow|67/100
|
|-heal|p1a: Abomasnow|73/100|[from] item: Leftovers
|-damage|p2a: Corviknight|42/100|[from] Leech Seed|[of] p1a: Abomasnow
|-heal|p1a: Abomasnow|86/100|[silent]
|-sideend|p1: ayanamiiiiii|move: Aurora Veil
|upkeep
|turn|17
|
|t:|1769342329
|switch|p1a: Pelipper|Pelipper, M|19/100
|-weather|RainDance|[from] ability: Drizzle|[of] p1a: Pelipper
|switch|p2a: Skeledirge|Skeledirge, F|100/100
|
|-weather|RainDance|[upkeep]
|upkeep
|turn|18
|
|t:|1769342339
|move|p1a: Pelipper|U-turn|p2a: Skeledirge
|-resisted|p2a: Skeledirge
|-damage|p2a: Skeledirge|99/100
|
|t:|1769342345
|switch|p1a: Tentacruel|Tentacruel, M|100/100|[from] U-turn
|move|p2a: Skeledirge|Torch Song|p1a: Tentacruel
|-resisted|p1a: Tentacruel
|-damage|p1a: Tentacruel|97/100
|-boost|p2a: Skeledirge|spa|1
|
|-weather|RainDance|[upkeep]
|-heal|p1a: Tentacruel|100/100|[from] ability: Rain Dish
|upkeep
|turn|19
|
|t:|1769342358
|move|p1a: Tentacruel|Surf|p2a: Skeledirge
|-supereffective|p2a: Skeledirge
|-damage|p2a: Skeledirge|0 fnt
|faint|p2a: Skeledirge
|
|-weather|RainDance|[upkeep]
|upkeep
|
|t:|1769342362
|switch|p2a: Alomomola|Alomomola, F|100/100
|turn|20
|-message|muskat-mix forfeited.
|
|win|ayanamiiiiii
|raw|ayanamiiiiii's rating: 1225 &rarr; <strong>1251</strong><br />(+26 for winning)
|raw|muskat-mix's rating: 1240 &rarr; <strong>1214</strong><br />(-26 for losing)
|l|☆muskat-mix
|player|p2|
|l|☆ayanamiiiiii
|player|p1|
