|j|☆dedoofe
|j|☆finesam
|t:|1769410719
|gametype|singles
|player|p1|dedoofe|hoopster|1091
|player|p2|finesam|2|1065
|gen|9
|tier|[Gen 9] OU
|rated|
|rule|HP Percentage Mod: HP is shown in percentages
|rule|Endless Battle Clause: Forcing endless battles is banned
|rule|Species Clause: Limit one of each Pokémon
|rule|OHKO Clause: OHKO moves are banned
|rule|Evasion Items Clause: Evasion items are banned
|rule|Evasion Moves Clause: Evasion moves are banned
|rule|Evasion Abilities Clause: Evasion abilities are banned
|rule|Sleep Moves Clause: Sleep-inducing moves are banned
|clearpoke
|poke|p1|Araquanid, F|
|poke|p1|Basculegion-F, F|
|poke|p1|Goodra, F|
|poke|p1|Corviknight, M|
|poke|p1|Klefki, M|
|poke|p1|Chansey, F|
|poke|p2|Drednaw, M|
|poke|p2|Pelipper, M|
|poke|p2|Indeedee, M|
|poke|p2|Hatterene, F|
|poke|p2|Barraskewda, F|
|poke|p2|Samurott-Hisui, F|
|teampreview
|inactive|Battle timer is ON: inactive players will automatically lose when time's up. (requested by dedoofe)
|inactive|dedoofe has 120 seconds left.
|inactive|dedoofe has 90 seconds left.
|
|t:|1769410780
|teamsize|p1|6
|teamsize|p2|6
|start
|switch|p1a: Klefki|Klefki, M|100/100
|switch|p2a: Samurott|Samurott-Hisui, F|100/100
|turn|1
|
|t:|1769410795
|move|p1a: Klefki|Reflect|p1a: Klefki
|-sidestart|p1: dedoofe|Reflect
|move|p2a: Samurott|Razor Shell|p1a: Klefki
|-damage|p1a: Klefki|74/100
|-unboost|p1a: Klefki|def|1
|
|upkeep
|turn|2
|
|t:|1769410799
|move|p1a: Klefki|Spikes|p2a: Samurott
|-sidestart|p2: finesam|Spikes
|move|p2a: Samurott|Ceaseless Edge|p1a: Klefki
|-resisted|p1a: Klefki
|-crit|p1a: Klefki
|-damage|p1a: Klefki|28/100
|-sidestart|p1: dedoofe|Spikes
|
|upkeep
|turn|3
|
|t:|1769410802
|move|p1a: Klefki|Spikes|p2a: Samurott
|-sidestart|p2: finesam|Spikes
|move|p2a: Samurott|Ceaseless Edge|p1a: Klefki
|-resisted|p1a: Klefki
|-damage|p1a: Klefki|12/100
|-sidestart|p1: dedoofe|Spikes
|
|upkeep
|turn|4
|
|t:|1769410805
|move|p1a: Klefki|Spikes|p2a: Samurott
|-sidestart|p2: finesam|Spikes
|move|p2a: Samurott|Knock Off|p1a: Klefki
|-resisted|p1a: Klefki
|-damage|p1a: Klefki|0 fnt
|-enditem|p1a: Klefki|Mental Herb|[from] move: Knock Off|[of] p2a: Samurott
|faint|p1a: Klefki
|
|upkeep
|inactive|dedoofe has 120 seconds left.
|
|t:|1769410851
|switch|p1a: Araquanid|Araquanid, F|100/100
|-damage|p1a: Araquanid|84/100|[from] Spikes
|turn|5
|
|t:|1769410863
|move|p2a: Samurott|Knock Off|p1a: Araquanid
|-damage|p1a: Araquanid|64/100
|-enditem|p1a: Araquanid|Leftovers|[from] move: Knock Off|[of] p2a: Samurott
|move|p1a: Araquanid|Sticky Web|p2a: Samurott
|-sidestart|p2: finesam|move: Sticky Web
|
|-sideend|p1: dedoofe|Reflect
|upkeep
|turn|6
|
|t:|1769410881
|move|p2a: Samurott|Ceaseless Edge|p1a: Araquanid|[miss]
|-miss|p2a: Samurott|p1a: Araquanid
|move|p1a: Araquanid|Infestation|p2a: Samurott
|-supereffective|p2a: Samurott
|-damage|p2a: Samurott|89/100
|-activate|p2a: Samurott|move: Infestation|[of] p1a: Araquanid
|
|-damage|p2a: Samurott|76/100|[from] move: Infestation|[partiallytrapped]
|upkeep
|turn|7
|inactive|dedoofe has 120 seconds left.
|
|t:|1769410905
|move|p2a: Samurott|Ceaseless Edge|p1a: Araquanid|[miss]
|-miss|p2a: Samurott|p1a: Araquanid
|move|p1a: Araquanid|Rain Dance|p1a: Araquanid
|-weather|RainDance
|
|-weather|RainDance|[upkeep]
|-damage|p2a: Samurott|64/100|[from] move: Infestation|[partiallytrapped]
|upkeep
|turn|8
|
|t:|1769410912
|move|p2a: Samurott|Razor Shell|p1a: Araquanid
|-resisted|p1a: Araquanid
|-damage|p1a: Araquanid|31/100
|-unboost|p1a: Araquanid|def|1
|move|p1a: Araquanid|Liquidation|p2a: Samurott
|-resisted|p2a: Samurott
|-damage|p2a: Samurott|20/100
|
|-weather|RainDance|[upkeep]
|-damage|p2a: Samurott|7/100|[from] move: Infestation|[partiallytrapped]
|upkeep
|turn|9
|
|t:|1769410921
|move|p2a: Samurott|Razor Shell|p1a: Araquanid
|-resisted|p1a: Araquanid
|-damage|p1a: Araquanid|0 fnt
|faint|p1a: Araquanid
|
|-weather|RainDance|[upkeep]
|-end|p2a: Samurott|Infestation|[partiallytrapped]|[silent]
|upkeep
|
|t:|1769410926
|switch|p1a: Basculegion|Basculegion-F, F|100/100
|-damage|p1a: Basculegion|84/100|[from] Spikes
|turn|10
|
|t:|1769410933
|move|p1a: Basculegion|Flip Turn|p2a: Samurott
|-resisted|p2a: Samurott
|-damage|p2a: Samurott|0 fnt
|faint|p2a: Samurott
|
|t:|1769410940
|switch|p1a: Goodra|Goodra, F|100/100|[from] Flip Turn
|-damage|p1a: Goodra|84/100|[from] Spikes
|
|-weather|RainDance|[upkeep]
|-heal|p1a: Goodra|90/100|[from] item: Leftovers
|upkeep
|
|t:|1769410959
|switch|p2a: Drednaw|Drednaw, M|100/100
|-damage|p2a: Drednaw|76/100|[from] Spikes
|-activate|p2a: Drednaw|move: Sticky Web
|-unboost|p2a: Drednaw|spe|1
|-enditem|p2a: Drednaw|White Herb
|-clearnegativeboost|p2a: Drednaw|[silent]
|turn|11
|
|t:|1769410969
|move|p2a: Drednaw|Shell Smash|p2a: Drednaw
|-unboost|p2a: Drednaw|def|1
|-unboost|p2a: Drednaw|spd|1
|-boost|p2a: Drednaw|atk|2
|-boost|p2a: Drednaw|spa|2
|-boost|p2a: Drednaw|spe|2
|move|p1a: Goodra|Acid Armor|p1a: Goodra
|-boost|p1a: Goodra|def|2
|
|-weather|none
|-heal|p1a: Goodra|96/100|[from] item: Leftovers
|upkeep
|turn|12
|
|t:|1769410983
|move|p2a: Drednaw|Stone Edge|p1a: Goodra
|-damage|p1a: Goodra|41/100
|move|p1a: Goodra|Thunder|p2a: Drednaw|[miss]
|-miss|p1a: Goodra|p2a: Drednaw
|
|-heal|p1a: Goodra|47/100|[from] item: Leftovers
|upkeep
|turn|13
|
|t:|1769410992
|move|p2a: Drednaw|Stone Edge|p1a: Goodra
|-crit|p1a: Goodra
|-damage|p1a: Goodra|0 fnt
|faint|p1a: Goodra
|
|upkeep
|
|t:|1769411001
|switch|p1a: Corviknight|Corviknight, M|100/100
|-ability|p1a: Corviknight|Pressure
|turn|14
|-message|dedoofe forfeited.
|
|win|finesam
|raw|dedoofe's rating: 1091 &rarr; <strong>1066</strong><br />(-25 for losing)
|raw|finesam's rating: 1065 &rarr; <strong>1098</strong><br />(+33 for winning)
|l|☆dedoofe
|player|p1|
|l|☆finesam
|player|p2|
