|j|☆opthebestkkj
|j|☆Yaoshi
|t:|1769391919
|gametype|singles
|player|p1|opthebestkkj|schoolkidf|1455
|player|p2|Yaoshi|silver-masters|1545
|gen|9
|tier|[Gen 9] OU
|rated|
|rule|HP Percentage Mod: HP is shown in percentages
|rule|Endless Battle Clause: Forcing endless battles is banned
|rule|Species Clause: Limit one of each Pokémon
|rule|OHKO Clause: OHKO moves are banned
|rule|Evasion Items Clause: Evasion items are banned
|rule|Evasion Moves Clause: Evasion moves are banned
|rule|Evasion Abilities Clause: Evasion abilities are banned
|rule|Sleep Moves Clause: Sleep-inducing moves are banned
|clearpoke
|poke|p1|Suicune|
|poke|p1|Great Tusk|
|poke|p1|Heatran, M|
|poke|p1|Rillaboom, F|
|poke|p1|Gholdengo|
|poke|p1|Kyurem|
|poke|p2|Cinderace, F|
|poke|p2|Darkrai|
|poke|p2|Dragonite, M|
|poke|p2|Snorlax, F|
|poke|p2|Primarina, F|
|poke|p2|Skarmory, F|
|teampreview
|inactive|Battle timer is ON: inactive players will automatically lose when time's up. (requested by Yaoshi)
|inactive|opthebestkkj also wants the timer to be on.
|inactive|opthebestkkj has 120 seconds left.
|
|t:|1769391951
|teamsize|p1|6
|teamsize|p2|6
|start
|switch|p1a: Heatran-Hisui|Heatran, M, shiny|100/100
|switch|p2a: Babe Ruth|Darkrai, shiny|100/100
|turn|1
|inactive|Yaoshi has 120 seconds left.
|
|t:|1769391982
|move|p2a: Babe Ruth|Dark Pulse|p1a: Heatran-Hisui
|-damage|p1a: Heatran-Hisui|74/100
|cant|p1a: Heatran-Hisui|flinch
|
|-heal|p1a: Heatran-Hisui|80/100|[from] item: Leftovers
|upkeep
|turn|2
|
|t:|1769391989
|move|p1a: Heatran-Hisui|Protect|p1a: Heatran-Hisui
|-singleturn|p1a: Heatran-Hisui|Protect
|move|p2a: Babe Ruth|Focus Blast|p1a: Heatran-Hisui
|-activate|p1a: Heatran-Hisui|move: Protect
|
|-heal|p1a: Heatran-Hisui|86/100|[from] item: Leftovers
|upkeep
|turn|3
|inactive|opthebestkkj has 120 seconds left.
|
|t:|1769392023
|move|p2a: Babe Ruth|Focus Blast|p1a: Heatran-Hisui
|-supereffective|p1a: Heatran-Hisui
|-damage|p1a: Heatran-Hisui|32/100
|move|p1a: Heatran-Hisui|Magma Storm|p2a: Babe Ruth
|-damage|p2a: Babe Ruth|41/100
|-activate|p2a: Babe Ruth|move: Magma Storm|[of] p1a: Heatran-Hisui
|
|-heal|p2a: Babe Ruth|47/100|[from] item: Leftovers
|-heal|p1a: Heatran-Hisui|39/100|[from] item: Leftovers
|-damage|p2a: Babe Ruth|35/100|[from] move: Magma Storm|[partiallytrapped]
|upkeep
|turn|4
|inactive|Yaoshi has 120 seconds left.
|
|t:|1769392064
|move|p1a: Heatran-Hisui|Protect|p1a: Heatran-Hisui
|-singleturn|p1a: Heatran-Hisui|Protect
|move|p2a: Babe Ruth|Focus Blast|p1a: Heatran-Hisui
|-activate|p1a: Heatran-Hisui|move: Protect
|
|-heal|p2a: Babe Ruth|41/100|[from] item: Leftovers
|-heal|p1a: Heatran-Hisui|45/100|[from] item: Leftovers
|-damage|p2a: Babe Ruth|28/100|[from] move: Magma Storm|[partiallytrapped]
|upkeep
|turn|5
|
|t:|1769392070
|switch|p1a: Gholdengo|Gholdengo|100/100
|move|p2a: Babe Ruth|Focus Blast|p1a: Gholdengo
|-immune|p1a: Gholdengo
|
|-heal|p2a: Babe Ruth|35/100|[from] item: Leftovers
|-end|p2a: Babe Ruth|Magma Storm|[partiallytrapped]|[silent]
|upkeep
|turn|6
|inactive|Yaoshi has 120 seconds left.
|
|t:|1769392077
|switch|p2a: Homerun|Snorlax, F, shiny|100/100
|move|p1a: Gholdengo|Make It Rain|p2a: Homerun
|-damage|p2a: Homerun|72/100
|-unboost|p1a: Gholdengo|spa|1
|
|upkeep
|turn|7
|
|t:|1769392084
|switch|p1a: Rillaboom|Rillaboom, F|100/100
|-fieldstart|move: Grassy Terrain|[from] ability: Grassy Surge|[of] p1a: Rillaboom
|move|p2a: Homerun|Earthquake|p1a: Rillaboom
|-resisted|p1a: Rillaboom
|-damage|p1a: Rillaboom|93/100
|
|-heal|p1a: Rillaboom|99/100|[from] Grassy Terrain
|-heal|p2a: Homerun|79/100|[from] Grassy Terrain
|upkeep
|turn|8
|
|t:|1769392092
|switch|p2a: Oz Smith|Skarmory, F, shiny|100/100
|move|p1a: Rillaboom|Knock Off|p2a: Oz Smith
|-damage|p2a: Oz Smith|67/100
|-damage|p1a: Rillaboom|83/100|[from] item: Rocky Helmet|[of] p2a: Oz Smith
|-enditem|p2a: Oz Smith|Rocky Helmet|[from] move: Knock Off|[of] p1a: Rillaboom
|
|-heal|p1a: Rillaboom|89/100|[from] Grassy Terrain
|upkeep
|turn|9
|inactive|Yaoshi has 120 seconds left.
|
|t:|1769392123
|switch|p1a: Great Tusk|Great Tusk|100/100
|switch|p2a: One Hit Wonder|Cinderace, F|100/100
|
|upkeep
|turn|10
|
|t:|1769392130
|switch|p2a: Oz Smith|Skarmory, F, shiny|67/100
|move|p1a: Great Tusk|Stealth Rock|p2a: Oz Smith
|-sidestart|p2: Yaoshi|move: Stealth Rock
|
|upkeep
|turn|11
|
|t:|1769392137
|move|p1a: Great Tusk|Rapid Spin|p2a: Oz Smith
|-resisted|p2a: Oz Smith
|-crit|p2a: Oz Smith
|-damage|p2a: Oz Smith|60/100
|-boost|p1a: Great Tusk|spe|1
|move|p2a: Oz Smith|Roost|p2a: Oz Smith
|-heal|p2a: Oz Smith|100/100
|-singleturn|p2a: Oz Smith|move: Roost
|
|-fieldend|move: Grassy Terrain
|upkeep
|turn|12
|
|t:|1769392152
|-end|p1a: Great Tusk|Protosynthesis|[silent]
|switch|p1a: Heatran-Hisui|Heatran, M, shiny|45/100
|move|p2a: Oz Smith|Brave Bird|p1a: Heatran-Hisui
|-resisted|p1a: Heatran-Hisui
|-damage|p1a: Heatran-Hisui|31/100
|-damage|p2a: Oz Smith|95/100|[from] Recoil
|
|-heal|p1a: Heatran-Hisui|37/100|[from] item: Leftovers
|upkeep
|turn|13
|
|t:|1769392163
|switch|p2a: Ayami Sato|Primarina, F, shiny|100/100
|-damage|p2a: Ayami Sato|88/100|[from] Stealth Rock
|move|p1a: Heatran-Hisui|Magma Storm|p2a: Ayami Sato
|-resisted|p2a: Ayami Sato
|-damage|p2a: Ayami Sato|70/100
|-activate|p2a: Ayami Sato|move: Magma Storm|[of] p1a: Heatran-Hisui
|
|-heal|p1a: Heatran-Hisui|43/100|[from] item: Leftovers
|-heal|p2a: Ayami Sato|76/100|[from] item: Leftovers
|-damage|p2a: Ayami Sato|63/100|[from] move: Magma Storm|[partiallytrapped]
|upkeep
|turn|14
|
|t:|1769392171
|move|p1a: Heatran-Hisui|Protect|p1a: Heatran-Hisui
|-singleturn|p1a: Heatran-Hisui|Protect
|move|p2a: Ayami Sato|Calm Mind|p2a: Ayami Sato
|-boost|p2a: Ayami Sato|spa|1
|-boost|p2a: Ayami Sato|spd|1
|
|-heal|p1a: Heatran-Hisui|49/100|[from] item: Leftovers
|-heal|p2a: Ayami Sato|69/100|[from] item: Leftovers
|-damage|p2a: Ayami Sato|57/100|[from] move: Magma Storm|[partiallytrapped]
|upkeep
|turn|15
|
|t:|1769392199
|switch|p1a: Kyurem|Kyurem|100/100
|-ability|p1a: Kyurem|Pressure
|move|p2a: Ayami Sato|Calm Mind|p2a: Ayami Sato
|-boost|p2a: Ayami Sato|spa|1
|-boost|p2a: Ayami Sato|spd|1
|
|-heal|p2a: Ayami Sato|63/100|[from] item: Leftovers
|-end|p2a: Ayami Sato|Magma Storm|[partiallytrapped]|[silent]
|upkeep
|turn|16
|inactive|opthebestkkj has 120 seconds left.
|
|t:|1769392214
|move|p1a: Kyurem|Freeze-Dry|p2a: Ayami Sato
|-supereffective|p2a: Ayami Sato
|-damage|p2a: Ayami Sato|35/100
|-status|p2a: Ayami Sato|frz
|-curestatus|p2a: Ayami Sato|frz|[msg]
|move|p2a: Ayami Sato|Draining Kiss|p1a: Kyurem
|-supereffective|p1a: Kyurem
|-damage|p1a: Kyurem|17/100
|-heal|p2a: Ayami Sato|100/100|[from] drain|[of] p1a: Kyurem
|
|upkeep
|turn|17
|
|t:|1769392223
|switch|p1a: Gholdengo|Gholdengo|100/100
|move|p2a: Ayami Sato|Draining Kiss|p1a: Gholdengo
|-resisted|p1a: Gholdengo
|-damage|p1a: Gholdengo|75/100
|
|upkeep
|turn|18
|
|t:|1769392252
|move|p1a: Gholdengo|Trick|p2a: Ayami Sato
|-activate|p1a: Gholdengo|move: Trick|[of] p2a: Ayami Sato
|-item|p2a: Ayami Sato|Choice Scarf|[from] move: Trick
|-item|p1a: Gholdengo|Leftovers|[from] move: Trick
|move|p2a: Ayami Sato|Psychic Noise|p1a: Gholdengo
|-damage|p1a: Gholdengo|6/100
|-start|p1a: Gholdengo|move: Heal Block
|
|upkeep
|turn|19
|
|t:|1769392266
|move|p1a: Gholdengo|Make It Rain|p2a: Ayami Sato
|-damage|p2a: Ayami Sato|73/100
|-unboost|p1a: Gholdengo|spa|1
|move|p2a: Ayami Sato|Psychic Noise|p1a: Gholdengo
|-damage|p1a: Gholdengo|0 fnt
|faint|p1a: Gholdengo
|
|upkeep
|
|t:|1769392270
|switch|p1a: Rillaboom|Rillaboom, F|89/100
|-fieldstart|move: Grassy Terrain|[from] ability: Grassy Surge|[of] p1a: Rillaboom
|turn|20
|
|t:|1769392278
|switch|p2a: Oz Smith|Skarmory, F, shiny|95/100
|-damage|p2a: Oz Smith|83/100|[from] Stealth Rock
|move|p1a: Rillaboom|U-turn|p2a: Oz Smith
|-resisted|p2a: Oz Smith
|-damage|p2a: Oz Smith|77/100
|
|t:|1769392289
|switch|p1a: Heatran-Hisui|Heatran, M, shiny|49/100|[from] U-turn
|
|-heal|p1a: Heatran-Hisui|56/100|[from] Grassy Terrain
|-heal|p1a: Heatran-Hisui|62/100|[from] item: Leftovers
|upkeep
|turn|21
|c|☆opthebestkkj|i go miss
|
|t:|1769392314
|switch|p2a: Homerun|Snorlax, F, shiny|79/100
|-damage|p2a: Homerun|66/100|[from] Stealth Rock
|move|p1a: Heatran-Hisui|Magma Storm|p2a: Homerun
|-crit|p2a: Homerun
|-damage|p2a: Homerun|37/100
|-activate|p2a: Homerun|move: Magma Storm|[of] p1a: Heatran-Hisui
|-enditem|p2a: Homerun|Figy Berry|[eat]
|-heal|p2a: Homerun|70/100|[from] item: Figy Berry
|
|-heal|p1a: Heatran-Hisui|68/100|[from] Grassy Terrain
|-heal|p1a: Heatran-Hisui|74/100|[from] item: Leftovers
|-heal|p2a: Homerun|76/100|[from] Grassy Terrain
|-damage|p2a: Homerun|64/100|[from] move: Magma Storm|[partiallytrapped]
|upkeep
|turn|22
|
|t:|1769392326
|move|p1a: Heatran-Hisui|Taunt|p2a: Homerun
|-start|p2a: Homerun|move: Taunt
|cant|p2a: Homerun|move: Taunt|Recycle
|
|-heal|p1a: Heatran-Hisui|81/100|[from] Grassy Terrain
|-heal|p1a: Heatran-Hisui|87/100|[from] item: Leftovers
|-heal|p2a: Homerun|70/100|[from] Grassy Terrain
|-damage|p2a: Homerun|57/100|[from] move: Magma Storm|[partiallytrapped]
|upkeep
|turn|23
|inactive|Yaoshi has 120 seconds left.
|
|t:|1769392363
|move|p1a: Heatran-Hisui|Earth Power|p2a: Homerun
|-damage|p2a: Homerun|45/100
|move|p2a: Homerun|Earthquake|p1a: Heatran-Hisui
|-supereffective|p1a: Heatran-Hisui
|-damage|p1a: Heatran-Hisui|40/100
|
|-heal|p1a: Heatran-Hisui|46/100|[from] Grassy Terrain
|-heal|p1a: Heatran-Hisui|53/100|[from] item: Leftovers
|-heal|p2a: Homerun|51/100|[from] Grassy Terrain
|-damage|p2a: Homerun|38/100|[from] move: Magma Storm|[partiallytrapped]
|upkeep
|turn|24
|
|t:|1769392375
|move|p1a: Heatran-Hisui|Protect|p1a: Heatran-Hisui
|-singleturn|p1a: Heatran-Hisui|Protect
|move|p2a: Homerun|Earthquake|p1a: Heatran-Hisui
|-activate|p1a: Heatran-Hisui|move: Protect
|
|-heal|p1a: Heatran-Hisui|59/100|[from] Grassy Terrain
|-heal|p1a: Heatran-Hisui|65/100|[from] item: Leftovers
|-heal|p2a: Homerun|45/100|[from] Grassy Terrain
|-damage|p2a: Homerun|32/100|[from] move: Magma Storm|[partiallytrapped]
|-end|p2a: Homerun|move: Taunt
|-fieldend|move: Grassy Terrain
|upkeep
|turn|25
|
|t:|1769392384
|move|p1a: Heatran-Hisui|Taunt|p2a: Homerun
|-start|p2a: Homerun|move: Taunt
|move|p2a: Homerun|Earthquake|p1a: Heatran-Hisui
|-supereffective|p1a: Heatran-Hisui
|-damage|p1a: Heatran-Hisui|0 fnt
|faint|p1a: Heatran-Hisui
|
|-end|p2a: Homerun|Magma Storm|[partiallytrapped]|[silent]
|upkeep
|
|t:|1769392391
|switch|p1a: Rillaboom|Rillaboom, F|89/100
|-fieldstart|move: Grassy Terrain|[from] ability: Grassy Surge|[of] p1a: Rillaboom
|turn|26
|inactive|Yaoshi has 120 seconds left.
|
|t:|1769392416
|switch|p2a: Oz Smith|Skarmory, F, shiny|77/100
|-damage|p2a: Oz Smith|65/100|[from] Stealth Rock
|move|p1a: Rillaboom|Wood Hammer|p2a: Oz Smith
|-resisted|p2a: Oz Smith
|-damage|p2a: Oz Smith|46/100
|-damage|p1a: Rillaboom|83/100|[from] Recoil
|
|-heal|p1a: Rillaboom|89/100|[from] Grassy Terrain
|upkeep
|turn|27
|
|t:|1769392430
|switch|p1a: Great Tusk|Great Tusk|100/100
|move|p2a: Oz Smith|Roost|p2a: Oz Smith
|-heal|p2a: Oz Smith|96/100
|-singleturn|p2a: Oz Smith|move: Roost
|
|-heal|p2a: Oz Smith|100/100|[from] Grassy Terrain
|upkeep
|turn|28
|inactive|Yaoshi has 120 seconds left.
|
|t:|1769392476
|move|p1a: Great Tusk|Knock Off|p2a: Oz Smith
|-crit|p2a: Oz Smith
|-damage|p2a: Oz Smith|83/100
|move|p2a: Oz Smith|Roost|p2a: Oz Smith
|-heal|p2a: Oz Smith|100/100
|-singleturn|p2a: Oz Smith|move: Roost
|
|upkeep
|turn|29
|
|t:|1769392485
|move|p1a: Great Tusk|Knock Off|p2a: Oz Smith
|-damage|p2a: Oz Smith|88/100
|move|p2a: Oz Smith|Body Press|p1a: Great Tusk
|-damage|p1a: Great Tusk|83/100
|
|-heal|p1a: Great Tusk|89/100|[from] Grassy Terrain
|upkeep
|turn|30
|
|t:|1769392491
|switch|p2a: Ayami Sato|Primarina, F, shiny|73/100
|-damage|p2a: Ayami Sato|61/100|[from] Stealth Rock
|move|p1a: Great Tusk|Knock Off|p2a: Ayami Sato
|-resisted|p2a: Ayami Sato
|-damage|p2a: Ayami Sato|48/100
|-enditem|p2a: Ayami Sato|Choice Scarf|[from] move: Knock Off|[of] p1a: Great Tusk
|
|-heal|p1a: Great Tusk|95/100|[from] Grassy Terrain
|-heal|p2a: Ayami Sato|54/100|[from] Grassy Terrain
|-fieldend|move: Grassy Terrain
|upkeep
|turn|31
|
|t:|1769392521
|move|p1a: Great Tusk|Earthquake|p2a: Ayami Sato
|-damage|p2a: Ayami Sato|18/100
|move|p2a: Ayami Sato|Psychic|p1a: Great Tusk
|-supereffective|p1a: Great Tusk
|-damage|p1a: Great Tusk|27/100
|
|upkeep
|turn|32
|inactive|Yaoshi has 120 seconds left.
|
|t:|1769392550
|move|p1a: Great Tusk|Earthquake|p2a: Ayami Sato
|-damage|p2a: Ayami Sato|0 fnt
|faint|p2a: Ayami Sato
|
|upkeep
|
|t:|1769392553
|switch|p2a: One Hit Wonder|Cinderace, F|100/100
|turn|33
|
|t:|1769392561
|move|p2a: One Hit Wonder|Zen Headbutt|p1a: Great Tusk
|-start|p2a: One Hit Wonder|typechange|Psychic|[from] ability: Libero
|-supereffective|p1a: Great Tusk
|-damage|p1a: Great Tusk|0 fnt
|faint|p1a: Great Tusk
|-end|p1a: Great Tusk|Protosynthesis|[silent]
|
|upkeep
|
|t:|1769392569
|switch|p1a: Rillaboom|Rillaboom, F|89/100
|-fieldstart|move: Grassy Terrain|[from] ability: Grassy Surge|[of] p1a: Rillaboom
|turn|34
|
|t:|1769392586
|switch|p2a: Oz Smith|Skarmory, F, shiny|88/100
|-damage|p2a: Oz Smith|76/100|[from] Stealth Rock
|move|p1a: Rillaboom|Grassy Glide|p2a: Oz Smith
|-resisted|p2a: Oz Smith
|-damage|p2a: Oz Smith|68/100
|
|-heal|p1a: Rillaboom|95/100|[from] Grassy Terrain
|upkeep
|turn|35
|
|t:|1769392603
|switch|p1a: ★|Suicune, shiny|100/100
|-ability|p1a: ★|Pressure
|move|p2a: Oz Smith|Roost|p2a: Oz Smith
|-heal|p2a: Oz Smith|100/100
|-singleturn|p2a: Oz Smith|move: Roost
|
|upkeep
|turn|36
|
|t:|1769392617
|switch|p2a: Homerun|Snorlax, F, shiny|32/100
|-damage|p2a: Homerun|20/100|[from] Stealth Rock
|move|p1a: ★|Substitute|p1a: ★
|-start|p1a: ★|Substitute
|-damage|p1a: ★|75/100
|
|-heal|p1a: ★|82/100|[from] Grassy Terrain
|-heal|p1a: ★|88/100|[from] item: Leftovers
|-heal|p2a: Homerun|26/100|[from] Grassy Terrain
|upkeep
|turn|37
|
|t:|1769392627
|move|p1a: ★|Scald|p2a: Homerun
|-damage|p2a: Homerun|15/100
|move|p2a: Homerun|Recycle|p2a: Homerun
|-item|p2a: Homerun|Figy Berry|[from] move: Recycle
|-enditem|p2a: Homerun|Figy Berry|[eat]
|-heal|p2a: Homerun|48/100|[from] item: Figy Berry
|
|-heal|p1a: ★|94/100|[from] Grassy Terrain
|-heal|p1a: ★|99/100|[from] item: Leftovers
|-heal|p2a: Homerun|54/100|[from] Grassy Terrain
|upkeep
|turn|38
|
|t:|1769392632
|move|p1a: ★|Calm Mind|p1a: ★
|-boost|p1a: ★|spa|1
|-boost|p1a: ★|spd|1
|move|p2a: Homerun|Recycle|p2a: Homerun
|-item|p2a: Homerun|Figy Berry|[from] move: Recycle
|
|-heal|p1a: ★|100/100|[from] Grassy Terrain
|-heal|p2a: Homerun|60/100|[from] Grassy Terrain
|-fieldend|move: Grassy Terrain
|upkeep
|turn|39
|
|t:|1769392638
|move|p1a: ★|Calm Mind|p1a: ★
|-boost|p1a: ★|spa|1
|-boost|p1a: ★|spd|1
|move|p2a: Homerun|Body Slam|p1a: ★
|-activate|p1a: ★|move: Substitute|[damage]
|
|upkeep
|turn|40
|
|t:|1769392645
|move|p1a: ★|Scald|p2a: Homerun
|-damage|p2a: Homerun|37/100
|-status|p2a: Homerun|brn
|-enditem|p2a: Homerun|Figy Berry|[eat]
|-heal|p2a: Homerun|71/100 brn|[from] item: Figy Berry
|move|p2a: Homerun|Body Slam|p1a: ★
|-end|p1a: ★|Substitute
|
|-damage|p2a: Homerun|64/100 brn|[from] brn
|upkeep
|turn|41
|
|t:|1769392652
|switch|p2a: One Hit Wonder|Cinderace, F|100/100
|move|p1a: ★|Scald|p2a: One Hit Wonder
|-supereffective|p2a: One Hit Wonder
|-damage|p2a: One Hit Wonder|0 fnt
|faint|p2a: One Hit Wonder
|
|upkeep
|
|t:|1769392654
|switch|p2a: Ohtani|Dragonite, M|100/100
|-damage|p2a: Ohtani|76/100|[from] Stealth Rock
|turn|42
|
|t:|1769392660
|-terastallize|p2a: Ohtani|Normal
|move|p1a: ★|Scald|p2a: Ohtani
|-damage|p2a: Ohtani|27/100
|move|p2a: Ohtani|Outrage|p1a: ★
|-damage|p1a: ★|35/100
|
|-heal|p1a: ★|41/100|[from] item: Leftovers
|upkeep
|turn|43
|
|t:|1769392670
|move|p1a: ★|Scald|p2a: Ohtani
|-damage|p2a: Ohtani|0 fnt
|faint|p2a: Ohtani
|
|-heal|p1a: ★|47/100|[from] item: Leftovers
|upkeep
|
|t:|1769392674
|switch|p2a: Babe Ruth|Darkrai, shiny|35/100
|-damage|p2a: Babe Ruth|22/100|[from] Stealth Rock
|turn|44
|
|t:|1769392682
|move|p1a: ★|Protect|p1a: ★
|-singleturn|p1a: ★|Protect
|move|p2a: Babe Ruth|Dark Pulse|p1a: ★
|-activate|p1a: ★|move: Protect
|
|-heal|p2a: Babe Ruth|28/100|[from] item: Leftovers
|-heal|p1a: ★|53/100|[from] item: Leftovers
|upkeep
|turn|45
|
|t:|1769392688
|move|p2a: Babe Ruth|Dark Pulse|p1a: ★
|-damage|p1a: ★|38/100
|move|p1a: ★|Scald|p2a: Babe Ruth
|-damage|p2a: Babe Ruth|0 fnt
|faint|p2a: Babe Ruth
|
|-heal|p1a: ★|44/100|[from] item: Leftovers
|upkeep
|-message|Yaoshi forfeited.
|
|win|opthebestkkj
|raw|opthebestkkj's rating: 1455 &rarr; <strong>1480</strong><br />(+25 for winning)
|raw|Yaoshi's rating: 1545 &rarr; <strong>1520</strong><br />(-25 for losing)
|c|☆opthebestkkj|gg
|l|☆Yaoshi
|player|p2|
|l|☆opthebestkkj
|player|p1|
|j|☆opthebestkkj
|player|p1|opthebestkkj|schoolkidf|
