|j|☆poloniumew
|j|‽munty12
|t:|1769310905
|gametype|singles
|player|p1|poloniumew|serena-masters3|1491
|player|p2|munty12|265|1414
|gen|9
|tier|[Gen 9] OU
|rated|
|rule|HP Percentage Mod: HP is shown in percentages
|rule|Endless Battle Clause: Forcing endless battles is banned
|rule|Species Clause: Limit one of each Pokémon
|rule|OHKO Clause: OHKO moves are banned
|rule|Evasion Items Clause: Evasion items are banned
|rule|Evasion Moves Clause: Evasion moves are banned
|rule|Evasion Abilities Clause: Evasion abilities are banned
|rule|Sleep Moves Clause: Sleep-inducing moves are banned
|clearpoke
|poke|p1|Kyurem|
|poke|p1|Zapdos|
|poke|p1|Alomomola, F|
|poke|p1|Slowking-Galar, M|
|poke|p1|Samurott-Hisui, M|
|poke|p1|Great Tusk|
|poke|p2|Gallade, M|
|poke|p2|Rotom-Wash|
|poke|p2|Empoleon, F|
|poke|p2|Breloom, M|
|poke|p2|Palossand, M|
|poke|p2|Scizor, M|
|teampreview
|inactive|Battle timer is ON: inactive players will automatically lose when time's up. (requested by poloniumew)
|
|t:|1769310934
|teamsize|p1|6
|teamsize|p2|6
|start
|switch|p1a: Zapdos|Zapdos|100/100
|switch|p2a: Rotom|Rotom-Wash|100/100
|turn|1
|
|t:|1769310938
|move|p2a: Rotom|Thunderbolt|p1a: Zapdos
|-crit|p1a: Zapdos
|-damage|p1a: Zapdos|13/100
|move|p1a: Zapdos|Volt Switch|p2a: Rotom
|-damage|p2a: Rotom|65/100
|
|t:|1769310948
|switch|p1a: Slowking|Slowking-Galar, M|100/100|[from] Volt Switch
|
|upkeep
|turn|2
|
|t:|1769310954
|switch|p2a: Scizor|Scizor, M|100/100
|-prepare|p1a: Slowking|Chilly Reception|[premajor]
|move|p1a: Slowking|Chilly Reception|p1a: Slowking
|-weather|Snowscape
|
|t:|1769310963
|switch|p1a: Alomomola|Alomomola, F|100/100|[from] Chilly Reception
|
|-weather|Snowscape|[upkeep]
|upkeep
|turn|3
|
|t:|1769310968
|move|p2a: Scizor|Knock Off|p1a: Alomomola
|-damage|p1a: Alomomola|80/100
|-enditem|p1a: Alomomola|Heavy-Duty Boots|[from] move: Knock Off|[of] p2a: Scizor
|move|p1a: Alomomola|Flip Turn|p2a: Scizor
|-damage|p2a: Scizor|83/100
|
|t:|1769310975
|switch|p1a: Great Tusk|Great Tusk|100/100|[from] Flip Turn
|
|-weather|Snowscape|[upkeep]
|-heal|p2a: Scizor|90/100|[from] item: Leftovers
|upkeep
|turn|4
|
|t:|1769310983
|-end|p1a: Great Tusk|Protosynthesis|[silent]
|switch|p1a: Alomomola|Alomomola, F|100/100
|move|p2a: Scizor|U-turn|p1a: Alomomola
|-damage|p1a: Alomomola|80/100
|
|t:|1769310988
|switch|p2a: Rotom|Rotom-Wash|65/100|[from] U-turn
|
|-weather|Snowscape|[upkeep]
|upkeep
|turn|5
|
|t:|1769310996
|move|p1a: Alomomola|Protect|p1a: Alomomola
|-singleturn|p1a: Alomomola|Protect
|move|p2a: Rotom|Trick|p1a: Alomomola
|-activate|p1a: Alomomola|move: Protect
|
|-weather|Snowscape|[upkeep]
|upkeep
|turn|6
|
|t:|1769311016
|switch|p2a: Scizor|Scizor, M|90/100
|switch|p1a: Kyurem|Kyurem|100/100
|-ability|p1a: Kyurem|Pressure
|
|-weather|none
|-heal|p2a: Scizor|96/100|[from] item: Leftovers
|upkeep
|turn|7
|
|t:|1769311022
|switch|p1a: Alomomola|Alomomola, F|100/100
|move|p2a: Scizor|Bullet Punch|p1a: Alomomola
|-resisted|p1a: Alomomola
|-damage|p1a: Alomomola|91/100
|
|-heal|p2a: Scizor|100/100|[from] item: Leftovers
|upkeep
|turn|8
|
|t:|1769311028
|move|p2a: Scizor|U-turn|p1a: Alomomola
|-damage|p1a: Alomomola|68/100
|
|t:|1769311031
|switch|p2a: Rotom|Rotom-Wash|65/100|[from] U-turn
|move|p1a: Alomomola|Flip Turn|p2a: Rotom
|-resisted|p2a: Rotom
|-damage|p2a: Rotom|53/100
|
|t:|1769311036
|switch|p1a: Great Tusk|Great Tusk|100/100|[from] Flip Turn
|
|upkeep
|turn|9
|
|t:|1769311040
|move|p1a: Great Tusk|Close Combat|p2a: Rotom
|-damage|p2a: Rotom|0 fnt
|-unboost|p1a: Great Tusk|def|1
|-unboost|p1a: Great Tusk|spd|1
|faint|p2a: Rotom
|
|upkeep
|
|t:|1769311051
|switch|p2a: Gallade|Gallade, M, shiny|100/100
|turn|10
|
|t:|1769311059
|-end|p1a: Great Tusk|Protosynthesis|[silent]
|switch|p1a: Alomomola|Alomomola, F|100/100
|move|p2a: Gallade|Psycho Cut|p1a: Alomomola
|-damage|p1a: Alomomola|70/100
|
|upkeep
|turn|11
|
|t:|1769311063
|switch|p2a: Breloom|Breloom, M|100/100
|move|p1a: Alomomola|Wish|p1a: Alomomola
|
|upkeep
|turn|12
|
|t:|1769311073
|switch|p1a: Kyurem|Kyurem|100/100
|-ability|p1a: Kyurem|Pressure
|move|p2a: Breloom|Rock Tomb|p1a: Kyurem
|-supereffective|p1a: Kyurem
|-damage|p1a: Kyurem|7/100
|-unboost|p1a: Kyurem|spe|1
|
|-heal|p1a: Kyurem|73/100|[from] move: Wish|[wisher] Alomomola
|-heal|p1a: Kyurem|79/100|[from] item: Leftovers
|upkeep
|turn|13
|
|t:|1769311083
|move|p1a: Kyurem|Protect|p1a: Kyurem
|-singleturn|p1a: Kyurem|Protect
|move|p2a: Breloom|Rock Tomb|p1a: Kyurem
|-activate|p1a: Kyurem|move: Protect
|
|-heal|p1a: Kyurem|85/100|[from] item: Leftovers
|upkeep
|turn|14
|
|t:|1769311090
|switch|p1a: Alomomola|Alomomola, F|100/100
|move|p2a: Breloom|Rock Tomb|p1a: Alomomola
|-damage|p1a: Alomomola|73/100
|-unboost|p1a: Alomomola|spe|1
|
|upkeep
|turn|15
|
|t:|1769311105
|switch|p2a: Empoleon|Empoleon, F|100/100
|move|p1a: Alomomola|Protect||[still]
|-fail|p1a: Alomomola
|
|upkeep
|turn|16
|
|t:|1769311111
|move|p2a: Empoleon|Flash Cannon|p1a: Alomomola
|-resisted|p1a: Alomomola
|-crit|p1a: Alomomola
|-damage|p1a: Alomomola|39/100
|move|p1a: Alomomola|Flip Turn|p2a: Empoleon
|-resisted|p2a: Empoleon
|-damage|p2a: Empoleon|91/100
|
|t:|1769311115
|switch|p1a: Zapdos|Zapdos|13/100|[from] Flip Turn
|
|upkeep
|turn|17
|
|t:|1769311119
|move|p1a: Zapdos|Volt Switch|p2a: Empoleon
|-supereffective|p2a: Empoleon
|-damage|p2a: Empoleon|62/100
|
|t:|1769311123
|switch|p1a: Slowking|Slowking-Galar, M|100/100|[from] Volt Switch
|move|p2a: Empoleon|Ice Beam|p1a: Slowking
|-damage|p1a: Slowking|85/100
|
|upkeep
|turn|18
|
|t:|1769311129
|move|p2a: Empoleon|Flip Turn|p1a: Slowking
|-damage|p1a: Slowking|66/100
|
|t:|1769311132
|switch|p2a: Scizor|Scizor, M|100/100|[from] Flip Turn
|move|p1a: Slowking|Toxic Spikes|p2a: Scizor
|-sidestart|p2: munty12|move: Toxic Spikes
|
|upkeep
|turn|19
|
|t:|1769311135
|switch|p1a: Alomomola|Alomomola, F|72/100
|move|p2a: Scizor|Knock Off|p1a: Alomomola
|-damage|p1a: Alomomola|59/100
|
|upkeep
|turn|20
|
|t:|1769311141
|move|p2a: Scizor|U-turn|p1a: Alomomola
|-damage|p1a: Alomomola|39/100
|
|t:|1769311148
|switch|p2a: Empoleon|Empoleon, F|62/100|[from] U-turn
|move|p1a: Alomomola|Flip Turn|p2a: Empoleon
|-resisted|p2a: Empoleon
|-damage|p2a: Empoleon|51/100
|
|t:|1769311154
|switch|p1a: Zapdos|Zapdos|13/100|[from] Flip Turn
|
|upkeep
|turn|21
|
|t:|1769311157
|move|p1a: Zapdos|Volt Switch|p2a: Empoleon
|-supereffective|p2a: Empoleon
|-damage|p2a: Empoleon|18/100
|
|t:|1769311161
|switch|p1a: Slowking|Slowking-Galar, M|99/100|[from] Volt Switch
|move|p2a: Empoleon|Ice Beam|p1a: Slowking
|-damage|p1a: Slowking|82/100
|
|upkeep
|turn|22
|-message|munty12 forfeited.
|
|win|poloniumew
|raw|poloniumew's rating: 1491 &rarr; <strong>1507</strong><br />(+16 for winning)
|raw|munty12's rating: 1414 &rarr; <strong>1398</strong><br />(-16 for losing)
|l|‽munty12
|player|p2|
|l|☆poloniumew
|player|p1|
