|j|☆kameron35
|j|☆oi wveie83
|t:|1769421182
|gametype|singles
|player|p1|kameron35|1|1311
|player|p2|oi wveie83|yellow|1292
|gen|9
|tier|[Gen 9] OU
|rated|
|rule|HP Percentage Mod: HP is shown in percentages
|rule|Endless Battle Clause: Forcing endless battles is banned
|rule|Species Clause: Limit one of each Pokémon
|rule|OHKO Clause: OHKO moves are banned
|rule|Evasion Items Clause: Evasion items are banned
|rule|Evasion Moves Clause: Evasion moves are banned
|rule|Evasion Abilities Clause: Evasion abilities are banned
|rule|Sleep Moves Clause: Sleep-inducing moves are banned
|clearpoke
|poke|p1|Grimmsnarl, M|
|poke|p1|Iron Treads|
|poke|p1|Raging Bolt|
|poke|p1|Deoxys-Speed|
|poke|p1|Ogerpon-Wellspring, F|
|poke|p1|Ceruledge, M|
|poke|p2|Araquanid, F|
|poke|p2|Volcanion|
|poke|p2|Great Tusk|
|poke|p2|Raging Bolt|
|poke|p2|Enamorus, F|
|poke|p2|Tauros, M|
|teampreview
|inactive|Battle timer is ON: inactive players will automatically lose when time's up. (requested by oi wveie83)
|
|t:|1769421191
|teamsize|p1|6
|teamsize|p2|6
|start
|switch|p1a: Raging Bolt|Raging Bolt|100/100
|switch|p2a: Araquanid|Araquanid, F, shiny|100/100
|-enditem|p1a: Raging Bolt|Booster Energy
|-activate|p1a: Raging Bolt|ability: Protosynthesis|[fromitem]
|-start|p1a: Raging Bolt|protosynthesisspa
|turn|1
|
|t:|1769421196
|move|p1a: Raging Bolt|Thunderbolt|p2a: Araquanid
|-supereffective|p2a: Araquanid
|-enditem|p2a: Araquanid|Focus Sash
|-damage|p2a: Araquanid|1/100
|move|p2a: Araquanid|Sticky Web|p1a: Raging Bolt
|-sidestart|p1: kameron35|move: Sticky Web
|
|upkeep
|turn|2
|
|t:|1769421207
|move|p1a: Raging Bolt|Dragon Pulse|p2a: Araquanid
|-crit|p2a: Araquanid
|-damage|p2a: Araquanid|0 fnt
|faint|p2a: Araquanid
|
|upkeep
|
|t:|1769421212
|switch|p2a: Enamorus|Enamorus, F|100/100
|turn|3
|
|t:|1769421221
|-terastallize|p2a: Enamorus|Ground
|move|p1a: Raging Bolt|Thunderclap|p2a: Enamorus
|-immune|p2a: Enamorus
|move|p2a: Enamorus|Earth Power|p1a: Raging Bolt
|-supereffective|p1a: Raging Bolt
|-damage|p1a: Raging Bolt|8/100
|
|upkeep
|turn|4
|
|t:|1769421229
|-end|p1a: Raging Bolt|Protosynthesis|[silent]
|switch|p1a: Grimmsnarl|Grimmsnarl, M, shiny|100/100
|-activate|p1a: Grimmsnarl|move: Sticky Web
|-unboost|p1a: Grimmsnarl|spe|1
|move|p2a: Enamorus|Moonblast|p1a: Grimmsnarl
|-supereffective|p1a: Grimmsnarl
|-crit|p1a: Grimmsnarl
|-damage|p1a: Grimmsnarl|0 fnt
|faint|p1a: Grimmsnarl
|
|upkeep
|
|t:|1769421233
|switch|p1a: Iron Treads|Iron Treads, shiny|100/100
|-activate|p1a: Iron Treads|move: Sticky Web
|-unboost|p1a: Iron Treads|spe|1
|-enditem|p1a: Iron Treads|Booster Energy
|-activate|p1a: Iron Treads|ability: Quark Drive|[fromitem]
|-start|p1a: Iron Treads|quarkdrivedef
|turn|5
|inactive|kameron35 has 120 seconds left.
|
|t:|1769421269
|-terastallize|p1a: Iron Treads|Ghost
|move|p2a: Enamorus|Earth Power|p1a: Iron Treads
|-damage|p1a: Iron Treads|36/100
|move|p1a: Iron Treads|Rapid Spin|p2a: Enamorus
|-damage|p2a: Enamorus|84/100
|-boost|p1a: Iron Treads|spe|1
|-sideend|p1: kameron35|Sticky Web|[from] move: Rapid Spin|[of] p1a: Iron Treads
|
|upkeep
|turn|6
|inactive|kameron35 has 120 seconds left.
|
|t:|1769421285
|move|p1a: Iron Treads|Stealth Rock|p2a: Enamorus
|-sidestart|p2: oi wveie83|move: Stealth Rock
|move|p2a: Enamorus|Moonblast|p1a: Iron Treads
|-damage|p1a: Iron Treads|0 fnt
|faint|p1a: Iron Treads
|-end|p1a: Iron Treads|Quark Drive|[silent]
|
|upkeep
|
|t:|1769421290
|switch|p1a: Ogerpon|Ogerpon-Wellspring, F|100/100
|turn|7
|
|t:|1769421295
|switch|p2a: Volcanion|Volcanion|100/100
|move|p1a: Ogerpon|Trailblaze|p2a: Volcanion
|-damage|p2a: Volcanion|75/100
|-boost|p1a: Ogerpon|spe|1
|
|upkeep
|turn|8
|inactive|kameron35 has 120 seconds left.
|
|t:|1769421310
|move|p1a: Ogerpon|Swords Dance|p1a: Ogerpon
|-boost|p1a: Ogerpon|atk|2
|move|p2a: Volcanion|Sludge Wave|p1a: Ogerpon
|-supereffective|p1a: Ogerpon
|-damage|p1a: Ogerpon|13/100
|
|upkeep
|turn|9
|inactive|kameron35 has 120 seconds left.
|
|t:|1769421332
|move|p1a: Ogerpon|Trailblaze|p2a: Volcanion
|-damage|p2a: Volcanion|23/100
|-boost|p1a: Ogerpon|spe|1
|move|p2a: Volcanion|Flamethrower|p1a: Ogerpon
|-damage|p1a: Ogerpon|0 fnt
|faint|p1a: Ogerpon
|
|upkeep
|inactive|kameron35 has 90 seconds left.
|
|t:|1769421353
|switch|p1a: Deoxys|Deoxys-Speed, shiny|100/100
|-ability|p1a: Deoxys|Pressure
|turn|10
|
|t:|1769421359
|move|p1a: Deoxys|Psycho Boost|p2a: Volcanion
|-crit|p2a: Volcanion
|-damage|p2a: Volcanion|0 fnt
|-unboost|p1a: Deoxys|spa|2
|faint|p2a: Volcanion
|
|upkeep
|
|t:|1769421364
|switch|p2a: Tauros|Tauros, M, shiny|100/100
|-damage|p2a: Tauros|88/100|[from] Stealth Rock
|turn|11
|
|t:|1769421370
|switch|p1a: Ceruledge|Ceruledge, M, shiny|100/100
|move|p2a: Tauros|Throat Chop|p1a: Ceruledge
|-supereffective|p1a: Ceruledge
|-damage|p1a: Ceruledge|5/100
|-ability|p1a: Ceruledge|Weak Armor|boost
|-unboost|p1a: Ceruledge|def|1
|-boost|p1a: Ceruledge|spe|2
|
|upkeep
|turn|12
|
|t:|1769421380
|move|p1a: Ceruledge|Bitter Blade|p2a: Tauros
|-damage|p2a: Tauros|11/100
|-heal|p1a: Ceruledge|41/100|[from] drain|[of] p2a: Tauros
|-damage|p1a: Ceruledge|31/100|[from] item: Life Orb
|move|p2a: Tauros|Throat Chop|p1a: Ceruledge
|-supereffective|p1a: Ceruledge
|-damage|p1a: Ceruledge|0 fnt
|faint|p1a: Ceruledge
|
|upkeep
|
|t:|1769421390
|switch|p1a: Deoxys|Deoxys-Speed, shiny|100/100
|-ability|p1a: Deoxys|Pressure
|turn|13
|
|t:|1769421399
|move|p1a: Deoxys|Focus Blast|p2a: Tauros
|-supereffective|p2a: Tauros
|-damage|p2a: Tauros|0 fnt
|faint|p2a: Tauros
|
|upkeep
|
|t:|1769421402
|switch|p2a: Raging Bolt|Raging Bolt|100/100
|-damage|p2a: Raging Bolt|88/100|[from] Stealth Rock
|-enditem|p2a: Raging Bolt|Booster Energy
|-activate|p2a: Raging Bolt|ability: Protosynthesis|[fromitem]
|-start|p2a: Raging Bolt|protosynthesisspa
|turn|14
|
|t:|1769421406
|move|p1a: Deoxys|Nasty Plot|p1a: Deoxys
|-boost|p1a: Deoxys|spa|2
|move|p2a: Raging Bolt|Calm Mind|p2a: Raging Bolt
|-boost|p2a: Raging Bolt|spa|1
|-boost|p2a: Raging Bolt|spd|1
|
|upkeep
|turn|15
|
|t:|1769421412
|move|p2a: Raging Bolt|Thunderclap|p1a: Deoxys
|-damage|p1a: Deoxys|0 fnt
|faint|p1a: Deoxys
|
|upkeep
|-message|kameron35 forfeited.
|
|win|oi wveie83
|raw|kameron35's rating: 1311 &rarr; <strong>1290</strong><br />(-21 for losing)
|raw|oi wveie83's rating: 1292 &rarr; <strong>1318</strong><br />(+26 for winning)
|l|☆kameron35
|player|p1|
|l|☆oi wveie83
|player|p2|
