|j|☆Dionaeamuscipul
|j|☆Dwagonpro18
|t:|1769416106
|gametype|singles
|player|p1|Dionaeamuscipul|1|1299
|player|p2|Dwagonpro18|riley|1345
|gen|9
|tier|[Gen 9] OU
|rated|
|rule|HP Percentage Mod: HP is shown in percentages
|rule|Endless Battle Clause: Forcing endless battles is banned
|rule|Species Clause: Limit one of each Pokémon
|rule|OHKO Clause: OHKO moves are banned
|rule|Evasion Items Clause: Evasion items are banned
|rule|Evasion Moves Clause: Evasion moves are banned
|rule|Evasion Abilities Clause: Evasion abilities are banned
|rule|Sleep Moves Clause: Sleep-inducing moves are banned
|clearpoke
|poke|p1|Heatran, M|
|poke|p1|Scream Tail|
|poke|p1|Raikou|
|poke|p1|Muk-Alola, M|
|poke|p1|Latios, M|
|poke|p1|Slowbro-Galar, F|
|poke|p2|Walking Wake|
|poke|p2|Tatsugiri-Droopy, F|
|poke|p2|Raging Bolt|
|poke|p2|Hydrapple, F|
|poke|p2|Dragonite, F|
|poke|p2|Dragapult, F|
|teampreview
|inactive|Battle timer is ON: inactive players will automatically lose when time's up. (requested by Dwagonpro18)
|
|t:|1769416111
|teamsize|p1|6
|teamsize|p2|6
|start
|switch|p1a: Muk|Muk-Alola, M|100/100
|switch|p2a: Dragapult|Dragapult, F|100/100
|turn|1
|
|t:|1769416115
|move|p2a: Dragapult|Will-O-Wisp|p1a: Muk
|-status|p1a: Muk|brn
|move|p1a: Muk|Knock Off|p2a: Dragapult
|-supereffective|p2a: Dragapult
|-damage|p2a: Dragapult|42/100
|-enditem|p2a: Dragapult|Leftovers|[from] move: Knock Off|[of] p1a: Muk
|
|-damage|p1a: Muk|94/100 brn|[from] brn
|upkeep
|turn|2
|
|t:|1769416130
|switch|p2a: Tatsugiri|Tatsugiri-Droopy, F|100/100
|move|p1a: Muk|Knock Off|p2a: Tatsugiri
|-damage|p2a: Tatsugiri|77/100
|-status|p2a: Tatsugiri|psn|[from] ability: Poison Touch|[of] p1a: Muk
|-enditem|p2a: Tatsugiri|Heavy-Duty Boots|[from] move: Knock Off|[of] p1a: Muk
|
|-damage|p2a: Tatsugiri|64/100 psn|[from] psn
|-damage|p1a: Muk|88/100 brn|[from] brn
|upkeep
|turn|3
|
|t:|1769416137
|move|p2a: Tatsugiri|Taunt|p1a: Muk
|-start|p1a: Muk|move: Taunt
|move|p1a: Muk|Gunk Shot|p2a: Tatsugiri
|-damage|p2a: Tatsugiri|31/100 psn
|
|-damage|p2a: Tatsugiri|19/100 psn|[from] psn
|-damage|p1a: Muk|82/100 brn|[from] brn
|upkeep
|turn|4
|
|t:|1769416145
|move|p1a: Muk|Shadow Sneak|p2a: Tatsugiri
|-damage|p2a: Tatsugiri|11/100 psn
|move|p2a: Tatsugiri|Memento|p1a: Muk
|-unboost|p1a: Muk|atk|2
|-unboost|p1a: Muk|spa|2
|faint|p2a: Tatsugiri
|
|-damage|p1a: Muk|76/100 brn|[from] brn
|upkeep
|
|t:|1769416150
|switch|p2a: Dragonite|Dragonite, F|100/100
|turn|5
|
|t:|1769416155
|-terastallize|p2a: Dragonite|Normal
|move|p2a: Dragonite|Encore|p1a: Muk
|-start|p1a: Muk|Encore
|move|p1a: Muk|Shadow Sneak|p2a: Dragonite
|-immune|p2a: Dragonite
|
|-damage|p1a: Muk|70/100 brn|[from] brn
|-end|p1a: Muk|move: Taunt
|upkeep
|turn|6
|
|t:|1769416167
|switch|p1a: Slowbro|Slowbro-Galar, F|100/100
|move|p2a: Dragonite|Dragon Dance|p2a: Dragonite
|-boost|p2a: Dragonite|atk|1
|-boost|p2a: Dragonite|spe|1
|
|upkeep
|turn|7
|-activate|p1a: Slowbro|ability: Quick Draw
|
|t:|1769416172
|move|p1a: Slowbro|Shell Side Arm|p2a: Dragonite|[anim] Shell Side Arm Physical
|-damage|p2a: Dragonite|78/100
|-hint|Physical Shell Side Arm
|move|p2a: Dragonite|Earthquake|p1a: Slowbro
|-supereffective|p1a: Slowbro
|-damage|p1a: Slowbro|0 fnt
|faint|p1a: Slowbro
|
|upkeep
|
|t:|1769416181
|switch|p1a: Heatran|Heatran, M|100/100
|turn|8
|
|t:|1769416187
|-terastallize|p1a: Heatran|Flying
|move|p1a: Heatran|Tera Blast|p2a: Dragonite|[anim] Tera Blast Flying
|-damage|p2a: Dragonite|32/100
|move|p2a: Dragonite|Earthquake|p1a: Heatran
|-immune|p1a: Heatran
|
|upkeep
|turn|9
|
|t:|1769416194
|move|p2a: Dragonite|Extreme Speed|p1a: Heatran
|-damage|p1a: Heatran|19/100
|move|p1a: Heatran|Tera Blast|p2a: Dragonite|[anim] Tera Blast Flying
|-damage|p2a: Dragonite|0 fnt
|faint|p2a: Dragonite
|
|upkeep
|
|t:|1769416205
|switch|p2a: Raging Bolt|Raging Bolt|100/100
|turn|10
|
|t:|1769416208
|switch|p1a: Muk|Muk-Alola, M|70/100 brn
|move|p2a: Raging Bolt|Calm Mind|p2a: Raging Bolt
|-boost|p2a: Raging Bolt|spa|1
|-boost|p2a: Raging Bolt|spd|1
|
|-damage|p1a: Muk|64/100 brn|[from] brn
|upkeep
|turn|11
|
|t:|1769416214
|move|p2a: Raging Bolt|Thunderbolt|p1a: Muk
|-damage|p1a: Muk|19/100 brn
|move|p1a: Muk|Knock Off|p2a: Raging Bolt
|-damage|p2a: Raging Bolt|81/100
|-enditem|p2a: Raging Bolt|Leftovers|[from] move: Knock Off|[of] p1a: Muk
|
|-damage|p1a: Muk|13/100 brn|[from] brn
|upkeep
|turn|12
|
|t:|1769416220
|move|p1a: Muk|Shadow Sneak|p2a: Raging Bolt
|-damage|p2a: Raging Bolt|76/100
|move|p2a: Raging Bolt|Calm Mind|p2a: Raging Bolt
|-boost|p2a: Raging Bolt|spa|1
|-boost|p2a: Raging Bolt|spd|1
|
|-damage|p1a: Muk|7/100 brn|[from] brn
|upkeep
|turn|13
|
|t:|1769416224
|move|p1a: Muk|Shadow Sneak|p2a: Raging Bolt
|-damage|p2a: Raging Bolt|71/100
|move|p2a: Raging Bolt|Calm Mind|p2a: Raging Bolt
|-boost|p2a: Raging Bolt|spa|1
|-boost|p2a: Raging Bolt|spd|1
|
|-damage|p1a: Muk|1/100 brn|[from] brn
|upkeep
|turn|14
|
|t:|1769416227
|move|p1a: Muk|Shadow Sneak|p2a: Raging Bolt
|-damage|p2a: Raging Bolt|66/100
|move|p2a: Raging Bolt|Calm Mind|p2a: Raging Bolt
|-boost|p2a: Raging Bolt|spa|1
|-boost|p2a: Raging Bolt|spd|1
|
|-damage|p1a: Muk|0 fnt|[from] brn
|faint|p1a: Muk
|upkeep
|
|t:|1769416234
|switch|p1a: Scream Tail|Scream Tail|100/100
|turn|15
|
|t:|1769416237
|move|p1a: Scream Tail|Encore|p2a: Raging Bolt
|-start|p2a: Raging Bolt|Encore
|move|p2a: Raging Bolt|Calm Mind|p2a: Raging Bolt
|-boost|p2a: Raging Bolt|spa|1
|-boost|p2a: Raging Bolt|spd|1
|
|upkeep
|turn|16
|
|t:|1769416258
|-end|p1a: Scream Tail|Protosynthesis|[silent]
|switch|p1a: Latios|Latios, M|100/100
|move|p2a: Raging Bolt|Calm Mind|p2a: Raging Bolt
|-boost|p2a: Raging Bolt|spa|1
|-boost|p2a: Raging Bolt|spd|1
|
|upkeep
|turn|17
|
|t:|1769416262
|move|p1a: Latios|Ice Beam|p2a: Raging Bolt
|-supereffective|p2a: Raging Bolt
|-damage|p2a: Raging Bolt|52/100
|move|p2a: Raging Bolt|Calm Mind|p2a: Raging Bolt
|-boost|p2a: Raging Bolt|spa|0
|-boost|p2a: Raging Bolt|spd|0
|
|-end|p2a: Raging Bolt|Encore
|upkeep
|turn|18
|
|t:|1769416275
|move|p1a: Latios|Ice Beam|p2a: Raging Bolt
|-supereffective|p2a: Raging Bolt
|-damage|p2a: Raging Bolt|37/100
|move|p2a: Raging Bolt|Thunderbolt|p1a: Latios
|-resisted|p1a: Latios
|-damage|p1a: Latios|20/100
|
|upkeep
|turn|19
|
|t:|1769416279
|move|p2a: Raging Bolt|Thunderclap|p1a: Latios
|-resisted|p1a: Latios
|-damage|p1a: Latios|0 fnt
|faint|p1a: Latios
|
|upkeep
|
|t:|1769416282
|switch|p1a: Scream Tail|Scream Tail|100/100
|turn|20
|
|t:|1769416289
|-end|p2a: Raging Bolt|Protosynthesis|[silent]
|switch|p2a: Dragapult|Dragapult, F|42/100
|move|p1a: Scream Tail|Encore||[still]
|-fail|p1a: Scream Tail
|
|upkeep
|turn|21
|
|t:|1769416294
|move|p2a: Dragapult|Thunder Wave|p1a: Scream Tail
|-status|p1a: Scream Tail|par
|cant|p1a: Scream Tail|par
|
|upkeep
|turn|22
|
|t:|1769416308
|switch|p2a: Hydrapple|Hydrapple, F|100/100
|cant|p1a: Scream Tail|par
|
|upkeep
|turn|23
|
|t:|1769416312
|move|p1a: Scream Tail|Thunder Wave|p2a: Hydrapple
|-status|p2a: Hydrapple|par
|move|p2a: Hydrapple|Infestation|p1a: Scream Tail
|-damage|p1a: Scream Tail|97/100 par
|-activate|p1a: Scream Tail|move: Infestation|[of] p2a: Hydrapple
|
|-heal|p1a: Scream Tail|100/100 par|[from] item: Leftovers
|-damage|p1a: Scream Tail|88/100 par|[from] move: Infestation|[partiallytrapped]
|upkeep
|turn|24
|
|t:|1769416318
|move|p1a: Scream Tail|Encore|p2a: Hydrapple
|-start|p2a: Hydrapple|Encore
|move|p2a: Hydrapple|Infestation|p1a: Scream Tail
|-damage|p1a: Scream Tail|84/100 par
|
|-heal|p1a: Scream Tail|91/100 par|[from] item: Leftovers
|-damage|p1a: Scream Tail|78/100 par|[from] move: Infestation|[partiallytrapped]
|upkeep
|turn|25
|
|t:|1769416326
|move|p1a: Scream Tail|Dazzling Gleam|p2a: Hydrapple
|-supereffective|p2a: Hydrapple
|-damage|p2a: Hydrapple|82/100 par
|cant|p2a: Hydrapple|par
|
|-heal|p1a: Scream Tail|84/100 par|[from] item: Leftovers
|-damage|p1a: Scream Tail|72/100 par|[from] move: Infestation|[partiallytrapped]
|upkeep
|turn|26
|
|t:|1769416330
|move|p1a: Scream Tail|Dazzling Gleam|p2a: Hydrapple
|-supereffective|p2a: Hydrapple
|-damage|p2a: Hydrapple|63/100 par
|cant|p2a: Hydrapple|par
|
|-heal|p1a: Scream Tail|78/100 par|[from] item: Leftovers
|-damage|p1a: Scream Tail|66/100 par|[from] move: Infestation|[partiallytrapped]
|-end|p2a: Hydrapple|Encore
|upkeep
|turn|27
|
|t:|1769416333
|move|p1a: Scream Tail|Dazzling Gleam|p2a: Hydrapple
|-supereffective|p2a: Hydrapple
|-damage|p2a: Hydrapple|45/100 par
|cant|p2a: Hydrapple|par
|
|-heal|p1a: Scream Tail|72/100 par|[from] item: Leftovers
|-end|p1a: Scream Tail|Infestation|[partiallytrapped]
|upkeep
|turn|28
|
|t:|1769416338
|cant|p1a: Scream Tail|par
|move|p2a: Hydrapple|Infestation|p1a: Scream Tail
|-damage|p1a: Scream Tail|68/100 par
|-activate|p1a: Scream Tail|move: Infestation|[of] p2a: Hydrapple
|
|-heal|p1a: Scream Tail|74/100 par|[from] item: Leftovers
|-damage|p1a: Scream Tail|62/100 par|[from] move: Infestation|[partiallytrapped]
|upkeep
|turn|29
|
|t:|1769416341
|move|p1a: Scream Tail|Dazzling Gleam|p2a: Hydrapple
|-supereffective|p2a: Hydrapple
|-damage|p2a: Hydrapple|28/100 par
|move|p2a: Hydrapple|Energy Ball|p1a: Scream Tail
|-damage|p1a: Scream Tail|37/100 par
|
|-heal|p1a: Scream Tail|43/100 par|[from] item: Leftovers
|-damage|p1a: Scream Tail|30/100 par|[from] move: Infestation|[partiallytrapped]
|upkeep
|turn|30
|
|t:|1769416346
|move|p1a: Scream Tail|Dazzling Gleam|p2a: Hydrapple
|-supereffective|p2a: Hydrapple
|-damage|p2a: Hydrapple|8/100 par
|move|p2a: Hydrapple|Energy Ball|p1a: Scream Tail
|-crit|p1a: Scream Tail
|-damage|p1a: Scream Tail|0 fnt
|faint|p1a: Scream Tail
|-end|p1a: Scream Tail|Protosynthesis|[silent]
|
|upkeep
|
|t:|1769416350
|switch|p1a: Raikou|Raikou|100/100
|-ability|p1a: Raikou|Pressure
|-item|p1a: Raikou|Air Balloon
|turn|31
|
|t:|1769416356
|move|p1a: Raikou|Calm Mind|p1a: Raikou
|-boost|p1a: Raikou|spa|1
|-boost|p1a: Raikou|spd|1
|cant|p2a: Hydrapple|par
|
|upkeep
|turn|32
|
|t:|1769416369
|move|p1a: Raikou|Calm Mind|p1a: Raikou
|-boost|p1a: Raikou|spa|1
|-boost|p1a: Raikou|spd|1
|cant|p2a: Hydrapple|par
|
|upkeep
|turn|33
|
|t:|1769416373
|move|p1a: Raikou|Thunderbolt|p2a: Hydrapple
|-resisted|p2a: Hydrapple
|-damage|p2a: Hydrapple|0 fnt
|faint|p2a: Hydrapple
|
|upkeep
|
|t:|1769416391
|switch|p2a: Dragapult|Dragapult, F|42/100
|turn|34
|
|t:|1769416404
|move|p2a: Dragapult|Dragon Darts|p1a: Raikou
|-damage|p1a: Raikou|75/100
|-enditem|p1a: Raikou|Air Balloon
|-anim|p2a: Dragapult|Dragon Darts|p1a: Raikou
|-damage|p1a: Raikou|50/100
|move|p1a: Raikou|Thunderbolt|p2a: Dragapult
|-resisted|p2a: Dragapult
|-damage|p2a: Dragapult|0 fnt
|faint|p2a: Dragapult
|
|upkeep
|
|t:|1769416413
|switch|p2a: Raging Bolt|Raging Bolt|37/100
|turn|35
|
|t:|1769416417
|move|p1a: Raikou|Thunderbolt|p2a: Raging Bolt
|-resisted|p2a: Raging Bolt
|-damage|p2a: Raging Bolt|19/100
|move|p2a: Raging Bolt|Calm Mind|p2a: Raging Bolt
|-boost|p2a: Raging Bolt|spa|1
|-boost|p2a: Raging Bolt|spd|1
|
|upkeep
|turn|36
|
|t:|1769416425
|move|p1a: Raikou|Thunderbolt|p2a: Raging Bolt
|-resisted|p2a: Raging Bolt
|-damage|p2a: Raging Bolt|7/100
|move|p2a: Raging Bolt|Calm Mind|p2a: Raging Bolt
|-boost|p2a: Raging Bolt|spa|1
|-boost|p2a: Raging Bolt|spd|1
|
|upkeep
|turn|37
|
|t:|1769416436
|move|p1a: Raikou|Thunderbolt|p2a: Raging Bolt
|-resisted|p2a: Raging Bolt
|-damage|p2a: Raging Bolt|0 fnt
|faint|p2a: Raging Bolt
|-end|p2a: Raging Bolt|Protosynthesis|[silent]
|
|upkeep
|
|t:|1769416439
|switch|p2a: Walking Wake|Walking Wake|100/100
|turn|38
|
|t:|1769416443
|move|p1a: Raikou|Thunderbolt|p2a: Walking Wake
|-damage|p2a: Walking Wake|0 fnt
|faint|p2a: Walking Wake
|-end|p2a: Walking Wake|Protosynthesis|[silent]
|
|win|Dionaeamuscipul
|raw|Dionaeamuscipul's rating: 1299 &rarr; <strong>1327</strong><br />(+28 for winning)
|raw|Dwagonpro18's rating: 1345 &rarr; <strong>1322</strong><br />(-23 for losing)
|l|☆Dwagonpro18
|player|p2|
|l|☆Dionaeamuscipul
|player|p1|
