|j|☆girafadex
|j|☆gjiom
|t:|1769354432
|gametype|singles
|player|p1|girafadex|gentleman-gen4|
|player|p2|gjiom|265|
|gen|9
|tier|[Gen 9] OU
|rule|HP Percentage Mod: HP is shown in percentages
|rule|Endless Battle Clause: Forcing endless battles is banned
|rule|Species Clause: Limit one of each Pokémon
|rule|OHKO Clause: OHKO moves are banned
|rule|Evasion Items Clause: Evasion items are banned
|rule|Evasion Moves Clause: Evasion moves are banned
|rule|Evasion Abilities Clause: Evasion abilities are banned
|rule|Sleep Moves Clause: Sleep-inducing moves are banned
|clearpoke
|poke|p1|Raging Bolt|
|poke|p1|Skarmory, F|
|poke|p1|Kingambit, M|
|poke|p1|Manaphy|
|poke|p1|Great Tusk|
|poke|p1|Gholdengo|
|poke|p2|Glimmora, F|
|poke|p2|Pelipper, M|
|poke|p2|Polteageist|
|poke|p2|Ogerpon-Cornerstone, F|
|poke|p2|Sandy Shocks|
|poke|p2|Volcanion|
|teampreview
|j| shinystorm_xd
|c| shinystorm_xd|Hola wenas
|c| shinystorm_xd|x3
|c|☆girafadex|Hola
|j| aex27
|c|☆gjiom|Hol
|
|t:|1769354514
|teamsize|p1|6
|teamsize|p2|6
|start
|switch|p1a: Yolanda|Manaphy|100/100
|switch|p2a: Volcanion|Volcanion|100/100
|turn|1
|c| shinystorm_xd|Habéis pasado el link?
|c|☆gjiom|Non
|
|t:|1769354530
|move|p1a: Yolanda|Tail Glow|p1a: Yolanda
|-boost|p1a: Yolanda|spa|3
|move|p2a: Volcanion|Sludge Bomb|p1a: Yolanda
|-damage|p1a: Yolanda|67/100
|-status|p1a: Yolanda|psn
|
|-damage|p1a: Yolanda|55/100 psn|[from] psn
|upkeep
|turn|2
|
|t:|1769354537
|move|p1a: Yolanda|Psychic|p2a: Volcanion
|-damage|p2a: Volcanion|59/100
|move|p2a: Volcanion|Sludge Bomb|p1a: Yolanda
|-damage|p1a: Yolanda|21/100 psn
|
|-damage|p1a: Yolanda|9/100 psn|[from] psn
|upkeep
|turn|3
|
|t:|1769354550
|move|p1a: Yolanda|Psychic|p2a: Volcanion
|-damage|p2a: Volcanion|17/100
|move|p2a: Volcanion|Flamethrower|p1a: Yolanda
|-resisted|p1a: Yolanda
|-damage|p1a: Yolanda|0 fnt
|faint|p1a: Yolanda
|
|upkeep
|
|t:|1769354592
|switch|p1a: Revenge|Gholdengo|100/100
|turn|4
|
|t:|1769354596
|move|p1a: Revenge|Shadow Ball|p2a: Volcanion
|-damage|p2a: Volcanion|0 fnt
|faint|p2a: Volcanion
|
|upkeep
|
|t:|1769354599
|switch|p2a: Polteageist|Polteageist|100/100
|turn|5
|j| Zapatillazo34
|
|t:|1769354613
|switch|p1a: GirafaDex|Raging Bolt|100/100
|-enditem|p1a: GirafaDex|Booster Energy
|-activate|p1a: GirafaDex|ability: Protosynthesis|[fromitem]
|-start|p1a: GirafaDex|protosynthesisspa
|move|p2a: Polteageist|Shell Smash|p2a: Polteageist
|-unboost|p2a: Polteageist|def|1
|-unboost|p2a: Polteageist|spd|1
|-boost|p2a: Polteageist|atk|2
|-boost|p2a: Polteageist|spa|2
|-boost|p2a: Polteageist|spe|2
|
|upkeep
|turn|6
|
|t:|1769354663
|move|p1a: GirafaDex|Thunderclap|p2a: Polteageist
|-damage|p2a: Polteageist|2/100
|move|p2a: Polteageist|Stored Power|p1a: GirafaDex
|-damage|p1a: GirafaDex|0 fnt
|faint|p1a: GirafaDex
|-end|p1a: GirafaDex|Protosynthesis|[silent]
|
|upkeep
|
|t:|1769354699
|switch|p1a: Miyamoto Musashi|Kingambit, M|100/100
|-activate|p1a: Miyamoto Musashi|ability: Supreme Overlord
|-start|p1a: Miyamoto Musashi|fallen2|[silent]
|turn|7
|
|t:|1769354716
|move|p2a: Polteageist|Shadow Ball|p1a: Miyamoto Musashi
|-resisted|p1a: Miyamoto Musashi
|-damage|p1a: Miyamoto Musashi|55/100
|move|p1a: Miyamoto Musashi|Kowtow Cleave|p2a: Polteageist
|-supereffective|p2a: Polteageist
|-damage|p2a: Polteageist|0 fnt
|faint|p2a: Polteageist
|
|upkeep
|l| Zapatillazo34
|
|t:|1769354730
|switch|p2a: Glimmora|Glimmora, F|100/100
|turn|8
|c|☆gjiom|Musashi era el que usaba las dos espadas?
|j| Zapatillazo34
|
|t:|1769354784
|-terastallize|p1a: Miyamoto Musashi|Ghost
|move|p2a: Glimmora|Earth Power|p1a: Miyamoto Musashi
|-damage|p1a: Miyamoto Musashi|24/100
|move|p1a: Miyamoto Musashi|Iron Head|p2a: Glimmora
|-supereffective|p2a: Glimmora
|-crit|p2a: Glimmora
|-enditem|p2a: Glimmora|Focus Sash
|-damage|p2a: Glimmora|1/100
|-activate|p2a: Glimmora|ability: Toxic Debris
|-sidestart|p1: girafadex|move: Toxic Spikes
|
|upkeep
|turn|9
|
|t:|1769354808
|move|p1a: Miyamoto Musashi|Sucker Punch||[still]
|-fail|p1a: Miyamoto Musashi
|move|p2a: Glimmora|Stealth Rock|p1a: Miyamoto Musashi
|-sidestart|p1: girafadex|move: Stealth Rock
|
|upkeep
|turn|10
|l| Zapatillazo34
|j| Zapatillazo34
|c|☆gjiom|,
|
|t:|1769354894
|move|p1a: Miyamoto Musashi|Sucker Punch||[still]
|-fail|p1a: Miyamoto Musashi
|move|p2a: Glimmora|Memento|p1a: Miyamoto Musashi
|-unboost|p1a: Miyamoto Musashi|atk|2
|-unboost|p1a: Miyamoto Musashi|spa|2
|faint|p2a: Glimmora
|
|upkeep
|
|t:|1769354905
|switch|p2a: Ogerpon|Ogerpon-Cornerstone, F|100/100
|turn|11
|
|t:|1769354932
|move|p2a: Ogerpon|Encore|p1a: Miyamoto Musashi
|-start|p1a: Miyamoto Musashi|Encore
|move|p1a: Miyamoto Musashi|Sucker Punch||[still]
|-fail|p1a: Miyamoto Musashi
|
|upkeep
|turn|12
|
|t:|1769354944
|-end|p1a: Miyamoto Musashi|fallen2|[silent]
|switch|p1a: Avioneta|Skarmory, F|100/100
|-damage|p1a: Avioneta|88/100|[from] Stealth Rock
|move|p2a: Ogerpon|Swords Dance|p2a: Ogerpon
|-boost|p2a: Ogerpon|atk|2
|
|upkeep
|turn|13
|
|t:|1769354972
|move|p2a: Ogerpon|Ivy Cudgel|p1a: Avioneta|[anim] Ivy Cudgel Rock
|-damage|p1a: Avioneta|22/100
|move|p1a: Avioneta|Body Press|p2a: Ogerpon
|-supereffective|p2a: Ogerpon
|-damage|p2a: Ogerpon|17/100
|
|upkeep
|turn|14
|
|t:|1769354980
|move|p2a: Ogerpon|Ivy Cudgel|p1a: Avioneta|[anim] Ivy Cudgel Rock
|-damage|p1a: Avioneta|0 fnt
|faint|p1a: Avioneta
|
|upkeep
|
|t:|1769354991
|switch|p1a: Revenge|Gholdengo|100/100
|-damage|p1a: Revenge|94/100|[from] Stealth Rock
|turn|15
|
|t:|1769355000
|move|p1a: Revenge|Shadow Ball|p2a: Ogerpon
|-damage|p2a: Ogerpon|0 fnt
|faint|p2a: Ogerpon
|
|upkeep
|
|t:|1769355016
|switch|p2a: Sandy Shocks|Sandy Shocks, shiny|100/100
|turn|16
|
|t:|1769355087
|move|p2a: Sandy Shocks|Earth Power|p1a: Revenge
|-supereffective|p1a: Revenge
|-damage|p1a: Revenge|0 fnt
|faint|p1a: Revenge
|
|upkeep
|
|t:|1769355092
|switch|p1a: Drácula|Great Tusk|100/100
|-status|p1a: Drácula|psn
|-damage|p1a: Drácula|98/100 psn|[from] Stealth Rock
|-enditem|p1a: Drácula|Booster Energy
|-activate|p1a: Drácula|ability: Protosynthesis|[fromitem]
|-start|p1a: Drácula|protosynthesisatk
|turn|17
|
|t:|1769355106
|-end|p2a: Sandy Shocks|Protosynthesis|[silent]
|switch|p2a: Pelipper|Pelipper, M, shiny|100/100
|move|p1a: Drácula|Rapid Spin|p2a: Pelipper
|-damage|p2a: Pelipper|77/100
|-boost|p1a: Drácula|spe|1
|-sideend|p1: girafadex|Toxic Spikes|[from] move: Rapid Spin|[of] p1a: Drácula
|-sideend|p1: girafadex|Stealth Rock|[from] move: Rapid Spin|[of] p1a: Drácula
|
|-damage|p1a: Drácula|85/100 psn|[from] psn
|upkeep
|turn|18
|
|t:|1769355142
|move|p1a: Drácula|Knock Off|p2a: Pelipper
|-damage|p2a: Pelipper|32/100
|-enditem|p2a: Pelipper|Choice Specs|[from] move: Knock Off|[of] p1a: Drácula
|move|p2a: Pelipper|Ice Beam|p1a: Drácula
|-supereffective|p1a: Drácula
|-damage|p1a: Drácula|5/100 psn
|
|-damage|p1a: Drácula|0 fnt|[from] psn
|faint|p1a: Drácula
|-end|p1a: Drácula|Protosynthesis|[silent]
|upkeep
|
|t:|1769355150
|switch|p1a: Miyamoto Musashi|Kingambit, M, tera:Ghost|24/100
|-activate|p1a: Miyamoto Musashi|ability: Supreme Overlord
|-start|p1a: Miyamoto Musashi|fallen5|[silent]
|turn|19
|
|t:|1769355183
|move|p2a: Pelipper|Ice Beam|p1a: Miyamoto Musashi
|-damage|p1a: Miyamoto Musashi|0 fnt
|faint|p1a: Miyamoto Musashi
|-end|p1a: Miyamoto Musashi|fallen5|[silent]
|
|win|gjiom
|c|☆girafadex|Gg
|c| shinystorm_xd|Gg
|c|☆gjiom|Gg
|l|☆girafadex
|player|p1|
|c| Zapatillazo34|Gg
|l| shinystorm_xd
