|j|☆ihateclodsire
|j|☆Bug on my buzz
|t:|1769443863
|gametype|singles
|player|p1|ihateclodsire|riley|1268
|player|p2|Bug on my buzz|kieran|1217
|gen|9
|tier|[Gen 9] OU
|rated|
|rule|HP Percentage Mod: HP is shown in percentages
|rule|Endless Battle Clause: Forcing endless battles is banned
|rule|Species Clause: Limit one of each Pokémon
|rule|OHKO Clause: OHKO moves are banned
|rule|Evasion Items Clause: Evasion items are banned
|rule|Evasion Moves Clause: Evasion moves are banned
|rule|Evasion Abilities Clause: Evasion abilities are banned
|rule|Sleep Moves Clause: Sleep-inducing moves are banned
|clearpoke
|poke|p1|Pelipper, F|
|poke|p1|Hatterene, F|
|poke|p1|Iron Treads|
|poke|p1|Toxicroak, F|
|poke|p1|Floatzel, M|
|poke|p1|Zapdos|
|poke|p2|Venomoth, M|
|poke|p2|Heatran, M|
|poke|p2|Dragapult, M|
|poke|p2|Great Tusk|
|poke|p2|Weezing-Galar, M|
|poke|p2|Alomomola, M|
|teampreview
|inactive|Battle timer is ON: inactive players will automatically lose when time's up. (requested by ihateclodsire)
|
|t:|1769443880
|teamsize|p1|6
|teamsize|p2|6
|start
|switch|p1a: Iron Treads|Iron Treads|100/100
|switch|p2a: Dragapult|Dragapult, M, shiny|100/100
|turn|1
|
|t:|1769443887
|move|p2a: Dragapult|Will-O-Wisp|p1a: Iron Treads
|-status|p1a: Iron Treads|brn
|move|p1a: Iron Treads|Volt Switch|p2a: Dragapult
|-resisted|p2a: Dragapult
|-damage|p2a: Dragapult|93/100
|
|t:|1769443891
|-end|p1a: Iron Treads|Quark Drive|[silent]
|switch|p1a: Pelipper|Pelipper, F|100/100|[from] Volt Switch
|-weather|RainDance|[from] ability: Drizzle|[of] p1a: Pelipper
|
|-weather|RainDance|[upkeep]
|-heal|p2a: Dragapult|99/100|[from] item: Leftovers
|upkeep
|turn|2
|
|t:|1769443897
|move|p2a: Dragapult|Substitute|p2a: Dragapult
|-start|p2a: Dragapult|Substitute
|-damage|p2a: Dragapult|74/100
|move|p1a: Pelipper|Knock Off|p2a: Dragapult
|-supereffective|p2a: Dragapult
|-end|p2a: Dragapult|Substitute
|
|-weather|RainDance|[upkeep]
|-heal|p2a: Dragapult|80/100|[from] item: Leftovers
|upkeep
|turn|3
|
|t:|1769443924
|move|p2a: Dragapult|Substitute|p2a: Dragapult
|-start|p2a: Dragapult|Substitute
|-damage|p2a: Dragapult|55/100
|move|p1a: Pelipper|Knock Off|p2a: Dragapult
|-supereffective|p2a: Dragapult
|-end|p2a: Dragapult|Substitute
|
|-weather|RainDance|[upkeep]
|-heal|p2a: Dragapult|62/100|[from] item: Leftovers
|upkeep
|turn|4
|
|t:|1769443934
|switch|p2a: Great Tusk|Great Tusk, shiny|100/100
|move|p1a: Pelipper|Knock Off|p2a: Great Tusk
|-resisted|p2a: Great Tusk
|-damage|p2a: Great Tusk|95/100
|-enditem|p2a: Great Tusk|Heavy-Duty Boots|[from] move: Knock Off|[of] p1a: Pelipper
|
|-weather|RainDance|[upkeep]
|upkeep
|turn|5
|
|t:|1769443946
|-end|p2a: Great Tusk|Protosynthesis|[silent]
|switch|p2a: Alomomola|Alomomola, M, shiny|100/100
|move|p1a: Pelipper|Hurricane|p2a: Alomomola
|-damage|p2a: Alomomola|73/100
|-start|p2a: Alomomola|confusion
|
|-weather|RainDance|[upkeep]
|-heal|p2a: Alomomola|79/100|[from] item: Leftovers
|upkeep
|turn|6
|
|t:|1769443957
|-activate|p2a: Alomomola|confusion
|move|p2a: Alomomola|Protect|p2a: Alomomola
|-singleturn|p2a: Alomomola|Protect
|move|p1a: Pelipper|Knock Off|p2a: Alomomola
|-activate|p2a: Alomomola|move: Protect
|
|-weather|RainDance|[upkeep]
|-heal|p2a: Alomomola|85/100|[from] item: Leftovers
|upkeep
|turn|7
|
|t:|1769443966
|switch|p2a: Great Tusk|Great Tusk, shiny|95/100
|move|p1a: Pelipper|U-turn|p2a: Great Tusk
|-resisted|p2a: Great Tusk
|-damage|p2a: Great Tusk|92/100
|
|t:|1769443969
|switch|p1a: Floatzel|Floatzel, M|100/100|[from] U-turn
|
|-weather|RainDance|[upkeep]
|upkeep
|turn|8
|
|t:|1769443975
|-end|p2a: Great Tusk|Protosynthesis|[silent]
|switch|p2a: Alomomola|Alomomola, M, shiny|100/100
|move|p1a: Floatzel|Flip Turn|p2a: Alomomola
|-resisted|p2a: Alomomola
|-damage|p2a: Alomomola|75/100
|
|t:|1769443977
|switch|p1a: Zapdos|Zapdos|100/100|[from] Flip Turn
|
|-weather|none
|-heal|p2a: Alomomola|81/100|[from] item: Leftovers
|upkeep
|turn|9
|
|t:|1769443981
|move|p2a: Alomomola|Protect|p2a: Alomomola
|-singleturn|p2a: Alomomola|Protect
|move|p1a: Zapdos|Volt Switch|p2a: Alomomola
|-activate|p2a: Alomomola|move: Protect
|
|-heal|p2a: Alomomola|87/100|[from] item: Leftovers
|upkeep
|turn|10
|
|t:|1769443986
|switch|p1a: Iron Treads|Iron Treads|100/100 brn
|move|p2a: Alomomola|Mirror Coat||[still]
|-fail|p2a: Alomomola
|
|-heal|p2a: Alomomola|94/100|[from] item: Leftovers
|-damage|p1a: Iron Treads|94/100 brn|[from] brn
|upkeep
|turn|11
|
|t:|1769443990
|move|p1a: Iron Treads|Stealth Rock|p2a: Alomomola
|-sidestart|p2: Bug on my buzz|move: Stealth Rock
|move|p2a: Alomomola|Flip Turn|p1a: Iron Treads
|-supereffective|p1a: Iron Treads
|-crit|p1a: Iron Treads
|-damage|p1a: Iron Treads|60/100 brn
|
|t:|1769444004
|switch|p2a: Great Tusk|Great Tusk, shiny|92/100|[from] Flip Turn
|-damage|p2a: Great Tusk|89/100|[from] Stealth Rock
|
|-heal|p1a: Iron Treads|66/100 brn|[from] item: Leftovers
|-damage|p1a: Iron Treads|60/100 brn|[from] brn
|upkeep
|turn|12
|
|t:|1769444015
|-end|p1a: Iron Treads|Quark Drive|[silent]
|switch|p1a: Pelipper|Pelipper, F|100/100
|-weather|RainDance|[from] ability: Drizzle|[of] p1a: Pelipper
|move|p2a: Great Tusk|Rapid Spin|p1a: Pelipper
|-damage|p1a: Pelipper|82/100
|-boost|p2a: Great Tusk|spe|1
|-sideend|p2: Bug on my buzz|Stealth Rock|[from] move: Rapid Spin|[of] p2a: Great Tusk
|
|-weather|RainDance|[upkeep]
|upkeep
|turn|13
|
|t:|1769444021
|-end|p2a: Great Tusk|Protosynthesis|[silent]
|switch|p2a: Alomomola|Alomomola, M, shiny|100/100
|move|p1a: Pelipper|U-turn|p2a: Alomomola
|-damage|p2a: Alomomola|94/100
|
|t:|1769444022
|switch|p1a: Zapdos|Zapdos|100/100|[from] U-turn
|
|-weather|RainDance|[upkeep]
|-heal|p2a: Alomomola|99/100|[from] item: Leftovers
|upkeep
|turn|14
|
|t:|1769444026
|move|p2a: Alomomola|Protect|p2a: Alomomola
|-singleturn|p2a: Alomomola|Protect
|move|p1a: Zapdos|Thunder|p2a: Alomomola
|-activate|p2a: Alomomola|move: Protect
|
|-weather|RainDance|[upkeep]
|-heal|p2a: Alomomola|100/100|[from] item: Leftovers
|upkeep
|turn|15
|
|t:|1769444039
|move|p1a: Zapdos|Thunder|p2a: Alomomola
|-supereffective|p2a: Alomomola
|-damage|p2a: Alomomola|0 fnt
|faint|p2a: Alomomola
|
|-weather|RainDance|[upkeep]
|upkeep
|
|t:|1769444047
|switch|p2a: Heatran|Heatran, M, shiny|100/100
|turn|16
|
|t:|1769444052
|move|p1a: Zapdos|Thunder|p2a: Heatran
|-damage|p2a: Heatran|34/100
|move|p2a: Heatran|Magma Storm|p1a: Zapdos|[miss]
|-miss|p2a: Heatran|p1a: Zapdos
|
|-weather|RainDance|[upkeep]
|-heal|p2a: Heatran|40/100|[from] item: Leftovers
|upkeep
|turn|17
|
|t:|1769444058
|move|p1a: Zapdos|Thunder|p2a: Heatran
|-damage|p2a: Heatran|0 fnt
|faint|p2a: Heatran
|
|-weather|RainDance|[upkeep]
|upkeep
|
|t:|1769444063
|switch|p2a: Great Tusk|Great Tusk, shiny|89/100
|turn|18
|
|t:|1769444068
|switch|p1a: Pelipper|Pelipper, F|82/100
|move|p2a: Great Tusk|Smack Down|p1a: Pelipper
|-supereffective|p1a: Pelipper
|-damage|p1a: Pelipper|44/100
|-start|p1a: Pelipper|Smack Down
|
|-weather|RainDance|[upkeep]
|upkeep
|turn|19
|
|t:|1769444075
|move|p2a: Great Tusk|Headlong Rush|p1a: Pelipper
|-damage|p1a: Pelipper|0 fnt
|-unboost|p2a: Great Tusk|def|1
|-unboost|p2a: Great Tusk|spd|1
|faint|p1a: Pelipper
|
|-weather|none
|upkeep
|
|t:|1769444080
|switch|p1a: Hatterene|Hatterene, F|100/100
|turn|20
|
|t:|1769444086
|-end|p2a: Great Tusk|Protosynthesis|[silent]
|switch|p2a: Weezing|Weezing-Galar, M, shiny|100/100
|-ability|p2a: Weezing|Neutralizing Gas
|-item|p2a: Weezing|Air Balloon
|move|p1a: Hatterene|Draining Kiss|p2a: Weezing
|-resisted|p2a: Weezing
|-damage|p2a: Weezing|86/100
|-enditem|p2a: Weezing|Air Balloon
|
|upkeep
|turn|21
|
|t:|1769444092
|move|p2a: Weezing|Strange Steam|p1a: Hatterene
|-damage|p1a: Hatterene|71/100
|-start|p1a: Hatterene|confusion
|-enditem|p1a: Hatterene|Eject Button
|
|t:|1769444101
|switch|p1a: Zapdos|Zapdos|100/100
|
|upkeep
|turn|22
|
|t:|1769444107
|move|p1a: Zapdos|Hurricane|p2a: Weezing|[miss]
|-miss|p1a: Zapdos|p2a: Weezing
|move|p2a: Weezing|Strange Steam|p1a: Zapdos
|-damage|p1a: Zapdos|71/100
|
|upkeep
|turn|23
|
|t:|1769444108
|move|p1a: Zapdos|Hurricane|p2a: Weezing
|-damage|p2a: Weezing|0 fnt
|faint|p2a: Weezing
|-end|p2a: Weezing|ability: Neutralizing Gas
|
|upkeep
|
|t:|1769444134
|switch|p2a: Venomoth|Venomoth, M, shiny|100/100
|turn|24
|
|t:|1769444138
|-terastallize|p2a: Venomoth|Electric
|move|p1a: Zapdos|Hurricane|p2a: Venomoth|[miss]
|-miss|p1a: Zapdos|p2a: Venomoth
|move|p2a: Venomoth|Quiver Dance|p2a: Venomoth
|-boost|p2a: Venomoth|spa|1
|-boost|p2a: Venomoth|spd|1
|-boost|p2a: Venomoth|spe|1
|
|upkeep
|turn|25
|
|t:|1769444148
|switch|p1a: Toxicroak|Toxicroak, F|100/100
|move|p2a: Venomoth|Sludge Wave|p1a: Toxicroak
|-resisted|p1a: Toxicroak
|-damage|p1a: Toxicroak|1/100
|-damage|p2a: Venomoth|91/100|[from] item: Life Orb
|
|upkeep
|turn|26
|
|t:|1769444155
|move|p2a: Venomoth|Sludge Wave|p1a: Toxicroak
|-resisted|p1a: Toxicroak
|-damage|p1a: Toxicroak|0 fnt
|faint|p1a: Toxicroak
|-damage|p2a: Venomoth|81/100|[from] item: Life Orb
|
|upkeep
|
|t:|1769444165
|switch|p1a: Hatterene|Hatterene, F|71/100
|turn|27
|
|t:|1769444168
|-terastallize|p1a: Hatterene|Normal
|move|p2a: Venomoth|Sludge Wave|p1a: Hatterene
|-damage|p1a: Hatterene|0 fnt
|faint|p1a: Hatterene
|-damage|p2a: Venomoth|71/100|[from] item: Life Orb
|
|upkeep
|
|t:|1769444179
|switch|p1a: Iron Treads|Iron Treads|60/100 brn
|turn|28
|
|t:|1769444181
|move|p2a: Venomoth|Bug Buzz|p1a: Iron Treads
|-resisted|p1a: Iron Treads
|-damage|p1a: Iron Treads|0 fnt
|faint|p1a: Iron Treads
|-end|p1a: Iron Treads|Quark Drive|[silent]
|-damage|p2a: Venomoth|61/100|[from] item: Life Orb
|
|upkeep
|-message|ihateclodsire forfeited.
|
|win|Bug on my buzz
|raw|ihateclodsire's rating: 1268 &rarr; <strong>1239</strong><br />(-29 for losing)
|raw|Bug on my buzz's rating: 1217 &rarr; <strong>1246</strong><br />(+29 for winning)
|l|☆ihateclodsire
|player|p1|
|l|☆Bug on my buzz
|player|p2|
