|j|☆santas_slave59
|j|☆dragaloek2
|t:|1769354703
|gametype|singles
|player|p1|santas_slave59|169|1243
|player|p2|dragaloek2|102|1269
|gen|9
|tier|[Gen 9] OU
|rated|
|rule|HP Percentage Mod: HP is shown in percentages
|rule|Endless Battle Clause: Forcing endless battles is banned
|rule|Species Clause: Limit one of each Pokémon
|rule|OHKO Clause: OHKO moves are banned
|rule|Evasion Items Clause: Evasion items are banned
|rule|Evasion Moves Clause: Evasion moves are banned
|rule|Evasion Abilities Clause: Evasion abilities are banned
|rule|Sleep Moves Clause: Sleep-inducing moves are banned
|clearpoke
|poke|p1|Ninetales, F|
|poke|p1|Cresselia, F|
|poke|p1|Raging Bolt|
|poke|p1|Iron Moth|
|poke|p1|Great Tusk|
|poke|p1|Walking Wake|
|poke|p2|Great Tusk|
|poke|p2|Slowking-Galar, M|
|poke|p2|Ogerpon, F|
|poke|p2|Toxtricity, M|
|poke|p2|Tornadus, M|
|poke|p2|Glastrier|
|teampreview
|inactive|Battle timer is ON: inactive players will automatically lose when time's up. (requested by santas_slave59)
|
|t:|1769354719
|teamsize|p1|6
|teamsize|p2|6
|start
|switch|p1a: Ninetales|Ninetales, F|100/100
|switch|p2a: Toxtricity|Toxtricity, M|100/100
|-weather|SunnyDay|[from] ability: Drought|[of] p1a: Ninetales
|turn|1
|
|t:|1769354732
|move|p1a: Ninetales|Overheat|p2a: Toxtricity
|-damage|p2a: Toxtricity|8/100
|-unboost|p1a: Ninetales|spa|2
|move|p2a: Toxtricity|Boomburst|p1a: Ninetales
|-damage|p1a: Ninetales|6/100
|
|-weather|SunnyDay|[upkeep]
|upkeep
|turn|2
|
|t:|1769354741
|switch|p2a: Slowking|Slowking-Galar, M, shiny|100/100
|move|p1a: Ninetales|Overheat|p2a: Slowking
|-damage|p2a: Slowking|84/100
|-unboost|p1a: Ninetales|spa|2
|
|-weather|SunnyDay|[upkeep]
|upkeep
|turn|3
|
|t:|1769354755
|switch|p1a: Cresselia|Cresselia, F|100/100
|move|p2a: Slowking|Psychic Noise|p1a: Cresselia
|-resisted|p1a: Cresselia
|-damage|p1a: Cresselia|92/100
|-start|p1a: Cresselia|move: Heal Block
|
|-weather|SunnyDay|[upkeep]
|upkeep
|turn|4
|
|t:|1769354763
|switch|p2a: Glastrier|Glastrier|100/100
|move|p1a: Cresselia|Thunder Wave|p2a: Glastrier
|-status|p2a: Glastrier|par
|
|-weather|SunnyDay|[upkeep]
|-end|p1a: Cresselia|move: Heal Block
|upkeep
|turn|5
|
|t:|1769354774
|switch|p1a: Walking Wake|Walking Wake|100/100
|-activate|p1a: Walking Wake|ability: Protosynthesis
|-start|p1a: Walking Wake|protosynthesisspa
|move|p2a: Glastrier|Icicle Crash|p1a: Walking Wake
|-damage|p1a: Walking Wake|25/100
|
|-weather|SunnyDay|[upkeep]
|upkeep
|turn|6
|
|t:|1769354787
|switch|p2a: Slowking|Slowking-Galar, M, shiny|100/100
|move|p1a: Walking Wake|Weather Ball|p2a: Slowking
|-damage|p2a: Slowking|46/100
|
|-weather|SunnyDay|[upkeep]
|upkeep
|turn|7
|
|t:|1769354803
|switch|p2a: Toxtricity|Toxtricity, M|8/100
|move|p1a: Walking Wake|Weather Ball|p2a: Toxtricity
|-damage|p2a: Toxtricity|0 fnt
|faint|p2a: Toxtricity
|
|-weather|SunnyDay|[upkeep]
|upkeep
|
|t:|1769354805
|switch|p2a: Ogerpon|Ogerpon, F|100/100
|turn|8
|
|t:|1769354822
|-end|p1a: Walking Wake|Protosynthesis|[silent]
|switch|p1a: Iron Moth|Iron Moth|100/100
|-enditem|p1a: Iron Moth|Booster Energy
|-activate|p1a: Iron Moth|ability: Quark Drive|[fromitem]
|-start|p1a: Iron Moth|quarkdrivespe
|-terastallize|p2a: Ogerpon|Grass
|detailschange|p2a: Ogerpon|Ogerpon-Teal-Tera, F, tera:Grass
|-ability|p2a: Ogerpon|Embody Aspect (Teal)|boost
|-boost|p2a: Ogerpon|spe|1
|move|p2a: Ogerpon|Ivy Cudgel|p1a: Iron Moth
|-resisted|p1a: Iron Moth
|-crit|p1a: Iron Moth
|-damage|p1a: Iron Moth|45/100
|
|-weather|none
|upkeep
|turn|9
|
|t:|1769354837
|switch|p2a: Slowking|Slowking-Galar, M, shiny|79/100
|move|p1a: Iron Moth|Fiery Dance|p2a: Slowking
|-damage|p2a: Slowking|55/100
|-boost|p1a: Iron Moth|spa|1
|
|upkeep
|turn|10
|
|t:|1769354849
|-end|p1a: Iron Moth|Quark Drive|[silent]
|switch|p1a: Cresselia|Cresselia, F|92/100
|move|p2a: Slowking|Psychic Noise|p1a: Cresselia
|-resisted|p1a: Cresselia
|-damage|p1a: Cresselia|83/100
|-start|p1a: Cresselia|move: Heal Block
|
|upkeep
|turn|11
|
|t:|1769354854
|switch|p2a: Ogerpon|Ogerpon-Teal-Tera, F, tera:Grass|100/100
|-ability|p2a: Ogerpon|Embody Aspect (Teal)|boost
|-boost|p2a: Ogerpon|spe|1
|move|p1a: Cresselia|Psyshock|p2a: Ogerpon
|-damage|p2a: Ogerpon|74/100
|
|-end|p1a: Cresselia|move: Heal Block
|upkeep
|turn|12
|
|t:|1769354861
|move|p2a: Ogerpon|Ivy Cudgel|p1a: Cresselia
|-damage|p1a: Cresselia|31/100
|move|p1a: Cresselia|Thunder Wave|p2a: Ogerpon
|-status|p2a: Ogerpon|par
|
|-heal|p1a: Cresselia|37/100|[from] item: Leftovers
|upkeep
|turn|13
|
|t:|1769354877
|switch|p1a: Raging Bolt|Raging Bolt|100/100
|move|p2a: Ogerpon|Ivy Cudgel|p1a: Raging Bolt
|-resisted|p1a: Raging Bolt
|-damage|p1a: Raging Bolt|55/100
|
|upkeep
|turn|14
|
|t:|1769354885
|switch|p2a: Slowking|Slowking-Galar, M, shiny|89/100
|move|p1a: Raging Bolt|Dragon Pulse|p2a: Slowking
|-damage|p2a: Slowking|55/100
|-damage|p1a: Raging Bolt|45/100|[from] item: Life Orb
|
|upkeep
|turn|15
|
|t:|1769354891
|move|p1a: Raging Bolt|Thunderbolt|p2a: Slowking
|-damage|p2a: Slowking|18/100
|-status|p2a: Slowking|par
|-damage|p1a: Raging Bolt|35/100|[from] item: Life Orb
|move|p2a: Slowking|Ice Beam|p1a: Raging Bolt
|-supereffective|p1a: Raging Bolt
|-damage|p1a: Raging Bolt|0 fnt
|faint|p1a: Raging Bolt
|-end|p1a: Raging Bolt|Protosynthesis|[silent]
|
|upkeep
|
|t:|1769354903
|switch|p1a: Ninetales|Ninetales, F|6/100
|-weather|SunnyDay|[from] ability: Drought|[of] p1a: Ninetales
|turn|16
|
|t:|1769354911
|switch|p2a: Tornadus|Tornadus, M|100/100
|move|p1a: Ninetales|Healing Wish|p1a: Ninetales
|faint|p1a: Ninetales
|
|-weather|SunnyDay|[upkeep]
|upkeep
|
|t:|1769354920
|switch|p1a: Walking Wake|Walking Wake|25/100
|-heal|p1a: Walking Wake|100/100|[from] move: Healing Wish
|-activate|p1a: Walking Wake|ability: Protosynthesis
|-start|p1a: Walking Wake|protosynthesisspa
|turn|17
|
|t:|1769354927
|move|p2a: Tornadus|Tailwind|p2a: Tornadus
|-sidestart|p2: dragaloek2|move: Tailwind
|move|p1a: Walking Wake|Hydro Steam|p2a: Tornadus
|-damage|p2a: Tornadus|0 fnt
|faint|p2a: Tornadus
|
|-weather|SunnyDay|[upkeep]
|upkeep
|
|t:|1769354937
|switch|p2a: Ogerpon|Ogerpon-Teal-Tera, F, tera:Grass|74/100 par
|-ability|p2a: Ogerpon|Embody Aspect (Teal)|boost
|-boost|p2a: Ogerpon|spe|1
|turn|18
|
|t:|1769354943
|-end|p1a: Walking Wake|Protosynthesis|[silent]
|switch|p1a: Iron Moth|Iron Moth|45/100
|move|p2a: Ogerpon|Ivy Cudgel|p1a: Iron Moth
|-resisted|p1a: Iron Moth
|-damage|p1a: Iron Moth|12/100
|
|-weather|SunnyDay|[upkeep]
|upkeep
|turn|19
|
|t:|1769354952
|move|p2a: Ogerpon|Ivy Cudgel|p1a: Iron Moth
|-resisted|p1a: Iron Moth
|-crit|p1a: Iron Moth
|-damage|p1a: Iron Moth|0 fnt
|faint|p1a: Iron Moth
|-end|p1a: Iron Moth|Quark Drive|[silent]
|
|-weather|SunnyDay|[upkeep]
|upkeep
|
|t:|1769354956
|switch|p1a: Walking Wake|Walking Wake|100/100
|-activate|p1a: Walking Wake|ability: Protosynthesis
|-start|p1a: Walking Wake|protosynthesisspa
|turn|20
|
|t:|1769354963
|move|p2a: Ogerpon|Ivy Cudgel|p1a: Walking Wake
|-damage|p1a: Walking Wake|0 fnt
|faint|p1a: Walking Wake
|-end|p1a: Walking Wake|Protosynthesis|[silent]
|
|-weather|SunnyDay|[upkeep]
|-sideend|p2: dragaloek2|move: Tailwind
|upkeep
|
|t:|1769354970
|switch|p1a: Great Tusk|Great Tusk|100/100
|-activate|p1a: Great Tusk|ability: Protosynthesis
|-start|p1a: Great Tusk|protosynthesisspe
|turn|21
|
|t:|1769354977
|move|p1a: Great Tusk|Close Combat|p2a: Ogerpon
|-damage|p2a: Ogerpon|6/100 par
|-unboost|p1a: Great Tusk|def|1
|-unboost|p1a: Great Tusk|spd|1
|move|p2a: Ogerpon|Ivy Cudgel|p1a: Great Tusk
|-supereffective|p1a: Great Tusk
|-damage|p1a: Great Tusk|0 fnt
|faint|p1a: Great Tusk
|-end|p1a: Great Tusk|Protosynthesis|[silent]
|
|-weather|SunnyDay|[upkeep]
|upkeep
|
|t:|1769354984
|switch|p1a: Cresselia|Cresselia, F|37/100
|turn|22
|
|t:|1769354988
|move|p2a: Ogerpon|Ivy Cudgel|p1a: Cresselia
|-damage|p1a: Cresselia|0 fnt
|faint|p1a: Cresselia
|
|win|dragaloek2
|raw|santas_slave59's rating: 1243 &rarr; <strong>1220</strong><br />(-23 for losing)
|raw|dragaloek2's rating: 1269 &rarr; <strong>1292</strong><br />(+23 for winning)
|l|☆santas_slave59
|player|p1|
|l|☆dragaloek2
|player|p2|
