|j|☆SquilliamTG
|j|☆vacineee
|t:|1769412090
|gametype|singles
|player|p1|SquilliamTG|silver|1555
|player|p2|vacineee|parasollady-gen4|1502
|gen|9
|tier|[Gen 9] OU
|rated|
|rule|HP Percentage Mod: HP is shown in percentages
|rule|Endless Battle Clause: Forcing endless battles is banned
|rule|Species Clause: Limit one of each Pokémon
|rule|OHKO Clause: OHKO moves are banned
|rule|Evasion Items Clause: Evasion items are banned
|rule|Evasion Moves Clause: Evasion moves are banned
|rule|Evasion Abilities Clause: Evasion abilities are banned
|rule|Sleep Moves Clause: Sleep-inducing moves are banned
|clearpoke
|poke|p1|Great Tusk|
|poke|p1|Magnezone|
|poke|p1|Slowking-Galar, F|
|poke|p1|Dragonite, F|
|poke|p1|Alomomola, M|
|poke|p1|Zamazenta-*|
|poke|p2|Hoopa-Unbound|
|poke|p2|Rillaboom, F|
|poke|p2|Iron Hands|
|poke|p2|Slowking-Galar, F|
|poke|p2|Great Tusk|
|poke|p2|Heatran, F|
|teampreview
|inactive|Battle timer is ON: inactive players will automatically lose when time's up. (requested by SquilliamTG)
|j| Fifo drummer
|
|t:|1769412098
|teamsize|p1|6
|teamsize|p2|6
|start
|switch|p1a: Zamazenta|Zamazenta|100/100
|switch|p2a: Heatran|Heatran, F|100/100
|-ability|p1a: Zamazenta|Dauntless Shield|boost
|-boost|p1a: Zamazenta|def|1
|-item|p2a: Heatran|Air Balloon
|turn|1
|
|t:|1769412109
|switch|p2a: Great Tusk|Great Tusk|100/100
|-enditem|p2a: Great Tusk|Booster Energy
|-activate|p2a: Great Tusk|ability: Protosynthesis|[fromitem]
|-start|p2a: Great Tusk|protosynthesisspe
|move|p1a: Zamazenta|Close Combat|p2a: Great Tusk
|-damage|p2a: Great Tusk|47/100
|-unboost|p1a: Zamazenta|def|1
|-unboost|p1a: Zamazenta|spd|1
|
|upkeep
|turn|2
|
|t:|1769412118
|switch|p1a: Alomomola|Alomomola, M|100/100
|move|p2a: Great Tusk|Bulk Up|p2a: Great Tusk
|-boost|p2a: Great Tusk|atk|1
|-boost|p2a: Great Tusk|def|1
|
|upkeep
|turn|3
|
|t:|1769412133
|-end|p2a: Great Tusk|Protosynthesis|[silent]
|switch|p2a: Rillaboom|Rillaboom, F|100/100
|-fieldstart|move: Grassy Terrain|[from] ability: Grassy Surge|[of] p2a: Rillaboom
|move|p1a: Alomomola|Scald|p2a: Rillaboom
|-resisted|p2a: Rillaboom
|-damage|p2a: Rillaboom|93/100
|
|-heal|p2a: Rillaboom|99/100|[from] Grassy Terrain
|upkeep
|turn|4
|
|t:|1769412142
|move|p2a: Rillaboom|Knock Off|p1a: Alomomola
|-damage|p1a: Alomomola|72/100
|-enditem|p1a: Alomomola|Heavy-Duty Boots|[from] move: Knock Off|[of] p2a: Rillaboom
|move|p1a: Alomomola|Scald|p2a: Rillaboom
|-resisted|p2a: Rillaboom
|-damage|p2a: Rillaboom|90/100
|-status|p2a: Rillaboom|brn
|
|-heal|p2a: Rillaboom|96/100 brn|[from] Grassy Terrain
|-heal|p1a: Alomomola|78/100|[from] Grassy Terrain
|-damage|p2a: Rillaboom|90/100 brn|[from] brn
|upkeep
|turn|5
|j| aegia4
|
|t:|1769412153
|switch|p2a: Iron Hands|Iron Hands, shiny|100/100
|move|p1a: Alomomola|Flip Turn|p2a: Iron Hands
|-damage|p2a: Iron Hands|90/100
|
|t:|1769412163
|switch|p1a: Great Tusk|Great Tusk|100/100|[from] Flip Turn
|
|-heal|p2a: Iron Hands|96/100|[from] Grassy Terrain
|upkeep
|turn|6
|
|t:|1769412171
|-end|p2a: Iron Hands|Quark Drive|[silent]
|switch|p2a: Rillaboom|Rillaboom, F|90/100 brn
|move|p1a: Great Tusk|Ice Spinner|p2a: Rillaboom
|-supereffective|p2a: Rillaboom
|-damage|p2a: Rillaboom|31/100 brn
|-fieldend|move: Grassy Terrain
|
|-damage|p2a: Rillaboom|25/100 brn|[from] brn
|upkeep
|turn|7
|
|t:|1769412178
|move|p1a: Great Tusk|Stealth Rock|p2a: Rillaboom
|-sidestart|p2: vacineee|move: Stealth Rock
|move|p2a: Rillaboom|Wood Hammer|p1a: Great Tusk
|-supereffective|p1a: Great Tusk
|-damage|p1a: Great Tusk|33/100
|-damage|p2a: Rillaboom|1/100 brn|[from] Recoil
|
|-damage|p2a: Rillaboom|0 fnt|[from] brn
|faint|p2a: Rillaboom
|upkeep
|
|t:|1769412184
|switch|p2a: Hoopa|Hoopa-Unbound|100/100
|-damage|p2a: Hoopa|88/100|[from] Stealth Rock
|turn|8
|-message|vacineee forfeited.
|
|win|SquilliamTG
|raw|SquilliamTG's rating: 1555 &rarr; <strong>1572</strong><br />(+17 for winning)
|raw|vacineee's rating: 1502 &rarr; <strong>1485</strong><br />(-17 for losing)
|l|☆vacineee
|player|p2|
