|j|☆Downtownclown
|j|☆Schrosch
|t:|1769385819
|gametype|singles
|player|p1|Downtownclown|101|1326
|player|p2|Schrosch|1|1251
|gen|9
|tier|[Gen 9] OU
|rated|
|rule|HP Percentage Mod: HP is shown in percentages
|rule|Endless Battle Clause: Forcing endless battles is banned
|rule|Species Clause: Limit one of each Pokémon
|rule|OHKO Clause: OHKO moves are banned
|rule|Evasion Items Clause: Evasion items are banned
|rule|Evasion Moves Clause: Evasion moves are banned
|rule|Evasion Abilities Clause: Evasion abilities are banned
|rule|Sleep Moves Clause: Sleep-inducing moves are banned
|clearpoke
|poke|p1|Blastoise, F|
|poke|p1|Quaquaval, M|
|poke|p1|Lycanroc-Dusk, M|
|poke|p1|Iron Crown|
|poke|p1|Darkrai|
|poke|p1|Enamorus, F|
|poke|p2|Porygon-Z|
|poke|p2|Gardevoir, F|
|poke|p2|Probopass, F|
|poke|p2|Corviknight, M|
|poke|p2|Serperior, M|
|poke|p2|Flygon, M|
|teampreview
|inactive|Battle timer is ON: inactive players will automatically lose when time's up. (requested by Downtownclown)
|
|t:|1769385839
|teamsize|p1|6
|teamsize|p2|6
|start
|switch|p1a: Lycanroc|Lycanroc-Dusk, M|100/100
|switch|p2a: Serperior|Serperior, M|100/100
|turn|1
|
|t:|1769385851
|move|p2a: Serperior|Leaf Storm|p1a: Lycanroc
|-supereffective|p1a: Lycanroc
|-enditem|p1a: Lycanroc|Focus Sash
|-damage|p1a: Lycanroc|1/100
|-boost|p2a: Serperior|spa|2
|move|p1a: Lycanroc|Endeavor|p2a: Serperior
|-damage|p2a: Serperior|1/100
|
|upkeep
|turn|2
|
|t:|1769385868
|switch|p2a: Flygon|Flygon, M|100/100
|move|p1a: Lycanroc|Accelerock|p2a: Flygon
|-resisted|p2a: Flygon
|-damage|p2a: Flygon|84/100
|
|upkeep
|turn|3
|
|t:|1769385875
|move|p2a: Flygon|First Impression|p1a: Lycanroc
|-damage|p1a: Lycanroc|0 fnt
|faint|p1a: Lycanroc
|
|upkeep
|
|t:|1769385882
|switch|p1a: Quaquaval|Quaquaval, M|100/100
|turn|4
|
|t:|1769385896
|move|p2a: Flygon|U-turn|p1a: Quaquaval
|-resisted|p1a: Quaquaval
|-damage|p1a: Quaquaval|87/100
|
|t:|1769385901
|switch|p2a: Corviknight|Corviknight, M|100/100|[from] U-turn
|-ability|p2a: Corviknight|Pressure
|move|p1a: Quaquaval|Aqua Step|p2a: Corviknight
|-damage|p2a: Corviknight|75/100
|-boost|p1a: Quaquaval|spe|1
|-damage|p1a: Quaquaval|71/100|[from] item: Rocky Helmet|[of] p2a: Corviknight
|
|upkeep
|turn|5
|
|t:|1769385912
|move|p1a: Quaquaval|Aqua Step|p2a: Corviknight
|-damage|p2a: Corviknight|49/100
|-boost|p1a: Quaquaval|spe|1
|-damage|p1a: Quaquaval|54/100|[from] item: Rocky Helmet|[of] p2a: Corviknight
|move|p2a: Corviknight|Brave Bird|p1a: Quaquaval
|-supereffective|p1a: Quaquaval
|-damage|p1a: Quaquaval|0 fnt
|faint|p1a: Quaquaval
|-damage|p2a: Corviknight|35/100|[from] Recoil
|
|upkeep
|
|t:|1769385925
|switch|p1a: Enamorus|Enamorus, F|100/100
|turn|6
|
|t:|1769385934
|move|p1a: Enamorus|Mystical Fire|p2a: Corviknight
|-supereffective|p2a: Corviknight
|-damage|p2a: Corviknight|0 fnt
|faint|p2a: Corviknight
|-damage|p1a: Enamorus|91/100|[from] item: Life Orb
|
|upkeep
|inactive|Schrosch has 120 seconds left.
|
|t:|1769385969
|switch|p2a: Probopass|Probopass, F|100/100
|turn|7
|
|t:|1769385974
|move|p1a: Enamorus|Earth Power|p2a: Probopass
|-supereffective|p2a: Probopass
|-damage|p2a: Probopass|0 fnt
|faint|p2a: Probopass
|-damage|p1a: Enamorus|81/100|[from] item: Life Orb
|
|upkeep
|inactive|Schrosch has 120 seconds left.
|
|t:|1769385990
|switch|p2a: Porygon-Z|Porygon-Z|100/100
|turn|8
|
|t:|1769385995
|move|p1a: Enamorus|Moonblast|p2a: Porygon-Z
|-crit|p2a: Porygon-Z
|-damage|p2a: Porygon-Z|0 fnt
|faint|p2a: Porygon-Z
|-damage|p1a: Enamorus|71/100|[from] item: Life Orb
|
|upkeep
|
|t:|1769386005
|switch|p2a: Serperior|Serperior, M|1/100
|turn|9
|
|t:|1769386010
|move|p2a: Serperior|Glare|p1a: Enamorus
|-status|p1a: Enamorus|par
|cant|p1a: Enamorus|par
|
|upkeep
|turn|10
|
|t:|1769386028
|-terastallize|p2a: Serperior|Stellar
|move|p2a: Serperior|Tera Blast|p1a: Enamorus|[anim] Tera Blast Stellar
|-damage|p1a: Enamorus|30/100 par
|-boost|p2a: Serperior|atk|1
|-boost|p2a: Serperior|spa|1
|cant|p1a: Enamorus|par
|
|upkeep
|turn|11
|c|☆Downtownclown|oh come on
|
|t:|1769386039
|move|p2a: Serperior|Tera Blast|p1a: Enamorus|[anim] Tera Blast Stellar
|-damage|p1a: Enamorus|0 fnt
|-boost|p2a: Serperior|atk|1
|-boost|p2a: Serperior|spa|1
|faint|p1a: Enamorus
|
|upkeep
|
|t:|1769386045
|switch|p1a: Darkrai|Darkrai|100/100
|turn|12
|c|☆Schrosch|really? after the crit on porygon?
|c|☆Downtownclown|fair
|
|t:|1769386069
|move|p1a: Darkrai|Ice Beam|p2a: Serperior
|-supereffective|p2a: Serperior
|-damage|p2a: Serperior|0 fnt
|faint|p2a: Serperior
|
|upkeep
|c|☆Downtownclown|lol
|
|t:|1769386077
|switch|p2a: Flygon|Flygon, M|84/100
|turn|13
|
|t:|1769386080
|move|p2a: Flygon|First Impression|p1a: Darkrai
|-supereffective|p1a: Darkrai
|-damage|p1a: Darkrai|30/100
|move|p1a: Darkrai|Ice Beam|p2a: Flygon
|-supereffective|p2a: Flygon
|-damage|p2a: Flygon|0 fnt
|faint|p2a: Flygon
|
|upkeep
|
|t:|1769386084
|switch|p2a: Gardevoir|Gardevoir, F|100/100
|-ability|p2a: Gardevoir|Bad Dreams|Trace|[from] ability: Trace|[of] p1a: Darkrai
|turn|14
|c|☆Downtownclown|how much was it gonna do with no crit
|c|☆Schrosch|gg
|
|t:|1769386091
|move|p1a: Darkrai|Ice Beam|p2a: Gardevoir
|-damage|p2a: Gardevoir|60/100
|move|p2a: Gardevoir|Moonblast|p1a: Darkrai
|-supereffective|p1a: Darkrai
|-damage|p1a: Darkrai|0 fnt
|faint|p1a: Darkrai
|
|upkeep
|
|t:|1769386098
|switch|p1a: Iron Crown|Iron Crown|100/100
|-enditem|p1a: Iron Crown|Booster Energy
|-activate|p1a: Iron Crown|ability: Quark Drive|[fromitem]
|-start|p1a: Iron Crown|quarkdrivespe
|turn|15
|c|☆Schrosch|didnt calc but probably barely lived
|
|t:|1769386113
|move|p1a: Iron Crown|Tachyon Cutter|p2a: Gardevoir
|-supereffective|p2a: Gardevoir
|-damage|p2a: Gardevoir|17/100
|-supereffective|p2a: Gardevoir
|-damage|p2a: Gardevoir|0 fnt
|faint|p2a: Gardevoir
|-hitcount|p2: Gardevoir|2
|
|win|Downtownclown
|raw|Downtownclown's rating: 1326 &rarr; <strong>1342</strong><br />(+16 for winning)
|raw|Schrosch's rating: 1251 &rarr; <strong>1231</strong><br />(-20 for losing)
|c|☆Downtownclown|gg
|l|☆Downtownclown
|player|p1|
|l|☆Schrosch
|player|p2|
