|j|☆Chiavegato1
|j|☆tilda mamoswinton
|t:|1769366109
|gametype|singles
|player|p1|Chiavegato1|youngcouple-gen4dp|1154
|player|p2|tilda mamoswinton|266|1112
|gen|9
|tier|[Gen 9] OU
|rated|
|rule|HP Percentage Mod: HP is shown in percentages
|rule|Endless Battle Clause: Forcing endless battles is banned
|rule|Species Clause: Limit one of each Pokémon
|rule|OHKO Clause: OHKO moves are banned
|rule|Evasion Items Clause: Evasion items are banned
|rule|Evasion Moves Clause: Evasion moves are banned
|rule|Evasion Abilities Clause: Evasion abilities are banned
|rule|Sleep Moves Clause: Sleep-inducing moves are banned
|clearpoke
|poke|p1|Galvantula, F|
|poke|p1|Breloom, F|
|poke|p1|Forretress, F|
|poke|p1|Cinderace, F|
|poke|p1|Alomomola, F|
|poke|p1|Mimikyu, F|
|poke|p2|Regice|
|poke|p2|Heatran, F|
|poke|p2|Sandy Shocks|
|poke|p2|Walking Wake|
|poke|p2|Okidogi, M|
|poke|p2|Exeggutor, M|
|teampreview
|
|t:|1769366120
|teamsize|p1|6
|teamsize|p2|6
|start
|switch|p1a: Galvantula|Galvantula, F|100/100
|switch|p2a: Heatran|Heatran, F|100/100
|turn|1
|
|t:|1769366128
|move|p1a: Galvantula|Sticky Web|p2a: Heatran
|-sidestart|p2: tilda mamoswinton|move: Sticky Web
|move|p2a: Heatran|Magma Storm|p1a: Galvantula
|-supereffective|p1a: Galvantula
|-enditem|p1a: Galvantula|Focus Sash
|-damage|p1a: Galvantula|1/100
|-activate|p1a: Galvantula|move: Magma Storm|[of] p2a: Heatran
|
|-damage|p1a: Galvantula|0 fnt|[from] move: Magma Storm|[partiallytrapped]
|faint|p1a: Galvantula
|upkeep
|
|t:|1769366141
|switch|p1a: Mimikyu|Mimikyu, F|100/100
|turn|2
|
|t:|1769366144
|move|p1a: Mimikyu|Swords Dance|p1a: Mimikyu
|-boost|p1a: Mimikyu|atk|2
|move|p2a: Heatran|Flash Cannon|p1a: Mimikyu
|-activate|p1a: Mimikyu|ability: Disguise
|-damage|p1a: Mimikyu|100/100
|detailschange|p1a: Mimikyu|Mimikyu-Busted, F
|-damage|p1a: Mimikyu|88/100|[from] pokemon: Mimikyu-Busted
|
|upkeep
|turn|3
|
|t:|1769366155
|move|p1a: Mimikyu|Drain Punch|p2a: Heatran
|-supereffective|p2a: Heatran
|-damage|p2a: Heatran|5/100
|-heal|p1a: Mimikyu|100/100|[from] drain|[of] p2a: Heatran
|-damage|p1a: Mimikyu|91/100|[from] item: Life Orb
|move|p2a: Heatran|Flash Cannon|p1a: Mimikyu
|-supereffective|p1a: Mimikyu
|-damage|p1a: Mimikyu|0 fnt
|faint|p1a: Mimikyu
|
|upkeep
|
|t:|1769366166
|switch|p1a: Cinderace|Cinderace, F|100/100
|turn|4
|
|t:|1769366169
|move|p1a: Cinderace|U-turn|p2a: Heatran
|-start|p1a: Cinderace|typechange|Bug|[from] ability: Libero
|-resisted|p2a: Heatran
|-damage|p2a: Heatran|0 fnt
|faint|p2a: Heatran
|
|t:|1769366177
|switch|p1a: Breloom|Breloom, F|100/100|[from] U-turn
|
|-status|p1a: Breloom|tox|[from] item: Toxic Orb
|upkeep
|
|t:|1769366182
|switch|p2a: Exeggutor|Exeggutor, M|100/100
|-activate|p2a: Exeggutor|move: Sticky Web
|-unboost|p2a: Exeggutor|spe|1
|turn|5
|
|t:|1769366191
|move|p1a: Breloom|Bulk Up|p1a: Breloom
|-boost|p1a: Breloom|atk|1
|-boost|p1a: Breloom|def|1
|move|p2a: Exeggutor|Psychic Noise|p1a: Breloom
|-supereffective|p1a: Breloom
|-damage|p1a: Breloom|10/100 tox
|-start|p1a: Breloom|move: Heal Block
|
|upkeep
|turn|6
|
|t:|1769366202
|switch|p1a: Forretress|Forretress, F|100/100
|move|p2a: Exeggutor|Psychic Noise|p1a: Forretress
|-resisted|p1a: Forretress
|-damage|p1a: Forretress|87/100
|-start|p1a: Forretress|move: Heal Block
|
|upkeep
|turn|7
|
|t:|1769366211
|move|p2a: Exeggutor|Stun Spore|p1a: Forretress
|-status|p1a: Forretress|par
|move|p1a: Forretress|Sand Tomb|p2a: Exeggutor
|-resisted|p2a: Exeggutor
|-damage|p2a: Exeggutor|97/100
|-activate|p2a: Exeggutor|move: Sand Tomb|[of] p1a: Forretress
|
|-damage|p2a: Exeggutor|84/100|[from] move: Sand Tomb|[partiallytrapped]
|-end|p1a: Forretress|move: Heal Block
|upkeep
|turn|8
|
|t:|1769366222
|move|p2a: Exeggutor|Psychic Noise|p1a: Forretress
|-resisted|p1a: Forretress
|-damage|p1a: Forretress|71/100 par
|-start|p1a: Forretress|move: Heal Block
|cant|p1a: Forretress|par
|
|-damage|p2a: Exeggutor|72/100|[from] move: Sand Tomb|[partiallytrapped]
|upkeep
|turn|9
|
|t:|1769366230
|move|p2a: Exeggutor|Psychic Noise|p1a: Forretress
|-resisted|p1a: Forretress
|-damage|p1a: Forretress|55/100 par
|cant|p1a: Forretress|par
|
|-damage|p2a: Exeggutor|60/100|[from] move: Sand Tomb|[partiallytrapped]
|-end|p1a: Forretress|move: Heal Block
|upkeep
|turn|10
|
|t:|1769366238
|move|p2a: Exeggutor|Psychic Noise|p1a: Forretress
|-resisted|p1a: Forretress
|-damage|p1a: Forretress|41/100 par
|-start|p1a: Forretress|move: Heal Block
|cant|p1a: Forretress|par
|
|-damage|p2a: Exeggutor|47/100|[from] move: Sand Tomb|[partiallytrapped]
|upkeep
|turn|11
|
|t:|1769366247
|move|p2a: Exeggutor|Psychic Noise|p1a: Forretress
|-resisted|p1a: Forretress
|-damage|p1a: Forretress|26/100 par
|move|p1a: Forretress|Thunder Wave|p2a: Exeggutor
|-status|p2a: Exeggutor|par
|
|-damage|p2a: Exeggutor|35/100 par|[from] move: Sand Tomb|[partiallytrapped]
|-end|p1a: Forretress|move: Heal Block
|upkeep
|turn|12
|
|t:|1769366259
|move|p2a: Exeggutor|Psychic Noise|p1a: Forretress
|-resisted|p1a: Forretress
|-damage|p1a: Forretress|10/100 par
|-start|p1a: Forretress|move: Heal Block
|cant|p1a: Forretress|par
|
|-end|p2a: Exeggutor|Sand Tomb|[partiallytrapped]
|upkeep
|turn|13
|
|t:|1769366267
|move|p2a: Exeggutor|Psychic Noise|p1a: Forretress
|-resisted|p1a: Forretress
|-damage|p1a: Forretress|0 fnt
|faint|p1a: Forretress
|
|upkeep
|
|t:|1769366274
|switch|p1a: Cinderace|Cinderace, F|100/100
|turn|14
|
|t:|1769366284
|move|p1a: Cinderace|U-turn|p2a: Exeggutor
|-start|p1a: Cinderace|typechange|Bug|[from] ability: Libero
|-supereffective|p2a: Exeggutor
|-damage|p2a: Exeggutor|0 fnt
|faint|p2a: Exeggutor
|
|t:|1769366289
|switch|p1a: Breloom|Breloom, F|10/100 tox|[from] U-turn
|
|-heal|p1a: Breloom|22/100 tox|[from] ability: Poison Heal
|upkeep
|
|t:|1769366296
|switch|p2a: Okidogi|Okidogi, M|100/100
|-item|p2a: Okidogi|Air Balloon
|turn|15
|
|t:|1769366303
|move|p1a: Breloom|Protect|p1a: Breloom
|-singleturn|p1a: Breloom|Protect
|move|p2a: Okidogi|Knock Off|p1a: Breloom
|-activate|p1a: Breloom|move: Protect
|
|-heal|p1a: Breloom|34/100 tox|[from] ability: Poison Heal
|upkeep
|turn|16
|
|t:|1769366309
|move|p2a: Okidogi|Gunk Shot|p1a: Breloom
|-supereffective|p1a: Breloom
|-damage|p1a: Breloom|0 fnt
|faint|p1a: Breloom
|
|upkeep
|
|t:|1769366314
|switch|p1a: Cinderace|Cinderace, F|100/100
|turn|17
|
|t:|1769366317
|move|p1a: Cinderace|Zen Headbutt|p2a: Okidogi
|-start|p1a: Cinderace|typechange|Psychic|[from] ability: Libero
|-supereffective|p2a: Okidogi
|-damage|p2a: Okidogi|0 fnt
|-enditem|p2a: Okidogi|Air Balloon
|faint|p2a: Okidogi
|
|upkeep
|
|t:|1769366325
|switch|p2a: Regice|Regice|100/100
|-activate|p2a: Regice|move: Sticky Web
|-fail|p2a: Regice|unboost|[from] ability: Clear Body|[of] p2a: Regice
|turn|18
|
|t:|1769366332
|move|p1a: Cinderace|Flare Blitz|p2a: Regice
|-supereffective|p2a: Regice
|-damage|p2a: Regice|4/100
|-damage|p1a: Cinderace|69/100|[from] Recoil
|move|p2a: Regice|Gravity|p2a: Regice
|-fieldstart|move: Gravity
|
|upkeep
|turn|19
|
|t:|1769366343
|move|p1a: Cinderace|U-turn|p2a: Regice
|-damage|p2a: Regice|0 fnt
|faint|p2a: Regice
|
|t:|1769366348
|switch|p1a: Alomomola|Alomomola, F|100/100|[from] U-turn
|
|upkeep
|
|t:|1769366351
|switch|p2a: Sandy Shocks|Sandy Shocks|100/100
|-activate|p2a: Sandy Shocks|move: Sticky Web
|-unboost|p2a: Sandy Shocks|spe|1
|-enditem|p2a: Sandy Shocks|Booster Energy
|-activate|p2a: Sandy Shocks|ability: Protosynthesis|[fromitem]
|-start|p2a: Sandy Shocks|protosynthesisspa
|turn|20
|
|t:|1769366360
|-terastallize|p2a: Sandy Shocks|Flying
|-terastallize|p1a: Alomomola|Normal
|move|p2a: Sandy Shocks|Zap Cannon|p1a: Alomomola
|-damage|p1a: Alomomola|51/100
|-status|p1a: Alomomola|par
|-enditem|p1a: Alomomola|Red Card|[of] p2a: Sandy Shocks
|-end|p2a: Sandy Shocks|Protosynthesis|[silent]
|drag|p2a: Walking Wake|Walking Wake|100/100
|-activate|p2a: Walking Wake|move: Sticky Web
|-unboost|p2a: Walking Wake|spe|1
|-enditem|p2a: Walking Wake|Booster Energy
|-activate|p2a: Walking Wake|ability: Protosynthesis|[fromitem]
|-start|p2a: Walking Wake|protosynthesisspa
|move|p1a: Alomomola|Wish|p1a: Alomomola
|
|upkeep
|turn|21
|
|t:|1769366377
|move|p2a: Walking Wake|Hydro Pump|p1a: Alomomola
|-damage|p1a: Alomomola|4/100 par
|move|p1a: Alomomola|Flip Turn|p2a: Walking Wake
|-resisted|p2a: Walking Wake
|-damage|p2a: Walking Wake|97/100
|
|t:|1769366383
|switch|p1a: Cinderace|Cinderace, F|69/100|[from] Flip Turn
|
|-heal|p1a: Cinderace|100/100|[from] move: Wish|[wisher] Alomomola
|upkeep
|turn|22
|inactive|Battle timer is ON: inactive players will automatically lose when time's up. (requested by tilda mamoswinton)
|
|t:|1769366394
|move|p1a: Cinderace|Zen Headbutt|p2a: Walking Wake
|-start|p1a: Cinderace|typechange|Psychic|[from] ability: Libero
|-damage|p2a: Walking Wake|54/100
|move|p2a: Walking Wake|Hydro Pump|p1a: Cinderace
|-damage|p1a: Cinderace|10/100
|
|-fieldend|move: Gravity
|upkeep
|turn|23
|
|t:|1769366402
|move|p1a: Cinderace|Zen Headbutt|p2a: Walking Wake
|-crit|p2a: Walking Wake
|-damage|p2a: Walking Wake|0 fnt
|faint|p2a: Walking Wake
|-end|p2a: Walking Wake|Protosynthesis|[silent]
|
|upkeep
|
|t:|1769366406
|switch|p2a: Sandy Shocks|Sandy Shocks, tera:Flying|100/100
|turn|24
|
|t:|1769366411
|move|p1a: Cinderace|U-turn|p2a: Sandy Shocks
|-resisted|p2a: Sandy Shocks
|-damage|p2a: Sandy Shocks|89/100
|
|t:|1769366413
|switch|p1a: Alomomola|Alomomola, F, tera:Normal|37/100 par|[from] U-turn
|move|p2a: Sandy Shocks|Earth Power|p1a: Alomomola
|-damage|p1a: Alomomola|7/100 par
|
|upkeep
|turn|25
|
|t:|1769366423
|move|p2a: Sandy Shocks|Earth Power|p1a: Alomomola
|-damage|p1a: Alomomola|0 fnt
|faint|p1a: Alomomola
|
|upkeep
|
|t:|1769366427
|switch|p1a: Cinderace|Cinderace, F|10/100
|turn|26
|
|t:|1769366436
|move|p1a: Cinderace|Flare Blitz|p2a: Sandy Shocks
|-damage|p2a: Sandy Shocks|32/100
|-status|p2a: Sandy Shocks|brn
|-damage|p1a: Cinderace|0 fnt|[from] Recoil
|faint|p1a: Cinderace
|
|win|tilda mamoswinton
|raw|Chiavegato1's rating: 1154 &rarr; <strong>1126</strong><br />(-28 for losing)
|raw|tilda mamoswinton's rating: 1112 &rarr; <strong>1140</strong><br />(+28 for winning)
|l|☆Chiavegato1
|player|p1|
|l|☆tilda mamoswinton
|player|p2|
