|j|☆CheersForTears
|j|☆pogchimp970314
|t:|1769340014
|gametype|singles
|player|p1|CheersForTears|2|1291
|player|p2|pogchimp970314|elesa-masters|1270
|gen|9
|tier|[Gen 9] OU
|rated|
|rule|HP Percentage Mod: HP is shown in percentages
|rule|Endless Battle Clause: Forcing endless battles is banned
|rule|Species Clause: Limit one of each Pokémon
|rule|OHKO Clause: OHKO moves are banned
|rule|Evasion Items Clause: Evasion items are banned
|rule|Evasion Moves Clause: Evasion moves are banned
|rule|Evasion Abilities Clause: Evasion abilities are banned
|rule|Sleep Moves Clause: Sleep-inducing moves are banned
|clearpoke
|poke|p1|Ribombee, F|
|poke|p1|Gholdengo|
|poke|p1|Glimmora, M|
|poke|p1|Enamorus, F|
|poke|p1|Iron Hands|
|poke|p1|Flareon, M|
|poke|p2|Dragapult, M|
|poke|p2|Gholdengo|
|poke|p2|Enamorus, F|
|poke|p2|Iron Valiant|
|poke|p2|Zapdos-Galar|
|poke|p2|Dragonite, F|
|teampreview
|inactive|Battle timer is ON: inactive players will automatically lose when time's up. (requested by CheersForTears)
|inactive|pogchimp970314 also wants the timer to be on.
|
|t:|1769340023
|teamsize|p1|6
|teamsize|p2|6
|start
|switch|p1a: Ribombee|Ribombee, F, shiny|100/100
|switch|p2a: Gholdengo|Gholdengo|100/100
|turn|1
|
|t:|1769340026
|move|p2a: Gholdengo|Shadow Ball|p1a: Ribombee
|-damage|p1a: Ribombee|27/100
|move|p1a: Ribombee|Sticky Web|p2a: Gholdengo
|-sidestart|p2: pogchimp970314|move: Sticky Web
|
|upkeep
|turn|2
|
|t:|1769340030
|move|p2a: Gholdengo|Shadow Ball|p1a: Ribombee
|-damage|p1a: Ribombee|0 fnt
|faint|p1a: Ribombee
|
|upkeep
|
|t:|1769340038
|switch|p1a: Flareon|Flareon, M|100/100
|turn|3
|
|t:|1769340049
|move|p2a: Gholdengo|Shadow Ball|p1a: Flareon
|-damage|p1a: Flareon|48/100
|-unboost|p1a: Flareon|spd|1
|move|p1a: Flareon|Trailblaze|p2a: Gholdengo
|-resisted|p2a: Gholdengo
|-damage|p2a: Gholdengo|90/100
|-boost|p1a: Flareon|spe|1
|
|upkeep
|turn|4
|
|t:|1769340061
|-terastallize|p1a: Flareon|Normal
|move|p2a: Gholdengo|Shadow Ball|p1a: Flareon
|-immune|p1a: Flareon
|move|p1a: Flareon|Trailblaze|p2a: Gholdengo
|-resisted|p2a: Gholdengo
|-damage|p2a: Gholdengo|79/100
|-boost|p1a: Flareon|spe|1
|
|-status|p1a: Flareon|brn|[from] item: Flame Orb
|upkeep
|turn|5
|
|t:|1769340069
|switch|p2a: Dragonite|Dragonite, F|100/100
|move|p1a: Flareon|Flare Blitz|p2a: Dragonite
|-resisted|p2a: Dragonite
|-crit|p2a: Dragonite
|-damage|p2a: Dragonite|61/100
|-damage|p1a: Flareon|33/100 brn|[from] Recoil
|
|-damage|p1a: Flareon|27/100 brn|[from] brn
|upkeep
|turn|6
|
|t:|1769340072
|move|p2a: Dragonite|Extreme Speed|p1a: Flareon
|-crit|p1a: Flareon
|-damage|p1a: Flareon|0 fnt
|faint|p1a: Flareon
|
|upkeep
|
|t:|1769340075
|switch|p1a: Enamorus|Enamorus, F|100/100
|turn|7
|
|t:|1769340077
|move|p2a: Dragonite|Extreme Speed|p1a: Enamorus
|-damage|p1a: Enamorus|24/100
|move|p1a: Enamorus|Moonblast|p2a: Dragonite
|-supereffective|p2a: Dragonite
|-damage|p2a: Dragonite|0 fnt
|faint|p2a: Dragonite
|
|upkeep
|
|t:|1769340084
|switch|p2a: Zapdos|Zapdos-Galar|100/100
|turn|8
|
|t:|1769340091
|switch|p1a: Gholdengo|Gholdengo|100/100
|-item|p1a: Gholdengo|Air Balloon
|move|p2a: Zapdos|Brave Bird|p1a: Gholdengo
|-resisted|p1a: Gholdengo
|-damage|p1a: Gholdengo|77/100
|-enditem|p1a: Gholdengo|Air Balloon
|-damage|p2a: Zapdos|91/100|[from] Recoil
|
|upkeep
|turn|9
|
|t:|1769340111
|switch|p2a: Gholdengo|Gholdengo|79/100
|-activate|p2a: Gholdengo|move: Sticky Web
|-unboost|p2a: Gholdengo|spe|1
|move|p1a: Gholdengo|Shadow Ball|p2a: Gholdengo
|-supereffective|p2a: Gholdengo
|-damage|p2a: Gholdengo|0 fnt
|faint|p2a: Gholdengo
|
|upkeep
|
|t:|1769340116
|switch|p2a: Dragapult|Dragapult, M|100/100
|-activate|p2a: Dragapult|move: Sticky Web
|-fail|p2a: Dragapult|unboost|[from] ability: Clear Body|[of] p2a: Dragapult
|turn|10
|
|t:|1769340134
|switch|p1a: Iron Hands|Iron Hands, shiny|100/100
|-enditem|p1a: Iron Hands|Booster Energy
|-activate|p1a: Iron Hands|ability: Quark Drive|[fromitem]
|-start|p1a: Iron Hands|quarkdriveatk
|-terastallize|p2a: Dragapult|Ghost
|move|p2a: Dragapult|Tera Blast|p1a: Iron Hands|[anim] Tera Blast Ghost
|-damage|p1a: Iron Hands|58/100
|
|upkeep
|turn|11
|
|t:|1769340159
|move|p2a: Dragapult|Tera Blast|p1a: Iron Hands|[anim] Tera Blast Ghost
|-damage|p1a: Iron Hands|11/100
|move|p1a: Iron Hands|Supercell Slam|p2a: Dragapult
|-damage|p2a: Dragapult|2/100
|
|upkeep
|turn|12
|
|t:|1769340167
|move|p2a: Dragapult|Tera Blast|p1a: Iron Hands|[anim] Tera Blast Ghost
|-damage|p1a: Iron Hands|0 fnt
|faint|p1a: Iron Hands
|-end|p1a: Iron Hands|Quark Drive|[silent]
|
|upkeep
|
|t:|1769340169
|switch|p1a: Glimmora|Glimmora, M, shiny|100/100
|turn|13
|
|t:|1769340183
|move|p2a: Dragapult|Tera Blast|p1a: Glimmora|[anim] Tera Blast Ghost
|-damage|p1a: Glimmora|0 fnt
|-activate|p1a: Glimmora|ability: Toxic Debris
|-sidestart|p2: pogchimp970314|move: Toxic Spikes
|faint|p1a: Glimmora
|
|upkeep
|-message|CheersForTears forfeited.
|
|win|pogchimp970314
|raw|CheersForTears's rating: 1291 &rarr; <strong>1264</strong><br />(-27 for losing)
|raw|pogchimp970314's rating: 1270 &rarr; <strong>1297</strong><br />(+27 for winning)
|l|☆CheersForTears
|player|p1|
|l|☆pogchimp970314
|player|p2|
