|j|☆Slim Summers
|j|☆blckd out
|t:|1769378637
|gametype|singles
|player|p1|Slim Summers|blue|1643
|player|p2|blckd out|lucas-gen4pt|1653
|gen|9
|tier|[Gen 9] OU
|rated|
|rule|HP Percentage Mod: HP is shown in percentages
|rule|Endless Battle Clause: Forcing endless battles is banned
|rule|Species Clause: Limit one of each Pokémon
|rule|OHKO Clause: OHKO moves are banned
|rule|Evasion Items Clause: Evasion items are banned
|rule|Evasion Moves Clause: Evasion moves are banned
|rule|Evasion Abilities Clause: Evasion abilities are banned
|rule|Sleep Moves Clause: Sleep-inducing moves are banned
|clearpoke
|poke|p1|Darkrai|
|poke|p1|Great Tusk|
|poke|p1|Zapdos|
|poke|p1|Tyranitar, M|
|poke|p1|Arcanine-Hisui, M|
|poke|p1|Rillaboom, M|
|poke|p2|Gholdengo|
|poke|p2|Raging Bolt|
|poke|p2|Ceruledge, M|
|poke|p2|Ribombee, F|
|poke|p2|Ogerpon-Wellspring, F|
|poke|p2|Great Tusk|
|teampreview
|inactive|Battle timer is ON: inactive players will automatically lose when time's up. (requested by blckd out)
|
|t:|1769378662
|teamsize|p1|6
|teamsize|p2|6
|start
|switch|p1a: Tyranitar|Tyranitar, M|100/100
|switch|p2a: Ceruledge|Ceruledge, M|100/100
|-weather|Sandstorm|[from] ability: Sand Stream|[of] p1a: Tyranitar
|turn|1
|
|t:|1769378684
|move|p2a: Ceruledge|Close Combat|p1a: Tyranitar
|-supereffective|p1a: Tyranitar
|-damage|p1a: Tyranitar|0 fnt
|-unboost|p2a: Ceruledge|def|1
|-unboost|p2a: Ceruledge|spd|1
|faint|p1a: Tyranitar
|
|-weather|Sandstorm|[upkeep]
|-damage|p2a: Ceruledge|94/100|[from] Sandstorm
|upkeep
|
|t:|1769378702
|switch|p1a: Arcanine|Arcanine-Hisui, M|100/100
|turn|2
|
|t:|1769378721
|switch|p2a: Great Tusk|Great Tusk|100/100
|-enditem|p2a: Great Tusk|Booster Energy
|-activate|p2a: Great Tusk|ability: Protosynthesis|[fromitem]
|-start|p2a: Great Tusk|protosynthesisatk
|move|p1a: Arcanine|Flare Blitz|p2a: Great Tusk
|-damage|p2a: Great Tusk|42/100
|
|-weather|Sandstorm|[upkeep]
|upkeep
|turn|3
|
|t:|1769378730
|move|p1a: Arcanine|Flare Blitz|p2a: Great Tusk
|-damage|p2a: Great Tusk|0 fnt
|faint|p2a: Great Tusk
|-end|p2a: Great Tusk|Protosynthesis|[silent]
|
|-weather|Sandstorm|[upkeep]
|upkeep
|
|t:|1769378735
|switch|p2a: Raging Bolt|Raging Bolt|100/100
|-enditem|p2a: Raging Bolt|Booster Energy
|-activate|p2a: Raging Bolt|ability: Protosynthesis|[fromitem]
|-start|p2a: Raging Bolt|protosynthesisspa
|turn|4
|
|t:|1769378744
|switch|p1a: Rillaboom|Rillaboom, M|100/100
|-fieldstart|move: Grassy Terrain|[from] ability: Grassy Surge|[of] p1a: Rillaboom
|move|p2a: Raging Bolt|Dragon Pulse|p1a: Rillaboom
|-damage|p1a: Rillaboom|25/100
|
|-weather|Sandstorm|[upkeep]
|-damage|p2a: Raging Bolt|94/100|[from] Sandstorm
|-damage|p1a: Rillaboom|18/100|[from] Sandstorm
|-heal|p2a: Raging Bolt|100/100|[from] Grassy Terrain
|-heal|p1a: Rillaboom|25/100|[from] Grassy Terrain
|upkeep
|turn|5
|
|t:|1769378764
|switch|p1a: Great Tusk|Great Tusk|100/100
|move|p2a: Raging Bolt|Thunderclap||[still]
|-fail|p2a: Raging Bolt
|
|-weather|none
|upkeep
|turn|6
|
|t:|1769378784
|move|p1a: Great Tusk|Headlong Rush|p2a: Raging Bolt
|-supereffective|p2a: Raging Bolt
|-damage|p2a: Raging Bolt|0 fnt
|-unboost|p1a: Great Tusk|def|1
|-unboost|p1a: Great Tusk|spd|1
|faint|p2a: Raging Bolt
|-end|p2a: Raging Bolt|Protosynthesis|[silent]
|
|upkeep
|
|t:|1769378787
|switch|p2a: Ogerpon|Ogerpon-Wellspring, F|100/100
|turn|7
|
|t:|1769378797
|-end|p1a: Great Tusk|Protosynthesis|[silent]
|switch|p1a: Zapdos|Zapdos|100/100
|move|p2a: Ogerpon|Ivy Cudgel|p1a: Zapdos|[anim] Ivy Cudgel Water
|-damage|p1a: Zapdos|61/100
|
|upkeep
|turn|8
|
|t:|1769378827
|move|p2a: Ogerpon|Swords Dance|p2a: Ogerpon
|-boost|p2a: Ogerpon|atk|2
|move|p1a: Zapdos|Volt Switch|p2a: Ogerpon
|-damage|p2a: Ogerpon|64/100
|
|t:|1769378842
|switch|p1a: Arcanine|Arcanine-Hisui, M|100/100|[from] Volt Switch
|
|-heal|p2a: Ogerpon|70/100|[from] Grassy Terrain
|-fieldend|move: Grassy Terrain
|upkeep
|turn|9
|
|t:|1769378857
|-terastallize|p2a: Ogerpon|Water
|detailschange|p2a: Ogerpon|Ogerpon-Wellspring-Tera, F, tera:Water
|-ability|p2a: Ogerpon|Embody Aspect (Wellspring)|boost
|-boost|p2a: Ogerpon|spd|1
|-terastallize|p1a: Arcanine|Normal
|move|p1a: Arcanine|Extreme Speed|p2a: Ogerpon
|-damage|p2a: Ogerpon|0 fnt
|faint|p2a: Ogerpon
|detailschange|p2: Ogerpon|Ogerpon-Wellspring, F|[silent]
|
|upkeep
|
|t:|1769378869
|switch|p2a: Ceruledge|Ceruledge, M|94/100
|turn|10
|
|t:|1769378875
|switch|p1a: Zapdos|Zapdos|61/100
|move|p2a: Ceruledge|Swords Dance|p2a: Ceruledge
|-boost|p2a: Ceruledge|atk|2
|
|upkeep
|turn|11
|
|t:|1769378883
|move|p2a: Ceruledge|Poltergeist|p1a: Zapdos
|-activate|p1a: Zapdos|move: Poltergeist|Heavy-Duty Boots
|-damage|p1a: Zapdos|0 fnt
|faint|p1a: Zapdos
|
|upkeep
|
|t:|1769378888
|switch|p1a: Arcanine|Arcanine-Hisui, M, tera:Normal|100/100
|turn|12
|
|t:|1769378896
|move|p1a: Arcanine|Head Smash|p2a: Ceruledge
|-supereffective|p2a: Ceruledge
|-crit|p2a: Ceruledge
|-damage|p2a: Ceruledge|0 fnt
|faint|p2a: Ceruledge
|
|upkeep
|-message|blckd out forfeited.
|
|win|Slim Summers
|raw|Slim Summers's rating: 1643 &rarr; <strong>1664</strong><br />(+21 for winning)
|raw|blckd out's rating: 1653 &rarr; <strong>1632</strong><br />(-21 for losing)
|l|☆blckd out
|player|p2|
|l|☆Slim Summers
|player|p1|
