|j|☆Schrosch
|j|☆SKHD1998
|t:|1769318651
|gametype|singles
|player|p1|Schrosch|169|1144
|player|p2|SKHD1998|veteran|1212
|gen|9
|tier|[Gen 9] OU
|rated|
|rule|HP Percentage Mod: HP is shown in percentages
|rule|Endless Battle Clause: Forcing endless battles is banned
|rule|Species Clause: Limit one of each Pokémon
|rule|OHKO Clause: OHKO moves are banned
|rule|Evasion Items Clause: Evasion items are banned
|rule|Evasion Moves Clause: Evasion moves are banned
|rule|Evasion Abilities Clause: Evasion abilities are banned
|rule|Sleep Moves Clause: Sleep-inducing moves are banned
|clearpoke
|poke|p1|Porygon-Z|
|poke|p1|Gardevoir, M|
|poke|p1|Probopass, M|
|poke|p1|Corviknight, M|
|poke|p1|Serperior, F|
|poke|p1|Donphan, F|
|poke|p2|Skarmory, M|
|poke|p2|Rillaboom, F|
|poke|p2|Raging Bolt|
|poke|p2|Moltres-Galar|
|poke|p2|Heatran, F|
|poke|p2|Primarina, F|
|teampreview
|
|t:|1769318685
|teamsize|p1|6
|teamsize|p2|6
|start
|switch|p1a: Porygon-Z|Porygon-Z|100/100
|switch|p2a: Moltres|Moltres-Galar|100/100
|turn|1
|inactive|Battle timer is ON: inactive players will automatically lose when time's up. (requested by Schrosch)
|
|t:|1769318701
|move|p1a: Porygon-Z|Nasty Plot|p1a: Porygon-Z
|-boost|p1a: Porygon-Z|spa|2
|move|p2a: Moltres|Fiery Wrath|p1a: Porygon-Z
|-damage|p1a: Porygon-Z|49/100
|
|upkeep
|turn|2
|
|t:|1769318716
|-terastallize|p1a: Porygon-Z|Dark
|move|p1a: Porygon-Z|Thunderbolt|p2a: Moltres
|-supereffective|p2a: Moltres
|-damage|p2a: Moltres|0 fnt
|faint|p2a: Moltres
|
|upkeep
|
|t:|1769318722
|switch|p2a: Rillaboom|Rillaboom, F|100/100
|-fieldstart|move: Grassy Terrain|[from] ability: Grassy Surge|[of] p2a: Rillaboom
|turn|3
|
|t:|1769318731
|switch|p1a: Corviknight|Corviknight, M|100/100
|-ability|p1a: Corviknight|Pressure
|-terastallize|p2a: Rillaboom|Grass
|move|p2a: Rillaboom|Grassy Glide|p1a: Corviknight
|-resisted|p1a: Corviknight
|-damage|p1a: Corviknight|92/100
|-damage|p2a: Rillaboom|84/100|[from] item: Rocky Helmet|[of] p1a: Corviknight
|
|-heal|p2a: Rillaboom|90/100|[from] Grassy Terrain
|upkeep
|turn|4
|
|t:|1769318750
|switch|p2a: Heatran|Heatran, F|100/100
|-item|p2a: Heatran|Air Balloon
|move|p1a: Corviknight|U-turn|p2a: Heatran
|-resisted|p2a: Heatran
|-damage|p2a: Heatran|98/100
|-enditem|p2a: Heatran|Air Balloon
|
|t:|1769318758
|switch|p1a: Probopass|Probopass, M|100/100|[from] U-turn
|
|-heal|p2a: Heatran|100/100|[from] Grassy Terrain
|upkeep
|turn|5
|inactive|Schrosch has 120 seconds left.
|
|t:|1769318793
|switch|p1a: Donphan|Donphan, F|100/100
|move|p2a: Heatran|Earth Power|p1a: Donphan
|-damage|p1a: Donphan|52/100
|
|-heal|p1a: Donphan|58/100|[from] Grassy Terrain
|-heal|p1a: Donphan|65/100|[from] item: Leftovers
|upkeep
|turn|6
|inactive|Schrosch has 120 seconds left.
|
|t:|1769318807
|switch|p2a: Skarmory|Skarmory, M|100/100
|switch|p1a: Gardevoir|Gardevoir, M|100/100
|-ability|p1a: Gardevoir|Weak Armor|Trace|[from] ability: Trace|[of] p2a: Skarmory
|
|upkeep
|turn|7
|
|t:|1769318821
|switch|p2a: Heatran|Heatran, F|100/100
|move|p1a: Gardevoir|Will-O-Wisp|p2a: Heatran
|-start|p2a: Heatran|ability: Flash Fire
|
|-fieldend|move: Grassy Terrain
|upkeep
|turn|8
|inactive|Schrosch has 120 seconds left.
|
|t:|1769318844
|switch|p1a: Serperior|Serperior, F|100/100
|move|p2a: Heatran|Magma Storm|p1a: Serperior
|-supereffective|p1a: Serperior
|-damage|p1a: Serperior|0 fnt
|faint|p1a: Serperior
|
|upkeep
|
|t:|1769318850
|switch|p1a: Gardevoir|Gardevoir, M|100/100
|-ability|p1a: Gardevoir|Flash Fire|Trace|[from] ability: Trace|[of] p2a: Heatran
|turn|9
|inactive|Schrosch has 120 seconds left.
|
|t:|1769318859
|move|p1a: Gardevoir|Substitute|p1a: Gardevoir
|-start|p1a: Gardevoir|Substitute
|-damage|p1a: Gardevoir|76/100
|move|p2a: Heatran|Flash Cannon|p1a: Gardevoir
|-supereffective|p1a: Gardevoir
|-end|p1a: Gardevoir|Substitute
|
|upkeep
|turn|10
|inactive|Schrosch has 120 seconds left.
|
|t:|1769318869
|move|p1a: Gardevoir|Moonblast|p2a: Heatran
|-resisted|p2a: Heatran
|-damage|p2a: Heatran|92/100
|move|p2a: Heatran|Flash Cannon|p1a: Gardevoir
|-supereffective|p1a: Gardevoir
|-damage|p1a: Gardevoir|0 fnt
|faint|p1a: Gardevoir
|
|upkeep
|inactive|Schrosch has 120 seconds left.
|
|t:|1769318881
|switch|p1a: Donphan|Donphan, F|65/100
|turn|11
|
|t:|1769318894
|-end|p2a: Heatran|ability: Flash Fire|[silent]
|switch|p2a: Skarmory|Skarmory, M|100/100
|move|p1a: Donphan|Earthquake|p2a: Skarmory
|-immune|p2a: Skarmory
|
|-heal|p1a: Donphan|71/100|[from] item: Leftovers
|upkeep
|turn|12
|
|t:|1769318907
|switch|p1a: Corviknight|Corviknight, M|92/100
|-ability|p1a: Corviknight|Pressure
|move|p2a: Skarmory|Swords Dance|p2a: Skarmory
|-boost|p2a: Skarmory|atk|2
|
|upkeep
|turn|13
|
|t:|1769318917
|move|p2a: Skarmory|Swords Dance|p2a: Skarmory
|-boost|p2a: Skarmory|atk|2
|move|p1a: Corviknight|U-turn|p2a: Skarmory
|-resisted|p2a: Skarmory
|-damage|p2a: Skarmory|97/100
|-ability|p2a: Skarmory|Weak Armor|boost
|-unboost|p2a: Skarmory|def|1
|-boost|p2a: Skarmory|spe|2
|inactive|Schrosch has 120 seconds left.
|
|t:|1769318933
|switch|p1a: Probopass|Probopass, M|100/100|[from] U-turn
|
|upkeep
|turn|14
|
|t:|1769318940
|move|p2a: Skarmory|Drill Run|p1a: Probopass
|-supereffective|p1a: Probopass
|-damage|p1a: Probopass|0 fnt
|faint|p1a: Probopass
|
|upkeep
|
|t:|1769318947
|switch|p1a: Corviknight|Corviknight, M|92/100
|-ability|p1a: Corviknight|Pressure
|turn|15
|
|t:|1769318954
|move|p2a: Skarmory|Brave Bird|p1a: Corviknight
|-resisted|p1a: Corviknight
|-damage|p1a: Corviknight|47/100
|-damage|p2a: Skarmory|81/100|[from] item: Rocky Helmet|[of] p1a: Corviknight
|-damage|p2a: Skarmory|59/100|[from] Recoil
|move|p1a: Corviknight|Brave Bird|p2a: Skarmory
|-resisted|p2a: Skarmory
|-crit|p2a: Skarmory
|-damage|p2a: Skarmory|17/100
|-ability|p2a: Skarmory|Weak Armor|boost
|-unboost|p2a: Skarmory|def|1
|-boost|p2a: Skarmory|spe|2
|-damage|p1a: Corviknight|38/100|[from] Recoil
|
|upkeep
|turn|16
|
|t:|1769318970
|move|p2a: Skarmory|Brave Bird|p1a: Corviknight
|-resisted|p1a: Corviknight
|-damage|p1a: Corviknight|0 fnt
|-damage|p2a: Skarmory|0 fnt|[from] item: Rocky Helmet|[of] p1a: Corviknight
|faint|p1a: Corviknight
|faint|p2a: Skarmory
|
|upkeep
|inactive|Schrosch has 120 seconds left.
|-message|Schrosch forfeited.
|
|win|SKHD1998
|raw|Schrosch's rating: 1144 &rarr; <strong>1124</strong><br />(-20 for losing)
|raw|SKHD1998's rating: 1212 &rarr; <strong>1232</strong><br />(+20 for winning)
|l|☆Schrosch
|player|p1|
