|j|☆BIGBODY55
|j|☆lucariodr
|t:|1769311900
|gametype|singles
|player|p1|BIGBODY55|thorton|1282
|player|p2|lucariodr|lucas-gen4pt|1279
|gen|9
|tier|[Gen 9] OU
|rated|
|rule|HP Percentage Mod: HP is shown in percentages
|rule|Endless Battle Clause: Forcing endless battles is banned
|rule|Species Clause: Limit one of each Pokémon
|rule|OHKO Clause: OHKO moves are banned
|rule|Evasion Items Clause: Evasion items are banned
|rule|Evasion Moves Clause: Evasion moves are banned
|rule|Evasion Abilities Clause: Evasion abilities are banned
|rule|Sleep Moves Clause: Sleep-inducing moves are banned
|clearpoke
|poke|p1|Torterra, F|
|poke|p1|Flygon, M|
|poke|p1|Hoopa-Unbound|
|poke|p1|Hitmonlee, M|
|poke|p1|Haunter, M|
|poke|p1|Azumarill, F|
|poke|p2|Lucario, M|
|poke|p2|Sceptile, M|
|poke|p2|Gholdengo|
|poke|p2|Kingambit, M|
|poke|p2|Garganacl, M|
|poke|p2|Quaquaval, M|
|teampreview
|
|t:|1769311905
|teamsize|p1|6
|teamsize|p2|6
|start
|switch|p1a: Torterra|Torterra, F, shiny|100/100
|switch|p2a: Garganacl|Garganacl, M|100/100
|turn|1
|inactive|Battle timer is ON: inactive players will automatically lose when time's up. (requested by BIGBODY55)
|
|t:|1769311911
|-terastallize|p2a: Garganacl|Ghost
|move|p1a: Torterra|Shell Smash|p1a: Torterra
|-unboost|p1a: Torterra|def|1
|-unboost|p1a: Torterra|spd|1
|-boost|p1a: Torterra|atk|2
|-boost|p1a: Torterra|spa|2
|-boost|p1a: Torterra|spe|2
|move|p2a: Garganacl|Salt Cure|p1a: Torterra
|-resisted|p1a: Torterra
|-damage|p1a: Torterra|90/100
|-start|p1a: Torterra|Salt Cure
|
|-damage|p1a: Torterra|78/100|[from] Salt Cure
|upkeep
|turn|2
|
|t:|1769311915
|move|p1a: Torterra|Shell Smash|p1a: Torterra
|-unboost|p1a: Torterra|def|1
|-unboost|p1a: Torterra|spd|1
|-boost|p1a: Torterra|atk|2
|-boost|p1a: Torterra|spa|2
|-boost|p1a: Torterra|spe|2
|move|p2a: Garganacl|Stealth Rock|p1a: Torterra
|-sidestart|p1: BIGBODY55|move: Stealth Rock
|
|-damage|p1a: Torterra|66/100|[from] Salt Cure
|upkeep
|turn|3
|
|t:|1769311924
|switch|p2a: Sceptile|Sceptile, M|100/100
|move|p1a: Torterra|Headlong Rush|p2a: Sceptile
|-resisted|p2a: Sceptile
|-crit|p2a: Sceptile
|-damage|p2a: Sceptile|0 fnt
|-unboost|p1a: Torterra|def|1
|-unboost|p1a: Torterra|spd|1
|faint|p2a: Sceptile
|
|-damage|p1a: Torterra|53/100|[from] Salt Cure
|upkeep
|
|t:|1769311940
|switch|p2a: Lucario|Lucario, M|100/100
|turn|4
|
|t:|1769311944
|switch|p1a: Haunter|Haunter, M, shiny|100/100
|-damage|p1a: Haunter|88/100|[from] Stealth Rock
|move|p2a: Lucario|Aura Sphere|p1a: Haunter
|-immune|p1a: Haunter
|
|upkeep
|turn|5
|
|t:|1769311950
|move|p2a: Lucario|Bullet Punch|p1a: Haunter
|-damage|p1a: Haunter|34/100
|move|p1a: Haunter|Shadow Ball|p2a: Lucario
|-damage|p2a: Lucario|33/100
|
|upkeep
|turn|6
|
|t:|1769311961
|switch|p1a: Azumarill|Azumarill, F, shiny|100/100
|-damage|p1a: Azumarill|88/100|[from] Stealth Rock
|move|p2a: Lucario|Bullet Punch|p1a: Azumarill
|-damage|p1a: Azumarill|63/100
|
|upkeep
|turn|7
|
|t:|1769311970
|move|p1a: Azumarill|Aqua Jet|p2a: Lucario
|-damage|p2a: Lucario|0 fnt
|faint|p2a: Lucario
|
|upkeep
|
|t:|1769311977
|switch|p2a: Garganacl|Garganacl, M, tera:Ghost|100/100
|turn|8
|
|t:|1769311985
|-terastallize|p1a: Azumarill|Steel
|move|p1a: Azumarill|Belly Drum|p1a: Azumarill
|-damage|p1a: Azumarill|13/100
|-setboost|p1a: Azumarill|atk|6|[from] move: Belly Drum
|-enditem|p1a: Azumarill|Sitrus Berry|[eat]
|-heal|p1a: Azumarill|38/100|[from] item: Sitrus Berry
|move|p2a: Garganacl|Iron Defense|p2a: Garganacl
|-boost|p2a: Garganacl|def|2
|
|upkeep
|turn|9
|
|t:|1769311991
|move|p1a: Azumarill|Liquidation|p2a: Garganacl
|-damage|p2a: Garganacl|41/100
|move|p2a: Garganacl|Body Press|p1a: Azumarill
|-supereffective|p1a: Azumarill
|-damage|p1a: Azumarill|0 fnt
|faint|p1a: Azumarill
|
|-heal|p2a: Garganacl|47/100|[from] item: Leftovers
|upkeep
|
|t:|1769311995
|switch|p1a: Haunter|Haunter, M, shiny|34/100
|-damage|p1a: Haunter|21/100|[from] Stealth Rock
|turn|10
|
|t:|1769311998
|move|p1a: Haunter|Shadow Ball|p2a: Garganacl
|-supereffective|p2a: Garganacl
|-damage|p2a: Garganacl|10/100
|move|p2a: Garganacl|Salt Cure|p1a: Haunter
|-damage|p1a: Haunter|0 fnt
|faint|p1a: Haunter
|
|-heal|p2a: Garganacl|16/100|[from] item: Leftovers
|upkeep
|
|t:|1769312008
|switch|p1a: Hoopa|Hoopa-Unbound|100/100
|-damage|p1a: Hoopa|88/100|[from] Stealth Rock
|turn|11
|
|t:|1769312010
|move|p1a: Hoopa|Hyperspace Fury|p2a: Garganacl
|-supereffective|p2a: Garganacl
|-damage|p2a: Garganacl|0 fnt
|-unboost|p1a: Hoopa|def|1
|faint|p2a: Garganacl
|
|upkeep
|
|t:|1769312014
|switch|p2a: Quaquaval|Quaquaval, M|100/100
|turn|12
|
|t:|1769312041
|switch|p1a: Flygon|Flygon, M|100/100
|-damage|p1a: Flygon|95/100|[from] Stealth Rock
|move|p2a: Quaquaval|Aqua Step|p1a: Flygon
|-damage|p1a: Flygon|38/100
|-boost|p2a: Quaquaval|spe|1
|
|upkeep
|turn|13
|
|t:|1769312052
|move|p2a: Quaquaval|Triple Axel|p1a: Flygon|[miss]
|-miss|p2a: Quaquaval|p1a: Flygon
|move|p1a: Flygon|Scale Shot|p2a: Quaquaval|[miss]
|-miss|p1a: Flygon|p2a: Quaquaval
|
|upkeep
|turn|14
|inactive|BIGBODY55 has 120 seconds left.
|
|t:|1769312081
|switch|p1a: Hoopa|Hoopa-Unbound|88/100
|-damage|p1a: Hoopa|76/100|[from] Stealth Rock
|move|p2a: Quaquaval|Aqua Step|p1a: Hoopa
|-damage|p1a: Hoopa|11/100
|-boost|p2a: Quaquaval|spe|1
|
|upkeep
|turn|15
|
|t:|1769312092
|move|p2a: Quaquaval|Aqua Step|p1a: Hoopa
|-damage|p1a: Hoopa|0 fnt
|-boost|p2a: Quaquaval|spe|1
|faint|p1a: Hoopa
|-ability|p2a: Quaquaval|Moxie|boost
|-boost|p2a: Quaquaval|atk|1
|
|upkeep
|
|t:|1769312095
|switch|p1a: Hitmonlee|Hitmonlee, M, shiny|100/100
|-damage|p1a: Hitmonlee|94/100|[from] Stealth Rock
|turn|16
|
|t:|1769312099
|move|p2a: Quaquaval|Aqua Step|p1a: Hitmonlee
|-crit|p1a: Hitmonlee
|-damage|p1a: Hitmonlee|0 fnt
|-boost|p2a: Quaquaval|spe|1
|faint|p1a: Hitmonlee
|-ability|p2a: Quaquaval|Moxie|boost
|-boost|p2a: Quaquaval|atk|1
|
|upkeep
|-message|BIGBODY55 forfeited.
|
|win|lucariodr
|raw|BIGBODY55's rating: 1282 &rarr; <strong>1257</strong><br />(-25 for losing)
|raw|lucariodr's rating: 1279 &rarr; <strong>1304</strong><br />(+25 for winning)
|l|☆BIGBODY55
|player|p1|
|l|☆lucariodr
|player|p2|
