|j|☆Yaoshi
|j|☆jibreel69
|t:|1769426443
|gametype|singles
|player|p1|Yaoshi|silver-masters|1535
|player|p2|jibreel69|depotagent|1567
|gen|9
|tier|[Gen 9] OU
|rated|
|rule|HP Percentage Mod: HP is shown in percentages
|rule|Endless Battle Clause: Forcing endless battles is banned
|rule|Species Clause: Limit one of each Pokémon
|rule|OHKO Clause: OHKO moves are banned
|rule|Evasion Items Clause: Evasion items are banned
|rule|Evasion Moves Clause: Evasion moves are banned
|rule|Evasion Abilities Clause: Evasion abilities are banned
|rule|Sleep Moves Clause: Sleep-inducing moves are banned
|clearpoke
|poke|p1|Cinderace, M|
|poke|p1|Dragonite, F|
|poke|p1|Iron Valiant|
|poke|p1|Snorlax, M|
|poke|p1|Primarina, F|
|poke|p1|Skarmory, M|
|poke|p2|Landorus-Therian, M|
|poke|p2|Gholdengo|
|poke|p2|Ting-Lu|
|poke|p2|Corviknight, M|
|poke|p2|Ogerpon-Wellspring, F|
|poke|p2|Zamazenta-*|
|teampreview
|inactive|Battle timer is ON: inactive players will automatically lose when time's up. (requested by Yaoshi)
|
|t:|1769426465
|teamsize|p1|6
|teamsize|p2|6
|start
|switch|p1a: One Hit Wonder|Cinderace, M|100/100
|switch|p2a: Landorus|Landorus-Therian, M|100/100
|-ability|p2a: Landorus|Intimidate|boost
|-unboost|p1a: One Hit Wonder|atk|1
|turn|1
|
|t:|1769426472
|switch|p1a: Skarmory|Skarmory, M|100/100
|move|p2a: Landorus|Earthquake|p1a: Skarmory
|-immune|p1a: Skarmory
|
|upkeep
|turn|2
|
|t:|1769426483
|switch|p2a: Corviknight|Corviknight, M|100/100
|-ability|p2a: Corviknight|Pressure
|move|p1a: Skarmory|Whirlwind|p2a: Corviknight
|drag|p2a: Gholdengo|Gholdengo|100/100
|
|upkeep
|turn|3
|
|t:|1769426499
|switch|p1a: Babe Ruth|Iron Valiant, shiny|100/100
|-enditem|p1a: Babe Ruth|Booster Energy
|-activate|p1a: Babe Ruth|ability: Quark Drive|[fromitem]
|-start|p1a: Babe Ruth|quarkdrivespe
|move|p2a: Gholdengo|Thunderbolt|p1a: Babe Ruth
|-damage|p1a: Babe Ruth|0 fnt
|faint|p1a: Babe Ruth
|-end|p1a: Babe Ruth|Quark Drive|[silent]
|
|upkeep
|
|t:|1769426511
|switch|p1a: One Hit Wonder|Cinderace, M|100/100
|turn|4
|
|t:|1769426528
|switch|p2a: Landorus|Landorus-Therian, M|100/100
|-ability|p2a: Landorus|Intimidate|boost
|-unboost|p1a: One Hit Wonder|atk|1
|move|p1a: One Hit Wonder|Pyro Ball|p2a: Landorus
|-damage|p2a: Landorus|48/100
|
|upkeep
|turn|5
|
|t:|1769426540
|switch|p1a: Skarmory|Skarmory, M|100/100
|move|p2a: Landorus|Stealth Rock|p1a: Skarmory
|-sidestart|p1: Yaoshi|move: Stealth Rock
|
|upkeep
|turn|6
|
|t:|1769426551
|switch|p2a: Gholdengo|Gholdengo|100/100
|switch|p1a: One Hit Wonder|Cinderace, M|100/100
|
|upkeep
|turn|7
|
|t:|1769426562
|switch|p2a: Ting-Lu|Ting-Lu|100/100
|-ability|p2a: Ting-Lu|Vessel of Ruin
|move|p1a: One Hit Wonder|Sucker Punch||[still]
|-fail|p1a: One Hit Wonder
|
|upkeep
|turn|8
|
|t:|1769426571
|move|p1a: One Hit Wonder|Court Change|p1a: One Hit Wonder
|-start|p1a: One Hit Wonder|typechange|Normal|[from] ability: Libero
|-swapsideconditions
|-activate|p1a: One Hit Wonder|move: Court Change
|move|p2a: Ting-Lu|Earthquake|p1a: One Hit Wonder
|-damage|p1a: One Hit Wonder|49/100
|
|upkeep
|turn|9
|
|t:|1769426580
|switch|p1a: Ayami Sato|Primarina, F, shiny|100/100
|move|p2a: Ting-Lu|Ruination|p1a: Ayami Sato
|-damage|p1a: Ayami Sato|50/100
|
|-heal|p1a: Ayami Sato|57/100|[from] item: Leftovers
|upkeep
|turn|10
|
|t:|1769426586
|move|p1a: Ayami Sato|Draining Kiss|p2a: Ting-Lu
|-supereffective|p2a: Ting-Lu
|-damage|p2a: Ting-Lu|82/100
|-heal|p1a: Ayami Sato|76/100|[from] drain|[of] p2a: Ting-Lu
|move|p2a: Ting-Lu|Earthquake|p1a: Ayami Sato
|-damage|p1a: Ayami Sato|47/100
|
|-heal|p1a: Ayami Sato|54/100|[from] item: Leftovers
|-heal|p2a: Ting-Lu|88/100|[from] item: Leftovers
|upkeep
|turn|11
|
|t:|1769426596
|switch|p2a: Ogerpon|Ogerpon-Wellspring, F|100/100
|-damage|p2a: Ogerpon|88/100|[from] Stealth Rock
|move|p1a: Ayami Sato|Psychic Noise|p2a: Ogerpon
|-heal|p2a: Ogerpon|100/100|[from] ability: Water Absorb|[of] p1a: Ayami Sato
|
|-heal|p1a: Ayami Sato|60/100|[from] item: Leftovers
|upkeep
|turn|12
|
|t:|1769426605
|switch|p1a: Skarmory|Skarmory, M|100/100
|move|p2a: Ogerpon|Knock Off|p1a: Skarmory
|-damage|p1a: Skarmory|81/100
|-damage|p2a: Ogerpon|84/100|[from] item: Rocky Helmet|[of] p1a: Skarmory
|-enditem|p1a: Skarmory|Rocky Helmet|[from] move: Knock Off|[of] p2a: Ogerpon
|
|upkeep
|turn|13
|
|t:|1769426619
|switch|p2a: Corviknight|Corviknight, M|100/100
|-damage|p2a: Corviknight|88/100|[from] Stealth Rock
|-ability|p2a: Corviknight|Pressure
|move|p1a: Skarmory|Brave Bird|p2a: Corviknight
|-resisted|p2a: Corviknight
|-damage|p2a: Corviknight|79/100
|-damage|p1a: Skarmory|64/100|[from] item: Rocky Helmet|[of] p2a: Corviknight
|-damage|p1a: Skarmory|60/100|[from] Recoil
|
|upkeep
|turn|14
|
|t:|1769426630
|move|p1a: Skarmory|Roost|p1a: Skarmory
|-heal|p1a: Skarmory|100/100
|-singleturn|p1a: Skarmory|move: Roost
|move|p2a: Corviknight|Defog|p1a: Skarmory
|-unboost|p1a: Skarmory|evasion|1
|-sideend|p2: jibreel69|Stealth Rock|[from] move: Defog|[of] p2a: Corviknight
|
|upkeep
|turn|15
|
|t:|1769426649
|switch|p1a: Homerun|Snorlax, M, shiny|100/100
|move|p2a: Corviknight|U-turn|p1a: Homerun
|-damage|p1a: Homerun|87/100
|
|t:|1769426665
|switch|p2a: Landorus|Landorus-Therian, M|48/100|[from] U-turn
|-ability|p2a: Landorus|Intimidate|boost
|-unboost|p1a: Homerun|atk|1
|
|upkeep
|turn|16
|
|t:|1769426672
|move|p2a: Landorus|U-turn|p1a: Homerun
|-damage|p1a: Homerun|62/100
|
|t:|1769426678
|switch|p2a: Gholdengo|Gholdengo|100/100|[from] U-turn
|move|p1a: Homerun|Body Slam|p2a: Gholdengo
|-immune|p2a: Gholdengo
|
|upkeep
|turn|17
|
|t:|1769426685
|move|p2a: Gholdengo|Focus Blast|p1a: Homerun
|-supereffective|p1a: Homerun
|-crit|p1a: Homerun
|-damage|p1a: Homerun|0 fnt
|faint|p1a: Homerun
|
|upkeep
|
|t:|1769426696
|switch|p1a: One Hit Wonder|Cinderace, M|49/100
|turn|18
|
|t:|1769426701
|switch|p2a: Ting-Lu|Ting-Lu|88/100
|-ability|p2a: Ting-Lu|Vessel of Ruin
|move|p1a: One Hit Wonder|Sucker Punch||[still]
|-fail|p1a: One Hit Wonder
|
|-heal|p2a: Ting-Lu|94/100|[from] item: Leftovers
|upkeep
|turn|19
|-message|Yaoshi forfeited.
|
|win|jibreel69
|raw|Yaoshi's rating: 1535 &rarr; <strong>1517</strong><br />(-18 for losing)
|raw|jibreel69's rating: 1567 &rarr; <strong>1585</strong><br />(+18 for winning)
|l|☆Yaoshi
|player|p1|
