|j|☆222pokemon
|j|☆sunwinged
|t:|1769398429
|gametype|singles
|player|p1|222pokemon|silver|1142
|player|p2|sunwinged|shadowtriad|1161
|gen|9
|tier|[Gen 9] OU
|rated|
|rule|HP Percentage Mod: HP is shown in percentages
|rule|Endless Battle Clause: Forcing endless battles is banned
|rule|Species Clause: Limit one of each Pokémon
|rule|OHKO Clause: OHKO moves are banned
|rule|Evasion Items Clause: Evasion items are banned
|rule|Evasion Moves Clause: Evasion moves are banned
|rule|Evasion Abilities Clause: Evasion abilities are banned
|rule|Sleep Moves Clause: Sleep-inducing moves are banned
|clearpoke
|poke|p1|Ninetales, M|
|poke|p1|Talonflame, M|
|poke|p1|Ceruledge, M|
|poke|p1|Armarouge, M|
|poke|p1|Scovillain, M|
|poke|p1|Camerupt, M|
|poke|p2|Braviary, M|
|poke|p2|Tyranitar, M|
|poke|p2|Dragapult, M|
|poke|p2|Enamorus, F|
|poke|p2|Mismagius, M|
|poke|p2|Scizor, M|
|teampreview
|
|t:|1769398440
|teamsize|p1|6
|teamsize|p2|6
|start
|switch|p1a: Camerupt|Camerupt, M, shiny|100/100
|switch|p2a: Dragapult|Dragapult, M|100/100
|turn|1
|inactive|Battle timer is ON: inactive players will automatically lose when time's up. (requested by 222pokemon)
|
|t:|1769398449
|move|p2a: Dragapult|Draco Meteor|p1a: Camerupt|[miss]
|-miss|p2a: Dragapult|p1a: Camerupt
|move|p1a: Camerupt|Will-O-Wisp|p2a: Dragapult
|-status|p2a: Dragapult|brn
|
|-damage|p2a: Dragapult|95/100 brn|[from] brn
|upkeep
|turn|2
|
|t:|1769398457
|move|p2a: Dragapult|Draco Meteor|p1a: Camerupt|[miss]
|-miss|p2a: Dragapult|p1a: Camerupt
|move|p1a: Camerupt|Stealth Rock|p2a: Dragapult
|-sidestart|p2: sunwinged|move: Stealth Rock
|
|-damage|p2a: Dragapult|89/100 brn|[from] brn
|upkeep
|turn|3
|
|t:|1769398464
|move|p2a: Dragapult|Draco Meteor|p1a: Camerupt
|-damage|p1a: Camerupt|49/100
|-unboost|p2a: Dragapult|spa|2
|-damage|p2a: Dragapult|79/100 brn|[from] item: Life Orb
|move|p1a: Camerupt|Earth Power|p2a: Dragapult
|-damage|p2a: Dragapult|35/100 brn
|
|-damage|p2a: Dragapult|29/100 brn|[from] brn
|upkeep
|turn|4
|
|t:|1769398475
|move|p2a: Dragapult|U-turn|p1a: Camerupt
|-resisted|p1a: Camerupt
|-damage|p1a: Camerupt|40/100
|-damage|p2a: Dragapult|13/100 brn|[from] item: Rocky Helmet|[of] p1a: Camerupt
|-damage|p2a: Dragapult|3/100 brn|[from] item: Life Orb
|
|t:|1769398481
|switch|p2a: Tyranitar|Tyranitar, M|100/100|[from] U-turn
|-damage|p2a: Tyranitar|88/100|[from] Stealth Rock
|-weather|Sandstorm|[from] ability: Sand Stream|[of] p2a: Tyranitar
|move|p1a: Camerupt|Lava Plume|p2a: Tyranitar
|-resisted|p2a: Tyranitar
|-damage|p2a: Tyranitar|82/100
|-status|p2a: Tyranitar|brn
|
|-weather|Sandstorm|[upkeep]
|-damage|p2a: Tyranitar|76/100 brn|[from] brn
|upkeep
|turn|5
|
|t:|1769398493
|move|p2a: Tyranitar|Earthquake|p1a: Camerupt
|-supereffective|p1a: Camerupt
|-damage|p1a: Camerupt|0 fnt
|faint|p1a: Camerupt
|
|-weather|Sandstorm|[upkeep]
|-damage|p2a: Tyranitar|70/100 brn|[from] brn
|upkeep
|
|t:|1769398500
|switch|p1a: Ninetales|Ninetales, M, shiny|100/100
|-weather|SunnyDay|[from] ability: Drought|[of] p1a: Ninetales
|turn|6
|
|t:|1769398509
|move|p1a: Ninetales|Solar Beam||[still]
|-prepare|p1a: Ninetales|Solar Beam
|-anim|p1a: Ninetales|Solar Beam|p2a: Tyranitar
|-supereffective|p2a: Tyranitar
|-damage|p2a: Tyranitar|36/100 brn
|move|p2a: Tyranitar|Stone Edge|p1a: Ninetales|[miss]
|-miss|p2a: Tyranitar|p1a: Ninetales
|
|-weather|SunnyDay|[upkeep]
|-damage|p2a: Tyranitar|30/100 brn|[from] brn
|upkeep
|turn|7
|
|t:|1769398518
|switch|p2a: Dragapult|Dragapult, M|3/100 brn
|-damage|p2a: Dragapult|0 fnt|[from] Stealth Rock
|faint|p2a: Dragapult
|move|p1a: Ninetales|Solar Beam||[still]
|-prepare|p1a: Ninetales|Solar Beam
|-anim|p1a: Ninetales|Solar Beam|p2: Dragapult|[notarget]
|-fail|p1a: Ninetales
|
|-weather|SunnyDay|[upkeep]
|upkeep
|
|t:|1769398520
|switch|p2a: Tyranitar|Tyranitar, M|30/100 brn
|-damage|p2a: Tyranitar|17/100 brn|[from] Stealth Rock
|-weather|Sandstorm|[from] ability: Sand Stream|[of] p2a: Tyranitar
|turn|8
|
|t:|1769398539
|switch|p1a: Armarouge|Armarouge, M, shiny|100/100
|move|p2a: Tyranitar|Stone Edge|p1a: Armarouge
|-supereffective|p1a: Armarouge
|-damage|p1a: Armarouge|51/100
|-ability|p1a: Armarouge|Weak Armor|boost
|-unboost|p1a: Armarouge|def|1
|-boost|p1a: Armarouge|spe|2
|
|-weather|Sandstorm|[upkeep]
|-damage|p1a: Armarouge|45/100|[from] Sandstorm
|-damage|p2a: Tyranitar|11/100 brn|[from] brn
|upkeep
|turn|9
|
|t:|1769398560
|move|p1a: Armarouge|Energy Ball|p2a: Tyranitar
|-supereffective|p2a: Tyranitar
|-damage|p2a: Tyranitar|0 fnt
|faint|p2a: Tyranitar
|-damage|p1a: Armarouge|35/100|[from] item: Life Orb
|
|-weather|Sandstorm|[upkeep]
|-damage|p1a: Armarouge|29/100|[from] Sandstorm
|upkeep
|
|t:|1769398571
|switch|p2a: Mismagius|Mismagius, M|100/100
|-damage|p2a: Mismagius|88/100|[from] Stealth Rock
|turn|10
|
|t:|1769398579
|move|p1a: Armarouge|Expanding Force|p2a: Mismagius
|-damage|p2a: Mismagius|27/100
|-damage|p1a: Armarouge|19/100|[from] item: Life Orb
|move|p2a: Mismagius|Shadow Ball|p1a: Armarouge
|-supereffective|p1a: Armarouge
|-damage|p1a: Armarouge|0 fnt
|faint|p1a: Armarouge
|
|-weather|Sandstorm|[upkeep]
|-damage|p2a: Mismagius|20/100|[from] Sandstorm
|upkeep
|
|t:|1769398589
|switch|p1a: Ceruledge|Ceruledge, M, shiny|100/100
|turn|11
|
|t:|1769398594
|move|p1a: Ceruledge|Shadow Sneak|p2a: Mismagius
|-supereffective|p2a: Mismagius
|-damage|p2a: Mismagius|0 fnt
|faint|p2a: Mismagius
|
|-weather|Sandstorm|[upkeep]
|-damage|p1a: Ceruledge|94/100|[from] Sandstorm
|upkeep
|
|t:|1769398598
|switch|p2a: Braviary|Braviary, M|100/100
|-damage|p2a: Braviary|75/100|[from] Stealth Rock
|turn|12
|
|t:|1769398605
|move|p1a: Ceruledge|Swords Dance|p1a: Ceruledge
|-boost|p1a: Ceruledge|atk|2
|move|p2a: Braviary|Brave Bird|p1a: Ceruledge
|-damage|p1a: Ceruledge|0 fnt
|faint|p1a: Ceruledge
|-damage|p2a: Braviary|53/100|[from] Recoil
|
|-weather|none
|upkeep
|
|t:|1769398613
|switch|p1a: Ninetales|Ninetales, M, shiny|100/100
|-weather|SunnyDay|[from] ability: Drought|[of] p1a: Ninetales
|turn|13
|
|t:|1769398620
|move|p1a: Ninetales|Weather Ball|p2a: Braviary
|-damage|p2a: Braviary|0 fnt
|faint|p2a: Braviary
|
|-weather|SunnyDay|[upkeep]
|upkeep
|
|t:|1769398623
|switch|p2a: Enamorus|Enamorus, F|100/100
|-damage|p2a: Enamorus|76/100|[from] Stealth Rock
|turn|14
|
|t:|1769398640
|-terastallize|p2a: Enamorus|Fairy
|move|p2a: Enamorus|Calm Mind|p2a: Enamorus
|-boost|p2a: Enamorus|spa|1
|-boost|p2a: Enamorus|spd|1
|move|p1a: Ninetales|Weather Ball|p2a: Enamorus
|-damage|p2a: Enamorus|19/100
|
|-weather|SunnyDay|[upkeep]
|-heal|p2a: Enamorus|25/100|[from] item: Leftovers
|upkeep
|turn|15
|
|t:|1769398650
|move|p2a: Enamorus|Earth Power|p1a: Ninetales
|-supereffective|p1a: Ninetales
|-damage|p1a: Ninetales|0 fnt
|faint|p1a: Ninetales
|
|-weather|SunnyDay|[upkeep]
|-heal|p2a: Enamorus|32/100|[from] item: Leftovers
|upkeep
|
|t:|1769398656
|switch|p1a: Scovillain|Scovillain, M, shiny|100/100
|turn|16
|
|t:|1769398665
|move|p1a: Scovillain|Growth|p1a: Scovillain
|-boost|p1a: Scovillain|atk|2
|-boost|p1a: Scovillain|spa|2
|move|p2a: Enamorus|Psychic|p1a: Scovillain
|-damage|p1a: Scovillain|10/100
|
|-weather|SunnyDay|[upkeep]
|-heal|p2a: Enamorus|38/100|[from] item: Leftovers
|upkeep
|turn|17
|
|t:|1769398675
|-terastallize|p1a: Scovillain|Steel
|move|p1a: Scovillain|Tera Blast|p2a: Enamorus|[anim] Tera Blast Steel
|-supereffective|p2a: Enamorus
|-damage|p2a: Enamorus|0 fnt
|faint|p2a: Enamorus
|
|-weather|SunnyDay|[upkeep]
|upkeep
|
|t:|1769398678
|switch|p2a: Scizor|Scizor, M|100/100
|-damage|p2a: Scizor|88/100|[from] Stealth Rock
|turn|18
|
|t:|1769398686
|move|p1a: Scovillain|Overheat|p2a: Scizor
|-supereffective|p2a: Scizor
|-damage|p2a: Scizor|0 fnt
|-unboost|p1a: Scovillain|spa|2
|faint|p2a: Scizor
|
|win|222pokemon
|raw|222pokemon's rating: 1142 &rarr; <strong>1168</strong><br />(+26 for winning)
|raw|sunwinged's rating: 1161 &rarr; <strong>1135</strong><br />(-26 for losing)
|l|☆sunwinged
|player|p2|
|l|☆222pokemon
|player|p1|
