|j|☆supmydvde
|j|‽LT_Alt1
|t:|1769416380
|gametype|singles
|player|p1|supmydvde|169|1654
|player|p2|LT_Alt1|169|1564
|gen|9
|tier|[Gen 9] OU
|rated|
|rule|HP Percentage Mod: HP is shown in percentages
|rule|Endless Battle Clause: Forcing endless battles is banned
|rule|Species Clause: Limit one of each Pokémon
|rule|OHKO Clause: OHKO moves are banned
|rule|Evasion Items Clause: Evasion items are banned
|rule|Evasion Moves Clause: Evasion moves are banned
|rule|Evasion Abilities Clause: Evasion abilities are banned
|rule|Sleep Moves Clause: Sleep-inducing moves are banned
|clearpoke
|poke|p1|Ogerpon-Wellspring, F|
|poke|p1|Raging Bolt|
|poke|p1|Cinderace, M|
|poke|p1|Corviknight, M|
|poke|p1|Ting-Lu|
|poke|p1|Gengar, F|
|poke|p2|Darkrai|
|poke|p2|Slowking-Galar, F|
|poke|p2|Gholdengo|
|poke|p2|Iron Treads|
|poke|p2|Raging Bolt|
|poke|p2|Gliscor, F|
|teampreview
|inactive|Battle timer is ON: inactive players will automatically lose when time's up. (requested by supmydvde)
|
|t:|1769416391
|teamsize|p1|6
|teamsize|p2|6
|start
|switch|p1a: Ogerpon|Ogerpon-Wellspring, F|100/100
|switch|p2a: Slowking|Slowking-Galar, F|100/100
|turn|1
|
|t:|1769416397
|switch|p1a: Corviknight|Corviknight, M|100/100
|move|p2a: Slowking|Thunder Wave|p1a: Corviknight|[miss]
|-miss|p2a: Slowking|p1a: Corviknight
|
|upkeep
|turn|2
|
|t:|1769416404
|move|p1a: Corviknight|U-turn|p2a: Slowking
|-damage|p2a: Slowking|87/100
|
|t:|1769416407
|switch|p1a: Ting-Lu|Ting-Lu|100/100|[from] U-turn
|-ability|p1a: Ting-Lu|Vessel of Ruin
|-prepare|p2a: Slowking|Chilly Reception|[premajor]
|move|p2a: Slowking|Chilly Reception|p2a: Slowking
|-weather|Snowscape
|j| Tbccc15
|
|t:|1769416410
|switch|p2a: Gliscor|Gliscor, F|100/100|[from] Chilly Reception
|
|-weather|Snowscape|[upkeep]
|-status|p2a: Gliscor|tox|[from] item: Toxic Orb
|upkeep
|turn|3
|
|t:|1769416421
|switch|p1a: Corviknight|Corviknight, M|100/100
|move|p2a: Gliscor|Toxic|p1a: Corviknight
|-immune|p1a: Corviknight
|
|-weather|Snowscape|[upkeep]
|upkeep
|turn|4
|
|t:|1769416428
|move|p2a: Gliscor|Spikes|p1a: Corviknight
|-sidestart|p1: supmydvde|Spikes
|move|p1a: Corviknight|U-turn|p2a: Gliscor
|-resisted|p2a: Gliscor
|-damage|p2a: Gliscor|95/100 tox
|
|t:|1769416437
|switch|p1a: Ogerpon|Ogerpon-Wellspring, F|100/100|[from] U-turn
|-damage|p1a: Ogerpon|88/100|[from] Spikes
|
|-weather|Snowscape|[upkeep]
|-heal|p2a: Gliscor|100/100 tox|[from] ability: Poison Heal
|upkeep
|turn|5
|
|t:|1769416445
|move|p1a: Ogerpon|Swords Dance|p1a: Ogerpon
|-boost|p1a: Ogerpon|atk|2
|move|p2a: Gliscor|Toxic|p1a: Ogerpon
|-status|p1a: Ogerpon|tox
|
|-weather|Snowscape|[upkeep]
|-damage|p1a: Ogerpon|82/100 tox|[from] psn
|upkeep
|turn|6
|
|t:|1769416454
|move|p2a: Gliscor|Protect|p2a: Gliscor
|-singleturn|p2a: Gliscor|Protect
|move|p1a: Ogerpon|Swords Dance|p1a: Ogerpon
|-boost|p1a: Ogerpon|atk|2
|
|-weather|none
|-damage|p1a: Ogerpon|70/100 tox|[from] psn
|upkeep
|turn|7
|
|t:|1769416464
|switch|p2a: Raging Bolt|Raging Bolt|100/100
|move|p1a: Ogerpon|Play Rough|p2a: Raging Bolt|[miss]
|-miss|p1a: Ogerpon|p2a: Raging Bolt
|
|-damage|p1a: Ogerpon|52/100 tox|[from] psn
|upkeep
|turn|8
|
|t:|1769416473
|move|p2a: Raging Bolt|Thunderclap|p1a: Ogerpon
|-damage|p1a: Ogerpon|9/100 tox
|move|p1a: Ogerpon|Play Rough|p2a: Raging Bolt
|-supereffective|p2a: Raging Bolt
|-damage|p2a: Raging Bolt|0 fnt
|faint|p2a: Raging Bolt
|-end|p2a: Raging Bolt|Protosynthesis|[silent]
|
|-damage|p1a: Ogerpon|0 fnt|[from] psn
|faint|p1a: Ogerpon
|upkeep
|
|t:|1769416484
|switch|p1a: Cinderace|Cinderace, M|100/100
|switch|p2a: Gliscor|Gliscor, F|100/100 tox
|-damage|p1a: Cinderace|88/100|[from] Spikes
|turn|9
|
|t:|1769416491
|move|p1a: Cinderace|Pyro Ball|p2a: Gliscor
|-damage|p2a: Gliscor|38/100 tox
|move|p2a: Gliscor|Toxic|p1a: Cinderace
|-status|p1a: Cinderace|tox
|
|-damage|p1a: Cinderace|82/100 tox|[from] psn
|-heal|p2a: Gliscor|50/100 tox|[from] ability: Poison Heal
|upkeep
|turn|10
|
|t:|1769416501
|move|p2a: Gliscor|Protect|p2a: Gliscor
|-singleturn|p2a: Gliscor|Protect
|move|p1a: Cinderace|Pyro Ball|p2a: Gliscor
|-activate|p2a: Gliscor|move: Protect
|
|-damage|p1a: Cinderace|70/100 tox|[from] psn
|-heal|p2a: Gliscor|62/100 tox|[from] ability: Poison Heal
|upkeep
|turn|11
|
|t:|1769416512
|-terastallize|p1a: Cinderace|Fire
|-terastallize|p2a: Gliscor|Water
|move|p1a: Cinderace|Pyro Ball|p2a: Gliscor
|-resisted|p2a: Gliscor
|-damage|p2a: Gliscor|16/100 tox
|move|p2a: Gliscor|Knock Off|p1a: Cinderace
|-damage|p1a: Cinderace|40/100 tox
|-enditem|p1a: Cinderace|Choice Band|[from] move: Knock Off|[of] p2a: Gliscor
|
|-damage|p1a: Cinderace|22/100 tox|[from] psn
|-heal|p2a: Gliscor|28/100 tox|[from] ability: Poison Heal
|upkeep
|turn|12
|
|t:|1769416527
|switch|p1a: Raging Bolt|Raging Bolt|100/100
|-damage|p1a: Raging Bolt|88/100|[from] Spikes
|-enditem|p1a: Raging Bolt|Booster Energy
|-activate|p1a: Raging Bolt|ability: Protosynthesis|[fromitem]
|-start|p1a: Raging Bolt|protosynthesisspa
|move|p2a: Gliscor|Spikes|p1a: Raging Bolt
|-sidestart|p1: supmydvde|Spikes
|
|-heal|p2a: Gliscor|41/100 tox|[from] ability: Poison Heal
|upkeep
|turn|13
|
|t:|1769416538
|switch|p2a: Iron Treads|Iron Treads|100/100
|move|p1a: Raging Bolt|Dragon Pulse|p2a: Iron Treads
|-resisted|p2a: Iron Treads
|-damage|p2a: Iron Treads|60/100
|
|upkeep
|turn|14
|
|t:|1769416546
|-end|p1a: Raging Bolt|Protosynthesis|[silent]
|switch|p1a: Corviknight|Corviknight, M|100/100
|move|p2a: Iron Treads|Earthquake|p1a: Corviknight
|-immune|p1a: Corviknight
|
|upkeep
|turn|15
|
|t:|1769416552
|-end|p2a: Iron Treads|Quark Drive|[silent]
|switch|p2a: Gholdengo|Gholdengo|100/100
|move|p1a: Corviknight|U-turn|p2a: Gholdengo
|-resisted|p2a: Gholdengo
|-damage|p2a: Gholdengo|96/100
|
|t:|1769416558
|switch|p1a: Ting-Lu|Ting-Lu|100/100|[from] U-turn
|-damage|p1a: Ting-Lu|84/100|[from] Spikes
|-ability|p1a: Ting-Lu|Vessel of Ruin
|
|-heal|p1a: Ting-Lu|90/100|[from] item: Leftovers
|upkeep
|turn|16
|
|t:|1769416572
|switch|p2a: Gliscor|Gliscor, F, tera:Water|41/100 tox
|move|p1a: Ting-Lu|Earthquake|p2a: Gliscor
|-damage|p2a: Gliscor|11/100 tox
|
|-heal|p1a: Ting-Lu|96/100|[from] item: Leftovers
|-heal|p2a: Gliscor|24/100 tox|[from] ability: Poison Heal
|upkeep
|turn|17
|
|t:|1769416583
|switch|p1a: Gengar|Gengar, F|100/100
|-damage|p1a: Gengar|84/100|[from] Spikes
|move|p2a: Gliscor|Protect||[still]
|-fail|p2a: Gliscor
|
|-heal|p2a: Gliscor|36/100 tox|[from] ability: Poison Heal
|upkeep
|turn|18
|
|t:|1769416593
|move|p2a: Gliscor|Protect|p2a: Gliscor
|-singleturn|p2a: Gliscor|Protect
|move|p1a: Gengar|Shadow Ball|p2a: Gliscor
|-activate|p2a: Gliscor|move: Protect
|
|-heal|p2a: Gliscor|49/100 tox|[from] ability: Poison Heal
|upkeep
|turn|19
|
|t:|1769416603
|switch|p2a: Darkrai|Darkrai|100/100
|move|p1a: Gengar|Shadow Ball|p2a: Darkrai
|-resisted|p2a: Darkrai
|-damage|p2a: Darkrai|76/100
|
|-heal|p2a: Darkrai|82/100|[from] item: Leftovers
|upkeep
|turn|20
|
|t:|1769416613
|switch|p1a: Corviknight|Corviknight, M|100/100
|move|p2a: Darkrai|Nasty Plot|p2a: Darkrai
|-boost|p2a: Darkrai|spa|2
|
|-heal|p2a: Darkrai|88/100|[from] item: Leftovers
|upkeep
|turn|21
|
|t:|1769416622
|move|p2a: Darkrai|Dark Pulse|p1a: Corviknight
|-damage|p1a: Corviknight|22/100
|cant|p1a: Corviknight|flinch
|
|-heal|p2a: Darkrai|94/100|[from] item: Leftovers
|-heal|p1a: Corviknight|29/100|[from] item: Leftovers
|upkeep
|turn|22
|-message|supmydvde forfeited.
|
|win|LT_Alt1
|raw|supmydvde's rating: 1654 &rarr; <strong>1629</strong><br />(-25 for losing)
|raw|LT_Alt1's rating: 1564 &rarr; <strong>1589</strong><br />(+25 for winning)
|l|☆supmydvde
|player|p1|
