|j|☆praveenkumart236
|j|☆elpets
|t:|1769358687
|gametype|singles
|player|p1|praveenkumart236|1|1586
|player|p2|elpets|infielder|1632
|gen|9
|tier|[Gen 9] OU
|rated|
|rule|HP Percentage Mod: HP is shown in percentages
|rule|Endless Battle Clause: Forcing endless battles is banned
|rule|Species Clause: Limit one of each Pokémon
|rule|OHKO Clause: OHKO moves are banned
|rule|Evasion Items Clause: Evasion items are banned
|rule|Evasion Moves Clause: Evasion moves are banned
|rule|Evasion Abilities Clause: Evasion abilities are banned
|rule|Sleep Moves Clause: Sleep-inducing moves are banned
|clearpoke
|poke|p1|Farigiraf, F|
|poke|p1|Kingambit, F|
|poke|p1|Raging Bolt|
|poke|p1|Pecharunt|
|poke|p1|Great Tusk|
|poke|p1|Grimmsnarl, M|
|poke|p2|Hatterene, F|
|poke|p2|Dragonite, F|
|poke|p2|Breloom, M|
|poke|p2|Azumarill, F|
|poke|p2|Great Tusk|
|poke|p2|Skeledirge, M|
|teampreview
|inactive|Battle timer is ON: inactive players will automatically lose when time's up. (requested by praveenkumart236)
|
|t:|1769358700
|teamsize|p1|6
|teamsize|p2|6
|start
|switch|p1a: Grimmsnarl|Grimmsnarl, M|100/100
|switch|p2a: Azumarill|Azumarill, F|100/100
|turn|1
|j| NShF
|
|t:|1769358707
|move|p1a: Grimmsnarl|Parting Shot|p2a: Azumarill
|-unboost|p2a: Azumarill|atk|1
|-unboost|p2a: Azumarill|spa|1
|
|t:|1769358710
|switch|p1a: Pecharunt|Pecharunt|100/100|[from] Parting Shot
|-item|p1a: Pecharunt|Air Balloon
|move|p2a: Azumarill|Play Rough|p1a: Pecharunt
|-resisted|p1a: Pecharunt
|-damage|p1a: Pecharunt|89/100
|-enditem|p1a: Pecharunt|Air Balloon
|
|upkeep
|turn|2
|
|t:|1769358740
|move|p1a: Pecharunt|Nasty Plot|p1a: Pecharunt
|-boost|p1a: Pecharunt|spa|2
|move|p2a: Azumarill|Knock Off|p1a: Pecharunt
|-supereffective|p1a: Pecharunt
|-damage|p1a: Pecharunt|69/100
|
|upkeep
|turn|3
|
|t:|1769358751
|switch|p2a: Skeledirge|Skeledirge, M|100/100
|move|p1a: Pecharunt|Malignant Chain|p2a: Skeledirge
|-resisted|p2a: Skeledirge
|-damage|p2a: Skeledirge|85/100
|
|upkeep
|turn|4
|
|t:|1769358760
|move|p1a: Pecharunt|Malignant Chain|p2a: Skeledirge
|-resisted|p2a: Skeledirge
|-damage|p2a: Skeledirge|68/100
|move|p2a: Skeledirge|Shadow Ball|p1a: Pecharunt
|-supereffective|p1a: Pecharunt
|-damage|p1a: Pecharunt|10/100
|
|upkeep
|turn|5
|
|t:|1769358779
|-terastallize|p1a: Pecharunt|Fairy
|move|p1a: Pecharunt|Recover|p1a: Pecharunt
|-heal|p1a: Pecharunt|60/100
|move|p2a: Skeledirge|Shadow Ball|p1a: Pecharunt
|-damage|p1a: Pecharunt|29/100
|-unboost|p1a: Pecharunt|spd|1
|
|upkeep
|turn|6
|
|t:|1769358787
|move|p1a: Pecharunt|Recover|p1a: Pecharunt
|-heal|p1a: Pecharunt|79/100
|move|p2a: Skeledirge|Torch Song|p1a: Pecharunt
|-damage|p1a: Pecharunt|50/100
|-boost|p2a: Skeledirge|spa|1
|
|upkeep
|turn|7
|
|t:|1769358798
|move|p1a: Pecharunt|Malignant Chain|p2a: Skeledirge
|-resisted|p2a: Skeledirge
|-damage|p2a: Skeledirge|52/100
|move|p2a: Skeledirge|Shadow Ball|p1a: Pecharunt
|-damage|p1a: Pecharunt|2/100
|-unboost|p1a: Pecharunt|spd|1
|
|upkeep
|turn|8
|
|t:|1769358809
|move|p1a: Pecharunt|Shadow Ball|p2a: Skeledirge
|-supereffective|p2a: Skeledirge
|-damage|p2a: Skeledirge|0 fnt
|faint|p2a: Skeledirge
|
|upkeep
|
|t:|1769358814
|switch|p2a: Great Tusk|Great Tusk|100/100
|-enditem|p2a: Great Tusk|Booster Energy
|-activate|p2a: Great Tusk|ability: Protosynthesis|[fromitem]
|-start|p2a: Great Tusk|protosynthesisatk
|turn|9
|
|t:|1769358831
|move|p1a: Pecharunt|Recover|p1a: Pecharunt
|-heal|p1a: Pecharunt|52/100
|move|p2a: Great Tusk|Rapid Spin|p1a: Pecharunt
|-damage|p1a: Pecharunt|37/100
|-boost|p2a: Great Tusk|spe|1
|
|upkeep
|turn|10
|
|t:|1769358846
|switch|p1a: Great Tusk|Great Tusk|100/100
|-enditem|p1a: Great Tusk|Booster Energy
|-activate|p1a: Great Tusk|ability: Protosynthesis|[fromitem]
|-start|p1a: Great Tusk|protosynthesisspe
|move|p2a: Great Tusk|Headlong Rush|p1a: Great Tusk
|-damage|p1a: Great Tusk|48/100
|-unboost|p2a: Great Tusk|def|1
|-unboost|p2a: Great Tusk|spd|1
|
|upkeep
|turn|11
|
|t:|1769358859
|move|p1a: Great Tusk|Headlong Rush|p2a: Great Tusk
|-damage|p2a: Great Tusk|45/100
|-unboost|p1a: Great Tusk|def|1
|-unboost|p1a: Great Tusk|spd|1
|move|p2a: Great Tusk|Headlong Rush|p1a: Great Tusk
|-damage|p1a: Great Tusk|0 fnt
|-unboost|p2a: Great Tusk|def|1
|-unboost|p2a: Great Tusk|spd|1
|faint|p1a: Great Tusk
|-end|p1a: Great Tusk|Protosynthesis|[silent]
|
|upkeep
|
|t:|1769358873
|switch|p1a: Grimmsnarl|Grimmsnarl, M|100/100
|turn|12
|
|t:|1769358876
|move|p1a: Grimmsnarl|Reflect|p1a: Grimmsnarl
|-sidestart|p1: praveenkumart236|Reflect
|move|p2a: Great Tusk|Headlong Rush|p1a: Grimmsnarl
|-damage|p1a: Grimmsnarl|46/100
|-unboost|p2a: Great Tusk|def|1
|-unboost|p2a: Great Tusk|spd|1
|
|upkeep
|turn|13
|
|t:|1769358890
|move|p1a: Grimmsnarl|Parting Shot|p2a: Great Tusk
|-unboost|p2a: Great Tusk|atk|1
|-unboost|p2a: Great Tusk|spa|1
|
|t:|1769358902
|switch|p1a: Farigiraf|Farigiraf, F|100/100|[from] Parting Shot
|move|p2a: Great Tusk|Headlong Rush|p1a: Farigiraf
|-damage|p1a: Farigiraf|71/100
|-unboost|p2a: Great Tusk|def|1
|-unboost|p2a: Great Tusk|spd|1
|
|-heal|p1a: Farigiraf|77/100|[from] item: Leftovers
|upkeep
|turn|14
|
|t:|1769358916
|-end|p2a: Great Tusk|Protosynthesis|[silent]
|switch|p2a: Azumarill|Azumarill, F|100/100
|move|p1a: Farigiraf|Tera Blast|p2a: Azumarill
|-damage|p2a: Azumarill|71/100
|
|-heal|p1a: Farigiraf|84/100|[from] item: Leftovers
|upkeep
|turn|15
|
|t:|1769358926
|move|p2a: Azumarill|Knock Off|p1a: Farigiraf
|-supereffective|p1a: Farigiraf
|-damage|p1a: Farigiraf|44/100
|-enditem|p1a: Farigiraf|Leftovers|[from] move: Knock Off|[of] p2a: Azumarill
|move|p1a: Farigiraf|Nasty Plot|p1a: Farigiraf
|-boost|p1a: Farigiraf|spa|2
|
|upkeep
|turn|16
|
|t:|1769358941
|move|p2a: Azumarill|Liquidation|p1a: Farigiraf
|-damage|p1a: Farigiraf|14/100
|move|p1a: Farigiraf|Trick Room|p1a: Farigiraf
|-fieldstart|move: Trick Room|[of] p1a: Farigiraf
|
|upkeep
|turn|17
|
|t:|1769358945
|move|p1a: Farigiraf|Tera Blast|p2a: Azumarill
|-damage|p2a: Azumarill|14/100
|move|p2a: Azumarill|Liquidation|p1a: Farigiraf
|-damage|p1a: Farigiraf|0 fnt
|faint|p1a: Farigiraf
|
|upkeep
|
|t:|1769358956
|switch|p1a: Pecharunt|Pecharunt, tera:Fairy|37/100
|turn|18
|
|t:|1769358961
|move|p2a: Azumarill|Liquidation|p1a: Pecharunt
|-damage|p1a: Pecharunt|22/100
|-unboost|p1a: Pecharunt|def|1
|move|p1a: Pecharunt|Recover|p1a: Pecharunt
|-heal|p1a: Pecharunt|72/100
|
|upkeep
|turn|19
|
|t:|1769358971
|move|p2a: Azumarill|Liquidation|p1a: Pecharunt
|-damage|p1a: Pecharunt|50/100
|move|p1a: Pecharunt|Nasty Plot|p1a: Pecharunt
|-boost|p1a: Pecharunt|spa|2
|
|-sideend|p1: praveenkumart236|Reflect
|upkeep
|turn|20
|
|t:|1769358977
|move|p2a: Azumarill|Liquidation|p1a: Pecharunt
|-damage|p1a: Pecharunt|2/100
|move|p1a: Pecharunt|Recover|p1a: Pecharunt
|-heal|p1a: Pecharunt|52/100
|
|-fieldend|move: Trick Room
|upkeep
|turn|21
|
|t:|1769358983
|move|p1a: Pecharunt|Shadow Ball|p2a: Azumarill
|-damage|p2a: Azumarill|0 fnt
|faint|p2a: Azumarill
|
|upkeep
|
|t:|1769358989
|switch|p2a: Great Tusk|Great Tusk|45/100
|turn|22
|
|t:|1769359012
|move|p1a: Pecharunt|Shadow Ball|p2a: Great Tusk
|-damage|p2a: Great Tusk|0 fnt
|faint|p2a: Great Tusk
|-end|p2a: Great Tusk|Protosynthesis|[silent]
|
|upkeep
|
|t:|1769359018
|switch|p2a: Ippo|Breloom, M|100/100
|turn|23
|
|t:|1769359031
|move|p1a: Pecharunt|Malignant Chain|p2a: Ippo
|-supereffective|p2a: Ippo
|-enditem|p2a: Ippo|Focus Sash
|-damage|p2a: Ippo|1/100
|-status|p2a: Ippo|tox
|-start|p2a: Ippo|confusion|[from] ability: Poison Puppeteer|[of] p1a: Pecharunt
|-activate|p2a: Ippo|confusion
|-damage|p2a: Ippo|0 fnt|[from] confusion
|faint|p2a: Ippo
|
|upkeep
|
|t:|1769359039
|switch|p2a: Dragonite|Dragonite, F|100/100
|turn|24
|
|t:|1769359046
|move|p1a: Pecharunt|Malignant Chain|p2a: Dragonite
|-damage|p2a: Dragonite|67/100
|-status|p2a: Dragonite|tox
|-start|p2a: Dragonite|confusion|[from] ability: Poison Puppeteer|[of] p1a: Pecharunt
|-enditem|p2a: Dragonite|Lum Berry|[eat]
|-curestatus|p2a: Dragonite|tox|[msg]
|-end|p2a: Dragonite|confusion
|move|p2a: Dragonite|Dragon Dance|p2a: Dragonite
|-boost|p2a: Dragonite|atk|1
|-boost|p2a: Dragonite|spe|1
|
|upkeep
|turn|25
|
|t:|1769359057
|-terastallize|p2a: Dragonite|Fire
|move|p2a: Dragonite|Fire Punch|p1a: Pecharunt
|-damage|p1a: Pecharunt|1/100
|move|p1a: Pecharunt|Malignant Chain|p2a: Dragonite
|-damage|p2a: Dragonite|7/100
|-status|p2a: Dragonite|tox
|-start|p2a: Dragonite|confusion|[from] ability: Poison Puppeteer|[of] p1a: Pecharunt
|
|-damage|p2a: Dragonite|0 fnt|[from] psn
|faint|p2a: Dragonite
|upkeep
|j| firecharmander004
|-message|elpets forfeited.
|
|win|praveenkumart236
|raw|praveenkumart236's rating: 1586 &rarr; <strong>1609</strong><br />(+23 for winning)
|raw|elpets's rating: 1632 &rarr; <strong>1609</strong><br />(-23 for losing)
|l|☆elpets
|player|p2|
|l|☆praveenkumart236
|player|p1|
|l| NShF
|l| firecharmander004
