|j|☆Alerjake
|j|☆alaniz
|t:|1769311089
|gametype|singles
|player|p1|Alerjake|1|1416
|player|p2|alaniz|102|1465
|gen|9
|tier|[Gen 9] OU
|rated|
|rule|HP Percentage Mod: HP is shown in percentages
|rule|Endless Battle Clause: Forcing endless battles is banned
|rule|Species Clause: Limit one of each Pokémon
|rule|OHKO Clause: OHKO moves are banned
|rule|Evasion Items Clause: Evasion items are banned
|rule|Evasion Moves Clause: Evasion moves are banned
|rule|Evasion Abilities Clause: Evasion abilities are banned
|rule|Sleep Moves Clause: Sleep-inducing moves are banned
|clearpoke
|poke|p1|Ceruledge, M|
|poke|p1|Ninetales-Alola, M|
|poke|p1|Raging Bolt|
|poke|p1|Iron Crown|
|poke|p1|Hydreigon, F|
|poke|p1|Iron Treads|
|poke|p2|Deoxys-Speed|
|poke|p2|Ceruledge, F|
|poke|p2|Zamazenta-*|
|poke|p2|Ogerpon-Wellspring, F|
|poke|p2|Glimmora, F|
|poke|p2|Moltres-Galar|
|teampreview
|inactive|Battle timer is ON: inactive players will automatically lose when time's up. (requested by Alerjake)
|
|t:|1769311108
|teamsize|p1|6
|teamsize|p2|6
|start
|switch|p1a: Ceruledge|Ceruledge, M|100/100
|switch|p2a: Glimmora|Glimmora, F|100/100
|turn|1
|
|t:|1769311129
|switch|p1a: Ninetales|Ninetales-Alola, M|100/100
|-weather|Snowscape|[from] ability: Snow Warning|[of] p1a: Ninetales
|move|p2a: Glimmora|Meteor Beam||[still]
|-prepare|p2a: Glimmora|Meteor Beam
|-boost|p2a: Glimmora|spa|1
|-enditem|p2a: Glimmora|Power Herb
|-anim|p2a: Glimmora|Meteor Beam|p1a: Ninetales
|-supereffective|p1a: Ninetales
|-damage|p1a: Ninetales|0 fnt
|faint|p1a: Ninetales
|
|-weather|Snowscape|[upkeep]
|upkeep
|
|t:|1769311134
|switch|p1a: Hydreigon|Hydreigon, F|100/100
|turn|2
|
|t:|1769311146
|-terastallize|p1a: Hydreigon|Steel
|move|p1a: Hydreigon|Substitute|p1a: Hydreigon
|-start|p1a: Hydreigon|Substitute
|-damage|p1a: Hydreigon|76/100
|move|p2a: Glimmora|Stealth Rock|p1a: Hydreigon
|-sidestart|p1: Alerjake|move: Stealth Rock
|
|-weather|Snowscape|[upkeep]
|-heal|p1a: Hydreigon|82/100|[from] item: Leftovers
|upkeep
|turn|3
|
|t:|1769311156
|switch|p2a: Zamazenta|Zamazenta|100/100
|-ability|p2a: Zamazenta|Dauntless Shield|boost
|-boost|p2a: Zamazenta|def|1
|move|p1a: Hydreigon|Flash Cannon|p2a: Zamazenta
|-damage|p2a: Zamazenta|65/100
|
|-weather|Snowscape|[upkeep]
|-heal|p2a: Zamazenta|72/100|[from] item: Leftovers
|-heal|p1a: Hydreigon|88/100|[from] item: Leftovers
|upkeep
|turn|4
|
|t:|1769311163
|move|p1a: Hydreigon|Dragon Pulse|p2a: Zamazenta
|-damage|p2a: Zamazenta|29/100
|move|p2a: Zamazenta|Roar|p1a: Hydreigon
|drag|p1a: Ceruledge|Ceruledge, M|100/100
|-damage|p1a: Ceruledge|76/100|[from] Stealth Rock
|
|-weather|Snowscape|[upkeep]
|-heal|p2a: Zamazenta|35/100|[from] item: Leftovers
|upkeep
|turn|5
|
|t:|1769311181
|switch|p2a: Glimmora|Glimmora, F|100/100
|move|p1a: Ceruledge|Swords Dance|p1a: Ceruledge
|-boost|p1a: Ceruledge|atk|2
|
|-weather|none
|upkeep
|turn|6
|
|t:|1769311186
|move|p2a: Glimmora|Earth Power|p1a: Ceruledge
|-supereffective|p1a: Ceruledge
|-damage|p1a: Ceruledge|1/100
|move|p1a: Ceruledge|Bitter Blade|p2a: Glimmora
|-resisted|p2a: Glimmora
|-damage|p2a: Glimmora|29/100
|-heal|p1a: Ceruledge|39/100|[from] drain|[of] p2a: Glimmora
|-activate|p2a: Glimmora|ability: Toxic Debris
|-sidestart|p1: Alerjake|move: Toxic Spikes
|-damage|p1a: Ceruledge|29/100|[from] item: Life Orb
|
|upkeep
|turn|7
|
|t:|1769311191
|move|p1a: Ceruledge|Shadow Sneak|p2a: Glimmora
|-damage|p2a: Glimmora|0 fnt
|-activate|p2a: Glimmora|ability: Toxic Debris
|-sidestart|p1: Alerjake|move: Toxic Spikes
|faint|p2a: Glimmora
|-damage|p1a: Ceruledge|19/100|[from] item: Life Orb
|
|upkeep
|
|t:|1769311209
|switch|p2a: Zamazenta|Zamazenta|35/100
|turn|8
|
|t:|1769311215
|move|p1a: Ceruledge|Shadow Sneak|p2a: Zamazenta
|-damage|p2a: Zamazenta|0 fnt
|faint|p2a: Zamazenta
|-damage|p1a: Ceruledge|9/100|[from] item: Life Orb
|
|upkeep
|
|t:|1769311219
|switch|p2a: Ceruledge|Ceruledge, F|100/100
|turn|9
|
|t:|1769311223
|switch|p2a: Moltres|Moltres-Galar|100/100
|move|p1a: Ceruledge|Bitter Blade|p2a: Moltres
|-damage|p2a: Moltres|0 fnt
|-heal|p1a: Ceruledge|65/100|[from] drain|[of] p2a: Moltres
|faint|p2a: Moltres
|-damage|p1a: Ceruledge|55/100|[from] item: Life Orb
|
|upkeep
|
|t:|1769311228
|switch|p2a: Ceruledge|Ceruledge, F|100/100
|turn|10
|
|t:|1769311231
|move|p1a: Ceruledge|Shadow Sneak|p2a: Ceruledge
|-supereffective|p2a: Ceruledge
|-damage|p2a: Ceruledge|0 fnt
|faint|p2a: Ceruledge
|-damage|p1a: Ceruledge|45/100|[from] item: Life Orb
|
|upkeep
|
|t:|1769311238
|switch|p2a: Ogerpon|Ogerpon-Wellspring, F|100/100
|turn|11
|
|t:|1769311255
|move|p1a: Ceruledge|Shadow Sneak|p2a: Ogerpon
|-damage|p2a: Ogerpon|25/100
|-damage|p1a: Ceruledge|35/100|[from] item: Life Orb
|move|p2a: Ogerpon|Ivy Cudgel|p1a: Ceruledge|[anim] Ivy Cudgel Water
|-supereffective|p1a: Ceruledge
|-crit|p1a: Ceruledge
|-damage|p1a: Ceruledge|0 fnt
|faint|p1a: Ceruledge
|
|upkeep
|
|t:|1769311267
|switch|p1a: Iron Treads|Iron Treads|100/100
|-damage|p1a: Iron Treads|97/100|[from] Stealth Rock
|-enditem|p1a: Iron Treads|Booster Energy
|-activate|p1a: Iron Treads|ability: Quark Drive|[fromitem]
|-start|p1a: Iron Treads|quarkdrivespe
|turn|12
|
|t:|1769311272
|move|p1a: Iron Treads|Body Press|p2a: Ogerpon
|-damage|p2a: Ogerpon|0 fnt
|faint|p2a: Ogerpon
|
|upkeep
|-message|alaniz forfeited.
|
|win|Alerjake
|raw|Alerjake's rating: 1416 &rarr; <strong>1439</strong><br />(+23 for winning)
|raw|alaniz's rating: 1465 &rarr; <strong>1442</strong><br />(-23 for losing)
