|j|☆Unender
|j|☆Alerjake
|t:|1769312993
|gametype|singles
|player|p1|Unender|1|1483
|player|p2|Alerjake|1|1494
|gen|9
|tier|[Gen 9] OU
|rated|
|rule|HP Percentage Mod: HP is shown in percentages
|rule|Endless Battle Clause: Forcing endless battles is banned
|rule|Species Clause: Limit one of each Pokémon
|rule|OHKO Clause: OHKO moves are banned
|rule|Evasion Items Clause: Evasion items are banned
|rule|Evasion Moves Clause: Evasion moves are banned
|rule|Evasion Abilities Clause: Evasion abilities are banned
|rule|Sleep Moves Clause: Sleep-inducing moves are banned
|clearpoke
|poke|p1|Deoxys-Speed|
|poke|p1|Ceruledge, M|
|poke|p1|Zamazenta-*|
|poke|p1|Ogerpon-Wellspring, F|
|poke|p1|Glimmora, F|
|poke|p1|Moltres-Galar|
|poke|p2|Ceruledge, F|
|poke|p2|Ninetales-Alola, M|
|poke|p2|Raging Bolt|
|poke|p2|Iron Crown|
|poke|p2|Hydreigon, F|
|poke|p2|Iron Treads|
|teampreview
|inactive|Battle timer is ON: inactive players will automatically lose when time's up. (requested by Alerjake)
|
|t:|1769313004
|teamsize|p1|6
|teamsize|p2|6
|start
|switch|p1a: Deoxys|Deoxys-Speed|100/100
|switch|p2a: Ninetales|Ninetales-Alola, M|100/100
|-ability|p1a: Deoxys|Pressure
|-weather|Snowscape|[from] ability: Snow Warning|[of] p2a: Ninetales
|turn|1
|
|t:|1769313010
|move|p1a: Deoxys|Taunt|p2a: Ninetales
|-start|p2a: Ninetales|move: Taunt
|move|p2a: Ninetales|Moonblast|p1a: Deoxys
|-damage|p1a: Deoxys|68/100
|-unboost|p1a: Deoxys|spa|1
|
|-weather|Snowscape|[upkeep]
|upkeep
|turn|2
|
|t:|1769313016
|move|p1a: Deoxys|Reflect|p1a: Deoxys
|-sidestart|p1: Unender|Reflect
|move|p2a: Ninetales|Moonblast|p1a: Deoxys
|-crit|p1a: Deoxys
|-damage|p1a: Deoxys|16/100
|
|-weather|Snowscape|[upkeep]
|upkeep
|turn|3
|
|t:|1769313032
|move|p1a: Deoxys|Light Screen|p1a: Deoxys
|-sidestart|p1: Unender|move: Light Screen
|move|p2a: Ninetales|Moonblast|p1a: Deoxys
|-damage|p1a: Deoxys|0 fnt
|faint|p1a: Deoxys
|
|-weather|Snowscape|[upkeep]
|-end|p2a: Ninetales|move: Taunt
|upkeep
|
|t:|1769313053
|switch|p1a: Glimmora|Glimmora, F|100/100
|turn|4
|
|t:|1769313060
|switch|p2a: Iron Crown|Iron Crown|100/100
|-enditem|p2a: Iron Crown|Booster Energy
|-activate|p2a: Iron Crown|ability: Quark Drive|[fromitem]
|-start|p2a: Iron Crown|quarkdrivespe
|move|p1a: Glimmora|Stealth Rock|p2a: Iron Crown
|-sidestart|p2: Alerjake|move: Stealth Rock
|
|-weather|Snowscape|[upkeep]
|upkeep
|turn|5
|
|t:|1769313084
|switch|p1a: Ceruledge|Ceruledge, M|100/100
|move|p2a: Iron Crown|Calm Mind|p2a: Iron Crown
|-boost|p2a: Iron Crown|spa|1
|-boost|p2a: Iron Crown|spd|1
|
|-weather|none
|upkeep
|turn|6
|
|t:|1769313093
|move|p2a: Iron Crown|Psyshock|p1a: Ceruledge
|-damage|p1a: Ceruledge|63/100
|move|p1a: Ceruledge|Poltergeist||[still]
|-fail|p1a: Ceruledge
|
|upkeep
|turn|7
|
|t:|1769313101
|-terastallize|p2a: Iron Crown|Fighting
|move|p2a: Iron Crown|Calm Mind|p2a: Iron Crown
|-boost|p2a: Iron Crown|spa|1
|-boost|p2a: Iron Crown|spd|1
|move|p1a: Ceruledge|Bitter Blade|p2a: Iron Crown
|-damage|p2a: Iron Crown|39/100
|-heal|p1a: Ceruledge|96/100|[from] drain|[of] p2a: Iron Crown
|-damage|p1a: Ceruledge|87/100|[from] item: Life Orb
|
|upkeep
|turn|8
|
|t:|1769313107
|move|p2a: Iron Crown|Psyshock|p1a: Ceruledge
|-damage|p1a: Ceruledge|44/100
|move|p1a: Ceruledge|Bitter Blade|p2a: Iron Crown
|-damage|p2a: Iron Crown|0 fnt
|-heal|p1a: Ceruledge|65/100|[from] drain|[of] p2a: Iron Crown
|faint|p2a: Iron Crown
|-end|p2a: Iron Crown|Quark Drive|[silent]
|-damage|p1a: Ceruledge|55/100|[from] item: Life Orb
|
|upkeep
|
|t:|1769313111
|switch|p2a: Hydreigon|Hydreigon, F|100/100
|-damage|p2a: Hydreigon|88/100|[from] Stealth Rock
|turn|9
|-message|Unender forfeited.
|
|win|Alerjake
|raw|Unender's rating: 1483 &rarr; <strong>1464</strong><br />(-19 for losing)
|raw|Alerjake's rating: 1494 &rarr; <strong>1513</strong><br />(+19 for winning)
