|j|☆Aaachonwang02
|j|☆suntopia_
|t:|1769389595
|gametype|singles
|player|p1|Aaachonwang02|marlon|1477
|player|p2|suntopia_|101|1427
|gen|9
|tier|[Gen 9] OU
|rated|
|rule|HP Percentage Mod: HP is shown in percentages
|rule|Endless Battle Clause: Forcing endless battles is banned
|rule|Species Clause: Limit one of each Pokémon
|rule|OHKO Clause: OHKO moves are banned
|rule|Evasion Items Clause: Evasion items are banned
|rule|Evasion Moves Clause: Evasion moves are banned
|rule|Evasion Abilities Clause: Evasion abilities are banned
|rule|Sleep Moves Clause: Sleep-inducing moves are banned
|clearpoke
|poke|p1|Ursaluna, F|
|poke|p1|Cresselia, F|
|poke|p1|Enamorus-Therian, F|
|poke|p1|Hatterene, F|
|poke|p1|Hoopa-Unbound|
|poke|p1|Tauros-Paldea-Blaze, M|
|poke|p2|Raging Bolt|
|poke|p2|Gholdengo|
|poke|p2|Great Tusk|
|poke|p2|Araquanid, F|
|poke|p2|Iron Moth|
|poke|p2|Kingambit, M|
|teampreview
|inactive|Battle timer is ON: inactive players will automatically lose when time's up. (requested by suntopia_)
|
|t:|1769389606
|teamsize|p1|6
|teamsize|p2|6
|start
|switch|p1a: 粉色大炮|Enamorus-Therian, F|100/100
|switch|p2a: drifting|Araquanid, F|100/100
|turn|1
|
|t:|1769389614
|move|p2a: drifting|Sticky Web|p1a: 粉色大炮
|-sidestart|p1: Aaachonwang02|move: Sticky Web
|move|p1a: 粉色大炮|Draining Kiss|p2a: drifting
|-damage|p2a: drifting|68/100
|
|upkeep
|turn|2
|
|t:|1769389622
|move|p2a: drifting|Liquidation|p1a: 粉色大炮
|-damage|p1a: 粉色大炮|44/100
|move|p1a: 粉色大炮|Draining Kiss|p2a: drifting
|-damage|p2a: drifting|34/100
|-heal|p1a: 粉色大炮|68/100|[from] drain|[of] p2a: drifting
|
|upkeep
|turn|3
|
|t:|1769389629
|move|p2a: drifting|Liquidation|p1a: 粉色大炮
|-damage|p1a: 粉色大炮|11/100
|move|p1a: 粉色大炮|Draining Kiss|p2a: drifting
|-damage|p2a: drifting|0 fnt
|-heal|p1a: 粉色大炮|35/100|[from] drain|[of] p2a: drifting
|faint|p2a: drifting
|
|upkeep
|
|t:|1769389639
|switch|p2a: Iron Moth|Iron Moth|100/100
|-enditem|p2a: Iron Moth|Booster Energy
|-activate|p2a: Iron Moth|ability: Quark Drive|[fromitem]
|-start|p2a: Iron Moth|quarkdrivespa
|turn|4
|
|t:|1769389646
|switch|p1a: Hoopa|Hoopa-Unbound|100/100
|-activate|p1a: Hoopa|move: Sticky Web
|-unboost|p1a: Hoopa|spe|1
|-enditem|p1a: Hoopa|Eject Pack
|
|t:|1769389652
|switch|p1a: Cresselia|Cresselia, F|100/100
|move|p2a: Iron Moth|Fiery Dance|p1a: Cresselia
|-damage|p1a: Cresselia|61/100
|-boost|p2a: Iron Moth|spa|1
|
|upkeep
|turn|5
|
|t:|1769389664
|move|p2a: Iron Moth|Fiery Dance|p1a: Cresselia
|-damage|p1a: Cresselia|11/100
|move|p1a: Cresselia|Trick Room|p1a: Cresselia
|-fieldstart|move: Trick Room|[of] p1a: Cresselia
|
|upkeep
|turn|6
|
|t:|1769389671
|-end|p2a: Iron Moth|Quark Drive|[silent]
|switch|p2a: Kingambit|Kingambit, M|100/100
|-activate|p2a: Kingambit|ability: Supreme Overlord
|-start|p2a: Kingambit|fallen1|[silent]
|move|p1a: Cresselia|Lunar Dance|p1a: Cresselia
|faint|p1a: Cresselia
|
|upkeep
|
|t:|1769389677
|switch|p1a: 粉色大炮|Enamorus-Therian, F|35/100
|-heal|p1a: 粉色大炮|100/100|[from] move: Lunar Dance
|turn|7
|
|t:|1769389682
|-terastallize|p1a: 粉色大炮|Fairy
|move|p1a: 粉色大炮|Moonblast|p2a: Kingambit
|-damage|p2a: Kingambit|0 fnt
|faint|p2a: Kingambit
|-end|p2a: Kingambit|fallen1|[silent]
|
|upkeep
|inactive|suntopia_ has 120 seconds left.
|
|t:|1769389714
|switch|p2a: Iron Moth|Iron Moth|100/100
|turn|8
|
|t:|1769389725
|switch|p1a: Ursaluna|Ursaluna, F|100/100
|-activate|p1a: Ursaluna|move: Sticky Web
|-unboost|p1a: Ursaluna|spe|1
|move|p2a: Iron Moth|Energy Ball|p1a: Ursaluna
|-supereffective|p1a: Ursaluna
|-damage|p1a: Ursaluna|43/100
|
|-status|p1a: Ursaluna|brn|[from] item: Flame Orb
|upkeep
|turn|9
|
|t:|1769389736
|-end|p2a: Iron Moth|Quark Drive|[silent]
|switch|p2a: Gholdengo|Gholdengo|100/100
|-item|p2a: Gholdengo|Air Balloon
|move|p1a: Ursaluna|Fire Punch|p2a: Gholdengo
|-supereffective|p2a: Gholdengo
|-damage|p2a: Gholdengo|0 fnt
|-enditem|p2a: Gholdengo|Air Balloon
|faint|p2a: Gholdengo
|
|-damage|p1a: Ursaluna|37/100 brn|[from] brn
|-fieldend|move: Trick Room
|upkeep
|
|t:|1769389740
|switch|p2a: Iron Moth|Iron Moth|100/100
|turn|10
|
|t:|1769389750
|move|p2a: Iron Moth|Fiery Dance|p1a: Ursaluna
|-damage|p1a: Ursaluna|0 fnt
|faint|p1a: Ursaluna
|
|upkeep
|
|t:|1769389755
|switch|p1a: Hoopa|Hoopa-Unbound|100/100
|-activate|p1a: Hoopa|move: Sticky Web
|-unboost|p1a: Hoopa|spe|1
|turn|11
|
|t:|1769389760
|move|p2a: Iron Moth|Sludge Wave|p1a: Hoopa
|-damage|p1a: Hoopa|64/100
|move|p1a: Hoopa|Trick Room|p1a: Hoopa
|-fieldstart|move: Trick Room|[of] p1a: Hoopa
|
|upkeep
|turn|12
|
|t:|1769389769
|move|p1a: Hoopa|Psychic|p2a: Iron Moth
|-supereffective|p2a: Iron Moth
|-damage|p2a: Iron Moth|2/100
|move|p2a: Iron Moth|Fiery Dance|p1a: Hoopa
|-damage|p1a: Hoopa|31/100
|-boost|p2a: Iron Moth|spa|1
|
|upkeep
|turn|13
|
|t:|1769389779
|move|p1a: Hoopa|Psychic|p2a: Iron Moth
|-supereffective|p2a: Iron Moth
|-damage|p2a: Iron Moth|0 fnt
|faint|p2a: Iron Moth
|-end|p2a: Iron Moth|Quark Drive|[silent]
|
|upkeep
|
|t:|1769389785
|switch|p2a: Raging Bolt|Raging Bolt|100/100
|-enditem|p2a: Raging Bolt|Booster Energy
|-activate|p2a: Raging Bolt|ability: Protosynthesis|[fromitem]
|-start|p2a: Raging Bolt|protosynthesisspa
|turn|14
|
|t:|1769389790
|move|p1a: Hoopa|Hyperspace Fury|p2a: Raging Bolt
|-damage|p2a: Raging Bolt|36/100
|-unboost|p1a: Hoopa|def|1
|move|p2a: Raging Bolt|Thunderbolt|p1a: Hoopa
|-damage|p1a: Hoopa|0 fnt
|faint|p1a: Hoopa
|
|upkeep
|
|t:|1769389798
|switch|p1a: 粉色大炮|Enamorus-Therian, F, tera:Fairy|100/100
|-activate|p1a: 粉色大炮|move: Sticky Web
|-unboost|p1a: 粉色大炮|spe|1
|turn|15
|
|t:|1769389815
|move|p2a: Raging Bolt|Thunderclap|p1a: 粉色大炮
|-damage|p1a: 粉色大炮|47/100
|move|p1a: 粉色大炮|Draining Kiss|p2a: Raging Bolt
|-supereffective|p2a: Raging Bolt
|-damage|p2a: Raging Bolt|0 fnt
|-heal|p1a: 粉色大炮|76/100|[from] drain|[of] p2a: Raging Bolt
|faint|p2a: Raging Bolt
|-end|p2a: Raging Bolt|Protosynthesis|[silent]
|
|-fieldend|move: Trick Room
|upkeep
|
|t:|1769389820
|switch|p2a: Great Tusk|Great Tusk|100/100
|-enditem|p2a: Great Tusk|Booster Energy
|-activate|p2a: Great Tusk|ability: Protosynthesis|[fromitem]
|-start|p2a: Great Tusk|protosynthesisatk
|turn|16
|
|t:|1769389830
|switch|p1a: Tauros|Tauros-Paldea-Blaze, M|100/100
|-activate|p1a: Tauros|move: Sticky Web
|-unboost|p1a: Tauros|spe|1
|-ability|p1a: Tauros|Intimidate|boost
|-unboost|p2a: Great Tusk|atk|1
|move|p2a: Great Tusk|Headlong Rush|p1a: Tauros
|-supereffective|p1a: Tauros
|-damage|p1a: Tauros|0 fnt
|-unboost|p2a: Great Tusk|def|1
|-unboost|p2a: Great Tusk|spd|1
|faint|p1a: Tauros
|
|upkeep
|
|t:|1769389842
|switch|p1a: 粉色大炮|Enamorus-Therian, F, tera:Fairy|76/100
|-activate|p1a: 粉色大炮|move: Sticky Web
|-unboost|p1a: 粉色大炮|spe|1
|turn|17
|
|t:|1769389852
|move|p2a: Great Tusk|Headlong Rush|p1a: 粉色大炮
|-damage|p1a: 粉色大炮|27/100
|-unboost|p2a: Great Tusk|def|1
|-unboost|p2a: Great Tusk|spd|1
|move|p1a: 粉色大炮|Draining Kiss|p2a: Great Tusk
|-supereffective|p2a: Great Tusk
|-damage|p2a: Great Tusk|0 fnt
|-heal|p1a: 粉色大炮|100/100|[from] drain|[of] p2a: Great Tusk
|faint|p2a: Great Tusk
|-end|p2a: Great Tusk|Protosynthesis|[silent]
|
|win|Aaachonwang02
|raw|Aaachonwang02's rating: 1477 &rarr; <strong>1494</strong><br />(+17 for winning)
|raw|suntopia_'s rating: 1427 &rarr; <strong>1410</strong><br />(-17 for losing)
|l|☆suntopia_
|player|p2|
|l|☆Aaachonwang02
|player|p1|
