|j|☆G00D00D
|j|☆Daybrick
|t:|1769407560
|gametype|singles
|player|p1|G00D00D|2|1440
|player|p2|Daybrick|1|1426
|gen|9
|tier|[Gen 9] OU
|rated|
|rule|HP Percentage Mod: HP is shown in percentages
|rule|Endless Battle Clause: Forcing endless battles is banned
|rule|Species Clause: Limit one of each Pokémon
|rule|OHKO Clause: OHKO moves are banned
|rule|Evasion Items Clause: Evasion items are banned
|rule|Evasion Moves Clause: Evasion moves are banned
|rule|Evasion Abilities Clause: Evasion abilities are banned
|rule|Sleep Moves Clause: Sleep-inducing moves are banned
|clearpoke
|poke|p1|Alomomola, M|
|poke|p1|Darkrai|
|poke|p1|Lokix, F|
|poke|p1|Iron Crown|
|poke|p1|Weezing-Galar, M|
|poke|p1|Landorus-Therian, M|
|poke|p2|Kyurem|
|poke|p2|Cinderace, M|
|poke|p2|Tornadus-Therian, M|
|poke|p2|Hatterene, F|
|poke|p2|Great Tusk|
|poke|p2|Kingambit, F|
|teampreview
|inactive|Battle timer is ON: inactive players will automatically lose when time's up. (requested by Daybrick)
|inactive|Daybrick has 120 seconds left.
|inactive|Daybrick has 90 seconds left.
|
|t:|1769407626
|teamsize|p1|6
|teamsize|p2|6
|start
|switch|p1a: Lokix|Lokix, F|100/100
|switch|p2a: Tornadus|Tornadus-Therian, M|100/100
|turn|1
|
|t:|1769407632
|-terastallize|p1a: Lokix|Bug
|move|p1a: Lokix|First Impression|p2a: Tornadus
|-resisted|p2a: Tornadus
|-damage|p2a: Tornadus|0 fnt
|faint|p2a: Tornadus
|
|upkeep
|
|t:|1769407638
|switch|p2a: Great Tusk|Great Tusk|100/100
|turn|2
|
|t:|1769407642
|switch|p1a: Alomomola|Alomomola, M|100/100
|move|p2a: Great Tusk|Stealth Rock|p1a: Alomomola
|-sidestart|p1: G00D00D|move: Stealth Rock
|
|upkeep
|turn|3
|
|t:|1769407662
|-end|p2a: Great Tusk|Protosynthesis|[silent]
|switch|p2a: Kyurem|Kyurem|100/100
|-ability|p2a: Kyurem|Pressure
|move|p1a: Alomomola|Flip Turn|p2a: Kyurem
|-resisted|p2a: Kyurem
|-damage|p2a: Kyurem|93/100
|
|t:|1769407670
|switch|p1a: Iron Crown|Iron Crown|100/100|[from] Flip Turn
|-damage|p1a: Iron Crown|94/100|[from] Stealth Rock
|
|upkeep
|turn|4
|
|t:|1769407677
|switch|p2a: Cinderace|Cinderace, M|100/100
|move|p1a: Iron Crown|Tachyon Cutter|p2a: Cinderace
|-resisted|p2a: Cinderace
|-crit|p2a: Cinderace
|-damage|p2a: Cinderace|76/100
|-resisted|p2a: Cinderace
|-damage|p2a: Cinderace|58/100
|-hitcount|p2a: Cinderace|2
|
|upkeep
|turn|5
|
|t:|1769407686
|-end|p1a: Iron Crown|Quark Drive|[silent]
|switch|p1a: Alomomola|Alomomola, M|100/100
|-damage|p1a: Alomomola|88/100|[from] Stealth Rock
|move|p2a: Cinderace|Pyro Ball|p1a: Alomomola|[miss]
|-miss|p2a: Cinderace|p1a: Alomomola
|
|upkeep
|turn|6
|
|t:|1769407695
|move|p2a: Cinderace|Gunk Shot|p1a: Alomomola
|-start|p2a: Cinderace|typechange|Poison|[from] ability: Libero
|-damage|p1a: Alomomola|58/100
|-status|p1a: Alomomola|psn
|-enditem|p1a: Alomomola|Eject Button
|
|t:|1769407701
|switch|p1a: Weezing|Weezing-Galar, M|100/100
|-ability|p1a: Weezing|Neutralizing Gas
|
|upkeep
|turn|7
|
|t:|1769407707
|move|p2a: Cinderace|U-turn|p1a: Weezing
|-resisted|p1a: Weezing
|-damage|p1a: Weezing|97/100
|
|t:|1769407709
|switch|p2a: Great Tusk|Great Tusk|100/100|[from] U-turn
|move|p1a: Weezing|Defog|p2a: Great Tusk
|-unboost|p2a: Great Tusk|evasion|1
|-sideend|p1: G00D00D|Stealth Rock|[from] move: Defog|[of] p1a: Weezing
|
|upkeep
|turn|8
|
|t:|1769407716
|move|p2a: Great Tusk|Stealth Rock|p1a: Weezing
|-sidestart|p1: G00D00D|move: Stealth Rock
|move|p1a: Weezing|Will-O-Wisp|p2a: Great Tusk
|-status|p2a: Great Tusk|brn
|
|-damage|p2a: Great Tusk|94/100 brn|[from] brn
|upkeep
|turn|9
|
|t:|1769407728
|move|p2a: Great Tusk|Headlong Rush|p1a: Weezing
|-supereffective|p1a: Weezing
|-damage|p1a: Weezing|63/100
|-unboost|p2a: Great Tusk|def|1
|-unboost|p2a: Great Tusk|spd|1
|move|p1a: Weezing|Defog|p2a: Great Tusk
|-unboost|p2a: Great Tusk|evasion|1
|-sideend|p1: G00D00D|Stealth Rock|[from] move: Defog|[of] p1a: Weezing
|
|-damage|p2a: Great Tusk|88/100 brn|[from] brn
|upkeep
|turn|10
|
|t:|1769407737
|move|p2a: Great Tusk|Stealth Rock|p1a: Weezing
|-sidestart|p1: G00D00D|move: Stealth Rock
|move|p1a: Weezing|Defog|p2a: Great Tusk
|-unboost|p2a: Great Tusk|evasion|1
|-sideend|p1: G00D00D|Stealth Rock|[from] move: Defog|[of] p1a: Weezing
|
|-damage|p2a: Great Tusk|82/100 brn|[from] brn
|upkeep
|turn|11
|
|t:|1769407746
|move|p2a: Great Tusk|Stealth Rock|p1a: Weezing
|-sidestart|p1: G00D00D|move: Stealth Rock
|move|p1a: Weezing|Defog|p2a: Great Tusk
|-unboost|p2a: Great Tusk|evasion|1
|-sideend|p1: G00D00D|Stealth Rock|[from] move: Defog|[of] p1a: Weezing
|
|-damage|p2a: Great Tusk|76/100 brn|[from] brn
|upkeep
|turn|12
|
|t:|1769407753
|move|p2a: Great Tusk|Stealth Rock|p1a: Weezing
|-sidestart|p1: G00D00D|move: Stealth Rock
|move|p1a: Weezing|Strange Steam|p2a: Great Tusk
|-supereffective|p2a: Great Tusk
|-damage|p2a: Great Tusk|0 fnt
|faint|p2a: Great Tusk
|-end|p2a: Great Tusk|Protosynthesis|[silent]
|
|upkeep
|
|t:|1769407756
|switch|p2a: Kyurem|Kyurem|93/100
|turn|13
|
|t:|1769407763
|-end|p1a: Weezing|ability: Neutralizing Gas
|-ability|p2a: Kyurem|Pressure
|switch|p1a: Iron Crown|Iron Crown|94/100
|-damage|p1a: Iron Crown|88/100|[from] Stealth Rock
|move|p2a: Kyurem|Freeze-Dry|p1a: Iron Crown
|-resisted|p1a: Iron Crown
|-damage|p1a: Iron Crown|69/100
|
|upkeep
|turn|14
|
|t:|1769407773
|switch|p2a: Cinderace|Cinderace, M|58/100
|move|p1a: Iron Crown|Volt Switch|p2a: Cinderace
|-damage|p2a: Cinderace|27/100
|
|t:|1769407778
|-end|p1a: Iron Crown|Quark Drive|[silent]
|switch|p1a: Weezing|Weezing-Galar, M|63/100|[from] Volt Switch
|-ability|p1a: Weezing|Neutralizing Gas
|
|upkeep
|turn|15
|
|t:|1769407783
|-terastallize|p2a: Cinderace|Fire
|move|p2a: Cinderace|Pyro Ball|p1a: Weezing
|-damage|p1a: Weezing|17/100
|move|p1a: Weezing|Defog|p2a: Cinderace
|-unboost|p2a: Cinderace|evasion|1
|-sideend|p1: G00D00D|Stealth Rock|[from] move: Defog|[of] p1a: Weezing
|
|upkeep
|turn|16
|-message|Daybrick forfeited.
|
|win|G00D00D
|raw|G00D00D's rating: 1440 &rarr; <strong>1459</strong><br />(+19 for winning)
|raw|Daybrick's rating: 1426 &rarr; <strong>1407</strong><br />(-19 for losing)
|l|☆Daybrick
|player|p2|
|l|☆G00D00D
|player|p1|
