|j|☆abgodc
|j|☆roddyj
|t:|1769320951
|gametype|singles
|player|p1|abgodc|101|1701
|player|p2|roddyj|ethan|1732
|gen|9
|tier|[Gen 9] OU
|rated|
|rule|HP Percentage Mod: HP is shown in percentages
|rule|Endless Battle Clause: Forcing endless battles is banned
|rule|Species Clause: Limit one of each Pokémon
|rule|OHKO Clause: OHKO moves are banned
|rule|Evasion Items Clause: Evasion items are banned
|rule|Evasion Moves Clause: Evasion moves are banned
|rule|Evasion Abilities Clause: Evasion abilities are banned
|rule|Sleep Moves Clause: Sleep-inducing moves are banned
|clearpoke
|poke|p1|Deoxys-Speed|
|poke|p1|Dragonite, F|
|poke|p1|Darkrai|
|poke|p1|Iron Moth|
|poke|p1|Scizor, M|
|poke|p1|Great Tusk|
|poke|p2|Dragapult, M|
|poke|p2|Iron Moth|
|poke|p2|Ogerpon-Wellspring, F|
|poke|p2|Blaziken, M|
|poke|p2|Corviknight, M|
|poke|p2|Incineroar, M|
|teampreview
|inactive|Battle timer is ON: inactive players will automatically lose when time's up. (requested by abgodc)
|
|t:|1769320969
|teamsize|p1|6
|teamsize|p2|6
|start
|switch|p1a: Deoxys|Deoxys-Speed|100/100
|switch|p2a: Dragapult|Dragapult, M, shiny|100/100
|-ability|p1a: Deoxys|Pressure
|turn|1
|
|t:|1769320973
|move|p1a: Deoxys|Stealth Rock|p2a: Dragapult
|-sidestart|p2: roddyj|move: Stealth Rock
|move|p2a: Dragapult|Dragon Darts|p1a: Deoxys
|-damage|p1a: Deoxys|51/100
|-anim|p2a: Dragapult|Dragon Darts|p1a: Deoxys
|-damage|p1a: Deoxys|2/100
|
|upkeep
|turn|2
|
|t:|1769320980
|switch|p2a: Incineroar|Incineroar, M, shiny|100/100
|-ability|p2a: Incineroar|Intimidate|boost
|-unboost|p1a: Deoxys|atk|1
|move|p1a: Deoxys|Ice Beam|p2a: Incineroar
|-resisted|p2a: Incineroar
|-damage|p2a: Incineroar|92/100
|
|upkeep
|turn|3
|
|t:|1769320982
|move|p1a: Deoxys|Taunt|p2a: Incineroar
|-start|p2a: Incineroar|move: Taunt
|move|p2a: Incineroar|Knock Off|p1a: Deoxys
|-supereffective|p1a: Deoxys
|-damage|p1a: Deoxys|0 fnt
|-damage|p2a: Incineroar|76/100|[from] item: Rocky Helmet|[of] p1a: Deoxys
|-enditem|p1a: Deoxys|Rocky Helmet|[from] move: Knock Off|[of] p2a: Incineroar
|faint|p1a: Deoxys
|
|upkeep
|
|t:|1769320987
|switch|p1a: Darkrai|Darkrai|100/100
|turn|4
|
|t:|1769320991
|move|p1a: Darkrai|Focus Blast|p2a: Incineroar
|-supereffective|p2a: Incineroar
|-damage|p2a: Incineroar|5/100
|-damage|p1a: Darkrai|91/100|[from] item: Life Orb
|move|p2a: Incineroar|Temper Flare|p1a: Darkrai
|-damage|p1a: Darkrai|50/100
|
|upkeep
|turn|5
|j| 304Collector
|
|t:|1769321001
|move|p1a: Darkrai|Ice Beam|p2a: Incineroar
|-resisted|p2a: Incineroar
|-damage|p2a: Incineroar|0 fnt
|faint|p2a: Incineroar
|-damage|p1a: Darkrai|40/100|[from] item: Life Orb
|
|upkeep
|
|t:|1769321008
|switch|p2a: Dragapult|Dragapult, M, shiny|100/100
|-damage|p2a: Dragapult|88/100|[from] Stealth Rock
|turn|6
|
|t:|1769321011
|move|p1a: Darkrai|Sucker Punch|p2a: Dragapult
|-supereffective|p2a: Dragapult
|-damage|p2a: Dragapult|11/100
|-damage|p1a: Darkrai|30/100|[from] item: Life Orb
|move|p2a: Dragapult|Dragon Darts|p1a: Darkrai
|-damage|p1a: Darkrai|0 fnt
|faint|p1a: Darkrai
|
|upkeep
|l| 304Collector
|
|t:|1769321015
|switch|p1a: Iron Moth|Iron Moth|100/100
|-enditem|p1a: Iron Moth|Booster Energy
|-activate|p1a: Iron Moth|ability: Quark Drive|[fromitem]
|-start|p1a: Iron Moth|quarkdrivespe
|turn|7
|
|t:|1769321022
|move|p1a: Iron Moth|Fiery Dance|p2a: Dragapult
|-resisted|p2a: Dragapult
|-damage|p2a: Dragapult|0 fnt
|-boost|p1a: Iron Moth|spa|1
|faint|p2a: Dragapult
|
|upkeep
|
|t:|1769321030
|switch|p2a: Iron Moth|Iron Moth|100/100
|-damage|p2a: Iron Moth|76/100|[from] Stealth Rock
|-enditem|p2a: Iron Moth|Booster Energy
|-activate|p2a: Iron Moth|ability: Quark Drive|[fromitem]
|-start|p2a: Iron Moth|quarkdrivespa
|turn|8
|l|☆abgodc
|inactive|abgodc disconnected and has a minute to reconnect!
|player|p1|
|j|☆abgodc
|inactive|abgodc reconnected and has 145 seconds left.
|player|p1|abgodc|101|
|
|t:|1769321040
|-terastallize|p2a: Iron Moth|Ground
|move|p1a: Iron Moth|Fiery Dance|p2a: Iron Moth
|-damage|p2a: Iron Moth|11/100
|move|p2a: Iron Moth|Tera Blast|p1a: Iron Moth|[anim] Tera Blast Ground
|-supereffective|p1a: Iron Moth
|-damage|p1a: Iron Moth|0 fnt
|faint|p1a: Iron Moth
|-end|p1a: Iron Moth|Quark Drive|[silent]
|
|upkeep
|
|t:|1769321048
|switch|p1a: Great Tusk|Great Tusk|100/100
|-enditem|p1a: Great Tusk|Booster Energy
|-activate|p1a: Great Tusk|ability: Protosynthesis|[fromitem]
|-start|p1a: Great Tusk|protosynthesisspe
|turn|9
|
|t:|1769321051
|-end|p2a: Iron Moth|Quark Drive|[silent]
|switch|p2a: Corviknight|Corviknight, M, shiny|100/100
|-damage|p2a: Corviknight|88/100|[from] Stealth Rock
|-ability|p2a: Corviknight|Pressure
|move|p1a: Great Tusk|Ice Spinner|p2a: Corviknight
|-damage|p2a: Corviknight|75/100
|
|-heal|p2a: Corviknight|81/100|[from] item: Leftovers
|upkeep
|turn|10
|
|t:|1769321053
|-end|p1a: Great Tusk|Protosynthesis|[silent]
|switch|p1a: Dragonite|Dragonite, F|100/100
|move|p2a: Corviknight|Defog|p1a: Dragonite
|-unboost|p1a: Dragonite|evasion|1
|-sideend|p2: roddyj|Stealth Rock|[from] move: Defog|[of] p2a: Corviknight
|
|-heal|p2a: Corviknight|87/100|[from] item: Leftovers
|upkeep
|turn|11
|j| AmberArm
|
|t:|1769321056
|switch|p2a: Iron Moth|Iron Moth, tera:Ground|11/100
|move|p1a: Dragonite|Encore||[still]
|-fail|p1a: Dragonite
|
|upkeep
|turn|12
|
|t:|1769321060
|-end|p2a: Iron Moth|Quark Drive|[silent]
|switch|p2a: Corviknight|Corviknight, M, shiny|87/100
|-ability|p2a: Corviknight|Pressure
|move|p1a: Dragonite|Dragon Dance|p1a: Dragonite
|-boost|p1a: Dragonite|atk|1
|-boost|p1a: Dragonite|spe|1
|
|-heal|p2a: Corviknight|93/100|[from] item: Leftovers
|upkeep
|turn|13
|
|t:|1769321063
|move|p1a: Dragonite|Dragon Dance|p1a: Dragonite
|-boost|p1a: Dragonite|atk|1
|-boost|p1a: Dragonite|spe|1
|move|p2a: Corviknight|Brave Bird|p1a: Dragonite
|-damage|p1a: Dragonite|80/100
|-damage|p2a: Corviknight|87/100|[from] Recoil
|
|-heal|p2a: Corviknight|93/100|[from] item: Leftovers
|upkeep
|turn|14
|
|t:|1769321067
|-terastallize|p1a: Dragonite|Ghost
|move|p1a: Dragonite|Tera Blast|p2a: Corviknight|[anim] Tera Blast Ghost
|-damage|p2a: Corviknight|36/100
|move|p2a: Corviknight|Brave Bird|p1a: Dragonite
|-damage|p1a: Dragonite|37/100
|-damage|p2a: Corviknight|24/100|[from] Recoil
|
|-heal|p2a: Corviknight|30/100|[from] item: Leftovers
|upkeep
|turn|15
|
|t:|1769321074
|move|p1a: Dragonite|Tera Blast|p2a: Corviknight|[anim] Tera Blast Ghost
|-damage|p2a: Corviknight|0 fnt
|faint|p2a: Corviknight
|
|upkeep
|
|t:|1769321077
|switch|p2a: Blaziken|Blaziken, M, shiny|100/100
|turn|16
|
|t:|1769321081
|move|p1a: Dragonite|Tera Blast|p2a: Blaziken|[anim] Tera Blast Ghost
|-enditem|p2a: Blaziken|Focus Sash
|-damage|p2a: Blaziken|1/100
|move|p2a: Blaziken|Blaze Kick|p1a: Dragonite
|-damage|p1a: Dragonite|0 fnt
|faint|p1a: Dragonite
|
|-ability|p2a: Blaziken|Speed Boost|boost
|-boost|p2a: Blaziken|spe|1
|upkeep
|
|t:|1769321083
|switch|p1a: Scizor|Scizor, M|100/100
|turn|17
|
|t:|1769321097
|switch|p2a: Ogerpon|Ogerpon-Wellspring, F|100/100
|move|p1a: Scizor|Bullet Punch|p2a: Ogerpon
|-resisted|p2a: Ogerpon
|-damage|p2a: Ogerpon|68/100
|
|upkeep
|turn|18
|
|t:|1769321103
|move|p1a: Scizor|Bullet Punch|p2a: Ogerpon
|-resisted|p2a: Ogerpon
|-damage|p2a: Ogerpon|36/100
|move|p2a: Ogerpon|Ivy Cudgel|p1a: Scizor|[anim] Ivy Cudgel Water
|-crit|p1a: Scizor
|-damage|p1a: Scizor|0 fnt
|faint|p1a: Scizor
|
|upkeep
|
|t:|1769321105
|switch|p1a: Great Tusk|Great Tusk|100/100
|turn|19
|
|t:|1769321109
|move|p2a: Ogerpon|Ivy Cudgel|p1a: Great Tusk|[anim] Ivy Cudgel Water
|-supereffective|p1a: Great Tusk
|-damage|p1a: Great Tusk|23/100
|move|p1a: Great Tusk|Rapid Spin|p2a: Ogerpon
|-damage|p2a: Ogerpon|16/100
|-boost|p1a: Great Tusk|spe|1
|
|upkeep
|turn|20
|l| AmberArm
|
|t:|1769321117
|move|p1a: Great Tusk|Rapid Spin|p2a: Ogerpon
|-damage|p2a: Ogerpon|0 fnt
|-boost|p1a: Great Tusk|spe|1
|faint|p2a: Ogerpon
|
|upkeep
|
|t:|1769321122
|switch|p2a: Iron Moth|Iron Moth, tera:Ground|11/100
|turn|21
|
|t:|1769321125
|move|p1a: Great Tusk|Rapid Spin|p2a: Iron Moth
|-damage|p2a: Iron Moth|0 fnt
|-boost|p1a: Great Tusk|spe|1
|faint|p2a: Iron Moth
|-end|p2a: Iron Moth|Quark Drive|[silent]
|
|upkeep
|
|t:|1769321127
|switch|p2a: Blaziken|Blaziken, M, shiny|1/100
|turn|22
|
|t:|1769321128
|move|p1a: Great Tusk|Rapid Spin|p2a: Blaziken
|-damage|p2a: Blaziken|0 fnt
|-boost|p1a: Great Tusk|spe|1
|faint|p2a: Blaziken
|
|win|abgodc
|raw|abgodc's rating: 1701 &rarr; <strong>1723</strong><br />(+22 for winning)
|raw|roddyj's rating: 1732 &rarr; <strong>1710</strong><br />(-22 for losing)
|l|☆roddyj
|player|p2|
|l|☆abgodc
|player|p1|
