|j|☆1colour
|j|☆giogiovannio
|t:|1769376860
|gametype|singles
|player|p1|1colour|parasollady|1647
|player|p2|giogiovannio|drayden|1755
|gen|9
|tier|[Gen 9] OU
|rated|
|rule|HP Percentage Mod: HP is shown in percentages
|rule|Endless Battle Clause: Forcing endless battles is banned
|rule|Species Clause: Limit one of each Pokémon
|rule|OHKO Clause: OHKO moves are banned
|rule|Evasion Items Clause: Evasion items are banned
|rule|Evasion Moves Clause: Evasion moves are banned
|rule|Evasion Abilities Clause: Evasion abilities are banned
|rule|Sleep Moves Clause: Sleep-inducing moves are banned
|clearpoke
|poke|p1|Salazzle, F|
|poke|p1|Kyurem|
|poke|p1|Great Tusk|
|poke|p1|Zamazenta-*|
|poke|p1|Glimmora, F|
|poke|p1|Deoxys-Speed|
|poke|p2|Regidrago|
|poke|p2|Araquanid, F|
|poke|p2|Gholdengo|
|poke|p2|Zamazenta-*|
|poke|p2|Iron Moth|
|poke|p2|Raging Bolt|
|teampreview
|c|☆1colour|look at me, look at me, look at me
|
|t:|1769376887
|teamsize|p1|6
|teamsize|p2|6
|start
|switch|p1a: Kyurem|Kyurem, shiny|100/100
|switch|p2a: Araquanid|Araquanid, F|100/100
|-ability|p1a: Kyurem|Pressure
|turn|1
|
|t:|1769376892
|move|p1a: Kyurem|Substitute|p1a: Kyurem
|-start|p1a: Kyurem|Substitute
|-damage|p1a: Kyurem|76/100
|move|p2a: Araquanid|Sticky Web|p1a: Kyurem
|-sidestart|p1: 1colour|move: Sticky Web
|
|-heal|p1a: Kyurem|82/100|[from] item: Leftovers
|upkeep
|turn|2
|
|t:|1769376901
|switch|p2a: Zamazenta|Zamazenta|100/100
|-ability|p2a: Zamazenta|Dauntless Shield|boost
|-boost|p2a: Zamazenta|def|1
|move|p1a: Kyurem|Freeze-Dry|p2a: Zamazenta
|-damage|p2a: Zamazenta|73/100
|
|-heal|p2a: Zamazenta|80/100|[from] item: Leftovers
|-heal|p1a: Kyurem|88/100|[from] item: Leftovers
|upkeep
|turn|3
|
|t:|1769376907
|move|p1a: Kyurem|Freeze-Dry|p2a: Zamazenta
|-damage|p2a: Zamazenta|49/100
|move|p2a: Zamazenta|Roar|p1a: Kyurem
|drag|p1a: Zamazenta|Zamazenta, shiny|100/100
|-activate|p1a: Zamazenta|move: Sticky Web
|-unboost|p1a: Zamazenta|spe|1
|-ability|p1a: Zamazenta|Dauntless Shield|boost
|-boost|p1a: Zamazenta|def|1
|
|-heal|p2a: Zamazenta|55/100|[from] item: Leftovers
|upkeep
|turn|4
|
|t:|1769376914
|move|p2a: Zamazenta|Iron Defense|p2a: Zamazenta
|-boost|p2a: Zamazenta|def|2
|move|p1a: Zamazenta|Body Press|p2a: Zamazenta
|-damage|p2a: Zamazenta|41/100
|
|-heal|p2a: Zamazenta|47/100|[from] item: Leftovers
|upkeep
|turn|5
|
|t:|1769376921
|move|p2a: Zamazenta|Body Press|p1a: Zamazenta
|-damage|p1a: Zamazenta|58/100
|move|p1a: Zamazenta|Iron Defense|p1a: Zamazenta
|-boost|p1a: Zamazenta|def|2
|
|-heal|p2a: Zamazenta|53/100|[from] item: Leftovers
|-heal|p1a: Zamazenta|64/100|[from] item: Leftovers
|upkeep
|turn|6
|
|t:|1769376927
|move|p1a: Zamazenta|Body Press|p2a: Zamazenta
|-damage|p2a: Zamazenta|31/100
|move|p2a: Zamazenta|Roar|p1a: Zamazenta
|drag|p1a: Deoxys|Deoxys-Speed|100/100
|-activate|p1a: Deoxys|move: Sticky Web
|-unboost|p1a: Deoxys|spe|1
|-ability|p1a: Deoxys|Pressure
|
|-heal|p2a: Zamazenta|37/100|[from] item: Leftovers
|upkeep
|turn|7
|
|t:|1769376936
|move|p2a: Zamazenta|Body Press|p1a: Deoxys
|-resisted|p1a: Deoxys
|-damage|p1a: Deoxys|32/100
|move|p1a: Deoxys|Psycho Boost|p2a: Zamazenta
|-supereffective|p2a: Zamazenta
|-damage|p2a: Zamazenta|0 fnt
|-unboost|p1a: Deoxys|spa|2
|faint|p2a: Zamazenta
|-damage|p1a: Deoxys|22/100|[from] item: Life Orb
|
|upkeep
|
|t:|1769376951
|switch|p2a: Iron Moth|Iron Moth|100/100
|-enditem|p2a: Iron Moth|Booster Energy
|-activate|p2a: Iron Moth|ability: Quark Drive|[fromitem]
|-start|p2a: Iron Moth|quarkdrivespa
|turn|8
|
|t:|1769376957
|move|p2a: Iron Moth|Fiery Dance|p1a: Deoxys
|-damage|p1a: Deoxys|0 fnt
|faint|p1a: Deoxys
|
|upkeep
|
|t:|1769376966
|switch|p1a: why is Glimmora|Glimmora, F, shiny|100/100
|-activate|p1a: why is Glimmora|move: Sticky Web
|-unboost|p1a: why is Glimmora|spe|1
|turn|9
|
|t:|1769376969
|move|p2a: Iron Moth|Psychic|p1a: why is Glimmora
|-supereffective|p1a: why is Glimmora
|-damage|p1a: why is Glimmora|0 fnt
|faint|p1a: why is Glimmora
|
|upkeep
|
|t:|1769376991
|switch|p1a: Salazzle|Salazzle, F|100/100
|-activate|p1a: Salazzle|move: Sticky Web
|-unboost|p1a: Salazzle|spe|1
|turn|10
|
|t:|1769377005
|move|p2a: Iron Moth|Psychic|p1a: Salazzle
|-supereffective|p1a: Salazzle
|-damage|p1a: Salazzle|0 fnt
|faint|p1a: Salazzle
|
|upkeep
|-message|1colour forfeited.
|
|win|giogiovannio
|raw|1colour's rating: 1647 &rarr; <strong>1633</strong><br />(-14 for losing)
|raw|giogiovannio's rating: 1755 &rarr; <strong>1769</strong><br />(+14 for winning)
|l|☆1colour
|player|p1|
|l|☆giogiovannio
|player|p2|
