|j|☆bumpered
|j|☆baakrisht
|t:|1769411402
|gametype|singles
|player|p1|bumpered|roxie|1132
|player|p2|baakrisht|102|1175
|gen|9
|tier|[Gen 9] OU
|rated|
|rule|HP Percentage Mod: HP is shown in percentages
|rule|Endless Battle Clause: Forcing endless battles is banned
|rule|Species Clause: Limit one of each Pokémon
|rule|OHKO Clause: OHKO moves are banned
|rule|Evasion Items Clause: Evasion items are banned
|rule|Evasion Moves Clause: Evasion moves are banned
|rule|Evasion Abilities Clause: Evasion abilities are banned
|rule|Sleep Moves Clause: Sleep-inducing moves are banned
|clearpoke
|poke|p1|Ninetales, F|
|poke|p1|Slither Wing|
|poke|p1|Leavanny, F|
|poke|p1|Walking Wake|
|poke|p1|Skeledirge, M|
|poke|p1|Great Tusk|
|poke|p2|Blissey, F|
|poke|p2|Espeon, F|
|poke|p2|Goodra, F|
|poke|p2|Weezing-Galar, F|
|poke|p2|Orthworm, F|
|poke|p2|Suicune|
|teampreview
|inactive|Battle timer is ON: inactive players will automatically lose when time's up. (requested by bumpered)
|
|t:|1769411414
|teamsize|p1|6
|teamsize|p2|6
|start
|switch|p1a: Leavanny|Leavanny, F|100/100
|switch|p2a: Goodra|Goodra, F|100/100
|turn|1
|
|t:|1769411423
|move|p2a: Goodra|Rain Dance|p2a: Goodra
|-weather|RainDance
|move|p1a: Leavanny|Triple Axel|p2a: Goodra
|-supereffective|p2a: Goodra
|-damage|p2a: Goodra|86/100
|-supereffective|p2a: Goodra
|-damage|p2a: Goodra|59/100
|-hitcount|p2a: Goodra|2
|
|-weather|RainDance|[upkeep]
|upkeep
|turn|2
|
|t:|1769411431
|move|p2a: Goodra|Sludge Bomb|p1a: Leavanny
|-supereffective|p1a: Leavanny
|-damage|p1a: Leavanny|31/100
|move|p1a: Leavanny|Triple Axel|p2a: Goodra
|-supereffective|p2a: Goodra
|-damage|p2a: Goodra|46/100
|-supereffective|p2a: Goodra
|-damage|p2a: Goodra|20/100
|-supereffective|p2a: Goodra
|-damage|p2a: Goodra|0 fnt
|faint|p2a: Goodra
|-hitcount|p2: Goodra|3
|
|-weather|RainDance|[upkeep]
|upkeep
|
|t:|1769411445
|switch|p2a: Weezing|Weezing-Galar, F|100/100
|turn|3
|
|t:|1769411448
|switch|p1a: Ninetales|Ninetales, F|100/100
|-weather|SunnyDay|[from] ability: Drought|[of] p1a: Ninetales
|move|p2a: Weezing|Flamethrower|p1a: Ninetales
|-resisted|p1a: Ninetales
|-damage|p1a: Ninetales|88/100
|
|-weather|SunnyDay|[upkeep]
|upkeep
|turn|4
|inactive|bumpered has 120 seconds left.
|
|t:|1769411482
|switch|p1a: Slither Wing|Slither Wing|100/100
|-activate|p1a: Slither Wing|ability: Protosynthesis
|-start|p1a: Slither Wing|protosynthesisatk
|switch|p2a: Blissey|Blissey, F|100/100
|
|-weather|SunnyDay|[upkeep]
|upkeep
|turn|5
|inactive|bumpered has 120 seconds left.
|
|t:|1769411497
|switch|p2a: Suicune|Suicune|100/100
|-ability|p2a: Suicune|Pressure
|move|p1a: Slither Wing|First Impression|p2a: Suicune
|-damage|p2a: Suicune|61/100
|-damage|p1a: Slither Wing|84/100|[from] item: Rocky Helmet|[of] p2a: Suicune
|
|-weather|SunnyDay|[upkeep]
|upkeep
|turn|6
|
|t:|1769411506
|move|p1a: Slither Wing|U-turn|p2a: Suicune
|-damage|p2a: Suicune|34/100
|-damage|p1a: Slither Wing|68/100|[from] item: Rocky Helmet|[of] p2a: Suicune
|
|t:|1769411510
|-end|p1a: Slither Wing|Protosynthesis|[silent]
|switch|p1a: Leavanny|Leavanny, F|31/100|[from] U-turn
|move|p2a: Suicune|Roar|p1a: Leavanny
|drag|p1a: Great Tusk|Great Tusk|100/100
|-activate|p1a: Great Tusk|ability: Protosynthesis
|-start|p1a: Great Tusk|protosynthesisatk
|
|-weather|SunnyDay|[upkeep]
|upkeep
|turn|7
|
|t:|1769411521
|move|p1a: Great Tusk|Stealth Rock|p2a: Suicune
|-sidestart|p2: baakrisht|move: Stealth Rock
|move|p2a: Suicune|Scald|p1a: Great Tusk
|-supereffective|p1a: Great Tusk
|-damage|p1a: Great Tusk|66/100
|
|-weather|SunnyDay|[upkeep]
|upkeep
|turn|8
|
|t:|1769411527
|move|p1a: Great Tusk|Knock Off|p2a: Suicune
|-damage|p2a: Suicune|8/100
|-damage|p1a: Great Tusk|50/100|[from] item: Rocky Helmet|[of] p2a: Suicune
|-enditem|p2a: Suicune|Rocky Helmet|[from] move: Knock Off|[of] p1a: Great Tusk
|move|p2a: Suicune|Ice Beam|p1a: Great Tusk
|-supereffective|p1a: Great Tusk
|-damage|p1a: Great Tusk|0 fnt
|faint|p1a: Great Tusk
|-end|p1a: Great Tusk|Protosynthesis|[silent]
|
|-weather|SunnyDay|[upkeep]
|upkeep
|
|t:|1769411537
|switch|p1a: Leavanny|Leavanny, F|31/100
|turn|9
|
|t:|1769411545
|move|p1a: Leavanny|Leaf Storm|p2a: Suicune|[miss]
|-miss|p1a: Leavanny|p2a: Suicune
|move|p2a: Suicune|Ice Beam|p1a: Leavanny
|-supereffective|p1a: Leavanny
|-damage|p1a: Leavanny|0 fnt
|faint|p1a: Leavanny
|
|-weather|SunnyDay|[upkeep]
|upkeep
|
|t:|1769411552
|switch|p1a: Slither Wing|Slither Wing|68/100
|-activate|p1a: Slither Wing|ability: Protosynthesis
|-start|p1a: Slither Wing|protosynthesisatk
|turn|10
|
|t:|1769411561
|move|p1a: Slither Wing|U-turn|p2a: Suicune
|-damage|p2a: Suicune|0 fnt
|faint|p2a: Suicune
|
|t:|1769411569
|-end|p1a: Slither Wing|Protosynthesis|[silent]
|switch|p1a: Skeledirge|Skeledirge, M|100/100|[from] U-turn
|
|-weather|none
|upkeep
|
|t:|1769411577
|switch|p2a: Espeon|Espeon, F|100/100
|-damage|p2a: Espeon|88/100|[from] Stealth Rock
|turn|11
|
|t:|1769411584
|-terastallize|p2a: Espeon|Normal
|move|p2a: Espeon|Shadow Ball|p1a: Skeledirge
|-supereffective|p1a: Skeledirge
|-damage|p1a: Skeledirge|64/100
|-unboost|p1a: Skeledirge|spd|1
|move|p1a: Skeledirge|Hex|p2a: Espeon
|-immune|p2a: Espeon
|
|upkeep
|turn|12
|
|t:|1769411593
|switch|p1a: Ninetales|Ninetales, F|88/100
|-weather|SunnyDay|[from] ability: Drought|[of] p1a: Ninetales
|move|p2a: Espeon|Shadow Ball|p1a: Ninetales
|-crit|p1a: Ninetales
|-damage|p1a: Ninetales|57/100
|
|-weather|SunnyDay|[upkeep]
|upkeep
|turn|13
|
|t:|1769411604
|move|p2a: Espeon|Shadow Ball|p1a: Ninetales
|-damage|p1a: Ninetales|32/100
|move|p1a: Ninetales|Encore|p2a: Espeon
|move|p2a: Espeon|Encore||[from] ability: Magic Bounce|[still]
|-fail|p2a: Espeon
|
|-weather|SunnyDay|[upkeep]
|upkeep
|turn|14
|
|t:|1769411613
|switch|p1a: Slither Wing|Slither Wing|68/100
|-activate|p1a: Slither Wing|ability: Protosynthesis
|-start|p1a: Slither Wing|protosynthesisatk
|move|p2a: Espeon|Shadow Ball|p1a: Slither Wing
|-damage|p1a: Slither Wing|50/100
|
|-weather|SunnyDay|[upkeep]
|upkeep
|turn|15
|
|t:|1769411626
|switch|p2a: Weezing|Weezing-Galar, F|100/100
|-damage|p2a: Weezing|88/100|[from] Stealth Rock
|-terastallize|p1a: Slither Wing|Fire
|move|p1a: Slither Wing|Flare Blitz|p2a: Weezing
|-damage|p2a: Weezing|5/100
|-damage|p1a: Slither Wing|34/100|[from] item: Rocky Helmet|[of] p2a: Weezing
|-damage|p1a: Slither Wing|5/100|[from] Recoil
|
|-weather|SunnyDay|[upkeep]
|upkeep
|turn|16
|
|t:|1769411637
|move|p1a: Slither Wing|U-turn|p2a: Weezing
|-resisted|p2a: Weezing
|-damage|p2a: Weezing|0 fnt
|-damage|p1a: Slither Wing|0 fnt|[from] item: Rocky Helmet|[of] p2a: Weezing
|faint|p2a: Weezing
|faint|p1a: Slither Wing
|-end|p1a: Slither Wing|Protosynthesis|[silent]
|
|-weather|SunnyDay|[upkeep]
|upkeep
|
|t:|1769411651
|switch|p1a: Walking Wake|Walking Wake|100/100
|switch|p2a: Blissey|Blissey, F|100/100
|-damage|p2a: Blissey|88/100|[from] Stealth Rock
|-activate|p1a: Walking Wake|ability: Protosynthesis
|-start|p1a: Walking Wake|protosynthesisspa
|turn|17
|
|t:|1769411661
|move|p1a: Walking Wake|Hydro Steam|p2a: Blissey
|-damage|p2a: Blissey|54/100
|-damage|p1a: Walking Wake|91/100|[from] item: Life Orb
|move|p2a: Blissey|Thunder Wave|p1a: Walking Wake|[miss]
|-miss|p2a: Blissey|p1a: Walking Wake
|
|-weather|SunnyDay|[upkeep]
|-heal|p2a: Blissey|60/100|[from] item: Leftovers
|upkeep
|turn|18
|
|t:|1769411675
|move|p1a: Walking Wake|Hydro Steam|p2a: Blissey
|-damage|p2a: Blissey|28/100
|-damage|p1a: Walking Wake|81/100|[from] item: Life Orb
|move|p2a: Blissey|Thunder Wave|p1a: Walking Wake
|-status|p1a: Walking Wake|par
|
|-weather|SunnyDay|[upkeep]
|-heal|p2a: Blissey|34/100|[from] item: Leftovers
|upkeep
|turn|19
|
|t:|1769411683
|move|p1a: Walking Wake|Hydro Steam|p2a: Blissey
|-damage|p2a: Blissey|2/100
|-damage|p1a: Walking Wake|71/100 par|[from] item: Life Orb
|move|p2a: Blissey|Soft-Boiled|p2a: Blissey
|-heal|p2a: Blissey|52/100
|
|-weather|none
|-end|p1a: Walking Wake|Protosynthesis
|-heal|p2a: Blissey|58/100|[from] item: Leftovers
|upkeep
|turn|20
|
|t:|1769411692
|-end|p1a: Walking Wake|Protosynthesis|[silent]
|switch|p1a: Ninetales|Ninetales, F|32/100
|-weather|SunnyDay|[from] ability: Drought|[of] p1a: Ninetales
|move|p2a: Blissey|Soft-Boiled|p2a: Blissey
|-heal|p2a: Blissey|100/100
|
|-weather|SunnyDay|[upkeep]
|upkeep
|turn|21
|
|t:|1769411699
|move|p1a: Ninetales|Encore|p2a: Blissey
|-start|p2a: Blissey|Encore
|move|p2a: Blissey|Soft-Boiled||[still]
|-fail|p2a: Blissey|heal
|
|-weather|SunnyDay|[upkeep]
|upkeep
|turn|22
|
|t:|1769411707
|switch|p2a: Orthworm|Orthworm, F|100/100
|-damage|p2a: Orthworm|94/100|[from] Stealth Rock
|move|p1a: Ninetales|Will-O-Wisp|p2a: Orthworm
|-status|p2a: Orthworm|brn
|
|-weather|SunnyDay|[upkeep]
|-heal|p2a: Orthworm|100/100 brn|[from] item: Leftovers
|-damage|p2a: Orthworm|94/100 brn|[from] brn
|upkeep
|turn|23
|
|t:|1769411717
|switch|p1a: Skeledirge|Skeledirge, M|64/100
|move|p2a: Orthworm|Earthquake|p1a: Skeledirge
|-supereffective|p1a: Skeledirge
|-crit|p1a: Skeledirge
|-damage|p1a: Skeledirge|43/100
|
|-weather|SunnyDay|[upkeep]
|-heal|p2a: Orthworm|100/100 brn|[from] item: Leftovers
|-damage|p2a: Orthworm|94/100 brn|[from] brn
|upkeep
|turn|24
|
|t:|1769411726
|move|p1a: Skeledirge|Slack Off|p1a: Skeledirge
|-heal|p1a: Skeledirge|93/100
|move|p2a: Orthworm|Earthquake|p1a: Skeledirge
|-supereffective|p1a: Skeledirge
|-damage|p1a: Skeledirge|77/100
|
|-weather|SunnyDay|[upkeep]
|-heal|p2a: Orthworm|100/100 brn|[from] item: Leftovers
|-damage|p2a: Orthworm|94/100 brn|[from] brn
|upkeep
|turn|25
|
|t:|1769411735
|move|p1a: Skeledirge|Torch Song|p2a: Orthworm
|-supereffective|p2a: Orthworm
|-damage|p2a: Orthworm|0 fnt
|-boost|p1a: Skeledirge|spa|1
|faint|p2a: Orthworm
|
|-weather|SunnyDay|[upkeep]
|upkeep
|
|t:|1769411739
|switch|p2a: Espeon|Espeon, F, tera:Normal|88/100
|-damage|p2a: Espeon|76/100|[from] Stealth Rock
|turn|26
|
|t:|1769411750
|move|p2a: Espeon|Trick|p1a: Skeledirge
|-activate|p2a: Espeon|move: Trick|[of] p1a: Skeledirge
|-item|p1a: Skeledirge|Choice Scarf|[from] move: Trick
|-item|p2a: Espeon|Heavy-Duty Boots|[from] move: Trick
|move|p1a: Skeledirge|Torch Song|p2a: Espeon
|-crit|p2a: Espeon
|-damage|p2a: Espeon|0 fnt
|-boost|p1a: Skeledirge|spa|1
|faint|p2a: Espeon
|
|-weather|SunnyDay|[upkeep]
|upkeep
|
|t:|1769411753
|switch|p2a: Blissey|Blissey, F|100/100
|-damage|p2a: Blissey|88/100|[from] Stealth Rock
|turn|27
|
|t:|1769411762
|move|p1a: Skeledirge|Torch Song|p2a: Blissey
|-damage|p2a: Blissey|58/100
|-boost|p1a: Skeledirge|spa|1
|move|p2a: Blissey|Thunder Wave|p1a: Skeledirge
|-status|p1a: Skeledirge|par
|
|-weather|none
|-heal|p2a: Blissey|64/100|[from] item: Leftovers
|upkeep
|turn|28
|-message|baakrisht forfeited.
|
|win|bumpered
|raw|bumpered's rating: 1132 &rarr; <strong>1160</strong><br />(+28 for winning)
|raw|baakrisht's rating: 1175 &rarr; <strong>1147</strong><br />(-28 for losing)
|l|☆baakrisht
|player|p2|
|l|☆bumpered
|player|p1|
