|j|☆the.ramen.gang
|j|☆ShyBlizz-
|t:|1769307993
|gametype|singles
|player|p1|the.ramen.gang|265|1263
|player|p2|ShyBlizz-|depotagent|1254
|gen|9
|tier|[Gen 9] OU
|rated|
|rule|HP Percentage Mod: HP is shown in percentages
|rule|Endless Battle Clause: Forcing endless battles is banned
|rule|Species Clause: Limit one of each Pokémon
|rule|OHKO Clause: OHKO moves are banned
|rule|Evasion Items Clause: Evasion items are banned
|rule|Evasion Moves Clause: Evasion moves are banned
|rule|Evasion Abilities Clause: Evasion abilities are banned
|rule|Sleep Moves Clause: Sleep-inducing moves are banned
|clearpoke
|poke|p1|Shiftry, F|
|poke|p1|Swanna, F|
|poke|p1|Munkidori, M|
|poke|p1|Magmortar, M|
|poke|p1|Honchkrow, F|
|poke|p1|Sudowoodo, M|
|poke|p2|Breloom, M|
|poke|p2|Deoxys-Speed|
|poke|p2|Gliscor, F|
|poke|p2|Okidogi, M|
|poke|p2|Zapdos|
|poke|p2|Dragapult, F|
|teampreview
|
|t:|1769308002
|teamsize|p1|6
|teamsize|p2|6
|start
|switch|p1a: Shiftry|Shiftry, F|100/100
|switch|p2a: Blitz|Zapdos|100/100
|turn|1
|
|t:|1769308006
|move|p2a: Blitz|Hurricane|p1a: Shiftry
|-ability|p1a: Shiftry|Wind Rider|boost
|-boost|p1a: Shiftry|atk|1
|move|p1a: Shiftry|Tailwind|p1a: Shiftry
|-sidestart|p1: the.ramen.gang|move: Tailwind
|-ability|p1a: Shiftry|Wind Rider|boost
|-boost|p1a: Shiftry|atk|1
|
|upkeep
|turn|2
|
|t:|1769308012
|move|p1a: Shiftry|Rock Slide|p2a: Blitz
|-supereffective|p2a: Blitz
|-damage|p2a: Blitz|0 fnt
|faint|p2a: Blitz
|
|upkeep
|
|t:|1769308017
|switch|p2a: Kingpin|Okidogi, M|100/100
|turn|3
|
|t:|1769308021
|move|p1a: Shiftry|Rock Slide|p2a: Kingpin
|-resisted|p2a: Kingpin
|-damage|p2a: Kingpin|78/100
|move|p2a: Kingpin|Gunk Shot|p1a: Shiftry|[miss]
|-miss|p2a: Kingpin|p1a: Shiftry
|
|upkeep
|turn|4
|
|t:|1769308027
|move|p1a: Shiftry|Knock Off|p2a: Kingpin
|-resisted|p2a: Kingpin
|-damage|p2a: Kingpin|32/100
|-enditem|p2a: Kingpin|Assault Vest|[from] move: Knock Off|[of] p1a: Shiftry
|move|p2a: Kingpin|Drain Punch|p1a: Shiftry
|-supereffective|p1a: Shiftry
|-enditem|p1a: Shiftry|Focus Sash
|-damage|p1a: Shiftry|1/100
|-heal|p2a: Kingpin|82/100|[from] drain|[of] p1a: Shiftry
|
|-sideend|p1: the.ramen.gang|move: Tailwind
|upkeep
|turn|5
|
|t:|1769308036
|move|p1a: Shiftry|Tailwind|p1a: Shiftry
|-sidestart|p1: the.ramen.gang|move: Tailwind
|-ability|p1a: Shiftry|Wind Rider|boost
|-boost|p1a: Shiftry|atk|1
|move|p2a: Kingpin|Drain Punch|p1a: Shiftry
|-supereffective|p1a: Shiftry
|-damage|p1a: Shiftry|0 fnt
|-heal|p2a: Kingpin|82/100|[from] drain|[of] p1a: Shiftry
|faint|p1a: Shiftry
|
|upkeep
|
|t:|1769308044
|switch|p1a: Munkidori|Munkidori, M|100/100
|turn|6
|
|t:|1769308046
|move|p1a: Munkidori|Psychic|p2a: Kingpin
|-supereffective|p2a: Kingpin
|-damage|p2a: Kingpin|0 fnt
|faint|p2a: Kingpin
|
|upkeep
|
|t:|1769308049
|switch|p2a: D’Koi|Deoxys-Speed|100/100
|-ability|p2a: D’Koi|Pressure
|turn|7
|
|t:|1769308053
|switch|p1a: Honchkrow|Honchkrow, F|100/100
|move|p2a: D’Koi|Stealth Rock|p1a: Honchkrow
|-sidestart|p1: the.ramen.gang|move: Stealth Rock
|
|upkeep
|turn|8
|
|t:|1769308060
|move|p1a: Honchkrow|Brave Bird|p2a: D’Koi
|-enditem|p2a: D’Koi|Focus Sash
|-damage|p2a: D’Koi|1/100
|-damage|p1a: Honchkrow|77/100|[from] Recoil
|move|p2a: D’Koi|Ice Beam|p1a: Honchkrow
|-supereffective|p1a: Honchkrow
|-damage|p1a: Honchkrow|0 fnt
|faint|p1a: Honchkrow
|
|-sideend|p1: the.ramen.gang|move: Tailwind
|upkeep
|
|t:|1769308065
|switch|p1a: Swanna|Swanna, F|100/100
|turn|9
|
|t:|1769308067
|move|p2a: D’Koi|Spikes|p1a: Swanna
|-sidestart|p1: the.ramen.gang|Spikes
|move|p1a: Swanna|Liquidation|p2a: D’Koi
|-damage|p2a: D’Koi|0 fnt
|faint|p2a: D’Koi
|
|upkeep
|
|t:|1769308074
|switch|p2a: Spell Tag|Dragapult, F|100/100
|turn|10
|
|t:|1769308076
|move|p2a: Spell Tag|Will-O-Wisp|p1a: Swanna
|-status|p1a: Swanna|brn
|move|p1a: Swanna|Defog|p2a: Spell Tag
|-unboost|p2a: Spell Tag|evasion|1
|-sideend|p1: the.ramen.gang|Spikes|[from] move: Defog|[of] p1a: Swanna
|-sideend|p1: the.ramen.gang|Stealth Rock|[from] move: Defog|[of] p1a: Swanna
|
|-damage|p1a: Swanna|94/100 brn|[from] brn
|upkeep
|turn|11
|
|t:|1769308079
|move|p2a: Spell Tag|Hex|p1a: Swanna
|-damage|p1a: Swanna|37/100 brn
|move|p1a: Swanna|Knock Off|p2a: Spell Tag
|-supereffective|p2a: Spell Tag
|-damage|p2a: Spell Tag|56/100
|-enditem|p2a: Spell Tag|Heavy-Duty Boots|[from] move: Knock Off|[of] p1a: Swanna
|
|-damage|p1a: Swanna|30/100 brn|[from] brn
|upkeep
|turn|12
|
|t:|1769308083
|move|p2a: Spell Tag|Hex|p1a: Swanna
|-damage|p1a: Swanna|0 fnt
|faint|p1a: Swanna
|
|upkeep
|
|t:|1769308089
|switch|p1a: Magmortar|Magmortar, M|100/100
|turn|13
|
|t:|1769308092
|move|p2a: Spell Tag|Dragon Darts|p1a: Magmortar
|-damage|p1a: Magmortar|67/100
|-anim|p2a: Spell Tag|Dragon Darts|p1a: Magmortar
|-damage|p1a: Magmortar|35/100
|move|p1a: Magmortar|Fire Blast|p2a: Spell Tag
|-resisted|p2a: Spell Tag
|-damage|p2a: Spell Tag|12/100
|
|upkeep
|turn|14
|inactive|Battle timer is ON: inactive players will automatically lose when time's up. (requested by the.ramen.gang)
|inactive|ShyBlizz- has 120 seconds left.
|l|☆ShyBlizz-
|inactive|ShyBlizz- disconnected and has a minute to reconnect!
|player|p2|
|j|☆ShyBlizz-
|inactive|ShyBlizz- reconnected and has 95 seconds left.
|player|p2|ShyBlizz-|depotagent|
|
|t:|1769308176
|move|p2a: Spell Tag|Dragon Darts|p1a: Magmortar
|-damage|p1a: Magmortar|1/100
|-anim|p2a: Spell Tag|Dragon Darts|p1a: Magmortar
|-damage|p1a: Magmortar|0 fnt
|faint|p1a: Magmortar
|
|upkeep
|
|t:|1769308181
|switch|p1a: Sudowoodo|Sudowoodo, M|100/100
|turn|15
|
|t:|1769308188
|move|p1a: Sudowoodo|Sucker Punch||[still]
|-fail|p1a: Sudowoodo
|move|p2a: Spell Tag|Will-O-Wisp|p1a: Sudowoodo
|-status|p1a: Sudowoodo|brn
|
|-damage|p1a: Sudowoodo|94/100 brn|[from] brn
|upkeep
|turn|16
|
|t:|1769308197
|move|p1a: Sudowoodo|Sucker Punch|p2a: Spell Tag
|-supereffective|p2a: Spell Tag
|-damage|p2a: Spell Tag|0 fnt
|faint|p2a: Spell Tag
|
|-damage|p1a: Sudowoodo|88/100 brn|[from] brn
|upkeep
|
|t:|1769308220
|switch|p2a: Gliscor|Gliscor, F|100/100
|turn|17
|
|t:|1769308226
|move|p1a: Sudowoodo|Sucker Punch||[still]
|-fail|p1a: Sudowoodo
|move|p2a: Gliscor|Swords Dance|p2a: Gliscor
|-boost|p2a: Gliscor|atk|2
|
|-damage|p1a: Sudowoodo|82/100 brn|[from] brn
|-status|p2a: Gliscor|tox|[from] item: Toxic Orb
|upkeep
|turn|18
|
|t:|1769308238
|move|p1a: Sudowoodo|Sucker Punch|p2a: Gliscor
|-damage|p2a: Gliscor|85/100 tox
|move|p2a: Gliscor|Earthquake|p1a: Sudowoodo
|-supereffective|p1a: Sudowoodo
|-damage|p1a: Sudowoodo|0 fnt
|faint|p1a: Sudowoodo
|
|-heal|p2a: Gliscor|97/100 tox|[from] ability: Poison Heal
|upkeep
|
|t:|1769308242
|switch|p1a: Munkidori|Munkidori, M|100/100
|turn|19
|
|t:|1769308250
|-terastallize|p1a: Munkidori|Fighting
|move|p2a: Gliscor|Earthquake|p1a: Munkidori
|-damage|p1a: Munkidori|0 fnt
|faint|p1a: Munkidori
|
|win|ShyBlizz-
|raw|the.ramen.gang's rating: 1263 &rarr; <strong>1237</strong><br />(-26 for losing)
|raw|ShyBlizz-'s rating: 1254 &rarr; <strong>1280</strong><br />(+26 for winning)
|l|☆ShyBlizz-
|player|p2|
