|j|☆Magguss
|j|☆CambridgeFoulPlay
|t:|1769343903
|gametype|singles
|player|p1|Magguss|red-gen1|1805
|player|p2|CambridgeFoulPlay|266|1864
|gen|9
|tier|[Gen 9] OU
|rated|
|rule|HP Percentage Mod: HP is shown in percentages
|rule|Endless Battle Clause: Forcing endless battles is banned
|rule|Species Clause: Limit one of each Pokémon
|rule|OHKO Clause: OHKO moves are banned
|rule|Evasion Items Clause: Evasion items are banned
|rule|Evasion Moves Clause: Evasion moves are banned
|rule|Evasion Abilities Clause: Evasion abilities are banned
|rule|Sleep Moves Clause: Sleep-inducing moves are banned
|clearpoke
|poke|p1|Zamazenta-*|
|poke|p1|Ursaluna, M|
|poke|p1|Sinistcha|
|poke|p1|Raging Bolt|
|poke|p1|Cinderace, M|
|poke|p1|Azumarill, F|
|poke|p2|Hydrapple, M|
|poke|p2|Tyranitar, F|
|poke|p2|Moltres|
|poke|p2|Zamazenta-*|
|poke|p2|Slowking-Galar, M|
|poke|p2|Excadrill, F|
|teampreview
|c|☆CambridgeFoulPlay|hf
|inactive|Battle timer is ON: inactive players will automatically lose when time's up. (requested by CambridgeFoulPlay)
|c|☆Magguss|idem
|
|t:|1769343913
|teamsize|p1|6
|teamsize|p2|6
|start
|switch|p1a: Azumarill|Azumarill, F, shiny|100/100
|switch|p2a: Zamazenta|Zamazenta|100/100
|-ability|p2a: Zamazenta|Dauntless Shield|boost
|-boost|p2a: Zamazenta|def|1
|turn|1
|
|t:|1769343915
|move|p2a: Zamazenta|Iron Defense|p2a: Zamazenta
|-boost|p2a: Zamazenta|def|2
|move|p1a: Azumarill|Play Rough|p2a: Zamazenta
|-supereffective|p2a: Zamazenta
|-damage|p2a: Zamazenta|64/100
|
|-heal|p2a: Zamazenta|70/100|[from] item: Leftovers
|upkeep
|turn|2
|
|t:|1769343919
|switch|p1a: Sinistcha|Sinistcha|100/100
|move|p2a: Zamazenta|Roar|p1a: Sinistcha
|drag|p1a: Cinderace|Cinderace, M|100/100
|
|-heal|p2a: Zamazenta|76/100|[from] item: Leftovers
|upkeep
|turn|3
|
|t:|1769343922
|switch|p1a: Sinistcha|Sinistcha|100/100
|move|p2a: Zamazenta|Roar|p1a: Sinistcha
|drag|p1a: Cinderace|Cinderace, M|100/100
|
|-heal|p2a: Zamazenta|82/100|[from] item: Leftovers
|upkeep
|turn|4
|
|t:|1769343924
|switch|p1a: Sinistcha|Sinistcha|100/100
|move|p2a: Zamazenta|Roar|p1a: Sinistcha
|drag|p1a: Ursaluna|Ursaluna, M, shiny|100/100
|
|-heal|p2a: Zamazenta|88/100|[from] item: Leftovers
|-status|p1a: Ursaluna|brn|[from] item: Flame Orb
|upkeep
|turn|5
|
|t:|1769343927
|switch|p1a: Sinistcha|Sinistcha|100/100
|move|p2a: Zamazenta|Roar|p1a: Sinistcha
|drag|p1a: Zamazenta|Zamazenta, shiny|100/100
|-ability|p1a: Zamazenta|Dauntless Shield|boost
|-boost|p1a: Zamazenta|def|1
|
|-heal|p2a: Zamazenta|94/100|[from] item: Leftovers
|upkeep
|turn|6
|
|t:|1769343931
|move|p2a: Zamazenta|Roar|p1a: Zamazenta
|drag|p1a: Ursaluna|Ursaluna, M, shiny|100/100 brn
|
|-heal|p2a: Zamazenta|100/100|[from] item: Leftovers
|-damage|p1a: Ursaluna|94/100 brn|[from] brn
|upkeep
|turn|7
|
|t:|1769343936
|switch|p1a: Sinistcha|Sinistcha|100/100
|move|p2a: Zamazenta|Roar|p1a: Sinistcha
|drag|p1a: Raging Bolt|Raging Bolt|100/100
|-enditem|p1a: Raging Bolt|Booster Energy
|-activate|p1a: Raging Bolt|ability: Protosynthesis|[fromitem]
|-start|p1a: Raging Bolt|protosynthesisspa
|
|upkeep
|turn|8
|
|t:|1769343939
|move|p2a: Zamazenta|Body Press|p1a: Raging Bolt
|-damage|p1a: Raging Bolt|24/100
|move|p1a: Raging Bolt|Thunderbolt|p2a: Zamazenta
|-damage|p2a: Zamazenta|31/100
|
|-heal|p2a: Zamazenta|37/100|[from] item: Leftovers
|upkeep
|turn|9
|
|t:|1769343944
|move|p1a: Raging Bolt|Thunderbolt|p2a: Zamazenta
|-damage|p2a: Zamazenta|0 fnt
|faint|p2a: Zamazenta
|
|upkeep
|
|t:|1769343946
|switch|p2a: Tyranitar|Tyranitar, F|100/100
|-weather|Sandstorm|[from] ability: Sand Stream|[of] p2a: Tyranitar
|turn|10
|
|t:|1769343952
|-end|p1a: Raging Bolt|Protosynthesis|[silent]
|switch|p1a: Azumarill|Azumarill, F, shiny|100/100
|move|p2a: Tyranitar|Stealth Rock|p1a: Azumarill
|-sidestart|p1: Magguss|move: Stealth Rock
|
|-weather|Sandstorm|[upkeep]
|-damage|p1a: Azumarill|94/100|[from] Sandstorm
|upkeep
|turn|11
|
|t:|1769343954
|switch|p2a: Moltres|Moltres|100/100
|move|p1a: Azumarill|Play Rough|p2a: Moltres
|-resisted|p2a: Moltres
|-damage|p2a: Moltres|81/100
|
|-weather|Sandstorm|[upkeep]
|-damage|p2a: Moltres|75/100|[from] Sandstorm
|-damage|p1a: Azumarill|88/100|[from] Sandstorm
|upkeep
|turn|12
|
|t:|1769343958
|move|p2a: Moltres|U-turn|p1a: Azumarill
|-resisted|p1a: Azumarill
|-damage|p1a: Azumarill|81/100
|
|t:|1769343960
|switch|p2a: Hydrapple|Hydrapple, M|100/100|[from] U-turn
|move|p1a: Azumarill|Liquidation|p2a: Hydrapple
|-resisted|p2a: Hydrapple
|-damage|p2a: Hydrapple|92/100
|
|-weather|Sandstorm|[upkeep]
|-damage|p1a: Azumarill|75/100|[from] Sandstorm
|-damage|p2a: Hydrapple|86/100|[from] Sandstorm
|upkeep
|turn|13
|
|t:|1769343963
|move|p1a: Azumarill|Play Rough|p2a: Hydrapple
|-supereffective|p2a: Hydrapple
|-damage|p2a: Hydrapple|20/100
|move|p2a: Hydrapple|Giga Drain|p1a: Azumarill
|-supereffective|p1a: Azumarill
|-damage|p1a: Azumarill|8/100
|-heal|p2a: Hydrapple|54/100|[from] drain|[of] p1a: Azumarill
|
|-weather|Sandstorm|[upkeep]
|-damage|p1a: Azumarill|1/100|[from] Sandstorm
|-damage|p2a: Hydrapple|47/100|[from] Sandstorm
|upkeep
|turn|14
|
|t:|1769343967
|switch|p2a: Slowking|Slowking-Galar, M|100/100
|move|p1a: Azumarill|Play Rough|p2a: Slowking
|-resisted|p2a: Slowking
|-damage|p2a: Slowking|80/100
|
|-weather|Sandstorm|[upkeep]
|-damage|p1a: Azumarill|0 fnt|[from] Sandstorm
|-damage|p2a: Slowking|74/100|[from] Sandstorm
|faint|p1a: Azumarill
|upkeep
|
|t:|1769343972
|switch|p1a: Ursaluna|Ursaluna, M, shiny|94/100 brn
|-damage|p1a: Ursaluna|88/100 brn|[from] Stealth Rock
|turn|15
|
|t:|1769343975
|switch|p2a: Tyranitar|Tyranitar, F|100/100
|move|p1a: Ursaluna|Facade|p2a: Tyranitar
|-resisted|p2a: Tyranitar
|-damage|p2a: Tyranitar|54/100
|
|-weather|Sandstorm|[upkeep]
|-damage|p1a: Ursaluna|82/100 brn|[from] brn
|upkeep
|turn|16
|
|t:|1769343979
|move|p2a: Tyranitar|Knock Off|p1a: Ursaluna
|-damage|p1a: Ursaluna|53/100 brn
|-enditem|p1a: Ursaluna|Flame Orb|[from] move: Knock Off|[of] p2a: Tyranitar
|move|p1a: Ursaluna|Earthquake|p2a: Tyranitar
|-supereffective|p2a: Tyranitar
|-damage|p2a: Tyranitar|0 fnt
|faint|p2a: Tyranitar
|
|-weather|Sandstorm|[upkeep]
|-damage|p1a: Ursaluna|47/100 brn|[from] brn
|upkeep
|
|t:|1769343982
|switch|p2a: Excadrill|Excadrill, F|100/100
|-item|p2a: Excadrill|Air Balloon
|turn|17
|
|t:|1769343985
|move|p2a: Excadrill|Iron Head|p1a: Ursaluna
|-damage|p1a: Ursaluna|17/100 brn
|cant|p1a: Ursaluna|flinch
|
|-weather|none
|-damage|p1a: Ursaluna|11/100 brn|[from] brn
|upkeep
|turn|18
|
|t:|1769343990
|move|p2a: Excadrill|Earthquake|p1a: Ursaluna
|-damage|p1a: Ursaluna|0 fnt
|faint|p1a: Ursaluna
|
|upkeep
|j| Sviqma
|j| rainspam101
|
|t:|1769343995
|switch|p1a: Sinistcha|Sinistcha|100/100
|-damage|p1a: Sinistcha|88/100|[from] Stealth Rock
|turn|19
|
|t:|1769343998
|move|p2a: Excadrill|Swords Dance|p2a: Excadrill
|-boost|p2a: Excadrill|atk|2
|move|p1a: Sinistcha|Strength Sap|p2a: Excadrill
|-unboost|p2a: Excadrill|atk|1
|-heal|p1a: Sinistcha|100/100
|
|upkeep
|turn|20
|
|t:|1769344000
|move|p2a: Excadrill|Swords Dance|p2a: Excadrill
|-boost|p2a: Excadrill|atk|2
|move|p1a: Sinistcha|Matcha Gotcha|p2a: Excadrill
|-damage|p2a: Excadrill|53/100
|-enditem|p2a: Excadrill|Air Balloon
|
|upkeep
|turn|21
|
|t:|1769344003
|move|p2a: Excadrill|Iron Head|p1a: Sinistcha
|-damage|p1a: Sinistcha|19/100
|move|p1a: Sinistcha|Matcha Gotcha|p2a: Excadrill
|-damage|p2a: Excadrill|7/100
|-heal|p1a: Sinistcha|43/100|[from] drain|[of] p2a: Excadrill
|
|-heal|p1a: Sinistcha|49/100|[from] item: Leftovers
|upkeep
|turn|22
|
|t:|1769344007
|move|p2a: Excadrill|Iron Head|p1a: Sinistcha
|-damage|p1a: Sinistcha|0 fnt
|faint|p1a: Sinistcha
|
|upkeep
|
|t:|1769344009
|switch|p1a: Cinderace|Cinderace, M|100/100
|turn|23
|
|t:|1769344012
|switch|p2a: Moltres|Moltres|75/100
|move|p1a: Cinderace|Pyro Ball|p2a: Moltres
|-resisted|p2a: Moltres
|-damage|p2a: Moltres|55/100
|
|upkeep
|turn|24
|
|t:|1769344015
|move|p1a: Cinderace|Court Change|p1a: Cinderace
|-start|p1a: Cinderace|typechange|Normal|[from] ability: Libero
|-swapsideconditions
|-activate|p1a: Cinderace|move: Court Change
|move|p2a: Moltres|Roost|p2a: Moltres
|-heal|p2a: Moltres|100/100
|-singleturn|p2a: Moltres|move: Roost
|
|upkeep
|turn|25
|
|t:|1769344018
|switch|p1a: Raging Bolt|Raging Bolt|24/100
|move|p2a: Moltres|U-turn|p1a: Raging Bolt
|-damage|p1a: Raging Bolt|11/100
|
|t:|1769344021
|switch|p2a: Excadrill|Excadrill, F|7/100|[from] U-turn
|-damage|p2a: Excadrill|4/100|[from] Stealth Rock
|
|upkeep
|turn|26
|
|t:|1769344025
|move|p2a: Excadrill|Rapid Spin|p1a: Raging Bolt
|-damage|p1a: Raging Bolt|0 fnt
|-boost|p2a: Excadrill|spe|1
|-sideend|p2: CambridgeFoulPlay|Stealth Rock|[from] move: Rapid Spin|[of] p2a: Excadrill
|faint|p1a: Raging Bolt
|-end|p1a: Raging Bolt|Protosynthesis|[silent]
|
|upkeep
|
|t:|1769344028
|switch|p1a: Cinderace|Cinderace, M|100/100
|turn|27
|
|t:|1769344030
|move|p1a: Cinderace|Sucker Punch|p2a: Excadrill
|-start|p1a: Cinderace|typechange|Dark|[from] ability: Libero
|-damage|p2a: Excadrill|0 fnt
|faint|p2a: Excadrill
|
|upkeep
|
|t:|1769344032
|switch|p2a: Hydrapple|Hydrapple, M|81/100
|turn|28
|
|t:|1769344035
|-terastallize|p2a: Hydrapple|Poison
|move|p1a: Cinderace|High Jump Kick|p2a: Hydrapple
|-resisted|p2a: Hydrapple
|-damage|p2a: Hydrapple|68/100
|move|p2a: Hydrapple|Nasty Plot|p2a: Hydrapple
|-boost|p2a: Hydrapple|spa|2
|
|upkeep
|turn|29
|
|t:|1769344038
|move|p1a: Cinderace|Pyro Ball|p2a: Hydrapple
|-damage|p2a: Hydrapple|45/100
|move|p2a: Hydrapple|Earth Power|p1a: Cinderace
|-damage|p1a: Cinderace|23/100
|
|upkeep
|turn|30
|
|t:|1769344040
|move|p1a: Cinderace|Pyro Ball|p2a: Hydrapple
|-damage|p2a: Hydrapple|20/100
|move|p2a: Hydrapple|Giga Drain|p1a: Cinderace
|-damage|p1a: Cinderace|0 fnt
|-heal|p2a: Hydrapple|29/100|[from] drain|[of] p1a: Cinderace
|faint|p1a: Cinderace
|
|upkeep
|
|t:|1769344043
|switch|p1a: Zamazenta|Zamazenta, shiny|100/100
|turn|31
|
|t:|1769344047
|-terastallize|p1a: Zamazenta|Fire
|move|p1a: Zamazenta|Iron Defense|p1a: Zamazenta
|-boost|p1a: Zamazenta|def|2
|move|p2a: Hydrapple|Giga Drain|p1a: Zamazenta
|-resisted|p1a: Zamazenta
|-damage|p1a: Zamazenta|76/100
|-heal|p2a: Hydrapple|40/100|[from] drain|[of] p1a: Zamazenta
|
|-heal|p1a: Zamazenta|83/100|[from] item: Leftovers
|upkeep
|turn|32
|
|t:|1769344049
|move|p2a: Hydrapple|Earth Power|p1a: Zamazenta
|-supereffective|p1a: Zamazenta
|-damage|p1a: Zamazenta|0 fnt
|faint|p1a: Zamazenta
|
|win|CambridgeFoulPlay
|raw|Magguss's rating: 1805 &rarr; <strong>1788</strong><br />(-17 for losing)
|raw|CambridgeFoulPlay's rating: 1864 &rarr; <strong>1881</strong><br />(+17 for winning)
|c|☆CambridgeFoulPlay|gg
|l|☆CambridgeFoulPlay
|player|p2|
|l|☆Magguss
|player|p1|
|l| rainspam101
