|j|☆Pleasure
|j|☆aplyw
|t:|1769426733
|gametype|singles
|player|p1|Pleasure|2|1492
|player|p2|aplyw|steven|1519
|gen|9
|tier|[Gen 9] OU
|rated|
|rule|HP Percentage Mod: HP is shown in percentages
|rule|Endless Battle Clause: Forcing endless battles is banned
|rule|Species Clause: Limit one of each Pokémon
|rule|OHKO Clause: OHKO moves are banned
|rule|Evasion Items Clause: Evasion items are banned
|rule|Evasion Moves Clause: Evasion moves are banned
|rule|Evasion Abilities Clause: Evasion abilities are banned
|rule|Sleep Moves Clause: Sleep-inducing moves are banned
|clearpoke
|poke|p1|Ceruledge, M|
|poke|p1|Ting-Lu|
|poke|p1|Kingambit, F|
|poke|p1|Iron Valiant|
|poke|p1|Hatterene, F|
|poke|p1|Dragonite, F|
|poke|p2|Ogerpon-Wellspring, F|
|poke|p2|Scizor, F|
|poke|p2|Pelipper, M|
|poke|p2|Kingdra, F|
|poke|p2|Glimmora, M|
|poke|p2|Wo-Chien|
|teampreview
|inactive|Battle timer is ON: inactive players will automatically lose when time's up. (requested by Pleasure)
|
|t:|1769426766
|teamsize|p1|6
|teamsize|p2|6
|start
|switch|p1a: Ting-Lu|Ting-Lu|100/100
|switch|p2a: Scizor|Scizor, F|100/100
|-ability|p1a: Ting-Lu|Vessel of Ruin
|turn|1
|
|t:|1769426774
|move|p2a: Scizor|U-turn|p1a: Ting-Lu
|-supereffective|p1a: Ting-Lu
|-damage|p1a: Ting-Lu|40/100
|-enditem|p1a: Ting-Lu|Red Card|[of] p2a: Scizor
|drag|p2a: Kingdra|Kingdra, F|100/100
|move|p1a: Ting-Lu|Stealth Rock|p2a: Kingdra
|-sidestart|p2: aplyw|move: Stealth Rock
|
|upkeep
|turn|2
|
|t:|1769426788
|move|p2a: Kingdra|Hydro Pump|p1a: Ting-Lu|[miss]
|-miss|p2a: Kingdra|p1a: Ting-Lu
|move|p1a: Ting-Lu|Spikes|p2a: Kingdra
|-sidestart|p2: aplyw|Spikes
|
|upkeep
|turn|3
|
|t:|1769426805
|switch|p2a: Glimmora|Glimmora, M, shiny|100/100
|-damage|p2a: Glimmora|88/100|[from] Stealth Rock
|-item|p2a: Glimmora|Air Balloon
|move|p1a: Ting-Lu|Ruination|p2a: Glimmora
|-damage|p2a: Glimmora|44/100
|-enditem|p2a: Glimmora|Air Balloon
|
|upkeep
|turn|4
|
|t:|1769426825
|switch|p1a: Ceruledge|Ceruledge, M|100/100
|-item|p1a: Ceruledge|Air Balloon
|move|p2a: Glimmora|Stealth Rock|p1a: Ceruledge
|-sidestart|p1: Pleasure|move: Stealth Rock
|
|upkeep
|turn|5
|inactive|Pleasure has 120 seconds left.
|inactive|Pleasure has 90 seconds left.
|
|t:|1769426881
|switch|p1a: Kingambit|Kingambit, F|100/100
|-damage|p1a: Kingambit|94/100|[from] Stealth Rock
|move|p2a: Glimmora|Mortal Spin|p1a: Kingambit
|-immune|p1a: Kingambit
|
|upkeep
|turn|6
|
|t:|1769426903
|switch|p2a: Ogerpon|Ogerpon-Wellspring, F|100/100
|-damage|p2a: Ogerpon|88/100|[from] Stealth Rock
|-damage|p2a: Ogerpon|76/100|[from] Spikes
|move|p1a: Kingambit|Sucker Punch||[still]
|-fail|p1a: Kingambit
|
|upkeep
|turn|7
|inactive|Pleasure has 90 seconds left.
|
|t:|1769426930
|-end|p1a: Kingambit|fallenundefined|[silent]
|switch|p1a: Ting-Lu|Ting-Lu|40/100
|-damage|p1a: Ting-Lu|34/100|[from] Stealth Rock
|-ability|p1a: Ting-Lu|Vessel of Ruin
|move|p2a: Ogerpon|Encore||[still]
|-fail|p2a: Ogerpon
|
|upkeep
|turn|8
|
|t:|1769426945
|move|p2a: Ogerpon|Horn Leech|p1a: Ting-Lu
|-supereffective|p1a: Ting-Lu
|-damage|p1a: Ting-Lu|0 fnt
|-heal|p2a: Ogerpon|100/100|[from] drain|[of] p1a: Ting-Lu
|faint|p1a: Ting-Lu
|
|upkeep
|
|t:|1769426949
|switch|p1a: Hatterene|Hatterene, F|100/100
|-damage|p1a: Hatterene|88/100|[from] Stealth Rock
|turn|9
|inactive|Pleasure has 90 seconds left.
|
|t:|1769426960
|move|p2a: Ogerpon|Ivy Cudgel|p1a: Hatterene|[anim] Ivy Cudgel Water
|-damage|p1a: Hatterene|43/100
|move|p1a: Hatterene|Draining Kiss|p2a: Ogerpon
|-damage|p2a: Ogerpon|77/100
|-heal|p1a: Hatterene|61/100|[from] drain|[of] p2a: Ogerpon
|
|upkeep
|turn|10
|
|t:|1769426970
|move|p2a: Ogerpon|Swords Dance|p2a: Ogerpon
|-boost|p2a: Ogerpon|atk|2
|move|p1a: Hatterene|Nuzzle|p2a: Ogerpon
|-damage|p2a: Ogerpon|73/100
|-status|p2a: Ogerpon|par
|
|upkeep
|turn|11
|inactive|Pleasure has 90 seconds left.
|
|t:|1769426988
|move|p2a: Ogerpon|Encore|p1a: Hatterene
|move|p1a: Hatterene|Encore||[from] ability: Magic Bounce|[still]
|-fail|p1a: Hatterene
|move|p1a: Hatterene|Healing Wish|p1a: Hatterene
|faint|p1a: Hatterene
|
|upkeep
|inactive|Pleasure has 90 seconds left.
|
|t:|1769426998
|switch|p1a: Ceruledge|Ceruledge, M|100/100
|-damage|p1a: Ceruledge|76/100|[from] Stealth Rock
|-item|p1a: Ceruledge|Air Balloon
|turn|12
|
|t:|1769427016
|move|p1a: Ceruledge|Poltergeist|p2a: Ogerpon
|-activate|p2a: Ogerpon|move: Poltergeist|Wellspring Mask
|-damage|p2a: Ogerpon|10/100 par
|move|p2a: Ogerpon|Ivy Cudgel|p1a: Ceruledge|[anim] Ivy Cudgel Water
|-supereffective|p1a: Ceruledge
|-damage|p1a: Ceruledge|0 fnt
|-enditem|p1a: Ceruledge|Air Balloon
|faint|p1a: Ceruledge
|
|upkeep
|inactive|Pleasure has 90 seconds left.
|inactive|Pleasure has 60 seconds left.
|
|t:|1769427059
|switch|p1a: Kingambit|Kingambit, F|94/100
|-heal|p1a: Kingambit|100/100|[from] move: Healing Wish
|-damage|p1a: Kingambit|94/100|[from] Stealth Rock
|-activate|p1a: Kingambit|ability: Supreme Overlord
|-start|p1a: Kingambit|fallen3|[silent]
|turn|13
|
|t:|1769427066
|move|p2a: Ogerpon|Ivy Cudgel|p1a: Kingambit|[anim] Ivy Cudgel Water
|-damage|p1a: Kingambit|8/100
|move|p1a: Kingambit|Kowtow Cleave|p2a: Ogerpon
|-damage|p2a: Ogerpon|0 fnt
|faint|p2a: Ogerpon
|
|upkeep
|
|t:|1769427076
|switch|p2a: Scizor|Scizor, F|100/100
|-damage|p2a: Scizor|88/100|[from] Stealth Rock
|-damage|p2a: Scizor|75/100|[from] Spikes
|turn|14
|
|t:|1769427082
|move|p1a: Kingambit|Sucker Punch|p2a: Scizor
|-damage|p2a: Scizor|6/100
|move|p2a: Scizor|Bullet Punch|p1a: Kingambit
|-resisted|p1a: Kingambit
|-damage|p1a: Kingambit|0 fnt
|faint|p1a: Kingambit
|-end|p1a: Kingambit|fallen3|[silent]
|
|upkeep
|
|t:|1769427094
|switch|p1a: Dragonite|Dragonite, F|100/100
|-damage|p1a: Dragonite|76/100|[from] Stealth Rock
|turn|15
|
|t:|1769427098
|move|p2a: Scizor|Bullet Punch|p1a: Dragonite
|-damage|p1a: Dragonite|14/100
|-enditem|p1a: Dragonite|Red Card|[of] p2a: Scizor
|drag|p2a: Glimmora|Glimmora, M, shiny|44/100
|-damage|p2a: Glimmora|32/100|[from] Stealth Rock
|-damage|p2a: Glimmora|19/100|[from] Spikes
|move|p1a: Dragonite|Dragon Dance|p1a: Dragonite
|-boost|p1a: Dragonite|atk|1
|-boost|p1a: Dragonite|spe|1
|
|upkeep
|turn|16
|inactive|Pleasure has 90 seconds left.
|
|t:|1769427112
|move|p1a: Dragonite|Stone Edge|p2a: Glimmora
|-crit|p2a: Glimmora
|-damage|p2a: Glimmora|0 fnt
|-activate|p2a: Glimmora|ability: Toxic Debris
|-sidestart|p1: Pleasure|move: Toxic Spikes
|faint|p2a: Glimmora
|
|upkeep
|
|t:|1769427132
|switch|p2a: Pelipper|Pelipper, M, shiny|100/100
|-damage|p2a: Pelipper|75/100|[from] Stealth Rock
|-weather|RainDance|[from] ability: Drizzle|[of] p2a: Pelipper
|turn|17
|
|t:|1769427138
|move|p1a: Dragonite|Stone Edge|p2a: Pelipper
|-supereffective|p2a: Pelipper
|-crit|p2a: Pelipper
|-damage|p2a: Pelipper|0 fnt
|faint|p2a: Pelipper
|
|-weather|RainDance|[upkeep]
|upkeep
|
|t:|1769427145
|switch|p2a: Kingdra|Kingdra, F|100/100
|-damage|p2a: Kingdra|88/100|[from] Stealth Rock
|-damage|p2a: Kingdra|76/100|[from] Spikes
|turn|18
|
|t:|1769427153
|move|p2a: Kingdra|Ice Beam|p1a: Dragonite
|-supereffective|p1a: Dragonite
|-damage|p1a: Dragonite|0 fnt
|faint|p1a: Dragonite
|-damage|p2a: Kingdra|66/100|[from] item: Life Orb
|
|-weather|RainDance|[upkeep]
|upkeep
|
|t:|1769427155
|switch|p1a: Iron Valiant|Iron Valiant|100/100
|-damage|p1a: Iron Valiant|94/100|[from] Stealth Rock
|-status|p1a: Iron Valiant|psn
|-enditem|p1a: Iron Valiant|Booster Energy
|-activate|p1a: Iron Valiant|ability: Quark Drive|[fromitem]
|-start|p1a: Iron Valiant|quarkdrivespe
|turn|19
|inactive|Pleasure has 120 seconds left.
|
|t:|1769427168
|-terastallize|p2a: Kingdra|Water
|move|p1a: Iron Valiant|Moonblast|p2a: Kingdra
|-damage|p2a: Kingdra|4/100
|move|p2a: Kingdra|Weather Ball|p1a: Iron Valiant
|-damage|p1a: Iron Valiant|0 fnt
|faint|p1a: Iron Valiant
|-end|p1a: Iron Valiant|Quark Drive|[silent]
|-damage|p2a: Kingdra|0 fnt|[from] item: Life Orb
|faint|p2a: Kingdra
|
|win|aplyw
|raw|Pleasure's rating: 1492 &rarr; <strong>1474</strong><br />(-18 for losing)
|raw|aplyw's rating: 1519 &rarr; <strong>1537</strong><br />(+18 for winning)
|l|☆aplyw
|player|p2|
|l|☆Pleasure
|player|p1|
