|j|☆Vsranger01
|j|☆caelumxz
|t:|1769411383
|gametype|singles
|player|p1|Vsranger01|pokekid|1276
|player|p2|caelumxz|102|1329
|gen|9
|tier|[Gen 9] OU
|rated|
|rule|HP Percentage Mod: HP is shown in percentages
|rule|Endless Battle Clause: Forcing endless battles is banned
|rule|Species Clause: Limit one of each Pokémon
|rule|OHKO Clause: OHKO moves are banned
|rule|Evasion Items Clause: Evasion items are banned
|rule|Evasion Moves Clause: Evasion moves are banned
|rule|Evasion Abilities Clause: Evasion abilities are banned
|rule|Sleep Moves Clause: Sleep-inducing moves are banned
|clearpoke
|poke|p1|Ting-Lu|
|poke|p1|Dondozo, M|
|poke|p1|Blissey, F|
|poke|p1|Gliscor, F|
|poke|p1|Great Tusk|
|poke|p1|Whimsicott, F|
|poke|p2|Garganacl, M|
|poke|p2|Great Tusk|
|poke|p2|Rillaboom, M|
|poke|p2|Gholdengo|
|poke|p2|Kingambit, F|
|poke|p2|Slowking-Galar, M|
|teampreview
|inactive|Battle timer is ON: inactive players will automatically lose when time's up. (requested by Vsranger01)
|inactive|caelumxz has 120 seconds left.
|
|t:|1769411415
|teamsize|p1|6
|teamsize|p2|6
|start
|switch|p1a: Ting-Lu|Ting-Lu|100/100
|switch|p2a: Garganacl|Garganacl, M|100/100
|-ability|p1a: Ting-Lu|Vessel of Ruin
|turn|1
|
|t:|1769411420
|move|p1a: Ting-Lu|Stealth Rock|p2a: Garganacl
|-sidestart|p2: caelumxz|move: Stealth Rock
|move|p2a: Garganacl|Salt Cure|p1a: Ting-Lu
|-resisted|p1a: Ting-Lu
|-damage|p1a: Ting-Lu|97/100
|-start|p1a: Ting-Lu|Salt Cure
|
|-damage|p1a: Ting-Lu|85/100|[from] Salt Cure
|upkeep
|turn|2
|
|t:|1769411423
|move|p1a: Ting-Lu|Spikes|p2a: Garganacl
|-sidestart|p2: caelumxz|Spikes
|move|p2a: Garganacl|Body Press|p1a: Ting-Lu
|-supereffective|p1a: Ting-Lu
|-damage|p1a: Ting-Lu|58/100
|-damage|p2a: Garganacl|84/100|[from] item: Rocky Helmet|[of] p1a: Ting-Lu
|
|-heal|p2a: Garganacl|90/100|[from] item: Leftovers
|-damage|p1a: Ting-Lu|45/100|[from] Salt Cure
|upkeep
|turn|3
|
|t:|1769411433
|switch|p1a: Gliscor|Gliscor, F|100/100
|move|p2a: Garganacl|Body Press|p1a: Gliscor
|-resisted|p1a: Gliscor
|-damage|p1a: Gliscor|90/100
|
|-heal|p2a: Garganacl|96/100|[from] item: Leftovers
|-status|p1a: Gliscor|tox|[from] item: Toxic Orb
|upkeep
|turn|4
|
|t:|1769411449
|move|p1a: Gliscor|Toxic|p2a: Garganacl|[miss]
|-miss|p1a: Gliscor|p2a: Garganacl
|move|p2a: Garganacl|Salt Cure|p1a: Gliscor
|-damage|p1a: Gliscor|79/100 tox
|-start|p1a: Gliscor|Salt Cure
|
|-heal|p2a: Garganacl|100/100|[from] item: Leftovers
|-heal|p1a: Gliscor|92/100 tox|[from] ability: Poison Heal
|-damage|p1a: Gliscor|79/100 tox|[from] Salt Cure
|upkeep
|turn|5
|
|t:|1769411473
|move|p1a: Gliscor|Toxic|p2a: Garganacl
|-immune|p2a: Garganacl|[from] ability: Purifying Salt
|move|p2a: Garganacl|Stealth Rock|p1a: Gliscor
|-sidestart|p1: Vsranger01|move: Stealth Rock
|
|-heal|p1a: Gliscor|92/100 tox|[from] ability: Poison Heal
|-damage|p1a: Gliscor|79/100 tox|[from] Salt Cure
|upkeep
|turn|6
|inactive|caelumxz has 120 seconds left.
|
|t:|1769411493
|switch|p2a: Great Tusk|Great Tusk|100/100
|-damage|p2a: Great Tusk|98/100|[from] Stealth Rock
|-damage|p2a: Great Tusk|85/100|[from] Spikes
|-enditem|p2a: Great Tusk|Booster Energy
|-activate|p2a: Great Tusk|ability: Protosynthesis|[fromitem]
|-start|p2a: Great Tusk|protosynthesisatk
|move|p1a: Gliscor|Toxic Spikes|p2a: Great Tusk
|-sidestart|p2: caelumxz|move: Toxic Spikes
|
|-heal|p1a: Gliscor|92/100 tox|[from] ability: Poison Heal
|-damage|p1a: Gliscor|79/100 tox|[from] Salt Cure
|upkeep
|turn|7
|inactive|caelumxz has 120 seconds left.
|
|t:|1769411502
|switch|p1a: Whimsicott|Whimsicott, F|100/100
|-damage|p1a: Whimsicott|88/100|[from] Stealth Rock
|move|p2a: Great Tusk|Ice Spinner|p1a: Whimsicott
|-supereffective|p1a: Whimsicott
|-damage|p1a: Whimsicott|0 fnt
|faint|p1a: Whimsicott
|
|upkeep
|
|t:|1769411516
|switch|p1a: Dondozo|Dondozo, M|100/100
|-damage|p1a: Dondozo|88/100|[from] Stealth Rock
|turn|8
|
|t:|1769411520
|move|p2a: Great Tusk|Rapid Spin|p1a: Dondozo
|-damage|p1a: Dondozo|76/100
|-boost|p2a: Great Tusk|spe|1
|-sideend|p2: caelumxz|Spikes|[from] move: Rapid Spin|[of] p2a: Great Tusk
|-sideend|p2: caelumxz|Toxic Spikes|[from] move: Rapid Spin|[of] p2a: Great Tusk
|-sideend|p2: caelumxz|Stealth Rock|[from] move: Rapid Spin|[of] p2a: Great Tusk
|move|p1a: Dondozo|Wave Crash|p2a: Great Tusk
|-supereffective|p2a: Great Tusk
|-damage|p2a: Great Tusk|14/100
|-damage|p1a: Dondozo|58/100|[from] Recoil
|
|upkeep
|turn|9
|
|t:|1769411533
|move|p2a: Great Tusk|Headlong Rush|p1a: Dondozo
|-damage|p1a: Dondozo|13/100
|-unboost|p2a: Great Tusk|def|1
|-unboost|p2a: Great Tusk|spd|1
|move|p1a: Dondozo|Earthquake|p2a: Great Tusk
|-damage|p2a: Great Tusk|0 fnt
|faint|p2a: Great Tusk
|-end|p2a: Great Tusk|Protosynthesis|[silent]
|
|upkeep
|
|t:|1769411539
|switch|p2a: Rillaboom|Rillaboom, M|100/100
|-fieldstart|move: Grassy Terrain|[from] ability: Grassy Surge|[of] p2a: Rillaboom
|turn|10
|
|t:|1769411548
|move|p2a: Rillaboom|Grassy Glide|p1a: Dondozo
|-supereffective|p1a: Dondozo
|-damage|p1a: Dondozo|0 fnt
|faint|p1a: Dondozo
|-damage|p2a: Rillaboom|91/100|[from] item: Life Orb
|
|-heal|p2a: Rillaboom|97/100|[from] Grassy Terrain
|upkeep
|
|t:|1769411553
|switch|p1a: Gliscor|Gliscor, F|79/100 tox
|-damage|p1a: Gliscor|67/100 tox|[from] Stealth Rock
|turn|11
|
|t:|1769411563
|-terastallize|p2a: Rillaboom|Grass
|move|p1a: Gliscor|Protect|p1a: Gliscor
|-singleturn|p1a: Gliscor|Protect
|move|p2a: Rillaboom|Grassy Glide|p1a: Gliscor
|-activate|p1a: Gliscor|move: Protect
|
|-heal|p2a: Rillaboom|100/100|[from] Grassy Terrain
|-heal|p1a: Gliscor|79/100 tox|[from] ability: Poison Heal
|upkeep
|turn|12
|
|t:|1769411579
|move|p2a: Rillaboom|Grassy Glide|p1a: Gliscor
|-damage|p1a: Gliscor|33/100 tox
|-damage|p2a: Rillaboom|91/100|[from] item: Life Orb
|move|p1a: Gliscor|Toxic|p2a: Rillaboom|[miss]
|-miss|p1a: Gliscor|p2a: Rillaboom
|
|-heal|p2a: Rillaboom|97/100|[from] Grassy Terrain
|-heal|p1a: Gliscor|46/100 tox|[from] ability: Poison Heal
|upkeep
|turn|13
|c|☆Vsranger01|What is this luck
|
|t:|1769411598
|switch|p2a: Gholdengo|Gholdengo|100/100
|move|p1a: Gliscor|Protect||[still]
|-fail|p1a: Gliscor
|
|-heal|p1a: Gliscor|58/100 tox|[from] ability: Poison Heal
|upkeep
|turn|14
|
|t:|1769411607
|move|p1a: Gliscor|Protect|p1a: Gliscor
|-singleturn|p1a: Gliscor|Protect
|move|p2a: Gholdengo|Shadow Ball|p1a: Gliscor
|-activate|p1a: Gliscor|move: Protect
|
|-heal|p1a: Gliscor|71/100 tox|[from] ability: Poison Heal
|-fieldend|move: Grassy Terrain
|upkeep
|turn|15
|
|t:|1769411615
|switch|p1a: Blissey|Blissey, F, shiny|100/100
|-damage|p1a: Blissey|88/100|[from] Stealth Rock
|move|p2a: Gholdengo|Shadow Ball|p1a: Blissey
|-immune|p1a: Blissey
|
|-heal|p1a: Blissey|94/100|[from] item: Leftovers
|upkeep
|turn|16
|
|t:|1769411623
|switch|p2a: Rillaboom|Rillaboom, M, tera:Grass|97/100
|-fieldstart|move: Grassy Terrain|[from] ability: Grassy Surge|[of] p2a: Rillaboom
|move|p1a: Blissey|Thunder Wave|p2a: Rillaboom
|-status|p2a: Rillaboom|par
|
|-heal|p2a: Rillaboom|100/100 par|[from] Grassy Terrain
|-heal|p1a: Blissey|99/100|[from] Grassy Terrain
|-heal|p1a: Blissey|100/100|[from] item: Leftovers
|upkeep
|turn|17
|
|t:|1769411633
|switch|p1a: Gliscor|Gliscor, F|71/100 tox
|-damage|p1a: Gliscor|58/100 tox|[from] Stealth Rock
|move|p2a: Rillaboom|Brick Break|p1a: Gliscor
|-resisted|p1a: Gliscor
|-damage|p1a: Gliscor|47/100 tox
|-damage|p2a: Rillaboom|91/100 par|[from] item: Life Orb
|
|-heal|p2a: Rillaboom|97/100 par|[from] Grassy Terrain
|-heal|p1a: Gliscor|60/100 tox|[from] ability: Poison Heal
|upkeep
|turn|18
|
|t:|1769411651
|cant|p2a: Rillaboom|par
|move|p1a: Gliscor|Toxic Spikes|p2a: Rillaboom
|-sidestart|p2: caelumxz|move: Toxic Spikes
|
|-heal|p2a: Rillaboom|100/100 par|[from] Grassy Terrain
|-heal|p1a: Gliscor|72/100 tox|[from] ability: Poison Heal
|upkeep
|turn|19
|
|t:|1769411661
|move|p1a: Gliscor|Protect|p1a: Gliscor
|-singleturn|p1a: Gliscor|Protect
|move|p2a: Rillaboom|Grassy Glide|p1a: Gliscor
|-activate|p1a: Gliscor|move: Protect
|
|-heal|p1a: Gliscor|84/100 tox|[from] ability: Poison Heal
|upkeep
|turn|20
|
|t:|1769411670
|move|p2a: Rillaboom|Grassy Glide|p1a: Gliscor
|-damage|p1a: Gliscor|41/100 tox
|-damage|p2a: Rillaboom|91/100 par|[from] item: Life Orb
|move|p1a: Gliscor|Toxic Spikes|p2a: Rillaboom
|-sidestart|p2: caelumxz|move: Toxic Spikes
|
|-heal|p2a: Rillaboom|97/100 par|[from] Grassy Terrain
|-heal|p1a: Gliscor|54/100 tox|[from] ability: Poison Heal
|-fieldend|move: Grassy Terrain
|upkeep
|turn|21
|
|t:|1769411685
|move|p1a: Gliscor|Protect|p1a: Gliscor
|-singleturn|p1a: Gliscor|Protect
|move|p2a: Rillaboom|Grassy Glide|p1a: Gliscor
|-activate|p1a: Gliscor|move: Protect
|
|-heal|p1a: Gliscor|66/100 tox|[from] ability: Poison Heal
|upkeep
|turn|22
|
|t:|1769411706
|switch|p2a: Slowking|Slowking-Galar, M|100/100
|-sideend|p2: caelumxz|move: Toxic Spikes|[of] p2a: Slowking
|move|p1a: Gliscor|Earthquake|p2a: Slowking
|-supereffective|p2a: Slowking
|-damage|p2a: Slowking|27/100
|
|-heal|p1a: Gliscor|79/100 tox|[from] ability: Poison Heal
|upkeep
|turn|23
|
|t:|1769411714
|switch|p2a: Garganacl|Garganacl, M|100/100
|move|p1a: Gliscor|Earthquake|p2a: Garganacl
|-supereffective|p2a: Garganacl
|-damage|p2a: Garganacl|65/100
|
|-heal|p2a: Garganacl|71/100|[from] item: Leftovers
|-heal|p1a: Gliscor|91/100 tox|[from] ability: Poison Heal
|upkeep
|turn|24
|
|t:|1769411721
|move|p1a: Gliscor|Earthquake|p2a: Garganacl
|-supereffective|p2a: Garganacl
|-crit|p2a: Garganacl
|-damage|p2a: Garganacl|11/100
|move|p2a: Garganacl|Salt Cure|p1a: Gliscor
|-damage|p1a: Gliscor|81/100 tox
|-start|p1a: Gliscor|Salt Cure
|
|-heal|p2a: Garganacl|18/100|[from] item: Leftovers
|-heal|p1a: Gliscor|93/100 tox|[from] ability: Poison Heal
|-damage|p1a: Gliscor|81/100 tox|[from] Salt Cure
|upkeep
|turn|25
|
|t:|1769411729
|switch|p2a: Rillaboom|Rillaboom, M, tera:Grass|97/100 par
|-fieldstart|move: Grassy Terrain|[from] ability: Grassy Surge|[of] p2a: Rillaboom
|move|p1a: Gliscor|Earthquake|p2a: Rillaboom
|-resisted|p2a: Rillaboom
|-damage|p2a: Rillaboom|87/100 par
|
|-heal|p2a: Rillaboom|93/100 par|[from] Grassy Terrain
|-heal|p1a: Gliscor|93/100 tox|[from] ability: Poison Heal
|-damage|p1a: Gliscor|81/100 tox|[from] Salt Cure
|upkeep
|turn|26
|
|t:|1769411746
|switch|p1a: Ting-Lu|Ting-Lu|45/100
|-damage|p1a: Ting-Lu|39/100|[from] Stealth Rock
|-ability|p1a: Ting-Lu|Vessel of Ruin
|switch|p2a: Garganacl|Garganacl, M|18/100
|
|-heal|p1a: Ting-Lu|45/100|[from] Grassy Terrain
|-heal|p2a: Garganacl|24/100|[from] Grassy Terrain
|-heal|p2a: Garganacl|30/100|[from] item: Leftovers
|upkeep
|turn|27
|
|t:|1769411757
|move|p1a: Ting-Lu|Stealth Rock|p2a: Garganacl
|-sidestart|p2: caelumxz|move: Stealth Rock
|move|p2a: Garganacl|Recover|p2a: Garganacl
|-heal|p2a: Garganacl|80/100
|
|-heal|p1a: Ting-Lu|52/100|[from] Grassy Terrain
|-heal|p2a: Garganacl|86/100|[from] Grassy Terrain
|-heal|p2a: Garganacl|93/100|[from] item: Leftovers
|upkeep
|turn|28
|
|t:|1769411763
|move|p1a: Ting-Lu|Spikes|p2a: Garganacl
|-sidestart|p2: caelumxz|Spikes
|move|p2a: Garganacl|Salt Cure|p1a: Ting-Lu
|-resisted|p1a: Ting-Lu
|-damage|p1a: Ting-Lu|48/100
|-start|p1a: Ting-Lu|Salt Cure
|
|-heal|p1a: Ting-Lu|54/100|[from] Grassy Terrain
|-heal|p2a: Garganacl|99/100|[from] Grassy Terrain
|-heal|p2a: Garganacl|100/100|[from] item: Leftovers
|-damage|p1a: Ting-Lu|42/100|[from] Salt Cure
|upkeep
|turn|29
|
|t:|1769411768
|move|p1a: Ting-Lu|Spikes|p2a: Garganacl
|-sidestart|p2: caelumxz|Spikes
|move|p2a: Garganacl|Body Press|p1a: Ting-Lu
|-supereffective|p1a: Ting-Lu
|-damage|p1a: Ting-Lu|13/100
|-damage|p2a: Garganacl|84/100|[from] item: Rocky Helmet|[of] p1a: Ting-Lu
|
|-heal|p1a: Ting-Lu|19/100|[from] Grassy Terrain
|-heal|p2a: Garganacl|90/100|[from] Grassy Terrain
|-heal|p2a: Garganacl|96/100|[from] item: Leftovers
|-damage|p1a: Ting-Lu|7/100|[from] Salt Cure
|-fieldend|move: Grassy Terrain
|upkeep
|turn|30
|
|t:|1769411772
|move|p1a: Ting-Lu|Ruination|p2a: Garganacl
|-damage|p2a: Garganacl|48/100
|move|p2a: Garganacl|Body Press|p1a: Ting-Lu
|-supereffective|p1a: Ting-Lu
|-damage|p1a: Ting-Lu|0 fnt
|-damage|p2a: Garganacl|32/100|[from] item: Rocky Helmet|[of] p1a: Ting-Lu
|faint|p1a: Ting-Lu
|
|-heal|p2a: Garganacl|38/100|[from] item: Leftovers
|upkeep
|
|t:|1769411779
|switch|p1a: Great Tusk|Great Tusk|100/100
|-damage|p1a: Great Tusk|98/100|[from] Stealth Rock
|turn|31
|
|t:|1769411788
|move|p1a: Great Tusk|Earthquake|p2a: Garganacl
|-supereffective|p2a: Garganacl
|-crit|p2a: Garganacl
|-damage|p2a: Garganacl|0 fnt
|faint|p2a: Garganacl
|
|upkeep
|
|t:|1769411806
|switch|p2a: Rillaboom|Rillaboom, M, tera:Grass|93/100 par
|-damage|p2a: Rillaboom|81/100 par|[from] Stealth Rock
|-damage|p2a: Rillaboom|64/100 par|[from] Spikes
|-fieldstart|move: Grassy Terrain|[from] ability: Grassy Surge|[of] p2a: Rillaboom
|turn|32
|
|t:|1769411813
|-terastallize|p1a: Great Tusk|Fighting
|move|p2a: Rillaboom|Grassy Glide|p1a: Great Tusk
|-damage|p1a: Great Tusk|55/100
|-damage|p2a: Rillaboom|54/100 par|[from] item: Life Orb
|move|p1a: Great Tusk|Body Press|p2a: Rillaboom
|-crit|p2a: Rillaboom
|-damage|p2a: Rillaboom|0 fnt
|faint|p2a: Rillaboom
|
|-heal|p1a: Great Tusk|61/100|[from] Grassy Terrain
|upkeep
|
|t:|1769411826
|switch|p2a: Gholdengo|Gholdengo|100/100
|-damage|p2a: Gholdengo|94/100|[from] Stealth Rock
|-damage|p2a: Gholdengo|78/100|[from] Spikes
|turn|33
|
|t:|1769411845
|move|p2a: Gholdengo|Trick|p1a: Great Tusk
|-activate|p2a: Gholdengo|move: Trick|[of] p1a: Great Tusk
|-item|p1a: Great Tusk|Choice Scarf|[from] move: Trick
|-item|p2a: Gholdengo|Assault Vest|[from] move: Trick
|move|p1a: Great Tusk|Earthquake|p2a: Gholdengo
|-supereffective|p2a: Gholdengo
|-damage|p2a: Gholdengo|19/100
|
|-heal|p1a: Great Tusk|67/100|[from] Grassy Terrain
|-heal|p2a: Gholdengo|25/100|[from] Grassy Terrain
|upkeep
|turn|34
|
|t:|1769411856
|move|p1a: Great Tusk|Earthquake|p2a: Gholdengo
|-supereffective|p2a: Gholdengo
|-damage|p2a: Gholdengo|0 fnt
|faint|p2a: Gholdengo
|
|-heal|p1a: Great Tusk|73/100|[from] Grassy Terrain
|upkeep
|
|t:|1769411861
|switch|p2a: Kingambit|Kingambit, F|100/100
|-damage|p2a: Kingambit|94/100|[from] Stealth Rock
|-damage|p2a: Kingambit|78/100|[from] Spikes
|-activate|p2a: Kingambit|ability: Supreme Overlord
|-start|p2a: Kingambit|fallen4|[silent]
|turn|35
|
|t:|1769411866
|move|p1a: Great Tusk|Earthquake|p2a: Kingambit
|-supereffective|p2a: Kingambit
|-damage|p2a: Kingambit|44/100
|move|p2a: Kingambit|Swords Dance|p2a: Kingambit
|-boost|p2a: Kingambit|atk|2
|
|-heal|p1a: Great Tusk|79/100|[from] Grassy Terrain
|-heal|p2a: Kingambit|51/100|[from] Grassy Terrain
|-heal|p2a: Kingambit|57/100|[from] item: Leftovers
|upkeep
|turn|36
|
|t:|1769411878
|move|p1a: Great Tusk|Earthquake|p2a: Kingambit
|-supereffective|p2a: Kingambit
|-damage|p2a: Kingambit|22/100
|move|p2a: Kingambit|Swords Dance|p2a: Kingambit
|-boost|p2a: Kingambit|atk|2
|
|-heal|p1a: Great Tusk|86/100|[from] Grassy Terrain
|-heal|p2a: Kingambit|28/100|[from] Grassy Terrain
|-heal|p2a: Kingambit|34/100|[from] item: Leftovers
|-fieldend|move: Grassy Terrain
|upkeep
|turn|37
|
|t:|1769411895
|move|p2a: Kingambit|Sucker Punch|p1a: Great Tusk
|-resisted|p1a: Great Tusk
|-damage|p1a: Great Tusk|24/100
|move|p1a: Great Tusk|Earthquake|p2a: Kingambit
|-supereffective|p2a: Kingambit
|-damage|p2a: Kingambit|0 fnt
|faint|p2a: Kingambit
|-end|p2a: Kingambit|fallen4|[silent]
|
|upkeep
|-message|caelumxz forfeited.
|
|win|Vsranger01
|raw|Vsranger01's rating: 1276 &rarr; <strong>1305</strong><br />(+29 for winning)
|raw|caelumxz's rating: 1329 &rarr; <strong>1306</strong><br />(-23 for losing)
|l|☆caelumxz
|player|p2|
|l|☆Vsranger01
|player|p1|
