|j|☆ratca
|j|☆Alerjake
|t:|1769347746
|gametype|singles
|player|p1|ratca|170|1529
|player|p2|Alerjake|102|1501
|gen|9
|tier|[Gen 9] OU
|rated|
|rule|HP Percentage Mod: HP is shown in percentages
|rule|Endless Battle Clause: Forcing endless battles is banned
|rule|Species Clause: Limit one of each Pokémon
|rule|OHKO Clause: OHKO moves are banned
|rule|Evasion Items Clause: Evasion items are banned
|rule|Evasion Moves Clause: Evasion moves are banned
|rule|Evasion Abilities Clause: Evasion abilities are banned
|rule|Sleep Moves Clause: Sleep-inducing moves are banned
|clearpoke
|poke|p1|Hydrapple, F|
|poke|p1|Corviknight, M|
|poke|p1|Blissey, F|
|poke|p1|Dondozo, F|
|poke|p1|Clodsire, F|
|poke|p1|Gliscor, M|
|poke|p2|Ceruledge, M|
|poke|p2|Ninetales-Alola, M|
|poke|p2|Raging Bolt|
|poke|p2|Iron Crown|
|poke|p2|Hydreigon, M|
|poke|p2|Iron Treads|
|teampreview
|inactive|Battle timer is ON: inactive players will automatically lose when time's up. (requested by Alerjake)
|
|t:|1769347763
|teamsize|p1|6
|teamsize|p2|6
|start
|switch|p1a: Gliscor|Gliscor, M|100/100
|switch|p2a: Ninetales|Ninetales-Alola, M|100/100
|-weather|Snowscape|[from] ability: Snow Warning|[of] p2a: Ninetales
|turn|1
|
|t:|1769347769
|move|p1a: Gliscor|Protect|p1a: Gliscor
|-singleturn|p1a: Gliscor|Protect
|move|p2a: Ninetales|Aurora Veil|p2a: Ninetales
|-sidestart|p2: Alerjake|move: Aurora Veil
|
|-weather|Snowscape|[upkeep]
|-status|p1a: Gliscor|tox|[from] item: Toxic Orb
|upkeep
|turn|2
|
|t:|1769347785
|switch|p1a: Blissey|Blissey, F|100/100
|move|p2a: Ninetales|Freeze-Dry|p1a: Blissey
|-damage|p1a: Blissey|94/100
|
|-weather|Snowscape|[upkeep]
|upkeep
|turn|3
|
|t:|1769347792
|switch|p2a: Ceruledge|Ceruledge, M|100/100
|move|p1a: Blissey|Stealth Rock|p2a: Ceruledge
|-sidestart|p2: Alerjake|move: Stealth Rock
|
|-weather|Snowscape|[upkeep]
|upkeep
|turn|4
|
|t:|1769347798
|move|p2a: Ceruledge|Poltergeist|p1a: Blissey
|-immune|p1a: Blissey
|move|p1a: Blissey|Thunder Wave|p2a: Ceruledge
|-status|p2a: Ceruledge|par
|
|-weather|Snowscape|[upkeep]
|upkeep
|turn|5
|
|t:|1769347822
|switch|p1a: Hydrapple|Hydrapple, F|100/100
|move|p2a: Ceruledge|Poltergeist|p1a: Hydrapple
|-activate|p1a: Hydrapple|move: Poltergeist|Life Orb
|-damage|p1a: Hydrapple|61/100
|-damage|p2a: Ceruledge|91/100 par|[from] item: Life Orb
|
|-weather|none
|upkeep
|turn|6
|
|t:|1769347839
|switch|p2a: Ninetales|Ninetales-Alola, M|100/100
|-damage|p2a: Ninetales|76/100|[from] Stealth Rock
|-weather|Snowscape|[from] ability: Snow Warning|[of] p2a: Ninetales
|move|p1a: Hydrapple|Fickle Beam|p2a: Ninetales
|-immune|p2a: Ninetales
|
|-weather|Snowscape|[upkeep]
|upkeep
|turn|7
|
|t:|1769347861
|switch|p1a: Blissey|Blissey, F|94/100
|move|p2a: Ninetales|Freeze-Dry|p1a: Blissey
|-damage|p1a: Blissey|87/100
|
|-weather|Snowscape|[upkeep]
|upkeep
|turn|8
|
|t:|1769347871
|switch|p2a: Iron Treads|Iron Treads|100/100
|-damage|p2a: Iron Treads|97/100|[from] Stealth Rock
|-enditem|p2a: Iron Treads|Booster Energy
|-activate|p2a: Iron Treads|ability: Quark Drive|[fromitem]
|-start|p2a: Iron Treads|quarkdrivespe
|move|p1a: Blissey|Seismic Toss|p2a: Iron Treads
|-damage|p2a: Iron Treads|71/100
|
|-weather|Snowscape|[upkeep]
|-sideend|p2: Alerjake|move: Aurora Veil
|upkeep
|turn|9
|
|t:|1769347891
|move|p2a: Iron Treads|Iron Defense|p2a: Iron Treads
|-boost|p2a: Iron Treads|def|2
|move|p1a: Blissey|Seismic Toss|p2a: Iron Treads
|-damage|p2a: Iron Treads|45/100
|
|-weather|Snowscape|[upkeep]
|upkeep
|turn|10
|
|t:|1769347901
|switch|p1a: Dondozo|Dondozo, F|100/100
|move|p2a: Iron Treads|Rapid Spin|p1a: Dondozo
|-damage|p1a: Dondozo|94/100
|-boost|p2a: Iron Treads|spe|1
|-sideend|p2: Alerjake|Stealth Rock|[from] move: Rapid Spin|[of] p2a: Iron Treads
|
|-weather|none
|-heal|p1a: Dondozo|100/100|[from] item: Leftovers
|upkeep
|turn|11
|
|t:|1769347925
|-end|p2a: Iron Treads|Quark Drive|[silent]
|switch|p2a: Raging Bolt|Raging Bolt|100/100
|-enditem|p2a: Raging Bolt|Booster Energy
|-activate|p2a: Raging Bolt|ability: Protosynthesis|[fromitem]
|-start|p2a: Raging Bolt|protosynthesisspa
|move|p1a: Dondozo|Wave Crash|p2a: Raging Bolt
|-resisted|p2a: Raging Bolt
|-damage|p2a: Raging Bolt|82/100
|-damage|p1a: Dondozo|96/100|[from] Recoil
|
|-heal|p1a: Dondozo|100/100|[from] item: Leftovers
|upkeep
|turn|12
|
|t:|1769347935
|-end|p2a: Raging Bolt|Protosynthesis|[silent]
|switch|p2a: Hydreigon|Hydreigon, M|100/100
|switch|p1a: Blissey|Blissey, F|87/100
|
|upkeep
|turn|13
|
|t:|1769347944
|switch|p1a: Corviknight|Corviknight, M|100/100
|-ability|p1a: Corviknight|Pressure
|move|p2a: Hydreigon|Substitute|p2a: Hydreigon
|-start|p2a: Hydreigon|Substitute
|-damage|p2a: Hydreigon|76/100
|
|-heal|p2a: Hydreigon|82/100|[from] item: Leftovers
|upkeep
|turn|14
|
|t:|1769347952
|move|p2a: Hydreigon|Nasty Plot|p2a: Hydreigon
|-boost|p2a: Hydreigon|spa|2
|move|p1a: Corviknight|U-turn|p2a: Hydreigon
|-supereffective|p2a: Hydreigon
|-end|p2a: Hydreigon|Substitute
|
|t:|1769347958
|switch|p1a: Blissey|Blissey, F|87/100|[from] U-turn
|
|-heal|p2a: Hydreigon|88/100|[from] item: Leftovers
|upkeep
|turn|15
|
|t:|1769347965
|move|p2a: Hydreigon|Substitute|p2a: Hydreigon
|-start|p2a: Hydreigon|Substitute
|-damage|p2a: Hydreigon|63/100
|move|p1a: Blissey|Stealth Rock|p2a: Hydreigon
|-sidestart|p2: Alerjake|move: Stealth Rock
|
|-heal|p2a: Hydreigon|69/100|[from] item: Leftovers
|upkeep
|turn|16
|
|t:|1769347971
|move|p2a: Hydreigon|Nasty Plot|p2a: Hydreigon
|-boost|p2a: Hydreigon|spa|2
|move|p1a: Blissey|Seismic Toss|p2a: Hydreigon
|-end|p2a: Hydreigon|Substitute
|
|-heal|p2a: Hydreigon|75/100|[from] item: Leftovers
|upkeep
|turn|17
|
|t:|1769347985
|switch|p1a: Clodsire|Clodsire, F|100/100
|move|p2a: Hydreigon|Nasty Plot|p2a: Hydreigon
|-boost|p2a: Hydreigon|spa|2
|
|-heal|p2a: Hydreigon|81/100|[from] item: Leftovers
|upkeep
|turn|18
|
|t:|1769347992
|move|p2a: Hydreigon|Substitute|p2a: Hydreigon
|-start|p2a: Hydreigon|Substitute
|-damage|p2a: Hydreigon|56/100
|move|p1a: Clodsire|Toxic||[still]
|-fail|p1a: Clodsire
|
|-heal|p2a: Hydreigon|63/100|[from] item: Leftovers
|upkeep
|turn|19
|
|t:|1769348017
|move|p2a: Hydreigon|Dragon Pulse|p1a: Clodsire
|-damage|p1a: Clodsire|76/100
|move|p1a: Clodsire|Amnesia|p1a: Clodsire
|-boost|p1a: Clodsire|spd|2
|
|-heal|p2a: Hydreigon|69/100|[from] item: Leftovers
|-heal|p1a: Clodsire|82/100|[from] item: Black Sludge
|upkeep
|turn|20
|-message|Alerjake forfeited.
|
|win|ratca
|raw|ratca's rating: 1529 &rarr; <strong>1547</strong><br />(+18 for winning)
|raw|Alerjake's rating: 1501 &rarr; <strong>1483</strong><br />(-18 for losing)
|l|☆Alerjake
|player|p2|
