|j|☆poopseydoopsey
|j|☆rblt ryo
|t:|1769386198
|gametype|singles
|player|p1|poopseydoopsey|hiker-gen6|1814
|player|p2|rblt ryo|dawn|1852
|gen|9
|tier|[Gen 9] OU
|rated|
|rule|HP Percentage Mod: HP is shown in percentages
|rule|Endless Battle Clause: Forcing endless battles is banned
|rule|Species Clause: Limit one of each Pokémon
|rule|OHKO Clause: OHKO moves are banned
|rule|Evasion Items Clause: Evasion items are banned
|rule|Evasion Moves Clause: Evasion moves are banned
|rule|Evasion Abilities Clause: Evasion abilities are banned
|rule|Sleep Moves Clause: Sleep-inducing moves are banned
|clearpoke
|poke|p1|Dragapult, M|
|poke|p1|Samurott-Hisui, F|
|poke|p1|Dragonite, M|
|poke|p1|Great Tusk|
|poke|p1|Rillaboom, F|
|poke|p1|Heatran, F|
|poke|p2|Volcanion|
|poke|p2|Slowking-Galar, F|
|poke|p2|Zamazenta-*|
|poke|p2|Corviknight, F|
|poke|p2|Hatterene, F|
|poke|p2|Ting-Lu|
|teampreview
|inactive|Battle timer is ON: inactive players will automatically lose when time's up. (requested by poopseydoopsey)
|inactive|rblt ryo has 120 seconds left.
|
|t:|1769386231
|teamsize|p1|6
|teamsize|p2|6
|start
|switch|p1a: truecel rage|Rillaboom, F|100/100
|switch|p2a: Hatterene|Hatterene, F|100/100
|-fieldstart|move: Grassy Terrain|[from] ability: Grassy Surge|[of] p1a: truecel rage
|turn|1
|
|t:|1769386242
|move|p1a: truecel rage|U-turn|p2a: Hatterene
|-damage|p2a: Hatterene|68/100
|-damage|p1a: truecel rage|84/100|[from] item: Rocky Helmet|[of] p2a: Hatterene
|
|t:|1769386245
|switch|p1a: IDF war machine|Heatran, F|100/100|[from] U-turn
|move|p2a: Hatterene|Nuzzle|p1a: IDF war machine
|-damage|p1a: IDF war machine|96/100
|-status|p1a: IDF war machine|par
|
|-heal|p1a: IDF war machine|100/100 par|[from] Grassy Terrain
|-heal|p2a: Hatterene|74/100|[from] Grassy Terrain
|upkeep
|turn|2
|
|t:|1769386270
|switch|p2a: Volcanion|Volcanion|100/100
|move|p1a: IDF war machine|Magma Storm|p2a: Volcanion
|-resisted|p2a: Volcanion
|-damage|p2a: Volcanion|84/100
|-activate|p2a: Volcanion|move: Magma Storm|[of] p1a: IDF war machine
|
|-heal|p2a: Volcanion|90/100|[from] Grassy Terrain
|-damage|p2a: Volcanion|77/100|[from] move: Magma Storm|[partiallytrapped]
|upkeep
|turn|3
|
|t:|1769386282
|switch|p1a: benjamin netanyahu|Dragonite, M|100/100
|move|p2a: Volcanion|Steam Eruption|p1a: benjamin netanyahu
|-resisted|p1a: benjamin netanyahu
|-damage|p1a: benjamin netanyahu|78/100
|
|-heal|p2a: Volcanion|83/100|[from] Grassy Terrain
|-end|p2a: Volcanion|Magma Storm|[partiallytrapped]|[silent]
|upkeep
|turn|4
|j| CatioloQuenti
|
|t:|1769386292
|move|p1a: benjamin netanyahu|Dragon Dance|p1a: benjamin netanyahu
|-boost|p1a: benjamin netanyahu|atk|1
|-boost|p1a: benjamin netanyahu|spe|1
|move|p2a: Volcanion|Steam Eruption|p1a: benjamin netanyahu
|-resisted|p1a: benjamin netanyahu
|-damage|p1a: benjamin netanyahu|28/100
|-status|p1a: benjamin netanyahu|brn
|
|-heal|p2a: Volcanion|89/100|[from] Grassy Terrain
|-damage|p1a: benjamin netanyahu|22/100 brn|[from] brn
|upkeep
|turn|5
|
|t:|1769386297
|switch|p2a: Corviknight|Corviknight, F, shiny|100/100
|-ability|p2a: Corviknight|Pressure
|move|p1a: benjamin netanyahu|Scale Shot|p2a: Corviknight
|-resisted|p2a: Corviknight
|-damage|p2a: Corviknight|97/100
|-resisted|p2a: Corviknight
|-damage|p2a: Corviknight|95/100
|-resisted|p2a: Corviknight
|-damage|p2a: Corviknight|92/100
|-resisted|p2a: Corviknight
|-damage|p2a: Corviknight|89/100
|-resisted|p2a: Corviknight
|-damage|p2a: Corviknight|86/100
|-hitcount|p2a: Corviknight|5
|-unboost|p1a: benjamin netanyahu|def|1
|-boost|p1a: benjamin netanyahu|spe|1
|
|-damage|p1a: benjamin netanyahu|16/100 brn|[from] brn
|-fieldend|move: Grassy Terrain
|upkeep
|turn|6
|j| Nikator98
|l| CatioloQuenti
|l| Nikator98
|
|t:|1769386307
|move|p1a: benjamin netanyahu|Fire Punch|p2a: Corviknight
|-supereffective|p2a: Corviknight
|-damage|p2a: Corviknight|60/100
|-damage|p1a: benjamin netanyahu|0 fnt|[from] item: Rocky Helmet|[of] p2a: Corviknight
|faint|p1a: benjamin netanyahu
|move|p2a: Corviknight|Body Press|p1: benjamin netanyahu|[notarget]
|-fail|p2a: Corviknight
|
|upkeep
|
|t:|1769386314
|switch|p1a: foid annihilator|Dragapult, M|100/100
|turn|7
|
|t:|1769386319
|switch|p1a: truecel rage|Rillaboom, F|84/100
|-fieldstart|move: Grassy Terrain|[from] ability: Grassy Surge|[of] p1a: truecel rage
|switch|p2a: Ting-Lu|Ting-Lu|100/100
|-ability|p2a: Ting-Lu|Vessel of Ruin
|
|-heal|p1a: truecel rage|90/100|[from] Grassy Terrain
|upkeep
|turn|8
|
|t:|1769386331
|switch|p2a: Zamazenta|Zamazenta|100/100
|-ability|p2a: Zamazenta|Dauntless Shield|boost
|-boost|p2a: Zamazenta|def|1
|move|p1a: truecel rage|U-turn|p2a: Zamazenta
|-resisted|p2a: Zamazenta
|-damage|p2a: Zamazenta|88/100
|
|t:|1769386334
|switch|p1a: foid annihilator|Dragapult, M|100/100|[from] U-turn
|
|-heal|p2a: Zamazenta|95/100|[from] Grassy Terrain
|upkeep
|turn|9
|
|t:|1769386343
|-terastallize|p1a: foid annihilator|Dragon
|move|p1a: foid annihilator|Draco Meteor|p2a: Zamazenta
|-damage|p2a: Zamazenta|0 fnt
|-unboost|p1a: foid annihilator|spa|2
|faint|p2a: Zamazenta
|-damage|p1a: foid annihilator|91/100|[from] item: Life Orb
|
|-heal|p1a: foid annihilator|97/100|[from] Grassy Terrain
|upkeep
|
|t:|1769386362
|switch|p2a: Slowking|Slowking-Galar, F, shiny|100/100
|turn|10
|
|t:|1769386365
|switch|p1a: chudtopia|Samurott-Hisui, F|100/100
|move|p2a: Slowking|Trick|p1a: chudtopia
|-activate|p2a: Slowking|move: Trick|[of] p1a: chudtopia
|-item|p1a: chudtopia|Black Sludge|[from] move: Trick
|-item|p2a: Slowking|Assault Vest|[from] move: Trick
|
|-damage|p1a: chudtopia|88/100|[from] item: Black Sludge
|upkeep
|turn|11
|
|t:|1769386374
|switch|p2a: Corviknight|Corviknight, F, shiny|60/100
|-ability|p2a: Corviknight|Pressure
|move|p1a: chudtopia|Knock Off|p2a: Corviknight
|-damage|p2a: Corviknight|30/100
|-damage|p1a: chudtopia|72/100|[from] item: Rocky Helmet|[of] p2a: Corviknight
|-enditem|p2a: Corviknight|Rocky Helmet|[from] move: Knock Off|[of] p1a: chudtopia
|
|-heal|p1a: chudtopia|78/100|[from] Grassy Terrain
|-damage|p1a: chudtopia|65/100|[from] item: Black Sludge
|-fieldend|move: Grassy Terrain
|upkeep
|turn|12
|
|t:|1769386381
|move|p1a: chudtopia|Razor Shell|p2a: Corviknight|[miss]
|-miss|p1a: chudtopia|p2a: Corviknight
|move|p2a: Corviknight|Roost|p2a: Corviknight
|-heal|p2a: Corviknight|80/100
|-singleturn|p2a: Corviknight|move: Roost
|
|-damage|p1a: chudtopia|53/100|[from] item: Black Sludge
|upkeep
|turn|13
|c|☆rblt ryo|Mb
|
|t:|1769386397
|move|p1a: chudtopia|Ceaseless Edge|p2a: Corviknight
|-damage|p2a: Corviknight|51/100
|-sidestart|p2: rblt ryo|Spikes
|move|p2a: Corviknight|Iron Defense|p2a: Corviknight
|-boost|p2a: Corviknight|def|2
|
|-damage|p1a: chudtopia|41/100|[from] item: Black Sludge
|upkeep
|turn|14
|
|t:|1769386402
|switch|p1a: IDF war machine|Heatran, F|100/100 par
|move|p2a: Corviknight|Roost|p2a: Corviknight
|-heal|p2a: Corviknight|100/100
|-singleturn|p2a: Corviknight|move: Roost
|
|upkeep
|turn|15
|
|t:|1769386416
|switch|p1a: chudtopia|Samurott-Hisui, F|41/100
|move|p2a: Corviknight|Body Press|p1a: chudtopia
|-supereffective|p1a: chudtopia
|-damage|p1a: chudtopia|0 fnt
|faint|p1a: chudtopia
|
|upkeep
|
|t:|1769386418
|switch|p1a: foid annihilator|Dragapult, M, tera:Dragon|97/100
|turn|16
|inactive|rblt ryo has 120 seconds left.
|
|t:|1769386451
|switch|p2a: Hatterene|Hatterene, F|74/100
|-damage|p2a: Hatterene|62/100|[from] Spikes
|move|p1a: foid annihilator|Thunder Wave|p2a: Hatterene
|move|p2a: Hatterene|Thunder Wave|p1a: foid annihilator|[from] ability: Magic Bounce
|-status|p1a: foid annihilator|par
|
|upkeep
|turn|17
|c|☆poopseydoopsey|wow
|c|☆poopseydoopsey|lol
|inactive|rblt ryo has 120 seconds left.
|
|t:|1769386464
|cant|p1a: foid annihilator|par
|move|p2a: Hatterene|Draining Kiss|p1a: foid annihilator
|-supereffective|p1a: foid annihilator
|-damage|p1a: foid annihilator|24/100 par
|-heal|p2a: Hatterene|100/100|[from] drain|[of] p1a: foid annihilator
|
|upkeep
|turn|18
|inactive|rblt ryo has 120 seconds left.
|c|☆rblt ryo|Yeah this was lowkey a robery
|
|t:|1769386486
|cant|p1a: foid annihilator|par
|move|p2a: Hatterene|Draining Kiss|p1a: foid annihilator
|-supereffective|p1a: foid annihilator
|-damage|p1a: foid annihilator|0 fnt
|faint|p1a: foid annihilator
|
|upkeep
|c|☆poopseydoopsey|lol
|
|t:|1769386494
|switch|p1a: truecel rage|Rillaboom, F|90/100
|-fieldstart|move: Grassy Terrain|[from] ability: Grassy Surge|[of] p1a: truecel rage
|turn|19
|
|t:|1769386501
|move|p1a: truecel rage|U-turn|p2a: Hatterene
|-damage|p2a: Hatterene|70/100
|-damage|p1a: truecel rage|74/100|[from] item: Rocky Helmet|[of] p2a: Hatterene
|
|t:|1769386502
|switch|p1a: IDF war machine|Heatran, F|100/100 par|[from] U-turn
|move|p2a: Hatterene|Nuzzle|p1a: IDF war machine
|-damage|p1a: IDF war machine|96/100 par
|
|-heal|p1a: IDF war machine|100/100 par|[from] Grassy Terrain
|-heal|p2a: Hatterene|76/100|[from] Grassy Terrain
|upkeep
|turn|20
|j| CatioloQuenti
|inactive|rblt ryo has 120 seconds left.
|
|t:|1769386526
|move|p1a: IDF war machine|Will-O-Wisp|p2a: Hatterene
|move|p2a: Hatterene|Will-O-Wisp|p1a: IDF war machine|[from] ability: Magic Bounce
|-start|p1a: IDF war machine|ability: Flash Fire
|move|p2a: Hatterene|Psychic Noise|p1a: IDF war machine
|-resisted|p1a: IDF war machine
|-damage|p1a: IDF war machine|84/100 par
|-start|p1a: IDF war machine|move: Heal Block
|
|-heal|p2a: Hatterene|82/100|[from] Grassy Terrain
|upkeep
|turn|21
|inactive|rblt ryo has 120 seconds left.
|c|☆rblt ryo|Thats neat
|
|t:|1769386540
|cant|p1a: IDF war machine|par
|move|p2a: Hatterene|Psychic Noise|p1a: IDF war machine
|-resisted|p1a: IDF war machine
|-damage|p1a: IDF war machine|68/100 par
|
|-heal|p2a: Hatterene|88/100|[from] Grassy Terrain
|-end|p1a: IDF war machine|move: Heal Block
|upkeep
|turn|22
|
|t:|1769386542
|move|p1a: IDF war machine|Magma Storm|p2a: Hatterene
|-damage|p2a: Hatterene|5/100
|-activate|p2a: Hatterene|move: Magma Storm|[of] p1a: IDF war machine
|move|p2a: Hatterene|Psychic Noise|p1a: IDF war machine
|-resisted|p1a: IDF war machine
|-damage|p1a: IDF war machine|50/100 par
|-start|p1a: IDF war machine|move: Heal Block
|
|-heal|p2a: Hatterene|11/100|[from] Grassy Terrain
|-damage|p2a: Hatterene|0 fnt|[from] move: Magma Storm|[partiallytrapped]
|faint|p2a: Hatterene
|upkeep
|
|t:|1769386548
|switch|p2a: Volcanion|Volcanion|89/100
|-damage|p2a: Volcanion|77/100|[from] Spikes
|turn|23
|
|t:|1769386569
|-end|p1a: IDF war machine|ability: Flash Fire|[silent]
|switch|p1a: goy destroyer|Great Tusk|100/100
|-enditem|p1a: goy destroyer|Booster Energy
|-activate|p1a: goy destroyer|ability: Protosynthesis|[fromitem]
|-start|p1a: goy destroyer|protosynthesisatk
|move|p2a: Volcanion|Steam Eruption|p1a: goy destroyer
|-supereffective|p1a: goy destroyer
|-damage|p1a: goy destroyer|0 fnt
|faint|p1a: goy destroyer
|-end|p1a: goy destroyer|Protosynthesis|[silent]
|
|-heal|p2a: Volcanion|83/100|[from] Grassy Terrain
|-fieldend|move: Grassy Terrain
|upkeep
|
|t:|1769386574
|switch|p1a: truecel rage|Rillaboom, F|74/100
|-fieldstart|move: Grassy Terrain|[from] ability: Grassy Surge|[of] p1a: truecel rage
|turn|24
|
|t:|1769386579
|move|p1a: truecel rage|U-turn|p2a: Volcanion
|-resisted|p2a: Volcanion
|-damage|p2a: Volcanion|64/100
|c|☆poopseydoopsey|brooo
|c|☆poopseydoopsey|you wouldve lost like what
|
|t:|1769386587
|switch|p1a: IDF war machine|Heatran, F|50/100 par|[from] U-turn
|move|p2a: Volcanion|Steam Eruption|p1a: IDF war machine
|-supereffective|p1a: IDF war machine
|-damage|p1a: IDF war machine|0 fnt
|faint|p1a: IDF war machine
|
|-heal|p2a: Volcanion|70/100|[from] Grassy Terrain
|upkeep
|
|t:|1769386588
|switch|p1a: truecel rage|Rillaboom, F|74/100
|turn|25
|c|☆rblt ryo|Wait
|c|☆rblt ryo|If u kill me
|inactive|rblt ryo has 120 seconds left.
|c|☆rblt ryo|I high def with corv
|c|☆rblt ryo|All i need is positioning into rilla
|c|☆poopseydoopsey|fair
|c|☆rblt ryo|So this was checkmate
|
|t:|1769386645
|move|p1a: truecel rage|Wood Hammer|p2a: Volcanion
|-damage|p2a: Volcanion|0 fnt
|faint|p2a: Volcanion
|-damage|p1a: truecel rage|54/100|[from] Recoil
|
|-heal|p1a: truecel rage|60/100|[from] Grassy Terrain
|upkeep
|
|t:|1769386651
|switch|p2a: Corviknight|Corviknight, F, shiny|100/100
|-ability|p2a: Corviknight|Pressure
|turn|26
|-message|poopseydoopsey forfeited.
|
|win|rblt ryo
|raw|poopseydoopsey's rating: 1814 &rarr; <strong>1796</strong><br />(-18 for losing)
|raw|rblt ryo's rating: 1852 &rarr; <strong>1870</strong><br />(+18 for winning)
|l|☆poopseydoopsey
|player|p1|
|c| CatioloQuenti|damn
|c| CatioloQuenti|what a battle
|l| CatioloQuenti
|l|☆rblt ryo
|player|p2|
