|j|☆canaryguy451
|j|☆Zettaaa
|t:|1769372699
|gametype|singles
|player|p1|canaryguy451|hilbert|1095
|player|p2|Zettaaa|harlequin|1115
|gen|9
|tier|[Gen 9] OU
|rated|
|rule|HP Percentage Mod: HP is shown in percentages
|rule|Endless Battle Clause: Forcing endless battles is banned
|rule|Species Clause: Limit one of each Pokémon
|rule|OHKO Clause: OHKO moves are banned
|rule|Evasion Items Clause: Evasion items are banned
|rule|Evasion Moves Clause: Evasion moves are banned
|rule|Evasion Abilities Clause: Evasion abilities are banned
|rule|Sleep Moves Clause: Sleep-inducing moves are banned
|clearpoke
|poke|p1|Cinccino, F|
|poke|p1|Serperior, F|
|poke|p1|Hydreigon, F|
|poke|p1|Excadrill, M|
|poke|p1|Scrafty, F|
|poke|p1|Chandelure, M|
|poke|p2|Slowking-Galar, M|
|poke|p2|Sandy Shocks|
|poke|p2|Quaquaval, F|
|poke|p2|Eiscue, F|
|poke|p2|Ninetales-Alola, F|
|poke|p2|Ribombee, M|
|teampreview
|
|t:|1769372706
|teamsize|p1|6
|teamsize|p2|6
|start
|switch|p1a: Scrafty|Scrafty, F|100/100
|switch|p2a: Ribombee|Ribombee, M|100/100
|-ability|p1a: Scrafty|Intimidate|boost
|-unboost|p2a: Ribombee|atk|1
|turn|1
|
|t:|1769372714
|move|p1a: Scrafty|Fake Out|p2a: Ribombee
|-crit|p2a: Ribombee
|-damage|p2a: Ribombee|64/100
|move|p2a: Ribombee|Moonblast|p1a: Scrafty
|-supereffective|p1a: Scrafty
|-damage|p1a: Scrafty|11/100
|-unboost|p1a: Scrafty|spa|1
|
|upkeep
|turn|2
|
|t:|1769372722
|move|p2a: Ribombee|Bug Buzz|p1a: Scrafty
|-damage|p1a: Scrafty|0 fnt
|faint|p1a: Scrafty
|
|upkeep
|
|t:|1769372730
|switch|p1a: Chandelure|Chandelure, M|100/100
|turn|3
|
|t:|1769372734
|move|p2a: Ribombee|Sticky Web|p1a: Chandelure
|-sidestart|p1: canaryguy451|move: Sticky Web
|move|p1a: Chandelure|Calm Mind|p1a: Chandelure
|-boost|p1a: Chandelure|spa|1
|-boost|p1a: Chandelure|spd|1
|
|upkeep
|turn|4
|
|t:|1769372741
|move|p2a: Ribombee|U-turn|p1a: Chandelure
|-resisted|p1a: Chandelure
|-damage|p1a: Chandelure|98/100
|
|t:|1769372746
|switch|p2a: Quaquaval|Quaquaval, F|100/100|[from] U-turn
|move|p1a: Chandelure|Flamethrower|p2a: Quaquaval
|-resisted|p2a: Quaquaval
|-damage|p2a: Quaquaval|49/100
|-status|p2a: Quaquaval|brn
|
|-damage|p2a: Quaquaval|43/100 brn|[from] brn
|upkeep
|turn|5
|
|t:|1769372761
|-terastallize|p1a: Chandelure|Normal
|move|p2a: Quaquaval|Aqua Step|p1a: Chandelure
|-damage|p1a: Chandelure|77/100
|-boost|p2a: Quaquaval|spe|1
|move|p1a: Chandelure|Shadow Ball|p2a: Quaquaval
|-damage|p2a: Quaquaval|0 fnt
|faint|p2a: Quaquaval
|
|upkeep
|
|t:|1769372770
|switch|p2a: Ribombee|Ribombee, M|64/100
|turn|6
|
|t:|1769372778
|move|p2a: Ribombee|Moonblast|p1a: Chandelure
|-damage|p1a: Chandelure|45/100
|-unboost|p1a: Chandelure|spa|1
|move|p1a: Chandelure|Flamethrower|p2a: Ribombee
|-supereffective|p2a: Ribombee
|-damage|p2a: Ribombee|0 fnt
|faint|p2a: Ribombee
|
|upkeep
|
|t:|1769372784
|switch|p2a: Ninetales|Ninetales-Alola, F|100/100
|-weather|Snowscape|[from] ability: Snow Warning|[of] p2a: Ninetales
|turn|7
|
|t:|1769372792
|move|p2a: Ninetales|Blizzard|p1a: Chandelure
|-damage|p1a: Chandelure|15/100
|move|p1a: Chandelure|Flamethrower|p2a: Ninetales
|-supereffective|p2a: Ninetales
|-enditem|p2a: Ninetales|Focus Sash
|-damage|p2a: Ninetales|1/100
|
|-weather|Snowscape|[upkeep]
|upkeep
|turn|8
|
|t:|1769372803
|move|p2a: Ninetales|Blizzard|p1a: Chandelure
|-damage|p1a: Chandelure|0 fnt
|faint|p1a: Chandelure
|
|-weather|Snowscape|[upkeep]
|upkeep
|
|t:|1769372812
|switch|p1a: Cinccino|Cinccino, F|100/100
|-activate|p1a: Cinccino|move: Sticky Web
|-unboost|p1a: Cinccino|spe|1
|turn|9
|
|t:|1769372822
|move|p2a: Ninetales|Blizzard|p1a: Cinccino
|-damage|p1a: Cinccino|33/100
|move|p1a: Cinccino|Tidy Up|p1a: Cinccino
|-sideend|p1: canaryguy451|Sticky Web
|-activate|p1a: Cinccino|move: Tidy Up
|-boost|p1a: Cinccino|atk|1
|-boost|p1a: Cinccino|spe|1
|
|-weather|Snowscape|[upkeep]
|upkeep
|turn|10
|
|t:|1769372831
|move|p1a: Cinccino|Tail Slap|p2a: Ninetales
|-damage|p2a: Ninetales|0 fnt
|faint|p2a: Ninetales
|-hitcount|p2: Ninetales|1
|
|-weather|Snowscape|[upkeep]
|upkeep
|
|t:|1769372839
|switch|p2a: Eiscue|Eiscue, F, shiny|100/100
|turn|11
|
|t:|1769372846
|move|p1a: Cinccino|Tail Slap|p2a: Eiscue
|-activate|p2a: Eiscue|ability: Ice Face
|-damage|p2a: Eiscue|100/100
|detailschange|p2a: Eiscue|Eiscue-Noice, F, shiny
|-damage|p2a: Eiscue|77/100
|-damage|p2a: Eiscue|52/100
|-damage|p2a: Eiscue|29/100
|-enditem|p2a: Eiscue|Sitrus Berry|[eat]
|-heal|p2a: Eiscue|54/100|[from] item: Sitrus Berry
|-hitcount|p2a: Eiscue|4
|move|p2a: Eiscue|Ice Spinner|p1a: Cinccino
|-damage|p1a: Cinccino|0 fnt
|faint|p1a: Cinccino
|
|-weather|none
|upkeep
|
|t:|1769372870
|switch|p1a: Excadrill|Excadrill, M|100/100
|-ability|p1a: Excadrill|Mold Breaker
|turn|12
|
|t:|1769372879
|-terastallize|p2a: Eiscue|Water
|move|p2a: Eiscue|Liquidation|p1a: Excadrill
|-supereffective|p1a: Excadrill
|-damage|p1a: Excadrill|14/100
|move|p1a: Excadrill|Brick Break|p2a: Eiscue
|-damage|p2a: Eiscue|9/100
|
|upkeep
|turn|13
|
|t:|1769372890
|switch|p1a: Serperior|Serperior, F|100/100
|move|p2a: Eiscue|Liquidation|p1a: Serperior
|-resisted|p1a: Serperior
|-damage|p1a: Serperior|84/100
|-boost|p1a: Serperior|def|1
|
|-heal|p1a: Serperior|90/100|[from] item: Leftovers
|upkeep
|turn|14
|
|t:|1769372906
|move|p2a: Eiscue|Ice Spinner|p1a: Serperior
|-supereffective|p1a: Serperior
|-damage|p1a: Serperior|49/100
|move|p1a: Serperior|Leaf Storm|p2a: Eiscue
|-supereffective|p2a: Eiscue
|-damage|p2a: Eiscue|0 fnt
|-boost|p1a: Serperior|spa|2
|faint|p2a: Eiscue
|
|-heal|p1a: Serperior|56/100|[from] item: Leftovers
|upkeep
|
|t:|1769372916
|switch|p2a: Slowking|Slowking-Galar, M|100/100
|turn|15
|
|t:|1769372927
|switch|p1a: Hydreigon|Hydreigon, F|100/100
|move|p2a: Slowking|Sludge Bomb|p1a: Hydreigon
|-damage|p1a: Hydreigon|59/100
|
|upkeep
|turn|16
|
|t:|1769372937
|move|p1a: Hydreigon|Nasty Plot|p1a: Hydreigon
|-boost|p1a: Hydreigon|spa|2
|move|p2a: Slowking|Sludge Bomb|p1a: Hydreigon
|-damage|p1a: Hydreigon|19/100
|-status|p1a: Hydreigon|psn
|-enditem|p1a: Hydreigon|Sitrus Berry|[eat]
|-heal|p1a: Hydreigon|44/100 psn|[from] item: Sitrus Berry
|
|-damage|p1a: Hydreigon|32/100 psn|[from] psn
|upkeep
|turn|17
|
|t:|1769372950
|move|p1a: Hydreigon|Draco Meteor|p2a: Slowking
|-damage|p2a: Slowking|0 fnt
|-unboost|p1a: Hydreigon|spa|2
|faint|p2a: Slowking
|
|-damage|p1a: Hydreigon|19/100 psn|[from] psn
|upkeep
|
|t:|1769372953
|switch|p2a: Sandy Shocks|Sandy Shocks|100/100
|-enditem|p2a: Sandy Shocks|Booster Energy
|-activate|p2a: Sandy Shocks|ability: Protosynthesis|[fromitem]
|-start|p2a: Sandy Shocks|protosynthesisspe
|turn|18
|
|t:|1769372966
|move|p2a: Sandy Shocks|Tera Blast|p1a: Hydreigon
|-damage|p1a: Hydreigon|0 fnt
|faint|p1a: Hydreigon
|
|upkeep
|
|t:|1769372971
|switch|p1a: Serperior|Serperior, F|56/100
|turn|19
|
|t:|1769372977
|move|p2a: Sandy Shocks|Tera Blast|p1a: Serperior
|-damage|p1a: Serperior|30/100
|move|p1a: Serperior|Leaf Storm|p2a: Sandy Shocks
|-supereffective|p2a: Sandy Shocks
|-damage|p2a: Sandy Shocks|14/100
|-boost|p1a: Serperior|spa|2
|
|-heal|p1a: Serperior|36/100|[from] item: Leftovers
|upkeep
|turn|20
|
|t:|1769372987
|move|p2a: Sandy Shocks|Tera Blast|p1a: Serperior
|-damage|p1a: Serperior|10/100
|move|p1a: Serperior|Leaf Storm|p2a: Sandy Shocks
|-supereffective|p2a: Sandy Shocks
|-damage|p2a: Sandy Shocks|0 fnt
|-boost|p1a: Serperior|spa|2
|faint|p2a: Sandy Shocks
|-end|p2a: Sandy Shocks|Protosynthesis|[silent]
|
|win|canaryguy451
|raw|canaryguy451's rating: 1095 &rarr; <strong>1122</strong><br />(+27 for winning)
|raw|Zettaaa's rating: 1115 &rarr; <strong>1089</strong><br />(-26 for losing)
|l|☆Zettaaa
|player|p2|
|l|☆canaryguy451
|player|p1|
