|j|☆fluffycool
|j|☆swagswag234
|t:|1769354715
|gametype|singles
|player|p1|fluffycool|schoolboy-gen2|1469
|player|p2|swagswag234|cyclist|1506
|gen|9
|tier|[Gen 9] OU
|rated|
|rule|HP Percentage Mod: HP is shown in percentages
|rule|Endless Battle Clause: Forcing endless battles is banned
|rule|Species Clause: Limit one of each Pokémon
|rule|OHKO Clause: OHKO moves are banned
|rule|Evasion Items Clause: Evasion items are banned
|rule|Evasion Moves Clause: Evasion moves are banned
|rule|Evasion Abilities Clause: Evasion abilities are banned
|rule|Sleep Moves Clause: Sleep-inducing moves are banned
|clearpoke
|poke|p1|Latios, M|
|poke|p1|Gholdengo|
|poke|p1|Clodsire, M|
|poke|p1|Slowking, F|
|poke|p1|Meowscarada, M|
|poke|p1|Skarmory, F|
|poke|p2|Pecharunt|
|poke|p2|Kingambit, F|
|poke|p2|Volcanion|
|poke|p2|Iron Valiant|
|poke|p2|Landorus-Therian, M|
|poke|p2|Deoxys-Speed|
|teampreview
|inactive|Battle timer is ON: inactive players will automatically lose when time's up. (requested by swagswag234)
|inactive|fluffycool also wants the timer to be on.
|
|t:|1769354723
|teamsize|p1|6
|teamsize|p2|6
|start
|switch|p1a: Meowscarada|Meowscarada, M|100/100
|switch|p2a: Deoxys|Deoxys-Speed|100/100
|-ability|p2a: Deoxys|Pressure
|turn|1
|
|t:|1769354736
|switch|p2a: Landorus|Landorus-Therian, M|100/100
|-ability|p2a: Landorus|Intimidate|boost
|-unboost|p1a: Meowscarada|atk|1
|move|p1a: Meowscarada|Sucker Punch||[still]
|-fail|p1a: Meowscarada
|
|upkeep
|turn|2
|
|t:|1769354745
|switch|p1a: Skarmory|Skarmory, F|100/100
|switch|p2a: Deoxys|Deoxys-Speed|100/100
|-ability|p2a: Deoxys|Pressure
|
|upkeep
|turn|3
|
|t:|1769354760
|move|p2a: Deoxys|Knock Off|p1a: Skarmory
|-damage|p1a: Skarmory|81/100
|-damage|p2a: Deoxys|84/100|[from] item: Rocky Helmet|[of] p1a: Skarmory
|-enditem|p1a: Skarmory|Rocky Helmet|[from] move: Knock Off|[of] p2a: Deoxys
|move|p1a: Skarmory|Spikes|p2a: Deoxys
|-sidestart|p2: swagswag234|Spikes
|
|upkeep
|turn|4
|
|t:|1769354771
|move|p2a: Deoxys|Spikes|p1a: Skarmory
|-sidestart|p1: fluffycool|Spikes
|move|p1a: Skarmory|Spikes|p2a: Deoxys
|-sidestart|p2: swagswag234|Spikes
|
|upkeep
|turn|5
|
|t:|1769354773
|move|p2a: Deoxys|Spikes|p1a: Skarmory
|-sidestart|p1: fluffycool|Spikes
|move|p1a: Skarmory|Spikes|p2a: Deoxys
|-sidestart|p2: swagswag234|Spikes
|
|upkeep
|turn|6
|
|t:|1769354776
|move|p2a: Deoxys|Spikes|p1a: Skarmory
|-sidestart|p1: fluffycool|Spikes
|move|p1a: Skarmory|Iron Defense|p1a: Skarmory
|-boost|p1a: Skarmory|def|2
|
|upkeep
|turn|7
|
|t:|1769354779
|move|p2a: Deoxys|Psycho Boost|p1a: Skarmory
|-resisted|p1a: Skarmory
|-damage|p1a: Skarmory|32/100
|-unboost|p2a: Deoxys|spa|2
|-enditem|p2a: Deoxys|Eject Pack
|
|t:|1769354785
|switch|p2a: Pecharunt|Pecharunt|100/100
|move|p1a: Skarmory|Body Press|p2a: Pecharunt
|-immune|p2a: Pecharunt
|
|upkeep
|turn|8
|
|t:|1769354790
|switch|p1a: Clodsire|Clodsire, M|100/100
|move|p2a: Pecharunt|Nasty Plot|p2a: Pecharunt
|-boost|p2a: Pecharunt|spa|2
|
|upkeep
|turn|9
|
|t:|1769354798
|move|p2a: Pecharunt|Shadow Ball|p1a: Clodsire
|-damage|p1a: Clodsire|85/100
|move|p1a: Clodsire|Stealth Rock|p2a: Pecharunt
|-sidestart|p2: swagswag234|move: Stealth Rock
|
|upkeep
|turn|10
|
|t:|1769354804
|move|p2a: Pecharunt|Shadow Ball|p1a: Clodsire
|-damage|p1a: Clodsire|70/100
|-unboost|p1a: Clodsire|spd|1
|move|p1a: Clodsire|Earthquake|p2a: Pecharunt
|-supereffective|p2a: Pecharunt
|-damage|p2a: Pecharunt|62/100
|
|upkeep
|turn|11
|
|t:|1769354811
|move|p2a: Pecharunt|Shadow Ball|p1a: Clodsire
|-damage|p1a: Clodsire|49/100
|move|p1a: Clodsire|Earthquake|p2a: Pecharunt
|-supereffective|p2a: Pecharunt
|-damage|p2a: Pecharunt|25/100
|
|upkeep
|turn|12
|
|t:|1769354817
|move|p2a: Pecharunt|Recover|p2a: Pecharunt
|-heal|p2a: Pecharunt|75/100
|move|p1a: Clodsire|Earthquake|p2a: Pecharunt
|-supereffective|p2a: Pecharunt
|-damage|p2a: Pecharunt|42/100
|
|upkeep
|turn|13
|
|t:|1769354819
|move|p2a: Pecharunt|Recover|p2a: Pecharunt
|-heal|p2a: Pecharunt|92/100
|move|p1a: Clodsire|Earthquake|p2a: Pecharunt
|-supereffective|p2a: Pecharunt
|-damage|p2a: Pecharunt|55/100
|
|upkeep
|turn|14
|
|t:|1769354826
|move|p2a: Pecharunt|Shadow Ball|p1a: Clodsire
|-damage|p1a: Clodsire|24/100
|move|p1a: Clodsire|Recover|p1a: Clodsire
|-heal|p1a: Clodsire|74/100
|
|upkeep
|turn|15
|
|t:|1769354829
|move|p2a: Pecharunt|Shadow Ball|p1a: Clodsire
|-damage|p1a: Clodsire|49/100
|move|p1a: Clodsire|Earthquake|p2a: Pecharunt
|-supereffective|p2a: Pecharunt
|-damage|p2a: Pecharunt|18/100
|
|upkeep
|turn|16
|
|t:|1769354834
|move|p2a: Pecharunt|Recover|p2a: Pecharunt
|-heal|p2a: Pecharunt|68/100
|move|p1a: Clodsire|Earthquake|p2a: Pecharunt
|-supereffective|p2a: Pecharunt
|-damage|p2a: Pecharunt|33/100
|
|upkeep
|turn|17
|
|t:|1769354837
|move|p2a: Pecharunt|Recover|p2a: Pecharunt
|-heal|p2a: Pecharunt|83/100
|move|p1a: Clodsire|Earthquake|p2a: Pecharunt
|-supereffective|p2a: Pecharunt
|-damage|p2a: Pecharunt|47/100
|
|upkeep
|turn|18
|
|t:|1769354841
|move|p2a: Pecharunt|Recover|p2a: Pecharunt
|-heal|p2a: Pecharunt|97/100
|move|p1a: Clodsire|Recover|p1a: Clodsire
|-heal|p1a: Clodsire|99/100
|
|upkeep
|turn|19
|
|t:|1769354845
|move|p2a: Pecharunt|Shadow Ball|p1a: Clodsire
|-damage|p1a: Clodsire|74/100
|move|p1a: Clodsire|Earthquake|p2a: Pecharunt
|-supereffective|p2a: Pecharunt
|-damage|p2a: Pecharunt|58/100
|
|upkeep
|turn|20
|
|t:|1769354850
|move|p2a: Pecharunt|Shadow Ball|p1a: Clodsire
|-damage|p1a: Clodsire|48/100
|move|p1a: Clodsire|Earthquake|p2a: Pecharunt
|-supereffective|p2a: Pecharunt
|-damage|p2a: Pecharunt|24/100
|
|upkeep
|turn|21
|
|t:|1769354859
|switch|p2a: Deoxys|Deoxys-Speed|84/100
|-damage|p2a: Deoxys|59/100|[from] Spikes
|-damage|p2a: Deoxys|47/100|[from] Stealth Rock
|-ability|p2a: Deoxys|Pressure
|move|p1a: Clodsire|Earthquake|p2a: Deoxys
|-damage|p2a: Deoxys|4/100
|
|upkeep
|turn|22
|
|t:|1769354872
|switch|p1a: Slowking|Slowking, F|100/100
|move|p2a: Deoxys|Superpower|p1a: Slowking
|-resisted|p1a: Slowking
|-damage|p1a: Slowking|83/100
|-unboost|p2a: Deoxys|atk|1
|-unboost|p2a: Deoxys|def|1
|
|upkeep
|turn|23
|
|t:|1769354878
|switch|p1a: Clodsire|Clodsire, M|48/100
|move|p2a: Deoxys|Knock Off|p1a: Clodsire
|-damage|p1a: Clodsire|18/100
|-enditem|p1a: Clodsire|Heavy-Duty Boots|[from] move: Knock Off|[of] p2a: Deoxys
|
|upkeep
|turn|24
|
|t:|1769354886
|move|p2a: Deoxys|Knock Off|p1a: Clodsire
|-damage|p1a: Clodsire|0 fnt
|faint|p1a: Clodsire
|
|upkeep
|
|t:|1769354889
|switch|p1a: Meowscarada|Meowscarada, M|100/100
|turn|25
|
|t:|1769354893
|switch|p1a: Skarmory|Skarmory, F|32/100
|move|p2a: Deoxys|Superpower|p1a: Skarmory
|-damage|p1a: Skarmory|18/100
|-unboost|p2a: Deoxys|atk|1
|-unboost|p2a: Deoxys|def|1
|
|upkeep
|turn|26
|
|t:|1769354900
|switch|p1a: Meowscarada|Meowscarada, M|100/100
|move|p2a: Deoxys|Psycho Boost|p1a: Meowscarada
|-immune|p1a: Meowscarada
|
|upkeep
|turn|27
|
|t:|1769354904
|move|p1a: Meowscarada|Sucker Punch|p2a: Deoxys
|-start|p1a: Meowscarada|typechange|Dark|[from] ability: Protean
|-supereffective|p2a: Deoxys
|-damage|p2a: Deoxys|0 fnt
|faint|p2a: Deoxys
|
|upkeep
|
|t:|1769354922
|switch|p2a: Volcanion|Volcanion|100/100
|-damage|p2a: Volcanion|76/100|[from] Spikes
|-damage|p2a: Volcanion|51/100|[from] Stealth Rock
|turn|28
|
|t:|1769354931
|move|p1a: Meowscarada|U-turn|p2a: Volcanion
|-resisted|p2a: Volcanion
|-damage|p2a: Volcanion|42/100
|
|t:|1769354934
|switch|p1a: Slowking|Slowking, F|100/100|[from] U-turn
|move|p2a: Volcanion|Steam Eruption|p1a: Slowking
|-resisted|p1a: Slowking
|-damage|p1a: Slowking|86/100
|
|-heal|p2a: Volcanion|48/100|[from] item: Leftovers
|upkeep
|turn|29
|
|t:|1769354940
|move|p2a: Volcanion|Taunt|p1a: Slowking
|-start|p1a: Slowking|move: Taunt
|cant|p1a: Slowking|move: Taunt|Thunder Wave
|
|-heal|p2a: Volcanion|54/100|[from] item: Leftovers
|upkeep
|turn|30
|
|t:|1769354947
|move|p2a: Volcanion|Will-O-Wisp|p1a: Slowking
|-status|p1a: Slowking|brn
|move|p1a: Slowking|Psychic Noise|p2a: Volcanion
|-damage|p2a: Volcanion|28/100
|-start|p2a: Volcanion|move: Heal Block
|
|-damage|p1a: Slowking|80/100 brn|[from] brn
|upkeep
|turn|31
|
|t:|1769354955
|move|p2a: Volcanion|Steam Eruption|p1a: Slowking
|-resisted|p1a: Slowking
|-damage|p1a: Slowking|65/100 brn
|move|p1a: Slowking|Psychic Noise|p2a: Volcanion
|-damage|p2a: Volcanion|0 fnt
|faint|p2a: Volcanion
|
|-damage|p1a: Slowking|59/100 brn|[from] brn
|-end|p1a: Slowking|move: Taunt
|upkeep
|
|t:|1769354961
|switch|p2a: Kingambit|Kingambit, F|100/100
|-damage|p2a: Kingambit|76/100|[from] Spikes
|-damage|p2a: Kingambit|70/100|[from] Stealth Rock
|-activate|p2a: Kingambit|ability: Supreme Overlord
|-start|p2a: Kingambit|fallen2|[silent]
|turn|32
|
|t:|1769354968
|move|p2a: Kingambit|Swords Dance|p2a: Kingambit
|-boost|p2a: Kingambit|atk|2
|-prepare|p1a: Slowking|Chilly Reception|[premajor]
|move|p1a: Slowking|Chilly Reception|p1a: Slowking
|-weather|Snowscape
|
|t:|1769354971
|switch|p1a: Skarmory|Skarmory, F|18/100|[from] Chilly Reception
|
|-weather|Snowscape|[upkeep]
|-heal|p2a: Kingambit|76/100|[from] item: Leftovers
|upkeep
|turn|33
|
|t:|1769354975
|move|p1a: Skarmory|Body Press|p2a: Kingambit
|-supereffective|p2a: Kingambit
|-damage|p2a: Kingambit|0 fnt
|faint|p2a: Kingambit
|-end|p2a: Kingambit|fallen2|[silent]
|
|-weather|Snowscape|[upkeep]
|upkeep
|c|☆swagswag234|this guy invested in speed
|c|☆swagswag234|smart guy
|
|t:|1769354993
|switch|p2a: Pecharunt|Pecharunt|24/100
|turn|34
|c|☆fluffycool|Ty
|
|t:|1769355007
|switch|p1a: Latios|Latios, M|100/100
|move|p2a: Pecharunt|Recover|p2a: Pecharunt
|-heal|p2a: Pecharunt|74/100
|
|-weather|Snowscape|[upkeep]
|upkeep
|turn|35
|
|t:|1769355015
|-terastallize|p2a: Pecharunt|Fairy
|move|p1a: Latios|Psychic Noise|p2a: Pecharunt
|-damage|p2a: Pecharunt|18/100
|-start|p2a: Pecharunt|move: Heal Block
|move|p2a: Pecharunt|Malignant Chain|p1a: Latios
|-damage|p1a: Latios|61/100
|
|-weather|Snowscape|[upkeep]
|upkeep
|turn|36
|
|t:|1769355024
|switch|p2a: Landorus|Landorus-Therian, M|100/100
|-damage|p2a: Landorus|88/100|[from] Stealth Rock
|-ability|p2a: Landorus|Intimidate|boost
|-unboost|p1a: Latios|atk|1
|move|p1a: Latios|Psychic Noise|p2a: Landorus
|-damage|p2a: Landorus|34/100
|-start|p2a: Landorus|move: Heal Block
|
|-weather|none
|upkeep
|turn|37
|
|t:|1769355030
|move|p1a: Latios|Psychic Noise|p2a: Landorus
|-damage|p2a: Landorus|0 fnt
|faint|p2a: Landorus
|
|upkeep
|
|t:|1769355033
|switch|p2a: Iron Valiant|Iron Valiant|100/100
|-damage|p2a: Iron Valiant|76/100|[from] Spikes
|-damage|p2a: Iron Valiant|69/100|[from] Stealth Rock
|-enditem|p2a: Iron Valiant|Booster Energy
|-activate|p2a: Iron Valiant|ability: Quark Drive|[fromitem]
|-start|p2a: Iron Valiant|quarkdrivespe
|turn|38
|
|t:|1769355043
|-terastallize|p1a: Latios|Steel
|move|p2a: Iron Valiant|Moonblast|p1a: Latios
|-resisted|p1a: Latios
|-damage|p1a: Latios|41/100
|-unboost|p1a: Latios|spa|1
|move|p1a: Latios|Psychic Noise|p2a: Iron Valiant
|-supereffective|p2a: Iron Valiant
|-damage|p2a: Iron Valiant|0 fnt
|faint|p2a: Iron Valiant
|-end|p2a: Iron Valiant|Quark Drive|[silent]
|
|upkeep
|c|☆swagswag234|gg
|-message|swagswag234 forfeited.
|
|win|fluffycool
|raw|fluffycool's rating: 1482 &rarr; <strong>1503</strong><br />(+21 for winning)
|raw|swagswag234's rating: 1506 &rarr; <strong>1485</strong><br />(-21 for losing)
|l|☆swagswag234
|player|p2|
|l|☆fluffycool
|player|p1|
