|j|☆suprya
|j|☆mtxo
|t:|1769367489
|gametype|singles
|player|p1|suprya|wattson|1685
|player|p2|mtxo|hoopster|1704
|gen|9
|tier|[Gen 9] OU
|rated|
|rule|HP Percentage Mod: HP is shown in percentages
|rule|Endless Battle Clause: Forcing endless battles is banned
|rule|Species Clause: Limit one of each Pokémon
|rule|OHKO Clause: OHKO moves are banned
|rule|Evasion Items Clause: Evasion items are banned
|rule|Evasion Moves Clause: Evasion moves are banned
|rule|Evasion Abilities Clause: Evasion abilities are banned
|rule|Sleep Moves Clause: Sleep-inducing moves are banned
|clearpoke
|poke|p1|Kommo-o, M|
|poke|p1|Iron Moth|
|poke|p1|Zapdos|
|poke|p1|Iron Treads|
|poke|p1|Kingambit, F|
|poke|p1|Latios, M|
|poke|p2|Landorus-Therian, M|
|poke|p2|Enamorus, F|
|poke|p2|Kyurem|
|poke|p2|Tyranitar, F|
|poke|p2|Corviknight, M|
|poke|p2|Cinderace, F|
|teampreview
|inactive|Battle timer is ON: inactive players will automatically lose when time's up. (requested by suprya)
|
|t:|1769367502
|teamsize|p1|6
|teamsize|p2|6
|start
|switch|p1a: Zapdos|Zapdos|100/100
|switch|p2a: Kyurem|Kyurem|100/100
|-ability|p2a: Kyurem|Pressure
|turn|1
|
|t:|1769367510
|switch|p1a: Iron Moth|Iron Moth|100/100
|move|p2a: Kyurem|Ice Beam|p1a: Iron Moth
|-resisted|p1a: Iron Moth
|-damage|p1a: Iron Moth|62/100
|-status|p1a: Iron Moth|frz
|
|upkeep
|turn|2
|
|t:|1769367514
|switch|p2a: Tyranitar|Tyranitar, F|100/100
|-weather|Sandstorm|[from] ability: Sand Stream|[of] p2a: Tyranitar
|cant|p1a: Iron Moth|frz
|
|-weather|Sandstorm|[upkeep]
|-damage|p1a: Iron Moth|56/100 frz|[from] Sandstorm
|upkeep
|turn|3
|
|t:|1769367518
|cant|p1a: Iron Moth|frz
|move|p2a: Tyranitar|Knock Off|p1a: Iron Moth
|-damage|p1a: Iron Moth|0 fnt
|-enditem|p1a: Iron Moth|Heavy-Duty Boots|[from] move: Knock Off|[of] p2a: Tyranitar
|faint|p1a: Iron Moth
|-end|p1a: Iron Moth|Quark Drive|[silent]
|
|-weather|Sandstorm|[upkeep]
|upkeep
|
|t:|1769367521
|switch|p1a: Iron Treads|Iron Treads|100/100
|turn|4
|
|t:|1769367525
|switch|p2a: Landorus|Landorus-Therian, M|100/100
|-ability|p2a: Landorus|Intimidate|boost
|-unboost|p1a: Iron Treads|atk|1
|move|p1a: Iron Treads|Stealth Rock|p2a: Landorus
|-sidestart|p2: mtxo|move: Stealth Rock
|
|-weather|Sandstorm|[upkeep]
|upkeep
|turn|5
|
|t:|1769367529
|move|p1a: Iron Treads|Knock Off|p2a: Landorus
|-damage|p2a: Landorus|89/100
|-damage|p1a: Iron Treads|84/100|[from] item: Rocky Helmet|[of] p2a: Landorus
|-enditem|p2a: Landorus|Rocky Helmet|[from] move: Knock Off|[of] p1a: Iron Treads
|move|p2a: Landorus|U-turn|p1a: Iron Treads
|-resisted|p1a: Iron Treads
|-damage|p1a: Iron Treads|76/100
|
|t:|1769367531
|switch|p2a: Cinderace|Cinderace, F|100/100|[from] U-turn
|
|-weather|Sandstorm|[upkeep]
|-damage|p2a: Cinderace|94/100|[from] Sandstorm
|-heal|p1a: Iron Treads|82/100|[from] item: Leftovers
|upkeep
|turn|6
|
|t:|1769367537
|move|p2a: Cinderace|Court Change|p2a: Cinderace
|-swapsideconditions
|-activate|p2a: Cinderace|move: Court Change
|move|p1a: Iron Treads|Rapid Spin|p2a: Cinderace
|-damage|p2a: Cinderace|84/100
|-boost|p1a: Iron Treads|spe|1
|-sideend|p1: suprya|Stealth Rock|[from] move: Rapid Spin|[of] p1a: Iron Treads
|
|-weather|none
|-heal|p1a: Iron Treads|88/100|[from] item: Leftovers
|upkeep
|turn|7
|
|t:|1769367545
|-end|p1a: Iron Treads|Quark Drive|[silent]
|switch|p1a: Latios|Latios, M|100/100
|move|p2a: Cinderace|Pyro Ball|p1a: Latios
|-resisted|p1a: Latios
|-damage|p1a: Latios|70/100
|
|upkeep
|turn|8
|
|t:|1769367553
|switch|p2a: Corviknight|Corviknight, M|100/100
|-ability|p2a: Corviknight|Pressure
|move|p1a: Latios|Flip Turn|p2a: Corviknight
|-damage|p2a: Corviknight|92/100
|
|t:|1769367559
|switch|p1a: Kommo-o|Kommo-o, M|100/100|[from] Flip Turn
|
|-heal|p2a: Corviknight|98/100|[from] item: Leftovers
|upkeep
|turn|9
|
|t:|1769367570
|move|p1a: Kommo-o|Bulk Up|p1a: Kommo-o
|-boost|p1a: Kommo-o|atk|1
|-boost|p1a: Kommo-o|def|1
|move|p2a: Corviknight|Brave Bird|p1a: Kommo-o
|-supereffective|p1a: Kommo-o
|-damage|p1a: Kommo-o|64/100
|-damage|p2a: Corviknight|88/100|[from] Recoil
|
|-heal|p1a: Kommo-o|70/100|[from] item: Leftovers
|-heal|p2a: Corviknight|94/100|[from] item: Leftovers
|upkeep
|turn|10
|
|t:|1769367582
|move|p1a: Kommo-o|Bulk Up|p1a: Kommo-o
|-boost|p1a: Kommo-o|atk|1
|-boost|p1a: Kommo-o|def|1
|move|p2a: Corviknight|U-turn|p1a: Kommo-o
|-resisted|p1a: Kommo-o
|-damage|p1a: Kommo-o|67/100
|
|t:|1769367587
|switch|p2a: Enamorus|Enamorus, F|100/100|[from] U-turn
|
|-heal|p1a: Kommo-o|74/100|[from] item: Leftovers
|upkeep
|turn|11
|
|t:|1769367593
|-terastallize|p2a: Enamorus|Stellar
|-terastallize|p1a: Kommo-o|Steel
|move|p2a: Enamorus|Tera Blast|p1a: Kommo-o|[anim] Tera Blast Stellar
|-supereffective|p1a: Kommo-o
|-crit|p1a: Kommo-o
|-damage|p1a: Kommo-o|0 fnt
|-boost|p2a: Enamorus|atk|1
|-boost|p2a: Enamorus|spa|1
|faint|p1a: Kommo-o
|
|upkeep
|-message|suprya forfeited.
|
|win|mtxo
|raw|suprya's rating: 1685 &rarr; <strong>1666</strong><br />(-19 for losing)
|raw|mtxo's rating: 1704 &rarr; <strong>1723</strong><br />(+19 for winning)
|l|☆suprya
|player|p1|
|l|☆mtxo
|player|p2|
