|j|‽clumsy dad
|j|☆hutoew
|t:|1769346551
|gametype|singles
|player|p1|clumsy dad|chuck|1651
|player|p2|hutoew|hilda|1624
|gen|9
|tier|[Gen 9] OU
|rated|
|rule|HP Percentage Mod: HP is shown in percentages
|rule|Endless Battle Clause: Forcing endless battles is banned
|rule|Species Clause: Limit one of each Pokémon
|rule|OHKO Clause: OHKO moves are banned
|rule|Evasion Items Clause: Evasion items are banned
|rule|Evasion Moves Clause: Evasion moves are banned
|rule|Evasion Abilities Clause: Evasion abilities are banned
|rule|Sleep Moves Clause: Sleep-inducing moves are banned
|clearpoke
|poke|p1|Gholdengo|
|poke|p1|Sinistcha|
|poke|p1|Samurott-Hisui, M|
|poke|p1|Hatterene, F|
|poke|p1|Glimmora, F|
|poke|p1|Gliscor, F|
|poke|p2|Ting-Lu|
|poke|p2|Corviknight, M|
|poke|p2|Zamazenta-*|
|poke|p2|Ceruledge, M|
|poke|p2|Kingambit, F|
|poke|p2|Clodsire, F|
|teampreview
|inactive|Battle timer is ON: inactive players will automatically lose when time's up. (requested by clumsy dad)
|
|t:|1769346560
|teamsize|p1|6
|teamsize|p2|6
|start
|switch|p1a: Samurott|Samurott-Hisui, M|100/100
|switch|p2a: Corviknight|Corviknight, M|100/100
|turn|1
|
|t:|1769346564
|move|p1a: Samurott|Ceaseless Edge|p2a: Corviknight
|-damage|p2a: Corviknight|61/100
|-sidestart|p2: hutoew|Spikes
|move|p2a: Corviknight|U-turn|p1a: Samurott
|-supereffective|p1a: Samurott
|-damage|p1a: Samurott|28/100
|j| nitroLazer120
|
|t:|1769346571
|switch|p2a: Zamazenta|Zamazenta|100/100|[from] U-turn
|-damage|p2a: Zamazenta|88/100|[from] Spikes
|-ability|p2a: Zamazenta|Dauntless Shield|boost
|-boost|p2a: Zamazenta|def|1
|
|upkeep
|turn|2
|
|t:|1769346580
|switch|p1a: Glimmora|Glimmora, F|100/100
|move|p2a: Zamazenta|Crunch|p1a: Glimmora
|-damage|p1a: Glimmora|56/100
|-activate|p1a: Glimmora|ability: Toxic Debris
|-sidestart|p2: hutoew|move: Toxic Spikes
|
|upkeep
|turn|3
|
|t:|1769346587
|move|p2a: Zamazenta|Crunch|p1a: Glimmora
|-damage|p1a: Glimmora|12/100
|-activate|p1a: Glimmora|ability: Toxic Debris
|-sidestart|p2: hutoew|move: Toxic Spikes
|move|p1a: Glimmora|Stealth Rock|p2a: Zamazenta
|-sidestart|p2: hutoew|move: Stealth Rock
|
|upkeep
|turn|4
|j| QD KING
|
|t:|1769346593
|move|p2a: Zamazenta|Crunch|p1a: Glimmora
|-damage|p1a: Glimmora|0 fnt
|faint|p1a: Glimmora
|
|upkeep
|
|t:|1769346598
|switch|p1a: Sinistcha|Sinistcha|100/100
|turn|5
|
|t:|1769346600
|switch|p2a: Clodsire|Clodsire, F|100/100
|-damage|p2a: Clodsire|88/100|[from] Spikes
|-sideend|p2: hutoew|move: Toxic Spikes|[of] p2a: Clodsire
|-damage|p2a: Clodsire|82/100|[from] Stealth Rock
|move|p1a: Sinistcha|Strength Sap|p2a: Clodsire
|-unboost|p2a: Clodsire|atk|1
|
|upkeep
|turn|6
|
|t:|1769346606
|switch|p1a: Hatterene|Hatterene, F|100/100
|switch|p2a: Corviknight|Corviknight, M|61/100
|-damage|p2a: Corviknight|48/100|[from] Stealth Rock
|
|upkeep
|turn|7
|
|t:|1769346609
|switch|p1a: Gholdengo|Gholdengo|100/100
|move|p2a: Corviknight|Iron Head|p1a: Gholdengo
|-resisted|p1a: Gholdengo
|-damage|p1a: Gholdengo|74/100
|
|upkeep
|turn|8
|
|t:|1769346615
|switch|p2a: Kingambit|Kingambit, F|100/100
|-damage|p2a: Kingambit|88/100|[from] Spikes
|-damage|p2a: Kingambit|82/100|[from] Stealth Rock
|move|p1a: Gholdengo|Shadow Ball|p2a: Kingambit
|-resisted|p2a: Kingambit
|-damage|p2a: Kingambit|63/100
|-unboost|p2a: Kingambit|spd|1
|
|upkeep
|turn|9
|j| Prwellz
|
|t:|1769346631
|switch|p1a: Gliscor|Gliscor, F|100/100
|move|p2a: Kingambit|Kowtow Cleave|p1a: Gliscor
|-crit|p1a: Gliscor
|-damage|p1a: Gliscor|32/100
|
|-status|p1a: Gliscor|tox|[from] item: Toxic Orb
|upkeep
|turn|10
|
|t:|1769346637
|switch|p1a: Hatterene|Hatterene, F|100/100
|move|p2a: Kingambit|Kowtow Cleave|p1a: Hatterene
|-damage|p1a: Hatterene|43/100
|-damage|p2a: Kingambit|46/100|[from] item: Rocky Helmet|[of] p1a: Hatterene
|
|upkeep
|turn|11
|
|t:|1769346642
|switch|p1a: Samurott|Samurott-Hisui, M|28/100
|move|p2a: Kingambit|Kowtow Cleave|p1a: Samurott
|-resisted|p1a: Samurott
|-damage|p1a: Samurott|0 fnt
|faint|p1a: Samurott
|
|upkeep
|
|t:|1769346644
|switch|p1a: Gholdengo|Gholdengo|74/100
|turn|12
|
|t:|1769346648
|-terastallize|p1a: Gholdengo|Steel
|move|p1a: Gholdengo|Make It Rain|p2a: Kingambit
|-resisted|p2a: Kingambit
|-damage|p2a: Kingambit|0 fnt
|-unboost|p1a: Gholdengo|spa|1
|faint|p2a: Kingambit
|-end|p2a: Kingambit|fallenundefined|[silent]
|
|upkeep
|
|t:|1769346653
|switch|p2a: Ceruledge|Ceruledge, M|100/100
|-damage|p2a: Ceruledge|88/100|[from] Spikes
|-damage|p2a: Ceruledge|63/100|[from] Stealth Rock
|turn|13
|
|t:|1769346657
|switch|p1a: Hatterene|Hatterene, F|43/100
|move|p2a: Ceruledge|Bitter Blade|p1a: Hatterene
|-damage|p1a: Hatterene|0 fnt
|-heal|p2a: Ceruledge|86/100|[from] drain|[of] p1a: Hatterene
|-damage|p2a: Ceruledge|70/100|[from] item: Rocky Helmet|[of] p1a: Hatterene
|faint|p1a: Hatterene
|
|upkeep
|
|t:|1769346659
|switch|p1a: Gholdengo|Gholdengo, tera:Steel|74/100
|turn|14
|
|t:|1769346664
|switch|p2a: Ting-Lu|Ting-Lu|100/100
|-damage|p2a: Ting-Lu|88/100|[from] Spikes
|-damage|p2a: Ting-Lu|82/100|[from] Stealth Rock
|-ability|p2a: Ting-Lu|Vessel of Ruin
|move|p1a: Gholdengo|Shadow Ball|p2a: Ting-Lu
|-resisted|p2a: Ting-Lu
|-damage|p2a: Ting-Lu|70/100
|
|upkeep
|turn|15
|
|t:|1769346669
|switch|p1a: Gliscor|Gliscor, F|32/100 tox
|move|p2a: Ting-Lu|Payback|p1a: Gliscor
|-damage|p1a: Gliscor|8/100 tox
|
|-heal|p1a: Gliscor|20/100 tox|[from] ability: Poison Heal
|upkeep
|turn|16
|
|t:|1769346673
|move|p1a: Gliscor|Protect|p1a: Gliscor
|-singleturn|p1a: Gliscor|Protect
|move|p2a: Ting-Lu|Payback|p1a: Gliscor
|-activate|p1a: Gliscor|move: Protect
|
|-heal|p1a: Gliscor|33/100 tox|[from] ability: Poison Heal
|upkeep
|turn|17
|
|t:|1769346675
|move|p1a: Gliscor|Swords Dance|p1a: Gliscor
|-boost|p1a: Gliscor|atk|2
|move|p2a: Ting-Lu|Payback|p1a: Gliscor
|-damage|p1a: Gliscor|0 fnt
|faint|p1a: Gliscor
|
|upkeep
|
|t:|1769346677
|switch|p1a: Sinistcha|Sinistcha|100/100
|turn|18
|
|t:|1769346680
|move|p1a: Sinistcha|Calm Mind|p1a: Sinistcha
|-boost|p1a: Sinistcha|spa|1
|-boost|p1a: Sinistcha|spd|1
|move|p2a: Ting-Lu|Payback|p1a: Sinistcha
|-supereffective|p1a: Sinistcha
|-damage|p1a: Sinistcha|0 fnt
|faint|p1a: Sinistcha
|
|upkeep
|
|t:|1769346685
|switch|p1a: Gholdengo|Gholdengo, tera:Steel|74/100
|turn|19
|
|t:|1769346690
|move|p1a: Gholdengo|Trick|p2a: Ting-Lu
|-activate|p1a: Gholdengo|move: Trick|[of] p2a: Ting-Lu
|-item|p2a: Ting-Lu|Choice Scarf|[from] move: Trick
|-item|p1a: Gholdengo|Choice Band|[from] move: Trick
|move|p2a: Ting-Lu|Payback|p1a: Gholdengo
|-crit|p1a: Gholdengo
|-damage|p1a: Gholdengo|0 fnt
|faint|p1a: Gholdengo
|
|win|hutoew
|raw|clumsy dad's rating: 1651 &rarr; <strong>1629</strong><br />(-22 for losing)
|raw|hutoew's rating: 1624 &rarr; <strong>1646</strong><br />(+22 for winning)
|l|‽clumsy dad
|player|p1|
|c|☆hutoew|well that's hit pretty hard
|c| Prwellz|Ting Lu!
|l| Prwellz
