|j|☆Avv2121
|j|☆Lordbulbus17
|t:|1769401373
|gametype|singles
|player|p1|Avv2121|dragontamer|1233
|player|p2|Lordbulbus17|1|1274
|gen|9
|tier|[Gen 9] OU
|rated|
|rule|HP Percentage Mod: HP is shown in percentages
|rule|Endless Battle Clause: Forcing endless battles is banned
|rule|Species Clause: Limit one of each Pokémon
|rule|OHKO Clause: OHKO moves are banned
|rule|Evasion Items Clause: Evasion items are banned
|rule|Evasion Moves Clause: Evasion moves are banned
|rule|Evasion Abilities Clause: Evasion abilities are banned
|rule|Sleep Moves Clause: Sleep-inducing moves are banned
|clearpoke
|poke|p1|Dragapult, F|
|poke|p1|Garganacl, M|
|poke|p1|Persian-Alola, F|
|poke|p1|Sinistcha-Masterpiece|
|poke|p1|Great Tusk|
|poke|p1|Primarina, F|
|poke|p2|Braviary-Hisui, M|
|poke|p2|Araquanid, F|
|poke|p2|Magnezone|
|poke|p2|Alomomola, M|
|poke|p2|Great Tusk|
|poke|p2|Landorus-Therian, M|
|teampreview
|inactive|Battle timer is ON: inactive players will automatically lose when time's up. (requested by Avv2121)
|inactive|Lordbulbus17 has 120 seconds left.
|l|☆Avv2121
|inactive|Avv2121 disconnected and has a minute to reconnect!
|player|p1|
|j|☆Avv2121
|inactive|Avv2121 reconnected.
|player|p1|Avv2121|dragontamer|
|
|t:|1769401432
|teamsize|p1|6
|teamsize|p2|6
|start
|switch|p1a: Persian|Persian-Alola, F|100/100
|switch|p2a: Araquanid|Araquanid, F|100/100
|turn|1
|
|t:|1769401438
|move|p1a: Persian|Knock Off|p2a: Araquanid
|-damage|p2a: Araquanid|75/100
|-enditem|p2a: Araquanid|Leftovers|[from] move: Knock Off|[of] p1a: Persian
|move|p2a: Araquanid|Leech Life|p1a: Persian
|-supereffective|p1a: Persian
|-damage|p1a: Persian|66/100
|-heal|p2a: Araquanid|92/100|[from] drain|[of] p1a: Persian
|
|upkeep
|turn|2
|
|t:|1769401446
|move|p1a: Persian|Parting Shot|p2a: Araquanid
|-unboost|p2a: Araquanid|atk|1
|-unboost|p2a: Araquanid|spa|1
|
|t:|1769401455
|switch|p1a: Garganacl|Garganacl, M|100/100|[from] Parting Shot
|move|p2a: Araquanid|Sticky Web|p1a: Garganacl
|-sidestart|p1: Avv2121|move: Sticky Web
|
|upkeep
|turn|3
|
|t:|1769401461
|move|p2a: Araquanid|Infestation|p1a: Garganacl
|-damage|p1a: Garganacl|98/100
|-activate|p1a: Garganacl|move: Infestation|[of] p2a: Araquanid
|move|p1a: Garganacl|Salt Cure|p2a: Araquanid
|-supereffective|p2a: Araquanid
|-damage|p2a: Araquanid|63/100
|-start|p2a: Araquanid|Salt Cure
|
|-heal|p1a: Garganacl|100/100|[from] item: Leftovers
|-damage|p2a: Araquanid|38/100|[from] Salt Cure
|-damage|p1a: Garganacl|88/100|[from] move: Infestation|[partiallytrapped]
|upkeep
|turn|4
|
|t:|1769401471
|move|p2a: Araquanid|Liquidation|p1a: Garganacl
|-supereffective|p1a: Garganacl
|-damage|p1a: Garganacl|58/100
|move|p1a: Garganacl|Curse|p1a: Garganacl
|-unboost|p1a: Garganacl|spe|1
|-boost|p1a: Garganacl|atk|1
|-boost|p1a: Garganacl|def|1
|
|-heal|p1a: Garganacl|64/100|[from] item: Leftovers
|-damage|p2a: Araquanid|13/100|[from] Salt Cure
|-damage|p1a: Garganacl|52/100|[from] move: Infestation|[partiallytrapped]
|upkeep
|turn|5
|
|t:|1769401483
|switch|p2a: Magnezone|Magnezone|100/100
|move|p1a: Garganacl|Recover|p1a: Garganacl
|-heal|p1a: Garganacl|100/100
|
|-end|p1a: Garganacl|Infestation|[partiallytrapped]|[silent]
|upkeep
|turn|6
|
|t:|1769401488
|move|p2a: Magnezone|Steel Beam|p1a: Garganacl
|-supereffective|p1a: Garganacl
|-damage|p1a: Garganacl|0 fnt
|-damage|p2a: Magnezone|50/100|[from] steelbeam
|faint|p1a: Garganacl
|
|upkeep
|
|t:|1769401493
|switch|p1a: Persian|Persian-Alola, F|66/100
|turn|7
|
|t:|1769401498
|switch|p2a: Alomomola|Alomomola, M|100/100
|move|p1a: Persian|Knock Off|p2a: Alomomola
|-damage|p2a: Alomomola|89/100
|-enditem|p2a: Alomomola|Leftovers|[from] move: Knock Off|[of] p1a: Persian
|
|upkeep
|turn|8
|
|t:|1769401504
|move|p1a: Persian|Thunder Wave|p2a: Alomomola
|-status|p2a: Alomomola|par
|move|p2a: Alomomola|Wish|p2a: Alomomola
|
|upkeep
|turn|9
|
|t:|1769401509
|move|p1a: Persian|Parting Shot|p2a: Alomomola
|-unboost|p2a: Alomomola|atk|1
|-unboost|p2a: Alomomola|spa|1
|
|t:|1769401513
|switch|p1a: Sinistcha|Sinistcha-Masterpiece|100/100|[from] Parting Shot
|cant|p2a: Alomomola|par
|
|-heal|p2a: Alomomola|100/100 par|[from] move: Wish|[wisher] Alomomola
|upkeep
|turn|10
|
|t:|1769401523
|move|p1a: Sinistcha|Calm Mind|p1a: Sinistcha
|-boost|p1a: Sinistcha|spa|1
|-boost|p1a: Sinistcha|spd|1
|move|p2a: Alomomola|Flip Turn|p1a: Sinistcha
|-resisted|p1a: Sinistcha
|-damage|p1a: Sinistcha|97/100
|
|t:|1769401532
|switch|p2a: Braviary|Braviary-Hisui, M|100/100|[from] Flip Turn
|
|upkeep
|turn|11
|
|t:|1769401542
|move|p2a: Braviary|Hurricane|p1a: Sinistcha
|-supereffective|p1a: Sinistcha
|-damage|p1a: Sinistcha|0 fnt
|faint|p1a: Sinistcha
|
|upkeep
|
|t:|1769401546
|switch|p1a: Dragapult|Dragapult, F|100/100
|turn|12
|
|t:|1769401551
|switch|p2a: Araquanid|Araquanid, F|13/100
|move|p1a: Dragapult|Thunder Wave|p2a: Araquanid|[miss]
|-miss|p1a: Dragapult|p2a: Araquanid
|
|upkeep
|turn|13
|
|t:|1769401558
|move|p1a: Dragapult|Hex|p2a: Araquanid
|-crit|p2a: Araquanid
|-damage|p2a: Araquanid|0 fnt
|faint|p2a: Araquanid
|
|upkeep
|
|t:|1769401565
|switch|p2a: Great Tusk|Great Tusk|100/100
|-enditem|p2a: Great Tusk|Booster Energy
|-activate|p2a: Great Tusk|ability: Protosynthesis|[fromitem]
|-start|p2a: Great Tusk|protosynthesisatk
|turn|14
|
|t:|1769401573
|move|p1a: Dragapult|Will-O-Wisp|p2a: Great Tusk
|-status|p2a: Great Tusk|brn
|move|p2a: Great Tusk|Ice Spinner|p1a: Dragapult
|-supereffective|p1a: Dragapult
|-damage|p1a: Dragapult|55/100
|
|-damage|p2a: Great Tusk|94/100 brn|[from] brn
|upkeep
|turn|15
|
|t:|1769401580
|move|p1a: Dragapult|Hex|p2a: Great Tusk
|-damage|p2a: Great Tusk|12/100 brn
|move|p2a: Great Tusk|Ice Spinner|p1a: Dragapult
|-supereffective|p1a: Dragapult
|-damage|p1a: Dragapult|6/100
|
|-damage|p2a: Great Tusk|6/100 brn|[from] brn
|upkeep
|turn|16
|
|t:|1769401587
|move|p1a: Dragapult|Hex|p2a: Great Tusk
|-damage|p2a: Great Tusk|0 fnt
|faint|p2a: Great Tusk
|-end|p2a: Great Tusk|Protosynthesis|[silent]
|
|upkeep
|
|t:|1769401605
|switch|p2a: Alomomola|Alomomola, M|100/100 par
|turn|17
|
|t:|1769401608
|move|p1a: Dragapult|Hex|p2a: Alomomola
|-damage|p2a: Alomomola|31/100 par
|move|p2a: Alomomola|Flip Turn|p1a: Dragapult
|-resisted|p1a: Dragapult
|-crit|p1a: Dragapult
|-damage|p1a: Dragapult|0 fnt
|faint|p1a: Dragapult
|
|t:|1769401618
|switch|p2a: Landorus|Landorus-Therian, M|100/100|[from] Flip Turn
|
|upkeep
|
|t:|1769401625
|switch|p1a: Primarina|Primarina, F|100/100
|-activate|p1a: Primarina|move: Sticky Web
|-unboost|p1a: Primarina|spe|1
|turn|18
|
|t:|1769401637
|-terastallize|p2a: Landorus|Flying
|move|p2a: Landorus|Swords Dance|p2a: Landorus
|-boost|p2a: Landorus|atk|2
|move|p1a: Primarina|Hyper Voice|p2a: Landorus
|-damage|p2a: Landorus|31/100
|
|upkeep
|turn|19
|
|t:|1769401645
|move|p2a: Landorus|Earthquake|p1a: Primarina
|-damage|p1a: Primarina|0 fnt
|faint|p1a: Primarina
|-damage|p2a: Landorus|21/100|[from] item: Life Orb
|
|upkeep
|
|t:|1769401649
|switch|p1a: Persian|Persian-Alola, F|66/100
|turn|20
|
|t:|1769401653
|switch|p2a: Alomomola|Alomomola, M|65/100 par
|move|p1a: Persian|Foul Play|p2a: Alomomola
|-damage|p2a: Alomomola|52/100 par
|
|upkeep
|turn|21
|
|t:|1769401659
|move|p1a: Persian|Parting Shot|p2a: Alomomola
|-unboost|p2a: Alomomola|atk|1
|-unboost|p2a: Alomomola|spa|1
|
|t:|1769401662
|switch|p1a: Great Tusk|Great Tusk|100/100|[from] Parting Shot
|-activate|p1a: Great Tusk|move: Sticky Web
|-unboost|p1a: Great Tusk|spe|1
|-enditem|p1a: Great Tusk|Booster Energy
|-activate|p1a: Great Tusk|ability: Protosynthesis|[fromitem]
|-start|p1a: Great Tusk|protosynthesisatk
|move|p2a: Alomomola|Flip Turn|p1a: Great Tusk
|-supereffective|p1a: Great Tusk
|-damage|p1a: Great Tusk|85/100
|
|t:|1769401672
|switch|p2a: Landorus|Landorus-Therian, M, tera:Flying|21/100|[from] Flip Turn
|-ability|p2a: Landorus|Intimidate|boost
|-unboost|p1a: Great Tusk|atk|1
|
|upkeep
|turn|22
|
|t:|1769401677
|-terastallize|p1a: Great Tusk|Steel
|move|p2a: Landorus|Tera Blast|p1a: Great Tusk|[anim] Tera Blast Flying
|-resisted|p1a: Great Tusk
|-damage|p1a: Great Tusk|55/100
|-damage|p2a: Landorus|11/100|[from] item: Life Orb
|move|p1a: Great Tusk|Rapid Spin|p2a: Landorus
|-damage|p2a: Landorus|0 fnt
|-boost|p1a: Great Tusk|spe|1
|-sideend|p1: Avv2121|Sticky Web|[from] move: Rapid Spin|[of] p1a: Great Tusk
|faint|p2a: Landorus
|
|upkeep
|
|t:|1769401690
|switch|p2a: Braviary|Braviary-Hisui, M|100/100
|turn|23
|
|t:|1769401694
|move|p2a: Braviary|Vacuum Wave|p1a: Great Tusk
|-supereffective|p1a: Great Tusk
|-damage|p1a: Great Tusk|4/100
|-damage|p2a: Braviary|91/100|[from] item: Life Orb
|move|p1a: Great Tusk|Ice Spinner|p2a: Braviary
|-supereffective|p2a: Braviary
|-damage|p2a: Braviary|34/100
|
|upkeep
|turn|24
|
|t:|1769401701
|-end|p1a: Great Tusk|Protosynthesis|[silent]
|switch|p1a: Persian|Persian-Alola, F|66/100
|move|p2a: Braviary|Vacuum Wave|p1a: Persian
|-supereffective|p1a: Persian
|-damage|p1a: Persian|17/100
|-damage|p2a: Braviary|24/100|[from] item: Life Orb
|
|upkeep
|turn|25
|
|t:|1769401708
|move|p2a: Braviary|Vacuum Wave|p1a: Persian
|-supereffective|p1a: Persian
|-damage|p1a: Persian|0 fnt
|faint|p1a: Persian
|-damage|p2a: Braviary|14/100|[from] item: Life Orb
|
|upkeep
|l|☆Avv2121
|inactive|Avv2121 disconnected and has a minute to reconnect!
|player|p1|
|inactive|Avv2121 has 30 seconds to reconnect!
|inactive|Avv2121 has 20 seconds to reconnect!
|inactive|Avv2121 has 15 seconds to reconnect!
|inactive|Avv2121 has 10 seconds to reconnect!
|inactive|Avv2121 has 5 seconds to reconnect!
|-message|Avv2121 lost due to inactivity.
|
|win|Lordbulbus17
|raw|Avv2121's rating: 1233 &rarr; <strong>1211</strong><br />(-22 for losing)
|raw|Lordbulbus17's rating: 1274 &rarr; <strong>1296</strong><br />(+22 for winning)
|l|☆Lordbulbus17
|player|p2|
