|j|☆On the wave now
|j|☆girlthing
|t:|1769439229
|gametype|singles
|player|p1|On the wave now|depotagent|1547
|player|p2|girlthing|scientistf|1594
|gen|9
|tier|[Gen 9] OU
|rated|
|rule|HP Percentage Mod: HP is shown in percentages
|rule|Endless Battle Clause: Forcing endless battles is banned
|rule|Species Clause: Limit one of each Pokémon
|rule|OHKO Clause: OHKO moves are banned
|rule|Evasion Items Clause: Evasion items are banned
|rule|Evasion Moves Clause: Evasion moves are banned
|rule|Evasion Abilities Clause: Evasion abilities are banned
|rule|Sleep Moves Clause: Sleep-inducing moves are banned
|clearpoke
|poke|p1|Regigigas|
|poke|p1|Ting-Lu|
|poke|p1|Great Tusk|
|poke|p1|Zamazenta-*|
|poke|p1|Pecharunt|
|poke|p1|Alomomola, M|
|poke|p2|Tyranitar, M|
|poke|p2|Ogerpon-Cornerstone, F|
|poke|p2|Tornadus-Therian, M|
|poke|p2|Sinistcha|
|poke|p2|Excadrill, M|
|poke|p2|Alomomola, F|
|teampreview
|
|t:|1769439246
|teamsize|p1|6
|teamsize|p2|6
|start
|switch|p1a: Regigigas|Regigigas|100/100
|switch|p2a: Tyranitar|Tyranitar, M|100/100
|-start|p1a: Regigigas|ability: Slow Start
|-weather|Sandstorm|[from] ability: Sand Stream|[of] p2a: Tyranitar
|turn|1
|
|t:|1769439261
|move|p2a: Tyranitar|Stealth Rock|p1a: Regigigas
|-sidestart|p1: On the wave now|move: Stealth Rock
|move|p1a: Regigigas|Knock Off|p2a: Tyranitar
|-resisted|p2a: Tyranitar
|-damage|p2a: Tyranitar|94/100
|-enditem|p2a: Tyranitar|Smooth Rock|[from] move: Knock Off|[of] p1a: Regigigas
|
|-weather|Sandstorm|[upkeep]
|-damage|p1a: Regigigas|94/100|[from] Sandstorm
|-heal|p1a: Regigigas|100/100|[from] item: Leftovers
|upkeep
|turn|2
|
|t:|1769439265
|switch|p1a: Great Tusk|Great Tusk|100/100
|move|p2a: Tyranitar|Stone Edge|p1a: Great Tusk
|-resisted|p1a: Great Tusk
|-damage|p1a: Great Tusk|92/100
|
|-weather|Sandstorm|[upkeep]
|upkeep
|turn|3
|j| poop342424
|
|t:|1769439268
|switch|p2a: Sinistcha|Sinistcha|100/100
|move|p1a: Great Tusk|Stealth Rock|p2a: Sinistcha
|-sidestart|p2: girlthing|move: Stealth Rock
|
|-weather|Sandstorm|[upkeep]
|-damage|p2a: Sinistcha|94/100|[from] Sandstorm
|upkeep
|turn|4
|
|t:|1769439276
|-end|p1a: Great Tusk|Protosynthesis|[silent]
|switch|p1a: Regigigas|Regigigas|100/100
|-damage|p1a: Regigigas|88/100|[from] Stealth Rock
|-start|p1a: Regigigas|ability: Slow Start
|move|p2a: Sinistcha|Shadow Ball|p1a: Regigigas
|-immune|p1a: Regigigas
|
|-weather|Sandstorm|[upkeep]
|-damage|p2a: Sinistcha|88/100|[from] Sandstorm
|-damage|p1a: Regigigas|82/100|[from] Sandstorm
|-heal|p1a: Regigigas|88/100|[from] item: Leftovers
|upkeep
|turn|5
|j| graniteadminja0609
|
|t:|1769439284
|switch|p2a: Tyranitar|Tyranitar, M|94/100
|-damage|p2a: Tyranitar|81/100|[from] Stealth Rock
|move|p1a: Regigigas|Knock Off|p2a: Tyranitar
|-resisted|p2a: Tyranitar
|-damage|p2a: Tyranitar|77/100
|
|-weather|Sandstorm|[upkeep]
|-damage|p1a: Regigigas|82/100|[from] Sandstorm
|-heal|p1a: Regigigas|88/100|[from] item: Leftovers
|upkeep
|turn|6
|
|t:|1769439292
|move|p2a: Tyranitar|Ice Beam|p1a: Regigigas
|-damage|p1a: Regigigas|75/100
|move|p1a: Regigigas|Body Slam|p2a: Tyranitar
|-resisted|p2a: Tyranitar
|-damage|p2a: Tyranitar|66/100
|
|-weather|Sandstorm|[upkeep]
|-damage|p1a: Regigigas|69/100|[from] Sandstorm
|-heal|p1a: Regigigas|75/100|[from] item: Leftovers
|upkeep
|turn|7
|
|t:|1769439300
|switch|p1a: Great Tusk|Great Tusk|92/100
|move|p2a: Tyranitar|Stone Edge|p1a: Great Tusk
|-resisted|p1a: Great Tusk
|-damage|p1a: Great Tusk|84/100
|
|-weather|Sandstorm|[upkeep]
|upkeep
|turn|8
|
|t:|1769439306
|-end|p1a: Great Tusk|Protosynthesis|[silent]
|switch|p1a: Pecharunt|Pecharunt|100/100
|-damage|p1a: Pecharunt|88/100|[from] Stealth Rock
|switch|p2a: Sinistcha|Sinistcha|88/100
|
|-weather|none
|upkeep
|turn|9
|
|t:|1769439313
|switch|p2a: Tyranitar|Tyranitar, M|66/100
|-damage|p2a: Tyranitar|54/100|[from] Stealth Rock
|-weather|Sandstorm|[from] ability: Sand Stream|[of] p2a: Tyranitar
|move|p1a: Pecharunt|Malignant Chain|p2a: Tyranitar
|-resisted|p2a: Tyranitar
|-damage|p2a: Tyranitar|47/100
|
|-weather|Sandstorm|[upkeep]
|-damage|p1a: Pecharunt|82/100|[from] Sandstorm
|upkeep
|turn|10
|
|t:|1769439320
|move|p1a: Pecharunt|Parting Shot|p2a: Tyranitar
|-unboost|p2a: Tyranitar|atk|1
|-unboost|p2a: Tyranitar|spa|1
|
|t:|1769439326
|switch|p1a: Alomomola|Alomomola, M|100/100|[from] Parting Shot
|move|p2a: Tyranitar|Thunder Wave|p1a: Alomomola
|-status|p1a: Alomomola|par
|
|-weather|Sandstorm|[upkeep]
|-damage|p1a: Alomomola|94/100 par|[from] Sandstorm
|upkeep
|turn|11
|
|t:|1769439348
|switch|p2a: Sinistcha|Sinistcha|88/100
|move|p1a: Alomomola|Flip Turn|p2a: Sinistcha
|-resisted|p2a: Sinistcha
|-damage|p2a: Sinistcha|83/100
|
|t:|1769439365
|switch|p1a: Ting-Lu|Ting-Lu|100/100|[from] Flip Turn
|-damage|p1a: Ting-Lu|94/100|[from] Stealth Rock
|-ability|p1a: Ting-Lu|Vessel of Ruin
|
|-weather|Sandstorm|[upkeep]
|-damage|p2a: Sinistcha|77/100|[from] Sandstorm
|-heal|p1a: Ting-Lu|100/100|[from] item: Leftovers
|upkeep
|turn|12
|
|t:|1769439384
|move|p2a: Sinistcha|Matcha Gotcha|p1a: Ting-Lu
|-supereffective|p1a: Ting-Lu
|-damage|p1a: Ting-Lu|75/100
|-heal|p2a: Sinistcha|96/100|[from] drain|[of] p1a: Ting-Lu
|move|p1a: Ting-Lu|Spikes|p2a: Sinistcha
|-sidestart|p2: girlthing|Spikes
|
|-weather|Sandstorm|[upkeep]
|-damage|p2a: Sinistcha|90/100|[from] Sandstorm
|-heal|p1a: Ting-Lu|81/100|[from] item: Leftovers
|upkeep
|turn|13
|
|t:|1769439402
|switch|p1a: Pecharunt|Pecharunt|82/100
|-damage|p1a: Pecharunt|70/100|[from] Stealth Rock
|move|p2a: Sinistcha|Matcha Gotcha|p1a: Pecharunt
|-resisted|p1a: Pecharunt
|-damage|p1a: Pecharunt|55/100
|-heal|p2a: Sinistcha|98/100|[from] drain|[of] p1a: Pecharunt
|
|-weather|none
|upkeep
|turn|14
|
|t:|1769439427
|switch|p2a: Tyranitar|Tyranitar, M|47/100
|-damage|p2a: Tyranitar|34/100|[from] Stealth Rock
|-damage|p2a: Tyranitar|22/100|[from] Spikes
|-weather|Sandstorm|[from] ability: Sand Stream|[of] p2a: Tyranitar
|move|p1a: Pecharunt|Parting Shot|p2a: Tyranitar
|-unboost|p2a: Tyranitar|atk|1
|-unboost|p2a: Tyranitar|spa|1
|
|t:|1769439432
|switch|p1a: Great Tusk|Great Tusk|84/100|[from] Parting Shot
|
|-weather|Sandstorm|[upkeep]
|upkeep
|turn|15
|
|t:|1769439440
|move|p1a: Great Tusk|Ice Spinner|p2a: Tyranitar
|-damage|p2a: Tyranitar|0 fnt
|faint|p2a: Tyranitar
|
|-weather|Sandstorm|[upkeep]
|upkeep
|
|t:|1769439449
|switch|p2a: Sinistcha|Sinistcha|98/100
|turn|16
|
|t:|1769439457
|-end|p1a: Great Tusk|Protosynthesis|[silent]
|switch|p1a: Regigigas|Regigigas|75/100
|-damage|p1a: Regigigas|63/100|[from] Stealth Rock
|-start|p1a: Regigigas|ability: Slow Start
|switch|p2a: Excadrill|Excadrill, M|100/100
|-damage|p2a: Excadrill|97/100|[from] Stealth Rock
|-item|p2a: Excadrill|Air Balloon
|
|-weather|Sandstorm|[upkeep]
|-damage|p1a: Regigigas|57/100|[from] Sandstorm
|-heal|p1a: Regigigas|63/100|[from] item: Leftovers
|upkeep
|turn|17
|
|t:|1769439468
|move|p2a: Excadrill|Swords Dance|p2a: Excadrill
|-boost|p2a: Excadrill|atk|2
|move|p1a: Regigigas|Knock Off|p2a: Excadrill
|-damage|p2a: Excadrill|73/100
|-enditem|p2a: Excadrill|Air Balloon
|
|-weather|Sandstorm|[upkeep]
|-damage|p1a: Regigigas|57/100|[from] Sandstorm
|-heal|p1a: Regigigas|63/100|[from] item: Leftovers
|upkeep
|turn|18
|
|t:|1769439471
|switch|p1a: Pecharunt|Pecharunt|55/100
|-damage|p1a: Pecharunt|42/100|[from] Stealth Rock
|move|p2a: Excadrill|Rapid Spin|p1a: Pecharunt
|-immune|p1a: Pecharunt
|
|-weather|none
|upkeep
|turn|19
|
|t:|1769439488
|move|p2a: Excadrill|Rapid Spin|p1a: Pecharunt
|-immune|p1a: Pecharunt
|move|p1a: Pecharunt|Parting Shot|p2a: Excadrill
|-unboost|p2a: Excadrill|atk|1
|-unboost|p2a: Excadrill|spa|1
|
|t:|1769439506
|switch|p1a: Great Tusk|Great Tusk|84/100|[from] Parting Shot
|
|upkeep
|turn|20
|
|t:|1769439520
|move|p1a: Great Tusk|Headlong Rush|p2a: Excadrill
|-supereffective|p2a: Excadrill
|-damage|p2a: Excadrill|0 fnt
|-unboost|p1a: Great Tusk|def|1
|-unboost|p1a: Great Tusk|spd|1
|faint|p2a: Excadrill
|
|upkeep
|
|t:|1769439524
|switch|p2a: Tornadus|Tornadus-Therian, M|100/100
|turn|21
|
|t:|1769439532
|-end|p1a: Great Tusk|Protosynthesis|[silent]
|switch|p1a: Alomomola|Alomomola, M|100/100 par
|move|p2a: Tornadus|Bleakwind Storm|p1a: Alomomola
|-damage|p1a: Alomomola|67/100 par
|
|upkeep
|turn|22
|
|t:|1769439537
|move|p2a: Tornadus|Knock Off|p1a: Alomomola
|-damage|p1a: Alomomola|56/100 par
|-enditem|p1a: Alomomola|Heavy-Duty Boots|[from] move: Knock Off|[of] p2a: Tornadus
|cant|p1a: Alomomola|par
|
|upkeep
|turn|23
|
|t:|1769439556
|move|p2a: Tornadus|Bleakwind Storm|p1a: Alomomola
|-damage|p1a: Alomomola|23/100 par
|move|p1a: Alomomola|Flip Turn|p2a: Tornadus
|-damage|p2a: Tornadus|81/100
|
|t:|1769439559
|switch|p1a: Regigigas|Regigigas|63/100|[from] Flip Turn
|-damage|p1a: Regigigas|50/100|[from] Stealth Rock
|-start|p1a: Regigigas|ability: Slow Start
|
|-heal|p1a: Regigigas|57/100|[from] item: Leftovers
|upkeep
|turn|24
|
|t:|1769439568
|move|p2a: Tornadus|U-turn|p1a: Regigigas
|-damage|p1a: Regigigas|45/100
|
|t:|1769439571
|switch|p2a: Ogerpon|Ogerpon-Cornerstone, F|100/100|[from] U-turn
|-damage|p2a: Ogerpon|88/100|[from] Stealth Rock
|-damage|p2a: Ogerpon|76/100|[from] Spikes
|move|p1a: Regigigas|Rest|p1a: Regigigas
|-status|p1a: Regigigas|slp|[from] move: Rest
|-heal|p1a: Regigigas|100/100 slp|[silent]
|
|upkeep
|turn|25
|
|t:|1769439580
|switch|p1a: Zamazenta|Zamazenta|100/100
|-damage|p1a: Zamazenta|94/100|[from] Stealth Rock
|-ability|p1a: Zamazenta|Dauntless Shield|boost
|-boost|p1a: Zamazenta|def|1
|move|p2a: Ogerpon|Swords Dance|p2a: Ogerpon
|-boost|p2a: Ogerpon|atk|2
|
|upkeep
|turn|26
|
|t:|1769439587
|switch|p2a: Sinistcha|Sinistcha|98/100
|move|p1a: Zamazenta|Close Combat|p2a: Sinistcha
|-immune|p2a: Sinistcha
|
|upkeep
|turn|27
|
|t:|1769439597
|switch|p1a: Regigigas|Regigigas|100/100 slp
|-damage|p1a: Regigigas|88/100 slp|[from] Stealth Rock
|-start|p1a: Regigigas|ability: Slow Start
|move|p2a: Sinistcha|Shadow Ball|p1a: Regigigas
|-immune|p1a: Regigigas
|
|-heal|p1a: Regigigas|94/100 slp|[from] item: Leftovers
|upkeep
|turn|28
|
|t:|1769439628
|move|p2a: Sinistcha|Calm Mind|p2a: Sinistcha
|-boost|p2a: Sinistcha|spa|1
|-boost|p2a: Sinistcha|spd|1
|cant|p1a: Regigigas|slp
|move|p1a: Regigigas|Sleep Talk|p1a: Regigigas
|move|p1a: Regigigas|Rest||[from] move: Sleep Talk|[still]
|-fail|p1a: Regigigas
|
|-heal|p1a: Regigigas|99/100 slp|[from] item: Leftovers
|upkeep
|turn|29
|
|t:|1769439640
|move|p2a: Sinistcha|Calm Mind|p2a: Sinistcha
|-boost|p2a: Sinistcha|spa|1
|-boost|p2a: Sinistcha|spd|1
|cant|p1a: Regigigas|slp
|move|p1a: Regigigas|Sleep Talk|p1a: Regigigas
|move|p1a: Regigigas|Rest||[from] move: Sleep Talk|[still]
|-fail|p1a: Regigigas
|
|-heal|p1a: Regigigas|100/100 slp|[from] item: Leftovers
|upkeep
|turn|30
|
|t:|1769439651
|move|p2a: Sinistcha|Calm Mind|p2a: Sinistcha
|-boost|p2a: Sinistcha|spa|1
|-boost|p2a: Sinistcha|spd|1
|-curestatus|p1a: Regigigas|slp|[msg]
|move|p1a: Regigigas|Knock Off|p2a: Sinistcha
|-supereffective|p2a: Sinistcha
|-damage|p2a: Sinistcha|74/100
|-enditem|p2a: Sinistcha|Heavy-Duty Boots|[from] move: Knock Off|[of] p1a: Regigigas
|
|upkeep
|turn|31
|
|t:|1769439662
|switch|p1a: Pecharunt|Pecharunt|42/100
|-damage|p1a: Pecharunt|30/100|[from] Stealth Rock
|move|p2a: Sinistcha|Matcha Gotcha|p1a: Pecharunt
|-resisted|p1a: Pecharunt
|-damage|p1a: Pecharunt|0 fnt
|-heal|p2a: Sinistcha|90/100|[from] drain|[of] p1a: Pecharunt
|faint|p1a: Pecharunt
|
|upkeep
|
|t:|1769439666
|switch|p1a: Ting-Lu|Ting-Lu|81/100
|-damage|p1a: Ting-Lu|75/100|[from] Stealth Rock
|-ability|p1a: Ting-Lu|Vessel of Ruin
|turn|32
|
|t:|1769439677
|move|p2a: Sinistcha|Matcha Gotcha|p1a: Ting-Lu
|-supereffective|p1a: Ting-Lu
|-damage|p1a: Ting-Lu|11/100
|-heal|p2a: Sinistcha|100/100|[from] drain|[of] p1a: Ting-Lu
|move|p1a: Ting-Lu|Whirlwind|p2a: Sinistcha
|drag|p2a: Tornadus|Tornadus-Therian, M|100/100
|
|-heal|p1a: Ting-Lu|18/100|[from] item: Leftovers
|upkeep
|turn|33
|
|t:|1769439686
|switch|p1a: Regigigas|Regigigas|100/100
|-damage|p1a: Regigigas|88/100|[from] Stealth Rock
|-start|p1a: Regigigas|ability: Slow Start
|move|p2a: Tornadus|U-turn|p1a: Regigigas
|-damage|p1a: Regigigas|77/100
|
|t:|1769439692
|switch|p2a: Ogerpon|Ogerpon-Cornerstone, F|76/100|[from] U-turn
|-damage|p2a: Ogerpon|64/100|[from] Stealth Rock
|-damage|p2a: Ogerpon|51/100|[from] Spikes
|
|-heal|p1a: Regigigas|83/100|[from] item: Leftovers
|upkeep
|turn|34
|
|t:|1769439697
|switch|p1a: Ting-Lu|Ting-Lu|18/100
|-damage|p1a: Ting-Lu|11/100|[from] Stealth Rock
|-ability|p1a: Ting-Lu|Vessel of Ruin
|move|p2a: Ogerpon|Horn Leech|p1a: Ting-Lu
|-supereffective|p1a: Ting-Lu
|-damage|p1a: Ting-Lu|0 fnt
|-heal|p2a: Ogerpon|61/100|[from] drain|[of] p1a: Ting-Lu
|faint|p1a: Ting-Lu
|
|upkeep
|
|t:|1769439699
|switch|p1a: Zamazenta|Zamazenta|94/100
|-damage|p1a: Zamazenta|88/100|[from] Stealth Rock
|turn|35
|
|t:|1769439717
|switch|p2a: Alomomola|Alomomola, F|100/100
|move|p1a: Zamazenta|Crunch|p2a: Alomomola
|-damage|p2a: Alomomola|79/100
|
|upkeep
|turn|36
|
|t:|1769439724
|switch|p1a: Regigigas|Regigigas|83/100
|-damage|p1a: Regigigas|70/100|[from] Stealth Rock
|-start|p1a: Regigigas|ability: Slow Start
|move|p2a: Alomomola|Tickle|p1a: Regigigas
|-unboost|p1a: Regigigas|atk|1
|-unboost|p1a: Regigigas|def|1
|
|-heal|p1a: Regigigas|76/100|[from] item: Leftovers
|upkeep
|turn|37
|
|t:|1769439729
|move|p2a: Alomomola|Flip Turn|p1a: Regigigas
|-damage|p1a: Regigigas|57/100
|
|t:|1769439733
|switch|p2a: Sinistcha|Sinistcha|100/100|[from] Flip Turn
|-damage|p2a: Sinistcha|88/100|[from] Stealth Rock
|-damage|p2a: Sinistcha|76/100|[from] Spikes
|move|p1a: Regigigas|Body Slam|p2a: Sinistcha
|-immune|p2a: Sinistcha
|
|-heal|p1a: Regigigas|63/100|[from] item: Leftovers
|upkeep
|turn|38
|
|t:|1769439742
|switch|p1a: Zamazenta|Zamazenta|88/100
|-damage|p1a: Zamazenta|82/100|[from] Stealth Rock
|move|p2a: Sinistcha|Matcha Gotcha|p1a: Zamazenta
|-damage|p1a: Zamazenta|51/100
|-heal|p2a: Sinistcha|90/100|[from] drain|[of] p1a: Zamazenta
|
|upkeep
|turn|39
|
|t:|1769439751
|move|p1a: Zamazenta|Crunch|p2a: Sinistcha
|-supereffective|p2a: Sinistcha
|-damage|p2a: Sinistcha|37/100
|-unboost|p2a: Sinistcha|def|1
|move|p2a: Sinistcha|Strength Sap|p1a: Zamazenta
|-unboost|p1a: Zamazenta|atk|1
|-heal|p2a: Sinistcha|100/100
|
|upkeep
|turn|40
|
|t:|1769439764
|switch|p1a: Great Tusk|Great Tusk|84/100
|move|p2a: Sinistcha|Matcha Gotcha|p1a: Great Tusk
|-supereffective|p1a: Great Tusk
|-damage|p1a: Great Tusk|0 fnt
|faint|p1a: Great Tusk
|-end|p1a: Great Tusk|Protosynthesis|[silent]
|
|upkeep
|-message|On the wave now forfeited.
|
|win|girlthing
|raw|On the wave now's rating: 1547 &rarr; <strong>1530</strong><br />(-17 for losing)
|raw|girlthing's rating: 1594 &rarr; <strong>1611</strong><br />(+17 for winning)
|l|☆On the wave now
|player|p1|
|l| graniteadminja0609
