|j|☆Ronaldo_fan09122
|j|☆coolpokemontest
|t:|1769442186
|gametype|singles
|player|p1|Ronaldo_fan09122|102|1078
|player|p2|coolpokemontest|cameraman|1107
|gen|9
|tier|[Gen 9] OU
|rated|
|rule|HP Percentage Mod: HP is shown in percentages
|rule|Endless Battle Clause: Forcing endless battles is banned
|rule|Species Clause: Limit one of each Pokémon
|rule|OHKO Clause: OHKO moves are banned
|rule|Evasion Items Clause: Evasion items are banned
|rule|Evasion Moves Clause: Evasion moves are banned
|rule|Evasion Abilities Clause: Evasion abilities are banned
|rule|Sleep Moves Clause: Sleep-inducing moves are banned
|clearpoke
|poke|p1|Ninetales-Alola, F|
|poke|p1|Ceruledge, F|
|poke|p1|Iron Treads|
|poke|p1|Raging Bolt|
|poke|p1|Quaquaval, M|
|poke|p1|Falinks|
|poke|p2|Galvantula, F|
|poke|p2|Dodrio, F|
|poke|p2|Arcanine-Hisui, F|
|poke|p2|Haxorus, M|
|poke|p2|Shiftry, F|
|poke|p2|Tentacruel, F|
|teampreview
|inactive|Battle timer is ON: inactive players will automatically lose when time's up. (requested by coolpokemontest)
|
|t:|1769442194
|teamsize|p1|6
|teamsize|p2|6
|start
|switch|p1a: Ninetales|Ninetales-Alola, F|100/100
|switch|p2a: Arcanine|Arcanine-Hisui, F, shiny|100/100
|-weather|Snowscape|[from] ability: Snow Warning|[of] p1a: Ninetales
|turn|1
|
|t:|1769442205
|switch|p1a: Quaquaval|Quaquaval, M|100/100
|move|p2a: Arcanine|Head Smash|p1a: Quaquaval
|-resisted|p1a: Quaquaval
|-damage|p1a: Quaquaval|37/100
|-damage|p2a: Arcanine|91/100|[from] item: Life Orb
|
|-weather|Snowscape|[upkeep]
|upkeep
|turn|2
|
|t:|1769442218
|move|p2a: Arcanine|Extreme Speed|p1a: Quaquaval
|-damage|p1a: Quaquaval|0 fnt
|faint|p1a: Quaquaval
|-damage|p2a: Arcanine|81/100|[from] item: Life Orb
|
|-weather|Snowscape|[upkeep]
|upkeep
|
|t:|1769442231
|switch|p1a: Ceruledge|Ceruledge, F|100/100
|turn|3
|
|t:|1769442235
|move|p2a: Arcanine|Head Smash|p1a: Ceruledge
|-supereffective|p1a: Ceruledge
|-enditem|p1a: Ceruledge|Focus Sash
|-damage|p1a: Ceruledge|1/100
|-ability|p1a: Ceruledge|Weak Armor|boost
|-unboost|p1a: Ceruledge|def|1
|-boost|p1a: Ceruledge|spe|2
|-damage|p2a: Arcanine|71/100|[from] item: Life Orb
|move|p1a: Ceruledge|Swords Dance|p1a: Ceruledge
|-boost|p1a: Ceruledge|atk|2
|
|-weather|Snowscape|[upkeep]
|upkeep
|turn|4
|
|t:|1769442254
|move|p1a: Ceruledge|Poltergeist|p2a: Arcanine
|-activate|p2a: Arcanine|move: Poltergeist|Life Orb
|-damage|p2a: Arcanine|0 fnt
|faint|p2a: Arcanine
|
|-weather|Snowscape|[upkeep]
|upkeep
|
|t:|1769442263
|switch|p2a: Shiftry|Shiftry, F|100/100
|turn|5
|
|t:|1769442268
|move|p2a: Shiftry|Sucker Punch|p1a: Ceruledge
|-supereffective|p1a: Ceruledge
|-damage|p1a: Ceruledge|0 fnt
|faint|p1a: Ceruledge
|
|-weather|none
|upkeep
|
|t:|1769442275
|switch|p1a: Falinks|Falinks|100/100
|turn|6
|
|t:|1769442292
|switch|p2a: Galvantula|Galvantula, F, shiny|100/100
|-terastallize|p1a: Falinks|Fighting
|move|p1a: Falinks|No Retreat|p1a: Falinks
|-boost|p1a: Falinks|atk|1
|-boost|p1a: Falinks|def|1
|-boost|p1a: Falinks|spa|1
|-boost|p1a: Falinks|spd|1
|-boost|p1a: Falinks|spe|1
|-start|p1a: Falinks|move: No Retreat
|
|upkeep
|turn|7
|
|t:|1769442303
|move|p1a: Falinks|Rock Slide|p2a: Galvantula
|-supereffective|p2a: Galvantula
|-damage|p2a: Galvantula|0 fnt
|faint|p2a: Galvantula
|
|upkeep
|
|t:|1769442310
|switch|p2a: Tentacruel|Tentacruel, F, shiny|100/100
|turn|8
|
|t:|1769442317
|move|p1a: Falinks|Close Combat|p2a: Tentacruel
|-resisted|p2a: Tentacruel
|-damage|p2a: Tentacruel|21/100
|-unboost|p1a: Falinks|def|1
|-unboost|p1a: Falinks|spd|1
|move|p2a: Tentacruel|Surf|p1a: Falinks
|-damage|p1a: Falinks|30/100
|
|-heal|p1a: Falinks|36/100|[from] item: Leftovers
|upkeep
|turn|9
|
|t:|1769442330
|move|p1a: Falinks|Knock Off|p2a: Tentacruel
|-damage|p2a: Tentacruel|0 fnt
|-enditem|p2a: Tentacruel|Assault Vest|[from] move: Knock Off|[of] p1a: Falinks
|faint|p2a: Tentacruel
|
|-heal|p1a: Falinks|42/100|[from] item: Leftovers
|upkeep
|
|t:|1769442353
|switch|p2a: Shiftry|Shiftry, F|100/100
|turn|10
|
|t:|1769442366
|move|p1a: Falinks|Close Combat|p2a: Shiftry
|-supereffective|p2a: Shiftry
|-damage|p2a: Shiftry|0 fnt
|-unboost|p1a: Falinks|def|1
|-unboost|p1a: Falinks|spd|1
|faint|p2a: Shiftry
|
|-heal|p1a: Falinks|48/100|[from] item: Leftovers
|upkeep
|
|t:|1769442377
|switch|p2a: Dodrio|Dodrio, F, shiny|100/100
|turn|11
|
|t:|1769442383
|move|p1a: Falinks|Rock Slide|p2a: Dodrio
|-supereffective|p2a: Dodrio
|-damage|p2a: Dodrio|0 fnt
|faint|p2a: Dodrio
|
|-heal|p1a: Falinks|54/100|[from] item: Leftovers
|upkeep
|
|t:|1769442390
|switch|p2a: Haxorus|Haxorus, M, shiny|100/100
|-ability|p2a: Haxorus|Mold Breaker
|turn|12
|
|t:|1769442399
|move|p1a: Falinks|Close Combat|p2a: Haxorus
|-damage|p2a: Haxorus|0 fnt
|-unboost|p1a: Falinks|def|1
|-unboost|p1a: Falinks|spd|1
|faint|p2a: Haxorus
|
|win|Ronaldo_fan09122
|raw|Ronaldo_fan09122's rating: 1078 &rarr; <strong>1109</strong><br />(+31 for winning)
|raw|coolpokemontest's rating: 1107 &rarr; <strong>1080</strong><br />(-27 for losing)
|l|☆coolpokemontest
|player|p2|
|l|☆Ronaldo_fan09122
|player|p1|
|j|☆coolpokemontest
|player|p2|coolpokemontest|cameraman|
|l|☆coolpokemontest
|player|p2|
