|j|☆kuraiyagare
|j|☆Leriskato
|t:|1769362676
|gametype|singles
|player|p1|kuraiyagare|mars|1298
|player|p2|Leriskato|hoopster|1308
|gen|9
|tier|[Gen 9] OU
|rated|
|rule|HP Percentage Mod: HP is shown in percentages
|rule|Endless Battle Clause: Forcing endless battles is banned
|rule|Species Clause: Limit one of each Pokémon
|rule|OHKO Clause: OHKO moves are banned
|rule|Evasion Items Clause: Evasion items are banned
|rule|Evasion Moves Clause: Evasion moves are banned
|rule|Evasion Abilities Clause: Evasion abilities are banned
|rule|Sleep Moves Clause: Sleep-inducing moves are banned
|clearpoke
|poke|p1|Bastiodon, F|
|poke|p1|Gardevoir, F|
|poke|p1|Talonflame, M|
|poke|p1|Drifblim, M|
|poke|p1|Gyarados, M|
|poke|p1|Houndoom, M|
|poke|p2|Minior|
|poke|p2|Gholdengo|
|poke|p2|Maushold|
|poke|p2|Ninetales-Alola, F|
|poke|p2|Kyurem|
|poke|p2|Glimmora, F|
|teampreview
|
|t:|1769362734
|teamsize|p1|6
|teamsize|p2|6
|start
|switch|p1a: motto sukunai|Houndoom, M|100/100
|switch|p2a: Ninetales|Ninetales-Alola, F|100/100
|-weather|Snowscape|[from] ability: Snow Warning|[of] p2a: Ninetales
|turn|1
|inactive|Battle timer is ON: inactive players will automatically lose when time's up. (requested by kuraiyagare)
|
|t:|1769362739
|move|p1a: motto sukunai|Flame Charge|p2a: Ninetales
|-supereffective|p2a: Ninetales
|-damage|p2a: Ninetales|73/100
|-boost|p1a: motto sukunai|spe|1
|move|p2a: Ninetales|Aurora Veil|p2a: Ninetales
|-sidestart|p2: Leriskato|move: Aurora Veil
|
|-weather|Snowscape|[upkeep]
|upkeep
|turn|2
|
|t:|1769362745
|switch|p2a: Minior|Minior|100/100
|-formechange|p2a: Minior|Minior-Meteor||[from] ability: Shields Down
|move|p1a: motto sukunai|Flame Charge|p2a: Minior
|-resisted|p2a: Minior
|-crit|p2a: Minior
|-damage|p2a: Minior|85/100
|-boost|p1a: motto sukunai|spe|1
|
|-weather|Snowscape|[upkeep]
|upkeep
|turn|3
|
|t:|1769362753
|move|p1a: motto sukunai|Flame Charge|p2a: Minior
|-resisted|p2a: Minior
|-damage|p2a: Minior|80/100
|-boost|p1a: motto sukunai|spe|1
|move|p2a: Minior|Shell Smash|p2a: Minior
|-unboost|p2a: Minior|def|1
|-unboost|p2a: Minior|spd|1
|-boost|p2a: Minior|atk|2
|-boost|p2a: Minior|spa|2
|-boost|p2a: Minior|spe|2
|-enditem|p2a: Minior|White Herb
|-clearnegativeboost|p2a: Minior|[silent]
|
|-weather|Snowscape|[upkeep]
|upkeep
|turn|4
|
|t:|1769362758
|move|p2a: Minior|Shell Smash|p2a: Minior
|-unboost|p2a: Minior|def|1
|-unboost|p2a: Minior|spd|1
|-boost|p2a: Minior|atk|2
|-boost|p2a: Minior|spa|2
|-boost|p2a: Minior|spe|2
|move|p1a: motto sukunai|Counter||[still]
|-fail|p1a: motto sukunai
|
|-weather|Snowscape|[upkeep]
|upkeep
|turn|5
|
|t:|1769362771
|move|p2a: Minior|Acrobatics|p1a: motto sukunai
|-enditem|p1a: motto sukunai|Focus Sash
|-damage|p1a: motto sukunai|1/100
|move|p1a: motto sukunai|Counter|p2a: Minior
|-damage|p2a: Minior|0 fnt
|faint|p2a: Minior
|
|-weather|none
|upkeep
|
|t:|1769362776
|switch|p2a: Kyurem|Kyurem|100/100
|-ability|p2a: Kyurem|Pressure
|turn|6
|
|t:|1769362779
|move|p1a: motto sukunai|Destiny Bond|p1a: motto sukunai
|-singlemove|p1a: motto sukunai|Destiny Bond
|move|p2a: Kyurem|Dragon Dance|p2a: Kyurem
|-boost|p2a: Kyurem|atk|1
|-boost|p2a: Kyurem|spe|1
|
|upkeep
|turn|7
|
|t:|1769362786
|move|p2a: Kyurem|Dragon Dance|p2a: Kyurem
|-boost|p2a: Kyurem|atk|1
|-boost|p2a: Kyurem|spe|1
|move|p1a: motto sukunai|Counter||[still]
|-fail|p1a: motto sukunai
|
|upkeep
|turn|8
|
|t:|1769362793
|move|p1a: motto sukunai|Flame Charge|p2a: Kyurem
|-crit|p2a: Kyurem
|-damage|p2a: Kyurem|76/100
|-boost|p1a: motto sukunai|spe|1
|move|p2a: Kyurem|Dragon Dance|p2a: Kyurem
|-boost|p2a: Kyurem|atk|1
|-boost|p2a: Kyurem|spe|1
|
|-sideend|p2: Leriskato|move: Aurora Veil
|upkeep
|turn|9
|
|t:|1769362801
|move|p1a: motto sukunai|Destiny Bond|p1a: motto sukunai
|-singlemove|p1a: motto sukunai|Destiny Bond
|move|p2a: Kyurem|Icicle Spear|p1a: motto sukunai
|-resisted|p1a: motto sukunai
|-damage|p1a: motto sukunai|0 fnt
|faint|p1a: motto sukunai
|-activate|p1a: motto sukunai|move: Destiny Bond
|faint|p2a: Kyurem
|-hitcount|p1: motto sukunai|1
|
|upkeep
|
|t:|1769362805
|switch|p1a: Gardenia|Gardevoir, F|100/100
|switch|p2a: Ninetales|Ninetales-Alola, F|73/100
|-weather|Snowscape|[from] ability: Snow Warning|[of] p2a: Ninetales
|-ability|p1a: Gardenia|Snow Warning|Trace|[from] ability: Trace|[of] p2a: Ninetales
|turn|10
|
|t:|1769362808
|switch|p1a: Bastiodon|Bastiodon, F|100/100
|move|p2a: Ninetales|Aurora Veil|p2a: Ninetales
|-sidestart|p2: Leriskato|move: Aurora Veil
|
|-weather|Snowscape|[upkeep]
|upkeep
|turn|11
|
|t:|1769362817
|switch|p2a: Gholdengo|Gholdengo|100/100
|-item|p2a: Gholdengo|Air Balloon
|move|p1a: Bastiodon|Stealth Rock|p2a: Gholdengo
|-sidestart|p2: Leriskato|move: Stealth Rock
|
|-weather|Snowscape|[upkeep]
|upkeep
|turn|12
|
|t:|1769362821
|move|p2a: Gholdengo|Nasty Plot|p2a: Gholdengo
|-boost|p2a: Gholdengo|spa|2
|move|p1a: Bastiodon|Metal Burst||[still]
|-fail|p1a: Bastiodon
|
|-weather|Snowscape|[upkeep]
|upkeep
|turn|13
|
|t:|1769362828
|move|p2a: Gholdengo|Nasty Plot|p2a: Gholdengo
|-boost|p2a: Gholdengo|spa|2
|move|p1a: Bastiodon|Metal Burst||[still]
|-fail|p1a: Bastiodon
|
|-weather|Snowscape|[upkeep]
|upkeep
|turn|14
|
|t:|1769362832
|move|p2a: Gholdengo|Nasty Plot|p2a: Gholdengo
|-boost|p2a: Gholdengo|spa|2
|move|p1a: Bastiodon|Metal Burst||[still]
|-fail|p1a: Bastiodon
|
|-weather|none
|upkeep
|turn|15
|
|t:|1769362844
|move|p2a: Gholdengo|Make It Rain|p1a: Bastiodon
|-ability|p1a: Bastiodon|Sturdy
|-damage|p1a: Bastiodon|1/100
|-unboost|p2a: Gholdengo|spa|1
|move|p1a: Bastiodon|Metal Burst|p2a: Gholdengo
|-damage|p2a: Gholdengo|0 fnt
|-enditem|p2a: Gholdengo|Air Balloon
|faint|p2a: Gholdengo
|
|upkeep
|
|t:|1769362850
|switch|p2a: Ninetales|Ninetales-Alola, F|73/100
|-damage|p2a: Ninetales|48/100|[from] Stealth Rock
|-weather|Snowscape|[from] ability: Snow Warning|[of] p2a: Ninetales
|turn|16
|
|t:|1769362863
|move|p2a: Ninetales|Blizzard|p1a: Bastiodon
|-resisted|p1a: Bastiodon
|-damage|p1a: Bastiodon|0 fnt
|faint|p1a: Bastiodon
|
|-weather|Snowscape|[upkeep]
|upkeep
|
|t:|1769362867
|switch|p1a: Vatra|Talonflame, M|100/100
|turn|17
|
|t:|1769362891
|move|p1a: Vatra|Flare Blitz|p2a: Ninetales
|-supereffective|p2a: Ninetales
|-damage|p2a: Ninetales|6/100
|-status|p2a: Ninetales|brn
|-damage|p1a: Vatra|87/100|[from] Recoil
|move|p2a: Ninetales|Blizzard|p1a: Vatra
|-damage|p1a: Vatra|26/100
|
|-weather|Snowscape|[upkeep]
|-damage|p2a: Ninetales|0 fnt|[from] brn
|faint|p2a: Ninetales
|-sideend|p2: Leriskato|move: Aurora Veil
|upkeep
|
|t:|1769362894
|switch|p2a: Glimmora|Glimmora, F|100/100
|-damage|p2a: Glimmora|88/100|[from] Stealth Rock
|-item|p2a: Glimmora|Air Balloon
|turn|18
|inactive|kuraiyagare has 120 seconds left.
|
|t:|1769362935
|switch|p1a: Gardenia|Gardevoir, F|100/100
|-ability|p1a: Gardenia|Toxic Debris|Trace|[from] ability: Trace|[of] p2a: Glimmora
|move|p2a: Glimmora|Stealth Rock|p1a: Gardenia
|-sidestart|p1: kuraiyagare|move: Stealth Rock
|
|-weather|Snowscape|[upkeep]
|upkeep
|turn|19
|
|t:|1769362938
|move|p2a: Glimmora|Mortal Spin|p1a: Gardenia
|-supereffective|p1a: Gardenia
|-damage|p1a: Gardenia|78/100
|-status|p1a: Gardenia|psn
|-activate|p1a: Gardenia|ability: Toxic Debris
|-sidestart|p2: Leriskato|move: Toxic Spikes
|-sideend|p2: Leriskato|Toxic Spikes|[from] move: Mortal Spin|[of] p2a: Glimmora
|-sideend|p2: Leriskato|Stealth Rock|[from] move: Mortal Spin|[of] p2a: Glimmora
|move|p1a: Gardenia|Psyshock|p2a: Glimmora
|-supereffective|p2a: Glimmora
|-damage|p2a: Glimmora|0 fnt
|-enditem|p2a: Glimmora|Air Balloon
|faint|p2a: Glimmora
|
|-weather|Snowscape|[upkeep]
|-damage|p1a: Gardenia|66/100 psn|[from] psn
|upkeep
|
|t:|1769362941
|switch|p2a: Maushold|Maushold|100/100
|turn|20
|
|t:|1769362953
|move|p2a: Maushold|Tidy Up|p2a: Maushold
|-sideend|p1: kuraiyagare|Stealth Rock
|-activate|p2a: Maushold|move: Tidy Up
|-boost|p2a: Maushold|atk|1
|-boost|p2a: Maushold|spe|1
|move|p1a: Gardenia|Moonblast|p2a: Maushold
|-damage|p2a: Maushold|28/100
|-unboost|p2a: Maushold|spa|1
|
|-weather|none
|-damage|p1a: Gardenia|54/100 psn|[from] psn
|upkeep
|turn|21
|
|t:|1769362956
|move|p1a: Gardenia|Vacuum Wave|p2a: Maushold
|-supereffective|p2a: Maushold
|-damage|p2a: Maushold|0 fnt
|faint|p2a: Maushold
|
|win|kuraiyagare
|raw|kuraiyagare's rating: 1298 &rarr; <strong>1324</strong><br />(+26 for winning)
|raw|Leriskato's rating: 1308 &rarr; <strong>1287</strong><br />(-21 for losing)
|l|☆Leriskato
|player|p2|
|l|☆kuraiyagare
|player|p1|
