|j|☆Jagger is a boss
|j|☆kfkzzl
|t:|1769323491
|gametype|singles
|player|p1|Jagger is a boss|pokekid|1366
|player|p2|kfkzzl|265|1396
|gen|9
|tier|[Gen 9] OU
|rated|
|rule|HP Percentage Mod: HP is shown in percentages
|rule|Endless Battle Clause: Forcing endless battles is banned
|rule|Species Clause: Limit one of each Pokémon
|rule|OHKO Clause: OHKO moves are banned
|rule|Evasion Items Clause: Evasion items are banned
|rule|Evasion Moves Clause: Evasion moves are banned
|rule|Evasion Abilities Clause: Evasion abilities are banned
|rule|Sleep Moves Clause: Sleep-inducing moves are banned
|clearpoke
|poke|p1|Pecharunt|
|poke|p1|Breloom, F|
|poke|p1|Iron Treads|
|poke|p1|Muk-Alola, F|
|poke|p1|Dragapult, M|
|poke|p1|Heatran, M|
|poke|p2|Sandy Shocks|
|poke|p2|Scizor, F|
|poke|p2|Manaphy|
|poke|p2|Latios, M|
|poke|p2|Ogerpon, F|
|poke|p2|Iron Jugulis|
|teampreview
|inactive|Battle timer is ON: inactive players will automatically lose when time's up. (requested by Jagger is a boss)
|
|t:|1769323502
|teamsize|p1|6
|teamsize|p2|6
|start
|switch|p1a: Hexy time|Dragapult, M|100/100
|switch|p2a: Sandy Shocks|Sandy Shocks|100/100
|-enditem|p2a: Sandy Shocks|Booster Energy
|-activate|p2a: Sandy Shocks|ability: Protosynthesis|[fromitem]
|-start|p2a: Sandy Shocks|protosynthesisspe
|turn|1
|
|t:|1769323511
|move|p2a: Sandy Shocks|Earth Power|p1a: Hexy time
|-damage|p1a: Hexy time|47/100
|move|p1a: Hexy time|U-turn|p2a: Sandy Shocks
|-damage|p2a: Sandy Shocks|59/100
|
|t:|1769323524
|switch|p1a: Luigi|Breloom, F|100/100|[from] U-turn
|
|-status|p1a: Luigi|tox|[from] item: Toxic Orb
|upkeep
|turn|2
|
|t:|1769323527
|move|p2a: Sandy Shocks|Stealth Rock|p1a: Luigi
|-sidestart|p1: Jagger is a boss|move: Stealth Rock
|move|p1a: Luigi|Leech Seed|p2a: Sandy Shocks
|-start|p2a: Sandy Shocks|move: Leech Seed
|
|-damage|p2a: Sandy Shocks|47/100|[from] Leech Seed|[of] p1a: Luigi
|upkeep
|turn|3
|
|t:|1769323538
|move|p2a: Sandy Shocks|Flash Cannon|p1a: Luigi
|-damage|p1a: Luigi|65/100 tox
|move|p1a: Luigi|Bulk Up|p1a: Luigi
|-boost|p1a: Luigi|atk|1
|-boost|p1a: Luigi|def|1
|
|-damage|p2a: Sandy Shocks|34/100|[from] Leech Seed|[of] p1a: Luigi
|-heal|p1a: Luigi|80/100 tox|[silent]
|-heal|p1a: Luigi|92/100 tox|[from] ability: Poison Heal
|upkeep
|turn|4
|
|t:|1769323554
|-end|p2a: Sandy Shocks|Protosynthesis|[silent]
|switch|p2a: Latios|Latios, M|100/100
|move|p1a: Luigi|Bulk Up|p1a: Luigi
|-boost|p1a: Luigi|atk|1
|-boost|p1a: Luigi|def|1
|
|-heal|p1a: Luigi|100/100 tox|[from] ability: Poison Heal
|upkeep
|turn|5
|
|t:|1769323562
|-terastallize|p1a: Luigi|Water
|move|p2a: Latios|Agility|p2a: Latios
|-boost|p2a: Latios|spe|2
|move|p1a: Luigi|Leech Seed|p2a: Latios
|-start|p2a: Latios|move: Leech Seed
|
|-damage|p2a: Latios|88/100|[from] Leech Seed|[of] p1a: Luigi
|upkeep
|turn|6
|
|t:|1769323570
|move|p2a: Latios|Calm Mind|p2a: Latios
|-boost|p2a: Latios|spa|1
|-boost|p2a: Latios|spd|1
|move|p1a: Luigi|Drain Punch|p2a: Latios
|-resisted|p2a: Latios
|-damage|p2a: Latios|60/100
|
|-damage|p2a: Latios|48/100|[from] Leech Seed|[of] p1a: Luigi
|upkeep
|turn|7
|
|t:|1769323584
|move|p2a: Latios|Stored Power|p1a: Luigi
|-damage|p1a: Luigi|3/100 tox
|move|p1a: Luigi|Drain Punch|p2a: Latios
|-resisted|p2a: Latios
|-damage|p2a: Latios|18/100
|-heal|p1a: Luigi|24/100 tox|[from] drain|[of] p2a: Latios
|
|-damage|p2a: Latios|5/100|[from] Leech Seed|[of] p1a: Luigi
|-heal|p1a: Luigi|41/100 tox|[silent]
|-heal|p1a: Luigi|53/100 tox|[from] ability: Poison Heal
|upkeep
|turn|8
|
|t:|1769323594
|move|p1a: Luigi|Protect|p1a: Luigi
|-singleturn|p1a: Luigi|Protect
|move|p2a: Latios|Stored Power|p1a: Luigi
|-activate|p1a: Luigi|move: Protect
|
|-damage|p2a: Latios|0 fnt|[from] Leech Seed|[of] p1a: Luigi
|-heal|p1a: Luigi|60/100 tox|[silent]
|faint|p2a: Latios
|-heal|p1a: Luigi|72/100 tox|[from] ability: Poison Heal
|upkeep
|
|t:|1769323599
|switch|p2a: Ogerpon|Ogerpon, F|100/100
|turn|9
|
|t:|1769323610
|-terastallize|p2a: Ogerpon|Grass
|detailschange|p2a: Ogerpon|Ogerpon-Teal-Tera, F, tera:Grass
|-ability|p2a: Ogerpon|Embody Aspect (Teal)|boost
|-boost|p2a: Ogerpon|spe|1
|move|p2a: Ogerpon|Ivy Cudgel|p1a: Luigi
|-supereffective|p1a: Luigi
|-damage|p1a: Luigi|0 fnt
|faint|p1a: Luigi
|-damage|p2a: Ogerpon|91/100|[from] item: Life Orb
|
|upkeep
|
|t:|1769323620
|switch|p1a: Backwards|Muk-Alola, F|100/100
|-damage|p1a: Backwards|88/100|[from] Stealth Rock
|turn|10
|
|t:|1769323628
|switch|p2a: Scizor|Scizor, F|100/100
|move|p1a: Backwards|Knock Off|p2a: Scizor
|-damage|p2a: Scizor|56/100
|-enditem|p2a: Scizor|Sitrus Berry|[from] move: Knock Off|[of] p1a: Backwards
|
|upkeep
|turn|11
|
|t:|1769323641
|switch|p1a: Iron Tusk|Iron Treads|100/100
|-damage|p1a: Iron Tusk|97/100|[from] Stealth Rock
|-enditem|p1a: Iron Tusk|Booster Energy
|-activate|p1a: Iron Tusk|ability: Quark Drive|[fromitem]
|-start|p1a: Iron Tusk|quarkdrivespe
|move|p2a: Scizor|Knock Off|p1a: Iron Tusk
|-damage|p1a: Iron Tusk|74/100
|
|upkeep
|turn|12
|
|t:|1769323651
|move|p1a: Iron Tusk|Rapid Spin|p2a: Scizor
|-resisted|p2a: Scizor
|-damage|p2a: Scizor|48/100
|-boost|p1a: Iron Tusk|spe|1
|-sideend|p1: Jagger is a boss|Stealth Rock|[from] move: Rapid Spin|[of] p1a: Iron Tusk
|move|p2a: Scizor|Close Combat|p1a: Iron Tusk
|-supereffective|p1a: Iron Tusk
|-damage|p1a: Iron Tusk|0 fnt
|-unboost|p2a: Scizor|def|1
|-unboost|p2a: Scizor|spd|1
|faint|p1a: Iron Tusk
|-end|p1a: Iron Tusk|Quark Drive|[silent]
|
|upkeep
|
|t:|1769323656
|switch|p1a: Hexy time|Dragapult, M|47/100
|turn|13
|
|t:|1769323662
|move|p2a: Scizor|Bullet Punch|p1a: Hexy time
|-crit|p1a: Hexy time
|-damage|p1a: Hexy time|0 fnt
|faint|p1a: Hexy time
|
|upkeep
|
|t:|1769323665
|switch|p1a: Smegma|Heatran, M|100/100
|turn|14
|
|t:|1769323670
|move|p1a: Smegma|Magma Storm|p2a: Scizor
|-supereffective|p2a: Scizor
|-damage|p2a: Scizor|0 fnt
|faint|p2a: Scizor
|
|upkeep
|
|t:|1769323675
|switch|p2a: Manaphy|Manaphy|100/100
|turn|15
|
|t:|1769323684
|move|p2a: Manaphy|Tail Glow|p2a: Manaphy
|-boost|p2a: Manaphy|spa|3
|move|p1a: Smegma|Magma Storm|p2a: Manaphy
|-resisted|p2a: Manaphy
|-damage|p2a: Manaphy|80/100
|-activate|p2a: Manaphy|move: Magma Storm|[of] p1a: Smegma
|
|-damage|p2a: Manaphy|68/100|[from] move: Magma Storm|[partiallytrapped]
|upkeep
|turn|16
|
|t:|1769323692
|move|p2a: Manaphy|Surf|p1a: Smegma
|-supereffective|p1a: Smegma
|-damage|p1a: Smegma|0 fnt
|faint|p1a: Smegma
|
|-end|p2a: Manaphy|Magma Storm|[partiallytrapped]|[silent]
|upkeep
|
|t:|1769323694
|switch|p1a: Backwards|Muk-Alola, F|88/100
|turn|17
|
|t:|1769323699
|move|p2a: Manaphy|Surf|p1a: Backwards
|-damage|p1a: Backwards|23/100
|move|p1a: Backwards|Poison Jab|p2a: Manaphy
|-damage|p2a: Manaphy|27/100
|-enditem|p2a: Manaphy|Sitrus Berry|[eat]
|-heal|p2a: Manaphy|52/100|[from] item: Sitrus Berry
|
|upkeep
|turn|18
|
|t:|1769323706
|move|p2a: Manaphy|Surf|p1a: Backwards
|-crit|p1a: Backwards
|-damage|p1a: Backwards|0 fnt
|faint|p1a: Backwards
|
|upkeep
|-message|Jagger is a boss forfeited.
|
|win|kfkzzl
|raw|Jagger is a boss's rating: 1366 &rarr; <strong>1348</strong><br />(-18 for losing)
|raw|kfkzzl's rating: 1396 &rarr; <strong>1414</strong><br />(+18 for winning)
|l|☆Jagger is a boss
|player|p1|
