|j|☆MrSalor
|j|☆Metal belico
|t:|1769315427
|gametype|singles
|player|p1|MrSalor|hiker-gen4|1300
|player|p2|Metal belico|volkner|1307
|gen|9
|tier|[Gen 9] OU
|rated|
|rule|HP Percentage Mod: HP is shown in percentages
|rule|Endless Battle Clause: Forcing endless battles is banned
|rule|Species Clause: Limit one of each Pokémon
|rule|OHKO Clause: OHKO moves are banned
|rule|Evasion Items Clause: Evasion items are banned
|rule|Evasion Moves Clause: Evasion moves are banned
|rule|Evasion Abilities Clause: Evasion abilities are banned
|rule|Sleep Moves Clause: Sleep-inducing moves are banned
|clearpoke
|poke|p1|Forretress, F|
|poke|p1|Vikavolt, F|
|poke|p1|Kleavor, F|
|poke|p1|Araquanid, F|
|poke|p1|Lokix, M|
|poke|p1|Illumise, F|
|poke|p2|Jolteon, M|
|poke|p2|Ninetales, F|
|poke|p2|Blastoise, F|
|poke|p2|Gyarados, F|
|poke|p2|Venusaur, M|
|poke|p2|Golem, M|
|teampreview
|
|t:|1769315448
|teamsize|p1|6
|teamsize|p2|6
|start
|switch|p1a: Araquanid|Araquanid, F|100/100
|switch|p2a: Ninetales|Ninetales, F|100/100
|-weather|SunnyDay|[from] ability: Drought|[of] p2a: Ninetales
|turn|1
|
|t:|1769315454
|move|p2a: Ninetales|Fire Spin|p1a: Araquanid
|-damage|p1a: Araquanid|96/100
|-activate|p1a: Araquanid|move: Fire Spin|[of] p2a: Ninetales
|move|p1a: Araquanid|Sticky Web|p2a: Ninetales
|-sidestart|p2: Metal belico|move: Sticky Web
|
|-weather|SunnyDay|[upkeep]
|-damage|p1a: Araquanid|83/100|[from] move: Fire Spin|[partiallytrapped]
|upkeep
|turn|2
|
|t:|1769315459
|move|p2a: Ninetales|Encore|p1a: Araquanid
|-start|p1a: Araquanid|Encore
|move|p1a: Araquanid|Sticky Web||[still]
|-fail|p1a: Araquanid
|
|-weather|SunnyDay|[upkeep]
|-damage|p1a: Araquanid|71/100|[from] move: Fire Spin|[partiallytrapped]
|upkeep
|turn|3
|
|t:|1769315462
|move|p2a: Ninetales|Disable|p1a: Araquanid
|-start|p1a: Araquanid|Disable|Sticky Web
|cant|p1a: Araquanid|Disable|Sticky Web
|
|-weather|SunnyDay|[upkeep]
|-damage|p1a: Araquanid|59/100|[from] move: Fire Spin|[partiallytrapped]
|upkeep
|turn|4
|
|t:|1769315466
|move|p2a: Ninetales|Fire Spin|p1a: Araquanid
|-damage|p1a: Araquanid|53/100
|-activate|p1a: Araquanid|move: Struggle
|move|p1a: Araquanid|Struggle|p2a: Ninetales
|-damage|p2a: Ninetales|92/100
|-damage|p1a: Araquanid|28/100|[from] recoil
|
|-weather|SunnyDay|[upkeep]
|-damage|p1a: Araquanid|16/100|[from] move: Fire Spin|[partiallytrapped]
|-end|p1a: Araquanid|Encore
|upkeep
|turn|5
|-enditem|p1a: Araquanid|Custap Berry|[eat]
|-activate|p1a: Araquanid|item: Custap Berry|[consumed]
|
|t:|1769315476
|move|p1a: Araquanid|Surf|p2a: Ninetales
|-supereffective|p2a: Ninetales
|-damage|p2a: Ninetales|57/100
|move|p2a: Ninetales|Encore|p1a: Araquanid
|-start|p1a: Araquanid|Encore
|
|-weather|SunnyDay|[upkeep]
|-damage|p1a: Araquanid|3/100|[from] move: Fire Spin|[partiallytrapped]
|upkeep
|turn|6
|
|t:|1769315482
|move|p2a: Ninetales|Fire Spin|p1a: Araquanid
|-damage|p1a: Araquanid|0 fnt
|faint|p1a: Araquanid
|
|-weather|SunnyDay|[upkeep]
|upkeep
|
|t:|1769315485
|switch|p1a: Illumise|Illumise, F|100/100
|turn|7
|
|t:|1769315491
|move|p1a: Illumise|Thunder Wave|p2a: Ninetales
|-status|p2a: Ninetales|par
|move|p2a: Ninetales|Fire Spin|p1a: Illumise
|-supereffective|p1a: Illumise
|-damage|p1a: Illumise|77/100
|-activate|p1a: Illumise|move: Fire Spin|[of] p2a: Ninetales
|
|-weather|SunnyDay|[upkeep]
|-damage|p1a: Illumise|65/100|[from] move: Fire Spin|[partiallytrapped]
|upkeep
|turn|8
|
|t:|1769315502
|move|p1a: Illumise|Skitter Smack|p2a: Ninetales
|-resisted|p2a: Ninetales
|-damage|p2a: Ninetales|48/100 par
|-unboost|p2a: Ninetales|spa|1
|move|p2a: Ninetales|Encore|p1a: Illumise
|-start|p1a: Illumise|Encore
|
|-weather|none
|-damage|p1a: Illumise|53/100|[from] move: Fire Spin|[partiallytrapped]
|upkeep
|turn|9
|
|t:|1769315508
|move|p1a: Illumise|Skitter Smack|p2a: Ninetales
|-resisted|p2a: Ninetales
|-damage|p2a: Ninetales|40/100 par
|-unboost|p2a: Ninetales|spa|1
|cant|p2a: Ninetales|par
|
|-damage|p1a: Illumise|40/100|[from] move: Fire Spin|[partiallytrapped]
|upkeep
|turn|10
|
|t:|1769315513
|move|p1a: Illumise|Skitter Smack|p2a: Ninetales
|-resisted|p2a: Ninetales
|-damage|p2a: Ninetales|32/100 par
|-unboost|p2a: Ninetales|spa|1
|move|p2a: Ninetales|Disable|p1a: Illumise
|-start|p1a: Illumise|Disable|Skitter Smack
|
|-damage|p1a: Illumise|28/100|[from] move: Fire Spin|[partiallytrapped]
|upkeep
|turn|11
|
|t:|1769315519
|-activate|p1a: Illumise|move: Struggle
|move|p1a: Illumise|Struggle|p2a: Ninetales
|-damage|p2a: Ninetales|24/100 par
|-damage|p1a: Illumise|3/100|[from] recoil
|cant|p2a: Ninetales|par
|
|-end|p1a: Illumise|Fire Spin|[partiallytrapped]
|-end|p1a: Illumise|Encore
|upkeep
|turn|12
|
|t:|1769315525
|switch|p2a: Blastoise|Blastoise, F|100/100
|move|p1a: Illumise|Roost|p1a: Illumise
|-heal|p1a: Illumise|53/100
|-singleturn|p1a: Illumise|move: Roost
|
|upkeep
|turn|13
|
|t:|1769315533
|move|p1a: Illumise|Thunder Wave|p2a: Blastoise
|-status|p2a: Blastoise|par
|move|p2a: Blastoise|Icy Wind|p1a: Illumise
|-damage|p1a: Illumise|45/100
|-unboost|p1a: Illumise|spe|1
|
|upkeep
|turn|14
|inactive|Battle timer is ON: inactive players will automatically lose when time's up. (requested by Metal belico)
|
|t:|1769315540
|move|p1a: Illumise|Roost|p1a: Illumise
|-heal|p1a: Illumise|95/100
|-singleturn|p1a: Illumise|move: Roost
|move|p2a: Blastoise|Rapid Spin|p1a: Illumise
|-damage|p1a: Illumise|82/100
|-boost|p2a: Blastoise|spe|1
|-sideend|p2: Metal belico|Sticky Web|[from] move: Rapid Spin|[of] p2a: Blastoise
|
|-end|p1a: Illumise|Disable
|upkeep
|turn|15
|
|t:|1769315547
|switch|p2a: Jolteon|Jolteon, M|100/100
|move|p1a: Illumise|Thunder Wave|p2a: Jolteon
|-immune|p2a: Jolteon
|
|upkeep
|turn|16
|
|t:|1769315552
|move|p2a: Jolteon|Thunder Wave|p1a: Illumise
|-status|p1a: Illumise|par
|cant|p1a: Illumise|par
|
|upkeep
|turn|17
|
|t:|1769315557
|move|p2a: Jolteon|Volt Switch|p1a: Illumise
|-damage|p1a: Illumise|60/100 par
|
|t:|1769315561
|switch|p2a: Golem|Golem, M|100/100|[from] Volt Switch
|move|p1a: Illumise|Skitter Smack|p2a: Golem
|-damage|p2a: Golem|88/100
|-unboost|p2a: Golem|spa|1
|
|upkeep
|turn|18
|
|t:|1769315564
|move|p1a: Illumise|Trick|p2a: Golem
|-activate|p1a: Illumise|move: Trick|[of] p2a: Golem
|-item|p2a: Golem|Ring Target|[from] move: Trick
|-item|p1a: Illumise|Weakness Policy|[from] move: Trick
|move|p2a: Golem|Rock Polish|p2a: Golem
|-boost|p2a: Golem|spe|2
|
|upkeep
|turn|19
|
|t:|1769315575
|switch|p1a: Forretress|Forretress, F|100/100
|move|p2a: Golem|Fire Punch|p1a: Forretress
|-supereffective|p1a: Forretress
|-damage|p1a: Forretress|35/100
|-status|p1a: Forretress|brn
|
|-heal|p1a: Forretress|41/100 brn|[from] item: Leftovers
|-damage|p1a: Forretress|35/100 brn|[from] brn
|upkeep
|turn|20
|
|t:|1769315583
|move|p2a: Golem|Fire Punch|p1a: Forretress
|-supereffective|p1a: Forretress
|-damage|p1a: Forretress|0 fnt
|faint|p1a: Forretress
|
|upkeep
|
|t:|1769315587
|switch|p1a: Illumise|Illumise, F|60/100 par
|turn|21
|
|t:|1769315591
|cant|p1a: Illumise|par
|move|p2a: Golem|Fire Punch|p1a: Illumise
|-supereffective|p1a: Illumise
|-damage|p1a: Illumise|0 fnt
|faint|p1a: Illumise
|
|upkeep
|
|t:|1769315594
|switch|p1a: Kleavor|Kleavor, F|100/100
|turn|22
|
|t:|1769315599
|move|p2a: Golem|Earthquake|p1a: Kleavor
|-damage|p1a: Kleavor|29/100
|move|p1a: Kleavor|Stone Axe|p2a: Golem
|-resisted|p2a: Golem
|-damage|p2a: Golem|65/100
|-sidestart|p2: Metal belico|move: Stealth Rock
|
|upkeep
|turn|23
|
|t:|1769315604
|move|p2a: Golem|Earthquake|p1a: Kleavor
|-damage|p1a: Kleavor|0 fnt
|faint|p1a: Kleavor
|
|upkeep
|
|t:|1769315611
|switch|p1a: Vikavolt|Vikavolt, F|100/100
|turn|24
|
|t:|1769315615
|-terastallize|p1a: Vikavolt|Electric
|move|p2a: Golem|Fire Punch|p1a: Vikavolt
|-damage|p1a: Vikavolt|71/100
|move|p1a: Vikavolt|Thunderbolt|p2a: Golem
|-damage|p2a: Golem|0 fnt
|faint|p2a: Golem
|
|upkeep
|
|t:|1769315625
|switch|p2a: Jolteon|Jolteon, M|100/100
|-damage|p2a: Jolteon|88/100|[from] Stealth Rock
|turn|25
|
|t:|1769315630
|switch|p1a: Lokix|Lokix, M|100/100
|move|p2a: Jolteon|Charm|p1a: Lokix
|-unboost|p1a: Lokix|atk|2
|
|-heal|p2a: Jolteon|94/100|[from] item: Leftovers
|upkeep
|turn|26
|
|t:|1769315634
|switch|p1a: Vikavolt|Vikavolt, F, tera:Electric|71/100
|move|p2a: Jolteon|Thunder Wave|p1a: Vikavolt
|-immune|p1a: Vikavolt
|
|-heal|p2a: Jolteon|99/100|[from] item: Leftovers
|upkeep
|turn|27
|
|t:|1769315639
|move|p2a: Jolteon|Protect|p2a: Jolteon
|-singleturn|p2a: Jolteon|Protect
|move|p1a: Vikavolt|Bug Buzz|p2a: Jolteon
|-activate|p2a: Jolteon|move: Protect
|
|-heal|p2a: Jolteon|100/100|[from] item: Leftovers
|upkeep
|turn|28
|
|t:|1769315644
|switch|p2a: Ninetales|Ninetales, F|24/100 par
|-damage|p2a: Ninetales|0 fnt|[from] Stealth Rock
|faint|p2a: Ninetales
|move|p1a: Vikavolt|Bug Buzz|p2: Ninetales|[notarget]
|-fail|p1a: Vikavolt
|
|upkeep
|
|t:|1769315647
|switch|p2a: Blastoise|Blastoise, F|100/100 par
|turn|29
|
|t:|1769315652
|move|p1a: Vikavolt|Bug Buzz|p2a: Blastoise
|-damage|p2a: Blastoise|43/100 par
|move|p2a: Blastoise|Mirror Coat|p1a: Vikavolt
|-damage|p1a: Vikavolt|0 fnt
|faint|p1a: Vikavolt
|
|upkeep
|
|t:|1769315657
|switch|p1a: Lokix|Lokix, M|100/100
|turn|30
|
|t:|1769315660
|move|p1a: Lokix|Swords Dance|p1a: Lokix
|-boost|p1a: Lokix|atk|2
|move|p2a: Blastoise|Rapid Spin|p1a: Lokix
|-damage|p1a: Lokix|86/100
|-boost|p2a: Blastoise|spe|1
|-sideend|p2: Metal belico|Stealth Rock|[from] move: Rapid Spin|[of] p2a: Blastoise
|
|upkeep
|turn|31
|
|t:|1769315666
|move|p1a: Lokix|Knock Off|p2a: Blastoise
|-damage|p2a: Blastoise|0 fnt
|-enditem|p2a: Blastoise|Heavy-Duty Boots|[from] move: Knock Off|[of] p1a: Lokix
|faint|p2a: Blastoise
|
|upkeep
|
|t:|1769315675
|switch|p2a: Jolteon|Jolteon, M|100/100
|turn|32
|
|t:|1769315677
|move|p2a: Jolteon|Charm|p1a: Lokix
|-unboost|p1a: Lokix|atk|2
|move|p1a: Lokix|Knock Off|p2a: Jolteon
|-damage|p2a: Jolteon|37/100
|-enditem|p2a: Jolteon|Leftovers|[from] move: Knock Off|[of] p1a: Lokix
|
|upkeep
|turn|33
|
|t:|1769315684
|move|p2a: Jolteon|Charm|p1a: Lokix
|-unboost|p1a: Lokix|atk|2
|move|p1a: Lokix|Swords Dance|p1a: Lokix
|-boost|p1a: Lokix|atk|2
|
|upkeep
|turn|34
|
|t:|1769315687
|move|p2a: Jolteon|Thunder Wave|p1a: Lokix
|-status|p1a: Lokix|par
|cant|p1a: Lokix|par
|
|upkeep
|turn|35
|
|t:|1769315691
|move|p2a: Jolteon|Charm|p1a: Lokix
|-unboost|p1a: Lokix|atk|2
|move|p1a: Lokix|Leech Life|p2a: Jolteon
|-damage|p2a: Jolteon|12/100
|-heal|p1a: Lokix|100/100 par|[from] drain|[of] p2a: Jolteon
|
|upkeep
|turn|36
|
|t:|1769315695
|move|p2a: Jolteon|Charm|p1a: Lokix
|-unboost|p1a: Lokix|atk|2
|move|p1a: Lokix|Swords Dance|p1a: Lokix
|-boost|p1a: Lokix|atk|2
|
|upkeep
|turn|37
|
|t:|1769315697
|move|p2a: Jolteon|Charm|p1a: Lokix
|-unboost|p1a: Lokix|atk|2
|move|p1a: Lokix|Swords Dance|p1a: Lokix
|-boost|p1a: Lokix|atk|2
|
|upkeep
|turn|38
|
|t:|1769315699
|move|p2a: Jolteon|Charm|p1a: Lokix
|-unboost|p1a: Lokix|atk|2
|move|p1a: Lokix|Swords Dance|p1a: Lokix
|-boost|p1a: Lokix|atk|2
|
|upkeep
|turn|39
|
|t:|1769315701
|move|p2a: Jolteon|Charm|p1a: Lokix
|-unboost|p1a: Lokix|atk|2
|move|p1a: Lokix|Swords Dance|p1a: Lokix
|-boost|p1a: Lokix|atk|2
|
|upkeep
|turn|40
|
|t:|1769315704
|move|p2a: Jolteon|Charm|p1a: Lokix
|-unboost|p1a: Lokix|atk|2
|cant|p1a: Lokix|par
|
|upkeep
|turn|41
|
|t:|1769315708
|move|p2a: Jolteon|Volt Switch|p1a: Lokix
|-damage|p1a: Lokix|47/100 par
|
|t:|1769315709
|switch|p2a: Gyarados|Gyarados, F|100/100|[from] Volt Switch
|move|p1a: Lokix|Swords Dance|p1a: Lokix
|-boost|p1a: Lokix|atk|2
|
|upkeep
|turn|42
|
|t:|1769315714
|move|p1a: Lokix|Sucker Punch|p2a: Gyarados
|-damage|p2a: Gyarados|81/100
|move|p2a: Gyarados|Waterfall|p1a: Lokix
|-damage|p1a: Lokix|0 fnt
|faint|p1a: Lokix
|
|win|Metal belico
|raw|MrSalor's rating: 1300 &rarr; <strong>1276</strong><br />(-24 for losing)
|raw|Metal belico's rating: 1307 &rarr; <strong>1327</strong><br />(+20 for winning)
|l|☆Metal belico
|player|p2|
|l|☆MrSalor
|player|p1|
