|j|☆topmanbladee
|j|☆zong200
|t:|1769320568
|gametype|singles
|player|p1|topmanbladee|169|1746
|player|p2|zong200|iono-masters|1658
|gen|9
|tier|[Gen 9] OU
|rated|
|rule|HP Percentage Mod: HP is shown in percentages
|rule|Endless Battle Clause: Forcing endless battles is banned
|rule|Species Clause: Limit one of each Pokémon
|rule|OHKO Clause: OHKO moves are banned
|rule|Evasion Items Clause: Evasion items are banned
|rule|Evasion Moves Clause: Evasion moves are banned
|rule|Evasion Abilities Clause: Evasion abilities are banned
|rule|Sleep Moves Clause: Sleep-inducing moves are banned
|clearpoke
|poke|p1|Kyurem|
|poke|p1|Cinderace, F|
|poke|p1|Tornadus-Therian, M|
|poke|p1|Hatterene, F|
|poke|p1|Great Tusk|
|poke|p1|Kingambit, F|
|poke|p2|Zapdos|
|poke|p2|Iron Crown|
|poke|p2|Garganacl, M|
|poke|p2|Great Tusk|
|poke|p2|Samurott-Hisui, M|
|poke|p2|Dragapult, F|
|teampreview
|inactive|Battle timer is ON: inactive players will automatically lose when time's up. (requested by topmanbladee)
|j| Tb_cccc15
|
|t:|1769320577
|teamsize|p1|6
|teamsize|p2|6
|start
|switch|p1a: Cinderace|Cinderace, F|100/100
|switch|p2a: Iron Crown|Iron Crown|100/100
|turn|1
|
|t:|1769320581
|-end|p2a: Iron Crown|Quark Drive|[silent]
|switch|p2a: Zapdos|Zapdos|100/100
|move|p1a: Cinderace|Pyro Ball|p2a: Zapdos
|-damage|p2a: Zapdos|61/100
|
|upkeep
|turn|2
|
|t:|1769320588
|move|p1a: Cinderace|Pyro Ball|p2a: Zapdos
|-damage|p2a: Zapdos|20/100
|-status|p2a: Zapdos|brn
|move|p2a: Zapdos|Thunder Wave|p1a: Cinderace
|-status|p1a: Cinderace|par
|
|-damage|p2a: Zapdos|14/100 brn|[from] brn
|upkeep
|turn|3
|
|t:|1769320594
|move|p2a: Zapdos|Roost|p2a: Zapdos
|-heal|p2a: Zapdos|64/100 brn
|-singleturn|p2a: Zapdos|move: Roost
|move|p1a: Cinderace|U-turn|p2a: Zapdos
|-start|p1a: Cinderace|typechange|Bug|[from] ability: Libero
|-damage|p2a: Zapdos|40/100 brn
|
|t:|1769320597
|switch|p1a: Kyurem|Kyurem|100/100|[from] U-turn
|-ability|p1a: Kyurem|Pressure
|
|-damage|p2a: Zapdos|34/100 brn|[from] brn
|upkeep
|turn|4
|
|t:|1769320604
|switch|p2a: Garganacl|Garganacl, M|100/100
|move|p1a: Kyurem|Earth Power|p2a: Garganacl
|-supereffective|p2a: Garganacl
|-damage|p2a: Garganacl|43/100
|
|-heal|p2a: Garganacl|49/100|[from] item: Leftovers
|upkeep
|turn|5
|j| we love marioparty
|l| we love marioparty
|
|t:|1769320619
|switch|p2a: Samurott|Samurott-Hisui, M|100/100
|move|p1a: Kyurem|Earth Power|p2a: Samurott
|-damage|p2a: Samurott|66/100
|
|upkeep
|turn|6
|
|t:|1769320625
|switch|p1a: Great Tusk|Great Tusk|100/100
|move|p2a: Samurott|Ceaseless Edge|p1a: Great Tusk
|-resisted|p1a: Great Tusk
|-damage|p1a: Great Tusk|87/100
|-damage|p2a: Samurott|50/100|[from] item: Rocky Helmet|[of] p1a: Great Tusk
|-sidestart|p1: topmanbladee|Spikes
|
|upkeep
|turn|7
|j| 304Collector
|
|t:|1769320631
|switch|p2a: Zapdos|Zapdos|34/100 brn
|move|p1a: Great Tusk|Rapid Spin|p2a: Zapdos
|-damage|p2a: Zapdos|23/100 brn
|-boost|p1a: Great Tusk|spe|1
|-sideend|p1: topmanbladee|Spikes|[from] move: Rapid Spin|[of] p1a: Great Tusk
|
|-damage|p2a: Zapdos|17/100 brn|[from] brn
|upkeep
|turn|8
|
|t:|1769320638
|move|p1a: Great Tusk|Ice Spinner|p2a: Zapdos
|-supereffective|p2a: Zapdos
|-damage|p2a: Zapdos|0 fnt
|faint|p2a: Zapdos
|
|upkeep
|
|t:|1769320642
|switch|p2a: Great Tusk|Great Tusk|100/100
|turn|9
|
|t:|1769320646
|move|p1a: Great Tusk|Ice Spinner|p2a: Great Tusk
|-supereffective|p2a: Great Tusk
|-damage|p2a: Great Tusk|65/100
|-damage|p1a: Great Tusk|70/100|[from] item: Rocky Helmet|[of] p2a: Great Tusk
|move|p2a: Great Tusk|Stealth Rock|p1a: Great Tusk
|-sidestart|p1: topmanbladee|move: Stealth Rock
|
|upkeep
|turn|10
|l| 304Collector
|
|t:|1769320648
|move|p1a: Great Tusk|Ice Spinner|p2a: Great Tusk
|-supereffective|p2a: Great Tusk
|-damage|p2a: Great Tusk|34/100
|-damage|p1a: Great Tusk|54/100|[from] item: Rocky Helmet|[of] p2a: Great Tusk
|move|p2a: Great Tusk|Ice Spinner|p1a: Great Tusk
|-supereffective|p1a: Great Tusk
|-damage|p1a: Great Tusk|16/100
|-damage|p2a: Great Tusk|17/100|[from] item: Rocky Helmet|[of] p1a: Great Tusk
|
|upkeep
|turn|11
|j| AmberArm
|
|t:|1769320655
|move|p1a: Great Tusk|Stealth Rock|p2a: Great Tusk
|-sidestart|p2: zong200|move: Stealth Rock
|move|p2a: Great Tusk|Rapid Spin|p1a: Great Tusk
|-damage|p1a: Great Tusk|5/100
|-boost|p2a: Great Tusk|spe|1
|-damage|p2a: Great Tusk|1/100|[from] item: Rocky Helmet|[of] p1a: Great Tusk
|-sideend|p2: zong200|Stealth Rock|[from] move: Rapid Spin|[of] p2a: Great Tusk
|
|upkeep
|turn|12
|
|t:|1769320660
|move|p1a: Great Tusk|Stealth Rock|p2a: Great Tusk
|-sidestart|p2: zong200|move: Stealth Rock
|move|p2a: Great Tusk|Rapid Spin|p1a: Great Tusk
|-damage|p1a: Great Tusk|0 fnt
|-boost|p2a: Great Tusk|spe|1
|-damage|p2a: Great Tusk|0 fnt|[from] item: Rocky Helmet|[of] p1a: Great Tusk
|faint|p1a: Great Tusk
|-end|p1a: Great Tusk|Protosynthesis|[silent]
|faint|p2a: Great Tusk
|-end|p2a: Great Tusk|Protosynthesis|[silent]
|
|upkeep
|j| 304Collector
|
|t:|1769320673
|switch|p2a: Dragapult|Dragapult, F|100/100
|switch|p1a: Kyurem|Kyurem|100/100
|-damage|p1a: Kyurem|76/100|[from] Stealth Rock
|-ability|p1a: Kyurem|Pressure
|turn|13
|
|t:|1769320679
|-terastallize|p1a: Kyurem|Fairy
|move|p2a: Dragapult|U-turn|p1a: Kyurem
|-resisted|p1a: Kyurem
|-damage|p1a: Kyurem|68/100
|
|t:|1769320683
|switch|p2a: Samurott|Samurott-Hisui, M|50/100|[from] U-turn
|-damage|p2a: Samurott|37/100|[from] Stealth Rock
|move|p1a: Kyurem|Freeze-Dry|p2a: Samurott
|-supereffective|p2a: Samurott
|-damage|p2a: Samurott|0 fnt
|faint|p2a: Samurott
|
|upkeep
|
|t:|1769320686
|switch|p2a: Garganacl|Garganacl, M|49/100
|-damage|p2a: Garganacl|37/100|[from] Stealth Rock
|turn|14
|
|t:|1769320692
|switch|p1a: Hatterene|Hatterene, F|100/100
|-damage|p1a: Hatterene|88/100|[from] Stealth Rock
|move|p2a: Garganacl|Recover|p2a: Garganacl
|-heal|p2a: Garganacl|87/100
|
|-heal|p1a: Hatterene|94/100|[from] item: Leftovers
|-heal|p2a: Garganacl|93/100|[from] item: Leftovers
|upkeep
|turn|15
|
|t:|1769320695
|move|p1a: Hatterene|Psychic Noise|p2a: Garganacl
|-damage|p2a: Garganacl|72/100
|-start|p2a: Garganacl|move: Heal Block
|move|p2a: Garganacl|Salt Cure|p1a: Hatterene
|-damage|p1a: Hatterene|83/100
|-start|p1a: Hatterene|Salt Cure
|
|-heal|p1a: Hatterene|89/100|[from] item: Leftovers
|-damage|p1a: Hatterene|77/100|[from] Salt Cure
|upkeep
|turn|16
|
|t:|1769320702
|switch|p2a: Iron Crown|Iron Crown|100/100
|-damage|p2a: Iron Crown|94/100|[from] Stealth Rock
|move|p1a: Hatterene|Draining Kiss|p2a: Iron Crown
|-resisted|p2a: Iron Crown
|-damage|p2a: Iron Crown|83/100
|-heal|p1a: Hatterene|85/100|[from] drain|[of] p2a: Iron Crown
|
|-heal|p1a: Hatterene|91/100|[from] item: Leftovers
|-damage|p1a: Hatterene|79/100|[from] Salt Cure
|upkeep
|turn|17
|
|t:|1769320714
|move|p2a: Iron Crown|Tachyon Cutter|p1a: Hatterene
|-supereffective|p1a: Hatterene
|-damage|p1a: Hatterene|0 fnt
|faint|p1a: Hatterene
|-hitcount|p1: Hatterene|1
|
|upkeep
|
|t:|1769320717
|switch|p1a: Tornadus|Tornadus-Therian, M|100/100
|-damage|p1a: Tornadus|76/100|[from] Stealth Rock
|turn|18
|
|t:|1769320721
|-end|p2a: Iron Crown|Quark Drive|[silent]
|switch|p2a: Garganacl|Garganacl, M|72/100
|-damage|p2a: Garganacl|60/100|[from] Stealth Rock
|move|p1a: Tornadus|Knock Off|p2a: Garganacl
|-damage|p2a: Garganacl|46/100
|-enditem|p2a: Garganacl|Leftovers|[from] move: Knock Off|[of] p1a: Tornadus
|
|upkeep
|turn|19
|
|t:|1769320724
|move|p1a: Tornadus|U-turn|p2a: Garganacl
|-crit|p2a: Garganacl
|-damage|p2a: Garganacl|31/100
|
|t:|1769320727
|switch|p1a: Cinderace|Cinderace, F|100/100 par|[from] U-turn
|move|p2a: Garganacl|Salt Cure|p1a: Cinderace
|-supereffective|p1a: Cinderace
|-damage|p1a: Cinderace|60/100 par
|-start|p1a: Cinderace|Salt Cure
|
|-damage|p1a: Cinderace|48/100 par|[from] Salt Cure
|upkeep
|turn|20
|
|t:|1769320731
|cant|p1a: Cinderace|par
|move|p2a: Garganacl|Recover|p2a: Garganacl
|-heal|p2a: Garganacl|81/100
|
|-damage|p1a: Cinderace|35/100 par|[from] Salt Cure
|upkeep
|turn|21
|
|t:|1769320736
|move|p1a: Cinderace|U-turn|p2a: Garganacl
|-start|p1a: Cinderace|typechange|Bug|[from] ability: Libero
|-damage|p2a: Garganacl|58/100
|
|t:|1769320737
|switch|p1a: Kyurem|Kyurem, tera:Fairy|68/100|[from] U-turn
|-damage|p1a: Kyurem|55/100|[from] Stealth Rock
|-ability|p1a: Kyurem|Pressure
|move|p2a: Garganacl|Salt Cure|p1a: Kyurem
|-damage|p1a: Kyurem|42/100
|-start|p1a: Kyurem|Salt Cure
|
|-damage|p1a: Kyurem|29/100|[from] Salt Cure
|upkeep
|turn|22
|
|t:|1769320747
|-terastallize|p2a: Garganacl|Water
|move|p1a: Kyurem|Earth Power|p2a: Garganacl
|-damage|p2a: Garganacl|26/100
|move|p2a: Garganacl|Recover|p2a: Garganacl
|-heal|p2a: Garganacl|76/100
|
|-damage|p1a: Kyurem|17/100|[from] Salt Cure
|upkeep
|turn|23
|
|t:|1769320755
|move|p1a: Kyurem|Earth Power|p2a: Garganacl
|-damage|p2a: Garganacl|44/100
|move|p2a: Garganacl|Curse|p2a: Garganacl
|-unboost|p2a: Garganacl|spe|1
|-boost|p2a: Garganacl|atk|1
|-boost|p2a: Garganacl|def|1
|
|-damage|p1a: Kyurem|5/100|[from] Salt Cure
|upkeep
|turn|24
|
|t:|1769320758
|move|p1a: Kyurem|Earth Power|p2a: Garganacl
|-damage|p2a: Garganacl|15/100
|move|p2a: Garganacl|Recover|p2a: Garganacl
|-heal|p2a: Garganacl|65/100
|
|-damage|p1a: Kyurem|0 fnt|[from] Salt Cure
|faint|p1a: Kyurem
|upkeep
|
|t:|1769320765
|switch|p1a: Tornadus|Tornadus-Therian, M|100/100
|-damage|p1a: Tornadus|76/100|[from] Stealth Rock
|turn|25
|
|t:|1769320767
|move|p1a: Tornadus|Bleakwind Storm|p2a: Garganacl
|-damage|p2a: Garganacl|43/100
|move|p2a: Garganacl|Salt Cure|p1a: Tornadus
|-supereffective|p1a: Tornadus
|-damage|p1a: Tornadus|27/100
|-start|p1a: Tornadus|Salt Cure
|
|-damage|p1a: Tornadus|14/100|[from] Salt Cure
|upkeep
|turn|26
|
|t:|1769320769
|move|p1a: Tornadus|Bleakwind Storm|p2a: Garganacl|[miss]
|-miss|p1a: Tornadus|p2a: Garganacl
|move|p2a: Garganacl|Recover|p2a: Garganacl
|-heal|p2a: Garganacl|93/100
|
|-damage|p1a: Tornadus|2/100|[from] Salt Cure
|upkeep
|turn|27
|
|t:|1769320772
|move|p1a: Tornadus|Bleakwind Storm|p2a: Garganacl
|-damage|p2a: Garganacl|70/100
|move|p2a: Garganacl|Curse|p2a: Garganacl
|-unboost|p2a: Garganacl|spe|1
|-boost|p2a: Garganacl|atk|1
|-boost|p2a: Garganacl|def|1
|
|-damage|p1a: Tornadus|0 fnt|[from] Salt Cure
|faint|p1a: Tornadus
|upkeep
|l| AmberArm
|
|t:|1769320777
|switch|p1a: Kingambit|Kingambit, F|100/100
|-damage|p1a: Kingambit|94/100|[from] Stealth Rock
|-activate|p1a: Kingambit|ability: Supreme Overlord
|-start|p1a: Kingambit|fallen4|[silent]
|turn|28
|
|t:|1769320784
|move|p1a: Kingambit|Swords Dance|p1a: Kingambit
|-boost|p1a: Kingambit|atk|2
|move|p2a: Garganacl|Earthquake|p1a: Kingambit
|-supereffective|p1a: Kingambit
|-damage|p1a: Kingambit|31/100
|
|-heal|p1a: Kingambit|37/100|[from] item: Leftovers
|upkeep
|turn|29
|
|t:|1769320788
|move|p1a: Kingambit|Kowtow Cleave|p2a: Garganacl
|-crit|p2a: Garganacl
|-damage|p2a: Garganacl|0 fnt
|faint|p2a: Garganacl
|
|-heal|p1a: Kingambit|43/100|[from] item: Leftovers
|upkeep
|
|t:|1769320791
|switch|p2a: Dragapult|Dragapult, F|100/100
|turn|30
|
|t:|1769320794
|move|p1a: Kingambit|Sucker Punch||[still]
|-fail|p1a: Kingambit
|move|p2a: Dragapult|Will-O-Wisp|p1a: Kingambit
|-status|p1a: Kingambit|brn
|
|-heal|p1a: Kingambit|49/100 brn|[from] item: Leftovers
|-damage|p1a: Kingambit|43/100 brn|[from] brn
|upkeep
|turn|31
|
|t:|1769320801
|move|p1a: Kingambit|Sucker Punch|p2a: Dragapult
|-supereffective|p2a: Dragapult
|-damage|p2a: Dragapult|0 fnt
|faint|p2a: Dragapult
|
|-heal|p1a: Kingambit|49/100 brn|[from] item: Leftovers
|-damage|p1a: Kingambit|43/100 brn|[from] brn
|upkeep
|
|t:|1769320803
|switch|p2a: Iron Crown|Iron Crown|83/100
|-damage|p2a: Iron Crown|77/100|[from] Stealth Rock
|turn|32
|
|t:|1769320806
|move|p1a: Kingambit|Sucker Punch|p2a: Iron Crown
|-supereffective|p2a: Iron Crown
|-damage|p2a: Iron Crown|0 fnt
|faint|p2a: Iron Crown
|-end|p2a: Iron Crown|Quark Drive|[silent]
|
|win|topmanbladee
|raw|topmanbladee's rating: 1746 &rarr; <strong>1761</strong><br />(+15 for winning)
|raw|zong200's rating: 1658 &rarr; <strong>1643</strong><br />(-15 for losing)
|l|☆topmanbladee
|player|p1|
|l| 304Collector
