|j|☆ghighas
|j|☆Jhkhgfd
|t:|1769320113
|gametype|singles
|player|p1|ghighas|ghetsis|1338
|player|p2|Jhkhgfd|170|1369
|gen|9
|tier|[Gen 9] OU
|rated|
|rule|HP Percentage Mod: HP is shown in percentages
|rule|Endless Battle Clause: Forcing endless battles is banned
|rule|Species Clause: Limit one of each Pokémon
|rule|OHKO Clause: OHKO moves are banned
|rule|Evasion Items Clause: Evasion items are banned
|rule|Evasion Moves Clause: Evasion moves are banned
|rule|Evasion Abilities Clause: Evasion abilities are banned
|rule|Sleep Moves Clause: Sleep-inducing moves are banned
|clearpoke
|poke|p1|Barraskewda, M|
|poke|p1|Pelipper, M|
|poke|p1|Dondozo, F|
|poke|p1|Ogerpon-Wellspring, F|
|poke|p1|Goodra-Hisui, M|
|poke|p1|Great Tusk|
|poke|p2|Tinkaton, F|
|poke|p2|Ogerpon, F|
|poke|p2|Great Tusk|
|poke|p2|Pecharunt|
|poke|p2|Alomomola, M|
|poke|p2|Hydreigon, M|
|teampreview
|l|☆Jhkhgfd
|player|p2|
|j|☆Jhkhgfd
|player|p2|Jhkhgfd|170|
|inactive|Battle timer is ON: inactive players will automatically lose when time's up. (requested by Jhkhgfd)
|l|☆Jhkhgfd
|inactive|Jhkhgfd disconnected and has a minute to reconnect!
|player|p2|
|j|☆Jhkhgfd
|inactive|Jhkhgfd reconnected.
|player|p2|Jhkhgfd|170|
|
|t:|1769320276
|teamsize|p1|6
|teamsize|p2|6
|start
|switch|p1a: Pelipper|Pelipper, M|100/100
|switch|p2a: Hybrid|Hydreigon, M, shiny|100/100
|-weather|RainDance|[from] ability: Drizzle|[of] p1a: Pelipper
|turn|1
|
|t:|1769320279
|switch|p1a: Goodra|Goodra-Hisui, M|100/100
|move|p2a: Hybrid|Draco Meteor|p1a: Goodra
|-damage|p1a: Goodra|42/100
|-unboost|p2a: Hybrid|spa|2
|
|-weather|RainDance|[upkeep]
|upkeep
|turn|2
|
|t:|1769320286
|switch|p2a: Pisces|Alomomola, M, shiny|100/100
|-terastallize|p1a: Goodra|Ghost
|move|p1a: Goodra|Dragon Tail|p2a: Pisces
|-damage|p2a: Pisces|83/100
|drag|p2a: Anonymous|Ogerpon, F|100/100
|
|-weather|RainDance|[upkeep]
|upkeep
|turn|3
|inactive|ghighas has 120 seconds left.
|inactive|ghighas has 90 seconds left.
|
|t:|1769320365
|move|p2a: Anonymous|Knock Off|p1a: Goodra
|-supereffective|p1a: Goodra
|-damage|p1a: Goodra|0 fnt
|-enditem|p1a: Goodra|Heavy-Duty Boots|[from] move: Knock Off|[of] p2a: Anonymous
|faint|p1a: Goodra
|
|-weather|RainDance|[upkeep]
|upkeep
|
|t:|1769320368
|switch|p1a: Pelipper|Pelipper, M|100/100
|turn|4
|
|t:|1769320373
|switch|p2a: Pisces|Alomomola, M, shiny|100/100
|move|p1a: Pelipper|Hurricane|p2a: Pisces
|-damage|p2a: Pisces|84/100
|
|-weather|RainDance|[upkeep]
|upkeep
|turn|5
|inactive|ghighas has 90 seconds left.
|
|t:|1769320388
|switch|p1a: Ogerpon|Ogerpon-Wellspring, F|100/100
|switch|p2a: Smile.exe|Tinkaton, F, shiny|100/100
|-item|p2a: Smile.exe|Air Balloon
|
|-weather|RainDance|[upkeep]
|upkeep
|turn|6
|
|t:|1769320392
|move|p1a: Ogerpon|Ivy Cudgel|p2a: Smile.exe|[anim] Ivy Cudgel Water
|-crit|p2a: Smile.exe
|-damage|p2a: Smile.exe|0 fnt
|-enditem|p2a: Smile.exe|Air Balloon
|faint|p2a: Smile.exe
|
|-weather|RainDance|[upkeep]
|upkeep
|
|t:|1769320398
|switch|p2a: Anonymous|Ogerpon, F|100/100
|turn|7
|
|t:|1769320402
|switch|p1a: Pelipper|Pelipper, M|100/100
|-terastallize|p2a: Anonymous|Grass
|detailschange|p2a: Anonymous|Ogerpon-Teal-Tera, F, tera:Grass
|-ability|p2a: Anonymous|Embody Aspect (Teal)|boost
|-boost|p2a: Anonymous|spe|1
|move|p2a: Anonymous|Ivy Cudgel|p1a: Pelipper
|-damage|p1a: Pelipper|16/100
|
|-weather|RainDance|[upkeep]
|upkeep
|turn|8
|
|t:|1769320404
|move|p2a: Anonymous|Ivy Cudgel|p1a: Pelipper
|-damage|p1a: Pelipper|0 fnt
|faint|p1a: Pelipper
|
|-weather|none
|upkeep
|
|t:|1769320406
|switch|p1a: Dondozo|Dondozo, F|100/100
|turn|9
|
|t:|1769320409
|move|p2a: Anonymous|Ivy Cudgel|p1a: Dondozo
|-supereffective|p1a: Dondozo
|-crit|p1a: Dondozo
|-damage|p1a: Dondozo|0 fnt
|faint|p1a: Dondozo
|
|upkeep
|-message|ghighas forfeited.
|
|win|Jhkhgfd
|raw|ghighas's rating: 1380 &rarr; <strong>1359</strong><br />(-21 for losing)
|raw|Jhkhgfd's rating: 1369 &rarr; <strong>1390</strong><br />(+21 for winning)
|l|☆ghighas
|player|p1|
|l|☆Jhkhgfd
|player|p2|
