|j|☆mellow_series1
|j|☆Enrod
|t:|1769307544
|gametype|singles
|player|p1|mellow_series1|blue|1228
|player|p2|Enrod|1|1194
|gen|9
|tier|[Gen 9] OU
|rated|
|rule|HP Percentage Mod: HP is shown in percentages
|rule|Endless Battle Clause: Forcing endless battles is banned
|rule|Species Clause: Limit one of each Pokémon
|rule|OHKO Clause: OHKO moves are banned
|rule|Evasion Items Clause: Evasion items are banned
|rule|Evasion Moves Clause: Evasion moves are banned
|rule|Evasion Abilities Clause: Evasion abilities are banned
|rule|Sleep Moves Clause: Sleep-inducing moves are banned
|clearpoke
|poke|p1|Ceruledge, F|
|poke|p1|Scizor, M|
|poke|p1|Greninja-*, M|
|poke|p1|Hawlucha, M|
|poke|p1|Mamoswine, M|
|poke|p1|Zoroark-Hisui, F|
|poke|p2|Dragapult, F|
|poke|p2|Garganacl, F|
|poke|p2|Scizor, F|
|poke|p2|Landorus-Therian, M|
|poke|p2|Conkeldurr, F|
|poke|p2|Quaquaval, F|
|teampreview
|inactive|Battle timer is ON: inactive players will automatically lose when time's up. (requested by Enrod)
|
|t:|1769307560
|teamsize|p1|6
|teamsize|p2|6
|start
|switch|p1a: Ötzi|Mamoswine, M|100/100
|switch|p2a: Quaquaval|Quaquaval, F|100/100
|turn|1
|
|t:|1769307570
|move|p2a: Quaquaval|Flip Turn|p1a: Ötzi
|-supereffective|p1a: Ötzi
|-damage|p1a: Ötzi|41/100
|
|t:|1769307576
|switch|p2a: Conkeldurr|Conkeldurr, F|100/100|[from] Flip Turn
|move|p1a: Ötzi|Stealth Rock|p2a: Conkeldurr
|-sidestart|p2: Enrod|move: Stealth Rock
|
|-status|p2a: Conkeldurr|brn|[from] item: Flame Orb
|upkeep
|turn|2
|
|t:|1769307589
|move|p1a: Ötzi|Ice Shard|p2a: Conkeldurr
|-damage|p2a: Conkeldurr|82/100 brn
|move|p2a: Conkeldurr|Defog|p1a: Ötzi
|-unboost|p1a: Ötzi|evasion|1
|-sideend|p2: Enrod|Stealth Rock|[from] move: Defog|[of] p2a: Conkeldurr
|
|-damage|p2a: Conkeldurr|76/100 brn|[from] brn
|upkeep
|turn|3
|
|t:|1769307598
|move|p1a: Ötzi|Stealth Rock|p2a: Conkeldurr
|-sidestart|p2: Enrod|move: Stealth Rock
|move|p2a: Conkeldurr|Drain Punch|p1a: Ötzi
|-supereffective|p1a: Ötzi
|-damage|p1a: Ötzi|0 fnt
|-heal|p2a: Conkeldurr|94/100 brn|[from] drain|[of] p1a: Ötzi
|faint|p1a: Ötzi
|
|-damage|p2a: Conkeldurr|88/100 brn|[from] brn
|upkeep
|
|t:|1769307616
|switch|p1a: Buckshot|Ceruledge, F|100/100
|turn|4
|
|t:|1769307633
|-terastallize|p1a: Buckshot|Grass
|move|p1a: Buckshot|Swords Dance|p1a: Buckshot
|-boost|p1a: Buckshot|atk|2
|move|p2a: Conkeldurr|Defog|p1a: Buckshot
|-unboost|p1a: Buckshot|evasion|1
|-sideend|p2: Enrod|Stealth Rock|[from] move: Defog|[of] p2a: Conkeldurr
|
|-damage|p2a: Conkeldurr|82/100 brn|[from] brn
|upkeep
|turn|5
|
|t:|1769307645
|move|p1a: Buckshot|Poltergeist|p2a: Conkeldurr
|-activate|p2a: Conkeldurr|move: Poltergeist|Flame Orb
|-damage|p2a: Conkeldurr|0 fnt
|faint|p2a: Conkeldurr
|
|upkeep
|
|t:|1769307658
|switch|p2a: Scizor|Scizor, F|100/100
|turn|6
|
|t:|1769307668
|move|p1a: Buckshot|Bitter Blade|p2a: Scizor
|-supereffective|p2a: Scizor
|-damage|p2a: Scizor|0 fnt
|faint|p2a: Scizor
|
|upkeep
|
|t:|1769307675
|switch|p2a: Garganacl|Garganacl, F|100/100
|turn|7
|
|t:|1769307680
|-terastallize|p2a: Garganacl|Ghost
|move|p1a: Buckshot|Close Combat|p2a: Garganacl
|-immune|p2a: Garganacl
|move|p2a: Garganacl|Salt Cure|p1a: Buckshot
|-damage|p1a: Buckshot|83/100
|-start|p1a: Buckshot|Salt Cure
|-ability|p1a: Buckshot|Weak Armor|boost
|-unboost|p1a: Buckshot|def|1
|-boost|p1a: Buckshot|spe|2
|
|-damage|p1a: Buckshot|70/100|[from] Salt Cure
|upkeep
|turn|8
|
|t:|1769307695
|move|p1a: Buckshot|Swords Dance|p1a: Buckshot
|-boost|p1a: Buckshot|atk|2
|move|p2a: Garganacl|Iron Defense|p2a: Garganacl
|-boost|p2a: Garganacl|def|2
|
|-damage|p1a: Buckshot|58/100|[from] Salt Cure
|upkeep
|turn|9
|
|t:|1769307704
|move|p1a: Buckshot|Bitter Blade|p2a: Garganacl
|-damage|p2a: Garganacl|59/100
|-heal|p1a: Buckshot|87/100|[from] drain|[of] p2a: Garganacl
|move|p2a: Garganacl|Body Press|p1a: Buckshot
|-damage|p1a: Buckshot|0 fnt
|faint|p1a: Buckshot
|
|-heal|p2a: Garganacl|65/100|[from] item: Leftovers
|upkeep
|
|t:|1769307723
|switch|p1a: Joaquin|Hawlucha, M|100/100
|turn|10
|
|t:|1769307734
|move|p1a: Joaquin|Nasty Plot|p1a: Joaquin
|-boost|p1a: Joaquin|spa|2
|move|p2a: Garganacl|Salt Cure|p1a: Joaquin
|-crit|p1a: Joaquin
|-damage|p1a: Joaquin|59/100
|-start|p1a: Joaquin|Salt Cure
|replace|p1a: Luna|Zoroark-Hisui, F
|-end|p1a: Luna|Illusion
|
|-heal|p2a: Garganacl|71/100|[from] item: Leftovers
|-damage|p1a: Luna|47/100|[from] Salt Cure
|upkeep
|turn|11
|
|t:|1769307750
|move|p2a: Garganacl|Protect|p2a: Garganacl
|-singleturn|p2a: Garganacl|Protect
|move|p1a: Luna|Grass Knot|p2a: Garganacl
|-activate|p2a: Garganacl|move: Protect
|
|-heal|p2a: Garganacl|77/100|[from] item: Leftovers
|-damage|p1a: Luna|34/100|[from] Salt Cure
|upkeep
|turn|12
|
|t:|1769307763
|move|p1a: Luna|Bitter Malice|p2a: Garganacl
|-supereffective|p2a: Garganacl
|-damage|p2a: Garganacl|0 fnt
|faint|p2a: Garganacl
|-damage|p1a: Luna|24/100|[from] item: Life Orb
|
|-damage|p1a: Luna|12/100|[from] Salt Cure
|upkeep
|
|t:|1769307776
|switch|p2a: Quaquaval|Quaquaval, F|100/100
|turn|13
|
|t:|1769307785
|move|p1a: Luna|Bitter Malice|p2a: Quaquaval
|-damage|p2a: Quaquaval|0 fnt
|faint|p2a: Quaquaval
|-damage|p1a: Luna|2/100|[from] item: Life Orb
|
|-damage|p1a: Luna|0 fnt|[from] Salt Cure
|faint|p1a: Luna
|upkeep
|
|t:|1769307801
|switch|p1a: Joaquin|Hawlucha, M|100/100
|switch|p2a: Dragapult|Dragapult, F|100/100
|turn|14
|
|t:|1769307810
|move|p2a: Dragapult|Dragon Dance|p2a: Dragapult
|-boost|p2a: Dragapult|atk|1
|-boost|p2a: Dragapult|spe|1
|move|p1a: Joaquin|Acrobatics|p2a: Dragapult
|-damage|p2a: Dragapult|64/100
|
|upkeep
|turn|15
|
|t:|1769307818
|move|p2a: Dragapult|Dragon Dance|p2a: Dragapult
|-boost|p2a: Dragapult|atk|1
|-boost|p2a: Dragapult|spe|1
|move|p1a: Joaquin|Encore|p2a: Dragapult
|-start|p2a: Dragapult|Encore
|
|upkeep
|turn|16
|
|t:|1769307826
|switch|p2a: Landorus|Landorus-Therian, M|100/100
|-ability|p2a: Landorus|Intimidate|boost
|-unboost|p1a: Joaquin|atk|1
|-enditem|p1a: Joaquin|White Herb
|-clearnegativeboost|p1a: Joaquin|[silent]
|move|p1a: Joaquin|Acrobatics|p2a: Landorus
|-damage|p2a: Landorus|52/100
|-damage|p1a: Joaquin|84/100|[from] item: Rocky Helmet|[of] p2a: Landorus
|
|upkeep
|turn|17
|
|t:|1769307843
|move|p1a: Joaquin|Swords Dance|p1a: Joaquin
|-boost|p1a: Joaquin|atk|2
|move|p2a: Landorus|U-turn|p1a: Joaquin
|-resisted|p1a: Joaquin
|-damage|p1a: Joaquin|76/100
|
|t:|1769307849
|switch|p2a: Dragapult|Dragapult, F|64/100|[from] U-turn
|
|upkeep
|turn|18
|
|t:|1769307854
|move|p1a: Joaquin|Acrobatics|p2a: Dragapult
|-damage|p2a: Dragapult|0 fnt
|faint|p2a: Dragapult
|
|upkeep
|-message|Enrod forfeited.
|
|win|mellow_series1
|raw|mellow_series1's rating: 1228 &rarr; <strong>1251</strong><br />(+23 for winning)
|raw|Enrod's rating: 1194 &rarr; <strong>1171</strong><br />(-23 for losing)
|l|☆Enrod
|player|p2|
