|j|☆DkDwDh
|j|‽shontha
|t:|1769357617
|gametype|singles
|player|p1|DkDwDh|unknown|1115
|player|p2|shontha|169|1087
|gen|9
|tier|[Gen 9] OU
|rated|
|rule|HP Percentage Mod: HP is shown in percentages
|rule|Endless Battle Clause: Forcing endless battles is banned
|rule|Species Clause: Limit one of each Pokémon
|rule|OHKO Clause: OHKO moves are banned
|rule|Evasion Items Clause: Evasion items are banned
|rule|Evasion Moves Clause: Evasion moves are banned
|rule|Evasion Abilities Clause: Evasion abilities are banned
|rule|Sleep Moves Clause: Sleep-inducing moves are banned
|clearpoke
|poke|p1|Lokix, M|
|poke|p1|Great Tusk|
|poke|p1|Ogerpon-Wellspring, F|
|poke|p1|Corviknight, M|
|poke|p1|Slowking-Galar, F|
|poke|p1|Dragapult, M|
|poke|p2|Metagross|
|poke|p2|Swampert, F|
|poke|p2|Amoonguss, M|
|poke|p2|Dragonite, M|
|poke|p2|Heracross, F|
|poke|p2|Chandelure, F|
|teampreview
|inactive|Battle timer is ON: inactive players will automatically lose when time's up. (requested by DkDwDh)
|
|t:|1769357632
|teamsize|p1|6
|teamsize|p2|6
|start
|switch|p1a: Dragapult|Dragapult, M|100/100
|switch|p2a: Amoonguss|Amoonguss, M|100/100
|turn|1
|
|t:|1769357641
|move|p2a: Amoonguss|Protect|p2a: Amoonguss
|-singleturn|p2a: Amoonguss|Protect
|move|p1a: Dragapult|U-turn|p2a: Amoonguss
|-activate|p2a: Amoonguss|move: Protect
|
|upkeep
|turn|2
|
|t:|1769357647
|move|p1a: Dragapult|U-turn|p2a: Amoonguss
|-damage|p2a: Amoonguss|82/100
|
|t:|1769357650
|switch|p1a: Ogerpon|Ogerpon-Wellspring, F|100/100|[from] U-turn
|move|p2a: Amoonguss|Toxic|p1a: Ogerpon
|-status|p1a: Ogerpon|tox
|
|-heal|p2a: Amoonguss|88/100|[from] item: Leftovers
|-damage|p1a: Ogerpon|95/100 tox|[from] psn
|upkeep
|turn|3
|
|t:|1769357666
|move|p1a: Ogerpon|Spikes|p2a: Amoonguss
|-sidestart|p2: shontha|Spikes
|move|p2a: Amoonguss|Giga Drain|p1a: Ogerpon
|-damage|p1a: Ogerpon|70/100 tox
|-heal|p2a: Amoonguss|96/100|[from] drain|[of] p1a: Ogerpon
|
|-heal|p2a: Amoonguss|100/100|[from] item: Leftovers
|-damage|p1a: Ogerpon|58/100 tox|[from] psn
|upkeep
|turn|4
|
|t:|1769357677
|move|p1a: Ogerpon|U-turn|p2a: Amoonguss
|-damage|p2a: Amoonguss|74/100
|
|t:|1769357680
|switch|p1a: Slowking|Slowking-Galar, F|100/100|[from] U-turn
|move|p2a: Amoonguss|Giga Drain|p1a: Slowking
|-resisted|p1a: Slowking
|-damage|p1a: Slowking|95/100
|-heal|p2a: Amoonguss|76/100|[from] drain|[of] p1a: Slowking
|
|-heal|p2a: Amoonguss|83/100|[from] item: Leftovers
|upkeep
|turn|5
|
|t:|1769357707
|switch|p2a: Swampert|Swampert, F|100/100
|move|p1a: Slowking|Psychic Noise|p2a: Swampert
|-damage|p2a: Swampert|67/100
|-start|p2a: Swampert|move: Heal Block
|
|upkeep
|turn|6
|
|t:|1769357721
|switch|p1a: Ogerpon|Ogerpon-Wellspring, F|58/100 tox
|move|p2a: Swampert|Knock Off|p1a: Ogerpon
|-crit|p1a: Ogerpon
|-damage|p1a: Ogerpon|12/100 tox
|
|-damage|p1a: Ogerpon|6/100 tox|[from] psn
|-end|p2a: Swampert|move: Heal Block
|upkeep
|turn|7
|
|t:|1769357738
|switch|p2a: Dragonite|Dragonite, M|100/100
|move|p1a: Ogerpon|Ivy Cudgel|p2a: Dragonite|[anim] Ivy Cudgel Water
|-resisted|p2a: Dragonite
|-damage|p2a: Dragonite|66/100
|
|-damage|p1a: Ogerpon|0 fnt|[from] psn
|faint|p1a: Ogerpon
|upkeep
|
|t:|1769357764
|switch|p1a: Great Tusk|Great Tusk|100/100
|turn|8
|inactive|shontha has 120 seconds left.
|
|t:|1769357792
|move|p1a: Great Tusk|Stealth Rock|p2a: Dragonite
|-sidestart|p2: shontha|move: Stealth Rock
|move|p2a: Dragonite|Dragon Claw|p1a: Great Tusk
|-damage|p1a: Great Tusk|50/100
|
|upkeep
|turn|9
|inactive|shontha has 120 seconds left.
|
|t:|1769357798
|move|p1a: Great Tusk|Ice Spinner|p2a: Dragonite
|-supereffective|p2a: Dragonite
|-damage|p2a: Dragonite|0 fnt
|faint|p2a: Dragonite
|
|upkeep
|inactive|shontha has 120 seconds left.
|
|t:|1769357831
|switch|p2a: Swampert|Swampert, F|67/100
|turn|10
|
|t:|1769357842
|move|p1a: Great Tusk|Headlong Rush|p2a: Swampert
|-damage|p2a: Swampert|13/100
|-unboost|p1a: Great Tusk|def|1
|-unboost|p1a: Great Tusk|spd|1
|move|p2a: Swampert|Earthquake|p1a: Great Tusk
|-damage|p1a: Great Tusk|0 fnt
|faint|p1a: Great Tusk
|-end|p1a: Great Tusk|Protosynthesis|[silent]
|
|upkeep
|
|t:|1769357850
|switch|p1a: Dragapult|Dragapult, M|100/100
|turn|11
|
|t:|1769357860
|move|p1a: Dragapult|Hex|p2a: Swampert
|-damage|p2a: Swampert|0 fnt
|faint|p2a: Swampert
|
|upkeep
|inactive|shontha has 90 seconds left.
|
|t:|1769357883
|switch|p2a: Metagross|Metagross|100/100
|-damage|p2a: Metagross|88/100|[from] Spikes
|-damage|p2a: Metagross|82/100|[from] Stealth Rock
|turn|12
|
|t:|1769357900
|-terastallize|p2a: Metagross|Steel
|move|p1a: Dragapult|U-turn|p2a: Metagross
|-resisted|p2a: Metagross
|-damage|p2a: Metagross|76/100
|-damage|p1a: Dragapult|84/100|[from] item: Rocky Helmet|[of] p2a: Metagross
|
|t:|1769357906
|switch|p1a: Slowking|Slowking-Galar, F|100/100|[from] U-turn
|move|p2a: Metagross|Knock Off|p1a: Slowking
|-supereffective|p1a: Slowking
|-damage|p1a: Slowking|35/100
|-enditem|p1a: Slowking|Assault Vest|[from] move: Knock Off|[of] p2a: Metagross
|
|upkeep
|turn|13
|
|t:|1769357918
|move|p2a: Metagross|Psychic Fangs|p1a: Slowking
|-damage|p1a: Slowking|0 fnt
|faint|p1a: Slowking
|
|upkeep
|
|t:|1769357929
|switch|p1a: Lokix|Lokix, M|100/100
|turn|14
|
|t:|1769357940
|move|p1a: Lokix|First Impression|p2a: Metagross
|-resisted|p2a: Metagross
|-damage|p2a: Metagross|46/100
|-damage|p1a: Lokix|84/100|[from] item: Rocky Helmet|[of] p2a: Metagross
|move|p2a: Metagross|Ice Punch|p1a: Lokix
|-damage|p1a: Lokix|39/100
|
|upkeep
|turn|15
|
|t:|1769357948
|move|p1a: Lokix|Knock Off|p2a: Metagross
|-damage|p2a: Metagross|3/100
|-damage|p1a: Lokix|22/100|[from] item: Rocky Helmet|[of] p2a: Metagross
|-enditem|p2a: Metagross|Rocky Helmet|[from] move: Knock Off|[of] p1a: Lokix
|move|p2a: Metagross|Ice Punch|p1a: Lokix
|-crit|p1a: Lokix
|-damage|p1a: Lokix|0 fnt
|faint|p1a: Lokix
|
|upkeep
|
|t:|1769357953
|switch|p1a: Dragapult|Dragapult, M|84/100
|turn|16
|inactive|shontha has 120 seconds left.
|
|t:|1769357959
|move|p1a: Dragapult|Hex|p2a: Metagross
|-damage|p2a: Metagross|0 fnt
|faint|p2a: Metagross
|
|upkeep
|inactive|shontha has 120 seconds left.
|
|t:|1769357970
|switch|p2a: Amoonguss|Amoonguss, M|83/100
|-damage|p2a: Amoonguss|70/100|[from] Spikes
|-damage|p2a: Amoonguss|58/100|[from] Stealth Rock
|turn|17
|inactive|shontha has 120 seconds left.
|
|t:|1769357997
|switch|p2a: Chandelure|Chandelure, F|100/100
|-damage|p2a: Chandelure|88/100|[from] Spikes
|-damage|p2a: Chandelure|63/100|[from] Stealth Rock
|move|p1a: Dragapult|U-turn|p2a: Chandelure
|-resisted|p2a: Chandelure
|-damage|p2a: Chandelure|57/100
|
|t:|1769358010
|switch|p1a: Corviknight|Corviknight, M|100/100|[from] U-turn
|-ability|p1a: Corviknight|Pressure
|
|upkeep
|turn|18
|
|t:|1769358021
|move|p2a: Chandelure|Flamethrower|p1a: Corviknight
|-supereffective|p1a: Corviknight
|-damage|p1a: Corviknight|0 fnt
|faint|p1a: Corviknight
|
|upkeep
|
|t:|1769358024
|switch|p1a: Dragapult|Dragapult, M|84/100
|turn|19
|
|t:|1769358028
|move|p1a: Dragapult|Hex|p2a: Chandelure
|-supereffective|p2a: Chandelure
|-damage|p2a: Chandelure|0 fnt
|faint|p2a: Chandelure
|
|upkeep
|
|t:|1769358038
|switch|p2a: Heracross|Heracross, F|100/100
|-damage|p2a: Heracross|88/100|[from] Spikes
|-damage|p2a: Heracross|76/100|[from] Stealth Rock
|turn|20
|
|t:|1769358044
|-terastallize|p1a: Dragapult|Dragon
|move|p1a: Dragapult|Will-O-Wisp|p2a: Heracross
|-status|p2a: Heracross|brn
|move|p2a: Heracross|Knock Off|p1a: Dragapult
|-damage|p1a: Dragapult|64/100
|-enditem|p1a: Dragapult|Heavy-Duty Boots|[from] move: Knock Off|[of] p2a: Heracross
|
|-damage|p2a: Heracross|70/100 brn|[from] brn
|upkeep
|turn|21
|inactive|shontha has 120 seconds left.
|
|t:|1769358078
|move|p1a: Dragapult|Hex|p2a: Heracross
|-damage|p2a: Heracross|2/100 brn
|move|p2a: Heracross|Megahorn|p1a: Dragapult
|-damage|p1a: Dragapult|0 fnt
|faint|p1a: Dragapult
|
|win|shontha
|raw|DkDwDh's rating: 1115 &rarr; <strong>1088</strong><br />(-27 for losing)
|raw|shontha's rating: 1087 &rarr; <strong>1116</strong><br />(+29 for winning)
|l|☆DkDwDh
|player|p1|
