|j|☆alexismarelli
|j|☆RatConjoe
|t:|1769292822
|gametype|singles
|player|p1|alexismarelli|102|1069
|player|p2|RatConjoe|dawn|1121
|gen|9
|tier|[Gen 9] OU
|rated|
|rule|HP Percentage Mod: HP is shown in percentages
|rule|Endless Battle Clause: Forcing endless battles is banned
|rule|Species Clause: Limit one of each Pokémon
|rule|OHKO Clause: OHKO moves are banned
|rule|Evasion Items Clause: Evasion items are banned
|rule|Evasion Moves Clause: Evasion moves are banned
|rule|Evasion Abilities Clause: Evasion abilities are banned
|rule|Sleep Moves Clause: Sleep-inducing moves are banned
|clearpoke
|poke|p1|Smeargle, M|
|poke|p1|Furret, M|
|poke|p1|Gumshoos, M|
|poke|p1|Persian, M|
|poke|p1|Zangoose, F|
|poke|p1|Greedent, M|
|poke|p2|Ceruledge, F|
|poke|p2|Grafaiai, F|
|poke|p2|Meowscarada, F|
|poke|p2|Espeon, M|
|poke|p2|Milotic, M|
|poke|p2|Sandslash, M|
|teampreview
|
|t:|1769292848
|teamsize|p1|6
|teamsize|p2|6
|start
|switch|p1a: Smeargle|Smeargle, M|100/100
|switch|p2a: Sandslash|Sandslash, M|100/100
|turn|1
|
|t:|1769292858
|move|p1a: Smeargle|Shell Smash|p1a: Smeargle
|-unboost|p1a: Smeargle|def|1
|-unboost|p1a: Smeargle|spd|1
|-boost|p1a: Smeargle|atk|2
|-boost|p1a: Smeargle|spa|2
|-boost|p1a: Smeargle|spe|2
|move|p2a: Sandslash|Stealth Rock|p1a: Smeargle
|-sidestart|p1: alexismarelli|move: Stealth Rock
|
|upkeep
|turn|2
|
|t:|1769292868
|switch|p2a: Milotic|Milotic, M|100/100
|move|p1a: Smeargle|Population Bomb|p2a: Milotic
|-damage|p2a: Milotic|91/100
|-damage|p2a: Milotic|81/100
|-damage|p2a: Milotic|71/100
|-damage|p2a: Milotic|62/100
|-damage|p2a: Milotic|52/100
|-damage|p2a: Milotic|43/100
|-damage|p2a: Milotic|32/100
|-damage|p2a: Milotic|22/100
|-damage|p2a: Milotic|13/100
|-damage|p2a: Milotic|3/100
|-hitcount|p2a: Milotic|10
|
|-status|p2a: Milotic|brn|[from] item: Flame Orb
|upkeep
|turn|3
|
|t:|1769292893
|move|p1a: Smeargle|Population Bomb|p2a: Milotic
|-damage|p2a: Milotic|0 fnt
|faint|p2a: Milotic
|-hitcount|p2: Milotic|1
|
|upkeep
|
|t:|1769292904
|switch|p2a: Ceruledge|Ceruledge, F|100/100
|turn|4
|
|t:|1769292907
|move|p1a: Smeargle|Power Trip|p2a: Ceruledge
|-supereffective|p2a: Ceruledge
|-enditem|p2a: Ceruledge|Focus Sash
|-damage|p2a: Ceruledge|1/100
|-ability|p2a: Ceruledge|Weak Armor|boost
|-unboost|p2a: Ceruledge|def|1
|-boost|p2a: Ceruledge|spe|2
|move|p2a: Ceruledge|Swords Dance|p2a: Ceruledge
|-boost|p2a: Ceruledge|atk|2
|
|upkeep
|turn|5
|
|t:|1769292918
|move|p2a: Ceruledge|Close Combat|p1a: Smeargle
|-supereffective|p1a: Smeargle
|-enditem|p1a: Smeargle|Focus Sash
|-damage|p1a: Smeargle|1/100
|-unboost|p2a: Ceruledge|def|1
|-unboost|p2a: Ceruledge|spd|1
|move|p1a: Smeargle|Power Trip|p2a: Ceruledge
|-supereffective|p2a: Ceruledge
|-damage|p2a: Ceruledge|0 fnt
|faint|p2a: Ceruledge
|
|upkeep
|
|t:|1769292946
|switch|p2a: Espeon|Espeon, M|100/100
|turn|6
|
|t:|1769292958
|-terastallize|p2a: Espeon|Fighting
|move|p1a: Smeargle|Power Trip|p2a: Espeon
|-resisted|p2a: Espeon
|-damage|p2a: Espeon|69/100
|move|p2a: Espeon|Tera Blast|p1a: Smeargle|[anim] Tera Blast Fighting
|-supereffective|p1a: Smeargle
|-damage|p1a: Smeargle|0 fnt
|faint|p1a: Smeargle
|
|upkeep
|
|t:|1769292987
|switch|p1a: Furret|Furret, M|100/100
|-damage|p1a: Furret|88/100|[from] Stealth Rock
|-item|p2a: Espeon|Choice Specs|[from] ability: Frisk|[of] p1a: Furret
|turn|7
|
|t:|1769292992
|move|p1a: Furret|Body Slam|p2a: Espeon
|-damage|p2a: Espeon|17/100
|move|p2a: Espeon|Tera Blast|p1a: Furret|[anim] Tera Blast Fighting
|-supereffective|p1a: Furret
|-damage|p1a: Furret|0 fnt
|faint|p1a: Furret
|
|upkeep
|
|t:|1769292996
|switch|p1a: Zangoose|Zangoose, F|100/100
|-damage|p1a: Zangoose|88/100|[from] Stealth Rock
|turn|8
|
|t:|1769293005
|move|p1a: Zangoose|Quick Attack|p2a: Espeon
|-damage|p2a: Espeon|0 fnt
|faint|p2a: Espeon
|
|-status|p1a: Zangoose|tox|[from] item: Toxic Orb
|upkeep
|
|t:|1769293018
|switch|p2a: Sandslash|Sandslash, M|100/100
|turn|9
|
|t:|1769293023
|-terastallize|p1a: Zangoose|Normal
|move|p1a: Zangoose|Facade|p2a: Sandslash
|-damage|p2a: Sandslash|8/100
|move|p2a: Sandslash|Brick Break|p1a: Zangoose
|-supereffective|p1a: Zangoose
|-damage|p1a: Zangoose|21/100 tox
|
|-damage|p1a: Zangoose|15/100 tox|[from] psn
|upkeep
|turn|10
|
|t:|1769293036
|move|p1a: Zangoose|Quick Attack|p2a: Sandslash
|-damage|p2a: Sandslash|0 fnt
|faint|p2a: Sandslash
|
|-damage|p1a: Zangoose|3/100 tox|[from] psn
|upkeep
|
|t:|1769293046
|switch|p2a: Grafaiai|Grafaiai, F|100/100
|turn|11
|
|t:|1769293065
|move|p1a: Zangoose|Quick Attack|p2a: Grafaiai
|-damage|p2a: Grafaiai|33/100
|move|p2a: Grafaiai|Knock Off|p1a: Zangoose
|-damage|p1a: Zangoose|0 fnt
|-enditem|p1a: Zangoose|Toxic Orb|[from] move: Knock Off|[of] p2a: Grafaiai
|faint|p1a: Zangoose
|
|upkeep
|
|t:|1769293078
|switch|p1a: Persian|Persian, M|100/100
|-damage|p1a: Persian|88/100|[from] Stealth Rock
|turn|12
|
|t:|1769293084
|move|p1a: Persian|Fake Out|p2a: Grafaiai
|-damage|p2a: Grafaiai|0 fnt
|faint|p2a: Grafaiai
|
|upkeep
|
|t:|1769293089
|switch|p2a: Meowscarada|Meowscarada, F|100/100
|turn|13
|
|t:|1769293100
|move|p2a: Meowscarada|Knock Off|p1a: Persian
|-start|p2a: Meowscarada|typechange|Dark|[from] ability: Protean
|-damage|p1a: Persian|4/100
|-enditem|p1a: Persian|Silk Scarf|[from] move: Knock Off|[of] p2a: Meowscarada
|move|p1a: Persian|Thunder Wave|p2a: Meowscarada
|-status|p2a: Meowscarada|par
|
|upkeep
|turn|14
|
|t:|1769293118
|move|p1a: Persian|U-turn|p2a: Meowscarada
|-supereffective|p2a: Meowscarada
|-damage|p2a: Meowscarada|51/100 par
|
|t:|1769293122
|switch|p1a: Gumshoos|Gumshoos, M|100/100|[from] U-turn
|-damage|p1a: Gumshoos|88/100|[from] Stealth Rock
|move|p2a: Meowscarada|Knock Off|p1a: Gumshoos
|-damage|p1a: Gumshoos|29/100
|-enditem|p1a: Gumshoos|Life Orb|[from] move: Knock Off|[of] p2a: Meowscarada
|
|upkeep
|turn|15
|
|t:|1769293131
|move|p2a: Meowscarada|Knock Off|p1a: Gumshoos
|-damage|p1a: Gumshoos|0 fnt
|faint|p1a: Gumshoos
|
|upkeep
|
|t:|1769293134
|switch|p1a: Persian|Persian, M|4/100
|-damage|p1a: Persian|0 fnt|[from] Stealth Rock
|faint|p1a: Persian
|
|t:|1769293136
|switch|p1a: Greedent|Greedent, M|100/100
|-damage|p1a: Greedent|88/100|[from] Stealth Rock
|turn|16
|
|t:|1769293143
|move|p2a: Meowscarada|Knock Off|p1a: Greedent
|-damage|p1a: Greedent|52/100
|-enditem|p1a: Greedent|Sitrus Berry|[from] move: Knock Off|[of] p2a: Meowscarada
|move|p1a: Greedent|Body Slam|p2a: Meowscarada
|-damage|p2a: Meowscarada|0 fnt
|faint|p2a: Meowscarada
|
|win|alexismarelli
|raw|alexismarelli's rating: 1069 &rarr; <strong>1103</strong><br />(+34 for winning)
|raw|RatConjoe's rating: 1121 &rarr; <strong>1092</strong><br />(-29 for losing)
|c|☆RatConjoe|GGs
|l|☆alexismarelli
|player|p1|
|l|☆RatConjoe
|player|p2|
