|j|☆blzh
|j|☆Angle fang
|t:|1769409428
|gametype|singles
|player|p1|blzh|101|1091
|player|p2|Angle fang|dawn|1050
|gen|9
|tier|[Gen 9] OU
|rated|
|rule|HP Percentage Mod: HP is shown in percentages
|rule|Endless Battle Clause: Forcing endless battles is banned
|rule|Species Clause: Limit one of each Pokémon
|rule|OHKO Clause: OHKO moves are banned
|rule|Evasion Items Clause: Evasion items are banned
|rule|Evasion Moves Clause: Evasion moves are banned
|rule|Evasion Abilities Clause: Evasion abilities are banned
|rule|Sleep Moves Clause: Sleep-inducing moves are banned
|clearpoke
|poke|p1|Sceptile, F|
|poke|p1|Tentacruel, M|
|poke|p1|Garchomp, F|
|poke|p1|Espeon, F|
|poke|p1|Umbreon, M|
|poke|p1|Chandelure, M|
|poke|p2|Tyranitar, F|
|poke|p2|Garganacl, F|
|poke|p2|Donphan, L1, F|
|poke|p2|Skarmory, M|
|poke|p2|Excadrill, F|
|poke|p2|Ogerpon-Cornerstone, F|
|teampreview
|inactive|Battle timer is ON: inactive players will automatically lose when time's up. (requested by blzh)
|
|t:|1769409443
|teamsize|p1|6
|teamsize|p2|6
|start
|switch|p1a: Sceptile|Sceptile, F|100/100
|switch|p2a: Tyranitar|Tyranitar, F, shiny|100/100
|-weather|Sandstorm|[from] ability: Sand Stream|[of] p2a: Tyranitar
|turn|1
|
|t:|1769409453
|move|p1a: Sceptile|Leech Seed|p2a: Tyranitar
|-start|p2a: Tyranitar|move: Leech Seed
|move|p2a: Tyranitar|Rock Slide|p1a: Sceptile
|-damage|p1a: Sceptile|43/100
|
|-weather|Sandstorm|[upkeep]
|-damage|p1a: Sceptile|37/100|[from] Sandstorm
|-heal|p1a: Sceptile|43/100|[from] item: Leftovers
|-damage|p2a: Tyranitar|88/100|[from] Leech Seed|[of] p1a: Sceptile
|-heal|p1a: Sceptile|57/100|[silent]
|upkeep
|turn|2
|
|t:|1769409467
|move|p1a: Sceptile|Protect|p1a: Sceptile
|-singleturn|p1a: Sceptile|Protect
|move|p2a: Tyranitar|Stealth Rock|p1a: Sceptile
|-sidestart|p1: blzh|move: Stealth Rock
|
|-weather|Sandstorm|[upkeep]
|-damage|p1a: Sceptile|51/100|[from] Sandstorm
|-heal|p1a: Sceptile|57/100|[from] item: Leftovers
|-damage|p2a: Tyranitar|76/100|[from] Leech Seed|[of] p1a: Sceptile
|-heal|p1a: Sceptile|72/100|[silent]
|upkeep
|turn|3
|
|t:|1769409478
|move|p1a: Sceptile|Substitute|p1a: Sceptile
|-start|p1a: Sceptile|Substitute
|-damage|p1a: Sceptile|47/100
|move|p2a: Tyranitar|Stealth Rock||[still]
|-fail|p2a: Tyranitar
|
|-weather|Sandstorm|[upkeep]
|-damage|p1a: Sceptile|41/100|[from] Sandstorm
|-heal|p1a: Sceptile|47/100|[from] item: Leftovers
|-damage|p2a: Tyranitar|63/100|[from] Leech Seed|[of] p1a: Sceptile
|-heal|p1a: Sceptile|62/100|[silent]
|upkeep
|turn|4
|
|t:|1769409491
|switch|p2a: Skarmory|Skarmory, M|100/100
|move|p1a: Sceptile|Giga Drain|p2a: Skarmory
|-resisted|p2a: Skarmory
|-damage|p2a: Skarmory|91/100
|-heal|p1a: Sceptile|67/100|[from] drain|[of] p2a: Skarmory
|
|-weather|Sandstorm|[upkeep]
|-damage|p1a: Sceptile|61/100|[from] Sandstorm
|-heal|p1a: Sceptile|67/100|[from] item: Leftovers
|-heal|p2a: Skarmory|97/100|[from] item: Leftovers
|upkeep
|turn|5
|
|t:|1769409504
|move|p1a: Sceptile|Leech Seed|p2a: Skarmory
|-start|p2a: Skarmory|move: Leech Seed
|move|p2a: Skarmory|Brave Bird|p1a: Sceptile
|-supereffective|p1a: Sceptile
|-end|p1a: Sceptile|Substitute
|-damage|p2a: Skarmory|88/100|[from] Recoil|[of] p1a: Sceptile
|
|-weather|Sandstorm|[upkeep]
|-damage|p1a: Sceptile|61/100|[from] Sandstorm
|-heal|p1a: Sceptile|67/100|[from] item: Leftovers
|-heal|p2a: Skarmory|94/100|[from] item: Leftovers
|-damage|p2a: Skarmory|82/100|[from] Leech Seed|[of] p1a: Sceptile
|-heal|p1a: Sceptile|79/100|[silent]
|upkeep
|turn|6
|
|t:|1769409521
|switch|p2a: Tyranitar|Tyranitar, F, shiny|63/100
|move|p1a: Sceptile|Protect||[still]
|-fail|p1a: Sceptile
|
|-weather|Sandstorm|[upkeep]
|-damage|p1a: Sceptile|73/100|[from] Sandstorm
|-heal|p1a: Sceptile|79/100|[from] item: Leftovers
|upkeep
|turn|7
|
|t:|1769409532
|switch|p2a: Skarmory|Skarmory, M|82/100
|move|p1a: Sceptile|Giga Drain|p2a: Skarmory
|-resisted|p2a: Skarmory
|-damage|p2a: Skarmory|74/100
|-heal|p1a: Sceptile|83/100|[from] drain|[of] p2a: Skarmory
|
|-weather|Sandstorm|[upkeep]
|-damage|p1a: Sceptile|77/100|[from] Sandstorm
|-heal|p1a: Sceptile|83/100|[from] item: Leftovers
|-heal|p2a: Skarmory|80/100|[from] item: Leftovers
|upkeep
|turn|8
|
|t:|1769409545
|move|p1a: Sceptile|Protect|p1a: Sceptile
|-singleturn|p1a: Sceptile|Protect
|move|p2a: Skarmory|Whirlwind|p1a: Sceptile
|drag|p1a: Umbreon|Umbreon, M|100/100
|-damage|p1a: Umbreon|88/100|[from] Stealth Rock
|
|-weather|none
|-heal|p2a: Skarmory|86/100|[from] item: Leftovers
|-heal|p1a: Umbreon|94/100|[from] item: Leftovers
|upkeep
|turn|9
|
|t:|1769409558
|switch|p2a: Tyranitar|Tyranitar, F, shiny|63/100
|-weather|Sandstorm|[from] ability: Sand Stream|[of] p2a: Tyranitar
|move|p1a: Umbreon|Foul Play|p2a: Tyranitar
|-resisted|p2a: Tyranitar
|-damage|p2a: Tyranitar|41/100
|
|-weather|Sandstorm|[upkeep]
|-damage|p1a: Umbreon|88/100|[from] Sandstorm
|-heal|p1a: Umbreon|94/100|[from] item: Leftovers
|upkeep
|turn|10
|
|t:|1769409571
|switch|p2a: Skarmory|Skarmory, M|86/100
|move|p1a: Umbreon|Toxic|p2a: Skarmory|[miss]
|-miss|p1a: Umbreon|p2a: Skarmory
|
|-weather|Sandstorm|[upkeep]
|-damage|p1a: Umbreon|88/100|[from] Sandstorm
|-heal|p2a: Skarmory|92/100|[from] item: Leftovers
|-heal|p1a: Umbreon|94/100|[from] item: Leftovers
|upkeep
|turn|11
|
|t:|1769409582
|move|p2a: Skarmory|Spikes|p1a: Umbreon
|-sidestart|p1: blzh|Spikes
|move|p1a: Umbreon|Wish|p1a: Umbreon
|
|-weather|Sandstorm|[upkeep]
|-damage|p1a: Umbreon|88/100|[from] Sandstorm
|-heal|p2a: Skarmory|98/100|[from] item: Leftovers
|-heal|p1a: Umbreon|94/100|[from] item: Leftovers
|upkeep
|turn|12
|
|t:|1769409591
|switch|p1a: Chandelure|Chandelure, M|100/100
|-damage|p1a: Chandelure|76/100|[from] Stealth Rock
|-damage|p1a: Chandelure|63/100|[from] Spikes
|move|p2a: Skarmory|Spikes|p1a: Chandelure
|-sidestart|p1: blzh|Spikes
|
|-weather|Sandstorm|[upkeep]
|-damage|p1a: Chandelure|57/100|[from] Sandstorm
|-heal|p1a: Chandelure|100/100|[from] move: Wish|[wisher] Umbreon
|-heal|p2a: Skarmory|100/100|[from] item: Leftovers
|upkeep
|turn|13
|
|t:|1769409605
|move|p1a: Chandelure|Flamethrower|p2a: Skarmory
|-supereffective|p2a: Skarmory
|-ability|p2a: Skarmory|Sturdy
|-damage|p2a: Skarmory|1/100
|move|p2a: Skarmory|Spikes|p1a: Chandelure
|-sidestart|p1: blzh|Spikes
|
|-weather|Sandstorm|[upkeep]
|-damage|p1a: Chandelure|94/100|[from] Sandstorm
|-heal|p2a: Skarmory|7/100|[from] item: Leftovers
|upkeep
|turn|14
|
|t:|1769409618
|move|p1a: Chandelure|Flamethrower|p2a: Skarmory
|-supereffective|p2a: Skarmory
|-damage|p2a: Skarmory|0 fnt
|faint|p2a: Skarmory
|
|-weather|Sandstorm|[upkeep]
|-damage|p1a: Chandelure|88/100|[from] Sandstorm
|upkeep
|
|t:|1769409629
|switch|p2a: Tyranitar|Tyranitar, F, shiny|41/100
|turn|15
|
|t:|1769409645
|switch|p1a: Umbreon|Umbreon, M|94/100
|-damage|p1a: Umbreon|82/100|[from] Stealth Rock
|-damage|p1a: Umbreon|57/100|[from] Spikes
|move|p2a: Tyranitar|Crunch|p1a: Umbreon
|-resisted|p1a: Umbreon
|-damage|p1a: Umbreon|37/100
|
|-weather|Sandstorm|[upkeep]
|-damage|p1a: Umbreon|31/100|[from] Sandstorm
|-heal|p1a: Umbreon|37/100|[from] item: Leftovers
|upkeep
|turn|16
|
|t:|1769409662
|switch|p2a: Garganacl|Garganacl, F|100/100
|move|p1a: Umbreon|Moonlight|p1a: Umbreon
|-heal|p1a: Umbreon|62/100
|
|-weather|none
|-heal|p1a: Umbreon|68/100|[from] item: Leftovers
|upkeep
|turn|17
|
|t:|1769409674
|move|p1a: Umbreon|Wish|p1a: Umbreon
|move|p2a: Garganacl|Salt Cure|p1a: Umbreon
|-damage|p1a: Umbreon|54/100
|-start|p1a: Umbreon|Salt Cure
|
|-heal|p1a: Umbreon|60/100|[from] item: Leftovers
|-damage|p1a: Umbreon|47/100|[from] Salt Cure
|upkeep
|turn|18
|
|t:|1769409687
|switch|p2a: Tyranitar|Tyranitar, F, shiny|41/100
|-weather|Sandstorm|[from] ability: Sand Stream|[of] p2a: Tyranitar
|move|p1a: Umbreon|Wish||[still]
|-fail|p1a: Umbreon
|
|-weather|Sandstorm|[upkeep]
|-damage|p1a: Umbreon|41/100|[from] Sandstorm
|-heal|p1a: Umbreon|91/100|[from] move: Wish|[wisher] Umbreon
|-heal|p1a: Umbreon|97/100|[from] item: Leftovers
|-damage|p1a: Umbreon|85/100|[from] Salt Cure
|upkeep
|turn|19
|
|t:|1769409700
|move|p1a: Umbreon|Toxic|p2a: Tyranitar
|-status|p2a: Tyranitar|tox
|move|p2a: Tyranitar|Crunch|p1a: Umbreon
|-resisted|p1a: Umbreon
|-damage|p1a: Umbreon|67/100
|
|-weather|Sandstorm|[upkeep]
|-damage|p1a: Umbreon|61/100|[from] Sandstorm
|-heal|p1a: Umbreon|67/100|[from] item: Leftovers
|-damage|p2a: Tyranitar|35/100 tox|[from] psn
|-damage|p1a: Umbreon|54/100|[from] Salt Cure
|upkeep
|turn|20
|
|t:|1769409714
|move|p1a: Umbreon|Wish|p1a: Umbreon
|move|p2a: Tyranitar|Crunch|p1a: Umbreon
|-resisted|p1a: Umbreon
|-crit|p1a: Umbreon
|-damage|p1a: Umbreon|28/100
|
|-weather|Sandstorm|[upkeep]
|-damage|p1a: Umbreon|22/100|[from] Sandstorm
|-heal|p1a: Umbreon|28/100|[from] item: Leftovers
|-damage|p2a: Tyranitar|23/100 tox|[from] psn
|-damage|p1a: Umbreon|16/100|[from] Salt Cure
|upkeep
|turn|21
|
|t:|1769409727
|move|p1a: Umbreon|Moonlight|p1a: Umbreon
|-heal|p1a: Umbreon|41/100
|move|p2a: Tyranitar|Rock Slide|p1a: Umbreon|[miss]
|-miss|p2a: Tyranitar|p1a: Umbreon
|
|-weather|Sandstorm|[upkeep]
|-damage|p1a: Umbreon|35/100|[from] Sandstorm
|-heal|p1a: Umbreon|85/100|[from] move: Wish|[wisher] Umbreon
|-heal|p1a: Umbreon|91/100|[from] item: Leftovers
|-damage|p2a: Tyranitar|4/100 tox|[from] psn
|-damage|p1a: Umbreon|78/100|[from] Salt Cure
|upkeep
|turn|22
|
|t:|1769409745
|move|p1a: Umbreon|Foul Play|p2a: Tyranitar
|-resisted|p2a: Tyranitar
|-damage|p2a: Tyranitar|0 fnt
|faint|p2a: Tyranitar
|
|-weather|Sandstorm|[upkeep]
|-damage|p1a: Umbreon|72/100|[from] Sandstorm
|-heal|p1a: Umbreon|78/100|[from] item: Leftovers
|-damage|p1a: Umbreon|66/100|[from] Salt Cure
|upkeep
|inactive|Angle fang has 120 seconds left.
|
|t:|1769409757
|switch|p2a: Donphan|Donphan, L1, F|100/100
|turn|23
|
|t:|1769409761
|move|p1a: Umbreon|Toxic|p2a: Donphan
|-status|p2a: Donphan|tox
|move|p2a: Donphan|Endeavor|p1a: Umbreon
|-damage|p1a: Umbreon|4/100
|
|-weather|Sandstorm|[upkeep]
|-damage|p1a: Umbreon|0 fnt|[from] Sandstorm
|faint|p1a: Umbreon
|-damage|p2a: Donphan|93/100 tox|[from] psn
|upkeep
|
|t:|1769409764
|switch|p1a: Tentacruel|Tentacruel, M|100/100
|-damage|p1a: Tentacruel|88/100|[from] Stealth Rock
|-damage|p1a: Tentacruel|63/100|[from] Spikes
|turn|24
|
|t:|1769409777
|move|p1a: Tentacruel|Rapid Spin|p2a: Donphan
|-damage|p2a: Donphan|0 fnt
|-boost|p1a: Tentacruel|spe|1
|-sideend|p1: blzh|Spikes|[from] move: Rapid Spin|[of] p1a: Tentacruel
|-sideend|p1: blzh|Stealth Rock|[from] move: Rapid Spin|[of] p1a: Tentacruel
|faint|p2a: Donphan
|
|-weather|Sandstorm|[upkeep]
|-damage|p1a: Tentacruel|57/100|[from] Sandstorm
|-heal|p1a: Tentacruel|63/100|[from] item: Black Sludge
|upkeep
|inactive|Angle fang has 120 seconds left.
|inactive|Angle fang has 90 seconds left.
|inactive|Angle fang has 60 seconds left.
|inactive|Angle fang has 30 seconds left.
|inactive|Angle fang has 20 seconds left.
|inactive|Angle fang has 15 seconds left.
|inactive|Angle fang has 10 seconds left.
|inactive|Angle fang has 5 seconds left.
|-message|Angle fang lost due to inactivity.
|
|win|blzh
|raw|blzh's rating: 1091 &rarr; <strong>1114</strong><br />(+23 for winning)
|raw|Angle fang's rating: 1050 &rarr; <strong>1035</strong><br />(-15 for losing)
|l|☆blzh
|player|p1|
|l|☆Angle fang
|player|p2|
