|j|☆zenit011
|j|☆William will
|t:|1769322476
|gametype|singles
|player|p1|zenit011|n|1125
|player|p2|William will|102|1083
|gen|9
|tier|[Gen 9] OU
|rated|
|rule|HP Percentage Mod: HP is shown in percentages
|rule|Endless Battle Clause: Forcing endless battles is banned
|rule|Species Clause: Limit one of each Pokémon
|rule|OHKO Clause: OHKO moves are banned
|rule|Evasion Items Clause: Evasion items are banned
|rule|Evasion Moves Clause: Evasion moves are banned
|rule|Evasion Abilities Clause: Evasion abilities are banned
|rule|Sleep Moves Clause: Sleep-inducing moves are banned
|clearpoke
|poke|p1|Breloom, M|
|poke|p1|Gliscor, M|
|poke|p1|Umbreon, M|
|poke|p1|Zamazenta-*|
|poke|p1|Noivern, M|
|poke|p1|Walking Wake|
|poke|p2|Clefable, F|
|poke|p2|Landorus-Therian, M|
|poke|p2|Alomomola, F|
|poke|p2|Cinderace, F|
|poke|p2|Iron Crown|
|poke|p2|Ogerpon, F|
|teampreview
|inactive|Battle timer is ON: inactive players will automatically lose when time's up. (requested by William will)
|
|t:|1769322486
|teamsize|p1|6
|teamsize|p2|6
|start
|switch|p1a: Walking Wake|Walking Wake|100/100
|switch|p2a: Cinderace|Cinderace, F|100/100
|turn|1
|
|t:|1769322496
|move|p1a: Walking Wake|Flip Turn|p2a: Cinderace
|-supereffective|p2a: Cinderace
|-damage|p2a: Cinderace|53/100
|
|t:|1769322500
|-end|p1a: Walking Wake|Protosynthesis|[silent]
|switch|p1a: Gliscor|Gliscor, M|100/100|[from] Flip Turn
|move|p2a: Cinderace|U-turn|p1a: Gliscor
|-start|p2a: Cinderace|typechange|Bug|[from] ability: Libero
|-resisted|p1a: Gliscor
|-damage|p1a: Gliscor|91/100
|
|t:|1769322508
|switch|p2a: Landorus|Landorus-Therian, M|100/100|[from] U-turn
|-ability|p2a: Landorus|Intimidate|boost
|-unboost|p1a: Gliscor|atk|1
|
|-status|p1a: Gliscor|tox|[from] item: Toxic Orb
|upkeep
|turn|2
|
|t:|1769322516
|switch|p1a: Walking Wake|Walking Wake|100/100
|move|p2a: Landorus|Stealth Rock|p1a: Walking Wake
|-sidestart|p1: zenit011|move: Stealth Rock
|
|upkeep
|turn|3
|
|t:|1769322528
|switch|p2a: Ogerpon|Ogerpon, F|100/100
|move|p1a: Walking Wake|Hydro Steam|p2a: Ogerpon
|-resisted|p2a: Ogerpon
|-damage|p2a: Ogerpon|73/100
|
|upkeep
|turn|4
|
|t:|1769322536
|-end|p1a: Walking Wake|Protosynthesis|[silent]
|switch|p1a: Noivern|Noivern, M|100/100
|-item|p2a: Ogerpon|Quick Claw|[from] ability: Frisk|[of] p1a: Noivern
|move|p2a: Ogerpon|Ivy Cudgel|p1a: Noivern
|-resisted|p1a: Noivern
|-damage|p1a: Noivern|84/100
|
|upkeep
|turn|5
|
|t:|1769322545
|switch|p2a: Clefable|Clefable, F|100/100
|move|p1a: Noivern|Defog|p2a: Clefable
|-unboost|p2a: Clefable|evasion|1
|-sideend|p1: zenit011|Stealth Rock|[from] move: Defog|[of] p1a: Noivern
|
|upkeep
|turn|6
|
|t:|1769322555
|move|p1a: Noivern|U-turn|p2a: Clefable
|-resisted|p2a: Clefable
|-damage|p2a: Clefable|96/100
|
|t:|1769322568
|switch|p1a: Zamazenta|Zamazenta|100/100|[from] U-turn
|-ability|p1a: Zamazenta|Dauntless Shield|boost
|-boost|p1a: Zamazenta|def|1
|move|p2a: Clefable|Cosmic Power|p2a: Clefable
|-boost|p2a: Clefable|def|1
|-boost|p2a: Clefable|spd|1
|
|upkeep
|turn|7
|
|t:|1769322577
|-terastallize|p1a: Zamazenta|Steel
|-terastallize|p2a: Clefable|Poison
|move|p2a: Clefable|Cosmic Power|p2a: Clefable
|-boost|p2a: Clefable|def|1
|-boost|p2a: Clefable|spd|1
|move|p1a: Zamazenta|Roar|p2a: Clefable
|drag|p2a: Alomomola|Alomomola, F|100/100
|
|upkeep
|turn|8
|
|t:|1769322590
|switch|p1a: SetasPaTodos|Breloom, M, shiny|100/100
|move|p2a: Alomomola|Wish|p2a: Alomomola
|
|upkeep
|turn|9
|
|t:|1769322596
|switch|p2a: Ogerpon|Ogerpon, F|73/100
|move|p1a: SetasPaTodos|Bullet Seed|p2a: Ogerpon
|-resisted|p2a: Ogerpon
|-damage|p2a: Ogerpon|59/100
|-resisted|p2a: Ogerpon
|-damage|p2a: Ogerpon|45/100
|-resisted|p2a: Ogerpon
|-damage|p2a: Ogerpon|31/100
|-resisted|p2a: Ogerpon
|-damage|p2a: Ogerpon|17/100
|-resisted|p2a: Ogerpon
|-damage|p2a: Ogerpon|3/100
|-hitcount|p2a: Ogerpon|5
|
|-heal|p2a: Ogerpon|81/100|[from] move: Wish|[wisher] Alomomola
|upkeep
|turn|10
|-activate|p2a: Ogerpon|item: Quick Claw
|
|t:|1769322612
|move|p1a: SetasPaTodos|Mach Punch|p2a: Ogerpon
|-damage|p2a: Ogerpon|37/100
|move|p2a: Ogerpon|U-turn|p1a: SetasPaTodos
|-damage|p1a: SetasPaTodos|65/100
|
|t:|1769322621
|switch|p2a: Cinderace|Cinderace, F|53/100|[from] U-turn
|
|upkeep
|turn|11
|
|t:|1769322633
|switch|p1a: Gliscor|Gliscor, M|91/100 tox
|move|p2a: Cinderace|Pyro Ball|p1a: Gliscor
|-damage|p1a: Gliscor|53/100 tox
|
|-heal|p1a: Gliscor|66/100 tox|[from] ability: Poison Heal
|upkeep
|turn|12
|
|t:|1769322647
|switch|p2a: Landorus|Landorus-Therian, M|100/100
|-ability|p2a: Landorus|Intimidate|boost
|-unboost|p1a: Gliscor|atk|1
|move|p1a: Gliscor|Knock Off|p2a: Landorus
|-damage|p2a: Landorus|85/100
|-enditem|p2a: Landorus|Mirror Herb|[from] move: Knock Off|[of] p1a: Gliscor
|
|-heal|p1a: Gliscor|78/100 tox|[from] ability: Poison Heal
|upkeep
|turn|13
|
|t:|1769322659
|switch|p1a: Noivern|Noivern, M|84/100
|move|p2a: Landorus|Stealth Rock|p1a: Noivern
|-sidestart|p1: zenit011|move: Stealth Rock
|
|upkeep
|turn|14
|
|t:|1769322665
|move|p1a: Noivern|Defog|p2a: Landorus
|-unboost|p2a: Landorus|evasion|1
|-sideend|p1: zenit011|Stealth Rock|[from] move: Defog|[of] p1a: Noivern
|move|p2a: Landorus|Psychic|p1a: Noivern
|-damage|p1a: Noivern|50/100
|
|upkeep
|turn|15
|
|t:|1769322677
|move|p1a: Noivern|Draco Meteor|p2a: Landorus
|-damage|p2a: Landorus|19/100
|-unboost|p1a: Noivern|spa|2
|move|p2a: Landorus|Stealth Rock|p1a: Noivern
|-sidestart|p1: zenit011|move: Stealth Rock
|
|upkeep
|turn|16
|
|t:|1769322684
|move|p1a: Noivern|Defog|p2a: Landorus
|-unboost|p2a: Landorus|evasion|1
|-sideend|p1: zenit011|Stealth Rock|[from] move: Defog|[of] p1a: Noivern
|move|p2a: Landorus|Psychic|p1a: Noivern
|-damage|p1a: Noivern|16/100
|
|upkeep
|turn|17
|
|t:|1769322692
|switch|p2a: Clefable|Clefable, F, tera:Poison|96/100
|move|p1a: Noivern|Draco Meteor|p2a: Clefable
|-damage|p2a: Clefable|45/100
|-unboost|p1a: Noivern|spa|2
|
|upkeep
|turn|18
|
|t:|1769322700
|move|p1a: Noivern|Draco Meteor|p2a: Clefable
|-damage|p2a: Clefable|0 fnt
|-unboost|p1a: Noivern|spa|2
|faint|p2a: Clefable
|
|upkeep
|l|☆William will
|inactive|William will disconnected and has a minute to reconnect!
|player|p2|
|inactive|William will has 30 seconds to reconnect!
|inactive|William will has 20 seconds to reconnect!
|inactive|William will has 15 seconds to reconnect!
|inactive|William will has 10 seconds to reconnect!
|inactive|William will has 5 seconds to reconnect!
|-message|William will lost due to inactivity.
|
|win|zenit011
|raw|zenit011's rating: 1125 &rarr; <strong>1147</strong><br />(+22 for winning)
|raw|William will's rating: 1083 &rarr; <strong>1063</strong><br />(-20 for losing)
|l|☆zenit011
|player|p1|
