|j|☆brotassium
|j|☆vacineee
|t:|1769405324
|gametype|singles
|player|p1|brotassium|266|1355
|player|p2|vacineee|parasollady-gen4|1430
|gen|9
|tier|[Gen 9] OU
|rated|
|rule|HP Percentage Mod: HP is shown in percentages
|rule|Endless Battle Clause: Forcing endless battles is banned
|rule|Species Clause: Limit one of each Pokémon
|rule|OHKO Clause: OHKO moves are banned
|rule|Evasion Items Clause: Evasion items are banned
|rule|Evasion Moves Clause: Evasion moves are banned
|rule|Evasion Abilities Clause: Evasion abilities are banned
|rule|Sleep Moves Clause: Sleep-inducing moves are banned
|clearpoke
|poke|p1|Weavile, F|
|poke|p1|Pecharunt|
|poke|p1|Ting-Lu|
|poke|p1|Tinkaton, F|
|poke|p1|Keldeo-Resolute|
|poke|p1|Dragonite, F|
|poke|p2|Hoopa-Unbound|
|poke|p2|Rillaboom, M|
|poke|p2|Iron Hands|
|poke|p2|Slowking-Galar, F|
|poke|p2|Dragapult, M|
|poke|p2|Heatran, F|
|teampreview
|inactive|Battle timer is ON: inactive players will automatically lose when time's up. (requested by vacineee)
|
|t:|1769405380
|teamsize|p1|6
|teamsize|p2|6
|start
|switch|p1a: Tinkaton|Tinkaton, F|100/100
|switch|p2a: Heatran|Heatran, F|100/100
|-item|p1a: Tinkaton|Air Balloon
|-item|p2a: Heatran|Air Balloon
|turn|1
|
|t:|1769405392
|switch|p1a: Keldeo|Keldeo-Resolute|100/100
|move|p2a: Heatran|Magma Storm|p1a: Keldeo
|-resisted|p1a: Keldeo
|-damage|p1a: Keldeo|76/100
|-activate|p1a: Keldeo|move: Magma Storm|[of] p2a: Heatran
|
|-damage|p1a: Keldeo|64/100|[from] move: Magma Storm|[partiallytrapped]
|upkeep
|turn|2
|
|t:|1769405399
|switch|p2a: Slowking|Slowking-Galar, F|100/100
|move|p1a: Keldeo|Flip Turn|p2a: Slowking
|-damage|p2a: Slowking|85/100
|
|t:|1769405405
|switch|p1a: Ting-Lu|Ting-Lu|100/100|[from] Flip Turn
|-ability|p1a: Ting-Lu|Vessel of Ruin
|
|upkeep
|turn|3
|
|t:|1769405410
|switch|p2a: Rillaboom|Rillaboom, M|100/100
|-fieldstart|move: Grassy Terrain|[from] ability: Grassy Surge|[of] p2a: Rillaboom
|move|p1a: Ting-Lu|Spikes|p2a: Rillaboom
|-sidestart|p2: vacineee|Spikes
|
|upkeep
|turn|4
|
|t:|1769405419
|move|p2a: Rillaboom|Knock Off|p1a: Ting-Lu
|-resisted|p1a: Ting-Lu
|-damage|p1a: Ting-Lu|88/100
|-damage|p2a: Rillaboom|84/100|[from] item: Rocky Helmet|[of] p1a: Ting-Lu
|-enditem|p1a: Ting-Lu|Rocky Helmet|[from] move: Knock Off|[of] p2a: Rillaboom
|move|p1a: Ting-Lu|Whirlwind|p2a: Rillaboom
|drag|p2a: Dragapult|Dragapult, M|100/100
|-damage|p2a: Dragapult|88/100|[from] Spikes
|
|-heal|p2a: Dragapult|94/100|[from] Grassy Terrain
|-heal|p1a: Ting-Lu|94/100|[from] Grassy Terrain
|upkeep
|turn|5
|
|t:|1769405425
|move|p2a: Dragapult|Draco Meteor|p1a: Ting-Lu|[miss]
|-miss|p2a: Dragapult|p1a: Ting-Lu
|move|p1a: Ting-Lu|Earthquake|p2a: Dragapult
|-damage|p2a: Dragapult|70/100
|
|-heal|p2a: Dragapult|76/100|[from] Grassy Terrain
|-heal|p1a: Ting-Lu|99/100|[from] Grassy Terrain
|upkeep
|turn|6
|
|t:|1769405438
|move|p2a: Dragapult|Draco Meteor|p1a: Ting-Lu
|-damage|p1a: Ting-Lu|64/100
|-unboost|p2a: Dragapult|spa|2
|-damage|p2a: Dragapult|66/100|[from] item: Life Orb
|move|p1a: Ting-Lu|Spikes|p2a: Dragapult
|-sidestart|p2: vacineee|Spikes
|
|-heal|p2a: Dragapult|72/100|[from] Grassy Terrain
|-heal|p1a: Ting-Lu|70/100|[from] Grassy Terrain
|upkeep
|turn|7
|
|t:|1769405460
|switch|p2a: Rillaboom|Rillaboom, M|84/100
|-damage|p2a: Rillaboom|68/100|[from] Spikes
|move|p1a: Ting-Lu|Whirlwind|p2a: Rillaboom
|drag|p2a: Dragapult|Dragapult, M|72/100
|-damage|p2a: Dragapult|55/100|[from] Spikes
|
|-heal|p2a: Dragapult|61/100|[from] Grassy Terrain
|-heal|p1a: Ting-Lu|76/100|[from] Grassy Terrain
|-fieldend|move: Grassy Terrain
|upkeep
|turn|8
|
|t:|1769405463
|switch|p2a: Rillaboom|Rillaboom, M|68/100
|-damage|p2a: Rillaboom|51/100|[from] Spikes
|-fieldstart|move: Grassy Terrain|[from] ability: Grassy Surge|[of] p2a: Rillaboom
|move|p1a: Ting-Lu|Spikes|p2a: Rillaboom
|-sidestart|p2: vacineee|Spikes
|
|-heal|p2a: Rillaboom|57/100|[from] Grassy Terrain
|-heal|p1a: Ting-Lu|82/100|[from] Grassy Terrain
|upkeep
|turn|9
|
|t:|1769405468
|switch|p1a: Pecharunt|Pecharunt|100/100
|move|p2a: Rillaboom|Wood Hammer|p1a: Pecharunt
|-resisted|p1a: Pecharunt
|-damage|p1a: Pecharunt|71/100
|-damage|p2a: Rillaboom|47/100|[from] Recoil
|
|-heal|p2a: Rillaboom|53/100|[from] Grassy Terrain
|-heal|p1a: Pecharunt|77/100|[from] Grassy Terrain
|upkeep
|turn|10
|
|t:|1769405473
|switch|p2a: Slowking|Slowking-Galar, F|100/100
|switch|p1a: Ting-Lu|Ting-Lu|82/100
|-ability|p1a: Ting-Lu|Vessel of Ruin
|
|-heal|p1a: Ting-Lu|88/100|[from] Grassy Terrain
|upkeep
|turn|11
|
|t:|1769405479
|-prepare|p2a: Slowking|Chilly Reception|[premajor]
|move|p2a: Slowking|Chilly Reception|p2a: Slowking
|-weather|Snowscape
|
|t:|1769405482
|switch|p2a: Rillaboom|Rillaboom, M|53/100|[from] Chilly Reception
|-damage|p2a: Rillaboom|28/100|[from] Spikes
|move|p1a: Ting-Lu|Whirlwind|p2a: Rillaboom
|drag|p2a: Iron Hands|Iron Hands, shiny|100/100
|-damage|p2a: Iron Hands|76/100|[from] Spikes
|
|-weather|Snowscape|[upkeep]
|-heal|p2a: Iron Hands|82/100|[from] Grassy Terrain
|-heal|p1a: Ting-Lu|94/100|[from] Grassy Terrain
|upkeep
|turn|12
|
|t:|1769405489
|move|p2a: Iron Hands|Swords Dance|p2a: Iron Hands
|-boost|p2a: Iron Hands|atk|2
|move|p1a: Ting-Lu|Whirlwind|p2a: Iron Hands
|-end|p2a: Iron Hands|Quark Drive|[silent]
|drag|p2a: Hoopa|Hoopa-Unbound|100/100
|-damage|p2a: Hoopa|76/100|[from] Spikes
|-enditem|p2a: Hoopa|Grassy Seed
|-boost|p2a: Hoopa|def|1|[from] item: Grassy Seed
|
|-weather|Snowscape|[upkeep]
|-heal|p2a: Hoopa|82/100|[from] Grassy Terrain
|-heal|p1a: Ting-Lu|99/100|[from] Grassy Terrain
|-fieldend|move: Grassy Terrain
|upkeep
|turn|13
|
|t:|1769405497
|move|p2a: Hoopa|Drain Punch|p1a: Ting-Lu
|-supereffective|p1a: Ting-Lu
|-damage|p1a: Ting-Lu|78/100
|-heal|p2a: Hoopa|98/100|[from] drain|[of] p1a: Ting-Lu
|move|p1a: Ting-Lu|Whirlwind|p2a: Hoopa
|drag|p2a: Dragapult|Dragapult, M|61/100
|-damage|p2a: Dragapult|36/100|[from] Spikes
|
|-weather|Snowscape|[upkeep]
|upkeep
|turn|14
|
|t:|1769405505
|move|p2a: Dragapult|Draco Meteor|p1a: Ting-Lu|[miss]
|-miss|p2a: Dragapult|p1a: Ting-Lu
|move|p1a: Ting-Lu|Ruination|p2a: Dragapult
|-damage|p2a: Dragapult|18/100
|
|-weather|Snowscape|[upkeep]
|upkeep
|turn|15
|
|t:|1769405509
|switch|p2a: Rillaboom|Rillaboom, M|28/100
|-damage|p2a: Rillaboom|3/100|[from] Spikes
|-fieldstart|move: Grassy Terrain|[from] ability: Grassy Surge|[of] p2a: Rillaboom
|move|p1a: Ting-Lu|Whirlwind|p2a: Rillaboom
|drag|p2a: Hoopa|Hoopa-Unbound|98/100
|-damage|p2a: Hoopa|73/100|[from] Spikes
|
|-weather|none
|-heal|p2a: Hoopa|79/100|[from] Grassy Terrain
|-heal|p1a: Ting-Lu|84/100|[from] Grassy Terrain
|upkeep
|turn|16
|
|t:|1769405518
|move|p2a: Hoopa|Drain Punch|p1a: Ting-Lu
|-supereffective|p1a: Ting-Lu
|-damage|p1a: Ting-Lu|59/100
|-heal|p2a: Hoopa|99/100|[from] drain|[of] p1a: Ting-Lu
|move|p1a: Ting-Lu|Whirlwind|p2a: Hoopa
|drag|p2a: Slowking|Slowking-Galar, F|100/100
|
|-heal|p1a: Ting-Lu|65/100|[from] Grassy Terrain
|upkeep
|turn|17
|
|t:|1769405526
|move|p2a: Slowking|Future Sight|p1a: Ting-Lu
|-start|p2a: Slowking|move: Future Sight
|move|p1a: Ting-Lu|Whirlwind|p2a: Slowking
|drag|p2a: Dragapult|Dragapult, M|18/100
|-damage|p2a: Dragapult|0 fnt|[from] Spikes
|faint|p2a: Dragapult
|
|-heal|p1a: Ting-Lu|71/100|[from] Grassy Terrain
|upkeep
|
|t:|1769405545
|switch|p2a: Heatran|Heatran, F|100/100
|-item|p2a: Heatran|Air Balloon
|turn|18
|
|t:|1769405566
|switch|p1a: Dragonite|Dragonite, F|100/100
|move|p2a: Heatran|Magma Storm|p1a: Dragonite
|-resisted|p1a: Dragonite
|-damage|p1a: Dragonite|92/100
|-activate|p1a: Dragonite|move: Magma Storm|[of] p2a: Heatran
|
|-damage|p1a: Dragonite|79/100|[from] move: Magma Storm|[partiallytrapped]
|upkeep
|turn|19
|
|t:|1769405571
|move|p1a: Dragonite|Roost|p1a: Dragonite
|-heal|p1a: Dragonite|100/100
|-singleturn|p1a: Dragonite|move: Roost
|move|p2a: Heatran|Stealth Rock|p1a: Dragonite
|-sidestart|p1: brotassium|move: Stealth Rock
|
|-end|p1a: Dragonite|move: Future Sight
|-damage|p1a: Dragonite|81/100
|-heal|p1a: Dragonite|87/100|[from] Grassy Terrain
|-damage|p1a: Dragonite|75/100|[from] move: Magma Storm|[partiallytrapped]
|-fieldend|move: Grassy Terrain
|upkeep
|turn|20
|
|t:|1769405575
|move|p1a: Dragonite|Extreme Speed|p2a: Heatran
|-resisted|p2a: Heatran
|-damage|p2a: Heatran|88/100
|-enditem|p2a: Heatran|Air Balloon
|move|p2a: Heatran|Taunt|p1a: Dragonite
|-start|p1a: Dragonite|move: Taunt
|
|-damage|p1a: Dragonite|62/100|[from] move: Magma Storm|[partiallytrapped]
|upkeep
|turn|21
|
|t:|1769405583
|switch|p2a: Rillaboom|Rillaboom, M|3/100
|-damage|p2a: Rillaboom|0 fnt|[from] Spikes
|faint|p2a: Rillaboom
|move|p1a: Dragonite|Earthquake|p2: Rillaboom|[notarget]
|-fail|p1a: Dragonite
|
|-end|p1a: Dragonite|Magma Storm|[partiallytrapped]|[silent]
|upkeep
|
|t:|1769405589
|switch|p2a: Iron Hands|Iron Hands, shiny|82/100
|-damage|p2a: Iron Hands|57/100|[from] Spikes
|turn|22
|
|t:|1769405593
|switch|p1a: Ting-Lu|Ting-Lu|71/100
|-damage|p1a: Ting-Lu|65/100|[from] Stealth Rock
|-ability|p1a: Ting-Lu|Vessel of Ruin
|move|p2a: Iron Hands|Ice Punch|p1a: Ting-Lu
|-supereffective|p1a: Ting-Lu
|-damage|p1a: Ting-Lu|34/100
|
|upkeep
|turn|23
|
|t:|1769405601
|switch|p1a: Pecharunt|Pecharunt|77/100
|move|p2a: Iron Hands|Drain Punch|p1a: Pecharunt
|-immune|p1a: Pecharunt
|
|upkeep
|turn|24
|
|t:|1769405607
|move|p1a: Pecharunt|Parting Shot|p2a: Iron Hands
|-unboost|p2a: Iron Hands|atk|1
|-unboost|p2a: Iron Hands|spa|1
|
|t:|1769405612
|switch|p1a: Dragonite|Dragonite, F|62/100|[from] Parting Shot
|move|p2a: Iron Hands|Swords Dance|p2a: Iron Hands
|-boost|p2a: Iron Hands|atk|2
|
|upkeep
|turn|25
|
|t:|1769405618
|move|p1a: Dragonite|Roost|p1a: Dragonite
|-heal|p1a: Dragonite|100/100
|-singleturn|p1a: Dragonite|move: Roost
|move|p2a: Iron Hands|Ice Punch|p1a: Dragonite
|-supereffective|p1a: Dragonite
|-damage|p1a: Dragonite|52/100
|
|upkeep
|turn|26
|
|t:|1769405622
|move|p1a: Dragonite|Earthquake|p2a: Iron Hands
|-supereffective|p2a: Iron Hands
|-damage|p2a: Iron Hands|0 fnt
|faint|p2a: Iron Hands
|-end|p2a: Iron Hands|Quark Drive|[silent]
|
|upkeep
|
|t:|1769405632
|switch|p2a: Hoopa|Hoopa-Unbound|99/100
|-damage|p2a: Hoopa|74/100|[from] Spikes
|turn|27
|
|t:|1769405655
|switch|p1a: Ting-Lu|Ting-Lu|34/100
|-damage|p1a: Ting-Lu|28/100|[from] Stealth Rock
|-ability|p1a: Ting-Lu|Vessel of Ruin
|move|p2a: Hoopa|Psychic Noise|p1a: Ting-Lu
|-immune|p1a: Ting-Lu
|
|upkeep
|turn|28
|inactive|brotassium has 120 seconds left.
|
|t:|1769405678
|move|p2a: Hoopa|Drain Punch|p1a: Ting-Lu
|-supereffective|p1a: Ting-Lu
|-damage|p1a: Ting-Lu|3/100
|-heal|p2a: Hoopa|93/100|[from] drain|[of] p1a: Ting-Lu
|move|p1a: Ting-Lu|Whirlwind|p2a: Hoopa
|drag|p2a: Slowking|Slowking-Galar, F|100/100
|
|upkeep
|turn|29
|
|t:|1769405684
|move|p1a: Ting-Lu|Earthquake|p2a: Slowking
|-supereffective|p2a: Slowking
|-damage|p2a: Slowking|18/100
|move|p2a: Slowking|Sludge Bomb|p1a: Ting-Lu
|-resisted|p1a: Ting-Lu
|-damage|p1a: Ting-Lu|0 fnt
|faint|p1a: Ting-Lu
|
|upkeep
|-message|vacineee forfeited.
|
|win|brotassium
|raw|brotassium's rating: 1355 &rarr; <strong>1379</strong><br />(+24 for winning)
|raw|vacineee's rating: 1430 &rarr; <strong>1406</strong><br />(-24 for losing)
|l|☆vacineee
|player|p2|
|l|☆brotassium
|player|p1|
