|j|☆industriedutabac
|j|☆Aguila74
|t:|1769433247
|gametype|singles
|player|p1|industriedutabac|2|1511
|player|p2|Aguila74|170|1550
|gen|9
|tier|[Gen 9] OU
|rated|
|rule|HP Percentage Mod: HP is shown in percentages
|rule|Endless Battle Clause: Forcing endless battles is banned
|rule|Species Clause: Limit one of each Pokémon
|rule|OHKO Clause: OHKO moves are banned
|rule|Evasion Items Clause: Evasion items are banned
|rule|Evasion Moves Clause: Evasion moves are banned
|rule|Evasion Abilities Clause: Evasion abilities are banned
|rule|Sleep Moves Clause: Sleep-inducing moves are banned
|clearpoke
|poke|p1|Gliscor, M|
|poke|p1|Hawlucha, M|
|poke|p1|Magnezone|
|poke|p1|Rillaboom, M|
|poke|p1|Tyranitar, M|
|poke|p1|Excadrill, M|
|poke|p2|Conkeldurr, M|
|poke|p2|Suicune|
|poke|p2|Dragapult, M|
|poke|p2|Iron Moth|
|poke|p2|Iron Treads|
|poke|p2|Meowscarada, F|
|teampreview
|
|t:|1769433252
|teamsize|p1|6
|teamsize|p2|6
|start
|switch|p1a: Gliscor|Gliscor, M|100/100
|switch|p2a: Conkeldurr|Conkeldurr, M|100/100
|turn|1
|
|t:|1769433255
|move|p1a: Gliscor|Protect|p1a: Gliscor
|-singleturn|p1a: Gliscor|Protect
|move|p2a: Conkeldurr|Ice Punch|p1a: Gliscor
|-activate|p1a: Gliscor|move: Protect
|
|-status|p1a: Gliscor|tox|[from] item: Toxic Orb
|upkeep
|turn|2
|
|t:|1769433258
|move|p1a: Gliscor|Substitute|p1a: Gliscor
|-start|p1a: Gliscor|Substitute
|-damage|p1a: Gliscor|76/100 tox
|move|p2a: Conkeldurr|Ice Punch|p1a: Gliscor
|-supereffective|p1a: Gliscor
|-end|p1a: Gliscor|Substitute
|
|-heal|p1a: Gliscor|88/100 tox|[from] ability: Poison Heal
|upkeep
|turn|3
|
|t:|1769433260
|move|p1a: Gliscor|Protect|p1a: Gliscor
|-singleturn|p1a: Gliscor|Protect
|move|p2a: Conkeldurr|Ice Punch|p1a: Gliscor
|-activate|p1a: Gliscor|move: Protect
|
|-heal|p1a: Gliscor|100/100 tox|[from] ability: Poison Heal
|upkeep
|turn|4
|
|t:|1769433263
|move|p1a: Gliscor|Substitute|p1a: Gliscor
|-start|p1a: Gliscor|Substitute
|-damage|p1a: Gliscor|76/100 tox
|move|p2a: Conkeldurr|Ice Punch|p1a: Gliscor
|-supereffective|p1a: Gliscor
|-end|p1a: Gliscor|Substitute
|
|-heal|p1a: Gliscor|88/100 tox|[from] ability: Poison Heal
|upkeep
|turn|5
|
|t:|1769433271
|switch|p2a: Suicune|Suicune|100/100
|-ability|p2a: Suicune|Pressure
|move|p1a: Gliscor|Protect||[still]
|-fail|p1a: Gliscor
|
|-heal|p1a: Gliscor|100/100 tox|[from] ability: Poison Heal
|upkeep
|turn|6
|
|t:|1769433274
|move|p1a: Gliscor|Toxic|p2a: Suicune
|-status|p2a: Suicune|tox
|move|p2a: Suicune|Calm Mind|p2a: Suicune
|-boost|p2a: Suicune|spa|1
|-boost|p2a: Suicune|spd|1
|
|-damage|p2a: Suicune|94/100 tox|[from] psn
|upkeep
|turn|7
|
|t:|1769433277
|move|p1a: Gliscor|Substitute|p1a: Gliscor
|-start|p1a: Gliscor|Substitute
|-damage|p1a: Gliscor|76/100 tox
|move|p2a: Suicune|Scald|p1a: Gliscor
|-supereffective|p1a: Gliscor
|-end|p1a: Gliscor|Substitute
|
|-heal|p2a: Suicune|100/100 tox|[from] item: Leftovers
|-heal|p1a: Gliscor|88/100 tox|[from] ability: Poison Heal
|-damage|p2a: Suicune|88/100 tox|[from] psn
|upkeep
|turn|8
|
|t:|1769433281
|move|p1a: Gliscor|Substitute|p1a: Gliscor
|-start|p1a: Gliscor|Substitute
|-damage|p1a: Gliscor|63/100 tox
|move|p2a: Suicune|Calm Mind|p2a: Suicune
|-boost|p2a: Suicune|spa|1
|-boost|p2a: Suicune|spd|1
|
|-heal|p2a: Suicune|94/100 tox|[from] item: Leftovers
|-heal|p1a: Gliscor|76/100 tox|[from] ability: Poison Heal
|-damage|p2a: Suicune|76/100 tox|[from] psn
|upkeep
|turn|9
|
|t:|1769433283
|move|p1a: Gliscor|Protect|p1a: Gliscor
|-singleturn|p1a: Gliscor|Protect
|move|p2a: Suicune|Scald|p1a: Gliscor
|-activate|p1a: Gliscor|move: Protect
|
|-heal|p2a: Suicune|82/100 tox|[from] item: Leftovers
|-heal|p1a: Gliscor|88/100 tox|[from] ability: Poison Heal
|-damage|p2a: Suicune|57/100 tox|[from] psn
|upkeep
|turn|10
|
|t:|1769433286
|move|p1a: Gliscor|Toxic|p2a: Suicune
|-fail|p2a: Suicune|tox
|move|p2a: Suicune|Scald|p1a: Gliscor
|-supereffective|p1a: Gliscor
|-end|p1a: Gliscor|Substitute
|
|-heal|p2a: Suicune|63/100 tox|[from] item: Leftovers
|-heal|p1a: Gliscor|100/100 tox|[from] ability: Poison Heal
|-damage|p2a: Suicune|32/100 tox|[from] psn
|upkeep
|turn|11
|
|t:|1769433289
|move|p1a: Gliscor|Protect|p1a: Gliscor
|-singleturn|p1a: Gliscor|Protect
|move|p2a: Suicune|Rest|p2a: Suicune
|-status|p2a: Suicune|slp|[from] move: Rest
|-heal|p2a: Suicune|100/100 slp|[silent]
|
|upkeep
|turn|12
|
|t:|1769433291
|switch|p1a: Rillaboom|Rillaboom, M|100/100
|-fieldstart|move: Grassy Terrain|[from] ability: Grassy Surge|[of] p1a: Rillaboom
|cant|p2a: Suicune|slp
|move|p2a: Suicune|Sleep Talk|p2a: Suicune
|move|p2a: Suicune|Rest||[from] move: Sleep Talk|[still]
|-fail|p2a: Suicune
|
|upkeep
|turn|13
|
|t:|1769433297
|move|p1a: Rillaboom|Wood Hammer|p2a: Suicune
|-supereffective|p2a: Suicune
|-damage|p2a: Suicune|0 fnt
|faint|p2a: Suicune
|-damage|p1a: Rillaboom|61/100|[from] Recoil
|-damage|p1a: Rillaboom|52/100|[from] item: Life Orb
|
|-heal|p1a: Rillaboom|58/100|[from] Grassy Terrain
|upkeep
|
|t:|1769433299
|switch|p2a: Meowscarada|Meowscarada, F|100/100
|turn|14
|
|t:|1769433305
|switch|p1a: Magnezone|Magnezone|100/100
|move|p2a: Meowscarada|U-turn|p1a: Magnezone
|-start|p2a: Meowscarada|typechange|Bug|[from] ability: Protean
|-resisted|p1a: Magnezone
|-damage|p1a: Magnezone|85/100
|-damage|p2a: Meowscarada|84/100|[from] item: Rocky Helmet|[of] p1a: Magnezone
|-damage|p2a: Meowscarada|74/100|[from] item: Life Orb
|
|t:|1769433312
|switch|p2a: Conkeldurr|Conkeldurr, M|100/100|[from] U-turn
|
|-heal|p1a: Magnezone|91/100|[from] Grassy Terrain
|upkeep
|turn|15
|
|t:|1769433323
|move|p1a: Magnezone|Thunderbolt|p2a: Conkeldurr
|-damage|p2a: Conkeldurr|71/100
|move|p2a: Conkeldurr|Ice Punch|p1a: Magnezone
|-resisted|p1a: Magnezone
|-damage|p1a: Magnezone|79/100
|-damage|p2a: Conkeldurr|55/100|[from] item: Rocky Helmet|[of] p1a: Magnezone
|
|-heal|p1a: Magnezone|85/100|[from] Grassy Terrain
|-heal|p2a: Conkeldurr|61/100|[from] Grassy Terrain
|upkeep
|turn|16
|
|t:|1769433330
|switch|p1a: Gliscor|Gliscor, M|100/100 tox
|move|p2a: Conkeldurr|Drain Punch|p1a: Gliscor
|-resisted|p1a: Gliscor
|-damage|p1a: Gliscor|83/100 tox
|-heal|p2a: Conkeldurr|68/100|[from] drain|[of] p1a: Gliscor
|
|-heal|p2a: Conkeldurr|74/100|[from] Grassy Terrain
|-heal|p1a: Gliscor|95/100 tox|[from] ability: Poison Heal
|-fieldend|move: Grassy Terrain
|upkeep
|turn|17
|
|t:|1769433336
|move|p1a: Gliscor|Substitute|p1a: Gliscor
|-start|p1a: Gliscor|Substitute
|-damage|p1a: Gliscor|71/100 tox
|move|p2a: Conkeldurr|Ice Punch|p1a: Gliscor
|-supereffective|p1a: Gliscor
|-end|p1a: Gliscor|Substitute
|
|-heal|p1a: Gliscor|83/100 tox|[from] ability: Poison Heal
|upkeep
|turn|18
|
|t:|1769433339
|move|p1a: Gliscor|Protect|p1a: Gliscor
|-singleturn|p1a: Gliscor|Protect
|move|p2a: Conkeldurr|Ice Punch|p1a: Gliscor
|-activate|p1a: Gliscor|move: Protect
|
|-heal|p1a: Gliscor|95/100 tox|[from] ability: Poison Heal
|upkeep
|turn|19
|
|t:|1769433341
|move|p1a: Gliscor|Substitute|p1a: Gliscor
|-start|p1a: Gliscor|Substitute
|-damage|p1a: Gliscor|71/100 tox
|move|p2a: Conkeldurr|Ice Punch|p1a: Gliscor
|-supereffective|p1a: Gliscor
|-end|p1a: Gliscor|Substitute
|
|-heal|p1a: Gliscor|83/100 tox|[from] ability: Poison Heal
|upkeep
|turn|20
|
|t:|1769433347
|switch|p2a: Iron Treads|Iron Treads|100/100
|move|p1a: Gliscor|Protect||[still]
|-fail|p1a: Gliscor
|
|-heal|p1a: Gliscor|95/100 tox|[from] ability: Poison Heal
|upkeep
|turn|21
|
|t:|1769433351
|move|p2a: Iron Treads|Iron Head|p1a: Gliscor
|-damage|p1a: Gliscor|65/100 tox
|cant|p1a: Gliscor|flinch
|
|-heal|p1a: Gliscor|77/100 tox|[from] ability: Poison Heal
|upkeep
|turn|22
|
|t:|1769433355
|move|p2a: Iron Treads|Stealth Rock|p1a: Gliscor
|-sidestart|p1: industriedutabac|move: Stealth Rock
|move|p1a: Gliscor|U-turn|p2a: Iron Treads
|-resisted|p2a: Iron Treads
|-damage|p2a: Iron Treads|95/100
|j| wccqq
|
|t:|1769433357
|switch|p1a: Magnezone|Magnezone|85/100|[from] U-turn
|-damage|p1a: Magnezone|79/100|[from] Stealth Rock
|
|-heal|p2a: Iron Treads|100/100|[from] item: Leftovers
|upkeep
|turn|23
|
|t:|1769433360
|-terastallize|p1a: Magnezone|Fighting
|move|p2a: Iron Treads|Earthquake|p1a: Magnezone
|-damage|p1a: Magnezone|38/100
|move|p1a: Magnezone|Iron Defense|p1a: Magnezone
|-boost|p1a: Magnezone|def|2
|
|upkeep
|turn|24
|
|t:|1769433367
|-terastallize|p2a: Iron Treads|Ground
|move|p2a: Iron Treads|Earthquake|p1a: Magnezone
|-damage|p1a: Magnezone|11/100
|move|p1a: Magnezone|Body Press|p2a: Iron Treads
|-damage|p2a: Iron Treads|22/100
|
|-heal|p2a: Iron Treads|28/100|[from] item: Leftovers
|upkeep
|turn|25
|
|t:|1769433371
|move|p2a: Iron Treads|Earthquake|p1a: Magnezone
|-damage|p1a: Magnezone|0 fnt
|faint|p1a: Magnezone
|
|-heal|p2a: Iron Treads|34/100|[from] item: Leftovers
|upkeep
|
|t:|1769433373
|switch|p1a: Rillaboom|Rillaboom, M|58/100
|-damage|p1a: Rillaboom|45/100|[from] Stealth Rock
|-fieldstart|move: Grassy Terrain|[from] ability: Grassy Surge|[of] p1a: Rillaboom
|turn|26
|
|t:|1769433379
|move|p1a: Rillaboom|Grassy Glide|p2a: Iron Treads
|-supereffective|p2a: Iron Treads
|-damage|p2a: Iron Treads|0 fnt
|faint|p2a: Iron Treads
|-end|p2a: Iron Treads|Quark Drive|[silent]
|-damage|p1a: Rillaboom|35/100|[from] item: Life Orb
|
|-heal|p1a: Rillaboom|42/100|[from] Grassy Terrain
|upkeep
|
|t:|1769433381
|switch|p2a: Meowscarada|Meowscarada, F|74/100
|turn|27
|
|t:|1769433386
|move|p1a: Rillaboom|Grassy Glide|p2a: Meowscarada
|-resisted|p2a: Meowscarada
|-damage|p2a: Meowscarada|34/100
|-damage|p1a: Rillaboom|32/100|[from] item: Life Orb
|move|p2a: Meowscarada|Knock Off|p1a: Rillaboom
|-start|p2a: Meowscarada|typechange|Dark|[from] ability: Protean
|-damage|p1a: Rillaboom|0 fnt
|-enditem|p1a: Rillaboom|Life Orb|[from] move: Knock Off|[of] p2a: Meowscarada
|faint|p1a: Rillaboom
|-damage|p2a: Meowscarada|24/100|[from] item: Life Orb
|
|-heal|p2a: Meowscarada|30/100|[from] Grassy Terrain
|upkeep
|
|t:|1769433392
|switch|p1a: Hawlucha|Hawlucha, M|100/100
|-damage|p1a: Hawlucha|88/100|[from] Stealth Rock
|-enditem|p1a: Hawlucha|Grassy Seed
|-boost|p1a: Hawlucha|def|1|[from] item: Grassy Seed
|turn|28
|
|t:|1769433396
|move|p1a: Hawlucha|Acrobatics|p2a: Meowscarada
|-damage|p2a: Meowscarada|0 fnt
|faint|p2a: Meowscarada
|
|upkeep
|
|t:|1769433399
|switch|p2a: Iron Moth|Iron Moth|100/100
|-enditem|p2a: Iron Moth|Booster Energy
|-activate|p2a: Iron Moth|ability: Quark Drive|[fromitem]
|-start|p2a: Iron Moth|quarkdrivespe
|turn|29
|
|t:|1769433402
|move|p1a: Hawlucha|Acrobatics|p2a: Iron Moth
|-damage|p2a: Iron Moth|22/100
|move|p2a: Iron Moth|Fiery Dance|p1a: Hawlucha
|-damage|p1a: Hawlucha|22/100
|-boost|p2a: Iron Moth|spa|1
|
|-heal|p2a: Iron Moth|28/100|[from] Grassy Terrain
|upkeep
|turn|30
|
|t:|1769433408
|move|p1a: Hawlucha|Acrobatics|p2a: Iron Moth
|-damage|p2a: Iron Moth|0 fnt
|faint|p2a: Iron Moth
|-end|p2a: Iron Moth|Quark Drive|[silent]
|
|-fieldend|move: Grassy Terrain
|upkeep
|
|t:|1769433410
|switch|p2a: Dragapult|Dragapult, M|100/100
|turn|31
|
|t:|1769433413
|move|p1a: Hawlucha|Acrobatics|p2a: Dragapult
|-damage|p2a: Dragapult|34/100
|move|p2a: Dragapult|Dragon Dance|p2a: Dragapult
|-boost|p2a: Dragapult|atk|1
|-boost|p2a: Dragapult|spe|1
|
|upkeep
|turn|32
|
|t:|1769433417
|move|p2a: Dragapult|Sucker Punch|p1a: Hawlucha
|-resisted|p1a: Hawlucha
|-damage|p1a: Hawlucha|0 fnt
|faint|p1a: Hawlucha
|-damage|p2a: Dragapult|24/100|[from] item: Life Orb
|
|upkeep
|
|t:|1769433432
|switch|p1a: Tyranitar|Tyranitar, M|100/100
|-damage|p1a: Tyranitar|88/100|[from] Stealth Rock
|-weather|Sandstorm|[from] ability: Sand Stream|[of] p1a: Tyranitar
|turn|33
|
|t:|1769433436
|move|p2a: Dragapult|Dragon Darts|p1a: Tyranitar
|-damage|p1a: Tyranitar|48/100
|-anim|p2a: Dragapult|Dragon Darts|p1a: Tyranitar
|-damage|p1a: Tyranitar|7/100
|-damage|p2a: Dragapult|14/100|[from] item: Life Orb
|move|p1a: Tyranitar|Knock Off|p2a: Dragapult
|-supereffective|p2a: Dragapult
|-damage|p2a: Dragapult|0 fnt
|-enditem|p2a: Dragapult|Life Orb|[from] move: Knock Off|[of] p1a: Tyranitar
|faint|p2a: Dragapult
|
|-weather|Sandstorm|[upkeep]
|upkeep
|
|t:|1769433439
|switch|p2a: Conkeldurr|Conkeldurr, M|74/100
|turn|34
|
|t:|1769433443
|move|p2a: Conkeldurr|Mach Punch|p1a: Tyranitar
|-supereffective|p1a: Tyranitar
|-damage|p1a: Tyranitar|0 fnt
|faint|p1a: Tyranitar
|
|-weather|Sandstorm|[upkeep]
|-damage|p2a: Conkeldurr|68/100|[from] Sandstorm
|upkeep
|
|t:|1769433448
|switch|p1a: Gliscor|Gliscor, M|77/100 tox
|-damage|p1a: Gliscor|65/100 tox|[from] Stealth Rock
|turn|35
|
|t:|1769433450
|move|p1a: Gliscor|Protect|p1a: Gliscor
|-singleturn|p1a: Gliscor|Protect
|move|p2a: Conkeldurr|Ice Punch|p1a: Gliscor
|-activate|p1a: Gliscor|move: Protect
|
|-weather|Sandstorm|[upkeep]
|-damage|p2a: Conkeldurr|62/100|[from] Sandstorm
|-heal|p1a: Gliscor|77/100 tox|[from] ability: Poison Heal
|upkeep
|turn|36
|-message|Aguila74 forfeited.
|
|win|industriedutabac
|raw|industriedutabac's rating: 1511 &rarr; <strong>1533</strong><br />(+22 for winning)
|raw|Aguila74's rating: 1550 &rarr; <strong>1528</strong><br />(-22 for losing)
|l|☆Aguila74
|player|p2|
|l|☆industriedutabac
|player|p1|
