|j|☆sanakkiaa
|j|☆whatsupmathletes
|t:|1769332954
|gametype|singles
|player|p1|sanakkiaa|2|1075
|player|p2|whatsupmathletes|2|1074
|gen|9
|tier|[Gen 9] OU
|rated|
|rule|HP Percentage Mod: HP is shown in percentages
|rule|Endless Battle Clause: Forcing endless battles is banned
|rule|Species Clause: Limit one of each Pokémon
|rule|OHKO Clause: OHKO moves are banned
|rule|Evasion Items Clause: Evasion items are banned
|rule|Evasion Moves Clause: Evasion moves are banned
|rule|Evasion Abilities Clause: Evasion abilities are banned
|rule|Sleep Moves Clause: Sleep-inducing moves are banned
|clearpoke
|poke|p1|Greninja-*, M|
|poke|p1|Heracross, F|
|poke|p1|Dragapult, M|
|poke|p1|Toxicroak, M|
|poke|p1|Serperior, M|
|poke|p1|Incineroar, M|
|poke|p2|Landorus-Therian, M|
|poke|p2|Dragapult, F|
|poke|p2|Ninetales-Alola, M|
|poke|p2|Azumarill, F|
|poke|p2|Deoxys-Speed|
|poke|p2|Tatsugiri, M|
|teampreview
|
|t:|1769332963
|teamsize|p1|6
|teamsize|p2|6
|start
|switch|p1a: Heracross|Heracross, F|100/100
|switch|p2a: Dragapult|Dragapult, F|100/100
|turn|1
|
|t:|1769332974
|move|p2a: Dragapult|Draco Meteor|p1a: Heracross
|-damage|p1a: Heracross|17/100
|-unboost|p2a: Dragapult|spa|2
|move|p1a: Heracross|Stone Edge|p2a: Dragapult
|-damage|p2a: Dragapult|52/100
|
|-status|p1a: Heracross|brn|[from] item: Flame Orb
|upkeep
|turn|2
|
|t:|1769332985
|move|p2a: Dragapult|Draco Meteor|p1a: Heracross
|-damage|p1a: Heracross|0 fnt
|-unboost|p2a: Dragapult|spa|2
|faint|p1a: Heracross
|
|upkeep
|
|t:|1769332992
|switch|p1a: Dragapult|Dragapult, M|100/100
|turn|3
|
|t:|1769333014
|switch|p2a: Ninetales|Ninetales-Alola, M|100/100
|-weather|Snowscape|[from] ability: Snow Warning|[of] p2a: Ninetales
|move|p1a: Dragapult|Dragon Darts|p2a: Ninetales
|-immune|p2a: Ninetales
|
|-weather|Snowscape|[upkeep]
|upkeep
|turn|4
|
|t:|1769333026
|move|p1a: Dragapult|Protect|p1a: Dragapult
|-singleturn|p1a: Dragapult|Protect
|move|p2a: Ninetales|Aurora Veil|p2a: Ninetales
|-sidestart|p2: whatsupmathletes|move: Aurora Veil
|
|-weather|Snowscape|[upkeep]
|upkeep
|turn|5
|
|t:|1769333036
|switch|p1a: Incineroar|Incineroar, M|100/100
|move|p2a: Ninetales|Encore||[still]
|-fail|p2a: Ninetales
|
|-weather|Snowscape|[upkeep]
|upkeep
|turn|6
|
|t:|1769333045
|switch|p2a: Landorus|Landorus-Therian, M|100/100
|-ability|p2a: Landorus|Intimidate|boost
|-unboost|p1a: Incineroar|atk|1
|move|p1a: Incineroar|Fake Out|p2a: Landorus
|-damage|p2a: Landorus|96/100
|-damage|p1a: Incineroar|84/100|[from] item: Rocky Helmet|[of] p2a: Landorus
|-damage|p1a: Incineroar|74/100|[from] item: Life Orb
|
|-weather|Snowscape|[upkeep]
|upkeep
|turn|7
|
|t:|1769333056
|move|p2a: Landorus|Stealth Rock|p1a: Incineroar
|-sidestart|p1: sanakkiaa|move: Stealth Rock
|move|p1a: Incineroar|Fire Blast|p2a: Landorus
|-damage|p2a: Landorus|75/100
|-damage|p1a: Incineroar|64/100|[from] item: Life Orb
|
|-weather|none
|upkeep
|turn|8
|
|t:|1769333067
|move|p2a: Landorus|Earth Power|p1a: Incineroar
|-supereffective|p1a: Incineroar
|-damage|p1a: Incineroar|0 fnt
|faint|p1a: Incineroar
|
|upkeep
|
|t:|1769333072
|switch|p1a: Greninja|Greninja, M|100/100
|-damage|p1a: Greninja|88/100|[from] Stealth Rock
|turn|9
|
|t:|1769333078
|switch|p2a: Tatsugiri|Tatsugiri, M|100/100
|move|p1a: Greninja|Ice Beam|p2a: Tatsugiri
|-damage|p2a: Tatsugiri|89/100
|-status|p2a: Tatsugiri|frz
|
|-heal|p1a: Greninja|94/100|[from] item: Leftovers
|upkeep
|turn|10
|
|t:|1769333087
|move|p1a: Greninja|Dark Pulse|p2a: Tatsugiri
|-damage|p2a: Tatsugiri|73/100 frz
|cant|p2a: Tatsugiri|frz
|
|-heal|p1a: Greninja|99/100|[from] item: Leftovers
|upkeep
|turn|11
|
|t:|1769333099
|switch|p1a: Serperior|Serperior, M|100/100
|-damage|p1a: Serperior|88/100|[from] Stealth Rock
|cant|p2a: Tatsugiri|frz
|
|-heal|p1a: Serperior|94/100|[from] item: Leftovers
|-sideend|p2: whatsupmathletes|move: Aurora Veil
|upkeep
|turn|12
|
|t:|1769333107
|move|p1a: Serperior|Energy Ball|p2a: Tatsugiri
|-damage|p2a: Tatsugiri|44/100 frz
|cant|p2a: Tatsugiri|frz
|
|-heal|p1a: Serperior|100/100|[from] item: Leftovers
|upkeep
|turn|13
|
|t:|1769333114
|move|p1a: Serperior|Energy Ball|p2a: Tatsugiri
|-crit|p2a: Tatsugiri
|-damage|p2a: Tatsugiri|1/100 frz
|cant|p2a: Tatsugiri|frz
|
|upkeep
|turn|14
|
|t:|1769333125
|move|p1a: Serperior|Calm Mind|p1a: Serperior
|-boost|p1a: Serperior|spa|1
|-boost|p1a: Serperior|spd|1
|cant|p2a: Tatsugiri|frz
|
|upkeep
|turn|15
|
|t:|1769333138
|switch|p2a: Ninetales|Ninetales-Alola, M|100/100
|-weather|Snowscape|[from] ability: Snow Warning|[of] p2a: Ninetales
|move|p1a: Serperior|Calm Mind|p1a: Serperior
|-boost|p1a: Serperior|spa|1
|-boost|p1a: Serperior|spd|1
|
|-weather|Snowscape|[upkeep]
|upkeep
|turn|16
|
|t:|1769333149
|move|p2a: Ninetales|Aurora Veil|p2a: Ninetales
|-sidestart|p2: whatsupmathletes|move: Aurora Veil
|move|p1a: Serperior|Energy Ball|p2a: Ninetales
|-damage|p2a: Ninetales|71/100
|
|-weather|Snowscape|[upkeep]
|upkeep
|turn|17
|
|t:|1769333155
|move|p2a: Ninetales|Freeze-Dry|p1a: Serperior
|-supereffective|p1a: Serperior
|-damage|p1a: Serperior|78/100
|move|p1a: Serperior|Energy Ball|p2a: Ninetales
|-damage|p2a: Ninetales|41/100
|-unboost|p2a: Ninetales|spd|1
|
|-weather|Snowscape|[upkeep]
|-heal|p1a: Serperior|84/100|[from] item: Leftovers
|upkeep
|turn|18
|
|t:|1769333164
|switch|p2a: Tatsugiri|Tatsugiri, M|1/100 frz
|move|p1a: Serperior|Giga Drain|p2a: Tatsugiri
|-damage|p2a: Tatsugiri|0 fnt
|-heal|p1a: Serperior|85/100|[from] drain|[of] p2a: Tatsugiri
|faint|p2a: Tatsugiri
|
|-weather|Snowscape|[upkeep]
|-heal|p1a: Serperior|91/100|[from] item: Leftovers
|upkeep
|
|t:|1769333175
|switch|p2a: Landorus|Landorus-Therian, M|75/100
|-ability|p2a: Landorus|Intimidate|boost
|-unboost|p1a: Serperior|atk|1
|turn|19
|
|t:|1769333182
|move|p2a: Landorus|U-turn|p1a: Serperior
|-supereffective|p1a: Serperior
|-damage|p1a: Serperior|47/100
|
|t:|1769333185
|switch|p2a: Dragapult|Dragapult, F|52/100|[from] U-turn
|move|p1a: Serperior|Giga Drain|p2a: Dragapult
|-resisted|p2a: Dragapult
|-damage|p2a: Dragapult|33/100
|-heal|p1a: Serperior|56/100|[from] drain|[of] p2a: Dragapult
|
|-weather|none
|-heal|p1a: Serperior|62/100|[from] item: Leftovers
|upkeep
|turn|20
|
|t:|1769333194
|move|p2a: Dragapult|U-turn|p1a: Serperior
|-supereffective|p1a: Serperior
|-damage|p1a: Serperior|25/100
|
|t:|1769333205
|switch|p2a: Deoxys|Deoxys-Speed|100/100|[from] U-turn
|-ability|p2a: Deoxys|Pressure
|move|p1a: Serperior|Giga Drain|p2a: Deoxys
|-damage|p2a: Deoxys|35/100
|-heal|p1a: Serperior|50/100|[from] drain|[of] p2a: Deoxys
|
|-heal|p1a: Serperior|56/100|[from] item: Leftovers
|upkeep
|turn|21
|
|t:|1769333216
|move|p1a: Serperior|Protect|p1a: Serperior
|-singleturn|p1a: Serperior|Protect
|move|p2a: Deoxys|Superpower|p1a: Serperior
|-activate|p1a: Serperior|move: Protect
|
|-heal|p1a: Serperior|63/100|[from] item: Leftovers
|upkeep
|turn|22
|
|t:|1769333225
|move|p2a: Deoxys|Knock Off|p1a: Serperior
|-damage|p1a: Serperior|32/100
|-enditem|p1a: Serperior|Leftovers|[from] move: Knock Off|[of] p2a: Deoxys
|move|p1a: Serperior|Giga Drain|p2a: Deoxys
|-damage|p2a: Deoxys|0 fnt
|-heal|p1a: Serperior|44/100|[from] drain|[of] p2a: Deoxys
|faint|p2a: Deoxys
|
|upkeep
|
|t:|1769333241
|switch|p2a: Dragapult|Dragapult, F|33/100
|turn|23
|
|t:|1769333245
|move|p1a: Serperior|Protect|p1a: Serperior
|-singleturn|p1a: Serperior|Protect
|move|p2a: Dragapult|Draco Meteor|p1a: Serperior
|-activate|p1a: Serperior|move: Protect
|
|-sideend|p2: whatsupmathletes|move: Aurora Veil
|upkeep
|turn|24
|
|t:|1769333254
|move|p2a: Dragapult|Draco Meteor|p1a: Serperior
|-damage|p1a: Serperior|0 fnt
|-unboost|p2a: Dragapult|spa|2
|faint|p1a: Serperior
|
|upkeep
|
|t:|1769333262
|switch|p1a: Dragapult|Dragapult, M|100/100
|-damage|p1a: Dragapult|88/100|[from] Stealth Rock
|turn|25
|
|t:|1769333269
|switch|p2a: Landorus|Landorus-Therian, M|75/100
|-ability|p2a: Landorus|Intimidate|boost
|-unboost|p1a: Dragapult|atk|1
|move|p1a: Dragapult|Sucker Punch||[still]
|-fail|p1a: Dragapult
|
|-heal|p1a: Dragapult|94/100|[from] item: Leftovers
|upkeep
|turn|26
|
|t:|1769333283
|move|p1a: Dragapult|Dragon Darts|p2a: Landorus
|-damage|p2a: Landorus|60/100
|-anim|p1a: Dragapult|Dragon Darts|p2a: Landorus
|-damage|p2a: Landorus|46/100
|move|p2a: Landorus|U-turn|p1a: Dragapult
|-resisted|p1a: Dragapult
|-damage|p1a: Dragapult|83/100
|-start|p2a: Landorus|Disable|U-turn|[from] ability: Cursed Body|[of] p1a: Dragapult
|
|t:|1769333289
|switch|p2a: Ninetales|Ninetales-Alola, M|41/100|[from] U-turn
|-weather|Snowscape|[from] ability: Snow Warning|[of] p2a: Ninetales
|
|-weather|Snowscape|[upkeep]
|-heal|p1a: Dragapult|89/100|[from] item: Leftovers
|upkeep
|turn|27
|
|t:|1769333301
|move|p1a: Dragapult|Dragon Darts|p2a: Ninetales
|-immune|p2a: Ninetales
|move|p2a: Ninetales|Aurora Veil|p2a: Ninetales
|-sidestart|p2: whatsupmathletes|move: Aurora Veil
|
|-weather|Snowscape|[upkeep]
|-heal|p1a: Dragapult|95/100|[from] item: Leftovers
|upkeep
|turn|28
|
|t:|1769333373
|switch|p1a: Toxicroak|Toxicroak, M|100/100
|-damage|p1a: Toxicroak|94/100|[from] Stealth Rock
|move|p2a: Ninetales|Moonblast|p1a: Toxicroak
|-damage|p1a: Toxicroak|54/100
|
|-weather|Snowscape|[upkeep]
|upkeep
|turn|29
|
|t:|1769333384
|move|p1a: Toxicroak|Fake Out|p2a: Ninetales
|-damage|p2a: Ninetales|36/100
|-damage|p1a: Toxicroak|44/100|[from] item: Life Orb
|cant|p2a: Ninetales|flinch
|
|-weather|Snowscape|[upkeep]
|upkeep
|turn|30
|
|t:|1769333392
|move|p2a: Ninetales|Moonblast|p1a: Toxicroak
|-damage|p1a: Toxicroak|2/100
|move|p1a: Toxicroak|Close Combat|p2a: Ninetales
|-damage|p2a: Ninetales|10/100
|-unboost|p1a: Toxicroak|def|1
|-unboost|p1a: Toxicroak|spd|1
|-damage|p1a: Toxicroak|0 fnt|[from] item: Life Orb
|faint|p1a: Toxicroak
|
|-weather|none
|upkeep
|
|t:|1769333403
|switch|p1a: Greninja|Greninja, M|99/100
|-damage|p1a: Greninja|88/100|[from] Stealth Rock
|turn|31
|
|t:|1769333415
|move|p2a: Ninetales|Moonblast|p1a: Greninja
|-supereffective|p1a: Greninja
|-damage|p1a: Greninja|5/100
|-unboost|p1a: Greninja|spa|1
|move|p1a: Greninja|Liquidation|p2a: Ninetales
|-damage|p2a: Ninetales|0 fnt
|faint|p2a: Ninetales
|-ability|p1a: Greninja|Battle Bond|boost
|-boost|p1a: Greninja|atk|1
|-boost|p1a: Greninja|spa|1
|-boost|p1a: Greninja|spe|1
|-activate|p1a: Greninja|ability: Battle Bond
|
|-heal|p1a: Greninja|11/100|[from] item: Leftovers
|upkeep
|
|t:|1769333418
|switch|p2a: Azumarill|Azumarill, F|100/100
|turn|32
|
|t:|1769333433
|move|p2a: Azumarill|Aqua Jet|p1a: Greninja
|-resisted|p1a: Greninja
|-damage|p1a: Greninja|0 fnt
|faint|p1a: Greninja
|
|upkeep
|
|t:|1769333438
|switch|p1a: Dragapult|Dragapult, M|95/100
|-damage|p1a: Dragapult|83/100|[from] Stealth Rock
|turn|33
|
|t:|1769333456
|move|p1a: Dragapult|Sucker Punch|p2a: Azumarill
|-resisted|p2a: Azumarill
|-damage|p2a: Azumarill|95/100
|move|p2a: Azumarill|Play Rough|p1a: Dragapult
|-supereffective|p1a: Dragapult
|-damage|p1a: Dragapult|0 fnt
|-start|p2a: Azumarill|Disable|Play Rough|[from] ability: Cursed Body|[of] p1a: Dragapult
|faint|p1a: Dragapult
|
|win|whatsupmathletes
|raw|sanakkiaa's rating: 1075 &rarr; <strong>1054</strong><br />(-21 for losing)
|raw|whatsupmathletes's rating: 1074 &rarr; <strong>1103</strong><br />(+29 for winning)
|l|☆whatsupmathletes
|player|p2|
|l|☆sanakkiaa
|player|p1|
