|j|☆noobella2
|j|☆mydogchoosesmymons
|t:|1769341174
|gametype|singles
|player|p1|noobella2|169|1348
|player|p2|mydogchoosesmymons|harlequin|1304
|gen|9
|tier|[Gen 9] OU
|rated|
|rule|HP Percentage Mod: HP is shown in percentages
|rule|Endless Battle Clause: Forcing endless battles is banned
|rule|Species Clause: Limit one of each Pokémon
|rule|OHKO Clause: OHKO moves are banned
|rule|Evasion Items Clause: Evasion items are banned
|rule|Evasion Moves Clause: Evasion moves are banned
|rule|Evasion Abilities Clause: Evasion abilities are banned
|rule|Sleep Moves Clause: Sleep-inducing moves are banned
|clearpoke
|poke|p1|Swampert, F|
|poke|p1|Gholdengo|
|poke|p1|Enamorus, F|
|poke|p1|Araquanid, M|
|poke|p1|Great Tusk|
|poke|p1|Cinderace, F|
|poke|p2|Klawf, M|
|poke|p2|Gliscor, F|
|poke|p2|Crawdaunt, F|
|poke|p2|Crabominable, M|
|poke|p2|Ambipom, F|
|poke|p2|Deoxys-Speed|
|teampreview
|inactive|Battle timer is ON: inactive players will automatically lose when time's up. (requested by mydogchoosesmymons)
|inactive|noobella2 has 120 seconds left.
|
|t:|1769341230
|teamsize|p1|6
|teamsize|p2|6
|start
|switch|p1a: Swampert|Swampert, F|100/100
|switch|p2a: Monke/Crab|Ambipom, F, shiny|100/100
|turn|1
|
|t:|1769341238
|switch|p1a: Araquanid|Araquanid, M|100/100
|move|p2a: Monke/Crab|Fake Out|p1a: Araquanid
|-damage|p1a: Araquanid|81/100
|
|upkeep
|turn|2
|
|t:|1769341252
|move|p2a: Monke/Crab|Covet|p1a: Araquanid
|-crit|p1a: Araquanid
|-damage|p1a: Araquanid|36/100
|-item|p2a: Monke/Crab|Custap Berry|[from] move: Covet|[of] p1a: Araquanid
|move|p1a: Araquanid|Surf|p2a: Monke/Crab
|-damage|p2a: Monke/Crab|37/100
|
|upkeep
|turn|3
|
|t:|1769341268
|switch|p1a: Gholdengo|Gholdengo|100/100
|-item|p1a: Gholdengo|Air Balloon
|move|p2a: Monke/Crab|Acrobatics|p1a: Gholdengo
|-resisted|p1a: Gholdengo
|-damage|p1a: Gholdengo|90/100
|-enditem|p1a: Gholdengo|Air Balloon
|
|upkeep
|turn|4
|
|t:|1769341282
|switch|p2a: Ground/Bird/Crab|Gliscor, F, shiny|100/100
|move|p1a: Gholdengo|Make It Rain|p2a: Ground/Bird/Crab
|-damage|p2a: Ground/Bird/Crab|17/100
|-unboost|p1a: Gholdengo|spa|1
|
|-status|p2a: Ground/Bird/Crab|tox|[from] item: Toxic Orb
|upkeep
|turn|5
|
|t:|1769341300
|switch|p1a: Araquanid|Araquanid, M|36/100
|move|p2a: Ground/Bird/Crab|Earthquake|p1a: Araquanid
|-resisted|p1a: Araquanid
|-damage|p1a: Araquanid|19/100
|
|-heal|p2a: Ground/Bird/Crab|29/100 tox|[from] ability: Poison Heal
|upkeep
|turn|6
|
|t:|1769341308
|move|p2a: Ground/Bird/Crab|Dual Wingbeat|p1a: Araquanid
|-supereffective|p1a: Araquanid
|-damage|p1a: Araquanid|0 fnt
|faint|p1a: Araquanid
|-hitcount|p1: Araquanid|1
|
|-heal|p2a: Ground/Bird/Crab|42/100 tox|[from] ability: Poison Heal
|upkeep
|
|t:|1769341315
|switch|p1a: Enamorus|Enamorus, F|100/100
|turn|7
|
|t:|1769341323
|move|p2a: Ground/Bird/Crab|Protect|p2a: Ground/Bird/Crab
|-singleturn|p2a: Ground/Bird/Crab|Protect
|move|p1a: Enamorus|Moonblast|p2a: Ground/Bird/Crab
|-activate|p2a: Ground/Bird/Crab|move: Protect
|
|-heal|p2a: Ground/Bird/Crab|54/100 tox|[from] ability: Poison Heal
|upkeep
|turn|8
|
|t:|1769341346
|switch|p1a: Swampert|Swampert, F|100/100
|switch|p2a: Space/Crab|Deoxys-Speed, shiny|100/100
|-ability|p2a: Space/Crab|Pressure
|
|upkeep
|turn|9
|
|t:|1769341359
|move|p2a: Space/Crab|Energy Ball|p1a: Swampert
|-supereffective|p1a: Swampert
|-damage|p1a: Swampert|0 fnt
|faint|p1a: Swampert
|
|upkeep
|
|t:|1769341363
|switch|p1a: Gholdengo|Gholdengo|90/100
|turn|10
|
|t:|1769341374
|switch|p2a: Monke/Crab|Ambipom, F, shiny|37/100
|move|p1a: Gholdengo|Make It Rain|p2a: Monke/Crab
|-damage|p2a: Monke/Crab|0 fnt
|-unboost|p1a: Gholdengo|spa|1
|faint|p2a: Monke/Crab
|
|upkeep
|
|t:|1769341381
|switch|p2a: Ground/Bird/Crab|Gliscor, F, shiny|54/100 tox
|turn|11
|
|t:|1769341388
|switch|p1a: Enamorus|Enamorus, F|100/100
|move|p2a: Ground/Bird/Crab|Earthquake|p1a: Enamorus
|-immune|p1a: Enamorus
|
|-heal|p2a: Ground/Bird/Crab|66/100 tox|[from] ability: Poison Heal
|upkeep
|turn|12
|
|t:|1769341403
|move|p2a: Ground/Bird/Crab|Protect|p2a: Ground/Bird/Crab
|-singleturn|p2a: Ground/Bird/Crab|Protect
|move|p1a: Enamorus|Moonblast|p2a: Ground/Bird/Crab
|-activate|p2a: Ground/Bird/Crab|move: Protect
|
|-heal|p2a: Ground/Bird/Crab|79/100 tox|[from] ability: Poison Heal
|upkeep
|turn|13
|
|t:|1769341412
|switch|p2a: Space/Crab|Deoxys-Speed, shiny|100/100
|-ability|p2a: Space/Crab|Pressure
|move|p1a: Enamorus|Moonblast|p2a: Space/Crab
|-damage|p2a: Space/Crab|18/100
|
|upkeep
|turn|14
|
|t:|1769341430
|switch|p1a: Gholdengo|Gholdengo|90/100
|move|p2a: Space/Crab|Meteor Beam||[still]
|-prepare|p2a: Space/Crab|Meteor Beam
|-boost|p2a: Space/Crab|spa|1
|-enditem|p2a: Space/Crab|Power Herb
|-anim|p2a: Space/Crab|Meteor Beam|p1a: Gholdengo
|-resisted|p1a: Gholdengo
|-damage|p1a: Gholdengo|63/100
|
|upkeep
|turn|15
|
|t:|1769341447
|move|p2a: Space/Crab|Psyshock|p1a: Gholdengo
|-resisted|p1a: Gholdengo
|-damage|p1a: Gholdengo|41/100
|move|p1a: Gholdengo|Recover|p1a: Gholdengo
|-heal|p1a: Gholdengo|91/100
|
|upkeep
|turn|16
|
|t:|1769341456
|move|p2a: Space/Crab|Psyshock|p1a: Gholdengo
|-resisted|p1a: Gholdengo
|-damage|p1a: Gholdengo|68/100
|move|p1a: Gholdengo|Shadow Ball|p2a: Space/Crab
|-supereffective|p2a: Space/Crab
|-damage|p2a: Space/Crab|0 fnt
|faint|p2a: Space/Crab
|
|upkeep
|
|t:|1769341463
|switch|p2a: Ground/Bird/Crab|Gliscor, F, shiny|79/100 tox
|turn|17
|
|t:|1769341469
|switch|p1a: Enamorus|Enamorus, F|100/100
|move|p2a: Ground/Bird/Crab|Dual Wingbeat|p1a: Enamorus
|-damage|p1a: Enamorus|73/100
|-damage|p1a: Enamorus|48/100
|-hitcount|p1a: Enamorus|2
|
|-heal|p2a: Ground/Bird/Crab|91/100 tox|[from] ability: Poison Heal
|upkeep
|turn|18
|
|t:|1769341485
|switch|p1a: Great Tusk|Great Tusk|100/100
|-enditem|p1a: Great Tusk|Booster Energy
|-activate|p1a: Great Tusk|ability: Protosynthesis|[fromitem]
|-start|p1a: Great Tusk|protosynthesisatk
|move|p2a: Ground/Bird/Crab|Dual Wingbeat|p1a: Great Tusk
|-supereffective|p1a: Great Tusk
|-damage|p1a: Great Tusk|75/100
|-supereffective|p1a: Great Tusk
|-damage|p1a: Great Tusk|50/100
|-hitcount|p1a: Great Tusk|2
|
|-heal|p2a: Ground/Bird/Crab|100/100 tox|[from] ability: Poison Heal
|upkeep
|turn|19
|inactive|noobella2 has 120 seconds left.
|
|t:|1769341515
|move|p2a: Ground/Bird/Crab|Dual Wingbeat|p1a: Great Tusk|[miss]
|-miss|p2a: Ground/Bird/Crab|p1a: Great Tusk
|move|p1a: Great Tusk|Ice Spinner|p2a: Ground/Bird/Crab
|-supereffective|p2a: Ground/Bird/Crab
|-damage|p2a: Ground/Bird/Crab|0 fnt
|faint|p2a: Ground/Bird/Crab
|
|upkeep
|
|t:|1769341539
|switch|p2a: Ugly/Ice/Crab|Crabominable, M, shiny|100/100
|turn|20
|inactive|noobella2 has 120 seconds left.
|
|t:|1769341574
|move|p1a: Great Tusk|Headlong Rush|p2a: Ugly/Ice/Crab
|-damage|p2a: Ugly/Ice/Crab|8/100
|-unboost|p1a: Great Tusk|def|1
|-unboost|p1a: Great Tusk|spd|1
|move|p2a: Ugly/Ice/Crab|Ice Punch|p1a: Great Tusk
|-supereffective|p1a: Great Tusk
|-damage|p1a: Great Tusk|0 fnt
|faint|p1a: Great Tusk
|-end|p1a: Great Tusk|Protosynthesis|[silent]
|
|upkeep
|
|t:|1769341583
|switch|p1a: Enamorus|Enamorus, F|48/100
|turn|21
|
|t:|1769341588
|move|p1a: Enamorus|Moonblast|p2a: Ugly/Ice/Crab
|-supereffective|p2a: Ugly/Ice/Crab
|-damage|p2a: Ugly/Ice/Crab|0 fnt
|faint|p2a: Ugly/Ice/Crab
|
|upkeep
|
|t:|1769341597
|switch|p2a: I got crabs|Klawf, M, shiny|100/100
|turn|22
|
|t:|1769341613
|move|p1a: Enamorus|Moonblast|p2a: I got crabs
|-enditem|p2a: I got crabs|Focus Sash
|-damage|p2a: I got crabs|1/100
|-ability|p2a: I got crabs|Anger Shell|boost
|-boost|p2a: I got crabs|atk|1
|-boost|p2a: I got crabs|spa|1
|-boost|p2a: I got crabs|spe|1
|-unboost|p2a: I got crabs|def|1
|-unboost|p2a: I got crabs|spd|1
|move|p2a: I got crabs|Crabhammer|p1a: Enamorus
|-damage|p1a: Enamorus|0 fnt
|faint|p1a: Enamorus
|
|upkeep
|
|t:|1769341622
|switch|p1a: Cinderace|Cinderace, F|100/100
|turn|23
|
|t:|1769341627
|move|p1a: Cinderace|Sucker Punch|p2a: I got crabs
|-start|p1a: Cinderace|typechange|Dark|[from] ability: Libero
|-damage|p2a: I got crabs|0 fnt
|faint|p2a: I got crabs
|
|upkeep
|
|t:|1769341633
|switch|p2a: Dark/Crab|Crawdaunt, F, shiny|100/100
|turn|24
|inactive|noobella2 has 120 seconds left.
|
|t:|1769341654
|move|p1a: Cinderace|U-turn|p2a: Dark/Crab
|-supereffective|p2a: Dark/Crab
|-damage|p2a: Dark/Crab|48/100
|
|t:|1769341658
|switch|p1a: Gholdengo|Gholdengo|68/100|[from] U-turn
|move|p2a: Dark/Crab|X-Scissor|p1a: Gholdengo
|-resisted|p1a: Gholdengo
|-damage|p1a: Gholdengo|61/100
|-damage|p2a: Dark/Crab|38/100|[from] item: Life Orb
|
|upkeep
|turn|25
|
|t:|1769341665
|-terastallize|p1a: Gholdengo|Dragon
|move|p1a: Gholdengo|Recover|p1a: Gholdengo
|-heal|p1a: Gholdengo|100/100
|move|p2a: Dark/Crab|Knock Off|p1a: Gholdengo
|-damage|p1a: Gholdengo|46/100
|-damage|p2a: Dark/Crab|28/100|[from] item: Life Orb
|
|upkeep
|turn|26
|
|t:|1769341678
|move|p1a: Gholdengo|Make It Rain|p2a: Dark/Crab
|-resisted|p2a: Dark/Crab
|-damage|p2a: Dark/Crab|0 fnt
|-unboost|p1a: Gholdengo|spa|1
|faint|p2a: Dark/Crab
|
|win|noobella2
|raw|noobella2's rating: 1348 &rarr; <strong>1365</strong><br />(+17 for winning)
|raw|mydogchoosesmymons's rating: 1304 &rarr; <strong>1287</strong><br />(-17 for losing)
|l|☆mydogchoosesmymons
|player|p2|
|l|☆noobella2
|player|p1|
