|j|☆dash i wanna dash
|j|☆DiegoRene
|t:|1769432482
|gametype|singles
|player|p1|dash i wanna dash|hiker-gen2|1404
|player|p2|DiegoRene|265|1378
|gen|9
|tier|[Gen 9] OU
|rated|
|rule|HP Percentage Mod: HP is shown in percentages
|rule|Endless Battle Clause: Forcing endless battles is banned
|rule|Species Clause: Limit one of each Pokémon
|rule|OHKO Clause: OHKO moves are banned
|rule|Evasion Items Clause: Evasion items are banned
|rule|Evasion Moves Clause: Evasion moves are banned
|rule|Evasion Abilities Clause: Evasion abilities are banned
|rule|Sleep Moves Clause: Sleep-inducing moves are banned
|clearpoke
|poke|p1|Zoroark-Hisui, F|
|poke|p1|Ogerpon-Wellspring, F|
|poke|p1|Great Tusk|
|poke|p1|Garganacl, M|
|poke|p1|Pecharunt|
|poke|p1|Alomomola, M|
|poke|p2|Dragonite, M|
|poke|p2|Landorus-Therian, M|
|poke|p2|Gastrodon-East, M|
|poke|p2|Zapdos|
|poke|p2|Umbreon, F|
|poke|p2|Mimikyu, F|
|teampreview
|inactive|Battle timer is ON: inactive players will automatically lose when time's up. (requested by dash i wanna dash)
|inactive|DiegoRene has 120 seconds left.
|inactive|DiegoRene has 90 seconds left.
|
|t:|1769432563
|teamsize|p1|6
|teamsize|p2|6
|start
|switch|p1a: It Never Happened|Alomomola, M, shiny|100/100
|switch|p2a: Landorus|Landorus-Therian, M|100/100
|-ability|p2a: Landorus|Intimidate|boost
|-unboost|p1a: It Never Happened|atk|1
|turn|1
|inactive|dash i wanna dash has 120 seconds left.
|
|t:|1769432608
|move|p2a: Landorus|U-turn|p1a: It Never Happened
|-damage|p1a: It Never Happened|80/100
|
|t:|1769432612
|switch|p2a: Gastrodon|Gastrodon-East, M|100/100|[from] U-turn
|move|p1a: It Never Happened|Flip Turn|p2a: Gastrodon
|-ability|p2a: Gastrodon|Storm Drain|boost
|-boost|p2a: Gastrodon|spa|1
|
|upkeep
|turn|2
|
|t:|1769432626
|move|p2a: Gastrodon|Ice Beam|p1a: It Never Happened
|-resisted|p1a: It Never Happened
|-damage|p1a: It Never Happened|70/100
|move|p1a: It Never Happened|Mirror Coat|p2a: Gastrodon
|-damage|p2a: Gastrodon|77/100
|
|-heal|p2a: Gastrodon|83/100|[from] item: Leftovers
|upkeep
|turn|3
|
|t:|1769432636
|switch|p1a: That's False|Ogerpon-Wellspring, F|100/100
|move|p2a: Gastrodon|Ice Beam|p1a: That's False
|-damage|p1a: That's False|61/100
|
|-heal|p2a: Gastrodon|89/100|[from] item: Leftovers
|upkeep
|turn|4
|
|t:|1769432653
|switch|p1a: Not This Time|Pecharunt|100/100
|-terastallize|p2a: Gastrodon|Steel
|move|p2a: Gastrodon|Ice Beam|p1a: Not This Time
|-damage|p1a: Not This Time|62/100
|
|-heal|p2a: Gastrodon|95/100|[from] item: Leftovers
|upkeep
|turn|5
|inactive|dash i wanna dash has 120 seconds left.
|
|t:|1769432666
|move|p1a: Not This Time|Parting Shot|p2a: Gastrodon
|-unboost|p2a: Gastrodon|atk|1
|-unboost|p2a: Gastrodon|spa|1
|
|t:|1769432677
|switch|p1a: You Are Incorrect|Great Tusk, shiny|100/100|[from] Parting Shot
|move|p2a: Gastrodon|Earth Power|p1a: You Are Incorrect
|-damage|p1a: You Are Incorrect|41/100
|
|-heal|p2a: Gastrodon|100/100|[from] item: Leftovers
|upkeep
|turn|6
|
|t:|1769432689
|-end|p1a: You Are Incorrect|Protosynthesis|[silent]
|switch|p1a: Not This Time|Pecharunt|100/100
|switch|p2a: Landorus|Landorus-Therian, M|100/100
|-ability|p2a: Landorus|Intimidate|boost
|-unboost|p1a: Not This Time|atk|1
|
|upkeep
|turn|7
|
|t:|1769432696
|move|p2a: Landorus|U-turn|p1a: Not This Time
|-resisted|p1a: Not This Time
|-damage|p1a: Not This Time|70/100
|replace|p1a: FACTUALLY TRUE|Zoroark-Hisui, F
|-end|p1a: FACTUALLY TRUE|Illusion
|
|t:|1769432701
|switch|p2a: Umbreon|Umbreon, F, shiny|100/100|[from] U-turn
|move|p1a: FACTUALLY TRUE|Shadow Ball|p2a: Umbreon
|-resisted|p2a: Umbreon
|-damage|p2a: Umbreon|85/100
|
|-heal|p2a: Umbreon|91/100|[from] item: Leftovers
|upkeep
|turn|8
|
|t:|1769432710
|switch|p1a: We Made It Up|Garganacl, M, shiny|100/100
|move|p2a: Umbreon|Foul Play|p1a: We Made It Up
|-damage|p1a: We Made It Up|81/100
|
|-heal|p2a: Umbreon|97/100|[from] item: Leftovers
|-heal|p1a: We Made It Up|87/100|[from] item: Leftovers
|upkeep
|turn|9
|
|t:|1769432719
|switch|p2a: Dragonite|Dragonite, M|100/100
|move|p1a: We Made It Up|Stealth Rock|p2a: Dragonite
|-sidestart|p2: DiegoRene|move: Stealth Rock
|
|-heal|p1a: We Made It Up|93/100|[from] item: Leftovers
|upkeep
|turn|10
|
|t:|1769432728
|move|p2a: Dragonite|Dragon Dance|p2a: Dragonite
|-boost|p2a: Dragonite|atk|1
|-boost|p2a: Dragonite|spe|1
|move|p1a: We Made It Up|Salt Cure|p2a: Dragonite
|-supereffective|p2a: Dragonite
|-damage|p2a: Dragonite|86/100
|-start|p2a: Dragonite|Salt Cure
|-enditem|p2a: Dragonite|Weakness Policy
|-boost|p2a: Dragonite|atk|2|[from] item: Weakness Policy
|-boost|p2a: Dragonite|spa|2|[from] item: Weakness Policy
|
|-heal|p1a: We Made It Up|99/100|[from] item: Leftovers
|-damage|p2a: Dragonite|74/100|[from] Salt Cure
|upkeep
|turn|11
|
|t:|1769432738
|-terastallize|p1a: We Made It Up|Fairy
|move|p2a: Dragonite|Earthquake|p1a: We Made It Up
|-damage|p1a: We Made It Up|32/100
|move|p1a: We Made It Up|Salt Cure|p2a: Dragonite
|-supereffective|p2a: Dragonite
|-damage|p2a: Dragonite|41/100
|
|-heal|p1a: We Made It Up|38/100|[from] item: Leftovers
|-damage|p2a: Dragonite|28/100|[from] Salt Cure
|upkeep
|turn|12
|
|t:|1769432748
|move|p1a: We Made It Up|Protect|p1a: We Made It Up
|-singleturn|p1a: We Made It Up|Protect
|move|p2a: Dragonite|Earthquake|p1a: We Made It Up
|-activate|p1a: We Made It Up|move: Protect
|
|-heal|p1a: We Made It Up|45/100|[from] item: Leftovers
|-damage|p2a: Dragonite|16/100|[from] Salt Cure
|upkeep
|turn|13
|
|t:|1769432764
|switch|p1a: It Never Happened|Alomomola, M, shiny|100/100
|move|p2a: Dragonite|Earthquake|p1a: It Never Happened
|-damage|p1a: It Never Happened|33/100
|
|-damage|p2a: Dragonite|4/100|[from] Salt Cure
|upkeep
|turn|14
|
|t:|1769432786
|switch|p1a: Not This Time|Pecharunt|62/100
|move|p2a: Dragonite|Earthquake|p1a: Not This Time
|-supereffective|p1a: Not This Time
|-damage|p1a: Not This Time|0 fnt
|faint|p1a: Not This Time
|
|-damage|p2a: Dragonite|0 fnt|[from] Salt Cure
|faint|p2a: Dragonite
|upkeep
|inactive|DiegoRene has 120 seconds left.
|
|t:|1769432812
|switch|p2a: Landorus|Landorus-Therian, M|100/100
|switch|p1a: It Never Happened|Alomomola, M, shiny|70/100
|-damage|p2a: Landorus|88/100|[from] Stealth Rock
|-ability|p2a: Landorus|Intimidate|boost
|-unboost|p1a: It Never Happened|atk|1
|turn|15
|
|t:|1769432820
|switch|p2a: Gastrodon|Gastrodon-East, M, tera:Steel|100/100
|-damage|p2a: Gastrodon|94/100|[from] Stealth Rock
|move|p1a: It Never Happened|Trick|p2a: Gastrodon
|-activate|p1a: It Never Happened|move: Trick|[of] p2a: Gastrodon
|-item|p2a: Gastrodon|Choice Specs|[from] move: Trick
|-item|p1a: It Never Happened|Leftovers|[from] move: Trick
|
|-heal|p1a: It Never Happened|76/100|[from] item: Leftovers
|upkeep
|turn|16
|inactive|DiegoRene has 120 seconds left.
|
|t:|1769432830
|move|p1a: It Never Happened|Flamethrower|p2a: Gastrodon
|-supereffective|p2a: Gastrodon
|-damage|p2a: Gastrodon|39/100
|move|p2a: Gastrodon|Earth Power|p1a: It Never Happened
|-damage|p1a: It Never Happened|0 fnt
|replace|p1a: FACTUALLY TRUE|Zoroark-Hisui, F
|-end|p1a: FACTUALLY TRUE|Illusion
|faint|p1a: FACTUALLY TRUE
|
|upkeep
|
|t:|1769432845
|switch|p1a: That's False|Ogerpon-Wellspring, F|61/100
|turn|17
|inactive|DiegoRene has 120 seconds left.
|
|t:|1769432881
|switch|p2a: Landorus|Landorus-Therian, M|88/100
|-damage|p2a: Landorus|75/100|[from] Stealth Rock
|-ability|p2a: Landorus|Intimidate|boost
|-unboost|p1a: That's False|atk|1
|move|p1a: That's False|Horn Leech|p2a: Landorus
|-damage|p2a: Landorus|40/100
|-heal|p1a: That's False|80/100|[from] drain|[of] p2a: Landorus
|
|upkeep
|turn|18
|
|t:|1769432893
|switch|p1a: It Never Happened|Alomomola, M, shiny|67/100
|move|p2a: Landorus|U-turn|p1a: It Never Happened
|-damage|p1a: It Never Happened|46/100
|inactive|DiegoRene has 90 seconds left.
|
|t:|1769432914
|switch|p2a: Zapdos|Zapdos|100/100|[from] U-turn
|
|upkeep
|turn|19
|
|t:|1769432924
|move|p2a: Zapdos|Thunderbolt|p1a: It Never Happened
|-supereffective|p1a: It Never Happened
|-damage|p1a: It Never Happened|0 fnt
|faint|p1a: It Never Happened
|
|upkeep
|
|t:|1769432936
|switch|p1a: We Made It Up|Garganacl, M, shiny, tera:Fairy|45/100
|turn|20
|
|t:|1769432943
|move|p2a: Zapdos|Thunderbolt|p1a: We Made It Up
|-damage|p1a: We Made It Up|12/100
|move|p1a: We Made It Up|Recover|p1a: We Made It Up
|-heal|p1a: We Made It Up|62/100
|
|-heal|p1a: We Made It Up|69/100|[from] item: Leftovers
|upkeep
|turn|21
|
|t:|1769432961
|move|p2a: Zapdos|Hurricane|p1a: We Made It Up
|-damage|p1a: We Made It Up|27/100
|move|p1a: We Made It Up|Salt Cure|p2a: Zapdos
|-supereffective|p2a: Zapdos
|-damage|p2a: Zapdos|71/100
|-start|p2a: Zapdos|Salt Cure
|
|-heal|p1a: We Made It Up|33/100|[from] item: Leftovers
|-damage|p2a: Zapdos|58/100|[from] Salt Cure
|upkeep
|turn|22
|
|t:|1769432971
|move|p1a: We Made It Up|Protect|p1a: We Made It Up
|-singleturn|p1a: We Made It Up|Protect
|move|p2a: Zapdos|Roost|p2a: Zapdos
|-heal|p2a: Zapdos|100/100
|-singleturn|p2a: Zapdos|move: Roost
|
|-heal|p1a: We Made It Up|39/100|[from] item: Leftovers
|-damage|p2a: Zapdos|88/100|[from] Salt Cure
|upkeep
|turn|23
|inactive|DiegoRene has 120 seconds left.
|
|t:|1769432981
|move|p2a: Zapdos|Hurricane|p1a: We Made It Up
|-damage|p1a: We Made It Up|0 fnt
|faint|p1a: We Made It Up
|
|-damage|p2a: Zapdos|75/100|[from] Salt Cure
|upkeep
|
|t:|1769432989
|switch|p1a: That's False|Ogerpon-Wellspring, F|80/100
|turn|24
|inactive|DiegoRene has 120 seconds left.
|
|t:|1769433001
|switch|p2a: Landorus|Landorus-Therian, M|40/100
|-damage|p2a: Landorus|27/100|[from] Stealth Rock
|-ability|p2a: Landorus|Intimidate|boost
|-unboost|p1a: That's False|atk|1
|move|p1a: That's False|Swords Dance|p1a: That's False
|-boost|p1a: That's False|atk|2
|
|upkeep
|turn|25
|
|t:|1769433015
|move|p2a: Landorus|U-turn|p1a: That's False
|-supereffective|p1a: That's False
|-damage|p1a: That's False|3/100
|
|t:|1769433021
|switch|p2a: Mimikyu|Mimikyu, F|100/100|[from] U-turn
|-damage|p2a: Mimikyu|88/100|[from] Stealth Rock
|move|p1a: That's False|Horn Leech|p2a: Mimikyu
|-activate|p2a: Mimikyu|ability: Disguise
|-damage|p2a: Mimikyu|88/100
|detailschange|p2a: Mimikyu|Mimikyu-Busted, F
|-damage|p2a: Mimikyu|76/100|[from] pokemon: Mimikyu-Busted
|
|upkeep
|turn|26
|
|t:|1769433033
|move|p2a: Mimikyu|Shadow Sneak|p1a: That's False
|-damage|p1a: That's False|0 fnt
|faint|p1a: That's False
|-damage|p2a: Mimikyu|66/100|[from] item: Life Orb
|
|upkeep
|inactive|dash i wanna dash has 120 seconds left.
|
|t:|1769433069
|switch|p1a: You Are Incorrect|Great Tusk, shiny|41/100
|turn|27
|-message|dash i wanna dash forfeited.
|
|win|DiegoRene
|raw|dash i wanna dash's rating: 1404 &rarr; <strong>1383</strong><br />(-21 for losing)
|raw|DiegoRene's rating: 1378 &rarr; <strong>1399</strong><br />(+21 for winning)
|l|☆dash i wanna dash
|player|p1|
|l|☆DiegoRene
|player|p2|
