|j|☆Coolradguy
|j|☆sebeck
|t:|1769324508
|gametype|singles
|player|p1|Coolradguy|ghetsis|1430
|player|p2|sebeck|101|1459
|gen|9
|tier|[Gen 9] OU
|rated|
|rule|HP Percentage Mod: HP is shown in percentages
|rule|Endless Battle Clause: Forcing endless battles is banned
|rule|Species Clause: Limit one of each Pokémon
|rule|OHKO Clause: OHKO moves are banned
|rule|Evasion Items Clause: Evasion items are banned
|rule|Evasion Moves Clause: Evasion moves are banned
|rule|Evasion Abilities Clause: Evasion abilities are banned
|rule|Sleep Moves Clause: Sleep-inducing moves are banned
|clearpoke
|poke|p1|Samurott-Hisui, M|
|poke|p1|Iron Treads|
|poke|p1|Ditto|
|poke|p1|Zapdos|
|poke|p1|Iron Valiant|
|poke|p1|Glastrier|
|poke|p2|Iron Boulder|
|poke|p2|Dragapult, F|
|poke|p2|Zapdos|
|poke|p2|Iron Crown|
|poke|p2|Great Tusk|
|poke|p2|Samurott-Hisui, M|
|teampreview
|inactive|Battle timer is ON: inactive players will automatically lose when time's up. (requested by sebeck)
|
|t:|1769324520
|teamsize|p1|6
|teamsize|p2|6
|start
|switch|p1a: Ditto|Ditto, shiny|100/100
|switch|p2a: Dragapult|Dragapult, F|100/100
|-transform|p1a: Ditto|p2a: Dragapult|[from] ability: Imposter
|turn|1
|
|t:|1769324530
|move|p2a: Dragapult|Sucker Punch|p1a: Ditto
|-supereffective|p1a: Ditto
|-damage|p1a: Ditto|5/100
|move|p1a: Ditto|Dragon Darts|p2a: Dragapult
|-supereffective|p2a: Dragapult
|-damage|p2a: Dragapult|37/100
|-anim|p1a: Ditto|Dragon Darts|p2a: Dragapult
|-supereffective|p2a: Dragapult
|-crit|p2a: Dragapult
|-damage|p2a: Dragapult|0 fnt
|faint|p2a: Dragapult
|
|upkeep
|
|t:|1769324550
|switch|p2a: Great Tusk|Great Tusk|100/100
|turn|2
|
|t:|1769324570
|switch|p1a: Iron Valiant|Iron Valiant|100/100
|-enditem|p1a: Iron Valiant|Booster Energy
|-activate|p1a: Iron Valiant|ability: Quark Drive|[fromitem]
|-start|p1a: Iron Valiant|quarkdrivespe
|move|p2a: Great Tusk|Stealth Rock|p1a: Iron Valiant
|-sidestart|p1: Coolradguy|move: Stealth Rock
|
|upkeep
|turn|3
|
|t:|1769324576
|-end|p2a: Great Tusk|Protosynthesis|[silent]
|switch|p2a: Zapdos|Zapdos|100/100
|move|p1a: Iron Valiant|Moonblast|p2a: Zapdos
|-damage|p2a: Zapdos|52/100
|
|upkeep
|turn|4
|
|t:|1769324587
|move|p1a: Iron Valiant|Moonblast|p2a: Zapdos
|-damage|p2a: Zapdos|8/100
|move|p2a: Zapdos|Roost|p2a: Zapdos
|-heal|p2a: Zapdos|58/100
|-singleturn|p2a: Zapdos|move: Roost
|
|upkeep
|turn|5
|
|t:|1769324594
|-end|p1a: Iron Valiant|Quark Drive|[silent]
|switch|p1a: Zapdos|Zapdos, shiny|100/100
|move|p2a: Zapdos|Hurricane|p1a: Zapdos|[miss]
|-miss|p2a: Zapdos|p1a: Zapdos
|
|upkeep
|turn|6
|
|t:|1769324598
|move|p2a: Zapdos|Roost|p2a: Zapdos
|-heal|p2a: Zapdos|100/100
|-singleturn|p2a: Zapdos|move: Roost
|move|p1a: Zapdos|Discharge|p2a: Zapdos
|-resisted|p2a: Zapdos
|-damage|p2a: Zapdos|79/100
|
|upkeep
|turn|7
|
|t:|1769324610
|move|p2a: Zapdos|Discharge|p1a: Zapdos
|-damage|p1a: Zapdos|70/100
|move|p1a: Zapdos|U-turn|p2a: Zapdos
|-resisted|p2a: Zapdos
|-damage|p2a: Zapdos|74/100
|
|t:|1769324623
|switch|p1a: Glastrier|Glastrier|100/100|[from] U-turn
|-damage|p1a: Glastrier|75/100|[from] Stealth Rock
|
|-heal|p1a: Glastrier|82/100|[from] item: Leftovers
|upkeep
|turn|8
|
|t:|1769324644
|move|p2a: Zapdos|U-turn|p1a: Glastrier
|-damage|p1a: Glastrier|72/100
|
|t:|1769324648
|switch|p2a: Iron Crown|Iron Crown|100/100|[from] U-turn
|move|p1a: Glastrier|Avalanche|p2a: Iron Crown
|-resisted|p2a: Iron Crown
|-damage|p2a: Iron Crown|79/100
|
|-heal|p1a: Glastrier|78/100|[from] item: Leftovers
|upkeep
|turn|9
|
|t:|1769324662
|move|p2a: Iron Crown|Tachyon Cutter|p1a: Glastrier
|-supereffective|p1a: Glastrier
|-damage|p1a: Glastrier|17/100
|-supereffective|p1a: Glastrier
|-damage|p1a: Glastrier|0 fnt
|faint|p1a: Glastrier
|-hitcount|p1: Glastrier|2
|
|upkeep
|
|t:|1769324668
|switch|p1a: Iron Treads|Iron Treads|100/100
|-damage|p1a: Iron Treads|97/100|[from] Stealth Rock
|turn|10
|
|t:|1769324673
|-end|p2a: Iron Crown|Quark Drive|[silent]
|switch|p2a: Zapdos|Zapdos|74/100
|move|p1a: Iron Treads|Rapid Spin|p2a: Zapdos
|-damage|p2a: Zapdos|63/100
|-boost|p1a: Iron Treads|spe|1
|-status|p1a: Iron Treads|par|[from] ability: Static|[of] p2a: Zapdos
|-sideend|p1: Coolradguy|Stealth Rock|[from] move: Rapid Spin|[of] p1a: Iron Treads
|
|-heal|p1a: Iron Treads|100/100 par|[from] item: Leftovers
|upkeep
|turn|11
|
|t:|1769324681
|move|p1a: Iron Treads|Stealth Rock|p2a: Zapdos
|-sidestart|p2: sebeck|move: Stealth Rock
|move|p2a: Zapdos|Hurricane|p1a: Iron Treads
|-resisted|p1a: Iron Treads
|-damage|p1a: Iron Treads|71/100 par
|
|-heal|p1a: Iron Treads|77/100 par|[from] item: Leftovers
|upkeep
|turn|12
|
|t:|1769324698
|move|p1a: Iron Treads|Iron Head|p2a: Zapdos
|-resisted|p2a: Zapdos
|-damage|p2a: Zapdos|50/100
|move|p2a: Zapdos|Roost|p2a: Zapdos
|-heal|p2a: Zapdos|99/100
|-singleturn|p2a: Zapdos|move: Roost
|
|-heal|p1a: Iron Treads|83/100 par|[from] item: Leftovers
|upkeep
|turn|13
|
|t:|1769324705
|move|p1a: Iron Treads|Iron Head|p2a: Zapdos
|-resisted|p2a: Zapdos
|-damage|p2a: Zapdos|87/100
|cant|p2a: Zapdos|flinch
|
|-heal|p1a: Iron Treads|89/100 par|[from] item: Leftovers
|upkeep
|turn|14
|
|t:|1769324715
|-end|p1a: Iron Treads|Quark Drive|[silent]
|switch|p1a: Zapdos|Zapdos, shiny|70/100
|move|p2a: Zapdos|Hurricane|p1a: Zapdos
|-resisted|p1a: Zapdos
|-damage|p1a: Zapdos|49/100
|
|upkeep
|turn|15
|
|t:|1769324737
|move|p2a: Zapdos|Discharge|p1a: Zapdos
|-damage|p1a: Zapdos|17/100
|move|p1a: Zapdos|Roost|p1a: Zapdos
|-heal|p1a: Zapdos|67/100
|-singleturn|p1a: Zapdos|move: Roost
|
|upkeep
|turn|16
|
|t:|1769324746
|move|p2a: Zapdos|Discharge|p1a: Zapdos
|-damage|p1a: Zapdos|35/100
|move|p1a: Zapdos|Discharge|p2a: Zapdos
|-damage|p2a: Zapdos|46/100
|
|upkeep
|turn|17
|
|t:|1769324753
|move|p2a: Zapdos|Discharge|p1a: Zapdos
|-crit|p1a: Zapdos
|-damage|p1a: Zapdos|0 fnt
|faint|p1a: Zapdos
|
|upkeep
|
|t:|1769324772
|switch|p1a: Iron Valiant|Iron Valiant|100/100
|turn|18
|
|t:|1769324784
|move|p1a: Iron Valiant|Moonblast|p2a: Zapdos
|-damage|p2a: Zapdos|0 fnt
|faint|p2a: Zapdos
|
|upkeep
|
|t:|1769324800
|switch|p2a: Samurott|Samurott-Hisui, M, shiny|100/100
|-damage|p2a: Samurott|88/100|[from] Stealth Rock
|turn|19
|
|t:|1769324828
|move|p2a: Samurott|Flip Turn|p1a: Iron Valiant
|-damage|p1a: Iron Valiant|64/100
|
|t:|1769324831
|switch|p2a: Iron Crown|Iron Crown|79/100|[from] Flip Turn
|-damage|p2a: Iron Crown|73/100|[from] Stealth Rock
|move|p1a: Iron Valiant|Close Combat|p2a: Iron Crown
|-damage|p2a: Iron Crown|15/100
|-unboost|p1a: Iron Valiant|def|1
|-unboost|p1a: Iron Valiant|spd|1
|
|upkeep
|turn|20
|
|t:|1769324841
|move|p1a: Iron Valiant|Vacuum Wave|p2a: Iron Crown
|-damage|p2a: Iron Crown|0 fnt
|faint|p2a: Iron Crown
|-end|p2a: Iron Crown|Quark Drive|[silent]
|
|upkeep
|
|t:|1769324846
|switch|p2a: Iron Boulder|Iron Boulder|100/100
|-damage|p2a: Iron Boulder|88/100|[from] Stealth Rock
|-enditem|p2a: Iron Boulder|Booster Energy
|-activate|p2a: Iron Boulder|ability: Quark Drive|[fromitem]
|-start|p2a: Iron Boulder|quarkdrivespe
|turn|21
|
|t:|1769324856
|-end|p1a: Iron Valiant|Quark Drive|[silent]
|switch|p1a: Iron Treads|Iron Treads|89/100 par
|move|p2a: Iron Boulder|Zen Headbutt|p1a: Iron Treads
|-resisted|p1a: Iron Treads
|-damage|p1a: Iron Treads|72/100 par
|
|-heal|p1a: Iron Treads|78/100 par|[from] item: Leftovers
|upkeep
|turn|22
|
|t:|1769324870
|-end|p2a: Iron Boulder|Quark Drive|[silent]
|switch|p2a: Great Tusk|Great Tusk|100/100
|move|p1a: Iron Treads|High Horsepower|p2a: Great Tusk
|-damage|p2a: Great Tusk|69/100
|
|-heal|p1a: Iron Treads|85/100 par|[from] item: Leftovers
|upkeep
|turn|23
|
|t:|1769324894
|move|p2a: Great Tusk|Headlong Rush|p1a: Iron Treads
|-supereffective|p1a: Iron Treads
|-damage|p1a: Iron Treads|0 fnt
|-unboost|p2a: Great Tusk|def|1
|-unboost|p2a: Great Tusk|spd|1
|faint|p1a: Iron Treads
|-end|p1a: Iron Treads|Quark Drive|[silent]
|
|upkeep
|inactive|Coolradguy has 120 seconds left.
|
|t:|1769324925
|switch|p1a: Iron Valiant|Iron Valiant|64/100
|turn|24
|inactive|Coolradguy has 90 seconds left.
|
|t:|1769324956
|move|p1a: Iron Valiant|Moonblast|p2a: Great Tusk
|-supereffective|p2a: Great Tusk
|-damage|p2a: Great Tusk|0 fnt
|faint|p2a: Great Tusk
|-end|p2a: Great Tusk|Protosynthesis|[silent]
|
|upkeep
|
|t:|1769324962
|switch|p2a: Iron Boulder|Iron Boulder|88/100
|-damage|p2a: Iron Boulder|76/100|[from] Stealth Rock
|turn|25
|
|t:|1769324970
|-terastallize|p1a: Iron Valiant|Fighting
|move|p2a: Iron Boulder|Zen Headbutt|p1a: Iron Valiant
|-supereffective|p1a: Iron Valiant
|-damage|p1a: Iron Valiant|0 fnt
|faint|p1a: Iron Valiant
|-end|p1a: Iron Valiant|Quark Drive|[silent]
|
|upkeep
|inactive|Coolradguy has 90 seconds left.
|inactive|Coolradguy has 60 seconds left.
|
|t:|1769325012
|switch|p1a: Ditto|Ditto, shiny|5/100
|-transform|p1a: Ditto|p2a: Iron Boulder|[from] ability: Imposter
|turn|26
|inactive|Coolradguy has 60 seconds left.
|
|t:|1769325025
|move|p1a: Ditto|Close Combat|p2a: Iron Boulder
|-damage|p2a: Iron Boulder|22/100
|-unboost|p1a: Ditto|def|1
|-unboost|p1a: Ditto|spd|1
|move|p2a: Iron Boulder|Mighty Cleave|p1a: Ditto
|-damage|p1a: Ditto|0 fnt
|faint|p1a: Ditto
|-end|p1a: Ditto|Quark Drive|[silent]
|
|upkeep
|
|t:|1769325027
|switch|p1a: Samurott|Samurott-Hisui, M|100/100
|turn|27
|
|t:|1769325033
|move|p1a: Samurott|Sucker Punch|p2a: Iron Boulder
|-supereffective|p2a: Iron Boulder
|-damage|p2a: Iron Boulder|0 fnt
|faint|p2a: Iron Boulder
|-end|p2a: Iron Boulder|Quark Drive|[silent]
|
|upkeep
|
|t:|1769325036
|switch|p2a: Samurott|Samurott-Hisui, M, shiny|88/100
|-damage|p2a: Samurott|76/100|[from] Stealth Rock
|turn|28
|
|t:|1769325044
|move|p2a: Samurott|Sacred Sword|p1a: Samurott
|-supereffective|p1a: Samurott
|-damage|p1a: Samurott|3/100
|move|p1a: Samurott|Aqua Cutter|p2a: Samurott
|-resisted|p2a: Samurott
|-damage|p2a: Samurott|44/100
|
|upkeep
|turn|29
|
|t:|1769325056
|move|p1a: Samurott|Sucker Punch|p2a: Samurott
|-resisted|p2a: Samurott
|-damage|p2a: Samurott|22/100
|move|p2a: Samurott|Sacred Sword|p1a: Samurott
|-supereffective|p1a: Samurott
|-damage|p1a: Samurott|0 fnt
|faint|p1a: Samurott
|
|win|sebeck
|raw|Coolradguy's rating: 1430 &rarr; <strong>1412</strong><br />(-18 for losing)
|raw|sebeck's rating: 1459 &rarr; <strong>1477</strong><br />(+18 for winning)
|l|☆sebeck
|player|p2|
|l|☆Coolradguy
|player|p1|
