|inactive|Battle timer is ON: inactive players will automatically lose when time's up.
|t:|1769353256
|gametype|singles
|player|p1|Wanawa8724|265|
|player|p2|mister mclovin|#ruclimagicchampions|
|gen|9
|tier|[Gen 9] OU
|rule|HP Percentage Mod: HP is shown in percentages
|rule|Endless Battle Clause: Forcing endless battles is banned
|rule|Species Clause: Limit one of each Pokémon
|rule|OHKO Clause: OHKO moves are banned
|rule|Evasion Items Clause: Evasion items are banned
|rule|Evasion Moves Clause: Evasion moves are banned
|rule|Evasion Abilities Clause: Evasion abilities are banned
|rule|Sleep Moves Clause: Sleep-inducing moves are banned
|clearpoke
|poke|p1|Kyurem|
|poke|p1|Slowking-Galar, F|
|poke|p1|Mandibuzz, F|
|poke|p1|Alomomola, F|
|poke|p1|Zamazenta-*|
|poke|p1|Iron Treads|
|poke|p2|Latias, F|
|poke|p2|Iron Hands|
|poke|p2|Ceruledge, M|
|poke|p2|Iron Crown|
|poke|p2|Dragapult, M|
|poke|p2|Hatterene, F|
|teampreview
|c|☆mister mclovin|hfhf
|c|☆Wanawa8724|glhf
|inactive|Wanawa8724 has 270 seconds left.
|inactive|mister mclovin has 270 seconds left.
|
|t:|1769353316
|teamsize|p1|6
|teamsize|p2|6
|start
|switch|p1a: Iron Treads|Iron Treads|100/100
|switch|p2a: Dragapult|Dragapult, M|100/100
|turn|1
|
|t:|1769353324
|move|p2a: Dragapult|Reflect|p2a: Dragapult
|-sidestart|p2: mister mclovin|Reflect
|move|p1a: Iron Treads|Knock Off|p2a: Dragapult
|-supereffective|p2a: Dragapult
|-damage|p2a: Dragapult|72/100
|-enditem|p2a: Dragapult|Light Clay|[from] move: Knock Off|[of] p1a: Iron Treads
|
|upkeep
|turn|2
|
|t:|1769353345
|switch|p2a: Hatterene|Hatterene, F|100/100
|move|p1a: Iron Treads|Knock Off|p2a: Hatterene
|-damage|p2a: Hatterene|91/100
|-enditem|p2a: Hatterene|Kee Berry|[from] move: Knock Off|[of] p1a: Iron Treads
|
|upkeep
|turn|3
|
|t:|1769353352
|-end|p1a: Iron Treads|Quark Drive|[silent]
|switch|p1a: Slowking|Slowking-Galar, F|100/100
|move|p2a: Hatterene|Calm Mind|p2a: Hatterene
|-boost|p2a: Hatterene|spa|1
|-boost|p2a: Hatterene|spd|1
|
|upkeep
|turn|4
|
|t:|1769353361
|move|p2a: Hatterene|Psyshock|p1a: Slowking
|-damage|p1a: Slowking|46/100
|move|p1a: Slowking|Future Sight|p2a: Hatterene
|-start|p1a: Slowking|move: Future Sight
|
|upkeep
|turn|5
|
|t:|1769353369
|switch|p1a: Alomomola|Alomomola, F|100/100
|move|p2a: Hatterene|Calm Mind|p2a: Hatterene
|-boost|p2a: Hatterene|spa|1
|-boost|p2a: Hatterene|spd|1
|
|upkeep
|turn|6
|
|t:|1769353376
|move|p1a: Alomomola|Flip Turn|p2a: Hatterene
|-damage|p2a: Hatterene|84/100
|
|t:|1769353380
|switch|p1a: Iron Treads|Iron Treads|100/100|[from] Flip Turn
|move|p2a: Hatterene|Calm Mind|p2a: Hatterene
|-boost|p2a: Hatterene|spa|1
|-boost|p2a: Hatterene|spd|1
|
|-end|p2a: Hatterene|move: Future Sight
|-resisted|p2a: Hatterene
|-damage|p2a: Hatterene|75/100
|upkeep
|turn|7
|
|t:|1769353385
|move|p1a: Iron Treads|Earthquake|p2a: Hatterene
|-damage|p2a: Hatterene|60/100
|move|p2a: Hatterene|Mystical Fire|p1a: Iron Treads
|-supereffective|p1a: Iron Treads
|-damage|p1a: Iron Treads|0 fnt
|faint|p1a: Iron Treads
|-end|p1a: Iron Treads|Quark Drive|[silent]
|
|upkeep
|
|t:|1769353390
|switch|p1a: Slowking|Slowking-Galar, F|79/100
|turn|8
|
|t:|1769353402
|switch|p1a: Mandibuzz|Mandibuzz, F|100/100
|move|p2a: Hatterene|Psyshock|p1a: Mandibuzz
|-immune|p1a: Mandibuzz
|
|-sideend|p2: mister mclovin|Reflect
|upkeep
|turn|9
|
|t:|1769353410
|switch|p1a: Slowking|Slowking-Galar, F|100/100
|move|p2a: Hatterene|Calm Mind|p2a: Hatterene
|-boost|p2a: Hatterene|spa|1
|-boost|p2a: Hatterene|spd|1
|
|upkeep
|turn|10
|
|t:|1769353418
|move|p2a: Hatterene|Psyshock|p1a: Slowking
|-damage|p1a: Slowking|0 fnt
|faint|p1a: Slowking
|
|upkeep
|-message|Wanawa8724 forfeited.
|
|win|mister mclovin
|c|☆mister mclovin|gg
