|j|☆Candrionus
|j|☆vvelasques248
|t:|1769344095
|gametype|singles
|player|p1|Candrionus|265|1184
|player|p2|vvelasques248|102|1173
|gen|9
|tier|[Gen 9] OU
|rated|
|rule|HP Percentage Mod: HP is shown in percentages
|rule|Endless Battle Clause: Forcing endless battles is banned
|rule|Species Clause: Limit one of each Pokémon
|rule|OHKO Clause: OHKO moves are banned
|rule|Evasion Items Clause: Evasion items are banned
|rule|Evasion Moves Clause: Evasion moves are banned
|rule|Evasion Abilities Clause: Evasion abilities are banned
|rule|Sleep Moves Clause: Sleep-inducing moves are banned
|clearpoke
|poke|p1|Iron Valiant|
|poke|p1|Great Tusk|
|poke|p1|Dragonite, M|
|poke|p1|Deoxys-Speed|
|poke|p1|Glimmora, F|
|poke|p1|Kingambit, F|
|poke|p2|Charizard, M|
|poke|p2|Torkoal, M|
|poke|p2|Scovillain, M|
|poke|p2|Pelipper, M|
|poke|p2|Tyranitar, M|
|poke|p2|Dragapult, M|
|teampreview
|inactive|Battle timer is ON: inactive players will automatically lose when time's up. (requested by vvelasques248)
|
|t:|1769344112
|teamsize|p1|6
|teamsize|p2|6
|start
|switch|p1a: Glimmora|Glimmora, F|100/100
|switch|p2a: Tyranitar|Tyranitar, M|100/100
|-weather|Sandstorm|[from] ability: Sand Stream|[of] p2a: Tyranitar
|turn|1
|
|t:|1769344121
|move|p1a: Glimmora|Stealth Rock|p2a: Tyranitar
|-sidestart|p2: vvelasques248|move: Stealth Rock
|move|p2a: Tyranitar|Earthquake|p1a: Glimmora
|-supereffective|p1a: Glimmora
|-damage|p1a: Glimmora|0 fnt
|-activate|p1a: Glimmora|ability: Toxic Debris
|-sidestart|p2: vvelasques248|move: Toxic Spikes
|faint|p1a: Glimmora
|
|-weather|Sandstorm|[upkeep]
|upkeep
|inactive|Candrionus has 120 seconds left.
|
|t:|1769344166
|switch|p1a: Great Tusk|Great Tusk|100/100
|-enditem|p1a: Great Tusk|Booster Energy
|-activate|p1a: Great Tusk|ability: Protosynthesis|[fromitem]
|-start|p1a: Great Tusk|protosynthesisspe
|turn|2
|
|t:|1769344179
|-terastallize|p2a: Tyranitar|Flying
|move|p1a: Great Tusk|Bulk Up|p1a: Great Tusk
|-boost|p1a: Great Tusk|atk|1
|-boost|p1a: Great Tusk|def|1
|move|p2a: Tyranitar|Avalanche|p1a: Great Tusk
|-supereffective|p1a: Great Tusk
|-damage|p1a: Great Tusk|84/100
|
|-weather|Sandstorm|[upkeep]
|-damage|p2a: Tyranitar|94/100|[from] Sandstorm
|upkeep
|turn|3
|inactive|Candrionus has 120 seconds left.
|c|☆vvelasques248|oh sheet
|
|t:|1769344195
|move|p1a: Great Tusk|Bulk Up|p1a: Great Tusk
|-boost|p1a: Great Tusk|atk|1
|-boost|p1a: Great Tusk|def|1
|move|p2a: Tyranitar|Knock Off|p1a: Great Tusk
|-resisted|p1a: Great Tusk
|-damage|p1a: Great Tusk|79/100
|
|-weather|Sandstorm|[upkeep]
|-damage|p2a: Tyranitar|88/100|[from] Sandstorm
|upkeep
|turn|4
|
|t:|1769344208
|move|p1a: Great Tusk|Bulk Up|p1a: Great Tusk
|-boost|p1a: Great Tusk|atk|1
|-boost|p1a: Great Tusk|def|1
|move|p2a: Tyranitar|Avalanche|p1a: Great Tusk
|-supereffective|p1a: Great Tusk
|-damage|p1a: Great Tusk|68/100
|
|-weather|Sandstorm|[upkeep]
|-damage|p2a: Tyranitar|82/100|[from] Sandstorm
|upkeep
|turn|5
|c|☆vvelasques248|gg
|
|t:|1769344218
|move|p1a: Great Tusk|Head Smash|p2a: Tyranitar
|-supereffective|p2a: Tyranitar
|-damage|p2a: Tyranitar|0 fnt
|faint|p2a: Tyranitar
|-damage|p1a: Great Tusk|30/100|[from] Recoil
|
|-weather|none
|upkeep
|
|t:|1769344231
|switch|p2a: Pelipper|Pelipper, M|100/100
|-damage|p2a: Pelipper|75/100|[from] Stealth Rock
|-weather|RainDance|[from] ability: Drizzle|[of] p2a: Pelipper
|turn|6
|
|t:|1769344243
|move|p1a: Great Tusk|Head Smash|p2a: Pelipper
|-supereffective|p2a: Pelipper
|-damage|p2a: Pelipper|0 fnt
|faint|p2a: Pelipper
|-damage|p1a: Great Tusk|2/100|[from] Recoil
|
|-weather|RainDance|[upkeep]
|upkeep
|
|t:|1769344253
|switch|p2a: Torkoal|Torkoal, M|100/100
|-damage|p2a: Torkoal|75/100|[from] Stealth Rock
|-status|p2a: Torkoal|psn
|-weather|SunnyDay|[from] ability: Drought|[of] p2a: Torkoal
|turn|7
|
|t:|1769344260
|move|p1a: Great Tusk|Headlong Rush|p2a: Torkoal
|-supereffective|p2a: Torkoal
|-damage|p2a: Torkoal|0 fnt
|-unboost|p1a: Great Tusk|def|1
|-unboost|p1a: Great Tusk|spd|1
|faint|p2a: Torkoal
|
|-weather|SunnyDay|[upkeep]
|upkeep
|
|t:|1769344269
|switch|p2a: Scovillain|Scovillain, M|100/100
|-damage|p2a: Scovillain|75/100|[from] Stealth Rock
|-status|p2a: Scovillain|psn
|turn|8
|
|t:|1769344277
|move|p2a: Scovillain|Flamethrower|p1a: Great Tusk
|-crit|p1a: Great Tusk
|-damage|p1a: Great Tusk|0 fnt
|faint|p1a: Great Tusk
|-end|p1a: Great Tusk|Protosynthesis|[silent]
|-damage|p2a: Scovillain|66/100 psn|[from] item: Life Orb
|
|-weather|SunnyDay|[upkeep]
|-damage|p2a: Scovillain|53/100 psn|[from] psn
|upkeep
|c|☆vvelasques248|king gambit
|inactive|Candrionus has 120 seconds left.
|c|☆vvelasques248|dragonite
|c|☆vvelasques248|priority and gg
|
|t:|1769344325
|switch|p1a: Dragonite|Dragonite, M|100/100
|turn|9
|
|t:|1769344348
|move|p2a: Scovillain|Flamethrower|p1a: Dragonite
|-resisted|p1a: Dragonite
|-damage|p1a: Dragonite|79/100
|-damage|p2a: Scovillain|43/100 psn|[from] item: Life Orb
|move|p1a: Dragonite|Earthquake|p2a: Scovillain
|-damage|p2a: Scovillain|0 fnt
|faint|p2a: Scovillain
|
|-weather|SunnyDay|[upkeep]
|-heal|p1a: Dragonite|86/100|[from] item: Leftovers
|upkeep
|
|t:|1769344360
|switch|p2a: Charizard|Charizard, M|100/100
|-damage|p2a: Charizard|50/100|[from] Stealth Rock
|turn|10
|
|t:|1769344374
|move|p2a: Charizard|Dragon Pulse|p1a: Dragonite
|-supereffective|p1a: Dragonite
|-damage|p1a: Dragonite|0 fnt
|faint|p1a: Dragonite
|
|-weather|SunnyDay|[upkeep]
|-damage|p2a: Charizard|38/100|[from] ability: Solar Power|[of] p2a: Charizard
|upkeep
|
|t:|1769344386
|switch|p1a: Iron Valiant|Iron Valiant|100/100
|-enditem|p1a: Iron Valiant|Booster Energy
|-activate|p1a: Iron Valiant|ability: Quark Drive|[fromitem]
|-start|p1a: Iron Valiant|quarkdrivespe
|turn|11
|
|t:|1769344391
|move|p1a: Iron Valiant|Moonblast|p2a: Charizard
|-resisted|p2a: Charizard
|-damage|p2a: Charizard|11/100
|move|p2a: Charizard|Dragon Pulse|p1a: Iron Valiant
|-immune|p1a: Iron Valiant
|
|-weather|SunnyDay|[upkeep]
|-damage|p2a: Charizard|0 fnt|[from] ability: Solar Power|[of] p2a: Charizard
|faint|p2a: Charizard
|upkeep
|
|t:|1769344401
|switch|p2a: Dragapult|Dragapult, M|100/100
|-damage|p2a: Dragapult|88/100|[from] Stealth Rock
|-status|p2a: Dragapult|psn
|turn|12
|
|t:|1769344413
|move|p1a: Iron Valiant|Moonblast|p2a: Dragapult
|-supereffective|p2a: Dragapult
|-damage|p2a: Dragapult|0 fnt
|faint|p2a: Dragapult
|
|win|Candrionus
|raw|Candrionus's rating: 1184 &rarr; <strong>1208</strong><br />(+24 for winning)
|raw|vvelasques248's rating: 1173 &rarr; <strong>1149</strong><br />(-24 for losing)
|l|☆Candrionus
|player|p1|
