|j|☆NotClevey
|j|☆Zuhaitz01
|t:|1769347743
|gametype|singles
|player|p1|NotClevey|miku-ground|1385
|player|p2|Zuhaitz01|n|1348
|gen|9
|tier|[Gen 9] OU
|rated|
|rule|HP Percentage Mod: HP is shown in percentages
|rule|Endless Battle Clause: Forcing endless battles is banned
|rule|Species Clause: Limit one of each Pokémon
|rule|OHKO Clause: OHKO moves are banned
|rule|Evasion Items Clause: Evasion items are banned
|rule|Evasion Moves Clause: Evasion moves are banned
|rule|Evasion Abilities Clause: Evasion abilities are banned
|rule|Sleep Moves Clause: Sleep-inducing moves are banned
|clearpoke
|poke|p1|Farigiraf, M|
|poke|p1|Tinkaton, F|
|poke|p1|Zamazenta-*|
|poke|p1|Samurott-Hisui, M|
|poke|p1|Zapdos|
|poke|p1|Great Tusk|
|poke|p2|Hoopa-Unbound|
|poke|p2|Great Tusk|
|poke|p2|Zamazenta-*|
|poke|p2|Zapdos|
|poke|p2|Slowking-Galar, F|
|poke|p2|Glimmora, M|
|teampreview
|inactive|Battle timer is ON: inactive players will automatically lose when time's up. (requested by NotClevey)
|
|t:|1769347768
|teamsize|p1|6
|teamsize|p2|6
|start
|switch|p1a: Tinkaton|Tinkaton, F|100/100
|switch|p2a: Zapdos|Zapdos|100/100
|-item|p1a: Tinkaton|Air Balloon
|turn|1
|
|t:|1769347781
|switch|p1a: Zapdos|Zapdos|100/100
|move|p2a: Zapdos|Heat Wave|p1a: Zapdos
|-damage|p1a: Zapdos|68/100
|
|upkeep
|turn|2
|
|t:|1769347790
|move|p2a: Zapdos|Volt Switch|p1a: Zapdos
|-crit|p1a: Zapdos
|-damage|p1a: Zapdos|14/100
|
|t:|1769347793
|switch|p2a: Slowking|Slowking-Galar, F|100/100|[from] Volt Switch
|move|p1a: Zapdos|Roost|p1a: Zapdos
|-heal|p1a: Zapdos|64/100
|-singleturn|p1a: Zapdos|move: Roost
|
|upkeep
|turn|3
|
|t:|1769347800
|move|p1a: Zapdos|Thunder Wave|p2a: Slowking
|-status|p2a: Slowking|par
|cant|p2a: Slowking|par
|
|upkeep
|turn|4
|
|t:|1769347805
|move|p1a: Zapdos|Volt Switch|p2a: Slowking
|-damage|p2a: Slowking|85/100 par
|
|t:|1769347811
|switch|p1a: Tinkaton|Tinkaton, F|100/100|[from] Volt Switch
|-item|p1a: Tinkaton|Air Balloon
|cant|p2a: Slowking|par
|
|upkeep
|turn|5
|
|t:|1769347818
|move|p1a: Tinkaton|Stealth Rock|p2a: Slowking
|-sidestart|p2: Zuhaitz01|move: Stealth Rock
|-prepare|p2a: Slowking|Chilly Reception|[premajor]
|move|p2a: Slowking|Chilly Reception|p2a: Slowking
|-weather|Snowscape
|
|t:|1769347823
|switch|p2a: Great Tusk|Great Tusk|100/100|[from] Chilly Reception
|-damage|p2a: Great Tusk|98/100|[from] Stealth Rock
|-enditem|p2a: Great Tusk|Booster Energy
|-activate|p2a: Great Tusk|ability: Protosynthesis|[fromitem]
|-start|p2a: Great Tusk|protosynthesisatk
|
|-weather|Snowscape|[upkeep]
|upkeep
|turn|6
|
|t:|1769347836
|switch|p1a: Farigiraf|Farigiraf, M, shiny|100/100
|move|p2a: Great Tusk|Rapid Spin|p1a: Farigiraf
|-damage|p1a: Farigiraf|83/100
|-boost|p2a: Great Tusk|spe|1
|-sideend|p2: Zuhaitz01|Stealth Rock|[from] move: Rapid Spin|[of] p2a: Great Tusk
|-enditem|p1a: Farigiraf|Kee Berry|[eat]
|-boost|p1a: Farigiraf|def|1|[from] item: Kee Berry
|
|-weather|Snowscape|[upkeep]
|upkeep
|turn|7
|
|t:|1769347852
|-end|p2a: Great Tusk|Protosynthesis|[silent]
|switch|p2a: Hoopa|Hoopa-Unbound|100/100
|move|p1a: Farigiraf|Calm Mind|p1a: Farigiraf
|-boost|p1a: Farigiraf|spa|1
|-boost|p1a: Farigiraf|spd|1
|
|-weather|Snowscape|[upkeep]
|-activate|p1a: Farigiraf|ability: Cud Chew
|-enditem|p1a: Farigiraf|Kee Berry|[eat]
|-boost|p1a: Farigiraf|def|1|[from] item: Kee Berry
|upkeep
|turn|8
|inactive|NotClevey has 120 seconds left.
|
|t:|1769347908
|-terastallize|p1a: Farigiraf|Fairy
|move|p2a: Hoopa|Knock Off|p1a: Farigiraf
|-resisted|p1a: Farigiraf
|-damage|p1a: Farigiraf|76/100
|move|p1a: Farigiraf|Wish|p1a: Farigiraf
|
|-weather|Snowscape|[upkeep]
|upkeep
|turn|9
|
|t:|1769347914
|move|p2a: Hoopa|Gunk Shot|p1a: Farigiraf
|-supereffective|p1a: Farigiraf
|-damage|p1a: Farigiraf|44/100
|move|p1a: Farigiraf|Dazzling Gleam|p2a: Hoopa
|-supereffective|p2a: Hoopa
|-damage|p2a: Hoopa|59/100
|
|-weather|none
|-heal|p1a: Farigiraf|94/100|[from] move: Wish|[wisher] Farigiraf
|upkeep
|turn|10
|
|t:|1769347922
|move|p2a: Hoopa|Gunk Shot|p1a: Farigiraf|[miss]
|-miss|p2a: Hoopa|p1a: Farigiraf
|move|p1a: Farigiraf|Dazzling Gleam|p2a: Hoopa
|-supereffective|p2a: Hoopa
|-damage|p2a: Hoopa|16/100
|
|upkeep
|turn|11
|
|t:|1769347929
|move|p2a: Hoopa|Gunk Shot|p1a: Farigiraf
|-supereffective|p1a: Farigiraf
|-damage|p1a: Farigiraf|65/100
|move|p1a: Farigiraf|Dazzling Gleam|p2a: Hoopa
|-supereffective|p2a: Hoopa
|-damage|p2a: Hoopa|0 fnt
|faint|p2a: Hoopa
|
|upkeep
|
|t:|1769347938
|switch|p2a: Glimmora|Glimmora, M, shiny|100/100
|turn|12
|
|t:|1769347942
|move|p2a: Glimmora|Mortal Spin|p1a: Farigiraf
|-supereffective|p1a: Farigiraf
|-damage|p1a: Farigiraf|61/100
|-status|p1a: Farigiraf|psn
|move|p1a: Farigiraf|Stored Power|p2a: Glimmora
|-supereffective|p2a: Glimmora
|-damage|p2a: Glimmora|0 fnt
|faint|p2a: Glimmora
|
|-damage|p1a: Farigiraf|48/100 psn|[from] psn
|upkeep
|-message|Zuhaitz01 forfeited.
|
|win|NotClevey
|raw|NotClevey's rating: 1385 &rarr; <strong>1403</strong><br />(+18 for winning)
|raw|Zuhaitz01's rating: 1348 &rarr; <strong>1330</strong><br />(-18 for losing)
|l|☆Zuhaitz01
|player|p2|
