|j|☆no_dupes
|j|☆whisperingcloth
|t:|1769410284
|gametype|singles
|player|p1|no_dupes|brock-gen2|1429
|player|p2|whisperingcloth|170|1495
|gen|9
|tier|[Gen 9] OU
|rated|
|rule|HP Percentage Mod: HP is shown in percentages
|rule|Endless Battle Clause: Forcing endless battles is banned
|rule|Species Clause: Limit one of each Pokémon
|rule|OHKO Clause: OHKO moves are banned
|rule|Evasion Items Clause: Evasion items are banned
|rule|Evasion Moves Clause: Evasion moves are banned
|rule|Evasion Abilities Clause: Evasion abilities are banned
|rule|Sleep Moves Clause: Sleep-inducing moves are banned
|clearpoke
|poke|p1|Great Tusk|
|poke|p1|Hatterene, F|
|poke|p1|Charizard, M|
|poke|p1|Walking Wake|
|poke|p1|Torkoal, F|
|poke|p1|Fezandipiti, M|
|poke|p2|Kyurem|
|poke|p2|Ting-Lu|
|poke|p2|Dragonite, M|
|poke|p2|Corviknight, M|
|poke|p2|Rillaboom, M|
|poke|p2|Pecharunt|
|teampreview
|inactive|Battle timer is ON: inactive players will automatically lose when time's up. (requested by whisperingcloth)
|
|t:|1769410295
|teamsize|p1|6
|teamsize|p2|6
|start
|switch|p1a: Torkoal|Torkoal, F|100/100
|switch|p2a: Kyurem|Kyurem|100/100
|-ability|p2a: Kyurem|Pressure
|-weather|SunnyDay|[from] ability: Drought|[of] p1a: Torkoal
|turn|1
|j| nitroLazer120
|
|t:|1769410302
|switch|p1a: Hatterene|Hatterene, F|100/100
|move|p2a: Kyurem|Earth Power|p1a: Hatterene
|-damage|p1a: Hatterene|51/100
|-enditem|p1a: Hatterene|Eject Button
|
|t:|1769410304
|switch|p1a: Emperor|Charizard, M, shiny|100/100
|
|-weather|SunnyDay|[upkeep]
|-damage|p1a: Emperor|88/100|[from] ability: Solar Power|[of] p1a: Emperor
|upkeep
|turn|2
|
|t:|1769410310
|switch|p2a: Ting-Lu|Ting-Lu|100/100
|-ability|p2a: Ting-Lu|Vessel of Ruin
|move|p1a: Emperor|Weather Ball|p2a: Ting-Lu
|-damage|p2a: Ting-Lu|31/100
|
|-weather|SunnyDay|[upkeep]
|-damage|p1a: Emperor|76/100|[from] ability: Solar Power|[of] p1a: Emperor
|-heal|p2a: Ting-Lu|38/100|[from] item: Leftovers
|upkeep
|turn|3
|
|t:|1769410337
|move|p1a: Emperor|Weather Ball|p2a: Ting-Lu
|-damage|p2a: Ting-Lu|0 fnt
|faint|p2a: Ting-Lu
|
|-weather|SunnyDay|[upkeep]
|-damage|p1a: Emperor|63/100|[from] ability: Solar Power|[of] p1a: Emperor
|upkeep
|inactive|whisperingcloth has 120 seconds left.
|
|t:|1769410355
|switch|p2a: Dragonite|Dragonite, M|100/100
|turn|4
|inactive|whisperingcloth has 120 seconds left.
|
|t:|1769410377
|switch|p1a: Great Tusk|Great Tusk|100/100
|-activate|p1a: Great Tusk|ability: Protosynthesis
|-start|p1a: Great Tusk|protosynthesisdef
|move|p2a: Dragonite|Ice Spinner|p1a: Great Tusk
|-supereffective|p1a: Great Tusk
|-damage|p1a: Great Tusk|77/100
|-damage|p2a: Dragonite|84/100|[from] item: Rocky Helmet|[of] p1a: Great Tusk
|
|-weather|SunnyDay|[upkeep]
|upkeep
|turn|5
|
|t:|1769410386
|switch|p2a: Rillaboom|Rillaboom, M|100/100
|-fieldstart|move: Grassy Terrain|[from] ability: Grassy Surge|[of] p2a: Rillaboom
|move|p1a: Great Tusk|Temper Flare|p2a: Rillaboom
|-supereffective|p2a: Rillaboom
|-damage|p2a: Rillaboom|34/100
|
|-weather|SunnyDay|[upkeep]
|-heal|p2a: Rillaboom|40/100|[from] Grassy Terrain
|-heal|p1a: Great Tusk|83/100|[from] Grassy Terrain
|upkeep
|turn|6
|
|t:|1769410392
|-end|p1a: Great Tusk|Protosynthesis|[silent]
|switch|p1a: Torkoal|Torkoal, F|100/100
|-terastallize|p2a: Rillaboom|Grass
|move|p2a: Rillaboom|Grassy Glide|p1a: Torkoal
|-resisted|p1a: Torkoal
|-damage|p1a: Torkoal|77/100
|
|-weather|SunnyDay|[upkeep]
|-heal|p2a: Rillaboom|46/100|[from] Grassy Terrain
|-heal|p1a: Torkoal|84/100|[from] Grassy Terrain
|upkeep
|turn|7
|
|t:|1769410401
|switch|p2a: Dragonite|Dragonite, M|84/100
|move|p1a: Torkoal|Lava Plume|p2a: Dragonite
|-resisted|p2a: Dragonite
|-damage|p2a: Dragonite|64/100
|
|-weather|SunnyDay|[upkeep]
|-heal|p1a: Torkoal|90/100|[from] Grassy Terrain
|upkeep
|turn|8
|
|t:|1769410405
|switch|p1a: Great Tusk|Great Tusk|83/100
|-activate|p1a: Great Tusk|ability: Protosynthesis
|-start|p1a: Great Tusk|protosynthesisdef
|move|p2a: Dragonite|Dragon Dance|p2a: Dragonite
|-boost|p2a: Dragonite|atk|1
|-boost|p2a: Dragonite|spe|1
|
|-weather|none
|-end|p1a: Great Tusk|Protosynthesis
|-heal|p1a: Great Tusk|89/100|[from] Grassy Terrain
|upkeep
|turn|9
|
|t:|1769410408
|move|p2a: Dragonite|Earthquake|p1a: Great Tusk
|-damage|p1a: Great Tusk|76/100
|move|p1a: Great Tusk|Ice Spinner|p2a: Dragonite
|-supereffective|p2a: Dragonite
|-damage|p2a: Dragonite|0 fnt
|-fieldend|move: Grassy Terrain
|faint|p2a: Dragonite
|
|upkeep
|
|t:|1769410415
|switch|p2a: Rillaboom|Rillaboom, M, tera:Grass|46/100
|-fieldstart|move: Grassy Terrain|[from] ability: Grassy Surge|[of] p2a: Rillaboom
|turn|10
|
|t:|1769410420
|move|p2a: Rillaboom|U-turn|p1a: Great Tusk
|-resisted|p1a: Great Tusk
|-damage|p1a: Great Tusk|66/100
|-damage|p2a: Rillaboom|30/100|[from] item: Rocky Helmet|[of] p1a: Great Tusk
|
|t:|1769410423
|switch|p2a: Pecharunt|Pecharunt|100/100|[from] U-turn
|move|p1a: Great Tusk|Ice Spinner|p2a: Pecharunt
|-damage|p2a: Pecharunt|89/100
|-fieldend|move: Grassy Terrain
|
|upkeep
|turn|11
|
|t:|1769410432
|switch|p2a: Corviknight|Corviknight, M|100/100
|-ability|p2a: Corviknight|Pressure
|-end|p1a: Great Tusk|Protosynthesis|[silent]
|switch|p1a: Torkoal|Torkoal, F|90/100
|-weather|SunnyDay|[from] ability: Drought|[of] p1a: Torkoal
|
|-weather|SunnyDay|[upkeep]
|upkeep
|turn|12
|
|t:|1769410437
|move|p2a: Corviknight|U-turn|p1a: Torkoal
|-resisted|p1a: Torkoal
|-damage|p1a: Torkoal|85/100
|
|t:|1769410439
|switch|p2a: Pecharunt|Pecharunt|89/100|[from] U-turn
|move|p1a: Torkoal|Lava Plume|p2a: Pecharunt
|-damage|p2a: Pecharunt|55/100
|
|-weather|SunnyDay|[upkeep]
|upkeep
|turn|13
|
|t:|1769410450
|switch|p1a: Fez And Ipiti|Fezandipiti, M|100/100
|move|p2a: Pecharunt|Recover|p2a: Pecharunt
|-heal|p2a: Pecharunt|100/100
|
|-weather|SunnyDay|[upkeep]
|upkeep
|turn|14
|
|t:|1769410474
|move|p1a: Fez And Ipiti|U-turn|p2a: Pecharunt
|-resisted|p2a: Pecharunt
|-damage|p2a: Pecharunt|99/100
|
|t:|1769410484
|switch|p1a: Hatterene|Hatterene, F|51/100|[from] U-turn
|move|p2a: Pecharunt|Parting Shot|p1a: Hatterene
|move|p1a: Hatterene|Parting Shot|p2a: Pecharunt|[from] ability: Magic Bounce
|-unboost|p2a: Pecharunt|atk|1
|-unboost|p2a: Pecharunt|spa|1
|
|t:|1769410487
|switch|p1a: Emperor|Charizard, M, shiny|63/100|[from] Parting Shot
|
|-weather|SunnyDay|[upkeep]
|-damage|p1a: Emperor|51/100|[from] ability: Solar Power|[of] p1a: Emperor
|upkeep
|turn|15
|
|t:|1769410489
|move|p1a: Emperor|Weather Ball|p2a: Pecharunt
|-damage|p2a: Pecharunt|0 fnt
|faint|p2a: Pecharunt
|
|-weather|SunnyDay|[upkeep]
|-damage|p1a: Emperor|38/100|[from] ability: Solar Power|[of] p1a: Emperor
|upkeep
|
|t:|1769410495
|switch|p2a: Rillaboom|Rillaboom, M, tera:Grass|30/100
|-fieldstart|move: Grassy Terrain|[from] ability: Grassy Surge|[of] p2a: Rillaboom
|turn|16
|
|t:|1769410497
|move|p2a: Rillaboom|Grassy Glide|p1a: Emperor
|-resisted|p1a: Emperor
|-damage|p1a: Emperor|12/100
|move|p1a: Emperor|Weather Ball|p2a: Rillaboom
|-supereffective|p2a: Rillaboom
|-damage|p2a: Rillaboom|0 fnt
|faint|p2a: Rillaboom
|
|-weather|SunnyDay|[upkeep]
|-damage|p1a: Emperor|0 fnt|[from] ability: Solar Power|[of] p1a: Emperor
|faint|p1a: Emperor
|upkeep
|
|t:|1769410504
|switch|p1a: Fez And Ipiti|Fezandipiti, M|100/100
|switch|p2a: Kyurem|Kyurem|100/100
|-ability|p2a: Kyurem|Pressure
|turn|17
|
|t:|1769410508
|move|p2a: Kyurem|Earth Power|p1a: Fez And Ipiti
|-supereffective|p1a: Fez And Ipiti
|-damage|p1a: Fez And Ipiti|45/100
|move|p1a: Fez And Ipiti|Play Rough|p2a: Kyurem
|-supereffective|p2a: Kyurem
|-damage|p2a: Kyurem|44/100
|-unboost|p2a: Kyurem|atk|1
|
|-weather|SunnyDay|[upkeep]
|-heal|p2a: Kyurem|50/100|[from] Grassy Terrain
|-heal|p1a: Fez And Ipiti|51/100|[from] Grassy Terrain
|upkeep
|turn|18
|
|t:|1769410513
|-terastallize|p1a: Fez And Ipiti|Water
|move|p2a: Kyurem|Earth Power|p1a: Fez And Ipiti
|-damage|p1a: Fez And Ipiti|24/100
|move|p1a: Fez And Ipiti|Play Rough|p2a: Kyurem
|-supereffective|p2a: Kyurem
|-damage|p2a: Kyurem|0 fnt
|faint|p2a: Kyurem
|
|-weather|none
|-heal|p1a: Fez And Ipiti|30/100|[from] Grassy Terrain
|upkeep
|-message|whisperingcloth forfeited.
|
|win|no_dupes
|raw|no_dupes's rating: 1429 &rarr; <strong>1453</strong><br />(+24 for winning)
|raw|whisperingcloth's rating: 1495 &rarr; <strong>1471</strong><br />(-24 for losing)
|l|☆whisperingcloth
|player|p2|
|l| nitroLazer120
