|j|☆boredincyber
|j|☆pr.iyanshu768500
|t:|1769411565
|gametype|singles
|player|p1|boredincyber|2|1446
|player|p2|pr.iyanshu768500|steven|1464
|gen|9
|tier|[Gen 9] OU
|rated|
|rule|HP Percentage Mod: HP is shown in percentages
|rule|Endless Battle Clause: Forcing endless battles is banned
|rule|Species Clause: Limit one of each Pokémon
|rule|OHKO Clause: OHKO moves are banned
|rule|Evasion Items Clause: Evasion items are banned
|rule|Evasion Moves Clause: Evasion moves are banned
|rule|Evasion Abilities Clause: Evasion abilities are banned
|rule|Sleep Moves Clause: Sleep-inducing moves are banned
|clearpoke
|poke|p1|Tinkaton, F|
|poke|p1|Ogerpon, F|
|poke|p1|Great Tusk|
|poke|p1|Pecharunt|
|poke|p1|Alomomola, M|
|poke|p1|Hydreigon, M|
|poke|p2|Deoxys-Speed|
|poke|p2|Heatran, M|
|poke|p2|Meowscarada, M|
|poke|p2|Dragonite, F|
|poke|p2|Darkrai|
|poke|p2|Great Tusk|
|teampreview
|inactive|Battle timer is ON: inactive players will automatically lose when time's up. (requested by pr.iyanshu768500)
|j| firecharmander004
|
|t:|1769411588
|teamsize|p1|6
|teamsize|p2|6
|start
|switch|p1a: Behemoth|Great Tusk, shiny|100/100
|switch|p2a: Deoxys|Deoxys-Speed|100/100
|-ability|p2a: Deoxys|Pressure
|turn|1
|l| firecharmander004
|
|t:|1769411610
|-end|p1a: Behemoth|Protosynthesis|[silent]
|switch|p1a: Pisces|Alomomola, M, shiny|100/100
|move|p2a: Deoxys|Psycho Boost|p1a: Pisces
|-damage|p1a: Pisces|71/100
|-unboost|p2a: Deoxys|spa|2
|
|upkeep
|turn|2
|
|t:|1769411618
|move|p2a: Deoxys|Stealth Rock|p1a: Pisces
|-sidestart|p1: boredincyber|move: Stealth Rock
|move|p1a: Pisces|Flip Turn|p2a: Deoxys
|-damage|p2a: Deoxys|71/100
|
|t:|1769411629
|switch|p1a: Anonymous|Ogerpon, F|100/100|[from] Flip Turn
|-damage|p1a: Anonymous|88/100|[from] Stealth Rock
|
|upkeep
|turn|3
|
|t:|1769411636
|-terastallize|p2a: Deoxys|Ghost
|move|p2a: Deoxys|Thunder Wave|p1a: Anonymous
|-status|p1a: Anonymous|par
|move|p1a: Anonymous|Knock Off|p2a: Deoxys
|-supereffective|p2a: Deoxys
|-damage|p2a: Deoxys|0 fnt
|-enditem|p2a: Deoxys|Focus Sash|[from] move: Knock Off|[of] p1a: Anonymous
|faint|p2a: Deoxys
|
|upkeep
|
|t:|1769411645
|switch|p2a: Heatran|Heatran, M|100/100
|turn|4
|
|t:|1769411650
|switch|p1a: Pisces|Alomomola, M, shiny|100/100
|-damage|p1a: Pisces|88/100|[from] Stealth Rock
|move|p2a: Heatran|Lava Plume|p1a: Pisces
|-resisted|p1a: Pisces
|-damage|p1a: Pisces|77/100
|
|upkeep
|turn|5
|
|t:|1769411657
|move|p2a: Heatran|Substitute|p2a: Heatran
|-start|p2a: Heatran|Substitute
|-damage|p2a: Heatran|76/100
|move|p1a: Pisces|Flip Turn|p2a: Heatran
|-supereffective|p2a: Heatran
|-end|p2a: Heatran|Substitute
|
|t:|1769411669
|switch|p1a: Behemoth|Great Tusk, shiny|100/100|[from] Flip Turn
|
|-heal|p2a: Heatran|82/100|[from] item: Leftovers
|upkeep
|turn|6
|
|t:|1769411681
|switch|p2a: Great Tusk|Great Tusk|100/100
|-enditem|p2a: Great Tusk|Booster Energy
|-activate|p2a: Great Tusk|ability: Protosynthesis|[fromitem]
|-start|p2a: Great Tusk|protosynthesisatk
|move|p1a: Behemoth|Close Combat|p2a: Great Tusk
|-damage|p2a: Great Tusk|59/100
|-unboost|p1a: Behemoth|def|1
|-unboost|p1a: Behemoth|spd|1
|
|upkeep
|turn|7
|
|t:|1769411692
|-end|p1a: Behemoth|Protosynthesis|[silent]
|switch|p1a: Smile.exe|Tinkaton, F, shiny|100/100
|-damage|p1a: Smile.exe|94/100|[from] Stealth Rock
|-item|p1a: Smile.exe|Air Balloon
|move|p2a: Great Tusk|Ice Spinner|p1a: Smile.exe
|-resisted|p1a: Smile.exe
|-damage|p1a: Smile.exe|71/100
|-enditem|p1a: Smile.exe|Air Balloon
|
|upkeep
|turn|8
|
|t:|1769411702
|move|p1a: Smile.exe|Encore|p2a: Great Tusk
|-start|p2a: Great Tusk|Encore
|move|p2a: Great Tusk|Ice Spinner|p1a: Smile.exe
|-resisted|p1a: Smile.exe
|-damage|p1a: Smile.exe|45/100
|
|upkeep
|turn|9
|
|t:|1769411710
|-end|p2a: Great Tusk|Protosynthesis|[silent]
|switch|p2a: Heatran|Heatran, M|82/100
|move|p1a: Smile.exe|Stealth Rock|p2a: Heatran
|-sidestart|p2: pr.iyanshu768500|move: Stealth Rock
|
|-heal|p2a: Heatran|88/100|[from] item: Leftovers
|upkeep
|turn|10
|
|t:|1769411720
|switch|p1a: Pisces|Alomomola, M, shiny|100/100
|-damage|p1a: Pisces|88/100|[from] Stealth Rock
|move|p2a: Heatran|Substitute|p2a: Heatran
|-start|p2a: Heatran|Substitute
|-damage|p2a: Heatran|63/100
|
|-heal|p2a: Heatran|69/100|[from] item: Leftovers
|upkeep
|turn|11
|
|t:|1769411730
|move|p2a: Heatran|Lava Plume|p1a: Pisces
|-resisted|p1a: Pisces
|-damage|p1a: Pisces|77/100
|move|p1a: Pisces|Flip Turn|p2a: Heatran
|-supereffective|p2a: Heatran
|-end|p2a: Heatran|Substitute
|
|t:|1769411739
|switch|p1a: Behemoth|Great Tusk, shiny|100/100|[from] Flip Turn
|
|-heal|p2a: Heatran|76/100|[from] item: Leftovers
|upkeep
|turn|12
|
|t:|1769411746
|move|p1a: Behemoth|Rapid Spin|p2a: Heatran
|-resisted|p2a: Heatran
|-damage|p2a: Heatran|68/100
|-boost|p1a: Behemoth|spe|1
|-sideend|p1: boredincyber|Stealth Rock|[from] move: Rapid Spin|[of] p1a: Behemoth
|move|p2a: Heatran|Lava Plume|p1a: Behemoth
|-damage|p1a: Behemoth|36/100
|-status|p1a: Behemoth|brn
|
|-heal|p2a: Heatran|74/100|[from] item: Leftovers
|-damage|p1a: Behemoth|29/100 brn|[from] brn
|upkeep
|turn|13
|
|t:|1769411755
|switch|p2a: Great Tusk|Great Tusk|59/100
|-damage|p2a: Great Tusk|56/100|[from] Stealth Rock
|move|p1a: Behemoth|Headlong Rush|p2a: Great Tusk
|-damage|p2a: Great Tusk|36/100
|-unboost|p1a: Behemoth|def|1
|-unboost|p1a: Behemoth|spd|1
|
|-damage|p1a: Behemoth|23/100 brn|[from] brn
|upkeep
|turn|14
|
|t:|1769411760
|move|p1a: Behemoth|Ice Spinner|p2a: Great Tusk
|-supereffective|p2a: Great Tusk
|-damage|p2a: Great Tusk|17/100
|move|p2a: Great Tusk|Rapid Spin|p1a: Behemoth
|-damage|p1a: Behemoth|5/100 brn
|-boost|p2a: Great Tusk|spe|1
|-sideend|p2: pr.iyanshu768500|Stealth Rock|[from] move: Rapid Spin|[of] p2a: Great Tusk
|
|-damage|p1a: Behemoth|0 fnt|[from] brn
|faint|p1a: Behemoth
|-end|p1a: Behemoth|Protosynthesis|[silent]
|upkeep
|
|t:|1769411774
|switch|p1a: Pisces|Alomomola, M, shiny|100/100
|turn|15
|
|t:|1769411778
|move|p1a: Pisces|Aqua Jet|p2a: Great Tusk
|-supereffective|p2a: Great Tusk
|-damage|p2a: Great Tusk|3/100
|move|p2a: Great Tusk|Close Combat|p1a: Pisces
|-damage|p1a: Pisces|51/100
|-unboost|p2a: Great Tusk|def|1
|-unboost|p2a: Great Tusk|spd|1
|
|upkeep
|turn|16
|
|t:|1769411783
|move|p1a: Pisces|Aqua Jet|p2a: Great Tusk
|-supereffective|p2a: Great Tusk
|-damage|p2a: Great Tusk|0 fnt
|faint|p2a: Great Tusk
|-end|p2a: Great Tusk|Protosynthesis|[silent]
|
|upkeep
|
|t:|1769411796
|switch|p2a: Meowscarada|Meowscarada, M|100/100
|turn|17
|
|t:|1769411803
|switch|p1a: Overseer|Pecharunt|100/100
|move|p2a: Meowscarada|Knock Off|p1a: Overseer
|-start|p2a: Meowscarada|typechange|Dark|[from] ability: Protean
|-supereffective|p1a: Overseer
|-damage|p1a: Overseer|40/100
|-damage|p2a: Meowscarada|84/100|[from] item: Rocky Helmet|[of] p1a: Overseer
|-enditem|p1a: Overseer|Rocky Helmet|[from] move: Knock Off|[of] p2a: Meowscarada
|
|upkeep
|turn|18
|
|t:|1769411814
|switch|p2a: Darkrai|Darkrai|100/100
|switch|p1a: Smile.exe|Tinkaton, F, shiny|45/100
|
|upkeep
|turn|19
|
|t:|1769411822
|move|p2a: Darkrai|Focus Blast|p1a: Smile.exe
|-damage|p1a: Smile.exe|0 fnt
|faint|p1a: Smile.exe
|-damage|p2a: Darkrai|91/100|[from] item: Life Orb
|
|upkeep
|
|t:|1769411834
|switch|p1a: Hybrid|Hydreigon, M, shiny|100/100
|turn|20
|
|t:|1769411841
|move|p2a: Darkrai|Ice Beam|p1a: Hybrid
|-supereffective|p1a: Hybrid
|-damage|p1a: Hybrid|12/100
|-damage|p2a: Darkrai|81/100|[from] item: Life Orb
|move|p1a: Hybrid|Draco Meteor|p2a: Darkrai|[miss]
|-miss|p1a: Hybrid|p2a: Darkrai
|
|upkeep
|turn|21
|-message|boredincyber forfeited.
|
|win|pr.iyanshu768500
|raw|boredincyber's rating: 1446 &rarr; <strong>1427</strong><br />(-19 for losing)
|raw|pr.iyanshu768500's rating: 1464 &rarr; <strong>1483</strong><br />(+19 for winning)
|l|☆boredincyber
|player|p1|
|l|☆pr.iyanshu768500
|player|p2|
