|j|☆skaym3_7
|j|☆LVMH VERSACE
|t:|1769343505
|gametype|singles
|player|p1|skaym3_7|palmer|1020
|player|p2|LVMH VERSACE|lucas|1000
|gen|9
|tier|[Gen 9] OU
|rated|
|rule|HP Percentage Mod: HP is shown in percentages
|rule|Endless Battle Clause: Forcing endless battles is banned
|rule|Species Clause: Limit one of each Pokémon
|rule|OHKO Clause: OHKO moves are banned
|rule|Evasion Items Clause: Evasion items are banned
|rule|Evasion Moves Clause: Evasion moves are banned
|rule|Evasion Abilities Clause: Evasion abilities are banned
|rule|Sleep Moves Clause: Sleep-inducing moves are banned
|clearpoke
|poke|p1|Pelipper, F|
|poke|p1|Barraskewda, M|
|poke|p1|Basculegion, M|
|poke|p1|Amoonguss, M|
|poke|p1|Gholdengo|
|poke|p1|Kingambit, M|
|poke|p2|Dragonite, F|
|poke|p2|Iron Moth|
|poke|p2|Smeargle, M|
|poke|p2|Gholdengo|
|poke|p2|Iron Valiant|
|poke|p2|Great Tusk|
|teampreview
|
|t:|1769343512
|teamsize|p1|6
|teamsize|p2|6
|start
|switch|p1a: Pelipper|Pelipper, F|100/100
|switch|p2a: wake up mr west|Smeargle, M|100/100
|-weather|RainDance|[from] ability: Drizzle|[of] p1a: Pelipper
|turn|1
|inactive|Battle timer is ON: inactive players will automatically lose when time's up. (requested by LVMH VERSACE)
|
|t:|1769343521
|move|p2a: wake up mr west|Sticky Web|p1a: Pelipper
|-sidestart|p1: skaym3_7|move: Sticky Web
|move|p1a: Pelipper|Hurricane|p2a: wake up mr west
|-damage|p2a: wake up mr west|29/100
|
|-weather|RainDance|[upkeep]
|upkeep
|turn|2
|
|t:|1769343544
|move|p2a: wake up mr west|Memento|p1a: Pelipper
|-unboost|p1a: Pelipper|atk|2
|-unboost|p1a: Pelipper|spa|2
|faint|p2a: wake up mr west
|move|p1a: Pelipper|Hurricane|p2: wake up mr west|[notarget]
|-fail|p1a: Pelipper
|
|-weather|RainDance|[upkeep]
|upkeep
|
|t:|1769343552
|switch|p2a: all of the lights|Dragonite, F, shiny|100/100
|turn|3
|
|t:|1769343558
|move|p2a: all of the lights|Dragon Dance|p2a: all of the lights
|-boost|p2a: all of the lights|atk|1
|-boost|p2a: all of the lights|spe|1
|move|p1a: Pelipper|U-turn|p2a: all of the lights
|-resisted|p2a: all of the lights
|-damage|p2a: all of the lights|99/100
|
|t:|1769343565
|switch|p1a: Kingambit|Kingambit, M|100/100|[from] U-turn
|-activate|p1a: Kingambit|move: Sticky Web
|-unboost|p1a: Kingambit|spe|1
|
|-weather|RainDance|[upkeep]
|upkeep
|turn|4
|
|t:|1769343575
|-end|p1a: Kingambit|fallenundefined|[silent]
|switch|p1a: Gholdengo|Gholdengo|100/100
|-activate|p1a: Gholdengo|move: Sticky Web
|-unboost|p1a: Gholdengo|spe|1
|move|p2a: all of the lights|Fire Punch|p1a: Gholdengo
|-supereffective|p1a: Gholdengo
|-damage|p1a: Gholdengo|55/100
|-damage|p2a: all of the lights|83/100|[from] item: Rocky Helmet|[of] p1a: Gholdengo
|
|-weather|RainDance|[upkeep]
|upkeep
|turn|5
|
|t:|1769343583
|move|p2a: all of the lights|Dragon Dance|p2a: all of the lights
|-boost|p2a: all of the lights|atk|1
|-boost|p2a: all of the lights|spe|1
|move|p1a: Gholdengo|Thunderbolt|p2a: all of the lights
|-damage|p2a: all of the lights|52/100
|
|-weather|RainDance|[upkeep]
|upkeep
|turn|6
|
|t:|1769343589
|move|p2a: all of the lights|Fire Punch|p1a: Gholdengo
|-supereffective|p1a: Gholdengo
|-damage|p1a: Gholdengo|0 fnt
|-damage|p2a: all of the lights|35/100|[from] item: Rocky Helmet|[of] p1a: Gholdengo
|faint|p1a: Gholdengo
|
|-weather|RainDance|[upkeep]
|upkeep
|
|t:|1769343594
|switch|p1a: Barraskewda|Barraskewda, M|100/100
|-activate|p1a: Barraskewda|move: Sticky Web
|-unboost|p1a: Barraskewda|spe|1
|turn|7
|
|t:|1769343599
|move|p2a: all of the lights|Scale Shot|p1a: Barraskewda
|-damage|p1a: Barraskewda|39/100
|-damage|p1a: Barraskewda|0 fnt
|faint|p1a: Barraskewda
|-hitcount|p1: Barraskewda|2
|-unboost|p2a: all of the lights|def|1
|-boost|p2a: all of the lights|spe|1
|
|-weather|RainDance|[upkeep]
|upkeep
|
|t:|1769343610
|switch|p1a: Basculegion|Basculegion, M|100/100
|-activate|p1a: Basculegion|move: Sticky Web
|-unboost|p1a: Basculegion|spe|1
|turn|8
|
|t:|1769343614
|move|p2a: all of the lights|Scale Shot|p1a: Basculegion|[miss]
|-miss|p2a: all of the lights|p1a: Basculegion
|move|p1a: Basculegion|Wave Crash|p2a: all of the lights
|-resisted|p2a: all of the lights
|-damage|p2a: all of the lights|0 fnt
|faint|p2a: all of the lights
|-damage|p1a: Basculegion|91/100|[from] Recoil
|-damage|p1a: Basculegion|81/100|[from] item: Life Orb
|
|-weather|none
|upkeep
|
|t:|1769343625
|switch|p2a: graduation|Iron Moth|100/100
|-enditem|p2a: graduation|Booster Energy
|-activate|p2a: graduation|ability: Quark Drive|[fromitem]
|-start|p2a: graduation|quarkdrivespa
|turn|9
|
|t:|1769343634
|move|p2a: graduation|Fiery Dance|p1a: Basculegion
|-resisted|p1a: Basculegion
|-damage|p1a: Basculegion|47/100
|-boost|p2a: graduation|spa|1
|move|p1a: Basculegion|Wave Crash|p2a: graduation
|-supereffective|p2a: graduation
|-crit|p2a: graduation
|-damage|p2a: graduation|0 fnt
|faint|p2a: graduation
|-end|p2a: graduation|Quark Drive|[silent]
|-damage|p1a: Basculegion|21/100|[from] Recoil
|-damage|p1a: Basculegion|12/100|[from] item: Life Orb
|
|upkeep
|
|t:|1769343638
|switch|p2a: bittersweet poetry|Iron Valiant|100/100
|-enditem|p2a: bittersweet poetry|Booster Energy
|-activate|p2a: bittersweet poetry|ability: Quark Drive|[fromitem]
|-start|p2a: bittersweet poetry|quarkdrivespe
|turn|10
|
|t:|1769343666
|move|p2a: bittersweet poetry|Knock Off|p1a: Basculegion
|-supereffective|p1a: Basculegion
|-damage|p1a: Basculegion|0 fnt
|-enditem|p1a: Basculegion|Life Orb|[from] move: Knock Off|[of] p2a: bittersweet poetry
|faint|p1a: Basculegion
|
|upkeep
|
|t:|1769343674
|switch|p1a: Pelipper|Pelipper, F|100/100
|-weather|RainDance|[from] ability: Drizzle|[of] p1a: Pelipper
|turn|11
|
|t:|1769343694
|move|p2a: bittersweet poetry|Knock Off|p1a: Pelipper
|-damage|p1a: Pelipper|76/100
|-enditem|p1a: Pelipper|Damp Rock|[from] move: Knock Off|[of] p2a: bittersweet poetry
|move|p1a: Pelipper|Hurricane|p2a: bittersweet poetry
|-supereffective|p2a: bittersweet poetry
|-damage|p2a: bittersweet poetry|0 fnt
|faint|p2a: bittersweet poetry
|-end|p2a: bittersweet poetry|Quark Drive|[silent]
|
|-weather|RainDance|[upkeep]
|upkeep
|
|t:|1769343696
|switch|p2a: i wonder|Gholdengo|100/100
|-item|p2a: i wonder|Air Balloon
|turn|12
|
|t:|1769343715
|move|p2a: i wonder|Nasty Plot|p2a: i wonder
|-boost|p2a: i wonder|spa|2
|move|p1a: Pelipper|Hurricane|p2a: i wonder
|-resisted|p2a: i wonder
|-damage|p2a: i wonder|80/100
|-enditem|p2a: i wonder|Air Balloon
|
|-weather|RainDance|[upkeep]
|upkeep
|turn|13
|
|t:|1769343725
|move|p2a: i wonder|Shadow Ball|p1a: Pelipper
|-damage|p1a: Pelipper|0 fnt
|faint|p1a: Pelipper
|
|-weather|RainDance|[upkeep]
|upkeep
|
|t:|1769343732
|switch|p1a: Kingambit|Kingambit, M|100/100
|-activate|p1a: Kingambit|move: Sticky Web
|-unboost|p1a: Kingambit|spe|1
|-activate|p1a: Kingambit|ability: Supreme Overlord
|-start|p1a: Kingambit|fallen4|[silent]
|turn|14
|
|t:|1769343740
|-terastallize|p2a: i wonder|Fairy
|-terastallize|p1a: Kingambit|Dark
|move|p2a: i wonder|Dazzling Gleam|p1a: Kingambit
|-supereffective|p1a: Kingambit
|-damage|p1a: Kingambit|0 fnt
|faint|p1a: Kingambit
|-end|p1a: Kingambit|fallen4|[silent]
|
|-weather|RainDance|[upkeep]
|upkeep
|
|t:|1769343750
|switch|p1a: Amoonguss|Amoonguss, M|100/100
|-activate|p1a: Amoonguss|move: Sticky Web
|-unboost|p1a: Amoonguss|spe|1
|turn|15
|
|t:|1769343758
|move|p2a: i wonder|Psyshock|p1a: Amoonguss
|-supereffective|p1a: Amoonguss
|-damage|p1a: Amoonguss|0 fnt
|faint|p1a: Amoonguss
|
|win|LVMH VERSACE
|raw|skaym3_7's rating: 1020 &rarr; <strong>1006</strong><br />(-14 for losing)
|raw|LVMH VERSACE's rating: 1000 &rarr; <strong>1042</strong><br />(+42 for winning)
