|j|☆VulneratusOdin
|j|☆agent00beef
|t:|1769384153
|gametype|singles
|player|p1|VulneratusOdin|shadowtriad|1461
|player|p2|agent00beef|hilda|1544
|gen|9
|tier|[Gen 9] OU
|rated|
|rule|HP Percentage Mod: HP is shown in percentages
|rule|Endless Battle Clause: Forcing endless battles is banned
|rule|Species Clause: Limit one of each Pokémon
|rule|OHKO Clause: OHKO moves are banned
|rule|Evasion Items Clause: Evasion items are banned
|rule|Evasion Moves Clause: Evasion moves are banned
|rule|Evasion Abilities Clause: Evasion abilities are banned
|rule|Sleep Moves Clause: Sleep-inducing moves are banned
|clearpoke
|poke|p1|Hatterene, F|
|poke|p1|Tyranitar, M|
|poke|p1|Darkrai|
|poke|p1|Excadrill, F|
|poke|p1|Ceruledge, M|
|poke|p1|Infernape, F|
|poke|p2|Iron Valiant|
|poke|p2|Araquanid, F|
|poke|p2|Raging Bolt|
|poke|p2|Gholdengo|
|poke|p2|Kingambit, F|
|poke|p2|Iron Moth|
|teampreview
|
|t:|1769384173
|teamsize|p1|6
|teamsize|p2|6
|start
|switch|p1a: Hatterene|Hatterene, F, shiny|100/100
|switch|p2a: Araquanid|Araquanid, F|100/100
|turn|1
|inactive|Battle timer is ON: inactive players will automatically lose when time's up. (requested by agent00beef)
|
|t:|1769384178
|move|p2a: Araquanid|Surf|p1a: Hatterene
|-damage|p1a: Hatterene|64/100
|move|p1a: Hatterene|Draining Kiss|p2a: Araquanid
|-damage|p2a: Araquanid|81/100
|-heal|p1a: Hatterene|83/100|[from] drain|[of] p2a: Araquanid
|
|-heal|p1a: Hatterene|89/100|[from] item: Leftovers
|upkeep
|turn|2
|
|t:|1769384188
|move|p2a: Araquanid|Surf|p1a: Hatterene
|-damage|p1a: Hatterene|55/100
|move|p1a: Hatterene|Draining Kiss|p2a: Araquanid
|-damage|p2a: Araquanid|61/100
|-heal|p1a: Hatterene|74/100|[from] drain|[of] p2a: Araquanid
|
|-heal|p1a: Hatterene|80/100|[from] item: Leftovers
|upkeep
|turn|3
|
|t:|1769384198
|move|p2a: Araquanid|Surf|p1a: Hatterene
|-damage|p1a: Hatterene|48/100
|move|p1a: Hatterene|Calm Mind|p1a: Hatterene
|-boost|p1a: Hatterene|spa|1
|-boost|p1a: Hatterene|spd|1
|
|-heal|p1a: Hatterene|54/100|[from] item: Leftovers
|upkeep
|turn|4
|
|t:|1769384203
|move|p1a: Hatterene|Protect|p1a: Hatterene
|-singleturn|p1a: Hatterene|Protect
|move|p2a: Araquanid|Endeavor|p1a: Hatterene
|-activate|p1a: Hatterene|move: Protect
|
|-heal|p1a: Hatterene|60/100|[from] item: Leftovers
|upkeep
|turn|5
|
|t:|1769384213
|move|p2a: Araquanid|Surf|p1a: Hatterene
|-damage|p1a: Hatterene|35/100
|move|p1a: Hatterene|Draining Kiss|p2a: Araquanid
|-damage|p2a: Araquanid|35/100
|-heal|p1a: Hatterene|62/100|[from] drain|[of] p2a: Araquanid
|
|-heal|p1a: Hatterene|68/100|[from] item: Leftovers
|upkeep
|turn|6
|
|t:|1769384220
|move|p1a: Hatterene|Protect|p1a: Hatterene
|-singleturn|p1a: Hatterene|Protect
|move|p2a: Araquanid|Endeavor|p1a: Hatterene
|-activate|p1a: Hatterene|move: Protect
|
|-heal|p1a: Hatterene|74/100|[from] item: Leftovers
|upkeep
|turn|7
|
|t:|1769384229
|move|p2a: Araquanid|Endeavor|p1a: Hatterene
|-damage|p1a: Hatterene|46/100
|move|p1a: Hatterene|Calm Mind|p1a: Hatterene
|-boost|p1a: Hatterene|spa|1
|-boost|p1a: Hatterene|spd|1
|
|-heal|p1a: Hatterene|52/100|[from] item: Leftovers
|upkeep
|turn|8
|
|t:|1769384241
|move|p1a: Hatterene|Protect|p1a: Hatterene
|-singleturn|p1a: Hatterene|Protect
|move|p2a: Araquanid|Surf|p1a: Hatterene
|-activate|p1a: Hatterene|move: Protect
|
|-heal|p1a: Hatterene|58/100|[from] item: Leftovers
|upkeep
|turn|9
|
|t:|1769384247
|switch|p2a: Iron Moth|Iron Moth|100/100
|-enditem|p2a: Iron Moth|Booster Energy
|-activate|p2a: Iron Moth|ability: Quark Drive|[fromitem]
|-start|p2a: Iron Moth|quarkdrivespa
|move|p1a: Hatterene|Draining Kiss|p2a: Iron Moth
|-resisted|p2a: Iron Moth
|-damage|p2a: Iron Moth|86/100
|-heal|p1a: Hatterene|70/100|[from] drain|[of] p2a: Iron Moth
|
|-heal|p1a: Hatterene|76/100|[from] item: Leftovers
|upkeep
|turn|10
|
|t:|1769384267
|-terastallize|p1a: Hatterene|Fire
|move|p2a: Iron Moth|Sludge Wave|p1a: Hatterene
|-crit|p1a: Hatterene
|-damage|p1a: Hatterene|0 fnt
|faint|p1a: Hatterene
|
|upkeep
|c|☆agent00beef|srry
|
|t:|1769384281
|switch|p1a: Excadrill|Excadrill, F|100/100
|turn|11
|
|t:|1769384287
|move|p2a: Iron Moth|Fiery Dance|p1a: Excadrill
|-supereffective|p1a: Excadrill
|-damage|p1a: Excadrill|0 fnt
|-boost|p2a: Iron Moth|spa|1
|faint|p1a: Excadrill
|
|upkeep
|
|t:|1769384294
|switch|p1a: Darkrai|Darkrai|100/100
|turn|12
|
|t:|1769384298
|move|p1a: Darkrai|Dark Pulse|p2a: Iron Moth
|-damage|p2a: Iron Moth|23/100
|move|p2a: Iron Moth|Fiery Dance|p1a: Darkrai
|-damage|p1a: Darkrai|0 fnt
|faint|p1a: Darkrai
|
|upkeep
|
|t:|1769384313
|switch|p1a: Infernape|Infernape, F|100/100
|turn|13
|
|t:|1769384326
|move|p1a: Infernape|Vacuum Wave|p2a: Iron Moth
|-resisted|p2a: Iron Moth
|-damage|p2a: Iron Moth|14/100
|move|p2a: Iron Moth|Sludge Wave|p1a: Infernape
|-enditem|p1a: Infernape|Focus Sash
|-damage|p1a: Infernape|1/100
|
|upkeep
|turn|14
|
|t:|1769384341
|move|p2a: Iron Moth|Fiery Dance|p1a: Infernape
|-resisted|p1a: Infernape
|-damage|p1a: Infernape|0 fnt
|faint|p1a: Infernape
|
|upkeep
|
|t:|1769384345
|switch|p1a: Ceruledge|Ceruledge, M|100/100
|turn|15
|
|t:|1769384351
|move|p1a: Ceruledge|Shadow Sneak|p2a: Iron Moth
|-damage|p2a: Iron Moth|0 fnt
|faint|p2a: Iron Moth
|-end|p2a: Iron Moth|Quark Drive|[silent]
|
|upkeep
|
|t:|1769384368
|switch|p2a: Raging Bolt|Raging Bolt|100/100
|-enditem|p2a: Raging Bolt|Booster Energy
|-activate|p2a: Raging Bolt|ability: Protosynthesis|[fromitem]
|-start|p2a: Raging Bolt|protosynthesisspa
|turn|16
|
|t:|1769384376
|move|p1a: Ceruledge|Swords Dance|p1a: Ceruledge
|-boost|p1a: Ceruledge|atk|2
|move|p2a: Raging Bolt|Thunderbolt|p1a: Ceruledge
|-damage|p1a: Ceruledge|19/100
|
|upkeep
|turn|17
|
|t:|1769384385
|move|p1a: Ceruledge|Shadow Sneak|p2a: Raging Bolt
|-damage|p2a: Raging Bolt|55/100
|move|p2a: Raging Bolt|Thunderbolt|p1a: Ceruledge
|-damage|p1a: Ceruledge|0 fnt
|faint|p1a: Ceruledge
|
|upkeep
|
|t:|1769384395
|switch|p1a: Tyranitar|Tyranitar, M|100/100
|-weather|Sandstorm|[from] ability: Sand Stream|[of] p1a: Tyranitar
|turn|18
|
|t:|1769384405
|move|p2a: Raging Bolt|Thunderbolt|p1a: Tyranitar
|-damage|p1a: Tyranitar|66/100
|move|p1a: Tyranitar|Stealth Rock|p2a: Raging Bolt
|-sidestart|p2: agent00beef|move: Stealth Rock
|
|-weather|Sandstorm|[upkeep]
|-damage|p2a: Raging Bolt|49/100|[from] Sandstorm
|-heal|p1a: Tyranitar|72/100|[from] item: Leftovers
|upkeep
|turn|19
|
|t:|1769384409
|move|p2a: Raging Bolt|Thunderbolt|p1a: Tyranitar
|-damage|p1a: Tyranitar|39/100
|move|p1a: Tyranitar|Stone Edge|p2a: Raging Bolt
|-damage|p2a: Raging Bolt|6/100
|
|-weather|Sandstorm|[upkeep]
|-damage|p2a: Raging Bolt|0 fnt|[from] Sandstorm
|faint|p2a: Raging Bolt
|-end|p2a: Raging Bolt|Protosynthesis|[silent]
|-heal|p1a: Tyranitar|45/100|[from] item: Leftovers
|upkeep
|
|t:|1769384412
|switch|p2a: Iron Valiant|Iron Valiant|100/100
|-damage|p2a: Iron Valiant|94/100|[from] Stealth Rock
|-enditem|p2a: Iron Valiant|Booster Energy
|-activate|p2a: Iron Valiant|ability: Quark Drive|[fromitem]
|-start|p2a: Iron Valiant|quarkdrivespa
|turn|20
|
|t:|1769384425
|move|p2a: Iron Valiant|Vacuum Wave|p1a: Tyranitar
|-supereffective|p1a: Tyranitar
|-damage|p1a: Tyranitar|0 fnt
|faint|p1a: Tyranitar
|
|win|agent00beef
|raw|VulneratusOdin's rating: 1461 &rarr; <strong>1446</strong><br />(-15 for losing)
|raw|agent00beef's rating: 1544 &rarr; <strong>1559</strong><br />(+15 for winning)
|l|☆VulneratusOdin
|player|p1|
