|j|☆samo9762
|j|☆TotallySkilled
|t:|1769320322
|gametype|singles
|player|p1|samo9762|steven-masters3|1423
|player|p2|TotallySkilled|guzma|1523
|gen|9
|tier|[Gen 9] OU
|rated|
|rule|HP Percentage Mod: HP is shown in percentages
|rule|Endless Battle Clause: Forcing endless battles is banned
|rule|Species Clause: Limit one of each Pokémon
|rule|OHKO Clause: OHKO moves are banned
|rule|Evasion Items Clause: Evasion items are banned
|rule|Evasion Moves Clause: Evasion moves are banned
|rule|Evasion Abilities Clause: Evasion abilities are banned
|rule|Sleep Moves Clause: Sleep-inducing moves are banned
|clearpoke
|poke|p1|Garganacl, M|
|poke|p1|Hippowdon, M|
|poke|p1|Hydrapple, M|
|poke|p1|Slowking-Galar, M|
|poke|p1|Samurott-Hisui, M|
|poke|p1|Excadrill, M|
|poke|p2|Grimmsnarl, M|
|poke|p2|Great Tusk|
|poke|p2|Pecharunt|
|poke|p2|Farigiraf, M|
|poke|p2|Raging Bolt|
|poke|p2|Kingambit, F|
|teampreview
|inactive|Battle timer is ON: inactive players will automatically lose when time's up. (requested by samo9762)
|inactive|TotallySkilled has 120 seconds left.
|
|t:|1769320374
|teamsize|p1|6
|teamsize|p2|6
|start
|switch|p1a: Frank|Samurott-Hisui, M|100/100
|switch|p2a: Mahoraga|Grimmsnarl, M, shiny|100/100
|turn|1
|
|t:|1769320389
|switch|p1a: Tog|Excadrill, M, shiny|100/100
|-item|p1a: Tog|Air Balloon
|move|p2a: Mahoraga|Reflect|p2a: Mahoraga
|-sidestart|p2: TotallySkilled|Reflect
|
|upkeep
|turn|2
|
|t:|1769320394
|switch|p2a: DNA.|Great Tusk, shiny|100/100
|-enditem|p2a: DNA.|Booster Energy
|-activate|p2a: DNA.|ability: Protosynthesis|[fromitem]
|-start|p2a: DNA.|protosynthesisspe
|move|p1a: Tog|Iron Head|p2a: DNA.
|-damage|p2a: DNA.|86/100
|
|upkeep
|turn|3
|
|t:|1769320402
|switch|p1a: Fred|Hippowdon, M|100/100
|-weather|Sandstorm|[from] ability: Sand Stream|[of] p1a: Fred
|move|p2a: DNA.|Stealth Rock|p1a: Fred
|-sidestart|p1: samo9762|move: Stealth Rock
|
|-weather|Sandstorm|[upkeep]
|upkeep
|turn|4
|
|t:|1769320408
|-end|p2a: DNA.|Protosynthesis|[silent]
|switch|p2a: Malevolent Kitchen|Pecharunt|100/100
|-item|p2a: Malevolent Kitchen|Air Balloon
|move|p1a: Fred|Scorching Sands|p2a: Malevolent Kitchen
|-immune|p2a: Malevolent Kitchen
|
|-weather|Sandstorm|[upkeep]
|-damage|p2a: Malevolent Kitchen|94/100|[from] Sandstorm
|upkeep
|turn|5
|
|t:|1769320413
|move|p2a: Malevolent Kitchen|Nasty Plot|p2a: Malevolent Kitchen
|-boost|p2a: Malevolent Kitchen|spa|2
|move|p1a: Fred|Stealth Rock|p2a: Malevolent Kitchen
|-sidestart|p2: TotallySkilled|move: Stealth Rock
|
|-weather|Sandstorm|[upkeep]
|-damage|p2a: Malevolent Kitchen|88/100|[from] Sandstorm
|upkeep
|turn|6
|
|t:|1769320418
|switch|p1a: Mick|Slowking-Galar, M|100/100
|-damage|p1a: Mick|88/100|[from] Stealth Rock
|move|p2a: Malevolent Kitchen|Malignant Chain|p1a: Mick
|-resisted|p1a: Mick
|-damage|p1a: Mick|72/100
|
|-weather|Sandstorm|[upkeep]
|-damage|p2a: Malevolent Kitchen|82/100|[from] Sandstorm
|-damage|p1a: Mick|66/100|[from] Sandstorm
|upkeep
|turn|7
|
|t:|1769320424
|move|p2a: Malevolent Kitchen|Shadow Ball|p1a: Mick
|-supereffective|p1a: Mick
|-damage|p1a: Mick|15/100
|move|p1a: Mick|Psychic Noise|p2a: Malevolent Kitchen
|-supereffective|p2a: Malevolent Kitchen
|-damage|p2a: Malevolent Kitchen|29/100
|-start|p2a: Malevolent Kitchen|move: Heal Block
|-enditem|p2a: Malevolent Kitchen|Air Balloon
|
|-weather|none
|upkeep
|turn|8
|
|t:|1769320430
|switch|p1a: Frank|Samurott-Hisui, M|100/100
|-damage|p1a: Frank|88/100|[from] Stealth Rock
|move|p2a: Malevolent Kitchen|Malignant Chain|p1a: Frank
|-damage|p1a: Frank|0 fnt
|faint|p1a: Frank
|
|-end|p2a: Malevolent Kitchen|move: Heal Block
|-sideend|p2: TotallySkilled|Reflect
|upkeep
|
|t:|1769320440
|switch|p1a: Fred|Hippowdon, M|100/100
|-damage|p1a: Fred|94/100|[from] Stealth Rock
|-weather|Sandstorm|[from] ability: Sand Stream|[of] p1a: Fred
|turn|9
|
|t:|1769320445
|move|p2a: Malevolent Kitchen|Malignant Chain|p1a: Fred
|-resisted|p1a: Fred
|-damage|p1a: Fred|62/100
|-status|p1a: Fred|tox
|-start|p1a: Fred|confusion|[from] ability: Poison Puppeteer|[of] p2a: Malevolent Kitchen
|-activate|p1a: Fred|confusion
|move|p1a: Fred|Scorching Sands|p2a: Malevolent Kitchen
|-supereffective|p2a: Malevolent Kitchen
|-damage|p2a: Malevolent Kitchen|0 fnt
|faint|p2a: Malevolent Kitchen
|
|-weather|Sandstorm|[upkeep]
|-damage|p1a: Fred|56/100 tox|[from] psn
|upkeep
|
|t:|1769320449
|switch|p2a: Mahoraga|Grimmsnarl, M, shiny|100/100
|-damage|p2a: Mahoraga|88/100|[from] Stealth Rock
|turn|10
|
|t:|1769320454
|move|p2a: Mahoraga|Light Screen|p2a: Mahoraga
|-sidestart|p2: TotallySkilled|move: Light Screen
|-activate|p1a: Fred|confusion
|move|p1a: Fred|Slack Off|p1a: Fred
|-heal|p1a: Fred|100/100 tox
|
|-weather|Sandstorm|[upkeep]
|-damage|p2a: Mahoraga|82/100|[from] Sandstorm
|-damage|p1a: Fred|88/100 tox|[from] psn
|upkeep
|turn|11
|
|t:|1769320458
|switch|p1a: Tog|Excadrill, M, shiny|100/100
|-damage|p1a: Tog|97/100|[from] Stealth Rock
|-item|p1a: Tog|Air Balloon
|move|p2a: Mahoraga|Reflect|p2a: Mahoraga
|-sidestart|p2: TotallySkilled|Reflect
|
|-weather|Sandstorm|[upkeep]
|-damage|p2a: Mahoraga|76/100|[from] Sandstorm
|upkeep
|turn|12
|
|t:|1769320460
|move|p2a: Mahoraga|Parting Shot|p1a: Tog
|-unboost|p1a: Tog|atk|1
|-unboost|p1a: Tog|spa|1
|
|t:|1769320462
|switch|p2a: DNA.|Great Tusk, shiny|86/100|[from] Parting Shot
|-damage|p2a: DNA.|83/100|[from] Stealth Rock
|move|p1a: Tog|Rapid Spin|p2a: DNA.
|-crit|p2a: DNA.
|-damage|p2a: DNA.|64/100
|-boost|p1a: Tog|spe|1
|-sideend|p1: samo9762|Stealth Rock|[from] move: Rapid Spin|[of] p1a: Tog
|
|-weather|Sandstorm|[upkeep]
|upkeep
|turn|13
|
|t:|1769320472
|switch|p1a: Robert|Hydrapple, M|100/100
|move|p2a: DNA.|Rapid Spin|p1a: Robert
|-damage|p1a: Robert|90/100
|-boost|p2a: DNA.|spe|1
|-sideend|p2: TotallySkilled|Stealth Rock|[from] move: Rapid Spin|[of] p2a: DNA.
|
|-weather|none
|upkeep
|turn|14
|
|t:|1769320480
|-end|p2a: DNA.|Protosynthesis|[silent]
|switch|p2a: Blue Cross|Kingambit, F, shiny|100/100
|-activate|p2a: Blue Cross|ability: Supreme Overlord
|-start|p2a: Blue Cross|fallen1|[silent]
|move|p1a: Robert|Fickle Beam|p2a: Blue Cross
|-resisted|p2a: Blue Cross
|-damage|p2a: Blue Cross|89/100
|
|upkeep
|turn|15
|
|t:|1769320489
|move|p2a: Blue Cross|Swords Dance|p2a: Blue Cross
|-boost|p2a: Blue Cross|atk|2
|move|p1a: Robert|Earth Power|p2a: Blue Cross
|-supereffective|p2a: Blue Cross
|-damage|p2a: Blue Cross|49/100
|
|upkeep
|turn|16
|
|t:|1769320495
|switch|p1a: Fred|Hippowdon, M|88/100 tox
|-weather|Sandstorm|[from] ability: Sand Stream|[of] p1a: Fred
|move|p2a: Blue Cross|Iron Head|p1a: Fred
|-damage|p1a: Fred|34/100 tox
|-damage|p2a: Blue Cross|32/100|[from] item: Rocky Helmet|[of] p1a: Fred
|
|-weather|Sandstorm|[upkeep]
|-damage|p1a: Fred|28/100 tox|[from] psn
|upkeep
|turn|17
|
|t:|1769320502
|move|p2a: Blue Cross|Iron Head|p1a: Fred
|-damage|p1a: Fred|0 fnt
|-damage|p2a: Blue Cross|16/100|[from] item: Rocky Helmet|[of] p1a: Fred
|faint|p1a: Fred
|
|-weather|Sandstorm|[upkeep]
|-sideend|p2: TotallySkilled|move: Light Screen
|upkeep
|
|t:|1769320506
|switch|p1a: Tog|Excadrill, M, shiny|97/100
|-item|p1a: Tog|Air Balloon
|turn|18
|
|t:|1769320510
|move|p2a: Blue Cross|Sucker Punch|p1a: Tog
|-damage|p1a: Tog|0 fnt
|-enditem|p1a: Tog|Air Balloon
|faint|p1a: Tog
|
|-weather|Sandstorm|[upkeep]
|-sideend|p2: TotallySkilled|Reflect
|upkeep
|
|t:|1769320533
|switch|p1a: Greg|Garganacl, M|100/100
|turn|19
|
|t:|1769320536
|-terastallize|p1a: Greg|Fairy
|move|p2a: Blue Cross|Kowtow Cleave|p1a: Greg
|-resisted|p1a: Greg
|-crit|p1a: Greg
|-damage|p1a: Greg|40/100
|move|p1a: Greg|Salt Cure|p2a: Blue Cross
|-resisted|p2a: Blue Cross
|-damage|p2a: Blue Cross|10/100
|-start|p2a: Blue Cross|Salt Cure
|
|-weather|Sandstorm|[upkeep]
|-damage|p1a: Greg|34/100|[from] Sandstorm
|-heal|p1a: Greg|40/100|[from] item: Leftovers
|-damage|p2a: Blue Cross|0 fnt|[from] Salt Cure
|faint|p2a: Blue Cross
|-end|p2a: Blue Cross|fallen1|[silent]
|upkeep
|
|t:|1769320540
|switch|p2a: Kali Uchis|Raging Bolt|100/100
|-enditem|p2a: Kali Uchis|Booster Energy
|-activate|p2a: Kali Uchis|ability: Protosynthesis|[fromitem]
|-start|p2a: Kali Uchis|protosynthesisspa
|turn|20
|
|t:|1769320545
|move|p2a: Kali Uchis|Thunderbolt|p1a: Greg
|-damage|p1a: Greg|0 fnt
|faint|p1a: Greg
|
|-weather|none
|upkeep
|
|t:|1769320547
|switch|p1a: Robert|Hydrapple, M|100/100
|turn|21
|
|t:|1769320549
|move|p2a: Kali Uchis|Dragon Pulse|p1a: Robert
|-supereffective|p1a: Robert
|-damage|p1a: Robert|0 fnt
|faint|p1a: Robert
|
|upkeep
|
|t:|1769320552
|switch|p1a: Mick|Slowking-Galar, M|49/100
|turn|22
|
|t:|1769320554
|move|p2a: Kali Uchis|Thunderbolt|p1a: Mick
|-damage|p1a: Mick|10/100
|move|p1a: Mick|Sludge Bomb|p2a: Kali Uchis
|-damage|p2a: Kali Uchis|71/100
|-status|p2a: Kali Uchis|psn
|
|-damage|p2a: Kali Uchis|59/100 psn|[from] psn
|upkeep
|turn|23
|
|t:|1769320562
|move|p2a: Kali Uchis|Thunderbolt|p1a: Mick
|-damage|p1a: Mick|0 fnt
|faint|p1a: Mick
|
|win|TotallySkilled
|raw|samo9762's rating: 1423 &rarr; <strong>1409</strong><br />(-14 for losing)
|raw|TotallySkilled's rating: 1523 &rarr; <strong>1537</strong><br />(+14 for winning)
|l|☆samo9762
|player|p1|
|l|☆TotallySkilled
|player|p2|
