|j|☆i hate gen 4
|j|☆vondvtch
|t:|1769440721
|gametype|singles
|player|p1|i hate gen 4|ethan|1287
|player|p2|vondvtch|roughneck|1310
|gen|9
|tier|[Gen 9] OU
|rated|
|rule|HP Percentage Mod: HP is shown in percentages
|rule|Endless Battle Clause: Forcing endless battles is banned
|rule|Species Clause: Limit one of each Pokémon
|rule|OHKO Clause: OHKO moves are banned
|rule|Evasion Items Clause: Evasion items are banned
|rule|Evasion Moves Clause: Evasion moves are banned
|rule|Evasion Abilities Clause: Evasion abilities are banned
|rule|Sleep Moves Clause: Sleep-inducing moves are banned
|clearpoke
|poke|p1|Ogerpon-Wellspring, F|
|poke|p1|Kingambit, F|
|poke|p1|Great Tusk|
|poke|p1|Blaziken, M|
|poke|p1|Dragapult, F|
|poke|p1|Iron Valiant|
|poke|p2|Torkoal, M|
|poke|p2|Rillaboom, M|
|poke|p2|Cinderace, F|
|poke|p2|Victreebel, F|
|poke|p2|Slither Wing|
|poke|p2|Charizard, M|
|teampreview
|inactive|Battle timer is ON: inactive players will automatically lose when time's up. (requested by i hate gen 4)
|l|☆vondvtch
|inactive|vondvtch disconnected and has a minute to reconnect!
|player|p2|
|inactive|vondvtch has 30 seconds to reconnect!
|inactive|vondvtch has 20 seconds to reconnect!
|inactive|vondvtch has 15 seconds to reconnect!
|inactive|vondvtch has 10 seconds to reconnect!
|j|☆vondvtch
|inactive|vondvtch reconnected and has 100 seconds left.
|player|p2|vondvtch|roughneck|
|
|t:|1769440778
|teamsize|p1|6
|teamsize|p2|6
|start
|switch|p1a: Blaziken|Blaziken, M|100/100
|switch|p2a: Torkoal|Torkoal, M|100/100
|-weather|SunnyDay|[from] ability: Drought|[of] p2a: Torkoal
|turn|1
|
|t:|1769440783
|move|p1a: Blaziken|Swords Dance|p1a: Blaziken
|-boost|p1a: Blaziken|atk|2
|move|p2a: Torkoal|Earth Power|p1a: Blaziken
|-supereffective|p1a: Blaziken
|-damage|p1a: Blaziken|15/100
|-unboost|p1a: Blaziken|spd|1
|
|-weather|SunnyDay|[upkeep]
|-ability|p1a: Blaziken|Speed Boost|boost
|-boost|p1a: Blaziken|spe|1
|upkeep
|turn|2
|
|t:|1769440789
|move|p1a: Blaziken|Close Combat|p2a: Torkoal
|-damage|p2a: Torkoal|0 fnt
|-unboost|p1a: Blaziken|def|1
|-unboost|p1a: Blaziken|spd|1
|faint|p2a: Torkoal
|-damage|p1a: Blaziken|5/100|[from] item: Life Orb
|
|-weather|SunnyDay|[upkeep]
|-ability|p1a: Blaziken|Speed Boost|boost
|-boost|p1a: Blaziken|spe|1
|upkeep
|
|t:|1769440797
|switch|p2a: Rillaboom|Rillaboom, M|100/100
|-fieldstart|move: Grassy Terrain|[from] ability: Grassy Surge|[of] p2a: Rillaboom
|-enditem|p2a: Rillaboom|Grassy Seed
|-boost|p2a: Rillaboom|def|1|[from] item: Grassy Seed
|turn|3
|
|t:|1769440803
|switch|p1a: Dragapult|Dragapult, F|100/100
|move|p2a: Rillaboom|Grassy Glide|p1a: Dragapult
|-resisted|p1a: Dragapult
|-damage|p1a: Dragapult|74/100
|
|-weather|SunnyDay|[upkeep]
|-heal|p1a: Dragapult|80/100|[from] Grassy Terrain
|upkeep
|turn|4
|
|t:|1769440810
|move|p1a: Dragapult|Flamethrower|p2a: Rillaboom
|-supereffective|p2a: Rillaboom
|-damage|p2a: Rillaboom|0 fnt
|faint|p2a: Rillaboom
|
|-weather|SunnyDay|[upkeep]
|-heal|p1a: Dragapult|86/100|[from] Grassy Terrain
|upkeep
|
|t:|1769440817
|switch|p2a: Slither Wing|Slither Wing|100/100
|-activate|p2a: Slither Wing|ability: Protosynthesis
|-start|p2a: Slither Wing|protosynthesisatk
|turn|5
|
|t:|1769440821
|move|p2a: Slither Wing|First Impression|p1a: Dragapult
|-resisted|p1a: Dragapult
|-damage|p1a: Dragapult|18/100
|move|p1a: Dragapult|Flamethrower|p2a: Slither Wing
|-supereffective|p2a: Slither Wing
|-damage|p2a: Slither Wing|0 fnt
|faint|p2a: Slither Wing
|-end|p2a: Slither Wing|Protosynthesis|[silent]
|
|-weather|SunnyDay|[upkeep]
|-heal|p1a: Dragapult|24/100|[from] Grassy Terrain
|upkeep
|
|t:|1769440828
|switch|p2a: Charizard|Charizard, M|100/100
|turn|6
|
|t:|1769440834
|switch|p1a: Blaziken|Blaziken, M|5/100
|move|p2a: Charizard|Weather Ball|p1a: Blaziken
|-resisted|p1a: Blaziken
|-damage|p1a: Blaziken|0 fnt
|faint|p1a: Blaziken
|
|-weather|SunnyDay|[upkeep]
|-damage|p2a: Charizard|88/100|[from] ability: Solar Power|[of] p2a: Charizard
|upkeep
|
|t:|1769440837
|switch|p1a: Iron Valiant|Iron Valiant|100/100
|-enditem|p1a: Iron Valiant|Booster Energy
|-activate|p1a: Iron Valiant|ability: Quark Drive|[fromitem]
|-start|p1a: Iron Valiant|quarkdrivespe
|turn|7
|
|t:|1769440840
|-terastallize|p2a: Charizard|Fire
|move|p1a: Iron Valiant|Knock Off|p2a: Charizard
|-damage|p2a: Charizard|41/100
|-enditem|p2a: Charizard|Choice Scarf|[from] move: Knock Off|[of] p1a: Iron Valiant
|move|p2a: Charizard|Weather Ball|p1a: Iron Valiant
|-damage|p1a: Iron Valiant|0 fnt
|faint|p1a: Iron Valiant
|-end|p1a: Iron Valiant|Quark Drive|[silent]
|
|-weather|SunnyDay|[upkeep]
|-damage|p2a: Charizard|28/100|[from] ability: Solar Power|[of] p2a: Charizard
|-heal|p2a: Charizard|34/100|[from] Grassy Terrain
|-fieldend|move: Grassy Terrain
|upkeep
|
|t:|1769440846
|switch|p1a: Ogerpon|Ogerpon-Wellspring, F|100/100
|turn|8
|
|t:|1769440849
|-terastallize|p1a: Ogerpon|Water
|detailschange|p1a: Ogerpon|Ogerpon-Wellspring-Tera, F, tera:Water
|-ability|p1a: Ogerpon|Embody Aspect (Wellspring)|boost
|-boost|p1a: Ogerpon|spd|1
|move|p1a: Ogerpon|Ivy Cudgel|p2a: Charizard|[anim] Ivy Cudgel Water
|-supereffective|p2a: Charizard
|-damage|p2a: Charizard|0 fnt
|faint|p2a: Charizard
|
|-weather|none
|upkeep
|
|t:|1769440851
|switch|p2a: Cinderace|Cinderace, F|100/100
|turn|9
|
|t:|1769440855
|move|p2a: Cinderace|Will-O-Wisp|p1a: Ogerpon
|-status|p1a: Ogerpon|brn
|move|p1a: Ogerpon|Ivy Cudgel|p2a: Cinderace|[anim] Ivy Cudgel Water
|-supereffective|p2a: Cinderace
|-damage|p2a: Cinderace|0 fnt
|faint|p2a: Cinderace
|
|-damage|p1a: Ogerpon|95/100 brn|[from] brn
|upkeep
|
|t:|1769440858
|switch|p2a: Victreebel|Victreebel, F|100/100
|turn|10
|
|t:|1769440862
|switch|p1a: Kingambit|Kingambit, F|100/100
|-activate|p1a: Kingambit|ability: Supreme Overlord
|-start|p1a: Kingambit|fallen2|[silent]
|move|p2a: Victreebel|Strength Sap|p1a: Kingambit
|-unboost|p1a: Kingambit|atk|1
|
|upkeep
|turn|11
|-message|vondvtch forfeited.
|
|win|i hate gen 4
|raw|i hate gen 4's rating: 1287 &rarr; <strong>1314</strong><br />(+27 for winning)
|raw|vondvtch's rating: 1310 &rarr; <strong>1289</strong><br />(-21 for losing)
|l|☆vondvtch
|player|p2|
|l|☆i hate gen 4
|player|p1|
