|j|☆CambridgeFoulPlay
|j|☆swagataka
|t:|1769370593
|gametype|singles
|player|p1|CambridgeFoulPlay|266|1717
|player|p2|swagataka|byron|1745
|gen|9
|tier|[Gen 9] OU
|rated|
|rule|HP Percentage Mod: HP is shown in percentages
|rule|Endless Battle Clause: Forcing endless battles is banned
|rule|Species Clause: Limit one of each Pokémon
|rule|OHKO Clause: OHKO moves are banned
|rule|Evasion Items Clause: Evasion items are banned
|rule|Evasion Moves Clause: Evasion moves are banned
|rule|Evasion Abilities Clause: Evasion abilities are banned
|rule|Sleep Moves Clause: Sleep-inducing moves are banned
|clearpoke
|poke|p1|Hydrapple, M|
|poke|p1|Tyranitar, F|
|poke|p1|Moltres|
|poke|p1|Zamazenta-*|
|poke|p1|Slowking-Galar, F|
|poke|p1|Excadrill, F|
|poke|p2|Kingambit, F|
|poke|p2|Regigigas|
|poke|p2|Great Tusk|
|poke|p2|Pecharunt|
|poke|p2|Zoroark-Hisui, F|
|poke|p2|Gallade, M|
|teampreview
|c|☆CambridgeFoulPlay|hf
|inactive|Battle timer is ON: inactive players will automatically lose when time's up. (requested by CambridgeFoulPlay)
|
|t:|1769370609
|teamsize|p1|6
|teamsize|p2|6
|start
|switch|p1a: Excadrill|Excadrill, F|100/100
|switch|p2a: R.E.G.R.E.M.I.X|Regigigas, shiny|100/100
|-item|p1a: Excadrill|Air Balloon
|-start|p2a: R.E.G.R.E.M.I.X|ability: Slow Start
|turn|1
|
|t:|1769370613
|move|p1a: Excadrill|Earthquake|p2a: R.E.G.R.E.M.I.X
|-damage|p2a: R.E.G.R.E.M.I.X|62/100
|move|p2a: R.E.G.R.E.M.I.X|Knock Off|p1a: Excadrill
|-damage|p1a: Excadrill|76/100
|-enditem|p1a: Excadrill|Air Balloon
|
|upkeep
|turn|2
|j| hax is all i need
|
|t:|1769370618
|switch|p2a: Irönhead|Kingambit, F|100/100
|-item|p2a: Irönhead|Air Balloon
|move|p1a: Excadrill|Swords Dance|p1a: Excadrill
|-boost|p1a: Excadrill|atk|2
|
|upkeep
|turn|3
|
|t:|1769370621
|move|p2a: Irönhead|Flamethrower|p1a: Excadrill
|-supereffective|p1a: Excadrill
|-damage|p1a: Excadrill|0 fnt
|faint|p1a: Excadrill
|
|upkeep
|
|t:|1769370623
|switch|p1a: Hydrapple|Hydrapple, M|100/100
|turn|4
|
|t:|1769370630
|move|p2a: Irönhead|Shadow Ball|p1a: Hydrapple
|-damage|p1a: Hydrapple|61/100
|move|p1a: Hydrapple|Nasty Plot|p1a: Hydrapple
|-boost|p1a: Hydrapple|spa|2
|
|upkeep
|turn|5
|
|t:|1769370633
|-terastallize|p2a: Irönhead|Stellar
|move|p2a: Irönhead|Shadow Ball|p1a: Hydrapple
|-damage|p1a: Hydrapple|11/100
|move|p1a: Hydrapple|Giga Drain|p2a: Irönhead
|-damage|p2a: Irönhead|0 fnt
|-heal|p1a: Hydrapple|42/100|[from] drain|[of] p2a: Irönhead
|replace|p2a: Linkin Zark|Zoroark-Hisui, F, shiny
|-end|p2a: Linkin Zark|Illusion
|-enditem|p2a: Linkin Zark|Air Balloon
|faint|p2a: Linkin Zark
|
|upkeep
|
|t:|1769370641
|switch|p2a: Apacherunt|Pecharunt|100/100
|turn|6
|
|t:|1769370644
|-terastallize|p1a: Hydrapple|Poison
|move|p2a: Apacherunt|Parting Shot|p1a: Hydrapple
|-unboost|p1a: Hydrapple|atk|1
|-unboost|p1a: Hydrapple|spa|1
|
|t:|1769370652
|switch|p2a: Gallade|Gallade, M, shiny|100/100|[from] Parting Shot
|move|p1a: Hydrapple|Giga Drain|p2a: Gallade
|-damage|p2a: Gallade|45/100
|-heal|p1a: Hydrapple|61/100|[from] drain|[of] p2a: Gallade
|
|upkeep
|turn|7
|
|t:|1769370656
|switch|p1a: Tyranitar|Tyranitar, F|100/100
|-weather|Sandstorm|[from] ability: Sand Stream|[of] p1a: Tyranitar
|move|p2a: Gallade|Psycho Cut|p1a: Tyranitar
|-immune|p1a: Tyranitar
|
|-weather|Sandstorm|[upkeep]
|-damage|p2a: Gallade|39/100|[from] Sandstorm
|upkeep
|turn|8
|
|t:|1769370658
|switch|p2a: Steely Don|Great Tusk|100/100
|move|p1a: Tyranitar|Stealth Rock|p2a: Steely Don
|-sidestart|p2: swagataka|move: Stealth Rock
|
|-weather|Sandstorm|[upkeep]
|upkeep
|turn|9
|
|t:|1769370661
|switch|p1a: Moltres|Moltres|100/100
|move|p2a: Steely Don|Rapid Spin|p1a: Moltres
|-damage|p1a: Moltres|88/100
|-boost|p2a: Steely Don|spe|1
|-sideend|p2: swagataka|Stealth Rock|[from] move: Rapid Spin|[of] p2a: Steely Don
|
|-weather|Sandstorm|[upkeep]
|-damage|p1a: Moltres|82/100|[from] Sandstorm
|upkeep
|turn|10
|
|t:|1769370664
|move|p2a: Steely Don|Knock Off|p1a: Moltres
|-crit|p1a: Moltres
|-damage|p1a: Moltres|48/100
|-status|p2a: Steely Don|brn|[from] ability: Flame Body|[of] p1a: Moltres
|-enditem|p1a: Moltres|Heavy-Duty Boots|[from] move: Knock Off|[of] p2a: Steely Don
|move|p1a: Moltres|Flamethrower|p2a: Steely Don
|-damage|p2a: Steely Don|46/100 brn
|
|-weather|Sandstorm|[upkeep]
|-damage|p1a: Moltres|42/100|[from] Sandstorm
|-damage|p2a: Steely Don|40/100 brn|[from] brn
|upkeep
|turn|11
|
|t:|1769370671
|-end|p2a: Steely Don|Protosynthesis|[silent]
|switch|p2a: Irönhead|Kingambit, F|100/100
|-item|p2a: Irönhead|Air Balloon
|move|p1a: Moltres|Roost|p1a: Moltres
|-heal|p1a: Moltres|92/100
|-singleturn|p1a: Moltres|move: Roost
|
|-weather|Sandstorm|[upkeep]
|-damage|p1a: Moltres|86/100|[from] Sandstorm
|upkeep
|turn|12
|
|t:|1769370674
|move|p1a: Moltres|Flamethrower|p2a: Irönhead
|-supereffective|p2a: Irönhead
|-damage|p2a: Irönhead|21/100
|-enditem|p2a: Irönhead|Air Balloon
|move|p2a: Irönhead|Stealth Rock|p1a: Moltres
|-sidestart|p1: CambridgeFoulPlay|move: Stealth Rock
|
|-weather|Sandstorm|[upkeep]
|-damage|p1a: Moltres|80/100|[from] Sandstorm
|upkeep
|turn|13
|
|t:|1769370684
|switch|p2a: R.E.G.R.E.M.I.X|Regigigas, shiny|62/100
|-start|p2a: R.E.G.R.E.M.I.X|ability: Slow Start
|move|p1a: Moltres|Flamethrower|p2a: R.E.G.R.E.M.I.X
|-damage|p2a: R.E.G.R.E.M.I.X|34/100
|
|-weather|Sandstorm|[upkeep]
|-damage|p1a: Moltres|74/100|[from] Sandstorm
|-damage|p2a: R.E.G.R.E.M.I.X|28/100|[from] Sandstorm
|upkeep
|turn|14
|
|t:|1769370687
|move|p1a: Moltres|Flamethrower|p2a: R.E.G.R.E.M.I.X
|-damage|p2a: R.E.G.R.E.M.I.X|0 fnt
|faint|p2a: R.E.G.R.E.M.I.X
|
|-weather|none
|upkeep
|
|t:|1769370689
|switch|p2a: Apacherunt|Pecharunt|100/100
|turn|15
|
|t:|1769370692
|switch|p1a: Hydrapple|Hydrapple, M, tera:Poison|94/100
|move|p2a: Apacherunt|Toxic|p1a: Hydrapple
|-immune|p1a: Hydrapple
|
|upkeep
|turn|16
|
|t:|1769370695
|move|p2a: Apacherunt|Parting Shot|p1a: Hydrapple
|-unboost|p1a: Hydrapple|atk|1
|-unboost|p1a: Hydrapple|spa|1
|
|t:|1769370696
|switch|p2a: Steely Don|Great Tusk|40/100 brn|[from] Parting Shot
|move|p1a: Hydrapple|Nasty Plot|p1a: Hydrapple
|-boost|p1a: Hydrapple|spa|2
|
|-damage|p2a: Steely Don|34/100 brn|[from] brn
|upkeep
|turn|17
|
|t:|1769370698
|move|p2a: Steely Don|Headlong Rush|p1a: Hydrapple
|-supereffective|p1a: Hydrapple
|-damage|p1a: Hydrapple|57/100
|-unboost|p2a: Steely Don|def|1
|-unboost|p2a: Steely Don|spd|1
|move|p1a: Hydrapple|Giga Drain|p2a: Steely Don
|-supereffective|p2a: Steely Don
|-damage|p2a: Steely Don|0 fnt
|-heal|p1a: Hydrapple|72/100|[from] drain|[of] p2a: Steely Don
|faint|p2a: Steely Don
|-end|p2a: Steely Don|Protosynthesis|[silent]
|
|upkeep
|
|t:|1769370704
|switch|p2a: Gallade|Gallade, M, shiny|39/100
|turn|18
|
|t:|1769370707
|move|p2a: Gallade|Psycho Cut|p1a: Hydrapple
|-supereffective|p1a: Hydrapple
|-damage|p1a: Hydrapple|11/100
|move|p1a: Hydrapple|Giga Drain|p2a: Gallade
|-damage|p2a: Gallade|0 fnt
|-heal|p1a: Hydrapple|24/100|[from] drain|[of] p2a: Gallade
|faint|p2a: Gallade
|
|upkeep
|
|t:|1769370711
|switch|p2a: Irönhead|Kingambit, F|21/100
|turn|19
|
|t:|1769370713
|switch|p1a: Zamazenta|Zamazenta|100/100
|-damage|p1a: Zamazenta|94/100|[from] Stealth Rock
|-ability|p1a: Zamazenta|Dauntless Shield|boost
|-boost|p1a: Zamazenta|def|1
|move|p2a: Irönhead|Iron Head|p1a: Zamazenta
|-damage|p1a: Zamazenta|71/100
|
|-heal|p1a: Zamazenta|77/100|[from] item: Leftovers
|upkeep
|turn|20
|
|t:|1769370719
|switch|p2a: Apacherunt|Pecharunt|100/100
|move|p1a: Zamazenta|Body Press|p2a: Apacherunt
|-immune|p2a: Apacherunt
|
|-heal|p1a: Zamazenta|83/100|[from] item: Leftovers
|upkeep
|turn|21
|
|t:|1769370722
|switch|p1a: Hydrapple|Hydrapple, M, tera:Poison|58/100
|move|p2a: Apacherunt|Shadow Ball|p1a: Hydrapple
|-damage|p1a: Hydrapple|32/100
|
|upkeep
|turn|22
|
|t:|1769370723
|switch|p1a: Slowking|Slowking-Galar, F|100/100
|-damage|p1a: Slowking|88/100|[from] Stealth Rock
|move|p2a: Apacherunt|Shadow Ball|p1a: Slowking
|-supereffective|p1a: Slowking
|-crit|p1a: Slowking
|-damage|p1a: Slowking|46/100
|
|upkeep
|turn|23
|
|t:|1769370725
|switch|p1a: Hydrapple|Hydrapple, M, tera:Poison|66/100
|move|p2a: Apacherunt|Shadow Ball|p1a: Hydrapple
|-damage|p1a: Hydrapple|40/100
|-unboost|p1a: Hydrapple|spd|1
|
|upkeep
|turn|24
|
|t:|1769370727
|switch|p1a: Slowking|Slowking-Galar, F|80/100
|-damage|p1a: Slowking|67/100|[from] Stealth Rock
|move|p2a: Apacherunt|Shadow Ball|p1a: Slowking
|-supereffective|p1a: Slowking
|-damage|p1a: Slowking|38/100
|-unboost|p1a: Slowking|spd|1
|
|upkeep
|turn|25
|
|t:|1769370728
|switch|p1a: Hydrapple|Hydrapple, M, tera:Poison|74/100
|move|p2a: Apacherunt|Shadow Ball|p1a: Hydrapple
|-damage|p1a: Hydrapple|50/100
|-unboost|p1a: Hydrapple|spd|1
|
|upkeep
|turn|26
|
|t:|1769370730
|switch|p1a: Slowking|Slowking-Galar, F|71/100
|-damage|p1a: Slowking|59/100|[from] Stealth Rock
|move|p2a: Apacherunt|Shadow Ball|p1a: Slowking
|-supereffective|p1a: Slowking
|-damage|p1a: Slowking|34/100
|-unboost|p1a: Slowking|spd|1
|
|upkeep
|turn|27
|
|t:|1769370732
|switch|p1a: Hydrapple|Hydrapple, M, tera:Poison|83/100
|move|p2a: Apacherunt|Shadow Ball|p1a: Hydrapple
|-damage|p1a: Hydrapple|58/100
|
|upkeep
|turn|28
|
|t:|1769370733
|move|p2a: Apacherunt|Shadow Ball|p1a: Hydrapple
|-damage|p1a: Hydrapple|33/100
|move|p1a: Hydrapple|Nasty Plot|p1a: Hydrapple
|-boost|p1a: Hydrapple|spa|2
|
|upkeep
|turn|29
|
|t:|1769370735
|move|p2a: Apacherunt|Shadow Ball|p1a: Hydrapple
|-damage|p1a: Hydrapple|6/100
|move|p1a: Hydrapple|Earth Power|p2a: Apacherunt
|-supereffective|p2a: Apacherunt
|-damage|p2a: Apacherunt|0 fnt
|faint|p2a: Apacherunt
|
|upkeep
|-message|swagataka forfeited.
|
|win|CambridgeFoulPlay
|raw|CambridgeFoulPlay's rating: 1717 &rarr; <strong>1739</strong><br />(+22 for winning)
|raw|swagataka's rating: 1745 &rarr; <strong>1723</strong><br />(-22 for losing)
|c|☆CambridgeFoulPlay|gg
|l|☆swagataka
|player|p2|
|l|☆CambridgeFoulPlay
|player|p1|
|l| hax is all i need
