|j|☆jsnsddk
|j|☆CambridgeFoulPlay
|t:|1769322100
|gametype|singles
|player|p1|jsnsddk|2|1630
|player|p2|CambridgeFoulPlay|266|1675
|gen|9
|tier|[Gen 9] OU
|rated|
|rule|HP Percentage Mod: HP is shown in percentages
|rule|Endless Battle Clause: Forcing endless battles is banned
|rule|Species Clause: Limit one of each Pokémon
|rule|OHKO Clause: OHKO moves are banned
|rule|Evasion Items Clause: Evasion items are banned
|rule|Evasion Moves Clause: Evasion moves are banned
|rule|Evasion Abilities Clause: Evasion abilities are banned
|rule|Sleep Moves Clause: Sleep-inducing moves are banned
|clearpoke
|poke|p1|Dragonite, M|
|poke|p1|Hatterene, F|
|poke|p1|Kingambit, F|
|poke|p1|Iron Crown|
|poke|p1|Crawdaunt, F|
|poke|p1|Manaphy|
|poke|p2|Hydrapple, M|
|poke|p2|Tyranitar, F|
|poke|p2|Moltres|
|poke|p2|Zamazenta-*|
|poke|p2|Slowking-Galar, M|
|poke|p2|Excadrill, F|
|teampreview
|inactive|Battle timer is ON: inactive players will automatically lose when time's up. (requested by jsnsddk)
|
|t:|1769322104
|teamsize|p1|6
|teamsize|p2|6
|start
|switch|p1a: Hatterene|Hatterene, F|100/100
|switch|p2a: Zamazenta|Zamazenta|100/100
|-ability|p2a: Zamazenta|Dauntless Shield|boost
|-boost|p2a: Zamazenta|def|1
|turn|1
|c|☆CambridgeFoulPlay|hf
|inactive|CambridgeFoulPlay also wants the timer to be on.
|
|t:|1769322107
|move|p2a: Zamazenta|Roar|p1a: Hatterene
|move|p1a: Hatterene|Roar|p2a: Zamazenta|[from] ability: Magic Bounce
|drag|p2a: Slowking|Slowking-Galar, M|100/100
|move|p1a: Hatterene|Trick Room|p1a: Hatterene
|-fieldstart|move: Trick Room|[of] p1a: Hatterene
|
|upkeep
|turn|2
|
|t:|1769322110
|switch|p1a: Crawdaunt|Crawdaunt, F|100/100
|move|p2a: Slowking|Sludge Bomb|p1a: Crawdaunt
|-damage|p1a: Crawdaunt|44/100
|
|upkeep
|turn|3
|
|t:|1769322114
|move|p1a: Crawdaunt|Knock Off|p2a: Slowking
|-supereffective|p2a: Slowking
|-damage|p2a: Slowking|0 fnt
|-enditem|p2a: Slowking|Assault Vest|[from] move: Knock Off|[of] p1a: Crawdaunt
|faint|p2a: Slowking
|-damage|p1a: Crawdaunt|34/100|[from] item: Life Orb
|
|upkeep
|
|t:|1769322117
|switch|p2a: Hydrapple|Hydrapple, M|100/100
|turn|4
|
|t:|1769322119
|move|p1a: Crawdaunt|Knock Off|p2a: Hydrapple
|-damage|p2a: Hydrapple|48/100
|-enditem|p2a: Hydrapple|Heavy-Duty Boots|[from] move: Knock Off|[of] p1a: Crawdaunt
|-damage|p1a: Crawdaunt|24/100|[from] item: Life Orb
|move|p2a: Hydrapple|Giga Drain|p1a: Crawdaunt
|-supereffective|p1a: Crawdaunt
|-damage|p1a: Crawdaunt|0 fnt
|-heal|p2a: Hydrapple|58/100|[from] drain|[of] p1a: Crawdaunt
|faint|p1a: Crawdaunt
|
|upkeep
|
|t:|1769322123
|switch|p1a: Hatterene|Hatterene, F|100/100
|turn|5
|
|t:|1769322125
|switch|p2a: Tyranitar|Tyranitar, F|100/100
|-weather|Sandstorm|[from] ability: Sand Stream|[of] p2a: Tyranitar
|move|p1a: Hatterene|Dazzling Gleam|p2a: Tyranitar
|-supereffective|p2a: Tyranitar
|-damage|p2a: Tyranitar|60/100
|
|-weather|Sandstorm|[upkeep]
|-damage|p1a: Hatterene|95/100|[from] Sandstorm
|-fieldend|move: Trick Room
|upkeep
|turn|6
|
|t:|1769322129
|move|p2a: Tyranitar|Knock Off|p1a: Hatterene
|-damage|p1a: Hatterene|50/100
|-enditem|p1a: Hatterene|Focus Sash|[from] move: Knock Off|[of] p2a: Tyranitar
|move|p1a: Hatterene|Trick Room|p1a: Hatterene
|-fieldstart|move: Trick Room|[of] p1a: Hatterene
|
|-weather|Sandstorm|[upkeep]
|-damage|p1a: Hatterene|44/100|[from] Sandstorm
|upkeep
|turn|7
|
|t:|1769322145
|move|p1a: Hatterene|Nuzzle|p2a: Tyranitar
|-damage|p2a: Tyranitar|57/100
|-status|p2a: Tyranitar|par
|move|p2a: Tyranitar|Knock Off|p1a: Hatterene
|-damage|p1a: Hatterene|13/100
|
|-weather|Sandstorm|[upkeep]
|-damage|p1a: Hatterene|7/100|[from] Sandstorm
|upkeep
|turn|8
|
|t:|1769322147
|move|p1a: Hatterene|Dazzling Gleam|p2a: Tyranitar
|-supereffective|p2a: Tyranitar
|-damage|p2a: Tyranitar|19/100 par
|move|p2a: Tyranitar|Knock Off|p1a: Hatterene
|-damage|p1a: Hatterene|0 fnt
|faint|p1a: Hatterene
|
|-weather|Sandstorm|[upkeep]
|upkeep
|
|t:|1769322164
|switch|p1a: Kingambit|Kingambit, F|100/100
|-activate|p1a: Kingambit|ability: Supreme Overlord
|-start|p1a: Kingambit|fallen2|[silent]
|turn|9
|
|t:|1769322166
|switch|p2a: Zamazenta|Zamazenta|100/100
|move|p1a: Kingambit|Sucker Punch||[still]
|-fail|p1a: Kingambit
|
|-weather|Sandstorm|[upkeep]
|-damage|p2a: Zamazenta|94/100|[from] Sandstorm
|-heal|p2a: Zamazenta|100/100|[from] item: Leftovers
|upkeep
|turn|10
|
|t:|1769322181
|-end|p1a: Kingambit|fallen2|[silent]
|switch|p1a: Manaphy|Manaphy|100/100
|move|p2a: Zamazenta|Iron Defense|p2a: Zamazenta
|-boost|p2a: Zamazenta|def|2
|
|-weather|Sandstorm|[upkeep]
|-damage|p1a: Manaphy|94/100|[from] Sandstorm
|-damage|p2a: Zamazenta|94/100|[from] Sandstorm
|-heal|p1a: Manaphy|100/100|[from] item: Leftovers
|-heal|p2a: Zamazenta|100/100|[from] item: Leftovers
|-fieldend|move: Trick Room
|upkeep
|turn|11
|
|t:|1769322185
|-terastallize|p1a: Manaphy|Poison
|move|p2a: Zamazenta|Body Press|p1a: Manaphy
|-resisted|p1a: Manaphy
|-damage|p1a: Manaphy|70/100
|move|p1a: Manaphy|Acid Armor|p1a: Manaphy
|-boost|p1a: Manaphy|def|2
|
|-weather|Sandstorm|[upkeep]
|-damage|p2a: Zamazenta|94/100|[from] Sandstorm
|-damage|p1a: Manaphy|64/100|[from] Sandstorm
|-heal|p2a: Zamazenta|100/100|[from] item: Leftovers
|-heal|p1a: Manaphy|70/100|[from] item: Leftovers
|upkeep
|turn|12
|
|t:|1769322191
|switch|p2a: Hydrapple|Hydrapple, M|91/100
|move|p1a: Manaphy|Take Heart|p1a: Manaphy
|-boost|p1a: Manaphy|spa|1
|-boost|p1a: Manaphy|spd|1
|
|-weather|none
|-heal|p1a: Manaphy|77/100|[from] item: Leftovers
|upkeep
|turn|13
|
|t:|1769322198
|move|p1a: Manaphy|Take Heart|p1a: Manaphy
|-boost|p1a: Manaphy|spa|1
|-boost|p1a: Manaphy|spd|1
|move|p2a: Hydrapple|Earth Power|p1a: Manaphy
|-supereffective|p1a: Manaphy
|-damage|p1a: Manaphy|57/100
|
|-heal|p1a: Manaphy|63/100|[from] item: Leftovers
|upkeep
|turn|14
|
|t:|1769322213
|move|p1a: Manaphy|Take Heart|p1a: Manaphy
|-boost|p1a: Manaphy|spa|1
|-boost|p1a: Manaphy|spd|1
|move|p2a: Hydrapple|Earth Power|p1a: Manaphy
|-supereffective|p1a: Manaphy
|-damage|p1a: Manaphy|45/100
|
|-heal|p1a: Manaphy|51/100|[from] item: Leftovers
|upkeep
|turn|15
|
|t:|1769322216
|switch|p2a: Tyranitar|Tyranitar, F|19/100 par
|-weather|Sandstorm|[from] ability: Sand Stream|[of] p2a: Tyranitar
|move|p1a: Manaphy|Stored Power|p2a: Tyranitar
|-immune|p2a: Tyranitar
|
|-weather|Sandstorm|[upkeep]
|-damage|p1a: Manaphy|45/100|[from] Sandstorm
|-heal|p1a: Manaphy|51/100|[from] item: Leftovers
|upkeep
|turn|16
|
|t:|1769322218
|move|p1a: Manaphy|Scald|p2a: Tyranitar
|-supereffective|p2a: Tyranitar
|-damage|p2a: Tyranitar|0 fnt
|faint|p2a: Tyranitar
|
|-weather|Sandstorm|[upkeep]
|-damage|p1a: Manaphy|45/100|[from] Sandstorm
|-heal|p1a: Manaphy|51/100|[from] item: Leftovers
|upkeep
|
|t:|1769322220
|switch|p2a: Excadrill|Excadrill, F|100/100
|-item|p2a: Excadrill|Air Balloon
|turn|17
|
|t:|1769322226
|switch|p1a: Dragonite|Dragonite, M|100/100
|move|p2a: Excadrill|Earthquake|p1a: Dragonite
|-immune|p1a: Dragonite
|
|-weather|Sandstorm|[upkeep]
|-damage|p1a: Dragonite|94/100|[from] Sandstorm
|upkeep
|turn|18
|
|t:|1769322233
|move|p2a: Excadrill|Iron Head|p1a: Dragonite
|-damage|p1a: Dragonite|47/100
|move|p1a: Dragonite|Fire Punch|p2a: Excadrill
|-supereffective|p2a: Excadrill
|-damage|p2a: Excadrill|12/100
|-enditem|p2a: Excadrill|Air Balloon
|
|-weather|Sandstorm|[upkeep]
|-damage|p1a: Dragonite|40/100|[from] Sandstorm
|upkeep
|turn|19
|
|t:|1769322247
|move|p2a: Excadrill|Iron Head|p1a: Dragonite
|-damage|p1a: Dragonite|0 fnt
|faint|p1a: Dragonite
|
|-weather|Sandstorm|[upkeep]
|upkeep
|
|t:|1769322250
|switch|p1a: Kingambit|Kingambit, F|100/100
|-activate|p1a: Kingambit|ability: Supreme Overlord
|-start|p1a: Kingambit|fallen3|[silent]
|turn|20
|
|t:|1769322252
|move|p1a: Kingambit|Sucker Punch|p2a: Excadrill
|-damage|p2a: Excadrill|0 fnt
|faint|p2a: Excadrill
|
|-weather|Sandstorm|[upkeep]
|upkeep
|
|t:|1769322256
|switch|p2a: Zamazenta|Zamazenta|100/100
|turn|21
|
|t:|1769322259
|-end|p1a: Kingambit|fallen3|[silent]
|switch|p1a: Manaphy|Manaphy, tera:Poison|51/100
|move|p2a: Zamazenta|Iron Defense|p2a: Zamazenta
|-boost|p2a: Zamazenta|def|2
|
|-weather|Sandstorm|[upkeep]
|-damage|p2a: Zamazenta|94/100|[from] Sandstorm
|-damage|p1a: Manaphy|45/100|[from] Sandstorm
|-heal|p2a: Zamazenta|100/100|[from] item: Leftovers
|-heal|p1a: Manaphy|51/100|[from] item: Leftovers
|upkeep
|turn|22
|
|t:|1769322264
|move|p2a: Zamazenta|Body Press|p1a: Manaphy
|-resisted|p1a: Manaphy
|-damage|p1a: Manaphy|21/100
|move|p1a: Manaphy|Scald|p2a: Zamazenta
|-damage|p2a: Zamazenta|66/100
|
|-weather|none
|-heal|p2a: Zamazenta|72/100|[from] item: Leftovers
|-heal|p1a: Manaphy|27/100|[from] item: Leftovers
|upkeep
|turn|23
|
|t:|1769322275
|move|p2a: Zamazenta|Body Press|p1a: Manaphy
|-resisted|p1a: Manaphy
|-damage|p1a: Manaphy|0 fnt
|faint|p1a: Manaphy
|
|-heal|p2a: Zamazenta|79/100|[from] item: Leftovers
|upkeep
|
|t:|1769322278
|switch|p1a: Iron Crown|Iron Crown|100/100
|-enditem|p1a: Iron Crown|Booster Energy
|-activate|p1a: Iron Crown|ability: Quark Drive|[fromitem]
|-start|p1a: Iron Crown|quarkdrivespe
|turn|24
|
|t:|1769322283
|-terastallize|p2a: Zamazenta|Fire
|move|p1a: Iron Crown|Calm Mind|p1a: Iron Crown
|-boost|p1a: Iron Crown|spa|1
|-boost|p1a: Iron Crown|spd|1
|move|p2a: Zamazenta|Body Press|p1a: Iron Crown
|-damage|p1a: Iron Crown|29/100
|
|-heal|p2a: Zamazenta|85/100|[from] item: Leftovers
|upkeep
|turn|25
|
|t:|1769322292
|move|p1a: Iron Crown|Focus Blast|p2a: Zamazenta|[miss]
|-miss|p1a: Iron Crown|p2a: Zamazenta
|move|p2a: Zamazenta|Body Press|p1a: Iron Crown
|-damage|p1a: Iron Crown|0 fnt
|faint|p1a: Iron Crown
|-end|p1a: Iron Crown|Quark Drive|[silent]
|
|-heal|p2a: Zamazenta|91/100|[from] item: Leftovers
|upkeep
|
|t:|1769322294
|switch|p1a: Kingambit|Kingambit, F|100/100
|-activate|p1a: Kingambit|ability: Supreme Overlord
|-start|p1a: Kingambit|fallen5|[silent]
|turn|26
|
|t:|1769322299
|move|p2a: Zamazenta|Body Press|p1a: Kingambit
|-supereffective|p1a: Kingambit
|-damage|p1a: Kingambit|0 fnt
|faint|p1a: Kingambit
|-end|p1a: Kingambit|fallen5|[silent]
|
|win|CambridgeFoulPlay
|raw|jsnsddk's rating: 1630 &rarr; <strong>1613</strong><br />(-17 for losing)
|raw|CambridgeFoulPlay's rating: 1675 &rarr; <strong>1692</strong><br />(+17 for winning)
|c|☆CambridgeFoulPlay|gg
|l|☆CambridgeFoulPlay
|player|p2|
