|j|☆jpegquai
|j|☆Futa_Goon_Cave
|t:|1769322500
|gametype|singles
|player|p1|jpegquai|skyla|1250
|player|p2|Futa_Goon_Cave|giovanni|1241
|gen|9
|tier|[Gen 9] OU
|rated|
|rule|HP Percentage Mod: HP is shown in percentages
|rule|Endless Battle Clause: Forcing endless battles is banned
|rule|Species Clause: Limit one of each Pokémon
|rule|OHKO Clause: OHKO moves are banned
|rule|Evasion Items Clause: Evasion items are banned
|rule|Evasion Moves Clause: Evasion moves are banned
|rule|Evasion Abilities Clause: Evasion abilities are banned
|rule|Sleep Moves Clause: Sleep-inducing moves are banned
|clearpoke
|poke|p1|Raging Bolt|
|poke|p1|Iron Treads|
|poke|p1|Ting-Lu|
|poke|p1|Gholdengo|
|poke|p1|Zamazenta-*|
|poke|p1|Tornadus-Therian, M|
|poke|p2|Hydrapple, F|
|poke|p2|Slowking, F|
|poke|p2|Great Tusk|
|poke|p2|Moltres|
|poke|p2|Zamazenta-*|
|poke|p2|Kingambit, F|
|teampreview
|inactive|Battle timer is ON: inactive players will automatically lose when time's up. (requested by jpegquai)
|
|t:|1769322534
|teamsize|p1|6
|teamsize|p2|6
|start
|switch|p1a: Ting-Lu|Ting-Lu|100/100
|switch|p2a: Slowking|Slowking, F|100/100
|-ability|p1a: Ting-Lu|Vessel of Ruin
|turn|1
|
|t:|1769322550
|move|p1a: Ting-Lu|Stealth Rock|p2a: Slowking
|-sidestart|p2: Futa_Goon_Cave|move: Stealth Rock
|move|p2a: Slowking|Scald|p1a: Ting-Lu
|-supereffective|p1a: Ting-Lu
|-damage|p1a: Ting-Lu|69/100
|-enditem|p1a: Ting-Lu|Weakness Policy
|-boost|p1a: Ting-Lu|atk|2|[from] item: Weakness Policy
|-boost|p1a: Ting-Lu|spa|2|[from] item: Weakness Policy
|
|upkeep
|turn|2
|
|t:|1769322565
|move|p1a: Ting-Lu|Payback|p2a: Slowking
|-supereffective|p2a: Slowking
|-damage|p2a: Slowking|8/100
|-prepare|p2a: Slowking|Chilly Reception|[premajor]
|move|p2a: Slowking|Chilly Reception|p2a: Slowking
|-weather|Snowscape
|
|t:|1769322588
|switch|p2a: Zamazenta|Zamazenta|100/100|[from] Chilly Reception
|-damage|p2a: Zamazenta|94/100|[from] Stealth Rock
|-ability|p2a: Zamazenta|Dauntless Shield|boost
|-boost|p2a: Zamazenta|def|1
|
|-weather|Snowscape|[upkeep]
|upkeep
|turn|3
|inactive|Futa_Goon_Cave has 120 seconds left.
|
|t:|1769322605
|switch|p1a: Tornadus|Tornadus-Therian, M|100/100
|move|p2a: Zamazenta|Close Combat|p1a: Tornadus
|-resisted|p1a: Tornadus
|-damage|p1a: Tornadus|35/100
|-unboost|p2a: Zamazenta|def|1
|-unboost|p2a: Zamazenta|spd|1
|
|-weather|Snowscape|[upkeep]
|upkeep
|turn|4
|
|t:|1769322615
|switch|p1a: Gholdengo|Gholdengo|100/100
|-item|p1a: Gholdengo|Air Balloon
|move|p2a: Zamazenta|Close Combat|p1a: Gholdengo
|-immune|p1a: Gholdengo
|
|-weather|Snowscape|[upkeep]
|upkeep
|turn|5
|
|t:|1769322625
|switch|p2a: Kingambit|Kingambit, F|100/100
|-damage|p2a: Kingambit|94/100|[from] Stealth Rock
|move|p1a: Gholdengo|Nasty Plot|p1a: Gholdengo
|-boost|p1a: Gholdengo|spa|2
|
|-weather|Snowscape|[upkeep]
|-heal|p2a: Kingambit|100/100|[from] item: Leftovers
|upkeep
|turn|6
|inactive|Futa_Goon_Cave has 120 seconds left.
|
|t:|1769322655
|switch|p1a: Iron Treads|Iron Treads|100/100
|-enditem|p1a: Iron Treads|Booster Energy
|-activate|p1a: Iron Treads|ability: Quark Drive|[fromitem]
|-start|p1a: Iron Treads|quarkdrivespe
|move|p2a: Kingambit|Sucker Punch||[still]
|-fail|p2a: Kingambit
|
|-weather|none
|upkeep
|turn|7
|
|t:|1769322670
|-end|p2a: Kingambit|fallenundefined|[silent]
|switch|p2a: Moltres|Moltres|100/100
|move|p1a: Iron Treads|Stone Edge|p2a: Moltres
|-supereffective|p2a: Moltres
|-damage|p2a: Moltres|17/100
|
|upkeep
|turn|8
|
|t:|1769322680
|switch|p2a: Great Tusk|Great Tusk|100/100
|move|p1a: Iron Treads|Rapid Spin|p2a: Great Tusk
|-damage|p2a: Great Tusk|90/100
|-boost|p1a: Iron Treads|spe|1
|
|upkeep
|turn|9
|
|t:|1769322689
|move|p1a: Iron Treads|Ice Spinner|p2a: Great Tusk
|-supereffective|p2a: Great Tusk
|-damage|p2a: Great Tusk|56/100
|move|p2a: Great Tusk|Stealth Rock|p1a: Iron Treads
|-sidestart|p1: jpegquai|move: Stealth Rock
|
|upkeep
|turn|10
|inactive|Futa_Goon_Cave has 120 seconds left.
|
|t:|1769322697
|move|p1a: Iron Treads|Rapid Spin|p2a: Great Tusk
|-damage|p2a: Great Tusk|46/100
|-boost|p1a: Iron Treads|spe|1
|-sideend|p1: jpegquai|Stealth Rock|[from] move: Rapid Spin|[of] p1a: Iron Treads
|move|p2a: Great Tusk|Headlong Rush|p1a: Iron Treads
|-supereffective|p1a: Iron Treads
|-damage|p1a: Iron Treads|8/100
|-unboost|p2a: Great Tusk|def|1
|-unboost|p2a: Great Tusk|spd|1
|
|upkeep
|turn|11
|inactive|Futa_Goon_Cave has 120 seconds left.
|
|t:|1769322711
|-end|p2a: Great Tusk|Protosynthesis|[silent]
|switch|p2a: Moltres|Moltres|17/100
|move|p1a: Iron Treads|Ice Spinner|p2a: Moltres
|-damage|p2a: Moltres|1/100
|-status|p1a: Iron Treads|brn|[from] ability: Flame Body|[of] p2a: Moltres
|
|-damage|p1a: Iron Treads|2/100 brn|[from] brn
|upkeep
|turn|12
|inactive|Futa_Goon_Cave has 120 seconds left.
|
|t:|1769322722
|move|p1a: Iron Treads|Ice Spinner|p2a: Moltres
|-damage|p2a: Moltres|0 fnt
|faint|p2a: Moltres
|
|-damage|p1a: Iron Treads|0 fnt|[from] brn
|faint|p1a: Iron Treads
|-end|p1a: Iron Treads|Quark Drive|[silent]
|upkeep
|inactive|Futa_Goon_Cave has 120 seconds left.
|inactive|Futa_Goon_Cave has 90 seconds left.
|
|t:|1769322757
|switch|p1a: Tornadus|Tornadus-Therian, M|68/100
|switch|p2a: Zamazenta|Zamazenta|94/100
|-damage|p2a: Zamazenta|88/100|[from] Stealth Rock
|turn|13
|inactive|Futa_Goon_Cave has 90 seconds left.
|
|t:|1769322788
|switch|p1a: Gholdengo|Gholdengo|100/100
|-item|p1a: Gholdengo|Air Balloon
|move|p2a: Zamazenta|Ice Fang|p1a: Gholdengo|[miss]
|-miss|p2a: Zamazenta|p1a: Gholdengo
|
|upkeep
|turn|14
|inactive|Futa_Goon_Cave has 90 seconds left.
|inactive|jpegquai has 120 seconds left.
|
|t:|1769322809
|move|p2a: Zamazenta|Ice Fang|p1a: Gholdengo
|-resisted|p1a: Gholdengo
|-damage|p1a: Gholdengo|85/100
|-enditem|p1a: Gholdengo|Air Balloon
|move|p1a: Gholdengo|Shadow Ball|p2a: Zamazenta
|-damage|p2a: Zamazenta|51/100
|-unboost|p2a: Zamazenta|spd|1
|
|upkeep
|turn|15
|inactive|jpegquai has 120 seconds left.
|inactive|Futa_Goon_Cave has 90 seconds left.
|
|t:|1769322821
|switch|p2a: Kingambit|Kingambit, F|100/100
|-damage|p2a: Kingambit|94/100|[from] Stealth Rock
|-activate|p2a: Kingambit|ability: Supreme Overlord
|-start|p2a: Kingambit|fallen1|[silent]
|move|p1a: Gholdengo|Nasty Plot|p1a: Gholdengo
|-boost|p1a: Gholdengo|spa|2
|
|-heal|p2a: Kingambit|100/100|[from] item: Leftovers
|upkeep
|turn|16
|inactive|Futa_Goon_Cave has 90 seconds left.
|
|t:|1769322832
|switch|p1a: Zamazenta|Zamazenta|100/100
|-ability|p1a: Zamazenta|Dauntless Shield|boost
|-boost|p1a: Zamazenta|def|1
|move|p2a: Kingambit|Kowtow Cleave|p1a: Zamazenta
|-resisted|p1a: Zamazenta
|-damage|p1a: Zamazenta|88/100
|
|-heal|p1a: Zamazenta|94/100|[from] item: Leftovers
|upkeep
|turn|17
|inactive|Futa_Goon_Cave has 90 seconds left.
|
|t:|1769322863
|-end|p2a: Kingambit|fallen1|[silent]
|switch|p2a: Slowking|Slowking, F|41/100
|move|p1a: Zamazenta|Body Press|p2a: Slowking
|-resisted|p2a: Slowking
|-damage|p2a: Slowking|9/100
|
|-heal|p1a: Zamazenta|99/100|[from] item: Leftovers
|upkeep
|turn|18
|
|t:|1769322882
|move|p1a: Zamazenta|Crunch|p2a: Slowking
|-supereffective|p2a: Slowking
|-damage|p2a: Slowking|0 fnt
|faint|p2a: Slowking
|
|-heal|p1a: Zamazenta|100/100|[from] item: Leftovers
|upkeep
|inactive|Futa_Goon_Cave has 60 seconds left.
|
|t:|1769322895
|switch|p2a: Hydrapple|Hydrapple, F|100/100
|-damage|p2a: Hydrapple|88/100|[from] Stealth Rock
|turn|19
|inactive|Futa_Goon_Cave has 60 seconds left.
|
|t:|1769322909
|move|p1a: Zamazenta|Iron Defense|p1a: Zamazenta
|-boost|p1a: Zamazenta|def|2
|move|p2a: Hydrapple|Fickle Beam|p1a: Zamazenta
|-damage|p1a: Zamazenta|48/100
|-damage|p2a: Hydrapple|78/100|[from] item: Life Orb
|
|-heal|p1a: Zamazenta|54/100|[from] item: Leftovers
|upkeep
|turn|20
|
|t:|1769322918
|-terastallize|p2a: Hydrapple|Poison
|move|p1a: Zamazenta|Body Press|p2a: Hydrapple
|-resisted|p2a: Hydrapple
|-crit|p2a: Hydrapple
|-damage|p2a: Hydrapple|22/100
|move|p2a: Hydrapple|Leaf Storm|p1a: Zamazenta
|-damage|p1a: Zamazenta|0 fnt
|-unboost|p2a: Hydrapple|spa|2
|faint|p1a: Zamazenta
|-damage|p2a: Hydrapple|12/100|[from] item: Life Orb
|
|upkeep
|
|t:|1769322929
|switch|p1a: Ting-Lu|Ting-Lu|69/100
|-ability|p1a: Ting-Lu|Vessel of Ruin
|turn|21
|inactive|Futa_Goon_Cave has 60 seconds left.
|inactive|Futa_Goon_Cave has 30 seconds left.
|inactive|Futa_Goon_Cave has 20 seconds left.
|
|t:|1769322992
|move|p2a: Hydrapple|Leaf Storm|p1a: Ting-Lu
|-supereffective|p1a: Ting-Lu
|-damage|p1a: Ting-Lu|14/100
|-unboost|p2a: Hydrapple|spa|2
|-damage|p2a: Hydrapple|3/100|[from] item: Life Orb
|move|p1a: Ting-Lu|Earthquake|p2a: Hydrapple
|-supereffective|p2a: Hydrapple
|-damage|p2a: Hydrapple|0 fnt
|faint|p2a: Hydrapple
|
|upkeep
|inactive|Futa_Goon_Cave has 25 seconds left this turn.
|inactive|Futa_Goon_Cave has 20 seconds left.
|inactive|Futa_Goon_Cave has 15 seconds left.
|
|t:|1769323007
|switch|p2a: Great Tusk|Great Tusk|46/100
|turn|22
|inactive|Futa_Goon_Cave has 25 seconds left this turn.
|inactive|Futa_Goon_Cave has 20 seconds left.
|inactive|Futa_Goon_Cave has 15 seconds left.
|
|t:|1769323020
|switch|p1a: Tornadus|Tornadus-Therian, M|100/100
|move|p2a: Great Tusk|Rapid Spin|p1a: Tornadus
|-damage|p1a: Tornadus|77/100
|-boost|p2a: Great Tusk|spe|1
|-sideend|p2: Futa_Goon_Cave|Stealth Rock|[from] move: Rapid Spin|[of] p2a: Great Tusk
|
|upkeep
|turn|23
|inactive|Futa_Goon_Cave has 25 seconds left this turn.
|inactive|Futa_Goon_Cave has 20 seconds left.
|inactive|Futa_Goon_Cave has 15 seconds left.
|
|t:|1769323032
|-end|p2a: Great Tusk|Protosynthesis|[silent]
|switch|p2a: Kingambit|Kingambit, F|100/100
|-activate|p2a: Kingambit|ability: Supreme Overlord
|-start|p2a: Kingambit|fallen3|[silent]
|move|p1a: Tornadus|Bleakwind Storm|p2a: Kingambit
|-resisted|p2a: Kingambit
|-damage|p2a: Kingambit|69/100
|-unboost|p2a: Kingambit|spe|1
|-damage|p1a: Tornadus|68/100|[from] item: Life Orb
|
|-heal|p2a: Kingambit|75/100|[from] item: Leftovers
|upkeep
|turn|24
|inactive|Futa_Goon_Cave has 25 seconds left this turn.
|inactive|Futa_Goon_Cave has 20 seconds left.
|inactive|Futa_Goon_Cave has 15 seconds left.
|inactive|Futa_Goon_Cave has 10 seconds left.
|
|t:|1769323049
|move|p1a: Tornadus|Focus Blast|p2a: Kingambit
|-supereffective|p2a: Kingambit
|-damage|p2a: Kingambit|0 fnt
|faint|p2a: Kingambit
|-end|p2a: Kingambit|fallen3|[silent]
|-damage|p1a: Tornadus|58/100|[from] item: Life Orb
|
|upkeep
|inactive|Futa_Goon_Cave has 15 seconds left this turn.
|inactive|Futa_Goon_Cave has 10 seconds left.
|
|t:|1769323056
|switch|p2a: Zamazenta|Zamazenta|51/100
|turn|25
|inactive|Futa_Goon_Cave has 20 seconds left this turn.
|inactive|Futa_Goon_Cave has 15 seconds left.
|
|t:|1769323065
|move|p2a: Zamazenta|Stone Edge|p1a: Tornadus
|-supereffective|p1a: Tornadus
|-damage|p1a: Tornadus|0 fnt
|faint|p1a: Tornadus
|
|upkeep
|
|t:|1769323069
|switch|p1a: Gholdengo|Gholdengo|85/100
|turn|26
|inactive|Futa_Goon_Cave has 30 seconds left this turn.
|
|t:|1769323079
|move|p2a: Zamazenta|Stone Edge|p1a: Gholdengo|[miss]
|-miss|p2a: Zamazenta|p1a: Gholdengo
|move|p1a: Gholdengo|Shadow Ball|p2a: Zamazenta
|-damage|p2a: Zamazenta|16/100
|
|upkeep
|turn|27
|inactive|Futa_Goon_Cave has 30 seconds left.
|
|t:|1769323086
|move|p2a: Zamazenta|Stone Edge|p1a: Gholdengo
|-resisted|p1a: Gholdengo
|-crit|p1a: Gholdengo
|-damage|p1a: Gholdengo|52/100
|move|p1a: Gholdengo|Shadow Ball|p2a: Zamazenta
|-damage|p2a: Zamazenta|0 fnt
|faint|p2a: Zamazenta
|
|upkeep
|inactive|Futa_Goon_Cave has 30 seconds left.
|
|t:|1769323097
|switch|p2a: Great Tusk|Great Tusk|46/100
|turn|28
|
|t:|1769323105
|-terastallize|p1a: Gholdengo|Fairy
|move|p2a: Great Tusk|Headlong Rush|p1a: Gholdengo
|-damage|p1a: Gholdengo|0 fnt
|-unboost|p2a: Great Tusk|def|1
|-unboost|p2a: Great Tusk|spd|1
|faint|p1a: Gholdengo
|
|upkeep
|
|t:|1769323116
|switch|p1a: Raging Bolt|Raging Bolt|100/100
|-enditem|p1a: Raging Bolt|Booster Energy
|-activate|p1a: Raging Bolt|ability: Protosynthesis|[fromitem]
|-start|p1a: Raging Bolt|protosynthesisspa
|turn|29
|
|t:|1769323132
|move|p2a: Great Tusk|Headlong Rush|p1a: Raging Bolt
|-supereffective|p1a: Raging Bolt
|-damage|p1a: Raging Bolt|6/100
|-unboost|p2a: Great Tusk|def|1
|-unboost|p2a: Great Tusk|spd|1
|move|p1a: Raging Bolt|Thunderbolt|p2a: Great Tusk
|-immune|p2a: Great Tusk
|
|upkeep
|turn|30
|-message|jpegquai forfeited.
|
|win|Futa_Goon_Cave
|raw|jpegquai's rating: 1250 &rarr; <strong>1224</strong><br />(-26 for losing)
|raw|Futa_Goon_Cave's rating: 1241 &rarr; <strong>1267</strong><br />(+26 for winning)
|l|☆jpegquai
|player|p1|
|l|☆Futa_Goon_Cave
|player|p2|
