|j|☆Noamm
|j|☆ismailkarim
|t:|1769351848
|gametype|singles
|player|p1|Noamm|gambler|1646
|player|p2|ismailkarim|169|1681
|gen|9
|tier|[Gen 9] OU
|rated|
|rule|HP Percentage Mod: HP is shown in percentages
|rule|Endless Battle Clause: Forcing endless battles is banned
|rule|Species Clause: Limit one of each Pokémon
|rule|OHKO Clause: OHKO moves are banned
|rule|Evasion Items Clause: Evasion items are banned
|rule|Evasion Moves Clause: Evasion moves are banned
|rule|Evasion Abilities Clause: Evasion abilities are banned
|rule|Sleep Moves Clause: Sleep-inducing moves are banned
|clearpoke
|poke|p1|Lokix, M|
|poke|p1|Dragapult, F|
|poke|p1|Slowking-Galar, F|
|poke|p1|Mandibuzz, F|
|poke|p1|Great Tusk|
|poke|p1|Primarina, F|
|poke|p2|Grimmsnarl, M|
|poke|p2|Iron Treads|
|poke|p2|Raging Bolt|
|poke|p2|Deoxys-Speed|
|poke|p2|Ogerpon-Wellspring, F|
|poke|p2|Ceruledge, M|
|teampreview
|
|t:|1769351860
|teamsize|p1|6
|teamsize|p2|6
|start
|switch|p1a: Kamen Rider SwarmX|Lokix, M, shiny|100/100
|switch|p2a: Grimmsnarl|Grimmsnarl, M, shiny|100/100
|turn|1
|
|t:|1769351880
|-terastallize|p1a: Kamen Rider SwarmX|Bug
|move|p1a: Kamen Rider SwarmX|First Impression|p2a: Grimmsnarl
|-damage|p2a: Grimmsnarl|0 fnt
|faint|p2a: Grimmsnarl
|
|upkeep
|
|t:|1769351888
|switch|p2a: Ceruledge|Ceruledge, M, shiny|100/100
|turn|2
|
|t:|1769351896
|switch|p1a: Kamen Rider Scaven|Mandibuzz, F|100/100
|move|p2a: Ceruledge|Swords Dance|p2a: Ceruledge
|-boost|p2a: Ceruledge|atk|2
|
|upkeep
|turn|3
|
|t:|1769351902
|switch|p2a: Raging Bolt|Raging Bolt|100/100
|-enditem|p2a: Raging Bolt|Booster Energy
|-activate|p2a: Raging Bolt|ability: Protosynthesis|[fromitem]
|-start|p2a: Raging Bolt|protosynthesisspa
|move|p1a: Kamen Rider Scaven|Foul Play|p2a: Raging Bolt
|-damage|p2a: Raging Bolt|81/100
|
|upkeep
|turn|4
|
|t:|1769351904
|switch|p1a: Kamen Rider Burr|Slowking-Galar, F|100/100
|move|p2a: Raging Bolt|Calm Mind|p2a: Raging Bolt
|-boost|p2a: Raging Bolt|spa|1
|-boost|p2a: Raging Bolt|spd|1
|
|upkeep
|turn|5
|
|t:|1769351910
|move|p2a: Raging Bolt|Calm Mind|p2a: Raging Bolt
|-boost|p2a: Raging Bolt|spa|1
|-boost|p2a: Raging Bolt|spd|1
|-prepare|p1a: Kamen Rider Burr|Chilly Reception|[premajor]
|move|p1a: Kamen Rider Burr|Chilly Reception|p1a: Kamen Rider Burr
|-weather|Snowscape
|
|t:|1769351911
|switch|p1a: Kamen Rider Torque|Great Tusk|100/100|[from] Chilly Reception
|
|-weather|Snowscape|[upkeep]
|upkeep
|turn|6
|
|t:|1769351917
|-terastallize|p2a: Raging Bolt|Flying
|move|p1a: Kamen Rider Torque|Headlong Rush|p2a: Raging Bolt
|-immune|p2a: Raging Bolt
|move|p2a: Raging Bolt|Dragon Pulse|p1a: Kamen Rider Torque
|-damage|p1a: Kamen Rider Torque|0 fnt
|faint|p1a: Kamen Rider Torque
|-end|p1a: Kamen Rider Torque|Protosynthesis|[silent]
|
|-weather|Snowscape|[upkeep]
|upkeep
|
|t:|1769351936
|switch|p1a: Kamen Rider Shade|Dragapult, F, shiny|100/100
|turn|7
|
|t:|1769351940
|move|p1a: Kamen Rider Shade|Shadow Ball|p2a: Raging Bolt
|-damage|p2a: Raging Bolt|57/100
|move|p2a: Raging Bolt|Dragon Pulse|p1a: Kamen Rider Shade
|-supereffective|p1a: Kamen Rider Shade
|-damage|p1a: Kamen Rider Shade|0 fnt
|faint|p1a: Kamen Rider Shade
|
|-weather|Snowscape|[upkeep]
|upkeep
|
|t:|1769351942
|switch|p1a: Kamen Rider SwarmX|Lokix, M, shiny, tera:Bug|100/100
|turn|8
|
|t:|1769351946
|move|p1a: Kamen Rider SwarmX|First Impression|p2a: Raging Bolt
|-resisted|p2a: Raging Bolt
|-damage|p2a: Raging Bolt|0 fnt
|faint|p2a: Raging Bolt
|-end|p2a: Raging Bolt|Protosynthesis|[silent]
|
|-weather|Snowscape|[upkeep]
|upkeep
|j| OvaaaaaTHETOP
|
|t:|1769351953
|switch|p2a: Ceruledge|Ceruledge, M, shiny|100/100
|turn|9
|
|t:|1769351955
|switch|p1a: Kamen Rider Scaven|Mandibuzz, F|100/100
|move|p2a: Ceruledge|Swords Dance|p2a: Ceruledge
|-boost|p2a: Ceruledge|atk|2
|
|-weather|none
|upkeep
|turn|10
|
|t:|1769351957
|move|p2a: Ceruledge|Bitter Blade|p1a: Kamen Rider Scaven
|-damage|p1a: Kamen Rider Scaven|24/100
|-damage|p2a: Ceruledge|91/100|[from] item: Life Orb
|move|p1a: Kamen Rider Scaven|Foul Play|p2a: Ceruledge
|-supereffective|p2a: Ceruledge
|-damage|p2a: Ceruledge|0 fnt
|faint|p2a: Ceruledge
|
|upkeep
|
|t:|1769351965
|switch|p2a: Ogerpon|Ogerpon-Wellspring, F|100/100
|turn|11
|
|t:|1769351968
|move|p2a: Ogerpon|Ivy Cudgel|p1a: Kamen Rider Scaven|[anim] Ivy Cudgel Water
|-damage|p1a: Kamen Rider Scaven|0 fnt
|faint|p1a: Kamen Rider Scaven
|
|upkeep
|
|t:|1769351970
|switch|p1a: Kamen Rider SwarmX|Lokix, M, shiny, tera:Bug|100/100
|turn|12
|
|t:|1769351976
|switch|p2a: Deoxys|Deoxys-Speed, shiny|100/100
|-ability|p2a: Deoxys|Pressure
|move|p1a: Kamen Rider SwarmX|First Impression|p2a: Deoxys
|-supereffective|p2a: Deoxys
|-damage|p2a: Deoxys|0 fnt
|faint|p2a: Deoxys
|
|upkeep
|l| OvaaaaaTHETOP
|
|t:|1769351978
|switch|p2a: Iron Treads|Iron Treads, shiny|100/100
|-enditem|p2a: Iron Treads|Booster Energy
|-activate|p2a: Iron Treads|ability: Quark Drive|[fromitem]
|-start|p2a: Iron Treads|quarkdrivespe
|turn|13
|
|t:|1769351982
|switch|p1a: Kamen Rider Siren|Primarina, F|100/100
|move|p2a: Iron Treads|Stealth Rock|p1a: Kamen Rider Siren
|-sidestart|p1: Noamm|move: Stealth Rock
|
|upkeep
|turn|14
|
|t:|1769351985
|move|p2a: Iron Treads|Steel Beam|p1a: Kamen Rider Siren
|-damage|p1a: Kamen Rider Siren|67/100
|-damage|p2a: Iron Treads|50/100|[from] steelbeam
|move|p1a: Kamen Rider Siren|Psychic Noise|p2a: Iron Treads
|-supereffective|p2a: Iron Treads
|-damage|p2a: Iron Treads|0 fnt
|faint|p2a: Iron Treads
|-end|p2a: Iron Treads|Quark Drive|[silent]
|
|upkeep
|
|t:|1769351989
|switch|p2a: Ogerpon|Ogerpon-Wellspring, F|100/100
|turn|15
|-message|ismailkarim forfeited.
|
|win|Noamm
|raw|Noamm's rating: 1646 &rarr; <strong>1668</strong><br />(+22 for winning)
|raw|ismailkarim's rating: 1681 &rarr; <strong>1659</strong><br />(-22 for losing)
|l|☆ismailkarim
|player|p2|
|l|☆Noamm
|player|p1|
