|inactive|Battle timer is ON: inactive players will automatically lose when time's up.
|t:|1769352799
|gametype|singles
|player|p1|devin|#splxviiruiners2|
|player|p2|Kafkafka|acetrainerf-gen4dp|
|gen|9
|tier|[Gen 9] OU
|rule|HP Percentage Mod: HP is shown in percentages
|rule|Endless Battle Clause: Forcing endless battles is banned
|rule|Species Clause: Limit one of each Pokémon
|rule|OHKO Clause: OHKO moves are banned
|rule|Evasion Items Clause: Evasion items are banned
|rule|Evasion Moves Clause: Evasion moves are banned
|rule|Evasion Abilities Clause: Evasion abilities are banned
|rule|Sleep Moves Clause: Sleep-inducing moves are banned
|clearpoke
|poke|p1|Ceruledge, M|
|poke|p1|Kingambit, F|
|poke|p1|Volcanion|
|poke|p1|Iron Valiant|
|poke|p1|Garchomp, F|
|poke|p1|Deoxys-Speed|
|poke|p2|Lokix, F|
|poke|p2|Alomomola, F|
|poke|p2|Ting-Lu|
|poke|p2|Corviknight, F|
|poke|p2|Weezing-Galar, F|
|poke|p2|Darkrai|
|teampreview
|c|☆Kafkafka|hf
|inactive|Kafkafka has 270 seconds left.
|
|t:|1769352852
|teamsize|p1|6
|teamsize|p2|6
|start
|switch|p1a: Volcanion|Volcanion|100/100
|switch|p2a: Lokix|Lokix, F|100/100
|turn|1
|inactive|Kafkafka has 270 seconds left.
|
|t:|1769352891
|move|p2a: Lokix|U-turn|p1a: Volcanion
|-resisted|p1a: Volcanion
|-damage|p1a: Volcanion|62/100
|
|t:|1769352912
|switch|p2a: Darkrai|Darkrai|100/100|[from] U-turn
|move|p1a: Volcanion|Steam Eruption|p2a: Darkrai
|-damage|p2a: Darkrai|34/100
|
|-heal|p1a: Volcanion|68/100|[from] item: Leftovers
|upkeep
|turn|2
|
|t:|1769352926
|move|p2a: Darkrai|Dark Pulse|p1a: Volcanion
|-damage|p1a: Volcanion|7/100
|move|p1a: Volcanion|Flamethrower|p2a: Darkrai
|-damage|p2a: Darkrai|0 fnt
|faint|p2a: Darkrai
|
|-heal|p1a: Volcanion|13/100|[from] item: Leftovers
|upkeep
|
|t:|1769352929
|switch|p2a: Lokix|Lokix, F|100/100
|turn|3
|
|t:|1769352933
|switch|p1a: Garchomp|Garchomp, F|100/100
|move|p2a: Lokix|U-turn|p1a: Garchomp
|-damage|p1a: Garchomp|71/100
|-damage|p2a: Lokix|88/100|[from] ability: Rough Skin|[of] p1a: Garchomp
|-damage|p2a: Lokix|72/100|[from] item: Rocky Helmet|[of] p1a: Garchomp
|inactive|Kafkafka has 270 seconds left.
|
|t:|1769352953
|switch|p2a: Weezing|Weezing-Galar, F|100/100|[from] U-turn
|-ability|p2a: Weezing|Neutralizing Gas
|
|upkeep
|turn|4
|
|t:|1769352960
|switch|p1a: Volcanion|Volcanion|13/100
|move|p2a: Weezing|Will-O-Wisp|p1a: Volcanion
|-immune|p1a: Volcanion
|
|-heal|p1a: Volcanion|19/100|[from] item: Leftovers
|upkeep
|turn|5
|
|t:|1769352968
|move|p1a: Volcanion|Steam Eruption|p2a: Weezing
|-damage|p2a: Weezing|30/100
|move|p2a: Weezing|Toxic Spikes|p1a: Volcanion
|-sidestart|p1: devin|move: Toxic Spikes
|
|-heal|p1a: Volcanion|25/100|[from] item: Leftovers
|-heal|p2a: Weezing|36/100|[from] item: Leftovers
|upkeep
|turn|6
|inactive|Kafkafka has 270 seconds left.
|
|t:|1769352973
|move|p2a: Weezing|Protect|p2a: Weezing
|-singleturn|p2a: Weezing|Protect
|move|p1a: Volcanion|Steam Eruption|p2a: Weezing
|-activate|p2a: Weezing|move: Protect
|
|-heal|p1a: Volcanion|31/100|[from] item: Leftovers
|-heal|p2a: Weezing|42/100|[from] item: Leftovers
|upkeep
|turn|7
|
|t:|1769352981
|move|p1a: Volcanion|Steam Eruption|p2a: Weezing
|-damage|p2a: Weezing|0 fnt
|faint|p2a: Weezing
|-end|p2a: Weezing|ability: Neutralizing Gas
|
|-heal|p1a: Volcanion|37/100|[from] item: Leftovers
|upkeep
|
|t:|1769352982
|switch|p2a: Lokix|Lokix, F|72/100
|turn|8
|
|t:|1769352999
|switch|p1a: Garchomp|Garchomp, F|71/100
|-status|p1a: Garchomp|psn
|-terastallize|p2a: Lokix|Bug
|move|p2a: Lokix|Leech Life|p1a: Garchomp
|-damage|p1a: Garchomp|19/100 psn
|-heal|p2a: Lokix|100/100|[from] drain|[of] p1a: Garchomp
|-damage|p2a: Lokix|88/100|[from] ability: Rough Skin|[of] p1a: Garchomp
|-damage|p2a: Lokix|72/100|[from] item: Rocky Helmet|[of] p1a: Garchomp
|
|-damage|p1a: Garchomp|6/100 psn|[from] psn
|upkeep
|turn|9
|
|t:|1769353004
|move|p2a: Lokix|Leech Life|p1a: Garchomp
|-damage|p1a: Garchomp|0 fnt
|-heal|p2a: Lokix|76/100|[from] drain|[of] p1a: Garchomp
|-damage|p2a: Lokix|63/100|[from] ability: Rough Skin|[of] p1a: Garchomp
|-damage|p2a: Lokix|47/100|[from] item: Rocky Helmet|[of] p1a: Garchomp
|faint|p1a: Garchomp
|
|upkeep
|
|t:|1769353020
|switch|p1a: Iron Valiant|Iron Valiant|100/100
|-status|p1a: Iron Valiant|psn
|-enditem|p1a: Iron Valiant|Booster Energy
|-activate|p1a: Iron Valiant|ability: Quark Drive|[fromitem]
|-start|p1a: Iron Valiant|quarkdrivespe
|turn|10
|
|t:|1769353027
|switch|p2a: Corviknight|Corviknight, F|100/100
|-ability|p2a: Corviknight|Pressure
|move|p1a: Iron Valiant|Thunderbolt|p2a: Corviknight
|-supereffective|p2a: Corviknight
|-damage|p2a: Corviknight|63/100
|
|-heal|p2a: Corviknight|70/100|[from] item: Leftovers
|-damage|p1a: Iron Valiant|88/100 psn|[from] psn
|upkeep
|turn|11
|
|t:|1769353035
|move|p1a: Iron Valiant|Calm Mind|p1a: Iron Valiant
|-boost|p1a: Iron Valiant|spa|1
|-boost|p1a: Iron Valiant|spd|1
|move|p2a: Corviknight|U-turn|p1a: Iron Valiant
|-resisted|p1a: Iron Valiant
|-damage|p1a: Iron Valiant|84/100 psn
|
|t:|1769353044
|switch|p2a: Ting-Lu|Ting-Lu|100/100|[from] U-turn
|-ability|p2a: Ting-Lu|Vessel of Ruin
|
|-damage|p1a: Iron Valiant|71/100 psn|[from] psn
|upkeep
|turn|12
|
|t:|1769353055
|move|p1a: Iron Valiant|Moonblast|p2a: Ting-Lu
|-supereffective|p2a: Ting-Lu
|-damage|p2a: Ting-Lu|45/100
|-unboost|p2a: Ting-Lu|spa|1
|move|p2a: Ting-Lu|Earthquake|p1a: Iron Valiant
|-damage|p1a: Iron Valiant|25/100 psn
|
|-heal|p2a: Ting-Lu|51/100|[from] item: Leftovers
|-damage|p1a: Iron Valiant|13/100 psn|[from] psn
|upkeep
|turn|13
|
|t:|1769353060
|switch|p2a: Corviknight|Corviknight, F|70/100
|-ability|p2a: Corviknight|Pressure
|move|p1a: Iron Valiant|Moonblast|p2a: Corviknight
|-resisted|p2a: Corviknight
|-damage|p2a: Corviknight|46/100
|
|-heal|p2a: Corviknight|52/100|[from] item: Leftovers
|-damage|p1a: Iron Valiant|0 fnt|[from] psn
|faint|p1a: Iron Valiant
|-end|p1a: Iron Valiant|Quark Drive|[silent]
|upkeep
|
|t:|1769353075
|switch|p1a: Volcanion|Volcanion|37/100
|-status|p1a: Volcanion|psn
|turn|14
|
|t:|1769353080
|switch|p2a: Alomomola|Alomomola, F|100/100
|move|p1a: Volcanion|Steam Eruption|p2a: Alomomola|[miss]
|-miss|p1a: Volcanion|p2a: Alomomola
|
|-heal|p1a: Volcanion|43/100 psn|[from] item: Leftovers
|-damage|p1a: Volcanion|31/100 psn|[from] psn
|upkeep
|turn|15
|
|t:|1769353083
|move|p1a: Volcanion|Will-O-Wisp|p2a: Alomomola
|-status|p2a: Alomomola|brn
|move|p2a: Alomomola|Wish|p2a: Alomomola
|
|-heal|p1a: Volcanion|37/100 psn|[from] item: Leftovers
|-damage|p1a: Volcanion|24/100 psn|[from] psn
|-damage|p2a: Alomomola|94/100 brn|[from] brn
|upkeep
|turn|16
|
|t:|1769353090
|move|p1a: Volcanion|Steam Eruption|p2a: Alomomola
|-resisted|p2a: Alomomola
|-damage|p2a: Alomomola|62/100 brn
|move|p2a: Alomomola|Tickle|p1a: Volcanion
|-unboost|p1a: Volcanion|atk|1
|-unboost|p1a: Volcanion|def|1
|
|-heal|p2a: Alomomola|100/100 brn|[from] move: Wish|[wisher] Alomomola
|-heal|p1a: Volcanion|30/100 psn|[from] item: Leftovers
|-damage|p1a: Volcanion|18/100 psn|[from] psn
|-damage|p2a: Alomomola|94/100 brn|[from] brn
|upkeep
|turn|17
|
|t:|1769353093
|move|p1a: Volcanion|Taunt|p2a: Alomomola
|-start|p2a: Alomomola|move: Taunt
|cant|p2a: Alomomola|move: Taunt|Wish
|
|-heal|p1a: Volcanion|24/100 psn|[from] item: Leftovers
|-damage|p1a: Volcanion|12/100 psn|[from] psn
|-damage|p2a: Alomomola|88/100 brn|[from] brn
|upkeep
|turn|18
|
|t:|1769353101
|switch|p2a: Corviknight|Corviknight, F|52/100
|-ability|p2a: Corviknight|Pressure
|move|p1a: Volcanion|Flamethrower|p2a: Corviknight
|-supereffective|p2a: Corviknight
|-damage|p2a: Corviknight|0 fnt
|faint|p2a: Corviknight
|
|-heal|p1a: Volcanion|18/100 psn|[from] item: Leftovers
|-damage|p1a: Volcanion|5/100 psn|[from] psn
|upkeep
|
|t:|1769353103
|switch|p2a: Lokix|Lokix, F, tera:Bug|47/100
|turn|19
|
|t:|1769353109
|move|p2a: Lokix|U-turn|p1a: Volcanion
|-resisted|p1a: Volcanion
|-damage|p1a: Volcanion|0 fnt
|faint|p1a: Volcanion
|
|t:|1769353113
|switch|p2a: Ting-Lu|Ting-Lu|51/100|[from] U-turn
|-ability|p2a: Ting-Lu|Vessel of Ruin
|
|-heal|p2a: Ting-Lu|58/100|[from] item: Leftovers
|upkeep
|
|t:|1769353117
|switch|p1a: Deoxys|Deoxys-Speed|100/100
|-status|p1a: Deoxys|psn
|-ability|p1a: Deoxys|Pressure
|turn|20
|
|t:|1769353120
|switch|p2a: Alomomola|Alomomola, F|100/100 brn
|move|p1a: Deoxys|Knock Off|p2a: Alomomola
|-damage|p2a: Alomomola|86/100 brn
|-damage|p1a: Deoxys|84/100 psn|[from] item: Rocky Helmet|[of] p2a: Alomomola
|-enditem|p2a: Alomomola|Rocky Helmet|[from] move: Knock Off|[of] p1a: Deoxys
|
|-damage|p1a: Deoxys|72/100 psn|[from] psn
|-damage|p2a: Alomomola|80/100 brn|[from] brn
|upkeep
|turn|21
|
|t:|1769353129
|move|p1a: Deoxys|Psycho Boost|p2a: Alomomola
|-crit|p2a: Alomomola
|-damage|p2a: Alomomola|0 fnt
|-unboost|p1a: Deoxys|spa|2
|faint|p2a: Alomomola
|-enditem|p1a: Deoxys|Eject Pack
|
|t:|1769353135
|switch|p1a: Kingambit|Kingambit, F|100/100
|-activate|p1a: Kingambit|ability: Supreme Overlord
|-start|p1a: Kingambit|fallen3|[silent]
|
|upkeep
|
|t:|1769353142
|switch|p2a: Lokix|Lokix, F, tera:Bug|47/100
|turn|22
|
|t:|1769353149
|-end|p1a: Kingambit|fallen3|[silent]
|switch|p1a: Deoxys|Deoxys-Speed|72/100 psn
|-ability|p1a: Deoxys|Pressure
|move|p2a: Lokix|First Impression|p1a: Deoxys
|-supereffective|p1a: Deoxys
|-damage|p1a: Deoxys|0 fnt
|faint|p1a: Deoxys
|
|upkeep
|
|t:|1769353152
|switch|p1a: Kingambit|Kingambit, F|100/100
|-activate|p1a: Kingambit|ability: Supreme Overlord
|-start|p1a: Kingambit|fallen4|[silent]
|turn|23
|
|t:|1769353155
|switch|p2a: Ting-Lu|Ting-Lu|58/100
|-ability|p2a: Ting-Lu|Vessel of Ruin
|move|p1a: Kingambit|Low Kick|p2a: Ting-Lu
|-supereffective|p2a: Ting-Lu
|-crit|p2a: Ting-Lu
|-damage|p2a: Ting-Lu|0 fnt
|faint|p2a: Ting-Lu
|
|upkeep
|
|t:|1769353157
|switch|p2a: Lokix|Lokix, F, tera:Bug|47/100
|turn|24
|
|t:|1769353161
|move|p2a: Lokix|Leech Life|p1a: Kingambit
|-damage|p1a: Kingambit|40/100
|-heal|p2a: Lokix|84/100|[from] drain|[of] p1a: Kingambit
|move|p1a: Kingambit|Iron Head|p2a: Lokix
|-damage|p2a: Lokix|0 fnt
|faint|p2a: Lokix
|
|win|devin
|c|☆devin|gg
|c|☆Kafkafka|ggs
|player|p1|
|player|p2|
|player|p2|Kafkafka|acetrainerf-gen4dp|
