|j|☆T-Garchomp
|j|☆ShadowFerretofD00M
|t:|1769292907
|gametype|singles
|player|p1|T-Garchomp|ghetsis|
|player|p2|ShadowFerretofD00M|unknown|
|gen|9
|tier|[Gen 9] OU
|rule|HP Percentage Mod: HP is shown in percentages
|rule|Endless Battle Clause: Forcing endless battles is banned
|rule|Species Clause: Limit one of each Pokémon
|rule|OHKO Clause: OHKO moves are banned
|rule|Evasion Items Clause: Evasion items are banned
|rule|Evasion Moves Clause: Evasion moves are banned
|rule|Evasion Abilities Clause: Evasion abilities are banned
|rule|Sleep Moves Clause: Sleep-inducing moves are banned
|clearpoke
|poke|p1|Landorus-Therian, M|
|poke|p1|Samurott-Hisui, F|
|poke|p1|Pecharunt|
|poke|p1|Scizor, F|
|poke|p1|Latios, M|
|poke|p1|Zamazenta-*|
|poke|p2|Torterra, F|
|poke|p2|Dragapult, M|
|poke|p2|Samurott-Hisui, F|
|poke|p2|Iron Valiant|
|poke|p2|Kingambit, M|
|poke|p2|Gholdengo|
|teampreview
|inactive|Battle timer is ON: inactive players will automatically lose when time's up. (requested by ShadowFerretofD00M)
|c|☆T-Garchomp|Cap
|j| seaean
|inactive|ShadowFerretofD00M has 270 seconds left.
|j| betterweather
|j| InFimo
|l| InFimo
|c|☆ShadowFerretofD00M|uh oh now theres too many people i'm nervous
|inactive|ShadowFerretofD00M has 240 seconds left.
|c|☆ShadowFerretofD00M|I have stage fright
|
|t:|1769292981
|teamsize|p1|6
|teamsize|p2|6
|start
|switch|p1a: Pecharunt|Pecharunt|100/100
|switch|p2a: Samurott|Samurott-Hisui, F|100/100
|turn|1
|c| seaean|loser dies
|
|t:|1769292987
|move|p2a: Samurott|Ceaseless Edge|p1a: Pecharunt
|-supereffective|p1a: Pecharunt
|-damage|p1a: Pecharunt|51/100
|-sidestart|p1: T-Garchomp|Spikes
|move|p1a: Pecharunt|Malignant Chain|p2a: Samurott
|-damage|p2a: Samurott|57/100
|-status|p2a: Samurott|tox
|-start|p2a: Samurott|confusion|[from] ability: Poison Puppeteer|[of] p1a: Pecharunt
|
|-damage|p2a: Samurott|51/100 tox|[from] psn
|upkeep
|turn|2
|c|☆ShadowFerretofD00M|REAL!!
|
|t:|1769293000
|switch|p2a: Gholdengo|Gholdengo|100/100
|-item|p2a: Gholdengo|Air Balloon
|move|p1a: Pecharunt|Recover|p1a: Pecharunt
|-heal|p1a: Pecharunt|100/100
|
|upkeep
|turn|3
|c| betterweather|One of the moves of all time
|inactive|ShadowFerretofD00M has 270 seconds left.
|
|t:|1769293037
|move|p1a: Pecharunt|Shadow Ball|p2a: Gholdengo
|-supereffective|p2a: Gholdengo
|-damage|p2a: Gholdengo|47/100
|-enditem|p2a: Gholdengo|Air Balloon
|move|p2a: Gholdengo|Nasty Plot|p2a: Gholdengo
|-boost|p2a: Gholdengo|spa|2
|
|upkeep
|turn|4
|inactive|ShadowFerretofD00M has 270 seconds left.
|c|☆ShadowFerretofD00M|aw man
|c|☆ShadowFerretofD00M|shucks
|
|t:|1769293050
|-terastallize|p2a: Gholdengo|Fairy
|move|p1a: Pecharunt|Shadow Ball|p2a: Gholdengo
|-damage|p2a: Gholdengo|19/100
|move|p2a: Gholdengo|Shadow Ball|p1a: Pecharunt
|-supereffective|p1a: Pecharunt
|-damage|p1a: Pecharunt|0 fnt
|faint|p1a: Pecharunt
|
|upkeep
|
|t:|1769293057
|switch|p1a: Scizor|Scizor, F|100/100
|turn|5
|inactive|ShadowFerretofD00M has 270 seconds left.
|
|t:|1769293083
|move|p1a: Scizor|Bullet Punch|p2a: Gholdengo
|-supereffective|p2a: Gholdengo
|-damage|p2a: Gholdengo|0 fnt
|faint|p2a: Gholdengo
|
|upkeep
|
|t:|1769293096
|switch|p2a: Dragapult|Dragapult, M|100/100
|turn|6
|c| betterweather|Will T-Garchomp show why he is the goat⁉️⁉️⁉️
|
|t:|1769293116
|switch|p1a: Landorus|Landorus-Therian, M|100/100
|-ability|p1a: Landorus|Intimidate|boost
|-unboost|p2a: Dragapult|atk|1
|move|p2a: Dragapult|Fire Blast|p1a: Landorus
|-damage|p1a: Landorus|72/100
|
|upkeep
|turn|7
|inactive|ShadowFerretofD00M has 270 seconds left.
|
|t:|1769293126
|move|p2a: Dragapult|Reflect|p2a: Dragapult
|-sidestart|p2: ShadowFerretofD00M|Reflect
|move|p1a: Landorus|Stealth Rock|p2a: Dragapult
|-sidestart|p2: ShadowFerretofD00M|move: Stealth Rock
|
|upkeep
|turn|8
|
|t:|1769293134
|move|p2a: Dragapult|U-turn|p1a: Landorus
|-resisted|p1a: Landorus
|-damage|p1a: Landorus|67/100
|-damage|p2a: Dragapult|84/100|[from] item: Rocky Helmet|[of] p1a: Landorus
|
|t:|1769293136
|switch|p2a: Torterra|Torterra, F|100/100|[from] U-turn
|-damage|p2a: Torterra|94/100|[from] Stealth Rock
|move|p1a: Landorus|Earthquake|p2a: Torterra
|-resisted|p2a: Torterra
|-damage|p2a: Torterra|82/100
|
|upkeep
|turn|9
|
|t:|1769293144
|move|p1a: Landorus|U-turn|p2a: Torterra
|-supereffective|p2a: Torterra
|-damage|p2a: Torterra|61/100
|
|t:|1769293150
|switch|p1a: Zamazenta|Zamazenta|100/100|[from] U-turn
|-damage|p1a: Zamazenta|88/100|[from] Spikes
|-ability|p1a: Zamazenta|Dauntless Shield|boost
|-boost|p1a: Zamazenta|def|1
|move|p2a: Torterra|Shell Smash|p2a: Torterra
|-unboost|p2a: Torterra|def|1
|-unboost|p2a: Torterra|spd|1
|-boost|p2a: Torterra|atk|2
|-boost|p2a: Torterra|spa|2
|-boost|p2a: Torterra|spe|2
|
|-heal|p1a: Zamazenta|94/100|[from] item: Leftovers
|upkeep
|turn|10
|
|t:|1769293155
|move|p2a: Torterra|Headlong Rush|p1a: Zamazenta
|-damage|p1a: Zamazenta|34/100
|-unboost|p2a: Torterra|def|1
|-unboost|p2a: Torterra|spd|1
|move|p1a: Zamazenta|Iron Defense|p1a: Zamazenta
|-boost|p1a: Zamazenta|def|2
|
|-heal|p1a: Zamazenta|40/100|[from] item: Leftovers
|upkeep
|turn|11
|
|t:|1769293164
|move|p2a: Torterra|Headlong Rush|p1a: Zamazenta
|-damage|p1a: Zamazenta|7/100
|-unboost|p2a: Torterra|def|1
|-unboost|p2a: Torterra|spd|1
|move|p1a: Zamazenta|Body Press|p2a: Torterra
|-damage|p2a: Torterra|0 fnt
|faint|p2a: Torterra
|
|-heal|p1a: Zamazenta|13/100|[from] item: Leftovers
|upkeep
|
|t:|1769293194
|switch|p2a: Iron Valiant|Iron Valiant|100/100
|-damage|p2a: Iron Valiant|94/100|[from] Stealth Rock
|-enditem|p2a: Iron Valiant|Booster Energy
|-activate|p2a: Iron Valiant|ability: Quark Drive|[fromitem]
|-start|p2a: Iron Valiant|quarkdrivespe
|turn|12
|
|t:|1769293201
|move|p2a: Iron Valiant|Thunderbolt|p1a: Zamazenta
|-damage|p1a: Zamazenta|0 fnt
|faint|p1a: Zamazenta
|
|upkeep
|
|t:|1769293216
|switch|p1a: Scizor|Scizor, F|100/100
|turn|13
|
|t:|1769293223
|-end|p2a: Iron Valiant|Quark Drive|[silent]
|switch|p2a: Dragapult|Dragapult, M|84/100
|-damage|p2a: Dragapult|72/100|[from] Stealth Rock
|move|p1a: Scizor|Swords Dance|p1a: Scizor
|-boost|p1a: Scizor|atk|2
|
|upkeep
|turn|14
|
|t:|1769293235
|-terastallize|p1a: Scizor|Electric
|move|p2a: Dragapult|Fire Blast|p1a: Scizor
|-damage|p1a: Scizor|61/100
|move|p1a: Scizor|Knock Off|p2a: Dragapult
|-supereffective|p2a: Dragapult
|-damage|p2a: Dragapult|0 fnt
|-start|p1a: Scizor|Disable|Knock Off|[from] ability: Cursed Body|[of] p2a: Dragapult
|-enditem|p2a: Dragapult|Light Clay|[from] move: Knock Off|[of] p1a: Scizor
|faint|p2a: Dragapult
|
|-sideend|p2: ShadowFerretofD00M|Reflect
|upkeep
|l| seaean
|
|t:|1769293252
|switch|p2a: Samurott|Samurott-Hisui, F|51/100 tox
|-damage|p2a: Samurott|39/100 tox|[from] Stealth Rock
|turn|15
|c|☆ShadowFerretofD00M|is this the end for me
|
|t:|1769293265
|move|p1a: Scizor|Bullet Punch|p2a: Samurott
|-resisted|p2a: Samurott
|-damage|p2a: Samurott|0 fnt
|faint|p2a: Samurott
|
|upkeep
|c| betterweather|You poked the bear
|j| LarpinLysander
|
|t:|1769293274
|switch|p2a: Kingambit|Kingambit, M|100/100
|-damage|p2a: Kingambit|94/100|[from] Stealth Rock
|-activate|p2a: Kingambit|ability: Supreme Overlord
|-start|p2a: Kingambit|fallen4|[silent]
|turn|16
|
|t:|1769293281
|move|p1a: Scizor|Swords Dance|p1a: Scizor
|-boost|p1a: Scizor|atk|2
|move|p2a: Kingambit|Kowtow Cleave|p1a: Scizor
|-damage|p1a: Scizor|0 fnt
|faint|p1a: Scizor
|
|upkeep
|
|t:|1769293286
|switch|p1a: Landorus|Landorus-Therian, M|67/100
|-ability|p1a: Landorus|Intimidate|boost
|-unboost|p2a: Kingambit|atk|1
|turn|17
|
|t:|1769293290
|-end|p2a: Kingambit|fallen4|[silent]
|switch|p2a: Iron Valiant|Iron Valiant|94/100
|-damage|p2a: Iron Valiant|88/100|[from] Stealth Rock
|move|p1a: Landorus|Earthquake|p2a: Iron Valiant
|-damage|p2a: Iron Valiant|25/100
|
|upkeep
|turn|18
|l| betterweather
|
|t:|1769293315
|switch|p1a: Latios|Latios, M|100/100
|move|p2a: Iron Valiant|Moonblast|p1a: Latios
|-supereffective|p1a: Latios
|-damage|p1a: Latios|11/100
|
|upkeep
|turn|19
|
|t:|1769293321
|move|p2a: Iron Valiant|Moonblast|p1a: Latios
|-supereffective|p1a: Latios
|-damage|p1a: Latios|0 fnt
|faint|p1a: Latios
|
|upkeep
|
|t:|1769293324
|switch|p1a: Samurott|Samurott-Hisui, F|100/100
|-damage|p1a: Samurott|88/100|[from] Spikes
|turn|20
|
|t:|1769293329
|move|p1a: Samurott|Aqua Jet|p2a: Iron Valiant
|-damage|p2a: Iron Valiant|0 fnt
|faint|p2a: Iron Valiant
|-end|p2a: Iron Valiant|Quark Drive|[silent]
|
|upkeep
|
|t:|1769293331
|switch|p2a: Kingambit|Kingambit, M|94/100
|-damage|p2a: Kingambit|88/100|[from] Stealth Rock
|-activate|p2a: Kingambit|ability: Supreme Overlord
|-start|p2a: Kingambit|fallen5|[silent]
|turn|21
|
|t:|1769293337
|move|p1a: Samurott|Razor Shell|p2a: Kingambit
|-damage|p2a: Kingambit|37/100
|-unboost|p2a: Kingambit|def|1
|move|p2a: Kingambit|Kowtow Cleave|p1a: Samurott
|-resisted|p1a: Samurott
|-damage|p1a: Samurott|36/100
|
|upkeep
|turn|22
|
|t:|1769293345
|move|p1a: Samurott|Aqua Jet|p2a: Kingambit
|-damage|p2a: Kingambit|11/100
|move|p2a: Kingambit|Sucker Punch||[still]
|-fail|p2a: Kingambit
|
|upkeep
|turn|23
|
|t:|1769293348
|move|p1a: Samurott|Aqua Jet|p2a: Kingambit
|-damage|p2a: Kingambit|0 fnt
|faint|p2a: Kingambit
|-end|p2a: Kingambit|fallen5|[silent]
|
|win|T-Garchomp
|c|☆ShadowFerretofD00M|gg
