|j|☆1337muffin1337
|j|☆Grandmaster Mura
|t:|1769420619
|gametype|singles
|player|p1|1337muffin1337|misty|1177
|player|p2|Grandmaster Mura|lance|1223
|gen|9
|tier|[Gen 9] OU
|rated|
|rule|HP Percentage Mod: HP is shown in percentages
|rule|Endless Battle Clause: Forcing endless battles is banned
|rule|Species Clause: Limit one of each Pokémon
|rule|OHKO Clause: OHKO moves are banned
|rule|Evasion Items Clause: Evasion items are banned
|rule|Evasion Moves Clause: Evasion moves are banned
|rule|Evasion Abilities Clause: Evasion abilities are banned
|rule|Sleep Moves Clause: Sleep-inducing moves are banned
|clearpoke
|poke|p1|Volcanion|
|poke|p1|Lapras, F|
|poke|p1|Espeon, F|
|poke|p1|Darkrai|
|poke|p1|Iron Treads|
|poke|p1|Conkeldurr, M|
|poke|p2|Ceruledge, M|
|poke|p2|Scizor, F|
|poke|p2|Dragonite, M|
|poke|p2|Samurott-Hisui, M|
|poke|p2|Great Tusk|
|poke|p2|Glimmora, F|
|teampreview
|inactive|Battle timer is ON: inactive players will automatically lose when time's up. (requested by 1337muffin1337)
|
|t:|1769420622
|teamsize|p1|6
|teamsize|p2|6
|start
|switch|p1a: Espeon|Espeon, F|100/100
|switch|p2a: Glimmora|Glimmora, F|100/100
|turn|1
|
|t:|1769420630
|move|p1a: Espeon|Calm Mind|p1a: Espeon
|-boost|p1a: Espeon|spa|1
|-boost|p1a: Espeon|spd|1
|move|p2a: Glimmora|Stealth Rock|p1a: Espeon
|move|p1a: Espeon|Stealth Rock|p2a: Glimmora|[from] ability: Magic Bounce
|-sidestart|p2: Grandmaster Mura|move: Stealth Rock
|
|upkeep
|turn|2
|
|t:|1769420638
|move|p1a: Espeon|Psychic|p2a: Glimmora
|-supereffective|p2a: Glimmora
|-enditem|p2a: Glimmora|Focus Sash
|-damage|p2a: Glimmora|1/100
|-damage|p1a: Espeon|91/100|[from] item: Life Orb
|move|p2a: Glimmora|Mortal Spin|p1a: Espeon
|-crit|p1a: Espeon
|-damage|p1a: Espeon|73/100
|-status|p1a: Espeon|psn
|-sideend|p2: Grandmaster Mura|Stealth Rock|[from] move: Mortal Spin|[of] p2a: Glimmora
|
|-damage|p1a: Espeon|61/100 psn|[from] psn
|upkeep
|turn|3
|
|t:|1769420650
|move|p1a: Espeon|Psychic|p2a: Glimmora
|-supereffective|p2a: Glimmora
|-damage|p2a: Glimmora|0 fnt
|faint|p2a: Glimmora
|-damage|p1a: Espeon|51/100 psn|[from] item: Life Orb
|
|-damage|p1a: Espeon|39/100 psn|[from] psn
|upkeep
|
|t:|1769420657
|switch|p2a: Samurott|Samurott-Hisui, M, shiny|100/100
|turn|4
|
|t:|1769420665
|move|p2a: Samurott|Ceaseless Edge|p1a: Espeon|[miss]
|-miss|p2a: Samurott|p1a: Espeon
|move|p1a: Espeon|Alluring Voice|p2a: Samurott
|-supereffective|p2a: Samurott
|-damage|p2a: Samurott|0 fnt
|faint|p2a: Samurott
|-damage|p1a: Espeon|29/100 psn|[from] item: Life Orb
|
|-damage|p1a: Espeon|16/100 psn|[from] psn
|upkeep
|
|t:|1769420672
|switch|p2a: Ceruledge|Ceruledge, M|100/100
|turn|5
|
|t:|1769420682
|move|p1a: Espeon|Alluring Voice|p2a: Ceruledge
|-resisted|p2a: Ceruledge
|-damage|p2a: Ceruledge|71/100
|-damage|p1a: Espeon|6/100 psn|[from] item: Life Orb
|move|p2a: Ceruledge|Swords Dance|p2a: Ceruledge
|-boost|p2a: Ceruledge|atk|2
|
|-damage|p1a: Espeon|0 fnt|[from] psn
|faint|p1a: Espeon
|upkeep
|c|☆Grandmaster Mura|lucky
|
|t:|1769420692
|switch|p1a: Darkrai|Darkrai|100/100
|turn|6
|
|t:|1769420699
|move|p1a: Darkrai|Dark Pulse|p2a: Ceruledge
|-supereffective|p2a: Ceruledge
|-damage|p2a: Ceruledge|0 fnt
|faint|p2a: Ceruledge
|
|upkeep
|
|t:|1769420706
|switch|p2a: Scizor|Scizor, F|100/100
|turn|7
|c|☆1337muffin1337|i lucky
|c|☆Grandmaster Mura|yes
|c|☆Grandmaster Mura|u lucky
|
|t:|1769420725
|switch|p1a: Volcanion|Volcanion|100/100
|move|p2a: Scizor|U-turn|p1a: Volcanion
|-resisted|p1a: Volcanion
|-damage|p1a: Volcanion|78/100
|-damage|p2a: Scizor|84/100|[from] item: Rocky Helmet|[of] p1a: Volcanion
|
|t:|1769420735
|switch|p2a: Great Tusk|Great Tusk|100/100|[from] U-turn
|-enditem|p2a: Great Tusk|Booster Energy
|-activate|p2a: Great Tusk|ability: Protosynthesis|[fromitem]
|-start|p2a: Great Tusk|protosynthesisspe
|
|upkeep
|turn|8
|
|t:|1769420741
|move|p2a: Great Tusk|Bulk Up|p2a: Great Tusk
|-boost|p2a: Great Tusk|atk|1
|-boost|p2a: Great Tusk|def|1
|move|p1a: Volcanion|Steam Eruption|p2a: Great Tusk|[miss]
|-miss|p1a: Volcanion|p2a: Great Tusk
|
|upkeep
|turn|9
|
|t:|1769420748
|move|p2a: Great Tusk|Headlong Rush|p1a: Volcanion
|-supereffective|p1a: Volcanion
|-damage|p1a: Volcanion|0 fnt
|-unboost|p2a: Great Tusk|def|1
|-unboost|p2a: Great Tusk|spd|1
|-damage|p2a: Great Tusk|84/100|[from] item: Rocky Helmet|[of] p1a: Volcanion
|faint|p1a: Volcanion
|
|upkeep
|c|☆1337muffin1337|now u lucky
|
|t:|1769420761
|switch|p1a: Conkeldurr|Conkeldurr, M|100/100
|turn|10
|
|t:|1769420769
|move|p2a: Great Tusk|Bulk Up|p2a: Great Tusk
|-boost|p2a: Great Tusk|atk|1
|-boost|p2a: Great Tusk|def|1
|move|p1a: Conkeldurr|Ice Punch|p2a: Great Tusk
|-supereffective|p2a: Great Tusk
|-damage|p2a: Great Tusk|48/100
|
|upkeep
|turn|11
|
|t:|1769420777
|move|p2a: Great Tusk|Headlong Rush|p1a: Conkeldurr
|-damage|p1a: Conkeldurr|17/100
|-unboost|p2a: Great Tusk|def|1
|-unboost|p2a: Great Tusk|spd|1
|move|p1a: Conkeldurr|Knock Off|p2a: Great Tusk
|-resisted|p2a: Great Tusk
|-damage|p2a: Great Tusk|40/100
|
|upkeep
|turn|12
|
|t:|1769420785
|move|p2a: Great Tusk|Ice Spinner|p1a: Conkeldurr
|-damage|p1a: Conkeldurr|0 fnt
|faint|p1a: Conkeldurr
|
|upkeep
|
|t:|1769420789
|switch|p1a: Lapras|Lapras, F, shiny|100/100
|turn|13
|
|t:|1769420800
|-terastallize|p2a: Great Tusk|Ice
|-terastallize|p1a: Lapras|Fairy
|move|p2a: Great Tusk|Headlong Rush|p1a: Lapras
|-damage|p1a: Lapras|3/100
|-unboost|p2a: Great Tusk|def|1
|-unboost|p2a: Great Tusk|spd|1
|move|p1a: Lapras|Alluring Voice|p2a: Great Tusk
|-damage|p2a: Great Tusk|0 fnt
|faint|p2a: Great Tusk
|-end|p2a: Great Tusk|Protosynthesis|[silent]
|
|upkeep
|
|t:|1769420815
|switch|p2a: Dragonite|Dragonite, M|100/100
|turn|14
|
|t:|1769420819
|move|p2a: Dragonite|Extreme Speed|p1a: Lapras
|-damage|p1a: Lapras|0 fnt
|faint|p1a: Lapras
|
|upkeep
|
|t:|1769420824
|switch|p1a: Iron Treads|Iron Treads|100/100
|-enditem|p1a: Iron Treads|Booster Energy
|-activate|p1a: Iron Treads|ability: Quark Drive|[fromitem]
|-start|p1a: Iron Treads|quarkdrivespe
|turn|15
|
|t:|1769420831
|move|p1a: Iron Treads|Stone Edge|p2a: Dragonite|[miss]
|-miss|p1a: Iron Treads|p2a: Dragonite
|move|p2a: Dragonite|Dragon Dance|p2a: Dragonite
|-boost|p2a: Dragonite|atk|1
|-boost|p2a: Dragonite|spe|1
|
|upkeep
|turn|16
|
|t:|1769420839
|move|p1a: Iron Treads|Stone Edge|p2a: Dragonite|[miss]
|-miss|p1a: Iron Treads|p2a: Dragonite
|move|p2a: Dragonite|Earthquake|p1a: Iron Treads
|-supereffective|p1a: Iron Treads
|-damage|p1a: Iron Treads|0 fnt
|faint|p1a: Iron Treads
|-end|p1a: Iron Treads|Quark Drive|[silent]
|
|upkeep
|
|t:|1769420845
|switch|p1a: Darkrai|Darkrai|100/100
|turn|17
|
|t:|1769420850
|move|p2a: Dragonite|Earthquake|p1a: Darkrai
|-damage|p1a: Darkrai|16/100
|move|p1a: Darkrai|Dark Pulse|p2a: Dragonite
|-damage|p2a: Dragonite|76/100
|
|upkeep
|turn|18
|
|t:|1769420857
|move|p2a: Dragonite|Earthquake|p1a: Darkrai
|-damage|p1a: Darkrai|0 fnt
|faint|p1a: Darkrai
|
|win|Grandmaster Mura
|raw|1337muffin1337's rating: 1177 &rarr; <strong>1155</strong><br />(-22 for losing)
|raw|Grandmaster Mura's rating: 1223 &rarr; <strong>1245</strong><br />(+22 for winning)
|l|☆1337muffin1337
|player|p1|
|c|☆Grandmaster Mura|gg
|l|☆Grandmaster Mura
|player|p2|
