|j|☆Quarantinoo
|j|☆ghighas
|t:|1769322742
|gametype|singles
|player|p1|Quarantinoo|101|1370
|player|p2|ghighas|ghetsis|1420
|gen|9
|tier|[Gen 9] OU
|rated|
|rule|HP Percentage Mod: HP is shown in percentages
|rule|Endless Battle Clause: Forcing endless battles is banned
|rule|Species Clause: Limit one of each Pokémon
|rule|OHKO Clause: OHKO moves are banned
|rule|Evasion Items Clause: Evasion items are banned
|rule|Evasion Moves Clause: Evasion moves are banned
|rule|Evasion Abilities Clause: Evasion abilities are banned
|rule|Sleep Moves Clause: Sleep-inducing moves are banned
|clearpoke
|poke|p1|Bronzong|
|poke|p1|Clodsire, M|
|poke|p1|Gholdengo|
|poke|p1|Pecharunt|
|poke|p1|Chesnaught, M|
|poke|p1|Weavile, M|
|poke|p2|Barraskewda, F|
|poke|p2|Pelipper, F|
|poke|p2|Dondozo, F|
|poke|p2|Ogerpon-Wellspring, F|
|poke|p2|Goodra-Hisui, F|
|poke|p2|Great Tusk|
|teampreview
|inactive|Battle timer is ON: inactive players will automatically lose when time's up. (requested by Quarantinoo)
|
|t:|1769322756
|teamsize|p1|6
|teamsize|p2|6
|start
|switch|p1a: Bronzong|Bronzong|100/100
|switch|p2a: Pelipper|Pelipper, F|100/100
|-weather|RainDance|[from] ability: Drizzle|[of] p2a: Pelipper
|turn|1
|
|t:|1769322760
|move|p2a: Pelipper|U-turn|p1a: Bronzong
|-damage|p1a: Bronzong|93/100
|
|t:|1769322762
|switch|p2a: Barraskewda|Barraskewda, F, shiny|100/100|[from] U-turn
|move|p1a: Bronzong|Stealth Rock|p2a: Barraskewda
|-sidestart|p2: ghighas|move: Stealth Rock
|
|-weather|RainDance|[upkeep]
|-heal|p1a: Bronzong|99/100|[from] item: Leftovers
|upkeep
|turn|2
|
|t:|1769322767
|switch|p1a: Chesnaught|Chesnaught, M|100/100
|-terastallize|p2a: Barraskewda|Water
|move|p2a: Barraskewda|Liquidation|p1a: Chesnaught
|-resisted|p1a: Chesnaught
|-damage|p1a: Chesnaught|63/100
|-unboost|p1a: Chesnaught|def|1
|-damage|p2a: Barraskewda|84/100|[from] item: Rocky Helmet|[of] p1a: Chesnaught
|
|-weather|RainDance|[upkeep]
|upkeep
|turn|3
|inactive|Quarantinoo has 120 seconds left.
|
|t:|1769322822
|switch|p2a: Pelipper|Pelipper, F|100/100
|-damage|p2a: Pelipper|76/100|[from] Stealth Rock
|switch|p1a: Bronzong|Bronzong|99/100
|
|-weather|RainDance|[upkeep]
|-heal|p1a: Bronzong|100/100|[from] item: Leftovers
|upkeep
|turn|4
|
|t:|1769322832
|move|p2a: Pelipper|Weather Ball|p1a: Bronzong
|-damage|p1a: Bronzong|70/100
|move|p1a: Bronzong|Psychic Noise|p2a: Pelipper
|-damage|p2a: Pelipper|49/100
|-start|p2a: Pelipper|move: Heal Block
|
|-weather|RainDance|[upkeep]
|-heal|p1a: Bronzong|77/100|[from] item: Leftovers
|upkeep
|turn|5
|
|t:|1769322848
|move|p2a: Pelipper|U-turn|p1a: Bronzong
|-damage|p1a: Bronzong|69/100
|
|t:|1769322855
|switch|p2a: Ogerpon|Ogerpon-Wellspring, F|100/100|[from] U-turn
|-damage|p2a: Ogerpon|88/100|[from] Stealth Rock
|move|p1a: Bronzong|Psychic Noise|p2a: Ogerpon
|-damage|p2a: Ogerpon|64/100
|-start|p2a: Ogerpon|move: Heal Block
|
|-weather|RainDance|[upkeep]
|-heal|p1a: Bronzong|75/100|[from] item: Leftovers
|upkeep
|turn|6
|
|t:|1769322862
|switch|p1a: Pecharunt|Pecharunt|100/100
|move|p2a: Ogerpon|Ivy Cudgel|p1a: Pecharunt|[anim] Ivy Cudgel Water
|-damage|p1a: Pecharunt|61/100
|
|-weather|RainDance|[upkeep]
|-end|p2a: Ogerpon|move: Heal Block
|upkeep
|turn|7
|inactive|ghighas has 120 seconds left.
|inactive|ghighas has 90 seconds left.
|
|t:|1769322938
|move|p2a: Ogerpon|Ivy Cudgel|p1a: Pecharunt|[anim] Ivy Cudgel Water
|-damage|p1a: Pecharunt|20/100
|move|p1a: Pecharunt|Recover|p1a: Pecharunt
|-heal|p1a: Pecharunt|70/100
|
|-weather|RainDance|[upkeep]
|upkeep
|turn|8
|
|t:|1769322954
|switch|p2a: Great Tusk|Great Tusk|100/100
|move|p1a: Pecharunt|Recover|p1a: Pecharunt
|-heal|p1a: Pecharunt|100/100
|
|-weather|none
|upkeep
|turn|9
|inactive|ghighas has 60 seconds left.
|
|t:|1769323009
|switch|p1a: Bronzong|Bronzong|75/100
|move|p2a: Great Tusk|Stealth Rock|p1a: Bronzong
|-sidestart|p1: Quarantinoo|move: Stealth Rock
|
|-heal|p1a: Bronzong|82/100|[from] item: Leftovers
|upkeep
|turn|10
|inactive|Quarantinoo has 120 seconds left.
|
|t:|1769323021
|move|p2a: Great Tusk|Knock Off|p1a: Bronzong
|-supereffective|p1a: Bronzong
|-damage|p1a: Bronzong|34/100
|-enditem|p1a: Bronzong|Leftovers|[from] move: Knock Off|[of] p2a: Great Tusk
|move|p1a: Bronzong|Psychic Noise|p2a: Great Tusk
|-supereffective|p2a: Great Tusk
|-damage|p2a: Great Tusk|52/100
|-start|p2a: Great Tusk|move: Heal Block
|
|upkeep
|turn|11
|inactive|Quarantinoo has 120 seconds left.
|
|t:|1769323042
|switch|p1a: Chesnaught|Chesnaught, M|63/100
|-damage|p1a: Chesnaught|57/100|[from] Stealth Rock
|move|p2a: Great Tusk|Rapid Spin|p1a: Chesnaught
|-damage|p1a: Chesnaught|48/100
|-boost|p2a: Great Tusk|spe|1
|-damage|p2a: Great Tusk|35/100|[from] item: Rocky Helmet|[of] p1a: Chesnaught
|-sideend|p2: ghighas|Stealth Rock|[from] move: Rapid Spin|[of] p2a: Great Tusk
|
|-end|p2a: Great Tusk|move: Heal Block
|upkeep
|turn|12
|inactive|Quarantinoo has 120 seconds left.
|
|t:|1769323049
|-end|p2a: Great Tusk|Protosynthesis|[silent]
|switch|p2a: Pelipper|Pelipper, F|49/100
|-weather|RainDance|[from] ability: Drizzle|[of] p2a: Pelipper
|move|p1a: Chesnaught|Synthesis|p1a: Chesnaught
|-heal|p1a: Chesnaught|73/100
|
|-weather|RainDance|[upkeep]
|upkeep
|turn|13
|
|t:|1769323069
|switch|p1a: Bronzong|Bronzong|34/100
|-damage|p1a: Bronzong|28/100|[from] Stealth Rock
|move|p2a: Pelipper|Roost|p2a: Pelipper
|-heal|p2a: Pelipper|99/100
|-singleturn|p2a: Pelipper|move: Roost
|
|-weather|RainDance|[upkeep]
|upkeep
|turn|14
|
|t:|1769323076
|move|p2a: Pelipper|Weather Ball|p1a: Bronzong
|-damage|p1a: Bronzong|0 fnt
|faint|p1a: Bronzong
|
|-weather|RainDance|[upkeep]
|upkeep
|
|t:|1769323085
|switch|p1a: Clodsire|Clodsire, M|100/100
|-damage|p1a: Clodsire|94/100|[from] Stealth Rock
|turn|15
|inactive|ghighas has 60 seconds left.
|inactive|Quarantinoo has 120 seconds left.
|
|t:|1769323109
|move|p2a: Pelipper|Weather Ball|p1a: Clodsire
|-supereffective|p1a: Clodsire
|-damage|p1a: Clodsire|43/100
|move|p1a: Clodsire|Toxic|p2a: Pelipper
|-status|p2a: Pelipper|tox
|
|-weather|RainDance|[upkeep]
|-heal|p1a: Clodsire|49/100|[from] item: Leftovers
|-damage|p2a: Pelipper|93/100 tox|[from] psn
|upkeep
|turn|16
|inactive|Quarantinoo has 120 seconds left.
|
|t:|1769323132
|-terastallize|p1a: Clodsire|Dark
|move|p2a: Pelipper|Weather Ball|p1a: Clodsire
|-damage|p1a: Clodsire|23/100
|move|p1a: Clodsire|Spikes|p2a: Pelipper
|-sidestart|p2: ghighas|Spikes
|
|-weather|RainDance|[upkeep]
|-heal|p1a: Clodsire|29/100|[from] item: Leftovers
|-damage|p2a: Pelipper|81/100 tox|[from] psn
|upkeep
|turn|17
|inactive|ghighas has 60 seconds left.
|
|t:|1769323141
|move|p2a: Pelipper|Hurricane|p1a: Clodsire
|-damage|p1a: Clodsire|10/100
|move|p1a: Clodsire|Recover|p1a: Clodsire
|-heal|p1a: Clodsire|60/100
|
|-weather|RainDance|[upkeep]
|-heal|p1a: Clodsire|67/100|[from] item: Leftovers
|-damage|p2a: Pelipper|62/100 tox|[from] psn
|upkeep
|turn|18
|inactive|Quarantinoo has 120 seconds left.
|
|t:|1769323151
|move|p2a: Pelipper|U-turn|p1a: Clodsire
|-supereffective|p1a: Clodsire
|-damage|p1a: Clodsire|49/100
|inactive|ghighas has 60 seconds left.
|
|t:|1769323179
|switch|p2a: Barraskewda|Barraskewda, F, shiny, tera:Water|84/100|[from] U-turn
|-damage|p2a: Barraskewda|71/100|[from] Spikes
|move|p1a: Clodsire|Toxic|p2a: Barraskewda
|-status|p2a: Barraskewda|tox
|
|-weather|RainDance|[upkeep]
|-heal|p1a: Clodsire|55/100|[from] item: Leftovers
|-damage|p2a: Barraskewda|65/100 tox|[from] psn
|upkeep
|turn|19
|inactive|Quarantinoo has 120 seconds left.
|
|t:|1769323191
|switch|p1a: Chesnaught|Chesnaught, M|73/100
|-damage|p1a: Chesnaught|67/100|[from] Stealth Rock
|move|p2a: Barraskewda|Liquidation|p1a: Chesnaught
|-resisted|p1a: Chesnaught
|-damage|p1a: Chesnaught|31/100
|-damage|p2a: Barraskewda|49/100 tox|[from] item: Rocky Helmet|[of] p1a: Chesnaught
|
|-weather|none
|-damage|p2a: Barraskewda|36/100 tox|[from] psn
|upkeep
|turn|20
|inactive|Quarantinoo has 120 seconds left.
|inactive|ghighas has 60 seconds left.
|inactive|ghighas has 30 seconds left.
|
|t:|1769323234
|switch|p2a: Pelipper|Pelipper, F|62/100 tox
|-weather|RainDance|[from] ability: Drizzle|[of] p2a: Pelipper
|move|p1a: Chesnaught|Synthesis|p1a: Chesnaught
|-heal|p1a: Chesnaught|56/100
|
|-weather|RainDance|[upkeep]
|-damage|p2a: Pelipper|56/100 tox|[from] psn
|upkeep
|turn|21
|
|t:|1769323244
|move|p2a: Pelipper|U-turn|p1a: Chesnaught
|-damage|p1a: Chesnaught|50/100
|-damage|p2a: Pelipper|40/100 tox|[from] item: Rocky Helmet|[of] p1a: Chesnaught
|
|t:|1769323247
|switch|p2a: Goodra|Goodra-Hisui, F|100/100|[from] U-turn
|move|p1a: Chesnaught|Synthesis|p1a: Chesnaught
|-heal|p1a: Chesnaught|75/100
|
|-weather|RainDance|[upkeep]
|upkeep
|turn|22
|inactive|Quarantinoo has 120 seconds left.
|
|t:|1769323259
|switch|p1a: Clodsire|Clodsire, M, tera:Dark|55/100
|-damage|p1a: Clodsire|42/100|[from] Stealth Rock
|move|p2a: Goodra|Flash Cannon|p1a: Clodsire
|-damage|p1a: Clodsire|27/100
|
|-weather|RainDance|[upkeep]
|-heal|p1a: Clodsire|33/100|[from] item: Leftovers
|upkeep
|turn|23
|inactive|Quarantinoo has 120 seconds left.
|inactive|ghighas has 60 seconds left.
|
|t:|1769323290
|switch|p2a: Great Tusk|Great Tusk|35/100
|move|p1a: Clodsire|Recover|p1a: Clodsire
|-heal|p1a: Clodsire|83/100
|
|-weather|RainDance|[upkeep]
|-heal|p1a: Clodsire|89/100|[from] item: Leftovers
|upkeep
|turn|24
|inactive|Quarantinoo has 120 seconds left.
|
|t:|1769323301
|switch|p1a: Chesnaught|Chesnaught, M|75/100
|-damage|p1a: Chesnaught|69/100|[from] Stealth Rock
|move|p2a: Great Tusk|Knock Off|p1a: Chesnaught
|-resisted|p1a: Chesnaught
|-damage|p1a: Chesnaught|62/100
|-damage|p2a: Great Tusk|18/100|[from] item: Rocky Helmet|[of] p1a: Chesnaught
|-enditem|p1a: Chesnaught|Rocky Helmet|[from] move: Knock Off|[of] p2a: Great Tusk
|
|-weather|RainDance|[upkeep]
|upkeep
|turn|25
|inactive|Quarantinoo has 120 seconds left.
|
|t:|1769323313
|-end|p2a: Great Tusk|Protosynthesis|[silent]
|switch|p2a: Pelipper|Pelipper, F|40/100 tox
|move|p1a: Chesnaught|Knock Off|p2a: Pelipper
|-damage|p2a: Pelipper|21/100 tox
|-enditem|p2a: Pelipper|Damp Rock|[from] move: Knock Off|[of] p1a: Chesnaught
|
|-weather|RainDance|[upkeep]
|-damage|p2a: Pelipper|15/100 tox|[from] psn
|upkeep
|turn|26
|
|t:|1769323322
|move|p2a: Pelipper|Roost|p2a: Pelipper
|-heal|p2a: Pelipper|65/100 tox
|-singleturn|p2a: Pelipper|move: Roost
|move|p1a: Chesnaught|Synthesis|p1a: Chesnaught
|-heal|p1a: Chesnaught|87/100
|
|-weather|RainDance|[upkeep]
|-damage|p2a: Pelipper|53/100 tox|[from] psn
|upkeep
|turn|27
|inactive|ghighas has 60 seconds left.
|
|t:|1769323336
|switch|p1a: Clodsire|Clodsire, M, tera:Dark|89/100
|-damage|p1a: Clodsire|77/100|[from] Stealth Rock
|move|p2a: Pelipper|Hurricane|p1a: Clodsire
|-damage|p1a: Clodsire|56/100
|
|-weather|none
|-heal|p1a: Clodsire|62/100|[from] item: Leftovers
|-damage|p2a: Pelipper|34/100 tox|[from] psn
|upkeep
|turn|28
|inactive|ghighas has 60 seconds left.
|
|t:|1769323350
|switch|p2a: Ogerpon|Ogerpon-Wellspring, F|64/100
|-damage|p2a: Ogerpon|51/100|[from] Spikes
|move|p1a: Clodsire|Spikes|p2a: Ogerpon
|-sidestart|p2: ghighas|Spikes
|
|-heal|p1a: Clodsire|68/100|[from] item: Leftovers
|upkeep
|turn|29
|
|t:|1769323366
|switch|p1a: Chesnaught|Chesnaught, M|87/100
|-damage|p1a: Chesnaught|81/100|[from] Stealth Rock
|move|p2a: Ogerpon|Ivy Cudgel|p1a: Chesnaught|[anim] Ivy Cudgel Water
|-resisted|p1a: Chesnaught
|-damage|p1a: Chesnaught|65/100
|
|upkeep
|turn|30
|inactive|Quarantinoo has 120 seconds left.
|
|t:|1769323394
|switch|p2a: Pelipper|Pelipper, F|34/100 tox
|-weather|RainDance|[from] ability: Drizzle|[of] p2a: Pelipper
|move|p1a: Chesnaught|Synthesis|p1a: Chesnaught
|-heal|p1a: Chesnaught|90/100
|
|-weather|RainDance|[upkeep]
|-damage|p2a: Pelipper|28/100 tox|[from] psn
|upkeep
|turn|31
|
|t:|1769323405
|switch|p1a: Clodsire|Clodsire, M, tera:Dark|68/100
|-damage|p1a: Clodsire|56/100|[from] Stealth Rock
|move|p2a: Pelipper|Roost|p2a: Pelipper
|-heal|p2a: Pelipper|78/100 tox
|-singleturn|p2a: Pelipper|move: Roost
|
|-weather|RainDance|[upkeep]
|-heal|p1a: Clodsire|62/100|[from] item: Leftovers
|-damage|p2a: Pelipper|66/100 tox|[from] psn
|upkeep
|turn|32
|
|t:|1769323414
|move|p2a: Pelipper|U-turn|p1a: Clodsire
|-supereffective|p1a: Clodsire
|-damage|p1a: Clodsire|42/100
|
|t:|1769323416
|switch|p2a: Great Tusk|Great Tusk|18/100|[from] U-turn
|move|p1a: Clodsire|Recover|p1a: Clodsire
|-heal|p1a: Clodsire|92/100
|
|-weather|RainDance|[upkeep]
|-heal|p1a: Clodsire|99/100|[from] item: Leftovers
|upkeep
|turn|33
|inactive|Quarantinoo has 120 seconds left.
|
|t:|1769323429
|move|p2a: Great Tusk|Knock Off|p1a: Clodsire
|-resisted|p1a: Clodsire
|-damage|p1a: Clodsire|83/100
|-enditem|p1a: Clodsire|Leftovers|[from] move: Knock Off|[of] p2a: Great Tusk
|move|p1a: Clodsire|Toxic|p2a: Great Tusk
|-status|p2a: Great Tusk|tox
|
|-weather|RainDance|[upkeep]
|-damage|p2a: Great Tusk|12/100 tox|[from] psn
|upkeep
|turn|34
|inactive|Quarantinoo has 120 seconds left.
|
|t:|1769323440
|move|p2a: Great Tusk|Rapid Spin|p1a: Clodsire
|-crit|p1a: Clodsire
|-damage|p1a: Clodsire|60/100
|-boost|p2a: Great Tusk|spe|1
|-sideend|p2: ghighas|Spikes|[from] move: Rapid Spin|[of] p2a: Great Tusk
|move|p1a: Clodsire|Spikes|p2a: Great Tusk
|-sidestart|p2: ghighas|Spikes
|
|-weather|none
|-damage|p2a: Great Tusk|0 fnt|[from] psn
|faint|p2a: Great Tusk
|-end|p2a: Great Tusk|Protosynthesis|[silent]
|upkeep
|
|t:|1769323445
|switch|p2a: Barraskewda|Barraskewda, F, shiny, tera:Water|36/100 tox
|-damage|p2a: Barraskewda|24/100 tox|[from] Spikes
|turn|35
|
|t:|1769323457
|switch|p1a: Chesnaught|Chesnaught, M|90/100
|-damage|p1a: Chesnaught|84/100|[from] Stealth Rock
|move|p2a: Barraskewda|Psychic Fangs|p1a: Chesnaught
|-supereffective|p1a: Chesnaught
|-damage|p1a: Chesnaught|31/100
|
|-damage|p2a: Barraskewda|18/100 tox|[from] psn
|upkeep
|turn|36
|inactive|ghighas has 120 seconds left.
|
|t:|1769323471
|switch|p2a: Dondozo|Dondozo, F|100/100
|-damage|p2a: Dondozo|88/100|[from] Spikes
|switch|p1a: Weavile|Weavile, M|100/100
|-ability|p1a: Weavile|Pressure
|
|-heal|p2a: Dondozo|94/100|[from] item: Leftovers
|upkeep
|turn|37
|
|t:|1769323485
|switch|p1a: Pecharunt|Pecharunt|100/100
|switch|p2a: Goodra|Goodra-Hisui, F|100/100
|
|upkeep
|turn|38
|
|t:|1769323491
|move|p1a: Pecharunt|Parting Shot|p2a: Goodra
|-unboost|p2a: Goodra|atk|1
|-unboost|p2a: Goodra|spa|1
|
|t:|1769323499
|switch|p1a: Clodsire|Clodsire, M, tera:Dark|60/100|[from] Parting Shot
|-damage|p1a: Clodsire|48/100|[from] Stealth Rock
|move|p2a: Goodra|Curse|p2a: Goodra
|-unboost|p2a: Goodra|spe|1
|-boost|p2a: Goodra|atk|1
|-boost|p2a: Goodra|def|1
|
|upkeep
|turn|39
|
|t:|1769323508
|move|p2a: Goodra|Curse|p2a: Goodra
|-unboost|p2a: Goodra|spe|1
|-boost|p2a: Goodra|atk|1
|-boost|p2a: Goodra|def|1
|move|p1a: Clodsire|Recover|p1a: Clodsire
|-heal|p1a: Clodsire|98/100
|
|upkeep
|turn|40
|
|t:|1769323524
|move|p1a: Clodsire|Earthquake|p2a: Goodra
|-supereffective|p2a: Goodra
|-damage|p2a: Goodra|47/100
|move|p2a: Goodra|Flash Cannon|p1a: Clodsire
|-damage|p1a: Clodsire|82/100
|
|upkeep
|turn|41
|
|t:|1769323536
|switch|p2a: Dondozo|Dondozo, F|94/100
|-damage|p2a: Dondozo|82/100|[from] Spikes
|move|p1a: Clodsire|Spikes|p2a: Dondozo
|-sidestart|p2: ghighas|Spikes
|
|-heal|p2a: Dondozo|88/100|[from] item: Leftovers
|upkeep
|turn|42
|
|t:|1769323545
|switch|p1a: Pecharunt|Pecharunt|100/100
|move|p2a: Dondozo|Curse|p2a: Dondozo
|-unboost|p2a: Dondozo|spe|1
|-boost|p2a: Dondozo|atk|1
|-boost|p2a: Dondozo|def|1
|
|-heal|p2a: Dondozo|94/100|[from] item: Leftovers
|upkeep
|turn|43
|
|t:|1769323550
|move|p1a: Pecharunt|Malignant Chain|p2a: Dondozo
|-damage|p2a: Dondozo|67/100
|move|p2a: Dondozo|Curse|p2a: Dondozo
|-unboost|p2a: Dondozo|spe|1
|-boost|p2a: Dondozo|atk|1
|-boost|p2a: Dondozo|def|1
|
|-heal|p2a: Dondozo|73/100|[from] item: Leftovers
|upkeep
|turn|44
|
|t:|1769323554
|move|p1a: Pecharunt|Malignant Chain|p2a: Dondozo
|-crit|p2a: Dondozo
|-damage|p2a: Dondozo|32/100
|-status|p2a: Dondozo|tox
|-start|p2a: Dondozo|confusion|[from] ability: Poison Puppeteer|[of] p1a: Pecharunt
|-activate|p2a: Dondozo|confusion
|move|p2a: Dondozo|Curse|p2a: Dondozo
|-unboost|p2a: Dondozo|spe|1
|-boost|p2a: Dondozo|atk|1
|-boost|p2a: Dondozo|def|1
|
|-heal|p2a: Dondozo|38/100 tox|[from] item: Leftovers
|-damage|p2a: Dondozo|32/100 tox|[from] psn
|upkeep
|turn|45
|
|t:|1769323565
|move|p1a: Pecharunt|Foul Play|p2a: Dondozo
|-damage|p2a: Dondozo|28/100 tox
|-activate|p2a: Dondozo|confusion
|-damage|p2a: Dondozo|23/100 tox|[from] confusion
|
|-heal|p2a: Dondozo|29/100 tox|[from] item: Leftovers
|-damage|p2a: Dondozo|17/100 tox|[from] psn
|upkeep
|turn|46
|
|t:|1769323572
|move|p1a: Pecharunt|Malignant Chain|p2a: Dondozo
|-damage|p2a: Dondozo|0 fnt
|faint|p2a: Dondozo
|
|upkeep
|
|t:|1769323576
|switch|p2a: Pelipper|Pelipper, F|66/100 tox
|-weather|RainDance|[from] ability: Drizzle|[of] p2a: Pelipper
|turn|47
|
|t:|1769323586
|move|p1a: Pecharunt|Parting Shot|p2a: Pelipper
|-unboost|p2a: Pelipper|atk|1
|-unboost|p2a: Pelipper|spa|1
|
|t:|1769323589
|switch|p1a: Clodsire|Clodsire, M, tera:Dark|82/100|[from] Parting Shot
|-damage|p1a: Clodsire|69/100|[from] Stealth Rock
|move|p2a: Pelipper|Weather Ball|p1a: Clodsire
|-damage|p1a: Clodsire|43/100
|
|-weather|RainDance|[upkeep]
|-damage|p2a: Pelipper|60/100 tox|[from] psn
|upkeep
|turn|48
|
|t:|1769323619
|move|p2a: Pelipper|Weather Ball|p1a: Clodsire
|-damage|p1a: Clodsire|18/100
|move|p1a: Clodsire|Toxic|p2a: Pelipper
|-fail|p2a: Pelipper|tox
|
|-weather|RainDance|[upkeep]
|-damage|p2a: Pelipper|47/100 tox|[from] psn
|upkeep
|turn|49
|
|t:|1769323631
|move|p2a: Pelipper|U-turn|p1a: Clodsire
|-supereffective|p1a: Clodsire
|-damage|p1a: Clodsire|0 fnt
|faint|p1a: Clodsire
|
|t:|1769323637
|switch|p2a: Goodra|Goodra-Hisui, F|47/100|[from] U-turn
|
|-weather|RainDance|[upkeep]
|upkeep
|inactive|Quarantinoo has 120 seconds left.
|
|t:|1769323658
|switch|p1a: Pecharunt|Pecharunt|100/100
|turn|50
|
|t:|1769323660
|move|p1a: Pecharunt|Parting Shot|p2a: Goodra
|-unboost|p2a: Goodra|atk|1
|-unboost|p2a: Goodra|spa|1
|
|t:|1769323665
|switch|p1a: Gholdengo|Gholdengo|100/100|[from] Parting Shot
|-damage|p1a: Gholdengo|94/100|[from] Stealth Rock
|-item|p1a: Gholdengo|Air Balloon
|move|p2a: Goodra|Curse|p2a: Goodra
|-unboost|p2a: Goodra|spe|1
|-boost|p2a: Goodra|atk|1
|-boost|p2a: Goodra|def|1
|
|-weather|RainDance|[upkeep]
|upkeep
|turn|51
|
|t:|1769323675
|move|p1a: Gholdengo|Nasty Plot|p1a: Gholdengo
|-boost|p1a: Gholdengo|spa|2
|move|p2a: Goodra|Dragon Tail|p1a: Gholdengo
|-resisted|p1a: Gholdengo
|-damage|p1a: Gholdengo|83/100
|-enditem|p1a: Gholdengo|Air Balloon
|drag|p1a: Chesnaught|Chesnaught, M|31/100
|-damage|p1a: Chesnaught|25/100|[from] Stealth Rock
|
|-weather|none
|upkeep
|turn|52
|
|t:|1769323683
|move|p1a: Chesnaught|Body Press|p2a: Goodra
|-supereffective|p2a: Goodra
|-damage|p2a: Goodra|0 fnt
|faint|p2a: Goodra
|
|upkeep
|
|t:|1769323690
|switch|p2a: Pelipper|Pelipper, F|47/100 tox
|-weather|RainDance|[from] ability: Drizzle|[of] p2a: Pelipper
|turn|53
|
|t:|1769323707
|switch|p1a: Pecharunt|Pecharunt|100/100
|move|p2a: Pelipper|U-turn|p1a: Pecharunt
|-resisted|p1a: Pecharunt
|-damage|p1a: Pecharunt|99/100
|
|t:|1769323710
|switch|p2a: Barraskewda|Barraskewda, F, shiny, tera:Water|18/100 tox|[from] U-turn
|-damage|p2a: Barraskewda|1/100 tox|[from] Spikes
|
|-weather|RainDance|[upkeep]
|-damage|p2a: Barraskewda|0 fnt|[from] psn
|faint|p2a: Barraskewda
|upkeep
|-message|ghighas forfeited.
|
|win|Quarantinoo
|raw|Quarantinoo's rating: 1370 &rarr; <strong>1395</strong><br />(+25 for winning)
|raw|ghighas's rating: 1459 &rarr; <strong>1434</strong><br />(-25 for losing)
|l|☆ghighas
|player|p2|
|l|☆Quarantinoo
|player|p1|
