|j|☆apple_tonks
|j|☆shuca nacua
|t:|1769300245
|gametype|singles
|player|p1|apple_tonks|ethan|1626
|player|p2|shuca nacua|musician|1631
|gen|9
|tier|[Gen 9] OU
|rated|
|rule|HP Percentage Mod: HP is shown in percentages
|rule|Endless Battle Clause: Forcing endless battles is banned
|rule|Species Clause: Limit one of each Pokémon
|rule|OHKO Clause: OHKO moves are banned
|rule|Evasion Items Clause: Evasion items are banned
|rule|Evasion Moves Clause: Evasion moves are banned
|rule|Evasion Abilities Clause: Evasion abilities are banned
|rule|Sleep Moves Clause: Sleep-inducing moves are banned
|clearpoke
|poke|p1|Alomomola, F|
|poke|p1|Dragapult, M|
|poke|p1|Cinderace, M|
|poke|p1|Kyurem|
|poke|p1|Goodra-Hisui, F|
|poke|p1|Landorus-Therian, M|
|poke|p2|Chesnaught, F|
|poke|p2|Garganacl, M|
|poke|p2|Weezing-Galar, M|
|poke|p2|Dragonite, M|
|poke|p2|Araquanid, M|
|poke|p2|Gholdengo|
|teampreview
|
|t:|1769300262
|teamsize|p1|6
|teamsize|p2|6
|start
|switch|p1a: Landorus|Landorus-Therian, M|100/100
|switch|p2a: Araquanid|Araquanid, M|100/100
|-ability|p1a: Landorus|Intimidate|boost
|-unboost|p2a: Araquanid|atk|1
|turn|1
|
|t:|1769300267
|-terastallize|p1a: Landorus|Flying
|move|p1a: Landorus|Tera Blast|p2a: Araquanid|[anim] Tera Blast Flying
|-supereffective|p2a: Araquanid
|-damage|p2a: Araquanid|0 fnt
|faint|p2a: Araquanid
|
|upkeep
|
|t:|1769300272
|switch|p2a: Garganacl|Garganacl, M|100/100
|turn|2
|
|t:|1769300279
|switch|p1a: Alomomola|Alomomola, F, shiny|100/100
|move|p2a: Garganacl|Salt Cure|p1a: Alomomola
|-damage|p1a: Alomomola|93/100
|-start|p1a: Alomomola|Salt Cure
|
|-damage|p1a: Alomomola|68/100|[from] Salt Cure
|upkeep
|turn|3
|
|t:|1769300282
|move|p1a: Alomomola|Flip Turn|p2a: Garganacl
|-supereffective|p2a: Garganacl
|-damage|p2a: Garganacl|77/100
|
|t:|1769300284
|switch|p1a: Landorus|Landorus-Therian, M, tera:Flying|100/100|[from] Flip Turn
|-ability|p1a: Landorus|Intimidate|boost
|-unboost|p2a: Garganacl|atk|1
|move|p2a: Garganacl|Stealth Rock|p1a: Landorus
|-sidestart|p1: apple_tonks|move: Stealth Rock
|
|-heal|p2a: Garganacl|83/100|[from] item: Leftovers
|upkeep
|turn|4
|
|t:|1769300287
|move|p2a: Garganacl|Protect|p2a: Garganacl
|-singleturn|p2a: Garganacl|Protect
|move|p1a: Landorus|Earthquake|p2a: Garganacl
|-activate|p2a: Garganacl|move: Protect
|
|-heal|p2a: Garganacl|89/100|[from] item: Leftovers
|upkeep
|turn|5
|
|t:|1769300292
|switch|p1a: Cinderace|Cinderace, M|100/100
|move|p2a: Garganacl|Salt Cure|p1a: Cinderace
|-supereffective|p1a: Cinderace
|-crit|p1a: Cinderace
|-damage|p1a: Cinderace|47/100
|-start|p1a: Cinderace|Salt Cure
|
|-heal|p2a: Garganacl|95/100|[from] item: Leftovers
|-damage|p1a: Cinderace|34/100|[from] Salt Cure
|upkeep
|turn|6
|
|t:|1769300302
|move|p1a: Cinderace|Court Change|p1a: Cinderace
|-swapsideconditions
|-activate|p1a: Cinderace|move: Court Change
|move|p2a: Garganacl|Salt Cure|p1a: Cinderace
|-supereffective|p1a: Cinderace
|-damage|p1a: Cinderace|10/100
|
|-heal|p2a: Garganacl|100/100|[from] item: Leftovers
|-damage|p1a: Cinderace|0 fnt|[from] Salt Cure
|faint|p1a: Cinderace
|upkeep
|
|t:|1769300305
|switch|p1a: Landorus|Landorus-Therian, M, tera:Flying|100/100
|-ability|p1a: Landorus|Intimidate|boost
|-unboost|p2a: Garganacl|atk|1
|turn|7
|
|t:|1769300307
|move|p2a: Garganacl|Protect|p2a: Garganacl
|-singleturn|p2a: Garganacl|Protect
|move|p1a: Landorus|Earthquake|p2a: Garganacl
|-activate|p2a: Garganacl|move: Protect
|
|upkeep
|turn|8
|
|t:|1769300315
|switch|p1a: Alomomola|Alomomola, F, shiny|100/100
|switch|p2a: Dragonite|Dragonite, M|100/100
|
|upkeep
|turn|9
|
|t:|1769300319
|switch|p2a: Weezing|Weezing-Galar, M|100/100
|-ability|p2a: Weezing|Neutralizing Gas
|-damage|p2a: Weezing|88/100|[from] Stealth Rock
|move|p1a: Alomomola|Flip Turn|p2a: Weezing
|-damage|p2a: Weezing|74/100
|-damage|p1a: Alomomola|84/100|[from] item: Rocky Helmet|[of] p2a: Weezing
|
|t:|1769300328
|switch|p1a: Goodra|Goodra-Hisui, F|100/100|[from] Flip Turn
|
|upkeep
|turn|10
|
|t:|1769300334
|move|p2a: Weezing|Defog|p1a: Goodra
|-unboost|p1a: Goodra|evasion|1
|-sideend|p2: shuca nacua|Stealth Rock|[from] move: Defog|[of] p2a: Weezing
|move|p1a: Goodra|Flash Cannon|p2a: Weezing
|-supereffective|p2a: Weezing
|-damage|p2a: Weezing|1/100
|-unboost|p2a: Weezing|spd|1
|
|upkeep
|turn|11
|
|t:|1769300342
|move|p2a: Weezing|Will-O-Wisp|p1a: Goodra
|-status|p1a: Goodra|brn
|move|p1a: Goodra|Flash Cannon|p2a: Weezing
|-supereffective|p2a: Weezing
|-damage|p2a: Weezing|0 fnt
|faint|p2a: Weezing
|-end|p2a: Weezing|ability: Neutralizing Gas
|
|-damage|p1a: Goodra|94/100 brn|[from] brn
|upkeep
|inactive|Battle timer is ON: inactive players will automatically lose when time's up. (requested by apple_tonks)
|
|t:|1769300359
|switch|p2a: Garganacl|Garganacl, M|100/100
|turn|12
|
|t:|1769300364
|move|p1a: Goodra|Knock Off|p2a: Garganacl
|-damage|p2a: Garganacl|92/100
|-enditem|p2a: Garganacl|Leftovers|[from] move: Knock Off|[of] p1a: Goodra
|move|p2a: Garganacl|Salt Cure|p1a: Goodra
|-resisted|p1a: Goodra
|-damage|p1a: Goodra|88/100 brn
|-start|p1a: Goodra|Salt Cure
|
|-damage|p1a: Goodra|82/100 brn|[from] brn
|-damage|p1a: Goodra|57/100 brn|[from] Salt Cure
|upkeep
|turn|13
|
|t:|1769300376
|move|p1a: Goodra|Flash Cannon|p2a: Garganacl
|-supereffective|p2a: Garganacl
|-damage|p2a: Garganacl|43/100
|-unboost|p2a: Garganacl|spd|1
|move|p2a: Garganacl|Stealth Rock|p1a: Goodra
|-sidestart|p1: apple_tonks|move: Stealth Rock
|
|-damage|p1a: Goodra|50/100 brn|[from] brn
|-damage|p1a: Goodra|25/100 brn|[from] Salt Cure
|upkeep
|turn|14
|
|t:|1769300387
|switch|p1a: Kyurem|Kyurem|100/100
|-damage|p1a: Kyurem|76/100|[from] Stealth Rock
|-ability|p1a: Kyurem|Pressure
|move|p2a: Garganacl|Protect||[still]
|-fail|p2a: Garganacl
|
|-heal|p1a: Kyurem|82/100|[from] item: Leftovers
|upkeep
|turn|15
|
|t:|1769300391
|switch|p2a: Gholdengo|Gholdengo|100/100
|move|p1a: Kyurem|Substitute|p1a: Kyurem
|-start|p1a: Kyurem|Substitute
|-damage|p1a: Kyurem|57/100
|
|-heal|p1a: Kyurem|63/100|[from] item: Leftovers
|upkeep
|turn|16
|
|t:|1769300397
|move|p1a: Kyurem|Protect|p1a: Kyurem
|-singleturn|p1a: Kyurem|Protect
|move|p2a: Gholdengo|Hex|p1a: Kyurem
|-activate|p1a: Kyurem|move: Protect
|
|-heal|p1a: Kyurem|69/100|[from] item: Leftovers
|upkeep
|turn|17
|
|t:|1769300399
|move|p1a: Kyurem|Dragon Dance|p1a: Kyurem
|-boost|p1a: Kyurem|atk|1
|-boost|p1a: Kyurem|spe|1
|move|p2a: Gholdengo|Hex|p1a: Kyurem
|-activate|p1a: Kyurem|move: Substitute|[damage]
|
|-heal|p1a: Kyurem|75/100|[from] item: Leftovers
|upkeep
|turn|18
|
|t:|1769300401
|move|p1a: Kyurem|Protect|p1a: Kyurem
|-singleturn|p1a: Kyurem|Protect
|move|p2a: Gholdengo|Make It Rain|p1a: Kyurem
|-activate|p1a: Kyurem|move: Protect
|
|-heal|p1a: Kyurem|82/100|[from] item: Leftovers
|upkeep
|turn|19
|
|t:|1769300404
|move|p1a: Kyurem|Dragon Dance|p1a: Kyurem
|-boost|p1a: Kyurem|atk|1
|-boost|p1a: Kyurem|spe|1
|move|p2a: Gholdengo|Hex|p1a: Kyurem
|-end|p1a: Kyurem|Substitute
|
|-heal|p1a: Kyurem|88/100|[from] item: Leftovers
|upkeep
|turn|20
|
|t:|1769300407
|move|p1a: Kyurem|Substitute|p1a: Kyurem
|-start|p1a: Kyurem|Substitute
|-damage|p1a: Kyurem|63/100
|move|p2a: Gholdengo|Make It Rain|p1a: Kyurem
|-supereffective|p1a: Kyurem
|-end|p1a: Kyurem|Substitute
|-unboost|p2a: Gholdengo|spa|1
|
|-heal|p1a: Kyurem|69/100|[from] item: Leftovers
|upkeep
|turn|21
|
|t:|1769300414
|move|p1a: Kyurem|Protect|p1a: Kyurem
|-singleturn|p1a: Kyurem|Protect
|move|p2a: Gholdengo|Make It Rain|p1a: Kyurem
|-activate|p1a: Kyurem|move: Protect
|
|-heal|p1a: Kyurem|75/100|[from] item: Leftovers
|upkeep
|turn|22
|
|t:|1769300416
|move|p1a: Kyurem|Substitute|p1a: Kyurem
|-start|p1a: Kyurem|Substitute
|-damage|p1a: Kyurem|50/100
|move|p2a: Gholdengo|Make It Rain|p1a: Kyurem
|-supereffective|p1a: Kyurem
|-end|p1a: Kyurem|Substitute
|-unboost|p2a: Gholdengo|spa|1
|
|-heal|p1a: Kyurem|56/100|[from] item: Leftovers
|upkeep
|turn|23
|
|t:|1769300420
|switch|p2a: Dragonite|Dragonite, M|100/100
|move|p1a: Kyurem|Substitute|p1a: Kyurem
|-start|p1a: Kyurem|Substitute
|-damage|p1a: Kyurem|32/100
|
|-heal|p1a: Kyurem|38/100|[from] item: Leftovers
|upkeep
|turn|24
|
|t:|1769300430
|switch|p2a: Gholdengo|Gholdengo|100/100
|move|p1a: Kyurem|Icicle Spear|p2a: Gholdengo
|-resisted|p2a: Gholdengo
|-damage|p2a: Gholdengo|92/100
|-resisted|p2a: Gholdengo
|-damage|p2a: Gholdengo|83/100
|-resisted|p2a: Gholdengo
|-damage|p2a: Gholdengo|74/100
|-hitcount|p2a: Gholdengo|3
|
|-heal|p1a: Kyurem|44/100|[from] item: Leftovers
|-heal|p2a: Gholdengo|80/100|[from] item: Leftovers
|upkeep
|turn|25
|c|☆apple_tonks|clown ass team
|
|t:|1769300439
|switch|p2a: Dragonite|Dragonite, M|100/100
|move|p1a: Kyurem|Dragon Dance|p1a: Kyurem
|-boost|p1a: Kyurem|atk|1
|-boost|p1a: Kyurem|spe|1
|
|-heal|p1a: Kyurem|50/100|[from] item: Leftovers
|upkeep
|turn|26
|
|t:|1769300443
|move|p2a: Dragonite|Extreme Speed|p1a: Kyurem
|-end|p1a: Kyurem|Substitute
|move|p1a: Kyurem|Icicle Spear|p2a: Dragonite
|-supereffective|p2a: Dragonite
|-damage|p2a: Dragonite|26/100
|-supereffective|p2a: Dragonite
|-damage|p2a: Dragonite|0 fnt
|faint|p2a: Dragonite
|-hitcount|p2: Dragonite|2
|
|-heal|p1a: Kyurem|56/100|[from] item: Leftovers
|upkeep
|
|t:|1769300447
|switch|p2a: Chesnaught|Chesnaught, F|100/100
|turn|27
|
|t:|1769300449
|-terastallize|p2a: Chesnaught|Fire
|move|p1a: Kyurem|Icicle Spear|p2a: Chesnaught
|-resisted|p2a: Chesnaught
|-damage|p2a: Chesnaught|91/100
|-resisted|p2a: Chesnaught
|-damage|p2a: Chesnaught|82/100
|-hitcount|p2a: Chesnaught|2
|move|p2a: Chesnaught|Body Press|p1a: Kyurem
|-supereffective|p1a: Kyurem
|-damage|p1a: Kyurem|0 fnt
|faint|p1a: Kyurem
|
|upkeep
|
|t:|1769300454
|switch|p1a: Landorus|Landorus-Therian, M, tera:Flying|100/100
|-damage|p1a: Landorus|76/100|[from] Stealth Rock
|-ability|p1a: Landorus|Intimidate|boost
|-unboost|p2a: Chesnaught|atk|1
|turn|28
|
|t:|1769300461
|move|p1a: Landorus|Earthquake|p2a: Chesnaught
|-supereffective|p2a: Chesnaught
|-damage|p2a: Chesnaught|0 fnt
|faint|p2a: Chesnaught
|
|upkeep
|
|t:|1769300464
|switch|p2a: Garganacl|Garganacl, M|43/100
|turn|29
|
|t:|1769300468
|move|p1a: Landorus|Earthquake|p2a: Garganacl
|-supereffective|p2a: Garganacl
|-damage|p2a: Garganacl|0 fnt
|faint|p2a: Garganacl
|
|upkeep
|
|t:|1769300469
|switch|p2a: Gholdengo|Gholdengo|80/100
|turn|30
|
|t:|1769300471
|move|p1a: Landorus|Earthquake|p2a: Gholdengo
|-supereffective|p2a: Gholdengo
|-crit|p2a: Gholdengo
|-damage|p2a: Gholdengo|0 fnt
|faint|p2a: Gholdengo
|
|win|apple_tonks
|raw|apple_tonks's rating: 1626 &rarr; <strong>1646</strong><br />(+20 for winning)
|raw|shuca nacua's rating: 1631 &rarr; <strong>1611</strong><br />(-20 for losing)
|l|☆apple_tonks
|player|p1|
|c|☆shuca nacua|gg
|l|☆shuca nacua
|player|p2|
