|j|☆mra1990
|j|☆rucksuk
|t:|1769376379
|gametype|singles
|player|p1|mra1990|swimmer|1165
|player|p2|rucksuk|ingo|1209
|gen|9
|tier|[Gen 9] OU
|rated|
|rule|HP Percentage Mod: HP is shown in percentages
|rule|Endless Battle Clause: Forcing endless battles is banned
|rule|Species Clause: Limit one of each Pokémon
|rule|OHKO Clause: OHKO moves are banned
|rule|Evasion Items Clause: Evasion items are banned
|rule|Evasion Moves Clause: Evasion moves are banned
|rule|Evasion Abilities Clause: Evasion abilities are banned
|rule|Sleep Moves Clause: Sleep-inducing moves are banned
|clearpoke
|poke|p1|Pincurchin, M|
|poke|p1|Raichu-Alola, M|
|poke|p1|Iron Valiant|
|poke|p1|Iron Hands|
|poke|p1|Ogerpon-Wellspring, F|
|poke|p1|Talonflame, M|
|poke|p2|Corviknight, M|
|poke|p2|Araquanid, F|
|poke|p2|Deoxys-Speed|
|poke|p2|Great Tusk|
|poke|p2|Raging Bolt|
|poke|p2|Heatran, M|
|teampreview
|inactive|Battle timer is ON: inactive players will automatically lose when time's up. (requested by mra1990)
|inactive|rucksuk also wants the timer to be on.
|
|t:|1769376390
|teamsize|p1|6
|teamsize|p2|6
|start
|switch|p1a: Pincurchin|Pincurchin, M|100/100
|switch|p2a: Heatran|Heatran, M|100/100
|-item|p2a: Heatran|Air Balloon
|-fieldstart|move: Electric Terrain|[from] ability: Electric Surge|[of] p1a: Pincurchin
|turn|1
|
|t:|1769376401
|move|p2a: Heatran|Will-O-Wisp|p1a: Pincurchin
|-status|p1a: Pincurchin|brn
|move|p1a: Pincurchin|Scald|p2a: Heatran
|-supereffective|p2a: Heatran
|-damage|p2a: Heatran|71/100
|-enditem|p2a: Heatran|Air Balloon
|
|-damage|p1a: Pincurchin|94/100 brn|[from] brn
|upkeep
|turn|2
|
|t:|1769376412
|move|p2a: Heatran|Magma Storm|p1a: Pincurchin
|-damage|p1a: Pincurchin|27/100 brn
|-activate|p1a: Pincurchin|move: Magma Storm|[of] p2a: Heatran
|move|p1a: Pincurchin|Spikes|p2a: Heatran
|-sidestart|p2: rucksuk|Spikes
|
|-damage|p1a: Pincurchin|21/100 brn|[from] brn
|-damage|p1a: Pincurchin|9/100 brn|[from] move: Magma Storm|[partiallytrapped]
|upkeep
|turn|3
|
|t:|1769376421
|move|p2a: Heatran|Stealth Rock|p1a: Pincurchin
|-sidestart|p1: mra1990|move: Stealth Rock
|move|p1a: Pincurchin|Spikes|p2a: Heatran
|-sidestart|p2: rucksuk|Spikes
|
|-damage|p1a: Pincurchin|3/100 brn|[from] brn
|-damage|p1a: Pincurchin|0 fnt|[from] move: Magma Storm|[partiallytrapped]
|faint|p1a: Pincurchin
|upkeep
|
|t:|1769376429
|switch|p1a: Raichu|Raichu-Alola, M, shiny|100/100
|-damage|p1a: Raichu|88/100|[from] Stealth Rock
|-enditem|p1a: Raichu|Electric Seed
|-boost|p1a: Raichu|def|1|[from] item: Electric Seed
|turn|4
|
|t:|1769376437
|move|p1a: Raichu|Nasty Plot|p1a: Raichu
|-boost|p1a: Raichu|spa|2
|move|p2a: Heatran|Magma Storm|p1a: Raichu
|-damage|p1a: Raichu|17/100
|-activate|p1a: Raichu|move: Magma Storm|[of] p2a: Heatran
|
|-damage|p1a: Raichu|4/100|[from] move: Magma Storm|[partiallytrapped]
|upkeep
|turn|5
|
|t:|1769376448
|move|p1a: Raichu|Thunderbolt|p2a: Heatran
|-damage|p2a: Heatran|0 fnt
|faint|p2a: Heatran
|
|-end|p1a: Raichu|Magma Storm|[partiallytrapped]|[silent]
|upkeep
|
|t:|1769376456
|switch|p2a: Deoxys|Deoxys-Speed|100/100
|-damage|p2a: Deoxys|84/100|[from] Spikes
|-ability|p2a: Deoxys|Pressure
|turn|6
|
|t:|1769376463
|move|p1a: Raichu|Draining Kiss|p2a: Deoxys
|-damage|p2a: Deoxys|39/100
|-heal|p1a: Raichu|35/100|[from] drain|[of] p2a: Deoxys
|move|p2a: Deoxys|Meteor Beam||[still]
|-prepare|p2a: Deoxys|Meteor Beam
|-boost|p2a: Deoxys|spa|1
|-enditem|p2a: Deoxys|Power Herb
|-anim|p2a: Deoxys|Meteor Beam|p1a: Raichu|[miss]
|-miss|p2a: Deoxys|p1a: Raichu
|
|upkeep
|turn|7
|c|☆rucksuk|Oof
|
|t:|1769376482
|move|p1a: Raichu|Draining Kiss|p2a: Deoxys
|-damage|p2a: Deoxys|0 fnt
|-heal|p1a: Raichu|62/100|[from] drain|[of] p2a: Deoxys
|faint|p2a: Deoxys
|
|upkeep
|
|t:|1769376488
|switch|p2a: Great Tusk|Great Tusk|100/100
|-damage|p2a: Great Tusk|84/100|[from] Spikes
|turn|8
|
|t:|1769376492
|-terastallize|p2a: Great Tusk|Ice
|move|p1a: Raichu|Psyshock|p2a: Great Tusk
|-damage|p2a: Great Tusk|37/100
|move|p2a: Great Tusk|Earthquake|p1a: Raichu
|-supereffective|p1a: Raichu
|-damage|p1a: Raichu|0 fnt
|faint|p1a: Raichu
|
|-fieldend|move: Electric Terrain
|upkeep
|
|t:|1769376517
|switch|p1a: Talonflame|Talonflame, M|100/100
|turn|9
|
|t:|1769376543
|-end|p2a: Great Tusk|Protosynthesis|[silent]
|switch|p2a: Raging Bolt|Raging Bolt|100/100
|-damage|p2a: Raging Bolt|84/100|[from] Spikes
|move|p1a: Talonflame|Brave Bird|p2a: Raging Bolt
|-resisted|p2a: Raging Bolt
|-damage|p2a: Raging Bolt|71/100
|-damage|p1a: Talonflame|95/100|[from] Recoil
|
|upkeep
|turn|10
|
|t:|1769376555
|move|p1a: Talonflame|Taunt|p2a: Raging Bolt
|-start|p2a: Raging Bolt|move: Taunt
|move|p2a: Raging Bolt|Thunderbolt|p1a: Talonflame
|-supereffective|p1a: Talonflame
|-damage|p1a: Talonflame|0 fnt
|faint|p1a: Talonflame
|-damage|p2a: Raging Bolt|61/100|[from] item: Life Orb
|
|upkeep
|
|t:|1769376567
|switch|p1a: Iron Valiant|Iron Valiant|100/100
|-damage|p1a: Iron Valiant|94/100|[from] Stealth Rock
|-enditem|p1a: Iron Valiant|Booster Energy
|-activate|p1a: Iron Valiant|ability: Quark Drive|[fromitem]
|-start|p1a: Iron Valiant|quarkdrivespe
|turn|11
|
|t:|1769376577
|move|p2a: Raging Bolt|Thunderclap|p1a: Iron Valiant
|-damage|p1a: Iron Valiant|0 fnt
|faint|p1a: Iron Valiant
|-end|p1a: Iron Valiant|Quark Drive|[silent]
|-damage|p2a: Raging Bolt|51/100|[from] item: Life Orb
|
|upkeep
|
|t:|1769376583
|switch|p1a: Iron Hands|Iron Hands|100/100
|-damage|p1a: Iron Hands|94/100|[from] Stealth Rock
|turn|12
|
|t:|1769376587
|move|p2a: Raging Bolt|Draco Meteor|p1a: Iron Hands|[miss]
|-miss|p2a: Raging Bolt|p1a: Iron Hands
|move|p1a: Iron Hands|Swords Dance|p1a: Iron Hands
|-boost|p1a: Iron Hands|atk|2
|
|-end|p2a: Raging Bolt|move: Taunt
|upkeep
|turn|13
|
|t:|1769376597
|-end|p2a: Raging Bolt|Protosynthesis|[silent]
|switch|p2a: Great Tusk|Great Tusk, tera:Ice|37/100
|-damage|p2a: Great Tusk|20/100|[from] Spikes
|move|p1a: Iron Hands|Ice Punch|p2a: Great Tusk
|-resisted|p2a: Great Tusk
|-damage|p2a: Great Tusk|0 fnt
|faint|p2a: Great Tusk
|-end|p2a: Great Tusk|Protosynthesis|[silent]
|
|upkeep
|
|t:|1769376604
|switch|p2a: Corviknight|Corviknight, M, shiny|100/100
|turn|14
|
|t:|1769376614
|move|p2a: Corviknight|Brave Bird|p1a: Iron Hands
|-damage|p1a: Iron Hands|67/100
|-damage|p2a: Corviknight|90/100|[from] Recoil
|move|p1a: Iron Hands|Thunder Punch|p2a: Corviknight
|-supereffective|p2a: Corviknight
|-crit|p2a: Corviknight
|-damage|p2a: Corviknight|0 fnt
|-damage|p1a: Iron Hands|51/100|[from] item: Rocky Helmet|[of] p2a: Corviknight
|faint|p2a: Corviknight
|
|upkeep
|
|t:|1769376623
|switch|p2a: Raging Bolt|Raging Bolt|51/100
|-damage|p2a: Raging Bolt|34/100|[from] Spikes
|turn|15
|
|t:|1769376628
|move|p2a: Raging Bolt|Draco Meteor|p1a: Iron Hands
|-damage|p1a: Iron Hands|0 fnt
|-unboost|p2a: Raging Bolt|spa|2
|faint|p1a: Iron Hands
|-end|p1a: Iron Hands|Quark Drive|[silent]
|-damage|p2a: Raging Bolt|25/100|[from] item: Life Orb
|
|upkeep
|
|t:|1769376636
|switch|p1a: Ogerpon|Ogerpon-Wellspring, F|100/100
|-damage|p1a: Ogerpon|88/100|[from] Stealth Rock
|turn|16
|
|t:|1769376641
|move|p1a: Ogerpon|Swords Dance|p1a: Ogerpon
|-boost|p1a: Ogerpon|atk|2
|move|p2a: Raging Bolt|Thunderbolt|p1a: Ogerpon
|-damage|p1a: Ogerpon|48/100
|-damage|p2a: Raging Bolt|15/100|[from] item: Life Orb
|
|upkeep
|turn|17
|
|t:|1769376650
|-terastallize|p1a: Ogerpon|Water
|detailschange|p1a: Ogerpon|Ogerpon-Wellspring-Tera, F, tera:Water
|-ability|p1a: Ogerpon|Embody Aspect (Wellspring)|boost
|-boost|p1a: Ogerpon|spd|1
|move|p2a: Raging Bolt|Thunderclap|p1a: Ogerpon
|-supereffective|p1a: Ogerpon
|-damage|p1a: Ogerpon|6/100
|-damage|p2a: Raging Bolt|5/100|[from] item: Life Orb
|move|p1a: Ogerpon|Play Rough|p2a: Raging Bolt
|-supereffective|p2a: Raging Bolt
|-damage|p2a: Raging Bolt|0 fnt
|faint|p2a: Raging Bolt
|-end|p2a: Raging Bolt|Protosynthesis|[silent]
|
|upkeep
|
|t:|1769376657
|switch|p2a: Araquanid|Araquanid, F, shiny|100/100
|-damage|p2a: Araquanid|84/100|[from] Spikes
|turn|18
|
|t:|1769376668
|move|p1a: Ogerpon|Power Whip|p2a: Araquanid
|-damage|p2a: Araquanid|0 fnt
|faint|p2a: Araquanid
|
|win|mra1990
|raw|mra1990's rating: 1165 &rarr; <strong>1193</strong><br />(+28 for winning)
|raw|rucksuk's rating: 1209 &rarr; <strong>1181</strong><br />(-28 for losing)
|l|☆rucksuk
|player|p2|
|l|☆mra1990
|player|p1|
