|j|☆poopseydoopsey
|j|☆rblt ryo
|t:|1769364276
|gametype|singles
|player|p1|poopseydoopsey|hiker-gen6|1782
|player|p2|rblt ryo|dawn|1721
|gen|9
|tier|[Gen 9] OU
|rated|
|rule|HP Percentage Mod: HP is shown in percentages
|rule|Endless Battle Clause: Forcing endless battles is banned
|rule|Species Clause: Limit one of each Pokémon
|rule|OHKO Clause: OHKO moves are banned
|rule|Evasion Items Clause: Evasion items are banned
|rule|Evasion Moves Clause: Evasion moves are banned
|rule|Evasion Abilities Clause: Evasion abilities are banned
|rule|Sleep Moves Clause: Sleep-inducing moves are banned
|clearpoke
|poke|p1|Dragapult, M|
|poke|p1|Samurott-Hisui, F|
|poke|p1|Dragonite, M|
|poke|p1|Great Tusk|
|poke|p1|Rillaboom, F|
|poke|p1|Heatran, M|
|poke|p2|Metagross|
|poke|p2|Keldeo-Resolute|
|poke|p2|Ting-Lu|
|poke|p2|Pecharunt|
|poke|p2|Dragapult, F|
|poke|p2|Zapdos|
|teampreview
|inactive|Battle timer is ON: inactive players will automatically lose when time's up. (requested by poopseydoopsey)
|inactive|poopseydoopsey has 120 seconds left.
|
|t:|1769364307
|teamsize|p1|6
|teamsize|p2|6
|start
|switch|p1a: Samurott|Samurott-Hisui, F|100/100
|switch|p2a: Zapdos|Zapdos|100/100
|turn|1
|
|t:|1769364314
|move|p2a: Zapdos|Volt Switch|p1a: Samurott
|-supereffective|p1a: Samurott
|-damage|p1a: Samurott|37/100
|
|t:|1769364320
|switch|p2a: Keldeo|Keldeo-Resolute, shiny|100/100|[from] Volt Switch
|move|p1a: Samurott|Knock Off|p2a: Keldeo
|-resisted|p2a: Keldeo
|-damage|p2a: Keldeo|74/100
|-ability|p2a: Keldeo|Justified|boost
|-boost|p2a: Keldeo|atk|1
|-enditem|p2a: Keldeo|Choice Specs|[from] move: Knock Off|[of] p1a: Samurott
|
|upkeep
|turn|2
|
|t:|1769364334
|switch|p1a: Rillaboom|Rillaboom, F|100/100
|-fieldstart|move: Grassy Terrain|[from] ability: Grassy Surge|[of] p1a: Rillaboom
|move|p2a: Keldeo|Surf|p1a: Rillaboom
|-resisted|p1a: Rillaboom
|-crit|p1a: Rillaboom
|-damage|p1a: Rillaboom|57/100
|
|-heal|p2a: Keldeo|81/100|[from] Grassy Terrain
|-heal|p1a: Rillaboom|63/100|[from] Grassy Terrain
|upkeep
|turn|3
|
|t:|1769364348
|switch|p2a: Pecharunt|Pecharunt|100/100
|switch|p1a: Dragapult|Dragapult, M|100/100
|
|upkeep
|turn|4
|j| rainspam101
|
|t:|1769364383
|switch|p1a: Samurott|Samurott-Hisui, F|37/100
|switch|p2a: Metagross|Metagross, shiny|100/100
|
|-heal|p1a: Samurott|43/100|[from] Grassy Terrain
|upkeep
|turn|5
|inactive|rblt ryo has 120 seconds left.
|
|t:|1769364418
|-terastallize|p2a: Metagross|Dark
|move|p1a: Samurott|Ceaseless Edge|p2a: Metagross
|-resisted|p2a: Metagross
|-damage|p2a: Metagross|83/100
|-sidestart|p2: rblt ryo|Spikes
|move|p2a: Metagross|Brick Break|p1a: Samurott
|-supereffective|p1a: Samurott
|-damage|p1a: Samurott|0 fnt
|faint|p1a: Samurott
|
|-heal|p2a: Metagross|90/100|[from] Grassy Terrain
|upkeep
|
|t:|1769364434
|switch|p1a: Heatran|Heatran, M|100/100
|turn|6
|
|t:|1769364455
|move|p1a: Heatran|Will-O-Wisp|p2a: Metagross|[miss]
|-miss|p1a: Heatran|p2a: Metagross
|move|p2a: Metagross|Knock Off|p1a: Heatran
|-damage|p1a: Heatran|43/100
|-enditem|p1a: Heatran|Leftovers|[from] move: Knock Off|[of] p2a: Metagross
|
|-heal|p1a: Heatran|49/100|[from] Grassy Terrain
|-heal|p2a: Metagross|96/100|[from] Grassy Terrain
|-fieldend|move: Grassy Terrain
|upkeep
|turn|7
|c|☆rblt ryo|Mb
|inactive|rblt ryo has 90 seconds left.
|
|t:|1769364477
|move|p1a: Heatran|Will-O-Wisp|p2a: Metagross
|-status|p2a: Metagross|brn
|move|p2a: Metagross|Brick Break|p1a: Heatran
|-supereffective|p1a: Heatran
|-damage|p1a: Heatran|21/100
|
|-damage|p2a: Metagross|90/100 brn|[from] brn
|upkeep
|turn|8
|c|☆poopseydoopsey|no worries
|inactive|rblt ryo has 90 seconds left.
|
|t:|1769364485
|move|p1a: Heatran|Stealth Rock|p2a: Metagross
|-sidestart|p2: rblt ryo|move: Stealth Rock
|move|p2a: Metagross|Knock Off|p1a: Heatran
|-damage|p1a: Heatran|3/100
|
|-damage|p2a: Metagross|83/100 brn|[from] brn
|upkeep
|turn|9
|inactive|rblt ryo has 90 seconds left.
|
|t:|1769364507
|move|p1a: Heatran|Magma Storm|p2a: Metagross
|-damage|p2a: Metagross|48/100 brn
|-activate|p2a: Metagross|move: Magma Storm|[of] p1a: Heatran
|move|p2a: Metagross|Zen Headbutt|p1a: Heatran
|-resisted|p1a: Heatran
|-damage|p1a: Heatran|0 fnt
|faint|p1a: Heatran
|
|-damage|p2a: Metagross|42/100 brn|[from] brn
|-end|p2a: Metagross|Magma Storm|[partiallytrapped]|[silent]
|upkeep
|j| The Educated Fool
|
|t:|1769364516
|switch|p1a: Rillaboom|Rillaboom, F|63/100
|-fieldstart|move: Grassy Terrain|[from] ability: Grassy Surge|[of] p1a: Rillaboom
|turn|10
|
|t:|1769364520
|move|p1a: Rillaboom|U-turn|p2a: Metagross
|-supereffective|p2a: Metagross
|-crit|p2a: Metagross
|-damage|p2a: Metagross|0 fnt
|faint|p2a: Metagross
|c|☆poopseydoopsey|sorry
|inactive|poopseydoopsey has 120 seconds left.
|inactive|poopseydoopsey has 90 seconds left.
|
|t:|1769364576
|switch|p1a: Dragapult|Dragapult, M|100/100|[from] U-turn
|
|upkeep
|l| rainspam101
|inactive|rblt ryo has 90 seconds left.
|
|t:|1769364609
|switch|p2a: Dragapult|Dragapult, F|100/100
|-damage|p2a: Dragapult|88/100|[from] Spikes
|-damage|p2a: Dragapult|76/100|[from] Stealth Rock
|turn|11
|inactive|poopseydoopsey has 90 seconds left.
|
|t:|1769364629
|move|p2a: Dragapult|Shadow Ball|p1a: Dragapult
|-supereffective|p1a: Dragapult
|-damage|p1a: Dragapult|0 fnt
|faint|p1a: Dragapult
|
|-heal|p2a: Dragapult|82/100|[from] Grassy Terrain
|upkeep
|inactive|poopseydoopsey has 90 seconds left.
|
|t:|1769364637
|switch|p1a: Dragonite|Dragonite, M|100/100
|turn|12
|inactive|poopseydoopsey has 90 seconds left.
|
|t:|1769364653
|switch|p2a: Pecharunt|Pecharunt|100/100
|move|p1a: Dragonite|Dragon Dance|p1a: Dragonite
|-boost|p1a: Dragonite|atk|1
|-boost|p1a: Dragonite|spe|1
|
|upkeep
|turn|13
|
|t:|1769364663
|move|p1a: Dragonite|Dragon Dance|p1a: Dragonite
|-boost|p1a: Dragonite|atk|1
|-boost|p1a: Dragonite|spe|1
|move|p2a: Pecharunt|Malignant Chain|p1a: Dragonite
|-damage|p1a: Dragonite|85/100
|-status|p1a: Dragonite|tox
|-start|p1a: Dragonite|confusion|[from] ability: Poison Puppeteer|[of] p2a: Pecharunt
|
|-damage|p1a: Dragonite|79/100 tox|[from] psn
|upkeep
|turn|14
|
|t:|1769364665
|-activate|p1a: Dragonite|confusion
|-damage|p1a: Dragonite|48/100 tox|[from] confusion
|move|p2a: Pecharunt|Foul Play|p1a: Dragonite
|-crit|p1a: Dragonite
|-damage|p1a: Dragonite|0 fnt
|faint|p1a: Dragonite
|
|-fieldend|move: Grassy Terrain
|upkeep
|
|t:|1769364669
|switch|p1a: Great Tusk|Great Tusk|100/100
|-enditem|p1a: Great Tusk|Booster Energy
|-activate|p1a: Great Tusk|ability: Protosynthesis|[fromitem]
|-start|p1a: Great Tusk|protosynthesisatk
|turn|15
|inactive|rblt ryo has 120 seconds left.
|
|t:|1769364681
|move|p1a: Great Tusk|Headlong Rush|p2a: Pecharunt
|-supereffective|p2a: Pecharunt
|-damage|p2a: Pecharunt|33/100
|-unboost|p1a: Great Tusk|def|1
|-unboost|p1a: Great Tusk|spd|1
|move|p2a: Pecharunt|Parting Shot|p1a: Great Tusk
|-unboost|p1a: Great Tusk|atk|1
|-unboost|p1a: Great Tusk|spa|1
|
|t:|1769364700
|switch|p2a: Keldeo|Keldeo-Resolute, shiny|81/100|[from] Parting Shot
|-damage|p2a: Keldeo|68/100|[from] Spikes
|-damage|p2a: Keldeo|62/100|[from] Stealth Rock
|
|upkeep
|turn|16
|
|t:|1769364719
|move|p2a: Keldeo|Surf|p1a: Great Tusk
|-supereffective|p1a: Great Tusk
|-damage|p1a: Great Tusk|0 fnt
|faint|p1a: Great Tusk
|-end|p1a: Great Tusk|Protosynthesis|[silent]
|
|upkeep
|-message|poopseydoopsey forfeited.
|
|win|rblt ryo
|raw|poopseydoopsey's rating: 1782 &rarr; <strong>1759</strong><br />(-23 for losing)
|raw|rblt ryo's rating: 1721 &rarr; <strong>1744</strong><br />(+23 for winning)
|l|☆poopseydoopsey
|player|p1|
