|j|☆BasketbaII
|j|☆BrenBrenlol
|t:|1769438055
|gametype|singles
|player|p1|BasketbaII|1|1228
|player|p2|BrenBrenlol|169|1218
|gen|9
|tier|[Gen 9] OU
|rated|
|rule|HP Percentage Mod: HP is shown in percentages
|rule|Endless Battle Clause: Forcing endless battles is banned
|rule|Species Clause: Limit one of each Pokémon
|rule|OHKO Clause: OHKO moves are banned
|rule|Evasion Items Clause: Evasion items are banned
|rule|Evasion Moves Clause: Evasion moves are banned
|rule|Evasion Abilities Clause: Evasion abilities are banned
|rule|Sleep Moves Clause: Sleep-inducing moves are banned
|clearpoke
|poke|p1|Ninetales, M|
|poke|p1|Ceruledge, M|
|poke|p1|Venusaur, M|
|poke|p1|Hatterene, F|
|poke|p1|Great Tusk|
|poke|p1|Walking Wake|
|poke|p2|Clefable, F|
|poke|p2|Greninja-*, M|
|poke|p2|Dragapult, M|
|poke|p2|Zamazenta-*|
|poke|p2|Pecharunt|
|poke|p2|Tentacruel, M|
|teampreview
|
|t:|1769438066
|teamsize|p1|6
|teamsize|p2|6
|start
|switch|p1a: Ninetales|Ninetales, M|100/100
|switch|p2a: Zamazenta|Zamazenta, shiny|100/100
|-ability|p2a: Zamazenta|Dauntless Shield|boost
|-boost|p2a: Zamazenta|def|1
|-weather|SunnyDay|[from] ability: Drought|[of] p1a: Ninetales
|turn|1
|
|t:|1769438072
|move|p2a: Zamazenta|Body Press|p1a: Ninetales
|-damage|p1a: Ninetales|34/100
|move|p1a: Ninetales|Will-O-Wisp|p2a: Zamazenta
|-status|p2a: Zamazenta|brn
|
|-weather|SunnyDay|[upkeep]
|-damage|p2a: Zamazenta|94/100 brn|[from] brn
|upkeep
|turn|2
|
|t:|1769438084
|switch|p1a: Great Tusk|Great Tusk|100/100
|-activate|p1a: Great Tusk|ability: Protosynthesis
|-start|p1a: Great Tusk|protosynthesisspe
|move|p2a: Zamazenta|Body Press|p1a: Great Tusk
|-damage|p1a: Great Tusk|85/100
|-damage|p2a: Zamazenta|78/100 brn|[from] item: Rocky Helmet|[of] p1a: Great Tusk
|
|-weather|SunnyDay|[upkeep]
|-damage|p2a: Zamazenta|72/100 brn|[from] brn
|upkeep
|turn|3
|
|t:|1769438098
|switch|p2a: Greninja|Greninja, M, shiny|100/100
|move|p1a: Great Tusk|Stealth Rock|p2a: Greninja
|-sidestart|p2: BrenBrenlol|move: Stealth Rock
|
|-weather|SunnyDay|[upkeep]
|upkeep
|turn|4
|
|t:|1769438102
|move|p2a: Greninja|Extrasensory|p1a: Great Tusk
|-start|p2a: Greninja|typechange|Psychic|[from] ability: Protean
|-supereffective|p1a: Great Tusk
|-damage|p1a: Great Tusk|0 fnt
|faint|p1a: Great Tusk
|-end|p1a: Great Tusk|Protosynthesis|[silent]
|
|-weather|SunnyDay|[upkeep]
|upkeep
|
|t:|1769438109
|switch|p1a: Ceruledge|Ceruledge, M|100/100
|turn|5
|
|t:|1769438117
|switch|p2a: Tentacruel|Tentacruel, M|100/100
|-damage|p2a: Tentacruel|88/100|[from] Stealth Rock
|move|p1a: Ceruledge|Swords Dance|p1a: Ceruledge
|-boost|p1a: Ceruledge|atk|2
|
|-weather|SunnyDay|[upkeep]
|-heal|p2a: Tentacruel|94/100|[from] item: Black Sludge
|upkeep
|turn|6
|
|t:|1769438129
|-terastallize|p1a: Ceruledge|Fighting
|move|p1a: Ceruledge|Swords Dance|p1a: Ceruledge
|-boost|p1a: Ceruledge|atk|2
|move|p2a: Tentacruel|Haze|p2a: Tentacruel
|-clearallboost
|
|-weather|SunnyDay|[upkeep]
|-heal|p2a: Tentacruel|99/100|[from] item: Black Sludge
|upkeep
|turn|7
|
|t:|1769438134
|switch|p1a: Hatterene|Hatterene, F|100/100
|move|p2a: Tentacruel|Toxic Spikes|p1a: Hatterene
|move|p1a: Hatterene|Toxic Spikes|p2a: Tentacruel|[from] ability: Magic Bounce
|-sidestart|p2: BrenBrenlol|move: Toxic Spikes
|
|-weather|SunnyDay|[upkeep]
|-heal|p2a: Tentacruel|100/100|[from] item: Black Sludge
|upkeep
|turn|8
|
|t:|1769438139
|move|p2a: Tentacruel|Rapid Spin|p1a: Hatterene
|-damage|p1a: Hatterene|94/100
|-boost|p2a: Tentacruel|spe|1
|-sideend|p2: BrenBrenlol|Toxic Spikes|[from] move: Rapid Spin|[of] p2a: Tentacruel
|-sideend|p2: BrenBrenlol|Stealth Rock|[from] move: Rapid Spin|[of] p2a: Tentacruel
|-enditem|p1a: Hatterene|Eject Button
|
|t:|1769438149
|switch|p1a: Walking Wake|Walking Wake|100/100
|-activate|p1a: Walking Wake|ability: Protosynthesis
|-start|p1a: Walking Wake|protosynthesisspa
|
|-weather|none
|-end|p1a: Walking Wake|Protosynthesis
|upkeep
|turn|9
|
|t:|1769438156
|move|p1a: Walking Wake|Draco Meteor|p2a: Tentacruel
|-damage|p2a: Tentacruel|44/100
|-unboost|p1a: Walking Wake|spa|2
|move|p2a: Tentacruel|Mirror Coat|p1a: Walking Wake
|-damage|p1a: Walking Wake|0 fnt
|faint|p1a: Walking Wake
|-end|p1a: Walking Wake|Protosynthesis|[silent]
|
|-heal|p2a: Tentacruel|50/100|[from] item: Black Sludge
|upkeep
|
|t:|1769438161
|switch|p1a: Ninetales|Ninetales, M|34/100
|-weather|SunnyDay|[from] ability: Drought|[of] p1a: Ninetales
|turn|10
|
|t:|1769438165
|switch|p1a: Hatterene|Hatterene, F|94/100
|move|p2a: Tentacruel|Toxic Spikes|p1a: Hatterene
|move|p1a: Hatterene|Toxic Spikes|p2a: Tentacruel|[from] ability: Magic Bounce
|-sidestart|p2: BrenBrenlol|move: Toxic Spikes
|
|-weather|SunnyDay|[upkeep]
|-heal|p2a: Tentacruel|57/100|[from] item: Black Sludge
|upkeep
|turn|11
|
|t:|1769438169
|move|p2a: Tentacruel|Rapid Spin|p1a: Hatterene
|-damage|p1a: Hatterene|87/100
|-boost|p2a: Tentacruel|spe|1
|-sideend|p2: BrenBrenlol|Toxic Spikes|[from] move: Rapid Spin|[of] p2a: Tentacruel
|move|p1a: Hatterene|Psychic Noise|p2a: Tentacruel
|-supereffective|p2a: Tentacruel
|-damage|p2a: Tentacruel|17/100
|-start|p2a: Tentacruel|move: Heal Block
|
|-weather|SunnyDay|[upkeep]
|upkeep
|turn|12
|
|t:|1769438178
|switch|p2a: Greninja|Greninja, M, shiny|100/100
|move|p1a: Hatterene|Psychic Noise|p2a: Greninja
|-immune|p2a: Greninja
|
|-weather|SunnyDay|[upkeep]
|upkeep
|turn|13
|
|t:|1769438186
|move|p2a: Greninja|Ice Beam|p1a: Hatterene
|-start|p2a: Greninja|typechange|Ice|[from] ability: Protean
|-damage|p1a: Hatterene|49/100
|move|p1a: Hatterene|Nuzzle|p2a: Greninja
|-damage|p2a: Greninja|94/100
|-status|p2a: Greninja|par
|
|-weather|SunnyDay|[upkeep]
|upkeep
|turn|14
|
|t:|1769438196
|move|p2a: Greninja|Ice Beam|p1a: Hatterene
|-damage|p1a: Hatterene|11/100
|move|p1a: Hatterene|Healing Wish|p1a: Hatterene
|faint|p1a: Hatterene
|
|-weather|SunnyDay|[upkeep]
|upkeep
|
|t:|1769438199
|switch|p1a: Ninetales|Ninetales, M|34/100
|-heal|p1a: Ninetales|100/100|[from] move: Healing Wish
|turn|15
|
|t:|1769438203
|switch|p1a: Venusaur|Venusaur, M|100/100
|switch|p2a: Tentacruel|Tentacruel, M|17/100
|
|-weather|SunnyDay|[upkeep]
|-heal|p2a: Tentacruel|23/100|[from] item: Black Sludge
|upkeep
|turn|16
|
|t:|1769438208
|move|p1a: Venusaur|Growth|p1a: Venusaur
|-boost|p1a: Venusaur|atk|2
|-boost|p1a: Venusaur|spa|2
|move|p2a: Tentacruel|Toxic Spikes|p1a: Venusaur
|-sidestart|p1: BasketbaII|move: Toxic Spikes
|
|-weather|SunnyDay|[upkeep]
|-heal|p2a: Tentacruel|29/100|[from] item: Black Sludge
|upkeep
|turn|17
|
|t:|1769438213
|move|p1a: Venusaur|Weather Ball|p2a: Tentacruel
|-resisted|p2a: Tentacruel
|-damage|p2a: Tentacruel|0 fnt
|faint|p2a: Tentacruel
|-damage|p1a: Venusaur|91/100|[from] item: Life Orb
|
|-weather|none
|upkeep
|
|t:|1769438226
|switch|p2a: Clefable|Clefable, F|100/100
|turn|18
|
|t:|1769438232
|-terastallize|p2a: Clefable|Steel
|move|p1a: Venusaur|Sludge Bomb|p2a: Clefable
|-immune|p2a: Clefable
|move|p2a: Clefable|Calm Mind|p2a: Clefable
|-boost|p2a: Clefable|spa|1
|-boost|p2a: Clefable|spd|1
|
|upkeep
|turn|19
|
|t:|1769438237
|switch|p1a: Ninetales|Ninetales, M|100/100
|-status|p1a: Ninetales|psn
|-weather|SunnyDay|[from] ability: Drought|[of] p1a: Ninetales
|move|p2a: Clefable|Calm Mind|p2a: Clefable
|-boost|p2a: Clefable|spa|1
|-boost|p2a: Clefable|spd|1
|
|-weather|SunnyDay|[upkeep]
|-damage|p1a: Ninetales|88/100 psn|[from] psn
|upkeep
|turn|20
|
|t:|1769438242
|switch|p2a: Pecharunt|Pecharunt|100/100
|move|p1a: Ninetales|Encore||[still]
|-fail|p1a: Ninetales
|
|-weather|SunnyDay|[upkeep]
|-damage|p1a: Ninetales|76/100 psn|[from] psn
|upkeep
|turn|21
|
|t:|1769438249
|switch|p1a: Venusaur|Venusaur, M|91/100
|-sideend|p1: BasketbaII|move: Toxic Spikes|[of] p1a: Venusaur
|move|p2a: Pecharunt|Malignant Chain|p1a: Venusaur
|-crit|p1a: Venusaur
|-damage|p1a: Venusaur|36/100
|
|-weather|SunnyDay|[upkeep]
|upkeep
|turn|22
|
|t:|1769438253
|switch|p1a: Ceruledge|Ceruledge, M, tera:Fighting|100/100
|move|p2a: Pecharunt|Malignant Chain|p1a: Ceruledge
|-damage|p1a: Ceruledge|64/100
|
|-weather|SunnyDay|[upkeep]
|upkeep
|turn|23
|
|t:|1769438258
|move|p1a: Ceruledge|Swords Dance|p1a: Ceruledge
|-boost|p1a: Ceruledge|atk|2
|move|p2a: Pecharunt|Foul Play|p1a: Ceruledge
|-resisted|p1a: Ceruledge
|-damage|p1a: Ceruledge|13/100
|-ability|p1a: Ceruledge|Weak Armor|boost
|-unboost|p1a: Ceruledge|def|1
|-boost|p1a: Ceruledge|spe|2
|
|-weather|SunnyDay|[upkeep]
|upkeep
|turn|24
|
|t:|1769438262
|move|p1a: Ceruledge|Shadow Sneak|p2a: Pecharunt
|-supereffective|p2a: Pecharunt
|-damage|p2a: Pecharunt|61/100
|-damage|p1a: Ceruledge|0 fnt|[from] item: Rocky Helmet|[of] p2a: Pecharunt
|faint|p1a: Ceruledge
|move|p2a: Pecharunt|Malignant Chain|p1: Ceruledge|[notarget]
|-fail|p2a: Pecharunt
|
|-weather|SunnyDay|[upkeep]
|upkeep
|
|t:|1769438270
|switch|p1a: Venusaur|Venusaur, M|36/100
|turn|25
|
|t:|1769438275
|move|p1a: Venusaur|Weather Ball|p2a: Pecharunt
|-damage|p2a: Pecharunt|0 fnt
|faint|p2a: Pecharunt
|-damage|p1a: Venusaur|26/100|[from] item: Life Orb
|
|-weather|SunnyDay|[upkeep]
|upkeep
|
|t:|1769438280
|switch|p2a: Clefable|Clefable, F, tera:Steel|100/100
|turn|26
|
|t:|1769438283
|move|p1a: Venusaur|Weather Ball|p2a: Clefable
|-supereffective|p2a: Clefable
|-crit|p2a: Clefable
|-damage|p2a: Clefable|0 fnt
|faint|p2a: Clefable
|-damage|p1a: Venusaur|16/100|[from] item: Life Orb
|
|-weather|none
|upkeep
|
|t:|1769438293
|switch|p2a: Dragapult|Dragapult, M|100/100
|turn|27
|
|t:|1769438296
|switch|p1a: Ninetales|Ninetales, M|76/100 psn
|-weather|SunnyDay|[from] ability: Drought|[of] p1a: Ninetales
|move|p2a: Dragapult|U-turn|p1a: Ninetales
|-resisted|p1a: Ninetales
|-damage|p1a: Ninetales|54/100 psn
|
|t:|1769438298
|switch|p2a: Zamazenta|Zamazenta, shiny|72/100 brn|[from] U-turn
|
|-weather|SunnyDay|[upkeep]
|-damage|p1a: Ninetales|41/100 psn|[from] psn
|-damage|p2a: Zamazenta|65/100 brn|[from] brn
|upkeep
|turn|28
|
|t:|1769438301
|move|p2a: Zamazenta|Body Press|p1a: Ninetales
|-damage|p1a: Ninetales|20/100 psn
|move|p1a: Ninetales|Healing Wish|p1a: Ninetales
|faint|p1a: Ninetales
|
|-weather|SunnyDay|[upkeep]
|-damage|p2a: Zamazenta|59/100 brn|[from] brn
|upkeep
|
|t:|1769438304
|switch|p1a: Venusaur|Venusaur, M|16/100
|-heal|p1a: Venusaur|100/100|[from] move: Healing Wish
|turn|29
|
|t:|1769438309
|move|p1a: Venusaur|Growth|p1a: Venusaur
|-boost|p1a: Venusaur|atk|2
|-boost|p1a: Venusaur|spa|2
|move|p2a: Zamazenta|Fire Fang|p1a: Venusaur
|-supereffective|p1a: Venusaur
|-damage|p1a: Venusaur|67/100
|
|-weather|SunnyDay|[upkeep]
|-damage|p2a: Zamazenta|53/100 brn|[from] brn
|upkeep
|turn|30
|
|t:|1769438312
|move|p1a: Venusaur|Weather Ball|p2a: Zamazenta
|-damage|p2a: Zamazenta|0 fnt
|faint|p2a: Zamazenta
|-damage|p1a: Venusaur|57/100|[from] item: Life Orb
|
|-weather|SunnyDay|[upkeep]
|upkeep
|
|t:|1769438318
|switch|p2a: Greninja|Greninja, M, shiny|94/100 par
|turn|31
|
|t:|1769438320
|move|p1a: Venusaur|Giga Drain|p2a: Greninja
|-supereffective|p2a: Greninja
|-damage|p2a: Greninja|0 fnt
|-heal|p1a: Venusaur|100/100|[from] drain|[of] p2a: Greninja
|faint|p2a: Greninja
|-damage|p1a: Venusaur|91/100|[from] item: Life Orb
|
|-weather|SunnyDay|[upkeep]
|upkeep
|
|t:|1769438323
|switch|p2a: Dragapult|Dragapult, M|100/100
|turn|32
|
|t:|1769438327
|move|p1a: Venusaur|Weather Ball|p2a: Dragapult
|-resisted|p2a: Dragapult
|-damage|p2a: Dragapult|20/100
|-damage|p1a: Venusaur|81/100|[from] item: Life Orb
|move|p2a: Dragapult|Dragon Darts|p1a: Venusaur
|-damage|p1a: Venusaur|33/100
|-anim|p2a: Dragapult|Dragon Darts|p1a: Venusaur
|-damage|p1a: Venusaur|0 fnt
|faint|p1a: Venusaur
|
|win|BrenBrenlol
|raw|BasketbaII's rating: 1228 &rarr; <strong>1202</strong><br />(-26 for losing)
|raw|BrenBrenlol's rating: 1218 &rarr; <strong>1244</strong><br />(+26 for winning)
|c|☆BasketbaII|ahhhh
|c|☆BasketbaII|dude
|c|☆BrenBrenlol|gg
|c|☆BasketbaII|i tried so hard
