|j|☆blckd out
|j|☆CambridgeFoulPlay
|t:|1769343101
|gametype|singles
|player|p1|blckd out|lucas-gen4pt|1722
|player|p2|CambridgeFoulPlay|266|1835
|gen|9
|tier|[Gen 9] OU
|rated|
|rule|HP Percentage Mod: HP is shown in percentages
|rule|Endless Battle Clause: Forcing endless battles is banned
|rule|Species Clause: Limit one of each Pokémon
|rule|OHKO Clause: OHKO moves are banned
|rule|Evasion Items Clause: Evasion items are banned
|rule|Evasion Moves Clause: Evasion moves are banned
|rule|Evasion Abilities Clause: Evasion abilities are banned
|rule|Sleep Moves Clause: Sleep-inducing moves are banned
|clearpoke
|poke|p1|Gholdengo|
|poke|p1|Raging Bolt|
|poke|p1|Ceruledge, F|
|poke|p1|Ribombee, M|
|poke|p1|Ogerpon-Wellspring, F|
|poke|p1|Great Tusk|
|poke|p2|Hydrapple, M|
|poke|p2|Tyranitar, F|
|poke|p2|Moltres|
|poke|p2|Zamazenta-*|
|poke|p2|Slowking-Galar, M|
|poke|p2|Excadrill, F|
|teampreview
|
|t:|1769343104
|teamsize|p1|6
|teamsize|p2|6
|start
|switch|p1a: Ribombee|Ribombee, M|100/100
|switch|p2a: Tyranitar|Tyranitar, F|100/100
|-weather|Sandstorm|[from] ability: Sand Stream|[of] p2a: Tyranitar
|turn|1
|c|☆CambridgeFoulPlay|hf
|inactive|Battle timer is ON: inactive players will automatically lose when time's up. (requested by CambridgeFoulPlay)
|inactive|blckd out has 120 seconds left.
|
|t:|1769343144
|move|p1a: Ribombee|Sticky Web|p2a: Tyranitar
|-sidestart|p2: CambridgeFoulPlay|move: Sticky Web
|move|p2a: Tyranitar|Stealth Rock|p1a: Ribombee
|-sidestart|p1: blckd out|move: Stealth Rock
|
|-weather|Sandstorm|[upkeep]
|-damage|p1a: Ribombee|94/100|[from] Sandstorm
|upkeep
|turn|2
|
|t:|1769343150
|switch|p1a: Ogerpon|Ogerpon-Wellspring, F|100/100
|-damage|p1a: Ogerpon|88/100|[from] Stealth Rock
|move|p2a: Tyranitar|Knock Off|p1a: Ogerpon
|-crit|p1a: Ogerpon
|-damage|p1a: Ogerpon|34/100
|
|-weather|Sandstorm|[upkeep]
|-damage|p1a: Ogerpon|28/100|[from] Sandstorm
|upkeep
|turn|3
|
|t:|1769343152
|switch|p2a: Hydrapple|Hydrapple, M|100/100
|move|p1a: Ogerpon|Swords Dance|p1a: Ogerpon
|-boost|p1a: Ogerpon|atk|2
|
|-weather|Sandstorm|[upkeep]
|-damage|p1a: Ogerpon|22/100|[from] Sandstorm
|-damage|p2a: Hydrapple|94/100|[from] Sandstorm
|upkeep
|turn|4
|
|t:|1769343154
|move|p1a: Ogerpon|Play Rough|p2a: Hydrapple
|-supereffective|p2a: Hydrapple
|-damage|p2a: Hydrapple|14/100
|move|p2a: Hydrapple|Earth Power|p1a: Ogerpon
|-resisted|p1a: Ogerpon
|-damage|p1a: Ogerpon|8/100
|
|-weather|Sandstorm|[upkeep]
|-damage|p1a: Ogerpon|2/100|[from] Sandstorm
|-damage|p2a: Hydrapple|8/100|[from] Sandstorm
|upkeep
|turn|5
|
|t:|1769343160
|move|p1a: Ogerpon|Horn Leech|p2a: Hydrapple
|-resisted|p2a: Hydrapple
|-damage|p2a: Hydrapple|0 fnt
|-heal|p1a: Ogerpon|7/100|[from] drain|[of] p2a: Hydrapple
|faint|p2a: Hydrapple
|
|-weather|Sandstorm|[upkeep]
|-damage|p1a: Ogerpon|1/100|[from] Sandstorm
|upkeep
|
|t:|1769343161
|switch|p2a: Excadrill|Excadrill, F|100/100
|-item|p2a: Excadrill|Air Balloon
|turn|6
|
|t:|1769343172
|switch|p1a: Ceruledge|Ceruledge, F|100/100
|-damage|p1a: Ceruledge|76/100|[from] Stealth Rock
|move|p2a: Excadrill|Rapid Spin|p1a: Ceruledge
|-immune|p1a: Ceruledge
|
|-weather|Sandstorm|[upkeep]
|-damage|p1a: Ceruledge|70/100|[from] Sandstorm
|upkeep
|turn|7
|
|t:|1769343180
|-terastallize|p1a: Ceruledge|Ghost
|move|p2a: Excadrill|Earthquake|p1a: Ceruledge
|-damage|p1a: Ceruledge|0 fnt
|faint|p1a: Ceruledge
|
|-weather|Sandstorm|[upkeep]
|upkeep
|
|t:|1769343187
|switch|p1a: Gholdengo|Gholdengo|100/100
|-damage|p1a: Gholdengo|94/100|[from] Stealth Rock
|-item|p1a: Gholdengo|Air Balloon
|turn|8
|
|t:|1769343190
|move|p2a: Excadrill|Iron Head|p1a: Gholdengo
|-resisted|p1a: Gholdengo
|-damage|p1a: Gholdengo|69/100
|-enditem|p1a: Gholdengo|Air Balloon
|cant|p1a: Gholdengo|flinch
|
|-weather|none
|upkeep
|turn|9
|
|t:|1769343194
|move|p2a: Excadrill|Earthquake|p1a: Gholdengo
|-supereffective|p1a: Gholdengo
|-damage|p1a: Gholdengo|0 fnt
|faint|p1a: Gholdengo
|
|upkeep
|-message|blckd out forfeited.
|
|win|CambridgeFoulPlay
|raw|blckd out's rating: 1722 &rarr; <strong>1708</strong><br />(-14 for losing)
|raw|CambridgeFoulPlay's rating: 1835 &rarr; <strong>1849</strong><br />(+14 for winning)
|c|☆CambridgeFoulPlay|gg
|l|☆blckd out
|player|p1|
|l|☆CambridgeFoulPlay
|player|p2|
