|j|☆CryingDaniel
|j|☆FaizBKing
|t:|1769421539
|gametype|singles
|player|p1|CryingDaniel|waitress-gen4|1114
|player|p2|FaizBKing|265|1135
|gen|9
|tier|[Gen 9] OU
|rated|
|rule|HP Percentage Mod: HP is shown in percentages
|rule|Endless Battle Clause: Forcing endless battles is banned
|rule|Species Clause: Limit one of each Pokémon
|rule|OHKO Clause: OHKO moves are banned
|rule|Evasion Items Clause: Evasion items are banned
|rule|Evasion Moves Clause: Evasion moves are banned
|rule|Evasion Abilities Clause: Evasion abilities are banned
|rule|Sleep Moves Clause: Sleep-inducing moves are banned
|clearpoke
|poke|p1|Regigigas|
|poke|p1|Pelipper, M|
|poke|p1|Floatzel, M|
|poke|p1|Kingambit, M|
|poke|p1|Slowking-Galar, F|
|poke|p1|Forretress, M|
|poke|p2|Gliscor, M|
|poke|p2|Dragapult, F|
|poke|p2|Gholdengo|
|poke|p2|Iron Moth|
|poke|p2|Ogerpon-Wellspring, F|
|poke|p2|Primarina, M|
|teampreview
|inactive|Battle timer is ON: inactive players will automatically lose when time's up. (requested by FaizBKing)
|
|t:|1769421548
|teamsize|p1|6
|teamsize|p2|6
|start
|switch|p1a: Pelipper|Pelipper, M|100/100
|switch|p2a: Ogerpon|Ogerpon-Wellspring, F|100/100
|-weather|RainDance|[from] ability: Drizzle|[of] p1a: Pelipper
|turn|1
|
|t:|1769421558
|move|p2a: Ogerpon|Swords Dance|p2a: Ogerpon
|-boost|p2a: Ogerpon|atk|2
|move|p1a: Pelipper|U-turn|p2a: Ogerpon
|-supereffective|p2a: Ogerpon
|-damage|p2a: Ogerpon|79/100
|
|t:|1769421572
|switch|p1a: Regigigas|Regigigas, shiny|100/100|[from] U-turn
|-start|p1a: Regigigas|ability: Slow Start
|
|-weather|RainDance|[upkeep]
|upkeep
|turn|2
|
|t:|1769421583
|move|p2a: Ogerpon|Power Whip|p1a: Regigigas
|-damage|p1a: Regigigas|0 fnt
|faint|p1a: Regigigas
|
|-weather|RainDance|[upkeep]
|upkeep
|c|☆CryingDaniel|nooo
|c|☆CryingDaniel|my regigigas
|
|t:|1769421600
|switch|p1a: Floatzel|Floatzel, M, shiny|100/100
|turn|3
|c|☆FaizBKing|Sorry :p
|
|t:|1769421611
|move|p1a: Floatzel|Ice Spinner|p2a: Ogerpon
|-damage|p2a: Ogerpon|35/100
|move|p2a: Ogerpon|Power Whip|p1a: Floatzel
|-supereffective|p1a: Floatzel
|-damage|p1a: Floatzel|0 fnt
|faint|p1a: Floatzel
|
|-weather|RainDance|[upkeep]
|upkeep
|
|t:|1769421621
|switch|p1a: Kingambit|Kingambit, M|100/100
|-activate|p1a: Kingambit|ability: Supreme Overlord
|-start|p1a: Kingambit|fallen2|[silent]
|-item|p1a: Kingambit|Air Balloon
|turn|4
|
|t:|1769421637
|move|p1a: Kingambit|Sucker Punch|p2a: Ogerpon
|-damage|p2a: Ogerpon|0 fnt
|faint|p2a: Ogerpon
|
|-weather|RainDance|[upkeep]
|upkeep
|
|t:|1769421647
|switch|p2a: Iron Moth|Iron Moth|100/100
|-item|p2a: Iron Moth|Air Balloon
|turn|5
|
|t:|1769421672
|-end|p1a: Kingambit|fallen2|[silent]
|switch|p1a: Slowking|Slowking-Galar, F|100/100
|move|p2a: Iron Moth|Fiery Dance|p1a: Slowking
|-damage|p1a: Slowking|89/100
|-boost|p2a: Iron Moth|spa|1
|
|-weather|none
|-heal|p1a: Slowking|95/100|[from] item: Leftovers
|upkeep
|turn|6
|inactive|FaizBKing has 120 seconds left.
|
|t:|1769421706
|-end|p2a: Iron Moth|Quark Drive|[silent]
|switch|p2a: Gliscor|Gliscor, M|100/100
|switch|p1a: Pelipper|Pelipper, M|100/100
|-weather|RainDance|[from] ability: Drizzle|[of] p1a: Pelipper
|
|-weather|RainDance|[upkeep]
|-status|p2a: Gliscor|tox|[from] item: Toxic Orb
|upkeep
|turn|7
|inactive|FaizBKing has 120 seconds left.
|
|t:|1769421718
|switch|p2a: Dragapult|Dragapult, F|100/100
|move|p1a: Pelipper|Ice Beam|p2a: Dragapult
|-supereffective|p2a: Dragapult
|-damage|p2a: Dragapult|58/100
|
|-weather|RainDance|[upkeep]
|upkeep
|turn|8
|inactive|FaizBKing has 120 seconds left.
|
|t:|1769421728
|move|p2a: Dragapult|Thunderbolt|p1a: Pelipper
|-supereffective|p1a: Pelipper
|-damage|p1a: Pelipper|24/100
|move|p1a: Pelipper|Ice Beam|p2a: Dragapult
|-supereffective|p2a: Dragapult
|-damage|p2a: Dragapult|12/100
|
|-weather|RainDance|[upkeep]
|upkeep
|turn|9
|
|t:|1769421736
|move|p2a: Dragapult|Thunderbolt|p1a: Pelipper
|-supereffective|p1a: Pelipper
|-damage|p1a: Pelipper|0 fnt
|faint|p1a: Pelipper
|
|-weather|RainDance|[upkeep]
|upkeep
|
|t:|1769421749
|switch|p1a: Slowking|Slowking-Galar, F|100/100
|turn|10
|c|☆FaizBKing|Nice game
|c|☆CryingDaniel|?
|
|t:|1769421766
|-terastallize|p2a: Dragapult|Ghost
|move|p2a: Dragapult|Phantom Force||[still]
|-prepare|p2a: Dragapult|Phantom Force
|-enditem|p2a: Dragapult|Power Herb
|-anim|p2a: Dragapult|Phantom Force|p1a: Slowking
|-supereffective|p1a: Slowking
|-damage|p1a: Slowking|0 fnt
|faint|p1a: Slowking
|
|-weather|none
|upkeep
|c|☆CryingDaniel|thx u2
|
|t:|1769421778
|switch|p1a: Kingambit|Kingambit, M|100/100
|-activate|p1a: Kingambit|ability: Supreme Overlord
|-start|p1a: Kingambit|fallen4|[silent]
|-item|p1a: Kingambit|Air Balloon
|turn|11
|c|☆FaizBKing|Kingambit is an annoying pokemon for me
|inactive|FaizBKing has 120 seconds left.
|c|☆CryingDaniel|m2
|
|t:|1769421821
|move|p1a: Kingambit|Sucker Punch|p2a: Dragapult
|-supereffective|p2a: Dragapult
|-damage|p2a: Dragapult|0 fnt
|faint|p2a: Dragapult
|
|upkeep
|
|t:|1769421831
|switch|p2a: Gliscor|Gliscor, M|100/100 tox
|turn|12
|
|t:|1769421834
|move|p2a: Gliscor|Earthquake|p1a: Kingambit
|-immune|p1a: Kingambit
|move|p1a: Kingambit|Swords Dance|p1a: Kingambit
|-boost|p1a: Kingambit|atk|2
|
|upkeep
|turn|13
|c|☆CryingDaniel|damm
|
|t:|1769421848
|switch|p2a: Iron Moth|Iron Moth|100/100
|-item|p2a: Iron Moth|Air Balloon
|move|p1a: Kingambit|Sucker Punch||[still]
|-fail|p1a: Kingambit
|
|upkeep
|turn|14
|inactive|FaizBKing has 120 seconds left.
|c|☆FaizBKing|Shitt, I didn't noticed it had Air Baloon :(
|
|t:|1769421865
|move|p1a: Kingambit|Sucker Punch|p2a: Iron Moth
|-damage|p2a: Iron Moth|0 fnt
|-enditem|p2a: Iron Moth|Air Balloon
|faint|p2a: Iron Moth
|-end|p2a: Iron Moth|Quark Drive|[silent]
|
|upkeep
|
|t:|1769421874
|switch|p2a: Gholdengo|Gholdengo|100/100
|-item|p2a: Gholdengo|Air Balloon
|turn|15
|c|☆CryingDaniel|damm my bad:(
|
|t:|1769421894
|move|p1a: Kingambit|Sucker Punch|p2a: Gholdengo
|-supereffective|p2a: Gholdengo
|-damage|p2a: Gholdengo|0 fnt
|-enditem|p2a: Gholdengo|Air Balloon
|faint|p2a: Gholdengo
|
|upkeep
|
|t:|1769421909
|switch|p2a: Primarina|Primarina, M|100/100
|turn|16
|
|t:|1769421919
|move|p1a: Kingambit|Sucker Punch|p2a: Primarina
|-resisted|p2a: Primarina
|-damage|p2a: Primarina|41/100
|move|p2a: Primarina|Surf|p1a: Kingambit
|-damage|p1a: Kingambit|62/100
|-enditem|p1a: Kingambit|Air Balloon
|
|-heal|p2a: Primarina|47/100|[from] item: Leftovers
|upkeep
|turn|17
|c|☆CryingDaniel|ooh
|
|t:|1769421946
|-terastallize|p1a: Kingambit|Fairy
|move|p2a: Primarina|Moonblast|p1a: Kingambit
|-damage|p1a: Kingambit|23/100
|move|p1a: Kingambit|Swords Dance|p1a: Kingambit
|-boost|p1a: Kingambit|atk|2
|
|-heal|p2a: Primarina|53/100|[from] item: Leftovers
|upkeep
|turn|18
|inactive|FaizBKing has 90 seconds left.
|
|t:|1769421974
|move|p1a: Kingambit|Sucker Punch|p2a: Primarina
|-resisted|p2a: Primarina
|-damage|p2a: Primarina|0 fnt
|faint|p2a: Primarina
|
|upkeep
|
|t:|1769421979
|switch|p2a: Gliscor|Gliscor, M|100/100 tox
|turn|19
|inactive|FaizBKing has 90 seconds left.
|
|t:|1769421987
|move|p1a: Kingambit|Sucker Punch|p2a: Gliscor
|-damage|p2a: Gliscor|0 fnt
|faint|p2a: Gliscor
|
|win|CryingDaniel
|raw|CryingDaniel's rating: 1114 &rarr; <strong>1141</strong><br />(+27 for winning)
|raw|FaizBKing's rating: 1135 &rarr; <strong>1108</strong><br />(-27 for losing)
|c|☆CryingDaniel|ggs
|c|☆CryingDaniel|wp
|l|☆CryingDaniel
|player|p1|
|c|☆FaizBKing|nice game
|l|☆FaizBKing
|player|p2|
