|j|☆Athocus
|j|☆LingPingDing
|t:|1769416493
|gametype|singles
|player|p1|Athocus|1|1159
|player|p2|LingPingDing|101|1125
|gen|9
|tier|[Gen 9] OU
|rated|
|rule|HP Percentage Mod: HP is shown in percentages
|rule|Endless Battle Clause: Forcing endless battles is banned
|rule|Species Clause: Limit one of each Pokémon
|rule|OHKO Clause: OHKO moves are banned
|rule|Evasion Items Clause: Evasion items are banned
|rule|Evasion Moves Clause: Evasion moves are banned
|rule|Evasion Abilities Clause: Evasion abilities are banned
|rule|Sleep Moves Clause: Sleep-inducing moves are banned
|clearpoke
|poke|p1|Scizor, F|
|poke|p1|Tyranitar, M|
|poke|p1|Clefable, F|
|poke|p1|Cinderace, M|
|poke|p1|Gliscor, M|
|poke|p1|Walking Wake|
|poke|p2|Dragonite, M|
|poke|p2|Zapdos|
|poke|p2|Ogerpon-Wellspring, F|
|poke|p2|Iron Treads|
|poke|p2|Iron Moth|
|poke|p2|Gliscor, F|
|teampreview
|inactive|Battle timer is ON: inactive players will automatically lose when time's up. (requested by LingPingDing)
|
|t:|1769416512
|teamsize|p1|6
|teamsize|p2|6
|start
|switch|p1a: Tyranitar|Tyranitar, M|100/100
|switch|p2a: Gliscor|Gliscor, F|100/100
|-weather|Sandstorm|[from] ability: Sand Stream|[of] p1a: Tyranitar
|turn|1
|
|t:|1769416536
|switch|p1a: Walking Wake|Walking Wake|100/100
|-enditem|p1a: Walking Wake|Booster Energy
|-activate|p1a: Walking Wake|ability: Protosynthesis|[fromitem]
|-start|p1a: Walking Wake|protosynthesisspa
|move|p2a: Gliscor|Protect||[still]
|-fail|p2a: Gliscor
|
|-weather|Sandstorm|[upkeep]
|-damage|p1a: Walking Wake|94/100|[from] Sandstorm
|-status|p2a: Gliscor|tox|[from] item: Toxic Orb
|upkeep
|turn|2
|
|t:|1769416561
|switch|p2a: Ogerpon|Ogerpon-Wellspring, F|100/100
|move|p1a: Walking Wake|Surf|p2a: Ogerpon
|-immune|p2a: Ogerpon|[from] ability: Water Absorb
|
|-weather|Sandstorm|[upkeep]
|-damage|p2a: Ogerpon|95/100|[from] Sandstorm
|-damage|p1a: Walking Wake|88/100|[from] Sandstorm
|upkeep
|turn|3
|
|t:|1769416575
|switch|p2a: Zapdos|Zapdos|100/100
|move|p1a: Walking Wake|Draco Meteor|p2a: Zapdos
|-damage|p2a: Zapdos|17/100
|-unboost|p1a: Walking Wake|spa|2
|
|-weather|Sandstorm|[upkeep]
|-damage|p1a: Walking Wake|82/100|[from] Sandstorm
|-damage|p2a: Zapdos|11/100|[from] Sandstorm
|-heal|p2a: Zapdos|17/100|[from] item: Leftovers
|upkeep
|turn|4
|
|t:|1769416587
|move|p2a: Zapdos|Protect|p2a: Zapdos
|-singleturn|p2a: Zapdos|Protect
|move|p1a: Walking Wake|Flip Turn|p2a: Zapdos
|-activate|p2a: Zapdos|move: Protect
|
|-weather|Sandstorm|[upkeep]
|-damage|p1a: Walking Wake|76/100|[from] Sandstorm
|-damage|p2a: Zapdos|11/100|[from] Sandstorm
|-heal|p2a: Zapdos|17/100|[from] item: Leftovers
|upkeep
|turn|5
|
|t:|1769416597
|switch|p2a: Ogerpon|Ogerpon-Wellspring, F|95/100
|move|p1a: Walking Wake|Flip Turn|p2a: Ogerpon
|-heal|p2a: Ogerpon|100/100|[from] ability: Water Absorb|[of] p1a: Walking Wake
|
|-weather|none
|upkeep
|turn|6
|
|t:|1769416612
|-end|p1a: Walking Wake|Protosynthesis|[silent]
|switch|p1a: Scizor|Scizor, F|100/100
|move|p2a: Ogerpon|Trailblaze|p1a: Scizor
|-resisted|p1a: Scizor
|-damage|p1a: Scizor|92/100
|-boost|p2a: Ogerpon|spe|1
|
|upkeep
|turn|7
|
|t:|1769416622
|move|p2a: Ogerpon|Knock Off|p1a: Scizor
|-damage|p1a: Scizor|45/100
|-enditem|p1a: Scizor|Choice Band|[from] move: Knock Off|[of] p2a: Ogerpon
|move|p1a: Scizor|Knock Off|p2a: Ogerpon
|-damage|p2a: Ogerpon|68/100
|
|upkeep
|turn|8
|inactive|LingPingDing has 120 seconds left.
|
|t:|1769416643
|move|p2a: Ogerpon|Ivy Cudgel|p1a: Scizor|[anim] Ivy Cudgel Water
|-damage|p1a: Scizor|0 fnt
|faint|p1a: Scizor
|
|upkeep
|
|t:|1769416652
|switch|p1a: Tyranitar|Tyranitar, M|100/100
|-weather|Sandstorm|[from] ability: Sand Stream|[of] p1a: Tyranitar
|turn|9
|
|t:|1769416657
|-terastallize|p1a: Tyranitar|Dragon
|move|p2a: Ogerpon|Ivy Cudgel|p1a: Tyranitar|[anim] Ivy Cudgel Water
|-resisted|p1a: Tyranitar
|-damage|p1a: Tyranitar|80/100
|move|p1a: Tyranitar|Thunder Punch|p2a: Ogerpon
|-damage|p2a: Ogerpon|32/100
|
|-weather|Sandstorm|[upkeep]
|-damage|p2a: Ogerpon|26/100|[from] Sandstorm
|-damage|p1a: Tyranitar|74/100|[from] Sandstorm
|upkeep
|turn|10
|
|t:|1769416670
|move|p2a: Ogerpon|Knock Off|p1a: Tyranitar
|-damage|p1a: Tyranitar|44/100
|-damage|p2a: Ogerpon|9/100|[from] item: Rocky Helmet|[of] p1a: Tyranitar
|-enditem|p1a: Tyranitar|Rocky Helmet|[from] move: Knock Off|[of] p2a: Ogerpon
|move|p1a: Tyranitar|Stone Edge|p2a: Ogerpon
|-damage|p2a: Ogerpon|0 fnt
|faint|p2a: Ogerpon
|
|-weather|Sandstorm|[upkeep]
|-damage|p1a: Tyranitar|38/100|[from] Sandstorm
|upkeep
|
|t:|1769416681
|switch|p2a: Gliscor|Gliscor, F|100/100 tox
|turn|11
|
|t:|1769416684
|move|p2a: Gliscor|Toxic|p1a: Tyranitar
|-status|p1a: Tyranitar|tox
|move|p1a: Tyranitar|Dragon Dance|p1a: Tyranitar
|-boost|p1a: Tyranitar|atk|1
|-boost|p1a: Tyranitar|spe|1
|
|-weather|Sandstorm|[upkeep]
|-damage|p1a: Tyranitar|31/100 tox|[from] Sandstorm
|-damage|p1a: Tyranitar|25/100 tox|[from] psn
|upkeep
|turn|12
|
|t:|1769416694
|move|p2a: Gliscor|Protect|p2a: Gliscor
|-singleturn|p2a: Gliscor|Protect
|move|p1a: Tyranitar|Stone Edge|p2a: Gliscor
|-activate|p2a: Gliscor|move: Protect
|
|-weather|Sandstorm|[upkeep]
|-damage|p1a: Tyranitar|19/100 tox|[from] Sandstorm
|-damage|p1a: Tyranitar|7/100 tox|[from] psn
|upkeep
|turn|13
|
|t:|1769416708
|move|p2a: Gliscor|Protect||[still]
|-fail|p2a: Gliscor
|move|p1a: Tyranitar|Stone Edge|p2a: Gliscor
|-damage|p2a: Gliscor|25/100 tox
|
|-weather|none
|-damage|p1a: Tyranitar|0 fnt|[from] psn
|faint|p1a: Tyranitar
|-heal|p2a: Gliscor|37/100 tox|[from] ability: Poison Heal
|upkeep
|
|t:|1769416731
|switch|p1a: Walking Wake|Walking Wake|76/100
|turn|14
|
|t:|1769416744
|move|p1a: Walking Wake|Surf|p2a: Gliscor
|-supereffective|p2a: Gliscor
|-damage|p2a: Gliscor|0 fnt
|faint|p2a: Gliscor
|
|upkeep
|
|t:|1769416749
|switch|p2a: Zapdos|Zapdos|17/100
|turn|15
|
|t:|1769416757
|move|p1a: Walking Wake|Flamethrower|p2a: Zapdos
|-damage|p2a: Zapdos|0 fnt
|faint|p2a: Zapdos
|
|upkeep
|
|t:|1769416771
|switch|p2a: Iron Moth|Iron Moth|100/100
|-enditem|p2a: Iron Moth|Booster Energy
|-activate|p2a: Iron Moth|ability: Quark Drive|[fromitem]
|-start|p2a: Iron Moth|quarkdrivespe
|turn|16
|
|t:|1769416782
|move|p2a: Iron Moth|Discharge|p1a: Walking Wake
|-damage|p1a: Walking Wake|43/100
|move|p1a: Walking Wake|Surf|p2a: Iron Moth
|-supereffective|p2a: Iron Moth
|-damage|p2a: Iron Moth|18/100
|
|upkeep
|turn|17
|
|t:|1769416790
|move|p2a: Iron Moth|Energy Ball|p1a: Walking Wake
|-damage|p1a: Walking Wake|10/100
|move|p1a: Walking Wake|Surf|p2a: Iron Moth
|-supereffective|p2a: Iron Moth
|-damage|p2a: Iron Moth|0 fnt
|faint|p2a: Iron Moth
|-end|p2a: Iron Moth|Quark Drive|[silent]
|
|upkeep
|
|t:|1769416798
|switch|p2a: Iron Treads|Iron Treads|100/100
|-enditem|p2a: Iron Treads|Booster Energy
|-activate|p2a: Iron Treads|ability: Quark Drive|[fromitem]
|-start|p2a: Iron Treads|quarkdriveatk
|turn|18
|
|t:|1769416804
|move|p1a: Walking Wake|Surf|p2a: Iron Treads
|-supereffective|p2a: Iron Treads
|-damage|p2a: Iron Treads|0 fnt
|faint|p2a: Iron Treads
|-end|p2a: Iron Treads|Quark Drive|[silent]
|
|upkeep
|
|t:|1769416809
|switch|p2a: Dragonite|Dragonite, M|100/100
|turn|19
|
|t:|1769416815
|-terastallize|p2a: Dragonite|Ice
|move|p1a: Walking Wake|Draco Meteor|p2a: Dragonite
|-damage|p2a: Dragonite|69/100
|-unboost|p1a: Walking Wake|spa|2
|move|p2a: Dragonite|Dragon Dance|p2a: Dragonite
|-boost|p2a: Dragonite|atk|1
|-boost|p2a: Dragonite|spe|1
|
|upkeep
|turn|20
|
|t:|1769416825
|move|p2a: Dragonite|Dragon Dance|p2a: Dragonite
|-boost|p2a: Dragonite|atk|1
|-boost|p2a: Dragonite|spe|1
|move|p1a: Walking Wake|Flamethrower|p2a: Dragonite
|-supereffective|p2a: Dragonite
|-damage|p2a: Dragonite|37/100
|
|upkeep
|turn|21
|
|t:|1769416833
|move|p2a: Dragonite|Dragon Dance|p2a: Dragonite
|-boost|p2a: Dragonite|atk|1
|-boost|p2a: Dragonite|spe|1
|move|p1a: Walking Wake|Flamethrower|p2a: Dragonite
|-supereffective|p2a: Dragonite
|-damage|p2a: Dragonite|5/100
|
|upkeep
|turn|22
|
|t:|1769416847
|move|p2a: Dragonite|Dragon Claw|p1a: Walking Wake
|-supereffective|p1a: Walking Wake
|-crit|p1a: Walking Wake
|-damage|p1a: Walking Wake|0 fnt
|faint|p1a: Walking Wake
|-end|p1a: Walking Wake|Protosynthesis|[silent]
|
|upkeep
|
|t:|1769416850
|switch|p1a: Gliscor|Gliscor, M|100/100
|turn|23
|
|t:|1769416857
|move|p2a: Dragonite|Tera Blast|p1a: Gliscor|[anim] Tera Blast Ice
|-supereffective|p1a: Gliscor
|-damage|p1a: Gliscor|0 fnt
|faint|p1a: Gliscor
|
|upkeep
|
|t:|1769416863
|switch|p1a: Clefable|Clefable, F|100/100
|turn|24
|
|t:|1769416884
|move|p2a: Dragonite|Tera Blast|p1a: Clefable|[anim] Tera Blast Ice
|-damage|p1a: Clefable|0 fnt
|faint|p1a: Clefable
|
|upkeep
|
|t:|1769416888
|switch|p1a: Cinderace|Cinderace, M|100/100
|turn|25
|
|t:|1769416891
|move|p2a: Dragonite|Extreme Speed|p1a: Cinderace
|-damage|p1a: Cinderace|0 fnt
|faint|p1a: Cinderace
|
|win|LingPingDing
|raw|Athocus's rating: 1159 &rarr; <strong>1132</strong><br />(-27 for losing)
|raw|LingPingDing's rating: 1125 &rarr; <strong>1152</strong><br />(+27 for winning)
|c|☆LingPingDing|ez
