|j|☆palcom
|j|☆valiums
|t:|1769438524
|gametype|singles
|player|p1|palcom|101|1401
|player|p2|valiums|iono-masters2|1441
|gen|9
|tier|[Gen 9] OU
|rated|
|rule|HP Percentage Mod: HP is shown in percentages
|rule|Endless Battle Clause: Forcing endless battles is banned
|rule|Species Clause: Limit one of each Pokémon
|rule|OHKO Clause: OHKO moves are banned
|rule|Evasion Items Clause: Evasion items are banned
|rule|Evasion Moves Clause: Evasion moves are banned
|rule|Evasion Abilities Clause: Evasion abilities are banned
|rule|Sleep Moves Clause: Sleep-inducing moves are banned
|clearpoke
|poke|p1|Scrafty, F|
|poke|p1|Iron Valiant|
|poke|p1|Cobalion|
|poke|p1|Terrakion|
|poke|p1|Toxicroak, F|
|poke|p1|Flamigo, M|
|poke|p2|Pecharunt|
|poke|p2|Hatterene, F|
|poke|p2|Rillaboom, F|
|poke|p2|Ceruledge, F|
|poke|p2|Iron Treads|
|poke|p2|Araquanid, F|
|teampreview
|
|t:|1769438540
|teamsize|p1|6
|teamsize|p2|6
|start
|switch|p1a: Flamigo|Flamigo, M|100/100
|switch|p2a: Rillaboom|Rillaboom, F, shiny|100/100
|-fieldstart|move: Grassy Terrain|[from] ability: Grassy Surge|[of] p2a: Rillaboom
|turn|1
|
|t:|1769438554
|switch|p2a: Pecharunt|Pecharunt|100/100
|move|p1a: Flamigo|Brave Bird|p2a: Pecharunt
|-damage|p2a: Pecharunt|65/100
|-damage|p1a: Flamigo|86/100|[from] Recoil
|
|-heal|p2a: Pecharunt|71/100|[from] Grassy Terrain
|upkeep
|turn|2
|
|t:|1769438567
|switch|p1a: Toxicroak|Toxicroak, F|100/100
|-item|p1a: Toxicroak|Air Balloon
|move|p2a: Pecharunt|Parting Shot|p1a: Toxicroak
|-unboost|p1a: Toxicroak|atk|1
|-unboost|p1a: Toxicroak|spa|1
|
|t:|1769438579
|switch|p2a: Ceruledge|Ceruledge, F, shiny|100/100|[from] Parting Shot
|
|upkeep
|turn|3
|
|t:|1769438602
|move|p1a: Toxicroak|Sucker Punch|p2a: Ceruledge
|-supereffective|p2a: Ceruledge
|-damage|p2a: Ceruledge|53/100
|-ability|p2a: Ceruledge|Weak Armor|boost
|-unboost|p2a: Ceruledge|def|1
|-boost|p2a: Ceruledge|spe|2
|move|p2a: Ceruledge|Bitter Blade|p1a: Toxicroak
|-damage|p1a: Toxicroak|30/100
|-heal|p2a: Ceruledge|98/100|[from] drain|[of] p1a: Toxicroak
|-enditem|p1a: Toxicroak|Air Balloon
|
|-heal|p2a: Ceruledge|100/100|[from] Grassy Terrain
|-heal|p1a: Toxicroak|37/100|[from] Grassy Terrain
|upkeep
|turn|4
|
|t:|1769438617
|move|p1a: Toxicroak|Sucker Punch|p2a: Ceruledge
|-supereffective|p2a: Ceruledge
|-damage|p2a: Ceruledge|30/100
|-ability|p2a: Ceruledge|Weak Armor|boost
|-unboost|p2a: Ceruledge|def|1
|-boost|p2a: Ceruledge|spe|2
|move|p2a: Ceruledge|Bitter Blade|p1a: Toxicroak
|-damage|p1a: Toxicroak|0 fnt
|-heal|p2a: Ceruledge|53/100|[from] drain|[of] p1a: Toxicroak
|faint|p1a: Toxicroak
|
|-heal|p2a: Ceruledge|59/100|[from] Grassy Terrain
|upkeep
|
|t:|1769438632
|switch|p1a: Scrafty|Scrafty, F|100/100
|turn|5
|
|t:|1769438643
|switch|p2a: Araquanid|Araquanid, F, shiny|100/100
|move|p1a: Scrafty|Knock Off|p2a: Araquanid
|-damage|p2a: Araquanid|58/100
|-enditem|p2a: Araquanid|Custap Berry|[from] move: Knock Off|[of] p1a: Scrafty
|
|-heal|p2a: Araquanid|64/100|[from] Grassy Terrain
|-fieldend|move: Grassy Terrain
|upkeep
|turn|6
|l|☆palcom
|player|p1|
|inactive|Battle timer is ON: inactive players will automatically lose when time's up. (requested by valiums)
|inactive|palcom has 30 seconds to reconnect!
|j|☆palcom
|inactive|palcom reconnected and has 120 seconds left.
|player|p1|palcom|101|
|
|t:|1769438716
|move|p1a: Scrafty|Bulk Up|p1a: Scrafty
|-boost|p1a: Scrafty|atk|1
|-boost|p1a: Scrafty|def|1
|move|p2a: Araquanid|Sticky Web|p1a: Scrafty
|-sidestart|p1: palcom|move: Sticky Web
|
|upkeep
|turn|7
|
|t:|1769438722
|move|p1a: Scrafty|Bulk Up|p1a: Scrafty
|-boost|p1a: Scrafty|atk|1
|-boost|p1a: Scrafty|def|1
|move|p2a: Araquanid|Surf|p1a: Scrafty
|-damage|p1a: Scrafty|49/100
|
|-heal|p1a: Scrafty|55/100|[from] item: Leftovers
|upkeep
|turn|8
|
|t:|1769438737
|move|p1a: Scrafty|Drain Punch|p2a: Araquanid
|-resisted|p2a: Araquanid
|-damage|p2a: Araquanid|31/100
|-heal|p1a: Scrafty|72/100|[from] drain|[of] p2a: Araquanid
|move|p2a: Araquanid|Surf|p1a: Scrafty
|-damage|p1a: Scrafty|22/100
|
|-heal|p1a: Scrafty|28/100|[from] item: Leftovers
|upkeep
|turn|9
|
|t:|1769438752
|switch|p2a: Pecharunt|Pecharunt|71/100
|move|p1a: Scrafty|Drain Punch|p2a: Pecharunt
|-immune|p2a: Pecharunt
|
|-heal|p1a: Scrafty|34/100|[from] item: Leftovers
|upkeep
|turn|10
|
|t:|1769438761
|move|p2a: Pecharunt|Malignant Chain|p1a: Scrafty
|-damage|p1a: Scrafty|8/100
|move|p1a: Scrafty|Knock Off|p2a: Pecharunt
|-supereffective|p2a: Pecharunt
|-damage|p2a: Pecharunt|0 fnt
|-enditem|p2a: Pecharunt|Heavy-Duty Boots|[from] move: Knock Off|[of] p1a: Scrafty
|faint|p2a: Pecharunt
|
|-heal|p1a: Scrafty|14/100|[from] item: Leftovers
|upkeep
|inactive|valiums has 120 seconds left.
|
|t:|1769438803
|switch|p2a: Rillaboom|Rillaboom, F, shiny|100/100
|-fieldstart|move: Grassy Terrain|[from] ability: Grassy Surge|[of] p2a: Rillaboom
|turn|11
|
|t:|1769438811
|move|p2a: Rillaboom|Grassy Glide|p1a: Scrafty
|-damage|p1a: Scrafty|0 fnt
|faint|p1a: Scrafty
|
|upkeep
|
|t:|1769438827
|switch|p1a: Flamigo|Flamigo, M|86/100
|turn|12
|inactive|valiums has 120 seconds left.
|
|t:|1769438842
|switch|p2a: Ceruledge|Ceruledge, F, shiny|59/100
|move|p1a: Flamigo|U-turn|p2a: Ceruledge
|-resisted|p2a: Ceruledge
|-damage|p2a: Ceruledge|52/100
|-ability|p2a: Ceruledge|Weak Armor|boost
|-unboost|p2a: Ceruledge|def|1
|-boost|p2a: Ceruledge|spe|2
|
|t:|1769438854
|switch|p1a: Terrakion|Terrakion|100/100|[from] U-turn
|-activate|p1a: Terrakion|move: Sticky Web
|-unboost|p1a: Terrakion|spe|1
|
|-heal|p2a: Ceruledge|58/100|[from] Grassy Terrain
|upkeep
|turn|13
|inactive|valiums has 120 seconds left.
|
|t:|1769438870
|move|p2a: Ceruledge|Destiny Bond|p2a: Ceruledge
|-singlemove|p2a: Ceruledge|Destiny Bond
|move|p1a: Terrakion|Stone Edge|p2a: Ceruledge
|-supereffective|p2a: Ceruledge
|-damage|p2a: Ceruledge|0 fnt
|faint|p2a: Ceruledge
|-activate|p2a: Ceruledge|move: Destiny Bond
|faint|p1a: Terrakion
|
|upkeep
|
|t:|1769438884
|switch|p2a: Iron Treads|Iron Treads|100/100
|switch|p1a: Flamigo|Flamigo, M|86/100
|-enditem|p2a: Iron Treads|Booster Energy
|-activate|p2a: Iron Treads|ability: Quark Drive|[fromitem]
|-start|p2a: Iron Treads|quarkdrivespe
|turn|14
|inactive|valiums has 90 seconds left.
|
|t:|1769438938
|move|p2a: Iron Treads|Steel Roller|p1a: Flamigo
|-damage|p1a: Flamigo|3/100
|-fieldend|move: Grassy Terrain
|move|p1a: Flamigo|Close Combat|p2a: Iron Treads
|-supereffective|p2a: Iron Treads
|-damage|p2a: Iron Treads|0 fnt
|-unboost|p1a: Flamigo|def|1
|-unboost|p1a: Flamigo|spd|1
|faint|p2a: Iron Treads
|-end|p2a: Iron Treads|Quark Drive|[silent]
|
|upkeep
|
|t:|1769438943
|switch|p2a: Rillaboom|Rillaboom, F, shiny|100/100
|-fieldstart|move: Grassy Terrain|[from] ability: Grassy Surge|[of] p2a: Rillaboom
|turn|15
|
|t:|1769438953
|switch|p1a: Cobalion|Cobalion|100/100
|-activate|p1a: Cobalion|move: Sticky Web
|-unboost|p1a: Cobalion|spe|1
|move|p2a: Rillaboom|U-turn|p1a: Cobalion
|-resisted|p1a: Cobalion
|-damage|p1a: Cobalion|95/100
|
|t:|1769438978
|switch|p2a: Hatterene|Hatterene, F, shiny|100/100|[from] U-turn
|-enditem|p2a: Hatterene|Grassy Seed
|-boost|p2a: Hatterene|def|1|[from] item: Grassy Seed
|
|-heal|p1a: Cobalion|100/100|[from] Grassy Terrain
|upkeep
|turn|16
|
|t:|1769438987
|-terastallize|p2a: Hatterene|Water
|move|p1a: Cobalion|Calm Mind|p1a: Cobalion
|-boost|p1a: Cobalion|spa|1
|-boost|p1a: Cobalion|spd|1
|move|p2a: Hatterene|Calm Mind|p2a: Hatterene
|-boost|p2a: Hatterene|spa|1
|-boost|p2a: Hatterene|spd|1
|
|upkeep
|turn|17
|
|t:|1769438999
|move|p1a: Cobalion|Aura Sphere|p2a: Hatterene
|-damage|p2a: Hatterene|68/100
|move|p2a: Hatterene|Calm Mind|p2a: Hatterene
|-boost|p2a: Hatterene|spa|1
|-boost|p2a: Hatterene|spd|1
|
|-heal|p2a: Hatterene|74/100|[from] Grassy Terrain
|upkeep
|turn|18
|
|t:|1769439007
|move|p1a: Cobalion|Calm Mind|p1a: Cobalion
|-boost|p1a: Cobalion|spa|1
|-boost|p1a: Cobalion|spd|1
|move|p2a: Hatterene|Stored Power|p1a: Cobalion
|-damage|p1a: Cobalion|24/100
|
|-heal|p1a: Cobalion|31/100|[from] Grassy Terrain
|-heal|p1a: Cobalion|37/100|[from] item: Leftovers
|-heal|p2a: Hatterene|80/100|[from] Grassy Terrain
|upkeep
|turn|19
|inactive|valiums has 90 seconds left.
|
|t:|1769439016
|move|p1a: Cobalion|Aura Sphere|p2a: Hatterene
|-damage|p2a: Hatterene|48/100
|move|p2a: Hatterene|Stored Power|p1a: Cobalion
|-crit|p1a: Cobalion
|-damage|p1a: Cobalion|0 fnt
|faint|p1a: Cobalion
|
|-heal|p2a: Hatterene|54/100|[from] Grassy Terrain
|-fieldend|move: Grassy Terrain
|upkeep
|
|t:|1769439030
|switch|p1a: Iron Valiant|Iron Valiant|100/100
|-activate|p1a: Iron Valiant|move: Sticky Web
|-unboost|p1a: Iron Valiant|spe|1
|turn|20
|
|t:|1769439039
|move|p1a: Iron Valiant|Thunderbolt|p2a: Hatterene
|-supereffective|p2a: Hatterene
|-damage|p2a: Hatterene|20/100
|move|p2a: Hatterene|Draining Kiss|p1a: Iron Valiant
|-supereffective|p1a: Iron Valiant
|-enditem|p1a: Iron Valiant|Focus Sash
|-damage|p1a: Iron Valiant|1/100
|-heal|p2a: Hatterene|88/100|[from] drain|[of] p1a: Iron Valiant
|
|upkeep
|turn|21
|
|t:|1769439049
|move|p1a: Iron Valiant|Destiny Bond|p1a: Iron Valiant
|-singlemove|p1a: Iron Valiant|Destiny Bond
|move|p2a: Hatterene|Draining Kiss|p1a: Iron Valiant
|-supereffective|p1a: Iron Valiant
|-damage|p1a: Iron Valiant|0 fnt
|-heal|p2a: Hatterene|89/100|[from] drain|[of] p1a: Iron Valiant
|faint|p1a: Iron Valiant
|-activate|p1a: Iron Valiant|move: Destiny Bond
|-end|p1a: Iron Valiant|Quark Drive|[silent]
|faint|p2a: Hatterene
|
|upkeep
|
|t:|1769439059
|switch|p1a: Flamigo|Flamigo, M|3/100
|switch|p2a: Rillaboom|Rillaboom, F, shiny|100/100
|-fieldstart|move: Grassy Terrain|[from] ability: Grassy Surge|[of] p2a: Rillaboom
|turn|22
|
|t:|1769439062
|-terastallize|p1a: Flamigo|Fighting
|move|p2a: Rillaboom|Grassy Glide|p1a: Flamigo
|-damage|p1a: Flamigo|0 fnt
|faint|p1a: Flamigo
|
|win|valiums
|raw|palcom's rating: 1401 &rarr; <strong>1383</strong><br />(-18 for losing)
|raw|valiums's rating: 1441 &rarr; <strong>1459</strong><br />(+18 for winning)
|l|☆palcom
|player|p1|
|l|☆valiums
|player|p2|
