|j|☆litlatdathoe
|j|☆aidz321
|t:|1769414212
|gametype|singles
|player|p1|litlatdathoe|gambler|1153
|player|p2|aidz321|janitor|1165
|gen|9
|tier|[Gen 9] OU
|rated|
|rule|HP Percentage Mod: HP is shown in percentages
|rule|Endless Battle Clause: Forcing endless battles is banned
|rule|Species Clause: Limit one of each Pokémon
|rule|OHKO Clause: OHKO moves are banned
|rule|Evasion Items Clause: Evasion items are banned
|rule|Evasion Moves Clause: Evasion moves are banned
|rule|Evasion Abilities Clause: Evasion abilities are banned
|rule|Sleep Moves Clause: Sleep-inducing moves are banned
|clearpoke
|poke|p1|Ninetales, M|
|poke|p1|Iron Moth|
|poke|p1|Venusaur, M|
|poke|p1|Great Tusk|
|poke|p1|Walking Wake|
|poke|p1|Comfey, F|
|poke|p2|Gholdengo|
|poke|p2|Ogerpon, F|
|poke|p2|Rillaboom, M|
|poke|p2|Samurott-Hisui, M|
|poke|p2|Glimmora, M|
|poke|p2|Raging Bolt|
|teampreview
|inactive|Battle timer is ON: inactive players will automatically lose when time's up. (requested by aidz321)
|
|t:|1769414226
|teamsize|p1|6
|teamsize|p2|6
|start
|switch|p1a: Ninetales|Ninetales, M|100/100
|switch|p2a: Samurott|Samurott-Hisui, M, shiny|100/100
|-weather|SunnyDay|[from] ability: Drought|[of] p1a: Ninetales
|turn|1
|
|t:|1769414235
|move|p1a: Ninetales|Will-O-Wisp|p2a: Samurott
|-status|p2a: Samurott|brn
|move|p2a: Samurott|Ceaseless Edge|p1a: Ninetales
|-damage|p1a: Ninetales|67/100
|-sidestart|p1: litlatdathoe|Spikes
|
|-weather|SunnyDay|[upkeep]
|-damage|p2a: Samurott|94/100 brn|[from] brn
|upkeep
|turn|2
|
|t:|1769414251
|switch|p1a: Venusaur|Venusaur, M|100/100
|-damage|p1a: Venusaur|88/100|[from] Spikes
|move|p2a: Samurott|Ceaseless Edge|p1a: Venusaur|[miss]
|-miss|p2a: Samurott|p1a: Venusaur
|
|-weather|SunnyDay|[upkeep]
|-damage|p2a: Samurott|88/100 brn|[from] brn
|upkeep
|turn|3
|
|t:|1769414268
|move|p1a: Venusaur|Growth|p1a: Venusaur
|-boost|p1a: Venusaur|atk|2
|-boost|p1a: Venusaur|spa|2
|move|p2a: Samurott|Knock Off|p1a: Venusaur
|-damage|p1a: Venusaur|52/100
|-enditem|p1a: Venusaur|Life Orb|[from] move: Knock Off|[of] p2a: Samurott
|
|-weather|SunnyDay|[upkeep]
|-damage|p2a: Samurott|82/100 brn|[from] brn
|upkeep
|turn|4
|inactive|aidz321 has 120 seconds left.
|
|t:|1769414302
|switch|p2a: Glimmora|Glimmora, M, shiny|100/100
|move|p1a: Venusaur|Giga Drain|p2a: Glimmora
|-damage|p2a: Glimmora|34/100
|-heal|p1a: Venusaur|93/100|[from] drain|[of] p2a: Glimmora
|-enditem|p2a: Glimmora|Red Card|[of] p1a: Venusaur
|drag|p1a: Ninetales|Ninetales, M|67/100
|-damage|p1a: Ninetales|55/100|[from] Spikes
|
|-weather|SunnyDay|[upkeep]
|upkeep
|turn|5
|inactive|aidz321 has 120 seconds left.
|
|t:|1769414323
|switch|p2a: Samurott|Samurott-Hisui, M, shiny|82/100 brn
|move|p1a: Ninetales|Weather Ball|p2a: Samurott
|-resisted|p2a: Samurott
|-damage|p2a: Samurott|49/100 brn
|
|-weather|SunnyDay|[upkeep]
|-damage|p2a: Samurott|43/100 brn|[from] brn
|upkeep
|turn|6
|inactive|aidz321 has 120 seconds left.
|
|t:|1769414341
|switch|p1a: Comfey|Comfey, F|100/100
|-damage|p1a: Comfey|88/100|[from] Spikes
|move|p2a: Samurott|Flip Turn|p1a: Comfey
|-damage|p1a: Comfey|78/100
|inactive|aidz321 has 90 seconds left.
|
|t:|1769414368
|switch|p2a: Gholdengo|Gholdengo, shiny|100/100|[from] Flip Turn
|
|-weather|SunnyDay|[upkeep]
|upkeep
|turn|7
|inactive|litlatdathoe has 120 seconds left.
|
|t:|1769414395
|switch|p1a: Iron Moth|Iron Moth|100/100
|-damage|p1a: Iron Moth|88/100|[from] Spikes
|-enditem|p1a: Iron Moth|Booster Energy
|-activate|p1a: Iron Moth|ability: Quark Drive|[fromitem]
|-start|p1a: Iron Moth|quarkdrivespe
|move|p2a: Gholdengo|Shadow Ball|p1a: Iron Moth
|-damage|p1a: Iron Moth|53/100
|
|-weather|SunnyDay|[upkeep]
|upkeep
|turn|8
|inactive|litlatdathoe has 120 seconds left.
|
|t:|1769414409
|switch|p2a: Samurott|Samurott-Hisui, M, shiny|43/100 brn
|move|p1a: Iron Moth|Fiery Dance|p2a: Samurott
|-resisted|p2a: Samurott
|-damage|p2a: Samurott|0 fnt
|faint|p2a: Samurott
|
|-weather|none
|upkeep
|inactive|aidz321 has 90 seconds left.
|
|t:|1769414428
|switch|p2a: Ogerpon|Ogerpon, F|100/100
|turn|9
|
|t:|1769414439
|-terastallize|p2a: Ogerpon|Grass
|detailschange|p2a: Ogerpon|Ogerpon-Teal-Tera, F, tera:Grass
|-ability|p2a: Ogerpon|Embody Aspect (Teal)|boost
|-boost|p2a: Ogerpon|spe|1
|move|p1a: Iron Moth|Sludge Wave|p2a: Ogerpon
|-supereffective|p2a: Ogerpon
|-damage|p2a: Ogerpon|0 fnt
|faint|p2a: Ogerpon
|detailschange|p2: Ogerpon|Ogerpon, F|[silent]
|
|upkeep
|-message|aidz321 forfeited.
|
|win|litlatdathoe
|raw|litlatdathoe's rating: 1153 &rarr; <strong>1179</strong><br />(+26 for winning)
|raw|aidz321's rating: 1165 &rarr; <strong>1139</strong><br />(-26 for losing)
|l|☆aidz321
|player|p2|
|l|☆litlatdathoe
|player|p1|
