|j|☆Goblin Demolisher
|j|☆desu nathan
|t:|1769371013
|gametype|singles
|player|p1|Goblin Demolisher|cheryl|1648
|player|p2|desu nathan|169|1674
|gen|9
|tier|[Gen 9] OU
|rated|
|rule|HP Percentage Mod: HP is shown in percentages
|rule|Endless Battle Clause: Forcing endless battles is banned
|rule|Species Clause: Limit one of each Pokémon
|rule|OHKO Clause: OHKO moves are banned
|rule|Evasion Items Clause: Evasion items are banned
|rule|Evasion Moves Clause: Evasion moves are banned
|rule|Evasion Abilities Clause: Evasion abilities are banned
|rule|Sleep Moves Clause: Sleep-inducing moves are banned
|clearpoke
|poke|p1|Wo-Chien|
|poke|p1|Ting-Lu|
|poke|p1|Alomomola, M|
|poke|p1|Moltres|
|poke|p1|Dragapult, F|
|poke|p1|Zamazenta-*|
|poke|p2|Garganacl, M|
|poke|p2|Darkrai|
|poke|p2|Great Tusk|
|poke|p2|Hatterene, F|
|poke|p2|Tornadus-Therian, M|
|poke|p2|Dragonite, M|
|teampreview
|
|t:|1769371033
|teamsize|p1|6
|teamsize|p2|6
|start
|switch|p1a: Wo-Chien|Wo-Chien, shiny|100/100
|switch|p2a: Garganacl|Garganacl, M|100/100
|-ability|p1a: Wo-Chien|Tablets of Ruin
|turn|1
|
|t:|1769371037
|move|p1a: Wo-Chien|Knock Off|p2a: Garganacl
|-damage|p2a: Garganacl|82/100
|-enditem|p2a: Garganacl|Leftovers|[from] move: Knock Off|[of] p1a: Wo-Chien
|move|p2a: Garganacl|Stealth Rock|p1a: Wo-Chien
|-sidestart|p1: Goblin Demolisher|move: Stealth Rock
|
|upkeep
|turn|2
|
|t:|1769371043
|move|p1a: Wo-Chien|Giga Drain|p2a: Garganacl
|-supereffective|p2a: Garganacl
|-damage|p2a: Garganacl|44/100
|move|p2a: Garganacl|Salt Cure|p1a: Wo-Chien
|-damage|p1a: Wo-Chien|92/100
|-start|p1a: Wo-Chien|Salt Cure
|
|-damage|p1a: Wo-Chien|80/100|[from] Salt Cure
|upkeep
|turn|3
|
|t:|1769371051
|move|p1a: Wo-Chien|Giga Drain|p2a: Garganacl
|-supereffective|p2a: Garganacl
|-damage|p2a: Garganacl|4/100
|-heal|p1a: Wo-Chien|100/100|[from] drain|[of] p2a: Garganacl
|move|p2a: Garganacl|Recover|p2a: Garganacl
|-heal|p2a: Garganacl|54/100
|
|-damage|p1a: Wo-Chien|88/100|[from] Salt Cure
|upkeep
|turn|4
|
|t:|1769371058
|switch|p2a: Tornadus|Tornadus-Therian, M, shiny|100/100
|move|p1a: Wo-Chien|Giga Drain|p2a: Tornadus
|-resisted|p2a: Tornadus
|-damage|p2a: Tornadus|90/100
|-heal|p1a: Wo-Chien|93/100|[from] drain|[of] p2a: Tornadus
|
|-damage|p1a: Wo-Chien|81/100|[from] Salt Cure
|upkeep
|turn|5
|
|t:|1769371064
|switch|p1a: Ting-Lu|Ting-Lu|100/100
|-damage|p1a: Ting-Lu|94/100|[from] Stealth Rock
|-ability|p1a: Ting-Lu|Vessel of Ruin
|move|p2a: Tornadus|Knock Off|p1a: Ting-Lu
|-resisted|p1a: Ting-Lu
|-damage|p1a: Ting-Lu|89/100
|-enditem|p1a: Ting-Lu|Leftovers|[from] move: Knock Off|[of] p2a: Tornadus
|
|upkeep
|turn|6
|
|t:|1769371070
|move|p2a: Tornadus|U-turn|p1a: Ting-Lu
|-supereffective|p1a: Ting-Lu
|-damage|p1a: Ting-Lu|73/100
|
|t:|1769371073
|switch|p2a: Hatterene|Hatterene, F|100/100|[from] U-turn
|move|p1a: Ting-Lu|Stealth Rock|p2a: Hatterene
|move|p2a: Hatterene|Stealth Rock||[from] ability: Magic Bounce|[still]
|-fail|p2a: Hatterene
|
|upkeep
|turn|7
|
|t:|1769371082
|switch|p1a: Alomomola|Alomomola, M|100/100
|move|p2a: Hatterene|Future Sight|p1a: Alomomola
|-start|p2a: Hatterene|move: Future Sight
|
|upkeep
|turn|8
|
|t:|1769371088
|move|p1a: Alomomola|Wish|p1a: Alomomola
|move|p2a: Hatterene|Nuzzle|p1a: Alomomola
|-supereffective|p1a: Alomomola
|-damage|p1a: Alomomola|95/100
|-status|p1a: Alomomola|par
|
|upkeep
|turn|9
|
|t:|1769371099
|move|p1a: Alomomola|Flip Turn|p2a: Hatterene
|-damage|p2a: Hatterene|87/100
|-damage|p1a: Alomomola|78/100 par|[from] item: Rocky Helmet|[of] p2a: Hatterene
|
|t:|1769371103
|switch|p1a: Wo-Chien|Wo-Chien, shiny|81/100|[from] Flip Turn
|-damage|p1a: Wo-Chien|68/100|[from] Stealth Rock
|-ability|p1a: Wo-Chien|Tablets of Ruin
|move|p2a: Hatterene|Dazzling Gleam|p1a: Wo-Chien
|-supereffective|p1a: Wo-Chien
|-damage|p1a: Wo-Chien|34/100
|
|-end|p1a: Wo-Chien|move: Future Sight
|-immune|p1a: Wo-Chien
|-heal|p1a: Wo-Chien|97/100|[from] move: Wish|[wisher] Alomomola
|upkeep
|turn|10
|
|t:|1769371114
|move|p1a: Wo-Chien|Knock Off|p2a: Hatterene
|-damage|p2a: Hatterene|66/100
|-damage|p1a: Wo-Chien|81/100|[from] item: Rocky Helmet|[of] p2a: Hatterene
|-enditem|p2a: Hatterene|Rocky Helmet|[from] move: Knock Off|[of] p1a: Wo-Chien
|move|p2a: Hatterene|Nuzzle|p1a: Wo-Chien
|-resisted|p1a: Wo-Chien
|-damage|p1a: Wo-Chien|79/100
|-status|p1a: Wo-Chien|par
|
|upkeep
|turn|11
|
|t:|1769371121
|switch|p1a: Alomomola|Alomomola, M|100/100 par
|move|p2a: Hatterene|Dazzling Gleam|p1a: Alomomola
|-damage|p1a: Alomomola|68/100 par
|
|upkeep
|turn|12
|
|t:|1769371127
|cant|p1a: Alomomola|par
|move|p2a: Hatterene|Pain Split|p1a: Alomomola
|-sethp|p1a: Alomomola|56/100 par|[from] move: Pain Split|[silent]
|-sethp|p2a: Hatterene|84/100|[from] move: Pain Split
|
|upkeep
|turn|13
|
|t:|1769371149
|move|p1a: Alomomola|Body Slam|p2a: Hatterene
|-damage|p2a: Hatterene|71/100
|move|p2a: Hatterene|Future Sight|p1a: Alomomola
|-start|p2a: Hatterene|move: Future Sight
|
|upkeep
|turn|14
|
|t:|1769371155
|cant|p1a: Alomomola|par
|move|p2a: Hatterene|Dazzling Gleam|p1a: Alomomola
|-damage|p1a: Alomomola|26/100 par
|
|upkeep
|turn|15
|
|t:|1769371162
|switch|p1a: Ting-Lu|Ting-Lu|73/100
|-damage|p1a: Ting-Lu|67/100|[from] Stealth Rock
|-ability|p1a: Ting-Lu|Vessel of Ruin
|move|p2a: Hatterene|Dazzling Gleam|p1a: Ting-Lu
|-supereffective|p1a: Ting-Lu
|-damage|p1a: Ting-Lu|37/100
|
|-end|p1a: Ting-Lu|move: Future Sight
|-immune|p1a: Ting-Lu
|upkeep
|turn|16
|
|t:|1769371166
|move|p1a: Ting-Lu|Earthquake|p2a: Hatterene
|-damage|p2a: Hatterene|40/100
|move|p2a: Hatterene|Dazzling Gleam|p1a: Ting-Lu
|-supereffective|p1a: Ting-Lu
|-damage|p1a: Ting-Lu|7/100
|
|upkeep
|turn|17
|
|t:|1769371171
|move|p1a: Ting-Lu|Earthquake|p2a: Hatterene
|-damage|p2a: Hatterene|9/100
|move|p2a: Hatterene|Dazzling Gleam|p1a: Ting-Lu
|-supereffective|p1a: Ting-Lu
|-damage|p1a: Ting-Lu|0 fnt
|faint|p1a: Ting-Lu
|
|upkeep
|
|t:|1769371176
|switch|p1a: Dragapult|Dragapult, F|100/100
|turn|18
|
|t:|1769371180
|switch|p2a: Garganacl|Garganacl, M|54/100
|move|p1a: Dragapult|U-turn|p2a: Garganacl
|-damage|p2a: Garganacl|39/100
|
|t:|1769371212
|switch|p1a: Wo-Chien|Wo-Chien, shiny|79/100 par|[from] U-turn
|-damage|p1a: Wo-Chien|67/100 par|[from] Stealth Rock
|-ability|p1a: Wo-Chien|Tablets of Ruin
|
|upkeep
|turn|19
|
|t:|1769371219
|move|p2a: Garganacl|Recover|p2a: Garganacl
|-heal|p2a: Garganacl|89/100
|move|p1a: Wo-Chien|Giga Drain|p2a: Garganacl
|-supereffective|p2a: Garganacl
|-damage|p2a: Garganacl|46/100
|-heal|p1a: Wo-Chien|90/100 par|[from] drain|[of] p2a: Garganacl
|
|upkeep
|turn|20
|
|t:|1769371226
|move|p2a: Garganacl|Recover|p2a: Garganacl
|-heal|p2a: Garganacl|96/100
|move|p1a: Wo-Chien|Giga Drain|p2a: Garganacl
|-supereffective|p2a: Garganacl
|-damage|p2a: Garganacl|54/100
|-heal|p1a: Wo-Chien|100/100 par|[from] drain|[of] p2a: Garganacl
|
|upkeep
|turn|21
|
|t:|1769371237
|move|p2a: Garganacl|Recover|p2a: Garganacl
|-heal|p2a: Garganacl|100/100
|cant|p1a: Wo-Chien|par
|
|upkeep
|turn|22
|
|t:|1769371242
|move|p2a: Garganacl|Salt Cure|p1a: Wo-Chien
|-damage|p1a: Wo-Chien|92/100 par
|-start|p1a: Wo-Chien|Salt Cure
|move|p1a: Wo-Chien|Knock Off|p2a: Garganacl
|-damage|p2a: Garganacl|88/100
|
|-damage|p1a: Wo-Chien|80/100 par|[from] Salt Cure
|upkeep
|turn|23
|
|t:|1769371247
|switch|p2a: Tornadus|Tornadus-Therian, M, shiny|100/100
|cant|p1a: Wo-Chien|par
|
|-damage|p1a: Wo-Chien|68/100 par|[from] Salt Cure
|upkeep
|turn|24
|
|t:|1769371254
|switch|p1a: Alomomola|Alomomola, M|59/100 par
|move|p2a: Tornadus|Bleakwind Storm|p1a: Alomomola|[miss]
|-miss|p2a: Tornadus|p1a: Alomomola
|
|upkeep
|turn|25
|
|t:|1769371259
|move|p2a: Tornadus|Knock Off|p1a: Alomomola
|-damage|p1a: Alomomola|48/100 par
|-enditem|p1a: Alomomola|Heavy-Duty Boots|[from] move: Knock Off|[of] p2a: Tornadus
|move|p1a: Alomomola|Flip Turn|p2a: Tornadus
|-damage|p2a: Tornadus|80/100
|
|t:|1769371267
|switch|p1a: Dragapult|Dragapult, F|100/100|[from] Flip Turn
|
|upkeep
|turn|26
|
|t:|1769371304
|switch|p2a: Great Tusk|Great Tusk|100/100
|-enditem|p2a: Great Tusk|Booster Energy
|-activate|p2a: Great Tusk|ability: Protosynthesis|[fromitem]
|-start|p2a: Great Tusk|protosynthesisatk
|move|p1a: Dragapult|Dragon Darts|p2a: Great Tusk
|-damage|p2a: Great Tusk|83/100
|-anim|p1a: Dragapult|Dragon Darts|p2a: Great Tusk
|-damage|p2a: Great Tusk|65/100
|
|upkeep
|turn|27
|
|t:|1769371316
|move|p1a: Dragapult|U-turn|p2a: Great Tusk
|-resisted|p2a: Great Tusk
|-damage|p2a: Great Tusk|57/100
|
|t:|1769371318
|switch|p1a: Moltres|Moltres|100/100|[from] U-turn
|move|p2a: Great Tusk|Ice Spinner|p1a: Moltres
|-damage|p1a: Moltres|66/100
|
|upkeep
|turn|28
|
|t:|1769371325
|move|p2a: Great Tusk|Ice Spinner|p1a: Moltres
|-damage|p1a: Moltres|35/100
|move|p1a: Moltres|Roost|p1a: Moltres
|-heal|p1a: Moltres|85/100
|-singleturn|p1a: Moltres|move: Roost
|
|upkeep
|turn|29
|
|t:|1769371331
|-end|p2a: Great Tusk|Protosynthesis|[silent]
|switch|p2a: Garganacl|Garganacl, M|88/100
|move|p1a: Moltres|U-turn|p2a: Garganacl
|-damage|p2a: Garganacl|78/100
|inactive|Battle timer is ON: inactive players will automatically lose when time's up. (requested by desu nathan)
|
|t:|1769371379
|switch|p1a: Wo-Chien|Wo-Chien, shiny|68/100 par|[from] U-turn
|-damage|p1a: Wo-Chien|56/100 par|[from] Stealth Rock
|-ability|p1a: Wo-Chien|Tablets of Ruin
|
|upkeep
|turn|30
|
|t:|1769371383
|switch|p2a: Tornadus|Tornadus-Therian, M, shiny|100/100
|cant|p1a: Wo-Chien|par
|
|upkeep
|turn|31
|
|t:|1769371388
|switch|p1a: Alomomola|Alomomola, M|81/100 par
|-damage|p1a: Alomomola|68/100 par|[from] Stealth Rock
|move|p2a: Tornadus|Bleakwind Storm|p1a: Alomomola
|-damage|p1a: Alomomola|38/100 par
|-unboost|p1a: Alomomola|spe|1
|
|upkeep
|turn|32
|
|t:|1769371396
|move|p2a: Tornadus|Bleakwind Storm|p1a: Alomomola
|-damage|p1a: Alomomola|2/100 par
|move|p1a: Alomomola|Flip Turn|p2a: Tornadus
|-damage|p2a: Tornadus|81/100
|
|t:|1769371401
|switch|p1a: Dragapult|Dragapult, F|100/100|[from] Flip Turn
|
|upkeep
|turn|33
|
|t:|1769371405
|switch|p2a: Garganacl|Garganacl, M|78/100
|move|p1a: Dragapult|U-turn|p2a: Garganacl
|-damage|p2a: Garganacl|63/100
|
|t:|1769371409
|switch|p1a: Wo-Chien|Wo-Chien, shiny|56/100 par|[from] U-turn
|-damage|p1a: Wo-Chien|43/100 par|[from] Stealth Rock
|-ability|p1a: Wo-Chien|Tablets of Ruin
|
|upkeep
|turn|34
|
|t:|1769371413
|switch|p2a: Tornadus|Tornadus-Therian, M, shiny|100/100
|move|p1a: Wo-Chien|Giga Drain|p2a: Tornadus
|-resisted|p2a: Tornadus
|-damage|p2a: Tornadus|91/100
|-heal|p1a: Wo-Chien|48/100 par|[from] drain|[of] p2a: Tornadus
|
|upkeep
|turn|35
|
|t:|1769371418
|switch|p1a: Moltres|Moltres|85/100
|move|p2a: Tornadus|Bleakwind Storm|p1a: Moltres
|-damage|p1a: Moltres|54/100
|
|upkeep
|turn|36
|
|t:|1769371428
|switch|p1a: Alomomola|Alomomola, M|35/100 par
|-damage|p1a: Alomomola|23/100 par|[from] Stealth Rock
|move|p2a: Tornadus|Knock Off|p1a: Alomomola
|-damage|p1a: Alomomola|14/100 par
|
|upkeep
|turn|37
|
|t:|1769371434
|switch|p1a: Dragapult|Dragapult, F|100/100
|move|p2a: Tornadus|Bleakwind Storm|p1a: Dragapult|[miss]
|-miss|p2a: Tornadus|p1a: Dragapult
|
|upkeep
|turn|38
|
|t:|1769371439
|move|p1a: Dragapult|U-turn|p2a: Tornadus
|-resisted|p2a: Tornadus
|-damage|p2a: Tornadus|77/100
|
|t:|1769371442
|switch|p1a: Moltres|Moltres|54/100|[from] U-turn
|move|p2a: Tornadus|Knock Off|p1a: Moltres
|-damage|p1a: Moltres|37/100
|-enditem|p1a: Moltres|Heavy-Duty Boots|[from] move: Knock Off|[of] p2a: Tornadus
|
|upkeep
|turn|39
|
|t:|1769371446
|move|p2a: Tornadus|Bleakwind Storm|p1a: Moltres
|-damage|p1a: Moltres|8/100
|-unboost|p1a: Moltres|spe|1
|move|p1a: Moltres|Roost|p1a: Moltres
|-heal|p1a: Moltres|58/100
|-singleturn|p1a: Moltres|move: Roost
|
|upkeep
|turn|40
|
|t:|1769371451
|move|p2a: Tornadus|Bleakwind Storm|p1a: Moltres
|-damage|p1a: Moltres|31/100
|move|p1a: Moltres|Roost|p1a: Moltres
|-heal|p1a: Moltres|81/100
|-singleturn|p1a: Moltres|move: Roost
|
|upkeep
|turn|41
|
|t:|1769371455
|switch|p2a: Garganacl|Garganacl, M|63/100
|move|p1a: Moltres|Roost|p1a: Moltres
|-heal|p1a: Moltres|100/100
|-singleturn|p1a: Moltres|move: Roost
|
|upkeep
|turn|42
|
|t:|1769371459
|move|p1a: Moltres|U-turn|p2a: Garganacl
|-damage|p2a: Garganacl|54/100
|
|t:|1769371461
|switch|p1a: Wo-Chien|Wo-Chien, shiny|48/100 par|[from] U-turn
|-damage|p1a: Wo-Chien|35/100 par|[from] Stealth Rock
|-ability|p1a: Wo-Chien|Tablets of Ruin
|move|p2a: Garganacl|Salt Cure|p1a: Wo-Chien
|-damage|p1a: Wo-Chien|27/100 par
|-start|p1a: Wo-Chien|Salt Cure
|
|-damage|p1a: Wo-Chien|15/100 par|[from] Salt Cure
|upkeep
|turn|43
|
|t:|1769371471
|switch|p2a: Tornadus|Tornadus-Therian, M, shiny|100/100
|move|p1a: Wo-Chien|Knock Off|p2a: Tornadus
|-damage|p2a: Tornadus|64/100
|-enditem|p2a: Tornadus|Assault Vest|[from] move: Knock Off|[of] p1a: Wo-Chien
|
|-damage|p1a: Wo-Chien|3/100 par|[from] Salt Cure
|upkeep
|turn|44
|
|t:|1769371476
|move|p2a: Tornadus|Bleakwind Storm|p1a: Wo-Chien
|-supereffective|p1a: Wo-Chien
|-damage|p1a: Wo-Chien|0 fnt
|faint|p1a: Wo-Chien
|
|upkeep
|
|t:|1769371479
|switch|p1a: Dragapult|Dragapult, F|100/100
|turn|45
|
|t:|1769371491
|switch|p2a: Garganacl|Garganacl, M|54/100
|move|p1a: Dragapult|Dragon Darts|p2a: Garganacl
|-damage|p2a: Garganacl|39/100
|-anim|p1a: Dragapult|Dragon Darts|p2a: Garganacl
|-damage|p2a: Garganacl|21/100
|
|upkeep
|turn|46
|
|t:|1769371501
|switch|p2a: Hatterene|Hatterene, F|9/100
|move|p1a: Dragapult|Dragon Darts|p2a: Hatterene
|-immune|p2a: Hatterene
|
|upkeep
|turn|47
|
|t:|1769371507
|move|p1a: Dragapult|Hex|p2a: Hatterene
|-supereffective|p2a: Hatterene
|-damage|p2a: Hatterene|0 fnt
|faint|p2a: Hatterene
|
|upkeep
|
|t:|1769371514
|switch|p2a: Tornadus|Tornadus-Therian, M, shiny|97/100
|turn|48
|
|t:|1769371517
|move|p1a: Dragapult|Dragon Darts|p2a: Tornadus
|-damage|p2a: Tornadus|67/100
|-anim|p1a: Dragapult|Dragon Darts|p2a: Tornadus
|-damage|p2a: Tornadus|37/100
|move|p2a: Tornadus|Knock Off|p1a: Dragapult
|-supereffective|p1a: Dragapult
|-damage|p1a: Dragapult|39/100
|-enditem|p1a: Dragapult|Heavy-Duty Boots|[from] move: Knock Off|[of] p2a: Tornadus
|
|upkeep
|turn|49
|inactive|desu nathan has 120 seconds left.
|
|t:|1769371558
|switch|p2a: Great Tusk|Great Tusk|57/100
|move|p1a: Dragapult|Dragon Darts|p2a: Great Tusk
|-damage|p2a: Great Tusk|40/100
|-anim|p1a: Dragapult|Dragon Darts|p2a: Great Tusk
|-damage|p2a: Great Tusk|21/100
|
|upkeep
|turn|50
|
|t:|1769371563
|move|p1a: Dragapult|Dragon Darts|p2a: Great Tusk
|-damage|p2a: Great Tusk|3/100
|-anim|p1a: Dragapult|Dragon Darts|p2a: Great Tusk
|-damage|p2a: Great Tusk|0 fnt
|faint|p2a: Great Tusk
|-end|p2a: Great Tusk|Protosynthesis|[silent]
|
|upkeep
|inactive|desu nathan has 120 seconds left.
|inactive|desu nathan has 90 seconds left.
|inactive|desu nathan has 60 seconds left.
|
|t:|1769371631
|switch|p2a: Tornadus|Tornadus-Therian, M, shiny|70/100
|turn|51
|
|t:|1769371652
|move|p1a: Dragapult|U-turn|p2a: Tornadus
|-resisted|p2a: Tornadus
|-damage|p2a: Tornadus|57/100
|
|t:|1769371654
|switch|p1a: Moltres|Moltres|100/100|[from] U-turn
|-damage|p1a: Moltres|50/100|[from] Stealth Rock
|move|p2a: Tornadus|Knock Off|p1a: Moltres
|-damage|p1a: Moltres|39/100
|
|upkeep
|turn|52
|
|t:|1769371662
|switch|p2a: Garganacl|Garganacl, M|21/100
|move|p1a: Moltres|U-turn|p2a: Garganacl
|-damage|p2a: Garganacl|10/100
|
|t:|1769371672
|switch|p1a: Zamazenta|Zamazenta|100/100|[from] U-turn
|-ability|p1a: Zamazenta|Dauntless Shield|boost
|-boost|p1a: Zamazenta|def|1
|
|upkeep
|turn|53
|
|t:|1769371688
|move|p1a: Zamazenta|Heavy Slam|p2a: Garganacl
|-supereffective|p2a: Garganacl
|-damage|p2a: Garganacl|0 fnt
|faint|p2a: Garganacl
|
|upkeep
|
|t:|1769371697
|switch|p2a: Darkrai|Darkrai|100/100
|turn|54
|
|t:|1769371712
|-terastallize|p2a: Darkrai|Poison
|move|p1a: Zamazenta|Body Press|p2a: Darkrai
|-resisted|p2a: Darkrai
|-damage|p2a: Darkrai|66/100
|move|p2a: Darkrai|Psychic|p1a: Zamazenta
|-supereffective|p1a: Zamazenta
|-damage|p1a: Zamazenta|21/100
|
|upkeep
|turn|55
|inactive|Goblin Demolisher has 120 seconds left.
|
|t:|1769371750
|move|p1a: Zamazenta|Body Press|p2a: Darkrai
|-resisted|p2a: Darkrai
|-damage|p2a: Darkrai|31/100
|move|p2a: Darkrai|Psychic|p1a: Zamazenta
|-supereffective|p1a: Zamazenta
|-damage|p1a: Zamazenta|0 fnt
|faint|p1a: Zamazenta
|
|upkeep
|
|t:|1769371760
|switch|p1a: Dragapult|Dragapult, F|39/100
|-damage|p1a: Dragapult|27/100|[from] Stealth Rock
|turn|56
|
|t:|1769371766
|move|p1a: Dragapult|Dragon Darts|p2a: Darkrai
|-damage|p2a: Darkrai|0 fnt
|faint|p2a: Darkrai
|
|upkeep
|
|t:|1769371770
|switch|p2a: Tornadus|Tornadus-Therian, M, shiny|90/100
|turn|57
|
|t:|1769371787
|move|p1a: Dragapult|U-turn|p2a: Tornadus
|-resisted|p2a: Tornadus
|-damage|p2a: Tornadus|76/100
|
|t:|1769371789
|switch|p1a: Moltres|Moltres|39/100|[from] U-turn
|-damage|p1a: Moltres|0 fnt|[from] Stealth Rock
|faint|p1a: Moltres
|move|p2a: Tornadus|Knock Off|p1: Moltres|[notarget]
|-fail|p2a: Tornadus
|
|upkeep
|
|t:|1769371791
|switch|p1a: Alomomola|Alomomola, M|48/100 par
|-damage|p1a: Alomomola|35/100 par|[from] Stealth Rock
|turn|58
|
|t:|1769371803
|move|p2a: Tornadus|Bleakwind Storm|p1a: Alomomola
|-damage|p1a: Alomomola|3/100 par
|cant|p1a: Alomomola|par
|
|upkeep
|turn|59
|
|t:|1769371815
|move|p2a: Tornadus|Knock Off|p1a: Alomomola
|-damage|p1a: Alomomola|0 fnt
|faint|p1a: Alomomola
|
|upkeep
|
|t:|1769371816
|switch|p1a: Dragapult|Dragapult, F|27/100
|-damage|p1a: Dragapult|15/100|[from] Stealth Rock
|turn|60
|
|t:|1769371821
|move|p1a: Dragapult|Dragon Darts|p2a: Tornadus
|-damage|p2a: Tornadus|49/100
|-anim|p1a: Dragapult|Dragon Darts|p2a: Tornadus
|-damage|p2a: Tornadus|19/100
|move|p2a: Tornadus|Knock Off|p1a: Dragapult
|-supereffective|p1a: Dragapult
|-damage|p1a: Dragapult|0 fnt
|faint|p1a: Dragapult
|
|win|desu nathan
|raw|Goblin Demolisher's rating: 1648 &rarr; <strong>1629</strong><br />(-19 for losing)
|raw|desu nathan's rating: 1674 &rarr; <strong>1693</strong><br />(+19 for winning)
|l|☆desu nathan
|player|p2|
