|j|☆PunchmadeDukes
|j|☆Dante_jklol
|t:|1769308344
|gametype|singles
|player|p1|PunchmadeDukes|marshal|1061
|player|p2|Dante_jklol|blaine|1000
|gen|9
|tier|[Gen 9] OU
|rated|
|rule|HP Percentage Mod: HP is shown in percentages
|rule|Endless Battle Clause: Forcing endless battles is banned
|rule|Species Clause: Limit one of each Pokémon
|rule|OHKO Clause: OHKO moves are banned
|rule|Evasion Items Clause: Evasion items are banned
|rule|Evasion Moves Clause: Evasion moves are banned
|rule|Evasion Abilities Clause: Evasion abilities are banned
|rule|Sleep Moves Clause: Sleep-inducing moves are banned
|clearpoke
|poke|p1|Ursaluna, F|
|poke|p1|Glimmora, F|
|poke|p1|Dragapult, M|
|poke|p1|Blastoise, M|
|poke|p1|Smeargle, F|
|poke|p1|Donphan, F|
|poke|p2|Iron Leaves|
|poke|p2|Iron Thorns|
|poke|p2|Iron Moth|
|poke|p2|Iron Jugulis|
|poke|p2|Iron Valiant|
|poke|p2|Iron Treads|
|teampreview
|
|t:|1769308357
|teamsize|p1|6
|teamsize|p2|6
|start
|switch|p1a: Ursaluna|Ursaluna, F|100/100
|switch|p2a: Valiant|Iron Valiant, shiny|100/100
|turn|1
|inactive|Battle timer is ON: inactive players will automatically lose when time's up. (requested by PunchmadeDukes)
|
|t:|1769308366
|move|p2a: Valiant|Reflect|p2a: Valiant
|-sidestart|p2: Dante_jklol|Reflect
|move|p1a: Ursaluna|High Horsepower|p2a: Valiant
|-damage|p2a: Valiant|73/100
|
|-status|p1a: Ursaluna|brn|[from] item: Flame Orb
|upkeep
|turn|2
|c|☆PunchmadeDukes|this will be quick
|
|t:|1769308376
|move|p2a: Valiant|Light Screen|p2a: Valiant
|-sidestart|p2: Dante_jklol|move: Light Screen
|move|p1a: Ursaluna|High Horsepower|p2a: Valiant
|-damage|p2a: Valiant|28/100
|
|-damage|p1a: Ursaluna|94/100 brn|[from] brn
|upkeep
|turn|3
|
|t:|1769308393
|-end|p2a: Valiant|Quark Drive|[silent]
|switch|p2a: Jugulis|Iron Jugulis, shiny|100/100
|move|p1a: Ursaluna|High Horsepower|p2a: Jugulis
|-immune|p2a: Jugulis
|
|-damage|p1a: Ursaluna|88/100 brn|[from] brn
|upkeep
|turn|4
|
|t:|1769308404
|move|p2a: Jugulis|Electric Terrain|p2a: Jugulis
|-fieldstart|move: Electric Terrain
|-activate|p2a: Jugulis|ability: Quark Drive
|-start|p2a: Jugulis|quarkdrivespa
|move|p1a: Ursaluna|Ice Punch|p2a: Jugulis
|-supereffective|p2a: Jugulis
|-damage|p2a: Jugulis|57/100
|
|-damage|p1a: Ursaluna|82/100 brn|[from] brn
|upkeep
|turn|5
|
|t:|1769308413
|-end|p2a: Jugulis|Quark Drive|[silent]
|switch|p2a: Leaves|Iron Leaves|100/100
|-activate|p2a: Leaves|ability: Quark Drive
|-start|p2a: Leaves|quarkdriveatk
|move|p1a: Ursaluna|Ice Punch|p2a: Leaves
|-supereffective|p2a: Leaves
|-damage|p2a: Leaves|43/100
|
|-damage|p1a: Ursaluna|75/100 brn|[from] brn
|upkeep
|turn|6
|
|t:|1769308426
|move|p2a: Leaves|Leaf Blade|p1a: Ursaluna
|-supereffective|p1a: Ursaluna
|-damage|p1a: Ursaluna|0 fnt
|faint|p1a: Ursaluna
|
|upkeep
|
|t:|1769308432
|switch|p1a: Glimmora|Glimmora, F|100/100
|turn|7
|
|t:|1769308449
|move|p2a: Leaves|Psyblade|p1a: Glimmora
|-supereffective|p1a: Glimmora
|-enditem|p1a: Glimmora|Focus Sash
|-damage|p1a: Glimmora|1/100
|-activate|p1a: Glimmora|ability: Toxic Debris
|-sidestart|p2: Dante_jklol|move: Toxic Spikes
|move|p1a: Glimmora|Mortal Spin|p2a: Leaves
|-supereffective|p2a: Leaves
|-damage|p2a: Leaves|38/100
|-status|p2a: Leaves|psn
|
|-damage|p2a: Leaves|25/100 psn|[from] psn
|upkeep
|turn|8
|
|t:|1769308462
|move|p2a: Leaves|Psyblade|p1a: Glimmora
|-supereffective|p1a: Glimmora
|-crit|p1a: Glimmora
|-damage|p1a: Glimmora|0 fnt
|-activate|p1a: Glimmora|ability: Toxic Debris
|-sidestart|p2: Dante_jklol|move: Toxic Spikes
|faint|p1a: Glimmora
|
|-damage|p2a: Leaves|13/100 psn|[from] psn
|-sideend|p2: Dante_jklol|Reflect
|upkeep
|
|t:|1769308470
|switch|p1a: Dragapult|Dragapult, M|100/100
|turn|9
|
|t:|1769308488
|move|p1a: Dragapult|Phantom Force||[still]
|-prepare|p1a: Dragapult|Phantom Force
|move|p2a: Leaves|Psyblade|p1a: Dragapult|[miss]
|-miss|p2a: Leaves|p1a: Dragapult
|
|-damage|p2a: Leaves|0 fnt|[from] psn
|faint|p2a: Leaves
|-end|p2a: Leaves|Quark Drive|[silent]
|-sideend|p2: Dante_jklol|move: Light Screen
|upkeep
|
|t:|1769308492
|switch|p2a: Treads|Iron Treads, shiny|100/100
|-activate|p2a: Treads|ability: Quark Drive
|-start|p2a: Treads|quarkdrivedef
|turn|10
|
|t:|1769308498
|move|p1a: Dragapult|Phantom Force|p2a: Treads|[from] lockedmove
|-damage|p2a: Treads|85/100
|move|p2a: Treads|Rapid Spin|p1a: Dragapult
|-immune|p1a: Dragapult
|
|-heal|p2a: Treads|91/100|[from] item: Leftovers
|upkeep
|turn|11
|
|t:|1769308505
|move|p1a: Dragapult|Phantom Force||[still]
|-prepare|p1a: Dragapult|Phantom Force
|move|p2a: Treads|Stealth Rock|p1a: Dragapult
|-sidestart|p1: PunchmadeDukes|move: Stealth Rock
|
|-heal|p2a: Treads|97/100|[from] item: Leftovers
|-fieldend|move: Electric Terrain
|-end|p2a: Treads|Quark Drive
|upkeep
|turn|12
|
|t:|1769308511
|move|p1a: Dragapult|Phantom Force|p2a: Treads|[from] lockedmove
|-damage|p2a: Treads|75/100
|move|p2a: Treads|Electric Terrain|p2a: Treads
|-fieldstart|move: Electric Terrain
|-activate|p2a: Treads|ability: Quark Drive
|-start|p2a: Treads|quarkdrivedef
|
|-heal|p2a: Treads|82/100|[from] item: Leftovers
|upkeep
|turn|13
|
|t:|1769308519
|move|p1a: Dragapult|Phantom Force||[still]
|-prepare|p1a: Dragapult|Phantom Force
|move|p2a: Treads|Earthquake|p1a: Dragapult|[miss]
|-miss|p2a: Treads|p1a: Dragapult
|
|-heal|p2a: Treads|88/100|[from] item: Leftovers
|upkeep
|turn|14
|
|t:|1769308525
|move|p1a: Dragapult|Phantom Force|p2a: Treads|[from] lockedmove
|-damage|p2a: Treads|72/100
|move|p2a: Treads|Earthquake|p1a: Dragapult
|-damage|p1a: Dragapult|35/100
|
|-heal|p2a: Treads|79/100|[from] item: Leftovers
|upkeep
|turn|15
|
|t:|1769308532
|move|p1a: Dragapult|Phantom Force||[still]
|-prepare|p1a: Dragapult|Phantom Force
|move|p2a: Treads|Earthquake|p1a: Dragapult|[miss]
|-miss|p2a: Treads|p1a: Dragapult
|
|-heal|p2a: Treads|85/100|[from] item: Leftovers
|upkeep
|turn|16
|
|t:|1769308537
|move|p1a: Dragapult|Phantom Force|p2a: Treads|[from] lockedmove
|-damage|p2a: Treads|70/100
|move|p2a: Treads|Earthquake|p1a: Dragapult
|-damage|p1a: Dragapult|0 fnt
|faint|p1a: Dragapult
|
|-heal|p2a: Treads|76/100|[from] item: Leftovers
|-fieldend|move: Electric Terrain
|-end|p2a: Treads|Quark Drive
|upkeep
|
|t:|1769308546
|switch|p1a: Blastoise|Blastoise, M, shiny|100/100
|-damage|p1a: Blastoise|88/100|[from] Stealth Rock
|turn|17
|
|t:|1769308551
|move|p2a: Treads|Electric Terrain|p2a: Treads
|-fieldstart|move: Electric Terrain
|-activate|p2a: Treads|ability: Quark Drive
|-start|p2a: Treads|quarkdrivedef
|move|p1a: Blastoise|Shell Smash|p1a: Blastoise
|-unboost|p1a: Blastoise|def|1
|-unboost|p1a: Blastoise|spd|1
|-boost|p1a: Blastoise|atk|2
|-boost|p1a: Blastoise|spa|2
|-boost|p1a: Blastoise|spe|2
|-enditem|p1a: Blastoise|White Herb
|-clearnegativeboost|p1a: Blastoise|[silent]
|
|-heal|p2a: Treads|83/100|[from] item: Leftovers
|upkeep
|turn|18
|
|t:|1769308568
|move|p1a: Blastoise|Aqua Tail|p2a: Treads
|-supereffective|p2a: Treads
|-damage|p2a: Treads|35/100
|move|p2a: Treads|Rapid Spin|p1a: Blastoise
|-damage|p1a: Blastoise|76/100
|-boost|p2a: Treads|spe|1
|-sideend|p2: Dante_jklol|Toxic Spikes|[from] move: Rapid Spin|[of] p2a: Treads
|
|-heal|p2a: Treads|41/100|[from] item: Leftovers
|upkeep
|turn|19
|
|t:|1769308592
|move|p2a: Treads|Earthquake|p1a: Blastoise
|-damage|p1a: Blastoise|45/100
|move|p1a: Blastoise|Aqua Tail|p2a: Treads|[miss]
|-miss|p1a: Blastoise|p2a: Treads
|
|-heal|p2a: Treads|48/100|[from] item: Leftovers
|upkeep
|turn|20
|
|t:|1769308603
|move|p2a: Treads|Earthquake|p1a: Blastoise
|-damage|p1a: Blastoise|13/100
|move|p1a: Blastoise|Aqua Tail|p2a: Treads
|-supereffective|p2a: Treads
|-damage|p2a: Treads|0 fnt
|faint|p2a: Treads
|-end|p2a: Treads|Quark Drive|[silent]
|
|upkeep
|
|t:|1769308611
|switch|p2a: Valiant|Iron Valiant, shiny|28/100
|-activate|p2a: Valiant|ability: Quark Drive
|-start|p2a: Valiant|quarkdrivespe
|turn|21
|
|t:|1769308621
|move|p1a: Blastoise|Aqua Jet|p2a: Valiant
|-damage|p2a: Valiant|0 fnt
|faint|p2a: Valiant
|-end|p2a: Valiant|Quark Drive|[silent]
|
|-fieldend|move: Electric Terrain
|upkeep
|
|t:|1769308626
|switch|p2a: Jugulis|Iron Jugulis, shiny|57/100
|turn|22
|
|t:|1769308644
|move|p1a: Blastoise|Aqua Jet|p2a: Jugulis
|-damage|p2a: Jugulis|22/100
|move|p2a: Jugulis|Dark Pulse|p1a: Blastoise
|-damage|p1a: Blastoise|0 fnt
|faint|p1a: Blastoise
|
|upkeep
|
|t:|1769308651
|switch|p1a: Donphan|Donphan, F|100/100
|-damage|p1a: Donphan|94/100|[from] Stealth Rock
|turn|23
|
|t:|1769308656
|move|p2a: Jugulis|Electric Terrain|p2a: Jugulis
|-fieldstart|move: Electric Terrain
|-activate|p2a: Jugulis|ability: Quark Drive
|-start|p2a: Jugulis|quarkdrivespa
|move|p1a: Donphan|Rapid Spin|p2a: Jugulis
|-damage|p2a: Jugulis|9/100
|-boost|p1a: Donphan|spe|1
|-sideend|p1: PunchmadeDukes|Stealth Rock|[from] move: Rapid Spin|[of] p1a: Donphan
|
|-heal|p1a: Donphan|100/100|[from] item: Leftovers
|upkeep
|turn|24
|
|t:|1769308670
|-terastallize|p1a: Donphan|Ground
|move|p2a: Jugulis|Dark Pulse|p1a: Donphan
|-damage|p1a: Donphan|29/100
|move|p1a: Donphan|Rapid Spin|p2a: Jugulis
|-damage|p2a: Jugulis|0 fnt
|-boost|p1a: Donphan|spe|1
|faint|p2a: Jugulis
|-end|p2a: Jugulis|Quark Drive|[silent]
|
|-heal|p1a: Donphan|35/100|[from] item: Leftovers
|upkeep
|
|t:|1769308679
|switch|p2a: Thorns|Iron Thorns, shiny|100/100
|-activate|p2a: Thorns|ability: Quark Drive
|-start|p2a: Thorns|quarkdriveatk
|turn|25
|
|t:|1769308686
|-terastallize|p2a: Thorns|Grass
|move|p1a: Donphan|Earthquake|p2a: Thorns
|-resisted|p2a: Thorns
|-damage|p2a: Thorns|74/100
|move|p2a: Thorns|Dragon Dance|p2a: Thorns
|-boost|p2a: Thorns|atk|1
|-boost|p2a: Thorns|spe|1
|
|-heal|p1a: Donphan|42/100|[from] item: Leftovers
|upkeep
|turn|26
|
|t:|1769308698
|move|p2a: Thorns|Pin Missile|p1a: Donphan
|-damage|p1a: Donphan|32/100
|-crit|p1a: Donphan
|-damage|p1a: Donphan|17/100
|-damage|p1a: Donphan|6/100
|-damage|p1a: Donphan|0 fnt
|faint|p1a: Donphan
|-hitcount|p1: Donphan|4
|
|upkeep
|
|t:|1769308705
|switch|p1a: Smeargle|Smeargle, F|100/100
|turn|27
|
|t:|1769308713
|move|p2a: Thorns|Thunder Punch|p1a: Smeargle
|-damage|p1a: Smeargle|0 fnt
|faint|p1a: Smeargle
|
|win|Dante_jklol
|raw|PunchmadeDukes's rating: 1061 &rarr; <strong>1039</strong><br />(-22 for losing)
|raw|Dante_jklol's rating: 1000 &rarr; <strong>1047</strong><br />(+47 for winning)
|c|☆Dante_jklol|gg
|l|☆PunchmadeDukes
|player|p1|
