|j|☆pokemonboy1
|j|☆weedandgame
|t:|1769446851
|gametype|singles
|player|p1|pokemonboy1|1|1108
|player|p2|weedandgame|dragontamer|1059
|gen|9
|tier|[Gen 9] OU
|rated|
|rule|HP Percentage Mod: HP is shown in percentages
|rule|Endless Battle Clause: Forcing endless battles is banned
|rule|Species Clause: Limit one of each Pokémon
|rule|OHKO Clause: OHKO moves are banned
|rule|Evasion Items Clause: Evasion items are banned
|rule|Evasion Moves Clause: Evasion moves are banned
|rule|Evasion Abilities Clause: Evasion abilities are banned
|rule|Sleep Moves Clause: Sleep-inducing moves are banned
|clearpoke
|poke|p1|Sandy Shocks|
|poke|p1|Electivire, F|
|poke|p1|Morpeko, M|
|poke|p1|Toxtricity-Low-Key, M|
|poke|p1|Galvantula, F|
|poke|p1|Rotom-Heat|
|poke|p2|Kyurem|
|poke|p2|Iron Valiant|
|poke|p2|Cinderace, F|
|poke|p2|Darkrai|
|poke|p2|Corviknight, F|
|poke|p2|Clodsire, F|
|teampreview
|
|t:|1769446868
|teamsize|p1|6
|teamsize|p2|6
|start
|switch|p1a: Rotom|Rotom-Heat|100/100
|switch|p2a: Clodsire|Clodsire, F|100/100
|turn|1
|
|t:|1769446874
|move|p1a: Rotom|Trick|p2a: Clodsire
|-activate|p1a: Rotom|move: Trick|[of] p2a: Clodsire
|-item|p2a: Clodsire|Choice Specs|[from] move: Trick
|-item|p1a: Rotom|Black Sludge|[from] move: Trick
|move|p2a: Clodsire|Toxic|p1a: Rotom
|-status|p1a: Rotom|tox
|
|-damage|p1a: Rotom|88/100 tox|[from] item: Black Sludge
|-damage|p1a: Rotom|82/100 tox|[from] psn
|upkeep
|turn|2
|
|t:|1769446889
|switch|p1a: Toxtricity|Toxtricity-Low-Key, M|100/100
|switch|p2a: Cr7|Cinderace, F|100/100
|
|upkeep
|turn|3
|
|t:|1769446895
|move|p2a: Cr7|Pyro Ball|p1a: Toxtricity
|-damage|p1a: Toxtricity|21/100
|move|p1a: Toxtricity|Boomburst|p2a: Cr7
|-damage|p2a: Cr7|6/100
|-enditem|p1a: Toxtricity|Throat Spray
|-boost|p1a: Toxtricity|spa|1|[from] item: Throat Spray
|
|upkeep
|turn|4
|
|t:|1769446906
|move|p2a: Cr7|Sucker Punch||[still]
|-fail|p2a: Cr7
|move|p1a: Toxtricity|Toxic Spikes|p2a: Cr7
|-sidestart|p2: weedandgame|move: Toxic Spikes
|
|upkeep
|turn|5
|
|t:|1769446910
|move|p2a: Cr7|Sucker Punch||[still]
|-fail|p2a: Cr7
|move|p1a: Toxtricity|Toxic Spikes|p2a: Cr7
|-sidestart|p2: weedandgame|move: Toxic Spikes
|
|upkeep
|turn|6
|
|t:|1769446917
|switch|p2a: Clodsire|Clodsire, F|100/100
|-sideend|p2: weedandgame|move: Toxic Spikes|[of] p2a: Clodsire
|move|p1a: Toxtricity|Overdrive|p2a: Clodsire
|-immune|p2a: Clodsire
|
|upkeep
|turn|7
|
|t:|1769446921
|move|p1a: Toxtricity|Boomburst|p2a: Clodsire
|-damage|p2a: Clodsire|48/100
|move|p2a: Clodsire|Earthquake|p1a: Toxtricity
|-supereffective|p1a: Toxtricity
|-damage|p1a: Toxtricity|0 fnt
|faint|p1a: Toxtricity
|
|upkeep
|
|t:|1769446931
|switch|p1a: Rotom|Rotom-Heat|82/100 tox
|turn|8
|
|t:|1769446936
|switch|p2a: Cr7|Cinderace, F|6/100
|move|p1a: Rotom|Shadow Ball|p2a: Cr7
|-damage|p2a: Cr7|0 fnt
|faint|p2a: Cr7
|
|-damage|p1a: Rotom|69/100 tox|[from] item: Black Sludge
|-damage|p1a: Rotom|63/100 tox|[from] psn
|upkeep
|
|t:|1769446943
|switch|p2a: Darkrai|Darkrai|100/100
|turn|9
|
|t:|1769446946
|move|p2a: Darkrai|Dark Pulse|p1a: Rotom
|-damage|p1a: Rotom|2/100 tox
|move|p1a: Rotom|Overheat|p2a: Darkrai
|-damage|p2a: Darkrai|21/100
|-unboost|p1a: Rotom|spa|2
|
|-damage|p1a: Rotom|0 fnt|[from] item: Black Sludge
|faint|p1a: Rotom
|upkeep
|
|t:|1769446950
|switch|p1a: Morpeko|Morpeko, M|100/100
|turn|10
|
|t:|1769446973
|switch|p2a: B52|Corviknight, F, shiny|100/100
|move|p1a: Morpeko|Aura Wheel|p2a: B52
|-supereffective|p2a: B52
|-damage|p2a: B52|57/100
|-boost|p1a: Morpeko|spe|1
|
|-formechange|p1a: Morpeko|Morpeko-Hangry||[from] ability: Hunger Switch
|upkeep
|turn|11
|
|t:|1769446980
|move|p1a: Morpeko|Aura Wheel|p2a: B52
|-damage|p2a: B52|36/100
|-boost|p1a: Morpeko|spe|1
|move|p2a: B52|Body Press|p1a: Morpeko
|-supereffective|p1a: Morpeko
|-damage|p1a: Morpeko|10/100
|
|-heal|p1a: Morpeko|17/100|[from] item: Leftovers
|-formechange|p1a: Morpeko|Morpeko||[from] ability: Hunger Switch
|upkeep
|turn|12
|
|t:|1769446992
|switch|p2a: Clodsire|Clodsire, F|48/100
|move|p1a: Morpeko|Aura Wheel|p2a: Clodsire
|-immune|p2a: Clodsire
|
|-heal|p1a: Morpeko|23/100|[from] item: Leftovers
|-formechange|p1a: Morpeko|Morpeko-Hangry||[from] ability: Hunger Switch
|upkeep
|turn|13
|
|t:|1769447001
|move|p1a: Morpeko|Aura Wheel|p2a: Clodsire
|-damage|p2a: Clodsire|3/100
|-boost|p1a: Morpeko|spe|1
|move|p2a: Clodsire|Earthquake|p1a: Morpeko
|-supereffective|p1a: Morpeko
|-damage|p1a: Morpeko|0 fnt
|faint|p1a: Morpeko
|
|upkeep
|
|t:|1769447009
|switch|p1a: Electivire|Electivire, F|100/100
|turn|14
|
|t:|1769447037
|move|p1a: Electivire|Knock Off|p2a: Clodsire
|-damage|p2a: Clodsire|0 fnt
|-enditem|p2a: Clodsire|Choice Specs|[from] move: Knock Off|[of] p1a: Electivire
|faint|p2a: Clodsire
|-damage|p1a: Electivire|91/100|[from] item: Life Orb
|
|upkeep
|inactive|Battle timer is ON: inactive players will automatically lose when time's up. (requested by pokemonboy1)
|
|t:|1769447042
|switch|p2a: Kyurem|Kyurem, shiny|100/100
|-ability|p2a: Kyurem|Pressure
|turn|15
|
|t:|1769447048
|switch|p2a: B52|Corviknight, F, shiny|36/100
|move|p1a: Electivire|Bulk Up|p1a: Electivire
|-boost|p1a: Electivire|atk|1
|-boost|p1a: Electivire|def|1
|
|upkeep
|turn|16
|
|t:|1769447053
|move|p1a: Electivire|Bulk Up|p1a: Electivire
|-boost|p1a: Electivire|atk|1
|-boost|p1a: Electivire|def|1
|move|p2a: B52|Brave Bird|p1a: Electivire
|-resisted|p1a: Electivire
|-damage|p1a: Electivire|74/100
|-damage|p2a: B52|32/100|[from] Recoil
|
|upkeep
|turn|17
|
|t:|1769447059
|move|p1a: Electivire|Supercell Slam|p2a: B52
|-supereffective|p2a: B52
|-damage|p2a: B52|0 fnt
|-damage|p1a: Electivire|58/100|[from] item: Rocky Helmet|[of] p2a: B52
|faint|p2a: B52
|-damage|p1a: Electivire|48/100|[from] item: Life Orb
|
|upkeep
|
|t:|1769447069
|switch|p2a: Grok|Iron Valiant, shiny|100/100
|-enditem|p2a: Grok|Booster Energy
|-activate|p2a: Grok|ability: Quark Drive|[fromitem]
|-start|p2a: Grok|quarkdrivespe
|turn|18
|
|t:|1769447076
|move|p2a: Grok|Moonblast|p1a: Electivire
|-damage|p1a: Electivire|0 fnt
|faint|p1a: Electivire
|
|upkeep
|
|t:|1769447079
|switch|p1a: Galvantula|Galvantula, F|100/100
|turn|19
|
|t:|1769447104
|move|p2a: Grok|Knock Off|p1a: Galvantula
|-damage|p1a: Galvantula|41/100
|-enditem|p1a: Galvantula|Leftovers|[from] move: Knock Off|[of] p2a: Grok
|move|p1a: Galvantula|Sticky Web|p2a: Grok
|-sidestart|p2: weedandgame|move: Sticky Web
|
|upkeep
|turn|20
|
|t:|1769447111
|move|p2a: Grok|Moonblast|p1a: Galvantula
|-damage|p1a: Galvantula|0 fnt
|faint|p1a: Galvantula
|
|upkeep
|
|t:|1769447114
|switch|p1a: Sandy Shocks|Sandy Shocks|100/100
|-enditem|p1a: Sandy Shocks|Booster Energy
|-activate|p1a: Sandy Shocks|ability: Protosynthesis|[fromitem]
|-start|p1a: Sandy Shocks|protosynthesisspa
|turn|21
|
|t:|1769447129
|-terastallize|p1a: Sandy Shocks|Electric
|move|p2a: Grok|Destiny Bond|p2a: Grok
|-singlemove|p2a: Grok|Destiny Bond
|move|p1a: Sandy Shocks|Discharge|p2a: Grok
|-damage|p2a: Grok|0 fnt
|faint|p2a: Grok
|-activate|p2a: Grok|move: Destiny Bond
|-end|p2a: Grok|Quark Drive|[silent]
|faint|p1a: Sandy Shocks
|-end|p1a: Sandy Shocks|Protosynthesis|[silent]
|
|win|weedandgame
|raw|pokemonboy1's rating: 1108 &rarr; <strong>1079</strong><br />(-29 for losing)
|raw|weedandgame's rating: 1059 &rarr; <strong>1095</strong><br />(+36 for winning)
|l|☆pokemonboy1
|player|p1|
|l|☆weedandgame
|player|p2|
