|j|☆PiuPaoPiuPao
|j|☆moisix
|t:|1769365711
|gametype|singles
|player|p1|PiuPaoPiuPao|169|
|player|p2|moisix|2|
|gen|9
|tier|[Gen 9] OU
|rule|HP Percentage Mod: HP is shown in percentages
|rule|Endless Battle Clause: Forcing endless battles is banned
|rule|Species Clause: Limit one of each Pokémon
|rule|OHKO Clause: OHKO moves are banned
|rule|Evasion Items Clause: Evasion items are banned
|rule|Evasion Moves Clause: Evasion moves are banned
|rule|Evasion Abilities Clause: Evasion abilities are banned
|rule|Sleep Moves Clause: Sleep-inducing moves are banned
|clearpoke
|poke|p1|Milotic, M|
|poke|p1|Blaziken, M|
|poke|p1|Torkoal, F|
|poke|p1|Raging Bolt|
|poke|p1|Slither Wing|
|poke|p1|Ogerpon-Wellspring, F|
|poke|p2|Milotic, M|
|poke|p2|Gardevoir, M|
|poke|p2|Blaziken, M|
|poke|p2|Tentacruel, F|
|poke|p2|Kilowattrel, M|
|poke|p2|Garchomp, M|
|teampreview
|inactive|Battle timer is ON: inactive players will automatically lose when time's up. (requested by moisix)
|inactive|PiuPaoPiuPao has 270 seconds left.
|
|t:|1769365759
|teamsize|p1|6
|teamsize|p2|6
|start
|switch|p1a: Milotic|Milotic, M|100/100
|switch|p2a: Mya-nee|Gardevoir, M|100/100
|-ability|p2a: Mya-nee|Marvel Scale|Trace|[from] ability: Trace|[of] p1a: Milotic
|turn|1
|
|t:|1769365773
|switch|p2a: Soy cruel|Tentacruel, F|100/100
|move|p1a: Milotic|Scald|p2a: Soy cruel
|-resisted|p2a: Soy cruel
|-damage|p2a: Soy cruel|93/100
|
|upkeep
|turn|2
|
|t:|1769365787
|move|p2a: Soy cruel|Acid Spray|p1a: Milotic
|-damage|p1a: Milotic|92/100
|-unboost|p1a: Milotic|spd|2
|move|p1a: Milotic|Flip Turn|p2a: Soy cruel
|-resisted|p2a: Soy cruel
|-damage|p2a: Soy cruel|84/100
|
|t:|1769365794
|switch|p1a: Raging Bolt|Raging Bolt|100/100|[from] Flip Turn
|
|upkeep
|turn|3
|
|t:|1769365810
|switch|p2a: Kilowattrel|Kilowattrel, M|100/100
|move|p1a: Raging Bolt|Draco Meteor|p2a: Kilowattrel
|-damage|p2a: Kilowattrel|0 fnt
|-unboost|p1a: Raging Bolt|spa|2
|faint|p2a: Kilowattrel
|
|upkeep
|
|t:|1769365822
|switch|p2a: Boa hancock|Milotic, M|100/100
|turn|4
|
|t:|1769365832
|-end|p1a: Raging Bolt|Protosynthesis|[silent]
|switch|p1a: Milotic|Milotic, M|92/100
|move|p2a: Boa hancock|Flip Turn|p1a: Milotic
|-resisted|p1a: Milotic
|-damage|p1a: Milotic|76/100
|inactive|moisix has 270 seconds left.
|
|t:|1769365855
|switch|p2a: Mya-nee|Gardevoir, M|100/100|[from] Flip Turn
|-ability|p2a: Mya-nee|Marvel Scale|Trace|[from] ability: Trace|[of] p1a: Milotic
|
|upkeep
|turn|5
|
|t:|1769365866
|move|p2a: Mya-nee|Psychic|p1a: Milotic
|-damage|p1a: Milotic|50/100
|move|p1a: Milotic|Flip Turn|p2a: Mya-nee
|-damage|p2a: Mya-nee|77/100
|inactive|PiuPaoPiuPao has 270 seconds left.
|
|t:|1769365906
|switch|p1a: Slither Wing|Slither Wing|100/100|[from] Flip Turn
|
|upkeep
|turn|6
|
|t:|1769365924
|switch|p2a: Sharkboy|Garchomp, M|100/100
|move|p1a: Slither Wing|U-turn|p2a: Sharkboy
|-damage|p2a: Sharkboy|77/100
|-damage|p1a: Slither Wing|88/100|[from] ability: Rough Skin|[of] p2a: Sharkboy
|-damage|p1a: Slither Wing|72/100|[from] item: Rocky Helmet|[of] p2a: Sharkboy
|inactive|PiuPaoPiuPao has 240 seconds left.
|
|t:|1769365939
|-end|p1a: Slither Wing|Protosynthesis|[silent]
|switch|p1a: Milotic|Milotic, M|50/100|[from] U-turn
|
|upkeep
|turn|7
|inactive|PiuPaoPiuPao has 240 seconds left.
|
|t:|1769365952
|switch|p2a: Soy cruel|Tentacruel, F|84/100
|move|p1a: Milotic|Recover|p1a: Milotic
|-heal|p1a: Milotic|100/100
|
|upkeep
|turn|8
|
|t:|1769365966
|move|p2a: Soy cruel|Acid Spray|p1a: Milotic
|-damage|p1a: Milotic|92/100
|-unboost|p1a: Milotic|spd|2
|move|p1a: Milotic|Flip Turn|p2a: Soy cruel
|-resisted|p2a: Soy cruel
|-damage|p2a: Soy cruel|75/100
|inactive|PiuPaoPiuPao has 240 seconds left.
|
|t:|1769365976
|switch|p1a: Raging Bolt|Raging Bolt|100/100|[from] Flip Turn
|
|upkeep
|turn|9
|
|t:|1769365992
|move|p1a: Raging Bolt|Draco Meteor|p2a: Soy cruel
|-damage|p2a: Soy cruel|10/100
|-unboost|p1a: Raging Bolt|spa|2
|move|p2a: Soy cruel|Acid Spray|p1a: Raging Bolt
|-damage|p1a: Raging Bolt|85/100
|-unboost|p1a: Raging Bolt|spd|2
|
|upkeep
|turn|10
|
|t:|1769366002
|-end|p1a: Raging Bolt|Protosynthesis|[silent]
|switch|p1a: Milotic|Milotic, M|92/100
|switch|p2a: Mya-nee|Gardevoir, M|77/100
|-ability|p2a: Mya-nee|Marvel Scale|Trace|[from] ability: Trace|[of] p1a: Milotic
|
|upkeep
|turn|11
|
|t:|1769366012
|move|p2a: Mya-nee|Psychic|p1a: Milotic
|-damage|p1a: Milotic|68/100
|move|p1a: Milotic|Flip Turn|p2a: Mya-nee
|-damage|p2a: Mya-nee|56/100
|
|t:|1769366024
|switch|p1a: Slither Wing|Slither Wing|72/100|[from] Flip Turn
|
|upkeep
|turn|12
|
|t:|1769366032
|move|p2a: Mya-nee|Psychic|p1a: Slither Wing
|-supereffective|p1a: Slither Wing
|-damage|p1a: Slither Wing|8/100
|move|p1a: Slither Wing|U-turn|p2a: Mya-nee
|-damage|p2a: Mya-nee|0 fnt
|faint|p2a: Mya-nee
|
|t:|1769366038
|-end|p1a: Slither Wing|Protosynthesis|[silent]
|switch|p1a: Milotic|Milotic, M|68/100|[from] U-turn
|
|upkeep
|
|t:|1769366043
|switch|p2a: Soy cruel|Tentacruel, F|10/100
|turn|13
|l|☆PiuPaoPiuPao
|inactive|PiuPaoPiuPao disconnected and has 300 seconds to reconnect!
|player|p1|
|j|☆PiuPaoPiuPao
|inactive|PiuPaoPiuPao reconnected and has 260 seconds left.
|player|p1|PiuPaoPiuPao|169|
|
|t:|1769366075
|move|p2a: Soy cruel|Giga Drain|p1a: Milotic
|-supereffective|p1a: Milotic
|-damage|p1a: Milotic|45/100
|-heal|p2a: Soy cruel|22/100|[from] drain|[of] p1a: Milotic
|move|p1a: Milotic|Scald|p2a: Soy cruel
|-resisted|p2a: Soy cruel
|-damage|p2a: Soy cruel|14/100
|-status|p2a: Soy cruel|brn
|
|-damage|p2a: Soy cruel|8/100 brn|[from] brn
|upkeep
|turn|14
|
|t:|1769366087
|move|p2a: Soy cruel|Acid Spray|p1a: Milotic
|-damage|p1a: Milotic|36/100
|-unboost|p1a: Milotic|spd|2
|move|p1a: Milotic|Recover|p1a: Milotic
|-heal|p1a: Milotic|86/100
|
|-damage|p2a: Soy cruel|2/100 brn|[from] brn
|upkeep
|turn|15
|
|t:|1769366103
|switch|p1a: Raging Bolt|Raging Bolt|85/100
|move|p2a: Soy cruel|Acid Spray|p1a: Raging Bolt
|-damage|p1a: Raging Bolt|70/100
|-unboost|p1a: Raging Bolt|spd|2
|
|-damage|p2a: Soy cruel|0 fnt|[from] brn
|faint|p2a: Soy cruel
|upkeep
|
|t:|1769366113
|switch|p2a: Boa hancock|Milotic, M|100/100
|turn|16
|
|t:|1769366119
|move|p1a: Raging Bolt|Volt Switch|p2a: Boa hancock
|-supereffective|p2a: Boa hancock
|-damage|p2a: Boa hancock|16/100
|
|t:|1769366125
|-end|p1a: Raging Bolt|Protosynthesis|[silent]
|switch|p1a: Milotic|Milotic, M|86/100|[from] Volt Switch
|move|p2a: Boa hancock|Triple Axel|p1a: Milotic
|-resisted|p1a: Milotic
|-damage|p1a: Milotic|82/100
|-resisted|p1a: Milotic
|-crit|p1a: Milotic
|-damage|p1a: Milotic|72/100
|-resisted|p1a: Milotic
|-damage|p1a: Milotic|61/100
|-hitcount|p1a: Milotic|3
|
|upkeep
|turn|17
|
|t:|1769366137
|move|p1a: Milotic|Recover|p1a: Milotic
|-heal|p1a: Milotic|100/100
|move|p2a: Boa hancock|Triple Axel|p1a: Milotic
|-resisted|p1a: Milotic
|-damage|p1a: Milotic|97/100
|-resisted|p1a: Milotic
|-damage|p1a: Milotic|89/100
|-resisted|p1a: Milotic
|-damage|p1a: Milotic|78/100
|-hitcount|p1a: Milotic|3
|
|upkeep
|turn|18
|inactive|PiuPaoPiuPao has 270 seconds left.
|
|t:|1769366155
|move|p1a: Milotic|Scald|p2a: Boa hancock
|-resisted|p2a: Boa hancock
|-damage|p2a: Boa hancock|6/100
|-status|p2a: Boa hancock|brn
|move|p2a: Boa hancock|Triple Axel|p1a: Milotic
|-resisted|p1a: Milotic
|-damage|p1a: Milotic|77/100
|-resisted|p1a: Milotic
|-damage|p1a: Milotic|73/100
|-resisted|p1a: Milotic
|-damage|p1a: Milotic|68/100
|-hitcount|p1a: Milotic|3
|
|-damage|p2a: Boa hancock|0 fnt|[from] brn
|faint|p2a: Boa hancock
|upkeep
|
|t:|1769366170
|switch|p2a: Blaziken|Blaziken, M|100/100
|turn|19
|inactive|PiuPaoPiuPao has 270 seconds left.
|
|t:|1769366181
|move|p2a: Blaziken|Swords Dance|p2a: Blaziken
|-boost|p2a: Blaziken|atk|2
|move|p1a: Milotic|Dragon Tail|p2a: Blaziken
|-damage|p2a: Blaziken|89/100
|drag|p2a: Sharkboy|Garchomp, M|77/100
|
|upkeep
|turn|20
|inactive|PiuPaoPiuPao has 270 seconds left.
|
|t:|1769366191
|move|p2a: Sharkboy|Stealth Rock|p1a: Milotic
|-sidestart|p1: PiuPaoPiuPao|move: Stealth Rock
|move|p1a: Milotic|Recover|p1a: Milotic
|-heal|p1a: Milotic|100/100
|
|upkeep
|turn|21
|
|t:|1769366197
|move|p2a: Sharkboy|Earthquake|p1a: Milotic
|-damage|p1a: Milotic|56/100
|move|p1a: Milotic|Scald|p2a: Sharkboy
|-damage|p2a: Sharkboy|49/100
|
|upkeep
|turn|22
|
|t:|1769366216
|move|p2a: Sharkboy|Earthquake|p1a: Milotic
|-damage|p1a: Milotic|8/100
|move|p1a: Milotic|Recover|p1a: Milotic
|-heal|p1a: Milotic|58/100
|
|upkeep
|turn|23
|inactive|PiuPaoPiuPao has 270 seconds left.
|
|t:|1769366233
|move|p2a: Sharkboy|Earthquake|p1a: Milotic
|-damage|p1a: Milotic|15/100
|move|p1a: Milotic|Scald|p2a: Sharkboy
|-damage|p2a: Sharkboy|25/100
|
|upkeep
|turn|24
|
|t:|1769366240
|move|p2a: Sharkboy|Earthquake|p1a: Milotic
|-damage|p1a: Milotic|0 fnt
|faint|p1a: Milotic
|
|upkeep
|inactive|PiuPaoPiuPao has 270 seconds left.
|inactive|PiuPaoPiuPao has 240 seconds left.
|
|t:|1769366297
|switch|p1a: Blaziken|Blaziken, M|100/100
|-damage|p1a: Blaziken|88/100|[from] Stealth Rock
|turn|25
|
|t:|1769366309
|move|p1a: Blaziken|Close Combat|p2a: Sharkboy
|-damage|p2a: Sharkboy|0 fnt
|-unboost|p1a: Blaziken|def|1
|-unboost|p1a: Blaziken|spd|1
|-damage|p1a: Blaziken|76/100|[from] ability: Rough Skin|[of] p2a: Sharkboy
|-damage|p1a: Blaziken|59/100|[from] item: Rocky Helmet|[of] p2a: Sharkboy
|faint|p2a: Sharkboy
|
|-ability|p1a: Blaziken|Speed Boost|boost
|-boost|p1a: Blaziken|spe|1
|upkeep
|
|t:|1769366321
|switch|p2a: Blaziken|Blaziken, M|89/100
|turn|26
|
|t:|1769366329
|move|p1a: Blaziken|Close Combat|p2a: Blaziken
|-damage|p2a: Blaziken|0 fnt
|-unboost|p1a: Blaziken|def|1
|-unboost|p1a: Blaziken|spd|1
|faint|p2a: Blaziken
|
|win|PiuPaoPiuPao
|l|☆moisix
|player|p2|
