|j|☆kindetsu
|j|☆Pem779567 phone
|t:|1769405529
|gametype|singles
|player|p1|kindetsu|lance-masters2|1266
|player|p2|Pem779567 phone|1|1197
|gen|9
|tier|[Gen 9] OU
|rated|
|rule|HP Percentage Mod: HP is shown in percentages
|rule|Endless Battle Clause: Forcing endless battles is banned
|rule|Species Clause: Limit one of each Pokémon
|rule|OHKO Clause: OHKO moves are banned
|rule|Evasion Items Clause: Evasion items are banned
|rule|Evasion Moves Clause: Evasion moves are banned
|rule|Evasion Abilities Clause: Evasion abilities are banned
|rule|Sleep Moves Clause: Sleep-inducing moves are banned
|clearpoke
|poke|p1|Regidrago|
|poke|p1|Iron Crown|
|poke|p1|Volcanion|
|poke|p1|Torkoal, M|
|poke|p1|Iron Valiant|
|poke|p1|Latios, M|
|poke|p2|Samurott-Hisui, F|
|poke|p2|Slowking-Galar, F|
|poke|p2|Entei|
|poke|p2|Rillaboom, M|
|poke|p2|Salamence, F|
|poke|p2|Ninetales-Alola, F|
|teampreview
|inactive|Battle timer is ON: inactive players will automatically lose when time's up. (requested by Pem779567 phone)
|
|t:|1769405537
|teamsize|p1|6
|teamsize|p2|6
|start
|switch|p1a: Iron Valiant|Iron Valiant|100/100
|switch|p2a: Samurott|Samurott-Hisui, F|100/100
|turn|1
|
|t:|1769405543
|move|p2a: Samurott|Aqua Cutter|p1a: Iron Valiant
|-damage|p1a: Iron Valiant|39/100
|move|p1a: Iron Valiant|Spirit Break|p2a: Samurott
|-supereffective|p2a: Samurott
|-damage|p2a: Samurott|0 fnt
|faint|p2a: Samurott
|
|upkeep
|
|t:|1769405549
|switch|p2a: Rillaboom|Rillaboom, M|100/100
|-fieldstart|move: Grassy Terrain|[from] ability: Grassy Surge|[of] p2a: Rillaboom
|turn|2
|
|t:|1769405556
|-end|p1a: Iron Valiant|Quark Drive|[silent]
|switch|p1a: Torkoal|Torkoal, M|100/100
|-weather|SunnyDay|[from] ability: Drought|[of] p1a: Torkoal
|move|p2a: Rillaboom|Drum Beating|p1a: Torkoal
|-resisted|p1a: Torkoal
|-damage|p1a: Torkoal|82/100
|-unboost|p1a: Torkoal|spe|1
|
|-weather|SunnyDay|[upkeep]
|-heal|p1a: Torkoal|88/100|[from] Grassy Terrain
|upkeep
|turn|3
|
|t:|1769405561
|move|p2a: Rillaboom|U-turn|p1a: Torkoal
|-resisted|p1a: Torkoal
|-damage|p1a: Torkoal|81/100
|
|t:|1769405564
|switch|p2a: Ninetales|Ninetales-Alola, F|100/100|[from] U-turn
|-weather|Snowscape|[from] ability: Snow Warning|[of] p2a: Ninetales
|move|p1a: Torkoal|Stealth Rock|p2a: Ninetales
|-sidestart|p2: Pem779567 phone|move: Stealth Rock
|
|-weather|Snowscape|[upkeep]
|-heal|p1a: Torkoal|87/100|[from] Grassy Terrain
|upkeep
|turn|4
|
|t:|1769405573
|switch|p1a: Volcanion|Volcanion|100/100
|move|p2a: Ninetales|Aurora Veil|p2a: Ninetales
|-sidestart|p2: Pem779567 phone|move: Aurora Veil
|
|-weather|Snowscape|[upkeep]
|upkeep
|turn|5
|
|t:|1769405580
|move|p2a: Ninetales|Moonblast|p1a: Volcanion
|-resisted|p1a: Volcanion
|-damage|p1a: Volcanion|82/100
|move|p1a: Volcanion|Flamethrower|p2a: Ninetales
|-supereffective|p2a: Ninetales
|-damage|p2a: Ninetales|38/100
|
|-weather|Snowscape|[upkeep]
|-heal|p2a: Ninetales|44/100|[from] Grassy Terrain
|-heal|p1a: Volcanion|88/100|[from] Grassy Terrain
|upkeep
|turn|6
|
|t:|1769405598
|move|p2a: Ninetales|Moonblast|p1a: Volcanion
|-resisted|p1a: Volcanion
|-damage|p1a: Volcanion|69/100
|move|p1a: Volcanion|Flamethrower|p2a: Ninetales
|-supereffective|p2a: Ninetales
|-damage|p2a: Ninetales|0 fnt
|faint|p2a: Ninetales
|
|-weather|Snowscape|[upkeep]
|-heal|p1a: Volcanion|75/100|[from] Grassy Terrain
|-fieldend|move: Grassy Terrain
|upkeep
|
|t:|1769405609
|switch|p2a: Slowking|Slowking-Galar, F, shiny|100/100
|-damage|p2a: Slowking|88/100|[from] Stealth Rock
|turn|7
|
|t:|1769405616
|move|p1a: Volcanion|Steam Eruption|p2a: Slowking
|-damage|p2a: Slowking|70/100
|move|p2a: Slowking|Toxic|p1a: Volcanion
|-status|p1a: Volcanion|tox
|
|-weather|none
|-heal|p2a: Slowking|76/100|[from] item: Leftovers
|-damage|p1a: Volcanion|69/100 tox|[from] psn
|upkeep
|turn|8
|
|t:|1769405634
|switch|p1a: Armin Schwitz|Iron Crown|100/100
|move|p2a: Slowking|Future Sight|p1a: Armin Schwitz
|-start|p2a: Slowking|move: Future Sight
|
|-heal|p2a: Slowking|82/100|[from] item: Leftovers
|upkeep
|turn|9
|
|t:|1769405642
|move|p1a: Armin Schwitz|Psyshock|p2a: Slowking
|-damage|p2a: Slowking|60/100
|move|p2a: Slowking|Flamethrower|p1a: Armin Schwitz
|-supereffective|p1a: Armin Schwitz
|-damage|p1a: Armin Schwitz|61/100
|
|-heal|p1a: Armin Schwitz|67/100|[from] item: Leftovers
|-heal|p2a: Slowking|66/100|[from] item: Leftovers
|upkeep
|turn|10
|
|t:|1769405653
|move|p1a: Armin Schwitz|Volt Switch|p2a: Slowking
|-damage|p2a: Slowking|59/100
|
|t:|1769405663
|-end|p1a: Armin Schwitz|Quark Drive|[silent]
|switch|p1a: Latios|Latios, M|100/100|[from] Volt Switch
|move|p2a: Slowking|Flamethrower|p1a: Latios
|-resisted|p1a: Latios
|-damage|p1a: Latios|91/100
|
|-end|p1a: Latios|move: Future Sight
|-resisted|p1a: Latios
|-damage|p1a: Latios|73/100
|-heal|p2a: Slowking|65/100|[from] item: Leftovers
|upkeep
|turn|11
|
|t:|1769405669
|move|p1a: Latios|Trick|p2a: Slowking
|-activate|p1a: Latios|move: Trick|[of] p2a: Slowking
|-item|p2a: Slowking|Choice Specs|[from] move: Trick
|-item|p1a: Latios|Leftovers|[from] move: Trick
|move|p2a: Slowking|Toxic|p1a: Latios
|-status|p1a: Latios|tox
|
|-heal|p1a: Latios|79/100 tox|[from] item: Leftovers
|-damage|p1a: Latios|73/100 tox|[from] psn
|-sideend|p2: Pem779567 phone|move: Aurora Veil
|upkeep
|turn|12
|
|t:|1769405682
|switch|p1a: Volcanion|Volcanion|69/100 tox
|switch|p2a: Entei|Entei|100/100
|-damage|p2a: Entei|76/100|[from] Stealth Rock
|
|-damage|p1a: Volcanion|63/100 tox|[from] psn
|upkeep
|turn|13
|
|t:|1769405686
|move|p2a: Entei|Extreme Speed|p1a: Volcanion
|-damage|p1a: Volcanion|35/100 tox
|move|p1a: Volcanion|Steam Eruption|p2a: Entei
|-supereffective|p2a: Entei
|-damage|p2a: Entei|0 fnt
|faint|p2a: Entei
|
|-damage|p1a: Volcanion|23/100 tox|[from] psn
|upkeep
|
|t:|1769405693
|switch|p2a: Rillaboom|Rillaboom, M|100/100
|-damage|p2a: Rillaboom|88/100|[from] Stealth Rock
|-fieldstart|move: Grassy Terrain|[from] ability: Grassy Surge|[of] p2a: Rillaboom
|turn|14
|
|t:|1769405699
|move|p2a: Rillaboom|Knock Off|p1a: Volcanion
|-damage|p1a: Volcanion|0 fnt
|-enditem|p1a: Volcanion|Shuca Berry|[from] move: Knock Off|[of] p2a: Rillaboom
|faint|p1a: Volcanion
|
|-heal|p2a: Rillaboom|94/100|[from] Grassy Terrain
|upkeep
|
|t:|1769405702
|switch|p1a: Torkoal|Torkoal, M|87/100
|-weather|SunnyDay|[from] ability: Drought|[of] p1a: Torkoal
|turn|15
|
|t:|1769405716
|move|p2a: Rillaboom|Knock Off|p1a: Torkoal
|-damage|p1a: Torkoal|68/100
|-enditem|p1a: Torkoal|Heavy-Duty Boots|[from] move: Knock Off|[of] p2a: Rillaboom
|move|p1a: Torkoal|Flamethrower|p2a: Rillaboom
|-supereffective|p2a: Rillaboom
|-damage|p2a: Rillaboom|0 fnt
|faint|p2a: Rillaboom
|
|-weather|SunnyDay|[upkeep]
|-heal|p1a: Torkoal|74/100|[from] Grassy Terrain
|upkeep
|
|t:|1769405723
|switch|p2a: Slowking|Slowking-Galar, F, shiny|98/100
|-damage|p2a: Slowking|86/100|[from] Stealth Rock
|turn|16
|
|t:|1769405728
|move|p2a: Slowking|Future Sight|p1a: Torkoal
|-start|p2a: Slowking|move: Future Sight
|move|p1a: Torkoal|Will-O-Wisp|p2a: Slowking|[miss]
|-miss|p1a: Torkoal|p2a: Slowking
|
|-weather|SunnyDay|[upkeep]
|-heal|p2a: Slowking|92/100|[from] Grassy Terrain
|-heal|p1a: Torkoal|80/100|[from] Grassy Terrain
|upkeep
|turn|17
|
|t:|1769405741
|move|p2a: Slowking|Future Sight||[still]
|-fail|p2a: Slowking
|move|p1a: Torkoal|Will-O-Wisp|p2a: Slowking
|-status|p2a: Slowking|brn
|
|-weather|SunnyDay|[upkeep]
|-heal|p2a: Slowking|98/100 brn|[from] Grassy Terrain
|-heal|p1a: Torkoal|86/100|[from] Grassy Terrain
|-damage|p2a: Slowking|92/100 brn|[from] brn
|upkeep
|turn|18
|
|t:|1769405746
|switch|p1a: Armin Schwitz|Iron Crown|67/100
|move|p2a: Slowking|Future Sight||[still]
|-fail|p2a: Slowking
|
|-weather|SunnyDay|[upkeep]
|-end|p1a: Armin Schwitz|move: Future Sight
|-resisted|p1a: Armin Schwitz
|-damage|p1a: Armin Schwitz|54/100
|-heal|p1a: Armin Schwitz|60/100|[from] Grassy Terrain
|-heal|p1a: Armin Schwitz|67/100|[from] item: Leftovers
|-heal|p2a: Slowking|98/100 brn|[from] Grassy Terrain
|-damage|p2a: Slowking|92/100 brn|[from] brn
|-fieldend|move: Grassy Terrain
|upkeep
|turn|19
|
|t:|1769405751
|move|p1a: Armin Schwitz|Psyshock|p2a: Slowking
|-damage|p2a: Slowking|47/100 brn
|move|p2a: Slowking|Future Sight|p1a: Armin Schwitz
|-start|p2a: Slowking|move: Future Sight
|
|-weather|none
|-heal|p1a: Armin Schwitz|73/100|[from] item: Leftovers
|-damage|p2a: Slowking|41/100 brn|[from] brn
|upkeep
|turn|20
|
|t:|1769405755
|move|p1a: Armin Schwitz|Psyshock|p2a: Slowking
|-damage|p2a: Slowking|0 fnt
|faint|p2a: Slowking
|
|-heal|p1a: Armin Schwitz|79/100|[from] item: Leftovers
|upkeep
|
|t:|1769405758
|switch|p2a: Salamence|Salamence, F|100/100
|-damage|p2a: Salamence|76/100|[from] Stealth Rock
|turn|21
|
|t:|1769405767
|move|p2a: Salamence|Dragon Dance|p2a: Salamence
|-boost|p2a: Salamence|atk|1
|-boost|p2a: Salamence|spe|1
|move|p1a: Armin Schwitz|Tachyon Cutter|p2a: Salamence
|-damage|p2a: Salamence|43/100
|-damage|p2a: Salamence|11/100
|-hitcount|p2a: Salamence|2
|
|-end|p1a: Armin Schwitz|move: Future Sight
|-resisted|p1a: Armin Schwitz
|-damage|p1a: Armin Schwitz|71/100
|-heal|p1a: Armin Schwitz|77/100|[from] item: Leftovers
|upkeep
|turn|22
|
|t:|1769405779
|-terastallize|p2a: Salamence|Steel
|move|p2a: Salamence|Earthquake|p1a: Armin Schwitz
|-supereffective|p1a: Armin Schwitz
|-crit|p1a: Armin Schwitz
|-damage|p1a: Armin Schwitz|0 fnt
|faint|p1a: Armin Schwitz
|-end|p1a: Armin Schwitz|Quark Drive|[silent]
|-ability|p2a: Salamence|Moxie|boost
|-boost|p2a: Salamence|atk|1
|
|upkeep
|
|t:|1769405792
|switch|p1a: Latios|Latios, M|73/100 tox
|turn|23
|
|t:|1769405801
|move|p2a: Salamence|Dragon Claw|p1a: Latios
|-supereffective|p1a: Latios
|-damage|p1a: Latios|0 fnt
|faint|p1a: Latios
|-ability|p2a: Salamence|Moxie|boost
|-boost|p2a: Salamence|atk|1
|
|upkeep
|
|t:|1769405809
|switch|p1a: Iron Valiant|Iron Valiant|39/100
|turn|24
|
|t:|1769405819
|-terastallize|p1a: Iron Valiant|Fairy
|move|p2a: Salamence|Iron Head|p1a: Iron Valiant
|-supereffective|p1a: Iron Valiant
|-damage|p1a: Iron Valiant|0 fnt
|faint|p1a: Iron Valiant
|-end|p1a: Iron Valiant|Quark Drive|[silent]
|-ability|p2a: Salamence|Moxie|boost
|-boost|p2a: Salamence|atk|1
|
|upkeep
|
|t:|1769405824
|switch|p1a: Torkoal|Torkoal, M|86/100
|-weather|SunnyDay|[from] ability: Drought|[of] p1a: Torkoal
|turn|25
|
|t:|1769405828
|move|p2a: Salamence|Earthquake|p1a: Torkoal
|-supereffective|p1a: Torkoal
|-damage|p1a: Torkoal|0 fnt
|faint|p1a: Torkoal
|-ability|p2a: Salamence|Moxie|boost
|-boost|p2a: Salamence|atk|1
|
|-weather|SunnyDay|[upkeep]
|upkeep
|c|☆kindetsu|dawg no way
|
|t:|1769405835
|switch|p1a: Regidrago|Regidrago|100/100
|turn|26
|
|t:|1769405841
|move|p2a: Salamence|Dragon Claw|p1a: Regidrago
|-supereffective|p1a: Regidrago
|-damage|p1a: Regidrago|0 fnt
|faint|p1a: Regidrago
|
|win|Pem779567 phone
|raw|kindetsu's rating: 1266 &rarr; <strong>1236</strong><br />(-30 for losing)
|raw|Pem779567 phone's rating: 1197 &rarr; <strong>1227</strong><br />(+30 for winning)
|l|☆Pem779567 phone
|player|p2|
|l|☆kindetsu
|player|p1|
