|j|☆VIXperation
|j|☆JJTEPIGBOSS
|t:|1769350964
|gametype|singles
|player|p1|VIXperation|hooligans|1255
|player|p2|JJTEPIGBOSS|102|1283
|gen|9
|tier|[Gen 9] OU
|rated|
|rule|HP Percentage Mod: HP is shown in percentages
|rule|Endless Battle Clause: Forcing endless battles is banned
|rule|Species Clause: Limit one of each Pokémon
|rule|OHKO Clause: OHKO moves are banned
|rule|Evasion Items Clause: Evasion items are banned
|rule|Evasion Moves Clause: Evasion moves are banned
|rule|Evasion Abilities Clause: Evasion abilities are banned
|rule|Sleep Moves Clause: Sleep-inducing moves are banned
|clearpoke
|poke|p1|Iron Moth|
|poke|p1|Sandy Shocks|
|poke|p1|Walking Wake|
|poke|p1|Slither Wing|
|poke|p1|Torkoal, F|
|poke|p1|Great Tusk|
|poke|p2|Krookodile, M|
|poke|p2|Vileplume, F|
|poke|p2|Latios, M|
|poke|p2|Azumarill, M|
|poke|p2|Rotom-Heat|
|poke|p2|Kingambit, F|
|teampreview
|inactive|Battle timer is ON: inactive players will automatically lose when time's up. (requested by JJTEPIGBOSS)
|
|t:|1769350979
|teamsize|p1|6
|teamsize|p2|6
|start
|switch|p1a: Slither Wing|Slither Wing|100/100
|switch|p2a: Latios|Latios, M|100/100
|turn|1
|
|t:|1769350990
|switch|p2a: Rotom|Rotom-Heat|100/100
|move|p1a: Slither Wing|U-turn|p2a: Rotom
|-resisted|p2a: Rotom
|-crit|p2a: Rotom
|-damage|p2a: Rotom|59/100
|
|t:|1769350996
|-end|p1a: Slither Wing|Protosynthesis|[silent]
|switch|p1a: Walking Wake|Walking Wake|100/100|[from] U-turn
|
|upkeep
|turn|2
|
|t:|1769351002
|move|p1a: Walking Wake|Draco Meteor|p2a: Rotom|[miss]
|-miss|p1a: Walking Wake|p2a: Rotom
|move|p2a: Rotom|Volt Switch|p1a: Walking Wake
|-damage|p1a: Walking Wake|65/100
|
|t:|1769351008
|switch|p2a: Azumarill|Azumarill, M|100/100|[from] Volt Switch
|
|upkeep
|turn|3
|
|t:|1769351014
|-end|p1a: Walking Wake|Protosynthesis|[silent]
|switch|p1a: Torkoal|Torkoal, F|100/100
|-weather|SunnyDay|[from] ability: Drought|[of] p1a: Torkoal
|move|p2a: Azumarill|Liquidation|p1a: Torkoal
|-supereffective|p1a: Torkoal
|-damage|p1a: Torkoal|62/100
|-damage|p2a: Azumarill|91/100|[from] item: Life Orb
|
|-weather|SunnyDay|[upkeep]
|upkeep
|turn|4
|
|t:|1769351024
|switch|p2a: Rotom|Rotom-Heat|59/100
|move|p1a: Torkoal|Will-O-Wisp|p2a: Rotom
|-immune|p2a: Rotom
|
|-weather|SunnyDay|[upkeep]
|upkeep
|turn|5
|
|t:|1769351032
|switch|p1a: Walking Wake|Walking Wake|65/100
|-activate|p1a: Walking Wake|ability: Protosynthesis
|-start|p1a: Walking Wake|protosynthesisspe
|move|p2a: Rotom|Overheat|p1a: Walking Wake
|-resisted|p1a: Walking Wake
|-damage|p1a: Walking Wake|42/100
|-unboost|p2a: Rotom|spa|2
|
|-weather|SunnyDay|[upkeep]
|upkeep
|turn|6
|
|t:|1769351045
|switch|p2a: Azumarill|Azumarill, M|91/100
|move|p1a: Walking Wake|Hydro Steam|p2a: Azumarill
|-resisted|p2a: Azumarill
|-damage|p2a: Azumarill|43/100
|
|-weather|SunnyDay|[upkeep]
|upkeep
|turn|7
|
|t:|1769351068
|switch|p2a: Latios|Latios, M|100/100
|move|p1a: Walking Wake|Hydro Steam|p2a: Latios
|-resisted|p2a: Latios
|-damage|p2a: Latios|56/100
|
|-weather|SunnyDay|[upkeep]
|-heal|p2a: Latios|62/100|[from] item: Leftovers
|upkeep
|turn|8
|
|t:|1769351084
|-terastallize|p2a: Latios|Fire
|move|p1a: Walking Wake|Hydro Steam|p2a: Latios
|-supereffective|p2a: Latios
|-damage|p2a: Latios|0 fnt
|faint|p2a: Latios
|
|-weather|SunnyDay|[upkeep]
|upkeep
|
|t:|1769351094
|switch|p2a: Kingambit|Kingambit, F|100/100
|-activate|p2a: Kingambit|ability: Supreme Overlord
|-start|p2a: Kingambit|fallen1|[silent]
|turn|9
|
|t:|1769351098
|-end|p1a: Walking Wake|Protosynthesis|[silent]
|switch|p1a: Great Tusk|Great Tusk|100/100
|-activate|p1a: Great Tusk|ability: Protosynthesis
|-start|p1a: Great Tusk|protosynthesisdef
|move|p2a: Kingambit|Sucker Punch||[still]
|-fail|p2a: Kingambit
|
|-weather|SunnyDay|[upkeep]
|upkeep
|turn|10
|
|t:|1769351106
|-end|p2a: Kingambit|fallen1|[silent]
|switch|p2a: Vileplume|Vileplume, F|100/100
|move|p1a: Great Tusk|Stealth Rock|p2a: Vileplume
|-sidestart|p2: JJTEPIGBOSS|move: Stealth Rock
|
|-weather|none
|-end|p1a: Great Tusk|Protosynthesis
|upkeep
|turn|11
|
|t:|1769351114
|-end|p1a: Great Tusk|Protosynthesis|[silent]
|switch|p1a: Torkoal|Torkoal, F|62/100
|-weather|SunnyDay|[from] ability: Drought|[of] p1a: Torkoal
|move|p2a: Vileplume|Sludge Bomb|p1a: Torkoal
|-damage|p1a: Torkoal|9/100
|-status|p1a: Torkoal|psn
|
|-weather|SunnyDay|[upkeep]
|-damage|p1a: Torkoal|0 fnt|[from] psn
|faint|p1a: Torkoal
|upkeep
|
|t:|1769351125
|switch|p1a: Slither Wing|Slither Wing|100/100
|-activate|p1a: Slither Wing|ability: Protosynthesis
|-start|p1a: Slither Wing|protosynthesisatk
|turn|12
|
|t:|1769351130
|move|p1a: Slither Wing|U-turn|p2a: Vileplume
|-damage|p2a: Vileplume|54/100
|-status|p1a: Slither Wing|slp|[from] ability: Effect Spore|[of] p2a: Vileplume
|
|t:|1769351137
|-end|p1a: Slither Wing|Protosynthesis|[silent]
|switch|p1a: Iron Moth|Iron Moth|100/100|[from] U-turn
|move|p2a: Vileplume|Strength Sap|p1a: Iron Moth
|-unboost|p1a: Iron Moth|atk|1
|-heal|p2a: Vileplume|94/100
|
|-weather|SunnyDay|[upkeep]
|-heal|p2a: Vileplume|100/100|[from] item: Black Sludge
|upkeep
|turn|13
|
|t:|1769351149
|switch|p2a: Rotom|Rotom-Heat|59/100
|-damage|p2a: Rotom|35/100|[from] Stealth Rock
|-terastallize|p1a: Iron Moth|Fire
|move|p1a: Iron Moth|Fiery Dance|p2a: Rotom
|-resisted|p2a: Rotom
|-crit|p2a: Rotom
|-damage|p2a: Rotom|0 fnt
|faint|p2a: Rotom
|
|-weather|SunnyDay|[upkeep]
|upkeep
|
|t:|1769351157
|switch|p2a: Krookodile|Krookodile, M|100/100
|-damage|p2a: Krookodile|94/100|[from] Stealth Rock
|turn|14
|
|t:|1769351161
|move|p2a: Krookodile|Earthquake|p1a: Iron Moth
|-supereffective|p1a: Iron Moth
|-damage|p1a: Iron Moth|0 fnt
|faint|p1a: Iron Moth
|-end|p1a: Iron Moth|Quark Drive|[silent]
|-ability|p2a: Krookodile|Moxie|boost
|-boost|p2a: Krookodile|atk|1
|
|-weather|SunnyDay|[upkeep]
|upkeep
|
|t:|1769351171
|switch|p1a: Great Tusk|Great Tusk|100/100
|-activate|p1a: Great Tusk|ability: Protosynthesis
|-start|p1a: Great Tusk|protosynthesisdef
|turn|15
|
|t:|1769351176
|switch|p2a: Vileplume|Vileplume, F|100/100
|-damage|p2a: Vileplume|88/100|[from] Stealth Rock
|move|p1a: Great Tusk|Body Press|p2a: Vileplume
|-resisted|p2a: Vileplume
|-damage|p2a: Vileplume|65/100
|
|-weather|SunnyDay|[upkeep]
|-heal|p2a: Vileplume|72/100|[from] item: Black Sludge
|upkeep
|turn|16
|
|t:|1769351188
|-end|p1a: Great Tusk|Protosynthesis|[silent]
|switch|p1a: Sandy Shocks|Sandy Shocks|100/100
|-activate|p1a: Sandy Shocks|ability: Protosynthesis
|-start|p1a: Sandy Shocks|protosynthesisspa
|move|p2a: Vileplume|Giga Drain|p1a: Sandy Shocks
|-supereffective|p1a: Sandy Shocks
|-damage|p1a: Sandy Shocks|25/100
|-heal|p2a: Vileplume|100/100|[from] drain|[of] p1a: Sandy Shocks
|
|-weather|SunnyDay|[upkeep]
|upkeep
|turn|17
|
|t:|1769351199
|move|p1a: Sandy Shocks|Earth Power|p2a: Vileplume
|-crit|p2a: Vileplume
|-damage|p2a: Vileplume|3/100
|move|p2a: Vileplume|Sludge Bomb|p1a: Sandy Shocks
|-resisted|p1a: Sandy Shocks
|-damage|p1a: Sandy Shocks|1/100
|-status|p1a: Sandy Shocks|psn
|
|-weather|SunnyDay|[upkeep]
|-heal|p2a: Vileplume|9/100|[from] item: Black Sludge
|-damage|p1a: Sandy Shocks|0 fnt|[from] psn
|faint|p1a: Sandy Shocks
|-end|p1a: Sandy Shocks|Protosynthesis|[silent]
|upkeep
|
|t:|1769351213
|switch|p1a: Slither Wing|Slither Wing|100/100 slp
|-activate|p1a: Slither Wing|ability: Protosynthesis
|-start|p1a: Slither Wing|protosynthesisatk
|turn|18
|
|t:|1769351217
|cant|p1a: Slither Wing|slp
|move|p2a: Vileplume|Strength Sap|p1a: Slither Wing
|-unboost|p1a: Slither Wing|atk|1
|-heal|p2a: Vileplume|100/100
|
|-weather|none
|-end|p1a: Slither Wing|Protosynthesis
|upkeep
|turn|19
|-message|VIXperation forfeited.
|
|win|JJTEPIGBOSS
|raw|VIXperation's rating: 1255 &rarr; <strong>1232</strong><br />(-23 for losing)
|raw|JJTEPIGBOSS's rating: 1283 &rarr; <strong>1306</strong><br />(+23 for winning)
|l|☆VIXperation
|player|p1|
