|j|☆Trainer #39
|j|☆Snow Party
|inactive|Battle timer is ON: inactive players will automatically lose when time's up.
|t:|1769430213
|gametype|singles
|player|p1|Trainer #39|bugsy|
|player|p2|Snow Party|2|
|gen|9
|tier|[Gen 9] OU
|rated|Tournament battle
|rule|HP Percentage Mod: HP is shown in percentages
|rule|Endless Battle Clause: Forcing endless battles is banned
|rule|Species Clause: Limit one of each Pokémon
|rule|OHKO Clause: OHKO moves are banned
|rule|Evasion Items Clause: Evasion items are banned
|rule|Evasion Moves Clause: Evasion moves are banned
|rule|Evasion Abilities Clause: Evasion abilities are banned
|rule|Sleep Moves Clause: Sleep-inducing moves are banned
|clearpoke
|poke|p1|Blissey, F|
|poke|p1|Corviknight, M|
|poke|p1|Dondozo, M|
|poke|p1|Gliscor, M|
|poke|p1|Clefable, M|
|poke|p1|Slowking-Galar, M|
|poke|p2|Tinkaton, F|
|poke|p2|Ogerpon-Wellspring, F|
|poke|p2|Darkrai|
|poke|p2|Hydrapple, M|
|poke|p2|Great Tusk|
|poke|p2|Zapdos|
|teampreview
|j| BB-8-NU
|j|*Lady Monita ☃️
|j| thetruegodofpokmon
|
|t:|1769430227
|teamsize|p1|6
|teamsize|p2|6
|start
|switch|p1a: Free Palestine|Gliscor, M|100/100
|switch|p2a: Ogerpon|Ogerpon-Wellspring, F|100/100
|turn|1
|
|t:|1769430231
|move|p2a: Ogerpon|Ivy Cudgel|p1a: Free Palestine|[anim] Ivy Cudgel Water
|-supereffective|p1a: Free Palestine
|-damage|p1a: Free Palestine|26/100
|move|p1a: Free Palestine|Toxic|p2a: Ogerpon
|-status|p2a: Ogerpon|tox
|
|-damage|p2a: Ogerpon|95/100 tox|[from] psn
|-status|p1a: Free Palestine|tox|[from] item: Toxic Orb
|upkeep
|turn|2
|
|t:|1769430236
|move|p1a: Free Palestine|Protect|p1a: Free Palestine
|-singleturn|p1a: Free Palestine|Protect
|move|p2a: Ogerpon|Ivy Cudgel|p1a: Free Palestine|[anim] Ivy Cudgel Water
|-activate|p1a: Free Palestine|move: Protect
|
|-damage|p2a: Ogerpon|83/100 tox|[from] psn
|-heal|p1a: Free Palestine|38/100 tox|[from] ability: Poison Heal
|upkeep
|turn|3
|
|t:|1769430239
|switch|p1a: Trump is low IQ|Corviknight, M|100/100
|-ability|p1a: Trump is low IQ|Pressure
|move|p2a: Ogerpon|Power Whip|p1a: Trump is low IQ
|-resisted|p1a: Trump is low IQ
|-damage|p1a: Trump is low IQ|90/100
|-damage|p2a: Ogerpon|66/100 tox|[from] item: Rocky Helmet|[of] p1a: Trump is low IQ
|
|-damage|p2a: Ogerpon|48/100 tox|[from] psn
|upkeep
|turn|4
|
|t:|1769430242
|switch|p2a: Zapdos|Zapdos|100/100
|move|p1a: Trump is low IQ|U-turn|p2a: Zapdos
|-resisted|p2a: Zapdos
|-crit|p2a: Zapdos
|-damage|p2a: Zapdos|93/100
|-status|p1a: Trump is low IQ|par|[from] ability: Static|[of] p2a: Zapdos
|
|t:|1769430245
|switch|p1a: Free Palestine|Gliscor, M|38/100 tox|[from] U-turn
|
|-heal|p1a: Free Palestine|51/100 tox|[from] ability: Poison Heal
|upkeep
|turn|5
|j| sam bjiku kaiju
|j| Alfacides
|
|t:|1769430259
|switch|p2a: Tinkaton|Tinkaton, F|100/100
|-ability|p2a: Tinkaton|Mold Breaker
|-item|p2a: Tinkaton|Air Balloon
|move|p1a: Free Palestine|Protect||[still]
|-fail|p1a: Free Palestine
|
|-heal|p1a: Free Palestine|63/100 tox|[from] ability: Poison Heal
|upkeep
|turn|6
|
|t:|1769430264
|switch|p1a: Trump is low IQ|Corviknight, M|90/100 par
|-ability|p1a: Trump is low IQ|Pressure
|move|p2a: Tinkaton|Encore||[still]
|-fail|p2a: Tinkaton
|
|upkeep
|turn|7
|
|t:|1769430267
|move|p2a: Tinkaton|Stealth Rock|p1a: Trump is low IQ
|-sidestart|p1: Trainer #39|move: Stealth Rock
|move|p1a: Trump is low IQ|U-turn|p2a: Tinkaton
|-resisted|p2a: Tinkaton
|-damage|p2a: Tinkaton|97/100
|-enditem|p2a: Tinkaton|Air Balloon
|
|t:|1769430268
|switch|p1a: Free Palestine|Gliscor, M|63/100 tox|[from] U-turn
|-damage|p1a: Free Palestine|51/100 tox|[from] Stealth Rock
|
|-heal|p1a: Free Palestine|63/100 tox|[from] ability: Poison Heal
|upkeep
|turn|8
|
|t:|1769430278
|switch|p2a: Zapdos|Zapdos|93/100
|move|p1a: Free Palestine|Protect||[still]
|-fail|p1a: Free Palestine
|
|-heal|p1a: Free Palestine|76/100 tox|[from] ability: Poison Heal
|upkeep
|turn|9
|
|t:|1769430285
|switch|p2a: Tinkaton|Tinkaton, F|97/100
|-ability|p2a: Tinkaton|Mold Breaker
|move|p1a: Free Palestine|Protect||[still]
|-fail|p1a: Free Palestine
|
|-heal|p1a: Free Palestine|88/100 tox|[from] ability: Poison Heal
|upkeep
|turn|10
|
|t:|1769430289
|move|p1a: Free Palestine|Protect|p1a: Free Palestine
|-singleturn|p1a: Free Palestine|Protect
|move|p2a: Tinkaton|Encore|p1a: Free Palestine
|-activate|p1a: Free Palestine|move: Protect
|
|-heal|p1a: Free Palestine|100/100 tox|[from] ability: Poison Heal
|upkeep
|turn|11
|
|t:|1769430308
|switch|p1a: Trump is low IQ|Corviknight, M|90/100 par
|-damage|p1a: Trump is low IQ|77/100 par|[from] Stealth Rock
|-ability|p1a: Trump is low IQ|Pressure
|move|p2a: Tinkaton|Encore||[still]
|-fail|p2a: Tinkaton
|
|upkeep
|turn|12
|
|t:|1769430316
|switch|p2a: Darkrai|Darkrai|100/100
|move|p1a: Trump is low IQ|U-turn|p2a: Darkrai
|-supereffective|p2a: Darkrai
|-damage|p2a: Darkrai|59/100
|
|t:|1769430319
|switch|p1a: Charli xcx|Clefable, M|100/100|[from] U-turn
|
|upkeep
|turn|13
|
|t:|1769430321
|move|p2a: Darkrai|Sludge Bomb|p1a: Charli xcx
|-supereffective|p1a: Charli xcx
|-damage|p1a: Charli xcx|54/100
|move|p1a: Charli xcx|Moonblast|p2a: Darkrai
|-supereffective|p2a: Darkrai
|-damage|p2a: Darkrai|0 fnt
|faint|p2a: Darkrai
|
|upkeep
|
|t:|1769430339
|switch|p2a: Great Tusk|Great Tusk|100/100
|turn|14
|
|t:|1769430347
|switch|p1a: Trump is low IQ|Corviknight, M|77/100 par
|-damage|p1a: Trump is low IQ|65/100 par|[from] Stealth Rock
|-ability|p1a: Trump is low IQ|Pressure
|move|p2a: Great Tusk|Knock Off|p1a: Trump is low IQ
|-damage|p1a: Trump is low IQ|50/100 par
|-damage|p2a: Great Tusk|84/100|[from] item: Rocky Helmet|[of] p1a: Trump is low IQ
|-enditem|p1a: Trump is low IQ|Rocky Helmet|[from] move: Knock Off|[of] p2a: Great Tusk
|
|upkeep
|turn|15
|
|t:|1769430352
|move|p2a: Great Tusk|Ice Spinner|p1a: Trump is low IQ
|-damage|p1a: Trump is low IQ|37/100 par
|move|p1a: Trump is low IQ|Roost|p1a: Trump is low IQ
|-heal|p1a: Trump is low IQ|87/100 par
|-singleturn|p1a: Trump is low IQ|move: Roost
|
|upkeep
|turn|16
|
|t:|1769430368
|move|p2a: Great Tusk|Ice Spinner|p1a: Trump is low IQ
|-damage|p1a: Trump is low IQ|74/100 par
|cant|p1a: Trump is low IQ|par
|
|upkeep
|turn|17
|
|t:|1769430383
|move|p2a: Great Tusk|Ice Spinner|p1a: Trump is low IQ
|-damage|p1a: Trump is low IQ|59/100 par
|move|p1a: Trump is low IQ|Defog|p2a: Great Tusk
|-unboost|p2a: Great Tusk|evasion|1
|-sideend|p1: Trainer #39|Stealth Rock|[from] move: Defog|[of] p1a: Trump is low IQ
|
|upkeep
|turn|18
|
|t:|1769430408
|move|p2a: Great Tusk|Ice Spinner|p1a: Trump is low IQ
|-damage|p1a: Trump is low IQ|45/100 par
|move|p1a: Trump is low IQ|Roost|p1a: Trump is low IQ
|-heal|p1a: Trump is low IQ|95/100 par
|-singleturn|p1a: Trump is low IQ|move: Roost
|
|upkeep
|turn|19
|
|t:|1769430412
|move|p2a: Great Tusk|Ice Spinner|p1a: Trump is low IQ
|-damage|p1a: Trump is low IQ|80/100 par
|move|p1a: Trump is low IQ|U-turn|p2a: Great Tusk
|-resisted|p2a: Great Tusk
|-damage|p2a: Great Tusk|79/100
|
|t:|1769430415
|switch|p1a: Free Palestine|Gliscor, M|100/100 tox|[from] U-turn
|
|upkeep
|turn|20
|
|t:|1769430417
|move|p2a: Great Tusk|Ice Spinner|p1a: Free Palestine
|-supereffective|p1a: Free Palestine
|-damage|p1a: Free Palestine|39/100 tox
|move|p1a: Free Palestine|Toxic|p2a: Great Tusk
|-status|p2a: Great Tusk|tox
|
|-damage|p2a: Great Tusk|73/100 tox|[from] psn
|-heal|p1a: Free Palestine|52/100 tox|[from] ability: Poison Heal
|upkeep
|turn|21
|-message|Snow Party forfeited.
|
|win|Trainer #39
|n|☆Trainer #39|trainer39
|n|☆Snow Party|snowparty
|n| BB-8-NU|bb8nu
|n|*Lady Monita ☃️|ladymonita
|n| thetruegodofpokmon|thetruegodofpokmon
|n| sam bjiku kaiju|sambjikukaiju
|n| Alfacides|alfacides
