|j|☆Yarm
|j|☆Jinghan Yu
|t:|1769319677
|gametype|singles
|player|p1|Yarm|supernerd|1375
|player|p2|Jinghan Yu|nate|1312
|gen|9
|tier|[Gen 9] OU
|rated|
|rule|HP Percentage Mod: HP is shown in percentages
|rule|Endless Battle Clause: Forcing endless battles is banned
|rule|Species Clause: Limit one of each Pokémon
|rule|OHKO Clause: OHKO moves are banned
|rule|Evasion Items Clause: Evasion items are banned
|rule|Evasion Moves Clause: Evasion moves are banned
|rule|Evasion Abilities Clause: Evasion abilities are banned
|rule|Sleep Moves Clause: Sleep-inducing moves are banned
|clearpoke
|poke|p1|Deoxys-Speed|
|poke|p1|Ceruledge, M|
|poke|p1|Zamazenta-*|
|poke|p1|Ogerpon-Wellspring, F|
|poke|p1|Glimmora, M|
|poke|p1|Moltres-Galar|
|poke|p2|Blastoise, M|
|poke|p2|Tyranitar, M|
|poke|p2|Garchomp, M|
|poke|p2|Gyarados, M|
|poke|p2|Gengar, M|
|poke|p2|Excadrill, M|
|teampreview
|inactive|Battle timer is ON: inactive players will automatically lose when time's up. (requested by Yarm)
|inactive|Yarm has 120 seconds left.
|
|t:|1769319709
|teamsize|p1|6
|teamsize|p2|6
|start
|switch|p1a: Deoxys|Deoxys-Speed|100/100
|switch|p2a: Osten|Gyarados, M, shiny|100/100
|-ability|p1a: Deoxys|Pressure
|-ability|p2a: Osten|Intimidate|boost
|-unboost|p1a: Deoxys|atk|1
|turn|1
|
|t:|1769319721
|move|p1a: Deoxys|Reflect|p1a: Deoxys
|-sidestart|p1: Yarm|Reflect
|move|p2a: Osten|Crunch|p1a: Deoxys
|-supereffective|p1a: Deoxys
|-damage|p1a: Deoxys|67/100
|
|upkeep
|turn|2
|
|t:|1769319735
|switch|p1a: Moltres|Moltres-Galar|100/100
|move|p2a: Osten|Crunch|p1a: Moltres
|-resisted|p1a: Moltres
|-damage|p1a: Moltres|93/100
|
|upkeep
|turn|3
|
|t:|1769319740
|switch|p2a: Timothy|Tyranitar, M|100/100
|-weather|Sandstorm|[from] ability: Sand Stream|[of] p2a: Timothy
|move|p1a: Moltres|Nasty Plot|p1a: Moltres
|-boost|p1a: Moltres|spa|2
|
|-weather|Sandstorm|[upkeep]
|-damage|p1a: Moltres|87/100|[from] Sandstorm
|upkeep
|turn|4
|
|t:|1769319746
|-terastallize|p1a: Moltres|Fairy
|move|p1a: Moltres|Agility|p1a: Moltres
|-boost|p1a: Moltres|spe|2
|move|p2a: Timothy|Thunder Wave|p1a: Moltres
|-status|p1a: Moltres|par
|
|-weather|Sandstorm|[upkeep]
|-damage|p1a: Moltres|80/100 par|[from] Sandstorm
|upkeep
|turn|5
|
|t:|1769319754
|move|p1a: Moltres|Agility|p1a: Moltres
|-boost|p1a: Moltres|spe|2
|move|p2a: Timothy|Stone Edge|p1a: Moltres
|-damage|p1a: Moltres|49/100 par
|-ability|p1a: Moltres|Berserk|boost
|-boost|p1a: Moltres|spa|1
|-enditem|p1a: Moltres|Sitrus Berry|[eat]
|-heal|p1a: Moltres|74/100 par|[from] item: Sitrus Berry
|
|-weather|Sandstorm|[upkeep]
|-damage|p1a: Moltres|67/100 par|[from] Sandstorm
|upkeep
|turn|6
|
|t:|1769319760
|move|p1a: Moltres|Tera Blast|p2a: Timothy|[anim] Tera Blast Fairy
|-supereffective|p2a: Timothy
|-crit|p2a: Timothy
|-damage|p2a: Timothy|0 fnt
|faint|p2a: Timothy
|
|-weather|Sandstorm|[upkeep]
|-damage|p1a: Moltres|61/100 par|[from] Sandstorm
|upkeep
|
|t:|1769319766
|switch|p2a: Emmett|Excadrill, M|100/100
|-item|p2a: Emmett|Air Balloon
|turn|7
|
|t:|1769319771
|move|p2a: Emmett|Rock Slide|p1a: Moltres
|-crit|p1a: Moltres
|-damage|p1a: Moltres|15/100 par
|-ability|p1a: Moltres|Berserk|boost
|-boost|p1a: Moltres|spa|1
|cant|p1a: Moltres|flinch
|
|-weather|Sandstorm|[upkeep]
|-damage|p1a: Moltres|9/100 par|[from] Sandstorm
|upkeep
|turn|8
|
|t:|1769319779
|move|p2a: Emmett|Swords Dance|p2a: Emmett
|-boost|p2a: Emmett|atk|2
|move|p1a: Moltres|Fiery Wrath|p2a: Emmett
|-damage|p2a: Emmett|0 fnt
|-enditem|p2a: Emmett|Air Balloon
|faint|p2a: Emmett
|
|-weather|Sandstorm|[upkeep]
|-damage|p1a: Moltres|3/100 par|[from] Sandstorm
|-sideend|p1: Yarm|Reflect
|upkeep
|
|t:|1769319789
|switch|p2a: Nasim|Gengar, M|100/100
|turn|9
|
|t:|1769319791
|move|p2a: Nasim|Endure|p2a: Nasim
|-singleturn|p2a: Nasim|move: Endure
|move|p1a: Moltres|Fiery Wrath|p2a: Nasim
|-supereffective|p2a: Nasim
|-activate|p2a: Nasim|move: Endure
|-damage|p2a: Nasim|1/100
|-start|p1a: Moltres|Disable|Fiery Wrath|[from] ability: Cursed Body|[of] p2a: Nasim
|-enditem|p2a: Nasim|Salac Berry|[eat]
|-boost|p2a: Nasim|spe|1|[from] item: Salac Berry
|
|-weather|Sandstorm|[upkeep]
|-damage|p2a: Nasim|0 fnt|[from] Sandstorm
|-damage|p1a: Moltres|0 fnt|[from] Sandstorm
|faint|p2a: Nasim
|faint|p1a: Moltres
|upkeep
|
|t:|1769319794
|switch|p2a: Osten|Gyarados, M, shiny|100/100
|switch|p1a: Deoxys|Deoxys-Speed|67/100
|-ability|p1a: Deoxys|Pressure
|-ability|p2a: Osten|Intimidate|boost
|-unboost|p1a: Deoxys|atk|1
|turn|10
|
|t:|1769319803
|move|p1a: Deoxys|Reflect|p1a: Deoxys
|-sidestart|p1: Yarm|Reflect
|move|p2a: Osten|Dragon Dance|p2a: Osten
|-boost|p2a: Osten|atk|1
|-boost|p2a: Osten|spe|1
|
|-weather|none
|upkeep
|turn|11
|
|t:|1769319808
|move|p1a: Deoxys|Taunt|p2a: Osten
|-start|p2a: Osten|move: Taunt
|cant|p2a: Osten|move: Taunt|Dragon Dance
|
|upkeep
|turn|12
|
|t:|1769319812
|switch|p1a: Zamazenta|Zamazenta|100/100
|-ability|p1a: Zamazenta|Dauntless Shield|boost
|-boost|p1a: Zamazenta|def|1
|move|p2a: Osten|Crunch|p1a: Zamazenta
|-resisted|p1a: Zamazenta
|-damage|p1a: Zamazenta|95/100
|
|-heal|p1a: Zamazenta|100/100|[from] item: Leftovers
|upkeep
|turn|13
|
|t:|1769319815
|move|p2a: Osten|Body Slam|p1a: Zamazenta
|-damage|p1a: Zamazenta|89/100
|move|p1a: Zamazenta|Roar|p2a: Osten
|drag|p2a: Blaine|Blastoise, M|100/100
|
|-heal|p1a: Zamazenta|95/100|[from] item: Leftovers
|upkeep
|turn|14
|
|t:|1769319820
|move|p1a: Zamazenta|Iron Defense|p1a: Zamazenta
|-boost|p1a: Zamazenta|def|2
|move|p2a: Blaine|Shell Smash|p2a: Blaine
|-unboost|p2a: Blaine|def|1
|-unboost|p2a: Blaine|spd|1
|-boost|p2a: Blaine|atk|2
|-boost|p2a: Blaine|spa|2
|-boost|p2a: Blaine|spe|2
|-enditem|p2a: Blaine|White Herb
|-clearnegativeboost|p2a: Blaine|[silent]
|
|-heal|p1a: Zamazenta|100/100|[from] item: Leftovers
|upkeep
|turn|15
|
|t:|1769319824
|move|p2a: Blaine|Surf|p1a: Zamazenta
|-damage|p1a: Zamazenta|25/100
|move|p1a: Zamazenta|Iron Defense|p1a: Zamazenta
|-boost|p1a: Zamazenta|def|2
|
|-heal|p1a: Zamazenta|32/100|[from] item: Leftovers
|upkeep
|turn|16
|
|t:|1769319828
|move|p2a: Blaine|Surf|p1a: Zamazenta
|-damage|p1a: Zamazenta|0 fnt
|faint|p1a: Zamazenta
|
|upkeep
|
|t:|1769319835
|switch|p1a: Ogerpon|Ogerpon-Wellspring, F|100/100
|turn|17
|
|t:|1769319838
|-terastallize|p2a: Blaine|Fighting
|move|p2a: Blaine|Shell Smash|p2a: Blaine
|-unboost|p2a: Blaine|def|1
|-unboost|p2a: Blaine|spd|1
|-boost|p2a: Blaine|atk|2
|-boost|p2a: Blaine|spa|2
|-boost|p2a: Blaine|spe|2
|move|p1a: Ogerpon|Horn Leech|p2a: Blaine
|-damage|p2a: Blaine|15/100
|
|-sideend|p1: Yarm|Reflect
|upkeep
|turn|18
|j| ppev
|
|t:|1769319848
|move|p2a: Blaine|Aura Sphere|p1a: Ogerpon
|-damage|p1a: Ogerpon|0 fnt
|faint|p1a: Ogerpon
|
|upkeep
|
|t:|1769319851
|switch|p1a: Ceruledge|Ceruledge, M|100/100
|turn|19
|
|t:|1769319853
|switch|p2a: Osten|Gyarados, M, shiny|100/100
|-ability|p2a: Osten|Intimidate|boost
|-unboost|p1a: Ceruledge|atk|1
|move|p1a: Ceruledge|Shadow Sneak|p2a: Osten
|-damage|p2a: Osten|78/100
|-damage|p1a: Ceruledge|91/100|[from] item: Life Orb
|
|-heal|p2a: Osten|84/100|[from] item: Leftovers
|upkeep
|turn|20
|
|t:|1769319858
|switch|p1a: Glimmora|Glimmora, M|100/100
|move|p2a: Osten|Dragon Dance|p2a: Osten
|-boost|p2a: Osten|atk|1
|-boost|p2a: Osten|spe|1
|
|-heal|p2a: Osten|90/100|[from] item: Leftovers
|upkeep
|turn|21
|
|t:|1769319861
|move|p2a: Osten|Waterfall|p1a: Glimmora
|-supereffective|p1a: Glimmora
|-damage|p1a: Glimmora|0 fnt
|-activate|p1a: Glimmora|ability: Toxic Debris
|-sidestart|p2: Jinghan Yu|move: Toxic Spikes
|faint|p1a: Glimmora
|
|-heal|p2a: Osten|96/100|[from] item: Leftovers
|upkeep
|
|t:|1769319863
|switch|p1a: Deoxys|Deoxys-Speed|67/100
|-ability|p1a: Deoxys|Pressure
|turn|22
|
|t:|1769319865
|move|p1a: Deoxys|Taunt|p2a: Osten
|-start|p2a: Osten|move: Taunt
|move|p2a: Osten|Crunch|p1a: Deoxys
|-supereffective|p1a: Deoxys
|-damage|p1a: Deoxys|0 fnt
|faint|p1a: Deoxys
|
|-heal|p2a: Osten|100/100|[from] item: Leftovers
|upkeep
|
|t:|1769319867
|switch|p1a: Ceruledge|Ceruledge, M|91/100
|turn|23
|
|t:|1769319872
|move|p2a: Osten|Waterfall|p1a: Ceruledge
|-supereffective|p1a: Ceruledge
|-damage|p1a: Ceruledge|0 fnt
|faint|p1a: Ceruledge
|
|win|Jinghan Yu
|raw|Yarm's rating: 1375 &rarr; <strong>1351</strong><br />(-24 for losing)
|raw|Jinghan Yu's rating: 1312 &rarr; <strong>1336</strong><br />(+24 for winning)
|l|☆Yarm
|player|p1|
|l|☆Jinghan Yu
|player|p2|
|l| ppev
