|j|☆Kingambots
|j|☆abhii.g
|t:|1769366440
|gametype|singles
|player|p1|Kingambots|wattson|1582
|player|p2|abhii.g|bruno|1610
|gen|9
|tier|[Gen 9] OU
|rated|
|rule|HP Percentage Mod: HP is shown in percentages
|rule|Endless Battle Clause: Forcing endless battles is banned
|rule|Species Clause: Limit one of each Pokémon
|rule|OHKO Clause: OHKO moves are banned
|rule|Evasion Items Clause: Evasion items are banned
|rule|Evasion Moves Clause: Evasion moves are banned
|rule|Evasion Abilities Clause: Evasion abilities are banned
|rule|Sleep Moves Clause: Sleep-inducing moves are banned
|clearpoke
|poke|p1|Pecharunt|
|poke|p1|Cinderace, M|
|poke|p1|Darkrai|
|poke|p1|Landorus-Therian, M|
|poke|p1|Zamazenta-*|
|poke|p1|Dragonite, F|
|poke|p2|Darkrai|
|poke|p2|Great Tusk|
|poke|p2|Ting-Lu|
|poke|p2|Pecharunt|
|poke|p2|Iron Valiant|
|poke|p2|Arcanine-Hisui, F|
|teampreview
|inactive|Battle timer is ON: inactive players will automatically lose when time's up. (requested by abhii.g)
|
|t:|1769366454
|teamsize|p1|6
|teamsize|p2|6
|start
|switch|p1a: Darkrai|Darkrai|100/100
|switch|p2a: Iron Valiant|Iron Valiant|100/100
|turn|1
|
|t:|1769366466
|-end|p2a: Iron Valiant|Quark Drive|[silent]
|switch|p2a: Ting-Lu|Ting-Lu|100/100
|-ability|p2a: Ting-Lu|Vessel of Ruin
|move|p1a: Darkrai|Sludge Bomb|p2a: Ting-Lu
|-resisted|p2a: Ting-Lu
|-damage|p2a: Ting-Lu|90/100
|
|-heal|p2a: Ting-Lu|96/100|[from] item: Leftovers
|upkeep
|turn|2
|j| Monkey bidniss
|
|t:|1769366493
|switch|p1a: Cinderace|Cinderace, M|100/100
|move|p2a: Ting-Lu|Ruination|p1a: Cinderace
|-damage|p1a: Cinderace|51/100
|
|-heal|p2a: Ting-Lu|100/100|[from] item: Leftovers
|upkeep
|turn|3
|
|t:|1769366498
|move|p1a: Cinderace|Will-O-Wisp|p2a: Ting-Lu
|-status|p2a: Ting-Lu|brn
|move|p2a: Ting-Lu|Spikes|p1a: Cinderace
|-sidestart|p1: Kingambots|Spikes
|
|-damage|p2a: Ting-Lu|94/100 brn|[from] brn
|upkeep
|turn|4
|
|t:|1769366504
|move|p1a: Cinderace|Pyro Ball|p2a: Ting-Lu
|-damage|p2a: Ting-Lu|70/100 brn
|move|p2a: Ting-Lu|Earthquake|p1a: Cinderace
|-supereffective|p1a: Cinderace
|-damage|p1a: Cinderace|5/100
|
|-heal|p2a: Ting-Lu|76/100 brn|[from] item: Leftovers
|-damage|p2a: Ting-Lu|70/100 brn|[from] brn
|upkeep
|turn|5
|
|t:|1769366509
|move|p1a: Cinderace|Court Change|p1a: Cinderace
|-swapsideconditions
|-activate|p1a: Cinderace|move: Court Change
|move|p2a: Ting-Lu|Spikes|p1a: Cinderace
|-sidestart|p1: Kingambots|Spikes
|
|-heal|p2a: Ting-Lu|76/100 brn|[from] item: Leftovers
|-damage|p2a: Ting-Lu|70/100 brn|[from] brn
|upkeep
|turn|6
|
|t:|1769366519
|switch|p2a: Pecharunt|Pecharunt|100/100
|move|p1a: Cinderace|U-turn|p2a: Pecharunt
|-resisted|p2a: Pecharunt
|-damage|p2a: Pecharunt|99/100
|
|t:|1769366523
|switch|p1a: Darkrai|Darkrai|100/100|[from] U-turn
|-damage|p1a: Darkrai|88/100|[from] Spikes
|
|upkeep
|turn|7
|
|t:|1769366527
|switch|p2a: Ting-Lu|Ting-Lu|70/100 brn
|-damage|p2a: Ting-Lu|57/100 brn|[from] Spikes
|-ability|p2a: Ting-Lu|Vessel of Ruin
|move|p1a: Darkrai|Trick|p2a: Ting-Lu
|-activate|p1a: Darkrai|move: Trick|[of] p2a: Ting-Lu
|-item|p2a: Ting-Lu|Choice Specs|[from] move: Trick
|-item|p1a: Darkrai|Leftovers|[from] move: Trick
|
|-heal|p1a: Darkrai|94/100|[from] item: Leftovers
|-damage|p2a: Ting-Lu|51/100 brn|[from] brn
|upkeep
|turn|8
|
|t:|1769366535
|move|p1a: Darkrai|Ice Beam|p2a: Ting-Lu
|-supereffective|p2a: Ting-Lu
|-damage|p2a: Ting-Lu|24/100 brn
|move|p2a: Ting-Lu|Whirlwind|p1a: Darkrai
|drag|p1a: Dragonite|Dragonite, F|100/100
|
|-damage|p2a: Ting-Lu|17/100 brn|[from] brn
|upkeep
|turn|9
|
|t:|1769366546
|switch|p2a: Pecharunt|Pecharunt|99/100
|move|p1a: Dragonite|Scale Shot|p2a: Pecharunt
|-damage|p2a: Pecharunt|92/100
|-damage|p2a: Pecharunt|84/100
|-damage|p2a: Pecharunt|77/100
|-damage|p2a: Pecharunt|70/100
|-hitcount|p2a: Pecharunt|4
|-unboost|p1a: Dragonite|def|1
|-boost|p1a: Dragonite|spe|1
|
|upkeep
|turn|10
|
|t:|1769366560
|switch|p1a: Darkrai|Darkrai|94/100
|-damage|p1a: Darkrai|82/100|[from] Spikes
|move|p2a: Pecharunt|Toxic|p1a: Darkrai
|-status|p1a: Darkrai|tox
|-start|p1a: Darkrai|confusion|[from] ability: Poison Puppeteer|[of] p2a: Pecharunt
|
|-heal|p1a: Darkrai|88/100 tox|[from] item: Leftovers
|-damage|p1a: Darkrai|82/100 tox|[from] psn
|upkeep
|turn|11
|
|t:|1769366564
|switch|p2a: Ting-Lu|Ting-Lu|17/100 brn
|-damage|p2a: Ting-Lu|5/100 brn|[from] Spikes
|-ability|p2a: Ting-Lu|Vessel of Ruin
|-activate|p1a: Darkrai|confusion
|move|p1a: Darkrai|Dark Pulse|p2a: Ting-Lu
|-resisted|p2a: Ting-Lu
|-damage|p2a: Ting-Lu|0 fnt
|faint|p2a: Ting-Lu
|
|-heal|p1a: Darkrai|88/100 tox|[from] item: Leftovers
|-damage|p1a: Darkrai|76/100 tox|[from] psn
|upkeep
|
|t:|1769366573
|switch|p2a: Iron Valiant|Iron Valiant|100/100
|-damage|p2a: Iron Valiant|88/100|[from] Spikes
|turn|12
|
|t:|1769366578
|-activate|p1a: Darkrai|confusion
|move|p1a: Darkrai|Sludge Bomb|p2a: Iron Valiant
|-supereffective|p2a: Iron Valiant
|-damage|p2a: Iron Valiant|0 fnt
|faint|p2a: Iron Valiant
|-end|p2a: Iron Valiant|Quark Drive|[silent]
|
|-heal|p1a: Darkrai|82/100 tox|[from] item: Leftovers
|-damage|p1a: Darkrai|63/100 tox|[from] psn
|upkeep
|c|☆abhii.g|omg i forgot u tricked specs away
|c|☆Kingambots|yeah
|inactive|abhii.g has 120 seconds left.
|c|☆Kingambots|can u spin me please
|c|☆abhii.g|lol
|
|t:|1769366621
|switch|p2a: Darkrai|Darkrai|100/100
|-damage|p2a: Darkrai|88/100|[from] Spikes
|turn|13
|inactive|abhii.g has 120 seconds left.
|
|t:|1769366635
|-activate|p1a: Darkrai|confusion
|move|p1a: Darkrai|Sludge Bomb|p2a: Darkrai
|-damage|p2a: Darkrai|48/100
|move|p2a: Darkrai|Sludge Bomb|p1a: Darkrai
|-damage|p1a: Darkrai|23/100 tox
|
|-heal|p1a: Darkrai|29/100 tox|[from] item: Leftovers
|-damage|p1a: Darkrai|5/100 tox|[from] psn
|upkeep
|turn|14
|inactive|abhii.g has 120 seconds left.
|
|t:|1769366644
|move|p2a: Darkrai|Knock Off|p1a: Darkrai
|-resisted|p1a: Darkrai
|-damage|p1a: Darkrai|0 fnt
|-enditem|p1a: Darkrai|Leftovers|[from] move: Knock Off|[of] p2a: Darkrai
|faint|p1a: Darkrai
|
|upkeep
|
|t:|1769366650
|switch|p1a: Landorus|Landorus-Therian, M|100/100
|-ability|p1a: Landorus|Intimidate|boost
|-unboost|p2a: Darkrai|atk|1
|turn|15
|
|t:|1769366659
|switch|p2a: Great Tusk|Great Tusk|100/100
|move|p1a: Landorus|Earthquake|p2a: Great Tusk
|-damage|p2a: Great Tusk|62/100
|
|upkeep
|turn|16
|inactive|abhii.g has 120 seconds left.
|
|t:|1769366682
|switch|p1a: Pecharunt|Pecharunt|100/100
|move|p2a: Great Tusk|Headlong Rush|p1a: Pecharunt
|-supereffective|p1a: Pecharunt
|-damage|p1a: Pecharunt|37/100
|-unboost|p2a: Great Tusk|def|1
|-unboost|p2a: Great Tusk|spd|1
|
|upkeep
|turn|17
|
|t:|1769366691
|-end|p2a: Great Tusk|Protosynthesis|[silent]
|switch|p2a: Darkrai|Darkrai|48/100
|-damage|p2a: Darkrai|36/100|[from] Spikes
|move|p1a: Pecharunt|Recover|p1a: Pecharunt
|-heal|p1a: Pecharunt|87/100
|
|upkeep
|turn|18
|
|t:|1769366698
|switch|p1a: Zamazenta|Zamazenta|100/100
|-ability|p1a: Zamazenta|Dauntless Shield|boost
|-boost|p1a: Zamazenta|def|1
|move|p2a: Darkrai|Knock Off|p1a: Zamazenta
|-resisted|p1a: Zamazenta
|-damage|p1a: Zamazenta|89/100
|-enditem|p1a: Zamazenta|Heavy-Duty Boots|[from] move: Knock Off|[of] p2a: Darkrai
|
|upkeep
|turn|19
|
|t:|1769366708
|switch|p2a: Pecharunt|Pecharunt|70/100
|move|p1a: Zamazenta|Heavy Slam|p2a: Pecharunt
|-damage|p2a: Pecharunt|52/100
|
|upkeep
|turn|20
|
|t:|1769366717
|move|p1a: Zamazenta|Crunch|p2a: Pecharunt
|-supereffective|p2a: Pecharunt
|-damage|p2a: Pecharunt|28/100
|move|p2a: Pecharunt|Recover|p2a: Pecharunt
|-heal|p2a: Pecharunt|78/100
|
|upkeep
|turn|21
|
|t:|1769366722
|switch|p1a: Pecharunt|Pecharunt|87/100
|move|p2a: Pecharunt|Toxic|p1a: Pecharunt
|-immune|p1a: Pecharunt
|
|upkeep
|turn|22
|
|t:|1769366728
|move|p1a: Pecharunt|Parting Shot|p2a: Pecharunt
|-unboost|p2a: Pecharunt|atk|1
|-unboost|p2a: Pecharunt|spa|1
|
|t:|1769366732
|switch|p1a: Landorus|Landorus-Therian, M|100/100|[from] Parting Shot
|-ability|p1a: Landorus|Intimidate|boost
|-unboost|p2a: Pecharunt|atk|1
|move|p2a: Pecharunt|Foul Play|p1a: Landorus
|-damage|p1a: Landorus|56/100
|
|upkeep
|turn|23
|
|t:|1769366743
|-terastallize|p2a: Pecharunt|Ghost
|move|p1a: Landorus|Earthquake|p2a: Pecharunt
|-damage|p2a: Pecharunt|51/100
|move|p2a: Pecharunt|Recover|p2a: Pecharunt
|-heal|p2a: Pecharunt|100/100
|
|upkeep
|turn|24
|
|t:|1769366750
|switch|p1a: Zamazenta|Zamazenta|89/100
|-damage|p1a: Zamazenta|76/100|[from] Spikes
|move|p2a: Pecharunt|Parting Shot|p1a: Zamazenta
|-unboost|p1a: Zamazenta|atk|1
|-unboost|p1a: Zamazenta|spa|1
|
|t:|1769366757
|switch|p2a: Great Tusk|Great Tusk|62/100|[from] Parting Shot
|
|upkeep
|turn|25
|
|t:|1769366762
|switch|p1a: Landorus|Landorus-Therian, M|56/100
|-ability|p1a: Landorus|Intimidate|boost
|-unboost|p2a: Great Tusk|atk|1
|-end|p2a: Great Tusk|Protosynthesis|[silent]
|switch|p2a: Pecharunt|Pecharunt, tera:Ghost|100/100
|
|upkeep
|turn|26
|
|t:|1769366768
|move|p1a: Landorus|U-turn|p2a: Pecharunt
|-resisted|p2a: Pecharunt
|-crit|p2a: Pecharunt
|-damage|p2a: Pecharunt|91/100
|
|t:|1769366770
|switch|p1a: Zamazenta|Zamazenta|76/100|[from] U-turn
|-damage|p1a: Zamazenta|64/100|[from] Spikes
|move|p2a: Pecharunt|Foul Play|p1a: Zamazenta
|-resisted|p1a: Zamazenta
|-damage|p1a: Zamazenta|50/100
|
|upkeep
|turn|27
|
|t:|1769366776
|move|p1a: Zamazenta|Crunch|p2a: Pecharunt
|-supereffective|p2a: Pecharunt
|-damage|p2a: Pecharunt|68/100
|move|p2a: Pecharunt|Toxic|p1a: Zamazenta|[miss]
|-miss|p2a: Pecharunt|p1a: Zamazenta
|
|upkeep
|turn|28
|
|t:|1769366781
|switch|p1a: Pecharunt|Pecharunt|87/100
|move|p2a: Pecharunt|Recover|p2a: Pecharunt
|-heal|p2a: Pecharunt|100/100
|
|upkeep
|turn|29
|
|t:|1769366790
|switch|p2a: Darkrai|Darkrai|36/100
|-damage|p2a: Darkrai|23/100|[from] Spikes
|move|p1a: Pecharunt|Shadow Ball|p2a: Darkrai
|-resisted|p2a: Darkrai
|-damage|p2a: Darkrai|6/100
|
|upkeep
|turn|30
|
|t:|1769366801
|switch|p1a: Zamazenta|Zamazenta|50/100
|-damage|p1a: Zamazenta|38/100|[from] Spikes
|move|p2a: Darkrai|Dark Pulse|p1a: Zamazenta
|-resisted|p1a: Zamazenta
|-damage|p1a: Zamazenta|12/100
|
|upkeep
|turn|31
|
|t:|1769366812
|move|p1a: Zamazenta|Crunch|p2a: Darkrai
|-resisted|p2a: Darkrai
|-damage|p2a: Darkrai|0 fnt
|faint|p2a: Darkrai
|
|upkeep
|
|t:|1769366816
|switch|p2a: Pecharunt|Pecharunt, tera:Ghost|100/100
|turn|32
|
|t:|1769366821
|switch|p1a: Pecharunt|Pecharunt|87/100
|move|p2a: Pecharunt|Foul Play|p1a: Pecharunt
|-supereffective|p1a: Pecharunt
|-damage|p1a: Pecharunt|73/100
|
|upkeep
|turn|33
|
|t:|1769366829
|move|p1a: Pecharunt|Shadow Ball|p2a: Pecharunt
|-supereffective|p2a: Pecharunt
|-damage|p2a: Pecharunt|51/100
|move|p2a: Pecharunt|Parting Shot|p1a: Pecharunt
|-unboost|p1a: Pecharunt|atk|1
|-unboost|p1a: Pecharunt|spa|1
|
|t:|1769366834
|switch|p2a: Great Tusk|Great Tusk|62/100|[from] Parting Shot
|
|upkeep
|turn|34
|
|t:|1769366844
|switch|p1a: Landorus|Landorus-Therian, M|56/100
|-ability|p1a: Landorus|Intimidate|boost
|-unboost|p2a: Great Tusk|atk|1
|move|p2a: Great Tusk|Headlong Rush|p1a: Landorus
|-immune|p1a: Landorus
|
|upkeep
|turn|35
|
|t:|1769366851
|move|p1a: Landorus|Earthquake|p2a: Great Tusk
|-damage|p2a: Great Tusk|23/100
|move|p2a: Great Tusk|Headlong Rush|p1a: Landorus
|-immune|p1a: Landorus
|
|upkeep
|turn|36
|
|t:|1769366854
|move|p1a: Landorus|Earthquake|p2a: Great Tusk
|-damage|p2a: Great Tusk|0 fnt
|faint|p2a: Great Tusk
|-end|p2a: Great Tusk|Protosynthesis|[silent]
|
|upkeep
|
|t:|1769366857
|switch|p2a: Pecharunt|Pecharunt, tera:Ghost|51/100
|turn|37
|
|t:|1769366860
|switch|p1a: Pecharunt|Pecharunt|73/100
|move|p2a: Pecharunt|Recover|p2a: Pecharunt
|-heal|p2a: Pecharunt|100/100
|
|upkeep
|turn|38
|
|t:|1769366863
|move|p1a: Pecharunt|Shadow Ball|p2a: Pecharunt
|-supereffective|p2a: Pecharunt
|-crit|p2a: Pecharunt
|-damage|p2a: Pecharunt|23/100
|move|p2a: Pecharunt|Parting Shot|p1a: Pecharunt
|-unboost|p1a: Pecharunt|atk|1
|-unboost|p1a: Pecharunt|spa|1
|
|t:|1769366867
|switch|p2a: Arcanine|Arcanine-Hisui, F|100/100|[from] Parting Shot
|
|upkeep
|turn|39
|
|t:|1769366876
|move|p2a: Arcanine|Stealth Rock|p1a: Pecharunt
|-sidestart|p1: Kingambots|move: Stealth Rock
|move|p1a: Pecharunt|Parting Shot|p2a: Arcanine
|-unboost|p2a: Arcanine|atk|1
|-unboost|p2a: Arcanine|spa|1
|
|t:|1769366882
|switch|p1a: Landorus|Landorus-Therian, M|56/100|[from] Parting Shot
|-damage|p1a: Landorus|43/100|[from] Stealth Rock
|-ability|p1a: Landorus|Intimidate|boost
|-unboost|p2a: Arcanine|atk|1
|
|upkeep
|turn|40
|c|☆Kingambots|gg
|c|☆Kingambots|i win
|
|t:|1769366895
|move|p2a: Arcanine|Extreme Speed|p1a: Landorus
|-damage|p1a: Landorus|29/100
|move|p1a: Landorus|Earthquake|p2a: Arcanine
|-supereffective|p2a: Arcanine
|-damage|p2a: Arcanine|0 fnt
|faint|p2a: Arcanine
|
|upkeep
|
|t:|1769366898
|switch|p2a: Pecharunt|Pecharunt, tera:Ghost|23/100
|turn|41
|
|t:|1769366901
|-terastallize|p1a: Landorus|Ground
|move|p1a: Landorus|Earthquake|p2a: Pecharunt
|-damage|p2a: Pecharunt|0 fnt
|faint|p2a: Pecharunt
|
|win|Kingambots
|raw|Kingambots's rating: 1582 &rarr; <strong>1604</strong><br />(+22 for winning)
|raw|abhii.g's rating: 1610 &rarr; <strong>1588</strong><br />(-22 for losing)
|l|☆abhii.g
|player|p2|
|l|☆Kingambots
|player|p1|
|l| Monkey bidniss
