|j|☆Ilikeoranges1
|j|☆Yarm
|t:|1769407646
|gametype|singles
|player|p1|Ilikeoranges1|101|1238
|player|p2|Yarm|supernerd|1324
|gen|9
|tier|[Gen 9] OU
|rated|
|rule|HP Percentage Mod: HP is shown in percentages
|rule|Endless Battle Clause: Forcing endless battles is banned
|rule|Species Clause: Limit one of each Pokémon
|rule|OHKO Clause: OHKO moves are banned
|rule|Evasion Items Clause: Evasion items are banned
|rule|Evasion Moves Clause: Evasion moves are banned
|rule|Evasion Abilities Clause: Evasion abilities are banned
|rule|Sleep Moves Clause: Sleep-inducing moves are banned
|clearpoke
|poke|p1|Excadrill, F|
|poke|p1|Dragonite, F|
|poke|p1|Metagross|
|poke|p1|Indeedee, M|
|poke|p1|Pecharunt|
|poke|p1|Iron Crown|
|poke|p2|Rillaboom, M|
|poke|p2|Gliscor, F|
|poke|p2|Zapdos|
|poke|p2|Gholdengo|
|poke|p2|Kyurem|
|poke|p2|Alomomola, M|
|teampreview
|inactive|Battle timer is ON: inactive players will automatically lose when time's up. (requested by Yarm)
|
|t:|1769407661
|teamsize|p1|6
|teamsize|p2|6
|start
|switch|p1a: Dragonite|Dragonite, F|100/100
|switch|p2a: Rillaboom|Rillaboom, M|100/100
|-fieldstart|move: Grassy Terrain|[from] ability: Grassy Surge|[of] p2a: Rillaboom
|turn|1
|j| J Pokemon Master M
|
|t:|1769407669
|move|p2a: Rillaboom|Knock Off|p1a: Dragonite
|-damage|p1a: Dragonite|88/100
|-enditem|p1a: Dragonite|Psychic Seed|[from] move: Knock Off|[of] p2a: Rillaboom
|move|p1a: Dragonite|Thunder Wave|p2a: Rillaboom
|-status|p2a: Rillaboom|par
|
|upkeep
|turn|2
|
|t:|1769407680
|move|p1a: Dragonite|Dragon Dance|p1a: Dragonite
|-boost|p1a: Dragonite|atk|1
|-boost|p1a: Dragonite|spe|1
|move|p2a: Rillaboom|U-turn|p1a: Dragonite
|-resisted|p1a: Dragonite
|-damage|p1a: Dragonite|79/100
|l| J Pokemon Master M
|
|t:|1769407692
|switch|p2a: Gholdengo|Gholdengo|100/100|[from] U-turn
|-item|p2a: Gholdengo|Air Balloon
|
|upkeep
|turn|3
|
|t:|1769407699
|move|p1a: Dragonite|Thunder Wave|p2a: Gholdengo
|-immune|p2a: Gholdengo|[from] ability: Good as Gold
|move|p2a: Gholdengo|Thunder Wave|p1a: Dragonite
|-status|p1a: Dragonite|par
|
|upkeep
|turn|4
|
|t:|1769407717
|switch|p1a: Indeedee|Indeedee, M|100/100
|-fieldstart|move: Psychic Terrain|[from] ability: Psychic Surge|[of] p1a: Indeedee
|move|p2a: Gholdengo|Hex|p1a: Indeedee
|-immune|p1a: Indeedee
|
|upkeep
|turn|5
|
|t:|1769407727
|switch|p2a: Rillaboom|Rillaboom, M|100/100 par
|-fieldstart|move: Grassy Terrain|[from] ability: Grassy Surge|[of] p2a: Rillaboom
|move|p1a: Indeedee|Encore||[still]
|-fail|p1a: Indeedee
|
|upkeep
|turn|6
|
|t:|1769407741
|switch|p1a: Pecharunt|Pecharunt|100/100
|cant|p2a: Rillaboom|par
|
|upkeep
|turn|7
|
|t:|1769407748
|switch|p2a: Gliscor|Gliscor, F|100/100
|move|p1a: Pecharunt|Shadow Ball|p2a: Gliscor
|-damage|p2a: Gliscor|76/100
|
|-status|p2a: Gliscor|tox|[from] item: Toxic Orb
|upkeep
|turn|8
|
|t:|1769407778
|switch|p1a: Metagross|Metagross|100/100
|move|p2a: Gliscor|Knock Off|p1a: Metagross
|-supereffective|p1a: Metagross
|-damage|p1a: Metagross|70/100
|-enditem|p1a: Metagross|Choice Band|[from] move: Knock Off|[of] p2a: Gliscor
|
|-heal|p1a: Metagross|76/100|[from] Grassy Terrain
|-heal|p2a: Gliscor|89/100 tox|[from] ability: Poison Heal
|upkeep
|turn|9
|
|t:|1769407793
|move|p2a: Gliscor|Spikes|p1a: Metagross
|-sidestart|p1: Ilikeoranges1|Spikes
|move|p1a: Metagross|Heavy Slam|p2a: Gliscor
|-damage|p2a: Gliscor|40/100 tox
|
|-heal|p1a: Metagross|82/100|[from] Grassy Terrain
|-heal|p2a: Gliscor|52/100 tox|[from] ability: Poison Heal
|-fieldend|move: Grassy Terrain
|upkeep
|turn|10
|
|t:|1769407801
|move|p2a: Gliscor|Protect|p2a: Gliscor
|-singleturn|p2a: Gliscor|Protect
|move|p1a: Metagross|Heavy Slam|p2a: Gliscor
|-activate|p2a: Gliscor|move: Protect
|
|-heal|p2a: Gliscor|65/100 tox|[from] ability: Poison Heal
|upkeep
|turn|11
|
|t:|1769407804
|move|p2a: Gliscor|U-turn|p1a: Metagross
|-damage|p1a: Metagross|70/100
|
|t:|1769407809
|switch|p2a: Rillaboom|Rillaboom, M|100/100 par|[from] U-turn
|-fieldstart|move: Grassy Terrain|[from] ability: Grassy Surge|[of] p2a: Rillaboom
|move|p1a: Metagross|Knock Off|p2a: Rillaboom
|-damage|p2a: Rillaboom|76/100 par
|-damage|p1a: Metagross|54/100|[from] item: Rocky Helmet|[of] p2a: Rillaboom
|-enditem|p2a: Rillaboom|Rocky Helmet|[from] move: Knock Off|[of] p1a: Metagross
|
|-heal|p1a: Metagross|60/100|[from] Grassy Terrain
|-heal|p2a: Rillaboom|82/100 par|[from] Grassy Terrain
|upkeep
|turn|12
|inactive|Ilikeoranges1 has 120 seconds left.
|
|t:|1769407847
|move|p1a: Metagross|Psychic Fangs|p2a: Rillaboom
|-damage|p2a: Rillaboom|51/100 par
|cant|p2a: Rillaboom|par
|
|-heal|p1a: Metagross|66/100|[from] Grassy Terrain
|-heal|p2a: Rillaboom|58/100 par|[from] Grassy Terrain
|upkeep
|turn|13
|
|t:|1769407853
|move|p1a: Metagross|Heavy Slam|p2a: Rillaboom
|-damage|p2a: Rillaboom|17/100 par
|move|p2a: Rillaboom|U-turn|p1a: Metagross
|-damage|p1a: Metagross|51/100
|
|t:|1769407866
|switch|p2a: Zapdos|Zapdos|100/100|[from] U-turn
|
|-heal|p1a: Metagross|57/100|[from] Grassy Terrain
|upkeep
|turn|14
|
|t:|1769407877
|switch|p1a: Dragonite|Dragonite, F|79/100 par
|move|p2a: Zapdos|Heat Wave|p1a: Dragonite
|-resisted|p1a: Dragonite
|-damage|p1a: Dragonite|65/100 par
|
|upkeep
|turn|15
|
|t:|1769407888
|move|p1a: Dragonite|Extreme Speed|p2a: Zapdos
|-damage|p2a: Zapdos|60/100
|move|p2a: Zapdos|Hurricane|p1a: Dragonite
|-damage|p1a: Dragonite|17/100 par
|-start|p1a: Dragonite|confusion
|
|-fieldend|move: Grassy Terrain
|upkeep
|turn|16
|
|t:|1769407897
|-activate|p1a: Dragonite|confusion
|move|p1a: Dragonite|Extreme Speed|p2a: Zapdos
|-damage|p2a: Zapdos|24/100
|move|p2a: Zapdos|Roost|p2a: Zapdos
|-heal|p2a: Zapdos|74/100
|-singleturn|p2a: Zapdos|move: Roost
|
|upkeep
|turn|17
|
|t:|1769407902
|move|p2a: Zapdos|Volt Switch|p1a: Dragonite
|-damage|p1a: Dragonite|0 fnt
|faint|p1a: Dragonite
|
|t:|1769407906
|switch|p2a: Rillaboom|Rillaboom, M|17/100 par|[from] Volt Switch
|-fieldstart|move: Grassy Terrain|[from] ability: Grassy Surge|[of] p2a: Rillaboom
|
|-heal|p2a: Rillaboom|24/100 par|[from] Grassy Terrain
|upkeep
|
|t:|1769407910
|switch|p1a: Indeedee|Indeedee, M|100/100
|-damage|p1a: Indeedee|88/100|[from] Spikes
|-fieldstart|move: Psychic Terrain|[from] ability: Psychic Surge|[of] p1a: Indeedee
|turn|18
|
|t:|1769407916
|switch|p2a: Alomomola|Alomomola, M|100/100
|move|p1a: Indeedee|Expanding Force|p2a: Alomomola
|-damage|p2a: Alomomola|69/100
|
|upkeep
|turn|19
|
|t:|1769407925
|switch|p1a: Excadrill|Excadrill, F|100/100
|-ability|p1a: Excadrill|Mold Breaker
|-item|p1a: Excadrill|Air Balloon
|move|p2a: Alomomola|Mirror Coat||[still]
|-fail|p2a: Alomomola
|
|upkeep
|turn|20
|
|t:|1769407929
|move|p1a: Excadrill|Rapid Spin|p2a: Alomomola
|-damage|p2a: Alomomola|58/100
|-boost|p1a: Excadrill|spe|1
|-sideend|p1: Ilikeoranges1|Spikes|[from] move: Rapid Spin|[of] p1a: Excadrill
|move|p2a: Alomomola|Flip Turn|p1a: Excadrill
|-supereffective|p1a: Excadrill
|-damage|p1a: Excadrill|50/100
|-enditem|p1a: Excadrill|Air Balloon
|
|t:|1769407939
|switch|p2a: Rillaboom|Rillaboom, M|24/100 par|[from] Flip Turn
|-fieldstart|move: Grassy Terrain|[from] ability: Grassy Surge|[of] p2a: Rillaboom
|
|-heal|p1a: Excadrill|56/100|[from] Grassy Terrain
|-heal|p2a: Rillaboom|30/100 par|[from] Grassy Terrain
|upkeep
|turn|21
|
|t:|1769407949
|move|p2a: Rillaboom|Grassy Glide|p1a: Excadrill
|-damage|p1a: Excadrill|11/100
|move|p1a: Excadrill|Rock Slide|p2a: Rillaboom
|-damage|p2a: Rillaboom|13/100 par
|
|-heal|p1a: Excadrill|17/100|[from] Grassy Terrain
|-heal|p2a: Rillaboom|19/100 par|[from] Grassy Terrain
|upkeep
|turn|22
|
|t:|1769407967
|switch|p1a: Indeedee|Indeedee, M|88/100
|-fieldstart|move: Psychic Terrain|[from] ability: Psychic Surge|[of] p1a: Indeedee
|cant|p2a: Rillaboom|par
|
|upkeep
|turn|23
|
|t:|1769407974
|switch|p2a: Alomomola|Alomomola, M|91/100
|move|p1a: Indeedee|Expanding Force|p2a: Alomomola
|-damage|p2a: Alomomola|60/100
|
|upkeep
|turn|24
|
|t:|1769407980
|move|p1a: Indeedee|Expanding Force|p2a: Alomomola
|-damage|p2a: Alomomola|30/100
|move|p2a: Alomomola|Flip Turn|p1a: Indeedee
|-damage|p1a: Indeedee|61/100
|
|t:|1769407986
|switch|p2a: Rillaboom|Rillaboom, M|19/100 par|[from] Flip Turn
|-fieldstart|move: Grassy Terrain|[from] ability: Grassy Surge|[of] p2a: Rillaboom
|
|-heal|p1a: Indeedee|67/100|[from] Grassy Terrain
|-heal|p2a: Rillaboom|25/100 par|[from] Grassy Terrain
|upkeep
|turn|25
|
|t:|1769407993
|switch|p2a: Gholdengo|Gholdengo|100/100
|-item|p2a: Gholdengo|Air Balloon
|move|p1a: Indeedee|Expanding Force|p2a: Gholdengo
|-resisted|p2a: Gholdengo
|-damage|p2a: Gholdengo|87/100
|-enditem|p2a: Gholdengo|Air Balloon
|
|-heal|p1a: Indeedee|74/100|[from] Grassy Terrain
|-heal|p2a: Gholdengo|93/100|[from] Grassy Terrain
|upkeep
|turn|26
|inactive|Ilikeoranges1 has 120 seconds left.
|
|t:|1769408040
|move|p1a: Indeedee|Healing Wish|p1a: Indeedee
|faint|p1a: Indeedee
|move|p2a: Gholdengo|Make It Rain|p1: Indeedee|[notarget]
|-fail|p2a: Gholdengo
|
|-heal|p2a: Gholdengo|99/100|[from] Grassy Terrain
|upkeep
|
|t:|1769408045
|switch|p1a: Excadrill|Excadrill, F|17/100
|-heal|p1a: Excadrill|100/100|[from] move: Healing Wish
|-ability|p1a: Excadrill|Mold Breaker
|turn|27
|
|t:|1769408064
|switch|p1a: Pecharunt|Pecharunt|100/100
|move|p2a: Gholdengo|Hex|p1a: Pecharunt
|-supereffective|p1a: Pecharunt
|-damage|p1a: Pecharunt|56/100
|
|-heal|p2a: Gholdengo|100/100|[from] Grassy Terrain
|-heal|p1a: Pecharunt|62/100|[from] Grassy Terrain
|upkeep
|turn|28
|
|t:|1769408072
|move|p2a: Gholdengo|Thunder Wave|p1a: Pecharunt
|-status|p1a: Pecharunt|par
|move|p1a: Pecharunt|Recover|p1a: Pecharunt
|-heal|p1a: Pecharunt|100/100 par
|
|-fieldend|move: Grassy Terrain
|upkeep
|turn|29
|
|t:|1769408078
|move|p2a: Gholdengo|Hex|p1a: Pecharunt
|-supereffective|p1a: Pecharunt
|-damage|p1a: Pecharunt|7/100 par
|cant|p1a: Pecharunt|par
|
|upkeep
|turn|30
|
|t:|1769408082
|move|p2a: Gholdengo|Hex|p1a: Pecharunt
|-supereffective|p1a: Pecharunt
|-damage|p1a: Pecharunt|0 fnt
|faint|p1a: Pecharunt
|
|upkeep
|
|t:|1769408084
|switch|p1a: Excadrill|Excadrill, F|100/100
|-ability|p1a: Excadrill|Mold Breaker
|turn|31
|
|t:|1769408089
|switch|p2a: Rillaboom|Rillaboom, M|25/100 par
|-fieldstart|move: Grassy Terrain|[from] ability: Grassy Surge|[of] p2a: Rillaboom
|move|p1a: Excadrill|Earthquake|p2a: Rillaboom
|-resisted|p2a: Rillaboom
|-damage|p2a: Rillaboom|16/100 par
|
|-heal|p2a: Rillaboom|22/100 par|[from] Grassy Terrain
|upkeep
|turn|32
|
|t:|1769408094
|move|p2a: Rillaboom|Grassy Glide|p1a: Excadrill
|-damage|p1a: Excadrill|55/100
|move|p1a: Excadrill|Rock Slide|p2a: Rillaboom
|-damage|p2a: Rillaboom|3/100 par
|
|-heal|p1a: Excadrill|61/100|[from] Grassy Terrain
|-heal|p2a: Rillaboom|9/100 par|[from] Grassy Terrain
|upkeep
|turn|33
|
|t:|1769408100
|move|p2a: Rillaboom|Grassy Glide|p1a: Excadrill
|-damage|p1a: Excadrill|18/100
|move|p1a: Excadrill|Rock Slide|p2a: Rillaboom|[miss]
|-miss|p1a: Excadrill|p2a: Rillaboom
|
|-heal|p1a: Excadrill|24/100|[from] Grassy Terrain
|-heal|p2a: Rillaboom|15/100 par|[from] Grassy Terrain
|upkeep
|turn|34
|
|t:|1769408106
|move|p2a: Rillaboom|Grassy Glide|p1a: Excadrill
|-damage|p1a: Excadrill|0 fnt
|faint|p1a: Excadrill
|
|-heal|p2a: Rillaboom|22/100 par|[from] Grassy Terrain
|upkeep
|
|t:|1769408119
|switch|p1a: Metagross|Metagross|57/100
|turn|35
|
|t:|1769408125
|move|p2a: Rillaboom|Grassy Glide|p1a: Metagross
|-resisted|p1a: Metagross
|-damage|p1a: Metagross|47/100
|move|p1a: Metagross|Heavy Slam|p2a: Rillaboom
|-crit|p2a: Rillaboom
|-damage|p2a: Rillaboom|0 fnt
|faint|p2a: Rillaboom
|
|-heal|p1a: Metagross|53/100|[from] Grassy Terrain
|-fieldend|move: Grassy Terrain
|upkeep
|
|t:|1769408144
|switch|p2a: Alomomola|Alomomola, M|63/100
|turn|36
|
|t:|1769408149
|move|p1a: Metagross|Psychic Fangs|p2a: Alomomola
|-damage|p2a: Alomomola|34/100
|move|p2a: Alomomola|Flip Turn|p1a: Metagross
|-damage|p1a: Metagross|40/100
|
|t:|1769408156
|switch|p2a: Zapdos|Zapdos|74/100|[from] Flip Turn
|
|upkeep
|turn|37
|
|t:|1769408162
|move|p2a: Zapdos|Heat Wave|p1a: Metagross
|-supereffective|p1a: Metagross
|-damage|p1a: Metagross|0 fnt
|faint|p1a: Metagross
|
|upkeep
|
|t:|1769408164
|switch|p1a: Iron Crown|Iron Crown|100/100
|turn|38
|
|t:|1769408178
|-terastallize|p1a: Iron Crown|Water
|move|p2a: Zapdos|Volt Switch|p1a: Iron Crown
|-supereffective|p1a: Iron Crown
|-damage|p1a: Iron Crown|60/100
|
|t:|1769408183
|switch|p2a: Gholdengo|Gholdengo|100/100|[from] Volt Switch
|move|p1a: Iron Crown|Tachyon Cutter|p2a: Gholdengo
|-resisted|p2a: Gholdengo
|-damage|p2a: Gholdengo|87/100
|-resisted|p2a: Gholdengo
|-damage|p2a: Gholdengo|73/100
|-hitcount|p2a: Gholdengo|2
|
|upkeep
|turn|39
|-message|Ilikeoranges1 forfeited.
|
|win|Yarm
|raw|Ilikeoranges1's rating: 1238 &rarr; <strong>1219</strong><br />(-19 for losing)
|raw|Yarm's rating: 1324 &rarr; <strong>1339</strong><br />(+15 for winning)
|l|☆Ilikeoranges1
|player|p1|
|l|☆Yarm
|player|p2|
