|j|☆UltraSpace_Lover
|j|☆Alysonzl2
|t:|1769420351
|gametype|singles
|player|p1|UltraSpace_Lover|unknown|1130
|player|p2|Alysonzl2|red|1096
|gen|9
|tier|[Gen 9] OU
|rated|
|rule|HP Percentage Mod: HP is shown in percentages
|rule|Endless Battle Clause: Forcing endless battles is banned
|rule|Species Clause: Limit one of each Pokémon
|rule|OHKO Clause: OHKO moves are banned
|rule|Evasion Items Clause: Evasion items are banned
|rule|Evasion Moves Clause: Evasion moves are banned
|rule|Evasion Abilities Clause: Evasion abilities are banned
|rule|Sleep Moves Clause: Sleep-inducing moves are banned
|clearpoke
|poke|p1|Tyranitar, M|
|poke|p1|Excadrill, F|
|poke|p1|Heatran, M|
|poke|p1|Alomomola, F|
|poke|p1|Hariyama, F|
|poke|p1|Lokix, M|
|poke|p2|Politoed, M|
|poke|p2|Barraskewda, M|
|poke|p2|Basculegion, M|
|poke|p2|Landorus-Therian, M|
|poke|p2|Forretress, M|
|poke|p2|Floatzel, F|
|teampreview
|inactive|Battle timer is ON: inactive players will automatically lose when time's up. (requested by Alysonzl2)
|
|t:|1769420366
|teamsize|p1|6
|teamsize|p2|6
|start
|switch|p1a: Tyranitar|Tyranitar, M|100/100
|switch|p2a: Forretress|Forretress, M, shiny|100/100
|-weather|Sandstorm|[from] ability: Sand Stream|[of] p1a: Tyranitar
|turn|1
|
|t:|1769420380
|switch|p1a: Heatran|Heatran, M|100/100
|-item|p1a: Heatran|Air Balloon
|move|p2a: Forretress|Stealth Rock|p1a: Heatran
|-sidestart|p1: UltraSpace_Lover|move: Stealth Rock
|
|-weather|Sandstorm|[upkeep]
|upkeep
|turn|2
|
|t:|1769420392
|switch|p2a: Politoed|Politoed, M, shiny|100/100
|-weather|RainDance|[from] ability: Drizzle|[of] p2a: Politoed
|move|p1a: Heatran|Magma Storm|p2a: Politoed
|-resisted|p2a: Politoed
|-damage|p2a: Politoed|89/100
|-activate|p2a: Politoed|move: Magma Storm|[of] p1a: Heatran
|
|-weather|RainDance|[upkeep]
|-damage|p2a: Politoed|76/100|[from] move: Magma Storm|[partiallytrapped]
|upkeep
|turn|3
|
|t:|1769420406
|switch|p1a: Alomomola|Alomomola, F|100/100
|-damage|p1a: Alomomola|88/100|[from] Stealth Rock
|move|p2a: Politoed|Chilling Water|p1a: Alomomola
|-resisted|p1a: Alomomola
|-damage|p1a: Alomomola|74/100
|-unboost|p1a: Alomomola|atk|1
|
|-weather|RainDance|[upkeep]
|-end|p2a: Politoed|Magma Storm|[partiallytrapped]|[silent]
|upkeep
|turn|4
|l|☆Alysonzl2
|inactive|Alysonzl2 disconnected and has a minute to reconnect!
|player|p2|
|j|☆Alysonzl2
|inactive|Alysonzl2 reconnected and has 115 seconds left.
|player|p2|Alysonzl2|red|
|
|t:|1769420455
|move|p2a: Politoed|Encore||[still]
|-fail|p2a: Politoed
|move|p1a: Alomomola|Wish|p1a: Alomomola
|
|-weather|RainDance|[upkeep]
|upkeep
|turn|5
|
|t:|1769420474
|move|p1a: Alomomola|Protect|p1a: Alomomola
|-singleturn|p1a: Alomomola|Protect
|move|p2a: Politoed|Encore|p1a: Alomomola
|-activate|p1a: Alomomola|move: Protect
|
|-weather|RainDance|[upkeep]
|-heal|p1a: Alomomola|100/100|[from] move: Wish|[wisher] Alomomola
|upkeep
|turn|6
|
|t:|1769420488
|switch|p2a: Forretress|Forretress, M, shiny|100/100
|switch|p1a: Tyranitar|Tyranitar, M|100/100
|-damage|p1a: Tyranitar|88/100|[from] Stealth Rock
|-weather|Sandstorm|[from] ability: Sand Stream|[of] p1a: Tyranitar
|
|-weather|Sandstorm|[upkeep]
|upkeep
|turn|7
|
|t:|1769420497
|move|p1a: Tyranitar|Low Kick|p2a: Forretress
|-damage|p2a: Forretress|68/100
|move|p2a: Forretress|Toxic Spikes|p1a: Tyranitar
|-sidestart|p1: UltraSpace_Lover|move: Toxic Spikes
|
|-weather|Sandstorm|[upkeep]
|-heal|p2a: Forretress|74/100|[from] item: Leftovers
|upkeep
|turn|8
|
|t:|1769420503
|switch|p1a: Excadrill|Excadrill, F|100/100
|move|p2a: Forretress|Toxic Spikes|p1a: Excadrill
|-sidestart|p1: UltraSpace_Lover|move: Toxic Spikes
|
|-weather|Sandstorm|[upkeep]
|-heal|p2a: Forretress|80/100|[from] item: Leftovers
|upkeep
|turn|9
|inactive|Alysonzl2 has 120 seconds left.
|
|t:|1769420517
|switch|p2a: Politoed|Politoed, M, shiny|76/100
|-weather|RainDance|[from] ability: Drizzle|[of] p2a: Politoed
|move|p1a: Excadrill|Rapid Spin|p2a: Politoed
|-damage|p2a: Politoed|61/100
|-boost|p1a: Excadrill|spe|1
|-sideend|p1: UltraSpace_Lover|Toxic Spikes|[from] move: Rapid Spin|[of] p1a: Excadrill
|-sideend|p1: UltraSpace_Lover|Stealth Rock|[from] move: Rapid Spin|[of] p1a: Excadrill
|
|-weather|RainDance|[upkeep]
|upkeep
|turn|10
|inactive|Alysonzl2 has 120 seconds left.
|
|t:|1769420532
|switch|p1a: Hariyama|Hariyama, F|100/100
|move|p2a: Politoed|Haze|p2a: Politoed
|-clearallboost
|
|-weather|RainDance|[upkeep]
|-status|p1a: Hariyama|brn|[from] item: Flame Orb
|upkeep
|turn|11
|inactive|Alysonzl2 has 120 seconds left.
|
|t:|1769420541
|move|p2a: Politoed|Protect|p2a: Politoed
|-singleturn|p2a: Politoed|Protect
|move|p1a: Hariyama|Fake Out|p2a: Politoed
|-activate|p2a: Politoed|move: Protect
|
|-weather|RainDance|[upkeep]
|-damage|p1a: Hariyama|94/100 brn|[from] brn
|upkeep
|turn|12
|inactive|Alysonzl2 has 120 seconds left.
|
|t:|1769420555
|move|p2a: Politoed|Encore|p1a: Hariyama
|-start|p1a: Hariyama|Encore
|move|p1a: Hariyama|Fake Out||[still]
|-hint|Fake Out only works on your first turn out.
|-fail|p1a: Hariyama
|
|-weather|RainDance|[upkeep]
|-damage|p1a: Hariyama|88/100 brn|[from] brn
|upkeep
|turn|13
|
|t:|1769420564
|switch|p2a: Barraskewda|Barraskewda, M, shiny|100/100
|switch|p1a: Excadrill|Excadrill, F|100/100
|
|-weather|RainDance|[upkeep]
|upkeep
|turn|14
|
|t:|1769420570
|switch|p1a: Alomomola|Alomomola, F|100/100
|move|p2a: Barraskewda|Liquidation|p1a: Alomomola
|-resisted|p1a: Alomomola
|-damage|p1a: Alomomola|75/100
|-damage|p2a: Barraskewda|84/100|[from] item: Rocky Helmet|[of] p1a: Alomomola
|
|-weather|RainDance|[upkeep]
|upkeep
|turn|15
|
|t:|1769420577
|switch|p2a: Floatzel|Floatzel, F, shiny|100/100
|move|p1a: Alomomola|Flip Turn|p2a: Floatzel
|-resisted|p2a: Floatzel
|-damage|p2a: Floatzel|77/100
|
|t:|1769420583
|switch|p1a: Hariyama|Hariyama, F|88/100 brn|[from] Flip Turn
|
|-weather|RainDance|[upkeep]
|-damage|p1a: Hariyama|82/100 brn|[from] brn
|upkeep
|turn|16
|
|t:|1769420591
|move|p1a: Hariyama|Fake Out|p2a: Floatzel
|-crit|p2a: Floatzel
|-damage|p2a: Floatzel|15/100
|cant|p2a: Floatzel|flinch
|
|-weather|none
|-damage|p1a: Hariyama|76/100 brn|[from] brn
|upkeep
|turn|17
|
|t:|1769420599
|switch|p1a: Alomomola|Alomomola, F|100/100
|move|p2a: Floatzel|Liquidation|p1a: Alomomola
|-resisted|p1a: Alomomola
|-damage|p1a: Alomomola|87/100
|-damage|p2a: Floatzel|0 fnt|[from] item: Rocky Helmet|[of] p1a: Alomomola
|faint|p2a: Floatzel
|
|upkeep
|
|t:|1769420602
|switch|p2a: Politoed|Politoed, M, shiny|61/100
|-weather|RainDance|[from] ability: Drizzle|[of] p2a: Politoed
|turn|18
|
|t:|1769420609
|switch|p2a: Landorus|Landorus-Therian, M|100/100
|-ability|p2a: Landorus|Intimidate|boost
|-unboost|p1a: Alomomola|atk|1
|move|p1a: Alomomola|Flip Turn|p2a: Landorus
|-supereffective|p2a: Landorus
|-damage|p2a: Landorus|69/100
|
|t:|1769420616
|switch|p1a: Hariyama|Hariyama, F|76/100 brn|[from] Flip Turn
|
|-weather|RainDance|[upkeep]
|-damage|p1a: Hariyama|70/100 brn|[from] brn
|upkeep
|turn|19
|
|t:|1769420621
|move|p1a: Hariyama|Fake Out|p2a: Landorus
|-damage|p2a: Landorus|48/100
|cant|p2a: Landorus|flinch
|
|-weather|RainDance|[upkeep]
|-damage|p1a: Hariyama|64/100 brn|[from] brn
|upkeep
|turn|20
|
|t:|1769420629
|switch|p1a: Alomomola|Alomomola, F|100/100
|move|p2a: Landorus|Earthquake|p1a: Alomomola
|-damage|p1a: Alomomola|72/100
|
|-weather|RainDance|[upkeep]
|upkeep
|turn|21
|
|t:|1769420640
|move|p2a: Landorus|Stomping Tantrum|p1a: Alomomola
|-damage|p1a: Alomomola|49/100
|-damage|p2a: Landorus|32/100|[from] item: Rocky Helmet|[of] p1a: Alomomola
|move|p1a: Alomomola|Flip Turn|p2a: Landorus
|-supereffective|p2a: Landorus
|-damage|p2a: Landorus|0 fnt
|faint|p2a: Landorus
|
|t:|1769420648
|switch|p1a: Tyranitar|Tyranitar, M|88/100|[from] Flip Turn
|-weather|Sandstorm|[from] ability: Sand Stream|[of] p1a: Tyranitar
|
|-weather|Sandstorm|[upkeep]
|upkeep
|
|t:|1769420651
|switch|p2a: Politoed|Politoed, M, shiny|61/100
|-weather|RainDance|[from] ability: Drizzle|[of] p2a: Politoed
|turn|22
|
|t:|1769420658
|switch|p1a: Alomomola|Alomomola, F|83/100
|move|p2a: Politoed|Chilling Water|p1a: Alomomola
|-resisted|p1a: Alomomola
|-damage|p1a: Alomomola|68/100
|-unboost|p1a: Alomomola|atk|1
|
|-weather|RainDance|[upkeep]
|upkeep
|turn|23
|
|t:|1769420670
|move|p2a: Politoed|Protect|p2a: Politoed
|-singleturn|p2a: Politoed|Protect
|move|p1a: Alomomola|Flip Turn|p2a: Politoed
|-activate|p2a: Politoed|move: Protect
|
|-weather|RainDance|[upkeep]
|upkeep
|turn|24
|
|t:|1769420690
|switch|p2a: Forretress|Forretress, M, shiny|80/100
|move|p1a: Alomomola|Flip Turn|p2a: Forretress
|-damage|p2a: Forretress|70/100
|
|t:|1769420698
|switch|p1a: Heatran|Heatran, M|100/100|[from] Flip Turn
|-item|p1a: Heatran|Air Balloon
|
|-weather|RainDance|[upkeep]
|-heal|p2a: Forretress|76/100|[from] item: Leftovers
|upkeep
|turn|25
|
|t:|1769420704
|move|p1a: Heatran|Magma Storm|p2a: Forretress
|-supereffective|p2a: Forretress
|-crit|p2a: Forretress
|-damage|p2a: Forretress|0 fnt
|faint|p2a: Forretress
|
|-weather|RainDance|[upkeep]
|upkeep
|
|t:|1769420709
|switch|p2a: Barraskewda|Barraskewda, M, shiny|84/100
|turn|26
|
|t:|1769420712
|switch|p1a: Alomomola|Alomomola, F|100/100
|move|p2a: Barraskewda|Liquidation|p1a: Alomomola
|-resisted|p1a: Alomomola
|-damage|p1a: Alomomola|71/100
|-damage|p2a: Barraskewda|68/100|[from] item: Rocky Helmet|[of] p1a: Alomomola
|
|-weather|RainDance|[upkeep]
|upkeep
|turn|27
|
|t:|1769420720
|switch|p2a: Politoed|Politoed, M, shiny|61/100
|move|p1a: Alomomola|Wish|p1a: Alomomola
|
|-weather|RainDance|[upkeep]
|upkeep
|turn|28
|-message|Alysonzl2 forfeited.
|
|win|UltraSpace_Lover
|raw|UltraSpace_Lover's rating: 1130 &rarr; <strong>1153</strong><br />(+23 for winning)
|raw|Alysonzl2's rating: 1096 &rarr; <strong>1074</strong><br />(-22 for losing)
|l|☆Alysonzl2
|player|p2|
