|j|☆JD2Sleepy
|j|‽tasty sardine 408
|t:|1769314937
|gametype|singles
|player|p1|JD2Sleepy|blackbelt-gen4dp|1502
|player|p2|tasty sardine 408|harlequin|1586
|gen|9
|tier|[Gen 9] OU
|rated|
|rule|HP Percentage Mod: HP is shown in percentages
|rule|Endless Battle Clause: Forcing endless battles is banned
|rule|Species Clause: Limit one of each Pokémon
|rule|OHKO Clause: OHKO moves are banned
|rule|Evasion Items Clause: Evasion items are banned
|rule|Evasion Moves Clause: Evasion moves are banned
|rule|Evasion Abilities Clause: Evasion abilities are banned
|rule|Sleep Moves Clause: Sleep-inducing moves are banned
|clearpoke
|poke|p1|Torkoal, F|
|poke|p1|Typhlosion-Hisui, F|
|poke|p1|Walking Wake|
|poke|p1|Raging Bolt|
|poke|p1|Great Tusk|
|poke|p1|Hatterene, F|
|poke|p2|Umbreon, F|
|poke|p2|Serperior, M|
|poke|p2|Cresselia, F|
|poke|p2|Revavroom, F|
|poke|p2|Skeledirge, M|
|poke|p2|Manaphy|
|teampreview
|
|t:|1769315006
|teamsize|p1|6
|teamsize|p2|6
|start
|switch|p1a: Torkoal|Torkoal, F|100/100
|switch|p2a: Serperior|Serperior, M, shiny|100/100
|-weather|SunnyDay|[from] ability: Drought|[of] p1a: Torkoal
|turn|1
|inactive|Battle timer is ON: inactive players will automatically lose when time's up. (requested by tasty sardine 408)
|
|t:|1769315023
|move|p2a: Serperior|Glare|p1a: Torkoal
|-status|p1a: Torkoal|par
|move|p1a: Torkoal|Lava Plume|p2a: Serperior
|-supereffective|p2a: Serperior
|-damage|p2a: Serperior|24/100
|
|-weather|SunnyDay|[upkeep]
|-heal|p2a: Serperior|30/100|[from] item: Leftovers
|upkeep
|turn|2
|
|t:|1769315028
|move|p2a: Serperior|Synthesis|p2a: Serperior
|-heal|p2a: Serperior|97/100
|move|p1a: Torkoal|Lava Plume|p2a: Serperior
|-supereffective|p2a: Serperior
|-crit|p2a: Serperior
|-damage|p2a: Serperior|0 fnt
|faint|p2a: Serperior
|
|-weather|SunnyDay|[upkeep]
|upkeep
|
|t:|1769315032
|switch|p2a: Manaphy|Manaphy, shiny|100/100
|turn|3
|
|t:|1769315035
|switch|p1a: Raging Bolt|Raging Bolt|100/100
|-activate|p1a: Raging Bolt|ability: Protosynthesis
|-start|p1a: Raging Bolt|protosynthesisspa
|move|p2a: Manaphy|Take Heart|p2a: Manaphy
|-boost|p2a: Manaphy|spa|1
|-boost|p2a: Manaphy|spd|1
|
|-weather|SunnyDay|[upkeep]
|upkeep
|turn|4
|
|t:|1769315040
|move|p2a: Manaphy|Take Heart|p2a: Manaphy
|-boost|p2a: Manaphy|spa|1
|-boost|p2a: Manaphy|spd|1
|move|p1a: Raging Bolt|Thunderbolt|p2a: Manaphy
|-supereffective|p2a: Manaphy
|-damage|p2a: Manaphy|18/100
|-damage|p1a: Raging Bolt|91/100|[from] item: Life Orb
|
|-weather|SunnyDay|[upkeep]
|-heal|p2a: Manaphy|24/100|[from] item: Leftovers
|upkeep
|turn|5
|
|t:|1769315045
|move|p2a: Manaphy|Stored Power|p1a: Raging Bolt
|-damage|p1a: Raging Bolt|47/100
|move|p1a: Raging Bolt|Thunderbolt|p2a: Manaphy
|-supereffective|p2a: Manaphy
|-damage|p2a: Manaphy|0 fnt
|faint|p2a: Manaphy
|-damage|p1a: Raging Bolt|37/100|[from] item: Life Orb
|
|-weather|SunnyDay|[upkeep]
|upkeep
|
|t:|1769315049
|switch|p2a: Revavroom|Revavroom, F, shiny|100/100
|-item|p2a: Revavroom|Air Balloon
|turn|6
|
|t:|1769315054
|move|p1a: Raging Bolt|Thunderbolt|p2a: Revavroom
|-damage|p2a: Revavroom|1/100
|-enditem|p2a: Revavroom|Air Balloon
|-damage|p1a: Raging Bolt|27/100|[from] item: Life Orb
|move|p2a: Revavroom|Shift Gear|p2a: Revavroom
|-boost|p2a: Revavroom|spe|2
|-boost|p2a: Revavroom|atk|1
|
|-weather|SunnyDay|[upkeep]
|upkeep
|turn|7
|
|t:|1769315064
|-terastallize|p2a: Revavroom|Ground
|move|p2a: Revavroom|Shift Gear|p2a: Revavroom
|-boost|p2a: Revavroom|spe|2
|-boost|p2a: Revavroom|atk|1
|move|p1a: Raging Bolt|Thunderbolt|p2a: Revavroom
|-immune|p2a: Revavroom
|
|-weather|SunnyDay|[upkeep]
|upkeep
|turn|8
|
|t:|1769315068
|move|p2a: Revavroom|Iron Head|p1a: Raging Bolt
|-resisted|p1a: Raging Bolt
|-damage|p1a: Raging Bolt|0 fnt
|faint|p1a: Raging Bolt
|-end|p1a: Raging Bolt|Protosynthesis|[silent]
|
|-weather|none
|upkeep
|
|t:|1769315072
|switch|p1a: Great Tusk|Great Tusk|100/100
|turn|9
|
|t:|1769315075
|move|p2a: Revavroom|High Horsepower|p1a: Great Tusk
|-damage|p1a: Great Tusk|45/100
|move|p1a: Great Tusk|Rapid Spin|p2a: Revavroom
|-crit|p2a: Revavroom
|-damage|p2a: Revavroom|0 fnt
|-boost|p1a: Great Tusk|spe|1
|faint|p2a: Revavroom
|
|upkeep
|
|t:|1769315079
|switch|p2a: Cresselia|Cresselia, F, shiny|100/100
|turn|10
|
|t:|1769315094
|-end|p1a: Great Tusk|Protosynthesis|[silent]
|switch|p1a: Hatterene|Hatterene, F|100/100
|move|p2a: Cresselia|Calm Mind|p2a: Cresselia
|-boost|p2a: Cresselia|spa|1
|-boost|p2a: Cresselia|spd|1
|
|upkeep
|turn|11
|inactive|tasty sardine 408 has 120 seconds left.
|inactive|tasty sardine 408 has 90 seconds left.
|-message|JD2Sleepy forfeited.
|
|win|tasty sardine 408
|raw|JD2Sleepy's rating: 1502 &rarr; <strong>1487</strong><br />(-15 for losing)
|raw|tasty sardine 408's rating: 1586 &rarr; <strong>1601</strong><br />(+15 for winning)
|l|☆JD2Sleepy
|player|p1|
|l|‽tasty sardine 408
|player|p2|
