|j|☆lukoviisk
|j|☆croakie_yt
|t:|1769389689
|gametype|singles
|player|p1|lukoviisk|blackbelt-gen4dp|1131
|player|p2|croakie_yt|102|1131
|gen|9
|tier|[Gen 9] OU
|rated|
|rule|HP Percentage Mod: HP is shown in percentages
|rule|Endless Battle Clause: Forcing endless battles is banned
|rule|Species Clause: Limit one of each Pokémon
|rule|OHKO Clause: OHKO moves are banned
|rule|Evasion Items Clause: Evasion items are banned
|rule|Evasion Moves Clause: Evasion moves are banned
|rule|Evasion Abilities Clause: Evasion abilities are banned
|rule|Sleep Moves Clause: Sleep-inducing moves are banned
|clearpoke
|poke|p1|Gholdengo|
|poke|p1|Ogerpon, F|
|poke|p1|Rillaboom, M|
|poke|p1|Samurott-Hisui, F|
|poke|p1|Glimmora, F|
|poke|p1|Raging Bolt|
|poke|p2|Dunsparce, F|
|poke|p2|Palossand, F|
|poke|p2|Arcanine-Hisui, F|
|poke|p2|Infernape, F|
|poke|p2|Tropius, F|
|poke|p2|Haxorus, M|
|teampreview
|inactive|Battle timer is ON: inactive players will automatically lose when time's up. (requested by lukoviisk)
|
|t:|1769389714
|teamsize|p1|6
|teamsize|p2|6
|start
|switch|p1a: Glimmora|Glimmora, F|100/100
|switch|p2a: Palossand|Palossand, F, shiny|100/100
|turn|1
|
|t:|1769389722
|move|p1a: Glimmora|Mortal Spin|p2a: Palossand
|-resisted|p2a: Palossand
|-damage|p2a: Palossand|99/100
|-status|p2a: Palossand|psn
|move|p2a: Palossand|Stealth Rock|p1a: Glimmora
|-sidestart|p1: lukoviisk|move: Stealth Rock
|
|-heal|p2a: Palossand|100/100 psn|[from] item: Leftovers
|-damage|p2a: Palossand|88/100 psn|[from] psn
|upkeep
|turn|2
|
|t:|1769389730
|move|p1a: Glimmora|Stealth Rock|p2a: Palossand
|-sidestart|p2: croakie_yt|move: Stealth Rock
|move|p2a: Palossand|Earth Power|p1a: Glimmora
|-supereffective|p1a: Glimmora
|-damage|p1a: Glimmora|0 fnt
|faint|p1a: Glimmora
|
|-heal|p2a: Palossand|94/100 psn|[from] item: Leftovers
|-damage|p2a: Palossand|82/100 psn|[from] psn
|upkeep
|
|t:|1769389739
|switch|p1a: Samurott|Samurott-Hisui, F|100/100
|-damage|p1a: Samurott|88/100|[from] Stealth Rock
|turn|3
|
|t:|1769389753
|move|p1a: Samurott|Ceaseless Edge|p2a: Palossand
|-supereffective|p2a: Palossand
|-damage|p2a: Palossand|1/100 psn
|-sidestart|p2: croakie_yt|Spikes
|move|p2a: Palossand|Energy Ball|p1a: Samurott
|-supereffective|p1a: Samurott
|-damage|p1a: Samurott|32/100
|
|-heal|p2a: Palossand|7/100 psn|[from] item: Leftovers
|-damage|p2a: Palossand|0 fnt|[from] psn
|faint|p2a: Palossand
|upkeep
|
|t:|1769389774
|switch|p2a: satan|Dunsparce, F|100/100
|-damage|p2a: satan|88/100|[from] Stealth Rock
|-damage|p2a: satan|76/100|[from] Spikes
|turn|4
|
|t:|1769389783
|move|p1a: Samurott|Knock Off|p2a: satan
|-damage|p2a: satan|44/100
|-enditem|p2a: satan|Eviolite|[from] move: Knock Off|[of] p1a: Samurott
|move|p2a: satan|Body Slam|p1a: Samurott
|-damage|p1a: Samurott|8/100
|-status|p1a: Samurott|par
|
|upkeep
|turn|5
|
|t:|1769389791
|cant|p1a: Samurott|par
|move|p2a: satan|Roost|p2a: satan
|-heal|p2a: satan|94/100
|-singleturn|p2a: satan|move: Roost
|
|upkeep
|turn|6
|
|t:|1769389796
|move|p1a: Samurott|Sucker Punch||[still]
|-fail|p1a: Samurott
|move|p2a: satan|Coil|p2a: satan
|-boost|p2a: satan|atk|1
|-boost|p2a: satan|def|1
|-boost|p2a: satan|accuracy|1
|
|upkeep
|turn|7
|
|t:|1769389802
|move|p2a: satan|Coil|p2a: satan
|-boost|p2a: satan|atk|1
|-boost|p2a: satan|def|1
|-boost|p2a: satan|accuracy|1
|move|p1a: Samurott|Ceaseless Edge|p2a: satan
|-damage|p2a: satan|70/100
|-sidestart|p2: croakie_yt|Spikes
|
|upkeep
|turn|8
|c|☆croakie_yt|you met satan boi
|
|t:|1769389811
|move|p2a: satan|Coil|p2a: satan
|-boost|p2a: satan|atk|1
|-boost|p2a: satan|def|1
|-boost|p2a: satan|accuracy|1
|move|p1a: Samurott|Ceaseless Edge|p2a: satan|[miss]
|-miss|p1a: Samurott|p2a: satan
|
|upkeep
|turn|9
|
|t:|1769389818
|move|p2a: satan|Roost|p2a: satan
|-heal|p2a: satan|100/100
|-singleturn|p2a: satan|move: Roost
|move|p1a: Samurott|Ceaseless Edge|p2a: satan
|-damage|p2a: satan|80/100
|-sidestart|p2: croakie_yt|Spikes
|
|upkeep
|turn|10
|
|t:|1769389826
|move|p2a: satan|Coil|p2a: satan
|-boost|p2a: satan|atk|1
|-boost|p2a: satan|def|1
|-boost|p2a: satan|accuracy|1
|move|p1a: Samurott|Ceaseless Edge|p2a: satan
|-damage|p2a: satan|65/100
|
|upkeep
|turn|11
|
|t:|1769389834
|move|p1a: Samurott|Sucker Punch||[still]
|-fail|p1a: Samurott
|move|p2a: satan|Roost|p2a: satan
|-heal|p2a: satan|100/100
|-singleturn|p2a: satan|move: Roost
|
|upkeep
|turn|12
|
|t:|1769389838
|move|p2a: satan|Body Slam|p1a: Samurott
|-damage|p1a: Samurott|0 fnt
|faint|p1a: Samurott
|
|upkeep
|
|t:|1769389860
|switch|p1a: Raging Bolt|Raging Bolt|100/100
|-damage|p1a: Raging Bolt|88/100|[from] Stealth Rock
|-enditem|p1a: Raging Bolt|Booster Energy
|-activate|p1a: Raging Bolt|ability: Protosynthesis|[fromitem]
|-start|p1a: Raging Bolt|protosynthesisspa
|turn|13
|c|☆croakie_yt|hahaha
|
|t:|1769389867
|move|p1a: Raging Bolt|Thunderbolt|p2a: satan
|-damage|p2a: satan|13/100
|-status|p2a: satan|par
|cant|p2a: satan|par
|
|upkeep
|turn|14
|c|☆croakie_yt|what
|c|☆lukoviisk|HAHAHAHAAHAHAHAHAHA
|
|t:|1769389881
|move|p1a: Raging Bolt|Dragon Pulse|p2a: satan
|-damage|p2a: satan|0 fnt
|faint|p2a: satan
|
|upkeep
|
|t:|1769389891
|switch|p2a: Infernape|Infernape, F|100/100
|-damage|p2a: Infernape|88/100|[from] Stealth Rock
|-damage|p2a: Infernape|63/100|[from] Spikes
|turn|15
|
|t:|1769389898
|move|p1a: Raging Bolt|Thunderclap|p2a: Infernape
|-damage|p2a: Infernape|0 fnt
|faint|p2a: Infernape
|
|upkeep
|
|t:|1769389902
|switch|p2a: big suck|Tropius, F|100/100
|-damage|p2a: big suck|76/100|[from] Stealth Rock
|turn|16
|
|t:|1769389907
|move|p1a: Raging Bolt|Thunderbolt|p2a: big suck
|-damage|p2a: big suck|20/100
|-enditem|p2a: big suck|Aguav Berry|[eat]
|-heal|p2a: big suck|54/100|[from] item: Aguav Berry
|move|p2a: big suck|Leech Seed|p1a: Raging Bolt
|-start|p1a: Raging Bolt|move: Leech Seed
|
|-damage|p1a: Raging Bolt|76/100|[from] Leech Seed|[of] p2a: big suck
|-heal|p2a: big suck|67/100|[silent]
|upkeep
|turn|17
|c|☆croakie_yt|I hate this game
|c|☆lukoviisk|I love this game
|
|t:|1769389933
|-end|p1a: Raging Bolt|Protosynthesis|[silent]
|switch|p1a: Gholdengo|Gholdengo, shiny|100/100
|-damage|p1a: Gholdengo|94/100|[from] Stealth Rock
|move|p2a: big suck|Protect||[still]
|-fail|p2a: big suck
|
|-item|p2a: big suck|Aguav Berry|[from] ability: Harvest
|upkeep
|turn|18
|
|t:|1769389944
|switch|p2a: Haxorus|Haxorus, M, shiny|100/100
|-damage|p2a: Haxorus|88/100|[from] Stealth Rock
|-damage|p2a: Haxorus|63/100|[from] Spikes
|-ability|p2a: Haxorus|Mold Breaker
|move|p1a: Gholdengo|Nasty Plot|p1a: Gholdengo
|-boost|p1a: Gholdengo|spa|2
|
|upkeep
|turn|19
|
|t:|1769389953
|-terastallize|p1a: Gholdengo|Fairy
|move|p2a: Haxorus|Earthquake|p1a: Gholdengo
|-damage|p1a: Gholdengo|68/100
|move|p1a: Gholdengo|Dazzling Gleam|p2a: Haxorus
|-supereffective|p2a: Haxorus
|-damage|p2a: Haxorus|0 fnt
|faint|p2a: Haxorus
|
|upkeep
|
|t:|1769389960
|switch|p2a: Arcanine|Arcanine-Hisui, F|100/100
|-damage|p2a: Arcanine|75/100|[from] Stealth Rock
|-damage|p2a: Arcanine|50/100|[from] Spikes
|turn|20
|
|t:|1769389976
|-terastallize|p2a: Arcanine|Fire
|move|p2a: Arcanine|Flare Blitz|p1a: Gholdengo
|-damage|p1a: Gholdengo|14/100
|move|p1a: Gholdengo|Dazzling Gleam|p2a: Arcanine
|-resisted|p2a: Arcanine
|-damage|p2a: Arcanine|10/100
|
|upkeep
|turn|21
|
|t:|1769389983
|move|p2a: Arcanine|Flare Blitz|p1a: Gholdengo
|-damage|p1a: Gholdengo|0 fnt
|faint|p1a: Gholdengo
|
|upkeep
|
|t:|1769389989
|switch|p1a: Ogerpon|Ogerpon, F|100/100
|-damage|p1a: Ogerpon|88/100|[from] Stealth Rock
|turn|22
|
|t:|1769389999
|move|p2a: Arcanine|Flare Blitz|p1a: Ogerpon
|-supereffective|p1a: Ogerpon
|-damage|p1a: Ogerpon|0 fnt
|faint|p1a: Ogerpon
|
|upkeep
|
|t:|1769390003
|switch|p1a: Raging Bolt|Raging Bolt|76/100
|-damage|p1a: Raging Bolt|63/100|[from] Stealth Rock
|turn|23
|c|☆croakie_yt|10% par
|c|☆croakie_yt|into a parazyle
|
|t:|1769390013
|move|p1a: Raging Bolt|Thunderclap|p2a: Arcanine
|-damage|p2a: Arcanine|0 fnt
|faint|p2a: Arcanine
|
|upkeep
|
|t:|1769390015
|switch|p2a: big suck|Tropius, F|67/100
|-damage|p2a: big suck|42/100|[from] Stealth Rock
|turn|24
|
|t:|1769390021
|move|p1a: Raging Bolt|Thunderbolt|p2a: big suck
|-damage|p2a: big suck|4/100
|-enditem|p2a: big suck|Aguav Berry|[eat]
|-heal|p2a: big suck|37/100|[from] item: Aguav Berry
|move|p2a: big suck|Leech Seed|p1a: Raging Bolt
|-start|p1a: Raging Bolt|move: Leech Seed
|
|-damage|p1a: Raging Bolt|51/100|[from] Leech Seed|[of] p2a: big suck
|-heal|p2a: big suck|51/100|[silent]
|-item|p2a: big suck|Aguav Berry|[from] ability: Harvest
|upkeep
|turn|25
|
|t:|1769390031
|move|p2a: big suck|Protect|p2a: big suck
|-singleturn|p2a: big suck|Protect
|move|p1a: Raging Bolt|Dragon Pulse|p2a: big suck
|-activate|p2a: big suck|move: Protect
|
|-damage|p1a: Raging Bolt|38/100|[from] Leech Seed|[of] p2a: big suck
|-heal|p2a: big suck|64/100|[silent]
|upkeep
|turn|26
|
|t:|1769390041
|move|p1a: Raging Bolt|Thunderbolt|p2a: big suck
|-damage|p2a: big suck|23/100
|-enditem|p2a: big suck|Aguav Berry|[eat]
|-heal|p2a: big suck|56/100|[from] item: Aguav Berry
|move|p2a: big suck|Substitute|p2a: big suck
|-start|p2a: big suck|Substitute
|-damage|p2a: big suck|31/100
|
|-damage|p1a: Raging Bolt|26/100|[from] Leech Seed|[of] p2a: big suck
|-heal|p2a: big suck|45/100|[silent]
|-item|p2a: big suck|Aguav Berry|[from] ability: Harvest
|upkeep
|turn|27
|
|t:|1769390051
|-end|p1a: Raging Bolt|Protosynthesis|[silent]
|switch|p1a: Rillaboom|Rillaboom, M|100/100
|-damage|p1a: Rillaboom|88/100|[from] Stealth Rock
|-fieldstart|move: Grassy Terrain|[from] ability: Grassy Surge|[of] p1a: Rillaboom
|move|p2a: big suck|Protect||[still]
|-fail|p2a: big suck
|
|-heal|p1a: Rillaboom|94/100|[from] Grassy Terrain
|upkeep
|turn|28
|
|t:|1769390063
|move|p1a: Rillaboom|Swords Dance|p1a: Rillaboom
|-boost|p1a: Rillaboom|atk|2
|move|p2a: big suck|Air Slash|p1a: Rillaboom
|-supereffective|p1a: Rillaboom
|-damage|p1a: Rillaboom|47/100
|
|-heal|p1a: Rillaboom|53/100|[from] Grassy Terrain
|upkeep
|turn|29
|
|t:|1769390075
|move|p1a: Rillaboom|Tera Blast|p2a: big suck
|-activate|p2a: big suck|move: Substitute|[damage]
|-damage|p1a: Rillaboom|43/100|[from] item: Life Orb
|move|p2a: big suck|Air Slash|p1a: Rillaboom
|-supereffective|p1a: Rillaboom
|-damage|p1a: Rillaboom|0 fnt
|faint|p1a: Rillaboom
|
|upkeep
|c|☆croakie_yt|hahahaha
|
|t:|1769390082
|switch|p1a: Raging Bolt|Raging Bolt|26/100
|-damage|p1a: Raging Bolt|14/100|[from] Stealth Rock
|turn|30
|c|☆lukoviisk|damn
|c|☆croakie_yt|gg
|
|t:|1769390088
|move|p1a: Raging Bolt|Thunderbolt|p2a: big suck
|-end|p2a: big suck|Substitute
|move|p2a: big suck|Leech Seed|p1a: Raging Bolt
|-start|p1a: Raging Bolt|move: Leech Seed
|
|-heal|p1a: Raging Bolt|20/100|[from] Grassy Terrain
|-damage|p1a: Raging Bolt|7/100|[from] Leech Seed|[of] p2a: big suck
|-heal|p2a: big suck|58/100|[silent]
|upkeep
|turn|31
|c|☆lukoviisk|gg bro
|
|t:|1769390097
|move|p2a: big suck|Protect|p2a: big suck
|-singleturn|p2a: big suck|Protect
|move|p1a: Raging Bolt|Thunderbolt|p2a: big suck
|-activate|p2a: big suck|move: Protect
|
|-heal|p1a: Raging Bolt|14/100|[from] Grassy Terrain
|-damage|p1a: Raging Bolt|1/100|[from] Leech Seed|[of] p2a: big suck
|-heal|p2a: big suck|72/100|[silent]
|-fieldend|move: Grassy Terrain
|upkeep
|turn|32
|c|☆croakie_yt|pretty funny tbh
|
|t:|1769390109
|move|p1a: Raging Bolt|Thunderbolt|p2a: big suck
|-damage|p2a: big suck|33/100
|move|p2a: big suck|Air Slash|p1a: Raging Bolt
|-resisted|p1a: Raging Bolt
|-damage|p1a: Raging Bolt|0 fnt
|faint|p1a: Raging Bolt
|-end|p1a: Raging Bolt|Protosynthesis|[silent]
|
|win|croakie_yt
|raw|lukoviisk's rating: 1131 &rarr; <strong>1106</strong><br />(-25 for losing)
|raw|croakie_yt's rating: 1131 &rarr; <strong>1156</strong><br />(+25 for winning)
|l|☆lukoviisk
|player|p1|
|l|☆croakie_yt
|player|p2|
