|j|☆aldrich_unfaithful
|j|☆idkno4
|t:|1769356583
|gametype|singles
|player|p1|aldrich_unfaithful|veteranf|1507
|player|p2|idkno4|265|1472
|gen|9
|tier|[Gen 9] OU
|rated|
|rule|HP Percentage Mod: HP is shown in percentages
|rule|Endless Battle Clause: Forcing endless battles is banned
|rule|Species Clause: Limit one of each Pokémon
|rule|OHKO Clause: OHKO moves are banned
|rule|Evasion Items Clause: Evasion items are banned
|rule|Evasion Moves Clause: Evasion moves are banned
|rule|Evasion Abilities Clause: Evasion abilities are banned
|rule|Sleep Moves Clause: Sleep-inducing moves are banned
|clearpoke
|poke|p1|Clefable, F|
|poke|p1|Dondozo, M|
|poke|p1|Hawlucha, F|
|poke|p1|Blissey, F|
|poke|p1|Slowking-Galar, M|
|poke|p1|Gliscor, M|
|poke|p2|Gliscor, F|
|poke|p2|Slowking-Galar, F|
|poke|p2|Chesnaught, F|
|poke|p2|Iron Valiant|
|poke|p2|Deoxys-Speed|
|poke|p2|Iron Treads|
|teampreview
|inactive|Battle timer is ON: inactive players will automatically lose when time's up. (requested by aldrich_unfaithful)
|inactive|idkno4 has 120 seconds left.
|inactive|idkno4 has 90 seconds left.
|
|t:|1769356649
|teamsize|p1|6
|teamsize|p2|6
|start
|switch|p1a: Clefable|Clefable, F|100/100
|switch|p2a: Chesnaught|Chesnaught, F|100/100
|turn|1
|
|t:|1769356665
|switch|p2a: Slowking|Slowking-Galar, F|100/100
|move|p1a: Clefable|Knock Off|p2a: Slowking
|-supereffective|p2a: Slowking
|-damage|p2a: Slowking|72/100
|-enditem|p2a: Slowking|Heavy-Duty Boots|[from] move: Knock Off|[of] p1a: Clefable
|
|upkeep
|turn|2
|
|t:|1769356679
|switch|p1a: Gliscor|Gliscor, M|100/100
|move|p2a: Slowking|Future Sight|p1a: Gliscor
|-start|p2a: Slowking|move: Future Sight
|
|-status|p1a: Gliscor|tox|[from] item: Toxic Orb
|upkeep
|turn|3
|inactive|idkno4 has 120 seconds left.
|
|t:|1769356723
|switch|p2a: Chesnaught|Chesnaught, F|100/100
|move|p1a: Gliscor|Knock Off|p2a: Chesnaught
|-resisted|p2a: Chesnaught
|-damage|p2a: Chesnaught|94/100
|-damage|p1a: Gliscor|84/100 tox|[from] item: Rocky Helmet|[of] p2a: Chesnaught
|-enditem|p2a: Chesnaught|Rocky Helmet|[from] move: Knock Off|[of] p1a: Gliscor
|
|-heal|p1a: Gliscor|97/100 tox|[from] ability: Poison Heal
|upkeep
|turn|4
|
|t:|1769356731
|move|p1a: Gliscor|Swords Dance|p1a: Gliscor
|-boost|p1a: Gliscor|atk|2
|move|p2a: Chesnaught|Spikes|p1a: Gliscor
|-sidestart|p1: aldrich_unfaithful|Spikes
|
|-end|p1a: Gliscor|move: Future Sight
|-crit|p1a: Gliscor
|-damage|p1a: Gliscor|27/100 tox
|-heal|p1a: Gliscor|40/100 tox|[from] ability: Poison Heal
|upkeep
|turn|5
|inactive|idkno4 has 120 seconds left.
|
|t:|1769356743
|switch|p2a: Deoxys|Deoxys-Speed|100/100
|-ability|p2a: Deoxys|Pressure
|move|p1a: Gliscor|Protect||[still]
|-fail|p1a: Gliscor
|
|-heal|p1a: Gliscor|52/100 tox|[from] ability: Poison Heal
|upkeep
|turn|6
|inactive|idkno4 has 120 seconds left.
|
|t:|1769356749
|move|p1a: Gliscor|Protect|p1a: Gliscor
|-singleturn|p1a: Gliscor|Protect
|move|p2a: Deoxys|Psycho Boost|p1a: Gliscor
|-activate|p1a: Gliscor|move: Protect
|
|-heal|p1a: Gliscor|65/100 tox|[from] ability: Poison Heal
|upkeep
|turn|7
|
|t:|1769356766
|-terastallize|p1a: Gliscor|Dark
|move|p2a: Deoxys|Psycho Boost|p1a: Gliscor
|-immune|p1a: Gliscor
|move|p1a: Gliscor|Knock Off|p2a: Deoxys
|-supereffective|p2a: Deoxys
|-damage|p2a: Deoxys|0 fnt
|-enditem|p2a: Deoxys|Life Orb|[from] move: Knock Off|[of] p1a: Gliscor
|faint|p2a: Deoxys
|
|-heal|p1a: Gliscor|77/100 tox|[from] ability: Poison Heal
|upkeep
|inactive|idkno4 has 120 seconds left.
|
|t:|1769356800
|switch|p2a: Chesnaught|Chesnaught, F|94/100
|turn|8
|
|t:|1769356809
|switch|p1a: Hawlucha|Hawlucha, F|100/100
|-ability|p1a: Hawlucha|Mold Breaker
|move|p2a: Chesnaught|Spikes|p1a: Hawlucha
|-sidestart|p1: aldrich_unfaithful|Spikes
|
|upkeep
|turn|9
|
|t:|1769356817
|switch|p2a: Slowking|Slowking-Galar, F|100/100
|move|p1a: Hawlucha|Defog|p2a: Slowking
|-unboost|p2a: Slowking|evasion|1
|-sideend|p1: aldrich_unfaithful|Spikes|[from] move: Defog|[of] p1a: Hawlucha
|
|upkeep
|turn|10
|
|t:|1769356828
|switch|p1a: Gliscor|Gliscor, M, tera:Dark|77/100 tox
|move|p2a: Slowking|Future Sight|p1a: Gliscor
|-start|p2a: Slowking|move: Future Sight
|
|-heal|p1a: Gliscor|90/100 tox|[from] ability: Poison Heal
|upkeep
|turn|11
|inactive|idkno4 has 120 seconds left.
|
|t:|1769356837
|switch|p2a: Chesnaught|Chesnaught, F|94/100
|move|p1a: Gliscor|Knock Off|p2a: Chesnaught
|-resisted|p2a: Chesnaught
|-damage|p2a: Chesnaught|87/100
|
|-heal|p1a: Gliscor|100/100 tox|[from] ability: Poison Heal
|upkeep
|turn|12
|inactive|idkno4 has 120 seconds left.
|
|t:|1769356847
|move|p1a: Gliscor|Protect|p1a: Gliscor
|-singleturn|p1a: Gliscor|Protect
|move|p2a: Chesnaught|Body Press|p1a: Gliscor
|-activate|p1a: Gliscor|move: Protect
|
|-end|p1a: Gliscor|move: Future Sight
|-immune|p1a: Gliscor
|upkeep
|turn|13
|
|t:|1769356853
|switch|p1a: Slowking|Slowking-Galar, M|100/100
|move|p2a: Chesnaught|Knock Off|p1a: Slowking
|-supereffective|p1a: Slowking
|-damage|p1a: Slowking|50/100
|-enditem|p1a: Slowking|Assault Vest|[from] move: Knock Off|[of] p2a: Chesnaught
|
|upkeep
|turn|14
|
|t:|1769356863
|switch|p2a: Gliscor|Gliscor, F|100/100
|move|p1a: Slowking|Flamethrower|p2a: Gliscor
|-damage|p2a: Gliscor|74/100
|
|-status|p2a: Gliscor|tox|[from] item: Toxic Orb
|upkeep
|turn|15
|
|t:|1769356878
|switch|p2a: Chesnaught|Chesnaught, F|87/100
|switch|p1a: Gliscor|Gliscor, M, tera:Dark|100/100 tox
|
|upkeep
|turn|16
|
|t:|1769356883
|switch|p1a: Slowking|Slowking-Galar, M|83/100
|move|p2a: Chesnaught|Spikes|p1a: Slowking
|-sidestart|p1: aldrich_unfaithful|Spikes
|
|upkeep
|turn|17
|
|t:|1769356890
|switch|p2a: Slowking|Slowking-Galar, F|100/100
|move|p1a: Slowking|Psychic Noise|p2a: Slowking
|-damage|p2a: Slowking|78/100
|-start|p2a: Slowking|move: Heal Block
|
|upkeep
|turn|18
|
|t:|1769356902
|move|p1a: Slowking|Psychic Noise|p2a: Slowking
|-crit|p2a: Slowking
|-damage|p2a: Slowking|44/100
|move|p2a: Slowking|Future Sight|p1a: Slowking
|-start|p2a: Slowking|move: Future Sight
|
|-end|p2a: Slowking|move: Heal Block
|upkeep
|turn|19
|
|t:|1769356909
|switch|p2a: Iron Treads|Iron Treads|100/100
|move|p1a: Slowking|Psychic Noise|p2a: Iron Treads
|-resisted|p2a: Iron Treads
|-damage|p2a: Iron Treads|80/100
|-start|p2a: Iron Treads|move: Heal Block
|
|upkeep
|turn|20
|
|t:|1769356915
|switch|p1a: Gliscor|Gliscor, M, tera:Dark|100/100 tox
|-damage|p1a: Gliscor|88/100 tox|[from] Spikes
|move|p2a: Iron Treads|Volt Switch|p1a: Gliscor
|-damage|p1a: Gliscor|78/100 tox
|
|t:|1769356928
|-end|p2a: Iron Treads|Quark Drive|[silent]
|switch|p2a: Chesnaught|Chesnaught, F|87/100|[from] Volt Switch
|
|-end|p1a: Gliscor|move: Future Sight
|-immune|p1a: Gliscor
|-heal|p1a: Gliscor|90/100 tox|[from] ability: Poison Heal
|upkeep
|turn|21
|
|t:|1769356936
|switch|p1a: Hawlucha|Hawlucha, F|100/100
|-ability|p1a: Hawlucha|Mold Breaker
|move|p2a: Chesnaught|Spikes|p1a: Hawlucha
|-sidestart|p1: aldrich_unfaithful|Spikes
|
|upkeep
|turn|22
|
|t:|1769356943
|move|p1a: Hawlucha|Defog|p2a: Chesnaught
|-unboost|p2a: Chesnaught|evasion|1
|-sideend|p1: aldrich_unfaithful|Spikes|[from] move: Defog|[of] p1a: Hawlucha
|move|p2a: Chesnaught|Knock Off|p1a: Hawlucha
|-resisted|p1a: Hawlucha
|-damage|p1a: Hawlucha|87/100
|-enditem|p1a: Hawlucha|Leftovers|[from] move: Knock Off|[of] p2a: Chesnaught
|
|upkeep
|turn|23
|
|t:|1769356959
|switch|p1a: Clefable|Clefable, F|100/100
|switch|p2a: Slowking|Slowking-Galar, F|78/100
|
|upkeep
|turn|24
|inactive|idkno4 has 120 seconds left.
|inactive|aldrich_unfaithful has 120 seconds left.
|
|t:|1769357009
|switch|p1a: Blissey|Blissey, F|100/100
|move|p2a: Slowking|Sludge Bomb|p1a: Blissey
|-damage|p1a: Blissey|88/100
|
|-heal|p1a: Blissey|95/100|[from] item: Leftovers
|upkeep
|turn|25
|
|t:|1769357014
|move|p1a: Blissey|Stealth Rock|p2a: Slowking
|-sidestart|p2: idkno4|move: Stealth Rock
|move|p2a: Slowking|Future Sight|p1a: Blissey
|-start|p2a: Slowking|move: Future Sight
|
|-heal|p1a: Blissey|100/100|[from] item: Leftovers
|upkeep
|turn|26
|
|t:|1769357024
|switch|p1a: Gliscor|Gliscor, M, tera:Dark|90/100 tox
|-prepare|p2a: Slowking|Chilly Reception|[premajor]
|move|p2a: Slowking|Chilly Reception|p2a: Slowking
|-weather|Snowscape
|inactive|idkno4 has 120 seconds left.
|
|t:|1769357032
|switch|p2a: Chesnaught|Chesnaught, F|87/100|[from] Chilly Reception
|-damage|p2a: Chesnaught|81/100|[from] Stealth Rock
|
|-weather|Snowscape|[upkeep]
|-heal|p1a: Gliscor|100/100 tox|[from] ability: Poison Heal
|upkeep
|turn|27
|
|t:|1769357042
|move|p1a: Gliscor|Protect|p1a: Gliscor
|-singleturn|p1a: Gliscor|Protect
|move|p2a: Chesnaught|Spikes|p1a: Gliscor
|-sidestart|p1: aldrich_unfaithful|Spikes
|
|-weather|Snowscape|[upkeep]
|-end|p1a: Gliscor|move: Future Sight
|-immune|p1a: Gliscor
|upkeep
|turn|28
|
|t:|1769357055
|switch|p1a: Dondozo|Dondozo, M|100/100
|-damage|p1a: Dondozo|88/100|[from] Spikes
|switch|p2a: Slowking|Slowking-Galar, F|100/100
|-damage|p2a: Slowking|88/100|[from] Stealth Rock
|
|-weather|Snowscape|[upkeep]
|-heal|p1a: Dondozo|94/100|[from] item: Leftovers
|upkeep
|turn|29
|
|t:|1769357061
|move|p1a: Dondozo|Curse|p1a: Dondozo
|-unboost|p1a: Dondozo|spe|1
|-boost|p1a: Dondozo|atk|1
|-boost|p1a: Dondozo|def|1
|move|p2a: Slowking|Sludge Bomb|p1a: Dondozo
|-damage|p1a: Dondozo|63/100
|
|-weather|Snowscape|[upkeep]
|-heal|p1a: Dondozo|69/100|[from] item: Leftovers
|upkeep
|turn|30
|
|t:|1769357070
|move|p1a: Dondozo|Curse|p1a: Dondozo
|-unboost|p1a: Dondozo|spe|1
|-boost|p1a: Dondozo|atk|1
|-boost|p1a: Dondozo|def|1
|move|p2a: Slowking|Future Sight|p1a: Dondozo
|-start|p2a: Slowking|move: Future Sight
|
|-weather|none
|-heal|p1a: Dondozo|75/100|[from] item: Leftovers
|upkeep
|turn|31
|
|t:|1769357079
|move|p2a: Slowking|Sludge Bomb|p1a: Dondozo
|-damage|p1a: Dondozo|41/100
|move|p1a: Dondozo|Curse|p1a: Dondozo
|-unboost|p1a: Dondozo|spe|1
|-boost|p1a: Dondozo|atk|1
|-boost|p1a: Dondozo|def|1
|
|-heal|p1a: Dondozo|47/100|[from] item: Leftovers
|upkeep
|turn|32
|
|t:|1769357087
|-prepare|p2a: Slowking|Chilly Reception|[premajor]
|move|p2a: Slowking|Chilly Reception|p2a: Slowking
|-weather|Snowscape
|
|t:|1769357089
|switch|p2a: Chesnaught|Chesnaught, F|81/100|[from] Chilly Reception
|-damage|p2a: Chesnaught|75/100|[from] Stealth Rock
|move|p1a: Dondozo|Rest|p1a: Dondozo
|-status|p1a: Dondozo|slp|[from] move: Rest
|-heal|p1a: Dondozo|100/100 slp|[silent]
|
|-weather|Snowscape|[upkeep]
|-end|p1a: Dondozo|move: Future Sight
|-damage|p1a: Dondozo|59/100 slp
|-heal|p1a: Dondozo|65/100 slp|[from] item: Leftovers
|upkeep
|turn|33
|
|t:|1769357101
|move|p2a: Chesnaught|Knock Off|p1a: Dondozo
|-damage|p1a: Dondozo|61/100 slp
|-enditem|p1a: Dondozo|Leftovers|[from] move: Knock Off|[of] p2a: Chesnaught
|cant|p1a: Dondozo|slp
|move|p1a: Dondozo|Sleep Talk|p1a: Dondozo
|move|p1a: Dondozo|Rest||[from] move: Sleep Talk|[still]
|-fail|p1a: Dondozo
|
|-weather|Snowscape|[upkeep]
|upkeep
|turn|34
|
|t:|1769357107
|move|p2a: Chesnaught|Spikes|p1a: Dondozo
|-sidestart|p1: aldrich_unfaithful|Spikes
|cant|p1a: Dondozo|slp
|move|p1a: Dondozo|Sleep Talk|p1a: Dondozo
|move|p1a: Dondozo|Curse|p1a: Dondozo|[from] move: Sleep Talk
|-unboost|p1a: Dondozo|spe|1
|-boost|p1a: Dondozo|atk|1
|-boost|p1a: Dondozo|def|1
|
|-weather|Snowscape|[upkeep]
|upkeep
|turn|35
|
|t:|1769357113
|move|p2a: Chesnaught|Synthesis|p2a: Chesnaught
|-heal|p2a: Chesnaught|99/100
|-curestatus|p1a: Dondozo|slp|[msg]
|move|p1a: Dondozo|Curse|p1a: Dondozo
|-unboost|p1a: Dondozo|spe|1
|-boost|p1a: Dondozo|atk|1
|-boost|p1a: Dondozo|def|1
|
|-weather|Snowscape|[upkeep]
|upkeep
|turn|36
|
|t:|1769357121
|switch|p2a: Slowking|Slowking-Galar, F|100/100
|-damage|p2a: Slowking|88/100|[from] Stealth Rock
|move|p1a: Dondozo|Curse|p1a: Dondozo
|-unboost|p1a: Dondozo|spe|1
|-boost|p1a: Dondozo|atk|1
|-boost|p1a: Dondozo|def|1
|
|-weather|none
|upkeep
|turn|37
|
|t:|1769357126
|move|p2a: Slowking|Sludge Bomb|p1a: Dondozo
|-damage|p1a: Dondozo|25/100
|-status|p1a: Dondozo|psn
|move|p1a: Dondozo|Crunch|p2a: Slowking
|-supereffective|p2a: Slowking
|-damage|p2a: Slowking|0 fnt
|faint|p2a: Slowking
|
|-damage|p1a: Dondozo|13/100 psn|[from] psn
|upkeep
|l|☆idkno4
|inactive|idkno4 disconnected and has a minute to reconnect!
|player|p2|
|j|☆idkno4
|inactive|idkno4 reconnected and has 115 seconds left.
|player|p2|idkno4|265|
|
|t:|1769357169
|switch|p2a: Iron Valiant|Iron Valiant, shiny|100/100
|-damage|p2a: Iron Valiant|94/100|[from] Stealth Rock
|-enditem|p2a: Iron Valiant|Booster Energy
|-activate|p2a: Iron Valiant|ability: Quark Drive|[fromitem]
|-start|p2a: Iron Valiant|quarkdrivespe
|turn|38
|inactive|idkno4 has 120 seconds left.
|
|t:|1769357190
|move|p2a: Iron Valiant|Moonblast|p1a: Dondozo
|-damage|p1a: Dondozo|0 fnt
|faint|p1a: Dondozo
|
|upkeep
|
|t:|1769357193
|switch|p1a: Slowking|Slowking-Galar, M|100/100
|-damage|p1a: Slowking|84/100|[from] Spikes
|turn|39
|
|t:|1769357199
|-end|p2a: Iron Valiant|Quark Drive|[silent]
|switch|p2a: Iron Treads|Iron Treads|80/100
|move|p1a: Slowking|Sludge Bomb|p2a: Iron Treads
|-immune|p2a: Iron Treads
|
|upkeep
|turn|40
|
|t:|1769357206
|switch|p1a: Hawlucha|Hawlucha, F|87/100
|-ability|p1a: Hawlucha|Mold Breaker
|move|p2a: Iron Treads|Rapid Spin|p1a: Hawlucha
|-damage|p1a: Hawlucha|72/100
|-boost|p2a: Iron Treads|spe|1
|-sideend|p2: idkno4|Stealth Rock|[from] move: Rapid Spin|[of] p2a: Iron Treads
|
|upkeep
|turn|41
|
|t:|1769357210
|move|p2a: Iron Treads|Ice Spinner|p1a: Hawlucha
|-supereffective|p1a: Hawlucha
|-damage|p1a: Hawlucha|26/100
|move|p1a: Hawlucha|Defog|p2a: Iron Treads
|-unboost|p2a: Iron Treads|evasion|1
|-sideend|p1: aldrich_unfaithful|Spikes|[from] move: Defog|[of] p1a: Hawlucha
|
|upkeep
|turn|42
|
|t:|1769357216
|switch|p1a: Gliscor|Gliscor, M, tera:Dark|100/100 tox
|move|p2a: Iron Treads|Volt Switch|p1a: Gliscor
|-crit|p1a: Gliscor
|-damage|p1a: Gliscor|85/100 tox
|
|t:|1769357227
|-end|p2a: Iron Treads|Quark Drive|[silent]
|switch|p2a: Gliscor|Gliscor, F|74/100 tox|[from] Volt Switch
|
|-heal|p1a: Gliscor|97/100 tox|[from] ability: Poison Heal
|-heal|p2a: Gliscor|86/100 tox|[from] ability: Poison Heal
|upkeep
|turn|43
|
|t:|1769357231
|switch|p1a: Hawlucha|Hawlucha, F|26/100
|-ability|p1a: Hawlucha|Mold Breaker
|move|p2a: Gliscor|Swords Dance|p2a: Gliscor
|-boost|p2a: Gliscor|atk|2
|
|-heal|p2a: Gliscor|99/100 tox|[from] ability: Poison Heal
|upkeep
|turn|44
|
|t:|1769357241
|switch|p2a: Iron Valiant|Iron Valiant, shiny|94/100
|move|p1a: Hawlucha|Encore||[still]
|-fail|p1a: Hawlucha
|
|upkeep
|turn|45
|
|t:|1769357248
|-end|p2a: Iron Valiant|Quark Drive|[silent]
|switch|p2a: Gliscor|Gliscor, F|99/100 tox
|switch|p1a: Slowking|Slowking-Galar, M|100/100
|
|-heal|p2a: Gliscor|100/100 tox|[from] ability: Poison Heal
|upkeep
|turn|46
|
|t:|1769357253
|switch|p2a: Iron Treads|Iron Treads|80/100
|move|p1a: Slowking|Ice Beam|p2a: Iron Treads
|-damage|p2a: Iron Treads|49/100
|
|upkeep
|turn|47
|
|t:|1769357262
|move|p2a: Iron Treads|Earthquake|p1a: Slowking
|-supereffective|p1a: Slowking
|-damage|p1a: Slowking|24/100
|move|p1a: Slowking|Flamethrower|p2a: Iron Treads
|-supereffective|p2a: Iron Treads
|-damage|p2a: Iron Treads|0 fnt
|faint|p2a: Iron Treads
|-end|p2a: Iron Treads|Quark Drive|[silent]
|
|upkeep
|
|t:|1769357266
|switch|p2a: Gliscor|Gliscor, F|100/100 tox
|turn|48
|
|t:|1769357270
|switch|p1a: Clefable|Clefable, F|100/100
|move|p2a: Gliscor|Facade|p1a: Clefable
|-damage|p1a: Clefable|64/100
|
|-heal|p1a: Clefable|71/100|[from] item: Leftovers
|upkeep
|turn|49
|
|t:|1769357282
|move|p2a: Gliscor|Knock Off|p1a: Clefable
|-resisted|p1a: Clefable
|-damage|p1a: Clefable|59/100
|-enditem|p1a: Clefable|Leftovers|[from] move: Knock Off|[of] p2a: Gliscor
|move|p1a: Clefable|Moonblast|p2a: Gliscor
|-damage|p2a: Gliscor|72/100 tox
|
|-heal|p2a: Gliscor|84/100 tox|[from] ability: Poison Heal
|upkeep
|turn|50
|
|t:|1769357292
|move|p2a: Gliscor|Swords Dance|p2a: Gliscor
|-boost|p2a: Gliscor|atk|2
|move|p1a: Clefable|Moonlight|p1a: Clefable
|-heal|p1a: Clefable|100/100
|
|-heal|p2a: Gliscor|97/100 tox|[from] ability: Poison Heal
|upkeep
|turn|51
|
|t:|1769357303
|move|p2a: Gliscor|Facade|p1a: Clefable
|-damage|p1a: Clefable|69/100
|move|p1a: Clefable|Moonblast|p2a: Gliscor
|-damage|p2a: Gliscor|68/100 tox
|-unboost|p2a: Gliscor|spa|1
|
|-heal|p2a: Gliscor|80/100 tox|[from] ability: Poison Heal
|upkeep
|turn|52
|
|t:|1769357309
|move|p2a: Gliscor|Facade|p1a: Clefable
|-damage|p1a: Clefable|33/100
|move|p1a: Clefable|Encore|p2a: Gliscor
|-start|p2a: Gliscor|Encore
|
|-heal|p2a: Gliscor|93/100 tox|[from] ability: Poison Heal
|upkeep
|turn|53
|
|t:|1769357324
|move|p2a: Gliscor|Facade|p1a: Clefable
|-damage|p1a: Clefable|2/100
|move|p1a: Clefable|Moonlight|p1a: Clefable
|-heal|p1a: Clefable|52/100
|
|-heal|p2a: Gliscor|100/100 tox|[from] ability: Poison Heal
|upkeep
|turn|54
|
|t:|1769357336
|move|p2a: Gliscor|Facade|p1a: Clefable
|-damage|p1a: Clefable|17/100
|move|p1a: Clefable|Moonlight|p1a: Clefable
|-heal|p1a: Clefable|67/100
|
|upkeep
|turn|55
|
|t:|1769357343
|move|p2a: Gliscor|Facade|p1a: Clefable
|-damage|p1a: Clefable|33/100
|move|p1a: Clefable|Moonlight|p1a: Clefable
|-heal|p1a: Clefable|83/100
|
|-end|p2a: Gliscor|Encore
|upkeep
|turn|56
|
|t:|1769357357
|switch|p1a: Blissey|Blissey, F|100/100
|move|p2a: Gliscor|Facade|p1a: Blissey
|-damage|p1a: Blissey|40/100
|
|-heal|p1a: Blissey|46/100|[from] item: Leftovers
|upkeep
|turn|57
|
|t:|1769357365
|move|p2a: Gliscor|Facade|p1a: Blissey
|-damage|p1a: Blissey|0 fnt
|faint|p1a: Blissey
|
|upkeep
|
|t:|1769357373
|switch|p1a: Gliscor|Gliscor, M, tera:Dark|97/100 tox
|turn|58
|
|t:|1769357380
|move|p1a: Gliscor|Swords Dance|p1a: Gliscor
|-boost|p1a: Gliscor|atk|2
|move|p2a: Gliscor|Swords Dance|p2a: Gliscor
|-boost|p2a: Gliscor|atk|2
|
|-heal|p1a: Gliscor|100/100 tox|[from] ability: Poison Heal
|upkeep
|turn|59
|
|t:|1769357389
|-terastallize|p2a: Gliscor|Normal
|move|p1a: Gliscor|Knock Off|p2a: Gliscor
|-damage|p2a: Gliscor|51/100 tox
|-enditem|p2a: Gliscor|Toxic Orb|[from] move: Knock Off|[of] p1a: Gliscor
|move|p2a: Gliscor|Facade|p1a: Gliscor
|-damage|p1a: Gliscor|4/100 tox
|
|-heal|p2a: Gliscor|63/100 tox|[from] ability: Poison Heal
|-heal|p1a: Gliscor|17/100 tox|[from] ability: Poison Heal
|upkeep
|turn|60
|
|t:|1769357400
|move|p2a: Gliscor|Protect|p2a: Gliscor
|-singleturn|p2a: Gliscor|Protect
|move|p1a: Gliscor|Swords Dance|p1a: Gliscor
|-boost|p1a: Gliscor|atk|2
|
|-heal|p1a: Gliscor|29/100 tox|[from] ability: Poison Heal
|-heal|p2a: Gliscor|76/100 tox|[from] ability: Poison Heal
|upkeep
|turn|61
|
|t:|1769357405
|move|p2a: Gliscor|Facade|p1a: Gliscor
|-damage|p1a: Gliscor|0 fnt
|faint|p1a: Gliscor
|
|-heal|p2a: Gliscor|88/100 tox|[from] ability: Poison Heal
|upkeep
|
|t:|1769357408
|switch|p1a: Hawlucha|Hawlucha, F|26/100
|-ability|p1a: Hawlucha|Mold Breaker
|turn|62
|
|t:|1769357411
|move|p1a: Hawlucha|Close Combat|p2a: Gliscor
|-supereffective|p2a: Gliscor
|-damage|p2a: Gliscor|31/100 tox
|-unboost|p1a: Hawlucha|def|1
|-unboost|p1a: Hawlucha|spd|1
|move|p2a: Gliscor|Facade|p1a: Hawlucha
|-damage|p1a: Hawlucha|0 fnt
|faint|p1a: Hawlucha
|
|-heal|p2a: Gliscor|44/100 tox|[from] ability: Poison Heal
|upkeep
|
|t:|1769357415
|switch|p1a: Clefable|Clefable, F|83/100
|turn|63
|
|t:|1769357424
|move|p2a: Gliscor|Protect|p2a: Gliscor
|-singleturn|p2a: Gliscor|Protect
|move|p1a: Clefable|Moonblast|p2a: Gliscor
|-activate|p2a: Gliscor|move: Protect
|
|-heal|p2a: Gliscor|56/100 tox|[from] ability: Poison Heal
|upkeep
|turn|64
|
|t:|1769357430
|move|p2a: Gliscor|Facade|p1a: Clefable
|-damage|p1a: Clefable|30/100
|move|p1a: Clefable|Moonblast|p2a: Gliscor
|-damage|p2a: Gliscor|29/100 tox
|
|-heal|p2a: Gliscor|42/100 tox|[from] ability: Poison Heal
|upkeep
|turn|65
|
|t:|1769357435
|move|p2a: Gliscor|Facade|p1a: Clefable
|-damage|p1a: Clefable|0 fnt
|faint|p1a: Clefable
|
|-heal|p2a: Gliscor|54/100 tox|[from] ability: Poison Heal
|upkeep
|-message|aldrich_unfaithful forfeited.
|
|win|idkno4
|raw|aldrich_unfaithful's rating: 1507 &rarr; <strong>1484</strong><br />(-23 for losing)
|raw|idkno4's rating: 1451 &rarr; <strong>1474</strong><br />(+23 for winning)
|l|☆aldrich_unfaithful
|player|p1|
|c|☆idkno4|Gg
|l|☆idkno4
|player|p2|
