|j|☆Magenta Maylene
|j|☆Coolradguy
|t:|1769322628
|gametype|singles
|player|p1|Magenta Maylene|maylene|1425
|player|p2|Coolradguy|ghetsis|1451
|gen|9
|tier|[Gen 9] OU
|rated|
|rule|HP Percentage Mod: HP is shown in percentages
|rule|Endless Battle Clause: Forcing endless battles is banned
|rule|Species Clause: Limit one of each Pokémon
|rule|OHKO Clause: OHKO moves are banned
|rule|Evasion Items Clause: Evasion items are banned
|rule|Evasion Moves Clause: Evasion moves are banned
|rule|Evasion Abilities Clause: Evasion abilities are banned
|rule|Sleep Moves Clause: Sleep-inducing moves are banned
|clearpoke
|poke|p1|Clodsire, M|
|poke|p1|Maushold-Four|
|poke|p1|Abomasnow, M|
|poke|p1|Gholdengo|
|poke|p1|Moltres|
|poke|p1|Scizor, F|
|poke|p2|Samurott-Hisui, M|
|poke|p2|Iron Treads|
|poke|p2|Ditto|
|poke|p2|Zapdos|
|poke|p2|Iron Valiant|
|poke|p2|Glastrier|
|teampreview
|inactive|Battle timer is ON: inactive players will automatically lose when time's up. (requested by Magenta Maylene)
|
|t:|1769322637
|teamsize|p1|6
|teamsize|p2|6
|start
|switch|p1a: Mister 1000|Gholdengo|100/100
|switch|p2a: Ditto|Ditto, shiny|100/100
|-transform|p2a: Ditto|p1a: Mister 1000|[from] ability: Imposter
|turn|1
|
|t:|1769322645
|switch|p1a: The Boy|Clodsire, M|100/100
|move|p2a: Ditto|Shadow Ball|p1a: The Boy
|-damage|p1a: The Boy|75/100
|
|-heal|p1a: The Boy|81/100|[from] item: Leftovers
|upkeep
|turn|2
|
|t:|1769322655
|switch|p2a: Samurott|Samurott-Hisui, M|100/100
|move|p1a: The Boy|Stealth Rock|p2a: Samurott
|-sidestart|p2: Coolradguy|move: Stealth Rock
|
|-heal|p1a: The Boy|87/100|[from] item: Leftovers
|upkeep
|turn|3
|
|t:|1769322663
|switch|p1a: Big Sushi Enjoyer|Abomasnow, M|100/100
|-weather|Snowscape|[from] ability: Snow Warning|[of] p1a: Big Sushi Enjoyer
|move|p2a: Samurott|Whirlpool|p1a: Big Sushi Enjoyer
|-resisted|p1a: Big Sushi Enjoyer
|-damage|p1a: Big Sushi Enjoyer|95/100
|-activate|p1a: Big Sushi Enjoyer|move: Whirlpool|[of] p2a: Samurott
|
|-weather|Snowscape|[upkeep]
|-damage|p1a: Big Sushi Enjoyer|83/100|[from] move: Whirlpool|[partiallytrapped]
|upkeep
|turn|4
|
|t:|1769322670
|switch|p2a: Glastrier|Glastrier|100/100
|-damage|p2a: Glastrier|75/100|[from] Stealth Rock
|move|p1a: Big Sushi Enjoyer|Leaf Storm|p2a: Glastrier
|-damage|p2a: Glastrier|28/100
|-unboost|p1a: Big Sushi Enjoyer|spa|2
|
|-weather|Snowscape|[upkeep]
|-heal|p2a: Glastrier|34/100|[from] item: Leftovers
|-end|p1a: Big Sushi Enjoyer|Whirlpool|[partiallytrapped]|[silent]
|upkeep
|turn|5
|
|t:|1769322678
|move|p1a: Big Sushi Enjoyer|Aurora Veil|p1a: Big Sushi Enjoyer
|-sidestart|p1: Magenta Maylene|move: Aurora Veil
|move|p2a: Glastrier|Heavy Slam|p1a: Big Sushi Enjoyer
|-supereffective|p1a: Big Sushi Enjoyer
|-damage|p1a: Big Sushi Enjoyer|47/100
|
|-weather|Snowscape|[upkeep]
|-heal|p2a: Glastrier|40/100|[from] item: Leftovers
|upkeep
|turn|6
|
|t:|1769322692
|switch|p1a: Lava Chicken|Moltres|100/100
|switch|p2a: Ditto|Ditto, shiny|100/100
|-damage|p2a: Ditto|88/100|[from] Stealth Rock
|-transform|p2a: Ditto|p1a: Lava Chicken|[from] ability: Imposter
|
|-weather|Snowscape|[upkeep]
|upkeep
|turn|7
|
|t:|1769322700
|move|p2a: Ditto|U-turn|p1a: Lava Chicken
|-resisted|p1a: Lava Chicken
|-damage|p1a: Lava Chicken|99/100
|
|t:|1769322720
|switch|p2a: Zapdos|Zapdos, shiny|100/100|[from] U-turn
|move|p1a: Lava Chicken|U-turn|p2a: Zapdos
|-resisted|p2a: Zapdos
|-damage|p2a: Zapdos|93/100
|
|t:|1769322743
|switch|p1a: Mister 1000|Gholdengo|100/100|[from] U-turn
|
|-weather|none
|upkeep
|turn|8
|
|t:|1769322757
|move|p1a: Mister 1000|Trick|p2a: Zapdos
|-activate|p1a: Mister 1000|move: Trick|[of] p2a: Zapdos
|-item|p2a: Zapdos|Choice Scarf|[from] move: Trick
|-item|p1a: Mister 1000|Heavy-Duty Boots|[from] move: Trick
|move|p2a: Zapdos|Discharge|p1a: Mister 1000
|-damage|p1a: Mister 1000|73/100
|
|upkeep
|turn|9
|
|t:|1769322770
|switch|p2a: Iron Treads|Iron Treads|100/100
|-damage|p2a: Iron Treads|97/100|[from] Stealth Rock
|switch|p1a: The Boy|Clodsire, M|87/100
|
|-heal|p2a: Iron Treads|100/100|[from] item: Leftovers
|-heal|p1a: The Boy|93/100|[from] item: Leftovers
|-sideend|p1: Magenta Maylene|move: Aurora Veil
|upkeep
|turn|10
|
|t:|1769322781
|switch|p1a: Lava Chicken|Moltres|99/100
|move|p2a: Iron Treads|Stealth Rock|p1a: Lava Chicken
|-sidestart|p1: Magenta Maylene|move: Stealth Rock
|
|upkeep
|turn|11
|
|t:|1769322794
|-end|p2a: Iron Treads|Quark Drive|[silent]
|switch|p2a: Zapdos|Zapdos, shiny|93/100
|-damage|p2a: Zapdos|68/100|[from] Stealth Rock
|move|p1a: Lava Chicken|Flamethrower|p2a: Zapdos
|-damage|p2a: Zapdos|33/100
|-status|p2a: Zapdos|brn
|
|-damage|p2a: Zapdos|27/100 brn|[from] brn
|upkeep
|turn|12
|
|t:|1769322798
|switch|p1a: The Boy|Clodsire, M|93/100
|-damage|p1a: The Boy|87/100|[from] Stealth Rock
|move|p2a: Zapdos|Roost|p2a: Zapdos
|-heal|p2a: Zapdos|77/100 brn
|-singleturn|p2a: Zapdos|move: Roost
|
|-heal|p1a: The Boy|93/100|[from] item: Leftovers
|-damage|p2a: Zapdos|71/100 brn|[from] brn
|upkeep
|turn|13
|
|t:|1769322808
|switch|p2a: Samurott|Samurott-Hisui, M|100/100
|-damage|p2a: Samurott|88/100|[from] Stealth Rock
|switch|p1a: Red Comet|Scizor, F|100/100
|-damage|p1a: Red Comet|88/100|[from] Stealth Rock
|
|upkeep
|turn|14
|
|t:|1769322823
|move|p2a: Samurott|Aqua Cutter|p1a: Red Comet
|-damage|p1a: Red Comet|32/100
|move|p1a: Red Comet|U-turn|p2a: Samurott
|-supereffective|p2a: Samurott
|-damage|p2a: Samurott|0 fnt
|faint|p2a: Samurott
|
|t:|1769322851
|switch|p1a: The Boy|Clodsire, M|93/100|[from] U-turn
|-damage|p1a: The Boy|87/100|[from] Stealth Rock
|
|-heal|p1a: The Boy|93/100|[from] item: Leftovers
|upkeep
|
|t:|1769322855
|switch|p2a: Glastrier|Glastrier|40/100
|-damage|p2a: Glastrier|15/100|[from] Stealth Rock
|turn|15
|
|t:|1769322866
|switch|p1a: Mister 1000|Gholdengo|73/100
|move|p2a: Glastrier|Avalanche|p1a: Mister 1000
|-resisted|p1a: Mister 1000
|-damage|p1a: Mister 1000|50/100
|
|-heal|p2a: Glastrier|22/100|[from] item: Leftovers
|upkeep
|turn|16
|
|t:|1769322881
|move|p1a: Mister 1000|Shadow Ball|p2a: Glastrier
|-damage|p2a: Glastrier|0 fnt
|faint|p2a: Glastrier
|
|upkeep
|
|t:|1769322903
|switch|p2a: Ditto|Ditto, shiny|88/100
|-damage|p2a: Ditto|76/100|[from] Stealth Rock
|-transform|p2a: Ditto|p1a: Mister 1000|[from] ability: Imposter
|turn|17
|
|t:|1769322911
|switch|p1a: The Boy|Clodsire, M|93/100
|-damage|p1a: The Boy|87/100|[from] Stealth Rock
|move|p2a: Ditto|Make It Rain|p1a: The Boy
|-damage|p1a: The Boy|51/100
|-unboost|p2a: Ditto|spa|1
|
|-heal|p1a: The Boy|57/100|[from] item: Leftovers
|upkeep
|turn|18
|
|t:|1769322923
|move|p2a: Ditto|Make It Rain|p1a: The Boy
|-damage|p1a: The Boy|18/100
|-unboost|p2a: Ditto|spa|1
|move|p1a: The Boy|Recover|p1a: The Boy
|-heal|p1a: The Boy|68/100
|
|-heal|p1a: The Boy|74/100|[from] item: Leftovers
|upkeep
|turn|19
|
|t:|1769322930
|switch|p2a: Iron Treads|Iron Treads|100/100
|-damage|p2a: Iron Treads|97/100|[from] Stealth Rock
|move|p1a: The Boy|Earthquake|p2a: Iron Treads
|-supereffective|p2a: Iron Treads
|-damage|p2a: Iron Treads|45/100
|
|-heal|p2a: Iron Treads|51/100|[from] item: Leftovers
|-heal|p1a: The Boy|80/100|[from] item: Leftovers
|upkeep
|turn|20
|
|t:|1769322935
|switch|p1a: Lava Chicken|Moltres|99/100
|move|p2a: Iron Treads|Rapid Spin|p1a: Lava Chicken
|-damage|p1a: Lava Chicken|88/100
|-boost|p2a: Iron Treads|spe|1
|-sideend|p2: Coolradguy|Stealth Rock|[from] move: Rapid Spin|[of] p2a: Iron Treads
|
|-heal|p2a: Iron Treads|58/100|[from] item: Leftovers
|upkeep
|turn|21
|
|t:|1769322944
|-end|p2a: Iron Treads|Quark Drive|[silent]
|switch|p2a: Ditto|Ditto, shiny|76/100
|-transform|p2a: Ditto|p1a: Lava Chicken|[from] ability: Imposter
|move|p1a: Lava Chicken|Flamethrower|p2a: Ditto
|-resisted|p2a: Ditto
|-damage|p2a: Ditto|51/100
|
|upkeep
|turn|22
|
|t:|1769322948
|move|p2a: Ditto|Roost|p2a: Ditto
|-heal|p2a: Ditto|100/100
|-singleturn|p2a: Ditto|move: Roost
|move|p1a: Lava Chicken|U-turn|p2a: Ditto
|-resisted|p2a: Ditto
|-damage|p2a: Ditto|94/100
|
|t:|1769322963
|switch|p1a: Mister 1000|Gholdengo|50/100|[from] U-turn
|
|upkeep
|turn|23
|
|t:|1769322970
|switch|p2a: Zapdos|Zapdos, shiny|71/100 brn
|move|p1a: Mister 1000|Shadow Ball|p2a: Zapdos
|-damage|p2a: Zapdos|28/100 brn
|
|-damage|p2a: Zapdos|22/100 brn|[from] brn
|upkeep
|turn|24
|
|t:|1769322982
|move|p2a: Zapdos|Heat Wave|p1a: Mister 1000
|-supereffective|p1a: Mister 1000
|-damage|p1a: Mister 1000|0 fnt
|faint|p1a: Mister 1000
|
|-damage|p2a: Zapdos|16/100 brn|[from] brn
|upkeep
|
|t:|1769322991
|switch|p1a: The Boy|Clodsire, M|80/100
|-damage|p1a: The Boy|74/100|[from] Stealth Rock
|turn|25
|
|t:|1769322999
|move|p2a: Zapdos|Heat Wave|p1a: The Boy
|-damage|p1a: The Boy|55/100
|move|p1a: The Boy|Stealth Rock|p2a: Zapdos
|-sidestart|p2: Coolradguy|move: Stealth Rock
|
|-heal|p1a: The Boy|61/100|[from] item: Leftovers
|-damage|p2a: Zapdos|10/100 brn|[from] brn
|upkeep
|turn|26
|
|t:|1769323009
|switch|p2a: Iron Treads|Iron Treads|58/100
|-damage|p2a: Iron Treads|54/100|[from] Stealth Rock
|move|p1a: The Boy|Recover|p1a: The Boy
|-heal|p1a: The Boy|100/100
|
|-heal|p2a: Iron Treads|61/100|[from] item: Leftovers
|upkeep
|turn|27
|
|t:|1769323014
|switch|p1a: Lava Chicken|Moltres|88/100
|move|p2a: Iron Treads|Rapid Spin|p1a: Lava Chicken
|-damage|p1a: Lava Chicken|77/100
|-boost|p2a: Iron Treads|spe|1
|-sideend|p2: Coolradguy|Stealth Rock|[from] move: Rapid Spin|[of] p2a: Iron Treads
|
|-heal|p2a: Iron Treads|67/100|[from] item: Leftovers
|upkeep
|turn|28
|
|t:|1769323023
|-end|p2a: Iron Treads|Quark Drive|[silent]
|switch|p2a: Ditto|Ditto, shiny|94/100
|-transform|p2a: Ditto|p1a: Lava Chicken|[from] ability: Imposter
|move|p1a: Lava Chicken|Flamethrower|p2a: Ditto
|-resisted|p2a: Ditto
|-damage|p2a: Ditto|71/100
|
|upkeep
|turn|29
|
|t:|1769323029
|move|p2a: Ditto|U-turn|p1a: Lava Chicken
|-resisted|p1a: Lava Chicken
|-crit|p1a: Lava Chicken
|-damage|p1a: Lava Chicken|74/100
|
|t:|1769323035
|switch|p2a: Zapdos|Zapdos, shiny|10/100 brn|[from] U-turn
|move|p1a: Lava Chicken|Flamethrower|p2a: Zapdos
|-damage|p2a: Zapdos|0 fnt
|faint|p2a: Zapdos
|
|upkeep
|
|t:|1769323050
|switch|p2a: Iron Valiant|Iron Valiant|100/100
|-enditem|p2a: Iron Valiant|Booster Energy
|-activate|p2a: Iron Valiant|ability: Quark Drive|[fromitem]
|-start|p2a: Iron Valiant|quarkdrivespe
|turn|30
|
|t:|1769323065
|switch|p1a: Big Sushi Enjoyer|Abomasnow, M|47/100
|-weather|Snowscape|[from] ability: Snow Warning|[of] p1a: Big Sushi Enjoyer
|move|p2a: Iron Valiant|Close Combat|p1a: Big Sushi Enjoyer
|-supereffective|p1a: Big Sushi Enjoyer
|-damage|p1a: Big Sushi Enjoyer|0 fnt
|-unboost|p2a: Iron Valiant|def|1
|-unboost|p2a: Iron Valiant|spd|1
|faint|p1a: Big Sushi Enjoyer
|
|-weather|Snowscape|[upkeep]
|upkeep
|
|t:|1769323072
|switch|p1a: Red Comet|Scizor, F|32/100
|-damage|p1a: Red Comet|20/100|[from] Stealth Rock
|turn|31
|
|t:|1769323080
|move|p2a: Iron Valiant|Vacuum Wave|p1a: Red Comet
|-damage|p1a: Red Comet|0 fnt
|faint|p1a: Red Comet
|
|-weather|Snowscape|[upkeep]
|upkeep
|
|t:|1769323086
|switch|p1a: Lava Chicken|Moltres|74/100
|turn|32
|
|t:|1769323094
|move|p2a: Iron Valiant|Destiny Bond|p2a: Iron Valiant
|-singlemove|p2a: Iron Valiant|Destiny Bond
|move|p1a: Lava Chicken|Flamethrower|p2a: Iron Valiant
|-damage|p2a: Iron Valiant|0 fnt
|faint|p2a: Iron Valiant
|-activate|p2a: Iron Valiant|move: Destiny Bond
|-end|p2a: Iron Valiant|Quark Drive|[silent]
|faint|p1a: Lava Chicken
|
|-weather|Snowscape|[upkeep]
|upkeep
|inactive|Magenta Maylene has 120 seconds left.
|
|t:|1769323133
|switch|p2a: Iron Treads|Iron Treads|67/100
|switch|p1a: The Boy|Clodsire, M|100/100
|-damage|p1a: The Boy|94/100|[from] Stealth Rock
|turn|33
|
|t:|1769323142
|-terastallize|p1a: The Boy|Dark
|move|p2a: Iron Treads|High Horsepower|p1a: The Boy
|-damage|p1a: The Boy|45/100
|move|p1a: The Boy|Earthquake|p2a: Iron Treads
|-supereffective|p2a: Iron Treads
|-damage|p2a: Iron Treads|18/100
|
|-weather|Snowscape|[upkeep]
|-heal|p2a: Iron Treads|24/100|[from] item: Leftovers
|-heal|p1a: The Boy|51/100|[from] item: Leftovers
|upkeep
|turn|34
|
|t:|1769323162
|move|p2a: Iron Treads|Iron Head|p1a: The Boy
|-damage|p1a: The Boy|6/100
|move|p1a: The Boy|Earthquake|p2a: Iron Treads
|-supereffective|p2a: Iron Treads
|-damage|p2a: Iron Treads|0 fnt
|faint|p2a: Iron Treads
|-end|p2a: Iron Treads|Quark Drive|[silent]
|
|-weather|none
|-heal|p1a: The Boy|12/100|[from] item: Leftovers
|upkeep
|
|t:|1769323166
|switch|p2a: Ditto|Ditto, shiny|71/100
|-transform|p2a: Ditto|p1a: The Boy|[from] ability: Imposter
|-start|p2a: Ditto|typechange|Poison/Ground|[silent]
|turn|35
|
|t:|1769323180
|move|p2a: Ditto|Earthquake|p1a: The Boy
|-damage|p1a: The Boy|0 fnt
|faint|p1a: The Boy
|
|upkeep
|
|t:|1769323182
|switch|p1a: Maus x Family|Maushold-Four|100/100
|-damage|p1a: Maus x Family|88/100|[from] Stealth Rock
|turn|36
|
|t:|1769323188
|move|p1a: Maus x Family|Population Bomb|p2a: Ditto
|-damage|p2a: Ditto|53/100
|-damage|p2a: Ditto|35/100
|-damage|p2a: Ditto|15/100
|-damage|p2a: Ditto|0 fnt
|faint|p2a: Ditto
|-hitcount|p2: Ditto|4
|
|win|Magenta Maylene
|raw|Magenta Maylene's rating: 1425 &rarr; <strong>1446</strong><br />(+21 for winning)
|raw|Coolradguy's rating: 1451 &rarr; <strong>1430</strong><br />(-21 for losing)
|c|☆Magenta Maylene|gg
|l|☆Coolradguy
|player|p2|
|l|☆Magenta Maylene
|player|p1|
