|j|☆apexacer
|j|☆Yaoshi
|t:|1769442728
|gametype|singles
|player|p1|apexacer|2|1609
|player|p2|Yaoshi|silver-masters|1605
|gen|9
|tier|[Gen 9] OU
|rated|
|rule|HP Percentage Mod: HP is shown in percentages
|rule|Endless Battle Clause: Forcing endless battles is banned
|rule|Species Clause: Limit one of each Pokémon
|rule|OHKO Clause: OHKO moves are banned
|rule|Evasion Items Clause: Evasion items are banned
|rule|Evasion Moves Clause: Evasion moves are banned
|rule|Evasion Abilities Clause: Evasion abilities are banned
|rule|Sleep Moves Clause: Sleep-inducing moves are banned
|clearpoke
|poke|p1|Indeedee, M|
|poke|p1|Kingambit, F|
|poke|p1|Polteageist|
|poke|p1|Grimmsnarl, M|
|poke|p1|Great Tusk|
|poke|p1|Kyurem|
|poke|p2|Cinderace, F|
|poke|p2|Dragonite, M|
|poke|p2|Iron Valiant|
|poke|p2|Snorlax, F|
|poke|p2|Primarina, M|
|poke|p2|Skarmory, F|
|teampreview
|inactive|Battle timer is ON: inactive players will automatically lose when time's up. (requested by Yaoshi)
|inactive|apexacer has 120 seconds left.
|
|t:|1769442758
|teamsize|p1|6
|teamsize|p2|6
|start
|switch|p1a: Great Tusk|Great Tusk|100/100
|switch|p2a: One Hit Wonder|Cinderace, F|100/100
|turn|1
|
|t:|1769442762
|switch|p2a: Ayami Sato|Primarina, M, shiny|100/100
|move|p1a: Great Tusk|Headlong Rush|p2a: Ayami Sato
|-damage|p2a: Ayami Sato|49/100
|-unboost|p1a: Great Tusk|def|1
|-unboost|p1a: Great Tusk|spd|1
|
|-heal|p2a: Ayami Sato|55/100|[from] item: Leftovers
|upkeep
|turn|2
|
|t:|1769442774
|-end|p1a: Great Tusk|Protosynthesis|[silent]
|switch|p1a: Grimmsnarl|Grimmsnarl, M|100/100
|move|p2a: Ayami Sato|Draining Kiss|p1a: Grimmsnarl
|-supereffective|p1a: Grimmsnarl
|-damage|p1a: Grimmsnarl|68/100
|-heal|p2a: Ayami Sato|81/100|[from] drain|[of] p1a: Grimmsnarl
|
|-heal|p2a: Ayami Sato|87/100|[from] item: Leftovers
|upkeep
|turn|3
|
|t:|1769442781
|move|p1a: Grimmsnarl|Light Screen|p1a: Grimmsnarl
|-sidestart|p1: apexacer|move: Light Screen
|move|p2a: Ayami Sato|Calm Mind|p2a: Ayami Sato
|-boost|p2a: Ayami Sato|spa|1
|-boost|p2a: Ayami Sato|spd|1
|
|-heal|p2a: Ayami Sato|93/100|[from] item: Leftovers
|upkeep
|turn|4
|
|t:|1769442785
|move|p2a: Ayami Sato|Calm Mind|p2a: Ayami Sato
|-boost|p2a: Ayami Sato|spa|1
|-boost|p2a: Ayami Sato|spd|1
|move|p1a: Grimmsnarl|Spirit Break|p2a: Ayami Sato
|-damage|p2a: Ayami Sato|68/100
|-unboost|p2a: Ayami Sato|spa|1
|
|-heal|p2a: Ayami Sato|74/100|[from] item: Leftovers
|upkeep
|turn|5
|
|t:|1769442788
|move|p1a: Grimmsnarl|Spirit Break|p2a: Ayami Sato
|-damage|p2a: Ayami Sato|48/100
|-unboost|p2a: Ayami Sato|spa|1
|move|p2a: Ayami Sato|Calm Mind|p2a: Ayami Sato
|-boost|p2a: Ayami Sato|spa|1
|-boost|p2a: Ayami Sato|spd|1
|
|-heal|p2a: Ayami Sato|54/100|[from] item: Leftovers
|upkeep
|turn|6
|
|t:|1769442796
|switch|p1a: Polteageist|Polteageist|100/100
|move|p2a: Ayami Sato|Draining Kiss|p1a: Polteageist
|-damage|p1a: Polteageist|82/100
|-heal|p2a: Ayami Sato|64/100|[from] drain|[of] p1a: Polteageist
|
|-heal|p2a: Ayami Sato|70/100|[from] item: Leftovers
|upkeep
|turn|7
|
|t:|1769442801
|move|p1a: Polteageist|Shell Smash|p1a: Polteageist
|-unboost|p1a: Polteageist|def|1
|-unboost|p1a: Polteageist|spd|1
|-boost|p1a: Polteageist|atk|2
|-boost|p1a: Polteageist|spa|2
|-boost|p1a: Polteageist|spe|2
|-enditem|p1a: Polteageist|White Herb
|-clearnegativeboost|p1a: Polteageist|[silent]
|move|p2a: Ayami Sato|Psychic Noise|p1a: Polteageist
|-damage|p1a: Polteageist|54/100
|-start|p1a: Polteageist|move: Heal Block
|
|-heal|p2a: Ayami Sato|76/100|[from] item: Leftovers
|upkeep
|turn|8
|
|t:|1769442808
|move|p1a: Polteageist|Stored Power|p2a: Ayami Sato
|-damage|p2a: Ayami Sato|40/100
|move|p2a: Ayami Sato|Psychic Noise|p1a: Polteageist
|-damage|p1a: Polteageist|27/100
|
|-heal|p2a: Ayami Sato|46/100|[from] item: Leftovers
|-end|p1a: Polteageist|move: Heal Block
|upkeep
|turn|9
|
|t:|1769442814
|move|p1a: Polteageist|Stored Power|p2a: Ayami Sato
|-damage|p2a: Ayami Sato|8/100
|move|p2a: Ayami Sato|Psychic Noise|p1a: Polteageist
|-damage|p1a: Polteageist|0 fnt
|-start|p2a: Ayami Sato|Disable|Psychic Noise|[from] ability: Cursed Body|[of] p1a: Polteageist
|faint|p1a: Polteageist
|
|-heal|p2a: Ayami Sato|14/100|[from] item: Leftovers
|upkeep
|
|t:|1769442830
|switch|p1a: Indeedee|Indeedee, M|100/100
|-fieldstart|move: Psychic Terrain|[from] ability: Psychic Surge|[of] p1a: Indeedee
|turn|10
|
|t:|1769442833
|move|p1a: Indeedee|Expanding Force|p2a: Ayami Sato
|-damage|p2a: Ayami Sato|0 fnt
|faint|p2a: Ayami Sato
|
|-sideend|p1: apexacer|move: Light Screen
|upkeep
|
|t:|1769442838
|switch|p2a: One Hit Wonder|Cinderace, F|100/100
|turn|11
|
|t:|1769442843
|-terastallize|p1a: Indeedee|Psychic
|move|p1a: Indeedee|Expanding Force|p2a: One Hit Wonder
|-damage|p2a: One Hit Wonder|0 fnt
|faint|p2a: One Hit Wonder
|
|upkeep
|
|t:|1769442852
|switch|p2a: Babe Ruth|Iron Valiant, shiny|100/100
|-enditem|p2a: Babe Ruth|Booster Energy
|-activate|p2a: Babe Ruth|ability: Quark Drive|[fromitem]
|-start|p2a: Babe Ruth|quarkdrivespe
|turn|12
|
|t:|1769442858
|switch|p1a: Grimmsnarl|Grimmsnarl, M|68/100
|move|p2a: Babe Ruth|Destiny Bond|p2a: Babe Ruth
|-singlemove|p2a: Babe Ruth|Destiny Bond
|
|upkeep
|turn|13
|
|t:|1769442867
|move|p1a: Grimmsnarl|Light Screen|p1a: Grimmsnarl
|-sidestart|p1: apexacer|move: Light Screen
|move|p2a: Babe Ruth|Moonblast|p1a: Grimmsnarl
|-supereffective|p1a: Grimmsnarl
|-damage|p1a: Grimmsnarl|34/100
|-unboost|p1a: Grimmsnarl|spa|1
|
|upkeep
|turn|14
|
|t:|1769442873
|move|p2a: Babe Ruth|Moonblast|p1a: Grimmsnarl
|-supereffective|p1a: Grimmsnarl
|-damage|p1a: Grimmsnarl|1/100
|move|p1a: Grimmsnarl|Spirit Break|p2a: Babe Ruth
|-supereffective|p2a: Babe Ruth
|-damage|p2a: Babe Ruth|26/100
|-unboost|p2a: Babe Ruth|spa|1
|
|-fieldend|move: Psychic Terrain
|upkeep
|turn|15
|
|t:|1769442880
|move|p1a: Grimmsnarl|Reflect|p1a: Grimmsnarl
|-sidestart|p1: apexacer|Reflect
|move|p2a: Babe Ruth|Moonblast|p1a: Grimmsnarl
|-supereffective|p1a: Grimmsnarl
|-damage|p1a: Grimmsnarl|0 fnt
|faint|p1a: Grimmsnarl
|
|upkeep
|
|t:|1769442893
|switch|p1a: Kingambit|Kingambit, F|100/100
|-activate|p1a: Kingambit|ability: Supreme Overlord
|-start|p1a: Kingambit|fallen2|[silent]
|turn|16
|
|t:|1769442897
|move|p2a: Babe Ruth|Destiny Bond|p2a: Babe Ruth
|-singlemove|p2a: Babe Ruth|Destiny Bond
|move|p1a: Kingambit|Iron Head|p2a: Babe Ruth
|-supereffective|p2a: Babe Ruth
|-damage|p2a: Babe Ruth|0 fnt
|faint|p2a: Babe Ruth
|-activate|p2a: Babe Ruth|move: Destiny Bond
|-end|p2a: Babe Ruth|Quark Drive|[silent]
|faint|p1a: Kingambit
|-end|p1a: Kingambit|fallen2|[silent]
|
|upkeep
|
|t:|1769442912
|switch|p2a: Homerun|Snorlax, F, shiny|100/100
|switch|p1a: Great Tusk|Great Tusk|100/100
|turn|17
|
|t:|1769442919
|switch|p2a: Skarmory|Skarmory, F|100/100
|move|p1a: Great Tusk|Stealth Rock|p2a: Skarmory
|-sidestart|p2: Yaoshi|move: Stealth Rock
|
|upkeep
|turn|18
|
|t:|1769442925
|move|p1a: Great Tusk|Close Combat|p2a: Skarmory
|-damage|p2a: Skarmory|62/100
|-unboost|p1a: Great Tusk|def|1
|-unboost|p1a: Great Tusk|spd|1
|-damage|p1a: Great Tusk|84/100|[from] item: Rocky Helmet|[of] p2a: Skarmory
|move|p2a: Skarmory|Body Press|p1a: Great Tusk
|-damage|p1a: Great Tusk|68/100
|-damage|p2a: Skarmory|45/100|[from] item: Rocky Helmet|[of] p1a: Great Tusk
|
|upkeep
|turn|19
|
|t:|1769442934
|move|p1a: Great Tusk|Close Combat|p2a: Skarmory
|-damage|p2a: Skarmory|4/100
|-unboost|p1a: Great Tusk|def|1
|-unboost|p1a: Great Tusk|spd|1
|-damage|p1a: Great Tusk|52/100|[from] item: Rocky Helmet|[of] p2a: Skarmory
|move|p2a: Skarmory|Roost|p2a: Skarmory
|-heal|p2a: Skarmory|54/100
|-singleturn|p2a: Skarmory|move: Roost
|
|upkeep
|turn|20
|
|t:|1769442939
|-end|p1a: Great Tusk|Protosynthesis|[silent]
|switch|p1a: Kyurem|Kyurem|100/100
|-ability|p1a: Kyurem|Pressure
|move|p2a: Skarmory|Roost|p2a: Skarmory
|-heal|p2a: Skarmory|100/100
|-singleturn|p2a: Skarmory|move: Roost
|
|-sideend|p1: apexacer|move: Light Screen
|upkeep
|turn|21
|
|t:|1769442943
|move|p1a: Kyurem|Freeze-Dry|p2a: Skarmory
|-damage|p2a: Skarmory|45/100
|move|p2a: Skarmory|Body Press|p1a: Kyurem
|-supereffective|p1a: Kyurem
|-damage|p1a: Kyurem|74/100
|
|upkeep
|turn|22
|
|t:|1769442949
|switch|p2a: Homerun|Snorlax, F, shiny|100/100
|-damage|p2a: Homerun|88/100|[from] Stealth Rock
|move|p1a: Kyurem|Freeze-Dry|p2a: Homerun
|-damage|p2a: Homerun|69/100
|
|-sideend|p1: apexacer|Reflect
|upkeep
|turn|23
|
|t:|1769442953
|switch|p1a: Indeedee|Indeedee, M, tera:Psychic|100/100
|-fieldstart|move: Psychic Terrain|[from] ability: Psychic Surge|[of] p1a: Indeedee
|move|p2a: Homerun|Body Slam|p1a: Indeedee
|-damage|p1a: Indeedee|33/100
|
|upkeep
|turn|24
|
|t:|1769442957
|move|p1a: Indeedee|Expanding Force|p2a: Homerun
|-damage|p2a: Homerun|23/100
|-enditem|p2a: Homerun|Figy Berry|[eat]
|-heal|p2a: Homerun|56/100|[from] item: Figy Berry
|move|p2a: Homerun|Body Slam|p1a: Indeedee
|-damage|p1a: Indeedee|0 fnt
|faint|p1a: Indeedee
|
|upkeep
|
|t:|1769442965
|switch|p1a: Great Tusk|Great Tusk|52/100
|turn|25
|
|t:|1769442969
|switch|p2a: Skarmory|Skarmory, F|45/100
|-damage|p2a: Skarmory|33/100|[from] Stealth Rock
|move|p1a: Great Tusk|Close Combat|p2a: Skarmory
|-damage|p2a: Skarmory|0 fnt
|-unboost|p1a: Great Tusk|def|1
|-unboost|p1a: Great Tusk|spd|1
|-damage|p1a: Great Tusk|36/100|[from] item: Rocky Helmet|[of] p2a: Skarmory
|faint|p2a: Skarmory
|
|upkeep
|
|t:|1769442976
|switch|p2a: Ohtani|Dragonite, M|100/100
|-damage|p2a: Ohtani|76/100|[from] Stealth Rock
|turn|26
|
|t:|1769442982
|-end|p1a: Great Tusk|Protosynthesis|[silent]
|switch|p1a: Kyurem|Kyurem|74/100
|-ability|p1a: Kyurem|Pressure
|-terastallize|p2a: Ohtani|Normal
|move|p2a: Ohtani|Ice Spinner|p1a: Kyurem
|-damage|p1a: Kyurem|32/100
|-fieldend|move: Psychic Terrain
|
|upkeep
|turn|27
|
|t:|1769442990
|switch|p2a: Homerun|Snorlax, F, shiny|56/100
|-damage|p2a: Homerun|44/100|[from] Stealth Rock
|move|p1a: Kyurem|Draco Meteor|p2a: Homerun|[miss]
|-miss|p1a: Kyurem|p2a: Homerun
|
|upkeep
|turn|28
|
|t:|1769442995
|move|p1a: Kyurem|Draco Meteor|p2a: Homerun
|-damage|p2a: Homerun|11/100
|-unboost|p1a: Kyurem|spa|2
|move|p2a: Homerun|Recycle|p2a: Homerun
|-item|p2a: Homerun|Figy Berry|[from] move: Recycle
|-enditem|p2a: Homerun|Figy Berry|[eat]
|-heal|p2a: Homerun|44/100|[from] item: Figy Berry
|
|upkeep
|turn|29
|
|t:|1769443007
|switch|p1a: Great Tusk|Great Tusk|36/100
|move|p2a: Homerun|Recycle|p2a: Homerun
|-item|p2a: Homerun|Figy Berry|[from] move: Recycle
|-enditem|p2a: Homerun|Figy Berry|[eat]
|-heal|p2a: Homerun|77/100|[from] item: Figy Berry
|
|upkeep
|turn|30
|
|t:|1769443013
|move|p1a: Great Tusk|Close Combat|p2a: Homerun
|-supereffective|p2a: Homerun
|-damage|p2a: Homerun|0 fnt
|-unboost|p1a: Great Tusk|def|1
|-unboost|p1a: Great Tusk|spd|1
|faint|p2a: Homerun
|
|upkeep
|
|t:|1769443015
|switch|p2a: Ohtani|Dragonite, M, tera:Normal|76/100
|-damage|p2a: Ohtani|63/100|[from] Stealth Rock
|turn|31
|
|t:|1769443021
|move|p2a: Ohtani|Extreme Speed|p1a: Great Tusk
|-crit|p1a: Great Tusk
|-damage|p1a: Great Tusk|0 fnt
|-damage|p2a: Ohtani|47/100|[from] item: Rocky Helmet|[of] p1a: Great Tusk
|faint|p1a: Great Tusk
|-end|p1a: Great Tusk|Protosynthesis|[silent]
|
|upkeep
|
|t:|1769443025
|switch|p1a: Kyurem|Kyurem|32/100
|-ability|p1a: Kyurem|Pressure
|turn|32
|
|t:|1769443029
|move|p2a: Ohtani|Extreme Speed|p1a: Kyurem
|-damage|p1a: Kyurem|0 fnt
|faint|p1a: Kyurem
|
|win|Yaoshi
|raw|apexacer's rating: 1609 &rarr; <strong>1589</strong><br />(-20 for losing)
|raw|Yaoshi's rating: 1605 &rarr; <strong>1625</strong><br />(+20 for winning)
|l|☆Yaoshi
|player|p2|
|l|☆apexacer
|player|p1|
