|j|☆GiovyX08
|j|☆yourmum1999
|t:|1769346084
|gametype|singles
|player|p1|GiovyX08|169|1246
|player|p2|yourmum1999|266|1246
|gen|9
|tier|[Gen 9] OU
|rated|
|rule|HP Percentage Mod: HP is shown in percentages
|rule|Endless Battle Clause: Forcing endless battles is banned
|rule|Species Clause: Limit one of each Pokémon
|rule|OHKO Clause: OHKO moves are banned
|rule|Evasion Items Clause: Evasion items are banned
|rule|Evasion Moves Clause: Evasion moves are banned
|rule|Evasion Abilities Clause: Evasion abilities are banned
|rule|Sleep Moves Clause: Sleep-inducing moves are banned
|clearpoke
|poke|p1|Meowscarada, F|
|poke|p1|Maushold-Four|
|poke|p1|Garganacl, F|
|poke|p1|Toxapex, F|
|poke|p1|Iron Treads|
|poke|p1|Gliscor, M|
|poke|p2|Pelipper, F|
|poke|p2|Ludicolo, F|
|poke|p2|Iron Treads|
|poke|p2|Landorus-Therian, M|
|poke|p2|Barraskewda, M|
|poke|p2|Basculegion-F, F|
|teampreview
|
|t:|1769346099
|teamsize|p1|6
|teamsize|p2|6
|start
|switch|p1a: Maushold|Maushold-Four|100/100
|switch|p2a: Pelipper|Pelipper, F|100/100
|-weather|RainDance|[from] ability: Drizzle|[of] p2a: Pelipper
|turn|1
|
|t:|1769346108
|move|p1a: Maushold|Tidy Up|p1a: Maushold
|-boost|p1a: Maushold|atk|1
|-boost|p1a: Maushold|spe|1
|move|p2a: Pelipper|U-turn|p1a: Maushold
|-damage|p1a: Maushold|86/100
|
|t:|1769346119
|switch|p2a: Barraskewda|Barraskewda, M|100/100|[from] U-turn
|
|-weather|RainDance|[upkeep]
|upkeep
|turn|2
|
|t:|1769346130
|move|p2a: Barraskewda|Liquidation|p1a: Maushold
|-damage|p1a: Maushold|0 fnt
|faint|p1a: Maushold
|
|-weather|RainDance|[upkeep]
|upkeep
|inactive|Battle timer is ON: inactive players will automatically lose when time's up. (requested by yourmum1999)
|
|t:|1769346144
|switch|p1a: Toxapex|Toxapex, F|100/100
|turn|3
|
|t:|1769346148
|switch|p2a: Landorus|Landorus-Therian, M|100/100
|-ability|p2a: Landorus|Intimidate|boost
|-unboost|p1a: Toxapex|atk|1
|move|p1a: Toxapex|Infestation|p2a: Landorus
|-resisted|p2a: Landorus
|-damage|p2a: Landorus|99/100
|-activate|p2a: Landorus|move: Infestation|[of] p1a: Toxapex
|
|-weather|RainDance|[upkeep]
|-damage|p2a: Landorus|86/100|[from] move: Infestation|[partiallytrapped]
|upkeep
|turn|4
|
|t:|1769346160
|switch|p1a: Gliscor|Gliscor, M|100/100
|move|p2a: Landorus|Weather Ball|p1a: Gliscor
|-supereffective|p1a: Gliscor
|-damage|p1a: Gliscor|0 fnt
|faint|p1a: Gliscor
|
|-weather|RainDance|[upkeep]
|-end|p2a: Landorus|Infestation|[partiallytrapped]|[silent]
|upkeep
|
|t:|1769346174
|switch|p1a: Meowscarada|Meowscarada, F|100/100
|turn|5
|
|t:|1769346189
|switch|p2a: Ludicolo|Ludicolo, F|100/100
|move|p1a: Meowscarada|Knock Off|p2a: Ludicolo
|-start|p1a: Meowscarada|typechange|Dark|[from] ability: Protean
|-damage|p2a: Ludicolo|0 fnt
|-enditem|p2a: Ludicolo|Life Orb|[from] move: Knock Off|[of] p1a: Meowscarada
|faint|p2a: Ludicolo
|
|-weather|RainDance|[upkeep]
|upkeep
|
|t:|1769346202
|switch|p2a: Barraskewda|Barraskewda, M|100/100
|turn|6
|
|t:|1769346212
|move|p2a: Barraskewda|Liquidation|p1a: Meowscarada
|-damage|p1a: Meowscarada|0 fnt
|faint|p1a: Meowscarada
|
|-weather|RainDance|[upkeep]
|upkeep
|
|t:|1769346217
|switch|p1a: Toxapex|Toxapex, F|100/100
|turn|7
|
|t:|1769346221
|switch|p2a: Landorus|Landorus-Therian, M|86/100
|-ability|p2a: Landorus|Intimidate|boost
|-unboost|p1a: Toxapex|atk|1
|move|p1a: Toxapex|Infestation|p2a: Landorus
|-resisted|p2a: Landorus
|-damage|p2a: Landorus|85/100
|-activate|p2a: Landorus|move: Infestation|[of] p1a: Toxapex
|
|-weather|RainDance|[upkeep]
|-damage|p2a: Landorus|72/100|[from] move: Infestation|[partiallytrapped]
|upkeep
|turn|8
|
|t:|1769346231
|move|p1a: Toxapex|Baneful Bunker|p1a: Toxapex
|-singleturn|p1a: Toxapex|move: Protect
|move|p2a: Landorus|Sandsear Storm|p1a: Toxapex
|-activate|p1a: Toxapex|move: Protect
|
|-weather|none
|-damage|p2a: Landorus|60/100|[from] move: Infestation|[partiallytrapped]
|upkeep
|turn|9
|
|t:|1769346245
|move|p2a: Landorus|Sandsear Storm|p1a: Toxapex
|-supereffective|p1a: Toxapex
|-crit|p1a: Toxapex
|-damage|p1a: Toxapex|0 fnt
|faint|p1a: Toxapex
|
|-end|p2a: Landorus|Infestation|[partiallytrapped]|[silent]
|upkeep
|
|t:|1769346249
|switch|p1a: Garganacl|Garganacl, F|100/100
|turn|10
|
|t:|1769346255
|switch|p2a: Pelipper|Pelipper, F|100/100
|-weather|RainDance|[from] ability: Drizzle|[of] p2a: Pelipper
|-terastallize|p1a: Garganacl|Ghost
|move|p1a: Garganacl|Iron Defense|p1a: Garganacl
|-boost|p1a: Garganacl|def|2
|
|-weather|RainDance|[upkeep]
|upkeep
|turn|11
|
|t:|1769346266
|move|p2a: Pelipper|Hurricane|p1a: Garganacl
|-damage|p1a: Garganacl|69/100
|-start|p1a: Garganacl|confusion
|-activate|p1a: Garganacl|confusion
|move|p1a: Garganacl|Iron Defense|p1a: Garganacl
|-boost|p1a: Garganacl|def|2
|
|-weather|RainDance|[upkeep]
|-heal|p1a: Garganacl|75/100|[from] item: Leftovers
|upkeep
|turn|12
|
|t:|1769346276
|move|p2a: Pelipper|U-turn|p1a: Garganacl
|-resisted|p1a: Garganacl
|-damage|p1a: Garganacl|74/100
|
|t:|1769346282
|switch|p2a: Basculegion|Basculegion-F, F|100/100|[from] U-turn
|-activate|p1a: Garganacl|confusion
|-damage|p1a: Garganacl|73/100|[from] confusion
|
|-weather|RainDance|[upkeep]
|-heal|p1a: Garganacl|79/100|[from] item: Leftovers
|upkeep
|turn|13
|
|t:|1769346299
|move|p2a: Basculegion|Surf|p1a: Garganacl
|-damage|p1a: Garganacl|10/100
|-damage|p2a: Basculegion|91/100|[from] item: Life Orb
|-activate|p1a: Garganacl|confusion
|move|p1a: Garganacl|Salt Cure|p2a: Basculegion
|-damage|p2a: Basculegion|73/100
|-start|p2a: Basculegion|Salt Cure
|
|-weather|RainDance|[upkeep]
|-heal|p1a: Garganacl|16/100|[from] item: Leftovers
|-damage|p2a: Basculegion|48/100|[from] Salt Cure
|upkeep
|turn|14
|
|t:|1769346315
|switch|p1a: Iron Treads|Iron Treads|100/100
|move|p2a: Basculegion|Surf|p1a: Iron Treads
|-supereffective|p1a: Iron Treads
|-damage|p1a: Iron Treads|0 fnt
|faint|p1a: Iron Treads
|-end|p1a: Iron Treads|Quark Drive|[silent]
|-damage|p2a: Basculegion|38/100|[from] item: Life Orb
|
|-weather|RainDance|[upkeep]
|-damage|p2a: Basculegion|13/100|[from] Salt Cure
|upkeep
|
|t:|1769346317
|switch|p1a: Garganacl|Garganacl, F, tera:Ghost|16/100
|turn|15
|
|t:|1769346325
|move|p2a: Basculegion|Surf|p1a: Garganacl
|-damage|p1a: Garganacl|0 fnt
|faint|p1a: Garganacl
|-damage|p2a: Basculegion|3/100|[from] item: Life Orb
|
|win|yourmum1999
|raw|GiovyX08's rating: 1246 &rarr; <strong>1221</strong><br />(-25 for losing)
|raw|yourmum1999's rating: 1246 &rarr; <strong>1271</strong><br />(+25 for winning)
|l|☆GiovyX08
|player|p1|
|l|☆yourmum1999
|player|p2|
