|j|☆DKxhk
|j|☆boom moon
|t:|1769430886
|gametype|singles
|player|p1|DKxhk|rosa|1275
|player|p2|boom moon|266|1275
|gen|9
|tier|[Gen 9] OU
|rated|
|rule|HP Percentage Mod: HP is shown in percentages
|rule|Endless Battle Clause: Forcing endless battles is banned
|rule|Species Clause: Limit one of each Pokémon
|rule|OHKO Clause: OHKO moves are banned
|rule|Evasion Items Clause: Evasion items are banned
|rule|Evasion Moves Clause: Evasion moves are banned
|rule|Evasion Abilities Clause: Evasion abilities are banned
|rule|Sleep Moves Clause: Sleep-inducing moves are banned
|clearpoke
|poke|p1|Enamorus, F|
|poke|p1|Zapdos|
|poke|p1|Kyurem|
|poke|p1|Great Tusk|
|poke|p1|Kingambit, F|
|poke|p1|Ogerpon-Wellspring, F|
|poke|p2|Gliscor, M|
|poke|p2|Gogoat, M|
|poke|p2|Mamoswine, F|
|poke|p2|Toedscruel, M|
|poke|p2|Toxicroak, F|
|poke|p2|Dragonite, M|
|teampreview
|inactive|Battle timer is ON: inactive players will automatically lose when time's up. (requested by DKxhk)
|inactive|DKxhk has 120 seconds left.
|
|t:|1769430937
|teamsize|p1|6
|teamsize|p2|6
|start
|switch|p1a: Ogerpon|Ogerpon-Wellspring, F|100/100
|switch|p2a: Toedscruel|Toedscruel, M|100/100
|turn|1
|
|t:|1769430963
|move|p1a: Ogerpon|Swords Dance|p1a: Ogerpon
|-boost|p1a: Ogerpon|atk|2
|move|p2a: Toedscruel|Spikes|p1a: Ogerpon
|-sidestart|p1: DKxhk|Spikes
|
|upkeep
|turn|2
|
|t:|1769430978
|-terastallize|p2a: Toedscruel|Fire
|move|p1a: Ogerpon|Ivy Cudgel|p2a: Toedscruel|[anim] Ivy Cudgel Water
|-supereffective|p2a: Toedscruel
|-damage|p2a: Toedscruel|0 fnt
|faint|p2a: Toedscruel
|
|upkeep
|
|t:|1769430983
|switch|p2a: Gogoat|Gogoat, M|100/100
|turn|3
|
|t:|1769430990
|move|p1a: Ogerpon|Swords Dance|p1a: Ogerpon
|-boost|p1a: Ogerpon|atk|2
|move|p2a: Gogoat|Bulk Up|p2a: Gogoat
|-boost|p2a: Gogoat|atk|1
|-boost|p2a: Gogoat|def|1
|
|upkeep
|turn|4
|
|t:|1769430997
|move|p1a: Ogerpon|Ivy Cudgel|p2a: Gogoat|[anim] Ivy Cudgel Water
|-resisted|p2a: Gogoat
|-damage|p2a: Gogoat|38/100
|move|p2a: Gogoat|Bulk Up|p2a: Gogoat
|-boost|p2a: Gogoat|atk|1
|-boost|p2a: Gogoat|def|1
|
|upkeep
|turn|5
|
|t:|1769431005
|move|p1a: Ogerpon|Ivy Cudgel|p2a: Gogoat|[anim] Ivy Cudgel Water
|-resisted|p2a: Gogoat
|-damage|p2a: Gogoat|0 fnt
|faint|p2a: Gogoat
|
|upkeep
|
|t:|1769431011
|switch|p2a: Toxicroak|Toxicroak, F, shiny|100/100
|turn|6
|
|t:|1769431020
|-terastallize|p1a: Ogerpon|Water
|detailschange|p1a: Ogerpon|Ogerpon-Wellspring-Tera, F, tera:Water
|-ability|p1a: Ogerpon|Embody Aspect (Wellspring)|boost
|-boost|p1a: Ogerpon|spd|1
|move|p1a: Ogerpon|Horn Leech|p2a: Toxicroak
|-resisted|p2a: Toxicroak
|-damage|p2a: Toxicroak|0 fnt
|faint|p2a: Toxicroak
|
|upkeep
|
|t:|1769431027
|switch|p2a: Dragonite|Dragonite, M|100/100
|turn|7
|
|t:|1769431034
|move|p1a: Ogerpon|Ivy Cudgel|p2a: Dragonite|[anim] Ivy Cudgel Water
|-resisted|p2a: Dragonite
|-damage|p2a: Dragonite|0 fnt
|faint|p2a: Dragonite
|
|upkeep
|-message|boom moon forfeited.
|
|win|DKxhk
|raw|DKxhk's rating: 1275 &rarr; <strong>1300</strong><br />(+25 for winning)
|raw|boom moon's rating: 1275 &rarr; <strong>1250</strong><br />(-25 for losing)
|l|☆boom moon
|player|p2|
|l|☆DKxhk
|player|p1|
