|j|☆jarrodbennett
|j|☆DigDisIck
|t:|1769356197
|gametype|singles
|player|p1|jarrodbennett|2|1377
|player|p2|DigDisIck|265|1370
|gen|9
|tier|[Gen 9] OU
|rated|
|rule|HP Percentage Mod: HP is shown in percentages
|rule|Endless Battle Clause: Forcing endless battles is banned
|rule|Species Clause: Limit one of each Pokémon
|rule|OHKO Clause: OHKO moves are banned
|rule|Evasion Items Clause: Evasion items are banned
|rule|Evasion Moves Clause: Evasion moves are banned
|rule|Evasion Abilities Clause: Evasion abilities are banned
|rule|Sleep Moves Clause: Sleep-inducing moves are banned
|clearpoke
|poke|p1|Ribombee, F|
|poke|p1|Cinderace, M|
|poke|p1|Serperior, M|
|poke|p1|Hitmonlee, M|
|poke|p1|Empoleon, M|
|poke|p1|Kingambit, F|
|poke|p2|Gliscor, F|
|poke|p2|Garganacl, F|
|poke|p2|Serperior, M|
|poke|p2|Iron Moth|
|poke|p2|Dragapult, M|
|poke|p2|Iron Valiant|
|teampreview
|
|t:|1769356210
|teamsize|p1|6
|teamsize|p2|6
|start
|switch|p1a: Ya Like Jazz?|Ribombee, F|100/100
|switch|p2a: Iron Moth|Iron Moth, shiny|100/100
|-enditem|p2a: Iron Moth|Booster Energy
|-activate|p2a: Iron Moth|ability: Quark Drive|[fromitem]
|-start|p2a: Iron Moth|quarkdrivespa
|turn|1
|
|t:|1769356219
|move|p1a: Ya Like Jazz?|Sticky Web|p2a: Iron Moth
|-sidestart|p2: DigDisIck|move: Sticky Web
|move|p2a: Iron Moth|Sludge Wave|p1a: Ya Like Jazz?
|-supereffective|p1a: Ya Like Jazz?
|-enditem|p1a: Ya Like Jazz?|Focus Sash
|-damage|p1a: Ya Like Jazz?|1/100
|
|upkeep
|turn|2
|
|t:|1769356227
|move|p1a: Ya Like Jazz?|Struggle Bug|p2a: Iron Moth
|-resisted|p2a: Iron Moth
|-damage|p2a: Iron Moth|96/100
|-unboost|p2a: Iron Moth|spa|1
|move|p2a: Iron Moth|Flamethrower|p1a: Ya Like Jazz?
|-supereffective|p1a: Ya Like Jazz?
|-damage|p1a: Ya Like Jazz?|0 fnt
|faint|p1a: Ya Like Jazz?
|
|upkeep
|
|t:|1769356236
|switch|p1a: What's Up Doc?|Cinderace, M|100/100
|turn|3
|
|t:|1769356239
|move|p1a: What's Up Doc?|Court Change|p1a: What's Up Doc?
|-start|p1a: What's Up Doc?|typechange|Normal|[from] ability: Libero
|-swapsideconditions
|-activate|p1a: What's Up Doc?|move: Court Change
|move|p2a: Iron Moth|Sludge Wave|p1a: What's Up Doc?
|-damage|p1a: What's Up Doc?|39/100
|
|upkeep
|turn|4
|c|☆DigDisIck|lol wut
|c|☆DigDisIck|why?
|
|t:|1769356254
|move|p1a: What's Up Doc?|Pyro Ball|p2a: Iron Moth
|-resisted|p2a: Iron Moth
|-damage|p2a: Iron Moth|61/100
|move|p2a: Iron Moth|Sludge Wave|p1a: What's Up Doc?
|-damage|p1a: What's Up Doc?|0 fnt
|faint|p1a: What's Up Doc?
|
|upkeep
|c|☆jarrodbennett|I have my reasons.
|
|t:|1769356263
|switch|p1a: Kickin' Nugget|Hitmonlee, M|100/100
|-activate|p1a: Kickin' Nugget|move: Sticky Web
|-unboost|p1a: Kickin' Nugget|spe|1
|-enditem|p1a: Kickin' Nugget|White Herb
|-clearnegativeboost|p1a: Kickin' Nugget|[silent]
|turn|5
|
|t:|1769356270
|move|p1a: Kickin' Nugget|Swords Dance|p1a: Kickin' Nugget
|-boost|p1a: Kickin' Nugget|atk|2
|move|p2a: Iron Moth|Flamethrower|p1a: Kickin' Nugget
|-damage|p1a: Kickin' Nugget|40/100
|
|upkeep
|turn|6
|
|t:|1769356277
|move|p1a: Kickin' Nugget|Close Combat|p2a: Iron Moth
|-resisted|p2a: Iron Moth
|-damage|p2a: Iron Moth|0 fnt
|-unboost|p1a: Kickin' Nugget|def|1
|-unboost|p1a: Kickin' Nugget|spd|1
|faint|p2a: Iron Moth
|-end|p2a: Iron Moth|Quark Drive|[silent]
|
|upkeep
|
|t:|1769356288
|switch|p2a: Iron Valiant|Iron Valiant|100/100
|-enditem|p2a: Iron Valiant|Booster Energy
|-activate|p2a: Iron Valiant|ability: Quark Drive|[fromitem]
|-start|p2a: Iron Valiant|quarkdrivespe
|turn|7
|
|t:|1769356294
|move|p2a: Iron Valiant|Moonblast|p1a: Kickin' Nugget
|-supereffective|p1a: Kickin' Nugget
|-damage|p1a: Kickin' Nugget|0 fnt
|faint|p1a: Kickin' Nugget
|
|upkeep
|
|t:|1769356299
|switch|p1a: Slytherin|Serperior, M|100/100
|-activate|p1a: Slytherin|move: Sticky Web
|-boost|p1a: Slytherin|spe|1
|turn|8
|
|t:|1769356304
|move|p2a: Iron Valiant|Moonblast|p1a: Slytherin
|-damage|p1a: Slytherin|51/100
|-boost|p1a: Slytherin|spa|1
|move|p1a: Slytherin|Leaf Storm|p2a: Iron Valiant
|-damage|p2a: Iron Valiant|0 fnt
|-boost|p1a: Slytherin|spa|2
|faint|p2a: Iron Valiant
|-end|p2a: Iron Valiant|Quark Drive|[silent]
|
|upkeep
|
|t:|1769356318
|switch|p2a: Garganacl|Garganacl, F, shiny|100/100
|turn|9
|
|t:|1769356325
|-terastallize|p1a: Slytherin|Stellar
|-terastallize|p2a: Garganacl|Flying
|move|p1a: Slytherin|Tera Blast|p2a: Garganacl|[anim] Tera Blast Stellar
|-supereffective|p2a: Garganacl
|-damage|p2a: Garganacl|0 fnt
|-boost|p1a: Slytherin|atk|1
|-boost|p1a: Slytherin|spa|1
|faint|p2a: Garganacl
|
|upkeep
|
|t:|1769356340
|switch|p2a: Serperior|Serperior, M, shiny|100/100
|turn|10
|
|t:|1769356348
|move|p1a: Slytherin|Gastro Acid|p2a: Serperior
|-endability|p2a: Serperior
|move|p2a: Serperior|Leaf Storm|p1a: Slytherin
|-resisted|p1a: Slytherin
|-damage|p1a: Slytherin|7/100
|-unboost|p2a: Serperior|spa|2
|
|upkeep
|turn|11
|
|t:|1769356355
|move|p1a: Slytherin|Leaf Storm|p2a: Serperior
|-resisted|p2a: Serperior
|-damage|p2a: Serperior|0 fnt
|-boost|p1a: Slytherin|spa|2
|faint|p2a: Serperior
|
|upkeep
|
|t:|1769356361
|switch|p2a: Dragapult|Dragapult, M|100/100
|turn|12
|
|t:|1769356364
|move|p2a: Dragapult|Sucker Punch|p1a: Slytherin
|-damage|p1a: Slytherin|0 fnt
|faint|p1a: Slytherin
|
|upkeep
|
|t:|1769356368
|switch|p1a: Come At Me Bro|Kingambit, F|100/100
|-activate|p1a: Come At Me Bro|move: Sticky Web
|-unboost|p1a: Come At Me Bro|spe|1
|-ability|p1a: Come At Me Bro|Defiant|boost
|-boost|p1a: Come At Me Bro|atk|2
|turn|13
|
|t:|1769356374
|switch|p2a: Gliscor|Gliscor, F|100/100
|move|p1a: Come At Me Bro|Kowtow Cleave|p2a: Gliscor
|-damage|p2a: Gliscor|23/100
|
|-status|p2a: Gliscor|tox|[from] item: Toxic Orb
|upkeep
|turn|14
|
|t:|1769356382
|move|p2a: Gliscor|Protect|p2a: Gliscor
|-singleturn|p2a: Gliscor|Protect
|move|p1a: Come At Me Bro|Kowtow Cleave|p2a: Gliscor
|-activate|p2a: Gliscor|move: Protect
|
|-heal|p2a: Gliscor|35/100 tox|[from] ability: Poison Heal
|upkeep
|turn|15
|
|t:|1769356391
|move|p2a: Gliscor|Substitute|p2a: Gliscor
|-start|p2a: Gliscor|Substitute
|-damage|p2a: Gliscor|10/100 tox
|move|p1a: Come At Me Bro|Kowtow Cleave|p2a: Gliscor
|-end|p2a: Gliscor|Substitute
|
|-heal|p2a: Gliscor|23/100 tox|[from] ability: Poison Heal
|upkeep
|turn|16
|
|t:|1769356400
|move|p2a: Gliscor|Protect|p2a: Gliscor
|-singleturn|p2a: Gliscor|Protect
|move|p1a: Come At Me Bro|Kowtow Cleave|p2a: Gliscor
|-activate|p2a: Gliscor|move: Protect
|
|-heal|p2a: Gliscor|35/100 tox|[from] ability: Poison Heal
|upkeep
|turn|17
|
|t:|1769356408
|move|p2a: Gliscor|Substitute|p2a: Gliscor
|-start|p2a: Gliscor|Substitute
|-damage|p2a: Gliscor|10/100 tox
|move|p1a: Come At Me Bro|Iron Head|p2a: Gliscor
|-end|p2a: Gliscor|Substitute
|
|-heal|p2a: Gliscor|23/100 tox|[from] ability: Poison Heal
|upkeep
|turn|18
|
|t:|1769356418
|move|p2a: Gliscor|Protect|p2a: Gliscor
|-singleturn|p2a: Gliscor|Protect
|move|p1a: Come At Me Bro|Iron Head|p2a: Gliscor
|-activate|p2a: Gliscor|move: Protect
|
|-heal|p2a: Gliscor|35/100 tox|[from] ability: Poison Heal
|upkeep
|turn|19
|
|t:|1769356433
|move|p2a: Gliscor|Substitute|p2a: Gliscor
|-start|p2a: Gliscor|Substitute
|-damage|p2a: Gliscor|10/100 tox
|move|p1a: Come At Me Bro|Iron Head|p2a: Gliscor
|-end|p2a: Gliscor|Substitute
|
|-heal|p2a: Gliscor|23/100 tox|[from] ability: Poison Heal
|upkeep
|turn|20
|
|t:|1769356446
|move|p2a: Gliscor|Protect|p2a: Gliscor
|-singleturn|p2a: Gliscor|Protect
|move|p1a: Come At Me Bro|Iron Head|p2a: Gliscor
|-activate|p2a: Gliscor|move: Protect
|
|-heal|p2a: Gliscor|35/100 tox|[from] ability: Poison Heal
|upkeep
|turn|21
|
|t:|1769356454
|move|p2a: Gliscor|Earthquake|p1a: Come At Me Bro
|-supereffective|p1a: Come At Me Bro
|-damage|p1a: Come At Me Bro|49/100
|move|p1a: Come At Me Bro|Iron Head|p2a: Gliscor
|-damage|p2a: Gliscor|0 fnt
|faint|p2a: Gliscor
|
|upkeep
|
|t:|1769356461
|switch|p2a: Dragapult|Dragapult, M|100/100
|turn|22
|
|t:|1769356464
|move|p2a: Dragapult|Dragon Darts|p1a: Come At Me Bro
|-resisted|p1a: Come At Me Bro
|-damage|p1a: Come At Me Bro|36/100
|-anim|p2a: Dragapult|Dragon Darts|p1a: Come At Me Bro
|-resisted|p1a: Come At Me Bro
|-damage|p1a: Come At Me Bro|22/100
|move|p1a: Come At Me Bro|Kowtow Cleave|p2a: Dragapult
|-supereffective|p2a: Dragapult
|-damage|p2a: Dragapult|0 fnt
|faint|p2a: Dragapult
|
|win|jarrodbennett
|raw|jarrodbennett's rating: 1377 &rarr; <strong>1397</strong><br />(+20 for winning)
|raw|DigDisIck's rating: 1370 &rarr; <strong>1350</strong><br />(-20 for losing)
|l|☆DigDisIck
|player|p2|
|c|☆jarrodbennett|Gg
|l|☆jarrodbennett
|player|p1|
