|j|☆Eggolego
|j|☆FieryLeoN
|t:|1769324397
|gametype|singles
|player|p1|Eggolego|169|1134
|player|p2|FieryLeoN|2|1142
|gen|9
|tier|[Gen 9] OU
|rated|
|rule|HP Percentage Mod: HP is shown in percentages
|rule|Endless Battle Clause: Forcing endless battles is banned
|rule|Species Clause: Limit one of each Pokémon
|rule|OHKO Clause: OHKO moves are banned
|rule|Evasion Items Clause: Evasion items are banned
|rule|Evasion Moves Clause: Evasion moves are banned
|rule|Evasion Abilities Clause: Evasion abilities are banned
|rule|Sleep Moves Clause: Sleep-inducing moves are banned
|clearpoke
|poke|p1|Lapras, F|
|poke|p1|Ursaring, F|
|poke|p1|Moltres-Galar|
|poke|p1|Swampert, F|
|poke|p1|Weezing-Galar, M|
|poke|p1|Heatran, M|
|poke|p2|Dragonite, M|
|poke|p2|Zamazenta-*|
|poke|p2|Gholdengo|
|poke|p2|Great Tusk|
|poke|p2|Kingambit, M|
|poke|p2|Ogerpon-Wellspring, F|
|teampreview
|inactive|Battle timer is ON: inactive players will automatically lose when time's up. (requested by FieryLeoN)
|
|t:|1769324402
|teamsize|p1|6
|teamsize|p2|6
|start
|switch|p1a: Lapras|Lapras, F|100/100
|switch|p2a: Ogerpon|Ogerpon-Wellspring, F|100/100
|turn|1
|
|t:|1769324410
|move|p2a: Ogerpon|Knock Off|p1a: Lapras
|-damage|p1a: Lapras|69/100
|-enditem|p1a: Lapras|Leftovers|[from] move: Knock Off|[of] p2a: Ogerpon
|move|p1a: Lapras|Dragon Dance|p1a: Lapras
|-boost|p1a: Lapras|atk|1
|-boost|p1a: Lapras|spe|1
|
|upkeep
|turn|2
|
|t:|1769324418
|move|p1a: Lapras|Ice Shard|p2a: Ogerpon
|-damage|p2a: Ogerpon|66/100
|move|p2a: Ogerpon|U-turn|p1a: Lapras
|-damage|p1a: Lapras|43/100
|
|t:|1769324426
|switch|p2a: Gholdengo|Gholdengo|100/100|[from] U-turn
|-item|p2a: Gholdengo|Air Balloon
|
|upkeep
|turn|3
|
|t:|1769324432
|move|p1a: Lapras|Ice Shard|p2a: Gholdengo
|-resisted|p2a: Gholdengo
|-damage|p2a: Gholdengo|85/100
|-enditem|p2a: Gholdengo|Air Balloon
|move|p2a: Gholdengo|Thunderbolt|p1a: Lapras
|-supereffective|p1a: Lapras
|-damage|p1a: Lapras|0 fnt
|faint|p1a: Lapras
|
|upkeep
|
|t:|1769324439
|switch|p1a: Swampert|Swampert, F|100/100
|turn|4
|
|t:|1769324447
|switch|p2a: Ogerpon|Ogerpon-Wellspring, F|66/100
|switch|p1a: Heatran|Heatran, M|100/100
|
|upkeep
|turn|5
|
|t:|1769324458
|switch|p1a: Swampert|Swampert, F|100/100
|move|p2a: Ogerpon|Ivy Cudgel|p1a: Swampert|[anim] Ivy Cudgel Water
|-damage|p1a: Swampert|58/100
|
|upkeep
|turn|6
|
|t:|1769324465
|move|p2a: Ogerpon|Knock Off|p1a: Swampert
|-damage|p1a: Swampert|31/100
|-enditem|p1a: Swampert|Assault Vest|[from] move: Knock Off|[of] p2a: Ogerpon
|move|p1a: Swampert|Endeavor|p2a: Ogerpon
|-damage|p2a: Ogerpon|41/100
|
|upkeep
|turn|7
|
|t:|1769324475
|move|p2a: Ogerpon|Synthesis|p2a: Ogerpon
|-heal|p2a: Ogerpon|91/100
|move|p1a: Swampert|Counter||[still]
|-fail|p1a: Swampert
|
|upkeep
|turn|8
|
|t:|1769324482
|move|p2a: Ogerpon|U-turn|p1a: Swampert
|-damage|p1a: Swampert|12/100
|
|t:|1769324485
|switch|p2a: Gholdengo|Gholdengo|85/100|[from] U-turn
|move|p1a: Swampert|Endeavor|p2a: Gholdengo
|-immune|p2a: Gholdengo
|
|upkeep
|turn|9
|
|t:|1769324495
|move|p2a: Gholdengo|Shadow Ball|p1a: Swampert
|-damage|p1a: Swampert|0 fnt
|faint|p1a: Swampert
|
|upkeep
|
|t:|1769324502
|switch|p1a: Ursaring|Ursaring, F|100/100
|turn|10
|
|t:|1769324511
|move|p2a: Gholdengo|Nasty Plot|p2a: Gholdengo
|-boost|p2a: Gholdengo|spa|2
|move|p1a: Ursaring|Bulk Up|p1a: Ursaring
|-boost|p1a: Ursaring|atk|1
|-boost|p1a: Ursaring|def|1
|
|upkeep
|turn|11
|
|t:|1769324519
|move|p2a: Gholdengo|Make It Rain|p1a: Ursaring
|-damage|p1a: Ursaring|13/100
|-unboost|p2a: Gholdengo|spa|1
|move|p1a: Ursaring|Earthquake|p2a: Gholdengo
|-supereffective|p2a: Gholdengo
|-damage|p2a: Gholdengo|0 fnt
|faint|p2a: Gholdengo
|
|upkeep
|
|t:|1769324529
|switch|p2a: Dragonite|Dragonite, M|100/100
|turn|12
|
|t:|1769324534
|move|p2a: Dragonite|Extreme Speed|p1a: Ursaring
|-damage|p1a: Ursaring|0 fnt
|faint|p1a: Ursaring
|
|upkeep
|
|t:|1769324541
|switch|p1a: Weezing|Weezing-Galar, M|100/100
|turn|13
|
|t:|1769324557
|switch|p2a: Kingambit|Kingambit, M|100/100
|-activate|p2a: Kingambit|ability: Supreme Overlord
|-start|p2a: Kingambit|fallen1|[silent]
|-item|p2a: Kingambit|Air Balloon
|move|p1a: Weezing|Strange Steam|p2a: Kingambit
|-damage|p2a: Kingambit|65/100
|-enditem|p2a: Kingambit|Air Balloon
|
|upkeep
|turn|14
|
|t:|1769324568
|switch|p1a: Heatran|Heatran, M|100/100
|move|p2a: Kingambit|Swords Dance|p2a: Kingambit
|-boost|p2a: Kingambit|atk|2
|
|upkeep
|turn|15
|
|t:|1769324588
|move|p2a: Kingambit|Sucker Punch|p1a: Heatran
|-damage|p1a: Heatran|27/100
|-damage|p2a: Kingambit|48/100|[from] item: Rocky Helmet|[of] p1a: Heatran
|-status|p2a: Kingambit|brn|[from] ability: Flame Body|[of] p1a: Heatran
|move|p1a: Heatran|Flamethrower|p2a: Kingambit
|-supereffective|p2a: Kingambit
|-crit|p2a: Kingambit
|-damage|p2a: Kingambit|0 fnt
|faint|p2a: Kingambit
|-end|p2a: Kingambit|fallen1|[silent]
|
|upkeep
|inactive|FieryLeoN has 120 seconds left.
|
|t:|1769324600
|switch|p2a: Great Tusk|Great Tusk|100/100
|-enditem|p2a: Great Tusk|Booster Energy
|-activate|p2a: Great Tusk|ability: Protosynthesis|[fromitem]
|-start|p2a: Great Tusk|protosynthesisatk
|turn|16
|
|t:|1769324606
|move|p2a: Great Tusk|Headlong Rush|p1a: Heatran
|-supereffective|p1a: Heatran
|-damage|p1a: Heatran|0 fnt
|-unboost|p2a: Great Tusk|def|1
|-unboost|p2a: Great Tusk|spd|1
|-damage|p2a: Great Tusk|84/100|[from] item: Rocky Helmet|[of] p1a: Heatran
|faint|p1a: Heatran
|
|upkeep
|
|t:|1769324614
|switch|p1a: Weezing|Weezing-Galar, M|100/100
|turn|17
|
|t:|1769324622
|-terastallize|p1a: Weezing|Steel
|move|p2a: Great Tusk|Rapid Spin|p1a: Weezing
|-resisted|p1a: Weezing
|-damage|p1a: Weezing|90/100
|-boost|p2a: Great Tusk|spe|1
|move|p1a: Weezing|Strange Steam|p2a: Great Tusk
|-supereffective|p2a: Great Tusk
|-damage|p2a: Great Tusk|0 fnt
|faint|p2a: Great Tusk
|-end|p2a: Great Tusk|Protosynthesis|[silent]
|
|upkeep
|
|t:|1769324634
|switch|p2a: Dragonite|Dragonite, M|100/100
|turn|18
|
|t:|1769324638
|move|p2a: Dragonite|Dragon Dance|p2a: Dragonite
|-boost|p2a: Dragonite|atk|1
|-boost|p2a: Dragonite|spe|1
|move|p1a: Weezing|Strange Steam|p2a: Dragonite
|-supereffective|p2a: Dragonite
|-damage|p2a: Dragonite|57/100
|-start|p2a: Dragonite|confusion
|
|upkeep
|turn|19
|
|t:|1769324648
|-terastallize|p2a: Dragonite|Normal
|-activate|p2a: Dragonite|confusion
|move|p2a: Dragonite|Fire Punch|p1a: Weezing
|-supereffective|p1a: Weezing
|-damage|p1a: Weezing|22/100
|move|p1a: Weezing|Sludge Bomb|p2a: Dragonite
|-damage|p2a: Dragonite|14/100
|-status|p2a: Dragonite|psn
|
|-damage|p2a: Dragonite|1/100 psn|[from] psn
|upkeep
|turn|20
|
|t:|1769324660
|-activate|p2a: Dragonite|confusion
|move|p2a: Dragonite|Fire Punch|p1a: Weezing
|-supereffective|p1a: Weezing
|-damage|p1a: Weezing|0 fnt
|faint|p1a: Weezing
|
|-damage|p2a: Dragonite|0 fnt|[from] psn
|faint|p2a: Dragonite
|upkeep
|
|t:|1769324670
|switch|p2a: Ogerpon|Ogerpon-Wellspring, F|91/100
|switch|p1a: Moltres|Moltres-Galar|100/100
|turn|21
|
|t:|1769324677
|move|p2a: Ogerpon|Knock Off|p1a: Moltres
|-resisted|p1a: Moltres
|-crit|p1a: Moltres
|-damage|p1a: Moltres|73/100
|-enditem|p1a: Moltres|Weakness Policy|[from] move: Knock Off|[of] p2a: Ogerpon
|move|p1a: Moltres|Tailwind|p1a: Moltres
|-sidestart|p1: Eggolego|move: Tailwind
|
|upkeep
|turn|22
|
|t:|1769324685
|move|p1a: Moltres|Air Slash|p2a: Ogerpon
|-supereffective|p2a: Ogerpon
|-damage|p2a: Ogerpon|11/100
|cant|p2a: Ogerpon|flinch
|
|upkeep
|turn|23
|
|t:|1769324692
|move|p1a: Moltres|Fiery Wrath|p2a: Ogerpon
|-damage|p2a: Ogerpon|0 fnt
|faint|p2a: Ogerpon
|
|upkeep
|
|t:|1769324698
|switch|p2a: Zamazenta|Zamazenta|100/100
|-ability|p2a: Zamazenta|Dauntless Shield|boost
|-boost|p2a: Zamazenta|def|1
|turn|24
|
|t:|1769324707
|move|p1a: Moltres|Air Slash|p2a: Zamazenta
|-supereffective|p2a: Zamazenta
|-damage|p2a: Zamazenta|43/100
|move|p2a: Zamazenta|Iron Defense|p2a: Zamazenta
|-boost|p2a: Zamazenta|def|2
|
|-heal|p2a: Zamazenta|49/100|[from] item: Leftovers
|-sideend|p1: Eggolego|move: Tailwind
|upkeep
|turn|25
|
|t:|1769324717
|move|p2a: Zamazenta|Body Press|p1a: Moltres
|-damage|p1a: Moltres|0 fnt
|faint|p1a: Moltres
|
|win|FieryLeoN
|raw|Eggolego's rating: 1134 &rarr; <strong>1110</strong><br />(-24 for losing)
|raw|FieryLeoN's rating: 1142 &rarr; <strong>1166</strong><br />(+24 for winning)
|l|☆Eggolego
|player|p1|
|l|☆FieryLeoN
|player|p2|
