|j|☆MangLe12138
|j|☆BurlyNut
|t:|1769329288
|gametype|singles
|player|p1|MangLe12138|pokefan|1356
|player|p2|BurlyNut|steven|1242
|gen|9
|tier|[Gen 9] OU
|rated|
|rule|HP Percentage Mod: HP is shown in percentages
|rule|Endless Battle Clause: Forcing endless battles is banned
|rule|Species Clause: Limit one of each Pokémon
|rule|OHKO Clause: OHKO moves are banned
|rule|Evasion Items Clause: Evasion items are banned
|rule|Evasion Moves Clause: Evasion moves are banned
|rule|Evasion Abilities Clause: Evasion abilities are banned
|rule|Sleep Moves Clause: Sleep-inducing moves are banned
|clearpoke
|poke|p1|Pelipper, F|
|poke|p1|Iron Treads|
|poke|p1|Dragapult, F|
|poke|p1|Keldeo-Resolute|
|poke|p1|Raging Bolt|
|poke|p1|Lokix, F|
|poke|p2|Ceruledge, M|
|poke|p2|Enamorus, F|
|poke|p2|Thundurus-Therian, M|
|poke|p2|Crawdaunt, M|
|poke|p2|Landorus-Therian, M|
|poke|p2|Metagross|
|teampreview
|inactive|Battle timer is ON: inactive players will automatically lose when time's up. (requested by BurlyNut)
|
|t:|1769329299
|teamsize|p1|6
|teamsize|p2|6
|start
|switch|p1a: Iron Treads|Iron Treads|100/100
|switch|p2a: Enamorus|Enamorus, F, shiny|100/100
|turn|1
|
|t:|1769329308
|move|p2a: Enamorus|Superpower|p1a: Iron Treads
|-supereffective|p1a: Iron Treads
|-damage|p1a: Iron Treads|33/100
|-boost|p2a: Enamorus|atk|1
|-boost|p2a: Enamorus|def|1
|move|p1a: Iron Treads|Stealth Rock|p2a: Enamorus
|-sidestart|p2: BurlyNut|move: Stealth Rock
|
|-heal|p1a: Iron Treads|39/100|[from] item: Leftovers
|upkeep
|turn|2
|
|t:|1769329325
|-end|p1a: Iron Treads|Quark Drive|[silent]
|switch|p1a: Pelipper|Pelipper, F|100/100
|-weather|RainDance|[from] ability: Drizzle|[of] p1a: Pelipper
|move|p2a: Enamorus|Play Rough|p1a: Pelipper
|-damage|p1a: Pelipper|45/100
|
|-weather|RainDance|[upkeep]
|upkeep
|turn|3
|
|t:|1769329337
|move|p2a: Enamorus|Superpower|p1a: Pelipper
|-resisted|p1a: Pelipper
|-damage|p1a: Pelipper|22/100
|-boost|p2a: Enamorus|atk|1
|-boost|p2a: Enamorus|def|1
|move|p1a: Pelipper|U-turn|p2a: Enamorus
|-resisted|p2a: Enamorus
|-damage|p2a: Enamorus|99/100
|
|t:|1769329342
|switch|p1a: Keldeo|Keldeo-Resolute|100/100|[from] U-turn
|
|-weather|RainDance|[upkeep]
|-heal|p2a: Enamorus|100/100|[from] item: Leftovers
|upkeep
|turn|4
|
|t:|1769329352
|move|p1a: Keldeo|Surf|p2a: Enamorus
|-damage|p2a: Enamorus|0 fnt
|faint|p2a: Enamorus
|
|-weather|RainDance|[upkeep]
|upkeep
|
|t:|1769329368
|switch|p2a: Thundurus|Thundurus-Therian, M, shiny|100/100
|-damage|p2a: Thundurus|76/100|[from] Stealth Rock
|turn|5
|
|t:|1769329380
|switch|p1a: Iron Treads|Iron Treads|39/100
|move|p2a: Thundurus|Agility|p2a: Thundurus
|-boost|p2a: Thundurus|spe|2
|
|-weather|RainDance|[upkeep]
|-heal|p2a: Thundurus|82/100|[from] item: Leftovers
|-heal|p1a: Iron Treads|45/100|[from] item: Leftovers
|upkeep
|turn|6
|
|t:|1769329390
|move|p2a: Thundurus|Dark Pulse|p1a: Iron Treads
|-damage|p1a: Iron Treads|17/100
|move|p1a: Iron Treads|Knock Off|p2a: Thundurus
|-crit|p2a: Thundurus
|-damage|p2a: Thundurus|23/100
|-enditem|p2a: Thundurus|Leftovers|[from] move: Knock Off|[of] p1a: Iron Treads
|
|-weather|RainDance|[upkeep]
|-heal|p1a: Iron Treads|23/100|[from] item: Leftovers
|upkeep
|turn|7
|
|t:|1769329400
|move|p2a: Thundurus|Dark Pulse|p1a: Iron Treads
|-damage|p1a: Iron Treads|0 fnt
|faint|p1a: Iron Treads
|-end|p1a: Iron Treads|Quark Drive|[silent]
|
|-weather|RainDance|[upkeep]
|upkeep
|
|t:|1769329412
|switch|p1a: Lokix|Lokix, F|100/100
|turn|8
|
|t:|1769329416
|move|p1a: Lokix|First Impression|p2a: Thundurus
|-resisted|p2a: Thundurus
|-damage|p2a: Thundurus|0 fnt
|faint|p2a: Thundurus
|-damage|p1a: Lokix|91/100|[from] item: Life Orb
|
|-weather|RainDance|[upkeep]
|upkeep
|
|t:|1769329434
|switch|p2a: Metagross|Metagross, shiny|100/100
|-damage|p2a: Metagross|95/100|[from] Stealth Rock
|turn|9
|
|t:|1769329444
|-terastallize|p2a: Metagross|Ground
|move|p1a: Lokix|Knock Off|p2a: Metagross
|-damage|p2a: Metagross|43/100
|-enditem|p2a: Metagross|Leftovers|[from] move: Knock Off|[of] p1a: Lokix
|-damage|p1a: Lokix|81/100|[from] item: Life Orb
|move|p2a: Metagross|Trailblaze|p1a: Lokix
|-resisted|p1a: Lokix
|-damage|p1a: Lokix|66/100
|-boost|p2a: Metagross|spe|1
|
|-weather|none
|upkeep
|turn|10
|
|t:|1769329457
|move|p2a: Metagross|Meteor Mash|p1a: Lokix
|-damage|p1a: Lokix|0 fnt
|faint|p1a: Lokix
|
|upkeep
|inactive|MangLe12138 has 120 seconds left.
|
|t:|1769329489
|switch|p1a: Pelipper|Pelipper, F|22/100
|-weather|RainDance|[from] ability: Drizzle|[of] p1a: Pelipper
|turn|11
|
|t:|1769329501
|move|p2a: Metagross|Meteor Mash|p1a: Pelipper
|-resisted|p1a: Pelipper
|-damage|p1a: Pelipper|1/100
|move|p1a: Pelipper|Weather Ball|p2a: Metagross
|-supereffective|p2a: Metagross
|-damage|p2a: Metagross|0 fnt
|faint|p2a: Metagross
|
|-weather|RainDance|[upkeep]
|upkeep
|
|t:|1769329513
|switch|p2a: Crawdaunt|Crawdaunt, M, shiny|100/100
|-damage|p2a: Crawdaunt|88/100|[from] Stealth Rock
|turn|12
|
|t:|1769329523
|move|p2a: Crawdaunt|Dragon Dance|p2a: Crawdaunt
|-boost|p2a: Crawdaunt|atk|1
|-boost|p2a: Crawdaunt|spe|1
|move|p1a: Pelipper|U-turn|p2a: Crawdaunt
|-supereffective|p2a: Crawdaunt
|-damage|p2a: Crawdaunt|59/100
|
|t:|1769329531
|switch|p1a: Keldeo|Keldeo-Resolute|100/100|[from] U-turn
|
|-weather|RainDance|[upkeep]
|-heal|p2a: Crawdaunt|65/100|[from] item: Leftovers
|upkeep
|turn|13
|
|t:|1769329540
|move|p1a: Keldeo|Vacuum Wave|p2a: Crawdaunt
|-supereffective|p2a: Crawdaunt
|-damage|p2a: Crawdaunt|0 fnt
|faint|p2a: Crawdaunt
|
|-weather|RainDance|[upkeep]
|upkeep
|
|t:|1769329547
|switch|p2a: Landorus|Landorus-Therian, M, shiny|100/100
|-damage|p2a: Landorus|88/100|[from] Stealth Rock
|-ability|p2a: Landorus|Intimidate|boost
|-unboost|p1a: Keldeo|atk|1
|turn|14
|
|t:|1769329559
|switch|p1a: Raging Bolt|Raging Bolt|100/100
|-enditem|p1a: Raging Bolt|Booster Energy
|-activate|p1a: Raging Bolt|ability: Protosynthesis|[fromitem]
|-start|p1a: Raging Bolt|protosynthesisspa
|move|p2a: Landorus|Earthquake|p1a: Raging Bolt
|-supereffective|p1a: Raging Bolt
|-damage|p1a: Raging Bolt|0 fnt
|faint|p1a: Raging Bolt
|-end|p1a: Raging Bolt|Protosynthesis|[silent]
|
|-weather|RainDance|[upkeep]
|upkeep
|
|t:|1769329576
|switch|p1a: Keldeo|Keldeo-Resolute|100/100
|turn|15
|
|t:|1769329582
|move|p1a: Keldeo|Surf|p2a: Landorus
|-supereffective|p2a: Landorus
|-damage|p2a: Landorus|0 fnt
|faint|p2a: Landorus
|
|-weather|RainDance|[upkeep]
|upkeep
|
|t:|1769329588
|switch|p2a: Ceruledge|Ceruledge, M, shiny|100/100
|-damage|p2a: Ceruledge|75/100|[from] Stealth Rock
|turn|16
|
|t:|1769329592
|move|p2a: Ceruledge|Shadow Sneak|p1a: Keldeo
|-damage|p1a: Keldeo|76/100
|move|p1a: Keldeo|Surf|p2a: Ceruledge
|-supereffective|p2a: Ceruledge
|-damage|p2a: Ceruledge|0 fnt
|faint|p2a: Ceruledge
|
|win|MangLe12138
|raw|MangLe12138's rating: 1356 &rarr; <strong>1370</strong><br />(+14 for winning)
|raw|BurlyNut's rating: 1242 &rarr; <strong>1225</strong><br />(-17 for losing)
|l|☆BurlyNut
|player|p2|
|l|☆MangLe12138
|player|p1|
