|j|☆uscboarder
|j|☆okbuddychingling
|t:|1769319035
|gametype|singles
|player|p1|uscboarder|musician|1495
|player|p2|okbuddychingling|gambler|1517
|gen|9
|tier|[Gen 9] OU
|rated|
|rule|HP Percentage Mod: HP is shown in percentages
|rule|Endless Battle Clause: Forcing endless battles is banned
|rule|Species Clause: Limit one of each Pokémon
|rule|OHKO Clause: OHKO moves are banned
|rule|Evasion Items Clause: Evasion items are banned
|rule|Evasion Moves Clause: Evasion moves are banned
|rule|Evasion Abilities Clause: Evasion abilities are banned
|rule|Sleep Moves Clause: Sleep-inducing moves are banned
|clearpoke
|poke|p1|Chesnaught, M|
|poke|p1|Garganacl, F|
|poke|p1|Weezing-Galar, F|
|poke|p1|Dragonite, F|
|poke|p1|Araquanid, M|
|poke|p1|Gholdengo|
|poke|p2|Iron Crown|
|poke|p2|Zamazenta-*|
|poke|p2|Great Tusk|
|poke|p2|Kingambit, F|
|poke|p2|Enamorus, F|
|poke|p2|Ogerpon-Wellspring, F|
|teampreview
|inactive|Battle timer is ON: inactive players will automatically lose when time's up. (requested by uscboarder)
|
|t:|1769319051
|teamsize|p1|6
|teamsize|p2|6
|start
|switch|p1a: Araquanid|Araquanid, M|100/100
|switch|p2a: Lord of the Flies|Zamazenta|100/100
|-ability|p2a: Lord of the Flies|Dauntless Shield|boost
|-boost|p2a: Lord of the Flies|def|1
|turn|1
|
|t:|1769319057
|switch|p1a: Gholdengo|Gholdengo|100/100
|move|p2a: Lord of the Flies|Reflect|p2a: Lord of the Flies
|-sidestart|p2: okbuddychingling|Reflect
|
|upkeep
|turn|2
|
|t:|1769319061
|move|p2a: Lord of the Flies|Light Screen|p2a: Lord of the Flies
|-sidestart|p2: okbuddychingling|move: Light Screen
|move|p1a: Gholdengo|Thunder Wave|p2a: Lord of the Flies
|-status|p2a: Lord of the Flies|par
|
|upkeep
|turn|3
|
|t:|1769319068
|switch|p2a: Curb Stomp|Great Tusk|100/100
|-enditem|p2a: Curb Stomp|Booster Energy
|-activate|p2a: Curb Stomp|ability: Protosynthesis|[fromitem]
|-start|p2a: Curb Stomp|protosynthesisatk
|move|p1a: Gholdengo|Hex|p2a: Curb Stomp
|-damage|p2a: Curb Stomp|79/100
|
|upkeep
|turn|4
|
|t:|1769319077
|switch|p1a: Chesnaught|Chesnaught, M|100/100
|move|p2a: Curb Stomp|Earthquake|p1a: Chesnaught
|-resisted|p1a: Chesnaught
|-damage|p1a: Chesnaught|80/100
|
|upkeep
|turn|5
|
|t:|1769319085
|-end|p2a: Curb Stomp|Protosynthesis|[silent]
|switch|p2a: Madusa|Enamorus, F|100/100
|move|p1a: Chesnaught|Iron Defense|p1a: Chesnaught
|-boost|p1a: Chesnaught|def|2
|
|upkeep
|turn|6
|
|t:|1769319091
|switch|p1a: Garganacl|Garganacl, F|100/100
|move|p2a: Madusa|Moonblast|p1a: Garganacl
|-damage|p1a: Garganacl|46/100
|
|-heal|p1a: Garganacl|52/100|[from] item: Leftovers
|upkeep
|turn|7
|
|t:|1769319098
|-terastallize|p2a: Madusa|Fairy
|move|p1a: Garganacl|Protect|p1a: Garganacl
|-singleturn|p1a: Garganacl|Protect
|move|p2a: Madusa|Moonblast|p1a: Garganacl
|-activate|p1a: Garganacl|move: Protect
|
|-heal|p1a: Garganacl|59/100|[from] item: Leftovers
|upkeep
|turn|8
|
|t:|1769319102
|switch|p1a: Weezing|Weezing-Galar, F|100/100
|-ability|p1a: Weezing|Neutralizing Gas
|move|p2a: Madusa|Moonblast|p1a: Weezing
|-resisted|p1a: Weezing
|-damage|p1a: Weezing|51/100
|
|-sideend|p2: okbuddychingling|Reflect
|upkeep
|turn|9
|
|t:|1769319114
|move|p2a: Madusa|Moonblast|p1a: Weezing
|-resisted|p1a: Weezing
|-damage|p1a: Weezing|4/100
|-unboost|p1a: Weezing|spa|1
|move|p1a: Weezing|Toxic|p2a: Madusa
|-status|p2a: Madusa|tox
|
|-damage|p2a: Madusa|94/100 tox|[from] psn
|-sideend|p2: okbuddychingling|move: Light Screen
|upkeep
|turn|10
|
|t:|1769319121
|move|p2a: Madusa|Moonblast|p1a: Weezing
|-resisted|p1a: Weezing
|-damage|p1a: Weezing|0 fnt
|faint|p1a: Weezing
|-end|p1a: Weezing|ability: Neutralizing Gas
|
|-damage|p2a: Madusa|82/100 tox|[from] psn
|upkeep
|
|t:|1769319126
|switch|p1a: Gholdengo|Gholdengo|100/100
|turn|11
|
|t:|1769319136
|switch|p2a: Queengambit|Kingambit, F|100/100
|switch|p1a: Araquanid|Araquanid, M|100/100
|
|upkeep
|turn|12
|
|t:|1769319140
|move|p2a: Queengambit|Swords Dance|p2a: Queengambit
|-boost|p2a: Queengambit|atk|2
|move|p1a: Araquanid|Liquidation|p2a: Queengambit
|-damage|p2a: Queengambit|18/100
|-unboost|p2a: Queengambit|def|1
|
|upkeep
|turn|13
|
|t:|1769319149
|switch|p1a: Chesnaught|Chesnaught, M|80/100
|move|p2a: Queengambit|Kowtow Cleave|p1a: Chesnaught
|-resisted|p1a: Chesnaught
|-damage|p1a: Chesnaught|44/100
|-damage|p2a: Queengambit|1/100|[from] item: Rocky Helmet|[of] p1a: Chesnaught
|
|upkeep
|turn|14
|
|t:|1769319156
|move|p1a: Chesnaught|Synthesis|p1a: Chesnaught
|-heal|p1a: Chesnaught|94/100
|move|p2a: Queengambit|Iron Head|p1a: Chesnaught
|-damage|p1a: Chesnaught|33/100
|-damage|p2a: Queengambit|0 fnt|[from] item: Rocky Helmet|[of] p1a: Chesnaught
|faint|p2a: Queengambit
|-end|p2a: Queengambit|fallenundefined|[silent]
|
|upkeep
|
|t:|1769319172
|switch|p2a: Madusa|Enamorus, F, tera:Fairy|82/100 tox
|turn|15
|
|t:|1769319178
|switch|p1a: Gholdengo|Gholdengo|100/100
|move|p2a: Madusa|Moonblast|p1a: Gholdengo
|-resisted|p1a: Gholdengo
|-damage|p1a: Gholdengo|50/100
|
|-heal|p1a: Gholdengo|56/100|[from] item: Leftovers
|-damage|p2a: Madusa|76/100 tox|[from] psn
|upkeep
|turn|16
|
|t:|1769319189
|move|p2a: Madusa|Moonblast|p1a: Gholdengo
|-resisted|p1a: Gholdengo
|-crit|p1a: Gholdengo
|-damage|p1a: Gholdengo|0 fnt
|faint|p1a: Gholdengo
|
|-damage|p2a: Madusa|63/100 tox|[from] psn
|upkeep
|
|t:|1769319195
|switch|p1a: Araquanid|Araquanid, M|100/100
|turn|17
|
|t:|1769319198
|move|p2a: Madusa|Moonblast|p1a: Araquanid
|-crit|p1a: Araquanid
|-damage|p1a: Araquanid|0 fnt
|faint|p1a: Araquanid
|
|-damage|p2a: Madusa|44/100 tox|[from] psn
|upkeep
|
|t:|1769319203
|switch|p1a: Dragonite|Dragonite, F|100/100
|turn|18
|
|t:|1769319207
|-terastallize|p1a: Dragonite|Fairy
|move|p2a: Madusa|Moonblast|p1a: Dragonite
|-damage|p1a: Dragonite|49/100
|-unboost|p1a: Dragonite|spa|1
|move|p1a: Dragonite|Dragon Dance|p1a: Dragonite
|-boost|p1a: Dragonite|atk|1
|-boost|p1a: Dragonite|spe|1
|
|-damage|p2a: Madusa|20/100 tox|[from] psn
|upkeep
|turn|19
|
|t:|1769319223
|move|p1a: Dragonite|Extreme Speed|p2a: Madusa
|-damage|p2a: Madusa|0 fnt
|faint|p2a: Madusa
|
|upkeep
|
|t:|1769319231
|switch|p2a: Lord of the Flies|Zamazenta|100/100 par
|turn|20
|
|t:|1769319237
|move|p1a: Dragonite|Tera Blast|p2a: Lord of the Flies|[anim] Tera Blast Fairy
|-supereffective|p2a: Lord of the Flies
|-damage|p2a: Lord of the Flies|0 fnt
|faint|p2a: Lord of the Flies
|
|upkeep
|
|t:|1769319240
|switch|p2a: Goldwing|Iron Crown|100/100
|-enditem|p2a: Goldwing|Booster Energy
|-activate|p2a: Goldwing|ability: Quark Drive|[fromitem]
|-start|p2a: Goldwing|quarkdrivespa
|turn|21
|
|t:|1769319246
|move|p1a: Dragonite|Earthquake|p2a: Goldwing
|-supereffective|p2a: Goldwing
|-damage|p2a: Goldwing|4/100
|move|p2a: Goldwing|Tachyon Cutter|p1a: Dragonite
|-supereffective|p1a: Dragonite
|-damage|p1a: Dragonite|0 fnt
|faint|p1a: Dragonite
|-hitcount|p1: Dragonite|1
|
|upkeep
|
|t:|1769319253
|switch|p1a: Chesnaught|Chesnaught, M|33/100
|turn|22
|
|t:|1769319257
|move|p2a: Goldwing|Psyshock|p1a: Chesnaught
|-supereffective|p1a: Chesnaught
|-damage|p1a: Chesnaught|0 fnt
|faint|p1a: Chesnaught
|
|upkeep
|
|t:|1769319260
|switch|p1a: Garganacl|Garganacl, F|59/100
|turn|23
|
|t:|1769319261
|move|p2a: Goldwing|Tachyon Cutter|p1a: Garganacl
|-supereffective|p1a: Garganacl
|-damage|p1a: Garganacl|13/100
|-supereffective|p1a: Garganacl
|-damage|p1a: Garganacl|0 fnt
|faint|p1a: Garganacl
|-hitcount|p1: Garganacl|2
|
|win|okbuddychingling
|raw|uscboarder's rating: 1495 &rarr; <strong>1476</strong><br />(-19 for losing)
|raw|okbuddychingling's rating: 1517 &rarr; <strong>1536</strong><br />(+19 for winning)
|l|☆uscboarder
|player|p1|
|l|☆okbuddychingling
|player|p2|
