|j|☆Markizbi
|j|☆skayboy31
|t:|1769429450
|gametype|singles
|player|p1|Markizbi|hilbert|1194
|player|p2|skayboy31|lucas|1188
|gen|9
|tier|[Gen 9] OU
|rated|
|rule|HP Percentage Mod: HP is shown in percentages
|rule|Endless Battle Clause: Forcing endless battles is banned
|rule|Species Clause: Limit one of each Pokémon
|rule|OHKO Clause: OHKO moves are banned
|rule|Evasion Items Clause: Evasion items are banned
|rule|Evasion Moves Clause: Evasion moves are banned
|rule|Evasion Abilities Clause: Evasion abilities are banned
|rule|Sleep Moves Clause: Sleep-inducing moves are banned
|clearpoke
|poke|p1|Hatterene, F|
|poke|p1|Torkoal, F|
|poke|p1|Zoroark-Hisui, M|
|poke|p1|Magnezone|
|poke|p1|Iron Valiant|
|poke|p1|Donphan, F|
|poke|p2|Ogerpon-Wellspring, F|
|poke|p2|Garganacl, F|
|poke|p2|Landorus-Therian, M|
|poke|p2|Kyurem|
|poke|p2|Zapdos-Galar|
|poke|p2|Salazzle, F|
|teampreview
|
|t:|1769429469
|teamsize|p1|6
|teamsize|p2|6
|start
|switch|p1a: Hatterene|Hatterene, F|100/100
|switch|p2a: Landorus|Landorus-Therian, M, shiny|100/100
|-ability|p2a: Landorus|Intimidate|boost
|-unboost|p1a: Hatterene|atk|1
|turn|1
|
|t:|1769429478
|move|p1a: Hatterene|Shadow Ball|p2a: Landorus
|-damage|p2a: Landorus|48/100
|move|p2a: Landorus|Crunch|p1a: Hatterene
|-supereffective|p1a: Hatterene
|-enditem|p1a: Hatterene|Focus Sash
|-damage|p1a: Hatterene|1/100
|replace|p1a: Zoroark|Zoroark-Hisui, M
|-end|p1a: Zoroark|Illusion
|
|upkeep
|turn|2
|
|t:|1769429493
|switch|p2a: Garganacl|Garganacl, F|100/100
|move|p1a: Zoroark|Shadow Ball|p2a: Garganacl
|-damage|p2a: Garganacl|85/100
|
|-heal|p2a: Garganacl|91/100|[from] item: Leftovers
|upkeep
|turn|3
|
|t:|1769429509
|switch|p1a: Hatterene|Hatterene, F|100/100
|move|p2a: Garganacl|Salt Cure|p1a: Hatterene
|-damage|p1a: Hatterene|84/100
|-start|p1a: Hatterene|Salt Cure
|
|-heal|p2a: Garganacl|97/100|[from] item: Leftovers
|-damage|p1a: Hatterene|72/100|[from] Salt Cure
|upkeep
|turn|4
|
|t:|1769429520
|switch|p2a: Salazzle|Salazzle, F|100/100
|switch|p1a: Magnezone|Magnezone|100/100
|
|upkeep
|turn|5
|inactive|Battle timer is ON: inactive players will automatically lose when time's up. (requested by skayboy31)
|
|t:|1769429538
|switch|p1a: Magnezone|Magnezone|1/100
|move|p2a: Salazzle|Flamethrower|p1a: Magnezone
|-damage|p1a: Magnezone|0 fnt
|replace|p1a: Zoroark|Zoroark-Hisui, M
|-end|p1a: Zoroark|Illusion
|faint|p1a: Zoroark
|-damage|p2a: Salazzle|91/100|[from] item: Life Orb
|
|upkeep
|
|t:|1769429548
|switch|p1a: Donphan|Donphan, F|100/100
|turn|6
|
|t:|1769429559
|switch|p2a: Ogerpon|Ogerpon-Wellspring, F|100/100
|move|p1a: Donphan|Knock Off|p2a: Ogerpon
|-damage|p2a: Ogerpon|70/100
|
|upkeep
|turn|7
|inactive|Markizbi has 120 seconds left.
|
|t:|1769429591
|-terastallize|p1a: Donphan|Flying
|move|p2a: Ogerpon|Ivy Cudgel|p1a: Donphan|[anim] Ivy Cudgel Water
|-damage|p1a: Donphan|58/100
|move|p1a: Donphan|Ice Spinner|p2a: Ogerpon
|-damage|p2a: Ogerpon|30/100
|
|upkeep
|turn|8
|
|t:|1769429614
|switch|p2a: Kyurem|Kyurem|100/100
|-ability|p2a: Kyurem|Pressure
|move|p1a: Donphan|Ice Spinner|p2a: Kyurem
|-crit|p2a: Kyurem
|-damage|p2a: Kyurem|60/100
|
|upkeep
|turn|9
|
|t:|1769429622
|switch|p1a: Iron Valiant|Iron Valiant|100/100
|-enditem|p1a: Iron Valiant|Booster Energy
|-activate|p1a: Iron Valiant|ability: Quark Drive|[fromitem]
|-start|p1a: Iron Valiant|quarkdrivespe
|move|p2a: Kyurem|Freeze-Dry|p1a: Iron Valiant
|-damage|p1a: Iron Valiant|15/100
|-status|p1a: Iron Valiant|frz
|-damage|p2a: Kyurem|50/100|[from] item: Life Orb
|
|upkeep
|turn|10
|
|t:|1769429633
|move|p2a: Kyurem|Freeze-Dry|p1a: Iron Valiant
|-damage|p1a: Iron Valiant|0 fnt
|faint|p1a: Iron Valiant
|-end|p1a: Iron Valiant|Quark Drive|[silent]
|-damage|p2a: Kyurem|41/100|[from] item: Life Orb
|
|upkeep
|
|t:|1769429638
|switch|p1a: Hatterene|Hatterene, F|72/100
|turn|11
|
|t:|1769429651
|-terastallize|p2a: Kyurem|Fairy
|move|p2a: Kyurem|Freeze-Dry|p1a: Hatterene
|-damage|p1a: Hatterene|35/100
|-damage|p2a: Kyurem|31/100|[from] item: Life Orb
|move|p1a: Hatterene|Trick Room|p1a: Hatterene
|-fieldstart|move: Trick Room|[of] p1a: Hatterene
|
|upkeep
|turn|12
|
|t:|1769429677
|switch|p2a: Garganacl|Garganacl, F|97/100
|move|p1a: Hatterene|Healing Wish|p1a: Hatterene
|faint|p1a: Hatterene
|
|-heal|p2a: Garganacl|100/100|[from] item: Leftovers
|upkeep
|
|t:|1769429685
|switch|p1a: Torkoal|Torkoal, F|100/100
|-weather|SunnyDay|[from] ability: Drought|[of] p1a: Torkoal
|turn|13
|inactive|Markizbi has 120 seconds left.
|inactive|Markizbi has 90 seconds left.
|l|☆skayboy31
|inactive|skayboy31 disconnected and has a minute to reconnect!
|player|p2|
|inactive|Markizbi has 60 seconds left.
|
|t:|1769429782
|move|p1a: Torkoal|Solar Beam||[still]
|-prepare|p1a: Torkoal|Solar Beam
|-anim|p1a: Torkoal|Solar Beam|p2a: Garganacl
|-supereffective|p2a: Garganacl
|-damage|p2a: Garganacl|53/100
|move|p2a: Garganacl|Salt Cure|p1a: Torkoal
|-supereffective|p1a: Torkoal
|-damage|p1a: Torkoal|80/100
|-start|p1a: Torkoal|Salt Cure
|
|-weather|SunnyDay|[upkeep]
|-heal|p2a: Garganacl|60/100|[from] item: Leftovers
|-damage|p1a: Torkoal|67/100|[from] Salt Cure
|upkeep
|turn|14
|inactive|Markizbi has 60 seconds left.
|j|☆skayboy31
|inactive|skayboy31 reconnected and has 130 seconds left.
|player|p2|skayboy31|lucas|
|
|t:|1769429806
|switch|p1a: Magnezone|Magnezone|100/100
|move|p2a: Garganacl|Salt Cure|p1a: Magnezone
|-resisted|p1a: Magnezone
|-damage|p1a: Magnezone|96/100
|
|-weather|SunnyDay|[upkeep]
|-heal|p2a: Garganacl|66/100|[from] item: Leftovers
|upkeep
|turn|15
|inactive|Markizbi has 60 seconds left.
|inactive|skayboy31 has 120 seconds left.
|
|t:|1769429826
|move|p2a: Garganacl|Recover|p2a: Garganacl
|-heal|p2a: Garganacl|100/100
|move|p1a: Magnezone|Body Press|p2a: Garganacl
|-supereffective|p2a: Garganacl
|-damage|p2a: Garganacl|71/100
|
|-weather|SunnyDay|[upkeep]
|-heal|p2a: Garganacl|77/100|[from] item: Leftovers
|-fieldend|move: Trick Room
|upkeep
|turn|16
|inactive|skayboy31 has 120 seconds left.
|
|t:|1769429838
|switch|p2a: Salazzle|Salazzle, F|91/100
|move|p1a: Magnezone|Flash Cannon|p2a: Salazzle
|-resisted|p2a: Salazzle
|-damage|p2a: Salazzle|58/100
|
|-weather|SunnyDay|[upkeep]
|upkeep
|turn|17
|-message|Markizbi forfeited.
|
|win|skayboy31
|raw|Markizbi's rating: 1194 &rarr; <strong>1169</strong><br />(-25 for losing)
|raw|skayboy31's rating: 1188 &rarr; <strong>1213</strong><br />(+25 for winning)
|l|☆Markizbi
|player|p1|
