|j|☆blzh
|j|☆Pem779567 phone
|t:|1769411352
|gametype|singles
|player|p1|blzh|101|1138
|player|p2|Pem779567 phone|1|1153
|gen|9
|tier|[Gen 9] OU
|rated|
|rule|HP Percentage Mod: HP is shown in percentages
|rule|Endless Battle Clause: Forcing endless battles is banned
|rule|Species Clause: Limit one of each Pokémon
|rule|OHKO Clause: OHKO moves are banned
|rule|Evasion Items Clause: Evasion items are banned
|rule|Evasion Moves Clause: Evasion moves are banned
|rule|Evasion Abilities Clause: Evasion abilities are banned
|rule|Sleep Moves Clause: Sleep-inducing moves are banned
|clearpoke
|poke|p1|Sceptile, M|
|poke|p1|Tentacruel, F|
|poke|p1|Garchomp, M|
|poke|p1|Espeon, M|
|poke|p1|Umbreon, M|
|poke|p1|Chandelure, F|
|poke|p2|Samurott-Hisui, F|
|poke|p2|Slowking-Galar, F|
|poke|p2|Entei|
|poke|p2|Rillaboom, F|
|poke|p2|Salamence, F|
|poke|p2|Ninetales-Alola, F|
|teampreview
|inactive|Battle timer is ON: inactive players will automatically lose when time's up. (requested by Pem779567 phone)
|inactive|blzh also wants the timer to be on.
|
|t:|1769411369
|teamsize|p1|6
|teamsize|p2|6
|start
|switch|p1a: Garchomp|Garchomp, M|100/100
|switch|p2a: Samurott|Samurott-Hisui, F|100/100
|turn|1
|
|t:|1769411374
|move|p2a: Samurott|Ceaseless Edge|p1a: Garchomp
|-damage|p1a: Garchomp|69/100
|-damage|p2a: Samurott|88/100|[from] ability: Rough Skin|[of] p1a: Garchomp
|-damage|p2a: Samurott|72/100|[from] item: Rocky Helmet|[of] p1a: Garchomp
|-sidestart|p1: blzh|Spikes
|move|p1a: Garchomp|Stealth Rock|p2a: Samurott
|-sidestart|p2: Pem779567 phone|move: Stealth Rock
|
|upkeep
|turn|2
|
|t:|1769411378
|move|p2a: Samurott|Ceaseless Edge|p1a: Garchomp
|-damage|p1a: Garchomp|37/100
|-damage|p2a: Samurott|59/100|[from] ability: Rough Skin|[of] p1a: Garchomp
|-damage|p2a: Samurott|43/100|[from] item: Rocky Helmet|[of] p1a: Garchomp
|-sidestart|p1: blzh|Spikes
|move|p1a: Garchomp|Dragon Claw|p2a: Samurott
|-damage|p2a: Samurott|0 fnt
|faint|p2a: Samurott
|
|upkeep
|
|t:|1769411386
|switch|p2a: Rillaboom|Rillaboom, F|100/100
|-damage|p2a: Rillaboom|88/100|[from] Stealth Rock
|-fieldstart|move: Grassy Terrain|[from] ability: Grassy Surge|[of] p2a: Rillaboom
|turn|3
|
|t:|1769411398
|switch|p1a: Tentacruel|Tentacruel, F|100/100
|-damage|p1a: Tentacruel|84/100|[from] Spikes
|move|p2a: Rillaboom|Drum Beating|p1a: Tentacruel
|-damage|p1a: Tentacruel|6/100
|-unboost|p1a: Tentacruel|spe|1
|
|-heal|p2a: Rillaboom|94/100|[from] Grassy Terrain
|-heal|p1a: Tentacruel|12/100|[from] Grassy Terrain
|-heal|p1a: Tentacruel|18/100|[from] item: Black Sludge
|upkeep
|turn|4
|
|t:|1769411412
|move|p1a: Tentacruel|Protect|p1a: Tentacruel
|-singleturn|p1a: Tentacruel|Protect
|move|p2a: Rillaboom|Drum Beating|p1a: Tentacruel
|-activate|p1a: Tentacruel|move: Protect
|
|-heal|p2a: Rillaboom|100/100|[from] Grassy Terrain
|-heal|p1a: Tentacruel|24/100|[from] Grassy Terrain
|-heal|p1a: Tentacruel|30/100|[from] item: Black Sludge
|upkeep
|turn|5
|
|t:|1769411430
|switch|p1a: Umbreon|Umbreon, M|100/100
|-damage|p1a: Umbreon|84/100|[from] Spikes
|move|p2a: Rillaboom|Drum Beating|p1a: Umbreon
|-damage|p1a: Umbreon|35/100
|-unboost|p1a: Umbreon|spe|1
|
|-heal|p1a: Umbreon|41/100|[from] Grassy Terrain
|-heal|p1a: Umbreon|47/100|[from] item: Leftovers
|upkeep
|turn|6
|
|t:|1769411436
|move|p2a: Rillaboom|Drum Beating|p1a: Umbreon
|-damage|p1a: Umbreon|0 fnt
|faint|p1a: Umbreon
|
|upkeep
|
|t:|1769411443
|switch|p1a: Chandelure|Chandelure, F|100/100
|-damage|p1a: Chandelure|84/100|[from] Spikes
|turn|7
|
|t:|1769411447
|move|p1a: Chandelure|Flamethrower|p2a: Rillaboom
|-supereffective|p2a: Rillaboom
|-damage|p2a: Rillaboom|0 fnt
|faint|p2a: Rillaboom
|
|-heal|p1a: Chandelure|90/100|[from] Grassy Terrain
|-fieldend|move: Grassy Terrain
|upkeep
|
|t:|1769411454
|switch|p2a: Slowking|Slowking-Galar, F, shiny|100/100
|-damage|p2a: Slowking|88/100|[from] Stealth Rock
|turn|8
|
|t:|1769411464
|switch|p1a: Espeon|Espeon, M|100/100
|-damage|p1a: Espeon|84/100|[from] Spikes
|move|p2a: Slowking|Toxic|p1a: Espeon
|move|p1a: Espeon|Toxic|p2a: Slowking|[from] ability: Magic Bounce
|-immune|p2a: Slowking
|
|-heal|p2a: Slowking|94/100|[from] item: Leftovers
|upkeep
|turn|9
|
|t:|1769411470
|move|p1a: Espeon|Light Screen|p1a: Espeon
|-sidestart|p1: blzh|move: Light Screen
|move|p2a: Slowking|Future Sight|p1a: Espeon
|-start|p2a: Slowking|move: Future Sight
|
|-heal|p2a: Slowking|99/100|[from] item: Leftovers
|upkeep
|turn|10
|
|t:|1769411482
|move|p1a: Espeon|Psychic|p2a: Slowking
|-damage|p2a: Slowking|77/100
|move|p2a: Slowking|Flamethrower|p1a: Espeon
|-damage|p1a: Espeon|72/100
|-status|p1a: Espeon|brn
|
|-heal|p2a: Slowking|83/100|[from] item: Leftovers
|-damage|p1a: Espeon|66/100 brn|[from] brn
|upkeep
|turn|11
|
|t:|1769411489
|move|p1a: Espeon|Reflect|p1a: Espeon
|-sidestart|p1: blzh|Reflect
|move|p2a: Slowking|Flamethrower|p1a: Espeon
|-damage|p1a: Espeon|55/100 brn
|
|-end|p1a: Espeon|move: Future Sight
|-resisted|p1a: Espeon
|-damage|p1a: Espeon|43/100 brn
|-heal|p2a: Slowking|89/100|[from] item: Leftovers
|-damage|p1a: Espeon|37/100 brn|[from] brn
|upkeep
|turn|12
|
|t:|1769411496
|move|p1a: Espeon|Morning Sun|p1a: Espeon
|-heal|p1a: Espeon|87/100 brn
|move|p2a: Slowking|Future Sight|p1a: Espeon
|-start|p2a: Slowking|move: Future Sight
|
|-heal|p2a: Slowking|95/100|[from] item: Leftovers
|-damage|p1a: Espeon|81/100 brn|[from] brn
|upkeep
|turn|13
|
|t:|1769411501
|move|p1a: Espeon|Psychic|p2a: Slowking
|-damage|p2a: Slowking|72/100
|-prepare|p2a: Slowking|Chilly Reception|[premajor]
|move|p2a: Slowking|Chilly Reception|p2a: Slowking
|-weather|Snowscape
|
|t:|1769411507
|switch|p2a: Ninetales|Ninetales-Alola, F|100/100|[from] Chilly Reception
|-damage|p2a: Ninetales|76/100|[from] Stealth Rock
|
|-weather|Snowscape|[upkeep]
|-damage|p1a: Espeon|75/100 brn|[from] brn
|upkeep
|turn|14
|
|t:|1769411516
|switch|p1a: Tentacruel|Tentacruel, F|30/100
|-damage|p1a: Tentacruel|13/100|[from] Spikes
|move|p2a: Ninetales|Aurora Veil|p2a: Ninetales
|-sidestart|p2: Pem779567 phone|move: Aurora Veil
|
|-weather|Snowscape|[upkeep]
|-end|p1a: Tentacruel|move: Future Sight
|-supereffective|p1a: Tentacruel
|-damage|p1a: Tentacruel|0 fnt
|faint|p1a: Tentacruel
|upkeep
|
|t:|1769411521
|switch|p1a: Sceptile|Sceptile, M|100/100
|-damage|p1a: Sceptile|84/100|[from] Spikes
|turn|15
|
|t:|1769411526
|-terastallize|p1a: Sceptile|Steel
|move|p1a: Sceptile|Substitute|p1a: Sceptile
|-start|p1a: Sceptile|Substitute
|-damage|p1a: Sceptile|59/100
|move|p2a: Ninetales|Freeze-Dry|p1a: Sceptile
|-resisted|p1a: Sceptile
|-activate|p1a: Sceptile|move: Substitute|[damage]
|
|-weather|Snowscape|[upkeep]
|-heal|p1a: Sceptile|65/100|[from] item: Leftovers
|upkeep
|turn|16
|
|t:|1769411533
|switch|p2a: Entei|Entei|100/100
|-damage|p2a: Entei|76/100|[from] Stealth Rock
|move|p1a: Sceptile|Leech Seed|p2a: Entei
|-start|p2a: Entei|move: Leech Seed
|
|-weather|Snowscape|[upkeep]
|-heal|p1a: Sceptile|71/100|[from] item: Leftovers
|-damage|p2a: Entei|63/100|[from] Leech Seed|[of] p1a: Sceptile
|-heal|p1a: Sceptile|85/100|[silent]
|-sideend|p1: blzh|move: Light Screen
|upkeep
|turn|17
|
|t:|1769411538
|move|p1a: Sceptile|Protect|p1a: Sceptile
|-singleturn|p1a: Sceptile|Protect
|move|p2a: Entei|Sacred Fire|p1a: Sceptile
|-activate|p1a: Sceptile|move: Protect
|
|-weather|none
|-heal|p1a: Sceptile|91/100|[from] item: Leftovers
|-damage|p2a: Entei|51/100|[from] Leech Seed|[of] p1a: Sceptile
|-heal|p1a: Sceptile|100/100|[silent]
|upkeep
|turn|18
|
|t:|1769411545
|move|p1a: Sceptile|Giga Drain|p2a: Entei
|-resisted|p2a: Entei
|-damage|p2a: Entei|43/100
|move|p2a: Entei|Sacred Fire|p1a: Sceptile
|-supereffective|p1a: Sceptile
|-end|p1a: Sceptile|Substitute
|
|-damage|p2a: Entei|31/100|[from] Leech Seed|[of] p1a: Sceptile
|-sideend|p1: blzh|Reflect
|upkeep
|turn|19
|
|t:|1769411555
|move|p1a: Sceptile|Substitute|p1a: Sceptile
|-start|p1a: Sceptile|Substitute
|-damage|p1a: Sceptile|76/100
|move|p2a: Entei|Sacred Fire|p1a: Sceptile
|-supereffective|p1a: Sceptile
|-end|p1a: Sceptile|Substitute
|
|-heal|p1a: Sceptile|82/100|[from] item: Leftovers
|-damage|p2a: Entei|19/100|[from] Leech Seed|[of] p1a: Sceptile
|-heal|p1a: Sceptile|95/100|[silent]
|upkeep
|turn|20
|
|t:|1769411562
|move|p1a: Sceptile|Substitute|p1a: Sceptile
|-start|p1a: Sceptile|Substitute
|-damage|p1a: Sceptile|70/100
|move|p2a: Entei|Sacred Fire|p1a: Sceptile
|-supereffective|p1a: Sceptile
|-end|p1a: Sceptile|Substitute
|
|-heal|p1a: Sceptile|77/100|[from] item: Leftovers
|-damage|p2a: Entei|6/100|[from] Leech Seed|[of] p1a: Sceptile
|-heal|p1a: Sceptile|90/100|[silent]
|upkeep
|turn|21
|
|t:|1769411565
|move|p1a: Sceptile|Substitute|p1a: Sceptile
|-start|p1a: Sceptile|Substitute
|-damage|p1a: Sceptile|65/100
|move|p2a: Entei|Sacred Fire|p1a: Sceptile
|-supereffective|p1a: Sceptile
|-end|p1a: Sceptile|Substitute
|
|-heal|p1a: Sceptile|71/100|[from] item: Leftovers
|-damage|p2a: Entei|0 fnt|[from] Leech Seed|[of] p1a: Sceptile
|-heal|p1a: Sceptile|77/100|[silent]
|faint|p2a: Entei
|-sideend|p2: Pem779567 phone|move: Aurora Veil
|upkeep
|
|t:|1769411571
|switch|p2a: Slowking|Slowking-Galar, F, shiny|100/100
|-damage|p2a: Slowking|88/100|[from] Stealth Rock
|turn|22
|
|t:|1769411576
|move|p1a: Sceptile|Protect|p1a: Sceptile
|-singleturn|p1a: Sceptile|Protect
|move|p2a: Slowking|Flamethrower|p1a: Sceptile
|-activate|p1a: Sceptile|move: Protect
|
|-heal|p1a: Sceptile|84/100|[from] item: Leftovers
|-heal|p2a: Slowking|94/100|[from] item: Leftovers
|upkeep
|turn|23
|
|t:|1769411584
|move|p1a: Sceptile|Substitute|p1a: Sceptile
|-start|p1a: Sceptile|Substitute
|-damage|p1a: Sceptile|59/100
|move|p2a: Slowking|Flamethrower|p1a: Sceptile
|-supereffective|p1a: Sceptile
|-end|p1a: Sceptile|Substitute
|
|-heal|p1a: Sceptile|65/100|[from] item: Leftovers
|-heal|p2a: Slowking|99/100|[from] item: Leftovers
|upkeep
|turn|24
|
|t:|1769411586
|move|p1a: Sceptile|Leech Seed|p2a: Slowking
|-start|p2a: Slowking|move: Leech Seed
|move|p2a: Slowking|Flamethrower|p1a: Sceptile
|-supereffective|p1a: Sceptile
|-damage|p1a: Sceptile|17/100
|
|-heal|p1a: Sceptile|23/100|[from] item: Leftovers
|-heal|p2a: Slowking|100/100|[from] item: Leftovers
|-damage|p2a: Slowking|88/100|[from] Leech Seed|[of] p1a: Sceptile
|-heal|p1a: Sceptile|37/100|[silent]
|upkeep
|turn|25
|
|t:|1769411595
|move|p1a: Sceptile|Substitute|p1a: Sceptile
|-start|p1a: Sceptile|Substitute
|-damage|p1a: Sceptile|12/100
|move|p2a: Slowking|Flamethrower|p1a: Sceptile
|-supereffective|p1a: Sceptile
|-end|p1a: Sceptile|Substitute
|
|-heal|p1a: Sceptile|18/100|[from] item: Leftovers
|-heal|p2a: Slowking|94/100|[from] item: Leftovers
|-damage|p2a: Slowking|82/100|[from] Leech Seed|[of] p1a: Sceptile
|-heal|p1a: Sceptile|33/100|[silent]
|upkeep
|turn|26
|
|t:|1769411600
|move|p1a: Sceptile|Substitute|p1a: Sceptile
|-start|p1a: Sceptile|Substitute
|-damage|p1a: Sceptile|8/100
|move|p2a: Slowking|Flamethrower|p1a: Sceptile
|-supereffective|p1a: Sceptile
|-end|p1a: Sceptile|Substitute
|
|-heal|p1a: Sceptile|14/100|[from] item: Leftovers
|-heal|p2a: Slowking|88/100|[from] item: Leftovers
|-damage|p2a: Slowking|75/100|[from] Leech Seed|[of] p1a: Sceptile
|-heal|p1a: Sceptile|28/100|[silent]
|upkeep
|turn|27
|
|t:|1769411604
|move|p1a: Sceptile|Protect|p1a: Sceptile
|-singleturn|p1a: Sceptile|Protect
|move|p2a: Slowking|Flamethrower|p1a: Sceptile
|-activate|p1a: Sceptile|move: Protect
|
|-heal|p1a: Sceptile|34/100|[from] item: Leftovers
|-heal|p2a: Slowking|81/100|[from] item: Leftovers
|-damage|p2a: Slowking|69/100|[from] Leech Seed|[of] p1a: Sceptile
|-heal|p1a: Sceptile|49/100|[silent]
|upkeep
|turn|28
|
|t:|1769411614
|move|p1a: Sceptile|Substitute|p1a: Sceptile
|-start|p1a: Sceptile|Substitute
|-damage|p1a: Sceptile|24/100
|move|p2a: Slowking|Flamethrower|p1a: Sceptile
|-supereffective|p1a: Sceptile
|-end|p1a: Sceptile|Substitute
|
|-heal|p1a: Sceptile|30/100|[from] item: Leftovers
|-heal|p2a: Slowking|75/100|[from] item: Leftovers
|-damage|p2a: Slowking|63/100|[from] Leech Seed|[of] p1a: Sceptile
|-heal|p1a: Sceptile|44/100|[silent]
|upkeep
|turn|29
|
|t:|1769411620
|switch|p2a: Ninetales|Ninetales-Alola, F|76/100
|-damage|p2a: Ninetales|51/100|[from] Stealth Rock
|-weather|Snowscape|[from] ability: Snow Warning|[of] p2a: Ninetales
|move|p1a: Sceptile|Substitute|p1a: Sceptile
|-start|p1a: Sceptile|Substitute
|-damage|p1a: Sceptile|19/100
|
|-weather|Snowscape|[upkeep]
|-heal|p1a: Sceptile|26/100|[from] item: Leftovers
|upkeep
|turn|30
|
|t:|1769411628
|move|p1a: Sceptile|Leech Seed|p2a: Ninetales
|-start|p2a: Ninetales|move: Leech Seed
|move|p2a: Ninetales|Aurora Veil|p2a: Ninetales
|-sidestart|p2: Pem779567 phone|move: Aurora Veil
|
|-weather|Snowscape|[upkeep]
|-heal|p1a: Sceptile|32/100|[from] item: Leftovers
|-damage|p2a: Ninetales|39/100|[from] Leech Seed|[of] p1a: Sceptile
|-heal|p1a: Sceptile|42/100|[silent]
|upkeep
|turn|31
|
|t:|1769411632
|switch|p2a: Slowking|Slowking-Galar, F, shiny|96/100
|-damage|p2a: Slowking|83/100|[from] Stealth Rock
|move|p1a: Sceptile|Giga Drain|p2a: Slowking
|-resisted|p2a: Slowking
|-damage|p2a: Slowking|80/100
|-heal|p1a: Sceptile|44/100|[from] drain|[of] p2a: Slowking
|
|-weather|Snowscape|[upkeep]
|-heal|p1a: Sceptile|50/100|[from] item: Leftovers
|-heal|p2a: Slowking|86/100|[from] item: Leftovers
|upkeep
|turn|32
|
|t:|1769411636
|move|p1a: Sceptile|Leech Seed|p2a: Slowking
|-start|p2a: Slowking|move: Leech Seed
|move|p2a: Slowking|Flamethrower|p1a: Sceptile
|-supereffective|p1a: Sceptile
|-end|p1a: Sceptile|Substitute
|
|-weather|Snowscape|[upkeep]
|-heal|p1a: Sceptile|56/100|[from] item: Leftovers
|-heal|p2a: Slowking|92/100|[from] item: Leftovers
|-damage|p2a: Slowking|80/100|[from] Leech Seed|[of] p1a: Sceptile
|-heal|p1a: Sceptile|70/100|[silent]
|upkeep
|turn|33
|
|t:|1769411640
|move|p1a: Sceptile|Substitute|p1a: Sceptile
|-start|p1a: Sceptile|Substitute
|-damage|p1a: Sceptile|46/100
|move|p2a: Slowking|Future Sight|p1a: Sceptile
|-start|p2a: Slowking|move: Future Sight
|
|-weather|none
|-heal|p1a: Sceptile|52/100|[from] item: Leftovers
|-heal|p2a: Slowking|86/100|[from] item: Leftovers
|-damage|p2a: Slowking|73/100|[from] Leech Seed|[of] p1a: Sceptile
|-heal|p1a: Sceptile|66/100|[silent]
|upkeep
|turn|34
|
|t:|1769411651
|switch|p2a: Ninetales|Ninetales-Alola, F|39/100
|-damage|p2a: Ninetales|14/100|[from] Stealth Rock
|-weather|Snowscape|[from] ability: Snow Warning|[of] p2a: Ninetales
|move|p1a: Sceptile|Giga Drain|p2a: Ninetales
|-damage|p2a: Ninetales|0 fnt
|-heal|p1a: Sceptile|72/100|[from] drain|[of] p2a: Ninetales
|faint|p2a: Ninetales
|
|-weather|Snowscape|[upkeep]
|-heal|p1a: Sceptile|78/100|[from] item: Leftovers
|upkeep
|
|t:|1769411656
|switch|p2a: Salamence|Salamence, F|100/100
|-damage|p2a: Salamence|76/100|[from] Stealth Rock
|turn|35
|
|t:|1769411662
|move|p1a: Sceptile|Leech Seed|p2a: Salamence|[miss]
|-miss|p1a: Sceptile|p2a: Salamence
|move|p2a: Salamence|Dragon Dance|p2a: Salamence
|-boost|p2a: Salamence|atk|1
|-boost|p2a: Salamence|spe|1
|
|-weather|Snowscape|[upkeep]
|-end|p1a: Sceptile|move: Future Sight
|-resisted|p1a: Sceptile
|-end|p1a: Sceptile|Substitute
|-heal|p1a: Sceptile|84/100|[from] item: Leftovers
|upkeep
|turn|36
|
|t:|1769411667
|move|p2a: Salamence|Earthquake|p1a: Sceptile
|-supereffective|p1a: Sceptile
|-damage|p1a: Sceptile|0 fnt
|faint|p1a: Sceptile
|-ability|p2a: Salamence|Moxie|boost
|-boost|p2a: Salamence|atk|1
|
|-weather|Snowscape|[upkeep]
|upkeep
|
|t:|1769411671
|switch|p1a: Chandelure|Chandelure, F|90/100
|-damage|p1a: Chandelure|74/100|[from] Spikes
|turn|37
|
|t:|1769411682
|move|p2a: Salamence|Earthquake|p1a: Chandelure
|-supereffective|p1a: Chandelure
|-damage|p1a: Chandelure|0 fnt
|faint|p1a: Chandelure
|-ability|p2a: Salamence|Moxie|boost
|-boost|p2a: Salamence|atk|1
|
|-weather|Snowscape|[upkeep]
|-sideend|p2: Pem779567 phone|move: Aurora Veil
|upkeep
|
|t:|1769411686
|switch|p1a: Garchomp|Garchomp, M|37/100
|-damage|p1a: Garchomp|20/100|[from] Spikes
|turn|38
|-message|blzh forfeited.
|
|win|Pem779567 phone
|raw|blzh's rating: 1138 &rarr; <strong>1114</strong><br />(-24 for losing)
|raw|Pem779567 phone's rating: 1153 &rarr; <strong>1177</strong><br />(+24 for winning)
|l|☆blzh
|player|p1|
|l|☆Pem779567 phone
|player|p2|
