|j|☆yiiiih
|j|☆ShadowFerretofD00M
|t:|1769397490
|gametype|singles
|player|p1|yiiiih|bellelba|1393
|player|p2|ShadowFerretofD00M|unknown|1442
|gen|9
|tier|[Gen 9] OU
|rated|
|rule|HP Percentage Mod: HP is shown in percentages
|rule|Endless Battle Clause: Forcing endless battles is banned
|rule|Species Clause: Limit one of each Pokémon
|rule|OHKO Clause: OHKO moves are banned
|rule|Evasion Items Clause: Evasion items are banned
|rule|Evasion Moves Clause: Evasion moves are banned
|rule|Evasion Abilities Clause: Evasion abilities are banned
|rule|Sleep Moves Clause: Sleep-inducing moves are banned
|clearpoke
|poke|p1|Moltres-Galar|
|poke|p1|Great Tusk|
|poke|p1|Iron Moth|
|poke|p1|Araquanid, F|
|poke|p1|Landorus-Therian, M|
|poke|p1|Weavile, F|
|poke|p2|Latios, M|
|poke|p2|Zamazenta-*|
|poke|p2|Iron Treads|
|poke|p2|Pecharunt|
|poke|p2|Alomomola, M|
|poke|p2|Cinderace, M|
|teampreview
|inactive|Battle timer is ON: inactive players will automatically lose when time's up. (requested by ShadowFerretofD00M)
|inactive|yiiiih also wants the timer to be on.
|inactive|ShadowFerretofD00M has 120 seconds left.
|c|☆ShadowFerretofD00M|glhf
|
|t:|1769397545
|teamsize|p1|6
|teamsize|p2|6
|start
|switch|p1a: Landorus|Landorus-Therian, M|100/100
|switch|p2a: Pecharunt|Pecharunt|100/100
|-ability|p1a: Landorus|Intimidate|boost
|-unboost|p2a: Pecharunt|atk|1
|turn|1
|
|t:|1769397558
|move|p1a: Landorus|Earthquake|p2a: Pecharunt
|-supereffective|p2a: Pecharunt
|-damage|p2a: Pecharunt|33/100
|move|p2a: Pecharunt|Parting Shot|p1a: Landorus
|-unboost|p1a: Landorus|atk|1
|-unboost|p1a: Landorus|spa|1
|
|t:|1769397572
|switch|p2a: Alomomola|Alomomola, M|100/100|[from] Parting Shot
|
|upkeep
|turn|2
|
|t:|1769397587
|switch|p1a: Araquanid|Araquanid, F|100/100
|move|p2a: Alomomola|Scald|p1a: Araquanid
|-resisted|p1a: Araquanid
|-damage|p1a: Araquanid|95/100
|
|upkeep
|turn|3
|
|t:|1769397596
|move|p2a: Alomomola|Scald|p1a: Araquanid
|-resisted|p1a: Araquanid
|-damage|p1a: Araquanid|90/100
|move|p1a: Araquanid|Sticky Web|p2a: Alomomola
|-sidestart|p2: ShadowFerretofD00M|move: Sticky Web
|
|upkeep
|turn|4
|
|t:|1769397603
|move|p2a: Alomomola|Body Slam|p1a: Araquanid
|-damage|p1a: Araquanid|73/100
|-status|p1a: Araquanid|par
|move|p1a: Araquanid|Surf|p2a: Alomomola
|-resisted|p2a: Alomomola
|-damage|p2a: Alomomola|85/100
|
|upkeep
|turn|5
|
|t:|1769397616
|switch|p1a: Moltres|Moltres-Galar|100/100
|move|p2a: Alomomola|Body Slam|p1a: Moltres
|-damage|p1a: Moltres|87/100
|-status|p1a: Moltres|par
|
|upkeep
|turn|6
|
|t:|1769397622
|move|p2a: Alomomola|Flip Turn|p1a: Moltres
|-damage|p1a: Moltres|72/100 par
|
|t:|1769397625
|switch|p2a: Cinderace|Cinderace, M|100/100|[from] Flip Turn
|move|p1a: Moltres|Nasty Plot|p1a: Moltres
|-boost|p1a: Moltres|spa|2
|
|upkeep
|turn|7
|
|t:|1769397633
|move|p2a: Cinderace|Court Change|p2a: Cinderace
|-start|p2a: Cinderace|typechange|Normal|[from] ability: Libero
|-swapsideconditions
|-activate|p2a: Cinderace|move: Court Change
|cant|p1a: Moltres|par
|
|upkeep
|turn|8
|
|t:|1769397638
|move|p2a: Cinderace|Pyro Ball|p1a: Moltres
|-damage|p1a: Moltres|31/100 par
|-ability|p1a: Moltres|Berserk|boost
|-boost|p1a: Moltres|spa|1
|-enditem|p1a: Moltres|Sitrus Berry|[eat]
|-heal|p1a: Moltres|56/100 par|[from] item: Sitrus Berry
|move|p1a: Moltres|Fiery Wrath|p2a: Cinderace
|-damage|p2a: Cinderace|0 fnt
|faint|p2a: Cinderace
|
|upkeep
|
|t:|1769397648
|switch|p2a: Zamazenta|Zamazenta|100/100
|-ability|p2a: Zamazenta|Dauntless Shield|boost
|-boost|p2a: Zamazenta|def|1
|turn|9
|
|t:|1769397652
|move|p2a: Zamazenta|Body Press|p1a: Moltres
|-damage|p1a: Moltres|7/100 par
|-ability|p1a: Moltres|Berserk|boost
|-boost|p1a: Moltres|spa|1
|move|p1a: Moltres|Hurricane|p2a: Zamazenta
|-supereffective|p2a: Zamazenta
|-damage|p2a: Zamazenta|0 fnt
|faint|p2a: Zamazenta
|
|upkeep
|
|t:|1769397661
|switch|p2a: Iron Treads|Iron Treads|100/100
|turn|10
|
|t:|1769397666
|move|p2a: Iron Treads|Rapid Spin|p1a: Moltres
|-damage|p1a: Moltres|0 fnt
|-boost|p2a: Iron Treads|spe|1
|faint|p1a: Moltres
|
|upkeep
|
|t:|1769397670
|switch|p1a: Great Tusk|Great Tusk|100/100
|-activate|p1a: Great Tusk|move: Sticky Web
|-unboost|p1a: Great Tusk|spe|1
|-enditem|p1a: Great Tusk|Booster Energy
|-activate|p1a: Great Tusk|ability: Protosynthesis|[fromitem]
|-start|p1a: Great Tusk|protosynthesisatk
|turn|11
|
|t:|1769397680
|-terastallize|p2a: Iron Treads|Ghost
|move|p2a: Iron Treads|Earthquake|p1a: Great Tusk
|-damage|p1a: Great Tusk|71/100
|move|p1a: Great Tusk|Rapid Spin|p2a: Iron Treads
|-immune|p2a: Iron Treads
|
|upkeep
|turn|12
|
|t:|1769397687
|move|p2a: Iron Treads|Earthquake|p1a: Great Tusk
|-damage|p1a: Great Tusk|42/100
|move|p1a: Great Tusk|Bulk Up|p1a: Great Tusk
|-boost|p1a: Great Tusk|atk|1
|-boost|p1a: Great Tusk|def|1
|
|upkeep
|turn|13
|
|t:|1769397695
|move|p2a: Iron Treads|Stealth Rock|p1a: Great Tusk
|-sidestart|p1: yiiiih|move: Stealth Rock
|move|p1a: Great Tusk|Headlong Rush|p2a: Iron Treads
|-crit|p2a: Iron Treads
|-damage|p2a: Iron Treads|0 fnt
|-unboost|p1a: Great Tusk|def|1
|-unboost|p1a: Great Tusk|spd|1
|faint|p2a: Iron Treads
|-end|p2a: Iron Treads|Quark Drive|[silent]
|
|upkeep
|
|t:|1769397702
|switch|p2a: Latios|Latios, M|100/100
|turn|14
|
|t:|1769397710
|move|p2a: Latios|Aura Sphere|p1a: Great Tusk
|-damage|p1a: Great Tusk|0 fnt
|faint|p1a: Great Tusk
|-end|p1a: Great Tusk|Protosynthesis|[silent]
|
|upkeep
|
|t:|1769397724
|switch|p1a: Weavile|Weavile, F|100/100
|-ability|p1a: Weavile|Pressure
|turn|15
|
|t:|1769397731
|switch|p2a: Alomomola|Alomomola, M|100/100
|move|p1a: Weavile|Triple Axel|p2a: Alomomola
|-resisted|p2a: Alomomola
|-damage|p2a: Alomomola|97/100
|-resisted|p2a: Alomomola
|-damage|p2a: Alomomola|90/100
|-resisted|p2a: Alomomola
|-damage|p2a: Alomomola|81/100
|-hitcount|p2a: Alomomola|3
|
|upkeep
|turn|16
|
|t:|1769397740
|switch|p1a: Araquanid|Araquanid, F|73/100 par
|-activate|p1a: Araquanid|move: Sticky Web
|-unboost|p1a: Araquanid|spe|1
|-damage|p1a: Araquanid|48/100 par|[from] Stealth Rock
|move|p2a: Alomomola|Scald|p1a: Araquanid
|-resisted|p1a: Araquanid
|-damage|p1a: Araquanid|43/100 par
|
|upkeep
|turn|17
|
|t:|1769397750
|move|p2a: Alomomola|Flip Turn|p1a: Araquanid
|-resisted|p1a: Araquanid
|-damage|p1a: Araquanid|34/100 par
|
|t:|1769397752
|switch|p2a: Latios|Latios, M|100/100|[from] Flip Turn
|move|p1a: Araquanid|Sticky Web|p2a: Latios
|-sidestart|p2: ShadowFerretofD00M|move: Sticky Web
|
|upkeep
|turn|18
|
|t:|1769397759
|move|p2a: Latios|Luster Purge|p1a: Araquanid
|-damage|p1a: Araquanid|0 fnt
|faint|p1a: Araquanid
|
|upkeep
|
|t:|1769397762
|switch|p1a: Weavile|Weavile, F|100/100
|-ability|p1a: Weavile|Pressure
|turn|19
|
|t:|1769397770
|switch|p2a: Alomomola|Alomomola, M|100/100
|-activate|p2a: Alomomola|move: Sticky Web
|-unboost|p2a: Alomomola|spe|1
|move|p1a: Weavile|Triple Axel|p2a: Alomomola
|-resisted|p2a: Alomomola
|-damage|p2a: Alomomola|97/100
|-resisted|p2a: Alomomola
|-damage|p2a: Alomomola|90/100
|-resisted|p2a: Alomomola
|-damage|p2a: Alomomola|81/100
|-hitcount|p2a: Alomomola|3
|
|upkeep
|turn|20
|
|t:|1769397779
|switch|p1a: Landorus|Landorus-Therian, M|100/100
|-damage|p1a: Landorus|88/100|[from] Stealth Rock
|-ability|p1a: Landorus|Intimidate|boost
|-unboost|p2a: Alomomola|atk|1
|move|p2a: Alomomola|Scald|p1a: Landorus
|-supereffective|p1a: Landorus
|-damage|p1a: Landorus|53/100
|-status|p1a: Landorus|brn
|
|-damage|p1a: Landorus|46/100 brn|[from] brn
|upkeep
|turn|21
|
|t:|1769397792
|move|p1a: Landorus|Stealth Rock|p2a: Alomomola
|-sidestart|p2: ShadowFerretofD00M|move: Stealth Rock
|move|p2a: Alomomola|Flip Turn|p1a: Landorus
|-supereffective|p1a: Landorus
|-damage|p1a: Landorus|20/100 brn
|
|t:|1769397804
|switch|p2a: Pecharunt|Pecharunt|33/100|[from] Flip Turn
|
|-damage|p1a: Landorus|14/100 brn|[from] brn
|upkeep
|turn|22
|
|t:|1769397807
|move|p1a: Landorus|Earthquake|p2a: Pecharunt
|-supereffective|p2a: Pecharunt
|-damage|p2a: Pecharunt|3/100
|move|p2a: Pecharunt|Recover|p2a: Pecharunt
|-heal|p2a: Pecharunt|53/100
|
|-damage|p1a: Landorus|8/100 brn|[from] brn
|upkeep
|turn|23
|
|t:|1769397812
|move|p1a: Landorus|Earthquake|p2a: Pecharunt
|-supereffective|p2a: Pecharunt
|-damage|p2a: Pecharunt|23/100
|move|p2a: Pecharunt|Recover|p2a: Pecharunt
|-heal|p2a: Pecharunt|73/100
|
|-damage|p1a: Landorus|1/100 brn|[from] brn
|upkeep
|turn|24
|
|t:|1769397816
|move|p1a: Landorus|Earthquake|p2a: Pecharunt
|-supereffective|p2a: Pecharunt
|-damage|p2a: Pecharunt|42/100
|move|p2a: Pecharunt|Recover|p2a: Pecharunt
|-heal|p2a: Pecharunt|92/100
|
|-damage|p1a: Landorus|0 fnt|[from] brn
|faint|p1a: Landorus
|upkeep
|
|t:|1769397818
|switch|p1a: Weavile|Weavile, F|100/100
|-ability|p1a: Weavile|Pressure
|turn|25
|
|t:|1769397825
|move|p1a: Weavile|Knock Off|p2a: Pecharunt
|-supereffective|p2a: Pecharunt
|-damage|p2a: Pecharunt|46/100
|-enditem|p2a: Pecharunt|Heavy-Duty Boots|[from] move: Knock Off|[of] p1a: Weavile
|move|p2a: Pecharunt|Malignant Chain|p1a: Weavile
|-damage|p1a: Weavile|59/100
|-status|p1a: Weavile|tox
|-start|p1a: Weavile|confusion|[from] ability: Poison Puppeteer|[of] p2a: Pecharunt
|
|-damage|p1a: Weavile|52/100 tox|[from] psn
|upkeep
|turn|26
|
|t:|1769397841
|-activate|p1a: Weavile|confusion
|move|p1a: Weavile|Triple Axel|p2a: Pecharunt
|-damage|p2a: Pecharunt|41/100
|-damage|p2a: Pecharunt|31/100
|-damage|p2a: Pecharunt|17/100
|-hitcount|p2a: Pecharunt|3
|move|p2a: Pecharunt|Foul Play|p1a: Weavile
|-resisted|p1a: Weavile
|-damage|p1a: Weavile|27/100 tox
|
|-damage|p1a: Weavile|15/100 tox|[from] psn
|upkeep
|turn|27
|
|t:|1769397847
|-activate|p1a: Weavile|confusion
|move|p1a: Weavile|Knock Off|p2a: Pecharunt
|-supereffective|p2a: Pecharunt
|-damage|p2a: Pecharunt|0 fnt
|faint|p2a: Pecharunt
|
|-damage|p1a: Weavile|0 fnt|[from] psn
|faint|p1a: Weavile
|upkeep
|
|t:|1769397851
|switch|p1a: Iron Moth|Iron Moth|100/100
|switch|p2a: Latios|Latios, M|100/100
|-damage|p2a: Latios|88/100|[from] Stealth Rock
|-activate|p1a: Iron Moth|move: Sticky Web
|-unboost|p1a: Iron Moth|spe|1
|-damage|p1a: Iron Moth|76/100|[from] Stealth Rock
|-enditem|p1a: Iron Moth|Booster Energy
|-activate|p1a: Iron Moth|ability: Quark Drive|[fromitem]
|-start|p1a: Iron Moth|quarkdrivespa
|turn|28
|c|☆ShadowFerretofD00M|gg
|
|t:|1769397860
|-terastallize|p1a: Iron Moth|Fairy
|move|p2a: Latios|Luster Purge|p1a: Iron Moth
|-damage|p1a: Iron Moth|9/100
|move|p1a: Iron Moth|Dazzling Gleam|p2a: Latios
|-supereffective|p2a: Latios
|-damage|p2a: Latios|0 fnt
|faint|p2a: Latios
|
|upkeep
|
|t:|1769397865
|switch|p2a: Alomomola|Alomomola, M|100/100
|-activate|p2a: Alomomola|move: Sticky Web
|-unboost|p2a: Alomomola|spe|1
|-damage|p2a: Alomomola|88/100|[from] Stealth Rock
|turn|29
|
|t:|1769397870
|move|p1a: Iron Moth|Sludge Wave|p2a: Alomomola
|-damage|p2a: Alomomola|54/100
|move|p2a: Alomomola|Scald|p1a: Iron Moth
|-damage|p1a: Iron Moth|0 fnt
|faint|p1a: Iron Moth
|-end|p1a: Iron Moth|Quark Drive|[silent]
|
|win|ShadowFerretofD00M
|raw|yiiiih's rating: 1393 &rarr; <strong>1376</strong><br />(-17 for losing)
|raw|ShadowFerretofD00M's rating: 1442 &rarr; <strong>1459</strong><br />(+17 for winning)
