|j|☆Phone ladder only
|j|☆zahonidas
|t:|1769444643
|gametype|singles
|player|p1|Phone ladder only|clerk|1274
|player|p2|zahonidas|170|1217
|gen|9
|tier|[Gen 9] OU
|rated|
|rule|HP Percentage Mod: HP is shown in percentages
|rule|Endless Battle Clause: Forcing endless battles is banned
|rule|Species Clause: Limit one of each Pokémon
|rule|OHKO Clause: OHKO moves are banned
|rule|Evasion Items Clause: Evasion items are banned
|rule|Evasion Moves Clause: Evasion moves are banned
|rule|Evasion Abilities Clause: Evasion abilities are banned
|rule|Sleep Moves Clause: Sleep-inducing moves are banned
|clearpoke
|poke|p1|Dragonite, F|
|poke|p1|Garganacl, F|
|poke|p1|Zamazenta-*|
|poke|p1|Hatterene, F|
|poke|p1|Kyurem|
|poke|p1|Iron Treads|
|poke|p2|Heracross, F|
|poke|p2|Quaquaval, F|
|poke|p2|Enamorus, F|
|poke|p2|Iron Moth|
|poke|p2|Raging Bolt|
|poke|p2|Tornadus-Therian, M|
|teampreview
|inactive|Battle timer is ON: inactive players will automatically lose when time's up. (requested by Phone ladder only)
|inactive|zahonidas has 120 seconds left.
|inactive|zahonidas has 90 seconds left.
|
|t:|1769444708
|teamsize|p1|6
|teamsize|p2|6
|start
|switch|p1a: Garganacl|Garganacl, F|100/100
|switch|p2a: Iron Moth|Iron Moth|100/100
|-enditem|p2a: Iron Moth|Booster Energy
|-activate|p2a: Iron Moth|ability: Quark Drive|[fromitem]
|-start|p2a: Iron Moth|quarkdrivespe
|turn|1
|
|t:|1769444714
|move|p2a: Iron Moth|Fiery Dance|p1a: Garganacl
|-resisted|p1a: Garganacl
|-damage|p1a: Garganacl|88/100
|-boost|p2a: Iron Moth|spa|1
|move|p1a: Garganacl|Salt Cure|p2a: Iron Moth
|-supereffective|p2a: Iron Moth
|-damage|p2a: Iron Moth|58/100
|-start|p2a: Iron Moth|Salt Cure
|
|-heal|p1a: Garganacl|94/100|[from] item: Leftovers
|-damage|p2a: Iron Moth|46/100|[from] Salt Cure
|upkeep
|turn|2
|
|t:|1769444725
|move|p2a: Iron Moth|Energy Ball|p1a: Garganacl
|-supereffective|p1a: Garganacl
|-damage|p1a: Garganacl|27/100
|move|p1a: Garganacl|Stealth Rock|p2a: Iron Moth
|-sidestart|p2: zahonidas|move: Stealth Rock
|
|-heal|p1a: Garganacl|34/100|[from] item: Leftovers
|-damage|p2a: Iron Moth|33/100|[from] Salt Cure
|upkeep
|turn|3
|
|t:|1769444735
|move|p1a: Garganacl|Protect|p1a: Garganacl
|-singleturn|p1a: Garganacl|Protect
|move|p2a: Iron Moth|Fiery Dance|p1a: Garganacl
|-activate|p1a: Garganacl|move: Protect
|
|-heal|p1a: Garganacl|40/100|[from] item: Leftovers
|-damage|p2a: Iron Moth|21/100|[from] Salt Cure
|upkeep
|turn|4
|
|t:|1769444749
|switch|p1a: Dragonite|Dragonite, F|100/100
|move|p2a: Iron Moth|Energy Ball|p1a: Dragonite
|-resisted|p1a: Dragonite
|-damage|p1a: Dragonite|96/100
|
|-damage|p2a: Iron Moth|9/100|[from] Salt Cure
|upkeep
|turn|5
|inactive|zahonidas has 120 seconds left.
|
|t:|1769444780
|move|p2a: Iron Moth|Sludge Wave|p1a: Dragonite
|-damage|p1a: Dragonite|32/100
|move|p1a: Dragonite|Roost|p1a: Dragonite
|-heal|p1a: Dragonite|82/100
|-singleturn|p1a: Dragonite|move: Roost
|
|-damage|p2a: Iron Moth|0 fnt|[from] Salt Cure
|faint|p2a: Iron Moth
|-end|p2a: Iron Moth|Quark Drive|[silent]
|upkeep
|
|t:|1769444785
|switch|p2a: Quaquaval|Quaquaval, F|100/100
|-damage|p2a: Quaquaval|94/100|[from] Stealth Rock
|turn|6
|
|t:|1769444807
|move|p1a: Dragonite|Extreme Speed|p2a: Quaquaval
|-damage|p2a: Quaquaval|55/100
|move|p2a: Quaquaval|Rapid Spin|p1a: Dragonite
|-damage|p1a: Dragonite|68/100
|-boost|p2a: Quaquaval|spe|1
|-sideend|p2: zahonidas|Stealth Rock|[from] move: Rapid Spin|[of] p2a: Quaquaval
|
|upkeep
|turn|7
|
|t:|1769444821
|-terastallize|p1a: Dragonite|Normal
|move|p1a: Dragonite|Extreme Speed|p2a: Quaquaval
|-damage|p2a: Quaquaval|0 fnt
|faint|p2a: Quaquaval
|
|upkeep
|
|t:|1769444827
|switch|p2a: Heracross|Heracross, F|100/100
|turn|8
|
|t:|1769444832
|switch|p1a: Zamazenta|Zamazenta|100/100
|-ability|p1a: Zamazenta|Dauntless Shield|boost
|-boost|p1a: Zamazenta|def|1
|move|p2a: Heracross|Trailblaze|p1a: Zamazenta
|-damage|p1a: Zamazenta|91/100
|-boost|p2a: Heracross|spe|1
|
|-heal|p1a: Zamazenta|98/100|[from] item: Leftovers
|upkeep
|turn|9
|
|t:|1769444838
|move|p2a: Heracross|Lunge|p1a: Zamazenta
|-resisted|p1a: Zamazenta
|-damage|p1a: Zamazenta|87/100
|-unboost|p1a: Zamazenta|atk|1
|move|p1a: Zamazenta|Iron Defense|p1a: Zamazenta
|-boost|p1a: Zamazenta|def|2
|
|-heal|p1a: Zamazenta|93/100|[from] item: Leftovers
|upkeep
|turn|10
|
|t:|1769444848
|move|p2a: Heracross|Lunge|p1a: Zamazenta
|-resisted|p1a: Zamazenta
|-damage|p1a: Zamazenta|87/100
|-unboost|p1a: Zamazenta|atk|1
|move|p1a: Zamazenta|Body Press|p2a: Heracross
|-resisted|p2a: Heracross
|-crit|p2a: Heracross
|-damage|p2a: Heracross|10/100
|
|-heal|p1a: Zamazenta|93/100|[from] item: Leftovers
|upkeep
|turn|11
|
|t:|1769444860
|move|p2a: Heracross|Lunge|p1a: Zamazenta
|-resisted|p1a: Zamazenta
|-damage|p1a: Zamazenta|86/100
|-unboost|p1a: Zamazenta|atk|1
|move|p1a: Zamazenta|Body Press|p2a: Heracross
|-resisted|p2a: Heracross
|-damage|p2a: Heracross|0 fnt
|faint|p2a: Heracross
|
|-heal|p1a: Zamazenta|93/100|[from] item: Leftovers
|upkeep
|
|t:|1769444862
|switch|p2a: Enamorus|Enamorus, F|100/100
|turn|12
|
|t:|1769444866
|switch|p1a: Iron Treads|Iron Treads|100/100
|move|p2a: Enamorus|Superpower|p1a: Iron Treads
|-supereffective|p1a: Iron Treads
|-damage|p1a: Iron Treads|28/100
|-boost|p2a: Enamorus|atk|1
|-boost|p2a: Enamorus|def|1
|
|-heal|p1a: Iron Treads|34/100|[from] item: Leftovers
|upkeep
|turn|13
|
|t:|1769444879
|-end|p1a: Iron Treads|Quark Drive|[silent]
|switch|p1a: Hatterene|Hatterene, F|100/100
|move|p2a: Enamorus|Superpower|p1a: Hatterene
|-resisted|p1a: Hatterene
|-damage|p1a: Hatterene|89/100
|-boost|p2a: Enamorus|atk|1
|-boost|p2a: Enamorus|def|1
|-damage|p2a: Enamorus|84/100|[from] item: Rocky Helmet|[of] p1a: Hatterene
|
|upkeep
|turn|14
|
|t:|1769444890
|move|p2a: Enamorus|Iron Head|p1a: Hatterene
|-supereffective|p1a: Hatterene
|-damage|p1a: Hatterene|4/100
|-damage|p2a: Enamorus|67/100|[from] item: Rocky Helmet|[of] p1a: Hatterene
|move|p1a: Hatterene|Nuzzle|p2a: Enamorus
|-supereffective|p2a: Enamorus
|-damage|p2a: Enamorus|60/100
|-status|p2a: Enamorus|par
|
|upkeep
|turn|15
|
|t:|1769444897
|move|p2a: Enamorus|Superpower|p1a: Hatterene
|-resisted|p1a: Hatterene
|-damage|p1a: Hatterene|0 fnt
|-boost|p2a: Enamorus|atk|1
|-boost|p2a: Enamorus|def|1
|-damage|p2a: Enamorus|44/100 par|[from] item: Rocky Helmet|[of] p1a: Hatterene
|faint|p1a: Hatterene
|
|upkeep
|
|t:|1769444912
|switch|p1a: Kyurem|Kyurem|100/100
|-ability|p1a: Kyurem|Pressure
|turn|16
|
|t:|1769444939
|-terastallize|p2a: Enamorus|Steel
|move|p1a: Kyurem|Icicle Spear|p2a: Enamorus
|-resisted|p2a: Enamorus
|-damage|p2a: Enamorus|40/100 par
|-resisted|p2a: Enamorus
|-damage|p2a: Enamorus|35/100 par
|-resisted|p2a: Enamorus
|-damage|p2a: Enamorus|31/100 par
|-resisted|p2a: Enamorus
|-damage|p2a: Enamorus|27/100 par
|-hitcount|p2a: Enamorus|4
|move|p2a: Enamorus|Superpower|p1a: Kyurem
|-supereffective|p1a: Kyurem
|-damage|p1a: Kyurem|0 fnt
|-boost|p2a: Enamorus|atk|1
|-boost|p2a: Enamorus|def|1
|faint|p1a: Kyurem
|
|upkeep
|
|t:|1769444945
|switch|p1a: Zamazenta|Zamazenta|93/100
|turn|17
|
|t:|1769444959
|move|p1a: Zamazenta|Iron Defense|p1a: Zamazenta
|-boost|p1a: Zamazenta|def|2
|cant|p2a: Enamorus|par
|
|-heal|p1a: Zamazenta|99/100|[from] item: Leftovers
|upkeep
|turn|18
|
|t:|1769444963
|move|p1a: Zamazenta|Iron Defense|p1a: Zamazenta
|-boost|p1a: Zamazenta|def|2
|move|p2a: Enamorus|Play Rough|p1a: Zamazenta|[miss]
|-miss|p2a: Enamorus|p1a: Zamazenta
|
|-heal|p1a: Zamazenta|100/100|[from] item: Leftovers
|upkeep
|turn|19
|c|☆zahonidas|lol
|
|t:|1769444973
|move|p2a: Enamorus|Play Rough|p1a: Zamazenta
|-supereffective|p1a: Zamazenta
|-damage|p1a: Zamazenta|37/100
|move|p1a: Zamazenta|Roar|p2a: Enamorus
|drag|p2a: Tornadus|Tornadus-Therian, M|100/100
|
|-heal|p1a: Zamazenta|43/100|[from] item: Leftovers
|upkeep
|turn|20
|
|t:|1769444983
|move|p1a: Zamazenta|Body Press|p2a: Tornadus
|-resisted|p2a: Tornadus
|-damage|p2a: Tornadus|33/100
|move|p2a: Tornadus|Bleakwind Storm|p1a: Zamazenta|[miss]
|-miss|p2a: Tornadus|p1a: Zamazenta
|
|-heal|p1a: Zamazenta|49/100|[from] item: Leftovers
|upkeep
|turn|21
|c|☆zahonidas|unreal
|
|t:|1769444997
|switch|p2a: Enamorus|Enamorus, F, tera:Steel|27/100 par
|move|p1a: Zamazenta|Body Press|p2a: Enamorus
|-supereffective|p2a: Enamorus
|-damage|p2a: Enamorus|0 fnt
|faint|p2a: Enamorus
|
|-heal|p1a: Zamazenta|55/100|[from] item: Leftovers
|upkeep
|
|t:|1769445009
|switch|p2a: Tornadus|Tornadus-Therian, M|66/100
|turn|22
|
|t:|1769445018
|switch|p1a: Garganacl|Garganacl, F|40/100
|move|p2a: Tornadus|Bleakwind Storm|p1a: Garganacl
|-resisted|p1a: Garganacl
|-damage|p1a: Garganacl|24/100
|-unboost|p1a: Garganacl|spe|1
|
|-heal|p1a: Garganacl|30/100|[from] item: Leftovers
|upkeep
|turn|23
|
|t:|1769445027
|move|p2a: Tornadus|Chilling Water|p1a: Garganacl
|-supereffective|p1a: Garganacl
|-damage|p1a: Garganacl|9/100
|-unboost|p1a: Garganacl|atk|1
|move|p1a: Garganacl|Recover|p1a: Garganacl
|-heal|p1a: Garganacl|59/100
|
|-heal|p1a: Garganacl|65/100|[from] item: Leftovers
|upkeep
|turn|24
|
|t:|1769445033
|move|p2a: Tornadus|Chilling Water|p1a: Garganacl
|-supereffective|p1a: Garganacl
|-damage|p1a: Garganacl|44/100
|-unboost|p1a: Garganacl|atk|1
|move|p1a: Garganacl|Salt Cure|p2a: Tornadus
|-supereffective|p2a: Tornadus
|-damage|p2a: Tornadus|45/100
|-start|p2a: Tornadus|Salt Cure
|
|-heal|p1a: Garganacl|50/100|[from] item: Leftovers
|-damage|p2a: Tornadus|33/100|[from] Salt Cure
|upkeep
|turn|25
|
|t:|1769445036
|move|p2a: Tornadus|U-turn|p1a: Garganacl
|-damage|p1a: Garganacl|40/100
|
|t:|1769445039
|switch|p2a: Raging Bolt|Raging Bolt|100/100|[from] U-turn
|-enditem|p2a: Raging Bolt|Booster Energy
|-activate|p2a: Raging Bolt|ability: Protosynthesis|[fromitem]
|-start|p2a: Raging Bolt|protosynthesisspa
|move|p1a: Garganacl|Recover|p1a: Garganacl
|-heal|p1a: Garganacl|90/100
|
|-heal|p1a: Garganacl|96/100|[from] item: Leftovers
|upkeep
|turn|26
|
|t:|1769445051
|switch|p1a: Iron Treads|Iron Treads|34/100
|move|p2a: Raging Bolt|Calm Mind|p2a: Raging Bolt
|-boost|p2a: Raging Bolt|spa|1
|-boost|p2a: Raging Bolt|spd|1
|
|-heal|p1a: Iron Treads|40/100|[from] item: Leftovers
|upkeep
|turn|27
|inactive|zahonidas has 120 seconds left.
|
|t:|1769445082
|-end|p2a: Raging Bolt|Protosynthesis|[silent]
|switch|p2a: Tornadus|Tornadus-Therian, M|66/100
|move|p1a: Iron Treads|Earthquake|p2a: Tornadus
|-immune|p2a: Tornadus
|
|-heal|p1a: Iron Treads|46/100|[from] item: Leftovers
|upkeep
|turn|28
|
|t:|1769445109
|-end|p1a: Iron Treads|Quark Drive|[silent]
|switch|p1a: Garganacl|Garganacl, F|96/100
|move|p2a: Tornadus|Chilling Water|p1a: Garganacl
|-supereffective|p1a: Garganacl
|-damage|p1a: Garganacl|75/100
|-unboost|p1a: Garganacl|atk|1
|
|-heal|p1a: Garganacl|81/100|[from] item: Leftovers
|upkeep
|turn|29
|
|t:|1769445121
|move|p2a: Tornadus|Chilling Water|p1a: Garganacl
|-supereffective|p1a: Garganacl
|-damage|p1a: Garganacl|60/100
|-unboost|p1a: Garganacl|atk|1
|move|p1a: Garganacl|Salt Cure|p2a: Tornadus
|-supereffective|p2a: Tornadus
|-damage|p2a: Tornadus|47/100
|-start|p2a: Tornadus|Salt Cure
|
|-heal|p1a: Garganacl|66/100|[from] item: Leftovers
|-damage|p2a: Tornadus|35/100|[from] Salt Cure
|upkeep
|turn|30
|
|t:|1769445132
|switch|p2a: Raging Bolt|Raging Bolt|100/100
|move|p1a: Garganacl|Recover|p1a: Garganacl
|-heal|p1a: Garganacl|100/100
|
|upkeep
|turn|31
|
|t:|1769445140
|move|p2a: Raging Bolt|Ancient Power|p1a: Garganacl
|-damage|p1a: Garganacl|83/100
|-boost|p2a: Raging Bolt|atk|1
|-boost|p2a: Raging Bolt|def|1
|-boost|p2a: Raging Bolt|spa|1
|-boost|p2a: Raging Bolt|spd|1
|-boost|p2a: Raging Bolt|spe|1
|move|p1a: Garganacl|Salt Cure|p2a: Raging Bolt
|-damage|p2a: Raging Bolt|96/100
|-start|p2a: Raging Bolt|Salt Cure
|
|-heal|p1a: Garganacl|90/100|[from] item: Leftovers
|-damage|p2a: Raging Bolt|84/100|[from] Salt Cure
|upkeep
|turn|32
|
|t:|1769445158
|switch|p1a: Dragonite|Dragonite, F, tera:Normal|68/100
|move|p2a: Raging Bolt|Dragon Pulse|p1a: Dragonite
|-damage|p1a: Dragonite|4/100
|
|-damage|p2a: Raging Bolt|71/100|[from] Salt Cure
|upkeep
|turn|33
|
|t:|1769445168
|move|p1a: Dragonite|Extreme Speed|p2a: Raging Bolt
|-damage|p2a: Raging Bolt|48/100
|move|p2a: Raging Bolt|Ancient Power|p1a: Dragonite
|-damage|p1a: Dragonite|0 fnt
|faint|p1a: Dragonite
|
|-damage|p2a: Raging Bolt|35/100|[from] Salt Cure
|upkeep
|
|t:|1769445174
|switch|p1a: Iron Treads|Iron Treads|46/100
|turn|34
|
|t:|1769445181
|move|p2a: Raging Bolt|Dragon Pulse|p1a: Iron Treads
|-resisted|p1a: Iron Treads
|-damage|p1a: Iron Treads|8/100
|move|p1a: Iron Treads|Rapid Spin|p2a: Raging Bolt
|-damage|p2a: Raging Bolt|27/100
|-boost|p1a: Iron Treads|spe|1
|
|-heal|p1a: Iron Treads|15/100|[from] item: Leftovers
|-damage|p2a: Raging Bolt|14/100|[from] Salt Cure
|upkeep
|turn|35
|
|t:|1769445189
|move|p1a: Iron Treads|Ice Spinner|p2a: Raging Bolt
|-supereffective|p2a: Raging Bolt
|-damage|p2a: Raging Bolt|0 fnt
|faint|p2a: Raging Bolt
|-end|p2a: Raging Bolt|Protosynthesis|[silent]
|
|-heal|p1a: Iron Treads|21/100|[from] item: Leftovers
|upkeep
|
|t:|1769445191
|switch|p2a: Tornadus|Tornadus-Therian, M|68/100
|turn|36
|
|t:|1769445194
|move|p1a: Iron Treads|Ice Spinner|p2a: Tornadus
|-supereffective|p2a: Tornadus
|-damage|p2a: Tornadus|0 fnt
|faint|p2a: Tornadus
|
|win|Phone ladder only
|raw|Phone ladder only's rating: 1274 &rarr; <strong>1295</strong><br />(+21 for winning)
|raw|zahonidas's rating: 1217 &rarr; <strong>1196</strong><br />(-21 for losing)
|l|☆zahonidas
|player|p2|
|l|☆Phone ladder only
|player|p1|
