|j|☆potatosforfree
|j|☆yasin_23
|t:|1769433694
|gametype|singles
|player|p1|potatosforfree|lucas|1418
|player|p2|yasin_23|cynthia-gen4|1434
|gen|9
|tier|[Gen 9] OU
|rated|
|rule|HP Percentage Mod: HP is shown in percentages
|rule|Endless Battle Clause: Forcing endless battles is banned
|rule|Species Clause: Limit one of each Pokémon
|rule|OHKO Clause: OHKO moves are banned
|rule|Evasion Items Clause: Evasion items are banned
|rule|Evasion Moves Clause: Evasion moves are banned
|rule|Evasion Abilities Clause: Evasion abilities are banned
|rule|Sleep Moves Clause: Sleep-inducing moves are banned
|clearpoke
|poke|p1|Corviknight, F|
|poke|p1|Zapdos|
|poke|p1|Meowscarada, F|
|poke|p1|Kingambit, F|
|poke|p1|Dragapult, F|
|poke|p1|Clefable, F|
|poke|p2|Comfey, M|
|poke|p2|Whimsicott, M|
|poke|p2|Ceruledge, F|
|poke|p2|Walking Wake|
|poke|p2|Great Tusk|
|poke|p2|Ninetales, F|
|teampreview
|inactive|Battle timer is ON: inactive players will automatically lose when time's up. (requested by yasin_23)
|inactive|potatosforfree also wants the timer to be on.
|
|t:|1769433712
|teamsize|p1|6
|teamsize|p2|6
|start
|switch|p1a: Dragapult|Dragapult, F|100/100
|switch|p2a: Ninetales|Ninetales, F|100/100
|-weather|SunnyDay|[from] ability: Drought|[of] p2a: Ninetales
|turn|1
|
|t:|1769433732
|switch|p2a: Comfey|Comfey, M|100/100
|move|p1a: Dragapult|Substitute|p1a: Dragapult
|-start|p1a: Dragapult|Substitute
|-damage|p1a: Dragapult|76/100
|
|-weather|SunnyDay|[upkeep]
|-heal|p1a: Dragapult|82/100|[from] item: Leftovers
|upkeep
|turn|2
|
|t:|1769433748
|move|p1a: Dragapult|Thunder Wave|p2a: Comfey
|-status|p2a: Comfey|par
|cant|p2a: Comfey|par
|
|-weather|SunnyDay|[upkeep]
|-heal|p1a: Dragapult|88/100|[from] item: Leftovers
|upkeep
|turn|3
|
|t:|1769433756
|move|p1a: Dragapult|Hex|p2a: Comfey
|-damage|p2a: Comfey|44/100 par
|move|p2a: Comfey|Growth|p2a: Comfey
|-boost|p2a: Comfey|atk|2
|-boost|p2a: Comfey|spa|2
|
|-weather|SunnyDay|[upkeep]
|-heal|p1a: Dragapult|94/100|[from] item: Leftovers
|upkeep
|turn|4
|
|t:|1769433760
|move|p2a: Comfey|Draining Kiss|p1a: Dragapult
|-supereffective|p1a: Dragapult
|-end|p1a: Dragapult|Substitute
|-heal|p2a: Comfey|64/100 par|[from] drain|[of] p1a: Dragapult
|-damage|p2a: Comfey|54/100 par|[from] item: Life Orb
|move|p1a: Dragapult|Hex|p2a: Comfey
|-damage|p2a: Comfey|0 fnt
|faint|p2a: Comfey
|
|-weather|SunnyDay|[upkeep]
|-heal|p1a: Dragapult|99/100|[from] item: Leftovers
|upkeep
|
|t:|1769433763
|switch|p2a: Whimsicott|Whimsicott, M|100/100
|turn|5
|
|t:|1769433772
|switch|p1a: Clefable|Clefable, F|100/100
|move|p2a: Whimsicott|Growth|p2a: Whimsicott
|-boost|p2a: Whimsicott|atk|2
|-boost|p2a: Whimsicott|spa|2
|
|-weather|SunnyDay|[upkeep]
|upkeep
|turn|6
|
|t:|1769433788
|move|p2a: Whimsicott|Shadow Ball|p1a: Clefable
|-damage|p1a: Clefable|65/100
|-damage|p2a: Whimsicott|91/100|[from] item: Life Orb
|move|p1a: Clefable|Thunder Wave|p2a: Whimsicott
|-status|p2a: Whimsicott|par
|
|-weather|SunnyDay|[upkeep]
|-heal|p1a: Clefable|72/100|[from] item: Leftovers
|upkeep
|turn|7
|-message|yasin_23 forfeited.
|
|win|potatosforfree
|raw|potatosforfree's rating: 1418 &rarr; <strong>1439</strong><br />(+21 for winning)
|raw|yasin_23's rating: 1434 &rarr; <strong>1413</strong><br />(-21 for losing)
|l|☆yasin_23
|player|p2|
|l|☆potatosforfree
|player|p1|
