|j|☆WaveHunts
|j|☆fuhfyjddhh
|t:|1769362226
|gametype|singles
|player|p1|WaveHunts|ghetsis|1569
|player|p2|fuhfyjddhh|policeman-gen4|1526
|gen|9
|tier|[Gen 9] OU
|rated|
|rule|HP Percentage Mod: HP is shown in percentages
|rule|Endless Battle Clause: Forcing endless battles is banned
|rule|Species Clause: Limit one of each Pokémon
|rule|OHKO Clause: OHKO moves are banned
|rule|Evasion Items Clause: Evasion items are banned
|rule|Evasion Moves Clause: Evasion moves are banned
|rule|Evasion Abilities Clause: Evasion abilities are banned
|rule|Sleep Moves Clause: Sleep-inducing moves are banned
|clearpoke
|poke|p1|Iron Moth|
|poke|p1|Clefable, F|
|poke|p1|Ting-Lu|
|poke|p1|Gholdengo|
|poke|p1|Dragonite, F|
|poke|p1|Meowscarada, F|
|poke|p2|Cinderace, M|
|poke|p2|Alomomola, F|
|poke|p2|Great Tusk|
|poke|p2|Iron Valiant|
|poke|p2|Pecharunt|
|poke|p2|Ogerpon, F|
|teampreview
|
|t:|1769362235
|teamsize|p1|6
|teamsize|p2|6
|start
|switch|p1a: Meowscarada|Meowscarada, F, shiny|100/100
|switch|p2a: Cinderace|Cinderace, M|100/100
|turn|1
|
|t:|1769362244
|move|p1a: Meowscarada|Knock Off|p2a: Cinderace
|-start|p1a: Meowscarada|typechange|Dark|[from] ability: Protean
|-damage|p2a: Cinderace|31/100
|-enditem|p2a: Cinderace|Heavy-Duty Boots|[from] move: Knock Off|[of] p1a: Meowscarada
|move|p2a: Cinderace|U-turn|p1a: Meowscarada
|-start|p2a: Cinderace|typechange|Bug|[from] ability: Libero
|-supereffective|p1a: Meowscarada
|-damage|p1a: Meowscarada|0 fnt
|faint|p1a: Meowscarada
|
|t:|1769362255
|switch|p2a: Iron Valiant|Iron Valiant|100/100|[from] U-turn
|
|upkeep
|
|t:|1769362259
|switch|p1a: Clefable|Clefable, F, shiny|100/100
|turn|2
|
|t:|1769362267
|-terastallize|p2a: Iron Valiant|Fairy
|move|p2a: Iron Valiant|Moonblast|p1a: Clefable
|-damage|p1a: Clefable|14/100
|-unboost|p1a: Clefable|spa|1
|move|p1a: Clefable|Knock Off|p2a: Iron Valiant
|-resisted|p2a: Iron Valiant
|-damage|p2a: Iron Valiant|90/100
|-enditem|p2a: Iron Valiant|Choice Specs|[from] move: Knock Off|[of] p1a: Clefable
|
|-heal|p1a: Clefable|20/100|[from] item: Leftovers
|upkeep
|turn|3
|
|t:|1769362276
|switch|p1a: Iron Moth|Iron Moth|100/100
|move|p2a: Iron Valiant|Moonblast|p1a: Iron Moth
|-resisted|p1a: Iron Moth
|-damage|p1a: Iron Moth|83/100
|-unboost|p1a: Iron Moth|spa|1
|
|upkeep
|turn|4
|
|t:|1769362280
|-end|p2a: Iron Valiant|Quark Drive|[silent]
|switch|p2a: Alomomola|Alomomola, F|100/100
|move|p1a: Iron Moth|Sludge Wave|p2a: Alomomola
|-damage|p2a: Alomomola|83/100
|
|upkeep
|turn|5
|
|t:|1769362284
|move|p1a: Iron Moth|Toxic Spikes|p2a: Alomomola
|-sidestart|p2: fuhfyjddhh|move: Toxic Spikes
|move|p2a: Alomomola|Mirror Coat||[still]
|-fail|p2a: Alomomola
|
|upkeep
|turn|6
|
|t:|1769362290
|-end|p1a: Iron Moth|Quark Drive|[silent]
|switch|p1a: Clefable|Clefable, F, shiny|20/100
|move|p2a: Alomomola|Scald|p1a: Clefable
|-damage|p1a: Clefable|7/100
|-status|p1a: Clefable|brn
|
|-heal|p1a: Clefable|13/100 brn|[from] item: Leftovers
|upkeep
|turn|7
|
|t:|1769362293
|move|p1a: Clefable|Moonlight|p1a: Clefable
|-heal|p1a: Clefable|63/100 brn
|move|p2a: Alomomola|Flip Turn|p1a: Clefable
|-damage|p1a: Clefable|51/100 brn
|
|t:|1769362300
|switch|p2a: Cinderace|Cinderace, M|31/100|[from] Flip Turn
|-status|p2a: Cinderace|psn
|
|-heal|p1a: Clefable|57/100 brn|[from] item: Leftovers
|-damage|p2a: Cinderace|19/100 psn|[from] psn
|upkeep
|turn|8
|inactive|Battle timer is ON: inactive players will automatically lose when time's up. (requested by WaveHunts)
|
|t:|1769362316
|move|p2a: Cinderace|Pyro Ball|p1a: Clefable
|-damage|p1a: Clefable|10/100 brn
|move|p1a: Clefable|Stealth Rock|p2a: Cinderace
|-sidestart|p2: fuhfyjddhh|move: Stealth Rock
|
|-heal|p1a: Clefable|16/100 brn|[from] item: Leftovers
|-damage|p2a: Cinderace|7/100 psn|[from] psn
|upkeep
|turn|9
|
|t:|1769362326
|move|p2a: Cinderace|Court Change|p2a: Cinderace
|-start|p2a: Cinderace|typechange|Normal|[from] ability: Libero
|-swapsideconditions
|-activate|p2a: Cinderace|move: Court Change
|move|p1a: Clefable|Moonblast|p2a: Cinderace
|-damage|p2a: Cinderace|0 fnt
|faint|p2a: Cinderace
|
|-heal|p1a: Clefable|22/100 brn|[from] item: Leftovers
|upkeep
|
|t:|1769362333
|switch|p2a: Iron Valiant|Iron Valiant, tera:Fairy|90/100
|turn|10
|
|t:|1769362338
|move|p2a: Iron Valiant|Moonblast|p1a: Clefable
|-damage|p1a: Clefable|0 fnt
|faint|p1a: Clefable
|
|upkeep
|
|t:|1769362340
|switch|p1a: Iron Moth|Iron Moth|83/100
|-sideend|p1: WaveHunts|move: Toxic Spikes|[of] p1a: Iron Moth
|turn|11
|
|t:|1769362346
|-end|p2a: Iron Valiant|Quark Drive|[silent]
|switch|p2a: Alomomola|Alomomola, F|100/100
|move|p1a: Iron Moth|Sludge Wave|p2a: Alomomola
|-damage|p2a: Alomomola|74/100
|
|upkeep
|turn|12
|
|t:|1769362354
|move|p1a: Iron Moth|Toxic Spikes|p2a: Alomomola
|-sidestart|p2: fuhfyjddhh|move: Toxic Spikes
|move|p2a: Alomomola|Scald|p1a: Iron Moth
|-supereffective|p1a: Iron Moth
|-damage|p1a: Iron Moth|53/100
|
|upkeep
|turn|13
|
|t:|1769362364
|move|p1a: Iron Moth|Toxic Spikes|p2a: Alomomola
|-sidestart|p2: fuhfyjddhh|move: Toxic Spikes
|move|p2a: Alomomola|Scald|p1a: Iron Moth
|-supereffective|p1a: Iron Moth
|-damage|p1a: Iron Moth|23/100
|
|upkeep
|turn|14
|
|t:|1769362376
|move|p1a: Iron Moth|Sludge Wave|p2a: Alomomola
|-damage|p2a: Alomomola|47/100
|move|p2a: Alomomola|Flip Turn|p1a: Iron Moth
|-supereffective|p1a: Iron Moth
|-damage|p1a: Iron Moth|0 fnt
|faint|p1a: Iron Moth
|-end|p1a: Iron Moth|Quark Drive|[silent]
|
|t:|1769362381
|switch|p2a: Pecharunt|Pecharunt|100/100|[from] Flip Turn
|-sideend|p2: fuhfyjddhh|move: Toxic Spikes|[of] p2a: Pecharunt
|
|upkeep
|
|t:|1769362386
|switch|p1a: Gholdengo|Gholdengo, shiny|100/100
|turn|15
|
|t:|1769362395
|switch|p2a: Alomomola|Alomomola, F|81/100
|move|p1a: Gholdengo|Shadow Ball|p2a: Alomomola
|-damage|p2a: Alomomola|55/100
|
|upkeep
|turn|16
|
|t:|1769362399
|move|p1a: Gholdengo|Nasty Plot|p1a: Gholdengo
|-boost|p1a: Gholdengo|spa|2
|move|p2a: Alomomola|Flip Turn|p1a: Gholdengo
|-damage|p1a: Gholdengo|83/100
|
|t:|1769362405
|switch|p2a: Ogerpon|Ogerpon, F|100/100|[from] Flip Turn
|
|upkeep
|turn|17
|
|t:|1769362422
|-terastallize|p1a: Gholdengo|Fairy
|move|p2a: Ogerpon|Knock Off|p1a: Gholdengo
|-resisted|p1a: Gholdengo
|-damage|p1a: Gholdengo|59/100
|-enditem|p1a: Gholdengo|Heavy-Duty Boots|[from] move: Knock Off|[of] p2a: Ogerpon
|move|p1a: Gholdengo|Shadow Ball|p2a: Ogerpon
|-damage|p2a: Ogerpon|0 fnt
|faint|p2a: Ogerpon
|
|upkeep
|
|t:|1769362429
|switch|p2a: Iron Valiant|Iron Valiant, tera:Fairy|90/100
|turn|18
|inactive|WaveHunts has 120 seconds left.
|
|t:|1769362469
|move|p2a: Iron Valiant|Moonblast|p1a: Gholdengo
|-damage|p1a: Gholdengo|0 fnt
|faint|p1a: Gholdengo
|
|upkeep
|
|t:|1769362471
|switch|p1a: Ting-Lu|Ting-Lu, shiny|100/100
|-damage|p1a: Ting-Lu|94/100|[from] Stealth Rock
|-ability|p1a: Ting-Lu|Vessel of Ruin
|turn|19
|
|t:|1769362473
|move|p2a: Iron Valiant|Moonblast|p1a: Ting-Lu
|-supereffective|p1a: Ting-Lu
|-damage|p1a: Ting-Lu|43/100
|move|p1a: Ting-Lu|Earthquake|p2a: Iron Valiant
|-damage|p2a: Iron Valiant|41/100
|
|-heal|p1a: Ting-Lu|49/100|[from] item: Leftovers
|upkeep
|turn|20
|
|t:|1769362476
|move|p2a: Iron Valiant|Moonblast|p1a: Ting-Lu
|-supereffective|p1a: Ting-Lu
|-damage|p1a: Ting-Lu|0 fnt
|faint|p1a: Ting-Lu
|
|upkeep
|
|t:|1769362478
|switch|p1a: Dragonite|Dragonite, F|100/100
|turn|21
|
|t:|1769362484
|move|p2a: Iron Valiant|Moonblast|p1a: Dragonite
|-supereffective|p1a: Dragonite
|-damage|p1a: Dragonite|32/100
|move|p1a: Dragonite|Dragon Dance|p1a: Dragonite
|-boost|p1a: Dragonite|atk|1
|-boost|p1a: Dragonite|spe|1
|
|upkeep
|turn|22
|
|t:|1769362492
|-end|p2a: Iron Valiant|Quark Drive|[silent]
|switch|p2a: Pecharunt|Pecharunt|100/100
|move|p1a: Dragonite|Earthquake|p2a: Pecharunt
|-supereffective|p2a: Pecharunt
|-damage|p2a: Pecharunt|45/100
|
|upkeep
|turn|23
|
|t:|1769362504
|move|p1a: Dragonite|Earthquake|p2a: Pecharunt
|-supereffective|p2a: Pecharunt
|-damage|p2a: Pecharunt|0 fnt
|faint|p2a: Pecharunt
|
|upkeep
|
|t:|1769362506
|switch|p2a: Great Tusk|Great Tusk|100/100
|-enditem|p2a: Great Tusk|Booster Energy
|-activate|p2a: Great Tusk|ability: Protosynthesis|[fromitem]
|-start|p2a: Great Tusk|protosynthesisspe
|turn|24
|
|t:|1769362510
|move|p2a: Great Tusk|Stone Edge|p1a: Dragonite
|-supereffective|p1a: Dragonite
|-damage|p1a: Dragonite|0 fnt
|faint|p1a: Dragonite
|
|win|fuhfyjddhh
|raw|WaveHunts's rating: 1569 &rarr; <strong>1547</strong><br />(-22 for losing)
|raw|fuhfyjddhh's rating: 1526 &rarr; <strong>1548</strong><br />(+22 for winning)
|l|☆WaveHunts
|player|p1|
