|j|☆jesmar
|j|☆Brymont
|t:|1769298554
|gametype|singles
|player|p1|jesmar|ghetsis-gen5bw|1390
|player|p2|Brymont|steven|1399
|gen|9
|tier|[Gen 9] OU
|rated|
|rule|HP Percentage Mod: HP is shown in percentages
|rule|Endless Battle Clause: Forcing endless battles is banned
|rule|Species Clause: Limit one of each Pokémon
|rule|OHKO Clause: OHKO moves are banned
|rule|Evasion Items Clause: Evasion items are banned
|rule|Evasion Moves Clause: Evasion moves are banned
|rule|Evasion Abilities Clause: Evasion abilities are banned
|rule|Sleep Moves Clause: Sleep-inducing moves are banned
|clearpoke
|poke|p1|Landorus-Therian, M|
|poke|p1|Clefable, M|
|poke|p1|Grimmsnarl, M|
|poke|p1|Maushold|
|poke|p1|Tyranitar, M|
|poke|p1|Deoxys-Speed|
|poke|p2|Kingambit, M|
|poke|p2|Iron Valiant|
|poke|p2|Cinderace, M|
|poke|p2|Gliscor, M|
|poke|p2|Slowking-Galar, M|
|poke|p2|Hydrapple, M|
|teampreview
|inactive|Battle timer is ON: inactive players will automatically lose when time's up. (requested by Brymont)
|
|t:|1769298566
|teamsize|p1|6
|teamsize|p2|6
|start
|switch|p1a: Deoxys|Deoxys-Speed|100/100
|switch|p2a: Cinderace|Cinderace, M|100/100
|-ability|p1a: Deoxys|Pressure
|turn|1
|
|t:|1769298572
|move|p1a: Deoxys|Taunt|p2a: Cinderace
|-start|p2a: Cinderace|move: Taunt
|move|p2a: Cinderace|Pyro Ball|p1a: Deoxys
|-damage|p1a: Deoxys|22/100
|
|upkeep
|turn|2
|
|t:|1769298579
|move|p1a: Deoxys|Reflect|p1a: Deoxys
|-sidestart|p1: jesmar|Reflect
|move|p2a: Cinderace|Pyro Ball|p1a: Deoxys
|-damage|p1a: Deoxys|0 fnt
|faint|p1a: Deoxys
|
|upkeep
|
|t:|1769298582
|switch|p1a: Tyranitar|Tyranitar, M|100/100
|-weather|Sandstorm|[from] ability: Sand Stream|[of] p1a: Tyranitar
|turn|3
|
|t:|1769298587
|move|p2a: Cinderace|U-turn|p1a: Tyranitar
|-start|p2a: Cinderace|typechange|Bug|[from] ability: Libero
|-supereffective|p1a: Tyranitar
|-damage|p1a: Tyranitar|71/100
|
|t:|1769298590
|switch|p2a: Iron Valiant|Iron Valiant|100/100|[from] U-turn
|-enditem|p2a: Iron Valiant|Booster Energy
|-activate|p2a: Iron Valiant|ability: Quark Drive|[fromitem]
|-start|p2a: Iron Valiant|quarkdrivespe
|move|p1a: Tyranitar|Dragon Dance|p1a: Tyranitar
|-boost|p1a: Tyranitar|atk|1
|-boost|p1a: Tyranitar|spe|1
|
|-weather|Sandstorm|[upkeep]
|-damage|p2a: Iron Valiant|94/100|[from] Sandstorm
|upkeep
|turn|4
|
|t:|1769298597
|-terastallize|p1a: Tyranitar|Ground
|move|p2a: Iron Valiant|Close Combat|p1a: Tyranitar
|-damage|p1a: Tyranitar|47/100
|-unboost|p2a: Iron Valiant|def|1
|-unboost|p2a: Iron Valiant|spd|1
|move|p1a: Tyranitar|Earthquake|p2a: Iron Valiant
|-damage|p2a: Iron Valiant|0 fnt
|faint|p2a: Iron Valiant
|-end|p2a: Iron Valiant|Quark Drive|[silent]
|
|-weather|Sandstorm|[upkeep]
|upkeep
|
|t:|1769298606
|switch|p2a: Hydrapple|Hydrapple, M|100/100
|turn|5
|
|t:|1769298611
|move|p1a: Tyranitar|Ice Punch|p2a: Hydrapple
|-supereffective|p2a: Hydrapple
|-damage|p2a: Hydrapple|0 fnt
|faint|p2a: Hydrapple
|
|-weather|Sandstorm|[upkeep]
|upkeep
|
|t:|1769298633
|switch|p2a: Slowking|Slowking-Galar, M|100/100
|turn|6
|
|t:|1769298644
|-terastallize|p2a: Slowking|Water
|move|p1a: Tyranitar|Knock Off|p2a: Slowking
|-damage|p2a: Slowking|38/100
|-enditem|p2a: Slowking|Assault Vest|[from] move: Knock Off|[of] p1a: Tyranitar
|move|p2a: Slowking|Psychic Noise|p1a: Tyranitar
|-damage|p1a: Tyranitar|19/100
|-start|p1a: Tyranitar|move: Heal Block
|
|-weather|Sandstorm|[upkeep]
|-damage|p2a: Slowking|32/100|[from] Sandstorm
|upkeep
|turn|7
|
|t:|1769298655
|switch|p2a: Cinderace|Cinderace, M|100/100
|move|p1a: Tyranitar|Earthquake|p2a: Cinderace
|-supereffective|p2a: Cinderace
|-damage|p2a: Cinderace|0 fnt
|faint|p2a: Cinderace
|
|-weather|none
|-end|p1a: Tyranitar|move: Heal Block
|upkeep
|
|t:|1769298659
|switch|p2a: Slowking|Slowking-Galar, M, tera:Water|65/100
|turn|8
|
|t:|1769298664
|move|p1a: Tyranitar|Earthquake|p2a: Slowking
|-damage|p2a: Slowking|0 fnt
|faint|p2a: Slowking
|
|upkeep
|
|t:|1769298669
|switch|p2a: Kingambit|Kingambit, M|100/100
|-activate|p2a: Kingambit|ability: Supreme Overlord
|-start|p2a: Kingambit|fallen4|[silent]
|-item|p2a: Kingambit|Air Balloon
|turn|9
|
|t:|1769298683
|move|p1a: Tyranitar|Knock Off|p2a: Kingambit
|-resisted|p2a: Kingambit
|-damage|p2a: Kingambit|63/100
|-enditem|p2a: Kingambit|Air Balloon
|move|p2a: Kingambit|Iron Head|p1a: Tyranitar
|-damage|p1a: Tyranitar|0 fnt
|faint|p1a: Tyranitar
|
|-sideend|p1: jesmar|Reflect
|upkeep
|
|t:|1769298707
|switch|p1a: Grimmsnarl|Grimmsnarl, M, shiny|100/100
|turn|10
|
|t:|1769298727
|move|p1a: Grimmsnarl|Reflect|p1a: Grimmsnarl
|-sidestart|p1: jesmar|Reflect
|move|p2a: Kingambit|Iron Head|p1a: Grimmsnarl
|-supereffective|p1a: Grimmsnarl
|-damage|p1a: Grimmsnarl|30/100
|
|upkeep
|turn|11
|
|t:|1769298731
|move|p1a: Grimmsnarl|Parting Shot|p2a: Kingambit
|-hint|Since gen 7, Dark is immune to Prankster moves.
|-immune|p2a: Kingambit
|move|p2a: Kingambit|Swords Dance|p2a: Kingambit
|-boost|p2a: Kingambit|atk|2
|
|upkeep
|turn|12
|
|t:|1769298744
|switch|p1a: Landorus|Landorus-Therian, M, shiny|100/100
|-ability|p1a: Landorus|Intimidate|boost
|-unboost|p2a: Kingambit|atk|1
|move|p2a: Kingambit|Swords Dance|p2a: Kingambit
|-boost|p2a: Kingambit|atk|2
|
|upkeep
|turn|13
|
|t:|1769298750
|move|p2a: Kingambit|Sucker Punch|p1a: Landorus
|-damage|p1a: Landorus|22/100
|-damage|p2a: Kingambit|47/100|[from] item: Rocky Helmet|[of] p1a: Landorus
|move|p1a: Landorus|Earthquake|p2a: Kingambit
|-supereffective|p2a: Kingambit
|-damage|p2a: Kingambit|0 fnt
|faint|p2a: Kingambit
|-end|p2a: Kingambit|fallen4|[silent]
|
|upkeep
|
|t:|1769298752
|switch|p2a: Gliscor|Gliscor, M|100/100
|turn|14
|
|t:|1769298761
|move|p2a: Gliscor|Swords Dance|p2a: Gliscor
|-boost|p2a: Gliscor|atk|2
|move|p1a: Landorus|Taunt|p2a: Gliscor
|-start|p2a: Gliscor|move: Taunt
|
|-status|p2a: Gliscor|tox|[from] item: Toxic Orb
|upkeep
|turn|15
|
|t:|1769298770
|move|p2a: Gliscor|Tera Blast|p1a: Landorus
|-crit|p1a: Landorus
|-damage|p1a: Landorus|9/100
|move|p1a: Landorus|U-turn|p2a: Gliscor
|-resisted|p2a: Gliscor
|-damage|p2a: Gliscor|89/100 tox
|
|t:|1769298774
|switch|p1a: Grimmsnarl|Grimmsnarl, M, shiny|30/100|[from] U-turn
|
|-heal|p2a: Gliscor|100/100 tox|[from] ability: Poison Heal
|upkeep
|turn|16
|
|t:|1769298777
|move|p1a: Grimmsnarl|Parting Shot|p2a: Gliscor
|-unboost|p2a: Gliscor|atk|1
|-unboost|p2a: Gliscor|spa|1
|
|t:|1769298780
|switch|p1a: Landorus|Landorus-Therian, M, shiny|9/100|[from] Parting Shot
|-ability|p1a: Landorus|Intimidate|boost
|-unboost|p2a: Gliscor|atk|1
|move|p2a: Gliscor|Earthquake|p1a: Landorus
|-immune|p1a: Landorus
|
|upkeep
|turn|17
|
|t:|1769298796
|move|p2a: Gliscor|Tera Blast|p1a: Landorus
|-damage|p1a: Landorus|2/100
|move|p1a: Landorus|U-turn|p2a: Gliscor
|-resisted|p2a: Gliscor
|-damage|p2a: Gliscor|88/100 tox
|
|t:|1769298799
|switch|p1a: Grimmsnarl|Grimmsnarl, M, shiny|30/100|[from] U-turn
|
|-heal|p2a: Gliscor|100/100 tox|[from] ability: Poison Heal
|-end|p2a: Gliscor|move: Taunt
|-sideend|p1: jesmar|Reflect
|upkeep
|turn|18
|
|t:|1769298814
|move|p1a: Grimmsnarl|Reflect|p1a: Grimmsnarl
|-sidestart|p1: jesmar|Reflect
|move|p2a: Gliscor|Swords Dance|p2a: Gliscor
|-boost|p2a: Gliscor|atk|2
|
|upkeep
|turn|19
|
|t:|1769298818
|move|p2a: Gliscor|Protect|p2a: Gliscor
|-singleturn|p2a: Gliscor|Protect
|move|p1a: Grimmsnarl|Parting Shot|p2a: Gliscor
|-activate|p2a: Gliscor|move: Protect
|
|upkeep
|turn|20
|
|t:|1769298821
|move|p1a: Grimmsnarl|Parting Shot|p2a: Gliscor
|-unboost|p2a: Gliscor|atk|1
|-unboost|p2a: Gliscor|spa|1
|
|t:|1769298823
|switch|p1a: Landorus|Landorus-Therian, M, shiny|2/100|[from] Parting Shot
|-ability|p1a: Landorus|Intimidate|boost
|-unboost|p2a: Gliscor|atk|1
|move|p2a: Gliscor|Swords Dance|p2a: Gliscor
|-boost|p2a: Gliscor|atk|2
|
|upkeep
|turn|21
|
|t:|1769298832
|switch|p1a: Clefable|Clefable, M|100/100
|move|p2a: Gliscor|Protect||[still]
|-fail|p2a: Gliscor
|
|upkeep
|turn|22
|
|t:|1769298836
|move|p2a: Gliscor|Swords Dance|p2a: Gliscor
|-boost|p2a: Gliscor|atk|2
|move|p1a: Clefable|Moonblast|p2a: Gliscor
|-damage|p2a: Gliscor|47/100 tox
|
|-heal|p2a: Gliscor|59/100 tox|[from] ability: Poison Heal
|upkeep
|turn|23
|
|t:|1769298839
|move|p2a: Gliscor|Protect|p2a: Gliscor
|-singleturn|p2a: Gliscor|Protect
|move|p1a: Clefable|Moonblast|p2a: Gliscor
|-activate|p2a: Gliscor|move: Protect
|
|-heal|p2a: Gliscor|72/100 tox|[from] ability: Poison Heal
|upkeep
|turn|24
|
|t:|1769298842
|move|p2a: Gliscor|Earthquake|p1a: Clefable
|-damage|p1a: Clefable|27/100
|move|p1a: Clefable|Moonblast|p2a: Gliscor
|-damage|p2a: Gliscor|18/100 tox
|-unboost|p2a: Gliscor|spa|1
|
|-heal|p1a: Clefable|33/100|[from] item: Leftovers
|-heal|p2a: Gliscor|30/100 tox|[from] ability: Poison Heal
|upkeep
|turn|25
|
|t:|1769298846
|move|p2a: Gliscor|Protect|p2a: Gliscor
|-singleturn|p2a: Gliscor|Protect
|move|p1a: Clefable|Moonlight|p1a: Clefable
|-heal|p1a: Clefable|83/100
|
|-heal|p1a: Clefable|89/100|[from] item: Leftovers
|-heal|p2a: Gliscor|43/100 tox|[from] ability: Poison Heal
|-sideend|p1: jesmar|Reflect
|upkeep
|turn|26
|
|t:|1769298850
|move|p2a: Gliscor|Earthquake|p1a: Clefable
|-damage|p1a: Clefable|0 fnt
|faint|p1a: Clefable
|
|-heal|p2a: Gliscor|55/100 tox|[from] ability: Poison Heal
|upkeep
|
|t:|1769298853
|switch|p1a: Maushold|Maushold|100/100
|turn|27
|
|t:|1769298858
|move|p1a: Maushold|Population Bomb|p2a: Gliscor
|-damage|p2a: Gliscor|44/100 tox
|-damage|p2a: Gliscor|33/100 tox
|-damage|p2a: Gliscor|23/100 tox
|-damage|p2a: Gliscor|11/100 tox
|-damage|p2a: Gliscor|1/100 tox
|-damage|p2a: Gliscor|0 fnt
|faint|p2a: Gliscor
|-hitcount|p2: Gliscor|6
|
|win|jesmar
|raw|jesmar's rating: 1390 &rarr; <strong>1409</strong><br />(+19 for winning)
|raw|Brymont's rating: 1377 &rarr; <strong>1358</strong><br />(-19 for losing)
|l|☆Brymont
|player|p2|
|l|☆jesmar
|player|p1|
