|j|☆CrazyPiggy14
|j|☆MangLe12138
|t:|1769325688
|gametype|singles
|player|p1|CrazyPiggy14|ghetsis-gen5bw|1326
|player|p2|MangLe12138|pokefan|1318
|gen|9
|tier|[Gen 9] OU
|rated|
|rule|HP Percentage Mod: HP is shown in percentages
|rule|Endless Battle Clause: Forcing endless battles is banned
|rule|Species Clause: Limit one of each Pokémon
|rule|OHKO Clause: OHKO moves are banned
|rule|Evasion Items Clause: Evasion items are banned
|rule|Evasion Moves Clause: Evasion moves are banned
|rule|Evasion Abilities Clause: Evasion abilities are banned
|rule|Sleep Moves Clause: Sleep-inducing moves are banned
|clearpoke
|poke|p1|Dragapult, M|
|poke|p1|Dragonite, F|
|poke|p1|Alomomola, F|
|poke|p1|Iron Treads|
|poke|p1|Hoopa-Unbound|
|poke|p1|Corviknight, M|
|poke|p2|Pelipper, M|
|poke|p2|Iron Treads|
|poke|p2|Dragapult, F|
|poke|p2|Keldeo-Resolute|
|poke|p2|Raging Bolt|
|poke|p2|Lokix, M|
|teampreview
|inactive|Battle timer is ON: inactive players will automatically lose when time's up. (requested by CrazyPiggy14)
|
|t:|1769325708
|teamsize|p1|6
|teamsize|p2|6
|start
|switch|p1a: Iron Treads|Iron Treads|100/100
|switch|p2a: Iron Treads|Iron Treads|100/100
|-item|p1a: Iron Treads|Air Balloon
|turn|1
|l|☆CrazyPiggy14
|inactive|CrazyPiggy14 disconnected and has a minute to reconnect!
|player|p1|
|j|☆CrazyPiggy14
|inactive|CrazyPiggy14 reconnected and has 135 seconds left.
|player|p1|CrazyPiggy14|ghetsis-gen5bw|
|
|t:|1769325731
|move|p1a: Iron Treads|Stealth Rock|p2a: Iron Treads
|-sidestart|p2: MangLe12138|move: Stealth Rock
|move|p2a: Iron Treads|Knock Off|p1a: Iron Treads
|-damage|p1a: Iron Treads|82/100
|-enditem|p1a: Iron Treads|Air Balloon
|
|upkeep
|turn|2
|inactive|MangLe12138 has 120 seconds left.
|inactive|MangLe12138 has 90 seconds left.
|
|t:|1769325793
|move|p1a: Iron Treads|Earthquake|p2a: Iron Treads
|-supereffective|p2a: Iron Treads
|-damage|p2a: Iron Treads|39/100
|move|p2a: Iron Treads|Stealth Rock|p1a: Iron Treads
|-sidestart|p1: CrazyPiggy14|move: Stealth Rock
|
|-heal|p2a: Iron Treads|45/100|[from] item: Leftovers
|upkeep
|turn|3
|
|t:|1769325805
|move|p1a: Iron Treads|Earthquake|p2a: Iron Treads
|-supereffective|p2a: Iron Treads
|-damage|p2a: Iron Treads|0 fnt
|faint|p2a: Iron Treads
|-end|p2a: Iron Treads|Quark Drive|[silent]
|
|upkeep
|inactive|MangLe12138 has 90 seconds left.
|
|t:|1769325829
|switch|p2a: Keldeo|Keldeo-Resolute|100/100
|-damage|p2a: Keldeo|94/100|[from] Stealth Rock
|turn|4
|
|t:|1769325844
|move|p2a: Keldeo|Surf|p1a: Iron Treads
|-supereffective|p1a: Iron Treads
|-damage|p1a: Iron Treads|0 fnt
|faint|p1a: Iron Treads
|-end|p1a: Iron Treads|Quark Drive|[silent]
|
|upkeep
|
|t:|1769325852
|switch|p1a: Hoopa|Hoopa-Unbound|100/100
|-damage|p1a: Hoopa|88/100|[from] Stealth Rock
|turn|5
|
|t:|1769325861
|move|p2a: Keldeo|Surf|p1a: Hoopa
|-damage|p1a: Hoopa|49/100
|move|p1a: Hoopa|Psychic|p2a: Keldeo
|-supereffective|p2a: Keldeo
|-damage|p2a: Keldeo|0 fnt
|faint|p2a: Keldeo
|
|upkeep
|
|t:|1769325867
|switch|p2a: Lokix|Lokix, M|100/100
|-damage|p2a: Lokix|76/100|[from] Stealth Rock
|turn|6
|
|t:|1769325872
|switch|p1a: Corviknight|Corviknight, M|100/100
|-damage|p1a: Corviknight|88/100|[from] Stealth Rock
|-ability|p1a: Corviknight|Pressure
|move|p2a: Lokix|First Impression|p1a: Corviknight
|-resisted|p1a: Corviknight
|-crit|p1a: Corviknight
|-damage|p1a: Corviknight|65/100
|-damage|p2a: Lokix|59/100|[from] item: Rocky Helmet|[of] p1a: Corviknight
|-damage|p2a: Lokix|49/100|[from] item: Life Orb
|
|upkeep
|turn|7
|inactive|MangLe12138 has 120 seconds left.
|
|t:|1769325884
|switch|p2a: Pelipper|Pelipper, M|100/100
|-damage|p2a: Pelipper|76/100|[from] Stealth Rock
|-weather|RainDance|[from] ability: Drizzle|[of] p2a: Pelipper
|move|p1a: Corviknight|Defog|p2a: Pelipper
|-unboost|p2a: Pelipper|evasion|1
|-sideend|p2: MangLe12138|Stealth Rock|[from] move: Defog|[of] p1a: Corviknight
|-sideend|p1: CrazyPiggy14|Stealth Rock|[from] move: Defog|[of] p1a: Corviknight
|
|-weather|RainDance|[upkeep]
|upkeep
|turn|8
|inactive|MangLe12138 has 120 seconds left.
|
|t:|1769325896
|move|p1a: Corviknight|Roost|p1a: Corviknight
|-heal|p1a: Corviknight|100/100
|-singleturn|p1a: Corviknight|move: Roost
|move|p2a: Pelipper|Weather Ball|p1a: Corviknight
|-damage|p1a: Corviknight|54/100
|
|-weather|RainDance|[upkeep]
|upkeep
|turn|9
|
|t:|1769325906
|switch|p2a: Raging Bolt|Raging Bolt|100/100
|-enditem|p2a: Raging Bolt|Booster Energy
|-activate|p2a: Raging Bolt|ability: Protosynthesis|[fromitem]
|-start|p2a: Raging Bolt|protosynthesisspa
|move|p1a: Corviknight|Roost|p1a: Corviknight
|-heal|p1a: Corviknight|100/100
|-singleturn|p1a: Corviknight|move: Roost
|
|-weather|RainDance|[upkeep]
|upkeep
|turn|10
|
|t:|1769325915
|move|p2a: Raging Bolt|Thunder|p1a: Corviknight
|-supereffective|p1a: Corviknight
|-damage|p1a: Corviknight|0 fnt
|faint|p1a: Corviknight
|
|-weather|RainDance|[upkeep]
|upkeep
|
|t:|1769325929
|switch|p1a: Dragonite|Dragonite, F|100/100
|turn|11
|
|t:|1769325939
|-terastallize|p2a: Raging Bolt|Water
|move|p1a: Dragonite|Earthquake|p2a: Raging Bolt
|-damage|p2a: Raging Bolt|67/100
|move|p2a: Raging Bolt|Dragon Pulse|p1a: Dragonite
|-supereffective|p1a: Dragonite
|-damage|p1a: Dragonite|32/100
|
|-weather|RainDance|[upkeep]
|upkeep
|turn|12
|
|t:|1769325955
|-terastallize|p1a: Dragonite|Flying
|move|p2a: Raging Bolt|Thunderclap|p1a: Dragonite
|-supereffective|p1a: Dragonite
|-damage|p1a: Dragonite|0 fnt
|faint|p1a: Dragonite
|
|-weather|RainDance|[upkeep]
|upkeep
|
|t:|1769325960
|switch|p1a: Dragapult|Dragapult, M|100/100
|turn|13
|
|t:|1769325968
|move|p1a: Dragapult|Dragon Darts|p2a: Raging Bolt
|-damage|p2a: Raging Bolt|48/100
|-anim|p1a: Dragapult|Dragon Darts|p2a: Raging Bolt
|-crit|p2a: Raging Bolt
|-damage|p2a: Raging Bolt|20/100
|move|p2a: Raging Bolt|Dragon Pulse|p1a: Dragapult
|-supereffective|p1a: Dragapult
|-damage|p1a: Dragapult|0 fnt
|faint|p1a: Dragapult
|
|-weather|RainDance|[upkeep]
|upkeep
|
|t:|1769325977
|switch|p1a: Alomomola|Alomomola, F|100/100
|turn|14
|
|t:|1769325983
|move|p1a: Alomomola|Protect|p1a: Alomomola
|-singleturn|p1a: Alomomola|Protect
|move|p2a: Raging Bolt|Thunder|p1a: Alomomola
|-activate|p1a: Alomomola|move: Protect
|
|-weather|none
|upkeep
|turn|15
|
|t:|1769325988
|-end|p2a: Raging Bolt|Protosynthesis|[silent]
|switch|p2a: Pelipper|Pelipper, M|76/100
|-weather|RainDance|[from] ability: Drizzle|[of] p2a: Pelipper
|move|p1a: Alomomola|Wish|p1a: Alomomola
|
|-weather|RainDance|[upkeep]
|upkeep
|turn|16
|
|t:|1769325994
|move|p2a: Pelipper|Hurricane|p1a: Alomomola
|-damage|p1a: Alomomola|57/100
|move|p1a: Alomomola|Flip Turn|p2a: Pelipper
|-resisted|p2a: Pelipper
|-damage|p2a: Pelipper|66/100
|
|t:|1769326000
|switch|p1a: Hoopa|Hoopa-Unbound|49/100|[from] Flip Turn
|
|-weather|RainDance|[upkeep]
|-heal|p1a: Hoopa|100/100|[from] move: Wish|[wisher] Alomomola
|upkeep
|turn|17
|
|t:|1769326011
|move|p1a: Hoopa|Dark Pulse|p2a: Pelipper
|-damage|p2a: Pelipper|0 fnt
|faint|p2a: Pelipper
|
|-weather|RainDance|[upkeep]
|upkeep
|
|t:|1769326014
|switch|p2a: Lokix|Lokix, M|49/100
|turn|18
|
|t:|1769326022
|switch|p1a: Alomomola|Alomomola, F|90/100
|move|p2a: Lokix|First Impression|p1a: Alomomola
|-damage|p1a: Alomomola|63/100
|-damage|p2a: Lokix|39/100|[from] item: Life Orb
|
|-weather|RainDance|[upkeep]
|upkeep
|turn|19
|
|t:|1769326028
|move|p2a: Lokix|Knock Off|p1a: Alomomola
|-crit|p1a: Alomomola
|-damage|p1a: Alomomola|20/100
|-enditem|p1a: Alomomola|Heavy-Duty Boots|[from] move: Knock Off|[of] p2a: Lokix
|-damage|p2a: Lokix|29/100|[from] item: Life Orb
|move|p1a: Alomomola|Wish|p1a: Alomomola
|
|-weather|RainDance|[upkeep]
|upkeep
|turn|20
|
|t:|1769326037
|move|p1a: Alomomola|Protect|p1a: Alomomola
|-singleturn|p1a: Alomomola|Protect
|move|p2a: Lokix|Leech Life|p1a: Alomomola
|-activate|p1a: Alomomola|move: Protect
|
|-weather|RainDance|[upkeep]
|-heal|p1a: Alomomola|70/100|[from] move: Wish|[wisher] Alomomola
|upkeep
|turn|21
|
|t:|1769326058
|move|p2a: Lokix|Leech Life|p1a: Alomomola
|-damage|p1a: Alomomola|46/100
|-heal|p2a: Lokix|52/100|[from] drain|[of] p1a: Alomomola
|-damage|p2a: Lokix|42/100|[from] item: Life Orb
|move|p1a: Alomomola|Wish|p1a: Alomomola
|
|-weather|RainDance|[upkeep]
|upkeep
|turn|22
|
|t:|1769326066
|move|p2a: Lokix|Leech Life|p1a: Alomomola
|-damage|p1a: Alomomola|23/100
|-heal|p2a: Lokix|64/100|[from] drain|[of] p1a: Alomomola
|-damage|p2a: Lokix|54/100|[from] item: Life Orb
|move|p1a: Alomomola|Flip Turn|p2a: Lokix
|-crit|p2a: Lokix
|-damage|p2a: Lokix|0 fnt
|faint|p2a: Lokix
|
|t:|1769326069
|switch|p1a: Hoopa|Hoopa-Unbound|100/100|[from] Flip Turn
|
|-weather|none
|upkeep
|
|t:|1769326080
|switch|p2a: Dragapult|Dragapult, F|100/100
|turn|23
|
|t:|1769326087
|move|p2a: Dragapult|U-turn|p1a: Hoopa
|-supereffective|p1a: Hoopa
|-damage|p1a: Hoopa|0 fnt
|faint|p1a: Hoopa
|
|t:|1769326090
|switch|p2a: Raging Bolt|Raging Bolt, tera:Water|20/100|[from] U-turn
|
|upkeep
|
|t:|1769326092
|switch|p1a: Alomomola|Alomomola, F|56/100
|turn|24
|
|t:|1769326100
|move|p2a: Raging Bolt|Thunder|p1a: Alomomola
|-supereffective|p1a: Alomomola
|-damage|p1a: Alomomola|0 fnt
|faint|p1a: Alomomola
|
|win|MangLe12138
|raw|CrazyPiggy14's rating: 1326 &rarr; <strong>1306</strong><br />(-20 for losing)
|raw|MangLe12138's rating: 1318 &rarr; <strong>1338</strong><br />(+20 for winning)
|l|☆CrazyPiggy14
|player|p1|
