|j|☆Obling
|j|☆CambridgeFoulPlay
|t:|1769374668
|gametype|singles
|player|p1|Obling|player-go|1756
|player|p2|CambridgeFoulPlay|266|1780
|gen|9
|tier|[Gen 9] OU
|rated|
|rule|HP Percentage Mod: HP is shown in percentages
|rule|Endless Battle Clause: Forcing endless battles is banned
|rule|Species Clause: Limit one of each Pokémon
|rule|OHKO Clause: OHKO moves are banned
|rule|Evasion Items Clause: Evasion items are banned
|rule|Evasion Moves Clause: Evasion moves are banned
|rule|Evasion Abilities Clause: Evasion abilities are banned
|rule|Sleep Moves Clause: Sleep-inducing moves are banned
|clearpoke
|poke|p1|Deoxys-Speed|
|poke|p1|Dragonite, F|
|poke|p1|Iron Valiant|
|poke|p1|Kingambit, F|
|poke|p1|Cresselia, F|
|poke|p1|Walking Wake|
|poke|p2|Hydrapple, M|
|poke|p2|Tyranitar, F|
|poke|p2|Moltres|
|poke|p2|Zamazenta-*|
|poke|p2|Slowking-Galar, M|
|poke|p2|Excadrill, F|
|teampreview
|c|☆CambridgeFoulPlay|hf
|inactive|Battle timer is ON: inactive players will automatically lose when time's up. (requested by CambridgeFoulPlay)
|
|t:|1769374674
|teamsize|p1|6
|teamsize|p2|6
|start
|switch|p1a: Deoxys|Deoxys-Speed|100/100
|switch|p2a: Tyranitar|Tyranitar, F|100/100
|-ability|p1a: Deoxys|Pressure
|-weather|Sandstorm|[from] ability: Sand Stream|[of] p2a: Tyranitar
|turn|1
|
|t:|1769374676
|move|p1a: Deoxys|Taunt|p2a: Tyranitar
|-start|p2a: Tyranitar|move: Taunt
|cant|p2a: Tyranitar|move: Taunt|Stealth Rock
|
|-weather|Sandstorm|[upkeep]
|-damage|p1a: Deoxys|94/100|[from] Sandstorm
|upkeep
|turn|2
|
|t:|1769374679
|move|p1a: Deoxys|Stealth Rock|p2a: Tyranitar
|-sidestart|p2: CambridgeFoulPlay|move: Stealth Rock
|move|p2a: Tyranitar|Knock Off|p1a: Deoxys
|-supereffective|p1a: Deoxys
|-crit|p1a: Deoxys
|-damage|p1a: Deoxys|0 fnt
|-damage|p2a: Tyranitar|84/100|[from] item: Rocky Helmet|[of] p1a: Deoxys
|-enditem|p1a: Deoxys|Rocky Helmet|[from] move: Knock Off|[of] p2a: Tyranitar
|faint|p1a: Deoxys
|
|-weather|Sandstorm|[upkeep]
|upkeep
|
|t:|1769374681
|switch|p1a: Walking Wake|Walking Wake|100/100
|-enditem|p1a: Walking Wake|Booster Energy
|-activate|p1a: Walking Wake|ability: Protosynthesis|[fromitem]
|-start|p1a: Walking Wake|protosynthesisspa
|turn|3
|
|t:|1769374684
|move|p1a: Walking Wake|Surf|p2a: Tyranitar
|-supereffective|p2a: Tyranitar
|-damage|p2a: Tyranitar|32/100
|move|p2a: Tyranitar|Knock Off|p1a: Walking Wake
|-damage|p1a: Walking Wake|74/100
|
|-weather|Sandstorm|[upkeep]
|-damage|p1a: Walking Wake|68/100|[from] Sandstorm
|-end|p2a: Tyranitar|move: Taunt
|upkeep
|turn|4
|
|t:|1769374687
|switch|p2a: Hydrapple|Hydrapple, M|100/100
|move|p1a: Walking Wake|Surf|p2a: Hydrapple
|-resisted|p2a: Hydrapple
|-damage|p2a: Hydrapple|85/100
|
|-weather|Sandstorm|[upkeep]
|-damage|p1a: Walking Wake|62/100|[from] Sandstorm
|-damage|p2a: Hydrapple|79/100|[from] Sandstorm
|upkeep
|turn|5
|
|t:|1769374690
|switch|p2a: Zamazenta|Zamazenta|100/100
|-damage|p2a: Zamazenta|94/100|[from] Stealth Rock
|-ability|p2a: Zamazenta|Dauntless Shield|boost
|-boost|p2a: Zamazenta|def|1
|move|p1a: Walking Wake|Dragon Pulse|p2a: Zamazenta
|-crit|p2a: Zamazenta
|-damage|p2a: Zamazenta|9/100
|
|-weather|Sandstorm|[upkeep]
|-damage|p2a: Zamazenta|3/100|[from] Sandstorm
|-damage|p1a: Walking Wake|56/100|[from] Sandstorm
|-heal|p2a: Zamazenta|9/100|[from] item: Leftovers
|upkeep
|turn|6
|
|t:|1769374692
|move|p2a: Zamazenta|Body Press|p1a: Walking Wake
|-damage|p1a: Walking Wake|3/100
|move|p1a: Walking Wake|Surf|p2a: Zamazenta
|-damage|p2a: Zamazenta|0 fnt
|faint|p2a: Zamazenta
|
|-weather|Sandstorm|[upkeep]
|-damage|p1a: Walking Wake|0 fnt|[from] Sandstorm
|faint|p1a: Walking Wake
|-end|p1a: Walking Wake|Protosynthesis|[silent]
|upkeep
|
|t:|1769374696
|switch|p2a: Moltres|Moltres|100/100
|switch|p1a: Dragonite|Dragonite, F|100/100
|turn|7
|
|t:|1769374702
|move|p1a: Dragonite|Dragon Dance|p1a: Dragonite
|-boost|p1a: Dragonite|atk|1
|-boost|p1a: Dragonite|spe|1
|move|p2a: Moltres|Flamethrower|p1a: Dragonite
|-resisted|p1a: Dragonite
|-damage|p1a: Dragonite|90/100
|
|-weather|Sandstorm|[upkeep]
|-damage|p1a: Dragonite|84/100|[from] Sandstorm
|-damage|p2a: Moltres|94/100|[from] Sandstorm
|upkeep
|turn|8
|
|t:|1769374705
|move|p1a: Dragonite|Ice Spinner|p2a: Moltres
|-damage|p2a: Moltres|63/100
|move|p2a: Moltres|Roar|p1a: Dragonite
|drag|p1a: Cresselia|Cresselia, F|100/100
|
|-weather|none
|upkeep
|turn|9
|
|t:|1769374711
|move|p2a: Moltres|Roost|p2a: Moltres
|-heal|p2a: Moltres|100/100
|-singleturn|p2a: Moltres|move: Roost
|move|p1a: Cresselia|Moonblast|p2a: Moltres
|-resisted|p2a: Moltres
|-damage|p2a: Moltres|91/100
|-unboost|p2a: Moltres|spa|1
|
|upkeep
|turn|10
|
|t:|1769374714
|switch|p1a: Iron Valiant|Iron Valiant|100/100
|-enditem|p1a: Iron Valiant|Booster Energy
|-activate|p1a: Iron Valiant|ability: Quark Drive|[fromitem]
|-start|p1a: Iron Valiant|quarkdrivespe
|move|p2a: Moltres|U-turn|p1a: Iron Valiant
|-resisted|p1a: Iron Valiant
|-damage|p1a: Iron Valiant|96/100
|
|t:|1769374717
|switch|p2a: Excadrill|Excadrill, F|100/100|[from] U-turn
|-damage|p2a: Excadrill|97/100|[from] Stealth Rock
|-item|p2a: Excadrill|Air Balloon
|
|upkeep
|turn|11
|
|t:|1769374719
|switch|p2a: Moltres|Moltres|91/100
|move|p1a: Iron Valiant|Close Combat|p2a: Moltres
|-resisted|p2a: Moltres
|-damage|p2a: Moltres|68/100
|-unboost|p1a: Iron Valiant|def|1
|-unboost|p1a: Iron Valiant|spd|1
|
|upkeep
|turn|12
|
|t:|1769374723
|move|p1a: Iron Valiant|Swords Dance|p1a: Iron Valiant
|-boost|p1a: Iron Valiant|atk|2
|move|p2a: Moltres|Roost|p2a: Moltres
|-heal|p2a: Moltres|100/100
|-singleturn|p2a: Moltres|move: Roost
|
|upkeep
|turn|13
|
|t:|1769374726
|move|p1a: Iron Valiant|Knock Off|p2a: Moltres
|-damage|p2a: Moltres|54/100
|-enditem|p2a: Moltres|Heavy-Duty Boots|[from] move: Knock Off|[of] p1a: Iron Valiant
|move|p2a: Moltres|Flamethrower|p1a: Iron Valiant
|-damage|p1a: Iron Valiant|0 fnt
|faint|p1a: Iron Valiant
|-end|p1a: Iron Valiant|Quark Drive|[silent]
|
|upkeep
|
|t:|1769374729
|switch|p1a: Dragonite|Dragonite, F|84/100
|turn|14
|
|t:|1769374731
|move|p1a: Dragonite|Dragon Dance|p1a: Dragonite
|-boost|p1a: Dragonite|atk|1
|-boost|p1a: Dragonite|spe|1
|move|p2a: Moltres|Roost|p2a: Moltres
|-heal|p2a: Moltres|100/100
|-singleturn|p2a: Moltres|move: Roost
|
|upkeep
|turn|15
|
|t:|1769374735
|move|p1a: Dragonite|Ice Spinner|p2a: Moltres
|-damage|p2a: Moltres|71/100
|move|p2a: Moltres|Roar|p1a: Dragonite
|drag|p1a: Cresselia|Cresselia, F|100/100
|
|upkeep
|turn|16
|
|t:|1769374738
|move|p2a: Moltres|Roost|p2a: Moltres
|-heal|p2a: Moltres|100/100
|-singleturn|p2a: Moltres|move: Roost
|move|p1a: Cresselia|Moonblast|p2a: Moltres
|-resisted|p2a: Moltres
|-damage|p2a: Moltres|91/100
|-unboost|p2a: Moltres|spa|1
|
|upkeep
|turn|17
|
|t:|1769374741
|switch|p1a: Dragonite|Dragonite, F|84/100
|move|p2a: Moltres|Flamethrower|p1a: Dragonite
|-resisted|p1a: Dragonite
|-damage|p1a: Dragonite|72/100
|
|upkeep
|turn|18
|
|t:|1769374744
|move|p1a: Dragonite|Dragon Dance|p1a: Dragonite
|-boost|p1a: Dragonite|atk|1
|-boost|p1a: Dragonite|spe|1
|move|p2a: Moltres|Flamethrower|p1a: Dragonite
|-resisted|p1a: Dragonite
|-damage|p1a: Dragonite|59/100
|
|upkeep
|turn|19
|j| RNG Savage
|
|t:|1769374747
|move|p1a: Dragonite|Ice Spinner|p2a: Moltres
|-damage|p2a: Moltres|57/100
|move|p2a: Moltres|Roar|p1a: Dragonite
|drag|p1a: Cresselia|Cresselia, F|100/100
|
|upkeep
|turn|20
|
|t:|1769374751
|switch|p1a: Dragonite|Dragonite, F|59/100
|move|p2a: Moltres|Roost|p2a: Moltres
|-heal|p2a: Moltres|100/100
|-singleturn|p2a: Moltres|move: Roost
|
|upkeep
|turn|21
|
|t:|1769374753
|move|p1a: Dragonite|Ice Spinner|p2a: Moltres
|-damage|p2a: Moltres|78/100
|move|p2a: Moltres|Flamethrower|p1a: Dragonite
|-resisted|p1a: Dragonite
|-crit|p1a: Dragonite
|-damage|p1a: Dragonite|27/100
|
|upkeep
|turn|22
|
|t:|1769374756
|move|p1a: Dragonite|Ice Spinner|p2a: Moltres
|-damage|p2a: Moltres|57/100
|-status|p1a: Dragonite|brn|[from] ability: Flame Body|[of] p2a: Moltres
|move|p2a: Moltres|Flamethrower|p1a: Dragonite
|-resisted|p1a: Dragonite
|-damage|p1a: Dragonite|14/100 brn
|
|-damage|p1a: Dragonite|7/100 brn|[from] brn
|upkeep
|turn|23
|
|t:|1769374760
|move|p1a: Dragonite|Extreme Speed|p2a: Moltres
|-damage|p2a: Moltres|47/100
|move|p2a: Moltres|Roost|p2a: Moltres
|-heal|p2a: Moltres|97/100
|-singleturn|p2a: Moltres|move: Roost
|
|-damage|p1a: Dragonite|1/100 brn|[from] brn
|upkeep
|turn|24
|
|t:|1769374763
|move|p1a: Dragonite|Ice Spinner|p2a: Moltres
|-damage|p2a: Moltres|86/100
|move|p2a: Moltres|Roost|p2a: Moltres
|-heal|p2a: Moltres|100/100
|-singleturn|p2a: Moltres|move: Roost
|
|-damage|p1a: Dragonite|0 fnt|[from] brn
|faint|p1a: Dragonite
|upkeep
|
|t:|1769374765
|switch|p1a: Kingambit|Kingambit, F|100/100
|-activate|p1a: Kingambit|ability: Supreme Overlord
|-start|p1a: Kingambit|fallen4|[silent]
|turn|25
|
|t:|1769374768
|move|p2a: Moltres|Flamethrower|p1a: Kingambit
|-supereffective|p1a: Kingambit
|-damage|p1a: Kingambit|54/100
|-status|p1a: Kingambit|brn
|move|p1a: Kingambit|Swords Dance|p1a: Kingambit
|-boost|p1a: Kingambit|atk|2
|
|-damage|p1a: Kingambit|48/100 brn|[from] brn
|upkeep
|turn|26
|
|t:|1769374772
|move|p2a: Moltres|Flamethrower|p1a: Kingambit
|-supereffective|p1a: Kingambit
|-damage|p1a: Kingambit|0 fnt
|faint|p1a: Kingambit
|-end|p1a: Kingambit|fallen4|[silent]
|
|upkeep
|
|t:|1769374774
|switch|p1a: Cresselia|Cresselia, F|100/100
|turn|27
|
|t:|1769374776
|switch|p2a: Excadrill|Excadrill, F|97/100
|-damage|p2a: Excadrill|94/100|[from] Stealth Rock
|-item|p2a: Excadrill|Air Balloon
|move|p1a: Cresselia|Calm Mind|p1a: Cresselia
|-boost|p1a: Cresselia|spa|1
|-boost|p1a: Cresselia|spd|1
|
|upkeep
|turn|28
|
|t:|1769374779
|move|p2a: Excadrill|Swords Dance|p2a: Excadrill
|-boost|p2a: Excadrill|atk|2
|move|p1a: Cresselia|Calm Mind|p1a: Cresselia
|-boost|p1a: Cresselia|spa|1
|-boost|p1a: Cresselia|spd|1
|
|upkeep
|turn|29
|
|t:|1769374781
|move|p2a: Excadrill|Iron Head|p1a: Cresselia
|-crit|p1a: Cresselia
|-damage|p1a: Cresselia|35/100
|move|p1a: Cresselia|Stored Power|p2a: Excadrill
|-resisted|p2a: Excadrill
|-damage|p2a: Excadrill|61/100
|-enditem|p2a: Excadrill|Air Balloon
|
|-heal|p1a: Cresselia|41/100|[from] item: Leftovers
|upkeep
|turn|30
|
|t:|1769374784
|move|p2a: Excadrill|Iron Head|p1a: Cresselia
|-crit|p1a: Cresselia
|-damage|p1a: Cresselia|0 fnt
|faint|p1a: Cresselia
|
|win|CambridgeFoulPlay
|raw|Obling's rating: 1756 &rarr; <strong>1737</strong><br />(-19 for losing)
|raw|CambridgeFoulPlay's rating: 1780 &rarr; <strong>1799</strong><br />(+19 for winning)
|c|☆CambridgeFoulPlay|gg
