|j|☆Lobsta96
|j|☆thigonometry
|t:|1769377242
|gametype|singles
|player|p1|Lobsta96|marshal|1325
|player|p2|thigonometry|blaine|1334
|gen|9
|tier|[Gen 9] OU
|rated|
|rule|HP Percentage Mod: HP is shown in percentages
|rule|Endless Battle Clause: Forcing endless battles is banned
|rule|Species Clause: Limit one of each Pokémon
|rule|OHKO Clause: OHKO moves are banned
|rule|Evasion Items Clause: Evasion items are banned
|rule|Evasion Moves Clause: Evasion moves are banned
|rule|Evasion Abilities Clause: Evasion abilities are banned
|rule|Sleep Moves Clause: Sleep-inducing moves are banned
|clearpoke
|poke|p1|Heatran, F|
|poke|p1|Gliscor, M|
|poke|p1|Enamorus, F|
|poke|p1|Gholdengo|
|poke|p1|Forretress, F|
|poke|p1|Glimmora, M|
|poke|p2|Primarina, M|
|poke|p2|Great Tusk|
|poke|p2|Kingambit, M|
|poke|p2|Slowking-Galar, M|
|poke|p2|Ogerpon, F|
|poke|p2|Enamorus, F|
|teampreview
|inactive|Battle timer is ON: inactive players will automatically lose when time's up. (requested by Lobsta96)
|
|t:|1769377263
|teamsize|p1|6
|teamsize|p2|6
|start
|switch|p1a: Gholdengo|Gholdengo|100/100
|switch|p2a: Primarina|Primarina, M, shiny|100/100
|-item|p1a: Gholdengo|Air Balloon
|turn|1
|
|t:|1769377266
|move|p1a: Gholdengo|Thunder Wave|p2a: Primarina
|-status|p2a: Primarina|par
|move|p2a: Primarina|Psychic Noise|p1a: Gholdengo
|-damage|p1a: Gholdengo|58/100
|-start|p1a: Gholdengo|move: Heal Block
|-enditem|p1a: Gholdengo|Air Balloon
|
|upkeep
|turn|2
|
|t:|1769377273
|move|p1a: Gholdengo|Make It Rain|p2a: Primarina
|-damage|p2a: Primarina|52/100 par
|-unboost|p1a: Gholdengo|spa|1
|move|p2a: Primarina|Whirlpool|p1a: Gholdengo
|-crit|p1a: Gholdengo
|-damage|p1a: Gholdengo|29/100
|-activate|p1a: Gholdengo|move: Whirlpool|[of] p2a: Primarina
|
|-heal|p2a: Primarina|58/100 par|[from] item: Leftovers
|-damage|p1a: Gholdengo|16/100|[from] move: Whirlpool|[partiallytrapped]
|-end|p1a: Gholdengo|move: Heal Block
|upkeep
|turn|3
|
|t:|1769377280
|move|p1a: Gholdengo|Recover|p1a: Gholdengo
|-heal|p1a: Gholdengo|66/100
|move|p2a: Primarina|Psychic Noise|p1a: Gholdengo
|-damage|p1a: Gholdengo|23/100
|-start|p1a: Gholdengo|move: Heal Block
|
|-heal|p2a: Primarina|64/100 par|[from] item: Leftovers
|-damage|p1a: Gholdengo|11/100|[from] move: Whirlpool|[partiallytrapped]
|upkeep
|turn|4
|
|t:|1769377308
|switch|p1a: L-Garchomp|Gliscor, M|100/100
|move|p2a: Primarina|Psychic Noise|p1a: L-Garchomp
|-supereffective|p1a: L-Garchomp
|-damage|p1a: L-Garchomp|32/100
|-start|p1a: L-Garchomp|move: Heal Block
|
|-heal|p2a: Primarina|70/100 par|[from] item: Leftovers
|-status|p1a: L-Garchomp|tox|[from] item: Toxic Orb
|upkeep
|turn|5
|inactive|Lobsta96 has 120 seconds left.
|
|t:|1769377328
|move|p1a: L-Garchomp|Spikes|p2a: Primarina
|-sidestart|p2: thigonometry|Spikes
|move|p2a: Primarina|Psychic Noise|p1a: L-Garchomp
|-supereffective|p1a: L-Garchomp
|-damage|p1a: L-Garchomp|0 fnt
|faint|p1a: L-Garchomp
|
|-heal|p2a: Primarina|76/100 par|[from] item: Leftovers
|upkeep
|inactive|Lobsta96 has 120 seconds left.
|
|t:|1769377347
|switch|p1a: Forretress|Forretress, F|100/100
|turn|6
|
|t:|1769377352
|move|p1a: Forretress|Stealth Rock|p2a: Primarina
|-sidestart|p2: thigonometry|move: Stealth Rock
|move|p2a: Primarina|Psychic Noise|p1a: Forretress
|-damage|p1a: Forretress|36/100
|-start|p1a: Forretress|move: Heal Block
|
|-heal|p2a: Primarina|82/100 par|[from] item: Leftovers
|upkeep
|turn|7
|
|t:|1769377357
|move|p1a: Forretress|Spikes|p2a: Primarina
|-sidestart|p2: thigonometry|Spikes
|cant|p2a: Primarina|par
|
|-heal|p2a: Primarina|88/100 par|[from] item: Leftovers
|-end|p1a: Forretress|move: Heal Block
|upkeep
|turn|8
|
|t:|1769377366
|move|p1a: Forretress|Spikes|p2a: Primarina
|-sidestart|p2: thigonometry|Spikes
|move|p2a: Primarina|Psychic Noise|p1a: Forretress
|-damage|p1a: Forretress|0 fnt
|faint|p1a: Forretress
|
|-heal|p2a: Primarina|94/100 par|[from] item: Leftovers
|upkeep
|
|t:|1769377384
|switch|p1a: Enamorus|Enamorus, F|100/100
|turn|9
|inactive|Lobsta96 has 120 seconds left.
|inactive|Lobsta96 has 90 seconds left.
|
|t:|1769377436
|move|p1a: Enamorus|Moonblast|p2a: Primarina
|-damage|p2a: Primarina|42/100 par
|move|p2a: Primarina|Moonblast|p1a: Enamorus
|-damage|p1a: Enamorus|23/100
|
|-heal|p2a: Primarina|48/100 par|[from] item: Leftovers
|upkeep
|turn|10
|-message|Lobsta96 forfeited.
|
|win|thigonometry
|raw|Lobsta96's rating: 1325 &rarr; <strong>1306</strong><br />(-19 for losing)
|raw|thigonometry's rating: 1334 &rarr; <strong>1353</strong><br />(+19 for winning)
|l|☆Lobsta96
|player|p1|
|l|☆thigonometry
|player|p2|
