|j|☆Chilling On The OU
|j|☆Wubben
|inactive|Battle timer is ON: inactive players will automatically lose when time's up.
|t:|1769338402
|gametype|singles
|player|p1|Chilling On The OU|wallace-masters|
|player|p2|Wubben|#wcor2023benelux|
|gen|9
|tier|[Gen 9] OU
|rated|Tournament battle
|rule|HP Percentage Mod: HP is shown in percentages
|rule|Endless Battle Clause: Forcing endless battles is banned
|rule|Species Clause: Limit one of each Pokémon
|rule|OHKO Clause: OHKO moves are banned
|rule|Evasion Items Clause: Evasion items are banned
|rule|Evasion Moves Clause: Evasion moves are banned
|rule|Evasion Abilities Clause: Evasion abilities are banned
|rule|Sleep Moves Clause: Sleep-inducing moves are banned
|clearpoke
|poke|p1|Meowscarada, F|
|poke|p1|Thundurus-Therian, M|
|poke|p1|Alomomola, L99, M|
|poke|p1|Cinderace, M|
|poke|p1|Goodra-Hisui, F|
|poke|p1|Clefable, F|
|poke|p2|Walking Wake|
|poke|p2|Torkoal, F|
|poke|p2|Hatterene, F|
|poke|p2|Great Tusk|
|poke|p2|Lilligant-Hisui, F|
|poke|p2|Raging Bolt|
|teampreview
|j|*Lady Monita ☃️
|j| BB-8-NU
|j| SzPD .
|c|☆Chilling On The OU|GLHFFFFFF
|j| 1010202010t
|c|☆Wubben|u2
|j|+Etjx
|
|t:|1769338416
|teamsize|p1|6
|teamsize|p2|6
|start
|switch|p1a: Toaster|Thundurus-Therian, M, shiny|100/100
|switch|p2a: Raging Bolt|Raging Bolt|100/100
|turn|1
|c|☆Chilling On The OU|Oh a sun team
|c|☆Chilling On The OU|Ive very bad against these
|
|t:|1769338425
|move|p2a: Raging Bolt|Dragon Pulse|p1a: Toaster
|-damage|p1a: Toaster|34/100
|move|p1a: Toaster|Volt Switch|p2a: Raging Bolt
|-resisted|p2a: Raging Bolt
|-damage|p2a: Raging Bolt|86/100
|
|t:|1769338429
|switch|p1a: Devious Valiant|Clefable, F, shiny|100/100|[from] Volt Switch
|
|upkeep
|turn|2
|
|t:|1769338434
|-end|p2a: Raging Bolt|Protosynthesis|[silent]
|switch|p2a: Torkoal|Torkoal, F|100/100
|-weather|SunnyDay|[from] ability: Drought|[of] p2a: Torkoal
|move|p1a: Devious Valiant|Substitute|p1a: Devious Valiant
|-start|p1a: Devious Valiant|Substitute
|-damage|p1a: Devious Valiant|76/100
|
|-weather|SunnyDay|[upkeep]
|-heal|p1a: Devious Valiant|82/100|[from] item: Leftovers
|upkeep
|turn|3
|
|t:|1769338445
|move|p1a: Devious Valiant|Thunder Wave|p2a: Torkoal
|-status|p2a: Torkoal|par
|move|p2a: Torkoal|Lava Plume|p1a: Devious Valiant
|-end|p1a: Devious Valiant|Substitute
|
|-weather|SunnyDay|[upkeep]
|-heal|p1a: Devious Valiant|88/100|[from] item: Leftovers
|upkeep
|turn|4
|j| ralzie
|
|t:|1769338474
|switch|p1a: Escar-GOAT|Goodra-Hisui, F, shiny|100/100
|switch|p2a: Walking Wake|Walking Wake|100/100
|-activate|p2a: Walking Wake|ability: Protosynthesis
|-start|p2a: Walking Wake|protosynthesisspe
|
|-weather|SunnyDay|[upkeep]
|upkeep
|turn|5
|
|t:|1769338485
|move|p2a: Walking Wake|Draco Meteor|p1a: Escar-GOAT
|-damage|p1a: Escar-GOAT|62/100
|-unboost|p2a: Walking Wake|spa|2
|move|p1a: Escar-GOAT|Draco Meteor|p2a: Walking Wake
|-supereffective|p2a: Walking Wake
|-damage|p2a: Walking Wake|0 fnt
|-unboost|p1a: Escar-GOAT|spa|2
|faint|p2a: Walking Wake
|-end|p2a: Walking Wake|Protosynthesis|[silent]
|
|-weather|SunnyDay|[upkeep]
|upkeep
|
|t:|1769338494
|switch|p2a: Great Tusk|Great Tusk|100/100
|-activate|p2a: Great Tusk|ability: Protosynthesis
|-start|p2a: Great Tusk|protosynthesisatk
|turn|6
|
|t:|1769338501
|switch|p1a: SUFFERING|Alomomola, L99, M|100/100
|move|p2a: Great Tusk|Rapid Spin|p1a: SUFFERING
|-damage|p1a: SUFFERING|88/100
|-boost|p2a: Great Tusk|spe|1
|
|-weather|SunnyDay|[upkeep]
|upkeep
|turn|7
|
|t:|1769338510
|move|p2a: Great Tusk|Knock Off|p1a: SUFFERING
|-damage|p1a: SUFFERING|62/100
|-enditem|p1a: SUFFERING|Heavy-Duty Boots|[from] move: Knock Off|[of] p2a: Great Tusk
|move|p1a: SUFFERING|Wish|p1a: SUFFERING
|
|-weather|SunnyDay|[upkeep]
|upkeep
|turn|8
|
|t:|1769338517
|-end|p2a: Great Tusk|Protosynthesis|[silent]
|switch|p2a: Lilligant|Lilligant-Hisui, F|100/100
|move|p1a: SUFFERING|Protect||[still]
|-fail|p1a: SUFFERING
|
|-weather|SunnyDay|[upkeep]
|-heal|p1a: SUFFERING|100/100|[from] move: Wish|[wisher] SUFFERING
|upkeep
|turn|9
|
|t:|1769338523
|move|p2a: Lilligant|Solar Blade||[still]
|-prepare|p2a: Lilligant|Solar Blade
|-anim|p2a: Lilligant|Solar Blade|p1a: SUFFERING
|-supereffective|p1a: SUFFERING
|-damage|p1a: SUFFERING|9/100
|-damage|p2a: Lilligant|91/100|[from] item: Life Orb
|move|p1a: SUFFERING|Alluring Voice|p2a: Lilligant
|-supereffective|p2a: Lilligant
|-damage|p2a: Lilligant|65/100
|
|-weather|none
|upkeep
|turn|10
|
|t:|1769338537
|switch|p1a: Sri Lanka|Cinderace, M|100/100
|move|p2a: Lilligant|Triple Axel|p1a: Sri Lanka
|-resisted|p1a: Sri Lanka
|-damage|p1a: Sri Lanka|96/100
|-hitcount|p1a: Sri Lanka|1
|-damage|p2a: Lilligant|55/100|[from] item: Life Orb
|
|upkeep
|turn|11
|
|t:|1769338541
|switch|p2a: Torkoal|Torkoal, F|100/100 par
|-weather|SunnyDay|[from] ability: Drought|[of] p2a: Torkoal
|move|p1a: Sri Lanka|U-turn|p2a: Torkoal
|-start|p1a: Sri Lanka|typechange|Bug|[from] ability: Libero
|-resisted|p2a: Torkoal
|-damage|p2a: Torkoal|93/100 par
|
|t:|1769338543
|switch|p1a: Toaster|Thundurus-Therian, M, shiny|34/100|[from] U-turn
|
|-weather|SunnyDay|[upkeep]
|upkeep
|turn|12
|
|t:|1769338550
|move|p1a: Toaster|Volt Switch|p2a: Torkoal
|-damage|p2a: Torkoal|17/100 par
|
|t:|1769338553
|switch|p1a: Escar-GOAT|Goodra-Hisui, F, shiny|62/100|[from] Volt Switch
|cant|p2a: Torkoal|par
|
|-weather|SunnyDay|[upkeep]
|upkeep
|turn|13
|
|t:|1769338561
|switch|p2a: Hatterene|Hatterene, F|100/100
|move|p1a: Escar-GOAT|Earthquake|p2a: Hatterene
|-damage|p2a: Hatterene|83/100
|
|-weather|SunnyDay|[upkeep]
|upkeep
|turn|14
|
|t:|1769338564
|switch|p2a: Great Tusk|Great Tusk|100/100
|-activate|p2a: Great Tusk|ability: Protosynthesis
|-start|p2a: Great Tusk|protosynthesisatk
|move|p1a: Escar-GOAT|Flash Cannon|p2a: Great Tusk
|-damage|p2a: Great Tusk|46/100
|
|-weather|SunnyDay|[upkeep]
|upkeep
|turn|15
|inactive|Chilling On The OU has 120 seconds left.
|
|t:|1769338594
|-terastallize|p1a: Escar-GOAT|Flying
|move|p2a: Great Tusk|Ice Spinner|p1a: Escar-GOAT
|-supereffective|p1a: Escar-GOAT
|-damage|p1a: Escar-GOAT|0 fnt
|-ability|p1a: Escar-GOAT|Gooey
|-unboost|p2a: Great Tusk|spe|1
|faint|p1a: Escar-GOAT
|
|-weather|SunnyDay|[upkeep]
|upkeep
|inactive|Chilling On The OU has 120 seconds left.
|c|☆Chilling On The OU|Oof
|l| 1010202010t
|j| NotRedRaven
|j| Reforme du Travail
|inactive|Chilling On The OU has 90 seconds left.
|j| La Misericorde
|
|t:|1769338634
|switch|p1a: Mountain Dew|Meowscarada, F|100/100
|turn|16
|l| La Misericorde
|inactive|Chilling On The OU has 90 seconds left.
|
|t:|1769338650
|-terastallize|p2a: Great Tusk|Steel
|move|p1a: Mountain Dew|U-turn|p2a: Great Tusk
|-start|p1a: Mountain Dew|typechange|Bug|[from] ability: Protean
|-resisted|p2a: Great Tusk
|-damage|p2a: Great Tusk|29/100
|j| Albrtix
|j| 8ased
|inactive|Chilling On The OU has 90 seconds left.
|
|t:|1769338665
|switch|p1a: Devious Valiant|Clefable, F, shiny|88/100|[from] U-turn
|move|p2a: Great Tusk|Ice Spinner|p1a: Devious Valiant
|-damage|p1a: Devious Valiant|58/100
|
|-weather|SunnyDay|[upkeep]
|-heal|p1a: Devious Valiant|64/100|[from] item: Leftovers
|upkeep
|turn|17
|inactive|Chilling On The OU has 90 seconds left.
|
|t:|1769338679
|switch|p1a: Toaster|Thundurus-Therian, M, shiny|34/100
|move|p2a: Great Tusk|Headlong Rush|p1a: Toaster
|-immune|p1a: Toaster
|
|-weather|SunnyDay|[upkeep]
|upkeep
|turn|18
|inactive|Chilling On The OU has 90 seconds left.
|
|t:|1769338686
|-end|p2a: Great Tusk|Protosynthesis|[silent]
|switch|p2a: Raging Bolt|Raging Bolt|86/100
|-activate|p2a: Raging Bolt|ability: Protosynthesis
|-start|p2a: Raging Bolt|protosynthesisspa
|move|p1a: Toaster|Volt Switch|p2a: Raging Bolt
|-resisted|p2a: Raging Bolt
|-damage|p2a: Raging Bolt|73/100
|
|t:|1769338690
|switch|p1a: Devious Valiant|Clefable, F, shiny|64/100|[from] Volt Switch
|
|-weather|none
|-end|p2a: Raging Bolt|Protosynthesis
|-heal|p1a: Devious Valiant|71/100|[from] item: Leftovers
|upkeep
|turn|19
|
|t:|1769338693
|-end|p2a: Raging Bolt|Protosynthesis|[silent]
|switch|p2a: Torkoal|Torkoal, F|17/100 par
|-weather|SunnyDay|[from] ability: Drought|[of] p2a: Torkoal
|switch|p1a: Toaster|Thundurus-Therian, M, shiny|34/100
|
|-weather|SunnyDay|[upkeep]
|upkeep
|turn|20
|
|t:|1769338704
|switch|p2a: Raging Bolt|Raging Bolt|73/100
|-activate|p2a: Raging Bolt|ability: Protosynthesis
|-start|p2a: Raging Bolt|protosynthesisspa
|move|p1a: Toaster|Volt Switch|p2a: Raging Bolt
|-resisted|p2a: Raging Bolt
|-damage|p2a: Raging Bolt|58/100
|
|t:|1769338709
|switch|p1a: Devious Valiant|Clefable, F, shiny|71/100|[from] Volt Switch
|
|-weather|SunnyDay|[upkeep]
|-heal|p1a: Devious Valiant|77/100|[from] item: Leftovers
|upkeep
|turn|21
|
|t:|1769338720
|-end|p2a: Raging Bolt|Protosynthesis|[silent]
|switch|p2a: Great Tusk|Great Tusk, tera:Steel|29/100
|-activate|p2a: Great Tusk|ability: Protosynthesis
|-start|p2a: Great Tusk|protosynthesisatk
|move|p1a: Devious Valiant|Substitute|p1a: Devious Valiant
|-start|p1a: Devious Valiant|Substitute
|-damage|p1a: Devious Valiant|52/100
|
|-weather|SunnyDay|[upkeep]
|-heal|p1a: Devious Valiant|58/100|[from] item: Leftovers
|upkeep
|turn|22
|
|t:|1769338726
|move|p2a: Great Tusk|Ice Spinner|p1a: Devious Valiant
|-end|p1a: Devious Valiant|Substitute
|move|p1a: Devious Valiant|Thunder Wave|p2a: Great Tusk
|-status|p2a: Great Tusk|par
|
|-weather|SunnyDay|[upkeep]
|-heal|p1a: Devious Valiant|64/100|[from] item: Leftovers
|upkeep
|turn|23
|
|t:|1769338730
|-end|p2a: Great Tusk|Protosynthesis|[silent]
|switch|p2a: Lilligant|Lilligant-Hisui, F|55/100
|move|p1a: Devious Valiant|Substitute|p1a: Devious Valiant
|-start|p1a: Devious Valiant|Substitute
|-damage|p1a: Devious Valiant|39/100
|
|-weather|SunnyDay|[upkeep]
|-heal|p1a: Devious Valiant|45/100|[from] item: Leftovers
|upkeep
|turn|24
|
|t:|1769338738
|move|p2a: Lilligant|Triple Axel|p1a: Devious Valiant|[miss]
|-miss|p2a: Lilligant|p1a: Devious Valiant
|move|p1a: Devious Valiant|Moonlight|p1a: Devious Valiant
|-heal|p1a: Devious Valiant|100/100
|
|-weather|SunnyDay|[upkeep]
|upkeep
|turn|25
|
|t:|1769338745
|switch|p2a: Hatterene|Hatterene, F|83/100
|move|p1a: Devious Valiant|Moonblast|p2a: Hatterene
|-damage|p2a: Hatterene|51/100
|
|-weather|SunnyDay|[upkeep]
|upkeep
|turn|26
|
|t:|1769338750
|move|p1a: Devious Valiant|Moonblast|p2a: Hatterene
|-damage|p2a: Hatterene|20/100
|move|p2a: Hatterene|Psychic Noise|p1a: Devious Valiant
|-damage|p1a: Devious Valiant|71/100
|-start|p1a: Devious Valiant|move: Heal Block
|
|-weather|none
|upkeep
|turn|27
|j| VagueParallels
|
|t:|1769338756
|move|p1a: Devious Valiant|Moonblast|p2a: Hatterene
|-damage|p2a: Hatterene|0 fnt
|faint|p2a: Hatterene
|
|-end|p1a: Devious Valiant|move: Heal Block
|upkeep
|
|t:|1769338767
|switch|p2a: Raging Bolt|Raging Bolt|58/100
|turn|28
|c|☆Chilling On The OU|THE DEVIOUS VALIANT MIGHT JUST SWEEP
|
|t:|1769338773
|move|p2a: Raging Bolt|Volt Switch|p1a: Devious Valiant
|-end|p1a: Devious Valiant|Substitute
|
|t:|1769338775
|-end|p2a: Raging Bolt|Protosynthesis|[silent]
|switch|p2a: Torkoal|Torkoal, F|17/100 par|[from] Volt Switch
|-weather|SunnyDay|[from] ability: Drought|[of] p2a: Torkoal
|move|p1a: Devious Valiant|Substitute|p1a: Devious Valiant
|-start|p1a: Devious Valiant|Substitute
|-damage|p1a: Devious Valiant|46/100
|
|-weather|SunnyDay|[upkeep]
|-heal|p1a: Devious Valiant|52/100|[from] item: Leftovers
|upkeep
|turn|29
|j| FP.//06
|
|t:|1769338798
|move|p1a: Devious Valiant|Moonblast|p2a: Torkoal
|-resisted|p2a: Torkoal
|-damage|p2a: Torkoal|0 fnt
|faint|p2a: Torkoal
|
|-weather|SunnyDay|[upkeep]
|-heal|p1a: Devious Valiant|58/100|[from] item: Leftovers
|upkeep
|
|t:|1769338801
|switch|p2a: Lilligant|Lilligant-Hisui, F|55/100
|turn|30
|c| Albrtix|Imagine being swept by a clefable
|
|t:|1769338811
|move|p2a: Lilligant|Triple Axel|p1a: Devious Valiant
|-activate|p1a: Devious Valiant|move: Substitute|[damage]
|-activate|p1a: Devious Valiant|move: Substitute|[damage]
|-end|p1a: Devious Valiant|Substitute
|-hitcount|p1a: Devious Valiant|3
|-damage|p2a: Lilligant|45/100|[from] item: Life Orb
|move|p1a: Devious Valiant|Moonblast|p2a: Lilligant
|-supereffective|p2a: Lilligant
|-damage|p2a: Lilligant|0 fnt
|faint|p2a: Lilligant
|
|-weather|SunnyDay|[upkeep]
|-heal|p1a: Devious Valiant|64/100|[from] item: Leftovers
|upkeep
|
|t:|1769338822
|switch|p2a: Great Tusk|Great Tusk, tera:Steel|29/100 par
|-activate|p2a: Great Tusk|ability: Protosynthesis
|-start|p2a: Great Tusk|protosynthesisatk
|turn|31
|c|☆Chilling On The OU|CLEFABLE SWEEPS THE GODDAMN FLOOR RAHHHH
|
|t:|1769338828
|switch|p1a: SUFFERING|Alomomola, L99, M|42/100
|cant|p2a: Great Tusk|par
|
|-weather|SunnyDay|[upkeep]
|upkeep
|turn|32
|
|t:|1769338834
|cant|p2a: Great Tusk|par
|move|p1a: SUFFERING|Flip Turn|p2a: Great Tusk
|-damage|p2a: Great Tusk|22/100 par
|
|t:|1769338838
|switch|p1a: Toaster|Thundurus-Therian, M, shiny|34/100|[from] Flip Turn
|
|-weather|SunnyDay|[upkeep]
|upkeep
|turn|33
|
|t:|1769338842
|-end|p2a: Great Tusk|Protosynthesis|[silent]
|switch|p2a: Raging Bolt|Raging Bolt|58/100
|-activate|p2a: Raging Bolt|ability: Protosynthesis
|-start|p2a: Raging Bolt|protosynthesisspa
|move|p1a: Toaster|Volt Switch|p2a: Raging Bolt
|-resisted|p2a: Raging Bolt
|-damage|p2a: Raging Bolt|44/100
|
|t:|1769338855
|switch|p1a: Sri Lanka|Cinderace, M|96/100|[from] Volt Switch
|
|-weather|SunnyDay|[upkeep]
|upkeep
|turn|34
|
|t:|1769338859
|move|p1a: Sri Lanka|Sucker Punch|p2a: Raging Bolt
|-start|p1a: Sri Lanka|typechange|Dark|[from] ability: Libero
|-damage|p2a: Raging Bolt|17/100
|move|p2a: Raging Bolt|Thunderbolt|p1a: Sri Lanka
|-damage|p1a: Sri Lanka|0 fnt
|faint|p1a: Sri Lanka
|
|-weather|SunnyDay|[upkeep]
|upkeep
|
|t:|1769338865
|switch|p1a: Toaster|Thundurus-Therian, M, shiny|34/100
|turn|35
|c|☆Wubben|gg
|-message|Wubben forfeited.
|
|win|Chilling On The OU
|n|☆Chilling On The OU|chillingontheou
|n|☆Wubben|wubben
|n|*Lady Monita ☃️|ladymonita
|n| BB-8-NU|bb8nu
|n| SzPD .|szpd
|n| Etjx|etjx
|n| ralzie|ralzie
|n| NotRedRaven|notredraven
|n| Reforme du Travail|reformedutravail
|n| Albrtix|albrtix
|n| 8ased|8ased
|n| VagueParallels|vagueparallels
|n| FP.//06|fp06
|l|*Lady Monita ☃️
|l| Etjx
|c|☆Chilling On The OU|LETS GOOOOO
|l| FP.//06
|c|☆Chilling On The OU|RAHHHH
|l| Reforme du Travail
|c|☆Chilling On The OU|I LOVE MY TEAM
|l|☆Wubben
|player|p2|
|l| ralzie
|l| SzPD .
|c|☆Chilling On The OU|Man its so fun winning with my handmade team
