|inactive|Battle timer is ON: inactive players will automatically lose when time's up.
|t:|1769349921
|gametype|singles
|player|p1|plague|#splxviisharks|
|player|p2|Msousagamer|sycamore|
|gen|9
|tier|[Gen 9] OU
|rule|HP Percentage Mod: HP is shown in percentages
|rule|Endless Battle Clause: Forcing endless battles is banned
|rule|Species Clause: Limit one of each Pokémon
|rule|OHKO Clause: OHKO moves are banned
|rule|Evasion Items Clause: Evasion items are banned
|rule|Evasion Moves Clause: Evasion moves are banned
|rule|Evasion Abilities Clause: Evasion abilities are banned
|rule|Sleep Moves Clause: Sleep-inducing moves are banned
|clearpoke
|poke|p1|Raging Bolt|
|poke|p1|Hatterene, F|
|poke|p1|Landorus-Therian, M|
|poke|p1|Zamazenta-*|
|poke|p1|Iron Moth|
|poke|p1|Gholdengo|
|poke|p2|Great Tusk|
|poke|p2|Slowking-Galar, F|
|poke|p2|Cinderace, M|
|poke|p2|Enamorus, F|
|poke|p2|Kyurem|
|poke|p2|Kingambit, M|
|teampreview
|c|☆plague|Hf
|inactive|plague has 270 seconds left.
|inactive|Msousagamer has 270 seconds left.
|c|+KniY|VAMO KAI
|c|+fvkumean|VAMOS KAI!
|c|☆Msousagamer|hf
|inactive|plague has 240 seconds left.
|inactive|Msousagamer has 240 seconds left.
|inactive|plague has 210 seconds left.
|inactive|Msousagamer has 210 seconds left.
|c|+fishyroads|MARCELINHO SOUZAAAAAAA
|inactive|Msousagamer has 180 seconds left.
|inactive|Msousagamer has 150 seconds left.
|inactive|plague has 180 seconds left.
|inactive|Msousagamer has 120 seconds left.
|inactive|Msousagamer has 90 seconds left.
|
|t:|1769350150
|teamsize|p1|6
|teamsize|p2|6
|start
|switch|p1a: Hatterene|Hatterene, F|100/100
|switch|p2a: Great Tusk|Great Tusk|100/100
|turn|1
|inactive|plague has 240 seconds left.
|inactive|plague has 210 seconds left.
|inactive|plague has 180 seconds left.
|
|t:|1769350229
|-end|p2a: Great Tusk|Protosynthesis|[silent]
|switch|p2a: Slowking|Slowking-Galar, F|100/100
|switch|p1a: Landorus|Landorus-Therian, M|100/100
|-ability|p1a: Landorus|Intimidate|boost
|-unboost|p2a: Slowking|atk|1
|
|upkeep
|turn|2
|inactive|plague has 180 seconds left.
|
|t:|1769350242
|switch|p2a: Kyurem|Kyurem|100/100
|-ability|p2a: Kyurem|Pressure
|move|p1a: Landorus|Earthquake|p2a: Kyurem
|-damage|p2a: Kyurem|59/100
|
|-heal|p2a: Kyurem|65/100|[from] item: Leftovers
|upkeep
|turn|3
|
|t:|1769350246
|switch|p1a: Hatterene|Hatterene, F|100/100
|move|p2a: Kyurem|Icicle Spear|p1a: Hatterene
|-damage|p1a: Hatterene|86/100
|-damage|p1a: Hatterene|72/100
|-hitcount|p1a: Hatterene|2
|
|-heal|p2a: Kyurem|71/100|[from] item: Leftovers
|-heal|p1a: Hatterene|78/100|[from] item: Leftovers
|upkeep
|turn|4
|inactive|Msousagamer has 150 seconds left.
|
|t:|1769350263
|switch|p2a: Slowking|Slowking-Galar, F|100/100
|move|p1a: Hatterene|Draining Kiss|p2a: Slowking
|-resisted|p2a: Slowking
|-damage|p2a: Slowking|94/100
|-heal|p1a: Hatterene|84/100|[from] drain|[of] p2a: Slowking
|
|-heal|p1a: Hatterene|90/100|[from] item: Leftovers
|upkeep
|turn|5
|inactive|Msousagamer has 150 seconds left.
|inactive|plague has 180 seconds left.
|
|t:|1769350295
|switch|p1a: Gholdengo|Gholdengo|100/100
|move|p2a: Slowking|Future Sight|p1a: Gholdengo
|-start|p2a: Slowking|move: Future Sight
|
|upkeep
|turn|6
|inactive|plague has 150 seconds left.
|
|t:|1769350344
|move|p1a: Gholdengo|Nasty Plot|p1a: Gholdengo
|-boost|p1a: Gholdengo|spa|2
|-prepare|p2a: Slowking|Chilly Reception|[premajor]
|move|p2a: Slowking|Chilly Reception|p2a: Slowking
|-weather|Snowscape
|inactive|Msousagamer has 120 seconds left.
|inactive|Msousagamer has 90 seconds left.
|
|t:|1769350417
|switch|p2a: Cinderace|Cinderace, M|100/100|[from] Chilly Reception
|
|-weather|Snowscape|[upkeep]
|upkeep
|turn|7
|
|t:|1769350424
|move|p2a: Cinderace|U-turn|p1a: Gholdengo
|-start|p2a: Cinderace|typechange|Bug|[from] ability: Libero
|-resisted|p1a: Gholdengo
|-damage|p1a: Gholdengo|92/100
|
|t:|1769350426
|switch|p2a: Kingambit|Kingambit, M|100/100|[from] U-turn
|move|p1a: Gholdengo|Make It Rain|p2a: Kingambit
|-resisted|p2a: Kingambit
|-damage|p2a: Kingambit|13/100
|-unboost|p1a: Gholdengo|spa|1
|
|-weather|Snowscape|[upkeep]
|-end|p1a: Gholdengo|move: Future Sight
|-resisted|p1a: Gholdengo
|-damage|p1a: Gholdengo|67/100
|-heal|p2a: Kingambit|19/100|[from] item: Leftovers
|upkeep
|turn|8
|inactive|plague has 150 seconds left.
|
|t:|1769350436
|switch|p1a: Landorus|Landorus-Therian, M|100/100
|-ability|p1a: Landorus|Intimidate|boost
|-unboost|p2a: Kingambit|atk|1
|move|p2a: Kingambit|Sucker Punch||[still]
|-fail|p2a: Kingambit
|
|-weather|Snowscape|[upkeep]
|-heal|p2a: Kingambit|25/100|[from] item: Leftovers
|upkeep
|turn|9
|
|t:|1769350446
|-end|p2a: Kingambit|fallenundefined|[silent]
|switch|p2a: Great Tusk|Great Tusk|100/100
|move|p1a: Landorus|U-turn|p2a: Great Tusk
|-resisted|p2a: Great Tusk
|-damage|p2a: Great Tusk|93/100
|inactive|plague has 150 seconds left.
|
|t:|1769350468
|switch|p1a: Hatterene|Hatterene, F|90/100|[from] U-turn
|
|-weather|Snowscape|[upkeep]
|-heal|p2a: Great Tusk|99/100|[from] item: Leftovers
|-heal|p1a: Hatterene|96/100|[from] item: Leftovers
|upkeep
|turn|10
|
|t:|1769350483
|-end|p2a: Great Tusk|Protosynthesis|[silent]
|switch|p2a: Slowking|Slowking-Galar, F|100/100
|move|p1a: Hatterene|Psychic Noise|p2a: Slowking
|-damage|p2a: Slowking|81/100
|-start|p2a: Slowking|move: Heal Block
|
|-weather|none
|-heal|p1a: Hatterene|100/100|[from] item: Leftovers
|upkeep
|turn|11
|c|+Calmmind75|Msousagamer
|
|t:|1769350489
|switch|p1a: Landorus|Landorus-Therian, M|100/100
|-ability|p1a: Landorus|Intimidate|boost
|-unboost|p2a: Slowking|atk|1
|-prepare|p2a: Slowking|Chilly Reception|[premajor]
|move|p2a: Slowking|Chilly Reception|p2a: Slowking
|-weather|Snowscape
|c|+Calmmind75|GANHA
|
|t:|1769350492
|switch|p2a: Kyurem|Kyurem|71/100|[from] Chilly Reception
|-ability|p2a: Kyurem|Pressure
|
|-weather|Snowscape|[upkeep]
|-heal|p2a: Kyurem|77/100|[from] item: Leftovers
|upkeep
|turn|12
|inactive|Msousagamer has 120 seconds left.
|
|t:|1769350509
|switch|p1a: Hatterene|Hatterene, F|100/100
|move|p2a: Kyurem|Icicle Spear|p1a: Hatterene
|-damage|p1a: Hatterene|85/100
|-damage|p1a: Hatterene|71/100
|-damage|p1a: Hatterene|57/100
|-damage|p1a: Hatterene|42/100
|-hitcount|p1a: Hatterene|4
|
|-weather|Snowscape|[upkeep]
|-heal|p2a: Kyurem|84/100|[from] item: Leftovers
|-heal|p1a: Hatterene|48/100|[from] item: Leftovers
|upkeep
|turn|13
|
|t:|1769350516
|switch|p2a: Slowking|Slowking-Galar, F|100/100
|move|p1a: Hatterene|Pain Split|p2a: Slowking
|-sethp|p2a: Slowking|70/100|[from] move: Pain Split|[silent]
|-sethp|p1a: Hatterene|86/100|[from] move: Pain Split
|
|-weather|Snowscape|[upkeep]
|-heal|p1a: Hatterene|92/100|[from] item: Leftovers
|upkeep
|turn|14
|inactive|plague has 150 seconds left.
|
|t:|1769350539
|switch|p1a: Gholdengo|Gholdengo|67/100
|-prepare|p2a: Slowking|Chilly Reception|[premajor]
|move|p2a: Slowking|Chilly Reception|p2a: Slowking
|
|t:|1769350546
|switch|p2a: Great Tusk|Great Tusk|99/100|[from] Chilly Reception
|
|-weather|Snowscape|[upkeep]
|-heal|p2a: Great Tusk|100/100|[from] item: Leftovers
|upkeep
|turn|15
|
|t:|1769350554
|switch|p1a: Hatterene|Hatterene, F|92/100
|move|p2a: Great Tusk|Knock Off|p1a: Hatterene
|-damage|p1a: Hatterene|50/100
|-enditem|p1a: Hatterene|Leftovers|[from] move: Knock Off|[of] p2a: Great Tusk
|
|-weather|none
|upkeep
|turn|16
|
|t:|1769350562
|switch|p1a: Landorus|Landorus-Therian, M|100/100
|-ability|p1a: Landorus|Intimidate|boost
|-unboost|p2a: Great Tusk|atk|1
|move|p2a: Great Tusk|Headlong Rush|p1a: Landorus
|-immune|p1a: Landorus
|
|upkeep
|turn|17
|inactive|Msousagamer has 150 seconds left.
|
|t:|1769350579
|move|p1a: Landorus|Stealth Rock|p2a: Great Tusk
|-sidestart|p2: Msousagamer|move: Stealth Rock
|move|p2a: Great Tusk|Ice Spinner|p1a: Landorus
|-supereffective|p1a: Landorus
|-damage|p1a: Landorus|29/100
|-damage|p2a: Great Tusk|84/100|[from] item: Rocky Helmet|[of] p1a: Landorus
|
|-heal|p2a: Great Tusk|90/100|[from] item: Leftovers
|upkeep
|turn|18
|
|t:|1769350584
|move|p1a: Landorus|U-turn|p2a: Great Tusk
|-resisted|p2a: Great Tusk
|-damage|p2a: Great Tusk|82/100
|
|t:|1769350586
|switch|p1a: Gholdengo|Gholdengo|67/100|[from] U-turn
|move|p2a: Great Tusk|Knock Off|p1a: Gholdengo
|-supereffective|p1a: Gholdengo
|-damage|p1a: Gholdengo|19/100
|-enditem|p1a: Gholdengo|Metal Coat|[from] move: Knock Off|[of] p2a: Great Tusk
|
|-heal|p2a: Great Tusk|88/100|[from] item: Leftovers
|upkeep
|turn|19
|inactive|plague has 180 seconds left.
|
|t:|1769350608
|switch|p1a: Landorus|Landorus-Therian, M|29/100
|-ability|p1a: Landorus|Intimidate|boost
|-unboost|p2a: Great Tusk|atk|1
|move|p2a: Great Tusk|Knock Off|p1a: Landorus
|-damage|p1a: Landorus|12/100
|-damage|p2a: Great Tusk|71/100|[from] item: Rocky Helmet|[of] p1a: Landorus
|-enditem|p1a: Landorus|Rocky Helmet|[from] move: Knock Off|[of] p2a: Great Tusk
|
|-heal|p2a: Great Tusk|78/100|[from] item: Leftovers
|upkeep
|turn|20
|
|t:|1769350617
|move|p1a: Landorus|U-turn|p2a: Great Tusk
|-resisted|p2a: Great Tusk
|-damage|p2a: Great Tusk|70/100
|
|t:|1769350619
|switch|p1a: Gholdengo|Gholdengo|19/100|[from] U-turn
|move|p2a: Great Tusk|Rapid Spin|p1a: Gholdengo
|-immune|p1a: Gholdengo
|
|-heal|p2a: Great Tusk|76/100|[from] item: Leftovers
|upkeep
|turn|21
|inactive|plague has 180 seconds left.
|inactive|plague has 150 seconds left.
|
|t:|1769350675
|move|p2a: Great Tusk|Knock Off|p1a: Gholdengo
|-supereffective|p1a: Gholdengo
|-damage|p1a: Gholdengo|0 fnt
|faint|p1a: Gholdengo
|
|-heal|p2a: Great Tusk|82/100|[from] item: Leftovers
|upkeep
|inactive|plague has 120 seconds left.
|
|t:|1769350705
|switch|p1a: Raging Bolt|Raging Bolt|100/100
|-enditem|p1a: Raging Bolt|Booster Energy
|-activate|p1a: Raging Bolt|ability: Protosynthesis|[fromitem]
|-start|p1a: Raging Bolt|protosynthesisspa
|turn|22
|inactive|Msousagamer has 180 seconds left.
|inactive|plague has 90 seconds left.
|inactive|plague has 60 seconds left.
|inactive|Msousagamer has 150 seconds left.
|
|t:|1769350777
|-end|p2a: Great Tusk|Protosynthesis|[silent]
|switch|p2a: Cinderace|Cinderace, M|100/100
|-terastallize|p1a: Raging Bolt|Bug
|move|p1a: Raging Bolt|Calm Mind|p1a: Raging Bolt
|-boost|p1a: Raging Bolt|spa|1
|-boost|p1a: Raging Bolt|spd|1
|
|upkeep
|turn|23
|inactive|plague has 60 seconds left.
|
|t:|1769350805
|move|p2a: Cinderace|Sucker Punch|p1a: Raging Bolt
|-start|p2a: Cinderace|typechange|Dark|[from] ability: Libero
|-crit|p1a: Raging Bolt
|-damage|p1a: Raging Bolt|54/100
|move|p1a: Raging Bolt|Thunderbolt|p2a: Cinderace
|-damage|p2a: Cinderace|0 fnt
|faint|p2a: Cinderace
|
|upkeep
|inactive|Msousagamer has 120 seconds left.
|
|t:|1769350819
|switch|p2a: Kyurem|Kyurem|84/100
|-damage|p2a: Kyurem|59/100|[from] Stealth Rock
|-ability|p2a: Kyurem|Pressure
|turn|24
|
|t:|1769350828
|move|p2a: Kyurem|Icicle Spear|p1a: Raging Bolt
|-damage|p1a: Raging Bolt|44/100
|-damage|p1a: Raging Bolt|33/100
|-hitcount|p1a: Raging Bolt|2
|move|p1a: Raging Bolt|Dragon Pulse|p2a: Kyurem
|-supereffective|p2a: Kyurem
|-damage|p2a: Kyurem|0 fnt
|faint|p2a: Kyurem
|
|upkeep
|inactive|Msousagamer has 120 seconds left.
|
|t:|1769350849
|switch|p2a: Slowking|Slowking-Galar, F|100/100
|turn|25
|inactive|Msousagamer has 120 seconds left.
|
|t:|1769350855
|move|p1a: Raging Bolt|Thunderbolt|p2a: Slowking
|-damage|p2a: Slowking|39/100
|move|p2a: Slowking|Sludge Bomb|p1a: Raging Bolt
|-damage|p1a: Raging Bolt|13/100
|-status|p1a: Raging Bolt|psn
|
|-damage|p1a: Raging Bolt|0 fnt|[from] psn
|faint|p1a: Raging Bolt
|-end|p1a: Raging Bolt|Protosynthesis|[silent]
|upkeep
|c|+fvkumean|bro
|c|☆plague|Ta dificil 
|c|☆Msousagamer|Bruh
|inactive|plague has 60 seconds left.
|c|+KniY|nao bastava o ouro
|inactive|plague has 30 seconds left.
|inactive|plague has 20 seconds left.
|c|+wssi|o 2 hit ice ninguem fala
|c|+wssi|kkkkk
|inactive|plague has 15 seconds left.
|inactive|plague has 10 seconds left.
|
|t:|1769350931
|switch|p1a: Iron Moth|Iron Moth|100/100
|-enditem|p1a: Iron Moth|Booster Energy
|-activate|p1a: Iron Moth|ability: Quark Drive|[fromitem]
|-start|p1a: Iron Moth|quarkdrivespe
|turn|26
|inactive|plague has 20 seconds left this turn.
|c|+wssi|careca lascado
|inactive|plague has 15 seconds left.
|inactive|Msousagamer has 120 seconds left.
|
|t:|1769350947
|move|p1a: Iron Moth|Fiery Dance|p2a: Slowking
|-damage|p2a: Slowking|13/100
|-boost|p1a: Iron Moth|spa|1
|move|p2a: Slowking|Psychic Noise|p1a: Iron Moth
|-supereffective|p1a: Iron Moth
|-damage|p1a: Iron Moth|42/100
|-start|p1a: Iron Moth|move: Heal Block
|
|upkeep
|turn|27
|inactive|plague has 25 seconds left this turn.
|inactive|plague has 20 seconds left.
|c|+lighthouses|reclamar de tomar um 30% é mt bo1 brain 
|inactive|plague has 15 seconds left.
|inactive|Msousagamer has 120 seconds left.
|c|+lighthouses|#bo3now
|
|t:|1769350981
|switch|p2a: Kingambit|Kingambit, M|25/100
|-damage|p2a: Kingambit|19/100|[from] Stealth Rock
|-activate|p2a: Kingambit|ability: Supreme Overlord
|-start|p2a: Kingambit|fallen2|[silent]
|move|p1a: Iron Moth|Fiery Dance|p2a: Kingambit
|-supereffective|p2a: Kingambit
|-crit|p2a: Kingambit
|-damage|p2a: Kingambit|0 fnt
|-boost|p1a: Iron Moth|spa|1
|faint|p2a: Kingambit
|-end|p2a: Kingambit|fallen2|[silent]
|
|-end|p1a: Iron Moth|move: Heal Block
|upkeep
|c|☆plague|Eu tomei crit sucker antes tb
|
|t:|1769350991
|switch|p2a: Slowking|Slowking-Galar, F|46/100
|turn|28
|inactive|plague has 30 seconds left this turn.
|inactive|plague has 20 seconds left.
|inactive|Msousagamer has 90 seconds left.
|
|t:|1769351007
|switch|p2a: Great Tusk|Great Tusk|82/100
|-damage|p2a: Great Tusk|79/100|[from] Stealth Rock
|move|p1a: Iron Moth|Substitute|p1a: Iron Moth
|-start|p1a: Iron Moth|Substitute
|-damage|p1a: Iron Moth|17/100
|
|-heal|p2a: Great Tusk|85/100|[from] item: Leftovers
|upkeep
|turn|29
|inactive|plague has 30 seconds left this turn.
|c|☆Msousagamer|kkkkkkkkkkkkkkkkk
|inactive|Msousagamer has 90 seconds left.
|c|+lighthouses|só tava espalhando a agenda
|
|t:|1769351024
|move|p1a: Iron Moth|Fiery Dance|p2a: Great Tusk
|-damage|p2a: Great Tusk|0 fnt
|-boost|p1a: Iron Moth|spa|1
|faint|p2a: Great Tusk
|-end|p2a: Great Tusk|Protosynthesis|[silent]
|
|upkeep
|
|t:|1769351025
|switch|p2a: Slowking|Slowking-Galar, F|80/100
|turn|30
|c|☆Msousagamer|Play idiota
|c|☆Msousagamer|Da porra
|inactive|plague has 30 seconds left.
|
|t:|1769351037
|move|p1a: Iron Moth|Fiery Dance|p2a: Slowking
|-damage|p2a: Slowking|23/100
|move|p2a: Slowking|Psychic Noise|p1a: Iron Moth
|-supereffective|p1a: Iron Moth
|-damage|p1a: Iron Moth|0 fnt
|faint|p1a: Iron Moth
|-end|p1a: Iron Moth|Quark Drive|[silent]
|
|upkeep
|c|☆Msousagamer|N é possível PLague KKKKKKK
|inactive|plague has 30 seconds left.
|inactive|plague has 20 seconds left.
|inactive|plague has 15 seconds left.
|c|+fishyroads|Man
|inactive|plague has 10 seconds left.
|
|t:|1769351065
|switch|p1a: Landorus|Landorus-Therian, M|12/100
|-ability|p1a: Landorus|Intimidate|boost
|-unboost|p2a: Slowking|atk|1
|turn|31
|inactive|plague has 20 seconds left this turn.
|inactive|plague has 15 seconds left.
|
|t:|1769351089
|switch|p2a: Enamorus|Enamorus, F|100/100
|-damage|p2a: Enamorus|76/100|[from] Stealth Rock
|move|p1a: Landorus|Earthquake|p2a: Enamorus
|-immune|p2a: Enamorus
|
|upkeep
|turn|32
|inactive|plague has 25 seconds left this turn.
|inactive|plague has 20 seconds left.
|inactive|plague has 15 seconds left.
|
|t:|1769351103
|move|p2a: Enamorus|Moonblast|p1a: Landorus
|-crit|p1a: Landorus
|-damage|p1a: Landorus|0 fnt
|faint|p1a: Landorus
|
|upkeep
|inactive|plague has 20 seconds left this turn.
|
|t:|1769351104
|switch|p1a: Hatterene|Hatterene, F|50/100
|turn|33
|inactive|plague has 30 seconds left this turn.
|c|+fishyroads|Nem sei mais
|c|+fishyroads|Oq estou assistindo
|inactive|Msousagamer has 90 seconds left.
|
|t:|1769351143
|switch|p2a: Slowking|Slowking-Galar, F|56/100
|move|p1a: Hatterene|Pain Split|p2a: Slowking
|-sethp|p2a: Slowking|48/100|[from] move: Pain Split|[silent]
|-sethp|p1a: Hatterene|60/100|[from] move: Pain Split
|
|upkeep
|turn|34
|inactive|plague has 30 seconds left.
|
|t:|1769351157
|switch|p1a: Zamazenta|Zamazenta|100/100
|-ability|p1a: Zamazenta|Dauntless Shield|boost
|-boost|p1a: Zamazenta|def|1
|move|p2a: Slowking|Sludge Bomb|p1a: Zamazenta
|-damage|p1a: Zamazenta|71/100
|-status|p1a: Zamazenta|psn
|
|-heal|p1a: Zamazenta|77/100 psn|[from] item: Leftovers
|-damage|p1a: Zamazenta|65/100 psn|[from] psn
|upkeep
|turn|35
|inactive|plague has 30 seconds left.
|
|t:|1769351166
|move|p1a: Zamazenta|Crunch|p2a: Slowking
|-supereffective|p2a: Slowking
|-damage|p2a: Slowking|5/100
|move|p2a: Slowking|Psychic Noise|p1a: Zamazenta
|-supereffective|p1a: Zamazenta
|-damage|p1a: Zamazenta|13/100 psn
|-start|p1a: Zamazenta|move: Heal Block
|
|-damage|p1a: Zamazenta|1/100 psn|[from] psn
|upkeep
|turn|36
|
|t:|1769351175
|move|p1a: Zamazenta|Crunch|p2a: Slowking
|-supereffective|p2a: Slowking
|-damage|p2a: Slowking|0 fnt
|faint|p2a: Slowking
|
|-damage|p1a: Zamazenta|0 fnt|[from] psn
|faint|p1a: Zamazenta
|upkeep
|
|t:|1769351177
|switch|p1a: Hatterene|Hatterene, F|60/100
|switch|p2a: Enamorus|Enamorus, F|76/100
|-damage|p2a: Enamorus|51/100|[from] Stealth Rock
|turn|37
|inactive|plague has 30 seconds left.
|c|+fishyroads|Lighthouses nn se esqueça
|
|t:|1769351199
|-terastallize|p2a: Enamorus|Stellar
|move|p2a: Enamorus|Moonblast|p1a: Hatterene
|-damage|p1a: Hatterene|1/100
|move|p1a: Hatterene|Psychic Noise|p2a: Enamorus
|-damage|p2a: Enamorus|6/100
|-start|p2a: Enamorus|move: Heal Block
|
|upkeep
|turn|38
|c|+fishyroads|Q a única razão
|c|☆plague|Tá foda
|c|+fishyroads|Pra se jogar bo1
|inactive|plague has 30 seconds left.
|c|☆Msousagamer|Como q isso viveu
|c|☆plague|É spdef 
|c|+fishyroads|É pra reclamar de Bo1
|inactive|plague has 20 seconds left.
|c|☆plague|Eu trolei no final msm mas tu precisou de crit e psn 
|c|☆plague|P ganhar
|inactive|plague has 15 seconds left.
|c|☆Msousagamer|Minha pergunta continua
|c|☆plague|Aí e dificil 
|c|☆plague|GGs
|inactive|plague has 10 seconds left.
|c|☆Msousagamer|Nem precisei
|
|t:|1769351230
|move|p2a: Enamorus|Moonblast|p1a: Hatterene
|-damage|p1a: Hatterene|0 fnt
|faint|p1a: Hatterene
|
|win|Msousagamer
|c|+Calmmind75|MSOUSA CABRA
|c|☆Msousagamer|Moonblast matava e n podias dar hard swap
|c|☆Msousagamer|Mudou nada KKKKK
|player|p1|
|c|+wssi|trivial
|c|+wssi|careca
|c|☆Msousagamer|Literalmente
|c|☆Msousagamer|Só um pouco de chip no zama caso fosse max hp chegava
|c|☆Msousagamer|Sludge fez isso
|player|p1|plague|#splxviisharks|
|c|☆plague|Tô falando do Bolt cara
|c|☆plague|Tnc 
|c|☆plague|Tu precisou dar crit sucker
|c|☆plague|E sludge Poison
|c|☆plague|Pra matar o boneco
|c|☆plague|Obvio q o do zama n importou
|player|p1|
|c|☆Msousagamer|Eu dei
|c|☆Msousagamer|2 hits
|c|☆Msousagamer|Icicle sprea
|c|☆Msousagamer|Bruh
|player|p2|
|c|+seraphz|claro q deu
|c|+seraphz|ta usando lefties
|player|p2|Msousagamer|sycamore|
