|j|☆FirstLightSoulja
|j|☆raviolikid
|t:|1769321652
|gametype|singles
|player|p1|FirstLightSoulja|giovanni|1612
|player|p2|raviolikid|zinnia|1667
|gen|9
|tier|[Gen 9] OU
|rated|
|rule|HP Percentage Mod: HP is shown in percentages
|rule|Endless Battle Clause: Forcing endless battles is banned
|rule|Species Clause: Limit one of each Pokémon
|rule|OHKO Clause: OHKO moves are banned
|rule|Evasion Items Clause: Evasion items are banned
|rule|Evasion Moves Clause: Evasion moves are banned
|rule|Evasion Abilities Clause: Evasion abilities are banned
|rule|Sleep Moves Clause: Sleep-inducing moves are banned
|clearpoke
|poke|p1|Garchomp, F|
|poke|p1|Sinistcha|
|poke|p1|Iron Valiant|
|poke|p1|Ogerpon-Wellspring, F|
|poke|p1|Slowking-Galar, M|
|poke|p1|Ceruledge, F|
|poke|p2|Pecharunt|
|poke|p2|Kingambit, F|
|poke|p2|Volcanion|
|poke|p2|Iron Valiant|
|poke|p2|Landorus-Therian, M|
|poke|p2|Deoxys-Speed|
|teampreview
|inactive|Battle timer is ON: inactive players will automatically lose when time's up. (requested by raviolikid)
|
|t:|1769321665
|teamsize|p1|6
|teamsize|p2|6
|start
|switch|p1a: Garchomp|Garchomp, F|100/100
|switch|p2a: Deoxys|Deoxys-Speed|100/100
|-ability|p2a: Deoxys|Pressure
|turn|1
|
|t:|1769321676
|move|p2a: Deoxys|Spikes|p1a: Garchomp
|-sidestart|p1: FirstLightSoulja|Spikes
|move|p1a: Garchomp|Spikes|p2a: Deoxys
|-sidestart|p2: raviolikid|Spikes
|
|upkeep
|turn|2
|
|t:|1769321680
|move|p2a: Deoxys|Spikes|p1a: Garchomp
|-sidestart|p1: FirstLightSoulja|Spikes
|move|p1a: Garchomp|Stealth Rock|p2a: Deoxys
|-sidestart|p2: raviolikid|move: Stealth Rock
|
|upkeep
|turn|3
|
|t:|1769321687
|switch|p1a: Slowking|Slowking-Galar, M|100/100
|move|p2a: Deoxys|Spikes|p1a: Slowking
|-sidestart|p1: FirstLightSoulja|Spikes
|
|upkeep
|turn|4
|
|t:|1769321692
|move|p2a: Deoxys|Knock Off|p1a: Slowking
|-supereffective|p1a: Slowking
|-damage|p1a: Slowking|50/100
|-enditem|p1a: Slowking|Heavy-Duty Boots|[from] move: Knock Off|[of] p2a: Deoxys
|move|p1a: Slowking|Future Sight|p2a: Deoxys
|-start|p1a: Slowking|move: Future Sight
|
|upkeep
|turn|5
|
|t:|1769321700
|move|p2a: Deoxys|Psycho Boost|p1a: Slowking
|-damage|p1a: Slowking|17/100
|-unboost|p2a: Deoxys|spa|2
|-enditem|p2a: Deoxys|Eject Pack
|inactive|raviolikid has 120 seconds left.
|
|t:|1769321731
|switch|p2a: Volcanion|Volcanion|100/100
|-damage|p2a: Volcanion|88/100|[from] Spikes
|-damage|p2a: Volcanion|63/100|[from] Stealth Rock
|move|p1a: Slowking|Sludge Bomb|p2a: Volcanion
|-damage|p2a: Volcanion|28/100
|
|-heal|p2a: Volcanion|34/100|[from] item: Leftovers
|upkeep
|turn|6
|
|t:|1769321744
|switch|p1a: Ogerpon|Ogerpon-Wellspring, F|100/100
|-damage|p1a: Ogerpon|76/100|[from] Spikes
|move|p2a: Volcanion|Flamethrower|p1a: Ogerpon
|-crit|p1a: Ogerpon
|-damage|p1a: Ogerpon|6/100
|-status|p1a: Ogerpon|brn
|
|-end|p2a: Volcanion|move: Future Sight
|-damage|p2a: Volcanion|0 fnt
|faint|p2a: Volcanion
|-damage|p1a: Ogerpon|0 fnt|[from] brn
|faint|p1a: Ogerpon
|upkeep
|inactive|raviolikid has 120 seconds left.
|inactive|FirstLightSoulja has 120 seconds left.
|
|t:|1769321782
|switch|p1a: Garchomp|Garchomp, F|100/100
|switch|p2a: Deoxys|Deoxys-Speed|100/100
|-damage|p2a: Deoxys|88/100|[from] Spikes
|-damage|p2a: Deoxys|76/100|[from] Stealth Rock
|-ability|p2a: Deoxys|Pressure
|-damage|p1a: Garchomp|75/100|[from] Spikes
|turn|7
|inactive|raviolikid has 120 seconds left.
|
|t:|1769321802
|switch|p2a: Landorus|Landorus-Therian, M|100/100
|-damage|p2a: Landorus|88/100|[from] Stealth Rock
|-ability|p2a: Landorus|Intimidate|boost
|-unboost|p1a: Garchomp|atk|1
|move|p1a: Garchomp|Earthquake|p2a: Landorus
|-immune|p2a: Landorus
|
|upkeep
|turn|8
|inactive|FirstLightSoulja has 120 seconds left.
|
|t:|1769321820
|move|p2a: Landorus|Taunt|p1a: Garchomp
|-start|p1a: Garchomp|move: Taunt
|move|p1a: Garchomp|Dragon Tail|p2a: Landorus
|-damage|p2a: Landorus|71/100
|-damage|p1a: Garchomp|59/100|[from] item: Rocky Helmet|[of] p2a: Landorus
|drag|p2a: Deoxys|Deoxys-Speed|76/100
|-damage|p2a: Deoxys|63/100|[from] Spikes
|-damage|p2a: Deoxys|51/100|[from] Stealth Rock
|-ability|p2a: Deoxys|Pressure
|
|upkeep
|turn|9
|
|t:|1769321831
|move|p2a: Deoxys|Psycho Boost|p1a: Garchomp
|-damage|p1a: Garchomp|2/100
|-unboost|p2a: Deoxys|spa|2
|move|p1a: Garchomp|Dragon Tail|p2a: Deoxys
|-damage|p2a: Deoxys|22/100
|drag|p2a: Iron Valiant|Iron Valiant|100/100
|-damage|p2a: Iron Valiant|88/100|[from] Spikes
|-damage|p2a: Iron Valiant|82/100|[from] Stealth Rock
|-enditem|p2a: Iron Valiant|Booster Energy
|-activate|p2a: Iron Valiant|ability: Quark Drive|[fromitem]
|-start|p2a: Iron Valiant|quarkdrivespe
|
|upkeep
|turn|10
|
|t:|1769321843
|move|p2a: Iron Valiant|Moonblast|p1a: Garchomp
|-supereffective|p1a: Garchomp
|-damage|p1a: Garchomp|0 fnt
|faint|p1a: Garchomp
|
|upkeep
|
|t:|1769321862
|switch|p1a: Slowking|Slowking-Galar, M|50/100
|-damage|p1a: Slowking|25/100|[from] Spikes
|turn|11
|
|t:|1769321866
|move|p2a: Iron Valiant|Knock Off|p1a: Slowking
|-supereffective|p1a: Slowking
|-damage|p1a: Slowking|0 fnt
|faint|p1a: Slowking
|
|upkeep
|
|t:|1769321869
|switch|p1a: Ceruledge|Ceruledge, F|100/100
|turn|12
|
|t:|1769321874
|-terastallize|p1a: Ceruledge|Bug
|move|p2a: Iron Valiant|Moonblast|p1a: Ceruledge
|-damage|p1a: Ceruledge|60/100
|move|p1a: Ceruledge|Swords Dance|p1a: Ceruledge
|-boost|p1a: Ceruledge|atk|2
|
|upkeep
|turn|13
|
|t:|1769321885
|move|p2a: Iron Valiant|Encore|p1a: Ceruledge
|-start|p1a: Ceruledge|Encore
|move|p1a: Ceruledge|Swords Dance|p1a: Ceruledge
|-boost|p1a: Ceruledge|atk|2
|
|upkeep
|turn|14
|
|t:|1769321890
|move|p2a: Iron Valiant|Moonblast|p1a: Ceruledge
|-damage|p1a: Ceruledge|23/100
|move|p1a: Ceruledge|Swords Dance|p1a: Ceruledge
|-boost|p1a: Ceruledge|atk|2
|
|upkeep
|turn|15
|-message|FirstLightSoulja forfeited.
|
|win|raviolikid
|raw|FirstLightSoulja's rating: 1612 &rarr; <strong>1595</strong><br />(-17 for losing)
|raw|raviolikid's rating: 1667 &rarr; <strong>1684</strong><br />(+17 for winning)
|l|☆FirstLightSoulja
|player|p1|
|l|☆raviolikid
|player|p2|
