|j|☆Blungebobb
|j|☆wander36
|t:|1769430900
|gametype|singles
|player|p1|Blungebobb|steven|1407
|player|p2|wander36|266|1405
|gen|9
|tier|[Gen 9] OU
|rated|
|rule|HP Percentage Mod: HP is shown in percentages
|rule|Endless Battle Clause: Forcing endless battles is banned
|rule|Species Clause: Limit one of each Pokémon
|rule|OHKO Clause: OHKO moves are banned
|rule|Evasion Items Clause: Evasion items are banned
|rule|Evasion Moves Clause: Evasion moves are banned
|rule|Evasion Abilities Clause: Evasion abilities are banned
|rule|Sleep Moves Clause: Sleep-inducing moves are banned
|clearpoke
|poke|p1|Grimmsnarl, M|
|poke|p1|Ceruledge, M|
|poke|p1|Serperior, M|
|poke|p1|Araquanid, M|
|poke|p1|Raging Bolt|
|poke|p1|Great Tusk|
|poke|p2|Gyarados, F|
|poke|p2|Garchomp, F|
|poke|p2|Glimmora, F|
|poke|p2|Corviknight, F|
|poke|p2|Drifblim, M|
|poke|p2|Incineroar, F|
|teampreview
|inactive|Battle timer is ON: inactive players will automatically lose when time's up. (requested by wander36)
|inactive|Blungebobb has 120 seconds left.
|
|t:|1769430972
|teamsize|p1|6
|teamsize|p2|6
|start
|switch|p1a: Araquanid|Araquanid, M|100/100
|switch|p2a: Incineroar|Incineroar, F|100/100
|-ability|p2a: Incineroar|Intimidate|boost
|-unboost|p1a: Araquanid|atk|1
|turn|1
|
|t:|1769430980
|move|p2a: Incineroar|Fake Out|p1a: Araquanid
|-damage|p1a: Araquanid|87/100
|cant|p1a: Araquanid|flinch
|
|upkeep
|turn|2
|
|t:|1769430998
|move|p2a: Incineroar|Knock Off|p1a: Araquanid
|-damage|p1a: Araquanid|37/100
|-enditem|p1a: Araquanid|Custap Berry|[from] move: Knock Off|[of] p2a: Incineroar
|move|p1a: Araquanid|Sticky Web|p2a: Incineroar
|-sidestart|p2: wander36|move: Sticky Web
|
|upkeep
|turn|3
|
|t:|1769431017
|move|p2a: Incineroar|Flare Blitz|p1a: Araquanid
|-damage|p1a: Araquanid|8/100
|-damage|p2a: Incineroar|92/100|[from] Recoil
|move|p1a: Araquanid|Endeavor|p2a: Incineroar
|-damage|p2a: Incineroar|7/100
|
|upkeep
|turn|4
|
|t:|1769431029
|move|p2a: Incineroar|Knock Off|p1a: Araquanid
|-damage|p1a: Araquanid|0 fnt
|faint|p1a: Araquanid
|
|upkeep
|
|t:|1769431044
|switch|p1a: Serperior|Serperior, M|100/100
|turn|5
|
|t:|1769431050
|move|p1a: Serperior|Leaf Storm|p2a: Incineroar
|-resisted|p2a: Incineroar
|-damage|p2a: Incineroar|0 fnt
|-boost|p1a: Serperior|spa|2
|faint|p2a: Incineroar
|
|upkeep
|
|t:|1769431060
|switch|p2a: Drifblim|Drifblim, M|100/100
|turn|6
|
|t:|1769431073
|switch|p1a: Grimmsnarl|Grimmsnarl, M|100/100
|move|p2a: Drifblim|Calm Mind|p2a: Drifblim
|-boost|p2a: Drifblim|spa|1
|-boost|p2a: Drifblim|spd|1
|
|upkeep
|turn|7
|
|t:|1769431093
|move|p1a: Grimmsnarl|Light Screen|p1a: Grimmsnarl
|-sidestart|p1: Blungebobb|move: Light Screen
|move|p2a: Drifblim|Calm Mind|p2a: Drifblim
|-boost|p2a: Drifblim|spa|1
|-boost|p2a: Drifblim|spd|1
|
|upkeep
|turn|8
|
|t:|1769431100
|move|p1a: Grimmsnarl|Parting Shot|p2a: Drifblim
|-unboost|p2a: Drifblim|atk|1
|-unboost|p2a: Drifblim|spa|1
|
|t:|1769431105
|switch|p1a: Ceruledge|Ceruledge, M|100/100|[from] Parting Shot
|move|p2a: Drifblim|Calm Mind|p2a: Drifblim
|-boost|p2a: Drifblim|spa|1
|-boost|p2a: Drifblim|spd|1
|
|upkeep
|turn|9
|
|t:|1769431131
|-terastallize|p2a: Drifblim|Electric
|-terastallize|p1a: Ceruledge|Fighting
|move|p2a: Drifblim|Calm Mind|p2a: Drifblim
|-boost|p2a: Drifblim|spa|1
|-boost|p2a: Drifblim|spd|1
|move|p1a: Ceruledge|Swords Dance|p1a: Ceruledge
|-boost|p1a: Ceruledge|atk|2
|
|upkeep
|turn|10
|
|t:|1769431148
|move|p2a: Drifblim|Air Slash|p1a: Ceruledge
|-supereffective|p1a: Ceruledge
|-crit|p1a: Ceruledge
|-enditem|p1a: Ceruledge|Focus Sash
|-damage|p1a: Ceruledge|1/100
|move|p1a: Ceruledge|Bitter Blade|p2a: Drifblim
|-damage|p2a: Drifblim|11/100
|-heal|p1a: Ceruledge|74/100|[from] drain|[of] p2a: Drifblim
|-enditem|p2a: Drifblim|Sitrus Berry|[eat]
|-heal|p2a: Drifblim|36/100|[from] item: Sitrus Berry
|
|upkeep
|turn|11
|
|t:|1769431166
|move|p1a: Ceruledge|Shadow Sneak|p2a: Drifblim
|-damage|p2a: Drifblim|0 fnt
|faint|p2a: Drifblim
|
|upkeep
|-message|wander36 forfeited.
|
|win|Blungebobb
|raw|Blungebobb's rating: 1407 &rarr; <strong>1427</strong><br />(+20 for winning)
|raw|wander36's rating: 1405 &rarr; <strong>1385</strong><br />(-20 for losing)
|l|☆wander36
|player|p2|
|l|☆Blungebobb
|player|p1|
