|j|☆spamlastresort
|j|☆Oliotus
|t:|1769412371
|gametype|singles
|player|p1|spamlastresort|169|1153
|player|p2|Oliotus|101|1196
|gen|9
|tier|[Gen 9] OU
|rated|
|rule|HP Percentage Mod: HP is shown in percentages
|rule|Endless Battle Clause: Forcing endless battles is banned
|rule|Species Clause: Limit one of each Pokémon
|rule|OHKO Clause: OHKO moves are banned
|rule|Evasion Items Clause: Evasion items are banned
|rule|Evasion Moves Clause: Evasion moves are banned
|rule|Evasion Abilities Clause: Evasion abilities are banned
|rule|Sleep Moves Clause: Sleep-inducing moves are banned
|clearpoke
|poke|p1|Enamorus, F|
|poke|p1|Quaquaval, F|
|poke|p1|Moltres-Galar|
|poke|p1|Zamazenta-*|
|poke|p1|Dugtrio, M|
|poke|p1|Gloom, M|
|poke|p2|Exeggutor, M|
|poke|p2|Gholdengo|
|poke|p2|Blissey, F|
|poke|p2|Glimmora, F|
|poke|p2|Slither Wing|
|poke|p2|Darkrai|
|teampreview
|
|t:|1769412385
|teamsize|p1|6
|teamsize|p2|6
|start
|switch|p1a: Dugtrio|Dugtrio, M|100/100
|switch|p2a: Slither Wing|Slither Wing, shiny|100/100
|turn|1
|
|t:|1769412402
|move|p1a: Dugtrio|Substitute|p1a: Dugtrio
|-start|p1a: Dugtrio|Substitute
|-damage|p1a: Dugtrio|75/100
|move|p2a: Slither Wing|U-turn|p1a: Dugtrio
|-end|p1a: Dugtrio|Substitute
|
|t:|1769412406
|-end|p2a: Slither Wing|Protosynthesis|[silent]
|switch|p2a: Darkrai|Darkrai, shiny|100/100|[from] U-turn
|
|upkeep
|turn|2
|
|t:|1769412416
|move|p2a: Darkrai|Dark Pulse|p1a: Dugtrio
|-damage|p1a: Dugtrio|0 fnt
|faint|p1a: Dugtrio
|
|upkeep
|
|t:|1769412420
|switch|p1a: Moltres|Moltres-Galar|100/100
|turn|3
|
|t:|1769412427
|switch|p2a: Blissey|Blissey, F, shiny|100/100
|move|p1a: Moltres|Substitute|p1a: Moltres
|-start|p1a: Moltres|Substitute
|-damage|p1a: Moltres|75/100
|
|upkeep
|turn|4
|
|t:|1769412433
|move|p2a: Blissey|Ice Beam|p1a: Moltres
|-supereffective|p1a: Moltres
|-end|p1a: Moltres|Substitute
|move|p1a: Moltres|Nasty Plot|p1a: Moltres
|-boost|p1a: Moltres|spa|2
|
|upkeep
|turn|5
|
|t:|1769412437
|move|p2a: Blissey|Ice Beam|p1a: Moltres
|-supereffective|p1a: Moltres
|-damage|p1a: Moltres|40/100
|-ability|p1a: Moltres|Berserk|boost
|-boost|p1a: Moltres|spa|1
|move|p1a: Moltres|Agility|p1a: Moltres
|-boost|p1a: Moltres|spe|2
|
|upkeep
|turn|6
|
|t:|1769412452
|-terastallize|p1a: Moltres|Dark
|move|p1a: Moltres|Substitute|p1a: Moltres
|-start|p1a: Moltres|Substitute
|-damage|p1a: Moltres|15/100
|move|p2a: Blissey|Ice Beam|p1a: Moltres
|-activate|p1a: Moltres|move: Substitute|[damage]
|
|upkeep
|turn|7
|
|t:|1769412464
|move|p1a: Moltres|Fiery Wrath|p2a: Blissey
|-damage|p2a: Blissey|42/100
|move|p2a: Blissey|Ice Beam|p1a: Moltres
|-end|p1a: Moltres|Substitute
|
|upkeep
|turn|8
|
|t:|1769412481
|switch|p2a: Glimmora|Glimmora, F, shiny|100/100
|move|p1a: Moltres|Fiery Wrath|p2a: Glimmora
|-damage|p2a: Glimmora|0 fnt
|faint|p2a: Glimmora
|
|upkeep
|
|t:|1769412486
|switch|p2a: Slither Wing|Slither Wing, shiny|100/100
|turn|9
|
|t:|1769412509
|move|p2a: Slither Wing|First Impression|p1a: Moltres
|-supereffective|p1a: Moltres
|-damage|p1a: Moltres|0 fnt
|faint|p1a: Moltres
|
|upkeep
|
|t:|1769412513
|switch|p1a: Zamazenta|Zamazenta|100/100
|-ability|p1a: Zamazenta|Dauntless Shield|boost
|-boost|p1a: Zamazenta|def|1
|turn|10
|
|t:|1769412523
|-end|p2a: Slither Wing|Protosynthesis|[silent]
|switch|p2a: Gholdengo|Gholdengo|100/100
|move|p1a: Zamazenta|Iron Defense|p1a: Zamazenta
|-boost|p1a: Zamazenta|def|2
|
|upkeep
|turn|11
|
|t:|1769412529
|move|p1a: Zamazenta|Crunch|p2a: Gholdengo
|-supereffective|p2a: Gholdengo
|-damage|p2a: Gholdengo|69/100
|-damage|p1a: Zamazenta|84/100|[from] item: Rocky Helmet|[of] p2a: Gholdengo
|move|p2a: Gholdengo|Thunder Wave|p1a: Zamazenta
|-status|p1a: Zamazenta|par
|
|-heal|p1a: Zamazenta|90/100 par|[from] item: Leftovers
|upkeep
|turn|12
|
|t:|1769412541
|move|p2a: Gholdengo|Hex|p1a: Zamazenta
|-damage|p1a: Zamazenta|48/100 par
|cant|p1a: Zamazenta|par
|
|-heal|p1a: Zamazenta|54/100 par|[from] item: Leftovers
|upkeep
|turn|13
|
|t:|1769412546
|move|p2a: Gholdengo|Hex|p1a: Zamazenta
|-damage|p1a: Zamazenta|11/100 par
|move|p1a: Zamazenta|Crunch|p2a: Gholdengo
|-supereffective|p2a: Gholdengo
|-damage|p2a: Gholdengo|39/100
|-damage|p1a: Zamazenta|0 fnt|[from] item: Rocky Helmet|[of] p2a: Gholdengo
|faint|p1a: Zamazenta
|
|upkeep
|
|t:|1769412550
|switch|p1a: Quaquaval|Quaquaval, F|100/100
|turn|14
|
|t:|1769412557
|move|p2a: Gholdengo|Thunder Wave|p1a: Quaquaval|[miss]
|-miss|p2a: Gholdengo|p1a: Quaquaval
|move|p1a: Quaquaval|Knock Off|p2a: Gholdengo
|-supereffective|p2a: Gholdengo
|-damage|p2a: Gholdengo|0 fnt
|-damage|p1a: Quaquaval|84/100|[from] item: Rocky Helmet|[of] p2a: Gholdengo
|-enditem|p2a: Gholdengo|Rocky Helmet|[from] move: Knock Off|[of] p1a: Quaquaval
|faint|p2a: Gholdengo
|-ability|p1a: Quaquaval|Moxie|boost
|-boost|p1a: Quaquaval|atk|1
|
|upkeep
|
|t:|1769412580
|switch|p2a: Blissey|Blissey, F, shiny|42/100
|turn|15
|
|t:|1769412588
|move|p2a: Blissey|Trick|p1a: Quaquaval
|-activate|p2a: Blissey|move: Trick|[of] p1a: Quaquaval
|-item|p1a: Quaquaval|Choice Scarf|[from] move: Trick
|-item|p2a: Blissey|Heavy-Duty Boots|[from] move: Trick
|move|p1a: Quaquaval|Aqua Step|p2a: Blissey
|-crit|p2a: Blissey
|-damage|p2a: Blissey|0 fnt
|-boost|p1a: Quaquaval|spe|1
|faint|p2a: Blissey
|-ability|p1a: Quaquaval|Moxie|boost
|-boost|p1a: Quaquaval|atk|1
|
|upkeep
|
|t:|1769412596
|switch|p2a: Exeggutor|Exeggutor, M, shiny|100/100
|turn|16
|
|t:|1769412612
|switch|p1a: Gloom|Gloom, M|100/100
|move|p2a: Exeggutor|Synthesis|p2a: Exeggutor
|-fail|p2a: Exeggutor|heal
|
|upkeep
|turn|17
|
|t:|1769412620
|move|p2a: Exeggutor|Substitute|p2a: Exeggutor
|-start|p2a: Exeggutor|Substitute
|-damage|p2a: Exeggutor|75/100
|move|p1a: Gloom|Toxic||[still]
|-fail|p1a: Gloom
|
|upkeep
|turn|18
|
|t:|1769412635
|switch|p1a: Enamorus|Enamorus, F|100/100
|move|p2a: Exeggutor|Stored Power|p1a: Enamorus
|-damage|p1a: Enamorus|89/100
|
|upkeep
|turn|19
|
|t:|1769412641
|move|p2a: Exeggutor|Protect|p2a: Exeggutor
|-singleturn|p2a: Exeggutor|Protect
|move|p1a: Enamorus|Superpower|p2a: Exeggutor
|-activate|p2a: Exeggutor|move: Protect
|
|upkeep
|turn|20
|
|t:|1769412650
|move|p1a: Enamorus|Superpower|p2a: Exeggutor
|-resisted|p2a: Exeggutor
|-activate|p2a: Exeggutor|move: Substitute|[damage]
|-boost|p1a: Enamorus|atk|1
|-boost|p1a: Enamorus|def|1
|move|p2a: Exeggutor|Substitute|p2a: Exeggutor
|-fail|p2a: Exeggutor|move: Substitute
|
|upkeep
|turn|21
|
|t:|1769412658
|move|p1a: Enamorus|Fly||[still]
|-prepare|p1a: Enamorus|Fly
|move|p2a: Exeggutor|Substitute|p2a: Exeggutor
|-fail|p2a: Exeggutor|move: Substitute
|
|upkeep
|turn|22
|
|t:|1769412661
|move|p1a: Enamorus|Fly|p2a: Exeggutor|[from] lockedmove
|-supereffective|p2a: Exeggutor
|-end|p2a: Exeggutor|Substitute
|move|p2a: Exeggutor|Substitute|p2a: Exeggutor
|-start|p2a: Exeggutor|Substitute
|-damage|p2a: Exeggutor|50/100
|
|upkeep
|turn|23
|
|t:|1769412674
|move|p1a: Enamorus|Superpower|p2a: Exeggutor
|-resisted|p2a: Exeggutor
|-activate|p2a: Exeggutor|move: Substitute|[damage]
|-boost|p1a: Enamorus|atk|1
|-boost|p1a: Enamorus|def|1
|move|p2a: Exeggutor|Substitute|p2a: Exeggutor
|-fail|p2a: Exeggutor|move: Substitute
|
|upkeep
|turn|24
|
|t:|1769412679
|move|p1a: Enamorus|Superpower|p2a: Exeggutor
|-resisted|p2a: Exeggutor
|-end|p2a: Exeggutor|Substitute
|-boost|p1a: Enamorus|atk|1
|-boost|p1a: Enamorus|def|1
|move|p2a: Exeggutor|Substitute|p2a: Exeggutor
|-start|p2a: Exeggutor|Substitute
|-damage|p2a: Exeggutor|25/100
|-enditem|p2a: Exeggutor|Starf Berry|[eat]
|-boost|p2a: Exeggutor|spe|2|[from] item: Starf Berry
|
|-item|p2a: Exeggutor|Starf Berry|[from] ability: Harvest
|upkeep
|-enditem|p2a: Exeggutor|Starf Berry|[eat]
|-boost|p2a: Exeggutor|spe|2|[from] item: Starf Berry
|turn|25
|
|t:|1769412686
|move|p2a: Exeggutor|Synthesis|p2a: Exeggutor
|-heal|p2a: Exeggutor|75/100
|move|p1a: Enamorus|Fly||[still]
|-prepare|p1a: Enamorus|Fly
|
|upkeep
|turn|26
|
|t:|1769412690
|move|p2a: Exeggutor|Substitute|p2a: Exeggutor
|-fail|p2a: Exeggutor|move: Substitute
|move|p1a: Enamorus|Fly|p2a: Exeggutor|[from] lockedmove
|-supereffective|p2a: Exeggutor
|-end|p2a: Exeggutor|Substitute
|
|-item|p2a: Exeggutor|Starf Berry|[from] ability: Harvest
|upkeep
|turn|27
|
|t:|1769412703
|move|p2a: Exeggutor|Substitute|p2a: Exeggutor
|-start|p2a: Exeggutor|Substitute
|-damage|p2a: Exeggutor|50/100
|move|p1a: Enamorus|Play Rough|p2a: Exeggutor
|-end|p2a: Exeggutor|Substitute
|
|upkeep
|turn|28
|
|t:|1769412712
|move|p2a: Exeggutor|Substitute|p2a: Exeggutor
|-start|p2a: Exeggutor|Substitute
|-damage|p2a: Exeggutor|25/100
|-enditem|p2a: Exeggutor|Starf Berry|[eat]
|-boost|p2a: Exeggutor|spa|2|[from] item: Starf Berry
|move|p1a: Enamorus|Play Rough|p2a: Exeggutor
|-end|p2a: Exeggutor|Substitute
|
|-item|p2a: Exeggutor|Starf Berry|[from] ability: Harvest
|upkeep
|-enditem|p2a: Exeggutor|Starf Berry|[eat]
|-boost|p2a: Exeggutor|spe|2|[from] item: Starf Berry
|turn|29
|
|t:|1769412723
|move|p2a: Exeggutor|Synthesis|p2a: Exeggutor
|-heal|p2a: Exeggutor|75/100
|move|p1a: Enamorus|Play Rough|p2a: Exeggutor
|-damage|p2a: Exeggutor|0 fnt
|faint|p2a: Exeggutor
|
|upkeep
|
|t:|1769412728
|switch|p2a: Darkrai|Darkrai, shiny|100/100
|turn|30
|
|t:|1769412736
|move|p2a: Darkrai|Ice Beam|p1a: Enamorus
|-supereffective|p1a: Enamorus
|-damage|p1a: Enamorus|0 fnt
|faint|p1a: Enamorus
|
|upkeep
|
|t:|1769412743
|switch|p1a: Quaquaval|Quaquaval, F|84/100
|turn|31
|
|t:|1769412765
|move|p2a: Darkrai|Sludge Bomb|p1a: Quaquaval
|-damage|p1a: Quaquaval|48/100
|move|p1a: Quaquaval|Aqua Step|p2a: Darkrai
|-crit|p2a: Darkrai
|-damage|p2a: Darkrai|14/100
|-boost|p1a: Quaquaval|spe|1
|
|upkeep
|turn|32
|
|t:|1769412778
|move|p1a: Quaquaval|Aqua Step|p2a: Darkrai
|-damage|p2a: Darkrai|0 fnt
|-boost|p1a: Quaquaval|spe|1
|faint|p2a: Darkrai
|-ability|p1a: Quaquaval|Moxie|boost
|-boost|p1a: Quaquaval|atk|1
|
|upkeep
|
|t:|1769412782
|switch|p2a: Slither Wing|Slither Wing, shiny|100/100
|turn|33
|
|t:|1769412787
|-terastallize|p2a: Slither Wing|Bug
|move|p2a: Slither Wing|First Impression|p1a: Quaquaval
|-resisted|p1a: Quaquaval
|-damage|p1a: Quaquaval|19/100
|move|p1a: Quaquaval|Aqua Step|p2a: Slither Wing
|-damage|p2a: Slither Wing|46/100
|-boost|p1a: Quaquaval|spe|1
|
|upkeep
|turn|34
|c|☆spamlastresort|ggs
|
|t:|1769412797
|move|p1a: Quaquaval|Aqua Step|p2a: Slither Wing
|-damage|p2a: Slither Wing|0 fnt
|-boost|p1a: Quaquaval|spe|1
|faint|p2a: Slither Wing
|-end|p2a: Slither Wing|Protosynthesis|[silent]
|
|win|spamlastresort
|raw|spamlastresort's rating: 1153 &rarr; <strong>1181</strong><br />(+28 for winning)
|raw|Oliotus's rating: 1196 &rarr; <strong>1168</strong><br />(-28 for losing)
|l|☆Oliotus
|player|p2|
|l|☆spamlastresort
|player|p1|
