|j|☆genskialtacc29
|j|☆ASRAyeetASRA
|t:|1769321312
|gametype|singles
|player|p1|genskialtacc29|jogger|1104
|player|p2|ASRAyeetASRA|169|1152
|gen|9
|tier|[Gen 9] OU
|rated|
|rule|HP Percentage Mod: HP is shown in percentages
|rule|Endless Battle Clause: Forcing endless battles is banned
|rule|Species Clause: Limit one of each Pokémon
|rule|OHKO Clause: OHKO moves are banned
|rule|Evasion Items Clause: Evasion items are banned
|rule|Evasion Moves Clause: Evasion moves are banned
|rule|Evasion Abilities Clause: Evasion abilities are banned
|rule|Sleep Moves Clause: Sleep-inducing moves are banned
|clearpoke
|poke|p1|Scizor, F|
|poke|p1|Mandibuzz, F|
|poke|p1|Feraligatr, F|
|poke|p1|Skeledirge, M|
|poke|p1|Dragapult, M|
|poke|p1|Toxapex, F|
|poke|p2|Raging Bolt|
|poke|p2|Gholdengo|
|poke|p2|Glimmora, M|
|poke|p2|Ting-Lu|
|poke|p2|Ogerpon-Wellspring, F|
|poke|p2|Clefable, F|
|teampreview
|inactive|Battle timer is ON: inactive players will automatically lose when time's up. (requested by ASRAyeetASRA)
|
|t:|1769321340
|teamsize|p1|6
|teamsize|p2|6
|start
|switch|p1a: Scizor|Scizor, F|100/100
|switch|p2a: Raging Bolt|Raging Bolt|100/100
|turn|1
|
|t:|1769321349
|move|p2a: Raging Bolt|Volt Switch|p1a: Scizor
|-damage|p1a: Scizor|23/100
|
|t:|1769321363
|-end|p2a: Raging Bolt|Protosynthesis|[silent]
|switch|p2a: Glimmora|Glimmora, M, shiny|100/100|[from] Volt Switch
|move|p1a: Scizor|Knock Off|p2a: Glimmora
|-damage|p2a: Glimmora|44/100
|-activate|p2a: Glimmora|ability: Toxic Debris
|-sidestart|p1: genskialtacc29|move: Toxic Spikes
|-enditem|p2a: Glimmora|Focus Sash|[from] move: Knock Off|[of] p1a: Scizor
|-damage|p1a: Scizor|13/100|[from] item: Life Orb
|
|upkeep
|turn|2
|inactive|ASRAyeetASRA has 120 seconds left.
|
|t:|1769321393
|move|p1a: Scizor|Bullet Punch|p2a: Glimmora
|-supereffective|p2a: Glimmora
|-damage|p2a: Glimmora|0 fnt
|-activate|p2a: Glimmora|ability: Toxic Debris
|-sidestart|p1: genskialtacc29|move: Toxic Spikes
|faint|p2a: Glimmora
|-damage|p1a: Scizor|3/100|[from] item: Life Orb
|
|upkeep
|inactive|ASRAyeetASRA has 120 seconds left.
|
|t:|1769321420
|switch|p2a: Gholdengo|Gholdengo, shiny|100/100
|-item|p2a: Gholdengo|Air Balloon
|turn|3
|
|t:|1769321435
|move|p2a: Gholdengo|Nasty Plot|p2a: Gholdengo
|-boost|p2a: Gholdengo|spa|2
|move|p1a: Scizor|Knock Off|p2a: Gholdengo
|-supereffective|p2a: Gholdengo
|-damage|p2a: Gholdengo|7/100
|-enditem|p2a: Gholdengo|Air Balloon
|-damage|p1a: Scizor|0 fnt|[from] item: Life Orb
|faint|p1a: Scizor
|
|upkeep
|
|t:|1769321448
|switch|p1a: Toxapex|Toxapex, F|100/100
|-sideend|p1: genskialtacc29|move: Toxic Spikes|[of] p1a: Toxapex
|turn|4
|
|t:|1769321455
|move|p2a: Gholdengo|Shadow Ball|p1a: Toxapex
|-damage|p1a: Toxapex|35/100
|-unboost|p1a: Toxapex|spd|1
|move|p1a: Toxapex|Haze|p1a: Toxapex
|-clearallboost
|
|-heal|p1a: Toxapex|41/100|[from] item: Black Sludge
|upkeep
|turn|5
|
|t:|1769321468
|move|p2a: Gholdengo|Shadow Ball|p1a: Toxapex
|-damage|p1a: Toxapex|6/100
|move|p1a: Toxapex|Recover|p1a: Toxapex
|-heal|p1a: Toxapex|56/100
|
|-heal|p1a: Toxapex|62/100|[from] item: Black Sludge
|upkeep
|turn|6
|
|t:|1769321480
|move|p1a: Toxapex|Baneful Bunker|p1a: Toxapex
|-singleturn|p1a: Toxapex|move: Protect
|move|p2a: Gholdengo|Shadow Ball|p1a: Toxapex
|-activate|p1a: Toxapex|move: Protect
|
|-heal|p1a: Toxapex|68/100|[from] item: Black Sludge
|upkeep
|turn|7
|
|t:|1769321494
|switch|p1a: Mandibuzz|Mandibuzz, F|100/100
|move|p2a: Gholdengo|Shadow Ball|p1a: Mandibuzz
|-resisted|p1a: Mandibuzz
|-damage|p1a: Mandibuzz|82/100
|
|-heal|p1a: Mandibuzz|88/100|[from] item: Leftovers
|upkeep
|turn|8
|
|t:|1769321507
|move|p2a: Gholdengo|Focus Blast|p1a: Mandibuzz
|-damage|p1a: Mandibuzz|52/100
|move|p1a: Mandibuzz|Taunt|p2a: Gholdengo
|-immune|p2a: Gholdengo|[from] ability: Good as Gold
|
|-heal|p1a: Mandibuzz|58/100|[from] item: Leftovers
|upkeep
|turn|9
|
|t:|1769321523
|switch|p1a: Dragapult|Dragapult, M|100/100
|move|p2a: Gholdengo|Make It Rain|p1a: Dragapult
|-damage|p1a: Dragapult|14/100
|-unboost|p2a: Gholdengo|spa|1
|
|upkeep
|turn|10
|
|t:|1769321533
|move|p1a: Dragapult|U-turn|p2a: Gholdengo
|-resisted|p2a: Gholdengo
|-damage|p2a: Gholdengo|2/100
|
|t:|1769321540
|switch|p1a: Toxapex|Toxapex, F|100/100|[from] U-turn
|move|p2a: Gholdengo|Shadow Ball|p1a: Toxapex
|-damage|p1a: Toxapex|77/100
|
|-heal|p1a: Toxapex|83/100|[from] item: Black Sludge
|upkeep
|turn|11
|
|t:|1769321554
|move|p2a: Gholdengo|Shadow Ball|p1a: Toxapex
|-damage|p1a: Toxapex|59/100
|move|p1a: Toxapex|Recover|p1a: Toxapex
|-heal|p1a: Toxapex|100/100
|
|upkeep
|turn|12
|
|t:|1769321562
|switch|p1a: Feraligatr|Feraligatr, F|100/100
|move|p2a: Gholdengo|Shadow Ball|p1a: Feraligatr
|-damage|p1a: Feraligatr|64/100
|
|upkeep
|turn|13
|
|t:|1769321569
|move|p2a: Gholdengo|Shadow Ball|p1a: Feraligatr
|-damage|p1a: Feraligatr|30/100
|move|p1a: Feraligatr|Dragon Dance|p1a: Feraligatr
|-boost|p1a: Feraligatr|atk|1
|-boost|p1a: Feraligatr|spe|1
|
|upkeep
|turn|14
|
|t:|1769321578
|move|p1a: Feraligatr|Liquidation|p2a: Gholdengo
|-damage|p2a: Gholdengo|0 fnt
|faint|p2a: Gholdengo
|
|upkeep
|
|t:|1769321584
|switch|p2a: Clefable|Clefable, F, shiny|100/100
|turn|15
|
|t:|1769321589
|move|p1a: Feraligatr|Liquidation|p2a: Clefable
|-damage|p2a: Clefable|50/100
|move|p2a: Clefable|Moonblast|p1a: Feraligatr
|-damage|p1a: Feraligatr|0 fnt
|faint|p1a: Feraligatr
|
|-heal|p2a: Clefable|56/100|[from] item: Leftovers
|upkeep
|
|t:|1769321603
|switch|p1a: Mandibuzz|Mandibuzz, F|58/100
|turn|16
|
|t:|1769321610
|move|p2a: Clefable|Protect|p2a: Clefable
|-singleturn|p2a: Clefable|Protect
|move|p1a: Mandibuzz|Toxic|p2a: Clefable
|-activate|p2a: Clefable|move: Protect
|
|-heal|p1a: Mandibuzz|64/100|[from] item: Leftovers
|-heal|p2a: Clefable|62/100|[from] item: Leftovers
|upkeep
|turn|17
|
|t:|1769321621
|-terastallize|p2a: Clefable|Poison
|move|p1a: Mandibuzz|Roost|p1a: Mandibuzz
|-heal|p1a: Mandibuzz|100/100
|-singleturn|p1a: Mandibuzz|move: Roost
|move|p2a: Clefable|Moonblast|p1a: Mandibuzz
|-supereffective|p1a: Mandibuzz
|-damage|p1a: Mandibuzz|48/100
|
|-heal|p1a: Mandibuzz|54/100|[from] item: Leftovers
|-heal|p2a: Clefable|68/100|[from] item: Leftovers
|upkeep
|turn|18
|
|t:|1769321633
|switch|p1a: Skeledirge|Skeledirge, M|100/100
|move|p2a: Clefable|Moonblast|p1a: Skeledirge
|-resisted|p1a: Skeledirge
|-crit|p1a: Skeledirge
|-damage|p1a: Skeledirge|82/100
|
|-heal|p1a: Skeledirge|88/100|[from] item: Leftovers
|-heal|p2a: Clefable|74/100|[from] item: Leftovers
|upkeep
|turn|19
|
|t:|1769321651
|switch|p2a: Ting-Lu|Ting-Lu, shiny|100/100
|-ability|p2a: Ting-Lu|Vessel of Ruin
|move|p1a: Skeledirge|Will-O-Wisp|p2a: Ting-Lu
|-status|p2a: Ting-Lu|brn
|
|-heal|p1a: Skeledirge|94/100|[from] item: Leftovers
|-damage|p2a: Ting-Lu|94/100 brn|[from] brn
|upkeep
|turn|20
|inactive|genskialtacc29 has 120 seconds left.
|
|t:|1769321685
|switch|p1a: Mandibuzz|Mandibuzz, F|54/100
|move|p2a: Ting-Lu|Spikes|p1a: Mandibuzz
|-sidestart|p1: genskialtacc29|Spikes
|
|-heal|p1a: Mandibuzz|60/100|[from] item: Leftovers
|-heal|p2a: Ting-Lu|100/100 brn|[from] item: Leftovers
|-damage|p2a: Ting-Lu|94/100 brn|[from] brn
|upkeep
|turn|21
|
|t:|1769321695
|move|p1a: Mandibuzz|Taunt|p2a: Ting-Lu
|-start|p2a: Ting-Lu|move: Taunt
|move|p2a: Ting-Lu|Ruination|p1a: Mandibuzz
|-damage|p1a: Mandibuzz|30/100
|
|-heal|p1a: Mandibuzz|36/100|[from] item: Leftovers
|-heal|p2a: Ting-Lu|100/100 brn|[from] item: Leftovers
|-damage|p2a: Ting-Lu|94/100 brn|[from] brn
|upkeep
|turn|22
|
|t:|1769321709
|move|p1a: Mandibuzz|Defog|p2a: Ting-Lu
|-unboost|p2a: Ting-Lu|evasion|1
|-sideend|p1: genskialtacc29|Spikes|[from] move: Defog|[of] p1a: Mandibuzz
|move|p2a: Ting-Lu|Ruination|p1a: Mandibuzz
|-damage|p1a: Mandibuzz|18/100
|
|-heal|p1a: Mandibuzz|25/100|[from] item: Leftovers
|-heal|p2a: Ting-Lu|100/100 brn|[from] item: Leftovers
|-damage|p2a: Ting-Lu|94/100 brn|[from] brn
|upkeep
|turn|23
|
|t:|1769321720
|move|p1a: Mandibuzz|Defog|p2a: Ting-Lu
|-unboost|p2a: Ting-Lu|evasion|1
|move|p2a: Ting-Lu|Ruination|p1a: Mandibuzz
|-damage|p1a: Mandibuzz|13/100
|
|-heal|p1a: Mandibuzz|19/100|[from] item: Leftovers
|-heal|p2a: Ting-Lu|100/100 brn|[from] item: Leftovers
|-damage|p2a: Ting-Lu|94/100 brn|[from] brn
|-end|p2a: Ting-Lu|move: Taunt
|upkeep
|turn|24
|
|t:|1769321732
|switch|p2a: Clefable|Clefable, F, shiny, tera:Poison|74/100
|move|p1a: Mandibuzz|Roost|p1a: Mandibuzz
|-heal|p1a: Mandibuzz|69/100
|-singleturn|p1a: Mandibuzz|move: Roost
|
|-heal|p1a: Mandibuzz|75/100|[from] item: Leftovers
|-heal|p2a: Clefable|80/100|[from] item: Leftovers
|upkeep
|turn|25
|
|t:|1769321747
|switch|p1a: Skeledirge|Skeledirge, M|94/100
|move|p2a: Clefable|Moonblast|p1a: Skeledirge
|-resisted|p1a: Skeledirge
|-damage|p1a: Skeledirge|83/100
|-unboost|p1a: Skeledirge|spa|1
|
|-heal|p1a: Skeledirge|89/100|[from] item: Leftovers
|-heal|p2a: Clefable|87/100|[from] item: Leftovers
|upkeep
|turn|26
|
|t:|1769321758
|switch|p2a: Ting-Lu|Ting-Lu, shiny|94/100 brn
|-ability|p2a: Ting-Lu|Vessel of Ruin
|move|p1a: Skeledirge|Torch Song|p2a: Ting-Lu
|-damage|p2a: Ting-Lu|86/100 brn
|-boost|p1a: Skeledirge|spa|1
|
|-heal|p1a: Skeledirge|95/100|[from] item: Leftovers
|-heal|p2a: Ting-Lu|92/100 brn|[from] item: Leftovers
|-damage|p2a: Ting-Lu|86/100 brn|[from] brn
|upkeep
|turn|27
|
|t:|1769321771
|switch|p1a: Mandibuzz|Mandibuzz, F|75/100
|move|p2a: Ting-Lu|Ruination|p1a: Mandibuzz
|-damage|p1a: Mandibuzz|38/100
|
|-heal|p1a: Mandibuzz|44/100|[from] item: Leftovers
|-heal|p2a: Ting-Lu|92/100 brn|[from] item: Leftovers
|-damage|p2a: Ting-Lu|86/100 brn|[from] brn
|upkeep
|turn|28
|
|t:|1769321782
|switch|p2a: Raging Bolt|Raging Bolt|100/100
|move|p1a: Mandibuzz|Roost|p1a: Mandibuzz
|-heal|p1a: Mandibuzz|94/100
|-singleturn|p1a: Mandibuzz|move: Roost
|
|-heal|p1a: Mandibuzz|99/100|[from] item: Leftovers
|upkeep
|turn|29
|
|t:|1769321794
|move|p1a: Mandibuzz|Toxic|p2a: Raging Bolt
|-status|p2a: Raging Bolt|tox
|move|p2a: Raging Bolt|Volt Switch|p1a: Mandibuzz
|-supereffective|p1a: Mandibuzz
|-damage|p1a: Mandibuzz|0 fnt
|faint|p1a: Mandibuzz
|
|t:|1769321803
|-end|p2a: Raging Bolt|Protosynthesis|[silent]
|switch|p2a: Ogerpon|Ogerpon-Wellspring, F|100/100|[from] Volt Switch
|
|upkeep
|
|t:|1769321809
|switch|p1a: Dragapult|Dragapult, M|14/100
|turn|30
|
|t:|1769321821
|switch|p2a: Clefable|Clefable, F, shiny, tera:Poison|87/100
|move|p1a: Dragapult|Dragon Darts|p2a: Clefable
|-damage|p2a: Clefable|74/100
|-anim|p1a: Dragapult|Dragon Darts|p2a: Clefable
|-damage|p2a: Clefable|60/100
|
|-heal|p2a: Clefable|66/100|[from] item: Leftovers
|upkeep
|turn|31
|
|t:|1769321836
|move|p1a: Dragapult|Sucker Punch||[still]
|-fail|p1a: Dragapult
|move|p2a: Clefable|Wish|p2a: Clefable
|
|-heal|p2a: Clefable|72/100|[from] item: Leftovers
|upkeep
|turn|32
|-message|genskialtacc29 forfeited.
|
|win|ASRAyeetASRA
|raw|genskialtacc29's rating: 1104 &rarr; <strong>1082</strong><br />(-22 for losing)
|raw|ASRAyeetASRA's rating: 1152 &rarr; <strong>1174</strong><br />(+22 for winning)
|l|☆genskialtacc29
|player|p1|
|l|☆ASRAyeetASRA
|player|p2|
