|j|☆Johnny tots
|j|☆Eel56
|t:|1769391531
|gametype|singles
|player|p1|Johnny tots|169|1860
|player|p2|Eel56|102|1810
|gen|9
|tier|[Gen 9] OU
|rated|
|rule|HP Percentage Mod: HP is shown in percentages
|rule|Endless Battle Clause: Forcing endless battles is banned
|rule|Species Clause: Limit one of each Pokémon
|rule|OHKO Clause: OHKO moves are banned
|rule|Evasion Items Clause: Evasion items are banned
|rule|Evasion Moves Clause: Evasion moves are banned
|rule|Evasion Abilities Clause: Evasion abilities are banned
|rule|Sleep Moves Clause: Sleep-inducing moves are banned
|clearpoke
|poke|p1|Rillaboom, M|
|poke|p1|Klefki, F|
|poke|p1|Manaphy|
|poke|p1|Ogerpon-Wellspring, F|
|poke|p1|Pecharunt|
|poke|p1|Clefable, M|
|poke|p2|Great Tusk|
|poke|p2|Pecharunt|
|poke|p2|Iron Valiant|
|poke|p2|Iron Crown|
|poke|p2|Samurott-Hisui, M|
|poke|p2|Dragonite, M|
|teampreview
|l|☆Johnny tots
|player|p1|
|j|☆Johnny tots
|player|p1|Johnny tots|169|
|
|t:|1769391565
|teamsize|p1|6
|teamsize|p2|6
|start
|switch|p1a: Klefki|Klefki, F|100/100
|switch|p2a: Iron Crown|Iron Crown|100/100
|turn|1
|
|t:|1769391569
|-end|p2a: Iron Crown|Quark Drive|[silent]
|switch|p2a: Great Tusk|Great Tusk, shiny|100/100
|move|p1a: Klefki|Light Screen|p1a: Klefki
|-sidestart|p1: Johnny tots|move: Light Screen
|
|upkeep
|turn|2
|
|t:|1769391574
|move|p1a: Klefki|Reflect|p1a: Klefki
|-sidestart|p1: Johnny tots|Reflect
|move|p2a: Great Tusk|Stealth Rock|p1a: Klefki
|-sidestart|p1: Johnny tots|move: Stealth Rock
|
|upkeep
|turn|3
|
|t:|1769391584
|move|p1a: Klefki|Spikes|p2a: Great Tusk
|-sidestart|p2: Eel56|Spikes
|move|p2a: Great Tusk|Headlong Rush|p1a: Klefki
|-supereffective|p1a: Klefki
|-damage|p1a: Klefki|52/100
|-unboost|p2a: Great Tusk|def|1
|-unboost|p2a: Great Tusk|spd|1
|
|upkeep
|turn|4
|
|t:|1769391593
|switch|p1a: Rillaboom|Rillaboom, M|100/100
|-damage|p1a: Rillaboom|88/100|[from] Stealth Rock
|-fieldstart|move: Grassy Terrain|[from] ability: Grassy Surge|[of] p1a: Rillaboom
|move|p2a: Great Tusk|Headlong Rush|p1a: Rillaboom
|-resisted|p1a: Rillaboom
|-damage|p1a: Rillaboom|71/100
|-unboost|p2a: Great Tusk|def|1
|-unboost|p2a: Great Tusk|spd|1
|
|-heal|p1a: Rillaboom|77/100|[from] Grassy Terrain
|upkeep
|turn|5
|
|t:|1769391600
|-end|p2a: Great Tusk|Protosynthesis|[silent]
|switch|p2a: Pecharunt|Pecharunt|100/100
|-damage|p2a: Pecharunt|88/100|[from] Spikes
|move|p1a: Rillaboom|Knock Off|p2a: Pecharunt
|-supereffective|p2a: Pecharunt
|-damage|p2a: Pecharunt|53/100
|-damage|p1a: Rillaboom|61/100|[from] item: Rocky Helmet|[of] p2a: Pecharunt
|-enditem|p2a: Pecharunt|Rocky Helmet|[from] move: Knock Off|[of] p1a: Rillaboom
|
|-heal|p1a: Rillaboom|67/100|[from] Grassy Terrain
|-heal|p2a: Pecharunt|59/100|[from] Grassy Terrain
|upkeep
|turn|6
|j| ntn4life
|inactive|Battle timer is ON: inactive players will automatically lose when time's up. (requested by Johnny tots)
|j| Dhoom Again
|
|t:|1769391642
|switch|p1a: Manaphy|Manaphy|100/100
|-damage|p1a: Manaphy|88/100|[from] Stealth Rock
|move|p2a: Pecharunt|Recover|p2a: Pecharunt
|-heal|p2a: Pecharunt|100/100
|
|-heal|p1a: Manaphy|94/100|[from] Grassy Terrain
|-heal|p1a: Manaphy|100/100|[from] item: Leftovers
|upkeep
|turn|7
|inactive|Johnny tots has 120 seconds left.
|
|t:|1769391680
|move|p1a: Manaphy|Scald|p2a: Pecharunt
|-damage|p2a: Pecharunt|59/100
|move|p2a: Pecharunt|Malignant Chain|p1a: Manaphy
|-damage|p1a: Manaphy|86/100
|
|-heal|p1a: Manaphy|92/100|[from] Grassy Terrain
|-heal|p1a: Manaphy|98/100|[from] item: Leftovers
|-heal|p2a: Pecharunt|65/100|[from] Grassy Terrain
|upkeep
|turn|8
|
|t:|1769391692
|move|p1a: Manaphy|Take Heart|p1a: Manaphy
|-boost|p1a: Manaphy|spa|1
|-boost|p1a: Manaphy|spd|1
|move|p2a: Pecharunt|Recover|p2a: Pecharunt
|-heal|p2a: Pecharunt|100/100
|
|-heal|p1a: Manaphy|100/100|[from] Grassy Terrain
|-sideend|p1: Johnny tots|move: Light Screen
|upkeep
|turn|9
|
|t:|1769391696
|move|p1a: Manaphy|Scald|p2a: Pecharunt
|-damage|p2a: Pecharunt|47/100
|move|p2a: Pecharunt|Parting Shot|p1a: Manaphy
|-unboost|p1a: Manaphy|atk|1
|-unboost|p1a: Manaphy|spa|1
|
|t:|1769391703
|switch|p2a: Iron Crown|Iron Crown|100/100|[from] Parting Shot
|-damage|p2a: Iron Crown|88/100|[from] Spikes
|
|-heal|p2a: Iron Crown|94/100|[from] Grassy Terrain
|-sideend|p1: Johnny tots|Reflect
|upkeep
|turn|10
|
|t:|1769391707
|move|p2a: Iron Crown|Psychic Noise|p1a: Manaphy
|-damage|p1a: Manaphy|78/100
|-start|p1a: Manaphy|move: Heal Block
|move|p1a: Manaphy|Scald|p2a: Iron Crown
|-crit|p2a: Iron Crown
|-damage|p2a: Iron Crown|57/100
|
|-heal|p2a: Iron Crown|63/100|[from] Grassy Terrain
|upkeep
|turn|11
|
|t:|1769391721
|move|p2a: Iron Crown|Future Sight|p1a: Manaphy
|-start|p2a: Iron Crown|move: Future Sight
|move|p1a: Manaphy|Scald|p2a: Iron Crown
|-crit|p2a: Iron Crown
|-damage|p2a: Iron Crown|27/100
|-status|p2a: Iron Crown|brn
|
|-heal|p2a: Iron Crown|33/100 brn|[from] Grassy Terrain
|-damage|p2a: Iron Crown|27/100 brn|[from] brn
|-end|p1a: Manaphy|move: Heal Block
|-fieldend|move: Grassy Terrain
|upkeep
|turn|12
|
|t:|1769391728
|switch|p1a: Rillaboom|Rillaboom, M|67/100
|-damage|p1a: Rillaboom|55/100|[from] Stealth Rock
|-fieldstart|move: Grassy Terrain|[from] ability: Grassy Surge|[of] p1a: Rillaboom
|move|p2a: Iron Crown|Psychic Noise|p1a: Rillaboom
|-damage|p1a: Rillaboom|12/100
|-start|p1a: Rillaboom|move: Heal Block
|
|-heal|p2a: Iron Crown|33/100 brn|[from] Grassy Terrain
|-damage|p2a: Iron Crown|27/100 brn|[from] brn
|upkeep
|turn|13
|
|t:|1769391744
|move|p1a: Rillaboom|Grassy Glide|p2a: Iron Crown
|-resisted|p2a: Iron Crown
|-damage|p2a: Iron Crown|5/100 brn
|move|p2a: Iron Crown|Psychic Noise|p1a: Rillaboom
|-damage|p1a: Rillaboom|0 fnt
|faint|p1a: Rillaboom
|
|-hint|Future Sight did not hit because the target is fainted.
|-heal|p2a: Iron Crown|11/100 brn|[from] Grassy Terrain
|-damage|p2a: Iron Crown|5/100 brn|[from] brn
|upkeep
|
|t:|1769391754
|switch|p1a: Ogerpon|Ogerpon-Wellspring, F|100/100
|-damage|p1a: Ogerpon|88/100|[from] Stealth Rock
|turn|14
|
|t:|1769391759
|move|p1a: Ogerpon|Ivy Cudgel|p2a: Iron Crown|[anim] Ivy Cudgel Water
|-damage|p2a: Iron Crown|0 fnt
|faint|p2a: Iron Crown
|-end|p2a: Iron Crown|Quark Drive|[silent]
|
|-heal|p1a: Ogerpon|94/100|[from] Grassy Terrain
|upkeep
|
|t:|1769391767
|switch|p2a: Pecharunt|Pecharunt|47/100
|-damage|p2a: Pecharunt|35/100|[from] Spikes
|turn|15
|j| blueneighborhood
|
|t:|1769391793
|move|p1a: Ogerpon|Ivy Cudgel|p2a: Pecharunt|[anim] Ivy Cudgel Water
|-damage|p2a: Pecharunt|9/100
|move|p2a: Pecharunt|Recover|p2a: Pecharunt
|-heal|p2a: Pecharunt|60/100
|
|-heal|p1a: Ogerpon|99/100|[from] Grassy Terrain
|-heal|p2a: Pecharunt|66/100|[from] Grassy Terrain
|upkeep
|turn|16
|
|t:|1769391804
|switch|p1a: Klefki|Klefki, F|52/100
|-damage|p1a: Klefki|46/100|[from] Stealth Rock
|move|p2a: Pecharunt|Shadow Ball|p1a: Klefki
|-damage|p1a: Klefki|17/100
|
|-heal|p2a: Pecharunt|72/100|[from] Grassy Terrain
|-heal|p1a: Klefki|23/100|[from] Grassy Terrain
|upkeep
|turn|17
|
|t:|1769391820
|move|p1a: Klefki|Light Screen|p1a: Klefki
|-sidestart|p1: Johnny tots|move: Light Screen
|move|p2a: Pecharunt|Shadow Ball|p1a: Klefki
|-damage|p1a: Klefki|9/100
|
|-heal|p2a: Pecharunt|78/100|[from] Grassy Terrain
|-heal|p1a: Klefki|15/100|[from] Grassy Terrain
|upkeep
|turn|18
|
|t:|1769391827
|move|p1a: Klefki|Thunder Wave|p2a: Pecharunt
|-status|p2a: Pecharunt|par
|move|p2a: Pecharunt|Shadow Ball|p1a: Klefki
|-damage|p1a: Klefki|0 fnt
|faint|p1a: Klefki
|
|-heal|p2a: Pecharunt|84/100 par|[from] Grassy Terrain
|upkeep
|
|t:|1769391833
|switch|p1a: Pecharunt|Pecharunt|100/100
|-damage|p1a: Pecharunt|88/100|[from] Stealth Rock
|turn|19
|
|t:|1769391859
|move|p1a: Pecharunt|Nasty Plot|p1a: Pecharunt
|-boost|p1a: Pecharunt|spa|2
|move|p2a: Pecharunt|Parting Shot|p1a: Pecharunt
|-unboost|p1a: Pecharunt|atk|1
|-unboost|p1a: Pecharunt|spa|1
|inactive|Eel56 has 120 seconds left.
|
|t:|1769391885
|switch|p2a: Great Tusk|Great Tusk, shiny|100/100|[from] Parting Shot
|
|-heal|p1a: Pecharunt|94/100|[from] Grassy Terrain
|-heal|p1a: Pecharunt|99/100|[from] item: Leftovers
|-fieldend|move: Grassy Terrain
|upkeep
|turn|20
|
|t:|1769391890
|-terastallize|p1a: Pecharunt|Water
|move|p2a: Great Tusk|Headlong Rush|p1a: Pecharunt
|-damage|p1a: Pecharunt|65/100
|-unboost|p2a: Great Tusk|def|1
|-unboost|p2a: Great Tusk|spd|1
|move|p1a: Pecharunt|Tera Blast|p2a: Great Tusk|[anim] Tera Blast Water
|-supereffective|p2a: Great Tusk
|-damage|p2a: Great Tusk|0 fnt
|faint|p2a: Great Tusk
|-end|p2a: Great Tusk|Protosynthesis|[silent]
|
|-heal|p1a: Pecharunt|72/100|[from] item: Leftovers
|upkeep
|
|t:|1769391908
|switch|p2a: Samurott|Samurott-Hisui, M, shiny|100/100
|-damage|p2a: Samurott|88/100|[from] Spikes
|turn|21
|
|t:|1769391917
|move|p2a: Samurott|Ceaseless Edge|p1a: Pecharunt
|-damage|p1a: Pecharunt|38/100
|-sidestart|p1: Johnny tots|Spikes
|move|p1a: Pecharunt|Malignant Chain|p2a: Samurott
|-damage|p2a: Samurott|0 fnt
|faint|p2a: Samurott
|
|-heal|p1a: Pecharunt|44/100|[from] item: Leftovers
|upkeep
|
|t:|1769391925
|switch|p2a: Iron Valiant|Iron Valiant, shiny|100/100
|-damage|p2a: Iron Valiant|88/100|[from] Spikes
|turn|22
|
|t:|1769391928
|move|p2a: Iron Valiant|Thunderbolt|p1a: Pecharunt
|-supereffective|p1a: Pecharunt
|-damage|p1a: Pecharunt|0 fnt
|faint|p1a: Pecharunt
|
|upkeep
|
|t:|1769391933
|switch|p1a: Clefable|Clefable, M|100/100
|turn|23
|
|t:|1769391937
|-end|p2a: Iron Valiant|Quark Drive|[silent]
|switch|p2a: Pecharunt|Pecharunt|84/100 par
|-damage|p2a: Pecharunt|71/100 par|[from] Spikes
|move|p1a: Clefable|Calm Mind|p1a: Clefable
|-boost|p1a: Clefable|spa|1
|-boost|p1a: Clefable|spd|1
|
|upkeep
|turn|24
|
|t:|1769391945
|move|p1a: Clefable|Psyshock|p2a: Pecharunt
|-supereffective|p2a: Pecharunt
|-damage|p2a: Pecharunt|38/100 par
|cant|p2a: Pecharunt|par
|
|-sideend|p1: Johnny tots|move: Light Screen
|upkeep
|turn|25
|
|t:|1769391954
|move|p1a: Clefable|Calm Mind|p1a: Clefable
|-boost|p1a: Clefable|spa|1
|-boost|p1a: Clefable|spd|1
|move|p2a: Pecharunt|Recover|p2a: Pecharunt
|-heal|p2a: Pecharunt|88/100 par
|
|upkeep
|turn|26
|
|t:|1769391957
|move|p1a: Clefable|Moonblast|p2a: Pecharunt
|-resisted|p2a: Pecharunt
|-damage|p2a: Pecharunt|47/100 par
|move|p2a: Pecharunt|Parting Shot|p1a: Clefable
|-unboost|p1a: Clefable|atk|1
|-unboost|p1a: Clefable|spa|1
|
|t:|1769391960
|switch|p2a: Dragonite|Dragonite, M, shiny|100/100|[from] Parting Shot
|
|upkeep
|turn|27
|
|t:|1769391989
|-terastallize|p2a: Dragonite|Flying
|move|p2a: Dragonite|Tera Blast|p1a: Clefable|[anim] Tera Blast Flying
|-damage|p1a: Clefable|42/100
|move|p1a: Clefable|Moonblast|p2a: Dragonite
|-damage|p2a: Dragonite|67/100
|-unboost|p2a: Dragonite|spa|1
|
|-heal|p1a: Clefable|48/100|[from] item: Leftovers
|upkeep
|turn|28
|
|t:|1769391998
|move|p2a: Dragonite|Tera Blast|p1a: Clefable|[anim] Tera Blast Flying
|-damage|p1a: Clefable|0 fnt
|faint|p1a: Clefable
|
|upkeep
|
|t:|1769392000
|switch|p1a: Ogerpon|Ogerpon-Wellspring, F|99/100
|-damage|p1a: Ogerpon|88/100|[from] Stealth Rock
|-damage|p1a: Ogerpon|76/100|[from] Spikes
|turn|29
|
|t:|1769392016
|move|p1a: Ogerpon|Ivy Cudgel|p2a: Dragonite|[anim] Ivy Cudgel Water
|-damage|p2a: Dragonite|5/100
|move|p2a: Dragonite|Tera Blast|p1a: Ogerpon|[anim] Tera Blast Flying
|-supereffective|p1a: Ogerpon
|-damage|p1a: Ogerpon|0 fnt
|faint|p1a: Ogerpon
|
|upkeep
|-message|Johnny tots forfeited.
|
|win|Eel56
|raw|Johnny tots's rating: 1860 &rarr; <strong>1837</strong><br />(-23 for losing)
|raw|Eel56's rating: 1810 &rarr; <strong>1833</strong><br />(+23 for winning)
|l|☆Johnny tots
|player|p1|
|l|☆Eel56
|player|p2|
|l| ntn4life
|l| blueneighborhood
|l| Dhoom Again
