|j|☆Tankman123
|j|☆derpsaur
|t:|1769407932
|gametype|singles
|player|p1|Tankman123|170|1412
|player|p2|derpsaur|102|1457
|gen|9
|tier|[Gen 9] OU
|rated|
|rule|HP Percentage Mod: HP is shown in percentages
|rule|Endless Battle Clause: Forcing endless battles is banned
|rule|Species Clause: Limit one of each Pokémon
|rule|OHKO Clause: OHKO moves are banned
|rule|Evasion Items Clause: Evasion items are banned
|rule|Evasion Moves Clause: Evasion moves are banned
|rule|Evasion Abilities Clause: Evasion abilities are banned
|rule|Sleep Moves Clause: Sleep-inducing moves are banned
|clearpoke
|poke|p1|Hydrapple, M|
|poke|p1|Tyranitar, F|
|poke|p1|Moltres|
|poke|p1|Zamazenta-*|
|poke|p1|Slowking-Galar, F|
|poke|p1|Excadrill, F|
|poke|p2|Heatran, F|
|poke|p2|Weezing-Galar, F|
|poke|p2|Landorus-Therian, M|
|poke|p2|Ogerpon-Wellspring, F|
|poke|p2|Slither Wing|
|poke|p2|Dragonite, M|
|teampreview
|inactive|Battle timer is ON: inactive players will automatically lose when time's up. (requested by derpsaur)
|
|t:|1769407943
|teamsize|p1|6
|teamsize|p2|6
|start
|switch|p1a: Tyranitar|Tyranitar, F|100/100
|switch|p2a: Ogerpon|Ogerpon-Wellspring, F|100/100
|-weather|Sandstorm|[from] ability: Sand Stream|[of] p1a: Tyranitar
|turn|1
|
|t:|1769407949
|switch|p1a: Hydrapple|Hydrapple, M|100/100
|move|p2a: Ogerpon|Knock Off|p1a: Hydrapple
|-damage|p1a: Hydrapple|78/100
|-enditem|p1a: Hydrapple|Heavy-Duty Boots|[from] move: Knock Off|[of] p2a: Ogerpon
|
|-weather|Sandstorm|[upkeep]
|-damage|p2a: Ogerpon|95/100|[from] Sandstorm
|-damage|p1a: Hydrapple|72/100|[from] Sandstorm
|upkeep
|turn|2
|
|t:|1769407964
|move|p2a: Ogerpon|Spikes|p1a: Hydrapple
|-sidestart|p1: Tankman123|Spikes
|move|p1a: Hydrapple|Fickle Beam|p2a: Ogerpon
|-damage|p2a: Ogerpon|53/100
|
|-weather|Sandstorm|[upkeep]
|-damage|p2a: Ogerpon|47/100|[from] Sandstorm
|-damage|p1a: Hydrapple|66/100|[from] Sandstorm
|upkeep
|turn|3
|
|t:|1769407978
|switch|p2a: Slither Wing|Slither Wing|100/100
|move|p1a: Hydrapple|Nasty Plot|p1a: Hydrapple
|-boost|p1a: Hydrapple|spa|2
|
|-weather|Sandstorm|[upkeep]
|-damage|p2a: Slither Wing|94/100|[from] Sandstorm
|-damage|p1a: Hydrapple|60/100|[from] Sandstorm
|upkeep
|turn|4
|
|t:|1769407984
|switch|p1a: Moltres|Moltres|100/100
|move|p2a: Slither Wing|U-turn|p1a: Moltres
|-resisted|p1a: Moltres
|-damage|p1a: Moltres|95/100
|
|t:|1769407988
|-end|p2a: Slither Wing|Protosynthesis|[silent]
|switch|p2a: Landorus|Landorus-Therian, M|100/100|[from] U-turn
|-ability|p2a: Landorus|Intimidate|boost
|-unboost|p1a: Moltres|atk|1
|
|-weather|Sandstorm|[upkeep]
|-damage|p1a: Moltres|89/100|[from] Sandstorm
|upkeep
|turn|5
|
|t:|1769407999
|switch|p1a: Excadrill|Excadrill, F|100/100
|-item|p1a: Excadrill|Air Balloon
|move|p2a: Landorus|Stone Edge|p1a: Excadrill
|-resisted|p1a: Excadrill
|-crit|p1a: Excadrill
|-damage|p1a: Excadrill|85/100
|-enditem|p1a: Excadrill|Air Balloon
|
|-weather|Sandstorm|[upkeep]
|upkeep
|turn|6
|
|t:|1769408008
|switch|p2a: Slither Wing|Slither Wing|94/100
|move|p1a: Excadrill|Rapid Spin|p2a: Slither Wing
|-damage|p2a: Slither Wing|80/100
|-boost|p1a: Excadrill|spe|1
|-sideend|p1: Tankman123|Spikes|[from] move: Rapid Spin|[of] p1a: Excadrill
|
|-weather|Sandstorm|[upkeep]
|-damage|p2a: Slither Wing|74/100|[from] Sandstorm
|upkeep
|turn|7
|
|t:|1769408018
|switch|p1a: Moltres|Moltres|89/100
|move|p2a: Slither Wing|Will-O-Wisp|p1a: Moltres
|-immune|p1a: Moltres
|
|-weather|Sandstorm|[upkeep]
|-damage|p1a: Moltres|83/100|[from] Sandstorm
|-damage|p2a: Slither Wing|68/100|[from] Sandstorm
|upkeep
|turn|8
|
|t:|1769408028
|-end|p2a: Slither Wing|Protosynthesis|[silent]
|switch|p2a: Heatran|Heatran, F|100/100
|move|p1a: Moltres|U-turn|p2a: Heatran
|-resisted|p2a: Heatran
|-damage|p2a: Heatran|97/100
|inactive|Tankman123 has 120 seconds left.
|
|t:|1769408080
|switch|p1a: Excadrill|Excadrill, F|85/100|[from] U-turn
|
|-weather|none
|-heal|p2a: Heatran|100/100|[from] item: Leftovers
|upkeep
|turn|9
|
|t:|1769408093
|switch|p2a: Landorus|Landorus-Therian, M|100/100
|-ability|p2a: Landorus|Intimidate|boost
|-unboost|p1a: Excadrill|atk|1
|move|p1a: Excadrill|Swords Dance|p1a: Excadrill
|-boost|p1a: Excadrill|atk|2
|
|upkeep
|turn|10
|
|t:|1769408102
|switch|p1a: Hydrapple|Hydrapple, M|93/100
|move|p2a: Landorus|Earthquake|p1a: Hydrapple
|-resisted|p1a: Hydrapple
|-damage|p1a: Hydrapple|79/100
|
|upkeep
|turn|11
|
|t:|1769408105
|move|p2a: Landorus|Stealth Rock|p1a: Hydrapple
|-sidestart|p1: Tankman123|move: Stealth Rock
|move|p1a: Hydrapple|Nasty Plot|p1a: Hydrapple
|-boost|p1a: Hydrapple|spa|2
|
|upkeep
|turn|12
|
|t:|1769408115
|switch|p2a: Dragonite|Dragonite, M|100/100
|move|p1a: Hydrapple|Fickle Beam|p2a: Dragonite
|-supereffective|p2a: Dragonite
|-damage|p2a: Dragonite|21/100
|
|upkeep
|turn|13
|
|t:|1769408128
|switch|p1a: Zamazenta|Zamazenta|100/100
|-damage|p1a: Zamazenta|94/100|[from] Stealth Rock
|-ability|p1a: Zamazenta|Dauntless Shield|boost
|-boost|p1a: Zamazenta|def|1
|move|p2a: Dragonite|Ice Spinner|p1a: Zamazenta
|-damage|p1a: Zamazenta|79/100
|
|-heal|p1a: Zamazenta|85/100|[from] item: Leftovers
|upkeep
|turn|14
|
|t:|1769408134
|switch|p2a: Slither Wing|Slither Wing|68/100
|move|p1a: Zamazenta|Body Press|p2a: Slither Wing
|-resisted|p2a: Slither Wing
|-crit|p2a: Slither Wing
|-damage|p2a: Slither Wing|37/100
|
|-heal|p1a: Zamazenta|92/100|[from] item: Leftovers
|upkeep
|turn|15
|
|t:|1769408139
|switch|p1a: Moltres|Moltres|83/100
|move|p2a: Slither Wing|Morning Sun|p2a: Slither Wing
|-heal|p2a: Slither Wing|87/100
|
|upkeep
|turn|16
|
|t:|1769408142
|move|p1a: Moltres|U-turn|p2a: Slither Wing
|-resisted|p2a: Slither Wing
|-damage|p2a: Slither Wing|81/100
|
|t:|1769408146
|switch|p1a: Slowking|Slowking-Galar, F|100/100|[from] U-turn
|-damage|p1a: Slowking|88/100|[from] Stealth Rock
|move|p2a: Slither Wing|U-turn|p1a: Slowking
|-damage|p1a: Slowking|64/100
|
|t:|1769408159
|-end|p2a: Slither Wing|Protosynthesis|[silent]
|switch|p2a: Heatran|Heatran, F|100/100|[from] U-turn
|
|upkeep
|turn|17
|
|t:|1769408169
|switch|p1a: Tyranitar|Tyranitar, F|100/100
|-damage|p1a: Tyranitar|88/100|[from] Stealth Rock
|-weather|Sandstorm|[from] ability: Sand Stream|[of] p1a: Tyranitar
|move|p2a: Heatran|Magma Storm|p1a: Tyranitar
|-resisted|p1a: Tyranitar
|-crit|p1a: Tyranitar
|-damage|p1a: Tyranitar|75/100
|-activate|p1a: Tyranitar|move: Magma Storm|[of] p2a: Heatran
|
|-weather|Sandstorm|[upkeep]
|-damage|p1a: Tyranitar|63/100|[from] move: Magma Storm|[partiallytrapped]
|upkeep
|turn|18
|
|t:|1769408187
|switch|p2a: Slither Wing|Slither Wing|81/100
|move|p1a: Tyranitar|Thunder Wave|p2a: Slither Wing
|-status|p2a: Slither Wing|par
|
|-weather|Sandstorm|[upkeep]
|-damage|p2a: Slither Wing|75/100 par|[from] Sandstorm
|-end|p1a: Tyranitar|Magma Storm|[partiallytrapped]|[silent]
|upkeep
|turn|19
|
|t:|1769408196
|switch|p1a: Moltres|Moltres|83/100
|move|p2a: Slither Wing|U-turn|p1a: Moltres
|-resisted|p1a: Moltres
|-damage|p1a: Moltres|78/100
|
|t:|1769408199
|-end|p2a: Slither Wing|Protosynthesis|[silent]
|switch|p2a: Heatran|Heatran, F|100/100|[from] U-turn
|
|-weather|Sandstorm|[upkeep]
|-damage|p1a: Moltres|72/100|[from] Sandstorm
|upkeep
|turn|20
|
|t:|1769408207
|move|p1a: Moltres|U-turn|p2a: Heatran
|-resisted|p2a: Heatran
|-damage|p2a: Heatran|98/100
|
|t:|1769408216
|switch|p1a: Zamazenta|Zamazenta|92/100|[from] U-turn
|-damage|p1a: Zamazenta|85/100|[from] Stealth Rock
|move|p2a: Heatran|Magma Storm|p1a: Zamazenta
|-damage|p1a: Zamazenta|48/100
|-activate|p1a: Zamazenta|move: Magma Storm|[of] p2a: Heatran
|
|-weather|Sandstorm|[upkeep]
|-damage|p1a: Zamazenta|41/100|[from] Sandstorm
|-heal|p1a: Zamazenta|48/100|[from] item: Leftovers
|-heal|p2a: Heatran|100/100|[from] item: Leftovers
|-damage|p1a: Zamazenta|35/100|[from] move: Magma Storm|[partiallytrapped]
|upkeep
|turn|21
|
|t:|1769408227
|move|p2a: Heatran|Protect|p2a: Heatran
|-singleturn|p2a: Heatran|Protect
|move|p1a: Zamazenta|Body Press|p2a: Heatran
|-activate|p2a: Heatran|move: Protect
|
|-weather|Sandstorm|[upkeep]
|-damage|p1a: Zamazenta|29/100|[from] Sandstorm
|-heal|p1a: Zamazenta|35/100|[from] item: Leftovers
|-damage|p1a: Zamazenta|23/100|[from] move: Magma Storm|[partiallytrapped]
|upkeep
|turn|22
|
|t:|1769408230
|switch|p2a: Slither Wing|Slither Wing|75/100 par
|move|p1a: Zamazenta|Body Press|p2a: Slither Wing
|-resisted|p2a: Slither Wing
|-crit|p2a: Slither Wing
|-damage|p2a: Slither Wing|52/100 par
|
|-weather|Sandstorm|[upkeep]
|-damage|p1a: Zamazenta|17/100|[from] Sandstorm
|-damage|p2a: Slither Wing|45/100 par|[from] Sandstorm
|-heal|p1a: Zamazenta|23/100|[from] item: Leftovers
|-end|p1a: Zamazenta|Magma Storm|[partiallytrapped]|[silent]
|upkeep
|turn|23
|
|t:|1769408238
|switch|p1a: Slowking|Slowking-Galar, F|98/100
|-damage|p1a: Slowking|85/100|[from] Stealth Rock
|move|p2a: Slither Wing|U-turn|p1a: Slowking
|-damage|p1a: Slowking|61/100
|
|t:|1769408245
|-end|p2a: Slither Wing|Protosynthesis|[silent]
|switch|p2a: Heatran|Heatran, F|100/100|[from] U-turn
|
|-weather|Sandstorm|[upkeep]
|-damage|p1a: Slowking|55/100|[from] Sandstorm
|upkeep
|turn|24
|
|t:|1769408251
|switch|p1a: Tyranitar|Tyranitar, F|63/100
|-damage|p1a: Tyranitar|51/100|[from] Stealth Rock
|move|p2a: Heatran|Earth Power|p1a: Tyranitar
|-supereffective|p1a: Tyranitar
|-damage|p1a: Tyranitar|30/100
|
|-weather|none
|upkeep
|turn|25
|
|t:|1769408256
|move|p2a: Heatran|Earth Power|p1a: Tyranitar
|-supereffective|p1a: Tyranitar
|-damage|p1a: Tyranitar|0 fnt
|faint|p1a: Tyranitar
|
|upkeep
|
|t:|1769408260
|switch|p1a: Hydrapple|Hydrapple, M|100/100
|-damage|p1a: Hydrapple|88/100|[from] Stealth Rock
|turn|26
|
|t:|1769408264
|switch|p2a: Slither Wing|Slither Wing|45/100 par
|move|p1a: Hydrapple|Nasty Plot|p1a: Hydrapple
|-boost|p1a: Hydrapple|spa|2
|
|upkeep
|turn|27
|
|t:|1769408267
|move|p2a: Slither Wing|First Impression|p1a: Hydrapple
|-supereffective|p1a: Hydrapple
|-damage|p1a: Hydrapple|39/100
|move|p1a: Hydrapple|Fickle Beam|p2a: Slither Wing
|-damage|p2a: Slither Wing|0 fnt
|faint|p2a: Slither Wing
|-end|p2a: Slither Wing|Protosynthesis|[silent]
|
|upkeep
|
|t:|1769408274
|switch|p2a: Weezing|Weezing-Galar, F|100/100
|-ability|p2a: Weezing|Neutralizing Gas
|turn|28
|
|t:|1769408283
|switch|p1a: Excadrill|Excadrill, F|85/100
|-damage|p1a: Excadrill|82/100|[from] Stealth Rock
|move|p2a: Weezing|Strange Steam|p1a: Excadrill
|-resisted|p1a: Excadrill
|-damage|p1a: Excadrill|63/100
|
|upkeep
|turn|29
|
|t:|1769408296
|-end|p2a: Weezing|ability: Neutralizing Gas
|switch|p2a: Landorus|Landorus-Therian, M|100/100
|-ability|p2a: Landorus|Intimidate|boost
|-unboost|p1a: Excadrill|atk|1
|-terastallize|p1a: Excadrill|Fire
|move|p1a: Excadrill|Rapid Spin|p2a: Landorus
|-damage|p2a: Landorus|88/100
|-boost|p1a: Excadrill|spe|1
|-damage|p1a: Excadrill|47/100|[from] item: Rocky Helmet|[of] p2a: Landorus
|-sideend|p1: Tankman123|Stealth Rock|[from] move: Rapid Spin|[of] p1a: Excadrill
|
|upkeep
|turn|30
|
|t:|1769408307
|switch|p1a: Slowking|Slowking-Galar, F|88/100
|move|p2a: Landorus|Earthquake|p1a: Slowking
|-supereffective|p1a: Slowking
|-damage|p1a: Slowking|19/100
|
|upkeep
|turn|31
|-message|Tankman123 forfeited.
|
|win|derpsaur
|raw|Tankman123's rating: 1412 &rarr; <strong>1395</strong><br />(-17 for losing)
|raw|derpsaur's rating: 1473 &rarr; <strong>1490</strong><br />(+17 for winning)
|l|☆Tankman123
|player|p1|
|l|☆derpsaur
|player|p2|
