|j|☆zTJay
|j|☆Carchac
|t:|1769434766
|gametype|singles
|player|p1|zTJay|266|1319
|player|p2|Carchac|benga|1306
|gen|9
|tier|[Gen 9] OU
|rated|
|rule|HP Percentage Mod: HP is shown in percentages
|rule|Endless Battle Clause: Forcing endless battles is banned
|rule|Species Clause: Limit one of each Pokémon
|rule|OHKO Clause: OHKO moves are banned
|rule|Evasion Items Clause: Evasion items are banned
|rule|Evasion Moves Clause: Evasion moves are banned
|rule|Evasion Abilities Clause: Evasion abilities are banned
|rule|Sleep Moves Clause: Sleep-inducing moves are banned
|clearpoke
|poke|p1|Tyranitar, F|
|poke|p1|Excadrill, F|
|poke|p1|Corviknight, M|
|poke|p1|Thundurus-Therian, M|
|poke|p1|Mienshao, M|
|poke|p1|Sinistcha|
|poke|p2|Scrafty, F|
|poke|p2|Gholdengo|
|poke|p2|Garchomp, M|
|poke|p2|Moltres|
|poke|p2|Raging Bolt|
|poke|p2|Ogerpon-Wellspring, F|
|teampreview
|inactive|Battle timer is ON: inactive players will automatically lose when time's up. (requested by Carchac)
|
|t:|1769434773
|teamsize|p1|6
|teamsize|p2|6
|start
|switch|p1a: Mienshao|Mienshao, M|100/100
|switch|p2a: Scrafty|Scrafty, F|100/100
|turn|1
|
|t:|1769434787
|switch|p1a: Corviknight|Corviknight, M|100/100
|-ability|p1a: Corviknight|Pressure
|switch|p2a: Garchomp|Garchomp, M|100/100
|
|upkeep
|turn|2
|
|t:|1769434795
|move|p2a: Garchomp|Stealth Rock|p1a: Corviknight
|-sidestart|p1: zTJay|move: Stealth Rock
|move|p1a: Corviknight|Bulk Up|p1a: Corviknight
|-boost|p1a: Corviknight|atk|1
|-boost|p1a: Corviknight|def|1
|
|upkeep
|turn|3
|
|t:|1769434801
|move|p1a: Corviknight|Bulk Up|p1a: Corviknight
|-boost|p1a: Corviknight|atk|1
|-boost|p1a: Corviknight|def|1
|move|p2a: Garchomp|Dragon Tail|p1a: Corviknight
|-resisted|p1a: Corviknight
|-damage|p1a: Corviknight|95/100
|drag|p1a: Sinistcha|Sinistcha|100/100
|
|upkeep
|turn|4
|
|t:|1769434810
|move|p1a: Sinistcha|Shadow Ball|p2a: Garchomp
|-damage|p2a: Garchomp|69/100
|move|p2a: Garchomp|Dragon Tail|p1a: Sinistcha|[miss]
|-miss|p2a: Garchomp|p1a: Sinistcha
|
|upkeep
|turn|5
|
|t:|1769434817
|switch|p2a: Scrafty|Scrafty, F|100/100
|move|p1a: Sinistcha|Shadow Ball|p2a: Scrafty
|-resisted|p2a: Scrafty
|-damage|p2a: Scrafty|82/100
|
|upkeep
|turn|6
|
|t:|1769434825
|switch|p1a: Corviknight|Corviknight, M|95/100
|-damage|p1a: Corviknight|82/100|[from] Stealth Rock
|-ability|p1a: Corviknight|Pressure
|move|p2a: Scrafty|Dragon Dance|p2a: Scrafty
|-boost|p2a: Scrafty|atk|1
|-boost|p2a: Scrafty|spe|1
|
|-heal|p1a: Corviknight|89/100|[from] item: Leftovers
|upkeep
|turn|7
|
|t:|1769434839
|move|p2a: Scrafty|Dragon Dance|p2a: Scrafty
|-boost|p2a: Scrafty|atk|1
|-boost|p2a: Scrafty|spe|1
|move|p1a: Corviknight|Brave Bird|p2a: Scrafty
|-supereffective|p2a: Scrafty
|-damage|p2a: Scrafty|0 fnt
|faint|p2a: Scrafty
|-damage|p1a: Corviknight|70/100|[from] Recoil
|
|-heal|p1a: Corviknight|77/100|[from] item: Leftovers
|upkeep
|
|t:|1769434848
|switch|p2a: Moltres|Moltres|100/100
|turn|8
|
|t:|1769434852
|switch|p1a: Tyranitar|Tyranitar, F|100/100
|-damage|p1a: Tyranitar|88/100|[from] Stealth Rock
|-weather|Sandstorm|[from] ability: Sand Stream|[of] p1a: Tyranitar
|move|p2a: Moltres|Will-O-Wisp|p1a: Tyranitar
|-status|p1a: Tyranitar|brn
|
|-weather|Sandstorm|[upkeep]
|-damage|p2a: Moltres|94/100|[from] Sandstorm
|-damage|p1a: Tyranitar|82/100 brn|[from] brn
|upkeep
|turn|9
|
|t:|1769434863
|switch|p2a: Garchomp|Garchomp, M|69/100
|move|p1a: Tyranitar|Stealth Rock|p2a: Garchomp
|-sidestart|p2: Carchac|move: Stealth Rock
|
|-weather|Sandstorm|[upkeep]
|-damage|p1a: Tyranitar|76/100 brn|[from] brn
|upkeep
|turn|10
|
|t:|1769434871
|move|p2a: Garchomp|Spikes|p1a: Tyranitar
|-sidestart|p1: zTJay|Spikes
|move|p1a: Tyranitar|Ice Punch|p2a: Garchomp
|-supereffective|p2a: Garchomp
|-damage|p2a: Garchomp|40/100
|-damage|p1a: Tyranitar|63/100 brn|[from] ability: Rough Skin|[of] p2a: Garchomp
|-damage|p1a: Tyranitar|47/100 brn|[from] item: Rocky Helmet|[of] p2a: Garchomp
|
|-weather|Sandstorm|[upkeep]
|-damage|p1a: Tyranitar|41/100 brn|[from] brn
|upkeep
|turn|11
|
|t:|1769434890
|move|p2a: Garchomp|Earthquake|p1a: Tyranitar
|-supereffective|p1a: Tyranitar
|-damage|p1a: Tyranitar|0 fnt
|faint|p1a: Tyranitar
|
|-weather|Sandstorm|[upkeep]
|upkeep
|
|t:|1769434903
|switch|p1a: Excadrill|Excadrill, F|100/100
|turn|12
|
|t:|1769434909
|switch|p2a: Moltres|Moltres|94/100
|move|p1a: Excadrill|Iron Head|p2a: Moltres
|-resisted|p2a: Moltres
|-damage|p2a: Moltres|77/100
|
|-weather|Sandstorm|[upkeep]
|-damage|p2a: Moltres|71/100|[from] Sandstorm
|upkeep
|turn|13
|
|t:|1769434923
|-terastallize|p1a: Excadrill|Fairy
|-terastallize|p2a: Moltres|Fairy
|move|p1a: Excadrill|Rapid Spin|p2a: Moltres
|-damage|p2a: Moltres|56/100
|-boost|p1a: Excadrill|spe|1
|-sideend|p1: zTJay|Spikes|[from] move: Rapid Spin|[of] p1a: Excadrill
|-sideend|p1: zTJay|Stealth Rock|[from] move: Rapid Spin|[of] p1a: Excadrill
|move|p2a: Moltres|Will-O-Wisp|p1a: Excadrill
|-status|p1a: Excadrill|brn
|
|-weather|Sandstorm|[upkeep]
|-damage|p2a: Moltres|50/100|[from] Sandstorm
|-damage|p1a: Excadrill|94/100 brn|[from] brn
|upkeep
|turn|14
|
|t:|1769434935
|move|p1a: Excadrill|Swords Dance|p1a: Excadrill
|-boost|p1a: Excadrill|atk|2
|move|p2a: Moltres|Roost|p2a: Moltres
|-heal|p2a: Moltres|99/100
|
|-weather|Sandstorm|[upkeep]
|-damage|p2a: Moltres|94/100|[from] Sandstorm
|-damage|p1a: Excadrill|88/100 brn|[from] brn
|upkeep
|turn|15
|
|t:|1769434943
|move|p1a: Excadrill|Iron Head|p2a: Moltres
|-supereffective|p2a: Moltres
|-damage|p2a: Moltres|28/100
|cant|p2a: Moltres|flinch
|
|-weather|none
|-damage|p1a: Excadrill|82/100 brn|[from] brn
|upkeep
|turn|16
|
|t:|1769434962
|move|p1a: Excadrill|Swords Dance|p1a: Excadrill
|-boost|p1a: Excadrill|atk|2
|move|p2a: Moltres|Flamethrower|p1a: Excadrill
|-damage|p1a: Excadrill|29/100 brn
|
|-damage|p1a: Excadrill|23/100 brn|[from] brn
|upkeep
|turn|17
|
|t:|1769434969
|move|p1a: Excadrill|Rapid Spin|p2a: Moltres
|-damage|p2a: Moltres|7/100
|-boost|p1a: Excadrill|spe|1
|move|p2a: Moltres|Roar|p1a: Excadrill
|drag|p1a: Sinistcha|Sinistcha|100/100
|
|upkeep
|turn|18
|
|t:|1769434978
|move|p2a: Moltres|Roost|p2a: Moltres
|-heal|p2a: Moltres|57/100
|move|p1a: Sinistcha|Matcha Gotcha|p2a: Moltres
|-damage|p2a: Moltres|23/100
|
|upkeep
|turn|19
|
|t:|1769434985
|move|p2a: Moltres|Roost|p2a: Moltres
|-heal|p2a: Moltres|73/100
|move|p1a: Sinistcha|Calm Mind|p1a: Sinistcha
|-boost|p1a: Sinistcha|spa|1
|-boost|p1a: Sinistcha|spd|1
|
|upkeep
|turn|20
|
|t:|1769434996
|move|p2a: Moltres|Roost|p2a: Moltres
|-heal|p2a: Moltres|100/100
|move|p1a: Sinistcha|Shadow Ball|p2a: Moltres
|-damage|p2a: Moltres|48/100
|
|upkeep
|turn|21
|
|t:|1769435001
|move|p1a: Sinistcha|Shadow Ball|p2a: Moltres
|-damage|p2a: Moltres|0 fnt
|faint|p2a: Moltres
|
|upkeep
|
|t:|1769435012
|switch|p2a: Garchomp|Garchomp, M|40/100
|-damage|p2a: Garchomp|34/100|[from] Stealth Rock
|turn|22
|
|t:|1769435015
|move|p1a: Sinistcha|Shadow Ball|p2a: Garchomp
|-crit|p2a: Garchomp
|-damage|p2a: Garchomp|0 fnt
|faint|p2a: Garchomp
|
|upkeep
|
|t:|1769435020
|switch|p2a: Raging Bolt|Raging Bolt|100/100
|-damage|p2a: Raging Bolt|88/100|[from] Stealth Rock
|turn|23
|
|t:|1769435025
|move|p2a: Raging Bolt|Draco Meteor|p1a: Sinistcha
|-crit|p1a: Sinistcha
|-damage|p1a: Sinistcha|0 fnt
|-unboost|p2a: Raging Bolt|spa|2
|faint|p1a: Sinistcha
|
|upkeep
|
|t:|1769435031
|switch|p1a: Excadrill|Excadrill, F, tera:Fairy|23/100 brn
|turn|24
|
|t:|1769435037
|-end|p2a: Raging Bolt|Protosynthesis|[silent]
|switch|p2a: Ogerpon|Ogerpon-Wellspring, F|100/100
|-damage|p2a: Ogerpon|88/100|[from] Stealth Rock
|move|p1a: Excadrill|Earthquake|p2a: Ogerpon
|-resisted|p2a: Ogerpon
|-damage|p2a: Ogerpon|68/100
|
|-damage|p1a: Excadrill|17/100 brn|[from] brn
|upkeep
|turn|25
|
|t:|1769435049
|move|p2a: Ogerpon|Knock Off|p1a: Excadrill
|-resisted|p1a: Excadrill
|-crit|p1a: Excadrill
|-damage|p1a: Excadrill|0 fnt
|-enditem|p1a: Excadrill|Heavy-Duty Boots|[from] move: Knock Off|[of] p2a: Ogerpon
|faint|p1a: Excadrill
|
|upkeep
|
|t:|1769435054
|switch|p1a: Corviknight|Corviknight, M|77/100
|-ability|p1a: Corviknight|Pressure
|turn|26
|
|t:|1769435059
|move|p2a: Ogerpon|Knock Off|p1a: Corviknight
|-damage|p1a: Corviknight|46/100
|-enditem|p1a: Corviknight|Leftovers|[from] move: Knock Off|[of] p2a: Ogerpon
|move|p1a: Corviknight|Roost|p1a: Corviknight
|-heal|p1a: Corviknight|96/100
|-singleturn|p1a: Corviknight|move: Roost
|
|upkeep
|turn|27
|
|t:|1769435067
|move|p2a: Ogerpon|Ivy Cudgel|p1a: Corviknight|[anim] Ivy Cudgel Water
|-damage|p1a: Corviknight|45/100
|move|p1a: Corviknight|Brave Bird|p2a: Ogerpon
|-supereffective|p2a: Ogerpon
|-damage|p2a: Ogerpon|0 fnt
|faint|p2a: Ogerpon
|-damage|p1a: Corviknight|28/100|[from] Recoil
|
|upkeep
|
|t:|1769435075
|switch|p2a: Raging Bolt|Raging Bolt|88/100
|-damage|p2a: Raging Bolt|76/100|[from] Stealth Rock
|turn|28
|
|t:|1769435080
|move|p2a: Raging Bolt|Thunderbolt|p1a: Corviknight
|-supereffective|p1a: Corviknight
|-damage|p1a: Corviknight|0 fnt
|faint|p1a: Corviknight
|
|upkeep
|
|t:|1769435082
|switch|p1a: Thundurus|Thundurus-Therian, M|100/100
|turn|29
|
|t:|1769435090
|move|p1a: Thundurus|Tera Blast|p2a: Raging Bolt
|-damage|p2a: Raging Bolt|43/100
|move|p2a: Raging Bolt|Thunderbolt|p1a: Thundurus
|-immune|p1a: Thundurus|[from] ability: Volt Absorb
|
|upkeep
|turn|30
|
|t:|1769435096
|switch|p1a: Mienshao|Mienshao, M|100/100
|-end|p2a: Raging Bolt|Protosynthesis|[silent]
|switch|p2a: Gholdengo|Gholdengo|100/100
|-damage|p2a: Gholdengo|94/100|[from] Stealth Rock
|-item|p2a: Gholdengo|Air Balloon
|
|upkeep
|turn|31
|
|t:|1769435105
|move|p1a: Mienshao|Triple Axel|p2a: Gholdengo
|-resisted|p2a: Gholdengo
|-crit|p2a: Gholdengo
|-damage|p2a: Gholdengo|86/100
|-enditem|p2a: Gholdengo|Air Balloon
|-resisted|p2a: Gholdengo
|-crit|p2a: Gholdengo
|-damage|p2a: Gholdengo|70/100
|-resisted|p2a: Gholdengo
|-damage|p2a: Gholdengo|54/100
|-hitcount|p2a: Gholdengo|3
|move|p2a: Gholdengo|Shadow Ball|p1a: Mienshao
|-damage|p1a: Mienshao|26/100
|
|upkeep
|turn|32
|
|t:|1769435120
|move|p1a: Mienshao|Triple Axel|p2a: Gholdengo|[miss]
|-miss|p1a: Mienshao|p2a: Gholdengo
|move|p2a: Gholdengo|Shadow Ball|p1a: Mienshao
|-damage|p1a: Mienshao|0 fnt
|faint|p1a: Mienshao
|
|upkeep
|
|t:|1769435122
|switch|p1a: Thundurus|Thundurus-Therian, M|100/100
|turn|33
|
|t:|1769435130
|move|p1a: Thundurus|Thunderbolt|p2a: Gholdengo
|-damage|p2a: Gholdengo|0 fnt
|faint|p2a: Gholdengo
|
|upkeep
|
|t:|1769435134
|switch|p2a: Raging Bolt|Raging Bolt|43/100
|-damage|p2a: Raging Bolt|30/100|[from] Stealth Rock
|turn|34
|
|t:|1769435138
|move|p1a: Thundurus|Thunderbolt|p2a: Raging Bolt
|-resisted|p2a: Raging Bolt
|-damage|p2a: Raging Bolt|16/100
|move|p2a: Raging Bolt|Draco Meteor|p1a: Thundurus
|-damage|p1a: Thundurus|0 fnt
|-unboost|p2a: Raging Bolt|spa|2
|faint|p1a: Thundurus
|
|win|Carchac
|raw|zTJay's rating: 1319 &rarr; <strong>1298</strong><br />(-21 for losing)
|raw|Carchac's rating: 1306 &rarr; <strong>1327</strong><br />(+21 for winning)
|l|☆zTJay
|player|p1|
|l|☆Carchac
|player|p2|
