|j|☆thanzerfaust
|j|☆Ayaan07
|t:|1769336697
|gametype|singles
|player|p1|thanzerfaust|guzma|1513
|player|p2|Ayaan07|pokemonranger-gen4|1479
|gen|9
|tier|[Gen 9] OU
|rated|
|rule|HP Percentage Mod: HP is shown in percentages
|rule|Endless Battle Clause: Forcing endless battles is banned
|rule|Species Clause: Limit one of each Pokémon
|rule|OHKO Clause: OHKO moves are banned
|rule|Evasion Items Clause: Evasion items are banned
|rule|Evasion Moves Clause: Evasion moves are banned
|rule|Evasion Abilities Clause: Evasion abilities are banned
|rule|Sleep Moves Clause: Sleep-inducing moves are banned
|clearpoke
|poke|p1|Araquanid, M|
|poke|p1|Gholdengo|
|poke|p1|Enamorus, F|
|poke|p1|Ogerpon-Wellspring, F|
|poke|p1|Kingambit, F|
|poke|p1|Kommo-o, F|
|poke|p2|Iron Moth|
|poke|p2|Galvantula, F|
|poke|p2|Zamazenta-*|
|poke|p2|Ogerpon-Wellspring, F|
|poke|p2|Iron Treads|
|poke|p2|Gholdengo|
|teampreview
|inactive|Battle timer is ON: inactive players will automatically lose when time's up. (requested by Ayaan07)
|
|t:|1769336719
|teamsize|p1|6
|teamsize|p2|6
|start
|switch|p1a: Araquanid|Araquanid, M|100/100
|switch|p2a: Under your bed|Galvantula, F, shiny|100/100
|turn|1
|
|t:|1769336727
|move|p2a: Under your bed|Sticky Web|p1a: Araquanid
|-sidestart|p1: thanzerfaust|move: Sticky Web
|move|p1a: Araquanid|Sticky Web|p2a: Under your bed
|-sidestart|p2: Ayaan07|move: Sticky Web
|
|upkeep
|turn|2
|
|t:|1769336733
|move|p2a: Under your bed|Thunder Wave|p1a: Araquanid
|-status|p1a: Araquanid|par
|move|p1a: Araquanid|Surf|p2a: Under your bed
|-damage|p2a: Under your bed|35/100
|
|upkeep
|turn|3
|
|t:|1769336740
|move|p2a: Under your bed|Volt Switch|p1a: Araquanid
|-supereffective|p1a: Araquanid
|-damage|p1a: Araquanid|58/100 par
|
|t:|1769336746
|switch|p2a: Cat???|Ogerpon-Wellspring, F|100/100|[from] Volt Switch
|-activate|p2a: Cat???|move: Sticky Web
|-unboost|p2a: Cat???|spe|1
|move|p1a: Araquanid|Surf|p2a: Cat???
|-immune|p2a: Cat???|[from] ability: Water Absorb
|
|upkeep
|turn|4
|
|t:|1769336754
|switch|p2a: Under your bed|Galvantula, F, shiny|35/100
|-activate|p2a: Under your bed|move: Sticky Web
|-unboost|p2a: Under your bed|spe|1
|move|p1a: Araquanid|Lunge|p2a: Under your bed
|-damage|p2a: Under your bed|0 fnt
|faint|p2a: Under your bed
|
|upkeep
|
|t:|1769336775
|switch|p2a: Vacuum cleaner|Iron Treads|100/100
|-activate|p2a: Vacuum cleaner|move: Sticky Web
|-unboost|p2a: Vacuum cleaner|spe|1
|-enditem|p2a: Vacuum cleaner|Booster Energy
|-activate|p2a: Vacuum cleaner|ability: Quark Drive|[fromitem]
|-start|p2a: Vacuum cleaner|quarkdriveatk
|turn|5
|
|t:|1769336782
|move|p2a: Vacuum cleaner|Knock Off|p1a: Araquanid
|-damage|p1a: Araquanid|19/100 par
|-enditem|p1a: Araquanid|Custap Berry|[from] move: Knock Off|[of] p2a: Vacuum cleaner
|cant|p1a: Araquanid|par
|
|upkeep
|turn|6
|
|t:|1769336788
|switch|p1a: Gholdengo|Gholdengo|100/100
|-item|p1a: Gholdengo|Air Balloon
|move|p2a: Vacuum cleaner|Rapid Spin|p1a: Gholdengo
|-immune|p1a: Gholdengo
|
|upkeep
|turn|7
|
|t:|1769336801
|move|p1a: Gholdengo|Shadow Ball|p2a: Vacuum cleaner
|-damage|p2a: Vacuum cleaner|38/100
|move|p2a: Vacuum cleaner|Knock Off|p1a: Gholdengo
|-supereffective|p1a: Gholdengo
|-damage|p1a: Gholdengo|10/100
|-enditem|p1a: Gholdengo|Air Balloon
|
|upkeep
|turn|8
|
|t:|1769336813
|-end|p2a: Vacuum cleaner|Quark Drive|[silent]
|switch|p2a: Cyber Moth|Iron Moth|100/100
|-activate|p2a: Cyber Moth|move: Sticky Web
|-unboost|p2a: Cyber Moth|spe|1
|-enditem|p2a: Cyber Moth|Booster Energy
|-activate|p2a: Cyber Moth|ability: Quark Drive|[fromitem]
|-start|p2a: Cyber Moth|quarkdrivespa
|move|p1a: Gholdengo|Shadow Ball|p2a: Cyber Moth
|-damage|p2a: Cyber Moth|53/100
|
|upkeep
|turn|9
|
|t:|1769336825
|move|p1a: Gholdengo|Shadow Ball|p2a: Cyber Moth
|-damage|p2a: Cyber Moth|8/100
|-unboost|p2a: Cyber Moth|spd|1
|move|p2a: Cyber Moth|Fiery Dance|p1a: Gholdengo
|-supereffective|p1a: Gholdengo
|-damage|p1a: Gholdengo|0 fnt
|faint|p1a: Gholdengo
|
|upkeep
|
|t:|1769336830
|switch|p1a: Enamorus|Enamorus, F|100/100
|turn|10
|
|t:|1769336837
|move|p1a: Enamorus|Earth Power|p2a: Cyber Moth
|-supereffective|p2a: Cyber Moth
|-damage|p2a: Cyber Moth|0 fnt
|faint|p2a: Cyber Moth
|-end|p2a: Cyber Moth|Quark Drive|[silent]
|
|upkeep
|
|t:|1769336851
|switch|p2a: Let's sell it|Gholdengo|100/100
|-item|p2a: Let's sell it|Air Balloon
|turn|11
|
|t:|1769336869
|switch|p1a: Araquanid|Araquanid, M|19/100 par
|-activate|p1a: Araquanid|move: Sticky Web
|-unboost|p1a: Araquanid|spe|1
|move|p2a: Let's sell it|Nasty Plot|p2a: Let's sell it
|-boost|p2a: Let's sell it|spa|2
|
|upkeep
|turn|12
|
|t:|1769336879
|move|p2a: Let's sell it|Shadow Ball|p1a: Araquanid
|-damage|p1a: Araquanid|0 fnt
|faint|p1a: Araquanid
|
|upkeep
|
|t:|1769336886
|switch|p1a: Enamorus|Enamorus, F|100/100
|turn|13
|
|t:|1769336898
|move|p1a: Enamorus|Mystical Fire|p2a: Let's sell it
|-supereffective|p2a: Let's sell it
|-damage|p2a: Let's sell it|8/100
|-unboost|p2a: Let's sell it|spa|1
|-enditem|p2a: Let's sell it|Air Balloon
|move|p2a: Let's sell it|Make It Rain|p1a: Enamorus
|-supereffective|p1a: Enamorus
|-damage|p1a: Enamorus|0 fnt
|-unboost|p2a: Let's sell it|spa|1
|faint|p1a: Enamorus
|
|upkeep
|
|t:|1769336908
|switch|p1a: Kommo-o|Kommo-o, F|100/100
|-activate|p1a: Kommo-o|move: Sticky Web
|-unboost|p1a: Kommo-o|spe|1
|turn|14
|
|t:|1769336925
|move|p2a: Let's sell it|Dazzling Gleam|p1a: Kommo-o
|-supereffective|p1a: Kommo-o
|-damage|p1a: Kommo-o|0 fnt
|faint|p1a: Kommo-o
|
|upkeep
|
|t:|1769336933
|switch|p1a: Ogerpon|Ogerpon-Wellspring, F|100/100
|-activate|p1a: Ogerpon|move: Sticky Web
|-unboost|p1a: Ogerpon|spe|1
|turn|15
|l|☆Ayaan07
|inactive|Ayaan07 disconnected and has a minute to reconnect!
|player|p2|
|inactive|Ayaan07 has 30 seconds to reconnect!
|inactive|Ayaan07 has 20 seconds to reconnect!
|inactive|Ayaan07 has 15 seconds to reconnect!
|inactive|Ayaan07 has 10 seconds to reconnect!
|inactive|Ayaan07 has 5 seconds to reconnect!
|-message|Ayaan07 lost due to inactivity.
|
|win|thanzerfaust
|raw|thanzerfaust's rating: 1513 &rarr; <strong>1531</strong><br />(+18 for winning)
|raw|Ayaan07's rating: 1479 &rarr; <strong>1461</strong><br />(-18 for losing)
|l|☆thanzerfaust
|player|p1|
