|j|☆BigRat69
|j|☆Guindepollo
|t:|1769332695
|gametype|singles
|player|p1|BigRat69|102|1071
|player|p2|Guindepollo|170|1064
|gen|9
|tier|[Gen 9] OU
|rated|
|rule|HP Percentage Mod: HP is shown in percentages
|rule|Endless Battle Clause: Forcing endless battles is banned
|rule|Species Clause: Limit one of each Pokémon
|rule|OHKO Clause: OHKO moves are banned
|rule|Evasion Items Clause: Evasion items are banned
|rule|Evasion Moves Clause: Evasion moves are banned
|rule|Evasion Abilities Clause: Evasion abilities are banned
|rule|Sleep Moves Clause: Sleep-inducing moves are banned
|clearpoke
|poke|p1|Registeel|
|poke|p1|Kingambit, M|
|poke|p1|Alcremie, F|
|poke|p1|Dragapult, F|
|poke|p1|Kyurem|
|poke|p1|Meowscarada, F|
|poke|p2|Glimmora, M|
|poke|p2|Gholdengo|
|poke|p2|Iron Valiant|
|poke|p2|Ogerpon-Wellspring, F|
|poke|p2|Kilowattrel, F|
|poke|p2|Iron Crown|
|teampreview
|
|t:|1769332720
|teamsize|p1|6
|teamsize|p2|6
|start
|switch|p1a: Dragapult|Dragapult, F|100/100
|switch|p2a: Iron Crown|Iron Crown|100/100
|-enditem|p2a: Iron Crown|Booster Energy
|-activate|p2a: Iron Crown|ability: Quark Drive|[fromitem]
|-start|p2a: Iron Crown|quarkdrivespa
|turn|1
|
|t:|1769332737
|move|p1a: Dragapult|Flamethrower|p2a: Iron Crown
|-supereffective|p2a: Iron Crown
|-crit|p2a: Iron Crown
|-damage|p2a: Iron Crown|18/100
|move|p2a: Iron Crown|Calm Mind|p2a: Iron Crown
|-boost|p2a: Iron Crown|spa|1
|-boost|p2a: Iron Crown|spd|1
|
|upkeep
|turn|2
|
|t:|1769332754
|move|p1a: Dragapult|Flamethrower|p2a: Iron Crown
|-supereffective|p2a: Iron Crown
|-damage|p2a: Iron Crown|0 fnt
|faint|p2a: Iron Crown
|-end|p2a: Iron Crown|Quark Drive|[silent]
|
|upkeep
|
|t:|1769332761
|switch|p2a: Glimmora|Glimmora, M|100/100
|turn|3
|
|t:|1769332766
|move|p1a: Dragapult|Hydro Pump|p2a: Glimmora
|-supereffective|p2a: Glimmora
|-damage|p2a: Glimmora|17/100
|move|p2a: Glimmora|Mortal Spin|p1a: Dragapult
|-resisted|p1a: Dragapult
|-damage|p1a: Dragapult|98/100
|-status|p1a: Dragapult|psn
|
|-damage|p1a: Dragapult|85/100 psn|[from] psn
|upkeep
|turn|4
|
|t:|1769332778
|switch|p2a: Ogerpon|Ogerpon-Wellspring, F|100/100
|move|p1a: Dragapult|Hydro Pump|p2a: Ogerpon
|-immune|p2a: Ogerpon|[from] ability: Water Absorb
|
|-damage|p1a: Dragapult|73/100 psn|[from] psn
|upkeep
|turn|5
|
|t:|1769332793
|-terastallize|p2a: Ogerpon|Water
|detailschange|p2a: Ogerpon|Ogerpon-Wellspring-Tera, F, tera:Water
|-ability|p2a: Ogerpon|Embody Aspect (Wellspring)|boost
|-boost|p2a: Ogerpon|spd|1
|move|p1a: Dragapult|Thunder|p2a: Ogerpon
|-supereffective|p2a: Ogerpon
|-damage|p2a: Ogerpon|51/100
|-status|p2a: Ogerpon|par
|move|p2a: Ogerpon|Swords Dance|p2a: Ogerpon
|-boost|p2a: Ogerpon|atk|2
|
|-damage|p1a: Dragapult|61/100 psn|[from] psn
|upkeep
|turn|6
|
|t:|1769332804
|move|p1a: Dragapult|Thunder|p2a: Ogerpon
|-supereffective|p2a: Ogerpon
|-damage|p2a: Ogerpon|5/100 par
|move|p2a: Ogerpon|Horn Leech|p1a: Dragapult
|-resisted|p1a: Dragapult
|-damage|p1a: Dragapult|4/100 psn
|-heal|p2a: Ogerpon|35/100 par|[from] drain|[of] p1a: Dragapult
|
|-damage|p1a: Dragapult|0 fnt|[from] psn
|faint|p1a: Dragapult
|upkeep
|
|t:|1769332812
|switch|p1a: Meowscarada|Meowscarada, F|100/100
|turn|7
|
|t:|1769332819
|move|p1a: Meowscarada|Flower Trick|p2a: Ogerpon
|-start|p1a: Meowscarada|typechange|Grass|[from] ability: Protean
|-supereffective|p2a: Ogerpon
|-crit|p2a: Ogerpon
|-damage|p2a: Ogerpon|0 fnt
|faint|p2a: Ogerpon
|detailschange|p2: Ogerpon|Ogerpon-Wellspring, F|[silent]
|
|upkeep
|
|t:|1769332827
|switch|p2a: Kilowattrel|Kilowattrel, F|100/100
|turn|8
|
|t:|1769332843
|switch|p1a: Kyurem|Kyurem|100/100
|-ability|p1a: Kyurem|Pressure
|move|p2a: Kilowattrel|Hurricane|p1a: Kyurem
|-damage|p1a: Kyurem|51/100
|
|upkeep
|turn|9
|
|t:|1769332850
|move|p2a: Kilowattrel|Volt Switch|p1a: Kyurem
|-resisted|p1a: Kyurem
|-damage|p1a: Kyurem|35/100
|
|t:|1769332858
|switch|p2a: Glimmora|Glimmora, M|17/100|[from] Volt Switch
|move|p1a: Kyurem|Icicle Spear|p2a: Glimmora
|-damage|p2a: Glimmora|0 fnt
|-activate|p2a: Glimmora|ability: Toxic Debris
|-sidestart|p1: BigRat69|move: Toxic Spikes
|faint|p2a: Glimmora
|-hitcount|p2: Glimmora|1
|
|upkeep
|
|t:|1769332872
|switch|p2a: Gholdengo|Gholdengo|100/100
|turn|10
|
|t:|1769332886
|move|p1a: Kyurem|Zen Headbutt|p2a: Gholdengo|[miss]
|-miss|p1a: Kyurem|p2a: Gholdengo
|move|p2a: Gholdengo|Shadow Ball|p1a: Kyurem
|-crit|p1a: Kyurem
|-damage|p1a: Kyurem|0 fnt
|faint|p1a: Kyurem
|
|upkeep
|
|t:|1769332894
|switch|p1a: Kingambit|Kingambit, M|100/100
|-ability|p1a: Kingambit|Pressure
|turn|11
|
|t:|1769332910
|move|p2a: Gholdengo|Shadow Ball|p1a: Kingambit
|-resisted|p1a: Kingambit
|-damage|p1a: Kingambit|80/100
|move|p1a: Kingambit|Swords Dance|p1a: Kingambit
|-boost|p1a: Kingambit|atk|2
|
|upkeep
|turn|12
|
|t:|1769332916
|move|p2a: Gholdengo|Nasty Plot|p2a: Gholdengo
|-boost|p2a: Gholdengo|spa|2
|move|p1a: Kingambit|Swords Dance|p1a: Kingambit
|-boost|p1a: Kingambit|atk|2
|
|upkeep
|turn|13
|
|t:|1769332921
|move|p2a: Gholdengo|Make It Rain|p1a: Kingambit
|-resisted|p1a: Kingambit
|-damage|p1a: Kingambit|23/100
|-unboost|p2a: Gholdengo|spa|1
|move|p1a: Kingambit|Swords Dance|p1a: Kingambit
|-boost|p1a: Kingambit|atk|2
|
|upkeep
|turn|14
|
|t:|1769332928
|move|p2a: Gholdengo|Make It Rain|p1a: Kingambit
|-resisted|p1a: Kingambit
|-damage|p1a: Kingambit|0 fnt
|-unboost|p2a: Gholdengo|spa|1
|faint|p1a: Kingambit
|
|upkeep
|
|t:|1769332930
|switch|p1a: Meowscarada|Meowscarada, F|100/100
|turn|15
|
|t:|1769332941
|switch|p2a: Kilowattrel|Kilowattrel, F|100/100
|move|p1a: Meowscarada|Knock Off|p2a: Kilowattrel
|-start|p1a: Meowscarada|typechange|Dark|[from] ability: Protean
|-damage|p2a: Kilowattrel|24/100
|-enditem|p2a: Kilowattrel|Heavy-Duty Boots|[from] move: Knock Off|[of] p1a: Meowscarada
|
|upkeep
|turn|16
|
|t:|1769332951
|move|p2a: Kilowattrel|Hurricane|p1a: Meowscarada
|-damage|p1a: Meowscarada|22/100
|-start|p1a: Meowscarada|confusion
|-activate|p1a: Meowscarada|confusion
|-damage|p1a: Meowscarada|1/100|[from] confusion
|
|upkeep
|turn|17
|
|t:|1769332960
|switch|p1a: Registeel|Registeel|100/100
|move|p2a: Kilowattrel|Roost|p2a: Kilowattrel
|-heal|p2a: Kilowattrel|74/100
|-singleturn|p2a: Kilowattrel|move: Roost
|
|upkeep
|turn|18
|
|t:|1769332968
|move|p2a: Kilowattrel|Volt Switch|p1a: Registeel
|-damage|p1a: Registeel|82/100
|
|t:|1769332971
|switch|p2a: Iron Valiant|Iron Valiant|100/100|[from] Volt Switch
|-enditem|p2a: Iron Valiant|Booster Energy
|-activate|p2a: Iron Valiant|ability: Quark Drive|[fromitem]
|-start|p2a: Iron Valiant|quarkdrivespe
|move|p1a: Registeel|Ice Spinner|p2a: Iron Valiant
|-damage|p2a: Iron Valiant|81/100
|
|upkeep
|turn|19
|
|t:|1769332983
|move|p2a: Iron Valiant|Close Combat|p1a: Registeel
|-supereffective|p1a: Registeel
|-damage|p1a: Registeel|24/100
|-unboost|p2a: Iron Valiant|def|1
|-unboost|p2a: Iron Valiant|spd|1
|-damage|p2a: Iron Valiant|65/100|[from] item: Rocky Helmet|[of] p1a: Registeel
|move|p1a: Registeel|Iron Defense|p1a: Registeel
|-boost|p1a: Registeel|def|2
|
|upkeep
|turn|20
|
|t:|1769332992
|move|p2a: Iron Valiant|Close Combat|p1a: Registeel
|-supereffective|p1a: Registeel
|-damage|p1a: Registeel|0 fnt
|-unboost|p2a: Iron Valiant|def|1
|-unboost|p2a: Iron Valiant|spd|1
|-damage|p2a: Iron Valiant|48/100|[from] item: Rocky Helmet|[of] p1a: Registeel
|faint|p1a: Registeel
|
|upkeep
|
|t:|1769332994
|switch|p1a: Alcremie|Alcremie, F, shiny|100/100
|-status|p1a: Alcremie|psn
|turn|21
|
|t:|1769333005
|-end|p2a: Iron Valiant|Quark Drive|[silent]
|switch|p2a: Kilowattrel|Kilowattrel, F|74/100
|-terastallize|p1a: Alcremie|Ground
|move|p1a: Alcremie|Acid Armor|p1a: Alcremie
|-boost|p1a: Alcremie|def|2
|
|-damage|p1a: Alcremie|88/100 psn|[from] psn
|upkeep
|turn|22
|
|t:|1769333016
|move|p2a: Kilowattrel|Hurricane|p1a: Alcremie
|-damage|p1a: Alcremie|55/100 psn
|move|p1a: Alcremie|Calm Mind|p1a: Alcremie
|-boost|p1a: Alcremie|spa|1
|-boost|p1a: Alcremie|spd|1
|
|-heal|p1a: Alcremie|61/100 psn|[from] item: Leftovers
|-damage|p1a: Alcremie|48/100 psn|[from] psn
|upkeep
|turn|23
|
|t:|1769333021
|move|p2a: Kilowattrel|Hurricane|p1a: Alcremie
|-damage|p1a: Alcremie|27/100 psn
|move|p1a: Alcremie|Recover|p1a: Alcremie
|-heal|p1a: Alcremie|77/100 psn
|
|-heal|p1a: Alcremie|83/100 psn|[from] item: Leftovers
|-damage|p1a: Alcremie|71/100 psn|[from] psn
|upkeep
|turn|24
|
|t:|1769333029
|move|p2a: Kilowattrel|Hurricane|p1a: Alcremie|[miss]
|-miss|p2a: Kilowattrel|p1a: Alcremie
|move|p1a: Alcremie|Recover|p1a: Alcremie
|-heal|p1a: Alcremie|100/100 psn
|
|-damage|p1a: Alcremie|88/100 psn|[from] psn
|upkeep
|turn|25
|
|t:|1769333034
|move|p2a: Kilowattrel|Hurricane|p1a: Alcremie|[miss]
|-miss|p2a: Kilowattrel|p1a: Alcremie
|move|p1a: Alcremie|Stored Power|p2a: Kilowattrel
|-damage|p2a: Kilowattrel|5/100
|
|-heal|p1a: Alcremie|94/100 psn|[from] item: Leftovers
|-damage|p1a: Alcremie|82/100 psn|[from] psn
|upkeep
|turn|26
|
|t:|1769333040
|move|p2a: Kilowattrel|Roost|p2a: Kilowattrel
|-heal|p2a: Kilowattrel|55/100
|-singleturn|p2a: Kilowattrel|move: Roost
|move|p1a: Alcremie|Stored Power|p2a: Kilowattrel
|-damage|p2a: Kilowattrel|0 fnt
|faint|p2a: Kilowattrel
|
|-heal|p1a: Alcremie|88/100 psn|[from] item: Leftovers
|-damage|p1a: Alcremie|76/100 psn|[from] psn
|upkeep
|
|t:|1769333052
|switch|p2a: Gholdengo|Gholdengo|100/100
|turn|27
|
|t:|1769333060
|move|p2a: Gholdengo|Shadow Ball|p1a: Alcremie
|-damage|p1a: Alcremie|56/100 psn
|move|p1a: Alcremie|Calm Mind|p1a: Alcremie
|-boost|p1a: Alcremie|spa|1
|-boost|p1a: Alcremie|spd|1
|
|-heal|p1a: Alcremie|62/100 psn|[from] item: Leftovers
|-damage|p1a: Alcremie|50/100 psn|[from] psn
|upkeep
|turn|28
|
|t:|1769333069
|move|p2a: Gholdengo|Shadow Ball|p1a: Alcremie
|-damage|p1a: Alcremie|35/100 psn
|move|p1a: Alcremie|Recover|p1a: Alcremie
|-heal|p1a: Alcremie|85/100 psn
|
|-heal|p1a: Alcremie|91/100 psn|[from] item: Leftovers
|-damage|p1a: Alcremie|79/100 psn|[from] psn
|upkeep
|turn|29
|
|t:|1769333083
|move|p2a: Gholdengo|Shadow Ball|p1a: Alcremie
|-damage|p1a: Alcremie|65/100 psn
|move|p1a: Alcremie|Stored Power|p2a: Gholdengo
|-resisted|p2a: Gholdengo
|-damage|p2a: Gholdengo|60/100
|
|-heal|p2a: Gholdengo|66/100|[from] item: Leftovers
|-heal|p1a: Alcremie|71/100 psn|[from] item: Leftovers
|-damage|p1a: Alcremie|59/100 psn|[from] psn
|upkeep
|turn|30
|
|t:|1769333090
|move|p2a: Gholdengo|Shadow Ball|p1a: Alcremie
|-damage|p1a: Alcremie|46/100 psn
|move|p1a: Alcremie|Calm Mind|p1a: Alcremie
|-boost|p1a: Alcremie|spa|1
|-boost|p1a: Alcremie|spd|1
|
|-heal|p2a: Gholdengo|72/100|[from] item: Leftovers
|-heal|p1a: Alcremie|52/100 psn|[from] item: Leftovers
|-damage|p1a: Alcremie|39/100 psn|[from] psn
|upkeep
|turn|31
|
|t:|1769333097
|move|p2a: Gholdengo|Shadow Ball|p1a: Alcremie
|-damage|p1a: Alcremie|28/100 psn
|move|p1a: Alcremie|Recover|p1a: Alcremie
|-heal|p1a: Alcremie|78/100 psn
|
|-heal|p2a: Gholdengo|78/100|[from] item: Leftovers
|-heal|p1a: Alcremie|84/100 psn|[from] item: Leftovers
|-damage|p1a: Alcremie|71/100 psn|[from] psn
|upkeep
|turn|32
|
|t:|1769333104
|move|p2a: Gholdengo|Shadow Ball|p1a: Alcremie
|-damage|p1a: Alcremie|61/100 psn
|move|p1a: Alcremie|Calm Mind|p1a: Alcremie
|-boost|p1a: Alcremie|spa|1
|-boost|p1a: Alcremie|spd|1
|
|-heal|p2a: Gholdengo|84/100|[from] item: Leftovers
|-heal|p1a: Alcremie|67/100 psn|[from] item: Leftovers
|-damage|p1a: Alcremie|55/100 psn|[from] psn
|upkeep
|turn|33
|
|t:|1769333110
|move|p2a: Gholdengo|Shadow Ball|p1a: Alcremie
|-damage|p1a: Alcremie|46/100 psn
|move|p1a: Alcremie|Recover|p1a: Alcremie
|-heal|p1a: Alcremie|96/100 psn
|
|-heal|p2a: Gholdengo|90/100|[from] item: Leftovers
|-heal|p1a: Alcremie|100/100 psn|[from] item: Leftovers
|-damage|p1a: Alcremie|88/100 psn|[from] psn
|upkeep
|turn|34
|
|t:|1769333122
|move|p2a: Gholdengo|Nasty Plot|p2a: Gholdengo
|-boost|p2a: Gholdengo|spa|2
|move|p1a: Alcremie|Calm Mind|p1a: Alcremie
|-boost|p1a: Alcremie|spa|1
|-boost|p1a: Alcremie|spd|1
|
|-heal|p2a: Gholdengo|96/100|[from] item: Leftovers
|-heal|p1a: Alcremie|94/100 psn|[from] item: Leftovers
|-damage|p1a: Alcremie|82/100 psn|[from] psn
|upkeep
|turn|35
|
|t:|1769333126
|move|p2a: Gholdengo|Nasty Plot|p2a: Gholdengo
|-boost|p2a: Gholdengo|spa|2
|move|p1a: Alcremie|Stored Power|p2a: Gholdengo
|-resisted|p2a: Gholdengo
|-damage|p2a: Gholdengo|0 fnt
|faint|p2a: Gholdengo
|
|-heal|p1a: Alcremie|88/100 psn|[from] item: Leftovers
|-damage|p1a: Alcremie|76/100 psn|[from] psn
|upkeep
|
|t:|1769333134
|switch|p2a: Iron Valiant|Iron Valiant|48/100
|turn|36
|
|t:|1769333138
|move|p2a: Iron Valiant|Moonblast|p1a: Alcremie
|-damage|p1a: Alcremie|66/100 psn
|move|p1a: Alcremie|Stored Power|p2a: Iron Valiant
|-supereffective|p2a: Iron Valiant
|-damage|p2a: Iron Valiant|0 fnt
|faint|p2a: Iron Valiant
|-end|p2a: Iron Valiant|Quark Drive|[silent]
|
|win|BigRat69
|raw|BigRat69's rating: 1071 &rarr; <strong>1100</strong><br />(+29 for winning)
|raw|Guindepollo's rating: 1064 &rarr; <strong>1045</strong><br />(-19 for losing)
|l|☆Guindepollo
|player|p2|
|l|☆BigRat69
|player|p1|
