|j|☆bobblerman
|j|☆voidguy96
|t:|1769332813
|gametype|singles
|player|p1|bobblerman|265|1171
|player|p2|voidguy96|giovanni|1257
|gen|9
|tier|[Gen 9] OU
|rated|
|rule|HP Percentage Mod: HP is shown in percentages
|rule|Endless Battle Clause: Forcing endless battles is banned
|rule|Species Clause: Limit one of each Pokémon
|rule|OHKO Clause: OHKO moves are banned
|rule|Evasion Items Clause: Evasion items are banned
|rule|Evasion Moves Clause: Evasion moves are banned
|rule|Evasion Abilities Clause: Evasion abilities are banned
|rule|Sleep Moves Clause: Sleep-inducing moves are banned
|clearpoke
|poke|p1|Hydreigon, F|
|poke|p1|Cobalion|
|poke|p1|Rillaboom, M|
|poke|p1|Blissey, F|
|poke|p1|Krookodile, M|
|poke|p1|Moltres|
|poke|p2|Ceruledge, M|
|poke|p2|Kyurem|
|poke|p2|Iron Valiant|
|poke|p2|Great Tusk|
|poke|p2|Zapdos|
|poke|p2|Deoxys-Speed|
|teampreview
|inactive|Battle timer is ON: inactive players will automatically lose when time's up. (requested by voidguy96)
|
|t:|1769332821
|teamsize|p1|6
|teamsize|p2|6
|start
|switch|p1a: Cobalion|Cobalion|100/100
|switch|p2a: Zapdos|Zapdos|100/100
|turn|1
|
|t:|1769332830
|switch|p1a: Blissey|Blissey, F|100/100
|move|p2a: Zapdos|Hurricane|p1a: Blissey|[miss]
|-miss|p2a: Zapdos|p1a: Blissey
|
|upkeep
|turn|2
|
|t:|1769332841
|move|p2a: Zapdos|Volt Switch|p1a: Blissey
|-damage|p1a: Blissey|88/100
|
|t:|1769332843
|switch|p2a: Great Tusk|Great Tusk|100/100|[from] Volt Switch
|move|p1a: Blissey|Trick|p2a: Great Tusk
|-activate|p1a: Blissey|move: Trick|[of] p2a: Great Tusk
|-item|p2a: Great Tusk|Choice Specs|[from] move: Trick
|-item|p1a: Blissey|Leftovers|[from] move: Trick
|
|-heal|p1a: Blissey|95/100|[from] item: Leftovers
|upkeep
|turn|3
|
|t:|1769332857
|switch|p1a: Moltres|Moltres|100/100
|move|p2a: Great Tusk|Stealth Rock|p1a: Moltres
|-sidestart|p1: bobblerman|move: Stealth Rock
|
|upkeep
|turn|4
|
|t:|1769332869
|-end|p2a: Great Tusk|Protosynthesis|[silent]
|switch|p2a: Zapdos|Zapdos|100/100
|move|p1a: Moltres|Hurricane|p2a: Zapdos|[miss]
|-miss|p1a: Moltres|p2a: Zapdos
|
|upkeep
|turn|5
|
|t:|1769332875
|switch|p1a: Blissey|Blissey, F|95/100
|-damage|p1a: Blissey|82/100|[from] Stealth Rock
|move|p2a: Zapdos|Discharge|p1a: Blissey
|-damage|p1a: Blissey|69/100
|
|-heal|p1a: Blissey|75/100|[from] item: Leftovers
|upkeep
|turn|6
|
|t:|1769332885
|move|p2a: Zapdos|Volt Switch|p1a: Blissey
|-damage|p1a: Blissey|62/100
|
|t:|1769332887
|switch|p2a: Great Tusk|Great Tusk|100/100|[from] Volt Switch
|move|p1a: Blissey|Ice Beam|p2a: Great Tusk
|-supereffective|p2a: Great Tusk
|-damage|p2a: Great Tusk|38/100
|
|-heal|p1a: Blissey|69/100|[from] item: Leftovers
|upkeep
|turn|7
|
|t:|1769332893
|switch|p1a: Moltres|Moltres|100/100
|move|p2a: Great Tusk|Knock Off|p1a: Moltres
|-damage|p1a: Moltres|78/100
|-enditem|p1a: Moltres|Heavy-Duty Boots|[from] move: Knock Off|[of] p2a: Great Tusk
|
|upkeep
|turn|8
|
|t:|1769332905
|move|p2a: Great Tusk|Knock Off|p1a: Moltres
|-damage|p1a: Moltres|62/100
|move|p1a: Moltres|Hurricane|p2a: Great Tusk|[miss]
|-miss|p1a: Moltres|p2a: Great Tusk
|
|upkeep
|turn|9
|
|t:|1769332909
|move|p2a: Great Tusk|Knock Off|p1a: Moltres
|-damage|p1a: Moltres|49/100
|move|p1a: Moltres|Hurricane|p2a: Great Tusk|[miss]
|-miss|p1a: Moltres|p2a: Great Tusk
|
|upkeep
|turn|10
|
|t:|1769332912
|move|p2a: Great Tusk|Knock Off|p1a: Moltres
|-damage|p1a: Moltres|34/100
|move|p1a: Moltres|Hurricane|p2a: Great Tusk|[miss]
|-miss|p1a: Moltres|p2a: Great Tusk
|
|upkeep
|turn|11
|
|t:|1769332918
|move|p2a: Great Tusk|Knock Off|p1a: Moltres
|-damage|p1a: Moltres|18/100
|-status|p2a: Great Tusk|brn|[from] ability: Flame Body|[of] p1a: Moltres
|move|p1a: Moltres|Hurricane|p2a: Great Tusk|[miss]
|-miss|p1a: Moltres|p2a: Great Tusk
|
|-damage|p2a: Great Tusk|32/100 brn|[from] brn
|upkeep
|turn|12
|
|t:|1769332923
|move|p2a: Great Tusk|Knock Off|p1a: Moltres
|-damage|p1a: Moltres|10/100
|move|p1a: Moltres|Roost|p1a: Moltres
|-heal|p1a: Moltres|60/100
|-singleturn|p1a: Moltres|move: Roost
|
|-damage|p2a: Great Tusk|25/100 brn|[from] brn
|upkeep
|turn|13
|
|t:|1769332928
|move|p2a: Great Tusk|Knock Off|p1a: Moltres
|-damage|p1a: Moltres|53/100
|move|p1a: Moltres|Roost|p1a: Moltres
|-heal|p1a: Moltres|100/100
|-singleturn|p1a: Moltres|move: Roost
|
|-damage|p2a: Great Tusk|19/100 brn|[from] brn
|upkeep
|turn|14
|
|t:|1769332937
|move|p2a: Great Tusk|Knock Off|p1a: Moltres
|-crit|p1a: Moltres
|-damage|p1a: Moltres|90/100
|move|p1a: Moltres|Roost|p1a: Moltres
|-heal|p1a: Moltres|100/100
|-singleturn|p1a: Moltres|move: Roost
|
|-damage|p2a: Great Tusk|13/100 brn|[from] brn
|upkeep
|turn|15
|
|t:|1769332939
|move|p2a: Great Tusk|Knock Off|p1a: Moltres
|-damage|p1a: Moltres|93/100
|move|p1a: Moltres|U-turn|p2a: Great Tusk
|-resisted|p2a: Great Tusk
|-damage|p2a: Great Tusk|10/100 brn
|
|t:|1769332945
|switch|p1a: Rillaboom|Rillaboom, M|100/100|[from] U-turn
|-damage|p1a: Rillaboom|88/100|[from] Stealth Rock
|-fieldstart|move: Grassy Terrain|[from] ability: Grassy Surge|[of] p1a: Rillaboom
|
|-heal|p1a: Rillaboom|94/100|[from] Grassy Terrain
|-heal|p2a: Great Tusk|16/100 brn|[from] Grassy Terrain
|-damage|p2a: Great Tusk|10/100 brn|[from] brn
|upkeep
|turn|16
|
|t:|1769332948
|move|p1a: Rillaboom|Grassy Glide|p2a: Great Tusk
|-supereffective|p2a: Great Tusk
|-damage|p2a: Great Tusk|0 fnt
|faint|p2a: Great Tusk
|-end|p2a: Great Tusk|Protosynthesis|[silent]
|-damage|p1a: Rillaboom|84/100|[from] item: Life Orb
|
|-heal|p1a: Rillaboom|91/100|[from] Grassy Terrain
|upkeep
|
|t:|1769332951
|switch|p2a: Technoblade|Ceruledge, M|100/100
|turn|17
|
|t:|1769332960
|move|p1a: Rillaboom|High Horsepower|p2a: Technoblade
|-supereffective|p2a: Technoblade
|-damage|p2a: Technoblade|0 fnt
|faint|p2a: Technoblade
|-damage|p1a: Rillaboom|81/100|[from] item: Life Orb
|
|-heal|p1a: Rillaboom|87/100|[from] Grassy Terrain
|upkeep
|
|t:|1769332966
|switch|p2a: Kyurem|Kyurem|100/100
|-ability|p2a: Kyurem|Pressure
|turn|18
|
|t:|1769332970
|move|p2a: Kyurem|Ice Beam|p1a: Rillaboom
|-supereffective|p1a: Rillaboom
|-damage|p1a: Rillaboom|0 fnt
|faint|p1a: Rillaboom
|
|upkeep
|
|t:|1769332981
|switch|p1a: Blissey|Blissey, F|69/100
|-damage|p1a: Blissey|56/100|[from] Stealth Rock
|turn|19
|
|t:|1769332986
|move|p2a: Kyurem|Ice Beam|p1a: Blissey
|-damage|p1a: Blissey|26/100
|move|p1a: Blissey|Thunderbolt|p2a: Kyurem
|-resisted|p2a: Kyurem
|-damage|p2a: Kyurem|88/100
|
|-heal|p2a: Kyurem|95/100|[from] Grassy Terrain
|-heal|p1a: Blissey|32/100|[from] Grassy Terrain
|-heal|p1a: Blissey|38/100|[from] item: Leftovers
|-fieldend|move: Grassy Terrain
|upkeep
|turn|20
|
|t:|1769332991
|move|p2a: Kyurem|Ice Beam|p1a: Blissey
|-damage|p1a: Blissey|10/100
|move|p1a: Blissey|Soft-Boiled|p1a: Blissey
|-heal|p1a: Blissey|60/100
|
|-heal|p1a: Blissey|66/100|[from] item: Leftovers
|upkeep
|turn|21
|
|t:|1769332995
|move|p2a: Kyurem|Ice Beam|p1a: Blissey
|-damage|p1a: Blissey|36/100
|move|p1a: Blissey|Thunderbolt|p2a: Kyurem
|-resisted|p2a: Kyurem
|-damage|p2a: Kyurem|84/100
|-status|p2a: Kyurem|par
|
|-heal|p1a: Blissey|43/100|[from] item: Leftovers
|upkeep
|turn|22
|
|t:|1769333000
|move|p1a: Blissey|Soft-Boiled|p1a: Blissey
|-heal|p1a: Blissey|93/100
|move|p2a: Kyurem|Ice Beam|p1a: Blissey
|-damage|p1a: Blissey|66/100
|
|-heal|p1a: Blissey|72/100|[from] item: Leftovers
|upkeep
|turn|23
|
|t:|1769333004
|move|p1a: Blissey|Thunderbolt|p2a: Kyurem
|-resisted|p2a: Kyurem
|-damage|p2a: Kyurem|73/100 par
|move|p2a: Kyurem|Ice Beam|p1a: Blissey
|-damage|p1a: Blissey|46/100
|
|-heal|p1a: Blissey|52/100|[from] item: Leftovers
|upkeep
|turn|24
|
|t:|1769333007
|move|p1a: Blissey|Ice Beam|p2a: Kyurem
|-damage|p2a: Kyurem|51/100 par
|move|p2a: Kyurem|Ice Beam|p1a: Blissey
|-damage|p1a: Blissey|25/100
|
|-heal|p1a: Blissey|31/100|[from] item: Leftovers
|upkeep
|turn|25
|
|t:|1769333010
|move|p1a: Blissey|Soft-Boiled|p1a: Blissey
|-heal|p1a: Blissey|81/100
|move|p2a: Kyurem|Ice Beam|p1a: Blissey
|-damage|p1a: Blissey|53/100
|
|-heal|p1a: Blissey|59/100|[from] item: Leftovers
|upkeep
|turn|26
|
|t:|1769333014
|move|p1a: Blissey|Ice Beam|p2a: Kyurem
|-damage|p2a: Kyurem|30/100 par
|cant|p2a: Kyurem|par
|
|-heal|p1a: Blissey|65/100|[from] item: Leftovers
|upkeep
|turn|27
|
|t:|1769333017
|move|p1a: Blissey|Ice Beam|p2a: Kyurem
|-damage|p2a: Kyurem|7/100 par
|move|p2a: Kyurem|Ice Beam|p1a: Blissey
|-damage|p1a: Blissey|38/100
|
|-heal|p1a: Blissey|45/100|[from] item: Leftovers
|upkeep
|turn|28
|
|t:|1769333025
|move|p1a: Blissey|Soft-Boiled|p1a: Blissey
|-heal|p1a: Blissey|95/100
|cant|p2a: Kyurem|par
|
|-heal|p1a: Blissey|100/100|[from] item: Leftovers
|upkeep
|turn|29
|
|t:|1769333029
|move|p1a: Blissey|Ice Beam|p2a: Kyurem
|-damage|p2a: Kyurem|0 fnt
|faint|p2a: Kyurem
|
|upkeep
|
|t:|1769333031
|switch|p2a: Deoxys|Deoxys-Speed|100/100
|-ability|p2a: Deoxys|Pressure
|turn|30
|
|t:|1769333034
|switch|p1a: Moltres|Moltres|93/100
|-damage|p1a: Moltres|43/100|[from] Stealth Rock
|move|p2a: Deoxys|Superpower|p1a: Moltres
|-resisted|p1a: Moltres
|-damage|p1a: Moltres|30/100
|-unboost|p2a: Deoxys|atk|1
|-unboost|p2a: Deoxys|def|1
|-status|p2a: Deoxys|brn|[from] ability: Flame Body|[of] p1a: Moltres
|-damage|p2a: Deoxys|91/100 brn|[from] item: Life Orb
|
|-damage|p2a: Deoxys|84/100 brn|[from] brn
|upkeep
|turn|31
|
|t:|1769333040
|move|p2a: Deoxys|Ice Beam|p1a: Moltres
|-damage|p1a: Moltres|0 fnt
|faint|p1a: Moltres
|-damage|p2a: Deoxys|74/100 brn|[from] item: Life Orb
|
|-damage|p2a: Deoxys|68/100 brn|[from] brn
|upkeep
|
|t:|1769333049
|switch|p1a: Cobalion|Cobalion|100/100
|turn|32
|
|t:|1769333057
|move|p2a: Deoxys|Psycho Boost|p1a: Cobalion
|-damage|p1a: Cobalion|19/100
|-unboost|p2a: Deoxys|spa|2
|-damage|p2a: Deoxys|58/100 brn|[from] item: Life Orb
|move|p1a: Cobalion|Body Press|p2a: Deoxys
|-resisted|p2a: Deoxys
|-damage|p2a: Deoxys|7/100 brn
|
|-damage|p2a: Deoxys|0 fnt|[from] brn
|faint|p2a: Deoxys
|upkeep
|
|t:|1769333066
|switch|p2a: Bisexual|Iron Valiant|100/100
|-enditem|p2a: Bisexual|Booster Energy
|-activate|p2a: Bisexual|ability: Quark Drive|[fromitem]
|-start|p2a: Bisexual|quarkdrivespe
|turn|33
|
|t:|1769333069
|move|p2a: Bisexual|Moonblast|p1a: Cobalion
|-damage|p1a: Cobalion|0 fnt
|faint|p1a: Cobalion
|
|upkeep
|
|t:|1769333073
|switch|p1a: Blissey|Blissey, F|100/100
|-damage|p1a: Blissey|88/100|[from] Stealth Rock
|turn|34
|
|t:|1769333080
|move|p2a: Bisexual|Close Combat|p1a: Blissey
|-supereffective|p1a: Blissey
|-damage|p1a: Blissey|0 fnt
|-unboost|p2a: Bisexual|def|1
|-unboost|p2a: Bisexual|spd|1
|faint|p1a: Blissey
|
|upkeep
|
|t:|1769333101
|switch|p1a: Krookodile|Krookodile, M|100/100
|-damage|p1a: Krookodile|94/100|[from] Stealth Rock
|-ability|p1a: Krookodile|Intimidate|boost
|-unboost|p2a: Bisexual|atk|1
|turn|35
|
|t:|1769333111
|move|p2a: Bisexual|Close Combat|p1a: Krookodile
|-supereffective|p1a: Krookodile
|-damage|p1a: Krookodile|13/100
|-unboost|p2a: Bisexual|def|1
|-unboost|p2a: Bisexual|spd|1
|move|p1a: Krookodile|Earthquake|p2a: Bisexual
|-damage|p2a: Bisexual|0 fnt
|faint|p2a: Bisexual
|-end|p2a: Bisexual|Quark Drive|[silent]
|
|upkeep
|
|t:|1769333118
|switch|p2a: Zapdos|Zapdos|100/100
|turn|36
|
|t:|1769333129
|move|p1a: Krookodile|Earthquake|p2a: Zapdos
|-immune|p2a: Zapdos
|move|p2a: Zapdos|Hurricane|p1a: Krookodile
|-damage|p1a: Krookodile|0 fnt
|faint|p1a: Krookodile
|
|upkeep
|
|t:|1769333130
|switch|p1a: Hydreigon|Hydreigon, F|100/100
|-damage|p1a: Hydreigon|88/100|[from] Stealth Rock
|turn|37
|
|t:|1769333136
|move|p1a: Hydreigon|Dark Pulse|p2a: Zapdos
|-damage|p2a: Zapdos|44/100
|move|p2a: Zapdos|Discharge|p1a: Hydreigon
|-resisted|p1a: Hydreigon
|-damage|p1a: Hydreigon|70/100
|
|upkeep
|turn|38
|
|t:|1769333141
|move|p1a: Hydreigon|Dark Pulse|p2a: Zapdos
|-damage|p2a: Zapdos|0 fnt
|faint|p2a: Zapdos
|
|win|bobblerman
|raw|bobblerman's rating: 1171 &rarr; <strong>1202</strong><br />(+31 for winning)
|raw|voidguy96's rating: 1257 &rarr; <strong>1226</strong><br />(-31 for losing)
|l|☆bobblerman
|player|p1|
|l|☆voidguy96
|player|p2|
