|badge|p2|bronze|gen9randombattle|100-8
|uhtml|medal-msg|<div class="broadcast-blue">Curious what those medals under the avatar are? PS now has Ladder Seasons! For more information, check out the <a href="https://www.smogon.com/forums/threads/3740067/">thread on Smogon.</a></div>
|j|☆acidosis
|j|☆Emkatt
|t:|1769309009
|gametype|singles
|player|p1|acidosis|169|1414
|player|p2|Emkatt|acetrainer-gen2|1484
|gen|9
|tier|[Gen 9] OU
|rated|
|rule|HP Percentage Mod: HP is shown in percentages
|rule|Endless Battle Clause: Forcing endless battles is banned
|rule|Species Clause: Limit one of each Pokémon
|rule|OHKO Clause: OHKO moves are banned
|rule|Evasion Items Clause: Evasion items are banned
|rule|Evasion Moves Clause: Evasion moves are banned
|rule|Evasion Abilities Clause: Evasion abilities are banned
|rule|Sleep Moves Clause: Sleep-inducing moves are banned
|clearpoke
|poke|p1|Ninetales-Alola, F|
|poke|p1|Lurantis, F|
|poke|p1|Quaquaval, M|
|poke|p1|Moltres-Galar|
|poke|p1|Garchomp, M|
|poke|p1|Iron Boulder|
|poke|p2|Garganacl, M|
|poke|p2|Darkrai|
|poke|p2|Great Tusk|
|poke|p2|Hatterene, F|
|poke|p2|Tornadus-Therian, M|
|poke|p2|Dragonite, M|
|teampreview
|
|t:|1769309037
|teamsize|p1|6
|teamsize|p2|6
|start
|switch|p1a: Ninetales|Ninetales-Alola, F|100/100
|switch|p2a: Garganacl|Garganacl, M|100/100
|-weather|Snowscape|[from] ability: Snow Warning|[of] p1a: Ninetales
|turn|1
|
|t:|1769309043
|move|p1a: Ninetales|Aurora Veil|p1a: Ninetales
|-sidestart|p1: acidosis|move: Aurora Veil
|move|p2a: Garganacl|Salt Cure|p1a: Ninetales
|-supereffective|p1a: Ninetales
|-damage|p1a: Ninetales|88/100
|-start|p1a: Ninetales|Salt Cure
|
|-weather|Snowscape|[upkeep]
|-damage|p1a: Ninetales|76/100|[from] Salt Cure
|upkeep
|turn|2
|
|t:|1769309047
|switch|p1a: Lurantis|Lurantis, F|100/100
|move|p2a: Garganacl|Stealth Rock|p1a: Lurantis
|-sidestart|p1: acidosis|move: Stealth Rock
|
|-weather|Snowscape|[upkeep]
|upkeep
|turn|3
|
|t:|1769309053
|switch|p2a: Hatterene|Hatterene, F|100/100
|move|p1a: Lurantis|Leaf Storm|p2a: Hatterene
|-damage|p2a: Hatterene|62/100
|-boost|p1a: Lurantis|spa|2
|
|-weather|Snowscape|[upkeep]
|upkeep
|turn|4
|
|t:|1769309082
|-terastallize|p2a: Hatterene|Flying
|move|p1a: Lurantis|Leaf Storm|p2a: Hatterene
|-resisted|p2a: Hatterene
|-damage|p2a: Hatterene|21/100
|-boost|p1a: Lurantis|spa|2
|move|p2a: Hatterene|Pain Split|p1a: Lurantis
|-sethp|p1a: Lurantis|60/100|[from] move: Pain Split|[silent]
|-sethp|p2a: Hatterene|65/100|[from] move: Pain Split
|
|-weather|Snowscape|[upkeep]
|upkeep
|turn|5
|
|t:|1769309096
|move|p1a: Lurantis|Superpower|p2a: Hatterene
|-resisted|p2a: Hatterene
|-damage|p2a: Hatterene|54/100
|-boost|p1a: Lurantis|atk|1
|-boost|p1a: Lurantis|def|1
|-damage|p1a: Lurantis|43/100|[from] item: Rocky Helmet|[of] p2a: Hatterene
|move|p2a: Hatterene|Nuzzle|p1a: Lurantis
|-resisted|p1a: Lurantis
|-damage|p1a: Lurantis|43/100
|-status|p1a: Lurantis|par
|
|-weather|none
|upkeep
|turn|6
|
|t:|1769309109
|move|p1a: Lurantis|Superpower|p2a: Hatterene
|-resisted|p2a: Hatterene
|-damage|p2a: Hatterene|38/100
|-boost|p1a: Lurantis|atk|1
|-boost|p1a: Lurantis|def|1
|-damage|p1a: Lurantis|26/100 par|[from] item: Rocky Helmet|[of] p2a: Hatterene
|move|p2a: Hatterene|Dazzling Gleam|p1a: Lurantis
|-damage|p1a: Lurantis|12/100 par
|
|upkeep
|turn|7
|
|t:|1769309117
|move|p2a: Hatterene|Dazzling Gleam|p1a: Lurantis
|-damage|p1a: Lurantis|0 fnt
|faint|p1a: Lurantis
|
|upkeep
|-message|acidosis forfeited.
|
|win|Emkatt
|raw|acidosis's rating: 1414 &rarr; <strong>1398</strong><br />(-16 for losing)
|raw|Emkatt's rating: 1484 &rarr; <strong>1500</strong><br />(+16 for winning)
|l|☆acidosis
|player|p1|
|l|☆Emkatt
|player|p2|
