|j|☆patea viejitas
|j|☆dshepart
|t:|1769434989
|gametype|singles
|player|p1|patea viejitas|ltsurge|1306
|player|p2|dshepart|artist|1261
|gen|9
|tier|[Gen 9] OU
|rated|
|rule|HP Percentage Mod: HP is shown in percentages
|rule|Endless Battle Clause: Forcing endless battles is banned
|rule|Species Clause: Limit one of each Pokémon
|rule|OHKO Clause: OHKO moves are banned
|rule|Evasion Items Clause: Evasion items are banned
|rule|Evasion Moves Clause: Evasion moves are banned
|rule|Evasion Abilities Clause: Evasion abilities are banned
|rule|Sleep Moves Clause: Sleep-inducing moves are banned
|clearpoke
|poke|p1|Dragapult, M|
|poke|p1|Skeledirge, M|
|poke|p1|Dragonite, M|
|poke|p1|Samurott-Hisui, M|
|poke|p1|Great Tusk|
|poke|p1|Gholdengo|
|poke|p2|Azelf|
|poke|p2|Great Tusk|
|poke|p2|Kingambit, F|
|poke|p2|Sinistcha-Masterpiece|
|poke|p2|Walking Wake|
|poke|p2|Dragapult, M|
|teampreview
|j| Sachard'assault
|c|☆patea viejitas|glhf
|inactive|Battle timer is ON: inactive players will automatically lose when time's up. (requested by patea viejitas)
|inactive|dshepart has 120 seconds left.
|inactive|dshepart has 90 seconds left.
|inactive|dshepart has 60 seconds left.
|l| Sachard'assault
|inactive|dshepart has 30 seconds left.
|
|t:|1769435129
|teamsize|p1|6
|teamsize|p2|6
|start
|switch|p1a: Samurott|Samurott-Hisui, M|100/100
|switch|p2a: Azelf|Azelf|100/100
|turn|1
|c|☆patea viejitas|bruh
|inactive|dshepart has 90 seconds left.
|
|t:|1769435135
|move|p2a: Azelf|Thunderbolt|p1a: Samurott
|-supereffective|p1a: Samurott
|-damage|p1a: Samurott|15/100
|move|p1a: Samurott|Ceaseless Edge|p2a: Azelf
|-supereffective|p2a: Azelf
|-enditem|p2a: Azelf|Focus Sash
|-damage|p2a: Azelf|1/100
|-sidestart|p2: dshepart|Spikes
|
|upkeep
|turn|2
|
|t:|1769435144
|switch|p2a: Great Tusk|Great Tusk|100/100
|-damage|p2a: Great Tusk|88/100|[from] Spikes
|move|p1a: Samurott|Aqua Jet|p2a: Great Tusk
|-supereffective|p2a: Great Tusk
|-damage|p2a: Great Tusk|63/100
|
|-heal|p2a: Great Tusk|70/100|[from] item: Leftovers
|upkeep
|turn|3
|
|t:|1769435148
|move|p2a: Great Tusk|Rapid Spin|p1a: Samurott
|-damage|p1a: Samurott|0 fnt
|-boost|p2a: Great Tusk|spe|1
|-sideend|p2: dshepart|Spikes|[from] move: Rapid Spin|[of] p2a: Great Tusk
|faint|p1a: Samurott
|
|-heal|p2a: Great Tusk|76/100|[from] item: Leftovers
|upkeep
|
|t:|1769435157
|switch|p1a: Dragonite|Dragonite, M|100/100
|turn|4
|
|t:|1769435160
|move|p2a: Great Tusk|Ice Spinner|p1a: Dragonite
|-supereffective|p1a: Dragonite
|-damage|p1a: Dragonite|39/100
|move|p1a: Dragonite|Dragon Dance|p1a: Dragonite
|-boost|p1a: Dragonite|atk|1
|-boost|p1a: Dragonite|spe|1
|
|-heal|p2a: Great Tusk|82/100|[from] item: Leftovers
|upkeep
|turn|5
|
|t:|1769435166
|move|p2a: Great Tusk|Ice Spinner|p1a: Dragonite
|-supereffective|p1a: Dragonite
|-damage|p1a: Dragonite|0 fnt
|faint|p1a: Dragonite
|
|-heal|p2a: Great Tusk|88/100|[from] item: Leftovers
|upkeep
|
|t:|1769435169
|switch|p1a: Skeledirge|Skeledirge, M|100/100
|turn|6
|
|t:|1769435173
|move|p2a: Great Tusk|Headlong Rush|p1a: Skeledirge
|-supereffective|p1a: Skeledirge
|-damage|p1a: Skeledirge|0 fnt
|-unboost|p2a: Great Tusk|def|1
|-unboost|p2a: Great Tusk|spd|1
|faint|p1a: Skeledirge
|
|-heal|p2a: Great Tusk|94/100|[from] item: Leftovers
|upkeep
|
|t:|1769435181
|switch|p1a: Dragapult|Dragapult, M|100/100
|turn|7
|
|t:|1769435188
|move|p2a: Great Tusk|Ice Spinner|p1a: Dragapult
|-supereffective|p1a: Dragapult
|-damage|p1a: Dragapult|20/100
|move|p1a: Dragapult|Dragon Darts|p2a: Great Tusk
|-damage|p2a: Great Tusk|56/100
|-anim|p1a: Dragapult|Dragon Darts|p2a: Great Tusk
|-damage|p2a: Great Tusk|23/100
|-damage|p1a: Dragapult|10/100|[from] item: Life Orb
|
|-heal|p2a: Great Tusk|29/100|[from] item: Leftovers
|upkeep
|turn|8
|
|t:|1769435194
|move|p1a: Dragapult|Sucker Punch|p2a: Great Tusk
|-resisted|p2a: Great Tusk
|-damage|p2a: Great Tusk|14/100
|-damage|p1a: Dragapult|0 fnt|[from] item: Life Orb
|faint|p1a: Dragapult
|move|p2a: Great Tusk|Ice Spinner|p1: Dragapult|[notarget]
|-fail|p2a: Great Tusk
|
|-heal|p2a: Great Tusk|20/100|[from] item: Leftovers
|upkeep
|-message|patea viejitas forfeited.
|
|win|dshepart
|raw|patea viejitas's rating: 1306 &rarr; <strong>1283</strong><br />(-23 for losing)
|raw|dshepart's rating: 1261 &rarr; <strong>1289</strong><br />(+28 for winning)
|l|☆patea viejitas
|player|p1|
|l|☆dshepart
|player|p2|
