|j|☆Cyclepaf
|j|☆apexacer
|t:|1769343648
|gametype|singles
|player|p1|Cyclepaf|cynthia|1586
|player|p2|apexacer|265|1550
|gen|9
|tier|[Gen 9] OU
|rated|
|rule|HP Percentage Mod: HP is shown in percentages
|rule|Endless Battle Clause: Forcing endless battles is banned
|rule|Species Clause: Limit one of each Pokémon
|rule|OHKO Clause: OHKO moves are banned
|rule|Evasion Items Clause: Evasion items are banned
|rule|Evasion Moves Clause: Evasion moves are banned
|rule|Evasion Abilities Clause: Evasion abilities are banned
|rule|Sleep Moves Clause: Sleep-inducing moves are banned
|clearpoke
|poke|p1|Pecharunt|
|poke|p1|Meloetta|
|poke|p1|Hoopa-Unbound|
|poke|p1|Darkrai|
|poke|p1|Great Tusk|
|poke|p1|Ceruledge, F|
|poke|p2|Indeedee, M|
|poke|p2|Kingambit, F|
|poke|p2|Polteageist|
|poke|p2|Grimmsnarl, M|
|poke|p2|Great Tusk|
|poke|p2|Kyurem|
|teampreview
|j| nitroLazer120
|
|t:|1769343655
|teamsize|p1|6
|teamsize|p2|6
|start
|switch|p1a: Hoopa|Hoopa-Unbound|100/100
|switch|p2a: Great Tusk|Great Tusk|100/100
|turn|1
|inactive|Battle timer is ON: inactive players will automatically lose when time's up. (requested by apexacer)
|
|t:|1769343664
|switch|p1a: Pecharunt|Pecharunt|100/100
|move|p2a: Great Tusk|Stealth Rock|p1a: Pecharunt
|-sidestart|p1: Cyclepaf|move: Stealth Rock
|
|upkeep
|turn|2
|
|t:|1769343675
|move|p2a: Great Tusk|Headlong Rush|p1a: Pecharunt
|-supereffective|p1a: Pecharunt
|-damage|p1a: Pecharunt|40/100
|-unboost|p2a: Great Tusk|def|1
|-unboost|p2a: Great Tusk|spd|1
|move|p1a: Pecharunt|Malignant Chain|p2a: Great Tusk
|-resisted|p2a: Great Tusk
|-damage|p2a: Great Tusk|63/100
|
|-heal|p1a: Pecharunt|47/100|[from] item: Leftovers
|upkeep
|turn|3
|
|t:|1769343683
|-terastallize|p1a: Pecharunt|Flying
|move|p2a: Great Tusk|Headlong Rush|p1a: Pecharunt
|-immune|p1a: Pecharunt
|move|p1a: Pecharunt|Malignant Chain|p2a: Great Tusk
|-resisted|p2a: Great Tusk
|-damage|p2a: Great Tusk|27/100
|-status|p2a: Great Tusk|tox
|-start|p2a: Great Tusk|confusion|[from] ability: Poison Puppeteer|[of] p1a: Pecharunt
|
|-heal|p1a: Pecharunt|53/100|[from] item: Leftovers
|-damage|p2a: Great Tusk|21/100 tox|[from] psn
|upkeep
|turn|4
|
|t:|1769343689
|-end|p2a: Great Tusk|Protosynthesis|[silent]
|switch|p2a: Kyurem|Kyurem|100/100
|-ability|p2a: Kyurem|Pressure
|move|p1a: Pecharunt|Hex|p2a: Kyurem
|-damage|p2a: Kyurem|81/100
|
|-heal|p1a: Pecharunt|59/100|[from] item: Leftovers
|upkeep
|turn|5
|
|t:|1769343698
|switch|p1a: Hoopa|Hoopa-Unbound|100/100
|-damage|p1a: Hoopa|88/100|[from] Stealth Rock
|move|p2a: Kyurem|Draco Meteor|p1a: Hoopa
|-damage|p1a: Hoopa|41/100
|-unboost|p2a: Kyurem|spa|2
|
|upkeep
|turn|6
|
|t:|1769343709
|switch|p2a: Great Tusk|Great Tusk|21/100 tox
|move|p1a: Hoopa|Drain Punch|p2a: Great Tusk
|-damage|p2a: Great Tusk|1/100 tox
|-heal|p1a: Hoopa|54/100|[from] drain|[of] p2a: Great Tusk
|-damage|p1a: Hoopa|37/100|[from] item: Rocky Helmet|[of] p2a: Great Tusk
|
|-damage|p2a: Great Tusk|0 fnt|[from] psn
|faint|p2a: Great Tusk
|-end|p2a: Great Tusk|Protosynthesis|[silent]
|upkeep
|
|t:|1769343724
|switch|p2a: Kyurem|Kyurem|81/100
|-ability|p2a: Kyurem|Pressure
|turn|7
|inactive|apexacer has 120 seconds left.
|
|t:|1769343751
|move|p2a: Kyurem|Freeze-Dry|p1a: Hoopa
|-damage|p1a: Hoopa|14/100
|move|p1a: Hoopa|Drain Punch|p2a: Kyurem
|-supereffective|p2a: Kyurem
|-damage|p2a: Kyurem|24/100
|-heal|p1a: Hoopa|51/100|[from] drain|[of] p2a: Kyurem
|
|upkeep
|turn|8
|
|t:|1769343759
|move|p2a: Kyurem|Freeze-Dry|p1a: Hoopa
|-damage|p1a: Hoopa|27/100
|move|p1a: Hoopa|Drain Punch|p2a: Kyurem
|-supereffective|p2a: Kyurem
|-damage|p2a: Kyurem|0 fnt
|-heal|p1a: Hoopa|42/100|[from] drain|[of] p2a: Kyurem
|faint|p2a: Kyurem
|
|upkeep
|
|t:|1769343767
|switch|p2a: Grimmsnarl|Grimmsnarl, M|100/100
|turn|9
|
|t:|1769343782
|move|p2a: Grimmsnarl|Reflect|p2a: Grimmsnarl
|-sidestart|p2: apexacer|Reflect
|move|p1a: Hoopa|Drain Punch|p2a: Grimmsnarl
|-damage|p2a: Grimmsnarl|84/100
|-heal|p1a: Hoopa|53/100|[from] drain|[of] p2a: Grimmsnarl
|
|upkeep
|turn|10
|
|t:|1769343791
|move|p1a: Hoopa|Drain Punch|p2a: Grimmsnarl
|-damage|p2a: Grimmsnarl|68/100
|-heal|p1a: Hoopa|64/100|[from] drain|[of] p2a: Grimmsnarl
|move|p2a: Grimmsnarl|Spirit Break|p1a: Hoopa
|-supereffective|p1a: Hoopa
|-damage|p1a: Hoopa|0 fnt
|faint|p1a: Hoopa
|
|upkeep
|
|t:|1769343795
|switch|p1a: Ceruledge|Ceruledge, F|100/100
|-damage|p1a: Ceruledge|76/100|[from] Stealth Rock
|turn|11
|
|t:|1769343808
|move|p2a: Grimmsnarl|Thunder Wave|p1a: Ceruledge
|-status|p1a: Ceruledge|par
|move|p1a: Ceruledge|Bitter Blade|p2a: Grimmsnarl
|-damage|p2a: Grimmsnarl|36/100
|-heal|p1a: Ceruledge|97/100 par|[from] drain|[of] p2a: Grimmsnarl
|
|upkeep
|turn|12
|
|t:|1769343820
|move|p2a: Grimmsnarl|Light Screen|p2a: Grimmsnarl
|-sidestart|p2: apexacer|move: Light Screen
|move|p1a: Ceruledge|Bitter Blade|p2a: Grimmsnarl
|-damage|p2a: Grimmsnarl|2/100
|-heal|p1a: Ceruledge|100/100 par|[from] drain|[of] p2a: Grimmsnarl
|
|upkeep
|turn|13
|inactive|Cyclepaf has 120 seconds left.
|inactive|Cyclepaf has 90 seconds left.
|
|t:|1769343905
|move|p2a: Grimmsnarl|Spirit Break|p1a: Ceruledge
|-resisted|p1a: Ceruledge
|-damage|p1a: Ceruledge|79/100 par
|-unboost|p1a: Ceruledge|spa|1
|-ability|p1a: Ceruledge|Weak Armor|boost
|-unboost|p1a: Ceruledge|def|1
|-boost|p1a: Ceruledge|spe|2
|move|p1a: Ceruledge|Bitter Blade|p2a: Grimmsnarl
|-damage|p2a: Grimmsnarl|0 fnt
|-heal|p1a: Ceruledge|80/100 par|[from] drain|[of] p2a: Grimmsnarl
|faint|p2a: Grimmsnarl
|
|upkeep
|
|t:|1769343917
|switch|p2a: Polteageist|Polteageist|100/100
|turn|14
|
|t:|1769343925
|move|p1a: Ceruledge|Poltergeist|p2a: Polteageist|[miss]
|-miss|p1a: Ceruledge|p2a: Polteageist
|move|p2a: Polteageist|Shadow Ball|p1a: Ceruledge
|-supereffective|p1a: Ceruledge
|-damage|p1a: Ceruledge|0 fnt
|faint|p1a: Ceruledge
|
|upkeep
|
|t:|1769343939
|switch|p1a: Meloetta|Meloetta|100/100
|-damage|p1a: Meloetta|88/100|[from] Stealth Rock
|turn|15
|
|t:|1769343947
|move|p1a: Meloetta|Shadow Ball|p2a: Polteageist
|-supereffective|p2a: Polteageist
|-damage|p2a: Polteageist|71/100
|-unboost|p2a: Polteageist|spd|1
|-start|p1a: Meloetta|Disable|Shadow Ball|[from] ability: Cursed Body|[of] p2a: Polteageist
|-enditem|p2a: Polteageist|White Herb
|-clearnegativeboost|p2a: Polteageist|[silent]
|move|p2a: Polteageist|Shell Smash|p2a: Polteageist
|-unboost|p2a: Polteageist|def|1
|-unboost|p2a: Polteageist|spd|1
|-boost|p2a: Polteageist|atk|2
|-boost|p2a: Polteageist|spa|2
|-boost|p2a: Polteageist|spe|2
|
|upkeep
|turn|16
|inactive|Cyclepaf has 90 seconds left.
|
|t:|1769343972
|-terastallize|p2a: Polteageist|Fighting
|move|p2a: Polteageist|Tera Blast|p1a: Meloetta|[anim] Tera Blast Fighting
|-damage|p1a: Meloetta|13/100
|move|p1a: Meloetta|Thunder|p2a: Polteageist
|-crit|p2a: Polteageist
|-damage|p2a: Polteageist|0 fnt
|faint|p2a: Polteageist
|
|-sideend|p2: apexacer|Reflect
|upkeep
|inactive|apexacer has 120 seconds left.
|
|t:|1769343994
|switch|p2a: Kingambit|Kingambit, F|100/100
|-activate|p2a: Kingambit|ability: Supreme Overlord
|-start|p2a: Kingambit|fallen4|[silent]
|turn|17
|inactive|apexacer has 120 seconds left.
|
|t:|1769343999
|move|p2a: Kingambit|Sucker Punch|p1a: Meloetta
|-supereffective|p1a: Meloetta
|-damage|p1a: Meloetta|0 fnt
|faint|p1a: Meloetta
|
|upkeep
|
|t:|1769344002
|switch|p1a: Great Tusk|Great Tusk|100/100
|-damage|p1a: Great Tusk|97/100|[from] Stealth Rock
|-enditem|p1a: Great Tusk|Booster Energy
|-activate|p1a: Great Tusk|ability: Protosynthesis|[fromitem]
|-start|p1a: Great Tusk|protosynthesisdef
|turn|18
|
|t:|1769344008
|-end|p2a: Kingambit|fallen4|[silent]
|switch|p2a: Indeedee|Indeedee, M|100/100
|-fieldstart|move: Psychic Terrain|[from] ability: Psychic Surge|[of] p2a: Indeedee
|move|p1a: Great Tusk|Rapid Spin|p2a: Indeedee
|-damage|p2a: Indeedee|73/100
|-boost|p1a: Great Tusk|spe|1
|-sideend|p1: Cyclepaf|Stealth Rock|[from] move: Rapid Spin|[of] p1a: Great Tusk
|
|upkeep
|turn|19
|
|t:|1769344017
|-end|p1a: Great Tusk|Protosynthesis|[silent]
|switch|p1a: Darkrai|Darkrai|100/100
|move|p2a: Indeedee|Expanding Force|p1a: Darkrai
|-immune|p1a: Darkrai
|
|-sideend|p2: apexacer|move: Light Screen
|upkeep
|turn|20
|
|t:|1769344021
|switch|p2a: Kingambit|Kingambit, F|100/100
|-activate|p2a: Kingambit|ability: Supreme Overlord
|-start|p2a: Kingambit|fallen4|[silent]
|move|p1a: Darkrai|Dark Pulse|p2a: Kingambit
|-resisted|p2a: Kingambit
|-damage|p2a: Kingambit|76/100
|
|upkeep
|turn|21
|inactive|Cyclepaf has 120 seconds left.
|
|t:|1769344076
|switch|p1a: Pecharunt|Pecharunt, tera:Flying|59/100
|move|p2a: Kingambit|Iron Head|p1a: Pecharunt
|-damage|p1a: Pecharunt|30/100
|
|-heal|p1a: Pecharunt|36/100|[from] item: Leftovers
|upkeep
|turn|22
|
|t:|1769344086
|move|p1a: Pecharunt|Parting Shot|p2a: Kingambit
|-unboost|p2a: Kingambit|atk|1
|-unboost|p2a: Kingambit|spa|1
|
|t:|1769344088
|switch|p1a: Darkrai|Darkrai|100/100|[from] Parting Shot
|move|p2a: Kingambit|Swords Dance|p2a: Kingambit
|-boost|p2a: Kingambit|atk|2
|
|-fieldend|move: Psychic Terrain
|upkeep
|turn|23
|
|t:|1769344097
|move|p2a: Kingambit|Sucker Punch||[still]
|-fail|p2a: Kingambit
|move|p1a: Darkrai|Trick|p2a: Kingambit
|-activate|p1a: Darkrai|move: Trick|[of] p2a: Kingambit
|-item|p2a: Kingambit|Choice Scarf|[from] move: Trick
|-item|p1a: Darkrai|Black Glasses|[from] move: Trick
|
|upkeep
|turn|24
|
|t:|1769344109
|move|p1a: Darkrai|Focus Blast|p2a: Kingambit
|-supereffective|p2a: Kingambit
|-damage|p2a: Kingambit|0 fnt
|faint|p2a: Kingambit
|-end|p2a: Kingambit|fallen4|[silent]
|
|upkeep
|
|t:|1769344114
|switch|p2a: Indeedee|Indeedee, M|73/100
|-fieldstart|move: Psychic Terrain|[from] ability: Psychic Surge|[of] p2a: Indeedee
|turn|25
|inactive|Cyclepaf has 120 seconds left.
|
|t:|1769344158
|move|p2a: Indeedee|Dazzling Gleam|p1a: Darkrai
|-supereffective|p1a: Darkrai
|-damage|p1a: Darkrai|40/100
|move|p1a: Darkrai|Dark Pulse|p2a: Indeedee
|-supereffective|p2a: Indeedee
|-damage|p2a: Indeedee|0 fnt
|faint|p2a: Indeedee
|
|win|Cyclepaf
|raw|Cyclepaf's rating: 1586 &rarr; <strong>1604</strong><br />(+18 for winning)
|raw|apexacer's rating: 1550 &rarr; <strong>1532</strong><br />(-18 for losing)
|l|☆Cyclepaf
|player|p1|
|l|☆apexacer
|player|p2|
