|j|☆Spartior1
|j|☆Sunklisong
|t:|1769323961
|gametype|singles
|player|p1|Spartior1|1|1379
|player|p2|Sunklisong|101|1467
|gen|9
|tier|[Gen 9] OU
|rated|
|rule|HP Percentage Mod: HP is shown in percentages
|rule|Endless Battle Clause: Forcing endless battles is banned
|rule|Species Clause: Limit one of each Pokémon
|rule|OHKO Clause: OHKO moves are banned
|rule|Evasion Items Clause: Evasion items are banned
|rule|Evasion Moves Clause: Evasion moves are banned
|rule|Evasion Abilities Clause: Evasion abilities are banned
|rule|Sleep Moves Clause: Sleep-inducing moves are banned
|clearpoke
|poke|p1|Indeedee, M|
|poke|p1|Hatterene, F|
|poke|p1|Ursaluna, F|
|poke|p1|Iron Hands|
|poke|p1|Hoopa-Unbound|
|poke|p1|Mimikyu, F|
|poke|p2|Garganacl, M|
|poke|p2|Darkrai|
|poke|p2|Great Tusk|
|poke|p2|Hatterene, F|
|poke|p2|Tornadus-Therian, M|
|poke|p2|Dragonite, M|
|teampreview
|inactive|Battle timer is ON: inactive players will automatically lose when time's up. (requested by Spartior1)
|
|t:|1769323977
|teamsize|p1|6
|teamsize|p2|6
|start
|switch|p1a: Indeedee|Indeedee, M|100/100
|switch|p2a: Darkrai|Darkrai|100/100
|-fieldstart|move: Psychic Terrain|[from] ability: Psychic Surge|[of] p1a: Indeedee
|turn|1
|
|t:|1769323981
|move|p2a: Darkrai|Dark Pulse|p1a: Indeedee
|-supereffective|p1a: Indeedee
|-crit|p1a: Indeedee
|-damage|p1a: Indeedee|0 fnt
|faint|p1a: Indeedee
|
|upkeep
|
|t:|1769323983
|switch|p1a: Hoopa|Hoopa-Unbound|100/100
|-enditem|p1a: Hoopa|Psychic Seed
|-boost|p1a: Hoopa|spd|1|[from] item: Psychic Seed
|turn|2
|
|t:|1769323993
|move|p2a: Darkrai|Dark Pulse|p1a: Hoopa
|-damage|p1a: Hoopa|71/100
|cant|p1a: Hoopa|flinch
|
|upkeep
|turn|3
|
|t:|1769324001
|switch|p2a: Hatterene|Hatterene, F|100/100
|move|p1a: Hoopa|Trick Room|p1a: Hoopa
|-fieldstart|move: Trick Room|[of] p1a: Hoopa
|
|upkeep
|turn|4
|
|t:|1769324005
|move|p2a: Hatterene|Dazzling Gleam|p1a: Hoopa
|-supereffective|p1a: Hoopa
|-damage|p1a: Hoopa|34/100
|move|p1a: Hoopa|Hyperspace Fury|p2a: Hatterene
|-damage|p2a: Hatterene|56/100
|-unboost|p1a: Hoopa|def|1
|-item|p1a: Hoopa|Rocky Helmet|[from] ability: Magician|[of] p2a: Hatterene
|
|upkeep
|turn|5
|
|t:|1769324013
|move|p2a: Hatterene|Dazzling Gleam|p1a: Hoopa
|-supereffective|p1a: Hoopa
|-damage|p1a: Hoopa|0 fnt
|faint|p1a: Hoopa
|
|upkeep
|
|t:|1769324016
|switch|p1a: Hatterene|Hatterene, F|100/100
|turn|6
|
|t:|1769324020
|-terastallize|p1a: Hatterene|Stellar
|move|p2a: Hatterene|Pain Split|p1a: Hatterene
|-sethp|p1a: Hatterene|78/100|[from] move: Pain Split|[silent]
|-sethp|p2a: Hatterene|78/100|[from] move: Pain Split
|move|p1a: Hatterene|Draining Kiss|p2a: Hatterene
|-damage|p2a: Hatterene|15/100
|-heal|p1a: Hatterene|100/100|[from] drain|[of] p2a: Hatterene
|-damage|p1a: Hatterene|91/100|[from] item: Life Orb
|
|upkeep
|turn|7
|
|t:|1769324030
|move|p2a: Hatterene|Pain Split|p1a: Hatterene
|-sethp|p1a: Hatterene|53/100|[from] move: Pain Split|[silent]
|-sethp|p2a: Hatterene|53/100|[from] move: Pain Split
|move|p1a: Hatterene|Draining Kiss|p2a: Hatterene
|-damage|p2a: Hatterene|10/100
|-heal|p1a: Hatterene|85/100|[from] drain|[of] p2a: Hatterene
|-damage|p1a: Hatterene|75/100|[from] item: Life Orb
|
|-fieldend|move: Trick Room
|upkeep
|turn|8
|
|t:|1769324036
|move|p2a: Hatterene|Nuzzle|p1a: Hatterene
|-damage|p1a: Hatterene|71/100
|-status|p1a: Hatterene|par
|cant|p1a: Hatterene|par
|
|-fieldend|move: Psychic Terrain
|upkeep
|turn|9
|
|t:|1769324039
|move|p2a: Hatterene|Pain Split|p1a: Hatterene
|-sethp|p1a: Hatterene|40/100 par|[from] move: Pain Split|[silent]
|-sethp|p2a: Hatterene|40/100|[from] move: Pain Split
|cant|p1a: Hatterene|par
|
|upkeep
|turn|10
|
|t:|1769324043
|move|p2a: Hatterene|Future Sight|p1a: Hatterene
|-start|p2a: Hatterene|move: Future Sight
|move|p1a: Hatterene|Trick Room|p1a: Hatterene
|-fieldstart|move: Trick Room|[of] p1a: Hatterene
|
|upkeep
|turn|11
|
|t:|1769324047
|cant|p1a: Hatterene|par
|move|p2a: Hatterene|Dazzling Gleam|p1a: Hatterene
|-damage|p1a: Hatterene|0 fnt
|faint|p1a: Hatterene
|
|upkeep
|
|t:|1769324051
|switch|p1a: Ursaluna|Ursaluna, F|100/100
|turn|12
|
|t:|1769324056
|move|p2a: Hatterene|Dazzling Gleam|p1a: Ursaluna
|-damage|p1a: Ursaluna|69/100
|move|p1a: Ursaluna|Facade|p2a: Hatterene
|-damage|p2a: Hatterene|9/100
|
|-end|p1a: Ursaluna|move: Future Sight
|-damage|p1a: Ursaluna|21/100
|-status|p1a: Ursaluna|brn|[from] item: Flame Orb
|upkeep
|turn|13
|
|t:|1769324060
|move|p2a: Hatterene|Dazzling Gleam|p1a: Ursaluna
|-damage|p1a: Ursaluna|0 fnt
|faint|p1a: Ursaluna
|
|upkeep
|
|t:|1769324062
|switch|p1a: LEBRON|Iron Hands, shiny|100/100
|-enditem|p1a: LEBRON|Booster Energy
|-activate|p1a: LEBRON|ability: Quark Drive|[fromitem]
|-start|p1a: LEBRON|quarkdriveatk
|turn|14
|
|t:|1769324068
|move|p2a: Hatterene|Pain Split|p1a: LEBRON
|-sethp|p1a: LEBRON|53/100|[from] move: Pain Split|[silent]
|-sethp|p2a: Hatterene|76/100|[from] move: Pain Split
|move|p1a: LEBRON|Ice Punch|p2a: Hatterene
|-damage|p2a: Hatterene|46/100
|
|-fieldend|move: Trick Room
|upkeep
|turn|15
|
|t:|1769324075
|move|p1a: LEBRON|Heavy Slam|p2a: Hatterene
|-supereffective|p2a: Hatterene
|-damage|p2a: Hatterene|0 fnt
|faint|p2a: Hatterene
|
|upkeep
|
|t:|1769324081
|switch|p2a: Great Tusk|Great Tusk|100/100
|-enditem|p2a: Great Tusk|Booster Energy
|-activate|p2a: Great Tusk|ability: Protosynthesis|[fromitem]
|-start|p2a: Great Tusk|protosynthesisatk
|turn|16
|
|t:|1769324088
|-end|p1a: LEBRON|Quark Drive|[silent]
|switch|p1a: Mimikyu|Mimikyu, F|100/100
|move|p2a: Great Tusk|Headlong Rush|p1a: Mimikyu
|-activate|p1a: Mimikyu|ability: Disguise
|-damage|p1a: Mimikyu|100/100
|-unboost|p2a: Great Tusk|def|1
|-unboost|p2a: Great Tusk|spd|1
|detailschange|p1a: Mimikyu|Mimikyu-Busted, F
|-damage|p1a: Mimikyu|88/100|[from] pokemon: Mimikyu-Busted
|-enditem|p1a: Mimikyu|Red Card|[of] p2a: Great Tusk
|-end|p2a: Great Tusk|Protosynthesis|[silent]
|drag|p2a: Tornadus|Tornadus-Therian, M, shiny|100/100
|
|upkeep
|turn|17
|
|t:|1769324103
|move|p2a: Tornadus|Bleakwind Storm|p1a: Mimikyu
|-damage|p1a: Mimikyu|52/100
|-unboost|p1a: Mimikyu|spe|1
|move|p1a: Mimikyu|Trick Room|p1a: Mimikyu
|-fieldstart|move: Trick Room|[of] p1a: Mimikyu
|
|upkeep
|turn|18
|
|t:|1769324108
|switch|p1a: LEBRON|Iron Hands, shiny|53/100
|move|p2a: Tornadus|Bleakwind Storm|p1a: LEBRON
|-damage|p1a: LEBRON|27/100
|
|upkeep
|turn|19
|
|t:|1769324112
|move|p1a: LEBRON|Supercell Slam|p2a: Tornadus
|-supereffective|p2a: Tornadus
|-damage|p2a: Tornadus|0 fnt
|faint|p2a: Tornadus
|
|upkeep
|
|t:|1769324115
|switch|p2a: Great Tusk|Great Tusk|100/100
|turn|20
|
|t:|1769324117
|move|p1a: LEBRON|Ice Punch|p2a: Great Tusk
|-supereffective|p2a: Great Tusk
|-damage|p2a: Great Tusk|60/100
|move|p2a: Great Tusk|Headlong Rush|p1a: LEBRON
|-supereffective|p1a: LEBRON
|-damage|p1a: LEBRON|0 fnt
|-unboost|p2a: Great Tusk|def|1
|-unboost|p2a: Great Tusk|spd|1
|faint|p1a: LEBRON
|-end|p1a: LEBRON|Quark Drive|[silent]
|
|upkeep
|
|t:|1769324120
|switch|p1a: Mimikyu|Mimikyu-Busted, F|52/100
|turn|21
|
|t:|1769324122
|move|p1a: Mimikyu|Play Rough|p2a: Great Tusk
|-supereffective|p2a: Great Tusk
|-damage|p2a: Great Tusk|0 fnt
|faint|p2a: Great Tusk
|-end|p2a: Great Tusk|Protosynthesis|[silent]
|
|-fieldend|move: Trick Room
|upkeep
|
|t:|1769324124
|switch|p2a: Darkrai|Darkrai|100/100
|turn|22
|
|t:|1769324127
|move|p2a: Darkrai|Dark Pulse|p1a: Mimikyu
|-damage|p1a: Mimikyu|0 fnt
|faint|p1a: Mimikyu
|
|win|Sunklisong
|raw|Spartior1's rating: 1379 &rarr; <strong>1364</strong><br />(-15 for losing)
|raw|Sunklisong's rating: 1467 &rarr; <strong>1482</strong><br />(+15 for winning)
|l|☆Spartior1
|player|p1|
