|j|☆humbeck
|j|☆Ballindog34
|t:|1769395650
|gametype|singles
|player|p1|humbeck|170|1075
|player|p2|Ballindog34|pokekid|1097
|gen|9
|tier|[Gen 9] OU
|rated|
|rule|HP Percentage Mod: HP is shown in percentages
|rule|Endless Battle Clause: Forcing endless battles is banned
|rule|Species Clause: Limit one of each Pokémon
|rule|OHKO Clause: OHKO moves are banned
|rule|Evasion Items Clause: Evasion items are banned
|rule|Evasion Moves Clause: Evasion moves are banned
|rule|Evasion Abilities Clause: Evasion abilities are banned
|rule|Sleep Moves Clause: Sleep-inducing moves are banned
|clearpoke
|poke|p1|Vespiquen, F|
|poke|p1|Rotom-Fan|
|poke|p1|Plusle, F|
|poke|p1|Sandslash, M|
|poke|p1|Clawitzer, F|
|poke|p1|Flareon, M|
|poke|p2|Morpeko, F|
|poke|p2|Dudunsparce-*, M|
|poke|p2|Lilligant, F|
|poke|p2|Komala, F|
|poke|p2|Ditto|
|poke|p2|Torkoal, F|
|teampreview
|c|☆Ballindog34|W team
|
|t:|1769395670
|teamsize|p1|6
|teamsize|p2|6
|start
|switch|p1a: Sandslash|Sandslash, M|100/100
|switch|p2a: Torkoal|Torkoal, F, shiny|100/100
|-weather|SunnyDay|[from] ability: Drought|[of] p2a: Torkoal
|turn|1
|c|☆humbeck|W team
|
|t:|1769395680
|move|p1a: Sandslash|Knock Off|p2a: Torkoal
|-damage|p2a: Torkoal|81/100
|-enditem|p2a: Torkoal|Assault Vest|[from] move: Knock Off|[of] p1a: Sandslash
|move|p2a: Torkoal|Solar Beam||[still]
|-prepare|p2a: Torkoal|Solar Beam
|-anim|p2a: Torkoal|Solar Beam|p1a: Sandslash
|-supereffective|p1a: Sandslash
|-damage|p1a: Sandslash|0 fnt
|faint|p1a: Sandslash
|
|-weather|SunnyDay|[upkeep]
|upkeep
|inactive|Battle timer is ON: inactive players will automatically lose when time's up. (requested by Ballindog34)
|
|t:|1769395690
|switch|p1a: Clawitzer|Clawitzer, F|100/100
|turn|2
|
|t:|1769395695
|move|p1a: Clawitzer|Water Pulse|p2a: Torkoal
|-supereffective|p2a: Torkoal
|-damage|p2a: Torkoal|30/100
|move|p2a: Torkoal|Solar Beam||[still]
|-prepare|p2a: Torkoal|Solar Beam
|-anim|p2a: Torkoal|Solar Beam|p1a: Clawitzer
|-supereffective|p1a: Clawitzer
|-damage|p1a: Clawitzer|11/100
|
|-weather|SunnyDay|[upkeep]
|upkeep
|turn|3
|
|t:|1769395704
|switch|p2a: Lilligant|Lilligant, F|100/100
|move|p1a: Clawitzer|Water Pulse|p2a: Lilligant
|-resisted|p2a: Lilligant
|-crit|p2a: Lilligant
|-damage|p2a: Lilligant|75/100
|
|-weather|SunnyDay|[upkeep]
|upkeep
|turn|4
|
|t:|1769395714
|switch|p1a: Flareon|Flareon, M|100/100
|move|p2a: Lilligant|Alluring Voice|p1a: Flareon
|-resisted|p1a: Flareon
|-damage|p1a: Flareon|87/100
|
|-weather|SunnyDay|[upkeep]
|upkeep
|turn|5
|
|t:|1769395726
|switch|p2a: Dudunsparce|Dudunsparce, M|100/100
|move|p1a: Flareon|Trailblaze|p2a: Dudunsparce
|-damage|p2a: Dudunsparce|83/100
|-boost|p1a: Flareon|spe|1
|
|-weather|none
|upkeep
|turn|6
|
|t:|1769395738
|move|p1a: Flareon|Flare Blitz|p2a: Dudunsparce
|-damage|p2a: Dudunsparce|25/100
|-damage|p1a: Flareon|57/100|[from] Recoil
|move|p2a: Dudunsparce|Thunderbolt|p1a: Flareon
|-damage|p1a: Flareon|29/100
|
|upkeep
|turn|7
|
|t:|1769395748
|switch|p2a: Torkoal|Torkoal, F, shiny|30/100
|-weather|SunnyDay|[from] ability: Drought|[of] p2a: Torkoal
|move|p1a: Flareon|Flare Blitz|p2a: Torkoal
|-resisted|p2a: Torkoal
|-damage|p2a: Torkoal|0 fnt
|faint|p2a: Torkoal
|-damage|p1a: Flareon|19/100|[from] Recoil
|
|-weather|SunnyDay|[upkeep]
|upkeep
|
|t:|1769395761
|switch|p2a: Ditto|Ditto, shiny|100/100
|-transform|p2a: Ditto|p1a: Flareon|[from] ability: Imposter
|turn|8
|
|t:|1769395769
|move|p2a: Ditto|Bite|p1a: Flareon
|-damage|p1a: Flareon|0 fnt
|faint|p1a: Flareon
|
|-weather|SunnyDay|[upkeep]
|upkeep
|
|t:|1769395782
|switch|p1a: Clawitzer|Clawitzer, F|11/100
|turn|9
|
|t:|1769395786
|move|p2a: Ditto|Bite|p1a: Clawitzer
|-damage|p1a: Clawitzer|0 fnt
|faint|p1a: Clawitzer
|
|-weather|SunnyDay|[upkeep]
|upkeep
|
|t:|1769395798
|switch|p1a: Rotom|Rotom-Fan|100/100
|turn|10
|
|t:|1769395808
|switch|p2a: Dudunsparce|Dudunsparce, M|25/100
|move|p1a: Rotom|Reflect|p1a: Rotom
|-sidestart|p1: humbeck|Reflect
|
|-weather|SunnyDay|[upkeep]
|upkeep
|turn|11
|
|t:|1769395817
|move|p1a: Rotom|Light Screen|p1a: Rotom
|-sidestart|p1: humbeck|move: Light Screen
|move|p2a: Dudunsparce|Boomburst|p1a: Rotom
|-damage|p1a: Rotom|75/100
|
|-weather|none
|upkeep
|turn|12
|
|t:|1769395827
|move|p1a: Rotom|Volt Switch|p2a: Dudunsparce
|-damage|p2a: Dudunsparce|8/100
|
|t:|1769395830
|switch|p1a: Vespiquen|Vespiquen, F|100/100|[from] Volt Switch
|-ability|p1a: Vespiquen|Unnerve
|move|p2a: Dudunsparce|Fire Blast|p1a: Vespiquen
|-supereffective|p1a: Vespiquen
|-damage|p1a: Vespiquen|61/100
|-status|p1a: Vespiquen|brn
|-enditem|p1a: Vespiquen|Weakness Policy
|-boost|p1a: Vespiquen|atk|2|[from] item: Weakness Policy
|-boost|p1a: Vespiquen|spa|2|[from] item: Weakness Policy
|
|-damage|p1a: Vespiquen|55/100 brn|[from] brn
|upkeep
|turn|13
|
|t:|1769395842
|move|p1a: Vespiquen|Agility|p1a: Vespiquen
|-boost|p1a: Vespiquen|spe|2
|move|p2a: Dudunsparce|Air Slash|p1a: Vespiquen
|-supereffective|p1a: Vespiquen
|-damage|p1a: Vespiquen|30/100 brn
|
|-damage|p1a: Vespiquen|24/100 brn|[from] brn
|upkeep
|turn|14
|
|t:|1769395850
|move|p1a: Vespiquen|Fell Stinger|p2a: Dudunsparce
|-damage|p2a: Dudunsparce|0 fnt
|faint|p2a: Dudunsparce
|-boost|p1a: Vespiquen|atk|3
|
|-damage|p1a: Vespiquen|18/100 brn|[from] brn
|upkeep
|
|t:|1769395855
|switch|p2a: Ditto|Ditto, shiny|100/100
|-transform|p2a: Ditto|p1a: Vespiquen|[from] ability: Imposter
|-ability|p2a: Ditto|Unnerve
|turn|15
|
|t:|1769395870
|move|p2a: Ditto|Acrobatics|p1a: Vespiquen
|-supereffective|p1a: Vespiquen
|-damage|p1a: Vespiquen|0 fnt
|faint|p1a: Vespiquen
|
|upkeep
|
|t:|1769395876
|switch|p1a: Plusle|Plusle, F|100/100
|turn|16
|
|t:|1769395881
|-terastallize|p2a: Ditto|Dragon
|move|p2a: Ditto|Acrobatics|p1a: Plusle
|-resisted|p1a: Plusle
|-damage|p1a: Plusle|55/100
|move|p1a: Plusle|Nuzzle|p2a: Ditto
|-resisted|p2a: Ditto
|-damage|p2a: Ditto|98/100
|-status|p2a: Ditto|par
|
|upkeep
|turn|17
|
|t:|1769395898
|move|p2a: Ditto|Acrobatics|p1a: Plusle
|-resisted|p1a: Plusle
|-damage|p1a: Plusle|8/100
|move|p1a: Plusle|Endeavor|p2a: Ditto
|-damage|p2a: Ditto|9/100 par
|
|-sideend|p1: humbeck|Reflect
|upkeep
|turn|18
|
|t:|1769395905
|move|p2a: Ditto|Acrobatics|p1a: Plusle
|-resisted|p1a: Plusle
|-damage|p1a: Plusle|0 fnt
|faint|p1a: Plusle
|
|-sideend|p1: humbeck|move: Light Screen
|upkeep
|
|t:|1769395910
|switch|p1a: Rotom|Rotom-Fan|75/100
|turn|19
|
|t:|1769395915
|move|p2a: Ditto|Acrobatics|p1a: Rotom
|-resisted|p1a: Rotom
|-damage|p1a: Rotom|37/100
|move|p1a: Rotom|Air Slash|p2a: Ditto
|-damage|p2a: Ditto|0 fnt
|faint|p2a: Ditto
|
|upkeep
|
|t:|1769395922
|switch|p2a: Komala|Komala, F, shiny|100/100
|-ability|p2a: Komala|Comatose
|turn|20
|
|t:|1769395928
|-terastallize|p1a: Rotom|Electric
|move|p2a: Komala|Sucker Punch|p1a: Rotom
|-damage|p1a: Rotom|0 fnt
|faint|p1a: Rotom
|-damage|p2a: Komala|91/100|[from] item: Life Orb
|
|win|Ballindog34
|raw|humbeck's rating: 1075 &rarr; <strong>1055</strong><br />(-20 for losing)
|raw|Ballindog34's rating: 1097 &rarr; <strong>1121</strong><br />(+24 for winning)
|c|☆humbeck|gg
|c|☆Ballindog34|Gg
|l|☆humbeck
|player|p1|
|l|☆Ballindog34
|player|p2|
