|j|☆mandada90
|j|☆Trainee Sword
|t:|1769420637
|gametype|singles
|player|p1|mandada90|2|1283
|player|p2|Trainee Sword|2|1342
|gen|9
|tier|[Gen 9] OU
|rated|
|rule|HP Percentage Mod: HP is shown in percentages
|rule|Endless Battle Clause: Forcing endless battles is banned
|rule|Species Clause: Limit one of each Pokémon
|rule|OHKO Clause: OHKO moves are banned
|rule|Evasion Items Clause: Evasion items are banned
|rule|Evasion Moves Clause: Evasion moves are banned
|rule|Evasion Abilities Clause: Evasion abilities are banned
|rule|Sleep Moves Clause: Sleep-inducing moves are banned
|clearpoke
|poke|p1|Dragapult, M|
|poke|p1|Slowking-Galar, M|
|poke|p1|Great Tusk|
|poke|p1|Kingambit, F|
|poke|p1|Clefable, F|
|poke|p1|Thundurus-Therian, M|
|poke|p2|Reuniclus, M|
|poke|p2|Kingambit, M|
|poke|p2|Zamazenta-*|
|poke|p2|Primarina, M|
|poke|p2|Landorus-Therian, M|
|poke|p2|Tsareena, F|
|teampreview
|inactive|Battle timer is ON: inactive players will automatically lose when time's up. (requested by Trainee Sword)
|
|t:|1769420661
|teamsize|p1|6
|teamsize|p2|6
|start
|switch|p1a: Clefable|Clefable, F|100/100
|switch|p2a: Landorus|Landorus-Therian, M|100/100
|-ability|p2a: Landorus|Intimidate|boost
|-unboost|p1a: Clefable|atk|1
|turn|1
|
|t:|1769420665
|move|p2a: Landorus|Earthquake|p1a: Clefable
|-damage|p1a: Clefable|54/100
|move|p1a: Clefable|Stealth Rock|p2a: Landorus
|-sidestart|p2: Trainee Sword|move: Stealth Rock
|
|-heal|p1a: Clefable|60/100|[from] item: Leftovers
|upkeep
|turn|2
|
|t:|1769420672
|switch|p1a: Thundurus|Thundurus-Therian, M|100/100
|move|p2a: Landorus|Stealth Rock|p1a: Thundurus
|-sidestart|p1: mandada90|move: Stealth Rock
|
|upkeep
|turn|3
|
|t:|1769420684
|move|p1a: Thundurus|Grass Knot|p2a: Landorus
|-damage|p2a: Landorus|52/100
|-damage|p1a: Thundurus|84/100|[from] item: Rocky Helmet|[of] p2a: Landorus
|-damage|p1a: Thundurus|74/100|[from] item: Life Orb
|move|p2a: Landorus|Stone Edge|p1a: Thundurus|[miss]
|-miss|p2a: Landorus|p1a: Thundurus
|
|upkeep
|turn|4
|
|t:|1769420697
|switch|p1a: Great Tusk|Great Tusk|100/100
|-damage|p1a: Great Tusk|97/100|[from] Stealth Rock
|move|p2a: Landorus|Stone Edge|p1a: Great Tusk|[miss]
|-miss|p2a: Landorus|p1a: Great Tusk
|
|upkeep
|turn|5
|
|t:|1769420703
|move|p2a: Landorus|U-turn|p1a: Great Tusk
|-resisted|p1a: Great Tusk
|-damage|p1a: Great Tusk|91/100
|-damage|p2a: Landorus|35/100|[from] item: Rocky Helmet|[of] p1a: Great Tusk
|
|t:|1769420707
|switch|p2a: Primarina|Primarina, M|100/100|[from] U-turn
|-damage|p2a: Primarina|88/100|[from] Stealth Rock
|move|p1a: Great Tusk|Rapid Spin|p2a: Primarina
|-damage|p2a: Primarina|64/100
|-boost|p1a: Great Tusk|spe|1
|-sideend|p1: mandada90|Stealth Rock|[from] move: Rapid Spin|[of] p1a: Great Tusk
|
|upkeep
|turn|6
|
|t:|1769420718
|-end|p1a: Great Tusk|Protosynthesis|[silent]
|switch|p1a: Slowking|Slowking-Galar, M|100/100
|move|p2a: Primarina|Surf|p1a: Slowking
|-damage|p1a: Slowking|70/100
|
|-heal|p1a: Slowking|76/100|[from] item: Black Sludge
|upkeep
|turn|7
|
|t:|1769420732
|switch|p2a: Kingambit|Kingambit, M|100/100
|-damage|p2a: Kingambit|94/100|[from] Stealth Rock
|-prepare|p1a: Slowking|Chilly Reception|[premajor]
|move|p1a: Slowking|Chilly Reception|p1a: Slowking
|-weather|Snowscape
|
|t:|1769420735
|switch|p1a: Great Tusk|Great Tusk|91/100|[from] Chilly Reception
|
|-weather|Snowscape|[upkeep]
|-heal|p2a: Kingambit|100/100|[from] item: Leftovers
|upkeep
|turn|8
|
|t:|1769420745
|-end|p2a: Kingambit|fallenundefined|[silent]
|switch|p2a: Landorus|Landorus-Therian, M|35/100
|-damage|p2a: Landorus|23/100|[from] Stealth Rock
|-ability|p2a: Landorus|Intimidate|boost
|-unboost|p1a: Great Tusk|atk|1
|move|p1a: Great Tusk|Close Combat|p2a: Landorus
|-resisted|p2a: Landorus
|-damage|p2a: Landorus|0 fnt
|-unboost|p1a: Great Tusk|def|1
|-unboost|p1a: Great Tusk|spd|1
|-damage|p1a: Great Tusk|74/100|[from] item: Rocky Helmet|[of] p2a: Landorus
|faint|p2a: Landorus
|
|-weather|Snowscape|[upkeep]
|upkeep
|
|t:|1769420749
|switch|p2a: Tsareena|Tsareena, F|100/100
|turn|9
|
|t:|1769420777
|-end|p1a: Great Tusk|Protosynthesis|[silent]
|switch|p1a: Clefable|Clefable, F|60/100
|move|p2a: Tsareena|Triple Axel|p1a: Clefable
|-damage|p1a: Clefable|54/100
|-damage|p1a: Clefable|42/100
|-damage|p1a: Clefable|26/100
|-hitcount|p1a: Clefable|3
|
|-weather|Snowscape|[upkeep]
|-heal|p1a: Clefable|32/100|[from] item: Leftovers
|upkeep
|turn|10
|
|t:|1769420790
|move|p2a: Tsareena|Power Whip|p1a: Clefable
|-damage|p1a: Clefable|0 fnt
|faint|p1a: Clefable
|
|-weather|Snowscape|[upkeep]
|upkeep
|
|t:|1769420798
|switch|p1a: Great Tusk|Great Tusk|74/100
|turn|11
|
|t:|1769420806
|move|p2a: Tsareena|Power Whip|p1a: Great Tusk
|-supereffective|p1a: Great Tusk
|-damage|p1a: Great Tusk|10/100
|-damage|p2a: Tsareena|84/100|[from] item: Rocky Helmet|[of] p1a: Great Tusk
|move|p1a: Great Tusk|Ice Spinner|p2a: Tsareena
|-supereffective|p2a: Tsareena
|-damage|p2a: Tsareena|22/100
|
|-weather|none
|upkeep
|turn|12
|
|t:|1769420820
|move|p2a: Tsareena|Rapid Spin|p1a: Great Tusk
|-damage|p1a: Great Tusk|0 fnt
|-boost|p2a: Tsareena|spe|1
|-damage|p2a: Tsareena|5/100|[from] item: Rocky Helmet|[of] p1a: Great Tusk
|-sideend|p2: Trainee Sword|Stealth Rock|[from] move: Rapid Spin|[of] p2a: Tsareena
|faint|p1a: Great Tusk
|-end|p1a: Great Tusk|Protosynthesis|[silent]
|
|upkeep
|
|t:|1769420838
|switch|p1a: Dragapult|Dragapult, M|100/100
|turn|13
|
|t:|1769420841
|move|p1a: Dragapult|U-turn|p2a: Tsareena
|-supereffective|p2a: Tsareena
|-damage|p2a: Tsareena|0 fnt
|faint|p2a: Tsareena
|
|t:|1769420844
|switch|p1a: Thundurus|Thundurus-Therian, M|74/100|[from] U-turn
|
|upkeep
|
|t:|1769420853
|switch|p2a: Primarina|Primarina, M|64/100
|turn|14
|
|t:|1769420861
|move|p1a: Thundurus|U-turn|p2a: Primarina
|-resisted|p2a: Primarina
|-damage|p2a: Primarina|52/100
|-damage|p1a: Thundurus|65/100|[from] item: Life Orb
|
|t:|1769420863
|switch|p1a: Slowking|Slowking-Galar, M|100/100|[from] U-turn
|move|p2a: Primarina|Surf|p1a: Slowking
|-damage|p1a: Slowking|70/100
|
|-heal|p1a: Slowking|77/100|[from] item: Black Sludge
|upkeep
|turn|15
|
|t:|1769420870
|move|p2a: Primarina|Psychic Noise|p1a: Slowking
|-crit|p1a: Slowking
|-damage|p1a: Slowking|53/100
|-start|p1a: Slowking|move: Heal Block
|move|p1a: Slowking|Thunder Wave|p2a: Primarina
|-status|p2a: Primarina|par
|
|upkeep
|turn|16
|
|t:|1769420876
|move|p2a: Primarina|Surf|p1a: Slowking
|-damage|p1a: Slowking|22/100
|move|p1a: Slowking|Sludge Wave|p2a: Primarina
|-supereffective|p2a: Primarina
|-damage|p2a: Primarina|5/100 par
|
|-end|p1a: Slowking|move: Heal Block
|upkeep
|turn|17
|
|t:|1769420886
|cant|p2a: Primarina|par
|move|p1a: Slowking|Sludge Wave|p2a: Primarina
|-supereffective|p2a: Primarina
|-damage|p2a: Primarina|0 fnt
|faint|p2a: Primarina
|
|-heal|p1a: Slowking|28/100|[from] item: Black Sludge
|upkeep
|
|t:|1769420903
|switch|p2a: Reuniclus|Reuniclus, M|100/100
|turn|18
|
|t:|1769420916
|move|p2a: Reuniclus|Knock Off|p1a: Slowking
|-supereffective|p1a: Slowking
|-damage|p1a: Slowking|0 fnt
|-enditem|p1a: Slowking|Black Sludge|[from] move: Knock Off|[of] p2a: Reuniclus
|faint|p1a: Slowking
|
|upkeep
|
|t:|1769420937
|switch|p1a: Kingambit|Kingambit, F|100/100
|-activate|p1a: Kingambit|ability: Supreme Overlord
|-start|p1a: Kingambit|fallen3|[silent]
|turn|19
|
|t:|1769420944
|move|p1a: Kingambit|Sucker Punch|p2a: Reuniclus
|-supereffective|p2a: Reuniclus
|-damage|p2a: Reuniclus|0 fnt
|faint|p2a: Reuniclus
|
|upkeep
|
|t:|1769420949
|switch|p2a: Zamazenta|Zamazenta|100/100
|-ability|p2a: Zamazenta|Dauntless Shield|boost
|-boost|p2a: Zamazenta|def|1
|turn|20
|
|t:|1769420964
|-terastallize|p1a: Kingambit|Flying
|move|p2a: Zamazenta|Iron Defense|p2a: Zamazenta
|-boost|p2a: Zamazenta|def|2
|move|p1a: Kingambit|Swords Dance|p1a: Kingambit
|-boost|p1a: Kingambit|atk|2
|
|upkeep
|turn|21
|
|t:|1769420969
|-terastallize|p2a: Zamazenta|Fire
|move|p1a: Kingambit|Iron Head|p2a: Zamazenta
|-resisted|p2a: Zamazenta
|-damage|p2a: Zamazenta|82/100
|move|p2a: Zamazenta|Roar|p1a: Kingambit
|-end|p1a: Kingambit|fallen3|[silent]
|drag|p1a: Thundurus|Thundurus-Therian, M|65/100
|
|-heal|p2a: Zamazenta|88/100|[from] item: Leftovers
|upkeep
|turn|22
|
|t:|1769420979
|move|p2a: Zamazenta|Body Press|p1a: Thundurus
|-resisted|p1a: Thundurus
|-damage|p1a: Thundurus|0 fnt
|faint|p1a: Thundurus
|
|-heal|p2a: Zamazenta|94/100|[from] item: Leftovers
|upkeep
|
|t:|1769420984
|switch|p1a: Dragapult|Dragapult, M|100/100
|turn|23
|
|t:|1769420989
|move|p2a: Zamazenta|Crunch|p1a: Dragapult
|-supereffective|p1a: Dragapult
|-damage|p1a: Dragapult|37/100
|move|p1a: Dragapult|Dragon Darts|p2a: Zamazenta
|-damage|p2a: Zamazenta|83/100
|-anim|p1a: Dragapult|Dragon Darts|p2a: Zamazenta
|-damage|p2a: Zamazenta|72/100
|
|-heal|p2a: Zamazenta|78/100|[from] item: Leftovers
|upkeep
|turn|24
|
|t:|1769420992
|move|p2a: Zamazenta|Crunch|p1a: Dragapult
|-supereffective|p1a: Dragapult
|-damage|p1a: Dragapult|0 fnt
|faint|p1a: Dragapult
|
|-heal|p2a: Zamazenta|84/100|[from] item: Leftovers
|upkeep
|
|t:|1769420993
|switch|p1a: Kingambit|Kingambit, F, tera:Flying|100/100
|-activate|p1a: Kingambit|ability: Supreme Overlord
|-start|p1a: Kingambit|fallen5|[silent]
|turn|25
|
|t:|1769420997
|move|p2a: Zamazenta|Body Press|p1a: Kingambit
|-resisted|p1a: Kingambit
|-damage|p1a: Kingambit|70/100
|move|p1a: Kingambit|Swords Dance|p1a: Kingambit
|-boost|p1a: Kingambit|atk|2
|
|-heal|p2a: Zamazenta|90/100|[from] item: Leftovers
|upkeep
|turn|26
|
|t:|1769421005
|move|p2a: Zamazenta|Crunch|p1a: Kingambit
|-damage|p1a: Kingambit|54/100
|move|p1a: Kingambit|Low Kick|p2a: Zamazenta
|-damage|p2a: Zamazenta|52/100
|
|-heal|p2a: Zamazenta|58/100|[from] item: Leftovers
|upkeep
|turn|27
|
|t:|1769421017
|move|p2a: Zamazenta|Crunch|p1a: Kingambit
|-damage|p1a: Kingambit|36/100
|move|p1a: Kingambit|Low Kick|p2a: Zamazenta
|-damage|p2a: Zamazenta|19/100
|
|-heal|p2a: Zamazenta|25/100|[from] item: Leftovers
|upkeep
|turn|28
|
|t:|1769421025
|move|p1a: Kingambit|Sucker Punch|p2a: Zamazenta
|-damage|p2a: Zamazenta|0 fnt
|faint|p2a: Zamazenta
|
|upkeep
|
|t:|1769421027
|switch|p2a: Kingambit|Kingambit, M|100/100
|-activate|p2a: Kingambit|ability: Supreme Overlord
|-start|p2a: Kingambit|fallen5|[silent]
|turn|29
|
|t:|1769421038
|move|p2a: Kingambit|Kowtow Cleave|p1a: Kingambit
|-damage|p1a: Kingambit|0 fnt
|faint|p1a: Kingambit
|-end|p1a: Kingambit|fallen5|[silent]
|
|win|Trainee Sword
|raw|mandada90's rating: 1283 &rarr; <strong>1262</strong><br />(-21 for losing)
|raw|Trainee Sword's rating: 1342 &rarr; <strong>1359</strong><br />(+17 for winning)
|c|☆Trainee Sword|Gg
|l|☆mandada90
|player|p1|
|l|☆Trainee Sword
|player|p2|
