|j|☆Jim Leader Adam
|j|☆Scoops4822
|t:|1769397621
|gametype|singles
|player|p1|Jim Leader Adam|brock|1413
|player|p2|Scoops4822|artist-gen4|1458
|gen|9
|tier|[Gen 9] OU
|rated|
|rule|HP Percentage Mod: HP is shown in percentages
|rule|Endless Battle Clause: Forcing endless battles is banned
|rule|Species Clause: Limit one of each Pokémon
|rule|OHKO Clause: OHKO moves are banned
|rule|Evasion Items Clause: Evasion items are banned
|rule|Evasion Moves Clause: Evasion moves are banned
|rule|Evasion Abilities Clause: Evasion abilities are banned
|rule|Sleep Moves Clause: Sleep-inducing moves are banned
|clearpoke
|poke|p1|Zoroark-Hisui, F|
|poke|p1|Farigiraf, M|
|poke|p1|Kingambit, M|
|poke|p1|Arcanine-Hisui, F|
|poke|p1|Corviknight, M|
|poke|p1|Gastrodon, F|
|poke|p2|Lokix, M|
|poke|p2|Garganacl, F|
|poke|p2|Iron Crown|
|poke|p2|Alomomola, F|
|poke|p2|Weezing-Galar, M|
|poke|p2|Landorus-Therian, M|
|teampreview
|inactive|Battle timer is ON: inactive players will automatically lose when time's up. (requested by Jim Leader Adam)
|inactive|Jim Leader Adam has 120 seconds left.
|
|t:|1769397655
|teamsize|p1|6
|teamsize|p2|6
|start
|switch|p1a: Kotoamatsukami|Corviknight, M|100/100
|switch|p2a: Iron Crown|Iron Crown|100/100
|turn|1
|
|t:|1769397661
|move|p2a: Iron Crown|Volt Switch|p1a: Kotoamatsukami
|-supereffective|p1a: Kotoamatsukami
|-damage|p1a: Kotoamatsukami|32/100
|
|t:|1769397665
|-end|p2a: Iron Crown|Quark Drive|[silent]
|switch|p2a: Garganacl|Garganacl, F, shiny|100/100|[from] Volt Switch
|move|p1a: Kotoamatsukami|Iron Defense|p1a: Kotoamatsukami
|-boost|p1a: Kotoamatsukami|def|2
|
|upkeep
|turn|2
|
|t:|1769397673
|move|p1a: Kotoamatsukami|Body Press|p2a: Garganacl
|-supereffective|p2a: Garganacl
|-crit|p2a: Garganacl
|-damage|p2a: Garganacl|0 fnt
|faint|p2a: Garganacl
|
|upkeep
|
|t:|1769397678
|switch|p2a: Iron Crown|Iron Crown|100/100
|turn|3
|
|t:|1769397681
|switch|p1a: Great Topper|Gastrodon, F|100/100
|move|p2a: Iron Crown|Tachyon Cutter|p1a: Great Topper
|-resisted|p1a: Great Topper
|-damage|p1a: Great Topper|84/100
|-resisted|p1a: Great Topper
|-damage|p1a: Great Topper|66/100
|-hitcount|p1a: Great Topper|2
|
|-heal|p1a: Great Topper|72/100|[from] item: Leftovers
|upkeep
|turn|4
|
|t:|1769397693
|-end|p2a: Iron Crown|Quark Drive|[silent]
|switch|p2a: Lokix|Lokix, M, shiny|100/100
|move|p1a: Great Topper|Recover|p1a: Great Topper
|-heal|p1a: Great Topper|100/100
|
|upkeep
|turn|5
|
|t:|1769397701
|switch|p1a: Performative Male|Kingambit, M, shiny|100/100
|move|p2a: Lokix|Knock Off|p1a: Performative Male
|-resisted|p1a: Performative Male
|-damage|p1a: Performative Male|47/100
|-enditem|p1a: Performative Male|Assault Vest|[from] move: Knock Off|[of] p2a: Lokix
|
|upkeep
|turn|6
|
|t:|1769397708
|switch|p2a: Landorus|Landorus-Therian, M|100/100
|-ability|p2a: Landorus|Intimidate|boost
|-unboost|p1a: Performative Male|atk|1
|-ability|p1a: Performative Male|Defiant|boost
|-boost|p1a: Performative Male|atk|2
|move|p1a: Performative Male|Iron Head|p2a: Landorus
|-damage|p2a: Landorus|17/100
|
|upkeep
|turn|7
|
|t:|1769397723
|switch|p2a: Alomomola|Alomomola, F|100/100
|move|p1a: Performative Male|Sucker Punch||[still]
|-fail|p1a: Performative Male
|
|upkeep
|turn|8
|
|t:|1769397731
|switch|p2a: Lokix|Lokix, M, shiny|100/100
|move|p1a: Performative Male|Kowtow Cleave|p2a: Lokix
|-resisted|p2a: Lokix
|-damage|p2a: Lokix|42/100
|
|upkeep
|turn|9
|
|t:|1769397739
|move|p2a: Lokix|First Impression|p1a: Performative Male
|-damage|p1a: Performative Male|0 fnt
|faint|p1a: Performative Male
|
|upkeep
|
|t:|1769397766
|switch|p1a: Great Topper|Gastrodon, F|100/100
|turn|10
|
|t:|1769397780
|switch|p2a: Landorus|Landorus-Therian, M|17/100
|-ability|p2a: Landorus|Intimidate|boost
|-unboost|p1a: Great Topper|atk|1
|move|p1a: Great Topper|Hyper Voice|p2a: Landorus
|-damage|p2a: Landorus|0 fnt
|faint|p2a: Landorus
|
|upkeep
|
|t:|1769397788
|switch|p2a: Lokix|Lokix, M, shiny|42/100
|turn|11
|
|t:|1769397793
|switch|p1a: Kotoamatsukami|Corviknight, M|32/100
|move|p2a: Lokix|Leech Life|p1a: Kotoamatsukami
|-resisted|p1a: Kotoamatsukami
|-damage|p1a: Kotoamatsukami|13/100
|-heal|p2a: Lokix|55/100|[from] drain|[of] p1a: Kotoamatsukami
|-damage|p2a: Lokix|39/100|[from] item: Rocky Helmet|[of] p1a: Kotoamatsukami
|
|upkeep
|turn|12
|
|t:|1769397802
|move|p2a: Lokix|Leech Life|p1a: Kotoamatsukami
|-resisted|p1a: Kotoamatsukami
|-damage|p1a: Kotoamatsukami|0 fnt
|-heal|p2a: Lokix|48/100|[from] drain|[of] p1a: Kotoamatsukami
|-damage|p2a: Lokix|31/100|[from] item: Rocky Helmet|[of] p1a: Kotoamatsukami
|faint|p1a: Kotoamatsukami
|
|upkeep
|
|t:|1769397809
|switch|p1a: Great Topper|Gastrodon, F|100/100
|turn|13
|
|t:|1769397816
|switch|p2a: Alomomola|Alomomola, F|100/100
|move|p1a: Great Topper|Shadow Ball|p2a: Alomomola
|-damage|p2a: Alomomola|69/100
|
|upkeep
|turn|14
|
|t:|1769397825
|switch|p1a: Great Topper|Gastrodon, F|100/100
|move|p2a: Alomomola|Flip Turn|p1a: Great Topper
|-ability|p1a: Great Topper|Storm Drain|boost
|-boost|p1a: Great Topper|spa|1
|
|upkeep
|turn|15
|
|t:|1769397837
|move|p1a: Great Topper|Earth Power|p2a: Alomomola
|-damage|p2a: Alomomola|35/100
|move|p2a: Alomomola|Mirror Coat|p1a: Great Topper
|-damage|p1a: Great Topper|24/100
|
|-heal|p1a: Great Topper|30/100|[from] item: Leftovers
|upkeep
|turn|16
|
|t:|1769397847
|switch|p2a: Lokix|Lokix, M, shiny|31/100
|move|p1a: Great Topper|Recover|p1a: Great Topper
|-heal|p1a: Great Topper|80/100
|
|-heal|p1a: Great Topper|86/100|[from] item: Leftovers
|upkeep
|turn|17
|
|t:|1769397856
|-terastallize|p2a: Lokix|Bug
|move|p2a: Lokix|Leech Life|p1a: Great Topper
|-damage|p1a: Great Topper|1/100
|-heal|p2a: Lokix|96/100|[from] drain|[of] p1a: Great Topper
|move|p1a: Great Topper|Surf|p2a: Lokix
|-crit|p2a: Lokix
|-damage|p2a: Lokix|0 fnt
|faint|p2a: Lokix
|
|-heal|p1a: Great Topper|7/100|[from] item: Leftovers
|upkeep
|
|t:|1769397866
|switch|p2a: Iron Crown|Iron Crown|100/100
|turn|18
|
|t:|1769397869
|move|p2a: Iron Crown|Tachyon Cutter|p1a: Great Topper
|-resisted|p1a: Great Topper
|-damage|p1a: Great Topper|0 fnt
|faint|p1a: Great Topper
|-hitcount|p1: Great Topper|1
|
|upkeep
|
|t:|1769397876
|switch|p1a: Stella|Arcanine-Hisui, F|100/100
|turn|19
|
|t:|1769397880
|-end|p2a: Iron Crown|Quark Drive|[silent]
|switch|p2a: Weezing|Weezing-Galar, M|100/100
|-ability|p2a: Weezing|Neutralizing Gas
|move|p1a: Stella|Flare Blitz|p2a: Weezing
|-damage|p2a: Weezing|57/100
|-status|p2a: Weezing|brn
|-damage|p1a: Stella|86/100|[from] Recoil
|
|-damage|p2a: Weezing|51/100 brn|[from] brn
|upkeep
|turn|20
|
|t:|1769397902
|move|p1a: Stella|Flare Blitz|p2a: Weezing
|-damage|p2a: Weezing|4/100 brn
|-damage|p1a: Stella|71/100|[from] Recoil
|move|p2a: Weezing|Pain Split|p1a: Stella
|-sethp|p1a: Stella|37/100|[from] move: Pain Split|[silent]
|-sethp|p2a: Weezing|37/100 brn|[from] move: Pain Split
|
|-damage|p2a: Weezing|31/100 brn|[from] brn
|upkeep
|turn|21
|
|t:|1769397915
|move|p1a: Stella|Flare Blitz|p2a: Weezing
|-damage|p2a: Weezing|0 fnt
|faint|p2a: Weezing
|-end|p2a: Weezing|ability: Neutralizing Gas
|
|upkeep
|
|t:|1769397919
|switch|p2a: Alomomola|Alomomola, F|68/100
|turn|22
|
|t:|1769397922
|switch|p1a: Melman|Farigiraf, M, shiny|100/100
|move|p2a: Alomomola|Flip Turn|p1a: Melman
|-damage|p1a: Melman|85/100
|
|t:|1769397927
|switch|p2a: Iron Crown|Iron Crown|100/100|[from] Flip Turn
|
|upkeep
|turn|23
|
|t:|1769397931
|move|p2a: Iron Crown|Tachyon Cutter|p1a: Melman
|-damage|p1a: Melman|47/100
|-crit|p1a: Melman
|-damage|p1a: Melman|0 fnt
|faint|p1a: Melman
|-hitcount|p1: Melman|2
|
|upkeep
|
|t:|1769397942
|switch|p1a: Stella|Arcanine-Hisui, F|37/100
|turn|24
|inactive|Scoops4822 has 120 seconds left.
|
|t:|1769397979
|move|p1a: Stella|Flare Blitz|p2a: Iron Crown
|-supereffective|p2a: Iron Crown
|-damage|p2a: Iron Crown|0 fnt
|faint|p2a: Iron Crown
|-end|p2a: Iron Crown|Quark Drive|[silent]
|
|upkeep
|
|t:|1769397983
|switch|p2a: Alomomola|Alomomola, F|100/100
|turn|25
|
|t:|1769397987
|switch|p1a: Stella|Arcanine-Hisui, F|100/100
|move|p2a: Alomomola|Scald|p1a: Stella
|-damage|p1a: Stella|73/100
|replace|p1a: GET CATFISHED|Zoroark-Hisui, F, shiny
|-end|p1a: GET CATFISHED|Illusion
|
|upkeep
|turn|26
|
|t:|1769397998
|move|p1a: GET CATFISHED|Sludge Bomb|p2a: Alomomola
|-damage|p2a: Alomomola|77/100
|move|p2a: Alomomola|Mirror Coat|p1a: GET CATFISHED
|-damage|p1a: GET CATFISHED|0 fnt
|faint|p1a: GET CATFISHED
|
|upkeep
|
|t:|1769398005
|switch|p1a: Stella|Arcanine-Hisui, F|37/100
|turn|27
|
|t:|1769398016
|-terastallize|p1a: Stella|Grass
|move|p1a: Stella|Wild Charge|p2a: Alomomola
|-supereffective|p2a: Alomomola
|-damage|p2a: Alomomola|41/100
|move|p2a: Alomomola|Scald|p1a: Stella
|-resisted|p1a: Stella
|-damage|p1a: Stella|29/100
|-status|p1a: Stella|brn
|
|-damage|p1a: Stella|23/100 brn|[from] brn
|upkeep
|turn|28
|
|t:|1769398026
|move|p1a: Stella|Wild Charge|p2a: Alomomola
|-supereffective|p2a: Alomomola
|-damage|p2a: Alomomola|21/100
|move|p2a: Alomomola|Tera Blast|p1a: Stella
|-damage|p1a: Stella|13/100 brn
|
|-damage|p1a: Stella|7/100 brn|[from] brn
|upkeep
|turn|29
|
|t:|1769398034
|move|p1a: Stella|Wild Charge|p2a: Alomomola
|-supereffective|p2a: Alomomola
|-damage|p2a: Alomomola|1/100
|move|p2a: Alomomola|Tera Blast|p1a: Stella
|-crit|p1a: Stella
|-damage|p1a: Stella|0 fnt
|faint|p1a: Stella
|
|win|Scoops4822
|raw|Jim Leader Adam's rating: 1413 &rarr; <strong>1396</strong><br />(-17 for losing)
|raw|Scoops4822's rating: 1458 &rarr; <strong>1475</strong><br />(+17 for winning)
|c|☆Scoops4822|GG
|c|☆Jim Leader Adam|gg
|l|☆Jim Leader Adam
|player|p1|
|l|☆Scoops4822
|player|p2|
