|inactive|Battle timer is ON: inactive players will automatically lose when time's up.
|t:|1769367863
|gametype|singles
|player|p1|DCA|#splxviicryonicles|
|player|p2|Fogbound Lake|#splxviiwolfpack2|
|gen|9
|tier|[Gen 9] OU
|rule|HP Percentage Mod: HP is shown in percentages
|rule|Endless Battle Clause: Forcing endless battles is banned
|rule|Species Clause: Limit one of each Pokémon
|rule|OHKO Clause: OHKO moves are banned
|rule|Evasion Items Clause: Evasion items are banned
|rule|Evasion Moves Clause: Evasion moves are banned
|rule|Evasion Abilities Clause: Evasion abilities are banned
|rule|Sleep Moves Clause: Sleep-inducing moves are banned
|clearpoke
|poke|p1|Ting-Lu|
|poke|p1|Dragapult, F|
|poke|p1|Pecharunt|
|poke|p1|Dragonite, M|
|poke|p1|Kingambit, F|
|poke|p1|Iron Valiant|
|poke|p2|Araquanid, F|
|poke|p2|Heatran, F|
|poke|p2|Zamazenta-*|
|poke|p2|Gholdengo|
|poke|p2|Walking Wake|
|poke|p2|Iron Valiant|
|teampreview
|c|☆DCA|hf
|c|☆Fogbound Lake|hf
|inactive|DCA has 270 seconds left.
|inactive|Fogbound Lake has 270 seconds left.
|rated|Smogon Premier League
|inactive|DCA has 240 seconds left.
|inactive|Fogbound Lake has 240 seconds left.
|
|t:|1769367951
|teamsize|p1|6
|teamsize|p2|6
|start
|switch|p1a: Dragapult|Dragapult, F|100/100
|switch|p2a: sofotz|Araquanid, F|100/100
|turn|1
|
|t:|1769367970
|move|p1a: Dragapult|Dragon Darts|p2a: sofotz
|-damage|p2a: sofotz|80/100
|-anim|p1a: Dragapult|Dragon Darts|p2a: sofotz
|-crit|p2a: sofotz
|-damage|p2a: sofotz|44/100
|move|p2a: sofotz|Sticky Web|p1a: Dragapult
|-sidestart|p1: DCA|move: Sticky Web
|
|upkeep
|turn|2
|inactive|DCA has 270 seconds left.
|
|t:|1769368000
|switch|p2a: BRANDSTEMPEL|Heatran, F|100/100
|move|p1a: Dragapult|Dragon Darts|p2a: BRANDSTEMPEL
|-resisted|p2a: BRANDSTEMPEL
|-damage|p2a: BRANDSTEMPEL|90/100
|-anim|p1a: Dragapult|Dragon Darts|p2a: BRANDSTEMPEL
|-resisted|p2a: BRANDSTEMPEL
|-damage|p2a: BRANDSTEMPEL|81/100
|
|upkeep
|turn|3
|inactive|DCA has 270 seconds left.
|
|t:|1769368018
|move|p1a: Dragapult|Hex|p2a: BRANDSTEMPEL
|-damage|p2a: BRANDSTEMPEL|66/100
|move|p2a: BRANDSTEMPEL|Magma Storm|p1a: Dragapult
|-resisted|p1a: Dragapult
|-damage|p1a: Dragapult|62/100
|-activate|p1a: Dragapult|move: Magma Storm|[of] p2a: BRANDSTEMPEL
|
|-heal|p1a: Dragapult|68/100|[from] item: Leftovers
|-damage|p1a: Dragapult|55/100|[from] move: Magma Storm|[partiallytrapped]
|upkeep
|turn|4
|inactive|Fogbound Lake has 270 seconds left.
|inactive|DCA has 240 seconds left.
|inactive|DCA has 210 seconds left.
|inactive|DCA has 180 seconds left.
|
|t:|1769368124
|move|p1a: Dragapult|Dragon Darts|p2a: BRANDSTEMPEL
|-resisted|p2a: BRANDSTEMPEL
|-damage|p2a: BRANDSTEMPEL|57/100
|-anim|p1a: Dragapult|Dragon Darts|p2a: BRANDSTEMPEL
|-resisted|p2a: BRANDSTEMPEL
|-damage|p2a: BRANDSTEMPEL|48/100
|move|p2a: BRANDSTEMPEL|Magma Storm|p1a: Dragapult
|-resisted|p1a: Dragapult
|-damage|p1a: Dragapult|14/100
|
|-heal|p1a: Dragapult|20/100|[from] item: Leftovers
|-damage|p1a: Dragapult|8/100|[from] move: Magma Storm|[partiallytrapped]
|upkeep
|turn|5
|inactive|Fogbound Lake has 270 seconds left.
|
|t:|1769368150
|move|p1a: Dragapult|Dragon Darts|p2a: BRANDSTEMPEL
|-resisted|p2a: BRANDSTEMPEL
|-damage|p2a: BRANDSTEMPEL|39/100
|-anim|p1a: Dragapult|Dragon Darts|p2a: BRANDSTEMPEL
|-resisted|p2a: BRANDSTEMPEL
|-damage|p2a: BRANDSTEMPEL|29/100
|move|p2a: BRANDSTEMPEL|Earth Power|p1a: Dragapult
|-damage|p1a: Dragapult|0 fnt
|faint|p1a: Dragapult
|
|upkeep
|inactive|DCA has 150 seconds left.
|
|t:|1769368188
|switch|p1a: Custo|Ting-Lu|100/100
|-activate|p1a: Custo|move: Sticky Web
|-unboost|p1a: Custo|spe|1
|-ability|p1a: Custo|Vessel of Ruin
|turn|6
|inactive|Fogbound Lake has 240 seconds left.
|
|t:|1769368233
|move|p2a: BRANDSTEMPEL|Magma Storm|p1a: Custo|[miss]
|-miss|p2a: BRANDSTEMPEL|p1a: Custo
|move|p1a: Custo|Stealth Rock|p2a: BRANDSTEMPEL
|-sidestart|p2: Fogbound Lake|move: Stealth Rock
|
|upkeep
|turn|7
|
|t:|1769368238
|move|p2a: BRANDSTEMPEL|Magma Storm|p1a: Custo
|-damage|p1a: Custo|70/100
|-activate|p1a: Custo|move: Magma Storm|[of] p2a: BRANDSTEMPEL
|-enditem|p1a: Custo|Red Card|[of] p2a: BRANDSTEMPEL
|drag|p2a: Walking Jho|Walking Wake|100/100
|-damage|p2a: Walking Jho|88/100|[from] Stealth Rock
|-enditem|p2a: Walking Jho|Booster Energy
|-activate|p2a: Walking Jho|ability: Protosynthesis|[fromitem]
|-start|p2a: Walking Jho|protosynthesisspa
|move|p1a: Custo|Spikes|p2a: Walking Jho
|-sidestart|p2: Fogbound Lake|Spikes
|
|-end|p1a: Custo|Magma Storm|[partiallytrapped]|[silent]
|upkeep
|turn|8
|inactive|Fogbound Lake has 210 seconds left.
|
|t:|1769368273
|-terastallize|p2a: Walking Jho|Water
|move|p2a: Walking Jho|Hydro Pump|p1a: Custo
|-supereffective|p1a: Custo
|-damage|p1a: Custo|0 fnt
|faint|p1a: Custo
|
|upkeep
|inactive|DCA has 150 seconds left.
|inactive|DCA has 120 seconds left.
|
|t:|1769368335
|switch|p1a: Dragonite|Dragonite, M|100/100
|turn|9
|inactive|Fogbound Lake has 210 seconds left.
|
|t:|1769368351
|-terastallize|p1a: Dragonite|Normal
|move|p1a: Dragonite|Extreme Speed|p2a: Walking Jho
|-damage|p2a: Walking Jho|36/100
|move|p2a: Walking Jho|Dragon Pulse|p1a: Dragonite
|-damage|p1a: Dragonite|68/100
|
|upkeep
|turn|10
|inactive|Fogbound Lake has 210 seconds left.
|
|t:|1769368378
|move|p1a: Dragonite|Extreme Speed|p2a: Walking Jho
|-damage|p2a: Walking Jho|0 fnt
|faint|p2a: Walking Jho
|-end|p2a: Walking Jho|Protosynthesis|[silent]
|
|upkeep
|inactive|Fogbound Lake has 180 seconds left.
|
|t:|1769368422
|switch|p2a: gacha lures|Gholdengo|100/100
|-damage|p2a: gacha lures|94/100|[from] Stealth Rock
|-item|p2a: gacha lures|Air Balloon
|turn|11
|inactive|Fogbound Lake has 150 seconds left.
|inactive|DCA has 120 seconds left.
|inactive|Fogbound Lake has 120 seconds left.
|
|t:|1769368479
|switch|p1a: Kingambit|Kingambit, F|100/100
|-activate|p1a: Kingambit|ability: Supreme Overlord
|-start|p1a: Kingambit|fallen2|[silent]
|-item|p1a: Kingambit|Air Balloon
|move|p2a: gacha lures|Focus Blast|p1a: Kingambit
|-supereffective|p1a: Kingambit
|-damage|p1a: Kingambit|0 fnt
|-enditem|p1a: Kingambit|Air Balloon
|faint|p1a: Kingambit
|-end|p1a: Kingambit|fallen2|[silent]
|
|upkeep
|inactive|DCA has 90 seconds left.
|inactive|DCA has 60 seconds left.
|
|t:|1769368526
|switch|p1a: Pecharunt|Pecharunt|100/100
|-item|p1a: Pecharunt|Air Balloon
|turn|12
|inactive|DCA has 60 seconds left.
|inactive|Fogbound Lake has 120 seconds left.
|
|t:|1769368558
|move|p1a: Pecharunt|Shadow Ball|p2a: gacha lures
|-supereffective|p2a: gacha lures
|-damage|p2a: gacha lures|41/100
|-unboost|p2a: gacha lures|spd|1
|-enditem|p2a: gacha lures|Air Balloon
|move|p2a: gacha lures|Shadow Ball|p1a: Pecharunt
|-supereffective|p1a: Pecharunt
|-damage|p1a: Pecharunt|11/100
|-enditem|p1a: Pecharunt|Air Balloon
|
|upkeep
|turn|13
|
|t:|1769368582
|move|p1a: Pecharunt|Shadow Ball|p2a: gacha lures
|-supereffective|p2a: gacha lures
|-damage|p2a: gacha lures|0 fnt
|faint|p2a: gacha lures
|
|upkeep
|inactive|Fogbound Lake has 90 seconds left.
|
|t:|1769368620
|switch|p2a: GX28.....|Iron Valiant|100/100
|-damage|p2a: GX28.....|94/100|[from] Stealth Rock
|-damage|p2a: GX28.....|82/100|[from] Spikes
|-enditem|p2a: GX28.....|Booster Energy
|-activate|p2a: GX28.....|ability: Quark Drive|[fromitem]
|-start|p2a: GX28.....|quarkdrivespa
|turn|14
|
|t:|1769368635
|move|p2a: GX28.....|Moonblast|p1a: Pecharunt
|-resisted|p1a: Pecharunt
|-damage|p1a: Pecharunt|0 fnt
|faint|p1a: Pecharunt
|
|upkeep
|
|t:|1769368639
|switch|p1a: Dragonite|Dragonite, M, tera:Normal|68/100
|turn|15
|
|t:|1769368647
|move|p1a: Dragonite|Extreme Speed|p2a: GX28.....
|-damage|p2a: GX28.....|24/100
|move|p2a: GX28.....|Moonblast|p1a: Dragonite
|-damage|p1a: Dragonite|0 fnt
|faint|p1a: Dragonite
|
|upkeep
|c|☆DCA|gg
|
|t:|1769368654
|switch|p1a: Iron Valiant|Iron Valiant, shiny|100/100
|-activate|p1a: Iron Valiant|move: Sticky Web
|-unboost|p1a: Iron Valiant|spe|1
|-enditem|p1a: Iron Valiant|Booster Energy
|-activate|p1a: Iron Valiant|ability: Quark Drive|[fromitem]
|-start|p1a: Iron Valiant|quarkdriveatk
|turn|16
|
|t:|1769368658
|move|p2a: GX28.....|Moonblast|p1a: Iron Valiant
|-supereffective|p1a: Iron Valiant
|-damage|p1a: Iron Valiant|0 fnt
|faint|p1a: Iron Valiant
|-end|p1a: Iron Valiant|Quark Drive|[silent]
|
|win|Fogbound Lake
|c|☆Fogbound Lake|gg
