|j|☆Cotounet
|j|☆ign27
|t:|1769365710
|gametype|singles
|player|p1|Cotounet|acetrainer-gen4dp|1644
|player|p2|ign27|palmer|1707
|gen|9
|tier|[Gen 9] OU
|rated|
|rule|HP Percentage Mod: HP is shown in percentages
|rule|Endless Battle Clause: Forcing endless battles is banned
|rule|Species Clause: Limit one of each Pokémon
|rule|OHKO Clause: OHKO moves are banned
|rule|Evasion Items Clause: Evasion items are banned
|rule|Evasion Moves Clause: Evasion moves are banned
|rule|Evasion Abilities Clause: Evasion abilities are banned
|rule|Sleep Moves Clause: Sleep-inducing moves are banned
|clearpoke
|poke|p1|Iron Crown|
|poke|p1|Samurott-Hisui, M|
|poke|p1|Zapdos|
|poke|p1|Dragapult, F|
|poke|p1|Great Tusk|
|poke|p1|Iron Boulder|
|poke|p2|Dragonite, F|
|poke|p2|Heatran, M|
|poke|p2|Pecharunt|
|poke|p2|Ting-Lu|
|poke|p2|Zamazenta-*|
|poke|p2|Ogerpon-Wellspring, F|
|teampreview
|inactive|Battle timer is ON: inactive players will automatically lose when time's up. (requested by ign27)
|
|t:|1769365735
|teamsize|p1|6
|teamsize|p2|6
|start
|switch|p1a: Everytime We Touch|Samurott-Hisui, M|100/100
|switch|p2a: Ogerpon|Ogerpon-Wellspring, F|100/100
|turn|1
|
|t:|1769365742
|switch|p1a: Hurikan|Zapdos|100/100
|move|p2a: Ogerpon|Power Whip|p1a: Hurikan
|-resisted|p1a: Hurikan
|-damage|p1a: Hurikan|76/100
|-status|p2a: Ogerpon|par|[from] ability: Static|[of] p1a: Hurikan
|
|upkeep
|turn|2
|
|t:|1769365750
|switch|p2a: Heatran|Heatran, M, shiny|100/100
|move|p1a: Hurikan|Hurricane|p2a: Heatran
|-resisted|p2a: Heatran
|-damage|p2a: Heatran|84/100
|
|-heal|p2a: Heatran|91/100|[from] item: Leftovers
|upkeep
|turn|3
|
|t:|1769365757
|move|p1a: Hurikan|Discharge|p2a: Heatran
|-damage|p2a: Heatran|67/100
|-status|p2a: Heatran|par
|move|p2a: Heatran|Stealth Rock|p1a: Hurikan
|-sidestart|p1: Cotounet|move: Stealth Rock
|
|-heal|p2a: Heatran|73/100 par|[from] item: Leftovers
|upkeep
|turn|4
|
|t:|1769365764
|move|p1a: Hurikan|Discharge|p2a: Heatran
|-damage|p2a: Heatran|52/100 par
|cant|p2a: Heatran|par
|
|-heal|p2a: Heatran|58/100 par|[from] item: Leftovers
|upkeep
|turn|5
|
|t:|1769365770
|move|p1a: Hurikan|Discharge|p2a: Heatran
|-damage|p2a: Heatran|34/100 par
|move|p2a: Heatran|Magma Storm|p1a: Hurikan|[miss]
|-miss|p2a: Heatran|p1a: Hurikan
|
|-heal|p2a: Heatran|40/100 par|[from] item: Leftovers
|upkeep
|turn|6
|
|t:|1769365777
|move|p1a: Hurikan|Discharge|p2a: Heatran
|-damage|p2a: Heatran|17/100 par
|move|p2a: Heatran|Magma Storm|p1a: Hurikan
|-damage|p1a: Hurikan|36/100
|-activate|p1a: Hurikan|move: Magma Storm|[of] p2a: Heatran
|
|-heal|p2a: Heatran|23/100 par|[from] item: Leftovers
|-damage|p1a: Hurikan|24/100|[from] move: Magma Storm|[partiallytrapped]
|upkeep
|turn|7
|
|t:|1769365786
|move|p1a: Hurikan|Roost|p1a: Hurikan
|-heal|p1a: Hurikan|74/100
|-singleturn|p1a: Hurikan|move: Roost
|move|p2a: Heatran|Earth Power|p1a: Hurikan
|-supereffective|p1a: Hurikan
|-damage|p1a: Hurikan|26/100
|
|-heal|p2a: Heatran|30/100 par|[from] item: Leftovers
|-damage|p1a: Hurikan|13/100|[from] move: Magma Storm|[partiallytrapped]
|upkeep
|turn|8
|
|t:|1769365796
|move|p1a: Hurikan|Discharge|p2a: Heatran
|-damage|p2a: Heatran|6/100 par
|move|p2a: Heatran|Earth Power|p1a: Hurikan
|-immune|p1a: Hurikan
|
|-heal|p2a: Heatran|12/100 par|[from] item: Leftovers
|-damage|p1a: Hurikan|1/100|[from] move: Magma Storm|[partiallytrapped]
|upkeep
|turn|9
|
|t:|1769365804
|move|p1a: Hurikan|Discharge|p2a: Heatran
|-damage|p2a: Heatran|0 fnt
|faint|p2a: Heatran
|
|-end|p1a: Hurikan|Magma Storm|[partiallytrapped]|[silent]
|upkeep
|
|t:|1769365809
|switch|p2a: Zamazenta|Zamazenta|100/100
|-ability|p2a: Zamazenta|Dauntless Shield|boost
|-boost|p2a: Zamazenta|def|1
|turn|10
|
|t:|1769365813
|move|p2a: Zamazenta|Stone Edge|p1a: Hurikan
|-supereffective|p1a: Hurikan
|-damage|p1a: Hurikan|0 fnt
|faint|p1a: Hurikan
|
|upkeep
|
|t:|1769365817
|switch|p1a: Mindreader|Iron Crown|100/100
|-damage|p1a: Mindreader|94/100|[from] Stealth Rock
|turn|11
|
|t:|1769365824
|switch|p2a: Ting-Lu|Ting-Lu|100/100
|-ability|p2a: Ting-Lu|Vessel of Ruin
|move|p1a: Mindreader|Tachyon Cutter|p2a: Ting-Lu
|-damage|p2a: Ting-Lu|86/100
|-damage|p2a: Ting-Lu|71/100
|-hitcount|p2a: Ting-Lu|2
|
|-heal|p2a: Ting-Lu|77/100|[from] item: Leftovers
|upkeep
|turn|12
|
|t:|1769365834
|-end|p1a: Mindreader|Quark Drive|[silent]
|switch|p1a: Pump It|Great Tusk|100/100
|move|p2a: Ting-Lu|Spikes|p1a: Pump It
|-sidestart|p1: Cotounet|Spikes
|
|-heal|p2a: Ting-Lu|83/100|[from] item: Leftovers
|upkeep
|turn|13
|
|t:|1769365842
|switch|p2a: Pecharunt|Pecharunt|100/100
|move|p1a: Pump It|Headlong Rush|p2a: Pecharunt
|-supereffective|p2a: Pecharunt
|-damage|p2a: Pecharunt|18/100
|-unboost|p1a: Pump It|def|1
|-unboost|p1a: Pump It|spd|1
|
|upkeep
|turn|14
|
|t:|1769365850
|move|p2a: Pecharunt|Malignant Chain|p1a: Pump It
|-resisted|p1a: Pump It
|-damage|p1a: Pump It|67/100
|move|p1a: Pump It|Headlong Rush|p2a: Pecharunt
|-supereffective|p2a: Pecharunt
|-damage|p2a: Pecharunt|0 fnt
|-unboost|p1a: Pump It|def|1
|-unboost|p1a: Pump It|spd|1
|faint|p2a: Pecharunt
|
|upkeep
|
|t:|1769365859
|switch|p2a: Zamazenta|Zamazenta|100/100
|turn|15
|
|t:|1769365872
|-end|p1a: Pump It|Protosynthesis|[silent]
|switch|p1a: Parasite|Dragapult, F|100/100
|-damage|p1a: Parasite|88/100|[from] Stealth Rock
|-damage|p1a: Parasite|76/100|[from] Spikes
|move|p2a: Zamazenta|Close Combat|p1a: Parasite
|-immune|p1a: Parasite
|
|upkeep
|turn|16
|
|t:|1769365881
|switch|p2a: Ogerpon|Ogerpon-Wellspring, F|100/100 par
|move|p1a: Parasite|Dragon Darts|p2a: Ogerpon
|-damage|p2a: Ogerpon|54/100 par
|-anim|p1a: Parasite|Dragon Darts|p2a: Ogerpon
|-damage|p2a: Ogerpon|3/100 par
|
|upkeep
|turn|17
|
|t:|1769365887
|move|p1a: Parasite|Dragon Darts|p2a: Ogerpon
|-damage|p2a: Ogerpon|0 fnt
|faint|p2a: Ogerpon
|
|upkeep
|
|t:|1769365892
|switch|p2a: Dragonite|Dragonite, F|100/100
|turn|18
|
|t:|1769365895
|-terastallize|p2a: Dragonite|Flying
|move|p1a: Parasite|Dragon Darts|p2a: Dragonite
|-damage|p2a: Dragonite|82/100
|-anim|p1a: Parasite|Dragon Darts|p2a: Dragonite
|-damage|p2a: Dragonite|43/100
|move|p2a: Dragonite|Dragon Dance|p2a: Dragonite
|-boost|p2a: Dragonite|atk|1
|-boost|p2a: Dragonite|spe|1
|
|upkeep
|turn|19
|
|t:|1769365903
|move|p2a: Dragonite|Tera Blast|p1a: Parasite|[anim] Tera Blast Flying
|-damage|p1a: Parasite|0 fnt
|faint|p1a: Parasite
|
|upkeep
|
|t:|1769365908
|switch|p1a: Revery|Iron Boulder|100/100
|-damage|p1a: Revery|88/100|[from] Stealth Rock
|-damage|p1a: Revery|76/100|[from] Spikes
|-enditem|p1a: Revery|Booster Energy
|-activate|p1a: Revery|ability: Quark Drive|[fromitem]
|-start|p1a: Revery|quarkdrivespe
|turn|20
|
|t:|1769365919
|move|p1a: Revery|Mighty Cleave|p2a: Dragonite
|-supereffective|p2a: Dragonite
|-damage|p2a: Dragonite|0 fnt
|faint|p2a: Dragonite
|
|upkeep
|
|t:|1769365924
|switch|p2a: Ting-Lu|Ting-Lu|83/100
|-ability|p2a: Ting-Lu|Vessel of Ruin
|turn|21
|
|t:|1769365933
|-terastallize|p1a: Revery|Fighting
|move|p1a: Revery|Swords Dance|p1a: Revery
|-boost|p1a: Revery|atk|2
|move|p2a: Ting-Lu|Earthquake|p1a: Revery
|-damage|p1a: Revery|27/100
|
|-heal|p2a: Ting-Lu|90/100|[from] item: Leftovers
|upkeep
|turn|22
|
|t:|1769365941
|move|p1a: Revery|Close Combat|p2a: Ting-Lu
|-supereffective|p2a: Ting-Lu
|-damage|p2a: Ting-Lu|0 fnt
|-unboost|p1a: Revery|def|1
|-unboost|p1a: Revery|spd|1
|faint|p2a: Ting-Lu
|
|upkeep
|
|t:|1769365947
|switch|p2a: Zamazenta|Zamazenta|100/100
|turn|23
|
|t:|1769365953
|move|p1a: Revery|Close Combat|p2a: Zamazenta
|-damage|p2a: Zamazenta|0 fnt
|-unboost|p1a: Revery|def|1
|-unboost|p1a: Revery|spd|1
|faint|p2a: Zamazenta
|
|win|Cotounet
|raw|Cotounet's rating: 1644 &rarr; <strong>1668</strong><br />(+24 for winning)
|raw|ign27's rating: 1707 &rarr; <strong>1683</strong><br />(-24 for losing)
|l|☆Cotounet
|player|p1|
|l|☆ign27
|player|p2|
