|j|☆thehi
|j|☆nimjaisugly
|t:|1769352112
|gametype|singles
|player|p1|thehi|2|1531
|player|p2|nimjaisugly|clavell-s|1481
|gen|9
|tier|[Gen 9] OU
|rated|
|rule|HP Percentage Mod: HP is shown in percentages
|rule|Endless Battle Clause: Forcing endless battles is banned
|rule|Species Clause: Limit one of each Pokémon
|rule|OHKO Clause: OHKO moves are banned
|rule|Evasion Items Clause: Evasion items are banned
|rule|Evasion Moves Clause: Evasion moves are banned
|rule|Evasion Abilities Clause: Evasion abilities are banned
|rule|Sleep Moves Clause: Sleep-inducing moves are banned
|clearpoke
|poke|p1|Gholdengo|
|poke|p1|Tyranitar, M|
|poke|p1|Landorus-Therian, M|
|poke|p1|Corviknight, M|
|poke|p1|Keldeo|
|poke|p1|Raging Bolt|
|poke|p2|Porygon-Z|
|poke|p2|Kingambit, M|
|poke|p2|Dragapult, F|
|poke|p2|Alomomola, F|
|poke|p2|Pecharunt|
|poke|p2|Iron Treads|
|teampreview
|inactive|Battle timer is ON: inactive players will automatically lose when time's up. (requested by nimjaisugly)
|
|t:|1769352125
|teamsize|p1|6
|teamsize|p2|6
|start
|switch|p1a: d'Artagnan|Keldeo|100/100
|switch|p2a: Porygon-Z|Porygon-Z|100/100
|-ability|p2a: Porygon-Z|Download|boost
|-boost|p2a: Porygon-Z|atk|1
|turn|1
|c|☆thehi|Holy W a porygon Z user
|
|t:|1769352135
|switch|p2a: Dragapult|Dragapult, F|100/100
|move|p1a: d'Artagnan|Aura Sphere|p2a: Dragapult
|-immune|p2a: Dragapult
|
|upkeep
|turn|2
|
|t:|1769352140
|switch|p1a: Galarian Skarmory|Corviknight, M, shiny|100/100
|move|p2a: Dragapult|Will-O-Wisp|p1a: Galarian Skarmory
|-status|p1a: Galarian Skarmory|brn
|
|-damage|p1a: Galarian Skarmory|94/100 brn|[from] brn
|upkeep
|turn|3
|
|t:|1769352144
|move|p2a: Dragapult|Hex|p1a: Galarian Skarmory
|-damage|p1a: Galarian Skarmory|44/100 brn
|move|p1a: Galarian Skarmory|U-turn|p2a: Dragapult
|-resisted|p2a: Dragapult
|-damage|p2a: Dragapult|96/100
|
|t:|1769352151
|switch|p1a: Corleone|Tyranitar, M, shiny|100/100|[from] U-turn
|-weather|Sandstorm|[from] ability: Sand Stream|[of] p1a: Corleone
|
|-weather|Sandstorm|[upkeep]
|-damage|p2a: Dragapult|90/100|[from] Sandstorm
|upkeep
|turn|4
|
|t:|1769352154
|move|p2a: Dragapult|U-turn|p1a: Corleone
|-supereffective|p1a: Corleone
|-damage|p1a: Corleone|73/100
|
|t:|1769352158
|switch|p2a: Pecharunt|Pecharunt|100/100|[from] U-turn
|move|p1a: Corleone|Knock Off|p2a: Pecharunt
|-supereffective|p2a: Pecharunt
|-damage|p2a: Pecharunt|57/100
|-enditem|p2a: Pecharunt|Heavy-Duty Boots|[from] move: Knock Off|[of] p1a: Corleone
|
|-weather|Sandstorm|[upkeep]
|-damage|p2a: Pecharunt|51/100|[from] Sandstorm
|upkeep
|turn|5
|
|t:|1769352168
|switch|p1a: Galarian Skarmory|Corviknight, M, shiny|44/100 brn
|move|p2a: Pecharunt|Recover|p2a: Pecharunt
|-heal|p2a: Pecharunt|100/100
|
|-weather|Sandstorm|[upkeep]
|-damage|p2a: Pecharunt|94/100|[from] Sandstorm
|-damage|p1a: Galarian Skarmory|37/100 brn|[from] brn
|upkeep
|turn|6
|
|t:|1769352171
|move|p2a: Pecharunt|Shadow Ball|p1a: Galarian Skarmory
|-damage|p1a: Galarian Skarmory|12/100 brn
|move|p1a: Galarian Skarmory|Roost|p1a: Galarian Skarmory
|-heal|p1a: Galarian Skarmory|62/100 brn
|-singleturn|p1a: Galarian Skarmory|move: Roost
|
|-weather|Sandstorm|[upkeep]
|-damage|p2a: Pecharunt|88/100|[from] Sandstorm
|-damage|p1a: Galarian Skarmory|56/100 brn|[from] brn
|upkeep
|turn|7
|
|t:|1769352175
|move|p2a: Pecharunt|Shadow Ball|p1a: Galarian Skarmory
|-damage|p1a: Galarian Skarmory|32/100 brn
|move|p1a: Galarian Skarmory|Roost|p1a: Galarian Skarmory
|-heal|p1a: Galarian Skarmory|82/100 brn
|-singleturn|p1a: Galarian Skarmory|move: Roost
|
|-weather|none
|-damage|p1a: Galarian Skarmory|75/100 brn|[from] brn
|upkeep
|turn|8
|
|t:|1769352180
|move|p2a: Pecharunt|Shadow Ball|p1a: Galarian Skarmory
|-damage|p1a: Galarian Skarmory|51/100 brn
|move|p1a: Galarian Skarmory|Roost|p1a: Galarian Skarmory
|-heal|p1a: Galarian Skarmory|100/100 brn
|-singleturn|p1a: Galarian Skarmory|move: Roost
|
|-damage|p1a: Galarian Skarmory|94/100 brn|[from] brn
|upkeep
|turn|9
|
|t:|1769352185
|move|p2a: Pecharunt|Shadow Ball|p1a: Galarian Skarmory
|-damage|p1a: Galarian Skarmory|72/100 brn
|move|p1a: Galarian Skarmory|U-turn|p2a: Pecharunt
|-resisted|p2a: Pecharunt
|-damage|p2a: Pecharunt|88/100
|
|t:|1769352188
|switch|p1a: Raging Goat|Raging Bolt|100/100|[from] U-turn
|
|upkeep
|turn|10
|
|t:|1769352194
|switch|p2a: Iron Treads|Iron Treads|100/100
|-item|p2a: Iron Treads|Air Balloon
|move|p1a: Raging Goat|Volt Switch|p2a: Iron Treads
|-immune|p2a: Iron Treads
|
|upkeep
|turn|11
|
|t:|1769352201
|-end|p1a: Raging Goat|Protosynthesis|[silent]
|switch|p1a: Galarian Skarmory|Corviknight, M, shiny|72/100 brn
|move|p2a: Iron Treads|Knock Off|p1a: Galarian Skarmory
|-damage|p1a: Galarian Skarmory|57/100 brn
|-damage|p2a: Iron Treads|84/100|[from] item: Rocky Helmet|[of] p1a: Galarian Skarmory
|-enditem|p1a: Galarian Skarmory|Rocky Helmet|[from] move: Knock Off|[of] p2a: Iron Treads
|
|-damage|p1a: Galarian Skarmory|51/100 brn|[from] brn
|upkeep
|turn|12
|
|t:|1769352211
|move|p2a: Iron Treads|Stealth Rock|p1a: Galarian Skarmory
|-sidestart|p1: thehi|move: Stealth Rock
|move|p1a: Galarian Skarmory|U-turn|p2a: Iron Treads
|-resisted|p2a: Iron Treads
|-damage|p2a: Iron Treads|82/100
|-enditem|p2a: Iron Treads|Air Balloon
|
|t:|1769352217
|switch|p1a: Landy-T|Landorus-Therian, M|100/100|[from] U-turn
|-damage|p1a: Landy-T|88/100|[from] Stealth Rock
|-ability|p1a: Landy-T|Intimidate|boost
|-unboost|p2a: Iron Treads|atk|1
|
|upkeep
|turn|13
|
|t:|1769352225
|move|p2a: Iron Treads|Knock Off|p1a: Landy-T
|-damage|p1a: Landy-T|76/100
|-damage|p2a: Iron Treads|65/100|[from] item: Rocky Helmet|[of] p1a: Landy-T
|-enditem|p1a: Landy-T|Rocky Helmet|[from] move: Knock Off|[of] p2a: Iron Treads
|move|p1a: Landy-T|Earthquake|p2a: Iron Treads
|-supereffective|p2a: Iron Treads
|-damage|p2a: Iron Treads|0 fnt
|faint|p2a: Iron Treads
|-end|p2a: Iron Treads|Quark Drive|[silent]
|
|upkeep
|
|t:|1769352232
|switch|p2a: Porygon-Z|Porygon-Z|100/100
|-ability|p2a: Porygon-Z|Download|boost
|-boost|p2a: Porygon-Z|spa|1
|turn|14
|
|t:|1769352242
|switch|p1a: d'Artagnan|Keldeo|100/100
|-damage|p1a: d'Artagnan|94/100|[from] Stealth Rock
|move|p2a: Porygon-Z|Ice Beam|p1a: d'Artagnan
|-resisted|p1a: d'Artagnan
|-damage|p1a: d'Artagnan|51/100
|
|upkeep
|turn|15
|c|☆thehi|Sepcd maybe?
|c|☆thehi|Specd
|
|t:|1769352258
|switch|p2a: Dragapult|Dragapult, F|90/100
|move|p1a: d'Artagnan|Flip Turn|p2a: Dragapult
|-resisted|p2a: Dragapult
|-damage|p2a: Dragapult|80/100
|
|t:|1769352264
|switch|p1a: Cheestrings|Gholdengo, shiny|100/100|[from] Flip Turn
|-damage|p1a: Cheestrings|94/100|[from] Stealth Rock
|
|-heal|p1a: Cheestrings|100/100|[from] item: Leftovers
|upkeep
|turn|16
|
|t:|1769352271
|move|p2a: Dragapult|U-turn|p1a: Cheestrings
|-resisted|p1a: Cheestrings
|-damage|p1a: Cheestrings|97/100
|
|t:|1769352273
|switch|p2a: Alomomola|Alomomola, F|100/100|[from] U-turn
|move|p1a: Cheestrings|Shadow Ball|p2a: Alomomola
|-damage|p2a: Alomomola|79/100
|
|-heal|p1a: Cheestrings|100/100|[from] item: Leftovers
|upkeep
|turn|17
|
|t:|1769352276
|move|p1a: Cheestrings|Nasty Plot|p1a: Cheestrings
|-boost|p1a: Cheestrings|spa|2
|move|p2a: Alomomola|Flip Turn|p1a: Cheestrings
|-crit|p1a: Cheestrings
|-damage|p1a: Cheestrings|81/100
|
|t:|1769352281
|switch|p2a: Porygon-Z|Porygon-Z|100/100|[from] Flip Turn
|-ability|p2a: Porygon-Z|Download|boost
|-boost|p2a: Porygon-Z|spa|1
|
|-heal|p1a: Cheestrings|88/100|[from] item: Leftovers
|upkeep
|turn|18
|
|t:|1769352289
|-terastallize|p1a: Cheestrings|Water
|move|p2a: Porygon-Z|Dark Pulse|p1a: Cheestrings
|-damage|p1a: Cheestrings|24/100
|move|p1a: Cheestrings|Make It Rain|p2a: Porygon-Z
|-damage|p2a: Porygon-Z|0 fnt
|-unboost|p1a: Cheestrings|spa|1
|faint|p2a: Porygon-Z
|
|-heal|p1a: Cheestrings|30/100|[from] item: Leftovers
|upkeep
|
|t:|1769352298
|switch|p2a: Dragapult|Dragapult, F|80/100
|turn|19
|
|t:|1769352311
|switch|p1a: Corleone|Tyranitar, M, shiny|73/100
|-damage|p1a: Corleone|61/100|[from] Stealth Rock
|-weather|Sandstorm|[from] ability: Sand Stream|[of] p1a: Corleone
|move|p2a: Dragapult|Dragon Darts|p1a: Corleone
|-damage|p1a: Corleone|45/100
|-anim|p2a: Dragapult|Dragon Darts|p1a: Corleone
|-damage|p1a: Corleone|29/100
|
|-weather|Sandstorm|[upkeep]
|-damage|p2a: Dragapult|74/100|[from] Sandstorm
|upkeep
|turn|20
|
|t:|1769352317
|move|p2a: Dragapult|Dragon Darts|p1a: Corleone
|-damage|p1a: Corleone|12/100
|-anim|p2a: Dragapult|Dragon Darts|p1a: Corleone
|-damage|p1a: Corleone|0 fnt
|faint|p1a: Corleone
|
|-weather|Sandstorm|[upkeep]
|-damage|p2a: Dragapult|68/100|[from] Sandstorm
|upkeep
|
|t:|1769352319
|switch|p1a: Galarian Skarmory|Corviknight, M, shiny|51/100 brn
|-damage|p1a: Galarian Skarmory|38/100 brn|[from] Stealth Rock
|turn|21
|
|t:|1769352322
|move|p2a: Dragapult|Hex|p1a: Galarian Skarmory
|-damage|p1a: Galarian Skarmory|0 fnt
|faint|p1a: Galarian Skarmory
|
|-weather|Sandstorm|[upkeep]
|-damage|p2a: Dragapult|62/100|[from] Sandstorm
|upkeep
|
|t:|1769352341
|switch|p1a: Landy-T|Landorus-Therian, M|76/100
|-damage|p1a: Landy-T|64/100|[from] Stealth Rock
|-ability|p1a: Landy-T|Intimidate|boost
|-unboost|p2a: Dragapult|atk|1
|turn|22
|
|t:|1769352348
|switch|p2a: Alomomola|Alomomola, F|100/100
|move|p1a: Landy-T|U-turn|p2a: Alomomola
|-damage|p2a: Alomomola|85/100
|
|t:|1769352350
|switch|p1a: Cheestrings|Gholdengo, shiny, tera:Water|30/100|[from] U-turn
|-damage|p1a: Cheestrings|18/100|[from] Stealth Rock
|
|-weather|Sandstorm|[upkeep]
|-damage|p1a: Cheestrings|12/100|[from] Sandstorm
|-damage|p2a: Alomomola|79/100|[from] Sandstorm
|-heal|p1a: Cheestrings|18/100|[from] item: Leftovers
|upkeep
|turn|23
|
|t:|1769352358
|move|p1a: Cheestrings|Recover|p1a: Cheestrings
|-heal|p1a: Cheestrings|68/100
|move|p2a: Alomomola|Flip Turn|p1a: Cheestrings
|-resisted|p1a: Cheestrings
|-damage|p1a: Cheestrings|62/100
|
|t:|1769352363
|switch|p2a: Kingambit|Kingambit, M|100/100|[from] Flip Turn
|-activate|p2a: Kingambit|ability: Supreme Overlord
|-start|p2a: Kingambit|fallen2|[silent]
|
|-weather|none
|-heal|p1a: Cheestrings|68/100|[from] item: Leftovers
|upkeep
|turn|24
|
|t:|1769352367
|move|p1a: Cheestrings|Recover|p1a: Cheestrings
|-heal|p1a: Cheestrings|100/100
|move|p2a: Kingambit|Kowtow Cleave|p1a: Cheestrings
|-damage|p1a: Cheestrings|62/100
|
|-heal|p1a: Cheestrings|68/100|[from] item: Leftovers
|upkeep
|turn|25
|
|t:|1769352371
|switch|p1a: Landy-T|Landorus-Therian, M|64/100
|-damage|p1a: Landy-T|52/100|[from] Stealth Rock
|-ability|p1a: Landy-T|Intimidate|boost
|-unboost|p2a: Kingambit|atk|1
|move|p2a: Kingambit|Swords Dance|p2a: Kingambit
|-boost|p2a: Kingambit|atk|2
|
|upkeep
|turn|26
|
|t:|1769352378
|move|p2a: Kingambit|Sucker Punch|p1a: Landy-T
|-damage|p1a: Landy-T|0 fnt
|faint|p1a: Landy-T
|
|upkeep
|
|t:|1769352383
|switch|p1a: d'Artagnan|Keldeo|51/100
|-damage|p1a: d'Artagnan|45/100|[from] Stealth Rock
|turn|27
|
|t:|1769352388
|-end|p2a: Kingambit|fallen2|[silent]
|switch|p2a: Pecharunt|Pecharunt|88/100
|move|p1a: d'Artagnan|Surf|p2a: Pecharunt
|-damage|p2a: Pecharunt|42/100
|
|upkeep
|turn|28
|
|t:|1769352394
|switch|p2a: Alomomola|Alomomola, F|100/100
|move|p1a: d'Artagnan|Surf|p2a: Alomomola
|-resisted|p2a: Alomomola
|-damage|p2a: Alomomola|87/100
|
|upkeep
|turn|29
|
|t:|1769352398
|switch|p1a: Raging Goat|Raging Bolt|100/100
|-damage|p1a: Raging Goat|88/100|[from] Stealth Rock
|move|p2a: Alomomola|Flip Turn|p1a: Raging Goat
|-resisted|p1a: Raging Goat
|-damage|p1a: Raging Goat|82/100
|
|t:|1769352409
|switch|p2a: Kingambit|Kingambit, M|100/100|[from] Flip Turn
|-activate|p2a: Kingambit|ability: Supreme Overlord
|-start|p2a: Kingambit|fallen2|[silent]
|
|upkeep
|turn|30
|
|t:|1769352424
|-terastallize|p2a: Kingambit|Fairy
|move|p1a: Raging Goat|Thunderbolt|p2a: Kingambit
|-damage|p2a: Kingambit|45/100
|move|p2a: Kingambit|Tera Blast|p1a: Raging Goat|[anim] Tera Blast Fairy
|-supereffective|p1a: Raging Goat
|-crit|p1a: Raging Goat
|-damage|p1a: Raging Goat|0 fnt
|faint|p1a: Raging Goat
|-end|p1a: Raging Goat|Protosynthesis|[silent]
|
|-heal|p2a: Kingambit|52/100|[from] item: Leftovers
|upkeep
|-message|thehi forfeited.
|
|win|nimjaisugly
|raw|thehi's rating: 1531 &rarr; <strong>1508</strong><br />(-23 for losing)
|raw|nimjaisugly's rating: 1481 &rarr; <strong>1504</strong><br />(+23 for winning)
|l|☆thehi
|player|p1|
|l|☆nimjaisugly
|player|p2|
