|j|☆Nopehomo
|j|☆iRainbo_ots
|t:|1769335985
|gametype|singles
|player|p1|Nopehomo|101|1078
|player|p2|iRainbo_ots|preschooler|1062
|gen|9
|tier|[Gen 9] OU
|rated|
|rule|HP Percentage Mod: HP is shown in percentages
|rule|Endless Battle Clause: Forcing endless battles is banned
|rule|Species Clause: Limit one of each Pokémon
|rule|OHKO Clause: OHKO moves are banned
|rule|Evasion Items Clause: Evasion items are banned
|rule|Evasion Moves Clause: Evasion moves are banned
|rule|Evasion Abilities Clause: Evasion abilities are banned
|rule|Sleep Moves Clause: Sleep-inducing moves are banned
|clearpoke
|poke|p1|Glimmora, F|
|poke|p1|Samurott-Hisui, F|
|poke|p1|Dragapult, F|
|poke|p1|Hatterene, F|
|poke|p1|Landorus-Therian, M|
|poke|p1|Zapdos|
|poke|p2|Pelipper, M|
|poke|p2|Kingdra, M|
|poke|p2|Kilowattrel, F|
|poke|p2|Cinccino, F|
|poke|p2|Kingambit, M|
|poke|p2|Gastrodon-East, F|
|teampreview
|inactive|Battle timer is ON: inactive players will automatically lose when time's up. (requested by Nopehomo)
|
|t:|1769336013
|teamsize|p1|6
|teamsize|p2|6
|start
|switch|p1a: Glimmora|Glimmora, F|100/100
|switch|p2a: Gastrodon|Gastrodon-East, F|100/100
|turn|1
|inactive|Nopehomo has 120 seconds left.
|
|t:|1769336043
|move|p1a: Glimmora|Spikes|p2a: Gastrodon
|-sidestart|p2: iRainbo_ots|Spikes
|move|p2a: Gastrodon|Earth Power|p1a: Glimmora
|-supereffective|p1a: Glimmora
|-crit|p1a: Glimmora
|-damage|p1a: Glimmora|0 fnt
|faint|p1a: Glimmora
|
|upkeep
|inactive|Nopehomo has 120 seconds left.
|
|t:|1769336057
|switch|p1a: Landorus|Landorus-Therian, M|100/100
|-ability|p1a: Landorus|Intimidate|boost
|-unboost|p2a: Gastrodon|atk|1
|turn|2
|inactive|Nopehomo has 120 seconds left.
|c|☆iRainbo_ots|Why dont you have a focus sash on that?
|
|t:|1769336066
|move|p1a: Landorus|Grass Knot|p2a: Gastrodon
|-supereffective|p2a: Gastrodon
|-damage|p2a: Gastrodon|48/100
|-damage|p1a: Landorus|91/100|[from] item: Life Orb
|move|p2a: Gastrodon|Ice Beam|p1a: Landorus
|-supereffective|p1a: Landorus
|-damage|p1a: Landorus|0 fnt
|faint|p1a: Landorus
|
|-heal|p2a: Gastrodon|54/100|[from] item: Leftovers
|upkeep
|inactive|Nopehomo has 120 seconds left.
|
|t:|1769336089
|switch|p1a: Dragapult|Dragapult, F|100/100
|turn|3
|
|t:|1769336095
|switch|p2a: Cinccino|Cinccino, F|100/100
|move|p1a: Dragapult|Outrage|p2a: Cinccino
|-damage|p2a: Cinccino|0 fnt
|faint|p2a: Cinccino
|
|upkeep
|
|t:|1769336106
|switch|p2a: Pelipper|Pelipper, M|100/100
|-weather|RainDance|[from] ability: Drizzle|[of] p2a: Pelipper
|turn|4
|
|t:|1769336110
|move|p1a: Dragapult|Outrage|p2a: Pelipper|[from] lockedmove
|-damage|p2a: Pelipper|33/100
|move|p2a: Pelipper|Knock Off|p1a: Dragapult
|-supereffective|p1a: Dragapult
|-damage|p1a: Dragapult|65/100
|-enditem|p1a: Dragapult|Choice Band|[from] move: Knock Off|[of] p2a: Pelipper
|
|-weather|RainDance|[upkeep]
|upkeep
|turn|5
|
|t:|1769336120
|move|p1a: Dragapult|Outrage|p2a: Pelipper|[from] lockedmove
|-damage|p2a: Pelipper|0 fnt
|faint|p2a: Pelipper
|-start|p1a: Dragapult|confusion|[fatigue]
|
|-weather|RainDance|[upkeep]
|upkeep
|
|t:|1769336127
|switch|p2a: Kingdra|Kingdra, M|100/100
|-damage|p2a: Kingdra|88/100|[from] Spikes
|turn|6
|
|t:|1769336139
|-terastallize|p2a: Kingdra|Water
|-terastallize|p1a: Dragapult|Fairy
|move|p2a: Kingdra|Surf|p1a: Dragapult
|-damage|p1a: Dragapult|0 fnt
|faint|p1a: Dragapult
|
|-weather|RainDance|[upkeep]
|upkeep
|
|t:|1769336150
|switch|p1a: Zapdos|Zapdos, shiny|100/100
|turn|7
|
|t:|1769336171
|switch|p2a: Gastrodon|Gastrodon-East, F|54/100
|-damage|p2a: Gastrodon|42/100|[from] Spikes
|move|p1a: Zapdos|Thunderbolt|p2a: Gastrodon
|-immune|p2a: Gastrodon
|
|-weather|RainDance|[upkeep]
|-heal|p2a: Gastrodon|48/100|[from] item: Leftovers
|upkeep
|turn|8
|
|t:|1769336188
|switch|p1a: Hatterene|Hatterene, F, shiny|100/100
|move|p2a: Gastrodon|Recover|p2a: Gastrodon
|-heal|p2a: Gastrodon|98/100
|
|-weather|RainDance|[upkeep]
|-heal|p2a: Gastrodon|100/100|[from] item: Leftovers
|upkeep
|turn|9
|
|t:|1769336200
|switch|p2a: Kingambit|Kingambit, M, shiny|100/100
|-damage|p2a: Kingambit|88/100|[from] Spikes
|-activate|p2a: Kingambit|ability: Supreme Overlord
|-start|p2a: Kingambit|fallen2|[silent]
|move|p1a: Hatterene|Calm Mind|p1a: Hatterene
|-boost|p1a: Hatterene|spa|1
|-boost|p1a: Hatterene|spd|1
|
|-weather|RainDance|[upkeep]
|-heal|p2a: Kingambit|94/100|[from] item: Leftovers
|upkeep
|turn|10
|
|t:|1769336211
|move|p2a: Kingambit|Swords Dance|p2a: Kingambit
|-boost|p2a: Kingambit|atk|2
|move|p1a: Hatterene|Mystical Fire|p2a: Kingambit
|-supereffective|p2a: Kingambit
|-damage|p2a: Kingambit|40/100
|-unboost|p2a: Kingambit|spa|1
|
|-weather|RainDance|[upkeep]
|-heal|p2a: Kingambit|47/100|[from] item: Leftovers
|upkeep
|turn|11
|
|t:|1769336222
|move|p2a: Kingambit|Iron Head|p1a: Hatterene
|-supereffective|p1a: Hatterene
|-damage|p1a: Hatterene|0 fnt
|-damage|p2a: Kingambit|30/100|[from] item: Rocky Helmet|[of] p1a: Hatterene
|faint|p1a: Hatterene
|
|-weather|none
|-heal|p2a: Kingambit|36/100|[from] item: Leftovers
|upkeep
|inactive|Nopehomo has 120 seconds left.
|
|t:|1769336232
|switch|p1a: Zapdos|Zapdos, shiny|100/100
|turn|12
|
|t:|1769336240
|move|p1a: Zapdos|Heat Wave|p2a: Kingambit
|-supereffective|p2a: Kingambit
|-damage|p2a: Kingambit|0 fnt
|faint|p2a: Kingambit
|-end|p2a: Kingambit|fallen2|[silent]
|
|upkeep
|
|t:|1769336248
|switch|p2a: Gastrodon|Gastrodon-East, F|100/100
|-damage|p2a: Gastrodon|88/100|[from] Spikes
|turn|13
|-message|Nopehomo forfeited.
|
|win|iRainbo_ots
|raw|Nopehomo's rating: 1078 &rarr; <strong>1055</strong><br />(-23 for losing)
|raw|iRainbo_ots's rating: 1062 &rarr; <strong>1094</strong><br />(+32 for winning)
|l|☆Nopehomo
|player|p1|
|l|☆iRainbo_ots
|player|p2|
