|j|☆the russian
|j|☆Baddyboy100
|t:|1769413991
|gametype|singles
|player|p1|the russian|170|1256
|player|p2|Baddyboy100|volkner|1218
|gen|9
|tier|[Gen 9] OU
|rated|
|rule|HP Percentage Mod: HP is shown in percentages
|rule|Endless Battle Clause: Forcing endless battles is banned
|rule|Species Clause: Limit one of each Pokémon
|rule|OHKO Clause: OHKO moves are banned
|rule|Evasion Items Clause: Evasion items are banned
|rule|Evasion Moves Clause: Evasion moves are banned
|rule|Evasion Abilities Clause: Evasion abilities are banned
|rule|Sleep Moves Clause: Sleep-inducing moves are banned
|clearpoke
|poke|p1|Garchomp, F|
|poke|p1|Milotic, F|
|poke|p1|Metagross|
|poke|p1|Chesnaught, F|
|poke|p1|Glimmora, F|
|poke|p1|Moltres|
|poke|p2|Azumarill, F|
|poke|p2|Ceruledge, M|
|poke|p2|Great Tusk|
|poke|p2|Porygon-Z|
|poke|p2|Ninetales, M|
|poke|p2|Talonflame, F|
|teampreview
|inactive|Battle timer is ON: inactive players will automatically lose when time's up. (requested by Baddyboy100)
|
|t:|1769414012
|teamsize|p1|6
|teamsize|p2|6
|start
|switch|p1a: Garchomp|Garchomp, F|100/100
|switch|p2a: Azumarill|Azumarill, F|100/100
|turn|1
|
|t:|1769414018
|move|p1a: Garchomp|Earthquake|p2a: Azumarill
|-damage|p2a: Azumarill|46/100
|move|p2a: Azumarill|Liquidation|p1a: Garchomp
|-damage|p1a: Garchomp|31/100
|-damage|p2a: Azumarill|34/100|[from] ability: Rough Skin|[of] p1a: Garchomp
|-damage|p2a: Azumarill|17/100|[from] item: Rocky Helmet|[of] p1a: Garchomp
|
|upkeep
|turn|2
|
|t:|1769414028
|switch|p2a: Talonflame|Talonflame, F|100/100
|move|p1a: Garchomp|Earthquake|p2a: Talonflame
|-immune|p2a: Talonflame
|
|upkeep
|turn|3
|
|t:|1769414047
|switch|p2a: Azumarill|Azumarill, F|17/100
|move|p1a: Garchomp|Stealth Rock|p2a: Azumarill
|-sidestart|p2: Baddyboy100|move: Stealth Rock
|
|upkeep
|turn|4
|
|t:|1769414052
|move|p2a: Azumarill|Aqua Jet|p1a: Garchomp
|-damage|p1a: Garchomp|0 fnt
|-damage|p2a: Azumarill|5/100|[from] ability: Rough Skin|[of] p1a: Garchomp
|-damage|p2a: Azumarill|0 fnt|[from] item: Rocky Helmet|[of] p1a: Garchomp
|faint|p1a: Garchomp
|faint|p2a: Azumarill
|
|upkeep
|
|t:|1769414059
|switch|p1a: Milotic|Milotic, F|100/100
|switch|p2a: Talonflame|Talonflame, F|100/100
|turn|5
|
|t:|1769414063
|move|p2a: Talonflame|Defog|p1a: Milotic
|-unboost|p1a: Milotic|evasion|1
|-sideend|p2: Baddyboy100|Stealth Rock|[from] move: Defog|[of] p2a: Talonflame
|move|p1a: Milotic|Scald|p2a: Talonflame
|-supereffective|p2a: Talonflame
|-damage|p2a: Talonflame|1/100
|
|upkeep
|turn|6
|
|t:|1769414072
|switch|p2a: Ninetales|Ninetales, M|100/100
|-weather|SunnyDay|[from] ability: Drought|[of] p2a: Ninetales
|move|p1a: Milotic|Scald|p2a: Ninetales
|-supereffective|p2a: Ninetales
|-damage|p2a: Ninetales|63/100
|
|-weather|SunnyDay|[upkeep]
|upkeep
|turn|7
|
|t:|1769414083
|move|p2a: Ninetales|Solar Beam||[still]
|-prepare|p2a: Ninetales|Solar Beam
|-anim|p2a: Ninetales|Solar Beam|p1a: Milotic
|-supereffective|p1a: Milotic
|-damage|p1a: Milotic|51/100
|-damage|p2a: Ninetales|53/100|[from] item: Life Orb
|move|p1a: Milotic|Scald|p2a: Ninetales
|-supereffective|p2a: Ninetales
|-damage|p2a: Ninetales|20/100
|
|-weather|SunnyDay|[upkeep]
|-heal|p1a: Milotic|57/100|[from] item: Leftovers
|upkeep
|turn|8
|
|t:|1769414091
|move|p2a: Ninetales|Solar Beam||[still]
|-prepare|p2a: Ninetales|Solar Beam
|-anim|p2a: Ninetales|Solar Beam|p1a: Milotic
|-supereffective|p1a: Milotic
|-damage|p1a: Milotic|12/100
|-damage|p2a: Ninetales|10/100|[from] item: Life Orb
|move|p1a: Milotic|Recover|p1a: Milotic
|-heal|p1a: Milotic|62/100
|
|-weather|SunnyDay|[upkeep]
|-heal|p1a: Milotic|68/100|[from] item: Leftovers
|upkeep
|turn|9
|
|t:|1769414097
|move|p2a: Ninetales|Encore|p1a: Milotic
|-start|p1a: Milotic|Encore
|move|p1a: Milotic|Recover|p1a: Milotic
|-heal|p1a: Milotic|100/100
|
|-weather|SunnyDay|[upkeep]
|upkeep
|turn|10
|
|t:|1769414102
|switch|p1a: Chesnaught|Chesnaught, F|100/100
|move|p2a: Ninetales|Healing Wish|p2a: Ninetales
|faint|p2a: Ninetales
|
|-weather|none
|upkeep
|
|t:|1769414105
|switch|p2a: Talonflame|Talonflame, F|1/100
|-heal|p2a: Talonflame|100/100|[from] move: Healing Wish
|turn|11
|
|t:|1769414112
|switch|p1a: Glimmora|Glimmora, F|100/100
|move|p2a: Talonflame|Brave Bird|p1a: Glimmora
|-resisted|p1a: Glimmora
|-damage|p1a: Glimmora|72/100
|-activate|p1a: Glimmora|ability: Toxic Debris
|-sidestart|p2: Baddyboy100|move: Toxic Spikes
|-damage|p2a: Talonflame|91/100|[from] Recoil
|
|upkeep
|turn|12
|
|t:|1769414118
|switch|p2a: Great Tusk|Great Tusk|100/100
|-status|p2a: Great Tusk|psn
|move|p1a: Glimmora|Sludge Wave|p2a: Great Tusk
|-resisted|p2a: Great Tusk
|-damage|p2a: Great Tusk|61/100 psn
|
|-heal|p2a: Great Tusk|67/100 psn|[from] item: Leftovers
|-damage|p2a: Great Tusk|54/100 psn|[from] psn
|upkeep
|turn|13
|
|t:|1769414126
|move|p1a: Glimmora|Sludge Wave|p2a: Great Tusk
|-resisted|p2a: Great Tusk
|-damage|p2a: Great Tusk|10/100 psn
|move|p2a: Great Tusk|Rapid Spin|p1a: Glimmora
|-resisted|p1a: Glimmora
|-damage|p1a: Glimmora|60/100
|-boost|p2a: Great Tusk|spe|1
|-activate|p1a: Glimmora|ability: Toxic Debris
|-sidestart|p2: Baddyboy100|move: Toxic Spikes
|-sideend|p2: Baddyboy100|Toxic Spikes|[from] move: Rapid Spin|[of] p2a: Great Tusk
|
|-heal|p2a: Great Tusk|16/100 psn|[from] item: Leftovers
|-damage|p2a: Great Tusk|4/100 psn|[from] psn
|upkeep
|turn|14
|
|t:|1769414133
|switch|p1a: Chesnaught|Chesnaught, F|100/100
|move|p2a: Great Tusk|Head Smash|p1a: Chesnaught
|-resisted|p1a: Chesnaught
|-damage|p1a: Chesnaught|85/100
|-damage|p2a: Great Tusk|0 fnt|[from] Recoil
|faint|p2a: Great Tusk
|-end|p2a: Great Tusk|Protosynthesis|[silent]
|
|-heal|p1a: Chesnaught|91/100|[from] item: Leftovers
|upkeep
|
|t:|1769414137
|switch|p2a: Ceruledge|Ceruledge, M|100/100
|turn|15
|
|t:|1769414145
|move|p2a: Ceruledge|Swords Dance|p2a: Ceruledge
|-boost|p2a: Ceruledge|atk|2
|move|p1a: Chesnaught|Leech Seed|p2a: Ceruledge
|-start|p2a: Ceruledge|move: Leech Seed
|
|-heal|p1a: Chesnaught|97/100|[from] item: Leftovers
|-damage|p2a: Ceruledge|88/100|[from] Leech Seed|[of] p1a: Chesnaught
|-heal|p1a: Chesnaught|100/100|[silent]
|upkeep
|turn|16
|
|t:|1769414154
|-terastallize|p1a: Chesnaught|Ghost
|move|p2a: Ceruledge|Bitter Blade|p1a: Chesnaught
|-damage|p1a: Chesnaught|30/100
|-heal|p2a: Ceruledge|100/100|[from] drain|[of] p1a: Chesnaught
|move|p1a: Chesnaught|Knock Off|p2a: Ceruledge
|-supereffective|p2a: Ceruledge
|-damage|p2a: Ceruledge|19/100
|-ability|p2a: Ceruledge|Weak Armor|boost
|-unboost|p2a: Ceruledge|def|1
|-boost|p2a: Ceruledge|spe|2
|-enditem|p2a: Ceruledge|Focus Sash|[from] move: Knock Off|[of] p1a: Chesnaught
|
|-heal|p1a: Chesnaught|36/100|[from] item: Leftovers
|-damage|p2a: Ceruledge|6/100|[from] Leech Seed|[of] p1a: Chesnaught
|-heal|p1a: Chesnaught|46/100|[silent]
|upkeep
|turn|17
|
|t:|1769414168
|move|p1a: Chesnaught|Spiky Shield|p1a: Chesnaught
|-singleturn|p1a: Chesnaught|move: Protect
|move|p2a: Ceruledge|Bitter Blade|p1a: Chesnaught
|-activate|p1a: Chesnaught|move: Protect
|-damage|p2a: Ceruledge|0 fnt|[from] Spiky Shield|[of] p1a: Chesnaught
|faint|p2a: Ceruledge
|
|-heal|p1a: Chesnaught|52/100|[from] item: Leftovers
|upkeep
|
|t:|1769414174
|switch|p2a: Porygon-Z|Porygon-Z|100/100
|turn|18
|
|t:|1769414177
|move|p2a: Porygon-Z|Shadow Ball|p1a: Chesnaught
|-immune|p1a: Chesnaught|[from] ability: Bulletproof
|move|p1a: Chesnaught|Leech Seed|p2a: Porygon-Z
|-start|p2a: Porygon-Z|move: Leech Seed
|
|-heal|p1a: Chesnaught|58/100|[from] item: Leftovers
|-damage|p2a: Porygon-Z|88/100|[from] Leech Seed|[of] p1a: Chesnaught
|-heal|p1a: Chesnaught|68/100|[silent]
|upkeep
|turn|19
|-message|Baddyboy100 forfeited.
|
|win|the russian
|raw|the russian's rating: 1256 &rarr; <strong>1278</strong><br />(+22 for winning)
|raw|Baddyboy100's rating: 1218 &rarr; <strong>1196</strong><br />(-22 for losing)
|l|☆Baddyboy100
|player|p2|
|l|☆the russian
|player|p1|
