|j|☆ElTulaMan
|j|☆Sommerbock
|t:|1769347300
|gametype|singles
|player|p1|ElTulaMan|266|1421
|player|p2|Sommerbock|swimmer-gen4|1379
|gen|9
|tier|[Gen 9] OU
|rated|
|rule|HP Percentage Mod: HP is shown in percentages
|rule|Endless Battle Clause: Forcing endless battles is banned
|rule|Species Clause: Limit one of each Pokémon
|rule|OHKO Clause: OHKO moves are banned
|rule|Evasion Items Clause: Evasion items are banned
|rule|Evasion Moves Clause: Evasion moves are banned
|rule|Evasion Abilities Clause: Evasion abilities are banned
|rule|Sleep Moves Clause: Sleep-inducing moves are banned
|clearpoke
|poke|p1|Staraptor, F|
|poke|p1|Wattrel, M|
|poke|p1|Garchomp, F|
|poke|p1|Slowking-Galar, M|
|poke|p1|Gliscor, F|
|poke|p1|Scizor, M|
|poke|p2|Moltres|
|poke|p2|Zamazenta-*|
|poke|p2|Darkrai|
|poke|p2|Hydrapple, M|
|poke|p2|Ting-Lu|
|poke|p2|Tinkaton, F|
|teampreview
|
|t:|1769347321
|teamsize|p1|6
|teamsize|p2|6
|start
|switch|p1a: Slowking|Slowking-Galar, M|100/100
|switch|p2a: Tinkaton|Tinkaton, F|100/100
|-ability|p2a: Tinkaton|Mold Breaker
|-item|p2a: Tinkaton|Air Balloon
|turn|1
|
|t:|1769347327
|switch|p1a: Garchomp|Garchomp, F|100/100
|move|p2a: Tinkaton|Stealth Rock|p1a: Garchomp
|-sidestart|p1: ElTulaMan|move: Stealth Rock
|
|upkeep
|turn|2
|
|t:|1769347334
|move|p2a: Tinkaton|Gigaton Hammer|p1a: Garchomp
|-damage|p1a: Garchomp|73/100
|move|p1a: Garchomp|Stealth Rock|p2a: Tinkaton
|-sidestart|p2: Sommerbock|move: Stealth Rock
|
|upkeep
|turn|3
|
|t:|1769347338
|move|p2a: Tinkaton|Encore|p1a: Garchomp
|-start|p1a: Garchomp|Encore
|move|p1a: Garchomp|Stealth Rock||[still]
|-fail|p1a: Garchomp
|
|upkeep
|turn|4
|
|t:|1769347341
|switch|p1a: Slowking|Slowking-Galar, M|100/100
|move|p2a: Tinkaton|Gigaton Hammer|p1a: Slowking
|-damage|p1a: Slowking|53/100
|
|upkeep
|turn|5
|
|t:|1769347348
|switch|p1a: Garchomp|Garchomp, F|73/100
|-damage|p1a: Garchomp|66/100|[from] Stealth Rock
|move|p2a: Tinkaton|Thunder Wave|p1a: Garchomp
|-immune|p1a: Garchomp
|
|upkeep
|turn|6
|
|t:|1769347351
|move|p2a: Tinkaton|Gigaton Hammer|p1a: Garchomp
|-damage|p1a: Garchomp|38/100
|move|p1a: Garchomp|Dragon Tail|p2a: Tinkaton
|-immune|p2a: Tinkaton
|
|upkeep
|turn|7
|
|t:|1769347356
|switch|p1a: Scizor|Scizor, M|100/100
|-damage|p1a: Scizor|88/100|[from] Stealth Rock
|move|p2a: Tinkaton|Encore||[still]
|-fail|p2a: Tinkaton
|
|upkeep
|turn|8
|
|t:|1769347360
|switch|p2a: Moltres|Moltres|100/100
|move|p1a: Scizor|Bullet Punch|p2a: Moltres
|-resisted|p2a: Moltres
|-damage|p2a: Moltres|87/100
|
|upkeep
|turn|9
|
|t:|1769347365
|switch|p1a: Gliscor|Gliscor, F|100/100
|-damage|p1a: Gliscor|88/100|[from] Stealth Rock
|move|p2a: Moltres|Flamethrower|p1a: Gliscor
|-damage|p1a: Gliscor|57/100
|
|-status|p1a: Gliscor|tox|[from] item: Toxic Orb
|upkeep
|turn|10
|
|t:|1769347374
|switch|p2a: Tinkaton|Tinkaton, F|100/100
|-damage|p2a: Tinkaton|94/100|[from] Stealth Rock
|-ability|p2a: Tinkaton|Mold Breaker
|-item|p2a: Tinkaton|Air Balloon
|move|p1a: Gliscor|Knock Off|p2a: Tinkaton
|-resisted|p2a: Tinkaton
|-damage|p2a: Tinkaton|83/100
|-enditem|p2a: Tinkaton|Air Balloon
|
|-heal|p1a: Gliscor|69/100 tox|[from] ability: Poison Heal
|upkeep
|turn|11
|
|t:|1769347378
|move|p2a: Tinkaton|Gigaton Hammer|p1a: Gliscor
|-damage|p1a: Gliscor|30/100 tox
|move|p1a: Gliscor|Earthquake|p2a: Tinkaton
|-supereffective|p2a: Tinkaton
|-damage|p2a: Tinkaton|8/100
|
|-heal|p1a: Gliscor|43/100 tox|[from] ability: Poison Heal
|upkeep
|turn|12
|
|t:|1769347383
|move|p2a: Tinkaton|Encore|p1a: Gliscor
|-start|p1a: Gliscor|Encore
|move|p1a: Gliscor|Earthquake|p2a: Tinkaton
|-supereffective|p2a: Tinkaton
|-damage|p2a: Tinkaton|0 fnt
|faint|p2a: Tinkaton
|
|-heal|p1a: Gliscor|55/100 tox|[from] ability: Poison Heal
|upkeep
|
|t:|1769347386
|switch|p2a: Hydrapple|Hydrapple, M|100/100
|turn|13
|
|t:|1769347393
|switch|p1a: Slowking|Slowking-Galar, M|87/100
|switch|p2a: Moltres|Moltres|87/100
|
|upkeep
|turn|14
|
|t:|1769347398
|move|p2a: Moltres|U-turn|p1a: Slowking
|-damage|p1a: Slowking|71/100
|
|t:|1769347400
|switch|p2a: Darkrai|Darkrai, shiny|100/100|[from] U-turn
|-prepare|p1a: Slowking|Chilly Reception|[premajor]
|move|p1a: Slowking|Chilly Reception|p1a: Slowking
|-weather|Snowscape
|
|t:|1769347407
|switch|p1a: Staraptor|Staraptor, F|100/100|[from] Chilly Reception
|-damage|p1a: Staraptor|76/100|[from] Stealth Rock
|
|-weather|Snowscape|[upkeep]
|upkeep
|turn|15
|
|t:|1769347421
|switch|p2a: Hydrapple|Hydrapple, M|100/100
|move|p1a: Staraptor|U-turn|p2a: Hydrapple
|-supereffective|p2a: Hydrapple
|-damage|p2a: Hydrapple|80/100
|
|t:|1769347431
|switch|p1a: Scizor|Scizor, M|88/100|[from] U-turn
|-damage|p1a: Scizor|76/100|[from] Stealth Rock
|
|-weather|Snowscape|[upkeep]
|upkeep
|turn|16
|
|t:|1769347435
|switch|p2a: Moltres|Moltres|87/100
|move|p1a: Scizor|Knock Off|p2a: Moltres
|-damage|p2a: Moltres|63/100
|-enditem|p2a: Moltres|Heavy-Duty Boots|[from] move: Knock Off|[of] p1a: Scizor
|
|-weather|Snowscape|[upkeep]
|upkeep
|turn|17
|
|t:|1769347440
|switch|p1a: Gliscor|Gliscor, F|55/100 tox
|-damage|p1a: Gliscor|43/100 tox|[from] Stealth Rock
|move|p2a: Moltres|Roost|p2a: Moltres
|-heal|p2a: Moltres|100/100
|-singleturn|p2a: Moltres|move: Roost
|
|-weather|Snowscape|[upkeep]
|-heal|p1a: Gliscor|55/100 tox|[from] ability: Poison Heal
|upkeep
|turn|18
|
|t:|1769347443
|move|p1a: Gliscor|Toxic|p2a: Moltres
|-status|p2a: Moltres|tox
|move|p2a: Moltres|Flamethrower|p1a: Gliscor
|-damage|p1a: Gliscor|25/100 tox
|
|-weather|none
|-heal|p1a: Gliscor|37/100 tox|[from] ability: Poison Heal
|-damage|p2a: Moltres|94/100 tox|[from] psn
|upkeep
|turn|19
|
|t:|1769347446
|move|p1a: Gliscor|Protect|p1a: Gliscor
|-singleturn|p1a: Gliscor|Protect
|move|p2a: Moltres|Roar|p1a: Gliscor
|drag|p1a: Garchomp|Garchomp, F|38/100
|-damage|p1a: Garchomp|32/100|[from] Stealth Rock
|
|-damage|p2a: Moltres|82/100 tox|[from] psn
|upkeep
|turn|20
|
|t:|1769347455
|switch|p2a: Darkrai|Darkrai, shiny|100/100
|move|p1a: Garchomp|Spikes|p2a: Darkrai
|-sidestart|p2: Sommerbock|Spikes
|
|upkeep
|turn|21
|
|t:|1769347458
|move|p2a: Darkrai|Ice Beam|p1a: Garchomp
|-supereffective|p1a: Garchomp
|-damage|p1a: Garchomp|0 fnt
|faint|p1a: Garchomp
|
|upkeep
|
|t:|1769347464
|switch|p1a: Staraptor|Staraptor, F|76/100
|-damage|p1a: Staraptor|51/100|[from] Stealth Rock
|turn|22
|
|t:|1769347471
|switch|p2a: Hydrapple|Hydrapple, M|100/100
|move|p1a: Staraptor|Final Gambit|p2a: Hydrapple
|-damage|p2a: Hydrapple|55/100
|faint|p1a: Staraptor
|
|upkeep
|
|t:|1769347479
|switch|p1a: Scizor|Scizor, M|76/100
|-damage|p1a: Scizor|63/100|[from] Stealth Rock
|turn|23
|
|t:|1769347483
|switch|p2a: Moltres|Moltres|82/100 tox
|-damage|p2a: Moltres|33/100 tox|[from] Stealth Rock
|move|p1a: Scizor|Swords Dance|p1a: Scizor
|-boost|p1a: Scizor|atk|2
|
|-damage|p2a: Moltres|27/100 tox|[from] psn
|upkeep
|turn|24
|
|t:|1769347488
|move|p1a: Scizor|Bullet Punch|p2a: Moltres
|-resisted|p2a: Moltres
|-crit|p2a: Moltres
|-damage|p2a: Moltres|0 fnt
|faint|p2a: Moltres
|
|upkeep
|
|t:|1769347490
|switch|p2a: Zamazenta|Zamazenta|100/100
|-ability|p2a: Zamazenta|Dauntless Shield|boost
|-boost|p2a: Zamazenta|def|1
|turn|25
|
|t:|1769347499
|-terastallize|p2a: Zamazenta|Fire
|move|p2a: Zamazenta|Close Combat|p1a: Scizor
|-damage|p1a: Scizor|0 fnt
|-unboost|p2a: Zamazenta|def|1
|-unboost|p2a: Zamazenta|spd|1
|faint|p1a: Scizor
|
|upkeep
|
|t:|1769347506
|switch|p1a: Slowking|Slowking-Galar, M|100/100
|turn|26
|
|t:|1769347511
|switch|p2a: Hydrapple|Hydrapple, M|88/100
|move|p1a: Slowking|Sludge Bomb|p2a: Hydrapple
|-supereffective|p2a: Hydrapple
|-damage|p2a: Hydrapple|18/100
|
|upkeep
|turn|27
|
|t:|1769347515
|move|p2a: Hydrapple|Earth Power|p1a: Slowking
|-supereffective|p1a: Slowking
|-damage|p1a: Slowking|70/100
|move|p1a: Slowking|Sludge Bomb|p2a: Hydrapple
|-supereffective|p2a: Hydrapple
|-damage|p2a: Hydrapple|0 fnt
|faint|p2a: Hydrapple
|
|upkeep
|
|t:|1769347519
|switch|p2a: Darkrai|Darkrai, shiny|100/100
|turn|28
|
|t:|1769347524
|switch|p1a: Wattrel|Wattrel, M|100/100
|-damage|p1a: Wattrel|76/100|[from] Stealth Rock
|move|p2a: Darkrai|Dark Pulse|p1a: Wattrel
|-damage|p1a: Wattrel|0 fnt
|faint|p1a: Wattrel
|
|upkeep
|
|t:|1769347529
|switch|p1a: Slowking|Slowking-Galar, M|100/100
|turn|29
|
|t:|1769347533
|switch|p2a: Ting-Lu|Ting-Lu|100/100
|-damage|p2a: Ting-Lu|94/100|[from] Stealth Rock
|-damage|p2a: Ting-Lu|82/100|[from] Spikes
|-ability|p2a: Ting-Lu|Vessel of Ruin
|-terastallize|p1a: Slowking|Water
|move|p1a: Slowking|Sludge Bomb|p2a: Ting-Lu
|-resisted|p2a: Ting-Lu
|-damage|p2a: Ting-Lu|74/100
|
|-heal|p2a: Ting-Lu|81/100|[from] item: Leftovers
|upkeep
|turn|30
|
|t:|1769347538
|move|p2a: Ting-Lu|Ruination|p1a: Slowking|[miss]
|-miss|p2a: Ting-Lu|p1a: Slowking
|-prepare|p1a: Slowking|Chilly Reception|[premajor]
|move|p1a: Slowking|Chilly Reception|p1a: Slowking
|-weather|Snowscape
|
|t:|1769347540
|switch|p1a: Gliscor|Gliscor, F|37/100 tox|[from] Chilly Reception
|-damage|p1a: Gliscor|25/100 tox|[from] Stealth Rock
|
|-weather|Snowscape|[upkeep]
|-heal|p2a: Ting-Lu|87/100|[from] item: Leftovers
|-heal|p1a: Gliscor|37/100 tox|[from] ability: Poison Heal
|upkeep
|turn|31
|
|t:|1769347545
|move|p1a: Gliscor|Toxic|p2a: Ting-Lu
|-status|p2a: Ting-Lu|tox
|move|p2a: Ting-Lu|Ruination|p1a: Gliscor
|-damage|p1a: Gliscor|19/100 tox
|
|-weather|Snowscape|[upkeep]
|-heal|p2a: Ting-Lu|93/100 tox|[from] item: Leftovers
|-heal|p1a: Gliscor|31/100 tox|[from] ability: Poison Heal
|-damage|p2a: Ting-Lu|87/100 tox|[from] psn
|upkeep
|turn|32
|
|t:|1769347553
|move|p1a: Gliscor|Knock Off|p2a: Ting-Lu
|-resisted|p2a: Ting-Lu
|-damage|p2a: Ting-Lu|81/100 tox
|-enditem|p2a: Ting-Lu|Leftovers|[from] move: Knock Off|[of] p1a: Gliscor
|move|p2a: Ting-Lu|Whirlwind|p1a: Gliscor
|drag|p1a: Slowking|Slowking-Galar, M, tera:Water|100/100
|
|-weather|Snowscape|[upkeep]
|-damage|p2a: Ting-Lu|68/100 tox|[from] psn
|upkeep
|turn|33
|
|t:|1769347556
|move|p2a: Ting-Lu|Ruination|p1a: Slowking
|-damage|p1a: Slowking|50/100
|-prepare|p1a: Slowking|Chilly Reception|[premajor]
|move|p1a: Slowking|Chilly Reception|p1a: Slowking
|
|t:|1769347559
|switch|p1a: Gliscor|Gliscor, F|31/100 tox|[from] Chilly Reception
|-damage|p1a: Gliscor|19/100 tox|[from] Stealth Rock
|
|-weather|Snowscape|[upkeep]
|-heal|p1a: Gliscor|31/100 tox|[from] ability: Poison Heal
|-damage|p2a: Ting-Lu|50/100 tox|[from] psn
|upkeep
|turn|34
|
|t:|1769347562
|move|p1a: Gliscor|Protect|p1a: Gliscor
|-singleturn|p1a: Gliscor|Protect
|move|p2a: Ting-Lu|Whirlwind|p1a: Gliscor
|drag|p1a: Slowking|Slowking-Galar, M, tera:Water|84/100
|
|-weather|none
|-damage|p2a: Ting-Lu|25/100 tox|[from] psn
|upkeep
|turn|35
|
|t:|1769347569
|move|p2a: Ting-Lu|Ruination|p1a: Slowking
|-damage|p1a: Slowking|42/100
|-prepare|p1a: Slowking|Chilly Reception|[premajor]
|move|p1a: Slowking|Chilly Reception|p1a: Slowking
|-weather|Snowscape
|
|t:|1769347570
|switch|p1a: Gliscor|Gliscor, F|31/100 tox|[from] Chilly Reception
|-damage|p1a: Gliscor|19/100 tox|[from] Stealth Rock
|
|-weather|Snowscape|[upkeep]
|-heal|p1a: Gliscor|31/100 tox|[from] ability: Poison Heal
|-damage|p2a: Ting-Lu|0 fnt|[from] psn
|faint|p2a: Ting-Lu
|upkeep
|
|t:|1769347573
|switch|p2a: Darkrai|Darkrai, shiny|100/100
|turn|36
|
|t:|1769347577
|move|p1a: Gliscor|Protect|p1a: Gliscor
|-singleturn|p1a: Gliscor|Protect
|move|p2a: Darkrai|Ice Beam|p1a: Gliscor
|-activate|p1a: Gliscor|move: Protect
|
|-weather|Snowscape|[upkeep]
|-heal|p1a: Gliscor|44/100 tox|[from] ability: Poison Heal
|upkeep
|turn|37
|
|t:|1769347582
|switch|p1a: Slowking|Slowking-Galar, M, tera:Water|75/100
|move|p2a: Darkrai|Dark Pulse|p1a: Slowking
|-damage|p1a: Slowking|49/100
|
|-weather|Snowscape|[upkeep]
|upkeep
|turn|38
|
|t:|1769347588
|move|p2a: Darkrai|Knock Off|p1a: Slowking
|-damage|p1a: Slowking|21/100
|-enditem|p1a: Slowking|Heavy-Duty Boots|[from] move: Knock Off|[of] p2a: Darkrai
|move|p1a: Slowking|Sludge Bomb|p2a: Darkrai
|-damage|p2a: Darkrai|58/100
|
|-weather|Snowscape|[upkeep]
|upkeep
|turn|39
|
|t:|1769347594
|move|p2a: Darkrai|Dark Pulse|p1a: Slowking
|-damage|p1a: Slowking|0 fnt
|faint|p1a: Slowking
|
|-weather|none
|upkeep
|-message|ElTulaMan forfeited.
|
|win|Sommerbock
|raw|ElTulaMan's rating: 1421 &rarr; <strong>1399</strong><br />(-22 for losing)
|raw|Sommerbock's rating: 1379 &rarr; <strong>1401</strong><br />(+22 for winning)
|l|☆ElTulaMan
|player|p1|
|l|☆Sommerbock
|player|p2|
