|j|☆enzofm15
|j|☆Catannihilator
|t:|1769441250
|gametype|singles
|player|p1|enzofm15|cyrus-masters|1484
|player|p2|Catannihilator|170|1501
|gen|9
|tier|[Gen 9] OU
|rated|
|rule|HP Percentage Mod: HP is shown in percentages
|rule|Endless Battle Clause: Forcing endless battles is banned
|rule|Species Clause: Limit one of each Pokémon
|rule|OHKO Clause: OHKO moves are banned
|rule|Evasion Items Clause: Evasion items are banned
|rule|Evasion Moves Clause: Evasion moves are banned
|rule|Evasion Abilities Clause: Evasion abilities are banned
|rule|Sleep Moves Clause: Sleep-inducing moves are banned
|clearpoke
|poke|p1|Mamoswine, M|
|poke|p1|Empoleon, F|
|poke|p1|Zapdos|
|poke|p1|Ceruledge, M|
|poke|p1|Skarmory, F|
|poke|p1|Zamazenta-*|
|poke|p2|Ogerpon-Wellspring, F|
|poke|p2|Gholdengo|
|poke|p2|Darkrai|
|poke|p2|Slowking-Galar, F|
|poke|p2|Alomomola, M|
|poke|p2|Gliscor, M|
|teampreview
|inactive|Battle timer is ON: inactive players will automatically lose when time's up. (requested by Catannihilator)
|
|t:|1769441292
|teamsize|p1|6
|teamsize|p2|6
|start
|switch|p1a: Zapdos|Zapdos|100/100
|switch|p2a: Ogerpon|Ogerpon-Wellspring, F|100/100
|turn|1
|
|t:|1769441305
|switch|p2a: Gliscor|Gliscor, M|100/100
|move|p1a: Zapdos|Hurricane|p2a: Gliscor
|-damage|p2a: Gliscor|64/100
|-start|p2a: Gliscor|confusion
|
|-status|p2a: Gliscor|tox|[from] item: Toxic Orb
|upkeep
|turn|2
|
|t:|1769441313
|switch|p1a: Skarmory|Skarmory, F|100/100
|-activate|p2a: Gliscor|confusion
|-damage|p2a: Gliscor|57/100 tox|[from] confusion
|
|-heal|p2a: Gliscor|70/100 tox|[from] ability: Poison Heal
|upkeep
|turn|3
|
|t:|1769441318
|-activate|p2a: Gliscor|confusion
|move|p2a: Gliscor|Stealth Rock|p1a: Skarmory
|-sidestart|p1: enzofm15|move: Stealth Rock
|move|p1a: Skarmory|Spikes|p2a: Gliscor
|-sidestart|p2: Catannihilator|Spikes
|
|-heal|p2a: Gliscor|82/100 tox|[from] ability: Poison Heal
|upkeep
|turn|4
|
|t:|1769441338
|switch|p2a: Gholdengo|Gholdengo|100/100
|-damage|p2a: Gholdengo|88/100|[from] Spikes
|move|p1a: Skarmory|Spikes|p2a: Gholdengo
|-sidestart|p2: Catannihilator|Spikes
|
|upkeep
|turn|5
|
|t:|1769441365
|switch|p1a: Empoleon|Empoleon, F|100/100
|-damage|p1a: Empoleon|94/100|[from] Stealth Rock
|move|p2a: Gholdengo|Shadow Ball|p1a: Empoleon
|-damage|p1a: Empoleon|64/100
|
|-heal|p1a: Empoleon|70/100|[from] item: Leftovers
|upkeep
|turn|6
|inactive|Catannihilator has 120 seconds left.
|
|t:|1769441395
|switch|p2a: Slowking|Slowking-Galar, F|100/100
|switch|p1a: Zapdos|Zapdos|100/100
|
|upkeep
|turn|7
|
|t:|1769441410
|move|p1a: Zapdos|Volt Switch|p2a: Slowking
|-damage|p2a: Slowking|83/100
|
|t:|1769441416
|switch|p1a: Empoleon|Empoleon, F|70/100|[from] Volt Switch
|-damage|p1a: Empoleon|64/100|[from] Stealth Rock
|move|p2a: Slowking|Future Sight|p1a: Empoleon
|-start|p2a: Slowking|move: Future Sight
|
|-heal|p1a: Empoleon|70/100|[from] item: Leftovers
|upkeep
|turn|8
|
|t:|1769441427
|move|p1a: Empoleon|Surf|p2a: Slowking
|-damage|p2a: Slowking|63/100
|-prepare|p2a: Slowking|Chilly Reception|[premajor]
|move|p2a: Slowking|Chilly Reception|p2a: Slowking
|-weather|Snowscape
|
|t:|1769441450
|switch|p2a: Gliscor|Gliscor, M|82/100 tox|[from] Chilly Reception
|
|-weather|Snowscape|[upkeep]
|-heal|p1a: Empoleon|76/100|[from] item: Leftovers
|-heal|p2a: Gliscor|95/100 tox|[from] ability: Poison Heal
|upkeep
|turn|9
|
|t:|1769441455
|move|p2a: Gliscor|Earthquake|p1a: Empoleon
|-supereffective|p1a: Empoleon
|-damage|p1a: Empoleon|9/100
|move|p1a: Empoleon|Ice Beam|p2a: Gliscor
|-supereffective|p2a: Gliscor
|-damage|p2a: Gliscor|15/100 tox
|
|-weather|Snowscape|[upkeep]
|-end|p1a: Empoleon|move: Future Sight
|-resisted|p1a: Empoleon
|-damage|p1a: Empoleon|0 fnt
|faint|p1a: Empoleon
|-heal|p2a: Gliscor|28/100 tox|[from] ability: Poison Heal
|upkeep
|
|t:|1769441471
|switch|p1a: Ceruledge|Ceruledge, M|100/100
|turn|10
|
|t:|1769441480
|move|p1a: Ceruledge|Swords Dance|p1a: Ceruledge
|-boost|p1a: Ceruledge|atk|2
|move|p2a: Gliscor|Toxic|p1a: Ceruledge
|-status|p1a: Ceruledge|tox
|
|-weather|Snowscape|[upkeep]
|-damage|p1a: Ceruledge|94/100 tox|[from] psn
|-heal|p2a: Gliscor|40/100 tox|[from] ability: Poison Heal
|upkeep
|turn|11
|
|t:|1769441485
|move|p2a: Gliscor|Protect|p2a: Gliscor
|-singleturn|p2a: Gliscor|Protect
|move|p1a: Ceruledge|Bitter Blade|p2a: Gliscor
|-activate|p2a: Gliscor|move: Protect
|
|-weather|Snowscape|[upkeep]
|-damage|p1a: Ceruledge|82/100 tox|[from] psn
|-heal|p2a: Gliscor|53/100 tox|[from] ability: Poison Heal
|upkeep
|turn|12
|
|t:|1769441494
|switch|p2a: Alomomola|Alomomola, M|100/100
|move|p1a: Ceruledge|Poltergeist|p2a: Alomomola
|-activate|p2a: Alomomola|move: Poltergeist|Heavy-Duty Boots
|-damage|p2a: Alomomola|45/100
|
|-weather|none
|-damage|p1a: Ceruledge|63/100 tox|[from] psn
|upkeep
|turn|13
|
|t:|1769441503
|switch|p1a: Zapdos|Zapdos|100/100
|move|p2a: Alomomola|Protect||[still]
|-fail|p2a: Alomomola
|
|upkeep
|turn|14
|
|t:|1769441512
|switch|p2a: Slowking|Slowking-Galar, F|96/100
|move|p1a: Zapdos|Hurricane|p2a: Slowking
|-damage|p2a: Slowking|68/100
|
|upkeep
|turn|15
|
|t:|1769441517
|move|p1a: Zapdos|Volt Switch|p2a: Slowking
|-damage|p2a: Slowking|50/100
|
|t:|1769441519
|switch|p1a: Mamoswine|Mamoswine, M|100/100|[from] Volt Switch
|-prepare|p2a: Slowking|Chilly Reception|[premajor]
|move|p2a: Slowking|Chilly Reception|p2a: Slowking
|-weather|Snowscape
|-message|enzofm15 forfeited.
|
|win|Catannihilator
|raw|enzofm15's rating: 1484 &rarr; <strong>1465</strong><br />(-19 for losing)
|raw|Catannihilator's rating: 1501 &rarr; <strong>1520</strong><br />(+19 for winning)
|l|☆enzofm15
|player|p1|
