|j|☆adorozatorumary
|j|☆yakomin
|t:|1769381071
|gametype|singles
|player|p1|adorozatorumary|burglar|1113
|player|p2|yakomin|lillie|1118
|gen|9
|tier|[Gen 9] OU
|rated|
|rule|HP Percentage Mod: HP is shown in percentages
|rule|Endless Battle Clause: Forcing endless battles is banned
|rule|Species Clause: Limit one of each Pokémon
|rule|OHKO Clause: OHKO moves are banned
|rule|Evasion Items Clause: Evasion items are banned
|rule|Evasion Moves Clause: Evasion moves are banned
|rule|Evasion Abilities Clause: Evasion abilities are banned
|rule|Sleep Moves Clause: Sleep-inducing moves are banned
|clearpoke
|poke|p1|Toxtricity-Low-Key, F|
|poke|p1|Excadrill, M|
|poke|p1|Brambleghast, M|
|poke|p1|Cinccino, F|
|poke|p1|Basculin, F|
|poke|p1|Armarouge, F|
|poke|p2|Walking Wake|
|poke|p2|Great Tusk|
|poke|p2|Torkoal, M|
|poke|p2|Raging Bolt|
|poke|p2|Slither Wing|
|poke|p2|Enamorus, F|
|teampreview
|inactive|Battle timer is ON: inactive players will automatically lose when time's up. (requested by yakomin)
|inactive|yakomin has 120 seconds left.
|
|t:|1769381103
|teamsize|p1|6
|teamsize|p2|6
|start
|switch|p1a: Punk Rocker|Toxtricity-Low-Key, F|100/100
|switch|p2a: Torkoal|Torkoal, M|100/100
|-weather|SunnyDay|[from] ability: Drought|[of] p2a: Torkoal
|turn|1
|c|☆adorozatorumary|The sun of doom and despair is gonna be upon me holy
|c|☆yakomin|im sorry in advance
|c|☆yakomin|glhf
|c|☆adorozatorumary|Glhf
|inactive|adorozatorumary has 120 seconds left.
|
|t:|1769381136
|move|p1a: Punk Rocker|Overdrive|p2a: Torkoal
|-damage|p2a: Torkoal|10/100
|-enditem|p1a: Punk Rocker|Throat Spray
|-boost|p1a: Punk Rocker|spa|1|[from] item: Throat Spray
|move|p2a: Torkoal|Overheat|p1a: Punk Rocker
|-damage|p1a: Punk Rocker|0 fnt
|-unboost|p2a: Torkoal|spa|2
|faint|p1a: Punk Rocker
|
|-weather|SunnyDay|[upkeep]
|upkeep
|inactive|adorozatorumary has 120 seconds left.
|
|t:|1769381152
|switch|p1a: Blue Collar|Excadrill, M|100/100
|-ability|p1a: Blue Collar|Mold Breaker
|turn|2
|
|t:|1769381159
|switch|p2a: Walking Wake|Walking Wake|100/100
|-activate|p2a: Walking Wake|ability: Protosynthesis
|-start|p2a: Walking Wake|protosynthesisspa
|move|p1a: Blue Collar|Earthquake|p2a: Walking Wake
|-damage|p2a: Walking Wake|38/100
|
|-weather|SunnyDay|[upkeep]
|upkeep
|turn|3
|
|t:|1769381175
|switch|p1a: Shootout|Brambleghast, M|100/100
|move|p2a: Walking Wake|Hydro Steam|p1a: Shootout
|-resisted|p1a: Shootout
|-damage|p1a: Shootout|10/100
|-damage|p2a: Walking Wake|29/100|[from] item: Life Orb
|
|-weather|SunnyDay|[upkeep]
|upkeep
|turn|4
|
|t:|1769381185
|move|p2a: Walking Wake|Weather Ball|p1a: Shootout
|-supereffective|p1a: Shootout
|-damage|p1a: Shootout|0 fnt
|faint|p1a: Shootout
|-damage|p2a: Walking Wake|19/100|[from] item: Life Orb
|
|-weather|SunnyDay|[upkeep]
|upkeep
|
|t:|1769381197
|switch|p1a: ZU demon|Basculin, F|100/100
|turn|5
|
|t:|1769381203
|move|p1a: ZU demon|Double-Edge|p2a: Walking Wake
|-damage|p2a: Walking Wake|0 fnt
|faint|p2a: Walking Wake
|-end|p2a: Walking Wake|Protosynthesis|[silent]
|-damage|p1a: ZU demon|93/100|[from] Recoil
|
|-weather|SunnyDay|[upkeep]
|upkeep
|
|t:|1769381216
|switch|p2a: Raging Bolt|Raging Bolt|100/100
|-activate|p2a: Raging Bolt|ability: Protosynthesis
|-start|p2a: Raging Bolt|protosynthesisspa
|turn|6
|
|t:|1769381221
|switch|p1a: Apple Pie|Cinccino, F|100/100
|move|p2a: Raging Bolt|Weather Ball|p1a: Apple Pie
|-damage|p1a: Apple Pie|0 fnt
|faint|p1a: Apple Pie
|
|-weather|SunnyDay|[upkeep]
|upkeep
|
|t:|1769381229
|switch|p1a: Blue Collar|Excadrill, M|100/100
|-ability|p1a: Blue Collar|Mold Breaker
|turn|7
|
|t:|1769381233
|-terastallize|p2a: Raging Bolt|Bug
|move|p1a: Blue Collar|Earthquake|p2a: Raging Bolt
|-resisted|p2a: Raging Bolt
|-damage|p2a: Raging Bolt|79/100
|move|p2a: Raging Bolt|Weather Ball|p1a: Blue Collar
|-supereffective|p1a: Blue Collar
|-damage|p1a: Blue Collar|0 fnt
|faint|p1a: Blue Collar
|
|-weather|SunnyDay|[upkeep]
|upkeep
|
|t:|1769381240
|switch|p1a: MegaMan|Armarouge, F|100/100
|turn|8
|
|t:|1769381252
|-end|p2a: Raging Bolt|Protosynthesis|[silent]
|switch|p2a: Enamorus|Enamorus, F|100/100
|move|p1a: MegaMan|Armor Cannon|p2a: Enamorus
|-damage|p2a: Enamorus|0 fnt
|-unboost|p1a: MegaMan|def|1
|-unboost|p1a: MegaMan|spd|1
|faint|p2a: Enamorus
|
|-weather|none
|upkeep
|
|t:|1769381255
|switch|p2a: Torkoal|Torkoal, M|10/100
|-weather|SunnyDay|[from] ability: Drought|[of] p2a: Torkoal
|turn|9
|
|t:|1769381256
|move|p1a: MegaMan|Armor Cannon|p2a: Torkoal
|-resisted|p2a: Torkoal
|-damage|p2a: Torkoal|0 fnt
|-unboost|p1a: MegaMan|def|1
|-unboost|p1a: MegaMan|spd|1
|faint|p2a: Torkoal
|
|-weather|SunnyDay|[upkeep]
|upkeep
|
|t:|1769381263
|switch|p2a: Slither Wing|Slither Wing|100/100
|-activate|p2a: Slither Wing|ability: Protosynthesis
|-start|p2a: Slither Wing|protosynthesisatk
|turn|10
|
|t:|1769381271
|switch|p1a: ZU demon|Basculin, F|93/100
|move|p2a: Slither Wing|First Impression|p1a: ZU demon
|-damage|p1a: ZU demon|0 fnt
|faint|p1a: ZU demon
|
|-weather|SunnyDay|[upkeep]
|upkeep
|
|t:|1769381276
|switch|p1a: MegaMan|Armarouge, F|100/100
|turn|11
|
|t:|1769381281
|-terastallize|p1a: MegaMan|Fire
|move|p1a: MegaMan|Armor Cannon|p2a: Slither Wing
|-supereffective|p2a: Slither Wing
|-damage|p2a: Slither Wing|0 fnt
|-unboost|p1a: MegaMan|def|1
|-unboost|p1a: MegaMan|spd|1
|faint|p2a: Slither Wing
|-end|p2a: Slither Wing|Protosynthesis|[silent]
|
|-weather|SunnyDay|[upkeep]
|upkeep
|
|t:|1769381289
|switch|p2a: Great Tusk|Great Tusk|100/100
|-activate|p2a: Great Tusk|ability: Protosynthesis
|-start|p2a: Great Tusk|protosynthesisdef
|turn|12
|
|t:|1769381295
|move|p1a: MegaMan|Armor Cannon|p2a: Great Tusk
|-damage|p2a: Great Tusk|0 fnt
|-unboost|p1a: MegaMan|def|1
|-unboost|p1a: MegaMan|spd|1
|faint|p2a: Great Tusk
|-end|p2a: Great Tusk|Protosynthesis|[silent]
|
|-weather|SunnyDay|[upkeep]
|upkeep
|
|t:|1769381298
|switch|p2a: Raging Bolt|Raging Bolt, tera:Bug|79/100
|-activate|p2a: Raging Bolt|ability: Protosynthesis
|-start|p2a: Raging Bolt|protosynthesisspa
|turn|13
|c|☆adorozatorumary|Mega man is NOT living this thunderclap
|c|☆adorozatorumary|rip
|c|☆yakomin|yk
|
|t:|1769381322
|move|p2a: Raging Bolt|Thunderclap|p1a: MegaMan
|-damage|p1a: MegaMan|0 fnt
|faint|p1a: MegaMan
|
|win|yakomin
|raw|adorozatorumary's rating: 1113 &rarr; <strong>1088</strong><br />(-25 for losing)
|raw|yakomin's rating: 1118 &rarr; <strong>1143</strong><br />(+25 for winning)
|c|☆adorozatorumary|gg
|c|☆yakomin|i will leave you with words of wisdom
|c|☆yakomin|i was never book smart
|c|☆yakomin|im money smart
|c|☆yakomin|makes me more intelligent
|c|☆adorozatorumary|Lmao
|c|☆yakomin|have a nice day
|l|☆yakomin
|player|p2|
|c|☆adorozatorumary|You too
