|j|☆arcusii
|j|☆monky bred (brown)
|t:|1769385376
|gametype|singles
|player|p1|arcusii|lady|1167
|player|p2|monky bred (brown)|101|1174
|gen|9
|tier|[Gen 9] OU
|rated|
|rule|HP Percentage Mod: HP is shown in percentages
|rule|Endless Battle Clause: Forcing endless battles is banned
|rule|Species Clause: Limit one of each Pokémon
|rule|OHKO Clause: OHKO moves are banned
|rule|Evasion Items Clause: Evasion items are banned
|rule|Evasion Moves Clause: Evasion moves are banned
|rule|Evasion Abilities Clause: Evasion abilities are banned
|rule|Sleep Moves Clause: Sleep-inducing moves are banned
|clearpoke
|poke|p1|Klawf, M|
|poke|p1|Dondozo, M|
|poke|p1|Incineroar, M|
|poke|p1|Gholdengo|
|poke|p1|Great Tusk|
|poke|p1|Dragonite, F|
|poke|p2|Samurott-Hisui, F|
|poke|p2|Rillaboom, M|
|poke|p2|Heatran, F|
|poke|p2|Landorus-Therian, M|
|poke|p2|Dragapult, F|
|poke|p2|Great Tusk|
|teampreview
|inactive|Battle timer is ON: inactive players will automatically lose when time's up. (requested by monky bred (brown))
|
|t:|1769385386
|teamsize|p1|6
|teamsize|p2|6
|start
|switch|p1a: Incineroar|Incineroar, M|100/100
|switch|p2a: Heatran|Heatran, F|100/100
|turn|1
|
|t:|1769385393
|move|p2a: Heatran|Protect|p2a: Heatran
|-singleturn|p2a: Heatran|Protect
|move|p1a: Incineroar|Fake Out|p2a: Heatran
|-activate|p2a: Heatran|move: Protect
|
|upkeep
|turn|2
|
|t:|1769385398
|move|p2a: Heatran|Stealth Rock|p1a: Incineroar
|-sidestart|p1: arcusii|move: Stealth Rock
|move|p1a: Incineroar|Parting Shot|p2a: Heatran
|-unboost|p2a: Heatran|atk|1
|-unboost|p2a: Heatran|spa|1
|
|t:|1769385401
|switch|p1a: Great Tusk|Great Tusk|100/100|[from] Parting Shot
|-damage|p1a: Great Tusk|98/100|[from] Stealth Rock
|
|upkeep
|turn|3
|
|t:|1769385411
|switch|p2a: Landorus|Landorus-Therian, M|100/100
|-ability|p2a: Landorus|Intimidate|boost
|-unboost|p1a: Great Tusk|atk|1
|move|p1a: Great Tusk|Headlong Rush|p2a: Landorus
|-immune|p2a: Landorus
|
|upkeep
|turn|4
|
|t:|1769385419
|move|p2a: Landorus|Taunt|p1a: Great Tusk
|-start|p1a: Great Tusk|move: Taunt
|move|p1a: Great Tusk|Rapid Spin|p2a: Landorus
|-damage|p2a: Landorus|90/100
|-boost|p1a: Great Tusk|spe|1
|-damage|p1a: Great Tusk|81/100|[from] item: Rocky Helmet|[of] p2a: Landorus
|-sideend|p1: arcusii|Stealth Rock|[from] move: Rapid Spin|[of] p1a: Great Tusk
|
|upkeep
|turn|5
|
|t:|1769385436
|move|p1a: Great Tusk|Ice Spinner|p2a: Landorus
|-supereffective|p2a: Landorus
|-damage|p2a: Landorus|18/100
|-damage|p1a: Great Tusk|64/100|[from] item: Rocky Helmet|[of] p2a: Landorus
|move|p2a: Landorus|U-turn|p1a: Great Tusk
|-resisted|p1a: Great Tusk
|-damage|p1a: Great Tusk|55/100
|inactive|monky bred (brown) has 120 seconds left.
|
|t:|1769385469
|switch|p2a: Dragapult|Dragapult, F|100/100|[from] U-turn
|
|upkeep
|turn|6
|
|t:|1769385474
|move|p1a: Great Tusk|Headlong Rush|p2a: Dragapult
|-damage|p2a: Dragapult|56/100
|-unboost|p1a: Great Tusk|def|1
|-unboost|p1a: Great Tusk|spd|1
|move|p2a: Dragapult|Draco Meteor|p1a: Great Tusk|[miss]
|-miss|p2a: Dragapult|p1a: Great Tusk
|
|-end|p1a: Great Tusk|move: Taunt
|upkeep
|turn|7
|inactive|monky bred (brown) has 120 seconds left.
|
|t:|1769385495
|move|p1a: Great Tusk|Headlong Rush|p2a: Dragapult
|-damage|p2a: Dragapult|12/100
|-unboost|p1a: Great Tusk|def|1
|-unboost|p1a: Great Tusk|spd|1
|move|p2a: Dragapult|Draco Meteor|p1a: Great Tusk
|-damage|p1a: Great Tusk|0 fnt
|-unboost|p2a: Dragapult|spa|2
|faint|p1a: Great Tusk
|-end|p1a: Great Tusk|Protosynthesis|[silent]
|
|upkeep
|
|t:|1769385509
|switch|p1a: Klawf|Klawf, M, shiny|100/100
|turn|8
|
|t:|1769385518
|move|p2a: Dragapult|U-turn|p1a: Klawf
|-crit|p1a: Klawf
|-damage|p1a: Klawf|73/100
|
|t:|1769385529
|switch|p2a: Rillaboom|Rillaboom, M|100/100|[from] U-turn
|-fieldstart|move: Grassy Terrain|[from] ability: Grassy Surge|[of] p2a: Rillaboom
|move|p1a: Klawf|Swords Dance|p1a: Klawf
|-boost|p1a: Klawf|atk|2
|
|-heal|p1a: Klawf|79/100|[from] Grassy Terrain
|upkeep
|turn|9
|
|t:|1769385537
|-terastallize|p1a: Klawf|Dark
|move|p1a: Klawf|Temper Flare|p2a: Rillaboom
|-supereffective|p2a: Rillaboom
|-damage|p2a: Rillaboom|20/100
|move|p2a: Rillaboom|Swords Dance|p2a: Rillaboom
|-boost|p2a: Rillaboom|atk|2
|
|-heal|p1a: Klawf|85/100|[from] Grassy Terrain
|-heal|p2a: Rillaboom|26/100|[from] Grassy Terrain
|-heal|p2a: Rillaboom|33/100|[from] item: Leftovers
|upkeep
|turn|10
|inactive|monky bred (brown) has 120 seconds left.
|
|t:|1769385554
|move|p2a: Rillaboom|Grassy Glide|p1a: Klawf
|-damage|p1a: Klawf|0 fnt
|faint|p1a: Klawf
|
|-heal|p2a: Rillaboom|39/100|[from] Grassy Terrain
|-heal|p2a: Rillaboom|45/100|[from] item: Leftovers
|upkeep
|
|t:|1769385565
|switch|p1a: Dragonite|Dragonite, F|100/100
|turn|11
|inactive|monky bred (brown) has 120 seconds left.
|
|t:|1769385574
|move|p1a: Dragonite|Air Slash|p2a: Rillaboom
|-supereffective|p2a: Rillaboom
|-damage|p2a: Rillaboom|0 fnt
|faint|p2a: Rillaboom
|
|upkeep
|
|t:|1769385576
|switch|p2a: Landorus|Landorus-Therian, M|18/100
|-ability|p2a: Landorus|Intimidate|boost
|-unboost|p1a: Dragonite|atk|1
|turn|12
|
|t:|1769385581
|move|p1a: Dragonite|Extreme Speed|p2a: Landorus
|-damage|p2a: Landorus|0 fnt
|-damage|p1a: Dragonite|84/100|[from] item: Rocky Helmet|[of] p2a: Landorus
|faint|p2a: Landorus
|
|-heal|p1a: Dragonite|90/100|[from] item: Leftovers
|-fieldend|move: Grassy Terrain
|upkeep
|
|t:|1769385589
|switch|p2a: Heatran|Heatran, F|100/100
|turn|13
|
|t:|1769385598
|move|p1a: Dragonite|Air Slash|p2a: Heatran
|-resisted|p2a: Heatran
|-crit|p2a: Heatran
|-damage|p2a: Heatran|88/100
|move|p2a: Heatran|Stealth Rock|p1a: Dragonite
|-sidestart|p1: arcusii|move: Stealth Rock
|
|-heal|p1a: Dragonite|96/100|[from] item: Leftovers
|-heal|p2a: Heatran|95/100|[from] item: Leftovers
|upkeep
|turn|14
|
|t:|1769385612
|move|p1a: Dragonite|Draco Meteor|p2a: Heatran
|-resisted|p2a: Heatran
|-damage|p2a: Heatran|82/100
|-unboost|p1a: Dragonite|spa|2
|move|p2a: Heatran|Flamethrower|p1a: Dragonite
|-resisted|p1a: Dragonite
|-damage|p1a: Dragonite|73/100
|
|-heal|p1a: Dragonite|79/100|[from] item: Leftovers
|-heal|p2a: Heatran|88/100|[from] item: Leftovers
|upkeep
|turn|15
|
|t:|1769385630
|switch|p1a: Dondozo|Dondozo, M|100/100
|-damage|p1a: Dondozo|88/100|[from] Stealth Rock
|move|p2a: Heatran|Flamethrower|p1a: Dondozo
|-resisted|p1a: Dondozo
|-damage|p1a: Dondozo|75/100
|
|-heal|p2a: Heatran|94/100|[from] item: Leftovers
|-heal|p1a: Dondozo|81/100|[from] item: Leftovers
|upkeep
|turn|16
|
|t:|1769385642
|switch|p2a: Samurott|Samurott-Hisui, F, shiny|100/100
|move|p1a: Dondozo|Curse|p1a: Dondozo
|-unboost|p1a: Dondozo|spe|1
|-boost|p1a: Dondozo|atk|1
|-boost|p1a: Dondozo|def|1
|
|-heal|p1a: Dondozo|88/100|[from] item: Leftovers
|upkeep
|turn|17
|
|t:|1769385655
|move|p2a: Samurott|Ceaseless Edge|p1a: Dondozo
|-damage|p1a: Dondozo|72/100
|-sidestart|p1: arcusii|Spikes
|move|p1a: Dondozo|Curse|p1a: Dondozo
|-unboost|p1a: Dondozo|spe|1
|-boost|p1a: Dondozo|atk|1
|-boost|p1a: Dondozo|def|1
|
|-heal|p1a: Dondozo|78/100|[from] item: Leftovers
|upkeep
|turn|18
|
|t:|1769385665
|move|p2a: Samurott|Ceaseless Edge|p1a: Dondozo
|-damage|p1a: Dondozo|66/100
|-sidestart|p1: arcusii|Spikes
|move|p1a: Dondozo|Curse|p1a: Dondozo
|-unboost|p1a: Dondozo|spe|1
|-boost|p1a: Dondozo|atk|1
|-boost|p1a: Dondozo|def|1
|
|-heal|p1a: Dondozo|72/100|[from] item: Leftovers
|upkeep
|turn|19
|
|t:|1769385673
|move|p2a: Samurott|Ceaseless Edge|p1a: Dondozo|[miss]
|-miss|p2a: Samurott|p1a: Dondozo
|move|p1a: Dondozo|Curse|p1a: Dondozo
|-unboost|p1a: Dondozo|spe|1
|-boost|p1a: Dondozo|atk|1
|-boost|p1a: Dondozo|def|1
|
|-heal|p1a: Dondozo|78/100|[from] item: Leftovers
|upkeep
|turn|20
|
|t:|1769385680
|move|p1a: Dondozo|Protect|p1a: Dondozo
|-singleturn|p1a: Dondozo|Protect
|move|p2a: Samurott|Ceaseless Edge|p1a: Dondozo
|-activate|p1a: Dondozo|move: Protect
|
|-heal|p1a: Dondozo|84/100|[from] item: Leftovers
|upkeep
|turn|21
|
|t:|1769385688
|move|p2a: Samurott|Ceaseless Edge|p1a: Dondozo
|-damage|p1a: Dondozo|75/100
|-sidestart|p1: arcusii|Spikes
|move|p1a: Dondozo|Curse|p1a: Dondozo
|-unboost|p1a: Dondozo|spe|1
|-boost|p1a: Dondozo|atk|1
|-boost|p1a: Dondozo|def|1
|
|-heal|p1a: Dondozo|81/100|[from] item: Leftovers
|upkeep
|turn|22
|
|t:|1769385703
|move|p2a: Samurott|Aqua Cutter|p1a: Dondozo
|-resisted|p1a: Dondozo
|-damage|p1a: Dondozo|77/100
|move|p1a: Dondozo|Curse|p1a: Dondozo
|-unboost|p1a: Dondozo|spe|1
|-boost|p1a: Dondozo|atk|1
|-boost|p1a: Dondozo|def|1
|
|-heal|p1a: Dondozo|83/100|[from] item: Leftovers
|upkeep
|turn|23
|
|t:|1769385708
|move|p1a: Dondozo|Protect|p1a: Dondozo
|-singleturn|p1a: Dondozo|Protect
|move|p2a: Samurott|Aqua Cutter|p1a: Dondozo
|-activate|p1a: Dondozo|move: Protect
|
|-heal|p1a: Dondozo|90/100|[from] item: Leftovers
|upkeep
|turn|24
|
|t:|1769385716
|move|p2a: Samurott|Aqua Cutter|p1a: Dondozo
|-resisted|p1a: Dondozo
|-damage|p1a: Dondozo|86/100
|move|p1a: Dondozo|Waterfall|p2a: Samurott
|-resisted|p2a: Samurott
|-damage|p2a: Samurott|44/100
|
|-heal|p1a: Dondozo|93/100|[from] item: Leftovers
|upkeep
|turn|25
|
|t:|1769385723
|move|p1a: Dondozo|Protect|p1a: Dondozo
|-singleturn|p1a: Dondozo|Protect
|move|p2a: Samurott|Aqua Cutter|p1a: Dondozo
|-activate|p1a: Dondozo|move: Protect
|
|-heal|p1a: Dondozo|99/100|[from] item: Leftovers
|upkeep
|turn|26
|
|t:|1769385726
|move|p2a: Samurott|Aqua Cutter|p1a: Dondozo
|-resisted|p1a: Dondozo
|-damage|p1a: Dondozo|95/100
|move|p1a: Dondozo|Waterfall|p2a: Samurott
|-resisted|p2a: Samurott
|-damage|p2a: Samurott|0 fnt
|faint|p2a: Samurott
|
|-heal|p1a: Dondozo|100/100|[from] item: Leftovers
|upkeep
|
|t:|1769385735
|switch|p2a: Great Tusk|Great Tusk|100/100
|turn|27
|
|t:|1769385744
|move|p2a: Great Tusk|Knock Off|p1a: Dondozo
|-damage|p1a: Dondozo|95/100
|-enditem|p1a: Dondozo|Leftovers|[from] move: Knock Off|[of] p2a: Great Tusk
|move|p1a: Dondozo|Waterfall|p2a: Great Tusk
|-supereffective|p2a: Great Tusk
|-damage|p2a: Great Tusk|0 fnt
|faint|p2a: Great Tusk
|-end|p2a: Great Tusk|Protosynthesis|[silent]
|
|upkeep
|
|t:|1769385749
|switch|p2a: Dragapult|Dragapult, F|12/100
|turn|28
|
|t:|1769385760
|move|p1a: Dondozo|Protect|p1a: Dondozo
|-singleturn|p1a: Dondozo|Protect
|move|p2a: Dragapult|Draco Meteor|p1a: Dondozo
|-activate|p1a: Dondozo|move: Protect
|
|upkeep
|turn|29
|
|t:|1769385767
|move|p2a: Dragapult|Draco Meteor|p1a: Dondozo
|-damage|p1a: Dondozo|61/100
|-unboost|p2a: Dragapult|spa|2
|move|p1a: Dondozo|Waterfall|p2a: Dragapult
|-resisted|p2a: Dragapult
|-damage|p2a: Dragapult|0 fnt
|faint|p2a: Dragapult
|
|upkeep
|
|t:|1769385770
|switch|p2a: Heatran|Heatran, F|94/100
|turn|30
|c|☆monky bred (brown)|gg
|c|☆arcusii|gg
|
|t:|1769385778
|-terastallize|p2a: Heatran|Grass
|move|p1a: Dondozo|Protect|p1a: Dondozo
|-singleturn|p1a: Dondozo|Protect
|move|p2a: Heatran|Scorching Sands|p1a: Dondozo
|-activate|p1a: Dondozo|move: Protect
|
|-heal|p2a: Heatran|100/100|[from] item: Leftovers
|upkeep
|turn|31
|
|t:|1769385785
|move|p2a: Heatran|Scorching Sands|p1a: Dondozo
|-damage|p1a: Dondozo|48/100
|move|p1a: Dondozo|Rest|p1a: Dondozo
|-status|p1a: Dondozo|slp|[from] move: Rest
|-heal|p1a: Dondozo|100/100 slp|[silent]
|
|upkeep
|turn|32
|
|t:|1769385791
|cant|p1a: Dondozo|slp
|move|p2a: Heatran|Scorching Sands|p1a: Dondozo
|-damage|p1a: Dondozo|87/100 slp
|
|upkeep
|turn|33
|
|t:|1769385795
|cant|p1a: Dondozo|slp
|move|p2a: Heatran|Scorching Sands|p1a: Dondozo
|-damage|p1a: Dondozo|74/100 slp
|
|upkeep
|turn|34
|
|t:|1769385798
|-curestatus|p1a: Dondozo|slp|[msg]
|move|p1a: Dondozo|Protect|p1a: Dondozo
|-singleturn|p1a: Dondozo|Protect
|move|p2a: Heatran|Scorching Sands|p1a: Dondozo
|-activate|p1a: Dondozo|move: Protect
|
|upkeep
|turn|35
|
|t:|1769385802
|move|p1a: Dondozo|Protect|p1a: Dondozo
|-singleturn|p1a: Dondozo|Protect
|move|p2a: Heatran|Scorching Sands|p1a: Dondozo
|-activate|p1a: Dondozo|move: Protect
|
|upkeep
|turn|36
|
|t:|1769385805
|move|p2a: Heatran|Scorching Sands|p1a: Dondozo
|-damage|p1a: Dondozo|60/100
|move|p1a: Dondozo|Waterfall|p2a: Heatran
|-resisted|p2a: Heatran
|-damage|p2a: Heatran|54/100
|
|-heal|p2a: Heatran|60/100|[from] item: Leftovers
|upkeep
|turn|37
|c|☆monky bred (brown)|whats the point of stalling me
|
|t:|1769385820
|move|p2a: Heatran|Protect|p2a: Heatran
|-singleturn|p2a: Heatran|Protect
|move|p1a: Dondozo|Protect||[still]
|-fail|p1a: Dondozo
|
|-heal|p2a: Heatran|66/100|[from] item: Leftovers
|upkeep
|turn|38
|c|☆arcusii|im being careful
|c|☆monky bred (brown)|lol
|
|t:|1769385828
|move|p1a: Dondozo|Protect|p1a: Dondozo
|-singleturn|p1a: Dondozo|Protect
|move|p2a: Heatran|Scorching Sands|p1a: Dondozo
|-activate|p1a: Dondozo|move: Protect
|
|-heal|p2a: Heatran|73/100|[from] item: Leftovers
|upkeep
|turn|39
|
|t:|1769385833
|move|p2a: Heatran|Protect|p2a: Heatran
|-singleturn|p2a: Heatran|Protect
|move|p1a: Dondozo|Waterfall|p2a: Heatran
|-activate|p2a: Heatran|move: Protect
|
|-heal|p2a: Heatran|79/100|[from] item: Leftovers
|upkeep
|turn|40
|c|☆arcusii|1 crit and i probably lose
|
|t:|1769385842
|move|p1a: Dondozo|Protect|p1a: Dondozo
|-singleturn|p1a: Dondozo|Protect
|move|p2a: Heatran|Scorching Sands|p1a: Dondozo
|-activate|p1a: Dondozo|move: Protect
|
|-heal|p2a: Heatran|85/100|[from] item: Leftovers
|upkeep
|turn|41
|
|t:|1769385851
|move|p2a: Heatran|Scorching Sands|p1a: Dondozo
|-damage|p1a: Dondozo|48/100
|-status|p1a: Dondozo|brn
|move|p1a: Dondozo|Rest|p1a: Dondozo
|-status|p1a: Dondozo|slp|[from] move: Rest
|-heal|p1a: Dondozo|100/100 slp|[silent]
|
|-heal|p2a: Heatran|91/100|[from] item: Leftovers
|upkeep
|turn|42
|
|t:|1769385859
|move|p2a: Heatran|Scorching Sands|p1a: Dondozo
|-damage|p1a: Dondozo|87/100 slp
|cant|p1a: Dondozo|slp
|
|-heal|p2a: Heatran|97/100|[from] item: Leftovers
|upkeep
|turn|43
|c|☆monky bred (brown)|by stalling aren't you giving me more chances to crit?
|
|t:|1769385876
|move|p2a: Heatran|Scorching Sands|p1a: Dondozo
|-damage|p1a: Dondozo|75/100 slp
|cant|p1a: Dondozo|slp
|
|-heal|p2a: Heatran|100/100|[from] item: Leftovers
|upkeep
|turn|44
|
|t:|1769385884
|move|p2a: Heatran|Scorching Sands|p1a: Dondozo
|-damage|p1a: Dondozo|61/100 slp
|-curestatus|p1a: Dondozo|slp|[msg]
|move|p1a: Dondozo|Waterfall|p2a: Heatran
|-resisted|p2a: Heatran
|-damage|p2a: Heatran|55/100
|
|-heal|p2a: Heatran|61/100|[from] item: Leftovers
|upkeep
|turn|45
|
|t:|1769385898
|move|p2a: Heatran|Protect|p2a: Heatran
|-singleturn|p2a: Heatran|Protect
|move|p1a: Dondozo|Waterfall|p2a: Heatran
|-activate|p2a: Heatran|move: Protect
|
|-heal|p2a: Heatran|67/100|[from] item: Leftovers
|upkeep
|turn|46
|
|t:|1769385905
|move|p2a: Heatran|Scorching Sands|p1a: Dondozo
|-damage|p1a: Dondozo|48/100
|move|p1a: Dondozo|Waterfall|p2a: Heatran
|-resisted|p2a: Heatran
|-damage|p2a: Heatran|18/100
|-status|p1a: Dondozo|brn|[from] ability: Flame Body|[of] p2a: Heatran
|
|-heal|p2a: Heatran|25/100|[from] item: Leftovers
|-damage|p1a: Dondozo|42/100 brn|[from] brn
|upkeep
|turn|47
|
|t:|1769385915
|move|p2a: Heatran|Protect|p2a: Heatran
|-singleturn|p2a: Heatran|Protect
|move|p1a: Dondozo|Rest|p1a: Dondozo
|-status|p1a: Dondozo|slp|[from] move: Rest
|-heal|p1a: Dondozo|100/100 slp|[silent]
|
|-heal|p2a: Heatran|31/100|[from] item: Leftovers
|upkeep
|turn|48
|
|t:|1769385919
|move|p2a: Heatran|Scorching Sands|p1a: Dondozo
|-damage|p1a: Dondozo|88/100 slp
|cant|p1a: Dondozo|slp
|
|-heal|p2a: Heatran|37/100|[from] item: Leftovers
|upkeep
|turn|49
|
|t:|1769385923
|move|p2a: Heatran|Scorching Sands|p1a: Dondozo
|-damage|p1a: Dondozo|75/100 slp
|cant|p1a: Dondozo|slp
|
|-heal|p2a: Heatran|43/100|[from] item: Leftovers
|upkeep
|turn|50
|
|t:|1769385927
|move|p2a: Heatran|Protect|p2a: Heatran
|-singleturn|p2a: Heatran|Protect
|-curestatus|p1a: Dondozo|slp|[msg]
|move|p1a: Dondozo|Waterfall|p2a: Heatran
|-activate|p2a: Heatran|move: Protect
|
|-heal|p2a: Heatran|49/100|[from] item: Leftovers
|upkeep
|turn|51
|
|t:|1769385935
|move|p2a: Heatran|Flamethrower|p1a: Dondozo
|-resisted|p1a: Dondozo
|-damage|p1a: Dondozo|63/100
|move|p1a: Dondozo|Waterfall|p2a: Heatran
|-resisted|p2a: Heatran
|-damage|p2a: Heatran|0 fnt
|faint|p2a: Heatran
|
|win|arcusii
|raw|arcusii's rating: 1167 &rarr; <strong>1193</strong><br />(+26 for winning)
|raw|monky bred (brown)'s rating: 1174 &rarr; <strong>1148</strong><br />(-26 for losing)
|c|☆monky bred (brown)|gg
|l|☆monky bred (brown)
|player|p2|
|c|☆arcusii|gg
|l|☆arcusii
|player|p1|
