|j|☆mystery rain ninja
|j|☆Cubavision
|t:|1769432846
|gametype|singles
|player|p1|mystery rain ninja|janine|1447
|player|p2|Cubavision|musician|1415
|gen|9
|tier|[Gen 9] OU
|rated|
|rule|HP Percentage Mod: HP is shown in percentages
|rule|Endless Battle Clause: Forcing endless battles is banned
|rule|Species Clause: Limit one of each Pokémon
|rule|OHKO Clause: OHKO moves are banned
|rule|Evasion Items Clause: Evasion items are banned
|rule|Evasion Moves Clause: Evasion moves are banned
|rule|Evasion Abilities Clause: Evasion abilities are banned
|rule|Sleep Moves Clause: Sleep-inducing moves are banned
|clearpoke
|poke|p1|Pelipper, F|
|poke|p1|Raging Bolt|
|poke|p1|Overqwil, F|
|poke|p1|Barraskewda, M|
|poke|p1|Iron Treads|
|poke|p1|Kingambit, F|
|poke|p2|Dondozo, M|
|poke|p2|Gliscor, M|
|poke|p2|Muk-Alola, F|
|poke|p2|Gholdengo|
|poke|p2|Kyurem|
|poke|p2|Corviknight, F|
|teampreview
|
|t:|1769432862
|teamsize|p1|6
|teamsize|p2|6
|start
|switch|p1a: Iron Treads|Iron Treads|100/100
|switch|p2a: Muk|Muk-Alola, F|100/100
|-enditem|p1a: Iron Treads|Booster Energy
|-activate|p1a: Iron Treads|ability: Quark Drive|[fromitem]
|-start|p1a: Iron Treads|quarkdrivespe
|turn|1
|inactive|Battle timer is ON: inactive players will automatically lose when time's up. (requested by Cubavision)
|
|t:|1769432874
|switch|p2a: Corviknight|Corviknight, F|100/100
|-ability|p2a: Corviknight|Pressure
|move|p1a: Iron Treads|Stealth Rock|p2a: Corviknight
|-sidestart|p2: Cubavision|move: Stealth Rock
|
|upkeep
|turn|2
|
|t:|1769432881
|-end|p1a: Iron Treads|Quark Drive|[silent]
|switch|p1a: Pelipper|Pelipper, F|100/100
|-weather|RainDance|[from] ability: Drizzle|[of] p1a: Pelipper
|move|p2a: Corviknight|Defog|p1a: Pelipper
|-unboost|p1a: Pelipper|evasion|1
|-sideend|p2: Cubavision|Stealth Rock|[from] move: Defog|[of] p2a: Corviknight
|
|-weather|RainDance|[upkeep]
|upkeep
|turn|3
|
|t:|1769432887
|move|p2a: Corviknight|U-turn|p1a: Pelipper
|-resisted|p1a: Pelipper
|-damage|p1a: Pelipper|96/100
|
|t:|1769432892
|switch|p2a: Muk|Muk-Alola, F|100/100|[from] U-turn
|move|p1a: Pelipper|U-turn|p2a: Muk
|-damage|p2a: Muk|92/100
|
|t:|1769432895
|switch|p1a: Barraskewda|Barraskewda, M|100/100|[from] U-turn
|
|-weather|RainDance|[upkeep]
|-heal|p2a: Muk|98/100|[from] item: Leftovers
|upkeep
|turn|4
|
|t:|1769432902
|-terastallize|p1a: Barraskewda|Water
|move|p2a: Muk|Protect|p2a: Muk
|-singleturn|p2a: Muk|Protect
|move|p1a: Barraskewda|Flip Turn|p2a: Muk
|-activate|p2a: Muk|move: Protect
|
|-weather|RainDance|[upkeep]
|-heal|p2a: Muk|100/100|[from] item: Leftovers
|upkeep
|turn|5
|
|t:|1769432912
|switch|p2a: Dondozo|Dondozo, M|100/100
|move|p1a: Barraskewda|Flip Turn|p2a: Dondozo
|-resisted|p2a: Dondozo
|-damage|p2a: Dondozo|78/100
|
|t:|1769432920
|switch|p1a: Raging Bolt|Raging Bolt|100/100|[from] Flip Turn
|-enditem|p1a: Raging Bolt|Booster Energy
|-activate|p1a: Raging Bolt|ability: Protosynthesis|[fromitem]
|-start|p1a: Raging Bolt|protosynthesisspa
|
|-weather|RainDance|[upkeep]
|-heal|p2a: Dondozo|84/100|[from] item: Leftovers
|upkeep
|turn|6
|
|t:|1769432929
|switch|p2a: Muk|Muk-Alola, F|100/100
|move|p1a: Raging Bolt|Thunder|p2a: Muk
|-damage|p2a: Muk|53/100
|
|-weather|RainDance|[upkeep]
|-heal|p2a: Muk|59/100|[from] item: Leftovers
|upkeep
|turn|7
|
|t:|1769432944
|move|p1a: Raging Bolt|Draco Meteor|p2a: Muk
|-damage|p2a: Muk|1/100
|-unboost|p1a: Raging Bolt|spa|2
|move|p2a: Muk|Drain Punch|p1a: Raging Bolt
|-damage|p1a: Raging Bolt|85/100
|-heal|p2a: Muk|9/100|[from] drain|[of] p1a: Raging Bolt
|-status|p1a: Raging Bolt|psn|[from] ability: Poison Touch|[of] p2a: Muk
|
|-weather|RainDance|[upkeep]
|-heal|p2a: Muk|15/100|[from] item: Leftovers
|-damage|p1a: Raging Bolt|73/100 psn|[from] psn
|upkeep
|turn|8
|
|t:|1769432951
|move|p2a: Muk|Protect|p2a: Muk
|-singleturn|p2a: Muk|Protect
|move|p1a: Raging Bolt|Weather Ball|p2a: Muk
|-activate|p2a: Muk|move: Protect
|
|-weather|RainDance|[upkeep]
|-heal|p2a: Muk|21/100|[from] item: Leftovers
|-damage|p1a: Raging Bolt|61/100 psn|[from] psn
|upkeep
|turn|9
|
|t:|1769432960
|switch|p2a: Gliscor|Gliscor, M|100/100
|move|p1a: Raging Bolt|Draco Meteor|p2a: Gliscor
|-damage|p2a: Gliscor|59/100
|-unboost|p1a: Raging Bolt|spa|2
|
|-weather|none
|-damage|p1a: Raging Bolt|48/100 psn|[from] psn
|-status|p2a: Gliscor|tox|[from] item: Toxic Orb
|upkeep
|turn|10
|
|t:|1769432969
|-end|p1a: Raging Bolt|Protosynthesis|[silent]
|switch|p1a: Pelipper|Pelipper, F|96/100
|-weather|RainDance|[from] ability: Drizzle|[of] p1a: Pelipper
|move|p2a: Gliscor|Spikes|p1a: Pelipper
|-sidestart|p1: mystery rain ninja|Spikes
|
|-weather|RainDance|[upkeep]
|-heal|p2a: Gliscor|72/100 tox|[from] ability: Poison Heal
|upkeep
|turn|11
|
|t:|1769432974
|move|p2a: Gliscor|Protect|p2a: Gliscor
|-singleturn|p2a: Gliscor|Protect
|move|p1a: Pelipper|U-turn|p2a: Gliscor
|-activate|p2a: Gliscor|move: Protect
|
|-weather|RainDance|[upkeep]
|-heal|p2a: Gliscor|84/100 tox|[from] ability: Poison Heal
|upkeep
|turn|12
|
|t:|1769432980
|switch|p2a: Muk|Muk-Alola, F|21/100
|move|p1a: Pelipper|Weather Ball|p2a: Muk
|-damage|p2a: Muk|0 fnt
|faint|p2a: Muk
|
|-weather|RainDance|[upkeep]
|upkeep
|
|t:|1769432987
|switch|p2a: Kyurem|Kyurem|100/100
|-ability|p2a: Kyurem|Pressure
|turn|13
|
|t:|1769432990
|switch|p1a: Iron Treads|Iron Treads|100/100
|-damage|p1a: Iron Treads|88/100|[from] Spikes
|move|p2a: Kyurem|Substitute|p2a: Kyurem
|-start|p2a: Kyurem|Substitute
|-damage|p2a: Kyurem|75/100
|
|-weather|RainDance|[upkeep]
|-heal|p2a: Kyurem|82/100|[from] item: Leftovers
|upkeep
|turn|14
|
|t:|1769432997
|move|p2a: Kyurem|Protect|p2a: Kyurem
|-singleturn|p2a: Kyurem|Protect
|move|p1a: Iron Treads|Stealth Rock|p2a: Kyurem
|-sidestart|p2: Cubavision|move: Stealth Rock
|
|-weather|RainDance|[upkeep]
|-heal|p2a: Kyurem|88/100|[from] item: Leftovers
|upkeep
|turn|15
|
|t:|1769433005
|move|p1a: Iron Treads|Earth Power|p2a: Kyurem
|-end|p2a: Kyurem|Substitute
|move|p2a: Kyurem|Earth Power|p1a: Iron Treads
|-supereffective|p1a: Iron Treads
|-damage|p1a: Iron Treads|1/100
|-unboost|p1a: Iron Treads|spd|1
|
|-weather|RainDance|[upkeep]
|-heal|p2a: Kyurem|94/100|[from] item: Leftovers
|upkeep
|turn|16
|
|t:|1769433017
|move|p2a: Kyurem|Protect|p2a: Kyurem
|-singleturn|p2a: Kyurem|Protect
|move|p1a: Iron Treads|Rapid Spin|p2a: Kyurem
|-activate|p2a: Kyurem|move: Protect
|
|-weather|RainDance|[upkeep]
|-heal|p2a: Kyurem|99/100|[from] item: Leftovers
|upkeep
|turn|17
|
|t:|1769433022
|switch|p2a: Corviknight|Corviknight, F|100/100
|-damage|p2a: Corviknight|88/100|[from] Stealth Rock
|-ability|p2a: Corviknight|Pressure
|move|p1a: Iron Treads|Steel Beam|p2a: Corviknight
|-resisted|p2a: Corviknight
|-damage|p2a: Corviknight|64/100
|-damage|p1a: Iron Treads|0 fnt|[from] steelbeam
|faint|p1a: Iron Treads
|-end|p1a: Iron Treads|Quark Drive|[silent]
|
|-weather|none
|upkeep
|
|t:|1769433034
|switch|p1a: Pelipper|Pelipper, F|96/100
|-weather|RainDance|[from] ability: Drizzle|[of] p1a: Pelipper
|turn|18
|
|t:|1769433039
|move|p2a: Corviknight|U-turn|p1a: Pelipper
|-resisted|p1a: Pelipper
|-crit|p1a: Pelipper
|-damage|p1a: Pelipper|87/100
|
|t:|1769433044
|switch|p2a: Gholdengo|Gholdengo|100/100|[from] U-turn
|-damage|p2a: Gholdengo|94/100|[from] Stealth Rock
|-item|p2a: Gholdengo|Air Balloon
|move|p1a: Pelipper|U-turn|p2a: Gholdengo
|-resisted|p2a: Gholdengo
|-damage|p2a: Gholdengo|93/100
|-enditem|p2a: Gholdengo|Air Balloon
|
|t:|1769433047
|switch|p1a: Barraskewda|Barraskewda, M, tera:Water|100/100|[from] U-turn
|-damage|p1a: Barraskewda|88/100|[from] Spikes
|
|-weather|RainDance|[upkeep]
|upkeep
|turn|19
|
|t:|1769433052
|switch|p2a: Dondozo|Dondozo, M|84/100
|-damage|p2a: Dondozo|72/100|[from] Stealth Rock
|move|p1a: Barraskewda|Liquidation|p2a: Dondozo
|-resisted|p2a: Dondozo
|-damage|p2a: Dondozo|41/100
|
|-weather|RainDance|[upkeep]
|-heal|p2a: Dondozo|47/100|[from] item: Leftovers
|upkeep
|turn|20
|
|t:|1769433058
|move|p1a: Barraskewda|Liquidation|p2a: Dondozo
|-resisted|p2a: Dondozo
|-damage|p2a: Dondozo|15/100
|move|p2a: Dondozo|Rest|p2a: Dondozo
|-status|p2a: Dondozo|slp|[from] move: Rest
|-heal|p2a: Dondozo|100/100 slp|[silent]
|
|-weather|RainDance|[upkeep]
|upkeep
|turn|21
|
|t:|1769433063
|move|p1a: Barraskewda|Liquidation|p2a: Dondozo
|-resisted|p2a: Dondozo
|-damage|p2a: Dondozo|69/100 slp
|cant|p2a: Dondozo|slp
|move|p2a: Dondozo|Sleep Talk|p2a: Dondozo
|move|p2a: Dondozo|Rest||[from] move: Sleep Talk|[still]
|-fail|p2a: Dondozo
|
|-weather|RainDance|[upkeep]
|-heal|p2a: Dondozo|75/100 slp|[from] item: Leftovers
|upkeep
|turn|22
|
|t:|1769433066
|move|p1a: Barraskewda|Liquidation|p2a: Dondozo
|-resisted|p2a: Dondozo
|-damage|p2a: Dondozo|42/100 slp
|cant|p2a: Dondozo|slp
|move|p2a: Dondozo|Sleep Talk|p2a: Dondozo
|move|p2a: Dondozo|Curse|p2a: Dondozo|[from] move: Sleep Talk
|-unboost|p2a: Dondozo|spe|1
|-boost|p2a: Dondozo|atk|1
|-boost|p2a: Dondozo|def|1
|
|-weather|RainDance|[upkeep]
|-heal|p2a: Dondozo|49/100 slp|[from] item: Leftovers
|upkeep
|turn|23
|
|t:|1769433074
|switch|p1a: Raging Bolt|Raging Bolt|48/100 psn
|-damage|p1a: Raging Bolt|36/100 psn|[from] Spikes
|-curestatus|p2a: Dondozo|slp|[msg]
|move|p2a: Dondozo|Rest|p2a: Dondozo
|-status|p2a: Dondozo|slp|[from] move: Rest
|-heal|p2a: Dondozo|100/100 slp|[silent]
|
|-weather|RainDance|[upkeep]
|-damage|p1a: Raging Bolt|24/100 psn|[from] psn
|upkeep
|turn|24
|
|t:|1769433083
|switch|p2a: Gholdengo|Gholdengo|93/100
|-damage|p2a: Gholdengo|87/100|[from] Stealth Rock
|move|p1a: Raging Bolt|Draco Meteor|p2a: Gholdengo
|-resisted|p2a: Gholdengo
|-damage|p2a: Gholdengo|49/100
|-unboost|p1a: Raging Bolt|spa|2
|
|-weather|RainDance|[upkeep]
|-damage|p1a: Raging Bolt|11/100 psn|[from] psn
|upkeep
|turn|25
|
|t:|1769433096
|move|p1a: Raging Bolt|Thunder|p2a: Gholdengo
|-damage|p2a: Gholdengo|19/100
|move|p2a: Gholdengo|Recover|p2a: Gholdengo
|-heal|p2a: Gholdengo|69/100
|
|-weather|none
|-damage|p1a: Raging Bolt|0 fnt|[from] psn
|faint|p1a: Raging Bolt
|-end|p1a: Raging Bolt|Protosynthesis|[silent]
|upkeep
|
|t:|1769433101
|switch|p1a: Pelipper|Pelipper, F|87/100
|-weather|RainDance|[from] ability: Drizzle|[of] p1a: Pelipper
|turn|26
|
|t:|1769433110
|move|p2a: Gholdengo|Recover|p2a: Gholdengo
|-heal|p2a: Gholdengo|100/100
|move|p1a: Pelipper|U-turn|p2a: Gholdengo
|-resisted|p2a: Gholdengo
|-damage|p2a: Gholdengo|99/100
|
|t:|1769433116
|switch|p1a: Overqwil|Overqwil, F|100/100|[from] U-turn
|-damage|p1a: Overqwil|88/100|[from] Spikes
|
|-weather|RainDance|[upkeep]
|upkeep
|turn|27
|
|t:|1769433135
|move|p1a: Overqwil|Swords Dance|p1a: Overqwil
|-boost|p1a: Overqwil|atk|2
|move|p2a: Gholdengo|Make It Rain|p1a: Overqwil
|-damage|p1a: Overqwil|4/100
|-unboost|p2a: Gholdengo|spa|1
|
|-weather|RainDance|[upkeep]
|upkeep
|turn|28
|
|t:|1769433145
|move|p1a: Overqwil|Crunch|p2a: Gholdengo
|-supereffective|p2a: Gholdengo
|-damage|p2a: Gholdengo|0 fnt
|faint|p2a: Gholdengo
|-damage|p1a: Overqwil|0 fnt|[from] item: Life Orb
|faint|p1a: Overqwil
|
|-weather|RainDance|[upkeep]
|upkeep
|
|t:|1769433152
|switch|p1a: Barraskewda|Barraskewda, M, tera:Water|88/100
|switch|p2a: Corviknight|Corviknight, F|64/100
|-damage|p1a: Barraskewda|76/100|[from] Spikes
|-damage|p2a: Corviknight|52/100|[from] Stealth Rock
|-ability|p2a: Corviknight|Pressure
|turn|29
|
|t:|1769433158
|-terastallize|p2a: Corviknight|Dragon
|move|p1a: Barraskewda|Liquidation|p2a: Corviknight
|-resisted|p2a: Corviknight
|-damage|p2a: Corviknight|13/100
|-damage|p1a: Barraskewda|60/100|[from] item: Rocky Helmet|[of] p2a: Corviknight
|move|p2a: Corviknight|Roost|p2a: Corviknight
|-heal|p2a: Corviknight|63/100
|
|-weather|RainDance|[upkeep]
|upkeep
|turn|30
|l|☆Cubavision
|inactive|Cubavision disconnected and has a minute to reconnect!
|player|p2|
|
|t:|1769433180
|move|p1a: Barraskewda|Liquidation|p2a: Corviknight
|-resisted|p2a: Corviknight
|-damage|p2a: Corviknight|19/100
|-unboost|p2a: Corviknight|def|1
|-damage|p1a: Barraskewda|43/100|[from] item: Rocky Helmet|[of] p2a: Corviknight
|move|p2a: Corviknight|Defog|p1a: Barraskewda
|-unboost|p1a: Barraskewda|evasion|1
|-sideend|p1: mystery rain ninja|Spikes|[from] move: Defog|[of] p2a: Corviknight
|-sideend|p2: Cubavision|Stealth Rock|[from] move: Defog|[of] p2a: Corviknight
|
|-weather|RainDance|[upkeep]
|upkeep
|turn|31
|inactive|Cubavision has 30 seconds to reconnect!
|j|☆Cubavision
|inactive|Cubavision reconnected and has 115 seconds left.
|player|p2|Cubavision|musician|
|
|t:|1769433231
|move|p1a: Barraskewda|Liquidation|p2a: Corviknight
|-resisted|p2a: Corviknight
|-damage|p2a: Corviknight|0 fnt
|-damage|p1a: Barraskewda|27/100|[from] item: Rocky Helmet|[of] p2a: Corviknight
|faint|p2a: Corviknight
|
|-weather|RainDance|[upkeep]
|upkeep
|inactive|Cubavision has 90 seconds left.
|
|t:|1769433256
|switch|p2a: Dondozo|Dondozo, M|100/100 slp
|turn|32
|inactive|Cubavision has 90 seconds left.
|
|t:|1769433276
|move|p1a: Barraskewda|Liquidation|p2a: Dondozo
|-resisted|p2a: Dondozo
|-damage|p2a: Dondozo|71/100 slp
|cant|p2a: Dondozo|slp
|move|p2a: Dondozo|Sleep Talk|p2a: Dondozo
|move|p2a: Dondozo|Curse|p2a: Dondozo|[from] move: Sleep Talk
|-unboost|p2a: Dondozo|spe|1
|-boost|p2a: Dondozo|atk|1
|-boost|p2a: Dondozo|def|1
|
|-weather|RainDance|[upkeep]
|-heal|p2a: Dondozo|77/100 slp|[from] item: Leftovers
|upkeep
|turn|33
|
|t:|1769433291
|move|p1a: Barraskewda|Liquidation|p2a: Dondozo
|-resisted|p2a: Dondozo
|-damage|p2a: Dondozo|57/100 slp
|-unboost|p2a: Dondozo|def|1
|cant|p2a: Dondozo|slp
|move|p2a: Dondozo|Sleep Talk|p2a: Dondozo
|move|p2a: Dondozo|Curse|p2a: Dondozo|[from] move: Sleep Talk
|-unboost|p2a: Dondozo|spe|1
|-boost|p2a: Dondozo|atk|1
|-boost|p2a: Dondozo|def|1
|
|-weather|none
|-heal|p2a: Dondozo|63/100 slp|[from] item: Leftovers
|upkeep
|turn|34
|
|t:|1769433295
|switch|p1a: Pelipper|Pelipper, F|87/100
|-weather|RainDance|[from] ability: Drizzle|[of] p1a: Pelipper
|-curestatus|p2a: Dondozo|slp|[msg]
|move|p2a: Dondozo|Waterfall|p1a: Pelipper
|-resisted|p1a: Pelipper
|-damage|p1a: Pelipper|54/100
|
|-weather|RainDance|[upkeep]
|-heal|p2a: Dondozo|70/100|[from] item: Leftovers
|upkeep
|turn|35
|inactive|Cubavision has 90 seconds left.
|
|t:|1769433306
|switch|p2a: Kyurem|Kyurem|99/100
|-ability|p2a: Kyurem|Pressure
|move|p1a: Pelipper|Hurricane|p2a: Kyurem
|-damage|p2a: Kyurem|67/100
|
|-weather|RainDance|[upkeep]
|-heal|p2a: Kyurem|73/100|[from] item: Leftovers
|upkeep
|turn|36
|inactive|Cubavision has 90 seconds left.
|
|t:|1769433319
|switch|p1a: Kingambit|Kingambit, F|100/100
|-activate|p1a: Kingambit|ability: Supreme Overlord
|-start|p1a: Kingambit|fallen3|[silent]
|move|p2a: Kyurem|Freeze-Dry|p1a: Kingambit
|-resisted|p1a: Kingambit
|-damage|p1a: Kingambit|85/100
|
|-weather|RainDance|[upkeep]
|-heal|p2a: Kyurem|79/100|[from] item: Leftovers
|-heal|p1a: Kingambit|91/100|[from] item: Leftovers
|upkeep
|turn|37
|inactive|Cubavision has 90 seconds left.
|
|t:|1769433334
|switch|p2a: Dondozo|Dondozo, M|70/100
|move|p1a: Kingambit|Iron Head|p2a: Dondozo
|-resisted|p2a: Dondozo
|-damage|p2a: Dondozo|55/100
|
|-weather|RainDance|[upkeep]
|-heal|p1a: Kingambit|97/100|[from] item: Leftovers
|-heal|p2a: Dondozo|62/100|[from] item: Leftovers
|upkeep
|turn|38
|
|t:|1769433343
|move|p1a: Kingambit|Kowtow Cleave|p2a: Dondozo
|-damage|p2a: Dondozo|30/100
|move|p2a: Dondozo|Waterfall|p1a: Kingambit
|-damage|p1a: Kingambit|69/100
|
|-weather|RainDance|[upkeep]
|-heal|p1a: Kingambit|76/100|[from] item: Leftovers
|-heal|p2a: Dondozo|36/100|[from] item: Leftovers
|upkeep
|turn|39
|
|t:|1769433348
|move|p1a: Kingambit|Iron Head|p2a: Dondozo
|-resisted|p2a: Dondozo
|-crit|p2a: Dondozo
|-damage|p2a: Dondozo|15/100
|move|p2a: Dondozo|Rest|p2a: Dondozo
|-status|p2a: Dondozo|slp|[from] move: Rest
|-heal|p2a: Dondozo|100/100 slp|[silent]
|
|-weather|RainDance|[upkeep]
|-heal|p1a: Kingambit|82/100|[from] item: Leftovers
|upkeep
|turn|40
|
|t:|1769433355
|-end|p1a: Kingambit|fallen3|[silent]
|switch|p1a: Pelipper|Pelipper, F|54/100
|cant|p2a: Dondozo|slp
|move|p2a: Dondozo|Sleep Talk|p2a: Dondozo
|move|p2a: Dondozo|Rest||[from] move: Sleep Talk|[still]
|-fail|p2a: Dondozo
|
|-weather|RainDance|[upkeep]
|upkeep
|turn|41
|inactive|Cubavision has 120 seconds left.
|
|t:|1769433376
|switch|p2a: Kyurem|Kyurem|79/100
|-ability|p2a: Kyurem|Pressure
|move|p1a: Pelipper|U-turn|p2a: Kyurem
|-damage|p2a: Kyurem|70/100
|
|t:|1769433378
|switch|p1a: Kingambit|Kingambit, F|82/100|[from] U-turn
|-activate|p1a: Kingambit|ability: Supreme Overlord
|-start|p1a: Kingambit|fallen3|[silent]
|
|-weather|none
|-heal|p2a: Kyurem|76/100|[from] item: Leftovers
|-heal|p1a: Kingambit|88/100|[from] item: Leftovers
|upkeep
|turn|42
|
|t:|1769433390
|move|p2a: Kyurem|Earth Power|p1a: Kingambit
|-supereffective|p1a: Kingambit
|-damage|p1a: Kingambit|30/100
|move|p1a: Kingambit|Kowtow Cleave|p2a: Kyurem
|-damage|p2a: Kyurem|19/100
|
|-heal|p2a: Kyurem|25/100|[from] item: Leftovers
|-heal|p1a: Kingambit|36/100|[from] item: Leftovers
|upkeep
|turn|43
|
|t:|1769433402
|move|p2a: Kyurem|Protect|p2a: Kyurem
|-singleturn|p2a: Kyurem|Protect
|move|p1a: Kingambit|Swords Dance|p1a: Kingambit
|-boost|p1a: Kingambit|atk|2
|
|-heal|p2a: Kyurem|31/100|[from] item: Leftovers
|-heal|p1a: Kingambit|42/100|[from] item: Leftovers
|upkeep
|turn|44
|
|t:|1769433417
|move|p2a: Kyurem|Substitute|p2a: Kyurem
|-start|p2a: Kyurem|Substitute
|-damage|p2a: Kyurem|6/100
|move|p1a: Kingambit|Kowtow Cleave|p2a: Kyurem
|-end|p2a: Kyurem|Substitute
|
|-heal|p2a: Kyurem|12/100|[from] item: Leftovers
|-heal|p1a: Kingambit|48/100|[from] item: Leftovers
|upkeep
|turn|45
|
|t:|1769433428
|move|p1a: Kingambit|Sucker Punch|p2a: Kyurem
|-damage|p2a: Kyurem|0 fnt
|faint|p2a: Kyurem
|
|-heal|p1a: Kingambit|55/100|[from] item: Leftovers
|upkeep
|l|☆Cubavision
|inactive|Cubavision disconnected and has a minute to reconnect!
|player|p2|
|inactive|Cubavision has 30 seconds to reconnect!
|inactive|Cubavision has 20 seconds to reconnect!
|inactive|Cubavision has 15 seconds to reconnect!
|inactive|Cubavision has 10 seconds to reconnect!
|inactive|Cubavision has 5 seconds to reconnect!
|-message|Cubavision lost due to inactivity.
|
|win|mystery rain ninja
|raw|mystery rain ninja's rating: 1447 &rarr; <strong>1465</strong><br />(+18 for winning)
|raw|Cubavision's rating: 1415 &rarr; <strong>1397</strong><br />(-18 for losing)
|l|☆mystery rain ninja
|player|p1|
