|j|‽kayjulers
|j|☆nimjaisugly
|t:|1769309070
|gametype|singles
|player|p1|kayjulers|clair|1545
|player|p2|nimjaisugly|clavell-s|1459
|gen|9
|tier|[Gen 9] OU
|rated|
|rule|HP Percentage Mod: HP is shown in percentages
|rule|Endless Battle Clause: Forcing endless battles is banned
|rule|Species Clause: Limit one of each Pokémon
|rule|OHKO Clause: OHKO moves are banned
|rule|Evasion Items Clause: Evasion items are banned
|rule|Evasion Moves Clause: Evasion moves are banned
|rule|Evasion Abilities Clause: Evasion abilities are banned
|rule|Sleep Moves Clause: Sleep-inducing moves are banned
|clearpoke
|poke|p1|Raging Bolt|
|poke|p1|Hydrapple, F|
|poke|p1|Cryogonal|
|poke|p1|Landorus-Therian, M|
|poke|p1|Enamorus, F|
|poke|p1|Kingambit, F|
|poke|p2|Porygon-Z|
|poke|p2|Kingambit, M|
|poke|p2|Dragapult, F|
|poke|p2|Alomomola, F|
|poke|p2|Pecharunt|
|poke|p2|Iron Treads|
|teampreview
|inactive|Battle timer is ON: inactive players will automatically lose when time's up. (requested by nimjaisugly)
|
|t:|1769309081
|teamsize|p1|6
|teamsize|p2|6
|start
|switch|p1a: Cryogonal|Cryogonal|100/100
|switch|p2a: Porygon-Z|Porygon-Z|100/100
|-ability|p2a: Porygon-Z|Download|boost
|-boost|p2a: Porygon-Z|atk|1
|turn|1
|
|t:|1769309085
|move|p1a: Cryogonal|Freeze-Dry|p2a: Porygon-Z
|-damage|p2a: Porygon-Z|71/100
|move|p2a: Porygon-Z|Tri Attack|p1a: Cryogonal
|-damage|p1a: Cryogonal|49/100
|
|upkeep
|turn|2
|
|t:|1769309112
|move|p1a: Cryogonal|Freeze-Dry|p2a: Porygon-Z
|-damage|p2a: Porygon-Z|37/100
|move|p2a: Porygon-Z|Tri Attack|p1a: Cryogonal
|-damage|p1a: Cryogonal|1/100
|
|upkeep
|turn|3
|
|t:|1769309124
|move|p1a: Cryogonal|Freeze-Dry|p2a: Porygon-Z
|-damage|p2a: Porygon-Z|5/100
|move|p2a: Porygon-Z|Tri Attack|p1a: Cryogonal
|-damage|p1a: Cryogonal|0 fnt
|faint|p1a: Cryogonal
|
|upkeep
|
|t:|1769309137
|switch|p1a: Enamorus|Enamorus, F|100/100
|turn|4
|
|t:|1769309144
|move|p1a: Enamorus|Earth Power|p2a: Porygon-Z
|-damage|p2a: Porygon-Z|0 fnt
|faint|p2a: Porygon-Z
|
|upkeep
|
|t:|1769309152
|switch|p2a: Alomomola|Alomomola, F|100/100
|turn|5
|
|t:|1769309159
|switch|p1a: Hydrapple|Hydrapple, F|100/100
|move|p2a: Alomomola|Flip Turn|p1a: Hydrapple
|-resisted|p1a: Hydrapple
|-damage|p1a: Hydrapple|98/100
|
|t:|1769309166
|switch|p2a: Dragapult|Dragapult, F|100/100|[from] Flip Turn
|
|upkeep
|turn|6
|
|t:|1769309172
|-terastallize|p1a: Hydrapple|Steel
|move|p2a: Dragapult|U-turn|p1a: Hydrapple
|-resisted|p1a: Hydrapple
|-damage|p1a: Hydrapple|91/100
|
|t:|1769309177
|switch|p2a: Iron Treads|Iron Treads|100/100|[from] U-turn
|move|p1a: Hydrapple|Fickle Beam|p2a: Iron Treads|[anim] Fickle Beam All Out
|-activate|p1a: Hydrapple|move: Fickle Beam
|-resisted|p2a: Iron Treads
|-damage|p2a: Iron Treads|65/100
|
|-heal|p2a: Iron Treads|71/100|[from] item: Leftovers
|upkeep
|turn|7
|
|t:|1769309182
|move|p2a: Iron Treads|Stealth Rock|p1a: Hydrapple
|-sidestart|p1: kayjulers|move: Stealth Rock
|move|p1a: Hydrapple|Hydro Pump|p2a: Iron Treads
|-supereffective|p2a: Iron Treads
|-damage|p2a: Iron Treads|2/100
|
|-heal|p2a: Iron Treads|8/100|[from] item: Leftovers
|upkeep
|turn|8
|
|t:|1769309187
|move|p2a: Iron Treads|Earthquake|p1a: Hydrapple
|-supereffective|p1a: Hydrapple
|-damage|p1a: Hydrapple|34/100
|move|p1a: Hydrapple|Fickle Beam|p2a: Iron Treads
|-resisted|p2a: Iron Treads
|-damage|p2a: Iron Treads|0 fnt
|faint|p2a: Iron Treads
|-end|p2a: Iron Treads|Quark Drive|[silent]
|
|upkeep
|
|t:|1769309199
|switch|p2a: Kingambit|Kingambit, M|100/100
|-activate|p2a: Kingambit|ability: Supreme Overlord
|-start|p2a: Kingambit|fallen2|[silent]
|turn|9
|
|t:|1769309208
|switch|p1a: Landorus|Landorus-Therian, M|100/100
|-damage|p1a: Landorus|88/100|[from] Stealth Rock
|-ability|p1a: Landorus|Intimidate|boost
|-unboost|p2a: Kingambit|atk|1
|move|p2a: Kingambit|Swords Dance|p2a: Kingambit
|-boost|p2a: Kingambit|atk|2
|
|upkeep
|turn|10
|
|t:|1769309223
|-end|p2a: Kingambit|fallen2|[silent]
|switch|p2a: Alomomola|Alomomola, F|100/100
|move|p1a: Landorus|U-turn|p2a: Alomomola
|-damage|p2a: Alomomola|84/100
|
|t:|1769309232
|switch|p1a: Raging Bolt|Raging Bolt|100/100|[from] U-turn
|-damage|p1a: Raging Bolt|88/100|[from] Stealth Rock
|-enditem|p1a: Raging Bolt|Booster Energy
|-activate|p1a: Raging Bolt|ability: Protosynthesis|[fromitem]
|-start|p1a: Raging Bolt|protosynthesisspa
|
|upkeep
|turn|11
|
|t:|1769309237
|move|p1a: Raging Bolt|Thunderbolt|p2a: Alomomola
|-supereffective|p2a: Alomomola
|-damage|p2a: Alomomola|2/100
|move|p2a: Alomomola|Flip Turn|p1a: Raging Bolt
|-resisted|p1a: Raging Bolt
|-damage|p1a: Raging Bolt|81/100
|
|t:|1769309241
|switch|p2a: Dragapult|Dragapult, F|100/100|[from] Flip Turn
|
|upkeep
|turn|12
|
|t:|1769309248
|-end|p1a: Raging Bolt|Protosynthesis|[silent]
|switch|p1a: Kingambit|Kingambit, F|100/100
|-damage|p1a: Kingambit|94/100|[from] Stealth Rock
|-activate|p1a: Kingambit|ability: Supreme Overlord
|-start|p1a: Kingambit|fallen1|[silent]
|move|p2a: Dragapult|Will-O-Wisp|p1a: Kingambit|[miss]
|-miss|p2a: Dragapult|p1a: Kingambit
|
|upkeep
|turn|13
|
|t:|1769309254
|move|p2a: Dragapult|Will-O-Wisp|p1a: Kingambit
|-status|p1a: Kingambit|brn
|move|p1a: Kingambit|Kowtow Cleave|p2a: Dragapult
|-supereffective|p2a: Dragapult
|-damage|p2a: Dragapult|11/100
|
|-damage|p1a: Kingambit|88/100 brn|[from] brn
|upkeep
|turn|14
|
|t:|1769309266
|switch|p2a: Kingambit|Kingambit, M|100/100
|-activate|p2a: Kingambit|ability: Supreme Overlord
|-start|p2a: Kingambit|fallen2|[silent]
|move|p1a: Kingambit|Swords Dance|p1a: Kingambit
|-boost|p1a: Kingambit|atk|2
|
|-damage|p1a: Kingambit|82/100 brn|[from] brn
|upkeep
|turn|15
|
|t:|1769309272
|-end|p1a: Kingambit|fallen1|[silent]
|switch|p1a: Landorus|Landorus-Therian, M|88/100
|-damage|p1a: Landorus|76/100|[from] Stealth Rock
|-ability|p1a: Landorus|Intimidate|boost
|-unboost|p2a: Kingambit|atk|1
|move|p2a: Kingambit|Swords Dance|p2a: Kingambit
|-boost|p2a: Kingambit|atk|2
|
|upkeep
|turn|16
|
|t:|1769309280
|-end|p2a: Kingambit|fallen2|[silent]
|switch|p2a: Dragapult|Dragapult, F|11/100
|move|p1a: Landorus|Earthquake|p2a: Dragapult
|-damage|p2a: Dragapult|0 fnt
|faint|p2a: Dragapult
|
|upkeep
|
|t:|1769309285
|switch|p2a: Alomomola|Alomomola, F|35/100
|turn|17
|
|t:|1769309289
|move|p1a: Landorus|Earthquake|p2a: Alomomola
|-damage|p2a: Alomomola|3/100
|move|p2a: Alomomola|Flip Turn|p1a: Landorus
|-supereffective|p1a: Landorus
|-damage|p1a: Landorus|52/100
|-damage|p2a: Alomomola|0 fnt|[from] item: Rocky Helmet|[of] p1a: Landorus
|faint|p2a: Alomomola
|
|upkeep
|
|t:|1769309294
|switch|p2a: Kingambit|Kingambit, M|100/100
|-activate|p2a: Kingambit|ability: Supreme Overlord
|-start|p2a: Kingambit|fallen4|[silent]
|turn|18
|
|t:|1769309298
|-terastallize|p2a: Kingambit|Fairy
|move|p1a: Landorus|Earthquake|p2a: Kingambit
|-damage|p2a: Kingambit|63/100
|move|p2a: Kingambit|Swords Dance|p2a: Kingambit
|-boost|p2a: Kingambit|atk|2
|
|-heal|p2a: Kingambit|69/100|[from] item: Leftovers
|upkeep
|turn|19
|
|t:|1769309304
|move|p2a: Kingambit|Sucker Punch|p1a: Landorus
|-damage|p1a: Landorus|0 fnt
|-damage|p2a: Kingambit|53/100|[from] item: Rocky Helmet|[of] p1a: Landorus
|faint|p1a: Landorus
|
|-heal|p2a: Kingambit|59/100|[from] item: Leftovers
|upkeep
|
|t:|1769309309
|switch|p1a: Kingambit|Kingambit, F|82/100 brn
|-damage|p1a: Kingambit|76/100 brn|[from] Stealth Rock
|-activate|p1a: Kingambit|ability: Supreme Overlord
|-start|p1a: Kingambit|fallen2|[silent]
|turn|20
|
|t:|1769309312
|move|p1a: Kingambit|Iron Head|p2a: Kingambit
|-supereffective|p2a: Kingambit
|-damage|p2a: Kingambit|13/100
|move|p2a: Kingambit|Tera Blast|p1a: Kingambit|[anim] Tera Blast Fairy
|-damage|p1a: Kingambit|0 fnt
|faint|p1a: Kingambit
|-end|p1a: Kingambit|fallen2|[silent]
|
|-heal|p2a: Kingambit|19/100|[from] item: Leftovers
|upkeep
|
|t:|1769309318
|switch|p1a: Raging Bolt|Raging Bolt|81/100
|-damage|p1a: Raging Bolt|69/100|[from] Stealth Rock
|turn|21
|
|t:|1769309323
|move|p1a: Raging Bolt|Thunderclap|p2a: Kingambit
|-damage|p2a: Kingambit|0 fnt
|faint|p2a: Kingambit
|-end|p2a: Kingambit|fallen4|[silent]
|
|upkeep
|
|t:|1769309325
|switch|p2a: Pecharunt|Pecharunt|100/100
|turn|22
|
|t:|1769309332
|move|p2a: Pecharunt|Malignant Chain|p1a: Raging Bolt
|-damage|p1a: Raging Bolt|39/100
|-status|p1a: Raging Bolt|tox
|-start|p1a: Raging Bolt|confusion|[from] ability: Poison Puppeteer|[of] p2a: Pecharunt
|-activate|p1a: Raging Bolt|confusion
|move|p1a: Raging Bolt|Thunderbolt|p2a: Pecharunt
|-damage|p2a: Pecharunt|45/100
|
|-damage|p1a: Raging Bolt|32/100 tox|[from] psn
|upkeep
|turn|23
|
|t:|1769309340
|move|p2a: Pecharunt|Recover|p2a: Pecharunt
|-heal|p2a: Pecharunt|95/100
|-activate|p1a: Raging Bolt|confusion
|move|p1a: Raging Bolt|Thunderbolt|p2a: Pecharunt
|-damage|p2a: Pecharunt|44/100
|
|-damage|p1a: Raging Bolt|20/100 tox|[from] psn
|upkeep
|turn|24
|
|t:|1769309345
|-end|p1a: Raging Bolt|Protosynthesis|[silent]
|switch|p1a: Hydrapple|Hydrapple, F, tera:Steel|67/100
|-damage|p1a: Hydrapple|61/100|[from] Stealth Rock
|move|p2a: Pecharunt|Recover|p2a: Pecharunt
|-heal|p2a: Pecharunt|94/100
|
|upkeep
|turn|25
|
|t:|1769309350
|move|p2a: Pecharunt|Shadow Ball|p1a: Hydrapple
|-damage|p1a: Hydrapple|46/100
|move|p1a: Hydrapple|Earth Power|p2a: Pecharunt
|-supereffective|p2a: Pecharunt
|-damage|p2a: Pecharunt|31/100
|
|upkeep
|turn|26
|
|t:|1769309357
|move|p2a: Pecharunt|Recover|p2a: Pecharunt
|-heal|p2a: Pecharunt|81/100
|move|p1a: Hydrapple|Earth Power|p2a: Pecharunt
|-supereffective|p2a: Pecharunt
|-damage|p2a: Pecharunt|15/100
|
|upkeep
|turn|27
|-message|nimjaisugly forfeited.
|
|win|kayjulers
|raw|kayjulers's rating: 1545 &rarr; <strong>1560</strong><br />(+15 for winning)
|raw|nimjaisugly's rating: 1459 &rarr; <strong>1444</strong><br />(-15 for losing)
|l|☆nimjaisugly
|player|p2|
|l|‽kayjulers
|player|p1|
