|j|☆HijikiSeeweed
|j|☆Elitepenguin117
|t:|1769363420
|gametype|singles
|player|p1|HijikiSeeweed|boarder|1165
|player|p2|Elitepenguin117|hoopster|1244
|gen|9
|tier|[Gen 9] OU
|rated|
|rule|HP Percentage Mod: HP is shown in percentages
|rule|Endless Battle Clause: Forcing endless battles is banned
|rule|Species Clause: Limit one of each Pokémon
|rule|OHKO Clause: OHKO moves are banned
|rule|Evasion Items Clause: Evasion items are banned
|rule|Evasion Moves Clause: Evasion moves are banned
|rule|Evasion Abilities Clause: Evasion abilities are banned
|rule|Sleep Moves Clause: Sleep-inducing moves are banned
|clearpoke
|poke|p1|Ogerpon-Wellspring, F|
|poke|p1|Kingambit, M|
|poke|p1|Landorus-Therian, M|
|poke|p1|Glimmora, F|
|poke|p1|Dragapult, M|
|poke|p1|Iron Valiant|
|poke|p2|Rhyperior, M|
|poke|p2|Slowking-Galar, F|
|poke|p2|Kingambit, M|
|poke|p2|Greninja-*, F|
|poke|p2|Gholdengo|
|poke|p2|Raikou|
|teampreview
|inactive|Battle timer is ON: inactive players will automatically lose when time's up. (requested by Elitepenguin117)
|
|t:|1769363426
|teamsize|p1|6
|teamsize|p2|6
|start
|switch|p1a: Landorus|Landorus-Therian, M|100/100
|switch|p2a: Rhyperior|Rhyperior, M|100/100
|-ability|p1a: Landorus|Intimidate|boost
|-unboost|p2a: Rhyperior|atk|1
|turn|1
|
|t:|1769363436
|move|p1a: Landorus|Taunt|p2a: Rhyperior
|-start|p2a: Rhyperior|move: Taunt
|move|p2a: Rhyperior|Rock Tomb|p1a: Landorus
|-damage|p1a: Landorus|75/100
|-unboost|p1a: Landorus|spe|1
|
|upkeep
|turn|2
|
|t:|1769363445
|switch|p2a: Slowking|Slowking-Galar, F|100/100
|move|p1a: Landorus|U-turn|p2a: Slowking
|-damage|p2a: Slowking|78/100
|
|t:|1769363469
|switch|p1a: Dragapult|Dragapult, M|100/100|[from] U-turn
|
|upkeep
|turn|3
|
|t:|1769363483
|move|p1a: Dragapult|U-turn|p2a: Slowking
|-damage|p2a: Slowking|60/100
|
|t:|1769363488
|switch|p1a: Landorus|Landorus-Therian, M|75/100|[from] U-turn
|-ability|p1a: Landorus|Intimidate|boost
|-unboost|p2a: Slowking|atk|1
|move|p2a: Slowking|Future Sight|p1a: Landorus
|-start|p2a: Slowking|move: Future Sight
|
|upkeep
|turn|4
|
|t:|1769363499
|move|p1a: Landorus|Stealth Rock|p2a: Slowking
|-sidestart|p2: Elitepenguin117|move: Stealth Rock
|-prepare|p2a: Slowking|Chilly Reception|[premajor]
|move|p2a: Slowking|Chilly Reception|p2a: Slowking
|-weather|Snowscape
|
|t:|1769363506
|switch|p2a: Greninja|Greninja, F|100/100|[from] Chilly Reception
|-damage|p2a: Greninja|88/100|[from] Stealth Rock
|
|-weather|Snowscape|[upkeep]
|upkeep
|turn|5
|
|t:|1769363522
|switch|p1a: Kingambit|Kingambit, M|100/100
|move|p2a: Greninja|Ice Beam|p1a: Kingambit
|-start|p2a: Greninja|typechange|Ice|[from] ability: Protean
|-resisted|p1a: Kingambit
|-damage|p1a: Kingambit|69/100
|
|-weather|Snowscape|[upkeep]
|-end|p1a: Kingambit|move: Future Sight
|-immune|p1a: Kingambit
|-heal|p1a: Kingambit|76/100|[from] item: Leftovers
|upkeep
|turn|6
|
|t:|1769363537
|switch|p2a: Rhyperior|Rhyperior, M|100/100
|-damage|p2a: Rhyperior|94/100|[from] Stealth Rock
|move|p1a: Kingambit|Sucker Punch||[still]
|-fail|p1a: Kingambit
|
|-weather|Snowscape|[upkeep]
|-heal|p1a: Kingambit|82/100|[from] item: Leftovers
|upkeep
|turn|7
|
|t:|1769363548
|-end|p1a: Kingambit|fallenundefined|[silent]
|switch|p1a: Landorus|Landorus-Therian, M|75/100
|-ability|p1a: Landorus|Intimidate|boost
|-unboost|p2a: Rhyperior|atk|1
|move|p2a: Rhyperior|Rock Polish|p2a: Rhyperior
|-boost|p2a: Rhyperior|spe|2
|
|-weather|Snowscape|[upkeep]
|upkeep
|turn|8
|
|t:|1769363571
|move|p2a: Rhyperior|Rock Tomb|p1a: Landorus
|-damage|p1a: Landorus|52/100
|-unboost|p1a: Landorus|spe|1
|move|p1a: Landorus|U-turn|p2a: Rhyperior
|-damage|p2a: Rhyperior|78/100
|
|t:|1769363580
|switch|p1a: Ogerpon|Ogerpon-Wellspring, F|100/100|[from] U-turn
|
|-weather|none
|upkeep
|turn|9
|
|t:|1769363591
|move|p2a: Rhyperior|Thunder Punch|p1a: Ogerpon
|-damage|p1a: Ogerpon|74/100
|move|p1a: Ogerpon|Ivy Cudgel|p2a: Rhyperior|[anim] Ivy Cudgel Water
|-supereffective|p2a: Rhyperior
|-damage|p2a: Rhyperior|0 fnt
|faint|p2a: Rhyperior
|
|upkeep
|
|t:|1769363598
|switch|p2a: Greninja|Greninja, F|88/100
|-damage|p2a: Greninja|76/100|[from] Stealth Rock
|turn|10
|
|t:|1769363609
|switch|p1a: Kingambit|Kingambit, M|82/100
|move|p2a: Greninja|Dark Pulse|p1a: Kingambit
|-start|p2a: Greninja|typechange|Dark|[from] ability: Protean
|-resisted|p1a: Kingambit
|-damage|p1a: Kingambit|57/100
|
|-heal|p1a: Kingambit|63/100|[from] item: Leftovers
|upkeep
|turn|11
|
|t:|1769363619
|move|p2a: Greninja|Dark Pulse|p1a: Kingambit
|-resisted|p1a: Kingambit
|-damage|p1a: Kingambit|35/100
|move|p1a: Kingambit|Swords Dance|p1a: Kingambit
|-boost|p1a: Kingambit|atk|2
|
|-heal|p1a: Kingambit|42/100|[from] item: Leftovers
|upkeep
|turn|12
|
|t:|1769363633
|switch|p2a: Slowking|Slowking-Galar, F|94/100
|move|p1a: Kingambit|Sucker Punch||[still]
|-fail|p1a: Kingambit
|
|-heal|p1a: Kingambit|48/100|[from] item: Leftovers
|upkeep
|turn|13
|
|t:|1769363640
|move|p1a: Kingambit|Kowtow Cleave|p2a: Slowking
|-supereffective|p2a: Slowking
|-damage|p2a: Slowking|0 fnt
|faint|p2a: Slowking
|
|-heal|p1a: Kingambit|54/100|[from] item: Leftovers
|upkeep
|
|t:|1769363648
|switch|p2a: Raikou|Raikou|100/100
|-damage|p2a: Raikou|88/100|[from] Stealth Rock
|-ability|p2a: Raikou|Pressure
|turn|14
|
|t:|1769363665
|move|p2a: Raikou|Discharge|p1a: Kingambit
|-damage|p1a: Kingambit|0 fnt
|faint|p1a: Kingambit
|-end|p1a: Kingambit|fallenundefined|[silent]
|
|upkeep
|
|t:|1769363674
|switch|p1a: Glimmora|Glimmora, F|100/100
|turn|15
|
|t:|1769363681
|move|p2a: Raikou|Discharge|p1a: Glimmora
|-damage|p1a: Glimmora|27/100
|move|p1a: Glimmora|Meteor Beam||[still]
|-prepare|p1a: Glimmora|Meteor Beam
|-boost|p1a: Glimmora|spa|1
|-enditem|p1a: Glimmora|Power Herb
|-anim|p1a: Glimmora|Meteor Beam|p2a: Raikou
|-damage|p2a: Raikou|0 fnt
|faint|p2a: Raikou
|
|upkeep
|
|t:|1769363690
|switch|p2a: Greninja|Greninja, F|76/100
|-damage|p2a: Greninja|64/100|[from] Stealth Rock
|turn|16
|
|t:|1769363703
|move|p2a: Greninja|Dark Pulse|p1a: Glimmora
|-start|p2a: Greninja|typechange|Dark|[from] ability: Protean
|-damage|p1a: Glimmora|0 fnt
|faint|p1a: Glimmora
|
|upkeep
|
|t:|1769363711
|switch|p1a: Dragapult|Dragapult, M|100/100
|turn|17
|
|t:|1769363721
|move|p1a: Dragapult|U-turn|p2a: Greninja
|-supereffective|p2a: Greninja
|-damage|p2a: Greninja|9/100
|
|t:|1769363728
|switch|p1a: Ogerpon|Ogerpon-Wellspring, F|74/100|[from] U-turn
|move|p2a: Greninja|Dark Pulse|p1a: Ogerpon
|-damage|p1a: Ogerpon|12/100
|
|upkeep
|turn|18
|
|t:|1769363737
|move|p2a: Greninja|Dark Pulse|p1a: Ogerpon
|-damage|p1a: Ogerpon|0 fnt
|faint|p1a: Ogerpon
|
|upkeep
|
|t:|1769363742
|switch|p1a: Dragapult|Dragapult, M|100/100
|turn|19
|
|t:|1769363745
|move|p1a: Dragapult|U-turn|p2a: Greninja
|-supereffective|p2a: Greninja
|-damage|p2a: Greninja|0 fnt
|faint|p2a: Greninja
|
|t:|1769363757
|switch|p1a: Landorus|Landorus-Therian, M|52/100|[from] U-turn
|
|upkeep
|
|t:|1769363764
|switch|p2a: Gholdengo|Gholdengo|100/100
|-damage|p2a: Gholdengo|94/100|[from] Stealth Rock
|-item|p2a: Gholdengo|Air Balloon
|turn|20
|
|t:|1769363783
|move|p1a: Landorus|Taunt|p2a: Gholdengo
|-immune|p2a: Gholdengo|[from] ability: Good as Gold
|move|p2a: Gholdengo|Dazzling Gleam|p1a: Landorus
|-crit|p1a: Landorus
|-damage|p1a: Landorus|9/100
|
|upkeep
|turn|21
|-message|HijikiSeeweed forfeited.
|
|win|Elitepenguin117
|raw|HijikiSeeweed's rating: 1165 &rarr; <strong>1146</strong><br />(-19 for losing)
|raw|Elitepenguin117's rating: 1244 &rarr; <strong>1263</strong><br />(+19 for winning)
|l|☆HijikiSeeweed
|player|p1|
|l|☆Elitepenguin117
|player|p2|
