|j|☆Air Glider
|j|☆chibi tanjiro
|t:|1769391804
|gametype|singles
|player|p1|Air Glider|1|1465
|player|p2|chibi tanjiro|101|1523
|gen|9
|tier|[Gen 9] OU
|rated|
|rule|HP Percentage Mod: HP is shown in percentages
|rule|Endless Battle Clause: Forcing endless battles is banned
|rule|Species Clause: Limit one of each Pokémon
|rule|OHKO Clause: OHKO moves are banned
|rule|Evasion Items Clause: Evasion items are banned
|rule|Evasion Moves Clause: Evasion moves are banned
|rule|Evasion Abilities Clause: Evasion abilities are banned
|rule|Sleep Moves Clause: Sleep-inducing moves are banned
|clearpoke
|poke|p1|Pelipper, F|
|poke|p1|Iron Treads|
|poke|p1|Samurott-Hisui, M|
|poke|p1|Basculegion, M|
|poke|p1|Toxicroak, F|
|poke|p1|Ludicolo, M|
|poke|p2|Kyurem|
|poke|p2|Slowking-Galar, F|
|poke|p2|Ting-Lu|
|poke|p2|Corviknight, F|
|poke|p2|Ogerpon-Wellspring, F|
|poke|p2|Zamazenta-*|
|teampreview
|inactive|Battle timer is ON: inactive players will automatically lose when time's up. (requested by chibi tanjiro)
|
|t:|1769391835
|teamsize|p1|6
|teamsize|p2|6
|start
|switch|p1a: Iron Treads|Iron Treads|100/100
|switch|p2a: Ogerpon|Ogerpon-Wellspring, F|100/100
|-enditem|p1a: Iron Treads|Booster Energy
|-activate|p1a: Iron Treads|ability: Quark Drive|[fromitem]
|-start|p1a: Iron Treads|quarkdriveatk
|turn|1
|
|t:|1769391844
|-end|p1a: Iron Treads|Quark Drive|[silent]
|switch|p1a: Pelipper|Pelipper, F|100/100
|-weather|RainDance|[from] ability: Drizzle|[of] p1a: Pelipper
|move|p2a: Ogerpon|Knock Off|p1a: Pelipper
|-damage|p1a: Pelipper|60/100
|-enditem|p1a: Pelipper|Damp Rock|[from] move: Knock Off|[of] p2a: Ogerpon
|
|-weather|RainDance|[upkeep]
|upkeep
|turn|2
|
|t:|1769391851
|move|p2a: Ogerpon|Power Whip|p1a: Pelipper|[miss]
|-miss|p2a: Ogerpon|p1a: Pelipper
|move|p1a: Pelipper|U-turn|p2a: Ogerpon
|-supereffective|p2a: Ogerpon
|-damage|p2a: Ogerpon|79/100
|
|t:|1769391855
|switch|p1a: Ludicolo|Ludicolo, M|100/100|[from] U-turn
|
|-weather|RainDance|[upkeep]
|upkeep
|turn|3
|
|t:|1769391872
|move|p1a: Ludicolo|Giga Drain|p2a: Ogerpon
|-damage|p2a: Ogerpon|23/100
|-damage|p1a: Ludicolo|91/100|[from] item: Life Orb
|move|p2a: Ogerpon|Knock Off|p1a: Ludicolo
|-damage|p1a: Ludicolo|34/100
|-enditem|p1a: Ludicolo|Life Orb|[from] move: Knock Off|[of] p2a: Ogerpon
|
|-weather|RainDance|[upkeep]
|upkeep
|turn|4
|
|t:|1769391883
|switch|p2a: Slowking|Slowking-Galar, F|100/100
|move|p1a: Ludicolo|Weather Ball|p2a: Slowking
|-damage|p2a: Slowking|58/100
|
|-weather|RainDance|[upkeep]
|upkeep
|turn|5
|
|t:|1769391892
|-terastallize|p1a: Ludicolo|Water
|move|p1a: Ludicolo|Weather Ball|p2a: Slowking
|-damage|p2a: Slowking|9/100
|-prepare|p2a: Slowking|Chilly Reception|[premajor]
|move|p2a: Slowking|Chilly Reception|p2a: Slowking
|-weather|Snowscape
|
|t:|1769391898
|switch|p2a: Ogerpon|Ogerpon-Wellspring, F|23/100|[from] Chilly Reception
|
|-weather|Snowscape|[upkeep]
|upkeep
|turn|6
|
|t:|1769391914
|switch|p1a: Toxicroak|Toxicroak, F|100/100
|move|p2a: Ogerpon|Ivy Cudgel|p1a: Toxicroak|[anim] Ivy Cudgel Water
|-immune|p1a: Toxicroak|[from] ability: Dry Skin
|
|-weather|Snowscape|[upkeep]
|upkeep
|turn|7
|
|t:|1769391927
|switch|p2a: Ting-Lu|Ting-Lu|100/100
|-ability|p2a: Ting-Lu|Vessel of Ruin
|move|p1a: Toxicroak|Knock Off|p2a: Ting-Lu
|-resisted|p2a: Ting-Lu
|-damage|p2a: Ting-Lu|94/100
|-enditem|p2a: Ting-Lu|Leftovers|[from] move: Knock Off|[of] p1a: Toxicroak
|
|-weather|Snowscape|[upkeep]
|upkeep
|turn|8
|
|t:|1769391934
|switch|p1a: Pelipper|Pelipper, F|60/100
|-weather|RainDance|[from] ability: Drizzle|[of] p1a: Pelipper
|move|p2a: Ting-Lu|Stealth Rock|p1a: Pelipper
|-sidestart|p1: Air Glider|move: Stealth Rock
|
|-weather|RainDance|[upkeep]
|upkeep
|turn|9
|
|t:|1769391940
|move|p1a: Pelipper|Roost|p1a: Pelipper
|-heal|p1a: Pelipper|100/100
|-singleturn|p1a: Pelipper|move: Roost
|move|p2a: Ting-Lu|Whirlwind|p1a: Pelipper
|drag|p1a: Basculegion|Basculegion, M|100/100
|-damage|p1a: Basculegion|88/100|[from] Stealth Rock
|
|-weather|RainDance|[upkeep]
|upkeep
|turn|10
|
|t:|1769391948
|switch|p2a: Ogerpon|Ogerpon-Wellspring, F|23/100
|move|p1a: Basculegion|Flip Turn|p2a: Ogerpon
|-heal|p2a: Ogerpon|48/100|[from] ability: Water Absorb|[of] p1a: Basculegion
|
|-weather|RainDance|[upkeep]
|upkeep
|turn|11
|
|t:|1769391954
|switch|p1a: Toxicroak|Toxicroak, F|100/100
|-damage|p1a: Toxicroak|94/100|[from] Stealth Rock
|move|p2a: Ogerpon|Knock Off|p1a: Toxicroak
|-resisted|p1a: Toxicroak
|-damage|p1a: Toxicroak|77/100
|-damage|p2a: Ogerpon|32/100|[from] item: Rocky Helmet|[of] p1a: Toxicroak
|-enditem|p1a: Toxicroak|Rocky Helmet|[from] move: Knock Off|[of] p2a: Ogerpon
|
|-weather|RainDance|[upkeep]
|-heal|p1a: Toxicroak|90/100|[from] ability: Dry Skin
|upkeep
|turn|12
|
|t:|1769391975
|switch|p2a: Corviknight|Corviknight, F|100/100
|-ability|p2a: Corviknight|Pressure
|move|p1a: Toxicroak|Toxic|p2a: Corviknight
|-immune|p2a: Corviknight
|
|-weather|none
|upkeep
|turn|13
|
|t:|1769391983
|switch|p1a: Pelipper|Pelipper, F|100/100
|-damage|p1a: Pelipper|76/100|[from] Stealth Rock
|-weather|RainDance|[from] ability: Drizzle|[of] p1a: Pelipper
|move|p2a: Corviknight|Brave Bird|p1a: Pelipper
|-damage|p1a: Pelipper|39/100
|-damage|p2a: Corviknight|91/100|[from] Recoil
|
|-weather|RainDance|[upkeep]
|-heal|p2a: Corviknight|97/100|[from] item: Leftovers
|upkeep
|turn|14
|
|t:|1769391993
|switch|p2a: Ogerpon|Ogerpon-Wellspring, F|32/100
|move|p1a: Pelipper|Roost|p1a: Pelipper
|-heal|p1a: Pelipper|89/100
|-singleturn|p1a: Pelipper|move: Roost
|
|-weather|RainDance|[upkeep]
|upkeep
|turn|15
|
|t:|1769392006
|move|p2a: Ogerpon|Power Whip|p1a: Pelipper|[miss]
|-miss|p2a: Ogerpon|p1a: Pelipper
|move|p1a: Pelipper|U-turn|p2a: Ogerpon
|-supereffective|p2a: Ogerpon
|-damage|p2a: Ogerpon|9/100
|
|t:|1769392013
|switch|p1a: Ludicolo|Ludicolo, M, tera:Water|34/100|[from] U-turn
|-damage|p1a: Ludicolo|21/100|[from] Stealth Rock
|
|-weather|RainDance|[upkeep]
|upkeep
|turn|16
|
|t:|1769392021
|switch|p2a: Slowking|Slowking-Galar, F|42/100
|move|p1a: Ludicolo|Giga Drain|p2a: Slowking
|-resisted|p2a: Slowking
|-damage|p2a: Slowking|33/100
|-heal|p1a: Ludicolo|27/100|[from] drain|[of] p2a: Slowking
|
|-weather|RainDance|[upkeep]
|upkeep
|turn|17
|
|t:|1769392028
|move|p1a: Ludicolo|Ice Beam|p2a: Slowking
|-damage|p2a: Slowking|16/100
|-prepare|p2a: Slowking|Chilly Reception|[premajor]
|move|p2a: Slowking|Chilly Reception|p2a: Slowking
|-weather|Snowscape
|
|t:|1769392031
|switch|p2a: Ogerpon|Ogerpon-Wellspring, F|9/100|[from] Chilly Reception
|
|-weather|Snowscape|[upkeep]
|upkeep
|turn|18
|
|t:|1769392036
|switch|p1a: Toxicroak|Toxicroak, F|90/100
|-damage|p1a: Toxicroak|84/100|[from] Stealth Rock
|move|p2a: Ogerpon|Power Whip|p1a: Toxicroak
|-resisted|p1a: Toxicroak
|-damage|p1a: Toxicroak|51/100
|
|-weather|Snowscape|[upkeep]
|upkeep
|turn|19
|
|t:|1769392058
|switch|p2a: Corviknight|Corviknight, F|97/100
|-ability|p2a: Corviknight|Pressure
|move|p1a: Toxicroak|Knock Off|p2a: Corviknight
|-damage|p2a: Corviknight|82/100
|-enditem|p2a: Corviknight|Leftovers|[from] move: Knock Off|[of] p1a: Toxicroak
|
|-weather|Snowscape|[upkeep]
|upkeep
|turn|20
|inactive|Air Glider has 120 seconds left.
|
|t:|1769392092
|switch|p1a: Pelipper|Pelipper, F|89/100
|-damage|p1a: Pelipper|64/100|[from] Stealth Rock
|-weather|RainDance|[from] ability: Drizzle|[of] p1a: Pelipper
|move|p2a: Corviknight|Brave Bird|p1a: Pelipper
|-damage|p1a: Pelipper|26/100
|-damage|p2a: Corviknight|72/100|[from] Recoil
|
|-weather|RainDance|[upkeep]
|upkeep
|turn|21
|
|t:|1769392099
|move|p1a: Pelipper|Roost|p1a: Pelipper
|-heal|p1a: Pelipper|76/100
|-singleturn|p1a: Pelipper|move: Roost
|move|p2a: Corviknight|Brave Bird|p1a: Pelipper
|-damage|p1a: Pelipper|37/100
|-damage|p2a: Corviknight|62/100|[from] Recoil
|
|-weather|RainDance|[upkeep]
|upkeep
|turn|22
|
|t:|1769392107
|move|p1a: Pelipper|Roost|p1a: Pelipper
|-heal|p1a: Pelipper|88/100
|-singleturn|p1a: Pelipper|move: Roost
|move|p2a: Corviknight|Roost|p2a: Corviknight
|-heal|p2a: Corviknight|100/100
|-singleturn|p2a: Corviknight|move: Roost
|
|-weather|RainDance|[upkeep]
|upkeep
|turn|23
|
|t:|1769392115
|move|p1a: Pelipper|Surf|p2a: Corviknight
|-damage|p2a: Corviknight|44/100
|move|p2a: Corviknight|Brave Bird|p1a: Pelipper
|-damage|p1a: Pelipper|45/100
|-damage|p2a: Corviknight|33/100|[from] Recoil
|
|-weather|RainDance|[upkeep]
|upkeep
|turn|24
|
|t:|1769392123
|switch|p2a: Ogerpon|Ogerpon-Wellspring, F|9/100
|move|p1a: Pelipper|Roost|p1a: Pelipper
|-heal|p1a: Pelipper|95/100
|-singleturn|p1a: Pelipper|move: Roost
|
|-weather|none
|upkeep
|turn|25
|
|t:|1769392136
|switch|p1a: Toxicroak|Toxicroak, F|51/100
|-damage|p1a: Toxicroak|44/100|[from] Stealth Rock
|move|p2a: Ogerpon|Power Whip|p1a: Toxicroak
|-resisted|p1a: Toxicroak
|-damage|p1a: Toxicroak|11/100
|
|upkeep
|turn|26
|
|t:|1769392159
|move|p2a: Ogerpon|Trailblaze|p1a: Toxicroak
|-resisted|p1a: Toxicroak
|-damage|p1a: Toxicroak|0 fnt
|-boost|p2a: Ogerpon|spe|1
|faint|p1a: Toxicroak
|
|upkeep
|
|t:|1769392164
|switch|p1a: Pelipper|Pelipper, F|95/100
|-damage|p1a: Pelipper|70/100|[from] Stealth Rock
|-weather|RainDance|[from] ability: Drizzle|[of] p1a: Pelipper
|turn|27
|
|t:|1769392170
|move|p2a: Ogerpon|Power Whip|p1a: Pelipper
|-damage|p1a: Pelipper|0 fnt
|faint|p1a: Pelipper
|
|-weather|RainDance|[upkeep]
|upkeep
|
|t:|1769392174
|switch|p1a: Ludicolo|Ludicolo, M, tera:Water|27/100
|-damage|p1a: Ludicolo|15/100|[from] Stealth Rock
|turn|28
|
|t:|1769392179
|move|p2a: Ogerpon|Trailblaze|p1a: Ludicolo
|-supereffective|p1a: Ludicolo
|-damage|p1a: Ludicolo|0 fnt
|-boost|p2a: Ogerpon|spe|1
|faint|p1a: Ludicolo
|
|-weather|RainDance|[upkeep]
|upkeep
|
|t:|1769392181
|switch|p1a: Basculegion|Basculegion, M|88/100
|-damage|p1a: Basculegion|76/100|[from] Stealth Rock
|turn|29
|
|t:|1769392185
|move|p2a: Ogerpon|Knock Off|p1a: Basculegion
|-supereffective|p1a: Basculegion
|-damage|p1a: Basculegion|0 fnt
|-enditem|p1a: Basculegion|Choice Band|[from] move: Knock Off|[of] p2a: Ogerpon
|faint|p1a: Basculegion
|
|-weather|RainDance|[upkeep]
|upkeep
|-message|Air Glider forfeited.
|
|win|chibi tanjiro
|raw|Air Glider's rating: 1465 &rarr; <strong>1448</strong><br />(-17 for losing)
|raw|chibi tanjiro's rating: 1523 &rarr; <strong>1540</strong><br />(+17 for winning)
