|j|☆Xmas Arc
|j|☆Berdlylover123
|t:|1769388595
|gametype|singles
|player|p1|Xmas Arc|blue|1131
|player|p2|Berdlylover123|170|1070
|gen|9
|tier|[Gen 9] OU
|rated|
|rule|HP Percentage Mod: HP is shown in percentages
|rule|Endless Battle Clause: Forcing endless battles is banned
|rule|Species Clause: Limit one of each Pokémon
|rule|OHKO Clause: OHKO moves are banned
|rule|Evasion Items Clause: Evasion items are banned
|rule|Evasion Moves Clause: Evasion moves are banned
|rule|Evasion Abilities Clause: Evasion abilities are banned
|rule|Sleep Moves Clause: Sleep-inducing moves are banned
|clearpoke
|poke|p1|Dragonite, M|
|poke|p1|Corviknight, M|
|poke|p1|Darkrai|
|poke|p1|Blaziken, F|
|poke|p1|Ogerpon-Wellspring, F|
|poke|p1|Weezing-Galar, M|
|poke|p2|Lokix, M|
|poke|p2|Hydrapple, M|
|poke|p2|Slowking-Galar, M|
|poke|p2|Tornadus-Therian, M|
|poke|p2|Cinderace, M|
|poke|p2|Great Tusk|
|teampreview
|
|t:|1769388611
|teamsize|p1|6
|teamsize|p2|6
|start
|switch|p1a: Dragonite|Dragonite, M|100/100
|switch|p2a: Cinderace|Cinderace, M|100/100
|turn|1
|
|t:|1769388623
|move|p2a: Cinderace|Will-O-Wisp|p1a: Dragonite
|-status|p1a: Dragonite|brn
|move|p1a: Dragonite|Dragon Dance|p1a: Dragonite
|-boost|p1a: Dragonite|atk|1
|-boost|p1a: Dragonite|spe|1
|
|-damage|p1a: Dragonite|94/100 brn|[from] brn
|upkeep
|turn|2
|
|t:|1769388630
|move|p1a: Dragonite|Dragon Dance|p1a: Dragonite
|-boost|p1a: Dragonite|atk|1
|-boost|p1a: Dragonite|spe|1
|move|p2a: Cinderace|U-turn|p1a: Dragonite
|-resisted|p1a: Dragonite
|-damage|p1a: Dragonite|82/100 brn
|
|t:|1769388639
|switch|p2a: Lokix|Lokix, M|100/100|[from] U-turn
|
|-damage|p1a: Dragonite|76/100 brn|[from] brn
|upkeep
|turn|3
|
|t:|1769388661
|move|p1a: Dragonite|Extreme Speed|p2a: Lokix
|-damage|p2a: Lokix|55/100
|move|p2a: Lokix|First Impression|p1a: Dragonite
|-resisted|p1a: Dragonite
|-damage|p1a: Dragonite|8/100 brn
|
|-damage|p1a: Dragonite|2/100 brn|[from] brn
|upkeep
|turn|4
|
|t:|1769388690
|switch|p2a: Great Tusk|Great Tusk|100/100
|move|p1a: Dragonite|Extreme Speed|p2a: Great Tusk
|-damage|p2a: Great Tusk|80/100
|-damage|p1a: Dragonite|0 fnt|[from] item: Rocky Helmet|[of] p2a: Great Tusk
|faint|p1a: Dragonite
|
|upkeep
|inactive|Battle timer is ON: inactive players will automatically lose when time's up. (requested by Berdlylover123)
|
|t:|1769388716
|switch|p1a: Fiona|Ogerpon-Wellspring, F|100/100
|turn|5
|
|t:|1769388734
|-end|p2a: Great Tusk|Protosynthesis|[silent]
|switch|p2a: Tornadus|Tornadus-Therian, M|100/100
|move|p1a: Fiona|Ivy Cudgel|p2a: Tornadus|[anim] Ivy Cudgel Water
|-crit|p2a: Tornadus
|-damage|p2a: Tornadus|0 fnt
|faint|p2a: Tornadus
|
|upkeep
|
|t:|1769388738
|switch|p2a: Lokix|Lokix, M|55/100
|turn|6
|
|t:|1769388758
|-terastallize|p1a: Fiona|Water
|detailschange|p1a: Fiona|Ogerpon-Wellspring-Tera, F, tera:Water
|-ability|p1a: Fiona|Embody Aspect (Wellspring)|boost
|-boost|p1a: Fiona|spd|1
|move|p2a: Lokix|First Impression|p1a: Fiona
|-damage|p1a: Fiona|12/100
|move|p1a: Fiona|U-turn|p2a: Lokix
|-supereffective|p2a: Lokix
|-damage|p2a: Lokix|0 fnt
|faint|p2a: Lokix
|inactive|Xmas Arc has 120 seconds left.
|
|t:|1769388775
|switch|p1a: Zeta|Darkrai|100/100|[from] U-turn
|
|upkeep
|
|t:|1769388779
|switch|p2a: Cinderace|Cinderace, M|100/100
|turn|7
|inactive|Xmas Arc has 120 seconds left.
|
|t:|1769388797
|move|p1a: Zeta|Dark Pulse|p2a: Cinderace
|-damage|p2a: Cinderace|14/100
|-damage|p1a: Zeta|91/100|[from] item: Life Orb
|move|p2a: Cinderace|U-turn|p1a: Zeta
|-supereffective|p1a: Zeta
|-damage|p1a: Zeta|25/100
|
|t:|1769388813
|switch|p2a: Hydrapple|Hydrapple, M|100/100|[from] U-turn
|
|upkeep
|turn|8
|
|t:|1769388824
|move|p1a: Zeta|Ice Beam|p2a: Hydrapple
|-supereffective|p2a: Hydrapple
|-damage|p2a: Hydrapple|0 fnt
|faint|p2a: Hydrapple
|-damage|p1a: Zeta|15/100|[from] item: Life Orb
|
|upkeep
|-message|Berdlylover123 forfeited.
|
|win|Xmas Arc
|raw|Xmas Arc's rating: 1131 &rarr; <strong>1152</strong><br />(+21 for winning)
|raw|Berdlylover123's rating: 1070 &rarr; <strong>1053</strong><br />(-17 for losing)
|l|☆Berdlylover123
|player|p2|
