|j|‽tiocheech
|j|☆CambridgeFoulPlay
|t:|1769364858
|gametype|singles
|player|p1|tiocheech|hilbert|1618
|player|p2|CambridgeFoulPlay|266|1719
|gen|9
|tier|[Gen 9] OU
|rated|
|rule|HP Percentage Mod: HP is shown in percentages
|rule|Endless Battle Clause: Forcing endless battles is banned
|rule|Species Clause: Limit one of each Pokémon
|rule|OHKO Clause: OHKO moves are banned
|rule|Evasion Items Clause: Evasion items are banned
|rule|Evasion Moves Clause: Evasion moves are banned
|rule|Evasion Abilities Clause: Evasion abilities are banned
|rule|Sleep Moves Clause: Sleep-inducing moves are banned
|clearpoke
|poke|p1|Slowking-Galar, F|
|poke|p1|Zamazenta-*|
|poke|p1|Corviknight, F|
|poke|p1|Iron Valiant|
|poke|p1|Iron Crown|
|poke|p1|Cinderace, M|
|poke|p2|Hydrapple, M|
|poke|p2|Tyranitar, F|
|poke|p2|Moltres|
|poke|p2|Zamazenta-*|
|poke|p2|Slowking-Galar, F|
|poke|p2|Excadrill, F|
|teampreview
|c|☆CambridgeFoulPlay|hf
|inactive|Battle timer is ON: inactive players will automatically lose when time's up. (requested by CambridgeFoulPlay)
|
|t:|1769364865
|teamsize|p1|6
|teamsize|p2|6
|start
|switch|p1a: Cinderace|Cinderace, M|100/100
|switch|p2a: Zamazenta|Zamazenta|100/100
|-ability|p2a: Zamazenta|Dauntless Shield|boost
|-boost|p2a: Zamazenta|def|1
|turn|1
|j| Samurajen
|
|t:|1769364873
|switch|p1a: Iron Valiant|Iron Valiant|100/100
|move|p2a: Zamazenta|Body Press|p1a: Iron Valiant
|-resisted|p1a: Iron Valiant
|-damage|p1a: Iron Valiant|66/100
|
|upkeep
|turn|2
|
|t:|1769364876
|switch|p2a: Slowking|Slowking-Galar, F|100/100
|move|p1a: Iron Valiant|Moonblast|p2a: Slowking
|-resisted|p2a: Slowking
|-damage|p2a: Slowking|82/100
|
|upkeep
|turn|3
|
|t:|1769364890
|-end|p1a: Iron Valiant|Quark Drive|[silent]
|switch|p1a: Slowking|Slowking-Galar, F|100/100
|move|p2a: Slowking|Psyshock|p1a: Slowking
|-damage|p1a: Slowking|66/100
|
|upkeep
|turn|4
|
|t:|1769364894
|move|p2a: Slowking|Psyshock|p1a: Slowking
|-damage|p1a: Slowking|33/100
|move|p1a: Slowking|Psyshock|p2a: Slowking
|-damage|p2a: Slowking|55/100
|
|upkeep
|turn|5
|
|t:|1769364898
|switch|p1a: Iron Crown|Iron Crown|100/100
|move|p2a: Slowking|Psyshock|p1a: Iron Crown
|-resisted|p1a: Iron Crown
|-damage|p1a: Iron Crown|93/100
|
|upkeep
|turn|6
|
|t:|1769364903
|move|p1a: Iron Crown|Volt Switch|p2a: Slowking
|-damage|p2a: Slowking|38/100
|
|t:|1769364913
|-end|p1a: Iron Crown|Quark Drive|[silent]
|switch|p1a: Cinderace|Cinderace, M|100/100|[from] Volt Switch
|move|p2a: Slowking|Flamethrower|p1a: Cinderace
|-resisted|p1a: Cinderace
|-damage|p1a: Cinderace|85/100
|
|upkeep
|turn|7
|
|t:|1769364916
|switch|p2a: Moltres|Moltres|100/100
|move|p1a: Cinderace|Pyro Ball|p2a: Moltres
|-resisted|p2a: Moltres
|-damage|p2a: Moltres|80/100
|
|upkeep
|turn|8
|
|t:|1769364922
|switch|p1a: Slowking|Slowking-Galar, F|67/100
|move|p2a: Moltres|Flamethrower|p1a: Slowking
|-damage|p1a: Slowking|48/100
|-status|p1a: Slowking|brn
|
|-damage|p1a: Slowking|42/100 brn|[from] brn
|upkeep
|turn|9
|
|t:|1769364925
|move|p2a: Moltres|Flamethrower|p1a: Slowking
|-damage|p1a: Slowking|25/100 brn
|move|p1a: Slowking|Psyshock|p2a: Moltres
|-damage|p2a: Moltres|54/100
|
|-damage|p1a: Slowking|19/100 brn|[from] brn
|upkeep
|turn|10
|
|t:|1769364935
|switch|p1a: Zamazenta|Zamazenta|100/100
|-ability|p1a: Zamazenta|Dauntless Shield|boost
|-boost|p1a: Zamazenta|def|1
|move|p2a: Moltres|Flamethrower|p1a: Zamazenta
|-damage|p1a: Zamazenta|69/100
|
|upkeep
|turn|11
|
|t:|1769364940
|switch|p2a: Zamazenta|Zamazenta|100/100
|move|p1a: Zamazenta|Wild Charge|p2a: Zamazenta
|-damage|p2a: Zamazenta|69/100
|-damage|p1a: Zamazenta|61/100|[from] Recoil
|
|-heal|p2a: Zamazenta|75/100|[from] item: Leftovers
|upkeep
|turn|12
|
|t:|1769364944
|switch|p1a: Iron Valiant|Iron Valiant|66/100
|switch|p2a: Slowking|Slowking-Galar, F|71/100
|
|upkeep
|turn|13
|
|t:|1769364961
|-terastallize|p1a: Iron Valiant|Ghost
|move|p1a: Iron Valiant|Shadow Ball|p2a: Slowking
|-supereffective|p2a: Slowking
|-crit|p2a: Slowking
|-damage|p2a: Slowking|0 fnt
|faint|p2a: Slowking
|
|upkeep
|
|t:|1769364964
|switch|p2a: Tyranitar|Tyranitar, F|100/100
|-weather|Sandstorm|[from] ability: Sand Stream|[of] p2a: Tyranitar
|turn|14
|
|t:|1769364969
|-end|p1a: Iron Valiant|Quark Drive|[silent]
|switch|p1a: Zamazenta|Zamazenta|61/100
|move|p2a: Tyranitar|Stealth Rock|p1a: Zamazenta
|-sidestart|p1: tiocheech|move: Stealth Rock
|
|-weather|Sandstorm|[upkeep]
|-damage|p1a: Zamazenta|55/100|[from] Sandstorm
|upkeep
|turn|15
|
|t:|1769364974
|switch|p2a: Moltres|Moltres|54/100
|move|p1a: Zamazenta|Wild Charge|p2a: Moltres
|-supereffective|p2a: Moltres
|-damage|p2a: Moltres|0 fnt
|faint|p2a: Moltres
|-damage|p1a: Zamazenta|39/100|[from] Recoil
|
|-weather|Sandstorm|[upkeep]
|-damage|p1a: Zamazenta|32/100|[from] Sandstorm
|upkeep
|
|t:|1769364976
|switch|p2a: Zamazenta|Zamazenta|75/100
|turn|16
|
|t:|1769364981
|switch|p1a: Iron Valiant|Iron Valiant, tera:Ghost|66/100
|-damage|p1a: Iron Valiant|54/100|[from] Stealth Rock
|move|p2a: Zamazenta|Iron Defense|p2a: Zamazenta
|-boost|p2a: Zamazenta|def|2
|
|-weather|Sandstorm|[upkeep]
|-damage|p2a: Zamazenta|69/100|[from] Sandstorm
|-damage|p1a: Iron Valiant|48/100|[from] Sandstorm
|-heal|p2a: Zamazenta|75/100|[from] item: Leftovers
|upkeep
|turn|17
|
|t:|1769364983
|move|p2a: Zamazenta|Crunch|p1a: Iron Valiant
|-supereffective|p1a: Iron Valiant
|-damage|p1a: Iron Valiant|0 fnt
|faint|p1a: Iron Valiant
|-end|p1a: Iron Valiant|Quark Drive|[silent]
|
|-weather|Sandstorm|[upkeep]
|-damage|p2a: Zamazenta|69/100|[from] Sandstorm
|-heal|p2a: Zamazenta|75/100|[from] item: Leftovers
|upkeep
|
|t:|1769364990
|switch|p1a: Iron Crown|Iron Crown|93/100
|-damage|p1a: Iron Crown|86/100|[from] Stealth Rock
|turn|18
|
|t:|1769364992
|-terastallize|p2a: Zamazenta|Fire
|move|p2a: Zamazenta|Body Press|p1a: Iron Crown
|-damage|p1a: Iron Crown|5/100
|move|p1a: Iron Crown|Psychic Noise|p2a: Zamazenta
|-damage|p2a: Zamazenta|26/100
|-start|p2a: Zamazenta|move: Heal Block
|
|-weather|Sandstorm|[upkeep]
|-damage|p2a: Zamazenta|20/100|[from] Sandstorm
|upkeep
|turn|19
|
|t:|1769365003
|move|p2a: Zamazenta|Body Press|p1a: Iron Crown
|-damage|p1a: Iron Crown|0 fnt
|faint|p1a: Iron Crown
|-end|p1a: Iron Crown|Quark Drive|[silent]
|
|-weather|Sandstorm|[upkeep]
|-damage|p2a: Zamazenta|13/100|[from] Sandstorm
|-end|p2a: Zamazenta|move: Heal Block
|upkeep
|
|t:|1769365009
|switch|p1a: Cinderace|Cinderace, M|85/100
|turn|20
|
|t:|1769365011
|move|p1a: Cinderace|Sucker Punch|p2a: Zamazenta
|-start|p1a: Cinderace|typechange|Dark|[from] ability: Libero
|-damage|p2a: Zamazenta|0 fnt
|faint|p2a: Zamazenta
|
|-weather|Sandstorm|[upkeep]
|-damage|p1a: Cinderace|79/100|[from] Sandstorm
|upkeep
|
|t:|1769365014
|switch|p2a: Hydrapple|Hydrapple, M|100/100
|turn|21
|
|t:|1769365016
|move|p1a: Cinderace|U-turn|p2a: Hydrapple
|-supereffective|p2a: Hydrapple
|-damage|p2a: Hydrapple|71/100
|
|t:|1769365021
|switch|p1a: Slowking|Slowking-Galar, F|52/100 brn|[from] U-turn
|-damage|p1a: Slowking|39/100 brn|[from] Stealth Rock
|move|p2a: Hydrapple|Fickle Beam|p1a: Slowking
|-damage|p1a: Slowking|22/100 brn
|
|-weather|none
|-damage|p1a: Slowking|15/100 brn|[from] brn
|upkeep
|turn|22
|
|t:|1769365023
|switch|p1a: Corviknight|Corviknight, F|100/100
|-damage|p1a: Corviknight|88/100|[from] Stealth Rock
|-ability|p1a: Corviknight|Pressure
|move|p2a: Hydrapple|Fickle Beam|p1a: Corviknight
|-resisted|p1a: Corviknight
|-damage|p1a: Corviknight|72/100
|
|upkeep
|turn|23
|
|t:|1769365030
|switch|p2a: Tyranitar|Tyranitar, F|100/100
|-weather|Sandstorm|[from] ability: Sand Stream|[of] p2a: Tyranitar
|move|p1a: Corviknight|Defog|p2a: Tyranitar
|-unboost|p2a: Tyranitar|evasion|1
|-sideend|p1: tiocheech|Stealth Rock|[from] move: Defog|[of] p1a: Corviknight
|
|-weather|Sandstorm|[upkeep]
|upkeep
|turn|24
|
|t:|1769365033
|move|p1a: Corviknight|U-turn|p2a: Tyranitar
|-supereffective|p2a: Tyranitar
|-damage|p2a: Tyranitar|78/100
|
|t:|1769365039
|switch|p1a: Zamazenta|Zamazenta|32/100|[from] U-turn
|move|p2a: Tyranitar|Thunder Wave|p1a: Zamazenta
|-status|p1a: Zamazenta|par
|
|-weather|Sandstorm|[upkeep]
|-damage|p1a: Zamazenta|26/100 par|[from] Sandstorm
|upkeep
|turn|25
|
|t:|1769365041
|move|p1a: Zamazenta|Close Combat|p2a: Tyranitar
|-supereffective|p2a: Tyranitar
|-damage|p2a: Tyranitar|0 fnt
|-unboost|p1a: Zamazenta|def|1
|-unboost|p1a: Zamazenta|spd|1
|faint|p2a: Tyranitar
|
|-weather|Sandstorm|[upkeep]
|-damage|p1a: Zamazenta|20/100 par|[from] Sandstorm
|upkeep
|
|t:|1769365044
|switch|p2a: Excadrill|Excadrill, F|100/100
|-item|p2a: Excadrill|Air Balloon
|turn|26
|
|t:|1769365055
|move|p2a: Excadrill|Swords Dance|p2a: Excadrill
|-boost|p2a: Excadrill|atk|2
|move|p1a: Zamazenta|Close Combat|p2a: Excadrill
|-supereffective|p2a: Excadrill
|-damage|p2a: Excadrill|0 fnt
|-unboost|p1a: Zamazenta|def|1
|-unboost|p1a: Zamazenta|spd|1
|-enditem|p2a: Excadrill|Air Balloon
|faint|p2a: Excadrill
|
|-weather|Sandstorm|[upkeep]
|-damage|p1a: Zamazenta|14/100 par|[from] Sandstorm
|upkeep
|
|t:|1769365058
|switch|p2a: Hydrapple|Hydrapple, M|100/100
|turn|27
|
|t:|1769365060
|cant|p1a: Zamazenta|par
|move|p2a: Hydrapple|Nasty Plot|p2a: Hydrapple
|-boost|p2a: Hydrapple|spa|2
|
|-weather|Sandstorm|[upkeep]
|-damage|p1a: Zamazenta|8/100 par|[from] Sandstorm
|-damage|p2a: Hydrapple|94/100|[from] Sandstorm
|upkeep
|turn|28
|
|t:|1769365062
|move|p1a: Zamazenta|Close Combat|p2a: Hydrapple
|-damage|p2a: Hydrapple|40/100
|-unboost|p1a: Zamazenta|def|1
|-unboost|p1a: Zamazenta|spd|1
|move|p2a: Hydrapple|Fickle Beam|p1a: Zamazenta|[anim] Fickle Beam All Out
|-activate|p2a: Hydrapple|move: Fickle Beam
|-damage|p1a: Zamazenta|0 fnt
|faint|p1a: Zamazenta
|
|-weather|Sandstorm|[upkeep]
|-damage|p2a: Hydrapple|33/100|[from] Sandstorm
|upkeep
|
|t:|1769365066
|switch|p1a: Cinderace|Cinderace, M|79/100
|turn|29
|
|t:|1769365067
|move|p1a: Cinderace|Pyro Ball|p2a: Hydrapple
|-damage|p2a: Hydrapple|0 fnt
|faint|p2a: Hydrapple
|
|win|tiocheech
|raw|tiocheech's rating: 1618 &rarr; <strong>1644</strong><br />(+26 for winning)
|raw|CambridgeFoulPlay's rating: 1719 &rarr; <strong>1693</strong><br />(-26 for losing)
|c|☆CambridgeFoulPlay|gg
