|j|☆shorby
|j|☆Ra9003
|t:|1769415494
|gametype|singles
|player|p1|shorby|101|1221
|player|p2|Ra9003|2|1307
|gen|9
|tier|[Gen 9] OU
|rated|
|rule|HP Percentage Mod: HP is shown in percentages
|rule|Endless Battle Clause: Forcing endless battles is banned
|rule|Species Clause: Limit one of each Pokémon
|rule|OHKO Clause: OHKO moves are banned
|rule|Evasion Items Clause: Evasion items are banned
|rule|Evasion Moves Clause: Evasion moves are banned
|rule|Evasion Abilities Clause: Evasion abilities are banned
|rule|Sleep Moves Clause: Sleep-inducing moves are banned
|clearpoke
|poke|p1|Ogerpon-Wellspring, F|
|poke|p1|Great Tusk|
|poke|p1|Darkrai|
|poke|p1|Dragapult, F|
|poke|p1|Rillaboom, F|
|poke|p1|Slowking-Galar, M|
|poke|p2|Duskull, F|
|poke|p2|Great Tusk|
|poke|p2|Tinkaton, F|
|poke|p2|Samurott-Hisui, M|
|poke|p2|Cinderace, F|
|poke|p2|Ogerpon-Wellspring, F|
|teampreview
|inactive|Battle timer is ON: inactive players will automatically lose when time's up. (requested by Ra9003)
|
|t:|1769415503
|teamsize|p1|6
|teamsize|p2|6
|start
|switch|p1a: Darkrai|Darkrai|100/100
|switch|p2a: Samurott|Samurott-Hisui, M|100/100
|turn|1
|
|t:|1769415518
|move|p2a: Samurott|Sacred Sword|p1a: Darkrai
|-supereffective|p1a: Darkrai
|-damage|p1a: Darkrai|0 fnt
|faint|p1a: Darkrai
|
|upkeep
|
|t:|1769415523
|switch|p1a: Rillaboom|Rillaboom, F|100/100
|-fieldstart|move: Grassy Terrain|[from] ability: Grassy Surge|[of] p1a: Rillaboom
|turn|2
|
|t:|1769415538
|switch|p2a: Tinkaton|Tinkaton, F|100/100
|-item|p2a: Tinkaton|Air Balloon
|move|p1a: Rillaboom|U-turn|p2a: Tinkaton
|-resisted|p2a: Tinkaton
|-damage|p2a: Tinkaton|90/100
|-enditem|p2a: Tinkaton|Air Balloon
|-enditem|p1a: Rillaboom|Choice Band|[silent]|[from] ability: Pickpocket|[of] p1a: Rillaboom
|-item|p2a: Tinkaton|Choice Band|[from] ability: Pickpocket|[of] p1a: Rillaboom
|
|t:|1769415545
|switch|p1a: Great Tusk|Great Tusk|100/100|[from] U-turn
|
|-heal|p2a: Tinkaton|96/100|[from] Grassy Terrain
|upkeep
|turn|3
|
|t:|1769415552
|switch|p2a: Duskull|Duskull, F|100/100
|move|p1a: Great Tusk|Stealth Rock|p2a: Duskull
|-sidestart|p2: Ra9003|move: Stealth Rock
|
|upkeep
|turn|4
|
|t:|1769415565
|-end|p1a: Great Tusk|Protosynthesis|[silent]
|switch|p1a: Slowking|Slowking-Galar, M|100/100
|move|p2a: Duskull|Will-O-Wisp|p1a: Slowking
|-status|p1a: Slowking|brn
|
|-damage|p1a: Slowking|94/100 brn|[from] brn
|upkeep
|turn|5
|
|t:|1769415577
|switch|p2a: Samurott|Samurott-Hisui, M|100/100
|-damage|p2a: Samurott|88/100|[from] Stealth Rock
|move|p1a: Slowking|Sludge Bomb|p2a: Samurott
|-damage|p2a: Samurott|20/100
|-status|p2a: Samurott|psn
|
|-heal|p2a: Samurott|27/100 psn|[from] Grassy Terrain
|-heal|p1a: Slowking|100/100 brn|[from] Grassy Terrain
|-damage|p2a: Samurott|14/100 psn|[from] psn
|-damage|p1a: Slowking|94/100 brn|[from] brn
|upkeep
|turn|6
|
|t:|1769415588
|switch|p1a: Great Tusk|Great Tusk|100/100
|move|p2a: Samurott|Ceaseless Edge|p1a: Great Tusk
|-resisted|p1a: Great Tusk
|-damage|p1a: Great Tusk|87/100
|-damage|p2a: Samurott|0 fnt|[from] item: Rocky Helmet|[of] p1a: Great Tusk
|faint|p2a: Samurott
|
|-heal|p1a: Great Tusk|93/100|[from] Grassy Terrain
|-fieldend|move: Grassy Terrain
|upkeep
|
|t:|1769415599
|switch|p2a: Great Tusk|Great Tusk|100/100
|turn|7
|
|t:|1769415602
|-end|p1a: Great Tusk|Protosynthesis|[silent]
|switch|p1a: Dragapult|Dragapult, F|100/100
|move|p2a: Great Tusk|Knock Off|p1a: Dragapult
|-supereffective|p1a: Dragapult
|-damage|p1a: Dragapult|11/100
|-enditem|p1a: Dragapult|Choice Specs|[from] move: Knock Off|[of] p2a: Great Tusk
|
|upkeep
|turn|8
|
|t:|1769415608
|-end|p2a: Great Tusk|Protosynthesis|[silent]
|switch|p2a: Cinderace|Cinderace, F|100/100
|move|p1a: Dragapult|U-turn|p2a: Cinderace
|-resisted|p2a: Cinderace
|-damage|p2a: Cinderace|88/100
|
|t:|1769415616
|switch|p1a: Great Tusk|Great Tusk|93/100|[from] U-turn
|
|upkeep
|turn|9
|
|t:|1769415622
|move|p2a: Cinderace|U-turn|p1a: Great Tusk
|-start|p2a: Cinderace|typechange|Bug|[from] ability: Libero
|-resisted|p1a: Great Tusk
|-damage|p1a: Great Tusk|83/100
|-damage|p2a: Cinderace|71/100|[from] item: Rocky Helmet|[of] p1a: Great Tusk
|
|t:|1769415624
|switch|p2a: Duskull|Duskull, F|100/100|[from] U-turn
|-damage|p2a: Duskull|88/100|[from] Stealth Rock
|move|p1a: Great Tusk|Rapid Spin|p2a: Duskull
|-immune|p2a: Duskull
|
|upkeep
|turn|10
|
|t:|1769415631
|-end|p1a: Great Tusk|Protosynthesis|[silent]
|switch|p1a: Dragapult|Dragapult, F|11/100
|move|p2a: Duskull|Night Shade|p1a: Dragapult
|-damage|p1a: Dragapult|0 fnt
|faint|p1a: Dragapult
|
|upkeep
|
|t:|1769415636
|switch|p1a: Slowking|Slowking-Galar, M|100/100 brn
|turn|11
|
|t:|1769415640
|switch|p2a: Tinkaton|Tinkaton, F|96/100
|-damage|p2a: Tinkaton|90/100|[from] Stealth Rock
|move|p1a: Slowking|Psyshock|p2a: Tinkaton
|-resisted|p2a: Tinkaton
|-damage|p2a: Tinkaton|71/100
|
|-damage|p1a: Slowking|94/100 brn|[from] brn
|upkeep
|turn|12
|
|t:|1769415646
|move|p2a: Tinkaton|Stealth Rock|p1a: Slowking
|-sidestart|p1: shorby|move: Stealth Rock
|move|p1a: Slowking|Flamethrower|p2a: Tinkaton
|-supereffective|p2a: Tinkaton
|-damage|p2a: Tinkaton|26/100
|
|-damage|p1a: Slowking|88/100 brn|[from] brn
|upkeep
|turn|13
|
|t:|1769415652
|switch|p2a: Cinderace|Cinderace, F|71/100
|move|p1a: Slowking|Flamethrower|p2a: Cinderace
|-resisted|p2a: Cinderace
|-damage|p2a: Cinderace|51/100
|
|-damage|p1a: Slowking|82/100 brn|[from] brn
|upkeep
|turn|14
|
|t:|1769415660
|move|p2a: Cinderace|U-turn|p1a: Slowking
|-start|p2a: Cinderace|typechange|Bug|[from] ability: Libero
|-crit|p1a: Slowking
|-damage|p1a: Slowking|31/100 brn
|
|t:|1769415662
|switch|p2a: Tinkaton|Tinkaton, F|26/100|[from] U-turn
|-damage|p2a: Tinkaton|20/100|[from] Stealth Rock
|move|p1a: Slowking|Sludge Bomb|p2a: Tinkaton
|-immune|p2a: Tinkaton
|
|-damage|p1a: Slowking|25/100 brn|[from] brn
|upkeep
|turn|15
|
|t:|1769415668
|switch|p1a: Great Tusk|Great Tusk|83/100
|-damage|p1a: Great Tusk|80/100|[from] Stealth Rock
|move|p2a: Tinkaton|Gigaton Hammer|p1a: Great Tusk
|-damage|p1a: Great Tusk|39/100
|
|upkeep
|turn|16
|
|t:|1769415673
|switch|p2a: Duskull|Duskull, F|88/100
|-damage|p2a: Duskull|76/100|[from] Stealth Rock
|move|p1a: Great Tusk|Rapid Spin|p2a: Duskull
|-immune|p2a: Duskull
|
|upkeep
|turn|17
|
|t:|1769415679
|move|p1a: Great Tusk|Headlong Rush|p2a: Duskull
|-immune|p2a: Duskull|[from] ability: Levitate
|move|p2a: Duskull|Night Shade|p1a: Great Tusk
|-damage|p1a: Great Tusk|16/100
|
|upkeep
|turn|18
|
|t:|1769415683
|move|p1a: Great Tusk|Ice Spinner|p2a: Duskull
|-damage|p2a: Duskull|59/100
|move|p2a: Duskull|Night Shade|p1a: Great Tusk
|-damage|p1a: Great Tusk|0 fnt
|faint|p1a: Great Tusk
|-end|p1a: Great Tusk|Protosynthesis|[silent]
|
|upkeep
|
|t:|1769415687
|switch|p1a: Ogerpon|Ogerpon-Wellspring, F|100/100
|-damage|p1a: Ogerpon|88/100|[from] Stealth Rock
|turn|19
|
|t:|1769415698
|move|p1a: Ogerpon|Knock Off|p2a: Duskull
|-supereffective|p2a: Duskull
|-damage|p2a: Duskull|7/100
|-enditem|p2a: Duskull|Eviolite|[from] move: Knock Off|[of] p1a: Ogerpon
|move|p2a: Duskull|Rest|p2a: Duskull
|-status|p2a: Duskull|slp|[from] move: Rest
|-heal|p2a: Duskull|100/100 slp|[silent]
|
|upkeep
|turn|20
|
|t:|1769415702
|move|p1a: Ogerpon|Swords Dance|p1a: Ogerpon
|-boost|p1a: Ogerpon|atk|2
|cant|p2a: Duskull|slp
|move|p2a: Duskull|Sleep Talk|p2a: Duskull
|move|p2a: Duskull|Rest||[from] move: Sleep Talk|[still]
|-fail|p2a: Duskull
|
|upkeep
|turn|21
|
|t:|1769415709
|move|p1a: Ogerpon|Ivy Cudgel|p2a: Duskull|[anim] Ivy Cudgel Water
|-damage|p2a: Duskull|0 fnt
|faint|p2a: Duskull
|
|upkeep
|
|t:|1769415712
|switch|p2a: Cinderace|Cinderace, F|51/100
|turn|22
|
|t:|1769415716
|-terastallize|p1a: Ogerpon|Water
|detailschange|p1a: Ogerpon|Ogerpon-Wellspring-Tera, F, tera:Water
|-ability|p1a: Ogerpon|Embody Aspect (Wellspring)|boost
|-boost|p1a: Ogerpon|spd|1
|move|p2a: Cinderace|U-turn|p1a: Ogerpon
|-start|p2a: Cinderace|typechange|Bug|[from] ability: Libero
|-damage|p1a: Ogerpon|42/100
|
|t:|1769415724
|switch|p2a: Tinkaton|Tinkaton, F|20/100|[from] U-turn
|-damage|p2a: Tinkaton|14/100|[from] Stealth Rock
|move|p1a: Ogerpon|Ivy Cudgel|p2a: Tinkaton|[anim] Ivy Cudgel Water
|-damage|p2a: Tinkaton|0 fnt
|faint|p2a: Tinkaton
|
|upkeep
|
|t:|1769415727
|switch|p2a: Cinderace|Cinderace, F|51/100
|turn|23
|
|t:|1769415734
|move|p2a: Cinderace|U-turn|p1a: Ogerpon
|-start|p2a: Cinderace|typechange|Bug|[from] ability: Libero
|-damage|p1a: Ogerpon|0 fnt
|faint|p1a: Ogerpon
|detailschange|p1: Ogerpon|Ogerpon-Wellspring, F|[silent]
|
|t:|1769415743
|switch|p2a: Great Tusk|Great Tusk|100/100|[from] U-turn
|
|upkeep
|
|t:|1769415747
|switch|p1a: Rillaboom|Rillaboom, F|100/100
|-damage|p1a: Rillaboom|88/100|[from] Stealth Rock
|-fieldstart|move: Grassy Terrain|[from] ability: Grassy Surge|[of] p1a: Rillaboom
|turn|24
|
|t:|1769415752
|-end|p2a: Great Tusk|Protosynthesis|[silent]
|switch|p2a: Cinderace|Cinderace, F|51/100
|move|p1a: Rillaboom|Wood Hammer|p2a: Cinderace
|-resisted|p2a: Cinderace
|-damage|p2a: Cinderace|0 fnt
|faint|p2a: Cinderace
|-damage|p1a: Rillaboom|74/100|[from] Recoil
|
|-heal|p1a: Rillaboom|80/100|[from] Grassy Terrain
|upkeep
|
|t:|1769415756
|switch|p2a: Ogerpon|Ogerpon-Wellspring, F|100/100
|-damage|p2a: Ogerpon|88/100|[from] Stealth Rock
|turn|25
|
|t:|1769415765
|move|p2a: Ogerpon|Ivy Cudgel|p1a: Rillaboom|[anim] Ivy Cudgel Water
|-resisted|p1a: Rillaboom
|-damage|p1a: Rillaboom|45/100
|move|p1a: Rillaboom|Wood Hammer|p2a: Ogerpon
|-damage|p2a: Ogerpon|0 fnt
|faint|p2a: Ogerpon
|-damage|p1a: Rillaboom|19/100|[from] Recoil
|
|-heal|p1a: Rillaboom|25/100|[from] Grassy Terrain
|upkeep
|
|t:|1769415770
|switch|p2a: Great Tusk|Great Tusk|100/100
|turn|26
|
|t:|1769415778
|move|p1a: Rillaboom|Grassy Glide|p2a: Great Tusk
|-supereffective|p2a: Great Tusk
|-damage|p2a: Great Tusk|42/100
|move|p2a: Great Tusk|Ice Spinner|p1a: Rillaboom
|-supereffective|p1a: Rillaboom
|-damage|p1a: Rillaboom|0 fnt
|-fieldend|move: Grassy Terrain
|faint|p1a: Rillaboom
|
|upkeep
|
|t:|1769415782
|switch|p1a: Slowking|Slowking-Galar, M|58/100 brn
|-damage|p1a: Slowking|46/100 brn|[from] Stealth Rock
|turn|27
|
|t:|1769415785
|move|p2a: Great Tusk|Headlong Rush|p1a: Slowking
|-supereffective|p1a: Slowking
|-damage|p1a: Slowking|0 fnt
|-unboost|p2a: Great Tusk|def|1
|-unboost|p2a: Great Tusk|spd|1
|faint|p1a: Slowking
|
|win|Ra9003
|raw|shorby's rating: 1221 &rarr; <strong>1202</strong><br />(-19 for losing)
|raw|Ra9003's rating: 1307 &rarr; <strong>1322</strong><br />(+15 for winning)
|l|☆Ra9003
|player|p2|
|l|☆shorby
|player|p1|
