|j|☆bluemotions
|j|☆bababablackmareep
|t:|1769384642
|gametype|singles
|player|p1|bluemotions|blue|1197
|player|p2|bababablackmareep|bruno|1190
|gen|9
|tier|[Gen 9] OU
|rated|
|rule|HP Percentage Mod: HP is shown in percentages
|rule|Endless Battle Clause: Forcing endless battles is banned
|rule|Species Clause: Limit one of each Pokémon
|rule|OHKO Clause: OHKO moves are banned
|rule|Evasion Items Clause: Evasion items are banned
|rule|Evasion Moves Clause: Evasion moves are banned
|rule|Evasion Abilities Clause: Evasion abilities are banned
|rule|Sleep Moves Clause: Sleep-inducing moves are banned
|clearpoke
|poke|p1|Mimikyu, M|
|poke|p1|Walking Wake|
|poke|p1|Latias, F|
|poke|p1|Hydreigon, F|
|poke|p1|Flareon, M|
|poke|p1|Snorlax, F|
|poke|p2|Kommo-o, F|
|poke|p2|Jirachi|
|poke|p2|Hatterene, F|
|poke|p2|Azumarill, M|
|poke|p2|Dragapult, F|
|poke|p2|Ting-Lu|
|teampreview
|c|☆bluemotions|gl hf
|
|t:|1769384666
|teamsize|p1|6
|teamsize|p2|6
|start
|switch|p1a: Walking Wake|Walking Wake|100/100
|switch|p2a: The Tower XVI|Hatterene, F, shiny|100/100
|turn|1
|
|t:|1769384700
|-end|p1a: Walking Wake|Protosynthesis|[silent]
|switch|p1a: Snorlax|Snorlax, F|100/100
|move|p2a: The Tower XVI|Dazzling Gleam|p1a: Snorlax
|-damage|p1a: Snorlax|77/100
|
|upkeep
|turn|2
|
|t:|1769384710
|move|p1a: Snorlax|Body Slam|p2a: The Tower XVI
|-damage|p2a: The Tower XVI|73/100
|-damage|p1a: Snorlax|60/100|[from] item: Rocky Helmet|[of] p2a: The Tower XVI
|move|p2a: The Tower XVI|Psychic Noise|p1a: Snorlax
|-damage|p1a: Snorlax|39/100
|-start|p1a: Snorlax|move: Heal Block
|
|upkeep
|turn|3
|
|t:|1769384738
|switch|p2a: Cosmo Canyon|Ting-Lu|100/100
|-ability|p2a: Cosmo Canyon|Vessel of Ruin
|move|p1a: Snorlax|Body Slam|p2a: Cosmo Canyon
|-damage|p2a: Cosmo Canyon|89/100
|
|-heal|p2a: Cosmo Canyon|95/100|[from] item: Leftovers
|-end|p1a: Snorlax|move: Heal Block
|upkeep
|-enditem|p1a: Snorlax|Sitrus Berry|[eat]
|-heal|p1a: Snorlax|64/100|[from] item: Sitrus Berry
|turn|4
|
|t:|1769384763
|switch|p1a: Walking Wake|Walking Wake|100/100
|move|p2a: Cosmo Canyon|Stealth Rock|p1a: Walking Wake
|-sidestart|p1: bluemotions|move: Stealth Rock
|
|-heal|p2a: Cosmo Canyon|100/100|[from] item: Leftovers
|upkeep
|turn|5
|
|t:|1769384774
|move|p1a: Walking Wake|Hydro Steam|p2a: Cosmo Canyon
|-supereffective|p2a: Cosmo Canyon
|-damage|p2a: Cosmo Canyon|15/100
|move|p2a: Cosmo Canyon|Whirlwind|p1a: Walking Wake
|-end|p1a: Walking Wake|Protosynthesis|[silent]
|drag|p1a: Hydreigon|Hydreigon, F|100/100
|-damage|p1a: Hydreigon|88/100|[from] Stealth Rock
|
|-heal|p1a: Hydreigon|94/100|[from] item: Leftovers
|-heal|p2a: Cosmo Canyon|21/100|[from] item: Leftovers
|upkeep
|turn|6
|
|t:|1769384792
|switch|p2a: The Tower XVI|Hatterene, F, shiny|73/100
|move|p1a: Hydreigon|Substitute|p1a: Hydreigon
|-start|p1a: Hydreigon|Substitute
|-damage|p1a: Hydreigon|69/100
|
|-heal|p1a: Hydreigon|76/100|[from] item: Leftovers
|upkeep
|turn|7
|
|t:|1769384803
|move|p1a: Hydreigon|Nasty Plot|p1a: Hydreigon
|-boost|p1a: Hydreigon|spa|2
|move|p2a: The Tower XVI|Dazzling Gleam|p1a: Hydreigon
|-supereffective|p1a: Hydreigon
|-end|p1a: Hydreigon|Substitute
|
|-heal|p1a: Hydreigon|82/100|[from] item: Leftovers
|upkeep
|turn|8
|
|t:|1769384838
|-terastallize|p1a: Hydreigon|Steel
|move|p1a: Hydreigon|Substitute|p1a: Hydreigon
|-start|p1a: Hydreigon|Substitute
|-damage|p1a: Hydreigon|57/100
|move|p2a: The Tower XVI|Dazzling Gleam|p1a: Hydreigon
|-resisted|p1a: Hydreigon
|-activate|p1a: Hydreigon|move: Substitute|[damage]
|
|-heal|p1a: Hydreigon|63/100|[from] item: Leftovers
|upkeep
|turn|9
|
|t:|1769384852
|move|p1a: Hydreigon|Flash Cannon|p2a: The Tower XVI
|-supereffective|p2a: The Tower XVI
|-damage|p2a: The Tower XVI|0 fnt
|faint|p2a: The Tower XVI
|
|-heal|p1a: Hydreigon|69/100|[from] item: Leftovers
|upkeep
|
|t:|1769384888
|switch|p2a: Ginger|Kommo-o, F|100/100
|turn|10
|inactive|Battle timer is ON: inactive players will automatically lose when time's up. (requested by bluemotions)
|
|t:|1769384901
|-terastallize|p2a: Ginger|Steel
|move|p1a: Hydreigon|Draco Meteor|p2a: Ginger
|-resisted|p2a: Ginger
|-damage|p2a: Ginger|22/100
|-unboost|p1a: Hydreigon|spa|2
|move|p2a: Ginger|Clangorous Soul||[still]
|-fail|p2a: Ginger
|
|-heal|p1a: Hydreigon|75/100|[from] item: Leftovers
|upkeep
|turn|11
|
|t:|1769384918
|move|p2a: Ginger|Vacuum Wave|p1a: Hydreigon
|-supereffective|p1a: Hydreigon
|-end|p1a: Hydreigon|Substitute
|-damage|p2a: Ginger|13/100|[from] item: Life Orb
|move|p1a: Hydreigon|Nasty Plot|p1a: Hydreigon
|-boost|p1a: Hydreigon|spa|2
|
|-heal|p1a: Hydreigon|81/100|[from] item: Leftovers
|upkeep
|turn|12
|
|t:|1769384928
|move|p1a: Hydreigon|Flash Cannon|p2a: Ginger
|-resisted|p2a: Ginger
|-damage|p2a: Ginger|0 fnt
|faint|p2a: Ginger
|
|-heal|p1a: Hydreigon|88/100|[from] item: Leftovers
|upkeep
|
|t:|1769384935
|switch|p2a: Meanstreak|Jirachi, shiny|100/100
|turn|13
|
|t:|1769384947
|move|p2a: Meanstreak|Fire Punch|p1a: Hydreigon
|-supereffective|p1a: Hydreigon
|-damage|p1a: Hydreigon|33/100
|-status|p1a: Hydreigon|brn
|move|p1a: Hydreigon|Substitute|p1a: Hydreigon
|-start|p1a: Hydreigon|Substitute
|-damage|p1a: Hydreigon|8/100 brn
|
|-heal|p1a: Hydreigon|14/100 brn|[from] item: Leftovers
|-damage|p1a: Hydreigon|8/100 brn|[from] brn
|upkeep
|turn|14
|
|t:|1769384962
|move|p2a: Meanstreak|Fire Punch|p1a: Hydreigon
|-supereffective|p1a: Hydreigon
|-end|p1a: Hydreigon|Substitute
|move|p1a: Hydreigon|Draco Meteor|p2a: Meanstreak
|-resisted|p2a: Meanstreak
|-damage|p2a: Meanstreak|34/100
|-unboost|p1a: Hydreigon|spa|2
|
|-heal|p1a: Hydreigon|14/100 brn|[from] item: Leftovers
|-damage|p1a: Hydreigon|8/100 brn|[from] brn
|upkeep
|turn|15
|
|t:|1769384973
|move|p2a: Meanstreak|Fire Punch|p1a: Hydreigon
|-supereffective|p1a: Hydreigon
|-damage|p1a: Hydreigon|0 fnt
|faint|p1a: Hydreigon
|
|upkeep
|
|t:|1769384995
|switch|p1a: Mimikyu|Mimikyu, M|100/100
|-damage|p1a: Mimikyu|88/100|[from] Stealth Rock
|turn|16
|
|t:|1769385003
|switch|p2a: Cosmo Canyon|Ting-Lu|21/100
|-ability|p2a: Cosmo Canyon|Vessel of Ruin
|move|p1a: Mimikyu|Swords Dance|p1a: Mimikyu
|-boost|p1a: Mimikyu|atk|2
|
|-heal|p2a: Cosmo Canyon|27/100|[from] item: Leftovers
|upkeep
|turn|17
|
|t:|1769385014
|move|p1a: Mimikyu|Play Rough|p2a: Cosmo Canyon
|-supereffective|p2a: Cosmo Canyon
|-damage|p2a: Cosmo Canyon|0 fnt
|faint|p2a: Cosmo Canyon
|-damage|p1a: Mimikyu|78/100|[from] item: Life Orb
|
|upkeep
|
|t:|1769385024
|switch|p2a: Joicepouch|Azumarill, M|100/100
|turn|18
|
|t:|1769385037
|move|p1a: Mimikyu|Shadow Claw|p2a: Joicepouch
|-damage|p2a: Joicepouch|31/100
|-enditem|p2a: Joicepouch|Sitrus Berry|[eat]
|-heal|p2a: Joicepouch|56/100|[from] item: Sitrus Berry
|-damage|p1a: Mimikyu|68/100|[from] item: Life Orb
|move|p2a: Joicepouch|Knock Off|p1a: Mimikyu
|-activate|p1a: Mimikyu|ability: Disguise
|-damage|p1a: Mimikyu|68/100
|-enditem|p1a: Mimikyu|Life Orb|[from] move: Knock Off|[of] p2a: Joicepouch
|detailschange|p1a: Mimikyu|Mimikyu-Busted, M
|-damage|p1a: Mimikyu|56/100|[from] pokemon: Mimikyu-Busted
|
|upkeep
|turn|19
|inactive|bababablackmareep has 120 seconds left.
|
|t:|1769385080
|move|p2a: Joicepouch|Aqua Jet|p1a: Mimikyu
|-damage|p1a: Mimikyu|14/100
|move|p1a: Mimikyu|Shadow Claw|p2a: Joicepouch
|-damage|p2a: Joicepouch|0 fnt
|faint|p2a: Joicepouch
|
|upkeep
|
|t:|1769385086
|switch|p2a: Meanstreak|Jirachi, shiny|34/100
|turn|20
|
|t:|1769385092
|move|p1a: Mimikyu|Shadow Sneak|p2a: Meanstreak
|-supereffective|p2a: Meanstreak
|-damage|p2a: Meanstreak|0 fnt
|faint|p2a: Meanstreak
|
|upkeep
|
|t:|1769385095
|switch|p2a: Bomber|Dragapult, F|100/100
|turn|21
|
|t:|1769385099
|move|p1a: Mimikyu|Shadow Sneak|p2a: Bomber
|-supereffective|p2a: Bomber
|-damage|p2a: Bomber|6/100
|move|p2a: Bomber|Shadow Ball|p1a: Mimikyu
|-supereffective|p1a: Mimikyu
|-damage|p1a: Mimikyu|0 fnt
|faint|p1a: Mimikyu
|
|upkeep
|
|t:|1769385110
|switch|p1a: Flareon|Flareon, M|100/100
|-damage|p1a: Flareon|76/100|[from] Stealth Rock
|turn|22
|
|t:|1769385117
|move|p2a: Bomber|Shadow Ball|p1a: Flareon
|-damage|p1a: Flareon|15/100
|move|p1a: Flareon|Flare Blitz|p2a: Bomber
|-resisted|p2a: Bomber
|-damage|p2a: Bomber|0 fnt
|faint|p2a: Bomber
|-damage|p1a: Flareon|13/100|[from] Recoil
|
|win|bluemotions
|raw|bluemotions's rating: 1197 &rarr; <strong>1221</strong><br />(+24 for winning)
|raw|bababablackmareep's rating: 1190 &rarr; <strong>1166</strong><br />(-24 for losing)
|l|☆bababablackmareep
|player|p2|
|c|☆bluemotions|hh
|l|☆bluemotions
|player|p1|
