|j|☆Ios Ho
|j|☆hazinho
|t:|1769340468
|gametype|singles
|player|p1|Ios Ho|red-masters|1384
|player|p2|hazinho|102|1364
|gen|9
|tier|[Gen 9] OU
|rated|
|rule|HP Percentage Mod: HP is shown in percentages
|rule|Endless Battle Clause: Forcing endless battles is banned
|rule|Species Clause: Limit one of each Pokémon
|rule|OHKO Clause: OHKO moves are banned
|rule|Evasion Items Clause: Evasion items are banned
|rule|Evasion Moves Clause: Evasion moves are banned
|rule|Evasion Abilities Clause: Evasion abilities are banned
|rule|Sleep Moves Clause: Sleep-inducing moves are banned
|clearpoke
|poke|p1|Ninetales, F|
|poke|p1|Great Tusk|
|poke|p1|Walking Wake|
|poke|p1|Hatterene, F|
|poke|p1|Raging Bolt|
|poke|p1|Ceruledge, F|
|poke|p2|Deoxys-Speed|
|poke|p2|Kingambit, M|
|poke|p2|Sylveon, M|
|poke|p2|Ogerpon-Wellspring, F|
|poke|p2|Weezing-Galar, M|
|poke|p2|Landorus-Therian, M|
|teampreview
|
|t:|1769340494
|teamsize|p1|6
|teamsize|p2|6
|start
|switch|p1a: Ninetales|Ninetales, F|100/100
|switch|p2a: Raillo|Landorus-Therian, M|100/100
|-ability|p2a: Raillo|Intimidate|boost
|-unboost|p1a: Ninetales|atk|1
|-weather|SunnyDay|[from] ability: Drought|[of] p1a: Ninetales
|turn|1
|
|t:|1769340500
|switch|p1a: Hatterene|Hatterene, F|100/100
|move|p2a: Raillo|Earthquake|p1a: Hatterene
|-damage|p1a: Hatterene|52/100
|-enditem|p1a: Hatterene|Eject Button
|
|t:|1769340509
|switch|p1a: Walking Wake|Walking Wake|100/100
|-activate|p1a: Walking Wake|ability: Protosynthesis
|-start|p1a: Walking Wake|protosynthesisspe
|
|-weather|SunnyDay|[upkeep]
|upkeep
|turn|2
|
|t:|1769340518
|switch|p2a: Szczesny|Weezing-Galar, M|100/100
|-ability|p2a: Szczesny|Neutralizing Gas
|move|p1a: Walking Wake|Flamethrower|p2a: Szczesny
|-damage|p2a: Szczesny|13/100
|
|-weather|SunnyDay|[upkeep]
|upkeep
|turn|3
|
|t:|1769340522
|move|p1a: Walking Wake|Flamethrower|p2a: Szczesny
|-damage|p2a: Szczesny|0 fnt
|faint|p2a: Szczesny
|-end|p2a: Szczesny|ability: Neutralizing Gas
|
|-weather|SunnyDay|[upkeep]
|upkeep
|
|t:|1769340528
|switch|p2a: Ruibal|Sylveon, M|100/100
|turn|4
|
|t:|1769340542
|-end|p1a: Walking Wake|Protosynthesis|[silent]
|switch|p1a: Hatterene|Hatterene, F|52/100
|move|p2a: Ruibal|Hyper Voice|p1a: Hatterene
|-damage|p1a: Hatterene|12/100
|
|-weather|SunnyDay|[upkeep]
|upkeep
|turn|5
|
|t:|1769340547
|move|p2a: Ruibal|Hyper Voice|p1a: Hatterene
|-damage|p1a: Hatterene|0 fnt
|faint|p1a: Hatterene
|
|-weather|SunnyDay|[upkeep]
|upkeep
|
|t:|1769340551
|switch|p1a: Ceruledge|Ceruledge, F|100/100
|turn|6
|
|t:|1769340558
|switch|p2a: Raillo|Landorus-Therian, M|100/100
|-ability|p2a: Raillo|Intimidate|boost
|-unboost|p1a: Ceruledge|atk|1
|move|p1a: Ceruledge|Swords Dance|p1a: Ceruledge
|-boost|p1a: Ceruledge|atk|2
|
|-weather|SunnyDay|[upkeep]
|upkeep
|turn|7
|
|t:|1769340569
|-terastallize|p1a: Ceruledge|Ghost
|move|p2a: Raillo|Earthquake|p1a: Ceruledge
|-damage|p1a: Ceruledge|22/100
|-ability|p1a: Ceruledge|Weak Armor|boost
|-unboost|p1a: Ceruledge|def|1
|-boost|p1a: Ceruledge|spe|2
|move|p1a: Ceruledge|Swords Dance|p1a: Ceruledge
|-boost|p1a: Ceruledge|atk|2
|
|-weather|SunnyDay|[upkeep]
|upkeep
|turn|8
|
|t:|1769340589
|switch|p2a: Fran García|Deoxys-Speed, shiny|100/100
|-ability|p2a: Fran García|Pressure
|move|p1a: Ceruledge|Bitter Blade|p2a: Fran García
|-damage|p2a: Fran García|0 fnt
|-heal|p1a: Ceruledge|64/100|[from] drain|[of] p2a: Fran García
|faint|p2a: Fran García
|
|-weather|none
|upkeep
|
|t:|1769340593
|switch|p2a: Kubo|Kingambit, M|100/100
|-activate|p2a: Kubo|ability: Supreme Overlord
|-start|p2a: Kubo|fallen2|[silent]
|turn|9
|
|t:|1769340595
|move|p1a: Ceruledge|Shadow Sneak|p2a: Kubo
|-resisted|p2a: Kubo
|-damage|p2a: Kubo|76/100
|move|p2a: Kubo|Sucker Punch||[still]
|-fail|p2a: Kubo
|
|upkeep
|turn|10
|
|t:|1769340600
|move|p1a: Ceruledge|Shadow Sneak|p2a: Kubo
|-resisted|p2a: Kubo
|-damage|p2a: Kubo|53/100
|move|p2a: Kubo|Sucker Punch||[still]
|-fail|p2a: Kubo
|
|upkeep
|turn|11
|
|t:|1769340604
|move|p1a: Ceruledge|Bitter Blade|p2a: Kubo
|-supereffective|p2a: Kubo
|-damage|p2a: Kubo|0 fnt
|-heal|p1a: Ceruledge|100/100|[from] drain|[of] p2a: Kubo
|faint|p2a: Kubo
|-end|p2a: Kubo|fallen2|[silent]
|
|upkeep
|inactive|Battle timer is ON: inactive players will automatically lose when time's up. (requested by Ios Ho)
|-message|hazinho forfeited.
|
|win|Ios Ho
|raw|Ios Ho's rating: 1384 &rarr; <strong>1403</strong><br />(+19 for winning)
|raw|hazinho's rating: 1364 &rarr; <strong>1345</strong><br />(-19 for losing)
|l|☆hazinho
|player|p2|
