|j|☆cycyrobotv
|j|☆distantmonk
|t:|1769332642
|gametype|singles
|player|p1|cycyrobotv|265|1068
|player|p2|distantmonk|li|1073
|gen|9
|tier|[Gen 9] OU
|rated|
|rule|HP Percentage Mod: HP is shown in percentages
|rule|Endless Battle Clause: Forcing endless battles is banned
|rule|Species Clause: Limit one of each Pokémon
|rule|OHKO Clause: OHKO moves are banned
|rule|Evasion Items Clause: Evasion items are banned
|rule|Evasion Moves Clause: Evasion moves are banned
|rule|Evasion Abilities Clause: Evasion abilities are banned
|rule|Sleep Moves Clause: Sleep-inducing moves are banned
|clearpoke
|poke|p1|Yanmega, M|
|poke|p1|Moltres|
|poke|p1|Hawlucha, F|
|poke|p1|Great Tusk|
|poke|p1|Raging Bolt|
|poke|p1|Lokix, F|
|poke|p2|Rillaboom, M|
|poke|p2|Lilligant-Hisui, F|
|poke|p2|Shiftry, M|
|poke|p2|Torkoal, M|
|poke|p2|Venusaur, F|
|poke|p2|Meowscarada, M|
|teampreview
|inactive|Battle timer is ON: inactive players will automatically lose when time's up. (requested by distantmonk)
|
|t:|1769332654
|teamsize|p1|6
|teamsize|p2|6
|start
|switch|p1a: ishmeal|Great Tusk|100/100
|switch|p2a: Rillaboom|Rillaboom, M|100/100
|-fieldstart|move: Grassy Terrain|[from] ability: Grassy Surge|[of] p2a: Rillaboom
|turn|1
|c|☆distantmonk|Nice...
|
|t:|1769332666
|-end|p1a: ishmeal|Protosynthesis|[silent]
|switch|p1a: the GOAT|Yanmega, M, shiny|100/100
|move|p2a: Rillaboom|Substitute|p2a: Rillaboom
|-start|p2a: Rillaboom|Substitute
|-damage|p2a: Rillaboom|75/100
|
|-heal|p2a: Rillaboom|82/100|[from] Grassy Terrain
|-heal|p2a: Rillaboom|88/100|[from] item: Leftovers
|upkeep
|turn|2
|
|t:|1769332670
|move|p1a: the GOAT|Air Slash|p2a: Rillaboom
|-supereffective|p2a: Rillaboom
|-end|p2a: Rillaboom|Substitute
|-damage|p1a: the GOAT|91/100|[from] item: Life Orb
|move|p2a: Rillaboom|Leech Seed|p1a: the GOAT
|-start|p1a: the GOAT|move: Leech Seed
|
|-heal|p2a: Rillaboom|94/100|[from] Grassy Terrain
|-heal|p2a: Rillaboom|99/100|[from] item: Leftovers
|-damage|p1a: the GOAT|78/100|[from] Leech Seed|[of] p2a: Rillaboom
|-heal|p2a: Rillaboom|100/100|[silent]
|-ability|p1a: the GOAT|Speed Boost|boost
|-boost|p1a: the GOAT|spe|1
|upkeep
|turn|3
|c|☆cycyrobotv|hmmm?
|c|☆cycyrobotv|intresting set
|c|☆distantmonk|Lol
|
|t:|1769332685
|switch|p1a: the dark knight|Lokix, F|100/100
|move|p2a: Rillaboom|Substitute|p2a: Rillaboom
|-start|p2a: Rillaboom|Substitute
|-damage|p2a: Rillaboom|75/100
|
|-heal|p2a: Rillaboom|82/100|[from] Grassy Terrain
|-heal|p2a: Rillaboom|88/100|[from] item: Leftovers
|upkeep
|turn|4
|c|☆distantmonk|Am i nor interesting enough
|
|t:|1769332695
|move|p1a: the dark knight|Knock Off|p2a: Rillaboom
|-end|p2a: Rillaboom|Substitute
|-damage|p1a: the dark knight|91/100|[from] item: Life Orb
|move|p2a: Rillaboom|Leech Seed|p1a: the dark knight
|-start|p1a: the dark knight|move: Leech Seed
|
|-heal|p1a: the dark knight|97/100|[from] Grassy Terrain
|-heal|p2a: Rillaboom|94/100|[from] Grassy Terrain
|-heal|p2a: Rillaboom|99/100|[from] item: Leftovers
|-damage|p1a: the dark knight|84/100|[from] Leech Seed|[of] p2a: Rillaboom
|-heal|p2a: Rillaboom|100/100|[silent]
|upkeep
|turn|5
|inactive|cycyrobotv has 120 seconds left.
|
|t:|1769332728
|move|p2a: Rillaboom|Protect|p2a: Rillaboom
|-singleturn|p2a: Rillaboom|Protect
|move|p1a: the dark knight|U-turn|p2a: Rillaboom
|-activate|p2a: Rillaboom|move: Protect
|
|-heal|p1a: the dark knight|90/100|[from] Grassy Terrain
|-damage|p1a: the dark knight|78/100|[from] Leech Seed|[of] p2a: Rillaboom
|-fieldend|move: Grassy Terrain
|upkeep
|turn|6
|
|t:|1769332734
|switch|p2a: Torkoal|Torkoal, M|100/100
|-weather|SunnyDay|[from] ability: Drought|[of] p2a: Torkoal
|move|p1a: the dark knight|U-turn|p2a: Torkoal
|-resisted|p2a: Torkoal
|-damage|p2a: Torkoal|68/100
|-damage|p1a: the dark knight|68/100|[from] item: Life Orb
|
|t:|1769332744
|switch|p1a: ishmeal|Great Tusk|100/100|[from] U-turn
|-activate|p1a: ishmeal|ability: Protosynthesis
|-start|p1a: ishmeal|protosynthesisatk
|
|-weather|SunnyDay|[upkeep]
|upkeep
|turn|7
|
|t:|1769332748
|move|p1a: ishmeal|Ice Spinner|p2a: Torkoal
|-resisted|p2a: Torkoal
|-damage|p2a: Torkoal|54/100
|move|p2a: Torkoal|Stealth Rock|p1a: ishmeal
|-sidestart|p1: cycyrobotv|move: Stealth Rock
|
|-weather|SunnyDay|[upkeep]
|upkeep
|turn|8
|
|t:|1769332755
|switch|p2a: Lilligant|Lilligant-Hisui, F|100/100
|move|p1a: ishmeal|Rapid Spin|p2a: Lilligant
|-damage|p2a: Lilligant|65/100
|-boost|p1a: ishmeal|spe|1
|-sideend|p1: cycyrobotv|Stealth Rock|[from] move: Rapid Spin|[of] p1a: ishmeal
|
|-weather|SunnyDay|[upkeep]
|upkeep
|turn|9
|
|t:|1769332764
|-end|p1a: ishmeal|Protosynthesis|[silent]
|switch|p1a: the GOAT|Yanmega, M, shiny|78/100
|-terastallize|p2a: Lilligant|Grass
|move|p2a: Lilligant|Leaf Blade|p1a: the GOAT
|-resisted|p1a: the GOAT
|-damage|p1a: the GOAT|60/100
|
|-weather|SunnyDay|[upkeep]
|upkeep
|turn|10
|
|t:|1769332770
|move|p1a: the GOAT|Protect|p1a: the GOAT
|-singleturn|p1a: the GOAT|Protect
|move|p2a: Lilligant|Triple Axel|p1a: the GOAT
|-activate|p1a: the GOAT|move: Protect
|
|-weather|SunnyDay|[upkeep]
|-ability|p1a: the GOAT|Speed Boost|boost
|-boost|p1a: the GOAT|spe|1
|upkeep
|turn|11
|
|t:|1769332797
|switch|p1a: flamin wings|Moltres|100/100
|move|p2a: Lilligant|Triple Axel|p1a: flamin wings|[miss]
|-miss|p2a: Lilligant|p1a: flamin wings
|
|-weather|SunnyDay|[upkeep]
|upkeep
|turn|12
|
|t:|1769332805
|switch|p2a: Shiftry|Shiftry, M|100/100
|move|p1a: flamin wings|Flamethrower|p2a: Shiftry
|-supereffective|p2a: Shiftry
|-damage|p2a: Shiftry|0 fnt
|faint|p2a: Shiftry
|
|-weather|SunnyDay|[upkeep]
|upkeep
|c|☆distantmonk|Uh
|
|t:|1769332821
|switch|p2a: Venusaur|Venusaur, F|100/100
|turn|13
|c|☆distantmonk|I messed up
|c|☆distantmonk|Forgot the vena set
|c|☆cycyrobotv|with all the disrespect in the world
|inactive|distantmonk has 120 seconds left.
|c|☆distantmonk|Shoulda used sludge bomb
|c|☆cycyrobotv|ts stratgey corny
|c|☆distantmonk|I know
|c|☆distantmonk|But i like it
|c|☆cycyrobotv|real
|
|t:|1769332867
|move|p2a: Venusaur|Growth|p2a: Venusaur
|-boost|p2a: Venusaur|atk|2
|-boost|p2a: Venusaur|spa|2
|move|p1a: flamin wings|Flamethrower|p2a: Venusaur
|-supereffective|p2a: Venusaur
|-damage|p2a: Venusaur|0 fnt
|faint|p2a: Venusaur
|
|-weather|none
|upkeep
|
|t:|1769332874
|switch|p2a: Meowscarada|Meowscarada, M|100/100
|turn|14
|
|t:|1769332880
|move|p2a: Meowscarada|Triple Axel|p1a: flamin wings
|-start|p2a: Meowscarada|typechange|Ice|[from] ability: Protean
|-damage|p1a: flamin wings|88/100
|-status|p2a: Meowscarada|brn|[from] ability: Flame Body|[of] p1a: flamin wings
|-damage|p1a: flamin wings|76/100
|-damage|p1a: flamin wings|57/100
|-hitcount|p1a: flamin wings|3
|move|p1a: flamin wings|Flamethrower|p2a: Meowscarada
|-supereffective|p2a: Meowscarada
|-damage|p2a: Meowscarada|0 fnt
|faint|p2a: Meowscarada
|
|upkeep
|
|t:|1769332886
|switch|p2a: Lilligant|Lilligant-Hisui, F, tera:Grass|65/100
|turn|15
|c|☆distantmonk|Flamebody is my bane of existemcs
|inactive|cycyrobotv has 120 seconds left.
|
|t:|1769332932
|move|p2a: Lilligant|Triple Axel|p1a: flamin wings
|-damage|p1a: flamin wings|51/100
|-hitcount|p1a: flamin wings|1
|move|p1a: flamin wings|Flamethrower|p2a: Lilligant
|-supereffective|p2a: Lilligant
|-damage|p2a: Lilligant|0 fnt
|faint|p2a: Lilligant
|
|upkeep
|c|☆cycyrobotv|its so tuff
|inactive|distantmonk has 120 seconds left.
|c|☆distantmonk|Bruh
|c|☆distantmonk|Lilligant fraud
|
|t:|1769332951
|switch|p2a: Torkoal|Torkoal, M|54/100
|-weather|SunnyDay|[from] ability: Drought|[of] p2a: Torkoal
|turn|16
|c|☆distantmonk|Gg fam
|-message|distantmonk forfeited.
|
|win|cycyrobotv
|raw|cycyrobotv's rating: 1068 &rarr; <strong>1098</strong><br />(+30 for winning)
|raw|distantmonk's rating: 1073 &rarr; <strong>1052</strong><br />(-21 for losing)
|l|☆distantmonk
|player|p2|
|c|☆cycyrobotv|gg
|l|☆cycyrobotv
|player|p1|
