|j|☆1stitgoviral
|j|☆focalors
|t:|1769377447
|gametype|singles
|player|p1|1stitgoviral|preschooler|1415
|player|p2|focalors|blue-gen3champion|1420
|gen|9
|tier|[Gen 9] OU
|rated|
|rule|HP Percentage Mod: HP is shown in percentages
|rule|Endless Battle Clause: Forcing endless battles is banned
|rule|Species Clause: Limit one of each Pokémon
|rule|OHKO Clause: OHKO moves are banned
|rule|Evasion Items Clause: Evasion items are banned
|rule|Evasion Moves Clause: Evasion moves are banned
|rule|Evasion Abilities Clause: Evasion abilities are banned
|rule|Sleep Moves Clause: Sleep-inducing moves are banned
|clearpoke
|poke|p1|Great Tusk|
|poke|p1|Zapdos|
|poke|p1|Samurott-Hisui, F|
|poke|p1|Slowking-Galar, M|
|poke|p1|Latias, F|
|poke|p1|Metagross|
|poke|p2|Murkrow, M|
|poke|p2|Kingdra, F|
|poke|p2|Staraptor, F|
|poke|p2|Veluza, F|
|poke|p2|Squawkabilly-Blue, M|
|poke|p2|Dragapult, F|
|teampreview
|
|t:|1769377458
|teamsize|p1|6
|teamsize|p2|6
|start
|switch|p1a: Samurott|Samurott-Hisui, F|100/100
|switch|p2a: Veluza|Veluza, F|100/100
|-ability|p2a: Veluza|Mold Breaker
|turn|1
|
|t:|1769377468
|move|p1a: Samurott|Ceaseless Edge|p2a: Veluza|[miss]
|-miss|p1a: Samurott|p2a: Veluza
|move|p2a: Veluza|Final Gambit|p1a: Samurott
|-damage|p1a: Samurott|0 fnt
|faint|p2a: Veluza
|faint|p1a: Samurott
|
|upkeep
|
|t:|1769377479
|switch|p1a: Zapdos|Zapdos|100/100
|switch|p2a: Staraptor|Staraptor, F|100/100
|-ability|p2a: Staraptor|Intimidate|boost
|-unboost|p1a: Zapdos|atk|1
|turn|2
|
|t:|1769377488
|move|p2a: Staraptor|Final Gambit|p1a: Zapdos
|-damage|p1a: Zapdos|3/100
|faint|p2a: Staraptor
|move|p1a: Zapdos|Volt Switch|p2: Staraptor|[notarget]
|-fail|p1a: Zapdos
|
|upkeep
|
|t:|1769377500
|switch|p2a: Dragapult|Dragapult, F|100/100
|turn|3
|c|☆1stitgoviral|What in thr world
|
|t:|1769377505
|move|p2a: Dragapult|Substitute|p2a: Dragapult
|-start|p2a: Dragapult|Substitute
|-damage|p2a: Dragapult|76/100
|move|p1a: Zapdos|Volt Switch|p2a: Dragapult
|-resisted|p2a: Dragapult
|-activate|p2a: Dragapult|move: Substitute|[damage]
|
|t:|1769377509
|switch|p1a: Latias|Latias, F|100/100|[from] Volt Switch
|
|-heal|p2a: Dragapult|82/100|[from] item: Leftovers
|upkeep
|turn|4
|
|t:|1769377516
|move|p2a: Dragapult|Dragon Darts|p1a: Latias
|-supereffective|p1a: Latias
|-damage|p1a: Latias|52/100
|-enditem|p1a: Latias|Weakness Policy
|-boost|p1a: Latias|atk|2|[from] item: Weakness Policy
|-boost|p1a: Latias|spa|2|[from] item: Weakness Policy
|-anim|p2a: Dragapult|Dragon Darts|p1a: Latias
|-supereffective|p1a: Latias
|-damage|p1a: Latias|4/100
|move|p1a: Latias|Calm Mind|p1a: Latias
|-boost|p1a: Latias|spa|1
|-boost|p1a: Latias|spd|1
|
|-heal|p2a: Dragapult|88/100|[from] item: Leftovers
|upkeep
|turn|5
|
|t:|1769377530
|move|p2a: Dragapult|Dragon Darts|p1a: Latias
|-supereffective|p1a: Latias
|-damage|p1a: Latias|0 fnt
|faint|p1a: Latias
|
|-heal|p2a: Dragapult|94/100|[from] item: Leftovers
|upkeep
|
|t:|1769377533
|switch|p1a: Great Tusk|Great Tusk|100/100
|turn|6
|c|☆focalors|behold
|c|☆focalors|my team
|
|t:|1769377556
|move|p2a: Dragapult|Dragon Darts|p1a: Great Tusk
|-damage|p1a: Great Tusk|84/100
|-anim|p2a: Dragapult|Dragon Darts|p1a: Great Tusk
|-damage|p1a: Great Tusk|68/100
|move|p1a: Great Tusk|Ice Spinner|p2a: Dragapult
|-supereffective|p2a: Dragapult
|-end|p2a: Dragapult|Substitute
|
|-heal|p2a: Dragapult|99/100|[from] item: Leftovers
|upkeep
|turn|7
|
|t:|1769377565
|move|p2a: Dragapult|Substitute|p2a: Dragapult
|-start|p2a: Dragapult|Substitute
|-damage|p2a: Dragapult|75/100
|move|p1a: Great Tusk|Ice Spinner|p2a: Dragapult
|-supereffective|p2a: Dragapult
|-end|p2a: Dragapult|Substitute
|
|-heal|p2a: Dragapult|81/100|[from] item: Leftovers
|upkeep
|turn|8
|
|t:|1769377574
|move|p2a: Dragapult|Protect|p2a: Dragapult
|-singleturn|p2a: Dragapult|Protect
|move|p1a: Great Tusk|Ice Spinner|p2a: Dragapult
|-activate|p2a: Dragapult|move: Protect
|
|-heal|p2a: Dragapult|87/100|[from] item: Leftovers
|upkeep
|turn|9
|
|t:|1769377579
|move|p2a: Dragapult|Substitute|p2a: Dragapult
|-start|p2a: Dragapult|Substitute
|-damage|p2a: Dragapult|62/100
|move|p1a: Great Tusk|Ice Spinner|p2a: Dragapult
|-supereffective|p2a: Dragapult
|-end|p2a: Dragapult|Substitute
|
|-heal|p2a: Dragapult|68/100|[from] item: Leftovers
|upkeep
|turn|10
|
|t:|1769377587
|move|p2a: Dragapult|Protect|p2a: Dragapult
|-singleturn|p2a: Dragapult|Protect
|move|p1a: Great Tusk|Stealth Rock|p2a: Dragapult
|-sidestart|p2: focalors|move: Stealth Rock
|
|-heal|p2a: Dragapult|74/100|[from] item: Leftovers
|upkeep
|turn|11
|
|t:|1769377600
|move|p2a: Dragapult|Substitute|p2a: Dragapult
|-start|p2a: Dragapult|Substitute
|-damage|p2a: Dragapult|49/100
|move|p1a: Great Tusk|Ice Spinner|p2a: Dragapult
|-supereffective|p2a: Dragapult
|-end|p2a: Dragapult|Substitute
|
|-heal|p2a: Dragapult|55/100|[from] item: Leftovers
|upkeep
|turn|12
|
|t:|1769377609
|move|p2a: Dragapult|Substitute|p2a: Dragapult
|-start|p2a: Dragapult|Substitute
|-damage|p2a: Dragapult|30/100
|move|p1a: Great Tusk|Ice Spinner|p2a: Dragapult
|-supereffective|p2a: Dragapult
|-end|p2a: Dragapult|Substitute
|
|-heal|p2a: Dragapult|36/100|[from] item: Leftovers
|upkeep
|turn|13
|
|t:|1769377614
|move|p2a: Dragapult|Protect|p2a: Dragapult
|-singleturn|p2a: Dragapult|Protect
|move|p1a: Great Tusk|Ice Spinner|p2a: Dragapult
|-activate|p2a: Dragapult|move: Protect
|
|-heal|p2a: Dragapult|42/100|[from] item: Leftovers
|upkeep
|turn|14
|
|t:|1769377622
|switch|p2a: Kingdra|Kingdra, F|100/100
|-damage|p2a: Kingdra|88/100|[from] Stealth Rock
|move|p1a: Great Tusk|Ice Spinner|p2a: Kingdra
|-damage|p2a: Kingdra|59/100
|
|upkeep
|turn|15
|
|t:|1769377631
|-end|p1a: Great Tusk|Protosynthesis|[silent]
|switch|p1a: Slowking|Slowking-Galar, M|100/100
|move|p2a: Kingdra|Agility|p2a: Kingdra
|-boost|p2a: Kingdra|spe|2
|
|upkeep
|turn|16
|
|t:|1769377636
|move|p2a: Kingdra|Focus Energy|p2a: Kingdra
|-start|p2a: Kingdra|move: Focus Energy
|move|p1a: Slowking|Sludge Bomb|p2a: Kingdra
|-damage|p2a: Kingdra|7/100
|
|upkeep
|turn|17
|
|t:|1769377643
|move|p2a: Kingdra|Draco Meteor|p1a: Slowking
|-crit|p1a: Slowking
|-damage|p1a: Slowking|36/100
|-unboost|p2a: Kingdra|spa|2
|move|p1a: Slowking|Sludge Bomb|p2a: Kingdra
|-damage|p2a: Kingdra|0 fnt
|faint|p2a: Kingdra
|
|upkeep
|
|t:|1769377652
|switch|p2a: Dragapult|Dragapult, F|42/100
|-damage|p2a: Dragapult|30/100|[from] Stealth Rock
|turn|18
|
|t:|1769377670
|move|p2a: Dragapult|Dragon Darts|p1a: Slowking
|-damage|p1a: Slowking|11/100
|-anim|p2a: Dragapult|Dragon Darts|p1a: Slowking
|-damage|p1a: Slowking|0 fnt
|faint|p1a: Slowking
|
|-heal|p2a: Dragapult|36/100|[from] item: Leftovers
|upkeep
|
|t:|1769377672
|switch|p1a: Great Tusk|Great Tusk|68/100
|turn|19
|
|t:|1769377680
|move|p2a: Dragapult|Protect|p2a: Dragapult
|-singleturn|p2a: Dragapult|Protect
|move|p1a: Great Tusk|Ice Spinner|p2a: Dragapult
|-activate|p2a: Dragapult|move: Protect
|
|-heal|p2a: Dragapult|42/100|[from] item: Leftovers
|upkeep
|turn|20
|
|t:|1769377691
|switch|p2a: Murkrow|Murkrow, M, shiny|100/100
|-damage|p2a: Murkrow|75/100|[from] Stealth Rock
|move|p1a: Great Tusk|Ice Spinner|p2a: Murkrow
|-supereffective|p2a: Murkrow
|-damage|p2a: Murkrow|9/100
|
|upkeep
|turn|21
|
|t:|1769377700
|-end|p1a: Great Tusk|Protosynthesis|[silent]
|switch|p1a: Zapdos|Zapdos|3/100
|move|p2a: Murkrow|Feather Dance|p1a: Zapdos
|-unboost|p1a: Zapdos|atk|2
|
|upkeep
|turn|22
|
|t:|1769377710
|move|p1a: Zapdos|Roost|p1a: Zapdos
|-heal|p1a: Zapdos|53/100
|-singleturn|p1a: Zapdos|move: Roost
|move|p2a: Murkrow|Dark Pulse|p1a: Zapdos
|-damage|p1a: Zapdos|29/100
|
|upkeep
|turn|23
|
|t:|1769377718
|move|p1a: Zapdos|Roost|p1a: Zapdos
|-heal|p1a: Zapdos|80/100
|-singleturn|p1a: Zapdos|move: Roost
|move|p2a: Murkrow|Dark Pulse|p1a: Zapdos
|-damage|p1a: Zapdos|56/100
|
|upkeep
|turn|24
|
|t:|1769377722
|move|p1a: Zapdos|Roost|p1a: Zapdos
|-heal|p1a: Zapdos|100/100
|-singleturn|p1a: Zapdos|move: Roost
|move|p2a: Murkrow|Dark Pulse|p1a: Zapdos
|-damage|p1a: Zapdos|75/100
|
|upkeep
|turn|25
|
|t:|1769377730
|move|p1a: Zapdos|Volt Switch|p2a: Murkrow
|-supereffective|p2a: Murkrow
|-damage|p2a: Murkrow|0 fnt
|faint|p2a: Murkrow
|
|t:|1769377736
|switch|p1a: Great Tusk|Great Tusk|68/100|[from] Volt Switch
|
|upkeep
|
|t:|1769377739
|switch|p2a: Squawkabilly|Squawkabilly-Blue, M|100/100
|-damage|p2a: Squawkabilly|75/100|[from] Stealth Rock
|-ability|p2a: Squawkabilly|Intimidate|boost
|-unboost|p1a: Great Tusk|atk|1
|turn|26
|
|t:|1769377743
|-end|p1a: Great Tusk|Protosynthesis|[silent]
|switch|p1a: Zapdos|Zapdos|75/100
|move|p2a: Squawkabilly|Final Gambit|p1a: Zapdos
|-damage|p1a: Zapdos|3/100
|faint|p2a: Squawkabilly
|
|upkeep
|
|t:|1769377747
|switch|p2a: Dragapult|Dragapult, F|42/100
|-damage|p2a: Dragapult|29/100|[from] Stealth Rock
|turn|27
|
|t:|1769377750
|move|p2a: Dragapult|Substitute|p2a: Dragapult
|-start|p2a: Dragapult|Substitute
|-damage|p2a: Dragapult|4/100
|move|p1a: Zapdos|Hurricane|p2a: Dragapult
|-end|p2a: Dragapult|Substitute
|
|-heal|p2a: Dragapult|10/100|[from] item: Leftovers
|upkeep
|turn|28
|
|t:|1769377758
|move|p2a: Dragapult|Protect|p2a: Dragapult
|-singleturn|p2a: Dragapult|Protect
|move|p1a: Zapdos|Volt Switch|p2a: Dragapult
|-activate|p2a: Dragapult|move: Protect
|
|-heal|p2a: Dragapult|16/100|[from] item: Leftovers
|upkeep
|turn|29
|
|t:|1769377767
|move|p2a: Dragapult|Phantom Force||[still]
|-prepare|p2a: Dragapult|Phantom Force
|move|p1a: Zapdos|Volt Switch|p2a: Dragapult|[miss]
|-miss|p1a: Zapdos|p2a: Dragapult
|
|-heal|p2a: Dragapult|22/100|[from] item: Leftovers
|upkeep
|turn|30
|
|t:|1769377774
|switch|p1a: Great Tusk|Great Tusk|68/100
|move|p2a: Dragapult|Phantom Force|p1a: Great Tusk|[from] lockedmove
|-damage|p1a: Great Tusk|40/100
|-damage|p2a: Dragapult|6/100|[from] item: Rocky Helmet|[of] p1a: Great Tusk
|
|-heal|p2a: Dragapult|12/100|[from] item: Leftovers
|upkeep
|turn|31
|
|t:|1769377785
|move|p2a: Dragapult|Protect|p2a: Dragapult
|-singleturn|p2a: Dragapult|Protect
|move|p1a: Great Tusk|Ice Spinner|p2a: Dragapult
|-activate|p2a: Dragapult|move: Protect
|
|-heal|p2a: Dragapult|18/100|[from] item: Leftovers
|upkeep
|turn|32
|
|t:|1769377797
|-terastallize|p2a: Dragapult|Dragon
|move|p2a: Dragapult|Dragon Darts|p1a: Great Tusk
|-damage|p1a: Great Tusk|21/100
|-anim|p2a: Dragapult|Dragon Darts|p1a: Great Tusk
|-damage|p1a: Great Tusk|0 fnt
|faint|p1a: Great Tusk
|-end|p1a: Great Tusk|Protosynthesis|[silent]
|
|-heal|p2a: Dragapult|24/100|[from] item: Leftovers
|upkeep
|
|t:|1769377803
|switch|p1a: Metagross|Metagross|100/100
|turn|33
|
|t:|1769377813
|-terastallize|p1a: Metagross|Steel
|move|p2a: Dragapult|Protect|p2a: Dragapult
|-singleturn|p2a: Dragapult|Protect
|move|p1a: Metagross|Bullet Punch|p2a: Dragapult
|-activate|p2a: Dragapult|move: Protect
|
|-heal|p2a: Dragapult|30/100|[from] item: Leftovers
|upkeep
|turn|34
|
|t:|1769377825
|move|p1a: Metagross|Bullet Punch|p2a: Dragapult
|-damage|p2a: Dragapult|0 fnt
|faint|p2a: Dragapult
|
|win|1stitgoviral
|raw|1stitgoviral's rating: 1415 &rarr; <strong>1435</strong><br />(+20 for winning)
|raw|focalors's rating: 1420 &rarr; <strong>1400</strong><br />(-20 for losing)
|c|☆focalors|gg
|l|☆1stitgoviral
|player|p1|
|l|☆focalors
|player|p2|
