|j|☆banjin
|j|☆Cubavision
|t:|1769399133
|gametype|singles
|player|p1|banjin|beauty-gen6xy|1385
|player|p2|Cubavision|musician|1346
|gen|9
|tier|[Gen 9] OU
|rated|
|rule|HP Percentage Mod: HP is shown in percentages
|rule|Endless Battle Clause: Forcing endless battles is banned
|rule|Species Clause: Limit one of each Pokémon
|rule|OHKO Clause: OHKO moves are banned
|rule|Evasion Items Clause: Evasion items are banned
|rule|Evasion Moves Clause: Evasion moves are banned
|rule|Evasion Abilities Clause: Evasion abilities are banned
|rule|Sleep Moves Clause: Sleep-inducing moves are banned
|clearpoke
|poke|p1|Minior-Blue|
|poke|p1|Lokix, F|
|poke|p1|Thundurus-Therian, M|
|poke|p1|Muk-Alola, M|
|poke|p1|Emboar, M|
|poke|p1|Ditto|
|poke|p2|Rillaboom, M|
|poke|p2|Primarina, F|
|poke|p2|Darkrai|
|poke|p2|Ceruledge, F|
|poke|p2|Clodsire, F|
|poke|p2|Corviknight, M|
|teampreview
|inactive|Battle timer is ON: inactive players will automatically lose when time's up. (requested by banjin)
|inactive|Cubavision has 120 seconds left.
|
|t:|1769399164
|teamsize|p1|6
|teamsize|p2|6
|start
|switch|p1a: Dragmire|Emboar, M, shiny|100/100
|switch|p2a: Rillaboom|Rillaboom, M|100/100
|-fieldstart|move: Grassy Terrain|[from] ability: Grassy Surge|[of] p2a: Rillaboom
|turn|1
|
|t:|1769399175
|move|p2a: Rillaboom|U-turn|p1a: Dragmire
|-resisted|p1a: Dragmire
|-damage|p1a: Dragmire|89/100
|
|t:|1769399185
|switch|p2a: Primarina|Primarina, F|100/100|[from] U-turn
|move|p1a: Dragmire|Wild Charge|p2a: Primarina
|-supereffective|p2a: Primarina
|-damage|p2a: Primarina|42/100
|-damage|p1a: Dragmire|74/100|[from] Recoil
|
|-heal|p1a: Dragmire|80/100|[from] Grassy Terrain
|-heal|p2a: Primarina|48/100|[from] Grassy Terrain
|-heal|p2a: Primarina|54/100|[from] item: Leftovers
|upkeep
|turn|2
|
|t:|1769399196
|move|p1a: Dragmire|Wild Charge|p2a: Primarina
|-supereffective|p2a: Primarina
|-damage|p2a: Primarina|0 fnt
|faint|p2a: Primarina
|-damage|p1a: Dragmire|67/100|[from] Recoil
|
|-heal|p1a: Dragmire|73/100|[from] Grassy Terrain
|upkeep
|
|t:|1769399199
|switch|p2a: Ceruledge|Ceruledge, F|100/100
|turn|3
|
|t:|1769399207
|switch|p1a: Beppo|Muk-Alola, M|100/100
|move|p2a: Ceruledge|Swords Dance|p2a: Ceruledge
|-boost|p2a: Ceruledge|atk|2
|
|upkeep
|turn|4
|-activate|p1a: Beppo|item: Quick Claw
|
|t:|1769399226
|move|p1a: Beppo|Knock Off|p2a: Ceruledge
|-supereffective|p2a: Ceruledge
|-enditem|p2a: Ceruledge|Focus Sash
|-damage|p2a: Ceruledge|1/100
|-ability|p2a: Ceruledge|Weak Armor|boost
|-unboost|p2a: Ceruledge|def|1
|-boost|p2a: Ceruledge|spe|2
|-status|p2a: Ceruledge|psn|[from] ability: Poison Touch|[of] p1a: Beppo
|move|p2a: Ceruledge|Close Combat|p1a: Beppo
|-damage|p1a: Beppo|11/100
|-unboost|p2a: Ceruledge|def|1
|-unboost|p2a: Ceruledge|spd|1
|
|-heal|p2a: Ceruledge|7/100 psn|[from] Grassy Terrain
|-heal|p1a: Beppo|17/100|[from] Grassy Terrain
|-damage|p2a: Ceruledge|0 fnt|[from] psn
|faint|p2a: Ceruledge
|upkeep
|
|t:|1769399239
|switch|p2a: Darkrai|Darkrai|100/100
|turn|5
|
|t:|1769399243
|move|p1a: Beppo|Shadow Sneak|p2a: Darkrai
|-resisted|p2a: Darkrai
|-damage|p2a: Darkrai|92/100
|move|p2a: Darkrai|Dark Pulse|p1a: Beppo
|-resisted|p1a: Beppo
|-damage|p1a: Beppo|0 fnt
|faint|p1a: Beppo
|
|-heal|p2a: Darkrai|98/100|[from] Grassy Terrain
|-fieldend|move: Grassy Terrain
|upkeep
|
|t:|1769399261
|switch|p1a: Katy|Lokix, F|100/100
|turn|6
|
|t:|1769399275
|switch|p2a: Corviknight|Corviknight, M|100/100
|-ability|p2a: Corviknight|Pressure
|switch|p1a: Paws|Thundurus-Therian, M|100/100
|
|upkeep
|turn|7
|
|t:|1769399284
|switch|p2a: Clodsire|Clodsire, F|100/100
|move|p1a: Paws|Nasty Plot|p1a: Paws
|-boost|p1a: Paws|spa|2
|
|upkeep
|turn|8
|
|t:|1769399302
|move|p1a: Paws|Grass Knot|p2a: Clodsire
|-damage|p2a: Clodsire|74/100
|move|p2a: Clodsire|Stealth Rock|p1a: Paws
|-sidestart|p1: banjin|move: Stealth Rock
|
|upkeep
|turn|9
|
|t:|1769399309
|move|p1a: Paws|Grass Knot|p2a: Clodsire
|-damage|p2a: Clodsire|49/100
|move|p2a: Clodsire|Toxic|p1a: Paws
|-status|p1a: Paws|tox
|
|-damage|p1a: Paws|94/100 tox|[from] psn
|upkeep
|turn|10
|
|t:|1769399312
|switch|p1a: Mr. Brightside|Minior-Blue|100/100
|-damage|p1a: Mr. Brightside|75/100|[from] Stealth Rock
|-formechange|p1a: Mr. Brightside|Minior-Meteor||[from] ability: Shields Down
|move|p2a: Clodsire|Recover|p2a: Clodsire
|-heal|p2a: Clodsire|99/100
|
|upkeep
|turn|11
|
|t:|1769399318
|move|p1a: Mr. Brightside|Shell Smash|p1a: Mr. Brightside
|-unboost|p1a: Mr. Brightside|def|1
|-unboost|p1a: Mr. Brightside|spd|1
|-boost|p1a: Mr. Brightside|atk|2
|-boost|p1a: Mr. Brightside|spa|2
|-boost|p1a: Mr. Brightside|spe|2
|-enditem|p1a: Mr. Brightside|White Herb
|-clearnegativeboost|p1a: Mr. Brightside|[silent]
|move|p2a: Clodsire|Toxic|p1a: Mr. Brightside
|-immune|p1a: Mr. Brightside|[from] ability: Shields Down
|
|upkeep
|turn|12
|
|t:|1769399333
|switch|p2a: Corviknight|Corviknight, M|100/100
|-ability|p2a: Corviknight|Pressure
|move|p1a: Mr. Brightside|Shell Smash|p1a: Mr. Brightside
|-unboost|p1a: Mr. Brightside|def|1
|-unboost|p1a: Mr. Brightside|spd|1
|-boost|p1a: Mr. Brightside|atk|2
|-boost|p1a: Mr. Brightside|spa|2
|-boost|p1a: Mr. Brightside|spe|2
|
|upkeep
|turn|13
|
|t:|1769399345
|-terastallize|p1a: Mr. Brightside|Ghost
|move|p1a: Mr. Brightside|Substitute|p1a: Mr. Brightside
|-start|p1a: Mr. Brightside|Substitute
|-damage|p1a: Mr. Brightside|50/100
|move|p2a: Corviknight|U-turn|p1a: Mr. Brightside
|-resisted|p1a: Mr. Brightside
|-activate|p1a: Mr. Brightside|move: Substitute|[damage]
|inactive|Cubavision has 120 seconds left.
|
|t:|1769399370
|switch|p2a: Clodsire|Clodsire, F|99/100|[from] U-turn
|
|-formechange|p1a: Mr. Brightside|Minior-Blue||[from] ability: Shields Down
|upkeep
|turn|14
|
|t:|1769399374
|move|p1a: Mr. Brightside|Earthquake|p2a: Clodsire
|-supereffective|p2a: Clodsire
|-damage|p2a: Clodsire|23/100
|move|p2a: Clodsire|Earthquake|p1a: Mr. Brightside
|-end|p1a: Mr. Brightside|Substitute
|
|upkeep
|turn|15
|
|t:|1769399384
|move|p1a: Mr. Brightside|Acrobatics|p2a: Clodsire
|-damage|p2a: Clodsire|0 fnt
|faint|p2a: Clodsire
|
|upkeep
|inactive|Cubavision has 120 seconds left.
|
|t:|1769399401
|switch|p2a: Rillaboom|Rillaboom, M|100/100
|-fieldstart|move: Grassy Terrain|[from] ability: Grassy Surge|[of] p2a: Rillaboom
|turn|16
|inactive|Cubavision has 120 seconds left.
|
|t:|1769399416
|move|p2a: Rillaboom|Grassy Glide|p1a: Mr. Brightside
|-damage|p1a: Mr. Brightside|0 fnt
|faint|p1a: Mr. Brightside
|
|upkeep
|
|t:|1769399421
|switch|p1a: Dragmire|Emboar, M, shiny|73/100
|-damage|p1a: Dragmire|60/100|[from] Stealth Rock
|turn|17
|
|t:|1769399428
|switch|p2a: Corviknight|Corviknight, M|100/100
|-ability|p2a: Corviknight|Pressure
|move|p1a: Dragmire|Flare Blitz|p2a: Corviknight
|-supereffective|p2a: Corviknight
|-damage|p2a: Corviknight|16/100
|-damage|p1a: Dragmire|44/100|[from] item: Rocky Helmet|[of] p2a: Corviknight
|-damage|p1a: Dragmire|13/100|[from] Recoil
|
|-heal|p1a: Dragmire|19/100|[from] Grassy Terrain
|upkeep
|turn|18
|inactive|Cubavision has 120 seconds left.
|
|t:|1769399455
|move|p1a: Dragmire|Drain Punch|p2a: Corviknight
|-damage|p2a: Corviknight|0 fnt
|-heal|p1a: Dragmire|27/100|[from] drain|[of] p2a: Corviknight
|-damage|p1a: Dragmire|11/100|[from] item: Rocky Helmet|[of] p2a: Corviknight
|faint|p2a: Corviknight
|
|-heal|p1a: Dragmire|17/100|[from] Grassy Terrain
|upkeep
|
|t:|1769399462
|switch|p2a: Darkrai|Darkrai|98/100
|turn|19
|
|t:|1769399468
|move|p2a: Darkrai|Sludge Bomb|p1a: Dragmire
|-damage|p1a: Dragmire|0 fnt
|faint|p1a: Dragmire
|
|-heal|p2a: Darkrai|100/100|[from] Grassy Terrain
|upkeep
|
|t:|1769399472
|switch|p1a: Katy|Lokix, F|100/100
|turn|20
|
|t:|1769399476
|-terastallize|p2a: Darkrai|Poison
|move|p1a: Katy|First Impression|p2a: Darkrai
|-resisted|p2a: Darkrai
|-damage|p2a: Darkrai|46/100
|move|p2a: Darkrai|Sludge Bomb|p1a: Katy
|-damage|p1a: Katy|0 fnt
|faint|p1a: Katy
|
|-heal|p2a: Darkrai|52/100|[from] Grassy Terrain
|-fieldend|move: Grassy Terrain
|upkeep
|
|t:|1769399495
|switch|p1a: Paws|Thundurus-Therian, M|94/100 tox
|-damage|p1a: Paws|70/100 tox|[from] Stealth Rock
|turn|21
|
|t:|1769399500
|move|p2a: Darkrai|Sludge Bomb|p1a: Paws
|-damage|p1a: Paws|3/100 tox
|move|p1a: Paws|Thunderbolt|p2a: Darkrai
|-damage|p2a: Darkrai|0 fnt
|faint|p2a: Darkrai
|
|-damage|p1a: Paws|0 fnt|[from] psn
|faint|p1a: Paws
|upkeep
|
|t:|1769399505
|switch|p2a: Rillaboom|Rillaboom, M|100/100
|switch|p1a: 𒉎|Ditto|100/100
|-fieldstart|move: Grassy Terrain|[from] ability: Grassy Surge|[of] p2a: Rillaboom
|-damage|p1a: 𒉎|88/100|[from] Stealth Rock
|-transform|p1a: 𒉎|p2a: Rillaboom|[from] ability: Imposter
|turn|22
|
|t:|1769399518
|move|p1a: 𒉎|U-turn|p2a: Rillaboom
|-supereffective|p2a: Rillaboom
|-damage|p2a: Rillaboom|50/100
|move|p2a: Rillaboom|U-turn|p1a: 𒉎
|-supereffective|p1a: 𒉎
|-damage|p1a: 𒉎|5/100
|
|-heal|p1a: 𒉎|11/100|[from] Grassy Terrain
|-heal|p2a: Rillaboom|56/100|[from] Grassy Terrain
|upkeep
|turn|23
|
|t:|1769399522
|move|p1a: 𒉎|U-turn|p2a: Rillaboom
|-supereffective|p2a: Rillaboom
|-crit|p2a: Rillaboom
|-damage|p2a: Rillaboom|0 fnt
|faint|p2a: Rillaboom
|
|win|banjin
|raw|banjin's rating: 1385 &rarr; <strong>1403</strong><br />(+18 for winning)
|raw|Cubavision's rating: 1346 &rarr; <strong>1328</strong><br />(-18 for losing)
|c|☆banjin|gg
