|j|☆apexacer
|j|☆LunaBlast
|t:|1769341111
|gametype|singles
|player|p1|apexacer|265|1524
|player|p2|LunaBlast|2|1588
|gen|9
|tier|[Gen 9] OU
|rated|
|rule|HP Percentage Mod: HP is shown in percentages
|rule|Endless Battle Clause: Forcing endless battles is banned
|rule|Species Clause: Limit one of each Pokémon
|rule|OHKO Clause: OHKO moves are banned
|rule|Evasion Items Clause: Evasion items are banned
|rule|Evasion Moves Clause: Evasion moves are banned
|rule|Evasion Abilities Clause: Evasion abilities are banned
|rule|Sleep Moves Clause: Sleep-inducing moves are banned
|clearpoke
|poke|p1|Indeedee, M|
|poke|p1|Kingambit, M|
|poke|p1|Polteageist|
|poke|p1|Grimmsnarl, M|
|poke|p1|Great Tusk|
|poke|p1|Kyurem|
|poke|p2|Ribombee, F|
|poke|p2|Gholdengo|
|poke|p2|Glimmora, M|
|poke|p2|Enamorus, F|
|poke|p2|Iron Moth|
|poke|p2|Iron Hands|
|teampreview
|inactive|Battle timer is ON: inactive players will automatically lose when time's up. (requested by LunaBlast)
|inactive|apexacer has 120 seconds left.
|
|t:|1769341142
|teamsize|p1|6
|teamsize|p2|6
|start
|switch|p1a: Polteageist|Polteageist|100/100
|switch|p2a: Ribombee|Ribombee, F, shiny|100/100
|turn|1
|
|t:|1769341149
|move|p2a: Ribombee|Stun Spore|p1a: Polteageist
|-status|p1a: Polteageist|par
|move|p1a: Polteageist|Shell Smash|p1a: Polteageist
|-unboost|p1a: Polteageist|def|1
|-unboost|p1a: Polteageist|spd|1
|-boost|p1a: Polteageist|atk|2
|-boost|p1a: Polteageist|spa|2
|-boost|p1a: Polteageist|spe|2
|-enditem|p1a: Polteageist|White Herb
|-clearnegativeboost|p1a: Polteageist|[silent]
|
|upkeep
|turn|2
|
|t:|1769341156
|move|p2a: Ribombee|Moonblast|p1a: Polteageist
|-damage|p1a: Polteageist|55/100 par
|-start|p2a: Ribombee|Disable|Moonblast|[from] ability: Cursed Body|[of] p1a: Polteageist
|cant|p1a: Polteageist|par
|
|upkeep
|turn|3
|j| Samurajen
|
|t:|1769341168
|move|p2a: Ribombee|Sticky Web|p1a: Polteageist
|-sidestart|p1: apexacer|move: Sticky Web
|move|p1a: Polteageist|Stored Power|p2a: Ribombee
|-enditem|p2a: Ribombee|Focus Sash
|-damage|p2a: Ribombee|1/100
|
|upkeep
|turn|4
|
|t:|1769341184
|move|p2a: Ribombee|Skill Swap|p1a: Polteageist
|-activate|p2a: Ribombee|move: Skill Swap|Cursed Body|Shield Dust|[of] p1a: Polteageist
|move|p1a: Polteageist|Shell Smash|p1a: Polteageist
|-unboost|p1a: Polteageist|def|1
|-unboost|p1a: Polteageist|spd|1
|-boost|p1a: Polteageist|atk|2
|-boost|p1a: Polteageist|spa|2
|-boost|p1a: Polteageist|spe|2
|
|upkeep
|turn|5
|
|t:|1769341191
|move|p2a: Ribombee|Stun Spore|p1a: Polteageist
|-fail|p1a: Polteageist|par
|cant|p1a: Polteageist|par
|
|-end|p2a: Ribombee|Disable
|upkeep
|turn|6
|
|t:|1769341197
|move|p2a: Ribombee|Moonblast|p1a: Polteageist
|-damage|p1a: Polteageist|0 fnt
|faint|p1a: Polteageist
|
|upkeep
|
|t:|1769341202
|switch|p1a: Great Tusk|Great Tusk|100/100
|-activate|p1a: Great Tusk|move: Sticky Web
|-unboost|p1a: Great Tusk|spe|1
|turn|7
|
|t:|1769341210
|-terastallize|p2a: Ribombee|Ghost
|-terastallize|p1a: Great Tusk|Water
|move|p2a: Ribombee|Moonblast|p1a: Great Tusk
|-damage|p1a: Great Tusk|40/100
|-unboost|p1a: Great Tusk|spa|1
|move|p1a: Great Tusk|Rapid Spin|p2a: Ribombee
|-immune|p2a: Ribombee
|
|upkeep
|turn|8
|
|t:|1769341220
|move|p2a: Ribombee|Moonblast|p1a: Great Tusk
|-damage|p1a: Great Tusk|0 fnt
|faint|p1a: Great Tusk
|-end|p1a: Great Tusk|Protosynthesis|[silent]
|
|upkeep
|
|t:|1769341228
|switch|p1a: Grimmsnarl|Grimmsnarl, M|100/100
|-activate|p1a: Grimmsnarl|move: Sticky Web
|-unboost|p1a: Grimmsnarl|spe|1
|turn|9
|
|t:|1769341233
|move|p1a: Grimmsnarl|Light Screen|p1a: Grimmsnarl
|-sidestart|p1: apexacer|move: Light Screen
|move|p2a: Ribombee|Moonblast|p1a: Grimmsnarl
|-supereffective|p1a: Grimmsnarl
|-damage|p1a: Grimmsnarl|72/100
|
|upkeep
|turn|10
|
|t:|1769341240
|move|p2a: Ribombee|Stun Spore|p1a: Grimmsnarl
|-status|p1a: Grimmsnarl|par
|move|p1a: Grimmsnarl|Spirit Break|p2a: Ribombee
|-damage|p2a: Ribombee|0 fnt
|faint|p2a: Ribombee
|
|upkeep
|
|t:|1769341248
|switch|p2a: Enamorus|Enamorus, F|100/100
|turn|11
|
|t:|1769341252
|move|p1a: Grimmsnarl|Thunder Wave|p2a: Enamorus
|-status|p2a: Enamorus|par
|move|p2a: Enamorus|Moonblast|p1a: Grimmsnarl
|-supereffective|p1a: Grimmsnarl
|-damage|p1a: Grimmsnarl|15/100 par
|
|upkeep
|turn|12
|j| dseokp
|
|t:|1769341266
|move|p2a: Enamorus|Moonblast|p1a: Grimmsnarl
|-supereffective|p1a: Grimmsnarl
|-damage|p1a: Grimmsnarl|0 fnt
|faint|p1a: Grimmsnarl
|
|upkeep
|
|t:|1769341274
|switch|p1a: Kyurem|Kyurem|100/100
|-activate|p1a: Kyurem|move: Sticky Web
|-unboost|p1a: Kyurem|spe|1
|-ability|p1a: Kyurem|Pressure
|turn|13
|
|t:|1769341283
|move|p1a: Kyurem|Freeze-Dry|p2a: Enamorus
|-supereffective|p2a: Enamorus
|-damage|p2a: Enamorus|0 fnt
|faint|p2a: Enamorus
|
|upkeep
|
|t:|1769341293
|switch|p2a: Glimmora|Glimmora, M, shiny|100/100
|turn|14
|
|t:|1769341300
|move|p2a: Glimmora|Meteor Beam||[still]
|-prepare|p2a: Glimmora|Meteor Beam
|-boost|p2a: Glimmora|spa|1
|-enditem|p2a: Glimmora|Power Herb
|-anim|p2a: Glimmora|Meteor Beam|p1a: Kyurem
|-supereffective|p1a: Kyurem
|-damage|p1a: Kyurem|10/100
|move|p1a: Kyurem|Freeze-Dry|p2a: Glimmora
|-damage|p2a: Glimmora|47/100
|
|upkeep
|turn|15
|
|t:|1769341311
|move|p2a: Glimmora|Dazzling Gleam|p1a: Kyurem
|-supereffective|p1a: Kyurem
|-damage|p1a: Kyurem|0 fnt
|faint|p1a: Kyurem
|
|upkeep
|
|t:|1769341314
|switch|p1a: Kingambit|Kingambit, M|100/100
|-activate|p1a: Kingambit|move: Sticky Web
|-unboost|p1a: Kingambit|spe|1
|-activate|p1a: Kingambit|ability: Supreme Overlord
|-start|p1a: Kingambit|fallen4|[silent]
|turn|16
|j| PQPP215
|j| oaim
|
|t:|1769341330
|move|p1a: Kingambit|Sucker Punch|p2a: Glimmora
|-damage|p2a: Glimmora|0 fnt
|-activate|p2a: Glimmora|ability: Toxic Debris
|-sidestart|p1: apexacer|move: Toxic Spikes
|faint|p2a: Glimmora
|
|-sideend|p1: apexacer|move: Light Screen
|upkeep
|
|t:|1769341333
|switch|p2a: Iron Hands|Iron Hands, shiny|100/100
|-enditem|p2a: Iron Hands|Booster Energy
|-activate|p2a: Iron Hands|ability: Quark Drive|[fromitem]
|-start|p2a: Iron Hands|quarkdriveatk
|turn|17
|
|t:|1769341346
|-end|p1a: Kingambit|fallen4|[silent]
|switch|p1a: Indeedee|Indeedee, M|100/100
|-activate|p1a: Indeedee|move: Sticky Web
|-unboost|p1a: Indeedee|spe|1
|-status|p1a: Indeedee|psn
|-fieldstart|move: Psychic Terrain|[from] ability: Psychic Surge|[of] p1a: Indeedee
|move|p2a: Iron Hands|Drain Punch|p1a: Indeedee
|-damage|p1a: Indeedee|0 fnt
|faint|p1a: Indeedee
|
|upkeep
|-message|apexacer forfeited.
|
|win|LunaBlast
|raw|apexacer's rating: 1524 &rarr; <strong>1508</strong><br />(-16 for losing)
|raw|LunaBlast's rating: 1588 &rarr; <strong>1604</strong><br />(+16 for winning)
|l|☆apexacer
|player|p1|
|l| oaim
|l|☆LunaBlast
|player|p2|
|l| dseokp
