|j|☆50maxdam50
|j|☆INTZ2902
|t:|1769423624
|gametype|singles
|player|p1|50maxdam50|red|1098
|player|p2|INTZ2902|youngster-gen4dp|1099
|gen|9
|tier|[Gen 9] OU
|rated|
|rule|HP Percentage Mod: HP is shown in percentages
|rule|Endless Battle Clause: Forcing endless battles is banned
|rule|Species Clause: Limit one of each Pokémon
|rule|OHKO Clause: OHKO moves are banned
|rule|Evasion Items Clause: Evasion items are banned
|rule|Evasion Moves Clause: Evasion moves are banned
|rule|Evasion Abilities Clause: Evasion abilities are banned
|rule|Sleep Moves Clause: Sleep-inducing moves are banned
|clearpoke
|poke|p1|Sandy Shocks|
|poke|p1|Tentacruel, F|
|poke|p1|Skarmory, M|
|poke|p1|Grafaiai, F|
|poke|p1|Hydreigon, F|
|poke|p1|Conkeldurr, M|
|poke|p2|Raging Bolt|
|poke|p2|Ceruledge, F|
|poke|p2|Hatterene, F|
|poke|p2|Weezing-Galar, M|
|poke|p2|Garchomp, F|
|poke|p2|Umbreon, M|
|teampreview
|
|t:|1769423632
|teamsize|p1|6
|teamsize|p2|6
|start
|switch|p1a: Sandy Shocks|Sandy Shocks|100/100
|switch|p2a: Garchomp|Garchomp, F|100/100
|turn|1
|
|t:|1769423645
|-terastallize|p1a: Sandy Shocks|Ice
|move|p1a: Sandy Shocks|Tera Blast|p2a: Garchomp|[anim] Tera Blast Ice
|-supereffective|p2a: Garchomp
|-damage|p2a: Garchomp|0 fnt
|faint|p2a: Garchomp
|
|upkeep
|
|t:|1769423654
|switch|p2a: Ceruledge|Ceruledge, F|100/100
|turn|2
|
|t:|1769423661
|move|p1a: Sandy Shocks|Earth Power|p2a: Ceruledge
|-supereffective|p2a: Ceruledge
|-enditem|p2a: Ceruledge|Focus Sash
|-damage|p2a: Ceruledge|1/100
|move|p2a: Ceruledge|Bitter Blade|p1a: Sandy Shocks
|-supereffective|p1a: Sandy Shocks
|-damage|p1a: Sandy Shocks|0 fnt
|-heal|p2a: Ceruledge|54/100|[from] drain|[of] p1a: Sandy Shocks
|faint|p1a: Sandy Shocks
|-end|p1a: Sandy Shocks|Protosynthesis|[silent]
|
|upkeep
|
|t:|1769423672
|switch|p1a: Hydreigon|Hydreigon, F|100/100
|turn|3
|
|t:|1769423685
|switch|p2a: Umbreon|Umbreon, M|100/100
|move|p1a: Hydreigon|Dark Pulse|p2a: Umbreon
|-resisted|p2a: Umbreon
|-damage|p2a: Umbreon|85/100
|
|-heal|p2a: Umbreon|91/100|[from] item: Leftovers
|upkeep
|turn|4
|
|t:|1769423700
|switch|p1a: Grafaiai|Grafaiai, F|100/100
|move|p2a: Umbreon|Toxic|p1a: Grafaiai
|-immune|p1a: Grafaiai
|
|-heal|p2a: Umbreon|97/100|[from] item: Leftovers
|upkeep
|turn|5
|
|t:|1769423711
|move|p1a: Grafaiai|Knock Off|p2a: Umbreon
|-resisted|p2a: Umbreon
|-damage|p2a: Umbreon|90/100
|-enditem|p2a: Umbreon|Leftovers|[from] move: Knock Off|[of] p1a: Grafaiai
|move|p2a: Umbreon|Thunder Wave|p1a: Grafaiai|[miss]
|-miss|p2a: Umbreon|p1a: Grafaiai
|
|upkeep
|turn|6
|
|t:|1769423720
|move|p1a: Grafaiai|Knock Off|p2a: Umbreon
|-resisted|p2a: Umbreon
|-crit|p2a: Umbreon
|-damage|p2a: Umbreon|83/100
|move|p2a: Umbreon|Thunder Wave|p1a: Grafaiai
|-status|p1a: Grafaiai|par
|
|upkeep
|turn|7
|
|t:|1769423726
|move|p2a: Umbreon|Wish|p2a: Umbreon
|move|p1a: Grafaiai|Knock Off|p2a: Umbreon
|-resisted|p2a: Umbreon
|-damage|p2a: Umbreon|78/100
|
|upkeep
|turn|8
|
|t:|1769423732
|move|p2a: Umbreon|Foul Play|p1a: Grafaiai
|-damage|p1a: Grafaiai|58/100 par
|move|p1a: Grafaiai|Knock Off|p2a: Umbreon
|-resisted|p2a: Umbreon
|-damage|p2a: Umbreon|73/100
|
|-heal|p2a: Umbreon|100/100|[from] move: Wish|[wisher] Umbreon
|-heal|p1a: Grafaiai|64/100 par|[from] item: Leftovers
|upkeep
|turn|9
|
|t:|1769423742
|switch|p1a: Tentacruel|Tentacruel, F|100/100
|move|p2a: Umbreon|Foul Play|p1a: Tentacruel
|-damage|p1a: Tentacruel|62/100
|
|-heal|p1a: Tentacruel|68/100|[from] item: Black Sludge
|upkeep
|turn|10
|
|t:|1769423749
|move|p1a: Tentacruel|Toxic|p2a: Umbreon
|-status|p2a: Umbreon|tox
|-activate|p2a: Umbreon|ability: Synchronize
|-immune|p1a: Tentacruel
|move|p2a: Umbreon|Thunder Wave|p1a: Tentacruel|[miss]
|-miss|p2a: Umbreon|p1a: Tentacruel
|
|-heal|p1a: Tentacruel|74/100|[from] item: Black Sludge
|-damage|p2a: Umbreon|94/100 tox|[from] psn
|upkeep
|turn|11
|
|t:|1769423759
|move|p1a: Tentacruel|Flip Turn|p2a: Umbreon
|-damage|p2a: Umbreon|85/100 tox
|
|t:|1769423779
|switch|p1a: Grafaiai|Grafaiai, F|64/100 par|[from] Flip Turn
|move|p2a: Umbreon|Thunder Wave|p1a: Grafaiai
|-fail|p1a: Grafaiai|par
|
|-heal|p1a: Grafaiai|70/100 par|[from] item: Leftovers
|-damage|p2a: Umbreon|72/100 tox|[from] psn
|upkeep
|turn|12
|
|t:|1769423787
|move|p2a: Umbreon|Wish|p2a: Umbreon
|move|p1a: Grafaiai|Knock Off|p2a: Umbreon
|-resisted|p2a: Umbreon
|-damage|p2a: Umbreon|68/100 tox
|
|-heal|p1a: Grafaiai|76/100 par|[from] item: Leftovers
|-damage|p2a: Umbreon|50/100 tox|[from] psn
|upkeep
|turn|13
|
|t:|1769423795
|switch|p2a: Ceruledge|Ceruledge, F|54/100
|move|p1a: Grafaiai|Knock Off|p2a: Ceruledge
|-supereffective|p2a: Ceruledge
|-damage|p2a: Ceruledge|10/100
|
|-heal|p2a: Ceruledge|77/100|[from] move: Wish|[wisher] Umbreon
|-heal|p1a: Grafaiai|82/100 par|[from] item: Leftovers
|upkeep
|turn|14
|
|t:|1769423808
|switch|p1a: Hydreigon|Hydreigon, F|100/100
|move|p2a: Ceruledge|Bitter Blade|p1a: Hydreigon
|-resisted|p1a: Hydreigon
|-damage|p1a: Hydreigon|74/100
|-heal|p2a: Ceruledge|93/100|[from] drain|[of] p1a: Hydreigon
|
|upkeep
|turn|15
|
|t:|1769423820
|switch|p2a: Weezing|Weezing-Galar, M|100/100
|-ability|p2a: Weezing|Neutralizing Gas
|move|p1a: Hydreigon|Earth Power|p2a: Weezing
|-supereffective|p2a: Weezing
|-damage|p2a: Weezing|23/100
|
|-heal|p2a: Weezing|30/100|[from] item: Leftovers
|upkeep
|turn|16
|
|t:|1769423838
|move|p1a: Hydreigon|Earth Power|p2a: Weezing
|-supereffective|p2a: Weezing
|-damage|p2a: Weezing|0 fnt
|faint|p2a: Weezing
|-end|p2a: Weezing|ability: Neutralizing Gas
|
|upkeep
|
|t:|1769423849
|switch|p2a: Hatterene|Hatterene, F|100/100
|turn|17
|
|t:|1769423859
|switch|p1a: Grafaiai|Grafaiai, F|82/100 par
|move|p2a: Hatterene|Draining Kiss|p1a: Grafaiai
|-resisted|p1a: Grafaiai
|-damage|p1a: Grafaiai|66/100 par
|
|-heal|p1a: Grafaiai|72/100 par|[from] item: Leftovers
|upkeep
|turn|18
|
|t:|1769423873
|switch|p2a: Raging Bolt|Raging Bolt|100/100
|-enditem|p2a: Raging Bolt|Booster Energy
|-activate|p2a: Raging Bolt|ability: Protosynthesis|[fromitem]
|-start|p2a: Raging Bolt|protosynthesisspa
|move|p1a: Grafaiai|Encore||[still]
|-fail|p1a: Grafaiai
|
|-heal|p1a: Grafaiai|78/100 par|[from] item: Leftovers
|upkeep
|turn|19
|
|t:|1769423885
|move|p1a: Grafaiai|Toxic|p2a: Raging Bolt
|-status|p2a: Raging Bolt|tox
|move|p2a: Raging Bolt|Thunderbolt|p1a: Grafaiai
|-damage|p1a: Grafaiai|0 fnt
|faint|p1a: Grafaiai
|
|-damage|p2a: Raging Bolt|94/100 tox|[from] psn
|upkeep
|
|t:|1769423892
|switch|p1a: Hydreigon|Hydreigon, F|74/100
|turn|20
|
|t:|1769423895
|move|p2a: Raging Bolt|Thunderclap|p1a: Hydreigon
|-resisted|p1a: Hydreigon
|-damage|p1a: Hydreigon|45/100
|move|p1a: Hydreigon|Draco Meteor|p2a: Raging Bolt
|-supereffective|p2a: Raging Bolt
|-damage|p2a: Raging Bolt|0 fnt
|-unboost|p1a: Hydreigon|spa|2
|faint|p2a: Raging Bolt
|-end|p2a: Raging Bolt|Protosynthesis|[silent]
|
|upkeep
|
|t:|1769423907
|switch|p2a: Hatterene|Hatterene, F|100/100
|turn|21
|
|t:|1769423914
|switch|p1a: Tentacruel|Tentacruel, F|74/100
|move|p2a: Hatterene|Mystical Fire|p1a: Tentacruel
|-resisted|p1a: Tentacruel
|-damage|p1a: Tentacruel|67/100
|
|-heal|p1a: Tentacruel|73/100|[from] item: Black Sludge
|upkeep
|turn|22
|
|t:|1769423926
|switch|p2a: Ceruledge|Ceruledge, F|93/100
|move|p1a: Tentacruel|Surf|p2a: Ceruledge
|-supereffective|p2a: Ceruledge
|-damage|p2a: Ceruledge|33/100
|
|-heal|p1a: Tentacruel|79/100|[from] item: Black Sludge
|upkeep
|turn|23
|
|t:|1769423934
|move|p2a: Ceruledge|Destiny Bond|p2a: Ceruledge
|-singlemove|p2a: Ceruledge|Destiny Bond
|move|p1a: Tentacruel|Surf|p2a: Ceruledge
|-supereffective|p2a: Ceruledge
|-damage|p2a: Ceruledge|0 fnt
|faint|p2a: Ceruledge
|-activate|p2a: Ceruledge|move: Destiny Bond
|faint|p1a: Tentacruel
|
|upkeep
|
|t:|1769423956
|switch|p2a: Umbreon|Umbreon, M|50/100 tox
|switch|p1a: Skarmory|Skarmory, M|100/100
|turn|24
|
|t:|1769423965
|move|p2a: Umbreon|Thunder Wave|p1a: Skarmory
|-status|p1a: Skarmory|par
|move|p1a: Skarmory|Stealth Rock|p2a: Umbreon
|-sidestart|p2: INTZ2902|move: Stealth Rock
|
|-damage|p2a: Umbreon|44/100 tox|[from] psn
|upkeep
|turn|25
|
|t:|1769423971
|move|p2a: Umbreon|Wish|p2a: Umbreon
|move|p1a: Skarmory|Whirlwind|p2a: Umbreon
|drag|p2a: Hatterene|Hatterene, F|100/100
|-damage|p2a: Hatterene|88/100|[from] Stealth Rock
|
|-heal|p2a: Hatterene|94/100|[from] item: Leftovers
|upkeep
|turn|26
|
|t:|1769423979
|move|p2a: Hatterene|Mystical Fire|p1a: Skarmory
|-supereffective|p1a: Skarmory
|-damage|p1a: Skarmory|36/100 par
|-unboost|p1a: Skarmory|spa|1
|move|p1a: Skarmory|Whirlwind|p2a: Hatterene
|move|p2a: Hatterene|Whirlwind|p1a: Skarmory|[from] ability: Magic Bounce
|drag|p1a: Conkeldurr|Conkeldurr, M|100/100
|
|-heal|p2a: Hatterene|100/100|[from] move: Wish|[wisher] Umbreon
|-status|p1a: Conkeldurr|brn|[from] item: Flame Orb
|upkeep
|turn|27
|
|t:|1769423994
|move|p1a: Conkeldurr|Knock Off|p2a: Hatterene
|-damage|p2a: Hatterene|34/100
|-enditem|p2a: Hatterene|Leftovers|[from] move: Knock Off|[of] p1a: Conkeldurr
|move|p2a: Hatterene|Draining Kiss|p1a: Conkeldurr
|-supereffective|p1a: Conkeldurr
|-damage|p1a: Conkeldurr|45/100 brn
|-heal|p2a: Hatterene|89/100|[from] drain|[of] p1a: Conkeldurr
|
|-damage|p1a: Conkeldurr|39/100 brn|[from] brn
|upkeep
|turn|28
|
|t:|1769424003
|move|p1a: Conkeldurr|Knock Off|p2a: Hatterene
|-damage|p2a: Hatterene|44/100
|move|p2a: Hatterene|Draining Kiss|p1a: Conkeldurr
|-supereffective|p1a: Conkeldurr
|-damage|p1a: Conkeldurr|0 fnt
|-heal|p2a: Hatterene|82/100|[from] drain|[of] p1a: Conkeldurr
|faint|p1a: Conkeldurr
|
|upkeep
|
|t:|1769424006
|switch|p1a: Skarmory|Skarmory, M|36/100 par
|turn|29
|
|t:|1769424018
|move|p2a: Hatterene|Mystical Fire|p1a: Skarmory
|-supereffective|p1a: Skarmory
|-damage|p1a: Skarmory|0 fnt
|faint|p1a: Skarmory
|
|upkeep
|
|t:|1769424023
|switch|p1a: Hydreigon|Hydreigon, F|45/100
|turn|30
|-message|50maxdam50 forfeited.
|
|win|INTZ2902
|raw|50maxdam50's rating: 1098 &rarr; <strong>1073</strong><br />(-25 for losing)
|raw|INTZ2902's rating: 1099 &rarr; <strong>1124</strong><br />(+25 for winning)
|l|☆50maxdam50
|player|p1|
|l|☆INTZ2902
|player|p2|
