|j|☆stormhero
|j|☆2001 waves
|t:|1769406812
|gametype|singles
|player|p1|stormhero|hugh|1428
|player|p2|2001 waves|2|1451
|gen|9
|tier|[Gen 9] OU
|rated|
|rule|HP Percentage Mod: HP is shown in percentages
|rule|Endless Battle Clause: Forcing endless battles is banned
|rule|Species Clause: Limit one of each Pokémon
|rule|OHKO Clause: OHKO moves are banned
|rule|Evasion Items Clause: Evasion items are banned
|rule|Evasion Moves Clause: Evasion moves are banned
|rule|Evasion Abilities Clause: Evasion abilities are banned
|rule|Sleep Moves Clause: Sleep-inducing moves are banned
|clearpoke
|poke|p1|Cinderace, M|
|poke|p1|Gholdengo|
|poke|p1|Meowscarada, M|
|poke|p1|Ogerpon-Cornerstone, F|
|poke|p1|Ting-Lu|
|poke|p1|Primarina, F|
|poke|p2|Samurott-Hisui, F|
|poke|p2|Darkrai|
|poke|p2|Gholdengo|
|poke|p2|Great Tusk|
|poke|p2|Zoroark-Hisui, M|
|poke|p2|Clefable, M|
|teampreview
|inactive|Battle timer is ON: inactive players will automatically lose when time's up. (requested by stormhero)
|inactive|stormhero has 120 seconds left.
|
|t:|1769406850
|teamsize|p1|6
|teamsize|p2|6
|start
|switch|p1a: Primarina|Primarina, F, shiny|100/100
|switch|p2a: Clefable|Clefable, M|100/100
|turn|1
|
|t:|1769406861
|move|p1a: Primarina|Moonblast|p2a: Clefable
|-damage|p2a: Clefable|46/100
|move|p2a: Clefable|Knock Off|p1a: Primarina
|-resisted|p1a: Primarina
|-damage|p1a: Primarina|93/100
|-enditem|p1a: Primarina|Assault Vest|[from] move: Knock Off|[of] p2a: Clefable
|
|upkeep
|turn|2
|
|t:|1769406872
|switch|p2a: Gholdengo|Gholdengo|100/100
|-item|p2a: Gholdengo|Air Balloon
|move|p1a: Primarina|Moonblast|p2a: Gholdengo
|-resisted|p2a: Gholdengo
|-damage|p2a: Gholdengo|73/100
|-enditem|p2a: Gholdengo|Air Balloon
|
|upkeep
|turn|3
|
|t:|1769406883
|switch|p2a: Clefable|Clefable, M|46/100
|switch|p1a: Ting-Lu|Ting-Lu|100/100
|-ability|p1a: Ting-Lu|Vessel of Ruin
|
|upkeep
|turn|4
|
|t:|1769406891
|move|p2a: Clefable|Moonlight|p2a: Clefable
|-heal|p2a: Clefable|96/100
|move|p1a: Ting-Lu|Spikes|p2a: Clefable
|-sidestart|p2: 2001 waves|Spikes
|
|upkeep
|turn|5
|
|t:|1769406897
|move|p2a: Clefable|Knock Off|p1a: Ting-Lu
|-resisted|p1a: Ting-Lu
|-damage|p1a: Ting-Lu|97/100
|-enditem|p1a: Ting-Lu|Leftovers|[from] move: Knock Off|[of] p2a: Clefable
|move|p1a: Ting-Lu|Spikes|p2a: Clefable
|-sidestart|p2: 2001 waves|Spikes
|
|upkeep
|turn|6
|
|t:|1769406905
|move|p2a: Clefable|Calm Mind|p2a: Clefable
|-boost|p2a: Clefable|spa|1
|-boost|p2a: Clefable|spd|1
|move|p1a: Ting-Lu|Ruination|p2a: Clefable
|-damage|p2a: Clefable|48/100
|
|upkeep
|turn|7
|
|t:|1769406917
|switch|p1a: Ogerpon|Ogerpon-Cornerstone, F|100/100
|move|p2a: Clefable|Moonlight|p2a: Clefable
|-heal|p2a: Clefable|98/100
|
|upkeep
|turn|8
|
|t:|1769406923
|move|p1a: Ogerpon|Encore|p2a: Clefable
|-start|p2a: Clefable|Encore
|move|p2a: Clefable|Moonlight|p2a: Clefable
|-heal|p2a: Clefable|100/100
|
|upkeep
|turn|9
|
|t:|1769406928
|switch|p2a: Gholdengo|Gholdengo|73/100
|-damage|p2a: Gholdengo|56/100|[from] Spikes
|move|p1a: Ogerpon|Ivy Cudgel|p2a: Gholdengo|[anim] Ivy Cudgel Rock
|-resisted|p2a: Gholdengo
|-damage|p2a: Gholdengo|34/100
|
|upkeep
|turn|10
|
|t:|1769406941
|switch|p1a: ACE|Cinderace, M, shiny|100/100
|switch|p2a: Clefable|Clefable, M|100/100
|
|upkeep
|turn|11
|
|t:|1769406951
|move|p1a: ACE|U-turn|p2a: Clefable
|-start|p1a: ACE|typechange|Bug|[from] ability: Libero
|-resisted|p2a: Clefable
|-damage|p2a: Clefable|88/100
|
|t:|1769406956
|switch|p1a: Primarina|Primarina, F, shiny|93/100|[from] U-turn
|move|p2a: Clefable|Knock Off|p1a: Primarina
|-resisted|p1a: Primarina
|-damage|p1a: Primarina|87/100
|
|upkeep
|turn|12
|
|t:|1769406963
|move|p1a: Primarina|Moonblast|p2a: Clefable
|-damage|p2a: Clefable|39/100
|-unboost|p2a: Clefable|spa|1
|move|p2a: Clefable|Calm Mind|p2a: Clefable
|-boost|p2a: Clefable|spa|1
|-boost|p2a: Clefable|spd|1
|
|upkeep
|turn|13
|
|t:|1769406969
|move|p1a: Primarina|Psychic Noise|p2a: Clefable
|-damage|p2a: Clefable|22/100
|-start|p2a: Clefable|move: Heal Block
|cant|p2a: Clefable|move: Heal Block|Moonlight
|
|upkeep
|turn|14
|
|t:|1769406977
|move|p1a: Primarina|Moonblast|p2a: Clefable
|-damage|p2a: Clefable|0 fnt
|faint|p2a: Clefable
|
|upkeep
|
|t:|1769406983
|switch|p2a: Samurott|Samurott-Hisui, F|100/100
|-damage|p2a: Samurott|84/100|[from] Spikes
|turn|15
|
|t:|1769406988
|move|p2a: Samurott|Hyper Voice|p1a: Primarina
|-damage|p1a: Primarina|25/100
|move|p1a: Primarina|Moonblast|p2a: Samurott
|-damage|p2a: Samurott|0 fnt
|replace|p2a: Zoroark|Zoroark-Hisui, M
|-end|p2a: Zoroark|Illusion
|faint|p2a: Zoroark
|
|upkeep
|
|t:|1769406995
|switch|p2a: Great Tusk|Great Tusk|100/100
|turn|16
|
|t:|1769407005
|move|p2a: Great Tusk|Headlong Rush|p1a: Primarina
|-damage|p1a: Primarina|0 fnt
|-unboost|p2a: Great Tusk|def|1
|-unboost|p2a: Great Tusk|spd|1
|faint|p1a: Primarina
|
|upkeep
|
|t:|1769407019
|switch|p1a: Ogerpon|Ogerpon-Cornerstone, F|100/100
|turn|17
|
|t:|1769407029
|-end|p2a: Great Tusk|Protosynthesis|[silent]
|switch|p2a: Darkrai|Darkrai|100/100
|move|p1a: Ogerpon|Seed Bomb|p2a: Darkrai
|-damage|p2a: Darkrai|32/100
|
|upkeep
|turn|18
|
|t:|1769407036
|switch|p1a: Ting-Lu|Ting-Lu|97/100
|-ability|p1a: Ting-Lu|Vessel of Ruin
|move|p2a: Darkrai|Will-O-Wisp|p1a: Ting-Lu
|-status|p1a: Ting-Lu|brn
|
|-damage|p1a: Ting-Lu|91/100 brn|[from] brn
|upkeep
|turn|19
|
|t:|1769407051
|switch|p2a: Samurott|Samurott-Hisui, F|100/100
|-damage|p2a: Samurott|84/100|[from] Spikes
|move|p1a: Ting-Lu|Earthquake|p2a: Samurott
|-damage|p2a: Samurott|65/100
|
|-damage|p1a: Ting-Lu|85/100 brn|[from] brn
|upkeep
|turn|20
|
|t:|1769407068
|move|p2a: Samurott|Ceaseless Edge|p1a: Ting-Lu
|-resisted|p1a: Ting-Lu
|-damage|p1a: Ting-Lu|76/100 brn
|-sidestart|p1: stormhero|Spikes
|move|p1a: Ting-Lu|Whirlwind|p2a: Samurott
|drag|p2a: Darkrai|Darkrai|32/100
|
|-damage|p1a: Ting-Lu|70/100 brn|[from] brn
|upkeep
|turn|21
|
|t:|1769407078
|switch|p2a: Samurott|Samurott-Hisui, F|65/100
|-damage|p2a: Samurott|49/100|[from] Spikes
|move|p1a: Ting-Lu|Earthquake|p2a: Samurott
|-damage|p2a: Samurott|30/100
|
|-damage|p1a: Ting-Lu|64/100 brn|[from] brn
|upkeep
|turn|22
|
|t:|1769407087
|move|p2a: Samurott|Razor Shell|p1a: Ting-Lu
|-supereffective|p1a: Ting-Lu
|-damage|p1a: Ting-Lu|18/100 brn
|move|p1a: Ting-Lu|Earthquake|p2a: Samurott
|-crit|p2a: Samurott
|-damage|p2a: Samurott|0 fnt
|faint|p2a: Samurott
|
|-damage|p1a: Ting-Lu|12/100 brn|[from] brn
|upkeep
|
|t:|1769407098
|switch|p2a: Great Tusk|Great Tusk|100/100
|turn|23
|
|t:|1769407105
|switch|p1a: CTC|Gholdengo, shiny|100/100
|-damage|p1a: CTC|88/100|[from] Spikes
|move|p2a: Great Tusk|Ice Spinner|p1a: CTC
|-resisted|p1a: CTC
|-damage|p1a: CTC|74/100
|
|upkeep
|turn|24
|
|t:|1769407126
|switch|p1a: Meowscarada|Meowscarada, M, shiny|100/100
|-damage|p1a: Meowscarada|88/100|[from] Spikes
|move|p2a: Great Tusk|Headlong Rush|p1a: Meowscarada
|-resisted|p1a: Meowscarada
|-damage|p1a: Meowscarada|42/100
|-unboost|p2a: Great Tusk|def|1
|-unboost|p2a: Great Tusk|spd|1
|
|upkeep
|turn|25
|
|t:|1769407134
|move|p1a: Meowscarada|Flower Trick|p2a: Great Tusk
|-start|p1a: Meowscarada|typechange|Grass|[from] ability: Protean
|-supereffective|p2a: Great Tusk
|-crit|p2a: Great Tusk
|-damage|p2a: Great Tusk|0 fnt
|faint|p2a: Great Tusk
|-end|p2a: Great Tusk|Protosynthesis|[silent]
|
|upkeep
|
|t:|1769407140
|switch|p2a: Darkrai|Darkrai|32/100
|turn|26
|
|t:|1769407146
|move|p2a: Darkrai|Ice Beam|p1a: Meowscarada
|-supereffective|p1a: Meowscarada
|-damage|p1a: Meowscarada|0 fnt
|faint|p1a: Meowscarada
|
|upkeep
|
|t:|1769407159
|switch|p1a: CTC|Gholdengo, shiny|74/100
|-damage|p1a: CTC|61/100|[from] Spikes
|turn|27
|
|t:|1769407169
|-terastallize|p1a: CTC|Fairy
|move|p1a: CTC|Dazzling Gleam|p2a: Darkrai
|-supereffective|p2a: Darkrai
|-damage|p2a: Darkrai|0 fnt
|faint|p2a: Darkrai
|
|upkeep
|
|t:|1769407173
|switch|p2a: Gholdengo|Gholdengo|34/100
|-damage|p2a: Gholdengo|17/100|[from] Spikes
|turn|28
|
|t:|1769407177
|move|p1a: CTC|Dazzling Gleam|p2a: Gholdengo
|-resisted|p2a: Gholdengo
|-damage|p2a: Gholdengo|0 fnt
|faint|p2a: Gholdengo
|
|win|stormhero
|raw|stormhero's rating: 1428 &rarr; <strong>1449</strong><br />(+21 for winning)
|raw|2001 waves's rating: 1451 &rarr; <strong>1430</strong><br />(-21 for losing)
|l|☆2001 waves
|player|p2|
|c|☆stormhero|gg
