|j|☆vgyt
|j|‽nakgy
|t:|1769404152
|gametype|singles
|player|p1|vgyt|hiker-gen4|1132
|player|p2|nakgy|169|1155
|gen|9
|tier|[Gen 9] OU
|rated|
|rule|HP Percentage Mod: HP is shown in percentages
|rule|Endless Battle Clause: Forcing endless battles is banned
|rule|Species Clause: Limit one of each Pokémon
|rule|OHKO Clause: OHKO moves are banned
|rule|Evasion Items Clause: Evasion items are banned
|rule|Evasion Moves Clause: Evasion moves are banned
|rule|Evasion Abilities Clause: Evasion abilities are banned
|rule|Sleep Moves Clause: Sleep-inducing moves are banned
|clearpoke
|poke|p1|Kingambit, M|
|poke|p1|Dragonite, F|
|poke|p1|Great Tusk|
|poke|p1|Gholdengo|
|poke|p1|Rotom-Wash|
|poke|p1|Iron Moth|
|poke|p2|Ogerpon-Wellspring, F|
|poke|p2|Heatran, F|
|poke|p2|Mandibuzz, F|
|poke|p2|Wyrdeer, F|
|poke|p2|Gliscor, M|
|poke|p2|Mimikyu, M|
|teampreview
|inactive|Battle timer is ON: inactive players will automatically lose when time's up. (requested by nakgy)
|inactive|nakgy has 120 seconds left.
|
|t:|1769404188
|teamsize|p1|6
|teamsize|p2|6
|start
|switch|p1a: Dragonite|Dragonite, F, shiny|100/100
|switch|p2a: Heatran|Heatran, F|100/100
|-item|p2a: Heatran|Air Balloon
|turn|1
|
|t:|1769404216
|switch|p1a: Rotom|Rotom-Wash, shiny|100/100
|move|p2a: Heatran|Magma Storm|p1a: Rotom
|-resisted|p1a: Rotom
|-damage|p1a: Rotom|68/100
|-activate|p1a: Rotom|move: Magma Storm|[of] p2a: Heatran
|
|-damage|p1a: Rotom|56/100|[from] move: Magma Storm|[partiallytrapped]
|upkeep
|turn|2
|inactive|vgyt has 120 seconds left.
|
|t:|1769404240
|switch|p2a: Ogerpon|Ogerpon-Wellspring, F|100/100
|move|p1a: Rotom|Hydro Pump|p2a: Ogerpon
|-immune|p2a: Ogerpon|[from] ability: Water Absorb
|
|-end|p1a: Rotom|Magma Storm|[partiallytrapped]|[silent]
|upkeep
|turn|3
|inactive|vgyt has 120 seconds left.
|
|t:|1769404253
|move|p2a: Ogerpon|Horn Leech|p1a: Rotom
|-supereffective|p1a: Rotom
|-damage|p1a: Rotom|0 fnt
|faint|p1a: Rotom
|
|upkeep
|inactive|vgyt has 120 seconds left.
|
|t:|1769404268
|switch|p1a: Dragonite|Dragonite, F, shiny|100/100
|turn|4
|inactive|vgyt has 120 seconds left.
|
|t:|1769404275
|move|p2a: Ogerpon|Play Rough|p1a: Dragonite
|-supereffective|p1a: Dragonite
|-damage|p1a: Dragonite|76/100
|-damage|p2a: Ogerpon|84/100|[from] item: Rocky Helmet|[of] p1a: Dragonite
|move|p1a: Dragonite|Air Slash|p2a: Ogerpon
|-supereffective|p2a: Ogerpon
|-damage|p2a: Ogerpon|24/100
|
|upkeep
|turn|5
|inactive|vgyt has 120 seconds left.
|
|t:|1769404298
|switch|p2a: Gliscor|Gliscor, M|100/100
|-terastallize|p1a: Dragonite|Steel
|move|p1a: Dragonite|Air Slash|p2a: Gliscor
|-damage|p2a: Gliscor|67/100
|
|-status|p2a: Gliscor|tox|[from] item: Toxic Orb
|upkeep
|turn|6
|
|t:|1769404323
|switch|p1a: Gholdengo|Gholdengo, shiny|100/100
|-item|p1a: Gholdengo|Air Balloon
|move|p2a: Gliscor|Substitute|p2a: Gliscor
|-start|p2a: Gliscor|Substitute
|-damage|p2a: Gliscor|42/100 tox
|
|-heal|p2a: Gliscor|54/100 tox|[from] ability: Poison Heal
|upkeep
|turn|7
|inactive|vgyt has 90 seconds left.
|
|t:|1769404339
|move|p2a: Gliscor|Protect|p2a: Gliscor
|-singleturn|p2a: Gliscor|Protect
|move|p1a: Gholdengo|Shadow Ball|p2a: Gliscor
|-activate|p2a: Gliscor|move: Protect
|
|-heal|p2a: Gliscor|67/100 tox|[from] ability: Poison Heal
|upkeep
|turn|8
|
|t:|1769404352
|move|p2a: Gliscor|Protect||[still]
|-fail|p2a: Gliscor
|move|p1a: Gholdengo|Shadow Ball|p2a: Gliscor
|-end|p2a: Gliscor|Substitute
|
|-heal|p2a: Gliscor|79/100 tox|[from] ability: Poison Heal
|upkeep
|turn|9
|inactive|vgyt has 90 seconds left.
|
|t:|1769404369
|switch|p2a: Wyrdeer|Wyrdeer, F|100/100
|move|p1a: Gholdengo|Nasty Plot|p1a: Gholdengo
|-boost|p1a: Gholdengo|spa|2
|
|upkeep
|turn|10
|inactive|vgyt has 90 seconds left.
|
|t:|1769404384
|move|p2a: Wyrdeer|Trailblaze|p1a: Gholdengo
|-resisted|p1a: Gholdengo
|-damage|p1a: Gholdengo|94/100
|-boost|p2a: Wyrdeer|spe|1
|-enditem|p1a: Gholdengo|Air Balloon
|move|p1a: Gholdengo|Make It Rain|p2a: Wyrdeer
|-damage|p2a: Wyrdeer|0 fnt
|-unboost|p1a: Gholdengo|spa|1
|faint|p2a: Wyrdeer
|
|upkeep
|
|t:|1769404398
|switch|p2a: Heatran|Heatran, F|100/100
|-item|p2a: Heatran|Air Balloon
|turn|11
|inactive|vgyt has 90 seconds left.
|
|t:|1769404423
|switch|p1a: Great Tusk|Great Tusk, shiny|100/100
|move|p2a: Heatran|Magma Storm|p1a: Great Tusk
|-damage|p1a: Great Tusk|19/100
|-activate|p1a: Great Tusk|move: Magma Storm|[of] p2a: Heatran
|
|-damage|p1a: Great Tusk|7/100|[from] move: Magma Storm|[partiallytrapped]
|upkeep
|turn|12
|
|t:|1769404438
|switch|p2a: Mimikyu|Mimikyu, M|100/100
|move|p1a: Great Tusk|Head Smash|p2a: Mimikyu
|-activate|p2a: Mimikyu|ability: Disguise
|-damage|p2a: Mimikyu|100/100
|detailschange|p2a: Mimikyu|Mimikyu-Busted, M
|-damage|p2a: Mimikyu|88/100|[from] pokemon: Mimikyu-Busted
|
|-end|p1a: Great Tusk|Magma Storm|[partiallytrapped]|[silent]
|upkeep
|turn|13
|
|t:|1769404448
|move|p2a: Mimikyu|Shadow Sneak|p1a: Great Tusk
|-damage|p1a: Great Tusk|0 fnt
|faint|p1a: Great Tusk
|-end|p1a: Great Tusk|Protosynthesis|[silent]
|-damage|p2a: Mimikyu|78/100|[from] item: Life Orb
|
|upkeep
|
|t:|1769404465
|switch|p1a: Iron Moth|Iron Moth, shiny|100/100
|turn|14
|
|t:|1769404473
|switch|p2a: Heatran|Heatran, F|100/100
|-item|p2a: Heatran|Air Balloon
|move|p1a: Iron Moth|Sludge Wave|p2a: Heatran
|-immune|p2a: Heatran
|
|upkeep
|turn|15
|
|t:|1769404483
|-end|p1a: Iron Moth|Quark Drive|[silent]
|switch|p1a: Dragonite|Dragonite, F, shiny, tera:Steel|76/100
|move|p2a: Heatran|Stealth Rock|p1a: Dragonite
|-sidestart|p1: vgyt|move: Stealth Rock
|
|upkeep
|turn|16
|inactive|vgyt has 90 seconds left.
|
|t:|1769404494
|move|p1a: Dragonite|Dragon Pulse|p2a: Heatran
|-resisted|p2a: Heatran
|-damage|p2a: Heatran|89/100
|-enditem|p2a: Heatran|Air Balloon
|move|p2a: Heatran|Earth Power|p1a: Dragonite
|-supereffective|p1a: Dragonite
|-damage|p1a: Dragonite|16/100
|
|upkeep
|turn|17
|
|t:|1769404506
|switch|p2a: Mimikyu|Mimikyu-Busted, M|78/100
|move|p1a: Dragonite|Roost|p1a: Dragonite
|-heal|p1a: Dragonite|66/100
|
|upkeep
|turn|18
|
|t:|1769404517
|move|p2a: Mimikyu|Drain Punch|p1a: Dragonite
|-supereffective|p1a: Dragonite
|-damage|p1a: Dragonite|28/100
|-heal|p2a: Mimikyu|100/100|[from] drain|[of] p1a: Dragonite
|-damage|p2a: Mimikyu|84/100|[from] item: Rocky Helmet|[of] p1a: Dragonite
|-damage|p2a: Mimikyu|74/100|[from] item: Life Orb
|move|p1a: Dragonite|Roost|p1a: Dragonite
|-heal|p1a: Dragonite|78/100
|
|upkeep
|turn|19
|
|t:|1769404529
|move|p2a: Mimikyu|Swords Dance|p2a: Mimikyu
|-boost|p2a: Mimikyu|atk|2
|move|p1a: Dragonite|Thunder Wave|p2a: Mimikyu
|-status|p2a: Mimikyu|par
|
|upkeep
|turn|20
|
|t:|1769404537
|move|p1a: Dragonite|Roost|p1a: Dragonite
|-heal|p1a: Dragonite|100/100
|move|p2a: Mimikyu|Drain Punch|p1a: Dragonite
|-supereffective|p1a: Dragonite
|-damage|p1a: Dragonite|63/100
|-heal|p2a: Mimikyu|100/100 par|[from] drain|[of] p1a: Dragonite
|-damage|p2a: Mimikyu|84/100 par|[from] item: Rocky Helmet|[of] p1a: Dragonite
|-damage|p2a: Mimikyu|74/100 par|[from] item: Life Orb
|
|upkeep
|turn|21
|
|t:|1769404546
|move|p1a: Dragonite|Air Slash|p2a: Mimikyu
|-damage|p2a: Mimikyu|41/100 par
|move|p2a: Mimikyu|Drain Punch|p1a: Dragonite
|-supereffective|p1a: Dragonite
|-damage|p1a: Dragonite|0 fnt
|-heal|p2a: Mimikyu|88/100 par|[from] drain|[of] p1a: Dragonite
|-damage|p2a: Mimikyu|71/100 par|[from] item: Rocky Helmet|[of] p1a: Dragonite
|faint|p1a: Dragonite
|-damage|p2a: Mimikyu|61/100 par|[from] item: Life Orb
|
|upkeep
|
|t:|1769404549
|switch|p1a: Kingambit|Kingambit, M, shiny|100/100
|-damage|p1a: Kingambit|94/100|[from] Stealth Rock
|-activate|p1a: Kingambit|ability: Supreme Overlord
|-start|p1a: Kingambit|fallen3|[silent]
|turn|22
|
|t:|1769404569
|move|p2a: Mimikyu|Drain Punch|p1a: Kingambit
|-supereffective|p1a: Kingambit
|-damage|p1a: Kingambit|0 fnt
|-heal|p2a: Mimikyu|100/100 par|[from] drain|[of] p1a: Kingambit
|faint|p1a: Kingambit
|-end|p1a: Kingambit|fallen3|[silent]
|-damage|p2a: Mimikyu|91/100 par|[from] item: Life Orb
|
|upkeep
|-message|vgyt forfeited.
|
|win|nakgy
|raw|vgyt's rating: 1132 &rarr; <strong>1109</strong><br />(-23 for losing)
|raw|nakgy's rating: 1155 &rarr; <strong>1178</strong><br />(+23 for winning)
|l|☆vgyt
|player|p1|
|l|‽nakgy
|player|p2|
