|j|☆LVMH VERSACE
|j|☆fluffycool
|t:|1769418416
|gametype|singles
|player|p1|LVMH VERSACE|lucas|1346
|player|p2|fluffycool|schoolboy-gen2|1407
|gen|9
|tier|[Gen 9] OU
|rated|
|rule|HP Percentage Mod: HP is shown in percentages
|rule|Endless Battle Clause: Forcing endless battles is banned
|rule|Species Clause: Limit one of each Pokémon
|rule|OHKO Clause: OHKO moves are banned
|rule|Evasion Items Clause: Evasion items are banned
|rule|Evasion Moves Clause: Evasion moves are banned
|rule|Evasion Abilities Clause: Evasion abilities are banned
|rule|Sleep Moves Clause: Sleep-inducing moves are banned
|clearpoke
|poke|p1|Dragonite, F|
|poke|p1|Iron Moth|
|poke|p1|Smeargle, M|
|poke|p1|Gholdengo|
|poke|p1|Iron Valiant|
|poke|p1|Great Tusk|
|poke|p2|Latios, M|
|poke|p2|Kingambit, M|
|poke|p2|Clodsire, M|
|poke|p2|Slowking, M|
|poke|p2|Meowscarada, F|
|poke|p2|Skarmory, M|
|teampreview
|inactive|Battle timer is ON: inactive players will automatically lose when time's up. (requested by fluffycool)
|
|t:|1769418422
|teamsize|p1|6
|teamsize|p2|6
|start
|switch|p1a: Smeargle|Smeargle, M|100/100
|switch|p2a: Meowscarada|Meowscarada, F|100/100
|turn|1
|
|t:|1769418426
|move|p1a: Smeargle|Burning Bulwark|p1a: Smeargle
|-singleturn|p1a: Smeargle|move: Protect
|move|p2a: Meowscarada|Knock Off|p1a: Smeargle
|-start|p2a: Meowscarada|typechange|Dark|[from] ability: Protean
|-activate|p1a: Smeargle|move: Protect
|-status|p2a: Meowscarada|brn
|
|-damage|p2a: Meowscarada|94/100 brn|[from] brn
|upkeep
|turn|2
|
|t:|1769418432
|move|p2a: Meowscarada|Knock Off|p1a: Smeargle
|-damage|p1a: Smeargle|50/100
|-enditem|p1a: Smeargle|Focus Sash|[from] move: Knock Off|[of] p2a: Meowscarada
|move|p1a: Smeargle|Sticky Web|p2a: Meowscarada
|-sidestart|p2: fluffycool|move: Sticky Web
|
|-damage|p2a: Meowscarada|88/100 brn|[from] brn
|upkeep
|turn|3
|
|t:|1769418437
|move|p2a: Meowscarada|Knock Off|p1a: Smeargle
|-damage|p1a: Smeargle|17/100
|move|p1a: Smeargle|Memento|p2a: Meowscarada
|-unboost|p2a: Meowscarada|atk|2
|-unboost|p2a: Meowscarada|spa|2
|faint|p1a: Smeargle
|
|-damage|p2a: Meowscarada|82/100 brn|[from] brn
|upkeep
|
|t:|1769418442
|switch|p1a: Great Tusk|Great Tusk|100/100
|-enditem|p1a: Great Tusk|Booster Energy
|-activate|p1a: Great Tusk|ability: Protosynthesis|[fromitem]
|-start|p1a: Great Tusk|protosynthesisatk
|turn|4
|
|t:|1769418448
|switch|p2a: Skarmory|Skarmory, M|100/100
|move|p1a: Great Tusk|Rapid Spin|p2a: Skarmory
|-resisted|p2a: Skarmory
|-damage|p2a: Skarmory|93/100
|-boost|p1a: Great Tusk|spe|1
|-damage|p1a: Great Tusk|84/100|[from] item: Rocky Helmet|[of] p2a: Skarmory
|
|upkeep
|turn|5
|
|t:|1769418453
|move|p1a: Great Tusk|Bulk Up|p1a: Great Tusk
|-boost|p1a: Great Tusk|atk|1
|-boost|p1a: Great Tusk|def|1
|move|p2a: Skarmory|Iron Defense|p2a: Skarmory
|-boost|p2a: Skarmory|def|2
|
|upkeep
|turn|6
|
|t:|1769418457
|move|p1a: Great Tusk|Bulk Up|p1a: Great Tusk
|-boost|p1a: Great Tusk|atk|1
|-boost|p1a: Great Tusk|def|1
|move|p2a: Skarmory|Iron Defense|p2a: Skarmory
|-boost|p2a: Skarmory|def|2
|
|upkeep
|turn|7
|
|t:|1769418460
|move|p1a: Great Tusk|Headlong Rush|p2a: Skarmory
|-immune|p2a: Skarmory
|move|p2a: Skarmory|Iron Defense|p2a: Skarmory
|-boost|p2a: Skarmory|def|2
|
|upkeep
|turn|8
|
|t:|1769418463
|move|p1a: Great Tusk|Ice Spinner|p2a: Skarmory
|-crit|p2a: Skarmory
|-damage|p2a: Skarmory|24/100
|-damage|p1a: Great Tusk|68/100|[from] item: Rocky Helmet|[of] p2a: Skarmory
|move|p2a: Skarmory|Body Press|p1a: Great Tusk
|-damage|p1a: Great Tusk|20/100
|
|upkeep
|turn|9
|
|t:|1769418471
|move|p1a: Great Tusk|Ice Spinner|p2a: Skarmory
|-damage|p2a: Skarmory|13/100
|-damage|p1a: Great Tusk|3/100|[from] item: Rocky Helmet|[of] p2a: Skarmory
|move|p2a: Skarmory|Roost|p2a: Skarmory
|-heal|p2a: Skarmory|63/100
|-singleturn|p2a: Skarmory|move: Roost
|
|upkeep
|turn|10
|
|t:|1769418475
|move|p1a: Great Tusk|Ice Spinner|p2a: Skarmory
|-damage|p2a: Skarmory|50/100
|-damage|p1a: Great Tusk|0 fnt|[from] item: Rocky Helmet|[of] p2a: Skarmory
|faint|p1a: Great Tusk
|-end|p1a: Great Tusk|Protosynthesis|[silent]
|move|p2a: Skarmory|Roost|p2a: Skarmory
|-heal|p2a: Skarmory|99/100
|-singleturn|p2a: Skarmory|move: Roost
|
|upkeep
|
|t:|1769418479
|switch|p1a: Dragonite|Dragonite, F, shiny|100/100
|turn|11
|
|t:|1769418482
|move|p1a: Dragonite|Encore|p2a: Skarmory
|-start|p2a: Skarmory|Encore
|move|p2a: Skarmory|Roost|p2a: Skarmory
|-heal|p2a: Skarmory|100/100
|-singleturn|p2a: Skarmory|move: Roost
|
|upkeep
|turn|12
|
|t:|1769418487
|switch|p2a: Clodsire|Clodsire, M|100/100
|move|p1a: Dragonite|Dragon Dance|p1a: Dragonite
|-boost|p1a: Dragonite|atk|1
|-boost|p1a: Dragonite|spe|1
|
|upkeep
|turn|13
|
|t:|1769418493
|move|p1a: Dragonite|Scale Shot|p2a: Clodsire
|-damage|p2a: Clodsire|83/100
|-damage|p2a: Clodsire|66/100
|-damage|p2a: Clodsire|49/100
|-damage|p2a: Clodsire|33/100
|-damage|p2a: Clodsire|15/100
|-hitcount|p2a: Clodsire|5
|-unboost|p1a: Dragonite|def|1
|-boost|p1a: Dragonite|spe|1
|move|p2a: Clodsire|Toxic|p1a: Dragonite
|-status|p1a: Dragonite|tox
|
|-damage|p1a: Dragonite|94/100 tox|[from] psn
|upkeep
|turn|14
|
|t:|1769418497
|move|p1a: Dragonite|Scale Shot|p2a: Clodsire|[miss]
|-miss|p1a: Dragonite|p2a: Clodsire
|move|p2a: Clodsire|Recover|p2a: Clodsire
|-heal|p2a: Clodsire|65/100
|
|-damage|p1a: Dragonite|82/100 tox|[from] psn
|upkeep
|turn|15
|
|t:|1769418500
|move|p1a: Dragonite|Scale Shot|p2a: Clodsire|[miss]
|-miss|p1a: Dragonite|p2a: Clodsire
|move|p2a: Clodsire|Recover|p2a: Clodsire
|-heal|p2a: Clodsire|100/100
|
|-damage|p1a: Dragonite|63/100 tox|[from] psn
|upkeep
|turn|16
|
|t:|1769418502
|move|p1a: Dragonite|Scale Shot|p2a: Clodsire
|-damage|p2a: Clodsire|82/100
|-damage|p2a: Clodsire|65/100
|-damage|p2a: Clodsire|48/100
|-damage|p2a: Clodsire|31/100
|-damage|p2a: Clodsire|15/100
|-hitcount|p2a: Clodsire|5
|-unboost|p1a: Dragonite|def|1
|-boost|p1a: Dragonite|spe|1
|move|p2a: Clodsire|Stealth Rock|p1a: Dragonite
|-sidestart|p1: LVMH VERSACE|move: Stealth Rock
|
|-damage|p1a: Dragonite|39/100 tox|[from] psn
|upkeep
|turn|17
|
|t:|1769418504
|move|p1a: Dragonite|Scale Shot|p2a: Clodsire
|-damage|p2a: Clodsire|0 fnt
|faint|p2a: Clodsire
|-hitcount|p2: Clodsire|1
|-unboost|p1a: Dragonite|def|1
|-boost|p1a: Dragonite|spe|1
|
|-damage|p1a: Dragonite|8/100 tox|[from] psn
|upkeep
|
|t:|1769418510
|switch|p2a: Skarmory|Skarmory, M|100/100
|turn|18
|
|t:|1769418513
|move|p1a: Dragonite|Fire Punch|p2a: Skarmory
|-supereffective|p2a: Skarmory
|-damage|p2a: Skarmory|45/100
|-status|p2a: Skarmory|brn
|-damage|p1a: Dragonite|0 fnt|[from] item: Rocky Helmet|[of] p2a: Skarmory
|faint|p1a: Dragonite
|move|p2a: Skarmory|Spikes|p1: Dragonite
|-sidestart|p1: LVMH VERSACE|Spikes
|
|-damage|p2a: Skarmory|39/100 brn|[from] brn
|upkeep
|
|t:|1769418526
|switch|p1a: Gholdengo|Gholdengo|100/100
|-damage|p1a: Gholdengo|94/100|[from] Stealth Rock
|-item|p1a: Gholdengo|Air Balloon
|turn|19
|
|t:|1769418529
|move|p1a: Gholdengo|Nasty Plot|p1a: Gholdengo
|-boost|p1a: Gholdengo|spa|2
|move|p2a: Skarmory|Spikes|p1a: Gholdengo
|-sidestart|p1: LVMH VERSACE|Spikes
|
|-damage|p2a: Skarmory|33/100 brn|[from] brn
|upkeep
|turn|20
|
|t:|1769418534
|move|p1a: Gholdengo|Nasty Plot|p1a: Gholdengo
|-boost|p1a: Gholdengo|spa|2
|move|p2a: Skarmory|Spikes|p1a: Gholdengo
|-sidestart|p1: LVMH VERSACE|Spikes
|
|-damage|p2a: Skarmory|27/100 brn|[from] brn
|upkeep
|turn|21
|
|t:|1769418540
|move|p1a: Gholdengo|Shadow Ball|p2a: Skarmory
|-damage|p2a: Skarmory|0 fnt
|faint|p2a: Skarmory
|
|upkeep
|
|t:|1769418543
|switch|p2a: Meowscarada|Meowscarada, F|82/100 brn
|turn|22
|
|t:|1769418546
|-terastallize|p1a: Gholdengo|Fairy
|move|p2a: Meowscarada|Knock Off|p1a: Gholdengo
|-start|p2a: Meowscarada|typechange|Dark|[from] ability: Protean
|-resisted|p1a: Gholdengo
|-damage|p1a: Gholdengo|82/100
|-enditem|p1a: Gholdengo|Air Balloon
|move|p1a: Gholdengo|Dazzling Gleam|p2a: Meowscarada
|-supereffective|p2a: Meowscarada
|-damage|p2a: Meowscarada|0 fnt
|faint|p2a: Meowscarada
|
|upkeep
|
|t:|1769418563
|switch|p2a: Slowking|Slowking, M|100/100
|turn|23
|
|t:|1769418570
|-terastallize|p2a: Slowking|Fairy
|move|p1a: Gholdengo|Shadow Ball|p2a: Slowking
|-damage|p2a: Slowking|18/100
|move|p2a: Slowking|Psychic Noise|p1a: Gholdengo
|-damage|p1a: Gholdengo|51/100
|-start|p1a: Gholdengo|move: Heal Block
|
|upkeep
|turn|24
|
|t:|1769418576
|move|p1a: Gholdengo|Shadow Ball|p2a: Slowking
|-damage|p2a: Slowking|0 fnt
|faint|p2a: Slowking
|
|-end|p1a: Gholdengo|move: Heal Block
|upkeep
|
|t:|1769418578
|switch|p2a: Latios|Latios, M|100/100
|turn|25
|
|t:|1769418581
|move|p2a: Latios|Psychic Noise|p1a: Gholdengo
|-damage|p1a: Gholdengo|0 fnt
|faint|p1a: Gholdengo
|
|upkeep
|
|t:|1769418588
|switch|p1a: Iron Valiant|Iron Valiant|100/100
|-damage|p1a: Iron Valiant|94/100|[from] Stealth Rock
|-damage|p1a: Iron Valiant|69/100|[from] Spikes
|-enditem|p1a: Iron Valiant|Booster Energy
|-activate|p1a: Iron Valiant|ability: Quark Drive|[fromitem]
|-start|p1a: Iron Valiant|quarkdrivespe
|turn|26
|
|t:|1769418591
|move|p1a: Iron Valiant|Knock Off|p2a: Latios
|-supereffective|p2a: Latios
|-damage|p2a: Latios|3/100
|-enditem|p2a: Latios|Soul Dew|[from] move: Knock Off|[of] p1a: Iron Valiant
|move|p2a: Latios|Psychic Noise|p1a: Iron Valiant
|-supereffective|p1a: Iron Valiant
|-damage|p1a: Iron Valiant|0 fnt
|faint|p1a: Iron Valiant
|-end|p1a: Iron Valiant|Quark Drive|[silent]
|
|upkeep
|
|t:|1769418597
|switch|p1a: Iron Moth|Iron Moth|100/100
|-damage|p1a: Iron Moth|76/100|[from] Stealth Rock
|-damage|p1a: Iron Moth|51/100|[from] Spikes
|-enditem|p1a: Iron Moth|Booster Energy
|-activate|p1a: Iron Moth|ability: Quark Drive|[fromitem]
|-start|p1a: Iron Moth|quarkdrivespa
|turn|27
|
|t:|1769418600
|move|p2a: Latios|Psychic Noise|p1a: Iron Moth
|-supereffective|p1a: Iron Moth
|-damage|p1a: Iron Moth|0 fnt
|faint|p1a: Iron Moth
|-end|p1a: Iron Moth|Quark Drive|[silent]
|
|win|fluffycool
|raw|LVMH VERSACE's rating: 1346 &rarr; <strong>1329</strong><br />(-17 for losing)
|raw|fluffycool's rating: 1407 &rarr; <strong>1424</strong><br />(+17 for winning)
|l|☆LVMH VERSACE
|player|p1|
