|j|☆Thatguyhere_15
|j|☆lordweirdo17
|t:|1769326759
|gametype|singles
|player|p1|Thatguyhere_15|steven|1206
|player|p2|lordweirdo17|fisherman-gen4|1191
|gen|9
|tier|[Gen 9] OU
|rated|
|rule|HP Percentage Mod: HP is shown in percentages
|rule|Endless Battle Clause: Forcing endless battles is banned
|rule|Species Clause: Limit one of each Pokémon
|rule|OHKO Clause: OHKO moves are banned
|rule|Evasion Items Clause: Evasion items are banned
|rule|Evasion Moves Clause: Evasion moves are banned
|rule|Evasion Abilities Clause: Evasion abilities are banned
|rule|Sleep Moves Clause: Sleep-inducing moves are banned
|clearpoke
|poke|p1|Ceruledge, M|
|poke|p1|Rotom-Heat|
|poke|p1|Cinderace, F|
|poke|p1|Arcanine-Hisui, M|
|poke|p1|Volcanion|
|poke|p1|Infernape, M|
|poke|p2|Iron Valiant|
|poke|p2|Great Tusk|
|poke|p2|Deoxys-Speed|
|poke|p2|Kingambit, F|
|poke|p2|Dondozo, M|
|poke|p2|Cinderace, M|
|teampreview
|inactive|Battle timer is ON: inactive players will automatically lose when time's up. (requested by lordweirdo17)
|inactive|Thatguyhere_15 also wants the timer to be on.
|
|t:|1769326787
|teamsize|p1|6
|teamsize|p2|6
|start
|switch|p1a: Ceruledge|Ceruledge, M|100/100
|switch|p2a: Cinderace|Cinderace, M|100/100
|turn|1
|
|t:|1769326796
|move|p2a: Cinderace|U-turn|p1a: Ceruledge
|-start|p2a: Cinderace|typechange|Bug|[from] ability: Libero
|-resisted|p1a: Ceruledge
|-damage|p1a: Ceruledge|88/100
|-ability|p1a: Ceruledge|Weak Armor|boost
|-unboost|p1a: Ceruledge|def|1
|-boost|p1a: Ceruledge|spe|2
|
|t:|1769326803
|switch|p2a: Dondozo|Dondozo, M|100/100|[from] U-turn
|move|p1a: Ceruledge|Swords Dance|p1a: Ceruledge
|-boost|p1a: Ceruledge|atk|2
|
|upkeep
|turn|2
|
|t:|1769326813
|move|p1a: Ceruledge|Brick Break|p2a: Dondozo
|-damage|p2a: Dondozo|88/100
|move|p2a: Dondozo|Waterfall|p1a: Ceruledge
|-supereffective|p1a: Ceruledge
|-damage|p1a: Ceruledge|14/100
|-ability|p1a: Ceruledge|Weak Armor|boost
|-unboost|p1a: Ceruledge|def|1
|-boost|p1a: Ceruledge|spe|2
|
|-heal|p2a: Dondozo|95/100|[from] item: Leftovers
|upkeep
|turn|3
|
|t:|1769326824
|move|p1a: Ceruledge|Bitter Blade|p2a: Dondozo
|-resisted|p2a: Dondozo
|-damage|p2a: Dondozo|85/100
|-heal|p1a: Ceruledge|22/100|[from] drain|[of] p2a: Dondozo
|move|p2a: Dondozo|Waterfall|p1a: Ceruledge
|-supereffective|p1a: Ceruledge
|-damage|p1a: Ceruledge|0 fnt
|faint|p1a: Ceruledge
|
|-heal|p2a: Dondozo|91/100|[from] item: Leftovers
|upkeep
|
|t:|1769326835
|switch|p1a: Rotom|Rotom-Heat|100/100
|turn|4
|
|t:|1769326853
|switch|p2a: Great Tusk|Great Tusk|100/100
|-enditem|p2a: Great Tusk|Booster Energy
|-activate|p2a: Great Tusk|ability: Protosynthesis|[fromitem]
|-start|p2a: Great Tusk|protosynthesisspe
|move|p1a: Rotom|Volt Switch|p2a: Great Tusk
|-immune|p2a: Great Tusk
|
|upkeep
|turn|5
|
|t:|1769326862
|move|p2a: Great Tusk|Bulk Up|p2a: Great Tusk
|-boost|p2a: Great Tusk|atk|1
|-boost|p2a: Great Tusk|def|1
|move|p1a: Rotom|Overheat|p2a: Great Tusk
|-damage|p2a: Great Tusk|23/100
|-unboost|p1a: Rotom|spa|2
|
|upkeep
|turn|6
|
|t:|1769326871
|move|p2a: Great Tusk|Headlong Rush|p1a: Rotom
|-immune|p1a: Rotom|[from] ability: Levitate
|move|p1a: Rotom|Hex|p2a: Great Tusk
|-damage|p2a: Great Tusk|9/100
|
|upkeep
|turn|7
|
|t:|1769326878
|move|p2a: Great Tusk|Ice Spinner|p1a: Rotom
|-resisted|p1a: Rotom
|-damage|p1a: Rotom|78/100
|move|p1a: Rotom|Hex|p2a: Great Tusk
|-damage|p2a: Great Tusk|0 fnt
|faint|p2a: Great Tusk
|-end|p2a: Great Tusk|Protosynthesis|[silent]
|
|upkeep
|
|t:|1769326892
|switch|p2a: Deoxys|Deoxys-Speed, shiny|100/100
|-ability|p2a: Deoxys|Pressure
|turn|8
|
|t:|1769326897
|move|p2a: Deoxys|Psycho Boost|p1a: Rotom
|-damage|p1a: Rotom|5/100
|-unboost|p2a: Deoxys|spa|2
|move|p1a: Rotom|Volt Switch|p2a: Deoxys
|-damage|p2a: Deoxys|79/100
|
|t:|1769326906
|switch|p1a: Volcanion|Volcanion|100/100|[from] Volt Switch
|
|upkeep
|turn|9
|
|t:|1769326912
|move|p2a: Deoxys|Light Screen|p2a: Deoxys
|-sidestart|p2: lordweirdo17|move: Light Screen
|move|p1a: Volcanion|Steam Eruption|p2a: Deoxys|[miss]
|-miss|p1a: Volcanion|p2a: Deoxys
|
|upkeep
|turn|10
|
|t:|1769326920
|switch|p2a: Kingambit|Kingambit, F|100/100
|-activate|p2a: Kingambit|ability: Supreme Overlord
|-start|p2a: Kingambit|fallen1|[silent]
|move|p1a: Volcanion|Fire Blast|p2a: Kingambit
|-supereffective|p2a: Kingambit
|-damage|p2a: Kingambit|33/100
|
|upkeep
|turn|11
|
|t:|1769326929
|-end|p2a: Kingambit|fallen1|[silent]
|switch|p2a: Dondozo|Dondozo, M|91/100
|move|p1a: Volcanion|Earth Power|p2a: Dondozo
|-damage|p2a: Dondozo|75/100
|
|-heal|p2a: Dondozo|81/100|[from] item: Leftovers
|upkeep
|turn|12
|
|t:|1769326938
|switch|p2a: Cinderace|Cinderace, M|100/100
|move|p1a: Volcanion|Sludge Bomb|p2a: Cinderace
|-damage|p2a: Cinderace|74/100
|
|upkeep
|turn|13
|
|t:|1769326946
|move|p2a: Cinderace|U-turn|p1a: Volcanion
|-start|p2a: Cinderace|typechange|Bug|[from] ability: Libero
|-resisted|p1a: Volcanion
|-damage|p1a: Volcanion|88/100
|
|t:|1769326953
|switch|p2a: Deoxys|Deoxys-Speed, shiny|79/100|[from] U-turn
|-ability|p2a: Deoxys|Pressure
|move|p1a: Volcanion|Steam Eruption|p2a: Deoxys
|-damage|p2a: Deoxys|43/100
|-status|p2a: Deoxys|brn
|
|-damage|p2a: Deoxys|37/100 brn|[from] brn
|upkeep
|turn|14
|
|t:|1769326968
|move|p2a: Deoxys|Psycho Boost|p1a: Volcanion
|-damage|p1a: Volcanion|39/100
|-unboost|p2a: Deoxys|spa|2
|move|p1a: Volcanion|Sludge Bomb|p2a: Deoxys
|-damage|p2a: Deoxys|16/100 brn
|
|-damage|p2a: Deoxys|10/100 brn|[from] brn
|upkeep
|turn|15
|
|t:|1769326981
|move|p2a: Deoxys|Psycho Boost|p1a: Volcanion
|-damage|p1a: Volcanion|14/100
|-unboost|p2a: Deoxys|spa|2
|move|p1a: Volcanion|Earth Power|p2a: Deoxys
|-damage|p2a: Deoxys|0 fnt
|faint|p2a: Deoxys
|
|upkeep
|
|t:|1769326990
|switch|p2a: Kaiba|Iron Valiant, shiny|100/100
|-enditem|p2a: Kaiba|Booster Energy
|-activate|p2a: Kaiba|ability: Quark Drive|[fromitem]
|-start|p2a: Kaiba|quarkdrivespe
|turn|16
|
|t:|1769326995
|move|p2a: Kaiba|Calm Mind|p2a: Kaiba
|-boost|p2a: Kaiba|spa|1
|-boost|p2a: Kaiba|spd|1
|move|p1a: Volcanion|Sludge Bomb|p2a: Kaiba
|-supereffective|p2a: Kaiba
|-damage|p2a: Kaiba|56/100
|
|-sideend|p2: lordweirdo17|move: Light Screen
|upkeep
|turn|17
|
|t:|1769327005
|-terastallize|p2a: Kaiba|Steel
|move|p2a: Kaiba|Encore|p1a: Volcanion
|-start|p1a: Volcanion|Encore
|move|p1a: Volcanion|Sludge Bomb|p2a: Kaiba
|-immune|p2a: Kaiba
|
|upkeep
|turn|18
|
|t:|1769327014
|move|p2a: Kaiba|Calm Mind|p2a: Kaiba
|-boost|p2a: Kaiba|spa|1
|-boost|p2a: Kaiba|spd|1
|move|p1a: Volcanion|Sludge Bomb|p2a: Kaiba
|-immune|p2a: Kaiba
|
|upkeep
|turn|19
|
|t:|1769327021
|move|p2a: Kaiba|Calm Mind|p2a: Kaiba
|-boost|p2a: Kaiba|spa|1
|-boost|p2a: Kaiba|spd|1
|move|p1a: Volcanion|Sludge Bomb|p2a: Kaiba
|-immune|p2a: Kaiba
|
|-end|p1a: Volcanion|Encore
|upkeep
|turn|20
|
|t:|1769327029
|switch|p1a: Arcanine|Arcanine-Hisui, M|100/100
|move|p2a: Kaiba|Encore||[still]
|-fail|p2a: Kaiba
|
|upkeep
|turn|21
|
|t:|1769327035
|move|p2a: Kaiba|Shadow Ball|p1a: Arcanine
|-crit|p1a: Arcanine
|-damage|p1a: Arcanine|0 fnt
|faint|p1a: Arcanine
|
|upkeep
|
|t:|1769327041
|switch|p1a: Infernape|Infernape, M|100/100
|turn|22
|
|t:|1769327049
|move|p1a: Infernape|Mach Punch|p2a: Kaiba
|-supereffective|p2a: Kaiba
|-damage|p2a: Kaiba|0 fnt
|faint|p2a: Kaiba
|-end|p2a: Kaiba|Quark Drive|[silent]
|
|upkeep
|
|t:|1769327058
|switch|p2a: Dondozo|Dondozo, M|81/100
|turn|23
|
|t:|1769327062
|move|p1a: Infernape|Thunder Punch|p2a: Dondozo
|-supereffective|p2a: Dondozo
|-damage|p2a: Dondozo|54/100
|move|p2a: Dondozo|Curse|p2a: Dondozo
|-unboost|p2a: Dondozo|spe|1
|-boost|p2a: Dondozo|atk|1
|-boost|p2a: Dondozo|def|1
|
|-heal|p2a: Dondozo|60/100|[from] item: Leftovers
|upkeep
|turn|24
|
|t:|1769327073
|move|p1a: Infernape|Thunder Punch|p2a: Dondozo
|-supereffective|p2a: Dondozo
|-damage|p2a: Dondozo|43/100
|move|p2a: Dondozo|Rest|p2a: Dondozo
|-status|p2a: Dondozo|slp|[from] move: Rest
|-heal|p2a: Dondozo|100/100 slp|[silent]
|
|upkeep
|turn|25
|
|t:|1769327081
|move|p1a: Infernape|Thunder Punch|p2a: Dondozo
|-supereffective|p2a: Dondozo
|-damage|p2a: Dondozo|83/100 slp
|cant|p2a: Dondozo|slp
|move|p2a: Dondozo|Sleep Talk|p2a: Dondozo
|move|p2a: Dondozo|Curse|p2a: Dondozo|[from] move: Sleep Talk
|-unboost|p2a: Dondozo|spe|1
|-boost|p2a: Dondozo|atk|1
|-boost|p2a: Dondozo|def|1
|
|-heal|p2a: Dondozo|89/100 slp|[from] item: Leftovers
|upkeep
|turn|26
|
|t:|1769327097
|move|p1a: Infernape|Thunder Punch|p2a: Dondozo
|-supereffective|p2a: Dondozo
|-damage|p2a: Dondozo|74/100 slp
|cant|p2a: Dondozo|slp
|move|p2a: Dondozo|Sleep Talk|p2a: Dondozo
|move|p2a: Dondozo|Curse|p2a: Dondozo|[from] move: Sleep Talk
|-unboost|p2a: Dondozo|spe|1
|-boost|p2a: Dondozo|atk|1
|-boost|p2a: Dondozo|def|1
|
|-heal|p2a: Dondozo|80/100 slp|[from] item: Leftovers
|upkeep
|turn|27
|
|t:|1769327110
|move|p1a: Infernape|Thunder Punch|p2a: Dondozo
|-supereffective|p2a: Dondozo
|-damage|p2a: Dondozo|68/100 slp
|-curestatus|p2a: Dondozo|slp|[msg]
|move|p2a: Dondozo|Waterfall|p1a: Infernape
|-supereffective|p1a: Infernape
|-damage|p1a: Infernape|0 fnt
|faint|p1a: Infernape
|
|-heal|p2a: Dondozo|75/100|[from] item: Leftovers
|upkeep
|
|t:|1769327122
|switch|p1a: Rotom|Rotom-Heat|5/100
|turn|28
|
|t:|1769327127
|move|p1a: Rotom|Volt Switch|p2a: Dondozo
|-supereffective|p2a: Dondozo
|-damage|p2a: Dondozo|11/100
|
|t:|1769327130
|switch|p1a: Volcanion|Volcanion|14/100|[from] Volt Switch
|move|p2a: Dondozo|Waterfall|p1a: Volcanion
|-heal|p1a: Volcanion|39/100|[from] ability: Water Absorb|[of] p2a: Dondozo
|
|-heal|p2a: Dondozo|18/100|[from] item: Leftovers
|upkeep
|turn|29
|
|t:|1769327141
|switch|p2a: Cinderace|Cinderace, M|74/100
|move|p1a: Volcanion|Sludge Bomb|p2a: Cinderace
|-damage|p2a: Cinderace|28/100
|
|upkeep
|turn|30
|
|t:|1769327152
|move|p2a: Cinderace|Sucker Punch|p1a: Volcanion
|-start|p2a: Cinderace|typechange|Dark|[from] ability: Libero
|-damage|p1a: Volcanion|10/100
|move|p1a: Volcanion|Sludge Bomb|p2a: Cinderace
|-damage|p2a: Cinderace|0 fnt
|faint|p2a: Cinderace
|
|upkeep
|
|t:|1769327160
|switch|p2a: Kingambit|Kingambit, F|33/100
|-activate|p2a: Kingambit|ability: Supreme Overlord
|-start|p2a: Kingambit|fallen4|[silent]
|turn|31
|
|t:|1769327166
|switch|p1a: Rotom|Rotom-Heat|5/100
|move|p2a: Kingambit|Sucker Punch||[still]
|-fail|p2a: Kingambit
|
|upkeep
|turn|32
|
|t:|1769327172
|move|p2a: Kingambit|Sucker Punch||[still]
|-fail|p2a: Kingambit
|move|p1a: Rotom|Thunder Wave|p2a: Kingambit
|-status|p2a: Kingambit|par
|-enditem|p2a: Kingambit|Lum Berry|[eat]
|-curestatus|p2a: Kingambit|par|[msg]
|
|upkeep
|turn|33
|
|t:|1769327180
|move|p2a: Kingambit|Sucker Punch||[still]
|-fail|p2a: Kingambit
|move|p1a: Rotom|Thunder Wave|p2a: Kingambit
|-status|p2a: Kingambit|par
|
|upkeep
|turn|34
|
|t:|1769327187
|move|p2a: Kingambit|Sucker Punch|p1a: Rotom
|-damage|p1a: Rotom|0 fnt
|faint|p1a: Rotom
|
|upkeep
|
|t:|1769327192
|switch|p1a: Cinderace|Cinderace, F|100/100
|turn|35
|
|t:|1769327197
|-end|p2a: Kingambit|fallen4|[silent]
|switch|p2a: Dondozo|Dondozo, M|18/100
|move|p1a: Cinderace|High Jump Kick|p2a: Dondozo
|-start|p1a: Cinderace|typechange|Fighting|[from] ability: Libero
|-damage|p2a: Dondozo|0 fnt
|faint|p2a: Dondozo
|
|upkeep
|c|☆lordweirdo17|ggwp
|-message|lordweirdo17 forfeited.
|
|win|Thatguyhere_15
|raw|Thatguyhere_15's rating: 1206 &rarr; <strong>1230</strong><br />(+24 for winning)
|raw|lordweirdo17's rating: 1191 &rarr; <strong>1167</strong><br />(-24 for losing)
|l|☆lordweirdo17
|player|p2|
|c|☆Thatguyhere_15|gg
|l|☆Thatguyhere_15
|player|p1|
