|j|☆Audio Peel
|j|☆Justoffu
|t:|1769304344
|gametype|singles
|player|p1|Audio Peel|fisherman-gen4|1781
|player|p2|Justoffu|bugcatcher-gen4dp|1695
|gen|9
|tier|[Gen 9] OU
|rated|
|rule|HP Percentage Mod: HP is shown in percentages
|rule|Endless Battle Clause: Forcing endless battles is banned
|rule|Species Clause: Limit one of each Pokémon
|rule|OHKO Clause: OHKO moves are banned
|rule|Evasion Items Clause: Evasion items are banned
|rule|Evasion Moves Clause: Evasion moves are banned
|rule|Evasion Abilities Clause: Evasion abilities are banned
|rule|Sleep Moves Clause: Sleep-inducing moves are banned
|clearpoke
|poke|p1|Kyurem|
|poke|p1|Cinderace, F|
|poke|p1|Tornadus-Therian, M|
|poke|p1|Hatterene, F|
|poke|p1|Great Tusk|
|poke|p1|Kingambit, F|
|poke|p2|Tinkaton, F|
|poke|p2|Ogerpon, F|
|poke|p2|Great Tusk|
|poke|p2|Pecharunt|
|poke|p2|Alomomola, M|
|poke|p2|Hydreigon, M|
|teampreview
|inactive|Battle timer is ON: inactive players will automatically lose when time's up. (requested by Audio Peel)
|j| Durk27
|
|t:|1769304368
|teamsize|p1|6
|teamsize|p2|6
|start
|switch|p1a: Cinderace|Cinderace, F|100/100
|switch|p2a: Hybrid|Hydreigon, M, shiny|100/100
|turn|1
|
|t:|1769304381
|switch|p2a: Pisces|Alomomola, M, shiny|100/100
|move|p1a: Cinderace|U-turn|p2a: Pisces
|-start|p1a: Cinderace|typechange|Bug|[from] ability: Libero
|-damage|p2a: Pisces|73/100
|
|t:|1769304385
|switch|p1a: Kyurem|Kyurem|100/100|[from] U-turn
|-ability|p1a: Kyurem|Pressure
|
|upkeep
|turn|2
|
|t:|1769304392
|switch|p1a: Tornadus|Tornadus-Therian, M|100/100
|switch|p2a: Smile.exe|Tinkaton, F, shiny|100/100
|-item|p2a: Smile.exe|Air Balloon
|
|upkeep
|turn|3
|
|t:|1769304401
|switch|p1a: Cinderace|Cinderace, F|100/100
|switch|p2a: Overseer|Pecharunt|100/100
|
|upkeep
|turn|4
|j| vianney 10
|
|t:|1769304410
|switch|p1a: Kingambit|Kingambit, F|100/100
|move|p2a: Overseer|Parting Shot|p1a: Kingambit
|-unboost|p1a: Kingambit|atk|1
|-unboost|p1a: Kingambit|spa|1
|
|t:|1769304425
|switch|p2a: Behemoth|Great Tusk, shiny|100/100|[from] Parting Shot
|
|upkeep
|turn|5
|
|t:|1769304443
|-end|p1a: Kingambit|fallenundefined|[silent]
|switch|p1a: Great Tusk|Great Tusk|100/100
|move|p2a: Behemoth|Ice Spinner|p1a: Great Tusk
|-supereffective|p1a: Great Tusk
|-damage|p1a: Great Tusk|67/100
|-damage|p2a: Behemoth|84/100|[from] item: Rocky Helmet|[of] p1a: Great Tusk
|
|upkeep
|turn|6
|
|t:|1769304461
|-end|p2a: Behemoth|Protosynthesis|[silent]
|switch|p2a: Overseer|Pecharunt|100/100
|move|p1a: Great Tusk|Ice Spinner|p2a: Overseer
|-damage|p2a: Overseer|89/100
|-damage|p1a: Great Tusk|50/100|[from] item: Rocky Helmet|[of] p2a: Overseer
|
|upkeep
|turn|7
|
|t:|1769304470
|switch|p2a: Hybrid|Hydreigon, M, shiny|100/100
|move|p1a: Great Tusk|Stealth Rock|p2a: Hybrid
|-sidestart|p2: Justoffu|move: Stealth Rock
|
|upkeep
|turn|8
|
|t:|1769304481
|-end|p1a: Great Tusk|Protosynthesis|[silent]
|switch|p1a: Tornadus|Tornadus-Therian, M|100/100
|move|p2a: Hybrid|Flash Cannon|p1a: Tornadus
|-damage|p1a: Tornadus|71/100
|
|upkeep
|turn|9
|
|t:|1769304498
|switch|p2a: Pisces|Alomomola, M, shiny|100/100
|-damage|p2a: Pisces|88/100|[from] Stealth Rock
|move|p1a: Tornadus|U-turn|p2a: Pisces
|-damage|p2a: Pisces|77/100
|
|t:|1769304504
|switch|p1a: Cinderace|Cinderace, F|100/100|[from] U-turn
|
|upkeep
|turn|10
|
|t:|1769304509
|move|p1a: Cinderace|Will-O-Wisp|p2a: Pisces
|-status|p2a: Pisces|brn
|move|p2a: Pisces|Flip Turn|p1a: Cinderace
|-supereffective|p1a: Cinderace
|-damage|p1a: Cinderace|79/100
|
|t:|1769304528
|switch|p2a: Behemoth|Great Tusk, shiny|84/100|[from] Flip Turn
|
|upkeep
|turn|11
|inactive|Audio Peel has 120 seconds left.
|
|t:|1769304563
|move|p1a: Cinderace|Will-O-Wisp|p2a: Behemoth|[miss]
|-miss|p1a: Cinderace|p2a: Behemoth
|move|p2a: Behemoth|Rapid Spin|p1a: Cinderace
|-damage|p1a: Cinderace|54/100
|-boost|p2a: Behemoth|spe|1
|-sideend|p2: Justoffu|Stealth Rock|[from] move: Rapid Spin|[of] p2a: Behemoth
|
|upkeep
|turn|12
|
|t:|1769304572
|switch|p1a: Tornadus|Tornadus-Therian, M|100/100
|move|p2a: Behemoth|Headlong Rush|p1a: Tornadus
|-immune|p1a: Tornadus
|
|upkeep
|turn|13
|
|t:|1769304577
|-end|p2a: Behemoth|Protosynthesis|[silent]
|switch|p2a: Pisces|Alomomola, M, shiny|100/100 brn
|move|p1a: Tornadus|Bleakwind Storm|p2a: Pisces|[miss]
|-miss|p1a: Tornadus|p2a: Pisces
|
|-damage|p2a: Pisces|94/100 brn|[from] brn
|upkeep
|turn|14
|
|t:|1769304581
|move|p1a: Tornadus|Knock Off|p2a: Pisces
|-damage|p2a: Pisces|79/100 brn
|-enditem|p2a: Pisces|Assault Vest|[from] move: Knock Off|[of] p1a: Tornadus
|move|p2a: Pisces|Flip Turn|p1a: Tornadus
|-damage|p1a: Tornadus|92/100
|
|t:|1769304603
|switch|p2a: Smile.exe|Tinkaton, F, shiny|100/100|[from] Flip Turn
|-item|p2a: Smile.exe|Air Balloon
|
|upkeep
|turn|15
|
|t:|1769304609
|switch|p1a: Cinderace|Cinderace, F|54/100
|move|p2a: Smile.exe|Stealth Rock|p1a: Cinderace
|-sidestart|p1: Audio Peel|move: Stealth Rock
|
|upkeep
|turn|16
|
|t:|1769304615
|switch|p2a: Pisces|Alomomola, M, shiny|100/100 brn
|move|p1a: Cinderace|U-turn|p2a: Pisces
|-start|p1a: Cinderace|typechange|Bug|[from] ability: Libero
|-damage|p2a: Pisces|73/100 brn
|
|t:|1769304617
|switch|p1a: Great Tusk|Great Tusk|50/100|[from] U-turn
|-damage|p1a: Great Tusk|47/100|[from] Stealth Rock
|
|-damage|p2a: Pisces|67/100 brn|[from] brn
|upkeep
|turn|17
|
|t:|1769304624
|switch|p2a: Overseer|Pecharunt|89/100
|move|p1a: Great Tusk|Stealth Rock|p2a: Overseer
|-sidestart|p2: Justoffu|move: Stealth Rock
|
|upkeep
|turn|18
|
|t:|1769304643
|switch|p2a: Smile.exe|Tinkaton, F, shiny|100/100
|-damage|p2a: Smile.exe|94/100|[from] Stealth Rock
|-item|p2a: Smile.exe|Air Balloon
|move|p1a: Great Tusk|Headlong Rush|p2a: Smile.exe
|-immune|p2a: Smile.exe
|
|upkeep
|turn|19
|inactive|Audio Peel has 120 seconds left.
|
|t:|1769304698
|-end|p1a: Great Tusk|Protosynthesis|[silent]
|switch|p1a: Cinderace|Cinderace, F|54/100
|move|p2a: Smile.exe|Ice Hammer|p1a: Cinderace
|-resisted|p1a: Cinderace
|-damage|p1a: Cinderace|37/100
|-unboost|p2a: Smile.exe|spe|1
|
|upkeep
|turn|20
|
|t:|1769304710
|switch|p2a: Overseer|Pecharunt|89/100
|-damage|p2a: Overseer|76/100|[from] Stealth Rock
|move|p1a: Cinderace|Pyro Ball|p2a: Overseer
|-damage|p2a: Overseer|49/100
|
|upkeep
|turn|21
|
|t:|1769304734
|move|p1a: Cinderace|Will-O-Wisp|p2a: Overseer
|-status|p2a: Overseer|brn
|move|p2a: Overseer|Recover|p2a: Overseer
|-heal|p2a: Overseer|99/100 brn
|
|-damage|p2a: Overseer|93/100 brn|[from] brn
|upkeep
|turn|22
|
|t:|1769304745
|move|p1a: Cinderace|Pyro Ball|p2a: Overseer|[miss]
|-miss|p1a: Cinderace|p2a: Overseer
|move|p2a: Overseer|Parting Shot|p1a: Cinderace
|-unboost|p1a: Cinderace|atk|1
|-unboost|p1a: Cinderace|spa|1
|
|t:|1769304750
|switch|p2a: Pisces|Alomomola, M, shiny|99/100 brn|[from] Parting Shot
|-damage|p2a: Pisces|87/100 brn|[from] Stealth Rock
|
|-damage|p2a: Pisces|81/100 brn|[from] brn
|upkeep
|turn|23
|
|t:|1769304755
|move|p1a: Cinderace|U-turn|p2a: Pisces
|-start|p1a: Cinderace|typechange|Bug|[from] ability: Libero
|-damage|p2a: Pisces|64/100 brn
|
|t:|1769304756
|switch|p1a: Great Tusk|Great Tusk|47/100|[from] U-turn
|-damage|p1a: Great Tusk|44/100|[from] Stealth Rock
|move|p2a: Pisces|Flip Turn|p1a: Great Tusk
|-supereffective|p1a: Great Tusk
|-damage|p1a: Great Tusk|34/100
|-damage|p2a: Pisces|48/100 brn|[from] item: Rocky Helmet|[of] p1a: Great Tusk
|
|t:|1769304767
|switch|p2a: Anonymous|Ogerpon, F|100/100|[from] Flip Turn
|-damage|p2a: Anonymous|88/100|[from] Stealth Rock
|
|upkeep
|turn|24
|inactive|Audio Peel has 120 seconds left.
|
|t:|1769304775
|move|p2a: Anonymous|Ivy Cudgel|p1a: Great Tusk
|-supereffective|p1a: Great Tusk
|-damage|p1a: Great Tusk|0 fnt
|faint|p1a: Great Tusk
|-end|p1a: Great Tusk|Protosynthesis|[silent]
|
|upkeep
|
|t:|1769304777
|switch|p1a: Cinderace|Cinderace, F|37/100
|turn|25
|
|t:|1769304785
|switch|p2a: Pisces|Alomomola, M, shiny|81/100 brn
|-damage|p2a: Pisces|68/100 brn|[from] Stealth Rock
|move|p1a: Cinderace|U-turn|p2a: Pisces
|-start|p1a: Cinderace|typechange|Bug|[from] ability: Libero
|-damage|p2a: Pisces|41/100 brn
|
|t:|1769304789
|switch|p1a: Kyurem|Kyurem|100/100|[from] U-turn
|-damage|p1a: Kyurem|76/100|[from] Stealth Rock
|-ability|p1a: Kyurem|Pressure
|
|-damage|p2a: Pisces|34/100 brn|[from] brn
|upkeep
|turn|26
|
|t:|1769304805
|switch|p2a: Smile.exe|Tinkaton, F, shiny|94/100
|-damage|p2a: Smile.exe|88/100|[from] Stealth Rock
|-item|p2a: Smile.exe|Air Balloon
|move|p1a: Kyurem|Ice Beam|p2a: Smile.exe
|-resisted|p2a: Smile.exe
|-damage|p2a: Smile.exe|50/100
|-enditem|p2a: Smile.exe|Air Balloon
|
|upkeep
|turn|27
|
|t:|1769304820
|move|p1a: Kyurem|Ice Beam|p2a: Smile.exe
|-resisted|p2a: Smile.exe
|-damage|p2a: Smile.exe|11/100
|move|p2a: Smile.exe|Gigaton Hammer|p1a: Kyurem
|-supereffective|p1a: Kyurem
|-damage|p1a: Kyurem|0 fnt
|faint|p1a: Kyurem
|
|upkeep
|
|t:|1769304825
|switch|p1a: Cinderace|Cinderace, F|37/100
|turn|28
|
|t:|1769304845
|move|p1a: Cinderace|Pyro Ball|p2a: Smile.exe
|-supereffective|p2a: Smile.exe
|-damage|p2a: Smile.exe|0 fnt
|faint|p2a: Smile.exe
|
|upkeep
|
|t:|1769304850
|switch|p2a: Behemoth|Great Tusk, shiny|84/100
|turn|29
|
|t:|1769304854
|move|p1a: Cinderace|Will-O-Wisp|p2a: Behemoth
|-status|p2a: Behemoth|brn
|move|p2a: Behemoth|Rapid Spin|p1a: Cinderace
|-damage|p1a: Cinderace|25/100
|-boost|p2a: Behemoth|spe|1
|-sideend|p2: Justoffu|Stealth Rock|[from] move: Rapid Spin|[of] p2a: Behemoth
|
|-damage|p2a: Behemoth|78/100 brn|[from] brn
|upkeep
|turn|30
|l| vianney 10
|
|t:|1769304863
|switch|p1a: Hatterene|Hatterene, F|100/100
|-damage|p1a: Hatterene|88/100|[from] Stealth Rock
|move|p2a: Behemoth|Headlong Rush|p1a: Hatterene
|-damage|p1a: Hatterene|63/100
|-unboost|p2a: Behemoth|def|1
|-unboost|p2a: Behemoth|spd|1
|
|-heal|p1a: Hatterene|69/100|[from] item: Leftovers
|-damage|p2a: Behemoth|72/100 brn|[from] brn
|upkeep
|turn|31
|
|t:|1769304870
|-end|p2a: Behemoth|Protosynthesis|[silent]
|switch|p2a: Pisces|Alomomola, M, shiny|68/100 brn
|move|p1a: Hatterene|Draining Kiss|p2a: Pisces
|-damage|p2a: Pisces|51/100 brn
|-heal|p1a: Hatterene|90/100|[from] drain|[of] p2a: Pisces
|
|-heal|p1a: Hatterene|96/100|[from] item: Leftovers
|-damage|p2a: Pisces|45/100 brn|[from] brn
|upkeep
|turn|32
|
|t:|1769304880
|switch|p2a: Overseer|Pecharunt|93/100 brn
|move|p1a: Hatterene|Draining Kiss|p2a: Overseer
|-resisted|p2a: Overseer
|-damage|p2a: Overseer|83/100 brn
|-heal|p1a: Hatterene|100/100|[from] drain|[of] p2a: Overseer
|-damage|p1a: Hatterene|84/100|[from] item: Rocky Helmet|[of] p2a: Overseer
|
|-heal|p1a: Hatterene|90/100|[from] item: Leftovers
|-damage|p2a: Overseer|77/100 brn|[from] brn
|upkeep
|turn|33
|
|t:|1769304890
|switch|p2a: Pisces|Alomomola, M, shiny|78/100 brn
|move|p1a: Hatterene|Psychic Noise|p2a: Pisces
|-damage|p2a: Pisces|52/100 brn
|-start|p2a: Pisces|move: Heal Block
|
|-heal|p1a: Hatterene|96/100|[from] item: Leftovers
|-damage|p2a: Pisces|46/100 brn|[from] brn
|upkeep
|turn|34
|
|t:|1769304903
|move|p1a: Hatterene|Draining Kiss|p2a: Pisces
|-damage|p2a: Pisces|31/100 brn
|-heal|p1a: Hatterene|100/100|[from] drain|[of] p2a: Pisces
|move|p2a: Pisces|Mirror Coat|p1a: Hatterene
|-damage|p1a: Hatterene|49/100
|
|-heal|p1a: Hatterene|55/100|[from] item: Leftovers
|-damage|p2a: Pisces|25/100 brn|[from] brn
|-end|p2a: Pisces|move: Heal Block
|upkeep
|turn|35
|
|t:|1769304910
|switch|p2a: Hybrid|Hydreigon, M, shiny|100/100
|move|p1a: Hatterene|Psychic Noise|p2a: Hybrid
|-immune|p2a: Hybrid
|
|-heal|p1a: Hatterene|61/100|[from] item: Leftovers
|upkeep
|turn|36
|
|t:|1769304915
|switch|p1a: Cinderace|Cinderace, F|25/100
|move|p2a: Hybrid|Flash Cannon|p1a: Cinderace
|-resisted|p1a: Cinderace
|-damage|p1a: Cinderace|0 fnt
|faint|p1a: Cinderace
|
|upkeep
|
|t:|1769304920
|switch|p1a: Kingambit|Kingambit, F|100/100
|-damage|p1a: Kingambit|94/100|[from] Stealth Rock
|-activate|p1a: Kingambit|ability: Supreme Overlord
|-start|p1a: Kingambit|fallen3|[silent]
|turn|37
|
|t:|1769304936
|switch|p2a: Overseer|Pecharunt|77/100 brn
|move|p1a: Kingambit|Swords Dance|p1a: Kingambit
|-boost|p1a: Kingambit|atk|2
|
|-heal|p1a: Kingambit|100/100|[from] item: Leftovers
|-damage|p2a: Overseer|71/100 brn|[from] brn
|upkeep
|turn|38
|
|t:|1769304943
|move|p2a: Overseer|Parting Shot|p1a: Kingambit
|-unboost|p1a: Kingambit|atk|1
|-unboost|p1a: Kingambit|spa|1
|
|t:|1769304971
|switch|p2a: Pisces|Alomomola, M, shiny|58/100 brn|[from] Parting Shot
|move|p1a: Kingambit|Kowtow Cleave|p2a: Pisces
|-damage|p2a: Pisces|0 fnt
|faint|p2a: Pisces
|
|upkeep
|
|t:|1769304973
|switch|p2a: Behemoth|Great Tusk, shiny|72/100 brn
|turn|39
|
|t:|1769304981
|-end|p1a: Kingambit|fallen3|[silent]
|switch|p1a: Hatterene|Hatterene, F|61/100
|-damage|p1a: Hatterene|48/100|[from] Stealth Rock
|move|p2a: Behemoth|Close Combat|p1a: Hatterene
|-resisted|p1a: Hatterene
|-damage|p1a: Hatterene|42/100
|-unboost|p2a: Behemoth|def|1
|-unboost|p2a: Behemoth|spd|1
|
|-heal|p1a: Hatterene|48/100|[from] item: Leftovers
|-damage|p2a: Behemoth|65/100 brn|[from] brn
|upkeep
|turn|40
|
|t:|1769304988
|-end|p2a: Behemoth|Protosynthesis|[silent]
|switch|p2a: Overseer|Pecharunt|71/100 brn
|move|p1a: Hatterene|Psychic Noise|p2a: Overseer
|-supereffective|p2a: Overseer
|-damage|p2a: Overseer|4/100 brn
|-start|p2a: Overseer|move: Heal Block
|
|-heal|p1a: Hatterene|54/100|[from] item: Leftovers
|-damage|p2a: Overseer|0 fnt|[from] brn
|faint|p2a: Overseer
|upkeep
|
|t:|1769304992
|switch|p2a: Anonymous|Ogerpon, F|88/100
|turn|41
|
|t:|1769305003
|-terastallize|p2a: Anonymous|Grass
|detailschange|p2a: Anonymous|Ogerpon-Teal-Tera, F, tera:Grass
|-ability|p2a: Anonymous|Embody Aspect (Teal)|boost
|-boost|p2a: Anonymous|spe|1
|move|p2a: Anonymous|Ivy Cudgel|p1a: Hatterene
|-damage|p1a: Hatterene|0 fnt
|faint|p1a: Hatterene
|
|upkeep
|
|t:|1769305012
|switch|p1a: Kingambit|Kingambit, F|100/100
|-damage|p1a: Kingambit|94/100|[from] Stealth Rock
|-activate|p1a: Kingambit|ability: Supreme Overlord
|-start|p1a: Kingambit|fallen4|[silent]
|turn|42
|
|t:|1769305018
|move|p2a: Anonymous|Ivy Cudgel|p1a: Kingambit
|-resisted|p1a: Kingambit
|-damage|p1a: Kingambit|58/100
|move|p1a: Kingambit|Kowtow Cleave|p2a: Anonymous
|-damage|p2a: Anonymous|0 fnt
|faint|p2a: Anonymous
|detailschange|p2: Anonymous|Ogerpon, F|[silent]
|
|-heal|p1a: Kingambit|64/100|[from] item: Leftovers
|upkeep
|
|t:|1769305027
|switch|p2a: Hybrid|Hydreigon, M, shiny|100/100
|turn|43
|
|t:|1769305032
|-terastallize|p1a: Kingambit|Fairy
|move|p2a: Hybrid|Earth Power|p1a: Kingambit
|-damage|p1a: Kingambit|21/100
|move|p1a: Kingambit|Tera Blast|p2a: Hybrid|[anim] Tera Blast Fairy
|-supereffective|p2a: Hybrid
|-damage|p2a: Hybrid|0 fnt
|faint|p2a: Hybrid
|
|-heal|p1a: Kingambit|27/100|[from] item: Leftovers
|upkeep
|
|t:|1769305038
|switch|p2a: Behemoth|Great Tusk, shiny|65/100 brn
|turn|44
|
|t:|1769305048
|move|p2a: Behemoth|Headlong Rush|p1a: Kingambit
|-damage|p1a: Kingambit|4/100
|-unboost|p2a: Behemoth|def|1
|-unboost|p2a: Behemoth|spd|1
|move|p1a: Kingambit|Tera Blast|p2a: Behemoth|[anim] Tera Blast Fairy
|-supereffective|p2a: Behemoth
|-damage|p2a: Behemoth|0 fnt
|faint|p2a: Behemoth
|-end|p2a: Behemoth|Protosynthesis|[silent]
|
|win|Audio Peel
|raw|Audio Peel's rating: 1761 &rarr; <strong>1777</strong><br />(+16 for winning)
|raw|Justoffu's rating: 1695 &rarr; <strong>1679</strong><br />(-16 for losing)
|l|☆Audio Peel
|player|p1|
|l|☆Justoffu
|player|p2|
