|j|☆deathflower
|j|☆niutat001
|t:|1769321143
|gametype|singles
|player|p1|deathflower|iris|1172
|player|p2|niutat001|265|1149
|gen|9
|tier|[Gen 9] OU
|rated|
|rule|HP Percentage Mod: HP is shown in percentages
|rule|Endless Battle Clause: Forcing endless battles is banned
|rule|Species Clause: Limit one of each Pokémon
|rule|OHKO Clause: OHKO moves are banned
|rule|Evasion Items Clause: Evasion items are banned
|rule|Evasion Moves Clause: Evasion moves are banned
|rule|Evasion Abilities Clause: Evasion abilities are banned
|rule|Sleep Moves Clause: Sleep-inducing moves are banned
|clearpoke
|poke|p1|Dragonite, F|
|poke|p1|Araquanid, M|
|poke|p1|Tsareena, F|
|poke|p1|Reuniclus, M|
|poke|p1|Vivillon-Jungle, F|
|poke|p1|Dragalge, M|
|poke|p2|Garganacl, F|
|poke|p2|Darkrai|
|poke|p2|Great Tusk|
|poke|p2|Hatterene, F|
|poke|p2|Tornadus-Therian, M|
|poke|p2|Dragonite, M|
|teampreview
|inactive|Battle timer is ON: inactive players will automatically lose when time's up. (requested by niutat001)
|
|t:|1769321172
|teamsize|p1|6
|teamsize|p2|6
|start
|switch|p1a: Vivillon|Vivillon-Jungle, F|100/100
|switch|p2a: Tornadus|Tornadus-Therian, M|100/100
|turn|1
|
|t:|1769321181
|switch|p1a: Dragalge|Dragalge, M|100/100
|move|p2a: Tornadus|Bleakwind Storm|p1a: Dragalge
|-crit|p1a: Dragalge
|-damage|p1a: Dragalge|69/100
|
|upkeep
|turn|2
|
|t:|1769321196
|move|p2a: Tornadus|Knock Off|p1a: Dragalge
|-damage|p1a: Dragalge|48/100
|-enditem|p1a: Dragalge|Assault Vest|[from] move: Knock Off|[of] p2a: Tornadus
|move|p1a: Dragalge|Thunderbolt|p2a: Tornadus
|-supereffective|p2a: Tornadus
|-damage|p2a: Tornadus|65/100
|
|upkeep
|turn|3
|
|t:|1769321212
|move|p2a: Tornadus|U-turn|p1a: Dragalge
|-resisted|p1a: Dragalge
|-damage|p1a: Dragalge|39/100
|
|t:|1769321228
|switch|p2a: Garganacl|Garganacl, F|100/100|[from] U-turn
|move|p1a: Dragalge|Scald|p2a: Garganacl
|-supereffective|p2a: Garganacl
|-crit|p2a: Garganacl
|-damage|p2a: Garganacl|47/100
|
|-heal|p2a: Garganacl|53/100|[from] item: Leftovers
|upkeep
|turn|4
|
|t:|1769321236
|move|p2a: Garganacl|Protect|p2a: Garganacl
|-singleturn|p2a: Garganacl|Protect
|move|p1a: Dragalge|Scald|p2a: Garganacl
|-activate|p2a: Garganacl|move: Protect
|
|-heal|p2a: Garganacl|59/100|[from] item: Leftovers
|upkeep
|turn|5
|
|t:|1769321256
|-terastallize|p2a: Garganacl|Water
|move|p1a: Dragalge|Scald|p2a: Garganacl
|-resisted|p2a: Garganacl
|-damage|p2a: Garganacl|50/100
|move|p2a: Garganacl|Salt Cure|p1a: Dragalge
|-damage|p1a: Dragalge|23/100
|-start|p1a: Dragalge|Salt Cure
|
|-heal|p2a: Garganacl|57/100|[from] item: Leftovers
|-damage|p1a: Dragalge|11/100|[from] Salt Cure
|upkeep
|turn|6
|
|t:|1769321266
|switch|p1a: Tsareena|Tsareena, F|100/100
|move|p2a: Garganacl|Protect||[still]
|-fail|p2a: Garganacl
|
|-heal|p2a: Garganacl|63/100|[from] item: Leftovers
|upkeep
|turn|7
|
|t:|1769321276
|move|p2a: Garganacl|Protect|p2a: Garganacl
|-singleturn|p2a: Garganacl|Protect
|move|p1a: Tsareena|Rapid Spin|p2a: Garganacl
|-activate|p2a: Garganacl|move: Protect
|
|-heal|p2a: Garganacl|69/100|[from] item: Leftovers
|upkeep
|turn|8
|
|t:|1769321287
|switch|p1a: Dragalge|Dragalge, M|11/100
|switch|p2a: Tornadus|Tornadus-Therian, M|98/100
|
|upkeep
|turn|9
|
|t:|1769321298
|move|p2a: Tornadus|Bleakwind Storm|p1a: Dragalge|[miss]
|-miss|p2a: Tornadus|p1a: Dragalge
|move|p1a: Dragalge|Draco Meteor|p2a: Tornadus
|-damage|p2a: Tornadus|45/100
|-unboost|p1a: Dragalge|spa|2
|
|upkeep
|turn|10
|
|t:|1769321313
|move|p2a: Tornadus|Knock Off|p1a: Dragalge
|-damage|p1a: Dragalge|0 fnt
|faint|p1a: Dragalge
|
|upkeep
|
|t:|1769321316
|switch|p1a: Reuniclus|Reuniclus, M|100/100
|turn|11
|
|t:|1769321320
|move|p2a: Tornadus|U-turn|p1a: Reuniclus
|-supereffective|p1a: Reuniclus
|-damage|p1a: Reuniclus|82/100
|
|t:|1769321325
|switch|p2a: Hatterene|Hatterene, F|100/100|[from] U-turn
|move|p1a: Reuniclus|Calm Mind|p1a: Reuniclus
|-boost|p1a: Reuniclus|spa|1
|-boost|p1a: Reuniclus|spd|1
|
|upkeep
|turn|12
|
|t:|1769321330
|move|p1a: Reuniclus|Calm Mind|p1a: Reuniclus
|-boost|p1a: Reuniclus|spa|1
|-boost|p1a: Reuniclus|spd|1
|move|p2a: Hatterene|Nuzzle|p1a: Reuniclus
|-damage|p1a: Reuniclus|79/100
|-status|p1a: Reuniclus|par
|
|upkeep
|turn|13
|
|t:|1769321341
|switch|p2a: Darkrai|Darkrai|100/100
|move|p1a: Reuniclus|Calm Mind|p1a: Reuniclus
|-boost|p1a: Reuniclus|spa|1
|-boost|p1a: Reuniclus|spd|1
|
|upkeep
|turn|14
|
|t:|1769321348
|-terastallize|p1a: Reuniclus|Fairy
|move|p2a: Darkrai|Dark Pulse|p1a: Reuniclus
|-resisted|p1a: Reuniclus
|-crit|p1a: Reuniclus
|-damage|p1a: Reuniclus|31/100 par
|move|p1a: Reuniclus|Tera Blast|p2a: Darkrai|[anim] Tera Blast Fairy
|-supereffective|p2a: Darkrai
|-damage|p2a: Darkrai|0 fnt
|faint|p2a: Darkrai
|
|upkeep
|
|t:|1769321364
|switch|p2a: Great Tusk|Great Tusk|100/100
|-enditem|p2a: Great Tusk|Booster Energy
|-activate|p2a: Great Tusk|ability: Protosynthesis|[fromitem]
|-start|p2a: Great Tusk|protosynthesisatk
|turn|15
|
|t:|1769321374
|move|p2a: Great Tusk|Headlong Rush|p1a: Reuniclus
|-damage|p1a: Reuniclus|0 fnt
|-unboost|p2a: Great Tusk|def|1
|-unboost|p2a: Great Tusk|spd|1
|faint|p1a: Reuniclus
|
|upkeep
|
|t:|1769321396
|switch|p1a: Araquanid|Araquanid, M, shiny|100/100
|turn|16
|
|t:|1769321409
|-end|p2a: Great Tusk|Protosynthesis|[silent]
|switch|p2a: Tornadus|Tornadus-Therian, M|78/100
|move|p1a: Araquanid|Liquidation|p2a: Tornadus
|-damage|p2a: Tornadus|7/100
|
|upkeep
|turn|17
|
|t:|1769321417
|move|p2a: Tornadus|U-turn|p1a: Araquanid
|-damage|p1a: Araquanid|85/100
|-damage|p2a: Tornadus|0 fnt|[from] item: Rocky Helmet|[of] p1a: Araquanid
|faint|p2a: Tornadus
|move|p1a: Araquanid|Sticky Web|p2: Tornadus
|-sidestart|p2: niutat001|move: Sticky Web
|
|upkeep
|
|t:|1769321425
|switch|p2a: Garganacl|Garganacl, F, tera:Water|69/100
|-activate|p2a: Garganacl|move: Sticky Web
|-unboost|p2a: Garganacl|spe|1
|turn|18
|
|t:|1769321433
|move|p1a: Araquanid|Liquidation|p2a: Garganacl
|-resisted|p2a: Garganacl
|-damage|p2a: Garganacl|49/100
|-unboost|p2a: Garganacl|def|1
|move|p2a: Garganacl|Salt Cure|p1a: Araquanid
|-supereffective|p1a: Araquanid
|-damage|p1a: Araquanid|55/100
|-start|p1a: Araquanid|Salt Cure
|
|-heal|p2a: Garganacl|55/100|[from] item: Leftovers
|-damage|p1a: Araquanid|30/100|[from] Salt Cure
|upkeep
|turn|19
|
|t:|1769321451
|switch|p1a: Dragonite|Dragonite, F|100/100
|move|p2a: Garganacl|Stealth Rock|p1a: Dragonite
|-sidestart|p1: deathflower|move: Stealth Rock
|
|-heal|p2a: Garganacl|61/100|[from] item: Leftovers
|upkeep
|turn|20
|
|t:|1769321458
|move|p1a: Dragonite|Dragon Dance|p1a: Dragonite
|-boost|p1a: Dragonite|atk|1
|-boost|p1a: Dragonite|spe|1
|move|p2a: Garganacl|Salt Cure|p1a: Dragonite
|-supereffective|p1a: Dragonite
|-crit|p1a: Dragonite
|-damage|p1a: Dragonite|78/100
|-start|p1a: Dragonite|Salt Cure
|
|-heal|p2a: Garganacl|68/100|[from] item: Leftovers
|-damage|p1a: Dragonite|66/100|[from] Salt Cure
|upkeep
|turn|21
|
|t:|1769321476
|switch|p2a: Hatterene|Hatterene, F|100/100
|-activate|p2a: Hatterene|move: Sticky Web
|-unboost|p2a: Hatterene|spe|1
|move|p1a: Dragonite|Earthquake|p2a: Hatterene
|-damage|p2a: Hatterene|51/100
|
|-damage|p1a: Dragonite|53/100|[from] Salt Cure
|upkeep
|turn|22
|
|t:|1769321489
|switch|p1a: Araquanid|Araquanid, M, shiny|30/100
|-damage|p1a: Araquanid|5/100|[from] Stealth Rock
|switch|p2a: Dragonite|Dragonite, M|100/100
|
|upkeep
|turn|23
|
|t:|1769321500
|move|p2a: Dragonite|Earthquake|p1a: Araquanid
|-resisted|p1a: Araquanid
|-damage|p1a: Araquanid|0 fnt
|faint|p1a: Araquanid
|
|upkeep
|
|t:|1769321509
|switch|p1a: Tsareena|Tsareena, F|100/100
|-damage|p1a: Tsareena|88/100|[from] Stealth Rock
|turn|24
|
|t:|1769321518
|move|p1a: Tsareena|Rapid Spin|p2a: Dragonite
|-damage|p2a: Dragonite|92/100
|-boost|p1a: Tsareena|spe|1
|-sideend|p1: deathflower|Stealth Rock|[from] move: Rapid Spin|[of] p1a: Tsareena
|move|p2a: Dragonite|Dragon Dance|p2a: Dragonite
|-boost|p2a: Dragonite|atk|1
|-boost|p2a: Dragonite|spe|1
|
|upkeep
|turn|25
|
|t:|1769321539
|move|p2a: Dragonite|Extreme Speed||[still]
|cant|p1a: Tsareena|ability: Queenly Majesty|Extreme Speed|[of] p2a: Dragonite
|move|p1a: Tsareena|Triple Axel|p2a: Dragonite
|-supereffective|p2a: Dragonite
|-damage|p2a: Dragonite|64/100
|-supereffective|p2a: Dragonite
|-damage|p2a: Dragonite|14/100
|-supereffective|p2a: Dragonite
|-damage|p2a: Dragonite|0 fnt
|faint|p2a: Dragonite
|-hitcount|p2: Dragonite|3
|
|upkeep
|
|t:|1769321551
|switch|p2a: Great Tusk|Great Tusk|100/100
|-activate|p2a: Great Tusk|move: Sticky Web
|-unboost|p2a: Great Tusk|spe|1
|turn|26
|
|t:|1769321565
|move|p1a: Tsareena|Triple Axel|p2a: Great Tusk
|-supereffective|p2a: Great Tusk
|-damage|p2a: Great Tusk|90/100
|-supereffective|p2a: Great Tusk
|-damage|p2a: Great Tusk|72/100
|-supereffective|p2a: Great Tusk
|-damage|p2a: Great Tusk|42/100
|-hitcount|p2a: Great Tusk|3
|move|p2a: Great Tusk|Ice Spinner|p1a: Tsareena
|-supereffective|p1a: Tsareena
|-damage|p1a: Tsareena|22/100
|-enditem|p1a: Tsareena|Liechi Berry|[eat]
|-boost|p1a: Tsareena|atk|1|[from] item: Liechi Berry
|
|upkeep
|turn|27
|
|t:|1769321574
|move|p1a: Tsareena|Acrobatics|p2a: Great Tusk
|-supereffective|p2a: Great Tusk
|-damage|p2a: Great Tusk|0 fnt
|faint|p2a: Great Tusk
|-end|p2a: Great Tusk|Protosynthesis|[silent]
|
|upkeep
|
|t:|1769321580
|switch|p2a: Hatterene|Hatterene, F|51/100
|-activate|p2a: Hatterene|move: Sticky Web
|-unboost|p2a: Hatterene|spe|1
|turn|28
|
|t:|1769321586
|move|p1a: Tsareena|Acrobatics|p2a: Hatterene
|-damage|p2a: Hatterene|7/100
|-damage|p1a: Tsareena|5/100|[from] item: Rocky Helmet|[of] p2a: Hatterene
|move|p2a: Hatterene|Dazzling Gleam|p1a: Tsareena
|-crit|p1a: Tsareena
|-damage|p1a: Tsareena|0 fnt
|faint|p1a: Tsareena
|
|upkeep
|
|t:|1769321590
|switch|p1a: Vivillon|Vivillon-Jungle, F|100/100
|turn|29
|
|t:|1769321593
|move|p1a: Vivillon|Substitute|p1a: Vivillon
|-start|p1a: Vivillon|Substitute
|-damage|p1a: Vivillon|76/100
|move|p2a: Hatterene|Nuzzle|p1a: Vivillon
|-supereffective|p1a: Vivillon
|-activate|p1a: Vivillon|move: Substitute|[damage]
|
|-heal|p1a: Vivillon|82/100|[from] item: Leftovers
|upkeep
|turn|30
|
|t:|1769321599
|move|p1a: Vivillon|Quiver Dance|p1a: Vivillon
|-boost|p1a: Vivillon|spa|1
|-boost|p1a: Vivillon|spd|1
|-boost|p1a: Vivillon|spe|1
|move|p2a: Hatterene|Future Sight|p1a: Vivillon
|-start|p2a: Hatterene|move: Future Sight
|
|-heal|p1a: Vivillon|88/100|[from] item: Leftovers
|upkeep
|turn|31
|
|t:|1769321608
|move|p1a: Vivillon|Bug Buzz|p2a: Hatterene
|-damage|p2a: Hatterene|0 fnt
|faint|p2a: Hatterene
|
|-heal|p1a: Vivillon|94/100|[from] item: Leftovers
|upkeep
|
|t:|1769321614
|switch|p2a: Garganacl|Garganacl, F, tera:Water|68/100
|-activate|p2a: Garganacl|move: Sticky Web
|-unboost|p2a: Garganacl|spe|1
|turn|32
|
|t:|1769321620
|move|p1a: Vivillon|Hurricane|p2a: Garganacl
|-damage|p2a: Garganacl|15/100
|move|p2a: Garganacl|Recover|p2a: Garganacl
|-heal|p2a: Garganacl|65/100
|
|-end|p1a: Vivillon|move: Future Sight
|-end|p1a: Vivillon|Substitute
|-heal|p1a: Vivillon|99/100|[from] item: Leftovers
|-heal|p2a: Garganacl|71/100|[from] item: Leftovers
|upkeep
|turn|33
|
|t:|1769321630
|move|p1a: Vivillon|Hurricane|p2a: Garganacl
|-damage|p2a: Garganacl|22/100
|-start|p2a: Garganacl|confusion
|-activate|p2a: Garganacl|confusion
|-damage|p2a: Garganacl|15/100|[from] confusion
|
|-heal|p1a: Vivillon|100/100|[from] item: Leftovers
|-heal|p2a: Garganacl|22/100|[from] item: Leftovers
|upkeep
|turn|34
|
|t:|1769321639
|move|p1a: Vivillon|Bug Buzz|p2a: Garganacl
|-damage|p2a: Garganacl|0 fnt
|faint|p2a: Garganacl
|
|win|deathflower
|raw|deathflower's rating: 1172 &rarr; <strong>1195</strong><br />(+23 for winning)
|raw|niutat001's rating: 1149 &rarr; <strong>1126</strong><br />(-23 for losing)
|c|☆deathflower|gg
|c|☆deathflower|VIVILLONNNN
|l|☆niutat001
|player|p2|
|l|☆deathflower
|player|p1|
|j|☆deathflower
|player|p1|deathflower|iris|
