|j|☆jibreel69
|j|☆ljdarkrai_meme
|t:|1769428800
|gametype|singles
|player|p1|jibreel69|depotagent|1564
|player|p2|ljdarkrai_meme|firebreather|1607
|gen|9
|tier|[Gen 9] OU
|rated|
|rule|HP Percentage Mod: HP is shown in percentages
|rule|Endless Battle Clause: Forcing endless battles is banned
|rule|Species Clause: Limit one of each Pokémon
|rule|OHKO Clause: OHKO moves are banned
|rule|Evasion Items Clause: Evasion items are banned
|rule|Evasion Moves Clause: Evasion moves are banned
|rule|Evasion Abilities Clause: Evasion abilities are banned
|rule|Sleep Moves Clause: Sleep-inducing moves are banned
|clearpoke
|poke|p1|Landorus-Therian, M|
|poke|p1|Gholdengo|
|poke|p1|Ting-Lu|
|poke|p1|Corviknight, M|
|poke|p1|Ogerpon-Wellspring, F|
|poke|p1|Zamazenta-*|
|poke|p2|Ursaluna, M|
|poke|p2|Hatterene, F|
|poke|p2|Cresselia, F|
|poke|p2|Kingambit, F|
|poke|p2|Deoxys-Defense|
|poke|p2|Raging Bolt|
|teampreview
|inactive|Battle timer is ON: inactive players will automatically lose when time's up. (requested by ljdarkrai_meme)
|
|t:|1769428822
|teamsize|p1|6
|teamsize|p2|6
|start
|switch|p1a: Gholdengo|Gholdengo|100/100
|switch|p2a: Deoxys|Deoxys-Defense|100/100
|-ability|p2a: Deoxys|Pressure
|turn|1
|
|t:|1769428833
|move|p1a: Gholdengo|Make It Rain|p2a: Deoxys
|-damage|p2a: Deoxys|41/100
|-unboost|p1a: Gholdengo|spa|1
|move|p2a: Deoxys|Trick Room|p2a: Deoxys
|-fieldstart|move: Trick Room|[of] p2a: Deoxys
|
|upkeep
|turn|2
|
|t:|1769428844
|switch|p1a: Corviknight|Corviknight, M|100/100
|-ability|p1a: Corviknight|Pressure
|move|p2a: Deoxys|Teleport|p2a: Deoxys
|
|t:|1769428851
|switch|p2a: Kingambit|Kingambit, F|100/100|[from] Teleport
|
|upkeep
|turn|3
|
|t:|1769428856
|move|p2a: Kingambit|Swords Dance|p2a: Kingambit
|-boost|p2a: Kingambit|atk|2
|move|p1a: Corviknight|U-turn|p2a: Kingambit
|-damage|p2a: Kingambit|90/100
|
|t:|1769428871
|switch|p1a: Landorus|Landorus-Therian, M|100/100|[from] U-turn
|-ability|p1a: Landorus|Intimidate|boost
|-unboost|p2a: Kingambit|atk|1
|
|upkeep
|turn|4
|
|t:|1769428887
|move|p2a: Kingambit|Kowtow Cleave|p1a: Landorus
|-damage|p1a: Landorus|0 fnt
|faint|p1a: Landorus
|
|upkeep
|
|t:|1769428892
|switch|p1a: Zamazenta|Zamazenta, shiny|100/100
|-ability|p1a: Zamazenta|Dauntless Shield|boost
|-boost|p1a: Zamazenta|def|1
|turn|5
|
|t:|1769428901
|-terastallize|p2a: Kingambit|Fairy
|move|p2a: Kingambit|Tera Blast|p1a: Zamazenta|[anim] Tera Blast Fairy
|-supereffective|p1a: Zamazenta
|-damage|p1a: Zamazenta|25/100
|move|p1a: Zamazenta|Iron Defense|p1a: Zamazenta
|-boost|p1a: Zamazenta|def|2
|
|-heal|p1a: Zamazenta|31/100|[from] item: Leftovers
|-fieldend|move: Trick Room
|upkeep
|turn|6
|
|t:|1769428911
|move|p1a: Zamazenta|Body Press|p2a: Kingambit
|-resisted|p2a: Kingambit
|-damage|p2a: Kingambit|64/100
|move|p2a: Kingambit|Tera Blast|p1a: Zamazenta|[anim] Tera Blast Fairy
|-supereffective|p1a: Zamazenta
|-damage|p1a: Zamazenta|0 fnt
|faint|p1a: Zamazenta
|
|upkeep
|
|t:|1769428922
|switch|p1a: Ting-Lu|Ting-Lu|100/100
|-ability|p1a: Ting-Lu|Vessel of Ruin
|turn|7
|
|t:|1769428926
|move|p2a: Kingambit|Tera Blast|p1a: Ting-Lu|[anim] Tera Blast Fairy
|-supereffective|p1a: Ting-Lu
|-damage|p1a: Ting-Lu|16/100
|move|p1a: Ting-Lu|Whirlwind|p2a: Kingambit
|-end|p2a: Kingambit|fallenundefined|[silent]
|drag|p2a: Hatterene|Hatterene, F|100/100
|
|-heal|p1a: Ting-Lu|22/100|[from] item: Leftovers
|upkeep
|turn|8
|
|t:|1769428936
|move|p1a: Ting-Lu|Ruination|p2a: Hatterene
|-damage|p2a: Hatterene|50/100
|move|p2a: Hatterene|Trick Room|p2a: Hatterene
|-fieldstart|move: Trick Room|[of] p2a: Hatterene
|
|-heal|p1a: Ting-Lu|29/100|[from] item: Leftovers
|upkeep
|turn|9
|
|t:|1769428941
|move|p2a: Hatterene|Draining Kiss|p1a: Ting-Lu
|-supereffective|p1a: Ting-Lu
|-damage|p1a: Ting-Lu|4/100
|-heal|p2a: Hatterene|81/100|[from] drain|[of] p1a: Ting-Lu
|move|p1a: Ting-Lu|Earthquake|p2a: Hatterene
|-damage|p2a: Hatterene|43/100
|
|-heal|p1a: Ting-Lu|10/100|[from] item: Leftovers
|upkeep
|turn|10
|
|t:|1769428949
|move|p2a: Hatterene|Healing Wish|p2a: Hatterene
|faint|p2a: Hatterene
|move|p1a: Ting-Lu|Earthquake|p2: Hatterene|[notarget]
|-fail|p1a: Ting-Lu
|
|-heal|p1a: Ting-Lu|16/100|[from] item: Leftovers
|upkeep
|
|t:|1769428957
|switch|p2a: Kingambit|Kingambit, F, tera:Fairy|64/100
|-heal|p2a: Kingambit|100/100|[from] move: Healing Wish
|-activate|p2a: Kingambit|ability: Supreme Overlord
|-start|p2a: Kingambit|fallen1|[silent]
|turn|11
|
|t:|1769428963
|move|p2a: Kingambit|Kowtow Cleave|p1a: Ting-Lu
|-resisted|p1a: Ting-Lu
|-damage|p1a: Ting-Lu|0 fnt
|faint|p1a: Ting-Lu
|
|upkeep
|
|t:|1769428970
|switch|p1a: Gholdengo|Gholdengo|100/100
|turn|12
|
|t:|1769428975
|-end|p2a: Kingambit|fallen1|[silent]
|switch|p2a: Raging Bolt|Raging Bolt|100/100
|-enditem|p2a: Raging Bolt|Booster Energy
|-activate|p2a: Raging Bolt|ability: Protosynthesis|[fromitem]
|-start|p2a: Raging Bolt|protosynthesisspa
|switch|p1a: Corviknight|Corviknight, M|100/100
|-ability|p1a: Corviknight|Pressure
|
|-fieldend|move: Trick Room
|upkeep
|turn|13
|
|t:|1769428987
|move|p1a: Corviknight|U-turn|p2a: Raging Bolt
|-damage|p2a: Raging Bolt|88/100
|
|t:|1769428994
|switch|p1a: Ogerpon|Ogerpon-Wellspring, F|100/100|[from] U-turn
|move|p2a: Raging Bolt|Thunderbolt|p1a: Ogerpon
|-damage|p1a: Ogerpon|27/100
|
|upkeep
|turn|14
|
|t:|1769429002
|move|p1a: Ogerpon|Synthesis|p1a: Ogerpon
|-heal|p1a: Ogerpon|77/100
|move|p2a: Raging Bolt|Thunderbolt|p1a: Ogerpon
|-damage|p1a: Ogerpon|11/100
|
|upkeep
|turn|15
|
|t:|1769429007
|move|p1a: Ogerpon|Knock Off|p2a: Raging Bolt
|-damage|p2a: Raging Bolt|73/100
|move|p2a: Raging Bolt|Thunderbolt|p1a: Ogerpon
|-damage|p1a: Ogerpon|0 fnt
|faint|p1a: Ogerpon
|
|upkeep
|
|t:|1769429011
|switch|p1a: Gholdengo|Gholdengo|100/100
|turn|16
|
|t:|1769429020
|-terastallize|p1a: Gholdengo|Fighting
|move|p1a: Gholdengo|Focus Blast|p2a: Raging Bolt
|-damage|p2a: Raging Bolt|0 fnt
|faint|p2a: Raging Bolt
|-end|p2a: Raging Bolt|Protosynthesis|[silent]
|
|upkeep
|
|t:|1769429032
|switch|p2a: Cresselia|Cresselia, F|100/100
|turn|17
|
|t:|1769429036
|switch|p1a: Corviknight|Corviknight, M|100/100
|-ability|p1a: Corviknight|Pressure
|move|p2a: Cresselia|Trick Room|p2a: Cresselia
|-fieldstart|move: Trick Room|[of] p2a: Cresselia
|
|upkeep
|turn|18
|
|t:|1769429043
|switch|p2a: Ursaluna|Ursaluna, M|100/100
|move|p1a: Corviknight|U-turn|p2a: Ursaluna
|-damage|p2a: Ursaluna|90/100
|
|t:|1769429050
|switch|p1a: Gholdengo|Gholdengo, tera:Fighting|100/100|[from] U-turn
|
|-status|p2a: Ursaluna|brn|[from] item: Flame Orb
|upkeep
|turn|19
|
|t:|1769429065
|switch|p1a: Corviknight|Corviknight, M|100/100
|-ability|p1a: Corviknight|Pressure
|move|p2a: Ursaluna|Facade|p1a: Corviknight
|-resisted|p1a: Corviknight
|-damage|p1a: Corviknight|62/100
|-damage|p2a: Ursaluna|74/100 brn|[from] item: Rocky Helmet|[of] p1a: Corviknight
|
|-damage|p2a: Ursaluna|67/100 brn|[from] brn
|upkeep
|turn|20
|
|t:|1769429074
|move|p2a: Ursaluna|Swords Dance|p2a: Ursaluna
|-boost|p2a: Ursaluna|atk|2
|move|p1a: Corviknight|Roost|p1a: Corviknight
|-heal|p1a: Corviknight|100/100
|-singleturn|p1a: Corviknight|move: Roost
|
|-damage|p2a: Ursaluna|61/100 brn|[from] brn
|upkeep
|turn|21
|
|t:|1769429082
|move|p2a: Ursaluna|Facade|p1a: Corviknight
|-resisted|p1a: Corviknight
|-damage|p1a: Corviknight|27/100
|-damage|p2a: Ursaluna|44/100 brn|[from] item: Rocky Helmet|[of] p1a: Corviknight
|move|p1a: Corviknight|U-turn|p2a: Ursaluna
|-damage|p2a: Ursaluna|35/100 brn
|
|t:|1769429087
|switch|p1a: Gholdengo|Gholdengo, tera:Fighting|100/100|[from] U-turn
|
|-damage|p2a: Ursaluna|29/100 brn|[from] brn
|-fieldend|move: Trick Room
|upkeep
|turn|22
|
|t:|1769429094
|switch|p1a: Corviknight|Corviknight, M|27/100
|-ability|p1a: Corviknight|Pressure
|switch|p2a: Deoxys|Deoxys-Defense|41/100
|-ability|p2a: Deoxys|Pressure
|
|upkeep
|turn|23
|
|t:|1769429101
|move|p2a: Deoxys|Night Shade|p1a: Corviknight
|-damage|p1a: Corviknight|2/100
|move|p1a: Corviknight|Roost|p1a: Corviknight
|-heal|p1a: Corviknight|52/100
|-singleturn|p1a: Corviknight|move: Roost
|
|upkeep
|turn|24
|
|t:|1769429111
|move|p2a: Deoxys|Stealth Rock|p1a: Corviknight
|-sidestart|p1: jibreel69|move: Stealth Rock
|move|p1a: Corviknight|Roost|p1a: Corviknight
|-heal|p1a: Corviknight|100/100
|-singleturn|p1a: Corviknight|move: Roost
|
|upkeep
|turn|25
|
|t:|1769429115
|move|p1a: Corviknight|Defog|p2a: Deoxys
|-unboost|p2a: Deoxys|evasion|1
|-sideend|p1: jibreel69|Stealth Rock|[from] move: Defog|[of] p1a: Corviknight
|move|p2a: Deoxys|Trick Room|p2a: Deoxys
|-fieldstart|move: Trick Room|[of] p2a: Deoxys
|
|upkeep
|turn|26
|
|t:|1769429122
|move|p1a: Corviknight|Brave Bird|p2a: Deoxys
|-damage|p2a: Deoxys|14/100
|-damage|p1a: Corviknight|94/100|[from] Recoil
|move|p2a: Deoxys|Teleport|p2a: Deoxys
|
|t:|1769429127
|switch|p2a: Kingambit|Kingambit, F, tera:Fairy|100/100|[from] Teleport
|-activate|p2a: Kingambit|ability: Supreme Overlord
|-start|p2a: Kingambit|fallen2|[silent]
|
|upkeep
|turn|27
|
|t:|1769429133
|move|p2a: Kingambit|Swords Dance|p2a: Kingambit
|-boost|p2a: Kingambit|atk|2
|move|p1a: Corviknight|Brave Bird|p2a: Kingambit
|-damage|p2a: Kingambit|76/100
|-damage|p1a: Corviknight|85/100|[from] Recoil
|
|upkeep
|turn|28
|
|t:|1769429140
|move|p2a: Kingambit|Swords Dance|p2a: Kingambit
|-boost|p2a: Kingambit|atk|2
|move|p1a: Corviknight|Roost|p1a: Corviknight
|-heal|p1a: Corviknight|100/100
|-singleturn|p1a: Corviknight|move: Roost
|
|upkeep
|turn|29
|
|t:|1769429146
|move|p2a: Kingambit|Kowtow Cleave|p1a: Corviknight
|-damage|p1a: Corviknight|0 fnt
|-damage|p2a: Kingambit|59/100|[from] item: Rocky Helmet|[of] p1a: Corviknight
|faint|p1a: Corviknight
|
|-fieldend|move: Trick Room
|upkeep
|
|t:|1769429153
|switch|p1a: Gholdengo|Gholdengo, tera:Fighting|100/100
|turn|30
|inactive|jibreel69 has 120 seconds left.
|
|t:|1769429188
|-end|p2a: Kingambit|fallen2|[silent]
|switch|p2a: Deoxys|Deoxys-Defense|14/100
|-ability|p2a: Deoxys|Pressure
|move|p1a: Gholdengo|Focus Blast|p2a: Deoxys|[miss]
|-miss|p1a: Gholdengo|p2a: Deoxys
|
|upkeep
|turn|31
|
|t:|1769429199
|move|p1a: Gholdengo|Focus Blast|p2a: Deoxys|[miss]
|-miss|p1a: Gholdengo|p2a: Deoxys
|move|p2a: Deoxys|Trick Room|p2a: Deoxys
|-fieldstart|move: Trick Room|[of] p2a: Deoxys
|
|upkeep
|turn|32
|
|t:|1769429204
|move|p1a: Gholdengo|Focus Blast|p2a: Deoxys
|-resisted|p2a: Deoxys
|-damage|p2a: Deoxys|0 fnt
|faint|p2a: Deoxys
|
|upkeep
|
|t:|1769429208
|switch|p2a: Ursaluna|Ursaluna, M|29/100 brn
|turn|33
|
|t:|1769429211
|move|p2a: Ursaluna|Facade|p1a: Gholdengo
|-damage|p1a: Gholdengo|0 fnt
|faint|p1a: Gholdengo
|
|win|ljdarkrai_meme
|raw|jibreel69's rating: 1564 &rarr; <strong>1546</strong><br />(-18 for losing)
|raw|ljdarkrai_meme's rating: 1607 &rarr; <strong>1625</strong><br />(+18 for winning)
|c|☆jibreel69|f
|c|☆ljdarkrai_meme|f
|c|☆jibreel69|gg
|c|☆ljdarkrai_meme|gg
|l|☆jibreel69
|player|p1|
