|j|‽samudriss
|j|☆nimjaisugly
|t:|1769352442
|gametype|singles
|player|p1|samudriss|ghetsis|1546
|player|p2|nimjaisugly|clavell-s|1504
|gen|9
|tier|[Gen 9] OU
|rated|
|rule|HP Percentage Mod: HP is shown in percentages
|rule|Endless Battle Clause: Forcing endless battles is banned
|rule|Species Clause: Limit one of each Pokémon
|rule|OHKO Clause: OHKO moves are banned
|rule|Evasion Items Clause: Evasion items are banned
|rule|Evasion Moves Clause: Evasion moves are banned
|rule|Evasion Abilities Clause: Evasion abilities are banned
|rule|Sleep Moves Clause: Sleep-inducing moves are banned
|clearpoke
|poke|p1|Samurott-Hisui, M|
|poke|p1|Gholdengo|
|poke|p1|Raging Bolt|
|poke|p1|Enamorus, F|
|poke|p1|Kingambit, M|
|poke|p1|Great Tusk|
|poke|p2|Porygon-Z|
|poke|p2|Kingambit, F|
|poke|p2|Dragapult, F|
|poke|p2|Alomomola, M|
|poke|p2|Pecharunt|
|poke|p2|Iron Treads|
|teampreview
|inactive|Battle timer is ON: inactive players will automatically lose when time's up. (requested by nimjaisugly)
|
|t:|1769352450
|teamsize|p1|6
|teamsize|p2|6
|start
|switch|p1a: Samurott|Samurott-Hisui, M|100/100
|switch|p2a: Porygon-Z|Porygon-Z|100/100
|-ability|p2a: Porygon-Z|Download|boost
|-boost|p2a: Porygon-Z|spa|1
|turn|1
|
|t:|1769352453
|move|p2a: Porygon-Z|Thunderbolt|p1a: Samurott
|-supereffective|p1a: Samurott
|-enditem|p1a: Samurott|Focus Sash
|-damage|p1a: Samurott|1/100
|move|p1a: Samurott|Ceaseless Edge|p2a: Porygon-Z
|-damage|p2a: Porygon-Z|37/100
|-sidestart|p2: nimjaisugly|Spikes
|
|upkeep
|turn|2
|
|t:|1769352461
|move|p1a: Samurott|Aqua Jet|p2a: Porygon-Z
|-damage|p2a: Porygon-Z|8/100
|move|p2a: Porygon-Z|Thunderbolt|p1a: Samurott
|-supereffective|p1a: Samurott
|-damage|p1a: Samurott|0 fnt
|faint|p1a: Samurott
|
|upkeep
|
|t:|1769352467
|switch|p1a: Enamorus|Enamorus, F|100/100
|turn|3
|
|t:|1769352471
|switch|p2a: Alomomola|Alomomola, M|100/100
|-damage|p2a: Alomomola|88/100|[from] Spikes
|move|p1a: Enamorus|Moonblast|p2a: Alomomola
|-damage|p2a: Alomomola|62/100
|-unboost|p2a: Alomomola|spa|1
|
|upkeep
|turn|4
|
|t:|1769352479
|move|p1a: Enamorus|Moonblast|p2a: Alomomola
|-damage|p2a: Alomomola|36/100
|move|p2a: Alomomola|Flip Turn|p1a: Enamorus
|-damage|p1a: Enamorus|72/100
|
|t:|1769352481
|switch|p2a: Iron Treads|Iron Treads|100/100|[from] Flip Turn
|-item|p2a: Iron Treads|Air Balloon
|
|upkeep
|turn|5
|
|t:|1769352485
|switch|p1a: Gholdengo|Gholdengo|100/100
|-item|p1a: Gholdengo|Air Balloon
|move|p2a: Iron Treads|Rapid Spin|p1a: Gholdengo
|-immune|p1a: Gholdengo
|
|upkeep
|turn|6
|
|t:|1769352488
|-end|p2a: Iron Treads|Quark Drive|[silent]
|switch|p2a: Alomomola|Alomomola, M|69/100
|-damage|p2a: Alomomola|57/100|[from] Spikes
|move|p1a: Gholdengo|Shadow Ball|p2a: Alomomola
|-crit|p2a: Alomomola
|-damage|p2a: Alomomola|27/100
|-unboost|p2a: Alomomola|spd|1
|
|upkeep
|turn|7
|
|t:|1769352496
|switch|p2a: Porygon-Z|Porygon-Z|8/100
|-damage|p2a: Porygon-Z|0 fnt|[from] Spikes
|faint|p2a: Porygon-Z
|move|p1a: Gholdengo|Shadow Ball|p2: Porygon-Z|[notarget]
|-fail|p1a: Gholdengo
|
|upkeep
|
|t:|1769352504
|switch|p2a: Alomomola|Alomomola, M|60/100
|-damage|p2a: Alomomola|48/100|[from] Spikes
|turn|8
|
|t:|1769352508
|switch|p1a: Enamorus|Enamorus, F|72/100
|move|p2a: Alomomola|Mirror Coat||[still]
|-fail|p2a: Alomomola
|
|upkeep
|turn|9
|
|t:|1769352512
|move|p1a: Enamorus|Mystical Fire|p2a: Alomomola
|-resisted|p2a: Alomomola
|-damage|p2a: Alomomola|40/100
|-unboost|p2a: Alomomola|spa|1
|move|p2a: Alomomola|Flip Turn|p1a: Enamorus
|-damage|p1a: Enamorus|47/100
|
|t:|1769352518
|switch|p2a: Dragapult|Dragapult, F|100/100|[from] Flip Turn
|
|upkeep
|turn|10
|
|t:|1769352525
|switch|p1a: Raging Bolt|Raging Bolt|100/100
|-enditem|p1a: Raging Bolt|Booster Energy
|-activate|p1a: Raging Bolt|ability: Protosynthesis|[fromitem]
|-start|p1a: Raging Bolt|protosynthesisspa
|move|p2a: Dragapult|Will-O-Wisp|p1a: Raging Bolt|[miss]
|-miss|p2a: Dragapult|p1a: Raging Bolt
|
|upkeep
|turn|11
|
|t:|1769352531
|move|p2a: Dragapult|U-turn|p1a: Raging Bolt
|-damage|p1a: Raging Bolt|82/100
|
|t:|1769352533
|switch|p2a: Iron Treads|Iron Treads|100/100|[from] U-turn
|-item|p2a: Iron Treads|Air Balloon
|move|p1a: Raging Bolt|Dragon Pulse|p2a: Iron Treads
|-resisted|p2a: Iron Treads
|-damage|p2a: Iron Treads|76/100
|-enditem|p2a: Iron Treads|Air Balloon
|
|upkeep
|turn|12
|
|t:|1769352537
|-end|p1a: Raging Bolt|Protosynthesis|[silent]
|switch|p1a: Gholdengo|Gholdengo|100/100
|-item|p1a: Gholdengo|Air Balloon
|move|p2a: Iron Treads|Knock Off|p1a: Gholdengo
|-supereffective|p1a: Gholdengo
|-damage|p1a: Gholdengo|66/100
|-enditem|p1a: Gholdengo|Air Balloon
|
|upkeep
|turn|13
|
|t:|1769352540
|move|p2a: Iron Treads|Earthquake|p1a: Gholdengo
|-supereffective|p1a: Gholdengo
|-damage|p1a: Gholdengo|19/100
|move|p1a: Gholdengo|Shadow Ball|p2a: Iron Treads
|-damage|p2a: Iron Treads|47/100
|-unboost|p2a: Iron Treads|spd|1
|
|upkeep
|turn|14
|
|t:|1769352548
|move|p2a: Iron Treads|Earthquake|p1a: Gholdengo
|-supereffective|p1a: Gholdengo
|-damage|p1a: Gholdengo|0 fnt
|faint|p1a: Gholdengo
|
|upkeep
|
|t:|1769352550
|switch|p1a: Great Tusk|Great Tusk|100/100
|turn|15
|
|t:|1769352556
|move|p1a: Great Tusk|Headlong Rush|p2a: Iron Treads
|-supereffective|p2a: Iron Treads
|-damage|p2a: Iron Treads|0 fnt
|-unboost|p1a: Great Tusk|def|1
|-unboost|p1a: Great Tusk|spd|1
|faint|p2a: Iron Treads
|-end|p2a: Iron Treads|Quark Drive|[silent]
|
|upkeep
|
|t:|1769352563
|switch|p2a: Dragapult|Dragapult, F|100/100
|turn|16
|
|t:|1769352567
|move|p2a: Dragapult|Will-O-Wisp|p1a: Great Tusk
|-status|p1a: Great Tusk|brn
|move|p1a: Great Tusk|Headlong Rush|p2a: Dragapult
|-damage|p2a: Dragapult|59/100
|-unboost|p1a: Great Tusk|def|1
|-unboost|p1a: Great Tusk|spd|1
|
|-damage|p1a: Great Tusk|94/100 brn|[from] brn
|upkeep
|turn|17
|
|t:|1769352576
|move|p2a: Dragapult|Hex|p1a: Great Tusk
|-damage|p1a: Great Tusk|0 fnt
|faint|p1a: Great Tusk
|-end|p1a: Great Tusk|Protosynthesis|[silent]
|
|upkeep
|
|t:|1769352578
|switch|p1a: Kingambit|Kingambit, M|100/100
|-activate|p1a: Kingambit|ability: Supreme Overlord
|-start|p1a: Kingambit|fallen3|[silent]
|turn|18
|
|t:|1769352580
|move|p2a: Dragapult|Will-O-Wisp|p1a: Kingambit
|-status|p1a: Kingambit|brn
|move|p1a: Kingambit|Kowtow Cleave|p2a: Dragapult
|-supereffective|p2a: Dragapult
|-damage|p2a: Dragapult|0 fnt
|faint|p2a: Dragapult
|
|-damage|p1a: Kingambit|94/100 brn|[from] brn
|upkeep
|
|t:|1769352591
|switch|p2a: Kingambit|Kingambit, F|100/100
|-damage|p2a: Kingambit|88/100|[from] Spikes
|-activate|p2a: Kingambit|ability: Supreme Overlord
|-start|p2a: Kingambit|fallen3|[silent]
|turn|19
|
|t:|1769352600
|-end|p1a: Kingambit|fallen3|[silent]
|switch|p1a: Raging Bolt|Raging Bolt|82/100
|move|p2a: Kingambit|Swords Dance|p2a: Kingambit
|-boost|p2a: Kingambit|atk|2
|
|-heal|p2a: Kingambit|94/100|[from] item: Leftovers
|upkeep
|turn|20
|
|t:|1769352605
|-terastallize|p1a: Raging Bolt|Fairy
|-terastallize|p2a: Kingambit|Fairy
|move|p1a: Raging Bolt|Thunderbolt|p2a: Kingambit
|-damage|p2a: Kingambit|42/100
|move|p2a: Kingambit|Tera Blast|p1a: Raging Bolt|[anim] Tera Blast Fairy
|-damage|p1a: Raging Bolt|0 fnt
|faint|p1a: Raging Bolt
|-end|p1a: Raging Bolt|Protosynthesis|[silent]
|
|-heal|p2a: Kingambit|48/100|[from] item: Leftovers
|upkeep
|
|t:|1769352614
|switch|p1a: Enamorus|Enamorus, F|47/100
|turn|21
|
|t:|1769352616
|move|p2a: Kingambit|Sucker Punch||[still]
|-fail|p2a: Kingambit
|move|p1a: Enamorus|Healing Wish|p1a: Enamorus
|faint|p1a: Enamorus
|
|-heal|p2a: Kingambit|55/100|[from] item: Leftovers
|upkeep
|
|t:|1769352618
|switch|p1a: Kingambit|Kingambit, M|94/100 brn
|-heal|p1a: Kingambit|100/100|[from] move: Healing Wish
|-activate|p1a: Kingambit|ability: Supreme Overlord
|-start|p1a: Kingambit|fallen5|[silent]
|turn|22
|
|t:|1769352621
|move|p1a: Kingambit|Iron Head|p2a: Kingambit
|-supereffective|p2a: Kingambit
|-damage|p2a: Kingambit|0 fnt
|faint|p2a: Kingambit
|-end|p2a: Kingambit|fallen3|[silent]
|
|upkeep
|
|t:|1769352624
|switch|p2a: Alomomola|Alomomola, M|74/100
|-damage|p2a: Alomomola|61/100|[from] Spikes
|turn|23
|
|t:|1769352626
|move|p1a: Kingambit|Swords Dance|p1a: Kingambit
|-boost|p1a: Kingambit|atk|2
|move|p2a: Alomomola|Scald|p1a: Kingambit
|-damage|p1a: Kingambit|85/100
|-status|p1a: Kingambit|brn
|
|-heal|p1a: Kingambit|91/100 brn|[from] item: Leftovers
|-damage|p1a: Kingambit|85/100 brn|[from] brn
|upkeep
|turn|24
|
|t:|1769352630
|move|p1a: Kingambit|Swords Dance|p1a: Kingambit
|-boost|p1a: Kingambit|atk|2
|move|p2a: Alomomola|Flip Turn|p1a: Kingambit
|-damage|p1a: Kingambit|71/100 brn
|
|t:|1769352632
|switch|p2a: Pecharunt|Pecharunt|100/100|[from] Flip Turn
|
|-heal|p1a: Kingambit|77/100 brn|[from] item: Leftovers
|-damage|p1a: Kingambit|71/100 brn|[from] brn
|upkeep
|turn|25
|
|t:|1769352634
|move|p2a: Pecharunt|Parting Shot|p1a: Kingambit
|-unboost|p1a: Kingambit|atk|1
|-unboost|p1a: Kingambit|spa|1
|
|t:|1769352636
|switch|p2a: Alomomola|Alomomola, M|94/100|[from] Parting Shot
|-damage|p2a: Alomomola|82/100|[from] Spikes
|move|p1a: Kingambit|Swords Dance|p1a: Kingambit
|-boost|p1a: Kingambit|atk|2
|
|-heal|p1a: Kingambit|77/100 brn|[from] item: Leftovers
|-damage|p1a: Kingambit|71/100 brn|[from] brn
|upkeep
|turn|26
|
|t:|1769352638
|move|p1a: Kingambit|Kowtow Cleave|p2a: Alomomola
|-damage|p2a: Alomomola|0 fnt
|faint|p2a: Alomomola
|
|-heal|p1a: Kingambit|77/100 brn|[from] item: Leftovers
|-damage|p1a: Kingambit|71/100 brn|[from] brn
|upkeep
|l|☆nimjaisugly
|inactive|nimjaisugly disconnected and has a minute to reconnect!
|player|p2|
|inactive|nimjaisugly has 30 seconds to reconnect!
|inactive|nimjaisugly has 20 seconds to reconnect!
|inactive|nimjaisugly has 15 seconds to reconnect!
|inactive|nimjaisugly has 10 seconds to reconnect!
|inactive|nimjaisugly has 5 seconds to reconnect!
|-message|nimjaisugly lost due to inactivity.
|
|win|samudriss
|raw|samudriss's rating: 1546 &rarr; <strong>1564</strong><br />(+18 for winning)
|raw|nimjaisugly's rating: 1504 &rarr; <strong>1486</strong><br />(-18 for losing)
|l|‽samudriss
|player|p1|
