|j|☆Fhantazy
|j|☆AsierX
|t:|1769349059
|gametype|singles
|player|p1|Fhantazy|1|1378
|player|p2|AsierX|skierf|1406
|gen|9
|tier|[Gen 9] OU
|rated|
|rule|HP Percentage Mod: HP is shown in percentages
|rule|Endless Battle Clause: Forcing endless battles is banned
|rule|Species Clause: Limit one of each Pokémon
|rule|OHKO Clause: OHKO moves are banned
|rule|Evasion Items Clause: Evasion items are banned
|rule|Evasion Moves Clause: Evasion moves are banned
|rule|Evasion Abilities Clause: Evasion abilities are banned
|rule|Sleep Moves Clause: Sleep-inducing moves are banned
|clearpoke
|poke|p1|Great Tusk|
|poke|p1|Corviknight, M|
|poke|p1|Kyurem|
|poke|p1|Pecharunt|
|poke|p1|Tyranitar, M|
|poke|p1|Iron Valiant|
|poke|p2|Moltres-Galar|
|poke|p2|Zapdos-Galar|
|poke|p2|Ogerpon-Wellspring, F|
|poke|p2|Iron Boulder|
|poke|p2|Sandy Shocks|
|poke|p2|Cinderace, F|
|teampreview
|
|t:|1769349063
|teamsize|p1|6
|teamsize|p2|6
|start
|switch|p1a: Kyurem|Kyurem|100/100
|switch|p2a: Birdbrain|Zapdos-Galar|100/100
|-ability|p1a: Kyurem|Pressure
|turn|1
|
|t:|1769349070
|switch|p1a: Corviknight|Corviknight, M|100/100
|-ability|p1a: Corviknight|Pressure
|move|p2a: Birdbrain|Thunderous Kick|p1a: Corviknight
|-damage|p1a: Corviknight|74/100
|-unboost|p1a: Corviknight|def|1
|
|-heal|p1a: Corviknight|80/100|[from] item: Leftovers
|upkeep
|turn|2
|
|t:|1769349075
|move|p2a: Birdbrain|Thunderous Kick|p1a: Corviknight
|-damage|p1a: Corviknight|42/100
|-unboost|p1a: Corviknight|def|1
|move|p1a: Corviknight|U-turn|p2a: Birdbrain
|-resisted|p2a: Birdbrain
|-damage|p2a: Birdbrain|97/100
|
|t:|1769349077
|switch|p1a: Pecharunt|Pecharunt|100/100|[from] U-turn
|-item|p1a: Pecharunt|Air Balloon
|
|upkeep
|turn|3
|
|t:|1769349083
|move|p2a: Birdbrain|Knock Off|p1a: Pecharunt
|-supereffective|p1a: Pecharunt
|-damage|p1a: Pecharunt|61/100
|-enditem|p1a: Pecharunt|Air Balloon
|move|p1a: Pecharunt|Shadow Ball|p2a: Birdbrain
|-damage|p2a: Birdbrain|78/100
|
|upkeep
|turn|4
|
|t:|1769349087
|move|p2a: Birdbrain|U-turn|p1a: Pecharunt
|-resisted|p1a: Pecharunt
|-damage|p1a: Pecharunt|57/100
|
|t:|1769349089
|switch|p2a: Sandman|Sandy Shocks|100/100|[from] U-turn
|move|p1a: Pecharunt|Recover|p1a: Pecharunt
|-heal|p1a: Pecharunt|100/100
|
|upkeep
|turn|5
|
|t:|1769349095
|switch|p1a: Great Tusk|Great Tusk|100/100
|move|p2a: Sandman|Scorching Sands|p1a: Great Tusk
|-damage|p1a: Great Tusk|48/100
|-status|p1a: Great Tusk|brn
|
|-damage|p1a: Great Tusk|42/100 brn|[from] brn
|upkeep
|turn|6
|
|t:|1769349098
|move|p1a: Great Tusk|Headlong Rush|p2a: Sandman
|-supereffective|p2a: Sandman
|-crit|p2a: Sandman
|-damage|p2a: Sandman|0 fnt
|-unboost|p1a: Great Tusk|def|1
|-unboost|p1a: Great Tusk|spd|1
|faint|p2a: Sandman
|-end|p2a: Sandman|Protosynthesis|[silent]
|
|-damage|p1a: Great Tusk|36/100 brn|[from] brn
|upkeep
|
|t:|1769349102
|switch|p2a: 🔥I'm EVIL‼🔥|Moltres-Galar|100/100
|turn|7
|
|t:|1769349105
|-end|p1a: Great Tusk|Protosynthesis|[silent]
|switch|p1a: Tyranitar|Tyranitar, M|100/100
|-weather|Sandstorm|[from] ability: Sand Stream|[of] p1a: Tyranitar
|move|p2a: 🔥I'm EVIL‼🔥|Agility|p2a: 🔥I'm EVIL‼🔥
|-boost|p2a: 🔥I'm EVIL‼🔥|spe|2
|
|-weather|Sandstorm|[upkeep]
|-damage|p2a: 🔥I'm EVIL‼🔥|94/100|[from] Sandstorm
|upkeep
|turn|8
|
|t:|1769349108
|-terastallize|p2a: 🔥I'm EVIL‼🔥|Poison
|move|p2a: 🔥I'm EVIL‼🔥|Nasty Plot|p2a: 🔥I'm EVIL‼🔥
|-boost|p2a: 🔥I'm EVIL‼🔥|spa|2
|move|p1a: Tyranitar|Stone Edge|p2a: 🔥I'm EVIL‼🔥
|-damage|p2a: 🔥I'm EVIL‼🔥|0 fnt
|faint|p2a: 🔥I'm EVIL‼🔥
|
|-weather|Sandstorm|[upkeep]
|upkeep
|
|t:|1769349114
|switch|p2a: Birdbrain|Zapdos-Galar|78/100
|turn|9
|
|t:|1769349117
|switch|p1a: Pecharunt|Pecharunt|100/100
|move|p2a: Birdbrain|Thunderous Kick|p1a: Pecharunt
|-immune|p1a: Pecharunt
|
|-weather|Sandstorm|[upkeep]
|-damage|p2a: Birdbrain|72/100|[from] Sandstorm
|-damage|p1a: Pecharunt|95/100|[from] Sandstorm
|upkeep
|turn|10
|
|t:|1769349127
|move|p2a: Birdbrain|U-turn|p1a: Pecharunt
|-resisted|p1a: Pecharunt
|-damage|p1a: Pecharunt|91/100
|
|t:|1769349129
|switch|p2a: Big Bonk|Ogerpon-Wellspring, F|100/100|[from] U-turn
|move|p1a: Pecharunt|Malignant Chain|p2a: Big Bonk
|-supereffective|p2a: Big Bonk
|-damage|p2a: Big Bonk|33/100
|
|-weather|Sandstorm|[upkeep]
|-damage|p2a: Big Bonk|27/100|[from] Sandstorm
|-damage|p1a: Pecharunt|85/100|[from] Sandstorm
|upkeep
|turn|11
|
|t:|1769349138
|move|p2a: Big Bonk|Encore|p1a: Pecharunt
|-start|p1a: Pecharunt|Encore
|move|p1a: Pecharunt|Malignant Chain|p2a: Big Bonk
|-supereffective|p2a: Big Bonk
|-damage|p2a: Big Bonk|0 fnt
|faint|p2a: Big Bonk
|
|-weather|none
|upkeep
|
|t:|1769349141
|switch|p2a: Battering Ram|Iron Boulder|100/100
|-enditem|p2a: Battering Ram|Booster Energy
|-activate|p2a: Battering Ram|ability: Quark Drive|[fromitem]
|-start|p2a: Battering Ram|quarkdrivespe
|turn|12
|
|t:|1769349145
|switch|p1a: Corviknight|Corviknight, M|42/100
|-ability|p1a: Corviknight|Pressure
|move|p2a: Battering Ram|Mighty Cleave|p1a: Corviknight
|-damage|p1a: Corviknight|12/100
|
|-heal|p1a: Corviknight|18/100|[from] item: Leftovers
|upkeep
|turn|13
|
|t:|1769349147
|move|p2a: Battering Ram|Mighty Cleave|p1a: Corviknight
|-damage|p1a: Corviknight|0 fnt
|faint|p1a: Corviknight
|
|upkeep
|
|t:|1769349158
|switch|p1a: Iron Valiant|Iron Valiant|100/100
|-enditem|p1a: Iron Valiant|Booster Energy
|-activate|p1a: Iron Valiant|ability: Quark Drive|[fromitem]
|-start|p1a: Iron Valiant|quarkdrivespe
|turn|14
|
|t:|1769349161
|move|p2a: Battering Ram|Zen Headbutt|p1a: Iron Valiant
|-supereffective|p1a: Iron Valiant
|-damage|p1a: Iron Valiant|1/100
|move|p1a: Iron Valiant|Shadow Ball|p2a: Battering Ram
|-supereffective|p2a: Battering Ram
|-damage|p2a: Battering Ram|45/100
|-unboost|p2a: Battering Ram|spd|1
|
|upkeep
|turn|15
|
|t:|1769349168
|move|p2a: Battering Ram|Mighty Cleave|p1a: Iron Valiant
|-resisted|p1a: Iron Valiant
|-damage|p1a: Iron Valiant|0 fnt
|faint|p1a: Iron Valiant
|-end|p1a: Iron Valiant|Quark Drive|[silent]
|
|upkeep
|
|t:|1769349175
|switch|p1a: Pecharunt|Pecharunt|85/100
|turn|16
|
|t:|1769349176
|move|p2a: Battering Ram|Zen Headbutt|p1a: Pecharunt
|-supereffective|p1a: Pecharunt
|-damage|p1a: Pecharunt|33/100
|cant|p1a: Pecharunt|flinch
|
|upkeep
|turn|17
|
|t:|1769349182
|-terastallize|p1a: Pecharunt|Dark
|move|p2a: Battering Ram|Earthquake|p1a: Pecharunt
|-damage|p1a: Pecharunt|10/100
|move|p1a: Pecharunt|Recover|p1a: Pecharunt
|-heal|p1a: Pecharunt|60/100
|
|upkeep
|turn|18
|
|t:|1769349189
|move|p2a: Battering Ram|Megahorn|p1a: Pecharunt
|-supereffective|p1a: Pecharunt
|-damage|p1a: Pecharunt|3/100
|move|p1a: Pecharunt|Recover|p1a: Pecharunt
|-heal|p1a: Pecharunt|53/100
|
|upkeep
|turn|19
|
|t:|1769349193
|switch|p1a: Great Tusk|Great Tusk|36/100 brn
|move|p2a: Battering Ram|Megahorn|p1a: Great Tusk
|-resisted|p1a: Great Tusk
|-damage|p1a: Great Tusk|22/100 brn
|
|-damage|p1a: Great Tusk|16/100 brn|[from] brn
|upkeep
|turn|20
|
|t:|1769349197
|move|p2a: Battering Ram|Earthquake|p1a: Great Tusk
|-damage|p1a: Great Tusk|0 fnt
|faint|p1a: Great Tusk
|-end|p1a: Great Tusk|Protosynthesis|[silent]
|
|upkeep
|
|t:|1769349199
|switch|p1a: Kyurem|Kyurem|100/100
|-ability|p1a: Kyurem|Pressure
|turn|21
|
|t:|1769349202
|move|p2a: Battering Ram|Mighty Cleave|p1a: Kyurem
|-supereffective|p1a: Kyurem
|-damage|p1a: Kyurem|9/100
|move|p1a: Kyurem|Ice Beam|p2a: Battering Ram
|-damage|p2a: Battering Ram|0 fnt
|faint|p2a: Battering Ram
|-end|p2a: Battering Ram|Quark Drive|[silent]
|
|upkeep
|
|t:|1769349206
|switch|p2a: Here's the kicker|Cinderace, F|100/100
|turn|22
|
|t:|1769349211
|move|p2a: Here's the kicker|U-turn|p1a: Kyurem
|-start|p2a: Here's the kicker|typechange|Bug|[from] ability: Libero
|-damage|p1a: Kyurem|0 fnt
|faint|p1a: Kyurem
|
|t:|1769349214
|switch|p2a: Birdbrain|Zapdos-Galar|72/100|[from] U-turn
|
|upkeep
|
|t:|1769349216
|switch|p1a: Pecharunt|Pecharunt, tera:Dark|53/100
|turn|23
|
|t:|1769349219
|move|p2a: Birdbrain|Thunderous Kick|p1a: Pecharunt
|-supereffective|p1a: Pecharunt
|-damage|p1a: Pecharunt|0 fnt
|faint|p1a: Pecharunt
|
|upkeep
|
|t:|1769349222
|switch|p1a: Tyranitar|Tyranitar, M|100/100
|-weather|Sandstorm|[from] ability: Sand Stream|[of] p1a: Tyranitar
|turn|24
|
|t:|1769349224
|move|p2a: Birdbrain|Thunderous Kick|p1a: Tyranitar
|-supereffective|p1a: Tyranitar
|-damage|p1a: Tyranitar|0 fnt
|faint|p1a: Tyranitar
|
|win|AsierX
|raw|Fhantazy's rating: 1378 &rarr; <strong>1360</strong><br />(-18 for losing)
|raw|AsierX's rating: 1406 &rarr; <strong>1424</strong><br />(+18 for winning)
|l|☆Fhantazy
|player|p1|
|l|☆AsierX
|player|p2|
