|j|☆Ardulio1
|j|☆Shoejob
|t:|1769424600
|gametype|singles
|player|p1|Ardulio1|101|1230
|player|p2|Shoejob|169|1241
|gen|9
|tier|[Gen 9] OU
|rated|
|rule|HP Percentage Mod: HP is shown in percentages
|rule|Endless Battle Clause: Forcing endless battles is banned
|rule|Species Clause: Limit one of each Pokémon
|rule|OHKO Clause: OHKO moves are banned
|rule|Evasion Items Clause: Evasion items are banned
|rule|Evasion Moves Clause: Evasion moves are banned
|rule|Evasion Abilities Clause: Evasion abilities are banned
|rule|Sleep Moves Clause: Sleep-inducing moves are banned
|clearpoke
|poke|p1|Crawdaunt, F|
|poke|p1|Dragonite, F|
|poke|p1|Moltres|
|poke|p1|Ditto|
|poke|p1|Glimmora, M|
|poke|p1|Kingambit, F|
|poke|p2|Muk-Alola, M|
|poke|p2|Vileplume, M|
|poke|p2|Ambipom, M|
|poke|p2|Great Tusk|
|poke|p2|Dragonite, M|
|poke|p2|Heatran, M|
|teampreview
|inactive|Battle timer is ON: inactive players will automatically lose when time's up. (requested by Ardulio1)
|
|t:|1769424612
|teamsize|p1|6
|teamsize|p2|6
|start
|switch|p1a: Crawdaunt|Crawdaunt, F|100/100
|switch|p2a: Dragonite|Dragonite, M, shiny|100/100
|turn|1
|
|t:|1769424619
|move|p2a: Dragonite|Outrage|p1a: Crawdaunt
|-damage|p1a: Crawdaunt|0 fnt
|faint|p1a: Crawdaunt
|
|upkeep
|
|t:|1769424624
|switch|p1a: Dragonite|Dragonite, F|100/100
|turn|2
|
|t:|1769424628
|-terastallize|p1a: Dragonite|Fairy
|move|p2a: Dragonite|Outrage|p1a: Dragonite|[from] lockedmove
|-immune|p1a: Dragonite
|-start|p2a: Dragonite|confusion|[fatigue]
|move|p1a: Dragonite|Dragon Dance|p1a: Dragonite
|-boost|p1a: Dragonite|atk|1
|-boost|p1a: Dragonite|spe|1
|
|upkeep
|turn|3
|
|t:|1769424637
|switch|p2a: Vileplume|Vileplume, M|100/100
|move|p1a: Dragonite|Dragon Dance|p1a: Dragonite
|-boost|p1a: Dragonite|atk|1
|-boost|p1a: Dragonite|spe|1
|
|upkeep
|turn|4
|
|t:|1769424650
|move|p1a: Dragonite|Outrage|p2a: Vileplume
|-damage|p2a: Vileplume|0 fnt
|-damage|p1a: Dragonite|84/100|[from] item: Rocky Helmet|[of] p2a: Vileplume
|-status|p1a: Dragonite|slp|[from] ability: Effect Spore|[of] p2a: Vileplume
|faint|p2a: Vileplume
|
|upkeep
|
|t:|1769424662
|switch|p2a: Dragonite|Dragonite, M, shiny|100/100
|turn|5
|c|☆Ardulio1|T_T
|
|t:|1769424668
|cant|p1a: Dragonite|slp
|move|p2a: Dragonite|Waterfall|p1a: Dragonite
|-damage|p1a: Dragonite|51/100 slp
|
|upkeep
|turn|6
|
|t:|1769424672
|cant|p1a: Dragonite|slp
|move|p2a: Dragonite|Waterfall|p1a: Dragonite
|-damage|p1a: Dragonite|19/100 slp
|
|upkeep
|turn|7
|
|t:|1769424679
|cant|p1a: Dragonite|slp
|move|p2a: Dragonite|Waterfall|p1a: Dragonite
|-damage|p1a: Dragonite|0 fnt
|faint|p1a: Dragonite
|
|upkeep
|
|t:|1769424689
|switch|p1a: Moltres|Moltres|100/100
|-ability|p1a: Moltres|Pressure
|turn|8
|
|t:|1769424695
|switch|p2a: Heatran|Heatran, M|100/100
|move|p1a: Moltres|Will-O-Wisp|p2a: Heatran
|-start|p2a: Heatran|ability: Flash Fire
|
|upkeep
|turn|9
|
|t:|1769424701
|-terastallize|p2a: Heatran|Fire
|move|p1a: Moltres|Scorching Sands|p2a: Heatran
|-supereffective|p2a: Heatran
|-damage|p2a: Heatran|70/100
|move|p2a: Heatran|Magma Storm|p1a: Moltres|[miss]
|-miss|p2a: Heatran|p1a: Moltres
|
|upkeep
|turn|10
|
|t:|1769424709
|move|p1a: Moltres|Scorching Sands|p2a: Heatran
|-supereffective|p2a: Heatran
|-damage|p2a: Heatran|39/100
|move|p2a: Heatran|Magma Storm|p1a: Moltres
|-resisted|p1a: Moltres
|-damage|p1a: Moltres|7/100
|-activate|p1a: Moltres|move: Magma Storm|[of] p2a: Heatran
|
|-damage|p1a: Moltres|0 fnt|[from] move: Magma Storm|[partiallytrapped]
|faint|p1a: Moltres
|upkeep
|
|t:|1769424719
|switch|p1a: Glimmora|Glimmora, M|100/100
|turn|11
|
|t:|1769424724
|move|p1a: Glimmora|Stealth Rock|p2a: Heatran
|-sidestart|p2: Shoejob|move: Stealth Rock
|move|p2a: Heatran|Magma Storm|p1a: Glimmora
|-resisted|p1a: Glimmora
|-enditem|p1a: Glimmora|Focus Sash
|-damage|p1a: Glimmora|1/100
|-activate|p1a: Glimmora|move: Magma Storm|[of] p2a: Heatran
|
|-damage|p1a: Glimmora|0 fnt|[from] move: Magma Storm|[partiallytrapped]
|faint|p1a: Glimmora
|upkeep
|
|t:|1769424734
|switch|p1a: Kingambit|Kingambit, F|100/100
|-activate|p1a: Kingambit|ability: Supreme Overlord
|-start|p1a: Kingambit|fallen4|[silent]
|turn|12
|
|t:|1769424743
|move|p1a: Kingambit|Sucker Punch|p2a: Heatran
|-damage|p2a: Heatran|0 fnt
|faint|p2a: Heatran
|
|upkeep
|
|t:|1769424747
|switch|p2a: Great Tusk|Great Tusk|100/100
|-damage|p2a: Great Tusk|97/100|[from] Stealth Rock
|-enditem|p2a: Great Tusk|Booster Energy
|-activate|p2a: Great Tusk|ability: Protosynthesis|[fromitem]
|-start|p2a: Great Tusk|protosynthesisatk
|turn|13
|
|t:|1769424753
|-end|p1a: Kingambit|fallen4|[silent]
|switch|p1a: Ditto|Ditto|100/100
|-transform|p1a: Ditto|p2a: Great Tusk|[from] ability: Imposter
|move|p2a: Great Tusk|Bulk Up|p2a: Great Tusk
|-boost|p2a: Great Tusk|atk|1
|-boost|p2a: Great Tusk|def|1
|
|upkeep
|turn|14
|
|t:|1769424766
|move|p1a: Ditto|Close Combat|p2a: Great Tusk
|-damage|p2a: Great Tusk|70/100
|-unboost|p1a: Ditto|def|1
|-unboost|p1a: Ditto|spd|1
|move|p2a: Great Tusk|Rapid Spin|p1a: Ditto
|-damage|p1a: Ditto|55/100
|-boost|p2a: Great Tusk|spe|1
|-sideend|p2: Shoejob|Stealth Rock|[from] move: Rapid Spin|[of] p2a: Great Tusk
|
|upkeep
|turn|15
|
|t:|1769424777
|-end|p1a: Ditto|Protosynthesis|[silent]
|switch|p1a: Kingambit|Kingambit, F|100/100
|-activate|p1a: Kingambit|ability: Supreme Overlord
|-start|p1a: Kingambit|fallen4|[silent]
|move|p2a: Great Tusk|Close Combat|p1a: Kingambit
|-supereffective|p1a: Kingambit
|-damage|p1a: Kingambit|0 fnt
|-unboost|p2a: Great Tusk|def|1
|-unboost|p2a: Great Tusk|spd|1
|faint|p1a: Kingambit
|-end|p1a: Kingambit|fallen4|[silent]
|
|upkeep
|
|t:|1769424787
|switch|p1a: Ditto|Ditto|55/100
|-transform|p1a: Ditto|p2a: Great Tusk|[from] ability: Imposter
|turn|16
|
|t:|1769424796
|move|p1a: Ditto|Earthquake|p2a: Great Tusk
|-damage|p2a: Great Tusk|17/100
|move|p2a: Great Tusk|Close Combat|p1a: Ditto
|-damage|p1a: Ditto|0 fnt
|-unboost|p2a: Great Tusk|def|1
|-unboost|p2a: Great Tusk|spd|1
|faint|p1a: Ditto
|-end|p1a: Ditto|Protosynthesis|[silent]
|
|win|Shoejob
|raw|Ardulio1's rating: 1230 &rarr; <strong>1206</strong><br />(-24 for losing)
|raw|Shoejob's rating: 1241 &rarr; <strong>1265</strong><br />(+24 for winning)
|l|☆Shoejob
|player|p2|
|l|☆Ardulio1
|player|p1|
