|j|☆Unscripted testing
|j|☆Obling
|t:|1769360697
|gametype|singles
|player|p1|Unscripted testing|caitlin-masters|1712
|player|p2|Obling|turo-ai|1794
|gen|9
|tier|[Gen 9] OU
|rated|
|rule|HP Percentage Mod: HP is shown in percentages
|rule|Endless Battle Clause: Forcing endless battles is banned
|rule|Species Clause: Limit one of each Pokémon
|rule|OHKO Clause: OHKO moves are banned
|rule|Evasion Items Clause: Evasion items are banned
|rule|Evasion Moves Clause: Evasion moves are banned
|rule|Evasion Abilities Clause: Evasion abilities are banned
|rule|Sleep Moves Clause: Sleep-inducing moves are banned
|clearpoke
|poke|p1|Tinkaton, F|
|poke|p1|Ogerpon, F|
|poke|p1|Great Tusk|
|poke|p1|Pecharunt|
|poke|p1|Alomomola, M|
|poke|p1|Hydreigon, M|
|poke|p2|Deoxys-Speed|
|poke|p2|Dragonite, F|
|poke|p2|Iron Valiant|
|poke|p2|Kingambit, F|
|poke|p2|Cresselia, F|
|poke|p2|Walking Wake|
|teampreview
|j| chain climb
|inactive|Battle timer is ON: inactive players will automatically lose when time's up. (requested by Unscripted testing)
|
|t:|1769360718
|teamsize|p1|6
|teamsize|p2|6
|start
|switch|p1a: Anonymous|Ogerpon, F|100/100
|switch|p2a: Deoxys|Deoxys-Speed|100/100
|-ability|p2a: Deoxys|Pressure
|turn|1
|
|t:|1769360722
|switch|p1a: Pisces|Alomomola, M, shiny|100/100
|move|p2a: Deoxys|Stealth Rock|p1a: Pisces
|-sidestart|p1: Unscripted testing|move: Stealth Rock
|
|upkeep
|turn|2
|inactive|Unscripted testing has 120 seconds left.
|
|t:|1769360754
|move|p2a: Deoxys|Spikes|p1a: Pisces
|-sidestart|p1: Unscripted testing|Spikes
|move|p1a: Pisces|Flip Turn|p2a: Deoxys
|-damage|p2a: Deoxys|84/100
|-damage|p1a: Pisces|84/100|[from] item: Rocky Helmet|[of] p2a: Deoxys
|
|t:|1769360757
|switch|p1a: Hybrid|Hydreigon, M, shiny|100/100|[from] Flip Turn
|-damage|p1a: Hybrid|88/100|[from] Stealth Rock
|
|upkeep
|turn|3
|
|t:|1769360766
|move|p2a: Deoxys|Spikes|p1a: Hybrid
|-sidestart|p1: Unscripted testing|Spikes
|move|p1a: Hybrid|Dark Pulse|p2a: Deoxys
|-supereffective|p2a: Deoxys
|-damage|p2a: Deoxys|0 fnt
|faint|p2a: Deoxys
|
|upkeep
|
|t:|1769360771
|switch|p2a: Iron Valiant|Iron Valiant|100/100
|-enditem|p2a: Iron Valiant|Booster Energy
|-activate|p2a: Iron Valiant|ability: Quark Drive|[fromitem]
|-start|p2a: Iron Valiant|quarkdrivespe
|turn|4
|
|t:|1769360791
|switch|p1a: Pisces|Alomomola, M, shiny|100/100
|-damage|p1a: Pisces|88/100|[from] Stealth Rock
|-damage|p1a: Pisces|72/100|[from] Spikes
|move|p2a: Iron Valiant|Swords Dance|p2a: Iron Valiant
|-boost|p2a: Iron Valiant|atk|2
|
|upkeep
|turn|5
|
|t:|1769360795
|move|p2a: Iron Valiant|Knock Off|p1a: Pisces
|-damage|p1a: Pisces|22/100
|-enditem|p1a: Pisces|Assault Vest|[from] move: Knock Off|[of] p2a: Iron Valiant
|move|p1a: Pisces|Play Rough|p2a: Iron Valiant
|-supereffective|p2a: Iron Valiant
|-damage|p2a: Iron Valiant|58/100
|
|upkeep
|turn|6
|
|t:|1769360802
|move|p1a: Pisces|Aqua Jet|p2a: Iron Valiant
|-damage|p2a: Iron Valiant|43/100
|move|p2a: Iron Valiant|Knock Off|p1a: Pisces
|-damage|p1a: Pisces|0 fnt
|faint|p1a: Pisces
|
|upkeep
|j| lanarey
|
|t:|1769360810
|switch|p1a: Overseer|Pecharunt|100/100
|-damage|p1a: Overseer|88/100|[from] Stealth Rock
|-damage|p1a: Overseer|71/100|[from] Spikes
|turn|7
|
|t:|1769360828
|move|p2a: Iron Valiant|Knock Off|p1a: Overseer
|-supereffective|p1a: Overseer
|-damage|p1a: Overseer|12/100
|-damage|p2a: Iron Valiant|26/100|[from] item: Rocky Helmet|[of] p1a: Overseer
|-enditem|p1a: Overseer|Rocky Helmet|[from] move: Knock Off|[of] p2a: Iron Valiant
|move|p1a: Overseer|Malignant Chain|p2a: Iron Valiant
|-supereffective|p2a: Iron Valiant
|-damage|p2a: Iron Valiant|0 fnt
|faint|p2a: Iron Valiant
|-end|p2a: Iron Valiant|Quark Drive|[silent]
|
|upkeep
|
|t:|1769360834
|switch|p2a: Walking Wake|Walking Wake|100/100
|-enditem|p2a: Walking Wake|Booster Energy
|-activate|p2a: Walking Wake|ability: Protosynthesis|[fromitem]
|-start|p2a: Walking Wake|protosynthesisspa
|turn|8
|
|t:|1769360838
|move|p2a: Walking Wake|Surf|p1a: Overseer
|-crit|p1a: Overseer
|-damage|p1a: Overseer|0 fnt
|faint|p1a: Overseer
|
|upkeep
|
|t:|1769360840
|switch|p1a: Anonymous|Ogerpon, F|100/100
|-damage|p1a: Anonymous|88/100|[from] Stealth Rock
|-damage|p1a: Anonymous|72/100|[from] Spikes
|turn|9
|
|t:|1769360843
|-terastallize|p1a: Anonymous|Grass
|detailschange|p1a: Anonymous|Ogerpon-Teal-Tera, F, tera:Grass
|-ability|p1a: Anonymous|Embody Aspect (Teal)|boost
|-boost|p1a: Anonymous|spe|1
|move|p1a: Anonymous|Ivy Cudgel|p2a: Walking Wake
|-damage|p2a: Walking Wake|0 fnt
|faint|p2a: Walking Wake
|-end|p2a: Walking Wake|Protosynthesis|[silent]
|
|upkeep
|
|t:|1769360849
|switch|p2a: Dragonite|Dragonite, F|100/100
|turn|10
|
|t:|1769360851
|switch|p1a: Behemoth|Great Tusk, shiny|100/100
|move|p2a: Dragonite|Dragon Dance|p2a: Dragonite
|-boost|p2a: Dragonite|atk|1
|-boost|p2a: Dragonite|spe|1
|
|upkeep
|turn|11
|
|t:|1769360857
|move|p2a: Dragonite|Ice Spinner|p1a: Behemoth
|-supereffective|p1a: Behemoth
|-damage|p1a: Behemoth|35/100
|move|p1a: Behemoth|Rapid Spin|p2a: Dragonite
|-damage|p2a: Dragonite|91/100
|-boost|p1a: Behemoth|spe|1
|-sideend|p1: Unscripted testing|Spikes|[from] move: Rapid Spin|[of] p1a: Behemoth
|-sideend|p1: Unscripted testing|Stealth Rock|[from] move: Rapid Spin|[of] p1a: Behemoth
|
|upkeep
|turn|12
|
|t:|1769360864
|move|p1a: Behemoth|Ice Spinner|p2a: Dragonite
|-supereffective|p2a: Dragonite
|-damage|p2a: Dragonite|0 fnt
|faint|p2a: Dragonite
|
|upkeep
|
|t:|1769360866
|switch|p2a: Kingambit|Kingambit, F|100/100
|-activate|p2a: Kingambit|ability: Supreme Overlord
|-start|p2a: Kingambit|fallen4|[silent]
|turn|13
|
|t:|1769360875
|move|p1a: Behemoth|Close Combat|p2a: Kingambit
|-supereffective|p2a: Kingambit
|-damage|p2a: Kingambit|0 fnt
|-unboost|p1a: Behemoth|def|1
|-unboost|p1a: Behemoth|spd|1
|faint|p2a: Kingambit
|-end|p2a: Kingambit|fallen4|[silent]
|
|upkeep
|
|t:|1769360877
|switch|p2a: Cresselia|Cresselia, F|100/100
|turn|14
|
|t:|1769360879
|-end|p1a: Behemoth|Protosynthesis|[silent]
|switch|p1a: Smile.exe|Tinkaton, F, shiny|100/100
|-item|p1a: Smile.exe|Air Balloon
|-terastallize|p2a: Cresselia|Poison
|move|p2a: Cresselia|Calm Mind|p2a: Cresselia
|-boost|p2a: Cresselia|spa|1
|-boost|p2a: Cresselia|spd|1
|
|upkeep
|turn|15
|
|t:|1769360882
|move|p1a: Smile.exe|Encore|p2a: Cresselia
|-start|p2a: Cresselia|Encore
|move|p2a: Cresselia|Calm Mind|p2a: Cresselia
|-boost|p2a: Cresselia|spa|1
|-boost|p2a: Cresselia|spd|1
|
|upkeep
|turn|16
|
|t:|1769360884
|move|p1a: Smile.exe|Gigaton Hammer|p2a: Cresselia
|-damage|p2a: Cresselia|69/100
|move|p2a: Cresselia|Calm Mind|p2a: Cresselia
|-boost|p2a: Cresselia|spa|1
|-boost|p2a: Cresselia|spd|1
|
|-heal|p2a: Cresselia|75/100|[from] item: Leftovers
|upkeep
|turn|17
|
|t:|1769360887
|move|p1a: Smile.exe|Stealth Rock|p2a: Cresselia
|-sidestart|p2: Obling|move: Stealth Rock
|move|p2a: Cresselia|Calm Mind|p2a: Cresselia
|-boost|p2a: Cresselia|spa|1
|-boost|p2a: Cresselia|spd|1
|
|-heal|p2a: Cresselia|81/100|[from] item: Leftovers
|-end|p2a: Cresselia|Encore
|upkeep
|turn|18
|-message|Obling forfeited.
|
|win|Unscripted testing
|raw|Unscripted testing's rating: 1712 &rarr; <strong>1737</strong><br />(+25 for winning)
|raw|Obling's rating: 1794 &rarr; <strong>1769</strong><br />(-25 for losing)
|l| lanarey
|l|☆Obling
|player|p2|
|l|☆Unscripted testing
|player|p1|
|j|☆Unscripted testing
|player|p1|Unscripted testing|caitlin-masters|
|l|☆Unscripted testing
|player|p1|
