|j|☆timmytohns
|j|☆ghvyb
|t:|1769410616
|gametype|singles
|player|p1|timmytohns|101|1169
|player|p2|ghvyb|proton|1146
|gen|9
|tier|[Gen 9] OU
|rated|
|rule|HP Percentage Mod: HP is shown in percentages
|rule|Endless Battle Clause: Forcing endless battles is banned
|rule|Species Clause: Limit one of each Pokémon
|rule|OHKO Clause: OHKO moves are banned
|rule|Evasion Items Clause: Evasion items are banned
|rule|Evasion Moves Clause: Evasion moves are banned
|rule|Evasion Abilities Clause: Evasion abilities are banned
|rule|Sleep Moves Clause: Sleep-inducing moves are banned
|clearpoke
|poke|p1|Ogerpon-Wellspring, F|
|poke|p1|Dragonite, F|
|poke|p1|Deoxys-Speed|
|poke|p1|Gholdengo|
|poke|p1|Samurott-Hisui, F|
|poke|p1|Zamazenta-*|
|poke|p2|Indeedee, M|
|poke|p2|Hawlucha, M|
|poke|p2|Landorus-Therian, M|
|poke|p2|Deoxys-Speed|
|poke|p2|Articuno-Galar|
|poke|p2|Greninja-*, M|
|teampreview
|inactive|Battle timer is ON: inactive players will automatically lose when time's up. (requested by timmytohns)
|
|t:|1769410635
|teamsize|p1|6
|teamsize|p2|6
|start
|switch|p1a: Samurott|Samurott-Hisui, F|100/100
|switch|p2a: Articuno|Articuno-Galar|100/100
|turn|1
|
|t:|1769410645
|switch|p2a: Landorus|Landorus-Therian, M|100/100
|-ability|p2a: Landorus|Intimidate|boost
|-unboost|p1a: Samurott|atk|1
|move|p1a: Samurott|Ceaseless Edge|p2a: Landorus
|-damage|p2a: Landorus|81/100
|-damage|p1a: Samurott|84/100|[from] item: Rocky Helmet|[of] p2a: Landorus
|-sidestart|p2: ghvyb|Spikes
|
|upkeep
|turn|2
|
|t:|1769410653
|switch|p2a: Indeedee|Indeedee, M|100/100
|-damage|p2a: Indeedee|88/100|[from] Spikes
|-fieldstart|move: Psychic Terrain|[from] ability: Psychic Surge|[of] p2a: Indeedee
|move|p1a: Samurott|Ceaseless Edge|p2a: Indeedee
|-supereffective|p2a: Indeedee
|-damage|p2a: Indeedee|0 fnt
|-sidestart|p2: ghvyb|Spikes
|faint|p2a: Indeedee
|
|upkeep
|
|t:|1769410658
|switch|p2a: Hawlucha|Hawlucha, M|100/100
|-enditem|p2a: Hawlucha|Psychic Seed
|-boost|p2a: Hawlucha|spd|1|[from] item: Psychic Seed
|turn|3
|inactive|timmytohns has 120 seconds left.
|
|t:|1769410691
|switch|p1a: Gholdengo|Gholdengo|100/100
|-item|p1a: Gholdengo|Air Balloon
|move|p2a: Hawlucha|Swords Dance|p2a: Hawlucha
|-boost|p2a: Hawlucha|atk|2
|
|upkeep
|turn|4
|inactive|timmytohns has 120 seconds left.
|
|t:|1769410702
|move|p2a: Hawlucha|Acrobatics|p1a: Gholdengo
|-resisted|p1a: Gholdengo
|-damage|p1a: Gholdengo|47/100
|-enditem|p1a: Gholdengo|Air Balloon
|move|p1a: Gholdengo|Nasty Plot|p1a: Gholdengo
|-boost|p1a: Gholdengo|spa|2
|
|upkeep
|turn|5
|
|t:|1769410708
|move|p2a: Hawlucha|Acrobatics|p1a: Gholdengo
|-resisted|p1a: Gholdengo
|-damage|p1a: Gholdengo|0 fnt
|faint|p1a: Gholdengo
|
|upkeep
|inactive|timmytohns has 120 seconds left.
|
|t:|1769410745
|switch|p1a: Dragonite|Dragonite, F|100/100
|turn|6
|
|t:|1769410750
|-terastallize|p1a: Dragonite|Flying
|move|p2a: Hawlucha|Acrobatics|p1a: Dragonite
|-damage|p1a: Dragonite|44/100
|move|p1a: Dragonite|Tera Blast|p2a: Hawlucha|[anim] Tera Blast Flying
|-supereffective|p2a: Hawlucha
|-damage|p2a: Hawlucha|0 fnt
|faint|p2a: Hawlucha
|
|-fieldend|move: Psychic Terrain
|upkeep
|inactive|ghvyb has 120 seconds left.
|
|t:|1769410785
|switch|p2a: Deoxys|Deoxys-Speed|100/100
|-damage|p2a: Deoxys|84/100|[from] Spikes
|-ability|p2a: Deoxys|Pressure
|turn|7
|
|t:|1769410803
|switch|p1a: Deoxys|Deoxys-Speed|100/100
|-ability|p1a: Deoxys|Pressure
|move|p2a: Deoxys|Expanding Force|p1a: Deoxys
|-resisted|p1a: Deoxys
|-damage|p1a: Deoxys|75/100
|-damage|p2a: Deoxys|74/100|[from] item: Life Orb
|
|upkeep
|turn|8
|inactive|timmytohns has 90 seconds left.
|
|t:|1769410825
|move|p2a: Deoxys|Nasty Plot|p2a: Deoxys
|-boost|p2a: Deoxys|spa|2
|move|p1a: Deoxys|Knock Off|p2a: Deoxys
|-supereffective|p2a: Deoxys
|-damage|p2a: Deoxys|3/100
|-enditem|p2a: Deoxys|Life Orb|[from] move: Knock Off|[of] p1a: Deoxys
|
|upkeep
|turn|9
|
|t:|1769410835
|move|p1a: Deoxys|Stealth Rock|p2a: Deoxys
|-sidestart|p2: ghvyb|move: Stealth Rock
|move|p2a: Deoxys|Shadow Ball|p1a: Deoxys
|-supereffective|p1a: Deoxys
|-damage|p1a: Deoxys|0 fnt
|faint|p1a: Deoxys
|
|upkeep
|
|t:|1769410839
|switch|p1a: Samurott|Samurott-Hisui, F|84/100
|turn|10
|
|t:|1769410844
|move|p1a: Samurott|Aqua Jet|p2a: Deoxys
|-damage|p2a: Deoxys|0 fnt
|faint|p2a: Deoxys
|
|upkeep
|-message|ghvyb forfeited.
|
|win|timmytohns
|raw|timmytohns's rating: 1169 &rarr; <strong>1192</strong><br />(+23 for winning)
|raw|ghvyb's rating: 1146 &rarr; <strong>1123</strong><br />(-23 for losing)
|l|☆ghvyb
|player|p2|
|c|☆timmytohns|gg
|l|☆timmytohns
|player|p1|
