|j|☆chulingo360
|j|☆El.Capo.Camino
|t:|1769444151
|gametype|singles
|player|p1|chulingo360|265|1116
|player|p2|El.Capo.Camino|firebreather|1130
|gen|9
|tier|[Gen 9] OU
|rated|
|rule|HP Percentage Mod: HP is shown in percentages
|rule|Endless Battle Clause: Forcing endless battles is banned
|rule|Species Clause: Limit one of each Pokémon
|rule|OHKO Clause: OHKO moves are banned
|rule|Evasion Items Clause: Evasion items are banned
|rule|Evasion Moves Clause: Evasion moves are banned
|rule|Evasion Abilities Clause: Evasion abilities are banned
|rule|Sleep Moves Clause: Sleep-inducing moves are banned
|clearpoke
|poke|p1|Samurott-Hisui, M|
|poke|p1|Gholdengo|
|poke|p1|Iron Treads|
|poke|p1|Dragapult, F|
|poke|p1|Primarina, F|
|poke|p1|Zarude|
|poke|p2|Hatterene, F|
|poke|p2|Ursaluna, M|
|poke|p2|Toedscruel, F|
|poke|p2|Hattrem, F|
|poke|p2|Torkoal, M|
|poke|p2|Mew|
|teampreview
|
|t:|1769444173
|teamsize|p1|6
|teamsize|p2|6
|start
|switch|p1a: Samurott|Samurott-Hisui, M|100/100
|switch|p2a: Toedscruel|Toedscruel, F|100/100
|turn|1
|inactive|Battle timer is ON: inactive players will automatically lose when time's up. (requested by El.Capo.Camino)
|
|t:|1769444179
|-terastallize|p2a: Toedscruel|Fighting
|move|p1a: Samurott|Ceaseless Edge|p2a: Toedscruel
|-resisted|p2a: Toedscruel
|-damage|p2a: Toedscruel|75/100
|-sidestart|p2: El.Capo.Camino|Spikes
|move|p2a: Toedscruel|Rapid Spin|p1a: Samurott
|-damage|p1a: Samurott|91/100
|-boost|p2a: Toedscruel|spe|1
|-sideend|p2: El.Capo.Camino|Spikes|[from] move: Rapid Spin|[of] p2a: Toedscruel
|
|upkeep
|turn|2
|
|t:|1769444190
|switch|p1a: Primarina|Primarina, F|100/100
|move|p2a: Toedscruel|Giga Drain|p1a: Primarina
|-supereffective|p1a: Primarina
|-damage|p1a: Primarina|60/100
|-heal|p2a: Toedscruel|92/100|[from] drain|[of] p1a: Primarina
|
|-heal|p1a: Primarina|66/100|[from] item: Leftovers
|upkeep
|turn|3
|
|t:|1769444198
|switch|p2a: Mew|Mew|100/100
|move|p1a: Primarina|Dazzling Gleam|p2a: Mew
|-damage|p2a: Mew|69/100
|-enditem|p2a: Mew|Red Card|[of] p1a: Primarina
|drag|p1a: Zarude|Zarude|100/100
|
|upkeep
|turn|4
|
|t:|1769444221
|move|p1a: Zarude|Knock Off|p2a: Mew
|-supereffective|p2a: Mew
|-damage|p2a: Mew|27/100
|move|p2a: Mew|Trick Room|p2a: Mew
|-fieldstart|move: Trick Room|[of] p2a: Mew
|
|upkeep
|turn|5
|
|t:|1769444227
|move|p2a: Mew|Stealth Rock|p1a: Zarude
|-sidestart|p1: chulingo360|move: Stealth Rock
|move|p1a: Zarude|Knock Off|p2a: Mew
|-supereffective|p2a: Mew
|-damage|p2a: Mew|0 fnt
|faint|p2a: Mew
|
|upkeep
|
|t:|1769444230
|switch|p2a: 🔥EEFFOC🔥|Torkoal, M|100/100
|-weather|SunnyDay|[from] ability: Drought|[of] p2a: 🔥EEFFOC🔥
|turn|6
|
|t:|1769444238
|move|p2a: 🔥EEFFOC🔥|Eruption|p1a: Zarude
|-supereffective|p1a: Zarude
|-enditem|p1a: Zarude|Focus Sash
|-damage|p1a: Zarude|1/100
|move|p1a: Zarude|Knock Off|p2a: 🔥EEFFOC🔥
|-damage|p2a: 🔥EEFFOC🔥|70/100
|-enditem|p2a: 🔥EEFFOC🔥|Choice Specs|[from] move: Knock Off|[of] p1a: Zarude
|
|-weather|SunnyDay|[upkeep]
|upkeep
|turn|7
|
|t:|1769444253
|move|p2a: 🔥EEFFOC🔥|Eruption|p1a: Zarude
|-supereffective|p1a: Zarude
|-damage|p1a: Zarude|0 fnt
|faint|p1a: Zarude
|
|-weather|SunnyDay|[upkeep]
|upkeep
|
|t:|1769444274
|switch|p1a: Samurott|Samurott-Hisui, M|91/100
|-damage|p1a: Samurott|78/100|[from] Stealth Rock
|turn|8
|
|t:|1769444278
|move|p2a: 🔥EEFFOC🔥|Solar Beam||[still]
|-prepare|p2a: 🔥EEFFOC🔥|Solar Beam
|-anim|p2a: 🔥EEFFOC🔥|Solar Beam|p1a: Samurott
|-supereffective|p1a: Samurott
|-damage|p1a: Samurott|0 fnt
|faint|p1a: Samurott
|
|-weather|SunnyDay|[upkeep]
|-fieldend|move: Trick Room
|upkeep
|
|t:|1769444288
|switch|p1a: Dragapult|Dragapult, F|100/100
|-damage|p1a: Dragapult|88/100|[from] Stealth Rock
|turn|9
|
|t:|1769444299
|switch|p2a: Hattrem|Hattrem, F|100/100
|move|p1a: Dragapult|Draco Meteor|p2a: Hattrem
|-damage|p2a: Hattrem|19/100
|-unboost|p1a: Dragapult|spa|2
|
|-weather|SunnyDay|[upkeep]
|upkeep
|turn|10
|
|t:|1769444311
|move|p1a: Dragapult|Draco Meteor|p2a: Hattrem
|-damage|p2a: Hattrem|0 fnt
|-unboost|p1a: Dragapult|spa|2
|faint|p2a: Hattrem
|
|-weather|none
|upkeep
|
|t:|1769444312
|switch|p2a: Toedscruel|Toedscruel, F, tera:Fighting|92/100
|turn|11
|
|t:|1769444320
|switch|p1a: Primarina|Primarina, F|66/100
|-damage|p1a: Primarina|54/100|[from] Stealth Rock
|move|p2a: Toedscruel|Trick Room|p2a: Toedscruel
|-fieldstart|move: Trick Room|[of] p2a: Toedscruel
|
|-heal|p1a: Primarina|60/100|[from] item: Leftovers
|upkeep
|turn|12
|
|t:|1769444331
|switch|p2a: Hatterene|Hatterene, F|100/100
|move|p1a: Primarina|Dazzling Gleam|p2a: Hatterene
|-damage|p2a: Hatterene|54/100
|-enditem|p2a: Hatterene|Eject Button
|
|t:|1769444335
|switch|p2a: 🐻*ベビーブーマー*|Ursaluna, M|100/100
|
|-heal|p1a: Primarina|66/100|[from] item: Leftovers
|-status|p2a: 🐻*ベビーブーマー*|brn|[from] item: Flame Orb
|upkeep
|turn|13
|
|t:|1769444348
|move|p2a: 🐻*ベビーブーマー*|Facade|p1a: Primarina
|-damage|p1a: Primarina|0 fnt
|faint|p1a: Primarina
|
|-damage|p2a: 🐻*ベビーブーマー*|94/100 brn|[from] brn
|upkeep
|
|t:|1769444362
|switch|p1a: Iron Treads|Iron Treads|100/100
|-damage|p1a: Iron Treads|97/100|[from] Stealth Rock
|-item|p1a: Iron Treads|Air Balloon
|turn|14
|
|t:|1769444370
|move|p2a: 🐻*ベビーブーマー*|Fire Punch|p1a: Iron Treads
|-supereffective|p1a: Iron Treads
|-damage|p1a: Iron Treads|27/100
|-enditem|p1a: Iron Treads|Air Balloon
|move|p1a: Iron Treads|Earthquake|p2a: 🐻*ベビーブーマー*
|-damage|p2a: 🐻*ベビーブーマー*|67/100 brn
|
|-damage|p2a: 🐻*ベビーブーマー*|61/100 brn|[from] brn
|upkeep
|turn|15
|
|t:|1769444377
|move|p2a: 🐻*ベビーブーマー*|Fire Punch|p1a: Iron Treads
|-supereffective|p1a: Iron Treads
|-damage|p1a: Iron Treads|0 fnt
|faint|p1a: Iron Treads
|-end|p1a: Iron Treads|Quark Drive|[silent]
|
|-damage|p2a: 🐻*ベビーブーマー*|55/100 brn|[from] brn
|-fieldend|move: Trick Room
|upkeep
|
|t:|1769444381
|switch|p1a: Dragapult|Dragapult, F|88/100
|-damage|p1a: Dragapult|76/100|[from] Stealth Rock
|turn|16
|
|t:|1769444394
|move|p1a: Dragapult|Draco Meteor|p2a: 🐻*ベビーブーマー*
|-damage|p2a: 🐻*ベビーブーマー*|0 fnt
|-unboost|p1a: Dragapult|spa|2
|faint|p2a: 🐻*ベビーブーマー*
|
|upkeep
|
|t:|1769444396
|switch|p2a: Hatterene|Hatterene, F|54/100
|turn|17
|
|t:|1769444401
|switch|p1a: Gholdengo|Gholdengo|100/100
|-damage|p1a: Gholdengo|94/100|[from] Stealth Rock
|move|p2a: Hatterene|Trick Room|p2a: Hatterene
|-fieldstart|move: Trick Room|[of] p2a: Hatterene
|
|-heal|p1a: Gholdengo|100/100|[from] item: Leftovers
|upkeep
|turn|18
|
|t:|1769444406
|move|p2a: Hatterene|Healing Wish|p2a: Hatterene
|faint|p2a: Hatterene
|move|p1a: Gholdengo|Nasty Plot|p1a: Gholdengo
|-boost|p1a: Gholdengo|spa|2
|
|upkeep
|
|t:|1769444408
|switch|p2a: 🔥EEFFOC🔥|Torkoal, M|70/100
|-heal|p2a: 🔥EEFFOC🔥|100/100|[from] move: Healing Wish
|-weather|SunnyDay|[from] ability: Drought|[of] p2a: 🔥EEFFOC🔥
|turn|19
|
|t:|1769444426
|move|p2a: 🔥EEFFOC🔥|Eruption|p1a: Gholdengo
|-supereffective|p1a: Gholdengo
|-damage|p1a: Gholdengo|0 fnt
|faint|p1a: Gholdengo
|
|-weather|SunnyDay|[upkeep]
|upkeep
|
|t:|1769444429
|switch|p1a: Dragapult|Dragapult, F|76/100
|-damage|p1a: Dragapult|64/100|[from] Stealth Rock
|turn|20
|
|t:|1769444432
|move|p2a: 🔥EEFFOC🔥|Eruption|p1a: Dragapult
|-resisted|p1a: Dragapult
|-damage|p1a: Dragapult|0 fnt
|faint|p1a: Dragapult
|
|win|El.Capo.Camino
|raw|chulingo360's rating: 1116 &rarr; <strong>1092</strong><br />(-24 for losing)
|raw|El.Capo.Camino's rating: 1130 &rarr; <strong>1154</strong><br />(+24 for winning)
|l|☆El.Capo.Camino
|player|p2|
