|j|☆Mr Tpen
|j|☆Auburn Hills
|t:|1769355623
|gametype|singles
|player|p1|Mr Tpen|265|1695
|player|p2|Auburn Hills|alder|1726
|gen|9
|tier|[Gen 9] OU
|rated|
|rule|HP Percentage Mod: HP is shown in percentages
|rule|Endless Battle Clause: Forcing endless battles is banned
|rule|Species Clause: Limit one of each Pokémon
|rule|OHKO Clause: OHKO moves are banned
|rule|Evasion Items Clause: Evasion items are banned
|rule|Evasion Moves Clause: Evasion moves are banned
|rule|Evasion Abilities Clause: Evasion abilities are banned
|rule|Sleep Moves Clause: Sleep-inducing moves are banned
|clearpoke
|poke|p1|Enamorus, F|
|poke|p1|Kyurem|
|poke|p1|Landorus-Therian, M|
|poke|p1|Kingambit, F|
|poke|p1|Ogerpon-Wellspring, F|
|poke|p1|Glimmora, F|
|poke|p2|Iron Moth|
|poke|p2|Umbreon, F|
|poke|p2|Garchomp, F|
|poke|p2|Glimmora, M|
|poke|p2|Gholdengo|
|poke|p2|Dragonite, M|
|teampreview
|inactive|Battle timer is ON: inactive players will automatically lose when time's up. (requested by Mr Tpen)
|
|t:|1769355634
|teamsize|p1|6
|teamsize|p2|6
|start
|switch|p1a: Ogerpon|Ogerpon-Wellspring, F|100/100
|switch|p2a: Julia Jacklin|Glimmora, M|100/100
|turn|1
|
|t:|1769355640
|switch|p1a: Kingambit|Kingambit, F|100/100
|-item|p1a: Kingambit|Air Balloon
|move|p2a: Julia Jacklin|Sludge Wave|p1a: Kingambit
|-immune|p1a: Kingambit
|
|upkeep
|turn|2
|
|t:|1769355644
|move|p2a: Julia Jacklin|Stealth Rock|p1a: Kingambit
|-sidestart|p1: Mr Tpen|move: Stealth Rock
|move|p1a: Kingambit|Swords Dance|p1a: Kingambit
|-boost|p1a: Kingambit|atk|2
|
|upkeep
|turn|3
|
|t:|1769355653
|switch|p2a: Alvvays|Umbreon, F|100/100
|move|p1a: Kingambit|Iron Head|p2a: Alvvays
|-damage|p2a: Alvvays|30/100
|
|-heal|p2a: Alvvays|36/100|[from] item: Leftovers
|upkeep
|turn|4
|
|t:|1769355657
|move|p2a: Alvvays|Protect|p2a: Alvvays
|-singleturn|p2a: Alvvays|Protect
|move|p1a: Kingambit|Iron Head|p2a: Alvvays
|-activate|p2a: Alvvays|move: Protect
|
|-heal|p2a: Alvvays|42/100|[from] item: Leftovers
|upkeep
|turn|5
|
|t:|1769355662
|move|p1a: Kingambit|Iron Head|p2a: Alvvays
|-damage|p2a: Alvvays|0 fnt
|faint|p2a: Alvvays
|
|upkeep
|
|t:|1769355664
|switch|p2a: Smino|Gholdengo|100/100
|turn|6
|
|t:|1769355667
|-end|p1a: Kingambit|fallenundefined|[silent]
|switch|p1a: Ogerpon|Ogerpon-Wellspring, F|100/100
|-damage|p1a: Ogerpon|88/100|[from] Stealth Rock
|move|p2a: Smino|Trick||[still]
|-fail|p2a: Smino
|
|upkeep
|turn|7
|
|t:|1769355672
|switch|p2a: Elucid|Dragonite, M|100/100
|move|p1a: Ogerpon|Ivy Cudgel|p2a: Elucid|[anim] Ivy Cudgel Water
|-resisted|p2a: Elucid
|-damage|p2a: Elucid|84/100
|
|upkeep
|turn|8
|
|t:|1769355675
|move|p1a: Ogerpon|Knock Off|p2a: Elucid
|-damage|p2a: Elucid|43/100
|-enditem|p2a: Elucid|Heavy-Duty Boots|[from] move: Knock Off|[of] p1a: Ogerpon
|move|p2a: Elucid|Dragon Dance|p2a: Elucid
|-boost|p2a: Elucid|atk|1
|-boost|p2a: Elucid|spe|1
|
|upkeep
|turn|9
|
|t:|1769355679
|switch|p1a: Glimmora|Glimmora, F|100/100
|-damage|p1a: Glimmora|88/100|[from] Stealth Rock
|move|p2a: Elucid|Ice Spinner|p1a: Glimmora
|-damage|p1a: Glimmora|56/100
|-activate|p1a: Glimmora|ability: Toxic Debris
|-sidestart|p2: Auburn Hills|move: Toxic Spikes
|-enditem|p1a: Glimmora|Red Card|[of] p2a: Elucid
|drag|p2a: Smino|Gholdengo|100/100
|
|upkeep
|turn|10
|
|t:|1769355685
|move|p2a: Smino|Make It Rain|p1a: Glimmora
|-supereffective|p1a: Glimmora
|-damage|p1a: Glimmora|0 fnt
|-unboost|p2a: Smino|spa|1
|faint|p1a: Glimmora
|
|upkeep
|
|t:|1769355686
|switch|p1a: Ogerpon|Ogerpon-Wellspring, F|88/100
|-damage|p1a: Ogerpon|76/100|[from] Stealth Rock
|turn|11
|
|t:|1769355690
|switch|p2a: Julia Jacklin|Glimmora, M|100/100
|-sideend|p2: Auburn Hills|move: Toxic Spikes|[of] p2a: Julia Jacklin
|move|p1a: Ogerpon|Ivy Cudgel|p2a: Julia Jacklin|[anim] Ivy Cudgel Water
|-supereffective|p2a: Julia Jacklin
|-enditem|p2a: Julia Jacklin|Focus Sash
|-damage|p2a: Julia Jacklin|1/100
|-activate|p2a: Julia Jacklin|ability: Toxic Debris
|-sidestart|p1: Mr Tpen|move: Toxic Spikes
|
|upkeep
|turn|12
|
|t:|1769355692
|move|p1a: Ogerpon|Ivy Cudgel|p2a: Julia Jacklin|[anim] Ivy Cudgel Water
|-supereffective|p2a: Julia Jacklin
|-damage|p2a: Julia Jacklin|0 fnt
|-activate|p2a: Julia Jacklin|ability: Toxic Debris
|-sidestart|p1: Mr Tpen|move: Toxic Spikes
|faint|p2a: Julia Jacklin
|
|upkeep
|
|t:|1769355695
|switch|p2a: Rat Tally|Garchomp, F|100/100
|turn|13
|
|t:|1769355697
|move|p1a: Ogerpon|Taunt|p2a: Rat Tally
|-start|p2a: Rat Tally|move: Taunt
|move|p2a: Rat Tally|Scale Shot|p1a: Ogerpon
|-damage|p1a: Ogerpon|58/100
|-damage|p1a: Ogerpon|42/100
|-damage|p1a: Ogerpon|25/100
|-damage|p1a: Ogerpon|8/100
|-hitcount|p1a: Ogerpon|4
|-unboost|p2a: Rat Tally|def|1
|-boost|p2a: Rat Tally|spe|1
|
|upkeep
|turn|14
|
|t:|1769355703
|move|p2a: Rat Tally|Tera Blast|p1a: Ogerpon
|-damage|p1a: Ogerpon|0 fnt
|faint|p1a: Ogerpon
|
|upkeep
|
|t:|1769355705
|switch|p1a: Enamorus|Enamorus, F|100/100
|turn|15
|
|t:|1769355708
|-terastallize|p2a: Rat Tally|Electric
|-terastallize|p1a: Enamorus|Stellar
|move|p2a: Rat Tally|Tera Blast|p1a: Enamorus|[anim] Tera Blast Electric
|-supereffective|p1a: Enamorus
|-damage|p1a: Enamorus|0 fnt
|faint|p1a: Enamorus
|
|-end|p2a: Rat Tally|move: Taunt
|upkeep
|
|t:|1769355710
|switch|p1a: Landorus|Landorus-Therian, M|100/100
|-damage|p1a: Landorus|88/100|[from] Stealth Rock
|-ability|p1a: Landorus|Intimidate|boost
|-unboost|p2a: Rat Tally|atk|1
|turn|16
|
|t:|1769355713
|switch|p2a: Elucid|Dragonite, M|43/100
|move|p1a: Landorus|Earthquake|p2a: Elucid
|-immune|p2a: Elucid
|
|upkeep
|turn|17
|
|t:|1769355717
|move|p1a: Landorus|Taunt|p2a: Elucid
|-start|p2a: Elucid|move: Taunt
|move|p2a: Elucid|Ice Spinner|p1a: Landorus
|-supereffective|p1a: Landorus
|-damage|p1a: Landorus|0 fnt
|-damage|p2a: Elucid|27/100|[from] item: Rocky Helmet|[of] p1a: Landorus
|faint|p1a: Landorus
|
|upkeep
|
|t:|1769355720
|switch|p1a: Kyurem|Kyurem|100/100
|-damage|p1a: Kyurem|76/100|[from] Stealth Rock
|-status|p1a: Kyurem|tox
|-ability|p1a: Kyurem|Pressure
|turn|18
|
|t:|1769355722
|move|p2a: Elucid|Extreme Speed|p1a: Kyurem
|-damage|p1a: Kyurem|47/100 tox
|move|p1a: Kyurem|Ice Beam|p2a: Elucid
|-supereffective|p2a: Elucid
|-damage|p2a: Elucid|0 fnt
|faint|p2a: Elucid
|
|-damage|p1a: Kyurem|41/100 tox|[from] psn
|upkeep
|
|t:|1769355727
|switch|p2a: Rat Tally|Garchomp, F, tera:Electric|100/100
|turn|19
|
|t:|1769355729
|move|p1a: Kyurem|Ice Beam|p2a: Rat Tally
|-damage|p2a: Rat Tally|42/100
|-status|p2a: Rat Tally|frz
|cant|p2a: Rat Tally|frz
|
|-damage|p1a: Kyurem|29/100 tox|[from] psn
|upkeep
|turn|20
|
|t:|1769355732
|move|p1a: Kyurem|Ice Beam|p2a: Rat Tally
|-damage|p2a: Rat Tally|0 fnt
|faint|p2a: Rat Tally
|
|-damage|p1a: Kyurem|10/100 tox|[from] psn
|upkeep
|
|t:|1769355734
|switch|p2a: Carly Rae|Iron Moth|100/100
|-enditem|p2a: Carly Rae|Booster Energy
|-activate|p2a: Carly Rae|ability: Quark Drive|[fromitem]
|-start|p2a: Carly Rae|quarkdrivespe
|turn|21
|
|t:|1769355736
|move|p2a: Carly Rae|Fiery Dance|p1a: Kyurem
|-damage|p1a: Kyurem|0 fnt
|faint|p1a: Kyurem
|
|upkeep
|
|t:|1769355738
|switch|p1a: Kingambit|Kingambit, F|100/100
|-damage|p1a: Kingambit|94/100|[from] Stealth Rock
|-activate|p1a: Kingambit|ability: Supreme Overlord
|-start|p1a: Kingambit|fallen5|[silent]
|-item|p1a: Kingambit|Air Balloon
|turn|22
|
|t:|1769355742
|move|p2a: Carly Rae|Fiery Dance|p1a: Kingambit
|-supereffective|p1a: Kingambit
|-damage|p1a: Kingambit|8/100
|-boost|p2a: Carly Rae|spa|1
|-enditem|p1a: Kingambit|Air Balloon
|move|p1a: Kingambit|Iron Head|p2a: Carly Rae
|-resisted|p2a: Carly Rae
|-crit|p2a: Carly Rae
|-damage|p2a: Carly Rae|37/100
|
|upkeep
|turn|23
|
|t:|1769355746
|move|p1a: Kingambit|Sucker Punch||[still]
|-fail|p1a: Kingambit
|move|p2a: Carly Rae|Morning Sun|p2a: Carly Rae
|-heal|p2a: Carly Rae|87/100
|
|upkeep
|turn|24
|
|t:|1769355749
|move|p1a: Kingambit|Sucker Punch|p2a: Carly Rae
|-damage|p2a: Carly Rae|3/100
|move|p2a: Carly Rae|Fiery Dance|p1a: Kingambit
|-supereffective|p1a: Kingambit
|-damage|p1a: Kingambit|0 fnt
|faint|p1a: Kingambit
|-end|p1a: Kingambit|fallen5|[silent]
|
|win|Auburn Hills
|raw|Mr Tpen's rating: 1695 &rarr; <strong>1677</strong><br />(-18 for losing)
|raw|Auburn Hills's rating: 1726 &rarr; <strong>1744</strong><br />(+18 for winning)
|l|☆Mr Tpen
|player|p1|
|l|☆Auburn Hills
|player|p2|
