|j|☆dodohcr
|j|☆S26_Yt
|t:|1769362884
|gametype|singles
|player|p1|dodohcr|102|1212
|player|p2|S26_Yt|unknown|1236
|gen|9
|tier|[Gen 9] OU
|rated|
|rule|HP Percentage Mod: HP is shown in percentages
|rule|Endless Battle Clause: Forcing endless battles is banned
|rule|Species Clause: Limit one of each Pokémon
|rule|OHKO Clause: OHKO moves are banned
|rule|Evasion Items Clause: Evasion items are banned
|rule|Evasion Moves Clause: Evasion moves are banned
|rule|Evasion Abilities Clause: Evasion abilities are banned
|rule|Sleep Moves Clause: Sleep-inducing moves are banned
|clearpoke
|poke|p1|Glimmora, F|
|poke|p1|Gholdengo|
|poke|p1|Cinderace, M|
|poke|p1|Dragapult, M|
|poke|p1|Iron Valiant|
|poke|p1|Great Tusk|
|poke|p2|Mienshao, F|
|poke|p2|Lycanroc-Dusk, M|
|poke|p2|Gastrodon-East, M|
|poke|p2|Noivern, M|
|poke|p2|Magnezone|
|poke|p2|Politoed, F|
|teampreview
|inactive|Battle timer is ON: inactive players will automatically lose when time's up. (requested by dodohcr)
|
|t:|1769362894
|teamsize|p1|6
|teamsize|p2|6
|start
|switch|p1a: Glimmora|Glimmora, F|100/100
|switch|p2a: Politoed|Politoed, F|100/100
|-weather|RainDance|[from] ability: Drizzle|[of] p2a: Politoed
|turn|1
|
|t:|1769362902
|move|p1a: Glimmora|Stealth Rock|p2a: Politoed
|-sidestart|p2: S26_Yt|move: Stealth Rock
|move|p2a: Politoed|Encore|p1a: Glimmora
|-start|p1a: Glimmora|Encore
|
|-weather|RainDance|[upkeep]
|upkeep
|turn|2
|
|t:|1769362908
|switch|p1a: Iron Valiant|Iron Valiant|100/100
|move|p2a: Politoed|Weather Ball|p1a: Iron Valiant
|-crit|p1a: Iron Valiant
|-damage|p1a: Iron Valiant|0 fnt
|faint|p1a: Iron Valiant
|-end|p1a: Iron Valiant|Quark Drive|[silent]
|
|-weather|RainDance|[upkeep]
|upkeep
|
|t:|1769362918
|switch|p1a: Glimmora|Glimmora, F|100/100
|turn|3
|
|t:|1769362923
|move|p1a: Glimmora|Spikes|p2a: Politoed
|-sidestart|p2: S26_Yt|Spikes
|move|p2a: Politoed|Weather Ball|p1a: Glimmora
|-supereffective|p1a: Glimmora
|-enditem|p1a: Glimmora|Focus Sash
|-damage|p1a: Glimmora|1/100
|
|-weather|RainDance|[upkeep]
|upkeep
|turn|4
|
|t:|1769362941
|move|p1a: Glimmora|Mortal Spin|p2a: Politoed
|-damage|p2a: Politoed|94/100
|-status|p2a: Politoed|psn
|move|p2a: Politoed|Weather Ball|p1a: Glimmora
|-supereffective|p1a: Glimmora
|-damage|p1a: Glimmora|0 fnt
|faint|p1a: Glimmora
|
|-weather|RainDance|[upkeep]
|-damage|p2a: Politoed|82/100 psn|[from] psn
|upkeep
|
|t:|1769362952
|switch|p1a: Dragapult|Dragapult, M|100/100
|turn|5
|
|t:|1769362957
|move|p1a: Dragapult|U-turn|p2a: Politoed
|-damage|p2a: Politoed|62/100 psn
|
|t:|1769362960
|switch|p1a: Gholdengo|Gholdengo|100/100|[from] U-turn
|move|p2a: Politoed|Ice Beam|p1a: Gholdengo
|-resisted|p1a: Gholdengo
|-damage|p1a: Gholdengo|87/100
|
|-weather|RainDance|[upkeep]
|-heal|p1a: Gholdengo|93/100|[from] item: Leftovers
|-damage|p2a: Politoed|50/100 psn|[from] psn
|upkeep
|turn|6
|
|t:|1769362969
|switch|p2a: Gastrodon|Gastrodon-East, M|100/100
|-damage|p2a: Gastrodon|94/100|[from] Stealth Rock
|-damage|p2a: Gastrodon|82/100|[from] Spikes
|move|p1a: Gholdengo|Shadow Ball|p2a: Gastrodon
|-damage|p2a: Gastrodon|57/100
|-unboost|p2a: Gastrodon|spd|1
|
|-weather|RainDance|[upkeep]
|-heal|p1a: Gholdengo|99/100|[from] item: Leftovers
|-heal|p2a: Gastrodon|63/100|[from] item: Leftovers
|upkeep
|turn|7
|
|t:|1769362982
|move|p1a: Gholdengo|Nasty Plot|p1a: Gholdengo
|-boost|p1a: Gholdengo|spa|2
|move|p2a: Gastrodon|Earth Power|p1a: Gholdengo
|-supereffective|p1a: Gholdengo
|-damage|p1a: Gholdengo|41/100
|
|-weather|RainDance|[upkeep]
|-heal|p1a: Gholdengo|48/100|[from] item: Leftovers
|-heal|p2a: Gastrodon|70/100|[from] item: Leftovers
|upkeep
|turn|8
|
|t:|1769362990
|move|p1a: Gholdengo|Shadow Ball|p2a: Gastrodon
|-damage|p2a: Gastrodon|0 fnt
|faint|p2a: Gastrodon
|
|-weather|none
|-heal|p1a: Gholdengo|54/100|[from] item: Leftovers
|upkeep
|
|t:|1769363000
|switch|p2a: Mienshao|Mienshao, F|100/100
|turn|9
|
|t:|1769363025
|-terastallize|p2a: Mienshao|Dark
|move|p2a: Mienshao|Knock Off|p1a: Gholdengo
|-supereffective|p1a: Gholdengo
|-damage|p1a: Gholdengo|0 fnt
|-enditem|p1a: Gholdengo|Leftovers|[from] move: Knock Off|[of] p2a: Mienshao
|faint|p1a: Gholdengo
|
|upkeep
|
|t:|1769363028
|switch|p1a: Great Tusk|Great Tusk|100/100
|turn|10
|
|t:|1769363038
|move|p2a: Mienshao|U-turn|p1a: Great Tusk
|-resisted|p1a: Great Tusk
|-damage|p1a: Great Tusk|92/100
|
|t:|1769363041
|switch|p2a: Politoed|Politoed, F|50/100 psn|[from] U-turn
|-damage|p2a: Politoed|38/100 psn|[from] Stealth Rock
|-damage|p2a: Politoed|26/100 psn|[from] Spikes
|-weather|RainDance|[from] ability: Drizzle|[of] p2a: Politoed
|move|p1a: Great Tusk|Ice Spinner|p2a: Politoed
|-resisted|p2a: Politoed
|-damage|p2a: Politoed|8/100 psn
|
|-weather|RainDance|[upkeep]
|-heal|p1a: Great Tusk|98/100|[from] item: Leftovers
|-damage|p2a: Politoed|0 fnt|[from] psn
|faint|p2a: Politoed
|upkeep
|
|t:|1769363044
|switch|p2a: Noivern|Noivern, M|100/100
|-damage|p2a: Noivern|76/100|[from] Stealth Rock
|-item|p1a: Great Tusk|Leftovers|[from] ability: Frisk|[of] p2a: Noivern
|turn|11
|
|t:|1769363063
|-end|p1a: Great Tusk|Protosynthesis|[silent]
|switch|p1a: Dragapult|Dragapult, M|100/100
|move|p2a: Noivern|Hurricane|p1a: Dragapult
|-damage|p1a: Dragapult|5/100
|
|-weather|RainDance|[upkeep]
|upkeep
|turn|12
|
|t:|1769363082
|switch|p2a: Mienshao|Mienshao, F, tera:Dark|100/100
|move|p1a: Dragapult|Draco Meteor|p2a: Mienshao
|-damage|p2a: Mienshao|0 fnt
|-unboost|p1a: Dragapult|spa|2
|faint|p2a: Mienshao
|
|-weather|RainDance|[upkeep]
|upkeep
|
|t:|1769363084
|switch|p2a: Lycanroc|Lycanroc-Dusk, M|100/100
|-damage|p2a: Lycanroc|88/100|[from] Stealth Rock
|-damage|p2a: Lycanroc|76/100|[from] Spikes
|turn|13
|
|t:|1769363094
|switch|p1a: Great Tusk|Great Tusk|98/100
|move|p2a: Lycanroc|Accelerock|p1a: Great Tusk
|-resisted|p1a: Great Tusk
|-damage|p1a: Great Tusk|94/100
|
|-weather|RainDance|[upkeep]
|-heal|p1a: Great Tusk|99/100|[from] item: Leftovers
|upkeep
|turn|14
|
|t:|1769363105
|move|p2a: Lycanroc|Play Rough|p1a: Great Tusk|[miss]
|-miss|p2a: Lycanroc|p1a: Great Tusk
|move|p1a: Great Tusk|Rapid Spin|p2a: Lycanroc
|-resisted|p2a: Lycanroc
|-damage|p2a: Lycanroc|61/100
|-boost|p1a: Great Tusk|spe|1
|
|-weather|RainDance|[upkeep]
|-heal|p1a: Great Tusk|100/100|[from] item: Leftovers
|upkeep
|turn|15
|
|t:|1769363117
|move|p1a: Great Tusk|Headlong Rush|p2a: Lycanroc
|-supereffective|p2a: Lycanroc
|-damage|p2a: Lycanroc|0 fnt
|-unboost|p1a: Great Tusk|def|1
|-unboost|p1a: Great Tusk|spd|1
|faint|p2a: Lycanroc
|
|-weather|RainDance|[upkeep]
|upkeep
|-message|S26_Yt forfeited.
|
|win|dodohcr
|raw|dodohcr's rating: 1212 &rarr; <strong>1239</strong><br />(+27 for winning)
|raw|S26_Yt's rating: 1236 &rarr; <strong>1209</strong><br />(-27 for losing)
|l|☆S26_Yt
|player|p2|
|l|☆dodohcr
|player|p1|
