|j|☆kimarthie
|j|☆Jomiel
|t:|1769429825
|gametype|singles
|player|p1|kimarthie|265|1228
|player|p2|Jomiel|clown|1287
|gen|9
|tier|[Gen 9] OU
|rated|
|rule|HP Percentage Mod: HP is shown in percentages
|rule|Endless Battle Clause: Forcing endless battles is banned
|rule|Species Clause: Limit one of each Pokémon
|rule|OHKO Clause: OHKO moves are banned
|rule|Evasion Items Clause: Evasion items are banned
|rule|Evasion Moves Clause: Evasion moves are banned
|rule|Evasion Abilities Clause: Evasion abilities are banned
|rule|Sleep Moves Clause: Sleep-inducing moves are banned
|clearpoke
|poke|p1|Ditto|
|poke|p1|Meowscarada, F|
|poke|p1|Kyurem|
|poke|p1|Glimmora, F|
|poke|p1|Alomomola, M|
|poke|p1|Blaziken, F|
|poke|p2|Furret, M|
|poke|p2|Glimmora, M|
|poke|p2|Zamazenta-*|
|poke|p2|Scizor, M|
|poke|p2|Iron Valiant|
|poke|p2|Dragonite, M|
|teampreview
|inactive|Battle timer is ON: inactive players will automatically lose when time's up. (requested by kimarthie)
|
|t:|1769429829
|teamsize|p1|6
|teamsize|p2|6
|start
|switch|p1a: Glimmora|Glimmora, F|100/100
|switch|p2a: Glimmora|Glimmora, M|100/100
|turn|1
|
|t:|1769429836
|move|p2a: Glimmora|Earth Power|p1a: Glimmora
|-supereffective|p1a: Glimmora
|-enditem|p1a: Glimmora|Focus Sash
|-damage|p1a: Glimmora|1/100
|move|p1a: Glimmora|Energy Ball|p2a: Glimmora
|-damage|p2a: Glimmora|55/100
|-unboost|p2a: Glimmora|spd|1
|-enditem|p2a: Glimmora|Red Card|[of] p1a: Glimmora
|drag|p1a: Ditto|Ditto, shiny|100/100
|-transform|p1a: Ditto|p2a: Glimmora|[from] ability: Imposter
|
|upkeep
|turn|2
|
|t:|1769429851
|move|p1a: Ditto|Earth Power|p2a: Glimmora
|-supereffective|p2a: Glimmora
|-damage|p2a: Glimmora|0 fnt
|faint|p2a: Glimmora
|
|upkeep
|
|t:|1769429862
|switch|p2a: Scizor|Scizor, M|100/100
|turn|3
|
|t:|1769429867
|switch|p1a: Alomomola|Alomomola, M|100/100
|move|p2a: Scizor|Swords Dance|p2a: Scizor
|-boost|p2a: Scizor|atk|2
|
|upkeep
|turn|4
|
|t:|1769429874
|move|p2a: Scizor|Knock Off|p1a: Alomomola
|-damage|p1a: Alomomola|20/100
|-enditem|p1a: Alomomola|Leftovers|[from] move: Knock Off|[of] p2a: Scizor
|-damage|p2a: Scizor|91/100|[from] item: Life Orb
|move|p1a: Alomomola|Flip Turn|p2a: Scizor
|-damage|p2a: Scizor|63/100
|
|t:|1769429884
|switch|p1a: Glimmora|Glimmora, F|1/100|[from] Flip Turn
|
|upkeep
|turn|5
|
|t:|1769429892
|move|p2a: Scizor|Bullet Punch|p1a: Glimmora
|-supereffective|p1a: Glimmora
|-damage|p1a: Glimmora|0 fnt
|-activate|p1a: Glimmora|ability: Toxic Debris
|-sidestart|p2: Jomiel|move: Toxic Spikes
|faint|p1a: Glimmora
|-damage|p2a: Scizor|53/100|[from] item: Life Orb
|
|upkeep
|
|t:|1769429905
|switch|p1a: Ditto|Ditto, shiny|100/100
|-transform|p1a: Ditto|p2a: Scizor|[from] ability: Imposter
|turn|6
|inactive|Jomiel has 120 seconds left.
|inactive|Jomiel has 90 seconds left.
|inactive|Jomiel has 60 seconds left.
|
|t:|1769430012
|move|p1a: Ditto|Close Combat|p2a: Scizor
|-damage|p2a: Scizor|0 fnt
|-unboost|p1a: Ditto|def|1
|-unboost|p1a: Ditto|spd|1
|faint|p2a: Scizor
|
|upkeep
|
|t:|1769430021
|switch|p2a: Zamazenta|Zamazenta|100/100
|-status|p2a: Zamazenta|psn
|-ability|p2a: Zamazenta|Dauntless Shield|boost
|-boost|p2a: Zamazenta|def|1
|turn|7
|
|t:|1769430040
|switch|p1a: Blaziken|Blaziken, F, shiny|100/100
|move|p2a: Zamazenta|Close Combat|p1a: Blaziken
|-damage|p1a: Blaziken|2/100
|-unboost|p2a: Zamazenta|def|1
|-unboost|p2a: Zamazenta|spd|1
|
|-damage|p2a: Zamazenta|88/100 psn|[from] psn
|upkeep
|turn|8
|
|t:|1769430059
|move|p1a: Blaziken|Protect|p1a: Blaziken
|-singleturn|p1a: Blaziken|Protect
|move|p2a: Zamazenta|Crunch|p1a: Blaziken
|-activate|p1a: Blaziken|move: Protect
|
|-damage|p2a: Zamazenta|76/100 psn|[from] psn
|-ability|p1a: Blaziken|Speed Boost|boost
|-boost|p1a: Blaziken|spe|1
|upkeep
|turn|9
|
|t:|1769430069
|switch|p1a: Alomomola|Alomomola, M|54/100
|move|p2a: Zamazenta|Crunch|p1a: Alomomola
|-damage|p1a: Alomomola|35/100
|
|-damage|p2a: Zamazenta|64/100 psn|[from] psn
|upkeep
|turn|10
|
|t:|1769430079
|move|p2a: Zamazenta|Close Combat|p1a: Alomomola
|-damage|p1a: Alomomola|0 fnt
|-unboost|p2a: Zamazenta|def|1
|-unboost|p2a: Zamazenta|spd|1
|faint|p1a: Alomomola
|
|-damage|p2a: Zamazenta|51/100 psn|[from] psn
|upkeep
|
|t:|1769430092
|switch|p1a: Ditto|Ditto, shiny|100/100
|-transform|p1a: Ditto|p2a: Zamazenta|[from] ability: Imposter
|-ability|p1a: Ditto|Dauntless Shield|boost
|-boost|p1a: Ditto|def|1
|turn|11
|
|t:|1769430105
|move|p1a: Ditto|Stone Edge|p2a: Zamazenta
|-resisted|p2a: Zamazenta
|-damage|p2a: Zamazenta|28/100 psn
|move|p2a: Zamazenta|Close Combat|p1a: Ditto
|-damage|p1a: Ditto|21/100
|-unboost|p2a: Zamazenta|def|1
|-unboost|p2a: Zamazenta|spd|1
|
|-damage|p2a: Zamazenta|16/100 psn|[from] psn
|upkeep
|turn|12
|
|t:|1769430116
|switch|p1a: Meowscarada|Meowscarada, F, shiny|100/100
|move|p2a: Zamazenta|Close Combat|p1a: Meowscarada
|-supereffective|p1a: Meowscarada
|-enditem|p1a: Meowscarada|Focus Sash
|-damage|p1a: Meowscarada|1/100
|-unboost|p2a: Zamazenta|def|1
|-unboost|p2a: Zamazenta|spd|1
|
|-damage|p2a: Zamazenta|4/100 psn|[from] psn
|upkeep
|turn|13
|
|t:|1769430128
|move|p1a: Meowscarada|Protect|p1a: Meowscarada
|-start|p1a: Meowscarada|typechange|Normal|[from] ability: Protean
|-singleturn|p1a: Meowscarada|Protect
|move|p2a: Zamazenta|Close Combat|p1a: Meowscarada
|-activate|p1a: Meowscarada|move: Protect
|
|-damage|p2a: Zamazenta|0 fnt|[from] psn
|faint|p2a: Zamazenta
|upkeep
|inactive|Jomiel has 60 seconds left.
|
|t:|1769430143
|switch|p2a: Dragonite|Dragonite, M|100/100
|turn|14
|
|t:|1769430153
|move|p1a: Meowscarada|Knock Off|p2a: Dragonite
|-damage|p2a: Dragonite|85/100
|-enditem|p2a: Dragonite|Heavy-Duty Boots|[from] move: Knock Off|[of] p1a: Meowscarada
|move|p2a: Dragonite|Dragon Dance|p2a: Dragonite
|-boost|p2a: Dragonite|atk|1
|-boost|p2a: Dragonite|spe|1
|
|upkeep
|turn|15
|
|t:|1769430162
|move|p2a: Dragonite|Ice Spinner|p1a: Meowscarada
|-damage|p1a: Meowscarada|0 fnt
|faint|p1a: Meowscarada
|
|upkeep
|
|t:|1769430172
|switch|p1a: Kyurem|Kyurem|100/100
|-ability|p1a: Kyurem|Pressure
|turn|16
|
|t:|1769430179
|-terastallize|p1a: Kyurem|Steel
|move|p2a: Dragonite|Earthquake|p1a: Kyurem
|-supereffective|p1a: Kyurem
|-damage|p1a: Kyurem|20/100
|move|p1a: Kyurem|Freeze-Dry|p2a: Dragonite
|-supereffective|p2a: Dragonite
|-damage|p2a: Dragonite|0 fnt
|faint|p2a: Dragonite
|
|-heal|p1a: Kyurem|26/100|[from] item: Leftovers
|upkeep
|
|t:|1769430191
|switch|p2a: Furret|Furret, M|100/100
|-status|p2a: Furret|psn
|-item|p1a: Kyurem|Leftovers|[from] ability: Frisk|[of] p2a: Furret
|turn|17
|
|t:|1769430197
|move|p1a: Kyurem|Protect|p1a: Kyurem
|-singleturn|p1a: Kyurem|Protect
|move|p2a: Furret|Tidy Up|p2a: Furret
|-sideend|p2: Jomiel|Toxic Spikes
|-activate|p2a: Furret|move: Tidy Up
|-boost|p2a: Furret|atk|1
|-boost|p2a: Furret|spe|1
|
|-heal|p1a: Kyurem|33/100|[from] item: Leftovers
|-damage|p2a: Furret|88/100 psn|[from] psn
|upkeep
|turn|18
|inactive|Jomiel has 90 seconds left.
|
|t:|1769430209
|switch|p1a: Blaziken|Blaziken, F, shiny|2/100
|move|p2a: Furret|Last Resort|p1a: Blaziken
|-damage|p1a: Blaziken|0 fnt
|faint|p1a: Blaziken
|-damage|p2a: Furret|78/100 psn|[from] item: Life Orb
|
|-damage|p2a: Furret|66/100 psn|[from] psn
|upkeep
|
|t:|1769430221
|switch|p1a: Ditto|Ditto, shiny|21/100
|-transform|p1a: Ditto|p2a: Furret|[from] ability: Imposter
|-item|p2a: Furret|Life Orb|[from] ability: Frisk|[of] p1a: Ditto
|turn|19
|
|t:|1769430231
|move|p1a: Ditto|Last Resort||[still]
|-fail|p1a: Ditto
|move|p2a: Furret|Last Resort|p1a: Ditto
|-damage|p1a: Ditto|0 fnt
|faint|p1a: Ditto
|-damage|p2a: Furret|56/100 psn|[from] item: Life Orb
|
|-damage|p2a: Furret|44/100 psn|[from] psn
|upkeep
|-message|kimarthie forfeited.
|
|win|Jomiel
|raw|kimarthie's rating: 1228 &rarr; <strong>1207</strong><br />(-21 for losing)
|raw|Jomiel's rating: 1287 &rarr; <strong>1308</strong><br />(+21 for winning)
|l|☆kimarthie
|player|p1|
|l|☆Jomiel
|player|p2|
