|j|☆brodiewhat
|j|☆yunino
|t:|1769442504
|gametype|singles
|player|p1|brodiewhat|fisherman-gen4|
|player|p2|yunino|dawn|
|gen|9
|tier|[Gen 9] OU
|rule|HP Percentage Mod: HP is shown in percentages
|rule|Endless Battle Clause: Forcing endless battles is banned
|rule|Species Clause: Limit one of each Pokémon
|rule|OHKO Clause: OHKO moves are banned
|rule|Evasion Items Clause: Evasion items are banned
|rule|Evasion Moves Clause: Evasion moves are banned
|rule|Evasion Abilities Clause: Evasion abilities are banned
|rule|Sleep Moves Clause: Sleep-inducing moves are banned
|clearpoke
|poke|p1|Grimmsnarl, M|
|poke|p1|Raging Bolt|
|poke|p1|Gholdengo|
|poke|p1|Hatterene, F|
|poke|p1|Zamazenta-*|
|poke|p1|Great Tusk|
|poke|p2|Pincurchin, F|
|poke|p2|Iron Valiant|
|poke|p2|Raging Bolt|
|poke|p2|Iron Leaves|
|poke|p2|Iron Crown|
|poke|p2|Hawlucha, F|
|teampreview
|inactive|Battle timer is ON: inactive players will automatically lose when time's up. (requested by brodiewhat)
|c|☆yunino|Glhf
|c|☆brodiewhat|u2
|
|t:|1769442533
|teamsize|p1|6
|teamsize|p2|6
|start
|switch|p1a: Grimmsnarl|Grimmsnarl, M|100/100
|switch|p2a: Iron Valiant|Iron Valiant|100/100
|turn|1
|
|t:|1769442552
|move|p1a: Grimmsnarl|Light Screen|p1a: Grimmsnarl
|-sidestart|p1: brodiewhat|move: Light Screen
|move|p2a: Iron Valiant|Knock Off|p1a: Grimmsnarl
|-resisted|p1a: Grimmsnarl
|-damage|p1a: Grimmsnarl|90/100
|-enditem|p1a: Grimmsnarl|Light Clay|[from] move: Knock Off|[of] p2a: Iron Valiant
|-damage|p2a: Iron Valiant|91/100|[from] item: Life Orb
|
|upkeep
|turn|2
|
|t:|1769442559
|-end|p2a: Iron Valiant|Quark Drive|[silent]
|switch|p2a: Pincurchin|Pincurchin, F|100/100
|-fieldstart|move: Electric Terrain|[from] ability: Electric Surge|[of] p2a: Pincurchin
|move|p1a: Grimmsnarl|Parting Shot|p2a: Pincurchin
|-unboost|p2a: Pincurchin|atk|1
|-unboost|p2a: Pincurchin|spa|1
|l|☆yunino
|inactive|yunino disconnected and has 300 seconds to reconnect!
|player|p2|
|
|t:|1769442574
|switch|p1a: Hatterene|Hatterene, F|100/100|[from] Parting Shot
|
|upkeep
|turn|3
|j|☆yunino
|inactive|yunino reconnected and has 300 seconds left.
|player|p2|yunino|dawn|
|
|t:|1769442606
|switch|p2a: Iron Crown|Iron Crown|100/100
|-activate|p2a: Iron Crown|ability: Quark Drive
|-start|p2a: Iron Crown|quarkdrivespa
|move|p1a: Hatterene|Calm Mind|p1a: Hatterene
|-boost|p1a: Hatterene|spa|1
|-boost|p1a: Hatterene|spd|1
|
|upkeep
|turn|4
|
|t:|1769442615
|move|p2a: Iron Crown|Tachyon Cutter|p1a: Hatterene
|-supereffective|p1a: Hatterene
|-damage|p1a: Hatterene|76/100
|-supereffective|p1a: Hatterene
|-damage|p1a: Hatterene|49/100
|-hitcount|p1a: Hatterene|2
|move|p1a: Hatterene|Mystical Fire|p2a: Iron Crown
|-supereffective|p2a: Iron Crown
|-damage|p2a: Iron Crown|34/100
|-unboost|p2a: Iron Crown|spa|1
|
|-heal|p1a: Hatterene|55/100|[from] item: Leftovers
|upkeep
|turn|5
|inactive|yunino has 270 seconds left.
|
|t:|1769442647
|-terastallize|p2a: Iron Crown|Steel
|move|p2a: Iron Crown|Tachyon Cutter|p1a: Hatterene
|-supereffective|p1a: Hatterene
|-damage|p1a: Hatterene|33/100
|-supereffective|p1a: Hatterene
|-damage|p1a: Hatterene|11/100
|-hitcount|p1a: Hatterene|2
|move|p1a: Hatterene|Mystical Fire|p2a: Iron Crown
|-supereffective|p2a: Iron Crown
|-damage|p2a: Iron Crown|0 fnt
|faint|p2a: Iron Crown
|-end|p2a: Iron Crown|Quark Drive|[silent]
|
|-heal|p1a: Hatterene|17/100|[from] item: Leftovers
|upkeep
|inactive|yunino has 270 seconds left.
|
|t:|1769442655
|switch|p2a: Hawlucha|Hawlucha, F|100/100
|-enditem|p2a: Hawlucha|Electric Seed
|-boost|p2a: Hawlucha|def|1|[from] item: Electric Seed
|turn|6
|
|t:|1769442660
|move|p2a: Hawlucha|Acrobatics|p1a: Hatterene
|-damage|p1a: Hatterene|0 fnt
|faint|p1a: Hatterene
|
|upkeep
|
|t:|1769442677
|switch|p1a: Raging Bolt|Raging Bolt|100/100
|-enditem|p1a: Raging Bolt|Booster Energy
|-activate|p1a: Raging Bolt|ability: Protosynthesis|[fromitem]
|-start|p1a: Raging Bolt|protosynthesisspa
|turn|7
|
|t:|1769442687
|move|p2a: Hawlucha|Swords Dance|p2a: Hawlucha
|-boost|p2a: Hawlucha|atk|2
|move|p1a: Raging Bolt|Thunderbolt|p2a: Hawlucha
|-supereffective|p2a: Hawlucha
|-damage|p2a: Hawlucha|0 fnt
|faint|p2a: Hawlucha
|
|upkeep
|
|t:|1769442699
|switch|p2a: Iron Leaves|Iron Leaves|100/100
|-activate|p2a: Iron Leaves|ability: Quark Drive
|-start|p2a: Iron Leaves|quarkdrivespe
|turn|8
|
|t:|1769442703
|move|p2a: Iron Leaves|Swords Dance|p2a: Iron Leaves
|-boost|p2a: Iron Leaves|atk|2
|move|p1a: Raging Bolt|Dragon Pulse|p2a: Iron Leaves
|-damage|p2a: Iron Leaves|40/100
|
|-sideend|p1: brodiewhat|move: Light Screen
|upkeep
|turn|9
|
|t:|1769442715
|-end|p1a: Raging Bolt|Protosynthesis|[silent]
|switch|p1a: Grimmsnarl|Grimmsnarl, M|90/100
|move|p2a: Iron Leaves|Psyblade|p1a: Grimmsnarl
|-immune|p1a: Grimmsnarl
|
|-fieldend|move: Electric Terrain
|-end|p2a: Iron Leaves|Quark Drive
|upkeep
|turn|10
|
|t:|1769442721
|move|p1a: Grimmsnarl|Reflect|p1a: Grimmsnarl
|-sidestart|p1: brodiewhat|Reflect
|move|p2a: Iron Leaves|Close Combat|p1a: Grimmsnarl
|-damage|p1a: Grimmsnarl|28/100
|-unboost|p2a: Iron Leaves|def|1
|-unboost|p2a: Iron Leaves|spd|1
|-damage|p2a: Iron Leaves|30/100|[from] item: Life Orb
|
|upkeep
|turn|11
|
|t:|1769442729
|move|p1a: Grimmsnarl|Light Screen|p1a: Grimmsnarl
|-sidestart|p1: brodiewhat|move: Light Screen
|move|p2a: Iron Leaves|Close Combat|p1a: Grimmsnarl
|-damage|p1a: Grimmsnarl|0 fnt
|-unboost|p2a: Iron Leaves|def|1
|-unboost|p2a: Iron Leaves|spd|1
|faint|p1a: Grimmsnarl
|-damage|p2a: Iron Leaves|20/100|[from] item: Life Orb
|
|upkeep
|
|t:|1769442737
|switch|p1a: Zamazenta|Zamazenta|100/100
|-ability|p1a: Zamazenta|Dauntless Shield|boost
|-boost|p1a: Zamazenta|def|1
|turn|12
|
|t:|1769442743
|move|p1a: Zamazenta|Body Press|p2a: Iron Leaves
|-resisted|p2a: Iron Leaves
|-damage|p2a: Iron Leaves|0 fnt
|faint|p2a: Iron Leaves
|-end|p2a: Iron Leaves|Quark Drive|[silent]
|
|upkeep
|
|t:|1769442746
|switch|p2a: Pincurchin|Pincurchin, F|100/100
|-fieldstart|move: Electric Terrain|[from] ability: Electric Surge|[of] p2a: Pincurchin
|turn|13
|
|t:|1769442752
|move|p1a: Zamazenta|Substitute|p1a: Zamazenta
|-start|p1a: Zamazenta|Substitute
|-damage|p1a: Zamazenta|76/100
|move|p2a: Pincurchin|Spikes|p1a: Zamazenta
|-sidestart|p1: brodiewhat|Spikes
|
|-heal|p1a: Zamazenta|82/100|[from] item: Leftovers
|upkeep
|turn|14
|
|t:|1769442758
|switch|p2a: Raging Bolt|Raging Bolt|100/100
|-enditem|p2a: Raging Bolt|Booster Energy
|-activate|p2a: Raging Bolt|ability: Protosynthesis|[fromitem]
|-start|p2a: Raging Bolt|protosynthesisspa
|move|p1a: Zamazenta|Iron Defense|p1a: Zamazenta
|-boost|p1a: Zamazenta|def|2
|
|-heal|p1a: Zamazenta|88/100|[from] item: Leftovers
|-sideend|p1: brodiewhat|Reflect
|upkeep
|turn|15
|
|t:|1769442762
|move|p2a: Raging Bolt|Thunderclap|p1a: Zamazenta
|-end|p1a: Zamazenta|Substitute
|move|p1a: Zamazenta|Body Press|p2a: Raging Bolt
|-damage|p2a: Raging Bolt|11/100
|
|-heal|p1a: Zamazenta|94/100|[from] item: Leftovers
|-sideend|p1: brodiewhat|move: Light Screen
|upkeep
|turn|16
|
|t:|1769442768
|move|p1a: Zamazenta|Body Press|p2a: Raging Bolt
|-damage|p2a: Raging Bolt|0 fnt
|faint|p2a: Raging Bolt
|-end|p2a: Raging Bolt|Protosynthesis|[silent]
|
|-heal|p1a: Zamazenta|99/100|[from] item: Leftovers
|upkeep
|
|t:|1769442770
|switch|p2a: Iron Valiant|Iron Valiant|91/100
|-activate|p2a: Iron Valiant|ability: Quark Drive
|-start|p2a: Iron Valiant|quarkdrivespe
|turn|17
|
|t:|1769442773
|move|p2a: Iron Valiant|Moonblast|p1a: Zamazenta
|-supereffective|p1a: Zamazenta
|-damage|p1a: Zamazenta|0 fnt
|faint|p1a: Zamazenta
|-damage|p2a: Iron Valiant|81/100|[from] item: Life Orb
|
|upkeep
|
|t:|1769442787
|switch|p1a: Raging Bolt|Raging Bolt|100/100
|-damage|p1a: Raging Bolt|88/100|[from] Spikes
|turn|18
|
|t:|1769442794
|-terastallize|p1a: Raging Bolt|Fairy
|move|p2a: Iron Valiant|Thunderbolt|p1a: Raging Bolt
|-damage|p1a: Raging Bolt|50/100
|-damage|p2a: Iron Valiant|71/100|[from] item: Life Orb
|move|p1a: Raging Bolt|Thunderbolt|p2a: Iron Valiant
|-damage|p2a: Iron Valiant|0 fnt
|faint|p2a: Iron Valiant
|-end|p2a: Iron Valiant|Quark Drive|[silent]
|
|upkeep
|
|t:|1769442798
|switch|p2a: Pincurchin|Pincurchin, F|100/100
|turn|19
|
|t:|1769442800
|move|p1a: Raging Bolt|Dragon Pulse|p2a: Pincurchin
|-damage|p2a: Pincurchin|43/100
|move|p2a: Pincurchin|Scald|p1a: Raging Bolt
|-damage|p1a: Raging Bolt|37/100
|
|upkeep
|turn|20
|c|☆yunino|Gg
|c|☆brodiewhat|gg
|
|t:|1769442805
|move|p1a: Raging Bolt|Dragon Pulse|p2a: Pincurchin
|-damage|p2a: Pincurchin|0 fnt
|faint|p2a: Pincurchin
|
|win|brodiewhat
