|j|☆tat4n
|j|☆Ksjdhbe<^=
|t:|1769360837
|gametype|singles
|player|p1|tat4n|zinnia|1323
|player|p2|Ksjdhbe<^=|266|1366
|gen|9
|tier|[Gen 9] OU
|rated|
|rule|HP Percentage Mod: HP is shown in percentages
|rule|Endless Battle Clause: Forcing endless battles is banned
|rule|Species Clause: Limit one of each Pokémon
|rule|OHKO Clause: OHKO moves are banned
|rule|Evasion Items Clause: Evasion items are banned
|rule|Evasion Moves Clause: Evasion moves are banned
|rule|Evasion Abilities Clause: Evasion abilities are banned
|rule|Sleep Moves Clause: Sleep-inducing moves are banned
|clearpoke
|poke|p1|Hydreigon, F|
|poke|p1|Blaziken, F|
|poke|p1|Meowscarada, F|
|poke|p1|Hatterene, F|
|poke|p1|Gholdengo|
|poke|p1|Gyarados, M|
|poke|p2|Ogerpon-Wellspring, F|
|poke|p2|Deoxys-Speed|
|poke|p2|Zamazenta-*|
|poke|p2|Darkrai|
|poke|p2|Kingambit, F|
|poke|p2|Glimmora, M|
|teampreview
|
|t:|1769360846
|teamsize|p1|6
|teamsize|p2|6
|start
|switch|p1a: Blaze|Blaziken, F|100/100
|switch|p2a: Deoxys|Deoxys-Speed|100/100
|-ability|p2a: Deoxys|Pressure
|turn|1
|
|t:|1769360849
|move|p2a: Deoxys|Reflect|p2a: Deoxys
|-sidestart|p2: Ksjdhbe<^=|Reflect
|move|p1a: Blaze|Focus Energy|p1a: Blaze
|-start|p1a: Blaze|move: Focus Energy
|
|-ability|p1a: Blaze|Speed Boost|boost
|-boost|p1a: Blaze|spe|1
|upkeep
|turn|2
|
|t:|1769360855
|move|p2a: Deoxys|Light Screen|p2a: Deoxys
|-sidestart|p2: Ksjdhbe<^=|move: Light Screen
|move|p1a: Blaze|Overheat|p2a: Deoxys|[miss]
|-miss|p1a: Blaze|p2a: Deoxys
|
|-ability|p1a: Blaze|Speed Boost|boost
|-boost|p1a: Blaze|spe|1
|upkeep
|turn|3
|c|☆tat4n|😭😭😭😭😭😭
|
|t:|1769360865
|switch|p2a: Glimmora|Glimmora, M|100/100
|move|p1a: Blaze|Overheat|p2a: Glimmora
|-resisted|p2a: Glimmora
|-crit|p2a: Glimmora
|-damage|p2a: Glimmora|54/100
|-unboost|p1a: Blaze|spa|2
|
|-ability|p1a: Blaze|Speed Boost|boost
|-boost|p1a: Blaze|spe|1
|upkeep
|turn|4
|
|t:|1769360875
|move|p1a: Blaze|Overheat|p2a: Glimmora
|-resisted|p2a: Glimmora
|-crit|p2a: Glimmora
|-damage|p2a: Glimmora|4/100
|-unboost|p1a: Blaze|spa|2
|move|p2a: Glimmora|Stealth Rock|p1a: Blaze
|-sidestart|p1: tat4n|move: Stealth Rock
|
|-ability|p1a: Blaze|Speed Boost|boost
|-boost|p1a: Blaze|spe|1
|upkeep
|turn|5
|
|t:|1769360884
|move|p1a: Blaze|Overheat|p2a: Glimmora
|-resisted|p2a: Glimmora
|-crit|p2a: Glimmora
|-damage|p2a: Glimmora|0 fnt
|-unboost|p1a: Blaze|spa|2
|faint|p2a: Glimmora
|
|-ability|p1a: Blaze|Speed Boost|boost
|-boost|p1a: Blaze|spe|1
|upkeep
|c|☆tat4n|You're in trouble tho
|
|t:|1769360910
|switch|p2a: Ogerpon|Ogerpon-Wellspring, F|100/100
|turn|6
|
|t:|1769360924
|move|p1a: Blaze|Close Combat|p2a: Ogerpon
|-crit|p2a: Ogerpon
|-damage|p2a: Ogerpon|0 fnt
|-unboost|p1a: Blaze|def|1
|-unboost|p1a: Blaze|spd|1
|faint|p2a: Ogerpon
|
|-ability|p1a: Blaze|Speed Boost|boost
|-boost|p1a: Blaze|spe|1
|upkeep
|
|t:|1769360929
|switch|p2a: Zamazenta|Zamazenta|100/100
|-ability|p2a: Zamazenta|Dauntless Shield|boost
|-boost|p2a: Zamazenta|def|1
|turn|7
|
|t:|1769360933
|move|p1a: Blaze|Overheat|p2a: Zamazenta
|-crit|p2a: Zamazenta
|-damage|p2a: Zamazenta|45/100
|move|p2a: Zamazenta|Body Press|p1a: Blaze
|-damage|p1a: Blaze|0 fnt
|faint|p1a: Blaze
|
|-heal|p2a: Zamazenta|51/100|[from] item: Leftovers
|upkeep
|
|t:|1769360954
|switch|p1a: Gyarados|Gyarados, M|100/100
|-damage|p1a: Gyarados|76/100|[from] Stealth Rock
|-ability|p1a: Gyarados|Intimidate|boost
|-unboost|p2a: Zamazenta|atk|1
|turn|8
|
|t:|1769360959
|move|p1a: Gyarados|Waterfall|p2a: Zamazenta
|-damage|p2a: Zamazenta|36/100
|-damage|p1a: Gyarados|66/100|[from] item: Life Orb
|move|p2a: Zamazenta|Roar|p1a: Gyarados
|drag|p1a: Hokorene|Hatterene, F|100/100
|-damage|p1a: Hokorene|88/100|[from] Stealth Rock
|
|-heal|p2a: Zamazenta|42/100|[from] item: Leftovers
|-heal|p1a: Hokorene|94/100|[from] item: Leftovers
|-sideend|p2: Ksjdhbe<^=|Reflect
|upkeep
|turn|9
|
|t:|1769360970
|switch|p2a: Deoxys|Deoxys-Speed|100/100
|-ability|p2a: Deoxys|Pressure
|move|p1a: Hokorene|Draining Kiss|p2a: Deoxys
|-damage|p2a: Deoxys|83/100
|-heal|p1a: Hokorene|100/100|[from] drain|[of] p2a: Deoxys
|
|-sideend|p2: Ksjdhbe<^=|move: Light Screen
|upkeep
|turn|10
|
|t:|1769360977
|move|p2a: Deoxys|Light Screen|p2a: Deoxys
|-sidestart|p2: Ksjdhbe<^=|move: Light Screen
|move|p1a: Hokorene|Psyshock|p2a: Deoxys
|-resisted|p2a: Deoxys
|-damage|p2a: Deoxys|70/100
|
|upkeep
|turn|11
|
|t:|1769360981
|move|p2a: Deoxys|Reflect|p2a: Deoxys
|-sidestart|p2: Ksjdhbe<^=|Reflect
|move|p1a: Hokorene|Nuzzle|p2a: Deoxys
|-damage|p2a: Deoxys|67/100
|-status|p2a: Deoxys|par
|
|upkeep
|turn|12
|
|t:|1769360989
|switch|p2a: Kingambit|Kingambit, F|100/100
|-activate|p2a: Kingambit|ability: Supreme Overlord
|-start|p2a: Kingambit|fallen2|[silent]
|move|p1a: Hokorene|Calm Mind|p1a: Hokorene
|-boost|p1a: Hokorene|spa|1
|-boost|p1a: Hokorene|spd|1
|
|upkeep
|turn|13
|
|t:|1769360996
|move|p2a: Kingambit|Swords Dance|p2a: Kingambit
|-boost|p2a: Kingambit|atk|2
|move|p1a: Hokorene|Nuzzle|p2a: Kingambit
|-damage|p2a: Kingambit|99/100
|-status|p2a: Kingambit|par
|
|upkeep
|turn|14
|
|t:|1769361005
|switch|p1a: Gyarados|Gyarados, M|66/100
|-damage|p1a: Gyarados|41/100|[from] Stealth Rock
|-ability|p1a: Gyarados|Intimidate|boost
|-unboost|p2a: Kingambit|atk|1
|move|p2a: Kingambit|Swords Dance|p2a: Kingambit
|-boost|p2a: Kingambit|atk|2
|
|upkeep
|turn|15
|
|t:|1769361012
|move|p2a: Kingambit|Sucker Punch|p1a: Gyarados
|-damage|p1a: Gyarados|0 fnt
|faint|p1a: Gyarados
|
|upkeep
|
|t:|1769361014
|switch|p1a: Hydranoid|Hydreigon, F|100/100
|-damage|p1a: Hydranoid|88/100|[from] Stealth Rock
|turn|16
|
|t:|1769361017
|move|p1a: Hydranoid|Fire Blast|p2a: Kingambit
|-supereffective|p2a: Kingambit
|-crit|p2a: Kingambit
|-damage|p2a: Kingambit|0 fnt
|faint|p2a: Kingambit
|-end|p2a: Kingambit|fallen2|[silent]
|
|upkeep
|
|t:|1769361027
|switch|p2a: Darkrai|Darkrai|100/100
|turn|17
|
|t:|1769361040
|-terastallize|p1a: Hydranoid|Steel
|move|p2a: Darkrai|Nasty Plot|p2a: Darkrai
|-boost|p2a: Darkrai|spa|2
|move|p1a: Hydranoid|Flash Cannon|p2a: Darkrai
|-damage|p2a: Darkrai|72/100
|
|-sideend|p2: Ksjdhbe<^=|move: Light Screen
|upkeep
|turn|18
|
|t:|1769361054
|move|p2a: Darkrai|Dark Pulse|p1a: Hydranoid
|-damage|p1a: Hydranoid|0 fnt
|faint|p1a: Hydranoid
|
|-sideend|p2: Ksjdhbe<^=|Reflect
|upkeep
|
|t:|1769361063
|switch|p1a: Gholdst|Gholdengo|100/100
|-damage|p1a: Gholdst|94/100|[from] Stealth Rock
|turn|19
|
|t:|1769361068
|move|p1a: Gholdst|Make It Rain|p2a: Darkrai
|-damage|p2a: Darkrai|0 fnt
|-unboost|p1a: Gholdst|spa|1
|faint|p2a: Darkrai
|
|upkeep
|
|t:|1769361078
|switch|p2a: Zamazenta|Zamazenta|42/100
|turn|20
|
|t:|1769361081
|move|p1a: Gholdst|Make It Rain|p2a: Zamazenta
|-crit|p2a: Zamazenta
|-damage|p2a: Zamazenta|0 fnt
|-unboost|p1a: Gholdst|spa|1
|faint|p2a: Zamazenta
|
|upkeep
|-message|Ksjdhbe<^= forfeited.
|
|win|tat4n
|raw|tat4n's rating: 1323 &rarr; <strong>1345</strong><br />(+22 for winning)
|raw|Ksjdhbe&lt;^='s rating: 1366 &rarr; <strong>1344</strong><br />(-22 for losing)
|l|☆Ksjdhbe<^=
|player|p2|
|c|☆tat4n|Damn all crits
