|j|☆its called
|j|☆boredincyber
|t:|1769401208
|gametype|singles
|player|p1|its called|blue|1274
|player|p2|boredincyber|2|1351
|gen|9
|tier|[Gen 9] OU
|rated|
|rule|HP Percentage Mod: HP is shown in percentages
|rule|Endless Battle Clause: Forcing endless battles is banned
|rule|Species Clause: Limit one of each Pokémon
|rule|OHKO Clause: OHKO moves are banned
|rule|Evasion Items Clause: Evasion items are banned
|rule|Evasion Moves Clause: Evasion moves are banned
|rule|Evasion Abilities Clause: Evasion abilities are banned
|rule|Sleep Moves Clause: Sleep-inducing moves are banned
|clearpoke
|poke|p1|Alomomola, F|
|poke|p1|Blissey, F|
|poke|p1|Clodsire, F|
|poke|p1|Gliscor, F|
|poke|p1|Dondozo, F|
|poke|p1|Muk, F|
|poke|p2|Tinkaton, F|
|poke|p2|Ogerpon, F|
|poke|p2|Great Tusk|
|poke|p2|Pecharunt|
|poke|p2|Alomomola, M|
|poke|p2|Hydreigon, M|
|teampreview
|inactive|Battle timer is ON: inactive players will automatically lose when time's up. (requested by its called)
|
|t:|1769401226
|teamsize|p1|6
|teamsize|p2|6
|start
|switch|p1a: Gliscor|Gliscor, F|100/100
|switch|p2a: Hybrid|Hydreigon, M, shiny|100/100
|turn|1
|
|t:|1769401233
|move|p1a: Gliscor|Protect|p1a: Gliscor
|-singleturn|p1a: Gliscor|Protect
|move|p2a: Hybrid|Draco Meteor|p1a: Gliscor
|-activate|p1a: Gliscor|move: Protect
|
|-status|p1a: Gliscor|tox|[from] item: Toxic Orb
|upkeep
|turn|2
|
|t:|1769401238
|switch|p1a: Blissey|Blissey, F|100/100
|move|p2a: Hybrid|Draco Meteor|p1a: Blissey
|-damage|p1a: Blissey|69/100
|-unboost|p2a: Hybrid|spa|2
|
|upkeep
|turn|3
|
|t:|1769401244
|switch|p2a: Overseer|Pecharunt|100/100
|switch|p1a: Alomomola|Alomomola, F|100/100
|
|upkeep
|turn|4
|
|t:|1769401250
|switch|p1a: Gliscor|Gliscor, F|100/100 tox
|move|p2a: Overseer|Malignant Chain|p1a: Gliscor
|-resisted|p1a: Gliscor
|-damage|p1a: Gliscor|83/100 tox
|
|-heal|p1a: Gliscor|95/100 tox|[from] ability: Poison Heal
|upkeep
|turn|5
|
|t:|1769401266
|switch|p2a: Pisces|Alomomola, M, shiny|100/100
|move|p1a: Gliscor|Spikes|p2a: Pisces
|-sidestart|p2: boredincyber|Spikes
|
|-heal|p1a: Gliscor|100/100 tox|[from] ability: Poison Heal
|upkeep
|turn|6
|
|t:|1769401273
|switch|p1a: Blissey|Blissey, F|69/100
|move|p2a: Pisces|Flip Turn|p1a: Blissey
|-damage|p1a: Blissey|52/100
|
|t:|1769401278
|switch|p2a: Behemoth|Great Tusk, shiny|100/100|[from] Flip Turn
|
|upkeep
|turn|7
|
|t:|1769401284
|switch|p1a: Alomomola|Alomomola, F|100/100
|move|p2a: Behemoth|Rapid Spin|p1a: Alomomola
|-damage|p1a: Alomomola|92/100
|-boost|p2a: Behemoth|spe|1
|-sideend|p2: boredincyber|Spikes|[from] move: Rapid Spin|[of] p2a: Behemoth
|
|upkeep
|turn|8
|
|t:|1769401290
|-end|p2a: Behemoth|Protosynthesis|[silent]
|switch|p2a: Pisces|Alomomola, M, shiny|100/100
|move|p1a: Alomomola|Scald|p2a: Pisces
|-resisted|p2a: Pisces
|-damage|p2a: Pisces|97/100
|-status|p2a: Pisces|brn
|
|-damage|p2a: Pisces|91/100 brn|[from] brn
|upkeep
|turn|9
|
|t:|1769401300
|move|p2a: Pisces|Flip Turn|p1a: Alomomola
|-resisted|p1a: Alomomola
|-damage|p1a: Alomomola|89/100
|
|t:|1769401307
|switch|p2a: Overseer|Pecharunt|100/100|[from] Flip Turn
|move|p1a: Alomomola|Flip Turn|p2a: Overseer
|-damage|p2a: Overseer|93/100
|-damage|p1a: Alomomola|73/100|[from] item: Rocky Helmet|[of] p2a: Overseer
|
|t:|1769401314
|switch|p1a: Gliscor|Gliscor, F|100/100 tox|[from] Flip Turn
|
|upkeep
|turn|10
|
|t:|1769401324
|switch|p2a: Behemoth|Great Tusk, shiny|100/100
|move|p1a: Gliscor|Knock Off|p2a: Behemoth
|-resisted|p2a: Behemoth
|-damage|p2a: Behemoth|92/100
|-enditem|p2a: Behemoth|Heavy-Duty Boots|[from] move: Knock Off|[of] p1a: Gliscor
|
|upkeep
|turn|11
|
|t:|1769401334
|switch|p1a: Dondozo|Dondozo, F|100/100
|move|p2a: Behemoth|Ice Spinner|p1a: Dondozo
|-resisted|p1a: Dondozo
|-damage|p1a: Dondozo|95/100
|
|upkeep
|turn|12
|
|t:|1769401340
|-end|p2a: Behemoth|Protosynthesis|[silent]
|switch|p2a: Anonymous|Ogerpon, F|100/100
|switch|p1a: Alomomola|Alomomola, F|100/100
|
|upkeep
|turn|13
|
|t:|1769401367
|switch|p1a: Muk|Muk, F|100/100
|move|p2a: Anonymous|Knock Off|p1a: Muk
|-damage|p1a: Muk|67/100
|-activate|p1a: Muk|ability: Sticky Hold
|
|upkeep
|turn|14
|
|t:|1769401380
|switch|p2a: Overseer|Pecharunt|93/100
|move|p1a: Muk|Knock Off|p2a: Overseer
|-supereffective|p2a: Overseer
|-damage|p2a: Overseer|69/100
|-damage|p1a: Muk|51/100|[from] item: Rocky Helmet|[of] p2a: Overseer
|-enditem|p2a: Overseer|Rocky Helmet|[from] move: Knock Off|[of] p1a: Muk
|
|upkeep
|turn|15
|
|t:|1769401396
|switch|p1a: Gliscor|Gliscor, F|100/100 tox
|move|p2a: Overseer|Parting Shot|p1a: Gliscor
|-unboost|p1a: Gliscor|atk|1
|-unboost|p1a: Gliscor|spa|1
|
|t:|1769401404
|switch|p2a: Smile.exe|Tinkaton, F, shiny|100/100|[from] Parting Shot
|-item|p2a: Smile.exe|Air Balloon
|
|upkeep
|turn|16
|
|t:|1769401411
|move|p2a: Smile.exe|Stealth Rock|p1a: Gliscor
|-sidestart|p1: its called|move: Stealth Rock
|move|p1a: Gliscor|Spikes|p2a: Smile.exe
|-sidestart|p2: boredincyber|Spikes
|
|upkeep
|turn|17
|
|t:|1769401420
|move|p2a: Smile.exe|Gigaton Hammer|p1a: Gliscor
|-damage|p1a: Gliscor|64/100 tox
|move|p1a: Gliscor|Spikes|p2a: Smile.exe
|-sidestart|p2: boredincyber|Spikes
|
|-heal|p1a: Gliscor|76/100 tox|[from] ability: Poison Heal
|upkeep
|turn|18
|
|t:|1769401428
|move|p2a: Smile.exe|Ice Hammer|p1a: Gliscor
|-supereffective|p1a: Gliscor
|-damage|p1a: Gliscor|20/100 tox
|-unboost|p2a: Smile.exe|spe|1
|move|p1a: Gliscor|Spikes|p2a: Smile.exe
|-sidestart|p2: boredincyber|Spikes
|
|-heal|p1a: Gliscor|32/100 tox|[from] ability: Poison Heal
|upkeep
|turn|19
|
|t:|1769401440
|move|p1a: Gliscor|Protect|p1a: Gliscor
|-singleturn|p1a: Gliscor|Protect
|move|p2a: Smile.exe|Stealth Rock||[still]
|-fail|p2a: Smile.exe
|
|-heal|p1a: Gliscor|45/100 tox|[from] ability: Poison Heal
|upkeep
|turn|20
|
|t:|1769401451
|switch|p1a: Alomomola|Alomomola, F|100/100
|switch|p2a: Behemoth|Great Tusk, shiny|92/100
|-damage|p2a: Behemoth|68/100|[from] Spikes
|
|upkeep
|turn|21
|
|t:|1769401456
|move|p2a: Behemoth|Rapid Spin|p1a: Alomomola
|-damage|p1a: Alomomola|91/100
|-boost|p2a: Behemoth|spe|1
|-sideend|p2: boredincyber|Spikes|[from] move: Rapid Spin|[of] p2a: Behemoth
|move|p1a: Alomomola|Scald|p2a: Behemoth
|-supereffective|p2a: Behemoth
|-damage|p2a: Behemoth|28/100
|
|upkeep
|turn|22
|
|t:|1769401467
|-end|p2a: Behemoth|Protosynthesis|[silent]
|switch|p2a: Pisces|Alomomola, M, shiny|100/100 brn
|move|p1a: Alomomola|Wish|p1a: Alomomola
|
|-damage|p2a: Pisces|94/100 brn|[from] brn
|upkeep
|turn|23
|inactive|boredincyber has 120 seconds left.
|
|t:|1769401497
|move|p1a: Alomomola|Flip Turn|p2a: Pisces
|-resisted|p2a: Pisces
|-damage|p2a: Pisces|88/100 brn
|
|t:|1769401506
|switch|p1a: Muk|Muk, F|51/100|[from] Flip Turn
|move|p2a: Pisces|Flip Turn|p1a: Muk
|-damage|p1a: Muk|45/100
|inactive|boredincyber has 120 seconds left.
|
|t:|1769401517
|switch|p2a: Behemoth|Great Tusk, shiny|28/100|[from] Flip Turn
|
|-heal|p1a: Muk|100/100|[from] move: Wish|[wisher] Alomomola
|upkeep
|turn|24
|
|t:|1769401524
|switch|p1a: Alomomola|Alomomola, F|100/100
|move|p2a: Behemoth|Ice Spinner|p1a: Alomomola
|-resisted|p1a: Alomomola
|-damage|p1a: Alomomola|92/100
|
|upkeep
|turn|25
|
|t:|1769401530
|-end|p2a: Behemoth|Protosynthesis|[silent]
|switch|p2a: Pisces|Alomomola, M, shiny|100/100 brn
|move|p1a: Alomomola|Wish|p1a: Alomomola
|
|-damage|p2a: Pisces|94/100 brn|[from] brn
|upkeep
|turn|26
|
|t:|1769401546
|move|p1a: Alomomola|Flip Turn|p2a: Pisces
|-resisted|p2a: Pisces
|-damage|p2a: Pisces|88/100 brn
|
|t:|1769401549
|switch|p1a: Blissey|Blissey, F|52/100|[from] Flip Turn
|move|p2a: Pisces|Flip Turn|p1a: Blissey
|-damage|p1a: Blissey|44/100
|
|t:|1769401553
|switch|p2a: Anonymous|Ogerpon, F|100/100|[from] Flip Turn
|
|-heal|p1a: Blissey|85/100|[from] move: Wish|[wisher] Alomomola
|upkeep
|turn|27
|
|t:|1769401567
|switch|p1a: Muk|Muk, F|100/100
|move|p2a: Anonymous|Ivy Cudgel|p1a: Muk
|-resisted|p1a: Muk
|-damage|p1a: Muk|75/100
|
|upkeep
|turn|28
|
|t:|1769401579
|switch|p2a: Pisces|Alomomola, M, shiny|100/100 brn
|move|p1a: Muk|Knock Off|p2a: Pisces
|-damage|p2a: Pisces|82/100 brn
|-enditem|p2a: Pisces|Assault Vest|[from] move: Knock Off|[of] p1a: Muk
|
|-damage|p2a: Pisces|76/100 brn|[from] brn
|upkeep
|turn|29
|
|t:|1769401586
|switch|p1a: Blissey|Blissey, F|85/100
|move|p2a: Pisces|Flip Turn|p1a: Blissey
|-damage|p1a: Blissey|75/100
|
|t:|1769401591
|switch|p2a: Anonymous|Ogerpon, F|100/100|[from] Flip Turn
|
|upkeep
|turn|30
|
|t:|1769401598
|move|p1a: Blissey|Protect|p1a: Blissey
|-singleturn|p1a: Blissey|Protect
|move|p2a: Anonymous|Knock Off|p1a: Blissey
|-activate|p1a: Blissey|move: Protect
|
|upkeep
|turn|31
|
|t:|1769401607
|switch|p1a: Muk|Muk, F|75/100
|move|p2a: Anonymous|Knock Off|p1a: Muk
|-damage|p1a: Muk|39/100
|-activate|p1a: Muk|ability: Sticky Hold
|
|upkeep
|turn|32
|
|t:|1769401617
|move|p2a: Anonymous|Knock Off|p1a: Muk
|-damage|p1a: Muk|6/100
|-activate|p1a: Muk|ability: Sticky Hold
|move|p1a: Muk|Rest|p1a: Muk
|-status|p1a: Muk|slp|[from] move: Rest
|-heal|p1a: Muk|100/100 slp|[silent]
|
|upkeep
|turn|33
|
|t:|1769401627
|move|p2a: Anonymous|Knock Off|p1a: Muk
|-damage|p1a: Muk|64/100 slp
|-activate|p1a: Muk|ability: Sticky Hold
|cant|p1a: Muk|slp
|move|p1a: Muk|Sleep Talk|p1a: Muk
|move|p1a: Muk|Knock Off|p2a: Anonymous|[from] move: Sleep Talk
|-crit|p2a: Anonymous
|-damage|p2a: Anonymous|56/100
|-enditem|p2a: Anonymous|Choice Band|[from] move: Knock Off|[of] p1a: Muk
|
|upkeep
|turn|34
|
|t:|1769401638
|move|p2a: Anonymous|U-turn|p1a: Muk
|-resisted|p1a: Muk
|-damage|p1a: Muk|55/100 slp
|
|t:|1769401642
|switch|p2a: Hybrid|Hydreigon, M, shiny|100/100|[from] U-turn
|cant|p1a: Muk|slp
|move|p1a: Muk|Sleep Talk|p1a: Muk
|move|p1a: Muk|Poison Jab|p2a: Hybrid|[from] move: Sleep Talk
|-damage|p2a: Hybrid|67/100
|-status|p2a: Hybrid|psn
|
|-damage|p2a: Hybrid|55/100 psn|[from] psn
|upkeep
|turn|35
|
|t:|1769401655
|switch|p2a: Anonymous|Ogerpon, F|56/100
|switch|p1a: Blissey|Blissey, F|75/100
|
|upkeep
|turn|36
|
|t:|1769401663
|move|p1a: Blissey|Protect|p1a: Blissey
|-singleturn|p1a: Blissey|Protect
|move|p2a: Anonymous|Knock Off|p1a: Blissey
|-activate|p1a: Blissey|move: Protect
|
|upkeep
|turn|37
|
|t:|1769401670
|switch|p1a: Muk|Muk, F|55/100 slp
|move|p2a: Anonymous|Ivy Cudgel|p1a: Muk
|-resisted|p1a: Muk
|-damage|p1a: Muk|39/100 slp
|
|upkeep
|turn|38
|
|t:|1769401678
|move|p2a: Anonymous|U-turn|p1a: Muk
|-resisted|p1a: Muk
|-damage|p1a: Muk|31/100 slp
|
|t:|1769401690
|switch|p2a: Smile.exe|Tinkaton, F, shiny|100/100|[from] U-turn
|-item|p2a: Smile.exe|Air Balloon
|-curestatus|p1a: Muk|slp|[msg]
|move|p1a: Muk|Rest|p1a: Muk
|-status|p1a: Muk|slp|[from] move: Rest
|-heal|p1a: Muk|100/100 slp|[silent]
|
|upkeep
|turn|39
|
|t:|1769401706
|switch|p1a: Alomomola|Alomomola, F|100/100
|move|p2a: Smile.exe|Encore||[still]
|-fail|p2a: Smile.exe
|
|upkeep
|turn|40
|
|t:|1769401720
|switch|p2a: Pisces|Alomomola, M, shiny|100/100 brn
|move|p1a: Alomomola|Flip Turn|p2a: Pisces
|-resisted|p2a: Pisces
|-damage|p2a: Pisces|95/100 brn
|
|t:|1769401725
|switch|p1a: Blissey|Blissey, F|75/100|[from] Flip Turn
|
|-damage|p2a: Pisces|88/100 brn|[from] brn
|upkeep
|turn|41
|
|t:|1769401732
|move|p1a: Blissey|Stealth Rock|p2a: Pisces
|-sidestart|p2: boredincyber|move: Stealth Rock
|move|p2a: Pisces|Flip Turn|p1a: Blissey
|-damage|p1a: Blissey|68/100
|
|t:|1769401736
|switch|p2a: Behemoth|Great Tusk, shiny|28/100|[from] Flip Turn
|-damage|p2a: Behemoth|25/100|[from] Stealth Rock
|
|upkeep
|turn|42
|
|t:|1769401744
|-terastallize|p1a: Blissey|Ghost
|move|p2a: Behemoth|Rapid Spin|p1a: Blissey
|-immune|p1a: Blissey
|move|p1a: Blissey|Seismic Toss|p2a: Behemoth
|-damage|p2a: Behemoth|0 fnt
|faint|p2a: Behemoth
|-end|p2a: Behemoth|Protosynthesis|[silent]
|
|upkeep
|
|t:|1769401754
|switch|p2a: Hybrid|Hydreigon, M, shiny|55/100 psn
|-damage|p2a: Hybrid|42/100 psn|[from] Stealth Rock
|turn|43
|
|t:|1769401763
|move|p1a: Blissey|Protect|p1a: Blissey
|-singleturn|p1a: Blissey|Protect
|move|p2a: Hybrid|Dark Pulse|p1a: Blissey
|-activate|p1a: Blissey|move: Protect
|
|-damage|p2a: Hybrid|30/100 psn|[from] psn
|upkeep
|turn|44
|
|t:|1769401773
|switch|p1a: Clodsire|Clodsire, F|100/100
|move|p2a: Hybrid|Dark Pulse|p1a: Clodsire
|-damage|p1a: Clodsire|65/100
|
|-damage|p2a: Hybrid|18/100 psn|[from] psn
|upkeep
|turn|45
|
|t:|1769401778
|move|p2a: Hybrid|Dark Pulse|p1a: Clodsire
|-damage|p1a: Clodsire|33/100
|cant|p1a: Clodsire|flinch
|
|-damage|p2a: Hybrid|5/100 psn|[from] psn
|upkeep
|turn|46
|
|t:|1769401783
|move|p2a: Hybrid|Dark Pulse|p1a: Clodsire
|-damage|p1a: Clodsire|0 fnt
|faint|p1a: Clodsire
|
|-damage|p2a: Hybrid|0 fnt|[from] psn
|faint|p2a: Hybrid
|upkeep
|
|t:|1769401806
|switch|p2a: Smile.exe|Tinkaton, F, shiny|100/100
|switch|p1a: Muk|Muk, F|100/100 slp
|-damage|p2a: Smile.exe|94/100|[from] Stealth Rock
|-item|p2a: Smile.exe|Air Balloon
|turn|47
|
|t:|1769401813
|switch|p1a: Alomomola|Alomomola, F|100/100
|move|p2a: Smile.exe|Gigaton Hammer|p1a: Alomomola
|-resisted|p1a: Alomomola
|-damage|p1a: Alomomola|85/100
|
|upkeep
|turn|48
|
|t:|1769401820
|switch|p2a: Pisces|Alomomola, M, shiny|100/100 brn
|-damage|p2a: Pisces|88/100 brn|[from] Stealth Rock
|move|p1a: Alomomola|Wish|p1a: Alomomola
|
|-damage|p2a: Pisces|82/100 brn|[from] brn
|upkeep
|turn|49
|
|t:|1769401838
|move|p1a: Alomomola|Flip Turn|p2a: Pisces
|-resisted|p2a: Pisces
|-damage|p2a: Pisces|76/100 brn
|
|t:|1769401840
|switch|p1a: Blissey|Blissey, F, tera:Ghost|68/100|[from] Flip Turn
|move|p2a: Pisces|Flip Turn|p1a: Blissey
|-damage|p1a: Blissey|59/100
|
|t:|1769401854
|switch|p2a: Anonymous|Ogerpon, F|56/100|[from] Flip Turn
|-damage|p2a: Anonymous|43/100|[from] Stealth Rock
|
|-heal|p1a: Blissey|99/100|[from] move: Wish|[wisher] Alomomola
|upkeep
|turn|50
|
|t:|1769401862
|switch|p1a: Muk|Muk, F|100/100 slp
|move|p2a: Anonymous|Knock Off|p1a: Muk
|-damage|p1a: Muk|76/100 slp
|-activate|p1a: Muk|ability: Sticky Hold
|
|upkeep
|turn|51
|
|t:|1769401872
|switch|p2a: Overseer|Pecharunt|69/100
|-damage|p2a: Overseer|57/100|[from] Stealth Rock
|cant|p1a: Muk|slp
|move|p1a: Muk|Sleep Talk|p1a: Muk
|move|p1a: Muk|Knock Off|p2a: Overseer|[from] move: Sleep Talk
|-supereffective|p2a: Overseer
|-damage|p2a: Overseer|42/100
|
|upkeep
|turn|52
|
|t:|1769401884
|switch|p1a: Gliscor|Gliscor, F|45/100 tox
|-damage|p1a: Gliscor|32/100 tox|[from] Stealth Rock
|move|p2a: Overseer|Shadow Ball|p1a: Gliscor
|-damage|p1a: Gliscor|4/100 tox
|
|-heal|p1a: Gliscor|17/100 tox|[from] ability: Poison Heal
|upkeep
|turn|53
|
|t:|1769401896
|move|p1a: Gliscor|Protect|p1a: Gliscor
|-singleturn|p1a: Gliscor|Protect
|move|p2a: Overseer|Recover|p2a: Overseer
|-heal|p2a: Overseer|92/100
|
|-heal|p1a: Gliscor|29/100 tox|[from] ability: Poison Heal
|upkeep
|turn|54
|
|t:|1769401901
|switch|p1a: Blissey|Blissey, F, tera:Ghost|99/100
|move|p2a: Overseer|Shadow Ball|p1a: Blissey
|-supereffective|p1a: Blissey
|-damage|p1a: Blissey|84/100
|
|upkeep
|turn|55
|
|t:|1769401914
|move|p1a: Blissey|Protect|p1a: Blissey
|-singleturn|p1a: Blissey|Protect
|move|p2a: Overseer|Shadow Ball|p1a: Blissey
|-activate|p1a: Blissey|move: Protect
|
|upkeep
|turn|56
|
|t:|1769401933
|switch|p1a: Dondozo|Dondozo, F|95/100
|move|p2a: Overseer|Malignant Chain|p1a: Dondozo
|-damage|p1a: Dondozo|65/100
|
|upkeep
|turn|57
|
|t:|1769401941
|move|p2a: Overseer|Shadow Ball|p1a: Dondozo
|-damage|p1a: Dondozo|40/100
|move|p1a: Dondozo|Curse|p1a: Dondozo
|-unboost|p1a: Dondozo|spe|1
|-boost|p1a: Dondozo|atk|1
|-boost|p1a: Dondozo|def|1
|
|upkeep
|turn|58
|
|t:|1769401949
|move|p2a: Overseer|Malignant Chain|p1a: Dondozo
|-damage|p1a: Dondozo|11/100
|move|p1a: Dondozo|Rest|p1a: Dondozo
|-status|p1a: Dondozo|slp|[from] move: Rest
|-heal|p1a: Dondozo|100/100 slp|[silent]
|
|upkeep
|turn|59
|
|t:|1769401958
|switch|p1a: Alomomola|Alomomola, F|100/100
|move|p2a: Overseer|Shadow Ball|p1a: Alomomola
|-damage|p1a: Alomomola|72/100
|
|upkeep
|turn|60
|
|t:|1769401965
|move|p1a: Alomomola|Protect|p1a: Alomomola
|-singleturn|p1a: Alomomola|Protect
|move|p2a: Overseer|Malignant Chain|p1a: Alomomola
|-activate|p1a: Alomomola|move: Protect
|
|upkeep
|turn|61
|
|t:|1769401970
|switch|p1a: Blissey|Blissey, F, tera:Ghost|84/100
|move|p2a: Overseer|Shadow Ball|p1a: Blissey
|-supereffective|p1a: Blissey
|-damage|p1a: Blissey|68/100
|-unboost|p1a: Blissey|spd|1
|
|upkeep
|turn|62
|
|t:|1769401974
|switch|p1a: Dondozo|Dondozo, F|100/100 slp
|move|p2a: Overseer|Shadow Ball|p1a: Dondozo
|-damage|p1a: Dondozo|76/100 slp
|-unboost|p1a: Dondozo|spd|1
|
|upkeep
|turn|63
|
|t:|1769401980
|switch|p1a: Blissey|Blissey, F, tera:Ghost|68/100
|move|p2a: Overseer|Shadow Ball|p1a: Blissey
|-supereffective|p1a: Blissey
|-damage|p1a: Blissey|53/100
|
|upkeep
|turn|64
|
|t:|1769401984
|move|p2a: Overseer|Malignant Chain|p1a: Blissey
|-resisted|p1a: Blissey
|-damage|p1a: Blissey|48/100
|-status|p1a: Blissey|tox
|-start|p1a: Blissey|confusion|[from] ability: Poison Puppeteer|[of] p2a: Overseer
|-activate|p1a: Blissey|confusion
|move|p1a: Blissey|Soft-Boiled|p1a: Blissey
|-heal|p1a: Blissey|98/100 tox
|
|-damage|p1a: Blissey|92/100 tox|[from] psn
|upkeep
|turn|65
|
|t:|1769401992
|-curestatus|p1a: Blissey|tox|[from] ability: Natural Cure
|switch|p1a: Alomomola|Alomomola, F|100/100
|move|p2a: Overseer|Shadow Ball|p1a: Alomomola
|-damage|p1a: Alomomola|72/100
|
|upkeep
|turn|66
|
|t:|1769402002
|move|p1a: Alomomola|Protect|p1a: Alomomola
|-singleturn|p1a: Alomomola|Protect
|move|p2a: Overseer|Shadow Ball|p1a: Alomomola
|-activate|p1a: Alomomola|move: Protect
|
|upkeep
|turn|67
|
|t:|1769402012
|switch|p1a: Dondozo|Dondozo, F|76/100 slp
|move|p2a: Overseer|Malignant Chain|p1a: Dondozo
|-damage|p1a: Dondozo|47/100 slp
|
|upkeep
|turn|68
|
|t:|1769402021
|switch|p1a: Alomomola|Alomomola, F|100/100
|move|p2a: Overseer|Shadow Ball|p1a: Alomomola
|-damage|p1a: Alomomola|73/100
|-unboost|p1a: Alomomola|spd|1
|
|upkeep
|turn|69
|
|t:|1769402026
|switch|p1a: Blissey|Blissey, F, tera:Ghost|92/100
|move|p2a: Overseer|Shadow Ball|p1a: Blissey
|-supereffective|p1a: Blissey
|-damage|p1a: Blissey|77/100
|
|upkeep
|turn|70
|
|t:|1769402040
|switch|p2a: Smile.exe|Tinkaton, F, shiny|94/100
|-damage|p2a: Smile.exe|88/100|[from] Stealth Rock
|-item|p2a: Smile.exe|Air Balloon
|move|p1a: Blissey|Protect||[still]
|-fail|p1a: Blissey
|
|upkeep
|turn|71
|
|t:|1769402049
|switch|p1a: Alomomola|Alomomola, F|100/100
|move|p2a: Smile.exe|Encore||[still]
|-fail|p2a: Smile.exe
|
|upkeep
|turn|72
|
|t:|1769402070
|move|p2a: Smile.exe|Gigaton Hammer|p1a: Alomomola
|-resisted|p1a: Alomomola
|-damage|p1a: Alomomola|84/100
|move|p1a: Alomomola|Wish|p1a: Alomomola
|
|upkeep
|turn|73
|
|t:|1769402082
|switch|p1a: Dondozo|Dondozo, F|47/100 slp
|move|p2a: Smile.exe|Ice Hammer|p1a: Dondozo
|-resisted|p1a: Dondozo
|-damage|p1a: Dondozo|41/100 slp
|-unboost|p2a: Smile.exe|spe|1
|
|-heal|p1a: Dondozo|94/100 slp|[from] move: Wish|[wisher] Alomomola
|upkeep
|turn|74
|
|t:|1769402092
|switch|p2a: Pisces|Alomomola, M, shiny|100/100 brn
|-damage|p2a: Pisces|88/100 brn|[from] Stealth Rock
|cant|p1a: Dondozo|slp
|move|p1a: Dondozo|Sleep Talk|p1a: Dondozo
|move|p1a: Dondozo|Curse|p1a: Dondozo|[from] move: Sleep Talk
|-unboost|p1a: Dondozo|spe|1
|-boost|p1a: Dondozo|atk|1
|-boost|p1a: Dondozo|def|1
|
|-damage|p2a: Pisces|82/100 brn|[from] brn
|upkeep
|turn|75
|
|t:|1769402099
|switch|p1a: Alomomola|Alomomola, F|100/100
|move|p2a: Pisces|Flip Turn|p1a: Alomomola
|-resisted|p1a: Alomomola
|-damage|p1a: Alomomola|98/100
|
|t:|1769402106
|switch|p2a: Anonymous|Ogerpon, F|43/100|[from] Flip Turn
|-damage|p2a: Anonymous|31/100|[from] Stealth Rock
|
|upkeep
|turn|76
|
|t:|1769402115
|move|p2a: Anonymous|Knock Off|p1a: Alomomola
|-damage|p1a: Alomomola|83/100
|-enditem|p1a: Alomomola|Heavy-Duty Boots|[from] move: Knock Off|[of] p2a: Anonymous
|move|p1a: Alomomola|Wish|p1a: Alomomola
|
|upkeep
|turn|77
|
|t:|1769402129
|move|p2a: Anonymous|Ivy Cudgel|p1a: Alomomola
|-supereffective|p1a: Alomomola
|-damage|p1a: Alomomola|27/100
|move|p1a: Alomomola|Flip Turn|p2a: Anonymous
|-resisted|p2a: Anonymous
|-damage|p2a: Anonymous|21/100
|
|t:|1769402132
|switch|p1a: Gliscor|Gliscor, F|29/100 tox|[from] Flip Turn
|-damage|p1a: Gliscor|17/100 tox|[from] Stealth Rock
|
|-heal|p1a: Gliscor|93/100 tox|[from] move: Wish|[wisher] Alomomola
|-heal|p1a: Gliscor|100/100 tox|[from] ability: Poison Heal
|upkeep
|turn|78
|
|t:|1769402144
|move|p2a: Anonymous|Ivy Cudgel|p1a: Gliscor
|-damage|p1a: Gliscor|70/100 tox
|move|p1a: Gliscor|Spikes|p2a: Anonymous
|-sidestart|p2: boredincyber|Spikes
|
|-heal|p1a: Gliscor|82/100 tox|[from] ability: Poison Heal
|upkeep
|turn|79
|-message|boredincyber forfeited.
|
|win|its called
|raw|its called's rating: 1274 &rarr; <strong>1304</strong><br />(+30 for winning)
|raw|boredincyber's rating: 1351 &rarr; <strong>1327</strong><br />(-24 for losing)
|l|☆boredincyber
|player|p2|
|l|☆its called
|player|p1|
