|j|☆lv0ry
|j|☆xiaogulu
|t:|1769361912
|gametype|singles
|player|p1|lv0ry|170|1344
|player|p2|xiaogulu|hilda-wonderlauncher|1351
|gen|9
|tier|[Gen 9] OU
|rated|
|rule|HP Percentage Mod: HP is shown in percentages
|rule|Endless Battle Clause: Forcing endless battles is banned
|rule|Species Clause: Limit one of each Pokémon
|rule|OHKO Clause: OHKO moves are banned
|rule|Evasion Items Clause: Evasion items are banned
|rule|Evasion Moves Clause: Evasion moves are banned
|rule|Evasion Abilities Clause: Evasion abilities are banned
|rule|Sleep Moves Clause: Sleep-inducing moves are banned
|clearpoke
|poke|p1|Eelektross, F|
|poke|p1|Deoxys-Speed|
|poke|p1|Iron Valiant|
|poke|p1|Pecharunt|
|poke|p1|Dragonite, M|
|poke|p1|Kingambit, F|
|poke|p2|Tyranitar, F|
|poke|p2|Excadrill, M|
|poke|p2|Walking Wake|
|poke|p2|Ninetales, M|
|poke|p2|Pelipper, F|
|poke|p2|Kingambit, F|
|teampreview
|
|t:|1769361920
|teamsize|p1|6
|teamsize|p2|6
|start
|switch|p1a: Iron Valiant|Iron Valiant|100/100
|switch|p2a: Tyranitar|Tyranitar, F|100/100
|-weather|Sandstorm|[from] ability: Sand Stream|[of] p2a: Tyranitar
|-enditem|p1a: Iron Valiant|Booster Energy
|-activate|p1a: Iron Valiant|ability: Quark Drive|[fromitem]
|-start|p1a: Iron Valiant|quarkdrivespe
|turn|1
|
|t:|1769361924
|move|p1a: Iron Valiant|Moonblast|p2a: Tyranitar
|-supereffective|p2a: Tyranitar
|-damage|p2a: Tyranitar|47/100
|-unboost|p2a: Tyranitar|spa|1
|move|p2a: Tyranitar|Stealth Rock|p1a: Iron Valiant
|-sidestart|p1: lv0ry|move: Stealth Rock
|
|-weather|Sandstorm|[upkeep]
|-damage|p1a: Iron Valiant|94/100|[from] Sandstorm
|upkeep
|turn|2
|
|t:|1769361933
|switch|p2a: Excadrill|Excadrill, M|100/100
|-item|p2a: Excadrill|Air Balloon
|move|p1a: Iron Valiant|Moonblast|p2a: Excadrill
|-resisted|p2a: Excadrill
|-damage|p2a: Excadrill|70/100
|-enditem|p2a: Excadrill|Air Balloon
|
|-weather|Sandstorm|[upkeep]
|-damage|p1a: Iron Valiant|88/100|[from] Sandstorm
|upkeep
|turn|3
|
|t:|1769361940
|move|p2a: Excadrill|Iron Head|p1a: Iron Valiant
|-supereffective|p1a: Iron Valiant
|-damage|p1a: Iron Valiant|0 fnt
|faint|p1a: Iron Valiant
|-end|p1a: Iron Valiant|Quark Drive|[silent]
|
|-weather|Sandstorm|[upkeep]
|upkeep
|
|t:|1769361944
|switch|p1a: Eelektross|Eelektross, F|100/100
|-damage|p1a: Eelektross|88/100|[from] Stealth Rock
|turn|4
|
|t:|1769361950
|move|p2a: Excadrill|Iron Head|p1a: Eelektross
|-resisted|p1a: Eelektross
|-damage|p1a: Eelektross|63/100
|cant|p1a: Eelektross|flinch
|
|-weather|Sandstorm|[upkeep]
|-damage|p1a: Eelektross|56/100|[from] Sandstorm
|-heal|p1a: Eelektross|63/100|[from] item: Leftovers
|upkeep
|turn|5
|
|t:|1769361954
|move|p2a: Excadrill|X-Scissor|p1a: Eelektross
|-damage|p1a: Eelektross|31/100
|move|p1a: Eelektross|Drain Punch|p2a: Excadrill
|-supereffective|p2a: Excadrill
|-damage|p2a: Excadrill|14/100
|-heal|p1a: Eelektross|57/100|[from] drain|[of] p2a: Excadrill
|
|-weather|none
|-heal|p1a: Eelektross|64/100|[from] item: Leftovers
|upkeep
|turn|6
|
|t:|1769361963
|switch|p2a: Tyranitar|Tyranitar, F|47/100
|-weather|Sandstorm|[from] ability: Sand Stream|[of] p2a: Tyranitar
|move|p1a: Eelektross|Coil|p1a: Eelektross
|-boost|p1a: Eelektross|atk|1
|-boost|p1a: Eelektross|def|1
|-boost|p1a: Eelektross|accuracy|1
|
|-weather|Sandstorm|[upkeep]
|-damage|p1a: Eelektross|57/100|[from] Sandstorm
|-heal|p1a: Eelektross|64/100|[from] item: Leftovers
|upkeep
|turn|7
|
|t:|1769361967
|move|p1a: Eelektross|Drain Punch|p2a: Tyranitar
|-supereffective|p2a: Tyranitar
|-damage|p2a: Tyranitar|0 fnt
|-heal|p1a: Eelektross|88/100|[from] drain|[of] p2a: Tyranitar
|faint|p2a: Tyranitar
|
|-weather|Sandstorm|[upkeep]
|-damage|p1a: Eelektross|82/100|[from] Sandstorm
|-heal|p1a: Eelektross|88/100|[from] item: Leftovers
|upkeep
|l|☆xiaogulu
|player|p2|
|inactive|Battle timer is ON: inactive players will automatically lose when time's up. (requested by lv0ry)
|inactive|xiaogulu has 30 seconds to reconnect!
|inactive|xiaogulu has 20 seconds to reconnect!
|inactive|xiaogulu has 15 seconds to reconnect!
|inactive|xiaogulu has 10 seconds to reconnect!
|inactive|xiaogulu has 5 seconds to reconnect!
|-message|xiaogulu lost due to inactivity.
|
|win|lv0ry
|raw|lv0ry's rating: 1344 &rarr; <strong>1364</strong><br />(+20 for winning)
|raw|xiaogulu's rating: 1351 &rarr; <strong>1331</strong><br />(-20 for losing)
|l|☆lv0ry
|player|p1|
