|j|☆Zong200
|j|☆siroperation
|t:|1769351171
|gametype|singles
|player|p1|Zong200|169|1553
|player|p2|siroperation|102|1499
|gen|9
|tier|[Gen 9] OU
|rated|
|rule|HP Percentage Mod: HP is shown in percentages
|rule|Endless Battle Clause: Forcing endless battles is banned
|rule|Species Clause: Limit one of each Pokémon
|rule|OHKO Clause: OHKO moves are banned
|rule|Evasion Items Clause: Evasion items are banned
|rule|Evasion Moves Clause: Evasion moves are banned
|rule|Evasion Abilities Clause: Evasion abilities are banned
|rule|Sleep Moves Clause: Sleep-inducing moves are banned
|clearpoke
|poke|p1|Darkrai|
|poke|p1|Volcanion|
|poke|p1|Great Tusk|
|poke|p1|Scizor, F|
|poke|p1|Iron Valiant|
|poke|p1|Zapdos|
|poke|p2|Registeel|
|poke|p2|Great Tusk|
|poke|p2|Hatterene, F|
|poke|p2|Tornadus-Therian, M|
|poke|p2|Alomomola, M|
|poke|p2|Dragapult, M|
|teampreview
|inactive|Battle timer is ON: inactive players will automatically lose when time's up. (requested by Zong200)
|
|t:|1769351202
|teamsize|p1|6
|teamsize|p2|6
|start
|switch|p1a: Scizor|Scizor, F|100/100
|switch|p2a: Alomomola|Alomomola, M|100/100
|turn|1
|
|t:|1769351209
|switch|p2a: Registeel|Registeel|100/100
|move|p1a: Scizor|Knock Off|p2a: Registeel
|-damage|p2a: Registeel|63/100
|-enditem|p2a: Registeel|Leftovers|[from] move: Knock Off|[of] p1a: Scizor
|
|upkeep
|turn|2
|
|t:|1769351214
|switch|p1a: Great Tusk|Great Tusk|100/100
|-enditem|p1a: Great Tusk|Booster Energy
|-activate|p1a: Great Tusk|ability: Protosynthesis|[fromitem]
|-start|p1a: Great Tusk|protosynthesisspe
|move|p2a: Registeel|Stealth Rock|p1a: Great Tusk
|-sidestart|p1: Zong200|move: Stealth Rock
|
|upkeep
|turn|3
|
|t:|1769351222
|switch|p2a: Tornadus|Tornadus-Therian, M|100/100
|move|p1a: Great Tusk|Ice Spinner|p2a: Tornadus
|-supereffective|p2a: Tornadus
|-damage|p2a: Tornadus|40/100
|
|upkeep
|turn|4
|
|t:|1769351235
|switch|p2a: Dragapult|Dragapult, M|100/100
|move|p1a: Great Tusk|Rapid Spin|p2a: Dragapult
|-immune|p2a: Dragapult
|
|upkeep
|turn|5
|
|t:|1769351242
|move|p1a: Great Tusk|Ice Spinner|p2a: Dragapult
|-supereffective|p2a: Dragapult
|-damage|p2a: Dragapult|38/100
|move|p2a: Dragapult|Draco Meteor|p1a: Great Tusk
|-damage|p1a: Great Tusk|0 fnt
|-unboost|p2a: Dragapult|spa|2
|faint|p1a: Great Tusk
|-end|p1a: Great Tusk|Protosynthesis|[silent]
|
|upkeep
|
|t:|1769351247
|switch|p1a: Scizor|Scizor, F|100/100
|-damage|p1a: Scizor|88/100|[from] Stealth Rock
|turn|6
|
|t:|1769351254
|switch|p2a: Registeel|Registeel|63/100
|move|p1a: Scizor|U-turn|p2a: Registeel
|-resisted|p2a: Registeel
|-damage|p2a: Registeel|43/100
|
|t:|1769351257
|switch|p1a: Volcanion|Volcanion|100/100|[from] U-turn
|
|upkeep
|turn|7
|
|t:|1769351260
|switch|p2a: Alomomola|Alomomola, M|100/100
|move|p1a: Volcanion|Steam Eruption|p2a: Alomomola
|-resisted|p2a: Alomomola
|-damage|p2a: Alomomola|84/100
|
|upkeep
|turn|8
|
|t:|1769351269
|move|p1a: Volcanion|Fire Spin|p2a: Alomomola|[miss]
|-miss|p1a: Volcanion|p2a: Alomomola
|move|p2a: Alomomola|Mirror Coat||[still]
|-fail|p2a: Alomomola
|
|upkeep
|turn|9
|
|t:|1769351278
|move|p1a: Volcanion|Sludge Bomb|p2a: Alomomola
|-damage|p2a: Alomomola|66/100
|move|p2a: Alomomola|Body Slam|p1a: Volcanion
|-damage|p1a: Volcanion|86/100
|
|upkeep
|turn|10
|
|t:|1769351282
|move|p1a: Volcanion|Fire Spin|p2a: Alomomola|[miss]
|-miss|p1a: Volcanion|p2a: Alomomola
|move|p2a: Alomomola|Mirror Coat||[still]
|-fail|p2a: Alomomola
|
|upkeep
|turn|11
|
|t:|1769351285
|move|p1a: Volcanion|Fire Spin|p2a: Alomomola
|-resisted|p2a: Alomomola
|-damage|p2a: Alomomola|60/100
|-activate|p2a: Alomomola|move: Fire Spin|[of] p1a: Volcanion
|move|p2a: Alomomola|Mirror Coat|p1a: Volcanion
|-damage|p1a: Volcanion|71/100
|
|-damage|p2a: Alomomola|48/100|[from] move: Fire Spin|[partiallytrapped]
|upkeep
|turn|12
|
|t:|1769351288
|move|p1a: Volcanion|Taunt|p2a: Alomomola
|-start|p2a: Alomomola|move: Taunt
|move|p2a: Alomomola|Mirror Coat||[still]
|-fail|p2a: Alomomola
|
|-damage|p2a: Alomomola|36/100|[from] move: Fire Spin|[partiallytrapped]
|upkeep
|turn|13
|
|t:|1769351293
|move|p1a: Volcanion|Taunt||[still]
|-fail|p1a: Volcanion
|move|p2a: Alomomola|Mirror Coat||[still]
|-fail|p2a: Alomomola
|
|-damage|p2a: Alomomola|23/100|[from] move: Fire Spin|[partiallytrapped]
|upkeep
|turn|14
|
|t:|1769351297
|move|p1a: Volcanion|Taunt||[still]
|-fail|p1a: Volcanion
|move|p2a: Alomomola|Mirror Coat||[still]
|-fail|p2a: Alomomola
|
|-damage|p2a: Alomomola|11/100|[from] move: Fire Spin|[partiallytrapped]
|-end|p2a: Alomomola|move: Taunt
|upkeep
|turn|15
|
|t:|1769351299
|move|p1a: Volcanion|Sludge Bomb|p2a: Alomomola
|-damage|p2a: Alomomola|0 fnt
|faint|p2a: Alomomola
|
|upkeep
|
|t:|1769351302
|switch|p2a: Great Tusk|Great Tusk|100/100
|turn|16
|
|t:|1769351306
|switch|p1a: Zapdos|Zapdos|100/100
|move|p2a: Great Tusk|Stone Edge|p1a: Zapdos
|-supereffective|p1a: Zapdos
|-damage|p1a: Zapdos|19/100
|
|upkeep
|turn|17
|
|t:|1769351315
|move|p2a: Great Tusk|Stone Edge|p1a: Zapdos
|-supereffective|p1a: Zapdos
|-damage|p1a: Zapdos|0 fnt
|faint|p1a: Zapdos
|
|upkeep
|
|t:|1769351318
|switch|p1a: Darkrai|Darkrai|100/100
|-damage|p1a: Darkrai|88/100|[from] Stealth Rock
|turn|18
|inactive|siroperation has 120 seconds left.
|inactive|siroperation has 90 seconds left.
|
|t:|1769351386
|-end|p2a: Great Tusk|Protosynthesis|[silent]
|switch|p2a: Registeel|Registeel|43/100
|move|p1a: Darkrai|Nasty Plot|p1a: Darkrai
|-boost|p1a: Darkrai|spa|2
|
|upkeep
|turn|19
|inactive|siroperation has 90 seconds left.
|
|t:|1769351400
|move|p1a: Darkrai|Dark Pulse|p2a: Registeel
|-damage|p2a: Registeel|0 fnt
|faint|p2a: Registeel
|
|upkeep
|
|t:|1769351402
|switch|p2a: Dragapult|Dragapult, M|38/100
|turn|20
|
|t:|1769351407
|move|p2a: Dragapult|Draco Meteor|p1a: Darkrai
|-damage|p1a: Darkrai|0 fnt
|-unboost|p2a: Dragapult|spa|2
|faint|p1a: Darkrai
|
|upkeep
|
|t:|1769351410
|switch|p1a: Iron Valiant|Iron Valiant|100/100
|-damage|p1a: Iron Valiant|94/100|[from] Stealth Rock
|-enditem|p1a: Iron Valiant|Booster Energy
|-activate|p1a: Iron Valiant|ability: Quark Drive|[fromitem]
|-start|p1a: Iron Valiant|quarkdrivespe
|turn|21
|
|t:|1769351413
|switch|p2a: Hatterene|Hatterene, F|100/100
|move|p1a: Iron Valiant|Calm Mind|p1a: Iron Valiant
|-boost|p1a: Iron Valiant|spa|1
|-boost|p1a: Iron Valiant|spd|1
|
|upkeep
|turn|22
|inactive|siroperation has 120 seconds left.
|
|t:|1769351426
|-terastallize|p1a: Iron Valiant|Ground
|-terastallize|p2a: Hatterene|Water
|move|p1a: Iron Valiant|Calm Mind|p1a: Iron Valiant
|-boost|p1a: Iron Valiant|spa|1
|-boost|p1a: Iron Valiant|spd|1
|move|p2a: Hatterene|Nuzzle|p1a: Iron Valiant
|-immune|p1a: Iron Valiant
|
|upkeep
|turn|23
|inactive|siroperation has 120 seconds left.
|
|t:|1769351434
|move|p1a: Iron Valiant|Thunderbolt|p2a: Hatterene
|-supereffective|p2a: Hatterene
|-damage|p2a: Hatterene|0 fnt
|faint|p2a: Hatterene
|
|upkeep
|inactive|siroperation has 120 seconds left.
|c|☆siroperation|K ggs nice cteam
|inactive|siroperation has 90 seconds left.
|-message|siroperation forfeited.
|
|win|Zong200
|raw|Zong200's rating: 1553 &rarr; <strong>1570</strong><br />(+17 for winning)
|raw|siroperation's rating: 1499 &rarr; <strong>1482</strong><br />(-17 for losing)
|l|☆siroperation
|player|p2|
