|j|☆HamzaCrazykid
|j|☆xail44
|t:|1769293343
|gametype|singles
|player|p1|HamzaCrazykid|brawly|1093
|player|p2|xail44|266|1122
|gen|9
|tier|[Gen 9] OU
|rated|
|rule|HP Percentage Mod: HP is shown in percentages
|rule|Endless Battle Clause: Forcing endless battles is banned
|rule|Species Clause: Limit one of each Pokémon
|rule|OHKO Clause: OHKO moves are banned
|rule|Evasion Items Clause: Evasion items are banned
|rule|Evasion Moves Clause: Evasion moves are banned
|rule|Evasion Abilities Clause: Evasion abilities are banned
|rule|Sleep Moves Clause: Sleep-inducing moves are banned
|clearpoke
|poke|p1|Zoroark-Hisui, F|
|poke|p1|Moltres-Galar|
|poke|p1|Gliscor, M|
|poke|p1|Zamazenta-*|
|poke|p1|Arcanine-Hisui, F|
|poke|p1|Kingambit, F|
|poke|p2|Spidops, F|
|poke|p2|Cacturne, M|
|poke|p2|Weezing, F|
|poke|p2|Furret, M|
|poke|p2|Ceruledge, F|
|poke|p2|Regidrago|
|teampreview
|inactive|Battle timer is ON: inactive players will automatically lose when time's up. (requested by xail44)
|c|☆HamzaCrazykid|hello and gl
|
|t:|1769293355
|teamsize|p1|6
|teamsize|p2|6
|start
|switch|p1a: Gliscor|Gliscor, M, shiny|100/100
|switch|p2a: Weezing|Weezing, F|100/100
|turn|1
|c|☆xail44|hello, gl to you too
|
|t:|1769293375
|move|p1a: Gliscor|Hyper Voice|p2a: Weezing
|-damage|p2a: Weezing|31/100
|move|p2a: Weezing|Dark Pulse|p1a: Gliscor
|-supereffective|p1a: Gliscor
|-crit|p1a: Gliscor
|-enditem|p1a: Gliscor|Focus Sash
|-damage|p1a: Gliscor|1/100
|replace|p1a: Zoroark|Zoroark-Hisui, F, shiny
|-end|p1a: Zoroark|Illusion
|
|upkeep
|turn|2
|
|t:|1769293388
|switch|p2a: Ceruledge|Ceruledge, F|100/100
|move|p1a: Zoroark|Hyper Voice|p2a: Ceruledge
|-immune|p2a: Ceruledge
|
|upkeep
|turn|3
|
|t:|1769293393
|move|p1a: Zoroark|Bitter Malice|p2a: Ceruledge
|-supereffective|p2a: Ceruledge
|-damage|p2a: Ceruledge|37/100
|-unboost|p2a: Ceruledge|atk|1
|move|p2a: Ceruledge|Bitter Blade|p1a: Zoroark
|-damage|p1a: Zoroark|0 fnt
|-heal|p2a: Ceruledge|37/100|[from] drain|[of] p1a: Zoroark
|faint|p1a: Zoroark
|
|upkeep
|
|t:|1769293408
|switch|p1a: Gliscor|Gliscor, M, shiny|100/100
|turn|4
|
|t:|1769293419
|switch|p2a: Spidops|Spidops, F|100/100
|move|p1a: Gliscor|Protect||[still]
|-fail|p1a: Gliscor
|
|-status|p1a: Gliscor|tox|[from] item: Toxic Orb
|upkeep
|turn|5
|
|t:|1769293425
|move|p1a: Gliscor|Facade|p2a: Spidops
|-damage|p2a: Spidops|66/100
|-damage|p1a: Gliscor|84/100 tox|[from] item: Rocky Helmet|[of] p2a: Spidops
|move|p2a: Spidops|Sticky Web|p1a: Gliscor
|-sidestart|p1: HamzaCrazykid|move: Sticky Web
|
|-heal|p1a: Gliscor|96/100 tox|[from] ability: Poison Heal
|upkeep
|turn|6
|
|t:|1769293435
|move|p2a: Spidops|Silk Trap|p2a: Spidops
|-singleturn|p2a: Spidops|Protect
|move|p1a: Gliscor|Facade|p2a: Spidops
|-activate|p2a: Spidops|move: Protect
|-unboost|p1a: Gliscor|spe|1
|
|-heal|p1a: Gliscor|100/100 tox|[from] ability: Poison Heal
|upkeep
|turn|7
|
|t:|1769293444
|switch|p2a: Weezing|Weezing, F|31/100
|move|p1a: Gliscor|Facade|p2a: Weezing
|-damage|p2a: Weezing|0 fnt
|faint|p2a: Weezing
|
|upkeep
|
|t:|1769293449
|switch|p2a: Regidrago|Regidrago|100/100
|turn|8
|
|t:|1769293454
|move|p1a: Gliscor|Protect|p1a: Gliscor
|-singleturn|p1a: Gliscor|Protect
|move|p2a: Regidrago|Dragon Energy|p1a: Gliscor
|-activate|p1a: Gliscor|move: Protect
|
|upkeep
|turn|9
|
|t:|1769293477
|move|p2a: Regidrago|Dragon Energy|p1a: Gliscor
|-damage|p1a: Gliscor|0 fnt
|faint|p1a: Gliscor
|
|upkeep
|
|t:|1769293481
|switch|p1a: Zamazenta|Zamazenta|100/100
|-activate|p1a: Zamazenta|move: Sticky Web
|-unboost|p1a: Zamazenta|spe|1
|-ability|p1a: Zamazenta|Dauntless Shield|boost
|-boost|p1a: Zamazenta|def|1
|turn|10
|
|t:|1769293486
|move|p2a: Regidrago|Dragon Energy|p1a: Zamazenta
|-damage|p1a: Zamazenta|4/100
|move|p1a: Zamazenta|Ice Fang|p2a: Regidrago
|-supereffective|p2a: Regidrago
|-crit|p2a: Regidrago
|-damage|p2a: Regidrago|10/100
|-status|p2a: Regidrago|frz
|
|upkeep
|turn|11
|
|t:|1769293499
|cant|p2a: Regidrago|frz
|move|p1a: Zamazenta|Wild Charge|p2a: Regidrago
|-resisted|p2a: Regidrago
|-damage|p2a: Regidrago|0 fnt
|faint|p2a: Regidrago
|-damage|p1a: Zamazenta|0 fnt|[from] Recoil
|faint|p1a: Zamazenta
|
|upkeep
|
|t:|1769293512
|switch|p1a: Arcanine|Arcanine-Hisui, F|100/100
|switch|p2a: Ceruledge|Ceruledge, F|37/100
|-activate|p1a: Arcanine|move: Sticky Web
|-unboost|p1a: Arcanine|spe|1
|turn|12
|
|t:|1769293518
|move|p2a: Ceruledge|Brick Break|p1a: Arcanine
|-supereffective|p1a: Arcanine
|-damage|p1a: Arcanine|35/100
|move|p1a: Arcanine|Head Smash|p2a: Ceruledge
|-supereffective|p2a: Ceruledge
|-damage|p2a: Ceruledge|0 fnt
|faint|p2a: Ceruledge
|
|upkeep
|
|t:|1769293530
|switch|p2a: Cacturne|Cacturne, M|100/100
|turn|13
|
|t:|1769293536
|switch|p1a: Moltres|Moltres-Galar|100/100
|move|p2a: Cacturne|Seed Bomb|p1a: Moltres
|-resisted|p1a: Moltres
|-damage|p1a: Moltres|67/100
|-damage|p2a: Cacturne|91/100|[from] item: Life Orb
|
|-heal|p1a: Moltres|73/100|[from] item: Leftovers
|upkeep
|turn|14
|
|t:|1769293551
|move|p1a: Moltres|Nasty Plot|p1a: Moltres
|-boost|p1a: Moltres|spa|2
|move|p2a: Cacturne|Trailblaze|p1a: Moltres
|-resisted|p1a: Moltres
|-damage|p1a: Moltres|55/100
|-boost|p2a: Cacturne|spe|1
|-damage|p2a: Cacturne|81/100|[from] item: Life Orb
|
|-heal|p1a: Moltres|61/100|[from] item: Leftovers
|upkeep
|turn|15
|
|t:|1769293558
|move|p2a: Cacturne|Seed Bomb|p1a: Moltres
|-resisted|p1a: Moltres
|-damage|p1a: Moltres|29/100
|-ability|p1a: Moltres|Berserk|boost
|-boost|p1a: Moltres|spa|1
|-damage|p2a: Cacturne|71/100|[from] item: Life Orb
|move|p1a: Moltres|Air Slash|p2a: Cacturne
|-supereffective|p2a: Cacturne
|-damage|p2a: Cacturne|0 fnt
|faint|p2a: Cacturne
|
|-heal|p1a: Moltres|35/100|[from] item: Leftovers
|upkeep
|
|t:|1769293571
|switch|p2a: Spidops|Spidops, F|66/100
|turn|16
|
|t:|1769293575
|move|p1a: Moltres|Air Slash|p2a: Spidops
|-supereffective|p2a: Spidops
|-damage|p2a: Spidops|0 fnt
|faint|p2a: Spidops
|
|-heal|p1a: Moltres|42/100|[from] item: Leftovers
|upkeep
|
|t:|1769293578
|switch|p2a: Furret|Furret, M|100/100
|-item|p1a: Moltres|Leftovers|[from] ability: Frisk|[of] p2a: Furret
|turn|17
|
|t:|1769293582
|move|p1a: Moltres|Fiery Wrath|p2a: Furret
|-damage|p2a: Furret|0 fnt
|faint|p2a: Furret
|
|win|HamzaCrazykid
|raw|HamzaCrazykid's rating: 1093 &rarr; <strong>1121</strong><br />(+28 for winning)
|raw|xail44's rating: 1122 &rarr; <strong>1095</strong><br />(-27 for losing)
|l|☆xail44
|player|p2|
|c|☆HamzaCrazykid|ggg
|l|☆HamzaCrazykid
|player|p1|
