|j|☆GabrielaVitoria016
|j|☆SoMuchDavid
|t:|1769341543
|gametype|singles
|player|p1|GabrielaVitoria016|102|1260
|player|p2|SoMuchDavid|2|1316
|gen|9
|tier|[Gen 9] OU
|rated|
|rule|HP Percentage Mod: HP is shown in percentages
|rule|Endless Battle Clause: Forcing endless battles is banned
|rule|Species Clause: Limit one of each Pokémon
|rule|OHKO Clause: OHKO moves are banned
|rule|Evasion Items Clause: Evasion items are banned
|rule|Evasion Moves Clause: Evasion moves are banned
|rule|Evasion Abilities Clause: Evasion abilities are banned
|rule|Sleep Moves Clause: Sleep-inducing moves are banned
|clearpoke
|poke|p1|Kingambit, M|
|poke|p1|Great Tusk|
|poke|p1|Darkrai|
|poke|p1|Garganacl, F|
|poke|p1|Iron Valiant|
|poke|p1|Slowking-Galar, M|
|poke|p2|Tyranitar, M|
|poke|p2|Excadrill, F|
|poke|p2|Latias, F|
|poke|p2|Ogerpon-Wellspring, F|
|poke|p2|Slowking-Galar, M|
|poke|p2|Tornadus-Therian, M|
|teampreview
|inactive|Battle timer is ON: inactive players will automatically lose when time's up. (requested by GabrielaVitoria016)
|inactive|SoMuchDavid has 120 seconds left.
|
|t:|1769341589
|teamsize|p1|6
|teamsize|p2|6
|start
|switch|p1a: Cloreto de Sódio|Garganacl, F, shiny|100/100
|switch|p2a: Ogerpon|Ogerpon-Wellspring, F|100/100
|turn|1
|
|t:|1769341598
|move|p2a: Ogerpon|Swords Dance|p2a: Ogerpon
|-boost|p2a: Ogerpon|atk|2
|move|p1a: Cloreto de Sódio|Salt Cure|p2a: Ogerpon
|-damage|p2a: Ogerpon|83/100
|-start|p2a: Ogerpon|Salt Cure
|
|-damage|p2a: Ogerpon|58/100|[from] Salt Cure
|upkeep
|turn|2
|
|t:|1769341604
|move|p1a: Cloreto de Sódio|Protect|p1a: Cloreto de Sódio
|-singleturn|p1a: Cloreto de Sódio|Protect
|move|p2a: Ogerpon|Ivy Cudgel|p1a: Cloreto de Sódio|[anim] Ivy Cudgel Water
|-activate|p1a: Cloreto de Sódio|move: Protect
|
|-damage|p2a: Ogerpon|33/100|[from] Salt Cure
|upkeep
|turn|3
|
|t:|1769341608
|switch|p1a: Slowking|Slowking-Galar, M|100/100
|move|p2a: Ogerpon|Ivy Cudgel|p1a: Slowking|[anim] Ivy Cudgel Water
|-damage|p1a: Slowking|0 fnt
|faint|p1a: Slowking
|
|-damage|p2a: Ogerpon|8/100|[from] Salt Cure
|upkeep
|
|t:|1769341610
|switch|p1a: Cloreto de Sódio|Garganacl, F, shiny|100/100
|turn|4
|
|t:|1769341618
|switch|p2a: Excadrill|Excadrill, F|100/100
|move|p1a: Cloreto de Sódio|Protect||[still]
|-fail|p1a: Cloreto de Sódio
|
|upkeep
|turn|5
|
|t:|1769341624
|switch|p1a: Darkrai|Darkrai|100/100
|move|p2a: Excadrill|Substitute|p2a: Excadrill
|-start|p2a: Excadrill|Substitute
|-damage|p2a: Excadrill|76/100
|
|-heal|p2a: Excadrill|82/100|[from] item: Leftovers
|upkeep
|turn|6
|
|t:|1769341636
|move|p1a: Darkrai|Ice Beam|p2a: Excadrill
|-end|p2a: Excadrill|Substitute
|-damage|p1a: Darkrai|91/100|[from] item: Life Orb
|move|p2a: Excadrill|Earthquake|p1a: Darkrai
|-crit|p1a: Darkrai
|-damage|p1a: Darkrai|0 fnt
|faint|p1a: Darkrai
|
|-heal|p2a: Excadrill|88/100|[from] item: Leftovers
|upkeep
|
|t:|1769341651
|switch|p1a: Cloreto de Sódio|Garganacl, F, shiny|100/100
|turn|7
|
|t:|1769341655
|move|p2a: Excadrill|Substitute|p2a: Excadrill
|-start|p2a: Excadrill|Substitute
|-damage|p2a: Excadrill|63/100
|move|p1a: Cloreto de Sódio|Salt Cure|p2a: Excadrill
|-resisted|p2a: Excadrill
|-activate|p2a: Excadrill|move: Substitute|[damage]
|
|-heal|p2a: Excadrill|69/100|[from] item: Leftovers
|upkeep
|turn|8
|
|t:|1769341666
|-terastallize|p2a: Excadrill|Ground
|move|p2a: Excadrill|Earthquake|p1a: Cloreto de Sódio
|-supereffective|p1a: Cloreto de Sódio
|-damage|p1a: Cloreto de Sódio|0 fnt
|faint|p1a: Cloreto de Sódio
|
|-heal|p2a: Excadrill|75/100|[from] item: Leftovers
|upkeep
|
|t:|1769341674
|switch|p1a: Fang|Great Tusk, shiny|100/100
|turn|9
|
|t:|1769341678
|move|p1a: Fang|Ice Spinner|p2a: Excadrill
|-supereffective|p2a: Excadrill
|-end|p2a: Excadrill|Substitute
|move|p2a: Excadrill|Earthquake|p1a: Fang
|-damage|p1a: Fang|38/100
|
|-heal|p2a: Excadrill|81/100|[from] item: Leftovers
|upkeep
|turn|10
|
|t:|1769341686
|switch|p2a: Tyranitar|Tyranitar, M|100/100
|-weather|Sandstorm|[from] ability: Sand Stream|[of] p2a: Tyranitar
|move|p1a: Fang|Ice Spinner|p2a: Tyranitar
|-damage|p2a: Tyranitar|80/100
|
|-weather|Sandstorm|[upkeep]
|upkeep
|turn|11
|
|t:|1769341689
|move|p1a: Fang|Ice Spinner|p2a: Tyranitar
|-damage|p2a: Tyranitar|60/100
|move|p2a: Tyranitar|Ice Beam|p1a: Fang
|-supereffective|p1a: Fang
|-damage|p1a: Fang|0 fnt
|faint|p1a: Fang
|-end|p1a: Fang|Protosynthesis|[silent]
|
|-weather|Sandstorm|[upkeep]
|upkeep
|
|t:|1769341694
|switch|p1a: Iron Valiant|Iron Valiant, shiny|100/100
|-enditem|p1a: Iron Valiant|Booster Energy
|-activate|p1a: Iron Valiant|ability: Quark Drive|[fromitem]
|-start|p1a: Iron Valiant|quarkdrivespe
|turn|12
|
|t:|1769341711
|switch|p2a: Ogerpon|Ogerpon-Wellspring, F|8/100
|move|p1a: Iron Valiant|Moonblast|p2a: Ogerpon
|-damage|p2a: Ogerpon|0 fnt
|faint|p2a: Ogerpon
|
|-weather|Sandstorm|[upkeep]
|-damage|p1a: Iron Valiant|94/100|[from] Sandstorm
|upkeep
|
|t:|1769341715
|switch|p2a: Excadrill|Excadrill, F, tera:Ground|81/100
|turn|13
|
|t:|1769341722
|move|p2a: Excadrill|Earthquake|p1a: Iron Valiant
|-damage|p1a: Iron Valiant|0 fnt
|faint|p1a: Iron Valiant
|-end|p1a: Iron Valiant|Quark Drive|[silent]
|
|-weather|Sandstorm|[upkeep]
|-heal|p2a: Excadrill|87/100|[from] item: Leftovers
|upkeep
|
|t:|1769341724
|switch|p1a: THE GOAT|Kingambit, M, shiny|100/100
|-activate|p1a: THE GOAT|ability: Supreme Overlord
|-start|p1a: THE GOAT|fallen5|[silent]
|turn|14
|
|t:|1769341729
|-terastallize|p1a: THE GOAT|Flying
|move|p2a: Excadrill|Substitute|p2a: Excadrill
|-start|p2a: Excadrill|Substitute
|-damage|p2a: Excadrill|62/100
|move|p1a: THE GOAT|Tera Blast|p2a: Excadrill|[anim] Tera Blast Flying
|-end|p2a: Excadrill|Substitute
|
|-weather|Sandstorm|[upkeep]
|-damage|p1a: THE GOAT|94/100|[from] Sandstorm
|-heal|p2a: Excadrill|68/100|[from] item: Leftovers
|upkeep
|turn|15
|
|t:|1769341736
|move|p2a: Excadrill|Rock Slide|p1a: THE GOAT
|-supereffective|p1a: THE GOAT
|-damage|p1a: THE GOAT|50/100
|cant|p1a: THE GOAT|flinch
|
|-weather|Sandstorm|[upkeep]
|-damage|p1a: THE GOAT|44/100|[from] Sandstorm
|-heal|p2a: Excadrill|74/100|[from] item: Leftovers
|upkeep
|turn|16
|
|t:|1769341741
|move|p1a: THE GOAT|Sucker Punch||[still]
|-fail|p1a: THE GOAT
|move|p2a: Excadrill|Substitute|p2a: Excadrill
|-start|p2a: Excadrill|Substitute
|-damage|p2a: Excadrill|50/100
|
|-weather|Sandstorm|[upkeep]
|-damage|p1a: THE GOAT|37/100|[from] Sandstorm
|-heal|p2a: Excadrill|56/100|[from] item: Leftovers
|upkeep
|turn|17
|-message|GabrielaVitoria016 forfeited.
|
|win|SoMuchDavid
|raw|GabrielaVitoria016's rating: 1260 &rarr; <strong>1239</strong><br />(-21 for losing)
|raw|SoMuchDavid's rating: 1316 &rarr; <strong>1333</strong><br />(+17 for winning)
|l|☆GabrielaVitoria016
|player|p1|
