|j|☆1colour
|j|☆ridlostar
|t:|1769369342
|gametype|singles
|player|p1|1colour|parasollady|1616
|player|p2|ridlostar|hilbert|1667
|gen|9
|tier|[Gen 9] OU
|rated|
|rule|HP Percentage Mod: HP is shown in percentages
|rule|Endless Battle Clause: Forcing endless battles is banned
|rule|Species Clause: Limit one of each Pokémon
|rule|OHKO Clause: OHKO moves are banned
|rule|Evasion Items Clause: Evasion items are banned
|rule|Evasion Moves Clause: Evasion moves are banned
|rule|Evasion Abilities Clause: Evasion abilities are banned
|rule|Sleep Moves Clause: Sleep-inducing moves are banned
|clearpoke
|poke|p1|Dragapult, F|
|poke|p1|Greninja-*, F|
|poke|p1|Slowking-Galar, F|
|poke|p1|Chandelure, F|
|poke|p1|Corviknight, M|
|poke|p1|Iron Jugulis|
|poke|p2|Toedscruel, M|
|poke|p2|Darkrai|
|poke|p2|Cresselia, F|
|poke|p2|Clodsire, M|
|poke|p2|Dragonite, M|
|poke|p2|Alomomola, F|
|teampreview
|inactive|Battle timer is ON: inactive players will automatically lose when time's up. (requested by ridlostar)
|c|☆1colour|dangerous team
|
|t:|1769369382
|teamsize|p1|6
|teamsize|p2|6
|start
|switch|p1a: Dragapult|Dragapult, F|100/100
|switch|p2a: Fair and Balanced|Alomomola, F|100/100
|turn|1
|c|☆ridlostar|It's always the weird ones
|inactive|ridlostar has 120 seconds left.
|
|t:|1769369413
|move|p1a: Dragapult|Will-O-Wisp|p2a: Fair and Balanced
|-status|p2a: Fair and Balanced|brn
|move|p2a: Fair and Balanced|Flip Turn|p1a: Dragapult
|-resisted|p1a: Dragapult
|-damage|p1a: Dragapult|95/100
|inactive|ridlostar has 120 seconds left.
|
|t:|1769369427
|switch|p2a: Keanu Reeves|Darkrai|100/100|[from] Flip Turn
|
|upkeep
|turn|2
|
|t:|1769369438
|switch|p1a: Iron Jugulis|Iron Jugulis|100/100
|-enditem|p1a: Iron Jugulis|Booster Energy
|-activate|p1a: Iron Jugulis|ability: Quark Drive|[fromitem]
|-start|p1a: Iron Jugulis|quarkdrivespe
|move|p2a: Keanu Reeves|Knock Off|p1a: Iron Jugulis
|-resisted|p1a: Iron Jugulis
|-damage|p1a: Iron Jugulis|85/100
|
|upkeep
|turn|3
|
|t:|1769369443
|switch|p2a: Big Man|Clodsire, M|100/100
|move|p1a: Iron Jugulis|Air Slash|p2a: Big Man
|-damage|p2a: Big Man|74/100
|
|-heal|p2a: Big Man|80/100|[from] item: Leftovers
|upkeep
|turn|4
|
|t:|1769369448
|move|p1a: Iron Jugulis|Substitute|p1a: Iron Jugulis
|-start|p1a: Iron Jugulis|Substitute
|-damage|p1a: Iron Jugulis|60/100
|move|p2a: Big Man|Stockpile|p2a: Big Man
|-start|p2a: Big Man|stockpile1
|-boost|p2a: Big Man|def|1
|-boost|p2a: Big Man|spd|1
|
|-heal|p2a: Big Man|86/100|[from] item: Leftovers
|upkeep
|turn|5
|
|t:|1769369455
|switch|p2a: Fair and Balanced|Alomomola, F|100/100 brn
|move|p1a: Iron Jugulis|Flamethrower|p2a: Fair and Balanced
|-resisted|p2a: Fair and Balanced
|-damage|p2a: Fair and Balanced|89/100 brn
|
|-damage|p2a: Fair and Balanced|83/100 brn|[from] brn
|upkeep
|turn|6
|
|t:|1769369457
|move|p1a: Iron Jugulis|Dark Pulse|p2a: Fair and Balanced
|-damage|p2a: Fair and Balanced|53/100 brn
|move|p2a: Fair and Balanced|Flip Turn|p1a: Iron Jugulis
|-activate|p1a: Iron Jugulis|move: Substitute|[damage]
|
|t:|1769369472
|switch|p2a: him|Dragonite, M|100/100|[from] Flip Turn
|
|upkeep
|turn|7
|
|t:|1769369474
|move|p1a: Iron Jugulis|Dark Pulse|p2a: him
|-damage|p2a: him|79/100
|move|p2a: him|Dragon Dance|p2a: him
|-boost|p2a: him|atk|1
|-boost|p2a: him|spe|1
|
|-heal|p2a: him|85/100|[from] item: Leftovers
|upkeep
|turn|8
|
|t:|1769369485
|move|p1a: Iron Jugulis|Dark Pulse|p2a: him
|-damage|p2a: him|42/100
|cant|p2a: him|flinch
|
|-heal|p2a: him|48/100|[from] item: Leftovers
|upkeep
|turn|9
|
|t:|1769369491
|move|p1a: Iron Jugulis|Dark Pulse|p2a: him
|-damage|p2a: him|7/100
|move|p2a: him|Dragon Dance|p2a: him
|-boost|p2a: him|atk|1
|-boost|p2a: him|spe|1
|
|-heal|p2a: him|13/100|[from] item: Leftovers
|upkeep
|turn|10
|
|t:|1769369496
|move|p2a: him|Roost|p2a: him
|-heal|p2a: him|63/100
|-singleturn|p2a: him|move: Roost
|move|p1a: Iron Jugulis|Dark Pulse|p2a: him
|-damage|p2a: him|21/100
|
|-heal|p2a: him|27/100|[from] item: Leftovers
|upkeep
|turn|11
|
|t:|1769369505
|-terastallize|p1a: Iron Jugulis|Dark
|move|p2a: him|Roost|p2a: him
|-heal|p2a: him|77/100
|-singleturn|p2a: him|move: Roost
|move|p1a: Iron Jugulis|Dark Pulse|p2a: him
|-damage|p2a: him|20/100
|
|-heal|p2a: him|26/100|[from] item: Leftovers
|upkeep
|turn|12
|c|☆1colour|not fairy
|
|t:|1769369530
|move|p2a: him|Roost|p2a: him
|-heal|p2a: him|76/100
|-singleturn|p2a: him|move: Roost
|move|p1a: Iron Jugulis|Dark Pulse|p2a: him
|-damage|p2a: him|17/100
|
|-heal|p2a: him|23/100|[from] item: Leftovers
|upkeep
|turn|13
|c|☆1colour|fire I thinl
|inactive|ridlostar has 120 seconds left.
|c|☆1colour|or electric
|
|t:|1769369556
|switch|p2a: Big Man|Clodsire, M|86/100
|move|p1a: Iron Jugulis|Dark Pulse|p2a: Big Man
|-damage|p2a: Big Man|44/100
|
|-heal|p2a: Big Man|50/100|[from] item: Leftovers
|upkeep
|turn|14
|
|t:|1769369562
|move|p1a: Iron Jugulis|Dark Pulse|p2a: Big Man
|-damage|p2a: Big Man|13/100
|move|p2a: Big Man|Recover|p2a: Big Man
|-heal|p2a: Big Man|63/100
|
|-heal|p2a: Big Man|69/100|[from] item: Leftovers
|upkeep
|turn|15
|
|t:|1769369567
|move|p1a: Iron Jugulis|Dark Pulse|p2a: Big Man
|-damage|p2a: Big Man|29/100
|cant|p2a: Big Man|flinch
|
|-heal|p2a: Big Man|35/100|[from] item: Leftovers
|upkeep
|turn|16
|
|t:|1769369582
|switch|p2a: Fair and Balanced|Alomomola, F|86/100 brn
|move|p1a: Iron Jugulis|Dark Pulse|p2a: Fair and Balanced
|-damage|p2a: Fair and Balanced|43/100 brn
|
|-damage|p2a: Fair and Balanced|37/100 brn|[from] brn
|upkeep
|turn|17
|
|t:|1769369589
|switch|p2a: Squidward?|Toedscruel, M|100/100
|move|p1a: Iron Jugulis|Dark Pulse|p2a: Squidward?
|-damage|p2a: Squidward?|55/100
|
|upkeep
|turn|18
|
|t:|1769369596
|move|p1a: Iron Jugulis|Air Slash|p2a: Squidward?
|-supereffective|p2a: Squidward?
|-damage|p2a: Squidward?|0 fnt
|faint|p2a: Squidward?
|
|upkeep
|
|t:|1769369611
|switch|p2a: Keanu Reeves|Darkrai|100/100
|turn|19
|
|t:|1769369615
|move|p1a: Iron Jugulis|Air Slash|p2a: Keanu Reeves
|-damage|p2a: Keanu Reeves|48/100
|cant|p2a: Keanu Reeves|flinch
|
|upkeep
|turn|20
|
|t:|1769369626
|move|p1a: Iron Jugulis|Air Slash|p2a: Keanu Reeves
|-damage|p2a: Keanu Reeves|0 fnt
|faint|p2a: Keanu Reeves
|
|upkeep
|
|t:|1769369628
|switch|p2a: Fair and Balanced|Alomomola, F|71/100 brn
|turn|21
|
|t:|1769369631
|move|p1a: Iron Jugulis|Dark Pulse|p2a: Fair and Balanced
|-damage|p2a: Fair and Balanced|32/100 brn
|move|p2a: Fair and Balanced|Healing Wish|p2a: Fair and Balanced
|faint|p2a: Fair and Balanced
|
|upkeep
|
|t:|1769369643
|switch|p2a: why|Cresselia, F, shiny|100/100
|turn|22
|c|☆1colour|!dt dark pulse
|c|☆1colour|/raw <ul class="utilichart"><li class="result"><span class="col movenamecol"><a href="https://dex.pokemonshowdown.com/moves/darkpulse">Dark Pulse</a></span> <span class="col typecol"><img src="//play.pokemonshowdown.com/sprites/types/Dark.png" alt="Dark" width="32" height="14"><img src="//play.pokemonshowdown.com/sprites/categories/Special.png" alt="Special" width="32" height="14"></span> <span class="col labelcol"><em>Power</em><br>80</span> <span class="col widelabelcol"><em>Accuracy</em><br>100%</span> <span class="col pplabelcol"><em>PP</em><br>24</span> <span class="col movedesccol">20% chance to make the target flinch.</span> </li><li style="clear:both"></li></ul>
|c|☆1colour|/raw <font size="1"><font color="#686868">Priority:</font> 0&nbsp;|&ThickSpace;<font color="#686868">Gen:</font> 4&nbsp;|&ThickSpace;&#10003; Boosted by Sheer Force&nbsp;|&ThickSpace;&#10003; Pulse&nbsp;|&ThickSpace;<font color="#686868">Z-Power:</font> 160&nbsp;|&ThickSpace;<font color="#686868">Target:</font> Any Pokémon</font>

|c|☆1colour|!dt air slash
|c|☆1colour|/raw <ul class="utilichart"><li class="result"><span class="col movenamecol"><a href="https://dex.pokemonshowdown.com/moves/airslash">Air Slash</a></span> <span class="col typecol"><img src="//play.pokemonshowdown.com/sprites/types/Flying.png" alt="Flying" width="32" height="14"><img src="//play.pokemonshowdown.com/sprites/categories/Special.png" alt="Special" width="32" height="14"></span> <span class="col labelcol"><em>Power</em><br>75</span> <span class="col widelabelcol"><em>Accuracy</em><br>95%</span> <span class="col pplabelcol"><em>PP</em><br>24</span> <span class="col movedesccol">30% chance to make the target flinch.</span> </li><li style="clear:both"></li></ul>
|c|☆1colour|/raw <font size="1"><font color="#686868">Priority:</font> 0&nbsp;|&ThickSpace;<font color="#686868">Gen:</font> 4&nbsp;|&ThickSpace;&#10003; Boosted by Sheer Force&nbsp;|&ThickSpace;&#10003; Slicing move&nbsp;|&ThickSpace;<font color="#686868">Z-Power:</font> 140&nbsp;|&ThickSpace;<font color="#686868">Target:</font> Any Pokémon</font>

|
|t:|1769369657
|-terastallize|p2a: why|Poison
|move|p1a: Iron Jugulis|Dark Pulse|p2a: why
|-damage|p2a: why|65/100
|move|p2a: why|Calm Mind|p2a: why
|-boost|p2a: why|spa|1
|-boost|p2a: why|spd|1
|
|-heal|p2a: why|71/100|[from] item: Leftovers
|upkeep
|turn|23
|
|t:|1769369666
|-end|p1a: Iron Jugulis|Quark Drive|[silent]
|switch|p1a: Chandelure|Chandelure, F|100/100
|move|p2a: why|Moonlight|p2a: why
|-heal|p2a: why|100/100
|
|upkeep
|turn|24
|
|t:|1769369670
|switch|p2a: him|Dragonite, M|23/100
|-heal|p2a: him|100/100|[from] move: Healing Wish
|move|p1a: Chandelure|Trick|p2a: him
|-activate|p1a: Chandelure|move: Trick|[of] p2a: him
|-item|p2a: him|Choice Scarf|[from] move: Trick
|-item|p1a: Chandelure|Leftovers|[from] move: Trick
|
|upkeep
|turn|25
|
|t:|1769369676
|move|p2a: him|Outrage|p1a: Chandelure
|-damage|p1a: Chandelure|9/100
|move|p1a: Chandelure|Will-O-Wisp|p2a: him
|-status|p2a: him|brn
|
|-heal|p1a: Chandelure|15/100|[from] item: Leftovers
|-damage|p2a: him|94/100 brn|[from] brn
|upkeep
|turn|26
|
|t:|1769369688
|switch|p1a: Corviknight|Corviknight, M|100/100
|-ability|p1a: Corviknight|Pressure
|move|p2a: him|Outrage|p1a: Corviknight|[from] lockedmove
|-resisted|p1a: Corviknight
|-damage|p1a: Corviknight|90/100
|-damage|p2a: him|78/100 brn|[from] item: Rocky Helmet|[of] p1a: Corviknight
|
|-damage|p2a: him|72/100 brn|[from] brn
|upkeep
|turn|27
|
|t:|1769369698
|move|p2a: him|Outrage|p1a: Corviknight|[from] lockedmove
|-resisted|p1a: Corviknight
|-damage|p1a: Corviknight|80/100
|-damage|p2a: him|55/100 brn|[from] item: Rocky Helmet|[of] p1a: Corviknight
|-start|p2a: him|confusion|[fatigue]
|move|p1a: Corviknight|U-turn|p2a: him
|-resisted|p2a: him
|-crit|p2a: him
|-damage|p2a: him|43/100 brn
|
|t:|1769369706
|switch|p1a: Slowking|Slowking-Galar, F|100/100|[from] U-turn
|
|-damage|p2a: him|37/100 brn|[from] brn
|upkeep
|turn|28
|
|t:|1769369711
|-activate|p2a: him|confusion
|move|p2a: him|Outrage|p1a: Slowking
|-damage|p1a: Slowking|69/100
|move|p1a: Slowking|Psychic Noise|p2a: him
|-damage|p2a: him|6/100 brn
|-start|p2a: him|move: Heal Block
|
|-damage|p2a: him|0 fnt|[from] brn
|faint|p2a: him
|upkeep
|
|t:|1769369716
|switch|p2a: why|Cresselia, F, shiny, tera:Poison|100/100
|turn|29
|
|t:|1769369719
|move|p2a: why|Calm Mind|p2a: why
|-boost|p2a: why|spa|1
|-boost|p2a: why|spd|1
|move|p1a: Slowking|Thunder Wave|p2a: why|[miss]
|-miss|p1a: Slowking|p2a: why
|
|upkeep
|turn|30
|
|t:|1769369732
|move|p2a: why|Calm Mind|p2a: why
|-boost|p2a: why|spa|1
|-boost|p2a: why|spd|1
|move|p1a: Slowking|Thunder Wave|p2a: why
|-status|p2a: why|par
|
|upkeep
|turn|31
|
|t:|1769369735
|cant|p2a: why|par
|move|p1a: Slowking|Psychic Noise|p2a: why
|-supereffective|p2a: why
|-damage|p2a: why|82/100 par
|-start|p2a: why|move: Heal Block
|
|upkeep
|turn|32
|
|t:|1769369737
|move|p2a: why|Calm Mind|p2a: why
|-boost|p2a: why|spa|1
|-boost|p2a: why|spd|1
|move|p1a: Slowking|Psychic Noise|p2a: why
|-supereffective|p2a: why
|-damage|p2a: why|68/100 par
|
|-end|p2a: why|move: Heal Block
|upkeep
|turn|33
|
|t:|1769369746
|cant|p2a: why|par
|move|p1a: Slowking|Psychic Noise|p2a: why
|-supereffective|p2a: why
|-damage|p2a: why|52/100 par
|-start|p2a: why|move: Heal Block
|
|upkeep
|turn|34
|
|t:|1769369763
|move|p2a: why|Calm Mind|p2a: why
|-boost|p2a: why|spa|1
|-boost|p2a: why|spd|1
|-prepare|p1a: Slowking|Chilly Reception|[premajor]
|move|p1a: Slowking|Chilly Reception|p1a: Slowking
|-weather|Snowscape
|
|t:|1769369769
|switch|p1a: Dragapult|Dragapult, F|95/100|[from] Chilly Reception
|
|-weather|Snowscape|[upkeep]
|-end|p2a: why|move: Heal Block
|upkeep
|turn|35
|
|t:|1769369773
|move|p1a: Dragapult|Dragon Darts|p2a: why
|-damage|p2a: why|34/100 par
|-anim|p1a: Dragapult|Dragon Darts|p2a: why
|-damage|p2a: why|14/100 par
|move|p2a: why|Moonlight|p2a: why
|-heal|p2a: why|39/100 par
|
|-weather|Snowscape|[upkeep]
|-heal|p2a: why|45/100 par|[from] item: Leftovers
|upkeep
|turn|36
|
|t:|1769369786
|move|p1a: Dragapult|Dragon Darts|p2a: why
|-damage|p2a: why|26/100 par
|-anim|p1a: Dragapult|Dragon Darts|p2a: why
|-damage|p2a: why|6/100 par
|cant|p2a: why|par
|
|-weather|Snowscape|[upkeep]
|-heal|p2a: why|12/100 par|[from] item: Leftovers
|upkeep
|turn|37
|-message|ridlostar forfeited.
|
|win|1colour
|raw|1colour's rating: 1616 &rarr; <strong>1639</strong><br />(+23 for winning)
|raw|ridlostar's rating: 1667 &rarr; <strong>1644</strong><br />(-23 for losing)
|l|☆ridlostar
|player|p2|
