|j|☆mmdfgm
|j|☆kaed3n 12
|t:|1769312330
|gametype|singles
|player|p1|mmdfgm|blue|1087
|player|p2|kaed3n 12|plasmagrunt-gen5bw|1100
|gen|9
|tier|[Gen 9] OU
|rated|
|rule|HP Percentage Mod: HP is shown in percentages
|rule|Endless Battle Clause: Forcing endless battles is banned
|rule|Species Clause: Limit one of each Pokémon
|rule|OHKO Clause: OHKO moves are banned
|rule|Evasion Items Clause: Evasion items are banned
|rule|Evasion Moves Clause: Evasion moves are banned
|rule|Evasion Abilities Clause: Evasion abilities are banned
|rule|Sleep Moves Clause: Sleep-inducing moves are banned
|clearpoke
|poke|p1|Hariyama, M|
|poke|p1|Electrode-Hisui|
|poke|p1|Volcanion|
|poke|p1|Heatran, F|
|poke|p1|Quaquaval, F|
|poke|p1|Blaziken, M|
|poke|p2|Ninetales, F|
|poke|p2|Exeggutor, F|
|poke|p2|Serperior, M|
|poke|p2|Leavanny, M|
|poke|p2|Corviknight, F|
|poke|p2|Ursaluna, M|
|teampreview
|inactive|Battle timer is ON: inactive players will automatically lose when time's up. (requested by kaed3n 12)
|
|t:|1769312347
|teamsize|p1|6
|teamsize|p2|6
|start
|switch|p1a: Blaziken|Blaziken, M|100/100
|switch|p2a: Ursaluna|Ursaluna, M|100/100
|turn|1
|
|t:|1769312362
|move|p1a: Blaziken|Protect|p1a: Blaziken
|-singleturn|p1a: Blaziken|Protect
|move|p2a: Ursaluna|Headlong Rush|p1a: Blaziken
|-activate|p1a: Blaziken|move: Protect
|
|-ability|p1a: Blaziken|Speed Boost|boost
|-boost|p1a: Blaziken|spe|1
|-status|p2a: Ursaluna|brn|[from] item: Flame Orb
|upkeep
|turn|2
|
|t:|1769312374
|move|p1a: Blaziken|Close Combat|p2a: Ursaluna
|-supereffective|p2a: Ursaluna
|-damage|p2a: Ursaluna|25/100 brn
|-unboost|p1a: Blaziken|def|1
|-unboost|p1a: Blaziken|spd|1
|move|p2a: Ursaluna|Headlong Rush|p1a: Blaziken
|-supereffective|p1a: Blaziken
|-damage|p1a: Blaziken|0 fnt
|-unboost|p2a: Ursaluna|def|1
|-unboost|p2a: Ursaluna|spd|1
|faint|p1a: Blaziken
|
|-damage|p2a: Ursaluna|19/100 brn|[from] brn
|upkeep
|
|t:|1769312385
|switch|p1a: Hariyama|Hariyama, M|100/100
|turn|3
|
|t:|1769312392
|move|p1a: Hariyama|Belly Drum|p1a: Hariyama
|-damage|p1a: Hariyama|50/100
|-setboost|p1a: Hariyama|atk|6|[from] move: Belly Drum
|-enditem|p1a: Hariyama|Sitrus Berry|[eat]
|-heal|p1a: Hariyama|75/100|[from] item: Sitrus Berry
|move|p2a: Ursaluna|Headlong Rush|p1a: Hariyama
|-damage|p1a: Hariyama|0 fnt
|-unboost|p2a: Ursaluna|def|1
|-unboost|p2a: Ursaluna|spd|1
|faint|p1a: Hariyama
|
|-damage|p2a: Ursaluna|13/100 brn|[from] brn
|upkeep
|
|t:|1769312398
|switch|p1a: Quaquaval|Quaquaval, F|100/100
|turn|4
|
|t:|1769312409
|move|p1a: Quaquaval|Aqua Step|p2a: Ursaluna
|-supereffective|p2a: Ursaluna
|-damage|p2a: Ursaluna|0 fnt
|-boost|p1a: Quaquaval|spe|1
|faint|p2a: Ursaluna
|-ability|p1a: Quaquaval|Moxie|boost
|-boost|p1a: Quaquaval|atk|1
|
|upkeep
|
|t:|1769312419
|switch|p2a: Serperior|Serperior, M, shiny|100/100
|turn|5
|
|t:|1769312423
|move|p1a: Quaquaval|Close Combat|p2a: Serperior
|-damage|p2a: Serperior|0 fnt
|-unboost|p1a: Quaquaval|def|1
|-unboost|p1a: Quaquaval|spd|1
|faint|p2a: Serperior
|-ability|p1a: Quaquaval|Moxie|boost
|-boost|p1a: Quaquaval|atk|1
|
|upkeep
|
|t:|1769312432
|switch|p2a: Ninetales|Ninetales, F|100/100
|-weather|SunnyDay|[from] ability: Drought|[of] p2a: Ninetales
|turn|6
|
|t:|1769312439
|-terastallize|p2a: Ninetales|Grass
|move|p1a: Quaquaval|Aqua Step|p2a: Ninetales
|-resisted|p2a: Ninetales
|-damage|p2a: Ninetales|71/100
|-boost|p1a: Quaquaval|spe|1
|move|p2a: Ninetales|Solar Beam||[still]
|-prepare|p2a: Ninetales|Solar Beam
|-anim|p2a: Ninetales|Solar Beam|p1a: Quaquaval
|-supereffective|p1a: Quaquaval
|-damage|p1a: Quaquaval|0 fnt
|faint|p1a: Quaquaval
|
|-weather|SunnyDay|[upkeep]
|upkeep
|
|t:|1769312445
|switch|p1a: Heatran|Heatran, F|100/100
|turn|7
|
|t:|1769312458
|move|p2a: Ninetales|Scorching Sands|p1a: Heatran
|-supereffective|p1a: Heatran
|-damage|p1a: Heatran|57/100
|move|p1a: Heatran|Flamethrower|p2a: Ninetales
|-supereffective|p2a: Ninetales
|-damage|p2a: Ninetales|0 fnt
|faint|p2a: Ninetales
|
|-weather|SunnyDay|[upkeep]
|upkeep
|
|t:|1769312469
|switch|p2a: Leavanny|Leavanny, M|100/100
|turn|8
|
|t:|1769312476
|move|p2a: Leavanny|Knock Off|p1a: Heatran
|-damage|p1a: Heatran|25/100
|-enditem|p1a: Heatran|Assault Vest|[from] move: Knock Off|[of] p2a: Leavanny
|-damage|p2a: Leavanny|91/100|[from] item: Life Orb
|move|p1a: Heatran|Flamethrower|p2a: Leavanny
|-supereffective|p2a: Leavanny
|-damage|p2a: Leavanny|0 fnt
|faint|p2a: Leavanny
|
|-weather|SunnyDay|[upkeep]
|upkeep
|
|t:|1769312487
|switch|p2a: Exeggutor|Exeggutor, F|100/100
|turn|9
|
|t:|1769312492
|move|p2a: Exeggutor|Psychic|p1a: Heatran
|-resisted|p1a: Heatran
|-damage|p1a: Heatran|9/100
|move|p1a: Heatran|Flamethrower|p2a: Exeggutor
|-supereffective|p2a: Exeggutor
|-enditem|p2a: Exeggutor|Focus Sash
|-damage|p2a: Exeggutor|1/100
|
|-weather|SunnyDay|[upkeep]
|upkeep
|turn|10
|
|t:|1769312502
|move|p2a: Exeggutor|Solar Beam||[still]
|-prepare|p2a: Exeggutor|Solar Beam
|-anim|p2a: Exeggutor|Solar Beam|p1a: Heatran
|-resisted|p1a: Heatran
|-damage|p1a: Heatran|0 fnt
|faint|p1a: Heatran
|
|-weather|none
|upkeep
|
|t:|1769312507
|switch|p1a: Electrode|Electrode-Hisui|100/100
|turn|11
|
|t:|1769312513
|move|p1a: Electrode|Thunderbolt|p2a: Exeggutor
|-resisted|p2a: Exeggutor
|-damage|p2a: Exeggutor|0 fnt
|faint|p2a: Exeggutor
|
|upkeep
|
|t:|1769312518
|switch|p2a: Corviknight|Corviknight, F|100/100
|-ability|p2a: Corviknight|Pressure
|turn|12
|
|t:|1769312524
|move|p1a: Electrode|Thunderbolt|p2a: Corviknight
|-supereffective|p2a: Corviknight
|-damage|p2a: Corviknight|0 fnt
|faint|p2a: Corviknight
|
|win|mmdfgm
|raw|mmdfgm's rating: 1087 &rarr; <strong>1115</strong><br />(+28 for winning)
|raw|kaed3n 12's rating: 1100 &rarr; <strong>1074</strong><br />(-26 for losing)
|c|☆mmdfgm|gg
