|j|☆Instinct999
|j|☆rawbraines
|t:|1769372627
|gametype|singles
|player|p1|Instinct999|265|1134
|player|p2|rawbraines|smasher|1162
|gen|9
|tier|[Gen 9] OU
|rated|
|rule|HP Percentage Mod: HP is shown in percentages
|rule|Endless Battle Clause: Forcing endless battles is banned
|rule|Species Clause: Limit one of each Pokémon
|rule|OHKO Clause: OHKO moves are banned
|rule|Evasion Items Clause: Evasion items are banned
|rule|Evasion Moves Clause: Evasion moves are banned
|rule|Evasion Abilities Clause: Evasion abilities are banned
|rule|Sleep Moves Clause: Sleep-inducing moves are banned
|clearpoke
|poke|p1|Iron Valiant|
|poke|p1|Great Tusk|
|poke|p1|Dragonite, M|
|poke|p1|Deoxys-Speed|
|poke|p1|Glimmora, M|
|poke|p1|Kingambit, M|
|poke|p2|Overqwil, F|
|poke|p2|Articuno|
|poke|p2|Golurk|
|poke|p2|Iron Valiant|
|poke|p2|Dragonite, F|
|poke|p2|Tinkaton, F|
|teampreview
|
|t:|1769372658
|teamsize|p1|6
|teamsize|p2|6
|start
|switch|p1a: Deoxys|Deoxys-Speed|100/100
|switch|p2a: Overqwil|Overqwil, F|100/100
|-ability|p1a: Deoxys|Pressure
|-ability|p2a: Overqwil|Intimidate|boost
|-unboost|p1a: Deoxys|atk|1
|turn|1
|
|t:|1769372671
|move|p1a: Deoxys|Reflect|p1a: Deoxys
|-sidestart|p1: Instinct999|Reflect
|move|p2a: Overqwil|Crunch|p1a: Deoxys
|-supereffective|p1a: Deoxys
|-damage|p1a: Deoxys|59/100
|
|upkeep
|turn|2
|
|t:|1769372679
|switch|p1a: Great Tusk|Great Tusk|100/100
|-enditem|p1a: Great Tusk|Booster Energy
|-activate|p1a: Great Tusk|ability: Protosynthesis|[fromitem]
|-start|p1a: Great Tusk|protosynthesisspe
|move|p2a: Overqwil|Spikes|p1a: Great Tusk
|-sidestart|p1: Instinct999|Spikes
|
|upkeep
|turn|3
|
|t:|1769372690
|switch|p2a: Golurk|Golurk|100/100
|move|p1a: Great Tusk|Taunt|p2a: Golurk
|-start|p2a: Golurk|move: Taunt
|
|upkeep
|turn|4
|
|t:|1769372710
|move|p1a: Great Tusk|Bulk Up|p1a: Great Tusk
|-boost|p1a: Great Tusk|atk|1
|-boost|p1a: Great Tusk|def|1
|move|p2a: Golurk|Dynamic Punch|p1a: Great Tusk
|-damage|p1a: Great Tusk|92/100
|-start|p1a: Great Tusk|confusion
|
|upkeep
|turn|5
|
|t:|1769372719
|switch|p2a: Tinkaton|Tinkaton, F|100/100
|-item|p2a: Tinkaton|Air Balloon
|-activate|p1a: Great Tusk|confusion
|move|p1a: Great Tusk|Bulk Up|p1a: Great Tusk
|-boost|p1a: Great Tusk|atk|1
|-boost|p1a: Great Tusk|def|1
|
|upkeep
|turn|6
|
|t:|1769372728
|-activate|p1a: Great Tusk|confusion
|move|p1a: Great Tusk|Headlong Rush|p2a: Tinkaton
|-immune|p2a: Tinkaton
|move|p2a: Tinkaton|Brick Break|p1a: Great Tusk
|-sideend|p1: Instinct999|Reflect
|-damage|p1a: Great Tusk|88/100
|
|upkeep
|turn|7
|
|t:|1769372741
|-terastallize|p1a: Great Tusk|Poison
|-end|p1a: Great Tusk|confusion
|move|p1a: Great Tusk|Head Smash|p2a: Tinkaton|[miss]
|-miss|p1a: Great Tusk|p2a: Tinkaton
|move|p2a: Tinkaton|Play Rough|p1a: Great Tusk
|-resisted|p1a: Great Tusk
|-damage|p1a: Great Tusk|84/100
|
|upkeep
|turn|8
|
|t:|1769372755
|move|p1a: Great Tusk|Head Smash|p2a: Tinkaton
|-resisted|p2a: Tinkaton
|-damage|p2a: Tinkaton|68/100
|-enditem|p2a: Tinkaton|Air Balloon
|-damage|p1a: Great Tusk|70/100|[from] Recoil
|move|p2a: Tinkaton|Thunder Wave|p1a: Great Tusk
|-status|p1a: Great Tusk|par
|
|upkeep
|turn|9
|
|t:|1769372780
|move|p1a: Great Tusk|Head Smash|p2a: Tinkaton
|-resisted|p2a: Tinkaton
|-damage|p2a: Tinkaton|33/100
|-damage|p1a: Great Tusk|55/100 par|[from] Recoil
|move|p2a: Tinkaton|Gigaton Hammer|p1a: Great Tusk
|-damage|p1a: Great Tusk|41/100 par
|
|upkeep
|turn|10
|
|t:|1769372808
|move|p1a: Great Tusk|Headlong Rush|p2a: Tinkaton
|-supereffective|p2a: Tinkaton
|-damage|p2a: Tinkaton|0 fnt
|-unboost|p1a: Great Tusk|def|1
|-unboost|p1a: Great Tusk|spd|1
|faint|p2a: Tinkaton
|
|upkeep
|
|t:|1769372837
|switch|p2a: Articuno|Articuno|100/100
|-ability|p2a: Articuno|Pressure
|turn|11
|
|t:|1769372844
|-terastallize|p2a: Articuno|Ground
|move|p2a: Articuno|Agility|p2a: Articuno
|-boost|p2a: Articuno|spe|2
|move|p1a: Great Tusk|Head Smash|p2a: Articuno
|-resisted|p2a: Articuno
|-damage|p2a: Articuno|57/100
|-damage|p1a: Great Tusk|25/100 par|[from] Recoil
|
|upkeep
|turn|12
|
|t:|1769372857
|move|p2a: Articuno|Freeze-Dry|p1a: Great Tusk
|-damage|p1a: Great Tusk|0 fnt
|faint|p1a: Great Tusk
|-end|p1a: Great Tusk|Protosynthesis|[silent]
|
|upkeep
|inactive|Battle timer is ON: inactive players will automatically lose when time's up. (requested by rawbraines)
|
|t:|1769372899
|switch|p1a: Glimmora|Glimmora, M|100/100
|-damage|p1a: Glimmora|88/100|[from] Spikes
|turn|13
|
|t:|1769372924
|move|p2a: Articuno|Agility|p2a: Articuno
|-boost|p2a: Articuno|spe|2
|move|p1a: Glimmora|Earth Power|p2a: Articuno
|-damage|p2a: Articuno|28/100
|
|upkeep
|turn|14
|
|t:|1769372930
|move|p2a: Articuno|Tera Blast|p1a: Glimmora|[anim] Tera Blast Ground
|-supereffective|p1a: Glimmora
|-damage|p1a: Glimmora|0 fnt
|faint|p1a: Glimmora
|
|upkeep
|
|t:|1769372940
|switch|p1a: Kingambit|Kingambit, M|100/100
|-damage|p1a: Kingambit|88/100|[from] Spikes
|-activate|p1a: Kingambit|ability: Supreme Overlord
|-start|p1a: Kingambit|fallen2|[silent]
|turn|15
|
|t:|1769372948
|switch|p2a: Overqwil|Overqwil, F|100/100
|-ability|p2a: Overqwil|Intimidate|boost
|-unboost|p1a: Kingambit|atk|1
|move|p1a: Kingambit|Swords Dance|p1a: Kingambit
|-boost|p1a: Kingambit|atk|2
|
|upkeep
|turn|16
|
|t:|1769372958
|move|p2a: Overqwil|Taunt|p1a: Kingambit
|-start|p1a: Kingambit|move: Taunt
|move|p1a: Kingambit|Low Kick|p2a: Overqwil
|-crit|p2a: Overqwil
|-damage|p2a: Overqwil|44/100
|
|-heal|p2a: Overqwil|50/100|[from] item: Black Sludge
|upkeep
|turn|17
|
|t:|1769372971
|move|p2a: Overqwil|Spikes|p1a: Kingambit
|-sidestart|p1: Instinct999|Spikes
|move|p1a: Kingambit|Low Kick|p2a: Overqwil
|-damage|p2a: Overqwil|15/100
|
|-heal|p2a: Overqwil|21/100|[from] item: Black Sludge
|upkeep
|turn|18
|
|t:|1769372977
|move|p2a: Overqwil|Spikes|p1a: Kingambit
|-sidestart|p1: Instinct999|Spikes
|move|p1a: Kingambit|Iron Head|p2a: Overqwil
|-damage|p2a: Overqwil|0 fnt
|faint|p2a: Overqwil
|
|-end|p1a: Kingambit|move: Taunt
|upkeep
|
|t:|1769372986
|switch|p2a: Iron Valiant|Iron Valiant|100/100
|-enditem|p2a: Iron Valiant|Booster Energy
|-activate|p2a: Iron Valiant|ability: Quark Drive|[fromitem]
|-start|p2a: Iron Valiant|quarkdrivespe
|turn|19
|
|t:|1769372995
|move|p2a: Iron Valiant|Close Combat|p1a: Kingambit
|-supereffective|p1a: Kingambit
|-damage|p1a: Kingambit|0 fnt
|-unboost|p2a: Iron Valiant|def|1
|-unboost|p2a: Iron Valiant|spd|1
|faint|p1a: Kingambit
|-end|p1a: Kingambit|fallen2|[silent]
|
|upkeep
|
|t:|1769373004
|switch|p1a: Deoxys|Deoxys-Speed|59/100
|-damage|p1a: Deoxys|34/100|[from] Spikes
|-ability|p1a: Deoxys|Pressure
|turn|20
|
|t:|1769373011
|move|p2a: Iron Valiant|Knock Off|p1a: Deoxys
|-supereffective|p1a: Deoxys
|-damage|p1a: Deoxys|0 fnt
|-enditem|p1a: Deoxys|Light Clay|[from] move: Knock Off|[of] p2a: Iron Valiant
|faint|p1a: Deoxys
|
|upkeep
|l|☆Instinct999
|inactive|Instinct999 disconnected and has a minute to reconnect!
|player|p1|
|inactive|Instinct999 has 30 seconds to reconnect!
|inactive|Instinct999 has 20 seconds to reconnect!
|inactive|Instinct999 has 15 seconds to reconnect!
|inactive|Instinct999 has 10 seconds to reconnect!
|inactive|Instinct999 has 5 seconds to reconnect!
|-message|Instinct999 lost due to inactivity.
|
|win|rawbraines
|raw|Instinct999's rating: 1134 &rarr; <strong>1111</strong><br />(-23 for losing)
|raw|rawbraines's rating: 1162 &rarr; <strong>1185</strong><br />(+23 for winning)
|l|☆rawbraines
|player|p2|
