|j|☆badatgames2911
|j|☆Banixito
|t:|1769320800
|gametype|singles
|player|p1|badatgames2911|hiker-gen4|1204
|player|p2|Banixito|silver|1198
|gen|9
|tier|[Gen 9] OU
|rated|
|rule|HP Percentage Mod: HP is shown in percentages
|rule|Endless Battle Clause: Forcing endless battles is banned
|rule|Species Clause: Limit one of each Pokémon
|rule|OHKO Clause: OHKO moves are banned
|rule|Evasion Items Clause: Evasion items are banned
|rule|Evasion Moves Clause: Evasion moves are banned
|rule|Evasion Abilities Clause: Evasion abilities are banned
|rule|Sleep Moves Clause: Sleep-inducing moves are banned
|clearpoke
|poke|p1|Revavroom, M|
|poke|p1|Noivern, F|
|poke|p1|Reuniclus, F|
|poke|p1|Mandibuzz, F|
|poke|p1|Heatran, M|
|poke|p1|Milotic, M|
|poke|p2|Dragonite, F|
|poke|p2|Pecharunt|
|poke|p2|Gliscor, M|
|poke|p2|Ribombee, F|
|poke|p2|Porygon2|
|poke|p2|Darkrai|
|teampreview
|
|t:|1769320814
|teamsize|p1|6
|teamsize|p2|6
|start
|switch|p1a: Me Mums Car|Revavroom, M|100/100
|switch|p2a: Ribombee|Ribombee, F|100/100
|-item|p1a: Me Mums Car|Air Balloon
|turn|1
|
|t:|1769320822
|move|p2a: Ribombee|Stun Spore|p1a: Me Mums Car
|-status|p1a: Me Mums Car|par
|move|p1a: Me Mums Car|Shift Gear|p1a: Me Mums Car
|-boost|p1a: Me Mums Car|spe|2
|-boost|p1a: Me Mums Car|atk|1
|
|upkeep
|turn|2
|
|t:|1769320830
|move|p2a: Ribombee|Psychic Noise|p1a: Me Mums Car
|-damage|p1a: Me Mums Car|66/100 par
|-start|p1a: Me Mums Car|move: Heal Block
|-enditem|p1a: Me Mums Car|Air Balloon
|move|p1a: Me Mums Car|Shift Gear|p1a: Me Mums Car
|-boost|p1a: Me Mums Car|spe|2
|-boost|p1a: Me Mums Car|atk|1
|
|upkeep
|turn|3
|
|t:|1769320838
|move|p1a: Me Mums Car|Temper Flare|p2a: Ribombee
|-supereffective|p2a: Ribombee
|-enditem|p2a: Ribombee|Focus Sash
|-damage|p2a: Ribombee|1/100
|move|p2a: Ribombee|Sticky Web|p1a: Me Mums Car
|-sidestart|p1: badatgames2911|move: Sticky Web
|
|-end|p1a: Me Mums Car|move: Heal Block
|upkeep
|turn|4
|
|t:|1769320846
|move|p1a: Me Mums Car|Temper Flare|p2a: Ribombee
|-supereffective|p2a: Ribombee
|-damage|p2a: Ribombee|0 fnt
|faint|p2a: Ribombee
|
|upkeep
|
|t:|1769320853
|switch|p2a: Darkrai|Darkrai|100/100
|turn|5
|
|t:|1769320859
|-terastallize|p2a: Darkrai|Fire
|move|p2a: Darkrai|Tera Blast|p1a: Me Mums Car|[anim] Tera Blast Fire
|-supereffective|p1a: Me Mums Car
|-damage|p1a: Me Mums Car|0 fnt
|faint|p1a: Me Mums Car
|
|upkeep
|
|t:|1769320867
|switch|p1a: Soulseer|Milotic, M|100/100
|-activate|p1a: Soulseer|move: Sticky Web
|-unboost|p1a: Soulseer|spe|1
|turn|6
|
|t:|1769320873
|switch|p2a: Porygon2|Porygon2|100/100
|-ability|p2a: Porygon2|Marvel Scale|Trace|[from] ability: Trace|[of] p1a: Soulseer
|move|p1a: Soulseer|Scald|p2a: Porygon2
|-crit|p2a: Porygon2
|-damage|p2a: Porygon2|80/100
|
|upkeep
|turn|7
|
|t:|1769320884
|switch|p1a: Jell-o|Reuniclus, F|100/100
|-activate|p1a: Jell-o|move: Sticky Web
|-unboost|p1a: Jell-o|spe|1
|move|p2a: Porygon2|Thunder Wave|p1a: Jell-o
|-status|p1a: Jell-o|par
|
|upkeep
|turn|8
|
|t:|1769320892
|move|p2a: Porygon2|Recover|p2a: Porygon2
|-heal|p2a: Porygon2|100/100
|move|p1a: Jell-o|Calm Mind|p1a: Jell-o
|-boost|p1a: Jell-o|spa|1
|-boost|p1a: Jell-o|spd|1
|
|upkeep
|turn|9
|
|t:|1769320899
|switch|p2a: Darkrai|Darkrai, tera:Fire|100/100
|cant|p1a: Jell-o|par
|
|upkeep
|turn|10
|
|t:|1769320910
|move|p2a: Darkrai|Dark Pulse|p1a: Jell-o
|-supereffective|p1a: Jell-o
|-damage|p1a: Jell-o|44/100 par
|cant|p1a: Jell-o|par
|
|-heal|p1a: Jell-o|50/100 par|[from] item: Leftovers
|upkeep
|turn|11
|
|t:|1769320917
|move|p2a: Darkrai|Dark Pulse|p1a: Jell-o
|-supereffective|p1a: Jell-o
|-damage|p1a: Jell-o|0 fnt
|faint|p1a: Jell-o
|
|upkeep
|
|t:|1769320922
|switch|p1a: Rakna|Heatran, M|100/100
|-activate|p1a: Rakna|move: Sticky Web
|-unboost|p1a: Rakna|spe|1
|turn|12
|
|t:|1769320936
|switch|p2a: Porygon2|Porygon2|100/100
|-ability|p2a: Porygon2|Flash Fire|Trace|[from] ability: Trace|[of] p1a: Rakna
|move|p1a: Rakna|Substitute|p1a: Rakna
|-start|p1a: Rakna|Substitute
|-damage|p1a: Rakna|76/100
|
|-heal|p1a: Rakna|82/100|[from] item: Leftovers
|upkeep
|turn|13
|
|t:|1769320945
|move|p2a: Porygon2|Thunderbolt|p1a: Rakna
|-activate|p1a: Rakna|move: Substitute|[damage]
|move|p1a: Rakna|Flamethrower|p2a: Porygon2
|-start|p2a: Porygon2|ability: Flash Fire
|
|-heal|p1a: Rakna|88/100|[from] item: Leftovers
|upkeep
|turn|14
|
|t:|1769320953
|move|p2a: Porygon2|Thunderbolt|p1a: Rakna
|-end|p1a: Rakna|Substitute
|move|p1a: Rakna|Earth Power|p2a: Porygon2
|-damage|p2a: Porygon2|85/100
|
|-heal|p1a: Rakna|94/100|[from] item: Leftovers
|upkeep
|turn|15
|
|t:|1769320959
|switch|p1a: Soulseer|Milotic, M|100/100
|-activate|p1a: Soulseer|move: Sticky Web
|-unboost|p1a: Soulseer|spe|1
|move|p2a: Porygon2|Thunderbolt|p1a: Soulseer
|-supereffective|p1a: Soulseer
|-damage|p1a: Soulseer|67/100
|
|-heal|p1a: Soulseer|73/100|[from] item: Leftovers
|upkeep
|turn|16
|
|t:|1769320967
|move|p2a: Porygon2|Thunderbolt|p1a: Soulseer
|-supereffective|p1a: Soulseer
|-damage|p1a: Soulseer|43/100
|-status|p1a: Soulseer|par
|move|p1a: Soulseer|Scald|p2a: Porygon2
|-damage|p2a: Porygon2|72/100
|-status|p2a: Porygon2|brn
|
|-heal|p1a: Soulseer|49/100 par|[from] item: Leftovers
|-damage|p2a: Porygon2|66/100 brn|[from] brn
|upkeep
|turn|17
|
|t:|1769320974
|move|p2a: Porygon2|Thunderbolt|p1a: Soulseer
|-supereffective|p1a: Soulseer
|-damage|p1a: Soulseer|16/100 par
|move|p1a: Soulseer|Recover|p1a: Soulseer
|-heal|p1a: Soulseer|66/100 par
|
|-heal|p1a: Soulseer|72/100 par|[from] item: Leftovers
|-damage|p2a: Porygon2|60/100 brn|[from] brn
|upkeep
|turn|18
|
|t:|1769320980
|-terastallize|p1a: Soulseer|Fairy
|move|p2a: Porygon2|Recover|p2a: Porygon2
|-heal|p2a: Porygon2|100/100 brn
|move|p1a: Soulseer|Recover|p1a: Soulseer
|-heal|p1a: Soulseer|100/100 par
|
|-damage|p2a: Porygon2|94/100 brn|[from] brn
|upkeep
|turn|19
|
|t:|1769320991
|-end|p2a: Porygon2|ability: Flash Fire|[silent]
|switch|p2a: Pecharunt|Pecharunt|100/100
|move|p1a: Soulseer|Scald|p2a: Pecharunt
|-damage|p2a: Pecharunt|72/100
|
|upkeep
|turn|20
|
|t:|1769320996
|switch|p1a: Slim Pickins|Mandibuzz, F|100/100
|move|p2a: Pecharunt|Malignant Chain|p1a: Slim Pickins
|-damage|p1a: Slim Pickins|74/100
|-status|p1a: Slim Pickins|tox
|-start|p1a: Slim Pickins|confusion|[from] ability: Poison Puppeteer|[of] p2a: Pecharunt
|
|-heal|p1a: Slim Pickins|80/100 tox|[from] item: Leftovers
|-damage|p1a: Slim Pickins|74/100 tox|[from] psn
|upkeep
|turn|21
|
|t:|1769321012
|move|p2a: Pecharunt|Recover|p2a: Pecharunt
|-heal|p2a: Pecharunt|100/100
|-activate|p1a: Slim Pickins|confusion
|move|p1a: Slim Pickins|Foul Play|p2a: Pecharunt
|-supereffective|p2a: Pecharunt
|-crit|p2a: Pecharunt
|-damage|p2a: Pecharunt|70/100
|
|-heal|p1a: Slim Pickins|80/100 tox|[from] item: Leftovers
|-damage|p1a: Slim Pickins|68/100 tox|[from] psn
|upkeep
|turn|22
|-message|badatgames2911 forfeited.
|
|win|Banixito
|raw|badatgames2911's rating: 1204 &rarr; <strong>1179</strong><br />(-25 for losing)
|raw|Banixito's rating: 1198 &rarr; <strong>1223</strong><br />(+25 for winning)
|l|☆badatgames2911
|player|p1|
|l|☆Banixito
|player|p2|
