|j|☆BasketbaII
|j|☆55 tacos
|t:|1769326650
|gametype|singles
|player|p1|BasketbaII|2|1145
|player|p2|55 tacos|red|1150
|gen|9
|tier|[Gen 9] OU
|rated|
|rule|HP Percentage Mod: HP is shown in percentages
|rule|Endless Battle Clause: Forcing endless battles is banned
|rule|Species Clause: Limit one of each Pokémon
|rule|OHKO Clause: OHKO moves are banned
|rule|Evasion Items Clause: Evasion items are banned
|rule|Evasion Moves Clause: Evasion moves are banned
|rule|Evasion Abilities Clause: Evasion abilities are banned
|rule|Sleep Moves Clause: Sleep-inducing moves are banned
|clearpoke
|poke|p1|Ninetales, M|
|poke|p1|Ceruledge, M|
|poke|p1|Venusaur, M|
|poke|p1|Hatterene, F|
|poke|p1|Great Tusk|
|poke|p1|Walking Wake|
|poke|p2|Sinistcha|
|poke|p2|Salazzle, F|
|poke|p2|Alomomola, M|
|poke|p2|Kyurem|
|poke|p2|Great Tusk|
|poke|p2|Garganacl, M|
|teampreview
|inactive|Battle timer is ON: inactive players will automatically lose when time's up. (requested by 55 tacos)
|
|t:|1769326661
|teamsize|p1|6
|teamsize|p2|6
|start
|switch|p1a: Ninetales|Ninetales, M|100/100
|switch|p2a: Sinistcha|Sinistcha, shiny|100/100
|-weather|SunnyDay|[from] ability: Drought|[of] p1a: Ninetales
|turn|1
|
|t:|1769326667
|move|p1a: Ninetales|Flamethrower|p2a: Sinistcha
|-supereffective|p2a: Sinistcha
|-damage|p2a: Sinistcha|51/100
|move|p2a: Sinistcha|Calm Mind|p2a: Sinistcha
|-boost|p2a: Sinistcha|spa|1
|-boost|p2a: Sinistcha|spd|1
|
|-weather|SunnyDay|[upkeep]
|-heal|p2a: Sinistcha|57/100|[from] item: Leftovers
|upkeep
|turn|2
|
|t:|1769326673
|move|p1a: Ninetales|Encore|p2a: Sinistcha
|-start|p2a: Sinistcha|Encore
|move|p2a: Sinistcha|Calm Mind|p2a: Sinistcha
|-boost|p2a: Sinistcha|spa|1
|-boost|p2a: Sinistcha|spd|1
|
|-weather|SunnyDay|[upkeep]
|-heal|p2a: Sinistcha|64/100|[from] item: Leftovers
|upkeep
|turn|3
|
|t:|1769326679
|switch|p1a: Ceruledge|Ceruledge, M|100/100
|switch|p2a: Garganacl|Garganacl, M, shiny|100/100
|
|-weather|SunnyDay|[upkeep]
|upkeep
|turn|4
|
|t:|1769326686
|switch|p1a: Walking Wake|Walking Wake|100/100
|-activate|p1a: Walking Wake|ability: Protosynthesis
|-start|p1a: Walking Wake|protosynthesisspa
|move|p2a: Garganacl|Salt Cure|p1a: Walking Wake
|-crit|p1a: Walking Wake
|-damage|p1a: Walking Wake|79/100
|-start|p1a: Walking Wake|Salt Cure
|
|-weather|SunnyDay|[upkeep]
|-damage|p1a: Walking Wake|54/100|[from] Salt Cure
|upkeep
|turn|5
|
|t:|1769326693
|move|p2a: Garganacl|Protect|p2a: Garganacl
|-singleturn|p2a: Garganacl|Protect
|move|p1a: Walking Wake|Hydro Steam|p2a: Garganacl
|-activate|p2a: Garganacl|move: Protect
|
|-weather|SunnyDay|[upkeep]
|-damage|p1a: Walking Wake|29/100|[from] Salt Cure
|upkeep
|turn|6
|
|t:|1769326699
|switch|p2a: Alomomola|Alomomola, M, shiny|100/100
|move|p1a: Walking Wake|Hydro Steam|p2a: Alomomola
|-resisted|p2a: Alomomola
|-damage|p2a: Alomomola|35/100
|
|-weather|SunnyDay|[upkeep]
|-damage|p1a: Walking Wake|5/100|[from] Salt Cure
|upkeep
|turn|7
|
|t:|1769326703
|move|p2a: Alomomola|Protect|p2a: Alomomola
|-singleturn|p2a: Alomomola|Protect
|move|p1a: Walking Wake|Hydro Steam|p2a: Alomomola
|-activate|p2a: Alomomola|move: Protect
|
|-weather|SunnyDay|[upkeep]
|-damage|p1a: Walking Wake|0 fnt|[from] Salt Cure
|faint|p1a: Walking Wake
|-end|p1a: Walking Wake|Protosynthesis|[silent]
|upkeep
|
|t:|1769326707
|switch|p1a: Venusaur|Venusaur, M|100/100
|turn|8
|
|t:|1769326711
|switch|p2a: Sinistcha|Sinistcha, shiny|64/100
|move|p1a: Venusaur|Giga Drain|p2a: Sinistcha
|-resisted|p2a: Sinistcha
|-damage|p2a: Sinistcha|38/100
|-damage|p1a: Venusaur|91/100|[from] item: Life Orb
|
|-weather|none
|-heal|p2a: Sinistcha|44/100|[from] item: Leftovers
|upkeep
|turn|9
|
|t:|1769326721
|switch|p1a: Ninetales|Ninetales, M|100/100
|-weather|SunnyDay|[from] ability: Drought|[of] p1a: Ninetales
|-terastallize|p2a: Sinistcha|Steel
|move|p2a: Sinistcha|Calm Mind|p2a: Sinistcha
|-boost|p2a: Sinistcha|spa|1
|-boost|p2a: Sinistcha|spd|1
|
|-weather|SunnyDay|[upkeep]
|-heal|p2a: Sinistcha|50/100|[from] item: Leftovers
|upkeep
|turn|10
|
|t:|1769326726
|move|p1a: Ninetales|Flamethrower|p2a: Sinistcha
|-supereffective|p2a: Sinistcha
|-crit|p2a: Sinistcha
|-damage|p2a: Sinistcha|0 fnt
|faint|p2a: Sinistcha
|
|-weather|SunnyDay|[upkeep]
|upkeep
|
|t:|1769326735
|switch|p2a: Garganacl|Garganacl, M, shiny|100/100
|turn|11
|
|t:|1769326753
|move|p1a: Ninetales|Will-O-Wisp|p2a: Garganacl|[miss]
|-miss|p1a: Ninetales|p2a: Garganacl
|move|p2a: Garganacl|Stealth Rock|p1a: Ninetales
|-sidestart|p1: BasketbaII|move: Stealth Rock
|
|-weather|SunnyDay|[upkeep]
|upkeep
|turn|12
|
|t:|1769326761
|move|p1a: Ninetales|Will-O-Wisp|p2a: Garganacl
|-immune|p2a: Garganacl|[from] ability: Purifying Salt
|move|p2a: Garganacl|Salt Cure|p1a: Ninetales
|-supereffective|p1a: Ninetales
|-damage|p1a: Ninetales|66/100
|-start|p1a: Ninetales|Salt Cure
|
|-weather|SunnyDay|[upkeep]
|-damage|p1a: Ninetales|53/100|[from] Salt Cure
|upkeep
|turn|13
|
|t:|1769326769
|move|p1a: Ninetales|Flamethrower|p2a: Garganacl
|-resisted|p2a: Garganacl
|-damage|p2a: Garganacl|83/100
|move|p2a: Garganacl|Salt Cure|p1a: Ninetales
|-supereffective|p1a: Ninetales
|-damage|p1a: Ninetales|20/100
|
|-weather|SunnyDay|[upkeep]
|-heal|p2a: Garganacl|89/100|[from] item: Leftovers
|-damage|p1a: Ninetales|8/100|[from] Salt Cure
|upkeep
|turn|14
|
|t:|1769326775
|move|p2a: Garganacl|Protect|p2a: Garganacl
|-singleturn|p2a: Garganacl|Protect
|move|p1a: Ninetales|Flamethrower|p2a: Garganacl
|-activate|p2a: Garganacl|move: Protect
|
|-weather|SunnyDay|[upkeep]
|-heal|p2a: Garganacl|95/100|[from] item: Leftovers
|-damage|p1a: Ninetales|0 fnt|[from] Salt Cure
|faint|p1a: Ninetales
|upkeep
|inactive|BasketbaII has 120 seconds left.
|inactive|BasketbaII has 90 seconds left.
|
|t:|1769326862
|switch|p1a: Venusaur|Venusaur, M|91/100
|-damage|p1a: Venusaur|78/100|[from] Stealth Rock
|turn|15
|
|t:|1769326878
|move|p2a: Garganacl|Protect||[still]
|-fail|p2a: Garganacl
|move|p1a: Venusaur|Giga Drain|p2a: Garganacl
|-supereffective|p2a: Garganacl
|-damage|p2a: Garganacl|15/100
|-heal|p1a: Venusaur|100/100|[from] drain|[of] p2a: Garganacl
|-damage|p1a: Venusaur|91/100|[from] item: Life Orb
|
|-weather|SunnyDay|[upkeep]
|-heal|p2a: Garganacl|22/100|[from] item: Leftovers
|upkeep
|turn|16
|inactive|BasketbaII has 60 seconds left.
|
|t:|1769326907
|move|p2a: Garganacl|Protect|p2a: Garganacl
|-singleturn|p2a: Garganacl|Protect
|move|p1a: Venusaur|Giga Drain|p2a: Garganacl
|-activate|p2a: Garganacl|move: Protect
|
|-weather|none
|-heal|p2a: Garganacl|28/100|[from] item: Leftovers
|upkeep
|turn|17
|
|t:|1769326927
|switch|p2a: Kyurem|Kyurem, shiny|100/100
|-ability|p2a: Kyurem|Pressure
|move|p1a: Venusaur|Giga Drain|p2a: Kyurem
|-resisted|p2a: Kyurem
|-damage|p2a: Kyurem|80/100
|-heal|p1a: Venusaur|100/100|[from] drain|[of] p2a: Kyurem
|-damage|p1a: Venusaur|91/100|[from] item: Life Orb
|
|upkeep
|turn|18
|
|t:|1769326938
|move|p2a: Kyurem|Freeze-Dry|p1a: Venusaur
|-supereffective|p1a: Venusaur
|-damage|p1a: Venusaur|11/100
|move|p1a: Venusaur|Sludge Bomb|p2a: Kyurem
|-damage|p2a: Kyurem|30/100
|-damage|p1a: Venusaur|1/100|[from] item: Life Orb
|
|upkeep
|turn|19
|
|t:|1769326944
|move|p2a: Kyurem|Freeze-Dry|p1a: Venusaur
|-supereffective|p1a: Venusaur
|-crit|p1a: Venusaur
|-damage|p1a: Venusaur|0 fnt
|faint|p1a: Venusaur
|
|upkeep
|
|t:|1769326948
|switch|p1a: Hatterene|Hatterene, F|100/100
|-damage|p1a: Hatterene|88/100|[from] Stealth Rock
|turn|20
|
|t:|1769326962
|move|p2a: Kyurem|Freeze-Dry|p1a: Hatterene
|-damage|p1a: Hatterene|51/100
|-enditem|p1a: Hatterene|Eject Button
|inactive|BasketbaII has 90 seconds left.
|
|t:|1769326986
|switch|p1a: Great Tusk|Great Tusk|100/100
|-damage|p1a: Great Tusk|98/100|[from] Stealth Rock
|
|upkeep
|turn|21
|
|t:|1769326995
|move|p2a: Kyurem|Freeze-Dry|p1a: Great Tusk
|-supereffective|p1a: Great Tusk
|-crit|p1a: Great Tusk
|-damage|p1a: Great Tusk|0 fnt
|faint|p1a: Great Tusk
|-end|p1a: Great Tusk|Protosynthesis|[silent]
|
|upkeep
|inactive|BasketbaII has 60 seconds left.
|
|t:|1769327034
|switch|p1a: Ceruledge|Ceruledge, M|100/100
|-damage|p1a: Ceruledge|76/100|[from] Stealth Rock
|turn|22
|
|t:|1769327047
|switch|p2a: Salazzle|Salazzle, F|100/100
|move|p1a: Ceruledge|Bitter Blade|p2a: Salazzle
|-resisted|p2a: Salazzle
|-damage|p2a: Salazzle|62/100
|-heal|p1a: Ceruledge|98/100|[from] drain|[of] p2a: Salazzle
|
|upkeep
|turn|23
|inactive|BasketbaII has 60 seconds left.
|
|t:|1769327089
|move|p2a: Salazzle|Toxic|p1a: Ceruledge
|-status|p1a: Ceruledge|tox
|move|p1a: Ceruledge|Swords Dance|p1a: Ceruledge
|-boost|p1a: Ceruledge|atk|2
|
|-damage|p1a: Ceruledge|92/100 tox|[from] psn
|upkeep
|turn|24
|
|t:|1769327096
|switch|p2a: Alomomola|Alomomola, M, shiny|68/100
|move|p1a: Ceruledge|Bitter Blade|p2a: Alomomola
|-resisted|p2a: Alomomola
|-damage|p2a: Alomomola|40/100
|-heal|p1a: Ceruledge|100/100 tox|[from] drain|[of] p2a: Alomomola
|-damage|p1a: Ceruledge|84/100 tox|[from] item: Rocky Helmet|[of] p2a: Alomomola
|
|-damage|p1a: Ceruledge|72/100 tox|[from] psn
|upkeep
|turn|25
|inactive|BasketbaII has 30 seconds left.
|
|t:|1769327125
|move|p2a: Alomomola|Protect|p2a: Alomomola
|-singleturn|p2a: Alomomola|Protect
|move|p1a: Ceruledge|Close Combat|p2a: Alomomola
|-activate|p2a: Alomomola|move: Protect
|
|-damage|p1a: Ceruledge|53/100 tox|[from] psn
|upkeep
|turn|26
|
|t:|1769327134
|switch|p2a: Salazzle|Salazzle, F|62/100
|move|p1a: Ceruledge|Close Combat|p2a: Salazzle
|-resisted|p2a: Salazzle
|-damage|p2a: Salazzle|0 fnt
|-unboost|p1a: Ceruledge|def|1
|-unboost|p1a: Ceruledge|spd|1
|faint|p2a: Salazzle
|
|-damage|p1a: Ceruledge|28/100 tox|[from] psn
|upkeep
|
|t:|1769327140
|switch|p2a: Alomomola|Alomomola, M, shiny|74/100
|turn|27
|
|t:|1769327145
|move|p2a: Alomomola|Protect|p2a: Alomomola
|-singleturn|p2a: Alomomola|Protect
|move|p1a: Ceruledge|Swords Dance|p1a: Ceruledge
|-boost|p1a: Ceruledge|atk|2
|
|-damage|p1a: Ceruledge|0 fnt|[from] psn
|faint|p1a: Ceruledge
|upkeep
|
|t:|1769327148
|switch|p1a: Hatterene|Hatterene, F|51/100
|-damage|p1a: Hatterene|39/100|[from] Stealth Rock
|turn|28
|
|t:|1769327152
|move|p2a: Alomomola|Waterfall|p1a: Hatterene
|-damage|p1a: Hatterene|21/100
|move|p1a: Hatterene|Psychic Noise|p2a: Alomomola
|-damage|p2a: Alomomola|35/100
|-start|p2a: Alomomola|move: Heal Block
|
|upkeep
|turn|29
|
|t:|1769327160
|move|p2a: Alomomola|Waterfall|p1a: Hatterene
|-damage|p1a: Hatterene|1/100
|move|p1a: Hatterene|Psychic Noise|p2a: Alomomola
|-damage|p2a: Alomomola|0 fnt
|faint|p2a: Alomomola
|
|upkeep
|
|t:|1769327165
|switch|p2a: Great Tusk|Great Tusk|100/100
|turn|30
|
|t:|1769327168
|move|p2a: Great Tusk|Rapid Spin|p1a: Hatterene
|-damage|p1a: Hatterene|0 fnt
|-boost|p2a: Great Tusk|spe|1
|faint|p1a: Hatterene
|
|win|55 tacos
|raw|BasketbaII's rating: 1145 &rarr; <strong>1120</strong><br />(-25 for losing)
|raw|55 tacos's rating: 1150 &rarr; <strong>1175</strong><br />(+25 for winning)
|l|☆BasketbaII
|player|p1|
|l|☆55 tacos
|player|p2|
