|j|☆zbackbar
|j|☆raz62
|t:|1769423837
|gametype|singles
|player|p1|zbackbar|hiker-gen4|1482
|player|p2|raz62|cynthia-gen4|1442
|gen|9
|tier|[Gen 9] OU
|rated|
|rule|HP Percentage Mod: HP is shown in percentages
|rule|Endless Battle Clause: Forcing endless battles is banned
|rule|Species Clause: Limit one of each Pokémon
|rule|OHKO Clause: OHKO moves are banned
|rule|Evasion Items Clause: Evasion items are banned
|rule|Evasion Moves Clause: Evasion moves are banned
|rule|Evasion Abilities Clause: Evasion abilities are banned
|rule|Sleep Moves Clause: Sleep-inducing moves are banned
|clearpoke
|poke|p1|Cobalion|
|poke|p1|Samurott-Hisui, M|
|poke|p1|Gholdengo|
|poke|p1|Iron Moth|
|poke|p1|Dragonite, M|
|poke|p1|Meowscarada, F|
|poke|p2|Great Tusk|
|poke|p2|Walking Wake|
|poke|p2|Kingambit, M|
|poke|p2|Charizard, F|
|poke|p2|Ninetales, M|
|poke|p2|Raging Bolt|
|teampreview
|inactive|Battle timer is ON: inactive players will automatically lose when time's up. (requested by raz62)
|
|t:|1769423843
|teamsize|p1|6
|teamsize|p2|6
|start
|switch|p1a: Cobalion|Cobalion, shiny|100/100
|switch|p2a: Ninetales|Ninetales, M|100/100
|-weather|SunnyDay|[from] ability: Drought|[of] p2a: Ninetales
|turn|1
|
|t:|1769423849
|move|p1a: Cobalion|Stealth Rock|p2a: Ninetales
|-sidestart|p2: raz62|move: Stealth Rock
|move|p2a: Ninetales|Will-O-Wisp|p1a: Cobalion
|-status|p1a: Cobalion|brn
|
|-weather|SunnyDay|[upkeep]
|-damage|p1a: Cobalion|94/100 brn|[from] brn
|upkeep
|turn|2
|
|t:|1769423856
|switch|p2a: Great Tusk|Great Tusk|100/100
|-damage|p2a: Great Tusk|98/100|[from] Stealth Rock
|-activate|p2a: Great Tusk|ability: Protosynthesis
|-start|p2a: Great Tusk|protosynthesisatk
|move|p1a: Cobalion|Steel Beam|p2a: Great Tusk
|-damage|p2a: Great Tusk|48/100
|-damage|p1a: Cobalion|44/100 brn|[from] steelbeam
|
|-weather|SunnyDay|[upkeep]
|-damage|p1a: Cobalion|38/100 brn|[from] brn
|upkeep
|turn|3
|
|t:|1769423869
|move|p1a: Cobalion|Steel Beam|p2a: Great Tusk
|-damage|p2a: Great Tusk|0 fnt
|-damage|p1a: Cobalion|0 fnt|[from] steelbeam
|faint|p1a: Cobalion
|faint|p2a: Great Tusk
|-end|p2a: Great Tusk|Protosynthesis|[silent]
|
|-weather|SunnyDay|[upkeep]
|upkeep
|
|t:|1769423892
|switch|p1a: Meowscarada|Meowscarada, F|100/100
|switch|p2a: Walking Wake|Walking Wake|100/100
|-damage|p2a: Walking Wake|88/100|[from] Stealth Rock
|-activate|p2a: Walking Wake|ability: Protosynthesis
|-start|p2a: Walking Wake|protosynthesisspe
|turn|4
|inactive|zbackbar has 120 seconds left.
|inactive|raz62 has 120 seconds left.
|
|t:|1769423945
|move|p1a: Meowscarada|U-turn|p2a: Walking Wake
|-start|p1a: Meowscarada|typechange|Bug|[from] ability: Protean
|-damage|p2a: Walking Wake|51/100
|
|t:|1769423956
|switch|p1a: Samurott|Samurott-Hisui, M|100/100|[from] U-turn
|move|p2a: Walking Wake|Draco Meteor|p1a: Samurott|[miss]
|-miss|p2a: Walking Wake|p1a: Samurott
|
|-weather|SunnyDay|[upkeep]
|upkeep
|turn|5
|
|t:|1769423965
|switch|p1a: Gholdengo|Gholdengo|100/100
|move|p2a: Walking Wake|Draco Meteor|p1a: Gholdengo|[miss]
|-miss|p2a: Walking Wake|p1a: Gholdengo
|
|-weather|SunnyDay|[upkeep]
|upkeep
|turn|6
|
|t:|1769423971
|move|p2a: Walking Wake|Flamethrower|p1a: Gholdengo
|-supereffective|p1a: Gholdengo
|-damage|p1a: Gholdengo|0 fnt
|faint|p1a: Gholdengo
|
|-weather|SunnyDay|[upkeep]
|upkeep
|
|t:|1769423979
|switch|p1a: Meowscarada|Meowscarada, F|100/100
|turn|7
|
|t:|1769423984
|move|p1a: Meowscarada|Knock Off|p2a: Walking Wake
|-start|p1a: Meowscarada|typechange|Dark|[from] ability: Protean
|-damage|p2a: Walking Wake|0 fnt
|-enditem|p2a: Walking Wake|Wise Glasses|[from] move: Knock Off|[of] p1a: Meowscarada
|faint|p2a: Walking Wake
|-end|p2a: Walking Wake|Protosynthesis|[silent]
|
|-weather|SunnyDay|[upkeep]
|upkeep
|
|t:|1769423989
|switch|p2a: Kingambit|Kingambit, M|100/100
|-damage|p2a: Kingambit|94/100|[from] Stealth Rock
|-activate|p2a: Kingambit|ability: Supreme Overlord
|-start|p2a: Kingambit|fallen2|[silent]
|-item|p2a: Kingambit|Air Balloon
|turn|8
|
|t:|1769423998
|switch|p1a: Samurott|Samurott-Hisui, M|100/100
|move|p2a: Kingambit|Swords Dance|p2a: Kingambit
|-boost|p2a: Kingambit|atk|2
|
|-weather|none
|upkeep
|turn|9
|
|t:|1769424004
|move|p1a: Samurott|Razor Shell|p2a: Kingambit
|-damage|p2a: Kingambit|53/100
|-enditem|p2a: Kingambit|Air Balloon
|move|p2a: Kingambit|Swords Dance|p2a: Kingambit
|-boost|p2a: Kingambit|atk|2
|
|upkeep
|turn|10
|
|t:|1769424021
|-terastallize|p1a: Samurott|Ghost
|move|p1a: Samurott|Razor Shell|p2a: Kingambit
|-damage|p2a: Kingambit|11/100
|move|p2a: Kingambit|Kowtow Cleave|p1a: Samurott
|-supereffective|p1a: Samurott
|-damage|p1a: Samurott|0 fnt
|faint|p1a: Samurott
|
|upkeep
|
|t:|1769424034
|switch|p1a: Dragonite|Dragonite, M, shiny|100/100
|turn|11
|
|t:|1769424040
|-terastallize|p2a: Kingambit|Ghost
|move|p1a: Dragonite|Dragon Dance|p1a: Dragonite
|-boost|p1a: Dragonite|atk|1
|-boost|p1a: Dragonite|spe|1
|move|p2a: Kingambit|Kowtow Cleave|p1a: Dragonite
|-damage|p1a: Dragonite|8/100
|
|upkeep
|turn|12
|
|t:|1769424045
|move|p2a: Kingambit|Sucker Punch|p1a: Dragonite
|-damage|p1a: Dragonite|0 fnt
|faint|p1a: Dragonite
|
|upkeep
|
|t:|1769424046
|switch|p1a: Meowscarada|Meowscarada, F|100/100
|turn|13
|
|t:|1769424049
|move|p2a: Kingambit|Sucker Punch|p1a: Meowscarada
|-resisted|p1a: Meowscarada
|-damage|p1a: Meowscarada|0 fnt
|faint|p1a: Meowscarada
|
|upkeep
|-message|zbackbar forfeited.
|
|win|raz62
|raw|zbackbar's rating: 1482 &rarr; <strong>1460</strong><br />(-22 for losing)
|raw|raz62's rating: 1442 &rarr; <strong>1464</strong><br />(+22 for winning)
|l|☆zbackbar
|player|p1|
|l|☆raz62
|player|p2|
