|j|☆Log God Neo✈️_✈️
|j|☆uniandes5
|t:|1769306012
|gametype|singles
|player|p1|Log God Neo✈️_✈️|medium|1556
|player|p2|uniandes5|170|1576
|gen|9
|tier|[Gen 9] OU
|rated|
|rule|HP Percentage Mod: HP is shown in percentages
|rule|Endless Battle Clause: Forcing endless battles is banned
|rule|Species Clause: Limit one of each Pokémon
|rule|OHKO Clause: OHKO moves are banned
|rule|Evasion Items Clause: Evasion items are banned
|rule|Evasion Moves Clause: Evasion moves are banned
|rule|Evasion Abilities Clause: Evasion abilities are banned
|rule|Sleep Moves Clause: Sleep-inducing moves are banned
|clearpoke
|poke|p1|Tyranitar, F|
|poke|p1|Ninetales-Alola, M|
|poke|p1|Staraptor, F|
|poke|p1|Garchomp, F|
|poke|p1|Torkoal, M|
|poke|p1|Dragonite, M|
|poke|p2|Grimmsnarl, M|
|poke|p2|Latias, F|
|poke|p2|Tinkaton, F|
|poke|p2|Volcanion|
|poke|p2|Mew|
|poke|p2|Deoxys-Speed|
|teampreview
|inactive|Battle timer is ON: inactive players will automatically lose when time's up. (requested by Log God Neo✈️_✈️)
|j| CownoseRay
|inactive|uniandes5 has 120 seconds left.
|
|t:|1769306051
|teamsize|p1|6
|teamsize|p2|6
|start
|switch|p1a: DA LAST REX(3005)|Tyranitar, F|100/100
|switch|p2a: Deoxys|Deoxys-Speed|100/100
|-ability|p2a: Deoxys|Pressure
|-weather|Sandstorm|[from] ability: Sand Stream|[of] p1a: DA LAST REX(3005)
|turn|1
|
|t:|1769306060
|move|p2a: Deoxys|Knock Off|p1a: DA LAST REX(3005)
|-resisted|p1a: DA LAST REX(3005)
|-damage|p1a: DA LAST REX(3005)|89/100
|-enditem|p1a: DA LAST REX(3005)|Assault Vest|[from] move: Knock Off|[of] p2a: Deoxys
|move|p1a: DA LAST REX(3005)|Knock Off|p2a: Deoxys
|-supereffective|p2a: Deoxys
|-damage|p2a: Deoxys|0 fnt
|-enditem|p2a: Deoxys|Heavy-Duty Boots|[from] move: Knock Off|[of] p1a: DA LAST REX(3005)
|faint|p2a: Deoxys
|
|-weather|Sandstorm|[upkeep]
|upkeep
|
|t:|1769306071
|switch|p2a: Tinkaton|Tinkaton, F|100/100
|-ability|p2a: Tinkaton|Mold Breaker
|turn|2
|
|t:|1769306076
|switch|p1a: OVO CHUBBS|Torkoal, M|100/100
|-weather|SunnyDay|[from] ability: Drought|[of] p1a: OVO CHUBBS
|move|p2a: Tinkaton|Thunder Wave|p1a: OVO CHUBBS
|-status|p1a: OVO CHUBBS|par
|
|-weather|SunnyDay|[upkeep]
|upkeep
|turn|3
|
|t:|1769306084
|move|p2a: Tinkaton|Knock Off|p1a: OVO CHUBBS
|-damage|p1a: OVO CHUBBS|88/100 par
|-enditem|p1a: OVO CHUBBS|Heavy-Duty Boots|[from] move: Knock Off|[of] p2a: Tinkaton
|move|p1a: OVO CHUBBS|Lava Plume|p2a: Tinkaton
|-supereffective|p2a: Tinkaton
|-damage|p2a: Tinkaton|38/100
|-enditem|p2a: Tinkaton|Red Card|[of] p1a: OVO CHUBBS
|drag|p1a: KURAMA BLANCO|Ninetales-Alola, M, shiny|100/100
|-weather|Snowscape|[from] ability: Snow Warning|[of] p1a: KURAMA BLANCO
|
|-weather|Snowscape|[upkeep]
|upkeep
|turn|4
|
|t:|1769306093
|switch|p1a: OVO CHUBBS|Torkoal, M|88/100 par
|-weather|SunnyDay|[from] ability: Drought|[of] p1a: OVO CHUBBS
|move|p2a: Tinkaton|Thunder Wave|p1a: OVO CHUBBS
|-fail|p1a: OVO CHUBBS|par
|
|-weather|SunnyDay|[upkeep]
|upkeep
|turn|5
|
|t:|1769306096
|move|p2a: Tinkaton|Knock Off|p1a: OVO CHUBBS
|-damage|p1a: OVO CHUBBS|79/100 par
|move|p1a: OVO CHUBBS|Lava Plume|p2a: Tinkaton
|-supereffective|p2a: Tinkaton
|-damage|p2a: Tinkaton|0 fnt
|faint|p2a: Tinkaton
|
|-weather|SunnyDay|[upkeep]
|upkeep
|
|t:|1769306101
|switch|p2a: Volcanion|Volcanion|100/100
|turn|6
|
|t:|1769306108
|switch|p1a: KURAMA BLANCO|Ninetales-Alola, M, shiny|100/100
|-weather|Snowscape|[from] ability: Snow Warning|[of] p1a: KURAMA BLANCO
|move|p2a: Volcanion|Steam Eruption|p1a: KURAMA BLANCO
|-damage|p1a: KURAMA BLANCO|30/100
|
|-weather|Snowscape|[upkeep]
|upkeep
|turn|7
|
|t:|1769306118
|move|p1a: KURAMA BLANCO|Freeze-Dry|p2a: Volcanion
|-damage|p2a: Volcanion|67/100
|move|p2a: Volcanion|Flamethrower|p1a: KURAMA BLANCO
|-supereffective|p1a: KURAMA BLANCO
|-damage|p1a: KURAMA BLANCO|0 fnt
|faint|p1a: KURAMA BLANCO
|
|-weather|Snowscape|[upkeep]
|upkeep
|
|t:|1769306120
|switch|p1a: BIRD JESUS|Staraptor, F, shiny|100/100
|turn|8
|
|t:|1769306122
|move|p1a: BIRD JESUS|Brave Bird|p2a: Volcanion
|-damage|p2a: Volcanion|0 fnt
|faint|p2a: Volcanion
|-damage|p1a: BIRD JESUS|79/100|[from] Recoil
|
|-weather|Snowscape|[upkeep]
|upkeep
|
|t:|1769306128
|switch|p2a: Grimmsnarl|Grimmsnarl, M|100/100
|turn|9
|
|t:|1769306137
|move|p2a: Grimmsnarl|Reflect|p2a: Grimmsnarl
|-sidestart|p2: uniandes5|Reflect
|move|p1a: BIRD JESUS|Brave Bird|p2a: Grimmsnarl
|-damage|p2a: Grimmsnarl|43/100
|-damage|p1a: BIRD JESUS|55/100|[from] Recoil
|
|-weather|Snowscape|[upkeep]
|upkeep
|turn|10
|
|t:|1769306153
|switch|p2a: Mew|Mew|100/100
|move|p1a: BIRD JESUS|Brave Bird|p2a: Mew
|-damage|p2a: Mew|60/100
|-damage|p1a: BIRD JESUS|38/100|[from] Recoil
|
|-weather|none
|upkeep
|turn|11
|j| Reixo‽♪
|
|t:|1769306159
|move|p1a: BIRD JESUS|Brave Bird|p2a: Mew
|-damage|p2a: Mew|20/100
|-damage|p1a: BIRD JESUS|21/100|[from] Recoil
|move|p2a: Mew|Drain Punch|p1a: BIRD JESUS
|-damage|p1a: BIRD JESUS|0 fnt
|-heal|p2a: Mew|27/100|[from] drain|[of] p1a: BIRD JESUS
|faint|p1a: BIRD JESUS
|
|upkeep
|
|t:|1769306166
|switch|p1a: BLITZ SOME OPPS|Garchomp, F|100/100
|turn|12
|
|t:|1769306170
|move|p1a: BLITZ SOME OPPS|Stealth Rock|p2a: Mew
|-sidestart|p2: uniandes5|move: Stealth Rock
|move|p2a: Mew|Dragon Dance|p2a: Mew
|-boost|p2a: Mew|atk|1
|-boost|p2a: Mew|spe|1
|
|upkeep
|turn|13
|
|t:|1769306175
|move|p2a: Mew|Earthquake|p1a: BLITZ SOME OPPS
|-damage|p1a: BLITZ SOME OPPS|76/100
|move|p1a: BLITZ SOME OPPS|Breaking Swipe|p2a: Mew
|-damage|p2a: Mew|19/100
|-unboost|p2a: Mew|atk|1
|
|upkeep
|turn|14
|
|t:|1769306184
|move|p2a: Mew|Stored Power|p1a: BLITZ SOME OPPS
|-damage|p1a: BLITZ SOME OPPS|64/100
|move|p1a: BLITZ SOME OPPS|Breaking Swipe|p2a: Mew
|-crit|p2a: Mew
|-damage|p2a: Mew|0 fnt
|faint|p2a: Mew
|
|upkeep
|
|t:|1769306189
|switch|p2a: Grimmsnarl|Grimmsnarl, M|43/100
|-damage|p2a: Grimmsnarl|30/100|[from] Stealth Rock
|turn|15
|
|t:|1769306192
|switch|p1a: DA LAST REX(3005)|Tyranitar, F|89/100
|-weather|Sandstorm|[from] ability: Sand Stream|[of] p1a: DA LAST REX(3005)
|move|p2a: Grimmsnarl|Light Screen|p2a: Grimmsnarl
|-sidestart|p2: uniandes5|move: Light Screen
|
|-weather|Sandstorm|[upkeep]
|-damage|p2a: Grimmsnarl|24/100|[from] Sandstorm
|upkeep
|turn|16
|
|t:|1769306198
|move|p2a: Grimmsnarl|Taunt|p1a: DA LAST REX(3005)
|-hint|Since gen 7, Dark is immune to Prankster moves.
|-immune|p1a: DA LAST REX(3005)
|move|p1a: DA LAST REX(3005)|Knock Off|p2a: Grimmsnarl
|-resisted|p2a: Grimmsnarl
|-damage|p2a: Grimmsnarl|19/100
|-enditem|p2a: Grimmsnarl|Light Clay|[from] move: Knock Off|[of] p1a: DA LAST REX(3005)
|
|-weather|Sandstorm|[upkeep]
|-damage|p2a: Grimmsnarl|13/100|[from] Sandstorm
|-sideend|p2: uniandes5|Reflect
|upkeep
|turn|17
|
|t:|1769306203
|move|p2a: Grimmsnarl|Reflect|p2a: Grimmsnarl
|-sidestart|p2: uniandes5|Reflect
|move|p1a: DA LAST REX(3005)|Knock Off|p2a: Grimmsnarl
|-resisted|p2a: Grimmsnarl
|-damage|p2a: Grimmsnarl|9/100
|
|-weather|Sandstorm|[upkeep]
|-damage|p2a: Grimmsnarl|3/100|[from] Sandstorm
|upkeep
|turn|18
|
|t:|1769306207
|switch|p1a: OVO CHUBBS|Torkoal, M|79/100 par
|-weather|SunnyDay|[from] ability: Drought|[of] p1a: OVO CHUBBS
|move|p2a: Grimmsnarl|Reflect||[still]
|-fail|p2a: Grimmsnarl
|
|-weather|SunnyDay|[upkeep]
|upkeep
|turn|19
|
|t:|1769306213
|switch|p1a: BLITZ SOME OPPS|Garchomp, F|64/100
|move|p2a: Grimmsnarl|Taunt|p1a: BLITZ SOME OPPS
|-start|p1a: BLITZ SOME OPPS|move: Taunt
|
|-weather|SunnyDay|[upkeep]
|upkeep
|turn|20
|
|t:|1769306217
|switch|p1a: OVO CHUBBS|Torkoal, M|79/100 par
|move|p2a: Grimmsnarl|Light Screen||[still]
|-fail|p2a: Grimmsnarl
|
|-weather|SunnyDay|[upkeep]
|upkeep
|turn|21
|l| CownoseRay
|
|t:|1769306224
|move|p2a: Grimmsnarl|Taunt|p1a: OVO CHUBBS
|-start|p1a: OVO CHUBBS|move: Taunt
|move|p1a: OVO CHUBBS|Lava Plume|p2a: Grimmsnarl
|-damage|p2a: Grimmsnarl|0 fnt
|faint|p2a: Grimmsnarl
|
|-weather|SunnyDay|[upkeep]
|-sideend|p2: uniandes5|Reflect
|upkeep
|
|t:|1769306229
|switch|p2a: Latias|Latias, F|100/100
|-damage|p2a: Latias|88/100|[from] Stealth Rock
|turn|22
|
|t:|1769306232
|move|p2a: Latias|Calm Mind|p2a: Latias
|-boost|p2a: Latias|spa|1
|-boost|p2a: Latias|spd|1
|move|p1a: OVO CHUBBS|Clear Smog|p2a: Latias
|-damage|p2a: Latias|86/100
|-clearboost|p2a: Latias
|
|-weather|none
|-sideend|p2: uniandes5|move: Light Screen
|upkeep
|turn|23
|
|t:|1769306239
|move|p2a: Latias|Calm Mind|p2a: Latias
|-boost|p2a: Latias|spa|1
|-boost|p2a: Latias|spd|1
|move|p1a: OVO CHUBBS|Clear Smog|p2a: Latias
|-damage|p2a: Latias|81/100
|-clearboost|p2a: Latias
|
|-end|p1a: OVO CHUBBS|move: Taunt
|upkeep
|turn|24
|
|t:|1769306246
|move|p2a: Latias|Calm Mind|p2a: Latias
|-boost|p2a: Latias|spa|1
|-boost|p2a: Latias|spd|1
|move|p1a: OVO CHUBBS|Will-O-Wisp|p2a: Latias
|-status|p2a: Latias|brn
|-enditem|p2a: Latias|Lum Berry|[eat]
|-curestatus|p2a: Latias|brn|[msg]
|
|upkeep
|turn|25
|
|t:|1769306253
|move|p2a: Latias|Stored Power|p1a: OVO CHUBBS
|-damage|p1a: OVO CHUBBS|33/100 par
|move|p1a: OVO CHUBBS|Clear Smog|p2a: Latias
|-damage|p2a: Latias|75/100
|-clearboost|p2a: Latias
|
|upkeep
|turn|26
|
|t:|1769306258
|move|p2a: Latias|Calm Mind|p2a: Latias
|-boost|p2a: Latias|spa|1
|-boost|p2a: Latias|spd|1
|move|p1a: OVO CHUBBS|Will-O-Wisp|p2a: Latias
|-status|p2a: Latias|brn
|
|-damage|p2a: Latias|69/100 brn|[from] brn
|upkeep
|turn|27
|
|t:|1769306263
|move|p2a: Latias|Stored Power|p1a: OVO CHUBBS
|-damage|p1a: OVO CHUBBS|0 fnt
|faint|p1a: OVO CHUBBS
|
|-damage|p2a: Latias|63/100 brn|[from] brn
|upkeep
|
|t:|1769306265
|switch|p1a: DA LAST REX(3005)|Tyranitar, F|89/100
|-weather|Sandstorm|[from] ability: Sand Stream|[of] p1a: DA LAST REX(3005)
|turn|28
|
|t:|1769306270
|-terastallize|p2a: Latias|Poison
|move|p2a: Latias|Recover|p2a: Latias
|-heal|p2a: Latias|100/100 brn
|move|p1a: DA LAST REX(3005)|Knock Off|p2a: Latias
|-damage|p2a: Latias|78/100 brn
|
|-weather|Sandstorm|[upkeep]
|-damage|p2a: Latias|72/100 brn|[from] Sandstorm
|-damage|p2a: Latias|66/100 brn|[from] brn
|upkeep
|turn|29
|
|t:|1769306277
|move|p2a: Latias|Calm Mind|p2a: Latias
|-boost|p2a: Latias|spa|1
|-boost|p2a: Latias|spd|1
|move|p1a: DA LAST REX(3005)|Knock Off|p2a: Latias
|-damage|p2a: Latias|46/100 brn
|
|-weather|Sandstorm|[upkeep]
|-damage|p2a: Latias|40/100 brn|[from] Sandstorm
|-damage|p2a: Latias|33/100 brn|[from] brn
|upkeep
|turn|30
|
|t:|1769306281
|move|p2a: Latias|Recover|p2a: Latias
|-heal|p2a: Latias|83/100 brn
|move|p1a: DA LAST REX(3005)|Knock Off|p2a: Latias
|-damage|p2a: Latias|60/100 brn
|
|-weather|Sandstorm|[upkeep]
|-damage|p2a: Latias|54/100 brn|[from] Sandstorm
|-damage|p2a: Latias|48/100 brn|[from] brn
|upkeep
|turn|31
|
|t:|1769306287
|move|p2a: Latias|Calm Mind|p2a: Latias
|-boost|p2a: Latias|spa|1
|-boost|p2a: Latias|spd|1
|move|p1a: DA LAST REX(3005)|Knock Off|p2a: Latias
|-damage|p2a: Latias|28/100 brn
|
|-weather|Sandstorm|[upkeep]
|-damage|p2a: Latias|22/100 brn|[from] Sandstorm
|-damage|p2a: Latias|16/100 brn|[from] brn
|upkeep
|turn|32
|
|t:|1769306291
|move|p2a: Latias|Recover|p2a: Latias
|-heal|p2a: Latias|66/100 brn
|move|p1a: DA LAST REX(3005)|Knock Off|p2a: Latias
|-damage|p2a: Latias|46/100 brn
|
|-weather|none
|-damage|p2a: Latias|40/100 brn|[from] brn
|upkeep
|turn|33
|
|t:|1769306295
|switch|p1a: BLITZ SOME OPPS|Garchomp, F|64/100
|move|p2a: Latias|Recover|p2a: Latias
|-heal|p2a: Latias|90/100 brn
|
|-damage|p2a: Latias|84/100 brn|[from] brn
|upkeep
|turn|34
|
|t:|1769306299
|switch|p1a: DA LAST REX(3005)|Tyranitar, F|89/100
|-weather|Sandstorm|[from] ability: Sand Stream|[of] p1a: DA LAST REX(3005)
|move|p2a: Latias|Stored Power|p1a: DA LAST REX(3005)
|-immune|p1a: DA LAST REX(3005)
|
|-weather|Sandstorm|[upkeep]
|-damage|p2a: Latias|78/100 brn|[from] Sandstorm
|-damage|p2a: Latias|72/100 brn|[from] brn
|upkeep
|turn|35
|
|t:|1769306304
|move|p2a: Latias|Calm Mind|p2a: Latias
|-boost|p2a: Latias|spa|1
|-boost|p2a: Latias|spd|1
|move|p1a: DA LAST REX(3005)|Knock Off|p2a: Latias
|-damage|p2a: Latias|52/100 brn
|
|-weather|Sandstorm|[upkeep]
|-damage|p2a: Latias|46/100 brn|[from] Sandstorm
|-damage|p2a: Latias|40/100 brn|[from] brn
|upkeep
|turn|36
|
|t:|1769306318
|move|p2a: Latias|Recover|p2a: Latias
|-heal|p2a: Latias|90/100 brn
|move|p1a: DA LAST REX(3005)|Knock Off|p2a: Latias
|-damage|p2a: Latias|69/100 brn
|
|-weather|Sandstorm|[upkeep]
|-damage|p2a: Latias|63/100 brn|[from] Sandstorm
|-damage|p2a: Latias|57/100 brn|[from] brn
|upkeep
|turn|37
|
|t:|1769306323
|move|p2a: Latias|Recover|p2a: Latias
|-heal|p2a: Latias|100/100 brn
|move|p1a: DA LAST REX(3005)|Knock Off|p2a: Latias
|-damage|p2a: Latias|81/100 brn
|
|-weather|Sandstorm|[upkeep]
|-damage|p2a: Latias|75/100 brn|[from] Sandstorm
|-damage|p2a: Latias|69/100 brn|[from] brn
|upkeep
|turn|38
|
|t:|1769306336
|move|p2a: Latias|Aura Sphere|p1a: DA LAST REX(3005)
|-supereffective|p1a: DA LAST REX(3005)
|-damage|p1a: DA LAST REX(3005)|0 fnt
|faint|p1a: DA LAST REX(3005)
|
|-weather|none
|-damage|p2a: Latias|63/100 brn|[from] brn
|upkeep
|
|t:|1769306353
|switch|p1a: FAT CHARIZARD|Dragonite, M, shiny|100/100
|turn|39
|
|t:|1769306361
|switch|p1a: BLITZ SOME OPPS|Garchomp, F|64/100
|move|p2a: Latias|Stored Power|p1a: BLITZ SOME OPPS
|-damage|p1a: BLITZ SOME OPPS|0 fnt
|faint|p1a: BLITZ SOME OPPS
|
|-damage|p2a: Latias|57/100 brn|[from] brn
|upkeep
|
|t:|1769306364
|switch|p1a: FAT CHARIZARD|Dragonite, M, shiny|100/100
|turn|40
|
|t:|1769306366
|move|p1a: FAT CHARIZARD|Dragon Dance|p1a: FAT CHARIZARD
|-boost|p1a: FAT CHARIZARD|atk|1
|-boost|p1a: FAT CHARIZARD|spe|1
|move|p2a: Latias|Stored Power|p1a: FAT CHARIZARD
|-damage|p1a: FAT CHARIZARD|0 fnt
|faint|p1a: FAT CHARIZARD
|
|win|uniandes5
|raw|Log God Neo✈️_✈️'s rating: 1556 &rarr; <strong>1537</strong><br />(-19 for losing)
|raw|uniandes5's rating: 1576 &rarr; <strong>1595</strong><br />(+19 for winning)
|l|☆Log God Neo✈️_✈️
|player|p1|
|l| Reixo‽♪
|l|☆uniandes5
|player|p2|
