|j|☆DerDonPorrello
|j|☆CranberryHabits
|t:|1769348461
|gametype|singles
|player|p1|DerDonPorrello|hiker-gen4|1171
|player|p2|CranberryHabits|benga|1142
|gen|9
|tier|[Gen 9] OU
|rated|
|rule|HP Percentage Mod: HP is shown in percentages
|rule|Endless Battle Clause: Forcing endless battles is banned
|rule|Species Clause: Limit one of each Pokémon
|rule|OHKO Clause: OHKO moves are banned
|rule|Evasion Items Clause: Evasion items are banned
|rule|Evasion Moves Clause: Evasion moves are banned
|rule|Evasion Abilities Clause: Evasion abilities are banned
|rule|Sleep Moves Clause: Sleep-inducing moves are banned
|clearpoke
|poke|p1|Walking Wake|
|poke|p1|Whimsicott, M|
|poke|p1|Torkoal, F|
|poke|p1|Probopass, F|
|poke|p1|Ogerpon-Cornerstone, F|
|poke|p1|Barraskewda, M|
|poke|p2|Weavile, F|
|poke|p2|Persian-Alola, M|
|poke|p2|Great Tusk|
|poke|p2|Gholdengo|
|poke|p2|Dragonite, F|
|poke|p2|Zapdos|
|teampreview
|j| GruesomeLovelies
|
|t:|1769348473
|teamsize|p1|6
|teamsize|p2|6
|start
|switch|p1a: Ogerpon|Ogerpon-Cornerstone, F|100/100
|switch|p2a: Persian|Persian-Alola, M|100/100
|turn|1
|
|t:|1769348486
|switch|p1a: Whimsicott|Whimsicott, M|100/100
|move|p2a: Persian|Fake Out|p1a: Whimsicott
|-damage|p1a: Whimsicott|93/100
|
|upkeep
|turn|2
|
|t:|1769348511
|move|p1a: Whimsicott|U-turn|p2a: Persian
|-supereffective|p2a: Persian
|-damage|p2a: Persian|84/100
|
|t:|1769348521
|switch|p1a: Torkoal|Torkoal, F|100/100|[from] U-turn
|-weather|SunnyDay|[from] ability: Drought|[of] p1a: Torkoal
|move|p2a: Persian|Snarl|p1a: Torkoal
|-damage|p1a: Torkoal|81/100
|-unboost|p1a: Torkoal|spa|1
|
|-weather|SunnyDay|[upkeep]
|upkeep
|turn|3
|
|t:|1769348531
|move|p2a: Persian|Parting Shot|p1a: Torkoal
|-unboost|p1a: Torkoal|atk|1
|-unboost|p1a: Torkoal|spa|1
|
|t:|1769348548
|switch|p2a: Great Tusk|Great Tusk|100/100|[from] Parting Shot
|-activate|p2a: Great Tusk|ability: Protosynthesis
|-start|p2a: Great Tusk|protosynthesisdef
|move|p1a: Torkoal|Stealth Rock|p2a: Great Tusk
|-sidestart|p2: CranberryHabits|move: Stealth Rock
|
|-weather|SunnyDay|[upkeep]
|upkeep
|turn|4
|
|t:|1769348559
|switch|p1a: Whimsicott|Whimsicott, M|93/100
|move|p2a: Great Tusk|Bulk Up|p2a: Great Tusk
|-boost|p2a: Great Tusk|atk|1
|-boost|p2a: Great Tusk|def|1
|
|-weather|SunnyDay|[upkeep]
|upkeep
|turn|5
|
|t:|1769348567
|move|p1a: Whimsicott|Encore|p2a: Great Tusk
|-start|p2a: Great Tusk|Encore
|move|p2a: Great Tusk|Bulk Up|p2a: Great Tusk
|-boost|p2a: Great Tusk|atk|1
|-boost|p2a: Great Tusk|def|1
|
|-weather|SunnyDay|[upkeep]
|upkeep
|turn|6
|
|t:|1769348577
|-end|p2a: Great Tusk|Protosynthesis|[silent]
|switch|p2a: Persian|Persian-Alola, M|84/100
|move|p1a: Whimsicott|U-turn|p2a: Persian
|-supereffective|p2a: Persian
|-damage|p2a: Persian|67/100
|
|t:|1769348584
|switch|p1a: Walking Wake|Walking Wake|100/100|[from] U-turn
|-activate|p1a: Walking Wake|ability: Protosynthesis
|-start|p1a: Walking Wake|protosynthesisspe
|
|-weather|SunnyDay|[upkeep]
|upkeep
|turn|7
|
|t:|1769348591
|move|p1a: Walking Wake|Hydro Steam|p2a: Persian
|-damage|p2a: Persian|0 fnt
|faint|p2a: Persian
|
|-weather|SunnyDay|[upkeep]
|upkeep
|
|t:|1769348598
|switch|p2a: Dragonite|Dragonite, F|100/100
|turn|8
|
|t:|1769348611
|-end|p1a: Walking Wake|Protosynthesis|[silent]
|switch|p1a: Torkoal|Torkoal, F|81/100
|-terastallize|p2a: Dragonite|Normal
|move|p2a: Dragonite|Dragon Dance|p2a: Dragonite
|-boost|p2a: Dragonite|atk|1
|-boost|p2a: Dragonite|spe|1
|
|-weather|SunnyDay|[upkeep]
|upkeep
|turn|9
|
|t:|1769348619
|move|p2a: Dragonite|Earthquake|p1a: Torkoal
|-supereffective|p1a: Torkoal
|-damage|p1a: Torkoal|17/100
|move|p1a: Torkoal|Will-O-Wisp|p2a: Dragonite|[miss]
|-miss|p1a: Torkoal|p2a: Dragonite
|
|-weather|none
|upkeep
|turn|10
|
|t:|1769348628
|move|p2a: Dragonite|Earthquake|p1a: Torkoal
|-supereffective|p1a: Torkoal
|-damage|p1a: Torkoal|0 fnt
|faint|p1a: Torkoal
|
|upkeep
|
|t:|1769348635
|switch|p1a: Whimsicott|Whimsicott, M|93/100
|turn|11
|
|t:|1769348640
|move|p1a: Whimsicott|Encore|p2a: Dragonite
|-start|p2a: Dragonite|Encore
|move|p2a: Dragonite|Earthquake|p1a: Whimsicott
|-resisted|p1a: Whimsicott
|-damage|p1a: Whimsicott|49/100
|
|upkeep
|turn|12
|
|t:|1769348655
|move|p2a: Dragonite|Earthquake|p1a: Whimsicott
|-resisted|p1a: Whimsicott
|-damage|p1a: Whimsicott|9/100
|move|p1a: Whimsicott|Giga Drain|p2a: Dragonite
|-crit|p2a: Dragonite
|-damage|p2a: Dragonite|78/100
|-heal|p1a: Whimsicott|23/100|[from] drain|[of] p2a: Dragonite
|
|upkeep
|turn|13
|
|t:|1769348666
|move|p2a: Dragonite|Earthquake|p1a: Whimsicott
|-resisted|p1a: Whimsicott
|-damage|p1a: Whimsicott|0 fnt
|faint|p1a: Whimsicott
|
|-end|p2a: Dragonite|Encore
|upkeep
|
|t:|1769348679
|switch|p1a: Ogerpon|Ogerpon-Cornerstone, F|100/100
|turn|14
|
|t:|1769348705
|move|p2a: Dragonite|Earthquake|p1a: Ogerpon
|-damage|p1a: Ogerpon|25/100
|move|p1a: Ogerpon|Low Kick|p2a: Dragonite
|-supereffective|p2a: Dragonite
|-damage|p2a: Dragonite|0 fnt
|faint|p2a: Dragonite
|
|upkeep
|inactive|Battle timer is ON: inactive players will automatically lose when time's up. (requested by DerDonPorrello)
|inactive|CranberryHabits has 120 seconds left.
|
|t:|1769348738
|switch|p2a: Weavile|Weavile, F|100/100
|-ability|p2a: Weavile|Pressure
|turn|15
|
|t:|1769348761
|move|p2a: Weavile|Fake Out|p1a: Ogerpon
|-resisted|p1a: Ogerpon
|-damage|p1a: Ogerpon|17/100
|cant|p1a: Ogerpon|flinch
|
|upkeep
|turn|16
|
|t:|1769348771
|move|p2a: Weavile|Ice Shard|p1a: Ogerpon
|-supereffective|p1a: Ogerpon
|-damage|p1a: Ogerpon|0 fnt
|faint|p1a: Ogerpon
|
|upkeep
|
|t:|1769348774
|switch|p1a: Probopass|Probopass, F|100/100
|turn|17
|
|t:|1769348780
|switch|p2a: Great Tusk|Great Tusk|100/100
|-damage|p2a: Great Tusk|98/100|[from] Stealth Rock
|move|p1a: Probopass|Meteor Beam||[still]
|-prepare|p1a: Probopass|Meteor Beam
|-boost|p1a: Probopass|spa|1
|-enditem|p1a: Probopass|Power Herb
|-anim|p1a: Probopass|Meteor Beam|p2a: Great Tusk
|-resisted|p2a: Great Tusk
|-damage|p2a: Great Tusk|73/100
|
|-heal|p2a: Great Tusk|79/100|[from] item: Leftovers
|upkeep
|turn|18
|
|t:|1769348796
|move|p2a: Great Tusk|Rapid Spin|p1a: Probopass
|-resisted|p1a: Probopass
|-damage|p1a: Probopass|98/100
|-boost|p2a: Great Tusk|spe|1
|-sideend|p2: CranberryHabits|Stealth Rock|[from] move: Rapid Spin|[of] p2a: Great Tusk
|move|p1a: Probopass|Dazzling Gleam|p2a: Great Tusk
|-supereffective|p2a: Great Tusk
|-damage|p2a: Great Tusk|0 fnt
|faint|p2a: Great Tusk
|-end|p2a: Great Tusk|Protosynthesis|[silent]
|
|upkeep
|inactive|CranberryHabits has 120 seconds left.
|
|t:|1769348833
|switch|p2a: Gholdengo|Gholdengo|100/100
|turn|19
|
|t:|1769348851
|move|p2a: Gholdengo|Shadow Ball|p1a: Probopass
|-damage|p1a: Probopass|67/100
|move|p1a: Probopass|Earth Power|p2a: Gholdengo
|-supereffective|p2a: Gholdengo
|-damage|p2a: Gholdengo|26/100
|-unboost|p2a: Gholdengo|spd|1
|
|-heal|p2a: Gholdengo|32/100|[from] item: Leftovers
|upkeep
|turn|20
|
|t:|1769348865
|switch|p2a: Zapdos|Zapdos|100/100
|move|p1a: Probopass|Earth Power|p2a: Zapdos
|-immune|p2a: Zapdos
|
|upkeep
|turn|21
|
|t:|1769348879
|move|p2a: Zapdos|Volt Switch|p1a: Probopass
|-damage|p1a: Probopass|43/100
|
|t:|1769348889
|switch|p2a: Gholdengo|Gholdengo|32/100|[from] Volt Switch
|move|p1a: Probopass|Meteor Beam||[still]
|-prepare|p1a: Probopass|Meteor Beam
|-boost|p1a: Probopass|spa|1
|
|-heal|p2a: Gholdengo|38/100|[from] item: Leftovers
|upkeep
|turn|22
|
|t:|1769348917
|move|p2a: Gholdengo|Recover|p2a: Gholdengo
|-heal|p2a: Gholdengo|89/100
|move|p1a: Probopass|Meteor Beam|p2a: Gholdengo|[from] lockedmove
|-resisted|p2a: Gholdengo
|-damage|p2a: Gholdengo|38/100
|
|-heal|p2a: Gholdengo|45/100|[from] item: Leftovers
|upkeep
|turn|23
|
|t:|1769348929
|move|p2a: Gholdengo|Shadow Ball|p1a: Probopass
|-damage|p1a: Probopass|11/100
|move|p1a: Probopass|Earth Power|p2a: Gholdengo
|-supereffective|p2a: Gholdengo
|-damage|p2a: Gholdengo|0 fnt
|faint|p2a: Gholdengo
|
|upkeep
|
|t:|1769348936
|switch|p2a: Zapdos|Zapdos|100/100
|turn|24
|
|t:|1769348951
|move|p2a: Zapdos|Volt Switch|p1a: Probopass
|-damage|p1a: Probopass|0 fnt
|faint|p1a: Probopass
|
|t:|1769348955
|switch|p2a: Weavile|Weavile, F|100/100|[from] Volt Switch
|-ability|p2a: Weavile|Pressure
|
|upkeep
|inactive|DerDonPorrello has 120 seconds left.
|
|t:|1769348994
|switch|p1a: Barraskewda|Barraskewda, M|100/100
|turn|25
|inactive|DerDonPorrello has 90 seconds left.
|
|t:|1769349025
|move|p2a: Weavile|Fake Out|p1a: Barraskewda
|-damage|p1a: Barraskewda|74/100
|cant|p1a: Barraskewda|flinch
|
|upkeep
|turn|26
|
|t:|1769349031
|switch|p2a: Zapdos|Zapdos|100/100
|move|p1a: Barraskewda|Liquidation|p2a: Zapdos
|-damage|p2a: Zapdos|49/100
|-unboost|p2a: Zapdos|def|1
|-status|p1a: Barraskewda|par|[from] ability: Static|[of] p2a: Zapdos
|
|upkeep
|turn|27
|inactive|DerDonPorrello has 90 seconds left.
|
|t:|1769349048
|move|p2a: Zapdos|Roost|p2a: Zapdos
|-heal|p2a: Zapdos|99/100
|-singleturn|p2a: Zapdos|move: Roost
|move|p1a: Barraskewda|Liquidation|p2a: Zapdos
|-damage|p2a: Zapdos|23/100
|
|upkeep
|turn|28
|
|t:|1769349061
|switch|p2a: Weavile|Weavile, F|100/100
|-ability|p2a: Weavile|Pressure
|move|p1a: Barraskewda|Liquidation|p2a: Weavile
|-damage|p2a: Weavile|0 fnt
|faint|p2a: Weavile
|
|upkeep
|
|t:|1769349069
|switch|p2a: Zapdos|Zapdos|23/100
|turn|29
|
|t:|1769349079
|move|p2a: Zapdos|Roost|p2a: Zapdos
|-heal|p2a: Zapdos|73/100
|-singleturn|p2a: Zapdos|move: Roost
|cant|p1a: Barraskewda|par
|
|upkeep
|turn|30
|
|t:|1769349085
|move|p2a: Zapdos|Thunderbolt|p1a: Barraskewda
|-supereffective|p1a: Barraskewda
|-damage|p1a: Barraskewda|0 fnt
|faint|p1a: Barraskewda
|
|upkeep
|
|t:|1769349090
|switch|p1a: Walking Wake|Walking Wake|100/100
|turn|31
|inactive|DerDonPorrello has 120 seconds left.
|
|t:|1769349098
|move|p1a: Walking Wake|Draco Meteor|p2a: Zapdos
|-damage|p2a: Zapdos|0 fnt
|-unboost|p1a: Walking Wake|spa|2
|faint|p2a: Zapdos
|
|win|DerDonPorrello
|raw|DerDonPorrello's rating: 1171 &rarr; <strong>1194</strong><br />(+23 for winning)
|raw|CranberryHabits's rating: 1142 &rarr; <strong>1119</strong><br />(-23 for losing)
|c|☆CranberryHabits|gg
