|j|☆its called
|j|☆lordweirdo17
|t:|1769322593
|gametype|singles
|player|p1|its called|blue|1124
|player|p2|lordweirdo17|fisherman-gen4|1205
|gen|9
|tier|[Gen 9] OU
|rated|
|rule|HP Percentage Mod: HP is shown in percentages
|rule|Endless Battle Clause: Forcing endless battles is banned
|rule|Species Clause: Limit one of each Pokémon
|rule|OHKO Clause: OHKO moves are banned
|rule|Evasion Items Clause: Evasion items are banned
|rule|Evasion Moves Clause: Evasion moves are banned
|rule|Evasion Abilities Clause: Evasion abilities are banned
|rule|Sleep Moves Clause: Sleep-inducing moves are banned
|clearpoke
|poke|p1|Alomomola, M|
|poke|p1|Blissey, F|
|poke|p1|Clodsire, F|
|poke|p1|Gliscor, F|
|poke|p1|Dondozo, M|
|poke|p1|Muk, F|
|poke|p2|Iron Valiant|
|poke|p2|Great Tusk|
|poke|p2|Deoxys-Speed|
|poke|p2|Kingambit, F|
|poke|p2|Dondozo, M|
|poke|p2|Cinderace, F|
|teampreview
|inactive|Battle timer is ON: inactive players will automatically lose when time's up. (requested by lordweirdo17)
|
|t:|1769322608
|teamsize|p1|6
|teamsize|p2|6
|start
|switch|p1a: Gliscor|Gliscor, F|100/100
|switch|p2a: Cinderace|Cinderace, F|100/100
|turn|1
|
|t:|1769322614
|move|p1a: Gliscor|Protect|p1a: Gliscor
|-singleturn|p1a: Gliscor|Protect
|move|p2a: Cinderace|U-turn|p1a: Gliscor
|-start|p2a: Cinderace|typechange|Bug|[from] ability: Libero
|-activate|p1a: Gliscor|move: Protect
|
|-status|p1a: Gliscor|tox|[from] item: Toxic Orb
|upkeep
|turn|2
|
|t:|1769322622
|move|p2a: Cinderace|U-turn|p1a: Gliscor
|-resisted|p1a: Gliscor
|-damage|p1a: Gliscor|90/100 tox
|
|t:|1769322626
|switch|p2a: Kingambit|Kingambit, F|100/100|[from] U-turn
|move|p1a: Gliscor|Knock Off|p2a: Kingambit
|-resisted|p2a: Kingambit
|-damage|p2a: Kingambit|91/100
|-enditem|p2a: Kingambit|Lum Berry|[from] move: Knock Off|[of] p1a: Gliscor
|
|-heal|p1a: Gliscor|100/100 tox|[from] ability: Poison Heal
|upkeep
|turn|3
|
|t:|1769322638
|-end|p2a: Kingambit|fallenundefined|[silent]
|switch|p2a: Great Tusk|Great Tusk|100/100
|-enditem|p2a: Great Tusk|Booster Energy
|-activate|p2a: Great Tusk|ability: Protosynthesis|[fromitem]
|-start|p2a: Great Tusk|protosynthesisspe
|move|p1a: Gliscor|Spikes|p2a: Great Tusk
|-sidestart|p2: lordweirdo17|Spikes
|
|upkeep
|turn|4
|
|t:|1769322650
|switch|p1a: Alomomola|Alomomola, M|100/100
|-terastallize|p2a: Great Tusk|Poison
|move|p2a: Great Tusk|Bulk Up|p2a: Great Tusk
|-boost|p2a: Great Tusk|atk|1
|-boost|p2a: Great Tusk|def|1
|
|upkeep
|turn|5
|
|t:|1769322657
|move|p2a: Great Tusk|Rapid Spin|p1a: Alomomola
|-damage|p1a: Alomomola|89/100
|-boost|p2a: Great Tusk|spe|1
|-sideend|p2: lordweirdo17|Spikes|[from] move: Rapid Spin|[of] p2a: Great Tusk
|move|p1a: Alomomola|Flip Turn|p2a: Great Tusk
|-damage|p2a: Great Tusk|94/100
|
|t:|1769322660
|switch|p1a: Dondozo|Dondozo, M|100/100|[from] Flip Turn
|
|upkeep
|turn|6
|
|t:|1769322673
|move|p2a: Great Tusk|Headlong Rush|p1a: Dondozo
|-damage|p1a: Dondozo|78/100
|-unboost|p2a: Great Tusk|def|1
|-unboost|p2a: Great Tusk|spd|1
|move|p1a: Dondozo|Curse|p1a: Dondozo
|-unboost|p1a: Dondozo|spe|1
|-boost|p1a: Dondozo|atk|1
|-boost|p1a: Dondozo|def|1
|
|upkeep
|turn|7
|
|t:|1769322681
|-end|p2a: Great Tusk|Protosynthesis|[silent]
|switch|p2a: Dondozo|Dondozo, M|100/100
|move|p1a: Dondozo|Curse|p1a: Dondozo
|-unboost|p1a: Dondozo|spe|1
|-boost|p1a: Dondozo|atk|1
|-boost|p1a: Dondozo|def|1
|
|upkeep
|turn|8
|
|t:|1769322691
|switch|p1a: Alomomola|Alomomola, M|100/100
|move|p2a: Dondozo|Waterfall|p1a: Alomomola
|-resisted|p1a: Alomomola
|-damage|p1a: Alomomola|93/100
|
|upkeep
|turn|9
|
|t:|1769322699
|switch|p2a: Deoxys|Deoxys-Speed, shiny|100/100
|-ability|p2a: Deoxys|Pressure
|move|p1a: Alomomola|Scald|p2a: Deoxys
|-damage|p2a: Deoxys|84/100
|-status|p2a: Deoxys|brn
|
|-damage|p2a: Deoxys|78/100 brn|[from] brn
|upkeep
|turn|10
|
|t:|1769322708
|move|p1a: Alomomola|Protect|p1a: Alomomola
|-singleturn|p1a: Alomomola|Protect
|move|p2a: Deoxys|Taunt|p1a: Alomomola
|-activate|p1a: Alomomola|move: Protect
|
|-damage|p2a: Deoxys|72/100 brn|[from] brn
|upkeep
|turn|11
|
|t:|1769322720
|switch|p1a: Gliscor|Gliscor, F|100/100 tox
|move|p2a: Deoxys|Psycho Boost|p1a: Gliscor|[miss]
|-miss|p2a: Deoxys|p1a: Gliscor
|
|-damage|p2a: Deoxys|67/100 brn|[from] brn
|upkeep
|turn|12
|
|t:|1769322732
|move|p2a: Deoxys|Taunt|p1a: Gliscor
|-start|p1a: Gliscor|move: Taunt
|move|p1a: Gliscor|Knock Off|p2a: Deoxys
|-supereffective|p2a: Deoxys
|-damage|p2a: Deoxys|15/100 brn
|-enditem|p2a: Deoxys|Light Clay|[from] move: Knock Off|[of] p1a: Gliscor
|
|-damage|p2a: Deoxys|9/100 brn|[from] brn
|upkeep
|turn|13
|
|t:|1769322744
|switch|p2a: Great Tusk|Great Tusk, tera:Poison|94/100
|switch|p1a: Alomomola|Alomomola, M|100/100
|
|upkeep
|turn|14
|
|t:|1769322759
|-end|p2a: Great Tusk|Protosynthesis|[silent]
|switch|p2a: Kaiba|Iron Valiant, shiny|100/100
|-enditem|p2a: Kaiba|Booster Energy
|-activate|p2a: Kaiba|ability: Quark Drive|[fromitem]
|-start|p2a: Kaiba|quarkdrivespe
|move|p1a: Alomomola|Scald|p2a: Kaiba
|-damage|p2a: Kaiba|72/100
|-status|p2a: Kaiba|brn
|
|-damage|p2a: Kaiba|66/100 brn|[from] brn
|upkeep
|turn|15
|
|t:|1769322772
|switch|p1a: Muk|Muk, F|100/100
|move|p2a: Kaiba|Calm Mind|p2a: Kaiba
|-boost|p2a: Kaiba|spa|1
|-boost|p2a: Kaiba|spd|1
|
|-damage|p2a: Kaiba|60/100 brn|[from] brn
|upkeep
|turn|16
|
|t:|1769322783
|move|p2a: Kaiba|Shadow Ball|p1a: Muk
|-damage|p1a: Muk|70/100
|-unboost|p1a: Muk|spd|1
|move|p1a: Muk|Poison Jab|p2a: Kaiba
|-supereffective|p2a: Kaiba
|-damage|p2a: Kaiba|0 fnt
|faint|p2a: Kaiba
|-end|p2a: Kaiba|Quark Drive|[silent]
|
|upkeep
|-message|lordweirdo17 forfeited.
|
|win|its called
|raw|its called's rating: 1124 &rarr; <strong>1155</strong><br />(+31 for winning)
|raw|lordweirdo17's rating: 1205 &rarr; <strong>1174</strong><br />(-31 for losing)
|l|☆lordweirdo17
|player|p2|
|l|☆its called
|player|p1|
