|j|☆Phillip Blevin
|j|☆waplejoos
|t:|1769413919
|gametype|singles
|player|p1|Phillip Blevin|265|1448
|player|p2|waplejoos|265|1321
|gen|9
|tier|[Gen 9] OU
|rated|
|rule|HP Percentage Mod: HP is shown in percentages
|rule|Endless Battle Clause: Forcing endless battles is banned
|rule|Species Clause: Limit one of each Pokémon
|rule|OHKO Clause: OHKO moves are banned
|rule|Evasion Items Clause: Evasion items are banned
|rule|Evasion Moves Clause: Evasion moves are banned
|rule|Evasion Abilities Clause: Evasion abilities are banned
|rule|Sleep Moves Clause: Sleep-inducing moves are banned
|clearpoke
|poke|p1|Iron Hands|
|poke|p1|Mandibuzz, F|
|poke|p1|Garganacl, F|
|poke|p1|Landorus-Therian, M|
|poke|p1|Alomomola, M|
|poke|p1|Dragapult, F|
|poke|p2|Glimmora, F|
|poke|p2|Ceruledge, M|
|poke|p2|Primarina, F|
|poke|p2|Garchomp, F|
|poke|p2|Mandibuzz, F|
|poke|p2|Pawmot, F|
|teampreview
|inactive|Battle timer is ON: inactive players will automatically lose when time's up. (requested by Phillip Blevin)
|
|t:|1769413926
|teamsize|p1|6
|teamsize|p2|6
|start
|switch|p1a: Landorus|Landorus-Therian, M|100/100
|switch|p2a: Glimmora|Glimmora, F|100/100
|-ability|p1a: Landorus|Intimidate|boost
|-unboost|p2a: Glimmora|atk|1
|turn|1
|
|t:|1769413934
|-terastallize|p2a: Glimmora|Flying
|move|p1a: Landorus|Earthquake|p2a: Glimmora
|-immune|p2a: Glimmora
|move|p2a: Glimmora|Stealth Rock|p1a: Landorus
|-sidestart|p1: Phillip Blevin|move: Stealth Rock
|
|upkeep
|turn|2
|
|t:|1769413943
|switch|p1a: Garganacl|Garganacl, F|100/100
|-damage|p1a: Garganacl|88/100|[from] Stealth Rock
|move|p2a: Glimmora|Meteor Beam||[still]
|-prepare|p2a: Glimmora|Meteor Beam
|-boost|p2a: Glimmora|spa|1
|-enditem|p2a: Glimmora|Power Herb
|-anim|p2a: Glimmora|Meteor Beam|p1a: Garganacl
|-damage|p1a: Garganacl|28/100
|
|-heal|p1a: Garganacl|35/100|[from] item: Leftovers
|upkeep
|turn|3
|
|t:|1769413953
|switch|p1a: Landorus|Landorus-Therian, M|100/100
|-damage|p1a: Landorus|88/100|[from] Stealth Rock
|-ability|p1a: Landorus|Intimidate|boost
|-unboost|p2a: Glimmora|atk|1
|move|p2a: Glimmora|Energy Ball|p1a: Landorus
|-damage|p1a: Landorus|15/100
|
|upkeep
|turn|4
|
|t:|1769413964
|move|p1a: Landorus|Stone Edge|p2a: Glimmora
|-supereffective|p2a: Glimmora
|-damage|p2a: Glimmora|12/100
|-activate|p2a: Glimmora|ability: Toxic Debris
|-sidestart|p1: Phillip Blevin|move: Toxic Spikes
|move|p2a: Glimmora|Sludge Wave|p1a: Landorus
|-resisted|p1a: Landorus
|-damage|p1a: Landorus|0 fnt
|faint|p1a: Landorus
|
|upkeep
|
|t:|1769413971
|switch|p1a: Alomomola|Alomomola, M|100/100
|turn|5
|
|t:|1769413982
|move|p1a: Alomomola|Protect|p1a: Alomomola
|-singleturn|p1a: Alomomola|Protect
|move|p2a: Glimmora|Energy Ball|p1a: Alomomola
|-activate|p1a: Alomomola|move: Protect
|
|upkeep
|turn|6
|
|t:|1769413993
|switch|p1a: Mandibuzz|Mandibuzz, F|100/100
|move|p2a: Glimmora|Energy Ball|p1a: Mandibuzz
|-resisted|p1a: Mandibuzz
|-crit|p1a: Mandibuzz
|-damage|p1a: Mandibuzz|73/100
|
|upkeep
|turn|7
|
|t:|1769414003
|move|p2a: Glimmora|Sludge Wave|p1a: Mandibuzz
|-damage|p1a: Mandibuzz|14/100
|move|p1a: Mandibuzz|Foul Play|p2a: Glimmora
|-damage|p2a: Glimmora|3/100
|-activate|p2a: Glimmora|ability: Toxic Debris
|-sidestart|p1: Phillip Blevin|move: Toxic Spikes
|
|upkeep
|turn|8
|
|t:|1769414011
|move|p2a: Glimmora|Energy Ball|p1a: Mandibuzz
|-resisted|p1a: Mandibuzz
|-damage|p1a: Mandibuzz|0 fnt
|faint|p1a: Mandibuzz
|
|upkeep
|
|t:|1769414021
|switch|p1a: Dragapult|Dragapult, F|100/100
|-damage|p1a: Dragapult|88/100|[from] Stealth Rock
|-status|p1a: Dragapult|tox
|turn|9
|
|t:|1769414031
|move|p1a: Dragapult|U-turn|p2a: Glimmora
|-resisted|p2a: Glimmora
|-damage|p2a: Glimmora|0 fnt
|faint|p2a: Glimmora
|
|t:|1769414036
|switch|p1a: Garganacl|Garganacl, F|35/100|[from] U-turn
|-damage|p1a: Garganacl|22/100|[from] Stealth Rock
|
|-heal|p1a: Garganacl|28/100|[from] item: Leftovers
|upkeep
|
|t:|1769414050
|switch|p2a: Ceruledge|Ceruledge, M|100/100
|turn|10
|
|t:|1769414056
|move|p2a: Ceruledge|Poltergeist|p1a: Garganacl
|-activate|p1a: Garganacl|move: Poltergeist|Leftovers
|-damage|p1a: Garganacl|9/100
|move|p1a: Garganacl|Recover|p1a: Garganacl
|-heal|p1a: Garganacl|59/100
|
|-heal|p1a: Garganacl|65/100|[from] item: Leftovers
|upkeep
|turn|11
|
|t:|1769414066
|switch|p2a: Garchomp|Garchomp, F|100/100
|move|p1a: Garganacl|Iron Defense|p1a: Garganacl
|-boost|p1a: Garganacl|def|2
|
|-heal|p1a: Garganacl|71/100|[from] item: Leftovers
|upkeep
|turn|12
|
|t:|1769414073
|move|p2a: Garchomp|Swords Dance|p2a: Garchomp
|-boost|p2a: Garchomp|atk|2
|move|p1a: Garganacl|Iron Defense|p1a: Garganacl
|-boost|p1a: Garganacl|def|2
|
|-heal|p1a: Garganacl|77/100|[from] item: Leftovers
|upkeep
|turn|13
|
|t:|1769414077
|move|p2a: Garchomp|Swords Dance|p2a: Garchomp
|-boost|p2a: Garchomp|atk|2
|move|p1a: Garganacl|Iron Defense|p1a: Garganacl
|-boost|p1a: Garganacl|def|2
|
|-heal|p1a: Garganacl|84/100|[from] item: Leftovers
|upkeep
|turn|14
|
|t:|1769414083
|move|p2a: Garchomp|Swords Dance|p2a: Garchomp
|-boost|p2a: Garchomp|atk|2
|move|p1a: Garganacl|Body Press|p2a: Garchomp
|-damage|p2a: Garchomp|41/100
|-damage|p1a: Garganacl|71/100|[from] ability: Rough Skin|[of] p2a: Garchomp
|
|-heal|p1a: Garganacl|77/100|[from] item: Leftovers
|upkeep
|turn|15
|
|t:|1769414099
|move|p2a: Garchomp|Earthquake|p1a: Garganacl
|-supereffective|p1a: Garganacl
|-damage|p1a: Garganacl|11/100
|move|p1a: Garganacl|Body Press|p2a: Garchomp
|-damage|p2a: Garchomp|0 fnt
|-damage|p1a: Garganacl|0 fnt|[from] ability: Rough Skin|[of] p2a: Garchomp
|faint|p2a: Garchomp
|faint|p1a: Garganacl
|
|upkeep
|
|t:|1769414114
|switch|p2a: Ceruledge|Ceruledge, M|100/100
|switch|p1a: Dragapult|Dragapult, F|88/100 tox
|-damage|p1a: Dragapult|76/100 tox|[from] Stealth Rock
|turn|16
|
|t:|1769414120
|move|p2a: Ceruledge|Endure|p2a: Ceruledge
|-singleturn|p2a: Ceruledge|move: Endure
|move|p1a: Dragapult|Dragon Darts|p2a: Ceruledge
|-damage|p2a: Ceruledge|57/100
|-ability|p2a: Ceruledge|Weak Armor|boost
|-unboost|p2a: Ceruledge|def|1
|-boost|p2a: Ceruledge|spe|2
|-anim|p1a: Dragapult|Dragon Darts|p2a: Ceruledge
|-activate|p2a: Ceruledge|move: Endure
|-damage|p2a: Ceruledge|1/100
|-ability|p2a: Ceruledge|Weak Armor|boost
|-unboost|p2a: Ceruledge|def|1
|-boost|p2a: Ceruledge|spe|2
|
|-damage|p1a: Dragapult|70/100 tox|[from] psn
|upkeep
|turn|17
|
|t:|1769414137
|switch|p1a: Alomomola|Alomomola, M|100/100
|move|p2a: Ceruledge|Poltergeist|p1a: Alomomola
|-activate|p1a: Alomomola|move: Poltergeist|Heavy-Duty Boots
|-damage|p1a: Alomomola|70/100
|
|upkeep
|turn|18
|
|t:|1769414149
|move|p2a: Ceruledge|Endure|p2a: Ceruledge
|-singleturn|p2a: Ceruledge|move: Endure
|move|p1a: Alomomola|Wish|p1a: Alomomola
|
|upkeep
|turn|19
|
|t:|1769414159
|move|p2a: Ceruledge|Endure|p2a: Ceruledge
|-singleturn|p2a: Ceruledge|move: Endure
|move|p1a: Alomomola|Flip Turn|p2a: Ceruledge
|-supereffective|p2a: Ceruledge
|-activate|p2a: Ceruledge|move: Endure
|-damage|p2a: Ceruledge|1/100
|-ability|p2a: Ceruledge|Weak Armor|boost
|-unboost|p2a: Ceruledge|def|1
|-boost|p2a: Ceruledge|spe|2
|-enditem|p2a: Ceruledge|Weakness Policy
|-boost|p2a: Ceruledge|atk|2|[from] item: Weakness Policy
|-boost|p2a: Ceruledge|spa|2|[from] item: Weakness Policy
|
|t:|1769414163
|switch|p1a: Iron Hands|Iron Hands|100/100|[from] Flip Turn
|-damage|p1a: Iron Hands|94/100|[from] Stealth Rock
|-status|p1a: Iron Hands|tox
|
|-heal|p1a: Iron Hands|100/100 tox|[from] move: Wish|[wisher] Alomomola
|-damage|p1a: Iron Hands|94/100 tox|[from] psn
|upkeep
|turn|20
|
|t:|1769414172
|move|p2a: Ceruledge|Bitter Blade|p1a: Iron Hands
|-damage|p1a: Iron Hands|26/100 tox
|-heal|p2a: Ceruledge|44/100|[from] drain|[of] p1a: Iron Hands
|move|p1a: Iron Hands|Earthquake|p2a: Ceruledge
|-supereffective|p2a: Ceruledge
|-damage|p2a: Ceruledge|0 fnt
|faint|p2a: Ceruledge
|
|-damage|p1a: Iron Hands|13/100 tox|[from] psn
|upkeep
|
|t:|1769414182
|switch|p2a: Pawmot|Pawmot, F|100/100
|turn|21
|
|t:|1769414192
|move|p2a: Pawmot|Close Combat|p1a: Iron Hands
|-damage|p1a: Iron Hands|0 fnt
|-unboost|p2a: Pawmot|def|1
|-unboost|p2a: Pawmot|spd|1
|faint|p1a: Iron Hands
|-end|p1a: Iron Hands|Quark Drive|[silent]
|
|upkeep
|
|t:|1769414197
|switch|p1a: Dragapult|Dragapult, F|70/100 tox
|-damage|p1a: Dragapult|58/100 tox|[from] Stealth Rock
|turn|22
|
|t:|1769414204
|-terastallize|p1a: Dragapult|Ghost
|move|p1a: Dragapult|Tera Blast|p2a: Pawmot|[anim] Tera Blast Ghost
|-enditem|p2a: Pawmot|Focus Sash
|-damage|p2a: Pawmot|1/100
|move|p2a: Pawmot|Knock Off|p1a: Dragapult
|-supereffective|p1a: Dragapult
|-damage|p1a: Dragapult|0 fnt
|-enditem|p1a: Dragapult|Choice Band|[from] move: Knock Off|[of] p2a: Pawmot
|faint|p1a: Dragapult
|
|upkeep
|-message|Phillip Blevin forfeited.
|
|win|waplejoos
|raw|Phillip Blevin's rating: 1448 &rarr; <strong>1421</strong><br />(-27 for losing)
|raw|waplejoos's rating: 1321 &rarr; <strong>1348</strong><br />(+27 for winning)
