|badge|p1|bronze|gen9ou|100-8
|uhtml|medal-msg|<div class="broadcast-blue">Curious what those medals under the avatar are? PS now has Ladder Seasons! For more information, check out the <a href="https://www.smogon.com/forums/threads/3740067/">thread on Smogon.</a></div>
|j|☆noob1877 test
|j|☆CambridgeFoulPlay
|t:|1769379919
|gametype|singles
|player|p1|noob1877 test|1|1836
|player|p2|CambridgeFoulPlay|266|1879
|gen|9
|tier|[Gen 9] OU
|rated|
|rule|HP Percentage Mod: HP is shown in percentages
|rule|Endless Battle Clause: Forcing endless battles is banned
|rule|Species Clause: Limit one of each Pokémon
|rule|OHKO Clause: OHKO moves are banned
|rule|Evasion Items Clause: Evasion items are banned
|rule|Evasion Moves Clause: Evasion moves are banned
|rule|Evasion Abilities Clause: Evasion abilities are banned
|rule|Sleep Moves Clause: Sleep-inducing moves are banned
|clearpoke
|poke|p1|Kyurem|
|poke|p1|Alomomola, F|
|poke|p1|Keldeo-Resolute|
|poke|p1|Zapdos|
|poke|p1|Cresselia, F|
|poke|p1|Iron Treads|
|poke|p2|Hydrapple, M|
|poke|p2|Tyranitar, F|
|poke|p2|Moltres|
|poke|p2|Zamazenta-*|
|poke|p2|Slowking-Galar, M|
|poke|p2|Excadrill, F|
|teampreview
|c|☆CambridgeFoulPlay|hf
|j| zouzmaa
|inactive|Battle timer is ON: inactive players will automatically lose when time's up. (requested by CambridgeFoulPlay)
|
|t:|1769379937
|teamsize|p1|6
|teamsize|p2|6
|start
|switch|p1a: Kyurem|Kyurem|100/100
|switch|p2a: Tyranitar|Tyranitar, F|100/100
|-ability|p1a: Kyurem|Pressure
|-weather|Sandstorm|[from] ability: Sand Stream|[of] p2a: Tyranitar
|turn|1
|
|t:|1769379946
|switch|p1a: Alomomola|Alomomola, F|100/100
|move|p2a: Tyranitar|Knock Off|p1a: Alomomola
|-damage|p1a: Alomomola|74/100
|-enditem|p1a: Alomomola|Heavy-Duty Boots|[from] move: Knock Off|[of] p2a: Tyranitar
|
|-weather|Sandstorm|[upkeep]
|-damage|p1a: Alomomola|68/100|[from] Sandstorm
|upkeep
|turn|2
|
|t:|1769379949
|move|p2a: Tyranitar|Knock Off|p1a: Alomomola
|-damage|p1a: Alomomola|51/100
|move|p1a: Alomomola|Flip Turn|p2a: Tyranitar
|-supereffective|p2a: Tyranitar
|-damage|p2a: Tyranitar|74/100
|
|t:|1769379952
|switch|p1a: Keldeo|Keldeo-Resolute|100/100|[from] Flip Turn
|
|-weather|Sandstorm|[upkeep]
|-damage|p1a: Keldeo|94/100|[from] Sandstorm
|upkeep
|turn|3
|
|t:|1769379955
|switch|p2a: Hydrapple|Hydrapple, M|100/100
|move|p1a: Keldeo|Flip Turn|p2a: Hydrapple
|-resisted|p2a: Hydrapple
|-damage|p2a: Hydrapple|98/100
|
|t:|1769379957
|switch|p1a: Kyurem|Kyurem|100/100|[from] Flip Turn
|-ability|p1a: Kyurem|Pressure
|
|-weather|Sandstorm|[upkeep]
|-damage|p1a: Kyurem|94/100|[from] Sandstorm
|-damage|p2a: Hydrapple|92/100|[from] Sandstorm
|-heal|p1a: Kyurem|100/100|[from] item: Leftovers
|upkeep
|turn|4
|
|t:|1769379968
|switch|p2a: Tyranitar|Tyranitar, F|74/100
|move|p1a: Kyurem|Substitute|p1a: Kyurem
|-start|p1a: Kyurem|Substitute
|-damage|p1a: Kyurem|76/100
|
|-weather|Sandstorm|[upkeep]
|-damage|p1a: Kyurem|70/100|[from] Sandstorm
|-heal|p1a: Kyurem|76/100|[from] item: Leftovers
|upkeep
|turn|5
|
|t:|1769379971
|move|p1a: Kyurem|Dragon Dance|p1a: Kyurem
|-boost|p1a: Kyurem|atk|1
|-boost|p1a: Kyurem|spe|1
|move|p2a: Tyranitar|Knock Off|p1a: Kyurem
|-end|p1a: Kyurem|Substitute
|
|-weather|Sandstorm|[upkeep]
|-damage|p1a: Kyurem|70/100|[from] Sandstorm
|-heal|p1a: Kyurem|76/100|[from] item: Leftovers
|upkeep
|turn|6
|
|t:|1769379974
|move|p1a: Kyurem|Protect|p1a: Kyurem
|-singleturn|p1a: Kyurem|Protect
|move|p2a: Tyranitar|Knock Off|p1a: Kyurem
|-activate|p1a: Kyurem|move: Protect
|
|-weather|Sandstorm|[upkeep]
|-damage|p1a: Kyurem|70/100|[from] Sandstorm
|-heal|p1a: Kyurem|76/100|[from] item: Leftovers
|upkeep
|turn|7
|j| Samurajen
|inactive|noob1877 test has 120 seconds left.
|
|t:|1769380014
|switch|p1a: Alomomola|Alomomola, F|85/100
|move|p2a: Tyranitar|Stealth Rock|p1a: Alomomola
|-sidestart|p1: noob1877 test|move: Stealth Rock
|
|-weather|Sandstorm|[upkeep]
|-damage|p1a: Alomomola|79/100|[from] Sandstorm
|upkeep
|turn|8
|
|t:|1769380018
|switch|p2a: Hydrapple|Hydrapple, M|100/100
|move|p1a: Alomomola|Flip Turn|p2a: Hydrapple
|-resisted|p2a: Hydrapple
|-damage|p2a: Hydrapple|98/100
|
|t:|1769380023
|switch|p1a: Zapdos|Zapdos|100/100|[from] Flip Turn
|
|-weather|none
|upkeep
|turn|9
|
|t:|1769380026
|switch|p2a: Tyranitar|Tyranitar, F|74/100
|-weather|Sandstorm|[from] ability: Sand Stream|[of] p2a: Tyranitar
|move|p1a: Zapdos|Hurricane|p2a: Tyranitar
|-resisted|p2a: Tyranitar
|-damage|p2a: Tyranitar|64/100
|
|-weather|Sandstorm|[upkeep]
|-damage|p1a: Zapdos|94/100|[from] Sandstorm
|upkeep
|turn|10
|
|t:|1769380035
|move|p1a: Zapdos|Volt Switch|p2a: Tyranitar
|-crit|p2a: Tyranitar
|-damage|p2a: Tyranitar|47/100
|
|t:|1769380036
|switch|p1a: Alomomola|Alomomola, F|100/100|[from] Volt Switch
|-damage|p1a: Alomomola|88/100|[from] Stealth Rock
|move|p2a: Tyranitar|Ice Beam|p1a: Alomomola
|-resisted|p1a: Alomomola
|-damage|p1a: Alomomola|79/100
|
|-weather|Sandstorm|[upkeep]
|-damage|p1a: Alomomola|73/100|[from] Sandstorm
|upkeep
|turn|11
|
|t:|1769380042
|switch|p2a: Hydrapple|Hydrapple, M|100/100
|move|p1a: Alomomola|Flip Turn|p2a: Hydrapple
|-resisted|p2a: Hydrapple
|-damage|p2a: Hydrapple|98/100
|
|t:|1769380046
|switch|p1a: Cresselia|Cresselia, F|100/100|[from] Flip Turn
|-damage|p1a: Cresselia|88/100|[from] Stealth Rock
|
|-weather|Sandstorm|[upkeep]
|-damage|p1a: Cresselia|82/100|[from] Sandstorm
|-damage|p2a: Hydrapple|92/100|[from] Sandstorm
|-heal|p1a: Cresselia|88/100|[from] item: Leftovers
|upkeep
|turn|12
|
|t:|1769380049
|switch|p2a: Tyranitar|Tyranitar, F|47/100
|move|p1a: Cresselia|Thunder Wave|p2a: Tyranitar
|-status|p2a: Tyranitar|par
|
|-weather|Sandstorm|[upkeep]
|-damage|p1a: Cresselia|82/100|[from] Sandstorm
|-heal|p1a: Cresselia|88/100|[from] item: Leftovers
|upkeep
|turn|13
|
|t:|1769380052
|switch|p1a: Alomomola|Alomomola, F|100/100
|-damage|p1a: Alomomola|88/100|[from] Stealth Rock
|move|p2a: Tyranitar|Knock Off|p1a: Alomomola
|-damage|p1a: Alomomola|70/100
|
|-weather|Sandstorm|[upkeep]
|-damage|p1a: Alomomola|64/100|[from] Sandstorm
|upkeep
|turn|14
|
|t:|1769380056
|switch|p2a: Hydrapple|Hydrapple, M|100/100
|move|p1a: Alomomola|Scald|p2a: Hydrapple
|-resisted|p2a: Hydrapple
|-damage|p2a: Hydrapple|97/100
|
|-weather|Sandstorm|[upkeep]
|-damage|p2a: Hydrapple|91/100|[from] Sandstorm
|-damage|p1a: Alomomola|58/100|[from] Sandstorm
|upkeep
|turn|15
|
|t:|1769380060
|switch|p1a: Cresselia|Cresselia, F|88/100
|-damage|p1a: Cresselia|76/100|[from] Stealth Rock
|move|p2a: Hydrapple|Fickle Beam|p1a: Cresselia|[anim] Fickle Beam All Out
|-activate|p2a: Hydrapple|move: Fickle Beam
|-damage|p1a: Cresselia|30/100
|
|-weather|Sandstorm|[upkeep]
|-damage|p1a: Cresselia|24/100|[from] Sandstorm
|-damage|p2a: Hydrapple|85/100|[from] Sandstorm
|-heal|p1a: Cresselia|30/100|[from] item: Leftovers
|upkeep
|turn|16
|
|t:|1769380063
|-terastallize|p2a: Hydrapple|Poison
|move|p1a: Cresselia|Moonlight|p1a: Cresselia
|-heal|p1a: Cresselia|55/100
|move|p2a: Hydrapple|Nasty Plot|p2a: Hydrapple
|-boost|p2a: Hydrapple|spa|2
|
|-weather|none
|-heal|p1a: Cresselia|62/100|[from] item: Leftovers
|upkeep
|turn|17
|
|t:|1769380067
|move|p1a: Cresselia|Thunder Wave|p2a: Hydrapple|[miss]
|-miss|p1a: Cresselia|p2a: Hydrapple
|move|p2a: Hydrapple|Giga Drain|p1a: Cresselia
|-damage|p1a: Cresselia|17/100
|-heal|p2a: Hydrapple|100/100|[from] drain|[of] p1a: Cresselia
|
|-heal|p1a: Cresselia|23/100|[from] item: Leftovers
|upkeep
|turn|18
|
|t:|1769380072
|move|p1a: Cresselia|Thunder Wave|p2a: Hydrapple
|-status|p2a: Hydrapple|par
|move|p2a: Hydrapple|Fickle Beam|p1a: Cresselia
|-damage|p1a: Cresselia|0 fnt
|faint|p1a: Cresselia
|
|upkeep
|
|t:|1769380080
|switch|p1a: Keldeo|Keldeo-Resolute|94/100
|-damage|p1a: Keldeo|88/100|[from] Stealth Rock
|turn|19
|
|t:|1769380109
|move|p1a: Keldeo|Flip Turn|p2a: Hydrapple
|-damage|p2a: Hydrapple|92/100 par
|
|t:|1769380112
|switch|p1a: Zapdos|Zapdos|94/100|[from] Flip Turn
|move|p2a: Hydrapple|Giga Drain|p1a: Zapdos
|-resisted|p1a: Zapdos
|-damage|p1a: Zapdos|65/100
|-heal|p2a: Hydrapple|100/100 par|[from] drain|[of] p1a: Zapdos
|
|upkeep
|turn|20
|
|t:|1769380116
|move|p1a: Zapdos|Hurricane|p2a: Hydrapple
|-damage|p2a: Hydrapple|55/100 par
|-start|p2a: Hydrapple|confusion
|-activate|p2a: Hydrapple|confusion
|-damage|p2a: Hydrapple|51/100 par|[from] confusion
|
|upkeep
|turn|21
|
|t:|1769380121
|switch|p2a: Slowking|Slowking-Galar, M|100/100
|move|p1a: Zapdos|Hurricane|p2a: Slowking|[miss]
|-miss|p1a: Zapdos|p2a: Slowking
|
|upkeep
|turn|22
|
|t:|1769380124
|move|p1a: Zapdos|Volt Switch|p2a: Slowking
|-damage|p2a: Slowking|85/100
|
|t:|1769380126
|switch|p1a: Iron Treads|Iron Treads|100/100|[from] Volt Switch
|-damage|p1a: Iron Treads|97/100|[from] Stealth Rock
|move|p2a: Slowking|Ice Beam|p1a: Iron Treads
|-damage|p1a: Iron Treads|66/100
|
|-heal|p1a: Iron Treads|72/100|[from] item: Leftovers
|upkeep
|turn|23
|
|t:|1769380129
|move|p1a: Iron Treads|Rapid Spin|p2a: Slowking
|-damage|p2a: Slowking|74/100
|-boost|p1a: Iron Treads|spe|1
|-sideend|p1: noob1877 test|Stealth Rock|[from] move: Rapid Spin|[of] p1a: Iron Treads
|move|p2a: Slowking|Flamethrower|p1a: Iron Treads
|-supereffective|p1a: Iron Treads
|-damage|p1a: Iron Treads|8/100
|
|-heal|p1a: Iron Treads|15/100|[from] item: Leftovers
|upkeep
|turn|24
|
|t:|1769380132
|switch|p2a: Zamazenta|Zamazenta|100/100
|-ability|p2a: Zamazenta|Dauntless Shield|boost
|-boost|p2a: Zamazenta|def|1
|move|p1a: Iron Treads|Stealth Rock|p2a: Zamazenta
|-sidestart|p2: CambridgeFoulPlay|move: Stealth Rock
|
|-heal|p1a: Iron Treads|21/100|[from] item: Leftovers
|upkeep
|turn|25
|
|t:|1769380136
|-end|p1a: Iron Treads|Quark Drive|[silent]
|switch|p1a: Alomomola|Alomomola, F|91/100
|move|p2a: Zamazenta|Body Press|p1a: Alomomola
|-damage|p1a: Alomomola|58/100
|
|upkeep
|turn|26
|
|t:|1769380142
|move|p2a: Zamazenta|Body Press|p1a: Alomomola
|-damage|p1a: Alomomola|25/100
|move|p1a: Alomomola|Flip Turn|p2a: Zamazenta
|-damage|p2a: Zamazenta|91/100
|
|t:|1769380144
|switch|p1a: Zapdos|Zapdos|65/100|[from] Flip Turn
|
|-heal|p2a: Zamazenta|97/100|[from] item: Leftovers
|upkeep
|turn|27
|
|t:|1769380169
|switch|p2a: Excadrill|Excadrill, F|100/100
|-damage|p2a: Excadrill|97/100|[from] Stealth Rock
|-item|p2a: Excadrill|Air Balloon
|move|p1a: Zapdos|Hurricane|p2a: Excadrill
|-resisted|p2a: Excadrill
|-damage|p2a: Excadrill|68/100
|-enditem|p2a: Excadrill|Air Balloon
|
|upkeep
|turn|28
|inactive|noob1877 test has 120 seconds left.
|
|t:|1769380185
|switch|p1a: Alomomola|Alomomola, F|59/100
|move|p2a: Excadrill|Rapid Spin|p1a: Alomomola
|-damage|p1a: Alomomola|48/100
|-boost|p2a: Excadrill|spe|1
|-sideend|p2: CambridgeFoulPlay|Stealth Rock|[from] move: Rapid Spin|[of] p2a: Excadrill
|
|upkeep
|turn|29
|
|t:|1769380188
|switch|p2a: Slowking|Slowking-Galar, M|100/100
|move|p1a: Alomomola|Flip Turn|p2a: Slowking
|-crit|p2a: Slowking
|-damage|p2a: Slowking|82/100
|
|t:|1769380203
|switch|p1a: Kyurem|Kyurem|76/100|[from] Flip Turn
|-ability|p1a: Kyurem|Pressure
|
|-heal|p1a: Kyurem|82/100|[from] item: Leftovers
|upkeep
|turn|30
|
|t:|1769380212
|move|p1a: Kyurem|Protect|p1a: Kyurem
|-singleturn|p1a: Kyurem|Protect
|move|p2a: Slowking|Sludge Bomb|p1a: Kyurem
|-activate|p1a: Kyurem|move: Protect
|
|-heal|p1a: Kyurem|88/100|[from] item: Leftovers
|upkeep
|turn|31
|j| mega dondozo ex
|l| mega dondozo ex
|
|t:|1769380230
|switch|p1a: Iron Treads|Iron Treads|21/100
|move|p2a: Slowking|Sludge Bomb|p1a: Iron Treads
|-immune|p1a: Iron Treads
|
|-heal|p1a: Iron Treads|27/100|[from] item: Leftovers
|upkeep
|turn|32
|
|t:|1769380236
|switch|p2a: Zamazenta|Zamazenta|97/100
|move|p1a: Iron Treads|Stealth Rock|p2a: Zamazenta
|-sidestart|p2: CambridgeFoulPlay|move: Stealth Rock
|
|-heal|p2a: Zamazenta|100/100|[from] item: Leftovers
|-heal|p1a: Iron Treads|33/100|[from] item: Leftovers
|upkeep
|turn|33
|
|t:|1769380241
|-end|p1a: Iron Treads|Quark Drive|[silent]
|switch|p1a: Alomomola|Alomomola, F|82/100
|move|p2a: Zamazenta|Body Press|p1a: Alomomola
|-damage|p1a: Alomomola|59/100
|
|upkeep
|turn|34
|
|t:|1769380244
|move|p2a: Zamazenta|Iron Defense|p2a: Zamazenta
|-boost|p2a: Zamazenta|def|2
|move|p1a: Alomomola|Flip Turn|p2a: Zamazenta
|-damage|p2a: Zamazenta|93/100
|
|t:|1769380245
|switch|p1a: Zapdos|Zapdos|65/100|[from] Flip Turn
|
|-heal|p2a: Zamazenta|99/100|[from] item: Leftovers
|upkeep
|turn|35
|
|t:|1769380249
|switch|p2a: Excadrill|Excadrill, F|68/100
|-damage|p2a: Excadrill|65/100|[from] Stealth Rock
|move|p1a: Zapdos|Hurricane|p2a: Excadrill
|-resisted|p2a: Excadrill
|-damage|p2a: Excadrill|37/100
|-start|p2a: Excadrill|confusion
|
|upkeep
|turn|36
|
|t:|1769380262
|switch|p1a: Alomomola|Alomomola, F|93/100
|-activate|p2a: Excadrill|confusion
|move|p2a: Excadrill|Rapid Spin|p1a: Alomomola
|-damage|p1a: Alomomola|81/100
|-boost|p2a: Excadrill|spe|1
|-sideend|p2: CambridgeFoulPlay|Stealth Rock|[from] move: Rapid Spin|[of] p2a: Excadrill
|
|upkeep
|turn|37
|
|t:|1769380265
|switch|p2a: Zamazenta|Zamazenta|99/100
|move|p1a: Alomomola|Flip Turn|p2a: Zamazenta
|-damage|p2a: Zamazenta|87/100
|
|t:|1769380267
|switch|p1a: Zapdos|Zapdos|65/100|[from] Flip Turn
|
|-heal|p2a: Zamazenta|93/100|[from] item: Leftovers
|upkeep
|turn|38
|
|t:|1769380273
|switch|p2a: Slowking|Slowking-Galar, M|100/100
|move|p1a: Zapdos|Hurricane|p2a: Slowking|[miss]
|-miss|p1a: Zapdos|p2a: Slowking
|
|upkeep
|turn|39
|
|t:|1769380276
|move|p1a: Zapdos|Volt Switch|p2a: Slowking
|-damage|p2a: Slowking|84/100
|
|t:|1769380279
|switch|p1a: Iron Treads|Iron Treads|33/100|[from] Volt Switch
|move|p2a: Slowking|Ice Beam|p1a: Iron Treads
|-damage|p1a: Iron Treads|2/100
|-status|p1a: Iron Treads|frz
|
|-heal|p1a: Iron Treads|8/100 frz|[from] item: Leftovers
|upkeep
|turn|40
|
|t:|1769380282
|switch|p2a: Zamazenta|Zamazenta|93/100
|cant|p1a: Iron Treads|frz
|
|-heal|p2a: Zamazenta|99/100|[from] item: Leftovers
|-heal|p1a: Iron Treads|14/100 frz|[from] item: Leftovers
|upkeep
|turn|41
|
|t:|1769380285
|move|p2a: Zamazenta|Iron Defense|p2a: Zamazenta
|-boost|p2a: Zamazenta|def|2
|cant|p1a: Iron Treads|frz
|
|-heal|p2a: Zamazenta|100/100|[from] item: Leftovers
|-heal|p1a: Iron Treads|20/100 frz|[from] item: Leftovers
|upkeep
|turn|42
|
|t:|1769380288
|cant|p1a: Iron Treads|frz
|move|p2a: Zamazenta|Roar|p1a: Iron Treads
|-end|p1a: Iron Treads|Quark Drive|[silent]
|drag|p1a: Kyurem|Kyurem|88/100
|-ability|p1a: Kyurem|Pressure
|
|-heal|p1a: Kyurem|94/100|[from] item: Leftovers
|upkeep
|turn|43
|
|t:|1769380292
|switch|p1a: Alomomola|Alomomola, F|100/100
|move|p2a: Zamazenta|Body Press|p1a: Alomomola
|-damage|p1a: Alomomola|54/100
|
|upkeep
|turn|44
|
|t:|1769380297
|switch|p1a: Zapdos|Zapdos|65/100
|move|p2a: Zamazenta|Body Press|p1a: Zapdos
|-resisted|p1a: Zapdos
|-damage|p1a: Zapdos|37/100
|
|upkeep
|turn|45
|
|t:|1769380300
|move|p1a: Zapdos|Roost|p1a: Zapdos
|-heal|p1a: Zapdos|87/100
|-singleturn|p1a: Zapdos|move: Roost
|move|p2a: Zamazenta|Roar|p1a: Zapdos
|drag|p1a: Keldeo|Keldeo-Resolute|88/100
|
|upkeep
|turn|46
|
|t:|1769380303
|switch|p1a: Zapdos|Zapdos|87/100
|move|p2a: Zamazenta|Body Press|p1a: Zapdos
|-resisted|p1a: Zapdos
|-damage|p1a: Zapdos|60/100
|-status|p2a: Zamazenta|par|[from] ability: Static|[of] p1a: Zapdos
|
|upkeep
|turn|47
|
|t:|1769380307
|switch|p2a: Tyranitar|Tyranitar, F|47/100 par
|-weather|Sandstorm|[from] ability: Sand Stream|[of] p2a: Tyranitar
|move|p1a: Zapdos|Volt Switch|p2a: Tyranitar
|-damage|p2a: Tyranitar|33/100 par
|
|t:|1769380311
|switch|p1a: Keldeo|Keldeo-Resolute|88/100|[from] Volt Switch
|
|-weather|Sandstorm|[upkeep]
|-damage|p1a: Keldeo|82/100|[from] Sandstorm
|upkeep
|turn|48
|
|t:|1769380315
|switch|p2a: Slowking|Slowking-Galar, M|100/100
|move|p1a: Keldeo|Surf|p2a: Slowking
|-damage|p2a: Slowking|65/100
|
|-weather|Sandstorm|[upkeep]
|-damage|p1a: Keldeo|76/100|[from] Sandstorm
|-damage|p2a: Slowking|59/100|[from] Sandstorm
|upkeep
|turn|49
|
|t:|1769380319
|switch|p1a: Iron Treads|Iron Treads|20/100 frz
|move|p2a: Slowking|Psyshock|p1a: Iron Treads
|-resisted|p1a: Iron Treads
|-damage|p1a: Iron Treads|6/100 frz
|
|-weather|Sandstorm|[upkeep]
|-damage|p2a: Slowking|52/100|[from] Sandstorm
|-heal|p1a: Iron Treads|13/100 frz|[from] item: Leftovers
|upkeep
|turn|50
|
|t:|1769380322
|switch|p2a: Excadrill|Excadrill, F|37/100
|cant|p1a: Iron Treads|frz
|
|-weather|Sandstorm|[upkeep]
|-heal|p1a: Iron Treads|19/100 frz|[from] item: Leftovers
|upkeep
|turn|51
|
|t:|1769380327
|move|p2a: Excadrill|Earthquake|p1a: Iron Treads
|-supereffective|p1a: Iron Treads
|-damage|p1a: Iron Treads|0 fnt
|faint|p1a: Iron Treads
|-end|p1a: Iron Treads|Quark Drive|[silent]
|
|-weather|Sandstorm|[upkeep]
|upkeep
|
|t:|1769380329
|switch|p1a: Alomomola|Alomomola, F|87/100
|turn|52
|
|t:|1769380336
|switch|p2a: Slowking|Slowking-Galar, M|86/100
|move|p1a: Alomomola|Flip Turn|p2a: Slowking
|-damage|p2a: Slowking|74/100
|
|t:|1769380338
|switch|p1a: Kyurem|Kyurem|94/100|[from] Flip Turn
|-ability|p1a: Kyurem|Pressure
|
|-weather|Sandstorm|[upkeep]
|-damage|p1a: Kyurem|88/100|[from] Sandstorm
|-damage|p2a: Slowking|68/100|[from] Sandstorm
|-heal|p1a: Kyurem|94/100|[from] item: Leftovers
|upkeep
|turn|53
|
|t:|1769380341
|move|p1a: Kyurem|Protect|p1a: Kyurem
|-singleturn|p1a: Kyurem|Protect
|move|p2a: Slowking|Sludge Bomb|p1a: Kyurem
|-activate|p1a: Kyurem|move: Protect
|
|-weather|Sandstorm|[upkeep]
|-damage|p1a: Kyurem|88/100|[from] Sandstorm
|-damage|p2a: Slowking|62/100|[from] Sandstorm
|-heal|p1a: Kyurem|94/100|[from] item: Leftovers
|upkeep
|turn|54
|
|t:|1769380361
|-terastallize|p1a: Kyurem|Steel
|move|p1a: Kyurem|Dragon Dance|p1a: Kyurem
|-boost|p1a: Kyurem|atk|1
|-boost|p1a: Kyurem|spe|1
|move|p2a: Slowking|Sludge Bomb|p1a: Kyurem
|-immune|p1a: Kyurem
|
|-weather|none
|-heal|p1a: Kyurem|99/100|[from] item: Leftovers
|upkeep
|turn|55
|
|t:|1769380364
|switch|p2a: Zamazenta|Zamazenta|100/100 par
|move|p1a: Kyurem|Icicle Spear|p2a: Zamazenta
|-damage|p2a: Zamazenta|85/100 par
|-damage|p2a: Zamazenta|70/100 par
|-damage|p2a: Zamazenta|54/100 par
|-hitcount|p2a: Zamazenta|3
|
|-heal|p1a: Kyurem|100/100|[from] item: Leftovers
|-heal|p2a: Zamazenta|60/100 par|[from] item: Leftovers
|upkeep
|turn|56
|
|t:|1769380374
|move|p1a: Kyurem|Icicle Spear|p2a: Zamazenta
|-damage|p2a: Zamazenta|45/100 par
|-damage|p2a: Zamazenta|30/100 par
|-hitcount|p2a: Zamazenta|2
|move|p2a: Zamazenta|Iron Defense|p2a: Zamazenta
|-boost|p2a: Zamazenta|def|2
|
|-heal|p2a: Zamazenta|36/100 par|[from] item: Leftovers
|upkeep
|turn|57
|
|t:|1769380383
|switch|p1a: Zapdos|Zapdos|60/100
|move|p2a: Zamazenta|Body Press|p1a: Zapdos
|-resisted|p1a: Zapdos
|-damage|p1a: Zapdos|31/100
|
|-heal|p2a: Zamazenta|42/100 par|[from] item: Leftovers
|upkeep
|turn|58
|
|t:|1769380385
|move|p1a: Zapdos|Roost|p1a: Zapdos
|-heal|p1a: Zapdos|81/100
|-singleturn|p1a: Zapdos|move: Roost
|move|p2a: Zamazenta|Body Press|p1a: Zapdos
|-damage|p1a: Zapdos|28/100
|
|-heal|p2a: Zamazenta|48/100 par|[from] item: Leftovers
|upkeep
|turn|59
|
|t:|1769380388
|move|p1a: Zapdos|Hurricane|p2a: Zamazenta|[miss]
|-miss|p1a: Zapdos|p2a: Zamazenta
|move|p2a: Zamazenta|Body Press|p1a: Zapdos
|-resisted|p1a: Zapdos
|-damage|p1a: Zapdos|0 fnt
|faint|p1a: Zapdos
|
|-heal|p2a: Zamazenta|54/100 par|[from] item: Leftovers
|upkeep
|
|t:|1769380390
|switch|p1a: Keldeo|Keldeo-Resolute|76/100
|turn|60
|
|t:|1769380394
|switch|p2a: Slowking|Slowking-Galar, M|95/100
|move|p1a: Keldeo|Flip Turn|p2a: Slowking
|-damage|p2a: Slowking|83/100
|
|t:|1769380395
|switch|p1a: Kyurem|Kyurem, tera:Steel|100/100|[from] Flip Turn
|-ability|p1a: Kyurem|Pressure
|
|upkeep
|turn|61
|
|t:|1769380398
|switch|p2a: Zamazenta|Zamazenta|54/100 par
|move|p1a: Kyurem|Dragon Dance|p1a: Kyurem
|-boost|p1a: Kyurem|atk|1
|-boost|p1a: Kyurem|spe|1
|
|-heal|p2a: Zamazenta|60/100 par|[from] item: Leftovers
|upkeep
|turn|62
|
|t:|1769380400
|move|p1a: Kyurem|Icicle Spear|p2a: Zamazenta
|-damage|p2a: Zamazenta|46/100 par
|-damage|p2a: Zamazenta|31/100 par
|-damage|p2a: Zamazenta|16/100 par
|-damage|p2a: Zamazenta|1/100 par
|-hitcount|p2a: Zamazenta|4
|cant|p2a: Zamazenta|par
|
|-heal|p2a: Zamazenta|8/100 par|[from] item: Leftovers
|upkeep
|turn|63
|
|t:|1769380402
|move|p1a: Kyurem|Icicle Spear|p2a: Zamazenta
|-damage|p2a: Zamazenta|0 fnt
|faint|p2a: Zamazenta
|-hitcount|p2: Zamazenta|1
|
|upkeep
|
|t:|1769380404
|switch|p2a: Moltres|Moltres|100/100
|turn|64
|
|t:|1769380406
|move|p1a: Kyurem|Icicle Spear|p2a: Moltres
|-damage|p2a: Moltres|87/100
|-damage|p2a: Moltres|74/100
|-damage|p2a: Moltres|60/100
|-damage|p2a: Moltres|46/100
|-damage|p2a: Moltres|33/100
|-hitcount|p2a: Moltres|5
|move|p2a: Moltres|Flamethrower|p1a: Kyurem
|-supereffective|p1a: Kyurem
|-damage|p1a: Kyurem|22/100
|
|-heal|p1a: Kyurem|28/100|[from] item: Leftovers
|upkeep
|turn|65
|
|t:|1769380407
|switch|p2a: Hydrapple|Hydrapple, M, tera:Poison|84/100 par
|move|p1a: Kyurem|Icicle Spear|p2a: Hydrapple
|-damage|p2a: Hydrapple|72/100 par
|-damage|p2a: Hydrapple|61/100 par
|-damage|p2a: Hydrapple|49/100 par
|-hitcount|p2a: Hydrapple|3
|
|-heal|p1a: Kyurem|35/100|[from] item: Leftovers
|upkeep
|turn|66
|
|t:|1769380413
|move|p1a: Kyurem|Protect|p1a: Kyurem
|-singleturn|p1a: Kyurem|Protect
|move|p2a: Hydrapple|Earth Power|p1a: Kyurem
|-activate|p1a: Kyurem|move: Protect
|
|-heal|p1a: Kyurem|41/100|[from] item: Leftovers
|upkeep
|turn|67
|
|t:|1769380415
|move|p1a: Kyurem|Substitute|p1a: Kyurem
|-start|p1a: Kyurem|Substitute
|-damage|p1a: Kyurem|16/100
|move|p2a: Hydrapple|Earth Power|p1a: Kyurem
|-supereffective|p1a: Kyurem
|-end|p1a: Kyurem|Substitute
|
|-heal|p1a: Kyurem|22/100|[from] item: Leftovers
|upkeep
|turn|68
|
|t:|1769380417
|move|p1a: Kyurem|Protect|p1a: Kyurem
|-singleturn|p1a: Kyurem|Protect
|move|p2a: Hydrapple|Earth Power|p1a: Kyurem
|-activate|p1a: Kyurem|move: Protect
|
|-heal|p1a: Kyurem|28/100|[from] item: Leftovers
|upkeep
|turn|69
|
|t:|1769380419
|move|p1a: Kyurem|Substitute|p1a: Kyurem
|-start|p1a: Kyurem|Substitute
|-damage|p1a: Kyurem|3/100
|move|p2a: Hydrapple|Earth Power|p1a: Kyurem
|-supereffective|p1a: Kyurem
|-end|p1a: Kyurem|Substitute
|
|-heal|p1a: Kyurem|9/100|[from] item: Leftovers
|upkeep
|turn|70
|
|t:|1769380422
|move|p1a: Kyurem|Icicle Spear|p2a: Hydrapple
|-damage|p2a: Hydrapple|36/100 par
|-damage|p2a: Hydrapple|24/100 par
|-hitcount|p2a: Hydrapple|2
|move|p2a: Hydrapple|Giga Drain|p1a: Kyurem
|-resisted|p1a: Kyurem
|-damage|p1a: Kyurem|0 fnt
|-heal|p2a: Hydrapple|29/100 par|[from] drain|[of] p1a: Kyurem
|faint|p1a: Kyurem
|
|upkeep
|
|t:|1769380423
|switch|p1a: Keldeo|Keldeo-Resolute|76/100
|turn|71
|
|t:|1769380426
|switch|p2a: Slowking|Slowking-Galar, M|100/100
|move|p1a: Keldeo|Surf|p2a: Slowking
|-damage|p2a: Slowking|64/100
|
|upkeep
|turn|72
|
|t:|1769380429
|switch|p1a: Alomomola|Alomomola, F|100/100
|move|p2a: Slowking|Psyshock|p1a: Alomomola
|-damage|p1a: Alomomola|81/100
|
|upkeep
|turn|73
|
|t:|1769380432
|switch|p2a: Hydrapple|Hydrapple, M, tera:Poison|62/100 par
|move|p1a: Alomomola|Scald|p2a: Hydrapple
|-damage|p2a: Hydrapple|49/100 par
|
|upkeep
|turn|74
|
|t:|1769380436
|move|p1a: Alomomola|Scald|p2a: Hydrapple
|-damage|p2a: Hydrapple|35/100 par
|cant|p2a: Hydrapple|par
|
|upkeep
|turn|75
|
|t:|1769380439
|move|p1a: Alomomola|Scald|p2a: Hydrapple
|-damage|p2a: Hydrapple|22/100 par
|move|p2a: Hydrapple|Giga Drain|p1a: Alomomola
|-supereffective|p1a: Alomomola
|-damage|p1a: Alomomola|19/100
|-heal|p2a: Hydrapple|58/100 par|[from] drain|[of] p1a: Alomomola
|
|upkeep
|turn|76
|-message|noob1877 test forfeited.
|
|win|CambridgeFoulPlay
|raw|noob1877 test's rating: 1836 &rarr; <strong>1818</strong><br />(-18 for losing)
|raw|CambridgeFoulPlay's rating: 1879 &rarr; <strong>1897</strong><br />(+18 for winning)
|l|☆noob1877 test
|player|p1|
|c|☆CambridgeFoulPlay|gg
|l|☆CambridgeFoulPlay
|player|p2|
