|j|☆swl_kitkat
|j|☆Stitch2077
|t:|1769337463
|gametype|singles
|player|p1|swl_kitkat|pokemonbreederf-gen4|1434
|player|p2|Stitch2077|266|1427
|gen|9
|tier|[Gen 9] OU
|rated|
|rule|HP Percentage Mod: HP is shown in percentages
|rule|Endless Battle Clause: Forcing endless battles is banned
|rule|Species Clause: Limit one of each Pokémon
|rule|OHKO Clause: OHKO moves are banned
|rule|Evasion Items Clause: Evasion items are banned
|rule|Evasion Moves Clause: Evasion moves are banned
|rule|Evasion Abilities Clause: Evasion abilities are banned
|rule|Sleep Moves Clause: Sleep-inducing moves are banned
|clearpoke
|poke|p1|Polteageist|
|poke|p1|Great Tusk|
|poke|p1|Zapdos|
|poke|p1|Cinderace, M|
|poke|p1|Iron Valiant|
|poke|p1|Tyranitar, M|
|poke|p2|Gholdengo|
|poke|p2|Pecharunt|
|poke|p2|Zamazenta-*|
|poke|p2|Iron Treads|
|poke|p2|Dragonite, F|
|poke|p2|Samurott-Hisui, F|
|teampreview
|inactive|Battle timer is ON: inactive players will automatically lose when time's up. (requested by Stitch2077)
|
|t:|1769337466
|teamsize|p1|6
|teamsize|p2|6
|start
|switch|p1a: Polteabag|Polteageist|100/100
|switch|p2a: Samurott|Samurott-Hisui, F|100/100
|turn|1
|
|t:|1769337473
|-terastallize|p1a: Polteabag|Fighting
|move|p1a: Polteabag|Shell Smash|p1a: Polteabag
|-unboost|p1a: Polteabag|def|1
|-unboost|p1a: Polteabag|spd|1
|-boost|p1a: Polteabag|atk|2
|-boost|p1a: Polteabag|spa|2
|-boost|p1a: Polteabag|spe|2
|-enditem|p1a: Polteabag|White Herb
|-clearnegativeboost|p1a: Polteabag|[silent]
|move|p2a: Samurott|Ceaseless Edge|p1a: Polteabag
|-resisted|p1a: Polteabag
|-crit|p1a: Polteabag
|-damage|p1a: Polteabag|37/100
|-ability|p1a: Polteabag|Weak Armor|boost
|-unboost|p1a: Polteabag|def|1
|-boost|p1a: Polteabag|spe|2
|-sidestart|p1: swl_kitkat|Spikes
|
|upkeep
|turn|2
|
|t:|1769337488
|move|p2a: Samurott|Sucker Punch|p1a: Polteabag
|-resisted|p1a: Polteabag
|-damage|p1a: Polteabag|0 fnt
|faint|p1a: Polteabag
|
|upkeep
|
|t:|1769337491
|switch|p1a: Zapdos|Zapdos|100/100
|turn|3
|j| Ale.gg_07
|
|t:|1769337494
|switch|p2a: Iron Treads|Iron Treads|100/100
|move|p1a: Zapdos|Thunderbolt|p2a: Iron Treads
|-immune|p2a: Iron Treads
|
|upkeep
|turn|4
|
|t:|1769337499
|move|p2a: Iron Treads|Stealth Rock|p1a: Zapdos
|-sidestart|p1: swl_kitkat|move: Stealth Rock
|move|p1a: Zapdos|Heat Wave|p2a: Iron Treads
|-supereffective|p2a: Iron Treads
|-damage|p2a: Iron Treads|34/100
|
|-heal|p2a: Iron Treads|41/100|[from] item: Leftovers
|upkeep
|turn|5
|
|t:|1769337515
|-end|p2a: Iron Treads|Quark Drive|[silent]
|switch|p2a: Samurott|Samurott-Hisui, F|100/100
|move|p1a: Zapdos|Heat Wave|p2a: Samurott
|-resisted|p2a: Samurott
|-damage|p2a: Samurott|88/100
|-status|p2a: Samurott|brn
|
|-damage|p2a: Samurott|82/100 brn|[from] brn
|upkeep
|turn|6
|
|t:|1769337523
|move|p1a: Zapdos|Thunderbolt|p2a: Samurott
|-supereffective|p2a: Samurott
|-damage|p2a: Samurott|11/100 brn
|move|p2a: Samurott|Ceaseless Edge|p1a: Zapdos|[miss]
|-miss|p2a: Samurott|p1a: Zapdos
|
|-damage|p2a: Samurott|5/100 brn|[from] brn
|upkeep
|turn|7
|
|t:|1769337530
|switch|p2a: Iron Treads|Iron Treads|41/100
|move|p1a: Zapdos|Thunderbolt|p2a: Iron Treads
|-immune|p2a: Iron Treads
|
|-heal|p2a: Iron Treads|47/100|[from] item: Leftovers
|upkeep
|turn|8
|
|t:|1769337537
|-end|p2a: Iron Treads|Quark Drive|[silent]
|switch|p2a: Dragonite|Dragonite, F|100/100
|move|p1a: Zapdos|Heat Wave|p2a: Dragonite
|-resisted|p2a: Dragonite
|-damage|p2a: Dragonite|92/100
|
|upkeep
|turn|9
|l| Ale.gg_07
|
|t:|1769337544
|move|p1a: Zapdos|Thunderbolt|p2a: Dragonite
|-damage|p2a: Dragonite|48/100
|move|p2a: Dragonite|Dragon Tail|p1a: Zapdos
|-damage|p1a: Zapdos|65/100
|-status|p2a: Dragonite|par|[from] ability: Static|[of] p1a: Zapdos
|drag|p1a: Tusk|Great Tusk|100/100
|-damage|p1a: Tusk|88/100|[from] Spikes
|-damage|p1a: Tusk|85/100|[from] Stealth Rock
|
|-heal|p1a: Tusk|91/100|[from] item: Leftovers
|upkeep
|turn|10
|
|t:|1769337557
|switch|p2a: Gholdengo|Gholdengo|100/100
|move|p1a: Tusk|Earthquake|p2a: Gholdengo
|-supereffective|p2a: Gholdengo
|-damage|p2a: Gholdengo|0 fnt
|faint|p2a: Gholdengo
|
|-heal|p1a: Tusk|98/100|[from] item: Leftovers
|upkeep
|
|t:|1769337567
|switch|p2a: Pecharunt|Pecharunt|100/100
|-item|p2a: Pecharunt|Air Balloon
|turn|11
|
|t:|1769337570
|move|p2a: Pecharunt|Malignant Chain|p1a: Tusk
|-resisted|p1a: Tusk
|-damage|p1a: Tusk|77/100
|-status|p1a: Tusk|tox
|-start|p1a: Tusk|confusion|[from] ability: Poison Puppeteer|[of] p2a: Pecharunt
|-activate|p1a: Tusk|confusion
|move|p1a: Tusk|Ice Spinner|p2a: Pecharunt
|-damage|p2a: Pecharunt|86/100
|-enditem|p2a: Pecharunt|Air Balloon
|
|-heal|p1a: Tusk|84/100 tox|[from] item: Leftovers
|-damage|p1a: Tusk|77/100 tox|[from] psn
|upkeep
|turn|12
|
|t:|1769337582
|-end|p1a: Tusk|Protosynthesis|[silent]
|switch|p1a: Cinderace|Cinderace, M|100/100
|move|p2a: Pecharunt|Parting Shot|p1a: Cinderace
|-unboost|p1a: Cinderace|atk|1
|-unboost|p1a: Cinderace|spa|1
|
|t:|1769337591
|switch|p2a: Samurott|Samurott-Hisui, F|5/100 brn|[from] Parting Shot
|
|-damage|p2a: Samurott|0 fnt|[from] brn
|faint|p2a: Samurott
|upkeep
|
|t:|1769337602
|switch|p2a: Iron Treads|Iron Treads|47/100
|turn|13
|
|t:|1769337606
|move|p1a: Cinderace|Pyro Ball|p2a: Iron Treads
|-supereffective|p2a: Iron Treads
|-damage|p2a: Iron Treads|0 fnt
|faint|p2a: Iron Treads
|-end|p2a: Iron Treads|Quark Drive|[silent]
|
|upkeep
|
|t:|1769337610
|switch|p2a: Dragonite|Dragonite, F|48/100 par
|turn|14
|
|t:|1769337612
|move|p1a: Cinderace|Court Change|p1a: Cinderace
|-start|p1a: Cinderace|typechange|Normal|[from] ability: Libero
|-swapsideconditions
|-activate|p1a: Cinderace|move: Court Change
|move|p2a: Dragonite|Earthquake|p1a: Cinderace
|-damage|p1a: Cinderace|47/100
|
|upkeep
|turn|15
|
|t:|1769337619
|move|p1a: Cinderace|U-turn|p2a: Dragonite
|-resisted|p2a: Dragonite
|-damage|p2a: Dragonite|41/100 par
|
|t:|1769337622
|switch|p1a: Zapdos|Zapdos|65/100|[from] U-turn
|move|p2a: Dragonite|Earthquake|p1a: Zapdos
|-immune|p1a: Zapdos
|
|-heal|p1a: Zapdos|72/100|[from] item: Leftovers
|upkeep
|turn|16
|
|t:|1769337629
|move|p1a: Zapdos|Thunderbolt|p2a: Dragonite
|-damage|p2a: Dragonite|0 fnt
|faint|p2a: Dragonite
|
|-heal|p1a: Zapdos|78/100|[from] item: Leftovers
|upkeep
|
|t:|1769337634
|switch|p2a: Zamazenta|Zamazenta|100/100
|-damage|p2a: Zamazenta|88/100|[from] Spikes
|-damage|p2a: Zamazenta|82/100|[from] Stealth Rock
|-ability|p2a: Zamazenta|Dauntless Shield|boost
|-boost|p2a: Zamazenta|def|1
|turn|17
|
|t:|1769337640
|move|p2a: Zamazenta|Iron Defense|p2a: Zamazenta
|-boost|p2a: Zamazenta|def|2
|move|p1a: Zapdos|Hurricane|p2a: Zamazenta
|-supereffective|p2a: Zamazenta
|-damage|p2a: Zamazenta|0 fnt
|faint|p2a: Zamazenta
|
|-heal|p1a: Zapdos|84/100|[from] item: Leftovers
|upkeep
|-message|Stitch2077 forfeited.
|
|win|swl_kitkat
|raw|swl_kitkat's rating: 1434 &rarr; <strong>1454</strong><br />(+20 for winning)
|raw|Stitch2077's rating: 1427 &rarr; <strong>1407</strong><br />(-20 for losing)
|l|☆Stitch2077
|player|p2|
|l|☆swl_kitkat
|player|p1|
