|j|☆Skayboy31
|j|☆gitotama
|t:|1769422167
|gametype|singles
|player|p1|Skayboy31|lucas|1169
|player|p2|gitotama|blackbelt-gen4dp|1161
|gen|9
|tier|[Gen 9] OU
|rated|
|rule|HP Percentage Mod: HP is shown in percentages
|rule|Endless Battle Clause: Forcing endless battles is banned
|rule|Species Clause: Limit one of each Pokémon
|rule|OHKO Clause: OHKO moves are banned
|rule|Evasion Items Clause: Evasion items are banned
|rule|Evasion Moves Clause: Evasion moves are banned
|rule|Evasion Abilities Clause: Evasion abilities are banned
|rule|Sleep Moves Clause: Sleep-inducing moves are banned
|clearpoke
|poke|p1|Ogerpon-Wellspring, F|
|poke|p1|Garganacl, M|
|poke|p1|Landorus-Therian, M|
|poke|p1|Kyurem|
|poke|p1|Zapdos-Galar|
|poke|p1|Salazzle, F|
|poke|p2|Heatran, F|
|poke|p2|Landorus-Therian, M|
|poke|p2|Alomomola, M|
|poke|p2|Ting-Lu|
|poke|p2|Weezing-Galar, M|
|poke|p2|Rillaboom, M|
|teampreview
|
|t:|1769422173
|teamsize|p1|6
|teamsize|p2|6
|start
|switch|p1a: Salazzle|Salazzle, F|100/100
|switch|p2a: Landorus|Landorus-Therian, M|100/100
|-ability|p2a: Landorus|Intimidate|boost
|-unboost|p1a: Salazzle|atk|1
|turn|1
|
|t:|1769422183
|switch|p1a: Ogerpon|Ogerpon-Wellspring, F|100/100
|move|p2a: Landorus|Earthquake|p1a: Ogerpon
|-resisted|p1a: Ogerpon
|-damage|p1a: Ogerpon|63/100
|
|upkeep
|turn|2
|
|t:|1769422189
|switch|p2a: Ting-Lu|Ting-Lu|100/100
|-ability|p2a: Ting-Lu|Vessel of Ruin
|move|p1a: Ogerpon|Ivy Cudgel|p2a: Ting-Lu|[anim] Ivy Cudgel Water
|-supereffective|p2a: Ting-Lu
|-damage|p2a: Ting-Lu|34/100
|
|-heal|p2a: Ting-Lu|40/100|[from] item: Leftovers
|upkeep
|turn|3
|inactive|Battle timer is ON: inactive players will automatically lose when time's up. (requested by Skayboy31)
|
|t:|1769422224
|switch|p2a: Rillaboom|Rillaboom, M|100/100
|-fieldstart|move: Grassy Terrain|[from] ability: Grassy Surge|[of] p2a: Rillaboom
|move|p1a: Ogerpon|Ivy Cudgel|p2a: Rillaboom|[anim] Ivy Cudgel Water
|-resisted|p2a: Rillaboom
|-damage|p2a: Rillaboom|67/100
|
|-heal|p1a: Ogerpon|69/100|[from] Grassy Terrain
|-heal|p2a: Rillaboom|73/100|[from] Grassy Terrain
|upkeep
|turn|4
|
|t:|1769422248
|switch|p1a: Salazzle|Salazzle, F|100/100
|move|p2a: Rillaboom|Wood Hammer|p1a: Salazzle
|-resisted|p1a: Salazzle
|-damage|p1a: Salazzle|41/100
|-damage|p2a: Rillaboom|57/100|[from] Recoil
|
|-heal|p1a: Salazzle|47/100|[from] Grassy Terrain
|-heal|p2a: Rillaboom|63/100|[from] Grassy Terrain
|upkeep
|turn|5
|
|t:|1769422258
|switch|p2a: Landorus|Landorus-Therian, M|100/100
|-ability|p2a: Landorus|Intimidate|boost
|-unboost|p1a: Salazzle|atk|1
|move|p1a: Salazzle|Flamethrower|p2a: Landorus
|-damage|p2a: Landorus|26/100
|-status|p2a: Landorus|brn
|-damage|p1a: Salazzle|38/100|[from] item: Life Orb
|
|-heal|p1a: Salazzle|44/100|[from] Grassy Terrain
|-damage|p2a: Landorus|20/100 brn|[from] brn
|upkeep
|turn|6
|
|t:|1769422271
|move|p2a: Landorus|Stealth Rock|p1a: Salazzle
|-sidestart|p1: Skayboy31|move: Stealth Rock
|move|p1a: Salazzle|Flamethrower|p2a: Landorus
|-damage|p2a: Landorus|0 fnt
|faint|p2a: Landorus
|-damage|p1a: Salazzle|34/100|[from] item: Life Orb
|
|-heal|p1a: Salazzle|40/100|[from] Grassy Terrain
|upkeep
|
|t:|1769422276
|switch|p2a: Rillaboom|Rillaboom, M|63/100
|turn|7
|
|t:|1769422293
|switch|p2a: Heatran|Heatran, F|100/100
|-item|p2a: Heatran|Air Balloon
|move|p1a: Salazzle|Flamethrower|p2a: Heatran
|-start|p2a: Heatran|ability: Flash Fire
|
|-heal|p1a: Salazzle|46/100|[from] Grassy Terrain
|-fieldend|move: Grassy Terrain
|upkeep
|turn|8
|
|t:|1769422309
|switch|p1a: Landorus|Landorus-Therian, M, shiny|100/100
|-damage|p1a: Landorus|88/100|[from] Stealth Rock
|-ability|p1a: Landorus|Intimidate|boost
|-unboost|p2a: Heatran|atk|1
|move|p2a: Heatran|Magma Storm|p1a: Landorus
|-crit|p1a: Landorus
|-damage|p1a: Landorus|0 fnt
|faint|p1a: Landorus
|
|upkeep
|inactive|Skayboy31 has 120 seconds left.
|
|t:|1769422324
|switch|p1a: Ogerpon|Ogerpon-Wellspring, F|69/100
|-damage|p1a: Ogerpon|56/100|[from] Stealth Rock
|turn|9
|
|t:|1769422328
|-end|p2a: Heatran|ability: Flash Fire|[silent]
|switch|p2a: Alomomola|Alomomola, M|100/100
|move|p1a: Ogerpon|Ivy Cudgel|p2a: Alomomola|[anim] Ivy Cudgel Water
|-resisted|p2a: Alomomola
|-crit|p2a: Alomomola
|-damage|p2a: Alomomola|76/100
|
|upkeep
|turn|10
|
|t:|1769422336
|move|p1a: Ogerpon|Wood Hammer|p2a: Alomomola
|-supereffective|p2a: Alomomola
|-damage|p2a: Alomomola|5/100
|-damage|p1a: Ogerpon|40/100|[from] item: Rocky Helmet|[of] p2a: Alomomola
|-damage|p1a: Ogerpon|0 fnt|[from] Recoil
|faint|p1a: Ogerpon
|move|p2a: Alomomola|Scald|p1: Ogerpon|[notarget]
|-fail|p2a: Alomomola
|
|upkeep
|
|t:|1769422348
|switch|p1a: Salazzle|Salazzle, F|46/100
|-damage|p1a: Salazzle|21/100|[from] Stealth Rock
|turn|11
|
|t:|1769422356
|switch|p2a: Weezing|Weezing-Galar, M|100/100
|-ability|p2a: Weezing|Neutralizing Gas
|move|p1a: Salazzle|Sludge Bomb|p2a: Weezing
|-damage|p2a: Weezing|29/100
|-damage|p1a: Salazzle|12/100|[from] item: Life Orb
|
|upkeep
|turn|12
|
|t:|1769422366
|-end|p2a: Weezing|ability: Neutralizing Gas
|switch|p2a: Heatran|Heatran, F|100/100
|-item|p2a: Heatran|Air Balloon
|move|p1a: Salazzle|Sludge Bomb|p2a: Heatran
|-immune|p2a: Heatran
|
|upkeep
|turn|13
|
|t:|1769422377
|switch|p1a: Garganacl|Garganacl, M|100/100
|-damage|p1a: Garganacl|88/100|[from] Stealth Rock
|move|p2a: Heatran|Will-O-Wisp|p1a: Garganacl|[miss]
|-miss|p2a: Heatran|p1a: Garganacl
|
|-heal|p1a: Garganacl|94/100|[from] item: Leftovers
|upkeep
|turn|14
|
|t:|1769422386
|switch|p2a: Alomomola|Alomomola, M|39/100
|move|p1a: Garganacl|Salt Cure|p2a: Alomomola
|-damage|p2a: Alomomola|31/100
|-start|p2a: Alomomola|Salt Cure
|
|-heal|p1a: Garganacl|100/100|[from] item: Leftovers
|-damage|p2a: Alomomola|6/100|[from] Salt Cure
|upkeep
|turn|15
|
|t:|1769422398
|switch|p2a: Rillaboom|Rillaboom, M|63/100
|-fieldstart|move: Grassy Terrain|[from] ability: Grassy Surge|[of] p2a: Rillaboom
|move|p1a: Garganacl|Salt Cure|p2a: Rillaboom
|-damage|p2a: Rillaboom|49/100
|-start|p2a: Rillaboom|Salt Cure
|
|-heal|p2a: Rillaboom|55/100|[from] Grassy Terrain
|-damage|p2a: Rillaboom|43/100|[from] Salt Cure
|upkeep
|turn|16
|
|t:|1769422408
|move|p2a: Rillaboom|Wood Hammer|p1a: Garganacl
|-supereffective|p1a: Garganacl
|-damage|p1a: Garganacl|0 fnt
|faint|p1a: Garganacl
|-damage|p2a: Rillaboom|4/100|[from] Recoil
|
|-heal|p2a: Rillaboom|10/100|[from] Grassy Terrain
|-damage|p2a: Rillaboom|0 fnt|[from] Salt Cure
|faint|p2a: Rillaboom
|upkeep
|
|t:|1769422422
|switch|p2a: Alomomola|Alomomola, M|40/100
|switch|p1a: Zapdos|Zapdos-Galar|100/100
|-damage|p1a: Zapdos|88/100|[from] Stealth Rock
|turn|17
|
|t:|1769422431
|move|p2a: Alomomola|Protect|p2a: Alomomola
|-singleturn|p2a: Alomomola|Protect
|move|p1a: Zapdos|Thunderous Kick|p2a: Alomomola
|-activate|p2a: Alomomola|move: Protect
|
|-heal|p2a: Alomomola|46/100|[from] Grassy Terrain
|upkeep
|turn|18
|
|t:|1769422439
|switch|p2a: Weezing|Weezing-Galar, M|29/100
|-ability|p2a: Weezing|Neutralizing Gas
|move|p1a: Zapdos|Thunderous Kick|p2a: Weezing
|-resisted|p2a: Weezing
|-damage|p2a: Weezing|21/100
|-unboost|p2a: Weezing|def|1
|
|-heal|p2a: Weezing|27/100|[from] Grassy Terrain
|upkeep
|turn|19
|
|t:|1769422453
|move|p1a: Zapdos|Brave Bird|p2a: Weezing
|-damage|p2a: Weezing|0 fnt
|faint|p2a: Weezing
|-end|p2a: Weezing|ability: Neutralizing Gas
|-damage|p1a: Zapdos|79/100|[from] Recoil
|
|-fieldend|move: Grassy Terrain
|upkeep
|
|t:|1769422458
|switch|p2a: Alomomola|Alomomola, M|79/100
|turn|20
|
|t:|1769422467
|move|p1a: Zapdos|Knock Off|p2a: Alomomola
|-damage|p2a: Alomomola|60/100
|-damage|p1a: Zapdos|62/100|[from] item: Rocky Helmet|[of] p2a: Alomomola
|-enditem|p2a: Alomomola|Rocky Helmet|[from] move: Knock Off|[of] p1a: Zapdos
|move|p2a: Alomomola|Scald|p1a: Zapdos
|-damage|p1a: Zapdos|47/100
|
|upkeep
|turn|21
|
|t:|1769422476
|move|p1a: Zapdos|Thunderous Kick|p2a: Alomomola
|-damage|p2a: Alomomola|34/100
|-unboost|p2a: Alomomola|def|1
|move|p2a: Alomomola|Wish|p2a: Alomomola
|
|upkeep
|turn|22
|
|t:|1769422482
|switch|p2a: Ting-Lu|Ting-Lu|40/100
|-ability|p2a: Ting-Lu|Vessel of Ruin
|move|p1a: Zapdos|Thunderous Kick|p2a: Ting-Lu
|-supereffective|p2a: Ting-Lu
|-damage|p2a: Ting-Lu|0 fnt
|faint|p2a: Ting-Lu
|
|upkeep
|
|t:|1769422486
|switch|p2a: Heatran|Heatran, F|100/100
|-item|p2a: Heatran|Air Balloon
|turn|23
|
|t:|1769422505
|move|p1a: Zapdos|Knock Off|p2a: Heatran
|-damage|p2a: Heatran|68/100
|-enditem|p2a: Heatran|Air Balloon
|move|p2a: Heatran|Magma Storm|p1a: Zapdos
|-damage|p1a: Zapdos|0 fnt
|faint|p1a: Zapdos
|
|upkeep
|
|t:|1769422513
|switch|p1a: Kyurem|Kyurem|100/100
|-damage|p1a: Kyurem|75/100|[from] Stealth Rock
|-ability|p1a: Kyurem|Pressure
|turn|24
|
|t:|1769422522
|-terastallize|p1a: Kyurem|Fairy
|-terastallize|p2a: Heatran|Grass
|move|p1a: Kyurem|Earth Power|p2a: Heatran
|-resisted|p2a: Heatran
|-crit|p2a: Heatran
|-damage|p2a: Heatran|35/100
|-unboost|p2a: Heatran|spd|1
|-damage|p1a: Kyurem|66/100|[from] item: Life Orb
|move|p2a: Heatran|Magma Storm|p1a: Kyurem|[miss]
|-miss|p2a: Heatran|p1a: Kyurem
|
|upkeep
|turn|25
|
|t:|1769422535
|move|p1a: Kyurem|Freeze-Dry|p2a: Heatran
|-supereffective|p2a: Heatran
|-damage|p2a: Heatran|0 fnt
|faint|p2a: Heatran
|-damage|p1a: Kyurem|56/100|[from] item: Life Orb
|
|upkeep
|
|t:|1769422537
|switch|p2a: Alomomola|Alomomola, M|67/100
|turn|26
|-message|gitotama forfeited.
|
|win|Skayboy31
|raw|Skayboy31's rating: 1169 &rarr; <strong>1193</strong><br />(+24 for winning)
|raw|gitotama's rating: 1161 &rarr; <strong>1137</strong><br />(-24 for losing)
|l|☆gitotama
|player|p2|
|l|☆Skayboy31
|player|p1|
