|j|☆mercadocentral
|j|☆aa359
|t:|1769439746
|gametype|singles
|player|p1|mercadocentral|cynthia|1412
|player|p2|aa359|unknown|1442
|gen|9
|tier|[Gen 9] OU
|rated|
|rule|HP Percentage Mod: HP is shown in percentages
|rule|Endless Battle Clause: Forcing endless battles is banned
|rule|Species Clause: Limit one of each Pokémon
|rule|OHKO Clause: OHKO moves are banned
|rule|Evasion Items Clause: Evasion items are banned
|rule|Evasion Moves Clause: Evasion moves are banned
|rule|Evasion Abilities Clause: Evasion abilities are banned
|rule|Sleep Moves Clause: Sleep-inducing moves are banned
|clearpoke
|poke|p1|Comfey, M|
|poke|p1|Whimsicott, M|
|poke|p1|Iron Moth|
|poke|p1|Walking Wake|
|poke|p1|Great Tusk|
|poke|p1|Ninetales, M|
|poke|p2|Porygon-Z|
|poke|p2|Latios, M|
|poke|p2|Gyarados, F|
|poke|p2|Clefable, F|
|poke|p2|Gliscor, M|
|poke|p2|Scizor, F|
|teampreview
|
|t:|1769439751
|teamsize|p1|6
|teamsize|p2|6
|start
|switch|p1a: Ninetales|Ninetales, M|100/100
|switch|p2a: Latios|Latios, M|100/100
|-weather|SunnyDay|[from] ability: Drought|[of] p1a: Ninetales
|turn|1
|
|t:|1769439764
|switch|p1a: Whimsicott|Whimsicott, M|100/100
|move|p2a: Latios|Draco Meteor|p1a: Whimsicott
|-immune|p1a: Whimsicott
|
|-weather|SunnyDay|[upkeep]
|upkeep
|turn|2
|
|t:|1769439772
|switch|p2a: Gliscor|Gliscor, M|100/100
|move|p1a: Whimsicott|Growth|p1a: Whimsicott
|-boost|p1a: Whimsicott|atk|2
|-boost|p1a: Whimsicott|spa|2
|
|-weather|SunnyDay|[upkeep]
|-status|p2a: Gliscor|tox|[from] item: Toxic Orb
|upkeep
|turn|3
|
|t:|1769439784
|move|p1a: Whimsicott|Moonblast|p2a: Gliscor
|-damage|p2a: Gliscor|0 fnt
|faint|p2a: Gliscor
|-damage|p1a: Whimsicott|91/100|[from] item: Life Orb
|
|-weather|SunnyDay|[upkeep]
|upkeep
|
|t:|1769439791
|switch|p2a: Scizor|Scizor, F|100/100
|turn|4
|
|t:|1769439797
|-terastallize|p1a: Whimsicott|Ghost
|move|p1a: Whimsicott|Shadow Ball|p2a: Scizor
|-damage|p2a: Scizor|8/100
|-damage|p1a: Whimsicott|81/100|[from] item: Life Orb
|move|p2a: Scizor|U-turn|p1a: Whimsicott
|-resisted|p1a: Whimsicott
|-damage|p1a: Whimsicott|42/100
|
|t:|1769439802
|switch|p2a: Clefable|Clefable, F|100/100|[from] U-turn
|
|-weather|SunnyDay|[upkeep]
|upkeep
|turn|5
|
|t:|1769439808
|move|p1a: Whimsicott|Giga Drain|p2a: Clefable
|-damage|p2a: Clefable|61/100
|-heal|p1a: Whimsicott|66/100|[from] drain|[of] p2a: Clefable
|-damage|p1a: Whimsicott|56/100|[from] item: Life Orb
|move|p2a: Clefable|Stealth Rock|p1a: Whimsicott
|-sidestart|p1: mercadocentral|move: Stealth Rock
|
|-weather|SunnyDay|[upkeep]
|-heal|p2a: Clefable|67/100|[from] item: Leftovers
|upkeep
|turn|6
|
|t:|1769439818
|move|p1a: Whimsicott|Giga Drain|p2a: Clefable
|-damage|p2a: Clefable|33/100
|-heal|p1a: Whimsicott|77/100|[from] drain|[of] p2a: Clefable
|-damage|p1a: Whimsicott|67/100|[from] item: Life Orb
|move|p2a: Clefable|Calm Mind|p2a: Clefable
|-boost|p2a: Clefable|spa|1
|-boost|p2a: Clefable|spd|1
|
|-weather|SunnyDay|[upkeep]
|-heal|p2a: Clefable|39/100|[from] item: Leftovers
|upkeep
|turn|7
|
|t:|1769439830
|switch|p1a: Iron Moth|Iron Moth|100/100
|-damage|p1a: Iron Moth|76/100|[from] Stealth Rock
|-enditem|p1a: Iron Moth|Booster Energy
|-activate|p1a: Iron Moth|ability: Quark Drive|[fromitem]
|-start|p1a: Iron Moth|quarkdrivespa
|move|p2a: Clefable|Moonblast|p1a: Iron Moth
|-resisted|p1a: Iron Moth
|-damage|p1a: Iron Moth|62/100
|
|-weather|SunnyDay|[upkeep]
|-heal|p2a: Clefable|45/100|[from] item: Leftovers
|upkeep
|turn|8
|
|t:|1769439847
|switch|p2a: Scizor|Scizor, F|8/100
|move|p1a: Iron Moth|Sludge Wave|p2a: Scizor
|-immune|p2a: Scizor
|
|-weather|none
|upkeep
|turn|9
|
|t:|1769439853
|move|p2a: Scizor|Bullet Punch|p1a: Iron Moth
|-resisted|p1a: Iron Moth
|-damage|p1a: Iron Moth|21/100
|move|p1a: Iron Moth|Fiery Dance|p2a: Scizor
|-supereffective|p2a: Scizor
|-damage|p2a: Scizor|0 fnt
|-boost|p1a: Iron Moth|spa|1
|faint|p2a: Scizor
|
|upkeep
|
|t:|1769439864
|switch|p2a: Porygon-Z|Porygon-Z|100/100
|-ability|p2a: Porygon-Z|Download|boost
|-boost|p2a: Porygon-Z|atk|1
|turn|10
|
|t:|1769439869
|move|p2a: Porygon-Z|Tera Blast|p1a: Iron Moth
|-damage|p1a: Iron Moth|0 fnt
|faint|p1a: Iron Moth
|-end|p1a: Iron Moth|Quark Drive|[silent]
|
|upkeep
|inactive|Battle timer is ON: inactive players will automatically lose when time's up. (requested by aa359)
|
|t:|1769439894
|switch|p1a: Whimsicott|Whimsicott, M, tera:Ghost|67/100
|-damage|p1a: Whimsicott|54/100|[from] Stealth Rock
|turn|11
|
|t:|1769439901
|switch|p2a: Clefable|Clefable, F|45/100
|move|p1a: Whimsicott|Growth|p1a: Whimsicott
|-boost|p1a: Whimsicott|atk|1
|-boost|p1a: Whimsicott|spa|1
|
|-heal|p2a: Clefable|51/100|[from] item: Leftovers
|upkeep
|turn|12
|
|t:|1769439916
|switch|p1a: Ninetales|Ninetales, M|100/100
|-damage|p1a: Ninetales|76/100|[from] Stealth Rock
|-weather|SunnyDay|[from] ability: Drought|[of] p1a: Ninetales
|move|p2a: Clefable|Moonblast|p1a: Ninetales
|-resisted|p1a: Ninetales
|-damage|p1a: Ninetales|58/100
|
|-weather|SunnyDay|[upkeep]
|-heal|p2a: Clefable|57/100|[from] item: Leftovers
|upkeep
|turn|13
|
|t:|1769439930
|switch|p2a: Latios|Latios, M|100/100
|move|p1a: Ninetales|Encore||[still]
|-fail|p1a: Ninetales
|
|-weather|SunnyDay|[upkeep]
|upkeep
|turn|14
|
|t:|1769439936
|switch|p1a: Walking Wake|Walking Wake|100/100
|-damage|p1a: Walking Wake|88/100|[from] Stealth Rock
|-activate|p1a: Walking Wake|ability: Protosynthesis
|-start|p1a: Walking Wake|protosynthesisspe
|move|p2a: Latios|Psyshock|p1a: Walking Wake
|-damage|p1a: Walking Wake|41/100
|-damage|p2a: Latios|91/100|[from] item: Life Orb
|
|-weather|SunnyDay|[upkeep]
|upkeep
|turn|15
|
|t:|1769439946
|switch|p2a: Clefable|Clefable, F|57/100
|move|p1a: Walking Wake|Knock Off|p2a: Clefable
|-resisted|p2a: Clefable
|-damage|p2a: Clefable|48/100
|-enditem|p2a: Clefable|Leftovers|[from] move: Knock Off|[of] p1a: Walking Wake
|
|-weather|SunnyDay|[upkeep]
|upkeep
|turn|16
|
|t:|1769439954
|move|p1a: Walking Wake|Flip Turn|p2a: Clefable
|-damage|p2a: Clefable|41/100
|
|t:|1769439963
|-end|p1a: Walking Wake|Protosynthesis|[silent]
|switch|p1a: Great Tusk|Great Tusk|100/100|[from] Flip Turn
|-damage|p1a: Great Tusk|98/100|[from] Stealth Rock
|-activate|p1a: Great Tusk|ability: Protosynthesis
|-start|p1a: Great Tusk|protosynthesisspe
|move|p2a: Clefable|Moonblast|p1a: Great Tusk
|-supereffective|p1a: Great Tusk
|-damage|p1a: Great Tusk|0 fnt
|faint|p1a: Great Tusk
|-end|p1a: Great Tusk|Protosynthesis|[silent]
|
|-weather|SunnyDay|[upkeep]
|upkeep
|
|t:|1769439975
|switch|p1a: Comfey|Comfey, M|100/100
|-damage|p1a: Comfey|88/100|[from] Stealth Rock
|turn|17
|
|t:|1769439987
|move|p1a: Comfey|Growth|p1a: Comfey
|-boost|p1a: Comfey|atk|2
|-boost|p1a: Comfey|spa|2
|move|p2a: Clefable|Moonblast|p1a: Comfey
|-damage|p1a: Comfey|48/100
|
|-weather|SunnyDay|[upkeep]
|upkeep
|turn|18
|
|t:|1769439993
|move|p1a: Comfey|Growth|p1a: Comfey
|-boost|p1a: Comfey|atk|2
|-boost|p1a: Comfey|spa|2
|move|p2a: Clefable|Moonblast|p1a: Comfey
|-damage|p1a: Comfey|10/100
|-unboost|p1a: Comfey|spa|1
|
|-weather|SunnyDay|[upkeep]
|upkeep
|turn|19
|
|t:|1769440002
|move|p1a: Comfey|Synthesis|p1a: Comfey
|-heal|p1a: Comfey|77/100
|move|p2a: Clefable|Moonblast|p1a: Comfey
|-damage|p1a: Comfey|39/100
|-unboost|p1a: Comfey|spa|1
|
|-weather|none
|upkeep
|turn|20
|
|t:|1769440012
|move|p1a: Comfey|Stored Power|p2a: Clefable
|-damage|p2a: Clefable|0 fnt
|faint|p2a: Clefable
|-damage|p1a: Comfey|29/100|[from] item: Life Orb
|
|upkeep
|
|t:|1769440022
|switch|p2a: Gyarados|Gyarados, F|100/100
|turn|21
|
|t:|1769440025
|move|p1a: Comfey|Draining Kiss|p2a: Gyarados
|-damage|p2a: Gyarados|43/100
|-heal|p1a: Comfey|76/100|[from] drain|[of] p2a: Gyarados
|-damage|p1a: Comfey|66/100|[from] item: Life Orb
|move|p2a: Gyarados|Waterfall|p1a: Comfey
|-damage|p1a: Comfey|20/100
|
|upkeep
|turn|22
|
|t:|1769440033
|move|p1a: Comfey|Draining Kiss|p2a: Gyarados
|-damage|p2a: Gyarados|0 fnt
|-heal|p1a: Comfey|55/100|[from] drain|[of] p2a: Gyarados
|faint|p2a: Gyarados
|-damage|p1a: Comfey|45/100|[from] item: Life Orb
|
|upkeep
|
|t:|1769440035
|switch|p2a: Porygon-Z|Porygon-Z|100/100
|-ability|p2a: Porygon-Z|Download|boost
|-boost|p2a: Porygon-Z|atk|1
|turn|23
|
|t:|1769440041
|move|p1a: Comfey|Draining Kiss|p2a: Porygon-Z
|-damage|p2a: Porygon-Z|25/100
|-heal|p1a: Comfey|100/100|[from] drain|[of] p2a: Porygon-Z
|-damage|p1a: Comfey|91/100|[from] item: Life Orb
|move|p2a: Porygon-Z|Tera Blast|p1a: Comfey
|-damage|p1a: Comfey|40/100
|
|upkeep
|turn|24
|-message|aa359 forfeited.
|
|win|mercadocentral
|raw|mercadocentral's rating: 1412 &rarr; <strong>1434</strong><br />(+22 for winning)
|raw|aa359's rating: 1442 &rarr; <strong>1420</strong><br />(-22 for losing)
|l|☆aa359
|player|p2|
|l|☆mercadocentral
|player|p1|
