|j|☆Ai Eru
|j|☆Berry84
|t:|1769403764
|gametype|singles
|player|p1|Ai Eru|skyla|1158
|player|p2|Berry84|102|1195
|gen|9
|tier|[Gen 9] OU
|rated|
|rule|HP Percentage Mod: HP is shown in percentages
|rule|Endless Battle Clause: Forcing endless battles is banned
|rule|Species Clause: Limit one of each Pokémon
|rule|OHKO Clause: OHKO moves are banned
|rule|Evasion Items Clause: Evasion items are banned
|rule|Evasion Moves Clause: Evasion moves are banned
|rule|Evasion Abilities Clause: Evasion abilities are banned
|rule|Sleep Moves Clause: Sleep-inducing moves are banned
|clearpoke
|poke|p1|Hatterene, F|
|poke|p1|Ursaluna, M|
|poke|p1|Slowking-Galar, F|
|poke|p1|Kingambit, M|
|poke|p1|Diancie|
|poke|p1|Porygon2|
|poke|p2|Cloyster, F|
|poke|p2|Kyurem|
|poke|p2|Garganacl, F|
|poke|p2|Rillaboom, F|
|poke|p2|Cinderace, F|
|poke|p2|Tornadus-Therian, M|
|teampreview
|
|t:|1769403778
|teamsize|p1|6
|teamsize|p2|6
|start
|switch|p1a: Porygon2|Porygon2|100/100
|switch|p2a: Kyurem|Kyurem|100/100
|-ability|p2a: Kyurem|Pressure
|-ability|p1a: Porygon2|Download|boost
|-boost|p1a: Porygon2|atk|1
|turn|1
|
|t:|1769403791
|move|p2a: Kyurem|Ice Beam|p1a: Porygon2
|-damage|p1a: Porygon2|80/100
|move|p1a: Porygon2|Thunder Wave|p2a: Kyurem
|-status|p2a: Kyurem|par
|
|upkeep
|turn|2
|
|t:|1769403812
|move|p2a: Kyurem|Ice Beam|p1a: Porygon2
|-damage|p1a: Porygon2|59/100
|move|p1a: Porygon2|Tri Attack|p2a: Kyurem
|-damage|p2a: Kyurem|82/100 par
|
|upkeep
|turn|3
|
|t:|1769403823
|cant|p2a: Kyurem|par
|move|p1a: Porygon2|Recover|p1a: Porygon2
|-heal|p1a: Porygon2|100/100
|
|upkeep
|turn|4
|
|t:|1769403832
|move|p2a: Kyurem|Ice Beam|p1a: Porygon2
|-damage|p1a: Porygon2|80/100
|move|p1a: Porygon2|Tri Attack|p2a: Kyurem
|-crit|p2a: Kyurem
|-damage|p2a: Kyurem|53/100 par
|
|upkeep
|turn|5
|
|t:|1769403843
|switch|p2a: Rillaboom|Rillaboom, F|100/100
|-fieldstart|move: Grassy Terrain|[from] ability: Grassy Surge|[of] p2a: Rillaboom
|move|p1a: Porygon2|Shadow Ball|p2a: Rillaboom
|-damage|p2a: Rillaboom|75/100
|
|-heal|p2a: Rillaboom|81/100|[from] Grassy Terrain
|-heal|p2a: Rillaboom|88/100|[from] item: Leftovers
|-heal|p1a: Porygon2|86/100|[from] Grassy Terrain
|upkeep
|turn|6
|
|t:|1769403855
|move|p2a: Rillaboom|Substitute|p2a: Rillaboom
|-start|p2a: Rillaboom|Substitute
|-damage|p2a: Rillaboom|63/100
|move|p1a: Porygon2|Thunder Wave||[still]
|-fail|p1a: Porygon2
|
|-heal|p2a: Rillaboom|69/100|[from] Grassy Terrain
|-heal|p2a: Rillaboom|75/100|[from] item: Leftovers
|-heal|p1a: Porygon2|92/100|[from] Grassy Terrain
|upkeep
|turn|7
|
|t:|1769403866
|move|p2a: Rillaboom|Leech Seed|p1a: Porygon2
|-start|p1a: Porygon2|move: Leech Seed
|move|p1a: Porygon2|Tri Attack|p2a: Rillaboom
|-crit|p2a: Rillaboom
|-end|p2a: Rillaboom|Substitute
|
|-heal|p2a: Rillaboom|81/100|[from] Grassy Terrain
|-heal|p2a: Rillaboom|87/100|[from] item: Leftovers
|-heal|p1a: Porygon2|98/100|[from] Grassy Terrain
|-damage|p1a: Porygon2|86/100|[from] Leech Seed|[of] p2a: Rillaboom
|-heal|p2a: Rillaboom|100/100|[silent]
|upkeep
|turn|8
|
|t:|1769403886
|switch|p1a: Slowking|Slowking-Galar, F|100/100
|move|p2a: Rillaboom|Substitute|p2a: Rillaboom
|-start|p2a: Rillaboom|Substitute
|-damage|p2a: Rillaboom|76/100
|
|-heal|p2a: Rillaboom|82/100|[from] Grassy Terrain
|-heal|p2a: Rillaboom|88/100|[from] item: Leftovers
|upkeep
|turn|9
|
|t:|1769403896
|move|p2a: Rillaboom|Leech Seed|p1a: Slowking
|-start|p1a: Slowking|move: Leech Seed
|move|p1a: Slowking|Trick Room|p1a: Slowking
|-fieldstart|move: Trick Room|[of] p1a: Slowking
|
|-heal|p2a: Rillaboom|94/100|[from] Grassy Terrain
|-heal|p2a: Rillaboom|99/100|[from] item: Leftovers
|-damage|p1a: Slowking|88/100|[from] Leech Seed|[of] p2a: Rillaboom
|-heal|p2a: Rillaboom|100/100|[silent]
|-fieldend|move: Grassy Terrain
|upkeep
|turn|10
|
|t:|1769403907
|move|p1a: Slowking|Sludge Bomb|p2a: Rillaboom
|-supereffective|p2a: Rillaboom
|-end|p2a: Rillaboom|Substitute
|move|p2a: Rillaboom|Grassy Glide|p1a: Slowking
|-resisted|p1a: Slowking
|-damage|p1a: Slowking|76/100
|
|-damage|p1a: Slowking|64/100|[from] Leech Seed|[of] p2a: Rillaboom
|upkeep
|turn|11
|
|t:|1769403918
|switch|p2a: Kyurem|Kyurem|53/100 par
|-ability|p2a: Kyurem|Pressure
|move|p1a: Slowking|Sludge Bomb|p2a: Kyurem
|-damage|p2a: Kyurem|21/100 par
|
|-damage|p1a: Slowking|52/100|[from] Leech Seed|[of] p2a: Kyurem
|-heal|p2a: Kyurem|34/100 par|[silent]
|upkeep
|turn|12
|
|t:|1769403927
|-prepare|p1a: Slowking|Chilly Reception|[premajor]
|move|p1a: Slowking|Chilly Reception|p1a: Slowking
|-weather|Snowscape
|
|t:|1769403933
|switch|p1a: Porygon2|Porygon2|86/100|[from] Chilly Reception
|-ability|p1a: Porygon2|Download|boost
|-boost|p1a: Porygon2|atk|1
|move|p2a: Kyurem|Draco Meteor|p1a: Porygon2
|-damage|p1a: Porygon2|53/100
|-unboost|p2a: Kyurem|spa|2
|
|-weather|Snowscape|[upkeep]
|upkeep
|turn|13
|
|t:|1769403948
|move|p1a: Porygon2|Recover|p1a: Porygon2
|-heal|p1a: Porygon2|100/100
|move|p2a: Kyurem|Ice Beam|p1a: Porygon2
|-damage|p1a: Porygon2|90/100
|
|-weather|Snowscape|[upkeep]
|-fieldend|move: Trick Room
|upkeep
|turn|14
|
|t:|1769403964
|switch|p1a: Diancie|Diancie|100/100
|move|p2a: Kyurem|Ice Beam|p1a: Diancie
|-damage|p1a: Diancie|82/100
|-status|p1a: Diancie|frz
|
|-weather|Snowscape|[upkeep]
|upkeep
|turn|15
|
|t:|1769403972
|switch|p2a: Cloyster|Cloyster, F|100/100
|cant|p1a: Diancie|frz
|
|-weather|Snowscape|[upkeep]
|upkeep
|turn|16
|
|t:|1769403977
|move|p2a: Cloyster|Shell Smash|p2a: Cloyster
|-unboost|p2a: Cloyster|def|1
|-unboost|p2a: Cloyster|spd|1
|-boost|p2a: Cloyster|atk|2
|-boost|p2a: Cloyster|spa|2
|-boost|p2a: Cloyster|spe|2
|-curestatus|p1a: Diancie|frz|[msg]
|move|p1a: Diancie|Trick Room|p1a: Diancie
|-fieldstart|move: Trick Room|[of] p1a: Diancie
|
|-weather|none
|upkeep
|turn|17
|
|t:|1769403995
|switch|p1a: Porygon2|Porygon2|90/100
|-ability|p1a: Porygon2|Download|boost
|-boost|p1a: Porygon2|spa|1
|move|p2a: Cloyster|Ice Shard|p1a: Porygon2
|-damage|p1a: Porygon2|63/100
|
|upkeep
|turn|18
|
|t:|1769404008
|-terastallize|p2a: Cloyster|Ground
|move|p1a: Porygon2|Thunder Wave|p2a: Cloyster
|-immune|p2a: Cloyster
|move|p2a: Cloyster|Icicle Spear|p1a: Porygon2
|-damage|p1a: Porygon2|43/100
|-damage|p1a: Porygon2|26/100
|-damage|p1a: Porygon2|6/100
|-damage|p1a: Porygon2|0 fnt
|faint|p1a: Porygon2
|-hitcount|p1: Porygon2|4
|
|upkeep
|
|t:|1769404040
|switch|p1a: Hatterene|Hatterene, F|100/100
|turn|19
|
|t:|1769404063
|switch|p2a: Garganacl|Garganacl, F|100/100
|move|p1a: Hatterene|Psychic|p2a: Garganacl
|-damage|p2a: Garganacl|53/100
|-damage|p1a: Hatterene|91/100|[from] item: Life Orb
|
|-heal|p2a: Garganacl|59/100|[from] item: Leftovers
|upkeep
|turn|20
|
|t:|1769404080
|switch|p1a: Slowking|Slowking-Galar, F|85/100
|move|p2a: Garganacl|Recover|p2a: Garganacl
|-heal|p2a: Garganacl|100/100
|
|-fieldend|move: Trick Room
|upkeep
|turn|21
|
|t:|1769404095
|move|p2a: Garganacl|Salt Cure|p1a: Slowking
|-damage|p1a: Slowking|70/100
|-start|p1a: Slowking|Salt Cure
|move|p1a: Slowking|Sludge Bomb|p2a: Garganacl
|-resisted|p2a: Garganacl
|-damage|p2a: Garganacl|86/100
|
|-heal|p2a: Garganacl|92/100|[from] item: Leftovers
|-damage|p1a: Slowking|58/100|[from] Salt Cure
|upkeep
|turn|22
|
|t:|1769404105
|switch|p1a: Ursaluna|Ursaluna, M|100/100
|move|p2a: Garganacl|Iron Defense|p2a: Garganacl
|-boost|p2a: Garganacl|def|2
|
|-heal|p2a: Garganacl|99/100|[from] item: Leftovers
|-status|p1a: Ursaluna|brn|[from] item: Flame Orb
|upkeep
|turn|23
|
|t:|1769404116
|move|p1a: Ursaluna|Headlong Rush|p2a: Garganacl
|-supereffective|p2a: Garganacl
|-damage|p2a: Garganacl|31/100
|-unboost|p1a: Ursaluna|def|1
|-unboost|p1a: Ursaluna|spd|1
|move|p2a: Garganacl|Iron Defense|p2a: Garganacl
|-boost|p2a: Garganacl|def|2
|
|-heal|p2a: Garganacl|37/100|[from] item: Leftovers
|-damage|p1a: Ursaluna|94/100 brn|[from] brn
|upkeep
|turn|24
|
|t:|1769404126
|move|p1a: Ursaluna|Headlong Rush|p2a: Garganacl
|-supereffective|p2a: Garganacl
|-damage|p2a: Garganacl|0 fnt
|-unboost|p1a: Ursaluna|def|1
|-unboost|p1a: Ursaluna|spd|1
|faint|p2a: Garganacl
|
|-damage|p1a: Ursaluna|88/100 brn|[from] brn
|upkeep
|
|t:|1769404145
|switch|p2a: Tornadus|Tornadus-Therian, M|100/100
|turn|25
|
|t:|1769404154
|switch|p1a: Diancie|Diancie|82/100
|move|p2a: Tornadus|Focus Blast|p1a: Diancie|[miss]
|-miss|p2a: Tornadus|p1a: Diancie
|
|upkeep
|turn|26
|
|t:|1769404174
|move|p2a: Tornadus|Focus Blast|p1a: Diancie
|-damage|p1a: Diancie|50/100
|move|p1a: Diancie|Trick Room|p1a: Diancie
|-fieldstart|move: Trick Room|[of] p1a: Diancie
|
|upkeep
|turn|27
|j| qianxiao7274
|
|t:|1769404195
|move|p1a: Diancie|Stealth Rock|p2a: Tornadus
|-sidestart|p2: Berry84|move: Stealth Rock
|move|p2a: Tornadus|Bleakwind Storm|p1a: Diancie
|-resisted|p1a: Diancie
|-damage|p1a: Diancie|28/100
|
|upkeep
|turn|28
|
|t:|1769404218
|move|p1a: Diancie|Diamond Storm|p2a: Tornadus
|-supereffective|p2a: Tornadus
|-damage|p2a: Tornadus|12/100
|move|p2a: Tornadus|Bleakwind Storm|p1a: Diancie
|-resisted|p1a: Diancie
|-damage|p1a: Diancie|6/100
|
|upkeep
|turn|29
|
|t:|1769404225
|move|p1a: Diancie|Moonblast|p2a: Tornadus
|-damage|p2a: Tornadus|0 fnt
|faint|p2a: Tornadus
|
|upkeep
|
|t:|1769404231
|switch|p2a: Cloyster|Cloyster, F, tera:Ground|100/100
|-damage|p2a: Cloyster|94/100|[from] Stealth Rock
|turn|30
|
|t:|1769404254
|switch|p1a: Hatterene|Hatterene, F|91/100
|move|p2a: Cloyster|Ice Shard|p1a: Hatterene
|-damage|p1a: Hatterene|64/100
|
|-fieldend|move: Trick Room
|upkeep
|turn|31
|l| qianxiao7274
|
|t:|1769404264
|move|p2a: Cloyster|Icicle Spear|p1a: Hatterene
|-damage|p1a: Hatterene|48/100
|-damage|p1a: Hatterene|34/100
|-damage|p1a: Hatterene|19/100
|-damage|p1a: Hatterene|2/100
|-damage|p1a: Hatterene|0 fnt
|faint|p1a: Hatterene
|-hitcount|p1: Hatterene|5
|
|upkeep
|
|t:|1769404273
|switch|p1a: Ursaluna|Ursaluna, M|88/100 brn
|turn|32
|
|t:|1769404280
|move|p2a: Cloyster|Icicle Spear|p1a: Ursaluna
|-supereffective|p1a: Ursaluna
|-damage|p1a: Ursaluna|69/100 brn
|-supereffective|p1a: Ursaluna
|-damage|p1a: Ursaluna|49/100 brn
|-supereffective|p1a: Ursaluna
|-damage|p1a: Ursaluna|30/100 brn
|-supereffective|p1a: Ursaluna
|-damage|p1a: Ursaluna|11/100 brn
|-supereffective|p1a: Ursaluna
|-damage|p1a: Ursaluna|0 fnt
|faint|p1a: Ursaluna
|-hitcount|p1: Ursaluna|5
|
|upkeep
|
|t:|1769404291
|switch|p1a: Slowking|Slowking-Galar, F|91/100
|turn|33
|
|t:|1769404305
|move|p2a: Cloyster|Icicle Spear|p1a: Slowking
|-damage|p1a: Slowking|76/100
|-damage|p1a: Slowking|62/100
|-damage|p1a: Slowking|48/100
|-damage|p1a: Slowking|34/100
|-damage|p1a: Slowking|19/100
|-hitcount|p1a: Slowking|5
|move|p1a: Slowking|Trick Room|p1a: Slowking
|-fieldstart|move: Trick Room|[of] p1a: Slowking
|
|upkeep
|turn|34
|
|t:|1769404320
|move|p2a: Cloyster|Ice Shard|p1a: Slowking
|-damage|p1a: Slowking|0 fnt
|faint|p1a: Slowking
|
|upkeep
|
|t:|1769404323
|switch|p1a: Kingambit|Kingambit, M|100/100
|-activate|p1a: Kingambit|ability: Supreme Overlord
|-start|p1a: Kingambit|fallen4|[silent]
|turn|35
|
|t:|1769404331
|move|p1a: Kingambit|Swords Dance|p1a: Kingambit
|-boost|p1a: Kingambit|atk|2
|move|p2a: Cloyster|Icicle Spear|p1a: Kingambit
|-resisted|p1a: Kingambit
|-damage|p1a: Kingambit|96/100
|-resisted|p1a: Kingambit
|-damage|p1a: Kingambit|91/100
|-resisted|p1a: Kingambit
|-damage|p1a: Kingambit|86/100
|-resisted|p1a: Kingambit
|-damage|p1a: Kingambit|81/100
|-resisted|p1a: Kingambit
|-damage|p1a: Kingambit|76/100
|-hitcount|p1a: Kingambit|5
|
|upkeep
|turn|36
|
|t:|1769404349
|move|p1a: Kingambit|Kowtow Cleave|p2a: Cloyster
|-damage|p2a: Cloyster|0 fnt
|faint|p2a: Cloyster
|
|upkeep
|
|t:|1769404358
|switch|p2a: Kyurem|Kyurem|34/100 par
|-damage|p2a: Kyurem|9/100 par|[from] Stealth Rock
|-ability|p2a: Kyurem|Pressure
|turn|37
|
|t:|1769404366
|move|p1a: Kingambit|Kowtow Cleave|p2a: Kyurem
|-damage|p2a: Kyurem|0 fnt
|faint|p2a: Kyurem
|
|-fieldend|move: Trick Room
|upkeep
|
|t:|1769404371
|switch|p2a: Cinderace|Cinderace, F|100/100
|turn|38
|
|t:|1769404384
|-terastallize|p1a: Kingambit|Dark
|move|p2a: Cinderace|Will-O-Wisp|p1a: Kingambit
|-status|p1a: Kingambit|brn
|move|p1a: Kingambit|Kowtow Cleave|p2a: Cinderace
|-damage|p2a: Cinderace|0 fnt
|faint|p2a: Cinderace
|
|-damage|p1a: Kingambit|70/100 brn|[from] brn
|upkeep
|
|t:|1769404393
|switch|p2a: Rillaboom|Rillaboom, F|100/100
|-damage|p2a: Rillaboom|88/100|[from] Stealth Rock
|-fieldstart|move: Grassy Terrain|[from] ability: Grassy Surge|[of] p2a: Rillaboom
|turn|39
|
|t:|1769404401
|move|p2a: Rillaboom|Leech Seed|p1a: Kingambit
|-start|p1a: Kingambit|move: Leech Seed
|move|p1a: Kingambit|Kowtow Cleave|p2a: Rillaboom
|-damage|p2a: Rillaboom|0 fnt
|faint|p2a: Rillaboom
|
|win|Ai Eru
|raw|Ai Eru's rating: 1158 &rarr; <strong>1186</strong><br />(+28 for winning)
|raw|Berry84's rating: 1195 &rarr; <strong>1167</strong><br />(-28 for losing)
|l|☆Berry84
|player|p2|
|l|☆Ai Eru
|player|p1|
