|j|‽losts0ulsmc
|j|☆Obling
|t:|1769438177
|gametype|singles
|player|p1|losts0ulsmc|102|1686
|player|p2|Obling|player-go|1731
|gen|9
|tier|[Gen 9] OU
|rated|
|rule|HP Percentage Mod: HP is shown in percentages
|rule|Endless Battle Clause: Forcing endless battles is banned
|rule|Species Clause: Limit one of each Pokémon
|rule|OHKO Clause: OHKO moves are banned
|rule|Evasion Items Clause: Evasion items are banned
|rule|Evasion Moves Clause: Evasion moves are banned
|rule|Evasion Abilities Clause: Evasion abilities are banned
|rule|Sleep Moves Clause: Sleep-inducing moves are banned
|clearpoke
|poke|p1|Iron Valiant|
|poke|p1|Kingambit, F|
|poke|p1|Ogerpon-Wellspring, F|
|poke|p1|Gholdengo|
|poke|p1|Great Tusk|
|poke|p1|Pecharunt|
|poke|p2|Cresselia, F|
|poke|p2|Garganacl, F|
|poke|p2|Kingambit, F|
|poke|p2|Ogerpon-Wellspring, F|
|poke|p2|Latias, F|
|poke|p2|Iron Moth|
|teampreview
|inactive|Battle timer is ON: inactive players will automatically lose when time's up. (requested by losts0ulsmc)
|
|t:|1769438192
|teamsize|p1|6
|teamsize|p2|6
|start
|switch|p1a: Kingambit|Kingambit, F, shiny|100/100
|switch|p2a: Iron Moth|Iron Moth|100/100
|-enditem|p2a: Iron Moth|Booster Energy
|-activate|p2a: Iron Moth|ability: Quark Drive|[fromitem]
|-start|p2a: Iron Moth|quarkdrivespa
|turn|1
|
|t:|1769438197
|-end|p1a: Kingambit|fallenundefined|[silent]
|switch|p1a: Ogerpon|Ogerpon-Wellspring, F|100/100
|move|p2a: Iron Moth|Fiery Dance|p1a: Ogerpon
|-damage|p1a: Ogerpon|30/100
|
|upkeep
|turn|2
|
|t:|1769438201
|move|p1a: Ogerpon|Ivy Cudgel|p2a: Iron Moth|[anim] Ivy Cudgel Water
|-supereffective|p2a: Iron Moth
|-crit|p2a: Iron Moth
|-damage|p2a: Iron Moth|0 fnt
|faint|p2a: Iron Moth
|-end|p2a: Iron Moth|Quark Drive|[silent]
|
|upkeep
|
|t:|1769438204
|switch|p2a: Latias|Latias, F|100/100
|turn|3
|
|t:|1769438215
|move|p1a: Ogerpon|U-turn|p2a: Latias
|-supereffective|p2a: Latias
|-damage|p2a: Latias|48/100
|-enditem|p2a: Latias|Weakness Policy
|-boost|p2a: Latias|atk|2|[from] item: Weakness Policy
|-boost|p2a: Latias|spa|2|[from] item: Weakness Policy
|
|t:|1769438218
|switch|p1a: Gholdengo|Gholdengo|100/100|[from] U-turn
|move|p2a: Latias|Agility|p2a: Latias
|-boost|p2a: Latias|spe|2
|
|upkeep
|turn|4
|
|t:|1769438225
|move|p2a: Latias|Draining Kiss|p1a: Gholdengo
|-resisted|p1a: Gholdengo
|-damage|p1a: Gholdengo|82/100
|-heal|p2a: Latias|63/100|[from] drain|[of] p1a: Gholdengo
|move|p1a: Gholdengo|Shadow Ball|p2a: Latias
|-supereffective|p2a: Latias
|-damage|p2a: Latias|0 fnt
|faint|p2a: Latias
|
|upkeep
|
|t:|1769438235
|switch|p2a: Ogerpon|Ogerpon-Wellspring, F|100/100
|turn|5
|
|t:|1769438244
|move|p2a: Ogerpon|Swords Dance|p2a: Ogerpon
|-boost|p2a: Ogerpon|atk|2
|move|p1a: Gholdengo|Shadow Ball|p2a: Ogerpon
|-damage|p2a: Ogerpon|30/100
|
|upkeep
|turn|6
|
|t:|1769438248
|switch|p1a: Ogerpon|Ogerpon-Wellspring, F|30/100
|move|p2a: Ogerpon|Ivy Cudgel|p1a: Ogerpon|[anim] Ivy Cudgel Water
|-heal|p1a: Ogerpon|55/100|[from] ability: Water Absorb|[of] p2a: Ogerpon
|
|upkeep
|turn|7
|
|t:|1769438250
|move|p1a: Ogerpon|U-turn|p2a: Ogerpon
|-supereffective|p2a: Ogerpon
|-damage|p2a: Ogerpon|0 fnt
|faint|p2a: Ogerpon
|
|t:|1769438254
|switch|p1a: Gholdengo|Gholdengo|82/100|[from] U-turn
|
|upkeep
|
|t:|1769438257
|switch|p2a: Kingambit|Kingambit, F|100/100
|-activate|p2a: Kingambit|ability: Supreme Overlord
|-start|p2a: Kingambit|fallen3|[silent]
|turn|8
|
|t:|1769438262
|move|p1a: Gholdengo|Focus Blast|p2a: Kingambit
|-supereffective|p2a: Kingambit
|-damage|p2a: Kingambit|0 fnt
|faint|p2a: Kingambit
|-end|p2a: Kingambit|fallen3|[silent]
|
|upkeep
|
|t:|1769438269
|switch|p2a: Cresselia|Cresselia, F|100/100
|turn|9
|
|t:|1769438273
|switch|p1a: Iron Valiant|Iron Valiant, shiny|100/100
|-enditem|p1a: Iron Valiant|Booster Energy
|-activate|p1a: Iron Valiant|ability: Quark Drive|[fromitem]
|-start|p1a: Iron Valiant|quarkdrivespe
|move|p2a: Cresselia|Moonblast|p1a: Iron Valiant
|-supereffective|p1a: Iron Valiant
|-damage|p1a: Iron Valiant|36/100
|
|upkeep
|turn|10
|
|t:|1769438276
|move|p1a: Iron Valiant|Knock Off|p2a: Cresselia
|-supereffective|p2a: Cresselia
|-damage|p2a: Cresselia|67/100
|-enditem|p2a: Cresselia|Leftovers|[from] move: Knock Off|[of] p1a: Iron Valiant
|move|p2a: Cresselia|Moonblast|p1a: Iron Valiant
|-supereffective|p1a: Iron Valiant
|-damage|p1a: Iron Valiant|0 fnt
|faint|p1a: Iron Valiant
|-end|p1a: Iron Valiant|Quark Drive|[silent]
|
|upkeep
|
|t:|1769438279
|switch|p1a: Gholdengo|Gholdengo|82/100
|turn|11
|
|t:|1769438282
|move|p1a: Gholdengo|Make It Rain|p2a: Cresselia
|-damage|p2a: Cresselia|3/100
|-unboost|p1a: Gholdengo|spa|1
|move|p2a: Cresselia|Moonblast|p1a: Gholdengo
|-resisted|p1a: Gholdengo
|-damage|p1a: Gholdengo|71/100
|
|upkeep
|turn|12
|
|t:|1769438285
|move|p1a: Gholdengo|Make It Rain|p2a: Cresselia
|-damage|p2a: Cresselia|0 fnt
|-unboost|p1a: Gholdengo|spa|1
|faint|p2a: Cresselia
|
|upkeep
|
|t:|1769438286
|switch|p2a: Garganacl|Garganacl, F|100/100
|turn|13
|
|t:|1769438291
|move|p1a: Gholdengo|Make It Rain|p2a: Garganacl
|-supereffective|p2a: Garganacl
|-damage|p2a: Garganacl|41/100
|-unboost|p1a: Gholdengo|spa|1
|move|p2a: Garganacl|Curse|p2a: Garganacl
|-unboost|p2a: Garganacl|spe|1
|-boost|p2a: Garganacl|atk|1
|-boost|p2a: Garganacl|def|1
|
|-heal|p2a: Garganacl|47/100|[from] item: Leftovers
|upkeep
|turn|14
|
|t:|1769438295
|switch|p1a: Ogerpon|Ogerpon-Wellspring, F|55/100
|-terastallize|p2a: Garganacl|Electric
|move|p2a: Garganacl|Recover|p2a: Garganacl
|-heal|p2a: Garganacl|97/100
|
|-heal|p2a: Garganacl|100/100|[from] item: Leftovers
|upkeep
|turn|15
|
|t:|1769438299
|move|p1a: Ogerpon|Ivy Cudgel|p2a: Garganacl|[anim] Ivy Cudgel Water
|-damage|p2a: Garganacl|76/100
|move|p2a: Garganacl|Salt Cure|p1a: Ogerpon
|-damage|p1a: Ogerpon|28/100
|-start|p1a: Ogerpon|Salt Cure
|
|-heal|p2a: Garganacl|82/100|[from] item: Leftovers
|-damage|p1a: Ogerpon|3/100|[from] Salt Cure
|upkeep
|turn|16
|
|t:|1769438304
|switch|p1a: Great Tusk|Great Tusk, shiny|100/100
|move|p2a: Garganacl|Curse|p2a: Garganacl
|-unboost|p2a: Garganacl|spe|1
|-boost|p2a: Garganacl|atk|1
|-boost|p2a: Garganacl|def|1
|
|-heal|p2a: Garganacl|88/100|[from] item: Leftovers
|upkeep
|turn|17
|
|t:|1769438309
|move|p1a: Great Tusk|Headlong Rush|p2a: Garganacl
|-supereffective|p2a: Garganacl
|-damage|p2a: Garganacl|48/100
|-unboost|p1a: Great Tusk|def|1
|-unboost|p1a: Great Tusk|spd|1
|move|p2a: Garganacl|Curse|p2a: Garganacl
|-unboost|p2a: Garganacl|spe|1
|-boost|p2a: Garganacl|atk|1
|-boost|p2a: Garganacl|def|1
|
|-heal|p2a: Garganacl|54/100|[from] item: Leftovers
|upkeep
|turn|18
|
|t:|1769438312
|move|p1a: Great Tusk|Headlong Rush|p2a: Garganacl
|-supereffective|p2a: Garganacl
|-damage|p2a: Garganacl|20/100
|-unboost|p1a: Great Tusk|def|1
|-unboost|p1a: Great Tusk|spd|1
|move|p2a: Garganacl|Recover|p2a: Garganacl
|-heal|p2a: Garganacl|70/100
|
|-heal|p2a: Garganacl|76/100|[from] item: Leftovers
|upkeep
|turn|19
|
|t:|1769438320
|move|p1a: Great Tusk|Headlong Rush|p2a: Garganacl
|-supereffective|p2a: Garganacl
|-damage|p2a: Garganacl|42/100
|-unboost|p1a: Great Tusk|def|1
|-unboost|p1a: Great Tusk|spd|1
|move|p2a: Garganacl|Curse|p2a: Garganacl
|-unboost|p2a: Garganacl|spe|1
|-boost|p2a: Garganacl|atk|1
|-boost|p2a: Garganacl|def|1
|
|-heal|p2a: Garganacl|48/100|[from] item: Leftovers
|upkeep
|turn|20
|
|t:|1769438323
|move|p1a: Great Tusk|Headlong Rush|p2a: Garganacl
|-supereffective|p2a: Garganacl
|-damage|p2a: Garganacl|21/100
|-unboost|p1a: Great Tusk|def|1
|-unboost|p1a: Great Tusk|spd|1
|move|p2a: Garganacl|Recover|p2a: Garganacl
|-heal|p2a: Garganacl|71/100
|
|-heal|p2a: Garganacl|77/100|[from] item: Leftovers
|upkeep
|turn|21
|
|t:|1769438325
|move|p1a: Great Tusk|Headlong Rush|p2a: Garganacl
|-supereffective|p2a: Garganacl
|-damage|p2a: Garganacl|47/100
|-unboost|p1a: Great Tusk|def|1
|-unboost|p1a: Great Tusk|spd|1
|move|p2a: Garganacl|Salt Cure|p1a: Great Tusk
|-resisted|p1a: Great Tusk
|-damage|p1a: Great Tusk|74/100
|-start|p1a: Great Tusk|Salt Cure
|
|-heal|p2a: Garganacl|53/100|[from] item: Leftovers
|-damage|p1a: Great Tusk|61/100|[from] Salt Cure
|upkeep
|turn|22
|
|t:|1769438328
|move|p1a: Great Tusk|Headlong Rush|p2a: Garganacl
|-supereffective|p2a: Garganacl
|-damage|p2a: Garganacl|22/100
|-unboost|p1a: Great Tusk|def|1
|-unboost|p1a: Great Tusk|spd|1
|move|p2a: Garganacl|Recover|p2a: Garganacl
|-heal|p2a: Garganacl|72/100
|
|-heal|p2a: Garganacl|78/100|[from] item: Leftovers
|-damage|p1a: Great Tusk|49/100|[from] Salt Cure
|upkeep
|turn|23
|
|t:|1769438333
|move|p1a: Great Tusk|Headlong Rush|p2a: Garganacl
|-supereffective|p2a: Garganacl
|-damage|p2a: Garganacl|49/100
|move|p2a: Garganacl|Earthquake|p1a: Great Tusk
|-damage|p1a: Great Tusk|0 fnt
|faint|p1a: Great Tusk
|-end|p1a: Great Tusk|Protosynthesis|[silent]
|
|-heal|p2a: Garganacl|55/100|[from] item: Leftovers
|upkeep
|
|t:|1769438339
|switch|p1a: Pecharunt|Pecharunt|100/100
|turn|24
|
|t:|1769438344
|move|p1a: Pecharunt|Foul Play|p2a: Garganacl
|-damage|p2a: Garganacl|39/100
|move|p2a: Garganacl|Recover|p2a: Garganacl
|-heal|p2a: Garganacl|89/100
|
|-heal|p2a: Garganacl|95/100|[from] item: Leftovers
|upkeep
|turn|25
|
|t:|1769438347
|move|p1a: Pecharunt|Foul Play|p2a: Garganacl
|-damage|p2a: Garganacl|80/100
|move|p2a: Garganacl|Curse|p2a: Garganacl
|-unboost|p2a: Garganacl|spe|1
|-boost|p2a: Garganacl|atk|1
|-boost|p2a: Garganacl|def|1
|
|-heal|p2a: Garganacl|86/100|[from] item: Leftovers
|upkeep
|turn|26
|
|t:|1769438351
|move|p1a: Pecharunt|Foul Play|p2a: Garganacl
|-damage|p2a: Garganacl|71/100
|move|p2a: Garganacl|Curse|p2a: Garganacl
|-unboost|p2a: Garganacl|spe|1
|-boost|p2a: Garganacl|atk|1
|-boost|p2a: Garganacl|def|1
|
|-heal|p2a: Garganacl|77/100|[from] item: Leftovers
|upkeep
|turn|27
|
|t:|1769438353
|move|p1a: Pecharunt|Foul Play|p2a: Garganacl
|-damage|p2a: Garganacl|63/100
|move|p2a: Garganacl|Salt Cure|p1a: Pecharunt
|-damage|p1a: Pecharunt|74/100
|-start|p1a: Pecharunt|Salt Cure
|
|-heal|p2a: Garganacl|69/100|[from] item: Leftovers
|-damage|p1a: Pecharunt|61/100|[from] Salt Cure
|upkeep
|turn|28
|
|t:|1769438359
|move|p1a: Pecharunt|Foul Play|p2a: Garganacl
|-damage|p2a: Garganacl|55/100
|move|p2a: Garganacl|Earthquake|p1a: Pecharunt
|-supereffective|p1a: Pecharunt
|-damage|p1a: Pecharunt|0 fnt
|faint|p1a: Pecharunt
|
|-heal|p2a: Garganacl|61/100|[from] item: Leftovers
|upkeep
|
|t:|1769438364
|switch|p1a: Gholdengo|Gholdengo|71/100
|turn|29
|
|t:|1769438367
|-terastallize|p1a: Gholdengo|Fighting
|move|p1a: Gholdengo|Focus Blast|p2a: Garganacl|[miss]
|-miss|p1a: Gholdengo|p2a: Garganacl
|move|p2a: Garganacl|Recover|p2a: Garganacl
|-heal|p2a: Garganacl|100/100
|
|upkeep
|turn|30
|
|t:|1769438372
|move|p1a: Gholdengo|Focus Blast|p2a: Garganacl
|-damage|p2a: Garganacl|39/100
|move|p2a: Garganacl|Earthquake|p1a: Gholdengo
|-damage|p1a: Gholdengo|0 fnt
|faint|p1a: Gholdengo
|
|-heal|p2a: Garganacl|45/100|[from] item: Leftovers
|upkeep
|
|t:|1769438376
|switch|p1a: Ogerpon|Ogerpon-Wellspring, F|3/100
|turn|31
|
|t:|1769438378
|move|p1a: Ogerpon|Ivy Cudgel|p2a: Garganacl|[anim] Ivy Cudgel Water
|-crit|p2a: Garganacl
|-damage|p2a: Garganacl|0 fnt
|faint|p2a: Garganacl
|
|win|losts0ulsmc
|raw|losts0ulsmc's rating: 1686 &rarr; <strong>1709</strong><br />(+23 for winning)
|raw|Obling's rating: 1731 &rarr; <strong>1708</strong><br />(-23 for losing)
|l|☆Obling
|player|p2|
|l|‽losts0ulsmc
|player|p1|
