|j|☆Univers_Alex
|j|☆the russian
|t:|1769412890
|gametype|singles
|player|p1|Univers_Alex|roughneck|1232
|player|p2|the russian|170|1215
|gen|9
|tier|[Gen 9] OU
|rated|
|rule|HP Percentage Mod: HP is shown in percentages
|rule|Endless Battle Clause: Forcing endless battles is banned
|rule|Species Clause: Limit one of each Pokémon
|rule|OHKO Clause: OHKO moves are banned
|rule|Evasion Items Clause: Evasion items are banned
|rule|Evasion Moves Clause: Evasion moves are banned
|rule|Evasion Abilities Clause: Evasion abilities are banned
|rule|Sleep Moves Clause: Sleep-inducing moves are banned
|clearpoke
|poke|p1|Heatran, M|
|poke|p1|Great Tusk|
|poke|p1|Gholdengo|
|poke|p1|Dragonite, F|
|poke|p1|Glimmora, F|
|poke|p1|Deoxys-Speed|
|poke|p2|Garchomp, M|
|poke|p2|Milotic, M|
|poke|p2|Metagross|
|poke|p2|Chesnaught, M|
|poke|p2|Glimmora, M|
|poke|p2|Moltres|
|teampreview
|
|t:|1769412916
|teamsize|p1|6
|teamsize|p2|6
|start
|switch|p1a: Glimmora|Glimmora, F|100/100
|switch|p2a: Milotic|Milotic, M|100/100
|turn|1
|
|t:|1769412930
|move|p1a: Glimmora|Stealth Rock|p2a: Milotic
|-sidestart|p2: the russian|move: Stealth Rock
|move|p2a: Milotic|Scald|p1a: Glimmora
|-supereffective|p1a: Glimmora
|-damage|p1a: Glimmora|20/100
|
|upkeep
|turn|2
|
|t:|1769412938
|move|p1a: Glimmora|Meteor Beam||[still]
|-prepare|p1a: Glimmora|Meteor Beam
|-boost|p1a: Glimmora|spa|1
|-enditem|p1a: Glimmora|Power Herb
|-anim|p1a: Glimmora|Meteor Beam|p2a: Milotic
|-damage|p2a: Milotic|42/100
|move|p2a: Milotic|Scald|p1a: Glimmora
|-supereffective|p1a: Glimmora
|-damage|p1a: Glimmora|0 fnt
|faint|p1a: Glimmora
|
|upkeep
|
|t:|1769412957
|switch|p1a: Deoxys|Deoxys-Speed|100/100
|-ability|p1a: Deoxys|Pressure
|turn|3
|
|t:|1769412962
|move|p1a: Deoxys|Light Screen|p1a: Deoxys
|-sidestart|p1: Univers_Alex|move: Light Screen
|move|p2a: Milotic|Recover|p2a: Milotic
|-heal|p2a: Milotic|92/100
|
|upkeep
|turn|4
|
|t:|1769412969
|move|p1a: Deoxys|Psycho Boost|p2a: Milotic
|-damage|p2a: Milotic|63/100
|-unboost|p1a: Deoxys|spa|2
|move|p2a: Milotic|Scald|p1a: Deoxys
|-damage|p1a: Deoxys|80/100
|-status|p1a: Deoxys|brn
|
|-damage|p1a: Deoxys|74/100 brn|[from] brn
|upkeep
|turn|5
|
|t:|1769412983
|switch|p1a: Dragonite|Dragonite, F|100/100
|move|p2a: Milotic|Recover|p2a: Milotic
|-heal|p2a: Milotic|100/100
|
|upkeep
|turn|6
|
|t:|1769412993
|move|p1a: Dragonite|Dragon Dance|p1a: Dragonite
|-boost|p1a: Dragonite|atk|1
|-boost|p1a: Dragonite|spe|1
|move|p2a: Milotic|Alluring Voice|p1a: Dragonite
|-supereffective|p1a: Dragonite
|-damage|p1a: Dragonite|90/100
|-start|p1a: Dragonite|confusion
|
|upkeep
|turn|7
|
|t:|1769413003
|-activate|p1a: Dragonite|confusion
|move|p1a: Dragonite|Dragon Dance|p1a: Dragonite
|-boost|p1a: Dragonite|atk|1
|-boost|p1a: Dragonite|spe|1
|move|p2a: Milotic|Icy Wind|p1a: Dragonite
|-supereffective|p1a: Dragonite
|-damage|p1a: Dragonite|60/100
|-unboost|p1a: Dragonite|spe|1
|
|upkeep
|turn|8
|
|t:|1769413015
|-activate|p1a: Dragonite|confusion
|-damage|p1a: Dragonite|23/100|[from] confusion
|move|p2a: Milotic|Scald|p1a: Dragonite
|-resisted|p1a: Dragonite
|-damage|p1a: Dragonite|15/100
|
|upkeep
|turn|9
|
|t:|1769413024
|-activate|p1a: Dragonite|confusion
|move|p1a: Dragonite|Roost|p1a: Dragonite
|-heal|p1a: Dragonite|65/100
|-singleturn|p1a: Dragonite|move: Roost
|move|p2a: Milotic|Icy Wind|p1a: Dragonite
|-supereffective|p1a: Dragonite
|-damage|p1a: Dragonite|48/100
|-unboost|p1a: Dragonite|spe|1
|
|upkeep
|turn|10
|
|t:|1769413033
|-activate|p1a: Dragonite|confusion
|-damage|p1a: Dragonite|12/100|[from] confusion
|move|p2a: Milotic|Alluring Voice|p1a: Dragonite
|-supereffective|p1a: Dragonite
|-damage|p1a: Dragonite|0 fnt
|faint|p1a: Dragonite
|
|-sideend|p1: Univers_Alex|move: Light Screen
|upkeep
|-message|Univers_Alex forfeited.
|
|win|the russian
|raw|Univers_Alex's rating: 1232 &rarr; <strong>1206</strong><br />(-26 for losing)
|raw|the russian's rating: 1215 &rarr; <strong>1241</strong><br />(+26 for winning)
|l|☆Univers_Alex
|player|p1|
|l|☆the russian
|player|p2|
