|j|☆On the wave now
|j|☆MiaTaylor612
|t:|1769436809
|gametype|singles
|player|p1|On the wave now|depotagent|1719
|player|p2|MiaTaylor612|idol|1671
|gen|9
|tier|[Gen 9] OU
|rated|
|rule|HP Percentage Mod: HP is shown in percentages
|rule|Endless Battle Clause: Forcing endless battles is banned
|rule|Species Clause: Limit one of each Pokémon
|rule|OHKO Clause: OHKO moves are banned
|rule|Evasion Items Clause: Evasion items are banned
|rule|Evasion Moves Clause: Evasion moves are banned
|rule|Evasion Abilities Clause: Evasion abilities are banned
|rule|Sleep Moves Clause: Sleep-inducing moves are banned
|clearpoke
|poke|p1|Regigigas|
|poke|p1|Ting-Lu|
|poke|p1|Great Tusk|
|poke|p1|Zamazenta-*|
|poke|p1|Pecharunt|
|poke|p1|Alomomola, F|
|poke|p2|Hoopa-Unbound|
|poke|p2|Weezing-Galar, M|
|poke|p2|Alomomola, F|
|poke|p2|Zamazenta-*|
|poke|p2|Zapdos|
|poke|p2|Iron Treads|
|teampreview
|inactive|Battle timer is ON: inactive players will automatically lose when time's up. (requested by MiaTaylor612)
|
|t:|1769436825
|teamsize|p1|6
|teamsize|p2|6
|start
|switch|p1a: Regigigas|Regigigas|100/100
|switch|p2a: Wishmaster|Hoopa-Unbound|100/100
|-start|p1a: Regigigas|ability: Slow Start
|turn|1
|
|t:|1769436831
|move|p2a: Wishmaster|Knock Off|p1a: Regigigas
|-damage|p1a: Regigigas|61/100
|-enditem|p1a: Regigigas|Leftovers|[from] move: Knock Off|[of] p2a: Wishmaster
|move|p1a: Regigigas|Knock Off|p2a: Wishmaster
|-damage|p2a: Wishmaster|76/100
|-enditem|p2a: Wishmaster|Assault Vest|[from] move: Knock Off|[of] p1a: Regigigas
|
|upkeep
|turn|2
|j| Dock johnson
|l| Dock johnson
|
|t:|1769436840
|move|p2a: Wishmaster|Drain Punch|p1a: Regigigas
|-supereffective|p1a: Regigigas
|-damage|p1a: Regigigas|20/100
|-heal|p2a: Wishmaster|100/100|[from] drain|[of] p1a: Regigigas
|move|p1a: Regigigas|Rest|p1a: Regigigas
|-status|p1a: Regigigas|slp|[from] move: Rest
|-heal|p1a: Regigigas|100/100 slp|[silent]
|
|upkeep
|turn|3
|
|t:|1769436849
|move|p2a: Wishmaster|Drain Punch|p1a: Regigigas
|-supereffective|p1a: Regigigas
|-damage|p1a: Regigigas|61/100 slp
|cant|p1a: Regigigas|slp
|move|p1a: Regigigas|Sleep Talk|p1a: Regigigas
|move|p1a: Regigigas|Knock Off|p2a: Wishmaster|[from] move: Sleep Talk
|-damage|p2a: Wishmaster|84/100
|
|upkeep
|turn|4
|
|t:|1769436853
|switch|p1a: Pecharunt|Pecharunt|100/100
|move|p2a: Wishmaster|Drain Punch|p1a: Pecharunt
|-immune|p1a: Pecharunt
|
|upkeep
|turn|5
|
|t:|1769436858
|move|p2a: Wishmaster|Psychic Noise|p1a: Pecharunt
|-supereffective|p1a: Pecharunt
|-damage|p1a: Pecharunt|0 fnt
|faint|p1a: Pecharunt
|-item|p2a: Wishmaster|Rocky Helmet|[from] ability: Magician|[of] p1: Pecharunt
|
|upkeep
|
|t:|1769436861
|switch|p1a: Great Tusk|Great Tusk|100/100
|turn|6
|
|t:|1769436870
|switch|p2a: Alomomola|Alomomola, F|100/100
|move|p1a: Great Tusk|Headlong Rush|p2a: Alomomola
|-damage|p2a: Alomomola|58/100
|-unboost|p1a: Great Tusk|def|1
|-unboost|p1a: Great Tusk|spd|1
|
|upkeep
|turn|7
|
|t:|1769436874
|move|p1a: Great Tusk|Stealth Rock|p2a: Alomomola
|-sidestart|p2: MiaTaylor612|move: Stealth Rock
|move|p2a: Alomomola|Scald|p1a: Great Tusk
|-supereffective|p1a: Great Tusk
|-damage|p1a: Great Tusk|42/100
|
|upkeep
|turn|8
|
|t:|1769436878
|-end|p1a: Great Tusk|Protosynthesis|[silent]
|switch|p1a: Alomomola|Alomomola, F|100/100
|move|p2a: Alomomola|Flip Turn|p1a: Alomomola
|-resisted|p1a: Alomomola
|-damage|p1a: Alomomola|95/100
|
|t:|1769436882
|switch|p2a: Weezing|Weezing-Galar, M|100/100|[from] Flip Turn
|-ability|p2a: Weezing|Neutralizing Gas
|
|upkeep
|turn|9
|
|t:|1769436885
|move|p1a: Alomomola|Wish|p1a: Alomomola
|move|p2a: Weezing|Defog|p1a: Alomomola
|-unboost|p1a: Alomomola|evasion|1
|-sideend|p2: MiaTaylor612|Stealth Rock|[from] move: Defog|[of] p2a: Weezing
|
|upkeep
|turn|10
|
|t:|1769436892
|move|p1a: Alomomola|Flip Turn|p2a: Weezing
|-damage|p2a: Weezing|90/100
|
|t:|1769436894
|switch|p1a: Regigigas|Regigigas|61/100 slp|[from] Flip Turn
|move|p2a: Weezing|Will-O-Wisp|p1a: Regigigas|[miss]
|-miss|p2a: Weezing|p1a: Regigigas
|
|-heal|p1a: Regigigas|100/100 slp|[from] move: Wish|[wisher] Alomomola
|upkeep
|turn|11
|
|t:|1769436898
|-end|p2a: Weezing|ability: Neutralizing Gas
|-start|p1a: Regigigas|ability: Slow Start
|switch|p2a: Wishmaster|Hoopa-Unbound|84/100
|cant|p1a: Regigigas|slp
|move|p1a: Regigigas|Sleep Talk|p1a: Regigigas
|move|p1a: Regigigas|Rest||[from] move: Sleep Talk|[still]
|-fail|p1a: Regigigas
|
|upkeep
|turn|12
|
|t:|1769436908
|move|p2a: Wishmaster|Drain Punch|p1a: Regigigas
|-supereffective|p1a: Regigigas
|-damage|p1a: Regigigas|63/100 slp
|-heal|p2a: Wishmaster|100/100|[from] drain|[of] p1a: Regigigas
|-curestatus|p1a: Regigigas|slp|[msg]
|move|p1a: Regigigas|Body Slam|p2a: Wishmaster
|-damage|p2a: Wishmaster|68/100
|-status|p2a: Wishmaster|par
|-damage|p1a: Regigigas|46/100|[from] item: Rocky Helmet|[of] p2a: Wishmaster
|
|upkeep
|turn|13
|
|t:|1769436916
|move|p1a: Regigigas|Rest|p1a: Regigigas
|-status|p1a: Regigigas|slp|[from] move: Rest
|-heal|p1a: Regigigas|100/100 slp|[silent]
|cant|p2a: Wishmaster|par
|
|upkeep
|turn|14
|
|t:|1769436921
|cant|p1a: Regigigas|slp
|move|p1a: Regigigas|Sleep Talk|p1a: Regigigas
|move|p1a: Regigigas|Rest||[from] move: Sleep Talk|[still]
|-fail|p1a: Regigigas
|move|p2a: Wishmaster|Drain Punch|p1a: Regigigas
|-supereffective|p1a: Regigigas
|-damage|p1a: Regigigas|64/100 slp
|-heal|p2a: Wishmaster|90/100 par|[from] drain|[of] p1a: Regigigas
|
|upkeep
|turn|15
|
|t:|1769436927
|cant|p1a: Regigigas|slp
|move|p1a: Regigigas|Sleep Talk|p1a: Regigigas
|move|p1a: Regigigas|Rest||[from] move: Sleep Talk|[still]
|-fail|p1a: Regigigas
|move|p2a: Wishmaster|Psychic Noise|p1a: Regigigas
|-damage|p1a: Regigigas|37/100 slp
|-start|p1a: Regigigas|move: Heal Block
|
|-end|p1a: Regigigas|Slow Start
|upkeep
|turn|16
|
|t:|1769436935
|switch|p1a: Alomomola|Alomomola, F|95/100
|move|p2a: Wishmaster|Drain Punch|p1a: Alomomola
|-damage|p1a: Alomomola|81/100
|-heal|p2a: Wishmaster|99/100 par|[from] drain|[of] p1a: Alomomola
|
|upkeep
|turn|17
|
|t:|1769436940
|move|p1a: Alomomola|Wish|p1a: Alomomola
|move|p2a: Wishmaster|Thunderbolt|p1a: Alomomola
|-supereffective|p1a: Alomomola
|-damage|p1a: Alomomola|9/100
|
|upkeep
|turn|18
|
|t:|1769436945
|switch|p1a: Ting-Lu|Ting-Lu|100/100
|-ability|p1a: Ting-Lu|Vessel of Ruin
|move|p2a: Wishmaster|Psychic Noise|p1a: Ting-Lu
|-immune|p1a: Ting-Lu
|
|upkeep
|turn|19
|
|t:|1769436950
|switch|p2a: Weezing|Weezing-Galar, M|90/100
|-ability|p2a: Weezing|Neutralizing Gas
|move|p1a: Ting-Lu|Spikes|p2a: Weezing
|-sidestart|p2: MiaTaylor612|Spikes
|
|upkeep
|turn|20
|
|t:|1769436955
|switch|p1a: Regigigas|Regigigas|37/100 slp
|move|p2a: Weezing|Sludge Bomb|p1a: Regigigas
|-damage|p1a: Regigigas|23/100 slp
|
|upkeep
|turn|21
|
|t:|1769436960
|-curestatus|p1a: Regigigas|slp|[msg]
|move|p1a: Regigigas|Rest|p1a: Regigigas
|-status|p1a: Regigigas|slp|[from] move: Rest
|-heal|p1a: Regigigas|100/100 slp|[silent]
|move|p2a: Weezing|Defog|p1a: Regigigas
|-unboost|p1a: Regigigas|evasion|1
|-sideend|p2: MiaTaylor612|Spikes|[from] move: Defog|[of] p2a: Weezing
|
|upkeep
|turn|22
|
|t:|1769436965
|-end|p2a: Weezing|ability: Neutralizing Gas
|-start|p1a: Regigigas|ability: Slow Start
|switch|p2a: Wishmaster|Hoopa-Unbound|99/100 par
|cant|p1a: Regigigas|slp
|move|p1a: Regigigas|Sleep Talk|p1a: Regigigas
|move|p1a: Regigigas|Rest||[from] move: Sleep Talk|[still]
|-fail|p1a: Regigigas
|
|upkeep
|turn|23
|inactive|MiaTaylor612 has 120 seconds left.
|l|☆MiaTaylor612
|inactive|MiaTaylor612 disconnected and has a minute to reconnect!
|player|p2|
|j|☆MiaTaylor612
|inactive|MiaTaylor612 reconnected and has 110 seconds left.
|player|p2|MiaTaylor612|idol|
|
|t:|1769437012
|switch|p2a: Iron Treads|Iron Treads|100/100
|cant|p1a: Regigigas|slp
|move|p1a: Regigigas|Sleep Talk|p1a: Regigigas
|move|p1a: Regigigas|Knock Off|p2a: Iron Treads|[from] move: Sleep Talk
|-damage|p2a: Iron Treads|87/100
|-enditem|p2a: Iron Treads|Leftovers|[from] move: Knock Off|[of] p1a: Regigigas
|
|upkeep
|turn|24
|
|t:|1769437017
|move|p2a: Iron Treads|Stealth Rock|p1a: Regigigas
|-sidestart|p1: On the wave now|move: Stealth Rock
|-curestatus|p1a: Regigigas|slp|[msg]
|move|p1a: Regigigas|Body Slam|p2a: Iron Treads
|-resisted|p2a: Iron Treads
|-damage|p2a: Iron Treads|80/100
|
|upkeep
|turn|25
|inactive|MiaTaylor612 has 120 seconds left.
|
|t:|1769437028
|move|p2a: Iron Treads|Earthquake|p1a: Regigigas
|-damage|p1a: Regigigas|71/100
|move|p1a: Regigigas|Body Slam|p2a: Iron Treads
|-resisted|p2a: Iron Treads
|-damage|p2a: Iron Treads|71/100
|
|upkeep
|turn|26
|
|t:|1769437031
|move|p2a: Iron Treads|Earthquake|p1a: Regigigas
|-damage|p1a: Regigigas|41/100
|move|p1a: Regigigas|Body Slam|p2a: Iron Treads
|-resisted|p2a: Iron Treads
|-damage|p2a: Iron Treads|62/100
|
|-end|p1a: Regigigas|Slow Start
|upkeep
|turn|27
|
|t:|1769437037
|-end|p2a: Iron Treads|Quark Drive|[silent]
|switch|p2a: Wishmaster|Hoopa-Unbound|99/100 par
|move|p1a: Regigigas|Rest|p1a: Regigigas
|-status|p1a: Regigigas|slp|[from] move: Rest
|-heal|p1a: Regigigas|100/100 slp|[silent]
|
|upkeep
|turn|28
|
|t:|1769437042
|cant|p1a: Regigigas|slp
|move|p1a: Regigigas|Sleep Talk|p1a: Regigigas
|move|p1a: Regigigas|Body Slam|p2a: Wishmaster|[from] move: Sleep Talk
|-damage|p2a: Wishmaster|39/100 par
|-damage|p1a: Regigigas|84/100 slp|[from] item: Rocky Helmet|[of] p2a: Wishmaster
|move|p2a: Wishmaster|Drain Punch|p1a: Regigigas
|-supereffective|p1a: Regigigas
|-damage|p1a: Regigigas|46/100 slp
|-heal|p2a: Wishmaster|61/100 par|[from] drain|[of] p1a: Regigigas
|
|upkeep
|turn|29
|
|t:|1769437054
|cant|p1a: Regigigas|slp
|move|p1a: Regigigas|Sleep Talk|p1a: Regigigas
|move|p1a: Regigigas|Rest||[from] move: Sleep Talk|[still]
|-fail|p1a: Regigigas
|move|p2a: Wishmaster|Psychic Noise|p1a: Regigigas
|-damage|p1a: Regigigas|21/100 slp
|-start|p1a: Regigigas|move: Heal Block
|
|upkeep
|turn|30
|
|t:|1769437061
|switch|p2a: Zapdos|Zapdos|100/100
|-curestatus|p1a: Regigigas|slp|[msg]
|move|p1a: Regigigas|Body Slam|p2a: Zapdos
|-damage|p2a: Zapdos|43/100
|-status|p1a: Regigigas|par|[from] ability: Static|[of] p2a: Zapdos
|
|-end|p1a: Regigigas|move: Heal Block
|upkeep
|turn|31
|
|t:|1769437066
|switch|p1a: Ting-Lu|Ting-Lu|100/100
|-damage|p1a: Ting-Lu|94/100|[from] Stealth Rock
|-ability|p1a: Ting-Lu|Vessel of Ruin
|move|p2a: Zapdos|Heat Wave|p1a: Ting-Lu
|-damage|p1a: Ting-Lu|80/100
|
|-heal|p1a: Ting-Lu|87/100|[from] item: Leftovers
|upkeep
|turn|32
|
|t:|1769437072
|switch|p2a: Alomomola|Alomomola, F|91/100
|move|p1a: Ting-Lu|Spikes|p2a: Alomomola
|-sidestart|p2: MiaTaylor612|Spikes
|
|-heal|p1a: Ting-Lu|93/100|[from] item: Leftovers
|upkeep
|turn|33
|
|t:|1769437075
|move|p1a: Ting-Lu|Spikes|p2a: Alomomola
|-sidestart|p2: MiaTaylor612|Spikes
|move|p2a: Alomomola|Scald|p1a: Ting-Lu
|-supereffective|p1a: Ting-Lu
|-damage|p1a: Ting-Lu|82/100
|
|-heal|p1a: Ting-Lu|88/100|[from] item: Leftovers
|upkeep
|turn|34
|
|t:|1769437080
|move|p1a: Ting-Lu|Spikes|p2a: Alomomola
|-sidestart|p2: MiaTaylor612|Spikes
|move|p2a: Alomomola|Scald|p1a: Ting-Lu
|-supereffective|p1a: Ting-Lu
|-damage|p1a: Ting-Lu|76/100
|
|-heal|p1a: Ting-Lu|82/100|[from] item: Leftovers
|upkeep
|turn|35
|
|t:|1769437085
|switch|p1a: Alomomola|Alomomola, F|42/100
|move|p2a: Alomomola|Scald|p1a: Alomomola
|-resisted|p1a: Alomomola
|-damage|p1a: Alomomola|36/100
|
|upkeep
|turn|36
|
|t:|1769437093
|move|p1a: Alomomola|Flip Turn|p2a: Alomomola
|-resisted|p2a: Alomomola
|-crit|p2a: Alomomola
|-damage|p2a: Alomomola|83/100
|
|t:|1769437095
|switch|p1a: Zamazenta|Zamazenta|100/100|[from] Flip Turn
|-damage|p1a: Zamazenta|94/100|[from] Stealth Rock
|-ability|p1a: Zamazenta|Dauntless Shield|boost
|-boost|p1a: Zamazenta|def|1
|move|p2a: Alomomola|Flip Turn|p1a: Zamazenta
|-damage|p1a: Zamazenta|83/100
|
|t:|1769437099
|switch|p2a: Zapdos|Zapdos|43/100|[from] Flip Turn
|
|upkeep
|turn|37
|
|t:|1769437102
|switch|p2a: Weezing|Weezing-Galar, M|90/100
|-ability|p2a: Weezing|Neutralizing Gas
|move|p1a: Zamazenta|Stone Edge|p2a: Weezing|[miss]
|-miss|p1a: Zamazenta|p2a: Weezing
|
|upkeep
|turn|38
|
|t:|1769437108
|switch|p1a: Great Tusk|Great Tusk|42/100
|move|p2a: Weezing|Sludge Bomb|p1a: Great Tusk
|-resisted|p1a: Great Tusk
|-damage|p1a: Great Tusk|20/100
|
|upkeep
|turn|39
|
|t:|1769437115
|-end|p2a: Weezing|ability: Neutralizing Gas
|switch|p2a: Alomomola|Alomomola, F|100/100
|-damage|p2a: Alomomola|75/100|[from] Spikes
|move|p1a: Great Tusk|Rapid Spin|p2a: Alomomola
|-damage|p2a: Alomomola|63/100
|-boost|p1a: Great Tusk|spe|1
|-sideend|p1: On the wave now|Stealth Rock|[from] move: Rapid Spin|[of] p1a: Great Tusk
|
|upkeep
|turn|40
|
|t:|1769437120
|-end|p1a: Great Tusk|Protosynthesis|[silent]
|switch|p1a: Alomomola|Alomomola, F|69/100
|move|p2a: Alomomola|Flip Turn|p1a: Alomomola
|-resisted|p1a: Alomomola
|-damage|p1a: Alomomola|64/100
|
|t:|1769437123
|switch|p2a: Zapdos|Zapdos|43/100|[from] Flip Turn
|
|upkeep
|turn|41
|
|t:|1769437127
|move|p2a: Zapdos|Hurricane|p1a: Alomomola
|-damage|p1a: Alomomola|17/100
|move|p1a: Alomomola|Flip Turn|p2a: Zapdos
|-damage|p2a: Zapdos|22/100
|
|t:|1769437132
|switch|p1a: Zamazenta|Zamazenta|83/100|[from] Flip Turn
|
|upkeep
|turn|42
|
|t:|1769437139
|move|p1a: Zamazenta|Stone Edge|p2a: Zapdos
|-supereffective|p2a: Zapdos
|-damage|p2a: Zapdos|0 fnt
|faint|p2a: Zapdos
|
|upkeep
|
|t:|1769437142
|switch|p2a: Weezing|Weezing-Galar, M|90/100
|-ability|p2a: Weezing|Neutralizing Gas
|turn|43
|
|t:|1769437147
|switch|p1a: Alomomola|Alomomola, F|50/100
|move|p2a: Weezing|Sludge Bomb|p1a: Alomomola
|-damage|p1a: Alomomola|26/100
|
|upkeep
|turn|44
|
|t:|1769437152
|move|p1a: Alomomola|Wish|p1a: Alomomola
|move|p2a: Weezing|Sludge Bomb|p1a: Alomomola
|-damage|p1a: Alomomola|0 fnt
|faint|p1a: Alomomola
|
|upkeep
|
|t:|1769437155
|switch|p1a: Regigigas|Regigigas|21/100 par
|turn|45
|
|t:|1769437159
|move|p2a: Weezing|Sludge Bomb|p1a: Regigigas
|-damage|p1a: Regigigas|7/100 par
|move|p1a: Regigigas|Body Slam|p2a: Weezing
|-damage|p2a: Weezing|62/100
|
|-heal|p1a: Regigigas|62/100 par|[from] move: Wish|[wisher] Alomomola
|upkeep
|turn|46
|
|t:|1769437164
|move|p2a: Weezing|Defog|p1a: Regigigas
|-unboost|p1a: Regigigas|evasion|1
|-sideend|p2: MiaTaylor612|Spikes|[from] move: Defog|[of] p2a: Weezing
|cant|p1a: Regigigas|par
|
|upkeep
|turn|47
|
|t:|1769437169
|-end|p2a: Weezing|ability: Neutralizing Gas
|-start|p1a: Regigigas|ability: Slow Start
|switch|p2a: Iron Treads|Iron Treads|62/100
|move|p1a: Regigigas|Body Slam|p2a: Iron Treads
|-resisted|p2a: Iron Treads
|-damage|p2a: Iron Treads|54/100
|
|upkeep
|turn|48
|
|t:|1769437175
|move|p2a: Iron Treads|Stealth Rock|p1a: Regigigas
|-sidestart|p1: On the wave now|move: Stealth Rock
|cant|p1a: Regigigas|par
|
|upkeep
|turn|49
|
|t:|1769437178
|move|p2a: Iron Treads|Earthquake|p1a: Regigigas
|-damage|p1a: Regigigas|32/100 par
|move|p1a: Regigigas|Rest|p1a: Regigigas
|-status|p1a: Regigigas|slp|[from] move: Rest
|-heal|p1a: Regigigas|100/100 slp|[silent]
|
|upkeep
|turn|50
|
|t:|1769437183
|-end|p2a: Iron Treads|Quark Drive|[silent]
|switch|p2a: Wishmaster|Hoopa-Unbound|61/100 par
|cant|p1a: Regigigas|slp
|move|p1a: Regigigas|Sleep Talk|p1a: Regigigas
|move|p1a: Regigigas|Rest||[from] move: Sleep Talk|[still]
|-fail|p1a: Regigigas
|
|upkeep
|turn|51
|
|t:|1769437187
|cant|p1a: Regigigas|slp
|move|p1a: Regigigas|Sleep Talk|p1a: Regigigas
|move|p1a: Regigigas|Body Slam|p2a: Wishmaster|[from] move: Sleep Talk
|-damage|p2a: Wishmaster|26/100 par
|-damage|p1a: Regigigas|84/100 slp|[from] item: Rocky Helmet|[of] p2a: Wishmaster
|cant|p2a: Wishmaster|par
|
|-end|p1a: Regigigas|Slow Start
|upkeep
|turn|52
|
|t:|1769437195
|switch|p2a: Alomomola|Alomomola, F|96/100
|-curestatus|p1a: Regigigas|slp|[msg]
|move|p1a: Regigigas|Body Slam|p2a: Alomomola
|-damage|p2a: Alomomola|65/100
|-status|p2a: Alomomola|par
|
|upkeep
|turn|53
|
|t:|1769437200
|move|p1a: Regigigas|Knock Off|p2a: Alomomola
|-damage|p2a: Alomomola|42/100 par
|-enditem|p2a: Alomomola|Assault Vest|[from] move: Knock Off|[of] p1a: Regigigas
|move|p2a: Alomomola|Flip Turn|p1a: Regigigas
|-damage|p1a: Regigigas|73/100
|
|t:|1769437214
|switch|p2a: Zamazenta|Zamazenta|100/100|[from] Flip Turn
|-ability|p2a: Zamazenta|Dauntless Shield|boost
|-boost|p2a: Zamazenta|def|1
|
|upkeep
|turn|54
|
|t:|1769437217
|-terastallize|p1a: Regigigas|Ghost
|move|p2a: Zamazenta|Close Combat|p1a: Regigigas
|-immune|p1a: Regigigas
|move|p1a: Regigigas|Knock Off|p2a: Zamazenta
|-resisted|p2a: Zamazenta
|-damage|p2a: Zamazenta|90/100
|-enditem|p2a: Zamazenta|Life Orb|[from] move: Knock Off|[of] p1a: Regigigas
|
|upkeep
|turn|55
|
|t:|1769437226
|switch|p2a: Weezing|Weezing-Galar, M|62/100
|-ability|p2a: Weezing|Neutralizing Gas
|move|p1a: Regigigas|Rest|p1a: Regigigas
|-status|p1a: Regigigas|slp|[from] move: Rest
|-heal|p1a: Regigigas|100/100 slp|[silent]
|
|upkeep
|turn|56
|
|t:|1769437235
|-end|p2a: Weezing|ability: Neutralizing Gas
|-start|p1a: Regigigas|ability: Slow Start
|switch|p2a: Wishmaster|Hoopa-Unbound|26/100 par
|cant|p1a: Regigigas|slp
|move|p1a: Regigigas|Sleep Talk|p1a: Regigigas
|move|p1a: Regigigas|Knock Off|p2a: Wishmaster|[from] move: Sleep Talk
|-damage|p2a: Wishmaster|1/100 par
|-damage|p1a: Regigigas|84/100 slp|[from] item: Rocky Helmet|[of] p2a: Wishmaster
|-enditem|p2a: Wishmaster|Rocky Helmet|[from] move: Knock Off|[of] p1a: Regigigas
|
|upkeep
|turn|57
|
|t:|1769437241
|cant|p1a: Regigigas|slp
|move|p1a: Regigigas|Sleep Talk|p1a: Regigigas
|move|p1a: Regigigas|Knock Off|p2a: Wishmaster|[from] move: Sleep Talk
|-damage|p2a: Wishmaster|0 fnt
|faint|p2a: Wishmaster
|
|upkeep
|
|t:|1769437244
|switch|p2a: Zamazenta|Zamazenta|90/100
|turn|58
|
|t:|1769437256
|move|p2a: Zamazenta|Crunch|p1a: Regigigas
|-supereffective|p1a: Regigigas
|-damage|p1a: Regigigas|47/100 slp
|-unboost|p1a: Regigigas|def|1
|-curestatus|p1a: Regigigas|slp|[msg]
|move|p1a: Regigigas|Rest|p1a: Regigigas
|-status|p1a: Regigigas|slp|[from] move: Rest
|-heal|p1a: Regigigas|100/100 slp|[silent]
|
|upkeep
|turn|59
|
|t:|1769437268
|switch|p1a: Ting-Lu|Ting-Lu|82/100
|-damage|p1a: Ting-Lu|76/100|[from] Stealth Rock
|-ability|p1a: Ting-Lu|Vessel of Ruin
|move|p2a: Zamazenta|Crunch|p1a: Ting-Lu
|-resisted|p1a: Ting-Lu
|-damage|p1a: Ting-Lu|69/100
|
|-heal|p1a: Ting-Lu|75/100|[from] item: Leftovers
|upkeep
|turn|60
|
|t:|1769437273
|move|p2a: Zamazenta|Close Combat|p1a: Ting-Lu
|-supereffective|p1a: Ting-Lu
|-damage|p1a: Ting-Lu|11/100
|-unboost|p2a: Zamazenta|def|1
|-unboost|p2a: Zamazenta|spd|1
|move|p1a: Ting-Lu|Spikes|p2a: Zamazenta
|-sidestart|p2: MiaTaylor612|Spikes
|
|-heal|p1a: Ting-Lu|17/100|[from] item: Leftovers
|upkeep
|turn|61
|
|t:|1769437283
|move|p2a: Zamazenta|Close Combat|p1a: Ting-Lu
|-supereffective|p1a: Ting-Lu
|-damage|p1a: Ting-Lu|0 fnt
|-unboost|p2a: Zamazenta|def|1
|-unboost|p2a: Zamazenta|spd|1
|faint|p1a: Ting-Lu
|
|upkeep
|
|t:|1769437287
|switch|p1a: Zamazenta|Zamazenta|83/100
|-damage|p1a: Zamazenta|77/100|[from] Stealth Rock
|turn|62
|
|t:|1769437290
|switch|p2a: Alomomola|Alomomola, F|75/100 par
|-damage|p2a: Alomomola|63/100 par|[from] Spikes
|switch|p1a: Great Tusk|Great Tusk|20/100
|
|upkeep
|turn|63
|
|t:|1769437296
|move|p1a: Great Tusk|Rapid Spin|p2a: Alomomola
|-damage|p2a: Alomomola|51/100 par
|-boost|p1a: Great Tusk|spe|1
|-sideend|p1: On the wave now|Stealth Rock|[from] move: Rapid Spin|[of] p1a: Great Tusk
|move|p2a: Alomomola|Scald|p1a: Great Tusk
|-supereffective|p1a: Great Tusk
|-damage|p1a: Great Tusk|0 fnt
|faint|p1a: Great Tusk
|-end|p1a: Great Tusk|Protosynthesis|[silent]
|
|upkeep
|
|t:|1769437298
|switch|p1a: Regigigas|Regigigas, tera:Ghost|100/100 slp
|-start|p1a: Regigigas|ability: Slow Start
|turn|64
|
|t:|1769437302
|cant|p1a: Regigigas|slp
|move|p1a: Regigigas|Sleep Talk|p1a: Regigigas
|move|p1a: Regigigas|Rest||[from] move: Sleep Talk|[still]
|-fail|p1a: Regigigas
|move|p2a: Alomomola|Flip Turn|p1a: Regigigas
|-damage|p1a: Regigigas|88/100 slp
|
|t:|1769437306
|switch|p2a: Weezing|Weezing-Galar, M|62/100|[from] Flip Turn
|-ability|p2a: Weezing|Neutralizing Gas
|
|upkeep
|turn|65
|
|t:|1769437308
|cant|p1a: Regigigas|slp
|move|p1a: Regigigas|Sleep Talk|p1a: Regigigas
|move|p1a: Regigigas|Rest||[from] move: Sleep Talk|[still]
|-fail|p1a: Regigigas
|move|p2a: Weezing|Defog|p1a: Regigigas
|-unboost|p1a: Regigigas|evasion|1
|-sideend|p2: MiaTaylor612|Spikes|[from] move: Defog|[of] p2a: Weezing
|
|upkeep
|turn|66
|
|t:|1769437312
|-curestatus|p1a: Regigigas|slp|[msg]
|move|p1a: Regigigas|Body Slam|p2a: Weezing
|-damage|p2a: Weezing|31/100
|move|p2a: Weezing|Pain Split|p1a: Regigigas
|-sethp|p1a: Regigigas|56/100|[from] move: Pain Split|[silent]
|-sethp|p2a: Weezing|72/100|[from] move: Pain Split
|
|upkeep
|turn|67
|
|t:|1769437316
|move|p1a: Regigigas|Body Slam|p2a: Weezing
|-crit|p2a: Weezing
|-damage|p2a: Weezing|29/100
|-status|p2a: Weezing|par
|move|p2a: Weezing|Will-O-Wisp|p1a: Regigigas
|-status|p1a: Regigigas|brn
|
|-damage|p1a: Regigigas|50/100 brn|[from] brn
|upkeep
|turn|68
|
|t:|1769437322
|move|p1a: Regigigas|Rest|p1a: Regigigas
|-status|p1a: Regigigas|slp|[from] move: Rest
|-heal|p1a: Regigigas|100/100 slp|[silent]
|move|p2a: Weezing|Pain Split|p1a: Regigigas
|-sethp|p1a: Regigigas|62/100 slp|[from] move: Pain Split|[silent]
|-sethp|p2a: Weezing|79/100 par|[from] move: Pain Split
|
|upkeep
|turn|69
|
|t:|1769437329
|-end|p2a: Weezing|ability: Neutralizing Gas
|-start|p1a: Regigigas|ability: Slow Start
|switch|p2a: Iron Treads|Iron Treads|54/100
|cant|p1a: Regigigas|slp
|move|p1a: Regigigas|Sleep Talk|p1a: Regigigas
|move|p1a: Regigigas|Body Slam|p2a: Iron Treads|[from] move: Sleep Talk
|-resisted|p2a: Iron Treads
|-damage|p2a: Iron Treads|45/100
|-status|p2a: Iron Treads|par
|
|upkeep
|turn|70
|
|t:|1769437338
|cant|p2a: Iron Treads|par
|cant|p1a: Regigigas|slp
|
|upkeep
|turn|71
|
|t:|1769437342
|cant|p2a: Iron Treads|par
|-curestatus|p1a: Regigigas|slp|[msg]
|move|p1a: Regigigas|Body Slam|p2a: Iron Treads
|-resisted|p2a: Iron Treads
|-damage|p2a: Iron Treads|36/100 par
|
|upkeep
|turn|72
|
|t:|1769437345
|move|p2a: Iron Treads|Earthquake|p1a: Regigigas
|-damage|p1a: Regigigas|35/100
|move|p1a: Regigigas|Knock Off|p2a: Iron Treads
|-damage|p2a: Iron Treads|27/100 par
|
|upkeep
|turn|73
|
|t:|1769437349
|move|p2a: Iron Treads|Stealth Rock|p1a: Regigigas
|-sidestart|p1: On the wave now|move: Stealth Rock
|move|p1a: Regigigas|Knock Off|p2a: Iron Treads
|-damage|p2a: Iron Treads|19/100 par
|
|-end|p1a: Regigigas|Slow Start
|upkeep
|turn|74
|
|t:|1769437357
|move|p1a: Regigigas|Knock Off|p2a: Iron Treads
|-crit|p2a: Iron Treads
|-damage|p2a: Iron Treads|0 fnt
|faint|p2a: Iron Treads
|-end|p2a: Iron Treads|Quark Drive|[silent]
|
|upkeep
|
|t:|1769437359
|switch|p2a: Alomomola|Alomomola, F|85/100 par
|turn|75
|
|t:|1769437362
|move|p1a: Regigigas|Body Slam|p2a: Alomomola
|-damage|p2a: Alomomola|55/100 par
|move|p2a: Alomomola|Flip Turn|p1a: Regigigas
|-damage|p1a: Regigigas|22/100
|
|t:|1769437366
|switch|p2a: Zamazenta|Zamazenta|90/100|[from] Flip Turn
|
|upkeep
|turn|76
|
|t:|1769437368
|move|p2a: Zamazenta|Crunch|p1a: Regigigas
|-supereffective|p1a: Regigigas
|-damage|p1a: Regigigas|0 fnt
|faint|p1a: Regigigas
|
|upkeep
|
|t:|1769437370
|switch|p1a: Zamazenta|Zamazenta|77/100
|-damage|p1a: Zamazenta|71/100|[from] Stealth Rock
|turn|77
|
|t:|1769437376
|move|p1a: Zamazenta|Close Combat|p2a: Zamazenta
|-damage|p2a: Zamazenta|14/100
|-unboost|p1a: Zamazenta|def|1
|-unboost|p1a: Zamazenta|spd|1
|move|p2a: Zamazenta|Close Combat|p1a: Zamazenta
|-damage|p1a: Zamazenta|0 fnt
|-unboost|p2a: Zamazenta|def|1
|-unboost|p2a: Zamazenta|spd|1
|faint|p1a: Zamazenta
|
|win|MiaTaylor612
|raw|On the wave now's rating: 1719 &rarr; <strong>1696</strong><br />(-23 for losing)
|raw|MiaTaylor612's rating: 1671 &rarr; <strong>1694</strong><br />(+23 for winning)
|l|☆On the wave now
|player|p1|
|j| holy peperoni
|j| Delibird Heart
|l| holy peperoni
|l| Delibird Heart
|l|☆MiaTaylor612
|player|p2|
