|j|☆lolcano46
|j|☆Hybbridd
|t:|1769312996
|gametype|singles
|player|p1|lolcano46|fisherman-gen4|1564
|player|p2|Hybbridd|lucas-gen4pt|1677
|gen|9
|tier|[Gen 9] OU
|rated|
|rule|HP Percentage Mod: HP is shown in percentages
|rule|Endless Battle Clause: Forcing endless battles is banned
|rule|Species Clause: Limit one of each Pokémon
|rule|OHKO Clause: OHKO moves are banned
|rule|Evasion Items Clause: Evasion items are banned
|rule|Evasion Moves Clause: Evasion moves are banned
|rule|Evasion Abilities Clause: Evasion abilities are banned
|rule|Sleep Moves Clause: Sleep-inducing moves are banned
|clearpoke
|poke|p1|Azelf|
|poke|p1|Ogerpon-Wellspring, F|
|poke|p1|Scizor, F|
|poke|p1|Gengar, M|
|poke|p1|Raging Bolt|
|poke|p1|Cinderace, M|
|poke|p2|Landorus-Therian, M|
|poke|p2|Samurott-Hisui, F|
|poke|p2|Pecharunt|
|poke|p2|Scizor, M|
|poke|p2|Latios, M|
|poke|p2|Zamazenta-*|
|teampreview
|inactive|Battle timer is ON: inactive players will automatically lose when time's up. (requested by lolcano46)
|
|t:|1769313022
|teamsize|p1|6
|teamsize|p2|6
|start
|switch|p1a: Cinderace|Cinderace, M|100/100
|switch|p2a: Landorus|Landorus-Therian, M|100/100
|-ability|p2a: Landorus|Intimidate|boost
|-unboost|p1a: Cinderace|atk|1
|turn|1
|
|t:|1769313031
|move|p1a: Cinderace|Will-O-Wisp|p2a: Landorus
|-status|p2a: Landorus|brn
|move|p2a: Landorus|Earthquake|p1a: Cinderace
|-supereffective|p1a: Cinderace
|-damage|p1a: Cinderace|26/100
|
|-damage|p2a: Landorus|94/100 brn|[from] brn
|upkeep
|turn|2
|
|t:|1769313041
|move|p1a: Cinderace|Pyro Ball|p2a: Landorus|[miss]
|-miss|p1a: Cinderace|p2a: Landorus
|move|p2a: Landorus|U-turn|p1a: Cinderace
|-resisted|p1a: Cinderace
|-damage|p1a: Cinderace|19/100
|
|t:|1769313044
|switch|p2a: Samurott|Samurott-Hisui, F|100/100|[from] U-turn
|
|upkeep
|turn|3
|
|t:|1769313056
|move|p1a: Cinderace|Sucker Punch|p2a: Samurott
|-start|p1a: Cinderace|typechange|Dark|[from] ability: Libero
|-resisted|p2a: Samurott
|-damage|p2a: Samurott|88/100
|move|p2a: Samurott|Aqua Jet|p1a: Cinderace
|-damage|p1a: Cinderace|0 fnt
|faint|p1a: Cinderace
|
|upkeep
|
|t:|1769313059
|switch|p1a: Ogerpon|Ogerpon-Wellspring, F|100/100
|turn|4
|
|t:|1769313068
|switch|p2a: Pecharunt|Pecharunt|100/100
|move|p1a: Ogerpon|Swords Dance|p1a: Ogerpon
|-boost|p1a: Ogerpon|atk|2
|
|upkeep
|turn|5
|
|t:|1769313070
|-terastallize|p1a: Ogerpon|Water
|detailschange|p1a: Ogerpon|Ogerpon-Wellspring-Tera, F, tera:Water
|-ability|p1a: Ogerpon|Embody Aspect (Wellspring)|boost
|-boost|p1a: Ogerpon|spd|1
|move|p1a: Ogerpon|Ivy Cudgel|p2a: Pecharunt|[anim] Ivy Cudgel Water
|-damage|p2a: Pecharunt|8/100
|move|p2a: Pecharunt|Malignant Chain|p1a: Ogerpon
|-damage|p1a: Ogerpon|76/100
|-status|p1a: Ogerpon|tox
|-start|p1a: Ogerpon|confusion|[from] ability: Poison Puppeteer|[of] p2a: Pecharunt
|
|-damage|p1a: Ogerpon|70/100 tox|[from] psn
|upkeep
|turn|6
|
|t:|1769313077
|-activate|p1a: Ogerpon|confusion
|move|p1a: Ogerpon|Horn Leech|p2a: Pecharunt
|-resisted|p2a: Pecharunt
|-damage|p2a: Pecharunt|0 fnt
|-heal|p1a: Ogerpon|75/100 tox|[from] drain|[of] p2a: Pecharunt
|faint|p2a: Pecharunt
|
|-damage|p1a: Ogerpon|63/100 tox|[from] psn
|upkeep
|
|t:|1769313084
|switch|p2a: Zamazenta|Zamazenta|100/100
|-ability|p2a: Zamazenta|Dauntless Shield|boost
|-boost|p2a: Zamazenta|def|1
|turn|7
|
|t:|1769313089
|switch|p1a: Gengar|Gengar, M|100/100
|move|p2a: Zamazenta|Body Press|p1a: Gengar
|-immune|p1a: Gengar
|
|upkeep
|turn|8
|
|t:|1769313092
|switch|p2a: Landorus|Landorus-Therian, M|94/100 brn
|-ability|p2a: Landorus|Intimidate|boost
|-unboost|p1a: Gengar|atk|1
|move|p1a: Gengar|Thunder Wave|p2a: Landorus
|-immune|p2a: Landorus
|
|-damage|p2a: Landorus|88/100 brn|[from] brn
|upkeep
|turn|9
|
|t:|1769313097
|switch|p1a: Azelf|Azelf|100/100
|move|p2a: Landorus|Stealth Rock|p1a: Azelf
|-sidestart|p1: lolcano46|move: Stealth Rock
|
|-damage|p2a: Landorus|82/100 brn|[from] brn
|upkeep
|turn|10
|
|t:|1769313101
|move|p1a: Azelf|Psychic|p2a: Landorus
|-damage|p2a: Landorus|36/100 brn
|move|p2a: Landorus|U-turn|p1a: Azelf
|-supereffective|p1a: Azelf
|-damage|p1a: Azelf|67/100
|
|t:|1769313103
|switch|p2a: Zamazenta|Zamazenta|100/100|[from] U-turn
|
|upkeep
|turn|11
|inactive|Hybbridd has 120 seconds left.
|
|t:|1769313145
|move|p2a: Zamazenta|Crunch|p1a: Azelf
|-supereffective|p1a: Azelf
|-damage|p1a: Azelf|0 fnt
|faint|p1a: Azelf
|
|upkeep
|
|t:|1769313150
|switch|p1a: Raging Bolt|Raging Bolt|100/100
|-damage|p1a: Raging Bolt|88/100|[from] Stealth Rock
|-enditem|p1a: Raging Bolt|Booster Energy
|-activate|p1a: Raging Bolt|ability: Protosynthesis|[fromitem]
|-start|p1a: Raging Bolt|protosynthesisspa
|turn|12
|
|t:|1769313154
|switch|p2a: Landorus|Landorus-Therian, M|36/100 brn
|-ability|p2a: Landorus|Intimidate|boost
|-unboost|p1a: Raging Bolt|atk|1
|move|p1a: Raging Bolt|Dragon Pulse|p2a: Landorus
|-damage|p2a: Landorus|0 fnt
|faint|p2a: Landorus
|
|upkeep
|
|t:|1769313160
|switch|p2a: Samurott|Samurott-Hisui, F|88/100
|turn|13
|
|t:|1769313162
|-terastallize|p2a: Samurott|Ground
|move|p2a: Samurott|Ceaseless Edge|p1a: Raging Bolt
|-crit|p1a: Raging Bolt
|-damage|p1a: Raging Bolt|15/100
|-sidestart|p1: lolcano46|Spikes
|move|p1a: Raging Bolt|Thunderbolt|p2a: Samurott
|-immune|p2a: Samurott
|
|upkeep
|turn|14
|
|t:|1769313169
|move|p2a: Samurott|Ceaseless Edge|p1a: Raging Bolt
|-damage|p1a: Raging Bolt|0 fnt
|-sidestart|p1: lolcano46|Spikes
|faint|p1a: Raging Bolt
|-end|p1a: Raging Bolt|Protosynthesis|[silent]
|
|upkeep
|
|t:|1769313171
|switch|p1a: Ogerpon|Ogerpon-Wellspring-Tera, F, tera:Water|63/100 tox
|-damage|p1a: Ogerpon|51/100 tox|[from] Stealth Rock
|-damage|p1a: Ogerpon|34/100 tox|[from] Spikes
|-ability|p1a: Ogerpon|Embody Aspect (Wellspring)|boost
|-boost|p1a: Ogerpon|spd|1
|turn|15
|
|t:|1769313189
|switch|p2a: Latios|Latios, M|100/100
|move|p1a: Ogerpon|Horn Leech|p2a: Latios
|-resisted|p2a: Latios
|-damage|p2a: Latios|70/100
|-heal|p1a: Ogerpon|50/100 tox|[from] drain|[of] p2a: Latios
|
|-damage|p1a: Ogerpon|44/100 tox|[from] psn
|upkeep
|turn|16
|
|t:|1769313193
|switch|p2a: Zamazenta|Zamazenta|100/100
|move|p1a: Ogerpon|Play Rough|p2a: Zamazenta
|-supereffective|p2a: Zamazenta
|-damage|p2a: Zamazenta|46/100
|
|-heal|p2a: Zamazenta|53/100|[from] item: Leftovers
|-damage|p1a: Ogerpon|32/100 tox|[from] psn
|upkeep
|turn|17
|
|t:|1769313201
|move|p2a: Zamazenta|Crunch|p1a: Ogerpon
|-damage|p1a: Ogerpon|3/100 tox
|move|p1a: Ogerpon|Horn Leech|p2a: Zamazenta
|-damage|p2a: Zamazenta|18/100
|-heal|p1a: Ogerpon|22/100 tox|[from] drain|[of] p2a: Zamazenta
|
|-heal|p2a: Zamazenta|24/100|[from] item: Leftovers
|-damage|p1a: Ogerpon|4/100 tox|[from] psn
|upkeep
|turn|18
|
|t:|1769313208
|move|p2a: Zamazenta|Body Press|p1a: Ogerpon
|-damage|p1a: Ogerpon|0 fnt
|faint|p1a: Ogerpon
|detailschange|p1: Ogerpon|Ogerpon-Wellspring, F|[silent]
|
|-heal|p2a: Zamazenta|30/100|[from] item: Leftovers
|upkeep
|
|t:|1769313211
|switch|p1a: Scizor|Scizor, F|100/100
|-damage|p1a: Scizor|88/100|[from] Stealth Rock
|-damage|p1a: Scizor|72/100|[from] Spikes
|turn|19
|
|t:|1769313220
|move|p2a: Zamazenta|Body Press|p1a: Scizor
|-damage|p1a: Scizor|27/100
|move|p1a: Scizor|Swords Dance|p1a: Scizor
|-boost|p1a: Scizor|atk|2
|
|-heal|p2a: Zamazenta|37/100|[from] item: Leftovers
|upkeep
|turn|20
|
|t:|1769313223
|move|p1a: Scizor|Bullet Punch|p2a: Zamazenta
|-damage|p2a: Zamazenta|0 fnt
|faint|p2a: Zamazenta
|
|upkeep
|
|t:|1769313225
|switch|p2a: Samurott|Samurott-Hisui, F, tera:Ground|88/100
|turn|21
|
|t:|1769313228
|move|p2a: Samurott|Aqua Jet|p1a: Scizor
|-damage|p1a: Scizor|6/100
|move|p1a: Scizor|Bullet Punch|p2a: Samurott
|-damage|p2a: Samurott|3/100
|
|upkeep
|turn|22
|
|t:|1769313234
|move|p2a: Samurott|Aqua Jet|p1a: Scizor
|-damage|p1a: Scizor|0 fnt
|faint|p1a: Scizor
|
|upkeep
|
|t:|1769313236
|switch|p1a: Gengar|Gengar, M|100/100
|-damage|p1a: Gengar|88/100|[from] Stealth Rock
|-damage|p1a: Gengar|72/100|[from] Spikes
|turn|23
|
|t:|1769313238
|move|p2a: Samurott|Aqua Jet|p1a: Gengar
|-damage|p1a: Gengar|30/100
|-start|p2a: Samurott|Disable|Aqua Jet|[from] ability: Cursed Body|[of] p1a: Gengar
|move|p1a: Gengar|Shadow Ball|p2a: Samurott
|-damage|p2a: Samurott|0 fnt
|faint|p2a: Samurott
|
|upkeep
|
|t:|1769313240
|switch|p2a: Scizor|Scizor, M|100/100
|turn|24
|
|t:|1769313242
|move|p2a: Scizor|Bullet Punch|p1a: Gengar
|-damage|p1a: Gengar|0 fnt
|faint|p1a: Gengar
|
|win|Hybbridd
|raw|lolcano46's rating: 1564 &rarr; <strong>1550</strong><br />(-14 for losing)
|raw|Hybbridd's rating: 1677 &rarr; <strong>1691</strong><br />(+14 for winning)
|l|☆lolcano46
|player|p1|
|l|☆Hybbridd
|player|p2|
