|j|☆ferrydiscs
|j|☆Libraries
|t:|1769310004
|gametype|singles
|player|p1|ferrydiscs|will|1478
|player|p2|Libraries|skierf|1440
|gen|9
|tier|[Gen 9] OU
|rated|
|rule|HP Percentage Mod: HP is shown in percentages
|rule|Endless Battle Clause: Forcing endless battles is banned
|rule|Species Clause: Limit one of each Pokémon
|rule|OHKO Clause: OHKO moves are banned
|rule|Evasion Items Clause: Evasion items are banned
|rule|Evasion Moves Clause: Evasion moves are banned
|rule|Evasion Abilities Clause: Evasion abilities are banned
|rule|Sleep Moves Clause: Sleep-inducing moves are banned
|clearpoke
|poke|p1|Tyranitar, M|
|poke|p1|Excadrill, M|
|poke|p1|Tornadus-Therian, M|
|poke|p1|Tinkaton, F|
|poke|p1|Sinistcha|
|poke|p1|Toxapex, M|
|poke|p2|Hydrapple, M|
|poke|p2|Gliscor, M|
|poke|p2|Slowking-Galar, M|
|poke|p2|Cinderace, M|
|poke|p2|Kingambit, M|
|poke|p2|Iron Valiant|
|teampreview
|
|t:|1769310021
|teamsize|p1|6
|teamsize|p2|6
|start
|switch|p1a: Tyranitar|Tyranitar, M, shiny|100/100
|switch|p2a: Gliscor|Gliscor, M, shiny|100/100
|-weather|Sandstorm|[from] ability: Sand Stream|[of] p1a: Tyranitar
|turn|1
|
|t:|1769310027
|move|p2a: Gliscor|Swords Dance|p2a: Gliscor
|-boost|p2a: Gliscor|atk|2
|move|p1a: Tyranitar|Ice Punch|p2a: Gliscor
|-supereffective|p2a: Gliscor
|-damage|p2a: Gliscor|0 fnt
|faint|p2a: Gliscor
|
|-weather|Sandstorm|[upkeep]
|upkeep
|
|t:|1769310033
|switch|p2a: Kingambit|Kingambit, M, shiny|100/100
|-activate|p2a: Kingambit|ability: Supreme Overlord
|-start|p2a: Kingambit|fallen1|[silent]
|-item|p2a: Kingambit|Air Balloon
|turn|2
|
|t:|1769310037
|switch|p1a: Tinkaton|Tinkaton, F, shiny|100/100
|-item|p1a: Tinkaton|Air Balloon
|move|p2a: Kingambit|Swords Dance|p2a: Kingambit
|-boost|p2a: Kingambit|atk|2
|
|-weather|Sandstorm|[upkeep]
|upkeep
|turn|3
|
|t:|1769310043
|move|p1a: Tinkaton|Encore|p2a: Kingambit
|-start|p2a: Kingambit|Encore
|move|p2a: Kingambit|Swords Dance|p2a: Kingambit
|-boost|p2a: Kingambit|atk|2
|
|-weather|Sandstorm|[upkeep]
|upkeep
|turn|4
|
|t:|1769310053
|switch|p1a: Tyranitar|Tyranitar, M, shiny|100/100
|move|p2a: Kingambit|Swords Dance|p2a: Kingambit
|-boost|p2a: Kingambit|atk|2
|
|-weather|Sandstorm|[upkeep]
|upkeep
|turn|5
|
|t:|1769310058
|move|p1a: Tyranitar|Low Kick|p2a: Kingambit
|-supereffective|p2a: Kingambit
|-damage|p2a: Kingambit|0 fnt
|-enditem|p2a: Kingambit|Air Balloon
|faint|p2a: Kingambit
|-end|p2a: Kingambit|fallen1|[silent]
|
|-weather|none
|upkeep
|
|t:|1769310063
|switch|p2a: Cinderace|Cinderace, M, shiny|100/100
|turn|6
|
|t:|1769310066
|switch|p1a: Toxapex|Toxapex, M, shiny|100/100
|move|p2a: Cinderace|U-turn|p1a: Toxapex
|-start|p2a: Cinderace|typechange|Bug|[from] ability: Libero
|-resisted|p1a: Toxapex
|-damage|p1a: Toxapex|90/100
|-enditem|p1a: Toxapex|Eject Button
|
|t:|1769310072
|switch|p1a: Tornadus|Tornadus-Therian, M, shiny|100/100
|
|upkeep
|turn|7
|
|t:|1769310084
|switch|p2a: Slowking|Slowking-Galar, M, shiny|100/100
|move|p1a: Tornadus|Bleakwind Storm|p2a: Slowking
|-damage|p2a: Slowking|64/100
|
|upkeep
|turn|8
|
|t:|1769310089
|switch|p1a: Tinkaton|Tinkaton, F, shiny|100/100
|-item|p1a: Tinkaton|Air Balloon
|move|p2a: Slowking|Whirlpool|p1a: Tinkaton
|-damage|p1a: Tinkaton|92/100
|-activate|p1a: Tinkaton|move: Whirlpool|[of] p2a: Slowking
|-enditem|p1a: Tinkaton|Air Balloon
|
|-damage|p1a: Tinkaton|80/100|[from] move: Whirlpool|[partiallytrapped]
|upkeep
|turn|9
|
|t:|1769310094
|move|p1a: Tinkaton|Gigaton Hammer|p2a: Slowking
|-damage|p2a: Slowking|19/100
|move|p2a: Slowking|Flamethrower|p1a: Tinkaton
|-supereffective|p1a: Tinkaton
|-damage|p1a: Tinkaton|32/100
|
|-damage|p1a: Tinkaton|20/100|[from] move: Whirlpool|[partiallytrapped]
|upkeep
|turn|10
|
|t:|1769310101
|move|p1a: Tinkaton|Stealth Rock|p2a: Slowking
|-sidestart|p2: Libraries|move: Stealth Rock
|move|p2a: Slowking|Flamethrower|p1a: Tinkaton
|-supereffective|p1a: Tinkaton
|-damage|p1a: Tinkaton|0 fnt
|faint|p1a: Tinkaton
|
|upkeep
|
|t:|1769310121
|switch|p1a: Tornadus|Tornadus-Therian, M, shiny|100/100
|turn|11
|
|t:|1769310133
|switch|p2a: Cinderace|Cinderace, M, shiny|100/100
|move|p1a: Tornadus|Bleakwind Storm|p2a: Cinderace|[miss]
|-miss|p1a: Tornadus|p2a: Cinderace
|
|upkeep
|turn|12
|
|t:|1769310140
|move|p1a: Tornadus|Bleakwind Storm|p2a: Cinderace
|-damage|p2a: Cinderace|0 fnt
|faint|p2a: Cinderace
|
|upkeep
|
|t:|1769310146
|switch|p2a: Iron Valiant|Iron Valiant, shiny|100/100
|-damage|p2a: Iron Valiant|94/100|[from] Stealth Rock
|-enditem|p2a: Iron Valiant|Booster Energy
|-activate|p2a: Iron Valiant|ability: Quark Drive|[fromitem]
|-start|p2a: Iron Valiant|quarkdrivespe
|turn|13
|
|t:|1769310160
|move|p2a: Iron Valiant|Destiny Bond|p2a: Iron Valiant
|-singlemove|p2a: Iron Valiant|Destiny Bond
|move|p1a: Tornadus|Bleakwind Storm|p2a: Iron Valiant|[miss]
|-miss|p1a: Tornadus|p2a: Iron Valiant
|
|upkeep
|turn|14
|
|t:|1769310165
|switch|p1a: Toxapex|Toxapex, M, shiny|100/100
|move|p2a: Iron Valiant|Moonblast|p1a: Toxapex
|-resisted|p1a: Toxapex
|-damage|p1a: Toxapex|84/100
|
|upkeep
|turn|15
|
|t:|1769310168
|-end|p2a: Iron Valiant|Quark Drive|[silent]
|switch|p2a: Slowking|Slowking-Galar, M, shiny|52/100
|-damage|p2a: Slowking|39/100|[from] Stealth Rock
|move|p1a: Toxapex|Toxic|p2a: Slowking
|-immune|p2a: Slowking
|
|upkeep
|turn|16
|
|t:|1769310173
|switch|p2a: Iron Valiant|Iron Valiant, shiny|94/100
|-damage|p2a: Iron Valiant|88/100|[from] Stealth Rock
|switch|p1a: Tyranitar|Tyranitar, M, shiny|100/100
|-weather|Sandstorm|[from] ability: Sand Stream|[of] p1a: Tyranitar
|
|-weather|Sandstorm|[upkeep]
|-damage|p2a: Iron Valiant|82/100|[from] Sandstorm
|upkeep
|turn|17
|
|t:|1769310179
|switch|p1a: Toxapex|Toxapex, M, shiny|100/100
|move|p2a: Iron Valiant|Moonblast|p1a: Toxapex
|-resisted|p1a: Toxapex
|-damage|p1a: Toxapex|84/100
|
|-weather|Sandstorm|[upkeep]
|-damage|p2a: Iron Valiant|76/100|[from] Sandstorm
|-damage|p1a: Toxapex|78/100|[from] Sandstorm
|upkeep
|turn|18
|
|t:|1769310186
|switch|p1a: Excadrill|Excadrill, M, shiny|100/100
|move|p2a: Iron Valiant|Knock Off|p1a: Excadrill
|-damage|p1a: Excadrill|62/100
|-enditem|p1a: Excadrill|Leftovers|[from] move: Knock Off|[of] p2a: Iron Valiant
|
|-weather|Sandstorm|[upkeep]
|-damage|p2a: Iron Valiant|69/100|[from] Sandstorm
|upkeep
|turn|19
|
|t:|1769310204
|switch|p1a: Tornadus|Tornadus-Therian, M, shiny|100/100
|-end|p2a: Iron Valiant|Quark Drive|[silent]
|switch|p2a: Hydrapple|Hydrapple, M, shiny|100/100
|-damage|p2a: Hydrapple|88/100|[from] Stealth Rock
|
|-weather|Sandstorm|[upkeep]
|-damage|p1a: Tornadus|94/100|[from] Sandstorm
|-damage|p2a: Hydrapple|82/100|[from] Sandstorm
|upkeep
|turn|20
|
|t:|1769310213
|-terastallize|p2a: Hydrapple|Dragon
|move|p1a: Tornadus|Bleakwind Storm|p2a: Hydrapple|[miss]
|-miss|p1a: Tornadus|p2a: Hydrapple
|move|p2a: Hydrapple|Draco Meteor|p1a: Tornadus
|-damage|p1a: Tornadus|0 fnt
|-unboost|p2a: Hydrapple|spa|2
|faint|p1a: Tornadus
|-damage|p2a: Hydrapple|72/100|[from] item: Life Orb
|
|-weather|none
|upkeep
|
|t:|1769310223
|switch|p1a: Toxapex|Toxapex, M, shiny|100/100
|turn|21
|
|t:|1769310228
|switch|p2a: Slowking|Slowking-Galar, M, shiny|73/100
|-damage|p2a: Slowking|60/100|[from] Stealth Rock
|switch|p1a: Tyranitar|Tyranitar, M, shiny|100/100
|-weather|Sandstorm|[from] ability: Sand Stream|[of] p1a: Tyranitar
|
|-weather|Sandstorm|[upkeep]
|-damage|p2a: Slowking|54/100|[from] Sandstorm
|upkeep
|turn|22
|
|t:|1769310232
|switch|p2a: Iron Valiant|Iron Valiant, shiny|69/100
|-damage|p2a: Iron Valiant|63/100|[from] Stealth Rock
|move|p1a: Tyranitar|Knock Off|p2a: Iron Valiant
|-resisted|p2a: Iron Valiant
|-damage|p2a: Iron Valiant|45/100
|
|-weather|Sandstorm|[upkeep]
|-damage|p2a: Iron Valiant|39/100|[from] Sandstorm
|upkeep
|turn|23
|
|t:|1769310238
|switch|p1a: Toxapex|Toxapex, M, shiny|100/100
|move|p2a: Iron Valiant|Moonblast|p1a: Toxapex
|-resisted|p1a: Toxapex
|-damage|p1a: Toxapex|84/100
|
|-weather|Sandstorm|[upkeep]
|-damage|p2a: Iron Valiant|33/100|[from] Sandstorm
|-damage|p1a: Toxapex|78/100|[from] Sandstorm
|upkeep
|turn|24
|
|t:|1769310242
|-end|p2a: Iron Valiant|Quark Drive|[silent]
|switch|p2a: Slowking|Slowking-Galar, M, shiny|88/100
|-damage|p2a: Slowking|75/100|[from] Stealth Rock
|move|p1a: Toxapex|Toxic|p2a: Slowking
|-immune|p2a: Slowking
|
|-weather|Sandstorm|[upkeep]
|-damage|p2a: Slowking|69/100|[from] Sandstorm
|-damage|p1a: Toxapex|72/100|[from] Sandstorm
|upkeep
|turn|25
|
|t:|1769310245
|switch|p1a: Excadrill|Excadrill, M, shiny|62/100
|move|p2a: Slowking|Whirlpool|p1a: Excadrill
|-supereffective|p1a: Excadrill
|-damage|p1a: Excadrill|40/100
|-activate|p1a: Excadrill|move: Whirlpool|[of] p2a: Slowking
|
|-weather|none
|-damage|p1a: Excadrill|28/100|[from] move: Whirlpool|[partiallytrapped]
|upkeep
|turn|26
|
|t:|1769310251
|switch|p2a: Hydrapple|Hydrapple, M, shiny, tera:Dragon|100/100
|-damage|p2a: Hydrapple|88/100|[from] Stealth Rock
|move|p1a: Excadrill|Earthquake|p2a: Hydrapple
|-damage|p2a: Hydrapple|40/100
|
|-end|p1a: Excadrill|Whirlpool|[partiallytrapped]|[silent]
|upkeep
|turn|27
|
|t:|1769310258
|move|p1a: Excadrill|Earthquake|p2a: Hydrapple
|-damage|p2a: Hydrapple|0 fnt
|faint|p2a: Hydrapple
|
|upkeep
|-message|Libraries forfeited.
|
|win|ferrydiscs
|raw|ferrydiscs's rating: 1478 &rarr; <strong>1496</strong><br />(+18 for winning)
|raw|Libraries's rating: 1440 &rarr; <strong>1422</strong><br />(-18 for losing)
|l|☆Libraries
|player|p2|
