|j|☆shadowauraaa
|j|☆Bax's Love Sosa
|t:|1769307018
|gametype|singles
|player|p1|shadowauraaa|dawn|1439
|player|p2|Bax's Love Sosa|elesa|1448
|gen|9
|tier|[Gen 9] OU
|rated|
|rule|HP Percentage Mod: HP is shown in percentages
|rule|Endless Battle Clause: Forcing endless battles is banned
|rule|Species Clause: Limit one of each Pokémon
|rule|OHKO Clause: OHKO moves are banned
|rule|Evasion Items Clause: Evasion items are banned
|rule|Evasion Moves Clause: Evasion moves are banned
|rule|Evasion Abilities Clause: Evasion abilities are banned
|rule|Sleep Moves Clause: Sleep-inducing moves are banned
|clearpoke
|poke|p1|Glimmora, F|
|poke|p1|Gholdengo|
|poke|p1|Great Tusk|
|poke|p1|Dragonite, M|
|poke|p1|Samurott-Hisui, M|
|poke|p1|Kyurem|
|poke|p2|Dragonite, M|
|poke|p2|Ting-Lu|
|poke|p2|Gholdengo|
|poke|p2|Hatterene, F|
|poke|p2|Rillaboom, M|
|poke|p2|Cinderace, M|
|teampreview
|inactive|Battle timer is ON: inactive players will automatically lose when time's up. (requested by shadowauraaa)
|
|t:|1769307030
|teamsize|p1|6
|teamsize|p2|6
|start
|switch|p1a: Glimmora|Glimmora, F|100/100
|switch|p2a: Rillaboom|Rillaboom, M|100/100
|-fieldstart|move: Grassy Terrain|[from] ability: Grassy Surge|[of] p2a: Rillaboom
|turn|1
|
|t:|1769307043
|switch|p2a: Gholdengo|Gholdengo|100/100
|move|p1a: Glimmora|Mortal Spin|p2a: Gholdengo
|-immune|p2a: Gholdengo
|
|upkeep
|turn|2
|
|t:|1769307050
|move|p2a: Gholdengo|Make It Rain|p1a: Glimmora
|-supereffective|p1a: Glimmora
|-enditem|p1a: Glimmora|Focus Sash
|-damage|p1a: Glimmora|1/100
|-unboost|p2a: Gholdengo|spa|1
|move|p1a: Glimmora|Stealth Rock|p2a: Gholdengo
|-sidestart|p2: Bax's Love Sosa|move: Stealth Rock
|
|-heal|p1a: Glimmora|7/100|[from] Grassy Terrain
|upkeep
|turn|3
|
|t:|1769307060
|switch|p1a: Samurott|Samurott-Hisui, M|100/100
|move|p2a: Gholdengo|Make It Rain|p1a: Samurott
|-resisted|p1a: Samurott
|-damage|p1a: Samurott|66/100
|-unboost|p2a: Gholdengo|spa|1
|
|-heal|p1a: Samurott|72/100|[from] Grassy Terrain
|upkeep
|turn|4
|
|t:|1769307073
|switch|p2a: Hatterene|Hatterene, F|100/100
|-damage|p2a: Hatterene|88/100|[from] Stealth Rock
|move|p1a: Samurott|Flip Turn|p2a: Hatterene
|-damage|p2a: Hatterene|66/100
|-damage|p1a: Samurott|56/100|[from] item: Rocky Helmet|[of] p2a: Hatterene
|
|t:|1769307082
|switch|p1a: Glimmora|Glimmora, F|7/100|[from] Flip Turn
|
|-heal|p1a: Glimmora|13/100|[from] Grassy Terrain
|-heal|p2a: Hatterene|72/100|[from] Grassy Terrain
|upkeep
|turn|5
|
|t:|1769307092
|move|p1a: Glimmora|Earth Power|p2a: Hatterene
|-damage|p2a: Hatterene|41/100
|move|p2a: Hatterene|Draining Kiss|p1a: Glimmora
|-resisted|p1a: Glimmora
|-crit|p1a: Glimmora
|-damage|p1a: Glimmora|0 fnt
|-heal|p2a: Hatterene|50/100|[from] drain|[of] p1a: Glimmora
|faint|p1a: Glimmora
|
|-heal|p2a: Hatterene|56/100|[from] Grassy Terrain
|-fieldend|move: Grassy Terrain
|upkeep
|
|t:|1769307103
|switch|p1a: Gholdengo|Gholdengo|100/100
|-item|p1a: Gholdengo|Air Balloon
|turn|6
|
|t:|1769307108
|switch|p1a: Samurott|Samurott-Hisui, M|56/100
|switch|p2a: Cinderace|Cinderace, M|100/100
|
|upkeep
|turn|7
|
|t:|1769307114
|move|p1a: Samurott|Razor Shell|p2a: Cinderace
|-supereffective|p2a: Cinderace
|-damage|p2a: Cinderace|0 fnt
|faint|p2a: Cinderace
|
|upkeep
|
|t:|1769307118
|switch|p2a: Rillaboom|Rillaboom, M|100/100
|-damage|p2a: Rillaboom|88/100|[from] Stealth Rock
|-fieldstart|move: Grassy Terrain|[from] ability: Grassy Surge|[of] p2a: Rillaboom
|turn|8
|
|t:|1769307125
|switch|p1a: Kyurem|Kyurem|100/100
|-ability|p1a: Kyurem|Pressure
|move|p2a: Rillaboom|U-turn|p1a: Kyurem
|-damage|p1a: Kyurem|69/100
|
|t:|1769307137
|switch|p2a: Gholdengo|Gholdengo|100/100|[from] U-turn
|-damage|p2a: Gholdengo|94/100|[from] Stealth Rock
|
|-heal|p2a: Gholdengo|100/100|[from] Grassy Terrain
|-heal|p1a: Kyurem|75/100|[from] Grassy Terrain
|upkeep
|turn|9
|
|t:|1769307155
|move|p2a: Gholdengo|Dazzling Gleam|p1a: Kyurem
|-supereffective|p1a: Kyurem
|-damage|p1a: Kyurem|19/100
|move|p1a: Kyurem|Earth Power|p2a: Gholdengo
|-supereffective|p2a: Gholdengo
|-damage|p2a: Gholdengo|0 fnt
|faint|p2a: Gholdengo
|
|-heal|p1a: Kyurem|25/100|[from] Grassy Terrain
|upkeep
|
|t:|1769307162
|switch|p2a: Dragonite|Dragonite, M|100/100
|turn|10
|
|t:|1769307168
|switch|p1a: Gholdengo|Gholdengo|100/100
|-item|p1a: Gholdengo|Air Balloon
|move|p2a: Dragonite|Dragon Dance|p2a: Dragonite
|-boost|p2a: Dragonite|atk|1
|-boost|p2a: Dragonite|spe|1
|
|upkeep
|turn|11
|inactive|Bax's Love Sosa has 120 seconds left.
|
|t:|1769307204
|switch|p2a: Ting-Lu|Ting-Lu|100/100
|-damage|p2a: Ting-Lu|94/100|[from] Stealth Rock
|-ability|p2a: Ting-Lu|Vessel of Ruin
|move|p1a: Gholdengo|Shadow Ball|p2a: Ting-Lu
|-resisted|p2a: Ting-Lu
|-crit|p2a: Ting-Lu
|-damage|p2a: Ting-Lu|84/100
|-enditem|p2a: Ting-Lu|Red Card|[of] p1a: Gholdengo
|drag|p1a: Samurott|Samurott-Hisui, M|56/100
|
|-heal|p1a: Samurott|62/100|[from] Grassy Terrain
|-heal|p2a: Ting-Lu|90/100|[from] Grassy Terrain
|upkeep
|turn|12
|
|t:|1769307222
|move|p1a: Samurott|Razor Shell|p2a: Ting-Lu
|-supereffective|p2a: Ting-Lu
|-damage|p2a: Ting-Lu|37/100
|move|p2a: Ting-Lu|Stealth Rock|p1a: Samurott
|-sidestart|p1: shadowauraaa|move: Stealth Rock
|
|-heal|p1a: Samurott|68/100|[from] Grassy Terrain
|-heal|p2a: Ting-Lu|44/100|[from] Grassy Terrain
|-fieldend|move: Grassy Terrain
|upkeep
|turn|13
|
|t:|1769307228
|switch|p2a: Rillaboom|Rillaboom, M|88/100
|-damage|p2a: Rillaboom|76/100|[from] Stealth Rock
|-fieldstart|move: Grassy Terrain|[from] ability: Grassy Surge|[of] p2a: Rillaboom
|move|p1a: Samurott|Razor Shell|p2a: Rillaboom
|-resisted|p2a: Rillaboom
|-damage|p2a: Rillaboom|47/100
|
|-heal|p1a: Samurott|74/100|[from] Grassy Terrain
|-heal|p2a: Rillaboom|54/100|[from] Grassy Terrain
|upkeep
|turn|14
|
|t:|1769307250
|move|p1a: Samurott|Razor Shell|p2a: Rillaboom
|-resisted|p2a: Rillaboom
|-damage|p2a: Rillaboom|24/100
|move|p2a: Rillaboom|U-turn|p1a: Samurott
|-supereffective|p1a: Samurott
|-damage|p1a: Samurott|0 fnt
|faint|p1a: Samurott
|
|t:|1769307259
|switch|p2a: Dragonite|Dragonite, M|100/100|[from] U-turn
|
|upkeep
|
|t:|1769307264
|switch|p1a: Great Tusk|Great Tusk|100/100
|turn|15
|
|t:|1769307272
|switch|p2a: Hatterene|Hatterene, F|56/100
|-damage|p2a: Hatterene|44/100|[from] Stealth Rock
|move|p1a: Great Tusk|Rapid Spin|p2a: Hatterene
|-damage|p2a: Hatterene|29/100
|-boost|p1a: Great Tusk|spe|1
|-damage|p1a: Great Tusk|84/100|[from] item: Rocky Helmet|[of] p2a: Hatterene
|-sideend|p1: shadowauraaa|Stealth Rock|[from] move: Rapid Spin|[of] p1a: Great Tusk
|
|-heal|p1a: Great Tusk|90/100|[from] Grassy Terrain
|-heal|p2a: Hatterene|35/100|[from] Grassy Terrain
|upkeep
|turn|16
|
|t:|1769307285
|move|p1a: Great Tusk|Headlong Rush|p2a: Hatterene
|-damage|p2a: Hatterene|0 fnt
|-unboost|p1a: Great Tusk|def|1
|-unboost|p1a: Great Tusk|spd|1
|-damage|p1a: Great Tusk|74/100|[from] item: Rocky Helmet|[of] p2a: Hatterene
|faint|p2a: Hatterene
|
|-heal|p1a: Great Tusk|80/100|[from] Grassy Terrain
|upkeep
|
|t:|1769307290
|switch|p2a: Dragonite|Dragonite, M|100/100
|turn|17
|
|t:|1769307297
|-end|p1a: Great Tusk|Protosynthesis|[silent]
|switch|p1a: Gholdengo|Gholdengo|100/100
|-item|p1a: Gholdengo|Air Balloon
|move|p2a: Dragonite|Scale Shot|p1a: Gholdengo|[miss]
|-miss|p2a: Dragonite|p1a: Gholdengo
|
|-fieldend|move: Grassy Terrain
|upkeep
|turn|18
|
|t:|1769307321
|move|p2a: Dragonite|Dragon Dance|p2a: Dragonite
|-boost|p2a: Dragonite|atk|1
|-boost|p2a: Dragonite|spe|1
|move|p1a: Gholdengo|Nasty Plot|p1a: Gholdengo
|-boost|p1a: Gholdengo|spa|2
|
|upkeep
|turn|19
|
|t:|1769307338
|move|p2a: Dragonite|Dragon Dance|p2a: Dragonite
|-boost|p2a: Dragonite|atk|1
|-boost|p2a: Dragonite|spe|1
|move|p1a: Gholdengo|Shadow Ball|p2a: Dragonite
|-damage|p2a: Dragonite|63/100
|
|upkeep
|turn|20
|inactive|Bax's Love Sosa has 120 seconds left.
|
|t:|1769307368
|move|p2a: Dragonite|Fire Punch|p1a: Gholdengo
|-supereffective|p1a: Gholdengo
|-damage|p1a: Gholdengo|14/100
|-enditem|p1a: Gholdengo|Air Balloon
|move|p1a: Gholdengo|Make It Rain|p2a: Dragonite
|-damage|p2a: Dragonite|0 fnt
|-unboost|p1a: Gholdengo|spa|1
|faint|p2a: Dragonite
|
|upkeep
|
|t:|1769307378
|switch|p2a: Ting-Lu|Ting-Lu|44/100
|-damage|p2a: Ting-Lu|37/100|[from] Stealth Rock
|-ability|p2a: Ting-Lu|Vessel of Ruin
|turn|21
|
|t:|1769307383
|move|p1a: Gholdengo|Make It Rain|p2a: Ting-Lu
|-damage|p2a: Ting-Lu|6/100
|-unboost|p1a: Gholdengo|spa|1
|move|p2a: Ting-Lu|Earthquake|p1a: Gholdengo
|-supereffective|p1a: Gholdengo
|-damage|p1a: Gholdengo|0 fnt
|faint|p1a: Gholdengo
|
|upkeep
|
|t:|1769307391
|switch|p1a: Great Tusk|Great Tusk|80/100
|turn|22
|-message|Bax's Love Sosa forfeited.
|
|win|shadowauraaa
|raw|shadowauraaa's rating: 1418 &rarr; <strong>1440</strong><br />(+22 for winning)
|raw|Bax&apos;s Love Sosa's rating: 1448 &rarr; <strong>1426</strong><br />(-22 for losing)
|l|☆Bax's Love Sosa
|player|p2|
