|j|☆GabrielaVitoria016
|j|☆prof. jubokko
|t:|1769376698
|gametype|singles
|player|p1|GabrielaVitoria016|170|1106
|player|p2|prof. jubokko|cyrus|1137
|gen|9
|tier|[Gen 9] OU
|rated|
|rule|HP Percentage Mod: HP is shown in percentages
|rule|Endless Battle Clause: Forcing endless battles is banned
|rule|Species Clause: Limit one of each Pokémon
|rule|OHKO Clause: OHKO moves are banned
|rule|Evasion Items Clause: Evasion items are banned
|rule|Evasion Moves Clause: Evasion moves are banned
|rule|Evasion Abilities Clause: Evasion abilities are banned
|rule|Sleep Moves Clause: Sleep-inducing moves are banned
|clearpoke
|poke|p1|Kingambit, M|
|poke|p1|Great Tusk|
|poke|p1|Walking Wake|
|poke|p1|Garganacl, M|
|poke|p1|Iron Valiant|
|poke|p1|Slowking-Galar, F|
|poke|p2|Tyranitar, M|
|poke|p2|Pecharunt|
|poke|p2|Incineroar, F|
|poke|p2|Tropius, M|
|poke|p2|Gliscor, M|
|poke|p2|Corviknight, M|
|teampreview
|
|t:|1769376703
|teamsize|p1|6
|teamsize|p2|6
|start
|switch|p1a: Slowking|Slowking-Galar, F|100/100
|switch|p2a: Tyranitar|Tyranitar, M|100/100
|-weather|Sandstorm|[from] ability: Sand Stream|[of] p2a: Tyranitar
|turn|1
|
|t:|1769376711
|move|p2a: Tyranitar|Knock Off|p1a: Slowking
|-supereffective|p1a: Slowking
|-damage|p1a: Slowking|9/100
|-damage|p2a: Tyranitar|84/100|[from] item: Rocky Helmet|[of] p1a: Slowking
|-enditem|p1a: Slowking|Rocky Helmet|[from] move: Knock Off|[of] p2a: Tyranitar
|-prepare|p1a: Slowking|Chilly Reception|[premajor]
|move|p1a: Slowking|Chilly Reception|p1a: Slowking
|-weather|Snowscape
|
|t:|1769376718
|switch|p1a: Fang|Great Tusk, shiny|100/100|[from] Chilly Reception
|
|-weather|Snowscape|[upkeep]
|-heal|p2a: Tyranitar|90/100|[from] item: Leftovers
|upkeep
|turn|2
|
|t:|1769376729
|switch|p2a: Pecharunt|Pecharunt|100/100
|move|p1a: Fang|Earthquake|p2a: Pecharunt
|-supereffective|p2a: Pecharunt
|-damage|p2a: Pecharunt|50/100
|
|-weather|Snowscape|[upkeep]
|upkeep
|turn|3
|
|t:|1769376745
|-terastallize|p2a: Pecharunt|Grass
|move|p1a: Fang|Earthquake|p2a: Pecharunt
|-resisted|p2a: Pecharunt
|-damage|p2a: Pecharunt|39/100
|move|p2a: Pecharunt|Recover|p2a: Pecharunt
|-heal|p2a: Pecharunt|89/100
|
|-weather|Snowscape|[upkeep]
|upkeep
|turn|4
|
|t:|1769376754
|-end|p1a: Fang|Protosynthesis|[silent]
|switch|p1a: Slowking|Slowking-Galar, F|42/100
|move|p2a: Pecharunt|Parting Shot|p1a: Slowking
|-unboost|p1a: Slowking|atk|1
|-unboost|p1a: Slowking|spa|1
|
|t:|1769376760
|switch|p2a: Tyranitar|Tyranitar, M|90/100|[from] Parting Shot
|-weather|Sandstorm|[from] ability: Sand Stream|[of] p2a: Tyranitar
|
|-weather|Sandstorm|[upkeep]
|-damage|p1a: Slowking|36/100|[from] Sandstorm
|-heal|p2a: Tyranitar|96/100|[from] item: Leftovers
|upkeep
|turn|5
|
|t:|1769376764
|switch|p1a: Iron Valiant|Iron Valiant, shiny|100/100
|-enditem|p1a: Iron Valiant|Booster Energy
|-activate|p1a: Iron Valiant|ability: Quark Drive|[fromitem]
|-start|p1a: Iron Valiant|quarkdrivespe
|move|p2a: Tyranitar|Knock Off|p1a: Iron Valiant
|-resisted|p1a: Iron Valiant
|-damage|p1a: Iron Valiant|92/100
|
|-weather|Sandstorm|[upkeep]
|-damage|p1a: Iron Valiant|85/100|[from] Sandstorm
|-heal|p2a: Tyranitar|100/100|[from] item: Leftovers
|upkeep
|turn|6
|
|t:|1769376770
|switch|p2a: Tropius|Tropius, M|100/100
|move|p1a: Iron Valiant|Moonblast|p2a: Tropius
|-damage|p2a: Tropius|70/100
|
|-weather|Sandstorm|[upkeep]
|-damage|p1a: Iron Valiant|79/100|[from] Sandstorm
|-damage|p2a: Tropius|64/100|[from] Sandstorm
|upkeep
|turn|7
|
|t:|1769376775
|move|p1a: Iron Valiant|Thunderbolt|p2a: Tropius
|-damage|p2a: Tropius|44/100
|-enditem|p2a: Tropius|Sitrus Berry|[eat]
|-heal|p2a: Tropius|69/100|[from] item: Sitrus Berry
|move|p2a: Tropius|Leech Seed|p1a: Iron Valiant
|-start|p1a: Iron Valiant|move: Leech Seed
|
|-weather|Sandstorm|[upkeep]
|-damage|p1a: Iron Valiant|73/100|[from] Sandstorm
|-damage|p2a: Tropius|63/100|[from] Sandstorm
|-damage|p1a: Iron Valiant|60/100|[from] Leech Seed|[of] p2a: Tropius
|-heal|p2a: Tropius|72/100|[silent]
|-item|p2a: Tropius|Sitrus Berry|[from] ability: Harvest
|upkeep
|turn|8
|
|t:|1769376789
|-end|p1a: Iron Valiant|Quark Drive|[silent]
|switch|p1a: Slowking|Slowking-Galar, F|69/100
|move|p2a: Tropius|Substitute|p2a: Tropius
|-start|p2a: Tropius|Substitute
|-damage|p2a: Tropius|47/100
|-enditem|p2a: Tropius|Sitrus Berry|[eat]
|-heal|p2a: Tropius|72/100|[from] item: Sitrus Berry
|
|-weather|none
|-item|p2a: Tropius|Sitrus Berry|[from] ability: Harvest
|upkeep
|turn|9
|inactive|Battle timer is ON: inactive players will automatically lose when time's up. (requested by GabrielaVitoria016)
|
|t:|1769376800
|move|p2a: Tropius|Giga Drain|p1a: Slowking
|-resisted|p1a: Slowking
|-damage|p1a: Slowking|61/100
|-heal|p2a: Tropius|76/100|[from] drain|[of] p1a: Slowking
|move|p1a: Slowking|Sludge Wave|p2a: Tropius
|-supereffective|p2a: Tropius
|-end|p2a: Tropius|Substitute
|
|upkeep
|turn|10
|
|t:|1769376811
|move|p2a: Tropius|Protect|p2a: Tropius
|-singleturn|p2a: Tropius|Protect
|-prepare|p1a: Slowking|Chilly Reception|[premajor]
|move|p1a: Slowking|Chilly Reception|p1a: Slowking
|-weather|Snowscape
|
|t:|1769376817
|switch|p1a: Fang|Great Tusk, shiny|100/100|[from] Chilly Reception
|
|-weather|Snowscape|[upkeep]
|upkeep
|turn|11
|
|t:|1769376823
|switch|p2a: Pecharunt|Pecharunt, tera:Grass|89/100
|move|p1a: Fang|Ice Spinner|p2a: Pecharunt
|-supereffective|p2a: Pecharunt
|-damage|p2a: Pecharunt|64/100
|-damage|p1a: Fang|84/100|[from] item: Rocky Helmet|[of] p2a: Pecharunt
|
|-weather|Snowscape|[upkeep]
|upkeep
|turn|12
|
|t:|1769376833
|-end|p1a: Fang|Protosynthesis|[silent]
|switch|p1a: Slowking|Slowking-Galar, F|95/100
|move|p2a: Pecharunt|Shadow Ball|p1a: Slowking
|-supereffective|p1a: Slowking
|-damage|p1a: Slowking|58/100
|
|-weather|Snowscape|[upkeep]
|upkeep
|turn|13
|
|t:|1769376841
|switch|p2a: Corviknight|Corviknight, M|100/100
|move|p1a: Slowking|Psyshock|p2a: Corviknight
|-resisted|p2a: Corviknight
|-damage|p2a: Corviknight|88/100
|
|-weather|Snowscape|[upkeep]
|-heal|p2a: Corviknight|95/100|[from] item: Leftovers
|upkeep
|turn|14
|
|t:|1769376852
|move|p2a: Corviknight|Iron Head|p1a: Slowking
|-damage|p1a: Slowking|34/100
|move|p1a: Slowking|Psyshock|p2a: Corviknight
|-resisted|p2a: Corviknight
|-damage|p2a: Corviknight|83/100
|
|-weather|none
|-heal|p2a: Corviknight|89/100|[from] item: Leftovers
|upkeep
|turn|15
|
|t:|1769376863
|switch|p1a: Walking Wake|Walking Wake|100/100
|move|p2a: Corviknight|Iron Head|p1a: Walking Wake
|-resisted|p1a: Walking Wake
|-damage|p1a: Walking Wake|87/100
|
|-heal|p2a: Corviknight|95/100|[from] item: Leftovers
|upkeep
|turn|16
|
|t:|1769376872
|switch|p2a: Tyranitar|Tyranitar, M|100/100
|-weather|Sandstorm|[from] ability: Sand Stream|[of] p2a: Tyranitar
|move|p1a: Walking Wake|Sunny Day|p1a: Walking Wake
|-weather|SunnyDay
|-activate|p1a: Walking Wake|ability: Protosynthesis
|-start|p1a: Walking Wake|protosynthesisspa
|
|-weather|SunnyDay|[upkeep]
|upkeep
|turn|17
|
|t:|1769376883
|switch|p2a: Tropius|Tropius, M|76/100
|move|p1a: Walking Wake|Hydro Steam|p2a: Tropius
|-resisted|p2a: Tropius
|-damage|p2a: Tropius|44/100
|-enditem|p2a: Tropius|Sitrus Berry|[eat]
|-heal|p2a: Tropius|69/100|[from] item: Sitrus Berry
|-damage|p1a: Walking Wake|77/100|[from] item: Life Orb
|
|-weather|SunnyDay|[upkeep]
|-item|p2a: Tropius|Sitrus Berry|[from] ability: Harvest
|upkeep
|turn|18
|
|t:|1769376895
|switch|p2a: Tyranitar|Tyranitar, M|100/100
|-weather|Sandstorm|[from] ability: Sand Stream|[of] p2a: Tyranitar
|-end|p1a: Walking Wake|Protosynthesis
|move|p1a: Walking Wake|Flamethrower|p2a: Tyranitar
|-resisted|p2a: Tyranitar
|-damage|p2a: Tyranitar|92/100
|-damage|p1a: Walking Wake|68/100|[from] item: Life Orb
|
|-weather|Sandstorm|[upkeep]
|-damage|p1a: Walking Wake|62/100|[from] Sandstorm
|-heal|p2a: Tyranitar|98/100|[from] item: Leftovers
|upkeep
|turn|19
|
|t:|1769376907
|move|p1a: Walking Wake|Hydro Steam|p2a: Tyranitar
|-supereffective|p2a: Tyranitar
|-damage|p2a: Tyranitar|52/100
|-damage|p1a: Walking Wake|52/100|[from] item: Life Orb
|move|p2a: Tyranitar|Stealth Rock|p1a: Walking Wake
|-sidestart|p1: GabrielaVitoria016|move: Stealth Rock
|
|-weather|Sandstorm|[upkeep]
|-damage|p1a: Walking Wake|46/100|[from] Sandstorm
|-heal|p2a: Tyranitar|58/100|[from] item: Leftovers
|upkeep
|turn|20
|
|t:|1769376925
|move|p1a: Walking Wake|Sunny Day|p1a: Walking Wake
|-weather|SunnyDay
|-activate|p1a: Walking Wake|ability: Protosynthesis
|-start|p1a: Walking Wake|protosynthesisspa
|move|p2a: Tyranitar|Knock Off|p1a: Walking Wake
|-damage|p1a: Walking Wake|0 fnt
|-enditem|p1a: Walking Wake|Life Orb|[from] move: Knock Off|[of] p2a: Tyranitar
|faint|p1a: Walking Wake
|-end|p1a: Walking Wake|Protosynthesis|[silent]
|
|-weather|SunnyDay|[upkeep]
|-heal|p2a: Tyranitar|64/100|[from] item: Leftovers
|upkeep
|
|t:|1769376928
|switch|p1a: Fang|Great Tusk, shiny|84/100
|-damage|p1a: Fang|81/100|[from] Stealth Rock
|-activate|p1a: Fang|ability: Protosynthesis
|-start|p1a: Fang|protosynthesisatk
|turn|21
|
|t:|1769376945
|switch|p2a: Incineroar|Incineroar, F|100/100
|-ability|p2a: Incineroar|Intimidate|boost
|-unboost|p1a: Fang|atk|1
|-enditem|p1a: Fang|White Herb
|-clearnegativeboost|p1a: Fang|[silent]
|move|p1a: Fang|Earthquake|p2a: Incineroar
|-supereffective|p2a: Incineroar
|-damage|p2a: Incineroar|2/100
|
|-weather|SunnyDay|[upkeep]
|upkeep
|turn|22
|
|t:|1769376952
|move|p2a: Incineroar|Fake Out|p1a: Fang
|-damage|p1a: Fang|74/100
|cant|p1a: Fang|flinch
|
|-weather|SunnyDay|[upkeep]
|upkeep
|turn|23
|
|t:|1769376960
|switch|p2a: Pecharunt|Pecharunt, tera:Grass|64/100
|move|p1a: Fang|Rapid Spin|p2a: Pecharunt
|-damage|p2a: Pecharunt|53/100
|-boost|p1a: Fang|spe|1
|-damage|p1a: Fang|57/100|[from] item: Rocky Helmet|[of] p2a: Pecharunt
|-sideend|p1: GabrielaVitoria016|Stealth Rock|[from] move: Rapid Spin|[of] p1a: Fang
|
|-weather|SunnyDay|[upkeep]
|upkeep
|turn|24
|
|t:|1769376972
|move|p1a: Fang|Ice Spinner|p2a: Pecharunt
|-supereffective|p2a: Pecharunt
|-damage|p2a: Pecharunt|19/100
|-damage|p1a: Fang|41/100|[from] item: Rocky Helmet|[of] p2a: Pecharunt
|move|p2a: Pecharunt|Recover|p2a: Pecharunt
|-heal|p2a: Pecharunt|69/100
|
|-weather|none
|-end|p1a: Fang|Protosynthesis
|upkeep
|turn|25
|
|t:|1769376983
|-end|p1a: Fang|Protosynthesis|[silent]
|switch|p1a: Slowking|Slowking-Galar, F|67/100
|move|p2a: Pecharunt|Shadow Ball|p1a: Slowking
|-supereffective|p1a: Slowking
|-damage|p1a: Slowking|24/100
|
|upkeep
|turn|26
|
|t:|1769376990
|switch|p1a: Cloreto de Sódio|Garganacl, M, shiny|100/100
|move|p2a: Pecharunt|Shadow Ball|p1a: Cloreto de Sódio
|-damage|p1a: Cloreto de Sódio|92/100
|-unboost|p1a: Cloreto de Sódio|spd|1
|
|-heal|p1a: Cloreto de Sódio|98/100|[from] item: Leftovers
|upkeep
|turn|27
|
|t:|1769376999
|switch|p1a: Slowking|Slowking-Galar, F|57/100
|move|p2a: Pecharunt|Parting Shot|p1a: Slowking
|-unboost|p1a: Slowking|atk|1
|-unboost|p1a: Slowking|spa|1
|
|t:|1769377006
|switch|p2a: Tyranitar|Tyranitar, M|64/100|[from] Parting Shot
|-weather|Sandstorm|[from] ability: Sand Stream|[of] p2a: Tyranitar
|
|-weather|Sandstorm|[upkeep]
|-damage|p1a: Slowking|51/100|[from] Sandstorm
|-heal|p2a: Tyranitar|71/100|[from] item: Leftovers
|upkeep
|turn|28
|
|t:|1769377014
|move|p2a: Tyranitar|Stealth Rock|p1a: Slowking
|-sidestart|p1: GabrielaVitoria016|move: Stealth Rock
|-prepare|p1a: Slowking|Chilly Reception|[premajor]
|move|p1a: Slowking|Chilly Reception|p1a: Slowking
|-weather|Snowscape
|
|t:|1769377019
|switch|p1a: Fang|Great Tusk, shiny|41/100|[from] Chilly Reception
|-damage|p1a: Fang|38/100|[from] Stealth Rock
|
|-weather|Snowscape|[upkeep]
|-heal|p2a: Tyranitar|77/100|[from] item: Leftovers
|upkeep
|turn|29
|
|t:|1769377025
|switch|p2a: Pecharunt|Pecharunt, tera:Grass|69/100
|move|p1a: Fang|Close Combat|p2a: Pecharunt
|-damage|p2a: Pecharunt|41/100
|-unboost|p1a: Fang|def|1
|-unboost|p1a: Fang|spd|1
|-damage|p1a: Fang|21/100|[from] item: Rocky Helmet|[of] p2a: Pecharunt
|
|-weather|Snowscape|[upkeep]
|upkeep
|turn|30
|
|t:|1769377035
|-end|p1a: Fang|Protosynthesis|[silent]
|switch|p1a: Slowking|Slowking-Galar, F|84/100
|-damage|p1a: Slowking|72/100|[from] Stealth Rock
|move|p2a: Pecharunt|Shadow Ball|p1a: Slowking
|-supereffective|p1a: Slowking
|-damage|p1a: Slowking|34/100
|
|-weather|Snowscape|[upkeep]
|upkeep
|turn|31
|
|t:|1769377045
|move|p2a: Pecharunt|Shadow Ball|p1a: Slowking
|-supereffective|p1a: Slowking
|-damage|p1a: Slowking|0 fnt
|faint|p1a: Slowking
|
|-weather|Snowscape|[upkeep]
|upkeep
|
|t:|1769377053
|switch|p1a: THE GOAT|Kingambit, M, shiny|100/100
|-activate|p1a: THE GOAT|ability: Supreme Overlord
|-start|p1a: THE GOAT|fallen2|[silent]
|turn|32
|
|t:|1769377059
|move|p2a: Pecharunt|Recover|p2a: Pecharunt
|-heal|p2a: Pecharunt|91/100
|move|p1a: THE GOAT|Swords Dance|p1a: THE GOAT
|-boost|p1a: THE GOAT|atk|2
|
|-weather|none
|upkeep
|turn|33
|
|t:|1769377067
|move|p2a: Pecharunt|Parting Shot|p1a: THE GOAT
|-unboost|p1a: THE GOAT|atk|1
|-unboost|p1a: THE GOAT|spa|1
|
|t:|1769377071
|switch|p2a: Incineroar|Incineroar, F|2/100|[from] Parting Shot
|-ability|p2a: Incineroar|Intimidate|boost
|-unboost|p1a: THE GOAT|atk|1
|move|p1a: THE GOAT|Swords Dance|p1a: THE GOAT
|-boost|p1a: THE GOAT|atk|2
|
|upkeep
|turn|34
|
|t:|1769377077
|move|p2a: Incineroar|Fake Out|p1a: THE GOAT
|-resisted|p1a: THE GOAT
|-damage|p1a: THE GOAT|97/100
|cant|p1a: THE GOAT|flinch
|
|upkeep
|turn|35
|
|t:|1769377085
|move|p1a: THE GOAT|Sucker Punch||[still]
|-fail|p1a: THE GOAT
|move|p2a: Incineroar|Parting Shot|p1a: THE GOAT
|-unboost|p1a: THE GOAT|atk|1
|-unboost|p1a: THE GOAT|spa|1
|
|t:|1769377090
|switch|p2a: Pecharunt|Pecharunt, tera:Grass|91/100|[from] Parting Shot
|
|upkeep
|turn|36
|
|t:|1769377094
|move|p2a: Pecharunt|Shadow Ball|p1a: THE GOAT
|-resisted|p1a: THE GOAT
|-damage|p1a: THE GOAT|84/100
|move|p1a: THE GOAT|Swords Dance|p1a: THE GOAT
|-boost|p1a: THE GOAT|atk|2
|
|upkeep
|turn|37
|
|t:|1769377098
|move|p2a: Pecharunt|Parting Shot|p1a: THE GOAT
|-unboost|p1a: THE GOAT|atk|1
|-unboost|p1a: THE GOAT|spa|1
|
|t:|1769377105
|switch|p2a: Tropius|Tropius, M|69/100|[from] Parting Shot
|move|p1a: THE GOAT|Swords Dance|p1a: THE GOAT
|-boost|p1a: THE GOAT|atk|2
|
|upkeep
|turn|38
|
|t:|1769377109
|-terastallize|p1a: THE GOAT|Flying
|move|p2a: Tropius|Leech Seed|p1a: THE GOAT
|-start|p1a: THE GOAT|move: Leech Seed
|move|p1a: THE GOAT|Tera Blast|p2a: Tropius|[anim] Tera Blast Flying
|-supereffective|p2a: Tropius
|-damage|p2a: Tropius|0 fnt
|faint|p2a: Tropius
|
|upkeep
|
|t:|1769377117
|switch|p2a: Incineroar|Incineroar, F|2/100
|-ability|p2a: Incineroar|Intimidate|boost
|-unboost|p1a: THE GOAT|atk|1
|turn|39
|
|t:|1769377122
|move|p2a: Incineroar|Fake Out|p1a: THE GOAT
|-damage|p1a: THE GOAT|76/100
|cant|p1a: THE GOAT|flinch
|
|-damage|p1a: THE GOAT|63/100|[from] Leech Seed|[of] p2a: Incineroar
|-heal|p2a: Incineroar|14/100|[silent]
|upkeep
|turn|40
|
|t:|1769377130
|move|p2a: Incineroar|Parting Shot|p1a: THE GOAT
|-unboost|p1a: THE GOAT|atk|1
|-unboost|p1a: THE GOAT|spa|1
|
|t:|1769377133
|switch|p2a: Gliscor|Gliscor, M|100/100|[from] Parting Shot
|move|p1a: THE GOAT|Tera Blast|p2a: Gliscor|[anim] Tera Blast Flying
|-damage|p2a: Gliscor|30/100
|
|-damage|p1a: THE GOAT|51/100|[from] Leech Seed|[of] p2a: Gliscor
|-heal|p2a: Gliscor|44/100|[silent]
|-status|p2a: Gliscor|tox|[from] item: Toxic Orb
|upkeep
|turn|41
|
|t:|1769377141
|move|p2a: Gliscor|Protect|p2a: Gliscor
|-singleturn|p2a: Gliscor|Protect
|move|p1a: THE GOAT|Tera Blast|p2a: Gliscor|[anim] Tera Blast Flying
|-activate|p2a: Gliscor|move: Protect
|
|-damage|p1a: THE GOAT|39/100|[from] Leech Seed|[of] p2a: Gliscor
|-heal|p2a: Gliscor|58/100 tox|[silent]
|-heal|p2a: Gliscor|71/100 tox|[from] ability: Poison Heal
|upkeep
|turn|42
|
|t:|1769377151
|switch|p2a: Incineroar|Incineroar, F|14/100
|-ability|p2a: Incineroar|Intimidate|boost
|-unboost|p1a: THE GOAT|atk|1
|move|p1a: THE GOAT|Tera Blast|p2a: Incineroar|[anim] Tera Blast Flying
|-damage|p2a: Incineroar|0 fnt
|faint|p2a: Incineroar
|
|upkeep
|
|t:|1769377159
|switch|p2a: Gliscor|Gliscor, M|71/100 tox
|turn|43
|
|t:|1769377165
|-end|p1a: THE GOAT|fallen2|[silent]
|switch|p1a: Cloreto de Sódio|Garganacl, M, shiny|98/100
|-damage|p1a: Cloreto de Sódio|85/100|[from] Stealth Rock
|move|p2a: Gliscor|Crabhammer|p1a: Cloreto de Sódio
|-supereffective|p1a: Cloreto de Sódio
|-damage|p1a: Cloreto de Sódio|54/100
|
|-heal|p1a: Cloreto de Sódio|60/100|[from] item: Leftovers
|-heal|p2a: Gliscor|83/100 tox|[from] ability: Poison Heal
|upkeep
|turn|44
|
|t:|1769377176
|move|p1a: Cloreto de Sódio|Protect|p1a: Cloreto de Sódio
|-singleturn|p1a: Cloreto de Sódio|Protect
|move|p2a: Gliscor|Earthquake|p1a: Cloreto de Sódio
|-activate|p1a: Cloreto de Sódio|move: Protect
|
|-heal|p1a: Cloreto de Sódio|67/100|[from] item: Leftovers
|-heal|p2a: Gliscor|96/100 tox|[from] ability: Poison Heal
|upkeep
|turn|45
|
|t:|1769377180
|move|p2a: Gliscor|Swords Dance|p2a: Gliscor
|-boost|p2a: Gliscor|atk|2
|move|p1a: Cloreto de Sódio|Salt Cure|p2a: Gliscor
|-damage|p2a: Gliscor|87/100 tox
|-start|p2a: Gliscor|Salt Cure
|
|-heal|p1a: Cloreto de Sódio|73/100|[from] item: Leftovers
|-heal|p2a: Gliscor|99/100 tox|[from] ability: Poison Heal
|-damage|p2a: Gliscor|87/100 tox|[from] Salt Cure
|upkeep
|turn|46
|
|t:|1769377183
|move|p2a: Gliscor|Earthquake|p1a: Cloreto de Sódio
|-supereffective|p1a: Cloreto de Sódio
|-damage|p1a: Cloreto de Sódio|0 fnt
|faint|p1a: Cloreto de Sódio
|
|-heal|p2a: Gliscor|99/100 tox|[from] ability: Poison Heal
|-damage|p2a: Gliscor|87/100 tox|[from] Salt Cure
|upkeep
|
|t:|1769377187
|switch|p1a: Iron Valiant|Iron Valiant, shiny|60/100
|-damage|p1a: Iron Valiant|54/100|[from] Stealth Rock
|turn|47
|
|t:|1769377194
|switch|p2a: Corviknight|Corviknight, M|95/100
|move|p1a: Iron Valiant|Moonblast|p2a: Corviknight
|-resisted|p2a: Corviknight
|-crit|p2a: Corviknight
|-damage|p2a: Corviknight|60/100
|
|-heal|p2a: Corviknight|66/100|[from] item: Leftovers
|upkeep
|turn|48
|
|t:|1769377202
|move|p1a: Iron Valiant|Thunderbolt|p2a: Corviknight
|-supereffective|p2a: Corviknight
|-damage|p2a: Corviknight|9/100
|move|p2a: Corviknight|Iron Head|p1a: Iron Valiant
|-supereffective|p1a: Iron Valiant
|-damage|p1a: Iron Valiant|0 fnt
|faint|p1a: Iron Valiant
|-end|p1a: Iron Valiant|Quark Drive|[silent]
|
|-heal|p2a: Corviknight|15/100|[from] item: Leftovers
|upkeep
|
|t:|1769377205
|switch|p1a: Fang|Great Tusk, shiny|21/100
|-damage|p1a: Fang|18/100|[from] Stealth Rock
|turn|49
|
|t:|1769377222
|move|p1a: Fang|Close Combat|p2a: Corviknight
|-damage|p2a: Corviknight|0 fnt
|-unboost|p1a: Fang|def|1
|-unboost|p1a: Fang|spd|1
|faint|p2a: Corviknight
|
|upkeep
|
|t:|1769377245
|switch|p2a: Gliscor|Gliscor, M|87/100 tox
|turn|50
|
|t:|1769377249
|switch|p2a: Pecharunt|Pecharunt, tera:Grass|91/100
|move|p1a: Fang|Ice Spinner|p2a: Pecharunt
|-supereffective|p2a: Pecharunt
|-damage|p2a: Pecharunt|62/100
|-damage|p1a: Fang|2/100|[from] item: Rocky Helmet|[of] p2a: Pecharunt
|
|upkeep
|turn|51
|
|t:|1769377261
|-end|p1a: Fang|Protosynthesis|[silent]
|switch|p1a: THE GOAT|Kingambit, M, shiny, tera:Flying|39/100
|-activate|p1a: THE GOAT|ability: Supreme Overlord
|-start|p1a: THE GOAT|fallen4|[silent]
|move|p2a: Pecharunt|Shadow Ball|p1a: THE GOAT
|-damage|p1a: THE GOAT|13/100
|
|upkeep
|turn|52
|
|t:|1769377274
|move|p1a: THE GOAT|Sucker Punch||[still]
|-fail|p1a: THE GOAT
|move|p2a: Pecharunt|Parting Shot|p1a: THE GOAT
|-unboost|p1a: THE GOAT|atk|1
|-unboost|p1a: THE GOAT|spa|1
|
|t:|1769377279
|switch|p2a: Tyranitar|Tyranitar, M|77/100|[from] Parting Shot
|-weather|Sandstorm|[from] ability: Sand Stream|[of] p2a: Tyranitar
|
|-weather|Sandstorm|[upkeep]
|-damage|p1a: THE GOAT|7/100|[from] Sandstorm
|-heal|p2a: Tyranitar|83/100|[from] item: Leftovers
|upkeep
|turn|53
|
|t:|1769377292
|switch|p2a: Gliscor|Gliscor, M|87/100 tox
|-end|p1a: THE GOAT|fallen4|[silent]
|switch|p1a: Fang|Great Tusk, shiny|2/100
|-damage|p1a: Fang|0 fnt|[from] Stealth Rock
|faint|p1a: Fang
|-end|p1a: Fang|Protosynthesis|[silent]
|
|-weather|Sandstorm|[upkeep]
|-heal|p2a: Gliscor|99/100 tox|[from] ability: Poison Heal
|upkeep
|
|t:|1769377294
|switch|p1a: THE GOAT|Kingambit, M, shiny, tera:Flying|7/100
|-activate|p1a: THE GOAT|ability: Supreme Overlord
|-start|p1a: THE GOAT|fallen5|[silent]
|turn|54
|
|t:|1769377307
|move|p2a: Gliscor|Crabhammer|p1a: THE GOAT
|-crit|p1a: THE GOAT
|-damage|p1a: THE GOAT|0 fnt
|faint|p1a: THE GOAT
|-end|p1a: THE GOAT|fallen5|[silent]
|
|win|prof. jubokko
|raw|GabrielaVitoria016's rating: 1106 &rarr; <strong>1083</strong><br />(-23 for losing)
|raw|prof. jubokko's rating: 1137 &rarr; <strong>1160</strong><br />(+23 for winning)
|l|☆GabrielaVitoria016
|player|p1|
