|j|☆ykykp
|j|☆squashua333
|t:|1769347580
|gametype|singles
|player|p1|ykykp|169|1525
|player|p2|squashua333|striker|1484
|gen|9
|tier|[Gen 9] OU
|rated|
|rule|HP Percentage Mod: HP is shown in percentages
|rule|Endless Battle Clause: Forcing endless battles is banned
|rule|Species Clause: Limit one of each Pokémon
|rule|OHKO Clause: OHKO moves are banned
|rule|Evasion Items Clause: Evasion items are banned
|rule|Evasion Moves Clause: Evasion moves are banned
|rule|Evasion Abilities Clause: Evasion abilities are banned
|rule|Sleep Moves Clause: Sleep-inducing moves are banned
|clearpoke
|poke|p1|Torkoal, F|
|poke|p1|Scovillain, M|
|poke|p1|Walking Wake|
|poke|p1|Hatterene, F|
|poke|p1|Great Tusk|
|poke|p1|Ceruledge, F|
|poke|p2|Iron Hands|
|poke|p2|Glimmora, M|
|poke|p2|Landorus-Therian, M|
|poke|p2|Dragapult, M|
|poke|p2|Primarina, M|
|poke|p2|Kingambit, F|
|teampreview
|inactive|Battle timer is ON: inactive players will automatically lose when time's up. (requested by ykykp)
|
|t:|1769347604
|teamsize|p1|6
|teamsize|p2|6
|start
|switch|p1a: Walking Wake|Walking Wake|100/100
|switch|p2a: Landorus|Landorus-Therian, M|100/100
|-ability|p2a: Landorus|Intimidate|boost
|-unboost|p1a: Walking Wake|atk|1
|turn|1
|
|t:|1769347630
|switch|p2a: Primarina|Primarina, M|100/100
|move|p1a: Walking Wake|Hydro Steam|p2a: Primarina
|-resisted|p2a: Primarina
|-damage|p2a: Primarina|81/100
|
|upkeep
|turn|2
|
|t:|1769347639
|-end|p1a: Walking Wake|Protosynthesis|[silent]
|switch|p1a: Torkoal|Torkoal, F|100/100
|-weather|SunnyDay|[from] ability: Drought|[of] p1a: Torkoal
|move|p2a: Primarina|Flip Turn|p1a: Torkoal
|-supereffective|p1a: Torkoal
|-damage|p1a: Torkoal|87/100
|
|t:|1769347667
|switch|p2a: Glimmora|Glimmora, M|100/100|[from] Flip Turn
|
|-weather|SunnyDay|[upkeep]
|upkeep
|turn|3
|
|t:|1769347674
|switch|p1a: Hatterene|Hatterene, F, shiny|100/100
|move|p2a: Glimmora|Earth Power|p1a: Hatterene
|-damage|p1a: Hatterene|71/100
|-enditem|p1a: Hatterene|Eject Button
|
|t:|1769347680
|switch|p1a: Walking Wake|Walking Wake|100/100
|-activate|p1a: Walking Wake|ability: Protosynthesis
|-start|p1a: Walking Wake|protosynthesisspa
|
|-weather|SunnyDay|[upkeep]
|upkeep
|turn|4
|
|t:|1769347690
|switch|p2a: Primarina|Primarina, M|81/100
|-terastallize|p1a: Walking Wake|Water
|move|p1a: Walking Wake|Hydro Steam|p2a: Primarina
|-resisted|p2a: Primarina
|-damage|p2a: Primarina|36/100
|
|-weather|SunnyDay|[upkeep]
|upkeep
|turn|5
|
|t:|1769347717
|move|p1a: Walking Wake|Hydro Steam|p2a: Primarina
|-resisted|p2a: Primarina
|-damage|p2a: Primarina|0 fnt
|faint|p2a: Primarina
|
|-weather|SunnyDay|[upkeep]
|upkeep
|
|t:|1769347719
|switch|p2a: Dragapult|Dragapult, M|100/100
|turn|6
|
|t:|1769347734
|-terastallize|p2a: Dragapult|Ghost
|move|p2a: Dragapult|Tera Blast|p1a: Walking Wake|[anim] Tera Blast Ghost
|-damage|p1a: Walking Wake|16/100
|move|p1a: Walking Wake|Hydro Steam|p2a: Dragapult
|-damage|p2a: Dragapult|0 fnt
|faint|p2a: Dragapult
|
|-weather|SunnyDay|[upkeep]
|upkeep
|
|t:|1769347745
|switch|p2a: Glimmora|Glimmora, M|100/100
|turn|7
|
|t:|1769347748
|move|p2a: Glimmora|Sludge Wave|p1a: Walking Wake
|-damage|p1a: Walking Wake|0 fnt
|faint|p1a: Walking Wake
|-end|p1a: Walking Wake|Protosynthesis|[silent]
|
|-weather|SunnyDay|[upkeep]
|upkeep
|
|t:|1769347762
|switch|p1a: Don|Great Tusk, shiny|100/100
|-activate|p1a: Don|ability: Protosynthesis
|-start|p1a: Don|protosynthesisatk
|turn|8
|
|t:|1769347770
|switch|p2a: Landorus|Landorus-Therian, M|100/100
|-ability|p2a: Landorus|Intimidate|boost
|-unboost|p1a: Don|atk|1
|move|p1a: Don|Headlong Rush|p2a: Landorus
|-immune|p2a: Landorus
|
|-weather|SunnyDay|[upkeep]
|upkeep
|turn|9
|
|t:|1769347780
|move|p2a: Landorus|Stealth Rock|p1a: Don
|-sidestart|p1: ykykp|move: Stealth Rock
|move|p1a: Don|Ice Spinner|p2a: Landorus
|-supereffective|p2a: Landorus
|-damage|p2a: Landorus|15/100
|-damage|p1a: Don|84/100|[from] item: Rocky Helmet|[of] p2a: Landorus
|
|-weather|none
|-end|p1a: Don|Protosynthesis
|upkeep
|turn|10
|
|t:|1769347789
|move|p2a: Landorus|Earth Power|p1a: Don
|-damage|p1a: Don|51/100
|-unboost|p1a: Don|spd|1
|move|p1a: Don|Rapid Spin|p2a: Landorus
|-damage|p2a: Landorus|5/100
|-boost|p1a: Don|spe|1
|-damage|p1a: Don|35/100|[from] item: Rocky Helmet|[of] p2a: Landorus
|-sideend|p1: ykykp|Stealth Rock|[from] move: Rapid Spin|[of] p1a: Don
|
|upkeep
|turn|11
|
|t:|1769347801
|switch|p2a: Glimmora|Glimmora, M|100/100
|move|p1a: Don|Rapid Spin|p2a: Glimmora
|-resisted|p2a: Glimmora
|-damage|p2a: Glimmora|94/100
|-boost|p1a: Don|spe|1
|-activate|p2a: Glimmora|ability: Toxic Debris
|-sidestart|p1: ykykp|move: Toxic Spikes
|-sideend|p1: ykykp|Toxic Spikes|[from] move: Rapid Spin|[of] p1a: Don
|
|upkeep
|turn|12
|
|t:|1769347812
|switch|p2a: Landorus|Landorus-Therian, M|5/100
|-ability|p2a: Landorus|Intimidate|boost
|-unboost|p1a: Don|atk|1
|move|p1a: Don|Headlong Rush|p2a: Landorus
|-immune|p2a: Landorus
|
|upkeep
|turn|13
|inactive|squashua333 has 120 seconds left.
|inactive|squashua333 has 90 seconds left.
|
|t:|1769347877
|switch|p2a: Glimmora|Glimmora, M|94/100
|move|p1a: Don|Rapid Spin|p2a: Glimmora
|-resisted|p2a: Glimmora
|-damage|p2a: Glimmora|88/100
|-boost|p1a: Don|spe|1
|-activate|p2a: Glimmora|ability: Toxic Debris
|-sidestart|p1: ykykp|move: Toxic Spikes
|-sideend|p1: ykykp|Toxic Spikes|[from] move: Rapid Spin|[of] p1a: Don
|
|upkeep
|turn|14
|inactive|squashua333 has 90 seconds left.
|inactive|squashua333 has 60 seconds left.
|
|t:|1769347935
|-end|p1a: Don|Protosynthesis|[silent]
|switch|p1a: Torkoal|Torkoal, F|87/100
|-weather|SunnyDay|[from] ability: Drought|[of] p1a: Torkoal
|switch|p2a: Landorus|Landorus-Therian, M|5/100
|-ability|p2a: Landorus|Intimidate|boost
|-unboost|p1a: Torkoal|atk|1
|
|-weather|SunnyDay|[upkeep]
|upkeep
|turn|15
|
|t:|1769347941
|switch|p1a: Hatterene|Hatterene, F, shiny|71/100
|move|p2a: Landorus|Stealth Rock|p1a: Hatterene
|move|p1a: Hatterene|Stealth Rock|p2a: Landorus|[from] ability: Magic Bounce
|-sidestart|p2: squashua333|move: Stealth Rock
|
|-weather|SunnyDay|[upkeep]
|upkeep
|turn|16
|
|t:|1769347950
|move|p2a: Landorus|Earth Power|p1a: Hatterene
|-damage|p1a: Hatterene|40/100
|move|p1a: Hatterene|Healing Wish|p1a: Hatterene
|faint|p1a: Hatterene
|
|-weather|SunnyDay|[upkeep]
|upkeep
|
|t:|1769347953
|switch|p1a: Scovillain|Scovillain, M|100/100
|turn|17
|inactive|squashua333 has 60 seconds left.
|
|t:|1769347963
|move|p1a: Scovillain|Flamethrower|p2a: Landorus
|-damage|p2a: Landorus|0 fnt
|faint|p2a: Landorus
|-damage|p1a: Scovillain|91/100|[from] item: Life Orb
|
|-weather|SunnyDay|[upkeep]
|upkeep
|inactive|squashua333 has 60 seconds left.
|
|t:|1769347986
|switch|p2a: Kingambit|Kingambit, F|100/100
|-damage|p2a: Kingambit|94/100|[from] Stealth Rock
|-activate|p2a: Kingambit|ability: Supreme Overlord
|-start|p2a: Kingambit|fallen3|[silent]
|turn|18
|
|t:|1769348002
|move|p2a: Kingambit|Sucker Punch|p1a: Scovillain
|-damage|p1a: Scovillain|0 fnt
|faint|p1a: Scovillain
|
|-weather|SunnyDay|[upkeep]
|-heal|p2a: Kingambit|100/100|[from] item: Leftovers
|upkeep
|
|t:|1769348004
|switch|p1a: Don|Great Tusk, shiny|35/100
|-heal|p1a: Don|100/100|[from] move: Healing Wish
|-activate|p1a: Don|ability: Protosynthesis
|-start|p1a: Don|protosynthesisatk
|turn|19
|inactive|squashua333 has 60 seconds left.
|inactive|squashua333 has 30 seconds left.
|
|t:|1769348048
|-end|p2a: Kingambit|fallen3|[silent]
|switch|p2a: Glimmora|Glimmora, M|88/100
|-damage|p2a: Glimmora|76/100|[from] Stealth Rock
|move|p1a: Don|Headlong Rush|p2a: Glimmora
|-supereffective|p2a: Glimmora
|-damage|p2a: Glimmora|0 fnt
|-unboost|p1a: Don|def|1
|-unboost|p1a: Don|spd|1
|-activate|p2a: Glimmora|ability: Toxic Debris
|-sidestart|p1: ykykp|move: Toxic Spikes
|faint|p2a: Glimmora
|
|-weather|SunnyDay|[upkeep]
|upkeep
|inactive|squashua333 has 30 seconds left.
|inactive|squashua333 has 20 seconds left.
|
|t:|1769348065
|switch|p2a: Kingambit|Kingambit, F|100/100
|-damage|p2a: Kingambit|94/100|[from] Stealth Rock
|-activate|p2a: Kingambit|ability: Supreme Overlord
|-start|p2a: Kingambit|fallen4|[silent]
|turn|20
|inactive|squashua333 has 30 seconds left this turn.
|
|t:|1769348071
|-end|p2a: Kingambit|fallen4|[silent]
|switch|p2a: Iron Hands|Iron Hands|100/100
|-damage|p2a: Iron Hands|94/100|[from] Stealth Rock
|-enditem|p2a: Iron Hands|Booster Energy
|-activate|p2a: Iron Hands|ability: Quark Drive|[fromitem]
|-start|p2a: Iron Hands|quarkdriveatk
|move|p1a: Don|Headlong Rush|p2a: Iron Hands
|-supereffective|p2a: Iron Hands
|-damage|p2a: Iron Hands|0 fnt
|-unboost|p1a: Don|def|1
|-unboost|p1a: Don|spd|1
|faint|p2a: Iron Hands
|-end|p2a: Iron Hands|Quark Drive|[silent]
|
|-weather|SunnyDay|[upkeep]
|upkeep
|inactive|squashua333 has 30 seconds left this turn.
|
|t:|1769348074
|switch|p2a: Kingambit|Kingambit, F|94/100
|-damage|p2a: Kingambit|88/100|[from] Stealth Rock
|-activate|p2a: Kingambit|ability: Supreme Overlord
|-start|p2a: Kingambit|fallen5|[silent]
|turn|21
|
|t:|1769348076
|move|p2a: Kingambit|Sucker Punch|p1a: Don
|-resisted|p1a: Don
|-damage|p1a: Don|53/100
|move|p1a: Don|Headlong Rush|p2a: Kingambit
|-supereffective|p2a: Kingambit
|-damage|p2a: Kingambit|0 fnt
|-unboost|p1a: Don|def|1
|-unboost|p1a: Don|spd|1
|faint|p2a: Kingambit
|-end|p2a: Kingambit|fallen5|[silent]
|
|win|ykykp
|raw|ykykp's rating: 1525 &rarr; <strong>1543</strong><br />(+18 for winning)
|raw|squashua333's rating: 1484 &rarr; <strong>1466</strong><br />(-18 for losing)
|l|☆squashua333
|player|p2|
|l|☆ykykp
|player|p1|
