|j|☆hina235
|j|☆Phillip Blevin
|t:|1769414234
|gametype|singles
|player|p1|hina235|lady-gen4|1352
|player|p2|Phillip Blevin|265|1421
|gen|9
|tier|[Gen 9] OU
|rated|
|rule|HP Percentage Mod: HP is shown in percentages
|rule|Endless Battle Clause: Forcing endless battles is banned
|rule|Species Clause: Limit one of each Pokémon
|rule|OHKO Clause: OHKO moves are banned
|rule|Evasion Items Clause: Evasion items are banned
|rule|Evasion Moves Clause: Evasion moves are banned
|rule|Evasion Abilities Clause: Evasion abilities are banned
|rule|Sleep Moves Clause: Sleep-inducing moves are banned
|clearpoke
|poke|p1|Sandy Shocks|
|poke|p1|Scizor, M|
|poke|p1|Manaphy|
|poke|p1|Latios, M|
|poke|p1|Ogerpon, F|
|poke|p1|Iron Jugulis|
|poke|p2|Iron Hands|
|poke|p2|Mandibuzz, F|
|poke|p2|Garganacl, M|
|poke|p2|Landorus-Therian, M|
|poke|p2|Alomomola, M|
|poke|p2|Dragapult, F|
|teampreview
|inactive|Battle timer is ON: inactive players will automatically lose when time's up. (requested by Phillip Blevin)
|inactive|hina235 also wants the timer to be on.
|l|☆hina235
|inactive|hina235 disconnected and has a minute to reconnect!
|player|p1|
|j|☆hina235
|inactive|hina235 reconnected and has 130 seconds left.
|player|p1|hina235|lady-gen4|
|
|t:|1769414256
|teamsize|p1|6
|teamsize|p2|6
|start
|switch|p1a: Iron Jugulis|Iron Jugulis|100/100
|switch|p2a: Landorus|Landorus-Therian, M|100/100
|-ability|p2a: Landorus|Intimidate|boost
|-unboost|p1a: Iron Jugulis|atk|1
|-enditem|p1a: Iron Jugulis|Booster Energy
|-activate|p1a: Iron Jugulis|ability: Quark Drive|[fromitem]
|-start|p1a: Iron Jugulis|quarkdrivespe
|turn|1
|
|t:|1769414263
|move|p1a: Iron Jugulis|Taunt|p2a: Landorus
|-start|p2a: Landorus|move: Taunt
|move|p2a: Landorus|U-turn|p1a: Iron Jugulis
|-damage|p1a: Iron Jugulis|71/100
|
|t:|1769414268
|switch|p2a: Iron Hands|Iron Hands|100/100|[from] U-turn
|
|upkeep
|turn|2
|
|t:|1769414273
|move|p1a: Iron Jugulis|Hurricane|p2a: Iron Hands|[miss]
|-miss|p1a: Iron Jugulis|p2a: Iron Hands
|move|p2a: Iron Hands|Drain Punch|p1a: Iron Jugulis
|-damage|p1a: Iron Jugulis|22/100
|
|upkeep
|turn|3
|
|t:|1769414279
|move|p1a: Iron Jugulis|Hurricane|p2a: Iron Hands
|-damage|p2a: Iron Hands|68/100
|-start|p2a: Iron Hands|confusion
|-activate|p2a: Iron Hands|confusion
|-damage|p2a: Iron Hands|56/100|[from] confusion
|
|upkeep
|turn|4
|
|t:|1769414286
|-end|p2a: Iron Hands|Quark Drive|[silent]
|switch|p2a: Mandibuzz|Mandibuzz, F|100/100
|move|p1a: Iron Jugulis|Earth Power|p2a: Mandibuzz
|-immune|p2a: Mandibuzz
|
|upkeep
|turn|5
|
|t:|1769414292
|move|p1a: Iron Jugulis|Hurricane|p2a: Mandibuzz|[miss]
|-miss|p1a: Iron Jugulis|p2a: Mandibuzz
|move|p2a: Mandibuzz|Foul Play|p1a: Iron Jugulis
|-resisted|p1a: Iron Jugulis
|-damage|p1a: Iron Jugulis|13/100
|
|upkeep
|turn|6
|
|t:|1769414298
|move|p1a: Iron Jugulis|Hurricane|p2a: Mandibuzz|[miss]
|-miss|p1a: Iron Jugulis|p2a: Mandibuzz
|move|p2a: Mandibuzz|Foul Play|p1a: Iron Jugulis
|-resisted|p1a: Iron Jugulis
|-damage|p1a: Iron Jugulis|6/100
|
|upkeep
|turn|7
|
|t:|1769414301
|move|p1a: Iron Jugulis|Hurricane|p2a: Mandibuzz
|-damage|p2a: Mandibuzz|56/100
|move|p2a: Mandibuzz|Foul Play|p1a: Iron Jugulis
|-resisted|p1a: Iron Jugulis
|-damage|p1a: Iron Jugulis|0 fnt
|faint|p1a: Iron Jugulis
|-end|p1a: Iron Jugulis|Quark Drive|[silent]
|
|upkeep
|
|t:|1769414310
|switch|p1a: Latios|Latios, M|100/100
|turn|8
|
|t:|1769414314
|move|p1a: Latios|Agility|p1a: Latios
|-boost|p1a: Latios|spe|2
|move|p2a: Mandibuzz|Whirlwind|p1a: Latios
|drag|p1a: Sandy Shocks|Sandy Shocks|100/100
|-enditem|p1a: Sandy Shocks|Booster Energy
|-activate|p1a: Sandy Shocks|ability: Protosynthesis|[fromitem]
|-start|p1a: Sandy Shocks|protosynthesisspe
|
|upkeep
|turn|9
|
|t:|1769414323
|switch|p2a: Landorus|Landorus-Therian, M|100/100
|-ability|p2a: Landorus|Intimidate|boost
|-unboost|p1a: Sandy Shocks|atk|1
|move|p1a: Sandy Shocks|Stealth Rock|p2a: Landorus
|-sidestart|p2: Phillip Blevin|move: Stealth Rock
|
|upkeep
|turn|10
|
|t:|1769414326
|move|p1a: Sandy Shocks|Spikes|p2a: Landorus
|-sidestart|p2: Phillip Blevin|Spikes
|move|p2a: Landorus|Earthquake|p1a: Sandy Shocks
|-supereffective|p1a: Sandy Shocks
|-damage|p1a: Sandy Shocks|0 fnt
|faint|p1a: Sandy Shocks
|-end|p1a: Sandy Shocks|Protosynthesis|[silent]
|
|upkeep
|
|t:|1769414332
|switch|p1a: Manaphy|Manaphy|100/100
|turn|11
|
|t:|1769414335
|move|p2a: Landorus|Earthquake|p1a: Manaphy
|-damage|p1a: Manaphy|47/100
|-enditem|p1a: Manaphy|Sitrus Berry|[eat]
|-heal|p1a: Manaphy|72/100|[from] item: Sitrus Berry
|move|p1a: Manaphy|Ice Beam|p2a: Landorus
|-supereffective|p2a: Landorus
|-damage|p2a: Landorus|0 fnt
|faint|p2a: Landorus
|
|upkeep
|
|t:|1769414344
|switch|p2a: Iron Hands|Iron Hands|56/100
|-damage|p2a: Iron Hands|49/100|[from] Stealth Rock
|-damage|p2a: Iron Hands|37/100|[from] Spikes
|turn|12
|
|t:|1769414353
|switch|p1a: Ogerpon|Ogerpon, F|100/100
|move|p2a: Iron Hands|Supercell Slam|p1a: Ogerpon
|-resisted|p1a: Ogerpon
|-damage|p1a: Ogerpon|63/100
|
|upkeep
|turn|13
|
|t:|1769414358
|move|p1a: Ogerpon|Swords Dance|p1a: Ogerpon
|-boost|p1a: Ogerpon|atk|2
|move|p2a: Iron Hands|Drain Punch|p1a: Ogerpon
|-damage|p1a: Ogerpon|0 fnt
|-heal|p2a: Iron Hands|58/100|[from] drain|[of] p1a: Ogerpon
|faint|p1a: Ogerpon
|
|upkeep
|
|t:|1769414364
|switch|p1a: Latios|Latios, M|100/100
|turn|14
|
|t:|1769414367
|-end|p2a: Iron Hands|Quark Drive|[silent]
|switch|p2a: Mandibuzz|Mandibuzz, F|56/100
|move|p1a: Latios|Agility|p1a: Latios
|-boost|p1a: Latios|spe|2
|
|upkeep
|turn|15
|
|t:|1769414370
|move|p1a: Latios|Aura Sphere|p2a: Mandibuzz
|-damage|p2a: Mandibuzz|35/100
|move|p2a: Mandibuzz|Whirlwind|p1a: Latios
|drag|p1a: Scizor|Scizor, M|100/100
|
|upkeep
|turn|16
|
|t:|1769414375
|move|p2a: Mandibuzz|Roost|p2a: Mandibuzz
|-heal|p2a: Mandibuzz|85/100
|-singleturn|p2a: Mandibuzz|move: Roost
|move|p1a: Scizor|Swords Dance|p1a: Scizor
|-boost|p1a: Scizor|atk|2
|
|upkeep
|turn|17
|
|t:|1769414377
|move|p2a: Mandibuzz|Foul Play|p1a: Scizor
|-damage|p1a: Scizor|0 fnt
|faint|p1a: Scizor
|
|upkeep
|
|t:|1769414381
|switch|p1a: Manaphy|Manaphy|72/100
|turn|18
|
|t:|1769414384
|switch|p2a: Alomomola|Alomomola, M|100/100
|move|p1a: Manaphy|Tail Glow|p1a: Manaphy
|-boost|p1a: Manaphy|spa|3
|
|upkeep
|turn|19
|
|t:|1769414387
|move|p1a: Manaphy|Tail Glow|p1a: Manaphy
|-boost|p1a: Manaphy|spa|3
|move|p2a: Alomomola|Flip Turn|p1a: Manaphy
|-resisted|p1a: Manaphy
|-damage|p1a: Manaphy|63/100
|
|t:|1769414392
|switch|p2a: Dragapult|Dragapult, F|100/100|[from] Flip Turn
|-damage|p2a: Dragapult|88/100|[from] Stealth Rock
|-damage|p2a: Dragapult|76/100|[from] Spikes
|
|upkeep
|turn|20
|
|t:|1769414395
|move|p2a: Dragapult|Dragon Darts|p1a: Manaphy
|-damage|p1a: Manaphy|24/100
|-anim|p2a: Dragapult|Dragon Darts|p1a: Manaphy
|-damage|p1a: Manaphy|0 fnt
|faint|p1a: Manaphy
|
|upkeep
|
|t:|1769414397
|switch|p1a: Latios|Latios, M|100/100
|turn|21
|
|t:|1769414399
|move|p2a: Dragapult|Dragon Darts|p1a: Latios
|-supereffective|p1a: Latios
|-damage|p1a: Latios|36/100
|-enditem|p1a: Latios|Weakness Policy
|-boost|p1a: Latios|atk|2|[from] item: Weakness Policy
|-boost|p1a: Latios|spa|2|[from] item: Weakness Policy
|-anim|p2a: Dragapult|Dragon Darts|p1a: Latios
|-supereffective|p1a: Latios
|-damage|p1a: Latios|0 fnt
|faint|p1a: Latios
|
|win|Phillip Blevin
|raw|hina235's rating: 1352 &rarr; <strong>1336</strong><br />(-16 for losing)
|raw|Phillip Blevin's rating: 1421 &rarr; <strong>1437</strong><br />(+16 for winning)
