|j|☆supermajinkid64
|j|☆Shidoka14
|t:|1769338444
|gametype|singles
|player|p1|supermajinkid64|brock|1328
|player|p2|Shidoka14|palmer|1260
|gen|9
|tier|[Gen 9] OU
|rated|
|rule|HP Percentage Mod: HP is shown in percentages
|rule|Endless Battle Clause: Forcing endless battles is banned
|rule|Species Clause: Limit one of each Pokémon
|rule|OHKO Clause: OHKO moves are banned
|rule|Evasion Items Clause: Evasion items are banned
|rule|Evasion Moves Clause: Evasion moves are banned
|rule|Evasion Abilities Clause: Evasion abilities are banned
|rule|Sleep Moves Clause: Sleep-inducing moves are banned
|clearpoke
|poke|p1|Scizor, M|
|poke|p1|Clefable, F|
|poke|p1|Garchomp, F|
|poke|p1|Tyranitar, M|
|poke|p1|Zapdos|
|poke|p1|Polteageist-Antique|
|poke|p2|Cinderace, F|
|poke|p2|Gengar, F|
|poke|p2|Kingambit, M|
|poke|p2|Clodsire, F|
|poke|p2|Corviknight, M|
|poke|p2|Latias, F|
|teampreview
|
|t:|1769338454
|teamsize|p1|6
|teamsize|p2|6
|start
|switch|p1a: Luka Doncic|Clefable, F|100/100
|switch|p2a: Paul McCartney|Gengar, F, shiny|100/100
|turn|1
|
|t:|1769338471
|switch|p1a: 2012 Bron|Tyranitar, M|100/100
|-weather|Sandstorm|[from] ability: Sand Stream|[of] p1a: 2012 Bron
|move|p2a: Paul McCartney|Sludge Wave|p1a: 2012 Bron
|-resisted|p1a: 2012 Bron
|-damage|p1a: 2012 Bron|88/100
|
|-weather|Sandstorm|[upkeep]
|-damage|p2a: Paul McCartney|94/100|[from] Sandstorm
|upkeep
|turn|2
|
|t:|1769338482
|move|p2a: Paul McCartney|Destiny Bond|p2a: Paul McCartney
|-singlemove|p2a: Paul McCartney|Destiny Bond
|move|p1a: 2012 Bron|Knock Off|p2a: Paul McCartney
|-supereffective|p2a: Paul McCartney
|-damage|p2a: Paul McCartney|0 fnt
|-enditem|p2a: Paul McCartney|Focus Sash|[from] move: Knock Off|[of] p1a: 2012 Bron
|faint|p2a: Paul McCartney
|-activate|p2a: Paul McCartney|move: Destiny Bond
|faint|p1a: 2012 Bron
|
|-weather|Sandstorm|[upkeep]
|upkeep
|
|t:|1769338505
|switch|p2a: Metal Bird|Corviknight, M, shiny|100/100
|switch|p1a: Luka Doncic|Clefable, F|100/100
|-ability|p2a: Metal Bird|Pressure
|turn|3
|
|t:|1769338515
|move|p2a: Metal Bird|U-turn|p1a: Luka Doncic
|-resisted|p1a: Luka Doncic
|-damage|p1a: Luka Doncic|93/100
|
|t:|1769338529
|switch|p2a: Griezman|Cinderace, F, shiny|100/100|[from] U-turn
|move|p1a: Luka Doncic|Thunder Wave|p2a: Griezman
|-status|p2a: Griezman|par
|
|-weather|Sandstorm|[upkeep]
|-damage|p2a: Griezman|95/100 par|[from] Sandstorm
|-damage|p1a: Luka Doncic|87/100|[from] Sandstorm
|-heal|p1a: Luka Doncic|93/100|[from] item: Leftovers
|upkeep
|turn|4
|
|t:|1769338541
|move|p2a: Griezman|Pyro Ball|p1a: Luka Doncic
|-damage|p1a: Luka Doncic|28/100
|move|p1a: Luka Doncic|Stealth Rock|p2a: Griezman
|-sidestart|p2: Shidoka14|move: Stealth Rock
|
|-weather|Sandstorm|[upkeep]
|-damage|p2a: Griezman|89/100 par|[from] Sandstorm
|-damage|p1a: Luka Doncic|22/100|[from] Sandstorm
|-heal|p1a: Luka Doncic|28/100|[from] item: Leftovers
|upkeep
|turn|5
|
|t:|1769338550
|move|p2a: Griezman|Court Change|p2a: Griezman
|-start|p2a: Griezman|typechange|Normal|[from] ability: Libero
|-swapsideconditions
|-activate|p2a: Griezman|move: Court Change
|move|p1a: Luka Doncic|Draining Kiss|p2a: Griezman
|-damage|p2a: Griezman|62/100 par
|-heal|p1a: Luka Doncic|43/100|[from] drain|[of] p2a: Griezman
|
|-weather|none
|-heal|p1a: Luka Doncic|49/100|[from] item: Leftovers
|upkeep
|turn|6
|
|t:|1769338564
|cant|p2a: Griezman|par
|move|p1a: Luka Doncic|Stealth Rock|p2a: Griezman
|-sidestart|p2: Shidoka14|move: Stealth Rock
|
|-heal|p1a: Luka Doncic|55/100|[from] item: Leftovers
|upkeep
|turn|7
|
|t:|1769338572
|cant|p2a: Griezman|par
|move|p1a: Luka Doncic|Encore|p2a: Griezman
|-start|p2a: Griezman|Encore
|
|-heal|p1a: Luka Doncic|61/100|[from] item: Leftovers
|upkeep
|turn|8
|c|☆Shidoka14|Bruh wtf is that hax
|n|!Shidoka14|shidoka14
|inactive|Battle timer is ON: inactive players will automatically lose when time's up. (requested by supermajinkid64)
|
|t:|1769338610
|switch|p2a: Gooby|Clodsire, F, shiny|100/100
|-damage|p2a: Gooby|94/100|[from] Stealth Rock
|move|p1a: Luka Doncic|Draining Kiss|p2a: Gooby
|-resisted|p2a: Gooby
|-damage|p2a: Gooby|90/100
|-heal|p1a: Luka Doncic|65/100|[from] drain|[of] p2a: Gooby
|
|-heal|p1a: Luka Doncic|71/100|[from] item: Leftovers
|-heal|p2a: Gooby|96/100|[from] item: Leftovers
|upkeep
|turn|9
|c|☆supermajinkid64|shot clock cheese
|
|t:|1769338628
|switch|p1a: 2018 Bron|Garchomp, F|100/100
|-damage|p1a: 2018 Bron|94/100|[from] Stealth Rock
|move|p2a: Gooby|Toxic|p1a: 2018 Bron
|-status|p1a: 2018 Bron|tox
|
|-heal|p2a: Gooby|100/100|[from] item: Leftovers
|-damage|p1a: 2018 Bron|88/100 tox|[from] psn
|upkeep
|turn|10
|
|t:|1769338653
|switch|p2a: Metal Bird|Corviknight, M, shiny|100/100
|-damage|p2a: Metal Bird|88/100|[from] Stealth Rock
|-ability|p2a: Metal Bird|Pressure
|move|p1a: 2018 Bron|Crunch|p2a: Metal Bird
|-damage|p2a: Metal Bird|71/100
|-damage|p1a: 2018 Bron|72/100 tox|[from] item: Rocky Helmet|[of] p2a: Metal Bird
|
|-damage|p1a: 2018 Bron|59/100 tox|[from] psn
|upkeep
|turn|11
|
|t:|1769338668
|switch|p1a: Phoenix Suns|Zapdos, shiny|100/100
|move|p2a: Metal Bird|Brave Bird|p1a: Phoenix Suns
|-resisted|p1a: Phoenix Suns
|-damage|p1a: Phoenix Suns|80/100
|-status|p2a: Metal Bird|par|[from] ability: Static|[of] p1a: Phoenix Suns
|-damage|p2a: Metal Bird|65/100 par|[from] Recoil
|
|upkeep
|turn|12
|inactive|Shidoka14 has 120 seconds left.
|
|t:|1769338694
|switch|p2a: Gooby|Clodsire, F, shiny|100/100
|-damage|p2a: Gooby|94/100|[from] Stealth Rock
|move|p1a: Phoenix Suns|Heat Wave|p2a: Gooby
|-damage|p2a: Gooby|75/100
|
|-heal|p2a: Gooby|81/100|[from] item: Leftovers
|upkeep
|turn|13
|
|t:|1769338710
|move|p1a: Phoenix Suns|Hurricane|p2a: Gooby
|-damage|p2a: Gooby|51/100
|move|p2a: Gooby|Earthquake|p1a: Phoenix Suns
|-immune|p1a: Phoenix Suns
|
|-heal|p2a: Gooby|58/100|[from] item: Leftovers
|upkeep
|turn|14
|
|t:|1769338719
|move|p1a: Phoenix Suns|Hurricane|p2a: Gooby
|-damage|p2a: Gooby|26/100
|move|p2a: Gooby|Recover|p2a: Gooby
|-heal|p2a: Gooby|76/100
|
|-heal|p2a: Gooby|82/100|[from] item: Leftovers
|upkeep
|turn|15
|
|t:|1769338728
|move|p1a: Phoenix Suns|Hurricane|p2a: Gooby
|-damage|p2a: Gooby|52/100
|-start|p2a: Gooby|confusion
|-activate|p2a: Gooby|confusion
|-damage|p2a: Gooby|44/100|[from] confusion
|
|-heal|p2a: Gooby|50/100|[from] item: Leftovers
|upkeep
|turn|16
|inactive|Shidoka14 has 120 seconds left.
|
|t:|1769338738
|move|p1a: Phoenix Suns|U-turn|p2a: Gooby
|-resisted|p2a: Gooby
|-damage|p2a: Gooby|43/100
|
|t:|1769338742
|switch|p1a: 2018 Bron|Garchomp, F|59/100 tox|[from] U-turn
|-damage|p1a: 2018 Bron|53/100 tox|[from] Stealth Rock
|-activate|p2a: Gooby|confusion
|-damage|p2a: Gooby|35/100|[from] confusion
|
|-heal|p2a: Gooby|42/100|[from] item: Leftovers
|-damage|p1a: 2018 Bron|47/100 tox|[from] psn
|upkeep
|turn|17
|
|t:|1769338754
|switch|p2a: Katerine|Latias, F, shiny|100/100
|-damage|p2a: Katerine|88/100|[from] Stealth Rock
|move|p1a: 2018 Bron|Earthquake|p2a: Katerine
|-immune|p2a: Katerine|[from] ability: Levitate
|
|-heal|p2a: Katerine|94/100|[from] item: Leftovers
|-damage|p1a: 2018 Bron|35/100 tox|[from] psn
|upkeep
|turn|18
|
|t:|1769338766
|switch|p1a: Luka Doncic|Clefable, F|71/100
|-damage|p1a: Luka Doncic|59/100|[from] Stealth Rock
|-terastallize|p2a: Katerine|Fairy
|move|p2a: Katerine|Ice Beam|p1a: Luka Doncic
|-damage|p1a: Luka Doncic|44/100
|
|-heal|p2a: Katerine|99/100|[from] item: Leftovers
|-heal|p1a: Luka Doncic|50/100|[from] item: Leftovers
|upkeep
|turn|19
|
|t:|1769338778
|move|p2a: Katerine|Calm Mind|p2a: Katerine
|-boost|p2a: Katerine|spa|1
|-boost|p2a: Katerine|spd|1
|move|p1a: Luka Doncic|Thunder Wave|p2a: Katerine
|-status|p2a: Katerine|par
|
|-heal|p2a: Katerine|100/100 par|[from] item: Leftovers
|-heal|p1a: Luka Doncic|57/100|[from] item: Leftovers
|upkeep
|turn|20
|
|t:|1769338788
|cant|p2a: Katerine|par
|move|p1a: Luka Doncic|Encore|p2a: Katerine
|-start|p2a: Katerine|Encore
|
|-heal|p1a: Luka Doncic|63/100|[from] item: Leftovers
|upkeep
|turn|21
|
|t:|1769338803
|switch|p1a: Green Giant|Scizor, M, shiny|100/100
|-damage|p1a: Green Giant|88/100|[from] Stealth Rock
|move|p2a: Katerine|Calm Mind|p2a: Katerine
|-boost|p2a: Katerine|spa|1
|-boost|p2a: Katerine|spd|1
|
|upkeep
|turn|22
|
|t:|1769338813
|move|p1a: Green Giant|Swords Dance|p1a: Green Giant
|-boost|p1a: Green Giant|atk|2
|move|p2a: Katerine|Calm Mind|p2a: Katerine
|-boost|p2a: Katerine|spa|1
|-boost|p2a: Katerine|spd|1
|
|upkeep
|turn|23
|
|t:|1769338827
|move|p1a: Green Giant|Swords Dance|p1a: Green Giant
|-boost|p1a: Green Giant|atk|2
|move|p2a: Katerine|Calm Mind|p2a: Katerine
|-boost|p2a: Katerine|spa|1
|-boost|p2a: Katerine|spd|1
|
|-end|p2a: Katerine|Encore
|upkeep
|turn|24
|
|t:|1769338837
|move|p1a: Green Giant|Bullet Punch|p2a: Katerine
|-supereffective|p2a: Katerine
|-damage|p2a: Katerine|0 fnt
|faint|p2a: Katerine
|
|upkeep
|inactive|Shidoka14 has 120 seconds left.
|l|!Shidoka14
|inactive|Shidoka14 disconnected and has a minute to reconnect!
|player|p2|
|inactive|Shidoka14 has 30 seconds to reconnect!
|inactive|Shidoka14 has 20 seconds to reconnect!
|c|☆supermajinkid64|last chance to look at me shidoka
|inactive|Shidoka14 has 15 seconds to reconnect!
|inactive|Shidoka14 has 10 seconds to reconnect!
|inactive|Shidoka14 has 5 seconds to reconnect!
|-message|Shidoka14 lost due to inactivity.
|
|win|supermajinkid64
