|j|☆maneki uwu
|j|☆SleezyHead
|t:|1769418840
|gametype|singles
|player|p1|maneki uwu|serena-masters2|1309
|player|p2|SleezyHead|doctor|1297
|gen|9
|tier|[Gen 9] OU
|rated|
|rule|HP Percentage Mod: HP is shown in percentages
|rule|Endless Battle Clause: Forcing endless battles is banned
|rule|Species Clause: Limit one of each Pokémon
|rule|OHKO Clause: OHKO moves are banned
|rule|Evasion Items Clause: Evasion items are banned
|rule|Evasion Moves Clause: Evasion moves are banned
|rule|Evasion Abilities Clause: Evasion abilities are banned
|rule|Sleep Moves Clause: Sleep-inducing moves are banned
|clearpoke
|poke|p1|Serperior, M|
|poke|p1|Sylveon, F|
|poke|p1|Gliscor, M|
|poke|p1|Bisharp, F|
|poke|p1|Espeon, F|
|poke|p1|Ditto|
|poke|p2|Dragapult, F|
|poke|p2|Alomomola, F|
|poke|p2|Ting-Lu|
|poke|p2|Kyurem|
|poke|p2|Weezing-Galar, F|
|poke|p2|Corviknight, F|
|teampreview
|
|t:|1769418886
|teamsize|p1|6
|teamsize|p2|6
|start
|switch|p1a: Maneki|Sylveon, F, shiny|100/100
|switch|p2a: Bum 3|Ting-Lu|100/100
|-ability|p2a: Bum 3|Vessel of Ruin
|turn|1
|
|t:|1769418892
|move|p1a: Maneki|Hyper Voice|p2a: Bum 3
|-supereffective|p2a: Bum 3
|-damage|p2a: Bum 3|69/100
|move|p2a: Bum 3|Stealth Rock|p1a: Maneki
|-sidestart|p1: maneki uwu|move: Stealth Rock
|
|-heal|p2a: Bum 3|75/100|[from] item: Leftovers
|upkeep
|turn|2
|
|t:|1769418904
|switch|p1a: QI DE 143|Espeon, F|100/100
|-damage|p1a: QI DE 143|88/100|[from] Stealth Rock
|switch|p2a: THE GOATTTT|Corviknight, F|100/100
|-ability|p2a: THE GOATTTT|Pressure
|
|upkeep
|turn|3
|inactive|Battle timer is ON: inactive players will automatically lose when time's up. (requested by SleezyHead)
|
|t:|1769418949
|move|p1a: QI DE 143|Reflect|p1a: QI DE 143
|-sidestart|p1: maneki uwu|Reflect
|move|p2a: THE GOATTTT|U-turn|p1a: QI DE 143
|-supereffective|p1a: QI DE 143
|-crit|p1a: QI DE 143
|-damage|p1a: QI DE 143|24/100
|
|t:|1769418969
|switch|p2a: Bum 1|Dragapult, F|100/100|[from] U-turn
|
|upkeep
|turn|4
|
|t:|1769418974
|move|p2a: Bum 1|U-turn|p1a: QI DE 143
|-supereffective|p1a: QI DE 143
|-damage|p1a: QI DE 143|0 fnt
|faint|p1a: QI DE 143
|
|t:|1769418991
|switch|p2a: Bum 5|Weezing-Galar, F|100/100|[from] U-turn
|-ability|p2a: Bum 5|Neutralizing Gas
|
|upkeep
|
|t:|1769418997
|switch|p1a: soleil levant|Bisharp, F|100/100
|-damage|p1a: soleil levant|94/100|[from] Stealth Rock
|turn|5
|
|t:|1769419018
|move|p1a: soleil levant|Swords Dance|p1a: soleil levant
|-boost|p1a: soleil levant|atk|2
|move|p2a: Bum 5|Will-O-Wisp|p1a: soleil levant
|-status|p1a: soleil levant|brn
|
|-damage|p1a: soleil levant|88/100 brn|[from] brn
|upkeep
|turn|6
|
|t:|1769419028
|-end|p2a: Bum 5|ability: Neutralizing Gas
|switch|p2a: Bum 2|Alomomola, F|100/100
|move|p1a: soleil levant|Swords Dance|p1a: soleil levant
|-boost|p1a: soleil levant|atk|2
|
|-damage|p1a: soleil levant|82/100 brn|[from] brn
|upkeep
|turn|7
|
|t:|1769419035
|move|p1a: soleil levant|Throat Chop|p2a: Bum 2
|-damage|p2a: Bum 2|66/100
|-start|p2a: Bum 2|Throat Chop|[silent]
|-damage|p1a: soleil levant|65/100 brn|[from] item: Rocky Helmet|[of] p2a: Bum 2
|move|p2a: Bum 2|Tickle|p1a: soleil levant
|-unboost|p1a: soleil levant|atk|1
|-ability|p1a: soleil levant|Defiant|boost
|-boost|p1a: soleil levant|atk|2
|-unboost|p1a: soleil levant|def|1
|-ability|p1a: soleil levant|Defiant|boost
|-boost|p1a: soleil levant|atk|1
|
|-damage|p1a: soleil levant|59/100 brn|[from] brn
|upkeep
|turn|8
|
|t:|1769419042
|move|p2a: Bum 2|Protect|p2a: Bum 2
|-singleturn|p2a: Bum 2|Protect
|move|p1a: soleil levant|Throat Chop|p2a: Bum 2
|-activate|p2a: Bum 2|move: Protect
|
|-damage|p1a: soleil levant|53/100 brn|[from] brn
|-end|p2a: Bum 2|Throat Chop|[silent]
|upkeep
|turn|9
|
|t:|1769419064
|switch|p2a: Bum 5|Weezing-Galar, F|100/100
|-ability|p2a: Bum 5|Neutralizing Gas
|move|p1a: soleil levant|Throat Chop|p2a: Bum 5
|-resisted|p2a: Bum 5
|-damage|p2a: Bum 5|70/100
|-start|p2a: Bum 5|Throat Chop|[silent]
|
|-heal|p2a: Bum 5|76/100|[from] item: Leftovers
|-damage|p1a: soleil levant|47/100 brn|[from] brn
|upkeep
|turn|10
|
|t:|1769419071
|move|p2a: Bum 5|Protect|p2a: Bum 5
|-singleturn|p2a: Bum 5|Protect
|move|p1a: soleil levant|Iron Head|p2a: Bum 5
|-activate|p2a: Bum 5|move: Protect
|
|-heal|p2a: Bum 5|82/100|[from] item: Leftovers
|-damage|p1a: soleil levant|40/100 brn|[from] brn
|-end|p2a: Bum 5|Throat Chop|[silent]
|-sideend|p1: maneki uwu|Reflect
|upkeep
|turn|11
|
|t:|1769419088
|-end|p2a: Bum 5|ability: Neutralizing Gas
|switch|p2a: Bum 2|Alomomola, F|99/100
|move|p1a: soleil levant|Throat Chop|p2a: Bum 2
|-damage|p2a: Bum 2|49/100
|-start|p2a: Bum 2|Throat Chop|[silent]
|-damage|p1a: soleil levant|24/100 brn|[from] item: Rocky Helmet|[of] p2a: Bum 2
|
|-damage|p1a: soleil levant|17/100 brn|[from] brn
|upkeep
|turn|12
|
|t:|1769419097
|move|p2a: Bum 2|Protect|p2a: Bum 2
|-singleturn|p2a: Bum 2|Protect
|move|p1a: soleil levant|Sucker Punch||[still]
|-fail|p1a: soleil levant
|
|-damage|p1a: soleil levant|11/100 brn|[from] brn
|-end|p2a: Bum 2|Throat Chop|[silent]
|upkeep
|turn|13
|
|t:|1769419110
|switch|p2a: THE GOATTTT|Corviknight, F|100/100
|-ability|p2a: THE GOATTTT|Pressure
|move|p1a: soleil levant|Throat Chop|p2a: THE GOATTTT
|-damage|p2a: THE GOATTTT|25/100
|-start|p2a: THE GOATTTT|Throat Chop|[silent]
|
|-heal|p2a: THE GOATTTT|32/100|[from] item: Leftovers
|-damage|p1a: soleil levant|5/100 brn|[from] brn
|upkeep
|turn|14
|
|t:|1769419117
|switch|p2a: Bum 2|Alomomola, F|83/100
|move|p1a: soleil levant|Sucker Punch||[still]
|-fail|p1a: soleil levant
|
|-damage|p1a: soleil levant|0 fnt|[from] brn
|faint|p1a: soleil levant
|upkeep
|
|t:|1769419120
|switch|p1a: Cobrassassin|Serperior, M|100/100
|-damage|p1a: Cobrassassin|88/100|[from] Stealth Rock
|turn|15
|
|t:|1769419126
|move|p2a: Bum 2|Protect|p2a: Bum 2
|-singleturn|p2a: Bum 2|Protect
|move|p1a: Cobrassassin|Leaf Storm|p2a: Bum 2
|-activate|p2a: Bum 2|move: Protect
|
|-heal|p1a: Cobrassassin|94/100|[from] item: Leftovers
|upkeep
|turn|16
|
|t:|1769419144
|switch|p2a: Bum 1|Dragapult, F|100/100
|move|p1a: Cobrassassin|Leaf Storm|p2a: Bum 1
|-resisted|p2a: Bum 1
|-damage|p2a: Bum 1|71/100
|-boost|p1a: Cobrassassin|spa|2
|
|-heal|p1a: Cobrassassin|100/100|[from] item: Leftovers
|upkeep
|turn|17
|
|t:|1769419153
|move|p2a: Bum 1|Dragon Darts|p1a: Cobrassassin
|-damage|p1a: Cobrassassin|57/100
|-anim|p2a: Bum 1|Dragon Darts|p1a: Cobrassassin
|-damage|p1a: Cobrassassin|16/100
|move|p1a: Cobrassassin|Leaf Storm|p2a: Bum 1
|-resisted|p2a: Bum 1
|-damage|p2a: Bum 1|1/100
|-boost|p1a: Cobrassassin|spa|2
|
|-heal|p1a: Cobrassassin|22/100|[from] item: Leftovers
|upkeep
|turn|18
|-message|maneki uwu forfeited.
|
|win|SleezyHead
|raw|maneki uwu's rating: 1309 &rarr; <strong>1288</strong><br />(-21 for losing)
|raw|SleezyHead's rating: 1297 &rarr; <strong>1323</strong><br />(+26 for winning)
|l|☆maneki uwu
|player|p1|
|l|☆SleezyHead
|player|p2|
