|j|☆los chipirones
|j|☆boom moon
|t:|1769428276
|gametype|singles
|player|p1|los chipirones|170|1201
|player|p2|boom moon|266|1206
|gen|9
|tier|[Gen 9] OU
|rated|
|rule|HP Percentage Mod: HP is shown in percentages
|rule|Endless Battle Clause: Forcing endless battles is banned
|rule|Species Clause: Limit one of each Pokémon
|rule|OHKO Clause: OHKO moves are banned
|rule|Evasion Items Clause: Evasion items are banned
|rule|Evasion Moves Clause: Evasion moves are banned
|rule|Evasion Abilities Clause: Evasion abilities are banned
|rule|Sleep Moves Clause: Sleep-inducing moves are banned
|clearpoke
|poke|p1|Suicune|
|poke|p1|Raikou|
|poke|p1|Entei|
|poke|p1|Zapdos|
|poke|p1|Articuno|
|poke|p1|Moltres|
|poke|p2|Gliscor, M|
|poke|p2|Chansey, F|
|poke|p2|Mamoswine, M|
|poke|p2|Toedscruel, M|
|poke|p2|Toxicroak, M|
|poke|p2|Dragonite, M|
|teampreview
|inactive|Battle timer is ON: inactive players will automatically lose when time's up. (requested by boom moon)
|
|t:|1769428288
|teamsize|p1|6
|teamsize|p2|6
|start
|switch|p1a: Raikou|Raikou|100/100
|switch|p2a: Toedscruel|Toedscruel, M|100/100
|-ability|p1a: Raikou|Pressure
|turn|1
|
|t:|1769428295
|move|p1a: Raikou|Substitute|p1a: Raikou
|-start|p1a: Raikou|Substitute
|-damage|p1a: Raikou|75/100
|move|p2a: Toedscruel|Spikes|p1a: Raikou
|-sidestart|p1: los chipirones|Spikes
|
|-heal|p1a: Raikou|82/100|[from] item: Leftovers
|upkeep
|turn|2
|
|t:|1769428299
|move|p1a: Raikou|Calm Mind|p1a: Raikou
|-boost|p1a: Raikou|spa|1
|-boost|p1a: Raikou|spd|1
|move|p2a: Toedscruel|Earth Power|p1a: Raikou
|-supereffective|p1a: Raikou
|-end|p1a: Raikou|Substitute
|
|-heal|p1a: Raikou|88/100|[from] item: Leftovers
|upkeep
|turn|3
|
|t:|1769428313
|move|p1a: Raikou|Calm Mind|p1a: Raikou
|-boost|p1a: Raikou|spa|1
|-boost|p1a: Raikou|spd|1
|move|p2a: Toedscruel|Earth Power|p1a: Raikou
|-supereffective|p1a: Raikou
|-damage|p1a: Raikou|55/100
|
|-heal|p1a: Raikou|61/100|[from] item: Leftovers
|upkeep
|turn|4
|
|t:|1769428322
|move|p1a: Raikou|Scald|p2a: Toedscruel
|-damage|p2a: Toedscruel|71/100
|move|p2a: Toedscruel|Earth Power|p1a: Raikou
|-supereffective|p1a: Raikou
|-damage|p1a: Raikou|31/100
|
|-heal|p1a: Raikou|37/100|[from] item: Leftovers
|upkeep
|turn|5
|
|t:|1769428335
|move|p1a: Raikou|Scald|p2a: Toedscruel
|-damage|p2a: Toedscruel|38/100
|move|p2a: Toedscruel|Spikes|p1a: Raikou
|-sidestart|p1: los chipirones|Spikes
|
|-heal|p1a: Raikou|44/100|[from] item: Leftovers
|upkeep
|turn|6
|
|t:|1769428339
|move|p1a: Raikou|Calm Mind|p1a: Raikou
|-boost|p1a: Raikou|spa|1
|-boost|p1a: Raikou|spd|1
|move|p2a: Toedscruel|Earth Power|p1a: Raikou
|-supereffective|p1a: Raikou
|-damage|p1a: Raikou|20/100
|
|-heal|p1a: Raikou|27/100|[from] item: Leftovers
|upkeep
|turn|7
|
|t:|1769428341
|move|p1a: Raikou|Scald|p2a: Toedscruel
|-damage|p2a: Toedscruel|0 fnt
|faint|p2a: Toedscruel
|
|-heal|p1a: Raikou|33/100|[from] item: Leftovers
|upkeep
|
|t:|1769428348
|switch|p2a: Mamoswine|Mamoswine, M|100/100
|turn|8
|
|t:|1769428359
|switch|p1a: Moltres|Moltres|100/100
|-ability|p1a: Moltres|Pressure
|move|p2a: Mamoswine|Ice Shard|p1a: Moltres
|-damage|p1a: Moltres|84/100
|
|upkeep
|turn|9
|
|t:|1769428364
|move|p1a: Moltres|Substitute|p1a: Moltres
|-start|p1a: Moltres|Substitute
|-damage|p1a: Moltres|59/100
|move|p2a: Mamoswine|Rock Blast|p1a: Moltres
|-supereffective|p1a: Moltres
|-end|p1a: Moltres|Substitute
|-supereffective|p1a: Moltres
|-damage|p1a: Moltres|32/100
|-supereffective|p1a: Moltres
|-damage|p1a: Moltres|3/100
|-supereffective|p1a: Moltres
|-damage|p1a: Moltres|0 fnt
|faint|p1a: Moltres
|-hitcount|p1: Moltres|4
|
|upkeep
|
|t:|1769428370
|switch|p1a: Suicune|Suicune|100/100
|-damage|p1a: Suicune|84/100|[from] Spikes
|-ability|p1a: Suicune|Pressure
|turn|10
|
|t:|1769428375
|move|p1a: Suicune|Scald|p2a: Mamoswine
|-supereffective|p2a: Mamoswine
|-damage|p2a: Mamoswine|33/100
|move|p2a: Mamoswine|Earthquake|p1a: Suicune
|-damage|p1a: Suicune|51/100
|
|-heal|p1a: Suicune|57/100|[from] item: Leftovers
|upkeep
|turn|11
|
|t:|1769428384
|move|p1a: Suicune|Scald|p2a: Mamoswine
|-supereffective|p2a: Mamoswine
|-damage|p2a: Mamoswine|0 fnt
|faint|p2a: Mamoswine
|
|-heal|p1a: Suicune|63/100|[from] item: Leftovers
|upkeep
|
|t:|1769428388
|switch|p2a: Toxicroak|Toxicroak, M, shiny|100/100
|turn|12
|
|t:|1769428397
|switch|p1a: Zapdos|Zapdos|100/100
|-ability|p1a: Zapdos|Pressure
|move|p2a: Toxicroak|Nasty Plot|p2a: Toxicroak
|-boost|p2a: Toxicroak|spa|2
|
|upkeep
|turn|13
|
|t:|1769428401
|move|p2a: Toxicroak|Sludge Wave|p1a: Zapdos
|-damage|p1a: Zapdos|23/100
|-status|p1a: Zapdos|psn
|move|p1a: Zapdos|Thunderbolt|p2a: Toxicroak
|-crit|p2a: Toxicroak
|-damage|p2a: Toxicroak|6/100
|
|-damage|p1a: Zapdos|10/100 psn|[from] psn
|upkeep
|turn|14
|
|t:|1769428410
|move|p2a: Toxicroak|Sludge Wave|p1a: Zapdos
|-damage|p1a: Zapdos|0 fnt
|faint|p1a: Zapdos
|
|upkeep
|
|t:|1769428415
|switch|p1a: Articuno|Articuno|100/100
|-ability|p1a: Articuno|Pressure
|turn|15
|
|t:|1769428419
|move|p2a: Toxicroak|Sludge Wave|p1a: Articuno
|-damage|p1a: Articuno|58/100
|move|p1a: Articuno|Freeze-Dry|p2a: Toxicroak
|-damage|p2a: Toxicroak|0 fnt
|faint|p2a: Toxicroak
|
|upkeep
|
|t:|1769428426
|switch|p2a: Chansey|Chansey, F|100/100
|turn|16
|
|t:|1769428431
|move|p1a: Articuno|Substitute|p1a: Articuno
|-start|p1a: Articuno|Substitute
|-damage|p1a: Articuno|33/100
|move|p2a: Chansey|Stealth Rock|p1a: Articuno
|-sidestart|p1: los chipirones|move: Stealth Rock
|
|upkeep
|turn|17
|
|t:|1769428433
|move|p1a: Articuno|Roost|p1a: Articuno
|-heal|p1a: Articuno|83/100
|-singleturn|p1a: Articuno|move: Roost
|move|p2a: Chansey|Seismic Toss|p1a: Articuno
|-end|p1a: Articuno|Substitute
|
|upkeep
|turn|18
|
|t:|1769428441
|move|p1a: Articuno|Protect|p1a: Articuno
|-singleturn|p1a: Articuno|Protect
|move|p2a: Chansey|Seismic Toss|p1a: Articuno
|-activate|p1a: Articuno|move: Protect
|
|upkeep
|turn|19
|
|t:|1769428445
|switch|p1a: Entei|Entei|100/100
|-damage|p1a: Entei|84/100|[from] Spikes
|-damage|p1a: Entei|59/100|[from] Stealth Rock
|-ability|p1a: Entei|Pressure
|move|p2a: Chansey|Seismic Toss|p1a: Entei
|-damage|p1a: Entei|36/100
|
|-heal|p1a: Entei|42/100|[from] item: Leftovers
|upkeep
|turn|20
|
|t:|1769428449
|move|p1a: Entei|Substitute|p1a: Entei
|-start|p1a: Entei|Substitute
|-damage|p1a: Entei|17/100
|move|p2a: Chansey|Seismic Toss|p1a: Entei
|-activate|p1a: Entei|move: Substitute|[damage]
|
|-heal|p1a: Entei|24/100|[from] item: Leftovers
|upkeep
|turn|21
|
|t:|1769428454
|move|p1a: Entei|Protect|p1a: Entei
|-singleturn|p1a: Entei|Protect
|move|p2a: Chansey|Seismic Toss|p1a: Entei
|-activate|p1a: Entei|move: Protect
|
|-heal|p1a: Entei|30/100|[from] item: Leftovers
|upkeep
|turn|22
|
|t:|1769428457
|move|p1a: Entei|Calm Mind|p1a: Entei
|-boost|p1a: Entei|spa|1
|-boost|p1a: Entei|spd|1
|move|p2a: Chansey|Seismic Toss|p1a: Entei
|-end|p1a: Entei|Substitute
|
|-heal|p1a: Entei|36/100|[from] item: Leftovers
|upkeep
|turn|23
|
|t:|1769428465
|switch|p2a: Gliscor|Gliscor, M|100/100
|move|p1a: Entei|Substitute|p1a: Entei
|-start|p1a: Entei|Substitute
|-damage|p1a: Entei|11/100
|
|-heal|p1a: Entei|17/100|[from] item: Leftovers
|-status|p2a: Gliscor|tox|[from] item: Toxic Orb
|upkeep
|turn|24
|
|t:|1769428473
|-terastallize|p2a: Gliscor|Dragon
|move|p1a: Entei|Protect|p1a: Entei
|-singleturn|p1a: Entei|Protect
|move|p2a: Gliscor|Dual Wingbeat|p1a: Entei
|-activate|p1a: Entei|move: Protect
|
|-heal|p1a: Entei|24/100|[from] item: Leftovers
|upkeep
|turn|25
|
|t:|1769428480
|move|p1a: Entei|Flamethrower|p2a: Gliscor
|-resisted|p2a: Gliscor
|-damage|p2a: Gliscor|74/100 tox
|move|p2a: Gliscor|Dual Wingbeat|p1a: Entei
|-activate|p1a: Entei|move: Substitute|[damage]
|-activate|p1a: Entei|move: Substitute|[damage]
|-hitcount|p1a: Entei|2
|
|-heal|p1a: Entei|30/100|[from] item: Leftovers
|-heal|p2a: Gliscor|86/100 tox|[from] ability: Poison Heal
|upkeep
|turn|26
|
|t:|1769428488
|move|p1a: Entei|Protect|p1a: Entei
|-singleturn|p1a: Entei|Protect
|move|p2a: Gliscor|Swords Dance|p2a: Gliscor
|-boost|p2a: Gliscor|atk|2
|
|-heal|p1a: Entei|36/100|[from] item: Leftovers
|-heal|p2a: Gliscor|99/100 tox|[from] ability: Poison Heal
|upkeep
|turn|27
|
|t:|1769428499
|move|p1a: Entei|Flamethrower|p2a: Gliscor
|-resisted|p2a: Gliscor
|-damage|p2a: Gliscor|73/100 tox
|move|p2a: Gliscor|Dual Wingbeat|p1a: Entei
|-end|p1a: Entei|Substitute
|-damage|p1a: Entei|20/100
|-hitcount|p1a: Entei|2
|
|-heal|p1a: Entei|26/100|[from] item: Leftovers
|-heal|p2a: Gliscor|85/100 tox|[from] ability: Poison Heal
|upkeep
|turn|28
|
|t:|1769428508
|move|p1a: Entei|Flamethrower|p2a: Gliscor
|-resisted|p2a: Gliscor
|-crit|p2a: Gliscor
|-damage|p2a: Gliscor|45/100 tox
|move|p2a: Gliscor|Earthquake|p1a: Entei
|-supereffective|p1a: Entei
|-damage|p1a: Entei|0 fnt
|faint|p1a: Entei
|
|-heal|p2a: Gliscor|57/100 tox|[from] ability: Poison Heal
|upkeep
|
|t:|1769428510
|switch|p1a: Articuno|Articuno|83/100
|-ability|p1a: Articuno|Pressure
|turn|29
|
|t:|1769428515
|move|p2a: Gliscor|Dual Wingbeat|p1a: Articuno
|-damage|p1a: Articuno|61/100
|-damage|p1a: Articuno|37/100
|-hitcount|p1a: Articuno|2
|move|p1a: Articuno|Freeze-Dry|p2a: Gliscor
|-supereffective|p2a: Gliscor
|-damage|p2a: Gliscor|0 fnt
|faint|p2a: Gliscor
|
|upkeep
|
|t:|1769428526
|switch|p2a: Chansey|Chansey, F|100/100
|turn|30
|
|t:|1769428542
|move|p1a: Articuno|Roost|p1a: Articuno
|-heal|p1a: Articuno|87/100
|-singleturn|p1a: Articuno|move: Roost
|move|p2a: Chansey|Seismic Toss|p1a: Articuno
|-damage|p1a: Articuno|61/100
|
|upkeep
|turn|31
|
|t:|1769428549
|move|p1a: Articuno|Substitute|p1a: Articuno
|-start|p1a: Articuno|Substitute
|-damage|p1a: Articuno|36/100
|move|p2a: Chansey|Seismic Toss|p1a: Articuno
|-end|p1a: Articuno|Substitute
|
|upkeep
|turn|32
|
|t:|1769428555
|move|p1a: Articuno|Roost|p1a: Articuno
|-heal|p1a: Articuno|86/100
|-singleturn|p1a: Articuno|move: Roost
|move|p2a: Chansey|Seismic Toss|p1a: Articuno
|-damage|p1a: Articuno|60/100
|
|upkeep
|turn|33
|
|t:|1769428571
|move|p1a: Articuno|Protect|p1a: Articuno
|-singleturn|p1a: Articuno|Protect
|move|p2a: Chansey|Seismic Toss|p1a: Articuno
|-activate|p1a: Articuno|move: Protect
|
|upkeep
|turn|34
|
|t:|1769428573
|move|p1a: Articuno|Substitute|p1a: Articuno
|-start|p1a: Articuno|Substitute
|-damage|p1a: Articuno|35/100
|move|p2a: Chansey|Seismic Toss|p1a: Articuno
|-end|p1a: Articuno|Substitute
|
|upkeep
|turn|35
|inactive|los chipirones has 120 seconds left.
|
|t:|1769428617
|switch|p2a: Dragonite|Dragonite, M|100/100
|move|p1a: Articuno|Roost|p1a: Articuno
|-heal|p1a: Articuno|85/100
|-singleturn|p1a: Articuno|move: Roost
|
|upkeep
|turn|36
|
|t:|1769428622
|move|p2a: Dragonite|Dragon Dance|p2a: Dragonite
|-boost|p2a: Dragonite|atk|1
|-boost|p2a: Dragonite|spe|1
|move|p1a: Articuno|Freeze-Dry|p2a: Dragonite
|-supereffective|p2a: Dragonite
|-damage|p2a: Dragonite|10/100
|
|upkeep
|turn|37
|
|t:|1769428627
|-terastallize|p1a: Articuno|Steel
|move|p2a: Dragonite|Dragon Claw|p1a: Articuno
|-resisted|p1a: Articuno
|-damage|p1a: Articuno|48/100
|-damage|p2a: Dragonite|0 fnt|[from] item: Life Orb
|faint|p2a: Dragonite
|move|p1a: Articuno|Freeze-Dry|p2: Dragonite|[notarget]
|-fail|p1a: Articuno
|
|upkeep
|-message|boom moon forfeited.
|
|win|los chipirones
|raw|los chipirones's rating: 1177 &rarr; <strong>1204</strong><br />(+27 for winning)
|raw|boom moon's rating: 1206 &rarr; <strong>1179</strong><br />(-27 for losing)
|l|☆boom moon
|player|p2|
|l|☆los chipirones
|player|p1|
