|j|☆hackingefidiant
|j|☆Cupid's Curse
|t:|1769318162
|gametype|singles
|player|p1|hackingefidiant|unknownf|1520
|player|p2|Cupid's Curse|sabrina-lgpe|1552
|gen|9
|tier|[Gen 9] OU
|rated|
|rule|HP Percentage Mod: HP is shown in percentages
|rule|Endless Battle Clause: Forcing endless battles is banned
|rule|Species Clause: Limit one of each Pokémon
|rule|OHKO Clause: OHKO moves are banned
|rule|Evasion Items Clause: Evasion items are banned
|rule|Evasion Moves Clause: Evasion moves are banned
|rule|Evasion Abilities Clause: Evasion abilities are banned
|rule|Sleep Moves Clause: Sleep-inducing moves are banned
|clearpoke
|poke|p1|Kyurem|
|poke|p1|Slowking-Galar, F|
|poke|p1|Alomomola, M|
|poke|p1|Great Tusk|
|poke|p1|Samurott-Hisui, F|
|poke|p1|Enamorus, F|
|poke|p2|Gholdengo|
|poke|p2|Corviknight, M|
|poke|p2|Toxapex, M|
|poke|p2|Garchomp, M|
|poke|p2|Weavile, F|
|poke|p2|Dragapult, M|
|teampreview
|
|t:|1769318182
|teamsize|p1|6
|teamsize|p2|6
|start
|switch|p1a: Kyurem|Kyurem|100/100
|switch|p2a: Dragapult|Dragapult, M|100/100
|-ability|p1a: Kyurem|Pressure
|turn|1
|
|t:|1769318191
|move|p2a: Dragapult|U-turn|p1a: Kyurem
|-damage|p1a: Kyurem|82/100
|
|t:|1769318203
|switch|p2a: Gholdengo|Gholdengo|100/100|[from] U-turn
|move|p1a: Kyurem|Ice Beam|p2a: Gholdengo
|-resisted|p2a: Gholdengo
|-damage|p2a: Gholdengo|64/100
|
|-heal|p2a: Gholdengo|70/100|[from] item: Leftovers
|upkeep
|turn|2
|j| firecharmander004
|
|t:|1769318220
|switch|p1a: Samurott|Samurott-Hisui, F|100/100
|move|p2a: Gholdengo|Make It Rain|p1a: Samurott
|-resisted|p1a: Samurott
|-damage|p1a: Samurott|57/100
|-unboost|p2a: Gholdengo|spa|1
|
|-heal|p2a: Gholdengo|76/100|[from] item: Leftovers
|upkeep
|turn|3
|
|t:|1769318229
|switch|p2a: Garchomp|Garchomp, M|100/100
|move|p1a: Samurott|Knock Off|p2a: Garchomp
|-damage|p2a: Garchomp|55/100
|-damage|p1a: Samurott|44/100|[from] ability: Rough Skin|[of] p2a: Garchomp
|-damage|p1a: Samurott|28/100|[from] item: Rocky Helmet|[of] p2a: Garchomp
|-enditem|p2a: Garchomp|Rocky Helmet|[from] move: Knock Off|[of] p1a: Samurott
|
|upkeep
|turn|4
|
|t:|1769318244
|switch|p1a: Kyurem|Kyurem|82/100
|-ability|p1a: Kyurem|Pressure
|move|p2a: Garchomp|Stealth Rock|p1a: Kyurem
|-sidestart|p1: hackingefidiant|move: Stealth Rock
|
|upkeep
|turn|5
|
|t:|1769318259
|switch|p2a: Toxapex|Toxapex, M|100/100
|move|p1a: Kyurem|Earth Power|p2a: Toxapex
|-supereffective|p2a: Toxapex
|-damage|p2a: Toxapex|42/100
|
|upkeep
|turn|6
|
|t:|1769318275
|switch|p1a: Slowking|Slowking-Galar, F|100/100
|switch|p2a: Corviknight|Corviknight, M|100/100
|-ability|p2a: Corviknight|Pressure
|
|upkeep
|turn|7
|
|t:|1769318283
|move|p2a: Corviknight|U-turn|p1a: Slowking
|-damage|p1a: Slowking|85/100
|
|t:|1769318289
|switch|p2a: Dragapult|Dragapult, M|100/100|[from] U-turn
|-prepare|p1a: Slowking|Chilly Reception|[premajor]
|move|p1a: Slowking|Chilly Reception|p1a: Slowking
|-weather|Snowscape
|j| H1tTheWitch
|l| H1tTheWitch
|
|t:|1769318323
|switch|p1a: Enamorus|Enamorus, F|100/100|[from] Chilly Reception
|-damage|p1a: Enamorus|76/100|[from] Stealth Rock
|
|-weather|Snowscape|[upkeep]
|upkeep
|turn|8
|
|t:|1769318355
|switch|p2a: Toxapex|Toxapex, M|75/100
|move|p1a: Enamorus|Moonblast|p2a: Toxapex
|-resisted|p2a: Toxapex
|-damage|p2a: Toxapex|58/100
|
|-weather|Snowscape|[upkeep]
|upkeep
|turn|9
|
|t:|1769318363
|switch|p1a: Slowking|Slowking-Galar, F|100/100
|move|p2a: Toxapex|Liquidation|p1a: Slowking
|-damage|p1a: Slowking|81/100
|
|-weather|Snowscape|[upkeep]
|upkeep
|turn|10
|
|t:|1769318370
|move|p2a: Toxapex|Toxic Spikes|p1a: Slowking
|-sidestart|p1: hackingefidiant|move: Toxic Spikes
|-prepare|p1a: Slowking|Chilly Reception|[premajor]
|move|p1a: Slowking|Chilly Reception|p1a: Slowking
|
|t:|1769318376
|switch|p1a: Great Tusk|Great Tusk|100/100|[from] Chilly Reception
|
|-weather|Snowscape|[upkeep]
|upkeep
|turn|11
|
|t:|1769318387
|switch|p2a: Dragapult|Dragapult, M|100/100
|move|p1a: Great Tusk|Headlong Rush|p2a: Dragapult
|-damage|p2a: Dragapult|23/100
|-unboost|p1a: Great Tusk|def|1
|-unboost|p1a: Great Tusk|spd|1
|
|-weather|none
|upkeep
|turn|12
|
|t:|1769318399
|-end|p1a: Great Tusk|Protosynthesis|[silent]
|switch|p1a: Slowking|Slowking-Galar, F|100/100
|-sideend|p1: hackingefidiant|move: Toxic Spikes|[of] p1a: Slowking
|move|p2a: Dragapult|U-turn|p1a: Slowking
|-damage|p1a: Slowking|79/100
|
|t:|1769318404
|switch|p2a: Weavile|Weavile, F|100/100|[from] U-turn
|
|upkeep
|turn|13
|
|t:|1769318410
|switch|p1a: Alomomola|Alomomola, M|100/100
|-damage|p1a: Alomomola|88/100|[from] Stealth Rock
|move|p2a: Weavile|Knock Off|p1a: Alomomola
|-damage|p1a: Alomomola|47/100
|-damage|p2a: Weavile|84/100|[from] item: Rocky Helmet|[of] p1a: Alomomola
|-enditem|p1a: Alomomola|Rocky Helmet|[from] move: Knock Off|[of] p2a: Weavile
|
|upkeep
|turn|14
|
|t:|1769318419
|move|p2a: Weavile|Knock Off|p1a: Alomomola
|-damage|p1a: Alomomola|21/100
|move|p1a: Alomomola|Scald|p2a: Weavile
|-damage|p2a: Weavile|66/100
|
|upkeep
|turn|15
|
|t:|1769318428
|switch|p1a: Great Tusk|Great Tusk|100/100
|move|p2a: Weavile|Knock Off|p1a: Great Tusk
|-resisted|p1a: Great Tusk
|-damage|p1a: Great Tusk|79/100
|-enditem|p1a: Great Tusk|Heavy-Duty Boots|[from] move: Knock Off|[of] p2a: Weavile
|
|upkeep
|turn|16
|
|t:|1769318458
|switch|p2a: Dragapult|Dragapult, M|23/100
|move|p1a: Great Tusk|Ice Spinner|p2a: Dragapult
|-supereffective|p2a: Dragapult
|-damage|p2a: Dragapult|0 fnt
|faint|p2a: Dragapult
|
|upkeep
|inactive|Battle timer is ON: inactive players will automatically lose when time's up. (requested by hackingefidiant)
|inactive|Cupid's Curse has 120 seconds left.
|
|t:|1769318519
|switch|p2a: Weavile|Weavile, F|66/100
|turn|17
|
|t:|1769318544
|-terastallize|p1a: Great Tusk|Steel
|move|p2a: Weavile|Triple Axel|p1a: Great Tusk
|-resisted|p1a: Great Tusk
|-damage|p1a: Great Tusk|74/100
|-resisted|p1a: Great Tusk
|-damage|p1a: Great Tusk|64/100
|-resisted|p1a: Great Tusk
|-damage|p1a: Great Tusk|49/100
|-hitcount|p1a: Great Tusk|3
|move|p1a: Great Tusk|Rapid Spin|p2a: Weavile
|-damage|p2a: Weavile|41/100
|-boost|p1a: Great Tusk|spe|1
|-sideend|p1: hackingefidiant|Stealth Rock|[from] move: Rapid Spin|[of] p1a: Great Tusk
|
|upkeep
|turn|18
|
|t:|1769318559
|switch|p2a: Corviknight|Corviknight, M|100/100
|-ability|p2a: Corviknight|Pressure
|move|p1a: Great Tusk|Headlong Rush|p2a: Corviknight
|-immune|p2a: Corviknight
|
|upkeep
|turn|19
|
|t:|1769318563
|move|p1a: Great Tusk|Stealth Rock|p2a: Corviknight
|-sidestart|p2: Cupid's Curse|move: Stealth Rock
|move|p2a: Corviknight|U-turn|p1a: Great Tusk
|-resisted|p1a: Great Tusk
|-damage|p1a: Great Tusk|45/100
|
|t:|1769318567
|switch|p2a: Gholdengo|Gholdengo|76/100|[from] U-turn
|-damage|p2a: Gholdengo|70/100|[from] Stealth Rock
|
|-heal|p2a: Gholdengo|76/100|[from] item: Leftovers
|upkeep
|turn|20
|
|t:|1769318578
|switch|p2a: Corviknight|Corviknight, M|100/100
|-damage|p2a: Corviknight|88/100|[from] Stealth Rock
|-ability|p2a: Corviknight|Pressure
|move|p1a: Great Tusk|Headlong Rush|p2a: Corviknight
|-immune|p2a: Corviknight
|
|upkeep
|turn|21
|inactive|Cupid's Curse has 120 seconds left.
|
|t:|1769318626
|-end|p1a: Great Tusk|Protosynthesis|[silent]
|switch|p1a: Alomomola|Alomomola, M|54/100
|move|p2a: Corviknight|Defog|p1a: Alomomola
|-unboost|p1a: Alomomola|evasion|1
|-sideend|p2: Cupid's Curse|Stealth Rock|[from] move: Defog|[of] p2a: Corviknight
|
|upkeep
|turn|22
|
|t:|1769318637
|switch|p2a: Garchomp|Garchomp, M|55/100
|move|p1a: Alomomola|Flip Turn|p2a: Garchomp
|-damage|p2a: Garchomp|45/100
|-damage|p1a: Alomomola|42/100|[from] ability: Rough Skin|[of] p2a: Garchomp
|
|t:|1769318650
|switch|p1a: Kyurem|Kyurem|82/100|[from] Flip Turn
|-ability|p1a: Kyurem|Pressure
|
|upkeep
|turn|23
|inactive|Cupid's Curse has 120 seconds left.
|inactive|Cupid's Curse has 90 seconds left.
|
|t:|1769318685
|switch|p2a: Corviknight|Corviknight, M|88/100
|-ability|p2a: Corviknight|Pressure
|move|p1a: Kyurem|Freeze-Dry|p2a: Corviknight
|-damage|p2a: Corviknight|34/100
|
|upkeep
|turn|24
|
|t:|1769318693
|switch|p2a: Gholdengo|Gholdengo|76/100
|move|p1a: Kyurem|Freeze-Dry|p2a: Gholdengo
|-resisted|p2a: Gholdengo
|-damage|p2a: Gholdengo|50/100
|
|-heal|p2a: Gholdengo|56/100|[from] item: Leftovers
|upkeep
|turn|25
|j| sixlegoat
|
|t:|1769318703
|switch|p1a: Slowking|Slowking-Galar, F|100/100
|move|p2a: Gholdengo|Make It Rain|p1a: Slowking
|-damage|p1a: Slowking|69/100
|-unboost|p2a: Gholdengo|spa|1
|
|-heal|p2a: Gholdengo|62/100|[from] item: Leftovers
|upkeep
|turn|26
|
|t:|1769318707
|move|p2a: Gholdengo|Recover|p2a: Gholdengo
|-heal|p2a: Gholdengo|100/100
|-prepare|p1a: Slowking|Chilly Reception|[premajor]
|move|p1a: Slowking|Chilly Reception|p1a: Slowking
|-weather|Snowscape
|
|t:|1769318712
|switch|p1a: Samurott|Samurott-Hisui, F|28/100|[from] Chilly Reception
|
|-weather|Snowscape|[upkeep]
|upkeep
|turn|27
|inactive|Cupid's Curse has 120 seconds left.
|
|t:|1769318746
|switch|p2a: Garchomp|Garchomp, M|45/100
|move|p1a: Samurott|Ceaseless Edge|p2a: Garchomp
|-damage|p2a: Garchomp|1/100
|-damage|p1a: Samurott|15/100|[from] ability: Rough Skin|[of] p2a: Garchomp
|-sidestart|p2: Cupid's Curse|Spikes
|
|-weather|Snowscape|[upkeep]
|upkeep
|turn|28
|
|t:|1769318773
|switch|p1a: Alomomola|Alomomola, M|75/100
|move|p2a: Garchomp|Stealth Rock|p1a: Alomomola
|-sidestart|p1: hackingefidiant|move: Stealth Rock
|
|-weather|Snowscape|[upkeep]
|upkeep
|turn|29
|inactive|Cupid's Curse has 90 seconds left.
|
|t:|1769318822
|move|p2a: Garchomp|Spikes|p1a: Alomomola
|-sidestart|p1: hackingefidiant|Spikes
|move|p1a: Alomomola|Flip Turn|p2a: Garchomp
|-damage|p2a: Garchomp|0 fnt
|-damage|p1a: Alomomola|63/100|[from] ability: Rough Skin|[of] p2a: Garchomp
|faint|p2a: Garchomp
|inactive|hackingefidiant has 120 seconds left.
|
|t:|1769318847
|switch|p1a: Great Tusk|Great Tusk, tera:Steel|45/100|[from] Flip Turn
|-damage|p1a: Great Tusk|38/100|[from] Stealth Rock
|-damage|p1a: Great Tusk|26/100|[from] Spikes
|
|-weather|Snowscape|[upkeep]
|upkeep
|
|t:|1769318869
|switch|p2a: Weavile|Weavile, F|41/100
|-damage|p2a: Weavile|29/100|[from] Spikes
|turn|30
|
|t:|1769318873
|-end|p1a: Great Tusk|Protosynthesis|[silent]
|switch|p1a: Alomomola|Alomomola, M|96/100
|-damage|p1a: Alomomola|83/100|[from] Stealth Rock
|-damage|p1a: Alomomola|71/100|[from] Spikes
|move|p2a: Weavile|Knock Off|p1a: Alomomola
|-damage|p1a: Alomomola|46/100
|
|-weather|none
|upkeep
|turn|31
|
|t:|1769318879
|move|p2a: Weavile|Knock Off|p1a: Alomomola
|-damage|p1a: Alomomola|18/100
|move|p1a: Alomomola|Flip Turn|p2a: Weavile
|-damage|p2a: Weavile|0 fnt
|faint|p2a: Weavile
|inactive|hackingefidiant has 120 seconds left.
|
|t:|1769318902
|switch|p1a: Kyurem|Kyurem|82/100|[from] Flip Turn
|-damage|p1a: Kyurem|57/100|[from] Stealth Rock
|-damage|p1a: Kyurem|45/100|[from] Spikes
|-ability|p1a: Kyurem|Pressure
|
|upkeep
|inactive|Cupid's Curse has 90 seconds left.
|
|t:|1769318915
|switch|p2a: Gholdengo|Gholdengo|100/100
|-damage|p2a: Gholdengo|88/100|[from] Spikes
|turn|32
|inactive|Cupid's Curse has 90 seconds left.
|
|t:|1769318923
|-terastallize|p2a: Gholdengo|Fairy
|move|p1a: Kyurem|Earth Power|p2a: Gholdengo
|-damage|p2a: Gholdengo|40/100
|move|p2a: Gholdengo|Make It Rain|p1a: Kyurem
|-supereffective|p1a: Kyurem
|-damage|p1a: Kyurem|0 fnt
|-unboost|p2a: Gholdengo|spa|1
|faint|p1a: Kyurem
|
|-heal|p2a: Gholdengo|47/100|[from] item: Leftovers
|upkeep
|
|t:|1769318931
|switch|p1a: Great Tusk|Great Tusk, tera:Steel|26/100
|-damage|p1a: Great Tusk|20/100|[from] Stealth Rock
|-damage|p1a: Great Tusk|7/100|[from] Spikes
|turn|33
|inactive|Cupid's Curse has 90 seconds left.
|
|t:|1769318974
|switch|p2a: Corviknight|Corviknight, M|34/100
|-ability|p2a: Corviknight|Pressure
|move|p1a: Great Tusk|Rapid Spin|p2a: Corviknight
|-resisted|p2a: Corviknight
|-damage|p2a: Corviknight|30/100
|-boost|p1a: Great Tusk|spe|1
|-damage|p1a: Great Tusk|0 fnt|[from] item: Rocky Helmet|[of] p2a: Corviknight
|faint|p1a: Great Tusk
|-end|p1a: Great Tusk|Protosynthesis|[silent]
|
|upkeep
|l| firecharmander004
|inactive|hackingefidiant has 120 seconds left.
|
|t:|1769319018
|switch|p1a: Enamorus|Enamorus, F|76/100
|-damage|p1a: Enamorus|51/100|[from] Stealth Rock
|turn|34
|inactive|Cupid's Curse has 60 seconds left.
|inactive|Cupid's Curse has 30 seconds left.
|l| sixlegoat
|inactive|Cupid's Curse has 20 seconds left.
|inactive|Cupid's Curse has 15 seconds left.
|inactive|Cupid's Curse has 10 seconds left.
|
|t:|1769319092
|move|p1a: Enamorus|Mystical Fire|p2a: Corviknight
|-supereffective|p2a: Corviknight
|-crit|p2a: Corviknight
|-damage|p2a: Corviknight|0 fnt
|faint|p2a: Corviknight
|
|upkeep
|inactive|Cupid's Curse has 15 seconds left this turn.
|inactive|Cupid's Curse has 10 seconds left.
|
|t:|1769319098
|switch|p2a: Toxapex|Toxapex, M|91/100
|-damage|p2a: Toxapex|79/100|[from] Spikes
|turn|35
|inactive|Cupid's Curse has 20 seconds left this turn.
|inactive|Cupid's Curse has 15 seconds left.
|
|t:|1769319105
|switch|p1a: Samurott|Samurott-Hisui, F|15/100
|-damage|p1a: Samurott|3/100|[from] Stealth Rock
|-damage|p1a: Samurott|0 fnt|[from] Spikes
|faint|p1a: Samurott
|switch|p2a: Gholdengo|Gholdengo, tera:Fairy|47/100
|-damage|p2a: Gholdengo|34/100|[from] Spikes
|
|-heal|p2a: Gholdengo|40/100|[from] item: Leftovers
|upkeep
|
|t:|1769319111
|switch|p1a: Enamorus|Enamorus, F|51/100
|-damage|p1a: Enamorus|26/100|[from] Stealth Rock
|turn|36
|inactive|Cupid's Curse has 30 seconds left this turn.
|inactive|Cupid's Curse has 20 seconds left.
|inactive|Cupid's Curse has 15 seconds left.
|inactive|Cupid's Curse has 10 seconds left.
|inactive|hackingefidiant has 90 seconds left.
|
|t:|1769319152
|switch|p2a: Toxapex|Toxapex, M|100/100
|-damage|p2a: Toxapex|88/100|[from] Spikes
|move|p1a: Enamorus|Earth Power|p2a: Toxapex
|-supereffective|p2a: Toxapex
|-damage|p2a: Toxapex|41/100
|
|upkeep
|turn|37
|inactive|Cupid's Curse has 20 seconds left this turn.
|inactive|Cupid's Curse has 15 seconds left.
|
|t:|1769319159
|move|p1a: Enamorus|Earth Power|p2a: Toxapex
|-supereffective|p2a: Toxapex
|-damage|p2a: Toxapex|0 fnt
|faint|p2a: Toxapex
|
|upkeep
|inactive|Cupid's Curse has 20 seconds left this turn.
|
|t:|1769319162
|switch|p2a: Gholdengo|Gholdengo, tera:Fairy|40/100
|-damage|p2a: Gholdengo|28/100|[from] Spikes
|turn|38
|inactive|Cupid's Curse has 30 seconds left this turn.
|
|t:|1769319166
|move|p1a: Enamorus|Earth Power|p2a: Gholdengo
|-damage|p2a: Gholdengo|0 fnt
|faint|p2a: Gholdengo
|
|win|hackingefidiant
|raw|hackingefidiant's rating: 1520 &rarr; <strong>1542</strong><br />(+22 for winning)
|raw|Cupid&apos;s Curse's rating: 1552 &rarr; <strong>1530</strong><br />(-22 for losing)
|c|☆hackingefidiant|gg
|c|☆Cupid's Curse|gg sorry
|l|☆Cupid's Curse
|player|p2|
|l|☆hackingefidiant
|player|p1|
