|j|☆shottyoddyoddy
|j|☆LilacTRW
|t:|1769413331
|gametype|singles
|player|p1|shottyoddyoddy|vince|1194
|player|p2|LilacTRW|doubleteam|1240
|gen|9
|tier|[Gen 9] OU
|rated|
|rule|HP Percentage Mod: HP is shown in percentages
|rule|Endless Battle Clause: Forcing endless battles is banned
|rule|Species Clause: Limit one of each Pokémon
|rule|OHKO Clause: OHKO moves are banned
|rule|Evasion Items Clause: Evasion items are banned
|rule|Evasion Moves Clause: Evasion moves are banned
|rule|Evasion Abilities Clause: Evasion abilities are banned
|rule|Sleep Moves Clause: Sleep-inducing moves are banned
|clearpoke
|poke|p1|Goodra-Hisui, F|
|poke|p1|Mandibuzz, F|
|poke|p1|Glaceon, M|
|poke|p1|Cinderace, M|
|poke|p1|Slowking, M|
|poke|p1|Great Tusk|
|poke|p2|Slowking-Galar, M|
|poke|p2|Ursaluna, F|
|poke|p2|Cinderace, F|
|poke|p2|Ogerpon-Wellspring, F|
|poke|p2|Dragonite, M|
|poke|p2|Armarouge, M|
|teampreview
|
|t:|1769413346
|teamsize|p1|6
|teamsize|p2|6
|start
|switch|p1a: Slowking|Slowking, M|100/100
|switch|p2a: ket fein|Slowking-Galar, M|100/100
|turn|1
|c|☆LilacTRW|well well well
|
|t:|1769413357
|move|p1a: Slowking|Thunder Wave|p2a: ket fein
|-status|p2a: ket fein|par
|move|p2a: ket fein|Trick Room|p2a: ket fein
|-fieldstart|move: Trick Room|[of] p2a: ket fein
|
|upkeep
|turn|2
|
|t:|1769413365
|move|p1a: Slowking|Future Sight|p2a: ket fein
|-start|p1a: Slowking|move: Future Sight
|-prepare|p2a: ket fein|Chilly Reception|[premajor]
|move|p2a: ket fein|Chilly Reception|p2a: ket fein
|-weather|Snowscape
|
|t:|1769413381
|switch|p2a: trick room crutch|Ursaluna, F|100/100|[from] Chilly Reception
|
|-weather|Snowscape|[upkeep]
|-status|p2a: trick room crutch|brn|[from] item: Flame Orb
|upkeep
|turn|3
|
|t:|1769413395
|switch|p1a: Mandibuzz|Mandibuzz, F|100/100
|move|p2a: trick room crutch|Facade|p1a: Mandibuzz
|-damage|p1a: Mandibuzz|27/100
|
|-weather|Snowscape|[upkeep]
|-damage|p2a: trick room crutch|94/100 brn|[from] brn
|upkeep
|turn|4
|
|t:|1769413403
|move|p2a: trick room crutch|Facade|p1a: Mandibuzz
|-damage|p1a: Mandibuzz|0 fnt
|faint|p1a: Mandibuzz
|
|-weather|Snowscape|[upkeep]
|-end|p2a: trick room crutch|move: Future Sight
|-damage|p2a: trick room crutch|59/100 brn
|-damage|p2a: trick room crutch|53/100 brn|[from] brn
|upkeep
|
|t:|1769413426
|switch|p1a: Great Tusk|Great Tusk|100/100
|turn|5
|
|t:|1769413437
|move|p2a: trick room crutch|Facade|p1a: Great Tusk
|-damage|p1a: Great Tusk|15/100
|move|p1a: Great Tusk|Bulk Up|p1a: Great Tusk
|-boost|p1a: Great Tusk|atk|1
|-boost|p1a: Great Tusk|def|1
|
|-weather|Snowscape|[upkeep]
|-heal|p1a: Great Tusk|21/100|[from] item: Leftovers
|-damage|p2a: trick room crutch|47/100 brn|[from] brn
|-fieldend|move: Trick Room
|upkeep
|turn|6
|
|t:|1769413461
|switch|p2a: triple axel victim|Dragonite, M|100/100
|move|p1a: Great Tusk|Ice Spinner|p2a: triple axel victim
|-supereffective|p2a: triple axel victim
|-damage|p2a: triple axel victim|26/100
|
|-weather|none
|-heal|p1a: Great Tusk|28/100|[from] item: Leftovers
|-heal|p2a: triple axel victim|32/100|[from] item: Leftovers
|upkeep
|turn|7
|
|t:|1769413486
|switch|p2a: goober|Armarouge, M|100/100
|move|p1a: Great Tusk|Ice Spinner|p2a: goober
|-resisted|p2a: goober
|-damage|p2a: goober|81/100
|-ability|p2a: goober|Weak Armor|boost
|-unboost|p2a: goober|def|1
|-boost|p2a: goober|spe|2
|
|-heal|p1a: Great Tusk|34/100|[from] item: Leftovers
|upkeep
|turn|8
|
|t:|1769413498
|-end|p1a: Great Tusk|Protosynthesis|[silent]
|switch|p1a: Slowking|Slowking, M|100/100
|move|p2a: goober|Armor Cannon|p1a: Slowking
|-resisted|p1a: Slowking
|-damage|p1a: Slowking|83/100
|-unboost|p2a: goober|def|1
|-unboost|p2a: goober|spd|1
|
|upkeep
|turn|9
|
|t:|1769413517
|switch|p2a: ket fein|Slowking-Galar, M|100/100 par
|move|p1a: Slowking|Thunder Wave|p2a: ket fein|[miss]
|-miss|p1a: Slowking|p2a: ket fein
|
|upkeep
|turn|10
|
|t:|1769413545
|switch|p1a: Glaceon|Glaceon, M, shiny|100/100
|move|p2a: ket fein|Trick Room|p2a: ket fein
|-fieldstart|move: Trick Room|[of] p2a: ket fein
|
|upkeep
|turn|11
|
|t:|1769413556
|move|p1a: Glaceon|Ice Beam|p2a: ket fein
|-damage|p2a: ket fein|50/100 par
|-prepare|p2a: ket fein|Chilly Reception|[premajor]
|move|p2a: ket fein|Chilly Reception|p2a: ket fein
|-weather|Snowscape
|
|t:|1769413562
|switch|p2a: trick room crutch|Ursaluna, F|47/100 brn|[from] Chilly Reception
|
|-weather|Snowscape|[upkeep]
|-damage|p2a: trick room crutch|40/100 brn|[from] brn
|upkeep
|turn|12
|
|t:|1769413573
|move|p2a: trick room crutch|Facade|p1a: Glaceon
|-damage|p1a: Glaceon|4/100
|move|p1a: Glaceon|Ice Beam|p2a: trick room crutch
|-supereffective|p2a: trick room crutch
|-damage|p2a: trick room crutch|0 fnt
|faint|p2a: trick room crutch
|
|-weather|Snowscape|[upkeep]
|-heal|p1a: Glaceon|10/100|[from] ability: Ice Body
|upkeep
|
|t:|1769413595
|switch|p2a: triple axel victim|Dragonite, M|32/100
|turn|13
|
|t:|1769413602
|move|p2a: triple axel victim|Extreme Speed|p1a: Glaceon
|-damage|p1a: Glaceon|0 fnt
|faint|p1a: Glaceon
|
|-weather|Snowscape|[upkeep]
|-heal|p2a: triple axel victim|39/100|[from] item: Leftovers
|upkeep
|
|t:|1769413620
|switch|p1a: Slowking|Slowking, M|100/100
|turn|14
|
|t:|1769413635
|move|p1a: Slowking|Scald|p2a: triple axel victim
|-resisted|p2a: triple axel victim
|-damage|p2a: triple axel victim|27/100
|move|p2a: triple axel victim|Roost|p2a: triple axel victim
|-heal|p2a: triple axel victim|77/100
|-singleturn|p2a: triple axel victim|move: Roost
|
|-weather|Snowscape|[upkeep]
|-heal|p2a: triple axel victim|83/100|[from] item: Leftovers
|-fieldend|move: Trick Room
|upkeep
|turn|15
|
|t:|1769413643
|move|p2a: triple axel victim|Dragon Dance|p2a: triple axel victim
|-boost|p2a: triple axel victim|atk|1
|-boost|p2a: triple axel victim|spe|1
|move|p1a: Slowking|Scald|p2a: triple axel victim
|-resisted|p2a: triple axel victim
|-damage|p2a: triple axel victim|72/100
|
|-weather|none
|-heal|p2a: triple axel victim|78/100|[from] item: Leftovers
|upkeep
|turn|16
|
|t:|1769413656
|move|p2a: triple axel victim|Dragon Dance|p2a: triple axel victim
|-boost|p2a: triple axel victim|atk|1
|-boost|p2a: triple axel victim|spe|1
|move|p1a: Slowking|Scald|p2a: triple axel victim
|-resisted|p2a: triple axel victim
|-damage|p2a: triple axel victim|66/100
|
|-heal|p2a: triple axel victim|72/100|[from] item: Leftovers
|upkeep
|turn|17
|
|t:|1769413664
|move|p2a: triple axel victim|Extreme Speed|p1a: Slowking
|-damage|p1a: Slowking|42/100
|move|p1a: Slowking|Scald|p2a: triple axel victim
|-resisted|p2a: triple axel victim
|-damage|p2a: triple axel victim|60/100
|-status|p2a: triple axel victim|brn
|
|-heal|p2a: triple axel victim|66/100 brn|[from] item: Leftovers
|-damage|p2a: triple axel victim|60/100 brn|[from] brn
|upkeep
|turn|18
|
|t:|1769413676
|move|p2a: triple axel victim|Extreme Speed|p1a: Slowking
|-damage|p1a: Slowking|14/100
|-prepare|p1a: Slowking|Chilly Reception|[premajor]
|move|p1a: Slowking|Chilly Reception|p1a: Slowking
|-weather|Snowscape
|inactive|Battle timer is ON: inactive players will automatically lose when time's up. (requested by LilacTRW)
|
|t:|1769413685
|switch|p1a: Great Tusk|Great Tusk|34/100|[from] Chilly Reception
|
|-weather|Snowscape|[upkeep]
|-heal|p2a: triple axel victim|66/100 brn|[from] item: Leftovers
|-heal|p1a: Great Tusk|40/100|[from] item: Leftovers
|-damage|p2a: triple axel victim|60/100 brn|[from] brn
|upkeep
|turn|19
|
|t:|1769413694
|move|p2a: triple axel victim|Blizzard|p1a: Great Tusk
|-supereffective|p1a: Great Tusk
|-damage|p1a: Great Tusk|0 fnt
|faint|p1a: Great Tusk
|-end|p1a: Great Tusk|Protosynthesis|[silent]
|
|-weather|Snowscape|[upkeep]
|-heal|p2a: triple axel victim|66/100 brn|[from] item: Leftovers
|-damage|p2a: triple axel victim|60/100 brn|[from] brn
|upkeep
|c|☆LilacTRW|thx for the snow
|
|t:|1769413722
|switch|p1a: Cinderace|Cinderace, M|100/100
|turn|20
|
|t:|1769413737
|move|p2a: triple axel victim|Extreme Speed|p1a: Cinderace
|-damage|p1a: Cinderace|55/100
|move|p1a: Cinderace|Pyro Ball|p2a: triple axel victim
|-resisted|p2a: triple axel victim
|-damage|p2a: triple axel victim|27/100 brn
|
|-weather|Snowscape|[upkeep]
|-heal|p2a: triple axel victim|33/100 brn|[from] item: Leftovers
|-damage|p2a: triple axel victim|27/100 brn|[from] brn
|upkeep
|turn|21
|c|☆shottyoddyoddy|what a set
|
|t:|1769413748
|move|p1a: Cinderace|Sucker Punch||[still]
|-fail|p1a: Cinderace
|move|p2a: triple axel victim|Roost|p2a: triple axel victim
|-heal|p2a: triple axel victim|77/100 brn
|-singleturn|p2a: triple axel victim|move: Roost
|
|-weather|Snowscape|[upkeep]
|-heal|p2a: triple axel victim|83/100 brn|[from] item: Leftovers
|-damage|p2a: triple axel victim|77/100 brn|[from] brn
|upkeep
|turn|22
|c|☆LilacTRW|this set sucks i made it myself but its fun asf to play
|
|t:|1769413763
|move|p2a: triple axel victim|Extreme Speed|p1a: Cinderace
|-damage|p1a: Cinderace|12/100
|move|p1a: Cinderace|Pyro Ball|p2a: triple axel victim
|-resisted|p2a: triple axel victim
|-damage|p2a: triple axel victim|46/100 brn
|
|-weather|none
|-heal|p2a: triple axel victim|53/100 brn|[from] item: Leftovers
|-damage|p2a: triple axel victim|46/100 brn|[from] brn
|upkeep
|turn|23
|
|t:|1769413775
|move|p1a: Cinderace|Pyro Ball|p2a: triple axel victim|[miss]
|-miss|p1a: Cinderace|p2a: triple axel victim
|move|p2a: triple axel victim|Roost|p2a: triple axel victim
|-heal|p2a: triple axel victim|96/100 brn
|-singleturn|p2a: triple axel victim|move: Roost
|
|-heal|p2a: triple axel victim|100/100 brn|[from] item: Leftovers
|-damage|p2a: triple axel victim|94/100 brn|[from] brn
|upkeep
|turn|24
|c|☆shottyoddyoddy|lol
|inactive|LilacTRW has 120 seconds left.
|
|t:|1769413807
|move|p2a: triple axel victim|Extreme Speed|p1a: Cinderace
|-damage|p1a: Cinderace|0 fnt
|faint|p1a: Cinderace
|
|-heal|p2a: triple axel victim|100/100 brn|[from] item: Leftovers
|-damage|p2a: triple axel victim|94/100 brn|[from] brn
|upkeep
|
|t:|1769413826
|switch|p1a: Slowking|Slowking, M|47/100
|turn|25
|
|t:|1769413841
|move|p2a: triple axel victim|Dragon Dance|p2a: triple axel victim
|-boost|p2a: triple axel victim|atk|1
|-boost|p2a: triple axel victim|spe|1
|move|p1a: Slowking|Future Sight|p2a: triple axel victim
|-start|p1a: Slowking|move: Future Sight
|
|-heal|p2a: triple axel victim|100/100 brn|[from] item: Leftovers
|-damage|p2a: triple axel victim|94/100 brn|[from] brn
|upkeep
|turn|26
|
|t:|1769413845
|move|p2a: triple axel victim|Dragon Dance|p2a: triple axel victim
|-boost|p2a: triple axel victim|atk|1
|-boost|p2a: triple axel victim|spe|1
|-prepare|p1a: Slowking|Chilly Reception|[premajor]
|move|p1a: Slowking|Chilly Reception|p1a: Slowking
|-weather|Snowscape
|
|t:|1769413847
|switch|p1a: Goodra|Goodra-Hisui, F|100/100|[from] Chilly Reception
|
|-weather|Snowscape|[upkeep]
|-heal|p2a: triple axel victim|100/100 brn|[from] item: Leftovers
|-damage|p2a: triple axel victim|94/100 brn|[from] brn
|upkeep
|turn|27
|
|t:|1769413856
|move|p2a: triple axel victim|Dragon Dance|p2a: triple axel victim
|-boost|p2a: triple axel victim|atk|1
|-boost|p2a: triple axel victim|spe|1
|move|p1a: Goodra|Shelter|p1a: Goodra
|-boost|p1a: Goodra|def|2
|
|-weather|Snowscape|[upkeep]
|-end|p2a: triple axel victim|move: Future Sight
|-damage|p2a: triple axel victim|59/100 brn
|-heal|p2a: triple axel victim|65/100 brn|[from] item: Leftovers
|-damage|p2a: triple axel victim|59/100 brn|[from] brn
|upkeep
|turn|28
|c|☆LilacTRW|uh oh
|
|t:|1769413881
|switch|p2a: encara messi|Cinderace, F|100/100
|move|p1a: Goodra|Shelter|p1a: Goodra
|-boost|p1a: Goodra|def|2
|
|-weather|Snowscape|[upkeep]
|upkeep
|turn|29
|
|t:|1769413887
|move|p2a: encara messi|High Jump Kick|p1a: Goodra
|-start|p2a: encara messi|typechange|Fighting|[from] ability: Libero
|-supereffective|p1a: Goodra
|-damage|p1a: Goodra|67/100
|-ability|p1a: Goodra|Gooey
|-unboost|p2a: encara messi|spe|1
|move|p1a: Goodra|Body Press|p2a: encara messi
|-damage|p2a: encara messi|14/100
|
|-weather|Snowscape|[upkeep]
|-heal|p1a: Goodra|73/100|[from] item: Leftovers
|upkeep
|turn|30
|
|t:|1769413900
|-terastallize|p1a: Goodra|Ghost
|move|p2a: encara messi|High Jump Kick|p1a: Goodra
|-immune|p1a: Goodra
|-damage|p2a: encara messi|0 fnt|[from] highjumpkick
|faint|p2a: encara messi
|move|p1a: Goodra|Body Press|p2: encara messi|[notarget]
|-fail|p1a: Goodra
|
|-weather|none
|-heal|p1a: Goodra|79/100|[from] item: Leftovers
|upkeep
|inactive|LilacTRW has 120 seconds left.
|
|t:|1769413932
|switch|p2a: goober|Armarouge, M|81/100
|turn|31
|inactive|LilacTRW has 120 seconds left.
|
|t:|1769413953
|move|p2a: goober|Armor Cannon|p1a: Goodra
|-damage|p1a: Goodra|42/100
|-unboost|p2a: goober|def|1
|-unboost|p2a: goober|spd|1
|move|p1a: Goodra|Life Dew|p1a: Goodra
|-heal|p1a: Goodra|67/100
|
|-heal|p1a: Goodra|73/100|[from] item: Leftovers
|upkeep
|turn|32
|inactive|LilacTRW has 120 seconds left.
|inactive|LilacTRW has 90 seconds left.
|
|t:|1769413999
|switch|p2a: ivy cuckold|Ogerpon-Wellspring, F|100/100
|move|p1a: Goodra|Body Press|p2a: ivy cuckold
|-damage|p2a: ivy cuckold|28/100
|
|-heal|p1a: Goodra|79/100|[from] item: Leftovers
|upkeep
|turn|33
|inactive|LilacTRW has 90 seconds left.
|
|t:|1769414008
|move|p2a: ivy cuckold|Synthesis|p2a: ivy cuckold
|-heal|p2a: ivy cuckold|78/100
|move|p1a: Goodra|Body Press|p2a: ivy cuckold
|-damage|p2a: ivy cuckold|3/100
|
|-heal|p1a: Goodra|85/100|[from] item: Leftovers
|upkeep
|turn|34
|inactive|LilacTRW has 90 seconds left.
|
|t:|1769414020
|move|p2a: ivy cuckold|Ivy Cudgel|p1a: Goodra|[anim] Ivy Cudgel Water
|-damage|p1a: Goodra|69/100
|move|p1a: Goodra|Body Press|p2a: ivy cuckold
|-damage|p2a: ivy cuckold|0 fnt
|faint|p2a: ivy cuckold
|
|-heal|p1a: Goodra|75/100|[from] item: Leftovers
|upkeep
|inactive|LilacTRW has 90 seconds left.
|c|☆shottyoddyoddy|you are not the only one with crazy sets
|c|☆LilacTRW|goodra kinda hard walls my team anyways
|
|t:|1769414054
|switch|p2a: ket fein|Slowking-Galar, M|83/100 par
|turn|35
|
|t:|1769414059
|move|p1a: Goodra|Heavy Slam|p2a: ket fein
|-damage|p2a: ket fein|51/100 par
|move|p2a: ket fein|Toxic|p1a: Goodra
|-status|p1a: Goodra|tox
|
|-heal|p1a: Goodra|81/100 tox|[from] item: Leftovers
|-damage|p1a: Goodra|75/100 tox|[from] psn
|upkeep
|turn|36
|c|☆LilacTRW|cant believe i didnt think of that sooner
|
|t:|1769414075
|switch|p1a: Slowking|Slowking, M|80/100
|switch|p2a: triple axel victim|Dragonite, M|59/100 brn
|
|-heal|p2a: triple axel victim|65/100 brn|[from] item: Leftovers
|-damage|p2a: triple axel victim|59/100 brn|[from] brn
|upkeep
|turn|37
|c|☆shottyoddyoddy|yeah
|c|☆shottyoddyoddy|thats tuff for me
|
|t:|1769414086
|move|p2a: triple axel victim|Roost|p2a: triple axel victim
|-heal|p2a: triple axel victim|100/100 brn
|-singleturn|p2a: triple axel victim|move: Roost
|move|p1a: Slowking|Future Sight|p2a: triple axel victim
|-start|p1a: Slowking|move: Future Sight
|
|-damage|p2a: triple axel victim|94/100 brn|[from] brn
|upkeep
|turn|38
|
|t:|1769414099
|switch|p2a: goober|Armarouge, M|81/100
|-prepare|p1a: Slowking|Chilly Reception|[premajor]
|move|p1a: Slowking|Chilly Reception|p1a: Slowking
|-weather|Snowscape
|
|t:|1769414107
|switch|p1a: Goodra|Goodra-Hisui, F, tera:Ghost|75/100 tox|[from] Chilly Reception
|
|-weather|Snowscape|[upkeep]
|-heal|p1a: Goodra|81/100 tox|[from] item: Leftovers
|-damage|p1a: Goodra|75/100 tox|[from] psn
|upkeep
|turn|39
|
|t:|1769414135
|switch|p2a: triple axel victim|Dragonite, M|94/100 brn
|switch|p1a: Slowking|Slowking, M|100/100
|
|-weather|Snowscape|[upkeep]
|-end|p2a: triple axel victim|move: Future Sight
|-damage|p2a: triple axel victim|60/100 brn
|-heal|p2a: triple axel victim|66/100 brn|[from] item: Leftovers
|-damage|p2a: triple axel victim|60/100 brn|[from] brn
|upkeep
|turn|40
|
|t:|1769414147
|switch|p2a: goober|Armarouge, M|81/100
|move|p1a: Slowking|Scald|p2a: goober
|-supereffective|p2a: goober
|-damage|p2a: goober|13/100
|-enditem|p2a: goober|Weakness Policy
|-boost|p2a: goober|atk|2|[from] item: Weakness Policy
|-boost|p2a: goober|spa|2|[from] item: Weakness Policy
|
|-weather|Snowscape|[upkeep]
|upkeep
|turn|41
|c|☆LilacTRW|HAHA YOU FOOL
|inactive|LilacTRW has 60 seconds left.
|c|☆LilacTRW|now watch me totally sweep
|
|t:|1769414173
|move|p2a: goober|Armor Cannon|p1a: Slowking
|-resisted|p1a: Slowking
|-damage|p1a: Slowking|64/100
|-unboost|p2a: goober|def|1
|-unboost|p2a: goober|spd|1
|move|p1a: Slowking|Scald|p2a: goober
|-supereffective|p2a: goober
|-damage|p2a: goober|0 fnt
|faint|p2a: goober
|
|-weather|Snowscape|[upkeep]
|upkeep
|
|t:|1769414192
|switch|p2a: ket fein|Slowking-Galar, M|84/100 par
|turn|42
|
|t:|1769414205
|move|p1a: Slowking|Future Sight|p2a: ket fein
|-start|p1a: Slowking|move: Future Sight
|move|p2a: ket fein|Trick Room|p2a: ket fein
|-fieldstart|move: Trick Room|[of] p2a: ket fein
|
|-weather|none
|upkeep
|turn|43
|
|t:|1769414210
|move|p1a: Slowking|Scald|p2a: ket fein
|-damage|p2a: ket fein|66/100 par
|move|p2a: ket fein|Sludge Bomb|p1a: Slowking
|-damage|p1a: Slowking|42/100
|-status|p1a: Slowking|psn
|
|-damage|p1a: Slowking|29/100 psn|[from] psn
|upkeep
|turn|44
|
|t:|1769414215
|-prepare|p1a: Slowking|Chilly Reception|[premajor]
|move|p1a: Slowking|Chilly Reception|p1a: Slowking
|-weather|Snowscape
|
|t:|1769414217
|switch|p1a: Goodra|Goodra-Hisui, F, tera:Ghost|75/100 tox|[from] Chilly Reception
|move|p2a: ket fein|Sludge Bomb|p1a: Goodra
|-resisted|p1a: Goodra
|-damage|p1a: Goodra|65/100 tox
|
|-weather|Snowscape|[upkeep]
|-end|p2a: ket fein|move: Future Sight
|-damage|p2a: ket fein|38/100 par
|-heal|p1a: Goodra|71/100 tox|[from] item: Leftovers
|-damage|p1a: Goodra|65/100 tox|[from] psn
|upkeep
|turn|45
|inactive|LilacTRW has 60 seconds left.
|
|t:|1769414231
|switch|p2a: triple axel victim|Dragonite, M|60/100 brn
|move|p1a: Goodra|Heavy Slam|p2a: triple axel victim
|-damage|p2a: triple axel victim|45/100 brn
|
|-weather|Snowscape|[upkeep]
|-heal|p1a: Goodra|71/100 tox|[from] item: Leftovers
|-heal|p2a: triple axel victim|52/100 brn|[from] item: Leftovers
|-damage|p1a: Goodra|59/100 tox|[from] psn
|-damage|p2a: triple axel victim|45/100 brn|[from] brn
|upkeep
|turn|46
|
|t:|1769414237
|switch|p1a: Slowking|Slowking, M|63/100 psn
|move|p2a: triple axel victim|Roost|p2a: triple axel victim
|-heal|p2a: triple axel victim|96/100 brn
|-singleturn|p2a: triple axel victim|move: Roost
|
|-weather|Snowscape|[upkeep]
|-heal|p2a: triple axel victim|100/100 brn|[from] item: Leftovers
|-damage|p1a: Slowking|50/100 psn|[from] psn
|-damage|p2a: triple axel victim|94/100 brn|[from] brn
|-fieldend|move: Trick Room
|upkeep
|turn|47
|
|t:|1769414245
|move|p2a: triple axel victim|Dragon Dance|p2a: triple axel victim
|-boost|p2a: triple axel victim|atk|1
|-boost|p2a: triple axel victim|spe|1
|move|p1a: Slowking|Future Sight|p2a: triple axel victim
|-start|p1a: Slowking|move: Future Sight
|
|-weather|Snowscape|[upkeep]
|-heal|p2a: triple axel victim|100/100 brn|[from] item: Leftovers
|-damage|p1a: Slowking|38/100 psn|[from] psn
|-damage|p2a: triple axel victim|94/100 brn|[from] brn
|upkeep
|turn|48
|
|t:|1769414251
|move|p2a: triple axel victim|Dragon Dance|p2a: triple axel victim
|-boost|p2a: triple axel victim|atk|1
|-boost|p2a: triple axel victim|spe|1
|-prepare|p1a: Slowking|Chilly Reception|[premajor]
|move|p1a: Slowking|Chilly Reception|p1a: Slowking
|
|t:|1769414253
|switch|p1a: Goodra|Goodra-Hisui, F, tera:Ghost|59/100 tox|[from] Chilly Reception
|
|-weather|none
|-heal|p2a: triple axel victim|100/100 brn|[from] item: Leftovers
|-heal|p1a: Goodra|65/100 tox|[from] item: Leftovers
|-damage|p1a: Goodra|59/100 tox|[from] psn
|-damage|p2a: triple axel victim|94/100 brn|[from] brn
|upkeep
|turn|49
|c|☆shottyoddyoddy|gg
|inactive|LilacTRW has 90 seconds left.
|-message|shottyoddyoddy forfeited.
|
|win|LilacTRW
|raw|shottyoddyoddy's rating: 1194 &rarr; <strong>1172</strong><br />(-22 for losing)
|raw|LilacTRW's rating: 1240 &rarr; <strong>1262</strong><br />(+22 for winning)
|l|☆shottyoddyoddy
|player|p1|
|c|☆LilacTRW|ggs
|l|☆LilacTRW
|player|p2|
