|j|☆Dark patty
|j|☆miju2906
|t:|1769411620
|gametype|singles
|player|p1|Dark patty|infielder|1139
|player|p2|miju2906|giovanni|1101
|gen|9
|tier|[Gen 9] OU
|rated|
|rule|HP Percentage Mod: HP is shown in percentages
|rule|Endless Battle Clause: Forcing endless battles is banned
|rule|Species Clause: Limit one of each Pokémon
|rule|OHKO Clause: OHKO moves are banned
|rule|Evasion Items Clause: Evasion items are banned
|rule|Evasion Moves Clause: Evasion moves are banned
|rule|Evasion Abilities Clause: Evasion abilities are banned
|rule|Sleep Moves Clause: Sleep-inducing moves are banned
|clearpoke
|poke|p1|Sylveon, M|
|poke|p1|Tauros-Paldea-Blaze, M|
|poke|p1|Bisharp, M|
|poke|p1|Dragapult, F|
|poke|p1|Blissey, F|
|poke|p1|Keldeo-Resolute|
|poke|p2|Galvantula, F|
|poke|p2|Sableye, F|
|poke|p2|Dragapult, M|
|poke|p2|Azumarill, F|
|poke|p2|Kingambit, M|
|poke|p2|Toxapex, M|
|teampreview
|
|t:|1769411641
|teamsize|p1|6
|teamsize|p2|6
|start
|switch|p1a: Tauros|Tauros-Paldea-Blaze, M|100/100
|switch|p2a: Toxapex|Toxapex, M|100/100
|-ability|p1a: Tauros|Intimidate|boost
|-unboost|p2a: Toxapex|atk|1
|turn|1
|
|t:|1769411652
|switch|p1a: Bisharp|Bisharp, M|100/100
|move|p2a: Toxapex|Toxic Spikes|p1a: Bisharp
|-sidestart|p1: Dark patty|move: Toxic Spikes
|
|upkeep
|turn|2
|
|t:|1769411658
|move|p1a: Bisharp|Swords Dance|p1a: Bisharp
|-boost|p1a: Bisharp|atk|2
|move|p2a: Toxapex|Toxic|p1a: Bisharp
|-immune|p1a: Bisharp
|
|upkeep
|turn|3
|inactive|Battle timer is ON: inactive players will automatically lose when time's up. (requested by Dark patty)
|
|t:|1769411676
|move|p1a: Bisharp|Swords Dance|p1a: Bisharp
|-boost|p1a: Bisharp|atk|2
|move|p2a: Toxapex|Toxic Spikes|p1a: Bisharp
|-sidestart|p1: Dark patty|move: Toxic Spikes
|
|upkeep
|turn|4
|
|t:|1769411684
|switch|p2a: Galvantula|Galvantula, F, shiny|100/100
|move|p1a: Bisharp|Iron Head|p2a: Galvantula
|-resisted|p2a: Galvantula
|-damage|p2a: Galvantula|0 fnt
|faint|p2a: Galvantula
|
|upkeep
|
|t:|1769411695
|switch|p2a: Kingambit|Kingambit, M|100/100
|-activate|p2a: Kingambit|ability: Supreme Overlord
|-start|p2a: Kingambit|fallen1|[silent]
|turn|5
|
|t:|1769411703
|move|p1a: Bisharp|Iron Head|p2a: Kingambit
|-resisted|p2a: Kingambit
|-damage|p2a: Kingambit|51/100
|move|p2a: Kingambit|Low Kick|p1a: Bisharp
|-supereffective|p1a: Bisharp
|-damage|p1a: Bisharp|3/100
|
|upkeep
|turn|6
|
|t:|1769411715
|move|p1a: Bisharp|Sucker Punch|p2a: Kingambit
|-resisted|p2a: Kingambit
|-damage|p2a: Kingambit|10/100
|move|p2a: Kingambit|Sucker Punch||[still]
|-fail|p2a: Kingambit
|
|upkeep
|turn|7
|
|t:|1769411722
|move|p1a: Bisharp|Sucker Punch|p2a: Kingambit
|-resisted|p2a: Kingambit
|-damage|p2a: Kingambit|0 fnt
|faint|p2a: Kingambit
|-end|p2a: Kingambit|fallen1|[silent]
|
|upkeep
|
|t:|1769411729
|switch|p2a: Azumarill|Azumarill, F, shiny|100/100
|turn|8
|
|t:|1769411733
|move|p2a: Azumarill|Aqua Jet|p1a: Bisharp
|-damage|p1a: Bisharp|0 fnt
|faint|p1a: Bisharp
|
|upkeep
|
|t:|1769411748
|switch|p1a: Blissey|Blissey, F|100/100
|turn|9
|
|t:|1769411753
|move|p1a: Blissey|Thunder Wave|p2a: Azumarill
|-status|p2a: Azumarill|par
|move|p2a: Azumarill|Belly Drum|p2a: Azumarill
|-damage|p2a: Azumarill|50/100 par
|-setboost|p2a: Azumarill|atk|6|[from] move: Belly Drum
|
|upkeep
|turn|10
|
|t:|1769411763
|move|p1a: Blissey|Seismic Toss|p2a: Azumarill
|-damage|p2a: Azumarill|26/100 par
|move|p2a: Azumarill|Knock Off|p1a: Blissey
|-damage|p1a: Blissey|0 fnt
|-enditem|p1a: Blissey|Heavy-Duty Boots|[from] move: Knock Off|[of] p2a: Azumarill
|faint|p1a: Blissey
|
|upkeep
|
|t:|1769411772
|switch|p1a: Keldeo|Keldeo-Resolute|100/100
|turn|11
|
|t:|1769411777
|move|p1a: Keldeo|Vacuum Wave|p2a: Azumarill
|-resisted|p2a: Azumarill
|-damage|p2a: Azumarill|15/100 par
|-enditem|p2a: Azumarill|Iapapa Berry|[eat]
|-heal|p2a: Azumarill|48/100 par|[from] item: Iapapa Berry
|cant|p2a: Azumarill|par
|
|upkeep
|turn|12
|
|t:|1769411789
|move|p1a: Keldeo|Flip Turn|p2a: Azumarill
|-resisted|p2a: Azumarill
|-damage|p2a: Azumarill|41/100 par
|
|t:|1769411796
|switch|p1a: Sylveon|Sylveon, M|100/100|[from] Flip Turn
|-status|p1a: Sylveon|tox
|cant|p2a: Azumarill|par
|
|-damage|p1a: Sylveon|94/100 tox|[from] psn
|upkeep
|turn|13
|
|t:|1769411809
|-terastallize|p1a: Sylveon|Fairy
|move|p1a: Sylveon|Shadow Ball|p2a: Azumarill
|-damage|p2a: Azumarill|0 fnt
|faint|p2a: Azumarill
|
|-damage|p1a: Sylveon|82/100 tox|[from] psn
|upkeep
|
|t:|1769411821
|switch|p2a: Toxapex|Toxapex, M|100/100
|turn|14
|
|t:|1769411827
|switch|p1a: Tauros|Tauros-Paldea-Blaze, M|100/100
|-status|p1a: Tauros|tox
|-ability|p1a: Tauros|Intimidate|boost
|-unboost|p2a: Toxapex|atk|1
|move|p2a: Toxapex|Baneful Bunker||[still]
|-fail|p2a: Toxapex
|
|-damage|p1a: Tauros|94/100 tox|[from] psn
|upkeep
|turn|15
|
|t:|1769411838
|move|p2a: Toxapex|Baneful Bunker|p2a: Toxapex
|-singleturn|p2a: Toxapex|move: Protect
|move|p1a: Tauros|Trailblaze|p2a: Toxapex
|-activate|p2a: Toxapex|move: Protect
|
|-heal|p1a: Tauros|100/100 tox|[from] item: Leftovers
|-damage|p1a: Tauros|88/100 tox|[from] psn
|upkeep
|turn|16
|
|t:|1769411858
|move|p2a: Toxapex|Baneful Bunker||[still]
|-fail|p2a: Toxapex
|move|p1a: Tauros|Trailblaze|p2a: Toxapex
|-crit|p2a: Toxapex
|-damage|p2a: Toxapex|85/100
|-boost|p1a: Tauros|spe|1
|
|-heal|p1a: Tauros|94/100 tox|[from] item: Leftovers
|-heal|p2a: Toxapex|91/100|[from] item: Black Sludge
|-damage|p1a: Tauros|76/100 tox|[from] psn
|upkeep
|turn|17
|
|t:|1769411875
|switch|p1a: Keldeo|Keldeo-Resolute|100/100
|move|p2a: Toxapex|Baneful Bunker||[still]
|-fail|p2a: Toxapex
|
|-heal|p2a: Toxapex|97/100|[from] item: Black Sludge
|upkeep
|turn|18
|
|t:|1769411888
|move|p1a: Keldeo|Secret Sword|p2a: Toxapex
|-resisted|p2a: Toxapex
|-damage|p2a: Toxapex|84/100
|move|p2a: Toxapex|Toxic|p1a: Keldeo
|-status|p1a: Keldeo|tox
|
|-heal|p2a: Toxapex|90/100|[from] item: Black Sludge
|-damage|p1a: Keldeo|94/100 tox|[from] psn
|upkeep
|turn|19
|
|t:|1769411899
|switch|p1a: Sylveon|Sylveon, M, tera:Fairy|82/100 tox
|move|p2a: Toxapex|Baneful Bunker||[still]
|-fail|p2a: Toxapex
|
|-heal|p2a: Toxapex|96/100|[from] item: Black Sludge
|-damage|p1a: Sylveon|76/100 tox|[from] psn
|upkeep
|turn|20
|
|t:|1769411910
|move|p1a: Sylveon|Psychic|p2a: Toxapex
|-supereffective|p2a: Toxapex
|-damage|p2a: Toxapex|23/100
|move|p2a: Toxapex|Recover|p2a: Toxapex
|-heal|p2a: Toxapex|73/100
|
|-heal|p2a: Toxapex|79/100|[from] item: Black Sludge
|-damage|p1a: Sylveon|64/100 tox|[from] psn
|upkeep
|turn|21
|
|t:|1769411920
|move|p2a: Toxapex|Baneful Bunker|p2a: Toxapex
|-singleturn|p2a: Toxapex|move: Protect
|move|p1a: Sylveon|Psychic|p2a: Toxapex
|-activate|p2a: Toxapex|move: Protect
|
|-heal|p2a: Toxapex|86/100|[from] item: Black Sludge
|-damage|p1a: Sylveon|46/100 tox|[from] psn
|upkeep
|turn|22
|
|t:|1769411930
|move|p2a: Toxapex|Baneful Bunker||[still]
|-fail|p2a: Toxapex
|move|p1a: Sylveon|Psychic|p2a: Toxapex
|-supereffective|p2a: Toxapex
|-damage|p2a: Toxapex|12/100
|
|-heal|p2a: Toxapex|18/100|[from] item: Black Sludge
|-damage|p1a: Sylveon|22/100 tox|[from] psn
|upkeep
|turn|23
|
|t:|1769411939
|move|p2a: Toxapex|Baneful Bunker|p2a: Toxapex
|-singleturn|p2a: Toxapex|move: Protect
|move|p1a: Sylveon|Psychic|p2a: Toxapex
|-activate|p2a: Toxapex|move: Protect
|
|-heal|p2a: Toxapex|25/100|[from] item: Black Sludge
|-damage|p1a: Sylveon|0 fnt|[from] psn
|faint|p1a: Sylveon
|upkeep
|
|t:|1769411949
|switch|p1a: Dragapult|Dragapult, F|100/100
|turn|24
|
|t:|1769411955
|move|p1a: Dragapult|Hex|p2a: Toxapex
|-damage|p2a: Toxapex|3/100
|move|p2a: Toxapex|Toxic|p1a: Dragapult
|-status|p1a: Dragapult|tox
|
|-heal|p2a: Toxapex|9/100|[from] item: Black Sludge
|-damage|p1a: Dragapult|95/100 tox|[from] psn
|upkeep
|turn|25
|
|t:|1769411964
|move|p2a: Toxapex|Baneful Bunker|p2a: Toxapex
|-singleturn|p2a: Toxapex|move: Protect
|move|p1a: Dragapult|Will-O-Wisp|p2a: Toxapex
|-activate|p2a: Toxapex|move: Protect
|
|-heal|p2a: Toxapex|15/100|[from] item: Black Sludge
|-damage|p1a: Dragapult|83/100 tox|[from] psn
|upkeep
|turn|26
|
|t:|1769411976
|move|p1a: Dragapult|Will-O-Wisp|p2a: Toxapex
|-status|p2a: Toxapex|brn
|move|p2a: Toxapex|Recover|p2a: Toxapex
|-heal|p2a: Toxapex|65/100 brn
|
|-heal|p2a: Toxapex|72/100 brn|[from] item: Black Sludge
|-damage|p1a: Dragapult|65/100 tox|[from] psn
|-damage|p2a: Toxapex|65/100 brn|[from] brn
|upkeep
|turn|27
|
|t:|1769411989
|move|p2a: Toxapex|Baneful Bunker|p2a: Toxapex
|-singleturn|p2a: Toxapex|move: Protect
|move|p1a: Dragapult|Hex|p2a: Toxapex
|-activate|p2a: Toxapex|move: Protect
|
|-heal|p2a: Toxapex|72/100 brn|[from] item: Black Sludge
|-damage|p1a: Dragapult|41/100 tox|[from] psn
|-damage|p2a: Toxapex|65/100 brn|[from] brn
|upkeep
|turn|28
|
|t:|1769412000
|move|p1a: Dragapult|Hex|p2a: Toxapex
|-damage|p2a: Toxapex|26/100 brn
|move|p2a: Toxapex|Recover|p2a: Toxapex
|-heal|p2a: Toxapex|76/100 brn
|
|-heal|p2a: Toxapex|83/100 brn|[from] item: Black Sludge
|-damage|p1a: Dragapult|11/100 tox|[from] psn
|-damage|p2a: Toxapex|76/100 brn|[from] brn
|upkeep
|turn|29
|
|t:|1769412011
|move|p2a: Toxapex|Baneful Bunker|p2a: Toxapex
|-singleturn|p2a: Toxapex|move: Protect
|move|p1a: Dragapult|Dragon Darts|p2a: Toxapex
|-activate|p2a: Toxapex|move: Protect
|
|-heal|p2a: Toxapex|83/100 brn|[from] item: Black Sludge
|-damage|p1a: Dragapult|0 fnt|[from] psn
|faint|p1a: Dragapult
|-damage|p2a: Toxapex|76/100 brn|[from] brn
|upkeep
|
|t:|1769412023
|switch|p1a: Tauros|Tauros-Paldea-Blaze, M|76/100 tox
|-ability|p1a: Tauros|Intimidate|boost
|-unboost|p2a: Toxapex|atk|1
|turn|30
|
|t:|1769412031
|move|p2a: Toxapex|Baneful Bunker||[still]
|-fail|p2a: Toxapex
|move|p1a: Tauros|Bulk Up|p1a: Tauros
|-boost|p1a: Tauros|atk|1
|-boost|p1a: Tauros|def|1
|
|-heal|p1a: Tauros|82/100 tox|[from] item: Leftovers
|-heal|p2a: Toxapex|83/100 brn|[from] item: Black Sludge
|-damage|p1a: Tauros|76/100 tox|[from] psn
|-damage|p2a: Toxapex|76/100 brn|[from] brn
|upkeep
|turn|31
|
|t:|1769412043
|move|p1a: Tauros|Bulk Up|p1a: Tauros
|-boost|p1a: Tauros|atk|1
|-boost|p1a: Tauros|def|1
|move|p2a: Toxapex|Recover|p2a: Toxapex
|-heal|p2a: Toxapex|100/100 brn
|
|-heal|p1a: Tauros|82/100 tox|[from] item: Leftovers
|-damage|p1a: Tauros|70/100 tox|[from] psn
|-damage|p2a: Toxapex|94/100 brn|[from] brn
|upkeep
|turn|32
|
|t:|1769412054
|move|p2a: Toxapex|Baneful Bunker|p2a: Toxapex
|-singleturn|p2a: Toxapex|move: Protect
|move|p1a: Tauros|Bulk Up|p1a: Tauros
|-boost|p1a: Tauros|atk|1
|-boost|p1a: Tauros|def|1
|
|-heal|p1a: Tauros|76/100 tox|[from] item: Leftovers
|-heal|p2a: Toxapex|100/100 brn|[from] item: Black Sludge
|-damage|p1a: Tauros|57/100 tox|[from] psn
|-damage|p2a: Toxapex|94/100 brn|[from] brn
|upkeep
|turn|33
|
|t:|1769412067
|move|p1a: Tauros|Close Combat|p2a: Toxapex
|-resisted|p2a: Toxapex
|-damage|p2a: Toxapex|48/100 brn
|-unboost|p1a: Tauros|def|1
|-unboost|p1a: Tauros|spd|1
|move|p2a: Toxapex|Toxic Spikes||[still]
|-fail|p2a: Toxapex
|
|-heal|p1a: Tauros|63/100 tox|[from] item: Leftovers
|-heal|p2a: Toxapex|54/100 brn|[from] item: Black Sludge
|-damage|p1a: Tauros|39/100 tox|[from] psn
|-damage|p2a: Toxapex|48/100 brn|[from] brn
|upkeep
|turn|34
|
|t:|1769412080
|move|p1a: Tauros|Bulk Up|p1a: Tauros
|-boost|p1a: Tauros|atk|1
|-boost|p1a: Tauros|def|1
|move|p2a: Toxapex|Recover|p2a: Toxapex
|-heal|p2a: Toxapex|98/100 brn
|
|-heal|p1a: Tauros|45/100 tox|[from] item: Leftovers
|-heal|p2a: Toxapex|100/100 brn|[from] item: Black Sludge
|-damage|p1a: Tauros|14/100 tox|[from] psn
|-damage|p2a: Toxapex|94/100 brn|[from] brn
|upkeep
|turn|35
|
|t:|1769412092
|move|p2a: Toxapex|Baneful Bunker|p2a: Toxapex
|-singleturn|p2a: Toxapex|move: Protect
|move|p1a: Tauros|Trailblaze|p2a: Toxapex
|-activate|p2a: Toxapex|move: Protect
|
|-heal|p1a: Tauros|20/100 tox|[from] item: Leftovers
|-heal|p2a: Toxapex|100/100 brn|[from] item: Black Sludge
|-damage|p1a: Tauros|0 fnt|[from] psn
|faint|p1a: Tauros
|-damage|p2a: Toxapex|94/100 brn|[from] brn
|upkeep
|-message|Dark patty forfeited.
|
|win|miju2906
|raw|Dark patty's rating: 1139 &rarr; <strong>1111</strong><br />(-28 for losing)
|raw|miju2906's rating: 1101 &rarr; <strong>1129</strong><br />(+28 for winning)
|l|☆Dark patty
|player|p1|
|l|☆miju2906
|player|p2|
