|j|☆Mathiaxsdu31
|j|☆MagicalPumpkinpie
|t:|1769422498
|gametype|singles
|player|p1|Mathiaxsdu31|2|1145
|player|p2|MagicalPumpkinpie|gambler|1112
|gen|9
|tier|[Gen 9] OU
|rated|
|rule|HP Percentage Mod: HP is shown in percentages
|rule|Endless Battle Clause: Forcing endless battles is banned
|rule|Species Clause: Limit one of each Pokémon
|rule|OHKO Clause: OHKO moves are banned
|rule|Evasion Items Clause: Evasion items are banned
|rule|Evasion Moves Clause: Evasion moves are banned
|rule|Evasion Abilities Clause: Evasion abilities are banned
|rule|Sleep Moves Clause: Sleep-inducing moves are banned
|clearpoke
|poke|p1|Meowscarada, M|
|poke|p1|Great Tusk|
|poke|p1|Primarina, M|
|poke|p1|Corviknight, M|
|poke|p1|Kyurem|
|poke|p1|Alomomola, F|
|poke|p2|Fezandipiti, M|
|poke|p2|Dragonite, M|
|poke|p2|Crawdaunt, F|
|poke|p2|Pyroar, M|
|poke|p2|Landorus-Therian, M|
|poke|p2|Munkidori, M|
|teampreview
|inactive|Battle timer is ON: inactive players will automatically lose when time's up. (requested by MagicalPumpkinpie)
|
|t:|1769422504
|teamsize|p1|6
|teamsize|p2|6
|start
|switch|p1a: Meowscarada|Meowscarada, M|100/100
|switch|p2a: This is serpentine|Landorus-Therian, M|100/100
|-ability|p2a: This is serpentine|Intimidate|boost
|-unboost|p1a: Meowscarada|atk|1
|turn|1
|c|☆MagicalPumpkinpie|Hi
|
|t:|1769422513
|move|p1a: Meowscarada|Triple Axel|p2a: This is serpentine
|-start|p1a: Meowscarada|typechange|Ice|[from] ability: Protean
|-supereffective|p2a: This is serpentine
|-damage|p2a: This is serpentine|59/100
|-damage|p1a: Meowscarada|84/100|[from] item: Rocky Helmet|[of] p2a: This is serpentine
|-supereffective|p2a: This is serpentine
|-damage|p2a: This is serpentine|0 fnt
|-damage|p1a: Meowscarada|68/100|[from] item: Rocky Helmet|[of] p2a: This is serpentine
|faint|p2a: This is serpentine
|-hitcount|p2: This is serpentine|2
|
|upkeep
|c|☆MagicalPumpkinpie|Ow-
|c|☆Mathiaxsdu31|hi
|
|t:|1769422536
|switch|p2a: This is a cat|Crawdaunt, F|100/100
|turn|2
|
|t:|1769422549
|switch|p1a: Alomomola|Alomomola, F|100/100
|move|p2a: This is a cat|Crabhammer|p1a: Alomomola
|-resisted|p1a: Alomomola
|-damage|p1a: Alomomola|69/100
|
|upkeep
|turn|3
|
|t:|1769422559
|switch|p2a: This is a cloud|Fezandipiti, M|100/100
|move|p1a: Alomomola|Flip Turn|p2a: This is a cloud
|-damage|p2a: This is a cloud|77/100
|-damage|p1a: Alomomola|53/100|[from] item: Rocky Helmet|[of] p2a: This is a cloud
|
|t:|1769422582
|switch|p1a: Corviknight|Corviknight, M|100/100|[from] Flip Turn
|-ability|p1a: Corviknight|Pressure
|
|upkeep
|turn|4
|
|t:|1769422590
|move|p2a: This is a cloud|Swords Dance|p2a: This is a cloud
|-boost|p2a: This is a cloud|atk|2
|move|p1a: Corviknight|U-turn|p2a: This is a cloud
|-resisted|p2a: This is a cloud
|-damage|p2a: This is a cloud|73/100
|-damage|p1a: Corviknight|84/100|[from] item: Rocky Helmet|[of] p2a: This is a cloud
|c|☆MagicalPumpkinpie|Hmmm
|inactive|Mathiaxsdu31 has 120 seconds left.
|
|t:|1769422620
|switch|p1a: Great Tusk|Great Tusk|100/100|[from] U-turn
|
|upkeep
|turn|5
|inactive|Mathiaxsdu31 has 120 seconds left.
|c|☆MagicalPumpkinpie|.-.
|inactive|Mathiaxsdu31 has 90 seconds left.
|
|t:|1769422658
|-terastallize|p1a: Great Tusk|Steel
|move|p2a: This is a cloud|Dual Wingbeat|p1a: Great Tusk
|-resisted|p1a: Great Tusk
|-damage|p1a: Great Tusk|90/100
|-resisted|p1a: Great Tusk
|-damage|p1a: Great Tusk|79/100
|-hitcount|p1a: Great Tusk|2
|move|p1a: Great Tusk|Headlong Rush|p2a: This is a cloud
|-supereffective|p2a: This is a cloud
|-damage|p2a: This is a cloud|0 fnt
|-unboost|p1a: Great Tusk|def|1
|-unboost|p1a: Great Tusk|spd|1
|-damage|p1a: Great Tusk|63/100|[from] item: Rocky Helmet|[of] p2a: This is a cloud
|faint|p2a: This is a cloud
|
|-heal|p1a: Great Tusk|69/100|[from] item: Leftovers
|upkeep
|c|☆MagicalPumpkinpie|Aint that awkward
|
|t:|1769422680
|switch|p2a: This is a penguin|Pyroar, M|100/100
|turn|6
|
|t:|1769422686
|-end|p1a: Great Tusk|Protosynthesis|[silent]
|switch|p1a: Alomomola|Alomomola, F|86/100
|move|p2a: This is a penguin|Overheat|p1a: Alomomola
|-resisted|p1a: Alomomola
|-damage|p1a: Alomomola|61/100
|-unboost|p2a: This is a penguin|spa|2
|
|upkeep
|turn|7
|
|t:|1769422691
|switch|p2a: This is a gorilla|Dragonite, M|100/100
|move|p1a: Alomomola|Flip Turn|p2a: This is a gorilla
|-resisted|p2a: This is a gorilla
|-damage|p2a: This is a gorilla|96/100
|
|t:|1769422696
|switch|p1a: Meowscarada|Meowscarada, M|68/100|[from] Flip Turn
|
|upkeep
|turn|8
|
|t:|1769422702
|-terastallize|p2a: This is a gorilla|Normal
|move|p1a: Meowscarada|U-turn|p2a: This is a gorilla
|-start|p1a: Meowscarada|typechange|Bug|[from] ability: Protean
|-crit|p2a: This is a gorilla
|-damage|p2a: This is a gorilla|13/100
|c|☆MagicalPumpkinpie|What-
|
|t:|1769422710
|switch|p1a: Corviknight|Corviknight, M|84/100|[from] U-turn
|-ability|p1a: Corviknight|Pressure
|move|p2a: This is a gorilla|Dragon Dance|p2a: This is a gorilla
|-boost|p2a: This is a gorilla|atk|1
|-boost|p2a: This is a gorilla|spe|1
|
|upkeep
|turn|9
|c|☆MagicalPumpkinpie|A crit ;-;
|inactive|Mathiaxsdu31 has 120 seconds left.
|
|t:|1769422725
|switch|p2a: This is a penguin|Pyroar, M|100/100
|move|p1a: Corviknight|Bulk Up|p1a: Corviknight
|-boost|p1a: Corviknight|atk|1
|-boost|p1a: Corviknight|def|1
|
|upkeep
|turn|10
|
|t:|1769422731
|switch|p1a: Alomomola|Alomomola, F|95/100
|move|p2a: This is a penguin|Hyper Voice|p1a: Alomomola
|-damage|p1a: Alomomola|60/100
|
|upkeep
|turn|11
|
|t:|1769422738
|move|p2a: This is a penguin|Hyper Voice|p1a: Alomomola
|-damage|p1a: Alomomola|23/100
|move|p1a: Alomomola|Flip Turn|p2a: This is a penguin
|-supereffective|p2a: This is a penguin
|-damage|p2a: This is a penguin|54/100
|c|☆MagicalPumpkinpie|Ugh
|
|t:|1769422747
|switch|p1a: Primarina|Primarina, M|100/100|[from] Flip Turn
|
|upkeep
|turn|12
|
|t:|1769422769
|move|p2a: This is a penguin|Hyper Voice|p1a: Primarina
|-damage|p1a: Primarina|31/100
|move|p1a: Primarina|Psychic Noise|p2a: This is a penguin
|-supereffective|p2a: This is a penguin
|-damage|p2a: This is a penguin|0 fnt
|faint|p2a: This is a penguin
|
|-heal|p1a: Primarina|37/100|[from] item: Leftovers
|upkeep
|
|t:|1769422773
|switch|p2a: This is a fish|Munkidori, M|100/100
|turn|13
|
|t:|1769422790
|move|p2a: This is a fish|Psychic Noise|p1a: Primarina
|-damage|p1a: Primarina|7/100
|-start|p1a: Primarina|move: Heal Block
|move|p1a: Primarina|Psychic Noise|p2a: This is a fish
|-damage|p2a: This is a fish|66/100
|-start|p2a: This is a fish|move: Heal Block
|
|upkeep
|turn|14
|
|t:|1769422795
|move|p2a: This is a fish|Psychic Noise|p1a: Primarina
|-crit|p1a: Primarina
|-damage|p1a: Primarina|0 fnt
|faint|p1a: Primarina
|
|-end|p2a: This is a fish|move: Heal Block
|upkeep
|c|☆MagicalPumpkinpie|Well aint that funny
|
|t:|1769422800
|switch|p1a: Great Tusk|Great Tusk, tera:Steel|69/100
|turn|15
|
|t:|1769422809
|move|p2a: This is a fish|Parting Shot|p1a: Great Tusk
|-unboost|p1a: Great Tusk|atk|1
|-unboost|p1a: Great Tusk|spa|1
|
|t:|1769422814
|switch|p2a: This is a cat|Crawdaunt, F|100/100|[from] Parting Shot
|move|p1a: Great Tusk|Rapid Spin|p2a: This is a cat
|-damage|p2a: This is a cat|89/100
|-boost|p1a: Great Tusk|spe|1
|
|-heal|p1a: Great Tusk|75/100|[from] item: Leftovers
|upkeep
|turn|16
|
|t:|1769422829
|-end|p1a: Great Tusk|Protosynthesis|[silent]
|switch|p1a: Alomomola|Alomomola, F|56/100
|move|p2a: This is a cat|Close Combat|p1a: Alomomola
|-damage|p1a: Alomomola|21/100
|-unboost|p2a: This is a cat|def|1
|-unboost|p2a: This is a cat|spd|1
|
|upkeep
|turn|17
|
|t:|1769422835
|switch|p1a: Corviknight|Corviknight, M|84/100
|-ability|p1a: Corviknight|Pressure
|move|p2a: This is a cat|Close Combat|p1a: Corviknight
|-damage|p1a: Corviknight|46/100
|-unboost|p2a: This is a cat|def|1
|-unboost|p2a: This is a cat|spd|1
|-damage|p2a: This is a cat|73/100|[from] item: Rocky Helmet|[of] p1a: Corviknight
|
|upkeep
|turn|18
|
|t:|1769422839
|move|p2a: This is a cat|Close Combat|p1a: Corviknight
|-damage|p1a: Corviknight|9/100
|-unboost|p2a: This is a cat|def|1
|-unboost|p2a: This is a cat|spd|1
|-damage|p2a: This is a cat|56/100|[from] item: Rocky Helmet|[of] p1a: Corviknight
|move|p1a: Corviknight|Roost|p1a: Corviknight
|-heal|p1a: Corviknight|59/100
|-singleturn|p1a: Corviknight|move: Roost
|
|upkeep
|turn|19
|
|t:|1769422849
|switch|p2a: This is a fish|Munkidori, M|66/100
|move|p1a: Corviknight|Roost|p1a: Corviknight
|-heal|p1a: Corviknight|100/100
|-singleturn|p1a: Corviknight|move: Roost
|
|upkeep
|turn|20
|
|t:|1769422865
|move|p2a: This is a fish|Psychic Noise|p1a: Corviknight
|-resisted|p1a: Corviknight
|-damage|p1a: Corviknight|83/100
|-start|p1a: Corviknight|move: Heal Block
|move|p1a: Corviknight|U-turn|p2a: This is a fish
|-damage|p2a: This is a fish|44/100
|
|t:|1769422872
|switch|p1a: Meowscarada|Meowscarada, M|68/100|[from] U-turn
|
|upkeep
|turn|21
|
|t:|1769422878
|move|p1a: Meowscarada|Knock Off|p2a: This is a fish
|-start|p1a: Meowscarada|typechange|Dark|[from] ability: Protean
|-supereffective|p2a: This is a fish
|-damage|p2a: This is a fish|0 fnt
|-enditem|p2a: This is a fish|Heavy-Duty Boots|[from] move: Knock Off|[of] p1a: Meowscarada
|faint|p2a: This is a fish
|
|upkeep
|
|t:|1769422880
|switch|p2a: This is a cat|Crawdaunt, F|56/100
|turn|22
|
|t:|1769422888
|move|p1a: Meowscarada|Knock Off|p2a: This is a cat
|-resisted|p2a: This is a cat
|-damage|p2a: This is a cat|17/100
|-enditem|p2a: This is a cat|Choice Band|[from] move: Knock Off|[of] p1a: Meowscarada
|move|p2a: This is a cat|Close Combat|p1a: Meowscarada
|-supereffective|p1a: Meowscarada
|-damage|p1a: Meowscarada|0 fnt
|-unboost|p2a: This is a cat|def|1
|-unboost|p2a: This is a cat|spd|1
|faint|p1a: Meowscarada
|
|upkeep
|c|☆MagicalPumpkinpie|I am so botched
|
|t:|1769422899
|switch|p1a: Great Tusk|Great Tusk, tera:Steel|75/100
|turn|23
|
|t:|1769422903
|move|p2a: This is a cat|Aqua Jet|p1a: Great Tusk
|-damage|p1a: Great Tusk|59/100
|move|p1a: Great Tusk|Rapid Spin|p2a: This is a cat
|-damage|p2a: This is a cat|0 fnt
|-boost|p1a: Great Tusk|spe|1
|faint|p2a: This is a cat
|
|-heal|p1a: Great Tusk|65/100|[from] item: Leftovers
|upkeep
|
|t:|1769422905
|switch|p2a: This is a gorilla|Dragonite, M, tera:Normal|13/100
|turn|24
|
|t:|1769422914
|move|p1a: Great Tusk|Headlong Rush|p2a: This is a gorilla
|-damage|p2a: This is a gorilla|0 fnt
|-unboost|p1a: Great Tusk|def|1
|-unboost|p1a: Great Tusk|spd|1
|faint|p2a: This is a gorilla
|
|win|Mathiaxsdu31
|raw|Mathiaxsdu31's rating: 1145 &rarr; <strong>1168</strong><br />(+23 for winning)
|raw|MagicalPumpkinpie's rating: 1112 &rarr; <strong>1089</strong><br />(-23 for losing)
|c|☆MagicalPumpkinpie|Gg ;-;
|l|☆MagicalPumpkinpie
|player|p2|
|c|☆Mathiaxsdu31|gg
