|j|☆W.D Champion
|j|☆bokiioui
|t:|1769342389
|gametype|singles
|player|p1|W.D Champion|steven|1000
|player|p2|bokiioui|102|1000
|gen|9
|tier|[Gen 9] OU
|rated|
|rule|HP Percentage Mod: HP is shown in percentages
|rule|Endless Battle Clause: Forcing endless battles is banned
|rule|Species Clause: Limit one of each Pokémon
|rule|OHKO Clause: OHKO moves are banned
|rule|Evasion Items Clause: Evasion items are banned
|rule|Evasion Moves Clause: Evasion moves are banned
|rule|Evasion Abilities Clause: Evasion abilities are banned
|rule|Sleep Moves Clause: Sleep-inducing moves are banned
|clearpoke
|poke|p1|Ivysaur, F|
|poke|p1|Dragapult, F|
|poke|p1|Vikavolt, F|
|poke|p1|Chandelure, F|
|poke|p1|Falinks|
|poke|p1|Araquanid, F|
|poke|p2|Comfey, F|
|poke|p2|Garganacl, F|
|poke|p2|Gyarados, F|
|poke|p2|Dragapult, M|
|poke|p2|Overqwil, M|
|poke|p2|Bisharp, F|
|teampreview
|
|t:|1769342406
|teamsize|p1|6
|teamsize|p2|6
|start
|switch|p1a: Duskly|Dragapult, F|100/100
|switch|p2a: Overqwil|Overqwil, M, shiny|100/100
|turn|1
|
|t:|1769342426
|switch|p2a: Bisharp|Bisharp, F, shiny|100/100
|move|p1a: Duskly|Phantom Force||[still]
|-prepare|p1a: Duskly|Phantom Force
|
|upkeep
|turn|2
|
|t:|1769342432
|move|p1a: Duskly|Phantom Force|p2a: Bisharp|[from] lockedmove
|-resisted|p2a: Bisharp
|-damage|p2a: Bisharp|84/100
|move|p2a: Bisharp|Swords Dance|p2a: Bisharp
|-boost|p2a: Bisharp|atk|2
|
|upkeep
|turn|3
|
|t:|1769342443
|-terastallize|p1a: Duskly|Dragon
|move|p1a: Duskly|Draco Meteor|p2a: Bisharp
|-resisted|p2a: Bisharp
|-damage|p2a: Bisharp|51/100
|-unboost|p1a: Duskly|spa|2
|move|p2a: Bisharp|Night Slash|p1a: Duskly
|-damage|p1a: Duskly|15/100
|
|upkeep
|turn|4
|
|t:|1769342454
|move|p1a: Duskly|Hydro Pump|p2a: Bisharp
|-damage|p2a: Bisharp|41/100
|move|p2a: Bisharp|Iron Head|p1a: Duskly
|-damage|p1a: Duskly|0 fnt
|faint|p1a: Duskly
|
|upkeep
|c|☆W.D Champion|You are pretty strong
|
|t:|1769342481
|switch|p1a: Creepy Lightbulb|Chandelure, F|100/100
|turn|5
|
|t:|1769342489
|move|p1a: Creepy Lightbulb|Flare Blitz|p2a: Bisharp
|-supereffective|p2a: Bisharp
|-damage|p2a: Bisharp|0 fnt
|faint|p2a: Bisharp
|-damage|p1a: Creepy Lightbulb|89/100|[from] Recoil
|
|upkeep
|
|t:|1769342495
|switch|p2a: Gyarados|Gyarados, F, shiny|100/100
|-ability|p2a: Gyarados|Intimidate|boost
|-unboost|p1a: Creepy Lightbulb|atk|1
|turn|6
|
|t:|1769342504
|move|p2a: Gyarados|Dragon Dance|p2a: Gyarados
|-boost|p2a: Gyarados|atk|1
|-boost|p2a: Gyarados|spe|1
|move|p1a: Creepy Lightbulb|Psychic|p2a: Gyarados
|-damage|p2a: Gyarados|71/100
|
|upkeep
|turn|7
|
|t:|1769342513
|move|p2a: Gyarados|Lash Out|p1a: Creepy Lightbulb
|-supereffective|p1a: Creepy Lightbulb
|-damage|p1a: Creepy Lightbulb|0 fnt
|faint|p1a: Creepy Lightbulb
|
|upkeep
|
|t:|1769342520
|switch|p1a: Eclipse|Ivysaur, F|100/100
|turn|8
|
|t:|1769342524
|move|p2a: Gyarados|Ice Fang|p1a: Eclipse
|-supereffective|p1a: Eclipse
|-damage|p1a: Eclipse|0 fnt
|faint|p1a: Eclipse
|
|upkeep
|
|t:|1769342529
|switch|p1a: Vikavolt|Vikavolt, F|100/100
|turn|9
|
|t:|1769342536
|move|p2a: Gyarados|Ice Fang|p1a: Vikavolt|[miss]
|-miss|p2a: Gyarados|p1a: Vikavolt
|move|p1a: Vikavolt|Supercell Slam|p2a: Gyarados
|-supereffective|p2a: Gyarados
|-crit|p2a: Gyarados
|-damage|p2a: Gyarados|0 fnt
|faint|p2a: Gyarados
|
|upkeep
|
|t:|1769342546
|switch|p2a: Garganacl|Garganacl, F, shiny|100/100
|turn|10
|
|t:|1769342552
|move|p1a: Vikavolt|Supercell Slam|p2a: Garganacl
|-damage|p2a: Garganacl|79/100
|move|p2a: Garganacl|Salt Cure|p1a: Vikavolt
|-supereffective|p1a: Vikavolt
|-damage|p1a: Vikavolt|70/100
|-start|p1a: Vikavolt|Salt Cure
|
|-damage|p1a: Vikavolt|58/100|[from] Salt Cure
|upkeep
|turn|11
|
|t:|1769342571
|move|p1a: Vikavolt|Energy Ball|p2a: Garganacl
|-supereffective|p2a: Garganacl
|-damage|p2a: Garganacl|48/100
|move|p2a: Garganacl|Earthquake|p1a: Vikavolt
|-immune|p1a: Vikavolt|[from] ability: Levitate
|
|-damage|p1a: Vikavolt|46/100|[from] Salt Cure
|upkeep
|turn|12
|
|t:|1769342581
|move|p1a: Vikavolt|Energy Ball|p2a: Garganacl
|-supereffective|p2a: Garganacl
|-crit|p2a: Garganacl
|-damage|p2a: Garganacl|2/100
|move|p2a: Garganacl|Salt Cure|p1a: Vikavolt
|-supereffective|p1a: Vikavolt
|-damage|p1a: Vikavolt|18/100
|
|-damage|p1a: Vikavolt|6/100|[from] Salt Cure
|upkeep
|turn|13
|
|t:|1769342590
|move|p1a: Vikavolt|Energy Ball|p2a: Garganacl
|-supereffective|p2a: Garganacl
|-damage|p2a: Garganacl|0 fnt
|faint|p2a: Garganacl
|
|-damage|p1a: Vikavolt|0 fnt|[from] Salt Cure
|faint|p1a: Vikavolt
|upkeep
|c|☆W.D Champion|Hooooo lets goooo
|
|t:|1769342609
|switch|p1a: 5 Knights|Falinks|100/100
|switch|p2a: Comfey|Comfey, F, shiny|100/100
|turn|14
|
|t:|1769342617
|move|p2a: Comfey|Leech Seed|p1a: 5 Knights
|-start|p1a: 5 Knights|move: Leech Seed
|move|p1a: 5 Knights|Focus Blast|p2a: Comfey
|-resisted|p2a: Comfey
|-damage|p2a: Comfey|77/100
|-unboost|p2a: Comfey|spd|1
|
|-damage|p1a: 5 Knights|88/100|[from] Leech Seed|[of] p2a: Comfey
|-heal|p2a: Comfey|99/100|[silent]
|upkeep
|turn|15
|
|t:|1769342628
|move|p2a: Comfey|Grassy Terrain|p2a: Comfey
|-fieldstart|move: Grassy Terrain
|move|p1a: 5 Knights|Swords Dance|p1a: 5 Knights
|-boost|p1a: 5 Knights|atk|2
|
|-heal|p2a: Comfey|100/100|[from] Grassy Terrain
|-heal|p1a: 5 Knights|94/100|[from] Grassy Terrain
|-damage|p1a: 5 Knights|82/100|[from] Leech Seed|[of] p2a: Comfey
|upkeep
|turn|16
|
|t:|1769342638
|move|p2a: Comfey|Draining Kiss|p1a: 5 Knights
|-supereffective|p1a: 5 Knights
|-damage|p1a: 5 Knights|22/100
|move|p1a: 5 Knights|Swords Dance|p1a: 5 Knights
|-boost|p1a: 5 Knights|atk|2
|
|-heal|p1a: 5 Knights|28/100|[from] Grassy Terrain
|-damage|p1a: 5 Knights|16/100|[from] Leech Seed|[of] p2a: Comfey
|upkeep
|turn|17
|
|t:|1769342651
|move|p2a: Comfey|Draining Kiss|p1a: 5 Knights
|-supereffective|p1a: 5 Knights
|-damage|p1a: 5 Knights|0 fnt
|faint|p1a: 5 Knights
|
|upkeep
|
|t:|1769342657
|switch|p1a: Bubbler|Araquanid, F|100/100
|turn|18
|
|t:|1769342663
|move|p2a: Comfey|Giga Drain|p1a: Bubbler
|-damage|p1a: Bubbler|80/100
|move|p1a: Bubbler|Blizzard|p2a: Comfey|[miss]
|-miss|p1a: Bubbler|p2a: Comfey
|
|-heal|p1a: Bubbler|86/100|[from] Grassy Terrain
|upkeep
|turn|19
|
|t:|1769342670
|move|p2a: Comfey|Draining Kiss|p1a: Bubbler
|-damage|p1a: Bubbler|69/100
|move|p1a: Bubbler|Blizzard|p2a: Comfey|[miss]
|-miss|p1a: Bubbler|p2a: Comfey
|
|-heal|p1a: Bubbler|75/100|[from] Grassy Terrain
|-fieldend|move: Grassy Terrain
|upkeep
|turn|20
|
|t:|1769342681
|move|p2a: Comfey|Leech Seed|p1a: Bubbler
|-start|p1a: Bubbler|move: Leech Seed
|move|p1a: Bubbler|Bug Buzz|p2a: Comfey
|-resisted|p2a: Comfey
|-damage|p2a: Comfey|84/100
|
|-damage|p1a: Bubbler|63/100|[from] Leech Seed|[of] p2a: Comfey
|-heal|p2a: Comfey|100/100|[silent]
|upkeep
|turn|21
|
|t:|1769342691
|move|p2a: Comfey|Draining Kiss|p1a: Bubbler
|-damage|p1a: Bubbler|45/100
|move|p1a: Bubbler|Mirror Coat|p2a: Comfey
|-damage|p2a: Comfey|49/100
|
|-damage|p1a: Bubbler|32/100|[from] Leech Seed|[of] p2a: Comfey
|-heal|p2a: Comfey|71/100|[silent]
|upkeep
|turn|22
|
|t:|1769342699
|move|p2a: Comfey|Grassy Terrain|p2a: Comfey
|-fieldstart|move: Grassy Terrain
|move|p1a: Bubbler|Mirror Coat||[still]
|-fail|p1a: Bubbler
|
|-heal|p2a: Comfey|77/100|[from] Grassy Terrain
|-heal|p1a: Bubbler|38/100|[from] Grassy Terrain
|-damage|p1a: Bubbler|26/100|[from] Leech Seed|[of] p2a: Comfey
|-heal|p2a: Comfey|99/100|[silent]
|upkeep
|turn|23
|
|t:|1769342712
|move|p2a: Comfey|Draining Kiss|p1a: Bubbler
|-damage|p1a: Bubbler|8/100
|-heal|p2a: Comfey|100/100|[from] drain|[of] p1a: Bubbler
|move|p1a: Bubbler|Mirror Coat|p2a: Comfey
|-damage|p2a: Comfey|51/100
|
|-heal|p2a: Comfey|57/100|[from] Grassy Terrain
|-heal|p1a: Bubbler|15/100|[from] Grassy Terrain
|-damage|p1a: Bubbler|2/100|[from] Leech Seed|[of] p2a: Comfey
|-heal|p2a: Comfey|80/100|[silent]
|upkeep
|turn|24
|
|t:|1769342722
|move|p2a: Comfey|Draining Kiss|p1a: Bubbler
|-damage|p1a: Bubbler|0 fnt
|-heal|p2a: Comfey|82/100|[from] drain|[of] p1a: Bubbler
|faint|p1a: Bubbler
|
|win|bokiioui
|raw|W.D Champion's rating: 1000 &rarr; <strong>1000</strong><br />(+0 for losing)
|raw|bokiioui's rating: 1000 &rarr; <strong>1040</strong><br />(+40 for winning)
