|j|☆Tueznn
|j|☆sergisb
|t:|1769418995
|gametype|singles
|player|p1|Tueznn|dawn|1114
|player|p2|sergisb|169|1071
|gen|9
|tier|[Gen 9] OU
|rated|
|rule|HP Percentage Mod: HP is shown in percentages
|rule|Endless Battle Clause: Forcing endless battles is banned
|rule|Species Clause: Limit one of each Pokémon
|rule|OHKO Clause: OHKO moves are banned
|rule|Evasion Items Clause: Evasion items are banned
|rule|Evasion Moves Clause: Evasion moves are banned
|rule|Evasion Abilities Clause: Evasion abilities are banned
|rule|Sleep Moves Clause: Sleep-inducing moves are banned
|clearpoke
|poke|p1|Delphox, F|
|poke|p1|Lucario, M|
|poke|p1|Gardevoir, M|
|poke|p1|Gengar, M|
|poke|p1|Ogerpon-Wellspring, F|
|poke|p1|Dragapult, M|
|poke|p2|Alomomola, F|
|poke|p2|Cinderace, F|
|poke|p2|Dragapult, F|
|poke|p2|Dragonite, F|
|poke|p2|Corviknight, F|
|poke|p2|Weavile, F|
|teampreview
|
|t:|1769419026
|teamsize|p1|6
|teamsize|p2|6
|start
|switch|p1a: Gengar|Gengar, M|100/100
|switch|p2a: Dragonite|Dragonite, F|100/100
|turn|1
|
|t:|1769419034
|move|p1a: Gengar|Dazzling Gleam|p2a: Dragonite
|-supereffective|p2a: Dragonite
|-damage|p2a: Dragonite|69/100
|-damage|p1a: Gengar|91/100|[from] item: Life Orb
|move|p2a: Dragonite|Earthquake|p1a: Gengar
|-supereffective|p1a: Gengar
|-damage|p1a: Gengar|0 fnt
|-start|p2a: Dragonite|Disable|Earthquake|[from] ability: Cursed Body|[of] p1a: Gengar
|faint|p1a: Gengar
|
|upkeep
|
|t:|1769419052
|switch|p1a: Lucario|Lucario, M|100/100
|turn|2
|
|t:|1769419056
|move|p1a: Lucario|Meteor Mash|p2a: Dragonite
|-damage|p2a: Dragonite|20/100
|-damage|p1a: Lucario|91/100|[from] item: Life Orb
|move|p2a: Dragonite|Flamethrower|p1a: Lucario
|-supereffective|p1a: Lucario
|-damage|p1a: Lucario|8/100
|
|upkeep
|turn|3
|
|t:|1769419109
|switch|p2a: knight|Corviknight, F, shiny|100/100
|-ability|p2a: knight|Unnerve
|move|p1a: Lucario|Extreme Speed|p2a: knight
|-resisted|p2a: knight
|-damage|p2a: knight|88/100
|-damage|p1a: Lucario|0 fnt|[from] item: Life Orb
|faint|p1a: Lucario
|
|upkeep
|
|t:|1769419119
|switch|p1a: Delphox|Delphox, F|100/100
|turn|4
|
|t:|1769419143
|switch|p2a: Alomomola|Alomomola, F|100/100
|move|p1a: Delphox|Nasty Plot|p1a: Delphox
|-boost|p1a: Delphox|spa|2
|
|upkeep
|turn|5
|
|t:|1769419173
|move|p2a: Alomomola|Hydro Pump|p1a: Delphox|[miss]
|-miss|p2a: Alomomola|p1a: Delphox
|move|p1a: Delphox|Psychic|p2a: Alomomola
|-damage|p2a: Alomomola|0 fnt
|faint|p2a: Alomomola
|
|upkeep
|
|t:|1769419196
|switch|p2a: Dragapult|Dragapult, F|100/100
|turn|6
|
|t:|1769419219
|-terastallize|p1a: Delphox|Fairy
|move|p2a: Dragapult|Dragon Claw|p1a: Delphox
|-immune|p1a: Delphox
|move|p1a: Delphox|Shadow Ball|p2a: Dragapult
|-supereffective|p2a: Dragapult
|-damage|p2a: Dragapult|0 fnt
|faint|p2a: Dragapult
|
|upkeep
|
|t:|1769419236
|switch|p2a: bunneary|Cinderace, F, shiny|100/100
|turn|7
|
|t:|1769419257
|move|p2a: bunneary|Flamethrower|p1a: Delphox
|-damage|p1a: Delphox|76/100
|-status|p1a: Delphox|brn
|move|p1a: Delphox|Psychic|p2a: bunneary
|-enditem|p2a: bunneary|Focus Sash
|-damage|p2a: bunneary|1/100
|
|-damage|p1a: Delphox|70/100 brn|[from] brn
|upkeep
|turn|8
|
|t:|1769419290
|move|p2a: bunneary|Flamethrower|p1a: Delphox
|-damage|p1a: Delphox|44/100 brn
|move|p1a: Delphox|Flamethrower|p2a: bunneary
|-resisted|p2a: bunneary
|-damage|p2a: bunneary|0 fnt
|faint|p2a: bunneary
|
|-damage|p1a: Delphox|38/100 brn|[from] brn
|upkeep
|
|t:|1769419329
|switch|p2a: Weavile|Weavile, F|100/100
|turn|9
|
|t:|1769419354
|-terastallize|p2a: Weavile|Water
|move|p2a: Weavile|Water Pulse|p1a: Delphox
|-damage|p1a: Delphox|24/100 brn
|-start|p1a: Delphox|confusion
|-activate|p1a: Delphox|confusion
|move|p1a: Delphox|Flamethrower|p2a: Weavile
|-resisted|p2a: Weavile
|-damage|p2a: Weavile|13/100
|
|-damage|p1a: Delphox|18/100 brn|[from] brn
|upkeep
|turn|10
|
|t:|1769419367
|move|p2a: Weavile|Water Pulse|p1a: Delphox
|-damage|p1a: Delphox|6/100 brn
|-activate|p1a: Delphox|confusion
|move|p1a: Delphox|Psychic|p2a: Weavile
|-damage|p2a: Weavile|0 fnt
|faint|p2a: Weavile
|
|-damage|p1a: Delphox|0 fnt|[from] brn
|faint|p1a: Delphox
|upkeep
|
|t:|1769419381
|switch|p2a: Dragonite|Dragonite, F|20/100
|switch|p1a: Gardevoir|Gardevoir, M|100/100
|turn|11
|
|t:|1769419402
|move|p1a: Gardevoir|Thunderbolt|p2a: Dragonite
|-damage|p2a: Dragonite|0 fnt
|faint|p2a: Dragonite
|
|upkeep
|
|t:|1769419406
|switch|p2a: knight|Corviknight, F, shiny|88/100
|-ability|p2a: knight|Unnerve
|turn|12
|
|t:|1769419449
|move|p1a: Gardevoir|Thunderbolt|p2a: knight
|-supereffective|p2a: knight
|-damage|p2a: knight|27/100
|move|p2a: knight|Drill Peck|p1a: Gardevoir
|-damage|p1a: Gardevoir|37/100
|
|upkeep
|turn|13
|
|t:|1769419467
|move|p1a: Gardevoir|Thunderbolt|p2a: knight
|-supereffective|p2a: knight
|-damage|p2a: knight|0 fnt
|faint|p2a: knight
|
|win|Tueznn
|raw|Tueznn's rating: 1092 &rarr; <strong>1117</strong><br />(+25 for winning)
|raw|sergisb's rating: 1071 &rarr; <strong>1052</strong><br />(-19 for losing)
|l|☆sergisb
|player|p2|
|l|☆Tueznn
|player|p1|
