|j|☆squivvo
|j|☆fuhfyjddhh
|t:|1769373286
|gametype|singles
|player|p1|squivvo|hilbert-wonderlauncher|1494
|player|p2|fuhfyjddhh|policeman-gen4|1494
|gen|9
|tier|[Gen 9] OU
|rated|
|rule|HP Percentage Mod: HP is shown in percentages
|rule|Endless Battle Clause: Forcing endless battles is banned
|rule|Species Clause: Limit one of each Pokémon
|rule|OHKO Clause: OHKO moves are banned
|rule|Evasion Items Clause: Evasion items are banned
|rule|Evasion Moves Clause: Evasion moves are banned
|rule|Evasion Abilities Clause: Evasion abilities are banned
|rule|Sleep Moves Clause: Sleep-inducing moves are banned
|clearpoke
|poke|p1|Samurott-Hisui, F|
|poke|p1|Dragonite, M|
|poke|p1|Gholdengo|
|poke|p1|Iron Valiant|
|poke|p1|Glimmora, F|
|poke|p1|Landorus-Therian, M|
|poke|p2|Tinkaton, F|
|poke|p2|Ogerpon, F|
|poke|p2|Great Tusk|
|poke|p2|Pecharunt|
|poke|p2|Alomomola, M|
|poke|p2|Hydreigon, M|
|teampreview
|
|t:|1769373313
|teamsize|p1|6
|teamsize|p2|6
|start
|switch|p1a: Glimmora|Glimmora, F|100/100
|switch|p2a: Ogerpon|Ogerpon, F|100/100
|turn|1
|
|t:|1769373318
|move|p2a: Ogerpon|Ivy Cudgel|p1a: Glimmora
|-damage|p1a: Glimmora|6/100
|-activate|p1a: Glimmora|ability: Toxic Debris
|-sidestart|p2: fuhfyjddhh|move: Toxic Spikes
|move|p1a: Glimmora|Sludge Wave|p2a: Ogerpon
|-supereffective|p2a: Ogerpon
|-damage|p2a: Ogerpon|0 fnt
|faint|p2a: Ogerpon
|
|upkeep
|
|t:|1769373322
|switch|p2a: Pecharunt|Pecharunt|100/100
|-sideend|p2: fuhfyjddhh|move: Toxic Spikes|[of] p2a: Pecharunt
|turn|2
|
|t:|1769373346
|switch|p1a: Landorus|Landorus-Therian, M|100/100
|-ability|p1a: Landorus|Intimidate|boost
|-unboost|p2a: Pecharunt|atk|1
|move|p2a: Pecharunt|Shadow Ball|p1a: Landorus
|-damage|p1a: Landorus|66/100
|
|upkeep
|turn|3
|
|t:|1769373369
|switch|p2a: Tinkaton|Tinkaton, F, shiny|100/100
|-item|p2a: Tinkaton|Air Balloon
|move|p1a: Landorus|Earthquake|p2a: Tinkaton
|-immune|p2a: Tinkaton
|
|upkeep
|turn|4
|
|t:|1769373374
|move|p2a: Tinkaton|Stealth Rock|p1a: Landorus
|-sidestart|p1: squivvo|move: Stealth Rock
|move|p1a: Landorus|U-turn|p2a: Tinkaton
|-resisted|p2a: Tinkaton
|-damage|p2a: Tinkaton|92/100
|-enditem|p2a: Tinkaton|Air Balloon
|-enditem|p1a: Landorus|Rocky Helmet|[silent]|[from] ability: Pickpocket|[of] p1a: Landorus
|-item|p2a: Tinkaton|Rocky Helmet|[from] ability: Pickpocket|[of] p1a: Landorus
|
|t:|1769373379
|switch|p1a: Glimmora|Glimmora, F|6/100|[from] U-turn
|-damage|p1a: Glimmora|0 fnt|[from] Stealth Rock
|faint|p1a: Glimmora
|
|upkeep
|
|t:|1769373388
|switch|p1a: Landorus|Landorus-Therian, M|66/100
|-damage|p1a: Landorus|54/100|[from] Stealth Rock
|-ability|p1a: Landorus|Intimidate|boost
|-unboost|p2a: Tinkaton|atk|1
|turn|5
|
|t:|1769373394
|switch|p2a: Alomomola|Alomomola, M, shiny|100/100
|move|p1a: Landorus|Stealth Rock|p2a: Alomomola
|-sidestart|p2: fuhfyjddhh|move: Stealth Rock
|
|upkeep
|turn|6
|
|t:|1769373400
|move|p1a: Landorus|Earthquake|p2a: Alomomola
|-damage|p2a: Alomomola|57/100
|move|p2a: Alomomola|Flip Turn|p1a: Landorus
|-supereffective|p1a: Landorus
|-damage|p1a: Landorus|18/100
|
|t:|1769373410
|switch|p2a: Great Tusk|Great Tusk, shiny|100/100|[from] Flip Turn
|
|upkeep
|turn|7
|
|t:|1769373416
|move|p1a: Landorus|Earthquake|p2a: Great Tusk
|-damage|p2a: Great Tusk|61/100
|move|p2a: Great Tusk|Ice Spinner|p1a: Landorus
|-supereffective|p1a: Landorus
|-damage|p1a: Landorus|0 fnt
|faint|p1a: Landorus
|
|upkeep
|
|t:|1769373421
|switch|p1a: Iron Valiant|Iron Valiant|100/100
|-damage|p1a: Iron Valiant|94/100|[from] Stealth Rock
|-enditem|p1a: Iron Valiant|Booster Energy
|-activate|p1a: Iron Valiant|ability: Quark Drive|[fromitem]
|-start|p1a: Iron Valiant|quarkdrivespe
|turn|8
|
|t:|1769373428
|-end|p2a: Great Tusk|Protosynthesis|[silent]
|switch|p2a: Tinkaton|Tinkaton, F, shiny|92/100
|-damage|p2a: Tinkaton|86/100|[from] Stealth Rock
|move|p1a: Iron Valiant|Moonblast|p2a: Tinkaton
|-resisted|p2a: Tinkaton
|-damage|p2a: Tinkaton|59/100
|
|upkeep
|turn|9
|
|t:|1769373433
|move|p1a: Iron Valiant|Close Combat|p2a: Tinkaton
|-damage|p2a: Tinkaton|0 fnt
|-unboost|p1a: Iron Valiant|def|1
|-unboost|p1a: Iron Valiant|spd|1
|-damage|p1a: Iron Valiant|78/100|[from] item: Rocky Helmet|[of] p2a: Tinkaton
|faint|p2a: Tinkaton
|
|upkeep
|
|t:|1769373441
|switch|p2a: Alomomola|Alomomola, M, shiny|90/100
|-damage|p2a: Alomomola|77/100|[from] Stealth Rock
|turn|10
|
|t:|1769373445
|move|p1a: Iron Valiant|Moonblast|p2a: Alomomola
|-damage|p2a: Alomomola|55/100
|move|p2a: Alomomola|Play Rough|p1a: Iron Valiant
|-supereffective|p1a: Iron Valiant
|-damage|p1a: Iron Valiant|11/100
|
|upkeep
|turn|11
|
|t:|1769373451
|move|p2a: Alomomola|Aqua Jet|p1a: Iron Valiant
|-damage|p1a: Iron Valiant|0 fnt
|faint|p1a: Iron Valiant
|-end|p1a: Iron Valiant|Quark Drive|[silent]
|
|upkeep
|
|t:|1769373456
|switch|p1a: Gholdengo|Gholdengo|100/100
|-damage|p1a: Gholdengo|94/100|[from] Stealth Rock
|turn|12
|
|t:|1769373460
|move|p1a: Gholdengo|Trick|p2a: Alomomola
|-activate|p1a: Gholdengo|move: Trick|[of] p2a: Alomomola
|-item|p2a: Alomomola|Choice Scarf|[from] move: Trick
|-item|p1a: Gholdengo|Assault Vest|[from] move: Trick
|move|p2a: Alomomola|Flip Turn|p1a: Gholdengo
|-damage|p1a: Gholdengo|76/100
|
|t:|1769373467
|switch|p2a: Hydreigon|Hydreigon, M, shiny|100/100|[from] Flip Turn
|-damage|p2a: Hydreigon|88/100|[from] Stealth Rock
|
|upkeep
|turn|13
|
|t:|1769373472
|move|p2a: Hydreigon|Dark Pulse|p1a: Gholdengo
|-supereffective|p1a: Gholdengo
|-damage|p1a: Gholdengo|0 fnt
|faint|p1a: Gholdengo
|
|upkeep
|
|t:|1769373476
|switch|p1a: Dragonite|Dragonite, M|100/100
|turn|14
|
|t:|1769373481
|switch|p2a: Pecharunt|Pecharunt|100/100
|-damage|p2a: Pecharunt|88/100|[from] Stealth Rock
|move|p1a: Dragonite|Dragon Dance|p1a: Dragonite
|-boost|p1a: Dragonite|atk|1
|-boost|p1a: Dragonite|spe|1
|
|upkeep
|turn|15
|
|t:|1769373490
|-terastallize|p2a: Pecharunt|Ghost
|move|p1a: Dragonite|Earthquake|p2a: Pecharunt
|-damage|p2a: Pecharunt|59/100
|move|p2a: Pecharunt|Malignant Chain|p1a: Dragonite
|-damage|p1a: Dragonite|84/100
|-status|p1a: Dragonite|tox
|-start|p1a: Dragonite|confusion|[from] ability: Poison Puppeteer|[of] p2a: Pecharunt
|
|-damage|p1a: Dragonite|78/100 tox|[from] psn
|upkeep
|turn|16
|
|t:|1769373498
|-activate|p1a: Dragonite|confusion
|move|p1a: Dragonite|Dragon Dance|p1a: Dragonite
|-boost|p1a: Dragonite|atk|1
|-boost|p1a: Dragonite|spe|1
|move|p2a: Pecharunt|Recover|p2a: Pecharunt
|-heal|p2a: Pecharunt|100/100
|
|-damage|p1a: Dragonite|66/100 tox|[from] psn
|upkeep
|turn|17
|
|t:|1769373502
|-activate|p1a: Dragonite|confusion
|-damage|p1a: Dragonite|33/100 tox|[from] confusion
|move|p2a: Pecharunt|Shadow Ball|p1a: Dragonite
|-damage|p1a: Dragonite|0 fnt
|faint|p1a: Dragonite
|
|upkeep
|
|t:|1769373504
|switch|p1a: Samurott|Samurott-Hisui, F|100/100
|-damage|p1a: Samurott|88/100|[from] Stealth Rock
|turn|18
|
|t:|1769373513
|switch|p2a: Alomomola|Alomomola, M, shiny|88/100
|-damage|p2a: Alomomola|76/100|[from] Stealth Rock
|move|p1a: Samurott|Ceaseless Edge|p2a: Alomomola|[miss]
|-miss|p1a: Samurott|p2a: Alomomola
|
|upkeep
|turn|19
|
|t:|1769373551
|move|p1a: Samurott|Ceaseless Edge|p2a: Alomomola
|-damage|p2a: Alomomola|40/100
|-sidestart|p2: fuhfyjddhh|Spikes
|move|p2a: Alomomola|Play Rough|p1a: Samurott
|-supereffective|p1a: Samurott
|-damage|p1a: Samurott|51/100
|
|upkeep
|turn|20
|
|t:|1769373560
|move|p1a: Samurott|Ceaseless Edge|p2a: Alomomola
|-damage|p2a: Alomomola|4/100
|-sidestart|p2: fuhfyjddhh|Spikes
|move|p2a: Alomomola|Play Rough|p1a: Samurott
|-supereffective|p1a: Samurott
|-crit|p1a: Samurott
|-damage|p1a: Samurott|0 fnt
|faint|p1a: Samurott
|
|win|fuhfyjddhh
|raw|squivvo's rating: 1494 &rarr; <strong>1474</strong><br />(-20 for losing)
|raw|fuhfyjddhh's rating: 1494 &rarr; <strong>1514</strong><br />(+20 for winning)
