|j|☆kirsi000
|j|☆StarLi
|t:|1769408371
|gametype|singles
|player|p1|kirsi000|pokekid|1360
|player|p2|StarLi|iono|1369
|gen|9
|tier|[Gen 9] OU
|rated|
|rule|HP Percentage Mod: HP is shown in percentages
|rule|Endless Battle Clause: Forcing endless battles is banned
|rule|Species Clause: Limit one of each Pokémon
|rule|OHKO Clause: OHKO moves are banned
|rule|Evasion Items Clause: Evasion items are banned
|rule|Evasion Moves Clause: Evasion moves are banned
|rule|Evasion Abilities Clause: Evasion abilities are banned
|rule|Sleep Moves Clause: Sleep-inducing moves are banned
|clearpoke
|poke|p1|Cinderace, F|
|poke|p1|Slowking-Galar, M|
|poke|p1|Landorus-Therian, M|
|poke|p1|Alomomola, F|
|poke|p1|Gholdengo|
|poke|p1|Walking Wake|
|poke|p2|Darkrai|
|poke|p2|Garganacl, M|
|poke|p2|Enamorus, F|
|poke|p2|Kingambit, F|
|poke|p2|Samurott-Hisui, F|
|poke|p2|Pecharunt|
|teampreview
|
|t:|1769408376
|teamsize|p1|6
|teamsize|p2|6
|start
|switch|p1a: Landorus|Landorus-Therian, M|100/100
|switch|p2a: Samurott|Samurott-Hisui, F|100/100
|-ability|p1a: Landorus|Intimidate|boost
|-unboost|p2a: Samurott|atk|1
|turn|1
|
|t:|1769408385
|move|p1a: Landorus|U-turn|p2a: Samurott
|-supereffective|p2a: Samurott
|-damage|p2a: Samurott|34/100
|
|t:|1769408394
|switch|p1a: Cinderace|Cinderace, F|100/100|[from] U-turn
|move|p2a: Samurott|Ceaseless Edge|p1a: Cinderace
|-damage|p1a: Cinderace|58/100
|-sidestart|p1: kirsi000|Spikes
|
|upkeep
|turn|2
|
|t:|1769408402
|move|p2a: Samurott|Aqua Jet|p1a: Cinderace
|-supereffective|p1a: Cinderace
|-damage|p1a: Cinderace|24/100
|move|p1a: Cinderace|U-turn|p2a: Samurott
|-start|p1a: Cinderace|typechange|Bug|[from] ability: Libero
|-supereffective|p2a: Samurott
|-damage|p2a: Samurott|0 fnt
|faint|p2a: Samurott
|
|t:|1769408412
|switch|p1a: Landorus|Landorus-Therian, M|100/100|[from] U-turn
|
|upkeep
|
|t:|1769408422
|switch|p2a: Darkrai|Darkrai|100/100
|turn|3
|
|t:|1769408428
|-terastallize|p2a: Darkrai|Poison
|move|p1a: Landorus|U-turn|p2a: Darkrai
|-resisted|p2a: Darkrai
|-damage|p2a: Darkrai|82/100
|
|t:|1769408435
|switch|p1a: Slowking|Slowking-Galar, M|100/100|[from] U-turn
|move|p2a: Darkrai|Ice Beam|p1a: Slowking
|-damage|p1a: Slowking|81/100
|
|-heal|p2a: Darkrai|88/100|[from] item: Leftovers
|upkeep
|turn|4
|
|t:|1769408442
|move|p2a: Darkrai|Dark Pulse|p1a: Slowking
|-supereffective|p1a: Slowking
|-damage|p1a: Slowking|34/100
|move|p1a: Slowking|Thunder Wave|p2a: Darkrai
|-status|p2a: Darkrai|par
|
|-heal|p2a: Darkrai|94/100 par|[from] item: Leftovers
|upkeep
|turn|5
|
|t:|1769408455
|switch|p1a: Alomomola|Alomomola, F|100/100
|move|p2a: Darkrai|Dark Pulse|p1a: Alomomola
|-damage|p1a: Alomomola|47/100
|
|-heal|p2a: Darkrai|99/100 par|[from] item: Leftovers
|upkeep
|turn|6
|
|t:|1769408469
|move|p2a: Darkrai|Dark Pulse|p1a: Alomomola
|-damage|p1a: Alomomola|0 fnt
|faint|p1a: Alomomola
|
|-heal|p2a: Darkrai|100/100 par|[from] item: Leftovers
|upkeep
|
|t:|1769408480
|switch|p1a: Landorus|Landorus-Therian, M|100/100
|-ability|p1a: Landorus|Intimidate|boost
|-unboost|p2a: Darkrai|atk|1
|turn|7
|
|t:|1769408485
|switch|p2a: Enamorus|Enamorus, F|100/100
|move|p1a: Landorus|Earthquake|p2a: Enamorus
|-immune|p2a: Enamorus
|
|upkeep
|turn|8
|
|t:|1769408494
|switch|p1a: Slowking|Slowking-Galar, M|68/100
|move|p2a: Enamorus|Earth Power|p1a: Slowking
|-supereffective|p1a: Slowking
|-damage|p1a: Slowking|25/100
|-unboost|p1a: Slowking|spd|1
|
|upkeep
|turn|9
|
|t:|1769408503
|switch|p2a: Darkrai|Darkrai, tera:Poison|100/100 par
|switch|p1a: Landorus|Landorus-Therian, M|100/100
|-ability|p1a: Landorus|Intimidate|boost
|-unboost|p2a: Darkrai|atk|1
|
|upkeep
|turn|10
|
|t:|1769408515
|switch|p2a: Enamorus|Enamorus, F|100/100
|move|p1a: Landorus|Earthquake|p2a: Enamorus
|-immune|p2a: Enamorus
|
|upkeep
|turn|11
|
|t:|1769408530
|switch|p1a: Gholdengo|Gholdengo|100/100
|-item|p1a: Gholdengo|Air Balloon
|move|p2a: Enamorus|Mystical Fire|p1a: Gholdengo
|-supereffective|p1a: Gholdengo
|-damage|p1a: Gholdengo|36/100
|-unboost|p1a: Gholdengo|spa|1
|-enditem|p1a: Gholdengo|Air Balloon
|
|upkeep
|turn|12
|
|t:|1769408541
|move|p2a: Enamorus|Mystical Fire|p1a: Gholdengo
|-supereffective|p1a: Gholdengo
|-damage|p1a: Gholdengo|0 fnt
|faint|p1a: Gholdengo
|
|upkeep
|
|t:|1769408544
|switch|p1a: Landorus|Landorus-Therian, M|100/100
|-ability|p1a: Landorus|Intimidate|boost
|-boost|p2a: Enamorus|atk|1
|turn|13
|
|t:|1769408553
|move|p2a: Enamorus|Mystical Fire|p1a: Landorus
|-damage|p1a: Landorus|61/100
|-unboost|p1a: Landorus|spa|1
|move|p1a: Landorus|Stone Edge|p2a: Enamorus
|-supereffective|p2a: Enamorus
|-damage|p2a: Enamorus|0 fnt
|faint|p2a: Enamorus
|
|upkeep
|
|t:|1769408566
|switch|p2a: Kingambit|Kingambit, F|100/100
|-activate|p2a: Kingambit|ability: Supreme Overlord
|-start|p2a: Kingambit|fallen2|[silent]
|turn|14
|
|t:|1769408578
|switch|p1a: Slowking|Slowking-Galar, M|58/100
|move|p2a: Kingambit|Swords Dance|p2a: Kingambit
|-boost|p2a: Kingambit|atk|2
|
|upkeep
|turn|15
|
|t:|1769408587
|move|p2a: Kingambit|Kowtow Cleave|p1a: Slowking
|-supereffective|p1a: Slowking
|-damage|p1a: Slowking|0 fnt
|faint|p1a: Slowking
|
|upkeep
|
|t:|1769408594
|switch|p1a: Landorus|Landorus-Therian, M|61/100
|-ability|p1a: Landorus|Intimidate|boost
|-unboost|p2a: Kingambit|atk|1
|turn|16
|
|t:|1769408602
|-end|p2a: Kingambit|fallen2|[silent]
|switch|p2a: Darkrai|Darkrai, tera:Poison|100/100 par
|move|p1a: Landorus|Earthquake|p2a: Darkrai
|-supereffective|p2a: Darkrai
|-damage|p2a: Darkrai|0 fnt
|faint|p2a: Darkrai
|
|upkeep
|
|t:|1769408613
|switch|p2a: Kingambit|Kingambit, F|100/100
|-activate|p2a: Kingambit|ability: Supreme Overlord
|-start|p2a: Kingambit|fallen3|[silent]
|turn|17
|
|t:|1769408618
|move|p2a: Kingambit|Sucker Punch|p1a: Landorus
|-damage|p1a: Landorus|1/100
|move|p1a: Landorus|Earthquake|p2a: Kingambit
|-supereffective|p2a: Kingambit
|-damage|p2a: Kingambit|9/100
|
|-heal|p2a: Kingambit|15/100|[from] item: Leftovers
|upkeep
|turn|18
|
|t:|1769408629
|move|p2a: Kingambit|Sucker Punch|p1a: Landorus
|-damage|p1a: Landorus|0 fnt
|faint|p1a: Landorus
|
|-heal|p2a: Kingambit|21/100|[from] item: Leftovers
|upkeep
|
|t:|1769408633
|switch|p1a: Walking Wake|Walking Wake|100/100
|-damage|p1a: Walking Wake|88/100|[from] Spikes
|-enditem|p1a: Walking Wake|Booster Energy
|-activate|p1a: Walking Wake|ability: Protosynthesis|[fromitem]
|-start|p1a: Walking Wake|protosynthesisspe
|turn|19
|
|t:|1769408649
|-end|p2a: Kingambit|fallen3|[silent]
|switch|p2a: Garganacl|Garganacl, M|100/100
|move|p1a: Walking Wake|Flamethrower|p2a: Garganacl
|-resisted|p2a: Garganacl
|-crit|p2a: Garganacl
|-damage|p2a: Garganacl|86/100
|
|-heal|p2a: Garganacl|92/100|[from] item: Leftovers
|upkeep
|turn|20
|
|t:|1769408656
|move|p1a: Walking Wake|Hydro Steam|p2a: Garganacl
|-supereffective|p2a: Garganacl
|-damage|p2a: Garganacl|37/100
|move|p2a: Garganacl|Salt Cure|p1a: Walking Wake
|-damage|p1a: Walking Wake|72/100
|-start|p1a: Walking Wake|Salt Cure
|
|-heal|p2a: Garganacl|43/100|[from] item: Leftovers
|-damage|p1a: Walking Wake|47/100|[from] Salt Cure
|upkeep
|turn|21
|
|t:|1769408662
|move|p1a: Walking Wake|Hydro Steam|p2a: Garganacl
|-supereffective|p2a: Garganacl
|-damage|p2a: Garganacl|0 fnt
|faint|p2a: Garganacl
|
|-damage|p1a: Walking Wake|23/100|[from] Salt Cure
|upkeep
|
|t:|1769408665
|switch|p2a: Kingambit|Kingambit, F|21/100
|-activate|p2a: Kingambit|ability: Supreme Overlord
|-start|p2a: Kingambit|fallen4|[silent]
|turn|22
|
|t:|1769408669
|move|p2a: Kingambit|Sucker Punch||[still]
|-fail|p2a: Kingambit
|move|p1a: Walking Wake|Agility|p1a: Walking Wake
|-boost|p1a: Walking Wake|spe|2
|
|-heal|p2a: Kingambit|27/100|[from] item: Leftovers
|-damage|p1a: Walking Wake|0 fnt|[from] Salt Cure
|faint|p1a: Walking Wake
|-end|p1a: Walking Wake|Protosynthesis|[silent]
|upkeep
|
|t:|1769408678
|switch|p1a: Cinderace|Cinderace, F|24/100
|turn|23
|
|t:|1769408685
|move|p2a: Kingambit|Sucker Punch|p1a: Cinderace
|-damage|p1a: Cinderace|0 fnt
|faint|p1a: Cinderace
|
|win|StarLi
|raw|kirsi000's rating: 1360 &rarr; <strong>1341</strong><br />(-19 for losing)
|raw|StarLi's rating: 1369 &rarr; <strong>1388</strong><br />(+19 for winning)
