|j|☆medhat91
|j|☆Vsranger01
|t:|1769410510
|gametype|singles
|player|p1|medhat91|unknown|1327
|player|p2|Vsranger01|pokekid|1271
|gen|9
|tier|[Gen 9] OU
|rated|
|rule|HP Percentage Mod: HP is shown in percentages
|rule|Endless Battle Clause: Forcing endless battles is banned
|rule|Species Clause: Limit one of each Pokémon
|rule|OHKO Clause: OHKO moves are banned
|rule|Evasion Items Clause: Evasion items are banned
|rule|Evasion Moves Clause: Evasion moves are banned
|rule|Evasion Abilities Clause: Evasion abilities are banned
|rule|Sleep Moves Clause: Sleep-inducing moves are banned
|clearpoke
|poke|p1|Iron Hands|
|poke|p1|Glimmora, F|
|poke|p1|Landorus-Therian, M|
|poke|p1|Dragapult, F|
|poke|p1|Primarina, M|
|poke|p1|Kingambit, F|
|poke|p2|Ting-Lu|
|poke|p2|Dondozo, M|
|poke|p2|Blissey, F|
|poke|p2|Gliscor, F|
|poke|p2|Great Tusk|
|poke|p2|Whimsicott, M|
|teampreview
|inactive|Battle timer is ON: inactive players will automatically lose when time's up. (requested by Vsranger01)
|inactive|medhat91 also wants the timer to be on.
|
|t:|1769410534
|teamsize|p1|6
|teamsize|p2|6
|start
|switch|p1a: Iron Hands|Iron Hands|100/100
|switch|p2a: Gliscor|Gliscor, F|100/100
|-enditem|p1a: Iron Hands|Booster Energy
|-activate|p1a: Iron Hands|ability: Quark Drive|[fromitem]
|-start|p1a: Iron Hands|quarkdriveatk
|turn|1
|
|t:|1769410542
|move|p2a: Gliscor|Toxic Spikes|p1a: Iron Hands
|-sidestart|p1: medhat91|move: Toxic Spikes
|move|p1a: Iron Hands|Ice Punch|p2a: Gliscor
|-supereffective|p2a: Gliscor
|-damage|p2a: Gliscor|0 fnt
|faint|p2a: Gliscor
|
|upkeep
|
|t:|1769410551
|switch|p2a: Dondozo|Dondozo, M|100/100
|turn|2
|inactive|medhat91 has 120 seconds left.
|
|t:|1769410581
|-terastallize|p2a: Dondozo|Ground
|move|p1a: Iron Hands|Supercell Slam|p2a: Dondozo
|-immune|p2a: Dondozo
|-damage|p1a: Iron Hands|51/100|[from] supercellslam
|move|p2a: Dondozo|Curse|p2a: Dondozo
|-unboost|p2a: Dondozo|spe|1
|-boost|p2a: Dondozo|atk|1
|-boost|p2a: Dondozo|def|1
|
|upkeep
|turn|3
|
|t:|1769410595
|move|p1a: Iron Hands|Ice Punch|p2a: Dondozo
|-supereffective|p2a: Dondozo
|-damage|p2a: Dondozo|75/100
|move|p2a: Dondozo|Curse|p2a: Dondozo
|-unboost|p2a: Dondozo|spe|1
|-boost|p2a: Dondozo|atk|1
|-boost|p2a: Dondozo|def|1
|
|upkeep
|turn|4
|
|t:|1769410608
|move|p1a: Iron Hands|Ice Punch|p2a: Dondozo
|-supereffective|p2a: Dondozo
|-damage|p2a: Dondozo|57/100
|move|p2a: Dondozo|Earthquake|p1a: Iron Hands
|-supereffective|p1a: Iron Hands
|-damage|p1a: Iron Hands|0 fnt
|faint|p1a: Iron Hands
|-end|p1a: Iron Hands|Quark Drive|[silent]
|
|upkeep
|inactive|medhat91 has 120 seconds left.
|
|t:|1769410634
|switch|p1a: Dragapult|Dragapult, F|100/100
|-status|p1a: Dragapult|psn
|turn|5
|
|t:|1769410638
|move|p1a: Dragapult|U-turn|p2a: Dondozo
|-damage|p2a: Dondozo|48/100
|
|t:|1769410644
|switch|p1a: Glimmora|Glimmora, F|100/100|[from] U-turn
|-sideend|p1: medhat91|move: Toxic Spikes|[of] p1a: Glimmora
|move|p2a: Dondozo|Rest|p2a: Dondozo
|-status|p2a: Dondozo|slp|[from] move: Rest
|-heal|p2a: Dondozo|100/100 slp|[silent]
|-enditem|p2a: Dondozo|Chesto Berry|[eat]
|-curestatus|p2a: Dondozo|slp|[msg]
|
|upkeep
|turn|6
|inactive|medhat91 has 120 seconds left.
|
|t:|1769410653
|move|p1a: Glimmora|Sludge Wave|p2a: Dondozo
|-resisted|p2a: Dondozo
|-damage|p2a: Dondozo|76/100
|move|p2a: Dondozo|Earthquake|p1a: Glimmora
|-supereffective|p1a: Glimmora
|-damage|p1a: Glimmora|0 fnt
|-activate|p1a: Glimmora|ability: Toxic Debris
|-sidestart|p2: Vsranger01|move: Toxic Spikes
|faint|p1a: Glimmora
|
|upkeep
|inactive|medhat91 has 120 seconds left.
|
|t:|1769410661
|switch|p1a: Primarina|Primarina, M|100/100
|turn|7
|
|t:|1769410668
|move|p1a: Primarina|Psychic Noise|p2a: Dondozo
|-supereffective|p2a: Dondozo
|-damage|p2a: Dondozo|3/100
|-start|p2a: Dondozo|move: Heal Block
|move|p2a: Dondozo|Earthquake|p1a: Primarina
|-crit|p1a: Primarina
|-damage|p1a: Primarina|0 fnt
|faint|p1a: Primarina
|
|upkeep
|
|t:|1769410674
|switch|p1a: Dragapult|Dragapult, F|100/100 psn
|turn|8
|
|t:|1769410681
|move|p1a: Dragapult|Tera Blast|p2a: Dondozo
|-crit|p2a: Dondozo
|-damage|p2a: Dondozo|0 fnt
|faint|p2a: Dondozo
|
|-damage|p1a: Dragapult|88/100 psn|[from] psn
|upkeep
|
|t:|1769410693
|switch|p2a: Great Tusk|Great Tusk|100/100
|-status|p2a: Great Tusk|psn
|turn|9
|
|t:|1769410706
|-terastallize|p1a: Dragapult|Ghost
|move|p1a: Dragapult|Tera Blast|p2a: Great Tusk|[anim] Tera Blast Ghost
|-damage|p2a: Great Tusk|47/100 psn
|move|p2a: Great Tusk|Knock Off|p1a: Dragapult
|-supereffective|p1a: Dragapult
|-damage|p1a: Dragapult|7/100 psn
|-enditem|p1a: Dragapult|Choice Band|[from] move: Knock Off|[of] p2a: Great Tusk
|
|-damage|p1a: Dragapult|0 fnt|[from] psn
|faint|p1a: Dragapult
|-damage|p2a: Great Tusk|35/100 psn|[from] psn
|upkeep
|
|t:|1769410714
|switch|p1a: Landorus|Landorus-Therian, M|100/100
|-ability|p1a: Landorus|Intimidate|boost
|-unboost|p2a: Great Tusk|atk|1
|turn|10
|
|t:|1769410718
|move|p1a: Landorus|Stealth Rock|p2a: Great Tusk
|-sidestart|p2: Vsranger01|move: Stealth Rock
|move|p2a: Great Tusk|Rapid Spin|p1a: Landorus
|-damage|p1a: Landorus|91/100
|-boost|p2a: Great Tusk|spe|1
|-damage|p2a: Great Tusk|18/100 psn|[from] item: Rocky Helmet|[of] p1a: Landorus
|-sideend|p2: Vsranger01|Toxic Spikes|[from] move: Rapid Spin|[of] p2a: Great Tusk
|-sideend|p2: Vsranger01|Stealth Rock|[from] move: Rapid Spin|[of] p2a: Great Tusk
|
|-damage|p2a: Great Tusk|6/100 psn|[from] psn
|upkeep
|turn|11
|
|t:|1769410748
|move|p2a: Great Tusk|Knock Off|p1a: Landorus
|-damage|p1a: Landorus|69/100
|-damage|p2a: Great Tusk|0 fnt|[from] item: Rocky Helmet|[of] p1a: Landorus
|faint|p2a: Great Tusk
|-end|p2a: Great Tusk|Protosynthesis|[silent]
|move|p1a: Landorus|U-turn|p2: Great Tusk|[notarget]
|-fail|p1a: Landorus
|
|upkeep
|
|t:|1769410767
|switch|p2a: Ting-Lu|Ting-Lu|100/100
|-ability|p2a: Ting-Lu|Vessel of Ruin
|turn|12
|inactive|medhat91 has 120 seconds left.
|inactive|medhat91 has 90 seconds left.
|
|t:|1769410817
|move|p1a: Landorus|Earth Power|p2a: Ting-Lu
|-damage|p2a: Ting-Lu|84/100
|move|p2a: Ting-Lu|Stealth Rock|p1a: Landorus
|-sidestart|p1: medhat91|move: Stealth Rock
|
|upkeep
|turn|13
|
|t:|1769410832
|move|p1a: Landorus|Rock Tomb|p2a: Ting-Lu
|-resisted|p2a: Ting-Lu
|-damage|p2a: Ting-Lu|80/100
|-unboost|p2a: Ting-Lu|spe|1
|move|p2a: Ting-Lu|Spikes|p1a: Landorus
|-sidestart|p1: medhat91|Spikes
|
|upkeep
|turn|14
|inactive|medhat91 has 90 seconds left.
|
|t:|1769410861
|move|p1a: Landorus|U-turn|p2a: Ting-Lu
|-supereffective|p2a: Ting-Lu
|-damage|p2a: Ting-Lu|61/100
|-damage|p1a: Landorus|53/100|[from] item: Rocky Helmet|[of] p2a: Ting-Lu
|
|t:|1769410864
|switch|p1a: Kingambit|Kingambit, F|100/100|[from] U-turn
|-damage|p1a: Kingambit|94/100|[from] Stealth Rock
|-damage|p1a: Kingambit|82/100|[from] Spikes
|-activate|p1a: Kingambit|ability: Supreme Overlord
|-start|p1a: Kingambit|fallen4|[silent]
|move|p2a: Ting-Lu|Spikes|p1a: Kingambit
|-sidestart|p1: medhat91|Spikes
|
|-heal|p1a: Kingambit|88/100|[from] item: Leftovers
|upkeep
|turn|15
|inactive|medhat91 has 90 seconds left.
|
|t:|1769410877
|move|p1a: Kingambit|Swords Dance|p1a: Kingambit
|-boost|p1a: Kingambit|atk|2
|move|p2a: Ting-Lu|Whirlwind|p1a: Kingambit
|-end|p1a: Kingambit|fallen4|[silent]
|drag|p1a: Landorus|Landorus-Therian, M|53/100
|-damage|p1a: Landorus|40/100|[from] Stealth Rock
|-ability|p1a: Landorus|Intimidate|boost
|-unboost|p2a: Ting-Lu|atk|1
|
|upkeep
|turn|16
|
|t:|1769410884
|move|p1a: Landorus|U-turn|p2a: Ting-Lu
|-supereffective|p2a: Ting-Lu
|-damage|p2a: Ting-Lu|42/100
|-damage|p1a: Landorus|24/100|[from] item: Rocky Helmet|[of] p2a: Ting-Lu
|
|t:|1769410887
|switch|p1a: Kingambit|Kingambit, F|88/100|[from] U-turn
|-damage|p1a: Kingambit|82/100|[from] Stealth Rock
|-damage|p1a: Kingambit|65/100|[from] Spikes
|-activate|p1a: Kingambit|ability: Supreme Overlord
|-start|p1a: Kingambit|fallen4|[silent]
|move|p2a: Ting-Lu|Spikes|p1a: Kingambit
|-sidestart|p1: medhat91|Spikes
|
|-heal|p1a: Kingambit|72/100|[from] item: Leftovers
|upkeep
|turn|17
|
|t:|1769410892
|move|p1a: Kingambit|Iron Head|p2a: Ting-Lu
|-damage|p2a: Ting-Lu|10/100
|-damage|p1a: Kingambit|55/100|[from] item: Rocky Helmet|[of] p2a: Ting-Lu
|move|p2a: Ting-Lu|Whirlwind|p1a: Kingambit
|-end|p1a: Kingambit|fallen4|[silent]
|drag|p1a: Landorus|Landorus-Therian, M|24/100
|-damage|p1a: Landorus|12/100|[from] Stealth Rock
|-ability|p1a: Landorus|Intimidate|boost
|-unboost|p2a: Ting-Lu|atk|1
|
|upkeep
|turn|18
|
|t:|1769410904
|move|p1a: Landorus|U-turn|p2a: Ting-Lu
|-supereffective|p2a: Ting-Lu
|-damage|p2a: Ting-Lu|0 fnt
|-damage|p1a: Landorus|0 fnt|[from] item: Rocky Helmet|[of] p2a: Ting-Lu
|faint|p2a: Ting-Lu
|faint|p1a: Landorus
|
|upkeep
|
|t:|1769410914
|switch|p1a: Kingambit|Kingambit, F|55/100
|switch|p2a: Whimsicott|Whimsicott, M|100/100
|-damage|p1a: Kingambit|49/100|[from] Stealth Rock
|-damage|p1a: Kingambit|24/100|[from] Spikes
|-activate|p1a: Kingambit|ability: Supreme Overlord
|-start|p1a: Kingambit|fallen5|[silent]
|turn|19
|inactive|medhat91 has 120 seconds left.
|
|t:|1769410925
|move|p2a: Whimsicott|Substitute|p2a: Whimsicott
|-start|p2a: Whimsicott|Substitute
|-damage|p2a: Whimsicott|76/100
|move|p1a: Kingambit|Iron Head|p2a: Whimsicott
|-supereffective|p2a: Whimsicott
|-end|p2a: Whimsicott|Substitute
|
|-heal|p2a: Whimsicott|82/100|[from] item: Leftovers
|-heal|p1a: Kingambit|30/100|[from] item: Leftovers
|upkeep
|turn|20
|
|t:|1769410931
|move|p2a: Whimsicott|Moonblast|p1a: Kingambit
|-damage|p1a: Kingambit|0 fnt
|faint|p1a: Kingambit
|-end|p1a: Kingambit|fallen5|[silent]
|
|win|Vsranger01
|raw|medhat91's rating: 1313 &rarr; <strong>1291</strong><br />(-22 for losing)
|raw|Vsranger01's rating: 1271 &rarr; <strong>1299</strong><br />(+28 for winning)
|l|☆Vsranger01
|player|p2|
|l|☆medhat91
|player|p1|
