|j|☆iRainbo_ots
|j|☆habracadabrah
|t:|1769336272
|gametype|singles
|player|p1|iRainbo_ots|preschooler|1094
|player|p2|habracadabrah|hugh|1123
|gen|9
|tier|[Gen 9] OU
|rated|
|rule|HP Percentage Mod: HP is shown in percentages
|rule|Endless Battle Clause: Forcing endless battles is banned
|rule|Species Clause: Limit one of each Pokémon
|rule|OHKO Clause: OHKO moves are banned
|rule|Evasion Items Clause: Evasion items are banned
|rule|Evasion Moves Clause: Evasion moves are banned
|rule|Evasion Abilities Clause: Evasion abilities are banned
|rule|Sleep Moves Clause: Sleep-inducing moves are banned
|clearpoke
|poke|p1|Pelipper, F|
|poke|p1|Kingdra, F|
|poke|p1|Kilowattrel, F|
|poke|p1|Cinccino, M|
|poke|p1|Kingambit, M|
|poke|p1|Gastrodon-East, M|
|poke|p2|Cacturne, F|
|poke|p2|Tyranitar, F|
|poke|p2|Umbreon, M|
|poke|p2|Weavile, M|
|poke|p2|Ninetales-Alola, F|
|poke|p2|Excadrill, M|
|teampreview
|inactive|Battle timer is ON: inactive players will automatically lose when time's up. (requested by iRainbo_ots)
|
|t:|1769336318
|teamsize|p1|6
|teamsize|p2|6
|start
|switch|p1a: Cinccino|Cinccino, M|100/100
|switch|p2a: Tyranitar|Tyranitar, F|100/100
|-weather|Sandstorm|[from] ability: Sand Stream|[of] p2a: Tyranitar
|turn|1
|
|t:|1769336330
|move|p1a: Cinccino|Encore||[still]
|-fail|p1a: Cinccino
|move|p2a: Tyranitar|Stone Edge|p1a: Cinccino
|-damage|p1a: Cinccino|9/100
|
|-weather|Sandstorm|[upkeep]
|-damage|p1a: Cinccino|3/100|[from] Sandstorm
|upkeep
|turn|2
|
|t:|1769336358
|move|p1a: Cinccino|Knock Off|p2a: Tyranitar
|-resisted|p2a: Tyranitar
|-damage|p2a: Tyranitar|92/100
|-enditem|p2a: Tyranitar|Assault Vest|[from] move: Knock Off|[of] p1a: Cinccino
|move|p2a: Tyranitar|Knock Off|p1a: Cinccino
|-damage|p1a: Cinccino|0 fnt
|-enditem|p1a: Cinccino|Heavy-Duty Boots|[from] move: Knock Off|[of] p2a: Tyranitar
|faint|p1a: Cinccino
|
|-weather|Sandstorm|[upkeep]
|upkeep
|
|t:|1769336367
|switch|p1a: Gastrodon|Gastrodon-East, M|100/100
|turn|3
|
|t:|1769336374
|switch|p2a: Cacturne|Cacturne, F|100/100
|move|p1a: Gastrodon|Earth Power|p2a: Cacturne
|-resisted|p2a: Cacturne
|-damage|p2a: Cacturne|78/100
|
|-weather|Sandstorm|[upkeep]
|-damage|p2a: Cacturne|72/100|[from] Sandstorm
|upkeep
|turn|4
|
|t:|1769336388
|switch|p1a: Kilowattrel|Kilowattrel, F|100/100
|move|p2a: Cacturne|Leaf Storm|p1a: Kilowattrel
|-resisted|p1a: Kilowattrel
|-damage|p1a: Kilowattrel|1/100
|-unboost|p2a: Cacturne|spa|2
|
|-weather|Sandstorm|[upkeep]
|-damage|p1a: Kilowattrel|0 fnt|[from] Sandstorm
|-damage|p2a: Cacturne|66/100|[from] Sandstorm
|faint|p1a: Kilowattrel
|upkeep
|
|t:|1769336400
|switch|p1a: Gastrodon|Gastrodon-East, M|100/100
|turn|5
|
|t:|1769336406
|move|p2a: Cacturne|Leaf Storm|p1a: Gastrodon
|-supereffective|p1a: Gastrodon
|-damage|p1a: Gastrodon|0 fnt
|-unboost|p2a: Cacturne|spa|2
|faint|p1a: Gastrodon
|
|-weather|none
|upkeep
|
|t:|1769336412
|switch|p1a: Kingambit|Kingambit, M, shiny|100/100
|-activate|p1a: Kingambit|ability: Supreme Overlord
|-start|p1a: Kingambit|fallen3|[silent]
|turn|6
|
|t:|1769336431
|switch|p2a: Tyranitar|Tyranitar, F|92/100
|-weather|Sandstorm|[from] ability: Sand Stream|[of] p2a: Tyranitar
|move|p1a: Kingambit|Swords Dance|p1a: Kingambit
|-boost|p1a: Kingambit|atk|2
|
|-weather|Sandstorm|[upkeep]
|upkeep
|turn|7
|
|t:|1769336440
|move|p1a: Kingambit|Iron Head|p2a: Tyranitar
|-supereffective|p2a: Tyranitar
|-damage|p2a: Tyranitar|0 fnt
|faint|p2a: Tyranitar
|
|-weather|Sandstorm|[upkeep]
|upkeep
|
|t:|1769336447
|switch|p2a: Weavile|Weavile, M|100/100
|turn|8
|
|t:|1769336453
|move|p1a: Kingambit|Sucker Punch|p2a: Weavile
|-resisted|p2a: Weavile
|-damage|p2a: Weavile|5/100
|move|p2a: Weavile|Low Kick|p1a: Kingambit
|-supereffective|p1a: Kingambit
|-damage|p1a: Kingambit|0 fnt
|faint|p1a: Kingambit
|-end|p1a: Kingambit|fallen3|[silent]
|
|-weather|Sandstorm|[upkeep]
|-damage|p2a: Weavile|0 fnt|[from] Sandstorm
|faint|p2a: Weavile
|upkeep
|
|t:|1769336468
|switch|p2a: Umbreon|Umbreon, M|100/100
|switch|p1a: Pelipper|Pelipper, F|100/100
|-weather|RainDance|[from] ability: Drizzle|[of] p1a: Pelipper
|turn|9
|
|t:|1769336476
|move|p2a: Umbreon|Toxic|p1a: Pelipper
|-status|p1a: Pelipper|tox
|move|p1a: Pelipper|U-turn|p2a: Umbreon
|-supereffective|p2a: Umbreon
|-damage|p2a: Umbreon|85/100
|
|t:|1769336481
|switch|p1a: Kingdra|Kingdra, F|100/100|[from] U-turn
|
|-weather|RainDance|[upkeep]
|-heal|p2a: Umbreon|91/100|[from] item: Leftovers
|upkeep
|turn|10
|
|t:|1769336496
|switch|p2a: Ninetales|Ninetales-Alola, F|100/100
|-weather|Snowscape|[from] ability: Snow Warning|[of] p2a: Ninetales
|-terastallize|p1a: Kingdra|Water
|move|p1a: Kingdra|Hurricane|p2a: Ninetales|[miss]
|-miss|p1a: Kingdra|p2a: Ninetales
|
|-weather|Snowscape|[upkeep]
|upkeep
|turn|11
|
|t:|1769336506
|move|p2a: Ninetales|Aurora Veil|p2a: Ninetales
|-sidestart|p2: habracadabrah|move: Aurora Veil
|move|p1a: Kingdra|Hurricane|p2a: Ninetales
|-damage|p2a: Ninetales|73/100
|
|-weather|Snowscape|[upkeep]
|upkeep
|turn|12
|
|t:|1769336513
|switch|p1a: Pelipper|Pelipper, F|100/100 tox
|-weather|RainDance|[from] ability: Drizzle|[of] p1a: Pelipper
|move|p2a: Ninetales|Moonblast|p1a: Pelipper
|-damage|p1a: Pelipper|47/100 tox
|-unboost|p1a: Pelipper|spa|1
|
|-weather|RainDance|[upkeep]
|-damage|p1a: Pelipper|40/100 tox|[from] psn
|upkeep
|turn|13
|
|t:|1769336525
|move|p2a: Ninetales|Moonblast|p1a: Pelipper
|-damage|p1a: Pelipper|0 fnt
|faint|p1a: Pelipper
|
|-weather|RainDance|[upkeep]
|upkeep
|
|t:|1769336530
|switch|p1a: Kingdra|Kingdra, F, tera:Water|100/100
|turn|14
|
|t:|1769336534
|switch|p2a: Umbreon|Umbreon, M|91/100
|move|p1a: Kingdra|Hurricane|p2a: Umbreon
|-damage|p2a: Umbreon|79/100
|-start|p2a: Umbreon|confusion
|
|-weather|RainDance|[upkeep]
|-heal|p2a: Umbreon|86/100|[from] item: Leftovers
|upkeep
|turn|15
|
|t:|1769336542
|move|p1a: Kingdra|Hurricane|p2a: Umbreon
|-damage|p2a: Umbreon|74/100
|-activate|p2a: Umbreon|confusion
|move|p2a: Umbreon|Toxic|p1a: Kingdra
|-status|p1a: Kingdra|tox
|
|-weather|RainDance|[upkeep]
|-heal|p2a: Umbreon|80/100|[from] item: Leftovers
|-damage|p1a: Kingdra|94/100 tox|[from] psn
|upkeep
|turn|16
|-message|iRainbo_ots forfeited.
|
|win|habracadabrah
|raw|iRainbo_ots's rating: 1094 &rarr; <strong>1072</strong><br />(-22 for losing)
|raw|habracadabrah's rating: 1123 &rarr; <strong>1146</strong><br />(+23 for winning)
|l|☆iRainbo_ots
|player|p1|
|l|☆habracadabrah
|player|p2|
