|j|☆Junninx
|j|☆BurlyNut
|t:|1769409774
|gametype|singles
|player|p1|Junninx|266|1152
|player|p2|BurlyNut|steven|1132
|gen|9
|tier|[Gen 9] OU
|rated|
|rule|HP Percentage Mod: HP is shown in percentages
|rule|Endless Battle Clause: Forcing endless battles is banned
|rule|Species Clause: Limit one of each Pokémon
|rule|OHKO Clause: OHKO moves are banned
|rule|Evasion Items Clause: Evasion items are banned
|rule|Evasion Moves Clause: Evasion moves are banned
|rule|Evasion Abilities Clause: Evasion abilities are banned
|rule|Sleep Moves Clause: Sleep-inducing moves are banned
|clearpoke
|poke|p1|Pelipper, F|
|poke|p1|Floatzel, M|
|poke|p1|Barraskewda, M|
|poke|p1|Kilowattrel, F|
|poke|p1|Clodsire, F|
|poke|p1|Ludicolo, M|
|poke|p2|Deoxys-Speed|
|poke|p2|Barraskewda, M|
|poke|p2|Weavile, F|
|poke|p2|Electrode-Hisui|
|poke|p2|Iron Valiant|
|poke|p2|Dragapult, M|
|teampreview
|inactive|Battle timer is ON: inactive players will automatically lose when time's up. (requested by BurlyNut)
|
|t:|1769409786
|teamsize|p1|6
|teamsize|p2|6
|start
|switch|p1a: Pelipper|Pelipper, F|100/100
|switch|p2a: Electrode|Electrode-Hisui, shiny|100/100
|-weather|RainDance|[from] ability: Drizzle|[of] p1a: Pelipper
|turn|1
|
|t:|1769409802
|switch|p1a: Clodsire|Clodsire, F|100/100
|move|p2a: Electrode|Leech Seed|p1a: Clodsire
|-start|p1a: Clodsire|move: Leech Seed
|
|-weather|RainDance|[upkeep]
|-damage|p1a: Clodsire|88/100|[from] Leech Seed|[of] p2a: Electrode
|upkeep
|turn|2
|
|t:|1769409816
|move|p2a: Electrode|Giga Drain|p1a: Clodsire
|-damage|p1a: Clodsire|70/100
|move|p1a: Clodsire|Toxic|p2a: Electrode
|-status|p2a: Electrode|tox
|
|-weather|RainDance|[upkeep]
|-heal|p1a: Clodsire|76/100|[from] item: Black Sludge
|-damage|p1a: Clodsire|64/100|[from] Leech Seed|[of] p2a: Electrode
|-damage|p2a: Electrode|94/100 tox|[from] psn
|upkeep
|turn|3
|
|t:|1769409845
|switch|p1a: Kilowattrel|Kilowattrel, F|100/100
|move|p2a: Electrode|Giga Drain|p1a: Kilowattrel
|-resisted|p1a: Kilowattrel
|-damage|p1a: Kilowattrel|73/100
|-heal|p2a: Electrode|100/100 tox|[from] drain|[of] p1a: Kilowattrel
|
|-weather|RainDance|[upkeep]
|-damage|p2a: Electrode|88/100 tox|[from] psn
|upkeep
|turn|4
|
|t:|1769409855
|move|p2a: Electrode|Leech Seed|p1a: Kilowattrel
|-start|p1a: Kilowattrel|move: Leech Seed
|move|p1a: Kilowattrel|Volt Switch|p2a: Electrode
|-resisted|p2a: Electrode
|-damage|p2a: Electrode|76/100 tox
|
|t:|1769409865
|switch|p1a: Barraskewda|Barraskewda, M|100/100|[from] Volt Switch
|
|-weather|RainDance|[upkeep]
|-heal|p2a: Electrode|82/100 tox|[from] item: Leftovers
|-damage|p2a: Electrode|64/100 tox|[from] psn
|upkeep
|turn|5
|
|t:|1769409884
|move|p1a: Barraskewda|Poison Jab|p2a: Electrode
|-supereffective|p2a: Electrode
|-damage|p2a: Electrode|0 fnt
|faint|p2a: Electrode
|-damage|p1a: Barraskewda|91/100|[from] item: Life Orb
|
|-weather|RainDance|[upkeep]
|upkeep
|inactive|BurlyNut has 120 seconds left.
|
|t:|1769409901
|switch|p2a: Deoxys|Deoxys-Speed, shiny|100/100
|-ability|p2a: Deoxys|Pressure
|-item|p2a: Deoxys|Air Balloon
|turn|6
|inactive|BurlyNut has 120 seconds left.
|
|t:|1769409916
|move|p1a: Barraskewda|Liquidation|p2a: Deoxys
|-damage|p2a: Deoxys|0 fnt
|-enditem|p2a: Deoxys|Air Balloon
|faint|p2a: Deoxys
|-damage|p1a: Barraskewda|81/100|[from] item: Life Orb
|
|-weather|RainDance|[upkeep]
|upkeep
|inactive|BurlyNut has 120 seconds left.
|
|t:|1769409938
|switch|p2a: Dragapult|Dragapult, M, shiny|100/100
|turn|7
|
|t:|1769409955
|move|p2a: Dragapult|Sucker Punch|p1a: Barraskewda
|-damage|p1a: Barraskewda|27/100
|move|p1a: Barraskewda|Flip Turn|p2a: Dragapult
|-resisted|p2a: Dragapult
|-damage|p2a: Dragapult|58/100
|-damage|p1a: Barraskewda|17/100|[from] item: Life Orb
|
|t:|1769409970
|switch|p1a: Floatzel|Floatzel, M|100/100|[from] Flip Turn
|
|-weather|RainDance|[upkeep]
|upkeep
|turn|8
|
|t:|1769409978
|switch|p1a: Clodsire|Clodsire, F|64/100
|move|p2a: Dragapult|Dragon Darts|p1a: Clodsire
|-damage|p1a: Clodsire|35/100
|-anim|p2a: Dragapult|Dragon Darts|p1a: Clodsire
|-damage|p1a: Clodsire|2/100
|-heal|p2a: Dragapult|69/100|[from] item: Shell Bell|[of] p1a: Clodsire
|
|-weather|none
|-heal|p1a: Clodsire|8/100|[from] item: Black Sludge
|upkeep
|turn|9
|-message|Junninx forfeited.
|
|win|BurlyNut
|raw|Junninx's rating: 1152 &rarr; <strong>1126</strong><br />(-26 for losing)
|raw|BurlyNut's rating: 1132 &rarr; <strong>1158</strong><br />(+26 for winning)
|l|☆Junninx
|player|p1|
|l|☆BurlyNut
|player|p2|
