|j|☆big bod3
|j|☆ropemon010
|t:|1769405800
|gametype|singles
|player|p1|big bod3|marshal|1068
|player|p2|ropemon010|265|1000
|gen|9
|tier|[Gen 9] OU
|rated|
|rule|HP Percentage Mod: HP is shown in percentages
|rule|Endless Battle Clause: Forcing endless battles is banned
|rule|Species Clause: Limit one of each Pokémon
|rule|OHKO Clause: OHKO moves are banned
|rule|Evasion Items Clause: Evasion items are banned
|rule|Evasion Moves Clause: Evasion moves are banned
|rule|Evasion Abilities Clause: Evasion abilities are banned
|rule|Sleep Moves Clause: Sleep-inducing moves are banned
|clearpoke
|poke|p1|Gengar, F|
|poke|p1|Gholdengo|
|poke|p1|Whiscash, F|
|poke|p1|Great Tusk|
|poke|p1|Dragonite, F|
|poke|p1|Meowscarada, M|
|poke|p2|Dondozo, F|
|poke|p2|Snorlax, F|
|poke|p2|Garganacl, F|
|poke|p2|Heatran, F|
|poke|p2|Cinderace, F|
|poke|p2|Kommo-o, M|
|teampreview
|
|t:|1769405804
|teamsize|p1|6
|teamsize|p2|6
|start
|switch|p1a: Hoover|Gengar, F|100/100
|switch|p2a: Dondozo|Dondozo, F|100/100
|turn|1
|inactive|Battle timer is ON: inactive players will automatically lose when time's up. (requested by ropemon010)
|
|t:|1769405822
|move|p1a: Hoover|Destiny Bond|p1a: Hoover
|-singlemove|p1a: Hoover|Destiny Bond
|move|p2a: Dondozo|Wave Crash|p1a: Hoover
|-damage|p1a: Hoover|15/100
|-damage|p2a: Dondozo|86/100|[from] Recoil
|
|upkeep
|turn|2
|
|t:|1769405834
|move|p1a: Hoover|Sludge Wave|p2a: Dondozo
|-damage|p2a: Dondozo|63/100
|-status|p2a: Dondozo|psn
|move|p2a: Dondozo|Wave Crash|p1a: Hoover
|-damage|p1a: Hoover|0 fnt
|-start|p2a: Dondozo|Disable|Wave Crash|[from] ability: Cursed Body|[of] p1a: Hoover
|faint|p1a: Hoover
|-damage|p2a: Dondozo|60/100 psn|[from] Recoil
|
|-damage|p2a: Dondozo|48/100 psn|[from] psn
|upkeep
|
|t:|1769405847
|switch|p1a: crownmepa|Dragonite, F|100/100
|turn|3
|
|t:|1769405857
|move|p1a: crownmepa|Dragon Dance|p1a: crownmepa
|-boost|p1a: crownmepa|atk|1
|-boost|p1a: crownmepa|spe|1
|-activate|p2a: Dondozo|move: Struggle
|move|p2a: Dondozo|Struggle|p1a: crownmepa
|-damage|p1a: crownmepa|94/100
|-damage|p2a: Dondozo|23/100 psn|[from] recoil
|
|-damage|p2a: Dondozo|10/100 psn|[from] psn
|upkeep
|turn|4
|
|t:|1769405870
|move|p1a: crownmepa|Dragon Dance|p1a: crownmepa
|-boost|p1a: crownmepa|atk|1
|-boost|p1a: crownmepa|spe|1
|-activate|p2a: Dondozo|move: Struggle
|move|p2a: Dondozo|Struggle|p1a: crownmepa
|-damage|p1a: crownmepa|80/100
|-damage|p2a: Dondozo|0 fnt|[from] recoil
|faint|p2a: Dondozo
|
|upkeep
|
|t:|1769405880
|switch|p2a: Kommo-o|Kommo-o, M|100/100
|turn|5
|
|t:|1769405889
|-terastallize|p2a: Kommo-o|Fighting
|move|p1a: crownmepa|Dragon Dance|p1a: crownmepa
|-boost|p1a: crownmepa|atk|1
|-boost|p1a: crownmepa|spe|1
|move|p2a: Kommo-o|Clanging Scales|p1a: crownmepa
|-supereffective|p1a: crownmepa
|-damage|p1a: crownmepa|0 fnt
|faint|p1a: crownmepa
|-unboost|p2a: Kommo-o|def|1
|
|upkeep
|
|t:|1769405916
|switch|p1a: mepaws|Meowscarada, M|100/100
|turn|6
|
|t:|1769405922
|move|p1a: mepaws|Play Rough|p2a: Kommo-o
|-start|p1a: mepaws|typechange|Fairy|[from] ability: Protean
|-supereffective|p2a: Kommo-o
|-damage|p2a: Kommo-o|0 fnt
|faint|p2a: Kommo-o
|
|upkeep
|
|t:|1769405933
|switch|p2a: Snorlax|Snorlax, F|100/100
|turn|7
|
|t:|1769405941
|switch|p1a: gishcashflowbank|Whiscash, F|100/100
|move|p2a: Snorlax|Heat Crash|p1a: gishcashflowbank
|-resisted|p1a: gishcashflowbank
|-damage|p1a: gishcashflowbank|87/100
|
|-heal|p1a: gishcashflowbank|93/100|[from] item: Leftovers
|upkeep
|turn|8
|
|t:|1769405955
|move|p1a: gishcashflowbank|Stealth Rock|p2a: Snorlax
|-sidestart|p2: ropemon010|move: Stealth Rock
|move|p2a: Snorlax|Heavy Slam|p1a: gishcashflowbank
|-resisted|p1a: gishcashflowbank
|-damage|p1a: gishcashflowbank|78/100
|
|-heal|p1a: gishcashflowbank|84/100|[from] item: Leftovers
|upkeep
|turn|9
|
|t:|1769405965
|switch|p2a: Garganacl|Garganacl, F|100/100
|-damage|p2a: Garganacl|88/100|[from] Stealth Rock
|move|p1a: gishcashflowbank|Dragon Dance|p1a: gishcashflowbank
|-boost|p1a: gishcashflowbank|atk|1
|-boost|p1a: gishcashflowbank|spe|1
|
|-heal|p1a: gishcashflowbank|90/100|[from] item: Leftovers
|upkeep
|turn|10
|
|t:|1769405982
|move|p1a: gishcashflowbank|Earthquake|p2a: Garganacl
|-supereffective|p2a: Garganacl
|-damage|p2a: Garganacl|48/100
|move|p2a: Garganacl|Stealth Rock|p1a: gishcashflowbank
|-sidestart|p1: big bod3|move: Stealth Rock
|
|-heal|p1a: gishcashflowbank|96/100|[from] item: Leftovers
|upkeep
|turn|11
|
|t:|1769405991
|move|p1a: gishcashflowbank|Earthquake|p2a: Garganacl
|-supereffective|p2a: Garganacl
|-damage|p2a: Garganacl|3/100
|move|p2a: Garganacl|Recover|p2a: Garganacl
|-heal|p2a: Garganacl|53/100
|
|-heal|p1a: gishcashflowbank|100/100|[from] item: Leftovers
|upkeep
|turn|12
|
|t:|1769406000
|move|p1a: gishcashflowbank|Earthquake|p2a: Garganacl
|-supereffective|p2a: Garganacl
|-damage|p2a: Garganacl|11/100
|move|p2a: Garganacl|Explosion|p1a: gishcashflowbank
|-damage|p1a: gishcashflowbank|57/100
|faint|p2a: Garganacl
|
|-heal|p1a: gishcashflowbank|63/100|[from] item: Leftovers
|upkeep
|
|t:|1769406010
|switch|p2a: Heatran|Heatran, F|100/100
|-damage|p2a: Heatran|88/100|[from] Stealth Rock
|turn|13
|
|t:|1769406022
|-terastallize|p1a: gishcashflowbank|Water
|move|p1a: gishcashflowbank|Waterfall|p2a: Heatran
|-supereffective|p2a: Heatran
|-damage|p2a: Heatran|5/100
|move|p2a: Heatran|Flash Cannon|p1a: gishcashflowbank
|-resisted|p1a: gishcashflowbank
|-damage|p1a: gishcashflowbank|39/100
|
|-heal|p1a: gishcashflowbank|45/100|[from] item: Leftovers
|upkeep
|turn|14
|
|t:|1769406040
|move|p1a: gishcashflowbank|Waterfall|p2a: Heatran
|-supereffective|p2a: Heatran
|-damage|p2a: Heatran|0 fnt
|faint|p2a: Heatran
|
|-heal|p1a: gishcashflowbank|51/100|[from] item: Leftovers
|upkeep
|
|t:|1769406047
|switch|p2a: Cinderace|Cinderace, F, shiny|100/100
|-damage|p2a: Cinderace|76/100|[from] Stealth Rock
|turn|15
|inactive|big bod3 has 120 seconds left.
|
|t:|1769406079
|move|p2a: Cinderace|Acrobatics|p1a: gishcashflowbank
|-start|p2a: Cinderace|typechange|Flying|[from] ability: Libero
|-damage|p1a: gishcashflowbank|32/100
|move|p1a: gishcashflowbank|Waterfall|p2a: Cinderace
|-damage|p2a: Cinderace|0 fnt
|faint|p2a: Cinderace
|
|-heal|p1a: gishcashflowbank|38/100|[from] item: Leftovers
|upkeep
|
|t:|1769406092
|switch|p2a: Snorlax|Snorlax, F|100/100
|-damage|p2a: Snorlax|88/100|[from] Stealth Rock
|turn|16
|
|t:|1769406096
|move|p1a: gishcashflowbank|Dragon Dance|p1a: gishcashflowbank
|-boost|p1a: gishcashflowbank|atk|1
|-boost|p1a: gishcashflowbank|spe|1
|move|p2a: Snorlax|Heavy Slam|p1a: gishcashflowbank
|-resisted|p1a: gishcashflowbank
|-damage|p1a: gishcashflowbank|22/100
|
|-heal|p1a: gishcashflowbank|29/100|[from] item: Leftovers
|-heal|p2a: Snorlax|94/100|[from] item: Leftovers
|upkeep
|turn|17
|
|t:|1769406106
|move|p1a: gishcashflowbank|Waterfall|p2a: Snorlax
|-damage|p2a: Snorlax|34/100
|move|p2a: Snorlax|Heavy Slam|p1a: gishcashflowbank
|-resisted|p1a: gishcashflowbank
|-crit|p1a: gishcashflowbank
|-damage|p1a: gishcashflowbank|6/100
|
|-heal|p1a: gishcashflowbank|12/100|[from] item: Leftovers
|-heal|p2a: Snorlax|40/100|[from] item: Leftovers
|upkeep
|turn|18
|
|t:|1769406119
|move|p1a: gishcashflowbank|Waterfall|p2a: Snorlax
|-damage|p2a: Snorlax|0 fnt
|faint|p2a: Snorlax
|
|win|big bod3
|raw|big bod3's rating: 1068 &rarr; <strong>1092</strong><br />(+24 for winning)
|raw|ropemon010's rating: 1000 &rarr; <strong>1000</strong><br />(+0 for losing)
