|j|☆capitolg
|j|☆gatinou
|t:|1769428789
|gametype|singles
|player|p1|capitolg|2|1152
|player|p2|gatinou|169|1112
|gen|9
|tier|[Gen 9] OU
|rated|
|rule|HP Percentage Mod: HP is shown in percentages
|rule|Endless Battle Clause: Forcing endless battles is banned
|rule|Species Clause: Limit one of each Pokémon
|rule|OHKO Clause: OHKO moves are banned
|rule|Evasion Items Clause: Evasion items are banned
|rule|Evasion Moves Clause: Evasion moves are banned
|rule|Evasion Abilities Clause: Evasion abilities are banned
|rule|Sleep Moves Clause: Sleep-inducing moves are banned
|clearpoke
|poke|p1|Leavanny, F|
|poke|p1|Cinderace, F|
|poke|p1|Empoleon, F|
|poke|p1|Gothitelle, F|
|poke|p1|Mimikyu, M|
|poke|p1|Kilowattrel, M|
|poke|p2|Galvantula, F|
|poke|p2|Ninetales-Alola, F|
|poke|p2|Tauros-Paldea-Aqua, M|
|poke|p2|Flygon, M|
|poke|p2|Meloetta|
|poke|p2|Decidueye, M|
|teampreview
|inactive|Battle timer is ON: inactive players will automatically lose when time's up. (requested by gatinou)
|
|t:|1769428796
|teamsize|p1|6
|teamsize|p2|6
|start
|switch|p1a: Kilowattrel|Kilowattrel, M|100/100
|switch|p2a: Galvantula|Galvantula, F|100/100
|turn|1
|
|t:|1769428802
|switch|p2a: Flygon|Flygon, M|100/100
|-terastallize|p1a: Kilowattrel|Ground
|move|p1a: Kilowattrel|Volt Switch|p2a: Flygon
|-immune|p2a: Flygon
|
|upkeep
|turn|2
|
|t:|1769428806
|switch|p1a: Mimikyu|Mimikyu, M|100/100
|move|p2a: Flygon|Dragon Dance|p2a: Flygon
|-boost|p2a: Flygon|atk|1
|-boost|p2a: Flygon|spe|1
|
|upkeep
|turn|3
|
|t:|1769428812
|move|p2a: Flygon|Earthquake|p1a: Mimikyu
|-activate|p1a: Mimikyu|ability: Disguise
|-damage|p1a: Mimikyu|100/100
|detailschange|p1a: Mimikyu|Mimikyu-Busted, M
|-damage|p1a: Mimikyu|88/100|[from] pokemon: Mimikyu-Busted
|move|p1a: Mimikyu|Play Rough|p2a: Flygon
|-supereffective|p2a: Flygon
|-damage|p2a: Flygon|0 fnt
|faint|p2a: Flygon
|-damage|p1a: Mimikyu|78/100|[from] item: Life Orb
|
|upkeep
|
|t:|1769428818
|switch|p2a: Galvantula|Galvantula, F|100/100
|turn|4
|
|t:|1769428822
|move|p2a: Galvantula|Sticky Web|p1a: Mimikyu
|-sidestart|p1: capitolg|move: Sticky Web
|move|p1a: Mimikyu|Shadow Claw|p2a: Galvantula
|-damage|p2a: Galvantula|21/100
|-damage|p1a: Mimikyu|68/100|[from] item: Life Orb
|
|upkeep
|turn|5
|
|t:|1769428827
|move|p2a: Galvantula|Bug Buzz|p1a: Mimikyu
|-resisted|p1a: Mimikyu
|-damage|p1a: Mimikyu|58/100
|-unboost|p1a: Mimikyu|spd|1
|move|p1a: Mimikyu|Trick Room|p1a: Mimikyu
|-fieldstart|move: Trick Room|[of] p1a: Mimikyu
|
|upkeep
|turn|6
|
|t:|1769428831
|move|p1a: Mimikyu|Shadow Claw|p2a: Galvantula
|-damage|p2a: Galvantula|0 fnt
|faint|p2a: Galvantula
|-damage|p1a: Mimikyu|48/100|[from] item: Life Orb
|
|upkeep
|
|t:|1769428841
|switch|p2a: Decidueye|Decidueye, M|100/100
|turn|7
|
|t:|1769428848
|move|p1a: Mimikyu|Shadow Claw|p2a: Decidueye
|-supereffective|p2a: Decidueye
|-damage|p2a: Decidueye|0 fnt
|faint|p2a: Decidueye
|-damage|p1a: Mimikyu|38/100|[from] item: Life Orb
|
|upkeep
|
|t:|1769428853
|switch|p2a: Meloetta|Meloetta|100/100
|turn|8
|
|t:|1769428860
|move|p1a: Mimikyu|Play Rough|p2a: Meloetta
|-damage|p2a: Meloetta|30/100
|-unboost|p2a: Meloetta|atk|1
|-damage|p1a: Mimikyu|28/100|[from] item: Life Orb
|move|p2a: Meloetta|Shadow Ball|p1a: Mimikyu
|-supereffective|p1a: Mimikyu
|-damage|p1a: Mimikyu|0 fnt
|faint|p1a: Mimikyu
|
|upkeep
|
|t:|1769428868
|switch|p1a: Gothitelle|Gothitelle, F|100/100
|-activate|p1a: Gothitelle|move: Sticky Web
|-unboost|p1a: Gothitelle|spe|1
|-ability|p1a: Gothitelle|Competitive|boost
|-boost|p1a: Gothitelle|spa|2
|turn|9
|
|t:|1769428877
|switch|p2a: Tauros|Tauros-Paldea-Aqua, M|100/100
|-ability|p2a: Tauros|Intimidate|boost
|-unboost|p1a: Gothitelle|atk|1
|-ability|p1a: Gothitelle|Competitive|boost
|-boost|p1a: Gothitelle|spa|2
|move|p1a: Gothitelle|Dark Pulse|p2a: Tauros
|-resisted|p2a: Tauros
|-damage|p2a: Tauros|40/100
|
|-fieldend|move: Trick Room
|upkeep
|turn|10
|
|t:|1769428882
|move|p2a: Tauros|Raging Bull|p1a: Gothitelle
|-damage|p1a: Gothitelle|60/100
|move|p1a: Gothitelle|Trick Room|p1a: Gothitelle
|-fieldstart|move: Trick Room|[of] p1a: Gothitelle
|
|upkeep
|turn|11
|
|t:|1769428886
|move|p2a: Tauros|Aqua Jet|p1a: Gothitelle
|-damage|p1a: Gothitelle|41/100
|move|p1a: Gothitelle|Psyshock|p2a: Tauros
|-supereffective|p2a: Tauros
|-damage|p2a: Tauros|0 fnt
|faint|p2a: Tauros
|
|upkeep
|
|t:|1769428891
|switch|p2a: Ninetales|Ninetales-Alola, F|100/100
|-weather|Snowscape|[from] ability: Snow Warning|[of] p2a: Ninetales
|turn|12
|l|☆gatinou
|inactive|gatinou disconnected and has a minute to reconnect!
|player|p2|
|inactive|capitolg has 120 seconds left.
|inactive|capitolg has 90 seconds left.
|inactive|capitolg has 60 seconds left.
|
|t:|1769428992
|switch|p1a: Kilowattrel|Kilowattrel, M, tera:Ground|100/100
|-activate|p1a: Kilowattrel|move: Sticky Web
|-unboost|p1a: Kilowattrel|spe|1
|-ability|p1a: Kilowattrel|Competitive|boost
|-boost|p1a: Kilowattrel|spa|2
|-enditem|p1a: Kilowattrel|White Herb
|-clearnegativeboost|p1a: Kilowattrel|[silent]
|move|p2a: Ninetales|Moonblast|p1a: Kilowattrel
|-damage|p1a: Kilowattrel|34/100
|
|-weather|Snowscape|[upkeep]
|upkeep
|turn|13
|inactive|capitolg has 30 seconds left.
|inactive|gatinou has 30 seconds to reconnect!
|inactive|capitolg has 20 seconds left.
|inactive|gatinou has 20 seconds to reconnect!
|inactive|capitolg has 15 seconds left.
|inactive|gatinou has 15 seconds to reconnect!
|inactive|capitolg has 10 seconds left.
|inactive|gatinou has 10 seconds to reconnect!
|inactive|capitolg has 5 seconds left.
|inactive|gatinou has 5 seconds to reconnect!
|-message|All players are inactive.
|
|tie
|raw|capitolg's rating: 1152 &rarr; <strong>1149</strong><br />(-3 for tying)
|raw|gatinou's rating: 1112 &rarr; <strong>1115</strong><br />(+3 for tying)
