|j|☆GrabBalls
|j|☆z-nome
|t:|1769298150
|gametype|singles
|player|p1|GrabBalls|hoopster|1387
|player|p2|z-nome|policeman-gen4|1357
|gen|9
|tier|[Gen 9] OU
|rated|
|rule|HP Percentage Mod: HP is shown in percentages
|rule|Endless Battle Clause: Forcing endless battles is banned
|rule|Species Clause: Limit one of each Pokémon
|rule|OHKO Clause: OHKO moves are banned
|rule|Evasion Items Clause: Evasion items are banned
|rule|Evasion Moves Clause: Evasion moves are banned
|rule|Evasion Abilities Clause: Evasion abilities are banned
|rule|Sleep Moves Clause: Sleep-inducing moves are banned
|clearpoke
|poke|p1|Moltres|
|poke|p1|Clefable, F|
|poke|p1|Rillaboom, M|
|poke|p1|Ogerpon, F|
|poke|p1|Iron Treads|
|poke|p1|Gholdengo|
|poke|p2|Hydreigon, F|
|poke|p2|Iron Moth|
|poke|p2|Zamazenta-*|
|poke|p2|Iron Crown|
|poke|p2|Alomomola, M|
|poke|p2|Thundurus, M|
|teampreview
|inactive|Battle timer is ON: inactive players will automatically lose when time's up. (requested by GrabBalls)
|
|t:|1769298156
|teamsize|p1|6
|teamsize|p2|6
|start
|switch|p1a: Green Chain|Ogerpon, F|100/100
|switch|p2a: Thundurus|Thundurus, M|100/100
|turn|1
|
|t:|1769298161
|switch|p1a: Tread Vanvleet|Iron Treads, shiny|100/100
|move|p2a: Thundurus|Thunder Wave|p1a: Tread Vanvleet
|-immune|p1a: Tread Vanvleet
|
|upkeep
|turn|2
|
|t:|1769298164
|move|p2a: Thundurus|Taunt|p1a: Tread Vanvleet
|-start|p1a: Tread Vanvleet|move: Taunt
|cant|p1a: Tread Vanvleet|move: Taunt|Stealth Rock
|
|upkeep
|turn|3
|
|t:|1769298170
|switch|p2a: Alomomola|Alomomola, M|100/100
|move|p1a: Tread Vanvleet|Knock Off|p2a: Alomomola
|-damage|p2a: Alomomola|82/100
|-enditem|p2a: Alomomola|Assault Vest|[from] move: Knock Off|[of] p1a: Tread Vanvleet
|
|upkeep
|turn|4
|
|t:|1769298179
|-end|p1a: Tread Vanvleet|Quark Drive|[silent]
|switch|p1a: Wade County|Moltres, shiny|100/100
|move|p2a: Alomomola|Flip Turn|p1a: Wade County
|-supereffective|p1a: Wade County
|-damage|p1a: Wade County|78/100
|-status|p2a: Alomomola|brn|[from] ability: Flame Body|[of] p1a: Wade County
|
|t:|1769298194
|switch|p2a: Thundurus|Thundurus, M|100/100|[from] Flip Turn
|
|upkeep
|turn|5
|
|t:|1769298199
|switch|p1a: Tread Vanvleet|Iron Treads, shiny|100/100
|move|p2a: Thundurus|Thunderbolt|p1a: Tread Vanvleet
|-immune|p1a: Tread Vanvleet
|
|upkeep
|turn|6
|
|t:|1769298204
|move|p2a: Thundurus|Taunt|p1a: Tread Vanvleet
|-start|p1a: Tread Vanvleet|move: Taunt
|move|p1a: Tread Vanvleet|Knock Off|p2a: Thundurus
|-damage|p2a: Thundurus|63/100
|-enditem|p2a: Thundurus|Focus Sash|[from] move: Knock Off|[of] p1a: Tread Vanvleet
|
|upkeep
|turn|7
|
|t:|1769298216
|move|p2a: Thundurus|Psychic|p1a: Tread Vanvleet
|-resisted|p1a: Tread Vanvleet
|-damage|p1a: Tread Vanvleet|82/100
|move|p1a: Tread Vanvleet|Earthquake|p2a: Thundurus
|-immune|p2a: Thundurus
|
|-heal|p1a: Tread Vanvleet|88/100|[from] item: Leftovers
|upkeep
|turn|8
|
|t:|1769298219
|move|p2a: Thundurus|Psychic|p1a: Tread Vanvleet
|-resisted|p1a: Tread Vanvleet
|-damage|p1a: Tread Vanvleet|71/100
|move|p1a: Tread Vanvleet|Rapid Spin|p2a: Thundurus
|-damage|p2a: Thundurus|41/100
|-boost|p1a: Tread Vanvleet|spe|1
|
|-heal|p1a: Tread Vanvleet|77/100|[from] item: Leftovers
|-end|p1a: Tread Vanvleet|move: Taunt
|upkeep
|turn|9
|
|t:|1769298223
|move|p2a: Thundurus|Taunt|p1a: Tread Vanvleet
|-start|p1a: Tread Vanvleet|move: Taunt
|move|p1a: Tread Vanvleet|Rapid Spin|p2a: Thundurus
|-damage|p2a: Thundurus|21/100
|-boost|p1a: Tread Vanvleet|spe|1
|
|-heal|p1a: Tread Vanvleet|84/100|[from] item: Leftovers
|upkeep
|turn|10
|
|t:|1769298228
|move|p1a: Tread Vanvleet|Rapid Spin|p2a: Thundurus
|-damage|p2a: Thundurus|0 fnt
|-boost|p1a: Tread Vanvleet|spe|1
|faint|p2a: Thundurus
|
|-heal|p1a: Tread Vanvleet|90/100|[from] item: Leftovers
|upkeep
|
|t:|1769298243
|switch|p2a: Hydreigon|Hydreigon, F|100/100
|turn|11
|
|t:|1769298246
|move|p1a: Tread Vanvleet|Knock Off|p2a: Hydreigon
|-resisted|p2a: Hydreigon
|-damage|p2a: Hydreigon|86/100
|-enditem|p2a: Hydreigon|Choice Scarf|[from] move: Knock Off|[of] p1a: Tread Vanvleet
|move|p2a: Hydreigon|Dark Pulse|p1a: Tread Vanvleet
|-damage|p1a: Tread Vanvleet|39/100
|
|-heal|p1a: Tread Vanvleet|45/100|[from] item: Leftovers
|-end|p1a: Tread Vanvleet|move: Taunt
|upkeep
|turn|12
|
|t:|1769298250
|move|p1a: Tread Vanvleet|Stealth Rock|p2a: Hydreigon
|-sidestart|p2: z-nome|move: Stealth Rock
|move|p2a: Hydreigon|Dark Pulse|p1a: Tread Vanvleet
|-damage|p1a: Tread Vanvleet|0 fnt
|faint|p1a: Tread Vanvleet
|-end|p1a: Tread Vanvleet|Quark Drive|[silent]
|
|upkeep
|
|t:|1769298256
|switch|p1a: Green Chain|Ogerpon, F|100/100
|turn|13
|
|t:|1769298263
|move|p1a: Green Chain|U-turn|p2a: Hydreigon
|-supereffective|p2a: Hydreigon
|-damage|p2a: Hydreigon|1/100
|
|t:|1769298271
|switch|p1a: MF BOOM|Rillaboom, M, shiny|100/100|[from] U-turn
|-fieldstart|move: Grassy Terrain|[from] ability: Grassy Surge|[of] p1a: MF BOOM
|move|p2a: Hydreigon|U-turn|p1a: MF BOOM
|-supereffective|p1a: MF BOOM
|-damage|p1a: MF BOOM|69/100
|
|t:|1769298285
|switch|p2a: Iron Moth|Iron Moth|100/100|[from] U-turn
|-damage|p2a: Iron Moth|76/100|[from] Stealth Rock
|-enditem|p2a: Iron Moth|Booster Energy
|-activate|p2a: Iron Moth|ability: Quark Drive|[fromitem]
|-start|p2a: Iron Moth|quarkdrivespe
|
|-heal|p2a: Iron Moth|82/100|[from] Grassy Terrain
|-heal|p1a: MF BOOM|76/100|[from] Grassy Terrain
|upkeep
|turn|14
|
|t:|1769298294
|switch|p1a: Wade County|Moltres, shiny|78/100
|move|p2a: Iron Moth|Fiery Dance|p1a: Wade County
|-resisted|p1a: Wade County
|-damage|p1a: Wade County|58/100
|-boost|p2a: Iron Moth|spa|1
|
|-heal|p2a: Iron Moth|88/100|[from] Grassy Terrain
|upkeep
|turn|15
|
|t:|1769298299
|move|p2a: Iron Moth|Sludge Wave|p1a: Wade County
|-damage|p1a: Wade County|0 fnt
|faint|p1a: Wade County
|
|-heal|p2a: Iron Moth|94/100|[from] Grassy Terrain
|upkeep
|
|t:|1769298303
|switch|p1a: Green Chain|Ogerpon, F|100/100
|turn|16
|
|t:|1769298307
|-terastallize|p1a: Green Chain|Grass
|detailschange|p1a: Green Chain|Ogerpon-Teal-Tera, F, tera:Grass
|-ability|p1a: Green Chain|Embody Aspect (Teal)|boost
|-boost|p1a: Green Chain|spe|1
|move|p2a: Iron Moth|Fiery Dance|p1a: Green Chain
|-supereffective|p1a: Green Chain
|-damage|p1a: Green Chain|0 fnt
|-boost|p2a: Iron Moth|spa|1
|faint|p1a: Green Chain
|detailschange|p1: Green Chain|Ogerpon, F|[silent]
|
|-heal|p2a: Iron Moth|99/100|[from] Grassy Terrain
|upkeep
|
|t:|1769298317
|switch|p1a: Ghoul D. Locks|Gholdengo, shiny|100/100
|-enditem|p1a: Ghoul D. Locks|Grassy Seed
|-boost|p1a: Ghoul D. Locks|def|1|[from] item: Grassy Seed
|turn|17
|
|t:|1769298319
|move|p2a: Iron Moth|Fiery Dance|p1a: Ghoul D. Locks
|-supereffective|p1a: Ghoul D. Locks
|-damage|p1a: Ghoul D. Locks|0 fnt
|faint|p1a: Ghoul D. Locks
|
|-heal|p2a: Iron Moth|100/100|[from] Grassy Terrain
|-fieldend|move: Grassy Terrain
|upkeep
|-message|GrabBalls forfeited.
|
|win|z-nome
|raw|GrabBalls's rating: 1387 &rarr; <strong>1365</strong><br />(-22 for losing)
|raw|z-nome's rating: 1357 &rarr; <strong>1379</strong><br />(+22 for winning)
|l|☆GrabBalls
|player|p1|
|l|☆z-nome
|player|p2|
