|j|☆zbackbar
|j|‽undftd1
|t:|1769353368
|gametype|singles
|player|p1|zbackbar|hiker-gen4|1421
|player|p2|undftd1|102|1391
|gen|9
|tier|[Gen 9] OU
|rated|
|rule|HP Percentage Mod: HP is shown in percentages
|rule|Endless Battle Clause: Forcing endless battles is banned
|rule|Species Clause: Limit one of each Pokémon
|rule|OHKO Clause: OHKO moves are banned
|rule|Evasion Items Clause: Evasion items are banned
|rule|Evasion Moves Clause: Evasion moves are banned
|rule|Evasion Abilities Clause: Evasion abilities are banned
|rule|Sleep Moves Clause: Sleep-inducing moves are banned
|clearpoke
|poke|p1|Cobalion|
|poke|p1|Samurott-Hisui, M|
|poke|p1|Gholdengo|
|poke|p1|Iron Moth|
|poke|p1|Dragonite, M|
|poke|p1|Meowscarada, F|
|poke|p2|Raging Bolt|
|poke|p2|Landorus-Therian, M|
|poke|p2|Ogerpon, F|
|poke|p2|Torkoal, F|
|poke|p2|Zapdos|
|poke|p2|Walking Wake|
|teampreview
|inactive|Battle timer is ON: inactive players will automatically lose when time's up. (requested by undftd1)
|
|t:|1769353396
|teamsize|p1|6
|teamsize|p2|6
|start
|switch|p1a: Cobalion|Cobalion, shiny|100/100
|switch|p2a: Torkoal|Torkoal, F|100/100
|-weather|SunnyDay|[from] ability: Drought|[of] p2a: Torkoal
|turn|1
|
|t:|1769353424
|move|p1a: Cobalion|Taunt|p2a: Torkoal
|-start|p2a: Torkoal|move: Taunt
|move|p2a: Torkoal|Lava Plume|p1a: Cobalion
|-supereffective|p1a: Cobalion
|-enditem|p1a: Cobalion|Focus Sash
|-damage|p1a: Cobalion|1/100
|
|-weather|SunnyDay|[upkeep]
|upkeep
|turn|2
|
|t:|1769353438
|move|p1a: Cobalion|Stealth Rock|p2a: Torkoal
|-sidestart|p2: undftd1|move: Stealth Rock
|move|p2a: Torkoal|Lava Plume|p1a: Cobalion
|-supereffective|p1a: Cobalion
|-damage|p1a: Cobalion|0 fnt
|faint|p1a: Cobalion
|
|-weather|SunnyDay|[upkeep]
|upkeep
|inactive|zbackbar has 120 seconds left.
|
|t:|1769353463
|switch|p1a: Samurott|Samurott-Hisui, M|100/100
|turn|3
|
|t:|1769353467
|move|p1a: Samurott|Swords Dance|p1a: Samurott
|-boost|p1a: Samurott|atk|2
|move|p2a: Torkoal|Rapid Spin|p1a: Samurott
|-damage|p1a: Samurott|87/100
|-boost|p2a: Torkoal|spe|1
|-sideend|p2: undftd1|Stealth Rock|[from] move: Rapid Spin|[of] p2a: Torkoal
|
|-weather|SunnyDay|[upkeep]
|-end|p2a: Torkoal|move: Taunt
|upkeep
|turn|4
|inactive|zbackbar has 120 seconds left.
|
|t:|1769353500
|move|p1a: Samurott|Ceaseless Edge|p2a: Torkoal
|-crit|p2a: Torkoal
|-damage|p2a: Torkoal|0 fnt
|-sidestart|p2: undftd1|Spikes
|faint|p2a: Torkoal
|
|-weather|SunnyDay|[upkeep]
|upkeep
|
|t:|1769353503
|switch|p2a: Landorus|Landorus-Therian, M, shiny|100/100
|-ability|p2a: Landorus|Intimidate|boost
|-unboost|p1a: Samurott|atk|1
|turn|5
|inactive|zbackbar has 120 seconds left.
|
|t:|1769353525
|-terastallize|p2a: Landorus|Fairy
|-terastallize|p1a: Samurott|Ghost
|move|p2a: Landorus|Tera Blast|p1a: Samurott|[anim] Tera Blast Fairy
|-damage|p1a: Samurott|27/100
|move|p1a: Samurott|Swords Dance|p1a: Samurott
|-boost|p1a: Samurott|atk|2
|
|-weather|SunnyDay|[upkeep]
|upkeep
|turn|6
|
|t:|1769353539
|move|p1a: Samurott|Sucker Punch|p2a: Landorus
|-resisted|p2a: Landorus
|-damage|p2a: Landorus|43/100
|move|p2a: Landorus|Tera Blast|p1a: Samurott|[anim] Tera Blast Fairy
|-damage|p1a: Samurott|0 fnt
|faint|p1a: Samurott
|
|-weather|SunnyDay|[upkeep]
|upkeep
|inactive|zbackbar has 90 seconds left.
|
|t:|1769353568
|switch|p1a: Iron Moth|Iron Moth, shiny|100/100
|-enditem|p1a: Iron Moth|Booster Energy
|-activate|p1a: Iron Moth|ability: Quark Drive|[fromitem]
|-start|p1a: Iron Moth|quarkdrivespe
|turn|7
|
|t:|1769353584
|switch|p2a: Raging Bolt|Raging Bolt|100/100
|-damage|p2a: Raging Bolt|88/100|[from] Spikes
|-activate|p2a: Raging Bolt|ability: Protosynthesis
|-start|p2a: Raging Bolt|protosynthesisspa
|move|p1a: Iron Moth|Fiery Dance|p2a: Raging Bolt
|-resisted|p2a: Raging Bolt
|-damage|p2a: Raging Bolt|72/100
|
|-weather|SunnyDay|[upkeep]
|upkeep
|turn|8
|inactive|zbackbar has 90 seconds left.
|
|t:|1769353607
|move|p1a: Iron Moth|Dazzling Gleam|p2a: Raging Bolt
|-supereffective|p2a: Raging Bolt
|-damage|p2a: Raging Bolt|38/100
|move|p2a: Raging Bolt|Dragon Pulse|p1a: Iron Moth
|-damage|p1a: Iron Moth|32/100
|
|-weather|none
|-end|p2a: Raging Bolt|Protosynthesis
|upkeep
|turn|9
|inactive|zbackbar has 90 seconds left.
|
|t:|1769353617
|move|p2a: Raging Bolt|Thunderclap|p1a: Iron Moth
|-damage|p1a: Iron Moth|0 fnt
|faint|p1a: Iron Moth
|-end|p1a: Iron Moth|Quark Drive|[silent]
|
|upkeep
|inactive|zbackbar has 90 seconds left.
|
|t:|1769353622
|switch|p1a: Meowscarada|Meowscarada, F|100/100
|turn|10
|
|t:|1769353630
|move|p2a: Raging Bolt|Thunderclap|p1a: Meowscarada
|-resisted|p1a: Meowscarada
|-damage|p1a: Meowscarada|71/100
|move|p1a: Meowscarada|Triple Axel|p2a: Raging Bolt
|-start|p1a: Meowscarada|typechange|Ice|[from] ability: Protean
|-supereffective|p2a: Raging Bolt
|-damage|p2a: Raging Bolt|22/100
|-supereffective|p2a: Raging Bolt
|-crit|p2a: Raging Bolt
|-damage|p2a: Raging Bolt|0 fnt
|faint|p2a: Raging Bolt
|-end|p2a: Raging Bolt|Protosynthesis|[silent]
|-hitcount|p2: Raging Bolt|2
|
|upkeep
|
|t:|1769353636
|switch|p2a: Landorus|Landorus-Therian, M, shiny, tera:Fairy|43/100
|-damage|p2a: Landorus|31/100|[from] Spikes
|-ability|p2a: Landorus|Intimidate|boost
|-unboost|p1a: Meowscarada|atk|1
|turn|11
|
|t:|1769353661
|move|p1a: Meowscarada|Triple Axel|p2a: Landorus
|-damage|p2a: Landorus|24/100
|-damage|p2a: Landorus|10/100
|-hitcount|p2a: Landorus|2
|move|p2a: Landorus|Tera Blast|p1a: Meowscarada|[anim] Tera Blast Fairy
|-damage|p1a: Meowscarada|3/100
|
|upkeep
|turn|12
|inactive|zbackbar has 90 seconds left.
|
|t:|1769353695
|move|p1a: Meowscarada|Triple Axel|p2a: Landorus
|-damage|p2a: Landorus|3/100
|-damage|p2a: Landorus|0 fnt
|faint|p2a: Landorus
|-hitcount|p2: Landorus|2
|
|upkeep
|
|t:|1769353700
|switch|p2a: Walking Wake|Walking Wake|100/100
|-damage|p2a: Walking Wake|88/100|[from] Spikes
|turn|13
|
|t:|1769353706
|switch|p1a: Gholdengo|Gholdengo|100/100
|move|p2a: Walking Wake|Agility|p2a: Walking Wake
|-boost|p2a: Walking Wake|spe|2
|
|upkeep
|turn|14
|inactive|zbackbar has 90 seconds left.
|
|t:|1769353731
|move|p2a: Walking Wake|Flamethrower|p1a: Gholdengo
|-supereffective|p1a: Gholdengo
|-damage|p1a: Gholdengo|5/100
|-damage|p2a: Walking Wake|78/100|[from] item: Life Orb
|move|p1a: Gholdengo|Trick|p2a: Walking Wake
|-activate|p1a: Gholdengo|move: Trick|[of] p2a: Walking Wake
|-item|p2a: Walking Wake|Choice Scarf|[from] move: Trick
|-item|p1a: Gholdengo|Life Orb|[from] move: Trick
|
|upkeep
|turn|15
|
|t:|1769353742
|move|p2a: Walking Wake|Dragon Pulse|p1a: Gholdengo
|-resisted|p1a: Gholdengo
|-damage|p1a: Gholdengo|0 fnt
|faint|p1a: Gholdengo
|
|upkeep
|inactive|zbackbar has 60 seconds left.
|
|t:|1769353768
|switch|p1a: Dragonite|Dragonite, M, shiny|100/100
|turn|16
|
|t:|1769353771
|move|p2a: Walking Wake|Dragon Pulse|p1a: Dragonite
|-supereffective|p1a: Dragonite
|-damage|p1a: Dragonite|56/100
|move|p1a: Dragonite|Dragon Dance|p1a: Dragonite
|-boost|p1a: Dragonite|atk|1
|-boost|p1a: Dragonite|spe|1
|
|upkeep
|turn|17
|
|t:|1769353780
|move|p1a: Dragonite|Extreme Speed|p2a: Walking Wake
|-damage|p2a: Walking Wake|30/100
|move|p2a: Walking Wake|Dragon Pulse|p1a: Dragonite
|-supereffective|p1a: Dragonite
|-damage|p1a: Dragonite|0 fnt
|faint|p1a: Dragonite
|
|upkeep
|
|t:|1769353784
|switch|p1a: Meowscarada|Meowscarada, F|3/100
|turn|18
|
|t:|1769353785
|move|p2a: Walking Wake|Dragon Pulse|p1a: Meowscarada
|-damage|p1a: Meowscarada|0 fnt
|faint|p1a: Meowscarada
|
|win|undftd1
|raw|zbackbar's rating: 1421 &rarr; <strong>1399</strong><br />(-22 for losing)
|raw|undftd1's rating: 1391 &rarr; <strong>1413</strong><br />(+22 for winning)
|l|☆zbackbar
|player|p1|
|l|‽undftd1
|player|p2|
