|j|☆NicheLadder
|j|☆qways
|t:|1769296004
|gametype|singles
|player|p1|NicheLadder|170|1645
|player|p2|qways|265|1591
|gen|9
|tier|[Gen 9] OU
|rated|
|rule|HP Percentage Mod: HP is shown in percentages
|rule|Endless Battle Clause: Forcing endless battles is banned
|rule|Species Clause: Limit one of each Pokémon
|rule|OHKO Clause: OHKO moves are banned
|rule|Evasion Items Clause: Evasion items are banned
|rule|Evasion Moves Clause: Evasion moves are banned
|rule|Evasion Abilities Clause: Evasion abilities are banned
|rule|Sleep Moves Clause: Sleep-inducing moves are banned
|clearpoke
|poke|p1|Kingambit, F|
|poke|p1|Corviknight, M|
|poke|p1|Cinderace, F|
|poke|p1|Sylveon, F|
|poke|p1|Darkrai|
|poke|p1|Alomomola, M|
|poke|p2|Kyurem|
|poke|p2|Ogerpon-Wellspring, F|
|poke|p2|Ting-Lu|
|poke|p2|Cinderace, M|
|poke|p2|Slowking-Galar, F|
|poke|p2|Scizor, M|
|teampreview
|inactive|Battle timer is ON: inactive players will automatically lose when time's up. (requested by NicheLadder)
|
|t:|1769296018
|teamsize|p1|6
|teamsize|p2|6
|start
|switch|p1a: Sylveon|Sylveon, F|100/100
|switch|p2a: Slowking|Slowking-Galar, F|100/100
|turn|1
|
|t:|1769296023
|switch|p1a: Kingambit|Kingambit, F|100/100
|move|p2a: Slowking|Thunder Wave|p1a: Kingambit
|-status|p1a: Kingambit|par
|
|upkeep
|turn|2
|
|t:|1769296033
|-end|p1a: Kingambit|fallenundefined|[silent]
|switch|p1a: Sylveon|Sylveon, F|100/100
|switch|p2a: Ting-Lu|Ting-Lu|100/100
|-ability|p2a: Ting-Lu|Vessel of Ruin
|
|upkeep
|turn|3
|
|t:|1769296048
|switch|p2a: Slowking|Slowking-Galar, F|100/100
|move|p1a: Sylveon|Hyper Voice|p2a: Slowking
|-resisted|p2a: Slowking
|-damage|p2a: Slowking|67/100
|
|upkeep
|turn|4
|
|t:|1769296057
|move|p1a: Sylveon|Hyper Voice|p2a: Slowking
|-resisted|p2a: Slowking
|-damage|p2a: Slowking|32/100
|-prepare|p2a: Slowking|Chilly Reception|[premajor]
|move|p2a: Slowking|Chilly Reception|p2a: Slowking
|-weather|Snowscape
|
|t:|1769296062
|switch|p2a: Scizor|Scizor, M|100/100|[from] Chilly Reception
|
|-weather|Snowscape|[upkeep]
|upkeep
|turn|5
|
|t:|1769296068
|switch|p1a: Corviknight|Corviknight, M|100/100
|-ability|p1a: Corviknight|Pressure
|move|p2a: Scizor|Knock Off|p1a: Corviknight
|-damage|p1a: Corviknight|66/100
|-damage|p2a: Scizor|84/100|[from] item: Rocky Helmet|[of] p1a: Corviknight
|-enditem|p1a: Corviknight|Rocky Helmet|[from] move: Knock Off|[of] p2a: Scizor
|
|-weather|Snowscape|[upkeep]
|upkeep
|turn|6
|
|t:|1769296071
|switch|p2a: Slowking|Slowking-Galar, F|65/100
|move|p1a: Corviknight|U-turn|p2a: Slowking
|-damage|p2a: Slowking|54/100
|
|t:|1769296083
|switch|p1a: Cinderace|Cinderace, F|100/100|[from] U-turn
|
|-weather|Snowscape|[upkeep]
|upkeep
|turn|7
|
|t:|1769296088
|move|p1a: Cinderace|Pyro Ball|p2a: Slowking
|-damage|p2a: Slowking|10/100
|-prepare|p2a: Slowking|Chilly Reception|[premajor]
|move|p2a: Slowking|Chilly Reception|p2a: Slowking
|
|t:|1769296102
|switch|p2a: Ogerpon|Ogerpon-Wellspring, F|100/100|[from] Chilly Reception
|
|-weather|Snowscape|[upkeep]
|upkeep
|turn|8
|
|t:|1769296105
|move|p1a: Cinderace|U-turn|p2a: Ogerpon
|-start|p1a: Cinderace|typechange|Bug|[from] ability: Libero
|-supereffective|p2a: Ogerpon
|-damage|p2a: Ogerpon|13/100
|
|t:|1769296111
|switch|p1a: Alomomola|Alomomola, M|100/100|[from] U-turn
|move|p2a: Ogerpon|Ivy Cudgel|p1a: Alomomola|[anim] Ivy Cudgel Water
|-resisted|p1a: Alomomola
|-damage|p1a: Alomomola|80/100
|
|-weather|none
|upkeep
|turn|9
|
|t:|1769296114
|switch|p1a: Corviknight|Corviknight, M|66/100
|-ability|p1a: Corviknight|Pressure
|move|p2a: Ogerpon|Power Whip|p1a: Corviknight
|-resisted|p1a: Corviknight
|-damage|p1a: Corviknight|56/100
|
|upkeep
|turn|10
|
|t:|1769296117
|move|p2a: Ogerpon|Ivy Cudgel|p1a: Corviknight|[anim] Ivy Cudgel Water
|-damage|p1a: Corviknight|21/100
|move|p1a: Corviknight|Roost|p1a: Corviknight
|-heal|p1a: Corviknight|71/100
|-singleturn|p1a: Corviknight|move: Roost
|
|upkeep
|turn|11
|
|t:|1769296121
|move|p2a: Ogerpon|Swords Dance|p2a: Ogerpon
|-boost|p2a: Ogerpon|atk|2
|move|p1a: Corviknight|U-turn|p2a: Ogerpon
|-supereffective|p2a: Ogerpon
|-damage|p2a: Ogerpon|0 fnt
|faint|p2a: Ogerpon
|
|t:|1769296139
|switch|p1a: Cinderace|Cinderace, F|100/100|[from] U-turn
|
|upkeep
|
|t:|1769296151
|switch|p2a: Slowking|Slowking-Galar, F|43/100
|turn|12
|
|t:|1769296156
|switch|p2a: Cinderace|Cinderace, M|100/100
|move|p1a: Cinderace|U-turn|p2a: Cinderace
|-start|p1a: Cinderace|typechange|Bug|[from] ability: Libero
|-resisted|p2a: Cinderace
|-damage|p2a: Cinderace|81/100
|
|t:|1769296160
|switch|p1a: Alomomola|Alomomola, M|100/100|[from] U-turn
|
|upkeep
|turn|13
|
|t:|1769296163
|move|p2a: Cinderace|Will-O-Wisp|p1a: Alomomola
|-status|p1a: Alomomola|brn
|move|p1a: Alomomola|Flip Turn|p2a: Cinderace
|-supereffective|p2a: Cinderace
|-damage|p2a: Cinderace|61/100
|
|t:|1769296168
|switch|p1a: Darkrai|Darkrai|100/100|[from] Flip Turn
|
|upkeep
|turn|14
|j| StinkyFartGoblin
|
|t:|1769296175
|switch|p2a: Ting-Lu|Ting-Lu|100/100
|-ability|p2a: Ting-Lu|Vessel of Ruin
|move|p1a: Darkrai|Trick|p2a: Ting-Lu
|-activate|p1a: Darkrai|move: Trick|[of] p2a: Ting-Lu
|-item|p2a: Ting-Lu|Choice Scarf|[from] move: Trick
|-item|p1a: Darkrai|Leftovers|[from] move: Trick
|
|upkeep
|turn|15
|
|t:|1769296180
|switch|p1a: Sylveon|Sylveon, F|100/100
|move|p2a: Ting-Lu|Ruination|p1a: Sylveon
|-damage|p1a: Sylveon|50/100
|
|upkeep
|turn|16
|
|t:|1769296185
|switch|p2a: Slowking|Slowking-Galar, F|76/100
|move|p1a: Sylveon|Hyper Beam|p2a: Slowking|[miss]
|-miss|p1a: Sylveon|p2a: Slowking
|
|upkeep
|turn|17
|
|t:|1769296198
|switch|p1a: Kingambit|Kingambit, F|100/100 par
|move|p2a: Slowking|Thunder Wave|p1a: Kingambit
|-fail|p1a: Kingambit|par
|
|upkeep
|turn|18
|
|t:|1769296211
|switch|p2a: Ting-Lu|Ting-Lu|100/100
|-ability|p2a: Ting-Lu|Vessel of Ruin
|cant|p1a: Kingambit|par
|
|upkeep
|turn|19
|
|t:|1769296219
|-end|p1a: Kingambit|fallenundefined|[silent]
|switch|p1a: Sylveon|Sylveon, F|50/100
|move|p2a: Ting-Lu|Ruination|p1a: Sylveon
|-damage|p1a: Sylveon|26/100
|
|upkeep
|turn|20
|
|t:|1769296223
|switch|p2a: Slowking|Slowking-Galar, F|100/100
|move|p1a: Sylveon|Hyper Beam|p2a: Slowking
|-resisted|p2a: Slowking
|-crit|p2a: Slowking
|-damage|p2a: Slowking|23/100
|-mustrecharge|p1a: Sylveon
|
|upkeep
|turn|21
|
|t:|1769296228
|cant|p1a: Sylveon|recharge
|move|p2a: Slowking|Sludge Bomb|p1a: Sylveon
|-supereffective|p1a: Sylveon
|-damage|p1a: Sylveon|0 fnt
|faint|p1a: Sylveon
|
|upkeep
|
|t:|1769296233
|switch|p1a: Cinderace|Cinderace, F|100/100
|turn|22
|
|t:|1769296243
|switch|p2a: Ting-Lu|Ting-Lu|100/100
|-ability|p2a: Ting-Lu|Vessel of Ruin
|-terastallize|p1a: Cinderace|Fire
|move|p1a: Cinderace|Pyro Ball|p2a: Ting-Lu|[miss]
|-miss|p1a: Cinderace|p2a: Ting-Lu
|
|upkeep
|turn|23
|c|☆NicheLadder|yes good job just dodge every move
|
|t:|1769296256
|move|p1a: Cinderace|U-turn|p2a: Ting-Lu
|-supereffective|p2a: Ting-Lu
|-damage|p2a: Ting-Lu|74/100
|
|t:|1769296260
|switch|p1a: Alomomola|Alomomola, M|100/100 brn|[from] U-turn
|move|p2a: Ting-Lu|Earthquake|p1a: Alomomola
|-damage|p1a: Alomomola|78/100 brn
|
|-damage|p1a: Alomomola|72/100 brn|[from] brn
|upkeep
|turn|24
|
|t:|1769296263
|switch|p2a: Slowking|Slowking-Galar, F|56/100
|move|p1a: Alomomola|Flip Turn|p2a: Slowking
|-damage|p2a: Slowking|50/100
|
|t:|1769296268
|switch|p1a: Cinderace|Cinderace, F, tera:Fire|100/100|[from] Flip Turn
|
|upkeep
|turn|25
|
|t:|1769296275
|switch|p2a: Cinderace|Cinderace, M|61/100
|move|p1a: Cinderace|Pyro Ball|p2a: Cinderace
|-resisted|p2a: Cinderace
|-damage|p2a: Cinderace|18/100
|
|upkeep
|turn|26
|
|t:|1769296288
|move|p1a: Cinderace|Sucker Punch|p2a: Cinderace
|-damage|p2a: Cinderace|0 fnt
|faint|p2a: Cinderace
|
|upkeep
|
|t:|1769296291
|switch|p2a: Slowking|Slowking-Galar, F|83/100
|turn|27
|
|t:|1769296303
|move|p1a: Cinderace|U-turn|p2a: Slowking
|-damage|p2a: Slowking|66/100
|
|t:|1769296309
|switch|p1a: Kingambit|Kingambit, F|100/100 par|[from] U-turn
|-activate|p1a: Kingambit|ability: Supreme Overlord
|-start|p1a: Kingambit|fallen1|[silent]
|-prepare|p2a: Slowking|Chilly Reception|[premajor]
|move|p2a: Slowking|Chilly Reception|p2a: Slowking
|-weather|Snowscape
|
|t:|1769296312
|switch|p2a: Kyurem|Kyurem|100/100|[from] Chilly Reception
|-ability|p2a: Kyurem|Pressure
|
|-weather|Snowscape|[upkeep]
|upkeep
|turn|28
|
|t:|1769296320
|move|p2a: Kyurem|Substitute|p2a: Kyurem
|-start|p2a: Kyurem|Substitute
|-damage|p2a: Kyurem|76/100
|move|p1a: Kingambit|Iron Head|p2a: Kyurem
|-supereffective|p2a: Kyurem
|-end|p2a: Kyurem|Substitute
|
|-weather|Snowscape|[upkeep]
|-heal|p2a: Kyurem|82/100|[from] item: Leftovers
|upkeep
|turn|29
|
|t:|1769296332
|move|p2a: Kyurem|Protect|p2a: Kyurem
|-singleturn|p2a: Kyurem|Protect
|move|p1a: Kingambit|Iron Head|p2a: Kyurem
|-activate|p2a: Kyurem|move: Protect
|
|-weather|Snowscape|[upkeep]
|-heal|p2a: Kyurem|88/100|[from] item: Leftovers
|upkeep
|turn|30
|
|t:|1769296339
|move|p2a: Kyurem|Substitute|p2a: Kyurem
|-start|p2a: Kyurem|Substitute
|-damage|p2a: Kyurem|63/100
|move|p1a: Kingambit|Iron Head|p2a: Kyurem
|-supereffective|p2a: Kyurem
|-end|p2a: Kyurem|Substitute
|
|-weather|Snowscape|[upkeep]
|-heal|p2a: Kyurem|69/100|[from] item: Leftovers
|upkeep
|turn|31
|
|t:|1769296346
|move|p2a: Kyurem|Protect|p2a: Kyurem
|-singleturn|p2a: Kyurem|Protect
|move|p1a: Kingambit|Swords Dance|p1a: Kingambit
|-boost|p1a: Kingambit|atk|2
|
|-weather|none
|-heal|p2a: Kyurem|75/100|[from] item: Leftovers
|upkeep
|turn|32
|
|t:|1769296351
|move|p2a: Kyurem|Substitute|p2a: Kyurem
|-start|p2a: Kyurem|Substitute
|-damage|p2a: Kyurem|50/100
|move|p1a: Kingambit|Iron Head|p2a: Kyurem
|-supereffective|p2a: Kyurem
|-end|p2a: Kyurem|Substitute
|
|-heal|p2a: Kyurem|57/100|[from] item: Leftovers
|upkeep
|turn|33
|
|t:|1769296360
|-end|p1a: Kingambit|fallen1|[silent]
|switch|p1a: Darkrai|Darkrai|100/100
|move|p2a: Kyurem|Protect||[still]
|-fail|p2a: Kyurem
|
|-heal|p2a: Kyurem|63/100|[from] item: Leftovers
|upkeep
|turn|34
|
|t:|1769296365
|move|p2a: Kyurem|Protect|p2a: Kyurem
|-singleturn|p2a: Kyurem|Protect
|move|p1a: Darkrai|Dark Pulse|p2a: Kyurem
|-activate|p2a: Kyurem|move: Protect
|
|-heal|p2a: Kyurem|69/100|[from] item: Leftovers
|upkeep
|turn|35
|
|t:|1769296371
|switch|p2a: Ting-Lu|Ting-Lu|74/100
|-ability|p2a: Ting-Lu|Vessel of Ruin
|move|p1a: Darkrai|Ice Beam|p2a: Ting-Lu
|-supereffective|p2a: Ting-Lu
|-crit|p2a: Ting-Lu
|-damage|p2a: Ting-Lu|31/100
|
|upkeep
|turn|36
|inactive|NicheLadder has 120 seconds left.
|
|t:|1769296403
|switch|p1a: Cinderace|Cinderace, F, tera:Fire|100/100
|move|p2a: Ting-Lu|Ruination|p1a: Cinderace
|-damage|p1a: Cinderace|51/100
|
|upkeep
|turn|37
|
|t:|1769296409
|switch|p2a: Slowking|Slowking-Galar, F|99/100
|move|p1a: Cinderace|U-turn|p2a: Slowking
|-damage|p2a: Slowking|84/100
|
|t:|1769296412
|switch|p1a: Darkrai|Darkrai|100/100|[from] U-turn
|
|upkeep
|turn|38
|
|t:|1769296419
|move|p1a: Darkrai|Dark Pulse|p2a: Slowking
|-supereffective|p2a: Slowking
|-damage|p2a: Slowking|18/100
|cant|p2a: Slowking|flinch
|
|upkeep
|turn|39
|
|t:|1769296424
|switch|p2a: Ting-Lu|Ting-Lu|31/100
|-ability|p2a: Ting-Lu|Vessel of Ruin
|move|p1a: Darkrai|Dark Pulse|p2a: Ting-Lu
|-resisted|p2a: Ting-Lu
|-damage|p2a: Ting-Lu|23/100
|
|upkeep
|turn|40
|c|☆NicheLadder|deserved
|
|t:|1769296431
|switch|p2a: Scizor|Scizor, M|84/100
|move|p1a: Darkrai|Ice Beam|p2a: Scizor
|-resisted|p2a: Scizor
|-damage|p2a: Scizor|64/100
|
|upkeep
|turn|41
|
|t:|1769296450
|switch|p1a: Corviknight|Corviknight, M|71/100
|-ability|p1a: Corviknight|Pressure
|move|p2a: Scizor|U-turn|p1a: Corviknight
|-resisted|p1a: Corviknight
|-damage|p1a: Corviknight|62/100
|
|t:|1769296466
|switch|p2a: Slowking|Slowking-Galar, F|51/100|[from] U-turn
|
|upkeep
|turn|42
|
|t:|1769296472
|move|p1a: Corviknight|U-turn|p2a: Slowking
|-crit|p2a: Slowking
|-damage|p2a: Slowking|37/100
|
|t:|1769296477
|switch|p1a: Kingambit|Kingambit, F|100/100 par|[from] U-turn
|-activate|p1a: Kingambit|ability: Supreme Overlord
|-start|p1a: Kingambit|fallen1|[silent]
|-prepare|p2a: Slowking|Chilly Reception|[premajor]
|move|p2a: Slowking|Chilly Reception|p2a: Slowking
|-weather|Snowscape
|
|t:|1769296480
|switch|p2a: Kyurem|Kyurem|69/100|[from] Chilly Reception
|-ability|p2a: Kyurem|Pressure
|
|-weather|Snowscape|[upkeep]
|-heal|p2a: Kyurem|75/100|[from] item: Leftovers
|upkeep
|turn|43
|
|t:|1769296490
|-end|p1a: Kingambit|fallen1|[silent]
|switch|p1a: Darkrai|Darkrai|100/100
|move|p2a: Kyurem|Substitute|p2a: Kyurem
|-start|p2a: Kyurem|Substitute
|-damage|p2a: Kyurem|50/100
|
|-weather|Snowscape|[upkeep]
|-heal|p2a: Kyurem|56/100|[from] item: Leftovers
|upkeep
|turn|44
|
|t:|1769296494
|move|p2a: Kyurem|Protect|p2a: Kyurem
|-singleturn|p2a: Kyurem|Protect
|move|p1a: Darkrai|Dark Pulse|p2a: Kyurem
|-activate|p2a: Kyurem|move: Protect
|
|-weather|Snowscape|[upkeep]
|-heal|p2a: Kyurem|62/100|[from] item: Leftovers
|upkeep
|turn|45
|
|t:|1769296505
|move|p1a: Darkrai|Ice Beam|p2a: Kyurem
|-end|p2a: Kyurem|Substitute
|move|p2a: Kyurem|Freeze-Dry|p1a: Darkrai
|-damage|p1a: Darkrai|49/100
|
|-weather|Snowscape|[upkeep]
|-heal|p1a: Darkrai|55/100|[from] item: Leftovers
|-heal|p2a: Kyurem|69/100|[from] item: Leftovers
|upkeep
|turn|46
|
|t:|1769296514
|-terastallize|p2a: Kyurem|Ground
|move|p1a: Darkrai|Dark Pulse|p2a: Kyurem
|-damage|p2a: Kyurem|27/100
|move|p2a: Kyurem|Earth Power|p1a: Darkrai
|-damage|p1a: Darkrai|0 fnt
|faint|p1a: Darkrai
|
|-weather|none
|-heal|p2a: Kyurem|33/100|[from] item: Leftovers
|upkeep
|
|t:|1769296523
|switch|p1a: Cinderace|Cinderace, F, tera:Fire|51/100
|turn|47
|
|t:|1769296529
|move|p2a: Kyurem|Protect|p2a: Kyurem
|-singleturn|p2a: Kyurem|Protect
|move|p1a: Cinderace|Pyro Ball|p2a: Kyurem
|-activate|p2a: Kyurem|move: Protect
|
|-heal|p2a: Kyurem|40/100|[from] item: Leftovers
|upkeep
|turn|48
|
|t:|1769296547
|switch|p2a: Ting-Lu|Ting-Lu|23/100
|-ability|p2a: Ting-Lu|Vessel of Ruin
|move|p1a: Cinderace|U-turn|p2a: Ting-Lu
|-supereffective|p2a: Ting-Lu
|-damage|p2a: Ting-Lu|0 fnt
|faint|p2a: Ting-Lu
|
|t:|1769296555
|switch|p1a: Kingambit|Kingambit, F|100/100 par|[from] U-turn
|-activate|p1a: Kingambit|ability: Supreme Overlord
|-start|p1a: Kingambit|fallen2|[silent]
|
|upkeep
|
|t:|1769296558
|switch|p2a: Kyurem|Kyurem, tera:Ground|40/100
|-ability|p2a: Kyurem|Pressure
|turn|49
|
|t:|1769296568
|move|p2a: Kyurem|Protect|p2a: Kyurem
|-singleturn|p2a: Kyurem|Protect
|move|p1a: Kingambit|Kowtow Cleave|p2a: Kyurem
|-activate|p2a: Kyurem|move: Protect
|
|-heal|p2a: Kyurem|46/100|[from] item: Leftovers
|upkeep
|turn|50
|
|t:|1769296574
|move|p2a: Kyurem|Substitute|p2a: Kyurem
|-start|p2a: Kyurem|Substitute
|-damage|p2a: Kyurem|21/100
|move|p1a: Kingambit|Kowtow Cleave|p2a: Kyurem
|-end|p2a: Kyurem|Substitute
|
|-heal|p2a: Kyurem|27/100|[from] item: Leftovers
|upkeep
|turn|51
|
|t:|1769296584
|-end|p1a: Kingambit|fallen2|[silent]
|switch|p1a: Alomomola|Alomomola, M|100/100 brn
|move|p2a: Kyurem|Protect||[still]
|-fail|p2a: Kyurem
|
|-heal|p2a: Kyurem|33/100|[from] item: Leftovers
|-damage|p1a: Alomomola|94/100 brn|[from] brn
|upkeep
|turn|52
|
|t:|1769296588
|move|p2a: Kyurem|Protect|p2a: Kyurem
|-singleturn|p2a: Kyurem|Protect
|move|p1a: Alomomola|Flip Turn|p2a: Kyurem
|-activate|p2a: Kyurem|move: Protect
|
|-heal|p2a: Kyurem|39/100|[from] item: Leftovers
|-damage|p1a: Alomomola|88/100 brn|[from] brn
|upkeep
|turn|53
|
|t:|1769296591
|move|p2a: Kyurem|Substitute|p2a: Kyurem
|-start|p2a: Kyurem|Substitute
|-damage|p2a: Kyurem|14/100
|move|p1a: Alomomola|Scald|p2a: Kyurem
|-supereffective|p2a: Kyurem
|-end|p2a: Kyurem|Substitute
|
|-heal|p2a: Kyurem|20/100|[from] item: Leftovers
|-damage|p1a: Alomomola|82/100 brn|[from] brn
|upkeep
|turn|54
|
|t:|1769296594
|move|p2a: Kyurem|Protect|p2a: Kyurem
|-singleturn|p2a: Kyurem|Protect
|move|p1a: Alomomola|Mirror Coat||[still]
|-fail|p1a: Alomomola
|
|-heal|p2a: Kyurem|27/100|[from] item: Leftovers
|-damage|p1a: Alomomola|76/100 brn|[from] brn
|upkeep
|turn|55
|
|t:|1769296598
|switch|p2a: Slowking|Slowking-Galar, F|70/100
|move|p1a: Alomomola|Scald|p2a: Slowking
|-damage|p2a: Slowking|59/100
|
|-damage|p1a: Alomomola|70/100 brn|[from] brn
|upkeep
|turn|56
|
|t:|1769296603
|move|p1a: Alomomola|Flip Turn|p2a: Slowking
|-damage|p2a: Slowking|52/100
|
|t:|1769296606
|switch|p1a: Kingambit|Kingambit, F|100/100 par|[from] Flip Turn
|-activate|p1a: Kingambit|ability: Supreme Overlord
|-start|p1a: Kingambit|fallen2|[silent]
|-prepare|p2a: Slowking|Chilly Reception|[premajor]
|move|p2a: Slowking|Chilly Reception|p2a: Slowking
|-weather|Snowscape
|
|t:|1769296609
|switch|p2a: Kyurem|Kyurem, tera:Ground|27/100|[from] Chilly Reception
|-ability|p2a: Kyurem|Pressure
|
|-weather|Snowscape|[upkeep]
|-heal|p2a: Kyurem|33/100|[from] item: Leftovers
|upkeep
|turn|57
|
|t:|1769296617
|move|p2a: Kyurem|Earth Power|p1a: Kingambit
|-supereffective|p1a: Kingambit
|-damage|p1a: Kingambit|0 fnt
|faint|p1a: Kingambit
|-end|p1a: Kingambit|fallen2|[silent]
|
|-weather|Snowscape|[upkeep]
|-heal|p2a: Kyurem|39/100|[from] item: Leftovers
|upkeep
|
|t:|1769296624
|switch|p1a: Cinderace|Cinderace, F, tera:Fire|51/100
|turn|58
|
|t:|1769296631
|move|p2a: Kyurem|Protect|p2a: Kyurem
|-singleturn|p2a: Kyurem|Protect
|move|p1a: Cinderace|Court Change||[still]
|-fail|p1a: Cinderace
|
|-weather|Snowscape|[upkeep]
|-heal|p2a: Kyurem|45/100|[from] item: Leftovers
|upkeep
|turn|59
|
|t:|1769296636
|switch|p2a: Slowking|Slowking-Galar, F|86/100
|move|p1a: Cinderace|Pyro Ball|p2a: Slowking
|-damage|p2a: Slowking|30/100
|
|-weather|Snowscape|[upkeep]
|upkeep
|turn|60
|
|t:|1769296657
|move|p1a: Cinderace|Pyro Ball|p2a: Slowking
|-damage|p2a: Slowking|0 fnt
|faint|p2a: Slowking
|
|-weather|none
|upkeep
|
|t:|1769296661
|switch|p2a: Kyurem|Kyurem, tera:Ground|45/100
|-ability|p2a: Kyurem|Pressure
|turn|61
|
|t:|1769296670
|move|p1a: Cinderace|U-turn|p2a: Kyurem
|-damage|p2a: Kyurem|25/100
|
|t:|1769296674
|switch|p1a: Corviknight|Corviknight, M|62/100|[from] U-turn
|-ability|p1a: Corviknight|Pressure
|move|p2a: Kyurem|Earth Power|p1a: Corviknight
|-immune|p1a: Corviknight
|
|-heal|p2a: Kyurem|32/100|[from] item: Leftovers
|upkeep
|turn|62
|
|t:|1769296679
|move|p2a: Kyurem|Freeze-Dry|p1a: Corviknight
|-damage|p1a: Corviknight|30/100
|move|p1a: Corviknight|Body Press|p2a: Kyurem
|-damage|p2a: Kyurem|7/100
|
|-heal|p2a: Kyurem|13/100|[from] item: Leftovers
|upkeep
|turn|63
|
|t:|1769296684
|move|p2a: Kyurem|Freeze-Dry|p1a: Corviknight
|-damage|p1a: Corviknight|0 fnt
|faint|p1a: Corviknight
|
|-heal|p2a: Kyurem|19/100|[from] item: Leftovers
|upkeep
|
|t:|1769296690
|switch|p1a: Cinderace|Cinderace, F, tera:Fire|51/100
|turn|64
|
|t:|1769296696
|move|p2a: Kyurem|Protect|p2a: Kyurem
|-singleturn|p2a: Kyurem|Protect
|move|p1a: Cinderace|U-turn|p2a: Kyurem
|-activate|p2a: Kyurem|move: Protect
|
|-heal|p2a: Kyurem|25/100|[from] item: Leftovers
|upkeep
|turn|65
|
|t:|1769296705
|move|p1a: Cinderace|Pyro Ball|p2a: Kyurem
|-damage|p2a: Kyurem|0 fnt
|faint|p2a: Kyurem
|
|upkeep
|
|t:|1769296708
|switch|p2a: Scizor|Scizor, M|64/100
|turn|66
|
|t:|1769296712
|switch|p1a: Alomomola|Alomomola, M|100/100 brn
|move|p2a: Scizor|Close Combat|p1a: Alomomola
|-damage|p1a: Alomomola|51/100 brn
|-unboost|p2a: Scizor|def|1
|-unboost|p2a: Scizor|spd|1
|
|-damage|p1a: Alomomola|45/100 brn|[from] brn
|upkeep
|turn|67
|
|t:|1769296727
|switch|p1a: Cinderace|Cinderace, F, tera:Fire|51/100
|move|p2a: Scizor|Close Combat|p1a: Cinderace
|-damage|p1a: Cinderace|0 fnt
|-unboost|p2a: Scizor|def|1
|-unboost|p2a: Scizor|spd|1
|faint|p1a: Cinderace
|
|upkeep
|
|t:|1769296732
|switch|p1a: Alomomola|Alomomola, M|78/100 brn
|turn|68
|
|t:|1769296737
|move|p2a: Scizor|Close Combat|p1a: Alomomola
|-damage|p1a: Alomomola|35/100 brn
|-unboost|p2a: Scizor|def|1
|-unboost|p2a: Scizor|spd|1
|move|p1a: Alomomola|Scald|p2a: Scizor
|-damage|p2a: Scizor|23/100
|
|-damage|p1a: Alomomola|29/100 brn|[from] brn
|upkeep
|turn|69
|
|t:|1769296741
|move|p2a: Scizor|Close Combat|p1a: Alomomola
|-damage|p1a: Alomomola|0 fnt
|-unboost|p2a: Scizor|def|1
|-unboost|p2a: Scizor|spd|1
|faint|p1a: Alomomola
|
|win|qways
|raw|NicheLadder's rating: 1645 &rarr; <strong>1623</strong><br />(-22 for losing)
|raw|qways's rating: 1617 &rarr; <strong>1639</strong><br />(+22 for winning)
|c|☆NicheLadder|ass
|l|☆NicheLadder
|player|p1|
|l|☆qways
|player|p2|
