|j|☆Rheinharut35
|j|☆Cynl1ght
|t:|1769351022
|gametype|singles
|player|p1|Rheinharut35|marley|1401
|player|p2|Cynl1ght|cynthia-gen4|1374
|gen|9
|tier|[Gen 9] OU
|rated|
|rule|HP Percentage Mod: HP is shown in percentages
|rule|Endless Battle Clause: Forcing endless battles is banned
|rule|Species Clause: Limit one of each Pokémon
|rule|OHKO Clause: OHKO moves are banned
|rule|Evasion Items Clause: Evasion items are banned
|rule|Evasion Moves Clause: Evasion moves are banned
|rule|Evasion Abilities Clause: Evasion abilities are banned
|rule|Sleep Moves Clause: Sleep-inducing moves are banned
|clearpoke
|poke|p1|Torkoal, M|
|poke|p1|Ninetales, F|
|poke|p1|Walking Wake|
|poke|p1|Lilligant-Hisui, F|
|poke|p1|Great Tusk|
|poke|p1|Skeledirge, M|
|poke|p2|Primarina, F|
|poke|p2|Great Tusk|
|poke|p2|Kingambit, F|
|poke|p2|Slowking-Galar, F|
|poke|p2|Ogerpon, F|
|poke|p2|Rotom-Heat|
|teampreview
|inactive|Battle timer is ON: inactive players will automatically lose when time's up. (requested by Rheinharut35)
|inactive|Rheinharut35 has 120 seconds left.
|
|t:|1769351061
|teamsize|p1|6
|teamsize|p2|6
|start
|switch|p1a: Great Tusk|Great Tusk, shiny|100/100
|switch|p2a: Primarina|Primarina, F, shiny|100/100
|turn|1
|
|t:|1769351078
|move|p1a: Great Tusk|Headlong Rush|p2a: Primarina
|-damage|p2a: Primarina|0 fnt
|-unboost|p1a: Great Tusk|def|1
|-unboost|p1a: Great Tusk|spd|1
|faint|p2a: Primarina
|-damage|p1a: Great Tusk|91/100|[from] item: Life Orb
|
|upkeep
|
|t:|1769351088
|switch|p2a: Ogerpon|Ogerpon, F|100/100
|turn|2
|
|t:|1769351098
|-end|p1a: Great Tusk|Protosynthesis|[silent]
|switch|p1a: Torkoal|Torkoal, M|100/100
|-weather|SunnyDay|[from] ability: Drought|[of] p1a: Torkoal
|move|p2a: Ogerpon|U-turn|p1a: Torkoal
|-resisted|p1a: Torkoal
|-damage|p1a: Torkoal|91/100
|
|t:|1769351105
|switch|p2a: Great Tusk|Great Tusk, shiny|100/100|[from] U-turn
|-activate|p2a: Great Tusk|ability: Protosynthesis
|-start|p2a: Great Tusk|protosynthesisatk
|
|-weather|SunnyDay|[upkeep]
|upkeep
|turn|3
|
|t:|1769351113
|switch|p1a: Skeledirge|Skeledirge, M, shiny|100/100
|move|p2a: Great Tusk|Rapid Spin|p1a: Skeledirge
|-immune|p1a: Skeledirge
|
|-weather|SunnyDay|[upkeep]
|upkeep
|turn|4
|
|t:|1769351119
|move|p1a: Skeledirge|Overheat|p2a: Great Tusk
|-damage|p2a: Great Tusk|0 fnt
|-unboost|p1a: Skeledirge|spa|2
|faint|p2a: Great Tusk
|-end|p2a: Great Tusk|Protosynthesis|[silent]
|
|-weather|SunnyDay|[upkeep]
|upkeep
|
|t:|1769351131
|switch|p2a: Kingambit|Kingambit, F, shiny|100/100
|-activate|p2a: Kingambit|ability: Supreme Overlord
|-start|p2a: Kingambit|fallen2|[silent]
|turn|5
|
|t:|1769351136
|-terastallize|p2a: Kingambit|Ghost
|move|p1a: Skeledirge|Overheat|p2a: Kingambit
|-damage|p2a: Kingambit|53/100
|-unboost|p1a: Skeledirge|spa|2
|move|p2a: Kingambit|Swords Dance|p2a: Kingambit
|-boost|p2a: Kingambit|atk|2
|
|-weather|SunnyDay|[upkeep]
|-heal|p2a: Kingambit|60/100|[from] item: Leftovers
|upkeep
|turn|6
|
|t:|1769351144
|move|p1a: Skeledirge|Overheat|p2a: Kingambit
|-damage|p2a: Kingambit|28/100
|-unboost|p1a: Skeledirge|spa|2
|move|p2a: Kingambit|Swords Dance|p2a: Kingambit
|-boost|p2a: Kingambit|atk|2
|
|-weather|SunnyDay|[upkeep]
|-heal|p2a: Kingambit|34/100|[from] item: Leftovers
|upkeep
|turn|7
|
|t:|1769351151
|move|p2a: Kingambit|Sucker Punch|p1a: Skeledirge
|-supereffective|p1a: Skeledirge
|-damage|p1a: Skeledirge|0 fnt
|faint|p1a: Skeledirge
|
|-weather|SunnyDay|[upkeep]
|-heal|p2a: Kingambit|40/100|[from] item: Leftovers
|upkeep
|
|t:|1769351155
|switch|p1a: Ninetales|Ninetales, F, shiny|100/100
|turn|8
|
|t:|1769351163
|move|p2a: Kingambit|Sucker Punch||[still]
|-fail|p2a: Kingambit
|move|p1a: Ninetales|Encore|p2a: Kingambit
|-start|p2a: Kingambit|Encore
|
|-weather|SunnyDay|[upkeep]
|-heal|p2a: Kingambit|47/100|[from] item: Leftovers
|upkeep
|turn|9
|
|t:|1769351190
|move|p2a: Kingambit|Sucker Punch||[still]
|-fail|p2a: Kingambit
|move|p1a: Ninetales|Encore||[still]
|-fail|p1a: Ninetales
|
|-weather|none
|-heal|p2a: Kingambit|53/100|[from] item: Leftovers
|upkeep
|turn|10
|
|t:|1769351198
|move|p2a: Kingambit|Sucker Punch||[still]
|-fail|p2a: Kingambit
|move|p1a: Ninetales|Encore||[still]
|-fail|p1a: Ninetales
|
|-heal|p2a: Kingambit|59/100|[from] item: Leftovers
|upkeep
|turn|11
|
|t:|1769351208
|move|p2a: Kingambit|Sucker Punch||[still]
|-fail|p2a: Kingambit
|move|p1a: Ninetales|Encore||[still]
|-fail|p1a: Ninetales
|
|-heal|p2a: Kingambit|65/100|[from] item: Leftovers
|-end|p2a: Kingambit|Encore
|upkeep
|turn|12
|
|t:|1769351212
|move|p2a: Kingambit|Sucker Punch||[still]
|-fail|p2a: Kingambit
|move|p1a: Ninetales|Encore|p2a: Kingambit
|-start|p2a: Kingambit|Encore
|
|-heal|p2a: Kingambit|71/100|[from] item: Leftovers
|upkeep
|turn|13
|
|t:|1769351219
|switch|p1a: Torkoal|Torkoal, M|91/100
|-weather|SunnyDay|[from] ability: Drought|[of] p1a: Torkoal
|move|p2a: Kingambit|Sucker Punch||[still]
|-fail|p2a: Kingambit
|
|-weather|SunnyDay|[upkeep]
|-heal|p2a: Kingambit|78/100|[from] item: Leftovers
|upkeep
|turn|14
|
|t:|1769351224
|move|p2a: Kingambit|Sucker Punch||[still]
|-fail|p2a: Kingambit
|move|p1a: Torkoal|Stealth Rock|p2a: Kingambit
|-sidestart|p2: Cynl1ght|move: Stealth Rock
|
|-weather|SunnyDay|[upkeep]
|-heal|p2a: Kingambit|84/100|[from] item: Leftovers
|-end|p2a: Kingambit|Encore
|upkeep
|turn|15
|
|t:|1769351250
|move|p2a: Kingambit|Kowtow Cleave|p1a: Torkoal
|-crit|p1a: Torkoal
|-damage|p1a: Torkoal|0 fnt
|faint|p1a: Torkoal
|
|-weather|SunnyDay|[upkeep]
|-heal|p2a: Kingambit|90/100|[from] item: Leftovers
|upkeep
|
|t:|1769351253
|switch|p1a: Walking Wake|Walking Wake|100/100
|-activate|p1a: Walking Wake|ability: Protosynthesis
|-start|p1a: Walking Wake|protosynthesisspa
|turn|16
|
|t:|1769351257
|move|p1a: Walking Wake|Hydro Steam|p2a: Kingambit
|-damage|p2a: Kingambit|0 fnt
|faint|p2a: Kingambit
|-end|p2a: Kingambit|fallen2|[silent]
|
|-weather|SunnyDay|[upkeep]
|upkeep
|
|t:|1769351262
|switch|p2a: Slowking|Slowking-Galar, F, shiny|100/100
|-damage|p2a: Slowking|88/100|[from] Stealth Rock
|turn|17
|
|t:|1769351265
|move|p1a: Walking Wake|Hydro Steam|p2a: Slowking
|-damage|p2a: Slowking|19/100
|move|p2a: Slowking|Sludge Bomb|p1a: Walking Wake
|-damage|p1a: Walking Wake|58/100
|
|-weather|SunnyDay|[upkeep]
|upkeep
|turn|18
|
|t:|1769351272
|move|p1a: Walking Wake|Hydro Steam|p2a: Slowking
|-damage|p2a: Slowking|0 fnt
|faint|p2a: Slowking
|
|-weather|SunnyDay|[upkeep]
|upkeep
|
|t:|1769351273
|switch|p2a: Ogerpon|Ogerpon, F|100/100
|-damage|p2a: Ogerpon|88/100|[from] Stealth Rock
|turn|19
|
|t:|1769351294
|move|p2a: Ogerpon|Ivy Cudgel|p1a: Walking Wake
|-damage|p1a: Walking Wake|0 fnt
|faint|p1a: Walking Wake
|-end|p1a: Walking Wake|Protosynthesis|[silent]
|
|-weather|SunnyDay|[upkeep]
|upkeep
|
|t:|1769351311
|switch|p1a: Lilligant|Lilligant-Hisui, F|100/100
|turn|20
|
|t:|1769351318
|switch|p2a: Rotom|Rotom-Heat|100/100
|-damage|p2a: Rotom|76/100|[from] Stealth Rock
|move|p1a: Lilligant|Close Combat|p2a: Rotom
|-damage|p2a: Rotom|0 fnt
|-unboost|p1a: Lilligant|def|1
|-unboost|p1a: Lilligant|spd|1
|faint|p2a: Rotom
|-damage|p1a: Lilligant|91/100|[from] item: Life Orb
|
|-weather|none
|upkeep
|
|t:|1769351320
|switch|p2a: Ogerpon|Ogerpon, F|88/100
|-damage|p2a: Ogerpon|76/100|[from] Stealth Rock
|turn|21
|
|t:|1769351330
|switch|p1a: Ninetales|Ninetales, F, shiny|100/100
|-weather|SunnyDay|[from] ability: Drought|[of] p1a: Ninetales
|move|p2a: Ogerpon|Ivy Cudgel|p1a: Ninetales
|-resisted|p1a: Ninetales
|-damage|p1a: Ninetales|52/100
|
|-weather|SunnyDay|[upkeep]
|upkeep
|turn|22
|
|t:|1769351337
|move|p2a: Ogerpon|Ivy Cudgel|p1a: Ninetales
|-resisted|p1a: Ninetales
|-damage|p1a: Ninetales|7/100
|move|p1a: Ninetales|Overheat|p2a: Ogerpon
|-supereffective|p2a: Ogerpon
|-damage|p2a: Ogerpon|0 fnt
|-unboost|p1a: Ninetales|spa|2
|faint|p2a: Ogerpon
|-enditem|p1a: Ninetales|Eject Pack
|
|win|Rheinharut35
|raw|Rheinharut35's rating: 1401 &rarr; <strong>1419</strong><br />(+18 for winning)
|raw|Cynl1ght's rating: 1374 &rarr; <strong>1356</strong><br />(-18 for losing)
|l|☆Cynl1ght
|player|p2|
|l|☆Rheinharut35
|player|p1|
