|j|☆NotClevey
|j|☆kevinbassonon
|t:|1769348079
|gametype|singles
|player|p1|NotClevey|miku-ground|1403
|player|p2|kevinbassonon|lusamine-nihilego|1470
|gen|9
|tier|[Gen 9] OU
|rated|
|rule|HP Percentage Mod: HP is shown in percentages
|rule|Endless Battle Clause: Forcing endless battles is banned
|rule|Species Clause: Limit one of each Pokémon
|rule|OHKO Clause: OHKO moves are banned
|rule|Evasion Items Clause: Evasion items are banned
|rule|Evasion Moves Clause: Evasion moves are banned
|rule|Evasion Abilities Clause: Evasion abilities are banned
|rule|Sleep Moves Clause: Sleep-inducing moves are banned
|clearpoke
|poke|p1|Farigiraf, M|
|poke|p1|Tinkaton, F|
|poke|p1|Zamazenta-*|
|poke|p1|Samurott-Hisui, F|
|poke|p1|Zapdos|
|poke|p1|Great Tusk|
|poke|p2|Maushold-Four|
|poke|p2|Dragapult, F|
|poke|p2|Landorus-Therian, M|
|poke|p2|Meowscarada, M|
|poke|p2|Lokix, M|
|poke|p2|Weavile, M|
|teampreview
|inactive|Battle timer is ON: inactive players will automatically lose when time's up. (requested by NotClevey)
|
|t:|1769348106
|teamsize|p1|6
|teamsize|p2|6
|start
|switch|p1a: Tinkaton|Tinkaton, F|100/100
|switch|p2a: Meowscarada|Meowscarada, M|100/100
|-item|p1a: Tinkaton|Air Balloon
|turn|1
|
|t:|1769348115
|move|p2a: Meowscarada|U-turn|p1a: Tinkaton
|-start|p2a: Meowscarada|typechange|Bug|[from] ability: Protean
|-resisted|p1a: Tinkaton
|-damage|p1a: Tinkaton|90/100
|-enditem|p1a: Tinkaton|Air Balloon
|-enditem|p2a: Meowscarada|Choice Scarf|[silent]|[from] ability: Pickpocket|[of] p2a: Meowscarada
|-item|p1a: Tinkaton|Choice Scarf|[from] ability: Pickpocket|[of] p2a: Meowscarada
|
|t:|1769348119
|switch|p2a: Landorus|Landorus-Therian, M|100/100|[from] U-turn
|-ability|p2a: Landorus|Intimidate|boost
|-unboost|p1a: Tinkaton|atk|1
|move|p1a: Tinkaton|Stealth Rock|p2a: Landorus
|-sidestart|p2: kevinbassonon|move: Stealth Rock
|
|upkeep
|turn|2
|
|t:|1769348133
|switch|p1a: Zapdos|Zapdos|100/100
|move|p2a: Landorus|Stealth Rock|p1a: Zapdos
|-sidestart|p1: NotClevey|move: Stealth Rock
|
|upkeep
|turn|3
|
|t:|1769348139
|move|p2a: Landorus|U-turn|p1a: Zapdos
|-resisted|p1a: Zapdos
|-damage|p1a: Zapdos|94/100
|
|t:|1769348147
|switch|p2a: Weavile|Weavile, M|100/100|[from] U-turn
|-ability|p2a: Weavile|Pressure
|move|p1a: Zapdos|Hurricane|p2a: Weavile
|-damage|p2a: Weavile|34/100
|
|upkeep
|turn|4
|
|t:|1769348158
|switch|p1a: Tinkaton|Tinkaton, F|90/100
|-damage|p1a: Tinkaton|84/100|[from] Stealth Rock
|move|p2a: Weavile|Triple Axel|p1a: Tinkaton|[miss]
|-miss|p2a: Weavile|p1a: Tinkaton
|
|upkeep
|turn|5
|
|t:|1769348166
|switch|p2a: Landorus|Landorus-Therian, M|100/100
|-damage|p2a: Landorus|88/100|[from] Stealth Rock
|-ability|p2a: Landorus|Intimidate|boost
|-unboost|p1a: Tinkaton|atk|1
|move|p1a: Tinkaton|Ice Hammer|p2a: Landorus
|-supereffective|p2a: Landorus
|-damage|p2a: Landorus|25/100
|-unboost|p1a: Tinkaton|spe|1
|-damage|p1a: Tinkaton|67/100|[from] item: Rocky Helmet|[of] p2a: Landorus
|
|upkeep
|turn|6
|
|t:|1769348176
|move|p1a: Tinkaton|Ice Hammer|p2a: Landorus
|-supereffective|p2a: Landorus
|-damage|p2a: Landorus|0 fnt
|-unboost|p1a: Tinkaton|spe|1
|-damage|p1a: Tinkaton|51/100|[from] item: Rocky Helmet|[of] p2a: Landorus
|faint|p2a: Landorus
|
|upkeep
|
|t:|1769348188
|switch|p2a: RU|Maushold-Four|100/100
|-damage|p2a: RU|88/100|[from] Stealth Rock
|turn|7
|
|t:|1769348195
|switch|p1a: Zamazenta|Zamazenta|100/100
|-damage|p1a: Zamazenta|94/100|[from] Stealth Rock
|-ability|p1a: Zamazenta|Dauntless Shield|boost
|-boost|p1a: Zamazenta|def|1
|move|p2a: RU|Tidy Up|p2a: RU
|-sideend|p2: kevinbassonon|Stealth Rock
|-sideend|p1: NotClevey|Stealth Rock
|-activate|p2a: RU|move: Tidy Up
|-boost|p2a: RU|atk|1
|-boost|p2a: RU|spe|1
|
|-heal|p1a: Zamazenta|100/100|[from] item: Leftovers
|upkeep
|turn|8
|
|t:|1769348208
|-terastallize|p2a: RU|Ghost
|move|p2a: RU|Tidy Up|p2a: RU
|-boost|p2a: RU|atk|1
|-boost|p2a: RU|spe|1
|move|p1a: Zamazenta|Iron Defense|p1a: Zamazenta
|-boost|p1a: Zamazenta|def|2
|
|upkeep
|turn|9
|
|t:|1769348218
|move|p2a: RU|Tidy Up|p2a: RU
|-boost|p2a: RU|atk|1
|-boost|p2a: RU|spe|1
|move|p1a: Zamazenta|Roar|p2a: RU
|drag|p2a: Weavile|Weavile, M|34/100
|-ability|p2a: Weavile|Pressure
|
|upkeep
|turn|10
|-message|kevinbassonon forfeited.
|
|win|NotClevey
|raw|NotClevey's rating: 1403 &rarr; <strong>1427</strong><br />(+24 for winning)
|raw|kevinbassonon's rating: 1470 &rarr; <strong>1446</strong><br />(-24 for losing)
|l|☆kevinbassonon
|player|p2|
|l|☆NotClevey
|player|p1|
