|j|☆AxelTRK
|j|☆thefunbegins
|t:|1769360536
|gametype|singles
|player|p1|AxelTRK|1|1085
|player|p2|thefunbegins|veteran|1075
|gen|9
|tier|[Gen 9] OU
|rated|
|rule|HP Percentage Mod: HP is shown in percentages
|rule|Endless Battle Clause: Forcing endless battles is banned
|rule|Species Clause: Limit one of each Pokémon
|rule|OHKO Clause: OHKO moves are banned
|rule|Evasion Items Clause: Evasion items are banned
|rule|Evasion Moves Clause: Evasion moves are banned
|rule|Evasion Abilities Clause: Evasion abilities are banned
|rule|Sleep Moves Clause: Sleep-inducing moves are banned
|clearpoke
|poke|p1|Deoxys-Speed|
|poke|p1|Gholdengo|
|poke|p1|Iron Treads|
|poke|p1|Dragonite, F|
|poke|p1|Iron Moth|
|poke|p1|Samurott-Hisui, M|
|poke|p2|Weezing, M|
|poke|p2|Iron Boulder|
|poke|p2|Empoleon, M|
|poke|p2|Cryogonal|
|poke|p2|Shiftry, F|
|poke|p2|Arbok, M|
|teampreview
|
|t:|1769360541
|teamsize|p1|6
|teamsize|p2|6
|start
|switch|p1a: Deoxys|Deoxys-Speed|100/100
|switch|p2a: Shiftry|Shiftry, F|100/100
|-ability|p1a: Deoxys|Pressure
|turn|1
|inactive|Battle timer is ON: inactive players will automatically lose when time's up. (requested by AxelTRK)
|
|t:|1769360545
|move|p1a: Deoxys|Ice Beam|p2a: Shiftry
|-supereffective|p2a: Shiftry
|-damage|p2a: Shiftry|0 fnt
|faint|p2a: Shiftry
|-damage|p1a: Deoxys|91/100|[from] item: Life Orb
|
|upkeep
|
|t:|1769360553
|switch|p2a: Empoleon|Empoleon, M|100/100
|turn|2
|
|t:|1769360570
|switch|p1a: Iron Treads|Iron Treads|100/100
|-enditem|p1a: Iron Treads|Booster Energy
|-activate|p1a: Iron Treads|ability: Quark Drive|[fromitem]
|-start|p1a: Iron Treads|quarkdrivespe
|move|p2a: Empoleon|Stealth Rock|p1a: Iron Treads
|-sidestart|p1: AxelTRK|move: Stealth Rock
|
|upkeep
|turn|3
|
|t:|1769360574
|move|p1a: Iron Treads|Earthquake|p2a: Empoleon
|-supereffective|p2a: Empoleon
|-damage|p2a: Empoleon|27/100
|move|p2a: Empoleon|Flip Turn|p1a: Iron Treads
|-supereffective|p1a: Iron Treads
|-damage|p1a: Iron Treads|73/100
|
|t:|1769360579
|switch|p2a: Iron Boulder|Iron Boulder|100/100|[from] Flip Turn
|
|upkeep
|turn|4
|
|t:|1769360583
|-terastallize|p2a: Iron Boulder|Fighting
|move|p1a: Iron Treads|Stealth Rock|p2a: Iron Boulder
|-sidestart|p2: thefunbegins|move: Stealth Rock
|move|p2a: Iron Boulder|Close Combat|p1a: Iron Treads
|-supereffective|p1a: Iron Treads
|-damage|p1a: Iron Treads|0 fnt
|-unboost|p2a: Iron Boulder|def|1
|-unboost|p2a: Iron Boulder|spd|1
|faint|p1a: Iron Treads
|-end|p1a: Iron Treads|Quark Drive|[silent]
|
|upkeep
|
|t:|1769360605
|switch|p1a: Deoxys|Deoxys-Speed|91/100
|-damage|p1a: Deoxys|78/100|[from] Stealth Rock
|-ability|p1a: Deoxys|Pressure
|turn|5
|
|t:|1769360610
|-end|p2a: Iron Boulder|Quark Drive|[silent]
|switch|p2a: Empoleon|Empoleon, M|27/100
|-damage|p2a: Empoleon|21/100|[from] Stealth Rock
|move|p1a: Deoxys|Psycho Boost|p2a: Empoleon|[miss]
|-miss|p1a: Deoxys|p2a: Empoleon
|
|-heal|p2a: Empoleon|27/100|[from] item: Leftovers
|upkeep
|turn|6
|
|t:|1769360622
|move|p1a: Deoxys|Superpower|p2a: Empoleon
|-supereffective|p2a: Empoleon
|-damage|p2a: Empoleon|0 fnt
|-unboost|p1a: Deoxys|atk|1
|-unboost|p1a: Deoxys|def|1
|faint|p2a: Empoleon
|-damage|p1a: Deoxys|68/100|[from] item: Life Orb
|
|upkeep
|
|t:|1769360631
|switch|p2a: Cryogonal|Cryogonal|100/100
|-damage|p2a: Cryogonal|75/100|[from] Stealth Rock
|turn|7
|
|t:|1769360636
|switch|p1a: Iron Moth|Iron Moth|100/100
|-damage|p1a: Iron Moth|76/100|[from] Stealth Rock
|-enditem|p1a: Iron Moth|Booster Energy
|-activate|p1a: Iron Moth|ability: Quark Drive|[fromitem]
|-start|p1a: Iron Moth|quarkdrivespe
|move|p2a: Cryogonal|Rapid Spin|p1a: Iron Moth
|-damage|p1a: Iron Moth|66/100
|-boost|p2a: Cryogonal|spe|1
|-sideend|p2: thefunbegins|Stealth Rock|[from] move: Rapid Spin|[of] p2a: Cryogonal
|
|upkeep
|turn|8
|
|t:|1769360644
|move|p1a: Iron Moth|Fiery Dance|p2a: Cryogonal
|-supereffective|p2a: Cryogonal
|-damage|p2a: Cryogonal|35/100
|move|p2a: Cryogonal|Tera Blast|p1a: Iron Moth
|-damage|p1a: Iron Moth|42/100
|
|upkeep
|turn|9
|
|t:|1769360653
|move|p1a: Iron Moth|Fiery Dance|p2a: Cryogonal
|-supereffective|p2a: Cryogonal
|-damage|p2a: Cryogonal|0 fnt
|-boost|p1a: Iron Moth|spa|1
|faint|p2a: Cryogonal
|
|upkeep
|
|t:|1769360666
|switch|p2a: Iron Boulder|Iron Boulder, tera:Fighting|100/100
|turn|10
|
|t:|1769360678
|move|p1a: Iron Moth|Sludge Wave|p2a: Iron Boulder
|-damage|p2a: Iron Boulder|23/100
|move|p2a: Iron Boulder|Mighty Cleave|p1a: Iron Moth
|-supereffective|p1a: Iron Moth
|-damage|p1a: Iron Moth|0 fnt
|faint|p1a: Iron Moth
|-end|p1a: Iron Moth|Quark Drive|[silent]
|
|upkeep
|
|t:|1769360682
|switch|p1a: Dragonite|Dragonite, F|100/100
|turn|11
|
|t:|1769360686
|-end|p2a: Iron Boulder|Quark Drive|[silent]
|switch|p2a: Weezing|Weezing, M|100/100
|-ability|p2a: Weezing|Neutralizing Gas
|move|p1a: Dragonite|Extreme Speed|p2a: Weezing
|-damage|p2a: Weezing|81/100
|
|-heal|p2a: Weezing|87/100|[from] item: Leftovers
|upkeep
|turn|12
|
|t:|1769360692
|move|p1a: Dragonite|Dragon Dance|p1a: Dragonite
|-boost|p1a: Dragonite|atk|1
|-boost|p1a: Dragonite|spe|1
|move|p2a: Weezing|Will-O-Wisp|p1a: Dragonite
|-status|p1a: Dragonite|brn
|
|-heal|p2a: Weezing|93/100|[from] item: Leftovers
|-damage|p1a: Dragonite|94/100 brn|[from] brn
|upkeep
|turn|13
|
|t:|1769360695
|move|p1a: Dragonite|Dragon Dance|p1a: Dragonite
|-boost|p1a: Dragonite|atk|1
|-boost|p1a: Dragonite|spe|1
|move|p2a: Weezing|Sludge Bomb|p1a: Dragonite
|-damage|p1a: Dragonite|67/100 brn
|
|-heal|p2a: Weezing|99/100|[from] item: Leftovers
|-damage|p1a: Dragonite|61/100 brn|[from] brn
|upkeep
|turn|14
|
|t:|1769360700
|move|p1a: Dragonite|Ice Spinner|p2a: Weezing
|-damage|p2a: Weezing|82/100
|move|p2a: Weezing|Sludge Bomb|p1a: Dragonite
|-damage|p1a: Dragonite|33/100 brn
|
|-heal|p2a: Weezing|88/100|[from] item: Leftovers
|-damage|p1a: Dragonite|27/100 brn|[from] brn
|upkeep
|turn|15
|
|t:|1769360706
|move|p1a: Dragonite|Earthquake|p2a: Weezing
|-supereffective|p2a: Weezing
|-damage|p2a: Weezing|41/100
|move|p2a: Weezing|Thunderbolt|p1a: Dragonite
|-damage|p1a: Dragonite|9/100 brn
|
|-heal|p2a: Weezing|47/100|[from] item: Leftovers
|-damage|p1a: Dragonite|3/100 brn|[from] brn
|upkeep
|turn|16
|
|t:|1769360714
|move|p1a: Dragonite|Earthquake|p2a: Weezing
|-supereffective|p2a: Weezing
|-damage|p2a: Weezing|0 fnt
|faint|p2a: Weezing
|-end|p2a: Weezing|ability: Neutralizing Gas
|
|-damage|p1a: Dragonite|0 fnt|[from] brn
|faint|p1a: Dragonite
|upkeep
|
|t:|1769360719
|switch|p1a: Samurott|Samurott-Hisui, M|100/100
|switch|p2a: Arbok|Arbok, M|100/100
|-damage|p1a: Samurott|88/100|[from] Stealth Rock
|turn|17
|
|t:|1769360729
|move|p1a: Samurott|Razor Shell|p2a: Arbok
|-damage|p2a: Arbok|28/100
|-unboost|p2a: Arbok|def|1
|move|p2a: Arbok|Coil|p2a: Arbok
|-boost|p2a: Arbok|atk|1
|-boost|p2a: Arbok|def|1
|-boost|p2a: Arbok|accuracy|1
|
|upkeep
|turn|18
|
|t:|1769360736
|move|p1a: Samurott|Razor Shell|p2a: Arbok
|-damage|p2a: Arbok|0 fnt
|faint|p2a: Arbok
|
|upkeep
|
|t:|1769360738
|switch|p2a: Iron Boulder|Iron Boulder, tera:Fighting|23/100
|turn|19
|
|t:|1769360745
|move|p2a: Iron Boulder|Mighty Cleave|p1a: Samurott
|-damage|p1a: Samurott|0 fnt
|faint|p1a: Samurott
|
|upkeep
|
|t:|1769360749
|switch|p1a: Deoxys|Deoxys-Speed|68/100
|-damage|p1a: Deoxys|56/100|[from] Stealth Rock
|-ability|p1a: Deoxys|Pressure
|turn|20
|
|t:|1769360753
|-terastallize|p1a: Deoxys|Fighting
|move|p1a: Deoxys|Psycho Boost|p2a: Iron Boulder
|-supereffective|p2a: Iron Boulder
|-damage|p2a: Iron Boulder|0 fnt
|-unboost|p1a: Deoxys|spa|2
|faint|p2a: Iron Boulder
|-end|p2a: Iron Boulder|Quark Drive|[silent]
|-damage|p1a: Deoxys|46/100|[from] item: Life Orb
|
|win|AxelTRK
|raw|AxelTRK's rating: 1085 &rarr; <strong>1111</strong><br />(+26 for winning)
|raw|thefunbegins's rating: 1075 &rarr; <strong>1054</strong><br />(-21 for losing)
|l|☆thefunbegins
|player|p2|
|l|☆AxelTRK
|player|p1|
