|j|☆Silvist
|j|☆dafrogger
|t:|1769296976
|gametype|singles
|player|p1|Silvist|hilbert-wonderlauncher|1498
|player|p2|dafrogger|bugcatcher-gen4dp|1511
|gen|9
|tier|[Gen 9] OU
|rated|
|rule|HP Percentage Mod: HP is shown in percentages
|rule|Endless Battle Clause: Forcing endless battles is banned
|rule|Species Clause: Limit one of each Pokémon
|rule|OHKO Clause: OHKO moves are banned
|rule|Evasion Items Clause: Evasion items are banned
|rule|Evasion Moves Clause: Evasion moves are banned
|rule|Evasion Abilities Clause: Evasion abilities are banned
|rule|Sleep Moves Clause: Sleep-inducing moves are banned
|clearpoke
|poke|p1|Araquanid, M|
|poke|p1|Dragonite, F|
|poke|p1|Kyurem|
|poke|p1|Raging Bolt|
|poke|p1|Gholdengo|
|poke|p1|Kingambit, M|
|poke|p2|Ninetales, M|
|poke|p2|Cinderace, M|
|poke|p2|Iron Crown|
|poke|p2|Walking Wake|
|poke|p2|Great Tusk|
|poke|p2|Zarude-Dada|
|teampreview
|
|t:|1769296992
|teamsize|p1|6
|teamsize|p2|6
|start
|switch|p1a: Araquanid|Araquanid, M|100/100
|switch|p2a: Zarude|Zarude-Dada|100/100
|turn|1
|
|t:|1769297006
|move|p2a: Zarude|Knock Off|p1a: Araquanid
|-damage|p1a: Araquanid|48/100
|-enditem|p1a: Araquanid|Custap Berry|[from] move: Knock Off|[of] p2a: Zarude
|move|p1a: Araquanid|Sticky Web|p2a: Zarude
|-sidestart|p2: dafrogger|move: Sticky Web
|
|upkeep
|turn|2
|
|t:|1769297012
|move|p2a: Zarude|Power Whip|p1a: Araquanid
|-damage|p1a: Araquanid|0 fnt
|faint|p1a: Araquanid
|
|upkeep
|
|t:|1769297022
|switch|p1a: Dragonite|Dragonite, F|100/100
|turn|3
|
|t:|1769297027
|move|p2a: Zarude|Knock Off|p1a: Dragonite
|-damage|p1a: Dragonite|75/100
|-enditem|p1a: Dragonite|Loaded Dice|[from] move: Knock Off|[of] p2a: Zarude
|move|p1a: Dragonite|Dragon Dance|p1a: Dragonite
|-boost|p1a: Dragonite|atk|1
|-boost|p1a: Dragonite|spe|1
|
|upkeep
|turn|4
|
|t:|1769297045
|switch|p2a: Great Tusk|Great Tusk|100/100
|-activate|p2a: Great Tusk|move: Sticky Web
|-unboost|p2a: Great Tusk|spe|1
|move|p1a: Dragonite|Dragon Dance|p1a: Dragonite
|-boost|p1a: Dragonite|atk|1
|-boost|p1a: Dragonite|spe|1
|
|upkeep
|turn|5
|
|t:|1769297060
|-terastallize|p1a: Dragonite|Fire
|move|p1a: Dragonite|Dragon Dance|p1a: Dragonite
|-boost|p1a: Dragonite|atk|1
|-boost|p1a: Dragonite|spe|1
|move|p2a: Great Tusk|Ice Spinner|p1a: Dragonite
|-resisted|p1a: Dragonite
|-damage|p1a: Dragonite|61/100
|
|upkeep
|turn|6
|
|t:|1769297068
|-end|p2a: Great Tusk|Protosynthesis|[silent]
|switch|p2a: Ninetales|Ninetales, M|100/100
|-activate|p2a: Ninetales|move: Sticky Web
|-unboost|p2a: Ninetales|spe|1
|-weather|SunnyDay|[from] ability: Drought|[of] p2a: Ninetales
|move|p1a: Dragonite|Encore||[still]
|-fail|p1a: Dragonite
|
|-weather|SunnyDay|[upkeep]
|upkeep
|turn|7
|
|t:|1769297076
|move|p1a: Dragonite|Scale Shot|p2a: Ninetales
|-crit|p2a: Ninetales
|-damage|p2a: Ninetales|20/100
|-damage|p2a: Ninetales|0 fnt
|faint|p2a: Ninetales
|-hitcount|p2: Ninetales|2
|-unboost|p1a: Dragonite|def|1
|-boost|p1a: Dragonite|spe|1
|
|-weather|SunnyDay|[upkeep]
|upkeep
|
|t:|1769297086
|switch|p2a: Walking Wake|Walking Wake|100/100
|-activate|p2a: Walking Wake|move: Sticky Web
|-unboost|p2a: Walking Wake|spe|1
|-activate|p2a: Walking Wake|ability: Protosynthesis
|-start|p2a: Walking Wake|protosynthesisspa
|turn|8
|
|t:|1769297091
|move|p1a: Dragonite|Scale Shot|p2a: Walking Wake
|-supereffective|p2a: Walking Wake
|-damage|p2a: Walking Wake|23/100
|-supereffective|p2a: Walking Wake
|-damage|p2a: Walking Wake|0 fnt
|faint|p2a: Walking Wake
|-end|p2a: Walking Wake|Protosynthesis|[silent]
|-hitcount|p2: Walking Wake|2
|-unboost|p1a: Dragonite|def|1
|-boost|p1a: Dragonite|spe|1
|
|-weather|SunnyDay|[upkeep]
|upkeep
|
|t:|1769297100
|switch|p2a: Zarude|Zarude-Dada|100/100
|-activate|p2a: Zarude|move: Sticky Web
|-unboost|p2a: Zarude|spe|1
|turn|9
|
|t:|1769297106
|-terastallize|p2a: Zarude|Fire
|move|p1a: Dragonite|Fire Punch|p2a: Zarude
|-resisted|p2a: Zarude
|-damage|p2a: Zarude|21/100
|move|p2a: Zarude|Knock Off|p1a: Dragonite
|-damage|p1a: Dragonite|0 fnt
|faint|p1a: Dragonite
|
|-weather|SunnyDay|[upkeep]
|-heal|p2a: Zarude|27/100|[from] item: Leftovers
|upkeep
|
|t:|1769297119
|switch|p1a: Raging Bolt|Raging Bolt|100/100
|-activate|p1a: Raging Bolt|ability: Protosynthesis
|-start|p1a: Raging Bolt|protosynthesisspa
|turn|10
|
|t:|1769297123
|switch|p2a: Iron Crown|Iron Crown|100/100
|-activate|p2a: Iron Crown|move: Sticky Web
|-unboost|p2a: Iron Crown|spe|1
|move|p1a: Raging Bolt|Dragon Pulse|p2a: Iron Crown
|-resisted|p2a: Iron Crown
|-damage|p2a: Iron Crown|78/100
|
|-weather|SunnyDay|[upkeep]
|upkeep
|turn|11
|
|t:|1769297131
|move|p1a: Raging Bolt|Calm Mind|p1a: Raging Bolt
|-boost|p1a: Raging Bolt|spa|1
|-boost|p1a: Raging Bolt|spd|1
|move|p2a: Iron Crown|Volt Switch|p1a: Raging Bolt
|-resisted|p1a: Raging Bolt
|-damage|p1a: Raging Bolt|97/100
|
|t:|1769297135
|-end|p2a: Iron Crown|Quark Drive|[silent]
|switch|p2a: Cinderace|Cinderace, M|100/100|[from] Volt Switch
|
|-weather|SunnyDay|[upkeep]
|upkeep
|turn|12
|
|t:|1769297141
|move|p2a: Cinderace|Court Change|p2a: Cinderace
|-start|p2a: Cinderace|typechange|Normal|[from] ability: Libero
|-swapsideconditions
|-activate|p2a: Cinderace|move: Court Change
|move|p1a: Raging Bolt|Thunderbolt|p2a: Cinderace
|-damage|p2a: Cinderace|0 fnt
|faint|p2a: Cinderace
|
|-weather|SunnyDay|[upkeep]
|upkeep
|
|t:|1769297143
|switch|p2a: Great Tusk|Great Tusk|100/100
|-activate|p2a: Great Tusk|ability: Protosynthesis
|-start|p2a: Great Tusk|protosynthesisatk
|turn|13
|
|t:|1769297151
|move|p2a: Great Tusk|Headlong Rush|p1a: Raging Bolt
|-supereffective|p1a: Raging Bolt
|-damage|p1a: Raging Bolt|0 fnt
|-unboost|p2a: Great Tusk|def|1
|-unboost|p2a: Great Tusk|spd|1
|faint|p1a: Raging Bolt
|-end|p1a: Raging Bolt|Protosynthesis|[silent]
|
|-weather|none
|-end|p2a: Great Tusk|Protosynthesis
|upkeep
|
|t:|1769297163
|switch|p1a: Gholdengo|Gholdengo|100/100
|-item|p1a: Gholdengo|Air Balloon
|turn|14
|
|t:|1769297168
|-end|p2a: Great Tusk|Protosynthesis|[silent]
|switch|p2a: Iron Crown|Iron Crown|78/100
|move|p1a: Gholdengo|Shadow Ball|p2a: Iron Crown
|-supereffective|p2a: Iron Crown
|-damage|p2a: Iron Crown|23/100
|-unboost|p2a: Iron Crown|spd|1
|
|upkeep
|turn|15
|
|t:|1769297185
|switch|p1a: Kingambit|Kingambit, M|100/100
|-activate|p1a: Kingambit|move: Sticky Web
|-unboost|p1a: Kingambit|spe|1
|-activate|p1a: Kingambit|ability: Supreme Overlord
|-start|p1a: Kingambit|fallen3|[silent]
|move|p2a: Iron Crown|Volt Switch|p1a: Kingambit
|-damage|p1a: Kingambit|74/100
|
|t:|1769297189
|-end|p2a: Iron Crown|Quark Drive|[silent]
|switch|p2a: Great Tusk|Great Tusk|100/100|[from] Volt Switch
|
|upkeep
|turn|16
|
|t:|1769297214
|-end|p1a: Kingambit|fallen3|[silent]
|switch|p1a: Kyurem|Kyurem|100/100
|-activate|p1a: Kyurem|move: Sticky Web
|-unboost|p1a: Kyurem|spe|1
|-ability|p1a: Kyurem|Pressure
|move|p2a: Great Tusk|Ice Spinner|p1a: Kyurem
|-damage|p1a: Kyurem|72/100
|
|upkeep
|turn|17
|
|t:|1769297235
|-end|p2a: Great Tusk|Protosynthesis|[silent]
|switch|p2a: Iron Crown|Iron Crown|23/100
|move|p1a: Kyurem|Ice Beam|p2a: Iron Crown
|-resisted|p2a: Iron Crown
|-damage|p2a: Iron Crown|0 fnt
|faint|p2a: Iron Crown
|-end|p2a: Iron Crown|Quark Drive|[silent]
|
|upkeep
|
|t:|1769297238
|switch|p2a: Zarude|Zarude-Dada, tera:Fire|27/100
|turn|18
|
|t:|1769297244
|move|p2a: Zarude|Knock Off|p1a: Kyurem
|-damage|p1a: Kyurem|25/100
|-enditem|p1a: Kyurem|Choice Specs|[from] move: Knock Off|[of] p2a: Zarude
|move|p1a: Kyurem|Ice Beam|p2a: Zarude
|-resisted|p2a: Zarude
|-damage|p2a: Zarude|3/100
|
|-heal|p2a: Zarude|9/100|[from] item: Leftovers
|upkeep
|turn|19
|
|t:|1769297253
|move|p2a: Zarude|Knock Off|p1a: Kyurem
|-damage|p1a: Kyurem|0 fnt
|faint|p1a: Kyurem
|
|-heal|p2a: Zarude|15/100|[from] item: Leftovers
|upkeep
|
|t:|1769297269
|switch|p1a: Kingambit|Kingambit, M|74/100
|-activate|p1a: Kingambit|move: Sticky Web
|-unboost|p1a: Kingambit|spe|1
|-activate|p1a: Kingambit|ability: Supreme Overlord
|-start|p1a: Kingambit|fallen4|[silent]
|turn|20
|
|t:|1769297278
|switch|p2a: Great Tusk|Great Tusk|100/100
|move|p1a: Kingambit|Iron Head|p2a: Great Tusk
|-damage|p2a: Great Tusk|55/100
|
|upkeep
|turn|21
|
|t:|1769297298
|-end|p2a: Great Tusk|Protosynthesis|[silent]
|switch|p2a: Zarude|Zarude-Dada, tera:Fire|15/100
|move|p1a: Kingambit|Iron Head|p2a: Zarude
|-resisted|p2a: Zarude
|-damage|p2a: Zarude|0 fnt
|faint|p2a: Zarude
|
|upkeep
|
|t:|1769297301
|switch|p2a: Great Tusk|Great Tusk|55/100
|turn|22
|-message|dafrogger forfeited.
|
|win|Silvist
|raw|Silvist's rating: 1498 &rarr; <strong>1519</strong><br />(+21 for winning)
|raw|dafrogger's rating: 1511 &rarr; <strong>1490</strong><br />(-21 for losing)
|l|☆dafrogger
|player|p2|
