|j|☆Nomongou
|j|☆snitker
|t:|1769295406
|gametype|singles
|player|p1|Nomongou|steven|1078
|player|p2|snitker|pokefan-gen4|1073
|gen|9
|tier|[Gen 9] OU
|rated|
|rule|HP Percentage Mod: HP is shown in percentages
|rule|Endless Battle Clause: Forcing endless battles is banned
|rule|Species Clause: Limit one of each Pokémon
|rule|OHKO Clause: OHKO moves are banned
|rule|Evasion Items Clause: Evasion items are banned
|rule|Evasion Moves Clause: Evasion moves are banned
|rule|Evasion Abilities Clause: Evasion abilities are banned
|rule|Sleep Moves Clause: Sleep-inducing moves are banned
|clearpoke
|poke|p1|Lucario, F|
|poke|p1|Skeledirge, F|
|poke|p1|Weavile, F|
|poke|p1|Gardevoir, F|
|poke|p1|Garganacl, F|
|poke|p1|Toedscruel, F|
|poke|p2|Slowking-Galar, M|
|poke|p2|Landorus-Therian, M|
|poke|p2|Meloetta|
|poke|p2|Meowscarada, M|
|poke|p2|Darkrai|
|poke|p2|Perrserker, M|
|teampreview
|inactive|Battle timer is ON: inactive players will automatically lose when time's up. (requested by snitker)
|
|t:|1769295422
|teamsize|p1|6
|teamsize|p2|6
|start
|switch|p1a: Weavile|Weavile, F|100/100
|switch|p2a: Landorus|Landorus-Therian, M|100/100
|-ability|p2a: Landorus|Intimidate|boost
|-unboost|p1a: Weavile|atk|1
|-ability|p1a: Weavile|Pressure
|turn|1
|
|t:|1769295432
|move|p2a: Landorus|U-turn|p1a: Weavile
|-supereffective|p1a: Weavile
|-damage|p1a: Weavile|0 fnt
|faint|p1a: Weavile
|
|t:|1769295437
|switch|p2a: Meowscarada|Meowscarada, M|100/100|[from] U-turn
|
|upkeep
|
|t:|1769295446
|switch|p1a: Skeledirge|Skeledirge, F|100/100
|turn|2
|
|t:|1769295462
|-terastallize|p1a: Skeledirge|Grass
|move|p2a: Meowscarada|U-turn|p1a: Skeledirge
|-start|p2a: Meowscarada|typechange|Bug|[from] ability: Protean
|-supereffective|p1a: Skeledirge
|-damage|p1a: Skeledirge|25/100
|
|t:|1769295470
|switch|p2a: Meloetta|Meloetta|100/100|[from] U-turn
|move|p1a: Skeledirge|Torch Song|p2a: Meloetta
|-damage|p2a: Meloetta|83/100
|-boost|p1a: Skeledirge|spa|1
|
|-heal|p1a: Skeledirge|31/100|[from] item: Leftovers
|upkeep
|turn|3
|
|t:|1769295489
|switch|p1a: Gardevoir|Gardevoir, F|100/100
|move|p2a: Meloetta|Relic Song|p1a: Gardevoir
|-damage|p1a: Gardevoir|56/100
|-formechange|p2a: Meloetta|Meloetta-Pirouette|[msg]
|
|upkeep
|turn|4
|
|t:|1769295500
|move|p2a: Meloetta|Relic Song|p1a: Gardevoir
|-damage|p1a: Gardevoir|22/100
|-formechange|p2a: Meloetta|Meloetta|[msg]
|move|p1a: Gardevoir|Moonblast|p2a: Meloetta
|-damage|p2a: Meloetta|60/100
|-unboost|p2a: Meloetta|spa|1
|-heal|p1a: Gardevoir|26/100|[from] item: Shell Bell|[of] p2a: Meloetta
|
|upkeep
|turn|5
|inactive|snitker has 120 seconds left.
|
|t:|1769295521
|switch|p2a: Perrserker|Perrserker, M|100/100
|switch|p1a: Garganacl|Garganacl, F|100/100
|
|upkeep
|turn|6
|
|t:|1769295534
|move|p2a: Perrserker|Fake Out|p1a: Garganacl
|-resisted|p1a: Garganacl
|-damage|p1a: Garganacl|97/100
|-damage|p2a: Perrserker|84/100|[from] item: Rocky Helmet|[of] p1a: Garganacl
|cant|p1a: Garganacl|flinch
|
|-heal|p2a: Perrserker|90/100|[from] item: Leftovers
|upkeep
|turn|7
|
|t:|1769295544
|move|p2a: Perrserker|Stealth Rock|p1a: Garganacl
|-sidestart|p1: Nomongou|move: Stealth Rock
|move|p1a: Garganacl|Iron Defense|p1a: Garganacl
|-boost|p1a: Garganacl|def|2
|
|-heal|p2a: Perrserker|96/100|[from] item: Leftovers
|upkeep
|turn|8
|
|t:|1769295554
|move|p2a: Perrserker|U-turn|p1a: Garganacl
|-damage|p1a: Garganacl|91/100
|-damage|p2a: Perrserker|80/100|[from] item: Rocky Helmet|[of] p1a: Garganacl
|
|t:|1769295569
|switch|p2a: Meloetta|Meloetta|60/100|[from] U-turn
|move|p1a: Garganacl|Iron Defense|p1a: Garganacl
|-boost|p1a: Garganacl|def|2
|
|upkeep
|turn|9
|
|t:|1769295580
|move|p2a: Meloetta|Focus Blast|p1a: Garganacl
|-supereffective|p1a: Garganacl
|-damage|p1a: Garganacl|17/100
|move|p1a: Garganacl|Salt Cure|p2a: Meloetta
|-damage|p2a: Meloetta|45/100
|-start|p2a: Meloetta|Salt Cure
|
|-damage|p2a: Meloetta|32/100|[from] Salt Cure
|upkeep
|turn|10
|
|t:|1769295596
|switch|p1a: Gardevoir|Gardevoir, F|26/100
|-damage|p1a: Gardevoir|14/100|[from] Stealth Rock
|move|p2a: Meloetta|Psychic|p1a: Gardevoir
|-resisted|p1a: Gardevoir
|-damage|p1a: Gardevoir|0 fnt
|faint|p1a: Gardevoir
|
|-damage|p2a: Meloetta|20/100|[from] Salt Cure
|upkeep
|
|t:|1769295607
|switch|p1a: Lucario|Lucario, F|100/100
|-damage|p1a: Lucario|98/100|[from] Stealth Rock
|turn|11
|
|t:|1769295622
|switch|p2a: Landorus|Landorus-Therian, M|100/100
|-ability|p2a: Landorus|Intimidate|boost
|-fail|p1a: Lucario|unboost|Attack|[from] ability: Inner Focus|[of] p1a: Lucario
|move|p1a: Lucario|Dragon Pulse|p2a: Landorus
|-damage|p2a: Landorus|65/100
|
|upkeep
|turn|12
|
|t:|1769295633
|switch|p1a: Toedscruel|Toedscruel, F|100/100
|-damage|p1a: Toedscruel|95/100|[from] Stealth Rock
|-terastallize|p2a: Landorus|Ground
|move|p2a: Landorus|Earthquake|p1a: Toedscruel
|-resisted|p1a: Toedscruel
|-damage|p1a: Toedscruel|24/100
|
|upkeep
|turn|13
|
|t:|1769295644
|move|p2a: Landorus|Earthquake|p1a: Toedscruel
|-resisted|p1a: Toedscruel
|-damage|p1a: Toedscruel|0 fnt
|faint|p1a: Toedscruel
|
|upkeep
|c|☆snitker|Gg
|
|t:|1769295652
|switch|p1a: Skeledirge|Skeledirge, F, tera:Grass|31/100
|-damage|p1a: Skeledirge|18/100|[from] Stealth Rock
|turn|14
|
|t:|1769295657
|move|p2a: Landorus|Earthquake|p1a: Skeledirge
|-resisted|p1a: Skeledirge
|-damage|p1a: Skeledirge|0 fnt
|faint|p1a: Skeledirge
|
|upkeep
|
|t:|1769295662
|switch|p1a: Lucario|Lucario, F|98/100
|-damage|p1a: Lucario|95/100|[from] Stealth Rock
|turn|15
|
|t:|1769295668
|move|p2a: Landorus|Earthquake|p1a: Lucario
|-supereffective|p1a: Lucario
|-damage|p1a: Lucario|0 fnt
|faint|p1a: Lucario
|
|upkeep
|
|t:|1769295674
|switch|p1a: Garganacl|Garganacl, F|17/100
|-damage|p1a: Garganacl|5/100|[from] Stealth Rock
|turn|16
|
|t:|1769295679
|move|p2a: Landorus|Earthquake|p1a: Garganacl
|-supereffective|p1a: Garganacl
|-damage|p1a: Garganacl|0 fnt
|faint|p1a: Garganacl
|
|win|snitker
|raw|Nomongou's rating: 1078 &rarr; <strong>1056</strong><br />(-22 for losing)
|raw|snitker's rating: 1073 &rarr; <strong>1102</strong><br />(+29 for winning)
|l|☆snitker
|player|p2|
