|j|☆IamGlup
|j|‽Pingunos117
|t:|1769441707
|gametype|singles
|player|p1|IamGlup|harlequin|1523
|player|p2|Pingunos117|rosa|1513
|gen|9
|tier|[Gen 9] OU
|rated|
|rule|HP Percentage Mod: HP is shown in percentages
|rule|Endless Battle Clause: Forcing endless battles is banned
|rule|Species Clause: Limit one of each Pokémon
|rule|OHKO Clause: OHKO moves are banned
|rule|Evasion Items Clause: Evasion items are banned
|rule|Evasion Moves Clause: Evasion moves are banned
|rule|Evasion Abilities Clause: Evasion abilities are banned
|rule|Sleep Moves Clause: Sleep-inducing moves are banned
|clearpoke
|poke|p1|Landorus-Therian, M|
|poke|p1|Samurott-Hisui, M|
|poke|p1|Pecharunt|
|poke|p1|Scizor, M|
|poke|p1|Latios, M|
|poke|p1|Zamazenta-*|
|poke|p2|Moltres-Galar|
|poke|p2|Ceruledge, F|
|poke|p2|Latias, F|
|poke|p2|Great Tusk|
|poke|p2|Uxie|
|poke|p2|Gholdengo|
|teampreview
|inactive|Battle timer is ON: inactive players will automatically lose when time's up. (requested by IamGlup)
|
|t:|1769441711
|teamsize|p1|6
|teamsize|p2|6
|start
|switch|p1a: Samurott|Samurott-Hisui, M|100/100
|switch|p2a: Uxie|Uxie, shiny|100/100
|turn|1
|
|t:|1769441716
|move|p2a: Uxie|Reflect|p2a: Uxie
|-sidestart|p2: Pingunos117|Reflect
|move|p1a: Samurott|Ceaseless Edge|p2a: Uxie
|-supereffective|p2a: Uxie
|-damage|p2a: Uxie|60/100
|-sidestart|p2: Pingunos117|Spikes
|
|upkeep
|turn|2
|
|t:|1769441719
|move|p2a: Uxie|Light Screen|p2a: Uxie
|-sidestart|p2: Pingunos117|move: Light Screen
|move|p1a: Samurott|Ceaseless Edge|p2a: Uxie
|-supereffective|p2a: Uxie
|-crit|p2a: Uxie
|-damage|p2a: Uxie|0 fnt
|-sidestart|p2: Pingunos117|Spikes
|faint|p2a: Uxie
|
|upkeep
|
|t:|1769441724
|switch|p2a: Great Tusk|Great Tusk, shiny|100/100
|-damage|p2a: Great Tusk|84/100|[from] Spikes
|-enditem|p2a: Great Tusk|Booster Energy
|-activate|p2a: Great Tusk|ability: Protosynthesis|[fromitem]
|-start|p2a: Great Tusk|protosynthesisatk
|turn|3
|
|t:|1769441728
|switch|p1a: Pecharunt|Pecharunt|100/100
|move|p2a: Great Tusk|Rapid Spin|p1a: Pecharunt
|-immune|p1a: Pecharunt
|
|upkeep
|turn|4
|
|t:|1769441731
|move|p1a: Pecharunt|Parting Shot|p2a: Great Tusk
|-unboost|p2a: Great Tusk|atk|1
|-unboost|p2a: Great Tusk|spa|1
|
|t:|1769441734
|switch|p1a: Landorus|Landorus-Therian, M|100/100|[from] Parting Shot
|-ability|p1a: Landorus|Intimidate|boost
|-unboost|p2a: Great Tusk|atk|1
|move|p2a: Great Tusk|Bulk Up|p2a: Great Tusk
|-boost|p2a: Great Tusk|atk|1
|-boost|p2a: Great Tusk|def|1
|
|upkeep
|turn|5
|
|t:|1769441753
|switch|p1a: Pecharunt|Pecharunt|100/100
|move|p2a: Great Tusk|Rapid Spin|p1a: Pecharunt
|-immune|p1a: Pecharunt
|
|upkeep
|turn|6
|
|t:|1769441759
|move|p1a: Pecharunt|Shadow Ball|p2a: Great Tusk
|-damage|p2a: Great Tusk|67/100
|-unboost|p2a: Great Tusk|spd|1
|move|p2a: Great Tusk|Bulk Up|p2a: Great Tusk
|-boost|p2a: Great Tusk|atk|1
|-boost|p2a: Great Tusk|def|1
|
|upkeep
|turn|7
|
|t:|1769441774
|move|p1a: Pecharunt|Shadow Ball|p2a: Great Tusk
|-damage|p2a: Great Tusk|37/100
|move|p2a: Great Tusk|Headlong Rush|p1a: Pecharunt
|-supereffective|p1a: Pecharunt
|-damage|p1a: Pecharunt|0 fnt
|-unboost|p2a: Great Tusk|def|1
|-unboost|p2a: Great Tusk|spd|1
|faint|p1a: Pecharunt
|
|upkeep
|
|t:|1769441781
|switch|p1a: Latios|Latios, M|100/100
|turn|8
|
|t:|1769441784
|move|p1a: Latios|Psychic Noise|p2a: Great Tusk
|-supereffective|p2a: Great Tusk
|-damage|p2a: Great Tusk|0 fnt
|faint|p2a: Great Tusk
|-end|p2a: Great Tusk|Protosynthesis|[silent]
|
|-sideend|p2: Pingunos117|Reflect
|upkeep
|
|t:|1769441791
|switch|p2a: Moltres|Moltres-Galar, shiny|100/100
|turn|9
|
|t:|1769441800
|-terastallize|p1a: Latios|Steel
|move|p1a: Latios|Calm Mind|p1a: Latios
|-boost|p1a: Latios|spa|1
|-boost|p1a: Latios|spd|1
|move|p2a: Moltres|Agility|p2a: Moltres
|-boost|p2a: Moltres|spe|2
|
|-sideend|p2: Pingunos117|move: Light Screen
|upkeep
|turn|10
|
|t:|1769441806
|move|p2a: Moltres|Nasty Plot|p2a: Moltres
|-boost|p2a: Moltres|spa|2
|move|p1a: Latios|Draco Meteor|p2a: Moltres
|-damage|p2a: Moltres|0 fnt
|-unboost|p1a: Latios|spa|2
|faint|p2a: Moltres
|
|upkeep
|
|t:|1769441813
|switch|p2a: Ceruledge|Ceruledge, F|100/100
|-damage|p2a: Ceruledge|84/100|[from] Spikes
|turn|11
|
|t:|1769441819
|switch|p1a: Samurott|Samurott-Hisui, M|100/100
|move|p2a: Ceruledge|Bitter Blade|p1a: Samurott
|-resisted|p1a: Samurott
|-damage|p1a: Samurott|63/100
|-heal|p2a: Ceruledge|100/100|[from] drain|[of] p1a: Samurott
|-damage|p2a: Ceruledge|91/100|[from] item: Life Orb
|
|upkeep
|turn|12
|-message|Pingunos117 forfeited.
|
|win|IamGlup
|raw|IamGlup's rating: 1523 &rarr; <strong>1542</strong><br />(+19 for winning)
|raw|Pingunos117's rating: 1513 &rarr; <strong>1494</strong><br />(-19 for losing)
|l|‽Pingunos117
|player|p2|
|l|☆IamGlup
|player|p1|
