|j|☆Teefryingpan
|j|‽kayjulers
|t:|1769308774
|gametype|singles
|player|p1|Teefryingpan|101|1590
|player|p2|kayjulers|clair|1521
|gen|9
|tier|[Gen 9] OU
|rated|
|rule|HP Percentage Mod: HP is shown in percentages
|rule|Endless Battle Clause: Forcing endless battles is banned
|rule|Species Clause: Limit one of each Pokémon
|rule|OHKO Clause: OHKO moves are banned
|rule|Evasion Items Clause: Evasion items are banned
|rule|Evasion Moves Clause: Evasion moves are banned
|rule|Evasion Abilities Clause: Evasion abilities are banned
|rule|Sleep Moves Clause: Sleep-inducing moves are banned
|clearpoke
|poke|p1|Samurott-Hisui, F|
|poke|p1|Dragapult, F|
|poke|p1|Enamorus, F|
|poke|p1|Scizor, F|
|poke|p1|Iron Treads|
|poke|p1|Ogerpon-Wellspring, F|
|poke|p2|Raging Bolt|
|poke|p2|Hydrapple, F|
|poke|p2|Cryogonal|
|poke|p2|Landorus-Therian, M|
|poke|p2|Enamorus, F|
|poke|p2|Kingambit, F|
|teampreview
|inactive|Battle timer is ON: inactive players will automatically lose when time's up. (requested by Teefryingpan)
|
|t:|1769308782
|teamsize|p1|6
|teamsize|p2|6
|start
|switch|p1a: Samurott|Samurott-Hisui, F|100/100
|switch|p2a: Hydrapple|Hydrapple, F|100/100
|turn|1
|
|t:|1769308786
|switch|p1a: Scizor|Scizor, F|100/100
|move|p2a: Hydrapple|Leaf Storm|p1a: Scizor
|-resisted|p1a: Scizor
|-damage|p1a: Scizor|76/100
|-unboost|p2a: Hydrapple|spa|2
|
|upkeep
|turn|2
|
|t:|1769308792
|switch|p2a: Landorus|Landorus-Therian, M|100/100
|-ability|p2a: Landorus|Intimidate|boost
|-unboost|p1a: Scizor|atk|1
|move|p1a: Scizor|Knock Off|p2a: Landorus
|-damage|p2a: Landorus|75/100
|-damage|p1a: Scizor|59/100|[from] item: Rocky Helmet|[of] p2a: Landorus
|-enditem|p2a: Landorus|Rocky Helmet|[from] move: Knock Off|[of] p1a: Scizor
|
|upkeep
|turn|3
|
|t:|1769308804
|switch|p1a: Enamorus|Enamorus, F|100/100
|move|p2a: Landorus|U-turn|p1a: Enamorus
|-resisted|p1a: Enamorus
|-damage|p1a: Enamorus|92/100
|
|t:|1769308813
|switch|p2a: Cryogonal|Cryogonal|100/100|[from] U-turn
|
|upkeep
|turn|4
|
|t:|1769308817
|move|p1a: Enamorus|Mystical Fire|p2a: Cryogonal
|-supereffective|p2a: Cryogonal
|-damage|p2a: Cryogonal|64/100
|-unboost|p2a: Cryogonal|spa|1
|move|p2a: Cryogonal|Freeze-Dry|p1a: Enamorus
|-supereffective|p1a: Enamorus
|-damage|p1a: Enamorus|49/100
|
|upkeep
|turn|5
|
|t:|1769308828
|switch|p1a: Scizor|Scizor, F|59/100
|move|p2a: Cryogonal|Recover|p2a: Cryogonal
|-heal|p2a: Cryogonal|100/100
|
|upkeep
|turn|6
|
|t:|1769308833
|switch|p2a: Landorus|Landorus-Therian, M|75/100
|-ability|p2a: Landorus|Intimidate|boost
|-unboost|p1a: Scizor|atk|1
|move|p1a: Scizor|U-turn|p2a: Landorus
|-resisted|p2a: Landorus
|-damage|p2a: Landorus|63/100
|
|t:|1769308836
|switch|p1a: Ogerpon|Ogerpon-Wellspring, F|100/100|[from] U-turn
|
|upkeep
|turn|7
|
|t:|1769308843
|switch|p2a: Hydrapple|Hydrapple, F|100/100
|move|p1a: Ogerpon|Knock Off|p2a: Hydrapple
|-damage|p2a: Hydrapple|70/100
|-enditem|p2a: Hydrapple|Assault Vest|[from] move: Knock Off|[of] p1a: Ogerpon
|
|upkeep
|turn|8
|
|t:|1769308851
|switch|p1a: Scizor|Scizor, F|59/100
|move|p2a: Hydrapple|Fickle Beam|p1a: Scizor|[anim] Fickle Beam All Out
|-activate|p2a: Hydrapple|move: Fickle Beam
|-resisted|p1a: Scizor
|-damage|p1a: Scizor|0 fnt
|faint|p1a: Scizor
|
|upkeep
|
|t:|1769308855
|switch|p1a: Dragapult|Dragapult, F|100/100
|turn|9
|
|t:|1769308862
|switch|p2a: Cryogonal|Cryogonal|100/100
|move|p1a: Dragapult|U-turn|p2a: Cryogonal
|-damage|p2a: Cryogonal|79/100
|
|t:|1769308870
|switch|p1a: Iron Treads|Iron Treads|100/100|[from] U-turn
|
|upkeep
|turn|10
|
|t:|1769308881
|switch|p2a: Landorus|Landorus-Therian, M|63/100
|-ability|p2a: Landorus|Intimidate|boost
|-unboost|p1a: Iron Treads|atk|1
|move|p1a: Iron Treads|Stealth Rock|p2a: Landorus
|-sidestart|p2: kayjulers|move: Stealth Rock
|
|upkeep
|turn|11
|
|t:|1769308884
|move|p1a: Iron Treads|Ice Spinner|p2a: Landorus
|-supereffective|p2a: Landorus
|-damage|p2a: Landorus|22/100
|move|p2a: Landorus|Stealth Rock|p1a: Iron Treads
|-sidestart|p1: Teefryingpan|move: Stealth Rock
|
|upkeep
|turn|12
|
|t:|1769308889
|move|p1a: Iron Treads|Ice Spinner|p2a: Landorus
|-supereffective|p2a: Landorus
|-damage|p2a: Landorus|0 fnt
|faint|p2a: Landorus
|
|upkeep
|
|t:|1769308892
|switch|p2a: Hydrapple|Hydrapple, F|100/100
|-damage|p2a: Hydrapple|88/100|[from] Stealth Rock
|turn|13
|
|t:|1769308904
|move|p1a: Iron Treads|Rapid Spin|p2a: Hydrapple
|-damage|p2a: Hydrapple|81/100
|-boost|p1a: Iron Treads|spe|1
|-sideend|p1: Teefryingpan|Stealth Rock|[from] move: Rapid Spin|[of] p1a: Iron Treads
|move|p2a: Hydrapple|Leaf Storm|p1a: Iron Treads
|-damage|p1a: Iron Treads|13/100
|-unboost|p2a: Hydrapple|spa|2
|
|upkeep
|turn|14
|
|t:|1769308910
|move|p1a: Iron Treads|Ice Spinner|p2a: Hydrapple
|-supereffective|p2a: Hydrapple
|-damage|p2a: Hydrapple|41/100
|move|p2a: Hydrapple|Hydro Pump|p1a: Iron Treads
|-supereffective|p1a: Iron Treads
|-damage|p1a: Iron Treads|0 fnt
|faint|p1a: Iron Treads
|-end|p1a: Iron Treads|Quark Drive|[silent]
|
|upkeep
|
|t:|1769308916
|switch|p1a: Samurott|Samurott-Hisui, F|100/100
|turn|15
|
|t:|1769308920
|switch|p2a: Kingambit|Kingambit, F|100/100
|-damage|p2a: Kingambit|94/100|[from] Stealth Rock
|-activate|p2a: Kingambit|ability: Supreme Overlord
|-start|p2a: Kingambit|fallen1|[silent]
|move|p1a: Samurott|Ceaseless Edge|p2a: Kingambit|[miss]
|-miss|p1a: Samurott|p2a: Kingambit
|
|upkeep
|turn|16
|
|t:|1769308932
|move|p1a: Samurott|Ceaseless Edge|p2a: Kingambit
|-resisted|p2a: Kingambit
|-damage|p2a: Kingambit|76/100
|-sidestart|p2: kayjulers|Spikes
|move|p2a: Kingambit|Kowtow Cleave|p1a: Samurott
|-resisted|p1a: Samurott
|-crit|p1a: Samurott
|-damage|p1a: Samurott|34/100
|-damage|p2a: Kingambit|60/100|[from] item: Rocky Helmet|[of] p1a: Samurott
|
|upkeep
|turn|17
|
|t:|1769308938
|move|p1a: Samurott|Ceaseless Edge|p2a: Kingambit
|-resisted|p2a: Kingambit
|-damage|p2a: Kingambit|41/100
|-sidestart|p2: kayjulers|Spikes
|move|p2a: Kingambit|Kowtow Cleave|p1a: Samurott
|-resisted|p1a: Samurott
|-damage|p1a: Samurott|0 fnt
|-damage|p2a: Kingambit|24/100|[from] item: Rocky Helmet|[of] p1a: Samurott
|faint|p1a: Samurott
|
|upkeep
|
|t:|1769308948
|switch|p1a: Dragapult|Dragapult, F|100/100
|turn|18
|
|t:|1769308956
|move|p1a: Dragapult|Flamethrower|p2a: Kingambit
|-supereffective|p2a: Kingambit
|-damage|p2a: Kingambit|0 fnt
|faint|p2a: Kingambit
|-end|p2a: Kingambit|fallen1|[silent]
|
|upkeep
|
|t:|1769308958
|switch|p2a: Cryogonal|Cryogonal|79/100
|turn|19
|
|t:|1769308964
|move|p1a: Dragapult|Flamethrower|p2a: Cryogonal
|-supereffective|p2a: Cryogonal
|-damage|p2a: Cryogonal|25/100
|move|p2a: Cryogonal|Freeze-Dry|p1a: Dragapult
|-supereffective|p1a: Dragapult
|-damage|p1a: Dragapult|36/100
|
|upkeep
|turn|20
|
|t:|1769308975
|-terastallize|p2a: Cryogonal|Electric
|move|p1a: Dragapult|Flamethrower|p2a: Cryogonal
|-damage|p2a: Cryogonal|0 fnt
|faint|p2a: Cryogonal
|
|upkeep
|
|t:|1769308980
|switch|p2a: Enamorus|Enamorus, F|100/100
|-damage|p2a: Enamorus|76/100|[from] Stealth Rock
|turn|21
|
|t:|1769308990
|move|p2a: Enamorus|Moonblast|p1a: Dragapult
|-supereffective|p1a: Dragapult
|-crit|p1a: Dragapult
|-damage|p1a: Dragapult|0 fnt
|faint|p1a: Dragapult
|
|upkeep
|j| wyjmjl
|
|t:|1769309004
|switch|p1a: Ogerpon|Ogerpon-Wellspring, F|100/100
|turn|22
|
|t:|1769309018
|switch|p2a: Hydrapple|Hydrapple, F|74/100
|-damage|p2a: Hydrapple|62/100|[from] Stealth Rock
|-damage|p2a: Hydrapple|45/100|[from] Spikes
|move|p1a: Ogerpon|Swords Dance|p1a: Ogerpon
|-boost|p1a: Ogerpon|atk|2
|
|upkeep
|turn|23
|
|t:|1769309028
|move|p1a: Ogerpon|Knock Off|p2a: Hydrapple
|-damage|p2a: Hydrapple|6/100
|move|p2a: Hydrapple|Leaf Storm|p1a: Ogerpon
|-damage|p1a: Ogerpon|24/100
|-unboost|p2a: Hydrapple|spa|2
|
|upkeep
|turn|24
|
|t:|1769309033
|move|p1a: Ogerpon|Ivy Cudgel|p2a: Hydrapple|[anim] Ivy Cudgel Water
|-resisted|p2a: Hydrapple
|-damage|p2a: Hydrapple|0 fnt
|faint|p2a: Hydrapple
|
|upkeep
|
|t:|1769309050
|switch|p2a: Enamorus|Enamorus, F|76/100
|-damage|p2a: Enamorus|51/100|[from] Stealth Rock
|turn|25
|
|t:|1769309055
|move|p2a: Enamorus|Moonblast|p1a: Ogerpon
|-damage|p1a: Ogerpon|0 fnt
|faint|p1a: Ogerpon
|
|upkeep
|
|t:|1769309056
|switch|p1a: Enamorus|Enamorus, F|49/100
|turn|26
|
|t:|1769309059
|move|p2a: Enamorus|Moonblast|p1a: Enamorus
|-damage|p1a: Enamorus|0 fnt
|faint|p1a: Enamorus
|
|win|kayjulers
|raw|Teefryingpan's rating: 1590 &rarr; <strong>1566</strong><br />(-24 for losing)
|raw|kayjulers's rating: 1521 &rarr; <strong>1545</strong><br />(+24 for winning)
|l|‽kayjulers
|player|p2|
|l|☆Teefryingpan
|player|p1|
