|j|☆Denis Laporte
|j|☆Fox_PKMN
|t:|1769419889
|gametype|singles
|player|p1|Denis Laporte|102|1254
|player|p2|Fox_PKMN|burgh|1204
|gen|9
|tier|[Gen 9] OU
|rated|
|rule|HP Percentage Mod: HP is shown in percentages
|rule|Endless Battle Clause: Forcing endless battles is banned
|rule|Species Clause: Limit one of each Pokémon
|rule|OHKO Clause: OHKO moves are banned
|rule|Evasion Items Clause: Evasion items are banned
|rule|Evasion Moves Clause: Evasion moves are banned
|rule|Evasion Abilities Clause: Evasion abilities are banned
|rule|Sleep Moves Clause: Sleep-inducing moves are banned
|clearpoke
|poke|p1|Indeedee, M|
|poke|p1|Armarouge, M|
|poke|p1|Hatterene, F|
|poke|p1|Iron Valiant|
|poke|p1|Deoxys-Speed|
|poke|p1|Iron Crown|
|poke|p2|Dragapult, M|
|poke|p2|Porygon-Z|
|poke|p2|Cinderace, F|
|poke|p2|Iron Treads|
|poke|p2|Iron Valiant|
|poke|p2|Lokix, M|
|teampreview
|
|t:|1769419903
|teamsize|p1|6
|teamsize|p2|6
|start
|switch|p1a: Indeedee|Indeedee, M|100/100
|switch|p2a: Lokix|Lokix, M|100/100
|-fieldstart|move: Psychic Terrain|[from] ability: Psychic Surge|[of] p1a: Indeedee
|turn|1
|
|t:|1769419930
|switch|p1a: Iron Valiant|Iron Valiant|100/100
|-enditem|p1a: Iron Valiant|Booster Energy
|-activate|p1a: Iron Valiant|ability: Quark Drive|[fromitem]
|-start|p1a: Iron Valiant|quarkdrivespe
|move|p2a: Lokix|Knock Off|p1a: Iron Valiant
|-resisted|p1a: Iron Valiant
|-damage|p1a: Iron Valiant|71/100
|
|upkeep
|turn|2
|
|t:|1769419942
|switch|p2a: Stealth bomber|Dragapult, M|100/100
|move|p1a: Iron Valiant|Moonblast|p2a: Stealth bomber
|-supereffective|p2a: Stealth bomber
|-damage|p2a: Stealth bomber|0 fnt
|faint|p2a: Stealth bomber
|
|upkeep
|
|t:|1769419946
|switch|p2a: Porygon-Z|Porygon-Z|100/100
|-ability|p2a: Porygon-Z|Download|boost
|-boost|p2a: Porygon-Z|spa|1
|turn|3
|
|t:|1769419952
|-terastallize|p2a: Porygon-Z|Ghost
|move|p1a: Iron Valiant|Close Combat|p2a: Porygon-Z
|-immune|p2a: Porygon-Z
|move|p2a: Porygon-Z|Psyshock|p1a: Iron Valiant
|-supereffective|p1a: Iron Valiant
|-damage|p1a: Iron Valiant|0 fnt
|faint|p1a: Iron Valiant
|-end|p1a: Iron Valiant|Quark Drive|[silent]
|
|upkeep
|
|t:|1769419961
|switch|p1a: Deoxys|Deoxys-Speed|100/100
|-ability|p1a: Deoxys|Pressure
|turn|4
|
|t:|1769419966
|move|p1a: Deoxys|Psycho Boost|p2a: Porygon-Z
|-damage|p2a: Porygon-Z|0 fnt
|-unboost|p1a: Deoxys|spa|2
|faint|p2a: Porygon-Z
|-damage|p1a: Deoxys|91/100|[from] item: Life Orb
|
|upkeep
|
|t:|1769419970
|switch|p2a: The flash|Iron Valiant|100/100
|-enditem|p2a: The flash|Booster Energy
|-activate|p2a: The flash|ability: Quark Drive|[fromitem]
|-start|p2a: The flash|quarkdrivespe
|turn|5
|
|t:|1769419988
|switch|p1a: Hatterene|Hatterene, F|100/100
|move|p2a: The flash|Calm Mind|p2a: The flash
|-boost|p2a: The flash|spa|1
|-boost|p2a: The flash|spd|1
|
|upkeep
|turn|6
|
|t:|1769419995
|move|p2a: The flash|Calm Mind|p2a: The flash
|-boost|p2a: The flash|spa|1
|-boost|p2a: The flash|spd|1
|move|p1a: Hatterene|Nuzzle|p2a: The flash
|-damage|p2a: The flash|96/100
|-status|p2a: The flash|par
|
|upkeep
|turn|7
|
|t:|1769420019
|move|p2a: The flash|Calm Mind|p2a: The flash
|-boost|p2a: The flash|spa|1
|-boost|p2a: The flash|spd|1
|move|p1a: Hatterene|Mystical Fire|p2a: The flash
|-damage|p2a: The flash|77/100 par
|-unboost|p2a: The flash|spa|1
|
|upkeep
|turn|8
|
|t:|1769420035
|move|p2a: The flash|Moonblast|p1a: Hatterene
|-damage|p1a: Hatterene|45/100
|-unboost|p1a: Hatterene|spa|1
|move|p1a: Hatterene|Mystical Fire|p2a: The flash
|-damage|p2a: The flash|64/100 par
|-unboost|p2a: The flash|spa|1
|
|-fieldend|move: Psychic Terrain
|upkeep
|turn|9
|
|t:|1769420044
|-end|p2a: The flash|Quark Drive|[silent]
|switch|p2a: Zinedine Zidane|Cinderace, F|100/100
|switch|p1a: Indeedee|Indeedee, M|100/100
|-fieldstart|move: Psychic Terrain|[from] ability: Psychic Surge|[of] p1a: Indeedee
|
|upkeep
|turn|10
|
|t:|1769420055
|move|p2a: Zinedine Zidane|Pyro Ball|p1a: Indeedee|[miss]
|-miss|p2a: Zinedine Zidane|p1a: Indeedee
|move|p1a: Indeedee|Expanding Force|p2a: Zinedine Zidane
|-damage|p2a: Zinedine Zidane|26/100
|
|upkeep
|turn|11
|
|t:|1769420072
|move|p2a: Zinedine Zidane|U-turn|p1a: Indeedee
|-start|p2a: Zinedine Zidane|typechange|Bug|[from] ability: Libero
|-supereffective|p1a: Indeedee
|-damage|p1a: Indeedee|31/100
|
|t:|1769420075
|switch|p2a: Lokix|Lokix, M|100/100|[from] U-turn
|move|p1a: Indeedee|Expanding Force|p2a: Lokix
|-immune|p2a: Lokix
|
|upkeep
|turn|12
|
|t:|1769420082
|switch|p1a: Hatterene|Hatterene, F|45/100
|move|p2a: Lokix|Knock Off|p1a: Hatterene
|-damage|p1a: Hatterene|0 fnt
|-enditem|p1a: Hatterene|Assault Vest|[from] move: Knock Off|[of] p2a: Lokix
|faint|p1a: Hatterene
|
|upkeep
|
|t:|1769420096
|switch|p1a: Armarouge|Armarouge, M|100/100
|turn|13
|
|t:|1769420104
|switch|p2a: Zinedine Zidane|Cinderace, F|26/100
|move|p1a: Armarouge|Armor Cannon|p2a: Zinedine Zidane
|-resisted|p2a: Zinedine Zidane
|-damage|p2a: Zinedine Zidane|0 fnt
|-unboost|p1a: Armarouge|def|1
|-unboost|p1a: Armarouge|spd|1
|faint|p2a: Zinedine Zidane
|
|upkeep
|
|t:|1769420110
|switch|p2a: Lokix|Lokix, M|100/100
|turn|14
|
|t:|1769420115
|move|p2a: Lokix|Knock Off|p1a: Armarouge
|-supereffective|p1a: Armarouge
|-damage|p1a: Armarouge|0 fnt
|-enditem|p1a: Armarouge|Choice Specs|[from] move: Knock Off|[of] p2a: Lokix
|faint|p1a: Armarouge
|
|upkeep
|
|t:|1769420127
|switch|p1a: Iron Crown|Iron Crown|100/100
|turn|15
|
|t:|1769420136
|move|p1a: Iron Crown|Focus Blast|p2a: Lokix|[miss]
|-miss|p1a: Iron Crown|p2a: Lokix
|move|p2a: Lokix|Knock Off|p1a: Iron Crown
|-supereffective|p1a: Iron Crown
|-damage|p1a: Iron Crown|0 fnt
|-enditem|p1a: Iron Crown|Choice Specs|[from] move: Knock Off|[of] p2a: Lokix
|faint|p1a: Iron Crown
|-end|p1a: Iron Crown|Quark Drive|[silent]
|
|upkeep
|-message|Denis Laporte forfeited.
|
|win|Fox_PKMN
|raw|Denis Laporte's rating: 1254 &rarr; <strong>1225</strong><br />(-29 for losing)
|raw|Fox_PKMN's rating: 1204 &rarr; <strong>1233</strong><br />(+29 for winning)
|l|☆Denis Laporte
|player|p1|
|l|☆Fox_PKMN
|player|p2|
