|j|☆SladeRG
|j|☆Octogecko
|t:|1769351329
|gametype|singles
|player|p1|SladeRG|102|1356
|player|p2|Octogecko|169|1362
|gen|9
|tier|[Gen 9] OU
|rated|
|rule|HP Percentage Mod: HP is shown in percentages
|rule|Endless Battle Clause: Forcing endless battles is banned
|rule|Species Clause: Limit one of each Pokémon
|rule|OHKO Clause: OHKO moves are banned
|rule|Evasion Items Clause: Evasion items are banned
|rule|Evasion Moves Clause: Evasion moves are banned
|rule|Evasion Abilities Clause: Evasion abilities are banned
|rule|Sleep Moves Clause: Sleep-inducing moves are banned
|clearpoke
|poke|p1|Torkoal, F|
|poke|p1|Lilligant-Hisui, F|
|poke|p1|Walking Wake|
|poke|p1|Typhlosion-Hisui, F|
|poke|p1|Raging Bolt|
|poke|p1|Corviknight, M|
|poke|p2|Meowscarada, M|
|poke|p2|Dragapult, M|
|poke|p2|Corviknight, M|
|poke|p2|Primarina, F|
|poke|p2|Glimmora, M|
|poke|p2|Cinderace, F|
|teampreview
|inactive|Battle timer is ON: inactive players will automatically lose when time's up. (requested by Octogecko)
|
|t:|1769351338
|teamsize|p1|6
|teamsize|p2|6
|start
|switch|p1a: Walking Wake|Walking Wake|100/100
|switch|p2a: Glimmora|Glimmora, M|100/100
|turn|1
|
|t:|1769351345
|switch|p2a: Primarina|Primarina, F|100/100
|move|p1a: Walking Wake|Hydro Steam|p2a: Primarina
|-resisted|p2a: Primarina
|-damage|p2a: Primarina|81/100
|
|upkeep
|turn|2
|
|t:|1769351352
|-end|p1a: Walking Wake|Protosynthesis|[silent]
|switch|p1a: Raging Bolt|Raging Bolt|100/100
|move|p2a: Primarina|Moonblast|p1a: Raging Bolt
|-supereffective|p1a: Raging Bolt
|-damage|p1a: Raging Bolt|38/100
|
|upkeep
|turn|3
|
|t:|1769351357
|-terastallize|p2a: Primarina|Steel
|-terastallize|p1a: Raging Bolt|Electric
|move|p2a: Primarina|Moonblast|p1a: Raging Bolt
|-damage|p1a: Raging Bolt|11/100
|-unboost|p1a: Raging Bolt|spa|1
|move|p1a: Raging Bolt|Volt Switch|p2a: Primarina
|-crit|p2a: Primarina
|-damage|p2a: Primarina|32/100
|
|t:|1769351379
|-end|p1a: Raging Bolt|Protosynthesis|[silent]
|switch|p1a: Walking Wake|Walking Wake|100/100|[from] Volt Switch
|
|upkeep
|turn|4
|
|t:|1769351381
|move|p1a: Walking Wake|Hydro Steam|p2a: Primarina
|-damage|p2a: Primarina|0 fnt
|faint|p2a: Primarina
|
|upkeep
|
|t:|1769351389
|switch|p2a: Dragapult|Dragapult, M|100/100
|turn|5
|
|t:|1769351393
|-end|p1a: Walking Wake|Protosynthesis|[silent]
|switch|p1a: Raging Bolt|Raging Bolt, tera:Electric|11/100
|move|p2a: Dragapult|Draco Meteor|p1a: Raging Bolt
|-damage|p1a: Raging Bolt|0 fnt
|-unboost|p2a: Dragapult|spa|2
|faint|p1a: Raging Bolt
|-end|p1a: Raging Bolt|Protosynthesis|[silent]
|
|upkeep
|
|t:|1769351397
|switch|p1a: Torkoal|Torkoal, F|100/100
|-weather|SunnyDay|[from] ability: Drought|[of] p1a: Torkoal
|turn|6
|
|t:|1769351404
|switch|p2a: Glimmora|Glimmora, M|100/100
|move|p1a: Torkoal|Stealth Rock|p2a: Glimmora
|-sidestart|p2: Octogecko|move: Stealth Rock
|
|-weather|SunnyDay|[upkeep]
|upkeep
|turn|7
|
|t:|1769351410
|switch|p1a: Corviknight|Corviknight, M|100/100
|-ability|p1a: Corviknight|Pressure
|move|p2a: Glimmora|Earth Power|p1a: Corviknight
|-immune|p1a: Corviknight
|
|-weather|SunnyDay|[upkeep]
|upkeep
|turn|8
|
|t:|1769351416
|switch|p2a: Corviknight|Corviknight, M|100/100
|-damage|p2a: Corviknight|88/100|[from] Stealth Rock
|-ability|p2a: Corviknight|Pressure
|move|p1a: Corviknight|U-turn|p2a: Corviknight
|-resisted|p2a: Corviknight
|-damage|p2a: Corviknight|86/100
|-damage|p1a: Corviknight|84/100|[from] item: Rocky Helmet|[of] p2a: Corviknight
|
|t:|1769351419
|switch|p1a: Typhlosion|Typhlosion-Hisui, F|100/100|[from] U-turn
|
|-weather|SunnyDay|[upkeep]
|upkeep
|turn|9
|
|t:|1769351427
|move|p1a: Typhlosion|Eruption|p2a: Corviknight
|-supereffective|p2a: Corviknight
|-damage|p2a: Corviknight|0 fnt
|faint|p2a: Corviknight
|
|-weather|SunnyDay|[upkeep]
|upkeep
|
|t:|1769351430
|switch|p2a: Lupin|Meowscarada, M, shiny|100/100
|-damage|p2a: Lupin|88/100|[from] Stealth Rock
|turn|10
|
|t:|1769351450
|switch|p1a: Corviknight|Corviknight, M|84/100
|-ability|p1a: Corviknight|Pressure
|move|p2a: Lupin|Knock Off|p1a: Corviknight
|-start|p2a: Lupin|typechange|Dark|[from] ability: Protean
|-damage|p1a: Corviknight|59/100
|-damage|p2a: Lupin|72/100|[from] item: Rocky Helmet|[of] p1a: Corviknight
|-enditem|p1a: Corviknight|Rocky Helmet|[from] move: Knock Off|[of] p2a: Lupin
|
|-weather|SunnyDay|[upkeep]
|upkeep
|turn|11
|
|t:|1769351459
|switch|p2a: Dragapult|Dragapult, M|100/100
|-damage|p2a: Dragapult|88/100|[from] Stealth Rock
|move|p1a: Corviknight|U-turn|p2a: Dragapult
|-resisted|p2a: Dragapult
|-damage|p2a: Dragapult|79/100
|
|t:|1769351465
|switch|p1a: Typhlosion|Typhlosion-Hisui, F|100/100|[from] U-turn
|
|-weather|SunnyDay|[upkeep]
|upkeep
|turn|12
|
|t:|1769351473
|move|p1a: Typhlosion|Shadow Ball|p2a: Dragapult
|-supereffective|p2a: Dragapult
|-damage|p2a: Dragapult|0 fnt
|faint|p2a: Dragapult
|
|-weather|SunnyDay|[upkeep]
|upkeep
|
|t:|1769351479
|switch|p2a: Cinderace|Cinderace, F|100/100
|turn|13
|
|t:|1769351484
|switch|p1a: Corviknight|Corviknight, M|59/100
|-ability|p1a: Corviknight|Pressure
|move|p2a: Cinderace|Court Change|p2a: Cinderace
|-start|p2a: Cinderace|typechange|Normal|[from] ability: Libero
|-swapsideconditions
|-activate|p2a: Cinderace|move: Court Change
|
|-weather|none
|upkeep
|turn|14
|
|t:|1769351496
|move|p2a: Cinderace|Pyro Ball|p1a: Corviknight
|-supereffective|p1a: Corviknight
|-damage|p1a: Corviknight|13/100
|move|p1a: Corviknight|Defog|p2a: Cinderace
|-unboost|p2a: Cinderace|evasion|1
|-sideend|p1: SladeRG|Stealth Rock|[from] move: Defog|[of] p1a: Corviknight
|
|upkeep
|turn|15
|
|t:|1769351501
|move|p2a: Cinderace|Pyro Ball|p1a: Corviknight
|-supereffective|p1a: Corviknight
|-damage|p1a: Corviknight|0 fnt
|faint|p1a: Corviknight
|
|upkeep
|
|t:|1769351506
|switch|p1a: Torkoal|Torkoal, F|100/100
|-weather|SunnyDay|[from] ability: Drought|[of] p1a: Torkoal
|turn|16
|
|t:|1769351512
|move|p2a: Cinderace|U-turn|p1a: Torkoal
|-resisted|p1a: Torkoal
|-crit|p1a: Torkoal
|-damage|p1a: Torkoal|91/100
|
|t:|1769351513
|switch|p2a: Glimmora|Glimmora, M|100/100|[from] U-turn
|move|p1a: Torkoal|Lava Plume|p2a: Glimmora
|-resisted|p2a: Glimmora
|-damage|p2a: Glimmora|77/100
|
|-weather|SunnyDay|[upkeep]
|upkeep
|turn|17
|
|t:|1769351530
|switch|p1a: Walking Wake|Walking Wake|100/100
|-activate|p1a: Walking Wake|ability: Protosynthesis
|-start|p1a: Walking Wake|protosynthesisspa
|move|p2a: Glimmora|Earth Power|p1a: Walking Wake
|-damage|p1a: Walking Wake|65/100
|
|-weather|SunnyDay|[upkeep]
|upkeep
|turn|18
|
|t:|1769351542
|move|p1a: Walking Wake|Hydro Steam|p2a: Glimmora
|-supereffective|p2a: Glimmora
|-damage|p2a: Glimmora|0 fnt
|faint|p2a: Glimmora
|
|-weather|SunnyDay|[upkeep]
|upkeep
|
|t:|1769351546
|switch|p2a: Lupin|Meowscarada, M, shiny|72/100
|turn|19
|
|t:|1769351569
|move|p2a: Lupin|Triple Axel|p1a: Walking Wake
|-start|p2a: Lupin|typechange|Ice|[from] ability: Protean
|-damage|p1a: Walking Wake|55/100
|-damage|p1a: Walking Wake|33/100
|-damage|p1a: Walking Wake|5/100
|-hitcount|p1a: Walking Wake|3
|move|p1a: Walking Wake|Hydro Steam|p2a: Lupin
|-damage|p2a: Lupin|0 fnt
|faint|p2a: Lupin
|
|-weather|SunnyDay|[upkeep]
|upkeep
|
|t:|1769351576
|switch|p2a: Cinderace|Cinderace, F|100/100
|turn|20
|
|t:|1769351582
|move|p2a: Cinderace|Pyro Ball|p1a: Walking Wake
|-resisted|p1a: Walking Wake
|-damage|p1a: Walking Wake|0 fnt
|faint|p1a: Walking Wake
|-end|p1a: Walking Wake|Protosynthesis|[silent]
|
|-weather|SunnyDay|[upkeep]
|upkeep
|
|t:|1769351605
|switch|p1a: Lilligant|Lilligant-Hisui, F|100/100
|turn|21
|
|t:|1769351607
|move|p1a: Lilligant|Close Combat|p2a: Cinderace
|-damage|p2a: Cinderace|0 fnt
|-unboost|p1a: Lilligant|def|1
|-unboost|p1a: Lilligant|spd|1
|faint|p2a: Cinderace
|-damage|p1a: Lilligant|91/100|[from] item: Life Orb
|
|win|SladeRG
|raw|SladeRG's rating: 1356 &rarr; <strong>1376</strong><br />(+20 for winning)
|raw|Octogecko's rating: 1362 &rarr; <strong>1342</strong><br />(-20 for losing)
|l|☆Octogecko
|player|p2|
|l|☆SladeRG
|player|p1|
|j|☆Octogecko
|player|p2|Octogecko|169|
|l|☆Octogecko
|player|p2|
