|j|☆Ballindog34
|j|☆ki11j0y
|t:|1769440259
|gametype|singles
|player|p1|Ballindog34|pokekid|1106
|player|p2|ki11j0y|2|1058
|gen|9
|tier|[Gen 9] OU
|rated|
|rule|HP Percentage Mod: HP is shown in percentages
|rule|Endless Battle Clause: Forcing endless battles is banned
|rule|Species Clause: Limit one of each Pokémon
|rule|OHKO Clause: OHKO moves are banned
|rule|Evasion Items Clause: Evasion items are banned
|rule|Evasion Moves Clause: Evasion moves are banned
|rule|Evasion Abilities Clause: Evasion abilities are banned
|rule|Sleep Moves Clause: Sleep-inducing moves are banned
|clearpoke
|poke|p1|Morpeko, M|
|poke|p1|Dudunsparce-*, F|
|poke|p1|Lilligant, F|
|poke|p1|Komala, M|
|poke|p1|Ditto|
|poke|p1|Torkoal, F|
|poke|p2|Jirachi|
|poke|p2|Gliscor, F|
|poke|p2|Probopass, F|
|poke|p2|Alomomola, M|
|poke|p2|Kingambit, M|
|poke|p2|Eiscue, F|
|teampreview
|
|t:|1769440269
|teamsize|p1|6
|teamsize|p2|6
|start
|switch|p1a: Torkoal|Torkoal, F, shiny|100/100
|switch|p2a: Boom|Eiscue, F|100/100
|-weather|SunnyDay|[from] ability: Drought|[of] p1a: Torkoal
|turn|1
|
|t:|1769440277
|-terastallize|p2a: Boom|Dragon
|move|p2a: Boom|Belly Drum|p2a: Boom
|-damage|p2a: Boom|51/100
|-setboost|p2a: Boom|atk|6|[from] move: Belly Drum
|move|p1a: Torkoal|Weather Ball|p2a: Boom
|-resisted|p2a: Boom
|-damage|p2a: Boom|6/100
|-enditem|p2a: Boom|Sitrus Berry|[eat]
|-heal|p2a: Boom|31/100|[from] item: Sitrus Berry
|
|-weather|SunnyDay|[upkeep]
|upkeep
|turn|2
|
|t:|1769440288
|move|p2a: Boom|Liquidation|p1a: Torkoal
|-supereffective|p1a: Torkoal
|-damage|p1a: Torkoal|19/100
|move|p1a: Torkoal|Earth Power|p2a: Boom
|-damage|p2a: Boom|0 fnt
|faint|p2a: Boom
|
|-weather|SunnyDay|[upkeep]
|upkeep
|
|t:|1769440297
|switch|p2a: Stunlock|Jirachi|100/100
|turn|3
|inactive|Battle timer is ON: inactive players will automatically lose when time's up. (requested by Ballindog34)
|
|t:|1769440306
|move|p2a: Stunlock|Thunder|p1a: Torkoal
|-damage|p1a: Torkoal|0 fnt
|faint|p1a: Torkoal
|
|-weather|SunnyDay|[upkeep]
|upkeep
|
|t:|1769440314
|switch|p1a: Lilligant|Lilligant, F|100/100
|turn|4
|
|t:|1769440318
|move|p1a: Lilligant|Weather Ball|p2a: Stunlock
|-supereffective|p2a: Stunlock
|-damage|p2a: Stunlock|10/100
|move|p2a: Stunlock|Iron Head|p1a: Lilligant
|-damage|p1a: Lilligant|45/100
|
|-weather|SunnyDay|[upkeep]
|-heal|p2a: Stunlock|16/100|[from] item: Leftovers
|upkeep
|turn|5
|
|t:|1769440335
|switch|p2a: Poison|Gliscor, F|100/100
|move|p1a: Lilligant|Weather Ball|p2a: Poison
|-damage|p2a: Poison|48/100
|
|-weather|none
|-status|p2a: Poison|tox|[from] item: Toxic Orb
|upkeep
|turn|6
|
|t:|1769440344
|switch|p1a: Ditto|Ditto, shiny|100/100
|-transform|p1a: Ditto|p2a: Poison|[from] ability: Imposter
|move|p2a: Poison|Protect||[still]
|-fail|p2a: Poison
|
|-heal|p2a: Poison|60/100 tox|[from] ability: Poison Heal
|upkeep
|turn|7
|
|t:|1769440356
|move|p1a: Ditto|Toxic Spikes|p2a: Poison
|-sidestart|p2: ki11j0y|move: Toxic Spikes
|move|p2a: Poison|Toxic Spikes|p1a: Ditto
|-sidestart|p1: Ballindog34|move: Toxic Spikes
|
|-heal|p2a: Poison|73/100 tox|[from] ability: Poison Heal
|upkeep
|turn|8
|
|t:|1769440363
|move|p1a: Ditto|Toxic Spikes|p2a: Poison
|-sidestart|p2: ki11j0y|move: Toxic Spikes
|move|p2a: Poison|Toxic Spikes|p1a: Ditto
|-sidestart|p1: Ballindog34|move: Toxic Spikes
|
|-heal|p2a: Poison|85/100 tox|[from] ability: Poison Heal
|upkeep
|turn|9
|
|t:|1769440376
|switch|p1a: Komala|Komala, M, shiny|100/100
|-ability|p1a: Komala|Comatose
|switch|p2a: Stunlock|Jirachi|16/100
|
|-heal|p2a: Stunlock|22/100|[from] item: Leftovers
|upkeep
|turn|10
|
|t:|1769440389
|move|p1a: Komala|Sucker Punch|p2a: Stunlock
|-supereffective|p2a: Stunlock
|-crit|p2a: Stunlock
|-damage|p2a: Stunlock|0 fnt
|faint|p2a: Stunlock
|-damage|p1a: Komala|91/100|[from] item: Life Orb
|
|upkeep
|
|t:|1769440396
|switch|p2a: Megaknight|Probopass, F|100/100
|turn|11
|
|t:|1769440400
|move|p1a: Komala|Rapid Spin|p2a: Megaknight
|-resisted|p2a: Megaknight
|-crit|p2a: Megaknight
|-damage|p2a: Megaknight|91/100
|-boost|p1a: Komala|spe|1
|-sideend|p1: Ballindog34|Toxic Spikes|[from] move: Rapid Spin|[of] p1a: Komala
|-damage|p1a: Komala|81/100|[from] item: Life Orb
|move|p2a: Megaknight|Iron Defense|p2a: Megaknight
|-boost|p2a: Megaknight|def|2
|
|upkeep
|turn|12
|
|t:|1769440410
|switch|p1a: Lilligant|Lilligant, F|45/100
|move|p2a: Megaknight|Iron Defense|p2a: Megaknight
|-boost|p2a: Megaknight|def|2
|
|upkeep
|turn|13
|
|t:|1769440419
|move|p1a: Lilligant|Solar Beam||[still]
|-prepare|p1a: Lilligant|Solar Beam
|move|p2a: Megaknight|Body Press|p1a: Lilligant
|-damage|p1a: Lilligant|0 fnt
|faint|p1a: Lilligant
|
|upkeep
|
|t:|1769440439
|switch|p1a: Dudunsparce|Dudunsparce, F|100/100
|turn|14
|
|t:|1769440445
|move|p1a: Dudunsparce|Fire Blast|p2a: Megaknight
|-damage|p2a: Megaknight|63/100
|move|p2a: Megaknight|Body Press|p1a: Dudunsparce
|-supereffective|p1a: Dudunsparce
|-damage|p1a: Dudunsparce|0 fnt
|faint|p1a: Dudunsparce
|
|upkeep
|
|t:|1769440453
|switch|p1a: Ditto|Ditto, shiny|100/100
|-transform|p1a: Ditto|p2a: Megaknight|[from] ability: Imposter
|turn|15
|
|t:|1769440465
|-terastallize|p1a: Ditto|Dragon
|move|p1a: Ditto|Body Press|p2a: Megaknight
|-supereffective|p2a: Megaknight
|-damage|p2a: Megaknight|0 fnt
|faint|p2a: Megaknight
|
|upkeep
|
|t:|1769440472
|switch|p2a: Poison|Gliscor, F|85/100 tox
|turn|16
|
|t:|1769440481
|switch|p1a: Komala|Komala, M, shiny|81/100
|-ability|p1a: Komala|Comatose
|move|p2a: Poison|Substitute|p2a: Poison
|-start|p2a: Poison|Substitute
|-damage|p2a: Poison|60/100 tox
|
|-heal|p2a: Poison|73/100 tox|[from] ability: Poison Heal
|upkeep
|turn|17
|
|t:|1769440489
|move|p1a: Komala|Rapid Spin|p2a: Poison
|-end|p2a: Poison|Substitute
|-boost|p1a: Komala|spe|1
|-damage|p1a: Komala|71/100|[from] item: Life Orb
|move|p2a: Poison|Toxic|p1a: Komala
|-immune|p1a: Komala|[from] ability: Comatose
|
|-heal|p2a: Poison|85/100 tox|[from] ability: Poison Heal
|upkeep
|turn|18
|
|t:|1769440508
|move|p1a: Komala|Knock Off|p2a: Poison
|-damage|p2a: Poison|51/100 tox
|-enditem|p2a: Poison|Toxic Orb|[from] move: Knock Off|[of] p1a: Komala
|-damage|p1a: Komala|61/100|[from] item: Life Orb
|move|p2a: Poison|Toxic Spikes|p1a: Komala
|-sidestart|p1: Ballindog34|move: Toxic Spikes
|
|-heal|p2a: Poison|63/100 tox|[from] ability: Poison Heal
|upkeep
|turn|19
|
|t:|1769440521
|move|p2a: Poison|Protect|p2a: Poison
|-singleturn|p2a: Poison|Protect
|move|p1a: Komala|Double-Edge|p2a: Poison
|-activate|p2a: Poison|move: Protect
|
|-heal|p2a: Poison|76/100 tox|[from] ability: Poison Heal
|upkeep
|turn|20
|
|t:|1769440529
|move|p1a: Komala|Rapid Spin|p2a: Poison
|-damage|p2a: Poison|50/100 tox
|-boost|p1a: Komala|spe|1
|-sideend|p1: Ballindog34|Toxic Spikes|[from] move: Rapid Spin|[of] p1a: Komala
|-damage|p1a: Komala|51/100|[from] item: Life Orb
|move|p2a: Poison|Toxic Spikes|p1a: Komala
|-sidestart|p1: Ballindog34|move: Toxic Spikes
|
|-heal|p2a: Poison|63/100 tox|[from] ability: Poison Heal
|upkeep
|turn|21
|
|t:|1769440541
|move|p2a: Poison|Protect|p2a: Poison
|-singleturn|p2a: Poison|Protect
|move|p1a: Komala|Double-Edge|p2a: Poison
|-activate|p2a: Poison|move: Protect
|
|-heal|p2a: Poison|75/100 tox|[from] ability: Poison Heal
|upkeep
|turn|22
|
|t:|1769440549
|move|p1a: Komala|Double-Edge|p2a: Poison
|-damage|p2a: Poison|6/100 tox
|-damage|p1a: Komala|21/100|[from] Recoil
|-damage|p1a: Komala|11/100|[from] item: Life Orb
|move|p2a: Poison|Toxic Spikes|p1a: Komala
|-sidestart|p1: Ballindog34|move: Toxic Spikes
|
|-heal|p2a: Poison|18/100 tox|[from] ability: Poison Heal
|upkeep
|turn|23
|
|t:|1769440558
|switch|p2a: Tank|Alomomola, M, shiny|100/100
|-status|p2a: Tank|tox
|move|p1a: Komala|Rapid Spin|p2a: Tank
|-damage|p2a: Tank|82/100 tox
|-boost|p1a: Komala|spe|1
|-damage|p1a: Komala|0 fnt|[from] item: Rocky Helmet|[of] p2a: Tank
|faint|p1a: Komala
|
|-damage|p2a: Tank|76/100 tox|[from] psn
|upkeep
|
|t:|1769440580
|switch|p1a: Morpeko|Morpeko, M, shiny|100/100
|-status|p1a: Morpeko|tox
|turn|24
|
|t:|1769440594
|move|p1a: Morpeko|Seed Bomb|p2a: Tank
|-supereffective|p2a: Tank
|-damage|p2a: Tank|48/100 tox
|move|p2a: Tank|Flip Turn|p1a: Morpeko
|-damage|p1a: Morpeko|69/100 tox
|
|t:|1769440601
|switch|p2a: Poison|Gliscor, F|18/100 tox|[from] Flip Turn
|
|-damage|p1a: Morpeko|63/100 tox|[from] psn
|-heal|p2a: Poison|31/100 tox|[from] ability: Poison Heal
|-formechange|p1a: Morpeko|Morpeko-Hangry||[from] ability: Hunger Switch
|upkeep
|turn|25
|
|t:|1769440614
|move|p2a: Poison|Protect|p2a: Poison
|-singleturn|p2a: Poison|Protect
|move|p1a: Morpeko|Aura Wheel|p2a: Poison
|-activate|p2a: Poison|move: Protect
|
|-damage|p1a: Morpeko|50/100 tox|[from] psn
|-heal|p2a: Poison|43/100 tox|[from] ability: Poison Heal
|-formechange|p1a: Morpeko|Morpeko||[from] ability: Hunger Switch
|upkeep
|turn|26
|
|t:|1769440623
|switch|p1a: Ditto|Ditto, shiny, tera:Dragon|100/100
|-status|p1a: Ditto|tox
|-transform|p1a: Ditto|p2a: Poison|[from] ability: Imposter
|move|p2a: Poison|Substitute|p2a: Poison
|-start|p2a: Poison|Substitute
|-damage|p2a: Poison|18/100 tox
|
|-heal|p2a: Poison|31/100 tox|[from] ability: Poison Heal
|upkeep
|turn|27
|
|t:|1769440642
|move|p2a: Poison|Protect|p2a: Poison
|-singleturn|p2a: Poison|Protect
|move|p1a: Ditto|Toxic|p2a: Poison
|-activate|p2a: Poison|move: Protect
|
|-heal|p2a: Poison|43/100 tox|[from] ability: Poison Heal
|upkeep
|turn|28
|
|t:|1769440651
|move|p1a: Ditto|Toxic||[still]
|-fail|p1a: Ditto
|move|p2a: Poison|Toxic Spikes||[still]
|-fail|p2a: Poison
|
|-heal|p2a: Poison|56/100 tox|[from] ability: Poison Heal
|upkeep
|turn|29
|
|t:|1769440657
|switch|p1a: Morpeko|Morpeko, M, shiny|50/100 tox
|move|p2a: Poison|Toxic Spikes||[still]
|-fail|p2a: Poison
|
|-damage|p1a: Morpeko|44/100 tox|[from] psn
|-heal|p2a: Poison|68/100 tox|[from] ability: Poison Heal
|-formechange|p1a: Morpeko|Morpeko-Hangry||[from] ability: Hunger Switch
|upkeep
|turn|30
|
|t:|1769440666
|move|p2a: Poison|Protect|p2a: Poison
|-singleturn|p2a: Poison|Protect
|move|p1a: Morpeko|Aura Wheel|p2a: Poison
|-activate|p2a: Poison|move: Protect
|
|-damage|p1a: Morpeko|32/100 tox|[from] psn
|-heal|p2a: Poison|80/100 tox|[from] ability: Poison Heal
|-formechange|p1a: Morpeko|Morpeko||[from] ability: Hunger Switch
|upkeep
|turn|31
|
|t:|1769440677
|switch|p1a: Ditto|Ditto, shiny, tera:Dragon|100/100 tox
|move|p2a: Poison|Substitute|p2a: Poison
|-fail|p2a: Poison|move: Substitute
|
|-heal|p2a: Poison|93/100 tox|[from] ability: Poison Heal
|-damage|p1a: Ditto|95/100 tox|[from] psn
|upkeep
|turn|32
|
|t:|1769440698
|switch|p1a: Morpeko|Morpeko, M, shiny|32/100 tox
|move|p2a: Poison|Protect||[still]
|-fail|p2a: Poison
|
|-damage|p1a: Morpeko|26/100 tox|[from] psn
|-heal|p2a: Poison|100/100 tox|[from] ability: Poison Heal
|-formechange|p1a: Morpeko|Morpeko-Hangry||[from] ability: Hunger Switch
|upkeep
|turn|33
|
|t:|1769440708
|move|p1a: Morpeko|Aura Wheel|p2a: Poison
|-end|p2a: Poison|Substitute
|-boost|p1a: Morpeko|spe|1
|move|p2a: Poison|Substitute|p2a: Poison
|-start|p2a: Poison|Substitute
|-damage|p2a: Poison|76/100 tox
|
|-damage|p1a: Morpeko|13/100 tox|[from] psn
|-heal|p2a: Poison|88/100 tox|[from] ability: Poison Heal
|-formechange|p1a: Morpeko|Morpeko||[from] ability: Hunger Switch
|upkeep
|-enditem|p1a: Morpeko|Liechi Berry|[eat]
|-boost|p1a: Morpeko|atk|1|[from] item: Liechi Berry
|turn|34
|
|t:|1769440722
|move|p2a: Poison|Protect|p2a: Poison
|-singleturn|p2a: Poison|Protect
|move|p1a: Morpeko|Reversal|p2a: Poison
|-activate|p2a: Poison|move: Protect
|
|-damage|p1a: Morpeko|0 fnt|[from] psn
|faint|p1a: Morpeko
|-heal|p2a: Poison|100/100 tox|[from] ability: Poison Heal
|upkeep
|-message|Ballindog34 forfeited.
|
|win|ki11j0y
|raw|Ballindog34's rating: 1106 &rarr; <strong>1078</strong><br />(-28 for losing)
|raw|ki11j0y's rating: 1058 &rarr; <strong>1094</strong><br />(+36 for winning)
|l|☆Ballindog34
|player|p1|
