|j|☆gullivers travels
|j|☆brohemethchess
|t:|1769320173
|gametype|singles
|player|p1|gullivers travels|266|1245
|player|p2|brohemethchess|266|1252
|gen|9
|tier|[Gen 9] OU
|rated|
|rule|HP Percentage Mod: HP is shown in percentages
|rule|Endless Battle Clause: Forcing endless battles is banned
|rule|Species Clause: Limit one of each Pokémon
|rule|OHKO Clause: OHKO moves are banned
|rule|Evasion Items Clause: Evasion items are banned
|rule|Evasion Moves Clause: Evasion moves are banned
|rule|Evasion Abilities Clause: Evasion abilities are banned
|rule|Sleep Moves Clause: Sleep-inducing moves are banned
|clearpoke
|poke|p1|Dragonite, M|
|poke|p1|Alomomola, M|
|poke|p1|Weezing-Galar, M|
|poke|p1|Kingambit, M|
|poke|p1|Volcanion|
|poke|p1|Rabsca, F|
|poke|p2|Dragonite, M|
|poke|p2|Samurott-Hisui, M|
|poke|p2|Clefable, F|
|poke|p2|Gliscor, F|
|poke|p2|Gholdengo|
|poke|p2|Zamazenta-*|
|teampreview
|
|t:|1769320183
|teamsize|p1|6
|teamsize|p2|6
|start
|switch|p1a: Volcanion|Volcanion|100/100
|switch|p2a: Gliscor|Gliscor, F|100/100
|turn|1
|
|t:|1769320187
|move|p2a: Gliscor|Protect|p2a: Gliscor
|-singleturn|p2a: Gliscor|Protect
|move|p1a: Volcanion|Steam Eruption|p2a: Gliscor
|-activate|p2a: Gliscor|move: Protect
|
|-status|p2a: Gliscor|tox|[from] item: Toxic Orb
|upkeep
|turn|2
|
|t:|1769320193
|switch|p2a: Gholdengo|Gholdengo|100/100
|move|p1a: Volcanion|Steam Eruption|p2a: Gholdengo
|-damage|p2a: Gholdengo|23/100
|
|upkeep
|turn|3
|
|t:|1769320202
|move|p2a: Gholdengo|Trick|p1a: Volcanion
|-activate|p2a: Gholdengo|move: Trick|[of] p1a: Volcanion
|-item|p1a: Volcanion|Choice Scarf|[from] move: Trick
|-item|p2a: Gholdengo|Assault Vest|[from] move: Trick
|move|p1a: Volcanion|Flame Charge|p2a: Gholdengo
|-supereffective|p2a: Gholdengo
|-damage|p2a: Gholdengo|0 fnt
|-boost|p1a: Volcanion|spe|1
|faint|p2a: Gholdengo
|
|upkeep
|
|t:|1769320209
|switch|p2a: Dragonite|Dragonite, M|100/100
|turn|4
|
|t:|1769320212
|move|p1a: Volcanion|Flame Charge|p2a: Dragonite
|-resisted|p2a: Dragonite
|-damage|p2a: Dragonite|96/100
|-boost|p1a: Volcanion|spe|1
|move|p2a: Dragonite|Earthquake|p1a: Volcanion
|-supereffective|p1a: Volcanion
|-damage|p1a: Volcanion|36/100
|
|upkeep
|turn|5
|
|t:|1769320235
|switch|p1a: Weezing|Weezing-Galar, M|100/100
|-ability|p1a: Weezing|Neutralizing Gas
|move|p2a: Dragonite|Dragon Dance|p2a: Dragonite
|-boost|p2a: Dragonite|atk|1
|-boost|p2a: Dragonite|spe|1
|
|upkeep
|turn|6
|inactive|Battle timer is ON: inactive players will automatically lose when time's up. (requested by brohemethchess)
|
|t:|1769320241
|move|p2a: Dragonite|Earthquake|p1a: Weezing
|-supereffective|p1a: Weezing
|-damage|p1a: Weezing|4/100
|move|p1a: Weezing|Clear Smog|p2a: Dragonite
|-damage|p2a: Dragonite|82/100
|-clearboost|p2a: Dragonite
|
|upkeep
|turn|7
|
|t:|1769320252
|move|p2a: Dragonite|Earthquake|p1a: Weezing
|-supereffective|p1a: Weezing
|-damage|p1a: Weezing|0 fnt
|faint|p1a: Weezing
|-end|p1a: Weezing|ability: Neutralizing Gas
|
|upkeep
|
|t:|1769320259
|switch|p1a: Dragonite|Dragonite, M|100/100
|turn|8
|
|t:|1769320262
|switch|p2a: Zamazenta|Zamazenta|100/100
|-ability|p2a: Zamazenta|Dauntless Shield|boost
|-boost|p2a: Zamazenta|def|1
|move|p1a: Dragonite|Dragon Dance|p1a: Dragonite
|-boost|p1a: Dragonite|atk|1
|-boost|p1a: Dragonite|spe|1
|
|upkeep
|turn|9
|
|t:|1769320267
|move|p1a: Dragonite|Dragon Dance|p1a: Dragonite
|-boost|p1a: Dragonite|atk|1
|-boost|p1a: Dragonite|spe|1
|move|p2a: Zamazenta|Roar|p1a: Dragonite
|drag|p1a: Volcanion|Volcanion|36/100
|
|upkeep
|turn|10
|
|t:|1769320275
|move|p2a: Zamazenta|Body Press|p1a: Volcanion
|-damage|p1a: Volcanion|0 fnt
|faint|p1a: Volcanion
|
|upkeep
|
|t:|1769320291
|switch|p1a: Dragonite|Dragonite, M|100/100
|turn|11
|
|t:|1769320294
|move|p2a: Zamazenta|Crunch|p1a: Dragonite
|-damage|p1a: Dragonite|87/100
|move|p1a: Dragonite|Dragon Dance|p1a: Dragonite
|-boost|p1a: Dragonite|atk|1
|-boost|p1a: Dragonite|spe|1
|
|upkeep
|turn|12
|
|t:|1769320301
|move|p1a: Dragonite|Dragon Dance|p1a: Dragonite
|-boost|p1a: Dragonite|atk|1
|-boost|p1a: Dragonite|spe|1
|move|p2a: Zamazenta|Roar|p1a: Dragonite
|drag|p1a: Rabsca|Rabsca, F|100/100
|
|upkeep
|turn|13
|
|t:|1769320309
|move|p2a: Zamazenta|Crunch|p1a: Rabsca
|-supereffective|p1a: Rabsca
|-damage|p1a: Rabsca|62/100
|-unboost|p1a: Rabsca|def|1
|move|p1a: Rabsca|Iron Defense|p1a: Rabsca
|-boost|p1a: Rabsca|def|2
|
|-heal|p1a: Rabsca|68/100|[from] item: Leftovers
|upkeep
|turn|14
|
|t:|1769320317
|move|p1a: Rabsca|Recover|p1a: Rabsca
|-heal|p1a: Rabsca|100/100
|move|p2a: Zamazenta|Roar|p1a: Rabsca
|drag|p1a: Alomomola|Alomomola, M|100/100
|
|upkeep
|turn|15
|
|t:|1769320329
|switch|p2a: Gliscor|Gliscor, F|100/100 tox
|move|p1a: Alomomola|Wish|p1a: Alomomola
|
|upkeep
|turn|16
|
|t:|1769320335
|move|p2a: Gliscor|Swords Dance|p2a: Gliscor
|-boost|p2a: Gliscor|atk|2
|move|p1a: Alomomola|Flip Turn|p2a: Gliscor
|-supereffective|p2a: Gliscor
|-damage|p2a: Gliscor|73/100 tox
|
|t:|1769320346
|switch|p1a: Rabsca|Rabsca, F|100/100|[from] Flip Turn
|
|-heal|p2a: Gliscor|85/100 tox|[from] ability: Poison Heal
|upkeep
|turn|17
|
|t:|1769320350
|move|p2a: Gliscor|Knock Off|p1a: Rabsca
|-supereffective|p1a: Rabsca
|-crit|p1a: Rabsca
|-damage|p1a: Rabsca|9/100
|-enditem|p1a: Rabsca|Leftovers|[from] move: Knock Off|[of] p2a: Gliscor
|move|p1a: Rabsca|Iron Defense|p1a: Rabsca
|-boost|p1a: Rabsca|def|2
|
|-heal|p2a: Gliscor|98/100 tox|[from] ability: Poison Heal
|upkeep
|turn|18
|
|t:|1769320355
|-terastallize|p1a: Rabsca|Fairy
|move|p2a: Gliscor|Facade|p1a: Rabsca
|-damage|p1a: Rabsca|0 fnt
|faint|p1a: Rabsca
|
|-heal|p2a: Gliscor|100/100 tox|[from] ability: Poison Heal
|upkeep
|-message|gullivers travels forfeited.
|
|win|brohemethchess
|raw|gullivers travels's rating: 1245 &rarr; <strong>1221</strong><br />(-24 for losing)
|raw|brohemethchess's rating: 1252 &rarr; <strong>1276</strong><br />(+24 for winning)
|l|☆gullivers travels
|player|p1|
|l|☆brohemethchess
|player|p2|
