|j|☆testthoitestthoi2
|j|☆jessies boyfriend
|t:|1769438969
|gametype|singles
|player|p1|testthoitestthoi2|265|1374
|player|p2|jessies boyfriend|brock|1417
|gen|9
|tier|[Gen 9] OU
|rated|
|rule|HP Percentage Mod: HP is shown in percentages
|rule|Endless Battle Clause: Forcing endless battles is banned
|rule|Species Clause: Limit one of each Pokémon
|rule|OHKO Clause: OHKO moves are banned
|rule|Evasion Items Clause: Evasion items are banned
|rule|Evasion Moves Clause: Evasion moves are banned
|rule|Evasion Abilities Clause: Evasion abilities are banned
|rule|Sleep Moves Clause: Sleep-inducing moves are banned
|clearpoke
|poke|p1|Iron Valiant|
|poke|p1|Excadrill, F|
|poke|p1|Tyranitar, F|
|poke|p1|Tornadus-Therian, M|
|poke|p1|Ogerpon-Cornerstone, F|
|poke|p1|Toxapex, M|
|poke|p2|Rillaboom, F|
|poke|p2|Ninetales, M|
|poke|p2|Great Tusk|
|poke|p2|Typhlosion-Hisui, M|
|poke|p2|Ribombee, M|
|poke|p2|Keldeo-Resolute|
|teampreview
|inactive|Battle timer is ON: inactive players will automatically lose when time's up. (requested by jessies boyfriend)
|
|t:|1769438988
|teamsize|p1|6
|teamsize|p2|6
|start
|switch|p1a: Excadrill|Excadrill, F|100/100
|switch|p2a: Ribombee|Ribombee, M|100/100
|turn|1
|
|t:|1769438998
|move|p2a: Ribombee|Stun Spore|p1a: Excadrill
|-status|p1a: Excadrill|par
|move|p1a: Excadrill|Substitute|p1a: Excadrill
|-start|p1a: Excadrill|Substitute
|-damage|p1a: Excadrill|76/100 par
|
|-heal|p1a: Excadrill|82/100 par|[from] item: Leftovers
|upkeep
|turn|2
|
|t:|1769439006
|move|p2a: Ribombee|Moonblast|p1a: Excadrill
|-resisted|p1a: Excadrill
|-end|p1a: Excadrill|Substitute
|cant|p1a: Excadrill|par
|
|-heal|p1a: Excadrill|88/100 par|[from] item: Leftovers
|upkeep
|turn|3
|
|t:|1769439014
|move|p2a: Ribombee|Sticky Web|p1a: Excadrill
|-sidestart|p1: testthoitestthoi2|move: Sticky Web
|move|p1a: Excadrill|Rock Slide|p2a: Ribombee
|-supereffective|p2a: Ribombee
|-crit|p2a: Ribombee
|-enditem|p2a: Ribombee|Focus Sash
|-damage|p2a: Ribombee|1/100
|
|-heal|p1a: Excadrill|94/100 par|[from] item: Leftovers
|upkeep
|turn|4
|
|t:|1769439023
|move|p2a: Ribombee|U-turn|p1a: Excadrill
|-resisted|p1a: Excadrill
|-damage|p1a: Excadrill|84/100 par
|
|t:|1769439026
|switch|p2a: Typhlosion|Typhlosion-Hisui, M|100/100|[from] U-turn
|move|p1a: Excadrill|Substitute|p1a: Excadrill
|-start|p1a: Excadrill|Substitute
|-damage|p1a: Excadrill|59/100 par
|
|-heal|p1a: Excadrill|65/100 par|[from] item: Leftovers
|upkeep
|turn|5
|
|t:|1769439036
|move|p2a: Typhlosion|Substitute|p2a: Typhlosion
|-start|p2a: Typhlosion|Substitute
|-damage|p2a: Typhlosion|76/100
|cant|p1a: Excadrill|par
|
|-heal|p2a: Typhlosion|82/100|[from] item: Leftovers
|-heal|p1a: Excadrill|71/100 par|[from] item: Leftovers
|upkeep
|turn|6
|
|t:|1769439044
|move|p2a: Typhlosion|Eruption|p1a: Excadrill
|-supereffective|p1a: Excadrill
|-end|p1a: Excadrill|Substitute
|move|p1a: Excadrill|Earthquake|p2a: Typhlosion
|-supereffective|p2a: Typhlosion
|-end|p2a: Typhlosion|Substitute
|
|-heal|p2a: Typhlosion|88/100|[from] item: Leftovers
|-heal|p1a: Excadrill|78/100 par|[from] item: Leftovers
|upkeep
|turn|7
|
|t:|1769439054
|switch|p1a: Toxapex|Toxapex, M|100/100
|-activate|p1a: Toxapex|move: Sticky Web
|-unboost|p1a: Toxapex|spe|1
|move|p2a: Typhlosion|Eruption|p1a: Toxapex
|-resisted|p1a: Toxapex
|-damage|p1a: Toxapex|80/100
|-enditem|p1a: Toxapex|Eject Button
|
|t:|1769439066
|switch|p1a: Tyranitar|Tyranitar, F|100/100
|-activate|p1a: Tyranitar|move: Sticky Web
|-unboost|p1a: Tyranitar|spe|1
|-weather|Sandstorm|[from] ability: Sand Stream|[of] p1a: Tyranitar
|
|-weather|Sandstorm|[upkeep]
|-damage|p2a: Typhlosion|82/100|[from] Sandstorm
|-heal|p2a: Typhlosion|88/100|[from] item: Leftovers
|upkeep
|turn|8
|
|t:|1769439084
|switch|p2a: Great Tusk|Great Tusk|100/100
|switch|p1a: Toxapex|Toxapex, M|100/100
|-activate|p1a: Toxapex|move: Sticky Web
|-unboost|p1a: Toxapex|spe|1
|
|-weather|Sandstorm|[upkeep]
|-damage|p1a: Toxapex|95/100|[from] Sandstorm
|upkeep
|turn|9
|
|t:|1769439094
|switch|p1a: Tornadus|Tornadus-Therian, M|100/100
|move|p2a: Great Tusk|Headlong Rush|p1a: Tornadus
|-immune|p1a: Tornadus
|
|-weather|Sandstorm|[upkeep]
|-damage|p1a: Tornadus|94/100|[from] Sandstorm
|upkeep
|turn|10
|
|t:|1769439122
|-end|p2a: Great Tusk|Protosynthesis|[silent]
|switch|p2a: Ninetales|Ninetales, M, shiny|100/100
|-weather|SunnyDay|[from] ability: Drought|[of] p2a: Ninetales
|move|p1a: Tornadus|Bleakwind Storm|p2a: Ninetales
|-damage|p2a: Ninetales|22/100
|
|-weather|SunnyDay|[upkeep]
|upkeep
|turn|11
|
|t:|1769439131
|switch|p2a: Ribombee|Ribombee, M|1/100
|move|p1a: Tornadus|Bleakwind Storm|p2a: Ribombee
|-supereffective|p2a: Ribombee
|-damage|p2a: Ribombee|0 fnt
|faint|p2a: Ribombee
|
|-weather|SunnyDay|[upkeep]
|upkeep
|
|t:|1769439136
|switch|p2a: Typhlosion|Typhlosion-Hisui, M|88/100
|turn|12
|
|t:|1769439143
|switch|p1a: Toxapex|Toxapex, M|100/100
|-activate|p1a: Toxapex|move: Sticky Web
|-unboost|p1a: Toxapex|spe|1
|-terastallize|p2a: Typhlosion|Fire
|move|p2a: Typhlosion|Eruption|p1a: Toxapex
|-resisted|p1a: Toxapex
|-damage|p1a: Toxapex|54/100
|
|-weather|SunnyDay|[upkeep]
|-heal|p2a: Typhlosion|94/100|[from] item: Leftovers
|upkeep
|turn|13
|
|t:|1769439158
|move|p2a: Typhlosion|Substitute|p2a: Typhlosion
|-start|p2a: Typhlosion|Substitute
|-damage|p2a: Typhlosion|69/100
|move|p1a: Toxapex|Toxic||[still]
|-fail|p1a: Toxapex
|
|-weather|SunnyDay|[upkeep]
|-heal|p2a: Typhlosion|75/100|[from] item: Leftovers
|upkeep
|turn|14
|
|t:|1769439167
|switch|p1a: Tyranitar|Tyranitar, F|100/100
|-activate|p1a: Tyranitar|move: Sticky Web
|-unboost|p1a: Tyranitar|spe|1
|-weather|Sandstorm|[from] ability: Sand Stream|[of] p1a: Tyranitar
|move|p2a: Typhlosion|Infernal Parade|p1a: Tyranitar
|-resisted|p1a: Tyranitar
|-damage|p1a: Tyranitar|90/100
|
|-weather|Sandstorm|[upkeep]
|-damage|p2a: Typhlosion|69/100|[from] Sandstorm
|-heal|p2a: Typhlosion|75/100|[from] item: Leftovers
|upkeep
|turn|15
|
|t:|1769439182
|move|p2a: Typhlosion|Infernal Parade|p1a: Tyranitar
|-resisted|p1a: Tyranitar
|-damage|p1a: Tyranitar|81/100
|move|p1a: Tyranitar|Knock Off|p2a: Typhlosion
|-end|p2a: Typhlosion|Substitute
|
|-weather|Sandstorm|[upkeep]
|-damage|p2a: Typhlosion|69/100|[from] Sandstorm
|-heal|p2a: Typhlosion|75/100|[from] item: Leftovers
|upkeep
|turn|16
|
|t:|1769439192
|switch|p2a: Great Tusk|Great Tusk|100/100
|move|p1a: Tyranitar|Knock Off|p2a: Great Tusk
|-resisted|p2a: Great Tusk
|-damage|p2a: Great Tusk|81/100
|-enditem|p2a: Great Tusk|Leftovers|[from] move: Knock Off|[of] p1a: Tyranitar
|
|-weather|Sandstorm|[upkeep]
|upkeep
|turn|17
|
|t:|1769439209
|switch|p1a: Tornadus|Tornadus-Therian, M|100/100
|move|p2a: Great Tusk|Ice Spinner|p1a: Tornadus
|-supereffective|p1a: Tornadus
|-damage|p1a: Tornadus|38/100
|
|-weather|Sandstorm|[upkeep]
|-damage|p1a: Tornadus|32/100|[from] Sandstorm
|upkeep
|turn|18
|
|t:|1769439218
|move|p1a: Tornadus|Bleakwind Storm|p2a: Great Tusk
|-supereffective|p2a: Great Tusk
|-damage|p2a: Great Tusk|0 fnt
|faint|p2a: Great Tusk
|-end|p2a: Great Tusk|Protosynthesis|[silent]
|
|-weather|Sandstorm|[upkeep]
|-damage|p1a: Tornadus|26/100|[from] Sandstorm
|upkeep
|
|t:|1769439227
|switch|p2a: Rillaboom|Rillaboom, F|100/100
|-fieldstart|move: Grassy Terrain|[from] ability: Grassy Surge|[of] p2a: Rillaboom
|turn|19
|
|t:|1769439234
|switch|p1a: Toxapex|Toxapex, M|87/100
|-activate|p1a: Toxapex|move: Sticky Web
|-unboost|p1a: Toxapex|spe|1
|move|p2a: Rillaboom|Grassy Glide|p1a: Toxapex
|-damage|p1a: Toxapex|67/100
|
|-weather|Sandstorm|[upkeep]
|-damage|p2a: Rillaboom|94/100|[from] Sandstorm
|-damage|p1a: Toxapex|61/100|[from] Sandstorm
|-heal|p2a: Rillaboom|100/100|[from] Grassy Terrain
|-heal|p1a: Toxapex|67/100|[from] Grassy Terrain
|upkeep
|turn|20
|
|t:|1769439246
|move|p2a: Rillaboom|Leech Seed|p1a: Toxapex
|-start|p1a: Toxapex|move: Leech Seed
|move|p1a: Toxapex|Toxic Spikes|p2a: Rillaboom
|-sidestart|p2: jessies boyfriend|move: Toxic Spikes
|
|-weather|Sandstorm|[upkeep]
|-damage|p2a: Rillaboom|94/100|[from] Sandstorm
|-damage|p1a: Toxapex|61/100|[from] Sandstorm
|-heal|p2a: Rillaboom|100/100|[from] Grassy Terrain
|-heal|p1a: Toxapex|67/100|[from] Grassy Terrain
|-damage|p1a: Toxapex|54/100|[from] Leech Seed|[of] p2a: Rillaboom
|upkeep
|turn|21
|
|t:|1769439266
|move|p2a: Rillaboom|U-turn|p1a: Toxapex
|-resisted|p1a: Toxapex
|-damage|p1a: Toxapex|48/100
|
|t:|1769439269
|switch|p2a: Typhlosion|Typhlosion-Hisui, M, tera:Fire|75/100|[from] U-turn
|-status|p2a: Typhlosion|psn
|move|p1a: Toxapex|Toxic Spikes|p2a: Typhlosion
|-sidestart|p2: jessies boyfriend|move: Toxic Spikes
|
|-weather|none
|-heal|p2a: Typhlosion|81/100 psn|[from] Grassy Terrain
|-heal|p2a: Typhlosion|87/100 psn|[from] item: Leftovers
|-heal|p1a: Toxapex|54/100|[from] Grassy Terrain
|-damage|p1a: Toxapex|41/100|[from] Leech Seed|[of] p2a: Typhlosion
|-heal|p2a: Typhlosion|99/100 psn|[silent]
|-damage|p2a: Typhlosion|87/100 psn|[from] psn
|upkeep
|turn|22
|
|t:|1769439284
|switch|p1a: Tyranitar|Tyranitar, F|81/100
|-activate|p1a: Tyranitar|move: Sticky Web
|-unboost|p1a: Tyranitar|spe|1
|-weather|Sandstorm|[from] ability: Sand Stream|[of] p1a: Tyranitar
|move|p2a: Typhlosion|Calm Mind|p2a: Typhlosion
|-boost|p2a: Typhlosion|spa|1
|-boost|p2a: Typhlosion|spd|1
|
|-weather|Sandstorm|[upkeep]
|-damage|p2a: Typhlosion|81/100 psn|[from] Sandstorm
|-heal|p2a: Typhlosion|87/100 psn|[from] Grassy Terrain
|-heal|p2a: Typhlosion|93/100 psn|[from] item: Leftovers
|-heal|p1a: Tyranitar|87/100|[from] Grassy Terrain
|-damage|p2a: Typhlosion|81/100 psn|[from] psn
|upkeep
|turn|23
|
|t:|1769439299
|move|p2a: Typhlosion|Infernal Parade|p1a: Tyranitar
|-resisted|p1a: Tyranitar
|-damage|p1a: Tyranitar|72/100
|-status|p1a: Tyranitar|brn
|move|p1a: Tyranitar|Stealth Rock|p2a: Typhlosion
|-sidestart|p2: jessies boyfriend|move: Stealth Rock
|
|-weather|Sandstorm|[upkeep]
|-damage|p2a: Typhlosion|75/100 psn|[from] Sandstorm
|-heal|p2a: Typhlosion|81/100 psn|[from] Grassy Terrain
|-heal|p2a: Typhlosion|87/100 psn|[from] item: Leftovers
|-heal|p1a: Tyranitar|78/100 brn|[from] Grassy Terrain
|-damage|p2a: Typhlosion|75/100 psn|[from] psn
|-damage|p1a: Tyranitar|72/100 brn|[from] brn
|upkeep
|turn|24
|
|t:|1769439317
|move|p2a: Typhlosion|Infernal Parade|p1a: Tyranitar
|-resisted|p1a: Tyranitar
|-damage|p1a: Tyranitar|43/100 brn
|move|p1a: Tyranitar|Knock Off|p2a: Typhlosion
|-damage|p2a: Typhlosion|36/100 psn
|-enditem|p2a: Typhlosion|Leftovers|[from] move: Knock Off|[of] p1a: Tyranitar
|
|-weather|Sandstorm|[upkeep]
|-damage|p2a: Typhlosion|30/100 psn|[from] Sandstorm
|-heal|p2a: Typhlosion|36/100 psn|[from] Grassy Terrain
|-heal|p1a: Tyranitar|49/100 brn|[from] Grassy Terrain
|-damage|p2a: Typhlosion|24/100 psn|[from] psn
|-damage|p1a: Tyranitar|43/100 brn|[from] brn
|upkeep
|turn|25
|l|☆jessies boyfriend
|inactive|jessies boyfriend disconnected and has a minute to reconnect!
|player|p2|
|
|t:|1769439331
|switch|p1a: Toxapex|Toxapex, M|75/100
|-activate|p1a: Toxapex|move: Sticky Web
|-unboost|p1a: Toxapex|spe|1
|move|p2a: Typhlosion|Infernal Parade|p1a: Toxapex
|-damage|p1a: Toxapex|45/100
|
|-weather|Sandstorm|[upkeep]
|-damage|p2a: Typhlosion|18/100 psn|[from] Sandstorm
|-damage|p1a: Toxapex|39/100|[from] Sandstorm
|-heal|p2a: Typhlosion|24/100 psn|[from] Grassy Terrain
|-heal|p1a: Toxapex|45/100|[from] Grassy Terrain
|-damage|p2a: Typhlosion|12/100 psn|[from] psn
|upkeep
|turn|26
|j|☆jessies boyfriend
|inactive|jessies boyfriend reconnected and has 135 seconds left.
|player|p2|jessies boyfriend|brock|
|inactive|jessies boyfriend has 120 seconds left.
|
|t:|1769439386
|move|p2a: Typhlosion|Infernal Parade|p1a: Toxapex
|-damage|p1a: Toxapex|14/100
|move|p1a: Toxapex|Recover|p1a: Toxapex
|-heal|p1a: Toxapex|64/100
|
|-weather|Sandstorm|[upkeep]
|-damage|p2a: Typhlosion|6/100 psn|[from] Sandstorm
|-damage|p1a: Toxapex|58/100|[from] Sandstorm
|-heal|p2a: Typhlosion|12/100 psn|[from] Grassy Terrain
|-heal|p1a: Toxapex|64/100|[from] Grassy Terrain
|-damage|p2a: Typhlosion|0 fnt|[from] psn
|faint|p2a: Typhlosion
|-fieldend|move: Grassy Terrain
|upkeep
|inactive|jessies boyfriend has 90 seconds left.
|l|☆jessies boyfriend
|inactive|jessies boyfriend disconnected and has a minute to reconnect!
|player|p2|
|inactive|jessies boyfriend has 30 seconds to reconnect!
|inactive|jessies boyfriend has 20 seconds to reconnect!
|inactive|jessies boyfriend has 15 seconds to reconnect!
|inactive|jessies boyfriend has 10 seconds to reconnect!
|inactive|jessies boyfriend has 5 seconds to reconnect!
|-message|jessies boyfriend lost due to inactivity.
|
|win|testthoitestthoi2
|raw|testthoitestthoi2's rating: 1374 &rarr; <strong>1396</strong><br />(+22 for winning)
|raw|jessies boyfriend's rating: 1417 &rarr; <strong>1395</strong><br />(-22 for losing)
|l|☆testthoitestthoi2
|player|p1|
