|j|☆shottyoddyoddy
|j|☆maneki uwu
|t:|1769415447
|gametype|singles
|player|p1|shottyoddyoddy|vince|1172
|player|p2|maneki uwu|serena-masters2|1228
|gen|9
|tier|[Gen 9] OU
|rated|
|rule|HP Percentage Mod: HP is shown in percentages
|rule|Endless Battle Clause: Forcing endless battles is banned
|rule|Species Clause: Limit one of each Pokémon
|rule|OHKO Clause: OHKO moves are banned
|rule|Evasion Items Clause: Evasion items are banned
|rule|Evasion Moves Clause: Evasion moves are banned
|rule|Evasion Abilities Clause: Evasion abilities are banned
|rule|Sleep Moves Clause: Sleep-inducing moves are banned
|clearpoke
|poke|p1|Gholdengo|
|poke|p1|Rillaboom, F|
|poke|p1|Gardevoir, F|
|poke|p1|Glimmora, M|
|poke|p1|Maushold|
|poke|p1|Latios, M|
|poke|p2|Serperior, M|
|poke|p2|Sylveon, F|
|poke|p2|Gliscor, M|
|poke|p2|Bisharp, F|
|poke|p2|Espeon, F|
|poke|p2|Ditto|
|teampreview
|inactive|Battle timer is ON: inactive players will automatically lose when time's up. (requested by maneki uwu)
|
|t:|1769415486
|teamsize|p1|6
|teamsize|p2|6
|start
|switch|p1a: Glimmora|Glimmora, M|100/100
|switch|p2a: QI DE 143|Espeon, F|100/100
|turn|1
|
|t:|1769415503
|switch|p1a: Latios|Latios, M|100/100
|move|p2a: QI DE 143|Psychic|p1a: Latios
|-resisted|p1a: Latios
|-damage|p1a: Latios|83/100
|
|upkeep
|turn|2
|
|t:|1769415519
|move|p2a: QI DE 143|Light Screen|p2a: QI DE 143
|-sidestart|p2: maneki uwu|move: Light Screen
|move|p1a: Latios|Light Screen|p1a: Latios
|-sidestart|p1: shottyoddyoddy|move: Light Screen
|
|upkeep
|turn|3
|
|t:|1769415525
|move|p1a: Latios|Reflect|p1a: Latios
|-sidestart|p1: shottyoddyoddy|Reflect
|move|p2a: QI DE 143|Reflect|p2a: QI DE 143
|-sidestart|p2: maneki uwu|Reflect
|
|upkeep
|turn|4
|
|t:|1769415531
|switch|p2a: soleil levant|Bisharp, F|100/100
|move|p1a: Latios|Simple Beam|p2a: soleil levant
|-ability|p2a: soleil levant|Simple|Defiant|[from] move: Simple Beam
|
|upkeep
|turn|5
|
|t:|1769415537
|move|p1a: Latios|Memento|p2a: soleil levant
|-unboost|p2a: soleil levant|atk|4
|-unboost|p2a: soleil levant|spa|4
|faint|p1a: Latios
|move|p2a: soleil levant|Swords Dance|p2a: soleil levant
|-boost|p2a: soleil levant|atk|4
|
|upkeep
|
|t:|1769415554
|switch|p1a: Gardevoir|Gardevoir, F|100/100
|-ability|p1a: Gardevoir|Simple|Trace|[from] ability: Trace|[of] p2a: soleil levant
|turn|6
|
|t:|1769415566
|-terastallize|p1a: Gardevoir|Steel
|move|p1a: Gardevoir|Calm Mind|p1a: Gardevoir
|-boost|p1a: Gardevoir|spa|2
|-boost|p1a: Gardevoir|spd|2
|move|p2a: soleil levant|Swords Dance|p2a: soleil levant
|-boost|p2a: soleil levant|atk|4
|
|upkeep
|turn|7
|
|t:|1769415581
|move|p1a: Gardevoir|Calm Mind|p1a: Gardevoir
|-boost|p1a: Gardevoir|spa|2
|-boost|p1a: Gardevoir|spd|2
|move|p2a: soleil levant|Throat Chop|p1a: Gardevoir
|-damage|p1a: Gardevoir|5/100
|-start|p1a: Gardevoir|Throat Chop|[silent]
|-enditem|p1a: Gardevoir|Salac Berry|[eat]
|-boost|p1a: Gardevoir|spe|2|[from] item: Salac Berry
|
|upkeep
|turn|8
|
|t:|1769415586
|move|p1a: Gardevoir|Vacuum Wave|p2a: soleil levant
|-supereffective|p2a: soleil levant
|-damage|p2a: soleil levant|25/100
|move|p2a: soleil levant|Throat Chop|p1a: Gardevoir
|-damage|p1a: Gardevoir|0 fnt
|faint|p1a: Gardevoir
|
|upkeep
|-message|shottyoddyoddy forfeited.
|
|win|maneki uwu
|raw|shottyoddyoddy's rating: 1172 &rarr; <strong>1151</strong><br />(-21 for losing)
|raw|maneki uwu's rating: 1228 &rarr; <strong>1249</strong><br />(+21 for winning)
|l|☆shottyoddyoddy
|player|p1|
|l|☆maneki uwu
|player|p2|
