|j|☆noob1877 test
|j|☆Picosto
|t:|1769370479
|gametype|singles
|player|p1|noob1877 test|1|1824
|player|p2|Picosto|1|1720
|gen|9
|tier|[Gen 9] OU
|rated|
|rule|HP Percentage Mod: HP is shown in percentages
|rule|Endless Battle Clause: Forcing endless battles is banned
|rule|Species Clause: Limit one of each Pokémon
|rule|OHKO Clause: OHKO moves are banned
|rule|Evasion Items Clause: Evasion items are banned
|rule|Evasion Moves Clause: Evasion moves are banned
|rule|Evasion Abilities Clause: Evasion abilities are banned
|rule|Sleep Moves Clause: Sleep-inducing moves are banned
|clearpoke
|poke|p1|Tinkaton, F|
|poke|p1|Samurott-Hisui, M|
|poke|p1|Pecharunt|
|poke|p1|Hatterene, F|
|poke|p1|Darkrai|
|poke|p1|Iron Hands|
|poke|p2|Landorus-Therian, M|
|poke|p2|Cinderace, F|
|poke|p2|Enamorus, F|
|poke|p2|Zamazenta-*|
|poke|p2|Gholdengo|
|poke|p2|Hoopa-Unbound|
|teampreview
|
|t:|1769370505
|teamsize|p1|6
|teamsize|p2|6
|start
|switch|p1a: Pecharunt|Pecharunt|100/100
|switch|p2a: Landorus|Landorus-Therian, M|100/100
|-ability|p2a: Landorus|Intimidate|boost
|-unboost|p1a: Pecharunt|atk|1
|-item|p1a: Pecharunt|Air Balloon
|turn|1
|
|t:|1769370517
|move|p2a: Landorus|U-turn|p1a: Pecharunt
|-resisted|p1a: Pecharunt
|-damage|p1a: Pecharunt|95/100
|-enditem|p1a: Pecharunt|Air Balloon
|inactive|Battle timer is ON: inactive players will automatically lose when time's up. (requested by Picosto)
|
|t:|1769370521
|switch|p2a: Gholdengo|Gholdengo|100/100|[from] U-turn
|move|p1a: Pecharunt|Shadow Ball|p2a: Gholdengo
|-supereffective|p2a: Gholdengo
|-damage|p2a: Gholdengo|35/100
|
|upkeep
|turn|2
|
|t:|1769370525
|switch|p1a: Samurott|Samurott-Hisui, M|100/100
|-item|p1a: Samurott|Air Balloon
|move|p2a: Gholdengo|Make It Rain|p1a: Samurott
|-resisted|p1a: Samurott
|-damage|p1a: Samurott|32/100
|-unboost|p2a: Gholdengo|spa|1
|-enditem|p1a: Samurott|Air Balloon
|
|upkeep
|turn|3
|
|t:|1769370531
|switch|p2a: Enamorus|Enamorus, F|100/100
|move|p1a: Samurott|Ceaseless Edge|p2a: Enamorus
|-resisted|p2a: Enamorus
|-damage|p2a: Enamorus|67/100
|-start|p1a: Samurott|Attract|[from] ability: Cute Charm|[of] p2a: Enamorus
|-sidestart|p2: Picosto|Spikes
|
|upkeep
|turn|4
|
|t:|1769370538
|switch|p1a: Tinkaton|Tinkaton, F|100/100
|-ability|p1a: Tinkaton|Mold Breaker
|-item|p1a: Tinkaton|Air Balloon
|move|p2a: Enamorus|Earth Power|p1a: Tinkaton
|-immune|p1a: Tinkaton
|
|upkeep
|turn|5
|
|t:|1769370558
|switch|p2a: Landorus|Landorus-Therian, M|100/100
|-ability|p2a: Landorus|Intimidate|boost
|-unboost|p1a: Tinkaton|atk|1
|move|p1a: Tinkaton|Gigaton Hammer|p2a: Landorus
|-damage|p2a: Landorus|69/100
|
|upkeep
|turn|6
|
|t:|1769370578
|move|p2a: Landorus|U-turn|p1a: Tinkaton
|-resisted|p1a: Tinkaton
|-damage|p1a: Tinkaton|93/100
|-enditem|p1a: Tinkaton|Air Balloon
|
|t:|1769370585
|switch|p2a: Gholdengo|Gholdengo|35/100|[from] U-turn
|-damage|p2a: Gholdengo|22/100|[from] Spikes
|move|p1a: Tinkaton|Stealth Rock|p2a: Gholdengo
|-sidestart|p2: Picosto|move: Stealth Rock
|
|upkeep
|turn|7
|
|t:|1769370589
|move|p1a: Tinkaton|Thunder Wave|p2a: Gholdengo
|-status|p2a: Gholdengo|par
|move|p2a: Gholdengo|Make It Rain|p1a: Tinkaton
|-damage|p1a: Tinkaton|15/100
|-unboost|p2a: Gholdengo|spa|1
|
|upkeep
|turn|8
|
|t:|1769370596
|move|p1a: Tinkaton|Gigaton Hammer|p2a: Gholdengo
|-resisted|p2a: Gholdengo
|-damage|p2a: Gholdengo|9/100 par
|move|p2a: Gholdengo|Make It Rain|p1a: Tinkaton
|-damage|p1a: Tinkaton|0 fnt
|-unboost|p2a: Gholdengo|spa|1
|faint|p1a: Tinkaton
|
|upkeep
|
|t:|1769370601
|switch|p1a: Iron Hands|Iron Hands|100/100
|-item|p1a: Iron Hands|Air Balloon
|turn|9
|
|t:|1769370606
|move|p1a: Iron Hands|Swords Dance|p1a: Iron Hands
|-boost|p1a: Iron Hands|atk|2
|move|p2a: Gholdengo|Make It Rain|p1a: Iron Hands
|-resisted|p1a: Iron Hands
|-damage|p1a: Iron Hands|80/100
|-unboost|p2a: Gholdengo|spa|1
|-enditem|p1a: Iron Hands|Air Balloon
|
|upkeep
|turn|10
|c|☆Picosto|that balloon team T-T
|
|t:|1769370618
|move|p1a: Iron Hands|Thunder Punch|p2a: Gholdengo
|-damage|p2a: Gholdengo|0 fnt
|faint|p2a: Gholdengo
|
|upkeep
|
|t:|1769370620
|switch|p2a: Landorus|Landorus-Therian, M|69/100
|-damage|p2a: Landorus|57/100|[from] Stealth Rock
|-ability|p2a: Landorus|Intimidate|boost
|-unboost|p1a: Iron Hands|atk|1
|turn|11
|inactive|noob1877 test has 120 seconds left.
|
|t:|1769370659
|-terastallize|p1a: Iron Hands|Flying
|move|p2a: Landorus|Earthquake|p1a: Iron Hands
|-immune|p1a: Iron Hands
|move|p1a: Iron Hands|Swords Dance|p1a: Iron Hands
|-boost|p1a: Iron Hands|atk|2
|
|upkeep
|turn|12
|
|t:|1769370684
|switch|p2a: Enamorus|Enamorus, F|67/100
|-damage|p2a: Enamorus|42/100|[from] Stealth Rock
|move|p1a: Iron Hands|Drain Punch|p2a: Enamorus
|-resisted|p2a: Enamorus
|-damage|p2a: Enamorus|0 fnt
|-heal|p1a: Iron Hands|94/100|[from] drain|[of] p2a: Enamorus
|faint|p2a: Enamorus
|
|upkeep
|j| double lead paint
|
|t:|1769370696
|switch|p2a: Landorus|Landorus-Therian, M|57/100
|-damage|p2a: Landorus|45/100|[from] Stealth Rock
|-ability|p2a: Landorus|Intimidate|boost
|-unboost|p1a: Iron Hands|atk|1
|turn|13
|inactive|noob1877 test has 120 seconds left.
|c| double lead paint|mono balloon
|
|t:|1769370737
|move|p2a: Landorus|Stone Edge|p1a: Iron Hands|[miss]
|-miss|p2a: Landorus|p1a: Iron Hands
|move|p1a: Iron Hands|Drain Punch|p2a: Landorus
|-resisted|p2a: Landorus
|-damage|p2a: Landorus|0 fnt
|-heal|p1a: Iron Hands|100/100|[from] drain|[of] p2a: Landorus
|faint|p2a: Landorus
|
|upkeep
|j| shedtailhater
|
|t:|1769370742
|switch|p2a: Zamazenta|Zamazenta|100/100
|-damage|p2a: Zamazenta|88/100|[from] Spikes
|-damage|p2a: Zamazenta|82/100|[from] Stealth Rock
|-ability|p2a: Zamazenta|Dauntless Shield|boost
|-boost|p2a: Zamazenta|def|1
|turn|14
|
|t:|1769370746
|-terastallize|p2a: Zamazenta|Fairy
|move|p2a: Zamazenta|Iron Defense|p2a: Zamazenta
|-boost|p2a: Zamazenta|def|2
|move|p1a: Iron Hands|Drain Punch|p2a: Zamazenta
|-resisted|p2a: Zamazenta
|-damage|p2a: Zamazenta|72/100
|
|-heal|p2a: Zamazenta|78/100|[from] item: Leftovers
|upkeep
|turn|15
|
|t:|1769370751
|move|p2a: Zamazenta|Crunch|p1a: Iron Hands
|-damage|p1a: Iron Hands|86/100
|move|p1a: Iron Hands|Thunder Punch|p2a: Zamazenta
|-damage|p2a: Zamazenta|56/100
|
|-heal|p2a: Zamazenta|62/100|[from] item: Leftovers
|upkeep
|turn|16
|
|t:|1769370754
|move|p2a: Zamazenta|Body Press|p1a: Iron Hands
|-resisted|p1a: Iron Hands
|-damage|p1a: Iron Hands|48/100
|move|p1a: Iron Hands|Thunder Punch|p2a: Zamazenta
|-damage|p2a: Zamazenta|40/100
|
|-heal|p2a: Zamazenta|46/100|[from] item: Leftovers
|upkeep
|turn|17
|
|t:|1769370757
|move|p2a: Zamazenta|Body Press|p1a: Iron Hands
|-resisted|p1a: Iron Hands
|-damage|p1a: Iron Hands|12/100
|move|p1a: Iron Hands|Thunder Punch|p2a: Zamazenta
|-damage|p2a: Zamazenta|27/100
|
|-heal|p2a: Zamazenta|33/100|[from] item: Leftovers
|upkeep
|turn|18
|
|t:|1769370762
|move|p2a: Zamazenta|Crunch|p1a: Iron Hands
|-damage|p1a: Iron Hands|0 fnt
|faint|p1a: Iron Hands
|-end|p1a: Iron Hands|Quark Drive|[silent]
|
|-heal|p2a: Zamazenta|39/100|[from] item: Leftovers
|upkeep
|j| Fifo drummer
|
|t:|1769370764
|switch|p1a: Pecharunt|Pecharunt|95/100
|turn|19
|
|t:|1769370767
|move|p2a: Zamazenta|Crunch|p1a: Pecharunt
|-supereffective|p1a: Pecharunt
|-damage|p1a: Pecharunt|63/100
|-unboost|p1a: Pecharunt|def|1
|move|p1a: Pecharunt|Malignant Chain|p2a: Zamazenta
|-supereffective|p2a: Zamazenta
|-damage|p2a: Zamazenta|0 fnt
|faint|p2a: Zamazenta
|
|upkeep
|
|t:|1769370770
|switch|p2a: Cinderace|Cinderace, F|100/100
|-damage|p2a: Cinderace|88/100|[from] Spikes
|-damage|p2a: Cinderace|63/100|[from] Stealth Rock
|turn|20
|
|t:|1769370780
|move|p2a: Cinderace|Pyro Ball|p1a: Pecharunt
|-damage|p1a: Pecharunt|0 fnt
|faint|p1a: Pecharunt
|
|upkeep
|
|t:|1769370792
|switch|p1a: Darkrai|Darkrai|100/100
|-item|p1a: Darkrai|Air Balloon
|turn|21
|
|t:|1769370795
|switch|p2a: Hoopa|Hoopa-Unbound|100/100
|-damage|p2a: Hoopa|88/100|[from] Spikes
|-damage|p2a: Hoopa|76/100|[from] Stealth Rock
|move|p1a: Darkrai|Dark Pulse|p2a: Hoopa
|-damage|p2a: Hoopa|60/100
|
|upkeep
|turn|22
|
|t:|1769370798
|switch|p1a: Hatterene|Hatterene, F|100/100
|-item|p1a: Hatterene|Air Balloon
|move|p2a: Hoopa|Drain Punch|p1a: Hatterene
|-resisted|p1a: Hatterene
|-damage|p1a: Hatterene|95/100
|-heal|p2a: Hoopa|62/100|[from] drain|[of] p1a: Hatterene
|-enditem|p1a: Hatterene|Air Balloon
|
|upkeep
|turn|23
|
|t:|1769370803
|move|p2a: Hoopa|Hyperspace Fury|p1a: Hatterene
|-damage|p1a: Hatterene|50/100
|-unboost|p2a: Hoopa|def|1
|move|p1a: Hatterene|Draining Kiss|p2a: Hoopa
|-supereffective|p2a: Hoopa
|-damage|p2a: Hoopa|44/100
|-heal|p1a: Hatterene|66/100|[from] drain|[of] p2a: Hoopa
|
|upkeep
|turn|24
|
|t:|1769370807
|move|p2a: Hoopa|Hyperspace Fury|p1a: Hatterene
|-damage|p1a: Hatterene|25/100
|-unboost|p2a: Hoopa|def|1
|move|p1a: Hatterene|Draining Kiss|p2a: Hoopa
|-supereffective|p2a: Hoopa
|-damage|p2a: Hoopa|28/100
|-heal|p1a: Hatterene|39/100|[from] drain|[of] p2a: Hoopa
|
|upkeep
|turn|25
|
|t:|1769370809
|move|p2a: Hoopa|Hyperspace Fury|p1a: Hatterene
|-damage|p1a: Hatterene|0 fnt
|-unboost|p2a: Hoopa|def|1
|faint|p1a: Hatterene
|
|upkeep
|
|t:|1769370810
|switch|p1a: Samurott|Samurott-Hisui, M|32/100
|turn|26
|
|t:|1769370815
|move|p1a: Samurott|Knock Off|p2a: Hoopa
|-damage|p2a: Hoopa|0 fnt
|-enditem|p2a: Hoopa|Assault Vest|[from] move: Knock Off|[of] p1a: Samurott
|faint|p2a: Hoopa
|
|upkeep
|
|t:|1769370817
|switch|p2a: Cinderace|Cinderace, F|63/100
|-damage|p2a: Cinderace|51/100|[from] Spikes
|-damage|p2a: Cinderace|26/100|[from] Stealth Rock
|turn|27
|
|t:|1769370819
|move|p1a: Samurott|Sucker Punch|p2a: Cinderace
|-damage|p2a: Cinderace|0 fnt
|faint|p2a: Cinderace
|
|win|noob1877 test
|raw|noob1877 test's rating: 1824 &rarr; <strong>1838</strong><br />(+14 for winning)
|raw|Picosto's rating: 1720 &rarr; <strong>1706</strong><br />(-14 for losing)
|c|☆Picosto|wp
|l|☆noob1877 test
|player|p1|
|l|☆Picosto
|player|p2|
|l| double lead paint
|l| shedtailhater
