|j|☆poloniumew
|j|☆GreninjaMyFav
|t:|1769317748
|gametype|singles
|player|p1|poloniumew|serena-masters3|1540
|player|p2|GreninjaMyFav|170|1590
|gen|9
|tier|[Gen 9] OU
|rated|
|rule|HP Percentage Mod: HP is shown in percentages
|rule|Endless Battle Clause: Forcing endless battles is banned
|rule|Species Clause: Limit one of each Pokémon
|rule|OHKO Clause: OHKO moves are banned
|rule|Evasion Items Clause: Evasion items are banned
|rule|Evasion Moves Clause: Evasion moves are banned
|rule|Evasion Abilities Clause: Evasion abilities are banned
|rule|Sleep Moves Clause: Sleep-inducing moves are banned
|clearpoke
|poke|p1|Kyurem|
|poke|p1|Corviknight, M|
|poke|p1|Alomomola, M|
|poke|p1|Slowking-Galar, M|
|poke|p1|Samurott-Hisui, F|
|poke|p1|Great Tusk|
|poke|p2|Rillaboom, F|
|poke|p2|Gholdengo|
|poke|p2|Greninja-*, M|
|poke|p2|Heatran, F|
|poke|p2|Great Tusk|
|poke|p2|Darkrai|
|teampreview
|inactive|Battle timer is ON: inactive players will automatically lose when time's up. (requested by poloniumew)
|j| aarer
|
|t:|1769317774
|teamsize|p1|6
|teamsize|p2|6
|start
|switch|p1a: Kyurem|Kyurem|100/100
|switch|p2a: Greninja|Greninja, M|100/100
|-ability|p1a: Kyurem|Pressure
|turn|1
|
|t:|1769317791
|move|p2a: Greninja|Ice Beam|p1a: Kyurem
|-start|p2a: Greninja|typechange|Ice|[from] ability: Protean
|-damage|p1a: Kyurem|44/100
|move|p1a: Kyurem|Substitute|p1a: Kyurem
|-start|p1a: Kyurem|Substitute
|-damage|p1a: Kyurem|19/100
|
|-heal|p1a: Kyurem|25/100|[from] item: Leftovers
|upkeep
|turn|2
|
|t:|1769317799
|move|p1a: Kyurem|Protect|p1a: Kyurem
|-singleturn|p1a: Kyurem|Protect
|move|p2a: Greninja|Ice Beam|p1a: Kyurem
|-activate|p1a: Kyurem|move: Protect
|
|-heal|p1a: Kyurem|31/100|[from] item: Leftovers
|upkeep
|turn|3
|
|t:|1769317810
|move|p2a: Greninja|Ice Beam|p1a: Kyurem
|-end|p1a: Kyurem|Substitute
|move|p1a: Kyurem|Earth Power|p2a: Greninja
|-crit|p2a: Greninja
|-damage|p2a: Greninja|29/100
|
|-heal|p1a: Kyurem|38/100|[from] item: Leftovers
|upkeep
|turn|4
|
|t:|1769317818
|move|p1a: Kyurem|Protect|p1a: Kyurem
|-singleturn|p1a: Kyurem|Protect
|move|p2a: Greninja|Ice Beam|p1a: Kyurem
|-activate|p1a: Kyurem|move: Protect
|
|-heal|p1a: Kyurem|44/100|[from] item: Leftovers
|upkeep
|turn|5
|
|t:|1769317829
|switch|p1a: Slowking|Slowking-Galar, M|100/100
|move|p2a: Greninja|Ice Beam|p1a: Slowking
|-damage|p1a: Slowking|64/100
|
|upkeep
|turn|6
|
|t:|1769317836
|switch|p2a: Heatran|Heatran, F|100/100
|move|p1a: Slowking|Sludge Bomb|p2a: Heatran
|-immune|p2a: Heatran
|
|upkeep
|turn|7
|
|t:|1769317841
|switch|p1a: Alomomola|Alomomola, M|100/100
|move|p2a: Heatran|Stealth Rock|p1a: Alomomola
|-sidestart|p1: poloniumew|move: Stealth Rock
|
|upkeep
|turn|8
|
|t:|1769317844
|switch|p2a: Rillaboom|Rillaboom, F|100/100
|-fieldstart|move: Grassy Terrain|[from] ability: Grassy Surge|[of] p2a: Rillaboom
|move|p1a: Alomomola|Flip Turn|p2a: Rillaboom
|-resisted|p2a: Rillaboom
|-damage|p2a: Rillaboom|92/100
|
|t:|1769317849
|switch|p1a: Corviknight|Corviknight, M|100/100|[from] Flip Turn
|-damage|p1a: Corviknight|88/100|[from] Stealth Rock
|-ability|p1a: Corviknight|Pressure
|
|-heal|p2a: Rillaboom|98/100|[from] Grassy Terrain
|upkeep
|turn|9
|
|t:|1769317859
|switch|p2a: Gholdengo|Gholdengo|100/100
|-item|p2a: Gholdengo|Air Balloon
|move|p1a: Corviknight|U-turn|p2a: Gholdengo
|-resisted|p2a: Gholdengo
|-damage|p2a: Gholdengo|98/100
|-enditem|p2a: Gholdengo|Air Balloon
|
|t:|1769317863
|switch|p1a: Great Tusk|Great Tusk|100/100|[from] U-turn
|
|-heal|p2a: Gholdengo|100/100|[from] Grassy Terrain
|upkeep
|turn|10
|
|t:|1769317869
|move|p1a: Great Tusk|Headlong Rush|p2a: Gholdengo
|-supereffective|p2a: Gholdengo
|-crit|p2a: Gholdengo
|-damage|p2a: Gholdengo|0 fnt
|-unboost|p1a: Great Tusk|def|1
|-unboost|p1a: Great Tusk|spd|1
|faint|p2a: Gholdengo
|
|upkeep
|
|t:|1769317872
|switch|p2a: Greninja|Greninja, M|29/100
|turn|11
|
|t:|1769317881
|-end|p1a: Great Tusk|Protosynthesis|[silent]
|switch|p1a: Slowking|Slowking-Galar, M|98/100
|move|p2a: Greninja|Hydro Pump|p1a: Slowking
|-start|p2a: Greninja|typechange|Water|[from] ability: Protean
|-damage|p1a: Slowking|55/100
|
|-heal|p2a: Greninja|35/100|[from] Grassy Terrain
|-heal|p1a: Slowking|61/100|[from] Grassy Terrain
|upkeep
|turn|12
|
|t:|1769317886
|switch|p2a: Darkrai|Darkrai|100/100
|move|p1a: Slowking|Sludge Bomb|p2a: Darkrai
|-damage|p2a: Darkrai|53/100
|
|-heal|p2a: Darkrai|59/100|[from] Grassy Terrain
|-heal|p1a: Slowking|67/100|[from] Grassy Terrain
|-fieldend|move: Grassy Terrain
|upkeep
|turn|13
|
|t:|1769317891
|move|p2a: Darkrai|Will-O-Wisp|p1a: Slowking
|-status|p1a: Slowking|brn
|-prepare|p1a: Slowking|Chilly Reception|[premajor]
|move|p1a: Slowking|Chilly Reception|p1a: Slowking
|-weather|Snowscape
|
|t:|1769317897
|switch|p1a: Samurott|Samurott-Hisui, F|100/100|[from] Chilly Reception
|-damage|p1a: Samurott|88/100|[from] Stealth Rock
|
|-weather|Snowscape|[upkeep]
|upkeep
|turn|14
|
|t:|1769317903
|switch|p2a: Rillaboom|Rillaboom, F|98/100
|-fieldstart|move: Grassy Terrain|[from] ability: Grassy Surge|[of] p2a: Rillaboom
|move|p1a: Samurott|Ceaseless Edge|p2a: Rillaboom
|-damage|p2a: Rillaboom|51/100
|-sidestart|p2: GreninjaMyFav|Spikes
|
|-weather|Snowscape|[upkeep]
|-heal|p2a: Rillaboom|57/100|[from] Grassy Terrain
|-heal|p1a: Samurott|94/100|[from] Grassy Terrain
|upkeep
|turn|15
|
|t:|1769317910
|switch|p2a: Great Tusk|Great Tusk|100/100
|switch|p1a: Corviknight|Corviknight, M|88/100
|-damage|p1a: Corviknight|76/100|[from] Stealth Rock
|-ability|p1a: Corviknight|Pressure
|
|-weather|Snowscape|[upkeep]
|upkeep
|turn|16
|-message|GreninjaMyFav forfeited.
|
|win|poloniumew
|raw|poloniumew's rating: 1540 &rarr; <strong>1563</strong><br />(+23 for winning)
|raw|GreninjaMyFav's rating: 1590 &rarr; <strong>1567</strong><br />(-23 for losing)
|l|☆GreninjaMyFav
|player|p2|
|l|☆poloniumew
|player|p1|
|l| aarer
