|j|☆JD2Sleepy
|j|☆lolcano46
|t:|1769303691
|gametype|singles
|player|p1|JD2Sleepy|blackbelt-gen4dp|1464
|player|p2|lolcano46|fisherman-gen4|1522
|gen|9
|tier|[Gen 9] OU
|rated|
|rule|HP Percentage Mod: HP is shown in percentages
|rule|Endless Battle Clause: Forcing endless battles is banned
|rule|Species Clause: Limit one of each Pokémon
|rule|OHKO Clause: OHKO moves are banned
|rule|Evasion Items Clause: Evasion items are banned
|rule|Evasion Moves Clause: Evasion moves are banned
|rule|Evasion Abilities Clause: Evasion abilities are banned
|rule|Sleep Moves Clause: Sleep-inducing moves are banned
|clearpoke
|poke|p1|Ninetales-Alola, F|
|poke|p1|Ceruledge, M|
|poke|p1|Furret, M|
|poke|p1|Enamorus, F|
|poke|p1|Raging Bolt|
|poke|p1|Kingambit, M|
|poke|p2|Azelf|
|poke|p2|Ogerpon-Wellspring, F|
|poke|p2|Scizor, F|
|poke|p2|Gengar, M|
|poke|p2|Raging Bolt|
|poke|p2|Cinderace, F|
|teampreview
|inactive|Battle timer is ON: inactive players will automatically lose when time's up. (requested by lolcano46)
|
|t:|1769303696
|teamsize|p1|6
|teamsize|p2|6
|start
|switch|p1a: Gët Busy|Ceruledge, M|100/100
|switch|p2a: Cinderace|Cinderace, F|100/100
|turn|1
|
|t:|1769303701
|move|p2a: Cinderace|Pyro Ball|p1a: Gët Busy
|-resisted|p1a: Gët Busy
|-damage|p1a: Gët Busy|60/100
|-ability|p1a: Gët Busy|Weak Armor|boost
|-unboost|p1a: Gët Busy|def|1
|-boost|p1a: Gët Busy|spe|2
|move|p1a: Gët Busy|Poltergeist|p2a: Cinderace|[miss]
|-miss|p1a: Gët Busy|p2a: Cinderace
|
|upkeep
|turn|2
|
|t:|1769303705
|move|p2a: Cinderace|Sucker Punch|p1a: Gët Busy
|-start|p2a: Cinderace|typechange|Dark|[from] ability: Libero
|-supereffective|p1a: Gët Busy
|-damage|p1a: Gët Busy|0 fnt
|faint|p1a: Gët Busy
|
|upkeep
|
|t:|1769303711
|switch|p1a: Komi|Enamorus, F|100/100
|turn|3
|
|t:|1769303713
|switch|p2a: Gengar|Gengar, M|100/100
|move|p1a: Komi|Moonblast|p2a: Gengar
|-resisted|p2a: Gengar
|-damage|p2a: Gengar|53/100
|-unboost|p2a: Gengar|spa|1
|
|upkeep
|turn|4
|
|t:|1769303717
|switch|p1a: 平和|Kingambit, M|100/100
|-activate|p1a: 平和|ability: Supreme Overlord
|-start|p1a: 平和|fallen1|[silent]
|move|p2a: Gengar|Sludge Bomb|p1a: 平和
|-immune|p1a: 平和
|
|upkeep
|turn|5
|
|t:|1769303729
|switch|p2a: Cinderace|Cinderace, F|100/100
|move|p1a: 平和|Low Kick|p2a: Cinderace
|-damage|p2a: Cinderace|59/100
|
|upkeep
|turn|6
|
|t:|1769303740
|-end|p1a: 平和|fallen1|[silent]
|switch|p1a: All Dae|Raging Bolt|100/100
|-enditem|p1a: All Dae|Booster Energy
|-activate|p1a: All Dae|ability: Protosynthesis|[fromitem]
|-start|p1a: All Dae|protosynthesisspa
|move|p2a: Cinderace|Will-O-Wisp|p1a: All Dae
|-status|p1a: All Dae|brn
|
|-damage|p1a: All Dae|94/100 brn|[from] brn
|upkeep
|turn|7
|
|t:|1769303745
|switch|p2a: Raging Bolt|Raging Bolt|100/100
|-enditem|p2a: Raging Bolt|Booster Energy
|-activate|p2a: Raging Bolt|ability: Protosynthesis|[fromitem]
|-start|p2a: Raging Bolt|protosynthesisspa
|move|p1a: All Dae|Dragon Pulse|p2a: Raging Bolt
|-supereffective|p2a: Raging Bolt
|-damage|p2a: Raging Bolt|0 fnt
|faint|p2a: Raging Bolt
|-end|p2a: Raging Bolt|Protosynthesis|[silent]
|
|-damage|p1a: All Dae|88/100 brn|[from] brn
|upkeep
|
|t:|1769303749
|switch|p2a: Azelf|Azelf|100/100
|turn|8
|
|t:|1769303751
|move|p1a: All Dae|Thunderclap|p2a: Azelf
|-damage|p2a: Azelf|14/100
|move|p2a: Azelf|Dazzling Gleam|p1a: All Dae
|-supereffective|p1a: All Dae
|-damage|p1a: All Dae|22/100 brn
|
|-damage|p1a: All Dae|16/100 brn|[from] brn
|upkeep
|turn|9
|
|t:|1769303758
|switch|p2a: Gengar|Gengar, M|53/100
|move|p1a: All Dae|Dragon Pulse|p2a: Gengar
|-damage|p2a: Gengar|0 fnt
|-start|p1a: All Dae|Disable|Dragon Pulse|[from] ability: Cursed Body|[of] p2a: Gengar
|faint|p2a: Gengar
|
|-damage|p1a: All Dae|10/100 brn|[from] brn
|upkeep
|
|t:|1769303763
|switch|p2a: Scizor|Scizor, F|100/100
|turn|10
|
|t:|1769303767
|move|p2a: Scizor|Bullet Punch|p1a: All Dae
|-resisted|p1a: All Dae
|-damage|p1a: All Dae|0 fnt
|faint|p1a: All Dae
|-end|p1a: All Dae|Protosynthesis|[silent]
|
|upkeep
|
|t:|1769303770
|switch|p1a: 平和|Kingambit, M|100/100
|-activate|p1a: 平和|ability: Supreme Overlord
|-start|p1a: 平和|fallen2|[silent]
|turn|11
|
|t:|1769303782
|move|p1a: 平和|Low Kick|p2a: Scizor
|-damage|p2a: Scizor|42/100
|move|p2a: Scizor|Close Combat|p1a: 平和
|-supereffective|p1a: 平和
|-damage|p1a: 平和|0 fnt
|-unboost|p2a: Scizor|def|1
|-unboost|p2a: Scizor|spd|1
|faint|p1a: 平和
|-end|p1a: 平和|fallen2|[silent]
|
|upkeep
|
|t:|1769303790
|switch|p1a: Kurama|Ninetales-Alola, F|100/100
|-weather|Snowscape|[from] ability: Snow Warning|[of] p1a: Kurama
|turn|12
|
|t:|1769303793
|-terastallize|p1a: Kurama|Water
|move|p2a: Scizor|Bullet Punch|p1a: Kurama
|-resisted|p1a: Kurama
|-damage|p1a: Kurama|76/100
|move|p1a: Kurama|Aurora Veil|p1a: Kurama
|-sidestart|p1: JD2Sleepy|move: Aurora Veil
|
|-weather|Snowscape|[upkeep]
|upkeep
|turn|13
|
|t:|1769303801
|move|p1a: Kurama|Encore|p2a: Scizor
|-start|p2a: Scizor|Encore
|move|p2a: Scizor|Bullet Punch|p1a: Kurama
|-resisted|p1a: Kurama
|-damage|p1a: Kurama|63/100
|
|-weather|Snowscape|[upkeep]
|upkeep
|turn|14
|
|t:|1769303810
|switch|p1a: Komi|Enamorus, F|100/100
|switch|p2a: Ogerpon|Ogerpon-Wellspring, F|100/100
|
|-weather|Snowscape|[upkeep]
|upkeep
|turn|15
|
|t:|1769303815
|-terastallize|p2a: Ogerpon|Water
|detailschange|p2a: Ogerpon|Ogerpon-Wellspring-Tera, F, tera:Water
|-ability|p2a: Ogerpon|Embody Aspect (Wellspring)|boost
|-boost|p2a: Ogerpon|spd|1
|move|p2a: Ogerpon|Ivy Cudgel|p1a: Komi|[anim] Ivy Cudgel Water
|-damage|p1a: Komi|38/100
|-enditem|p1a: Komi|Sitrus Berry|[eat]
|-heal|p1a: Komi|63/100|[from] item: Sitrus Berry
|move|p1a: Komi|Moonblast|p2a: Ogerpon
|-damage|p2a: Ogerpon|56/100
|
|-weather|Snowscape|[upkeep]
|upkeep
|turn|16
|
|t:|1769303822
|move|p2a: Ogerpon|Ivy Cudgel|p1a: Komi|[anim] Ivy Cudgel Water
|-damage|p1a: Komi|2/100
|move|p1a: Komi|Moonblast|p2a: Ogerpon
|-damage|p2a: Ogerpon|11/100
|
|-weather|none
|upkeep
|turn|17
|
|t:|1769303826
|move|p2a: Ogerpon|Ivy Cudgel|p1a: Komi|[anim] Ivy Cudgel Water
|-crit|p1a: Komi
|-damage|p1a: Komi|0 fnt
|faint|p1a: Komi
|
|upkeep
|
|t:|1769303827
|switch|p1a: Kurama|Ninetales-Alola, F, tera:Water|63/100
|-weather|Snowscape|[from] ability: Snow Warning|[of] p1a: Kurama
|turn|18
|
|t:|1769303833
|move|p2a: Ogerpon|Horn Leech|p1a: Kurama
|-supereffective|p1a: Kurama
|-damage|p1a: Kurama|13/100
|-heal|p2a: Ogerpon|41/100|[from] drain|[of] p1a: Kurama
|move|p1a: Kurama|Freeze-Dry|p2a: Ogerpon
|-supereffective|p2a: Ogerpon
|-damage|p2a: Ogerpon|6/100
|
|-weather|Snowscape|[upkeep]
|upkeep
|turn|19
|-message|JD2Sleepy forfeited.
|
|win|lolcano46
|raw|JD2Sleepy's rating: 1464 &rarr; <strong>1447</strong><br />(-17 for losing)
|raw|lolcano46's rating: 1522 &rarr; <strong>1539</strong><br />(+17 for winning)
|l|☆JD2Sleepy
|player|p1|
|l|☆lolcano46
|player|p2|
