|j|☆BIG NlGER RAPlST
|j|☆cycleevanescent
|t:|1769340266
|gametype|singles
|player|p1|BIG NlGER RAPlST|101|1202
|player|p2|cycleevanescent|1|1139
|gen|9
|tier|[Gen 9] OU
|rated|
|rule|HP Percentage Mod: HP is shown in percentages
|rule|Endless Battle Clause: Forcing endless battles is banned
|rule|Species Clause: Limit one of each Pokémon
|rule|OHKO Clause: OHKO moves are banned
|rule|Evasion Items Clause: Evasion items are banned
|rule|Evasion Moves Clause: Evasion moves are banned
|rule|Evasion Abilities Clause: Evasion abilities are banned
|rule|Sleep Moves Clause: Sleep-inducing moves are banned
|clearpoke
|poke|p1|Barraskewda, F|
|poke|p1|Iron Treads|
|poke|p1|Hatterene, F|
|poke|p1|Zapdos|
|poke|p1|Pelipper, F|
|poke|p1|Toxicroak, M|
|poke|p2|Darkrai|
|poke|p2|Ninetales-Alola, M|
|poke|p2|Ogerpon-Wellspring, F|
|poke|p2|Iron Treads|
|poke|p2|Kyurem|
|poke|p2|Gholdengo|
|teampreview
|
|t:|1769340291
|teamsize|p1|6
|teamsize|p2|6
|start
|switch|p1a: Pelipper|Pelipper, F, shiny|100/100
|switch|p2a: Iron Treads|Iron Treads|100/100
|-weather|RainDance|[from] ability: Drizzle|[of] p1a: Pelipper
|turn|1
|c|☆cycleevanescent|hi gl hf
|
|t:|1769340302
|switch|p1a: Hatterene|Hatterene, F, shiny|100/100
|move|p2a: Iron Treads|Stealth Rock|p1a: Hatterene
|move|p1a: Hatterene|Stealth Rock|p2a: Iron Treads|[from] ability: Magic Bounce
|-sidestart|p2: cycleevanescent|move: Stealth Rock
|
|-weather|RainDance|[upkeep]
|upkeep
|turn|2
|
|t:|1769340309
|move|p2a: Iron Treads|Rapid Spin|p1a: Hatterene
|-damage|p1a: Hatterene|87/100
|-boost|p2a: Iron Treads|spe|1
|-sideend|p2: cycleevanescent|Stealth Rock|[from] move: Rapid Spin|[of] p2a: Iron Treads
|-enditem|p1a: Hatterene|Eject Button
|
|t:|1769340313
|switch|p1a: Barraskewda|Barraskewda, F, shiny|100/100
|
|-weather|RainDance|[upkeep]
|upkeep
|turn|3
|
|t:|1769340322
|-end|p2a: Iron Treads|Quark Drive|[silent]
|switch|p2a: Ogerpon|Ogerpon-Wellspring, F|100/100
|move|p1a: Barraskewda|Liquidation|p2a: Ogerpon
|-immune|p2a: Ogerpon|[from] ability: Water Absorb
|
|-weather|RainDance|[upkeep]
|upkeep
|turn|4
|
|t:|1769340328
|switch|p1a: Toxicroak|Toxicroak, M, shiny|100/100
|move|p2a: Ogerpon|U-turn|p1a: Toxicroak
|-resisted|p1a: Toxicroak
|-damage|p1a: Toxicroak|94/100
|-damage|p2a: Ogerpon|84/100|[from] item: Rocky Helmet|[of] p1a: Toxicroak
|
|t:|1769340334
|switch|p2a: Ninetales|Ninetales-Alola, M|100/100|[from] U-turn
|-weather|Snowscape|[from] ability: Snow Warning|[of] p2a: Ninetales
|
|-weather|Snowscape|[upkeep]
|upkeep
|turn|5
|
|t:|1769340341
|switch|p1a: Iron Treads|Iron Treads, shiny|100/100
|move|p2a: Ninetales|Aurora Veil|p2a: Ninetales
|-sidestart|p2: cycleevanescent|move: Aurora Veil
|
|-weather|Snowscape|[upkeep]
|upkeep
|turn|6
|
|t:|1769340352
|switch|p2a: Darkrai|Darkrai|100/100
|move|p1a: Iron Treads|Volt Switch|p2a: Darkrai
|-damage|p2a: Darkrai|94/100
|
|t:|1769340361
|-end|p1a: Iron Treads|Quark Drive|[silent]
|switch|p1a: Pelipper|Pelipper, F, shiny|100/100|[from] Volt Switch
|-weather|RainDance|[from] ability: Drizzle|[of] p1a: Pelipper
|
|-weather|RainDance|[upkeep]
|upkeep
|turn|7
|
|t:|1769340369
|switch|p1a: Hatterene|Hatterene, F, shiny|87/100
|move|p2a: Darkrai|Swords Dance|p2a: Darkrai
|-boost|p2a: Darkrai|atk|2
|
|-weather|RainDance|[upkeep]
|upkeep
|turn|8
|
|t:|1769340378
|move|p2a: Darkrai|Swords Dance|p2a: Darkrai
|-boost|p2a: Darkrai|atk|2
|move|p1a: Hatterene|Nuzzle|p2a: Darkrai
|-damage|p2a: Darkrai|91/100
|-status|p2a: Darkrai|par
|
|-weather|RainDance|[upkeep]
|upkeep
|turn|9
|-message|cycleevanescent forfeited.
|
|win|BIG NlGER RAPlST
|raw|BIG NlGER RAPlST's rating: 1202 &rarr; <strong>1223</strong><br />(+21 for winning)
|raw|cycleevanescent's rating: 1139 &rarr; <strong>1118</strong><br />(-21 for losing)
|l|☆cycleevanescent
|player|p2|
