|j|☆CeIIardoor
|j|☆Moreiny
|t:|1769433674
|gametype|singles
|player|p1|CeIIardoor|olivia|1642
|player|p2|Moreiny|266|1694
|gen|9
|tier|[Gen 9] OU
|rated|
|rule|HP Percentage Mod: HP is shown in percentages
|rule|Endless Battle Clause: Forcing endless battles is banned
|rule|Species Clause: Limit one of each Pokémon
|rule|OHKO Clause: OHKO moves are banned
|rule|Evasion Items Clause: Evasion items are banned
|rule|Evasion Moves Clause: Evasion moves are banned
|rule|Evasion Abilities Clause: Evasion abilities are banned
|rule|Sleep Moves Clause: Sleep-inducing moves are banned
|clearpoke
|poke|p1|Tinkaton, F|
|poke|p1|Ogerpon, F|
|poke|p1|Great Tusk|
|poke|p1|Pecharunt|
|poke|p1|Alomomola, M|
|poke|p1|Hydreigon, M|
|poke|p2|Indeedee, M|
|poke|p2|Great Tusk|
|poke|p2|Polteageist|
|poke|p2|Hawlucha, M|
|poke|p2|Iron Crown|
|poke|p2|Iron Moth|
|teampreview
|inactive|Battle timer is ON: inactive players will automatically lose when time's up. (requested by CeIIardoor)
|
|t:|1769433701
|teamsize|p1|6
|teamsize|p2|6
|start
|switch|p1a: Hydreigon|Hydreigon, M, shiny|100/100
|switch|p2a: Iron Moth|Iron Moth|100/100
|-enditem|p2a: Iron Moth|Booster Energy
|-activate|p2a: Iron Moth|ability: Quark Drive|[fromitem]
|-start|p2a: Iron Moth|quarkdrivespa
|turn|1
|
|t:|1769433708
|switch|p1a: Alomomola|Alomomola, M, shiny|100/100
|move|p2a: Iron Moth|Agility|p2a: Iron Moth
|-boost|p2a: Iron Moth|spe|2
|
|upkeep
|turn|2
|
|t:|1769433734
|move|p2a: Iron Moth|Fiery Dance|p1a: Alomomola
|-resisted|p1a: Alomomola
|-damage|p1a: Alomomola|86/100
|move|p1a: Alomomola|Mirror Coat|p2a: Iron Moth
|-damage|p2a: Iron Moth|49/100
|
|upkeep
|turn|3
|
|t:|1769433743
|-terastallize|p2a: Iron Moth|Grass
|move|p2a: Iron Moth|Energy Ball|p1a: Alomomola
|-supereffective|p1a: Alomomola
|-damage|p1a: Alomomola|19/100
|move|p1a: Alomomola|Flip Turn|p2a: Iron Moth
|-resisted|p2a: Iron Moth
|-damage|p2a: Iron Moth|34/100
|inactive|CeIIardoor has 120 seconds left.
|
|t:|1769433784
|switch|p1a: Hydreigon|Hydreigon, M, shiny|100/100|[from] Flip Turn
|
|upkeep
|turn|4
|
|t:|1769433789
|move|p2a: Iron Moth|Sludge Wave|p1a: Hydreigon
|-damage|p1a: Hydreigon|14/100
|move|p1a: Hydreigon|Dark Pulse|p2a: Iron Moth
|-damage|p2a: Iron Moth|0 fnt
|faint|p2a: Iron Moth
|-end|p2a: Iron Moth|Quark Drive|[silent]
|
|upkeep
|
|t:|1769433793
|switch|p2a: Great Tusk|Great Tusk|100/100
|turn|5
|inactive|CeIIardoor has 120 seconds left.
|
|t:|1769433801
|switch|p1a: Pecharunt|Pecharunt|100/100
|move|p2a: Great Tusk|Rapid Spin|p1a: Pecharunt
|-immune|p1a: Pecharunt
|
|upkeep
|turn|6
|
|t:|1769433809
|move|p2a: Great Tusk|Stealth Rock|p1a: Pecharunt
|-sidestart|p1: CeIIardoor|move: Stealth Rock
|move|p1a: Pecharunt|Parting Shot|p2a: Great Tusk
|-unboost|p2a: Great Tusk|atk|1
|-unboost|p2a: Great Tusk|spa|1
|
|t:|1769433812
|switch|p1a: Tinkaton|Tinkaton, F, shiny|100/100|[from] Parting Shot
|-damage|p1a: Tinkaton|94/100|[from] Stealth Rock
|-item|p1a: Tinkaton|Air Balloon
|
|upkeep
|turn|7
|
|t:|1769433817
|move|p1a: Tinkaton|Encore|p2a: Great Tusk
|-start|p2a: Great Tusk|Encore
|move|p2a: Great Tusk|Stealth Rock||[still]
|-fail|p2a: Great Tusk
|
|upkeep
|turn|8
|
|t:|1769433820
|-end|p2a: Great Tusk|Protosynthesis|[silent]
|switch|p2a: Iron Crown|Iron Crown|100/100
|move|p1a: Tinkaton|Stealth Rock|p2a: Iron Crown
|-sidestart|p2: Moreiny|move: Stealth Rock
|
|upkeep
|turn|9
|
|t:|1769433831
|switch|p1a: Hydreigon|Hydreigon, M, shiny|14/100
|-damage|p1a: Hydreigon|1/100|[from] Stealth Rock
|move|p2a: Iron Crown|Volt Switch|p1a: Hydreigon
|-resisted|p1a: Hydreigon
|-damage|p1a: Hydreigon|0 fnt
|faint|p1a: Hydreigon
|
|t:|1769433836
|-end|p2a: Iron Crown|Quark Drive|[silent]
|switch|p2a: Great Tusk|Great Tusk|100/100|[from] Volt Switch
|-damage|p2a: Great Tusk|98/100|[from] Stealth Rock
|
|upkeep
|
|t:|1769433839
|switch|p1a: Pecharunt|Pecharunt|100/100
|-damage|p1a: Pecharunt|88/100|[from] Stealth Rock
|turn|10
|
|t:|1769433844
|move|p2a: Great Tusk|Knock Off|p1a: Pecharunt
|-supereffective|p1a: Pecharunt
|-damage|p1a: Pecharunt|60/100
|-damage|p2a: Great Tusk|81/100|[from] item: Rocky Helmet|[of] p1a: Pecharunt
|-enditem|p1a: Pecharunt|Rocky Helmet|[from] move: Knock Off|[of] p2a: Great Tusk
|move|p1a: Pecharunt|Shadow Ball|p2a: Great Tusk
|-damage|p2a: Great Tusk|50/100
|
|upkeep
|turn|11
|
|t:|1769433850
|move|p2a: Great Tusk|Earthquake|p1a: Pecharunt
|-supereffective|p1a: Pecharunt
|-damage|p1a: Pecharunt|18/100
|move|p1a: Pecharunt|Shadow Ball|p2a: Great Tusk
|-damage|p2a: Great Tusk|17/100
|
|upkeep
|turn|12
|
|t:|1769433857
|move|p2a: Great Tusk|Earthquake|p1a: Pecharunt
|-supereffective|p1a: Pecharunt
|-damage|p1a: Pecharunt|0 fnt
|faint|p1a: Pecharunt
|
|upkeep
|
|t:|1769433860
|switch|p1a: Ogerpon|Ogerpon, F|100/100
|-damage|p1a: Ogerpon|88/100|[from] Stealth Rock
|turn|13
|
|t:|1769433866
|-end|p2a: Great Tusk|Protosynthesis|[silent]
|switch|p2a: Indeedee|Indeedee, M|100/100
|-damage|p2a: Indeedee|88/100|[from] Stealth Rock
|-fieldstart|move: Psychic Terrain|[from] ability: Psychic Surge|[of] p2a: Indeedee
|move|p1a: Ogerpon|Ivy Cudgel|p2a: Indeedee
|-damage|p2a: Indeedee|0 fnt
|faint|p2a: Indeedee
|
|upkeep
|
|t:|1769433876
|switch|p2a: Iron Crown|Iron Crown|100/100
|-damage|p2a: Iron Crown|94/100|[from] Stealth Rock
|turn|14
|
|t:|1769433880
|switch|p1a: Alomomola|Alomomola, M, shiny|53/100
|-damage|p1a: Alomomola|40/100|[from] Stealth Rock
|-end|p2a: Iron Crown|Quark Drive|[silent]
|switch|p2a: Great Tusk|Great Tusk|17/100
|-damage|p2a: Great Tusk|14/100|[from] Stealth Rock
|
|upkeep
|turn|15
|
|t:|1769433885
|move|p2a: Great Tusk|Rapid Spin|p1a: Alomomola
|-damage|p1a: Alomomola|29/100
|-boost|p2a: Great Tusk|spe|1
|-sideend|p2: Moreiny|Stealth Rock|[from] move: Rapid Spin|[of] p2a: Great Tusk
|move|p1a: Alomomola|Flip Turn|p2a: Great Tusk
|-supereffective|p2a: Great Tusk
|-damage|p2a: Great Tusk|0 fnt
|-damage|p1a: Alomomola|13/100|[from] item: Rocky Helmet|[of] p2a: Great Tusk
|faint|p2a: Great Tusk
|-end|p2a: Great Tusk|Protosynthesis|[silent]
|
|t:|1769433887
|switch|p1a: Tinkaton|Tinkaton, F, shiny|94/100|[from] Flip Turn
|-damage|p1a: Tinkaton|88/100|[from] Stealth Rock
|-item|p1a: Tinkaton|Air Balloon
|
|upkeep
|
|t:|1769433898
|switch|p2a: Iron Crown|Iron Crown|94/100
|turn|16
|
|t:|1769433905
|move|p2a: Iron Crown|Tachyon Cutter|p1a: Tinkaton
|-damage|p1a: Tinkaton|47/100
|-enditem|p1a: Tinkaton|Air Balloon
|-damage|p1a: Tinkaton|11/100
|-hitcount|p1a: Tinkaton|2
|move|p1a: Tinkaton|Gigaton Hammer|p2a: Iron Crown
|-resisted|p2a: Iron Crown
|-damage|p2a: Iron Crown|64/100
|
|upkeep
|turn|17
|
|t:|1769433914
|-end|p2a: Iron Crown|Quark Drive|[silent]
|switch|p2a: Hawlucha|Hawlucha, M|100/100
|-enditem|p2a: Hawlucha|Psychic Seed
|-boost|p2a: Hawlucha|spd|1|[from] item: Psychic Seed
|switch|p1a: Alomomola|Alomomola, M, shiny|46/100
|-damage|p1a: Alomomola|33/100|[from] Stealth Rock
|
|upkeep
|turn|18
|-message|CeIIardoor forfeited.
|
|win|Moreiny
|raw|CeIIardoor's rating: 1627 &rarr; <strong>1611</strong><br />(-16 for losing)
|raw|Moreiny's rating: 1694 &rarr; <strong>1710</strong><br />(+16 for winning)
|l|☆CeIIardoor
|player|p1|
|l|☆Moreiny
|player|p2|
