|j|☆the russian
|j|☆shorby
|t:|1769414193
|gametype|singles
|player|p1|the russian|170|1278
|player|p2|shorby|101|1225
|gen|9
|tier|[Gen 9] OU
|rated|
|rule|HP Percentage Mod: HP is shown in percentages
|rule|Endless Battle Clause: Forcing endless battles is banned
|rule|Species Clause: Limit one of each Pokémon
|rule|OHKO Clause: OHKO moves are banned
|rule|Evasion Items Clause: Evasion items are banned
|rule|Evasion Moves Clause: Evasion moves are banned
|rule|Evasion Abilities Clause: Evasion abilities are banned
|rule|Sleep Moves Clause: Sleep-inducing moves are banned
|clearpoke
|poke|p1|Garchomp, F|
|poke|p1|Milotic, M|
|poke|p1|Metagross|
|poke|p1|Chesnaught, F|
|poke|p1|Glimmora, F|
|poke|p1|Moltres|
|poke|p2|Ogerpon-Wellspring, F|
|poke|p2|Great Tusk|
|poke|p2|Darkrai|
|poke|p2|Dragapult, F|
|poke|p2|Rillaboom, M|
|poke|p2|Slowking-Galar, F|
|teampreview
|inactive|Battle timer is ON: inactive players will automatically lose when time's up. (requested by shorby)
|
|t:|1769414222
|teamsize|p1|6
|teamsize|p2|6
|start
|switch|p1a: Garchomp|Garchomp, F|100/100
|switch|p2a: Darkrai|Darkrai|100/100
|turn|1
|
|t:|1769414233
|switch|p1a: Milotic|Milotic, M|100/100
|move|p2a: Darkrai|Will-O-Wisp|p1a: Milotic
|-status|p1a: Milotic|brn
|
|-damage|p1a: Milotic|95/100 brn|[from] brn
|upkeep
|turn|2
|
|t:|1769414245
|switch|p2a: Rillaboom|Rillaboom, M|100/100
|-fieldstart|move: Grassy Terrain|[from] ability: Grassy Surge|[of] p2a: Rillaboom
|move|p1a: Milotic|Scald|p2a: Rillaboom
|-resisted|p2a: Rillaboom
|-damage|p2a: Rillaboom|79/100
|
|-heal|p2a: Rillaboom|85/100|[from] Grassy Terrain
|-heal|p1a: Milotic|100/100 brn|[from] Grassy Terrain
|-damage|p1a: Milotic|95/100 brn|[from] brn
|upkeep
|turn|3
|
|t:|1769414260
|switch|p1a: Moltres|Moltres|100/100
|move|p2a: Rillaboom|Wood Hammer|p1a: Moltres
|-resisted|p1a: Moltres
|-damage|p1a: Moltres|72/100
|-damage|p2a: Rillaboom|74/100|[from] Recoil
|
|-heal|p2a: Rillaboom|81/100|[from] Grassy Terrain
|upkeep
|turn|4
|
|t:|1769414272
|switch|p2a: Great Tusk|Great Tusk|100/100
|move|p1a: Moltres|Scorching Sands|p2a: Great Tusk
|-damage|p2a: Great Tusk|67/100
|
|-heal|p2a: Great Tusk|73/100|[from] Grassy Terrain
|upkeep
|turn|5
|
|t:|1769414289
|switch|p1a: Glimmora|Glimmora, F|100/100
|move|p2a: Great Tusk|Stealth Rock|p1a: Glimmora
|-sidestart|p1: the russian|move: Stealth Rock
|
|-heal|p2a: Great Tusk|80/100|[from] Grassy Terrain
|upkeep
|turn|6
|
|t:|1769414295
|switch|p1a: Moltres|Moltres|72/100
|move|p2a: Great Tusk|Headlong Rush|p1a: Moltres
|-immune|p1a: Moltres
|
|-heal|p2a: Great Tusk|86/100|[from] Grassy Terrain
|-fieldend|move: Grassy Terrain
|upkeep
|turn|7
|
|t:|1769414305
|-end|p2a: Great Tusk|Protosynthesis|[silent]
|switch|p2a: Slowking|Slowking-Galar, F|100/100
|move|p1a: Moltres|Hurricane|p2a: Slowking
|-damage|p2a: Slowking|70/100
|-start|p2a: Slowking|confusion
|
|upkeep
|turn|8
|
|t:|1769414314
|move|p1a: Moltres|Scorching Sands|p2a: Slowking
|-supereffective|p2a: Slowking
|-damage|p2a: Slowking|44/100
|-activate|p2a: Slowking|confusion
|-damage|p2a: Slowking|38/100|[from] confusion
|
|upkeep
|turn|9
|
|t:|1769414333
|switch|p2a: Rillaboom|Rillaboom, M|81/100
|-fieldstart|move: Grassy Terrain|[from] ability: Grassy Surge|[of] p2a: Rillaboom
|move|p1a: Moltres|Hurricane|p2a: Rillaboom
|-supereffective|p2a: Rillaboom
|-damage|p2a: Rillaboom|0 fnt
|faint|p2a: Rillaboom
|
|upkeep
|
|t:|1769414337
|switch|p2a: Darkrai|Darkrai|100/100
|turn|10
|
|t:|1769414343
|switch|p1a: Milotic|Milotic, M|95/100 brn
|-damage|p1a: Milotic|82/100 brn|[from] Stealth Rock
|move|p2a: Darkrai|Dark Pulse|p1a: Milotic
|-damage|p1a: Milotic|55/100 brn
|
|-heal|p1a: Milotic|61/100 brn|[from] Grassy Terrain
|-heal|p1a: Milotic|67/100 brn|[from] item: Leftovers
|-damage|p1a: Milotic|61/100 brn|[from] brn
|upkeep
|turn|11
|
|t:|1769414350
|switch|p2a: Ogerpon|Ogerpon-Wellspring, F|100/100
|move|p1a: Milotic|Recover|p1a: Milotic
|-heal|p1a: Milotic|100/100 brn
|
|-damage|p1a: Milotic|95/100 brn|[from] brn
|upkeep
|turn|12
|
|t:|1769414355
|switch|p1a: Chesnaught|Chesnaught, F|100/100
|-damage|p1a: Chesnaught|95/100|[from] Stealth Rock
|move|p2a: Ogerpon|Swords Dance|p2a: Ogerpon
|-boost|p2a: Ogerpon|atk|2
|
|-heal|p1a: Chesnaught|100/100|[from] Grassy Terrain
|upkeep
|turn|13
|
|t:|1769414360
|move|p2a: Ogerpon|Ivy Cudgel|p1a: Chesnaught|[anim] Ivy Cudgel Water
|-resisted|p1a: Chesnaught
|-damage|p1a: Chesnaught|63/100
|move|p1a: Chesnaught|Drain Punch|p2a: Ogerpon
|-damage|p2a: Ogerpon|54/100
|-heal|p1a: Chesnaught|83/100|[from] drain|[of] p2a: Ogerpon
|
|-heal|p2a: Ogerpon|60/100|[from] Grassy Terrain
|-heal|p1a: Chesnaught|89/100|[from] Grassy Terrain
|-heal|p1a: Chesnaught|95/100|[from] item: Leftovers
|-fieldend|move: Grassy Terrain
|upkeep
|turn|14
|
|t:|1769414368
|move|p2a: Ogerpon|U-turn|p1a: Chesnaught
|-damage|p1a: Chesnaught|58/100
|
|t:|1769414371
|switch|p2a: Dragapult|Dragapult, F|100/100|[from] U-turn
|move|p1a: Chesnaught|Drain Punch|p2a: Dragapult
|-immune|p2a: Dragapult
|
|-heal|p1a: Chesnaught|64/100|[from] item: Leftovers
|upkeep
|turn|15
|
|t:|1769414378
|move|p2a: Dragapult|U-turn|p1a: Chesnaught
|-damage|p1a: Chesnaught|52/100
|
|t:|1769414381
|switch|p2a: Slowking|Slowking-Galar, F|71/100|[from] U-turn
|move|p1a: Chesnaught|Knock Off|p2a: Slowking
|-supereffective|p2a: Slowking
|-damage|p2a: Slowking|13/100
|-enditem|p2a: Slowking|Assault Vest|[from] move: Knock Off|[of] p1a: Chesnaught
|
|-heal|p1a: Chesnaught|58/100|[from] item: Leftovers
|upkeep
|turn|16
|
|t:|1769414387
|move|p1a: Chesnaught|Knock Off|p2a: Slowking
|-supereffective|p2a: Slowking
|-damage|p2a: Slowking|0 fnt
|faint|p2a: Slowking
|
|-heal|p1a: Chesnaught|64/100|[from] item: Leftovers
|upkeep
|
|t:|1769414391
|switch|p2a: Darkrai|Darkrai|100/100
|turn|17
|
|t:|1769414395
|move|p1a: Chesnaught|Spiky Shield|p1a: Chesnaught
|-singleturn|p1a: Chesnaught|move: Protect
|move|p2a: Darkrai|Will-O-Wisp|p1a: Chesnaught
|-activate|p1a: Chesnaught|move: Protect
|
|-heal|p1a: Chesnaught|70/100|[from] item: Leftovers
|upkeep
|turn|18
|
|t:|1769414404
|move|p2a: Darkrai|Ice Beam|p1a: Chesnaught
|-supereffective|p1a: Chesnaught
|-damage|p1a: Chesnaught|0 fnt
|faint|p1a: Chesnaught
|
|upkeep
|
|t:|1769414409
|switch|p1a: Glimmora|Glimmora, F|100/100
|-damage|p1a: Glimmora|88/100|[from] Stealth Rock
|turn|19
|
|t:|1769414415
|move|p1a: Glimmora|Mortal Spin|p2a: Darkrai
|-damage|p2a: Darkrai|93/100
|-status|p2a: Darkrai|psn
|-sideend|p1: the russian|Stealth Rock|[from] move: Mortal Spin|[of] p1a: Glimmora
|move|p2a: Darkrai|Dark Pulse|p1a: Glimmora
|-damage|p1a: Glimmora|28/100
|
|-damage|p2a: Darkrai|80/100 psn|[from] psn
|upkeep
|turn|20
|
|t:|1769414431
|switch|p1a: Milotic|Milotic, M|95/100 brn
|move|p2a: Darkrai|Dark Pulse|p1a: Milotic
|-damage|p1a: Milotic|66/100 brn
|
|-heal|p1a: Milotic|72/100 brn|[from] item: Leftovers
|-damage|p2a: Darkrai|68/100 psn|[from] psn
|-damage|p1a: Milotic|66/100 brn|[from] brn
|upkeep
|turn|21
|
|t:|1769414435
|switch|p2a: Ogerpon|Ogerpon-Wellspring, F|60/100
|move|p1a: Milotic|Recover|p1a: Milotic
|-heal|p1a: Milotic|100/100 brn
|
|-damage|p1a: Milotic|95/100 brn|[from] brn
|upkeep
|turn|22
|
|t:|1769414447
|move|p2a: Ogerpon|Swords Dance|p2a: Ogerpon
|-boost|p2a: Ogerpon|atk|2
|move|p1a: Milotic|Alluring Voice|p2a: Ogerpon
|-damage|p2a: Ogerpon|34/100
|-start|p2a: Ogerpon|confusion
|
|-heal|p1a: Milotic|100/100 brn|[from] item: Leftovers
|-damage|p1a: Milotic|95/100 brn|[from] brn
|upkeep
|turn|23
|
|t:|1769414457
|switch|p1a: Garchomp|Garchomp, F|100/100
|-activate|p2a: Ogerpon|confusion
|-damage|p2a: Ogerpon|0 fnt|[from] confusion
|faint|p2a: Ogerpon
|
|upkeep
|
|t:|1769414462
|switch|p2a: Darkrai|Darkrai|68/100 psn
|turn|24
|
|t:|1769414468
|switch|p1a: Milotic|Milotic, M|95/100 brn
|move|p2a: Darkrai|Dark Pulse|p1a: Milotic
|-damage|p1a: Milotic|67/100 brn
|
|-heal|p1a: Milotic|73/100 brn|[from] item: Leftovers
|-damage|p2a: Darkrai|55/100 psn|[from] psn
|-damage|p1a: Milotic|67/100 brn|[from] brn
|upkeep
|turn|25
|
|t:|1769414476
|switch|p2a: Great Tusk|Great Tusk|86/100
|move|p1a: Milotic|Recover|p1a: Milotic
|-heal|p1a: Milotic|100/100 brn
|
|-damage|p1a: Milotic|95/100 brn|[from] brn
|upkeep
|turn|26
|
|t:|1769414479
|move|p2a: Great Tusk|Stealth Rock|p1a: Milotic
|-sidestart|p1: the russian|move: Stealth Rock
|move|p1a: Milotic|Scald|p2a: Great Tusk
|-supereffective|p2a: Great Tusk
|-damage|p2a: Great Tusk|6/100
|
|-heal|p1a: Milotic|100/100 brn|[from] item: Leftovers
|-damage|p1a: Milotic|95/100 brn|[from] brn
|upkeep
|turn|27
|
|t:|1769414484
|move|p2a: Great Tusk|Headlong Rush|p1a: Milotic
|-damage|p1a: Milotic|60/100 brn
|-unboost|p2a: Great Tusk|def|1
|-unboost|p2a: Great Tusk|spd|1
|move|p1a: Milotic|Scald|p2a: Great Tusk
|-supereffective|p2a: Great Tusk
|-damage|p2a: Great Tusk|0 fnt
|faint|p2a: Great Tusk
|-end|p2a: Great Tusk|Protosynthesis|[silent]
|
|-heal|p1a: Milotic|66/100 brn|[from] item: Leftovers
|-damage|p1a: Milotic|60/100 brn|[from] brn
|upkeep
|
|t:|1769414488
|switch|p2a: Dragapult|Dragapult, F|100/100
|turn|28
|
|t:|1769414493
|move|p2a: Dragapult|Draco Meteor|p1a: Milotic
|-damage|p1a: Milotic|12/100 brn
|-unboost|p2a: Dragapult|spa|2
|move|p1a: Milotic|Alluring Voice|p2a: Dragapult
|-supereffective|p2a: Dragapult
|-damage|p2a: Dragapult|39/100
|
|-heal|p1a: Milotic|18/100 brn|[from] item: Leftovers
|-damage|p1a: Milotic|12/100 brn|[from] brn
|upkeep
|turn|29
|
|t:|1769414497
|move|p2a: Dragapult|Draco Meteor|p1a: Milotic
|-damage|p1a: Milotic|0 fnt
|-unboost|p2a: Dragapult|spa|2
|faint|p1a: Milotic
|
|upkeep
|
|t:|1769414500
|switch|p1a: Glimmora|Glimmora, F|28/100
|-damage|p1a: Glimmora|15/100|[from] Stealth Rock
|turn|30
|
|t:|1769414505
|move|p2a: Dragapult|Draco Meteor|p1a: Glimmora
|-damage|p1a: Glimmora|0 fnt
|-unboost|p2a: Dragapult|spa|2
|faint|p1a: Glimmora
|
|upkeep
|
|t:|1769414511
|switch|p1a: Metagross|Metagross|100/100
|-damage|p1a: Metagross|94/100|[from] Stealth Rock
|turn|31
|
|t:|1769414514
|switch|p2a: Darkrai|Darkrai|55/100 psn
|move|p1a: Metagross|Agility|p1a: Metagross
|-boost|p1a: Metagross|spe|2
|
|-damage|p2a: Darkrai|43/100 psn|[from] psn
|upkeep
|turn|32
|
|t:|1769414518
|move|p1a: Metagross|Iron Head|p2a: Darkrai
|-damage|p2a: Darkrai|0 fnt
|faint|p2a: Darkrai
|
|upkeep
|
|t:|1769414521
|switch|p2a: Dragapult|Dragapult, F|39/100
|turn|33
|
|t:|1769414527
|-terastallize|p1a: Metagross|Ground
|-terastallize|p2a: Dragapult|Ghost
|move|p1a: Metagross|Earthquake|p2a: Dragapult
|-damage|p2a: Dragapult|0 fnt
|faint|p2a: Dragapult
|
|win|the russian
|raw|the russian's rating: 1278 &rarr; <strong>1299</strong><br />(+21 for winning)
|raw|shorby's rating: 1225 &rarr; <strong>1204</strong><br />(-21 for losing)
|l|☆the russian
|player|p1|
|l|☆shorby
|player|p2|
