|j|☆solrack117
|j|☆zakdia
|t:|1769420223
|gametype|singles
|player|p1|solrack117|medium|1308
|player|p2|zakdia|170|1338
|gen|9
|tier|[Gen 9] OU
|rated|
|rule|HP Percentage Mod: HP is shown in percentages
|rule|Endless Battle Clause: Forcing endless battles is banned
|rule|Species Clause: Limit one of each Pokémon
|rule|OHKO Clause: OHKO moves are banned
|rule|Evasion Items Clause: Evasion items are banned
|rule|Evasion Moves Clause: Evasion moves are banned
|rule|Evasion Abilities Clause: Evasion abilities are banned
|rule|Sleep Moves Clause: Sleep-inducing moves are banned
|clearpoke
|poke|p1|Garchomp, M|
|poke|p1|Umbreon, F|
|poke|p1|Mimikyu, M|
|poke|p1|Lycanroc-Dusk, M|
|poke|p1|Zoroark-Hisui, M|
|poke|p1|Corviknight, F|
|poke|p2|Iron Moth|
|poke|p2|Kingambit, F|
|poke|p2|Dragonite, F|
|poke|p2|Ogerpon-Cornerstone, F|
|poke|p2|Raging Bolt|
|poke|p2|Iron Boulder|
|teampreview
|inactive|Battle timer is ON: inactive players will automatically lose when time's up. (requested by solrack117)
|
|t:|1769420238
|teamsize|p1|6
|teamsize|p2|6
|start
|switch|p1a: Lycanroc|Lycanroc-Dusk, M|100/100
|switch|p2a: Ogerpon|Ogerpon-Cornerstone, F|100/100
|turn|1
|
|t:|1769420248
|move|p2a: Ogerpon|Power Whip|p1a: Lycanroc
|-supereffective|p1a: Lycanroc
|-enditem|p1a: Lycanroc|Focus Sash
|-damage|p1a: Lycanroc|1/100
|move|p1a: Lycanroc|Counter|p2a: Ogerpon
|-ability|p2a: Ogerpon|Sturdy
|-damage|p2a: Ogerpon|1/100
|
|upkeep
|turn|2
|inactive|solrack117 has 120 seconds left.
|
|t:|1769420283
|move|p1a: Lycanroc|Accelerock|p2a: Ogerpon
|-damage|p2a: Ogerpon|0 fnt
|faint|p2a: Ogerpon
|
|upkeep
|
|t:|1769420292
|switch|p2a: Dragonite|Dragonite, F|100/100
|turn|3
|
|t:|1769420298
|move|p2a: Dragonite|Extreme Speed|p1a: Lycanroc
|-resisted|p1a: Lycanroc
|-damage|p1a: Lycanroc|0 fnt
|faint|p1a: Lycanroc
|
|upkeep
|
|t:|1769420311
|switch|p1a: Mimikyu|Mimikyu, M, shiny|100/100
|turn|4
|
|t:|1769420321
|switch|p1a: Garchomp|Garchomp, M, shiny|100/100
|switch|p2a: Kingambit|Kingambit, F, shiny|100/100
|-activate|p2a: Kingambit|ability: Supreme Overlord
|-start|p2a: Kingambit|fallen1|[silent]
|
|upkeep
|turn|5
|
|t:|1769420346
|-end|p2a: Kingambit|fallen1|[silent]
|switch|p2a: Raging Bolt|Raging Bolt|100/100
|-enditem|p2a: Raging Bolt|Booster Energy
|-activate|p2a: Raging Bolt|ability: Protosynthesis|[fromitem]
|-start|p2a: Raging Bolt|protosynthesisspa
|move|p1a: Garchomp|Outrage|p2a: Raging Bolt
|-supereffective|p2a: Raging Bolt
|-damage|p2a: Raging Bolt|0 fnt
|faint|p2a: Raging Bolt
|-end|p2a: Raging Bolt|Protosynthesis|[silent]
|-damage|p1a: Garchomp|91/100|[from] item: Life Orb
|
|upkeep
|inactive|zakdia has 120 seconds left.
|
|t:|1769420362
|switch|p2a: Dragonite|Dragonite, F|100/100
|turn|6
|
|t:|1769420365
|-terastallize|p2a: Dragonite|Flying
|move|p1a: Garchomp|Outrage|p2a: Dragonite|[from] lockedmove
|-damage|p2a: Dragonite|53/100
|-damage|p1a: Garchomp|81/100|[from] item: Life Orb
|-start|p1a: Garchomp|confusion|[fatigue]
|move|p2a: Dragonite|Dragon Dance|p2a: Dragonite
|-boost|p2a: Dragonite|atk|1
|-boost|p2a: Dragonite|spe|1
|
|upkeep
|turn|7
|
|t:|1769420375
|switch|p1a: Corviknight|Corviknight, F, shiny|100/100
|-ability|p1a: Corviknight|Pressure
|move|p2a: Dragonite|Tera Blast|p1a: Corviknight|[anim] Tera Blast Flying
|-resisted|p1a: Corviknight
|-damage|p1a: Corviknight|72/100
|
|upkeep
|turn|8
|
|t:|1769420389
|move|p2a: Dragonite|Dragon Dance|p2a: Dragonite
|-boost|p2a: Dragonite|atk|1
|-boost|p2a: Dragonite|spe|1
|move|p1a: Corviknight|Brave Bird|p2a: Dragonite
|-damage|p2a: Dragonite|12/100
|-damage|p1a: Corviknight|61/100|[from] Recoil
|
|upkeep
|turn|9
|
|t:|1769420396
|move|p2a: Dragonite|Tera Blast|p1a: Corviknight|[anim] Tera Blast Flying
|-resisted|p1a: Corviknight
|-damage|p1a: Corviknight|24/100
|move|p1a: Corviknight|Roost|p1a: Corviknight
|-heal|p1a: Corviknight|74/100
|-singleturn|p1a: Corviknight|move: Roost
|
|upkeep
|turn|10
|
|t:|1769420403
|move|p2a: Dragonite|Tera Blast|p1a: Corviknight|[anim] Tera Blast Flying
|-resisted|p1a: Corviknight
|-damage|p1a: Corviknight|37/100
|move|p1a: Corviknight|Brave Bird|p2a: Dragonite
|-damage|p2a: Dragonite|0 fnt
|faint|p2a: Dragonite
|-damage|p1a: Corviknight|33/100|[from] Recoil
|
|upkeep
|
|t:|1769420408
|switch|p2a: Iron Boulder|Iron Boulder|100/100
|-enditem|p2a: Iron Boulder|Booster Energy
|-activate|p2a: Iron Boulder|ability: Quark Drive|[fromitem]
|-start|p2a: Iron Boulder|quarkdrivespe
|turn|11
|
|t:|1769420414
|move|p2a: Iron Boulder|Mighty Cleave|p1a: Corviknight
|-damage|p1a: Corviknight|5/100
|-damage|p2a: Iron Boulder|84/100|[from] item: Rocky Helmet|[of] p1a: Corviknight
|move|p1a: Corviknight|Roost|p1a: Corviknight
|-heal|p1a: Corviknight|55/100
|-singleturn|p1a: Corviknight|move: Roost
|
|upkeep
|turn|12
|
|t:|1769420431
|move|p2a: Iron Boulder|Close Combat|p1a: Corviknight
|-damage|p1a: Corviknight|31/100
|-unboost|p2a: Iron Boulder|def|1
|-unboost|p2a: Iron Boulder|spd|1
|-damage|p2a: Iron Boulder|68/100|[from] item: Rocky Helmet|[of] p1a: Corviknight
|move|p1a: Corviknight|Roost|p1a: Corviknight
|-heal|p1a: Corviknight|81/100
|-singleturn|p1a: Corviknight|move: Roost
|
|upkeep
|turn|13
|
|t:|1769420446
|-end|p2a: Iron Boulder|Quark Drive|[silent]
|switch|p2a: Iron Moth|Iron Moth|100/100
|-enditem|p2a: Iron Moth|Booster Energy
|-activate|p2a: Iron Moth|ability: Quark Drive|[fromitem]
|-start|p2a: Iron Moth|quarkdrivespe
|move|p1a: Corviknight|Roost|p1a: Corviknight
|-heal|p1a: Corviknight|100/100
|-singleturn|p1a: Corviknight|move: Roost
|
|upkeep
|turn|14
|
|t:|1769420454
|move|p2a: Iron Moth|Fiery Dance|p1a: Corviknight
|-supereffective|p1a: Corviknight
|-damage|p1a: Corviknight|19/100
|move|p1a: Corviknight|U-turn|p2a: Iron Moth
|-resisted|p2a: Iron Moth
|-damage|p2a: Iron Moth|95/100
|
|t:|1769420460
|switch|p1a: Garchomp|Garchomp, M, shiny|81/100|[from] U-turn
|
|upkeep
|turn|15
|
|t:|1769420464
|move|p2a: Iron Moth|Dazzling Gleam|p1a: Garchomp
|-supereffective|p1a: Garchomp
|-damage|p1a: Garchomp|24/100
|move|p1a: Garchomp|Earthquake|p2a: Iron Moth
|-supereffective|p2a: Iron Moth
|-damage|p2a: Iron Moth|0 fnt
|faint|p2a: Iron Moth
|-end|p2a: Iron Moth|Quark Drive|[silent]
|-damage|p1a: Garchomp|14/100|[from] item: Life Orb
|
|upkeep
|
|t:|1769420470
|switch|p2a: Iron Boulder|Iron Boulder|68/100
|turn|16
|
|t:|1769420477
|move|p2a: Iron Boulder|Mighty Cleave|p1a: Garchomp
|-resisted|p1a: Garchomp
|-damage|p1a: Garchomp|0 fnt
|-damage|p2a: Iron Boulder|55/100|[from] ability: Rough Skin|[of] p1a: Garchomp
|faint|p1a: Garchomp
|
|upkeep
|
|t:|1769420486
|switch|p1a: Umbreon|Umbreon, F, shiny|100/100
|turn|17
|
|t:|1769420501
|move|p2a: Iron Boulder|Close Combat|p1a: Umbreon
|-immune|p1a: Umbreon
|move|p1a: Umbreon|Focus Blast|p2a: Iron Boulder
|-damage|p2a: Iron Boulder|0 fnt
|faint|p2a: Iron Boulder
|-end|p2a: Iron Boulder|Quark Drive|[silent]
|
|upkeep
|
|t:|1769420505
|switch|p2a: Kingambit|Kingambit, F, shiny|100/100
|-activate|p2a: Kingambit|ability: Supreme Overlord
|-start|p2a: Kingambit|fallen5|[silent]
|turn|18
|
|t:|1769420512
|-terastallize|p1a: Umbreon|Normal
|move|p1a: Umbreon|Focus Blast|p2a: Kingambit
|-supereffective|p2a: Kingambit
|-enditem|p2a: Kingambit|Focus Sash
|-damage|p2a: Kingambit|1/100
|move|p2a: Kingambit|Swords Dance|p2a: Kingambit
|-boost|p2a: Kingambit|atk|2
|
|upkeep
|turn|19
|
|t:|1769420520
|move|p2a: Kingambit|Sucker Punch|p1a: Umbreon
|-damage|p1a: Umbreon|0 fnt
|replace|p1a: Zoroark|Zoroark-Hisui, M
|-end|p1a: Zoroark|Illusion
|faint|p1a: Zoroark
|
|upkeep
|
|t:|1769420527
|switch|p1a: Mimikyu|Mimikyu, M, shiny|100/100
|turn|20
|
|t:|1769420530
|move|p1a: Mimikyu|Shadow Sneak|p2a: Kingambit
|-resisted|p2a: Kingambit
|-damage|p2a: Kingambit|0 fnt
|faint|p2a: Kingambit
|-end|p2a: Kingambit|fallen5|[silent]
|-damage|p1a: Mimikyu|91/100|[from] item: Life Orb
|
|win|solrack117
|raw|solrack117's rating: 1308 &rarr; <strong>1330</strong><br />(+22 for winning)
|raw|zakdia's rating: 1338 &rarr; <strong>1316</strong><br />(-22 for losing)
|l|☆zakdia
|player|p2|
|l|☆solrack117
|player|p1|
