|j|☆idomybestican
|j|☆niwo
|t:|1769338523
|gametype|singles
|player|p1|idomybestican|1|1305
|player|p2|niwo|roxanne|1290
|gen|9
|tier|[Gen 9] OU
|rated|
|rule|HP Percentage Mod: HP is shown in percentages
|rule|Endless Battle Clause: Forcing endless battles is banned
|rule|Species Clause: Limit one of each Pokémon
|rule|OHKO Clause: OHKO moves are banned
|rule|Evasion Items Clause: Evasion items are banned
|rule|Evasion Moves Clause: Evasion moves are banned
|rule|Evasion Abilities Clause: Evasion abilities are banned
|rule|Sleep Moves Clause: Sleep-inducing moves are banned
|clearpoke
|poke|p1|Iron Crown|
|poke|p1|Samurott-Hisui, M|
|poke|p1|Zapdos|
|poke|p1|Dragapult, F|
|poke|p1|Great Tusk|
|poke|p1|Iron Boulder|
|poke|p2|Wo-Chien|
|poke|p2|Gholdengo|
|poke|p2|Milotic, F|
|poke|p2|Grimmsnarl, M|
|poke|p2|Scream Tail|
|poke|p2|Kingambit, F|
|teampreview
|
|t:|1769338529
|teamsize|p1|6
|teamsize|p2|6
|start
|switch|p1a: Everytime We Touch|Samurott-Hisui, M|100/100
|switch|p2a: Milotic|Milotic, F|100/100
|turn|1
|
|t:|1769338536
|move|p1a: Everytime We Touch|Ceaseless Edge|p2a: Milotic
|-damage|p2a: Milotic|61/100
|-sidestart|p2: niwo|Spikes
|move|p2a: Milotic|Whirlpool|p1a: Everytime We Touch
|-resisted|p1a: Everytime We Touch
|-damage|p1a: Everytime We Touch|91/100
|-activate|p1a: Everytime We Touch|move: Whirlpool|[of] p2a: Milotic
|
|-damage|p1a: Everytime We Touch|79/100|[from] move: Whirlpool|[partiallytrapped]
|-status|p2a: Milotic|brn|[from] item: Flame Orb
|upkeep
|turn|2
|inactive|Battle timer is ON: inactive players will automatically lose when time's up. (requested by idomybestican)
|
|t:|1769338547
|move|p1a: Everytime We Touch|Ceaseless Edge|p2a: Milotic
|-damage|p2a: Milotic|38/100 brn
|-sidestart|p2: niwo|Spikes
|move|p2a: Milotic|Attract|p1a: Everytime We Touch
|-start|p1a: Everytime We Touch|Attract
|
|-damage|p2a: Milotic|31/100 brn|[from] brn
|-damage|p1a: Everytime We Touch|66/100|[from] move: Whirlpool|[partiallytrapped]
|upkeep
|turn|3
|
|t:|1769338557
|-activate|p1a: Everytime We Touch|move: Attract|[of] p2a: Milotic
|cant|p1a: Everytime We Touch|Attract
|move|p2a: Milotic|Recover|p2a: Milotic
|-heal|p2a: Milotic|81/100 brn
|
|-damage|p2a: Milotic|75/100 brn|[from] brn
|-damage|p1a: Everytime We Touch|54/100|[from] move: Whirlpool|[partiallytrapped]
|upkeep
|turn|4
|
|t:|1769338566
|-activate|p1a: Everytime We Touch|move: Attract|[of] p2a: Milotic
|cant|p1a: Everytime We Touch|Attract
|move|p2a: Milotic|Scald|p1a: Everytime We Touch
|-resisted|p1a: Everytime We Touch
|-damage|p1a: Everytime We Touch|33/100
|
|-damage|p2a: Milotic|69/100 brn|[from] brn
|-damage|p1a: Everytime We Touch|21/100|[from] move: Whirlpool|[partiallytrapped]
|upkeep
|turn|5
|
|t:|1769338576
|-activate|p1a: Everytime We Touch|move: Attract|[of] p2a: Milotic
|cant|p1a: Everytime We Touch|Attract
|move|p2a: Milotic|Scald|p1a: Everytime We Touch
|-resisted|p1a: Everytime We Touch
|-damage|p1a: Everytime We Touch|0 fnt
|faint|p1a: Everytime We Touch
|
|-damage|p2a: Milotic|63/100 brn|[from] brn
|upkeep
|
|t:|1769338581
|switch|p1a: Hurikan|Zapdos|100/100
|turn|6
|
|t:|1769338610
|switch|p2a: Scream Tail|Scream Tail|100/100
|-damage|p2a: Scream Tail|84/100|[from] Spikes
|-enditem|p2a: Scream Tail|Booster Energy
|-activate|p2a: Scream Tail|ability: Protosynthesis|[fromitem]
|-start|p2a: Scream Tail|protosynthesisspd
|move|p1a: Hurikan|Discharge|p2a: Scream Tail
|-damage|p2a: Scream Tail|69/100
|
|upkeep
|turn|7
|
|t:|1769338622
|move|p2a: Scream Tail|Wish|p2a: Scream Tail
|move|p1a: Hurikan|U-turn|p2a: Scream Tail
|-damage|p2a: Scream Tail|59/100
|
|t:|1769338636
|switch|p1a: Mindreader|Iron Crown|100/100|[from] U-turn
|
|upkeep
|turn|8
|
|t:|1769338663
|move|p1a: Mindreader|Volt Switch|p2a: Scream Tail
|-damage|p2a: Scream Tail|45/100
|
|t:|1769338666
|-end|p1a: Mindreader|Quark Drive|[silent]
|switch|p1a: Hurikan|Zapdos|100/100|[from] Volt Switch
|move|p2a: Scream Tail|Dazzling Gleam|p1a: Hurikan
|-damage|p1a: Hurikan|81/100
|
|-heal|p2a: Scream Tail|95/100|[from] move: Wish|[wisher] Scream Tail
|upkeep
|turn|9
|
|t:|1769338676
|move|p2a: Scream Tail|Dazzling Gleam|p1a: Hurikan
|-damage|p1a: Hurikan|62/100
|move|p1a: Hurikan|Discharge|p2a: Scream Tail
|-damage|p2a: Scream Tail|81/100
|
|upkeep
|turn|10
|
|t:|1769338686
|move|p2a: Scream Tail|Dazzling Gleam|p1a: Hurikan
|-damage|p1a: Hurikan|41/100
|move|p1a: Hurikan|Roost|p1a: Hurikan
|-heal|p1a: Hurikan|91/100
|-singleturn|p1a: Hurikan|move: Roost
|
|upkeep
|turn|11
|
|t:|1769338698
|move|p2a: Scream Tail|Encore|p1a: Hurikan
|-start|p1a: Hurikan|Encore
|move|p1a: Hurikan|Roost|p1a: Hurikan
|-heal|p1a: Hurikan|100/100
|-singleturn|p1a: Hurikan|move: Roost
|
|upkeep
|turn|12
|
|t:|1769338712
|switch|p1a: Mindreader|Iron Crown|100/100
|move|p2a: Scream Tail|Dazzling Gleam|p1a: Mindreader
|-resisted|p1a: Mindreader
|-damage|p1a: Mindreader|90/100
|
|upkeep
|turn|13
|
|t:|1769338731
|move|p1a: Mindreader|Tachyon Cutter|p2a: Scream Tail
|-supereffective|p2a: Scream Tail
|-damage|p2a: Scream Tail|52/100
|-supereffective|p2a: Scream Tail
|-damage|p2a: Scream Tail|22/100
|-hitcount|p2a: Scream Tail|2
|move|p2a: Scream Tail|Metronome|p2a: Scream Tail
|move|p2a: Scream Tail|Rock Slide|p1a: Mindreader|[from] move: Metronome
|-resisted|p1a: Mindreader
|-damage|p1a: Mindreader|84/100
|
|upkeep
|turn|14
|inactive|niwo has 120 seconds left.
|inactive|niwo has 90 seconds left.
|
|t:|1769338786
|-end|p2a: Scream Tail|Protosynthesis|[silent]
|switch|p2a: Grimmsnarl|Grimmsnarl, M|100/100
|-damage|p2a: Grimmsnarl|84/100|[from] Spikes
|move|p1a: Mindreader|Tachyon Cutter|p2a: Grimmsnarl
|-supereffective|p2a: Grimmsnarl
|-damage|p2a: Grimmsnarl|11/100
|-supereffective|p2a: Grimmsnarl
|-damage|p2a: Grimmsnarl|0 fnt
|faint|p2a: Grimmsnarl
|-hitcount|p2: Grimmsnarl|2
|
|upkeep
|inactive|niwo has 90 seconds left.
|
|t:|1769338803
|switch|p2a: Wo-Chien|Wo-Chien|100/100
|-damage|p2a: Wo-Chien|84/100|[from] Spikes
|-ability|p2a: Wo-Chien|Tablets of Ruin
|turn|15
|
|t:|1769338813
|-end|p1a: Mindreader|Quark Drive|[silent]
|switch|p1a: Hurikan|Zapdos|100/100
|-terastallize|p2a: Wo-Chien|Fairy
|move|p2a: Wo-Chien|Leech Seed|p1a: Hurikan
|-start|p1a: Hurikan|move: Leech Seed
|
|-heal|p2a: Wo-Chien|90/100|[from] item: Leftovers
|-damage|p1a: Hurikan|88/100|[from] Leech Seed|[of] p2a: Wo-Chien
|-heal|p2a: Wo-Chien|100/100|[silent]
|upkeep
|turn|16
|inactive|niwo has 90 seconds left.
|
|t:|1769338824
|move|p1a: Hurikan|U-turn|p2a: Wo-Chien
|-resisted|p2a: Wo-Chien
|-damage|p2a: Wo-Chien|96/100
|
|t:|1769338829
|switch|p1a: Mindreader|Iron Crown|84/100|[from] U-turn
|move|p2a: Wo-Chien|Substitute|p2a: Wo-Chien
|-start|p2a: Wo-Chien|Substitute
|-damage|p2a: Wo-Chien|71/100
|
|-heal|p2a: Wo-Chien|78/100|[from] item: Leftovers
|upkeep
|turn|17
|
|t:|1769338841
|move|p1a: Mindreader|Tachyon Cutter|p2a: Wo-Chien
|-supereffective|p2a: Wo-Chien
|-end|p2a: Wo-Chien|Substitute
|-supereffective|p2a: Wo-Chien
|-damage|p2a: Wo-Chien|37/100
|-hitcount|p2a: Wo-Chien|2
|move|p2a: Wo-Chien|Leech Seed|p1a: Mindreader
|-start|p1a: Mindreader|move: Leech Seed
|
|-heal|p2a: Wo-Chien|44/100|[from] item: Leftovers
|-damage|p1a: Mindreader|72/100|[from] Leech Seed|[of] p2a: Wo-Chien
|-heal|p2a: Wo-Chien|54/100|[silent]
|upkeep
|turn|18
|
|t:|1769338859
|-end|p1a: Mindreader|Quark Drive|[silent]
|switch|p1a: Hurikan|Zapdos|88/100
|move|p2a: Wo-Chien|Protect||[still]
|-fail|p2a: Wo-Chien
|
|-heal|p2a: Wo-Chien|60/100|[from] item: Leftovers
|upkeep
|turn|19
|
|t:|1769338868
|move|p1a: Hurikan|Discharge|p2a: Wo-Chien
|-damage|p2a: Wo-Chien|42/100
|move|p2a: Wo-Chien|Foul Play|p1a: Hurikan
|-damage|p1a: Hurikan|68/100
|
|-heal|p2a: Wo-Chien|49/100|[from] item: Leftovers
|upkeep
|turn|20
|
|t:|1769338878
|move|p1a: Hurikan|Discharge|p2a: Wo-Chien
|-damage|p2a: Wo-Chien|30/100
|-status|p2a: Wo-Chien|par
|move|p2a: Wo-Chien|Foul Play|p1a: Hurikan
|-damage|p1a: Hurikan|49/100
|
|-heal|p2a: Wo-Chien|36/100 par|[from] item: Leftovers
|upkeep
|turn|21
|
|t:|1769338887
|move|p1a: Hurikan|Roost|p1a: Hurikan
|-heal|p1a: Hurikan|99/100
|-singleturn|p1a: Hurikan|move: Roost
|move|p2a: Wo-Chien|Foul Play|p1a: Hurikan
|-damage|p1a: Hurikan|81/100
|
|-heal|p2a: Wo-Chien|42/100 par|[from] item: Leftovers
|upkeep
|turn|22
|
|t:|1769338898
|move|p1a: Hurikan|Discharge|p2a: Wo-Chien
|-damage|p2a: Wo-Chien|24/100 par
|move|p2a: Wo-Chien|Leech Seed|p1a: Hurikan
|-start|p1a: Hurikan|move: Leech Seed
|
|-heal|p2a: Wo-Chien|30/100 par|[from] item: Leftovers
|-damage|p1a: Hurikan|69/100|[from] Leech Seed|[of] p2a: Wo-Chien
|-heal|p2a: Wo-Chien|42/100 par|[silent]
|upkeep
|turn|23
|inactive|niwo has 120 seconds left.
|
|t:|1769338908
|switch|p2a: Scream Tail|Scream Tail|22/100
|-damage|p2a: Scream Tail|6/100|[from] Spikes
|move|p1a: Hurikan|U-turn|p2a: Scream Tail
|-crit|p2a: Scream Tail
|-damage|p2a: Scream Tail|0 fnt
|faint|p2a: Scream Tail
|-end|p2a: Scream Tail|Protosynthesis|[silent]
|
|t:|1769338923
|switch|p1a: Pump It|Great Tusk|100/100|[from] U-turn
|
|upkeep
|
|t:|1769338928
|switch|p2a: Milotic|Milotic, F|63/100 brn
|-damage|p2a: Milotic|47/100 brn|[from] Spikes
|turn|24
|
|t:|1769338936
|-end|p1a: Pump It|Protosynthesis|[silent]
|switch|p1a: Hurikan|Zapdos|69/100
|move|p2a: Milotic|Recover|p2a: Milotic
|-heal|p2a: Milotic|97/100 brn
|
|-damage|p2a: Milotic|91/100 brn|[from] brn
|upkeep
|turn|25
|
|t:|1769338944
|move|p1a: Hurikan|Discharge|p2a: Milotic
|-supereffective|p2a: Milotic
|-damage|p2a: Milotic|46/100 brn
|move|p2a: Milotic|Whirlpool|p1a: Hurikan
|-damage|p1a: Hurikan|57/100
|-activate|p1a: Hurikan|move: Whirlpool|[of] p2a: Milotic
|
|-damage|p2a: Milotic|40/100 brn|[from] brn
|-damage|p1a: Hurikan|45/100|[from] move: Whirlpool|[partiallytrapped]
|upkeep
|turn|26
|
|t:|1769338955
|move|p1a: Hurikan|Discharge|p2a: Milotic
|-supereffective|p2a: Milotic
|-damage|p2a: Milotic|0 fnt
|faint|p2a: Milotic
|
|-end|p1a: Hurikan|Whirlpool|[partiallytrapped]|[silent]
|upkeep
|
|t:|1769338967
|switch|p2a: Gholdengo|Gholdengo|100/100
|-damage|p2a: Gholdengo|84/100|[from] Spikes
|turn|27
|
|t:|1769338975
|move|p1a: Hurikan|Discharge|p2a: Gholdengo
|-damage|p2a: Gholdengo|54/100
|move|p2a: Gholdengo|Shadow Ball|p1a: Hurikan
|-crit|p1a: Hurikan
|-damage|p1a: Hurikan|0 fnt
|faint|p1a: Hurikan
|
|upkeep
|
|t:|1769338984
|switch|p1a: Pump It|Great Tusk|100/100
|turn|28
|
|t:|1769338991
|move|p1a: Pump It|Headlong Rush|p2a: Gholdengo
|-supereffective|p2a: Gholdengo
|-damage|p2a: Gholdengo|0 fnt
|-unboost|p1a: Pump It|def|1
|-unboost|p1a: Pump It|spd|1
|faint|p2a: Gholdengo
|
|upkeep
|
|t:|1769338999
|switch|p2a: Kingambit|Kingambit, F|100/100
|-damage|p2a: Kingambit|84/100|[from] Spikes
|-activate|p2a: Kingambit|ability: Supreme Overlord
|-start|p2a: Kingambit|fallen4|[silent]
|turn|29
|
|t:|1769339006
|move|p1a: Pump It|Headlong Rush|p2a: Kingambit
|-supereffective|p2a: Kingambit
|-damage|p2a: Kingambit|0 fnt
|-unboost|p1a: Pump It|def|1
|-unboost|p1a: Pump It|spd|1
|faint|p2a: Kingambit
|-end|p2a: Kingambit|fallen4|[silent]
|
|upkeep
|
|t:|1769339013
|switch|p2a: Wo-Chien|Wo-Chien, tera:Fairy|42/100 par
|-damage|p2a: Wo-Chien|26/100 par|[from] Spikes
|-ability|p2a: Wo-Chien|Tablets of Ruin
|turn|30
|
|t:|1769339019
|move|p1a: Pump It|Headlong Rush|p2a: Wo-Chien
|-damage|p2a: Wo-Chien|0 fnt
|-unboost|p1a: Pump It|def|1
|-unboost|p1a: Pump It|spd|1
|faint|p2a: Wo-Chien
|
|win|idomybestican
|raw|idomybestican's rating: 1305 &rarr; <strong>1324</strong><br />(+19 for winning)
|raw|niwo's rating: 1290 &rarr; <strong>1266</strong><br />(-24 for losing)
|l|☆idomybestican
|player|p1|
|l|☆niwo
|player|p2|
