|j|☆Air Glider
|j|☆rex2121
|t:|1769322948
|gametype|singles
|player|p1|Air Glider|170|1510
|player|p2|rex2121|benga|1568
|gen|9
|tier|[Gen 9] OU
|rated|
|rule|HP Percentage Mod: HP is shown in percentages
|rule|Endless Battle Clause: Forcing endless battles is banned
|rule|Species Clause: Limit one of each Pokémon
|rule|OHKO Clause: OHKO moves are banned
|rule|Evasion Items Clause: Evasion items are banned
|rule|Evasion Moves Clause: Evasion moves are banned
|rule|Evasion Abilities Clause: Evasion abilities are banned
|rule|Sleep Moves Clause: Sleep-inducing moves are banned
|clearpoke
|poke|p1|Pelipper, F|
|poke|p1|Iron Treads|
|poke|p1|Samurott-Hisui, F|
|poke|p1|Basculegion, M|
|poke|p1|Toxicroak, F|
|poke|p1|Tornadus-Therian, M|
|poke|p2|Tinkaton, F|
|poke|p2|Ogerpon, F|
|poke|p2|Great Tusk|
|poke|p2|Pecharunt|
|poke|p2|Alomomola, M|
|poke|p2|Hydreigon, M|
|teampreview
|inactive|Battle timer is ON: inactive players will automatically lose when time's up. (requested by rex2121)
|inactive|rex2121 has 120 seconds left.
|
|t:|1769322984
|teamsize|p1|6
|teamsize|p2|6
|start
|switch|p1a: Pelipper|Pelipper, F|100/100
|switch|p2a: Hybrid|Hydreigon, M, shiny|100/100
|-weather|RainDance|[from] ability: Drizzle|[of] p1a: Pelipper
|turn|1
|
|t:|1769322994
|switch|p1a: Iron Treads|Iron Treads|100/100
|-enditem|p1a: Iron Treads|Booster Energy
|-activate|p1a: Iron Treads|ability: Quark Drive|[fromitem]
|-start|p1a: Iron Treads|quarkdriveatk
|move|p2a: Hybrid|Dark Pulse|p1a: Iron Treads
|-damage|p1a: Iron Treads|21/100
|
|-weather|RainDance|[upkeep]
|upkeep
|turn|2
|
|t:|1769323005
|switch|p2a: Overseer|Pecharunt|100/100
|move|p1a: Iron Treads|Stealth Rock|p2a: Overseer
|-sidestart|p2: rex2121|move: Stealth Rock
|
|-weather|RainDance|[upkeep]
|upkeep
|turn|3
|
|t:|1769323033
|switch|p2a: Anonymous|Ogerpon, F|100/100
|-damage|p2a: Anonymous|88/100|[from] Stealth Rock
|move|p1a: Iron Treads|Earthquake|p2a: Anonymous
|-resisted|p2a: Anonymous
|-damage|p2a: Anonymous|45/100
|
|-weather|RainDance|[upkeep]
|upkeep
|turn|4
|
|t:|1769323039
|-end|p1a: Iron Treads|Quark Drive|[silent]
|switch|p1a: Toxicroak|Toxicroak, F|100/100
|move|p2a: Anonymous|Ivy Cudgel|p1a: Toxicroak
|-resisted|p1a: Toxicroak
|-damage|p1a: Toxicroak|66/100
|
|-weather|RainDance|[upkeep]
|-heal|p1a: Toxicroak|78/100|[from] ability: Dry Skin
|upkeep
|turn|5
|
|t:|1769323055
|switch|p2a: Overseer|Pecharunt|100/100
|-damage|p2a: Overseer|88/100|[from] Stealth Rock
|move|p1a: Toxicroak|Toxic|p2a: Overseer
|-immune|p2a: Overseer
|
|-weather|RainDance|[upkeep]
|-heal|p1a: Toxicroak|90/100|[from] ability: Dry Skin
|upkeep
|turn|6
|
|t:|1769323060
|switch|p1a: Samurott|Samurott-Hisui, F|100/100
|move|p2a: Overseer|Parting Shot|p1a: Samurott
|-unboost|p1a: Samurott|atk|1
|-unboost|p1a: Samurott|spa|1
|
|t:|1769323068
|switch|p2a: Anonymous|Ogerpon, F|45/100|[from] Parting Shot
|-damage|p2a: Anonymous|33/100|[from] Stealth Rock
|
|-weather|RainDance|[upkeep]
|upkeep
|turn|7
|
|t:|1769323075
|switch|p2a: Hybrid|Hydreigon, M, shiny|100/100
|-damage|p2a: Hybrid|88/100|[from] Stealth Rock
|switch|p1a: Toxicroak|Toxicroak, F|90/100
|
|-weather|RainDance|[upkeep]
|-heal|p1a: Toxicroak|100/100|[from] ability: Dry Skin
|upkeep
|turn|8
|
|t:|1769323086
|switch|p1a: Iron Treads|Iron Treads|21/100
|move|p2a: Hybrid|Earth Power|p1a: Iron Treads
|-supereffective|p1a: Iron Treads
|-damage|p1a: Iron Treads|0 fnt
|faint|p1a: Iron Treads
|-end|p1a: Iron Treads|Quark Drive|[silent]
|
|-weather|none
|upkeep
|
|t:|1769323089
|switch|p1a: Pelipper|Pelipper, F|100/100
|-weather|RainDance|[from] ability: Drizzle|[of] p1a: Pelipper
|turn|9
|
|t:|1769323096
|switch|p2a: Overseer|Pecharunt|88/100
|-damage|p2a: Overseer|76/100|[from] Stealth Rock
|move|p1a: Pelipper|U-turn|p2a: Overseer
|-resisted|p2a: Overseer
|-damage|p2a: Overseer|75/100
|-damage|p1a: Pelipper|84/100|[from] item: Rocky Helmet|[of] p2a: Overseer
|
|t:|1769323103
|switch|p1a: Samurott|Samurott-Hisui, F|100/100|[from] U-turn
|
|-weather|RainDance|[upkeep]
|upkeep
|turn|10
|
|t:|1769323114
|switch|p2a: Behemoth|Great Tusk, shiny|100/100
|move|p1a: Samurott|Knock Off|p2a: Behemoth
|-resisted|p2a: Behemoth
|-damage|p2a: Behemoth|78/100
|-enditem|p2a: Behemoth|Heavy-Duty Boots|[from] move: Knock Off|[of] p1a: Samurott
|
|-weather|RainDance|[upkeep]
|upkeep
|turn|11
|
|t:|1769323126
|switch|p1a: Basculegion|Basculegion, M|100/100
|move|p2a: Behemoth|Rapid Spin|p1a: Basculegion
|-immune|p1a: Basculegion
|
|-weather|RainDance|[upkeep]
|upkeep
|turn|12
|
|t:|1769323134
|-end|p2a: Behemoth|Protosynthesis|[silent]
|switch|p2a: Pisces|Alomomola, M, shiny|100/100
|-damage|p2a: Pisces|88/100|[from] Stealth Rock
|move|p1a: Basculegion|Flip Turn|p2a: Pisces
|-resisted|p2a: Pisces
|-damage|p2a: Pisces|66/100
|
|t:|1769323144
|switch|p1a: Samurott|Samurott-Hisui, F|100/100|[from] Flip Turn
|
|-weather|RainDance|[upkeep]
|upkeep
|turn|13
|
|t:|1769323149
|move|p1a: Samurott|Ceaseless Edge|p2a: Pisces
|-damage|p2a: Pisces|14/100
|-sidestart|p2: rex2121|Spikes
|move|p2a: Pisces|Flip Turn|p1a: Samurott
|-resisted|p1a: Samurott
|-damage|p1a: Samurott|84/100
|
|t:|1769323155
|switch|p2a: Behemoth|Great Tusk, shiny|78/100|[from] Flip Turn
|-damage|p2a: Behemoth|75/100|[from] Stealth Rock
|-damage|p2a: Behemoth|62/100|[from] Spikes
|
|-weather|RainDance|[upkeep]
|upkeep
|turn|14
|
|t:|1769323162
|switch|p1a: Basculegion|Basculegion, M|100/100
|move|p2a: Behemoth|Headlong Rush|p1a: Basculegion
|-damage|p1a: Basculegion|21/100
|-unboost|p2a: Behemoth|def|1
|-unboost|p2a: Behemoth|spd|1
|
|-weather|RainDance|[upkeep]
|upkeep
|turn|15
|
|t:|1769323169
|-end|p2a: Behemoth|Protosynthesis|[silent]
|switch|p2a: Overseer|Pecharunt|75/100
|-damage|p2a: Overseer|62/100|[from] Stealth Rock
|-damage|p2a: Overseer|50/100|[from] Spikes
|move|p1a: Basculegion|Flip Turn|p2a: Overseer
|-damage|p2a: Overseer|22/100
|-damage|p1a: Basculegion|4/100|[from] item: Rocky Helmet|[of] p2a: Overseer
|
|t:|1769323175
|switch|p1a: Tornadus|Tornadus-Therian, M|100/100|[from] Flip Turn
|
|-weather|RainDance|[upkeep]
|upkeep
|turn|16
|
|t:|1769323179
|move|p1a: Tornadus|Hurricane|p2a: Overseer
|-damage|p2a: Overseer|0 fnt
|faint|p2a: Overseer
|
|-weather|none
|upkeep
|
|t:|1769323186
|switch|p2a: Smile.exe|Tinkaton, F, shiny|100/100
|-damage|p2a: Smile.exe|94/100|[from] Stealth Rock
|-item|p2a: Smile.exe|Air Balloon
|turn|17
|
|t:|1769323190
|switch|p1a: Pelipper|Pelipper, F|84/100
|-weather|RainDance|[from] ability: Drizzle|[of] p1a: Pelipper
|move|p2a: Smile.exe|Stealth Rock|p1a: Pelipper
|-sidestart|p1: Air Glider|move: Stealth Rock
|
|-weather|RainDance|[upkeep]
|upkeep
|turn|18
|
|t:|1769323199
|move|p2a: Smile.exe|Ice Hammer|p1a: Pelipper|[miss]
|-miss|p2a: Smile.exe|p1a: Pelipper
|move|p1a: Pelipper|Surf|p2a: Smile.exe
|-damage|p2a: Smile.exe|30/100
|-enditem|p2a: Smile.exe|Air Balloon
|
|-weather|RainDance|[upkeep]
|upkeep
|turn|19
|
|t:|1769323206
|move|p2a: Smile.exe|Encore|p1a: Pelipper
|-start|p1a: Pelipper|Encore
|move|p1a: Pelipper|Surf|p2a: Smile.exe
|-damage|p2a: Smile.exe|0 fnt
|faint|p2a: Smile.exe
|
|-weather|RainDance|[upkeep]
|upkeep
|
|t:|1769323212
|switch|p2a: Anonymous|Ogerpon, F|33/100
|-damage|p2a: Anonymous|21/100|[from] Stealth Rock
|-damage|p2a: Anonymous|8/100|[from] Spikes
|turn|20
|
|t:|1769323216
|switch|p1a: Toxicroak|Toxicroak, F|100/100
|-damage|p1a: Toxicroak|94/100|[from] Stealth Rock
|move|p2a: Anonymous|Ivy Cudgel|p1a: Toxicroak
|-resisted|p1a: Toxicroak
|-damage|p1a: Toxicroak|60/100
|
|-weather|RainDance|[upkeep]
|-heal|p1a: Toxicroak|73/100|[from] ability: Dry Skin
|upkeep
|turn|21
|
|t:|1769323231
|switch|p2a: Behemoth|Great Tusk, shiny|62/100
|-damage|p2a: Behemoth|60/100|[from] Stealth Rock
|-damage|p2a: Behemoth|47/100|[from] Spikes
|move|p1a: Toxicroak|Toxic|p2a: Behemoth
|-status|p2a: Behemoth|tox
|
|-weather|RainDance|[upkeep]
|-heal|p1a: Toxicroak|85/100|[from] ability: Dry Skin
|-damage|p2a: Behemoth|41/100 tox|[from] psn
|upkeep
|turn|22
|
|t:|1769323243
|switch|p1a: Basculegion|Basculegion, M|4/100
|-damage|p1a: Basculegion|0 fnt|[from] Stealth Rock
|faint|p1a: Basculegion
|move|p2a: Behemoth|Rapid Spin|p1: Basculegion|[notarget]
|-fail|p2a: Behemoth
|
|-weather|RainDance|[upkeep]
|-damage|p2a: Behemoth|29/100 tox|[from] psn
|upkeep
|
|t:|1769323246
|switch|p1a: Tornadus|Tornadus-Therian, M|100/100
|-damage|p1a: Tornadus|76/100|[from] Stealth Rock
|turn|23
|
|t:|1769323253
|-end|p2a: Behemoth|Protosynthesis|[silent]
|switch|p2a: Anonymous|Ogerpon, F|8/100
|-damage|p2a: Anonymous|0 fnt|[from] Stealth Rock
|faint|p2a: Anonymous
|move|p1a: Tornadus|Hurricane|p2: Anonymous|[notarget]
|-fail|p1a: Tornadus
|
|-weather|RainDance|[upkeep]
|upkeep
|inactive|rex2121 has 120 seconds left.
|
|t:|1769323292
|switch|p2a: Pisces|Alomomola, M, shiny|47/100
|-damage|p2a: Pisces|35/100|[from] Stealth Rock
|-damage|p2a: Pisces|23/100|[from] Spikes
|turn|24
|
|t:|1769323296
|switch|p2a: Behemoth|Great Tusk, shiny|29/100 tox
|-damage|p2a: Behemoth|26/100 tox|[from] Stealth Rock
|-damage|p2a: Behemoth|13/100 tox|[from] Spikes
|move|p1a: Tornadus|Hurricane|p2a: Behemoth
|-supereffective|p2a: Behemoth
|-damage|p2a: Behemoth|0 fnt
|faint|p2a: Behemoth
|-end|p2a: Behemoth|Protosynthesis|[silent]
|
|-weather|none
|upkeep
|
|t:|1769323298
|switch|p2a: Hybrid|Hydreigon, M, shiny|88/100
|-damage|p2a: Hybrid|76/100|[from] Stealth Rock
|turn|25
|
|t:|1769323303
|switch|p1a: Toxicroak|Toxicroak, F|85/100
|-damage|p1a: Toxicroak|79/100|[from] Stealth Rock
|move|p2a: Hybrid|Dark Pulse|p1a: Toxicroak
|-resisted|p1a: Toxicroak
|-damage|p1a: Toxicroak|42/100
|
|upkeep
|turn|26
|
|t:|1769323318
|-terastallize|p2a: Hybrid|Steel
|move|p2a: Hybrid|Dark Pulse|p1a: Toxicroak
|-resisted|p1a: Toxicroak
|-damage|p1a: Toxicroak|5/100
|move|p1a: Toxicroak|Drain Punch|p2a: Hybrid
|-supereffective|p2a: Hybrid
|-damage|p2a: Hybrid|11/100
|-heal|p1a: Toxicroak|33/100|[from] drain|[of] p2a: Hybrid
|
|upkeep
|turn|27
|
|t:|1769323324
|move|p2a: Hybrid|Dark Pulse|p1a: Toxicroak
|-resisted|p1a: Toxicroak
|-damage|p1a: Toxicroak|0 fnt
|faint|p1a: Toxicroak
|
|upkeep
|
|t:|1769323334
|switch|p1a: Samurott|Samurott-Hisui, F|84/100
|-damage|p1a: Samurott|72/100|[from] Stealth Rock
|turn|28
|
|t:|1769323338
|move|p1a: Samurott|Aqua Jet|p2a: Hybrid
|-damage|p2a: Hybrid|0 fnt
|faint|p2a: Hybrid
|
|upkeep
|-message|rex2121 forfeited.
|
|win|Air Glider
|raw|Air Glider's rating: 1510 &rarr; <strong>1533</strong><br />(+23 for winning)
|raw|rex2121's rating: 1568 &rarr; <strong>1545</strong><br />(-23 for losing)
|l|☆rex2121
|player|p2|
