|j|☆u r nottwhh
|j|☆memeyleague
|t:|1769424733
|gametype|singles
|player|p1|u r nottwhh|lucas|1194
|player|p2|memeyleague|170|1135
|gen|9
|tier|[Gen 9] OU
|rated|
|rule|HP Percentage Mod: HP is shown in percentages
|rule|Endless Battle Clause: Forcing endless battles is banned
|rule|Species Clause: Limit one of each Pokémon
|rule|OHKO Clause: OHKO moves are banned
|rule|Evasion Items Clause: Evasion items are banned
|rule|Evasion Moves Clause: Evasion moves are banned
|rule|Evasion Abilities Clause: Evasion abilities are banned
|rule|Sleep Moves Clause: Sleep-inducing moves are banned
|clearpoke
|poke|p1|Garchomp, F|
|poke|p1|Samurott-Hisui, F|
|poke|p1|Gholdengo|
|poke|p1|Great Tusk|
|poke|p1|Dragapult, F|
|poke|p1|Dondozo, M|
|poke|p2|Heatran, F|
|poke|p2|Serperior, F|
|poke|p2|Walking Wake|
|poke|p2|Sentret, F|
|poke|p2|Moltres|
|poke|p2|Zamazenta-*|
|teampreview
|
|t:|1769424767
|teamsize|p1|6
|teamsize|p2|6
|start
|switch|p1a: Garchomp|Garchomp, F|100/100
|switch|p2a: Walking Wake|Walking Wake|100/100
|-enditem|p2a: Walking Wake|Booster Energy
|-activate|p2a: Walking Wake|ability: Protosynthesis|[fromitem]
|-start|p2a: Walking Wake|protosynthesisspe
|turn|1
|
|t:|1769424779
|-terastallize|p1a: Garchomp|Steel
|move|p2a: Walking Wake|Dragon Pulse|p1a: Garchomp
|-resisted|p1a: Garchomp
|-damage|p1a: Garchomp|77/100
|move|p1a: Garchomp|Scale Shot|p2a: Walking Wake|[miss]
|-miss|p1a: Garchomp|p2a: Walking Wake
|
|upkeep
|turn|2
|
|t:|1769424789
|move|p2a: Walking Wake|Flamethrower|p1a: Garchomp
|-supereffective|p1a: Garchomp
|-damage|p1a: Garchomp|14/100
|move|p1a: Garchomp|Scale Shot|p2a: Walking Wake
|-supereffective|p2a: Walking Wake
|-damage|p2a: Walking Wake|63/100
|-supereffective|p2a: Walking Wake
|-damage|p2a: Walking Wake|23/100
|-supereffective|p2a: Walking Wake
|-damage|p2a: Walking Wake|0 fnt
|faint|p2a: Walking Wake
|-end|p2a: Walking Wake|Protosynthesis|[silent]
|-hitcount|p2: Walking Wake|3
|-unboost|p1a: Garchomp|def|1
|-boost|p1a: Garchomp|spe|1
|-damage|p1a: Garchomp|4/100|[from] item: Life Orb
|
|upkeep
|
|t:|1769424798
|switch|p2a: Moltres|Moltres|100/100
|turn|3
|
|t:|1769424817
|move|p1a: Garchomp|Scale Shot|p2a: Moltres|[miss]
|-miss|p1a: Garchomp|p2a: Moltres
|move|p2a: Moltres|Hurricane|p1a: Garchomp|[miss]
|-miss|p2a: Moltres|p1a: Garchomp
|
|upkeep
|turn|4
|
|t:|1769424846
|switch|p2a: Serperior|Serperior, F|100/100
|move|p1a: Garchomp|Scale Shot|p2a: Serperior
|-damage|p2a: Serperior|75/100
|-damage|p2a: Serperior|51/100
|-damage|p2a: Serperior|28/100
|-hitcount|p2a: Serperior|3
|-unboost|p1a: Garchomp|def|1
|-boost|p1a: Garchomp|spe|1
|-damage|p1a: Garchomp|0 fnt|[from] item: Life Orb
|faint|p1a: Garchomp
|
|upkeep
|
|t:|1769424865
|switch|p1a: Dragapult|Dragapult, F|100/100
|turn|5
|
|t:|1769424871
|switch|p2a: Sentret|Sentret, F|100/100
|-item|p1a: Dragapult|Choice Specs|[from] ability: Frisk|[of] p2a: Sentret
|move|p1a: Dragapult|Shadow Ball|p2a: Sentret
|-immune|p2a: Sentret
|
|upkeep
|turn|6
|
|t:|1769424891
|switch|p1a: Great Tusk|Great Tusk|100/100
|switch|p2a: Zamazenta|Zamazenta|100/100
|-ability|p2a: Zamazenta|Dauntless Shield|boost
|-boost|p2a: Zamazenta|def|1
|
|upkeep
|turn|7
|
|t:|1769424900
|-end|p1a: Great Tusk|Protosynthesis|[silent]
|switch|p1a: Dondozo|Dondozo, M|100/100
|move|p2a: Zamazenta|Dig||[still]
|-prepare|p2a: Zamazenta|Dig
|
|upkeep
|turn|8
|
|t:|1769424907
|move|p1a: Dondozo|Wave Crash|p2a: Zamazenta|[miss]
|-miss|p1a: Dondozo|p2a: Zamazenta
|move|p2a: Zamazenta|Dig|p1a: Dondozo|[from] lockedmove
|-damage|p1a: Dondozo|89/100
|
|-heal|p1a: Dondozo|95/100|[from] item: Leftovers
|upkeep
|turn|9
|
|t:|1769424917
|switch|p2a: Sentret|Sentret, F|100/100
|-item|p1a: Dondozo|Leftovers|[from] ability: Frisk|[of] p2a: Sentret
|move|p1a: Dondozo|Wave Crash|p2a: Sentret
|-enditem|p2a: Sentret|Focus Sash
|-damage|p2a: Sentret|1/100
|-damage|p1a: Dondozo|83/100|[from] Recoil
|
|-heal|p1a: Dondozo|89/100|[from] item: Leftovers
|upkeep
|turn|10
|
|t:|1769424928
|switch|p1a: Dragapult|Dragapult, F|100/100
|move|p2a: Sentret|Endeavor|p1a: Dragapult
|-immune|p1a: Dragapult
|
|upkeep
|turn|11
|
|t:|1769424939
|switch|p2a: Heatran|Heatran, F|100/100
|move|p1a: Dragapult|Fire Blast|p2a: Heatran
|-start|p2a: Heatran|ability: Flash Fire
|
|upkeep
|turn|12
|
|t:|1769424948
|switch|p1a: Samurott|Samurott-Hisui, F|100/100
|move|p2a: Heatran|Flamethrower|p1a: Samurott
|-resisted|p1a: Samurott
|-damage|p1a: Samurott|38/100
|-damage|p2a: Heatran|91/100|[from] item: Life Orb
|
|upkeep
|turn|13
|
|t:|1769424965
|-terastallize|p2a: Heatran|Grass
|move|p1a: Samurott|Razor Shell|p2a: Heatran
|-resisted|p2a: Heatran
|-damage|p2a: Heatran|66/100
|-unboost|p2a: Heatran|def|1
|move|p2a: Heatran|Tera Blast|p1a: Samurott|[anim] Tera Blast Grass
|-supereffective|p1a: Samurott
|-damage|p1a: Samurott|0 fnt
|faint|p1a: Samurott
|-damage|p2a: Heatran|56/100|[from] item: Life Orb
|
|upkeep
|
|t:|1769424979
|switch|p1a: Gholdengo|Gholdengo|100/100
|turn|14
|
|t:|1769424989
|move|p1a: Gholdengo|Make It Rain|p2a: Heatran
|-damage|p2a: Heatran|0 fnt
|-unboost|p1a: Gholdengo|spa|1
|faint|p2a: Heatran
|-damage|p1a: Gholdengo|91/100|[from] item: Life Orb
|
|upkeep
|
|t:|1769424999
|switch|p2a: Moltres|Moltres|100/100
|turn|15
|
|t:|1769425020
|switch|p1a: Dragapult|Dragapult, F|100/100
|move|p2a: Moltres|Flamethrower|p1a: Dragapult
|-resisted|p1a: Dragapult
|-damage|p1a: Dragapult|67/100
|
|upkeep
|turn|16
|
|t:|1769425030
|move|p1a: Dragapult|Hydro Pump|p2a: Moltres
|-supereffective|p2a: Moltres
|-damage|p2a: Moltres|0 fnt
|faint|p2a: Moltres
|
|upkeep
|
|t:|1769425035
|switch|p2a: Zamazenta|Zamazenta|100/100
|turn|17
|
|t:|1769425041
|switch|p1a: Dondozo|Dondozo, M|89/100
|move|p2a: Zamazenta|Dig||[still]
|-prepare|p2a: Zamazenta|Dig
|
|-heal|p1a: Dondozo|96/100|[from] item: Leftovers
|upkeep
|turn|18
|
|t:|1769425048
|move|p1a: Dondozo|Curse|p1a: Dondozo
|-unboost|p1a: Dondozo|spe|1
|-boost|p1a: Dondozo|atk|1
|-boost|p1a: Dondozo|def|1
|move|p2a: Zamazenta|Dig|p1a: Dondozo|[from] lockedmove
|-damage|p1a: Dondozo|87/100
|
|-heal|p1a: Dondozo|93/100|[from] item: Leftovers
|upkeep
|turn|19
|
|t:|1769425058
|move|p1a: Dondozo|Wave Crash|p2a: Zamazenta
|-damage|p2a: Zamazenta|51/100
|-damage|p1a: Dondozo|83/100|[from] Recoil
|move|p2a: Zamazenta|Crunch|p1a: Dondozo
|-damage|p1a: Dondozo|74/100
|
|-heal|p1a: Dondozo|80/100|[from] item: Leftovers
|upkeep
|turn|20
|
|t:|1769425066
|switch|p2a: Serperior|Serperior, F|28/100
|move|p1a: Dondozo|Wave Crash|p2a: Serperior
|-resisted|p2a: Serperior
|-damage|p2a: Serperior|0 fnt
|faint|p2a: Serperior
|-damage|p1a: Dondozo|75/100|[from] Recoil
|
|-heal|p1a: Dondozo|81/100|[from] item: Leftovers
|upkeep
|
|t:|1769425089
|switch|p2a: Zamazenta|Zamazenta|51/100
|turn|21
|
|t:|1769425094
|move|p1a: Dondozo|Wave Crash|p2a: Zamazenta
|-crit|p2a: Zamazenta
|-damage|p2a: Zamazenta|0 fnt
|faint|p2a: Zamazenta
|-damage|p1a: Dondozo|71/100|[from] Recoil
|
|-heal|p1a: Dondozo|77/100|[from] item: Leftovers
|upkeep
|
|t:|1769425096
|switch|p2a: Sentret|Sentret, F|1/100
|-item|p1a: Dondozo|Leftovers|[from] ability: Frisk|[of] p2a: Sentret
|turn|22
|
|t:|1769425126
|move|p2a: Sentret|Endeavor|p1a: Dondozo
|-damage|p1a: Dondozo|1/100
|move|p1a: Dondozo|Wave Crash|p2a: Sentret
|-damage|p2a: Sentret|0 fnt
|faint|p2a: Sentret
|-damage|p1a: Dondozo|0 fnt|[from] Recoil
|faint|p1a: Dondozo
|
|win|u r nottwhh
|raw|u r nottwhh's rating: 1194 &rarr; <strong>1215</strong><br />(+21 for winning)
|raw|memeyleague's rating: 1135 &rarr; <strong>1114</strong><br />(-21 for losing)
|l|☆u r nottwhh
|player|p1|
|l|☆memeyleague
|player|p2|
