|j|☆zazeraptor
|j|☆D3grad3 m3
|t:|1769324391
|gametype|singles
|player|p1|zazeraptor|miku-ghost|1293
|player|p2|D3grad3 m3|preschoolerf|1245
|gen|9
|tier|[Gen 9] OU
|rated|
|rule|HP Percentage Mod: HP is shown in percentages
|rule|Endless Battle Clause: Forcing endless battles is banned
|rule|Species Clause: Limit one of each Pokémon
|rule|OHKO Clause: OHKO moves are banned
|rule|Evasion Items Clause: Evasion items are banned
|rule|Evasion Moves Clause: Evasion moves are banned
|rule|Evasion Abilities Clause: Evasion abilities are banned
|rule|Sleep Moves Clause: Sleep-inducing moves are banned
|clearpoke
|poke|p1|Zoroark-Hisui, F|
|poke|p1|Alomomola, F|
|poke|p1|Garganacl, M|
|poke|p1|Pecharunt|
|poke|p1|Ogerpon-Wellspring, F|
|poke|p1|Great Tusk|
|poke|p2|Meowscarada, F|
|poke|p2|Zapdos|
|poke|p2|Keldeo-Resolute|
|poke|p2|Garganacl, M|
|poke|p2|Dragapult, M|
|poke|p2|Slowking-Galar, F|
|teampreview
|inactive|Battle timer is ON: inactive players will automatically lose when time's up. (requested by D3grad3 m3)
|
|t:|1769324419
|teamsize|p1|6
|teamsize|p2|6
|start
|switch|p1a: Ogerpon|Ogerpon-Wellspring, F|100/100
|switch|p2a: STARLIGHT|Dragapult, M|100/100
|turn|1
|
|t:|1769324424
|switch|p1a: Garganacl|Garganacl, M|100/100
|move|p2a: STARLIGHT|U-turn|p1a: Garganacl
|-damage|p1a: Garganacl|76/100
|
|t:|1769324428
|switch|p2a: stargazing|Keldeo-Resolute|100/100|[from] U-turn
|
|-heal|p1a: Garganacl|83/100|[from] item: Leftovers
|upkeep
|turn|2
|
|t:|1769324433
|move|p1a: Garganacl|Protect|p1a: Garganacl
|-singleturn|p1a: Garganacl|Protect
|move|p2a: stargazing|Surf|p1a: Garganacl
|-activate|p1a: Garganacl|move: Protect
|
|-heal|p1a: Garganacl|89/100|[from] item: Leftovers
|upkeep
|turn|3
|
|t:|1769324437
|switch|p1a: Ogerpon|Ogerpon-Wellspring, F|100/100
|move|p2a: stargazing|Secret Sword|p1a: Ogerpon
|-damage|p1a: Ogerpon|41/100
|
|upkeep
|turn|4
|
|t:|1769324445
|move|p1a: Ogerpon|Horn Leech|p2a: stargazing
|-supereffective|p2a: stargazing
|-damage|p2a: stargazing|0 fnt
|-heal|p1a: Ogerpon|95/100|[from] drain|[of] p2a: stargazing
|faint|p2a: stargazing
|
|upkeep
|
|t:|1769324455
|switch|p2a: STARLIGHT|Dragapult, M|100/100
|turn|5
|
|t:|1769324459
|switch|p1a: Pecharunt|Pecharunt|100/100
|move|p2a: STARLIGHT|Dragon Darts|p1a: Pecharunt
|-damage|p1a: Pecharunt|84/100
|-anim|p2a: STARLIGHT|Dragon Darts|p1a: Pecharunt
|-damage|p1a: Pecharunt|66/100
|
|upkeep
|turn|6
|
|t:|1769324463
|switch|p2a: Another End|Slowking-Galar, F|100/100
|move|p1a: Pecharunt|Recover|p1a: Pecharunt
|-heal|p1a: Pecharunt|100/100
|
|upkeep
|turn|7
|
|t:|1769324466
|move|p1a: Pecharunt|Parting Shot|p2a: Another End
|-unboost|p2a: Another End|atk|1
|-unboost|p2a: Another End|spa|1
|
|t:|1769324475
|switch|p1a: Garganacl|Garganacl, M|89/100|[from] Parting Shot
|move|p2a: Another End|Thunder Wave|p1a: Garganacl
|-immune|p1a: Garganacl|[from] ability: Purifying Salt
|
|-heal|p1a: Garganacl|95/100|[from] item: Leftovers
|upkeep
|turn|8
|
|t:|1769324480
|move|p1a: Garganacl|Salt Cure|p2a: Another End
|-damage|p2a: Another End|86/100
|-start|p2a: Another End|Salt Cure
|-prepare|p2a: Another End|Chilly Reception|[premajor]
|move|p2a: Another End|Chilly Reception|p2a: Another End
|-weather|Snowscape
|
|t:|1769324486
|switch|p2a: Meowthsynth|Meowscarada, F|100/100|[from] Chilly Reception
|
|-weather|Snowscape|[upkeep]
|-heal|p1a: Garganacl|100/100|[from] item: Leftovers
|upkeep
|turn|9
|
|t:|1769324492
|switch|p1a: Alomomola|Alomomola, F|100/100
|move|p2a: Meowthsynth|Flower Trick|p1a: Alomomola
|-start|p2a: Meowthsynth|typechange|Grass|[from] ability: Protean
|-supereffective|p1a: Alomomola
|-crit|p1a: Alomomola
|-damage|p1a: Alomomola|0 fnt
|faint|p1a: Alomomola
|
|-weather|Snowscape|[upkeep]
|upkeep
|
|t:|1769324505
|switch|p1a: Pecharunt|Pecharunt|100/100
|turn|10
|
|t:|1769324522
|switch|p2a: Another End|Slowking-Galar, F|100/100
|move|p1a: Pecharunt|Malignant Chain|p2a: Another End
|-resisted|p2a: Another End
|-damage|p2a: Another End|91/100
|
|-weather|Snowscape|[upkeep]
|upkeep
|turn|11
|inactive|D3grad3 m3 has 120 seconds left.
|
|t:|1769324563
|move|p1a: Pecharunt|Parting Shot|p2a: Another End
|-unboost|p2a: Another End|atk|1
|-unboost|p2a: Another End|spa|1
|
|t:|1769324566
|switch|p1a: Garganacl|Garganacl, M|100/100|[from] Parting Shot
|move|p2a: Another End|Future Sight|p1a: Garganacl
|-start|p2a: Another End|move: Future Sight
|
|-weather|Snowscape|[upkeep]
|upkeep
|turn|12
|
|t:|1769324570
|move|p1a: Garganacl|Stealth Rock|p2a: Another End
|-sidestart|p2: D3grad3 m3|move: Stealth Rock
|-prepare|p2a: Another End|Chilly Reception|[premajor]
|move|p2a: Another End|Chilly Reception|p2a: Another End
|
|t:|1769324575
|switch|p2a: STARLIGHT|Dragapult, M|100/100|[from] Chilly Reception
|-damage|p2a: STARLIGHT|88/100|[from] Stealth Rock
|
|-weather|none
|upkeep
|turn|13
|
|t:|1769324581
|switch|p1a: Pecharunt|Pecharunt|100/100
|move|p2a: STARLIGHT|Dragon Darts|p1a: Pecharunt
|-damage|p1a: Pecharunt|82/100
|-anim|p2a: STARLIGHT|Dragon Darts|p1a: Pecharunt
|-damage|p1a: Pecharunt|64/100
|
|-end|p1a: Pecharunt|move: Future Sight
|-supereffective|p1a: Pecharunt
|-damage|p1a: Pecharunt|0 fnt
|faint|p1a: Pecharunt
|upkeep
|
|t:|1769324587
|switch|p1a: Great Tusk|Great Tusk|100/100
|turn|14
|
|t:|1769324594
|switch|p2a: Two Ballades|Zapdos|100/100
|move|p1a: Great Tusk|Ice Spinner|p2a: Two Ballades
|-supereffective|p2a: Two Ballades
|-damage|p2a: Two Ballades|60/100
|-status|p1a: Great Tusk|par|[from] ability: Static|[of] p2a: Two Ballades
|
|upkeep
|turn|15
|
|t:|1769324613
|move|p2a: Two Ballades|Hurricane|p1a: Great Tusk|[miss]
|-miss|p2a: Two Ballades|p1a: Great Tusk
|cant|p1a: Great Tusk|par
|
|upkeep
|turn|16
|
|t:|1769324616
|-end|p1a: Great Tusk|Protosynthesis|[silent]
|switch|p1a: Garganacl|Garganacl, M|100/100
|move|p2a: Two Ballades|Hurricane|p1a: Garganacl
|-resisted|p1a: Garganacl
|-damage|p1a: Garganacl|85/100
|
|-heal|p1a: Garganacl|92/100|[from] item: Leftovers
|upkeep
|turn|17
|
|t:|1769324620
|move|p2a: Two Ballades|Volt Switch|p1a: Garganacl
|-damage|p1a: Garganacl|73/100
|
|t:|1769324622
|switch|p2a: Another End|Slowking-Galar, F|100/100|[from] Volt Switch
|move|p1a: Garganacl|Salt Cure|p2a: Another End
|-damage|p2a: Another End|87/100
|-start|p2a: Another End|Salt Cure
|
|-heal|p1a: Garganacl|79/100|[from] item: Leftovers
|-damage|p2a: Another End|74/100|[from] Salt Cure
|upkeep
|turn|18
|
|t:|1769324638
|switch|p1a: Great Tusk|Great Tusk|100/100 par
|-prepare|p2a: Another End|Chilly Reception|[premajor]
|move|p2a: Another End|Chilly Reception|p2a: Another End
|-weather|Snowscape
|
|t:|1769324660
|switch|p2a: Two Ballades|Zapdos|60/100|[from] Chilly Reception
|
|-weather|Snowscape|[upkeep]
|upkeep
|turn|19
|
|t:|1769324666
|-end|p1a: Great Tusk|Protosynthesis|[silent]
|switch|p1a: Garganacl|Garganacl, M|79/100
|move|p2a: Two Ballades|Roost|p2a: Two Ballades
|-heal|p2a: Two Ballades|100/100
|-singleturn|p2a: Two Ballades|move: Roost
|
|-weather|Snowscape|[upkeep]
|-heal|p1a: Garganacl|85/100|[from] item: Leftovers
|upkeep
|turn|20
|
|t:|1769324680
|move|p1a: Garganacl|Protect|p1a: Garganacl
|-singleturn|p1a: Garganacl|Protect
|move|p2a: Two Ballades|Volt Switch|p1a: Garganacl
|-activate|p1a: Garganacl|move: Protect
|
|-weather|Snowscape|[upkeep]
|-heal|p1a: Garganacl|92/100|[from] item: Leftovers
|upkeep
|turn|21
|
|t:|1769324688
|move|p2a: Two Ballades|Volt Switch|p1a: Garganacl
|-damage|p1a: Garganacl|71/100
|
|t:|1769324692
|switch|p2a: Another End|Slowking-Galar, F|100/100|[from] Volt Switch
|move|p1a: Garganacl|Salt Cure|p2a: Another End
|-damage|p2a: Another End|85/100
|-start|p2a: Another End|Salt Cure
|
|-weather|Snowscape|[upkeep]
|-heal|p1a: Garganacl|77/100|[from] item: Leftovers
|-damage|p2a: Another End|73/100|[from] Salt Cure
|upkeep
|turn|22
|
|t:|1769324701
|switch|p1a: Great Tusk|Great Tusk|100/100 par
|-prepare|p2a: Another End|Chilly Reception|[premajor]
|move|p2a: Another End|Chilly Reception|p2a: Another End
|
|t:|1769324723
|switch|p2a: Meowthsynth|Meowscarada, F|100/100|[from] Chilly Reception
|-damage|p2a: Meowthsynth|88/100|[from] Stealth Rock
|
|-weather|none
|upkeep
|turn|23
|
|t:|1769324741
|-terastallize|p2a: Meowthsynth|Grass
|move|p2a: Meowthsynth|Flower Trick|p1a: Great Tusk
|-supereffective|p1a: Great Tusk
|-crit|p1a: Great Tusk
|-damage|p1a: Great Tusk|0 fnt
|faint|p1a: Great Tusk
|-end|p1a: Great Tusk|Protosynthesis|[silent]
|
|upkeep
|
|t:|1769324746
|switch|p1a: Ogerpon|Ogerpon-Wellspring, F|100/100
|turn|24
|inactive|D3grad3 m3 has 120 seconds left.
|
|t:|1769324778
|move|p2a: Meowthsynth|Flower Trick|p1a: Ogerpon
|-crit|p1a: Ogerpon
|-damage|p1a: Ogerpon|0 fnt
|replace|p1a: Zoroark|Zoroark-Hisui, F, shiny
|-end|p1a: Zoroark|Illusion
|faint|p1a: Zoroark
|
|upkeep
|-message|zazeraptor forfeited.
|
|win|D3grad3 m3
|raw|zazeraptor's rating: 1293 &rarr; <strong>1265</strong><br />(-28 for losing)
|raw|D3grad3 m3's rating: 1245 &rarr; <strong>1273</strong><br />(+28 for winning)
|l|☆zazeraptor
|player|p1|
