|j|☆Yarm
|j|☆MyBruvva
|t:|1769296690
|gametype|singles
|player|p1|Yarm|supernerd|1410
|player|p2|MyBruvva|drayden|1416
|gen|9
|tier|[Gen 9] OU
|rated|
|rule|HP Percentage Mod: HP is shown in percentages
|rule|Endless Battle Clause: Forcing endless battles is banned
|rule|Species Clause: Limit one of each Pokémon
|rule|OHKO Clause: OHKO moves are banned
|rule|Evasion Items Clause: Evasion items are banned
|rule|Evasion Moves Clause: Evasion moves are banned
|rule|Evasion Abilities Clause: Evasion abilities are banned
|rule|Sleep Moves Clause: Sleep-inducing moves are banned
|clearpoke
|poke|p1|Deoxys-Speed|
|poke|p1|Ceruledge, F|
|poke|p1|Zamazenta-*|
|poke|p1|Ogerpon-Wellspring, F|
|poke|p1|Glimmora, F|
|poke|p1|Moltres-Galar|
|poke|p2|Mienshao, F|
|poke|p2|Ting-Lu|
|poke|p2|Gholdengo|
|poke|p2|Clefable, F|
|poke|p2|Ogerpon-Cornerstone, F|
|poke|p2|Rotom-Wash|
|teampreview
|inactive|Battle timer is ON: inactive players will automatically lose when time's up. (requested by Yarm)
|inactive|MyBruvva also wants the timer to be on.
|j| deno_nemesis
|l| deno_nemesis
|
|t:|1769296708
|teamsize|p1|6
|teamsize|p2|6
|start
|switch|p1a: Ogerpon|Ogerpon-Wellspring, F|100/100
|switch|p2a: Rotom|Rotom-Wash|100/100
|turn|1
|
|t:|1769296721
|move|p2a: Rotom|Will-O-Wisp|p1a: Ogerpon
|-status|p1a: Ogerpon|brn
|move|p1a: Ogerpon|Horn Leech|p2a: Rotom
|-supereffective|p2a: Rotom
|-damage|p2a: Rotom|37/100
|
|-damage|p1a: Ogerpon|95/100 brn|[from] brn
|upkeep
|turn|2
|
|t:|1769296742
|switch|p2a: Ogerpon|Ogerpon-Cornerstone, F|100/100
|move|p1a: Ogerpon|Swords Dance|p1a: Ogerpon
|-boost|p1a: Ogerpon|atk|2
|
|-damage|p1a: Ogerpon|89/100 brn|[from] brn
|upkeep
|turn|3
|
|t:|1769296756
|move|p2a: Ogerpon|Swords Dance|p2a: Ogerpon
|-boost|p2a: Ogerpon|atk|2
|move|p1a: Ogerpon|Horn Leech|p2a: Ogerpon
|-damage|p2a: Ogerpon|40/100
|-heal|p1a: Ogerpon|100/100 brn|[from] drain|[of] p2a: Ogerpon
|
|-damage|p1a: Ogerpon|95/100 brn|[from] brn
|upkeep
|turn|4
|
|t:|1769296761
|move|p2a: Ogerpon|Ivy Cudgel|p1a: Ogerpon|[anim] Ivy Cudgel Rock
|-damage|p1a: Ogerpon|0 fnt
|faint|p1a: Ogerpon
|
|upkeep
|
|t:|1769296766
|switch|p1a: Deoxys|Deoxys-Speed|100/100
|-ability|p1a: Deoxys|Pressure
|turn|5
|
|t:|1769296771
|move|p1a: Deoxys|Psycho Boost|p2a: Ogerpon
|-damage|p2a: Ogerpon|0 fnt
|-unboost|p1a: Deoxys|spa|2
|faint|p2a: Ogerpon
|
|upkeep
|
|t:|1769296775
|switch|p2a: Rotom|Rotom-Wash|37/100
|turn|6
|
|t:|1769296779
|move|p1a: Deoxys|Taunt|p2a: Rotom
|-start|p2a: Rotom|move: Taunt
|cant|p2a: Rotom|move: Taunt|Trick
|
|upkeep
|turn|7
|
|t:|1769296785
|move|p1a: Deoxys|Reflect|p1a: Deoxys
|-sidestart|p1: Yarm|Reflect
|move|p2a: Rotom|Volt Switch|p1a: Deoxys
|-damage|p1a: Deoxys|64/100
|
|t:|1769296796
|switch|p2a: Clefable|Clefable, F|100/100|[from] Volt Switch
|
|upkeep
|turn|8
|
|t:|1769296800
|move|p1a: Deoxys|Light Screen|p1a: Deoxys
|-sidestart|p1: Yarm|move: Light Screen
|move|p2a: Clefable|Stealth Rock|p1a: Deoxys
|-sidestart|p1: Yarm|move: Stealth Rock
|
|upkeep
|turn|9
|
|t:|1769296809
|switch|p1a: Glimmora|Glimmora, F|100/100
|-damage|p1a: Glimmora|88/100|[from] Stealth Rock
|move|p2a: Clefable|Alluring Voice|p1a: Glimmora
|-resisted|p1a: Glimmora
|-damage|p1a: Glimmora|79/100
|
|upkeep
|turn|10
|
|t:|1769296819
|move|p1a: Glimmora|Meteor Beam||[still]
|-prepare|p1a: Glimmora|Meteor Beam
|-boost|p1a: Glimmora|spa|1
|-enditem|p1a: Glimmora|Power Herb
|-anim|p1a: Glimmora|Meteor Beam|p2a: Clefable
|-damage|p2a: Clefable|16/100
|move|p2a: Clefable|Fire Blast|p1a: Glimmora
|-resisted|p1a: Glimmora
|-damage|p1a: Glimmora|71/100
|
|-heal|p2a: Clefable|22/100|[from] item: Leftovers
|upkeep
|turn|11
|
|t:|1769296824
|move|p1a: Glimmora|Stealth Rock|p2a: Clefable
|-sidestart|p2: MyBruvva|move: Stealth Rock
|move|p2a: Clefable|Alluring Voice|p1a: Glimmora
|-resisted|p1a: Glimmora
|-damage|p1a: Glimmora|62/100
|
|-heal|p2a: Clefable|28/100|[from] item: Leftovers
|upkeep
|turn|12
|
|t:|1769296830
|move|p1a: Glimmora|Mortal Spin|p2a: Clefable
|-supereffective|p2a: Clefable
|-damage|p2a: Clefable|18/100
|-status|p2a: Clefable|psn
|-sideend|p1: Yarm|Stealth Rock|[from] move: Mortal Spin|[of] p1a: Glimmora
|move|p2a: Clefable|Fire Blast|p1a: Glimmora
|-resisted|p1a: Glimmora
|-damage|p1a: Glimmora|54/100
|
|-heal|p2a: Clefable|24/100 psn|[from] item: Leftovers
|upkeep
|turn|13
|
|t:|1769296838
|move|p1a: Glimmora|Meteor Beam||[still]
|-prepare|p1a: Glimmora|Meteor Beam
|-boost|p1a: Glimmora|spa|1
|move|p2a: Clefable|Stealth Rock|p1a: Glimmora
|-sidestart|p1: Yarm|move: Stealth Rock
|
|-heal|p2a: Clefable|30/100 psn|[from] item: Leftovers
|upkeep
|turn|14
|
|t:|1769296848
|move|p1a: Glimmora|Meteor Beam|p2a: Clefable|[from] lockedmove
|-damage|p2a: Clefable|0 fnt
|faint|p2a: Clefable
|
|-sideend|p1: Yarm|Reflect
|upkeep
|
|t:|1769296859
|switch|p2a: Rotom|Rotom-Wash|37/100
|-damage|p2a: Rotom|25/100|[from] Stealth Rock
|turn|15
|
|t:|1769296872
|move|p2a: Rotom|Trick|p1a: Glimmora
|-activate|p2a: Rotom|move: Trick|[of] p1a: Glimmora
|-item|p1a: Glimmora|Choice Scarf|[from] move: Trick
|-enditem|p2a: Rotom|Choice Scarf|[silent]|[from] move: Trick
|move|p1a: Glimmora|Mortal Spin|p2a: Rotom
|-damage|p2a: Rotom|16/100
|-status|p2a: Rotom|psn
|-sideend|p1: Yarm|Stealth Rock|[from] move: Mortal Spin|[of] p1a: Glimmora
|
|-damage|p2a: Rotom|3/100 psn|[from] psn
|-sideend|p1: Yarm|move: Light Screen
|upkeep
|turn|16
|
|t:|1769296883
|move|p1a: Glimmora|Mortal Spin|p2a: Rotom
|-damage|p2a: Rotom|0 fnt
|faint|p2a: Rotom
|
|upkeep
|
|t:|1769296887
|switch|p2a: Gholdengo|Gholdengo|100/100
|-damage|p2a: Gholdengo|94/100|[from] Stealth Rock
|turn|17
|
|t:|1769296900
|move|p1a: Glimmora|Mortal Spin|p2a: Gholdengo
|-immune|p2a: Gholdengo
|move|p2a: Gholdengo|Thunder Wave|p1a: Glimmora
|-status|p1a: Glimmora|par
|
|upkeep
|turn|18
|
|t:|1769296907
|move|p1a: Glimmora|Mortal Spin|p2a: Gholdengo
|-immune|p2a: Gholdengo
|move|p2a: Gholdengo|Shadow Ball|p1a: Glimmora
|-crit|p1a: Glimmora
|-damage|p1a: Glimmora|0 fnt
|faint|p1a: Glimmora
|
|upkeep
|
|t:|1769296928
|switch|p1a: Ceruledge|Ceruledge, F|100/100
|turn|19
|
|t:|1769296933
|-terastallize|p1a: Ceruledge|Ghost
|-terastallize|p2a: Gholdengo|Water
|move|p1a: Ceruledge|Shadow Sneak|p2a: Gholdengo
|-damage|p2a: Gholdengo|61/100
|-enditem|p2a: Gholdengo|Red Card|[of] p1a: Ceruledge
|drag|p1a: Deoxys|Deoxys-Speed|64/100
|-ability|p1a: Deoxys|Pressure
|move|p2a: Gholdengo|Thunder Wave|p1a: Deoxys|[miss]
|-miss|p2a: Gholdengo|p1a: Deoxys
|
|upkeep
|turn|20
|
|t:|1769296945
|move|p1a: Deoxys|Psycho Boost|p2a: Gholdengo
|-damage|p2a: Gholdengo|17/100
|-unboost|p1a: Deoxys|spa|2
|move|p2a: Gholdengo|Shadow Ball|p1a: Deoxys
|-supereffective|p1a: Deoxys
|-damage|p1a: Deoxys|0 fnt
|faint|p1a: Deoxys
|
|upkeep
|
|t:|1769296950
|switch|p1a: Ceruledge|Ceruledge, F, tera:Ghost|100/100
|turn|21
|
|t:|1769296954
|switch|p2a: Ting-Lu|Ting-Lu|100/100
|-damage|p2a: Ting-Lu|94/100|[from] Stealth Rock
|-ability|p2a: Ting-Lu|Vessel of Ruin
|move|p1a: Ceruledge|Shadow Sneak|p2a: Ting-Lu
|-resisted|p2a: Ting-Lu
|-damage|p2a: Ting-Lu|85/100
|-damage|p1a: Ceruledge|91/100|[from] item: Life Orb
|
|upkeep
|turn|22
|
|t:|1769296963
|move|p1a: Ceruledge|Swords Dance|p1a: Ceruledge
|-boost|p1a: Ceruledge|atk|2
|move|p2a: Ting-Lu|Ruination|p1a: Ceruledge|[miss]
|-miss|p2a: Ting-Lu|p1a: Ceruledge
|
|upkeep
|turn|23
|
|t:|1769296972
|move|p1a: Ceruledge|Bitter Blade|p2a: Ting-Lu
|-damage|p2a: Ting-Lu|28/100
|-heal|p1a: Ceruledge|100/100|[from] drain|[of] p2a: Ting-Lu
|-damage|p1a: Ceruledge|91/100|[from] item: Life Orb
|move|p2a: Ting-Lu|Earthquake|p1a: Ceruledge
|-damage|p1a: Ceruledge|43/100
|-ability|p1a: Ceruledge|Weak Armor|boost
|-unboost|p1a: Ceruledge|def|1
|-boost|p1a: Ceruledge|spe|2
|
|upkeep
|turn|24
|
|t:|1769296977
|move|p1a: Ceruledge|Bitter Blade|p2a: Ting-Lu
|-damage|p2a: Ting-Lu|0 fnt
|-heal|p1a: Ceruledge|65/100|[from] drain|[of] p2a: Ting-Lu
|faint|p2a: Ting-Lu
|-damage|p1a: Ceruledge|55/100|[from] item: Life Orb
|
|upkeep
|
|t:|1769296980
|switch|p2a: Mienshao|Mienshao, F|100/100
|-damage|p2a: Mienshao|95/100|[from] Stealth Rock
|turn|25
|
|t:|1769296984
|move|p1a: Ceruledge|Bitter Blade|p2a: Mienshao
|-damage|p2a: Mienshao|0 fnt
|-heal|p1a: Ceruledge|95/100|[from] drain|[of] p2a: Mienshao
|faint|p2a: Mienshao
|-damage|p1a: Ceruledge|86/100|[from] item: Life Orb
|
|upkeep
|-message|MyBruvva forfeited.
|
|win|Yarm
|raw|Yarm's rating: 1410 &rarr; <strong>1430</strong><br />(+20 for winning)
|raw|MyBruvva's rating: 1416 &rarr; <strong>1396</strong><br />(-20 for losing)
|l|☆MyBruvva
|player|p2|
|l|☆Yarm
|player|p1|
