|j|☆thebigpinchelada
|j|☆lzx123456
|t:|1769324924
|gametype|singles
|player|p1|thebigpinchelada|1|1063
|player|p2|lzx123456|170|1051
|gen|9
|tier|[Gen 9] OU
|rated|
|rule|HP Percentage Mod: HP is shown in percentages
|rule|Endless Battle Clause: Forcing endless battles is banned
|rule|Species Clause: Limit one of each Pokémon
|rule|OHKO Clause: OHKO moves are banned
|rule|Evasion Items Clause: Evasion items are banned
|rule|Evasion Moves Clause: Evasion moves are banned
|rule|Evasion Abilities Clause: Evasion abilities are banned
|rule|Sleep Moves Clause: Sleep-inducing moves are banned
|clearpoke
|poke|p1|Glimmora, M|
|poke|p1|Walking Wake|
|poke|p1|Tyranitar, F|
|poke|p1|Deoxys-Speed|
|poke|p1|Iron Valiant|
|poke|p1|Tornadus-Therian, M|
|poke|p2|Pelipper, F|
|poke|p2|Inteleon, M|
|poke|p2|Grimmsnarl, M|
|poke|p2|Amoonguss, F|
|poke|p2|Glimmora, M|
|poke|p2|Araquanid, F|
|teampreview
|inactive|Battle timer is ON: inactive players will automatically lose when time's up. (requested by thebigpinchelada)
|
|t:|1769324940
|teamsize|p1|6
|teamsize|p2|6
|start
|switch|p1a: Deoxys|Deoxys-Speed|100/100
|switch|p2a: Pelipper|Pelipper, F|100/100
|-ability|p1a: Deoxys|Pressure
|-weather|RainDance|[from] ability: Drizzle|[of] p2a: Pelipper
|turn|1
|
|t:|1769324951
|move|p1a: Deoxys|Trick|p2a: Pelipper
|-activate|p1a: Deoxys|move: Trick|[of] p2a: Pelipper
|-item|p2a: Pelipper|Toxic Orb|[from] move: Trick
|-item|p1a: Deoxys|Damp Rock|[from] move: Trick
|move|p2a: Pelipper|U-turn|p1a: Deoxys
|-supereffective|p1a: Deoxys
|-damage|p1a: Deoxys|77/100
|
|t:|1769324968
|switch|p2a: Araquanid|Araquanid, F|100/100|[from] U-turn
|
|-weather|RainDance|[upkeep]
|upkeep
|turn|2
|inactive|lzx123456 has 120 seconds left.
|
|t:|1769324999
|move|p1a: Deoxys|Light Screen|p1a: Deoxys
|-sidestart|p1: thebigpinchelada|move: Light Screen
|move|p2a: Araquanid|Sticky Web|p1a: Deoxys
|-sidestart|p1: thebigpinchelada|move: Sticky Web
|
|-weather|RainDance|[upkeep]
|upkeep
|turn|3
|
|t:|1769325012
|move|p1a: Deoxys|Reflect|p1a: Deoxys
|-sidestart|p1: thebigpinchelada|Reflect
|move|p2a: Araquanid|Iron Defense|p2a: Araquanid
|-boost|p2a: Araquanid|def|2
|
|-weather|RainDance|[upkeep]
|upkeep
|turn|4
|
|t:|1769325019
|switch|p1a: Glimmora|Glimmora, M|100/100
|-activate|p1a: Glimmora|move: Sticky Web
|-unboost|p1a: Glimmora|spe|1
|move|p2a: Araquanid|Protect||[still]
|-fail|p2a: Araquanid
|
|-weather|RainDance|[upkeep]
|upkeep
|turn|5
|inactive|lzx123456 has 120 seconds left.
|
|t:|1769325035
|move|p2a: Araquanid|Hydro Pump|p1a: Glimmora
|-supereffective|p1a: Glimmora
|-damage|p1a: Glimmora|7/100
|move|p1a: Glimmora|Mortal Spin|p2a: Araquanid
|-damage|p2a: Araquanid|96/100
|-status|p2a: Araquanid|psn
|-sideend|p1: thebigpinchelada|Sticky Web|[from] move: Mortal Spin|[of] p1a: Glimmora
|
|-weather|RainDance|[upkeep]
|-damage|p2a: Araquanid|84/100 psn|[from] psn
|upkeep
|turn|6
|
|t:|1769325045
|move|p1a: Glimmora|Spiky Shield|p1a: Glimmora
|-singleturn|p1a: Glimmora|move: Protect
|move|p2a: Araquanid|Hydro Pump|p1a: Glimmora
|-activate|p1a: Glimmora|move: Protect
|
|-weather|RainDance|[upkeep]
|-damage|p2a: Araquanid|72/100 psn|[from] psn
|-sideend|p1: thebigpinchelada|move: Light Screen
|upkeep
|turn|7
|
|t:|1769325062
|switch|p1a: Walking Wake|Walking Wake|100/100
|move|p2a: Araquanid|Hydro Pump|p1a: Walking Wake
|-resisted|p1a: Walking Wake
|-damage|p1a: Walking Wake|69/100
|
|-weather|RainDance|[upkeep]
|-damage|p2a: Araquanid|59/100 psn|[from] psn
|-sideend|p1: thebigpinchelada|Reflect
|upkeep
|turn|8
|inactive|lzx123456 has 120 seconds left.
|
|t:|1769325072
|move|p2a: Araquanid|Hydro Pump|p1a: Walking Wake
|-resisted|p1a: Walking Wake
|-damage|p1a: Walking Wake|30/100
|move|p1a: Walking Wake|Dragon Tail|p2a: Araquanid
|-damage|p2a: Araquanid|47/100 psn
|drag|p2a: Pelipper|Pelipper, F|100/100
|
|-weather|none
|-status|p2a: Pelipper|tox|[from] item: Toxic Orb
|upkeep
|turn|9
|inactive|lzx123456 has 120 seconds left.
|
|t:|1769325088
|move|p1a: Walking Wake|Dragon Pulse|p2a: Pelipper
|-damage|p2a: Pelipper|46/100 tox
|move|p2a: Pelipper|Icy Wind|p1a: Walking Wake
|-damage|p1a: Walking Wake|15/100
|-unboost|p1a: Walking Wake|spe|1
|
|-damage|p2a: Pelipper|39/100 tox|[from] psn
|upkeep
|turn|10
|inactive|lzx123456 has 120 seconds left.
|
|t:|1769325100
|move|p1a: Walking Wake|Dragon Pulse|p2a: Pelipper
|-damage|p2a: Pelipper|0 fnt
|faint|p2a: Pelipper
|
|upkeep
|
|t:|1769325111
|switch|p2a: Grimmsnarl|Grimmsnarl, M|100/100
|turn|11
|
|t:|1769325120
|move|p2a: Grimmsnarl|Light Screen|p2a: Grimmsnarl
|-sidestart|p2: lzx123456|move: Light Screen
|move|p1a: Walking Wake|Hydro Steam|p2a: Grimmsnarl
|-damage|p2a: Grimmsnarl|79/100
|
|-heal|p2a: Grimmsnarl|85/100|[from] item: Leftovers
|upkeep
|turn|12
|inactive|lzx123456 has 120 seconds left.
|
|t:|1769325136
|move|p2a: Grimmsnarl|Reflect|p2a: Grimmsnarl
|-sidestart|p2: lzx123456|Reflect
|move|p1a: Walking Wake|Hydro Steam|p2a: Grimmsnarl
|-damage|p2a: Grimmsnarl|66/100
|
|-heal|p2a: Grimmsnarl|72/100|[from] item: Leftovers
|upkeep
|turn|13
|
|t:|1769325143
|move|p2a: Grimmsnarl|Parting Shot|p1a: Walking Wake
|-unboost|p1a: Walking Wake|atk|1
|-unboost|p1a: Walking Wake|spa|1
|
|t:|1769325148
|switch|p2a: Glimmora|Glimmora, M|100/100|[from] Parting Shot
|move|p1a: Walking Wake|Hydro Steam|p2a: Glimmora
|-supereffective|p2a: Glimmora
|-damage|p2a: Glimmora|73/100
|
|-heal|p2a: Glimmora|79/100|[from] item: Leftovers
|upkeep
|turn|14
|inactive|lzx123456 has 120 seconds left.
|
|t:|1769325164
|move|p2a: Glimmora|Sludge Bomb|p1a: Walking Wake
|-damage|p1a: Walking Wake|0 fnt
|faint|p1a: Walking Wake
|-end|p1a: Walking Wake|Protosynthesis|[silent]
|
|-heal|p2a: Glimmora|85/100|[from] item: Leftovers
|upkeep
|
|t:|1769325179
|switch|p1a: Iron Valiant|Iron Valiant|100/100
|turn|15
|inactive|lzx123456 has 120 seconds left.
|
|t:|1769325193
|move|p1a: Iron Valiant|Drain Punch|p2a: Glimmora
|-damage|p2a: Glimmora|63/100
|-activate|p2a: Glimmora|ability: Toxic Debris
|-sidestart|p1: thebigpinchelada|move: Toxic Spikes
|move|p2a: Glimmora|Stealth Rock|p1a: Iron Valiant
|-sidestart|p1: thebigpinchelada|move: Stealth Rock
|
|-heal|p2a: Glimmora|69/100|[from] item: Leftovers
|-sideend|p2: lzx123456|move: Light Screen
|upkeep
|turn|16
|inactive|lzx123456 has 120 seconds left.
|
|t:|1769325205
|move|p1a: Iron Valiant|Knock Off|p2a: Glimmora
|-damage|p2a: Glimmora|49/100
|-activate|p2a: Glimmora|ability: Toxic Debris
|-sidestart|p1: thebigpinchelada|move: Toxic Spikes
|-enditem|p2a: Glimmora|Leftovers|[from] move: Knock Off|[of] p1a: Iron Valiant
|move|p2a: Glimmora|Spikes|p1a: Iron Valiant
|-sidestart|p1: thebigpinchelada|Spikes
|
|-sideend|p2: lzx123456|Reflect
|upkeep
|turn|17
|
|t:|1769325215
|move|p1a: Iron Valiant|Drain Punch|p2a: Glimmora
|-damage|p2a: Glimmora|2/100
|move|p2a: Glimmora|Spikes|p1a: Iron Valiant
|-sidestart|p1: thebigpinchelada|Spikes
|
|upkeep
|turn|18
|
|t:|1769325226
|move|p1a: Iron Valiant|Drain Punch|p2a: Glimmora
|-damage|p2a: Glimmora|0 fnt
|faint|p2a: Glimmora
|
|upkeep
|inactive|lzx123456 has 120 seconds left.
|
|t:|1769325239
|switch|p2a: Grimmsnarl|Grimmsnarl, M|72/100
|turn|19
|
|t:|1769325259
|move|p2a: Grimmsnarl|Fake Out|p1a: Iron Valiant
|-damage|p1a: Iron Valiant|87/100
|cant|p1a: Iron Valiant|flinch
|
|-heal|p2a: Grimmsnarl|78/100|[from] item: Leftovers
|upkeep
|turn|20
|
|t:|1769325274
|move|p2a: Grimmsnarl|Reflect|p2a: Grimmsnarl
|-sidestart|p2: lzx123456|Reflect
|move|p1a: Iron Valiant|Drain Punch|p2a: Grimmsnarl
|-damage|p2a: Grimmsnarl|57/100
|-heal|p1a: Iron Valiant|99/100|[from] drain|[of] p2a: Grimmsnarl
|
|-heal|p2a: Grimmsnarl|63/100|[from] item: Leftovers
|upkeep
|turn|21
|
|t:|1769325283
|move|p2a: Grimmsnarl|Light Screen|p2a: Grimmsnarl
|-sidestart|p2: lzx123456|move: Light Screen
|move|p1a: Iron Valiant|Fire Punch|p2a: Grimmsnarl
|-damage|p2a: Grimmsnarl|46/100
|
|-heal|p2a: Grimmsnarl|52/100|[from] item: Leftovers
|upkeep
|turn|22
|
|t:|1769325290
|move|p2a: Grimmsnarl|Parting Shot|p1a: Iron Valiant
|-unboost|p1a: Iron Valiant|atk|1
|-unboost|p1a: Iron Valiant|spa|1
|
|t:|1769325301
|switch|p2a: Araquanid|Araquanid, F|47/100 psn|[from] Parting Shot
|move|p1a: Iron Valiant|Fire Punch|p2a: Araquanid
|-damage|p2a: Araquanid|41/100 psn
|
|-damage|p2a: Araquanid|29/100 psn|[from] psn
|upkeep
|turn|23
|
|t:|1769325312
|move|p1a: Iron Valiant|Fire Punch|p2a: Araquanid
|-damage|p2a: Araquanid|23/100 psn
|move|p2a: Araquanid|Hydro Pump|p1a: Iron Valiant
|-damage|p1a: Iron Valiant|0 fnt
|faint|p1a: Iron Valiant
|-end|p1a: Iron Valiant|Quark Drive|[silent]
|
|-damage|p2a: Araquanid|10/100 psn|[from] psn
|upkeep
|
|t:|1769325316
|switch|p1a: Tornadus|Tornadus-Therian, M|100/100
|-damage|p1a: Tornadus|75/100|[from] Stealth Rock
|turn|24
|
|t:|1769325328
|move|p1a: Tornadus|Tailwind|p1a: Tornadus
|-sidestart|p1: thebigpinchelada|move: Tailwind
|move|p2a: Araquanid|Hydro Pump|p1a: Tornadus
|-crit|p1a: Tornadus
|-damage|p1a: Tornadus|0 fnt
|faint|p1a: Tornadus
|
|-damage|p2a: Araquanid|0 fnt|[from] psn
|faint|p2a: Araquanid
|-sideend|p2: lzx123456|Reflect
|upkeep
|
|t:|1769325346
|switch|p1a: Deoxys|Deoxys-Speed|77/100
|switch|p2a: Amoonguss|Amoonguss, F|100/100
|-status|p1a: Deoxys|tox
|-damage|p1a: Deoxys|64/100 tox|[from] Stealth Rock
|-damage|p1a: Deoxys|48/100 tox|[from] Spikes
|-ability|p1a: Deoxys|Pressure
|turn|25
|inactive|lzx123456 has 120 seconds left.
|
|t:|1769325366
|move|p1a: Deoxys|Reflect|p1a: Deoxys
|-sidestart|p1: thebigpinchelada|Reflect
|move|p2a: Amoonguss|Giga Drain|p1a: Deoxys
|-damage|p1a: Deoxys|14/100 tox
|
|-damage|p1a: Deoxys|8/100 tox|[from] psn
|-sideend|p2: lzx123456|move: Light Screen
|upkeep
|turn|26
|
|t:|1769325376
|move|p1a: Deoxys|Light Screen|p1a: Deoxys
|-sidestart|p1: thebigpinchelada|move: Light Screen
|move|p2a: Amoonguss|Giga Drain|p1a: Deoxys
|-damage|p1a: Deoxys|0 fnt
|faint|p1a: Deoxys
|
|upkeep
|
|t:|1769325382
|switch|p1a: Tyranitar|Tyranitar, F|100/100
|-weather|Sandstorm|[from] ability: Sand Stream|[of] p1a: Tyranitar
|turn|27
|
|t:|1769325396
|move|p1a: Tyranitar|Ice Punch|p2a: Amoonguss
|-supereffective|p2a: Amoonguss
|-damage|p2a: Amoonguss|51/100
|move|p2a: Amoonguss|Giga Drain|p1a: Tyranitar
|-supereffective|p1a: Tyranitar
|-damage|p1a: Tyranitar|87/100
|-heal|p2a: Amoonguss|58/100|[from] drain|[of] p1a: Tyranitar
|
|-weather|Sandstorm|[upkeep]
|-damage|p2a: Amoonguss|52/100|[from] Sandstorm
|-heal|p2a: Amoonguss|58/100|[from] item: Leftovers
|-sideend|p1: thebigpinchelada|move: Tailwind
|upkeep
|turn|28
|
|t:|1769325412
|-terastallize|p1a: Tyranitar|Ghost
|move|p1a: Tyranitar|Ice Punch|p2a: Amoonguss
|-supereffective|p2a: Amoonguss
|-damage|p2a: Amoonguss|11/100
|move|p2a: Amoonguss|Rest|p2a: Amoonguss
|-status|p2a: Amoonguss|slp|[from] move: Rest
|-heal|p2a: Amoonguss|100/100 slp|[silent]
|
|-weather|Sandstorm|[upkeep]
|-damage|p1a: Tyranitar|80/100|[from] Sandstorm
|-damage|p2a: Amoonguss|94/100 slp|[from] Sandstorm
|-heal|p2a: Amoonguss|100/100 slp|[from] item: Leftovers
|upkeep
|turn|29
|inactive|lzx123456 has 120 seconds left.
|
|t:|1769325431
|cant|p2a: Amoonguss|slp
|move|p1a: Tyranitar|Ice Punch|p2a: Amoonguss
|-supereffective|p2a: Amoonguss
|-damage|p2a: Amoonguss|49/100 slp
|
|-weather|Sandstorm|[upkeep]
|-damage|p1a: Tyranitar|74/100|[from] Sandstorm
|-damage|p2a: Amoonguss|43/100 slp|[from] Sandstorm
|-heal|p2a: Amoonguss|49/100 slp|[from] item: Leftovers
|-sideend|p1: thebigpinchelada|Reflect
|upkeep
|turn|30
|inactive|lzx123456 has 120 seconds left.
|
|t:|1769325445
|-terastallize|p2a: Amoonguss|Grass
|move|p1a: Tyranitar|Ice Punch|p2a: Amoonguss
|-supereffective|p2a: Amoonguss
|-damage|p2a: Amoonguss|4/100 slp
|cant|p2a: Amoonguss|slp
|
|-weather|Sandstorm|[upkeep]
|-damage|p1a: Tyranitar|68/100|[from] Sandstorm
|-damage|p2a: Amoonguss|0 fnt|[from] Sandstorm
|faint|p2a: Amoonguss
|-sideend|p1: thebigpinchelada|move: Light Screen
|upkeep
|inactive|lzx123456 has 120 seconds left.
|
|t:|1769325458
|switch|p2a: Grimmsnarl|Grimmsnarl, M|52/100
|turn|31
|inactive|lzx123456 has 120 seconds left.
|
|t:|1769325467
|move|p2a: Grimmsnarl|Reflect|p2a: Grimmsnarl
|-sidestart|p2: lzx123456|Reflect
|move|p1a: Tyranitar|Rock Slide|p2a: Grimmsnarl
|-damage|p2a: Grimmsnarl|31/100
|
|-weather|none
|-heal|p2a: Grimmsnarl|37/100|[from] item: Leftovers
|upkeep
|turn|32
|
|t:|1769325485
|move|p2a: Grimmsnarl|Parting Shot|p1a: Tyranitar
|-unboost|p1a: Tyranitar|atk|1
|-unboost|p1a: Tyranitar|spa|1
|
|t:|1769325490
|switch|p2a: Inteleon|Inteleon, M|100/100|[from] Parting Shot
|move|p1a: Tyranitar|Crunch|p2a: Inteleon
|-damage|p2a: Inteleon|75/100
|
|upkeep
|turn|33
|
|t:|1769325500
|move|p2a: Inteleon|Snipe Shot|p1a: Tyranitar
|-damage|p1a: Tyranitar|26/100
|move|p1a: Tyranitar|Crunch|p2a: Inteleon
|-damage|p2a: Inteleon|50/100
|
|upkeep
|turn|34
|
|t:|1769325506
|move|p2a: Inteleon|Snipe Shot|p1a: Tyranitar
|-damage|p1a: Tyranitar|0 fnt
|faint|p1a: Tyranitar
|
|upkeep
|
|t:|1769325510
|switch|p1a: Glimmora|Glimmora, M|7/100
|-sideend|p1: thebigpinchelada|move: Toxic Spikes|[of] p1a: Glimmora
|-damage|p1a: Glimmora|0 fnt|[from] Stealth Rock
|faint|p1a: Glimmora
|
|win|lzx123456
|raw|thebigpinchelada's rating: 1063 &rarr; <strong>1043</strong><br />(-20 for losing)
|raw|lzx123456's rating: 1051 &rarr; <strong>1084</strong><br />(+33 for winning)
|l|☆thebigpinchelada
|player|p1|
|l|☆lzx123456
|player|p2|
