|j|‽machopped unc
|j|☆spunder_policy
|t:|1769327435
|gametype|singles
|player|p1|machopped unc|clown|1732
|player|p2|spunder_policy|169|1757
|gen|9
|tier|[Gen 9] OU
|rated|
|rule|HP Percentage Mod: HP is shown in percentages
|rule|Endless Battle Clause: Forcing endless battles is banned
|rule|Species Clause: Limit one of each Pokémon
|rule|OHKO Clause: OHKO moves are banned
|rule|Evasion Items Clause: Evasion items are banned
|rule|Evasion Moves Clause: Evasion moves are banned
|rule|Evasion Abilities Clause: Evasion abilities are banned
|rule|Sleep Moves Clause: Sleep-inducing moves are banned
|clearpoke
|poke|p1|Gholdengo|
|poke|p1|Iron Valiant|
|poke|p1|Ribombee, F|
|poke|p1|Dragonite, F|
|poke|p1|Glimmora, F|
|poke|p1|Kingambit, F|
|poke|p2|Whimsicott, F|
|poke|p2|Torkoal, F|
|poke|p2|Great Tusk|
|poke|p2|Walking Wake|
|poke|p2|Cinderace, F|
|poke|p2|Moltres|
|teampreview
|inactive|Battle timer is ON: inactive players will automatically lose when time's up. (requested by spunder_policy)
|
|t:|1769327450
|teamsize|p1|6
|teamsize|p2|6
|start
|switch|p1a: Glimmora|Glimmora, F|100/100
|switch|p2a: Torkoal|Torkoal, F|100/100
|-weather|SunnyDay|[from] ability: Drought|[of] p2a: Torkoal
|turn|1
|
|t:|1769327456
|switch|p2a: Walking Wake|Walking Wake|100/100
|-activate|p2a: Walking Wake|ability: Protosynthesis
|-start|p2a: Walking Wake|protosynthesisspa
|move|p1a: Glimmora|Earth Power|p2a: Walking Wake
|-damage|p2a: Walking Wake|71/100
|
|-weather|SunnyDay|[upkeep]
|upkeep
|turn|2
|
|t:|1769327462
|switch|p1a: Ribombee|Ribombee, F|100/100
|move|p2a: Walking Wake|Hydro Steam|p1a: Ribombee
|-enditem|p1a: Ribombee|Focus Sash
|-damage|p1a: Ribombee|1/100
|
|-weather|SunnyDay|[upkeep]
|upkeep
|turn|3
|
|t:|1769327465
|move|p1a: Ribombee|Moonblast|p2a: Walking Wake
|-supereffective|p2a: Walking Wake
|-damage|p2a: Walking Wake|0 fnt
|faint|p2a: Walking Wake
|-end|p2a: Walking Wake|Protosynthesis|[silent]
|
|-weather|SunnyDay|[upkeep]
|upkeep
|
|t:|1769327468
|switch|p2a: Cinderace|Cinderace, F|100/100
|turn|4
|j| Noname0028
|
|t:|1769327471
|move|p1a: Ribombee|Stun Spore|p2a: Cinderace
|-status|p2a: Cinderace|par
|cant|p2a: Cinderace|par
|
|-weather|SunnyDay|[upkeep]
|upkeep
|turn|5
|
|t:|1769327478
|switch|p1a: Glimmora|Glimmora, F|100/100
|move|p2a: Cinderace|Flame Charge|p1a: Glimmora
|-resisted|p1a: Glimmora
|-damage|p1a: Glimmora|78/100
|-boost|p2a: Cinderace|spe|1
|-activate|p1a: Glimmora|ability: Toxic Debris
|-sidestart|p2: spunder_policy|move: Toxic Spikes
|
|-weather|SunnyDay|[upkeep]
|upkeep
|turn|6
|
|t:|1769327486
|move|p1a: Glimmora|Meteor Beam||[still]
|-prepare|p1a: Glimmora|Meteor Beam
|-boost|p1a: Glimmora|spa|1
|-enditem|p1a: Glimmora|Power Herb
|-anim|p1a: Glimmora|Meteor Beam|p2a: Cinderace
|-supereffective|p2a: Cinderace
|-damage|p2a: Cinderace|0 fnt
|faint|p2a: Cinderace
|
|-weather|SunnyDay|[upkeep]
|upkeep
|-message|spunder_policy forfeited.
|
|win|machopped unc
|raw|machopped unc's rating: 1732 &rarr; <strong>1753</strong><br />(+21 for winning)
|raw|spunder_policy's rating: 1757 &rarr; <strong>1736</strong><br />(-21 for losing)
|l|☆spunder_policy
|player|p2|
|l|‽machopped unc
|player|p1|
