|j|‽BentoBo
|j|☆loumloum
|t:|1769370576
|gametype|singles
|player|p1|BentoBo|burglar|1118
|player|p2|loumloum|1|1078
|gen|9
|tier|[Gen 9] OU
|rated|
|rule|HP Percentage Mod: HP is shown in percentages
|rule|Endless Battle Clause: Forcing endless battles is banned
|rule|Species Clause: Limit one of each Pokémon
|rule|OHKO Clause: OHKO moves are banned
|rule|Evasion Items Clause: Evasion items are banned
|rule|Evasion Moves Clause: Evasion moves are banned
|rule|Evasion Abilities Clause: Evasion abilities are banned
|rule|Sleep Moves Clause: Sleep-inducing moves are banned
|clearpoke
|poke|p1|Typhlosion, F|
|poke|p1|Zoroark, F|
|poke|p1|Decidueye, F|
|poke|p1|Wyrdeer, F|
|poke|p1|Samurott, M|
|poke|p1|Arcanine, F|
|poke|p2|Enamorus, F|
|poke|p2|Samurott-Hisui, M|
|poke|p2|Incineroar, M|
|poke|p2|Ursaluna, M|
|poke|p2|Ogerpon, F|
|poke|p2|Persian-Alola, M|
|teampreview
|inactive|Battle timer is ON: inactive players will automatically lose when time's up. (requested by BentoBo)
|
|t:|1769370592
|teamsize|p1|6
|teamsize|p2|6
|start
|switch|p1a: Decidueye|Decidueye, F|100/100
|switch|p2a: Incineroar|Incineroar, M|100/100
|-ability|p2a: Incineroar|Intimidate|boost
|-unboost|p1a: Decidueye|atk|1
|turn|1
|
|t:|1769370610
|move|p1a: Decidueye|Focus Blast|p2a: Incineroar
|-supereffective|p2a: Incineroar
|-damage|p2a: Incineroar|13/100
|move|p2a: Incineroar|Knock Off|p1a: Decidueye
|-resisted|p1a: Decidueye
|-damage|p1a: Decidueye|51/100
|replace|p1a: Zoroark|Zoroark, F
|-end|p1a: Zoroark|Illusion
|-enditem|p1a: Zoroark|Expert Belt|[from] move: Knock Off|[of] p2a: Incineroar
|
|upkeep
|turn|2
|
|t:|1769370621
|move|p1a: Zoroark|Dark Pulse|p2a: Incineroar
|-resisted|p2a: Incineroar
|-damage|p2a: Incineroar|0 fnt
|faint|p2a: Incineroar
|
|upkeep
|
|t:|1769370627
|switch|p2a: Persian|Persian-Alola, M|100/100
|turn|3
|
|t:|1769370635
|switch|p1a: Arcanine|Arcanine, F|100/100
|-ability|p1a: Arcanine|Intimidate|boost
|-unboost|p2a: Persian|atk|1
|move|p2a: Persian|Nasty Plot|p2a: Persian
|-boost|p2a: Persian|spa|2
|
|upkeep
|turn|4
|
|t:|1769370649
|move|p2a: Persian|Chilling Water|p1a: Arcanine
|-supereffective|p1a: Arcanine
|-damage|p1a: Arcanine|21/100
|-unboost|p1a: Arcanine|atk|1
|move|p1a: Arcanine|Raging Fury|p2a: Persian
|-damage|p2a: Persian|19/100
|
|-heal|p2a: Persian|24/100|[from] item: Leftovers
|upkeep
|turn|5
|
|t:|1769370659
|move|p2a: Persian|Chilling Water|p1a: Arcanine
|-supereffective|p1a: Arcanine
|-damage|p1a: Arcanine|0 fnt
|faint|p1a: Arcanine
|
|-heal|p2a: Persian|30/100|[from] item: Leftovers
|upkeep
|
|t:|1769370672
|switch|p1a: Typhlosion|Typhlosion, F|100/100
|turn|6
|
|t:|1769370678
|move|p1a: Typhlosion|Eruption|p2a: Persian
|-damage|p2a: Persian|0 fnt
|faint|p2a: Persian
|
|upkeep
|
|t:|1769370689
|switch|p2a: Samurott|Samurott-Hisui, M|100/100
|turn|7
|
|t:|1769370699
|switch|p1a: Decidueye|Decidueye, F|51/100
|move|p2a: Samurott|Flip Turn|p1a: Decidueye
|-damage|p1a: Decidueye|0 fnt
|replace|p1a: Zoroark|Zoroark, F
|-end|p1a: Zoroark|Illusion
|faint|p1a: Zoroark
|
|t:|1769370710
|switch|p2a: Enamorus|Enamorus, F|100/100|[from] Flip Turn
|
|upkeep
|l|‽BentoBo
|inactive|BentoBo disconnected and has a minute to reconnect!
|player|p1|
|j|‽BentoBo
|inactive|BentoBo reconnected and has 130 seconds left.
|player|p1|BentoBo|burglar|
|n|‽BentoBo|bentobo
|n|‽BentoBo|bentobo
|n|‽BentoBo|bentobo
|n|‽BentoBo|bentobo
|n|‽BentoBo|bentobo
|n|‽BentoBo|bentobo
|n|‽BentoBo|bentobo
|n|‽BentoBo|bentobo
|n|‽BentoBo|bentobo
|n|‽BentoBo|bentobo
|n|‽BentoBo|bentobo
|n|‽BentoBo|bentobo
|inactive|BentoBo has 120 seconds left.
|
|t:|1769370741
|switch|p1a: Wyrdeer|Wyrdeer, F|100/100
|turn|8
|
|t:|1769370748
|move|p2a: Enamorus|Superpower|p1a: Wyrdeer
|-damage|p1a: Wyrdeer|59/100
|-boost|p2a: Enamorus|atk|1
|-boost|p2a: Enamorus|def|1
|move|p1a: Wyrdeer|Thunder Wave|p2a: Enamorus|[miss]
|-miss|p1a: Wyrdeer|p2a: Enamorus
|
|-heal|p1a: Wyrdeer|65/100|[from] item: Leftovers
|upkeep
|turn|9
|
|t:|1769370760
|switch|p1a: Decidueye|Decidueye, F|100/100
|-terastallize|p2a: Enamorus|Fighting
|move|p2a: Enamorus|Superpower|p1a: Decidueye
|-immune|p1a: Decidueye
|
|upkeep
|turn|10
|
|t:|1769370769
|move|p2a: Enamorus|Iron Head|p1a: Decidueye
|-damage|p1a: Decidueye|44/100
|cant|p1a: Decidueye|flinch
|
|upkeep
|turn|11
|
|t:|1769370775
|move|p2a: Enamorus|Iron Head|p1a: Decidueye
|-damage|p1a: Decidueye|0 fnt
|faint|p1a: Decidueye
|
|upkeep
|
|t:|1769370790
|switch|p1a: Samurott|Samurott, M|100/100
|turn|12
|
|t:|1769370794
|move|p2a: Enamorus|Superpower|p1a: Samurott
|-damage|p1a: Samurott|18/100
|-boost|p2a: Enamorus|atk|1
|-boost|p2a: Enamorus|def|1
|move|p1a: Samurott|Swords Dance|p1a: Samurott
|-boost|p1a: Samurott|atk|2
|
|upkeep
|turn|13
|
|t:|1769370818
|move|p1a: Samurott|Aqua Jet|p2a: Enamorus
|-crit|p2a: Enamorus
|-damage|p2a: Enamorus|0 fnt
|faint|p2a: Enamorus
|
|upkeep
|c|☆loumloum|Damn
|
|t:|1769370832
|switch|p2a: Samurott|Samurott-Hisui, M|100/100
|turn|14
|
|t:|1769370851
|move|p1a: Samurott|Aqua Jet|p2a: Samurott
|-resisted|p2a: Samurott
|-damage|p2a: Samurott|61/100
|move|p2a: Samurott|Ceaseless Edge|p1a: Samurott
|-damage|p1a: Samurott|0 fnt
|-sidestart|p1: BentoBo|Spikes
|faint|p1a: Samurott
|
|upkeep
|inactive|BentoBo has 120 seconds left.
|
|t:|1769370879
|switch|p1a: Wyrdeer|Wyrdeer, F|65/100
|-damage|p1a: Wyrdeer|52/100|[from] Spikes
|turn|15
|
|t:|1769370885
|-terastallize|p1a: Wyrdeer|Normal
|move|p2a: Samurott|Ceaseless Edge|p1a: Wyrdeer
|-damage|p1a: Wyrdeer|1/100
|-sidestart|p1: BentoBo|Spikes
|move|p1a: Wyrdeer|Lunge|p2a: Samurott
|-supereffective|p2a: Samurott
|-damage|p2a: Samurott|0 fnt
|faint|p2a: Samurott
|
|-heal|p1a: Wyrdeer|7/100|[from] item: Leftovers
|upkeep
|
|t:|1769370900
|switch|p2a: Ogerpon|Ogerpon, F|100/100
|turn|16
|inactive|BentoBo has 120 seconds left.
|
|t:|1769370920
|move|p2a: Ogerpon|U-turn|p1a: Wyrdeer
|-damage|p1a: Wyrdeer|0 fnt
|faint|p1a: Wyrdeer
|
|t:|1769370924
|switch|p2a: Ursaluna|Ursaluna, M|100/100|[from] U-turn
|
|-status|p2a: Ursaluna|brn|[from] item: Flame Orb
|upkeep
|
|t:|1769370926
|switch|p1a: Typhlosion|Typhlosion, F|100/100
|-damage|p1a: Typhlosion|84/100|[from] Spikes
|turn|17
|
|t:|1769370935
|move|p1a: Typhlosion|Eruption|p2a: Ursaluna
|-damage|p2a: Ursaluna|50/100 brn
|move|p2a: Ursaluna|Facade|p1a: Typhlosion
|-damage|p1a: Typhlosion|0 fnt
|faint|p1a: Typhlosion
|
|win|loumloum
|raw|BentoBo's rating: 1118 &rarr; <strong>1090</strong><br />(-28 for losing)
|raw|loumloum's rating: 1078 &rarr; <strong>1110</strong><br />(+32 for winning)
|l|☆loumloum
|player|p2|
