|j|☆Yaoshi
|j|☆Dhrabb
|t:|1769434613
|gametype|singles
|player|p1|Yaoshi|silver-masters|1596
|player|p2|Dhrabb|#wcop2024bangladesh|1695
|gen|9
|tier|[Gen 9] OU
|rated|
|rule|HP Percentage Mod: HP is shown in percentages
|rule|Endless Battle Clause: Forcing endless battles is banned
|rule|Species Clause: Limit one of each Pokémon
|rule|OHKO Clause: OHKO moves are banned
|rule|Evasion Items Clause: Evasion items are banned
|rule|Evasion Moves Clause: Evasion moves are banned
|rule|Evasion Abilities Clause: Evasion abilities are banned
|rule|Sleep Moves Clause: Sleep-inducing moves are banned
|clearpoke
|poke|p1|Cinderace, F|
|poke|p1|Dragonite, M|
|poke|p1|Iron Valiant|
|poke|p1|Snorlax, F|
|poke|p1|Primarina, M|
|poke|p1|Skarmory, M|
|poke|p2|Dragonite, M|
|poke|p2|Kingambit, M|
|poke|p2|Landorus-Therian, M|
|poke|p2|Iron Valiant|
|poke|p2|Cinderace, M|
|poke|p2|Deoxys-Speed|
|teampreview
|inactive|Battle timer is ON: inactive players will automatically lose when time's up. (requested by Yaoshi)
|
|t:|1769434635
|teamsize|p1|6
|teamsize|p2|6
|start
|switch|p1a: One Hit Wonder|Cinderace, F|100/100
|switch|p2a: Landorus|Landorus-Therian, M|100/100
|-ability|p2a: Landorus|Intimidate|boost
|-unboost|p1a: One Hit Wonder|atk|1
|turn|1
|
|t:|1769434643
|switch|p1a: Skarmory|Skarmory, M|100/100
|move|p2a: Landorus|Stealth Rock|p1a: Skarmory
|-sidestart|p1: Yaoshi|move: Stealth Rock
|
|upkeep
|turn|2
|
|t:|1769434647
|move|p2a: Landorus|Taunt|p1a: Skarmory
|-start|p1a: Skarmory|move: Taunt
|cant|p1a: Skarmory|move: Taunt|Whirlwind
|
|upkeep
|turn|3
|
|t:|1769434651
|move|p2a: Landorus|Earth Power|p1a: Skarmory
|-immune|p1a: Skarmory
|move|p1a: Skarmory|Body Press|p2a: Landorus
|-resisted|p2a: Landorus
|-damage|p2a: Landorus|85/100
|-damage|p1a: Skarmory|84/100|[from] item: Rocky Helmet|[of] p2a: Landorus
|
|upkeep
|turn|4
|
|t:|1769434657
|switch|p2a: Cinderace|Cinderace, M|100/100
|switch|p1a: Babe Ruth|Iron Valiant, shiny|100/100
|-damage|p1a: Babe Ruth|94/100|[from] Stealth Rock
|-enditem|p1a: Babe Ruth|Booster Energy
|-activate|p1a: Babe Ruth|ability: Quark Drive|[fromitem]
|-start|p1a: Babe Ruth|quarkdrivespe
|
|upkeep
|turn|5
|
|t:|1769434663
|move|p1a: Babe Ruth|Destiny Bond|p1a: Babe Ruth
|-singlemove|p1a: Babe Ruth|Destiny Bond
|move|p2a: Cinderace|Pyro Ball|p1a: Babe Ruth
|-damage|p1a: Babe Ruth|36/100
|
|upkeep
|turn|6
|
|t:|1769434668
|-end|p1a: Babe Ruth|Quark Drive|[silent]
|switch|p1a: Ayami Sato|Primarina, M, shiny|100/100
|-damage|p1a: Ayami Sato|88/100|[from] Stealth Rock
|move|p2a: Cinderace|Pyro Ball|p1a: Ayami Sato
|-resisted|p1a: Ayami Sato
|-damage|p1a: Ayami Sato|69/100
|-status|p1a: Ayami Sato|brn
|
|-heal|p1a: Ayami Sato|75/100 brn|[from] item: Leftovers
|-damage|p1a: Ayami Sato|69/100 brn|[from] brn
|upkeep
|turn|7
|
|t:|1769434672
|move|p2a: Cinderace|U-turn|p1a: Ayami Sato
|-resisted|p1a: Ayami Sato
|-damage|p1a: Ayami Sato|61/100 brn
|
|t:|1769434677
|switch|p2a: Deoxys|Deoxys-Speed|100/100|[from] U-turn
|-ability|p2a: Deoxys|Pressure
|move|p1a: Ayami Sato|Psychic Noise|p2a: Deoxys
|-damage|p2a: Deoxys|48/100
|-start|p2a: Deoxys|move: Heal Block
|
|-heal|p1a: Ayami Sato|67/100 brn|[from] item: Leftovers
|-damage|p1a: Ayami Sato|61/100 brn|[from] brn
|upkeep
|turn|8
|
|t:|1769434684
|move|p2a: Deoxys|Psycho Boost|p1a: Ayami Sato
|-damage|p1a: Ayami Sato|0 fnt
|-unboost|p2a: Deoxys|spa|2
|faint|p1a: Ayami Sato
|-damage|p2a: Deoxys|38/100|[from] item: Life Orb
|
|-end|p2a: Deoxys|move: Heal Block
|upkeep
|
|t:|1769434688
|switch|p1a: One Hit Wonder|Cinderace, F|100/100
|turn|9
|
|t:|1769434692
|switch|p2a: Cinderace|Cinderace, M|100/100
|move|p1a: One Hit Wonder|Sucker Punch||[still]
|-fail|p1a: One Hit Wonder
|
|upkeep
|turn|10
|
|t:|1769434705
|move|p2a: Cinderace|Pyro Ball|p1a: One Hit Wonder
|-resisted|p1a: One Hit Wonder
|-damage|p1a: One Hit Wonder|64/100
|move|p1a: One Hit Wonder|Pyro Ball|p2a: Cinderace
|-resisted|p2a: Cinderace
|-damage|p2a: Cinderace|60/100
|
|upkeep
|turn|11
|
|t:|1769434710
|move|p2a: Cinderace|U-turn|p1a: One Hit Wonder
|-resisted|p1a: One Hit Wonder
|-crit|p1a: One Hit Wonder
|-damage|p1a: One Hit Wonder|44/100
|
|t:|1769434713
|switch|p2a: Deoxys|Deoxys-Speed|38/100|[from] U-turn
|-ability|p2a: Deoxys|Pressure
|move|p1a: One Hit Wonder|Zen Headbutt|p2a: Deoxys
|-start|p1a: One Hit Wonder|typechange|Psychic|[from] ability: Libero
|-resisted|p2a: Deoxys
|-damage|p2a: Deoxys|5/100
|
|upkeep
|turn|12
|
|t:|1769434724
|switch|p2a: Cinderace|Cinderace, M|60/100
|move|p1a: One Hit Wonder|Sucker Punch||[still]
|-fail|p1a: One Hit Wonder
|
|upkeep
|turn|13
|
|t:|1769434732
|switch|p1a: Ohtani|Dragonite, M|100/100
|-damage|p1a: Ohtani|76/100|[from] Stealth Rock
|move|p2a: Cinderace|U-turn|p1a: Ohtani
|-resisted|p1a: Ohtani
|-damage|p1a: Ohtani|68/100
|
|t:|1769434740
|switch|p2a: Iron Valiant|Iron Valiant|100/100|[from] U-turn
|-enditem|p2a: Iron Valiant|Booster Energy
|-activate|p2a: Iron Valiant|ability: Quark Drive|[fromitem]
|-start|p2a: Iron Valiant|quarkdrivespe
|
|upkeep
|turn|14
|
|t:|1769434744
|-terastallize|p1a: Ohtani|Normal
|move|p1a: Ohtani|Extreme Speed|p2a: Iron Valiant
|-damage|p2a: Iron Valiant|3/100
|move|p2a: Iron Valiant|Moonblast|p1a: Ohtani
|-damage|p1a: Ohtani|29/100
|-unboost|p1a: Ohtani|spa|1
|
|upkeep
|turn|15
|
|t:|1769434750
|move|p1a: Ohtani|Extreme Speed|p2a: Iron Valiant
|-damage|p2a: Iron Valiant|0 fnt
|faint|p2a: Iron Valiant
|-end|p2a: Iron Valiant|Quark Drive|[silent]
|
|upkeep
|
|t:|1769434757
|switch|p2a: Landorus|Landorus-Therian, M|85/100
|-ability|p2a: Landorus|Intimidate|boost
|-unboost|p1a: Ohtani|atk|1
|turn|16
|
|t:|1769434761
|switch|p1a: Skarmory|Skarmory, M|84/100
|-damage|p1a: Skarmory|72/100|[from] Stealth Rock
|move|p2a: Landorus|U-turn|p1a: Skarmory
|-resisted|p1a: Skarmory
|-damage|p1a: Skarmory|69/100
|-damage|p2a: Landorus|68/100|[from] item: Rocky Helmet|[of] p1a: Skarmory
|
|t:|1769434768
|switch|p2a: Cinderace|Cinderace, M|60/100|[from] U-turn
|
|upkeep
|turn|17
|
|t:|1769434775
|move|p2a: Cinderace|U-turn|p1a: Skarmory
|-resisted|p1a: Skarmory
|-damage|p1a: Skarmory|66/100
|-damage|p2a: Cinderace|44/100|[from] item: Rocky Helmet|[of] p1a: Skarmory
|
|t:|1769434778
|switch|p2a: Deoxys|Deoxys-Speed|5/100|[from] U-turn
|-ability|p2a: Deoxys|Pressure
|move|p1a: Skarmory|Roost|p1a: Skarmory
|-heal|p1a: Skarmory|100/100
|-singleturn|p1a: Skarmory|move: Roost
|
|upkeep
|turn|18
|
|t:|1769434782
|move|p2a: Deoxys|Focus Blast|p1a: Skarmory
|-damage|p1a: Skarmory|39/100
|-unboost|p1a: Skarmory|spd|1
|-damage|p2a: Deoxys|0 fnt|[from] item: Life Orb
|faint|p2a: Deoxys
|move|p1a: Skarmory|Body Press|p2: Deoxys|[notarget]
|-fail|p1a: Skarmory
|
|upkeep
|
|t:|1769434787
|switch|p2a: Cinderace|Cinderace, M|44/100
|turn|19
|
|t:|1769434791
|move|p2a: Cinderace|Pyro Ball|p1a: Skarmory
|-supereffective|p1a: Skarmory
|-damage|p1a: Skarmory|0 fnt
|faint|p1a: Skarmory
|
|upkeep
|
|t:|1769434795
|switch|p1a: Ohtani|Dragonite, M, tera:Normal|29/100
|-damage|p1a: Ohtani|17/100|[from] Stealth Rock
|turn|20
|
|t:|1769434798
|switch|p2a: Landorus|Landorus-Therian, M|68/100
|-ability|p2a: Landorus|Intimidate|boost
|-unboost|p1a: Ohtani|atk|1
|move|p1a: Ohtani|Extreme Speed|p2a: Landorus
|-damage|p2a: Landorus|22/100
|-damage|p1a: Ohtani|0 fnt|[from] item: Rocky Helmet|[of] p2a: Landorus
|faint|p1a: Ohtani
|
|upkeep
|
|t:|1769434802
|switch|p1a: Babe Ruth|Iron Valiant, shiny|36/100
|-damage|p1a: Babe Ruth|30/100|[from] Stealth Rock
|turn|21
|
|t:|1769434808
|switch|p2a: Cinderace|Cinderace, M|44/100
|move|p1a: Babe Ruth|Moonblast|p2a: Cinderace
|-resisted|p2a: Cinderace
|-damage|p2a: Cinderace|13/100
|-unboost|p2a: Cinderace|spa|1
|
|upkeep
|turn|22
|
|t:|1769434812
|move|p2a: Cinderace|Pyro Ball|p1a: Babe Ruth
|-damage|p1a: Babe Ruth|0 fnt
|faint|p1a: Babe Ruth
|-end|p1a: Babe Ruth|Quark Drive|[silent]
|
|upkeep
|
|t:|1769434814
|switch|p1a: One Hit Wonder|Cinderace, F|44/100
|turn|23
|
|t:|1769434819
|move|p1a: One Hit Wonder|Sucker Punch|p2a: Cinderace
|-start|p1a: One Hit Wonder|typechange|Dark|[from] ability: Libero
|-damage|p2a: Cinderace|0 fnt
|faint|p2a: Cinderace
|
|upkeep
|
|t:|1769434821
|switch|p2a: Dragonite|Dragonite, M|100/100
|turn|24
|
|t:|1769434825
|switch|p1a: Homerun|Snorlax, F, shiny|100/100
|-damage|p1a: Homerun|88/100|[from] Stealth Rock
|move|p2a: Dragonite|Dragon Dance|p2a: Dragonite
|-boost|p2a: Dragonite|atk|1
|-boost|p2a: Dragonite|spe|1
|
|upkeep
|turn|25
|
|t:|1769434829
|move|p2a: Dragonite|Earthquake|p1a: Homerun
|-damage|p1a: Homerun|42/100
|-enditem|p1a: Homerun|Figy Berry|[eat]
|-heal|p1a: Homerun|75/100|[from] item: Figy Berry
|move|p1a: Homerun|Body Slam|p2a: Dragonite
|-damage|p2a: Dragonite|80/100
|
|upkeep
|turn|26
|
|t:|1769434833
|move|p2a: Dragonite|Earthquake|p1a: Homerun
|-damage|p1a: Homerun|28/100
|move|p1a: Homerun|Body Slam|p2a: Dragonite
|-damage|p2a: Dragonite|42/100
|-status|p2a: Dragonite|par
|
|upkeep
|turn|27
|
|t:|1769434837
|move|p2a: Dragonite|Earthquake|p1a: Homerun
|-damage|p1a: Homerun|0 fnt
|faint|p1a: Homerun
|
|upkeep
|
|t:|1769434839
|switch|p1a: One Hit Wonder|Cinderace, F|44/100
|turn|28
|
|t:|1769434843
|move|p1a: One Hit Wonder|Zen Headbutt|p2a: Dragonite
|-start|p1a: One Hit Wonder|typechange|Psychic|[from] ability: Libero
|-damage|p2a: Dragonite|0 fnt
|faint|p2a: Dragonite
|
|upkeep
|j| TES.Jackylove
|
|t:|1769434847
|switch|p2a: Landorus|Landorus-Therian, M|22/100
|-ability|p2a: Landorus|Intimidate|boost
|-unboost|p1a: One Hit Wonder|atk|1
|turn|29
|
|t:|1769434849
|move|p1a: One Hit Wonder|Sucker Punch|p2a: Landorus
|-damage|p2a: Landorus|7/100
|-damage|p1a: One Hit Wonder|28/100|[from] item: Rocky Helmet|[of] p2a: Landorus
|move|p2a: Landorus|U-turn|p1a: One Hit Wonder
|-supereffective|p1a: One Hit Wonder
|-damage|p1a: One Hit Wonder|0 fnt
|faint|p1a: One Hit Wonder
|
|win|Dhrabb
|raw|Yaoshi's rating: 1596 &rarr; <strong>1582</strong><br />(-14 for losing)
|raw|Dhrabb's rating: 1695 &rarr; <strong>1709</strong><br />(+14 for winning)
|l|☆Yaoshi
|player|p1|
|l|☆Dhrabb
|player|p2|
|l| TES.Jackylove
