|j|☆Pablofromportluis
|j|☆rexxiv
|t:|1769413150
|gametype|singles
|player|p1|Pablofromportluis|blackbelt-gen4dp|1116
|player|p2|rexxiv|170|1093
|gen|9
|tier|[Gen 9] OU
|rated|
|rule|HP Percentage Mod: HP is shown in percentages
|rule|Endless Battle Clause: Forcing endless battles is banned
|rule|Species Clause: Limit one of each Pokémon
|rule|OHKO Clause: OHKO moves are banned
|rule|Evasion Items Clause: Evasion items are banned
|rule|Evasion Moves Clause: Evasion moves are banned
|rule|Evasion Abilities Clause: Evasion abilities are banned
|rule|Sleep Moves Clause: Sleep-inducing moves are banned
|clearpoke
|poke|p1|Rillaboom, M|
|poke|p1|Great Tusk|
|poke|p1|Mandibuzz, F|
|poke|p1|Sinistcha|
|poke|p1|Heatran, M|
|poke|p1|Primarina, F|
|poke|p2|Regirock|
|poke|p2|Tyranitar, M|
|poke|p2|Cresselia, F|
|poke|p2|Rillaboom, F|
|poke|p2|Incineroar, F|
|poke|p2|Hatterene, F|
|teampreview
|inactive|Battle timer is ON: inactive players will automatically lose when time's up. (requested by rexxiv)
|
|t:|1769413158
|teamsize|p1|6
|teamsize|p2|6
|start
|switch|p1a: Rillaboom|Rillaboom, M|100/100
|switch|p2a: Tyranitar|Tyranitar, M|100/100
|-fieldstart|move: Grassy Terrain|[from] ability: Grassy Surge|[of] p1a: Rillaboom
|-weather|Sandstorm|[from] ability: Sand Stream|[of] p2a: Tyranitar
|turn|1
|
|t:|1769413163
|move|p1a: Rillaboom|Low Kick|p2a: Tyranitar
|-supereffective|p2a: Tyranitar
|-damage|p2a: Tyranitar|0 fnt
|faint|p2a: Tyranitar
|
|-weather|Sandstorm|[upkeep]
|-damage|p1a: Rillaboom|94/100|[from] Sandstorm
|-heal|p1a: Rillaboom|100/100|[from] Grassy Terrain
|upkeep
|
|t:|1769413171
|switch|p2a: Regirock|Regirock|100/100
|turn|2
|
|t:|1769413174
|move|p1a: Rillaboom|U-turn|p2a: Regirock
|-damage|p2a: Regirock|89/100
|
|t:|1769413189
|switch|p1a: Great Tusk|Great Tusk|100/100|[from] U-turn
|move|p2a: Regirock|Curse|p2a: Regirock
|-unboost|p2a: Regirock|spe|1
|-boost|p2a: Regirock|atk|1
|-boost|p2a: Regirock|def|1
|
|-weather|Sandstorm|[upkeep]
|-heal|p2a: Regirock|95/100|[from] Grassy Terrain
|upkeep
|turn|3
|
|t:|1769413196
|-end|p1a: Great Tusk|Protosynthesis|[silent]
|switch|p1a: Mandibuzz|Mandibuzz, F|100/100
|move|p2a: Regirock|Curse|p2a: Regirock
|-unboost|p2a: Regirock|spe|1
|-boost|p2a: Regirock|atk|1
|-boost|p2a: Regirock|def|1
|
|-weather|Sandstorm|[upkeep]
|-damage|p1a: Mandibuzz|94/100|[from] Sandstorm
|-heal|p2a: Regirock|100/100|[from] Grassy Terrain
|upkeep
|turn|4
|
|t:|1769413200
|move|p1a: Mandibuzz|Toxic|p2a: Regirock
|-status|p2a: Regirock|tox
|move|p2a: Regirock|Body Press|p1a: Mandibuzz
|-damage|p1a: Mandibuzz|55/100
|
|-weather|Sandstorm|[upkeep]
|-damage|p1a: Mandibuzz|49/100|[from] Sandstorm
|-damage|p2a: Regirock|94/100 tox|[from] psn
|upkeep
|turn|5
|
|t:|1769413205
|move|p1a: Mandibuzz|U-turn|p2a: Regirock
|-damage|p2a: Regirock|92/100 tox
|
|t:|1769413211
|switch|p1a: Primarina|Primarina, F|100/100|[from] U-turn
|move|p2a: Regirock|Body Press|p1a: Primarina
|-resisted|p1a: Primarina
|-damage|p1a: Primarina|48/100
|
|-weather|Sandstorm|[upkeep]
|-damage|p1a: Primarina|41/100|[from] Sandstorm
|-heal|p1a: Primarina|48/100|[from] Grassy Terrain
|-heal|p1a: Primarina|54/100|[from] item: Leftovers
|-heal|p2a: Regirock|98/100 tox|[from] Grassy Terrain
|-damage|p2a: Regirock|86/100 tox|[from] psn
|upkeep
|turn|6
|
|t:|1769413216
|switch|p2a: Rillaboom|Rillaboom, F|100/100
|move|p1a: Primarina|Substitute|p1a: Primarina
|-start|p1a: Primarina|Substitute
|-damage|p1a: Primarina|29/100
|
|-weather|Sandstorm|[upkeep]
|-damage|p2a: Rillaboom|94/100|[from] Sandstorm
|-damage|p1a: Primarina|23/100|[from] Sandstorm
|-heal|p2a: Rillaboom|100/100|[from] Grassy Terrain
|-heal|p1a: Primarina|29/100|[from] Grassy Terrain
|-heal|p1a: Primarina|35/100|[from] item: Leftovers
|upkeep
|turn|7
|
|t:|1769413220
|move|p2a: Rillaboom|Grassy Glide|p1a: Primarina
|-supereffective|p1a: Primarina
|-end|p1a: Primarina|Substitute
|-damage|p2a: Rillaboom|91/100|[from] item: Life Orb
|move|p1a: Primarina|Moonblast|p2a: Rillaboom
|-damage|p2a: Rillaboom|25/100
|
|-weather|Sandstorm|[upkeep]
|-damage|p2a: Rillaboom|19/100|[from] Sandstorm
|-damage|p1a: Primarina|29/100|[from] Sandstorm
|-heal|p2a: Rillaboom|25/100|[from] Grassy Terrain
|-heal|p1a: Primarina|35/100|[from] Grassy Terrain
|-heal|p1a: Primarina|41/100|[from] item: Leftovers
|upkeep
|turn|8
|
|t:|1769413244
|switch|p1a: Heatran|Heatran, M|100/100
|move|p2a: Rillaboom|Leech Seed|p1a: Heatran
|-start|p1a: Heatran|move: Leech Seed
|
|-weather|none
|-heal|p2a: Rillaboom|31/100|[from] Grassy Terrain
|-damage|p1a: Heatran|88/100|[from] Leech Seed|[of] p2a: Rillaboom
|-heal|p2a: Rillaboom|41/100|[silent]
|-fieldend|move: Grassy Terrain
|upkeep
|turn|9
|
|t:|1769413254
|switch|p2a: Regirock|Regirock|86/100 tox
|move|p1a: Heatran|Flash Cannon|p2a: Regirock
|-supereffective|p2a: Regirock
|-damage|p2a: Regirock|23/100 tox
|-enditem|p2a: Regirock|Weakness Policy
|-boost|p2a: Regirock|atk|2|[from] item: Weakness Policy
|-boost|p2a: Regirock|spa|2|[from] item: Weakness Policy
|
|-heal|p1a: Heatran|94/100|[from] item: Leftovers
|-damage|p1a: Heatran|82/100|[from] Leech Seed|[of] p2a: Regirock
|-heal|p2a: Regirock|34/100 tox|[silent]
|-damage|p2a: Regirock|28/100 tox|[from] psn
|upkeep
|turn|10
|
|t:|1769413263
|move|p1a: Heatran|Flash Cannon|p2a: Regirock
|-supereffective|p2a: Regirock
|-damage|p2a: Regirock|0 fnt
|faint|p2a: Regirock
|
|-heal|p1a: Heatran|88/100|[from] item: Leftovers
|upkeep
|-message|rexxiv forfeited.
|
|win|Pablofromportluis
|raw|Pablofromportluis's rating: 1116 &rarr; <strong>1139</strong><br />(+23 for winning)
|raw|rexxiv's rating: 1093 &rarr; <strong>1071</strong><br />(-22 for losing)
|l|☆rexxiv
|player|p2|
|l|☆Pablofromportluis
|player|p1|
