|j|☆spunder_policy
|j|☆suprya
|t:|1769297740
|gametype|singles
|player|p1|spunder_policy|170|1620
|player|p2|suprya|wattson|1657
|gen|9
|tier|[Gen 9] OU
|rated|
|rule|HP Percentage Mod: HP is shown in percentages
|rule|Endless Battle Clause: Forcing endless battles is banned
|rule|Species Clause: Limit one of each Pokémon
|rule|OHKO Clause: OHKO moves are banned
|rule|Evasion Items Clause: Evasion items are banned
|rule|Evasion Moves Clause: Evasion moves are banned
|rule|Evasion Abilities Clause: Evasion abilities are banned
|rule|Sleep Moves Clause: Sleep-inducing moves are banned
|clearpoke
|poke|p1|Whimsicott, M|
|poke|p1|Torkoal, F|
|poke|p1|Great Tusk|
|poke|p1|Walking Wake|
|poke|p1|Cinderace, F|
|poke|p1|Moltres|
|poke|p2|Magnezone|
|poke|p2|Dragapult, M|
|poke|p2|Slowking-Galar, M|
|poke|p2|Darkrai|
|poke|p2|Great Tusk|
|poke|p2|Enamorus-Therian, F|
|teampreview
|inactive|Battle timer is ON: inactive players will automatically lose when time's up. (requested by suprya)
|inactive|spunder_policy also wants the timer to be on.
|
|t:|1769297751
|teamsize|p1|6
|teamsize|p2|6
|start
|switch|p1a: Torkoal|Torkoal, F|100/100
|switch|p2a: Darkrai|Darkrai|100/100
|-weather|SunnyDay|[from] ability: Drought|[of] p1a: Torkoal
|turn|1
|
|t:|1769297758
|move|p2a: Darkrai|Knock Off|p1a: Torkoal
|-damage|p1a: Torkoal|81/100
|-enditem|p1a: Torkoal|Heat Rock|[from] move: Knock Off|[of] p2a: Darkrai
|move|p1a: Torkoal|Stealth Rock|p2a: Darkrai
|-sidestart|p2: suprya|move: Stealth Rock
|
|-weather|SunnyDay|[upkeep]
|upkeep
|turn|2
|
|t:|1769297774
|switch|p1a: Walking Wake|Walking Wake|100/100
|-activate|p1a: Walking Wake|ability: Protosynthesis
|-start|p1a: Walking Wake|protosynthesisspa
|move|p2a: Darkrai|Ice Beam|p1a: Walking Wake
|-damage|p1a: Walking Wake|69/100
|
|-weather|SunnyDay|[upkeep]
|upkeep
|turn|3
|
|t:|1769297786
|move|p2a: Darkrai|Dark Pulse|p1a: Walking Wake
|-damage|p1a: Walking Wake|25/100
|move|p1a: Walking Wake|Hydro Steam|p2a: Darkrai
|-damage|p2a: Darkrai|7/100
|
|-weather|SunnyDay|[upkeep]
|upkeep
|turn|4
|
|t:|1769297792
|-end|p1a: Walking Wake|Protosynthesis|[silent]
|switch|p1a: Great Tusk|Great Tusk|100/100
|-activate|p1a: Great Tusk|ability: Protosynthesis
|-start|p1a: Great Tusk|protosynthesisspe
|move|p2a: Darkrai|Ice Beam|p1a: Great Tusk
|-supereffective|p1a: Great Tusk
|-damage|p1a: Great Tusk|53/100
|
|-weather|SunnyDay|[upkeep]
|upkeep
|turn|5
|
|t:|1769297799
|switch|p2a: Enamorus|Enamorus-Therian, F|100/100
|move|p1a: Great Tusk|Ice Spinner|p2a: Enamorus
|-supereffective|p2a: Enamorus
|-crit|p2a: Enamorus
|-damage|p2a: Enamorus|45/100
|
|-weather|SunnyDay|[upkeep]
|upkeep
|turn|6
|
|t:|1769297804
|-end|p1a: Great Tusk|Protosynthesis|[silent]
|switch|p1a: Moltres|Moltres|100/100
|move|p2a: Enamorus|Draining Kiss|p1a: Moltres
|-resisted|p1a: Moltres
|-damage|p1a: Moltres|87/100
|-heal|p2a: Enamorus|55/100|[from] drain|[of] p1a: Moltres
|
|-weather|SunnyDay|[upkeep]
|upkeep
|turn|7
|
|t:|1769297809
|switch|p2a: Slowking|Slowking-Galar, M|100/100
|move|p1a: Moltres|Flamethrower|p2a: Slowking
|-damage|p2a: Slowking|53/100
|
|-weather|SunnyDay|[upkeep]
|upkeep
|turn|8
|
|t:|1769297813
|move|p1a: Moltres|Flamethrower|p2a: Slowking
|-crit|p2a: Slowking
|-damage|p2a: Slowking|0 fnt
|faint|p2a: Slowking
|
|-weather|none
|upkeep
|
|t:|1769297817
|switch|p2a: Dragapult|Dragapult, M|100/100
|-damage|p2a: Dragapult|88/100|[from] Stealth Rock
|turn|9
|
|t:|1769297831
|-terastallize|p1a: Moltres|Dragon
|move|p2a: Dragapult|Substitute|p2a: Dragapult
|-start|p2a: Dragapult|Substitute
|-damage|p2a: Dragapult|63/100
|move|p1a: Moltres|Tera Blast|p2a: Dragapult|[anim] Tera Blast Dragon
|-supereffective|p2a: Dragapult
|-end|p2a: Dragapult|Substitute
|
|-heal|p2a: Dragapult|69/100|[from] item: Leftovers
|upkeep
|turn|10
|
|t:|1769297849
|switch|p1a: Whimsicott|Whimsicott, M|100/100
|move|p2a: Dragapult|Substitute|p2a: Dragapult
|-start|p2a: Dragapult|Substitute
|-damage|p2a: Dragapult|44/100
|
|-heal|p2a: Dragapult|50/100|[from] item: Leftovers
|upkeep
|turn|11
|
|t:|1769297853
|move|p2a: Dragapult|Dragon Dance|p2a: Dragapult
|-boost|p2a: Dragapult|atk|1
|-boost|p2a: Dragapult|spe|1
|move|p1a: Whimsicott|Moonblast|p2a: Dragapult
|-supereffective|p2a: Dragapult
|-end|p2a: Dragapult|Substitute
|
|-heal|p2a: Dragapult|57/100|[from] item: Leftovers
|upkeep
|turn|12
|
|t:|1769297868
|switch|p1a: Torkoal|Torkoal, F|81/100
|-weather|SunnyDay|[from] ability: Drought|[of] p1a: Torkoal
|move|p2a: Dragapult|Phantom Force||[still]
|-prepare|p2a: Dragapult|Phantom Force
|
|-weather|SunnyDay|[upkeep]
|-heal|p2a: Dragapult|63/100|[from] item: Leftovers
|upkeep
|turn|13
|
|t:|1769297872
|switch|p1a: Walking Wake|Walking Wake|25/100
|-activate|p1a: Walking Wake|ability: Protosynthesis
|-start|p1a: Walking Wake|protosynthesisspa
|move|p2a: Dragapult|Phantom Force|p1a: Walking Wake|[from] lockedmove
|-damage|p1a: Walking Wake|0 fnt
|-damage|p2a: Dragapult|47/100|[from] item: Rocky Helmet|[of] p1a: Walking Wake
|faint|p1a: Walking Wake
|-end|p1a: Walking Wake|Protosynthesis|[silent]
|
|-weather|SunnyDay|[upkeep]
|-heal|p2a: Dragapult|53/100|[from] item: Leftovers
|upkeep
|
|t:|1769297874
|switch|p1a: Whimsicott|Whimsicott, M|100/100
|turn|14
|
|t:|1769297884
|switch|p2a: Magnezone|Magnezone|100/100
|-damage|p2a: Magnezone|94/100|[from] Stealth Rock
|move|p1a: Whimsicott|Moonblast|p2a: Magnezone
|-resisted|p2a: Magnezone
|-damage|p2a: Magnezone|71/100
|
|-weather|SunnyDay|[upkeep]
|upkeep
|turn|15
|
|t:|1769297897
|switch|p1a: Cinderace|Cinderace, F|100/100
|move|p2a: Magnezone|Volt Switch|p1a: Cinderace
|-damage|p1a: Cinderace|43/100
|inactive|suprya has 120 seconds left.
|
|t:|1769297925
|switch|p2a: Great Tusk|Great Tusk|100/100|[from] Volt Switch
|-activate|p2a: Great Tusk|ability: Protosynthesis
|-start|p2a: Great Tusk|protosynthesisatk
|
|-weather|SunnyDay|[upkeep]
|upkeep
|turn|16
|
|t:|1769297930
|move|p1a: Cinderace|Flame Charge|p2a: Great Tusk
|-damage|p2a: Great Tusk|74/100
|-boost|p1a: Cinderace|spe|1
|move|p2a: Great Tusk|Rapid Spin|p1a: Cinderace
|-damage|p1a: Cinderace|12/100
|-boost|p2a: Great Tusk|spe|1
|-sideend|p2: suprya|Stealth Rock|[from] move: Rapid Spin|[of] p2a: Great Tusk
|
|-weather|none
|-end|p2a: Great Tusk|Protosynthesis
|upkeep
|turn|17
|
|t:|1769297940
|move|p1a: Cinderace|Pyro Ball|p2a: Great Tusk
|-damage|p2a: Great Tusk|15/100
|move|p2a: Great Tusk|Stealth Rock|p1a: Cinderace
|-sidestart|p1: spunder_policy|move: Stealth Rock
|
|upkeep
|turn|18
|
|t:|1769297945
|move|p1a: Cinderace|Flame Charge|p2a: Great Tusk
|-damage|p2a: Great Tusk|0 fnt
|-boost|p1a: Cinderace|spe|1
|faint|p2a: Great Tusk
|-end|p2a: Great Tusk|Protosynthesis|[silent]
|
|upkeep
|
|t:|1769297950
|switch|p2a: Dragapult|Dragapult, M|53/100
|turn|19
|
|t:|1769297973
|-terastallize|p2a: Dragapult|Dragon
|move|p1a: Cinderace|Pyro Ball|p2a: Dragapult
|-resisted|p2a: Dragapult
|-damage|p2a: Dragapult|3/100
|move|p2a: Dragapult|Dragon Darts|p1a: Cinderace
|-damage|p1a: Cinderace|0 fnt
|faint|p1a: Cinderace
|
|-heal|p2a: Dragapult|10/100|[from] item: Leftovers
|upkeep
|
|t:|1769297978
|switch|p1a: Torkoal|Torkoal, F|81/100
|-damage|p1a: Torkoal|56/100|[from] Stealth Rock
|-weather|SunnyDay|[from] ability: Drought|[of] p1a: Torkoal
|turn|20
|
|t:|1769297985
|move|p2a: Dragapult|Dragon Darts|p1a: Torkoal
|-damage|p1a: Torkoal|32/100
|-anim|p2a: Dragapult|Dragon Darts|p1a: Torkoal
|-damage|p1a: Torkoal|9/100
|move|p1a: Torkoal|Rapid Spin|p2a: Dragapult
|-damage|p2a: Dragapult|0 fnt
|-boost|p1a: Torkoal|spe|1
|-sideend|p1: spunder_policy|Stealth Rock|[from] move: Rapid Spin|[of] p1a: Torkoal
|faint|p2a: Dragapult
|
|-weather|SunnyDay|[upkeep]
|upkeep
|
|t:|1769297993
|switch|p2a: Darkrai|Darkrai|7/100
|turn|21
|
|t:|1769297999
|switch|p1a: Whimsicott|Whimsicott, M|100/100
|move|p2a: Darkrai|Ice Beam|p1a: Whimsicott
|-supereffective|p1a: Whimsicott
|-damage|p1a: Whimsicott|0 fnt
|faint|p1a: Whimsicott
|
|-weather|SunnyDay|[upkeep]
|upkeep
|
|t:|1769298001
|switch|p1a: Great Tusk|Great Tusk|53/100
|-activate|p1a: Great Tusk|ability: Protosynthesis
|-start|p1a: Great Tusk|protosynthesisspe
|turn|22
|
|t:|1769298007
|switch|p2a: Magnezone|Magnezone|71/100
|move|p1a: Great Tusk|Ice Spinner|p2a: Magnezone
|-resisted|p2a: Magnezone
|-damage|p2a: Magnezone|59/100
|
|-weather|SunnyDay|[upkeep]
|upkeep
|turn|23
|
|t:|1769298012
|move|p1a: Great Tusk|Headlong Rush|p2a: Magnezone
|-supereffective|p2a: Magnezone
|-damage|p2a: Magnezone|0 fnt
|-unboost|p1a: Great Tusk|def|1
|-unboost|p1a: Great Tusk|spd|1
|faint|p2a: Magnezone
|
|-weather|SunnyDay|[upkeep]
|upkeep
|
|t:|1769298015
|switch|p2a: Enamorus|Enamorus-Therian, F|55/100
|turn|24
|
|t:|1769298020
|-end|p1a: Great Tusk|Protosynthesis|[silent]
|switch|p1a: Torkoal|Torkoal, F|9/100
|switch|p2a: Darkrai|Darkrai|7/100
|
|-weather|none
|upkeep
|turn|25
|
|t:|1769298035
|switch|p1a: Great Tusk|Great Tusk|53/100
|move|p2a: Darkrai|Dark Pulse|p1a: Great Tusk
|-resisted|p1a: Great Tusk
|-damage|p1a: Great Tusk|38/100
|
|upkeep
|turn|26
|
|t:|1769298048
|move|p2a: Darkrai|Ice Beam|p1a: Great Tusk
|-supereffective|p1a: Great Tusk
|-damage|p1a: Great Tusk|0 fnt
|faint|p1a: Great Tusk
|-end|p1a: Great Tusk|Protosynthesis|[silent]
|
|upkeep
|
|t:|1769298051
|switch|p1a: Torkoal|Torkoal, F|9/100
|-weather|SunnyDay|[from] ability: Drought|[of] p1a: Torkoal
|turn|27
|
|t:|1769298057
|move|p2a: Darkrai|Dark Pulse|p1a: Torkoal
|-damage|p1a: Torkoal|0 fnt
|faint|p1a: Torkoal
|
|-weather|SunnyDay|[upkeep]
|upkeep
|
|t:|1769298058
|switch|p1a: Moltres|Moltres, tera:Dragon|87/100
|turn|28
|
|t:|1769298063
|move|p2a: Darkrai|Ice Beam|p1a: Moltres
|-supereffective|p1a: Moltres
|-damage|p1a: Moltres|17/100
|move|p1a: Moltres|Flamethrower|p2a: Darkrai
|-damage|p2a: Darkrai|0 fnt
|faint|p2a: Darkrai
|
|-weather|SunnyDay|[upkeep]
|upkeep
|
|t:|1769298065
|switch|p2a: Enamorus|Enamorus-Therian, F|55/100
|turn|29
|
|t:|1769298067
|move|p1a: Moltres|Flamethrower|p2a: Enamorus
|-damage|p2a: Enamorus|0 fnt
|faint|p2a: Enamorus
|
|win|spunder_policy
|raw|spunder_policy's rating: 1620 &rarr; <strong>1642</strong><br />(+22 for winning)
|raw|suprya's rating: 1657 &rarr; <strong>1635</strong><br />(-22 for losing)
|l|☆suprya
|player|p2|
|l|☆spunder_policy
|player|p1|
