|j|☆akrapobite
|j|☆morningflowersx
|t:|1769382341
|gametype|singles
|player|p1|akrapobite|266|1151
|player|p2|morningflowersx|102|1101
|gen|9
|tier|[Gen 9] OU
|rated|
|rule|HP Percentage Mod: HP is shown in percentages
|rule|Endless Battle Clause: Forcing endless battles is banned
|rule|Species Clause: Limit one of each Pokémon
|rule|OHKO Clause: OHKO moves are banned
|rule|Evasion Items Clause: Evasion items are banned
|rule|Evasion Moves Clause: Evasion moves are banned
|rule|Evasion Abilities Clause: Evasion abilities are banned
|rule|Sleep Moves Clause: Sleep-inducing moves are banned
|clearpoke
|poke|p1|Moltres|
|poke|p1|Gholdengo|
|poke|p1|Great Tusk|
|poke|p1|Dragapult, F|
|poke|p1|Iron Valiant|
|poke|p1|Ogerpon-Wellspring, F|
|poke|p2|Muk-Alola, M|
|poke|p2|Quaquaval, F|
|poke|p2|Oricorio-Pom-Pom, M|
|poke|p2|Chandelure, F|
|poke|p2|Ting-Lu|
|poke|p2|Weezing-Galar, M|
|teampreview
|inactive|Battle timer is ON: inactive players will automatically lose when time's up. (requested by akrapobite)
|
|t:|1769382361
|teamsize|p1|6
|teamsize|p2|6
|start
|switch|p1a: casemiro|Great Tusk|100/100
|switch|p2a: Ting-Lu|Ting-Lu|100/100
|-ability|p2a: Ting-Lu|Vessel of Ruin
|turn|1
|
|t:|1769382373
|move|p1a: casemiro|Stealth Rock|p2a: Ting-Lu
|-sidestart|p2: morningflowersx|move: Stealth Rock
|move|p2a: Ting-Lu|Stealth Rock|p1a: casemiro
|-sidestart|p1: akrapobite|move: Stealth Rock
|
|upkeep
|turn|2
|
|t:|1769382380
|move|p1a: casemiro|Rapid Spin|p2a: Ting-Lu
|-damage|p2a: Ting-Lu|92/100
|-boost|p1a: casemiro|spe|1
|-sideend|p1: akrapobite|Stealth Rock|[from] move: Rapid Spin|[of] p1a: casemiro
|move|p2a: Ting-Lu|Whirlwind|p1a: casemiro
|-end|p1a: casemiro|Protosynthesis|[silent]
|drag|p1a: carvajal|Dragapult, F|100/100
|
|-heal|p2a: Ting-Lu|99/100|[from] item: Leftovers
|upkeep
|turn|3
|
|t:|1769382392
|move|p1a: carvajal|Draco Meteor|p2a: Ting-Lu
|-damage|p2a: Ting-Lu|65/100
|-unboost|p1a: carvajal|spa|2
|move|p2a: Ting-Lu|Stealth Rock|p1a: carvajal
|-sidestart|p1: akrapobite|move: Stealth Rock
|
|-heal|p2a: Ting-Lu|71/100|[from] item: Leftovers
|upkeep
|turn|4
|
|t:|1769382406
|switch|p2a: Quaquaval|Quaquaval, F|100/100
|-damage|p2a: Quaquaval|94/100|[from] Stealth Rock
|move|p1a: carvajal|Draco Meteor|p2a: Quaquaval
|-damage|p2a: Quaquaval|55/100
|-unboost|p1a: carvajal|spa|2
|
|upkeep
|turn|5
|
|t:|1769382416
|switch|p1a: modric|Ogerpon-Wellspring, F|100/100
|-damage|p1a: modric|88/100|[from] Stealth Rock
|move|p2a: Quaquaval|Rapid Spin|p1a: modric
|-damage|p1a: modric|63/100
|-boost|p2a: Quaquaval|spe|1
|-sideend|p2: morningflowersx|Stealth Rock|[from] move: Rapid Spin|[of] p2a: Quaquaval
|
|upkeep
|turn|6
|
|t:|1769382425
|move|p2a: Quaquaval|Close Combat|p1a: modric
|-damage|p1a: modric|0 fnt
|-unboost|p2a: Quaquaval|def|1
|-unboost|p2a: Quaquaval|spd|1
|faint|p1a: modric
|-ability|p2a: Quaquaval|Moxie|boost
|-boost|p2a: Quaquaval|atk|1
|
|upkeep
|
|t:|1769382436
|switch|p1a: bale|Iron Valiant|100/100
|-damage|p1a: bale|94/100|[from] Stealth Rock
|-enditem|p1a: bale|Booster Energy
|-activate|p1a: bale|ability: Quark Drive|[fromitem]
|-start|p1a: bale|quarkdrivespe
|turn|7
|
|t:|1769382445
|switch|p2a: cityboy|Muk-Alola, M|100/100
|move|p1a: bale|Moonblast|p2a: cityboy
|-damage|p2a: cityboy|78/100
|-unboost|p2a: cityboy|spa|1
|
|upkeep
|turn|8
|
|t:|1769382461
|-end|p1a: bale|Quark Drive|[silent]
|switch|p1a: casemiro|Great Tusk|100/100
|-damage|p1a: casemiro|98/100|[from] Stealth Rock
|move|p2a: cityboy|Knock Off|p1a: casemiro
|-resisted|p1a: casemiro
|-damage|p1a: casemiro|81/100
|-enditem|p1a: casemiro|Leftovers|[from] move: Knock Off|[of] p2a: cityboy
|
|upkeep
|turn|9
|
|t:|1769382472
|switch|p2a: Chandelure|Chandelure, F|100/100
|move|p1a: casemiro|Headlong Rush|p2a: Chandelure
|-supereffective|p2a: Chandelure
|-damage|p2a: Chandelure|0 fnt
|-unboost|p1a: casemiro|def|1
|-unboost|p1a: casemiro|spd|1
|faint|p2a: Chandelure
|
|upkeep
|
|t:|1769382483
|switch|p2a: palantir|Oricorio-Pom-Pom, M, shiny|100/100
|turn|10
|
|t:|1769382496
|move|p2a: palantir|Quiver Dance|p2a: palantir
|-boost|p2a: palantir|spa|1
|-boost|p2a: palantir|spd|1
|-boost|p2a: palantir|spe|1
|move|p1a: casemiro|Rapid Spin|p2a: palantir
|-damage|p2a: palantir|76/100
|-boost|p1a: casemiro|spe|1
|-sideend|p1: akrapobite|Stealth Rock|[from] move: Rapid Spin|[of] p1a: casemiro
|
|upkeep
|turn|11
|inactive|akrapobite has 120 seconds left.
|
|t:|1769382528
|-end|p1a: casemiro|Protosynthesis|[silent]
|switch|p1a: ronaldo|Gholdengo|100/100
|move|p2a: palantir|Air Slash|p1a: ronaldo
|-resisted|p1a: ronaldo
|-damage|p1a: ronaldo|72/100
|
|upkeep
|turn|12
|inactive|akrapobite has 120 seconds left.
|
|t:|1769382540
|move|p2a: palantir|Taunt|p1a: ronaldo
|-immune|p1a: ronaldo|[from] ability: Good as Gold
|move|p1a: ronaldo|Make It Rain|p2a: palantir
|-resisted|p2a: palantir
|-damage|p2a: palantir|41/100
|-unboost|p1a: ronaldo|spa|1
|
|upkeep
|turn|13
|inactive|akrapobite has 120 seconds left.
|
|t:|1769382561
|switch|p1a: isco|Moltres|100/100
|move|p2a: palantir|Revelation Dance|p1a: isco
|-supereffective|p1a: isco
|-damage|p1a: isco|0 fnt
|faint|p1a: isco
|
|upkeep
|
|t:|1769382575
|switch|p1a: ronaldo|Gholdengo|72/100
|turn|14
|
|t:|1769382584
|-terastallize|p2a: palantir|Ground
|move|p2a: palantir|Revelation Dance|p1a: ronaldo
|-supereffective|p1a: ronaldo
|-damage|p1a: ronaldo|0 fnt
|faint|p1a: ronaldo
|
|upkeep
|
|t:|1769382591
|switch|p1a: bale|Iron Valiant|94/100
|turn|15
|
|t:|1769382600
|move|p2a: palantir|Air Slash|p1a: bale
|-supereffective|p1a: bale
|-damage|p1a: bale|0 fnt
|faint|p1a: bale
|-end|p1a: bale|Quark Drive|[silent]
|
|upkeep
|
|t:|1769382605
|switch|p1a: carvajal|Dragapult, F|100/100
|turn|16
|
|t:|1769382617
|switch|p2a: Weezing|Weezing-Galar, M|100/100
|move|p1a: carvajal|Shadow Ball|p2a: Weezing
|-damage|p2a: Weezing|33/100
|-unboost|p2a: Weezing|spd|1
|
|-heal|p2a: Weezing|39/100|[from] item: Black Sludge
|upkeep
|turn|17
|
|t:|1769382635
|switch|p2a: cityboy|Muk-Alola, M|78/100
|move|p1a: carvajal|Shadow Ball|p2a: cityboy
|-resisted|p2a: cityboy
|-damage|p2a: cityboy|65/100
|
|upkeep
|turn|18
|
|t:|1769382643
|switch|p1a: casemiro|Great Tusk|81/100
|move|p2a: cityboy|Poison Jab|p1a: casemiro
|-resisted|p1a: casemiro
|-damage|p1a: casemiro|69/100
|-status|p1a: casemiro|psn|[from] ability: Poison Touch|[of] p2a: cityboy
|
|-damage|p1a: casemiro|56/100 psn|[from] psn
|upkeep
|turn|19
|
|t:|1769382657
|switch|p2a: palantir|Oricorio-Pom-Pom, M, shiny, tera:Ground|41/100
|move|p1a: casemiro|Stealth Rock|p2a: palantir
|-sidestart|p2: morningflowersx|move: Stealth Rock
|
|-damage|p1a: casemiro|44/100 psn|[from] psn
|upkeep
|turn|20
|
|t:|1769382668
|move|p2a: palantir|Air Slash|p1a: casemiro
|-supereffective|p1a: casemiro
|-damage|p1a: casemiro|0 fnt
|faint|p1a: casemiro
|-end|p1a: casemiro|Protosynthesis|[silent]
|
|upkeep
|
|t:|1769382673
|switch|p1a: carvajal|Dragapult, F|100/100
|turn|21
|
|t:|1769382678
|-terastallize|p1a: carvajal|Ghost
|move|p1a: carvajal|Shadow Ball|p2a: palantir
|-damage|p2a: palantir|0 fnt
|faint|p2a: palantir
|
|upkeep
|
|t:|1769382685
|switch|p2a: Quaquaval|Quaquaval, F|55/100
|-damage|p2a: Quaquaval|48/100|[from] Stealth Rock
|turn|22
|
|t:|1769382689
|move|p1a: carvajal|Shadow Ball|p2a: Quaquaval
|-damage|p2a: Quaquaval|0 fnt
|faint|p2a: Quaquaval
|
|upkeep
|
|t:|1769382695
|switch|p2a: Ting-Lu|Ting-Lu|71/100
|-damage|p2a: Ting-Lu|65/100|[from] Stealth Rock
|-ability|p2a: Ting-Lu|Vessel of Ruin
|turn|23
|
|t:|1769382703
|move|p1a: carvajal|Shadow Ball|p2a: Ting-Lu
|-resisted|p2a: Ting-Lu
|-damage|p2a: Ting-Lu|51/100
|move|p2a: Ting-Lu|Earthquake|p1a: carvajal
|-damage|p1a: carvajal|48/100
|
|-heal|p2a: Ting-Lu|57/100|[from] item: Leftovers
|upkeep
|turn|24
|
|t:|1769382711
|move|p1a: carvajal|Shadow Ball|p2a: Ting-Lu
|-resisted|p2a: Ting-Lu
|-damage|p2a: Ting-Lu|43/100
|move|p2a: Ting-Lu|Earthquake|p1a: carvajal
|-damage|p1a: carvajal|1/100
|
|-heal|p2a: Ting-Lu|50/100|[from] item: Leftovers
|upkeep
|turn|25
|
|t:|1769382719
|move|p1a: carvajal|Shadow Ball|p2a: Ting-Lu
|-resisted|p2a: Ting-Lu
|-damage|p2a: Ting-Lu|34/100
|move|p2a: Ting-Lu|Ruination|p1a: carvajal
|-damage|p1a: carvajal|0 fnt
|faint|p1a: carvajal
|
|win|morningflowersx
|raw|akrapobite's rating: 1151 &rarr; <strong>1122</strong><br />(-29 for losing)
|raw|morningflowersx's rating: 1101 &rarr; <strong>1130</strong><br />(+29 for winning)
|l|☆akrapobite
|player|p1|
|l|☆morningflowersx
|player|p2|
