|j|☆nomamesway
|j|☆guoqiushi
|t:|1769317279
|gametype|singles
|player|p1|nomamesway|170|1452
|player|p2|guoqiushi|n|1458
|gen|9
|tier|[Gen 9] OU
|rated|
|rule|HP Percentage Mod: HP is shown in percentages
|rule|Endless Battle Clause: Forcing endless battles is banned
|rule|Species Clause: Limit one of each Pokémon
|rule|OHKO Clause: OHKO moves are banned
|rule|Evasion Items Clause: Evasion items are banned
|rule|Evasion Moves Clause: Evasion moves are banned
|rule|Evasion Abilities Clause: Evasion abilities are banned
|rule|Sleep Moves Clause: Sleep-inducing moves are banned
|clearpoke
|poke|p1|Primarina, M|
|poke|p1|Great Tusk|
|poke|p1|Kingambit, M|
|poke|p1|Slowking-Galar, M|
|poke|p1|Ogerpon, F|
|poke|p1|Enamorus, F|
|poke|p2|Zoroark, F|
|poke|p2|Great Tusk|
|poke|p2|Moltres|
|poke|p2|Dragonite, M|
|poke|p2|Gholdengo|
|poke|p2|Glimmora, M|
|teampreview
|inactive|Battle timer is ON: inactive players will automatically lose when time's up. (requested by guoqiushi)
|
|t:|1769317316
|teamsize|p1|6
|teamsize|p2|6
|start
|switch|p1a: Slowking|Slowking-Galar, M, shiny|100/100
|switch|p2a: Great Tusk|Great Tusk|100/100
|turn|1
|
|t:|1769317322
|move|p2a: Great Tusk|Stealth Rock|p1a: Slowking
|-sidestart|p1: nomamesway|move: Stealth Rock
|move|p1a: Slowking|Psychic Noise|p2a: Great Tusk
|-supereffective|p2a: Great Tusk
|-damage|p2a: Great Tusk|30/100
|-start|p2a: Great Tusk|move: Heal Block
|
|upkeep
|turn|2
|
|t:|1769317335
|move|p2a: Great Tusk|Headlong Rush|p1a: Slowking
|-supereffective|p1a: Slowking
|-damage|p1a: Slowking|22/100
|-unboost|p2a: Great Tusk|def|1
|-unboost|p2a: Great Tusk|spd|1
|move|p1a: Slowking|Sludge Bomb|p2a: Great Tusk
|-resisted|p2a: Great Tusk
|-damage|p2a: Great Tusk|0 fnt
|faint|p2a: Great Tusk
|-end|p2a: Great Tusk|Protosynthesis|[silent]
|
|upkeep
|
|t:|1769317351
|switch|p2a: Glimmora|Glimmora, M|100/100
|turn|3
|
|t:|1769317368
|switch|p1a: Primarina|Primarina, M, shiny|100/100
|-damage|p1a: Primarina|88/100|[from] Stealth Rock
|move|p2a: Glimmora|Earth Power|p1a: Primarina
|-damage|p1a: Primarina|56/100
|
|-heal|p1a: Primarina|62/100|[from] item: Leftovers
|upkeep
|turn|4
|
|t:|1769317387
|switch|p2a: Dragonite|Dragonite, M|100/100
|move|p1a: Primarina|Psychic Noise|p2a: Dragonite
|-resisted|p2a: Dragonite
|-damage|p2a: Dragonite|89/100
|-start|p2a: Dragonite|move: Heal Block
|
|-heal|p1a: Primarina|68/100|[from] item: Leftovers
|upkeep
|turn|5
|
|t:|1769317394
|switch|p2a: Gholdengo|Gholdengo|100/100
|move|p1a: Primarina|Moonblast|p2a: Gholdengo
|-resisted|p2a: Gholdengo
|-damage|p2a: Gholdengo|68/100
|-unboost|p2a: Gholdengo|spa|1
|
|-heal|p1a: Primarina|74/100|[from] item: Leftovers
|upkeep
|turn|6
|
|t:|1769317413
|switch|p1a: Slowking|Slowking-Galar, M, shiny|55/100
|-damage|p1a: Slowking|43/100|[from] Stealth Rock
|move|p2a: Gholdengo|Make It Rain|p1a: Slowking
|-damage|p1a: Slowking|21/100
|-unboost|p2a: Gholdengo|spa|1
|
|upkeep
|turn|7
|inactive|nomamesway has 120 seconds left.
|
|t:|1769317434
|switch|p2a: Moltres|Moltres|100/100
|switch|p1a: Great Tusk|Great Tusk, shiny|100/100
|-damage|p1a: Great Tusk|98/100|[from] Stealth Rock
|
|upkeep
|turn|8
|
|t:|1769317441
|move|p1a: Great Tusk|Stealth Rock|p2a: Moltres
|-sidestart|p2: guoqiushi|move: Stealth Rock
|move|p2a: Moltres|Will-O-Wisp|p1a: Great Tusk
|-status|p1a: Great Tusk|brn
|
|-damage|p1a: Great Tusk|91/100 brn|[from] brn
|upkeep
|turn|9
|
|t:|1769317446
|-end|p1a: Great Tusk|Protosynthesis|[silent]
|switch|p1a: Slowking|Slowking-Galar, M, shiny|55/100
|-damage|p1a: Slowking|42/100|[from] Stealth Rock
|move|p2a: Moltres|U-turn|p1a: Slowking
|-damage|p1a: Slowking|32/100
|
|t:|1769317450
|switch|p2a: Glimmora|Glimmora, M|100/100|[from] U-turn
|-damage|p2a: Glimmora|88/100|[from] Stealth Rock
|
|upkeep
|turn|10
|
|t:|1769317454
|switch|p1a: Great Tusk|Great Tusk, shiny|91/100 brn
|-damage|p1a: Great Tusk|88/100 brn|[from] Stealth Rock
|move|p2a: Glimmora|Mortal Spin|p1a: Great Tusk
|-resisted|p1a: Great Tusk
|-damage|p1a: Great Tusk|86/100 brn
|-damage|p2a: Glimmora|72/100|[from] item: Rocky Helmet|[of] p1a: Great Tusk
|-sideend|p2: guoqiushi|Stealth Rock|[from] move: Mortal Spin|[of] p2a: Glimmora
|
|-damage|p1a: Great Tusk|80/100 brn|[from] brn
|upkeep
|turn|11
|
|t:|1769317469
|switch|p2a: Moltres|Moltres|100/100
|move|p1a: Great Tusk|Headlong Rush|p2a: Moltres
|-immune|p2a: Moltres
|
|-damage|p1a: Great Tusk|74/100 brn|[from] brn
|upkeep
|turn|12
|
|t:|1769317479
|move|p1a: Great Tusk|Rapid Spin|p2a: Moltres
|-damage|p2a: Moltres|92/100
|-boost|p1a: Great Tusk|spe|1
|-sideend|p1: nomamesway|Stealth Rock|[from] move: Rapid Spin|[of] p1a: Great Tusk
|move|p2a: Moltres|U-turn|p1a: Great Tusk
|-resisted|p1a: Great Tusk
|-damage|p1a: Great Tusk|68/100 brn
|-damage|p2a: Moltres|76/100|[from] item: Rocky Helmet|[of] p1a: Great Tusk
|
|t:|1769317483
|switch|p2a: Gholdengo|Gholdengo|68/100|[from] U-turn
|
|-damage|p1a: Great Tusk|62/100 brn|[from] brn
|upkeep
|turn|13
|
|t:|1769317485
|move|p1a: Great Tusk|Headlong Rush|p2a: Gholdengo
|-supereffective|p2a: Gholdengo
|-damage|p2a: Gholdengo|2/100
|-unboost|p1a: Great Tusk|def|1
|-unboost|p1a: Great Tusk|spd|1
|move|p2a: Gholdengo|Make It Rain|p1a: Great Tusk
|-damage|p1a: Great Tusk|0 fnt
|-unboost|p2a: Gholdengo|spa|1
|faint|p1a: Great Tusk
|-end|p1a: Great Tusk|Protosynthesis|[silent]
|
|upkeep
|
|t:|1769317493
|switch|p1a: Ogerpon|Ogerpon, F|100/100
|turn|14
|
|t:|1769317496
|switch|p2a: Moltres|Moltres|76/100
|move|p1a: Ogerpon|Rock Tomb|p2a: Moltres
|-supereffective|p2a: Moltres
|-damage|p2a: Moltres|0 fnt
|faint|p2a: Moltres
|
|upkeep
|
|t:|1769317519
|switch|p2a: Dragonite|Dragonite, M|89/100
|turn|15
|
|t:|1769317527
|switch|p1a: Primarina|Primarina, M, shiny|74/100
|-terastallize|p2a: Dragonite|Normal
|move|p2a: Dragonite|Ice Spinner|p1a: Primarina
|-resisted|p1a: Primarina
|-damage|p1a: Primarina|53/100
|
|-heal|p1a: Primarina|59/100|[from] item: Leftovers
|-heal|p2a: Dragonite|96/100|[from] item: Leftovers
|upkeep
|turn|16
|
|t:|1769317556
|-terastallize|p1a: Primarina|Ghost
|move|p2a: Dragonite|Extreme Speed|p1a: Primarina
|-immune|p1a: Primarina
|move|p1a: Primarina|Whirlpool|p2a: Dragonite
|-damage|p2a: Dragonite|72/100
|-activate|p2a: Dragonite|move: Whirlpool|[of] p1a: Primarina
|
|-heal|p1a: Primarina|65/100|[from] item: Leftovers
|-heal|p2a: Dragonite|79/100|[from] item: Leftovers
|-damage|p2a: Dragonite|66/100|[from] move: Whirlpool|[partiallytrapped]
|upkeep
|turn|17
|
|t:|1769317568
|move|p1a: Primarina|Moonblast|p2a: Dragonite
|-damage|p2a: Dragonite|7/100
|move|p2a: Dragonite|Earthquake|p1a: Primarina
|-damage|p1a: Primarina|4/100
|
|-heal|p1a: Primarina|10/100|[from] item: Leftovers
|-heal|p2a: Dragonite|13/100|[from] item: Leftovers
|-damage|p2a: Dragonite|0 fnt|[from] move: Whirlpool|[partiallytrapped]
|faint|p2a: Dragonite
|upkeep
|
|t:|1769317579
|switch|p2a: Glimmora|Glimmora, M|100/100
|turn|18
|
|t:|1769317585
|move|p2a: Glimmora|Knock Off|p1a: Primarina
|-supereffective|p1a: Primarina
|-damage|p1a: Primarina|0 fnt
|-enditem|p1a: Primarina|Leftovers|[from] move: Knock Off|[of] p2a: Glimmora
|faint|p1a: Primarina
|
|upkeep
|
|t:|1769317588
|switch|p1a: Slowking|Slowking-Galar, M, shiny|65/100
|turn|19
|
|t:|1769317591
|switch|p1a: Enamorus|Enamorus, F, shiny|100/100
|move|p2a: Glimmora|Knock Off|p1a: Enamorus
|-resisted|p1a: Enamorus
|-damage|p1a: Enamorus|56/100
|-enditem|p1a: Enamorus|Choice Scarf|[from] move: Knock Off|[of] p2a: Glimmora
|
|upkeep
|turn|20
|
|t:|1769317599
|switch|p2a: Glimmora|Glimmora, M|72/100
|move|p1a: Enamorus|Moonblast|p2a: Glimmora
|-resisted|p2a: Glimmora
|-damage|p2a: Glimmora|36/100
|
|upkeep
|turn|21
|
|t:|1769317605
|move|p1a: Enamorus|Earth Power|p2a: Glimmora
|-supereffective|p2a: Glimmora
|-damage|p2a: Glimmora|0 fnt
|faint|p2a: Glimmora
|
|upkeep
|
|t:|1769317609
|switch|p2a: Gholdengo|Gholdengo|2/100
|turn|22
|
|t:|1769317612
|move|p2a: Gholdengo|Make It Rain|p1a: Enamorus
|-supereffective|p1a: Enamorus
|-damage|p1a: Enamorus|0 fnt
|-unboost|p2a: Gholdengo|spa|1
|faint|p1a: Enamorus
|
|upkeep
|
|t:|1769317615
|switch|p1a: Ogerpon|Ogerpon, F|100/100
|turn|23
|
|t:|1769317623
|switch|p1a: Slowking|Slowking-Galar, M, shiny|99/100
|move|p2a: Gholdengo|Make It Rain|p1a: Slowking
|-damage|p1a: Slowking|76/100
|-unboost|p2a: Gholdengo|spa|1
|
|upkeep
|turn|24
|
|t:|1769317633
|switch|p2a: Gholdengo|Gholdengo|100/100
|move|p1a: Slowking|Flamethrower|p2a: Gholdengo
|-damage|p2a: Gholdengo|50/100
|replace|p2a: Zoroark|Zoroark, F
|-end|p2a: Zoroark|Illusion
|
|upkeep
|turn|25
|
|t:|1769317649
|move|p2a: Zoroark|Knock Off|p1a: Slowking
|-supereffective|p1a: Slowking
|-damage|p1a: Slowking|0 fnt
|-enditem|p1a: Slowking|Assault Vest|[from] move: Knock Off|[of] p2a: Zoroark
|faint|p1a: Slowking
|
|upkeep
|
|t:|1769317658
|switch|p1a: Ogerpon|Ogerpon, F|100/100
|turn|26
|
|t:|1769317670
|move|p2a: Zoroark|Sucker Punch|p1a: Ogerpon
|-damage|p1a: Ogerpon|43/100
|move|p1a: Ogerpon|Ivy Cudgel|p2a: Zoroark
|-damage|p2a: Zoroark|0 fnt
|faint|p2a: Zoroark
|
|upkeep
|
|t:|1769317675
|switch|p2a: Gholdengo|Gholdengo|2/100
|turn|27
|
|t:|1769317677
|move|p2a: Gholdengo|Dazzling Gleam|p1a: Ogerpon
|-crit|p1a: Ogerpon
|-damage|p1a: Ogerpon|0 fnt
|faint|p1a: Ogerpon
|
|upkeep
|
|t:|1769317678
|switch|p1a: Kingambit|Kingambit, M, shiny|100/100
|-activate|p1a: Kingambit|ability: Supreme Overlord
|-start|p1a: Kingambit|fallen5|[silent]
|turn|28
|
|t:|1769317680
|move|p1a: Kingambit|Sucker Punch|p2a: Gholdengo
|-supereffective|p2a: Gholdengo
|-damage|p2a: Gholdengo|0 fnt
|faint|p2a: Gholdengo
|
|win|nomamesway
|raw|nomamesway's rating: 1452 &rarr; <strong>1472</strong><br />(+20 for winning)
|raw|guoqiushi's rating: 1458 &rarr; <strong>1438</strong><br />(-20 for losing)
|l|☆nomamesway
|player|p1|
|l|☆guoqiushi
|player|p2|
