|j|☆droste
|j|☆tytardefuego
|t:|1769447129
|gametype|singles
|player|p1|droste|hiker-gen4|1210
|player|p2|tytardefuego|steven|1244
|gen|9
|tier|[Gen 9] OU
|rated|
|rule|HP Percentage Mod: HP is shown in percentages
|rule|Endless Battle Clause: Forcing endless battles is banned
|rule|Species Clause: Limit one of each Pokémon
|rule|OHKO Clause: OHKO moves are banned
|rule|Evasion Items Clause: Evasion items are banned
|rule|Evasion Moves Clause: Evasion moves are banned
|rule|Evasion Abilities Clause: Evasion abilities are banned
|rule|Sleep Moves Clause: Sleep-inducing moves are banned
|clearpoke
|poke|p1|Torkoal, M|
|poke|p1|Hatterene, F|
|poke|p1|Venusaur, F|
|poke|p1|Walking Wake|
|poke|p1|Great Tusk|
|poke|p1|Ceruledge, M|
|poke|p2|Pelipper, F|
|poke|p2|Ludicolo, F|
|poke|p2|Crawdaunt, M|
|poke|p2|Milotic, F|
|poke|p2|Flygon, M|
|poke|p2|Metagross|
|teampreview
|inactive|Battle timer is ON: inactive players will automatically lose when time's up. (requested by droste)
|l|☆tytardefuego
|inactive|tytardefuego disconnected and has a minute to reconnect!
|player|p2|
|inactive|tytardefuego has 30 seconds to reconnect!
|j|☆tytardefuego
|inactive|tytardefuego reconnected and has 95 seconds left.
|player|p2|tytardefuego|steven|
|
|t:|1769447189
|teamsize|p1|6
|teamsize|p2|6
|start
|switch|p1a: Torkoal|Torkoal, M|100/100
|switch|p2a: Pelipper|Pelipper, F|100/100
|-weather|RainDance|[from] ability: Drizzle|[of] p2a: Pelipper
|-weather|SunnyDay|[from] ability: Drought|[of] p1a: Torkoal
|turn|1
|inactive|droste has 120 seconds left.
|
|t:|1769447220
|move|p2a: Pelipper|U-turn|p1a: Torkoal
|-resisted|p1a: Torkoal
|-damage|p1a: Torkoal|98/100
|
|t:|1769447223
|switch|p2a: Milotic|Milotic, F|100/100|[from] U-turn
|move|p1a: Torkoal|Stealth Rock|p2a: Milotic
|-sidestart|p2: tytardefuego|move: Stealth Rock
|
|-weather|SunnyDay|[upkeep]
|upkeep
|turn|2
|
|t:|1769447234
|switch|p1a: Hatterene|Hatterene, F|100/100
|move|p2a: Milotic|Scald|p1a: Hatterene
|-damage|p1a: Hatterene|85/100
|-enditem|p1a: Hatterene|Eject Button
|
|t:|1769447244
|switch|p1a: Venusaur|Venusaur, F|100/100
|
|-weather|SunnyDay|[upkeep]
|upkeep
|turn|3
|
|t:|1769447249
|move|p1a: Venusaur|Growth|p1a: Venusaur
|-boost|p1a: Venusaur|atk|2
|-boost|p1a: Venusaur|spa|2
|move|p2a: Milotic|Haze|p2a: Milotic
|-clearallboost
|
|-weather|SunnyDay|[upkeep]
|upkeep
|turn|4
|
|t:|1769447257
|move|p1a: Venusaur|Giga Drain|p2a: Milotic
|-supereffective|p2a: Milotic
|-damage|p2a: Milotic|48/100
|-damage|p1a: Venusaur|91/100|[from] item: Life Orb
|move|p2a: Milotic|Mirror Coat|p1a: Venusaur
|-damage|p1a: Venusaur|0 fnt
|faint|p1a: Venusaur
|
|-weather|SunnyDay|[upkeep]
|-heal|p2a: Milotic|55/100|[from] item: Leftovers
|upkeep
|
|t:|1769447273
|switch|p1a: Ceruledge|Ceruledge, M|100/100
|turn|5
|
|t:|1769447277
|switch|p2a: Pelipper|Pelipper, F|100/100
|-damage|p2a: Pelipper|76/100|[from] Stealth Rock
|-weather|RainDance|[from] ability: Drizzle|[of] p2a: Pelipper
|move|p1a: Ceruledge|Solar Blade||[still]
|-prepare|p1a: Ceruledge|Solar Blade
|
|-weather|RainDance|[upkeep]
|upkeep
|turn|6
|
|t:|1769447285
|move|p1a: Ceruledge|Solar Blade|p2a: Pelipper|[from] lockedmove
|-damage|p2a: Pelipper|60/100
|move|p2a: Pelipper|Weather Ball|p1a: Ceruledge
|-supereffective|p1a: Ceruledge
|-enditem|p1a: Ceruledge|Focus Sash
|-damage|p1a: Ceruledge|1/100
|
|-weather|RainDance|[upkeep]
|upkeep
|turn|7
|
|t:|1769447293
|switch|p1a: Torkoal|Torkoal, M|98/100
|-weather|SunnyDay|[from] ability: Drought|[of] p1a: Torkoal
|move|p2a: Pelipper|Roost|p2a: Pelipper
|-heal|p2a: Pelipper|100/100
|-singleturn|p2a: Pelipper|move: Roost
|
|-weather|SunnyDay|[upkeep]
|upkeep
|turn|8
|
|t:|1769447307
|switch|p1a: Walking Wake|Walking Wake|100/100
|-activate|p1a: Walking Wake|ability: Protosynthesis
|-start|p1a: Walking Wake|protosynthesisspe
|move|p2a: Pelipper|U-turn|p1a: Walking Wake
|-damage|p1a: Walking Wake|91/100
|
|t:|1769447321
|switch|p2a: Milotic|Milotic, F|55/100|[from] U-turn
|-damage|p2a: Milotic|42/100|[from] Stealth Rock
|
|-weather|SunnyDay|[upkeep]
|-heal|p2a: Milotic|48/100|[from] item: Leftovers
|upkeep
|turn|9
|
|t:|1769447327
|move|p1a: Walking Wake|Draco Meteor|p2a: Milotic
|-damage|p2a: Milotic|0 fnt
|-unboost|p1a: Walking Wake|spa|2
|faint|p2a: Milotic
|
|-weather|SunnyDay|[upkeep]
|upkeep
|
|t:|1769447331
|switch|p2a: Flygon|Flygon, M|100/100
|-damage|p2a: Flygon|95/100|[from] Stealth Rock
|turn|10
|
|t:|1769447353
|-end|p1a: Walking Wake|Protosynthesis|[silent]
|switch|p1a: Great Tusk|Great Tusk|100/100
|-activate|p1a: Great Tusk|ability: Protosynthesis
|-start|p1a: Great Tusk|protosynthesisatk
|-terastallize|p2a: Flygon|Fairy
|move|p2a: Flygon|Dragon Dance|p2a: Flygon
|-boost|p2a: Flygon|atk|1
|-boost|p2a: Flygon|spe|1
|
|-weather|SunnyDay|[upkeep]
|upkeep
|turn|11
|
|t:|1769447369
|move|p2a: Flygon|Tera Blast|p1a: Great Tusk|[anim] Tera Blast Fairy
|-supereffective|p1a: Great Tusk
|-damage|p1a: Great Tusk|26/100
|move|p1a: Great Tusk|Ice Spinner|p2a: Flygon
|-damage|p2a: Flygon|43/100
|
|-weather|SunnyDay|[upkeep]
|upkeep
|turn|12
|
|t:|1769447383
|-end|p1a: Great Tusk|Protosynthesis|[silent]
|switch|p1a: Hatterene|Hatterene, F|85/100
|move|p2a: Flygon|Scale Shot|p1a: Hatterene
|-immune|p1a: Hatterene
|
|-weather|SunnyDay|[upkeep]
|upkeep
|turn|13
|inactive|droste has 120 seconds left.
|
|t:|1769447400
|move|p2a: Flygon|Earthquake|p1a: Hatterene
|-damage|p1a: Hatterene|30/100
|move|p1a: Hatterene|Nuzzle|p2a: Flygon
|-damage|p2a: Flygon|37/100
|-status|p2a: Flygon|par
|
|-weather|SunnyDay|[upkeep]
|upkeep
|turn|14
|inactive|droste has 120 seconds left.
|
|t:|1769447418
|cant|p2a: Flygon|par
|move|p1a: Hatterene|Dazzling Gleam|p2a: Flygon
|-damage|p2a: Flygon|0 fnt
|faint|p2a: Flygon
|
|-weather|none
|upkeep
|
|t:|1769447425
|switch|p2a: Crawdaunt|Crawdaunt, M|100/100
|-damage|p2a: Crawdaunt|88/100|[from] Stealth Rock
|turn|15
|inactive|droste has 120 seconds left.
|
|t:|1769447441
|move|p2a: Crawdaunt|Knock Off|p1a: Hatterene
|-damage|p1a: Hatterene|0 fnt
|faint|p1a: Hatterene
|
|upkeep
|
|t:|1769447447
|switch|p1a: Torkoal|Torkoal, M|98/100
|-weather|SunnyDay|[from] ability: Drought|[of] p1a: Torkoal
|turn|16
|
|t:|1769447452
|switch|p2a: Pelipper|Pelipper, F|100/100
|-damage|p2a: Pelipper|76/100|[from] Stealth Rock
|-weather|RainDance|[from] ability: Drizzle|[of] p2a: Pelipper
|move|p1a: Torkoal|Will-O-Wisp|p2a: Pelipper
|-status|p2a: Pelipper|brn
|
|-weather|RainDance|[upkeep]
|-damage|p2a: Pelipper|70/100 brn|[from] brn
|upkeep
|turn|17
|
|t:|1769447465
|switch|p1a: Walking Wake|Walking Wake|91/100
|move|p2a: Pelipper|U-turn|p1a: Walking Wake
|-damage|p1a: Walking Wake|87/100
|
|t:|1769447470
|switch|p2a: Ludicolo|Ludicolo, F|100/100|[from] U-turn
|-damage|p2a: Ludicolo|88/100|[from] Stealth Rock
|
|-weather|RainDance|[upkeep]
|upkeep
|turn|18
|
|t:|1769447474
|-end|p1a: Walking Wake|Protosynthesis|[silent]
|switch|p1a: Torkoal|Torkoal, M|98/100
|-weather|SunnyDay|[from] ability: Drought|[of] p1a: Torkoal
|move|p2a: Ludicolo|Giga Drain|p1a: Torkoal
|-resisted|p1a: Torkoal
|-damage|p1a: Torkoal|74/100
|-heal|p2a: Ludicolo|100/100|[from] drain|[of] p1a: Torkoal
|-damage|p2a: Ludicolo|91/100|[from] item: Life Orb
|
|-weather|SunnyDay|[upkeep]
|upkeep
|turn|19
|
|t:|1769447490
|switch|p2a: Pelipper|Pelipper, F|70/100 brn
|-damage|p2a: Pelipper|45/100 brn|[from] Stealth Rock
|-weather|RainDance|[from] ability: Drizzle|[of] p2a: Pelipper
|move|p1a: Torkoal|Lava Plume|p2a: Pelipper
|-resisted|p2a: Pelipper
|-damage|p2a: Pelipper|36/100 brn
|
|-weather|RainDance|[upkeep]
|-damage|p2a: Pelipper|30/100 brn|[from] brn
|upkeep
|turn|20
|
|t:|1769447500
|switch|p1a: Walking Wake|Walking Wake|87/100
|move|p2a: Pelipper|Roost|p2a: Pelipper
|-heal|p2a: Pelipper|80/100 brn
|-singleturn|p2a: Pelipper|move: Roost
|
|-weather|RainDance|[upkeep]
|-damage|p2a: Pelipper|74/100 brn|[from] brn
|upkeep
|turn|21
|
|t:|1769447504
|-end|p1a: Walking Wake|Protosynthesis|[silent]
|switch|p1a: Torkoal|Torkoal, M|74/100
|-weather|SunnyDay|[from] ability: Drought|[of] p1a: Torkoal
|switch|p2a: Metagross|Metagross|100/100
|-damage|p2a: Metagross|94/100|[from] Stealth Rock
|
|-weather|SunnyDay|[upkeep]
|-heal|p2a: Metagross|100/100|[from] item: Leftovers
|upkeep
|turn|22
|
|t:|1769447513
|switch|p2a: Pelipper|Pelipper, F|74/100 brn
|-damage|p2a: Pelipper|49/100 brn|[from] Stealth Rock
|-weather|RainDance|[from] ability: Drizzle|[of] p2a: Pelipper
|move|p1a: Torkoal|Lava Plume|p2a: Pelipper
|-resisted|p2a: Pelipper
|-damage|p2a: Pelipper|40/100 brn
|
|-weather|RainDance|[upkeep]
|-damage|p2a: Pelipper|34/100 brn|[from] brn
|upkeep
|turn|23
|
|t:|1769447517
|switch|p1a: Walking Wake|Walking Wake|87/100
|move|p2a: Pelipper|Hurricane|p1a: Walking Wake
|-damage|p1a: Walking Wake|44/100
|-start|p1a: Walking Wake|confusion
|
|-weather|RainDance|[upkeep]
|-damage|p2a: Pelipper|28/100 brn|[from] brn
|upkeep
|turn|24
|
|t:|1769447520
|-end|p1a: Walking Wake|Protosynthesis|[silent]
|switch|p1a: Torkoal|Torkoal, M|74/100
|-weather|SunnyDay|[from] ability: Drought|[of] p1a: Torkoal
|move|p2a: Pelipper|Roost|p2a: Pelipper
|-heal|p2a: Pelipper|78/100 brn
|-singleturn|p2a: Pelipper|move: Roost
|
|-weather|SunnyDay|[upkeep]
|-damage|p2a: Pelipper|72/100 brn|[from] brn
|upkeep
|turn|25
|
|t:|1769447525
|switch|p1a: Walking Wake|Walking Wake|44/100
|-activate|p1a: Walking Wake|ability: Protosynthesis
|-start|p1a: Walking Wake|protosynthesisspe
|move|p2a: Pelipper|U-turn|p1a: Walking Wake
|-damage|p1a: Walking Wake|39/100
|
|t:|1769447538
|switch|p2a: Crawdaunt|Crawdaunt, M|88/100|[from] U-turn
|-damage|p2a: Crawdaunt|76/100|[from] Stealth Rock
|
|-weather|SunnyDay|[upkeep]
|upkeep
|turn|26
|
|t:|1769447548
|switch|p2a: Metagross|Metagross|100/100
|-damage|p2a: Metagross|94/100|[from] Stealth Rock
|move|p1a: Walking Wake|Draco Meteor|p2a: Metagross
|-resisted|p2a: Metagross
|-damage|p2a: Metagross|42/100
|-unboost|p1a: Walking Wake|spa|2
|
|-weather|SunnyDay|[upkeep]
|-heal|p2a: Metagross|48/100|[from] item: Leftovers
|upkeep
|turn|27
|inactive|droste has 120 seconds left.
|
|t:|1769447582
|-end|p1a: Walking Wake|Protosynthesis|[silent]
|switch|p1a: Torkoal|Torkoal, M|74/100
|move|p2a: Metagross|Body Press|p1a: Torkoal
|-damage|p1a: Torkoal|57/100
|
|-weather|SunnyDay|[upkeep]
|-heal|p2a: Metagross|54/100|[from] item: Leftovers
|upkeep
|turn|28
|inactive|droste has 120 seconds left.
|
|t:|1769447593
|switch|p2a: Pelipper|Pelipper, F|72/100 brn
|-damage|p2a: Pelipper|47/100 brn|[from] Stealth Rock
|-weather|RainDance|[from] ability: Drizzle|[of] p2a: Pelipper
|move|p1a: Torkoal|Lava Plume|p2a: Pelipper
|-resisted|p2a: Pelipper
|-damage|p2a: Pelipper|39/100 brn
|
|-weather|RainDance|[upkeep]
|-damage|p2a: Pelipper|32/100 brn|[from] brn
|upkeep
|turn|29
|inactive|droste has 120 seconds left.
|
|t:|1769447604
|switch|p1a: Walking Wake|Walking Wake|39/100
|move|p2a: Pelipper|Hurricane|p1a: Walking Wake
|-damage|p1a: Walking Wake|0 fnt
|faint|p1a: Walking Wake
|-end|p1a: Walking Wake|Protosynthesis|[silent]
|
|-weather|RainDance|[upkeep]
|-damage|p2a: Pelipper|26/100 brn|[from] brn
|upkeep
|
|t:|1769447607
|switch|p1a: Torkoal|Torkoal, M|57/100
|-weather|SunnyDay|[from] ability: Drought|[of] p1a: Torkoal
|turn|30
|
|t:|1769447615
|switch|p1a: Great Tusk|Great Tusk|26/100
|-activate|p1a: Great Tusk|ability: Protosynthesis
|-start|p1a: Great Tusk|protosynthesisatk
|move|p2a: Pelipper|Roost|p2a: Pelipper
|-heal|p2a: Pelipper|76/100 brn
|-singleturn|p2a: Pelipper|move: Roost
|
|-weather|SunnyDay|[upkeep]
|-damage|p2a: Pelipper|70/100 brn|[from] brn
|upkeep
|turn|31
|
|t:|1769447633
|move|p1a: Great Tusk|Knock Off|p2a: Pelipper
|-damage|p2a: Pelipper|35/100 brn
|-enditem|p2a: Pelipper|Damp Rock|[from] move: Knock Off|[of] p1a: Great Tusk
|move|p2a: Pelipper|Weather Ball|p1a: Great Tusk
|-damage|p1a: Great Tusk|0 fnt
|faint|p1a: Great Tusk
|-end|p1a: Great Tusk|Protosynthesis|[silent]
|
|-weather|SunnyDay|[upkeep]
|-damage|p2a: Pelipper|29/100 brn|[from] brn
|upkeep
|
|t:|1769447636
|switch|p1a: Ceruledge|Ceruledge, M|1/100
|turn|32
|
|t:|1769447650
|switch|p2a: Metagross|Metagross|54/100
|-damage|p2a: Metagross|48/100|[from] Stealth Rock
|move|p1a: Ceruledge|Solar Blade||[still]
|-prepare|p1a: Ceruledge|Solar Blade
|-anim|p1a: Ceruledge|Solar Blade|p2a: Metagross
|-resisted|p2a: Metagross
|-damage|p2a: Metagross|35/100
|
|-weather|SunnyDay|[upkeep]
|-heal|p2a: Metagross|41/100|[from] item: Leftovers
|upkeep
|turn|33
|
|t:|1769447657
|move|p1a: Ceruledge|Bitter Blade|p2a: Metagross
|-supereffective|p2a: Metagross
|-damage|p2a: Metagross|0 fnt
|-heal|p1a: Ceruledge|26/100|[from] drain|[of] p2a: Metagross
|faint|p2a: Metagross
|
|-weather|SunnyDay|[upkeep]
|upkeep
|
|t:|1769447660
|switch|p2a: Crawdaunt|Crawdaunt, M|76/100
|-damage|p2a: Crawdaunt|63/100|[from] Stealth Rock
|turn|34
|
|t:|1769447669
|move|p2a: Crawdaunt|Aqua Jet|p1a: Ceruledge
|-supereffective|p1a: Ceruledge
|-damage|p1a: Ceruledge|0 fnt
|faint|p1a: Ceruledge
|
|-weather|SunnyDay|[upkeep]
|upkeep
|
|t:|1769447671
|switch|p1a: Torkoal|Torkoal, M|57/100
|turn|35
|-message|droste forfeited.
|
|win|tytardefuego
|raw|droste's rating: 1210 &rarr; <strong>1187</strong><br />(-23 for losing)
|raw|tytardefuego's rating: 1244 &rarr; <strong>1267</strong><br />(+23 for winning)
|l|☆droste
|player|p1|
