|inactive|Battle timer is ON: inactive players will automatically lose when time's up.
|t:|1769372803
|gametype|singles
|player|p1|Peum|miku-grass|
|player|p2|robjr|#splxviicryonicles|
|gen|9
|tier|[Gen 9] OU
|rule|HP Percentage Mod: HP is shown in percentages
|rule|Endless Battle Clause: Forcing endless battles is banned
|rule|Species Clause: Limit one of each Pokémon
|rule|OHKO Clause: OHKO moves are banned
|rule|Evasion Items Clause: Evasion items are banned
|rule|Evasion Moves Clause: Evasion moves are banned
|rule|Evasion Abilities Clause: Evasion abilities are banned
|rule|Sleep Moves Clause: Sleep-inducing moves are banned
|clearpoke
|poke|p1|Pecharunt|
|poke|p1|Kingambit, F|
|poke|p1|Volcanion|
|poke|p1|Iron Valiant|
|poke|p1|Landorus-Therian, M|
|poke|p1|Deoxys-Speed|
|poke|p2|Iron Valiant|
|poke|p2|Tornadus-Therian, M|
|poke|p2|Kyurem|
|poke|p2|Gholdengo|
|poke|p2|Great Tusk|
|poke|p2|Garchomp, F|
|teampreview
|c|☆Peum|hf
|c|☆robjr|hf
|inactive|Peum has 270 seconds left.
|inactive|Peum has 240 seconds left.
|
|t:|1769372875
|teamsize|p1|6
|teamsize|p2|6
|start
|switch|p1a: Volcanion|Volcanion|100/100
|switch|p2a: Kyurem|Kyurem|100/100
|-ability|p2a: Kyurem|Pressure
|turn|1
|inactive|robjr has 270 seconds left.
|
|t:|1769372907
|move|p2a: Kyurem|Dragon Dance|p2a: Kyurem
|-boost|p2a: Kyurem|atk|1
|-boost|p2a: Kyurem|spe|1
|move|p1a: Volcanion|Overheat|p2a: Kyurem
|-damage|p2a: Kyurem|29/100
|-unboost|p1a: Volcanion|spa|2
|-enditem|p1a: Volcanion|Eject Pack
|inactive|Peum has 270 seconds left.
|
|t:|1769372919
|switch|p1a: Iron Valiant|Iron Valiant|100/100
|-enditem|p1a: Iron Valiant|Booster Energy
|-activate|p1a: Iron Valiant|ability: Quark Drive|[fromitem]
|-start|p1a: Iron Valiant|quarkdrivespe
|
|upkeep
|turn|2
|
|t:|1769372929
|switch|p2a: Gholdengo|Gholdengo|100/100
|move|p1a: Iron Valiant|Moonblast|p2a: Gholdengo
|-resisted|p2a: Gholdengo
|-damage|p2a: Gholdengo|77/100
|
|upkeep
|turn|3
|
|t:|1769372935
|move|p1a: Iron Valiant|Substitute|p1a: Iron Valiant
|-start|p1a: Iron Valiant|Substitute
|-damage|p1a: Iron Valiant|76/100
|move|p2a: Gholdengo|Make It Rain|p1a: Iron Valiant
|-supereffective|p1a: Iron Valiant
|-end|p1a: Iron Valiant|Substitute
|-unboost|p2a: Gholdengo|spa|1
|
|upkeep
|turn|4
|inactive|Peum has 270 seconds left.
|
|t:|1769372980
|-end|p1a: Iron Valiant|Quark Drive|[silent]
|switch|p1a: Volcanion|Volcanion|100/100
|move|p2a: Gholdengo|Shadow Ball|p1a: Volcanion
|-damage|p1a: Volcanion|74/100
|
|upkeep
|turn|5
|
|t:|1769372991
|switch|p2a: Tornadus|Tornadus-Therian, M|100/100
|move|p1a: Volcanion|Steam Eruption|p2a: Tornadus
|-damage|p2a: Tornadus|60/100
|
|upkeep
|turn|6
|
|t:|1769373000
|move|p2a: Tornadus|Bleakwind Storm|p1a: Volcanion|[miss]
|-miss|p2a: Tornadus|p1a: Volcanion
|move|p1a: Volcanion|Overheat|p2a: Tornadus
|-damage|p2a: Tornadus|7/100
|-unboost|p1a: Volcanion|spa|2
|
|upkeep
|turn|7
|
|t:|1769373009
|switch|p2a: Garchomp|Garchomp, F|100/100
|move|p1a: Volcanion|Will-O-Wisp|p2a: Garchomp
|-status|p2a: Garchomp|brn
|
|-damage|p2a: Garchomp|94/100 brn|[from] brn
|upkeep
|turn|8
|
|t:|1769373016
|switch|p1a: Deoxys|Deoxys-Speed|100/100
|-ability|p1a: Deoxys|Pressure
|move|p2a: Garchomp|Stealth Rock|p1a: Deoxys
|-sidestart|p1: Peum|move: Stealth Rock
|
|-damage|p2a: Garchomp|88/100 brn|[from] brn
|upkeep
|turn|9
|
|t:|1769373020
|move|p1a: Deoxys|Spikes|p2a: Garchomp
|-sidestart|p2: robjr|Spikes
|move|p2a: Garchomp|Spikes|p1a: Deoxys
|-sidestart|p1: Peum|Spikes
|
|-damage|p2a: Garchomp|82/100 brn|[from] brn
|upkeep
|turn|10
|
|t:|1769373032
|move|p1a: Deoxys|Spikes|p2a: Garchomp
|-sidestart|p2: robjr|Spikes
|move|p2a: Garchomp|Spikes|p1a: Deoxys
|-sidestart|p1: Peum|Spikes
|
|-damage|p2a: Garchomp|76/100 brn|[from] brn
|upkeep
|turn|11
|
|t:|1769373035
|move|p1a: Deoxys|Spikes|p2a: Garchomp
|-sidestart|p2: robjr|Spikes
|move|p2a: Garchomp|Spikes|p1a: Deoxys
|-sidestart|p1: Peum|Spikes
|
|-damage|p2a: Garchomp|69/100 brn|[from] brn
|upkeep
|turn|12
|
|t:|1769373042
|switch|p2a: Kyurem|Kyurem|29/100
|-damage|p2a: Kyurem|4/100|[from] Spikes
|-ability|p2a: Kyurem|Pressure
|move|p1a: Deoxys|Knock Off|p2a: Kyurem
|-damage|p2a: Kyurem|0 fnt
|-enditem|p2a: Kyurem|Loaded Dice|[from] move: Knock Off|[of] p1a: Deoxys
|faint|p2a: Kyurem
|
|upkeep
|
|t:|1769373047
|switch|p2a: Tornadus|Tornadus-Therian, M|40/100
|turn|13
|
|t:|1769373052
|move|p1a: Deoxys|Psycho Boost|p2a: Tornadus
|-damage|p2a: Tornadus|0 fnt
|-unboost|p1a: Deoxys|spa|2
|faint|p2a: Tornadus
|-enditem|p1a: Deoxys|Eject Pack
|
|t:|1769373055
|switch|p1a: Landorus|Landorus-Therian, M|100/100
|-damage|p1a: Landorus|88/100|[from] Stealth Rock
|
|upkeep
|
|t:|1769373064
|switch|p2a: Great Tusk|Great Tusk|100/100
|-damage|p2a: Great Tusk|76/100|[from] Spikes
|turn|14
|
|t:|1769373074
|switch|p1a: Pecharunt|Pecharunt|100/100
|move|p2a: Great Tusk|Headlong Rush|p1a: Pecharunt
|-supereffective|p1a: Pecharunt
|-damage|p1a: Pecharunt|27/100
|-unboost|p2a: Great Tusk|def|1
|-unboost|p2a: Great Tusk|spd|1
|
|upkeep
|turn|15
|
|t:|1769373080
|move|p1a: Pecharunt|Shadow Ball|p2a: Great Tusk
|-damage|p2a: Great Tusk|37/100
|move|p2a: Great Tusk|Headlong Rush|p1a: Pecharunt
|-supereffective|p1a: Pecharunt
|-damage|p1a: Pecharunt|0 fnt
|-unboost|p2a: Great Tusk|def|1
|-unboost|p2a: Great Tusk|spd|1
|faint|p1a: Pecharunt
|
|upkeep
|
|t:|1769373084
|switch|p1a: Landorus|Landorus-Therian, M|88/100
|-damage|p1a: Landorus|76/100|[from] Stealth Rock
|-ability|p1a: Landorus|Intimidate|boost
|-unboost|p2a: Great Tusk|atk|1
|turn|16
|
|t:|1769373093
|move|p1a: Landorus|Earthquake|p2a: Great Tusk
|-damage|p2a: Great Tusk|0 fnt
|faint|p2a: Great Tusk
|-end|p2a: Great Tusk|Protosynthesis|[silent]
|
|upkeep
|
|t:|1769373098
|switch|p2a: Iron Valiant|Iron Valiant|100/100
|-damage|p2a: Iron Valiant|76/100|[from] Spikes
|-enditem|p2a: Iron Valiant|Booster Energy
|-activate|p2a: Iron Valiant|ability: Quark Drive|[fromitem]
|-start|p2a: Iron Valiant|quarkdrivespe
|turn|17
|
|t:|1769373102
|move|p2a: Iron Valiant|Swords Dance|p2a: Iron Valiant
|-boost|p2a: Iron Valiant|atk|2
|move|p1a: Landorus|Earthquake|p2a: Iron Valiant
|-damage|p2a: Iron Valiant|11/100
|
|upkeep
|turn|18
|
|t:|1769373111
|switch|p1a: Volcanion|Volcanion|74/100
|-damage|p1a: Volcanion|49/100|[from] Stealth Rock
|-damage|p1a: Volcanion|25/100|[from] Spikes
|move|p2a: Iron Valiant|Knock Off|p1a: Volcanion
|-damage|p1a: Volcanion|0 fnt
|faint|p1a: Volcanion
|
|upkeep
|
|t:|1769373113
|switch|p1a: Landorus|Landorus-Therian, M|76/100
|-damage|p1a: Landorus|63/100|[from] Stealth Rock
|-ability|p1a: Landorus|Intimidate|boost
|-unboost|p2a: Iron Valiant|atk|1
|turn|19
|
|t:|1769373115
|move|p2a: Iron Valiant|Knock Off|p1a: Landorus
|-damage|p1a: Landorus|12/100
|-damage|p2a: Iron Valiant|0 fnt|[from] item: Rocky Helmet|[of] p1a: Landorus
|faint|p2a: Iron Valiant
|-end|p2a: Iron Valiant|Quark Drive|[silent]
|move|p1a: Landorus|Earthquake|p2: Iron Valiant|[notarget]
|-fail|p1a: Landorus
|
|upkeep
|
|t:|1769373121
|switch|p2a: Garchomp|Garchomp, F|69/100 brn
|-damage|p2a: Garchomp|44/100 brn|[from] Spikes
|turn|20
|
|t:|1769373125
|move|p1a: Landorus|Earthquake|p2a: Garchomp
|-damage|p2a: Garchomp|10/100 brn
|move|p2a: Garchomp|Stone Edge|p1a: Landorus
|-crit|p1a: Landorus
|-damage|p1a: Landorus|0 fnt
|faint|p1a: Landorus
|
|-damage|p2a: Garchomp|4/100 brn|[from] brn
|upkeep
|
|t:|1769373128
|switch|p1a: Iron Valiant|Iron Valiant|76/100
|-damage|p1a: Iron Valiant|69/100|[from] Stealth Rock
|-damage|p1a: Iron Valiant|44/100|[from] Spikes
|turn|21
|
|t:|1769373133
|move|p1a: Iron Valiant|Moonblast|p2a: Garchomp
|-supereffective|p2a: Garchomp
|-damage|p2a: Garchomp|0 fnt
|faint|p2a: Garchomp
|
|upkeep
|
|t:|1769373135
|switch|p2a: Gholdengo|Gholdengo|77/100
|-damage|p2a: Gholdengo|52/100|[from] Spikes
|turn|22
|
|t:|1769373139
|move|p1a: Iron Valiant|Shadow Ball|p2a: Gholdengo
|-supereffective|p2a: Gholdengo
|-damage|p2a: Gholdengo|0 fnt
|faint|p2a: Gholdengo
|
|win|Peum
|c|☆Peum|gg
|c|☆robjr|gg
