|j|☆flan727
|j|☆JD2Sleepy
|t:|1769324103
|gametype|singles
|player|p1|flan727|parasollady-gen4|1682
|player|p2|JD2Sleepy|blackbelt-gen4dp|1606
|gen|9
|tier|[Gen 9] OU
|rated|
|rule|HP Percentage Mod: HP is shown in percentages
|rule|Endless Battle Clause: Forcing endless battles is banned
|rule|Species Clause: Limit one of each Pokémon
|rule|OHKO Clause: OHKO moves are banned
|rule|Evasion Items Clause: Evasion items are banned
|rule|Evasion Moves Clause: Evasion moves are banned
|rule|Evasion Abilities Clause: Evasion abilities are banned
|rule|Sleep Moves Clause: Sleep-inducing moves are banned
|clearpoke
|poke|p1|Gholdengo|
|poke|p1|Darkrai|
|poke|p1|Clefable, F|
|poke|p1|Ting-Lu|
|poke|p1|Dragonite, F|
|poke|p1|Pecharunt|
|poke|p2|Glimmora, F|
|poke|p2|Kyurem|
|poke|p2|Sableye, M|
|poke|p2|Zamazenta-*|
|poke|p2|Ditto|
|poke|p2|Kingambit, M|
|teampreview
|c|☆flan727|hf
|
|t:|1769324117
|teamsize|p1|6
|teamsize|p2|6
|start
|switch|p1a: Darkrai|Darkrai|100/100
|switch|p2a: Gët Busy|Zamazenta|100/100
|-ability|p2a: Gët Busy|Dauntless Shield|boost
|-boost|p2a: Gët Busy|def|1
|turn|1
|
|t:|1769324132
|switch|p1a: Gholdengo|Gholdengo|100/100
|switch|p2a: VwV|Glimmora, F|100/100
|
|upkeep
|turn|2
|
|t:|1769324138
|move|p1a: Gholdengo|Make It Rain|p2a: VwV
|-supereffective|p2a: VwV
|-enditem|p2a: VwV|Focus Sash
|-damage|p2a: VwV|1/100
|-unboost|p1a: Gholdengo|spa|1
|move|p2a: VwV|Stealth Rock|p1a: Gholdengo
|-sidestart|p1: flan727|move: Stealth Rock
|
|upkeep
|turn|3
|
|t:|1769324147
|switch|p1a: Pecharunt|Pecharunt|100/100
|switch|p2a: Don'tLetItBeYou|Ditto, shiny|100/100
|-transform|p2a: Don'tLetItBeYou|p1a: Pecharunt|[from] ability: Imposter
|
|upkeep
|turn|4
|
|t:|1769324161
|move|p2a: Don'tLetItBeYou|Shadow Ball|p1a: Pecharunt
|-supereffective|p1a: Pecharunt
|-damage|p1a: Pecharunt|48/100
|move|p1a: Pecharunt|Shadow Ball|p2a: Don'tLetItBeYou
|-supereffective|p2a: Don'tLetItBeYou
|-damage|p2a: Don'tLetItBeYou|40/100
|
|upkeep
|turn|5
|
|t:|1769324167
|switch|p2a: Gët Busy|Zamazenta|100/100
|switch|p1a: Darkrai|Darkrai|100/100
|
|upkeep
|turn|6
|j| cyphertests
|inactive|Battle timer is ON: inactive players will automatically lose when time's up. (requested by flan727)
|
|t:|1769324204
|switch|p1a: Clefable|Clefable, F|100/100
|move|p2a: Gët Busy|Close Combat|p1a: Clefable
|-resisted|p1a: Clefable
|-damage|p1a: Clefable|49/100
|-unboost|p2a: Gët Busy|def|1
|-unboost|p2a: Gët Busy|spd|1
|
|upkeep
|turn|7
|
|t:|1769324211
|switch|p2a: 平和|Kingambit, M|100/100
|switch|p1a: Pecharunt|Pecharunt|48/100
|
|upkeep
|turn|8
|
|t:|1769324219
|switch|p1a: Ting-Lu|Ting-Lu|100/100
|-damage|p1a: Ting-Lu|94/100|[from] Stealth Rock
|-ability|p1a: Ting-Lu|Vessel of Ruin
|move|p2a: 平和|Swords Dance|p2a: 平和
|-boost|p2a: 平和|atk|2
|
|upkeep
|turn|9
|
|t:|1769324223
|move|p2a: 平和|Iron Head|p1a: Ting-Lu
|-damage|p1a: Ting-Lu|43/100
|-enditem|p1a: Ting-Lu|Red Card|[of] p2a: 平和
|-end|p2a: 平和|fallenundefined|[silent]
|drag|p2a: Don'tLetItBeYou|Ditto, shiny|40/100
|-transform|p2a: Don'tLetItBeYou|p1a: Ting-Lu|[from] ability: Imposter
|-ability|p2a: Don'tLetItBeYou|Vessel of Ruin
|move|p1a: Ting-Lu|Stealth Rock|p2a: Don'tLetItBeYou
|-sidestart|p2: JD2Sleepy|move: Stealth Rock
|
|upkeep
|turn|10
|
|t:|1769324233
|move|p2a: Don'tLetItBeYou|Spikes|p1a: Ting-Lu
|-sidestart|p1: flan727|Spikes
|move|p1a: Ting-Lu|Spikes|p2a: Don'tLetItBeYou
|-sidestart|p2: JD2Sleepy|Spikes
|
|upkeep
|turn|11
|
|t:|1769324235
|move|p2a: Don'tLetItBeYou|Spikes|p1a: Ting-Lu
|-sidestart|p1: flan727|Spikes
|move|p1a: Ting-Lu|Spikes|p2a: Don'tLetItBeYou
|-sidestart|p2: JD2Sleepy|Spikes
|
|upkeep
|turn|12
|
|t:|1769324237
|move|p2a: Don'tLetItBeYou|Spikes|p1a: Ting-Lu
|-sidestart|p1: flan727|Spikes
|move|p1a: Ting-Lu|Spikes|p2a: Don'tLetItBeYou
|-sidestart|p2: JD2Sleepy|Spikes
|
|upkeep
|turn|13
|
|t:|1769324245
|switch|p2a: VwV|Glimmora, F|1/100
|-damage|p2a: VwV|0 fnt|[from] Stealth Rock
|faint|p2a: VwV
|move|p1a: Ting-Lu|Ruination|p2: VwV|[notarget]
|-fail|p1a: Ting-Lu
|
|upkeep
|
|t:|1769324258
|switch|p2a: Jet Black|Kyurem|100/100
|-damage|p2a: Jet Black|76/100|[from] Stealth Rock
|-damage|p2a: Jet Black|51/100|[from] Spikes
|-ability|p2a: Jet Black|Pressure
|turn|14
|
|t:|1769324265
|move|p2a: Jet Black|Icicle Spear|p1a: Ting-Lu
|-supereffective|p1a: Ting-Lu
|-damage|p1a: Ting-Lu|28/100
|-supereffective|p1a: Ting-Lu
|-damage|p1a: Ting-Lu|13/100
|-supereffective|p1a: Ting-Lu
|-damage|p1a: Ting-Lu|0 fnt
|faint|p1a: Ting-Lu
|-hitcount|p1: Ting-Lu|3
|
|upkeep
|
|t:|1769324270
|switch|p1a: Gholdengo|Gholdengo|100/100
|-damage|p1a: Gholdengo|94/100|[from] Stealth Rock
|-damage|p1a: Gholdengo|70/100|[from] Spikes
|turn|15
|
|t:|1769324276
|move|p1a: Gholdengo|Make It Rain|p2a: Jet Black
|-supereffective|p2a: Jet Black
|-crit|p2a: Jet Black
|-damage|p2a: Jet Black|0 fnt
|-unboost|p1a: Gholdengo|spa|1
|faint|p2a: Jet Black
|
|upkeep
|
|t:|1769324280
|switch|p2a: 平和|Kingambit, M|100/100
|-damage|p2a: 平和|94/100|[from] Stealth Rock
|-damage|p2a: 平和|70/100|[from] Spikes
|-activate|p2a: 平和|ability: Supreme Overlord
|-start|p2a: 平和|fallen2|[silent]
|turn|16
|
|t:|1769324286
|switch|p1a: Dragonite|Dragonite, F|100/100
|move|p2a: 平和|Iron Head|p1a: Dragonite
|-damage|p1a: Dragonite|67/100
|
|upkeep
|turn|17
|
|t:|1769324292
|move|p1a: Dragonite|Earthquake|p2a: 平和
|-supereffective|p2a: 平和
|-damage|p2a: 平和|13/100
|move|p2a: 平和|Kowtow Cleave|p1a: Dragonite
|-damage|p1a: Dragonite|0 fnt
|faint|p1a: Dragonite
|
|upkeep
|
|t:|1769324295
|switch|p1a: Darkrai|Darkrai|100/100
|turn|18
|
|t:|1769324298
|move|p2a: 平和|Sucker Punch|p1a: Darkrai
|-resisted|p1a: Darkrai
|-damage|p1a: Darkrai|62/100
|move|p1a: Darkrai|Dark Pulse|p2a: 平和
|-resisted|p2a: 平和
|-damage|p2a: 平和|0 fnt
|faint|p2a: 平和
|-end|p2a: 平和|fallen2|[silent]
|
|upkeep
|
|t:|1769324304
|switch|p2a: Gët Busy|Zamazenta|100/100
|-damage|p2a: Gët Busy|94/100|[from] Stealth Rock
|-damage|p2a: Gët Busy|69/100|[from] Spikes
|turn|19
|
|t:|1769324312
|switch|p1a: Clefable|Clefable, F|49/100
|move|p2a: Gët Busy|Close Combat|p1a: Clefable
|-resisted|p1a: Clefable
|-damage|p1a: Clefable|0 fnt
|-unboost|p2a: Gët Busy|def|1
|-unboost|p2a: Gët Busy|spd|1
|faint|p1a: Clefable
|
|upkeep
|
|t:|1769324329
|switch|p1a: Gholdengo|Gholdengo|70/100
|-damage|p1a: Gholdengo|64/100|[from] Stealth Rock
|-damage|p1a: Gholdengo|39/100|[from] Spikes
|turn|20
|
|t:|1769324337
|move|p1a: Gholdengo|Trick|p2a: Gët Busy
|-activate|p1a: Gholdengo|move: Trick|[of] p2a: Gët Busy
|-item|p2a: Gët Busy|Choice Scarf|[from] move: Trick
|-item|p1a: Gholdengo|Choice Band|[from] move: Trick
|move|p2a: Gët Busy|Close Combat|p1a: Gholdengo
|-immune|p1a: Gholdengo
|
|upkeep
|turn|21
|
|t:|1769324347
|move|p2a: Gët Busy|Close Combat|p1a: Gholdengo
|-immune|p1a: Gholdengo
|move|p1a: Gholdengo|Thunder Wave|p2a: Gët Busy|[miss]
|-miss|p1a: Gholdengo|p2a: Gët Busy
|
|upkeep
|turn|22
|
|t:|1769324351
|switch|p2a: Don'tLetItBeYou|Ditto, shiny|40/100
|-damage|p2a: Don'tLetItBeYou|28/100|[from] Stealth Rock
|-damage|p2a: Don'tLetItBeYou|3/100|[from] Spikes
|-transform|p2a: Don'tLetItBeYou|p1a: Gholdengo|[from] ability: Imposter
|move|p1a: Gholdengo|Thunder Wave|p2a: Don'tLetItBeYou
|-immune|p2a: Don'tLetItBeYou|[from] ability: Good as Gold
|
|upkeep
|turn|23
|
|t:|1769324358
|move|p2a: Don'tLetItBeYou|Shadow Ball|p1a: Gholdengo
|-supereffective|p1a: Gholdengo
|-damage|p1a: Gholdengo|0 fnt
|faint|p1a: Gholdengo
|
|upkeep
|
|t:|1769324360
|switch|p1a: Darkrai|Darkrai|62/100
|turn|24
|
|t:|1769324371
|move|p2a: Don'tLetItBeYou|Shadow Ball|p1a: Darkrai
|-resisted|p1a: Darkrai
|-damage|p1a: Darkrai|33/100
|move|p1a: Darkrai|Knock Off|p2a: Don'tLetItBeYou
|-supereffective|p2a: Don'tLetItBeYou
|-damage|p2a: Don'tLetItBeYou|0 fnt
|-enditem|p2a: Don'tLetItBeYou|Choice Scarf|[from] move: Knock Off|[of] p1a: Darkrai
|faint|p2a: Don'tLetItBeYou
|
|upkeep
|
|t:|1769324374
|switch|p2a: Gët Busy|Zamazenta|69/100
|-damage|p2a: Gët Busy|63/100|[from] Stealth Rock
|-damage|p2a: Gët Busy|38/100|[from] Spikes
|turn|25
|inactive|flan727 has 120 seconds left.
|
|t:|1769324410
|move|p2a: Gët Busy|Crunch|p1a: Darkrai
|-resisted|p1a: Darkrai
|-damage|p1a: Darkrai|14/100
|move|p1a: Darkrai|Thunder Wave|p2a: Gët Busy
|-status|p2a: Gët Busy|par
|
|upkeep
|turn|26
|inactive|flan727 has 120 seconds left.
|
|t:|1769324425
|move|p1a: Darkrai|Dark Pulse|p2a: Gët Busy
|-resisted|p2a: Gët Busy
|-damage|p2a: Gët Busy|18/100 par
|cant|p2a: Gët Busy|flinch
|
|upkeep
|turn|27
|
|t:|1769324428
|move|p1a: Darkrai|Ice Beam|p2a: Gët Busy
|-damage|p2a: Gët Busy|0 fnt
|faint|p2a: Gët Busy
|
|upkeep
|
|t:|1769324429
|switch|p2a: Good As Bricks|Sableye, M, shiny|100/100
|-damage|p2a: Good As Bricks|88/100|[from] Stealth Rock
|-damage|p2a: Good As Bricks|63/100|[from] Spikes
|turn|28
|
|t:|1769324434
|move|p1a: Darkrai|Dark Pulse|p2a: Good As Bricks
|-damage|p2a: Good As Bricks|0 fnt
|faint|p2a: Good As Bricks
|
|win|flan727
|raw|flan727's rating: 1682 &rarr; <strong>1698</strong><br />(+16 for winning)
|raw|JD2Sleepy's rating: 1606 &rarr; <strong>1590</strong><br />(-16 for losing)
|l|☆JD2Sleepy
|player|p2|
|l|☆flan727
|player|p1|
|l| cyphertests
