|j|☆vishalv996
|j|☆splitstick
|t:|1769409230
|gametype|singles
|player|p1|vishalv996|wallace|1219
|player|p2|splitstick|lucas|1213
|gen|9
|tier|[Gen 9] OU
|rated|
|rule|HP Percentage Mod: HP is shown in percentages
|rule|Endless Battle Clause: Forcing endless battles is banned
|rule|Species Clause: Limit one of each Pokémon
|rule|OHKO Clause: OHKO moves are banned
|rule|Evasion Items Clause: Evasion items are banned
|rule|Evasion Moves Clause: Evasion moves are banned
|rule|Evasion Abilities Clause: Evasion abilities are banned
|rule|Sleep Moves Clause: Sleep-inducing moves are banned
|clearpoke
|poke|p1|Ogerpon-Wellspring, F|
|poke|p1|Ceruledge, M|
|poke|p1|Kingambit, M|
|poke|p1|Iron Treads|
|poke|p1|Electivire, F|
|poke|p1|Darkrai|
|poke|p2|Deoxys-Speed|
|poke|p2|Ceruledge, M|
|poke|p2|Zamazenta-*|
|poke|p2|Ogerpon-Wellspring, F|
|poke|p2|Glimmora, F|
|poke|p2|Moltres-Galar|
|teampreview
|
|t:|1769409260
|teamsize|p1|6
|teamsize|p2|6
|start
|switch|p1a: Iron Treads|Iron Treads|100/100
|switch|p2a: Deoxys|Deoxys-Speed|100/100
|-ability|p2a: Deoxys|Pressure
|-enditem|p1a: Iron Treads|Booster Energy
|-activate|p1a: Iron Treads|ability: Quark Drive|[fromitem]
|-start|p1a: Iron Treads|quarkdriveatk
|turn|1
|
|t:|1769409288
|move|p2a: Deoxys|Reflect|p2a: Deoxys
|-sidestart|p2: splitstick|Reflect
|move|p1a: Iron Treads|Iron Head|p2a: Deoxys
|-damage|p2a: Deoxys|73/100
|
|upkeep
|turn|2
|
|t:|1769409303
|move|p2a: Deoxys|Light Screen|p2a: Deoxys
|-sidestart|p2: splitstick|move: Light Screen
|move|p1a: Iron Treads|Ice Spinner|p2a: Deoxys
|-damage|p2a: Deoxys|53/100
|
|upkeep
|turn|3
|
|t:|1769409319
|move|p2a: Deoxys|Psycho Boost|p1a: Iron Treads
|-resisted|p1a: Iron Treads
|-damage|p1a: Iron Treads|70/100
|-unboost|p2a: Deoxys|spa|2
|move|p1a: Iron Treads|Ice Spinner|p2a: Deoxys
|-damage|p2a: Deoxys|33/100
|
|upkeep
|turn|4
|
|t:|1769409333
|switch|p2a: Glimmora|Glimmora, F|100/100
|move|p1a: Iron Treads|Ice Spinner|p2a: Glimmora
|-damage|p2a: Glimmora|81/100
|-activate|p2a: Glimmora|ability: Toxic Debris
|-sidestart|p1: vishalv996|move: Toxic Spikes
|
|upkeep
|turn|5
|
|t:|1769409342
|move|p1a: Iron Treads|Iron Head|p2a: Glimmora
|-supereffective|p2a: Glimmora
|-damage|p2a: Glimmora|22/100
|-activate|p2a: Glimmora|ability: Toxic Debris
|-sidestart|p1: vishalv996|move: Toxic Spikes
|cant|p2a: Glimmora|flinch
|
|upkeep
|turn|6
|
|t:|1769409369
|switch|p2a: Moltres|Moltres-Galar|100/100
|move|p1a: Iron Treads|Earthquake|p2a: Moltres
|-immune|p2a: Moltres
|
|upkeep
|turn|7
|
|t:|1769409383
|move|p1a: Iron Treads|Ice Spinner|p2a: Moltres
|-supereffective|p2a: Moltres
|-damage|p2a: Moltres|63/100
|move|p2a: Moltres|Fiery Wrath|p1a: Iron Treads
|-damage|p1a: Iron Treads|10/100
|
|upkeep
|turn|8
|
|t:|1769409393
|move|p1a: Iron Treads|Rapid Spin|p2a: Moltres
|-crit|p2a: Moltres
|-damage|p2a: Moltres|26/100
|-boost|p1a: Iron Treads|spe|1
|-sideend|p1: vishalv996|Toxic Spikes|[from] move: Rapid Spin|[of] p1a: Iron Treads
|-ability|p2a: Moltres|Berserk|boost
|-boost|p2a: Moltres|spa|1
|-enditem|p2a: Moltres|Sitrus Berry|[eat]
|-heal|p2a: Moltres|51/100|[from] item: Sitrus Berry
|move|p2a: Moltres|Fiery Wrath|p1a: Iron Treads
|-crit|p1a: Iron Treads
|-damage|p1a: Iron Treads|0 fnt
|faint|p1a: Iron Treads
|-end|p1a: Iron Treads|Quark Drive|[silent]
|
|-sideend|p2: splitstick|Reflect
|upkeep
|
|t:|1769409418
|switch|p1a: Electivire|Electivire, F|100/100
|turn|9
|
|t:|1769409428
|-terastallize|p2a: Moltres|Fairy
|move|p1a: Electivire|Ice Punch|p2a: Moltres
|-damage|p2a: Moltres|21/100
|-ability|p2a: Moltres|Berserk|boost
|-boost|p2a: Moltres|spa|1
|move|p2a: Moltres|Nasty Plot|p2a: Moltres
|-boost|p2a: Moltres|spa|2
|
|-sideend|p2: splitstick|move: Light Screen
|upkeep
|turn|10
|
|t:|1769409446
|move|p1a: Electivire|Earthquake|p2a: Moltres
|-damage|p2a: Moltres|0 fnt
|faint|p2a: Moltres
|
|upkeep
|
|t:|1769409459
|switch|p2a: Deoxys|Deoxys-Speed|33/100
|-ability|p2a: Deoxys|Pressure
|turn|11
|
|t:|1769409468
|move|p2a: Deoxys|Psycho Boost|p1a: Electivire
|-damage|p1a: Electivire|42/100
|-unboost|p2a: Deoxys|spa|2
|move|p1a: Electivire|Earthquake|p2a: Deoxys
|-damage|p2a: Deoxys|0 fnt
|faint|p2a: Deoxys
|
|upkeep
|
|t:|1769409479
|switch|p2a: Ogerpon|Ogerpon-Wellspring, F|100/100
|turn|12
|
|t:|1769409484
|move|p2a: Ogerpon|Horn Leech|p1a: Electivire
|-damage|p1a: Electivire|0 fnt
|faint|p1a: Electivire
|
|upkeep
|
|t:|1769409492
|switch|p1a: Darkrai|Darkrai|100/100
|turn|13
|
|t:|1769409500
|move|p1a: Darkrai|Ice Beam|p2a: Ogerpon
|-damage|p2a: Ogerpon|61/100
|move|p2a: Ogerpon|Swords Dance|p2a: Ogerpon
|-boost|p2a: Ogerpon|atk|2
|
|upkeep
|turn|14
|
|t:|1769409510
|move|p1a: Darkrai|Thunder|p2a: Ogerpon
|-damage|p2a: Ogerpon|16/100
|move|p2a: Ogerpon|Ivy Cudgel|p1a: Darkrai|[anim] Ivy Cudgel Water
|-enditem|p1a: Darkrai|Focus Sash
|-damage|p1a: Darkrai|1/100
|
|upkeep
|turn|15
|
|t:|1769409521
|move|p1a: Darkrai|Ice Beam|p2a: Ogerpon
|-damage|p2a: Ogerpon|0 fnt
|faint|p2a: Ogerpon
|
|upkeep
|
|t:|1769409532
|switch|p2a: Zamazenta|Zamazenta|100/100
|-ability|p2a: Zamazenta|Dauntless Shield|boost
|-boost|p2a: Zamazenta|def|1
|turn|16
|
|t:|1769409537
|move|p2a: Zamazenta|Body Press|p1a: Darkrai
|-supereffective|p1a: Darkrai
|-damage|p1a: Darkrai|0 fnt
|faint|p1a: Darkrai
|
|upkeep
|
|t:|1769409543
|switch|p1a: Ogerpon|Ogerpon-Wellspring, F|100/100
|turn|17
|
|t:|1769409550
|move|p2a: Zamazenta|Iron Defense|p2a: Zamazenta
|-boost|p2a: Zamazenta|def|2
|move|p1a: Ogerpon|Knock Off|p2a: Zamazenta
|-resisted|p2a: Zamazenta
|-damage|p2a: Zamazenta|95/100
|-enditem|p2a: Zamazenta|Leftovers|[from] move: Knock Off|[of] p1a: Ogerpon
|
|upkeep
|turn|18
|
|t:|1769409558
|move|p2a: Zamazenta|Body Press|p1a: Ogerpon
|-damage|p1a: Ogerpon|0 fnt
|faint|p1a: Ogerpon
|
|upkeep
|
|t:|1769409563
|switch|p1a: Ceruledge|Ceruledge, M|100/100
|turn|19
|
|t:|1769409581
|move|p1a: Ceruledge|Poltergeist||[still]
|-fail|p1a: Ceruledge
|move|p2a: Zamazenta|Roar|p1a: Ceruledge
|drag|p1a: Kingambit|Kingambit, M|100/100
|-activate|p1a: Kingambit|ability: Supreme Overlord
|-start|p1a: Kingambit|fallen4|[silent]
|
|upkeep
|turn|20
|
|t:|1769409589
|-end|p1a: Kingambit|fallen4|[silent]
|switch|p1a: Ceruledge|Ceruledge, M|100/100
|move|p2a: Zamazenta|Body Press|p1a: Ceruledge
|-immune|p1a: Ceruledge
|
|upkeep
|turn|21
|
|t:|1769409597
|move|p2a: Zamazenta|Heavy Slam|p1a: Ceruledge
|-resisted|p1a: Ceruledge
|-damage|p1a: Ceruledge|86/100
|-ability|p1a: Ceruledge|Weak Armor|boost
|-unboost|p1a: Ceruledge|def|1
|-boost|p1a: Ceruledge|spe|2
|move|p1a: Ceruledge|Bitter Blade|p2a: Zamazenta
|-damage|p2a: Zamazenta|80/100
|-heal|p1a: Ceruledge|94/100|[from] drain|[of] p2a: Zamazenta
|
|upkeep
|turn|22
|
|t:|1769409611
|move|p1a: Ceruledge|Destiny Bond|p1a: Ceruledge
|-singlemove|p1a: Ceruledge|Destiny Bond
|move|p2a: Zamazenta|Heavy Slam|p1a: Ceruledge
|-resisted|p1a: Ceruledge
|-damage|p1a: Ceruledge|72/100
|-ability|p1a: Ceruledge|Weak Armor|boost
|-unboost|p1a: Ceruledge|def|1
|-boost|p1a: Ceruledge|spe|2
|
|upkeep
|turn|23
|
|t:|1769409626
|switch|p2a: Glimmora|Glimmora, F|22/100
|move|p1a: Ceruledge|Swords Dance|p1a: Ceruledge
|-boost|p1a: Ceruledge|atk|2
|
|upkeep
|turn|24
|
|t:|1769409636
|move|p1a: Ceruledge|Poltergeist|p2a: Glimmora
|-activate|p2a: Glimmora|move: Poltergeist|Power Herb
|-damage|p2a: Glimmora|0 fnt
|-activate|p2a: Glimmora|ability: Toxic Debris
|-sidestart|p1: vishalv996|move: Toxic Spikes
|faint|p2a: Glimmora
|
|upkeep
|
|t:|1769409643
|switch|p2a: Ceruledge|Ceruledge, M|100/100
|turn|25
|
|t:|1769409652
|move|p2a: Ceruledge|Shadow Sneak|p1a: Ceruledge
|-supereffective|p1a: Ceruledge
|-crit|p1a: Ceruledge
|-damage|p1a: Ceruledge|0 fnt
|faint|p1a: Ceruledge
|-damage|p2a: Ceruledge|91/100|[from] item: Life Orb
|
|upkeep
|
|t:|1769409657
|switch|p1a: Kingambit|Kingambit, M|100/100
|-activate|p1a: Kingambit|ability: Supreme Overlord
|-start|p1a: Kingambit|fallen5|[silent]
|turn|26
|
|t:|1769409665
|move|p2a: Ceruledge|Poltergeist|p1a: Kingambit
|-activate|p1a: Kingambit|move: Poltergeist|Focus Sash
|-resisted|p1a: Kingambit
|-damage|p1a: Kingambit|69/100
|-damage|p2a: Ceruledge|81/100|[from] item: Life Orb
|move|p1a: Kingambit|Kowtow Cleave|p2a: Ceruledge
|-supereffective|p2a: Ceruledge
|-damage|p2a: Ceruledge|0 fnt
|faint|p2a: Ceruledge
|
|upkeep
|
|t:|1769409675
|switch|p2a: Zamazenta|Zamazenta|80/100
|turn|27
|
|t:|1769409680
|-terastallize|p1a: Kingambit|Fairy
|move|p2a: Zamazenta|Body Press|p1a: Kingambit
|-resisted|p1a: Kingambit
|-damage|p1a: Kingambit|55/100
|move|p1a: Kingambit|Kowtow Cleave|p2a: Zamazenta
|-resisted|p2a: Zamazenta
|-damage|p2a: Zamazenta|56/100
|
|upkeep
|turn|28
|
|t:|1769409693
|move|p1a: Kingambit|Sucker Punch|p2a: Zamazenta
|-resisted|p2a: Zamazenta
|-damage|p2a: Zamazenta|36/100
|move|p2a: Zamazenta|Heavy Slam|p1a: Kingambit
|-supereffective|p1a: Kingambit
|-damage|p1a: Kingambit|40/100
|
|upkeep
|turn|29
|
|t:|1769409705
|move|p2a: Zamazenta|Heavy Slam|p1a: Kingambit
|-supereffective|p1a: Kingambit
|-damage|p1a: Kingambit|24/100
|move|p1a: Kingambit|Kowtow Cleave|p2a: Zamazenta
|-resisted|p2a: Zamazenta
|-damage|p2a: Zamazenta|10/100
|
|upkeep
|turn|30
|
|t:|1769409713
|move|p1a: Kingambit|Sucker Punch|p2a: Zamazenta
|-resisted|p2a: Zamazenta
|-damage|p2a: Zamazenta|0 fnt
|faint|p2a: Zamazenta
|
|win|vishalv996
|raw|vishalv996's rating: 1219 &rarr; <strong>1244</strong><br />(+25 for winning)
|raw|splitstick's rating: 1213 &rarr; <strong>1188</strong><br />(-25 for losing)
|l|☆vishalv996
|player|p1|
|l|☆splitstick
|player|p2|
