|j|☆AAD520
|j|☆Iostyle
|t:|1769338027
|gametype|singles
|player|p1|AAD520|265|1308
|player|p2|Iostyle|paxton|1299
|gen|9
|tier|[Gen 9] OU
|rated|
|rule|HP Percentage Mod: HP is shown in percentages
|rule|Endless Battle Clause: Forcing endless battles is banned
|rule|Species Clause: Limit one of each Pokémon
|rule|OHKO Clause: OHKO moves are banned
|rule|Evasion Items Clause: Evasion items are banned
|rule|Evasion Moves Clause: Evasion moves are banned
|rule|Evasion Abilities Clause: Evasion abilities are banned
|rule|Sleep Moves Clause: Sleep-inducing moves are banned
|clearpoke
|poke|p1|Diancie|
|poke|p1|Eelektross, F|
|poke|p1|Kleavor, F|
|poke|p1|Samurott-Hisui, M|
|poke|p1|Mudsdale, M|
|poke|p1|Milotic, F|
|poke|p2|Gholdengo|
|poke|p2|Zamazenta-*|
|poke|p2|Primarina, F|
|poke|p2|Deoxys-Speed|
|poke|p2|Darkrai|
|poke|p2|Ogerpon-Wellspring, F|
|teampreview
|inactive|Battle timer is ON: inactive players will automatically lose when time's up. (requested by Iostyle)
|
|t:|1769338050
|teamsize|p1|6
|teamsize|p2|6
|start
|switch|p1a: Kleavor|Kleavor, F|100/100
|switch|p2a: Primarina|Primarina, F|100/100
|turn|1
|
|t:|1769338063
|move|p1a: Kleavor|Stone Axe|p2a: Primarina
|-damage|p2a: Primarina|19/100
|-sidestart|p2: Iostyle|move: Stealth Rock
|move|p2a: Primarina|Moonblast|p1a: Kleavor
|-damage|p1a: Kleavor|7/100
|-unboost|p1a: Kleavor|spa|1
|
|upkeep
|turn|2
|
|t:|1769338072
|switch|p2a: Zamazenta|Zamazenta|100/100
|-damage|p2a: Zamazenta|94/100|[from] Stealth Rock
|-ability|p2a: Zamazenta|Dauntless Shield|boost
|-boost|p2a: Zamazenta|def|1
|move|p1a: Kleavor|Stone Axe|p2a: Zamazenta
|-resisted|p2a: Zamazenta
|-damage|p2a: Zamazenta|82/100
|
|-heal|p2a: Zamazenta|88/100|[from] item: Leftovers
|upkeep
|turn|3
|
|t:|1769338078
|switch|p1a: Mudsdale|Mudsdale, M|100/100
|move|p2a: Zamazenta|Iron Defense|p2a: Zamazenta
|-boost|p2a: Zamazenta|def|2
|
|-heal|p2a: Zamazenta|94/100|[from] item: Leftovers
|upkeep
|turn|4
|
|t:|1769338086
|move|p2a: Zamazenta|Body Press|p1a: Mudsdale
|-damage|p1a: Mudsdale|54/100
|-damage|p2a: Zamazenta|78/100|[from] item: Rocky Helmet|[of] p1a: Mudsdale
|-ability|p1a: Mudsdale|Stamina|boost
|-boost|p1a: Mudsdale|def|1
|move|p1a: Mudsdale|Earthquake|p2a: Zamazenta
|-damage|p2a: Zamazenta|65/100
|
|-heal|p2a: Zamazenta|71/100|[from] item: Leftovers
|upkeep
|turn|5
|
|t:|1769338094
|move|p1a: Mudsdale|Body Press|p2a: Zamazenta
|-damage|p2a: Zamazenta|59/100
|move|p2a: Zamazenta|Roar|p1a: Mudsdale
|drag|p1a: Eelektross|Eelektross, F|100/100
|
|-heal|p2a: Zamazenta|65/100|[from] item: Leftovers
|upkeep
|turn|6
|
|t:|1769338100
|move|p2a: Zamazenta|Body Press|p1a: Eelektross
|-damage|p1a: Eelektross|22/100
|move|p1a: Eelektross|Discharge|p2a: Zamazenta
|-damage|p2a: Zamazenta|34/100
|
|-heal|p2a: Zamazenta|40/100|[from] item: Leftovers
|-heal|p1a: Eelektross|28/100|[from] item: Leftovers
|upkeep
|turn|7
|
|t:|1769338108
|move|p2a: Zamazenta|Body Press|p1a: Eelektross
|-damage|p1a: Eelektross|0 fnt
|faint|p1a: Eelektross
|
|-heal|p2a: Zamazenta|47/100|[from] item: Leftovers
|upkeep
|
|t:|1769338113
|switch|p1a: Diancie|Diancie|100/100
|turn|8
|
|t:|1769338128
|-terastallize|p1a: Diancie|Poison
|move|p2a: Zamazenta|Body Press|p1a: Diancie
|-resisted|p1a: Diancie
|-damage|p1a: Diancie|66/100
|move|p1a: Diancie|Diamond Storm|p2a: Zamazenta
|-resisted|p2a: Zamazenta
|-damage|p2a: Zamazenta|42/100
|
|-heal|p2a: Zamazenta|48/100|[from] item: Leftovers
|-heal|p1a: Diancie|73/100|[from] item: Leftovers
|upkeep
|turn|9
|
|t:|1769338137
|move|p2a: Zamazenta|Body Press|p1a: Diancie
|-resisted|p1a: Diancie
|-damage|p1a: Diancie|39/100
|move|p1a: Diancie|Draining Kiss|p2a: Zamazenta
|-supereffective|p2a: Zamazenta
|-damage|p2a: Zamazenta|21/100
|-heal|p1a: Diancie|65/100|[from] drain|[of] p2a: Zamazenta
|
|-heal|p2a: Zamazenta|28/100|[from] item: Leftovers
|-heal|p1a: Diancie|71/100|[from] item: Leftovers
|upkeep
|turn|10
|
|t:|1769338143
|move|p1a: Diancie|Draining Kiss|p2a: Zamazenta
|-supereffective|p2a: Zamazenta
|-damage|p2a: Zamazenta|0 fnt
|-heal|p1a: Diancie|97/100|[from] drain|[of] p2a: Zamazenta
|faint|p2a: Zamazenta
|
|-heal|p1a: Diancie|100/100|[from] item: Leftovers
|upkeep
|
|t:|1769338146
|switch|p2a: Deoxys|Deoxys-Speed|100/100
|-damage|p2a: Deoxys|88/100|[from] Stealth Rock
|-ability|p2a: Deoxys|Pressure
|turn|11
|
|t:|1769338160
|switch|p1a: Milotic|Milotic, F|100/100
|move|p2a: Deoxys|Psycho Boost|p1a: Milotic
|-damage|p1a: Milotic|72/100
|-unboost|p2a: Deoxys|spa|2
|
|-heal|p1a: Milotic|79/100|[from] item: Leftovers
|upkeep
|turn|12
|
|t:|1769338168
|move|p2a: Deoxys|Light Screen|p2a: Deoxys
|-sidestart|p2: Iostyle|move: Light Screen
|move|p1a: Milotic|Whirlpool|p2a: Deoxys
|-damage|p2a: Deoxys|80/100
|-activate|p2a: Deoxys|move: Whirlpool|[of] p1a: Milotic
|
|-heal|p1a: Milotic|85/100|[from] item: Leftovers
|-damage|p2a: Deoxys|68/100|[from] move: Whirlpool|[partiallytrapped]
|upkeep
|turn|13
|
|t:|1769338174
|move|p2a: Deoxys|Reflect|p2a: Deoxys
|-sidestart|p2: Iostyle|Reflect
|move|p1a: Milotic|Scald|p2a: Deoxys
|-damage|p2a: Deoxys|51/100
|
|-heal|p1a: Milotic|91/100|[from] item: Leftovers
|-damage|p2a: Deoxys|39/100|[from] move: Whirlpool|[partiallytrapped]
|upkeep
|turn|14
|
|t:|1769338182
|move|p2a: Deoxys|Psycho Boost|p1a: Milotic
|-damage|p1a: Milotic|78/100
|-unboost|p2a: Deoxys|spa|2
|move|p1a: Milotic|Whirlpool|p2a: Deoxys|[miss]
|-miss|p1a: Milotic|p2a: Deoxys
|
|-heal|p1a: Milotic|84/100|[from] item: Leftovers
|-damage|p2a: Deoxys|27/100|[from] move: Whirlpool|[partiallytrapped]
|upkeep
|turn|15
|
|t:|1769338194
|move|p2a: Deoxys|Psycho Boost|p1a: Milotic
|-damage|p1a: Milotic|74/100
|-unboost|p2a: Deoxys|spa|2
|move|p1a: Milotic|Whirlpool|p2a: Deoxys
|-damage|p2a: Deoxys|20/100
|
|-heal|p1a: Milotic|80/100|[from] item: Leftovers
|-damage|p2a: Deoxys|7/100|[from] move: Whirlpool|[partiallytrapped]
|upkeep
|turn|16
|
|t:|1769338206
|move|p2a: Deoxys|Psycho Boost|p1a: Milotic
|-damage|p1a: Milotic|74/100
|move|p1a: Milotic|Whirlpool|p2a: Deoxys
|-damage|p2a: Deoxys|0 fnt
|faint|p2a: Deoxys
|
|-heal|p1a: Milotic|80/100|[from] item: Leftovers
|upkeep
|
|t:|1769338212
|switch|p2a: Ogerpon|Ogerpon-Wellspring, F|100/100
|-damage|p2a: Ogerpon|88/100|[from] Stealth Rock
|turn|17
|
|t:|1769338223
|switch|p1a: Diancie|Diancie, tera:Poison|100/100
|move|p2a: Ogerpon|Swords Dance|p2a: Ogerpon
|-boost|p2a: Ogerpon|atk|2
|
|upkeep
|turn|18
|
|t:|1769338237
|switch|p1a: Mudsdale|Mudsdale, M|54/100
|move|p2a: Ogerpon|Ivy Cudgel|p1a: Mudsdale|[anim] Ivy Cudgel Water
|-supereffective|p1a: Mudsdale
|-damage|p1a: Mudsdale|0 fnt
|faint|p1a: Mudsdale
|
|upkeep
|
|t:|1769338246
|switch|p1a: Kleavor|Kleavor, F|7/100
|turn|19
|
|t:|1769338249
|move|p1a: Kleavor|U-turn|p2a: Ogerpon
|-supereffective|p2a: Ogerpon
|-crit|p2a: Ogerpon
|-damage|p2a: Ogerpon|0 fnt
|faint|p2a: Ogerpon
|c|☆Iostyle|ofc crit its normal
|
|t:|1769338260
|switch|p1a: Milotic|Milotic, F|80/100|[from] U-turn
|
|-heal|p1a: Milotic|86/100|[from] item: Leftovers
|-sideend|p2: Iostyle|move: Light Screen
|upkeep
|
|t:|1769338265
|switch|p2a: Gholdengo|Gholdengo|100/100
|-damage|p2a: Gholdengo|94/100|[from] Stealth Rock
|-item|p2a: Gholdengo|Air Balloon
|turn|20
|
|t:|1769338271
|move|p2a: Gholdengo|Nasty Plot|p2a: Gholdengo
|-boost|p2a: Gholdengo|spa|2
|move|p1a: Milotic|Whirlpool|p2a: Gholdengo|[miss]
|-miss|p1a: Milotic|p2a: Gholdengo
|
|-heal|p1a: Milotic|92/100|[from] item: Leftovers
|-sideend|p2: Iostyle|Reflect
|upkeep
|turn|21
|
|t:|1769338280
|move|p2a: Gholdengo|Shadow Ball|p1a: Milotic
|-damage|p1a: Milotic|42/100
|move|p1a: Milotic|Whirlpool|p2a: Gholdengo
|-damage|p2a: Gholdengo|81/100
|-activate|p2a: Gholdengo|move: Whirlpool|[of] p1a: Milotic
|-enditem|p2a: Gholdengo|Air Balloon
|
|-heal|p1a: Milotic|48/100|[from] item: Leftovers
|-damage|p2a: Gholdengo|68/100|[from] move: Whirlpool|[partiallytrapped]
|upkeep
|turn|22
|
|t:|1769338292
|move|p2a: Gholdengo|Shadow Ball|p1a: Milotic
|-damage|p1a: Milotic|0 fnt
|faint|p1a: Milotic
|
|-end|p2a: Gholdengo|Whirlpool|[partiallytrapped]|[silent]
|upkeep
|
|t:|1769338299
|switch|p1a: Samurott|Samurott-Hisui, M|100/100
|turn|23
|
|t:|1769338302
|move|p2a: Gholdengo|Focus Blast|p1a: Samurott|[miss]
|-miss|p2a: Gholdengo|p1a: Samurott
|move|p1a: Samurott|Ceaseless Edge|p2a: Gholdengo
|-supereffective|p2a: Gholdengo
|-damage|p2a: Gholdengo|0 fnt
|-sidestart|p2: Iostyle|Spikes
|faint|p2a: Gholdengo
|
|upkeep
|c|☆Iostyle|and i miss
|
|t:|1769338315
|switch|p2a: Darkrai|Darkrai|100/100
|-damage|p2a: Darkrai|88/100|[from] Stealth Rock
|-damage|p2a: Darkrai|76/100|[from] Spikes
|turn|24
|
|t:|1769338326
|move|p2a: Darkrai|Sludge Bomb|p1a: Samurott
|-damage|p1a: Samurott|50/100
|move|p1a: Samurott|Ceaseless Edge|p2a: Darkrai
|-resisted|p2a: Darkrai
|-damage|p2a: Darkrai|30/100
|-sidestart|p2: Iostyle|Spikes
|
|upkeep
|turn|25
|
|t:|1769338333
|move|p2a: Darkrai|Sludge Bomb|p1a: Samurott
|-damage|p1a: Samurott|5/100
|move|p1a: Samurott|Ceaseless Edge|p2a: Darkrai
|-resisted|p2a: Darkrai
|-damage|p2a: Darkrai|0 fnt
|-sidestart|p2: Iostyle|Spikes
|faint|p2a: Darkrai
|
|upkeep
|
|t:|1769338337
|switch|p2a: Primarina|Primarina, F|19/100
|-damage|p2a: Primarina|6/100|[from] Stealth Rock
|-damage|p2a: Primarina|0 fnt|[from] Spikes
|faint|p2a: Primarina
|
|win|AAD520
|raw|AAD520's rating: 1308 &rarr; <strong>1327</strong><br />(+19 for winning)
|raw|Iostyle's rating: 1299 &rarr; <strong>1275</strong><br />(-24 for losing)
|l|☆AAD520
|player|p1|
|l|☆Iostyle
|player|p2|
