|j|☆smoore996
|j|☆famus123
|t:|1769305046
|gametype|singles
|player|p1|smoore996|clown|
|player|p2|famus123|265|
|gen|9
|tier|[Gen 9] OU
|rule|HP Percentage Mod: HP is shown in percentages
|rule|Endless Battle Clause: Forcing endless battles is banned
|rule|Species Clause: Limit one of each Pokémon
|rule|OHKO Clause: OHKO moves are banned
|rule|Evasion Items Clause: Evasion items are banned
|rule|Evasion Moves Clause: Evasion moves are banned
|rule|Evasion Abilities Clause: Evasion abilities are banned
|rule|Sleep Moves Clause: Sleep-inducing moves are banned
|clearpoke
|poke|p1|Tyranitar, M|
|poke|p1|Houndstone, F|
|poke|p1|Dragapult, M|
|poke|p1|Mabosstiff, F|
|poke|p1|Armarouge, M|
|poke|p1|Corviknight, M|
|poke|p2|Weavile, F|
|poke|p2|Pecharunt|
|poke|p2|Ting-Lu|
|poke|p2|Tinkaton, F|
|poke|p2|Keldeo-Resolute|
|poke|p2|Dragonite, F|
|teampreview
|
|t:|1769305062
|teamsize|p1|6
|teamsize|p2|6
|start
|switch|p1a: Dragapult|Dragapult, M, shiny|100/100
|switch|p2a: Tinkaton|Tinkaton, F|100/100
|-item|p2a: Tinkaton|Air Balloon
|turn|1
|inactive|Battle timer is ON: inactive players will automatically lose when time's up. (requested by famus123)
|
|t:|1769305070
|move|p1a: Dragapult|Will-O-Wisp|p2a: Tinkaton
|-status|p2a: Tinkaton|brn
|move|p2a: Tinkaton|Thunder Wave|p1a: Dragapult
|-status|p1a: Dragapult|par
|
|-damage|p2a: Tinkaton|94/100 brn|[from] brn
|upkeep
|turn|2
|
|t:|1769305080
|move|p2a: Tinkaton|Stealth Rock|p1a: Dragapult
|-sidestart|p1: smoore996|move: Stealth Rock
|move|p1a: Dragapult|Hex|p2a: Tinkaton
|-damage|p2a: Tinkaton|41/100 brn
|-enditem|p2a: Tinkaton|Air Balloon
|
|-damage|p2a: Tinkaton|35/100 brn|[from] brn
|upkeep
|turn|3
|
|t:|1769305091
|switch|p1a: Corviknight|Corviknight, M, shiny|100/100
|-damage|p1a: Corviknight|88/100|[from] Stealth Rock
|-ability|p1a: Corviknight|Pressure
|move|p2a: Tinkaton|Gigaton Hammer|p1a: Corviknight
|-resisted|p1a: Corviknight
|-damage|p1a: Corviknight|81/100
|
|-heal|p1a: Corviknight|87/100|[from] item: Leftovers
|-damage|p2a: Tinkaton|29/100 brn|[from] brn
|upkeep
|turn|4
|
|t:|1769305099
|move|p2a: Tinkaton|Thunder Wave|p1a: Corviknight
|-status|p1a: Corviknight|par
|move|p1a: Corviknight|Defog|p2a: Tinkaton
|-unboost|p2a: Tinkaton|evasion|1
|-sideend|p1: smoore996|Stealth Rock|[from] move: Defog|[of] p1a: Corviknight
|
|-heal|p1a: Corviknight|94/100 par|[from] item: Leftovers
|-damage|p2a: Tinkaton|22/100 brn|[from] brn
|upkeep
|turn|5
|
|t:|1769305105
|move|p2a: Tinkaton|Stealth Rock|p1a: Corviknight
|-sidestart|p1: smoore996|move: Stealth Rock
|move|p1a: Corviknight|Brave Bird|p2a: Tinkaton
|-resisted|p2a: Tinkaton
|-damage|p2a: Tinkaton|3/100 brn
|-damage|p1a: Corviknight|88/100 par|[from] Recoil
|-enditem|p1a: Corviknight|Leftovers|[silent]|[from] ability: Pickpocket|[of] p1a: Corviknight
|-item|p2a: Tinkaton|Leftovers|[from] ability: Pickpocket|[of] p1a: Corviknight
|
|-heal|p2a: Tinkaton|9/100 brn|[from] item: Leftovers
|-damage|p2a: Tinkaton|3/100 brn|[from] brn
|upkeep
|turn|6
|
|t:|1769305108
|move|p2a: Tinkaton|Encore|p1a: Corviknight
|-start|p1a: Corviknight|Encore
|move|p1a: Corviknight|Brave Bird|p2a: Tinkaton
|-resisted|p2a: Tinkaton
|-damage|p2a: Tinkaton|0 fnt
|faint|p2a: Tinkaton
|-damage|p1a: Corviknight|87/100 par|[from] Recoil
|
|upkeep
|
|t:|1769305134
|switch|p2a: Pecharunt|Pecharunt|100/100
|turn|7
|
|t:|1769305136
|move|p2a: Pecharunt|Hex|p1a: Corviknight
|-damage|p1a: Corviknight|44/100 par
|move|p1a: Corviknight|Brave Bird|p2a: Pecharunt
|-damage|p2a: Pecharunt|83/100
|-damage|p1a: Corviknight|39/100 par|[from] Recoil
|
|upkeep
|turn|8
|
|t:|1769305141
|switch|p1a: Tyranitar|Tyranitar, M, shiny|100/100
|-damage|p1a: Tyranitar|88/100|[from] Stealth Rock
|-weather|Sandstorm|[from] ability: Sand Stream|[of] p1a: Tyranitar
|move|p2a: Pecharunt|Parting Shot|p1a: Tyranitar
|-unboost|p1a: Tyranitar|atk|1
|-unboost|p1a: Tyranitar|spa|1
|
|t:|1769305158
|switch|p2a: Keldeo|Keldeo-Resolute|100/100|[from] Parting Shot
|
|-weather|Sandstorm|[upkeep]
|-damage|p2a: Keldeo|94/100|[from] Sandstorm
|upkeep
|turn|9
|
|t:|1769305179
|switch|p1a: Houndstone|Houndstone, F|100/100
|-damage|p1a: Houndstone|88/100|[from] Stealth Rock
|move|p2a: Keldeo|Flip Turn|p1a: Houndstone
|-damage|p1a: Houndstone|71/100
|
|t:|1769305194
|switch|p2a: Ting-Lu|Ting-Lu|100/100|[from] Flip Turn
|-ability|p2a: Ting-Lu|Vessel of Ruin
|
|-weather|Sandstorm|[upkeep]
|upkeep
|turn|10
|
|t:|1769305212
|move|p1a: Houndstone|Play Rough|p2a: Ting-Lu
|-supereffective|p2a: Ting-Lu
|-damage|p2a: Ting-Lu|55/100
|-damage|p1a: Houndstone|55/100|[from] item: Rocky Helmet|[of] p2a: Ting-Lu
|move|p2a: Ting-Lu|Earthquake|p1a: Houndstone
|-damage|p1a: Houndstone|12/100
|
|-weather|Sandstorm|[upkeep]
|upkeep
|turn|11
|
|t:|1769305222
|switch|p1a: Corviknight|Corviknight, M, shiny|39/100 par
|-damage|p1a: Corviknight|26/100 par|[from] Stealth Rock
|-ability|p1a: Corviknight|Pressure
|move|p2a: Ting-Lu|Earthquake|p1a: Corviknight
|-immune|p1a: Corviknight
|
|-weather|Sandstorm|[upkeep]
|upkeep
|turn|12
|
|t:|1769305225
|switch|p2a: Keldeo|Keldeo-Resolute|94/100
|move|p1a: Corviknight|Defog|p2a: Keldeo
|-unboost|p2a: Keldeo|evasion|1
|-sideend|p1: smoore996|Stealth Rock|[from] move: Defog|[of] p1a: Corviknight
|
|-weather|Sandstorm|[upkeep]
|-damage|p2a: Keldeo|88/100|[from] Sandstorm
|upkeep
|turn|13
|
|t:|1769305229
|move|p2a: Keldeo|Secret Sword|p1a: Corviknight
|-damage|p1a: Corviknight|1/100 par
|move|p1a: Corviknight|Brave Bird|p2a: Keldeo
|-supereffective|p2a: Keldeo
|-damage|p2a: Keldeo|0 fnt
|faint|p2a: Keldeo
|-damage|p1a: Corviknight|0 fnt|[from] Recoil
|faint|p1a: Corviknight
|
|-weather|Sandstorm|[upkeep]
|upkeep
|
|t:|1769305251
|switch|p2a: Ting-Lu|Ting-Lu|55/100
|switch|p1a: Houndstone|Houndstone, F|12/100
|-ability|p2a: Ting-Lu|Vessel of Ruin
|turn|14
|
|t:|1769305277
|move|p1a: Houndstone|Play Rough|p2a: Ting-Lu
|-supereffective|p2a: Ting-Lu
|-damage|p2a: Ting-Lu|12/100
|-damage|p1a: Houndstone|0 fnt|[from] item: Rocky Helmet|[of] p2a: Ting-Lu
|faint|p1a: Houndstone
|move|p2a: Ting-Lu|Earthquake|p1: Houndstone|[notarget]
|-fail|p2a: Ting-Lu
|
|-weather|Sandstorm|[upkeep]
|upkeep
|
|t:|1769305285
|switch|p1a: Mabosstiff|Mabosstiff, F, shiny|100/100
|turn|15
|
|t:|1769305291
|move|p1a: Mabosstiff|Crunch|p2a: Ting-Lu
|-resisted|p2a: Ting-Lu
|-damage|p2a: Ting-Lu|0 fnt
|-damage|p1a: Mabosstiff|84/100|[from] item: Rocky Helmet|[of] p2a: Ting-Lu
|faint|p2a: Ting-Lu
|
|-weather|none
|upkeep
|
|t:|1769305297
|switch|p2a: Dragonite|Dragonite, F|100/100
|turn|16
|
|t:|1769305315
|switch|p1a: Tyranitar|Tyranitar, M, shiny|88/100
|-weather|Sandstorm|[from] ability: Sand Stream|[of] p1a: Tyranitar
|move|p2a: Dragonite|Earthquake|p1a: Tyranitar
|-supereffective|p1a: Tyranitar
|-damage|p1a: Tyranitar|31/100
|
|-weather|Sandstorm|[upkeep]
|-damage|p2a: Dragonite|94/100|[from] Sandstorm
|upkeep
|turn|17
|
|t:|1769305320
|move|p2a: Dragonite|Earthquake|p1a: Tyranitar
|-supereffective|p1a: Tyranitar
|-damage|p1a: Tyranitar|0 fnt
|faint|p1a: Tyranitar
|
|-weather|Sandstorm|[upkeep]
|-damage|p2a: Dragonite|88/100|[from] Sandstorm
|upkeep
|
|t:|1769305324
|switch|p1a: Mabosstiff|Mabosstiff, F, shiny|84/100
|turn|18
|
|t:|1769305330
|switch|p2a: Pecharunt|Pecharunt|83/100
|move|p1a: Mabosstiff|Play Rough|p2a: Pecharunt|[miss]
|-miss|p1a: Mabosstiff|p2a: Pecharunt
|
|-weather|Sandstorm|[upkeep]
|-damage|p1a: Mabosstiff|78/100|[from] Sandstorm
|-damage|p2a: Pecharunt|77/100|[from] Sandstorm
|upkeep
|turn|19
|
|t:|1769305335
|switch|p1a: Dragapult|Dragapult, M, shiny|100/100 par
|move|p2a: Pecharunt|Parting Shot|p1a: Dragapult
|-unboost|p1a: Dragapult|atk|1
|-unboost|p1a: Dragapult|spa|1
|
|t:|1769305339
|switch|p2a: Weavile|Weavile, F|100/100|[from] Parting Shot
|-ability|p2a: Weavile|Pressure
|
|-weather|Sandstorm|[upkeep]
|-damage|p2a: Weavile|94/100|[from] Sandstorm
|-damage|p1a: Dragapult|95/100 par|[from] Sandstorm
|upkeep
|turn|20
|
|t:|1769305361
|-terastallize|p1a: Dragapult|Steel
|move|p2a: Weavile|Knock Off|p1a: Dragapult
|-damage|p1a: Dragapult|33/100 par
|-enditem|p1a: Dragapult|Heavy-Duty Boots|[from] move: Knock Off|[of] p2a: Weavile
|move|p1a: Dragapult|Will-O-Wisp|p2a: Weavile
|-status|p2a: Weavile|brn
|
|-weather|Sandstorm|[upkeep]
|-damage|p2a: Weavile|88/100 brn|[from] Sandstorm
|-damage|p2a: Weavile|82/100 brn|[from] brn
|upkeep
|turn|21
|
|t:|1769305367
|move|p2a: Weavile|Swords Dance|p2a: Weavile
|-boost|p2a: Weavile|atk|2
|move|p1a: Dragapult|Hex|p2a: Weavile
|-resisted|p2a: Weavile
|-damage|p2a: Weavile|57/100 brn
|
|-weather|Sandstorm|[upkeep]
|-damage|p2a: Weavile|51/100 brn|[from] Sandstorm
|-damage|p2a: Weavile|45/100 brn|[from] brn
|upkeep
|turn|22
|
|t:|1769305374
|move|p2a: Weavile|Knock Off|p1a: Dragapult
|-damage|p1a: Dragapult|0 fnt
|faint|p1a: Dragapult
|
|-weather|Sandstorm|[upkeep]
|-damage|p2a: Weavile|39/100 brn|[from] Sandstorm
|-damage|p2a: Weavile|33/100 brn|[from] brn
|upkeep
|
|t:|1769305375
|switch|p1a: Armarouge|Armarouge, M, shiny|100/100
|turn|23
|
|t:|1769305378
|move|p2a: Weavile|Knock Off|p1a: Armarouge
|-supereffective|p1a: Armarouge
|-damage|p1a: Armarouge|11/100
|-ability|p1a: Armarouge|Weak Armor|boost
|-unboost|p1a: Armarouge|def|1
|-boost|p1a: Armarouge|spe|2
|-enditem|p1a: Armarouge|Weakness Policy
|-boost|p1a: Armarouge|atk|2|[from] item: Weakness Policy
|-boost|p1a: Armarouge|spa|2|[from] item: Weakness Policy
|move|p1a: Armarouge|Aura Sphere|p2a: Weavile
|-supereffective|p2a: Weavile
|-damage|p2a: Weavile|0 fnt
|faint|p2a: Weavile
|
|-weather|none
|upkeep
|
|t:|1769305384
|switch|p2a: Dragonite|Dragonite, F|88/100
|turn|24
|
|t:|1769305387
|move|p2a: Dragonite|Extreme Speed|p1a: Armarouge
|-damage|p1a: Armarouge|0 fnt
|faint|p1a: Armarouge
|
|upkeep
|
|t:|1769305390
|switch|p1a: Mabosstiff|Mabosstiff, F, shiny|78/100
|turn|25
|
|t:|1769305405
|-terastallize|p2a: Dragonite|Normal
|move|p2a: Dragonite|Extreme Speed|p1a: Mabosstiff
|-damage|p1a: Mabosstiff|19/100
|move|p1a: Mabosstiff|Crunch|p2a: Dragonite
|-damage|p2a: Dragonite|26/100
|
|upkeep
|turn|26
|
|t:|1769305411
|move|p2a: Dragonite|Extreme Speed|p1a: Mabosstiff
|-damage|p1a: Mabosstiff|0 fnt
|faint|p1a: Mabosstiff
|
|win|famus123
|l|☆smoore996
|player|p1|
