|j|☆Yaoshi
|j|☆Above ur wayss
|t:|1769420577
|gametype|singles
|player|p1|Yaoshi|silver-masters|1561
|player|p2|Above ur wayss|101|1623
|gen|9
|tier|[Gen 9] OU
|rated|
|rule|HP Percentage Mod: HP is shown in percentages
|rule|Endless Battle Clause: Forcing endless battles is banned
|rule|Species Clause: Limit one of each Pokémon
|rule|OHKO Clause: OHKO moves are banned
|rule|Evasion Items Clause: Evasion items are banned
|rule|Evasion Moves Clause: Evasion moves are banned
|rule|Evasion Abilities Clause: Evasion abilities are banned
|rule|Sleep Moves Clause: Sleep-inducing moves are banned
|clearpoke
|poke|p1|Cinderace, M|
|poke|p1|Dragonite, M|
|poke|p1|Iron Valiant|
|poke|p1|Snorlax, F|
|poke|p1|Primarina, M|
|poke|p1|Skarmory, F|
|poke|p2|Kyurem|
|poke|p2|Cinderace, F|
|poke|p2|Landorus-Therian, M|
|poke|p2|Kingambit, M|
|poke|p2|Glimmora, M|
|poke|p2|Dragapult, M|
|teampreview
|inactive|Battle timer is ON: inactive players will automatically lose when time's up. (requested by Yaoshi)
|j| Doliprane1000
|
|t:|1769420596
|teamsize|p1|6
|teamsize|p2|6
|start
|switch|p1a: One Hit Wonder|Cinderace, M|100/100
|switch|p2a: Cinderace|Cinderace, F|100/100
|turn|1
|
|t:|1769420601
|move|p2a: Cinderace|Gunk Shot|p1a: One Hit Wonder
|-start|p2a: Cinderace|typechange|Poison|[from] ability: Libero
|-damage|p1a: One Hit Wonder|22/100
|move|p1a: One Hit Wonder|Pyro Ball|p2a: Cinderace
|-damage|p2a: Cinderace|20/100
|
|upkeep
|turn|2
|
|t:|1769420609
|move|p2a: Cinderace|Sucker Punch|p1a: One Hit Wonder
|-damage|p1a: One Hit Wonder|0 fnt
|faint|p1a: One Hit Wonder
|
|upkeep
|
|t:|1769420613
|switch|p1a: Ohtani|Dragonite, M|100/100
|turn|3
|
|t:|1769420617
|switch|p2a: Landorus|Landorus-Therian, M|100/100
|-ability|p2a: Landorus|Intimidate|boost
|-unboost|p1a: Ohtani|atk|1
|move|p1a: Ohtani|Extreme Speed|p2a: Landorus
|-damage|p2a: Landorus|72/100
|-damage|p1a: Ohtani|84/100|[from] item: Rocky Helmet|[of] p2a: Landorus
|
|upkeep
|turn|4
|
|t:|1769420622
|switch|p1a: Babe Ruth|Iron Valiant, shiny|100/100
|-enditem|p1a: Babe Ruth|Booster Energy
|-activate|p1a: Babe Ruth|ability: Quark Drive|[fromitem]
|-start|p1a: Babe Ruth|quarkdrivespe
|move|p2a: Landorus|Taunt|p1a: Babe Ruth
|-start|p1a: Babe Ruth|move: Taunt
|
|upkeep
|turn|5
|
|t:|1769420626
|switch|p2a: Glimmora|Glimmora, M|100/100
|move|p1a: Babe Ruth|Moonblast|p2a: Glimmora
|-resisted|p2a: Glimmora
|-crit|p2a: Glimmora
|-damage|p2a: Glimmora|70/100
|-unboost|p2a: Glimmora|spa|1
|-enditem|p2a: Glimmora|Red Card|[of] p1a: Babe Ruth
|-end|p1a: Babe Ruth|Quark Drive|[silent]
|drag|p1a: Ayami Sato|Primarina, M, shiny|100/100
|
|upkeep
|turn|6
|l| Doliprane1000
|
|t:|1769420637
|-terastallize|p1a: Ayami Sato|Poison
|move|p2a: Glimmora|Mortal Spin|p1a: Ayami Sato
|-resisted|p1a: Ayami Sato
|-damage|p1a: Ayami Sato|98/100
|move|p1a: Ayami Sato|Psychic|p2a: Glimmora
|-supereffective|p2a: Glimmora
|-damage|p2a: Glimmora|25/100
|
|-heal|p1a: Ayami Sato|100/100|[from] item: Leftovers
|upkeep
|turn|7
|
|t:|1769420650
|move|p2a: Glimmora|Spikes|p1a: Ayami Sato
|-sidestart|p1: Yaoshi|Spikes
|move|p1a: Ayami Sato|Calm Mind|p1a: Ayami Sato
|-boost|p1a: Ayami Sato|spa|1
|-boost|p1a: Ayami Sato|spd|1
|
|upkeep
|turn|8
|
|t:|1769420655
|move|p2a: Glimmora|Earth Power|p1a: Ayami Sato
|-supereffective|p1a: Ayami Sato
|-damage|p1a: Ayami Sato|82/100
|move|p1a: Ayami Sato|Calm Mind|p1a: Ayami Sato
|-boost|p1a: Ayami Sato|spa|1
|-boost|p1a: Ayami Sato|spd|1
|
|-heal|p1a: Ayami Sato|88/100|[from] item: Leftovers
|upkeep
|turn|9
|
|t:|1769420660
|move|p2a: Glimmora|Spikes|p1a: Ayami Sato
|-sidestart|p1: Yaoshi|Spikes
|move|p1a: Ayami Sato|Calm Mind|p1a: Ayami Sato
|-boost|p1a: Ayami Sato|spa|1
|-boost|p1a: Ayami Sato|spd|1
|
|-heal|p1a: Ayami Sato|94/100|[from] item: Leftovers
|upkeep
|turn|10
|
|t:|1769420669
|move|p2a: Glimmora|Spikes|p1a: Ayami Sato
|-sidestart|p1: Yaoshi|Spikes
|move|p1a: Ayami Sato|Draining Kiss|p2a: Glimmora
|-resisted|p2a: Glimmora
|-damage|p2a: Glimmora|1/100
|-heal|p1a: Ayami Sato|100/100|[from] drain|[of] p2a: Glimmora
|
|upkeep
|turn|11
|
|t:|1769420674
|move|p2a: Glimmora|Earth Power|p1a: Ayami Sato
|-supereffective|p1a: Ayami Sato
|-damage|p1a: Ayami Sato|90/100
|move|p1a: Ayami Sato|Draining Kiss|p2a: Glimmora
|-resisted|p2a: Glimmora
|-damage|p2a: Glimmora|0 fnt
|-heal|p1a: Ayami Sato|90/100|[from] drain|[of] p2a: Glimmora
|faint|p2a: Glimmora
|
|-heal|p1a: Ayami Sato|96/100|[from] item: Leftovers
|upkeep
|
|t:|1769420677
|switch|p2a: Landorus|Landorus-Therian, M|72/100
|-ability|p2a: Landorus|Intimidate|boost
|-unboost|p1a: Ayami Sato|atk|1
|turn|12
|
|t:|1769420683
|move|p2a: Landorus|Earthquake|p1a: Ayami Sato
|-supereffective|p1a: Ayami Sato
|-damage|p1a: Ayami Sato|20/100
|move|p1a: Ayami Sato|Psychic Noise|p2a: Landorus
|-supereffective|p2a: Landorus
|-damage|p2a: Landorus|0 fnt
|faint|p2a: Landorus
|
|-heal|p1a: Ayami Sato|26/100|[from] item: Leftovers
|upkeep
|
|t:|1769420691
|switch|p2a: Cinderace|Cinderace, F|20/100
|turn|13
|
|t:|1769420694
|move|p2a: Cinderace|Pyro Ball|p1a: Ayami Sato
|-damage|p1a: Ayami Sato|0 fnt
|faint|p1a: Ayami Sato
|
|upkeep
|
|t:|1769420697
|switch|p1a: Ohtani|Dragonite, M|84/100
|turn|14
|
|t:|1769420704
|move|p1a: Ohtani|Extreme Speed|p2a: Cinderace
|-damage|p2a: Cinderace|0 fnt
|faint|p2a: Cinderace
|
|upkeep
|
|t:|1769420709
|switch|p2a: Kyurem|Kyurem|100/100
|-ability|p2a: Kyurem|Pressure
|turn|15
|
|t:|1769420714
|switch|p1a: Homerun|Snorlax, F, shiny|100/100
|-damage|p1a: Homerun|75/100|[from] Spikes
|move|p2a: Kyurem|Freeze-Dry|p1a: Homerun
|-damage|p1a: Homerun|59/100
|
|upkeep
|turn|16
|
|t:|1769420730
|switch|p2a: Kingambit|Kingambit, M|100/100
|-activate|p2a: Kingambit|ability: Supreme Overlord
|-start|p2a: Kingambit|fallen3|[silent]
|move|p1a: Homerun|Body Slam|p2a: Kingambit
|-resisted|p2a: Kingambit
|-damage|p2a: Kingambit|87/100
|
|upkeep
|turn|17
|
|t:|1769420736
|switch|p1a: Babe Ruth|Iron Valiant, shiny|100/100
|-damage|p1a: Babe Ruth|76/100|[from] Spikes
|move|p2a: Kingambit|Low Kick|p1a: Babe Ruth
|-resisted|p1a: Babe Ruth
|-damage|p1a: Babe Ruth|57/100
|
|upkeep
|turn|18
|
|t:|1769420749
|-terastallize|p2a: Kingambit|Fire
|move|p1a: Babe Ruth|Encore|p2a: Kingambit
|-start|p2a: Kingambit|Encore
|move|p2a: Kingambit|Low Kick|p1a: Babe Ruth
|-resisted|p1a: Babe Ruth
|-damage|p1a: Babe Ruth|41/100
|
|upkeep
|turn|19
|
|t:|1769420759
|move|p1a: Babe Ruth|Knock Off|p2a: Kingambit
|-damage|p2a: Kingambit|65/100
|-enditem|p2a: Kingambit|Shuca Berry|[from] move: Knock Off|[of] p1a: Babe Ruth
|move|p2a: Kingambit|Low Kick|p1a: Babe Ruth
|-resisted|p1a: Babe Ruth
|-damage|p1a: Babe Ruth|23/100
|
|upkeep
|turn|20
|
|t:|1769420765
|move|p1a: Babe Ruth|Moonblast|p2a: Kingambit
|-resisted|p2a: Kingambit
|-damage|p2a: Kingambit|41/100
|move|p2a: Kingambit|Low Kick|p1a: Babe Ruth
|-resisted|p1a: Babe Ruth
|-damage|p1a: Babe Ruth|4/100
|
|-end|p2a: Kingambit|Encore
|upkeep
|turn|21
|
|t:|1769420768
|move|p1a: Babe Ruth|Destiny Bond|p1a: Babe Ruth
|-singlemove|p1a: Babe Ruth|Destiny Bond
|move|p2a: Kingambit|Iron Head|p1a: Babe Ruth
|-supereffective|p1a: Babe Ruth
|-damage|p1a: Babe Ruth|0 fnt
|faint|p1a: Babe Ruth
|-activate|p1a: Babe Ruth|move: Destiny Bond
|-end|p1a: Babe Ruth|Quark Drive|[silent]
|faint|p2a: Kingambit
|-end|p2a: Kingambit|fallen3|[silent]
|
|upkeep
|
|t:|1769420779
|switch|p1a: Homerun|Snorlax, F, shiny|59/100
|switch|p2a: Dragapult|Dragapult, M|100/100
|-damage|p1a: Homerun|34/100|[from] Spikes
|-enditem|p1a: Homerun|Figy Berry|[eat]
|-heal|p1a: Homerun|67/100|[from] item: Figy Berry
|turn|22
|
|t:|1769420786
|switch|p1a: Skarmory|Skarmory, F|100/100
|move|p2a: Dragapult|Draco Meteor|p1a: Skarmory
|-resisted|p1a: Skarmory
|-damage|p1a: Skarmory|43/100
|-unboost|p2a: Dragapult|spa|2
|
|upkeep
|turn|23
|
|t:|1769420793
|switch|p2a: Kyurem|Kyurem|100/100
|-ability|p2a: Kyurem|Pressure
|move|p1a: Skarmory|Roost|p1a: Skarmory
|-heal|p1a: Skarmory|93/100
|-singleturn|p1a: Skarmory|move: Roost
|
|upkeep
|turn|24
|
|t:|1769420797
|move|p2a: Kyurem|Substitute|p2a: Kyurem
|-start|p2a: Kyurem|Substitute
|-damage|p2a: Kyurem|75/100
|move|p1a: Skarmory|Body Press|p2a: Kyurem
|-supereffective|p2a: Kyurem
|-end|p2a: Kyurem|Substitute
|
|-heal|p2a: Kyurem|82/100|[from] item: Leftovers
|upkeep
|turn|25
|
|t:|1769420800
|move|p2a: Kyurem|Protect|p2a: Kyurem
|-singleturn|p2a: Kyurem|Protect
|move|p1a: Skarmory|Body Press|p2a: Kyurem
|-activate|p2a: Kyurem|move: Protect
|
|-heal|p2a: Kyurem|88/100|[from] item: Leftovers
|upkeep
|turn|26
|
|t:|1769420803
|move|p2a: Kyurem|Substitute|p2a: Kyurem
|-start|p2a: Kyurem|Substitute
|-damage|p2a: Kyurem|63/100
|move|p1a: Skarmory|Body Press|p2a: Kyurem
|-supereffective|p2a: Kyurem
|-end|p2a: Kyurem|Substitute
|
|-heal|p2a: Kyurem|69/100|[from] item: Leftovers
|upkeep
|turn|27
|
|t:|1769420808
|switch|p1a: Ohtani|Dragonite, M|84/100
|move|p2a: Kyurem|Substitute|p2a: Kyurem
|-start|p2a: Kyurem|Substitute
|-damage|p2a: Kyurem|44/100
|
|-heal|p2a: Kyurem|50/100|[from] item: Leftovers
|upkeep
|turn|28
|j| MakX70
|
|t:|1769420812
|switch|p1a: Homerun|Snorlax, F, shiny|67/100
|-damage|p1a: Homerun|42/100|[from] Spikes
|move|p2a: Kyurem|Freeze-Dry|p1a: Homerun
|-damage|p1a: Homerun|26/100
|
|-heal|p2a: Kyurem|56/100|[from] item: Leftovers
|upkeep
|turn|29
|
|t:|1769420816
|move|p2a: Kyurem|Earth Power|p1a: Homerun
|-damage|p1a: Homerun|13/100
|move|p1a: Homerun|Recycle|p1a: Homerun
|-item|p1a: Homerun|Figy Berry|[from] move: Recycle
|-enditem|p1a: Homerun|Figy Berry|[eat]
|-heal|p1a: Homerun|46/100|[from] item: Figy Berry
|
|-heal|p2a: Kyurem|63/100|[from] item: Leftovers
|upkeep
|turn|30
|
|t:|1769420823
|move|p2a: Kyurem|Earth Power|p1a: Homerun
|-damage|p1a: Homerun|33/100
|move|p1a: Homerun|Recycle|p1a: Homerun
|-item|p1a: Homerun|Figy Berry|[from] move: Recycle
|-enditem|p1a: Homerun|Figy Berry|[eat]
|-heal|p1a: Homerun|66/100|[from] item: Figy Berry
|
|-heal|p2a: Kyurem|69/100|[from] item: Leftovers
|upkeep
|turn|31
|
|t:|1769420827
|move|p2a: Kyurem|Earth Power|p1a: Homerun
|-damage|p1a: Homerun|50/100
|move|p1a: Homerun|Recycle|p1a: Homerun
|-item|p1a: Homerun|Figy Berry|[from] move: Recycle
|-enditem|p1a: Homerun|Figy Berry|[eat]
|-heal|p1a: Homerun|84/100|[from] item: Figy Berry
|
|-heal|p2a: Kyurem|75/100|[from] item: Leftovers
|upkeep
|turn|32
|
|t:|1769420832
|move|p2a: Kyurem|Protect|p2a: Kyurem
|-singleturn|p2a: Kyurem|Protect
|move|p1a: Homerun|Iron Head|p2a: Kyurem
|-activate|p2a: Kyurem|move: Protect
|
|-heal|p2a: Kyurem|81/100|[from] item: Leftovers
|upkeep
|turn|33
|
|t:|1769420852
|move|p2a: Kyurem|Freeze-Dry|p1a: Homerun
|-damage|p1a: Homerun|67/100
|move|p1a: Homerun|Iron Head|p2a: Kyurem
|-supereffective|p2a: Kyurem
|-end|p2a: Kyurem|Substitute
|
|-heal|p2a: Kyurem|87/100|[from] item: Leftovers
|upkeep
|turn|34
|
|t:|1769420858
|move|p2a: Kyurem|Protect|p2a: Kyurem
|-singleturn|p2a: Kyurem|Protect
|move|p1a: Homerun|Body Slam|p2a: Kyurem
|-activate|p2a: Kyurem|move: Protect
|
|-heal|p2a: Kyurem|94/100|[from] item: Leftovers
|upkeep
|turn|35
|
|t:|1769420862
|move|p2a: Kyurem|Substitute|p2a: Kyurem
|-start|p2a: Kyurem|Substitute
|-damage|p2a: Kyurem|69/100
|move|p1a: Homerun|Body Slam|p2a: Kyurem
|-end|p2a: Kyurem|Substitute
|
|-heal|p2a: Kyurem|75/100|[from] item: Leftovers
|upkeep
|turn|36
|
|t:|1769420871
|move|p2a: Kyurem|Substitute|p2a: Kyurem
|-start|p2a: Kyurem|Substitute
|-damage|p2a: Kyurem|50/100
|move|p1a: Homerun|Recycle|p1a: Homerun
|-item|p1a: Homerun|Figy Berry|[from] move: Recycle
|
|-heal|p2a: Kyurem|56/100|[from] item: Leftovers
|upkeep
|turn|37
|
|t:|1769420876
|move|p2a: Kyurem|Protect|p2a: Kyurem
|-singleturn|p2a: Kyurem|Protect
|move|p1a: Homerun|Body Slam|p2a: Kyurem
|-activate|p2a: Kyurem|move: Protect
|
|-heal|p2a: Kyurem|62/100|[from] item: Leftovers
|upkeep
|turn|38
|
|t:|1769420889
|move|p2a: Kyurem|Earth Power|p1a: Homerun
|-damage|p1a: Homerun|53/100
|move|p1a: Homerun|Body Slam|p2a: Kyurem
|-end|p2a: Kyurem|Substitute
|
|-heal|p2a: Kyurem|68/100|[from] item: Leftovers
|upkeep
|turn|39
|
|t:|1769420896
|switch|p1a: Ohtani|Dragonite, M|84/100
|move|p2a: Kyurem|Protect||[still]
|-fail|p2a: Kyurem
|
|-heal|p2a: Kyurem|75/100|[from] item: Leftovers
|upkeep
|turn|40
|j| Samurajen
|
|t:|1769420903
|move|p1a: Ohtani|Extreme Speed|p2a: Kyurem
|-damage|p2a: Kyurem|35/100
|move|p2a: Kyurem|Substitute|p2a: Kyurem
|-start|p2a: Kyurem|Substitute
|-damage|p2a: Kyurem|10/100
|
|-heal|p2a: Kyurem|16/100|[from] item: Leftovers
|upkeep
|turn|41
|
|t:|1769420908
|switch|p1a: Homerun|Snorlax, F, shiny|53/100
|-damage|p1a: Homerun|28/100|[from] Spikes
|-enditem|p1a: Homerun|Figy Berry|[eat]
|-heal|p1a: Homerun|61/100|[from] item: Figy Berry
|move|p2a: Kyurem|Freeze-Dry|p1a: Homerun
|-damage|p1a: Homerun|45/100
|
|-heal|p2a: Kyurem|22/100|[from] item: Leftovers
|upkeep
|turn|42
|
|t:|1769420912
|move|p2a: Kyurem|Earth Power|p1a: Homerun
|-damage|p1a: Homerun|31/100
|move|p1a: Homerun|Recycle|p1a: Homerun
|-item|p1a: Homerun|Figy Berry|[from] move: Recycle
|-enditem|p1a: Homerun|Figy Berry|[eat]
|-heal|p1a: Homerun|65/100|[from] item: Figy Berry
|
|-heal|p2a: Kyurem|28/100|[from] item: Leftovers
|upkeep
|turn|43
|
|t:|1769420919
|move|p2a: Kyurem|Earth Power|p1a: Homerun
|-damage|p1a: Homerun|50/100
|move|p1a: Homerun|Recycle|p1a: Homerun
|-item|p1a: Homerun|Figy Berry|[from] move: Recycle
|-enditem|p1a: Homerun|Figy Berry|[eat]
|-heal|p1a: Homerun|83/100|[from] item: Figy Berry
|
|-heal|p2a: Kyurem|35/100|[from] item: Leftovers
|upkeep
|turn|44
|j| Gigi_Murin67
|
|t:|1769420929
|move|p2a: Kyurem|Earth Power|p1a: Homerun
|-damage|p1a: Homerun|69/100
|move|p1a: Homerun|Body Slam|p2a: Kyurem
|-end|p2a: Kyurem|Substitute
|
|-heal|p2a: Kyurem|41/100|[from] item: Leftovers
|upkeep
|turn|45
|
|t:|1769420939
|move|p2a: Kyurem|Protect|p2a: Kyurem
|-singleturn|p2a: Kyurem|Protect
|move|p1a: Homerun|Body Slam|p2a: Kyurem
|-activate|p2a: Kyurem|move: Protect
|
|-heal|p2a: Kyurem|47/100|[from] item: Leftovers
|upkeep
|turn|46
|
|t:|1769420946
|switch|p2a: Dragapult|Dragapult, M|100/100
|move|p1a: Homerun|Iron Head|p2a: Dragapult
|-damage|p2a: Dragapult|71/100
|
|upkeep
|turn|47
|
|t:|1769420952
|move|p2a: Dragapult|U-turn|p1a: Homerun
|-damage|p1a: Homerun|52/100
|
|t:|1769420954
|switch|p2a: Kyurem|Kyurem|47/100|[from] U-turn
|-ability|p2a: Kyurem|Pressure
|move|p1a: Homerun|Iron Head|p2a: Kyurem
|-supereffective|p2a: Kyurem
|-crit|p2a: Kyurem
|-damage|p2a: Kyurem|0 fnt
|faint|p2a: Kyurem
|
|upkeep
|l| Gigi_Murin67
|c|☆Above ur wayss|well good for u
|c|☆Above ur wayss|first legit lose i had in a while
|-message|Above ur wayss forfeited.
|
|win|Yaoshi
|raw|Yaoshi's rating: 1561 &rarr; <strong>1585</strong><br />(+24 for winning)
|raw|Above ur wayss's rating: 1623 &rarr; <strong>1599</strong><br />(-24 for losing)
|l|☆Above ur wayss
|player|p2|
|l|☆Yaoshi
|player|p1|
|l| MakX70
