|j|☆Terceras
|j|☆big bod3
|t:|1769436667
|gametype|singles
|player|p1|Terceras|miku-ghost|1088
|player|p2|big bod3|marshal|1023
|gen|9
|tier|[Gen 9] OU
|rated|
|rule|HP Percentage Mod: HP is shown in percentages
|rule|Endless Battle Clause: Forcing endless battles is banned
|rule|Species Clause: Limit one of each Pokémon
|rule|OHKO Clause: OHKO moves are banned
|rule|Evasion Items Clause: Evasion items are banned
|rule|Evasion Moves Clause: Evasion moves are banned
|rule|Evasion Abilities Clause: Evasion abilities are banned
|rule|Sleep Moves Clause: Sleep-inducing moves are banned
|clearpoke
|poke|p1|Tyranitar, M|
|poke|p1|Excadrill, M|
|poke|p1|Corviknight, M|
|poke|p1|Glimmora, F|
|poke|p1|Heatran, M|
|poke|p1|Clodsire, M|
|poke|p2|Glalie, F|
|poke|p2|Appletun, F|
|poke|p2|Galvantula, M|
|poke|p2|Ariados, F|
|poke|p2|Yanmega, F|
|poke|p2|Arboliva, F|
|teampreview
|
|t:|1769436677
|teamsize|p1|6
|teamsize|p2|6
|start
|switch|p1a: Glimmora|Glimmora, F, shiny|100/100
|switch|p2a: ᛁᛝᛃSnotur|Glalie, F, shiny|100/100
|turn|1
|
|t:|1769436690
|move|p1a: Glimmora|Meteor Beam||[still]
|-prepare|p1a: Glimmora|Meteor Beam
|-boost|p1a: Glimmora|spa|1
|-enditem|p1a: Glimmora|Power Herb
|-anim|p1a: Glimmora|Meteor Beam|p2a: ᛁᛝᛃSnotur|[miss]
|-miss|p1a: Glimmora|p2a: ᛁᛝᛃSnotur
|move|p2a: ᛁᛝᛃSnotur|Water Pulse|p1a: Glimmora
|-supereffective|p1a: Glimmora
|-damage|p1a: Glimmora|51/100
|-damage|p2a: ᛁᛝᛃSnotur|91/100|[from] item: Life Orb
|
|upkeep
|turn|2
|
|t:|1769436702
|move|p1a: Glimmora|Toxic Spikes|p2a: ᛁᛝᛃSnotur
|-sidestart|p2: big bod3|move: Toxic Spikes
|move|p2a: ᛁᛝᛃSnotur|Water Pulse|p1a: Glimmora
|-supereffective|p1a: Glimmora
|-damage|p1a: Glimmora|6/100
|-damage|p2a: ᛁᛝᛃSnotur|81/100|[from] item: Life Orb
|
|upkeep
|turn|3
|
|t:|1769436715
|move|p1a: Glimmora|Toxic Spikes|p2a: ᛁᛝᛃSnotur
|-sidestart|p2: big bod3|move: Toxic Spikes
|move|p2a: ᛁᛝᛃSnotur|Water Pulse|p1a: Glimmora
|-supereffective|p1a: Glimmora
|-damage|p1a: Glimmora|0 fnt
|faint|p1a: Glimmora
|-damage|p2a: ᛁᛝᛃSnotur|71/100|[from] item: Life Orb
|
|upkeep
|
|t:|1769436741
|switch|p1a: Heatran|Heatran, M, shiny|100/100
|turn|4
|
|t:|1769436775
|switch|p2a: ᛖAri/demonio|Ariados, F, shiny|100/100
|-sideend|p2: big bod3|move: Toxic Spikes|[of] p2a: ᛖAri/demonio
|move|p1a: Heatran|Flash Cannon|p2a: ᛖAri/demonio
|-damage|p2a: ᛖAri/demonio|70/100
|
|upkeep
|turn|5
|
|t:|1769436784
|move|p1a: Heatran|Magma Storm|p2a: ᛖAri/demonio
|-supereffective|p2a: ᛖAri/demonio
|-damage|p2a: ᛖAri/demonio|0 fnt
|faint|p2a: ᛖAri/demonio
|
|upkeep
|
|t:|1769436792
|switch|p2a: ᛁᛝᛃSnotur|Glalie, F, shiny|71/100
|turn|6
|
|t:|1769436801
|move|p2a: ᛁᛝᛃSnotur|Water Pulse|p1a: Heatran
|-supereffective|p1a: Heatran
|-damage|p1a: Heatran|74/100
|-damage|p2a: ᛁᛝᛃSnotur|61/100|[from] item: Life Orb
|move|p1a: Heatran|Magma Storm|p2a: ᛁᛝᛃSnotur|[miss]
|-miss|p1a: Heatran|p2a: ᛁᛝᛃSnotur
|
|-heal|p1a: Heatran|81/100|[from] item: Leftovers
|upkeep
|turn|7
|
|t:|1769436811
|move|p2a: ᛁᛝᛃSnotur|Water Pulse|p1a: Heatran
|-supereffective|p1a: Heatran
|-damage|p1a: Heatran|54/100
|-damage|p2a: ᛁᛝᛃSnotur|51/100|[from] item: Life Orb
|move|p1a: Heatran|Flash Cannon|p2a: ᛁᛝᛃSnotur
|-supereffective|p2a: ᛁᛝᛃSnotur
|-damage|p2a: ᛁᛝᛃSnotur|0 fnt
|faint|p2a: ᛁᛝᛃSnotur
|
|-heal|p1a: Heatran|61/100|[from] item: Leftovers
|upkeep
|
|t:|1769436828
|switch|p2a: ᛟᚷᛃWitchfruit|Appletun, F|100/100
|turn|8
|
|t:|1769436834
|move|p1a: Heatran|Magma Storm|p2a: ᛟᚷᛃWitchfruit
|-damage|p2a: ᛟᚷᛃWitchfruit|86/100
|-activate|p2a: ᛟᚷᛃWitchfruit|move: Magma Storm|[of] p1a: Heatran
|move|p2a: ᛟᚷᛃWitchfruit|Dragon Pulse|p1a: Heatran
|-resisted|p1a: Heatran
|-damage|p1a: Heatran|51/100
|
|-heal|p1a: Heatran|57/100|[from] item: Leftovers
|-heal|p2a: ᛟᚷᛃWitchfruit|92/100|[from] item: Leftovers
|-damage|p2a: ᛟᚷᛃWitchfruit|80/100|[from] move: Magma Storm|[partiallytrapped]
|upkeep
|turn|9
|
|t:|1769436842
|move|p1a: Heatran|Taunt|p2a: ᛟᚷᛃWitchfruit
|-start|p2a: ᛟᚷᛃWitchfruit|move: Taunt
|move|p2a: ᛟᚷᛃWitchfruit|Apple Acid|p1a: Heatran
|-resisted|p1a: Heatran
|-damage|p1a: Heatran|53/100
|-unboost|p1a: Heatran|spd|1
|
|-heal|p1a: Heatran|59/100|[from] item: Leftovers
|-heal|p2a: ᛟᚷᛃWitchfruit|86/100|[from] item: Leftovers
|-damage|p2a: ᛟᚷᛃWitchfruit|74/100|[from] move: Magma Storm|[partiallytrapped]
|upkeep
|turn|10
|
|t:|1769436854
|move|p1a: Heatran|Protect|p1a: Heatran
|-singleturn|p1a: Heatran|Protect
|move|p2a: ᛟᚷᛃWitchfruit|Apple Acid|p1a: Heatran
|-activate|p1a: Heatran|move: Protect
|
|-heal|p1a: Heatran|65/100|[from] item: Leftovers
|-heal|p2a: ᛟᚷᛃWitchfruit|80/100|[from] item: Leftovers
|-damage|p2a: ᛟᚷᛃWitchfruit|67/100|[from] move: Magma Storm|[partiallytrapped]
|upkeep
|turn|11
|
|t:|1769436861
|move|p1a: Heatran|Flash Cannon|p2a: ᛟᚷᛃWitchfruit
|-damage|p2a: ᛟᚷᛃWitchfruit|42/100
|move|p2a: ᛟᚷᛃWitchfruit|Apple Acid|p1a: Heatran
|-resisted|p1a: Heatran
|-damage|p1a: Heatran|59/100
|-unboost|p1a: Heatran|spd|1
|
|-heal|p1a: Heatran|66/100|[from] item: Leftovers
|-heal|p2a: ᛟᚷᛃWitchfruit|49/100|[from] item: Leftovers
|-damage|p2a: ᛟᚷᛃWitchfruit|36/100|[from] move: Magma Storm|[partiallytrapped]
|-end|p2a: ᛟᚷᛃWitchfruit|move: Taunt
|upkeep
|turn|12
|
|t:|1769436874
|move|p1a: Heatran|Taunt|p2a: ᛟᚷᛃWitchfruit
|-start|p2a: ᛟᚷᛃWitchfruit|move: Taunt
|move|p2a: ᛟᚷᛃWitchfruit|Dragon Pulse|p1a: Heatran
|-resisted|p1a: Heatran
|-damage|p1a: Heatran|48/100
|
|-heal|p1a: Heatran|54/100|[from] item: Leftovers
|-heal|p2a: ᛟᚷᛃWitchfruit|42/100|[from] item: Leftovers
|-end|p2a: ᛟᚷᛃWitchfruit|Magma Storm|[partiallytrapped]
|upkeep
|turn|13
|
|t:|1769436889
|switch|p2a: ᛃᛟArbolive|Arboliva, F|100/100
|move|p1a: Heatran|Magma Storm|p2a: ᛃᛟArbolive
|-supereffective|p2a: ᛃᛟArbolive
|-damage|p2a: ᛃᛟArbolive|40/100
|-activate|p2a: ᛃᛟArbolive|move: Magma Storm|[of] p1a: Heatran
|-fieldstart|move: Grassy Terrain|[from] ability: Seed Sower|[of] p2a: ᛃᛟArbolive
|
|-heal|p1a: Heatran|60/100|[from] Grassy Terrain
|-heal|p1a: Heatran|66/100|[from] item: Leftovers
|-heal|p2a: ᛃᛟArbolive|47/100|[from] Grassy Terrain
|-heal|p2a: ᛃᛟArbolive|53/100|[from] item: Leftovers
|-damage|p2a: ᛃᛟArbolive|40/100|[from] move: Magma Storm|[partiallytrapped]
|upkeep
|turn|14
|
|t:|1769436912
|move|p2a: ᛃᛟArbolive|Protect|p2a: ᛃᛟArbolive
|-singleturn|p2a: ᛃᛟArbolive|Protect
|move|p1a: Heatran|Taunt|p2a: ᛃᛟArbolive
|-activate|p2a: ᛃᛟArbolive|move: Protect
|
|-heal|p1a: Heatran|73/100|[from] Grassy Terrain
|-heal|p1a: Heatran|79/100|[from] item: Leftovers
|-heal|p2a: ᛃᛟArbolive|46/100|[from] Grassy Terrain
|-heal|p2a: ᛃᛟArbolive|52/100|[from] item: Leftovers
|-damage|p2a: ᛃᛟArbolive|40/100|[from] move: Magma Storm|[partiallytrapped]
|upkeep
|turn|15
|
|t:|1769436927
|move|p1a: Heatran|Taunt|p2a: ᛃᛟArbolive
|-start|p2a: ᛃᛟArbolive|move: Taunt
|move|p2a: ᛃᛟArbolive|Leaf Storm|p1a: Heatran
|-resisted|p1a: Heatran
|-damage|p1a: Heatran|56/100
|-unboost|p2a: ᛃᛟArbolive|spa|2
|
|-heal|p1a: Heatran|62/100|[from] Grassy Terrain
|-heal|p1a: Heatran|69/100|[from] item: Leftovers
|-heal|p2a: ᛃᛟArbolive|46/100|[from] Grassy Terrain
|-heal|p2a: ᛃᛟArbolive|52/100|[from] item: Leftovers
|-damage|p2a: ᛃᛟArbolive|40/100|[from] move: Magma Storm|[partiallytrapped]
|upkeep
|turn|16
|
|t:|1769436943
|move|p1a: Heatran|Flash Cannon|p2a: ᛃᛟArbolive
|-damage|p2a: ᛃᛟArbolive|18/100
|move|p2a: ᛃᛟArbolive|Leaf Storm|p1a: Heatran
|-resisted|p1a: Heatran
|-damage|p1a: Heatran|58/100
|-unboost|p2a: ᛃᛟArbolive|spa|2
|
|-heal|p1a: Heatran|64/100|[from] Grassy Terrain
|-heal|p1a: Heatran|71/100|[from] item: Leftovers
|-heal|p2a: ᛃᛟArbolive|24/100|[from] Grassy Terrain
|-heal|p2a: ᛃᛟArbolive|30/100|[from] item: Leftovers
|-damage|p2a: ᛃᛟArbolive|17/100|[from] move: Magma Storm|[partiallytrapped]
|upkeep
|turn|17
|
|t:|1769436957
|move|p1a: Heatran|Magma Storm|p2a: ᛃᛟArbolive
|-supereffective|p2a: ᛃᛟArbolive
|-damage|p2a: ᛃᛟArbolive|0 fnt
|faint|p2a: ᛃᛟArbolive
|
|-heal|p1a: Heatran|77/100|[from] Grassy Terrain
|-heal|p1a: Heatran|83/100|[from] item: Leftovers
|-fieldend|move: Grassy Terrain
|upkeep
|
|t:|1769436968
|switch|p2a: ᛟᚷᛃWitchfruit|Appletun, F|42/100
|turn|18
|
|t:|1769436972
|move|p1a: Heatran|Taunt|p2a: ᛟᚷᛃWitchfruit
|-start|p2a: ᛟᚷᛃWitchfruit|move: Taunt
|cant|p2a: ᛟᚷᛃWitchfruit|move: Taunt|Recover
|
|-heal|p1a: Heatran|89/100|[from] item: Leftovers
|-heal|p2a: ᛟᚷᛃWitchfruit|48/100|[from] item: Leftovers
|upkeep
|turn|19
|
|t:|1769436976
|move|p1a: Heatran|Magma Storm|p2a: ᛟᚷᛃWitchfruit
|-damage|p2a: ᛟᚷᛃWitchfruit|34/100
|-activate|p2a: ᛟᚷᛃWitchfruit|move: Magma Storm|[of] p1a: Heatran
|move|p2a: ᛟᚷᛃWitchfruit|Apple Acid|p1a: Heatran
|-resisted|p1a: Heatran
|-damage|p1a: Heatran|81/100
|-unboost|p1a: Heatran|spd|1
|
|-heal|p1a: Heatran|87/100|[from] item: Leftovers
|-heal|p2a: ᛟᚷᛃWitchfruit|40/100|[from] item: Leftovers
|-damage|p2a: ᛟᚷᛃWitchfruit|27/100|[from] move: Magma Storm|[partiallytrapped]
|upkeep
|turn|20
|
|t:|1769436988
|move|p1a: Heatran|Flash Cannon|p2a: ᛟᚷᛃWitchfruit
|-damage|p2a: ᛟᚷᛃWitchfruit|5/100
|move|p2a: ᛟᚷᛃWitchfruit|Dragon Pulse|p1a: Heatran
|-resisted|p1a: Heatran
|-damage|p1a: Heatran|65/100
|
|-heal|p1a: Heatran|71/100|[from] item: Leftovers
|-heal|p2a: ᛟᚷᛃWitchfruit|11/100|[from] item: Leftovers
|-damage|p2a: ᛟᚷᛃWitchfruit|0 fnt|[from] move: Magma Storm|[partiallytrapped]
|faint|p2a: ᛟᚷᛃWitchfruit
|upkeep
|
|t:|1769436999
|switch|p2a: ᚱᛇGal|Galvantula, M, shiny|100/100
|-item|p2a: ᚱᛇGal|Air Balloon
|turn|21
|
|t:|1769437013
|switch|p1a: Clodsire|Clodsire, M, shiny|100/100
|move|p2a: ᚱᛇGal|Discharge|p1a: Clodsire
|-immune|p1a: Clodsire
|
|upkeep
|turn|22
|
|t:|1769437020
|move|p2a: ᚱᛇGal|Bug Buzz|p1a: Clodsire
|-resisted|p1a: Clodsire
|-damage|p1a: Clodsire|90/100
|move|p1a: Clodsire|Earthquake|p2a: ᚱᛇGal
|-immune|p2a: ᚱᛇGal
|
|-heal|p1a: Clodsire|96/100|[from] item: Black Sludge
|upkeep
|turn|23
|
|t:|1769437025
|switch|p2a: ᛏᚷYaneem|Yanmega, F, shiny|100/100
|move|p1a: Clodsire|Poison Jab|p2a: ᛏᚷYaneem
|-damage|p2a: ᛏᚷYaneem|72/100
|
|-heal|p1a: Clodsire|100/100|[from] item: Black Sludge
|upkeep
|turn|24
|
|t:|1769437038
|move|p2a: ᛏᚷYaneem|Psychic Noise|p1a: Clodsire
|-supereffective|p1a: Clodsire
|-damage|p1a: Clodsire|72/100
|-start|p1a: Clodsire|move: Heal Block
|move|p1a: Clodsire|Poison Jab|p2a: ᛏᚷYaneem
|-damage|p2a: ᛏᚷYaneem|45/100
|
|-ability|p2a: ᛏᚷYaneem|Speed Boost|boost
|-boost|p2a: ᛏᚷYaneem|spe|1
|upkeep
|turn|25
|
|t:|1769437053
|switch|p1a: Corviknight|Corviknight, M, shiny|100/100
|-ability|p1a: Corviknight|Pressure
|move|p2a: ᛏᚷYaneem|Air Slash|p1a: Corviknight
|-resisted|p1a: Corviknight
|-damage|p1a: Corviknight|81/100
|
|-ability|p2a: ᛏᚷYaneem|Speed Boost|boost
|-boost|p2a: ᛏᚷYaneem|spe|1
|upkeep
|turn|26
|
|t:|1769437063
|move|p2a: ᛏᚷYaneem|Ancient Power|p1a: Corviknight
|-damage|p1a: Corviknight|61/100
|move|p1a: Corviknight|Brave Bird|p2a: ᛏᚷYaneem
|-supereffective|p2a: ᛏᚷYaneem
|-damage|p2a: ᛏᚷYaneem|0 fnt
|faint|p2a: ᛏᚷYaneem
|-damage|p1a: Corviknight|50/100|[from] Recoil
|
|upkeep
|
|t:|1769437072
|switch|p2a: ᚱᛇGal|Galvantula, M, shiny|100/100
|-item|p2a: ᚱᛇGal|Air Balloon
|turn|27
|
|t:|1769437078
|switch|p1a: Clodsire|Clodsire, M, shiny|72/100
|move|p2a: ᚱᛇGal|Discharge|p1a: Clodsire
|-immune|p1a: Clodsire
|
|-heal|p1a: Clodsire|78/100|[from] item: Black Sludge
|upkeep
|turn|28
|
|t:|1769437081
|move|p2a: ᚱᛇGal|Sticky Web|p1a: Clodsire
|-sidestart|p1: Terceras|move: Sticky Web
|move|p1a: Clodsire|Poison Jab|p2a: ᚱᛇGal
|-damage|p2a: ᚱᛇGal|63/100
|-enditem|p2a: ᚱᛇGal|Air Balloon
|
|-heal|p1a: Clodsire|85/100|[from] item: Black Sludge
|upkeep
|turn|29
|
|t:|1769437099
|-terastallize|p2a: ᚱᛇGal|Bug
|move|p2a: ᚱᛇGal|Bug Buzz|p1a: Clodsire
|-resisted|p1a: Clodsire
|-damage|p1a: Clodsire|71/100
|move|p1a: Clodsire|Earthquake|p2a: ᚱᛇGal
|-resisted|p2a: ᚱᛇGal
|-damage|p2a: ᚱᛇGal|38/100
|
|-heal|p1a: Clodsire|78/100|[from] item: Black Sludge
|upkeep
|turn|30
|c|☆big bod3|We never surrender
|
|t:|1769437117
|move|p2a: ᚱᛇGal|Bug Buzz|p1a: Clodsire
|-resisted|p1a: Clodsire
|-damage|p1a: Clodsire|65/100
|move|p1a: Clodsire|Poison Jab|p2a: ᚱᛇGal
|-damage|p2a: ᚱᛇGal|0 fnt
|faint|p2a: ᚱᛇGal
|
|win|Terceras
|raw|Terceras's rating: 1088 &rarr; <strong>1110</strong><br />(+22 for winning)
|raw|big bod3's rating: 1023 &rarr; <strong>1012</strong><br />(-11 for losing)
|l|☆Terceras
|player|p1|
|c|☆big bod3|✨️🏴‍☠️☀️🏴‍☠️✨️
