|j|☆DirtyDoorknob
|j|☆z13l
|t:|1769296952
|gametype|singles
|player|p1|DirtyDoorknob|dancer|1271
|player|p2|z13l|dancer|1225
|gen|9
|tier|[Gen 9] OU
|rated|
|rule|HP Percentage Mod: HP is shown in percentages
|rule|Endless Battle Clause: Forcing endless battles is banned
|rule|Species Clause: Limit one of each Pokémon
|rule|OHKO Clause: OHKO moves are banned
|rule|Evasion Items Clause: Evasion items are banned
|rule|Evasion Moves Clause: Evasion moves are banned
|rule|Evasion Abilities Clause: Evasion abilities are banned
|rule|Sleep Moves Clause: Sleep-inducing moves are banned
|clearpoke
|poke|p1|Landorus-Therian, M|
|poke|p1|Samurott-Hisui, M|
|poke|p1|Pecharunt|
|poke|p1|Scizor, F|
|poke|p1|Latios, M|
|poke|p1|Zamazenta-*|
|poke|p2|Indeedee, M|
|poke|p2|Ninetales-Alola, M|
|poke|p2|Kyurem|
|poke|p2|Torkoal, M|
|poke|p2|Walking Wake|
|poke|p2|Ceruledge, M|
|teampreview
|inactive|Battle timer is ON: inactive players will automatically lose when time's up. (requested by DirtyDoorknob)
|
|t:|1769296969
|teamsize|p1|6
|teamsize|p2|6
|start
|switch|p1a: Scizor|Scizor, F|100/100
|switch|p2a: hehe|Ninetales-Alola, M|100/100
|-weather|Snowscape|[from] ability: Snow Warning|[of] p2a: hehe
|turn|1
|
|t:|1769296980
|switch|p2a: turtwing|Torkoal, M|100/100
|-weather|SunnyDay|[from] ability: Drought|[of] p2a: turtwing
|move|p1a: Scizor|Knock Off|p2a: turtwing
|-damage|p2a: turtwing|80/100
|-enditem|p2a: turtwing|Heat Rock|[from] move: Knock Off|[of] p1a: Scizor
|
|-weather|SunnyDay|[upkeep]
|upkeep
|turn|2
|inactive|DirtyDoorknob has 120 seconds left.
|
|t:|1769297014
|switch|p1a: Latios|Latios, M|100/100
|move|p2a: turtwing|Stealth Rock|p1a: Latios
|-sidestart|p1: DirtyDoorknob|move: Stealth Rock
|
|-weather|SunnyDay|[upkeep]
|upkeep
|turn|3
|
|t:|1769297026
|switch|p2a: hehe|Ninetales-Alola, M|100/100
|-weather|Snowscape|[from] ability: Snow Warning|[of] p2a: hehe
|move|p1a: Latios|Calm Mind|p1a: Latios
|-boost|p1a: Latios|spa|1
|-boost|p1a: Latios|spd|1
|
|-weather|Snowscape|[upkeep]
|upkeep
|turn|4
|
|t:|1769297039
|move|p1a: Latios|Psychic Noise|p2a: hehe
|-damage|p2a: hehe|34/100
|-start|p2a: hehe|move: Heal Block
|move|p2a: hehe|Encore|p1a: Latios
|-start|p1a: Latios|Encore
|
|-weather|Snowscape|[upkeep]
|upkeep
|turn|5
|
|t:|1769297049
|switch|p2a: purplewins|Indeedee, M|100/100
|-fieldstart|move: Psychic Terrain|[from] ability: Psychic Surge|[of] p2a: purplewins
|move|p1a: Latios|Psychic Noise|p2a: purplewins
|-resisted|p2a: purplewins
|-damage|p2a: purplewins|62/100
|-start|p2a: purplewins|move: Heal Block
|
|-weather|Snowscape|[upkeep]
|upkeep
|turn|6
|
|t:|1769297060
|move|p1a: Latios|Psychic Noise|p2a: purplewins
|-resisted|p2a: purplewins
|-damage|p2a: purplewins|25/100
|move|p2a: purplewins|Dazzling Gleam|p1a: Latios
|-supereffective|p1a: Latios
|-damage|p1a: Latios|73/100
|
|-weather|Snowscape|[upkeep]
|-end|p2a: purplewins|move: Heal Block
|upkeep
|turn|7
|
|t:|1769297070
|move|p1a: Latios|Psychic Noise|p2a: purplewins
|-resisted|p2a: purplewins
|-damage|p2a: purplewins|0 fnt
|faint|p2a: purplewins
|
|-weather|none
|-end|p1a: Latios|Encore
|upkeep
|
|t:|1769297077
|switch|p2a: turtwing|Torkoal, M|80/100
|-weather|SunnyDay|[from] ability: Drought|[of] p2a: turtwing
|turn|8
|
|t:|1769297082
|move|p1a: Latios|Calm Mind|p1a: Latios
|-boost|p1a: Latios|spa|1
|-boost|p1a: Latios|spd|1
|move|p2a: turtwing|Clear Smog|p1a: Latios
|-damage|p1a: Latios|67/100
|-clearboost|p1a: Latios
|
|-weather|SunnyDay|[upkeep]
|upkeep
|turn|9
|
|t:|1769297091
|switch|p2a: owntempo|Ceruledge, M|100/100
|move|p1a: Latios|Calm Mind|p1a: Latios
|-boost|p1a: Latios|spa|1
|-boost|p1a: Latios|spd|1
|
|-weather|SunnyDay|[upkeep]
|upkeep
|turn|10
|
|t:|1769297100
|move|p1a: Latios|Psychic Noise|p2a: owntempo
|-damage|p2a: owntempo|19/100
|-start|p2a: owntempo|move: Heal Block
|move|p2a: owntempo|Poltergeist|p1a: Latios|[miss]
|-miss|p2a: owntempo|p1a: Latios
|
|-weather|SunnyDay|[upkeep]
|upkeep
|turn|11
|
|t:|1769297110
|move|p2a: owntempo|Endure|p2a: owntempo
|-singleturn|p2a: owntempo|move: Endure
|move|p1a: Latios|Psychic Noise|p2a: owntempo
|-activate|p2a: owntempo|move: Endure
|-damage|p2a: owntempo|1/100
|
|-weather|SunnyDay|[upkeep]
|-end|p2a: owntempo|move: Heal Block
|upkeep
|turn|12
|
|t:|1769297120
|move|p1a: Latios|Psychic Noise|p2a: owntempo
|-damage|p2a: owntempo|0 fnt
|faint|p2a: owntempo
|
|-weather|none
|-fieldend|move: Psychic Terrain
|upkeep
|
|t:|1769297129
|switch|p2a: turtwing|Torkoal, M|80/100
|-weather|SunnyDay|[from] ability: Drought|[of] p2a: turtwing
|turn|13
|
|t:|1769297133
|move|p1a: Latios|Recover|p1a: Latios
|-heal|p1a: Latios|100/100
|move|p2a: turtwing|Clear Smog|p1a: Latios
|-damage|p1a: Latios|93/100
|-clearboost|p1a: Latios
|
|-weather|SunnyDay|[upkeep]
|upkeep
|turn|14
|inactive|z13l has 120 seconds left.
|
|t:|1769297189
|switch|p2a: raidboss|Walking Wake|100/100
|-activate|p2a: raidboss|ability: Protosynthesis
|-start|p2a: raidboss|protosynthesisspe
|move|p1a: Latios|Calm Mind|p1a: Latios
|-boost|p1a: Latios|spa|1
|-boost|p1a: Latios|spd|1
|
|-weather|SunnyDay|[upkeep]
|upkeep
|turn|15
|
|t:|1769297199
|-terastallize|p1a: Latios|Steel
|move|p2a: raidboss|Draco Meteor|p1a: Latios
|-resisted|p1a: Latios
|-damage|p1a: Latios|58/100
|-unboost|p2a: raidboss|spa|2
|move|p1a: Latios|Calm Mind|p1a: Latios
|-boost|p1a: Latios|spa|1
|-boost|p1a: Latios|spd|1
|
|-weather|SunnyDay|[upkeep]
|upkeep
|turn|16
|
|t:|1769297212
|-end|p2a: raidboss|Protosynthesis|[silent]
|switch|p2a: hehe|Ninetales-Alola, M|34/100
|-weather|Snowscape|[from] ability: Snow Warning|[of] p2a: hehe
|move|p1a: Latios|Recover|p1a: Latios
|-heal|p1a: Latios|100/100
|
|-weather|Snowscape|[upkeep]
|upkeep
|turn|17
|
|t:|1769297220
|move|p1a: Latios|Psychic Noise|p2a: hehe
|-damage|p2a: hehe|0 fnt
|faint|p2a: hehe
|
|-weather|Snowscape|[upkeep]
|upkeep
|
|t:|1769297226
|switch|p2a: turtwing|Torkoal, M|80/100
|-weather|SunnyDay|[from] ability: Drought|[of] p2a: turtwing
|turn|18
|
|t:|1769297230
|move|p1a: Latios|Psychic Noise|p2a: turtwing
|-damage|p2a: turtwing|0 fnt
|faint|p2a: turtwing
|
|-weather|SunnyDay|[upkeep]
|upkeep
|inactive|z13l has 120 seconds left.
|
|t:|1769297241
|switch|p2a: raidboss|Walking Wake|100/100
|-activate|p2a: raidboss|ability: Protosynthesis
|-start|p2a: raidboss|protosynthesisspe
|turn|19
|
|t:|1769297250
|move|p2a: raidboss|Flamethrower|p1a: Latios
|-supereffective|p1a: Latios
|-damage|p1a: Latios|26/100
|-status|p1a: Latios|brn
|move|p1a: Latios|Psychic Noise|p2a: raidboss
|-crit|p2a: raidboss
|-damage|p2a: raidboss|0 fnt
|faint|p2a: raidboss
|-end|p2a: raidboss|Protosynthesis|[silent]
|
|-weather|SunnyDay|[upkeep]
|-damage|p1a: Latios|20/100 brn|[from] brn
|upkeep
|
|t:|1769297254
|switch|p2a: babyshark|Kyurem|100/100
|-ability|p2a: babyshark|Pressure
|turn|20
|
|t:|1769297265
|-terastallize|p2a: babyshark|Ground
|move|p1a: Latios|Psychic Noise|p2a: babyshark
|-damage|p2a: babyshark|10/100
|-start|p2a: babyshark|move: Heal Block
|move|p2a: babyshark|Freeze-Dry|p1a: Latios
|-resisted|p1a: Latios
|-damage|p1a: Latios|11/100 brn
|
|-weather|SunnyDay|[upkeep]
|-damage|p1a: Latios|5/100 brn|[from] brn
|upkeep
|turn|21
|c|☆z13l|gg
|-message|z13l forfeited.
|
|win|DirtyDoorknob
|raw|DirtyDoorknob's rating: 1271 &rarr; <strong>1293</strong><br />(+22 for winning)
|raw|z13l's rating: 1225 &rarr; <strong>1203</strong><br />(-22 for losing)
|c|☆DirtyDoorknob|gg
|l|☆z13l
|player|p2|
