|j|☆AdaptiveGoose
|j|☆Jomiel
|t:|1769428518
|gametype|singles
|player|p1|AdaptiveGoose|roxie|1332
|player|p2|Jomiel|clown|1261
|gen|9
|tier|[Gen 9] OU
|rated|
|rule|HP Percentage Mod: HP is shown in percentages
|rule|Endless Battle Clause: Forcing endless battles is banned
|rule|Species Clause: Limit one of each Pokémon
|rule|OHKO Clause: OHKO moves are banned
|rule|Evasion Items Clause: Evasion items are banned
|rule|Evasion Moves Clause: Evasion moves are banned
|rule|Evasion Abilities Clause: Evasion abilities are banned
|rule|Sleep Moves Clause: Sleep-inducing moves are banned
|clearpoke
|poke|p1|Hatterene, F|
|poke|p1|Ursaluna, F|
|poke|p1|Glastrier|
|poke|p1|Slowking-Galar, M|
|poke|p1|Porygon-Z|
|poke|p1|Kingambit, M|
|poke|p2|Furret, F|
|poke|p2|Glimmora, F|
|poke|p2|Zamazenta-*|
|poke|p2|Scizor, M|
|poke|p2|Iron Valiant|
|poke|p2|Dragonite, M|
|teampreview
|
|t:|1769428538
|teamsize|p1|6
|teamsize|p2|6
|start
|switch|p1a: Slowking|Slowking-Galar, M|100/100
|switch|p2a: Glimmora|Glimmora, F|100/100
|turn|1
|
|t:|1769428546
|switch|p1a: Hatterene|Hatterene, F|100/100
|move|p2a: Glimmora|Stealth Rock|p1a: Hatterene
|move|p1a: Hatterene|Stealth Rock|p2a: Glimmora|[from] ability: Magic Bounce
|-sidestart|p2: Jomiel|move: Stealth Rock
|
|upkeep
|turn|2
|inactive|Battle timer is ON: inactive players will automatically lose when time's up. (requested by Jomiel)
|
|t:|1769428556
|move|p2a: Glimmora|Mortal Spin|p1a: Hatterene
|-supereffective|p1a: Hatterene
|-damage|p1a: Hatterene|85/100
|-status|p1a: Hatterene|psn
|-sideend|p2: Jomiel|Stealth Rock|[from] move: Mortal Spin|[of] p2a: Glimmora
|move|p1a: Hatterene|Psychic|p2a: Glimmora
|-supereffective|p2a: Glimmora
|-damage|p2a: Glimmora|0 fnt
|faint|p2a: Glimmora
|
|-heal|p1a: Hatterene|91/100 psn|[from] item: Leftovers
|-damage|p1a: Hatterene|79/100 psn|[from] psn
|upkeep
|
|t:|1769428567
|switch|p2a: Scizor|Scizor, M|100/100
|turn|3
|
|t:|1769428578
|move|p2a: Scizor|Swords Dance|p2a: Scizor
|-boost|p2a: Scizor|atk|2
|move|p1a: Hatterene|Trick Room|p1a: Hatterene
|-fieldstart|move: Trick Room|[of] p1a: Hatterene
|
|-heal|p1a: Hatterene|85/100 psn|[from] item: Leftovers
|-damage|p1a: Hatterene|73/100 psn|[from] psn
|upkeep
|turn|4
|
|t:|1769428587
|move|p1a: Hatterene|Nuzzle|p2a: Scizor
|-damage|p2a: Scizor|96/100
|-status|p2a: Scizor|par
|move|p2a: Scizor|Knock Off|p1a: Hatterene
|-damage|p1a: Hatterene|0 fnt
|-enditem|p1a: Hatterene|Leftovers|[from] move: Knock Off|[of] p2a: Scizor
|faint|p1a: Hatterene
|-damage|p2a: Scizor|86/100 par|[from] item: Life Orb
|
|upkeep
|
|t:|1769428602
|switch|p1a: Glastrier|Glastrier|100/100
|turn|5
|
|t:|1769428610
|move|p2a: Scizor|Bullet Punch|p1a: Glastrier
|-supereffective|p1a: Glastrier
|-damage|p1a: Glastrier|0 fnt
|faint|p1a: Glastrier
|-damage|p2a: Scizor|76/100 par|[from] item: Life Orb
|
|upkeep
|
|t:|1769428625
|switch|p1a: Ursaluna|Ursaluna, F|100/100
|turn|6
|
|t:|1769428631
|move|p2a: Scizor|Close Combat|p1a: Ursaluna
|-supereffective|p1a: Ursaluna
|-damage|p1a: Ursaluna|0 fnt
|-unboost|p2a: Scizor|def|1
|-unboost|p2a: Scizor|spd|1
|faint|p1a: Ursaluna
|-damage|p2a: Scizor|66/100 par|[from] item: Life Orb
|
|upkeep
|
|t:|1769428649
|switch|p1a: Porygon-Z|Porygon-Z|100/100
|-ability|p1a: Porygon-Z|Download|boost
|-boost|p1a: Porygon-Z|spa|1
|turn|7
|
|t:|1769428654
|switch|p1a: Slowking|Slowking-Galar, M|100/100
|move|p2a: Scizor|Close Combat|p1a: Slowking
|-resisted|p1a: Slowking
|-damage|p1a: Slowking|68/100
|-unboost|p2a: Scizor|def|1
|-unboost|p2a: Scizor|spd|1
|-damage|p2a: Scizor|56/100 par|[from] item: Life Orb
|
|-fieldend|move: Trick Room
|upkeep
|turn|8
|
|t:|1769428663
|move|p2a: Scizor|Bullet Punch|p1a: Slowking
|-damage|p1a: Slowking|0 fnt
|faint|p1a: Slowking
|-damage|p2a: Scizor|46/100 par|[from] item: Life Orb
|
|upkeep
|
|t:|1769428667
|switch|p1a: Porygon-Z|Porygon-Z|100/100
|-ability|p1a: Porygon-Z|Download|boost
|-boost|p1a: Porygon-Z|spa|1
|turn|9
|
|t:|1769428677
|move|p1a: Porygon-Z|Thunderbolt|p2a: Scizor
|-damage|p2a: Scizor|0 fnt
|faint|p2a: Scizor
|
|upkeep
|
|t:|1769428682
|switch|p2a: Zamazenta|Zamazenta|100/100
|-ability|p2a: Zamazenta|Dauntless Shield|boost
|-boost|p2a: Zamazenta|def|1
|turn|10
|
|t:|1769428689
|move|p2a: Zamazenta|Close Combat|p1a: Porygon-Z
|-supereffective|p1a: Porygon-Z
|-damage|p1a: Porygon-Z|0 fnt
|-unboost|p2a: Zamazenta|def|1
|-unboost|p2a: Zamazenta|spd|1
|faint|p1a: Porygon-Z
|
|upkeep
|
|t:|1769428692
|switch|p1a: Kingambit|Kingambit, M|100/100
|-activate|p1a: Kingambit|ability: Supreme Overlord
|-start|p1a: Kingambit|fallen5|[silent]
|turn|11
|
|t:|1769428701
|-terastallize|p1a: Kingambit|Fairy
|move|p2a: Zamazenta|Close Combat|p1a: Kingambit
|-resisted|p1a: Kingambit
|-damage|p1a: Kingambit|78/100
|-unboost|p2a: Zamazenta|def|1
|-unboost|p2a: Zamazenta|spd|1
|move|p1a: Kingambit|Substitute|p1a: Kingambit
|-start|p1a: Kingambit|Substitute
|-damage|p1a: Kingambit|53/100
|
|-heal|p1a: Kingambit|60/100|[from] item: Leftovers
|upkeep
|turn|12
|
|t:|1769428724
|switch|p2a: Iron Valiant|Iron Valiant|100/100
|-enditem|p2a: Iron Valiant|Booster Energy
|-activate|p2a: Iron Valiant|ability: Quark Drive|[fromitem]
|-start|p2a: Iron Valiant|quarkdrivespe
|move|p1a: Kingambit|Swords Dance|p1a: Kingambit
|-boost|p1a: Kingambit|atk|2
|
|-heal|p1a: Kingambit|66/100|[from] item: Leftovers
|upkeep
|turn|13
|
|t:|1769428733
|move|p2a: Iron Valiant|Encore|p1a: Kingambit
|-start|p1a: Kingambit|Encore
|move|p1a: Kingambit|Swords Dance|p1a: Kingambit
|-boost|p1a: Kingambit|atk|2
|
|-heal|p1a: Kingambit|72/100|[from] item: Leftovers
|upkeep
|turn|14
|
|t:|1769428743
|move|p2a: Iron Valiant|Moonblast|p1a: Kingambit
|-end|p1a: Kingambit|Substitute
|move|p1a: Kingambit|Swords Dance|p1a: Kingambit
|-boost|p1a: Kingambit|atk|2
|
|-heal|p1a: Kingambit|78/100|[from] item: Leftovers
|upkeep
|turn|15
|
|t:|1769428749
|move|p2a: Iron Valiant|Moonblast|p1a: Kingambit
|-damage|p1a: Kingambit|33/100
|move|p1a: Kingambit|Swords Dance|p1a: Kingambit
|-boost|p1a: Kingambit|atk|0
|
|-heal|p1a: Kingambit|39/100|[from] item: Leftovers
|-end|p1a: Kingambit|Encore
|upkeep
|turn|16
|
|t:|1769428757
|move|p2a: Iron Valiant|Encore|p1a: Kingambit
|-start|p1a: Kingambit|Encore
|move|p1a: Kingambit|Swords Dance|p1a: Kingambit
|-boost|p1a: Kingambit|atk|0
|
|-heal|p1a: Kingambit|45/100|[from] item: Leftovers
|upkeep
|turn|17
|
|t:|1769428763
|move|p2a: Iron Valiant|Moonblast|p1a: Kingambit
|-damage|p1a: Kingambit|2/100
|move|p1a: Kingambit|Swords Dance|p1a: Kingambit
|-boost|p1a: Kingambit|atk|0
|
|-heal|p1a: Kingambit|8/100|[from] item: Leftovers
|upkeep
|turn|18
|
|t:|1769428771
|move|p2a: Iron Valiant|Moonblast|p1a: Kingambit
|-damage|p1a: Kingambit|0 fnt
|faint|p1a: Kingambit
|-end|p1a: Kingambit|fallen5|[silent]
|
|win|Jomiel
|raw|AdaptiveGoose's rating: 1332 &rarr; <strong>1308</strong><br />(-24 for losing)
|raw|Jomiel's rating: 1261 &rarr; <strong>1291</strong><br />(+30 for winning)
|l|☆AdaptiveGoose
|player|p1|
|l|☆Jomiel
|player|p2|
