|j|☆sumige7
|j|☆vgc_trainer_999
|t:|1769439287
|gametype|singles
|player|p1|sumige7|101|1127
|player|p2|vgc_trainer_999|266|1116
|gen|9
|tier|[Gen 9] OU
|rated|
|rule|HP Percentage Mod: HP is shown in percentages
|rule|Endless Battle Clause: Forcing endless battles is banned
|rule|Species Clause: Limit one of each Pokémon
|rule|OHKO Clause: OHKO moves are banned
|rule|Evasion Items Clause: Evasion items are banned
|rule|Evasion Moves Clause: Evasion moves are banned
|rule|Evasion Abilities Clause: Evasion abilities are banned
|rule|Sleep Moves Clause: Sleep-inducing moves are banned
|clearpoke
|poke|p1|Decidueye, M|
|poke|p1|Primarina, F|
|poke|p1|Haxorus, F|
|poke|p1|Heatran, M|
|poke|p1|Braviary-Hisui, M|
|poke|p1|Krookodile, M|
|poke|p2|Kleavor, M|
|poke|p2|Glimmora, F|
|poke|p2|Garganacl, M|
|poke|p2|Ogerpon-Cornerstone, F|
|poke|p2|Tyranitar, M|
|poke|p2|Lycanroc, F|
|teampreview
|
|t:|1769439314
|teamsize|p1|6
|teamsize|p2|6
|start
|switch|p1a: Primarina|Primarina, F|100/100
|switch|p2a: Kleavor|Kleavor, M|100/100
|turn|1
|
|t:|1769439324
|move|p2a: Kleavor|Stone Axe|p1a: Primarina
|-damage|p1a: Primarina|36/100
|-sidestart|p1: sumige7|move: Stealth Rock
|move|p1a: Primarina|Surf|p2a: Kleavor
|-supereffective|p2a: Kleavor
|-enditem|p2a: Kleavor|Focus Sash
|-damage|p2a: Kleavor|1/100
|
|upkeep
|turn|2
|
|t:|1769439334
|move|p2a: Kleavor|Stone Axe|p1a: Primarina
|-damage|p1a: Primarina|0 fnt
|faint|p1a: Primarina
|
|upkeep
|
|t:|1769439339
|switch|p1a: Haxorus|Haxorus, F, shiny|100/100
|-damage|p1a: Haxorus|88/100|[from] Stealth Rock
|turn|3
|
|t:|1769439352
|move|p1a: Haxorus|First Impression|p2a: Kleavor
|-damage|p2a: Kleavor|0 fnt
|faint|p2a: Kleavor
|-damage|p1a: Haxorus|78/100|[from] item: Life Orb
|
|upkeep
|
|t:|1769439361
|switch|p2a: Glimmora|Glimmora, F|100/100
|turn|4
|
|t:|1769439368
|move|p1a: Haxorus|Aqua Tail|p2a: Glimmora
|-supereffective|p2a: Glimmora
|-damage|p2a: Glimmora|0 fnt
|-activate|p2a: Glimmora|ability: Toxic Debris
|-sidestart|p1: sumige7|move: Toxic Spikes
|faint|p2a: Glimmora
|-damage|p1a: Haxorus|69/100|[from] item: Life Orb
|
|upkeep
|
|t:|1769439381
|switch|p2a: Tyranitar|Tyranitar, M|100/100
|-weather|Sandstorm|[from] ability: Sand Stream|[of] p2a: Tyranitar
|turn|5
|
|t:|1769439387
|switch|p1a: Braviary|Braviary-Hisui, M|100/100
|-damage|p1a: Braviary|76/100|[from] Stealth Rock
|move|p2a: Tyranitar|Ice Punch|p1a: Braviary
|-supereffective|p1a: Braviary
|-crit|p1a: Braviary
|-damage|p1a: Braviary|0 fnt
|faint|p1a: Braviary
|
|-weather|Sandstorm|[upkeep]
|upkeep
|
|t:|1769439408
|switch|p1a: Haxorus|Haxorus, F, shiny|69/100
|-damage|p1a: Haxorus|56/100|[from] Stealth Rock
|-status|p1a: Haxorus|psn
|turn|6
|
|t:|1769439415
|move|p1a: Haxorus|Close Combat|p2a: Tyranitar
|-supereffective|p2a: Tyranitar
|-damage|p2a: Tyranitar|0 fnt
|-unboost|p1a: Haxorus|def|1
|-unboost|p1a: Haxorus|spd|1
|faint|p2a: Tyranitar
|-damage|p1a: Haxorus|46/100 psn|[from] item: Life Orb
|
|-weather|Sandstorm|[upkeep]
|-damage|p1a: Haxorus|40/100 psn|[from] Sandstorm
|-damage|p1a: Haxorus|28/100 psn|[from] psn
|upkeep
|
|t:|1769439427
|switch|p2a: Lycanroc|Lycanroc, F|100/100
|turn|7
|
|t:|1769439435
|move|p2a: Lycanroc|Play Rough|p1a: Haxorus|[miss]
|-miss|p2a: Lycanroc|p1a: Haxorus
|move|p1a: Haxorus|Close Combat|p2a: Lycanroc
|-supereffective|p2a: Lycanroc
|-enditem|p2a: Lycanroc|Focus Sash
|-damage|p2a: Lycanroc|1/100
|-unboost|p1a: Haxorus|def|1
|-unboost|p1a: Haxorus|spd|1
|-damage|p1a: Haxorus|18/100 psn|[from] item: Life Orb
|
|-weather|Sandstorm|[upkeep]
|-damage|p1a: Haxorus|12/100 psn|[from] Sandstorm
|-damage|p1a: Haxorus|0 fnt|[from] psn
|faint|p1a: Haxorus
|upkeep
|
|t:|1769439457
|switch|p1a: Decidueye|Decidueye, M|100/100
|-damage|p1a: Decidueye|88/100|[from] Stealth Rock
|-status|p1a: Decidueye|psn
|turn|8
|
|t:|1769439473
|move|p2a: Lycanroc|Rock Slide|p1a: Decidueye|[miss]
|-miss|p2a: Lycanroc|p1a: Decidueye
|move|p1a: Decidueye|Bullet Seed|p2a: Lycanroc
|-supereffective|p2a: Lycanroc
|-damage|p2a: Lycanroc|0 fnt
|faint|p2a: Lycanroc
|-hitcount|p2: Lycanroc|1
|-damage|p1a: Decidueye|78/100 psn|[from] item: Life Orb
|
|-weather|Sandstorm|[upkeep]
|-damage|p1a: Decidueye|72/100 psn|[from] Sandstorm
|-damage|p1a: Decidueye|60/100 psn|[from] psn
|upkeep
|
|t:|1769439486
|switch|p2a: Ogerpon|Ogerpon-Cornerstone, F|100/100
|turn|9
|
|t:|1769439494
|-terastallize|p1a: Decidueye|Steel
|move|p2a: Ogerpon|Swords Dance|p2a: Ogerpon
|-boost|p2a: Ogerpon|atk|2
|move|p1a: Decidueye|Bullet Seed|p2a: Ogerpon
|-crit|p2a: Ogerpon
|-damage|p2a: Ogerpon|66/100
|-damage|p2a: Ogerpon|42/100
|-damage|p2a: Ogerpon|21/100
|-damage|p2a: Ogerpon|1/100
|-damage|p2a: Ogerpon|0 fnt
|faint|p2a: Ogerpon
|-hitcount|p2: Ogerpon|5
|-damage|p1a: Decidueye|50/100 psn|[from] item: Life Orb
|
|-weather|none
|-damage|p1a: Decidueye|38/100 psn|[from] psn
|upkeep
|
|t:|1769439511
|switch|p2a: Garganacl|Garganacl, M|100/100
|turn|10
|
|t:|1769439519
|move|p1a: Decidueye|Bullet Seed|p2a: Garganacl
|-supereffective|p2a: Garganacl
|-damage|p2a: Garganacl|81/100
|-supereffective|p2a: Garganacl
|-crit|p2a: Garganacl
|-damage|p2a: Garganacl|47/100
|-hitcount|p2a: Garganacl|2
|-damage|p1a: Decidueye|28/100 psn|[from] item: Life Orb
|move|p2a: Garganacl|Body Press|p1a: Decidueye
|-supereffective|p1a: Decidueye
|-damage|p1a: Decidueye|0 fnt
|faint|p1a: Decidueye
|
|-heal|p2a: Garganacl|53/100|[from] item: Leftovers
|upkeep
|
|t:|1769439533
|switch|p1a: Krookodile|Krookodile, M|100/100
|-damage|p1a: Krookodile|94/100|[from] Stealth Rock
|-status|p1a: Krookodile|psn
|turn|11
|
|t:|1769439539
|-terastallize|p2a: Garganacl|Ghost
|move|p1a: Krookodile|Earthquake|p2a: Garganacl
|-damage|p2a: Garganacl|22/100
|move|p2a: Garganacl|Body Press|p1a: Krookodile
|-supereffective|p1a: Krookodile
|-damage|p1a: Krookodile|22/100 psn
|
|-heal|p2a: Garganacl|28/100|[from] item: Leftovers
|-damage|p1a: Krookodile|10/100 psn|[from] psn
|upkeep
|turn|12
|
|t:|1769439554
|move|p1a: Krookodile|Earthquake|p2a: Garganacl
|-damage|p2a: Garganacl|0 fnt
|faint|p2a: Garganacl
|
|win|sumige7
|raw|sumige7's rating: 1127 &rarr; <strong>1151</strong><br />(+24 for winning)
|raw|vgc_trainer_999's rating: 1116 &rarr; <strong>1092</strong><br />(-24 for losing)
|l|☆vgc_trainer_999
|player|p2|
|l|☆sumige7
|player|p1|
