|j|☆Cubavision
|j|☆arcfenrir
|t:|1769400060
|gametype|singles
|player|p1|Cubavision|musician|1351
|player|p2|arcfenrir|266|1378
|gen|9
|tier|[Gen 9] OU
|rated|
|rule|HP Percentage Mod: HP is shown in percentages
|rule|Endless Battle Clause: Forcing endless battles is banned
|rule|Species Clause: Limit one of each Pokémon
|rule|OHKO Clause: OHKO moves are banned
|rule|Evasion Items Clause: Evasion items are banned
|rule|Evasion Moves Clause: Evasion moves are banned
|rule|Evasion Abilities Clause: Evasion abilities are banned
|rule|Sleep Moves Clause: Sleep-inducing moves are banned
|clearpoke
|poke|p1|Rillaboom, M|
|poke|p1|Primarina, M|
|poke|p1|Darkrai|
|poke|p1|Ceruledge, M|
|poke|p1|Clodsire, M|
|poke|p1|Corviknight, F|
|poke|p2|Ribombee, F|
|poke|p2|Cinderace, F|
|poke|p2|Serperior, F|
|poke|p2|Mimikyu, M|
|poke|p2|Dragapult, F|
|poke|p2|Bisharp, M|
|teampreview
|
|t:|1769400075
|teamsize|p1|6
|teamsize|p2|6
|start
|switch|p1a: Ceruledge|Ceruledge, M|100/100
|switch|p2a: Ribombee|Ribombee, F|100/100
|turn|1
|inactive|Battle timer is ON: inactive players will automatically lose when time's up. (requested by Cubavision)
|
|t:|1769400082
|move|p2a: Ribombee|Stun Spore|p1a: Ceruledge
|-status|p1a: Ceruledge|par
|move|p1a: Ceruledge|Bitter Blade|p2a: Ribombee
|-supereffective|p2a: Ribombee
|-enditem|p2a: Ribombee|Focus Sash
|-damage|p2a: Ribombee|1/100
|
|upkeep
|turn|2
|
|t:|1769400095
|move|p1a: Ceruledge|Shadow Sneak|p2a: Ribombee
|-damage|p2a: Ribombee|0 fnt
|faint|p2a: Ribombee
|
|upkeep
|
|t:|1769400117
|switch|p2a: Dragapult|Dragapult, F|100/100
|turn|3
|
|t:|1769400129
|switch|p1a: Primarina|Primarina, M|100/100
|move|p2a: Dragapult|Dragon Darts|p1a: Primarina
|-immune|p1a: Primarina
|
|upkeep
|turn|4
|
|t:|1769400155
|switch|p2a: Serperior|Serperior, F|100/100
|move|p1a: Primarina|Substitute|p1a: Primarina
|-start|p1a: Primarina|Substitute
|-damage|p1a: Primarina|75/100
|
|-heal|p1a: Primarina|82/100|[from] item: Leftovers
|upkeep
|turn|5
|
|t:|1769400166
|-terastallize|p1a: Primarina|Steel
|move|p2a: Serperior|Leaf Storm|p1a: Primarina
|-resisted|p1a: Primarina
|-activate|p1a: Primarina|move: Substitute|[damage]
|-boost|p2a: Serperior|spa|2
|move|p1a: Primarina|Calm Mind|p1a: Primarina
|-boost|p1a: Primarina|spa|1
|-boost|p1a: Primarina|spd|1
|
|-heal|p1a: Primarina|88/100|[from] item: Leftovers
|upkeep
|turn|6
|
|t:|1769400177
|move|p2a: Serperior|Substitute|p2a: Serperior
|-start|p2a: Serperior|Substitute
|-damage|p2a: Serperior|76/100
|move|p1a: Primarina|Calm Mind|p1a: Primarina
|-boost|p1a: Primarina|spa|1
|-boost|p1a: Primarina|spd|1
|
|-heal|p2a: Serperior|82/100|[from] item: Leftovers
|-heal|p1a: Primarina|94/100|[from] item: Leftovers
|upkeep
|turn|7
|
|t:|1769400189
|move|p2a: Serperior|Leaf Storm|p1a: Primarina
|-resisted|p1a: Primarina
|-end|p1a: Primarina|Substitute
|-boost|p2a: Serperior|spa|2
|move|p1a: Primarina|Psychic Noise|p2a: Serperior
|-resisted|p2a: Serperior
|-damage|p2a: Serperior|47/100
|-start|p2a: Serperior|move: Heal Block
|
|-heal|p1a: Primarina|99/100|[from] item: Leftovers
|upkeep
|turn|8
|
|t:|1769400199
|-terastallize|p2a: Serperior|Fire
|move|p2a: Serperior|Tera Blast|p1a: Primarina|[anim] Tera Blast Fire
|-supereffective|p1a: Primarina
|-damage|p1a: Primarina|25/100
|move|p1a: Primarina|Psychic Noise|p2a: Serperior
|-supereffective|p2a: Serperior
|-damage|p2a: Serperior|0 fnt
|faint|p2a: Serperior
|
|-heal|p1a: Primarina|32/100|[from] item: Leftovers
|upkeep
|-message|arcfenrir forfeited.
|
|win|Cubavision
|raw|Cubavision's rating: 1351 &rarr; <strong>1373</strong><br />(+22 for winning)
|raw|arcfenrir's rating: 1378 &rarr; <strong>1356</strong><br />(-22 for losing)
|l|☆arcfenrir
|player|p2|
