|j|☆TrashiPanda
|j|☆frankoviking
|t:|1769406550
|gametype|singles
|player|p1|TrashiPanda|pokekid|1184
|player|p2|frankoviking|brock|1185
|gen|9
|tier|[Gen 9] OU
|rated|
|rule|HP Percentage Mod: HP is shown in percentages
|rule|Endless Battle Clause: Forcing endless battles is banned
|rule|Species Clause: Limit one of each Pokémon
|rule|OHKO Clause: OHKO moves are banned
|rule|Evasion Items Clause: Evasion items are banned
|rule|Evasion Moves Clause: Evasion moves are banned
|rule|Evasion Abilities Clause: Evasion abilities are banned
|rule|Sleep Moves Clause: Sleep-inducing moves are banned
|clearpoke
|poke|p1|Torkoal, M|
|poke|p1|Lilligant-Hisui, F|
|poke|p1|Great Tusk|
|poke|p1|Walking Wake|
|poke|p1|Raging Bolt|
|poke|p1|Moltres|
|poke|p2|Darkrai|
|poke|p2|Great Tusk|
|poke|p2|Heatran, M|
|poke|p2|Ogerpon-Wellspring, F|
|poke|p2|Ceruledge, F|
|poke|p2|Tornadus-Therian, M|
|teampreview
|inactive|Battle timer is ON: inactive players will automatically lose when time's up. (requested by frankoviking)
|inactive|TrashiPanda has 120 seconds left.
|
|t:|1769406581
|teamsize|p1|6
|teamsize|p2|6
|start
|switch|p1a: Great Tusk|Great Tusk|100/100
|switch|p2a: Great Tusk|Great Tusk|100/100
|turn|1
|
|t:|1769406589
|move|p1a: Great Tusk|Ice Spinner|p2a: Great Tusk
|-supereffective|p2a: Great Tusk
|-damage|p2a: Great Tusk|77/100
|move|p2a: Great Tusk|Knock Off|p1a: Great Tusk
|-resisted|p1a: Great Tusk
|-damage|p1a: Great Tusk|93/100
|-enditem|p1a: Great Tusk|Heavy-Duty Boots|[from] move: Knock Off|[of] p2a: Great Tusk
|
|-heal|p2a: Great Tusk|83/100|[from] item: Leftovers
|upkeep
|turn|2
|
|t:|1769406604
|move|p1a: Great Tusk|Earthquake|p2a: Great Tusk
|-damage|p2a: Great Tusk|61/100
|move|p2a: Great Tusk|Ice Spinner|p1a: Great Tusk
|-supereffective|p1a: Great Tusk
|-damage|p1a: Great Tusk|70/100
|
|-heal|p2a: Great Tusk|67/100|[from] item: Leftovers
|upkeep
|turn|3
|
|t:|1769406612
|move|p1a: Great Tusk|Ice Spinner|p2a: Great Tusk
|-supereffective|p2a: Great Tusk
|-crit|p2a: Great Tusk
|-damage|p2a: Great Tusk|31/100
|move|p2a: Great Tusk|Ice Spinner|p1a: Great Tusk
|-supereffective|p1a: Great Tusk
|-damage|p1a: Great Tusk|46/100
|
|-heal|p2a: Great Tusk|37/100|[from] item: Leftovers
|upkeep
|turn|4
|
|t:|1769406623
|move|p1a: Great Tusk|Rapid Spin|p2a: Great Tusk
|-crit|p2a: Great Tusk
|-damage|p2a: Great Tusk|26/100
|-boost|p1a: Great Tusk|spe|1
|move|p2a: Great Tusk|Ice Spinner|p1a: Great Tusk
|-supereffective|p1a: Great Tusk
|-damage|p1a: Great Tusk|23/100
|
|-heal|p2a: Great Tusk|32/100|[from] item: Leftovers
|upkeep
|turn|5
|
|t:|1769406627
|move|p1a: Great Tusk|Ice Spinner|p2a: Great Tusk
|-supereffective|p2a: Great Tusk
|-damage|p2a: Great Tusk|5/100
|move|p2a: Great Tusk|Ice Spinner|p1a: Great Tusk
|-supereffective|p1a: Great Tusk
|-damage|p1a: Great Tusk|0 fnt
|faint|p1a: Great Tusk
|-end|p1a: Great Tusk|Protosynthesis|[silent]
|
|-heal|p2a: Great Tusk|11/100|[from] item: Leftovers
|upkeep
|inactive|TrashiPanda has 120 seconds left.
|
|t:|1769406679
|switch|p1a: Moltres|Moltres|100/100
|turn|6
|
|t:|1769406686
|-end|p2a: Great Tusk|Protosynthesis|[silent]
|switch|p2a: Heatran|Heatran, M|100/100
|move|p1a: Moltres|Scorching Sands|p2a: Heatran
|-supereffective|p2a: Heatran
|-damage|p2a: Heatran|50/100
|
|-heal|p2a: Heatran|56/100|[from] item: Leftovers
|upkeep
|turn|7
|inactive|TrashiPanda has 120 seconds left.
|
|t:|1769406703
|switch|p2a: Tornadus|Tornadus-Therian, M|100/100
|move|p1a: Moltres|Scorching Sands|p2a: Tornadus
|-immune|p2a: Tornadus
|
|upkeep
|turn|8
|
|t:|1769406721
|move|p2a: Tornadus|Air Slash|p1a: Moltres|[miss]
|-miss|p2a: Tornadus|p1a: Moltres
|move|p1a: Moltres|U-turn|p2a: Tornadus
|-resisted|p2a: Tornadus
|-damage|p2a: Tornadus|91/100
|
|t:|1769406733
|switch|p1a: Torkoal|Torkoal, M|100/100|[from] U-turn
|-weather|SunnyDay|[from] ability: Drought|[of] p1a: Torkoal
|
|-weather|SunnyDay|[upkeep]
|upkeep
|turn|9
|
|t:|1769406743
|switch|p2a: Heatran|Heatran, M|56/100
|switch|p1a: Moltres|Moltres|100/100
|
|-weather|SunnyDay|[upkeep]
|-heal|p2a: Heatran|62/100|[from] item: Leftovers
|upkeep
|turn|10
|
|t:|1769406755
|switch|p2a: Great Tusk|Great Tusk|11/100
|-activate|p2a: Great Tusk|ability: Protosynthesis
|-start|p2a: Great Tusk|protosynthesisdef
|move|p1a: Moltres|Scorching Sands|p2a: Great Tusk
|-damage|p2a: Great Tusk|0 fnt
|faint|p2a: Great Tusk
|-end|p2a: Great Tusk|Protosynthesis|[silent]
|
|-weather|SunnyDay|[upkeep]
|upkeep
|
|t:|1769406764
|switch|p2a: Tornadus|Tornadus-Therian, M|100/100
|turn|11
|
|t:|1769406767
|move|p2a: Tornadus|Air Slash|p1a: Moltres
|-damage|p1a: Moltres|63/100
|move|p1a: Moltres|U-turn|p2a: Tornadus
|-resisted|p2a: Tornadus
|-crit|p2a: Tornadus
|-damage|p2a: Tornadus|84/100
|inactive|TrashiPanda has 120 seconds left.
|
|t:|1769406792
|switch|p1a: Raging Bolt|Raging Bolt|100/100|[from] U-turn
|-activate|p1a: Raging Bolt|ability: Protosynthesis
|-start|p1a: Raging Bolt|protosynthesisspa
|
|-weather|SunnyDay|[upkeep]
|upkeep
|turn|12
|
|t:|1769406797
|switch|p2a: Heatran|Heatran, M|62/100
|move|p1a: Raging Bolt|Thunderbolt|p2a: Heatran
|-damage|p2a: Heatran|17/100
|
|-weather|SunnyDay|[upkeep]
|-heal|p2a: Heatran|23/100|[from] item: Leftovers
|upkeep
|turn|13
|
|t:|1769406807
|move|p1a: Raging Bolt|Thunderbolt|p2a: Heatran
|-damage|p2a: Heatran|0 fnt
|faint|p2a: Heatran
|
|-weather|SunnyDay|[upkeep]
|upkeep
|
|t:|1769406815
|switch|p2a: Darkrai|Darkrai|100/100
|turn|14
|
|t:|1769406827
|-terastallize|p1a: Raging Bolt|Electric
|move|p2a: Darkrai|Dark Pulse|p1a: Raging Bolt
|-damage|p1a: Raging Bolt|58/100
|move|p1a: Raging Bolt|Thunderbolt|p2a: Darkrai
|-damage|p2a: Darkrai|0 fnt
|faint|p2a: Darkrai
|
|-weather|SunnyDay|[upkeep]
|upkeep
|
|t:|1769406834
|switch|p2a: Ceruledge|Ceruledge, F|100/100
|turn|15
|
|t:|1769406858
|move|p1a: Raging Bolt|Thunderbolt|p2a: Ceruledge
|-damage|p2a: Ceruledge|10/100
|move|p2a: Ceruledge|Bitter Blade|p1a: Raging Bolt
|-damage|p1a: Raging Bolt|0 fnt
|-heal|p2a: Ceruledge|49/100|[from] drain|[of] p1a: Raging Bolt
|faint|p1a: Raging Bolt
|-end|p1a: Raging Bolt|Protosynthesis|[silent]
|
|-weather|none
|upkeep
|
|t:|1769406867
|switch|p1a: Torkoal|Torkoal, M|100/100
|-weather|SunnyDay|[from] ability: Drought|[of] p1a: Torkoal
|turn|16
|inactive|frankoviking has 120 seconds left.
|
|t:|1769406910
|switch|p2a: Ogerpon|Ogerpon-Wellspring, F|100/100
|switch|p1a: Moltres|Moltres|63/100
|
|-weather|SunnyDay|[upkeep]
|upkeep
|turn|17
|inactive|TrashiPanda has 120 seconds left.
|
|t:|1769406938
|-terastallize|p2a: Ogerpon|Water
|detailschange|p2a: Ogerpon|Ogerpon-Wellspring-Tera, F, tera:Water
|-ability|p2a: Ogerpon|Embody Aspect (Wellspring)|boost
|-boost|p2a: Ogerpon|spd|1
|move|p2a: Ogerpon|Ivy Cudgel|p1a: Moltres|[anim] Ivy Cudgel Water
|-supereffective|p1a: Moltres
|-damage|p1a: Moltres|0 fnt
|faint|p1a: Moltres
|
|-weather|SunnyDay|[upkeep]
|upkeep
|inactive|TrashiPanda has 120 seconds left.
|
|t:|1769406953
|switch|p1a: Lilligant|Lilligant-Hisui, F|100/100
|turn|18
|inactive|frankoviking has 120 seconds left.
|l|☆frankoviking
|inactive|frankoviking disconnected and has a minute to reconnect!
|player|p2|
|j|☆frankoviking
|inactive|frankoviking reconnected and has 90 seconds left.
|player|p2|frankoviking|brock|
|
|t:|1769406999
|switch|p2a: Tornadus|Tornadus-Therian, M|100/100
|move|p1a: Lilligant|Solar Blade||[still]
|-prepare|p1a: Lilligant|Solar Blade
|-anim|p1a: Lilligant|Solar Blade|p2a: Tornadus
|-resisted|p2a: Tornadus
|-damage|p2a: Tornadus|44/100
|-damage|p1a: Lilligant|91/100|[from] item: Life Orb
|
|-weather|SunnyDay|[upkeep]
|upkeep
|turn|19
|inactive|TrashiPanda has 120 seconds left.
|inactive|frankoviking has 90 seconds left.
|
|t:|1769407011
|move|p1a: Lilligant|Solar Blade||[still]
|-prepare|p1a: Lilligant|Solar Blade
|-anim|p1a: Lilligant|Solar Blade|p2a: Tornadus
|-resisted|p2a: Tornadus
|-damage|p2a: Tornadus|0 fnt
|faint|p2a: Tornadus
|-damage|p1a: Lilligant|81/100|[from] item: Life Orb
|
|-weather|SunnyDay|[upkeep]
|upkeep
|inactive|frankoviking has 90 seconds left.
|
|t:|1769407018
|switch|p2a: Ceruledge|Ceruledge, F|49/100
|turn|20
|
|t:|1769407027
|move|p1a: Lilligant|Solar Blade||[still]
|-prepare|p1a: Lilligant|Solar Blade
|-anim|p1a: Lilligant|Solar Blade|p2a: Ceruledge
|-resisted|p2a: Ceruledge
|-damage|p2a: Ceruledge|0 fnt
|faint|p2a: Ceruledge
|-damage|p1a: Lilligant|71/100|[from] item: Life Orb
|
|-weather|SunnyDay|[upkeep]
|upkeep
|l|☆frankoviking
|inactive|frankoviking disconnected and has a minute to reconnect!
|player|p2|
|inactive|frankoviking has 30 seconds to reconnect!
|inactive|frankoviking has 20 seconds to reconnect!
|inactive|frankoviking has 15 seconds to reconnect!
|inactive|frankoviking has 10 seconds to reconnect!
|inactive|frankoviking has 5 seconds to reconnect!
|-message|frankoviking lost due to inactivity.
|
|win|TrashiPanda
|raw|TrashiPanda's rating: 1184 &rarr; <strong>1209</strong><br />(+25 for winning)
|raw|frankoviking's rating: 1185 &rarr; <strong>1160</strong><br />(-25 for losing)
