|j|☆bracolaca
|j|☆puneet0611
|t:|1769370888
|gametype|singles
|player|p1|bracolaca|hilbert|1123
|player|p2|puneet0611|170|1112
|gen|9
|tier|[Gen 9] OU
|rated|
|rule|HP Percentage Mod: HP is shown in percentages
|rule|Endless Battle Clause: Forcing endless battles is banned
|rule|Species Clause: Limit one of each Pokémon
|rule|OHKO Clause: OHKO moves are banned
|rule|Evasion Items Clause: Evasion items are banned
|rule|Evasion Moves Clause: Evasion moves are banned
|rule|Evasion Abilities Clause: Evasion abilities are banned
|rule|Sleep Moves Clause: Sleep-inducing moves are banned
|clearpoke
|poke|p1|Meowscarada, M|
|poke|p1|Iron Moth|
|poke|p1|Kingambit, M|
|poke|p1|Zoroark-Hisui, F|
|poke|p1|Garganacl, M|
|poke|p1|Kyurem|
|poke|p2|Dugtrio, M|
|poke|p2|Whimsicott, M|
|poke|p2|Numel, F|
|poke|p2|Kingambit, M|
|poke|p2|Polteageist|
|poke|p2|Tyranitar, F|
|teampreview
|inactive|Battle timer is ON: inactive players will automatically lose when time's up. (requested by puneet0611)
|inactive|bracolaca has 120 seconds left.
|
|t:|1769370946
|teamsize|p1|6
|teamsize|p2|6
|start
|switch|p1a: kimera|Kyurem|100/100
|switch|p2a: Whimsicott|Whimsicott, M|100/100
|turn|1
|
|t:|1769370956
|move|p2a: Whimsicott|Memento|p1a: kimera
|-unboost|p1a: kimera|atk|2
|-unboost|p1a: kimera|spa|2
|faint|p2a: Whimsicott
|move|p1a: kimera|Nasty Plot|p1a: kimera
|-boost|p1a: kimera|spa|2
|
|upkeep
|
|t:|1769370962
|switch|p2a: Numel|Numel, F|100/100
|turn|2
|
|t:|1769370967
|move|p1a: kimera|Nasty Plot|p1a: kimera
|-boost|p1a: kimera|spa|2
|move|p2a: Numel|Stockpile|p2a: Numel
|-start|p2a: Numel|stockpile1
|-boost|p2a: Numel|def|2
|-boost|p2a: Numel|spd|2
|
|upkeep
|turn|3
|
|t:|1769370974
|-terastallize|p2a: Numel|Fire
|move|p1a: kimera|Nasty Plot|p1a: kimera
|-boost|p1a: kimera|spa|2
|move|p2a: Numel|Stockpile|p2a: Numel
|-start|p2a: Numel|stockpile2
|-boost|p2a: Numel|def|2
|-boost|p2a: Numel|spd|2
|
|upkeep
|turn|4
|
|t:|1769370984
|move|p1a: kimera|Nasty Plot|p1a: kimera
|-boost|p1a: kimera|spa|2
|move|p2a: Numel|Howl|p2a: Numel
|-boost|p2a: Numel|atk|2
|
|upkeep
|turn|5
|
|t:|1769370989
|move|p1a: kimera|Shadow Ball|p2a: Numel
|-damage|p2a: Numel|44/100
|move|p2a: Numel|Flame Charge|p1a: kimera
|-damage|p1a: kimera|30/100
|-boost|p2a: Numel|spe|2
|replace|p1a: Zoroark|Zoroark-Hisui, F
|-end|p1a: Zoroark|Illusion
|
|upkeep
|turn|6
|
|t:|1769371000
|move|p1a: Zoroark|Shadow Ball|p2a: Numel
|-damage|p2a: Numel|0 fnt
|faint|p2a: Numel
|
|upkeep
|
|t:|1769371004
|switch|p2a: Tyranitar|Tyranitar, F|100/100
|-weather|Sandstorm|[from] ability: Sand Stream|[of] p2a: Tyranitar
|turn|7
|
|t:|1769371009
|move|p1a: Zoroark|Focus Blast|p2a: Tyranitar
|-supereffective|p2a: Tyranitar
|-crit|p2a: Tyranitar
|-damage|p2a: Tyranitar|0 fnt
|faint|p2a: Tyranitar
|
|-weather|Sandstorm|[upkeep]
|-damage|p1a: Zoroark|24/100|[from] Sandstorm
|upkeep
|
|t:|1769371014
|switch|p2a: Dugtrio|Dugtrio, M|100/100
|turn|8
|
|t:|1769371018
|move|p2a: Dugtrio|Sucker Punch|p1a: Zoroark
|-supereffective|p1a: Zoroark
|-damage|p1a: Zoroark|0 fnt
|faint|p1a: Zoroark
|
|-weather|Sandstorm|[upkeep]
|upkeep
|
|t:|1769371023
|switch|p1a: Melione|Meowscarada, M|100/100
|turn|9
|
|t:|1769371040
|move|p2a: Dugtrio|Sucker Punch|p1a: Melione
|-resisted|p1a: Melione
|-damage|p1a: Melione|84/100
|move|p1a: Melione|Flower Trick|p2a: Dugtrio
|-start|p1a: Melione|typechange|Grass|[from] ability: Protean
|-supereffective|p2a: Dugtrio
|-crit|p2a: Dugtrio
|-damage|p2a: Dugtrio|0 fnt
|faint|p2a: Dugtrio
|
|-weather|Sandstorm|[upkeep]
|-damage|p1a: Melione|78/100|[from] Sandstorm
|upkeep
|
|t:|1769371054
|switch|p2a: Polteageist|Polteageist, shiny|100/100
|turn|10
|
|t:|1769371058
|move|p1a: Melione|Knock Off|p2a: Polteageist
|-supereffective|p2a: Polteageist
|-enditem|p2a: Polteageist|Focus Sash
|-damage|p2a: Polteageist|1/100
|-ability|p2a: Polteageist|Weak Armor|boost
|-unboost|p2a: Polteageist|def|1
|-boost|p2a: Polteageist|spe|2
|move|p2a: Polteageist|Shell Smash|p2a: Polteageist
|-unboost|p2a: Polteageist|def|1
|-unboost|p2a: Polteageist|spd|1
|-boost|p2a: Polteageist|atk|2
|-boost|p2a: Polteageist|spa|2
|-boost|p2a: Polteageist|spe|2
|
|-weather|Sandstorm|[upkeep]
|-damage|p2a: Polteageist|0 fnt|[from] Sandstorm
|-damage|p1a: Melione|72/100|[from] Sandstorm
|faint|p2a: Polteageist
|upkeep
|
|t:|1769371062
|switch|p2a: Kingambit|Kingambit, M|100/100
|-activate|p2a: Kingambit|ability: Supreme Overlord
|-start|p2a: Kingambit|fallen5|[silent]
|turn|11
|
|t:|1769371077
|move|p1a: Melione|U-turn|p2a: Kingambit
|-damage|p2a: Kingambit|83/100
|
|t:|1769371081
|switch|p1a: Iron Angel|Iron Moth, shiny|100/100|[from] U-turn
|-enditem|p1a: Iron Angel|Booster Energy
|-activate|p1a: Iron Angel|ability: Quark Drive|[fromitem]
|-start|p1a: Iron Angel|quarkdrivespa
|move|p2a: Kingambit|Swords Dance|p2a: Kingambit
|-boost|p2a: Kingambit|atk|2
|
|-weather|none
|-heal|p2a: Kingambit|90/100|[from] item: Leftovers
|upkeep
|turn|12
|
|t:|1769371092
|move|p2a: Kingambit|Sucker Punch|p1a: Iron Angel
|-damage|p1a: Iron Angel|0 fnt
|faint|p1a: Iron Angel
|-end|p1a: Iron Angel|Quark Drive|[silent]
|
|-heal|p2a: Kingambit|96/100|[from] item: Leftovers
|upkeep
|
|t:|1769371098
|switch|p1a: Garganacl|Garganacl, M|100/100
|turn|13
|
|t:|1769371104
|move|p2a: Kingambit|Swords Dance|p2a: Kingambit
|-boost|p2a: Kingambit|atk|2
|move|p1a: Garganacl|Salt Cure|p2a: Kingambit
|-resisted|p2a: Kingambit
|-damage|p2a: Kingambit|91/100
|-start|p2a: Kingambit|Salt Cure
|
|-heal|p2a: Kingambit|97/100|[from] item: Leftovers
|-damage|p2a: Kingambit|72/100|[from] Salt Cure
|upkeep
|turn|14
|
|t:|1769371113
|move|p1a: Garganacl|Protect|p1a: Garganacl
|-singleturn|p1a: Garganacl|Protect
|move|p2a: Kingambit|Swords Dance|p2a: Kingambit
|-boost|p2a: Kingambit|atk|2
|
|-heal|p2a: Kingambit|78/100|[from] item: Leftovers
|-damage|p2a: Kingambit|53/100|[from] Salt Cure
|upkeep
|turn|15
|
|t:|1769371121
|move|p2a: Kingambit|Brick Break|p1a: Garganacl
|-supereffective|p1a: Garganacl
|-damage|p1a: Garganacl|0 fnt
|faint|p1a: Garganacl
|
|-heal|p2a: Kingambit|60/100|[from] item: Leftovers
|-damage|p2a: Kingambit|35/100|[from] Salt Cure
|upkeep
|
|t:|1769371128
|switch|p1a: Melione|Meowscarada, M|72/100
|turn|16
|
|t:|1769371137
|move|p2a: Kingambit|Sucker Punch|p1a: Melione
|-resisted|p1a: Melione
|-damage|p1a: Melione|0 fnt
|faint|p1a: Melione
|
|-heal|p2a: Kingambit|41/100|[from] item: Leftovers
|-damage|p2a: Kingambit|16/100|[from] Salt Cure
|upkeep
|
|t:|1769371143
|switch|p1a: kimera|Kyurem|100/100
|-ability|p1a: kimera|Pressure
|turn|17
|c|☆puneet0611|Ggs.
|
|t:|1769371152
|-terastallize|p1a: kimera|Ground
|move|p2a: Kingambit|Sucker Punch|p1a: kimera
|-damage|p1a: kimera|0 fnt
|faint|p1a: kimera
|
|-heal|p2a: Kingambit|22/100|[from] item: Leftovers
|-damage|p2a: Kingambit|0 fnt|[from] Salt Cure
|faint|p2a: Kingambit
|-end|p2a: Kingambit|fallen5|[silent]
|
|win|bracolaca
|raw|bracolaca's rating: 1123 &rarr; <strong>1147</strong><br />(+24 for winning)
|raw|puneet0611's rating: 1112 &rarr; <strong>1088</strong><br />(-24 for losing)
|l|☆bracolaca
|player|p1|
