|badge|p1|silver|gen9ou|30-8
|uhtml|medal-msg|<div class="broadcast-blue">Curious what those medals under the avatar are? PS now has Ladder Seasons! For more information, check out the <a href="https://www.smogon.com/forums/threads/3740067/">thread on Smogon.</a></div>
|j|☆Acastillo631
|j|☆Iznamakin
|t:|1769398792
|gametype|singles
|player|p1|Acastillo631|silver|1922
|player|p2|Iznamakin|chase|1836
|gen|9
|tier|[Gen 9] OU
|rated|
|rule|HP Percentage Mod: HP is shown in percentages
|rule|Endless Battle Clause: Forcing endless battles is banned
|rule|Species Clause: Limit one of each Pokémon
|rule|OHKO Clause: OHKO moves are banned
|rule|Evasion Items Clause: Evasion items are banned
|rule|Evasion Moves Clause: Evasion moves are banned
|rule|Evasion Abilities Clause: Evasion abilities are banned
|rule|Sleep Moves Clause: Sleep-inducing moves are banned
|clearpoke
|poke|p1|Iron Valiant|
|poke|p1|Sinistcha|
|poke|p1|Tyranitar, M|
|poke|p1|Keldeo-Resolute|
|poke|p1|Iron Treads|
|poke|p1|Klefki, M|
|poke|p2|Iron Valiant|
|poke|p2|Greninja-*, M|
|poke|p2|Glimmora, F|
|poke|p2|Kingambit, F|
|poke|p2|Iron Jugulis|
|poke|p2|Iron Moth|
|teampreview
|inactive|Battle timer is ON: inactive players will automatically lose when time's up. (requested by Iznamakin)
|l|☆Acastillo631
|inactive|Acastillo631 disconnected and has a minute to reconnect!
|player|p1|
|j|☆Acastillo631
|inactive|Acastillo631 reconnected and has 140 seconds left.
|player|p1|Acastillo631|silver|
|
|t:|1769398815
|teamsize|p1|6
|teamsize|p2|6
|start
|switch|p1a: Redips|Klefki, M|100/100
|switch|p2a: Iron Jugulis|Iron Jugulis|100/100
|-enditem|p2a: Iron Jugulis|Booster Energy
|-activate|p2a: Iron Jugulis|ability: Quark Drive|[fromitem]
|-start|p2a: Iron Jugulis|quarkdrivespe
|turn|1
|
|t:|1769398821
|move|p1a: Redips|Magnet Rise|p1a: Redips
|-start|p1a: Redips|Magnet Rise
|move|p2a: Iron Jugulis|Knock Off|p1a: Redips
|-resisted|p1a: Redips
|-damage|p1a: Redips|89/100
|-damage|p2a: Iron Jugulis|84/100|[from] item: Rocky Helmet|[of] p1a: Redips
|-enditem|p1a: Redips|Rocky Helmet|[from] move: Knock Off|[of] p2a: Iron Jugulis
|
|upkeep
|turn|2
|
|t:|1769398830
|move|p1a: Redips|Thunder Wave|p2a: Iron Jugulis
|-hint|Since gen 7, Dark is immune to Prankster moves.
|-immune|p2a: Iron Jugulis
|move|p2a: Iron Jugulis|Fire Blast|p1a: Redips
|-supereffective|p1a: Redips
|-damage|p1a: Redips|8/100
|
|upkeep
|turn|3
|
|t:|1769398838
|switch|p1a: Eregion|Tyranitar, M|100/100
|-weather|Sandstorm|[from] ability: Sand Stream|[of] p1a: Eregion
|move|p2a: Iron Jugulis|Fire Blast|p1a: Eregion
|-resisted|p1a: Eregion
|-damage|p1a: Eregion|93/100
|
|-weather|Sandstorm|[upkeep]
|-damage|p2a: Iron Jugulis|78/100|[from] Sandstorm
|-heal|p1a: Eregion|99/100|[from] item: Leftovers
|upkeep
|turn|4
|
|t:|1769398845
|move|p2a: Iron Jugulis|Knock Off|p1a: Eregion
|-resisted|p1a: Eregion
|-crit|p1a: Eregion
|-damage|p1a: Eregion|86/100
|-enditem|p1a: Eregion|Leftovers|[from] move: Knock Off|[of] p2a: Iron Jugulis
|move|p1a: Eregion|Stealth Rock|p2a: Iron Jugulis
|-sidestart|p2: Iznamakin|move: Stealth Rock
|
|-weather|Sandstorm|[upkeep]
|-damage|p2a: Iron Jugulis|72/100|[from] Sandstorm
|upkeep
|turn|5
|
|t:|1769398851
|move|p2a: Iron Jugulis|Hurricane|p1a: Eregion
|-resisted|p1a: Eregion
|-damage|p1a: Eregion|75/100
|move|p1a: Eregion|Ice Beam|p2a: Iron Jugulis
|-supereffective|p2a: Iron Jugulis
|-damage|p2a: Iron Jugulis|18/100
|
|-weather|Sandstorm|[upkeep]
|-damage|p2a: Iron Jugulis|12/100|[from] Sandstorm
|upkeep
|turn|6
|
|t:|1769398857
|move|p2a: Iron Jugulis|Hurricane|p1a: Eregion
|-resisted|p1a: Eregion
|-damage|p1a: Eregion|63/100
|move|p1a: Eregion|Roar|p2a: Iron Jugulis
|-end|p2a: Iron Jugulis|Quark Drive|[silent]
|drag|p2a: Kingambit|Kingambit, F|100/100
|-damage|p2a: Kingambit|94/100|[from] Stealth Rock
|
|-weather|Sandstorm|[upkeep]
|-heal|p2a: Kingambit|100/100|[from] item: Leftovers
|upkeep
|turn|7
|
|t:|1769398866
|-end|p2a: Kingambit|fallenundefined|[silent]
|switch|p2a: Iron Jugulis|Iron Jugulis|12/100
|-damage|p2a: Iron Jugulis|0 fnt|[from] Stealth Rock
|faint|p2a: Iron Jugulis
|-end|p2a: Iron Jugulis|Quark Drive|[silent]
|switch|p1a: Spiral Pegasus|Keldeo-Resolute|100/100
|
|-weather|none
|upkeep
|
|t:|1769398868
|switch|p2a: Iron Valiant|Iron Valiant|100/100
|-damage|p2a: Iron Valiant|94/100|[from] Stealth Rock
|-enditem|p2a: Iron Valiant|Booster Energy
|-activate|p2a: Iron Valiant|ability: Quark Drive|[fromitem]
|-start|p2a: Iron Valiant|quarkdrivespe
|turn|8
|
|t:|1769398880
|-terastallize|p1a: Spiral Pegasus|Water
|move|p2a: Iron Valiant|Spirit Break|p1a: Spiral Pegasus
|-damage|p1a: Spiral Pegasus|55/100
|-unboost|p1a: Spiral Pegasus|spa|1
|move|p1a: Spiral Pegasus|Surf|p2a: Iron Valiant
|-damage|p2a: Iron Valiant|23/100
|
|upkeep
|turn|9
|
|t:|1769398897
|switch|p1a: Wire Sponge|Sinistcha|100/100
|move|p2a: Iron Valiant|Close Combat|p1a: Wire Sponge
|-immune|p1a: Wire Sponge
|
|upkeep
|turn|10
|
|t:|1769398901
|move|p2a: Iron Valiant|Swords Dance|p2a: Iron Valiant
|-boost|p2a: Iron Valiant|atk|2
|move|p1a: Wire Sponge|Shadow Ball|p2a: Iron Valiant
|-damage|p2a: Iron Valiant|0 fnt
|faint|p2a: Iron Valiant
|-end|p2a: Iron Valiant|Quark Drive|[silent]
|
|upkeep
|
|t:|1769398905
|switch|p2a: Greninja|Greninja, M|100/100
|-damage|p2a: Greninja|88/100|[from] Stealth Rock
|turn|11
|
|t:|1769398909
|switch|p1a: Eregion|Tyranitar, M|63/100
|-weather|Sandstorm|[from] ability: Sand Stream|[of] p1a: Eregion
|move|p2a: Greninja|Hydro Pump|p1a: Eregion
|-supereffective|p1a: Eregion
|-crit|p1a: Eregion
|-damage|p1a: Eregion|0 fnt
|faint|p1a: Eregion
|-ability|p2a: Greninja|Battle Bond|boost
|-boost|p2a: Greninja|atk|1
|-boost|p2a: Greninja|spa|1
|-boost|p2a: Greninja|spe|1
|-activate|p2a: Greninja|ability: Battle Bond
|-damage|p2a: Greninja|78/100|[from] item: Life Orb
|
|-weather|Sandstorm|[upkeep]
|-damage|p2a: Greninja|72/100|[from] Sandstorm
|upkeep
|
|t:|1769398922
|switch|p1a: Spiral Pegasus|Keldeo-Resolute, tera:Water|55/100
|turn|12
|
|t:|1769398934
|switch|p1a: Wire Sponge|Sinistcha|100/100
|-terastallize|p2a: Greninja|Ghost
|move|p2a: Greninja|Dark Pulse|p1a: Wire Sponge
|-supereffective|p1a: Wire Sponge
|-damage|p1a: Wire Sponge|0 fnt
|faint|p1a: Wire Sponge
|-damage|p2a: Greninja|63/100|[from] item: Life Orb
|
|-weather|Sandstorm|[upkeep]
|-damage|p2a: Greninja|57/100|[from] Sandstorm
|upkeep
|
|t:|1769398938
|switch|p1a: Redips|Klefki, M|8/100
|turn|13
|
|t:|1769398945
|move|p2a: Greninja|Water Shuriken|p1a: Redips
|-crit|p1a: Redips
|-damage|p1a: Redips|0 fnt
|faint|p1a: Redips
|-hitcount|p1: Redips|1
|-damage|p2a: Greninja|47/100|[from] item: Life Orb
|
|-weather|Sandstorm|[upkeep]
|-damage|p2a: Greninja|41/100|[from] Sandstorm
|upkeep
|
|t:|1769398952
|switch|p1a: Spiral Pegasus|Keldeo-Resolute, tera:Water|55/100
|turn|14
|
|t:|1769398956
|move|p2a: Greninja|Dark Pulse|p1a: Spiral Pegasus
|-damage|p1a: Spiral Pegasus|0 fnt
|faint|p1a: Spiral Pegasus
|-damage|p2a: Greninja|31/100|[from] item: Life Orb
|
|-weather|Sandstorm|[upkeep]
|-damage|p2a: Greninja|25/100|[from] Sandstorm
|upkeep
|-message|Acastillo631 forfeited.
|
|win|Iznamakin
|raw|Acastillo631's rating: 1922 &rarr; <strong>1897</strong><br />(-25 for losing)
|raw|Iznamakin's rating: 1836 &rarr; <strong>1861</strong><br />(+25 for winning)
|l|☆Acastillo631
|player|p1|
