|j|☆yuxia999
|j|☆chronos556
|t:|1769416402
|gametype|singles
|player|p1|yuxia999|dawn|1404
|player|p2|chronos556|170|1409
|gen|9
|tier|[Gen 9] OU
|rated|
|rule|HP Percentage Mod: HP is shown in percentages
|rule|Endless Battle Clause: Forcing endless battles is banned
|rule|Species Clause: Limit one of each Pokémon
|rule|OHKO Clause: OHKO moves are banned
|rule|Evasion Items Clause: Evasion items are banned
|rule|Evasion Moves Clause: Evasion moves are banned
|rule|Evasion Abilities Clause: Evasion abilities are banned
|rule|Sleep Moves Clause: Sleep-inducing moves are banned
|clearpoke
|poke|p1|Alomomola, M|
|poke|p1|Slowking-Galar, M|
|poke|p1|Kingambit, F|
|poke|p1|Great Tusk|
|poke|p1|Dragapult, M|
|poke|p1|Thundurus-Therian, M|
|poke|p2|Ting-Lu|
|poke|p2|Ogerpon-Wellspring, F|
|poke|p2|Zamazenta-*|
|poke|p2|Raging Bolt|
|poke|p2|Cyclizar, M|
|poke|p2|Metagross|
|teampreview
|inactive|Battle timer is ON: inactive players will automatically lose when time's up. (requested by chronos556)
|inactive|yuxia999 also wants the timer to be on.
|
|t:|1769416416
|teamsize|p1|6
|teamsize|p2|6
|start
|switch|p1a: Thundurus|Thundurus-Therian, M|100/100
|switch|p2a: Bonk|Ogerpon-Wellspring, F|100/100
|turn|1
|
|t:|1769416430
|move|p2a: Bonk|Ivy Cudgel|p1a: Thundurus|[anim] Ivy Cudgel Water
|-damage|p1a: Thundurus|10/100
|move|p1a: Thundurus|Thunderbolt|p2a: Bonk
|-damage|p2a: Bonk|40/100
|
|upkeep
|turn|2
|
|t:|1769416438
|move|p2a: Bonk|Ivy Cudgel|p1a: Thundurus|[anim] Ivy Cudgel Water
|-damage|p1a: Thundurus|0 fnt
|faint|p1a: Thundurus
|
|upkeep
|
|t:|1769416446
|switch|p1a: Dragapult|Dragapult, M|100/100
|turn|3
|
|t:|1769416449
|switch|p2a: Fishbowl|Ting-Lu|100/100
|-ability|p2a: Fishbowl|Vessel of Ruin
|move|p1a: Dragapult|Will-O-Wisp|p2a: Fishbowl|[miss]
|-miss|p1a: Dragapult|p2a: Fishbowl
|
|upkeep
|turn|4
|
|t:|1769416456
|switch|p2a: Gerald|Raging Bolt|100/100
|move|p1a: Dragapult|Will-O-Wisp|p2a: Gerald
|-status|p2a: Gerald|brn
|
|-damage|p2a: Gerald|94/100 brn|[from] brn
|upkeep
|turn|5
|
|t:|1769416462
|switch|p1a: Slowking|Slowking-Galar, M|100/100
|-terastallize|p2a: Gerald|Fairy
|move|p2a: Gerald|Draco Meteor|p1a: Slowking
|-damage|p1a: Slowking|56/100
|-unboost|p2a: Gerald|spa|2
|
|-heal|p2a: Gerald|100/100 brn|[from] item: Leftovers
|-damage|p2a: Gerald|94/100 brn|[from] brn
|upkeep
|turn|6
|
|t:|1769416468
|-end|p2a: Gerald|Protosynthesis|[silent]
|switch|p2a: Metagross|Metagross|100/100
|-prepare|p1a: Slowking|Chilly Reception|[premajor]
|move|p1a: Slowking|Chilly Reception|p1a: Slowking
|-weather|Snowscape
|
|t:|1769416472
|switch|p1a: Alomomola|Alomomola, M|100/100|[from] Chilly Reception
|
|-weather|Snowscape|[upkeep]
|upkeep
|turn|7
|
|t:|1769416478
|switch|p2a: Gerald|Raging Bolt, tera:Fairy|94/100 brn
|move|p1a: Alomomola|Flip Turn|p2a: Gerald
|-damage|p2a: Gerald|81/100 brn
|
|t:|1769416481
|switch|p1a: Slowking|Slowking-Galar, M|89/100|[from] Flip Turn
|
|-weather|Snowscape|[upkeep]
|-heal|p2a: Gerald|87/100 brn|[from] item: Leftovers
|-damage|p2a: Gerald|81/100 brn|[from] brn
|upkeep
|turn|8
|
|t:|1769416485
|move|p2a: Gerald|Calm Mind|p2a: Gerald
|-boost|p2a: Gerald|spa|1
|-boost|p2a: Gerald|spd|1
|move|p1a: Slowking|Future Sight|p2a: Gerald
|-start|p1a: Slowking|move: Future Sight
|
|-weather|Snowscape|[upkeep]
|-heal|p2a: Gerald|87/100 brn|[from] item: Leftovers
|-damage|p2a: Gerald|81/100 brn|[from] brn
|upkeep
|turn|9
|
|t:|1769416491
|move|p2a: Gerald|Calm Mind|p2a: Gerald
|-boost|p2a: Gerald|spa|1
|-boost|p2a: Gerald|spd|1
|-prepare|p1a: Slowking|Chilly Reception|[premajor]
|move|p1a: Slowking|Chilly Reception|p1a: Slowking
|
|t:|1769416493
|switch|p1a: Great Tusk|Great Tusk|100/100|[from] Chilly Reception
|
|-weather|Snowscape|[upkeep]
|-heal|p2a: Gerald|87/100 brn|[from] item: Leftovers
|-damage|p2a: Gerald|81/100 brn|[from] brn
|upkeep
|turn|10
|
|t:|1769416496
|move|p1a: Great Tusk|Headlong Rush|p2a: Gerald
|-damage|p2a: Gerald|25/100 brn
|-unboost|p1a: Great Tusk|def|1
|-unboost|p1a: Great Tusk|spd|1
|move|p2a: Gerald|Draco Meteor|p1a: Great Tusk
|-damage|p1a: Great Tusk|0 fnt
|-unboost|p2a: Gerald|spa|2
|faint|p1a: Great Tusk
|-end|p1a: Great Tusk|Protosynthesis|[silent]
|
|-weather|none
|-end|p2a: Gerald|move: Future Sight
|-damage|p2a: Gerald|7/100 brn
|-heal|p2a: Gerald|13/100 brn|[from] item: Leftovers
|-damage|p2a: Gerald|7/100 brn|[from] brn
|upkeep
|
|t:|1769416501
|switch|p1a: Dragapult|Dragapult, M|100/100
|turn|11
|
|t:|1769416504
|move|p2a: Gerald|Thunderclap|p1a: Dragapult
|-resisted|p1a: Dragapult
|-damage|p1a: Dragapult|73/100
|move|p1a: Dragapult|Shadow Ball|p2a: Gerald
|-damage|p2a: Gerald|0 fnt
|faint|p2a: Gerald
|-end|p2a: Gerald|Protosynthesis|[silent]
|
|upkeep
|
|t:|1769416512
|switch|p2a: Metagross|Metagross|100/100
|turn|12
|
|t:|1769416521
|-terastallize|p1a: Dragapult|Dragon
|move|p1a: Dragapult|Will-O-Wisp|p2a: Metagross
|-status|p2a: Metagross|brn
|move|p2a: Metagross|Earthquake|p1a: Dragapult
|-damage|p1a: Dragapult|48/100
|
|-damage|p2a: Metagross|94/100 brn|[from] brn
|upkeep
|turn|13
|
|t:|1769416534
|switch|p1a: Alomomola|Alomomola, M|100/100
|move|p2a: Metagross|Heavy Slam|p1a: Alomomola
|-resisted|p1a: Alomomola
|-damage|p1a: Alomomola|91/100
|-damage|p2a: Metagross|78/100 brn|[from] item: Rocky Helmet|[of] p1a: Alomomola
|
|-damage|p2a: Metagross|72/100 brn|[from] brn
|upkeep
|turn|14
|
|t:|1769416539
|switch|p2a: Bonk|Ogerpon-Wellspring, F|40/100
|move|p1a: Alomomola|Wish|p1a: Alomomola
|
|upkeep
|turn|15
|
|t:|1769416558
|switch|p1a: Kingambit|Kingambit, F|100/100
|-activate|p1a: Kingambit|ability: Supreme Overlord
|-start|p1a: Kingambit|fallen2|[silent]
|move|p2a: Bonk|Wood Hammer|p1a: Kingambit
|-resisted|p1a: Kingambit
|-damage|p1a: Kingambit|74/100
|-damage|p2a: Bonk|28/100|[from] Recoil
|
|-heal|p1a: Kingambit|100/100|[from] move: Wish|[wisher] Alomomola
|upkeep
|turn|16
|
|t:|1769416570
|switch|p2a: Shieldoge|Zamazenta|100/100
|-ability|p2a: Shieldoge|Dauntless Shield|boost
|-boost|p2a: Shieldoge|def|1
|move|p1a: Kingambit|Iron Head|p2a: Shieldoge
|-damage|p2a: Shieldoge|68/100
|
|upkeep
|turn|17
|
|t:|1769416574
|-end|p1a: Kingambit|fallen2|[silent]
|switch|p1a: Alomomola|Alomomola, M|100/100
|move|p2a: Shieldoge|Close Combat|p1a: Alomomola
|-damage|p1a: Alomomola|55/100
|-unboost|p2a: Shieldoge|def|1
|-unboost|p2a: Shieldoge|spd|1
|-damage|p2a: Shieldoge|51/100|[from] item: Rocky Helmet|[of] p1a: Alomomola
|
|upkeep
|turn|18
|
|t:|1769416585
|switch|p2a: Bonk|Ogerpon-Wellspring, F|28/100
|move|p1a: Alomomola|Wish|p1a: Alomomola
|
|upkeep
|turn|19
|
|t:|1769416595
|switch|p2a: Fishbowl|Ting-Lu|100/100
|-ability|p2a: Fishbowl|Vessel of Ruin
|switch|p1a: Kingambit|Kingambit, F|100/100
|-activate|p1a: Kingambit|ability: Supreme Overlord
|-start|p1a: Kingambit|fallen2|[silent]
|
|upkeep
|turn|20
|
|t:|1769416599
|move|p1a: Kingambit|Kowtow Cleave|p2a: Fishbowl
|-resisted|p2a: Fishbowl
|-damage|p2a: Fishbowl|83/100
|move|p2a: Fishbowl|Earthquake|p1a: Kingambit
|-supereffective|p1a: Kingambit
|-crit|p1a: Kingambit
|-damage|p1a: Kingambit|0 fnt
|faint|p1a: Kingambit
|-end|p1a: Kingambit|fallen2|[silent]
|
|-heal|p2a: Fishbowl|89/100|[from] item: Leftovers
|upkeep
|
|t:|1769416605
|switch|p1a: Slowking|Slowking-Galar, M|100/100
|turn|21
|
|t:|1769416609
|move|p2a: Fishbowl|Earthquake|p1a: Slowking
|-supereffective|p1a: Slowking
|-damage|p1a: Slowking|0 fnt
|faint|p1a: Slowking
|
|-heal|p2a: Fishbowl|96/100|[from] item: Leftovers
|upkeep
|-message|yuxia999 forfeited.
|
|win|chronos556
|raw|yuxia999's rating: 1404 &rarr; <strong>1384</strong><br />(-20 for losing)
|raw|chronos556's rating: 1409 &rarr; <strong>1429</strong><br />(+20 for winning)
|l|☆yuxia999
|player|p1|
|l|☆chronos556
|player|p2|
