|j|☆RevientaCloyster
|j|☆dmttrunks97
|t:|1769317514
|gametype|singles
|player|p1|RevientaCloyster|riley|1270
|player|p2|dmttrunks97|ingo|1216
|gen|9
|tier|[Gen 9] OU
|rated|
|rule|HP Percentage Mod: HP is shown in percentages
|rule|Endless Battle Clause: Forcing endless battles is banned
|rule|Species Clause: Limit one of each Pokémon
|rule|OHKO Clause: OHKO moves are banned
|rule|Evasion Items Clause: Evasion items are banned
|rule|Evasion Moves Clause: Evasion moves are banned
|rule|Evasion Abilities Clause: Evasion abilities are banned
|rule|Sleep Moves Clause: Sleep-inducing moves are banned
|clearpoke
|poke|p1|Dondozo, M|
|poke|p1|Meowscarada, F|
|poke|p1|Landorus-Therian, M|
|poke|p1|Gholdengo|
|poke|p1|Great Tusk|
|poke|p1|Goodra-Hisui, F|
|poke|p2|Hoopa-Unbound|
|poke|p2|Hatterene, F|
|poke|p2|Ursaluna, M|
|poke|p2|Cresselia, F|
|poke|p2|Pelipper, M|
|poke|p2|Keldeo-Resolute|
|teampreview
|inactive|Battle timer is ON: inactive players will automatically lose when time's up. (requested by RevientaCloyster)
|
|t:|1769317534
|teamsize|p1|6
|teamsize|p2|6
|start
|switch|p1a: Goodra|Goodra-Hisui, F|100/100
|switch|p2a: Hatterene|Hatterene, F|100/100
|turn|1
|
|t:|1769317540
|move|p1a: Goodra|Heavy Slam|p2a: Hatterene
|-supereffective|p2a: Hatterene
|-damage|p2a: Hatterene|15/100
|move|p2a: Hatterene|Trick Room|p2a: Hatterene
|-fieldstart|move: Trick Room|[of] p2a: Hatterene
|
|upkeep
|turn|2
|
|t:|1769317546
|move|p2a: Hatterene|Healing Wish|p2a: Hatterene
|faint|p2a: Hatterene
|move|p1a: Goodra|Hydro Pump|p2: Hatterene|[notarget]
|-fail|p1a: Goodra
|
|upkeep
|
|t:|1769317549
|switch|p2a: Ursaluna|Ursaluna, M|100/100
|turn|3
|
|t:|1769317553
|-terastallize|p1a: Goodra|Flying
|move|p2a: Ursaluna|Headlong Rush|p1a: Goodra
|-immune|p1a: Goodra
|move|p1a: Goodra|Hydro Pump|p2a: Ursaluna|[miss]
|-miss|p1a: Goodra|p2a: Ursaluna
|
|-status|p2a: Ursaluna|brn|[from] item: Flame Orb
|upkeep
|turn|4
|
|t:|1769317562
|move|p2a: Ursaluna|Ice Punch|p1a: Goodra
|-supereffective|p1a: Goodra
|-damage|p1a: Goodra|16/100
|move|p1a: Goodra|Draco Meteor|p2a: Ursaluna
|-damage|p2a: Ursaluna|41/100 brn
|-unboost|p1a: Goodra|spa|2
|
|-heal|p1a: Goodra|22/100|[from] item: Leftovers
|-damage|p2a: Ursaluna|35/100 brn|[from] brn
|upkeep
|turn|5
|
|t:|1769317568
|switch|p1a: Landorus|Landorus-Therian, M|100/100
|-ability|p1a: Landorus|Intimidate|boost
|-unboost|p2a: Ursaluna|atk|1
|move|p2a: Ursaluna|Facade|p1a: Landorus
|-damage|p1a: Landorus|5/100
|-damage|p2a: Ursaluna|18/100 brn|[from] item: Rocky Helmet|[of] p1a: Landorus
|
|-damage|p2a: Ursaluna|12/100 brn|[from] brn
|-fieldend|move: Trick Room
|upkeep
|turn|6
|
|t:|1769317574
|switch|p2a: Cresselia|Cresselia, F|100/100
|move|p1a: Landorus|U-turn|p2a: Cresselia
|-supereffective|p2a: Cresselia
|-damage|p2a: Cresselia|71/100
|
|t:|1769317577
|switch|p1a: Gholdengo|Gholdengo|100/100|[from] U-turn
|
|upkeep
|turn|7
|
|t:|1769317579
|move|p1a: Gholdengo|Substitute|p1a: Gholdengo
|-start|p1a: Gholdengo|Substitute
|-damage|p1a: Gholdengo|76/100
|move|p2a: Cresselia|Trick Room|p2a: Cresselia
|-fieldstart|move: Trick Room|[of] p2a: Cresselia
|
|-heal|p1a: Gholdengo|82/100|[from] item: Leftovers
|upkeep
|turn|8
|
|t:|1769317587
|switch|p2a: Hoopa|Hoopa-Unbound|100/100
|move|p1a: Gholdengo|Nasty Plot|p1a: Gholdengo
|-boost|p1a: Gholdengo|spa|2
|
|-heal|p1a: Gholdengo|88/100|[from] item: Leftovers
|upkeep
|turn|9
|
|t:|1769317589
|move|p2a: Hoopa|Hyperspace Fury|p1a: Gholdengo
|-supereffective|p1a: Gholdengo
|-damage|p1a: Gholdengo|0 fnt
|-unboost|p2a: Hoopa|def|1
|faint|p1a: Gholdengo
|-enditem|p2a: Hoopa|Eject Pack
|
|t:|1769317593
|switch|p2a: Ursaluna|Ursaluna, M|12/100 brn
|-heal|p2a: Ursaluna|100/100|[from] move: Healing Wish
|
|-status|p2a: Ursaluna|brn|[from] item: Flame Orb
|upkeep
|inactive|RevientaCloyster has 120 seconds left.
|
|t:|1769317645
|switch|p1a: Dondozo|Dondozo, M|100/100
|turn|10
|
|t:|1769317649
|move|p1a: Dondozo|Curse|p1a: Dondozo
|-unboost|p1a: Dondozo|spe|1
|-boost|p1a: Dondozo|atk|1
|-boost|p1a: Dondozo|def|1
|move|p2a: Ursaluna|Facade|p1a: Dondozo
|-damage|p1a: Dondozo|59/100
|
|-damage|p2a: Ursaluna|94/100 brn|[from] brn
|upkeep
|turn|11
|inactive|RevientaCloyster has 120 seconds left.
|
|t:|1769317660
|switch|p2a: Pelipper|Pelipper, M|100/100
|-weather|RainDance|[from] ability: Drizzle|[of] p2a: Pelipper
|move|p1a: Dondozo|Rest|p1a: Dondozo
|-status|p1a: Dondozo|slp|[from] move: Rest
|-enditem|p1a: Dondozo|Lum Berry|[eat]
|-curestatus|p1a: Dondozo|slp|[msg]
|-heal|p1a: Dondozo|100/100|[silent]
|
|-weather|RainDance|[upkeep]
|-fieldend|move: Trick Room
|upkeep
|turn|12
|
|t:|1769317665
|move|p2a: Pelipper|Hurricane|p1a: Dondozo
|-damage|p1a: Dondozo|37/100
|move|p1a: Dondozo|Curse|p1a: Dondozo
|-unboost|p1a: Dondozo|spe|1
|-boost|p1a: Dondozo|atk|1
|-boost|p1a: Dondozo|def|1
|
|-weather|RainDance|[upkeep]
|upkeep
|turn|13
|
|t:|1769317671
|switch|p1a: Goodra|Goodra-Hisui, F, tera:Flying|22/100
|move|p2a: Pelipper|Hurricane|p1a: Goodra
|-damage|p1a: Goodra|0 fnt
|faint|p1a: Goodra
|
|-weather|RainDance|[upkeep]
|upkeep
|-message|RevientaCloyster forfeited.
|
|win|dmttrunks97
|raw|RevientaCloyster's rating: 1270 &rarr; <strong>1241</strong><br />(-29 for losing)
|raw|dmttrunks97's rating: 1216 &rarr; <strong>1245</strong><br />(+29 for winning)
|l|☆RevientaCloyster
|player|p1|
|l|☆dmttrunks97
|player|p2|
