|j|☆Laviii
|j|☆edude404
|t:|1769445251
|gametype|singles
|player|p1|Laviii|bellelba|1087
|player|p2|edude404|102|1057
|gen|9
|tier|[Gen 9] OU
|rated|
|rule|HP Percentage Mod: HP is shown in percentages
|rule|Endless Battle Clause: Forcing endless battles is banned
|rule|Species Clause: Limit one of each Pokémon
|rule|OHKO Clause: OHKO moves are banned
|rule|Evasion Items Clause: Evasion items are banned
|rule|Evasion Moves Clause: Evasion moves are banned
|rule|Evasion Abilities Clause: Evasion abilities are banned
|rule|Sleep Moves Clause: Sleep-inducing moves are banned
|clearpoke
|poke|p1|Iron Crown|
|poke|p1|Samurott-Hisui, M|
|poke|p1|Zapdos|
|poke|p1|Dragapult, F|
|poke|p1|Great Tusk|
|poke|p1|Iron Boulder|
|poke|p2|Ceruledge, F|
|poke|p2|Iron Valiant|
|poke|p2|Gholdengo|
|poke|p2|Scizor, F|
|poke|p2|Manaphy|
|poke|p2|Eelektross, M|
|teampreview
|inactive|Battle timer is ON: inactive players will automatically lose when time's up. (requested by Laviii)
|
|t:|1769445264
|teamsize|p1|6
|teamsize|p2|6
|start
|switch|p1a: Pump It|Great Tusk|100/100
|switch|p2a: Ceruledge|Ceruledge, F|100/100
|turn|1
|
|t:|1769445276
|move|p1a: Pump It|Stealth Rock|p2a: Ceruledge
|-sidestart|p2: edude404|move: Stealth Rock
|move|p2a: Ceruledge|Swords Dance|p2a: Ceruledge
|-boost|p2a: Ceruledge|atk|2
|
|upkeep
|turn|2
|
|t:|1769445289
|move|p1a: Pump It|Headlong Rush|p2a: Ceruledge
|-supereffective|p2a: Ceruledge
|-enditem|p2a: Ceruledge|Focus Sash
|-damage|p2a: Ceruledge|1/100
|-unboost|p1a: Pump It|def|1
|-unboost|p1a: Pump It|spd|1
|-ability|p2a: Ceruledge|Weak Armor|boost
|-unboost|p2a: Ceruledge|def|1
|-boost|p2a: Ceruledge|spe|2
|move|p2a: Ceruledge|Poltergeist|p1a: Pump It
|-activate|p1a: Pump It|move: Poltergeist|Heavy-Duty Boots
|-damage|p1a: Pump It|0 fnt
|faint|p1a: Pump It
|-end|p1a: Pump It|Protosynthesis|[silent]
|
|upkeep
|
|t:|1769445300
|switch|p1a: Parasite|Dragapult, F|100/100
|turn|3
|
|t:|1769445307
|move|p1a: Parasite|Sucker Punch|p2a: Ceruledge
|-supereffective|p2a: Ceruledge
|-damage|p2a: Ceruledge|0 fnt
|faint|p2a: Ceruledge
|
|upkeep
|
|t:|1769445317
|switch|p2a: Eelektross|Eelektross, M|100/100
|-damage|p2a: Eelektross|88/100|[from] Stealth Rock
|turn|4
|
|t:|1769445322
|switch|p1a: Hurikan|Zapdos|100/100
|move|p2a: Eelektross|Knock Off|p1a: Hurikan
|-damage|p1a: Hurikan|83/100
|-enditem|p1a: Hurikan|Heavy-Duty Boots|[from] move: Knock Off|[of] p2a: Eelektross
|
|upkeep
|turn|5
|
|t:|1769445331
|move|p1a: Hurikan|U-turn|p2a: Eelektross
|-damage|p2a: Eelektross|72/100
|
|t:|1769445342
|switch|p1a: Everytime We Touch|Samurott-Hisui, M|100/100|[from] U-turn
|move|p2a: Eelektross|Acid Spray|p1a: Everytime We Touch
|-damage|p1a: Everytime We Touch|87/100
|-unboost|p1a: Everytime We Touch|spd|2
|
|upkeep
|turn|6
|
|t:|1769445348
|move|p1a: Everytime We Touch|Ceaseless Edge|p2a: Eelektross
|-damage|p2a: Eelektross|26/100
|-sidestart|p2: edude404|Spikes
|move|p2a: Eelektross|Giga Drain|p1a: Everytime We Touch
|-supereffective|p1a: Everytime We Touch
|-damage|p1a: Everytime We Touch|0 fnt
|-heal|p2a: Eelektross|63/100|[from] drain|[of] p1a: Everytime We Touch
|faint|p1a: Everytime We Touch
|
|upkeep
|
|t:|1769445361
|switch|p1a: Revery|Iron Boulder|100/100
|-enditem|p1a: Revery|Booster Energy
|-activate|p1a: Revery|ability: Quark Drive|[fromitem]
|-start|p1a: Revery|quarkdrivespe
|turn|7
|
|t:|1769445369
|move|p1a: Revery|Mighty Cleave|p2a: Eelektross
|-damage|p2a: Eelektross|13/100
|move|p2a: Eelektross|Volt Switch|p1a: Revery
|-damage|p1a: Revery|77/100
|
|t:|1769445379
|switch|p2a: Scizor|Scizor, F|100/100|[from] Volt Switch
|-damage|p2a: Scizor|88/100|[from] Stealth Rock
|-damage|p2a: Scizor|76/100|[from] Spikes
|
|upkeep
|turn|8
|
|t:|1769445396
|-end|p1a: Revery|Quark Drive|[silent]
|switch|p1a: Hurikan|Zapdos|83/100
|move|p2a: Scizor|Defog|p1a: Hurikan
|-unboost|p1a: Hurikan|evasion|1
|-sideend|p2: edude404|Spikes|[from] move: Defog|[of] p2a: Scizor
|-sideend|p2: edude404|Stealth Rock|[from] move: Defog|[of] p2a: Scizor
|
|upkeep
|turn|9
|
|t:|1769445404
|move|p1a: Hurikan|Discharge|p2a: Scizor
|-damage|p2a: Scizor|29/100
|-status|p2a: Scizor|par
|move|p2a: Scizor|Dual Wingbeat|p1a: Hurikan
|-resisted|p1a: Hurikan
|-damage|p1a: Hurikan|75/100
|-resisted|p1a: Hurikan
|-damage|p1a: Hurikan|67/100
|-hitcount|p1a: Hurikan|2
|
|upkeep
|turn|10
|
|t:|1769445413
|switch|p2a: Eelektross|Eelektross, M|13/100
|move|p1a: Hurikan|Discharge|p2a: Eelektross
|-resisted|p2a: Eelektross
|-damage|p2a: Eelektross|5/100
|
|upkeep
|turn|11
|
|t:|1769445419
|move|p1a: Hurikan|Hurricane|p2a: Eelektross
|-resisted|p2a: Eelektross
|-damage|p2a: Eelektross|0 fnt
|faint|p2a: Eelektross
|
|upkeep
|
|t:|1769445430
|switch|p2a: Gholdengo|Gholdengo|100/100
|turn|12
|
|t:|1769445450
|move|p2a: Gholdengo|Shadow Ball|p1a: Hurikan
|-damage|p1a: Hurikan|5/100
|move|p1a: Hurikan|Discharge|p2a: Gholdengo
|-damage|p2a: Gholdengo|62/100
|-status|p2a: Gholdengo|par
|
|upkeep
|turn|13
|
|t:|1769445457
|move|p1a: Hurikan|Roost|p1a: Hurikan
|-heal|p1a: Hurikan|55/100
|-singleturn|p1a: Hurikan|move: Roost
|move|p2a: Gholdengo|Shadow Ball|p1a: Hurikan
|-damage|p1a: Hurikan|0 fnt
|faint|p1a: Hurikan
|
|upkeep
|
|t:|1769445464
|switch|p1a: Revery|Iron Boulder|77/100
|turn|14
|
|t:|1769445476
|-end|p1a: Revery|Quark Drive|[silent]
|switch|p1a: Mindreader|Iron Crown|100/100
|-terastallize|p2a: Gholdengo|Steel
|move|p2a: Gholdengo|Shadow Ball|p1a: Mindreader
|-supereffective|p1a: Mindreader
|-damage|p1a: Mindreader|0 fnt
|faint|p1a: Mindreader
|-end|p1a: Mindreader|Quark Drive|[silent]
|
|upkeep
|
|t:|1769445482
|switch|p1a: Revery|Iron Boulder|77/100
|turn|15
|
|t:|1769445484
|move|p1a: Revery|Close Combat|p2a: Gholdengo
|-supereffective|p2a: Gholdengo
|-damage|p2a: Gholdengo|0 fnt
|-unboost|p1a: Revery|def|1
|-unboost|p1a: Revery|spd|1
|faint|p2a: Gholdengo
|
|upkeep
|
|t:|1769445491
|switch|p2a: Iron Valiant|Iron Valiant|100/100
|-enditem|p2a: Iron Valiant|Booster Energy
|-activate|p2a: Iron Valiant|ability: Quark Drive|[fromitem]
|-start|p2a: Iron Valiant|quarkdrivespe
|turn|16
|
|t:|1769445513
|move|p2a: Iron Valiant|Close Combat|p1a: Revery
|-damage|p1a: Revery|0 fnt
|-unboost|p2a: Iron Valiant|def|1
|-unboost|p2a: Iron Valiant|spd|1
|faint|p1a: Revery
|-end|p1a: Revery|Quark Drive|[silent]
|
|upkeep
|
|t:|1769445515
|switch|p1a: Parasite|Dragapult, F|100/100
|turn|17
|
|t:|1769445529
|-terastallize|p1a: Parasite|Ghost
|move|p2a: Iron Valiant|Moonblast|p1a: Parasite
|-damage|p1a: Parasite|36/100
|move|p1a: Parasite|Tera Blast|p2a: Iron Valiant|[anim] Tera Blast Ghost
|-damage|p2a: Iron Valiant|0 fnt
|faint|p2a: Iron Valiant
|-end|p2a: Iron Valiant|Quark Drive|[silent]
|
|upkeep
|
|t:|1769445537
|switch|p2a: Manaphy|Manaphy|100/100
|turn|18
|
|t:|1769445539
|move|p1a: Parasite|Tera Blast|p2a: Manaphy|[anim] Tera Blast Ghost
|-damage|p2a: Manaphy|45/100
|move|p2a: Manaphy|Scald|p1a: Parasite
|-damage|p1a: Parasite|0 fnt
|faint|p1a: Parasite
|
|win|edude404
|raw|Laviii's rating: 1087 &rarr; <strong>1062</strong><br />(-25 for losing)
|raw|edude404's rating: 1057 &rarr; <strong>1091</strong><br />(+34 for winning)
