|j|☆sbyinlil
|j|☆XXchuliu
|t:|1769406230
|gametype|singles
|player|p1|sbyinlil|169|1267
|player|p2|XXchuliu|bellelba|1211
|gen|9
|tier|[Gen 9] OU
|rated|
|rule|HP Percentage Mod: HP is shown in percentages
|rule|Endless Battle Clause: Forcing endless battles is banned
|rule|Species Clause: Limit one of each Pokémon
|rule|OHKO Clause: OHKO moves are banned
|rule|Evasion Items Clause: Evasion items are banned
|rule|Evasion Moves Clause: Evasion moves are banned
|rule|Evasion Abilities Clause: Evasion abilities are banned
|rule|Sleep Moves Clause: Sleep-inducing moves are banned
|clearpoke
|poke|p1|Sandy Shocks|
|poke|p1|Scizor, F|
|poke|p1|Manaphy|
|poke|p1|Latios, M|
|poke|p1|Ogerpon, F|
|poke|p1|Iron Jugulis|
|poke|p2|Corviknight, F|
|poke|p2|Clodsire, M|
|poke|p2|Raging Bolt|
|poke|p2|Ogerpon-Wellspring, F|
|poke|p2|Landorus-Therian, M|
|poke|p2|Dragapult, F|
|teampreview
|inactive|Battle timer is ON: inactive players will automatically lose when time's up. (requested by XXchuliu)
|
|t:|1769406273
|teamsize|p1|6
|teamsize|p2|6
|start
|switch|p1a: Sandy Shocks|Sandy Shocks|100/100
|switch|p2a: Landorus|Landorus-Therian, M|100/100
|-ability|p2a: Landorus|Intimidate|boost
|-unboost|p1a: Sandy Shocks|atk|1
|-enditem|p1a: Sandy Shocks|Booster Energy
|-activate|p1a: Sandy Shocks|ability: Protosynthesis|[fromitem]
|-start|p1a: Sandy Shocks|protosynthesisspe
|turn|1
|
|t:|1769406283
|move|p1a: Sandy Shocks|Stealth Rock|p2a: Landorus
|-sidestart|p2: XXchuliu|move: Stealth Rock
|move|p2a: Landorus|Stealth Rock|p1a: Sandy Shocks
|-sidestart|p1: sbyinlil|move: Stealth Rock
|
|upkeep
|turn|2
|
|t:|1769406291
|move|p1a: Sandy Shocks|Spikes|p2a: Landorus
|-sidestart|p2: XXchuliu|Spikes
|move|p2a: Landorus|U-turn|p1a: Sandy Shocks
|-damage|p1a: Sandy Shocks|78/100
|
|t:|1769406296
|switch|p2a: Corviknight|Corviknight, F|100/100|[from] U-turn
|-damage|p2a: Corviknight|88/100|[from] Stealth Rock
|
|-heal|p2a: Corviknight|94/100|[from] item: Leftovers
|upkeep
|turn|3
|
|t:|1769406304
|move|p1a: Sandy Shocks|Discharge|p2a: Corviknight
|-supereffective|p2a: Corviknight
|-damage|p2a: Corviknight|19/100
|move|p2a: Corviknight|U-turn|p1a: Sandy Shocks
|-damage|p1a: Sandy Shocks|63/100
|
|t:|1769406314
|switch|p2a: Dragapult|Dragapult, F|100/100|[from] U-turn
|-damage|p2a: Dragapult|88/100|[from] Stealth Rock
|-damage|p2a: Dragapult|76/100|[from] Spikes
|
|upkeep
|turn|4
|
|t:|1769406324
|move|p1a: Sandy Shocks|Spikes|p2a: Dragapult
|-sidestart|p2: XXchuliu|Spikes
|move|p2a: Dragapult|Dragon Darts|p1a: Sandy Shocks
|-damage|p1a: Sandy Shocks|16/100
|-anim|p2a: Dragapult|Dragon Darts|p1a: Sandy Shocks
|-damage|p1a: Sandy Shocks|0 fnt
|faint|p1a: Sandy Shocks
|-end|p1a: Sandy Shocks|Protosynthesis|[silent]
|
|upkeep
|
|t:|1769406335
|switch|p1a: Iron Jugulis|Iron Jugulis|100/100
|-damage|p1a: Iron Jugulis|76/100|[from] Stealth Rock
|-enditem|p1a: Iron Jugulis|Booster Energy
|-activate|p1a: Iron Jugulis|ability: Quark Drive|[fromitem]
|-start|p1a: Iron Jugulis|quarkdrivespe
|turn|5
|
|t:|1769406341
|move|p1a: Iron Jugulis|Dark Pulse|p2a: Dragapult
|-supereffective|p2a: Dragapult
|-damage|p2a: Dragapult|0 fnt
|faint|p2a: Dragapult
|
|upkeep
|
|t:|1769406349
|switch|p2a: Clodsire|Clodsire, M|100/100
|-damage|p2a: Clodsire|94/100|[from] Stealth Rock
|-damage|p2a: Clodsire|78/100|[from] Spikes
|turn|6
|
|t:|1769406374
|move|p1a: Iron Jugulis|Taunt|p2a: Clodsire
|-start|p2a: Clodsire|move: Taunt
|cant|p2a: Clodsire|move: Taunt|Toxic
|
|-heal|p2a: Clodsire|84/100|[from] item: Leftovers
|upkeep
|turn|7
|
|t:|1769406397
|move|p1a: Iron Jugulis|Earth Power|p2a: Clodsire
|-supereffective|p2a: Clodsire
|-damage|p2a: Clodsire|49/100
|move|p2a: Clodsire|Earthquake|p1a: Iron Jugulis
|-immune|p1a: Iron Jugulis
|
|-heal|p2a: Clodsire|55/100|[from] item: Leftovers
|upkeep
|turn|8
|
|t:|1769406425
|switch|p2a: Landorus|Landorus-Therian, M|100/100
|-damage|p2a: Landorus|88/100|[from] Stealth Rock
|-ability|p2a: Landorus|Intimidate|boost
|-unboost|p1a: Iron Jugulis|atk|1
|move|p1a: Iron Jugulis|Earth Power|p2a: Landorus
|-immune|p2a: Landorus
|
|upkeep
|turn|9
|
|t:|1769406434
|move|p1a: Iron Jugulis|Taunt|p2a: Landorus
|-start|p2a: Landorus|move: Taunt
|move|p2a: Landorus|U-turn|p1a: Iron Jugulis
|-damage|p1a: Iron Jugulis|48/100
|
|t:|1769406440
|switch|p2a: Raging Bolt|Raging Bolt|100/100|[from] U-turn
|-damage|p2a: Raging Bolt|88/100|[from] Stealth Rock
|-damage|p2a: Raging Bolt|72/100|[from] Spikes
|
|upkeep
|turn|10
|
|t:|1769406447
|move|p1a: Iron Jugulis|Taunt|p2a: Raging Bolt
|-start|p2a: Raging Bolt|move: Taunt
|move|p2a: Raging Bolt|Thunderbolt|p1a: Iron Jugulis
|-supereffective|p1a: Iron Jugulis
|-damage|p1a: Iron Jugulis|0 fnt
|faint|p1a: Iron Jugulis
|-end|p1a: Iron Jugulis|Quark Drive|[silent]
|
|upkeep
|
|t:|1769406466
|switch|p1a: Manaphy|Manaphy|100/100
|-damage|p1a: Manaphy|88/100|[from] Stealth Rock
|turn|11
|
|t:|1769406469
|-terastallize|p1a: Manaphy|Grass
|move|p2a: Raging Bolt|Thunderbolt|p1a: Manaphy
|-resisted|p1a: Manaphy
|-damage|p1a: Manaphy|64/100
|move|p1a: Manaphy|Tail Glow|p1a: Manaphy
|-boost|p1a: Manaphy|spa|3
|
|upkeep
|turn|12
|
|t:|1769406484
|-end|p2a: Raging Bolt|Protosynthesis|[silent]
|switch|p2a: Clodsire|Clodsire, M|55/100
|-damage|p2a: Clodsire|49/100|[from] Stealth Rock
|-damage|p2a: Clodsire|32/100|[from] Spikes
|move|p1a: Manaphy|Ice Beam|p2a: Clodsire
|-supereffective|p2a: Clodsire
|-damage|p2a: Clodsire|0 fnt
|faint|p2a: Clodsire
|
|upkeep
|
|t:|1769406495
|switch|p2a: Raging Bolt|Raging Bolt|72/100
|-damage|p2a: Raging Bolt|59/100|[from] Stealth Rock
|-damage|p2a: Raging Bolt|43/100|[from] Spikes
|turn|13
|inactive|sbyinlil has 120 seconds left.
|
|t:|1769406536
|move|p2a: Raging Bolt|Draco Meteor|p1a: Manaphy
|-damage|p1a: Manaphy|0 fnt
|-unboost|p2a: Raging Bolt|spa|2
|faint|p1a: Manaphy
|
|upkeep
|
|t:|1769406548
|switch|p1a: Latios|Latios, M|100/100
|-damage|p1a: Latios|88/100|[from] Stealth Rock
|turn|14
|
|t:|1769406554
|-end|p2a: Raging Bolt|Protosynthesis|[silent]
|switch|p2a: Corviknight|Corviknight, F|19/100
|-damage|p2a: Corviknight|6/100|[from] Stealth Rock
|move|p1a: Latios|Agility|p1a: Latios
|-boost|p1a: Latios|spe|2
|
|-heal|p2a: Corviknight|12/100|[from] item: Leftovers
|upkeep
|turn|15
|inactive|sbyinlil has 120 seconds left.
|
|t:|1769406564
|move|p1a: Latios|Calm Mind|p1a: Latios
|-boost|p1a: Latios|spa|1
|-boost|p1a: Latios|spd|1
|move|p2a: Corviknight|Roost|p2a: Corviknight
|-heal|p2a: Corviknight|62/100
|-singleturn|p2a: Corviknight|move: Roost
|
|-heal|p2a: Corviknight|69/100|[from] item: Leftovers
|upkeep
|turn|16
|
|t:|1769406572
|move|p1a: Latios|Calm Mind|p1a: Latios
|-boost|p1a: Latios|spa|1
|-boost|p1a: Latios|spd|1
|move|p2a: Corviknight|Roost|p2a: Corviknight
|-heal|p2a: Corviknight|100/100
|-singleturn|p2a: Corviknight|move: Roost
|
|upkeep
|turn|17
|
|t:|1769406579
|move|p1a: Latios|Calm Mind|p1a: Latios
|-boost|p1a: Latios|spa|1
|-boost|p1a: Latios|spd|1
|move|p2a: Corviknight|Iron Defense|p2a: Corviknight
|-boost|p2a: Corviknight|def|2
|
|upkeep
|turn|18
|
|t:|1769406585
|move|p1a: Latios|Stored Power|p2a: Corviknight
|-resisted|p2a: Corviknight
|-damage|p2a: Corviknight|0 fnt
|faint|p2a: Corviknight
|
|upkeep
|
|t:|1769406592
|switch|p2a: Raging Bolt|Raging Bolt|43/100
|-damage|p2a: Raging Bolt|30/100|[from] Stealth Rock
|-damage|p2a: Raging Bolt|14/100|[from] Spikes
|turn|19
|
|t:|1769406597
|move|p1a: Latios|Stored Power|p2a: Raging Bolt
|-damage|p2a: Raging Bolt|0 fnt
|faint|p2a: Raging Bolt
|-end|p2a: Raging Bolt|Protosynthesis|[silent]
|
|upkeep
|-message|XXchuliu forfeited.
|
|win|sbyinlil
|raw|sbyinlil's rating: 1267 &rarr; <strong>1288</strong><br />(+21 for winning)
|raw|XXchuliu's rating: 1211 &rarr; <strong>1190</strong><br />(-21 for losing)
|l|☆XXchuliu
|player|p2|
|l|☆sbyinlil
|player|p1|
