|j|‽Gonzalogaja17
|j|☆skyltie
|t:|1769364844
|gametype|singles
|player|p1|Gonzalogaja17|aaron|1244
|player|p2|skyltie|clay|1296
|gen|9
|tier|[Gen 9] OU
|rated|
|rule|HP Percentage Mod: HP is shown in percentages
|rule|Endless Battle Clause: Forcing endless battles is banned
|rule|Species Clause: Limit one of each Pokémon
|rule|OHKO Clause: OHKO moves are banned
|rule|Evasion Items Clause: Evasion items are banned
|rule|Evasion Moves Clause: Evasion moves are banned
|rule|Evasion Abilities Clause: Evasion abilities are banned
|rule|Sleep Moves Clause: Sleep-inducing moves are banned
|clearpoke
|poke|p1|Porygon-Z|
|poke|p1|Hatterene, F|
|poke|p1|Corviknight, M|
|poke|p1|Inteleon, M|
|poke|p1|Dragonite, F|
|poke|p1|Tyranitar, M|
|poke|p2|Metagross|
|poke|p2|Galvantula, M|
|poke|p2|Garchomp, F|
|poke|p2|Clodsire, M|
|poke|p2|Corviknight, M|
|poke|p2|Gholdengo|
|teampreview
|
|t:|1769364854
|teamsize|p1|6
|teamsize|p2|6
|start
|switch|p1a: Porygon-Z|Porygon-Z|100/100
|switch|p2a: Galvantula|Galvantula, M|100/100
|-ability|p1a: Porygon-Z|Download|boost
|-boost|p1a: Porygon-Z|atk|1
|turn|1
|inactive|Battle timer is ON: inactive players will automatically lose when time's up. (requested by Gonzalogaja17)
|
|t:|1769364866
|switch|p1a: Hatterene|Hatterene, F, shiny|100/100
|move|p2a: Galvantula|Volt Switch|p1a: Hatterene
|-damage|p1a: Hatterene|69/100
|
|t:|1769364875
|switch|p2a: Metagross|Metagross, shiny|100/100|[from] Volt Switch
|
|upkeep
|turn|2
|
|t:|1769364881
|switch|p1a: Corviknight|Corviknight, M, shiny|100/100
|-ability|p1a: Corviknight|Pressure
|move|p2a: Metagross|Bullet Punch|p1a: Corviknight
|-resisted|p1a: Corviknight
|-damage|p1a: Corviknight|90/100
|-damage|p2a: Metagross|84/100|[from] item: Rocky Helmet|[of] p1a: Corviknight
|-damage|p2a: Metagross|74/100|[from] item: Life Orb
|
|upkeep
|turn|3
|
|t:|1769364889
|switch|p2a: Gholdengo|Gholdengo|100/100
|move|p1a: Corviknight|Body Press|p2a: Gholdengo
|-immune|p2a: Gholdengo
|
|upkeep
|turn|4
|
|t:|1769364893
|switch|p1a: Tyranitar|Tyranitar, M, shiny|100/100
|-weather|Sandstorm|[from] ability: Sand Stream|[of] p1a: Tyranitar
|move|p2a: Gholdengo|Thunderbolt|p1a: Tyranitar
|-damage|p1a: Tyranitar|83/100
|-status|p1a: Tyranitar|par
|
|-weather|Sandstorm|[upkeep]
|upkeep
|turn|5
|
|t:|1769364900
|switch|p2a: Corviknight|Corviknight, M|100/100
|cant|p1a: Tyranitar|par
|
|-weather|Sandstorm|[upkeep]
|upkeep
|turn|6
|
|t:|1769364906
|switch|p1a: Hatterene|Hatterene, F, shiny|69/100
|move|p2a: Corviknight|U-turn|p1a: Hatterene
|-damage|p1a: Hatterene|55/100
|
|t:|1769364912
|switch|p2a: Gholdengo|Gholdengo|100/100|[from] U-turn
|
|-weather|Sandstorm|[upkeep]
|-damage|p1a: Hatterene|49/100|[from] Sandstorm
|upkeep
|turn|7
|
|t:|1769364921
|switch|p1a: Tyranitar|Tyranitar, M, shiny|83/100 par
|move|p2a: Gholdengo|Make It Rain|p1a: Tyranitar
|-supereffective|p1a: Tyranitar
|-damage|p1a: Tyranitar|5/100 par
|-unboost|p2a: Gholdengo|spa|1
|
|-weather|Sandstorm|[upkeep]
|upkeep
|turn|8
|
|t:|1769364928
|switch|p2a: Corviknight|Corviknight, M|100/100
|move|p1a: Tyranitar|Knock Off|p2a: Corviknight
|-damage|p2a: Corviknight|66/100
|-damage|p1a: Tyranitar|0 fnt|[from] item: Rocky Helmet|[of] p2a: Corviknight
|faint|p1a: Tyranitar
|
|-weather|none
|upkeep
|
|t:|1769364934
|switch|p1a: Porygon-Z|Porygon-Z|100/100
|-ability|p1a: Porygon-Z|Download|boost
|-boost|p1a: Porygon-Z|spa|1
|turn|9
|
|t:|1769364938
|switch|p2a: Clodsire|Clodsire, M|100/100
|move|p1a: Porygon-Z|Shadow Ball|p2a: Clodsire
|-damage|p2a: Clodsire|86/100
|-unboost|p2a: Clodsire|spd|1
|
|-heal|p2a: Clodsire|92/100|[from] item: Leftovers
|upkeep
|turn|10
|
|t:|1769364946
|switch|p1a: Hatterene|Hatterene, F, shiny|49/100
|move|p2a: Clodsire|Toxic|p1a: Hatterene
|move|p1a: Hatterene|Toxic|p2a: Clodsire|[from] ability: Magic Bounce
|-immune|p2a: Clodsire
|
|-heal|p2a: Clodsire|99/100|[from] item: Leftovers
|upkeep
|turn|11
|
|t:|1769364957
|switch|p2a: Metagross|Metagross, shiny|74/100
|move|p1a: Hatterene|Trick Room|p1a: Hatterene
|-fieldstart|move: Trick Room|[of] p1a: Hatterene
|
|upkeep
|turn|12
|
|t:|1769364960
|-terastallize|p1a: Hatterene|Fire
|move|p2a: Metagross|Bullet Punch|p1a: Hatterene
|-resisted|p1a: Hatterene
|-damage|p1a: Hatterene|33/100
|-damage|p2a: Metagross|64/100|[from] item: Life Orb
|move|p1a: Hatterene|Mystical Fire|p2a: Metagross
|-supereffective|p2a: Metagross
|-damage|p2a: Metagross|0 fnt
|faint|p2a: Metagross
|
|upkeep
|
|t:|1769364962
|switch|p2a: Clodsire|Clodsire, M|99/100
|turn|13
|
|t:|1769364972
|move|p2a: Clodsire|Earthquake|p1a: Hatterene
|-supereffective|p1a: Hatterene
|-damage|p1a: Hatterene|0 fnt
|faint|p1a: Hatterene
|
|-heal|p2a: Clodsire|100/100|[from] item: Leftovers
|upkeep
|
|t:|1769364978
|switch|p1a: Dragonite|Dragonite, F|100/100
|turn|14
|
|t:|1769364982
|switch|p1a: Corviknight|Corviknight, M, shiny|90/100
|-ability|p1a: Corviknight|Pressure
|move|p2a: Clodsire|Toxic|p1a: Corviknight
|-immune|p1a: Corviknight
|
|upkeep
|turn|15
|
|t:|1769364988
|switch|p2a: Corviknight|Corviknight, M|66/100
|move|p1a: Corviknight|Brave Bird|p2a: Corviknight
|-resisted|p2a: Corviknight
|-damage|p2a: Corviknight|54/100
|-damage|p1a: Corviknight|74/100|[from] item: Rocky Helmet|[of] p2a: Corviknight
|-damage|p1a: Corviknight|70/100|[from] Recoil
|
|-fieldend|move: Trick Room
|upkeep
|turn|16
|
|t:|1769364991
|switch|p1a: Porygon-Z|Porygon-Z|100/100
|-ability|p1a: Porygon-Z|Download|boost
|-boost|p1a: Porygon-Z|spa|1
|move|p2a: Corviknight|Roost|p2a: Corviknight
|-heal|p2a: Corviknight|100/100
|-singleturn|p2a: Corviknight|move: Roost
|
|upkeep
|turn|17
|
|t:|1769364999
|switch|p2a: Clodsire|Clodsire, M|100/100
|move|p1a: Porygon-Z|Trick|p2a: Clodsire
|-activate|p1a: Porygon-Z|move: Trick|[of] p2a: Clodsire
|-item|p2a: Clodsire|Choice Scarf|[from] move: Trick
|-item|p1a: Porygon-Z|Leftovers|[from] move: Trick
|
|upkeep
|turn|18
|
|t:|1769365007
|switch|p1a: Corviknight|Corviknight, M, shiny|70/100
|-ability|p1a: Corviknight|Pressure
|switch|p2a: Gholdengo|Gholdengo|100/100
|
|upkeep
|turn|19
|
|t:|1769365017
|switch|p1a: Porygon-Z|Porygon-Z|100/100
|-ability|p1a: Porygon-Z|Download|boost
|-boost|p1a: Porygon-Z|spa|1
|move|p2a: Gholdengo|Thunderbolt|p1a: Porygon-Z
|-damage|p1a: Porygon-Z|31/100
|
|-heal|p1a: Porygon-Z|37/100|[from] item: Leftovers
|upkeep
|turn|20
|
|t:|1769365025
|switch|p2a: Clodsire|Clodsire, M|100/100
|move|p1a: Porygon-Z|Shadow Ball|p2a: Clodsire
|-damage|p2a: Clodsire|86/100
|
|-heal|p1a: Porygon-Z|43/100|[from] item: Leftovers
|upkeep
|turn|21
|
|t:|1769365032
|move|p1a: Porygon-Z|Ice Beam|p2a: Clodsire
|-supereffective|p2a: Clodsire
|-damage|p2a: Clodsire|52/100
|move|p2a: Clodsire|Poison Jab|p1a: Porygon-Z
|-damage|p1a: Porygon-Z|11/100
|
|-heal|p1a: Porygon-Z|17/100|[from] item: Leftovers
|upkeep
|turn|22
|
|t:|1769365041
|switch|p1a: Corviknight|Corviknight, M, shiny|70/100
|-ability|p1a: Corviknight|Pressure
|move|p2a: Clodsire|Poison Jab|p1a: Corviknight
|-immune|p1a: Corviknight
|
|upkeep
|turn|23
|
|t:|1769365047
|switch|p2a: Corviknight|Corviknight, M|100/100
|move|p1a: Corviknight|Brave Bird|p2a: Corviknight
|-resisted|p2a: Corviknight
|-damage|p2a: Corviknight|90/100
|-damage|p1a: Corviknight|54/100|[from] item: Rocky Helmet|[of] p2a: Corviknight
|-damage|p1a: Corviknight|50/100|[from] Recoil
|
|upkeep
|turn|24
|
|t:|1769365050
|move|p1a: Corviknight|Roost|p1a: Corviknight
|-heal|p1a: Corviknight|99/100
|-singleturn|p1a: Corviknight|move: Roost
|move|p2a: Corviknight|U-turn|p1a: Corviknight
|-resisted|p1a: Corviknight
|-damage|p1a: Corviknight|96/100
|-damage|p2a: Corviknight|73/100|[from] item: Rocky Helmet|[of] p1a: Corviknight
|
|t:|1769365052
|switch|p2a: Galvantula|Galvantula, M|100/100|[from] U-turn
|
|upkeep
|turn|25
|
|t:|1769365063
|move|p2a: Galvantula|Volt Switch|p1a: Corviknight
|-supereffective|p1a: Corviknight
|-damage|p1a: Corviknight|34/100
|
|t:|1769365065
|switch|p2a: Gholdengo|Gholdengo|100/100|[from] Volt Switch
|move|p1a: Corviknight|Brave Bird|p2a: Gholdengo
|-resisted|p2a: Gholdengo
|-damage|p2a: Gholdengo|78/100
|-damage|p1a: Corviknight|28/100|[from] Recoil
|
|upkeep
|turn|26
|
|t:|1769365077
|move|p2a: Gholdengo|Thunderbolt|p1a: Corviknight
|-supereffective|p1a: Corviknight
|-damage|p1a: Corviknight|0 fnt
|faint|p1a: Corviknight
|
|upkeep
|
|t:|1769365080
|switch|p1a: Inteleon|Inteleon, M, shiny|100/100
|turn|27
|
|t:|1769365086
|switch|p2a: Clodsire|Clodsire, M|52/100
|move|p1a: Inteleon|Shadow Ball|p2a: Clodsire
|-damage|p2a: Clodsire|37/100
|-unboost|p2a: Clodsire|spd|1
|
|upkeep
|turn|28
|
|t:|1769365094
|move|p1a: Inteleon|Ice Beam|p2a: Clodsire
|-supereffective|p2a: Clodsire
|-damage|p2a: Clodsire|0 fnt
|faint|p2a: Clodsire
|
|upkeep
|
|t:|1769365097
|switch|p2a: Galvantula|Galvantula, M|100/100
|turn|29
|
|t:|1769365105
|move|p1a: Inteleon|Scald|p2a: Galvantula
|-damage|p2a: Galvantula|24/100
|move|p2a: Galvantula|Thunder Wave|p1a: Inteleon
|-status|p1a: Inteleon|par
|
|upkeep
|turn|30
|
|t:|1769365112
|move|p2a: Galvantula|Volt Switch|p1a: Inteleon
|-supereffective|p1a: Inteleon
|-enditem|p1a: Inteleon|Focus Sash
|-damage|p1a: Inteleon|1/100 par
|
|t:|1769365119
|switch|p2a: Gholdengo|Gholdengo|78/100|[from] Volt Switch
|move|p1a: Inteleon|Scald|p2a: Gholdengo
|-damage|p2a: Gholdengo|30/100
|
|upkeep
|turn|31
|
|t:|1769365128
|move|p2a: Gholdengo|Thunderbolt|p1a: Inteleon
|-supereffective|p1a: Inteleon
|-damage|p1a: Inteleon|0 fnt
|faint|p1a: Inteleon
|
|upkeep
|
|t:|1769365147
|switch|p1a: Porygon-Z|Porygon-Z|17/100
|-ability|p1a: Porygon-Z|Download|boost
|-boost|p1a: Porygon-Z|spa|1
|turn|32
|
|t:|1769365152
|move|p1a: Porygon-Z|Shadow Ball|p2a: Gholdengo
|-supereffective|p2a: Gholdengo
|-damage|p2a: Gholdengo|0 fnt
|faint|p2a: Gholdengo
|
|-heal|p1a: Porygon-Z|23/100|[from] item: Leftovers
|upkeep
|
|t:|1769365156
|switch|p2a: Garchomp|Garchomp, F|100/100
|turn|33
|
|t:|1769365161
|move|p2a: Garchomp|Scale Shot|p1a: Porygon-Z
|-damage|p1a: Porygon-Z|2/100
|-damage|p1a: Porygon-Z|0 fnt
|faint|p1a: Porygon-Z
|-hitcount|p1: Porygon-Z|2
|-unboost|p2a: Garchomp|def|1
|-boost|p2a: Garchomp|spe|1
|
|upkeep
|
|t:|1769365163
|switch|p1a: Dragonite|Dragonite, F|100/100
|turn|34
|
|t:|1769365165
|move|p2a: Garchomp|Scale Shot|p1a: Dragonite
|-supereffective|p1a: Dragonite
|-damage|p1a: Dragonite|85/100
|-supereffective|p1a: Dragonite
|-damage|p1a: Dragonite|54/100
|-supereffective|p1a: Dragonite
|-damage|p1a: Dragonite|25/100
|-supereffective|p1a: Dragonite
|-damage|p1a: Dragonite|0 fnt
|faint|p1a: Dragonite
|-hitcount|p1: Dragonite|4
|
|win|skyltie
|raw|Gonzalogaja17's rating: 1244 &rarr; <strong>1223</strong><br />(-21 for losing)
|raw|skyltie's rating: 1296 &rarr; <strong>1317</strong><br />(+21 for winning)
|l|‽Gonzalogaja17
|player|p1|
|l|☆skyltie
|player|p2|
