|j|☆nov.rain
|j|☆BS34
|t:|1769403771
|gametype|singles
|player|p1|nov.rain|1|1361
|player|p2|BS34|iris-gen5bw2|1413
|gen|9
|tier|[Gen 9] OU
|rated|
|rule|HP Percentage Mod: HP is shown in percentages
|rule|Endless Battle Clause: Forcing endless battles is banned
|rule|Species Clause: Limit one of each Pokémon
|rule|OHKO Clause: OHKO moves are banned
|rule|Evasion Items Clause: Evasion items are banned
|rule|Evasion Moves Clause: Evasion moves are banned
|rule|Evasion Abilities Clause: Evasion abilities are banned
|rule|Sleep Moves Clause: Sleep-inducing moves are banned
|clearpoke
|poke|p1|Raging Bolt|
|poke|p1|Ting-Lu|
|poke|p1|Dragapult, M|
|poke|p1|Landorus-Therian, M|
|poke|p1|Iron Valiant|
|poke|p1|Corviknight, M|
|poke|p2|Revavroom, M|
|poke|p2|Dragonite, M|
|poke|p2|Great Tusk|
|poke|p2|Alomomola, M|
|poke|p2|Cinderace, F|
|poke|p2|Dragapult, F|
|teampreview
|
|t:|1769403820
|teamsize|p1|6
|teamsize|p2|6
|start
|switch|p1a: Ol' Puss|Landorus-Therian, M|100/100
|switch|p2a: Dragapult|Dragapult, F|100/100
|-ability|p1a: Ol' Puss|Intimidate|boost
|-unboost|p2a: Dragapult|atk|1
|turn|1
|inactive|Battle timer is ON: inactive players will automatically lose when time's up. (requested by nov.rain)
|
|t:|1769403828
|move|p2a: Dragapult|U-turn|p1a: Ol' Puss
|-resisted|p1a: Ol' Puss
|-damage|p1a: Ol' Puss|96/100
|
|t:|1769403846
|switch|p2a: 2005ToyotaRav4|Revavroom, M, shiny|100/100|[from] U-turn
|-item|p2a: 2005ToyotaRav4|Air Balloon
|move|p1a: Ol' Puss|Stealth Rock|p2a: 2005ToyotaRav4
|-sidestart|p2: BS34|move: Stealth Rock
|
|-heal|p1a: Ol' Puss|100/100|[from] item: Leftovers
|upkeep
|turn|2
|
|t:|1769403853
|move|p2a: 2005ToyotaRav4|Shift Gear|p2a: 2005ToyotaRav4
|-boost|p2a: 2005ToyotaRav4|spe|2
|-boost|p2a: 2005ToyotaRav4|atk|1
|move|p1a: Ol' Puss|U-turn|p2a: 2005ToyotaRav4
|-resisted|p2a: 2005ToyotaRav4
|-damage|p2a: 2005ToyotaRav4|94/100
|-enditem|p2a: 2005ToyotaRav4|Air Balloon
|
|t:|1769403878
|switch|p1a: Ting-Lu|Ting-Lu|100/100|[from] U-turn
|-ability|p1a: Ting-Lu|Vessel of Ruin
|
|upkeep
|turn|3
|
|t:|1769403902
|switch|p2a: Great Tusk|Great Tusk|100/100
|-damage|p2a: Great Tusk|98/100|[from] Stealth Rock
|move|p1a: Ting-Lu|Whirlwind|p2a: Great Tusk
|-end|p2a: Great Tusk|Protosynthesis|[silent]
|drag|p2a: Dragonite|Dragonite, M|100/100
|-damage|p2a: Dragonite|76/100|[from] Stealth Rock
|
|upkeep
|turn|4
|
|t:|1769403918
|move|p2a: Dragonite|Roost|p2a: Dragonite
|-heal|p2a: Dragonite|100/100
|-singleturn|p2a: Dragonite|move: Roost
|move|p1a: Ting-Lu|Throat Chop|p2a: Dragonite
|-damage|p2a: Dragonite|87/100
|-start|p2a: Dragonite|Throat Chop|[silent]
|
|upkeep
|turn|5
|
|t:|1769403931
|move|p2a: Dragonite|Dragon Dance|p2a: Dragonite
|-boost|p2a: Dragonite|atk|1
|-boost|p2a: Dragonite|spe|1
|move|p1a: Ting-Lu|Ruination|p2a: Dragonite
|-damage|p2a: Dragonite|44/100
|
|-end|p2a: Dragonite|Throat Chop|[silent]
|upkeep
|turn|6
|
|t:|1769403937
|move|p2a: Dragonite|Dragon Dance|p2a: Dragonite
|-boost|p2a: Dragonite|atk|1
|-boost|p2a: Dragonite|spe|1
|move|p1a: Ting-Lu|Whirlwind|p2a: Dragonite
|drag|p2a: Dragapult|Dragapult, F|100/100
|-damage|p2a: Dragapult|88/100|[from] Stealth Rock
|
|upkeep
|turn|7
|
|t:|1769403946
|move|p2a: Dragapult|Draco Meteor|p1a: Ting-Lu
|-damage|p1a: Ting-Lu|65/100
|-unboost|p2a: Dragapult|spa|2
|move|p1a: Ting-Lu|Throat Chop|p2a: Dragapult
|-supereffective|p2a: Dragapult
|-damage|p2a: Dragapult|11/100
|-start|p2a: Dragapult|Throat Chop|[silent]
|
|-heal|p1a: Ting-Lu|71/100|[from] item: Leftovers
|upkeep
|turn|8
|
|t:|1769403953
|switch|p2a: Great Tusk|Great Tusk|98/100
|-damage|p2a: Great Tusk|95/100|[from] Stealth Rock
|move|p1a: Ting-Lu|Throat Chop|p2a: Great Tusk
|-resisted|p2a: Great Tusk
|-damage|p2a: Great Tusk|86/100
|-start|p2a: Great Tusk|Throat Chop|[silent]
|
|-heal|p2a: Great Tusk|92/100|[from] item: Leftovers
|-heal|p1a: Ting-Lu|77/100|[from] item: Leftovers
|upkeep
|turn|9
|
|t:|1769403958
|switch|p1a: Poe|Corviknight, M|100/100
|-ability|p1a: Poe|Pressure
|move|p2a: Great Tusk|Rapid Spin|p1a: Poe
|-resisted|p1a: Poe
|-damage|p1a: Poe|96/100
|-boost|p2a: Great Tusk|spe|1
|-damage|p2a: Great Tusk|75/100|[from] item: Rocky Helmet|[of] p1a: Poe
|-sideend|p2: BS34|Stealth Rock|[from] move: Rapid Spin|[of] p2a: Great Tusk
|
|-heal|p2a: Great Tusk|81/100|[from] item: Leftovers
|-end|p2a: Great Tusk|Throat Chop|[silent]
|upkeep
|turn|10
|
|t:|1769403963
|move|p2a: Great Tusk|Stealth Rock|p1a: Poe
|-sidestart|p1: nov.rain|move: Stealth Rock
|move|p1a: Poe|Brave Bird|p2a: Great Tusk
|-supereffective|p2a: Great Tusk
|-damage|p2a: Great Tusk|34/100
|-damage|p1a: Poe|79/100|[from] Recoil
|
|-heal|p2a: Great Tusk|41/100|[from] item: Leftovers
|upkeep
|turn|11
|
|t:|1769403970
|-end|p2a: Great Tusk|Protosynthesis|[silent]
|switch|p2a: Dragonite|Dragonite, M|44/100
|move|p1a: Poe|Defog|p2a: Dragonite
|-unboost|p2a: Dragonite|evasion|1
|-sideend|p1: nov.rain|Stealth Rock|[from] move: Defog|[of] p1a: Poe
|
|upkeep
|turn|12
|
|t:|1769403972
|move|p2a: Dragonite|Roost|p2a: Dragonite
|-heal|p2a: Dragonite|94/100
|-singleturn|p2a: Dragonite|move: Roost
|move|p1a: Poe|Brave Bird|p2a: Dragonite
|-damage|p2a: Dragonite|61/100
|-damage|p1a: Poe|68/100|[from] Recoil
|
|upkeep
|turn|13
|
|t:|1769403985
|switch|p1a: Ting-Lu|Ting-Lu|77/100
|-ability|p1a: Ting-Lu|Vessel of Ruin
|move|p2a: Dragonite|Dragon Dance|p2a: Dragonite
|-boost|p2a: Dragonite|atk|1
|-boost|p2a: Dragonite|spe|1
|
|-heal|p1a: Ting-Lu|83/100|[from] item: Leftovers
|upkeep
|turn|14
|
|t:|1769404002
|move|p2a: Dragonite|Earthquake|p1a: Ting-Lu
|-damage|p1a: Ting-Lu|54/100
|move|p1a: Ting-Lu|Whirlwind|p2a: Dragonite
|drag|p2a: Great Tusk|Great Tusk|41/100
|
|-heal|p2a: Great Tusk|47/100|[from] item: Leftovers
|-heal|p1a: Ting-Lu|60/100|[from] item: Leftovers
|upkeep
|turn|15
|
|t:|1769404009
|switch|p1a: Poe|Corviknight, M|68/100
|-ability|p1a: Poe|Pressure
|move|p2a: Great Tusk|Stealth Rock|p1a: Poe
|-sidestart|p1: nov.rain|move: Stealth Rock
|
|-heal|p2a: Great Tusk|53/100|[from] item: Leftovers
|upkeep
|turn|16
|
|t:|1769404017
|-end|p2a: Great Tusk|Protosynthesis|[silent]
|switch|p2a: Dragonite|Dragonite, M|61/100
|move|p1a: Poe|Defog|p2a: Dragonite
|-unboost|p2a: Dragonite|evasion|1
|-sideend|p1: nov.rain|Stealth Rock|[from] move: Defog|[of] p1a: Poe
|
|upkeep
|turn|17
|
|t:|1769404024
|switch|p1a: Ol' Puss|Landorus-Therian, M|100/100
|-ability|p1a: Ol' Puss|Intimidate|boost
|-unboost|p2a: Dragonite|atk|1
|move|p2a: Dragonite|Dragon Dance|p2a: Dragonite
|-boost|p2a: Dragonite|atk|1
|-boost|p2a: Dragonite|spe|1
|
|upkeep
|turn|18
|
|t:|1769404040
|move|p2a: Dragonite|Dragon Dance|p2a: Dragonite
|-boost|p2a: Dragonite|atk|1
|-boost|p2a: Dragonite|spe|1
|move|p1a: Ol' Puss|Stealth Rock|p2a: Dragonite
|-sidestart|p2: BS34|move: Stealth Rock
|
|upkeep
|turn|19
|
|t:|1769404043
|move|p2a: Dragonite|Dragon Dance|p2a: Dragonite
|-boost|p2a: Dragonite|atk|1
|-boost|p2a: Dragonite|spe|1
|move|p1a: Ol' Puss|U-turn|p2a: Dragonite
|-resisted|p2a: Dragonite
|-damage|p2a: Dragonite|51/100
|
|t:|1769404047
|switch|p1a: Poe|Corviknight, M|68/100|[from] U-turn
|-ability|p1a: Poe|Pressure
|
|upkeep
|turn|20
|
|t:|1769404054
|move|p2a: Dragonite|Roost|p2a: Dragonite
|-heal|p2a: Dragonite|100/100
|-singleturn|p2a: Dragonite|move: Roost
|move|p1a: Poe|Brave Bird|p2a: Dragonite
|-damage|p2a: Dragonite|83/100
|-damage|p1a: Poe|63/100|[from] Recoil
|
|upkeep
|turn|21
|
|t:|1769404061
|switch|p1a: Ting-Lu|Ting-Lu|60/100
|-ability|p1a: Ting-Lu|Vessel of Ruin
|move|p2a: Dragonite|Dragon Dance|p2a: Dragonite
|-boost|p2a: Dragonite|atk|1
|-boost|p2a: Dragonite|spe|1
|
|-heal|p1a: Ting-Lu|66/100|[from] item: Leftovers
|upkeep
|turn|22
|
|t:|1769404077
|switch|p1a: Poe|Corviknight, M|63/100
|-ability|p1a: Poe|Pressure
|-terastallize|p2a: Dragonite|Normal
|move|p2a: Dragonite|Extreme Speed|p1a: Poe
|-resisted|p1a: Poe
|-damage|p1a: Poe|19/100
|-damage|p2a: Dragonite|66/100|[from] item: Rocky Helmet|[of] p1a: Poe
|
|upkeep
|turn|23
|
|t:|1769404092
|move|p2a: Dragonite|Dragon Dance|p2a: Dragonite
|-boost|p2a: Dragonite|atk|1
|-boost|p2a: Dragonite|spe|1
|move|p1a: Poe|Roost|p1a: Poe
|-heal|p1a: Poe|69/100
|-singleturn|p1a: Poe|move: Roost
|
|upkeep
|turn|24
|inactive|nov.rain has 120 seconds left.
|
|t:|1769404128
|move|p2a: Dragonite|Dragon Dance|p2a: Dragonite
|-boost|p2a: Dragonite|atk|1
|-boost|p2a: Dragonite|spe|1
|move|p1a: Poe|Body Press|p2a: Dragonite
|-supereffective|p2a: Dragonite
|-damage|p2a: Dragonite|16/100
|
|upkeep
|turn|25
|
|t:|1769404135
|move|p2a: Dragonite|Roost|p2a: Dragonite
|-heal|p2a: Dragonite|66/100
|move|p1a: Poe|Body Press|p2a: Dragonite
|-supereffective|p2a: Dragonite
|-damage|p2a: Dragonite|22/100
|
|upkeep
|turn|26
|inactive|BS34 has 120 seconds left.
|
|t:|1769404173
|move|p2a: Dragonite|Extreme Speed|p1a: Poe
|-resisted|p1a: Poe
|-damage|p1a: Poe|11/100
|-damage|p2a: Dragonite|5/100|[from] item: Rocky Helmet|[of] p1a: Poe
|move|p1a: Poe|Body Press|p2a: Dragonite
|-supereffective|p2a: Dragonite
|-damage|p2a: Dragonite|0 fnt
|faint|p2a: Dragonite
|
|upkeep
|j| qianxiao7274
|
|t:|1769404188
|switch|p2a: Cinderace|Cinderace, F|100/100
|turn|27
|
|t:|1769404196
|switch|p1a: Ol' Puss|Landorus-Therian, M|100/100
|-ability|p1a: Ol' Puss|Intimidate|boost
|-unboost|p2a: Cinderace|atk|1
|move|p2a: Cinderace|Pyro Ball|p1a: Ol' Puss
|-damage|p1a: Ol' Puss|71/100
|
|-heal|p1a: Ol' Puss|77/100|[from] item: Leftovers
|upkeep
|turn|28
|
|t:|1769404204
|move|p2a: Cinderace|U-turn|p1a: Ol' Puss
|-start|p2a: Cinderace|typechange|Bug|[from] ability: Libero
|-resisted|p1a: Ol' Puss
|-damage|p1a: Ol' Puss|69/100
|
|t:|1769404212
|switch|p2a: Great Tusk|Great Tusk|53/100|[from] U-turn
|-damage|p2a: Great Tusk|50/100|[from] Stealth Rock
|move|p1a: Ol' Puss|Earthquake|p2a: Great Tusk
|-damage|p2a: Great Tusk|20/100
|
|-heal|p2a: Great Tusk|26/100|[from] item: Leftovers
|-heal|p1a: Ol' Puss|75/100|[from] item: Leftovers
|upkeep
|turn|29
|inactive|BS34 has 120 seconds left.
|
|t:|1769404219
|switch|p1a: Poe|Corviknight, M|11/100
|-ability|p1a: Poe|Pressure
|move|p2a: Great Tusk|Rapid Spin|p1a: Poe
|-resisted|p1a: Poe
|-damage|p1a: Poe|7/100
|-boost|p2a: Great Tusk|spe|1
|-damage|p2a: Great Tusk|9/100|[from] item: Rocky Helmet|[of] p1a: Poe
|-sideend|p2: BS34|Stealth Rock|[from] move: Rapid Spin|[of] p2a: Great Tusk
|
|-heal|p2a: Great Tusk|15/100|[from] item: Leftovers
|upkeep
|turn|30
|inactive|BS34 has 120 seconds left.
|
|t:|1769404236
|move|p2a: Great Tusk|Ice Spinner|p1a: Poe
|-damage|p1a: Poe|0 fnt
|-damage|p2a: Great Tusk|0 fnt|[from] item: Rocky Helmet|[of] p1a: Poe
|faint|p1a: Poe
|faint|p2a: Great Tusk
|-end|p2a: Great Tusk|Protosynthesis|[silent]
|
|upkeep
|inactive|BS34 has 120 seconds left.
|l| qianxiao7274
|inactive|nov.rain has 120 seconds left.
|inactive|BS34 has 90 seconds left.
|
|t:|1769404272
|switch|p2a: Dragapult|Dragapult, F|11/100
|switch|p1a: Ol' Puss|Landorus-Therian, M|75/100
|-ability|p1a: Ol' Puss|Intimidate|boost
|-unboost|p2a: Dragapult|atk|1
|turn|31
|
|t:|1769404278
|switch|p1a: Ting-Lu|Ting-Lu|66/100
|-ability|p1a: Ting-Lu|Vessel of Ruin
|move|p2a: Dragapult|Draco Meteor|p1a: Ting-Lu
|-damage|p1a: Ting-Lu|30/100
|-unboost|p2a: Dragapult|spa|2
|
|-heal|p1a: Ting-Lu|36/100|[from] item: Leftovers
|upkeep
|turn|32
|inactive|nov.rain has 120 seconds left.
|inactive|BS34 has 90 seconds left.
|
|t:|1769404296
|switch|p2a: Alomomola|Alomomola, M|100/100
|move|p1a: Ting-Lu|Earthquake|p2a: Alomomola
|-damage|p2a: Alomomola|74/100
|
|-heal|p1a: Ting-Lu|43/100|[from] item: Leftovers
|upkeep
|turn|33
|inactive|nov.rain has 120 seconds left.
|
|t:|1769404309
|switch|p1a: Dragapult|Dragapult, M|100/100
|move|p2a: Alomomola|Scald|p1a: Dragapult
|-resisted|p1a: Dragapult
|-damage|p1a: Dragapult|90/100
|-status|p1a: Dragapult|brn
|
|-damage|p1a: Dragapult|84/100 brn|[from] brn
|upkeep
|turn|34
|
|t:|1769404318
|move|p1a: Dragapult|Draco Meteor|p2a: Alomomola
|-damage|p2a: Alomomola|32/100
|-unboost|p1a: Dragapult|spa|2
|move|p2a: Alomomola|Flip Turn|p1a: Dragapult
|-resisted|p1a: Dragapult
|-damage|p1a: Dragapult|73/100 brn
|
|t:|1769404327
|switch|p2a: 2005ToyotaRav4|Revavroom, M, shiny|94/100|[from] Flip Turn
|
|-damage|p1a: Dragapult|67/100 brn|[from] brn
|upkeep
|turn|35
|
|t:|1769404334
|switch|p1a: Ol' Puss|Landorus-Therian, M|75/100
|-ability|p1a: Ol' Puss|Intimidate|boost
|-unboost|p2a: 2005ToyotaRav4|atk|1
|move|p2a: 2005ToyotaRav4|Shift Gear|p2a: 2005ToyotaRav4
|-boost|p2a: 2005ToyotaRav4|spe|2
|-boost|p2a: 2005ToyotaRav4|atk|1
|
|-heal|p1a: Ol' Puss|81/100|[from] item: Leftovers
|upkeep
|turn|36
|inactive|BS34 has 120 seconds left.
|
|t:|1769404347
|move|p2a: 2005ToyotaRav4|Gunk Shot|p1a: Ol' Puss
|-resisted|p1a: Ol' Puss
|-damage|p1a: Ol' Puss|59/100
|move|p1a: Ol' Puss|Earthquake|p2a: 2005ToyotaRav4
|-supereffective|p2a: 2005ToyotaRav4
|-damage|p2a: 2005ToyotaRav4|0 fnt
|faint|p2a: 2005ToyotaRav4
|
|-heal|p1a: Ol' Puss|65/100|[from] item: Leftovers
|upkeep
|
|t:|1769404351
|switch|p2a: Dragapult|Dragapult, F|11/100
|turn|37
|
|t:|1769404355
|switch|p1a: Ting-Lu|Ting-Lu|43/100
|-ability|p1a: Ting-Lu|Vessel of Ruin
|move|p2a: Dragapult|U-turn|p1a: Ting-Lu
|-supereffective|p1a: Ting-Lu
|-damage|p1a: Ting-Lu|24/100
|
|t:|1769404365
|switch|p2a: Cinderace|Cinderace, F|100/100|[from] U-turn
|
|-heal|p1a: Ting-Lu|30/100|[from] item: Leftovers
|upkeep
|turn|38
|
|t:|1769404376
|move|p2a: Cinderace|U-turn|p1a: Ting-Lu
|-start|p2a: Cinderace|typechange|Bug|[from] ability: Libero
|-supereffective|p1a: Ting-Lu
|-damage|p1a: Ting-Lu|0 fnt
|faint|p1a: Ting-Lu
|
|t:|1769404380
|switch|p2a: Dragapult|Dragapult, F|11/100|[from] U-turn
|
|upkeep
|
|t:|1769404403
|switch|p1a: Raging Bolt|Raging Bolt|100/100
|-enditem|p1a: Raging Bolt|Booster Energy
|-activate|p1a: Raging Bolt|ability: Protosynthesis|[fromitem]
|-start|p1a: Raging Bolt|protosynthesisspa
|turn|39
|
|t:|1769404414
|move|p1a: Raging Bolt|Thunderclap|p2a: Dragapult
|-resisted|p2a: Dragapult
|-damage|p2a: Dragapult|0 fnt
|faint|p2a: Dragapult
|
|upkeep
|-message|BS34 forfeited.
|
|win|nov.rain
|raw|nov.rain's rating: 1361 &rarr; <strong>1384</strong><br />(+23 for winning)
|raw|BS34's rating: 1413 &rarr; <strong>1390</strong><br />(-23 for losing)
|l|☆BS34
|player|p2|
|l|☆nov.rain
|player|p1|
