|j|☆sealioned
|j|☆kookabura7
|t:|1769343913
|gametype|singles
|player|p1|sealioned|swimmer-gen4dp|1602
|player|p2|kookabura7|hilbert|1459
|gen|9
|tier|[Gen 9] OU
|rated|
|rule|HP Percentage Mod: HP is shown in percentages
|rule|Endless Battle Clause: Forcing endless battles is banned
|rule|Species Clause: Limit one of each Pokémon
|rule|OHKO Clause: OHKO moves are banned
|rule|Evasion Items Clause: Evasion items are banned
|rule|Evasion Moves Clause: Evasion moves are banned
|rule|Evasion Abilities Clause: Evasion abilities are banned
|rule|Sleep Moves Clause: Sleep-inducing moves are banned
|clearpoke
|poke|p1|Iron Valiant|
|poke|p1|Excadrill, M|
|poke|p1|Tyranitar, M|
|poke|p1|Tornadus-Therian, M|
|poke|p1|Ogerpon-Cornerstone, F|
|poke|p1|Toxapex, M|
|poke|p2|Gliscor, F|
|poke|p2|Kommo-o, M|
|poke|p2|Suicune|
|poke|p2|Iron Valiant|
|poke|p2|Heatran, M|
|poke|p2|Corviknight, M|
|teampreview
|inactive|Battle timer is ON: inactive players will automatically lose when time's up. (requested by sealioned)
|inactive|sealioned has 120 seconds left.
|
|t:|1769343963
|teamsize|p1|6
|teamsize|p2|6
|start
|switch|p1a: Iron Valiant|Iron Valiant, shiny|100/100
|switch|p2a: Heatran|Heatran, M|100/100
|turn|1
|
|t:|1769343971
|-end|p1a: Iron Valiant|Quark Drive|[silent]
|switch|p1a: Toxapex|Toxapex, M, shiny|100/100
|switch|p2a: Gliscor|Gliscor, F|100/100
|
|-status|p2a: Gliscor|tox|[from] item: Toxic Orb
|upkeep
|turn|2
|
|t:|1769343979
|move|p2a: Gliscor|Spikes|p1a: Toxapex
|-sidestart|p1: sealioned|Spikes
|move|p1a: Toxapex|Toxic Spikes|p2a: Gliscor
|-sidestart|p2: kookabura7|move: Toxic Spikes
|
|upkeep
|turn|3
|
|t:|1769343983
|move|p2a: Gliscor|Spikes|p1a: Toxapex
|-sidestart|p1: sealioned|Spikes
|move|p1a: Toxapex|Toxic Spikes|p2a: Gliscor
|-sidestart|p2: kookabura7|move: Toxic Spikes
|
|upkeep
|turn|4
|
|t:|1769343986
|move|p2a: Gliscor|Knock Off|p1a: Toxapex
|-damage|p1a: Toxapex|86/100
|-enditem|p1a: Toxapex|Eject Button|[from] move: Knock Off|[of] p2a: Gliscor
|move|p1a: Toxapex|Toxic Spikes||[still]
|-fail|p1a: Toxapex
|
|upkeep
|turn|5
|
|t:|1769344010
|switch|p1a: Tornadus|Tornadus-Therian, M, shiny|100/100
|move|p2a: Gliscor|Earthquake|p1a: Tornadus
|-immune|p1a: Tornadus
|
|upkeep
|turn|6
|
|t:|1769344019
|move|p1a: Tornadus|Heat Wave|p2a: Gliscor
|-damage|p2a: Gliscor|45/100 tox
|move|p2a: Gliscor|Knock Off|p1a: Tornadus
|-damage|p1a: Tornadus|69/100
|-enditem|p1a: Tornadus|Choice Specs|[from] move: Knock Off|[of] p2a: Gliscor
|
|-heal|p2a: Gliscor|58/100 tox|[from] ability: Poison Heal
|upkeep
|turn|7
|
|t:|1769344026
|switch|p2a: Heatran|Heatran, M|100/100
|move|p1a: Tornadus|Bleakwind Storm|p2a: Heatran
|-resisted|p2a: Heatran
|-damage|p2a: Heatran|87/100
|
|-heal|p2a: Heatran|94/100|[from] item: Leftovers
|upkeep
|turn|8
|
|t:|1769344040
|switch|p1a: Tyranitar|Tyranitar, M, shiny|100/100
|-damage|p1a: Tyranitar|84/100|[from] Spikes
|-weather|Sandstorm|[from] ability: Sand Stream|[of] p1a: Tyranitar
|move|p2a: Heatran|Earth Power|p1a: Tyranitar
|-supereffective|p1a: Tyranitar
|-damage|p1a: Tyranitar|49/100
|
|-weather|Sandstorm|[upkeep]
|-heal|p2a: Heatran|99/100|[from] item: Leftovers
|upkeep
|turn|9
|
|t:|1769344048
|switch|p2a: Corviknight|Corviknight, M|100/100
|-ability|p2a: Corviknight|Pressure
|move|p1a: Tyranitar|Knock Off|p2a: Corviknight
|-damage|p2a: Corviknight|66/100
|-damage|p1a: Tyranitar|33/100|[from] item: Rocky Helmet|[of] p2a: Corviknight
|-enditem|p2a: Corviknight|Rocky Helmet|[from] move: Knock Off|[of] p1a: Tyranitar
|
|-weather|Sandstorm|[upkeep]
|upkeep
|turn|10
|
|t:|1769344057
|switch|p1a: Excadrill|Excadrill, M, shiny|100/100
|-damage|p1a: Excadrill|84/100|[from] Spikes
|move|p2a: Corviknight|Defog|p1a: Excadrill
|-unboost|p1a: Excadrill|evasion|1
|-sideend|p1: sealioned|Spikes|[from] move: Defog|[of] p2a: Corviknight
|-sideend|p2: kookabura7|Toxic Spikes|[from] move: Defog|[of] p2a: Corviknight
|
|-weather|Sandstorm|[upkeep]
|-heal|p1a: Excadrill|90/100|[from] item: Leftovers
|upkeep
|turn|11
|
|t:|1769344064
|move|p1a: Excadrill|Substitute|p1a: Excadrill
|-start|p1a: Excadrill|Substitute
|-damage|p1a: Excadrill|65/100
|move|p2a: Corviknight|U-turn|p1a: Excadrill
|-resisted|p1a: Excadrill
|-activate|p1a: Excadrill|move: Substitute|[damage]
|
|t:|1769344070
|switch|p2a: Suicune|Suicune|100/100|[from] U-turn
|-ability|p2a: Suicune|Pressure
|
|-weather|Sandstorm|[upkeep]
|-damage|p2a: Suicune|94/100|[from] Sandstorm
|-heal|p1a: Excadrill|71/100|[from] item: Leftovers
|-heal|p2a: Suicune|100/100|[from] item: Leftovers
|upkeep
|turn|12
|
|t:|1769344076
|move|p1a: Excadrill|Earthquake|p2a: Suicune
|-damage|p2a: Suicune|64/100
|move|p2a: Suicune|Scald|p1a: Excadrill
|-supereffective|p1a: Excadrill
|-end|p1a: Excadrill|Substitute
|
|-weather|Sandstorm|[upkeep]
|-damage|p2a: Suicune|58/100|[from] Sandstorm
|-heal|p1a: Excadrill|77/100|[from] item: Leftovers
|-heal|p2a: Suicune|64/100|[from] item: Leftovers
|upkeep
|turn|13
|
|t:|1769344083
|switch|p1a: Toxapex|Toxapex, M, shiny|100/100
|move|p2a: Suicune|Scald|p1a: Toxapex
|-resisted|p1a: Toxapex
|-damage|p1a: Toxapex|90/100
|
|-weather|Sandstorm|[upkeep]
|-damage|p2a: Suicune|58/100|[from] Sandstorm
|-damage|p1a: Toxapex|84/100|[from] Sandstorm
|-heal|p2a: Suicune|64/100|[from] item: Leftovers
|upkeep
|turn|14
|
|t:|1769344089
|move|p2a: Suicune|Substitute|p2a: Suicune
|-start|p2a: Suicune|Substitute
|-damage|p2a: Suicune|39/100
|move|p1a: Toxapex|Toxic||[still]
|-fail|p1a: Toxapex
|
|-weather|Sandstorm|[upkeep]
|-damage|p2a: Suicune|33/100|[from] Sandstorm
|-damage|p1a: Toxapex|78/100|[from] Sandstorm
|-heal|p2a: Suicune|39/100|[from] item: Leftovers
|upkeep
|turn|15
|
|t:|1769344096
|switch|p1a: Ogerpon|Ogerpon-Cornerstone, F|100/100
|move|p2a: Suicune|Calm Mind|p2a: Suicune
|-boost|p2a: Suicune|spa|1
|-boost|p2a: Suicune|spd|1
|
|-weather|none
|-heal|p2a: Suicune|45/100|[from] item: Leftovers
|upkeep
|turn|16
|
|t:|1769344101
|move|p1a: Ogerpon|Ivy Cudgel|p2a: Suicune|[anim] Ivy Cudgel Rock
|-end|p2a: Suicune|Substitute
|move|p2a: Suicune|Scald|p1a: Ogerpon
|-damage|p1a: Ogerpon|52/100
|
|-heal|p2a: Suicune|51/100|[from] item: Leftovers
|upkeep
|turn|17
|
|t:|1769344109
|switch|p2a: Corviknight|Corviknight, M|66/100
|-ability|p2a: Corviknight|Pressure
|move|p1a: Ogerpon|Power Whip|p2a: Corviknight
|-resisted|p2a: Corviknight
|-damage|p2a: Corviknight|54/100
|
|upkeep
|turn|18
|
|t:|1769344125
|move|p1a: Ogerpon|Ivy Cudgel|p2a: Corviknight|[anim] Ivy Cudgel Rock
|-damage|p2a: Corviknight|22/100
|move|p2a: Corviknight|U-turn|p1a: Ogerpon
|-supereffective|p1a: Ogerpon
|-damage|p1a: Ogerpon|12/100
|
|t:|1769344139
|switch|p2a: Kommo-o|Kommo-o, M|100/100|[from] U-turn
|
|upkeep
|turn|19
|
|t:|1769344149
|switch|p1a: Toxapex|Toxapex, M, shiny|100/100
|move|p2a: Kommo-o|Drain Punch|p1a: Toxapex
|-resisted|p1a: Toxapex
|-damage|p1a: Toxapex|90/100
|
|upkeep
|turn|20
|
|t:|1769344155
|switch|p2a: Corviknight|Corviknight, M|22/100
|-ability|p2a: Corviknight|Pressure
|switch|p1a: Ogerpon|Ogerpon-Cornerstone, F|12/100
|
|upkeep
|turn|21
|
|t:|1769344167
|switch|p2a: Kommo-o|Kommo-o, M|100/100
|move|p1a: Ogerpon|Ivy Cudgel|p2a: Kommo-o|[anim] Ivy Cudgel Rock
|-resisted|p2a: Kommo-o
|-damage|p2a: Kommo-o|74/100
|
|upkeep
|turn|22
|
|t:|1769344177
|switch|p1a: Toxapex|Toxapex, M, shiny|100/100
|move|p2a: Kommo-o|Clanging Scales|p1a: Toxapex
|-damage|p1a: Toxapex|67/100
|-unboost|p2a: Kommo-o|def|1
|-enditem|p2a: Kommo-o|Throat Spray
|-boost|p2a: Kommo-o|spa|1|[from] item: Throat Spray
|
|upkeep
|turn|23
|
|t:|1769344183
|switch|p2a: Gliscor|Gliscor, F|58/100 tox
|move|p1a: Toxapex|Toxic|p2a: Gliscor
|-fail|p2a: Gliscor|tox
|
|-heal|p2a: Gliscor|70/100 tox|[from] ability: Poison Heal
|upkeep
|turn|24
|
|t:|1769344187
|switch|p1a: Tornadus|Tornadus-Therian, M, shiny|100/100
|move|p2a: Gliscor|Earthquake|p1a: Tornadus
|-immune|p1a: Tornadus
|
|-heal|p2a: Gliscor|82/100 tox|[from] ability: Poison Heal
|upkeep
|turn|25
|
|t:|1769344195
|switch|p1a: Tyranitar|Tyranitar, M, shiny|33/100
|-weather|Sandstorm|[from] ability: Sand Stream|[of] p1a: Tyranitar
|move|p2a: Gliscor|Toxic|p1a: Tyranitar
|-status|p1a: Tyranitar|tox
|
|-weather|Sandstorm|[upkeep]
|-heal|p2a: Gliscor|95/100 tox|[from] ability: Poison Heal
|-damage|p1a: Tyranitar|27/100 tox|[from] psn
|upkeep
|turn|26
|
|t:|1769344203
|switch|p2a: Corviknight|Corviknight, M|22/100
|-ability|p2a: Corviknight|Pressure
|move|p1a: Tyranitar|Stealth Rock|p2a: Corviknight
|-sidestart|p2: kookabura7|move: Stealth Rock
|
|-weather|Sandstorm|[upkeep]
|-damage|p1a: Tyranitar|15/100 tox|[from] psn
|upkeep
|turn|27
|
|t:|1769344207
|move|p1a: Tyranitar|Knock Off|p2a: Corviknight
|-damage|p2a: Corviknight|0 fnt
|faint|p2a: Corviknight
|
|-weather|Sandstorm|[upkeep]
|-damage|p1a: Tyranitar|0 fnt|[from] psn
|faint|p1a: Tyranitar
|upkeep
|
|t:|1769344214
|switch|p1a: Toxapex|Toxapex, M, shiny|100/100
|switch|p2a: Gliscor|Gliscor, F|95/100 tox
|-damage|p2a: Gliscor|82/100 tox|[from] Stealth Rock
|turn|28
|
|t:|1769344218
|move|p2a: Gliscor|Spikes|p1a: Toxapex
|-sidestart|p1: sealioned|Spikes
|move|p1a: Toxapex|Toxic Spikes|p2a: Gliscor
|-sidestart|p2: kookabura7|move: Toxic Spikes
|
|-weather|Sandstorm|[upkeep]
|-damage|p1a: Toxapex|95/100|[from] Sandstorm
|-heal|p2a: Gliscor|95/100 tox|[from] ability: Poison Heal
|upkeep
|turn|29
|
|t:|1769344221
|move|p2a: Gliscor|Spikes|p1a: Toxapex
|-sidestart|p1: sealioned|Spikes
|move|p1a: Toxapex|Toxic Spikes|p2a: Gliscor
|-sidestart|p2: kookabura7|move: Toxic Spikes
|
|-weather|Sandstorm|[upkeep]
|-damage|p1a: Toxapex|89/100|[from] Sandstorm
|-heal|p2a: Gliscor|100/100 tox|[from] ability: Poison Heal
|upkeep
|turn|30
|
|t:|1769344224
|move|p2a: Gliscor|Spikes|p1a: Toxapex
|-sidestart|p1: sealioned|Spikes
|move|p1a: Toxapex|Toxic Spikes||[still]
|-fail|p1a: Toxapex
|
|-weather|Sandstorm|[upkeep]
|-damage|p1a: Toxapex|83/100|[from] Sandstorm
|upkeep
|turn|31
|
|t:|1769344229
|switch|p1a: Tornadus|Tornadus-Therian, M, shiny|100/100
|move|p2a: Gliscor|Earthquake|p1a: Tornadus
|-immune|p1a: Tornadus
|
|-weather|Sandstorm|[upkeep]
|-damage|p1a: Tornadus|94/100|[from] Sandstorm
|upkeep
|turn|32
|
|t:|1769344234
|move|p1a: Tornadus|Bleakwind Storm|p2a: Gliscor
|-damage|p2a: Gliscor|41/100 tox
|move|p2a: Gliscor|Toxic|p1a: Tornadus
|-status|p1a: Tornadus|tox
|
|-weather|none
|-damage|p1a: Tornadus|88/100 tox|[from] psn
|-heal|p2a: Gliscor|54/100 tox|[from] ability: Poison Heal
|upkeep
|turn|33
|
|t:|1769344241
|switch|p1a: Excadrill|Excadrill, M, shiny|77/100
|-damage|p1a: Excadrill|52/100|[from] Spikes
|switch|p2a: Heatran|Heatran, M|99/100
|-damage|p2a: Heatran|87/100|[from] Stealth Rock
|
|-heal|p1a: Excadrill|58/100|[from] item: Leftovers
|-heal|p2a: Heatran|94/100|[from] item: Leftovers
|upkeep
|turn|34
|
|t:|1769344247
|switch|p2a: Gliscor|Gliscor, F|54/100 tox
|-damage|p2a: Gliscor|41/100 tox|[from] Stealth Rock
|move|p1a: Excadrill|Rapid Spin|p2a: Gliscor
|-damage|p2a: Gliscor|28/100 tox
|-boost|p1a: Excadrill|spe|1
|-sideend|p1: sealioned|Spikes|[from] move: Rapid Spin|[of] p1a: Excadrill
|
|-heal|p1a: Excadrill|64/100|[from] item: Leftovers
|-heal|p2a: Gliscor|41/100 tox|[from] ability: Poison Heal
|upkeep
|turn|35
|
|t:|1769344251
|switch|p1a: Iron Valiant|Iron Valiant, shiny|100/100
|move|p2a: Gliscor|Earthquake|p1a: Iron Valiant
|-damage|p1a: Iron Valiant|61/100
|
|-heal|p2a: Gliscor|53/100 tox|[from] ability: Poison Heal
|upkeep
|turn|36
|
|t:|1769344259
|switch|p2a: Heatran|Heatran, M|94/100
|-damage|p2a: Heatran|81/100|[from] Stealth Rock
|move|p1a: Iron Valiant|Moonblast|p2a: Heatran
|-resisted|p2a: Heatran
|-damage|p2a: Heatran|71/100
|
|-heal|p2a: Heatran|77/100|[from] item: Leftovers
|upkeep
|turn|37
|
|t:|1769344264
|-end|p1a: Iron Valiant|Quark Drive|[silent]
|switch|p1a: Toxapex|Toxapex, M, shiny|100/100
|move|p2a: Heatran|Stealth Rock|p1a: Toxapex
|-sidestart|p1: sealioned|move: Stealth Rock
|
|-heal|p2a: Heatran|83/100|[from] item: Leftovers
|upkeep
|turn|38
|
|t:|1769344269
|switch|p1a: Ogerpon|Ogerpon-Cornerstone, F|12/100
|-damage|p1a: Ogerpon|0 fnt|[from] Stealth Rock
|faint|p1a: Ogerpon
|move|p2a: Heatran|Taunt|p1: Ogerpon|[notarget]
|-fail|p2a: Heatran
|
|-heal|p2a: Heatran|90/100|[from] item: Leftovers
|upkeep
|
|t:|1769344278
|switch|p1a: Excadrill|Excadrill, M, shiny|64/100
|-damage|p1a: Excadrill|61/100|[from] Stealth Rock
|turn|39
|
|t:|1769344284
|switch|p1a: Iron Valiant|Iron Valiant, shiny|61/100
|-damage|p1a: Iron Valiant|55/100|[from] Stealth Rock
|-terastallize|p2a: Heatran|Grass
|move|p2a: Heatran|Lava Plume|p1a: Iron Valiant
|-damage|p1a: Iron Valiant|0 fnt
|faint|p1a: Iron Valiant
|-end|p1a: Iron Valiant|Quark Drive|[silent]
|
|-heal|p2a: Heatran|96/100|[from] item: Leftovers
|upkeep
|
|t:|1769344291
|switch|p1a: Toxapex|Toxapex, M, shiny|100/100
|-damage|p1a: Toxapex|88/100|[from] Stealth Rock
|turn|40
|
|t:|1769344297
|switch|p2a: Gliscor|Gliscor, F|53/100 tox
|-damage|p2a: Gliscor|41/100 tox|[from] Stealth Rock
|move|p1a: Toxapex|Toxic|p2a: Gliscor
|-fail|p2a: Gliscor|tox
|
|-heal|p2a: Gliscor|53/100 tox|[from] ability: Poison Heal
|upkeep
|turn|41
|
|t:|1769344304
|switch|p1a: Tornadus|Tornadus-Therian, M, shiny|100/100 tox
|-damage|p1a: Tornadus|76/100 tox|[from] Stealth Rock
|move|p2a: Gliscor|Knock Off|p1a: Tornadus
|-damage|p1a: Tornadus|55/100 tox
|
|-damage|p1a: Tornadus|49/100 tox|[from] psn
|-heal|p2a: Gliscor|65/100 tox|[from] ability: Poison Heal
|upkeep
|turn|42
|
|t:|1769344313
|move|p1a: Tornadus|Bleakwind Storm|p2a: Gliscor
|-damage|p2a: Gliscor|8/100 tox
|move|p2a: Gliscor|Spikes|p1a: Tornadus
|-sidestart|p1: sealioned|Spikes
|
|-damage|p1a: Tornadus|37/100 tox|[from] psn
|-heal|p2a: Gliscor|20/100 tox|[from] ability: Poison Heal
|upkeep
|turn|43
|
|t:|1769344322
|switch|p1a: Toxapex|Toxapex, M, shiny|100/100
|-damage|p1a: Toxapex|88/100|[from] Stealth Rock
|-damage|p1a: Toxapex|76/100|[from] Spikes
|switch|p2a: Suicune|Suicune|51/100
|-damage|p2a: Suicune|39/100|[from] Stealth Rock
|-status|p2a: Suicune|tox
|-ability|p2a: Suicune|Pressure
|
|-heal|p2a: Suicune|45/100 tox|[from] item: Leftovers
|-damage|p2a: Suicune|39/100 tox|[from] psn
|upkeep
|turn|44
|
|t:|1769344328
|switch|p1a: Tornadus|Tornadus-Therian, M, shiny|70/100 tox
|-damage|p1a: Tornadus|45/100 tox|[from] Stealth Rock
|move|p2a: Suicune|Scald|p1a: Tornadus
|-damage|p1a: Tornadus|8/100 tox
|
|-heal|p2a: Suicune|45/100 tox|[from] item: Leftovers
|-damage|p1a: Tornadus|2/100 tox|[from] psn
|-damage|p2a: Suicune|33/100 tox|[from] psn
|upkeep
|turn|45
|
|t:|1769344335
|switch|p1a: Toxapex|Toxapex, M, shiny|100/100
|-damage|p1a: Toxapex|88/100|[from] Stealth Rock
|-damage|p1a: Toxapex|76/100|[from] Spikes
|move|p2a: Suicune|Scald|p1a: Toxapex
|-resisted|p1a: Toxapex
|-damage|p1a: Toxapex|66/100
|-status|p1a: Toxapex|brn
|
|-heal|p2a: Suicune|39/100 tox|[from] item: Leftovers
|-damage|p2a: Suicune|20/100 tox|[from] psn
|-damage|p1a: Toxapex|60/100 brn|[from] brn
|upkeep
|turn|46
|
|t:|1769344342
|move|p2a: Suicune|Scald|p1a: Toxapex
|-resisted|p1a: Toxapex
|-damage|p1a: Toxapex|50/100 brn
|move|p1a: Toxapex|Recover|p1a: Toxapex
|-heal|p1a: Toxapex|100/100 brn
|
|-heal|p2a: Suicune|26/100 tox|[from] item: Leftovers
|-damage|p2a: Suicune|2/100 tox|[from] psn
|-damage|p1a: Toxapex|95/100 brn|[from] brn
|upkeep
|turn|47
|
|t:|1769344350
|move|p2a: Suicune|Scald|p1a: Toxapex
|-resisted|p1a: Toxapex
|-crit|p1a: Toxapex
|-damage|p1a: Toxapex|81/100 brn
|move|p1a: Toxapex|Recover|p1a: Toxapex
|-heal|p1a: Toxapex|100/100 brn
|
|-heal|p2a: Suicune|8/100 tox|[from] item: Leftovers
|-damage|p2a: Suicune|0 fnt|[from] psn
|faint|p2a: Suicune
|-damage|p1a: Toxapex|95/100 brn|[from] brn
|upkeep
|
|t:|1769344354
|switch|p2a: Gliscor|Gliscor, F|20/100 tox
|-damage|p2a: Gliscor|8/100 tox|[from] Stealth Rock
|turn|48
|
|t:|1769344361
|switch|p1a: Excadrill|Excadrill, M, shiny|61/100
|-damage|p1a: Excadrill|58/100|[from] Stealth Rock
|-damage|p1a: Excadrill|46/100|[from] Spikes
|move|p2a: Gliscor|Earthquake|p1a: Excadrill
|-supereffective|p1a: Excadrill
|-damage|p1a: Excadrill|0 fnt
|faint|p1a: Excadrill
|
|-heal|p2a: Gliscor|20/100 tox|[from] ability: Poison Heal
|upkeep
|
|t:|1769344363
|switch|p1a: Tornadus|Tornadus-Therian, M, shiny|35/100 tox
|-damage|p1a: Tornadus|10/100 tox|[from] Stealth Rock
|turn|49
|
|t:|1769344373
|switch|p2a: Heatran|Heatran, M, tera:Grass|96/100
|-damage|p2a: Heatran|83/100|[from] Stealth Rock
|-status|p2a: Heatran|tox
|move|p1a: Tornadus|Bleakwind Storm|p2a: Heatran|[miss]
|-miss|p1a: Tornadus|p2a: Heatran
|
|-heal|p2a: Heatran|90/100 tox|[from] item: Leftovers
|-damage|p1a: Tornadus|4/100 tox|[from] psn
|-damage|p2a: Heatran|83/100 tox|[from] psn
|upkeep
|turn|50
|
|t:|1769344379
|switch|p1a: Toxapex|Toxapex, M, shiny|100/100 brn
|-damage|p1a: Toxapex|88/100 brn|[from] Stealth Rock
|-damage|p1a: Toxapex|76/100 brn|[from] Spikes
|move|p2a: Heatran|Earth Power|p1a: Toxapex
|-supereffective|p1a: Toxapex
|-damage|p1a: Toxapex|40/100 brn
|
|-heal|p2a: Heatran|90/100 tox|[from] item: Leftovers
|-damage|p2a: Heatran|77/100 tox|[from] psn
|-damage|p1a: Toxapex|34/100 brn|[from] brn
|upkeep
|turn|51
|
|t:|1769344386
|move|p2a: Heatran|Taunt|p1a: Toxapex
|-start|p1a: Toxapex|move: Taunt
|cant|p1a: Toxapex|move: Taunt|Recover
|
|-heal|p2a: Heatran|83/100 tox|[from] item: Leftovers
|-damage|p2a: Heatran|65/100 tox|[from] psn
|-damage|p1a: Toxapex|29/100 brn|[from] brn
|upkeep
|turn|52
|
|t:|1769344389
|switch|p1a: Tornadus|Tornadus-Therian, M, shiny|37/100 tox
|-damage|p1a: Tornadus|12/100 tox|[from] Stealth Rock
|move|p2a: Heatran|Lava Plume|p1a: Tornadus
|-damage|p1a: Tornadus|0 fnt
|faint|p1a: Tornadus
|
|-heal|p2a: Heatran|71/100 tox|[from] item: Leftovers
|-damage|p2a: Heatran|46/100 tox|[from] psn
|upkeep
|
|t:|1769344391
|switch|p1a: Toxapex|Toxapex, M, shiny|62/100 brn
|-damage|p1a: Toxapex|50/100 brn|[from] Stealth Rock
|-damage|p1a: Toxapex|37/100 brn|[from] Spikes
|turn|53
|
|t:|1769344397
|move|p2a: Heatran|Taunt|p1a: Toxapex
|-start|p1a: Toxapex|move: Taunt
|cant|p1a: Toxapex|move: Taunt|Recover
|
|-heal|p2a: Heatran|52/100 tox|[from] item: Leftovers
|-damage|p2a: Heatran|21/100 tox|[from] psn
|-damage|p1a: Toxapex|32/100 brn|[from] brn
|upkeep
|turn|54
|
|t:|1769344402
|move|p2a: Heatran|Earth Power|p1a: Toxapex
|-supereffective|p1a: Toxapex
|-damage|p1a: Toxapex|0 fnt
|faint|p1a: Toxapex
|
|win|kookabura7
|raw|sealioned's rating: 1602 &rarr; <strong>1574</strong><br />(-28 for losing)
|raw|kookabura7's rating: 1459 &rarr; <strong>1487</strong><br />(+28 for winning)
|l|☆sealioned
|player|p1|
|c|☆kookabura7|gg
|l|☆kookabura7
|player|p2|
