|j|☆jarrodbennett
|j|☆cvbnc
|t:|1769392494
|gametype|singles
|player|p1|jarrodbennett|102|1439
|player|p2|cvbnc|170|1493
|gen|9
|tier|[Gen 9] OU
|rated|
|rule|HP Percentage Mod: HP is shown in percentages
|rule|Endless Battle Clause: Forcing endless battles is banned
|rule|Species Clause: Limit one of each Pokémon
|rule|OHKO Clause: OHKO moves are banned
|rule|Evasion Items Clause: Evasion items are banned
|rule|Evasion Moves Clause: Evasion moves are banned
|rule|Evasion Abilities Clause: Evasion abilities are banned
|rule|Sleep Moves Clause: Sleep-inducing moves are banned
|clearpoke
|poke|p1|Ribombee, M|
|poke|p1|Cinderace, F|
|poke|p1|Serperior, F|
|poke|p1|Hitmonlee, M|
|poke|p1|Empoleon, M|
|poke|p1|Kingambit, F|
|poke|p2|Dragonite, F|
|poke|p2|Araquanid, M|
|poke|p2|Gholdengo|
|poke|p2|Gliscor, M|
|poke|p2|Clodsire, M|
|poke|p2|Corviknight, F|
|teampreview
|
|t:|1769392500
|teamsize|p1|6
|teamsize|p2|6
|start
|switch|p1a: Ya Like Jazz?|Ribombee, M|100/100
|switch|p2a: Gholdengo|Gholdengo|100/100
|turn|1
|
|t:|1769392511
|move|p1a: Ya Like Jazz?|Sticky Web|p2a: Gholdengo
|-sidestart|p2: cvbnc|move: Sticky Web
|move|p2a: Gholdengo|Substitute|p2a: Gholdengo
|-start|p2a: Gholdengo|Substitute
|-damage|p2a: Gholdengo|76/100
|
|-heal|p2a: Gholdengo|82/100|[from] item: Leftovers
|upkeep
|turn|2
|
|t:|1769392520
|switch|p1a: What's Up Doc?|Cinderace, F|100/100
|move|p2a: Gholdengo|Nasty Plot|p2a: Gholdengo
|-boost|p2a: Gholdengo|spa|2
|
|-heal|p2a: Gholdengo|88/100|[from] item: Leftovers
|upkeep
|turn|3
|
|t:|1769392531
|move|p1a: What's Up Doc?|Court Change|p1a: What's Up Doc?
|-start|p1a: What's Up Doc?|typechange|Normal|[from] ability: Libero
|-swapsideconditions
|-activate|p1a: What's Up Doc?|move: Court Change
|move|p2a: Gholdengo|Shadow Ball|p1a: What's Up Doc?
|-immune|p1a: What's Up Doc?
|
|-heal|p2a: Gholdengo|94/100|[from] item: Leftovers
|upkeep
|turn|4
|
|t:|1769392540
|move|p1a: What's Up Doc?|Pyro Ball|p2a: Gholdengo
|-supereffective|p2a: Gholdengo
|-end|p2a: Gholdengo|Substitute
|move|p2a: Gholdengo|Make It Rain|p1a: What's Up Doc?
|-damage|p1a: What's Up Doc?|0 fnt
|-unboost|p2a: Gholdengo|spa|1
|faint|p1a: What's Up Doc?
|
|-heal|p2a: Gholdengo|99/100|[from] item: Leftovers
|upkeep
|
|t:|1769392554
|switch|p1a: Big Z|Empoleon, M|100/100
|-activate|p1a: Big Z|move: Sticky Web
|-unboost|p1a: Big Z|spe|1
|-ability|p1a: Big Z|Competitive|boost
|-boost|p1a: Big Z|spa|2
|turn|5
|
|t:|1769392576
|switch|p2a: Dragonite|Dragonite, F|100/100
|move|p1a: Big Z|Surf|p2a: Dragonite
|-resisted|p2a: Dragonite
|-damage|p2a: Dragonite|81/100
|
|upkeep
|turn|6
|
|t:|1769392584
|switch|p1a: Ya Like Jazz?|Ribombee, M|100/100
|-activate|p1a: Ya Like Jazz?|move: Sticky Web
|-unboost|p1a: Ya Like Jazz?|spe|1
|move|p2a: Dragonite|Thunder Wave|p1a: Ya Like Jazz?
|-status|p1a: Ya Like Jazz?|par
|
|upkeep
|turn|7
|
|t:|1769392592
|switch|p2a: Gholdengo|Gholdengo|99/100
|cant|p1a: Ya Like Jazz?|par
|
|-heal|p2a: Gholdengo|100/100|[from] item: Leftovers
|upkeep
|turn|8
|
|t:|1769392603
|switch|p1a: Big Z|Empoleon, M|100/100
|-activate|p1a: Big Z|move: Sticky Web
|-unboost|p1a: Big Z|spe|1
|-ability|p1a: Big Z|Competitive|boost
|-boost|p1a: Big Z|spa|2
|move|p2a: Gholdengo|Substitute|p2a: Gholdengo
|-start|p2a: Gholdengo|Substitute
|-damage|p2a: Gholdengo|76/100
|
|-heal|p2a: Gholdengo|82/100|[from] item: Leftovers
|upkeep
|turn|9
|
|t:|1769392615
|move|p2a: Gholdengo|Shadow Ball|p1a: Big Z
|-damage|p1a: Big Z|73/100
|move|p1a: Big Z|Surf|p2a: Gholdengo
|-end|p2a: Gholdengo|Substitute
|
|-heal|p2a: Gholdengo|88/100|[from] item: Leftovers
|upkeep
|turn|10
|
|t:|1769392629
|switch|p2a: Dragonite|Dragonite, F|81/100
|move|p1a: Big Z|Surf|p2a: Dragonite
|-resisted|p2a: Dragonite
|-damage|p2a: Dragonite|38/100
|
|upkeep
|turn|11
|
|t:|1769392637
|move|p2a: Dragonite|Thunder Wave|p1a: Big Z
|-status|p1a: Big Z|par
|move|p1a: Big Z|Ice Beam|p2a: Dragonite
|-supereffective|p2a: Dragonite
|-damage|p2a: Dragonite|0 fnt
|faint|p2a: Dragonite
|
|upkeep
|
|t:|1769392650
|switch|p2a: Gliscor|Gliscor, M|100/100
|turn|12
|
|t:|1769392655
|move|p2a: Gliscor|Earthquake|p1a: Big Z
|-supereffective|p1a: Big Z
|-damage|p1a: Big Z|5/100 par
|move|p1a: Big Z|Ice Beam|p2a: Gliscor
|-supereffective|p2a: Gliscor
|-damage|p2a: Gliscor|0 fnt
|faint|p2a: Gliscor
|
|upkeep
|
|t:|1769392674
|switch|p2a: Araquanid|Araquanid, M|100/100
|turn|13
|
|t:|1769392677
|move|p2a: Araquanid|Surf|p1a: Big Z
|-resisted|p1a: Big Z
|-damage|p1a: Big Z|0 fnt
|faint|p1a: Big Z
|
|upkeep
|
|t:|1769392686
|switch|p1a: Ya Like Jazz?|Ribombee, M|100/100 par
|-activate|p1a: Ya Like Jazz?|move: Sticky Web
|-unboost|p1a: Ya Like Jazz?|spe|1
|turn|14
|
|t:|1769392692
|switch|p2a: Gholdengo|Gholdengo|88/100
|move|p1a: Ya Like Jazz?|Moonblast|p2a: Gholdengo
|-resisted|p2a: Gholdengo
|-damage|p2a: Gholdengo|66/100
|
|-heal|p2a: Gholdengo|72/100|[from] item: Leftovers
|upkeep
|turn|15
|
|t:|1769392701
|switch|p1a: Come At Me Bro|Kingambit, F|100/100
|-activate|p1a: Come At Me Bro|move: Sticky Web
|-unboost|p1a: Come At Me Bro|spe|1
|-ability|p1a: Come At Me Bro|Defiant|boost
|-boost|p1a: Come At Me Bro|atk|2
|move|p2a: Gholdengo|Substitute|p2a: Gholdengo
|-start|p2a: Gholdengo|Substitute
|-damage|p2a: Gholdengo|47/100
|
|-heal|p2a: Gholdengo|53/100|[from] item: Leftovers
|upkeep
|turn|16
|
|t:|1769392717
|move|p2a: Gholdengo|Make It Rain|p1a: Come At Me Bro
|-resisted|p1a: Come At Me Bro
|-damage|p1a: Come At Me Bro|69/100
|-unboost|p2a: Gholdengo|spa|1
|move|p1a: Come At Me Bro|Kowtow Cleave|p2a: Gholdengo
|-supereffective|p2a: Gholdengo
|-end|p2a: Gholdengo|Substitute
|
|-heal|p2a: Gholdengo|59/100|[from] item: Leftovers
|upkeep
|turn|17
|
|t:|1769392746
|move|p2a: Gholdengo|Make It Rain|p1a: Come At Me Bro
|-resisted|p1a: Come At Me Bro
|-damage|p1a: Come At Me Bro|48/100
|-unboost|p2a: Gholdengo|spa|1
|move|p1a: Come At Me Bro|Kowtow Cleave|p2a: Gholdengo
|-supereffective|p2a: Gholdengo
|-damage|p2a: Gholdengo|0 fnt
|faint|p2a: Gholdengo
|
|upkeep
|
|t:|1769392767
|switch|p2a: Clodsire|Clodsire, M|100/100
|turn|18
|
|t:|1769392774
|move|p1a: Come At Me Bro|Kowtow Cleave|p2a: Clodsire
|-damage|p2a: Clodsire|44/100
|move|p2a: Clodsire|Earthquake|p1a: Come At Me Bro
|-supereffective|p1a: Come At Me Bro
|-damage|p1a: Come At Me Bro|7/100
|
|-heal|p2a: Clodsire|50/100|[from] item: Leftovers
|upkeep
|turn|19
|
|t:|1769392783
|switch|p2a: Corviknight|Corviknight, F|100/100
|-ability|p2a: Corviknight|Pressure
|move|p1a: Come At Me Bro|Kowtow Cleave|p2a: Corviknight
|-damage|p2a: Corviknight|45/100
|-damage|p1a: Come At Me Bro|0 fnt|[from] item: Rocky Helmet|[of] p2a: Corviknight
|faint|p1a: Come At Me Bro
|
|upkeep
|
|t:|1769392794
|switch|p1a: Kickin' Nugget|Hitmonlee, M|100/100
|-activate|p1a: Kickin' Nugget|move: Sticky Web
|-unboost|p1a: Kickin' Nugget|spe|1
|-enditem|p1a: Kickin' Nugget|White Herb
|-clearnegativeboost|p1a: Kickin' Nugget|[silent]
|turn|20
|
|t:|1769392805
|move|p1a: Kickin' Nugget|Close Combat|p2a: Corviknight
|-damage|p2a: Corviknight|6/100
|-unboost|p1a: Kickin' Nugget|def|1
|-unboost|p1a: Kickin' Nugget|spd|1
|-damage|p1a: Kickin' Nugget|84/100|[from] item: Rocky Helmet|[of] p2a: Corviknight
|move|p2a: Corviknight|Roost|p2a: Corviknight
|-heal|p2a: Corviknight|56/100
|-singleturn|p2a: Corviknight|move: Roost
|
|upkeep
|turn|21
|
|t:|1769392815
|move|p1a: Kickin' Nugget|Swords Dance|p1a: Kickin' Nugget
|-boost|p1a: Kickin' Nugget|atk|2
|move|p2a: Corviknight|Roost|p2a: Corviknight
|-heal|p2a: Corviknight|100/100
|-singleturn|p2a: Corviknight|move: Roost
|
|upkeep
|turn|22
|
|t:|1769392823
|move|p1a: Kickin' Nugget|Close Combat|p2a: Corviknight
|-damage|p2a: Corviknight|19/100
|-unboost|p1a: Kickin' Nugget|def|1
|-unboost|p1a: Kickin' Nugget|spd|1
|-damage|p1a: Kickin' Nugget|67/100|[from] item: Rocky Helmet|[of] p2a: Corviknight
|move|p2a: Corviknight|Brave Bird|p1a: Kickin' Nugget
|-supereffective|p1a: Kickin' Nugget
|-damage|p1a: Kickin' Nugget|0 fnt
|faint|p1a: Kickin' Nugget
|-damage|p2a: Corviknight|6/100|[from] Recoil
|
|upkeep
|
|t:|1769392836
|switch|p1a: Slytherin|Serperior, F|100/100
|-activate|p1a: Slytherin|move: Sticky Web
|-boost|p1a: Slytherin|spe|1
|turn|23
|
|t:|1769392841
|move|p1a: Slytherin|Leaf Storm|p2a: Corviknight
|-resisted|p2a: Corviknight
|-damage|p2a: Corviknight|0 fnt
|-boost|p1a: Slytherin|spa|2
|faint|p2a: Corviknight
|
|upkeep
|
|t:|1769392848
|switch|p2a: Clodsire|Clodsire, M|50/100
|turn|24
|
|t:|1769392851
|move|p1a: Slytherin|Substitute|p1a: Slytherin
|-start|p1a: Slytherin|Substitute
|-damage|p1a: Slytherin|76/100
|move|p2a: Clodsire|Recover|p2a: Clodsire
|-heal|p2a: Clodsire|99/100
|
|-heal|p2a: Clodsire|100/100|[from] item: Leftovers
|upkeep
|turn|25
|
|t:|1769392863
|move|p1a: Slytherin|Leaf Storm|p2a: Clodsire
|-damage|p2a: Clodsire|74/100
|-boost|p1a: Slytherin|spa|2
|move|p2a: Clodsire|Stealth Rock|p1a: Slytherin
|-sidestart|p1: jarrodbennett|move: Stealth Rock
|
|-heal|p2a: Clodsire|80/100|[from] item: Leftovers
|upkeep
|turn|26
|
|t:|1769392873
|move|p1a: Slytherin|Gastro Acid|p2a: Clodsire
|-endability|p2a: Clodsire
|move|p2a: Clodsire|Earthquake|p1a: Slytherin
|-resisted|p1a: Slytherin
|-activate|p1a: Slytherin|move: Substitute|[damage]
|
|-heal|p2a: Clodsire|86/100|[from] item: Leftovers
|upkeep
|turn|27
|
|t:|1769392884
|switch|p2a: Araquanid|Araquanid, M|100/100
|move|p1a: Slytherin|Leaf Storm|p2a: Araquanid
|-damage|p2a: Araquanid|0 fnt
|-boost|p1a: Slytherin|spa|2
|faint|p2a: Araquanid
|
|upkeep
|-message|cvbnc forfeited.
|
|win|jarrodbennett
|raw|jarrodbennett's rating: 1439 &rarr; <strong>1462</strong><br />(+23 for winning)
|raw|cvbnc's rating: 1493 &rarr; <strong>1470</strong><br />(-23 for losing)
|l|☆cvbnc
|player|p2|
|l|☆jarrodbennett
|player|p1|
