|j|☆jujimon
|j|‽RunBun&Done
|t:|1769352317
|gametype|singles
|player|p1|jujimon|bugcatcher-gen2|1331
|player|p2|RunBun&Done|hilbert|1355
|gen|9
|tier|[Gen 9] OU
|rated|
|rule|HP Percentage Mod: HP is shown in percentages
|rule|Endless Battle Clause: Forcing endless battles is banned
|rule|Species Clause: Limit one of each Pokémon
|rule|OHKO Clause: OHKO moves are banned
|rule|Evasion Items Clause: Evasion items are banned
|rule|Evasion Moves Clause: Evasion moves are banned
|rule|Evasion Abilities Clause: Evasion abilities are banned
|rule|Sleep Moves Clause: Sleep-inducing moves are banned
|clearpoke
|poke|p1|Heatran, F|
|poke|p1|Ogerpon-Wellspring, F|
|poke|p1|Enamorus, F|
|poke|p1|Raging Bolt|
|poke|p1|Great Tusk|
|poke|p1|Darkrai|
|poke|p2|Tyranitar, F|
|poke|p2|Excadrill, M|
|poke|p2|Zapdos|
|poke|p2|Slowking-Galar, M|
|poke|p2|Hydrapple, F|
|poke|p2|Gliscor, M|
|teampreview
|
|t:|1769352327
|teamsize|p1|6
|teamsize|p2|6
|start
|switch|p1a: Great Tusk|Great Tusk|100/100
|switch|p2a: Gliscor|Gliscor, M|100/100
|turn|1
|
|t:|1769352335
|move|p2a: Gliscor|Spikes|p1a: Great Tusk
|-sidestart|p1: jujimon|Spikes
|move|p1a: Great Tusk|Ice Spinner|p2a: Gliscor
|-supereffective|p2a: Gliscor
|-damage|p2a: Gliscor|14/100
|
|-status|p2a: Gliscor|tox|[from] item: Toxic Orb
|upkeep
|turn|2
|
|t:|1769352338
|move|p2a: Gliscor|U-turn|p1a: Great Tusk
|-resisted|p1a: Great Tusk
|-damage|p1a: Great Tusk|95/100
|-damage|p2a: Gliscor|0 fnt|[from] item: Rocky Helmet|[of] p1a: Great Tusk
|faint|p2a: Gliscor
|move|p1a: Great Tusk|Rapid Spin|p2: Gliscor|[notarget]
|-fail|p1a: Great Tusk
|
|upkeep
|
|t:|1769352344
|switch|p2a: Hydrapple|Hydrapple, F|100/100
|turn|3
|
|t:|1769352362
|-end|p1a: Great Tusk|Protosynthesis|[silent]
|switch|p1a: Heatran|Heatran, F|100/100
|-item|p1a: Heatran|Air Balloon
|move|p2a: Hydrapple|Giga Drain|p1a: Heatran
|-resisted|p1a: Heatran
|-damage|p1a: Heatran|95/100
|-enditem|p1a: Heatran|Air Balloon
|
|upkeep
|turn|4
|
|t:|1769352366
|move|p1a: Heatran|Magma Storm|p2a: Hydrapple|[miss]
|-miss|p1a: Heatran|p2a: Hydrapple
|move|p2a: Hydrapple|Earth Power|p1a: Heatran
|-supereffective|p1a: Heatran
|-crit|p1a: Heatran
|-damage|p1a: Heatran|0 fnt
|faint|p1a: Heatran
|
|upkeep
|
|t:|1769352375
|switch|p1a: Darkrai|Darkrai|100/100
|-damage|p1a: Darkrai|88/100|[from] Spikes
|turn|5
|
|t:|1769352384
|switch|p2a: Zapdos|Zapdos, shiny|100/100
|move|p1a: Darkrai|Ice Beam|p2a: Zapdos
|-supereffective|p2a: Zapdos
|-damage|p2a: Zapdos|37/100
|
|upkeep
|turn|6
|
|t:|1769352399
|switch|p2a: Slowking|Slowking-Galar, M, shiny|100/100
|move|p1a: Darkrai|Ice Beam|p2a: Slowking
|-damage|p2a: Slowking|76/100
|
|upkeep
|turn|7
|
|t:|1769352409
|switch|p1a: Great Tusk|Great Tusk|95/100
|-damage|p1a: Great Tusk|83/100|[from] Spikes
|move|p2a: Slowking|Sludge Bomb|p1a: Great Tusk
|-resisted|p1a: Great Tusk
|-damage|p1a: Great Tusk|50/100
|-status|p1a: Great Tusk|psn
|
|-damage|p1a: Great Tusk|37/100 psn|[from] psn
|upkeep
|turn|8
|
|t:|1769352417
|switch|p2a: Zapdos|Zapdos, shiny|37/100
|move|p1a: Great Tusk|Rapid Spin|p2a: Zapdos
|-damage|p2a: Zapdos|21/100
|-boost|p1a: Great Tusk|spe|1
|-sideend|p1: jujimon|Spikes|[from] move: Rapid Spin|[of] p1a: Great Tusk
|
|-damage|p1a: Great Tusk|25/100 psn|[from] psn
|upkeep
|turn|9
|
|t:|1769352425
|switch|p2a: Hydrapple|Hydrapple, F|100/100
|move|p1a: Great Tusk|Ice Spinner|p2a: Hydrapple
|-supereffective|p2a: Hydrapple
|-damage|p2a: Hydrapple|34/100
|-damage|p1a: Great Tusk|8/100 psn|[from] item: Rocky Helmet|[of] p2a: Hydrapple
|
|-damage|p1a: Great Tusk|0 fnt|[from] psn
|faint|p1a: Great Tusk
|-end|p1a: Great Tusk|Protosynthesis|[silent]
|upkeep
|
|t:|1769352444
|switch|p1a: Darkrai|Darkrai|88/100
|turn|10
|
|t:|1769352450
|switch|p2a: Slowking|Slowking-Galar, M, shiny|100/100
|move|p1a: Darkrai|Dark Pulse|p2a: Slowking
|-supereffective|p2a: Slowking
|-damage|p2a: Slowking|35/100
|
|upkeep
|turn|11
|
|t:|1769352457
|switch|p1a: Ogerpon|Ogerpon-Wellspring, F|100/100
|switch|p2a: Zapdos|Zapdos, shiny|21/100
|
|upkeep
|turn|12
|
|t:|1769352464
|move|p1a: Ogerpon|Ivy Cudgel|p2a: Zapdos|[anim] Ivy Cudgel Water
|-damage|p2a: Zapdos|0 fnt
|faint|p2a: Zapdos
|
|upkeep
|
|t:|1769352469
|switch|p2a: Hydrapple|Hydrapple, F|67/100
|turn|13
|
|t:|1769352477
|switch|p1a: Enamorus|Enamorus, F|100/100
|move|p2a: Hydrapple|Draco Meteor|p1a: Enamorus
|-immune|p1a: Enamorus
|
|upkeep
|turn|14
|
|t:|1769352483
|switch|p2a: Slowking|Slowking-Galar, M, shiny|68/100
|move|p1a: Enamorus|Earth Power|p2a: Slowking
|-supereffective|p2a: Slowking
|-damage|p2a: Slowking|34/100
|
|upkeep
|turn|15
|
|t:|1769352490
|switch|p1a: Darkrai|Darkrai|88/100
|switch|p2a: Excadrill|Excadrill, M, shiny|100/100
|-item|p2a: Excadrill|Air Balloon
|
|upkeep
|turn|16
|
|t:|1769352497
|move|p1a: Darkrai|Focus Blast|p2a: Excadrill
|-supereffective|p2a: Excadrill
|-damage|p2a: Excadrill|0 fnt
|-enditem|p2a: Excadrill|Air Balloon
|faint|p2a: Excadrill
|
|upkeep
|
|t:|1769352503
|switch|p2a: Tyranitar|Tyranitar, F, shiny|100/100
|-weather|Sandstorm|[from] ability: Sand Stream|[of] p2a: Tyranitar
|turn|17
|
|t:|1769352511
|-terastallize|p2a: Tyranitar|Rock
|move|p1a: Darkrai|Focus Blast|p2a: Tyranitar
|-supereffective|p2a: Tyranitar
|-damage|p2a: Tyranitar|20/100
|move|p2a: Tyranitar|Stone Edge|p1a: Darkrai
|-damage|p1a: Darkrai|0 fnt
|faint|p1a: Darkrai
|
|-weather|Sandstorm|[upkeep]
|upkeep
|
|t:|1769352520
|switch|p1a: Ogerpon|Ogerpon-Wellspring, F|100/100
|turn|18
|
|t:|1769352524
|switch|p2a: Hydrapple|Hydrapple, F|100/100
|move|p1a: Ogerpon|Ivy Cudgel|p2a: Hydrapple|[anim] Ivy Cudgel Water
|-resisted|p2a: Hydrapple
|-damage|p2a: Hydrapple|93/100
|
|-weather|Sandstorm|[upkeep]
|-damage|p1a: Ogerpon|95/100|[from] Sandstorm
|-damage|p2a: Hydrapple|87/100|[from] Sandstorm
|upkeep
|turn|19
|
|t:|1769352533
|switch|p1a: Enamorus|Enamorus, F|100/100
|switch|p2a: Slowking|Slowking-Galar, M, shiny|67/100
|
|-weather|Sandstorm|[upkeep]
|-damage|p1a: Enamorus|94/100|[from] Sandstorm
|-damage|p2a: Slowking|61/100|[from] Sandstorm
|upkeep
|turn|20
|
|t:|1769352537
|-terastallize|p1a: Enamorus|Ground
|move|p1a: Enamorus|Earth Power|p2a: Slowking
|-supereffective|p2a: Slowking
|-damage|p2a: Slowking|9/100
|move|p2a: Slowking|Sludge Bomb|p1a: Enamorus
|-resisted|p1a: Enamorus
|-damage|p1a: Enamorus|60/100
|-status|p1a: Enamorus|psn
|
|-weather|Sandstorm|[upkeep]
|-damage|p2a: Slowking|3/100|[from] Sandstorm
|-damage|p1a: Enamorus|48/100 psn|[from] psn
|upkeep
|turn|21
|
|t:|1769352545
|switch|p2a: Hydrapple|Hydrapple, F|100/100
|move|p1a: Enamorus|Earth Power|p2a: Hydrapple
|-resisted|p2a: Hydrapple
|-damage|p2a: Hydrapple|74/100
|
|-weather|none
|-damage|p1a: Enamorus|35/100 psn|[from] psn
|upkeep
|turn|22
|
|t:|1769352553
|move|p1a: Enamorus|Earth Power|p2a: Hydrapple
|-resisted|p2a: Hydrapple
|-damage|p2a: Hydrapple|50/100
|move|p2a: Hydrapple|Giga Drain|p1a: Enamorus
|-supereffective|p1a: Enamorus
|-damage|p1a: Enamorus|0 fnt
|-heal|p2a: Hydrapple|62/100|[from] drain|[of] p1a: Enamorus
|faint|p1a: Enamorus
|
|upkeep
|
|t:|1769352563
|switch|p1a: Raging Bolt|Raging Bolt|100/100
|-enditem|p1a: Raging Bolt|Booster Energy
|-activate|p1a: Raging Bolt|ability: Protosynthesis|[fromitem]
|-start|p1a: Raging Bolt|protosynthesisspa
|turn|23
|
|t:|1769352567
|switch|p2a: Slowking|Slowking-Galar, M, shiny|36/100
|move|p1a: Raging Bolt|Dragon Pulse|p2a: Slowking
|-damage|p2a: Slowking|1/100
|
|upkeep
|turn|24
|
|t:|1769352576
|move|p1a: Raging Bolt|Dragon Pulse|p2a: Slowking
|-damage|p2a: Slowking|0 fnt
|faint|p2a: Slowking
|
|upkeep
|
|t:|1769352580
|switch|p2a: Hydrapple|Hydrapple, F|95/100
|turn|25
|
|t:|1769352586
|move|p1a: Raging Bolt|Dragon Pulse|p2a: Hydrapple
|-supereffective|p2a: Hydrapple
|-damage|p2a: Hydrapple|0 fnt
|faint|p2a: Hydrapple
|
|upkeep
|
|t:|1769352589
|switch|p2a: Tyranitar|Tyranitar, F, shiny, tera:Rock|20/100
|-weather|Sandstorm|[from] ability: Sand Stream|[of] p2a: Tyranitar
|turn|26
|c|☆jujimon|gg
|
|t:|1769352593
|move|p2a: Tyranitar|Stone Edge|p1a: Raging Bolt
|-damage|p1a: Raging Bolt|10/100
|move|p1a: Raging Bolt|Thunderbolt|p2a: Tyranitar
|-damage|p2a: Tyranitar|0 fnt
|faint|p2a: Tyranitar
|
|win|jujimon
|raw|jujimon's rating: 1331 &rarr; <strong>1352</strong><br />(+21 for winning)
|raw|RunBun&amp;Done's rating: 1355 &rarr; <strong>1334</strong><br />(-21 for losing)
