|j|☆CodeNumber_Beta
|j|☆Wellez
|t:|1769328054
|gametype|singles
|player|p1|CodeNumber_Beta|1|1526
|player|p2|Wellez|266|1538
|gen|9
|tier|[Gen 9] OU
|rated|
|rule|HP Percentage Mod: HP is shown in percentages
|rule|Endless Battle Clause: Forcing endless battles is banned
|rule|Species Clause: Limit one of each Pokémon
|rule|OHKO Clause: OHKO moves are banned
|rule|Evasion Items Clause: Evasion items are banned
|rule|Evasion Moves Clause: Evasion moves are banned
|rule|Evasion Abilities Clause: Evasion abilities are banned
|rule|Sleep Moves Clause: Sleep-inducing moves are banned
|clearpoke
|poke|p1|Araquanid, M|
|poke|p1|Gholdengo|
|poke|p1|Great Tusk|
|poke|p1|Samurott-Hisui, F|
|poke|p1|Iron Moth|
|poke|p1|Corviknight, M|
|poke|p2|Iron Crown|
|poke|p2|Samurott-Hisui, F|
|poke|p2|Tyranitar, M|
|poke|p2|Excadrill, F|
|poke|p2|Rillaboom, M|
|poke|p2|Hydrapple, M|
|teampreview
|inactive|Battle timer is ON: inactive players will automatically lose when time's up. (requested by CodeNumber_Beta)
|inactive|Wellez also wants the timer to be on.
|
|t:|1769328070
|teamsize|p1|6
|teamsize|p2|6
|start
|switch|p1a: Araquanid|Araquanid, M|100/100
|switch|p2a: Rillaboom|Rillaboom, M|100/100
|-fieldstart|move: Grassy Terrain|[from] ability: Grassy Surge|[of] p2a: Rillaboom
|turn|1
|
|t:|1769328075
|switch|p1a: Corviknight|Corviknight, M|100/100
|-ability|p1a: Corviknight|Pressure
|move|p2a: Rillaboom|Wood Hammer|p1a: Corviknight
|-resisted|p1a: Corviknight
|-damage|p1a: Corviknight|81/100
|-damage|p2a: Rillaboom|94/100|[from] Recoil
|
|-heal|p2a: Rillaboom|100/100|[from] Grassy Terrain
|-heal|p1a: Corviknight|87/100|[from] item: Leftovers
|upkeep
|turn|2
|
|t:|1769328085
|switch|p2a: Mindreader|Iron Crown|100/100
|move|p1a: Corviknight|U-turn|p2a: Mindreader
|-damage|p2a: Mindreader|86/100
|
|t:|1769328090
|switch|p1a: Iron Moth|Iron Moth|100/100|[from] U-turn
|
|-heal|p2a: Mindreader|92/100|[from] Grassy Terrain
|upkeep
|turn|3
|
|t:|1769328094
|-end|p1a: Iron Moth|Quark Drive|[silent]
|switch|p1a: Samurott|Samurott-Hisui, F|100/100
|-end|p2a: Mindreader|Quark Drive|[silent]
|switch|p2a: Tyranitar|Tyranitar, M|100/100
|-weather|Sandstorm|[from] ability: Sand Stream|[of] p2a: Tyranitar
|
|-weather|Sandstorm|[upkeep]
|-damage|p1a: Samurott|94/100|[from] Sandstorm
|-heal|p1a: Samurott|100/100|[from] Grassy Terrain
|upkeep
|turn|4
|
|t:|1769328105
|switch|p2a: Hydrapple|Hydrapple, M|100/100
|move|p1a: Samurott|Ceaseless Edge|p2a: Hydrapple
|-damage|p2a: Hydrapple|72/100
|-damage|p1a: Samurott|84/100|[from] item: Rocky Helmet|[of] p2a: Hydrapple
|-sidestart|p2: Wellez|Spikes
|
|-weather|Sandstorm|[upkeep]
|-damage|p1a: Samurott|78/100|[from] Sandstorm
|-damage|p2a: Hydrapple|66/100|[from] Sandstorm
|-heal|p1a: Samurott|84/100|[from] Grassy Terrain
|-heal|p2a: Hydrapple|72/100|[from] Grassy Terrain
|upkeep
|turn|5
|
|t:|1769328119
|switch|p1a: Iron Moth|Iron Moth|100/100
|move|p2a: Hydrapple|Nasty Plot|p2a: Hydrapple
|-boost|p2a: Hydrapple|spa|2
|
|-weather|Sandstorm|[upkeep]
|-damage|p1a: Iron Moth|95/100|[from] Sandstorm
|-damage|p2a: Hydrapple|66/100|[from] Sandstorm
|-heal|p1a: Iron Moth|100/100|[from] Grassy Terrain
|-heal|p2a: Hydrapple|72/100|[from] Grassy Terrain
|-fieldend|move: Grassy Terrain
|upkeep
|turn|6
|
|t:|1769328137
|switch|p2a: Tyranitar|Tyranitar, M|100/100
|-damage|p2a: Tyranitar|88/100|[from] Spikes
|-terastallize|p1a: Iron Moth|Fire
|move|p1a: Iron Moth|Flamethrower|p2a: Tyranitar
|-resisted|p2a: Tyranitar
|-damage|p2a: Tyranitar|75/100
|-status|p2a: Tyranitar|brn
|
|-weather|Sandstorm|[upkeep]
|-damage|p1a: Iron Moth|95/100|[from] Sandstorm
|-damage|p2a: Tyranitar|69/100 brn|[from] brn
|upkeep
|turn|7
|
|t:|1769328146
|-end|p1a: Iron Moth|Quark Drive|[silent]
|switch|p1a: Great Tusk|Great Tusk|100/100
|move|p2a: Tyranitar|Knock Off|p1a: Great Tusk
|-resisted|p1a: Great Tusk
|-damage|p1a: Great Tusk|93/100
|-enditem|p1a: Great Tusk|Heavy-Duty Boots|[from] move: Knock Off|[of] p2a: Tyranitar
|
|-weather|none
|-damage|p2a: Tyranitar|62/100 brn|[from] brn
|upkeep
|turn|8
|
|t:|1769328157
|switch|p2a: Everytime We Touch|Samurott-Hisui, F|100/100
|-damage|p2a: Everytime We Touch|88/100|[from] Spikes
|move|p1a: Great Tusk|Ice Spinner|p2a: Everytime We Touch
|-resisted|p2a: Everytime We Touch
|-damage|p2a: Everytime We Touch|70/100
|
|upkeep
|turn|9
|
|t:|1769328174
|move|p2a: Everytime We Touch|Razor Shell|p1a: Great Tusk
|-supereffective|p1a: Great Tusk
|-damage|p1a: Great Tusk|12/100
|-unboost|p1a: Great Tusk|def|1
|move|p1a: Great Tusk|Close Combat|p2a: Everytime We Touch
|-supereffective|p2a: Everytime We Touch
|-crit|p2a: Everytime We Touch
|-damage|p2a: Everytime We Touch|0 fnt
|-unboost|p1a: Great Tusk|def|1
|-unboost|p1a: Great Tusk|spd|1
|faint|p2a: Everytime We Touch
|
|upkeep
|
|t:|1769328190
|switch|p2a: Mindreader|Iron Crown|92/100
|-damage|p2a: Mindreader|80/100|[from] Spikes
|turn|10
|
|t:|1769328198
|-end|p1a: Great Tusk|Protosynthesis|[silent]
|switch|p1a: Gholdengo|Gholdengo|100/100
|-item|p1a: Gholdengo|Air Balloon
|move|p2a: Mindreader|Psyshock|p1a: Gholdengo
|-resisted|p1a: Gholdengo
|-damage|p1a: Gholdengo|73/100
|-enditem|p1a: Gholdengo|Air Balloon
|
|upkeep
|turn|11
|
|t:|1769328212
|-end|p2a: Mindreader|Quark Drive|[silent]
|switch|p2a: Tyranitar|Tyranitar, M|62/100 brn
|-damage|p2a: Tyranitar|50/100 brn|[from] Spikes
|-weather|Sandstorm|[from] ability: Sand Stream|[of] p2a: Tyranitar
|move|p1a: Gholdengo|Make It Rain|p2a: Tyranitar
|-supereffective|p2a: Tyranitar
|-damage|p2a: Tyranitar|18/100 brn
|-unboost|p1a: Gholdengo|spa|1
|
|-weather|Sandstorm|[upkeep]
|-damage|p2a: Tyranitar|12/100 brn|[from] brn
|upkeep
|turn|12
|
|t:|1769328220
|move|p1a: Gholdengo|Make It Rain|p2a: Tyranitar
|-supereffective|p2a: Tyranitar
|-damage|p2a: Tyranitar|0 fnt
|-unboost|p1a: Gholdengo|spa|1
|faint|p2a: Tyranitar
|
|-weather|Sandstorm|[upkeep]
|upkeep
|
|t:|1769328225
|switch|p2a: Excadrill|Excadrill, F|100/100
|-item|p2a: Excadrill|Air Balloon
|turn|13
|
|t:|1769328229
|switch|p1a: Corviknight|Corviknight, M|87/100
|-ability|p1a: Corviknight|Pressure
|move|p2a: Excadrill|Swords Dance|p2a: Excadrill
|-boost|p2a: Excadrill|atk|2
|
|-weather|Sandstorm|[upkeep]
|-heal|p1a: Corviknight|93/100|[from] item: Leftovers
|upkeep
|turn|14
|
|t:|1769328239
|move|p2a: Excadrill|Swords Dance|p2a: Excadrill
|-boost|p2a: Excadrill|atk|2
|move|p1a: Corviknight|Iron Defense|p1a: Corviknight
|-boost|p1a: Corviknight|def|2
|
|-weather|Sandstorm|[upkeep]
|-heal|p1a: Corviknight|99/100|[from] item: Leftovers
|upkeep
|turn|15
|
|t:|1769328249
|move|p2a: Excadrill|Rapid Spin|p1a: Corviknight
|-resisted|p1a: Corviknight
|-damage|p1a: Corviknight|91/100
|-boost|p2a: Excadrill|spe|1
|-sideend|p2: Wellez|Spikes|[from] move: Rapid Spin|[of] p2a: Excadrill
|move|p1a: Corviknight|Body Press|p2a: Excadrill
|-supereffective|p2a: Excadrill
|-damage|p2a: Excadrill|0 fnt
|-enditem|p2a: Excadrill|Air Balloon
|faint|p2a: Excadrill
|
|-weather|none
|-heal|p1a: Corviknight|97/100|[from] item: Leftovers
|upkeep
|
|t:|1769328256
|switch|p2a: Mindreader|Iron Crown|80/100
|turn|16
|
|t:|1769328261
|switch|p1a: Gholdengo|Gholdengo|73/100
|move|p2a: Mindreader|Tachyon Cutter|p1a: Gholdengo
|-resisted|p1a: Gholdengo
|-damage|p1a: Gholdengo|58/100
|-resisted|p1a: Gholdengo
|-damage|p1a: Gholdengo|44/100
|-hitcount|p1a: Gholdengo|2
|
|upkeep
|turn|17
|-message|Wellez forfeited.
|
|win|CodeNumber_Beta
|raw|CodeNumber_Beta's rating: 1526 &rarr; <strong>1547</strong><br />(+21 for winning)
|raw|Wellez's rating: 1538 &rarr; <strong>1517</strong><br />(-21 for losing)
|l|☆Wellez
|player|p2|
