|j|☆thepippy27
|j|☆SkylarQuantity
|t:|1769310453
|gametype|singles
|player|p1|thepippy27|acetrainerf-gen4dp|1328
|player|p2|SkylarQuantity|flannery|1356
|gen|9
|tier|[Gen 9] OU
|rated|
|rule|HP Percentage Mod: HP is shown in percentages
|rule|Endless Battle Clause: Forcing endless battles is banned
|rule|Species Clause: Limit one of each Pokémon
|rule|OHKO Clause: OHKO moves are banned
|rule|Evasion Items Clause: Evasion items are banned
|rule|Evasion Moves Clause: Evasion moves are banned
|rule|Evasion Abilities Clause: Evasion abilities are banned
|rule|Sleep Moves Clause: Sleep-inducing moves are banned
|clearpoke
|poke|p1|Alomomola, F|
|poke|p1|Corviknight, M|
|poke|p1|Deoxys-Speed|
|poke|p1|Garganacl, F|
|poke|p1|Hydrapple, F|
|poke|p1|Hoopa-Unbound|
|poke|p2|Tornadus-Therian, M|
|poke|p2|Hatterene, F|
|poke|p2|Cinderace, F|
|poke|p2|Kingambit, M|
|poke|p2|Zamazenta-*|
|poke|p2|Iron Treads|
|teampreview
|
|t:|1769310475
|teamsize|p1|6
|teamsize|p2|6
|start
|switch|p1a: Garganacl|Garganacl, F|100/100
|switch|p2a: Tread Lightly|Iron Treads|100/100
|turn|1
|
|t:|1769310481
|move|p2a: Tread Lightly|Earthquake|p1a: Garganacl
|-supereffective|p1a: Garganacl
|-damage|p1a: Garganacl|60/100
|move|p1a: Garganacl|Salt Cure|p2a: Tread Lightly
|-resisted|p2a: Tread Lightly
|-damage|p2a: Tread Lightly|98/100
|-start|p2a: Tread Lightly|Salt Cure
|
|-heal|p2a: Tread Lightly|100/100|[from] item: Leftovers
|-heal|p1a: Garganacl|67/100|[from] item: Leftovers
|-damage|p2a: Tread Lightly|75/100|[from] Salt Cure
|upkeep
|turn|2
|
|t:|1769310498
|-end|p2a: Tread Lightly|Quark Drive|[silent]
|switch|p2a: this is a dog|Zamazenta|100/100
|-ability|p2a: this is a dog|Dauntless Shield|boost
|-boost|p2a: this is a dog|def|1
|move|p1a: Garganacl|Salt Cure|p2a: this is a dog
|-resisted|p2a: this is a dog
|-damage|p2a: this is a dog|97/100
|-start|p2a: this is a dog|Salt Cure
|
|-heal|p2a: this is a dog|100/100|[from] item: Leftovers
|-heal|p1a: Garganacl|73/100|[from] item: Leftovers
|-damage|p2a: this is a dog|88/100|[from] Salt Cure
|upkeep
|turn|3
|
|t:|1769310504
|switch|p1a: Alomomola|Alomomola, F|100/100
|move|p2a: this is a dog|Iron Defense|p2a: this is a dog
|-boost|p2a: this is a dog|def|2
|
|-heal|p2a: this is a dog|94/100|[from] item: Leftovers
|-damage|p2a: this is a dog|82/100|[from] Salt Cure
|upkeep
|turn|4
|
|t:|1769310509
|move|p2a: this is a dog|Iron Defense|p2a: this is a dog
|-boost|p2a: this is a dog|def|2
|move|p1a: Alomomola|Flip Turn|p2a: this is a dog
|-damage|p2a: this is a dog|79/100
|
|t:|1769310511
|switch|p1a: Hydrapple|Hydrapple, F|100/100|[from] Flip Turn
|
|-heal|p2a: this is a dog|85/100|[from] item: Leftovers
|-damage|p2a: this is a dog|72/100|[from] Salt Cure
|upkeep
|turn|5
|
|t:|1769310516
|-terastallize|p1a: Hydrapple|Fairy
|move|p2a: this is a dog|Body Press|p1a: Hydrapple
|-resisted|p1a: Hydrapple
|-damage|p1a: Hydrapple|53/100
|move|p1a: Hydrapple|Tera Blast|p2a: this is a dog|[anim] Tera Blast Fairy
|-supereffective|p2a: this is a dog
|-damage|p2a: this is a dog|4/100
|
|-heal|p2a: this is a dog|11/100|[from] item: Leftovers
|-damage|p2a: this is a dog|0 fnt|[from] Salt Cure
|faint|p2a: this is a dog
|upkeep
|
|t:|1769310524
|switch|p2a: Tread Lightly|Iron Treads|75/100
|turn|6
|
|t:|1769310532
|switch|p1a: Alomomola|Alomomola, F|100/100
|move|p2a: Tread Lightly|Stealth Rock|p1a: Alomomola
|-sidestart|p1: thepippy27|move: Stealth Rock
|
|-heal|p2a: Tread Lightly|82/100|[from] item: Leftovers
|upkeep
|turn|7
|
|t:|1769310540
|-end|p2a: Tread Lightly|Quark Drive|[silent]
|switch|p2a: Is this a bird????|Tornadus-Therian, M|100/100
|move|p1a: Alomomola|Flip Turn|p2a: Is this a bird????
|-damage|p2a: Is this a bird????|76/100
|
|t:|1769310551
|switch|p1a: Garganacl|Garganacl, F|73/100|[from] Flip Turn
|-damage|p1a: Garganacl|60/100|[from] Stealth Rock
|
|-heal|p1a: Garganacl|67/100|[from] item: Leftovers
|upkeep
|turn|8
|
|t:|1769310576
|move|p2a: Is this a bird????|Grass Knot|p1a: Garganacl
|-supereffective|p1a: Garganacl
|-damage|p1a: Garganacl|0 fnt
|faint|p1a: Garganacl
|-damage|p2a: Is this a bird????|67/100|[from] item: Life Orb
|
|upkeep
|
|t:|1769310589
|switch|p1a: Hoopa|Hoopa-Unbound|100/100
|-damage|p1a: Hoopa|88/100|[from] Stealth Rock
|turn|9
|
|t:|1769310593
|move|p1a: Hoopa|Knock Off|p2a: Is this a bird????
|-damage|p2a: Is this a bird????|0 fnt
|-enditem|p2a: Is this a bird????|Life Orb|[from] move: Knock Off|[of] p1a: Hoopa
|faint|p2a: Is this a bird????
|
|upkeep
|
|t:|1769310603
|switch|p2a: Tread Lightly|Iron Treads|82/100
|turn|10
|
|t:|1769310616
|switch|p1a: Alomomola|Alomomola, F|100/100
|move|p2a: Tread Lightly|Rapid Spin|p1a: Alomomola
|-damage|p1a: Alomomola|94/100
|-boost|p2a: Tread Lightly|spe|1
|
|-heal|p2a: Tread Lightly|88/100|[from] item: Leftovers
|upkeep
|turn|11
|
|t:|1769310639
|-end|p2a: Tread Lightly|Quark Drive|[silent]
|switch|p2a: Cool Hat!|Hatterene, F|100/100
|move|p1a: Alomomola|Tickle|p2a: Cool Hat!
|move|p2a: Cool Hat!|Tickle|p1a: Alomomola|[from] ability: Magic Bounce
|-unboost|p1a: Alomomola|atk|1
|-unboost|p1a: Alomomola|def|1
|
|upkeep
|turn|12
|
|t:|1769310650
|move|p1a: Alomomola|Flip Turn|p2a: Cool Hat!
|-damage|p2a: Cool Hat!|91/100
|-damage|p1a: Alomomola|77/100|[from] item: Rocky Helmet|[of] p2a: Cool Hat!
|
|t:|1769310655
|switch|p1a: Hydrapple|Hydrapple, F, tera:Fairy|86/100|[from] Flip Turn
|-damage|p1a: Hydrapple|74/100|[from] Stealth Rock
|move|p2a: Cool Hat!|Nuzzle|p1a: Hydrapple
|-damage|p1a: Hydrapple|71/100
|-status|p1a: Hydrapple|par
|
|upkeep
|turn|13
|
|t:|1769310671
|move|p2a: Cool Hat!|Psychic Noise|p1a: Hydrapple
|-damage|p1a: Hydrapple|47/100 par
|-start|p1a: Hydrapple|move: Heal Block
|cant|p1a: Hydrapple|move: Heal Block|Giga Drain
|
|upkeep
|turn|14
|
|t:|1769310682
|switch|p1a: Corviknight|Corviknight, M|100/100
|-damage|p1a: Corviknight|88/100|[from] Stealth Rock
|-ability|p1a: Corviknight|Pressure
|move|p2a: Cool Hat!|Psychic Noise|p1a: Corviknight
|-resisted|p1a: Corviknight
|-damage|p1a: Corviknight|74/100
|-start|p1a: Corviknight|move: Heal Block
|
|upkeep
|turn|15
|
|t:|1769310692
|switch|p2a: Tread Lightly|Iron Treads|88/100
|move|p1a: Corviknight|U-turn|p2a: Tread Lightly
|-resisted|p2a: Tread Lightly
|-crit|p2a: Tread Lightly
|-damage|p2a: Tread Lightly|80/100
|
|t:|1769310700
|switch|p1a: Alomomola|Alomomola, F|100/100|[from] U-turn
|
|-heal|p2a: Tread Lightly|86/100|[from] item: Leftovers
|upkeep
|turn|16
|
|t:|1769310708
|-end|p2a: Tread Lightly|Quark Drive|[silent]
|switch|p2a: Cool Hat!|Hatterene, F|91/100
|move|p1a: Alomomola|Flip Turn|p2a: Cool Hat!
|-damage|p2a: Cool Hat!|76/100
|-damage|p1a: Alomomola|84/100|[from] item: Rocky Helmet|[of] p2a: Cool Hat!
|
|t:|1769310719
|switch|p1a: Hydrapple|Hydrapple, F, tera:Fairy|81/100 par|[from] Flip Turn
|-damage|p1a: Hydrapple|68/100 par|[from] Stealth Rock
|
|upkeep
|turn|17
|
|t:|1769310726
|move|p2a: Cool Hat!|Psychic Noise|p1a: Hydrapple
|-damage|p1a: Hydrapple|47/100 par
|-start|p1a: Hydrapple|move: Heal Block
|move|p1a: Hydrapple|Tera Blast|p2a: Cool Hat!|[anim] Tera Blast Fairy
|-damage|p2a: Cool Hat!|31/100
|
|upkeep
|turn|18
|
|t:|1769310733
|move|p2a: Cool Hat!|Draining Kiss|p1a: Hydrapple
|-damage|p1a: Hydrapple|32/100 par
|-heal|p2a: Cool Hat!|45/100|[from] drain|[of] p1a: Hydrapple
|move|p1a: Hydrapple|Earth Power|p2a: Cool Hat!
|-damage|p2a: Cool Hat!|10/100
|
|-end|p1a: Hydrapple|move: Heal Block
|upkeep
|turn|19
|
|t:|1769310746
|move|p2a: Cool Hat!|Pain Split|p1a: Hydrapple
|-sethp|p1a: Hydrapple|20/100 par|[from] move: Pain Split|[silent]
|-sethp|p2a: Cool Hat!|26/100|[from] move: Pain Split
|cant|p1a: Hydrapple|par
|
|upkeep
|turn|20
|
|t:|1769310760
|switch|p1a: Corviknight|Corviknight, M|74/100
|-damage|p1a: Corviknight|62/100|[from] Stealth Rock
|-ability|p1a: Corviknight|Pressure
|move|p2a: Cool Hat!|Psychic Noise|p1a: Corviknight
|-resisted|p1a: Corviknight
|-damage|p1a: Corviknight|50/100
|-start|p1a: Corviknight|move: Heal Block
|
|upkeep
|turn|21
|
|t:|1769310772
|move|p1a: Corviknight|Defog|p2a: Cool Hat!
|move|p2a: Cool Hat!|Defog|p1a: Corviknight|[from] ability: Magic Bounce
|-unboost|p1a: Corviknight|evasion|1
|-sideend|p1: thepippy27|Stealth Rock|[from] move: Defog|[of] p2a: Cool Hat!
|move|p2a: Cool Hat!|Nuzzle|p1a: Corviknight
|-supereffective|p1a: Corviknight
|-damage|p1a: Corviknight|44/100
|-status|p1a: Corviknight|par
|-damage|p2a: Cool Hat!|9/100|[from] item: Rocky Helmet|[of] p1a: Corviknight
|
|-end|p1a: Corviknight|move: Heal Block
|upkeep
|turn|22
|
|t:|1769310784
|move|p2a: Cool Hat!|Pain Split|p1a: Corviknight
|-sethp|p1a: Corviknight|25/100 par|[from] move: Pain Split|[silent]
|-sethp|p2a: Cool Hat!|32/100|[from] move: Pain Split
|move|p1a: Corviknight|U-turn|p2a: Cool Hat!
|-damage|p2a: Cool Hat!|19/100
|-damage|p1a: Corviknight|9/100 par|[from] item: Rocky Helmet|[of] p2a: Cool Hat!
|
|t:|1769310809
|switch|p1a: Hoopa|Hoopa-Unbound|88/100|[from] U-turn
|
|upkeep
|turn|23
|
|t:|1769310826
|move|p1a: Hoopa|Knock Off|p2a: Cool Hat!
|-damage|p2a: Cool Hat!|0 fnt
|-damage|p1a: Hoopa|72/100|[from] item: Rocky Helmet|[of] p2a: Cool Hat!
|-enditem|p2a: Cool Hat!|Rocky Helmet|[from] move: Knock Off|[of] p1a: Hoopa
|faint|p2a: Cool Hat!
|
|upkeep
|
|t:|1769310831
|switch|p2a: FURRY BAIT.|Cinderace, F|100/100
|turn|24
|
|t:|1769310840
|move|p1a: Hoopa|Knock Off|p2a: FURRY BAIT.
|-damage|p2a: FURRY BAIT.|21/100
|-enditem|p2a: FURRY BAIT.|Heavy-Duty Boots|[from] move: Knock Off|[of] p1a: Hoopa
|move|p2a: FURRY BAIT.|Will-O-Wisp|p1a: Hoopa
|-status|p1a: Hoopa|brn
|
|-damage|p1a: Hoopa|66/100 brn|[from] brn
|upkeep
|turn|25
|
|t:|1769310849
|switch|p2a: Tread Lightly|Iron Treads|86/100
|move|p1a: Hoopa|Knock Off|p2a: Tread Lightly
|-damage|p2a: Tread Lightly|62/100
|-enditem|p2a: Tread Lightly|Leftovers|[from] move: Knock Off|[of] p1a: Hoopa
|
|-damage|p1a: Hoopa|60/100 brn|[from] brn
|upkeep
|turn|26
|
|t:|1769310856
|switch|p1a: Alomomola|Alomomola, F|100/100
|move|p2a: Tread Lightly|Stealth Rock|p1a: Alomomola
|-sidestart|p1: thepippy27|move: Stealth Rock
|
|upkeep
|turn|27
|
|t:|1769310868
|move|p2a: Tread Lightly|Earthquake|p1a: Alomomola
|-damage|p1a: Alomomola|80/100
|move|p1a: Alomomola|Tickle|p2a: Tread Lightly
|-unboost|p2a: Tread Lightly|atk|1
|-unboost|p2a: Tread Lightly|def|1
|
|upkeep
|turn|28
|
|t:|1769310879
|move|p2a: Tread Lightly|Earthquake|p1a: Alomomola
|-damage|p1a: Alomomola|66/100
|move|p1a: Alomomola|Flip Turn|p2a: Tread Lightly
|-supereffective|p2a: Tread Lightly
|-crit|p2a: Tread Lightly
|-damage|p2a: Tread Lightly|3/100
|
|t:|1769310887
|switch|p1a: Hoopa|Hoopa-Unbound|60/100 brn|[from] Flip Turn
|-damage|p1a: Hoopa|47/100 brn|[from] Stealth Rock
|
|-damage|p1a: Hoopa|41/100 brn|[from] brn
|upkeep
|turn|29
|
|t:|1769310891
|move|p1a: Hoopa|Drain Punch|p2a: Tread Lightly
|-supereffective|p2a: Tread Lightly
|-damage|p2a: Tread Lightly|0 fnt
|-heal|p1a: Hoopa|43/100 brn|[from] drain|[of] p2a: Tread Lightly
|faint|p2a: Tread Lightly
|-end|p2a: Tread Lightly|Quark Drive|[silent]
|
|-damage|p1a: Hoopa|37/100 brn|[from] brn
|upkeep
|
|t:|1769310894
|switch|p2a: FURRY BAIT.|Cinderace, F|21/100
|turn|30
|
|t:|1769310898
|move|p1a: Hoopa|Drain Punch|p2a: FURRY BAIT.
|-damage|p2a: FURRY BAIT.|0 fnt
|-heal|p1a: Hoopa|48/100 brn|[from] drain|[of] p2a: FURRY BAIT.
|faint|p2a: FURRY BAIT.
|
|-damage|p1a: Hoopa|42/100 brn|[from] brn
|upkeep
|
|t:|1769310900
|switch|p2a: Shah Mat|Kingambit, M|100/100
|-activate|p2a: Shah Mat|ability: Supreme Overlord
|-start|p2a: Shah Mat|fallen5|[silent]
|turn|31
|
|t:|1769310913
|move|p2a: Shah Mat|Sucker Punch|p1a: Hoopa
|-damage|p1a: Hoopa|0 fnt
|faint|p1a: Hoopa
|
|upkeep
|
|t:|1769310922
|switch|p1a: Corviknight|Corviknight, M|9/100 par
|-damage|p1a: Corviknight|0 fnt|[from] Stealth Rock
|faint|p1a: Corviknight
|
|t:|1769310929
|switch|p1a: Alomomola|Alomomola, F|99/100
|turn|32
|
|t:|1769310932
|move|p1a: Alomomola|Tickle|p2a: Shah Mat
|-unboost|p2a: Shah Mat|atk|1
|-unboost|p2a: Shah Mat|def|1
|move|p2a: Shah Mat|Swords Dance|p2a: Shah Mat
|-boost|p2a: Shah Mat|atk|2
|
|upkeep
|turn|33
|
|t:|1769310935
|move|p1a: Alomomola|Tickle|p2a: Shah Mat
|-unboost|p2a: Shah Mat|atk|1
|-unboost|p2a: Shah Mat|def|1
|move|p2a: Shah Mat|Swords Dance|p2a: Shah Mat
|-boost|p2a: Shah Mat|atk|2
|
|upkeep
|turn|34
|
|t:|1769310937
|move|p1a: Alomomola|Tickle|p2a: Shah Mat
|-unboost|p2a: Shah Mat|atk|1
|-unboost|p2a: Shah Mat|def|1
|move|p2a: Shah Mat|Swords Dance|p2a: Shah Mat
|-boost|p2a: Shah Mat|atk|2
|
|upkeep
|turn|35
|
|t:|1769310959
|move|p1a: Alomomola|Tickle|p2a: Shah Mat
|-unboost|p2a: Shah Mat|atk|1
|-unboost|p2a: Shah Mat|def|1
|move|p2a: Shah Mat|Swords Dance|p2a: Shah Mat
|-boost|p2a: Shah Mat|atk|2
|
|upkeep
|turn|36
|
|t:|1769310967
|move|p1a: Alomomola|Body Slam|p2a: Shah Mat
|-resisted|p2a: Shah Mat
|-damage|p2a: Shah Mat|84/100
|move|p2a: Shah Mat|Kowtow Cleave|p1a: Alomomola
|-damage|p1a: Alomomola|0 fnt
|faint|p1a: Alomomola
|
|-heal|p2a: Shah Mat|90/100|[from] item: Leftovers
|upkeep
|-message|thepippy27 forfeited.
|
|win|SkylarQuantity
|raw|thepippy27's rating: 1328 &rarr; <strong>1310</strong><br />(-18 for losing)
|raw|SkylarQuantity's rating: 1356 &rarr; <strong>1374</strong><br />(+18 for winning)
|l|☆thepippy27
|player|p1|
