|j|☆Banixito
|j|☆Hot dry noodles
|t:|1769322469
|gametype|singles
|player|p1|Banixito|silver|1271
|player|p2|Hot dry noodles|blackbelt-gen4dp|1263
|gen|9
|tier|[Gen 9] OU
|rated|
|rule|HP Percentage Mod: HP is shown in percentages
|rule|Endless Battle Clause: Forcing endless battles is banned
|rule|Species Clause: Limit one of each Pokémon
|rule|OHKO Clause: OHKO moves are banned
|rule|Evasion Items Clause: Evasion items are banned
|rule|Evasion Moves Clause: Evasion moves are banned
|rule|Evasion Abilities Clause: Evasion abilities are banned
|rule|Sleep Moves Clause: Sleep-inducing moves are banned
|clearpoke
|poke|p1|Dragonite, M|
|poke|p1|Pecharunt|
|poke|p1|Gliscor, M|
|poke|p1|Ribombee, M|
|poke|p1|Porygon2|
|poke|p1|Darkrai|
|poke|p2|Great Tusk|
|poke|p2|Walking Wake|
|poke|p2|Kingambit, M|
|poke|p2|Venusaur, F|
|poke|p2|Ninetales, M|
|poke|p2|Raging Bolt|
|teampreview
|
|t:|1769322487
|teamsize|p1|6
|teamsize|p2|6
|start
|switch|p1a: Porygon2|Porygon2|100/100
|switch|p2a: Ninetales|Ninetales, M|100/100
|-weather|SunnyDay|[from] ability: Drought|[of] p2a: Ninetales
|-ability|p1a: Porygon2|Drought|Trace|[from] ability: Trace|[of] p2a: Ninetales
|turn|1
|
|t:|1769322506
|move|p2a: Ninetales|Will-O-Wisp|p1a: Porygon2
|-status|p1a: Porygon2|brn
|move|p1a: Porygon2|Thunder Wave|p2a: Ninetales
|-status|p2a: Ninetales|par
|
|-weather|SunnyDay|[upkeep]
|-damage|p1a: Porygon2|94/100 brn|[from] brn
|upkeep
|turn|2
|
|t:|1769322519
|move|p2a: Ninetales|Encore|p1a: Porygon2
|-start|p1a: Porygon2|Encore
|move|p1a: Porygon2|Thunder Wave|p2a: Ninetales
|-fail|p2a: Ninetales|par
|
|-weather|SunnyDay|[upkeep]
|-damage|p1a: Porygon2|88/100 brn|[from] brn
|upkeep
|turn|3
|
|t:|1769322528
|switch|p1a: Gliscor|Gliscor, M|100/100
|move|p2a: Ninetales|Weather Ball|p1a: Gliscor
|-damage|p1a: Gliscor|61/100
|
|-weather|SunnyDay|[upkeep]
|-status|p1a: Gliscor|tox|[from] item: Toxic Orb
|upkeep
|turn|4
|
|t:|1769322549
|switch|p2a: Venusaur|Venusaur, F|100/100
|move|p1a: Gliscor|Swords Dance|p1a: Gliscor
|-boost|p1a: Gliscor|atk|2
|
|-weather|SunnyDay|[upkeep]
|-heal|p1a: Gliscor|74/100 tox|[from] ability: Poison Heal
|upkeep
|turn|5
|
|t:|1769322561
|move|p1a: Gliscor|Protect|p1a: Gliscor
|-singleturn|p1a: Gliscor|Protect
|move|p2a: Venusaur|Weather Ball|p1a: Gliscor
|-activate|p1a: Gliscor|move: Protect
|
|-weather|SunnyDay|[upkeep]
|-heal|p1a: Gliscor|86/100 tox|[from] ability: Poison Heal
|upkeep
|turn|6
|
|t:|1769322574
|move|p2a: Venusaur|Growth|p2a: Venusaur
|-boost|p2a: Venusaur|atk|2
|-boost|p2a: Venusaur|spa|2
|move|p1a: Gliscor|Facade|p2a: Venusaur
|-damage|p2a: Venusaur|20/100
|
|-weather|SunnyDay|[upkeep]
|-heal|p1a: Gliscor|99/100 tox|[from] ability: Poison Heal
|upkeep
|turn|7
|
|t:|1769322586
|move|p2a: Venusaur|Giga Drain|p1a: Gliscor
|-damage|p1a: Gliscor|21/100 tox
|-heal|p2a: Venusaur|65/100|[from] drain|[of] p1a: Gliscor
|-damage|p2a: Venusaur|55/100|[from] item: Life Orb
|move|p1a: Gliscor|Facade|p2a: Venusaur
|-damage|p2a: Venusaur|0 fnt
|faint|p2a: Venusaur
|
|-weather|SunnyDay|[upkeep]
|-heal|p1a: Gliscor|34/100 tox|[from] ability: Poison Heal
|upkeep
|
|t:|1769322602
|switch|p2a: Walking Wake|Walking Wake|100/100
|-activate|p2a: Walking Wake|ability: Protosynthesis
|-start|p2a: Walking Wake|protosynthesisspe
|turn|8
|
|t:|1769322613
|move|p1a: Gliscor|Protect|p1a: Gliscor
|-singleturn|p1a: Gliscor|Protect
|move|p2a: Walking Wake|Hydro Steam|p1a: Gliscor
|-activate|p1a: Gliscor|move: Protect
|
|-weather|none
|-end|p2a: Walking Wake|Protosynthesis
|-heal|p1a: Gliscor|46/100 tox|[from] ability: Poison Heal
|upkeep
|turn|9
|
|t:|1769322640
|switch|p1a: Porygon2|Porygon2|88/100 brn
|move|p2a: Walking Wake|Hydro Steam|p1a: Porygon2
|-damage|p1a: Porygon2|67/100 brn
|
|-damage|p1a: Porygon2|61/100 brn|[from] brn
|upkeep
|turn|10
|
|t:|1769322649
|-end|p2a: Walking Wake|Protosynthesis|[silent]
|switch|p2a: Ninetales|Ninetales, M|100/100 par
|-ability|p1a: Porygon2|Drought|Trace|[from] ability: Trace|[of] p2a: Ninetales
|-weather|SunnyDay|[from] ability: Drought|[of] p1a: Porygon2
|move|p1a: Porygon2|Recover|p1a: Porygon2
|-heal|p1a: Porygon2|100/100 brn
|
|-weather|SunnyDay|[upkeep]
|-damage|p1a: Porygon2|94/100 brn|[from] brn
|upkeep
|turn|11
|
|t:|1769322663
|cant|p2a: Ninetales|par
|move|p1a: Porygon2|Thunderbolt|p2a: Ninetales
|-damage|p2a: Ninetales|79/100 par
|
|-weather|SunnyDay|[upkeep]
|-damage|p1a: Porygon2|88/100 brn|[from] brn
|upkeep
|turn|12
|
|t:|1769322674
|switch|p1a: Dragonite|Dragonite, M|100/100
|move|p2a: Ninetales|Encore||[still]
|-fail|p2a: Ninetales
|
|-weather|SunnyDay|[upkeep]
|upkeep
|turn|13
|
|t:|1769322681
|move|p1a: Dragonite|Dragon Dance|p1a: Dragonite
|-boost|p1a: Dragonite|atk|1
|-boost|p1a: Dragonite|spe|1
|move|p2a: Ninetales|Will-O-Wisp|p1a: Dragonite
|-status|p1a: Dragonite|brn
|
|-weather|SunnyDay|[upkeep]
|-damage|p1a: Dragonite|94/100 brn|[from] brn
|upkeep
|turn|14
|
|t:|1769322691
|move|p1a: Dragonite|Dragon Dance|p1a: Dragonite
|-boost|p1a: Dragonite|atk|1
|-boost|p1a: Dragonite|spe|1
|move|p2a: Ninetales|Encore|p1a: Dragonite
|-start|p1a: Dragonite|Encore
|
|-weather|none
|-damage|p1a: Dragonite|88/100 brn|[from] brn
|upkeep
|turn|15
|
|t:|1769322705
|switch|p1a: Ribombee|Ribombee, M|100/100
|switch|p2a: Raging Bolt|Raging Bolt|100/100
|-item|p2a: Raging Bolt|Air Balloon
|
|upkeep
|turn|16
|
|t:|1769322722
|-end|p2a: Raging Bolt|Protosynthesis|[silent]
|switch|p2a: Ninetales|Ninetales, M|79/100 par
|-weather|SunnyDay|[from] ability: Drought|[of] p2a: Ninetales
|move|p1a: Ribombee|Moonblast|p2a: Ninetales
|-resisted|p2a: Ninetales
|-damage|p2a: Ninetales|58/100 par
|
|-weather|SunnyDay|[upkeep]
|upkeep
|turn|17
|
|t:|1769322731
|move|p1a: Ribombee|Sticky Web|p2a: Ninetales
|-sidestart|p2: Hot dry noodles|move: Sticky Web
|cant|p2a: Ninetales|par
|
|-weather|SunnyDay|[upkeep]
|upkeep
|turn|18
|
|t:|1769322742
|switch|p1a: Pecharunt|Pecharunt|100/100
|move|p2a: Ninetales|Will-O-Wisp|p1a: Pecharunt|[miss]
|-miss|p2a: Ninetales|p1a: Pecharunt
|
|-weather|SunnyDay|[upkeep]
|upkeep
|turn|19
|
|t:|1769322751
|switch|p2a: Great Tusk|Great Tusk|100/100
|-activate|p2a: Great Tusk|move: Sticky Web
|-unboost|p2a: Great Tusk|spe|1
|-activate|p2a: Great Tusk|ability: Protosynthesis
|-start|p2a: Great Tusk|protosynthesisatk
|move|p1a: Pecharunt|Malignant Chain|p2a: Great Tusk
|-resisted|p2a: Great Tusk
|-damage|p2a: Great Tusk|86/100
|-status|p2a: Great Tusk|tox
|-start|p2a: Great Tusk|confusion|[from] ability: Poison Puppeteer|[of] p1a: Pecharunt
|
|-weather|SunnyDay|[upkeep]
|-damage|p2a: Great Tusk|80/100 tox|[from] psn
|upkeep
|turn|20
|
|t:|1769322782
|-end|p2a: Great Tusk|Protosynthesis|[silent]
|switch|p2a: Kingambit|Kingambit, M|100/100
|-activate|p2a: Kingambit|ability: Supreme Overlord
|-start|p2a: Kingambit|fallen1|[silent]
|-item|p2a: Kingambit|Air Balloon
|move|p1a: Pecharunt|Foul Play|p2a: Kingambit
|-resisted|p2a: Kingambit
|-damage|p2a: Kingambit|85/100
|-enditem|p2a: Kingambit|Air Balloon
|
|-weather|SunnyDay|[upkeep]
|upkeep
|turn|21
|
|t:|1769322793
|move|p1a: Pecharunt|Parting Shot|p2a: Kingambit
|-unboost|p2a: Kingambit|atk|1
|-unboost|p2a: Kingambit|spa|1
|
|t:|1769322797
|switch|p1a: Darkrai|Darkrai|100/100|[from] Parting Shot
|move|p2a: Kingambit|Swords Dance|p2a: Kingambit
|-boost|p2a: Kingambit|atk|2
|
|-weather|SunnyDay|[upkeep]
|upkeep
|turn|22
|
|t:|1769322809
|-terastallize|p1a: Darkrai|Fire
|-terastallize|p2a: Kingambit|Ghost
|move|p1a: Darkrai|Tera Blast|p2a: Kingambit|[anim] Tera Blast Fire
|-damage|p2a: Kingambit|21/100
|move|p2a: Kingambit|Iron Head|p1a: Darkrai
|-resisted|p1a: Darkrai
|-damage|p1a: Darkrai|45/100
|
|-weather|SunnyDay|[upkeep]
|upkeep
|turn|23
|
|t:|1769322821
|move|p2a: Kingambit|Sucker Punch|p1a: Darkrai
|-damage|p1a: Darkrai|0 fnt
|faint|p1a: Darkrai
|
|-weather|none
|upkeep
|
|t:|1769322841
|switch|p1a: Ribombee|Ribombee, M|100/100
|turn|24
|
|t:|1769322848
|-end|p2a: Kingambit|fallen1|[silent]
|switch|p2a: Ninetales|Ninetales, M|58/100 par
|-activate|p2a: Ninetales|move: Sticky Web
|-unboost|p2a: Ninetales|spe|1
|-weather|SunnyDay|[from] ability: Drought|[of] p2a: Ninetales
|move|p1a: Ribombee|Moonblast|p2a: Ninetales
|-resisted|p2a: Ninetales
|-damage|p2a: Ninetales|38/100 par
|
|-weather|SunnyDay|[upkeep]
|upkeep
|turn|25
|
|t:|1769322874
|switch|p1a: Gliscor|Gliscor, M|46/100 tox
|cant|p2a: Ninetales|par
|
|-weather|SunnyDay|[upkeep]
|-heal|p1a: Gliscor|59/100 tox|[from] ability: Poison Heal
|upkeep
|turn|26
|
|t:|1769322886
|switch|p2a: Raging Bolt|Raging Bolt|100/100
|-item|p2a: Raging Bolt|Air Balloon
|-activate|p2a: Raging Bolt|ability: Protosynthesis
|-start|p2a: Raging Bolt|protosynthesisspa
|move|p1a: Gliscor|Protect||[still]
|-fail|p1a: Gliscor
|
|-weather|SunnyDay|[upkeep]
|-heal|p1a: Gliscor|71/100 tox|[from] ability: Poison Heal
|upkeep
|turn|27
|
|t:|1769322898
|move|p1a: Gliscor|Protect|p1a: Gliscor
|-singleturn|p1a: Gliscor|Protect
|move|p2a: Raging Bolt|Dragon Pulse|p1a: Gliscor
|-activate|p1a: Gliscor|move: Protect
|
|-weather|SunnyDay|[upkeep]
|-heal|p1a: Gliscor|84/100 tox|[from] ability: Poison Heal
|upkeep
|turn|28
|
|t:|1769322910
|switch|p1a: Ribombee|Ribombee, M|100/100
|move|p2a: Raging Bolt|Dragon Pulse|p1a: Ribombee
|-immune|p1a: Ribombee
|
|-weather|SunnyDay|[upkeep]
|upkeep
|turn|29
|
|t:|1769322922
|move|p1a: Ribombee|Psychic Noise|p2a: Raging Bolt
|-damage|p2a: Raging Bolt|81/100
|-start|p2a: Raging Bolt|move: Heal Block
|-enditem|p2a: Raging Bolt|Air Balloon
|move|p2a: Raging Bolt|Thunderbolt|p1a: Ribombee
|-enditem|p1a: Ribombee|Focus Sash
|-damage|p1a: Ribombee|1/100
|
|-weather|SunnyDay|[upkeep]
|upkeep
|turn|30
|
|t:|1769322937
|move|p2a: Raging Bolt|Thunderclap|p1a: Ribombee
|-damage|p1a: Ribombee|0 fnt
|faint|p1a: Ribombee
|
|-weather|SunnyDay|[upkeep]
|-end|p2a: Raging Bolt|move: Heal Block
|upkeep
|
|t:|1769322943
|switch|p1a: Gliscor|Gliscor, M|84/100 tox
|turn|31
|
|t:|1769322948
|-end|p2a: Raging Bolt|Protosynthesis|[silent]
|switch|p2a: Great Tusk|Great Tusk|80/100 tox
|-activate|p2a: Great Tusk|move: Sticky Web
|-unboost|p2a: Great Tusk|spe|1
|-activate|p2a: Great Tusk|ability: Protosynthesis
|-start|p2a: Great Tusk|protosynthesisatk
|move|p1a: Gliscor|Swords Dance|p1a: Gliscor
|-boost|p1a: Gliscor|atk|2
|
|-weather|none
|-end|p2a: Great Tusk|Protosynthesis
|-heal|p1a: Gliscor|96/100 tox|[from] ability: Poison Heal
|-damage|p2a: Great Tusk|74/100 tox|[from] psn
|upkeep
|turn|32
|
|t:|1769322983
|switch|p1a: Porygon2|Porygon2|88/100 brn
|move|p2a: Great Tusk|Rapid Spin|p1a: Porygon2
|-damage|p1a: Porygon2|76/100 brn
|-boost|p2a: Great Tusk|spe|1
|-sideend|p2: Hot dry noodles|Sticky Web|[from] move: Rapid Spin|[of] p2a: Great Tusk
|
|-damage|p2a: Great Tusk|62/100 tox|[from] psn
|-damage|p1a: Porygon2|70/100 brn|[from] brn
|upkeep
|turn|33
|
|t:|1769323002
|-end|p2a: Great Tusk|Protosynthesis|[silent]
|switch|p2a: Ninetales|Ninetales, M|38/100 par
|-ability|p1a: Porygon2|Drought|Trace|[from] ability: Trace|[of] p2a: Ninetales
|-weather|SunnyDay|[from] ability: Drought|[of] p1a: Porygon2
|move|p1a: Porygon2|Ice Beam|p2a: Ninetales
|-resisted|p2a: Ninetales
|-damage|p2a: Ninetales|27/100 par
|
|-weather|SunnyDay|[upkeep]
|-damage|p1a: Porygon2|64/100 brn|[from] brn
|upkeep
|turn|34
|
|t:|1769323015
|move|p2a: Ninetales|Healing Wish|p2a: Ninetales
|faint|p2a: Ninetales
|move|p1a: Porygon2|Recover|p1a: Porygon2
|-heal|p1a: Porygon2|100/100 brn
|
|-weather|SunnyDay|[upkeep]
|-damage|p1a: Porygon2|94/100 brn|[from] brn
|upkeep
|
|t:|1769323023
|switch|p2a: Great Tusk|Great Tusk|62/100 tox
|-heal|p2a: Great Tusk|100/100|[from] move: Healing Wish
|-activate|p2a: Great Tusk|ability: Protosynthesis
|-start|p2a: Great Tusk|protosynthesisatk
|turn|35
|
|t:|1769323032
|move|p2a: Great Tusk|Rapid Spin|p1a: Porygon2
|-damage|p1a: Porygon2|80/100 brn
|-boost|p2a: Great Tusk|spe|1
|move|p1a: Porygon2|Ice Beam|p2a: Great Tusk
|-supereffective|p2a: Great Tusk
|-damage|p2a: Great Tusk|59/100
|
|-weather|SunnyDay|[upkeep]
|-damage|p1a: Porygon2|74/100 brn|[from] brn
|upkeep
|turn|36
|
|t:|1769323042
|switch|p1a: Pecharunt|Pecharunt|100/100
|move|p2a: Great Tusk|Close Combat|p1a: Pecharunt
|-immune|p1a: Pecharunt
|
|-weather|SunnyDay|[upkeep]
|upkeep
|turn|37
|
|t:|1769323052
|move|p2a: Great Tusk|Ice Spinner|p1a: Pecharunt
|-damage|p1a: Pecharunt|84/100
|move|p1a: Pecharunt|Foul Play|p2a: Great Tusk
|-resisted|p2a: Great Tusk
|-damage|p2a: Great Tusk|48/100
|
|-weather|none
|-end|p2a: Great Tusk|Protosynthesis
|upkeep
|turn|38
|
|t:|1769323069
|move|p2a: Great Tusk|Headlong Rush|p1a: Pecharunt
|-supereffective|p1a: Pecharunt
|-damage|p1a: Pecharunt|24/100
|-unboost|p2a: Great Tusk|def|1
|-unboost|p2a: Great Tusk|spd|1
|move|p1a: Pecharunt|Malignant Chain|p2a: Great Tusk
|-resisted|p2a: Great Tusk
|-damage|p2a: Great Tusk|26/100
|
|upkeep
|turn|39
|
|t:|1769323080
|switch|p1a: Dragonite|Dragonite, M|88/100 brn
|move|p2a: Great Tusk|Headlong Rush|p1a: Dragonite
|-immune|p1a: Dragonite
|
|-damage|p1a: Dragonite|82/100 brn|[from] brn
|upkeep
|turn|40
|
|t:|1769323096
|move|p1a: Dragonite|Extreme Speed|p2a: Great Tusk
|-damage|p2a: Great Tusk|12/100
|move|p2a: Great Tusk|Ice Spinner|p1a: Dragonite
|-supereffective|p1a: Dragonite
|-damage|p1a: Dragonite|0 fnt
|faint|p1a: Dragonite
|
|upkeep
|
|t:|1769323107
|switch|p1a: Porygon2|Porygon2|74/100 brn
|turn|41
|
|t:|1769323129
|move|p2a: Great Tusk|Close Combat|p1a: Porygon2
|-supereffective|p1a: Porygon2
|-damage|p1a: Porygon2|0 fnt
|-unboost|p2a: Great Tusk|def|1
|-unboost|p2a: Great Tusk|spd|1
|faint|p1a: Porygon2
|
|upkeep
|
|t:|1769323134
|switch|p1a: Pecharunt|Pecharunt|24/100
|turn|42
|
|t:|1769323142
|move|p2a: Great Tusk|Headlong Rush|p1a: Pecharunt
|-supereffective|p1a: Pecharunt
|-damage|p1a: Pecharunt|0 fnt
|-unboost|p2a: Great Tusk|def|1
|-unboost|p2a: Great Tusk|spd|1
|faint|p1a: Pecharunt
|
|upkeep
|
|t:|1769323146
|switch|p1a: Gliscor|Gliscor, M|96/100 tox
|turn|43
|
|t:|1769323152
|move|p2a: Great Tusk|Ice Spinner|p1a: Gliscor
|-supereffective|p1a: Gliscor
|-damage|p1a: Gliscor|10/100 tox
|move|p1a: Gliscor|Facade|p2a: Great Tusk
|-damage|p2a: Great Tusk|0 fnt
|faint|p2a: Great Tusk
|-end|p2a: Great Tusk|Protosynthesis|[silent]
|
|-heal|p1a: Gliscor|22/100 tox|[from] ability: Poison Heal
|upkeep
|
|t:|1769323162
|switch|p2a: Walking Wake|Walking Wake|100/100
|turn|44
|
|t:|1769323166
|move|p1a: Gliscor|Protect|p1a: Gliscor
|-singleturn|p1a: Gliscor|Protect
|move|p2a: Walking Wake|Hydro Steam|p1a: Gliscor
|-activate|p1a: Gliscor|move: Protect
|
|-heal|p1a: Gliscor|35/100 tox|[from] ability: Poison Heal
|upkeep
|turn|45
|
|t:|1769323179
|move|p2a: Walking Wake|Hydro Steam|p1a: Gliscor
|-supereffective|p1a: Gliscor
|-damage|p1a: Gliscor|0 fnt
|faint|p1a: Gliscor
|
|win|Hot dry noodles
|raw|Banixito's rating: 1271 &rarr; <strong>1245</strong><br />(-26 for losing)
|raw|Hot dry noodles's rating: 1263 &rarr; <strong>1289</strong><br />(+26 for winning)
|l|☆Banixito
|player|p1|
|l|☆Hot dry noodles
|player|p2|
