|j|☆Brandezel
|j|☆Mojonduroman
|t:|1769357263
|gametype|singles
|player|p1|Brandezel|101|1090
|player|p2|Mojonduroman|170|1070
|gen|9
|tier|[Gen 9] OU
|rated|
|rule|HP Percentage Mod: HP is shown in percentages
|rule|Endless Battle Clause: Forcing endless battles is banned
|rule|Species Clause: Limit one of each Pokémon
|rule|OHKO Clause: OHKO moves are banned
|rule|Evasion Items Clause: Evasion items are banned
|rule|Evasion Moves Clause: Evasion moves are banned
|rule|Evasion Abilities Clause: Evasion abilities are banned
|rule|Sleep Moves Clause: Sleep-inducing moves are banned
|clearpoke
|poke|p1|Venusaur, M|
|poke|p1|Heracross, M|
|poke|p1|Banette, F|
|poke|p1|Empoleon, M|
|poke|p1|Galvantula, F|
|poke|p1|Florges, F|
|poke|p2|Moltres-Galar|
|poke|p2|Ogerpon-Wellspring, F|
|poke|p2|Deoxys-Speed|
|poke|p2|Zamazenta-*|
|poke|p2|Glimmora, M|
|poke|p2|Armarouge, M|
|teampreview
|
|t:|1769357269
|teamsize|p1|6
|teamsize|p2|6
|start
|switch|p1a: Galvantula|Galvantula, F|100/100
|switch|p2a: Deoxys|Deoxys-Speed|100/100
|-ability|p2a: Deoxys|Pressure
|turn|1
|
|t:|1769357276
|move|p2a: Deoxys|Taunt|p1a: Galvantula
|-start|p1a: Galvantula|move: Taunt
|cant|p1a: Galvantula|move: Taunt|Sticky Web
|
|upkeep
|turn|2
|
|t:|1769357279
|move|p2a: Deoxys|Light Screen|p2a: Deoxys
|-sidestart|p2: Mojonduroman|move: Light Screen
|move|p1a: Galvantula|Bug Buzz|p2a: Deoxys
|-supereffective|p2a: Deoxys
|-damage|p2a: Deoxys|59/100
|
|upkeep
|turn|3
|
|t:|1769357284
|move|p2a: Deoxys|Psycho Boost|p1a: Galvantula|[miss]
|-miss|p2a: Deoxys|p1a: Galvantula
|move|p1a: Galvantula|Bug Buzz|p2a: Deoxys
|-supereffective|p2a: Deoxys
|-damage|p2a: Deoxys|21/100
|
|-end|p1a: Galvantula|move: Taunt
|upkeep
|turn|4
|
|t:|1769357289
|move|p2a: Deoxys|Taunt|p1a: Galvantula
|-start|p1a: Galvantula|move: Taunt
|move|p1a: Galvantula|Bug Buzz|p2a: Deoxys
|-supereffective|p2a: Deoxys
|-damage|p2a: Deoxys|0 fnt
|faint|p2a: Deoxys
|
|upkeep
|
|t:|1769357298
|switch|p2a: Glimmora|Glimmora, M|100/100
|turn|5
|
|t:|1769357302
|move|p1a: Galvantula|Volt Switch|p2a: Glimmora
|-damage|p2a: Glimmora|84/100
|
|t:|1769357306
|switch|p1a: Empoleon|Empoleon, M|100/100|[from] Volt Switch
|move|p2a: Glimmora|Meteor Beam||[still]
|-prepare|p2a: Glimmora|Meteor Beam
|-boost|p2a: Glimmora|spa|1
|-enditem|p2a: Glimmora|Power Herb
|-anim|p2a: Glimmora|Meteor Beam|p1a: Empoleon
|-resisted|p1a: Empoleon
|-damage|p1a: Empoleon|59/100
|
|-heal|p1a: Empoleon|65/100|[from] item: Leftovers
|upkeep
|turn|6
|
|t:|1769357317
|move|p2a: Glimmora|Earth Power|p1a: Empoleon
|-supereffective|p1a: Empoleon
|-damage|p1a: Empoleon|0 fnt
|faint|p1a: Empoleon
|
|upkeep
|
|t:|1769357330
|switch|p1a: Venusaur|Venusaur, M|100/100
|turn|7
|
|t:|1769357350
|move|p2a: Glimmora|Meteor Beam||[still]
|-prepare|p2a: Glimmora|Meteor Beam
|-boost|p2a: Glimmora|spa|1
|move|p1a: Venusaur|Leech Seed|p2a: Glimmora
|-start|p2a: Glimmora|move: Leech Seed
|
|-damage|p2a: Glimmora|71/100|[from] Leech Seed|[of] p1a: Venusaur
|upkeep
|turn|8
|
|t:|1769357359
|move|p2a: Glimmora|Meteor Beam|p1a: Venusaur|[from] lockedmove
|-damage|p1a: Venusaur|0 fnt
|faint|p1a: Venusaur
|
|upkeep
|
|t:|1769357369
|switch|p1a: Banette|Banette, F|100/100
|turn|9
|
|t:|1769357376
|move|p1a: Banette|Shadow Sneak|p2a: Glimmora
|-damage|p2a: Glimmora|39/100
|-activate|p2a: Glimmora|ability: Toxic Debris
|-sidestart|p1: Brandezel|move: Toxic Spikes
|-damage|p1a: Banette|91/100|[from] item: Life Orb
|move|p2a: Glimmora|Earth Power|p1a: Banette
|-damage|p1a: Banette|0 fnt
|faint|p1a: Banette
|
|-sideend|p2: Mojonduroman|move: Light Screen
|upkeep
|
|t:|1769357382
|switch|p1a: Galvantula|Galvantula, F|100/100
|turn|10
|
|t:|1769357387
|move|p1a: Galvantula|Sticky Web|p2a: Glimmora
|-sidestart|p2: Mojonduroman|move: Sticky Web
|move|p2a: Glimmora|Meteor Beam||[still]
|-prepare|p2a: Glimmora|Meteor Beam
|-boost|p2a: Glimmora|spa|1
|
|-damage|p2a: Glimmora|27/100|[from] Leech Seed|[of] p1a: Galvantula
|upkeep
|turn|11
|
|t:|1769357391
|move|p1a: Galvantula|Thunder|p2a: Glimmora
|-damage|p2a: Glimmora|0 fnt
|faint|p2a: Glimmora
|
|upkeep
|
|t:|1769357401
|switch|p2a: Zamazenta|Zamazenta|100/100
|-activate|p2a: Zamazenta|move: Sticky Web
|-unboost|p2a: Zamazenta|spe|1
|-ability|p2a: Zamazenta|Dauntless Shield|boost
|-boost|p2a: Zamazenta|def|1
|turn|12
|
|t:|1769357405
|move|p1a: Galvantula|Thunder|p2a: Zamazenta
|-damage|p2a: Zamazenta|66/100
|move|p2a: Zamazenta|Heavy Slam|p1a: Galvantula
|-resisted|p1a: Galvantula
|-damage|p1a: Galvantula|75/100
|
|-heal|p2a: Zamazenta|72/100|[from] item: Leftovers
|upkeep
|turn|13
|
|t:|1769357412
|-terastallize|p2a: Zamazenta|Steel
|move|p1a: Galvantula|Thunder|p2a: Zamazenta
|-damage|p2a: Zamazenta|37/100
|-status|p2a: Zamazenta|par
|cant|p2a: Zamazenta|par
|
|-heal|p2a: Zamazenta|44/100 par|[from] item: Leftovers
|upkeep
|turn|14
|
|t:|1769357418
|move|p1a: Galvantula|Thunder|p2a: Zamazenta
|-damage|p2a: Zamazenta|4/100 par
|cant|p2a: Zamazenta|par
|
|-heal|p2a: Zamazenta|10/100 par|[from] item: Leftovers
|upkeep
|turn|15
|
|t:|1769357422
|move|p1a: Galvantula|Thunder|p2a: Zamazenta
|-damage|p2a: Zamazenta|0 fnt
|faint|p2a: Zamazenta
|
|upkeep
|
|t:|1769357424
|switch|p2a: Moltres|Moltres-Galar|100/100
|turn|16
|
|t:|1769357435
|move|p1a: Galvantula|Thunder|p2a: Moltres
|-supereffective|p2a: Moltres
|-damage|p2a: Moltres|34/100
|-status|p2a: Moltres|par
|-ability|p2a: Moltres|Berserk|boost
|-boost|p2a: Moltres|spa|1
|-enditem|p2a: Moltres|Sitrus Berry|[eat]
|-heal|p2a: Moltres|59/100 par|[from] item: Sitrus Berry
|move|p2a: Moltres|Fiery Wrath|p1a: Galvantula
|-damage|p1a: Galvantula|0 fnt
|faint|p1a: Galvantula
|
|upkeep
|
|t:|1769357442
|switch|p1a: Florges|Florges, F|100/100
|-status|p1a: Florges|psn
|turn|17
|
|t:|1769357446
|move|p1a: Florges|Calm Mind|p1a: Florges
|-boost|p1a: Florges|spa|1
|-boost|p1a: Florges|spd|1
|cant|p2a: Moltres|par
|
|-damage|p1a: Florges|88/100 psn|[from] psn
|upkeep
|turn|18
|
|t:|1769357449
|move|p1a: Florges|Moonblast|p2a: Moltres
|-supereffective|p2a: Moltres
|-damage|p2a: Moltres|0 fnt
|faint|p2a: Moltres
|
|-heal|p1a: Florges|94/100 psn|[from] item: Leftovers
|-damage|p1a: Florges|82/100 psn|[from] psn
|upkeep
|
|t:|1769357454
|switch|p2a: Ogerpon|Ogerpon-Wellspring, F|100/100
|-activate|p2a: Ogerpon|move: Sticky Web
|-unboost|p2a: Ogerpon|spe|1
|turn|19
|
|t:|1769357465
|move|p2a: Ogerpon|Ivy Cudgel|p1a: Florges|[anim] Ivy Cudgel Water
|-damage|p1a: Florges|15/100 psn
|move|p1a: Florges|Moonblast|p2a: Ogerpon
|-damage|p2a: Ogerpon|28/100
|-unboost|p2a: Ogerpon|spa|1
|
|-heal|p1a: Florges|22/100 psn|[from] item: Leftovers
|-damage|p1a: Florges|9/100 psn|[from] psn
|upkeep
|turn|20
|
|t:|1769357471
|move|p2a: Ogerpon|Trailblaze|p1a: Florges
|-damage|p1a: Florges|0 fnt
|-boost|p2a: Ogerpon|spe|1
|faint|p1a: Florges
|
|upkeep
|
|t:|1769357474
|switch|p1a: Heracross|Heracross, M|100/100
|-status|p1a: Heracross|psn
|turn|21
|
|t:|1769357476
|move|p2a: Ogerpon|Ivy Cudgel|p1a: Heracross|[anim] Ivy Cudgel Water
|-damage|p1a: Heracross|6/100 psn
|move|p1a: Heracross|Trailblaze|p2a: Ogerpon
|-damage|p2a: Ogerpon|0 fnt
|-boost|p1a: Heracross|spe|1
|faint|p2a: Ogerpon
|
|-damage|p1a: Heracross|0 fnt|[from] psn
|faint|p1a: Heracross
|
|win|Mojonduroman
|raw|Brandezel's rating: 1090 &rarr; <strong>1065</strong><br />(-25 for losing)
|raw|Mojonduroman's rating: 1070 &rarr; <strong>1101</strong><br />(+31 for winning)
|l|☆Mojonduroman
|player|p2|
|l|☆Brandezel
|player|p1|
