|j|☆91岁爱搞小揪揪ama
|j|☆ki11j0y
|t:|1769441366
|gametype|singles
|player|p1|91岁爱搞小揪揪ama|iris-gen5bw2|1092
|player|p2|ki11j0y|2|1069
|gen|9
|tier|[Gen 9] OU
|rated|
|rule|HP Percentage Mod: HP is shown in percentages
|rule|Endless Battle Clause: Forcing endless battles is banned
|rule|Species Clause: Limit one of each Pokémon
|rule|OHKO Clause: OHKO moves are banned
|rule|Evasion Items Clause: Evasion items are banned
|rule|Evasion Moves Clause: Evasion moves are banned
|rule|Evasion Abilities Clause: Evasion abilities are banned
|rule|Sleep Moves Clause: Sleep-inducing moves are banned
|clearpoke
|poke|p1|Ting-Lu|
|poke|p1|Haxorus, M|
|poke|p1|Alomomola, F|
|poke|p1|Gholdengo|
|poke|p1|Landorus-Therian, M|
|poke|p1|Kingambit, F|
|poke|p2|Jirachi|
|poke|p2|Gliscor, M|
|poke|p2|Smeargle, M|
|poke|p2|Alomomola, F|
|poke|p2|Kingambit, F|
|poke|p2|Eiscue, M|
|teampreview
|
|t:|1769441373
|teamsize|p1|6
|teamsize|p2|6
|start
|switch|p1a: Ting-Lu|Ting-Lu|100/100
|switch|p2a: bomber|Smeargle, M|100/100
|-ability|p1a: Ting-Lu|Vessel of Ruin
|turn|1
|
|t:|1769441382
|move|p2a: bomber|Population Bomb|p1a: Ting-Lu
|-damage|p1a: Ting-Lu|98/100
|-damage|p1a: Ting-Lu|95/100
|-damage|p1a: Ting-Lu|92/100
|-damage|p1a: Ting-Lu|89/100
|-damage|p1a: Ting-Lu|86/100
|-damage|p1a: Ting-Lu|83/100
|-damage|p1a: Ting-Lu|80/100
|-damage|p1a: Ting-Lu|78/100
|-damage|p1a: Ting-Lu|75/100
|-hitcount|p1a: Ting-Lu|9
|move|p1a: Ting-Lu|Taunt|p2a: bomber
|-start|p2a: bomber|move: Taunt
|
|-heal|p1a: Ting-Lu|81/100|[from] item: Leftovers
|upkeep
|turn|2
|
|t:|1769441403
|switch|p2a: Poison|Gliscor, M|100/100
|move|p1a: Ting-Lu|Stealth Rock|p2a: Poison
|-sidestart|p2: ki11j0y|move: Stealth Rock
|
|-heal|p1a: Ting-Lu|87/100|[from] item: Leftovers
|-status|p2a: Poison|tox|[from] item: Toxic Orb
|upkeep
|turn|3
|
|t:|1769441418
|move|p2a: Poison|Substitute|p2a: Poison
|-start|p2a: Poison|Substitute
|-damage|p2a: Poison|76/100 tox
|move|p1a: Ting-Lu|Spikes|p2a: Poison
|-sidestart|p2: ki11j0y|Spikes
|
|-heal|p1a: Ting-Lu|93/100|[from] item: Leftovers
|-heal|p2a: Poison|88/100 tox|[from] ability: Poison Heal
|upkeep
|turn|4
|
|t:|1769441427
|move|p2a: Poison|Toxic Spikes|p1a: Ting-Lu
|-sidestart|p1: 91岁爱搞小揪揪ama|move: Toxic Spikes
|move|p1a: Ting-Lu|Spikes|p2a: Poison
|-sidestart|p2: ki11j0y|Spikes
|
|-heal|p1a: Ting-Lu|99/100|[from] item: Leftovers
|-heal|p2a: Poison|100/100 tox|[from] ability: Poison Heal
|upkeep
|turn|5
|
|t:|1769441437
|move|p2a: Poison|Toxic Spikes|p1a: Ting-Lu
|-sidestart|p1: 91岁爱搞小揪揪ama|move: Toxic Spikes
|move|p1a: Ting-Lu|Taunt|p2a: Poison
|-start|p2a: Poison|move: Taunt
|
|-heal|p1a: Ting-Lu|100/100|[from] item: Leftovers
|upkeep
|turn|6
|
|t:|1769441451
|switch|p2a: Tank|Alomomola, F, shiny|100/100
|-damage|p2a: Tank|88/100|[from] Stealth Rock
|-damage|p2a: Tank|71/100|[from] Spikes
|move|p1a: Ting-Lu|Spikes|p2a: Tank
|-sidestart|p2: ki11j0y|Spikes
|
|upkeep
|turn|7
|
|t:|1769441462
|move|p1a: Ting-Lu|Earthquake|p2a: Tank
|-damage|p2a: Tank|51/100
|move|p2a: Tank|Mirror Coat||[still]
|-fail|p2a: Tank
|
|upkeep
|turn|8
|
|t:|1769441472
|move|p2a: Tank|Wish|p2a: Tank
|move|p1a: Ting-Lu|Earthquake|p2a: Tank
|-damage|p2a: Tank|29/100
|
|upkeep
|turn|9
|
|t:|1769441481
|switch|p1a: Haxorus|Haxorus, M|100/100
|-status|p1a: Haxorus|tox
|-ability|p1a: Haxorus|Mold Breaker
|move|p2a: Tank|Flip Turn|p1a: Haxorus
|-resisted|p1a: Haxorus
|-damage|p1a: Haxorus|91/100 tox
|
|t:|1769441494
|switch|p2a: Boom|Eiscue, M|100/100|[from] Flip Turn
|-damage|p2a: Boom|76/100|[from] Stealth Rock
|-damage|p2a: Boom|51/100|[from] Spikes
|
|-heal|p2a: Boom|100/100|[from] move: Wish|[wisher] Tank
|-damage|p1a: Haxorus|85/100 tox|[from] psn
|upkeep
|turn|10
|
|t:|1769441514
|switch|p1a: Gholdengo|Gholdengo|100/100
|-item|p1a: Gholdengo|Air Balloon
|move|p2a: Boom|Belly Drum|p2a: Boom
|-damage|p2a: Boom|51/100
|-setboost|p2a: Boom|atk|6|[from] move: Belly Drum
|
|upkeep
|turn|11
|
|t:|1769441536
|move|p1a: Gholdengo|Make It Rain|p2a: Boom
|-supereffective|p2a: Boom
|-damage|p2a: Boom|0 fnt
|-unboost|p1a: Gholdengo|spa|1
|faint|p2a: Boom
|
|upkeep
|
|t:|1769441547
|switch|p2a: Stunlock|Jirachi|100/100
|-damage|p2a: Stunlock|94/100|[from] Stealth Rock
|-damage|p2a: Stunlock|69/100|[from] Spikes
|turn|12
|
|t:|1769441559
|move|p2a: Stunlock|Iron Head|p1a: Gholdengo
|-resisted|p1a: Gholdengo
|-damage|p1a: Gholdengo|82/100
|-enditem|p1a: Gholdengo|Air Balloon
|cant|p1a: Gholdengo|flinch
|
|-heal|p2a: Stunlock|76/100|[from] item: Leftovers
|upkeep
|turn|13
|
|t:|1769441570
|move|p2a: Stunlock|Iron Head|p1a: Gholdengo
|-resisted|p1a: Gholdengo
|-damage|p1a: Gholdengo|63/100
|move|p1a: Gholdengo|Thunder Wave|p2a: Stunlock
|-status|p2a: Stunlock|par
|
|-heal|p2a: Stunlock|82/100 par|[from] item: Leftovers
|upkeep
|turn|14
|
|t:|1769441582
|move|p1a: Gholdengo|Nasty Plot|p1a: Gholdengo
|-boost|p1a: Gholdengo|spa|2
|move|p2a: Stunlock|Thunder|p1a: Gholdengo|[miss]
|-miss|p2a: Stunlock|p1a: Gholdengo
|
|-heal|p2a: Stunlock|88/100 par|[from] item: Leftovers
|upkeep
|turn|15
|
|t:|1769441591
|move|p1a: Gholdengo|Shadow Ball|p2a: Stunlock
|-supereffective|p2a: Stunlock
|-damage|p2a: Stunlock|0 fnt
|faint|p2a: Stunlock
|
|upkeep
|
|t:|1769441598
|switch|p2a: bomber|Smeargle, M|100/100
|-damage|p2a: bomber|88/100|[from] Stealth Rock
|-damage|p2a: bomber|63/100|[from] Spikes
|turn|16
|
|t:|1769441606
|move|p2a: bomber|Protect|p2a: bomber
|-singleturn|p2a: bomber|Protect
|move|p1a: Gholdengo|Make It Rain|p2a: bomber
|-activate|p2a: bomber|move: Protect
|
|upkeep
|turn|17
|
|t:|1769441614
|move|p2a: bomber|Accelerock|p1a: Gholdengo
|-resisted|p1a: Gholdengo
|-damage|p1a: Gholdengo|59/100
|move|p1a: Gholdengo|Make It Rain|p2a: bomber
|-damage|p2a: bomber|0 fnt
|-unboost|p1a: Gholdengo|spa|1
|faint|p2a: bomber
|
|upkeep
|
|t:|1769441624
|switch|p2a: Tank|Alomomola, F, shiny|62/100
|-damage|p2a: Tank|50/100|[from] Stealth Rock
|-damage|p2a: Tank|25/100|[from] Spikes
|turn|18
|
|t:|1769441635
|move|p1a: Gholdengo|Make It Rain|p2a: Tank
|-resisted|p2a: Tank
|-damage|p2a: Tank|0 fnt
|-unboost|p1a: Gholdengo|spa|1
|faint|p2a: Tank
|
|upkeep
|
|t:|1769441642
|switch|p2a: Poison|Gliscor, M|100/100 tox
|-damage|p2a: Poison|88/100 tox|[from] Stealth Rock
|turn|19
|
|t:|1769441661
|switch|p1a: Ting-Lu|Ting-Lu|100/100
|-status|p1a: Ting-Lu|tox
|-ability|p1a: Ting-Lu|Vessel of Ruin
|move|p2a: Poison|Protect||[still]
|-fail|p2a: Poison
|
|-heal|p2a: Poison|100/100 tox|[from] ability: Poison Heal
|-damage|p1a: Ting-Lu|94/100 tox|[from] psn
|upkeep
|turn|20
|
|t:|1769441673
|move|p2a: Poison|Substitute|p2a: Poison
|-start|p2a: Poison|Substitute
|-damage|p2a: Poison|76/100 tox
|move|p1a: Ting-Lu|Taunt|p2a: Poison
|-start|p2a: Poison|move: Taunt
|
|-heal|p1a: Ting-Lu|100/100 tox|[from] item: Leftovers
|-heal|p2a: Poison|88/100 tox|[from] ability: Poison Heal
|-damage|p1a: Ting-Lu|88/100 tox|[from] psn
|upkeep
|turn|21
|j| eggyhvevo
|
|t:|1769441700
|switch|p1a: Haxorus|Haxorus, M|85/100 tox
|-ability|p1a: Haxorus|Mold Breaker
|-activate|p2a: Poison|move: Struggle
|move|p2a: Poison|Struggle|p1a: Haxorus
|-damage|p1a: Haxorus|73/100 tox
|-damage|p2a: Poison|63/100 tox|[from] recoil
|
|-damage|p1a: Haxorus|66/100 tox|[from] psn
|-heal|p2a: Poison|75/100 tox|[from] ability: Poison Heal
|upkeep
|turn|22
|
|t:|1769441715
|move|p1a: Haxorus|First Impression|p2a: Poison
|-resisted|p2a: Poison
|-activate|p2a: Poison|move: Substitute|[damage]
|-activate|p2a: Poison|move: Struggle
|move|p2a: Poison|Struggle|p1a: Haxorus
|-damage|p1a: Haxorus|55/100 tox
|-damage|p2a: Poison|50/100 tox|[from] recoil
|
|-damage|p1a: Haxorus|42/100 tox|[from] psn
|-heal|p2a: Poison|63/100 tox|[from] ability: Poison Heal
|upkeep
|turn|23
|
|t:|1769441733
|switch|p1a: Ting-Lu|Ting-Lu|88/100 tox
|-ability|p1a: Ting-Lu|Vessel of Ruin
|-activate|p2a: Poison|move: Struggle
|move|p2a: Poison|Struggle|p1a: Ting-Lu
|-damage|p1a: Ting-Lu|84/100 tox
|-damage|p2a: Poison|38/100 tox|[from] recoil
|
|-heal|p1a: Ting-Lu|90/100 tox|[from] item: Leftovers
|-heal|p2a: Poison|50/100 tox|[from] ability: Poison Heal
|-damage|p1a: Ting-Lu|84/100 tox|[from] psn
|-end|p2a: Poison|move: Taunt
|upkeep
|turn|24
|
|t:|1769441759
|move|p2a: Poison|Protect|p2a: Poison
|-singleturn|p2a: Poison|Protect
|move|p1a: Ting-Lu|Taunt|p2a: Poison
|-activate|p2a: Poison|move: Protect
|
|-heal|p1a: Ting-Lu|90/100 tox|[from] item: Leftovers
|-heal|p2a: Poison|62/100 tox|[from] ability: Poison Heal
|-damage|p1a: Ting-Lu|78/100 tox|[from] psn
|upkeep
|turn|25
|c|☆ki11j0y|!data taunt
|c|☆ki11j0y|/raw <ul class="utilichart"><li class="result"><span class="col movenamecol"><a href="https://dex.pokemonshowdown.com/moves/taunt">Taunt</a></span> <span class="col typecol"><img src="//play.pokemonshowdown.com/sprites/types/Dark.png" alt="Dark" width="32" height="14"><img src="//play.pokemonshowdown.com/sprites/categories/Status.png" alt="Status" width="32" height="14"></span> <span class="col widelabelcol"><em>Accuracy</em><br>100%</span> <span class="col pplabelcol"><em>PP</em><br>32</span> <span class="col movedesccol">Target can't use status moves its next 3 turns.</span> </li><li style="clear:both"></li></ul>

|
|t:|1769441784
|move|p2a: Poison|Toxic Spikes||[still]
|-fail|p2a: Poison
|move|p1a: Ting-Lu|Taunt|p2a: Poison
|-start|p2a: Poison|move: Taunt
|
|-heal|p1a: Ting-Lu|84/100 tox|[from] item: Leftovers
|-heal|p2a: Poison|75/100 tox|[from] ability: Poison Heal
|-damage|p1a: Ting-Lu|65/100 tox|[from] psn
|upkeep
|turn|26
|
|t:|1769441803
|switch|p2a: Vigilante|Kingambit, F|100/100
|-damage|p2a: Vigilante|94/100|[from] Stealth Rock
|-damage|p2a: Vigilante|69/100|[from] Spikes
|-activate|p2a: Vigilante|ability: Supreme Overlord
|-start|p2a: Vigilante|fallen4|[silent]
|switch|p1a: Landorus|Landorus-Therian, M|100/100
|-ability|p1a: Landorus|Intimidate|boost
|-unboost|p2a: Vigilante|atk|1
|
|-heal|p2a: Vigilante|76/100|[from] item: Leftovers
|upkeep
|turn|27
|
|t:|1769441817
|move|p2a: Vigilante|Sucker Punch|p1a: Landorus
|-damage|p1a: Landorus|56/100
|move|p1a: Landorus|Earthquake|p2a: Vigilante
|-supereffective|p2a: Vigilante
|-damage|p2a: Vigilante|0 fnt
|faint|p2a: Vigilante
|-end|p2a: Vigilante|fallen4|[silent]
|
|upkeep
|
|t:|1769441824
|switch|p2a: Poison|Gliscor, M|75/100 tox
|-damage|p2a: Poison|62/100 tox|[from] Stealth Rock
|turn|28
|
|t:|1769441830
|move|p1a: Landorus|U-turn|p2a: Poison
|-resisted|p2a: Poison
|-damage|p2a: Poison|52/100 tox
|
|t:|1769441834
|switch|p1a: Ting-Lu|Ting-Lu|65/100 tox|[from] U-turn
|-ability|p1a: Ting-Lu|Vessel of Ruin
|move|p2a: Poison|Substitute|p2a: Poison
|-start|p2a: Poison|Substitute
|-damage|p2a: Poison|27/100 tox
|
|-heal|p1a: Ting-Lu|72/100 tox|[from] item: Leftovers
|-heal|p2a: Poison|39/100 tox|[from] ability: Poison Heal
|-damage|p1a: Ting-Lu|65/100 tox|[from] psn
|upkeep
|turn|29
|
|t:|1769441851
|move|p2a: Poison|Protect|p2a: Poison
|-singleturn|p2a: Poison|Protect
|move|p1a: Ting-Lu|Taunt|p2a: Poison
|-activate|p2a: Poison|move: Protect
|
|-heal|p1a: Ting-Lu|72/100 tox|[from] item: Leftovers
|-heal|p2a: Poison|52/100 tox|[from] ability: Poison Heal
|-damage|p1a: Ting-Lu|59/100 tox|[from] psn
|upkeep
|turn|30
|-message|ki11j0y forfeited.
|
|win|91岁爱搞小揪揪ama
|raw|91岁爱搞小揪揪ama's rating: 1092 &rarr; <strong>1116</strong><br />(+24 for winning)
|raw|ki11j0y's rating: 1069 &rarr; <strong>1050</strong><br />(-19 for losing)
|l|☆ki11j0y
|player|p2|
