|j|☆hackingefidiant
|j|☆Luisowbro
|t:|1769443205
|gametype|singles
|player|p1|hackingefidiant|unknownf|1539
|player|p2|Luisowbro|ingo|1559
|gen|9
|tier|[Gen 9] OU
|rated|
|rule|HP Percentage Mod: HP is shown in percentages
|rule|Endless Battle Clause: Forcing endless battles is banned
|rule|Species Clause: Limit one of each Pokémon
|rule|OHKO Clause: OHKO moves are banned
|rule|Evasion Items Clause: Evasion items are banned
|rule|Evasion Moves Clause: Evasion moves are banned
|rule|Evasion Abilities Clause: Evasion abilities are banned
|rule|Sleep Moves Clause: Sleep-inducing moves are banned
|clearpoke
|poke|p1|Kyurem|
|poke|p1|Slowking-Galar, M|
|poke|p1|Alomomola, M|
|poke|p1|Great Tusk|
|poke|p1|Samurott-Hisui, M|
|poke|p1|Enamorus, F|
|poke|p2|Haxorus, M|
|poke|p2|Moltres-Galar|
|poke|p2|Mamoswine, M|
|poke|p2|Scizor, M|
|poke|p2|Volcanion|
|poke|p2|Ninetales-Alola, F|
|teampreview
|
|t:|1769443218
|teamsize|p1|6
|teamsize|p2|6
|start
|switch|p1a: Slowking|Slowking-Galar, M|100/100
|switch|p2a: Scizor|Scizor, M|100/100
|turn|1
|inactive|Battle timer is ON: inactive players will automatically lose when time's up. (requested by Luisowbro)
|
|t:|1769443236
|switch|p1a: Alomomola|Alomomola, M|100/100
|move|p2a: Scizor|U-turn|p1a: Alomomola
|-damage|p1a: Alomomola|68/100
|-damage|p2a: Scizor|84/100|[from] item: Rocky Helmet|[of] p1a: Alomomola
|
|t:|1769443247
|switch|p2a: Ninetales|Ninetales-Alola, F, shiny|100/100|[from] U-turn
|-weather|Snowscape|[from] ability: Snow Warning|[of] p2a: Ninetales
|
|-weather|Snowscape|[upkeep]
|upkeep
|turn|2
|
|t:|1769443275
|switch|p1a: Slowking|Slowking-Galar, M|100/100
|move|p2a: Ninetales|Aurora Veil|p2a: Ninetales
|-sidestart|p2: Luisowbro|move: Aurora Veil
|
|-weather|Snowscape|[upkeep]
|upkeep
|turn|3
|
|t:|1769443281
|switch|p2a: Scizor|Scizor, M|84/100
|move|p1a: Slowking|Sludge Bomb|p2a: Scizor
|-immune|p2a: Scizor
|
|-weather|Snowscape|[upkeep]
|upkeep
|turn|4
|
|t:|1769443287
|switch|p1a: Alomomola|Alomomola, M|100/100
|move|p2a: Scizor|U-turn|p1a: Alomomola
|-crit|p1a: Alomomola
|-damage|p1a: Alomomola|54/100
|-damage|p2a: Scizor|67/100|[from] item: Rocky Helmet|[of] p1a: Alomomola
|
|t:|1769443294
|switch|p2a: Moltres|Moltres-Galar, shiny|100/100|[from] U-turn
|
|-weather|Snowscape|[upkeep]
|upkeep
|turn|5
|
|t:|1769443305
|move|p2a: Moltres|Agility|p2a: Moltres
|-boost|p2a: Moltres|spe|2
|move|p1a: Alomomola|Flip Turn|p2a: Moltres
|-damage|p2a: Moltres|93/100
|
|t:|1769443328
|switch|p1a: Kyurem|Kyurem|100/100|[from] Flip Turn
|-ability|p1a: Kyurem|Pressure
|
|-weather|none
|upkeep
|turn|6
|
|t:|1769443335
|move|p2a: Moltres|Nasty Plot|p2a: Moltres
|-boost|p2a: Moltres|spa|2
|move|p1a: Kyurem|Ice Beam|p2a: Moltres
|-supereffective|p2a: Moltres
|-damage|p2a: Moltres|42/100
|-ability|p2a: Moltres|Berserk|boost
|-boost|p2a: Moltres|spa|1
|-enditem|p2a: Moltres|Sitrus Berry|[eat]
|-heal|p2a: Moltres|67/100|[from] item: Sitrus Berry
|
|upkeep
|turn|7
|inactive|hackingefidiant has 120 seconds left.
|
|t:|1769443385
|-terastallize|p2a: Moltres|Steel
|move|p2a: Moltres|Nasty Plot|p2a: Moltres
|-boost|p2a: Moltres|spa|2
|move|p1a: Kyurem|Ice Beam|p2a: Moltres
|-resisted|p2a: Moltres
|-damage|p2a: Moltres|54/100
|
|upkeep
|turn|8
|inactive|hackingefidiant has 90 seconds left.
|
|t:|1769443411
|move|p2a: Moltres|Fiery Wrath|p1a: Kyurem
|-damage|p1a: Kyurem|0 fnt
|faint|p1a: Kyurem
|
|upkeep
|inactive|hackingefidiant has 60 seconds left.
|
|t:|1769443469
|switch|p1a: Great Tusk|Great Tusk|100/100
|turn|9
|
|t:|1769443479
|move|p2a: Moltres|Air Slash|p1a: Great Tusk|[miss]
|-miss|p2a: Moltres|p1a: Great Tusk
|move|p1a: Great Tusk|Headlong Rush|p2a: Moltres
|-supereffective|p2a: Moltres
|-damage|p2a: Moltres|3/100
|-unboost|p1a: Great Tusk|def|1
|-unboost|p1a: Great Tusk|spd|1
|-ability|p2a: Moltres|Berserk|boost
|-boost|p2a: Moltres|spa|1
|
|-sideend|p2: Luisowbro|move: Aurora Veil
|upkeep
|turn|10
|inactive|hackingefidiant has 30 seconds left.
|
|t:|1769443497
|move|p2a: Moltres|Air Slash|p1a: Great Tusk
|-supereffective|p1a: Great Tusk
|-damage|p1a: Great Tusk|0 fnt
|faint|p1a: Great Tusk
|-end|p1a: Great Tusk|Protosynthesis|[silent]
|
|upkeep
|
|t:|1769443500
|switch|p1a: Samurott|Samurott-Hisui, M|100/100
|turn|11
|
|t:|1769443503
|move|p1a: Samurott|Aqua Jet|p2a: Moltres
|-damage|p2a: Moltres|0 fnt
|faint|p2a: Moltres
|
|upkeep
|
|t:|1769443513
|switch|p2a: Scizor|Scizor, M|67/100
|turn|12
|
|t:|1769443518
|switch|p1a: Alomomola|Alomomola, M|87/100
|move|p2a: Scizor|U-turn|p1a: Alomomola
|-damage|p1a: Alomomola|54/100
|-damage|p2a: Scizor|51/100|[from] item: Rocky Helmet|[of] p1a: Alomomola
|
|t:|1769443524
|switch|p2a: Ninetales|Ninetales-Alola, F, shiny|100/100|[from] U-turn
|-weather|Snowscape|[from] ability: Snow Warning|[of] p2a: Ninetales
|
|-weather|Snowscape|[upkeep]
|upkeep
|turn|13
|
|t:|1769443533
|switch|p1a: Slowking|Slowking-Galar, M|100/100
|move|p2a: Ninetales|Aurora Veil|p2a: Ninetales
|-sidestart|p2: Luisowbro|move: Aurora Veil
|
|-weather|Snowscape|[upkeep]
|upkeep
|turn|14
|
|t:|1769443543
|switch|p2a: Volcanion|Volcanion|100/100
|move|p1a: Slowking|Future Sight|p2a: Volcanion
|-start|p1a: Slowking|move: Future Sight
|
|-weather|Snowscape|[upkeep]
|upkeep
|turn|15
|
|t:|1769443550
|move|p2a: Volcanion|Earth Power|p1a: Slowking
|-supereffective|p1a: Slowking
|-damage|p1a: Slowking|57/100
|move|p1a: Slowking|Sludge Bomb|p2a: Volcanion
|-damage|p2a: Volcanion|89/100
|
|-weather|Snowscape|[upkeep]
|upkeep
|turn|16
|
|t:|1769443559
|move|p2a: Volcanion|Earth Power|p1a: Slowking
|-supereffective|p1a: Slowking
|-damage|p1a: Slowking|13/100
|-prepare|p1a: Slowking|Chilly Reception|[premajor]
|move|p1a: Slowking|Chilly Reception|p1a: Slowking
|inactive|hackingefidiant has 60 seconds left.
|
|t:|1769443603
|switch|p1a: Samurott|Samurott-Hisui, M|100/100|[from] Chilly Reception
|
|-weather|none
|-end|p2a: Volcanion|move: Future Sight
|-damage|p2a: Volcanion|74/100
|upkeep
|turn|17
|
|t:|1769443610
|move|p1a: Samurott|Ceaseless Edge|p2a: Volcanion
|-damage|p2a: Volcanion|47/100
|-sidestart|p2: Luisowbro|Spikes
|move|p2a: Volcanion|Sludge Bomb|p1a: Samurott
|-damage|p1a: Samurott|44/100
|-status|p1a: Samurott|psn
|
|-damage|p1a: Samurott|32/100 psn|[from] psn
|upkeep
|turn|18
|inactive|hackingefidiant has 30 seconds left.
|inactive|hackingefidiant has 20 seconds left.
|
|t:|1769443651
|switch|p2a: Ninetales|Ninetales-Alola, F, shiny|100/100
|-damage|p2a: Ninetales|88/100|[from] Spikes
|-weather|Snowscape|[from] ability: Snow Warning|[of] p2a: Ninetales
|move|p1a: Samurott|Ceaseless Edge|p2a: Ninetales
|-resisted|p2a: Ninetales
|-damage|p2a: Ninetales|74/100
|-sidestart|p2: Luisowbro|Spikes
|
|-weather|Snowscape|[upkeep]
|-damage|p1a: Samurott|20/100 psn|[from] psn
|upkeep
|turn|19
|inactive|hackingefidiant has 30 seconds left this turn.
|
|t:|1769443661
|switch|p1a: Slowking|Slowking-Galar, M|47/100
|move|p2a: Ninetales|Freeze-Dry|p1a: Slowking
|-damage|p1a: Slowking|34/100
|
|-weather|Snowscape|[upkeep]
|upkeep
|turn|20
|inactive|hackingefidiant has 30 seconds left.
|
|t:|1769443670
|switch|p2a: Scizor|Scizor, M|51/100
|-damage|p2a: Scizor|34/100|[from] Spikes
|-prepare|p1a: Slowking|Chilly Reception|[premajor]
|move|p1a: Slowking|Chilly Reception|p1a: Slowking
|
|t:|1769443673
|switch|p1a: Alomomola|Alomomola, M|87/100|[from] Chilly Reception
|
|-weather|Snowscape|[upkeep]
|-sideend|p2: Luisowbro|move: Aurora Veil
|upkeep
|turn|21
|
|t:|1769443684
|move|p2a: Scizor|Defog|p1a: Alomomola
|-unboost|p1a: Alomomola|evasion|1
|-sideend|p2: Luisowbro|Spikes|[from] move: Defog|[of] p2a: Scizor
|move|p1a: Alomomola|Wish|p1a: Alomomola
|
|-weather|Snowscape|[upkeep]
|upkeep
|turn|22
|
|t:|1769443699
|switch|p2a: Ninetales|Ninetales-Alola, F, shiny|74/100
|switch|p1a: Slowking|Slowking-Galar, M|67/100
|
|-weather|none
|-heal|p1a: Slowking|100/100|[from] move: Wish|[wisher] Alomomola
|upkeep
|turn|23
|
|t:|1769443716
|switch|p2a: Scizor|Scizor, M|34/100
|-prepare|p1a: Slowking|Chilly Reception|[premajor]
|move|p1a: Slowking|Chilly Reception|p1a: Slowking
|-weather|Snowscape
|
|t:|1769443729
|switch|p1a: Alomomola|Alomomola, M|100/100|[from] Chilly Reception
|
|-weather|Snowscape|[upkeep]
|upkeep
|turn|24
|
|t:|1769443733
|switch|p2a: Ninetales|Ninetales-Alola, F, shiny|74/100
|move|p1a: Alomomola|Wish|p1a: Alomomola
|
|-weather|Snowscape|[upkeep]
|upkeep
|turn|25
|
|t:|1769443749
|switch|p1a: Samurott|Samurott-Hisui, M|20/100 psn
|move|p2a: Ninetales|Aurora Veil|p2a: Ninetales
|-sidestart|p2: Luisowbro|move: Aurora Veil
|
|-weather|Snowscape|[upkeep]
|-heal|p1a: Samurott|100/100 psn|[from] move: Wish|[wisher] Alomomola
|-damage|p1a: Samurott|88/100 psn|[from] psn
|upkeep
|turn|26
|
|t:|1769443758
|switch|p1a: Slowking|Slowking-Galar, M|100/100
|move|p2a: Ninetales|Freeze-Dry|p1a: Slowking
|-damage|p1a: Slowking|89/100
|
|-weather|Snowscape|[upkeep]
|upkeep
|turn|27
|
|t:|1769443769
|switch|p2a: Haxorus|Haxorus, M, shiny|100/100
|-ability|p2a: Haxorus|Mold Breaker
|move|p1a: Slowking|Future Sight|p2a: Haxorus
|-start|p1a: Slowking|move: Future Sight
|
|-weather|none
|upkeep
|turn|28
|
|t:|1769443788
|move|p2a: Haxorus|Swords Dance|p2a: Haxorus
|-boost|p2a: Haxorus|atk|2
|-prepare|p1a: Slowking|Chilly Reception|[premajor]
|move|p1a: Slowking|Chilly Reception|p1a: Slowking
|-weather|Snowscape
|inactive|hackingefidiant has 30 seconds left.
|inactive|hackingefidiant has 20 seconds left.
|inactive|hackingefidiant has 15 seconds left.
|inactive|hackingefidiant has 10 seconds left.
|
|t:|1769443830
|switch|p1a: Enamorus|Enamorus, F|100/100|[from] Chilly Reception
|
|-weather|Snowscape|[upkeep]
|upkeep
|turn|29
|inactive|hackingefidiant has 20 seconds left this turn.
|
|t:|1769443834
|move|p1a: Enamorus|Moonblast|p2a: Haxorus
|-supereffective|p2a: Haxorus
|-damage|p2a: Haxorus|27/100
|-unboost|p2a: Haxorus|spa|1
|move|p2a: Haxorus|Iron Head|p1a: Enamorus
|-supereffective|p1a: Enamorus
|-damage|p1a: Enamorus|0 fnt
|faint|p1a: Enamorus
|
|-weather|Snowscape|[upkeep]
|-end|p2a: Haxorus|move: Future Sight
|-damage|p2a: Haxorus|0 fnt
|faint|p2a: Haxorus
|upkeep
|inactive|hackingefidiant has 25 seconds left this turn.
|inactive|hackingefidiant has 20 seconds left.
|inactive|hackingefidiant has 15 seconds left.
|
|t:|1769443855
|switch|p1a: Samurott|Samurott-Hisui, M|88/100 psn
|switch|p2a: Mamoswine|Mamoswine, M|100/100
|turn|30
|inactive|hackingefidiant has 25 seconds left this turn.
|inactive|hackingefidiant has 20 seconds left.
|
|t:|1769443875
|switch|p2a: Volcanion|Volcanion|47/100
|move|p1a: Samurott|Razor Shell|p2a: Volcanion
|-heal|p2a: Volcanion|71/100|[from] ability: Water Absorb|[of] p1a: Samurott
|
|-weather|Snowscape|[upkeep]
|-damage|p1a: Samurott|76/100 psn|[from] psn
|upkeep
|turn|31
|inactive|hackingefidiant has 30 seconds left this turn.
|
|t:|1769443883
|switch|p1a: Slowking|Slowking-Galar, M|100/100
|move|p2a: Volcanion|Sludge Bomb|p1a: Slowking
|-resisted|p1a: Slowking
|-damage|p1a: Slowking|91/100
|
|-weather|Snowscape|[upkeep]
|upkeep
|turn|32
|
|t:|1769443889
|move|p2a: Volcanion|Earth Power|p1a: Slowking
|-supereffective|p1a: Slowking
|-damage|p1a: Slowking|49/100
|move|p1a: Slowking|Sludge Bomb|p2a: Volcanion
|-damage|p2a: Volcanion|60/100
|
|-weather|none
|-sideend|p2: Luisowbro|move: Aurora Veil
|upkeep
|turn|33
|
|t:|1769443900
|move|p2a: Volcanion|Earth Power|p1a: Slowking
|-supereffective|p1a: Slowking
|-damage|p1a: Slowking|6/100
|-prepare|p1a: Slowking|Chilly Reception|[premajor]
|move|p1a: Slowking|Chilly Reception|p1a: Slowking
|-weather|Snowscape
|
|t:|1769443904
|switch|p1a: Samurott|Samurott-Hisui, M|76/100 psn|[from] Chilly Reception
|
|-weather|Snowscape|[upkeep]
|-damage|p1a: Samurott|63/100 psn|[from] psn
|upkeep
|turn|34
|
|t:|1769443910
|move|p1a: Samurott|Ceaseless Edge|p2a: Volcanion
|-damage|p2a: Volcanion|6/100
|-sidestart|p2: Luisowbro|Spikes
|move|p2a: Volcanion|Sludge Bomb|p1a: Samurott
|-damage|p1a: Samurott|12/100 psn
|
|-weather|Snowscape|[upkeep]
|-damage|p1a: Samurott|0 fnt|[from] psn
|faint|p1a: Samurott
|upkeep
|
|t:|1769443923
|switch|p1a: Slowking|Slowking-Galar, M|40/100
|turn|35
|
|t:|1769443928
|switch|p1a: Alomomola|Alomomola, M|100/100
|move|p2a: Volcanion|Earth Power|p1a: Alomomola
|-damage|p1a: Alomomola|59/100
|-unboost|p1a: Alomomola|spd|1
|
|-weather|Snowscape|[upkeep]
|upkeep
|turn|36
|inactive|hackingefidiant has 60 seconds left.
|
|t:|1769443940
|move|p2a: Volcanion|Earth Power|p1a: Alomomola
|-damage|p1a: Alomomola|3/100
|move|p1a: Alomomola|Mirror Coat|p2a: Volcanion
|-damage|p2a: Volcanion|0 fnt
|faint|p2a: Volcanion
|
|-weather|Snowscape|[upkeep]
|upkeep
|
|t:|1769443956
|switch|p2a: Mamoswine|Mamoswine, M|100/100
|-damage|p2a: Mamoswine|88/100|[from] Spikes
|turn|37
|
|t:|1769443960
|switch|p1a: Slowking|Slowking-Galar, M|73/100
|move|p2a: Mamoswine|Earthquake|p1a: Slowking
|-supereffective|p1a: Slowking
|-damage|p1a: Slowking|0 fnt
|faint|p1a: Slowking
|
|-weather|none
|upkeep
|
|t:|1769443962
|switch|p1a: Alomomola|Alomomola, M|36/100
|turn|38
|
|t:|1769443969
|move|p2a: Mamoswine|Earthquake|p1a: Alomomola
|-damage|p1a: Alomomola|6/100
|move|p1a: Alomomola|Wish|p1a: Alomomola
|
|upkeep
|turn|39
|c|☆hackingefidiant|gg
|
|t:|1769443975
|move|p2a: Mamoswine|Earthquake|p1a: Alomomola
|-damage|p1a: Alomomola|0 fnt
|faint|p1a: Alomomola
|
|win|Luisowbro
|raw|hackingefidiant's rating: 1539 &rarr; <strong>1520</strong><br />(-19 for losing)
|raw|Luisowbro's rating: 1559 &rarr; <strong>1578</strong><br />(+19 for winning)
|c|☆Luisowbro|gg
|l|☆Luisowbro
|player|p2|
|l|☆hackingefidiant
|player|p1|
