|j|☆STALLWILLCONQUER
|j|☆Davetron3030
|t:|1769383893
|gametype|singles
|player|p1|STALLWILLCONQUER|colress|1609
|player|p2|Davetron3030|dancer|1640
|gen|9
|tier|[Gen 9] OU
|rated|
|rule|HP Percentage Mod: HP is shown in percentages
|rule|Endless Battle Clause: Forcing endless battles is banned
|rule|Species Clause: Limit one of each Pokémon
|rule|OHKO Clause: OHKO moves are banned
|rule|Evasion Items Clause: Evasion items are banned
|rule|Evasion Moves Clause: Evasion moves are banned
|rule|Evasion Abilities Clause: Evasion abilities are banned
|rule|Sleep Moves Clause: Sleep-inducing moves are banned
|clearpoke
|poke|p1|Clodsire, M|
|poke|p1|Dondozo, F|
|poke|p1|Alomomola, M|
|poke|p1|Talonflame, M|
|poke|p1|Toxapex, M|
|poke|p1|Blissey, F|
|poke|p2|Garchomp, F|
|poke|p2|Gholdengo|
|poke|p2|Iron Crown|
|poke|p2|Iron Valiant|
|poke|p2|Ogerpon-Cornerstone, F|
|poke|p2|Zapdos-Galar|
|teampreview
|
|t:|1769383907
|teamsize|p1|6
|teamsize|p2|6
|start
|switch|p1a: Toxapex|Toxapex, M|100/100
|switch|p2a: Ogerpon|Ogerpon-Cornerstone, F|100/100
|turn|1
|
|t:|1769383914
|move|p2a: Ogerpon|Spikes|p1a: Toxapex
|-sidestart|p1: STALLWILLCONQUER|Spikes
|move|p1a: Toxapex|Toxic|p2a: Ogerpon
|-status|p2a: Ogerpon|tox
|
|-damage|p2a: Ogerpon|95/100 tox|[from] psn
|upkeep
|turn|2
|
|t:|1769383921
|move|p2a: Ogerpon|Swords Dance|p2a: Ogerpon
|-boost|p2a: Ogerpon|atk|2
|move|p1a: Toxapex|Infestation|p2a: Ogerpon
|-supereffective|p2a: Ogerpon
|-damage|p2a: Ogerpon|87/100 tox
|-activate|p2a: Ogerpon|move: Infestation|[of] p1a: Toxapex
|
|-damage|p2a: Ogerpon|75/100 tox|[from] psn
|-damage|p2a: Ogerpon|62/100 tox|[from] move: Infestation|[partiallytrapped]
|upkeep
|turn|3
|
|t:|1769383931
|move|p2a: Ogerpon|Spikes|p1a: Toxapex
|-sidestart|p1: STALLWILLCONQUER|Spikes
|move|p1a: Toxapex|Haze|p1a: Toxapex
|-clearallboost
|
|-damage|p2a: Ogerpon|44/100 tox|[from] psn
|-damage|p2a: Ogerpon|32/100 tox|[from] move: Infestation|[partiallytrapped]
|upkeep
|turn|4
|
|t:|1769383940
|move|p2a: Ogerpon|Ivy Cudgel|p1a: Toxapex|[anim] Ivy Cudgel Rock
|-damage|p1a: Toxapex|63/100
|move|p1a: Toxapex|Recover|p1a: Toxapex
|-heal|p1a: Toxapex|100/100
|
|-damage|p2a: Ogerpon|8/100 tox|[from] psn
|-damage|p2a: Ogerpon|0 fnt|[from] move: Infestation|[partiallytrapped]
|faint|p2a: Ogerpon
|upkeep
|
|t:|1769383949
|switch|p2a: Iron Crown|Iron Crown|100/100
|turn|5
|
|t:|1769383954
|switch|p1a: Blissey|Blissey, F|100/100
|move|p2a: Iron Crown|Psychic Noise|p1a: Blissey
|-damage|p1a: Blissey|90/100
|-start|p1a: Blissey|move: Heal Block
|
|upkeep
|turn|6
|
|t:|1769383962
|move|p2a: Iron Crown|Volt Switch|p1a: Blissey
|-damage|p1a: Blissey|83/100
|
|t:|1769383965
|-end|p2a: Iron Crown|Quark Drive|[silent]
|switch|p2a: Garchomp|Garchomp, F|100/100|[from] Volt Switch
|move|p1a: Blissey|Stealth Rock|p2a: Garchomp
|-sidestart|p2: Davetron3030|move: Stealth Rock
|
|-end|p1a: Blissey|move: Heal Block
|upkeep
|turn|7
|
|t:|1769383974
|switch|p1a: Toxapex|Toxapex, M|100/100
|move|p2a: Garchomp|Stealth Rock|p1a: Toxapex
|-sidestart|p1: STALLWILLCONQUER|move: Stealth Rock
|
|upkeep
|turn|8
|
|t:|1769383980
|move|p2a: Garchomp|Earthquake|p1a: Toxapex
|-supereffective|p1a: Toxapex
|-damage|p1a: Toxapex|50/100
|move|p1a: Toxapex|Toxic|p2a: Garchomp
|-status|p2a: Garchomp|tox
|
|-damage|p2a: Garchomp|94/100 tox|[from] psn
|upkeep
|turn|9
|
|t:|1769383988
|switch|p1a: Alomomola|Alomomola, M|100/100
|move|p2a: Garchomp|Stone Edge|p1a: Alomomola
|-damage|p1a: Alomomola|86/100
|
|-damage|p2a: Garchomp|82/100 tox|[from] psn
|upkeep
|turn|10
|
|t:|1769383997
|move|p1a: Alomomola|Flip Turn|p2a: Garchomp
|-damage|p2a: Garchomp|72/100 tox
|-damage|p1a: Alomomola|73/100|[from] ability: Rough Skin|[of] p2a: Garchomp
|-damage|p1a: Alomomola|56/100|[from] item: Rocky Helmet|[of] p2a: Garchomp
|
|t:|1769384002
|switch|p1a: Toxapex|Toxapex, M|84/100|[from] Flip Turn
|move|p2a: Garchomp|Dragon Tail|p1a: Toxapex
|-damage|p1a: Toxapex|68/100
|drag|p1a: Blissey|Blissey, F|83/100
|
|-damage|p2a: Garchomp|53/100 tox|[from] psn
|upkeep
|turn|11
|
|t:|1769384013
|switch|p2a: Zapdos|Zapdos-Galar|100/100
|-damage|p2a: Zapdos|88/100|[from] Stealth Rock
|switch|p1a: Alomomola|Alomomola, M|90/100
|
|upkeep
|turn|12
|
|t:|1769384020
|switch|p1a: Clodsire|Clodsire, M|100/100
|move|p2a: Zapdos|Knock Off|p1a: Clodsire
|-damage|p1a: Clodsire|61/100
|-enditem|p1a: Clodsire|Heavy-Duty Boots|[from] move: Knock Off|[of] p2a: Zapdos
|
|upkeep
|turn|13
|
|t:|1769384030
|switch|p2a: Iron Crown|Iron Crown|100/100
|-damage|p2a: Iron Crown|94/100|[from] Stealth Rock
|move|p1a: Clodsire|Recover|p1a: Clodsire
|-heal|p1a: Clodsire|100/100
|
|upkeep
|turn|14
|
|t:|1769384037
|-end|p2a: Iron Crown|Quark Drive|[silent]
|switch|p2a: Zapdos|Zapdos-Galar|88/100
|-damage|p2a: Zapdos|76/100|[from] Stealth Rock
|move|p1a: Clodsire|Earthquake|p2a: Zapdos
|-immune|p2a: Zapdos
|
|upkeep
|turn|15
|
|t:|1769384045
|move|p2a: Zapdos|Knock Off|p1a: Clodsire
|-damage|p1a: Clodsire|75/100
|move|p1a: Clodsire|Toxic|p2a: Zapdos
|-status|p2a: Zapdos|tox
|
|-damage|p2a: Zapdos|69/100 tox|[from] psn
|upkeep
|turn|16
|
|t:|1769384053
|switch|p2a: Garchomp|Garchomp, F|53/100 tox
|-damage|p2a: Garchomp|47/100 tox|[from] Stealth Rock
|move|p1a: Clodsire|Recover|p1a: Clodsire
|-heal|p1a: Clodsire|100/100
|
|-damage|p2a: Garchomp|41/100 tox|[from] psn
|upkeep
|turn|17
|
|t:|1769384063
|switch|p1a: Alomomola|Alomomola, M|100/100
|move|p2a: Garchomp|Dragon Tail|p1a: Alomomola
|-damage|p1a: Alomomola|86/100
|drag|p1a: Clodsire|Clodsire, M|100/100
|-damage|p1a: Clodsire|84/100|[from] Spikes
|-damage|p1a: Clodsire|78/100|[from] Stealth Rock
|
|-damage|p2a: Garchomp|28/100 tox|[from] psn
|upkeep
|turn|18
|
|t:|1769384074
|switch|p2a: Zapdos|Zapdos-Galar|69/100 tox
|-damage|p2a: Zapdos|57/100 tox|[from] Stealth Rock
|switch|p1a: Alomomola|Alomomola, M|100/100
|
|-damage|p2a: Zapdos|51/100 tox|[from] psn
|upkeep
|turn|19
|
|t:|1769384084
|move|p1a: Alomomola|Protect|p1a: Alomomola
|-singleturn|p1a: Alomomola|Protect
|move|p2a: Zapdos|Brave Bird|p1a: Alomomola
|-activate|p1a: Alomomola|move: Protect
|
|-damage|p2a: Zapdos|38/100 tox|[from] psn
|upkeep
|turn|20
|-message|Davetron3030 forfeited.
|
|win|STALLWILLCONQUER
|raw|STALLWILLCONQUER's rating: 1609 &rarr; <strong>1631</strong><br />(+22 for winning)
|raw|Davetron3030's rating: 1640 &rarr; <strong>1618</strong><br />(-22 for losing)
|l|☆Davetron3030
|player|p2|
|l|☆STALLWILLCONQUER
|player|p1|
