|j|☆ggaannddiigg
|j|☆Testteambill
|t:|1769425810
|gametype|singles
|player|p1|ggaannddiigg|burglar|1556
|player|p2|Testteambill|2|1580
|gen|9
|tier|[Gen 9] OU
|rated|
|rule|HP Percentage Mod: HP is shown in percentages
|rule|Endless Battle Clause: Forcing endless battles is banned
|rule|Species Clause: Limit one of each Pokémon
|rule|OHKO Clause: OHKO moves are banned
|rule|Evasion Items Clause: Evasion items are banned
|rule|Evasion Moves Clause: Evasion moves are banned
|rule|Evasion Abilities Clause: Evasion abilities are banned
|rule|Sleep Moves Clause: Sleep-inducing moves are banned
|clearpoke
|poke|p1|Glimmora, F|
|poke|p1|Moltres|
|poke|p1|Scizor, F|
|poke|p1|Gholdengo|
|poke|p1|Great Tusk|
|poke|p1|Ogerpon-Wellspring, F|
|poke|p2|Tinkaton, F|
|poke|p2|Serperior, M|
|poke|p2|Indeedee, M|
|poke|p2|Araquanid, M|
|poke|p2|Great Tusk|
|poke|p2|Hawlucha, F|
|teampreview
|inactive|Battle timer is ON: inactive players will automatically lose when time's up. (requested by ggaannddiigg)
|
|t:|1769425821
|teamsize|p1|6
|teamsize|p2|6
|start
|switch|p1a: Glimmora|Glimmora, F|100/100
|switch|p2a: Great Tusk|Great Tusk, shiny|100/100
|turn|1
|
|t:|1769425830
|move|p1a: Glimmora|Mortal Spin|p2a: Great Tusk
|-resisted|p2a: Great Tusk
|-damage|p2a: Great Tusk|98/100
|-status|p2a: Great Tusk|psn
|move|p2a: Great Tusk|Supercell Slam|p1a: Glimmora
|-damage|p1a: Glimmora|62/100
|-activate|p1a: Glimmora|ability: Toxic Debris
|-sidestart|p2: Testteambill|move: Toxic Spikes
|
|-damage|p2a: Great Tusk|86/100 psn|[from] psn
|upkeep
|turn|2
|j| Tbccc15
|
|t:|1769425840
|move|p1a: Glimmora|Stealth Rock|p2a: Great Tusk
|-sidestart|p2: Testteambill|move: Stealth Rock
|move|p2a: Great Tusk|Rapid Spin|p1a: Glimmora
|-resisted|p1a: Glimmora
|-damage|p1a: Glimmora|52/100
|-boost|p2a: Great Tusk|spe|1
|-activate|p1a: Glimmora|ability: Toxic Debris
|-sidestart|p2: Testteambill|move: Toxic Spikes
|-sideend|p2: Testteambill|Toxic Spikes|[from] move: Rapid Spin|[of] p2a: Great Tusk
|-sideend|p2: Testteambill|Stealth Rock|[from] move: Rapid Spin|[of] p2a: Great Tusk
|
|-damage|p2a: Great Tusk|74/100 psn|[from] psn
|upkeep
|turn|3
|
|t:|1769425852
|switch|p1a: Moltres|Moltres|100/100
|move|p2a: Great Tusk|Headlong Rush|p1a: Moltres
|-immune|p1a: Moltres
|
|-damage|p2a: Great Tusk|61/100 psn|[from] psn
|upkeep
|turn|4
|
|t:|1769425859
|switch|p1a: Glimmora|Glimmora, F|52/100
|move|p2a: Great Tusk|Supercell Slam|p1a: Glimmora
|-damage|p1a: Glimmora|13/100
|-activate|p1a: Glimmora|ability: Toxic Debris
|-sidestart|p2: Testteambill|move: Toxic Spikes
|
|-damage|p2a: Great Tusk|49/100 psn|[from] psn
|upkeep
|turn|5
|
|t:|1769425868
|switch|p1a: Gholdengo|Gholdengo|100/100
|move|p2a: Great Tusk|Rapid Spin|p1a: Gholdengo
|-immune|p1a: Gholdengo
|
|-damage|p2a: Great Tusk|36/100 psn|[from] psn
|upkeep
|turn|6
|
|t:|1769425895
|move|p1a: Gholdengo|Shadow Ball|p2a: Great Tusk
|-damage|p2a: Great Tusk|0 fnt
|faint|p2a: Great Tusk
|-end|p2a: Great Tusk|Protosynthesis|[silent]
|
|upkeep
|
|t:|1769425910
|switch|p2a: Araquanid|Araquanid, M, shiny|100/100
|-status|p2a: Araquanid|psn
|turn|7
|
|t:|1769425916
|switch|p1a: Glimmora|Glimmora, F|13/100
|move|p2a: Araquanid|Sticky Web|p1a: Glimmora
|-sidestart|p1: ggaannddiigg|move: Sticky Web
|
|-damage|p2a: Araquanid|88/100 psn|[from] psn
|upkeep
|turn|8
|
|t:|1769425923
|switch|p2a: Tinkaton|Tinkaton, F, shiny|100/100
|-item|p2a: Tinkaton|Air Balloon
|move|p1a: Glimmora|Mortal Spin|p2a: Tinkaton
|-immune|p2a: Tinkaton
|
|upkeep
|turn|9
|
|t:|1769425937
|move|p1a: Glimmora|Stealth Rock|p2a: Tinkaton
|-sidestart|p2: Testteambill|move: Stealth Rock
|move|p2a: Tinkaton|Knock Off|p1a: Glimmora
|-damage|p1a: Glimmora|0 fnt
|-activate|p1a: Glimmora|ability: Toxic Debris
|-sidestart|p2: Testteambill|move: Toxic Spikes
|-enditem|p1a: Glimmora|Focus Sash|[from] move: Knock Off|[of] p2a: Tinkaton
|faint|p1a: Glimmora
|
|upkeep
|
|t:|1769425944
|switch|p1a: Moltres|Moltres|100/100
|turn|10
|
|t:|1769425949
|switch|p2a: Araquanid|Araquanid, M, shiny|88/100 psn
|-damage|p2a: Araquanid|63/100 psn|[from] Stealth Rock
|move|p1a: Moltres|Flamethrower|p2a: Araquanid
|-damage|p2a: Araquanid|47/100 psn
|
|-damage|p2a: Araquanid|35/100 psn|[from] psn
|upkeep
|turn|11
|
|t:|1769425961
|switch|p1a: Ogerpon|Ogerpon-Wellspring, F|100/100
|-activate|p1a: Ogerpon|move: Sticky Web
|-unboost|p1a: Ogerpon|spe|1
|move|p2a: Araquanid|Liquidation|p1a: Ogerpon
|-immune|p1a: Ogerpon|[from] ability: Water Absorb
|
|-damage|p2a: Araquanid|22/100 psn|[from] psn
|upkeep
|turn|12
|-enditem|p2a: Araquanid|Custap Berry|[eat]
|-activate|p2a: Araquanid|item: Custap Berry|[consumed]
|
|t:|1769425969
|move|p2a: Araquanid|Lunge|p1a: Ogerpon
|-supereffective|p1a: Ogerpon
|-crit|p1a: Ogerpon
|-damage|p1a: Ogerpon|0 fnt
|faint|p1a: Ogerpon
|
|-damage|p2a: Araquanid|10/100 psn|[from] psn
|upkeep
|c|☆ggaannddiigg|ouch
|
|t:|1769425980
|switch|p1a: Scizor|Scizor, F|100/100
|-activate|p1a: Scizor|move: Sticky Web
|-unboost|p1a: Scizor|spe|1
|turn|13
|
|t:|1769425984
|move|p1a: Scizor|Bullet Punch|p2a: Araquanid
|-resisted|p2a: Araquanid
|-damage|p2a: Araquanid|0 fnt
|faint|p2a: Araquanid
|
|upkeep
|
|t:|1769425997
|switch|p2a: Tinkaton|Tinkaton, F, shiny|100/100
|-damage|p2a: Tinkaton|94/100|[from] Stealth Rock
|-item|p2a: Tinkaton|Air Balloon
|turn|14
|
|t:|1769426004
|switch|p1a: Gholdengo|Gholdengo|100/100
|-activate|p1a: Gholdengo|move: Sticky Web
|-unboost|p1a: Gholdengo|spe|1
|move|p2a: Tinkaton|Thunder Wave|p1a: Gholdengo
|-immune|p1a: Gholdengo|[from] ability: Good as Gold
|
|upkeep
|turn|15
|
|t:|1769426012
|move|p1a: Gholdengo|Make It Rain|p2a: Tinkaton
|-damage|p2a: Tinkaton|39/100
|-unboost|p1a: Gholdengo|spa|1
|-enditem|p2a: Tinkaton|Air Balloon
|move|p2a: Tinkaton|Knock Off|p1a: Gholdengo
|-supereffective|p1a: Gholdengo
|-damage|p1a: Gholdengo|60/100
|-enditem|p1a: Gholdengo|Choice Scarf|[from] move: Knock Off|[of] p2a: Tinkaton
|
|upkeep
|turn|16
|
|t:|1769426024
|move|p2a: Tinkaton|Knock Off|p1a: Gholdengo
|-supereffective|p1a: Gholdengo
|-damage|p1a: Gholdengo|31/100
|move|p1a: Gholdengo|Make It Rain|p2a: Tinkaton
|-damage|p2a: Tinkaton|0 fnt
|-unboost|p1a: Gholdengo|spa|1
|faint|p2a: Tinkaton
|
|upkeep
|
|t:|1769426027
|switch|p2a: Indeedee|Indeedee, M, shiny|100/100
|-status|p2a: Indeedee|tox
|-damage|p2a: Indeedee|88/100 tox|[from] Stealth Rock
|-fieldstart|move: Psychic Terrain|[from] ability: Psychic Surge|[of] p2a: Indeedee
|turn|17
|
|t:|1769426048
|switch|p1a: Moltres|Moltres|100/100
|move|p2a: Indeedee|Expanding Force|p1a: Moltres
|-damage|p1a: Moltres|20/100
|
|-damage|p2a: Indeedee|82/100 tox|[from] psn
|upkeep
|turn|18
|
|t:|1769426061
|switch|p1a: Gholdengo|Gholdengo|31/100
|-activate|p1a: Gholdengo|move: Sticky Web
|-unboost|p1a: Gholdengo|spe|1
|move|p2a: Indeedee|Expanding Force|p1a: Gholdengo
|-resisted|p1a: Gholdengo
|-damage|p1a: Gholdengo|0 fnt
|faint|p1a: Gholdengo
|
|-damage|p2a: Indeedee|70/100 tox|[from] psn
|upkeep
|inactive|ggaannddiigg has 120 seconds left.
|
|t:|1769426086
|switch|p1a: Scizor|Scizor, F|100/100
|-activate|p1a: Scizor|move: Sticky Web
|-unboost|p1a: Scizor|spe|1
|turn|19
|inactive|ggaannddiigg has 120 seconds left.
|
|t:|1769426100
|move|p2a: Indeedee|Expanding Force|p1a: Scizor
|-resisted|p1a: Scizor
|-damage|p1a: Scizor|34/100
|move|p1a: Scizor|Close Combat|p2a: Indeedee
|-damage|p2a: Indeedee|0 fnt
|-unboost|p1a: Scizor|def|1
|-unboost|p1a: Scizor|spd|1
|faint|p2a: Indeedee
|
|-heal|p1a: Scizor|40/100|[from] item: Leftovers
|upkeep
|
|t:|1769426105
|switch|p2a: Hawlucha|Hawlucha, F, shiny|100/100
|-damage|p2a: Hawlucha|88/100|[from] Stealth Rock
|-enditem|p2a: Hawlucha|Psychic Seed
|-boost|p2a: Hawlucha|spd|1|[from] item: Psychic Seed
|turn|20
|
|t:|1769426115
|switch|p1a: Moltres|Moltres|20/100
|-terastallize|p2a: Hawlucha|Steel
|move|p2a: Hawlucha|Swords Dance|p2a: Hawlucha
|-boost|p2a: Hawlucha|atk|2
|
|upkeep
|turn|21
|
|t:|1769426123
|move|p2a: Hawlucha|Acrobatics|p1a: Moltres
|-damage|p1a: Moltres|0 fnt
|faint|p1a: Moltres
|
|-fieldend|move: Psychic Terrain
|upkeep
|
|t:|1769426136
|switch|p1a: Great Tusk|Great Tusk|100/100
|-activate|p1a: Great Tusk|move: Sticky Web
|-unboost|p1a: Great Tusk|spe|1
|turn|22
|
|t:|1769426140
|-terastallize|p1a: Great Tusk|Steel
|move|p2a: Hawlucha|Acrobatics|p1a: Great Tusk
|-resisted|p1a: Great Tusk
|-damage|p1a: Great Tusk|67/100
|move|p1a: Great Tusk|Close Combat|p2a: Hawlucha
|-supereffective|p2a: Hawlucha
|-damage|p2a: Hawlucha|0 fnt
|-unboost|p1a: Great Tusk|def|1
|-unboost|p1a: Great Tusk|spd|1
|faint|p2a: Hawlucha
|
|upkeep
|
|t:|1769426142
|switch|p2a: Serperior|Serperior, M, shiny|100/100
|-status|p2a: Serperior|tox
|-damage|p2a: Serperior|88/100 tox|[from] Stealth Rock
|turn|23
|
|t:|1769426160
|move|p2a: Serperior|Leaf Storm|p1a: Great Tusk
|-resisted|p1a: Great Tusk
|-crit|p1a: Great Tusk
|-damage|p1a: Great Tusk|0 fnt
|-boost|p2a: Serperior|spa|2
|faint|p1a: Great Tusk
|-end|p1a: Great Tusk|Protosynthesis|[silent]
|
|-heal|p2a: Serperior|94/100 tox|[from] item: Leftovers
|-damage|p2a: Serperior|88/100 tox|[from] psn
|upkeep
|c|☆ggaannddiigg|Arf
|
|t:|1769426176
|switch|p1a: Scizor|Scizor, F|40/100
|-activate|p1a: Scizor|move: Sticky Web
|-unboost|p1a: Scizor|spe|1
|turn|24
|l| Tbccc15
|inactive|ggaannddiigg has 120 seconds left.
|c|☆ggaannddiigg|Not sure if the crit help
|
|t:|1769426197
|move|p1a: Scizor|Bullet Punch|p2a: Serperior
|-damage|p2a: Serperior|43/100 tox
|move|p2a: Serperior|Leaf Storm|p1a: Scizor
|-resisted|p1a: Scizor
|-damage|p1a: Scizor|13/100
|-boost|p2a: Serperior|spa|2
|
|-heal|p2a: Serperior|50/100 tox|[from] item: Leftovers
|-heal|p1a: Scizor|19/100|[from] item: Leftovers
|-damage|p2a: Serperior|37/100 tox|[from] psn
|upkeep
|turn|25
|inactive|ggaannddiigg has 120 seconds left.
|c|☆ggaannddiigg|safe
|
|t:|1769426208
|move|p1a: Scizor|Bullet Punch|p2a: Serperior
|-crit|p2a: Serperior
|-damage|p2a: Serperior|0 fnt
|faint|p2a: Serperior
|
|win|ggaannddiigg
|raw|ggaannddiigg's rating: 1556 &rarr; <strong>1577</strong><br />(+21 for winning)
|raw|Testteambill's rating: 1580 &rarr; <strong>1559</strong><br />(-21 for losing)
|c|☆ggaannddiigg|wp
|l|☆ggaannddiigg
|player|p1|
|l|☆Testteambill
|player|p2|
