|j|☆OP Sand
|j|☆LunaBlast
|t:|1769340944
|gametype|singles
|player|p1|OP Sand|giovanni-masters|1649
|player|p2|LunaBlast|2|1606
|gen|9
|tier|[Gen 9] OU
|rated|
|rule|HP Percentage Mod: HP is shown in percentages
|rule|Endless Battle Clause: Forcing endless battles is banned
|rule|Species Clause: Limit one of each Pokémon
|rule|OHKO Clause: OHKO moves are banned
|rule|Evasion Items Clause: Evasion items are banned
|rule|Evasion Moves Clause: Evasion moves are banned
|rule|Evasion Abilities Clause: Evasion abilities are banned
|rule|Sleep Moves Clause: Sleep-inducing moves are banned
|clearpoke
|poke|p1|Excadrill, F|
|poke|p1|Tyranitar, F|
|poke|p1|Kyurem|
|poke|p1|Hawlucha, M|
|poke|p1|Pawmot, F|
|poke|p1|Azelf|
|poke|p2|Ribombee, F|
|poke|p2|Gholdengo|
|poke|p2|Glimmora, M|
|poke|p2|Enamorus, F|
|poke|p2|Iron Moth|
|poke|p2|Iron Hands|
|teampreview
|inactive|Battle timer is ON: inactive players will automatically lose when time's up. (requested by LunaBlast)
|inactive|OP Sand also wants the timer to be on.
|
|t:|1769340958
|teamsize|p1|6
|teamsize|p2|6
|start
|switch|p1a: Shukaku|Tyranitar, F, shiny|100/100
|switch|p2a: Ribombee|Ribombee, F, shiny|100/100
|-weather|Sandstorm|[from] ability: Sand Stream|[of] p1a: Shukaku
|turn|1
|
|t:|1769340965
|move|p2a: Ribombee|Sticky Web|p1a: Shukaku
|-sidestart|p1: OP Sand|move: Sticky Web
|move|p1a: Shukaku|Thunder Wave|p2a: Ribombee
|-status|p2a: Ribombee|par
|
|-weather|Sandstorm|[upkeep]
|-damage|p2a: Ribombee|94/100 par|[from] Sandstorm
|upkeep
|turn|2
|
|t:|1769340970
|move|p2a: Ribombee|Moonblast|p1a: Shukaku
|-supereffective|p1a: Shukaku
|-damage|p1a: Shukaku|44/100
|move|p1a: Shukaku|Ice Beam|p2a: Ribombee
|-damage|p2a: Ribombee|53/100 par
|
|-weather|Sandstorm|[upkeep]
|-damage|p2a: Ribombee|47/100 par|[from] Sandstorm
|upkeep
|turn|3
|
|t:|1769340976
|switch|p1a: Azelf|Azelf|100/100
|move|p2a: Ribombee|Moonblast|p1a: Azelf
|-damage|p1a: Azelf|41/100
|
|-weather|Sandstorm|[upkeep]
|-damage|p1a: Azelf|35/100|[from] Sandstorm
|-damage|p2a: Ribombee|41/100 par|[from] Sandstorm
|upkeep
|turn|4
|
|t:|1769340982
|move|p1a: Azelf|Psychic|p2a: Ribombee
|-damage|p2a: Ribombee|0 fnt
|faint|p2a: Ribombee
|
|-weather|Sandstorm|[upkeep]
|-damage|p1a: Azelf|29/100|[from] Sandstorm
|upkeep
|
|t:|1769340985
|switch|p2a: Gholdengo|Gholdengo|100/100
|-item|p2a: Gholdengo|Air Balloon
|turn|5
|
|t:|1769340988
|move|p1a: Azelf|Psychic|p2a: Gholdengo
|-resisted|p2a: Gholdengo
|-damage|p2a: Gholdengo|77/100
|-enditem|p2a: Gholdengo|Air Balloon
|move|p2a: Gholdengo|Shadow Ball|p1a: Azelf
|-supereffective|p1a: Azelf
|-damage|p1a: Azelf|0 fnt
|faint|p1a: Azelf
|
|-weather|Sandstorm|[upkeep]
|upkeep
|
|t:|1769340996
|switch|p1a: Itachi|Hawlucha, M, shiny|100/100
|-ability|p1a: Itachi|Mold Breaker
|turn|6
|
|t:|1769341001
|move|p1a: Itachi|Defog|p2a: Gholdengo
|-unboost|p2a: Gholdengo|evasion|1
|-sideend|p1: OP Sand|Sticky Web|[from] move: Defog|[of] p1a: Itachi
|move|p2a: Gholdengo|Shadow Ball|p1a: Itachi
|-damage|p1a: Itachi|41/100
|-unboost|p1a: Itachi|spd|1
|-enditem|p1a: Itachi|Red Card|[of] p2a: Gholdengo
|drag|p2a: Iron Moth|Iron Moth|100/100
|-enditem|p2a: Iron Moth|Booster Energy
|-activate|p2a: Iron Moth|ability: Quark Drive|[fromitem]
|-start|p2a: Iron Moth|quarkdrivespa
|
|-weather|Sandstorm|[upkeep]
|-damage|p1a: Itachi|35/100|[from] Sandstorm
|-damage|p2a: Iron Moth|95/100|[from] Sandstorm
|upkeep
|turn|7
|
|t:|1769341013
|move|p1a: Itachi|Brave Bird|p2a: Iron Moth
|-damage|p2a: Iron Moth|15/100
|-damage|p1a: Itachi|9/100|[from] Recoil
|move|p2a: Iron Moth|Fiery Dance|p1a: Itachi
|-damage|p1a: Itachi|0 fnt
|faint|p1a: Itachi
|
|-weather|Sandstorm|[upkeep]
|-damage|p2a: Iron Moth|9/100|[from] Sandstorm
|upkeep
|
|t:|1769341025
|switch|p1a: OP|Excadrill, F|100/100
|turn|8
|
|t:|1769341029
|move|p1a: OP|Iron Head|p2a: Iron Moth
|-resisted|p2a: Iron Moth
|-damage|p2a: Iron Moth|0 fnt
|faint|p2a: Iron Moth
|-end|p2a: Iron Moth|Quark Drive|[silent]
|
|-weather|none
|upkeep
|
|t:|1769341034
|switch|p2a: Iron Hands|Iron Hands, shiny|100/100
|-enditem|p2a: Iron Hands|Booster Energy
|-activate|p2a: Iron Hands|ability: Quark Drive|[fromitem]
|-start|p2a: Iron Hands|quarkdriveatk
|turn|9
|
|t:|1769341041
|switch|p1a: Shukaku|Tyranitar, F, shiny|44/100
|-weather|Sandstorm|[from] ability: Sand Stream|[of] p1a: Shukaku
|move|p2a: Iron Hands|Drain Punch|p1a: Shukaku
|-supereffective|p1a: Shukaku
|-damage|p1a: Shukaku|0 fnt
|faint|p1a: Shukaku
|
|-weather|Sandstorm|[upkeep]
|-damage|p2a: Iron Hands|94/100|[from] Sandstorm
|upkeep
|j| Samurajen
|
|t:|1769341043
|switch|p1a: Frieza|Kyurem, shiny|100/100
|-ability|p1a: Frieza|Pressure
|turn|10
|
|t:|1769341046
|-terastallize|p1a: Frieza|Ghost
|move|p1a: Frieza|Earth Power|p2a: Iron Hands
|-supereffective|p2a: Iron Hands
|-crit|p2a: Iron Hands
|-damage|p2a: Iron Hands|0 fnt
|faint|p2a: Iron Hands
|-end|p2a: Iron Hands|Quark Drive|[silent]
|
|-weather|Sandstorm|[upkeep]
|-damage|p1a: Frieza|94/100|[from] Sandstorm
|upkeep
|
|t:|1769341057
|switch|p2a: Gholdengo|Gholdengo|77/100
|turn|11
|
|t:|1769341063
|switch|p2a: Enamorus|Enamorus, F|100/100
|move|p1a: Frieza|Shadow Ball|p2a: Enamorus
|-damage|p2a: Enamorus|37/100
|
|-weather|Sandstorm|[upkeep]
|-damage|p2a: Enamorus|31/100|[from] Sandstorm
|-damage|p1a: Frieza|88/100|[from] Sandstorm
|upkeep
|turn|12
|
|t:|1769341080
|move|p2a: Enamorus|Misty Explosion|p1a: Frieza
|-damage|p1a: Frieza|16/100
|faint|p2a: Enamorus
|move|p1a: Frieza|Freeze-Dry|p2: Enamorus|[notarget]
|-fail|p1a: Frieza
|
|-weather|Sandstorm|[upkeep]
|-damage|p1a: Frieza|10/100|[from] Sandstorm
|upkeep
|c|☆OP Sand|Sweet
|
|t:|1769341089
|switch|p2a: Gholdengo|Gholdengo|77/100
|turn|13
|
|t:|1769341093
|move|p1a: Frieza|Shadow Ball|p2a: Gholdengo
|-supereffective|p2a: Gholdengo
|-damage|p2a: Gholdengo|0 fnt
|faint|p2a: Gholdengo
|
|-weather|Sandstorm|[upkeep]
|-damage|p1a: Frieza|4/100|[from] Sandstorm
|upkeep
|
|t:|1769341095
|switch|p2a: Glimmora|Glimmora, M, shiny|100/100
|turn|14
|
|t:|1769341097
|move|p2a: Glimmora|Mortal Spin|p1a: Frieza
|-resisted|p1a: Frieza
|-damage|p1a: Frieza|1/100
|-status|p1a: Frieza|psn
|move|p1a: Frieza|Earth Power|p2a: Glimmora
|-supereffective|p2a: Glimmora
|-damage|p2a: Glimmora|0 fnt
|faint|p2a: Glimmora
|
|win|OP Sand
|raw|OP Sand's rating: 1649 &rarr; <strong>1667</strong><br />(+18 for winning)
|raw|LunaBlast's rating: 1606 &rarr; <strong>1588</strong><br />(-18 for losing)
|l|☆LunaBlast
|player|p2|
|l|☆OP Sand
|player|p1|
