|j|☆rj215
|j|☆thri-keen
|t:|1769414672
|gametype|singles
|player|p1|rj215|170|1251
|player|p2|thri-keen|gambler|1226
|gen|9
|tier|[Gen 9] OU
|rated|
|rule|HP Percentage Mod: HP is shown in percentages
|rule|Endless Battle Clause: Forcing endless battles is banned
|rule|Species Clause: Limit one of each Pokémon
|rule|OHKO Clause: OHKO moves are banned
|rule|Evasion Items Clause: Evasion items are banned
|rule|Evasion Moves Clause: Evasion moves are banned
|rule|Evasion Abilities Clause: Evasion abilities are banned
|rule|Sleep Moves Clause: Sleep-inducing moves are banned
|clearpoke
|poke|p1|Cramorant, M|
|poke|p1|Dragonite, M|
|poke|p1|Ting-Lu|
|poke|p1|Mimikyu, F|
|poke|p1|Skeledirge, M|
|poke|p1|Revavroom, F|
|poke|p2|Sceptile, M|
|poke|p2|Galvantula, M|
|poke|p2|Alcremie-Mint-Cream, F|
|poke|p2|Ceruledge, M|
|poke|p2|Forretress, M|
|poke|p2|Corviknight, M|
|teampreview
|inactive|Battle timer is ON: inactive players will automatically lose when time's up. (requested by thri-keen)
|
|t:|1769414698
|teamsize|p1|6
|teamsize|p2|6
|start
|switch|p1a: Cramorant|Cramorant, M|100/100
|switch|p2a: Sceptile|Sceptile, M, shiny|100/100
|turn|1
|
|t:|1769414712
|move|p1a: Cramorant|Ice Beam|p2a: Sceptile
|-supereffective|p2a: Sceptile
|-damage|p2a: Sceptile|31/100
|move|p2a: Sceptile|Roar|p1a: Cramorant
|-enditem|p2a: Sceptile|Throat Spray
|-boost|p2a: Sceptile|spa|1|[from] item: Throat Spray
|drag|p1a: Mimikyu|Mimikyu, F|100/100
|
|upkeep
|turn|2
|
|t:|1769414726
|move|p2a: Sceptile|Energy Ball|p1a: Mimikyu
|-activate|p1a: Mimikyu|ability: Disguise
|-damage|p1a: Mimikyu|100/100
|detailschange|p1a: Mimikyu|Mimikyu-Busted, F
|-damage|p1a: Mimikyu|88/100|[from] pokemon: Mimikyu-Busted
|move|p1a: Mimikyu|Bulk Up|p1a: Mimikyu
|-boost|p1a: Mimikyu|atk|1
|-boost|p1a: Mimikyu|def|1
|
|upkeep
|turn|3
|
|t:|1769414737
|move|p2a: Sceptile|Energy Ball|p1a: Mimikyu
|-damage|p1a: Mimikyu|36/100
|move|p1a: Mimikyu|Drain Punch|p2a: Sceptile
|-crit|p2a: Sceptile
|-damage|p2a: Sceptile|0 fnt
|-heal|p1a: Mimikyu|50/100|[from] drain|[of] p2a: Sceptile
|faint|p2a: Sceptile
|-damage|p1a: Mimikyu|40/100|[from] item: Life Orb
|
|upkeep
|
|t:|1769414755
|switch|p2a: Galvantula|Galvantula, M, shiny|100/100
|turn|4
|
|t:|1769414760
|move|p2a: Galvantula|Thunder|p1a: Mimikyu
|-damage|p1a: Mimikyu|5/100
|move|p1a: Mimikyu|Drain Punch|p2a: Galvantula
|-resisted|p2a: Galvantula
|-damage|p2a: Galvantula|71/100
|-heal|p1a: Mimikyu|19/100|[from] drain|[of] p2a: Galvantula
|-damage|p1a: Mimikyu|9/100|[from] item: Life Orb
|
|upkeep
|turn|5
|
|t:|1769414770
|move|p1a: Mimikyu|Shadow Sneak|p2a: Galvantula
|-damage|p2a: Galvantula|26/100
|-damage|p1a: Mimikyu|0 fnt|[from] item: Life Orb
|faint|p1a: Mimikyu
|move|p2a: Galvantula|Sticky Web|p1: Mimikyu
|-sidestart|p1: rj215|move: Sticky Web
|
|upkeep
|
|t:|1769414785
|switch|p1a: Cramorant|Cramorant, M|100/100
|turn|6
|
|t:|1769414790
|move|p2a: Galvantula|Thunder|p1a: Cramorant
|-supereffective|p1a: Cramorant
|-enditem|p1a: Cramorant|Focus Sash
|-damage|p1a: Cramorant|1/100
|move|p1a: Cramorant|Surf|p2a: Galvantula
|-formechange|p1a: Cramorant|Cramorant-Gorging|
|-damage|p2a: Galvantula|0 fnt
|faint|p2a: Galvantula
|
|upkeep
|
|t:|1769414809
|switch|p2a: Forretress|Forretress, M|100/100
|turn|7
|
|t:|1769414813
|move|p1a: Cramorant|Endure|p1a: Cramorant
|-singleturn|p1a: Cramorant|move: Endure
|move|p2a: Forretress|Gyro Ball|p1a: Cramorant
|-resisted|p1a: Cramorant
|-activate|p1a: Cramorant|move: Endure
|-damage|p1a: Cramorant|1/100
|-damage|p2a: Forretress|76/100|[from] ability: Gulp Missile|[of] p1a: Cramorant
|-status|p2a: Forretress|par
|-formechange|p1a: Cramorant|Cramorant|
|
|upkeep
|turn|8
|
|t:|1769414826
|move|p1a: Cramorant|Surf|p2a: Forretress
|-formechange|p1a: Cramorant|Cramorant-Gorging|
|-damage|p2a: Forretress|24/100 par
|cant|p2a: Forretress|par
|
|upkeep
|turn|9
|-enditem|p2a: Forretress|Custap Berry|[eat]
|-activate|p2a: Forretress|item: Custap Berry|[consumed]
|
|t:|1769414837
|move|p2a: Forretress|Explosion|p1a: Cramorant
|-damage|p1a: Cramorant|0 fnt
|faint|p2a: Forretress
|faint|p1a: Cramorant
|
|upkeep
|
|t:|1769414858
|switch|p1a: Dragonite|Dragonite, M|100/100
|switch|p2a: Alcremie|Alcremie-Mint-Cream, F|100/100
|turn|10
|
|t:|1769414872
|-terastallize|p1a: Dragonite|Steel
|move|p1a: Dragonite|Fire Spin|p2a: Alcremie
|-crit|p2a: Alcremie
|-damage|p2a: Alcremie|90/100
|-activate|p2a: Alcremie|move: Fire Spin|[of] p1a: Dragonite
|move|p2a: Alcremie|Acid Armor|p2a: Alcremie
|-boost|p2a: Alcremie|def|2
|
|-heal|p2a: Alcremie|96/100|[from] item: Leftovers
|-damage|p2a: Alcremie|84/100|[from] move: Fire Spin|[partiallytrapped]
|upkeep
|turn|11
|inactive|rj215 has 120 seconds left.
|
|t:|1769414902
|move|p1a: Dragonite|Dragon Dance|p1a: Dragonite
|-boost|p1a: Dragonite|atk|1
|-boost|p1a: Dragonite|spe|1
|move|p2a: Alcremie|Calm Mind|p2a: Alcremie
|-boost|p2a: Alcremie|spa|1
|-boost|p2a: Alcremie|spd|1
|
|-heal|p2a: Alcremie|90/100|[from] item: Leftovers
|-damage|p2a: Alcremie|78/100|[from] move: Fire Spin|[partiallytrapped]
|upkeep
|turn|12
|inactive|rj215 has 120 seconds left.
|
|t:|1769414913
|move|p1a: Dragonite|Dragon Dance|p1a: Dragonite
|-boost|p1a: Dragonite|atk|1
|-boost|p1a: Dragonite|spe|1
|move|p2a: Alcremie|Acid Armor|p2a: Alcremie
|-boost|p2a: Alcremie|def|2
|
|-heal|p2a: Alcremie|84/100|[from] item: Leftovers
|-damage|p2a: Alcremie|71/100|[from] move: Fire Spin|[partiallytrapped]
|upkeep
|turn|13
|
|t:|1769414922
|move|p1a: Dragonite|Iron Head|p2a: Alcremie
|-supereffective|p2a: Alcremie
|-damage|p2a: Alcremie|10/100
|move|p2a: Alcremie|Acid Armor|p2a: Alcremie
|-boost|p2a: Alcremie|def|2
|
|-heal|p2a: Alcremie|16/100|[from] item: Leftovers
|-damage|p2a: Alcremie|3/100|[from] move: Fire Spin|[partiallytrapped]
|upkeep
|turn|14
|
|t:|1769414933
|move|p1a: Dragonite|Iron Head|p2a: Alcremie
|-supereffective|p2a: Alcremie
|-damage|p2a: Alcremie|0 fnt
|faint|p2a: Alcremie
|
|upkeep
|inactive|thri-keen has 120 seconds left.
|
|t:|1769414949
|switch|p2a: Ceruledge|Ceruledge, M|100/100
|turn|15
|
|t:|1769414955
|move|p1a: Dragonite|Iron Head|p2a: Ceruledge
|-resisted|p2a: Ceruledge
|-damage|p2a: Ceruledge|54/100
|-ability|p2a: Ceruledge|Weak Armor|boost
|-unboost|p2a: Ceruledge|def|1
|-boost|p2a: Ceruledge|spe|2
|move|p2a: Ceruledge|Swords Dance|p2a: Ceruledge
|-boost|p2a: Ceruledge|atk|2
|
|upkeep
|turn|16
|inactive|thri-keen has 120 seconds left.
|
|t:|1769414979
|-terastallize|p2a: Ceruledge|Fire
|move|p2a: Ceruledge|Bitter Blade|p1a: Dragonite
|-supereffective|p1a: Dragonite
|-damage|p1a: Dragonite|17/100
|-heal|p2a: Ceruledge|100/100|[from] drain|[of] p1a: Dragonite
|-enditem|p1a: Dragonite|Sitrus Berry|[eat]
|-heal|p1a: Dragonite|42/100|[from] item: Sitrus Berry
|move|p1a: Dragonite|Iron Head|p2a: Ceruledge
|-resisted|p2a: Ceruledge
|-damage|p2a: Ceruledge|20/100
|-ability|p2a: Ceruledge|Weak Armor|boost
|-unboost|p2a: Ceruledge|def|1
|-boost|p2a: Ceruledge|spe|2
|
|upkeep
|turn|17
|inactive|thri-keen has 120 seconds left.
|
|t:|1769414998
|move|p2a: Ceruledge|Bitter Blade|p1a: Dragonite
|-supereffective|p1a: Dragonite
|-damage|p1a: Dragonite|0 fnt
|-heal|p2a: Ceruledge|48/100|[from] drain|[of] p1a: Dragonite
|faint|p1a: Dragonite
|
|upkeep
|
|t:|1769415006
|switch|p1a: Revavroom|Revavroom, F|100/100
|-activate|p1a: Revavroom|move: Sticky Web
|-unboost|p1a: Revavroom|spe|1
|turn|18
|
|t:|1769415014
|move|p2a: Ceruledge|Bitter Blade|p1a: Revavroom
|-supereffective|p1a: Revavroom
|-damage|p1a: Revavroom|0 fnt
|-heal|p2a: Ceruledge|100/100|[from] drain|[of] p1a: Revavroom
|faint|p1a: Revavroom
|
|upkeep
|
|t:|1769415019
|switch|p1a: Skeledirge|Skeledirge, M|100/100
|-activate|p1a: Skeledirge|move: Sticky Web
|-unboost|p1a: Skeledirge|spe|1
|turn|19
|
|t:|1769415027
|move|p2a: Ceruledge|Shadow Claw|p1a: Skeledirge
|-supereffective|p1a: Skeledirge
|-damage|p1a: Skeledirge|39/100
|-enditem|p1a: Skeledirge|Red Card|[of] p2a: Ceruledge
|drag|p2a: Corviknight|Corviknight, M, shiny|100/100
|move|p1a: Skeledirge|Torch Song|p2a: Corviknight
|-supereffective|p2a: Corviknight
|-damage|p2a: Corviknight|36/100
|-boost|p1a: Skeledirge|spa|1
|
|-heal|p2a: Corviknight|42/100|[from] item: Leftovers
|upkeep
|turn|20
|
|t:|1769415045
|move|p2a: Corviknight|Power Trip|p1a: Skeledirge
|-supereffective|p1a: Skeledirge
|-damage|p1a: Skeledirge|29/100
|move|p1a: Skeledirge|Slack Off|p1a: Skeledirge
|-heal|p1a: Skeledirge|79/100
|
|-heal|p2a: Corviknight|48/100|[from] item: Leftovers
|upkeep
|turn|21
|
|t:|1769415059
|move|p2a: Corviknight|Bulk Up|p2a: Corviknight
|-boost|p2a: Corviknight|atk|1
|-boost|p2a: Corviknight|def|1
|move|p1a: Skeledirge|Torch Song|p2a: Corviknight
|-supereffective|p2a: Corviknight
|-damage|p2a: Corviknight|0 fnt
|-boost|p1a: Skeledirge|spa|1
|faint|p2a: Corviknight
|
|upkeep
|
|t:|1769415068
|switch|p2a: Ceruledge|Ceruledge, M, tera:Fire|100/100
|turn|22
|
|t:|1769415078
|move|p2a: Ceruledge|Swords Dance|p2a: Ceruledge
|-boost|p2a: Ceruledge|atk|2
|move|p1a: Skeledirge|Earth Power|p2a: Ceruledge
|-supereffective|p2a: Ceruledge
|-damage|p2a: Ceruledge|2/100
|-enditem|p2a: Ceruledge|Weakness Policy
|-boost|p2a: Ceruledge|atk|2|[from] item: Weakness Policy
|-boost|p2a: Ceruledge|spa|2|[from] item: Weakness Policy
|
|upkeep
|turn|23
|
|t:|1769415093
|move|p2a: Ceruledge|Shadow Claw|p1a: Skeledirge
|-supereffective|p1a: Skeledirge
|-damage|p1a: Skeledirge|19/100
|move|p1a: Skeledirge|Torch Song|p2a: Ceruledge
|-resisted|p2a: Ceruledge
|-damage|p2a: Ceruledge|0 fnt
|-boost|p1a: Skeledirge|spa|1
|faint|p2a: Ceruledge
|
|win|rj215
|raw|rj215's rating: 1251 &rarr; <strong>1274</strong><br />(+23 for winning)
|raw|thri-keen's rating: 1226 &rarr; <strong>1203</strong><br />(-23 for losing)
|l|☆rj215
|player|p1|
|l|☆thri-keen
|player|p2|
