|j|☆PKMN SPACESHIP
|j|☆ashyman2000
|t:|1769320590
|gametype|singles
|player|p1|PKMN SPACESHIP|oak-gen1|1133
|player|p2|ashyman2000|hoopster|1176
|gen|9
|tier|[Gen 9] OU
|rated|
|rule|HP Percentage Mod: HP is shown in percentages
|rule|Endless Battle Clause: Forcing endless battles is banned
|rule|Species Clause: Limit one of each Pokémon
|rule|OHKO Clause: OHKO moves are banned
|rule|Evasion Items Clause: Evasion items are banned
|rule|Evasion Moves Clause: Evasion moves are banned
|rule|Evasion Abilities Clause: Evasion abilities are banned
|rule|Sleep Moves Clause: Sleep-inducing moves are banned
|clearpoke
|poke|p1|Tyranitar, M|
|poke|p1|Corviknight, M|
|poke|p1|Clefable, F|
|poke|p1|Tornadus-Therian, M|
|poke|p1|Excadrill, M|
|poke|p1|Iron Valiant|
|poke|p2|Braviary-Hisui, M|
|poke|p2|Mesprit|
|poke|p2|Latias, F|
|poke|p2|Iron Crown|
|poke|p2|Indeedee, M|
|poke|p2|Mew|
|teampreview
|
|t:|1769320603
|teamsize|p1|6
|teamsize|p2|6
|start
|switch|p1a: Tyranitar|Tyranitar, M|100/100
|switch|p2a: Indeedee|Indeedee, M|100/100
|-fieldstart|move: Psychic Terrain|[from] ability: Psychic Surge|[of] p2a: Indeedee
|-enditem|p2a: Indeedee|Psychic Seed
|-boost|p2a: Indeedee|spd|1|[from] item: Psychic Seed
|-weather|Sandstorm|[from] ability: Sand Stream|[of] p1a: Tyranitar
|turn|1
|
|t:|1769320615
|switch|p2a: Braviary|Braviary-Hisui, M|100/100
|move|p1a: Tyranitar|Dragon Dance|p1a: Tyranitar
|-boost|p1a: Tyranitar|atk|1
|-boost|p1a: Tyranitar|spe|1
|
|-weather|Sandstorm|[upkeep]
|-damage|p2a: Braviary|94/100|[from] Sandstorm
|upkeep
|turn|2
|
|t:|1769320626
|move|p1a: Tyranitar|Stone Edge|p2a: Braviary|[miss]
|-miss|p1a: Tyranitar|p2a: Braviary
|move|p2a: Braviary|Feather Dance|p1a: Tyranitar
|-unboost|p1a: Tyranitar|atk|2
|
|-weather|Sandstorm|[upkeep]
|-damage|p2a: Braviary|88/100|[from] Sandstorm
|upkeep
|turn|3
|
|t:|1769320636
|switch|p1a: Corviknight|Corviknight, M, shiny|100/100
|move|p2a: Braviary|Feather Dance|p1a: Corviknight
|-ability|p1a: Corviknight|Mirror Armor
|-unboost|p2a: Braviary|atk|2
|
|-weather|Sandstorm|[upkeep]
|-damage|p2a: Braviary|82/100|[from] Sandstorm
|upkeep
|turn|4
|
|t:|1769320645
|move|p1a: Corviknight|U-turn|p2a: Braviary
|-damage|p2a: Braviary|71/100
|
|t:|1769320649
|switch|p1a: Tyranitar|Tyranitar, M|100/100|[from] U-turn
|move|p2a: Braviary|Tailwind|p2a: Braviary
|-sidestart|p2: ashyman2000|move: Tailwind
|
|-weather|Sandstorm|[upkeep]
|-damage|p2a: Braviary|65/100|[from] Sandstorm
|upkeep
|turn|5
|
|t:|1769320658
|move|p2a: Braviary|Feather Dance|p1a: Tyranitar
|-unboost|p1a: Tyranitar|atk|2
|move|p1a: Tyranitar|Dragon Dance|p1a: Tyranitar
|-boost|p1a: Tyranitar|atk|1
|-boost|p1a: Tyranitar|spe|1
|
|-weather|none
|-fieldend|move: Psychic Terrain
|upkeep
|turn|6
|
|t:|1769320667
|switch|p1a: Corviknight|Corviknight, M, shiny|100/100
|move|p2a: Braviary|Feather Dance|p1a: Corviknight
|-ability|p1a: Corviknight|Mirror Armor
|-unboost|p2a: Braviary|atk|2
|
|upkeep
|turn|7
|
|t:|1769320678
|move|p2a: Braviary|Roost|p2a: Braviary
|-heal|p2a: Braviary|100/100
|-singleturn|p2a: Braviary|move: Roost
|move|p1a: Corviknight|U-turn|p2a: Braviary
|-supereffective|p2a: Braviary
|-damage|p2a: Braviary|80/100
|
|t:|1769320692
|switch|p1a: Tyranitar|Tyranitar, M|100/100|[from] U-turn
|-weather|Sandstorm|[from] ability: Sand Stream|[of] p1a: Tyranitar
|
|-weather|Sandstorm|[upkeep]
|-damage|p2a: Braviary|74/100|[from] Sandstorm
|-sideend|p2: ashyman2000|move: Tailwind
|upkeep
|turn|8
|
|t:|1769320706
|move|p1a: Tyranitar|Dragon Dance|p1a: Tyranitar
|-boost|p1a: Tyranitar|atk|1
|-boost|p1a: Tyranitar|spe|1
|move|p2a: Braviary|Feather Dance|p1a: Tyranitar
|-unboost|p1a: Tyranitar|atk|2
|
|-weather|Sandstorm|[upkeep]
|-damage|p2a: Braviary|67/100|[from] Sandstorm
|upkeep
|turn|9
|
|t:|1769320713
|move|p1a: Tyranitar|Dragon Dance|p1a: Tyranitar
|-boost|p1a: Tyranitar|atk|1
|-boost|p1a: Tyranitar|spe|1
|move|p2a: Braviary|Feather Dance|p1a: Tyranitar
|-unboost|p1a: Tyranitar|atk|2
|
|-weather|Sandstorm|[upkeep]
|-damage|p2a: Braviary|61/100|[from] Sandstorm
|upkeep
|turn|10
|
|t:|1769320721
|move|p1a: Tyranitar|Stone Edge|p2a: Braviary
|-supereffective|p2a: Braviary
|-damage|p2a: Braviary|20/100
|move|p2a: Braviary|Feather Dance|p1a: Tyranitar
|-unboost|p1a: Tyranitar|atk|2
|
|-weather|Sandstorm|[upkeep]
|-damage|p2a: Braviary|14/100|[from] Sandstorm
|upkeep
|turn|11
|
|t:|1769320729
|move|p1a: Tyranitar|Stone Edge|p2a: Braviary
|-supereffective|p2a: Braviary
|-damage|p2a: Braviary|0 fnt
|faint|p2a: Braviary
|
|-weather|none
|upkeep
|
|t:|1769320738
|switch|p2a: Mesprit|Mesprit|100/100
|turn|12
|
|t:|1769320743
|switch|p1a: Corviknight|Corviknight, M, shiny|100/100
|move|p2a: Mesprit|Trick|p1a: Corviknight
|-activate|p2a: Mesprit|move: Trick|[of] p1a: Corviknight
|-item|p1a: Corviknight|Choice Scarf|[from] move: Trick
|-item|p2a: Mesprit|Rocky Helmet|[from] move: Trick
|
|upkeep
|turn|13
|
|t:|1769320755
|move|p2a: Mesprit|Fire Punch|p1a: Corviknight
|-supereffective|p1a: Corviknight
|-damage|p1a: Corviknight|68/100
|move|p1a: Corviknight|U-turn|p2a: Mesprit
|-supereffective|p2a: Mesprit
|-damage|p2a: Mesprit|69/100
|-damage|p1a: Corviknight|52/100|[from] item: Rocky Helmet|[of] p2a: Mesprit
|inactive|Battle timer is ON: inactive players will automatically lose when time's up. (requested by ashyman2000)
|
|t:|1769320773
|switch|p1a: Tyranitar|Tyranitar, M|100/100|[from] U-turn
|-weather|Sandstorm|[from] ability: Sand Stream|[of] p1a: Tyranitar
|
|-weather|Sandstorm|[upkeep]
|-damage|p2a: Mesprit|63/100|[from] Sandstorm
|upkeep
|turn|14
|
|t:|1769320782
|-terastallize|p1a: Tyranitar|Fire
|move|p2a: Mesprit|Drain Punch|p1a: Tyranitar
|-damage|p1a: Tyranitar|78/100
|-heal|p2a: Mesprit|76/100|[from] drain|[of] p1a: Tyranitar
|move|p1a: Tyranitar|Dragon Dance|p1a: Tyranitar
|-boost|p1a: Tyranitar|atk|1
|-boost|p1a: Tyranitar|spe|1
|
|-weather|Sandstorm|[upkeep]
|-damage|p1a: Tyranitar|72/100|[from] Sandstorm
|-damage|p2a: Mesprit|70/100|[from] Sandstorm
|upkeep
|turn|15
|
|t:|1769320795
|move|p1a: Tyranitar|Fire Punch|p2a: Mesprit
|-damage|p2a: Mesprit|8/100
|-damage|p1a: Tyranitar|56/100|[from] item: Rocky Helmet|[of] p2a: Mesprit
|move|p2a: Mesprit|Psycho Cut|p1a: Tyranitar
|-damage|p1a: Tyranitar|21/100
|
|-weather|Sandstorm|[upkeep]
|-damage|p1a: Tyranitar|15/100|[from] Sandstorm
|-damage|p2a: Mesprit|2/100|[from] Sandstorm
|upkeep
|turn|16
|
|t:|1769320805
|move|p1a: Tyranitar|Fire Punch|p2a: Mesprit
|-damage|p2a: Mesprit|0 fnt
|-damage|p1a: Tyranitar|0 fnt|[from] item: Rocky Helmet|[of] p2a: Mesprit
|faint|p2a: Mesprit
|faint|p1a: Tyranitar
|
|-weather|Sandstorm|[upkeep]
|upkeep
|
|t:|1769320815
|switch|p2a: Indeedee|Indeedee, M|100/100
|switch|p1a: Corviknight|Corviknight, M, shiny|52/100
|-fieldstart|move: Psychic Terrain|[from] ability: Psychic Surge|[of] p2a: Indeedee
|turn|17
|
|t:|1769320825
|move|p2a: Indeedee|Expanding Force|p1a: Corviknight
|-resisted|p1a: Corviknight
|-damage|p1a: Corviknight|18/100
|move|p1a: Corviknight|U-turn|p2a: Indeedee
|-supereffective|p2a: Indeedee
|-damage|p2a: Indeedee|35/100
|
|t:|1769320831
|switch|p1a: Clefable|Clefable, F, shiny|100/100|[from] U-turn
|
|-weather|none
|upkeep
|turn|18
|
|t:|1769320846
|move|p2a: Indeedee|Expanding Force|p1a: Clefable
|-damage|p1a: Clefable|33/100
|move|p1a: Clefable|Stealth Rock|p2a: Indeedee
|-sidestart|p2: ashyman2000|move: Stealth Rock
|
|-heal|p1a: Clefable|40/100|[from] item: Leftovers
|upkeep
|turn|19
|
|t:|1769320856
|move|p2a: Indeedee|Expanding Force|p1a: Clefable
|-damage|p1a: Clefable|0 fnt
|faint|p1a: Clefable
|
|upkeep
|
|t:|1769320861
|switch|p1a: Corviknight|Corviknight, M, shiny|18/100
|turn|20
|
|t:|1769320872
|move|p2a: Indeedee|Expanding Force|p1a: Corviknight
|-resisted|p1a: Corviknight
|-damage|p1a: Corviknight|0 fnt
|faint|p1a: Corviknight
|
|upkeep
|
|t:|1769320881
|switch|p1a: Excadrill|Excadrill, M, shiny|100/100
|-item|p1a: Excadrill|Air Balloon
|turn|21
|
|t:|1769320890
|move|p2a: Indeedee|Expanding Force|p1a: Excadrill
|-resisted|p1a: Excadrill
|-damage|p1a: Excadrill|55/100
|-enditem|p1a: Excadrill|Air Balloon
|move|p1a: Excadrill|Iron Head|p2a: Indeedee
|-damage|p2a: Indeedee|0 fnt
|faint|p2a: Indeedee
|
|-fieldend|move: Psychic Terrain
|upkeep
|
|t:|1769320901
|switch|p2a: Latias|Latias, F|100/100
|-damage|p2a: Latias|88/100|[from] Stealth Rock
|turn|22
|
|t:|1769320917
|move|p1a: Excadrill|Rapid Spin|p2a: Latias
|-damage|p2a: Latias|68/100
|-boost|p1a: Excadrill|spe|1
|move|p2a: Latias|Reflect|p2a: Latias
|-sidestart|p2: ashyman2000|Reflect
|
|upkeep
|turn|23
|
|t:|1769320923
|move|p1a: Excadrill|Swords Dance|p1a: Excadrill
|-boost|p1a: Excadrill|atk|2
|move|p2a: Latias|Future Sight|p1a: Excadrill
|-start|p2a: Latias|move: Future Sight
|
|upkeep
|turn|24
|
|t:|1769320927
|move|p1a: Excadrill|Iron Head|p2a: Latias
|-damage|p2a: Latias|24/100
|move|p2a: Latias|Alluring Voice|p1a: Excadrill
|-resisted|p1a: Excadrill
|-damage|p1a: Excadrill|41/100
|
|upkeep
|turn|25
|
|t:|1769320934
|move|p1a: Excadrill|Iron Head|p2a: Latias
|-damage|p2a: Latias|0 fnt
|faint|p2a: Latias
|
|-end|p1a: Excadrill|move: Future Sight
|-resisted|p1a: Excadrill
|-damage|p1a: Excadrill|10/100
|upkeep
|
|t:|1769320941
|switch|p2a: Mew|Mew|100/100
|-damage|p2a: Mew|88/100|[from] Stealth Rock
|turn|26
|
|t:|1769320967
|move|p1a: Excadrill|Earthquake|p2a: Mew
|-damage|p2a: Mew|41/100
|move|p2a: Mew|Draining Kiss|p1a: Excadrill
|-resisted|p1a: Excadrill
|-damage|p1a: Excadrill|0 fnt
|-heal|p2a: Mew|48/100|[from] drain|[of] p1a: Excadrill
|faint|p1a: Excadrill
|
|-heal|p2a: Mew|54/100|[from] item: Leftovers
|-sideend|p2: ashyman2000|Reflect
|upkeep
|
|t:|1769320979
|switch|p1a: Tornadus|Tornadus-Therian, M|100/100
|turn|27
|
|t:|1769320989
|move|p1a: Tornadus|U-turn|p2a: Mew
|-supereffective|p2a: Mew
|-damage|p2a: Mew|30/100
|
|t:|1769320991
|switch|p1a: Iron Valiant|Iron Valiant|100/100|[from] U-turn
|-enditem|p1a: Iron Valiant|Booster Energy
|-activate|p1a: Iron Valiant|ability: Quark Drive|[fromitem]
|-start|p1a: Iron Valiant|quarkdrivespe
|move|p2a: Mew|Calm Mind|p2a: Mew
|-boost|p2a: Mew|spa|1
|-boost|p2a: Mew|spd|1
|
|-heal|p2a: Mew|37/100|[from] item: Leftovers
|upkeep
|turn|28
|
|t:|1769321009
|move|p1a: Iron Valiant|Moonblast|p2a: Mew
|-damage|p2a: Mew|11/100
|move|p2a: Mew|Draining Kiss|p1a: Iron Valiant
|-supereffective|p1a: Iron Valiant
|-damage|p1a: Iron Valiant|15/100
|-heal|p2a: Mew|57/100|[from] drain|[of] p1a: Iron Valiant
|
|-heal|p2a: Mew|63/100|[from] item: Leftovers
|upkeep
|turn|29
|
|t:|1769321019
|move|p1a: Iron Valiant|Moonblast|p2a: Mew
|-damage|p2a: Mew|38/100
|-unboost|p2a: Mew|spa|1
|move|p2a: Mew|Draining Kiss|p1a: Iron Valiant
|-supereffective|p1a: Iron Valiant
|-damage|p1a: Iron Valiant|0 fnt
|-heal|p2a: Mew|46/100|[from] drain|[of] p1a: Iron Valiant
|faint|p1a: Iron Valiant
|-end|p1a: Iron Valiant|Quark Drive|[silent]
|
|-heal|p2a: Mew|52/100|[from] item: Leftovers
|upkeep
|
|t:|1769321026
|switch|p1a: Tornadus|Tornadus-Therian, M|100/100
|turn|30
|
|t:|1769321032
|move|p1a: Tornadus|Heat Wave|p2a: Mew
|-damage|p2a: Mew|27/100
|move|p2a: Mew|Draining Kiss|p1a: Tornadus
|-damage|p1a: Tornadus|81/100
|-heal|p2a: Mew|38/100|[from] drain|[of] p1a: Tornadus
|
|-heal|p2a: Mew|44/100|[from] item: Leftovers
|upkeep
|turn|31
|-message|PKMN SPACESHIP forfeited.
|
|win|ashyman2000
|raw|PKMN SPACESHIP's rating: 1133 &rarr; <strong>1111</strong><br />(-22 for losing)
|raw|ashyman2000's rating: 1176 &rarr; <strong>1198</strong><br />(+22 for winning)
|l|☆PKMN SPACESHIP
|player|p1|
|l|☆ashyman2000
|player|p2|
