|inactive|Battle timer is ON: inactive players will automatically lose when time's up.
|t:|1769333244
|gametype|singles
|player|p1|Zerotwo big|266|
|player|p2|Truthankamon|alder|
|gen|9
|tier|[Gen 9] OU
|rule|HP Percentage Mod: HP is shown in percentages
|rule|Endless Battle Clause: Forcing endless battles is banned
|rule|Species Clause: Limit one of each Pokémon
|rule|OHKO Clause: OHKO moves are banned
|rule|Evasion Items Clause: Evasion items are banned
|rule|Evasion Moves Clause: Evasion moves are banned
|rule|Evasion Abilities Clause: Evasion abilities are banned
|rule|Sleep Moves Clause: Sleep-inducing moves are banned
|clearpoke
|poke|p1|Dragonite, F|
|poke|p1|Ting-Lu|
|poke|p1|Clefable, F|
|poke|p1|Pecharunt|
|poke|p1|Heatran, F|
|poke|p1|Zamazenta-*|
|poke|p2|Latias, F|
|poke|p2|Ribombee, M|
|poke|p2|Sinistcha|
|poke|p2|Kingambit, F|
|poke|p2|Iron Moth|
|poke|p2|Raging Bolt|
|teampreview
|c|☆Truthankamon|hf
|c|☆Zerotwo big|u2
|inactive|Truthankamon has 270 seconds left.
|
|t:|1769333292
|teamsize|p1|6
|teamsize|p2|6
|start
|switch|p1a: Heatran|Heatran, F|100/100
|switch|p2a: Ribombee|Ribombee, M, shiny|100/100
|turn|1
|
|t:|1769333308
|move|p2a: Ribombee|Sticky Web|p1a: Heatran
|-sidestart|p1: Zerotwo big|move: Sticky Web
|move|p1a: Heatran|Stealth Rock|p2a: Ribombee
|-sidestart|p2: Truthankamon|move: Stealth Rock
|
|upkeep
|turn|2
|
|t:|1769333319
|move|p2a: Ribombee|Stun Spore|p1a: Heatran
|-status|p1a: Heatran|par
|move|p1a: Heatran|Magma Storm|p2a: Ribombee|[miss]
|-miss|p1a: Heatran|p2a: Ribombee
|
|upkeep
|turn|3
|
|t:|1769333330
|move|p2a: Ribombee|Skill Swap|p1a: Heatran
|-activate|p2a: Ribombee|move: Skill Swap|Flash Fire|Shield Dust|[of] p1a: Heatran
|move|p1a: Heatran|Magma Storm|p2a: Ribombee
|-start|p2a: Ribombee|ability: Flash Fire
|
|upkeep
|turn|4
|
|t:|1769333336
|move|p2a: Ribombee|Moonblast|p1a: Heatran
|-resisted|p1a: Heatran
|-damage|p1a: Heatran|94/100 par
|move|p1a: Heatran|Earth Power|p2a: Ribombee
|-resisted|p2a: Ribombee
|-damage|p2a: Ribombee|80/100
|-unboost|p2a: Ribombee|spd|1
|
|-heal|p1a: Heatran|100/100 par|[from] item: Leftovers
|upkeep
|turn|5
|
|t:|1769333342
|move|p2a: Ribombee|Moonblast|p1a: Heatran
|-resisted|p1a: Heatran
|-crit|p1a: Heatran
|-damage|p1a: Heatran|90/100 par
|move|p1a: Heatran|Earth Power|p2a: Ribombee
|-resisted|p2a: Ribombee
|-damage|p2a: Ribombee|48/100
|
|-heal|p1a: Heatran|97/100 par|[from] item: Leftovers
|upkeep
|turn|6
|inactive|Truthankamon has 270 seconds left.
|
|t:|1769333393
|move|p2a: Ribombee|Moonblast|p1a: Heatran
|-resisted|p1a: Heatran
|-damage|p1a: Heatran|90/100 par
|move|p1a: Heatran|Magma Storm|p2a: Ribombee
|-immune|p2a: Ribombee|[from] ability: Flash Fire
|
|-heal|p1a: Heatran|97/100 par|[from] item: Leftovers
|upkeep
|turn|7
|
|t:|1769333398
|move|p2a: Ribombee|Moonblast|p1a: Heatran
|-resisted|p1a: Heatran
|-damage|p1a: Heatran|91/100 par
|move|p1a: Heatran|Earth Power|p2a: Ribombee
|-resisted|p2a: Ribombee
|-damage|p2a: Ribombee|17/100
|
|-heal|p1a: Heatran|97/100 par|[from] item: Leftovers
|upkeep
|turn|8
|
|t:|1769333405
|move|p2a: Ribombee|Moonblast|p1a: Heatran
|-resisted|p1a: Heatran
|-damage|p1a: Heatran|91/100 par
|cant|p1a: Heatran|par
|
|-heal|p1a: Heatran|97/100 par|[from] item: Leftovers
|upkeep
|turn|9
|
|t:|1769333410
|move|p2a: Ribombee|Moonblast|p1a: Heatran
|-resisted|p1a: Heatran
|-damage|p1a: Heatran|91/100 par
|move|p1a: Heatran|Earth Power|p2a: Ribombee
|-resisted|p2a: Ribombee
|-damage|p2a: Ribombee|0 fnt
|faint|p2a: Ribombee
|
|-heal|p1a: Heatran|97/100 par|[from] item: Leftovers
|upkeep
|inactive|Truthankamon has 270 seconds left.
|
|t:|1769333453
|switch|p2a: Sinistcha|Sinistcha|100/100
|-damage|p2a: Sinistcha|88/100|[from] Stealth Rock
|turn|10
|
|t:|1769333467
|move|p2a: Sinistcha|Nasty Plot|p2a: Sinistcha
|-boost|p2a: Sinistcha|spa|2
|move|p1a: Heatran|Magma Storm|p2a: Sinistcha
|-supereffective|p2a: Sinistcha
|-damage|p2a: Sinistcha|41/100
|-activate|p2a: Sinistcha|move: Magma Storm|[of] p1a: Heatran
|
|-heal|p2a: Sinistcha|47/100|[from] item: Leftovers
|-heal|p1a: Heatran|100/100 par|[from] item: Leftovers
|-damage|p2a: Sinistcha|34/100|[from] move: Magma Storm|[partiallytrapped]
|upkeep
|turn|11
|
|t:|1769333490
|move|p2a: Sinistcha|Strength Sap|p1a: Heatran
|-unboost|p1a: Heatran|atk|1
|-heal|p2a: Sinistcha|90/100
|cant|p1a: Heatran|par
|
|-heal|p2a: Sinistcha|96/100|[from] item: Leftovers
|-damage|p2a: Sinistcha|84/100|[from] move: Magma Storm|[partiallytrapped]
|upkeep
|turn|12
|
|t:|1769333497
|move|p2a: Sinistcha|Shadow Ball|p1a: Heatran
|-damage|p1a: Heatran|56/100 par
|cant|p1a: Heatran|par
|
|-heal|p2a: Sinistcha|90/100|[from] item: Leftovers
|-heal|p1a: Heatran|62/100 par|[from] item: Leftovers
|-damage|p2a: Sinistcha|78/100|[from] move: Magma Storm|[partiallytrapped]
|upkeep
|turn|13
|
|t:|1769333503
|move|p2a: Sinistcha|Shadow Ball|p1a: Heatran
|-damage|p1a: Heatran|17/100 par
|cant|p1a: Heatran|par
|
|-heal|p2a: Sinistcha|84/100|[from] item: Leftovers
|-heal|p1a: Heatran|23/100 par|[from] item: Leftovers
|-damage|p2a: Sinistcha|71/100|[from] move: Magma Storm|[partiallytrapped]
|upkeep
|turn|14
|c|☆Truthankamon|mb
|
|t:|1769333514
|move|p2a: Sinistcha|Shadow Ball|p1a: Heatran
|-damage|p1a: Heatran|0 fnt
|faint|p1a: Heatran
|
|-heal|p2a: Sinistcha|77/100|[from] item: Leftovers
|-end|p2a: Sinistcha|Magma Storm|[partiallytrapped]|[silent]
|upkeep
|
|t:|1769333516
|switch|p1a: Dragonite|Dragonite, F|100/100
|turn|15
|
|t:|1769333521
|move|p2a: Sinistcha|Strength Sap|p1a: Dragonite
|-unboost|p1a: Dragonite|atk|1
|-heal|p2a: Sinistcha|100/100
|move|p1a: Dragonite|Dragon Tail|p2a: Sinistcha
|-damage|p2a: Sinistcha|80/100
|drag|p2a: Latias|Latias, F|100/100
|-damage|p2a: Latias|88/100|[from] Stealth Rock
|
|upkeep
|turn|16
|
|t:|1769333537
|switch|p2a: Sinistcha|Sinistcha|80/100
|-damage|p2a: Sinistcha|67/100|[from] Stealth Rock
|move|p1a: Dragonite|Dragon Tail|p2a: Sinistcha
|-crit|p2a: Sinistcha
|-damage|p2a: Sinistcha|19/100
|drag|p2a: Latias|Latias, F|88/100
|-damage|p2a: Latias|76/100|[from] Stealth Rock
|
|upkeep
|turn|17
|inactive|Truthankamon has 270 seconds left.
|
|t:|1769333559
|switch|p2a: Sinistcha|Sinistcha|19/100
|-damage|p2a: Sinistcha|6/100|[from] Stealth Rock
|move|p1a: Dragonite|Dragon Tail|p2a: Sinistcha
|-damage|p2a: Sinistcha|0 fnt
|faint|p2a: Sinistcha
|
|upkeep
|inactive|Truthankamon has 270 seconds left.
|
|t:|1769333583
|switch|p2a: Raging Bolt|Raging Bolt|100/100
|-damage|p2a: Raging Bolt|88/100|[from] Stealth Rock
|-enditem|p2a: Raging Bolt|Booster Energy
|-activate|p2a: Raging Bolt|ability: Protosynthesis|[fromitem]
|-start|p2a: Raging Bolt|protosynthesisspa
|turn|18
|
|t:|1769333603
|switch|p1a: Ting-Lu|Ting-Lu|100/100
|-activate|p1a: Ting-Lu|move: Sticky Web
|-unboost|p1a: Ting-Lu|spe|1
|-ability|p1a: Ting-Lu|Vessel of Ruin
|-terastallize|p2a: Raging Bolt|Ice
|move|p2a: Raging Bolt|Tera Blast|p1a: Ting-Lu|[anim] Tera Blast Ice
|-supereffective|p1a: Ting-Lu
|-damage|p1a: Ting-Lu|49/100
|
|-heal|p1a: Ting-Lu|55/100|[from] item: Leftovers
|upkeep
|turn|19
|
|t:|1769333609
|move|p2a: Raging Bolt|Tera Blast|p1a: Ting-Lu|[anim] Tera Blast Ice
|-supereffective|p1a: Ting-Lu
|-damage|p1a: Ting-Lu|1/100
|move|p1a: Ting-Lu|Whirlwind|p2a: Raging Bolt
|-end|p2a: Raging Bolt|Protosynthesis|[silent]
|drag|p2a: Latias|Latias, F|76/100
|-damage|p2a: Latias|63/100|[from] Stealth Rock
|
|-heal|p1a: Ting-Lu|8/100|[from] item: Leftovers
|upkeep
|turn|20
|
|t:|1769333624
|switch|p1a: Clefable|Clefable, F|100/100
|-activate|p1a: Clefable|move: Sticky Web
|-unboost|p1a: Clefable|spe|1
|move|p2a: Latias|Recover|p2a: Latias
|-heal|p2a: Latias|100/100
|
|upkeep
|turn|21
|inactive|Truthankamon has 270 seconds left.
|
|t:|1769333640
|switch|p2a: Raging Bolt|Raging Bolt, tera:Ice|88/100
|-damage|p2a: Raging Bolt|63/100|[from] Stealth Rock
|move|p1a: Clefable|Calm Mind|p1a: Clefable
|-boost|p1a: Clefable|spa|1
|-boost|p1a: Clefable|spd|1
|
|upkeep
|turn|22
|
|t:|1769333647
|move|p2a: Raging Bolt|Calm Mind|p2a: Raging Bolt
|-boost|p2a: Raging Bolt|spa|1
|-boost|p2a: Raging Bolt|spd|1
|move|p1a: Clefable|Calm Mind|p1a: Clefable
|-boost|p1a: Clefable|spa|1
|-boost|p1a: Clefable|spd|1
|
|upkeep
|turn|23
|
|t:|1769333651
|move|p2a: Raging Bolt|Thunderbolt|p1a: Clefable
|-damage|p1a: Clefable|62/100
|move|p1a: Clefable|Moonblast|p2a: Raging Bolt
|-damage|p2a: Raging Bolt|22/100
|
|-heal|p1a: Clefable|68/100|[from] item: Leftovers
|upkeep
|turn|24
|
|t:|1769333658
|move|p2a: Raging Bolt|Thunderbolt|p1a: Clefable
|-damage|p1a: Clefable|28/100
|move|p1a: Clefable|Moonlight|p1a: Clefable
|-heal|p1a: Clefable|78/100
|
|-heal|p1a: Clefable|85/100|[from] item: Leftovers
|upkeep
|turn|25
|
|t:|1769333665
|move|p2a: Raging Bolt|Thunderbolt|p1a: Clefable
|-damage|p1a: Clefable|49/100
|move|p1a: Clefable|Moonblast|p2a: Raging Bolt
|-damage|p2a: Raging Bolt|0 fnt
|faint|p2a: Raging Bolt
|-end|p2a: Raging Bolt|Protosynthesis|[silent]
|
|-heal|p1a: Clefable|55/100|[from] item: Leftovers
|upkeep
|
|t:|1769333669
|switch|p2a: Kingambit|Kingambit, F|100/100
|-damage|p2a: Kingambit|94/100|[from] Stealth Rock
|-activate|p2a: Kingambit|ability: Supreme Overlord
|-start|p2a: Kingambit|fallen3|[silent]
|-item|p2a: Kingambit|Air Balloon
|turn|26
|
|t:|1769333681
|switch|p1a: Zamazenta|Zamazenta|100/100
|-ability|p1a: Zamazenta|Dauntless Shield|boost
|-boost|p1a: Zamazenta|def|1
|move|p2a: Kingambit|Iron Head|p1a: Zamazenta
|-damage|p1a: Zamazenta|60/100
|
|upkeep
|turn|27
|
|t:|1769333691
|-end|p2a: Kingambit|fallen3|[silent]
|switch|p2a: Latias|Latias, F|100/100
|-damage|p2a: Latias|88/100|[from] Stealth Rock
|move|p1a: Zamazenta|Close Combat|p2a: Latias
|-resisted|p2a: Latias
|-damage|p2a: Latias|60/100
|-unboost|p1a: Zamazenta|def|1
|-unboost|p1a: Zamazenta|spd|1
|-enditem|p2a: Latias|Kee Berry|[eat]
|-boost|p2a: Latias|def|1|[from] item: Kee Berry
|
|upkeep
|turn|28
|
|t:|1769333704
|switch|p1a: Dragonite|Dragonite, F|100/100
|move|p2a: Latias|Recover|p2a: Latias
|-heal|p2a: Latias|100/100
|
|upkeep
|turn|29
|
|t:|1769333709
|move|p2a: Latias|Stored Power|p1a: Dragonite
|-damage|p1a: Dragonite|94/100
|move|p1a: Dragonite|Dragon Tail|p2a: Latias
|-supereffective|p2a: Latias
|-damage|p2a: Latias|59/100
|drag|p2a: Kingambit|Kingambit, F|94/100
|-damage|p2a: Kingambit|88/100|[from] Stealth Rock
|-activate|p2a: Kingambit|ability: Supreme Overlord
|-start|p2a: Kingambit|fallen3|[silent]
|-item|p2a: Kingambit|Air Balloon
|
|upkeep
|turn|30
|
|t:|1769333717
|switch|p1a: Ting-Lu|Ting-Lu|8/100
|-activate|p1a: Ting-Lu|move: Sticky Web
|-unboost|p1a: Ting-Lu|spe|1
|-ability|p1a: Ting-Lu|Vessel of Ruin
|move|p2a: Kingambit|Kowtow Cleave|p1a: Ting-Lu
|-resisted|p1a: Ting-Lu
|-crit|p1a: Ting-Lu
|-damage|p1a: Ting-Lu|0 fnt
|faint|p1a: Ting-Lu
|
|upkeep
|
|t:|1769333725
|switch|p1a: Zamazenta|Zamazenta|60/100
|turn|31
|
|t:|1769333742
|-end|p2a: Kingambit|fallen3|[silent]
|switch|p2a: Latias|Latias, F|59/100
|-damage|p2a: Latias|46/100|[from] Stealth Rock
|move|p1a: Zamazenta|Close Combat|p2a: Latias
|-resisted|p2a: Latias
|-crit|p2a: Latias
|-damage|p2a: Latias|5/100
|-unboost|p1a: Zamazenta|def|1
|-unboost|p1a: Zamazenta|spd|1
|
|upkeep
|turn|32
|
|t:|1769333746
|move|p1a: Zamazenta|Crunch|p2a: Latias
|-supereffective|p2a: Latias
|-damage|p2a: Latias|0 fnt
|faint|p2a: Latias
|
|upkeep
|
|t:|1769333758
|switch|p2a: Iron Moth|Iron Moth|100/100
|-damage|p2a: Iron Moth|76/100|[from] Stealth Rock
|-enditem|p2a: Iron Moth|Booster Energy
|-activate|p2a: Iron Moth|ability: Quark Drive|[fromitem]
|-start|p2a: Iron Moth|quarkdrivespa
|turn|33
|
|t:|1769333766
|switch|p1a: Dragonite|Dragonite, F|94/100
|move|p2a: Iron Moth|Fiery Dance|p1a: Dragonite
|-resisted|p1a: Dragonite
|-damage|p1a: Dragonite|68/100
|
|upkeep
|turn|34
|
|t:|1769333781
|-terastallize|p1a: Dragonite|Normal
|move|p2a: Iron Moth|Sludge Wave|p1a: Dragonite
|-damage|p1a: Dragonite|6/100
|move|p1a: Dragonite|Earthquake|p2a: Iron Moth
|-supereffective|p2a: Iron Moth
|-damage|p2a: Iron Moth|0 fnt
|faint|p2a: Iron Moth
|-end|p2a: Iron Moth|Quark Drive|[silent]
|
|upkeep
|
|t:|1769333786
|switch|p2a: Kingambit|Kingambit, F|88/100
|-damage|p2a: Kingambit|82/100|[from] Stealth Rock
|-activate|p2a: Kingambit|ability: Supreme Overlord
|-start|p2a: Kingambit|fallen5|[silent]
|-item|p2a: Kingambit|Air Balloon
|turn|35
|
|t:|1769333797
|switch|p1a: Zamazenta|Zamazenta|60/100
|move|p2a: Kingambit|Swords Dance|p2a: Kingambit
|-boost|p2a: Kingambit|atk|2
|
|upkeep
|turn|36
|
|t:|1769333809
|move|p2a: Kingambit|Sucker Punch|p1a: Zamazenta
|-resisted|p1a: Zamazenta
|-damage|p1a: Zamazenta|0 fnt
|faint|p1a: Zamazenta
|
|upkeep
|c|☆Zerotwo big|Lol
|c|☆Zerotwo big|Zamazenta is trash
|c|☆Zerotwo big|roll 25%
|inactive|Zerotwo big has 270 seconds left.
|
|t:|1769333841
|switch|p1a: Clefable|Clefable, F|55/100
|-activate|p1a: Clefable|move: Sticky Web
|-unboost|p1a: Clefable|spe|1
|turn|37
|c|☆Truthankamon|always bet on kingambit
|
|t:|1769333848
|move|p2a: Kingambit|Iron Head|p1a: Clefable
|-supereffective|p1a: Clefable
|-damage|p1a: Clefable|0 fnt
|faint|p1a: Clefable
|
|upkeep
|
|t:|1769333850
|switch|p1a: Pecharunt|Pecharunt|100/100
|turn|38
|
|t:|1769333860
|move|p2a: Kingambit|Sucker Punch|p1a: Pecharunt
|-supereffective|p1a: Pecharunt
|-damage|p1a: Pecharunt|0 fnt
|faint|p1a: Pecharunt
|
|upkeep
|
|t:|1769333863
|switch|p1a: Dragonite|Dragonite, F, tera:Normal|6/100
|turn|39
|
|t:|1769333867
|move|p1a: Dragonite|Extreme Speed|p2a: Kingambit
|-resisted|p2a: Kingambit
|-damage|p2a: Kingambit|65/100
|-enditem|p2a: Kingambit|Air Balloon
|move|p2a: Kingambit|Iron Head|p1a: Dragonite
|-damage|p1a: Dragonite|0 fnt
|faint|p1a: Dragonite
|
|win|Truthankamon
|c|☆Truthankamon|gg
