|j|☆Gengarissocute
|j|☆ThatOneSoldier
|t:|1769401428
|gametype|singles
|player|p1|Gengarissocute|102|1339
|player|p2|ThatOneSoldier|miku-ghost|1355
|gen|9
|tier|[Gen 9] OU
|rated|
|rule|HP Percentage Mod: HP is shown in percentages
|rule|Endless Battle Clause: Forcing endless battles is banned
|rule|Species Clause: Limit one of each Pokémon
|rule|OHKO Clause: OHKO moves are banned
|rule|Evasion Items Clause: Evasion items are banned
|rule|Evasion Moves Clause: Evasion moves are banned
|rule|Evasion Abilities Clause: Evasion abilities are banned
|rule|Sleep Moves Clause: Sleep-inducing moves are banned
|clearpoke
|poke|p1|Maushold|
|poke|p1|Kingambit, M|
|poke|p1|Ogerpon-Wellspring, F|
|poke|p1|Regidrago|
|poke|p1|Iron Valiant|
|poke|p1|Gliscor, M|
|poke|p2|Shiftry, M|
|poke|p2|Corviknight, F|
|poke|p2|Tyranitar, M|
|poke|p2|Dragapult, M|
|poke|p2|Iron Crown|
|poke|p2|Samurott-Hisui, F|
|teampreview
|inactive|Battle timer is ON: inactive players will automatically lose when time's up. (requested by Gengarissocute)
|
|t:|1769401446
|teamsize|p1|6
|teamsize|p2|6
|start
|switch|p1a: Weird dragon|Regidrago, shiny|100/100
|switch|p2a: Critter|Shiftry, M|100/100
|turn|1
|
|t:|1769401451
|move|p1a: Weird dragon|Dragon Energy|p2a: Critter
|-enditem|p2a: Critter|Focus Sash
|-damage|p2a: Critter|1/100
|move|p2a: Critter|Tailwind|p2a: Critter
|-sidestart|p2: ThatOneSoldier|move: Tailwind
|-ability|p2a: Critter|Wind Rider|boost
|-boost|p2a: Critter|atk|1
|
|upkeep
|turn|2
|
|t:|1769401459
|move|p2a: Critter|Explosion|p1a: Weird dragon
|-damage|p1a: Weird dragon|0 fnt
|faint|p2a: Critter
|faint|p1a: Weird dragon
|
|upkeep
|
|t:|1769401468
|switch|p1a: Fake Gallade|Iron Valiant, shiny|100/100
|switch|p2a: Gojira|Tyranitar, M|100/100
|-weather|Sandstorm|[from] ability: Sand Stream|[of] p2a: Gojira
|-enditem|p1a: Fake Gallade|Booster Energy
|-activate|p1a: Fake Gallade|ability: Quark Drive|[fromitem]
|-start|p1a: Fake Gallade|quarkdrivespe
|turn|3
|
|t:|1769401486
|switch|p2a: My Life Partner|Iron Crown|100/100
|move|p1a: Fake Gallade|Focus Blast|p2a: My Life Partner
|-damage|p2a: My Life Partner|61/100
|
|-weather|Sandstorm|[upkeep]
|-damage|p1a: Fake Gallade|94/100|[from] Sandstorm
|upkeep
|turn|4
|
|t:|1769401496
|move|p2a: My Life Partner|Future Sight|p1a: Fake Gallade
|-start|p2a: My Life Partner|move: Future Sight
|move|p1a: Fake Gallade|Focus Blast|p2a: My Life Partner
|-damage|p2a: My Life Partner|18/100
|
|-weather|Sandstorm|[upkeep]
|-damage|p1a: Fake Gallade|88/100|[from] Sandstorm
|-sideend|p2: ThatOneSoldier|move: Tailwind
|upkeep
|turn|5
|
|t:|1769401503
|move|p1a: Fake Gallade|Moonblast|p2a: My Life Partner
|-resisted|p2a: My Life Partner
|-damage|p2a: My Life Partner|2/100
|move|p2a: My Life Partner|Tachyon Cutter|p1a: Fake Gallade
|-supereffective|p1a: Fake Gallade
|-damage|p1a: Fake Gallade|0 fnt
|faint|p1a: Fake Gallade
|-end|p1a: Fake Gallade|Quark Drive|[silent]
|-hitcount|p1: Fake Gallade|1
|
|-weather|Sandstorm|[upkeep]
|upkeep
|
|t:|1769401513
|switch|p1a: Little guys|Maushold, shiny|100/100
|turn|6
|
|t:|1769401519
|move|p1a: Little guys|Bite|p2a: My Life Partner
|-supereffective|p2a: My Life Partner
|-damage|p2a: My Life Partner|0 fnt
|faint|p2a: My Life Partner
|-end|p2a: My Life Partner|Quark Drive|[silent]
|
|-weather|Sandstorm|[upkeep]
|-damage|p1a: Little guys|94/100|[from] Sandstorm
|-end|p1a: Little guys|move: Future Sight
|-damage|p1a: Little guys|1/100
|upkeep
|
|t:|1769401530
|switch|p2a: A Tall Drink|Dragapult, M|100/100
|turn|7
|
|t:|1769401533
|move|p2a: A Tall Drink|U-turn|p1a: Little guys
|-damage|p1a: Little guys|0 fnt
|faint|p1a: Little guys
|
|t:|1769401543
|switch|p2a: Fuckass Bird|Corviknight, F|100/100|[from] U-turn
|-ability|p2a: Fuckass Bird|Pressure
|
|-weather|none
|upkeep
|
|t:|1769401549
|switch|p1a: Masky girl|Ogerpon-Wellspring, F|100/100
|turn|8
|
|t:|1769401553
|-terastallize|p1a: Masky girl|Water
|detailschange|p1a: Masky girl|Ogerpon-Wellspring-Tera, F, tera:Water
|-ability|p1a: Masky girl|Embody Aspect (Wellspring)|boost
|-boost|p1a: Masky girl|spd|1
|move|p1a: Masky girl|Swords Dance|p1a: Masky girl
|-boost|p1a: Masky girl|atk|2
|move|p2a: Fuckass Bird|Brave Bird|p1a: Masky girl
|-crit|p1a: Masky girl
|-damage|p1a: Masky girl|26/100
|-damage|p2a: Fuckass Bird|82/100|[from] Recoil
|
|upkeep
|turn|9
|
|t:|1769401569
|-terastallize|p2a: Fuckass Bird|Dragon
|move|p1a: Masky girl|Ivy Cudgel|p2a: Fuckass Bird|[anim] Ivy Cudgel Water
|-resisted|p2a: Fuckass Bird
|-damage|p2a: Fuckass Bird|32/100
|move|p2a: Fuckass Bird|Brave Bird|p1a: Masky girl
|-damage|p1a: Masky girl|0 fnt
|faint|p1a: Masky girl
|detailschange|p1: Masky girl|Ogerpon-Wellspring, F|[silent]
|-damage|p2a: Fuckass Bird|25/100|[from] Recoil
|
|upkeep
|l|☆Gengarissocute
|inactive|Gengarissocute disconnected and has a minute to reconnect!
|player|p1|
|inactive|Gengarissocute has 30 seconds to reconnect!
|inactive|Gengarissocute has 20 seconds to reconnect!
|inactive|Gengarissocute has 15 seconds to reconnect!
|inactive|Gengarissocute has 10 seconds to reconnect!
|inactive|Gengarissocute has 5 seconds to reconnect!
|-message|Gengarissocute lost due to inactivity.
|
|win|ThatOneSoldier
|raw|Gengarissocute's rating: 1339 &rarr; <strong>1320</strong><br />(-19 for losing)
|raw|ThatOneSoldier's rating: 1355 &rarr; <strong>1374</strong><br />(+19 for winning)
|l|☆ThatOneSoldier
|player|p2|
