|j|☆SwiftSwine
|j|☆TacoDile 3 Returns
|t:|1769394605
|gametype|singles
|player|p1|SwiftSwine|dawn|
|player|p2|TacoDile 3 Returns|rood|
|gen|9
|tier|[Gen 9] OU
|rule|HP Percentage Mod: HP is shown in percentages
|rule|Endless Battle Clause: Forcing endless battles is banned
|rule|Species Clause: Limit one of each Pokémon
|rule|OHKO Clause: OHKO moves are banned
|rule|Evasion Items Clause: Evasion items are banned
|rule|Evasion Moves Clause: Evasion moves are banned
|rule|Evasion Abilities Clause: Evasion abilities are banned
|rule|Sleep Moves Clause: Sleep-inducing moves are banned
|clearpoke
|poke|p1|Zamazenta-*|
|poke|p1|Hatterene, F|
|poke|p1|Gholdengo|
|poke|p1|Dragonite, F|
|poke|p1|Raging Bolt|
|poke|p1|Ting-Lu|
|poke|p2|Ursaluna, M|
|poke|p2|Ogerpon-Wellspring, F|
|poke|p2|Zoroark-Hisui, M|
|poke|p2|Maushold|
|poke|p2|Sinistcha|
|poke|p2|Iron Hands|
|teampreview
|j| Raichudvd13
|
|t:|1769394641
|teamsize|p1|6
|teamsize|p2|6
|start
|switch|p1a: Cheese Stick|Gholdengo|100/100
|switch|p2a: Mr. Sans|Iron Hands, shiny|100/100
|-enditem|p2a: Mr. Sans|Booster Energy
|-activate|p2a: Mr. Sans|ability: Quark Drive|[fromitem]
|-start|p2a: Mr. Sans|quarkdriveatk
|turn|1
|
|t:|1769394682
|switch|p1a: She/Her|Hatterene, F|100/100
|-end|p2a: Mr. Sans|Quark Drive|[silent]
|switch|p2a: Bursa|Ursaluna, M, shiny|100/100
|
|-status|p2a: Bursa|brn|[from] item: Flame Orb
|upkeep
|turn|2
|
|t:|1769394696
|switch|p1a: Big Dog|Zamazenta, shiny|100/100
|-ability|p1a: Big Dog|Dauntless Shield|boost
|-boost|p1a: Big Dog|def|1
|move|p2a: Bursa|Facade|p1a: Big Dog
|-crit|p1a: Big Dog
|-damage|p1a: Big Dog|0 fnt
|faint|p1a: Big Dog
|
|-damage|p2a: Bursa|94/100 brn|[from] brn
|upkeep
|
|t:|1769394730
|switch|p1a: Dragoon|Dragonite, F|100/100
|turn|3
|
|t:|1769394739
|move|p1a: Dragoon|Dragon Dance|p1a: Dragoon
|-boost|p1a: Dragoon|atk|1
|-boost|p1a: Dragoon|spe|1
|move|p2a: Bursa|Ice Punch|p1a: Dragoon
|-supereffective|p1a: Dragoon
|-damage|p1a: Dragoon|1/100
|
|-damage|p2a: Bursa|88/100 brn|[from] brn
|upkeep
|turn|4
|
|t:|1769394767
|move|p1a: Dragoon|Scale Shot|p2a: Bursa
|-damage|p2a: Bursa|73/100 brn
|-damage|p2a: Bursa|57/100 brn
|-damage|p2a: Bursa|42/100 brn
|-damage|p2a: Bursa|27/100 brn
|-hitcount|p2a: Bursa|4
|-unboost|p1a: Dragoon|def|1
|-boost|p1a: Dragoon|spe|1
|move|p2a: Bursa|Ice Punch|p1a: Dragoon
|-supereffective|p1a: Dragoon
|-damage|p1a: Dragoon|0 fnt
|faint|p1a: Dragoon
|
|-damage|p2a: Bursa|21/100 brn|[from] brn
|upkeep
|
|t:|1769394786
|switch|p1a: Cheese Stick|Gholdengo|100/100
|turn|5
|
|t:|1769394825
|move|p1a: Cheese Stick|Make It Rain|p2a: Bursa
|-damage|p2a: Bursa|0 fnt
|-unboost|p1a: Cheese Stick|spa|1
|faint|p2a: Bursa
|
|upkeep
|
|t:|1769394837
|switch|p2a: Is this an evo?|Sinistcha, shiny|100/100
|turn|6
|
|t:|1769394851
|move|p2a: Is this an evo?|Shadow Ball|p1a: Cheese Stick
|-supereffective|p1a: Cheese Stick
|-damage|p1a: Cheese Stick|8/100
|move|p1a: Cheese Stick|Shadow Ball|p2a: Is this an evo?
|-immune|p2a: Is this an evo?
|
|upkeep
|turn|7
|
|t:|1769394876
|switch|p1a: Smoking Mad Clouds|Raging Bolt|100/100
|move|p2a: Is this an evo?|Shadow Ball|p1a: Smoking Mad Clouds
|-damage|p1a: Smoking Mad Clouds|55/100
|
|upkeep
|turn|8
|
|t:|1769394900
|switch|p2a: Mr. Sans|Iron Hands, shiny|100/100
|move|p1a: Smoking Mad Clouds|Thunderbolt|p2a: Mr. Sans
|-resisted|p2a: Mr. Sans
|-damage|p2a: Mr. Sans|77/100
|
|upkeep
|turn|9
|
|t:|1769394909
|move|p1a: Smoking Mad Clouds|Dragon Pulse|p2a: Mr. Sans
|-damage|p2a: Mr. Sans|34/100
|move|p2a: Mr. Sans|Ice Punch|p1a: Smoking Mad Clouds
|-supereffective|p1a: Smoking Mad Clouds
|-damage|p1a: Smoking Mad Clouds|0 fnt
|faint|p1a: Smoking Mad Clouds
|-end|p1a: Smoking Mad Clouds|Protosynthesis|[silent]
|
|upkeep
|
|t:|1769394918
|switch|p1a: She/Her|Hatterene, F|100/100
|turn|10
|
|t:|1769394923
|move|p2a: Mr. Sans|Supercell Slam|p1a: She/Her
|-damage|p1a: She/Her|30/100
|move|p1a: She/Her|Psychic|p2a: Mr. Sans
|-supereffective|p2a: Mr. Sans
|-damage|p2a: Mr. Sans|0 fnt
|faint|p2a: Mr. Sans
|-end|p2a: Mr. Sans|Quark Drive|[silent]
|
|upkeep
|
|t:|1769394938
|switch|p2a: Is this an evo?|Sinistcha, shiny|100/100
|turn|11
|
|t:|1769394988
|move|p2a: Is this an evo?|Shadow Ball|p1a: She/Her
|-supereffective|p1a: She/Her
|-damage|p1a: She/Her|0 fnt
|faint|p1a: She/Her
|
|upkeep
|
|t:|1769394993
|switch|p1a: Not Darkrai|Ting-Lu|100/100
|-ability|p1a: Not Darkrai|Vessel of Ruin
|turn|12
|
|t:|1769395009
|switch|p2a: Is this an evo?|Sinistcha, shiny|100/100
|move|p1a: Not Darkrai|Ruination|p2a: Is this an evo?
|-damage|p2a: Is this an evo?|50/100
|
|-heal|p2a: Is this an evo?|57/100|[from] item: Leftovers
|upkeep
|turn|13
|
|t:|1769395019
|move|p2a: Is this an evo?|Strength Sap|p1a: Not Darkrai
|-unboost|p1a: Not Darkrai|atk|1
|-heal|p2a: Is this an evo?|100/100
|move|p1a: Not Darkrai|Throat Chop|p2a: Is this an evo?
|-supereffective|p2a: Is this an evo?
|-damage|p2a: Is this an evo?|71/100
|-start|p2a: Is this an evo?|Throat Chop|[silent]
|
|-heal|p2a: Is this an evo?|77/100|[from] item: Leftovers
|upkeep
|turn|14
|
|t:|1769395033
|move|p2a: Is this an evo?|Calm Mind|p2a: Is this an evo?
|-boost|p2a: Is this an evo?|spa|1
|-boost|p2a: Is this an evo?|spd|1
|move|p1a: Not Darkrai|Whirlwind|p2a: Is this an evo?
|drag|p2a: Kimchi|Ogerpon-Wellspring, F|100/100
|
|upkeep
|turn|15
|
|t:|1769395073
|move|p2a: Kimchi|Ivy Cudgel|p1a: Not Darkrai|[anim] Ivy Cudgel Water
|-supereffective|p1a: Not Darkrai
|-damage|p1a: Not Darkrai|36/100
|move|p1a: Not Darkrai|Ruination|p2a: Kimchi
|-damage|p2a: Kimchi|51/100
|
|-heal|p1a: Not Darkrai|43/100|[from] item: Leftovers
|upkeep
|turn|16
|
|t:|1769395083
|move|p2a: Kimchi|Ivy Cudgel|p1a: Not Darkrai|[anim] Ivy Cudgel Water
|-supereffective|p1a: Not Darkrai
|-damage|p1a: Not Darkrai|0 fnt
|faint|p1a: Not Darkrai
|
|upkeep
|
|t:|1769395089
|switch|p1a: Cheese Stick|Gholdengo|8/100
|turn|17
|
|t:|1769395092
|move|p2a: Kimchi|Knock Off|p1a: Cheese Stick
|-supereffective|p1a: Cheese Stick
|-damage|p1a: Cheese Stick|0 fnt
|-enditem|p1a: Cheese Stick|Metal Coat|[from] move: Knock Off|[of] p2a: Kimchi
|faint|p1a: Cheese Stick
|
|win|TacoDile 3 Returns
