|j|☆Incognito260
|j|☆msksherlock
|t:|1769342537
|gametype|singles
|player|p1|Incognito260|hilbert|1510
|player|p2|msksherlock|169|1452
|gen|9
|tier|[Gen 9] OU
|rated|
|rule|HP Percentage Mod: HP is shown in percentages
|rule|Endless Battle Clause: Forcing endless battles is banned
|rule|Species Clause: Limit one of each Pokémon
|rule|OHKO Clause: OHKO moves are banned
|rule|Evasion Items Clause: Evasion items are banned
|rule|Evasion Moves Clause: Evasion moves are banned
|rule|Evasion Abilities Clause: Evasion abilities are banned
|rule|Sleep Moves Clause: Sleep-inducing moves are banned
|clearpoke
|poke|p1|Iron Hands|
|poke|p1|Kingambit, F|
|poke|p1|Primarina, F|
|poke|p1|Enamorus-Therian, F|
|poke|p1|Zamazenta-*|
|poke|p1|Rillaboom, M|
|poke|p2|Kingambit, M|
|poke|p2|Raging Bolt|
|poke|p2|Great Tusk|
|poke|p2|Dragonite, M|
|poke|p2|Reuniclus, M|
|poke|p2|Manaphy|
|teampreview
|inactive|Battle timer is ON: inactive players will automatically lose when time's up. (requested by Incognito260)
|
|t:|1769342541
|teamsize|p1|6
|teamsize|p2|6
|start
|switch|p1a: Rillaboom|Rillaboom, M|100/100
|switch|p2a: Reuniclus|Reuniclus, M, shiny|100/100
|-fieldstart|move: Grassy Terrain|[from] ability: Grassy Surge|[of] p1a: Rillaboom
|turn|1
|
|t:|1769342544
|move|p1a: Rillaboom|Swords Dance|p1a: Rillaboom
|-boost|p1a: Rillaboom|atk|2
|move|p2a: Reuniclus|Acid Armor|p2a: Reuniclus
|-boost|p2a: Reuniclus|def|2
|
|upkeep
|turn|2
|
|t:|1769342548
|move|p1a: Rillaboom|Grassy Glide|p2a: Reuniclus
|-damage|p2a: Reuniclus|61/100
|-damage|p1a: Rillaboom|91/100|[from] item: Life Orb
|move|p2a: Reuniclus|Acid Armor|p2a: Reuniclus
|-boost|p2a: Reuniclus|def|2
|
|-heal|p1a: Rillaboom|97/100|[from] Grassy Terrain
|-heal|p2a: Reuniclus|67/100|[from] Grassy Terrain
|-heal|p2a: Reuniclus|73/100|[from] item: Leftovers
|upkeep
|turn|3
|
|t:|1769342556
|move|p1a: Rillaboom|Swords Dance|p1a: Rillaboom
|-boost|p1a: Rillaboom|atk|2
|move|p2a: Reuniclus|Calm Mind|p2a: Reuniclus
|-boost|p2a: Reuniclus|spa|1
|-boost|p2a: Reuniclus|spd|1
|
|-heal|p1a: Rillaboom|100/100|[from] Grassy Terrain
|-heal|p2a: Reuniclus|79/100|[from] Grassy Terrain
|-heal|p2a: Reuniclus|85/100|[from] item: Leftovers
|upkeep
|turn|4
|
|t:|1769342559
|move|p1a: Rillaboom|Grassy Glide|p2a: Reuniclus
|-damage|p2a: Reuniclus|50/100
|-damage|p1a: Rillaboom|91/100|[from] item: Life Orb
|move|p2a: Reuniclus|Acid Armor|p2a: Reuniclus
|-boost|p2a: Reuniclus|def|2
|
|-heal|p1a: Rillaboom|97/100|[from] Grassy Terrain
|-heal|p2a: Reuniclus|57/100|[from] Grassy Terrain
|-heal|p2a: Reuniclus|63/100|[from] item: Leftovers
|upkeep
|turn|5
|
|t:|1769342568
|switch|p1a: Kingambit|Kingambit, F, shiny|100/100
|-item|p1a: Kingambit|Air Balloon
|move|p2a: Reuniclus|Stored Power|p1a: Kingambit
|-immune|p1a: Kingambit
|
|-heal|p2a: Reuniclus|69/100|[from] Grassy Terrain
|-heal|p2a: Reuniclus|75/100|[from] item: Leftovers
|-fieldend|move: Grassy Terrain
|upkeep
|turn|6
|
|t:|1769342578
|switch|p1a: Enamorus|Enamorus-Therian, F|100/100
|switch|p2a: Great Tusk|Great Tusk|100/100
|
|upkeep
|turn|7
|
|t:|1769342584
|move|p2a: Great Tusk|Ice Spinner|p1a: Enamorus
|-supereffective|p1a: Enamorus
|-damage|p1a: Enamorus|35/100
|-enditem|p1a: Enamorus|Weakness Policy
|-boost|p1a: Enamorus|atk|2|[from] item: Weakness Policy
|-boost|p1a: Enamorus|spa|2|[from] item: Weakness Policy
|move|p1a: Enamorus|Agility|p1a: Enamorus
|-boost|p1a: Enamorus|spe|2
|
|upkeep
|turn|8
|
|t:|1769342587
|move|p1a: Enamorus|Draining Kiss|p2a: Great Tusk
|-supereffective|p2a: Great Tusk
|-damage|p2a: Great Tusk|0 fnt
|-heal|p1a: Enamorus|100/100|[from] drain|[of] p2a: Great Tusk
|faint|p2a: Great Tusk
|-end|p2a: Great Tusk|Protosynthesis|[silent]
|
|upkeep
|
|t:|1769342592
|switch|p2a: Raging Bolt|Raging Bolt|100/100
|turn|9
|
|t:|1769342596
|-terastallize|p1a: Enamorus|Ground
|move|p2a: Raging Bolt|Thunderclap|p1a: Enamorus
|-immune|p1a: Enamorus
|move|p1a: Enamorus|Earth Power|p2a: Raging Bolt
|-supereffective|p2a: Raging Bolt
|-damage|p2a: Raging Bolt|0 fnt
|faint|p2a: Raging Bolt
|-end|p2a: Raging Bolt|Protosynthesis|[silent]
|
|upkeep
|
|t:|1769342604
|switch|p2a: Dragonite|Dragonite, M|100/100
|turn|10
|
|t:|1769342609
|move|p1a: Enamorus|Draining Kiss|p2a: Dragonite
|-supereffective|p2a: Dragonite
|-damage|p2a: Dragonite|49/100
|move|p2a: Dragonite|Dragon Claw|p1a: Enamorus
|-damage|p1a: Enamorus|51/100
|
|-heal|p2a: Dragonite|56/100|[from] item: Leftovers
|upkeep
|turn|11
|
|t:|1769342612
|move|p2a: Dragonite|Extreme Speed|p1a: Enamorus
|-damage|p1a: Enamorus|21/100
|move|p1a: Enamorus|Draining Kiss|p2a: Dragonite
|-supereffective|p2a: Dragonite
|-damage|p2a: Dragonite|0 fnt
|-heal|p1a: Enamorus|66/100|[from] drain|[of] p2a: Dragonite
|faint|p2a: Dragonite
|
|upkeep
|
|t:|1769342617
|switch|p2a: Reuniclus|Reuniclus, M, shiny|75/100
|turn|12
|
|t:|1769342622
|move|p1a: Enamorus|Draining Kiss|p2a: Reuniclus
|-damage|p2a: Reuniclus|25/100
|-heal|p1a: Enamorus|100/100|[from] drain|[of] p2a: Reuniclus
|move|p2a: Reuniclus|Calm Mind|p2a: Reuniclus
|-boost|p2a: Reuniclus|spa|1
|-boost|p2a: Reuniclus|spd|1
|
|-heal|p2a: Reuniclus|31/100|[from] item: Leftovers
|upkeep
|turn|13
|
|t:|1769342626
|move|p1a: Enamorus|Earth Power|p2a: Reuniclus
|-damage|p2a: Reuniclus|0 fnt
|faint|p2a: Reuniclus
|
|upkeep
|
|t:|1769342629
|switch|p2a: Manaphy|Manaphy|100/100
|turn|14
|
|t:|1769342631
|move|p1a: Enamorus|Earth Power|p2a: Manaphy
|-crit|p2a: Manaphy
|-damage|p2a: Manaphy|0 fnt
|faint|p2a: Manaphy
|
|upkeep
|
|t:|1769342634
|switch|p2a: Kingambit|Kingambit, M|100/100
|-activate|p2a: Kingambit|ability: Supreme Overlord
|-start|p2a: Kingambit|fallen5|[silent]
|turn|15
|
|t:|1769342638
|move|p2a: Kingambit|Sucker Punch|p1a: Enamorus
|-damage|p1a: Enamorus|26/100
|move|p1a: Enamorus|Mystical Fire|p2a: Kingambit
|-supereffective|p2a: Kingambit
|-damage|p2a: Kingambit|6/100
|-unboost|p2a: Kingambit|spa|1
|
|upkeep
|turn|16
|
|t:|1769342642
|switch|p1a: Zamazenta|Zamazenta|100/100
|-ability|p1a: Zamazenta|Dauntless Shield|boost
|-boost|p1a: Zamazenta|def|1
|move|p2a: Kingambit|Sucker Punch||[still]
|-fail|p2a: Kingambit
|
|upkeep
|turn|17
|-message|msksherlock forfeited.
|
|win|Incognito260
|raw|Incognito260's rating: 1510 &rarr; <strong>1527</strong><br />(+17 for winning)
|raw|msksherlock's rating: 1452 &rarr; <strong>1435</strong><br />(-17 for losing)
|l|☆msksherlock
|player|p2|
|l|☆Incognito260
|player|p1|
