|j|☆SlimyTime
|j|☆auefw823
|t:|1769382060
|gametype|singles
|player|p1|SlimyTime|ltsurge|1606
|player|p2|auefw823|ghetsis|1620
|gen|9
|tier|[Gen 9] OU
|rated|
|rule|HP Percentage Mod: HP is shown in percentages
|rule|Endless Battle Clause: Forcing endless battles is banned
|rule|Species Clause: Limit one of each Pokémon
|rule|OHKO Clause: OHKO moves are banned
|rule|Evasion Items Clause: Evasion items are banned
|rule|Evasion Moves Clause: Evasion moves are banned
|rule|Evasion Abilities Clause: Evasion abilities are banned
|rule|Sleep Moves Clause: Sleep-inducing moves are banned
|clearpoke
|poke|p1|Rillaboom, M|
|poke|p1|Slowking, M|
|poke|p1|Kyurem|
|poke|p1|Corviknight, F|
|poke|p1|Ting-Lu|
|poke|p1|Cinderace, M|
|poke|p2|Gholdengo|
|poke|p2|Pecharunt|
|poke|p2|Zamazenta-*|
|poke|p2|Iron Treads|
|poke|p2|Dragonite, M|
|poke|p2|Samurott-Hisui, M|
|teampreview
|
|t:|1769382092
|teamsize|p1|6
|teamsize|p2|6
|start
|switch|p1a: Kyurem|Kyurem|100/100
|switch|p2a: Ty Cobb|Samurott-Hisui, M|100/100
|-ability|p1a: Kyurem|Pressure
|turn|1
|
|t:|1769382097
|switch|p2a: Paul Goldschmidt|Gholdengo|100/100
|move|p1a: Kyurem|Freeze-Dry|p2a: Paul Goldschmidt
|-resisted|p2a: Paul Goldschmidt
|-damage|p2a: Paul Goldschmidt|80/100
|
|upkeep
|turn|2
|
|t:|1769382102
|move|p1a: Kyurem|Protect|p1a: Kyurem
|-singleturn|p1a: Kyurem|Protect
|move|p2a: Paul Goldschmidt|Make It Rain|p1a: Kyurem
|-activate|p1a: Kyurem|move: Protect
|
|upkeep
|turn|3
|
|t:|1769382107
|switch|p1a: Slowking|Slowking, M|100/100
|move|p2a: Paul Goldschmidt|Nasty Plot|p2a: Paul Goldschmidt
|-boost|p2a: Paul Goldschmidt|spa|2
|
|upkeep
|turn|4
|
|t:|1769382113
|move|p2a: Paul Goldschmidt|Shadow Ball|p1a: Slowking
|-supereffective|p1a: Slowking
|-damage|p1a: Slowking|0 fnt
|faint|p1a: Slowking
|
|upkeep
|
|t:|1769382116
|switch|p1a: Cinderace|Cinderace, M|100/100
|turn|5
|
|t:|1769382124
|move|p1a: Cinderace|Will-O-Wisp|p2a: Paul Goldschmidt
|-immune|p2a: Paul Goldschmidt|[from] ability: Good as Gold
|move|p2a: Paul Goldschmidt|Make It Rain|p1a: Cinderace
|-resisted|p1a: Cinderace
|-damage|p1a: Cinderace|3/100
|-unboost|p2a: Paul Goldschmidt|spa|1
|
|upkeep
|turn|6
|
|t:|1769382131
|switch|p2a: Ty Cobb|Samurott-Hisui, M|100/100
|move|p1a: Cinderace|Pyro Ball|p2a: Ty Cobb
|-resisted|p2a: Ty Cobb
|-damage|p2a: Ty Cobb|61/100
|
|upkeep
|turn|7
|
|t:|1769382135
|switch|p1a: Corviknight|Corviknight, F|100/100
|-ability|p1a: Corviknight|Pressure
|move|p2a: Ty Cobb|Ceaseless Edge|p1a: Corviknight|[miss]
|-miss|p2a: Ty Cobb|p1a: Corviknight
|
|upkeep
|turn|8
|
|t:|1769382140
|move|p2a: Ty Cobb|Knock Off|p1a: Corviknight
|-damage|p1a: Corviknight|75/100
|-damage|p2a: Ty Cobb|44/100|[from] item: Rocky Helmet|[of] p1a: Corviknight
|-enditem|p1a: Corviknight|Rocky Helmet|[from] move: Knock Off|[of] p2a: Ty Cobb
|move|p1a: Corviknight|Body Press|p2a: Ty Cobb
|-supereffective|p2a: Ty Cobb
|-damage|p2a: Ty Cobb|0 fnt
|faint|p2a: Ty Cobb
|
|upkeep
|
|t:|1769382144
|switch|p2a: Barry Bonds|Zamazenta|100/100
|-ability|p2a: Barry Bonds|Dauntless Shield|boost
|-boost|p2a: Barry Bonds|def|1
|turn|9
|
|t:|1769382147
|move|p2a: Barry Bonds|Iron Defense|p2a: Barry Bonds
|-boost|p2a: Barry Bonds|def|2
|move|p1a: Corviknight|Brave Bird|p2a: Barry Bonds
|-supereffective|p2a: Barry Bonds
|-damage|p2a: Barry Bonds|79/100
|-damage|p1a: Corviknight|68/100|[from] Recoil
|
|-heal|p2a: Barry Bonds|85/100|[from] item: Leftovers
|upkeep
|turn|10
|
|t:|1769382150
|switch|p1a: Ting-Lu|Ting-Lu|100/100
|-ability|p1a: Ting-Lu|Vessel of Ruin
|move|p2a: Barry Bonds|Iron Defense|p2a: Barry Bonds
|-boost|p2a: Barry Bonds|def|2
|
|-heal|p2a: Barry Bonds|91/100|[from] item: Leftovers
|upkeep
|turn|11
|
|t:|1769382154
|-terastallize|p1a: Ting-Lu|Ghost
|move|p2a: Barry Bonds|Body Press|p1a: Ting-Lu
|-immune|p1a: Ting-Lu
|move|p1a: Ting-Lu|Stealth Rock|p2a: Barry Bonds
|-sidestart|p2: auefw823|move: Stealth Rock
|
|-heal|p2a: Barry Bonds|97/100|[from] item: Leftovers
|upkeep
|turn|12
|
|t:|1769382157
|move|p2a: Barry Bonds|Crunch|p1a: Ting-Lu
|-supereffective|p1a: Ting-Lu
|-damage|p1a: Ting-Lu|77/100
|move|p1a: Ting-Lu|Whirlwind|p2a: Barry Bonds
|drag|p2a: Pitching Coach|Dragonite, M|100/100
|
|-heal|p1a: Ting-Lu|83/100|[from] item: Leftovers
|upkeep
|turn|13
|
|t:|1769382163
|move|p1a: Ting-Lu|Ruination|p2a: Pitching Coach
|-damage|p2a: Pitching Coach|50/100
|move|p2a: Pitching Coach|Dragon Tail|p1a: Ting-Lu
|-damage|p1a: Ting-Lu|64/100
|drag|p1a: Rillaboom|Rillaboom, M|100/100
|-fieldstart|move: Grassy Terrain|[from] ability: Grassy Surge|[of] p1a: Rillaboom
|
|upkeep
|turn|14
|
|t:|1769382168
|move|p1a: Rillaboom|Knock Off|p2a: Pitching Coach
|-damage|p2a: Pitching Coach|0 fnt
|-enditem|p2a: Pitching Coach|Heavy-Duty Boots|[from] move: Knock Off|[of] p1a: Rillaboom
|faint|p2a: Pitching Coach
|
|upkeep
|
|t:|1769382178
|switch|p2a: Doc Ellis|Pecharunt|100/100
|-damage|p2a: Doc Ellis|88/100|[from] Stealth Rock
|-item|p2a: Doc Ellis|Air Balloon
|turn|15
|
|t:|1769382186
|switch|p1a: Corviknight|Corviknight, F|68/100
|-ability|p1a: Corviknight|Pressure
|move|p2a: Doc Ellis|Malignant Chain|p1a: Corviknight
|-immune|p1a: Corviknight
|
|upkeep
|turn|16
|
|t:|1769382190
|switch|p1a: Kyurem|Kyurem|100/100
|-ability|p1a: Kyurem|Pressure
|move|p2a: Doc Ellis|Shadow Ball|p1a: Kyurem
|-damage|p1a: Kyurem|78/100
|-unboost|p1a: Kyurem|spd|1
|
|-heal|p1a: Kyurem|84/100|[from] Grassy Terrain
|-heal|p1a: Kyurem|91/100|[from] item: Leftovers
|upkeep
|turn|17
|
|t:|1769382197
|move|p1a: Kyurem|Protect|p1a: Kyurem
|-singleturn|p1a: Kyurem|Protect
|move|p2a: Doc Ellis|Shadow Ball|p1a: Kyurem
|-activate|p1a: Kyurem|move: Protect
|
|-heal|p1a: Kyurem|97/100|[from] Grassy Terrain
|-heal|p1a: Kyurem|100/100|[from] item: Leftovers
|-fieldend|move: Grassy Terrain
|upkeep
|turn|18
|
|t:|1769382203
|switch|p1a: Rillaboom|Rillaboom, M|100/100
|-fieldstart|move: Grassy Terrain|[from] ability: Grassy Surge|[of] p1a: Rillaboom
|move|p2a: Doc Ellis|Shadow Ball|p1a: Rillaboom
|-damage|p1a: Rillaboom|69/100
|
|-heal|p1a: Rillaboom|75/100|[from] Grassy Terrain
|upkeep
|turn|19
|
|t:|1769382207
|switch|p1a: Corviknight|Corviknight, F|68/100
|-ability|p1a: Corviknight|Pressure
|move|p2a: Doc Ellis|Malignant Chain|p1a: Corviknight
|-immune|p1a: Corviknight
|
|upkeep
|turn|20
|
|t:|1769382210
|move|p2a: Doc Ellis|Shadow Ball|p1a: Corviknight
|-damage|p1a: Corviknight|44/100
|move|p1a: Corviknight|Brave Bird|p2a: Doc Ellis
|-damage|p2a: Doc Ellis|64/100
|-enditem|p2a: Doc Ellis|Air Balloon
|-damage|p1a: Corviknight|36/100|[from] Recoil
|
|-heal|p2a: Doc Ellis|70/100|[from] Grassy Terrain
|upkeep
|turn|21
|
|t:|1769382216
|move|p2a: Doc Ellis|Recover|p2a: Doc Ellis
|-heal|p2a: Doc Ellis|100/100
|move|p1a: Corviknight|Roost|p1a: Corviknight
|-heal|p1a: Corviknight|86/100
|-singleturn|p1a: Corviknight|move: Roost
|
|-heal|p1a: Corviknight|92/100|[from] Grassy Terrain
|upkeep
|turn|22
|
|t:|1769382222
|switch|p2a: Paul Goldschmidt|Gholdengo|80/100
|-damage|p2a: Paul Goldschmidt|74/100|[from] Stealth Rock
|switch|p1a: Kyurem|Kyurem|100/100
|-ability|p1a: Kyurem|Pressure
|
|-heal|p2a: Paul Goldschmidt|80/100|[from] Grassy Terrain
|-fieldend|move: Grassy Terrain
|upkeep
|turn|23
|
|t:|1769382228
|move|p1a: Kyurem|Substitute|p1a: Kyurem
|-start|p1a: Kyurem|Substitute
|-damage|p1a: Kyurem|75/100
|move|p2a: Paul Goldschmidt|Nasty Plot|p2a: Paul Goldschmidt
|-boost|p2a: Paul Goldschmidt|spa|2
|
|-heal|p1a: Kyurem|82/100|[from] item: Leftovers
|upkeep
|turn|24
|
|t:|1769382232
|move|p1a: Kyurem|Earth Power|p2a: Paul Goldschmidt
|-supereffective|p2a: Paul Goldschmidt
|-damage|p2a: Paul Goldschmidt|12/100
|move|p2a: Paul Goldschmidt|Shadow Ball|p1a: Kyurem
|-end|p1a: Kyurem|Substitute
|
|-heal|p1a: Kyurem|88/100|[from] item: Leftovers
|upkeep
|turn|25
|
|t:|1769382237
|move|p1a: Kyurem|Protect|p1a: Kyurem
|-singleturn|p1a: Kyurem|Protect
|move|p2a: Paul Goldschmidt|Shadow Ball|p1a: Kyurem
|-activate|p1a: Kyurem|move: Protect
|
|-heal|p1a: Kyurem|94/100|[from] item: Leftovers
|upkeep
|turn|26
|
|t:|1769382239
|move|p1a: Kyurem|Freeze-Dry|p2a: Paul Goldschmidt
|-resisted|p2a: Paul Goldschmidt
|-damage|p2a: Paul Goldschmidt|0 fnt
|faint|p2a: Paul Goldschmidt
|
|-heal|p1a: Kyurem|99/100|[from] item: Leftovers
|upkeep
|
|t:|1769382243
|switch|p2a: Barry Bonds|Zamazenta|97/100
|-damage|p2a: Barry Bonds|91/100|[from] Stealth Rock
|turn|27
|
|t:|1769382248
|switch|p1a: Ting-Lu|Ting-Lu, tera:Ghost|64/100
|-ability|p1a: Ting-Lu|Vessel of Ruin
|move|p2a: Barry Bonds|Iron Defense|p2a: Barry Bonds
|-boost|p2a: Barry Bonds|def|2
|
|-heal|p2a: Barry Bonds|97/100|[from] item: Leftovers
|-heal|p1a: Ting-Lu|70/100|[from] item: Leftovers
|upkeep
|turn|28
|
|t:|1769382251
|move|p2a: Barry Bonds|Crunch|p1a: Ting-Lu
|-supereffective|p1a: Ting-Lu
|-damage|p1a: Ting-Lu|47/100
|move|p1a: Ting-Lu|Ruination|p2a: Barry Bonds
|-damage|p2a: Barry Bonds|49/100
|
|-heal|p2a: Barry Bonds|55/100|[from] item: Leftovers
|-heal|p1a: Ting-Lu|53/100|[from] item: Leftovers
|upkeep
|turn|29
|
|t:|1769382255
|move|p2a: Barry Bonds|Crunch|p1a: Ting-Lu
|-supereffective|p1a: Ting-Lu
|-damage|p1a: Ting-Lu|31/100
|move|p1a: Ting-Lu|Whirlwind|p2a: Barry Bonds
|drag|p2a: Jimmie Foxx|Iron Treads|100/100
|-damage|p2a: Jimmie Foxx|97/100|[from] Stealth Rock
|
|-heal|p2a: Jimmie Foxx|100/100|[from] item: Leftovers
|-heal|p1a: Ting-Lu|37/100|[from] item: Leftovers
|upkeep
|turn|30
|
|t:|1769382262
|switch|p1a: Corviknight|Corviknight, F|92/100
|-ability|p1a: Corviknight|Pressure
|move|p2a: Jimmie Foxx|Knock Off|p1a: Corviknight
|-damage|p1a: Corviknight|83/100
|
|upkeep
|turn|31
|
|t:|1769382266
|move|p2a: Jimmie Foxx|Stealth Rock|p1a: Corviknight
|-sidestart|p1: SlimyTime|move: Stealth Rock
|move|p1a: Corviknight|Brave Bird|p2a: Jimmie Foxx
|-resisted|p2a: Jimmie Foxx
|-damage|p2a: Jimmie Foxx|86/100
|-damage|p1a: Corviknight|78/100|[from] Recoil
|
|-heal|p2a: Jimmie Foxx|92/100|[from] item: Leftovers
|upkeep
|turn|32
|
|t:|1769382271
|move|p2a: Jimmie Foxx|Rapid Spin|p1a: Corviknight
|-resisted|p1a: Corviknight
|-damage|p1a: Corviknight|74/100
|-boost|p2a: Jimmie Foxx|spe|1
|-sideend|p2: auefw823|Stealth Rock|[from] move: Rapid Spin|[of] p2a: Jimmie Foxx
|move|p1a: Corviknight|Body Press|p2a: Jimmie Foxx
|-supereffective|p2a: Jimmie Foxx
|-damage|p2a: Jimmie Foxx|54/100
|
|-heal|p2a: Jimmie Foxx|61/100|[from] item: Leftovers
|upkeep
|turn|33
|
|t:|1769382284
|-end|p2a: Jimmie Foxx|Quark Drive|[silent]
|switch|p2a: Doc Ellis|Pecharunt|100/100
|move|p1a: Corviknight|Defog|p2a: Doc Ellis
|-unboost|p2a: Doc Ellis|evasion|1
|-sideend|p1: SlimyTime|Stealth Rock|[from] move: Defog|[of] p1a: Corviknight
|
|upkeep
|turn|34
|
|t:|1769382290
|switch|p1a: Rillaboom|Rillaboom, M|75/100
|-fieldstart|move: Grassy Terrain|[from] ability: Grassy Surge|[of] p1a: Rillaboom
|move|p2a: Doc Ellis|Parting Shot|p1a: Rillaboom
|-unboost|p1a: Rillaboom|atk|1
|-unboost|p1a: Rillaboom|spa|1
|
|t:|1769382307
|switch|p2a: Barry Bonds|Zamazenta|55/100|[from] Parting Shot
|
|-heal|p2a: Barry Bonds|61/100|[from] Grassy Terrain
|-heal|p2a: Barry Bonds|67/100|[from] item: Leftovers
|-heal|p1a: Rillaboom|81/100|[from] Grassy Terrain
|upkeep
|turn|35
|
|t:|1769382317
|switch|p2a: Doc Ellis|Pecharunt|100/100
|move|p1a: Rillaboom|U-turn|p2a: Doc Ellis
|-resisted|p2a: Doc Ellis
|-damage|p2a: Doc Ellis|97/100
|
|t:|1769382320
|switch|p1a: Kyurem|Kyurem|99/100|[from] U-turn
|-ability|p1a: Kyurem|Pressure
|
|-heal|p1a: Kyurem|100/100|[from] Grassy Terrain
|-heal|p2a: Doc Ellis|100/100|[from] Grassy Terrain
|upkeep
|turn|36
|
|t:|1769382324
|move|p1a: Kyurem|Substitute|p1a: Kyurem
|-start|p1a: Kyurem|Substitute
|-damage|p1a: Kyurem|75/100
|move|p2a: Doc Ellis|Shadow Ball|p1a: Kyurem
|-activate|p1a: Kyurem|move: Substitute|[damage]
|
|-heal|p1a: Kyurem|82/100|[from] Grassy Terrain
|-heal|p1a: Kyurem|88/100|[from] item: Leftovers
|upkeep
|turn|37
|
|t:|1769382330
|move|p1a: Kyurem|Earth Power|p2a: Doc Ellis
|-supereffective|p2a: Doc Ellis
|-damage|p2a: Doc Ellis|39/100
|move|p2a: Doc Ellis|Shadow Ball|p1a: Kyurem
|-end|p1a: Kyurem|Substitute
|
|-heal|p1a: Kyurem|94/100|[from] Grassy Terrain
|-heal|p1a: Kyurem|99/100|[from] item: Leftovers
|-heal|p2a: Doc Ellis|45/100|[from] Grassy Terrain
|upkeep
|turn|38
|
|t:|1769382335
|move|p1a: Kyurem|Earth Power|p2a: Doc Ellis
|-supereffective|p2a: Doc Ellis
|-damage|p2a: Doc Ellis|0 fnt
|faint|p2a: Doc Ellis
|
|-heal|p1a: Kyurem|100/100|[from] Grassy Terrain
|-fieldend|move: Grassy Terrain
|upkeep
|
|t:|1769382337
|switch|p2a: Barry Bonds|Zamazenta|67/100
|turn|39
|
|t:|1769382342
|switch|p1a: Cinderace|Cinderace, M|3/100
|move|p2a: Barry Bonds|Body Press|p1a: Cinderace
|-damage|p1a: Cinderace|0 fnt
|faint|p1a: Cinderace
|
|-heal|p2a: Barry Bonds|74/100|[from] item: Leftovers
|upkeep
|
|t:|1769382347
|switch|p1a: Rillaboom|Rillaboom, M|81/100
|-fieldstart|move: Grassy Terrain|[from] ability: Grassy Surge|[of] p1a: Rillaboom
|turn|40
|
|t:|1769382351
|-terastallize|p2a: Barry Bonds|Fire
|move|p1a: Rillaboom|Grassy Glide|p2a: Barry Bonds
|-resisted|p2a: Barry Bonds
|-damage|p2a: Barry Bonds|54/100
|move|p2a: Barry Bonds|Iron Defense|p2a: Barry Bonds
|-boost|p2a: Barry Bonds|def|2
|
|-heal|p2a: Barry Bonds|60/100|[from] Grassy Terrain
|-heal|p2a: Barry Bonds|67/100|[from] item: Leftovers
|-heal|p1a: Rillaboom|87/100|[from] Grassy Terrain
|upkeep
|turn|41
|inactive|Battle timer is ON: inactive players will automatically lose when time's up. (requested by auefw823)
|
|t:|1769382355
|switch|p1a: Ting-Lu|Ting-Lu, tera:Ghost|37/100
|-ability|p1a: Ting-Lu|Vessel of Ruin
|move|p2a: Barry Bonds|Crunch|p1a: Ting-Lu
|-supereffective|p1a: Ting-Lu
|-damage|p1a: Ting-Lu|13/100
|
|-heal|p2a: Barry Bonds|73/100|[from] Grassy Terrain
|-heal|p2a: Barry Bonds|79/100|[from] item: Leftovers
|-heal|p1a: Ting-Lu|19/100|[from] Grassy Terrain
|-heal|p1a: Ting-Lu|25/100|[from] item: Leftovers
|upkeep
|turn|42
|
|t:|1769382359
|move|p2a: Barry Bonds|Crunch|p1a: Ting-Lu
|-supereffective|p1a: Ting-Lu
|-damage|p1a: Ting-Lu|2/100
|move|p1a: Ting-Lu|Whirlwind|p2a: Barry Bonds
|drag|p2a: Jimmie Foxx|Iron Treads|61/100
|
|-heal|p2a: Jimmie Foxx|67/100|[from] Grassy Terrain
|-heal|p2a: Jimmie Foxx|73/100|[from] item: Leftovers
|-heal|p1a: Ting-Lu|8/100|[from] Grassy Terrain
|-heal|p1a: Ting-Lu|15/100|[from] item: Leftovers
|upkeep
|turn|43
|
|t:|1769382364
|switch|p1a: Corviknight|Corviknight, F|74/100
|-ability|p1a: Corviknight|Pressure
|move|p2a: Jimmie Foxx|Knock Off|p1a: Corviknight
|-damage|p1a: Corviknight|65/100
|
|-heal|p2a: Jimmie Foxx|79/100|[from] Grassy Terrain
|-heal|p2a: Jimmie Foxx|86/100|[from] item: Leftovers
|upkeep
|turn|44
|
|t:|1769382369
|-end|p2a: Jimmie Foxx|Quark Drive|[silent]
|switch|p2a: Barry Bonds|Zamazenta, tera:Fire|79/100
|move|p1a: Corviknight|Body Press|p2a: Barry Bonds
|-damage|p2a: Barry Bonds|60/100
|
|-heal|p2a: Barry Bonds|66/100|[from] Grassy Terrain
|-heal|p2a: Barry Bonds|72/100|[from] item: Leftovers
|-fieldend|move: Grassy Terrain
|upkeep
|turn|45
|
|t:|1769382377
|switch|p1a: Ting-Lu|Ting-Lu, tera:Ghost|15/100
|-ability|p1a: Ting-Lu|Vessel of Ruin
|move|p2a: Barry Bonds|Iron Defense|p2a: Barry Bonds
|-boost|p2a: Barry Bonds|def|2
|
|-heal|p2a: Barry Bonds|78/100|[from] item: Leftovers
|-heal|p1a: Ting-Lu|21/100|[from] item: Leftovers
|upkeep
|turn|46
|
|t:|1769382383
|switch|p1a: Corviknight|Corviknight, F|65/100
|-ability|p1a: Corviknight|Pressure
|move|p2a: Barry Bonds|Crunch|p1a: Corviknight
|-damage|p1a: Corviknight|52/100
|
|-heal|p2a: Barry Bonds|85/100|[from] item: Leftovers
|upkeep
|turn|47
|
|t:|1769382387
|move|p2a: Barry Bonds|Body Press|p1a: Corviknight
|-damage|p1a: Corviknight|8/100
|move|p1a: Corviknight|Roost|p1a: Corviknight
|-heal|p1a: Corviknight|58/100
|-singleturn|p1a: Corviknight|move: Roost
|
|-heal|p2a: Barry Bonds|91/100|[from] item: Leftovers
|upkeep
|turn|48
|
|t:|1769382391
|switch|p1a: Ting-Lu|Ting-Lu, tera:Ghost|21/100
|-ability|p1a: Ting-Lu|Vessel of Ruin
|move|p2a: Barry Bonds|Iron Defense|p2a: Barry Bonds
|-boost|p2a: Barry Bonds|def|2
|
|-heal|p2a: Barry Bonds|97/100|[from] item: Leftovers
|-heal|p1a: Ting-Lu|27/100|[from] item: Leftovers
|upkeep
|turn|49
|
|t:|1769382396
|move|p2a: Barry Bonds|Crunch|p1a: Ting-Lu
|-supereffective|p1a: Ting-Lu
|-damage|p1a: Ting-Lu|4/100
|move|p1a: Ting-Lu|Whirlwind|p2a: Barry Bonds
|drag|p2a: Jimmie Foxx|Iron Treads|86/100
|
|-heal|p2a: Jimmie Foxx|92/100|[from] item: Leftovers
|-heal|p1a: Ting-Lu|10/100|[from] item: Leftovers
|upkeep
|turn|50
|
|t:|1769382404
|-end|p2a: Jimmie Foxx|Quark Drive|[silent]
|switch|p2a: Barry Bonds|Zamazenta, tera:Fire|97/100
|move|p1a: Ting-Lu|Earthquake|p2a: Barry Bonds
|-supereffective|p2a: Barry Bonds
|-damage|p2a: Barry Bonds|43/100
|
|-heal|p2a: Barry Bonds|49/100|[from] item: Leftovers
|-heal|p1a: Ting-Lu|16/100|[from] item: Leftovers
|upkeep
|turn|51
|
|t:|1769382410
|switch|p1a: Corviknight|Corviknight, F|58/100
|-ability|p1a: Corviknight|Pressure
|move|p2a: Barry Bonds|Iron Defense|p2a: Barry Bonds
|-boost|p2a: Barry Bonds|def|2
|
|-heal|p2a: Barry Bonds|55/100|[from] item: Leftovers
|upkeep
|turn|52
|
|t:|1769382414
|move|p2a: Barry Bonds|Iron Defense|p2a: Barry Bonds
|-boost|p2a: Barry Bonds|def|2
|move|p1a: Corviknight|Roost|p1a: Corviknight
|-heal|p1a: Corviknight|100/100
|-singleturn|p1a: Corviknight|move: Roost
|
|-heal|p2a: Barry Bonds|62/100|[from] item: Leftovers
|upkeep
|turn|53
|
|t:|1769382417
|move|p2a: Barry Bonds|Body Press|p1a: Corviknight
|-damage|p1a: Corviknight|35/100
|move|p1a: Corviknight|Brave Bird|p2a: Barry Bonds
|-damage|p2a: Barry Bonds|53/100
|-damage|p1a: Corviknight|33/100|[from] Recoil
|
|-heal|p2a: Barry Bonds|59/100|[from] item: Leftovers
|upkeep
|turn|54
|
|t:|1769382421
|move|p2a: Barry Bonds|Body Press|p1a: Corviknight
|-damage|p1a: Corviknight|0 fnt
|faint|p1a: Corviknight
|
|-heal|p2a: Barry Bonds|65/100|[from] item: Leftovers
|upkeep
|
|t:|1769382424
|switch|p1a: Kyurem|Kyurem|100/100
|-ability|p1a: Kyurem|Pressure
|turn|55
|
|t:|1769382428
|move|p1a: Kyurem|Protect|p1a: Kyurem
|-singleturn|p1a: Kyurem|Protect
|move|p2a: Barry Bonds|Heavy Slam|p1a: Kyurem
|-activate|p1a: Kyurem|move: Protect
|
|-heal|p2a: Barry Bonds|71/100|[from] item: Leftovers
|upkeep
|turn|56
|
|t:|1769382433
|move|p2a: Barry Bonds|Body Press|p1a: Kyurem
|-supereffective|p1a: Kyurem
|-damage|p1a: Kyurem|0 fnt
|faint|p1a: Kyurem
|
|-heal|p2a: Barry Bonds|78/100|[from] item: Leftovers
|upkeep
|-message|SlimyTime forfeited.
|
|win|auefw823
|raw|SlimyTime's rating: 1606 &rarr; <strong>1587</strong><br />(-19 for losing)
|raw|auefw823's rating: 1620 &rarr; <strong>1639</strong><br />(+19 for winning)
|l|☆SlimyTime
|player|p1|
