|j|☆Testteambill
|j|☆Iznamakin
|t:|1769403808
|gametype|singles
|player|p1|Testteambill|265|1574
|player|p2|Iznamakin|chase|1805
|gen|9
|tier|[Gen 9] OU
|rated|
|rule|HP Percentage Mod: HP is shown in percentages
|rule|Endless Battle Clause: Forcing endless battles is banned
|rule|Species Clause: Limit one of each Pokémon
|rule|OHKO Clause: OHKO moves are banned
|rule|Evasion Items Clause: Evasion items are banned
|rule|Evasion Moves Clause: Evasion moves are banned
|rule|Evasion Abilities Clause: Evasion abilities are banned
|rule|Sleep Moves Clause: Sleep-inducing moves are banned
|clearpoke
|poke|p1|Tinkaton, F|
|poke|p1|Serperior, M|
|poke|p1|Indeedee, M|
|poke|p1|Araquanid, F|
|poke|p1|Great Tusk|
|poke|p1|Hawlucha, F|
|poke|p2|Darkrai|
|poke|p2|Deoxys-Speed|
|poke|p2|Raging Bolt|
|poke|p2|Kingambit, M|
|poke|p2|Iron Valiant|
|poke|p2|Great Tusk|
|teampreview
|inactive|Battle timer is ON: inactive players will automatically lose when time's up. (requested by Iznamakin)
|
|t:|1769403824
|teamsize|p1|6
|teamsize|p2|6
|start
|switch|p1a: Great Tusk|Great Tusk, shiny|100/100
|switch|p2a: Speedy Gonzales|Deoxys-Speed, shiny|100/100
|-ability|p2a: Speedy Gonzales|Pressure
|turn|1
|
|t:|1769403828
|-end|p1a: Great Tusk|Protosynthesis|[silent]
|switch|p1a: Tinkaton|Tinkaton, F, shiny|100/100
|-item|p1a: Tinkaton|Air Balloon
|move|p2a: Speedy Gonzales|Psycho Boost|p1a: Tinkaton
|-resisted|p1a: Tinkaton
|-damage|p1a: Tinkaton|68/100
|-unboost|p2a: Speedy Gonzales|spa|2
|-enditem|p1a: Tinkaton|Air Balloon
|-damage|p2a: Speedy Gonzales|91/100|[from] item: Life Orb
|
|upkeep
|turn|2
|
|t:|1769403835
|move|p2a: Speedy Gonzales|Taunt|p1a: Tinkaton
|-start|p1a: Tinkaton|move: Taunt
|move|p1a: Tinkaton|Knock Off|p2a: Speedy Gonzales
|-supereffective|p2a: Speedy Gonzales
|-damage|p2a: Speedy Gonzales|30/100
|-enditem|p2a: Speedy Gonzales|Life Orb|[from] move: Knock Off|[of] p1a: Tinkaton
|
|upkeep
|turn|3
|
|t:|1769403838
|move|p2a: Speedy Gonzales|Stealth Rock|p1a: Tinkaton
|-sidestart|p1: Testteambill|move: Stealth Rock
|move|p1a: Tinkaton|Knock Off|p2a: Speedy Gonzales
|-supereffective|p2a: Speedy Gonzales
|-damage|p2a: Speedy Gonzales|0 fnt
|faint|p2a: Speedy Gonzales
|
|upkeep
|
|t:|1769403840
|switch|p2a: BROTD|Great Tusk, shiny|100/100
|-enditem|p2a: BROTD|Booster Energy
|-activate|p2a: BROTD|ability: Protosynthesis|[fromitem]
|-start|p2a: BROTD|protosynthesisspe
|turn|4
|
|t:|1769403852
|switch|p1a: Serperior|Serperior, M, shiny|100/100
|-damage|p1a: Serperior|88/100|[from] Stealth Rock
|move|p2a: BROTD|Bulk Up|p2a: BROTD
|-boost|p2a: BROTD|atk|1
|-boost|p2a: BROTD|def|1
|
|-heal|p1a: Serperior|94/100|[from] item: Leftovers
|upkeep
|turn|5
|
|t:|1769403857
|move|p2a: BROTD|Head Smash|p1a: Serperior|[miss]
|-miss|p2a: BROTD|p1a: Serperior
|move|p1a: Serperior|Leaf Storm|p2a: BROTD
|-supereffective|p2a: BROTD
|-damage|p2a: BROTD|0 fnt
|-boost|p1a: Serperior|spa|2
|faint|p2a: BROTD
|-end|p2a: BROTD|Protosynthesis|[silent]
|
|-heal|p1a: Serperior|100/100|[from] item: Leftovers
|upkeep
|
|t:|1769403863
|switch|p2a: IMU|Darkrai|100/100
|turn|6
|
|t:|1769403867
|move|p2a: IMU|Sludge Bomb|p1a: Serperior
|-supereffective|p1a: Serperior
|-damage|p1a: Serperior|17/100
|move|p1a: Serperior|Glare|p2a: IMU
|-status|p2a: IMU|par
|
|-heal|p1a: Serperior|23/100|[from] item: Leftovers
|upkeep
|turn|7
|
|t:|1769403873
|move|p1a: Serperior|Leaf Storm|p2a: IMU
|-enditem|p2a: IMU|Focus Sash
|-damage|p2a: IMU|1/100 par
|-boost|p1a: Serperior|spa|2
|move|p2a: IMU|Dark Pulse|p1a: Serperior
|-damage|p1a: Serperior|0 fnt
|faint|p1a: Serperior
|
|upkeep
|
|t:|1769403890
|switch|p1a: Great Tusk|Great Tusk, shiny|100/100
|turn|8
|
|t:|1769403893
|switch|p2a: 🎭|Iron Valiant, shiny|100/100
|-enditem|p2a: 🎭|Booster Energy
|-activate|p2a: 🎭|ability: Quark Drive|[fromitem]
|-start|p2a: 🎭|quarkdrivespe
|move|p1a: Great Tusk|Rapid Spin|p2a: 🎭
|-damage|p2a: 🎭|74/100
|-boost|p1a: Great Tusk|spe|1
|-sideend|p1: Testteambill|Stealth Rock|[from] move: Rapid Spin|[of] p1a: Great Tusk
|
|upkeep
|turn|9
|
|t:|1769403904
|-end|p1a: Great Tusk|Protosynthesis|[silent]
|switch|p1a: Tinkaton|Tinkaton, F, shiny|68/100
|move|p2a: 🎭|Calm Mind|p2a: 🎭
|-boost|p2a: 🎭|spa|1
|-boost|p2a: 🎭|spd|1
|
|upkeep
|turn|10
|
|t:|1769403911
|move|p2a: 🎭|Moonblast|p1a: Tinkaton
|-resisted|p1a: Tinkaton
|-damage|p1a: Tinkaton|37/100
|move|p1a: Tinkaton|Thunder Wave|p2a: 🎭
|-status|p2a: 🎭|par
|
|upkeep
|turn|11
|
|t:|1769403922
|move|p2a: 🎭|Shadow Ball|p1a: Tinkaton
|-damage|p1a: Tinkaton|4/100
|move|p1a: Tinkaton|Stealth Rock|p2a: 🎭
|-sidestart|p2: Iznamakin|move: Stealth Rock
|
|upkeep
|turn|12
|
|t:|1769403927
|move|p2a: 🎭|Moonblast|p1a: Tinkaton
|-resisted|p1a: Tinkaton
|-damage|p1a: Tinkaton|0 fnt
|faint|p1a: Tinkaton
|
|upkeep
|-message|Iznamakin forfeited.
|
|win|Testteambill
|raw|Testteambill's rating: 1574 &rarr; <strong>1606</strong><br />(+32 for winning)
|raw|Iznamakin's rating: 1805 &rarr; <strong>1773</strong><br />(-32 for losing)
|l|☆Iznamakin
|player|p2|
|l|☆Testteambill
|player|p1|
