|j|☆suprya
|j|☆16 and 29
|t:|1769298073
|gametype|singles
|player|p1|suprya|wattson|1635
|player|p2|16 and 29|delinquent|1691
|gen|9
|tier|[Gen 9] OU
|rated|
|rule|HP Percentage Mod: HP is shown in percentages
|rule|Endless Battle Clause: Forcing endless battles is banned
|rule|Species Clause: Limit one of each Pokémon
|rule|OHKO Clause: OHKO moves are banned
|rule|Evasion Items Clause: Evasion items are banned
|rule|Evasion Moves Clause: Evasion moves are banned
|rule|Evasion Abilities Clause: Evasion abilities are banned
|rule|Sleep Moves Clause: Sleep-inducing moves are banned
|clearpoke
|poke|p1|Magnezone|
|poke|p1|Dragapult, M|
|poke|p1|Slowking-Galar, F|
|poke|p1|Darkrai|
|poke|p1|Great Tusk|
|poke|p1|Enamorus-Therian, F|
|poke|p2|Landorus-Therian, M|
|poke|p2|Corviknight, F|
|poke|p2|Zoroark-Hisui, F|
|poke|p2|Raging Bolt|
|poke|p2|Pecharunt|
|poke|p2|Samurott-Hisui, F|
|teampreview
|inactive|Battle timer is ON: inactive players will automatically lose when time's up. (requested by suprya)
|
|t:|1769298084
|teamsize|p1|6
|teamsize|p2|6
|start
|switch|p1a: Great Tusk|Great Tusk|100/100
|switch|p2a: Indra|Raging Bolt|100/100
|turn|1
|
|t:|1769298091
|move|p1a: Great Tusk|Headlong Rush|p2a: Indra
|-supereffective|p2a: Indra
|-damage|p2a: Indra|8/100
|-unboost|p1a: Great Tusk|def|1
|-unboost|p1a: Great Tusk|spd|1
|move|p2a: Indra|Draco Meteor|p1a: Great Tusk
|-damage|p1a: Great Tusk|0 fnt
|-unboost|p2a: Indra|spa|2
|faint|p1a: Great Tusk
|-end|p1a: Great Tusk|Protosynthesis|[silent]
|
|upkeep
|
|t:|1769298099
|switch|p1a: Enamorus|Enamorus-Therian, F|100/100
|turn|2
|
|t:|1769298103
|-end|p2a: Indra|Protosynthesis|[silent]
|switch|p2a: Garuda|Corviknight, F|100/100
|-ability|p2a: Garuda|Unnerve
|move|p1a: Enamorus|Calm Mind|p1a: Enamorus
|-boost|p1a: Enamorus|spa|1
|-boost|p1a: Enamorus|spd|1
|
|upkeep
|turn|3
|
|t:|1769298107
|move|p2a: Garuda|U-turn|p1a: Enamorus
|-resisted|p1a: Enamorus
|-damage|p1a: Enamorus|98/100
|
|t:|1769298110
|switch|p2a: Halāhala|Pecharunt|100/100|[from] U-turn
|move|p1a: Enamorus|Mystical Fire|p2a: Halāhala
|-damage|p2a: Halāhala|60/100
|-unboost|p2a: Halāhala|spa|1
|
|upkeep
|turn|4
|
|t:|1769298119
|switch|p2a: Ravana|Landorus-Therian, M|100/100
|-ability|p2a: Ravana|Intimidate|boost
|-unboost|p1a: Enamorus|atk|1
|move|p1a: Enamorus|Earth Power|p2a: Ravana
|-immune|p2a: Ravana
|
|upkeep
|turn|5
|
|t:|1769298125
|move|p2a: Ravana|Stone Edge|p1a: Enamorus
|-supereffective|p1a: Enamorus
|-damage|p1a: Enamorus|30/100
|move|p1a: Enamorus|Draining Kiss|p2a: Ravana
|-damage|p2a: Ravana|50/100
|-heal|p1a: Enamorus|64/100|[from] drain|[of] p2a: Ravana
|
|upkeep
|turn|6
|
|t:|1769298133
|switch|p1a: Slowking|Slowking-Galar, F|100/100
|move|p2a: Ravana|Stone Edge|p1a: Slowking|[miss]
|-miss|p2a: Ravana|p1a: Slowking
|
|upkeep
|turn|7
|
|t:|1769298143
|switch|p2a: Mangala|Samurott-Hisui, F|100/100
|-prepare|p1a: Slowking|Chilly Reception|[premajor]
|move|p1a: Slowking|Chilly Reception|p1a: Slowking
|-weather|Snowscape
|
|t:|1769298150
|switch|p1a: Magnezone|Magnezone|100/100|[from] Chilly Reception
|
|-weather|Snowscape|[upkeep]
|upkeep
|turn|8
|
|t:|1769298164
|move|p2a: Mangala|Sacred Sword|p1a: Magnezone
|-supereffective|p1a: Magnezone
|-damage|p1a: Magnezone|11/100
|move|p1a: Magnezone|Thunderbolt|p2a: Mangala
|-supereffective|p2a: Mangala
|-damage|p2a: Mangala|16/100
|
|-weather|Snowscape|[upkeep]
|upkeep
|turn|9
|
|t:|1769298171
|move|p2a: Mangala|Ceaseless Edge|p1a: Magnezone
|-damage|p1a: Magnezone|0 fnt
|-sidestart|p1: suprya|Spikes
|faint|p1a: Magnezone
|
|-weather|Snowscape|[upkeep]
|upkeep
|
|t:|1769298174
|switch|p1a: Darkrai|Darkrai|100/100
|turn|10
|
|t:|1769298182
|switch|p2a: Garuda|Corviknight, F|100/100
|-ability|p2a: Garuda|Unnerve
|move|p1a: Darkrai|Dark Pulse|p2a: Garuda
|-damage|p2a: Garuda|71/100
|
|-weather|Snowscape|[upkeep]
|-heal|p2a: Garuda|77/100|[from] item: Leftovers
|upkeep
|turn|11
|
|t:|1769298187
|move|p1a: Darkrai|Will-O-Wisp|p2a: Garuda|[miss]
|-miss|p1a: Darkrai|p2a: Garuda
|move|p2a: Garuda|U-turn|p1a: Darkrai
|-supereffective|p1a: Darkrai
|-damage|p1a: Darkrai|65/100
|
|t:|1769298190
|switch|p2a: Ravana|Landorus-Therian, M|50/100|[from] U-turn
|-ability|p2a: Ravana|Intimidate|boost
|-unboost|p1a: Darkrai|atk|1
|
|-weather|none
|upkeep
|turn|12
|
|t:|1769298192
|switch|p1a: Enamorus|Enamorus-Therian, F|64/100
|move|p2a: Ravana|Earthquake|p1a: Enamorus
|-immune|p1a: Enamorus
|
|upkeep
|turn|13
|
|t:|1769298199
|switch|p2a: Indra|Raging Bolt|8/100
|move|p1a: Enamorus|Earth Power|p2a: Indra
|-supereffective|p2a: Indra
|-damage|p2a: Indra|0 fnt
|faint|p2a: Indra
|-end|p2a: Indra|Protosynthesis|[silent]
|
|upkeep
|
|t:|1769298203
|switch|p2a: Garuda|Corviknight, F|100/100
|turn|14
|
|t:|1769298208
|move|p2a: Garuda|Swords Dance|p2a: Garuda
|-boost|p2a: Garuda|atk|2
|move|p1a: Enamorus|Calm Mind|p1a: Enamorus
|-boost|p1a: Enamorus|spa|1
|-boost|p1a: Enamorus|spd|1
|
|upkeep
|turn|15
|
|t:|1769298220
|move|p2a: Garuda|Poltergeist|p1a: Enamorus
|-activate|p1a: Enamorus|move: Poltergeist|Heavy-Duty Boots
|-damage|p1a: Enamorus|0 fnt
|faint|p1a: Enamorus
|
|upkeep
|
|t:|1769298222
|switch|p1a: Dragapult|Dragapult, M|100/100
|-damage|p1a: Dragapult|88/100|[from] Spikes
|turn|16
|
|t:|1769298228
|-terastallize|p1a: Dragapult|Dragon
|move|p2a: Garuda|Shadow Sneak|p1a: Dragapult
|-damage|p1a: Dragapult|45/100
|move|p1a: Dragapult|Dragon Darts|p2a: Garuda
|-damage|p2a: Garuda|26/100
|replace|p2a: Hanuman|Zoroark-Hisui, F
|-end|p2a: Hanuman|Illusion
|-anim|p1a: Dragapult|Dragon Darts|p2a: Hanuman
|-crit|p2a: Hanuman
|-damage|p2a: Hanuman|0 fnt
|faint|p2a: Hanuman
|
|-heal|p1a: Dragapult|51/100|[from] item: Leftovers
|upkeep
|
|t:|1769298236
|switch|p2a: Mangala|Samurott-Hisui, F|16/100
|turn|17
|
|t:|1769298242
|move|p2a: Mangala|Sucker Punch||[still]
|-fail|p2a: Mangala
|move|p1a: Dragapult|Substitute|p1a: Dragapult
|-start|p1a: Dragapult|Substitute
|-damage|p1a: Dragapult|26/100
|
|-heal|p1a: Dragapult|33/100|[from] item: Leftovers
|upkeep
|turn|18
|
|t:|1769298252
|move|p1a: Dragapult|Dragon Dance|p1a: Dragapult
|-boost|p1a: Dragapult|atk|1
|-boost|p1a: Dragapult|spe|1
|move|p2a: Mangala|Ceaseless Edge|p1a: Dragapult
|-end|p1a: Dragapult|Substitute
|-sidestart|p1: suprya|Spikes
|
|-heal|p1a: Dragapult|39/100|[from] item: Leftovers
|upkeep
|turn|19
|
|t:|1769298260
|move|p1a: Dragapult|Dragon Darts|p2a: Mangala
|-damage|p2a: Mangala|0 fnt
|faint|p2a: Mangala
|
|-heal|p1a: Dragapult|45/100|[from] item: Leftovers
|upkeep
|
|t:|1769298263
|switch|p2a: Ravana|Landorus-Therian, M|50/100
|-ability|p2a: Ravana|Intimidate|boost
|-fail|p1a: Dragapult|unboost|[from] ability: Clear Body|[of] p1a: Dragapult
|turn|20
|
|t:|1769298268
|switch|p2a: Garuda|Corviknight, F|77/100
|-ability|p2a: Garuda|Unnerve
|move|p1a: Dragapult|Dragon Darts|p2a: Garuda
|-resisted|p2a: Garuda
|-damage|p2a: Garuda|55/100
|-anim|p1a: Dragapult|Dragon Darts|p2a: Garuda
|-resisted|p2a: Garuda
|-damage|p2a: Garuda|31/100
|
|-heal|p1a: Dragapult|51/100|[from] item: Leftovers
|-heal|p2a: Garuda|38/100|[from] item: Leftovers
|upkeep
|turn|21
|
|t:|1769298279
|move|p1a: Dragapult|Dragon Darts|p2a: Garuda
|-resisted|p2a: Garuda
|-damage|p2a: Garuda|15/100
|-anim|p1a: Dragapult|Dragon Darts|p2a: Garuda
|-resisted|p2a: Garuda
|-damage|p2a: Garuda|0 fnt
|faint|p2a: Garuda
|
|-heal|p1a: Dragapult|58/100|[from] item: Leftovers
|upkeep
|
|t:|1769298281
|switch|p2a: Halāhala|Pecharunt|60/100
|turn|22
|
|t:|1769298291
|-terastallize|p2a: Halāhala|Dark
|move|p1a: Dragapult|Phantom Force||[still]
|-prepare|p1a: Dragapult|Phantom Force
|move|p2a: Halāhala|Foul Play|p1a: Dragapult|[miss]
|-miss|p2a: Halāhala|p1a: Dragapult
|
|-heal|p1a: Dragapult|64/100|[from] item: Leftovers
|upkeep
|turn|23
|
|t:|1769298296
|move|p1a: Dragapult|Phantom Force|p2a: Halāhala|[from] lockedmove
|-resisted|p2a: Halāhala
|-damage|p2a: Halāhala|45/100
|-damage|p1a: Dragapult|47/100|[from] item: Rocky Helmet|[of] p2a: Halāhala
|move|p2a: Halāhala|Foul Play|p1a: Dragapult
|-damage|p1a: Dragapult|0 fnt
|faint|p1a: Dragapult
|
|upkeep
|
|t:|1769298302
|switch|p1a: Slowking|Slowking-Galar, F|100/100
|turn|24
|
|t:|1769298305
|move|p2a: Halāhala|Foul Play|p1a: Slowking
|-supereffective|p1a: Slowking
|-damage|p1a: Slowking|62/100
|move|p1a: Slowking|Sludge Bomb|p2a: Halāhala
|-damage|p2a: Halāhala|9/100
|
|upkeep
|turn|25
|
|t:|1769298312
|move|p2a: Halāhala|Foul Play|p1a: Slowking
|-supereffective|p1a: Slowking
|-damage|p1a: Slowking|21/100
|-prepare|p1a: Slowking|Chilly Reception|[premajor]
|move|p1a: Slowking|Chilly Reception|p1a: Slowking
|-weather|Snowscape
|
|t:|1769298313
|switch|p1a: Darkrai|Darkrai|65/100|[from] Chilly Reception
|
|-weather|Snowscape|[upkeep]
|upkeep
|turn|26
|
|t:|1769298318
|move|p1a: Darkrai|Ice Beam|p2a: Halāhala
|-damage|p2a: Halāhala|0 fnt
|faint|p2a: Halāhala
|
|-weather|Snowscape|[upkeep]
|upkeep
|
|t:|1769298320
|switch|p2a: Ravana|Landorus-Therian, M|50/100
|-ability|p2a: Ravana|Intimidate|boost
|-unboost|p1a: Darkrai|atk|1
|turn|27
|
|t:|1769298322
|move|p2a: Ravana|Earthquake|p1a: Darkrai
|-damage|p1a: Darkrai|0 fnt
|faint|p1a: Darkrai
|
|-weather|Snowscape|[upkeep]
|upkeep
|-message|suprya forfeited.
|
|win|16 and 29
|raw|suprya's rating: 1635 &rarr; <strong>1618</strong><br />(-17 for losing)
|raw|16 and 29's rating: 1691 &rarr; <strong>1708</strong><br />(+17 for winning)
|l|☆suprya
|player|p1|
|l|☆16 and 29
|player|p2|
