|j|☆Onsen3gg
|j|☆Supa Dupa Hoopa
|t:|1769322997
|gametype|singles
|player|p1|Onsen3gg|ethan|1284
|player|p2|Supa Dupa Hoopa|102|1305
|gen|9
|tier|[Gen 9] OU
|rated|
|rule|HP Percentage Mod: HP is shown in percentages
|rule|Endless Battle Clause: Forcing endless battles is banned
|rule|Species Clause: Limit one of each Pokémon
|rule|OHKO Clause: OHKO moves are banned
|rule|Evasion Items Clause: Evasion items are banned
|rule|Evasion Moves Clause: Evasion moves are banned
|rule|Evasion Abilities Clause: Evasion abilities are banned
|rule|Sleep Moves Clause: Sleep-inducing moves are banned
|clearpoke
|poke|p1|Torkoal, M|
|poke|p1|Typhlosion-Hisui, M|
|poke|p1|Corviknight, F|
|poke|p1|Venusaur, M|
|poke|p1|Great Tusk|
|poke|p1|Clodsire, F|
|poke|p2|Great Tusk|
|poke|p2|Dragapult, F|
|poke|p2|Corviknight, F|
|poke|p2|Alomomola, M|
|poke|p2|Meowscarada, F|
|poke|p2|Toxtricity-Low-Key, M|
|teampreview
|
|t:|1769323013
|teamsize|p1|6
|teamsize|p2|6
|start
|switch|p1a: Sunshine|Torkoal, M|100/100
|switch|p2a: Toxtricity|Toxtricity-Low-Key, M|100/100
|-weather|SunnyDay|[from] ability: Drought|[of] p1a: Sunshine
|turn|1
|
|t:|1769323021
|move|p2a: Toxtricity|Boomburst|p1a: Sunshine
|-damage|p1a: Sunshine|15/100
|move|p1a: Sunshine|Stealth Rock|p2a: Toxtricity
|-sidestart|p2: Supa Dupa Hoopa|move: Stealth Rock
|
|-weather|SunnyDay|[upkeep]
|upkeep
|turn|2
|
|t:|1769323029
|switch|p2a: Alomomola|Alomomola, M|100/100
|-damage|p2a: Alomomola|88/100|[from] Stealth Rock
|switch|p1a: Stove|Typhlosion-Hisui, M|100/100
|
|-weather|SunnyDay|[upkeep]
|upkeep
|turn|3
|
|t:|1769323038
|move|p1a: Stove|Solar Beam||[still]
|-prepare|p1a: Stove|Solar Beam
|-anim|p1a: Stove|Solar Beam|p2a: Alomomola
|-supereffective|p2a: Alomomola
|-damage|p2a: Alomomola|48/100
|move|p2a: Alomomola|Flip Turn|p1a: Stove
|-supereffective|p1a: Stove
|-damage|p1a: Stove|77/100
|
|t:|1769323046
|switch|p2a: Meowscarada|Meowscarada, F|100/100|[from] Flip Turn
|-damage|p2a: Meowscarada|88/100|[from] Stealth Rock
|
|-weather|SunnyDay|[upkeep]
|upkeep
|turn|4
|
|t:|1769323053
|switch|p1a: Libero|Corviknight, F|100/100
|-ability|p1a: Libero|Pressure
|move|p2a: Meowscarada|Knock Off|p1a: Libero
|-start|p2a: Meowscarada|typechange|Dark|[from] ability: Protean
|-damage|p1a: Libero|73/100
|-enditem|p1a: Libero|Leftovers|[from] move: Knock Off|[of] p2a: Meowscarada
|
|-weather|SunnyDay|[upkeep]
|upkeep
|turn|5
|
|t:|1769323076
|switch|p2a: Alomomola|Alomomola, M|81/100
|-damage|p2a: Alomomola|69/100|[from] Stealth Rock
|move|p1a: Libero|Body Press|p2a: Alomomola
|-damage|p2a: Alomomola|50/100
|
|-weather|SunnyDay|[upkeep]
|upkeep
|turn|6
|
|t:|1769323085
|switch|p1a: Verstapen|Venusaur, M|100/100
|move|p2a: Alomomola|Flip Turn|p1a: Verstapen
|-resisted|p1a: Verstapen
|-damage|p1a: Verstapen|96/100
|
|t:|1769323092
|switch|p2a: Dragapult|Dragapult, F|100/100|[from] Flip Turn
|-damage|p2a: Dragapult|88/100|[from] Stealth Rock
|
|-weather|SunnyDay|[upkeep]
|upkeep
|turn|7
|
|t:|1769323101
|move|p1a: Verstapen|Solar Beam||[still]
|-prepare|p1a: Verstapen|Solar Beam
|-anim|p1a: Verstapen|Solar Beam|p2a: Dragapult
|-resisted|p2a: Dragapult
|-damage|p2a: Dragapult|39/100
|-damage|p1a: Verstapen|86/100|[from] item: Life Orb
|move|p2a: Dragapult|Draco Meteor|p1a: Verstapen
|-damage|p1a: Verstapen|0 fnt
|-unboost|p2a: Dragapult|spa|2
|faint|p1a: Verstapen
|
|-weather|SunnyDay|[upkeep]
|upkeep
|
|t:|1769323114
|switch|p1a: Stove|Typhlosion-Hisui, M|77/100
|turn|8
|
|t:|1769323120
|switch|p2a: Alomomola|Alomomola, M|84/100
|-damage|p2a: Alomomola|71/100|[from] Stealth Rock
|move|p1a: Stove|Flamethrower|p2a: Alomomola
|-resisted|p2a: Alomomola
|-damage|p2a: Alomomola|56/100
|
|-weather|none
|upkeep
|turn|9
|
|t:|1769323130
|switch|p1a: Libero|Corviknight, F|73/100
|-ability|p1a: Libero|Pressure
|move|p2a: Alomomola|Flip Turn|p1a: Libero
|-damage|p1a: Libero|62/100
|
|t:|1769323137
|switch|p2a: Toxtricity|Toxtricity-Low-Key, M|100/100|[from] Flip Turn
|-damage|p2a: Toxtricity|88/100|[from] Stealth Rock
|
|upkeep
|turn|10
|
|t:|1769323145
|switch|p1a: Ivory|Great Tusk|100/100
|move|p2a: Toxtricity|Overdrive|p1a: Ivory
|-immune|p1a: Ivory
|
|upkeep
|turn|11
|
|t:|1769323158
|switch|p2a: Great Tusk|Great Tusk|100/100
|-damage|p2a: Great Tusk|98/100|[from] Stealth Rock
|-enditem|p2a: Great Tusk|Booster Energy
|-activate|p2a: Great Tusk|ability: Protosynthesis|[fromitem]
|-start|p2a: Great Tusk|protosynthesisatk
|move|p1a: Ivory|Knock Off|p2a: Great Tusk
|-resisted|p2a: Great Tusk
|-damage|p2a: Great Tusk|89/100
|
|upkeep
|turn|12
|
|t:|1769323170
|-end|p1a: Ivory|Protosynthesis|[silent]
|switch|p1a: Sunshine|Torkoal, M|15/100
|-weather|SunnyDay|[from] ability: Drought|[of] p1a: Sunshine
|move|p2a: Great Tusk|Rapid Spin|p1a: Sunshine
|-damage|p1a: Sunshine|0 fnt
|-boost|p2a: Great Tusk|spe|1
|-sideend|p2: Supa Dupa Hoopa|Stealth Rock|[from] move: Rapid Spin|[of] p2a: Great Tusk
|faint|p1a: Sunshine
|
|-weather|SunnyDay|[upkeep]
|upkeep
|
|t:|1769323182
|switch|p1a: Libero|Corviknight, F|62/100
|-ability|p1a: Libero|Pressure
|turn|13
|
|t:|1769323188
|move|p2a: Great Tusk|Stealth Rock|p1a: Libero
|-sidestart|p1: Onsen3gg|move: Stealth Rock
|move|p1a: Libero|Roost|p1a: Libero
|-heal|p1a: Libero|100/100
|-singleturn|p1a: Libero|move: Roost
|
|-weather|SunnyDay|[upkeep]
|upkeep
|turn|14
|
|t:|1769323196
|-end|p2a: Great Tusk|Protosynthesis|[silent]
|switch|p2a: Toxtricity|Toxtricity-Low-Key, M|88/100
|move|p1a: Libero|Defog|p2a: Toxtricity
|-unboost|p2a: Toxtricity|evasion|1
|-sideend|p1: Onsen3gg|Stealth Rock|[from] move: Defog|[of] p1a: Libero
|
|-weather|SunnyDay|[upkeep]
|upkeep
|turn|15
|
|t:|1769323205
|move|p2a: Toxtricity|Boomburst|p1a: Libero
|-resisted|p1a: Libero
|-damage|p1a: Libero|61/100
|move|p1a: Libero|Body Press|p2a: Toxtricity
|-resisted|p2a: Toxtricity
|-damage|p2a: Toxtricity|69/100
|
|-weather|SunnyDay|[upkeep]
|upkeep
|turn|16
|
|t:|1769323218
|switch|p2a: Dragapult|Dragapult, F|39/100
|switch|p1a: Ivory|Great Tusk|100/100
|-activate|p1a: Ivory|ability: Protosynthesis
|-start|p1a: Ivory|protosynthesisatk
|
|-weather|SunnyDay|[upkeep]
|upkeep
|turn|17
|
|t:|1769323232
|move|p2a: Dragapult|Draco Meteor|p1a: Ivory
|-damage|p1a: Ivory|46/100
|-unboost|p2a: Dragapult|spa|2
|move|p1a: Ivory|Knock Off|p2a: Dragapult
|-supereffective|p2a: Dragapult
|-damage|p2a: Dragapult|0 fnt
|-enditem|p2a: Dragapult|Choice Specs|[from] move: Knock Off|[of] p1a: Ivory
|faint|p2a: Dragapult
|
|-weather|SunnyDay|[upkeep]
|upkeep
|
|t:|1769323255
|switch|p2a: Toxtricity|Toxtricity-Low-Key, M|69/100
|turn|18
|
|t:|1769323261
|move|p2a: Toxtricity|Boomburst|p1a: Ivory
|-damage|p1a: Ivory|0 fnt
|faint|p1a: Ivory
|-end|p1a: Ivory|Protosynthesis|[silent]
|
|-weather|SunnyDay|[upkeep]
|upkeep
|
|t:|1769323267
|switch|p1a: Stove|Typhlosion-Hisui, M|77/100
|turn|19
|
|t:|1769323271
|switch|p2a: Alomomola|Alomomola, M|89/100
|move|p1a: Stove|Flamethrower|p2a: Alomomola
|-resisted|p2a: Alomomola
|-damage|p2a: Alomomola|73/100
|
|-weather|none
|upkeep
|turn|20
|
|t:|1769323279
|switch|p1a: Libero|Corviknight, F|61/100
|-ability|p1a: Libero|Pressure
|move|p2a: Alomomola|Flip Turn|p1a: Libero
|-damage|p1a: Libero|50/100
|
|t:|1769323288
|switch|p2a: Toxtricity|Toxtricity-Low-Key, M|69/100|[from] Flip Turn
|
|upkeep
|turn|21
|
|t:|1769323295
|move|p2a: Toxtricity|Volt Switch|p1a: Libero
|-supereffective|p1a: Libero
|-damage|p1a: Libero|0 fnt
|faint|p1a: Libero
|
|t:|1769323305
|switch|p2a: Meowscarada|Meowscarada, F|88/100|[from] Volt Switch
|
|upkeep
|
|t:|1769323309
|switch|p1a: Stove|Typhlosion-Hisui, M|77/100
|turn|22
|
|t:|1769323313
|move|p2a: Meowscarada|Knock Off|p1a: Stove
|-start|p2a: Meowscarada|typechange|Dark|[from] ability: Protean
|-supereffective|p1a: Stove
|-damage|p1a: Stove|0 fnt
|-enditem|p1a: Stove|Choice Scarf|[from] move: Knock Off|[of] p2a: Meowscarada
|faint|p1a: Stove
|
|upkeep
|
|t:|1769323321
|switch|p1a: Mr.Sire|Clodsire, F|100/100
|-item|p1a: Mr.Sire|Air Balloon
|turn|23
|
|t:|1769323330
|switch|p2a: Alomomola|Alomomola, M|100/100
|move|p1a: Mr.Sire|Toxic|p2a: Alomomola
|-status|p2a: Alomomola|tox
|
|-damage|p2a: Alomomola|94/100 tox|[from] psn
|upkeep
|turn|24
|
|t:|1769323340
|move|p1a: Mr.Sire|Protect|p1a: Mr.Sire
|-singleturn|p1a: Mr.Sire|Protect
|move|p2a: Alomomola|Flip Turn|p1a: Mr.Sire
|-activate|p1a: Mr.Sire|move: Protect
|
|-damage|p2a: Alomomola|82/100 tox|[from] psn
|upkeep
|turn|25
|
|t:|1769323351
|move|p2a: Alomomola|Flip Turn|p1a: Mr.Sire
|-supereffective|p1a: Mr.Sire
|-damage|p1a: Mr.Sire|77/100
|-enditem|p1a: Mr.Sire|Air Balloon
|
|t:|1769323355
|switch|p2a: Meowscarada|Meowscarada, F|88/100|[from] Flip Turn
|move|p1a: Mr.Sire|Earthquake|p2a: Meowscarada
|-resisted|p2a: Meowscarada
|-damage|p2a: Meowscarada|68/100
|
|upkeep
|turn|26
|
|t:|1769323364
|move|p2a: Meowscarada|Trick|p1a: Mr.Sire
|-start|p2a: Meowscarada|typechange|Psychic|[from] ability: Protean
|-activate|p2a: Meowscarada|move: Trick|[of] p1a: Mr.Sire
|-item|p1a: Mr.Sire|Choice Scarf|[from] move: Trick
|-enditem|p2a: Meowscarada|Choice Scarf|[silent]|[from] move: Trick
|move|p1a: Mr.Sire|Toxic|p2a: Meowscarada
|-status|p2a: Meowscarada|tox
|
|-damage|p2a: Meowscarada|62/100 tox|[from] psn
|upkeep
|turn|27
|
|t:|1769323376
|switch|p2a: Alomomola|Alomomola, M|100/100 tox
|-terastallize|p1a: Mr.Sire|Dark
|move|p1a: Mr.Sire|Toxic|p2a: Alomomola
|-fail|p2a: Alomomola|tox
|
|-damage|p2a: Alomomola|94/100 tox|[from] psn
|upkeep
|turn|28
|
|t:|1769323385
|move|p2a: Alomomola|Scald|p1a: Mr.Sire
|-damage|p1a: Mr.Sire|68/100
|move|p1a: Mr.Sire|Toxic|p2a: Alomomola
|-fail|p2a: Alomomola|tox
|
|-damage|p2a: Alomomola|82/100 tox|[from] psn
|upkeep
|turn|29
|-message|Onsen3gg forfeited.
|
|win|Supa Dupa Hoopa
|raw|Onsen3gg's rating: 1284 &rarr; <strong>1261</strong><br />(-23 for losing)
|raw|Supa Dupa Hoopa's rating: 1305 &rarr; <strong>1324</strong><br />(+19 for winning)
|l|☆Onsen3gg
|player|p1|
