|j|☆ridlostar
|j|☆ErroDeDigitacao
|t:|1769368119
|gametype|singles
|player|p1|ridlostar|hilbert|1629
|player|p2|ErroDeDigitacao|170|1580
|gen|9
|tier|[Gen 9] OU
|rated|
|rule|HP Percentage Mod: HP is shown in percentages
|rule|Endless Battle Clause: Forcing endless battles is banned
|rule|Species Clause: Limit one of each Pokémon
|rule|OHKO Clause: OHKO moves are banned
|rule|Evasion Items Clause: Evasion items are banned
|rule|Evasion Moves Clause: Evasion moves are banned
|rule|Evasion Abilities Clause: Evasion abilities are banned
|rule|Sleep Moves Clause: Sleep-inducing moves are banned
|clearpoke
|poke|p1|Toedscruel, M|
|poke|p1|Darkrai|
|poke|p1|Cresselia, F|
|poke|p1|Clodsire, M|
|poke|p1|Dragonite, M|
|poke|p1|Alomomola, M|
|poke|p2|Zamazenta-*|
|poke|p2|Alomomola, M|
|poke|p2|Great Tusk|
|poke|p2|Corviknight, F|
|poke|p2|Latios, M|
|poke|p2|Iron Valiant|
|teampreview
|inactive|Battle timer is ON: inactive players will automatically lose when time's up. (requested by ErroDeDigitacao)
|
|t:|1769368130
|teamsize|p1|6
|teamsize|p2|6
|start
|switch|p1a: Keanu Reeves|Darkrai|100/100
|switch|p2a: Latios|Latios, M|100/100
|turn|1
|
|t:|1769368136
|switch|p2a: Alomomola|Alomomola, M, shiny|100/100
|move|p1a: Keanu Reeves|Knock Off|p2a: Alomomola
|-damage|p2a: Alomomola|71/100
|-enditem|p2a: Alomomola|Assault Vest|[from] move: Knock Off|[of] p1a: Keanu Reeves
|
|upkeep
|turn|2
|
|t:|1769368139
|move|p1a: Keanu Reeves|Will-O-Wisp|p2a: Alomomola
|-status|p2a: Alomomola|brn
|move|p2a: Alomomola|Flip Turn|p1a: Keanu Reeves
|-damage|p1a: Keanu Reeves|88/100
|
|t:|1769368150
|switch|p2a: Latios|Latios, M|100/100|[from] Flip Turn
|
|upkeep
|turn|3
|
|t:|1769368154
|move|p2a: Latios|Draco Meteor|p1a: Keanu Reeves
|-damage|p1a: Keanu Reeves|0 fnt
|-unboost|p2a: Latios|spa|2
|faint|p1a: Keanu Reeves
|
|upkeep
|
|t:|1769368170
|switch|p1a: why|Cresselia, F, shiny|100/100
|turn|4
|
|t:|1769368183
|switch|p2a: Alomomola|Alomomola, M, shiny|100/100 brn
|move|p1a: why|Calm Mind|p1a: why
|-boost|p1a: why|spa|1
|-boost|p1a: why|spd|1
|
|-damage|p2a: Alomomola|94/100 brn|[from] brn
|upkeep
|turn|5
|
|t:|1769368189
|move|p1a: why|Calm Mind|p1a: why
|-boost|p1a: why|spa|1
|-boost|p1a: why|spd|1
|move|p2a: Alomomola|Flip Turn|p1a: why
|-damage|p1a: why|96/100
|
|t:|1769368190
|switch|p2a: Latios|Latios, M|100/100|[from] Flip Turn
|
|-heal|p1a: why|100/100|[from] item: Leftovers
|upkeep
|turn|6
|
|t:|1769368197
|switch|p1a: Squidward?|Toedscruel, M|100/100
|move|p2a: Latios|Trick|p1a: Squidward?
|-activate|p2a: Latios|move: Trick|[of] p1a: Squidward?
|-item|p1a: Squidward?|Choice Scarf|[from] move: Trick
|-item|p2a: Latios|Heavy-Duty Boots|[from] move: Trick
|
|upkeep
|turn|7
|
|t:|1769368204
|switch|p1a: Fair and Balanced|Alomomola, M|100/100
|switch|p2a: Corviknight|Corviknight, F|100/100
|-ability|p2a: Corviknight|Pressure
|
|upkeep
|turn|8
|
|t:|1769368212
|move|p2a: Corviknight|U-turn|p1a: Fair and Balanced
|-damage|p1a: Fair and Balanced|90/100
|
|t:|1769368215
|switch|p2a: Latios|Latios, M|100/100|[from] U-turn
|move|p1a: Fair and Balanced|Scald|p2a: Latios
|-resisted|p2a: Latios
|-damage|p2a: Latios|93/100
|
|upkeep
|turn|9
|
|t:|1769368224
|switch|p2a: Zamazenta|Zamazenta|100/100
|-ability|p2a: Zamazenta|Dauntless Shield|boost
|-boost|p2a: Zamazenta|def|1
|move|p1a: Fair and Balanced|Flip Turn|p2a: Zamazenta
|-damage|p2a: Zamazenta|90/100
|
|t:|1769368231
|switch|p1a: Big Man|Clodsire, M|100/100|[from] Flip Turn
|
|upkeep
|turn|10
|
|t:|1769368237
|switch|p2a: Corviknight|Corviknight, F|100/100
|-ability|p2a: Corviknight|Pressure
|move|p1a: Big Man|Stockpile|p1a: Big Man
|-start|p1a: Big Man|stockpile1
|-boost|p1a: Big Man|def|1
|-boost|p1a: Big Man|spd|1
|
|upkeep
|turn|11
|
|t:|1769368241
|move|p2a: Corviknight|U-turn|p1a: Big Man
|-resisted|p1a: Big Man
|-damage|p1a: Big Man|97/100
|
|t:|1769368242
|switch|p2a: Latios|Latios, M|93/100|[from] U-turn
|move|p1a: Big Man|Toxic|p2a: Latios
|-status|p2a: Latios|tox
|
|-heal|p1a: Big Man|100/100|[from] item: Leftovers
|-damage|p2a: Latios|87/100 tox|[from] psn
|upkeep
|turn|12
|
|t:|1769368246
|move|p2a: Latios|Psychic Noise|p1a: Big Man
|-supereffective|p1a: Big Man
|-damage|p1a: Big Man|61/100
|-start|p1a: Big Man|move: Heal Block
|move|p1a: Big Man|Stockpile|p1a: Big Man
|-start|p1a: Big Man|stockpile2
|-boost|p1a: Big Man|def|1
|-boost|p1a: Big Man|spd|1
|
|-damage|p2a: Latios|75/100 tox|[from] psn
|upkeep
|turn|13
|
|t:|1769368256
|switch|p1a: Fair and Balanced|Alomomola, M|100/100
|move|p2a: Latios|Trick|p1a: Fair and Balanced
|-activate|p2a: Latios|move: Trick|[of] p1a: Fair and Balanced
|-item|p1a: Fair and Balanced|Heavy-Duty Boots|[from] move: Trick
|-item|p2a: Latios|Heavy-Duty Boots|[from] move: Trick
|
|-damage|p2a: Latios|57/100 tox|[from] psn
|upkeep
|turn|14
|
|t:|1769368266
|switch|p2a: Alomomola|Alomomola, M, shiny|100/100 brn
|move|p1a: Fair and Balanced|Wish|p1a: Fair and Balanced
|
|-damage|p2a: Alomomola|94/100 brn|[from] brn
|upkeep
|turn|15
|
|t:|1769368270
|move|p1a: Fair and Balanced|Flip Turn|p2a: Alomomola
|-resisted|p2a: Alomomola
|-damage|p2a: Alomomola|88/100 brn
|
|t:|1769368274
|switch|p1a: Big Man|Clodsire, M|61/100|[from] Flip Turn
|move|p2a: Alomomola|Flip Turn|p1a: Big Man
|-supereffective|p1a: Big Man
|-damage|p1a: Big Man|50/100
|
|t:|1769368283
|switch|p2a: Great Tusk|Great Tusk|100/100|[from] Flip Turn
|
|-heal|p1a: Big Man|100/100|[from] move: Wish|[wisher] Fair and Balanced
|upkeep
|turn|16
|
|t:|1769368294
|move|p2a: Great Tusk|Headlong Rush|p1a: Big Man
|-supereffective|p1a: Big Man
|-damage|p1a: Big Man|25/100
|-unboost|p2a: Great Tusk|def|1
|-unboost|p2a: Great Tusk|spd|1
|move|p1a: Big Man|Toxic|p2a: Great Tusk
|-status|p2a: Great Tusk|tox
|
|-heal|p1a: Big Man|31/100|[from] item: Leftovers
|-damage|p2a: Great Tusk|94/100 tox|[from] psn
|upkeep
|turn|17
|
|t:|1769368305
|switch|p1a: Fair and Balanced|Alomomola, M|100/100
|move|p2a: Great Tusk|Headlong Rush|p1a: Fair and Balanced
|-damage|p1a: Fair and Balanced|63/100
|-unboost|p2a: Great Tusk|def|1
|-unboost|p2a: Great Tusk|spd|1
|
|-damage|p2a: Great Tusk|82/100 tox|[from] psn
|upkeep
|turn|18
|
|t:|1769368311
|-end|p2a: Great Tusk|Protosynthesis|[silent]
|switch|p2a: Iron Valiant|Iron Valiant, shiny|100/100
|move|p1a: Fair and Balanced|Wish|p1a: Fair and Balanced
|
|upkeep
|turn|19
|
|t:|1769368315
|-terastallize|p2a: Iron Valiant|Fairy
|move|p2a: Iron Valiant|Moonblast|p1a: Fair and Balanced
|-damage|p1a: Fair and Balanced|0 fnt
|faint|p1a: Fair and Balanced
|
|upkeep
|
|t:|1769368323
|switch|p1a: him|Dragonite, M|100/100
|turn|20
|
|t:|1769368333
|move|p2a: Iron Valiant|Moonblast|p1a: him
|-supereffective|p1a: him
|-damage|p1a: him|0 fnt
|faint|p1a: him
|
|upkeep
|
|t:|1769368339
|switch|p1a: why|Cresselia, F, shiny|100/100
|turn|21
|
|t:|1769368344
|-terastallize|p1a: why|Poison
|move|p2a: Iron Valiant|Moonblast|p1a: why
|-resisted|p1a: why
|-damage|p1a: why|70/100
|-unboost|p1a: why|spa|1
|move|p1a: why|Calm Mind|p1a: why
|-boost|p1a: why|spa|1
|-boost|p1a: why|spd|1
|
|-heal|p1a: why|76/100|[from] item: Leftovers
|upkeep
|turn|22
|
|t:|1769368348
|-end|p2a: Iron Valiant|Quark Drive|[silent]
|switch|p2a: Latios|Latios, M|57/100 tox
|move|p1a: why|Calm Mind|p1a: why
|-boost|p1a: why|spa|1
|-boost|p1a: why|spd|1
|
|-heal|p1a: why|82/100|[from] item: Leftovers
|-damage|p2a: Latios|51/100 tox|[from] psn
|upkeep
|turn|23
|
|t:|1769368354
|move|p2a: Latios|Psychic Noise|p1a: why
|-supereffective|p1a: why
|-damage|p1a: why|59/100
|-start|p1a: why|move: Heal Block
|move|p1a: why|Calm Mind|p1a: why
|-boost|p1a: why|spa|1
|-boost|p1a: why|spd|1
|
|-damage|p2a: Latios|39/100 tox|[from] psn
|upkeep
|turn|24
|
|t:|1769368359
|move|p2a: Latios|Psychic Noise|p1a: why
|-supereffective|p1a: why
|-damage|p1a: why|38/100
|move|p1a: why|Stored Power|p2a: Latios
|-resisted|p2a: Latios
|-damage|p2a: Latios|3/100 tox
|
|-damage|p2a: Latios|0 fnt|[from] psn
|faint|p2a: Latios
|-end|p1a: why|move: Heal Block
|upkeep
|
|t:|1769368363
|switch|p2a: Zamazenta|Zamazenta|90/100
|turn|25
|
|t:|1769368368
|move|p2a: Zamazenta|Crunch|p1a: why
|-crit|p1a: why
|-damage|p1a: why|7/100
|-damage|p2a: Zamazenta|80/100|[from] item: Life Orb
|move|p1a: why|Moonlight|p1a: why
|-heal|p1a: why|57/100
|
|-heal|p1a: why|63/100|[from] item: Leftovers
|upkeep
|turn|26
|
|t:|1769368372
|move|p2a: Zamazenta|Crunch|p1a: why
|-damage|p1a: why|44/100
|-damage|p2a: Zamazenta|71/100|[from] item: Life Orb
|move|p1a: why|Moonlight|p1a: why
|-heal|p1a: why|94/100
|
|-heal|p1a: why|100/100|[from] item: Leftovers
|upkeep
|turn|27
|
|t:|1769368377
|move|p2a: Zamazenta|Crunch|p1a: why
|-damage|p1a: why|79/100
|-damage|p2a: Zamazenta|61/100|[from] item: Life Orb
|move|p1a: why|Stored Power|p2a: Zamazenta
|-supereffective|p2a: Zamazenta
|-damage|p2a: Zamazenta|0 fnt
|faint|p2a: Zamazenta
|
|-heal|p1a: why|85/100|[from] item: Leftovers
|upkeep
|
|t:|1769368381
|switch|p2a: Alomomola|Alomomola, M, shiny|100/100 brn
|turn|28
|
|t:|1769368385
|move|p1a: why|Calm Mind|p1a: why
|-boost|p1a: why|spa|1
|-boost|p1a: why|spd|1
|move|p2a: Alomomola|Flip Turn|p1a: why
|-damage|p1a: why|81/100
|
|t:|1769368388
|switch|p2a: Great Tusk|Great Tusk|82/100 tox|[from] Flip Turn
|
|-heal|p1a: why|87/100|[from] item: Leftovers
|-damage|p2a: Great Tusk|76/100 tox|[from] psn
|upkeep
|turn|29
|
|t:|1769368396
|move|p2a: Great Tusk|Stealth Rock|p1a: why
|-sidestart|p1: ridlostar|move: Stealth Rock
|move|p1a: why|Stored Power|p2a: Great Tusk
|-supereffective|p2a: Great Tusk
|-damage|p2a: Great Tusk|0 fnt
|faint|p2a: Great Tusk
|-end|p2a: Great Tusk|Protosynthesis|[silent]
|
|-heal|p1a: why|93/100|[from] item: Leftovers
|upkeep
|
|t:|1769368399
|switch|p2a: Alomomola|Alomomola, M, shiny|100/100 brn
|turn|30
|
|t:|1769368403
|move|p1a: why|Calm Mind|p1a: why
|-boost|p1a: why|spa|1
|-boost|p1a: why|spd|1
|move|p2a: Alomomola|Body Slam|p1a: why
|-damage|p1a: why|89/100
|
|-heal|p1a: why|95/100|[from] item: Leftovers
|-damage|p2a: Alomomola|94/100 brn|[from] brn
|upkeep
|turn|31
|
|t:|1769368407
|move|p1a: why|Stored Power|p2a: Alomomola
|-damage|p2a: Alomomola|0 fnt
|faint|p2a: Alomomola
|
|-heal|p1a: why|100/100|[from] item: Leftovers
|upkeep
|-message|ErroDeDigitacao forfeited.
|
|win|ridlostar
|raw|ridlostar's rating: 1629 &rarr; <strong>1646</strong><br />(+17 for winning)
|raw|ErroDeDigitacao's rating: 1580 &rarr; <strong>1563</strong><br />(-17 for losing)
|l|☆ErroDeDigitacao
|player|p2|
|l|☆ridlostar
|player|p1|
