|badge|p2|bronze|gen9ou|100-8
|uhtml|medal-msg|<div class="broadcast-blue">Curious what those medals under the avatar are? PS now has Ladder Seasons! For more information, check out the <a href="https://www.smogon.com/forums/threads/3740067/">thread on Smogon.</a></div>
|j|☆issysito
|j|☆Iznamakin
|t:|1769400707
|gametype|singles
|player|p1|issysito|hooligans|1732
|player|p2|Iznamakin|chase|1840
|gen|9
|tier|[Gen 9] OU
|rated|
|rule|HP Percentage Mod: HP is shown in percentages
|rule|Endless Battle Clause: Forcing endless battles is banned
|rule|Species Clause: Limit one of each Pokémon
|rule|OHKO Clause: OHKO moves are banned
|rule|Evasion Items Clause: Evasion items are banned
|rule|Evasion Moves Clause: Evasion moves are banned
|rule|Evasion Abilities Clause: Evasion abilities are banned
|rule|Sleep Moves Clause: Sleep-inducing moves are banned
|clearpoke
|poke|p1|Volcanion|
|poke|p1|Landorus-Therian, M|
|poke|p1|Meowscarada, M|
|poke|p1|Kingambit, F|
|poke|p1|Great Tusk|
|poke|p1|Slowking-Galar, F|
|poke|p2|Iron Valiant|
|poke|p2|Greninja-*, M|
|poke|p2|Glimmora, F|
|poke|p2|Kingambit, F|
|poke|p2|Iron Jugulis|
|poke|p2|Iron Moth|
|teampreview
|inactive|Battle timer is ON: inactive players will automatically lose when time's up. (requested by Iznamakin)
|
|t:|1769400715
|teamsize|p1|6
|teamsize|p2|6
|start
|switch|p1a: Tiger|Landorus-Therian, M|100/100
|switch|p2a: Glimmora|Glimmora, F|100/100
|-ability|p1a: Tiger|Intimidate|boost
|-unboost|p2a: Glimmora|atk|1
|turn|1
|j| Easontom
|
|t:|1769400728
|move|p1a: Tiger|Earthquake|p2a: Glimmora
|-supereffective|p2a: Glimmora
|-enditem|p2a: Glimmora|Focus Sash
|-damage|p2a: Glimmora|1/100
|-activate|p2a: Glimmora|ability: Toxic Debris
|-sidestart|p1: issysito|move: Toxic Spikes
|move|p2a: Glimmora|Stealth Rock|p1a: Tiger
|-sidestart|p1: issysito|move: Stealth Rock
|
|upkeep
|turn|2
|
|t:|1769400743
|move|p1a: Tiger|Stealth Rock|p2a: Glimmora
|-sidestart|p2: Iznamakin|move: Stealth Rock
|move|p2a: Glimmora|Power Gem|p1a: Tiger
|-damage|p1a: Tiger|53/100
|
|upkeep
|turn|3
|
|t:|1769400764
|move|p1a: Tiger|Earthquake|p2a: Glimmora
|-supereffective|p2a: Glimmora
|-damage|p2a: Glimmora|0 fnt
|-activate|p2a: Glimmora|ability: Toxic Debris
|-sidestart|p1: issysito|move: Toxic Spikes
|faint|p2a: Glimmora
|
|upkeep
|
|t:|1769400778
|switch|p2a: Greninja|Greninja, M|100/100
|-damage|p2a: Greninja|88/100|[from] Stealth Rock
|turn|4
|
|t:|1769400783
|switch|p1a: Thing|Slowking-Galar, F|100/100
|-sideend|p1: issysito|move: Toxic Spikes|[of] p1a: Thing
|move|p2a: Greninja|Dark Pulse|p1a: Thing
|-supereffective|p1a: Thing
|-damage|p1a: Thing|42/100
|-damage|p2a: Greninja|78/100|[from] item: Life Orb
|
|upkeep
|turn|5
|inactive|Iznamakin has 120 seconds left.
|l|☆Iznamakin
|inactive|Iznamakin disconnected and has a minute to reconnect!
|player|p2|
|inactive|Iznamakin has 30 seconds to reconnect!
|j|☆Iznamakin
|inactive|Iznamakin reconnected and has 85 seconds left.
|player|p2|Iznamakin|chase|
|
|t:|1769400856
|switch|p1a: Volcano|Volcanion|100/100
|move|p2a: Greninja|Spikes|p1a: Volcano
|-sidestart|p1: issysito|Spikes
|
|upkeep
|turn|6
|
|t:|1769400866
|move|p2a: Greninja|Dark Pulse|p1a: Volcano
|-damage|p1a: Volcano|51/100
|-damage|p2a: Greninja|69/100|[from] item: Life Orb
|cant|p1a: Volcano|flinch
|
|upkeep
|turn|7
|inactive|Iznamakin has 90 seconds left.
|
|t:|1769400877
|move|p2a: Greninja|Dark Pulse|p1a: Volcano
|-damage|p1a: Volcano|2/100
|-damage|p2a: Greninja|59/100|[from] item: Life Orb
|cant|p1a: Volcano|flinch
|
|upkeep
|turn|8
|
|t:|1769400883
|switch|p1a: Cat|Meowscarada, M|100/100
|-damage|p1a: Cat|88/100|[from] Stealth Rock
|-damage|p1a: Cat|76/100|[from] Spikes
|move|p2a: Greninja|Dark Pulse|p1a: Cat
|-resisted|p1a: Cat
|-crit|p1a: Cat
|-damage|p1a: Cat|19/100
|-damage|p2a: Greninja|49/100|[from] item: Life Orb
|
|upkeep
|turn|9
|
|t:|1769400892
|move|p2a: Greninja|Water Shuriken|p1a: Cat
|-resisted|p1a: Cat
|-damage|p1a: Cat|11/100
|-resisted|p1a: Cat
|-damage|p1a: Cat|5/100
|-resisted|p1a: Cat
|-damage|p1a: Cat|0 fnt
|faint|p1a: Cat
|-ability|p2a: Greninja|Battle Bond|boost
|-boost|p2a: Greninja|atk|1
|-boost|p2a: Greninja|spa|1
|-boost|p2a: Greninja|spe|1
|-activate|p2a: Greninja|ability: Battle Bond
|-hitcount|p1: Cat|3
|-damage|p2a: Greninja|39/100|[from] item: Life Orb
|
|upkeep
|
|t:|1769400900
|switch|p1a: Samurai|Kingambit, F|100/100
|-damage|p1a: Samurai|94/100|[from] Stealth Rock
|-damage|p1a: Samurai|82/100|[from] Spikes
|-activate|p1a: Samurai|ability: Supreme Overlord
|-start|p1a: Samurai|fallen1|[silent]
|turn|10
|
|t:|1769400903
|move|p1a: Samurai|Sucker Punch|p2a: Greninja
|-resisted|p2a: Greninja
|-damage|p2a: Greninja|0 fnt
|faint|p2a: Greninja
|
|upkeep
|
|t:|1769400909
|switch|p2a: Iron Jugulis|Iron Jugulis|100/100
|-damage|p2a: Iron Jugulis|76/100|[from] Stealth Rock
|-enditem|p2a: Iron Jugulis|Booster Energy
|-activate|p2a: Iron Jugulis|ability: Quark Drive|[fromitem]
|-start|p2a: Iron Jugulis|quarkdrivespe
|turn|11
|
|t:|1769400912
|-end|p1a: Samurai|fallen1|[silent]
|switch|p1a: Volcano|Volcanion|2/100
|move|p2a: Iron Jugulis|Fire Blast|p1a: Volcano
|-resisted|p1a: Volcano
|-crit|p1a: Volcano
|-damage|p1a: Volcano|0 fnt
|faint|p1a: Volcano
|
|upkeep
|
|t:|1769400917
|switch|p1a: Thing|Slowking-Galar, F|75/100
|turn|12
|
|t:|1769400920
|switch|p1a: Tiger|Landorus-Therian, M|53/100
|-damage|p1a: Tiger|40/100|[from] Stealth Rock
|-ability|p1a: Tiger|Intimidate|boost
|-unboost|p2a: Iron Jugulis|atk|1
|move|p2a: Iron Jugulis|Knock Off|p1a: Tiger
|-damage|p1a: Tiger|20/100
|-damage|p2a: Iron Jugulis|59/100|[from] item: Rocky Helmet|[of] p1a: Tiger
|-enditem|p1a: Tiger|Rocky Helmet|[from] move: Knock Off|[of] p2a: Iron Jugulis
|
|upkeep
|turn|13
|
|t:|1769400923
|move|p2a: Iron Jugulis|Fire Blast|p1a: Tiger|[miss]
|-miss|p2a: Iron Jugulis|p1a: Tiger
|move|p1a: Tiger|U-turn|p2a: Iron Jugulis
|-damage|p2a: Iron Jugulis|30/100
|
|t:|1769400926
|switch|p1a: Samurai|Kingambit, F|82/100|[from] U-turn
|-damage|p1a: Samurai|76/100|[from] Stealth Rock
|-damage|p1a: Samurai|64/100|[from] Spikes
|-activate|p1a: Samurai|ability: Supreme Overlord
|-start|p1a: Samurai|fallen2|[silent]
|
|upkeep
|turn|14
|
|t:|1769400932
|move|p1a: Samurai|Sucker Punch|p2a: Iron Jugulis
|-resisted|p2a: Iron Jugulis
|-damage|p2a: Iron Jugulis|0 fnt
|faint|p2a: Iron Jugulis
|-end|p2a: Iron Jugulis|Quark Drive|[silent]
|
|upkeep
|
|t:|1769400935
|switch|p2a: Iron Valiant|Iron Valiant|100/100
|-damage|p2a: Iron Valiant|94/100|[from] Stealth Rock
|-enditem|p2a: Iron Valiant|Booster Energy
|-activate|p2a: Iron Valiant|ability: Quark Drive|[fromitem]
|-start|p2a: Iron Valiant|quarkdrivespe
|turn|15
|
|t:|1769400938
|-end|p1a: Samurai|fallen2|[silent]
|switch|p1a: Tiger|Landorus-Therian, M|20/100
|-damage|p1a: Tiger|8/100|[from] Stealth Rock
|-ability|p1a: Tiger|Intimidate|boost
|-unboost|p2a: Iron Valiant|atk|1
|move|p2a: Iron Valiant|Swords Dance|p2a: Iron Valiant
|-boost|p2a: Iron Valiant|atk|2
|
|upkeep
|turn|16
|
|t:|1769400947
|move|p2a: Iron Valiant|Knock Off|p1a: Tiger
|-damage|p1a: Tiger|0 fnt
|faint|p1a: Tiger
|
|upkeep
|
|t:|1769400949
|switch|p1a: Elephant|Great Tusk|100/100
|-damage|p1a: Elephant|97/100|[from] Stealth Rock
|-damage|p1a: Elephant|85/100|[from] Spikes
|turn|17
|
|t:|1769400972
|-terastallize|p1a: Elephant|Fairy
|move|p2a: Iron Valiant|Spirit Break|p1a: Elephant
|-damage|p1a: Elephant|43/100
|-unboost|p1a: Elephant|spa|1
|move|p1a: Elephant|Rapid Spin|p2a: Iron Valiant
|-damage|p2a: Iron Valiant|72/100
|-boost|p1a: Elephant|spe|1
|-sideend|p1: issysito|Spikes|[from] move: Rapid Spin|[of] p1a: Elephant
|-sideend|p1: issysito|Stealth Rock|[from] move: Rapid Spin|[of] p1a: Elephant
|
|-heal|p1a: Elephant|49/100|[from] item: Leftovers
|upkeep
|turn|18
|
|t:|1769400988
|move|p2a: Iron Valiant|Spirit Break|p1a: Elephant
|-damage|p1a: Elephant|6/100
|-unboost|p1a: Elephant|spa|1
|move|p1a: Elephant|Rapid Spin|p2a: Iron Valiant
|-damage|p2a: Iron Valiant|53/100
|-boost|p1a: Elephant|spe|1
|
|-heal|p1a: Elephant|12/100|[from] item: Leftovers
|upkeep
|turn|19
|
|t:|1769400996
|move|p1a: Elephant|Headlong Rush|p2a: Iron Valiant
|-damage|p2a: Iron Valiant|0 fnt
|-unboost|p1a: Elephant|def|1
|-unboost|p1a: Elephant|spd|1
|faint|p2a: Iron Valiant
|-end|p2a: Iron Valiant|Quark Drive|[silent]
|
|-heal|p1a: Elephant|18/100|[from] item: Leftovers
|upkeep
|
|t:|1769400997
|switch|p2a: Kingambit|Kingambit, F|100/100
|-damage|p2a: Kingambit|94/100|[from] Stealth Rock
|-activate|p2a: Kingambit|ability: Supreme Overlord
|-start|p2a: Kingambit|fallen4|[silent]
|turn|20
|
|t:|1769401000
|move|p1a: Elephant|Bulk Up|p1a: Elephant
|-boost|p1a: Elephant|atk|1
|-boost|p1a: Elephant|def|1
|move|p2a: Kingambit|Low Kick|p1a: Elephant
|-resisted|p1a: Elephant
|-damage|p1a: Elephant|0 fnt
|faint|p1a: Elephant
|-end|p1a: Elephant|Protosynthesis|[silent]
|
|-heal|p2a: Kingambit|100/100|[from] item: Leftovers
|upkeep
|
|t:|1769401007
|switch|p1a: Samurai|Kingambit, F|64/100
|-activate|p1a: Samurai|ability: Supreme Overlord
|-start|p1a: Samurai|fallen4|[silent]
|turn|21
|
|t:|1769401012
|-end|p2a: Kingambit|fallen4|[silent]
|switch|p2a: Iron Moth|Iron Moth|100/100
|-damage|p2a: Iron Moth|76/100|[from] Stealth Rock
|-enditem|p2a: Iron Moth|Booster Energy
|-activate|p2a: Iron Moth|ability: Quark Drive|[fromitem]
|-start|p2a: Iron Moth|quarkdrivespe
|move|p1a: Samurai|Kowtow Cleave|p2a: Iron Moth
|-damage|p2a: Iron Moth|0 fnt
|faint|p2a: Iron Moth
|-end|p2a: Iron Moth|Quark Drive|[silent]
|
|upkeep
|
|t:|1769401015
|switch|p2a: Kingambit|Kingambit, F|100/100
|-damage|p2a: Kingambit|94/100|[from] Stealth Rock
|-activate|p2a: Kingambit|ability: Supreme Overlord
|-start|p2a: Kingambit|fallen5|[silent]
|turn|22
|
|t:|1769401021
|-end|p1a: Samurai|fallen4|[silent]
|switch|p1a: Thing|Slowking-Galar, F|100/100
|move|p2a: Kingambit|Low Kick|p1a: Thing
|-resisted|p1a: Thing
|-damage|p1a: Thing|88/100
|
|-heal|p2a: Kingambit|100/100|[from] item: Leftovers
|upkeep
|turn|23
|
|t:|1769401026
|move|p2a: Kingambit|Sucker Punch||[still]
|-fail|p2a: Kingambit
|move|p1a: Thing|Thunder Wave|p2a: Kingambit
|-status|p2a: Kingambit|par
|
|upkeep
|turn|24
|
|t:|1769401036
|move|p2a: Kingambit|Swords Dance|p2a: Kingambit
|-boost|p2a: Kingambit|atk|2
|move|p1a: Thing|Future Sight|p2a: Kingambit
|-start|p1a: Thing|move: Future Sight
|
|upkeep
|turn|25
|
|t:|1769401040
|move|p2a: Kingambit|Iron Head|p1a: Thing
|-damage|p1a: Thing|0 fnt
|faint|p1a: Thing
|
|upkeep
|
|t:|1769401043
|switch|p1a: Samurai|Kingambit, F|64/100
|-activate|p1a: Samurai|ability: Supreme Overlord
|-start|p1a: Samurai|fallen5|[silent]
|turn|26
|
|t:|1769401048
|move|p1a: Samurai|Swords Dance|p1a: Samurai
|-boost|p1a: Samurai|atk|2
|cant|p2a: Kingambit|par
|
|-end|p2a: Kingambit|move: Future Sight
|-immune|p2a: Kingambit
|upkeep
|turn|27
|
|t:|1769401052
|move|p1a: Samurai|Iron Head|p2a: Kingambit
|-resisted|p2a: Kingambit
|-damage|p2a: Kingambit|43/100 par
|cant|p2a: Kingambit|flinch
|
|-heal|p2a: Kingambit|49/100 par|[from] item: Leftovers
|upkeep
|turn|28
|
|t:|1769401058
|move|p2a: Kingambit|Sucker Punch|p1a: Samurai
|-resisted|p1a: Samurai
|-damage|p1a: Samurai|10/100
|move|p1a: Samurai|Iron Head|p2a: Kingambit
|-resisted|p2a: Kingambit
|-damage|p2a: Kingambit|0 fnt
|faint|p2a: Kingambit
|-end|p2a: Kingambit|fallen5|[silent]
|
|win|issysito
|raw|issysito's rating: 1732 &rarr; <strong>1758</strong><br />(+26 for winning)
|raw|Iznamakin's rating: 1840 &rarr; <strong>1814</strong><br />(-26 for losing)
|l|☆Iznamakin
|player|p2|
|l|☆issysito
|player|p1|
|l| Easontom
