|j|☆sauron dark
|j|☆ATG0628
|t:|1769295942
|gametype|singles
|player|p1|sauron dark|265|1408
|player|p2|ATG0628|170|1423
|gen|9
|tier|[Gen 9] OU
|rated|
|rule|HP Percentage Mod: HP is shown in percentages
|rule|Endless Battle Clause: Forcing endless battles is banned
|rule|Species Clause: Limit one of each Pokémon
|rule|OHKO Clause: OHKO moves are banned
|rule|Evasion Items Clause: Evasion items are banned
|rule|Evasion Moves Clause: Evasion moves are banned
|rule|Evasion Abilities Clause: Evasion abilities are banned
|rule|Sleep Moves Clause: Sleep-inducing moves are banned
|clearpoke
|poke|p1|Thundurus-Therian, M|
|poke|p1|Ogerpon-Wellspring, F|
|poke|p1|Gastrodon, M|
|poke|p1|Arcanine, M|
|poke|p1|Azumarill, F|
|poke|p1|Orthworm, M|
|poke|p2|Gholdengo|
|poke|p2|Dragonite, M|
|poke|p2|Raging Bolt|
|poke|p2|Great Tusk|
|poke|p2|Iron Valiant|
|poke|p2|Ting-Lu|
|teampreview
|inactive|Battle timer is ON: inactive players will automatically lose when time's up. (requested by sauron dark)
|
|t:|1769295952
|teamsize|p1|6
|teamsize|p2|6
|start
|switch|p1a: Azumarill|Azumarill, F|100/100
|switch|p2a: Great Neck|Raging Bolt|100/100
|turn|1
|inactive|sauron dark has 120 seconds left.
|
|t:|1769295983
|move|p2a: Great Neck|Thunderbolt|p1a: Azumarill
|-supereffective|p1a: Azumarill
|-damage|p1a: Azumarill|0 fnt
|faint|p1a: Azumarill
|
|upkeep
|inactive|sauron dark has 120 seconds left.
|
|t:|1769295992
|switch|p1a: Thundurus|Thundurus-Therian, M|100/100
|turn|2
|
|t:|1769295996
|switch|p1a: Gastrodon|Gastrodon, M|100/100
|-end|p2a: Great Neck|Protosynthesis|[silent]
|switch|p2a: Ting-Lu|Ting-Lu|100/100
|-ability|p2a: Ting-Lu|Vessel of Ruin
|
|upkeep
|turn|3
|
|t:|1769296004
|move|p2a: Ting-Lu|Stealth Rock|p1a: Gastrodon
|-sidestart|p1: sauron dark|move: Stealth Rock
|move|p1a: Gastrodon|Stealth Rock|p2a: Ting-Lu
|-sidestart|p2: ATG0628|move: Stealth Rock
|
|upkeep
|turn|4
|
|t:|1769296011
|move|p2a: Ting-Lu|Ruination|p1a: Gastrodon
|-damage|p1a: Gastrodon|50/100
|move|p1a: Gastrodon|Ice Beam|p2a: Ting-Lu
|-supereffective|p2a: Ting-Lu
|-damage|p2a: Ting-Lu|83/100
|
|-heal|p2a: Ting-Lu|89/100|[from] item: Leftovers
|-heal|p1a: Gastrodon|57/100|[from] item: Leftovers
|upkeep
|turn|5
|
|t:|1769296022
|switch|p1a: Orthworm|Orthworm, M|100/100
|-damage|p1a: Orthworm|94/100|[from] Stealth Rock
|move|p2a: Ting-Lu|Earthquake|p1a: Orthworm
|-heal|p1a: Orthworm|100/100|[from] ability: Earth Eater|[of] p2a: Ting-Lu
|
|-heal|p2a: Ting-Lu|95/100|[from] item: Leftovers
|upkeep
|turn|6
|
|t:|1769296038
|move|p1a: Orthworm|Body Press|p2a: Ting-Lu
|-supereffective|p2a: Ting-Lu
|-damage|p2a: Ting-Lu|68/100
|move|p2a: Ting-Lu|Whirlwind|p1a: Orthworm
|drag|p1a: Arcanine|Arcanine, M|100/100
|
|-heal|p2a: Ting-Lu|74/100|[from] item: Leftovers
|upkeep
|turn|7
|
|t:|1769296048
|move|p1a: Arcanine|Will-O-Wisp|p2a: Ting-Lu
|-status|p2a: Ting-Lu|brn
|move|p2a: Ting-Lu|Ruination|p1a: Arcanine
|-damage|p1a: Arcanine|50/100
|
|-heal|p2a: Ting-Lu|80/100 brn|[from] item: Leftovers
|-damage|p2a: Ting-Lu|74/100 brn|[from] brn
|upkeep
|turn|8
|
|t:|1769296059
|move|p1a: Arcanine|Morning Sun|p1a: Arcanine
|-heal|p1a: Arcanine|100/100
|move|p2a: Ting-Lu|Whirlwind|p1a: Arcanine
|drag|p1a: Orthworm|Orthworm, M|100/100
|-damage|p1a: Orthworm|94/100|[from] Stealth Rock
|
|-heal|p2a: Ting-Lu|80/100 brn|[from] item: Leftovers
|-damage|p2a: Ting-Lu|74/100 brn|[from] brn
|upkeep
|turn|9
|
|t:|1769296072
|move|p1a: Orthworm|Body Press|p2a: Ting-Lu
|-supereffective|p2a: Ting-Lu
|-crit|p2a: Ting-Lu
|-damage|p2a: Ting-Lu|36/100 brn
|move|p2a: Ting-Lu|Ruination|p1a: Orthworm
|-damage|p1a: Orthworm|48/100
|
|-heal|p2a: Ting-Lu|42/100 brn|[from] item: Leftovers
|-damage|p2a: Ting-Lu|36/100 brn|[from] brn
|upkeep
|turn|10
|
|t:|1769296084
|move|p1a: Orthworm|Body Press|p2a: Ting-Lu
|-supereffective|p2a: Ting-Lu
|-damage|p2a: Ting-Lu|12/100 brn
|move|p2a: Ting-Lu|Ruination|p1a: Orthworm
|-damage|p1a: Orthworm|24/100
|
|-heal|p2a: Ting-Lu|18/100 brn|[from] item: Leftovers
|-damage|p2a: Ting-Lu|12/100 brn|[from] brn
|upkeep
|turn|11
|
|t:|1769296094
|move|p1a: Orthworm|Rest|p1a: Orthworm
|-status|p1a: Orthworm|slp|[from] move: Rest
|-heal|p1a: Orthworm|100/100 slp|[silent]
|-enditem|p1a: Orthworm|Chesto Berry|[eat]
|-curestatus|p1a: Orthworm|slp|[msg]
|move|p2a: Ting-Lu|Whirlwind|p1a: Orthworm
|drag|p1a: Ogerpon|Ogerpon-Wellspring, F|100/100
|-damage|p1a: Ogerpon|88/100|[from] Stealth Rock
|
|-heal|p2a: Ting-Lu|18/100 brn|[from] item: Leftovers
|-damage|p2a: Ting-Lu|12/100 brn|[from] brn
|upkeep
|turn|12
|
|t:|1769296108
|move|p1a: Ogerpon|Horn Leech|p2a: Ting-Lu
|-supereffective|p2a: Ting-Lu
|-damage|p2a: Ting-Lu|0 fnt
|-heal|p1a: Ogerpon|98/100|[from] drain|[of] p2a: Ting-Lu
|faint|p2a: Ting-Lu
|
|upkeep
|
|t:|1769296127
|switch|p2a: Great Neck|Raging Bolt|100/100
|-damage|p2a: Great Neck|88/100|[from] Stealth Rock
|turn|13
|
|t:|1769296136
|switch|p1a: Thundurus|Thundurus-Therian, M|100/100
|move|p2a: Great Neck|Draco Meteor|p1a: Thundurus
|-damage|p1a: Thundurus|0 fnt
|-unboost|p2a: Great Neck|spa|2
|faint|p1a: Thundurus
|
|upkeep
|
|t:|1769296145
|switch|p1a: Ogerpon|Ogerpon-Wellspring, F|98/100
|-damage|p1a: Ogerpon|86/100|[from] Stealth Rock
|turn|14
|inactive|ATG0628 has 120 seconds left.
|
|t:|1769296181
|move|p1a: Ogerpon|Swords Dance|p1a: Ogerpon
|-boost|p1a: Ogerpon|atk|2
|move|p2a: Great Neck|Draco Meteor|p1a: Ogerpon|[miss]
|-miss|p2a: Great Neck|p1a: Ogerpon
|
|upkeep
|turn|15
|inactive|ATG0628 has 120 seconds left.
|
|t:|1769296209
|move|p1a: Ogerpon|Swords Dance|p1a: Ogerpon
|-boost|p1a: Ogerpon|atk|2
|move|p2a: Great Neck|Draco Meteor|p1a: Ogerpon
|-damage|p1a: Ogerpon|13/100
|-unboost|p2a: Great Neck|spa|2
|
|upkeep
|turn|16
|
|t:|1769296217
|-end|p2a: Great Neck|Protosynthesis|[silent]
|switch|p2a: Dragonite|Dragonite, M|100/100
|move|p1a: Ogerpon|Horn Leech|p2a: Dragonite
|-resisted|p2a: Dragonite
|-damage|p2a: Dragonite|84/100
|-heal|p1a: Ogerpon|23/100|[from] drain|[of] p2a: Dragonite
|
|upkeep
|turn|17
|
|t:|1769296228
|switch|p1a: Orthworm|Orthworm, M|100/100
|-damage|p1a: Orthworm|94/100|[from] Stealth Rock
|move|p2a: Dragonite|Extreme Speed|p1a: Orthworm
|-resisted|p1a: Orthworm
|-damage|p1a: Orthworm|84/100
|
|upkeep
|turn|18
|
|t:|1769296236
|switch|p2a: Great Tusk|Great Tusk|100/100
|-damage|p2a: Great Tusk|97/100|[from] Stealth Rock
|move|p1a: Orthworm|Coil|p1a: Orthworm
|-boost|p1a: Orthworm|atk|1
|-boost|p1a: Orthworm|def|1
|-boost|p1a: Orthworm|accuracy|1
|
|upkeep
|turn|19
|inactive|ATG0628 has 120 seconds left.
|
|t:|1769296248
|move|p2a: Great Tusk|Close Combat|p1a: Orthworm
|-supereffective|p1a: Orthworm
|-damage|p1a: Orthworm|12/100
|-unboost|p2a: Great Tusk|def|1
|-unboost|p2a: Great Tusk|spd|1
|move|p1a: Orthworm|Body Press|p2a: Great Tusk
|-damage|p2a: Great Tusk|64/100
|
|upkeep
|turn|20
|
|t:|1769296258
|move|p2a: Great Tusk|Close Combat|p1a: Orthworm
|-supereffective|p1a: Orthworm
|-damage|p1a: Orthworm|0 fnt
|-unboost|p2a: Great Tusk|def|1
|-unboost|p2a: Great Tusk|spd|1
|faint|p1a: Orthworm
|
|upkeep
|
|t:|1769296265
|switch|p1a: Ogerpon|Ogerpon-Wellspring, F|23/100
|-damage|p1a: Ogerpon|10/100|[from] Stealth Rock
|turn|21
|
|t:|1769296269
|-end|p2a: Great Tusk|Protosynthesis|[silent]
|switch|p2a: Dragonite|Dragonite, M|84/100
|move|p1a: Ogerpon|Ivy Cudgel|p2a: Dragonite|[anim] Ivy Cudgel Water
|-resisted|p2a: Dragonite
|-damage|p2a: Dragonite|52/100
|
|upkeep
|turn|22
|
|t:|1769296279
|move|p2a: Dragonite|Extreme Speed|p1a: Ogerpon
|-damage|p1a: Ogerpon|0 fnt
|faint|p1a: Ogerpon
|
|upkeep
|
|t:|1769296284
|switch|p1a: Arcanine|Arcanine, M|100/100
|turn|23
|
|t:|1769296306
|move|p2a: Dragonite|Extreme Speed|p1a: Arcanine
|-damage|p1a: Arcanine|79/100
|move|p1a: Arcanine|Flare Blitz|p2a: Dragonite
|-resisted|p2a: Dragonite
|-damage|p2a: Dragonite|28/100
|-damage|p1a: Arcanine|72/100|[from] Recoil
|
|upkeep
|turn|24
|
|t:|1769296315
|move|p2a: Dragonite|Extreme Speed|p1a: Arcanine
|-damage|p1a: Arcanine|48/100
|move|p1a: Arcanine|Morning Sun|p1a: Arcanine
|-heal|p1a: Arcanine|98/100
|
|upkeep
|turn|25
|
|t:|1769296323
|move|p2a: Dragonite|Outrage|p1a: Arcanine
|-crit|p1a: Arcanine
|-damage|p1a: Arcanine|15/100
|move|p1a: Arcanine|Will-O-Wisp|p2a: Dragonite
|-status|p2a: Dragonite|brn
|
|-damage|p2a: Dragonite|22/100 brn|[from] brn
|upkeep
|turn|26
|
|t:|1769296333
|move|p1a: Arcanine|Extreme Speed|p2a: Dragonite
|-crit|p2a: Dragonite
|-damage|p2a: Dragonite|0 fnt
|faint|p2a: Dragonite
|
|upkeep
|
|t:|1769296340
|switch|p2a: Iron Valiant|Iron Valiant|100/100
|-damage|p2a: Iron Valiant|94/100|[from] Stealth Rock
|-enditem|p2a: Iron Valiant|Booster Energy
|-activate|p2a: Iron Valiant|ability: Quark Drive|[fromitem]
|-start|p2a: Iron Valiant|quarkdrivespe
|turn|27
|
|t:|1769296351
|move|p1a: Arcanine|Extreme Speed|p2a: Iron Valiant
|-damage|p2a: Iron Valiant|66/100
|move|p2a: Iron Valiant|Moonblast|p1a: Arcanine
|-resisted|p1a: Arcanine
|-damage|p1a: Arcanine|0 fnt
|faint|p1a: Arcanine
|
|upkeep
|
|t:|1769296360
|switch|p1a: Gastrodon|Gastrodon, M|57/100
|-damage|p1a: Gastrodon|50/100|[from] Stealth Rock
|turn|28
|
|t:|1769296367
|move|p2a: Iron Valiant|Close Combat|p1a: Gastrodon
|-damage|p1a: Gastrodon|0 fnt
|-unboost|p2a: Iron Valiant|def|1
|-unboost|p2a: Iron Valiant|spd|1
|faint|p1a: Gastrodon
|
|win|ATG0628
|raw|sauron dark's rating: 1408 &rarr; <strong>1389</strong><br />(-19 for losing)
|raw|ATG0628's rating: 1423 &rarr; <strong>1442</strong><br />(+19 for winning)
|l|☆sauron dark
|player|p1|
|l|☆ATG0628
|player|p2|
