|j|☆Sergiofd
|j|☆MicrowaveHeart
|t:|1769348180
|gametype|singles
|player|p1|Sergiofd|1|1281
|player|p2|MicrowaveHeart|workerice|1291
|gen|9
|tier|[Gen 9] OU
|rated|
|rule|HP Percentage Mod: HP is shown in percentages
|rule|Endless Battle Clause: Forcing endless battles is banned
|rule|Species Clause: Limit one of each Pokémon
|rule|OHKO Clause: OHKO moves are banned
|rule|Evasion Items Clause: Evasion items are banned
|rule|Evasion Moves Clause: Evasion moves are banned
|rule|Evasion Abilities Clause: Evasion abilities are banned
|rule|Sleep Moves Clause: Sleep-inducing moves are banned
|clearpoke
|poke|p1|Sceptile, M|
|poke|p1|Staraptor, F|
|poke|p1|Arcanine, M|
|poke|p1|Lucario, F|
|poke|p1|Tyranitar, M|
|poke|p1|Darkrai|
|poke|p2|Ninetales-Alola, F|
|poke|p2|Mamoswine, M|
|poke|p2|Slowking-Galar, M|
|poke|p2|Ceruledge, F|
|poke|p2|Cloyster, M|
|poke|p2|Hydreigon, F|
|teampreview
|inactive|Battle timer is ON: inactive players will automatically lose when time's up. (requested by Sergiofd)
|
|t:|1769348194
|teamsize|p1|6
|teamsize|p2|6
|start
|switch|p1a: Sceptile|Sceptile, M|100/100
|switch|p2a: Mamoswine|Mamoswine, M, shiny|100/100
|turn|1
|
|t:|1769348202
|move|p2a: Mamoswine|Ice Shard|p1a: Sceptile
|-supereffective|p1a: Sceptile
|-damage|p1a: Sceptile|32/100
|move|p1a: Sceptile|Substitute|p1a: Sceptile
|-start|p1a: Sceptile|Substitute
|-damage|p1a: Sceptile|8/100
|
|-heal|p1a: Sceptile|14/100|[from] item: Leftovers
|upkeep
|turn|2
|
|t:|1769348210
|move|p2a: Mamoswine|Ice Shard|p1a: Sceptile
|-supereffective|p1a: Sceptile
|-end|p1a: Sceptile|Substitute
|move|p1a: Sceptile|Giga Drain|p2a: Mamoswine
|-supereffective|p2a: Mamoswine
|-damage|p2a: Mamoswine|11/100
|-heal|p1a: Sceptile|71/100|[from] drain|[of] p2a: Mamoswine
|
|-heal|p1a: Sceptile|77/100|[from] item: Leftovers
|upkeep
|turn|3
|
|t:|1769348225
|move|p2a: Mamoswine|Ice Shard|p1a: Sceptile
|-supereffective|p1a: Sceptile
|-damage|p1a: Sceptile|0 fnt
|faint|p1a: Sceptile
|
|upkeep
|
|t:|1769348236
|switch|p1a: Lucario|Lucario, F|100/100
|turn|4
|
|t:|1769348242
|move|p1a: Lucario|Vacuum Wave|p2a: Mamoswine
|-supereffective|p2a: Mamoswine
|-damage|p2a: Mamoswine|0 fnt
|faint|p2a: Mamoswine
|
|upkeep
|
|t:|1769348251
|switch|p2a: Ceruledge|Ceruledge, F|100/100
|-item|p2a: Ceruledge|Air Balloon
|turn|5
|
|t:|1769348257
|switch|p1a: Tyranitar|Tyranitar, M|100/100
|-weather|Sandstorm|[from] ability: Sand Stream|[of] p1a: Tyranitar
|move|p2a: Ceruledge|Bulk Up|p2a: Ceruledge
|-boost|p2a: Ceruledge|atk|1
|-boost|p2a: Ceruledge|def|1
|
|-weather|Sandstorm|[upkeep]
|-damage|p2a: Ceruledge|94/100|[from] Sandstorm
|upkeep
|turn|6
|
|t:|1769348268
|move|p2a: Ceruledge|Close Combat|p1a: Tyranitar
|-supereffective|p1a: Tyranitar
|-damage|p1a: Tyranitar|0 fnt
|-unboost|p2a: Ceruledge|def|1
|-unboost|p2a: Ceruledge|spd|1
|faint|p1a: Tyranitar
|
|-weather|Sandstorm|[upkeep]
|-damage|p2a: Ceruledge|88/100|[from] Sandstorm
|upkeep
|l|☆Sergiofd
|inactive|Sergiofd disconnected and has a minute to reconnect!
|player|p1|
|inactive|Sergiofd has 30 seconds to reconnect!
|inactive|Sergiofd has 20 seconds to reconnect!
|inactive|Sergiofd has 15 seconds to reconnect!
|inactive|Sergiofd has 10 seconds to reconnect!
|inactive|Sergiofd has 5 seconds to reconnect!
|-message|Sergiofd lost due to inactivity.
|
|win|MicrowaveHeart
|raw|Sergiofd's rating: 1281 &rarr; <strong>1257</strong><br />(-24 for losing)
|raw|MicrowaveHeart's rating: 1291 &rarr; <strong>1315</strong><br />(+24 for winning)
|l|☆MicrowaveHeart
|player|p2|
