|j|☆rose4rent
|j|☆Aeybees
|t:|1769364761
|gametype|singles
|player|p1|rose4rent|n|1137
|player|p2|Aeybees|2|1130
|gen|9
|tier|[Gen 9] OU
|rated|
|rule|HP Percentage Mod: HP is shown in percentages
|rule|Endless Battle Clause: Forcing endless battles is banned
|rule|Species Clause: Limit one of each Pokémon
|rule|OHKO Clause: OHKO moves are banned
|rule|Evasion Items Clause: Evasion items are banned
|rule|Evasion Moves Clause: Evasion moves are banned
|rule|Evasion Abilities Clause: Evasion abilities are banned
|rule|Sleep Moves Clause: Sleep-inducing moves are banned
|clearpoke
|poke|p1|Ursaluna, M|
|poke|p1|Staraptor, M|
|poke|p1|Porygon-Z|
|poke|p1|Pyroar, M|
|poke|p1|Farigiraf, M|
|poke|p1|Zoroark-Hisui, F|
|poke|p2|Toxapex, M|
|poke|p2|Tinkaton, F|
|poke|p2|Gliscor, F|
|poke|p2|Gholdengo|
|poke|p2|Iron Moth|
|poke|p2|Corviknight, M|
|teampreview
|inactive|Battle timer is ON: inactive players will automatically lose when time's up. (requested by Aeybees)
|inactive|rose4rent has 120 seconds left.
|c|☆Aeybees|How does zoro work lol
|
|t:|1769364815
|teamsize|p1|6
|teamsize|p2|6
|start
|switch|p1a: Porygon-Z|Porygon-Z|100/100
|switch|p2a: Gliscor|Gliscor, F|100/100
|turn|1
|
|t:|1769364826
|move|p1a: Porygon-Z|Ice Beam|p2a: Gliscor
|-supereffective|p2a: Gliscor
|-damage|p2a: Gliscor|0 fnt
|faint|p2a: Gliscor
|
|upkeep
|
|t:|1769364834
|switch|p2a: Toxapex|Toxapex, M|100/100
|turn|2
|c|☆rose4rent|he turns into the last pokemon in the party. but it's not the same order you see on your screen.
|inactive|rose4rent has 120 seconds left.
|c|☆rose4rent|*she
|
|t:|1769364872
|move|p1a: Porygon-Z|Thunderbolt|p2a: Toxapex
|-supereffective|p2a: Toxapex
|-damage|p2a: Toxapex|50/100
|move|p2a: Toxapex|Toxic|p1a: Porygon-Z
|-status|p1a: Porygon-Z|tox
|
|-heal|p2a: Toxapex|56/100|[from] item: Leftovers
|-damage|p1a: Porygon-Z|94/100 tox|[from] psn
|upkeep
|turn|3
|inactive|rose4rent has 120 seconds left.
|
|t:|1769364883
|move|p1a: Porygon-Z|Tri Attack|p2a: Toxapex
|-enditem|p1a: Porygon-Z|Normal Gem|[from] gem
|-damage|p2a: Toxapex|0 fnt
|faint|p2a: Toxapex
|
|-damage|p1a: Porygon-Z|82/100 tox|[from] psn
|upkeep
|
|t:|1769364893
|switch|p2a: Tinkaton|Tinkaton, F|100/100
|turn|4
|inactive|rose4rent has 120 seconds left.
|
|t:|1769364907
|switch|p1a: Ursaluna|Ursaluna, M|100/100
|move|p2a: Tinkaton|Knock Off|p1a: Ursaluna
|-damage|p1a: Ursaluna|88/100
|-enditem|p1a: Ursaluna|Flame Orb|[from] move: Knock Off|[of] p2a: Tinkaton
|
|upkeep
|turn|5
|inactive|rose4rent has 120 seconds left.
|inactive|Aeybees has 120 seconds left.
|
|t:|1769364942
|move|p2a: Tinkaton|Stealth Rock|p1a: Ursaluna
|-sidestart|p1: rose4rent|move: Stealth Rock
|move|p1a: Ursaluna|Swords Dance|p1a: Ursaluna
|-boost|p1a: Ursaluna|atk|2
|
|upkeep
|turn|6
|
|t:|1769364950
|move|p2a: Tinkaton|Gigaton Hammer|p1a: Ursaluna
|-damage|p1a: Ursaluna|57/100
|move|p1a: Ursaluna|Earthquake|p2a: Tinkaton
|-supereffective|p2a: Tinkaton
|-damage|p2a: Tinkaton|0 fnt
|faint|p2a: Tinkaton
|
|upkeep
|
|t:|1769364959
|switch|p2a: Iron Moth|Iron Moth|100/100
|-enditem|p2a: Iron Moth|Booster Energy
|-activate|p2a: Iron Moth|ability: Quark Drive|[fromitem]
|-start|p2a: Iron Moth|quarkdrivespe
|turn|7
|
|t:|1769364972
|move|p2a: Iron Moth|Dazzling Gleam|p1a: Ursaluna
|-damage|p1a: Ursaluna|33/100
|move|p1a: Ursaluna|Earthquake|p2a: Iron Moth
|-supereffective|p2a: Iron Moth
|-damage|p2a: Iron Moth|0 fnt
|faint|p2a: Iron Moth
|-end|p2a: Iron Moth|Quark Drive|[silent]
|
|upkeep
|
|t:|1769364980
|switch|p2a: Corviknight|Corviknight, M|100/100
|-ability|p2a: Corviknight|Pressure
|turn|8
|
|t:|1769364989
|move|p2a: Corviknight|Brave Bird|p1a: Ursaluna
|-damage|p1a: Ursaluna|4/100
|-damage|p2a: Corviknight|89/100|[from] Recoil
|move|p1a: Ursaluna|Facade|p2a: Corviknight
|-resisted|p2a: Corviknight
|-damage|p2a: Corviknight|63/100
|
|-heal|p2a: Corviknight|69/100|[from] item: Leftovers
|upkeep
|turn|9
|
|t:|1769365003
|move|p2a: Corviknight|Brave Bird|p1a: Ursaluna
|-damage|p1a: Ursaluna|0 fnt
|faint|p1a: Ursaluna
|-damage|p2a: Corviknight|67/100|[from] Recoil
|
|-heal|p2a: Corviknight|73/100|[from] item: Leftovers
|upkeep
|inactive|rose4rent has 120 seconds left.
|
|t:|1769365028
|switch|p1a: Pyroar|Pyroar, M|100/100
|-damage|p1a: Pyroar|76/100|[from] Stealth Rock
|turn|10
|
|t:|1769365038
|move|p1a: Pyroar|Flamethrower|p2a: Corviknight
|-supereffective|p2a: Corviknight
|-damage|p2a: Corviknight|0 fnt
|faint|p2a: Corviknight
|
|upkeep
|
|t:|1769365043
|switch|p2a: Gholdengo|Gholdengo|100/100
|turn|11
|
|t:|1769365055
|move|p1a: Pyroar|Flamethrower|p2a: Gholdengo
|-supereffective|p2a: Gholdengo
|-damage|p2a: Gholdengo|0 fnt
|faint|p2a: Gholdengo
|
|win|rose4rent
|raw|rose4rent's rating: 1137 &rarr; <strong>1161</strong><br />(+24 for winning)
|raw|Aeybees's rating: 1130 &rarr; <strong>1106</strong><br />(-24 for losing)
|l|☆Aeybees
|player|p2|
|l|☆rose4rent
|player|p1|
