|j|☆CambridgeFoulPlay
|j|☆rblt ryo
|t:|1769365070
|gametype|singles
|player|p1|CambridgeFoulPlay|266|1693
|player|p2|rblt ryo|dawn|1767
|gen|9
|tier|[Gen 9] OU
|rated|
|rule|HP Percentage Mod: HP is shown in percentages
|rule|Endless Battle Clause: Forcing endless battles is banned
|rule|Species Clause: Limit one of each Pokémon
|rule|OHKO Clause: OHKO moves are banned
|rule|Evasion Items Clause: Evasion items are banned
|rule|Evasion Moves Clause: Evasion moves are banned
|rule|Evasion Abilities Clause: Evasion abilities are banned
|rule|Sleep Moves Clause: Sleep-inducing moves are banned
|clearpoke
|poke|p1|Hydrapple, M|
|poke|p1|Tyranitar, F|
|poke|p1|Moltres|
|poke|p1|Zamazenta-*|
|poke|p1|Slowking-Galar, F|
|poke|p1|Excadrill, F|
|poke|p2|Metagross|
|poke|p2|Keldeo-Resolute|
|poke|p2|Ting-Lu|
|poke|p2|Pecharunt|
|poke|p2|Dragapult, F|
|poke|p2|Zapdos|
|teampreview
|c|☆CambridgeFoulPlay|hf
|inactive|Battle timer is ON: inactive players will automatically lose when time's up. (requested by CambridgeFoulPlay)
|inactive|rblt ryo has 120 seconds left.
|
|t:|1769365116
|teamsize|p1|6
|teamsize|p2|6
|start
|switch|p1a: Hydrapple|Hydrapple, M|100/100
|switch|p2a: Zapdos|Zapdos|100/100
|turn|1
|
|t:|1769365122
|switch|p1a: Tyranitar|Tyranitar, F|100/100
|-weather|Sandstorm|[from] ability: Sand Stream|[of] p1a: Tyranitar
|move|p2a: Zapdos|Volt Switch|p1a: Tyranitar
|-damage|p1a: Tyranitar|86/100
|
|t:|1769365126
|switch|p2a: Ting-Lu|Ting-Lu|100/100|[from] Volt Switch
|-ability|p2a: Ting-Lu|Vessel of Ruin
|
|-weather|Sandstorm|[upkeep]
|upkeep
|turn|2
|
|t:|1769365129
|move|p1a: Tyranitar|Stealth Rock|p2a: Ting-Lu
|-sidestart|p2: rblt ryo|move: Stealth Rock
|move|p2a: Ting-Lu|Stealth Rock|p1a: Tyranitar
|-sidestart|p1: CambridgeFoulPlay|move: Stealth Rock
|
|-weather|Sandstorm|[upkeep]
|upkeep
|turn|3
|j| faronaan
|
|t:|1769365144
|switch|p1a: Excadrill|Excadrill, F|100/100
|-damage|p1a: Excadrill|97/100|[from] Stealth Rock
|-item|p1a: Excadrill|Air Balloon
|switch|p2a: Zapdos|Zapdos|100/100
|
|-weather|Sandstorm|[upkeep]
|-damage|p2a: Zapdos|94/100|[from] Sandstorm
|upkeep
|turn|4
|
|t:|1769365149
|move|p1a: Excadrill|Swords Dance|p1a: Excadrill
|-boost|p1a: Excadrill|atk|2
|move|p2a: Zapdos|Heat Wave|p1a: Excadrill
|-supereffective|p1a: Excadrill
|-damage|p1a: Excadrill|17/100
|-enditem|p1a: Excadrill|Air Balloon
|
|-weather|Sandstorm|[upkeep]
|-damage|p2a: Zapdos|88/100|[from] Sandstorm
|upkeep
|turn|5
|
|t:|1769365177
|switch|p2a: Ting-Lu|Ting-Lu|100/100
|-damage|p2a: Ting-Lu|94/100|[from] Stealth Rock
|-ability|p2a: Ting-Lu|Vessel of Ruin
|move|p1a: Excadrill|Rapid Spin|p2a: Ting-Lu
|-damage|p2a: Ting-Lu|73/100
|-boost|p1a: Excadrill|spe|1
|-sideend|p1: CambridgeFoulPlay|Stealth Rock|[from] move: Rapid Spin|[of] p1a: Excadrill
|
|-weather|Sandstorm|[upkeep]
|-heal|p2a: Ting-Lu|79/100|[from] item: Leftovers
|upkeep
|turn|6
|
|t:|1769365187
|move|p1a: Excadrill|Iron Head|p2a: Ting-Lu
|-damage|p2a: Ting-Lu|36/100
|move|p2a: Ting-Lu|Stealth Rock|p1a: Excadrill
|-sidestart|p1: CambridgeFoulPlay|move: Stealth Rock
|
|-weather|Sandstorm|[upkeep]
|-heal|p2a: Ting-Lu|43/100|[from] item: Leftovers
|upkeep
|turn|7
|
|t:|1769365191
|move|p1a: Excadrill|Iron Head|p2a: Ting-Lu
|-damage|p2a: Ting-Lu|0 fnt
|faint|p2a: Ting-Lu
|
|-weather|Sandstorm|[upkeep]
|upkeep
|
|t:|1769365194
|switch|p2a: Keldeo|Keldeo-Resolute, shiny|100/100
|-damage|p2a: Keldeo|94/100|[from] Stealth Rock
|turn|8
|
|t:|1769365196
|move|p2a: Keldeo|Vacuum Wave|p1a: Excadrill
|-supereffective|p1a: Excadrill
|-damage|p1a: Excadrill|0 fnt
|faint|p1a: Excadrill
|
|-weather|none
|upkeep
|
|t:|1769365199
|switch|p1a: Hydrapple|Hydrapple, M|100/100
|turn|9
|
|t:|1769365227
|switch|p2a: Zapdos|Zapdos|88/100
|move|p1a: Hydrapple|Fickle Beam|p2a: Zapdos
|-damage|p2a: Zapdos|45/100
|
|upkeep
|turn|10
|
|t:|1769365236
|move|p2a: Zapdos|Volt Switch|p1a: Hydrapple
|-resisted|p1a: Hydrapple
|-damage|p1a: Hydrapple|92/100
|
|t:|1769365241
|switch|p2a: Metagross|Metagross, shiny|100/100|[from] Volt Switch
|-damage|p2a: Metagross|94/100|[from] Stealth Rock
|move|p1a: Hydrapple|Fickle Beam|p2a: Metagross
|-resisted|p2a: Metagross
|-damage|p2a: Metagross|82/100
|
|upkeep
|turn|11
|
|t:|1769365248
|move|p2a: Metagross|Knock Off|p1a: Hydrapple
|-damage|p1a: Hydrapple|67/100
|-enditem|p1a: Hydrapple|Heavy-Duty Boots|[from] move: Knock Off|[of] p2a: Metagross
|move|p1a: Hydrapple|Fickle Beam|p2a: Metagross
|-resisted|p2a: Metagross
|-damage|p2a: Metagross|69/100
|
|upkeep
|turn|12
|
|t:|1769365258
|switch|p2a: Zapdos|Zapdos|45/100
|move|p1a: Hydrapple|Fickle Beam|p2a: Zapdos|[anim] Fickle Beam All Out
|-activate|p1a: Hydrapple|move: Fickle Beam
|-crit|p2a: Zapdos
|-damage|p2a: Zapdos|0 fnt
|faint|p2a: Zapdos
|
|upkeep
|
|t:|1769365266
|switch|p2a: Dragapult|Dragapult, F|100/100
|-damage|p2a: Dragapult|88/100|[from] Stealth Rock
|turn|13
|
|t:|1769365270
|switch|p1a: Moltres|Moltres|100/100
|move|p2a: Dragapult|U-turn|p1a: Moltres
|-resisted|p1a: Moltres
|-damage|p1a: Moltres|98/100
|
|t:|1769365279
|switch|p2a: Keldeo|Keldeo-Resolute, shiny|94/100|[from] U-turn
|-damage|p2a: Keldeo|88/100|[from] Stealth Rock
|
|upkeep
|turn|14
|
|t:|1769365300
|switch|p1a: Hydrapple|Hydrapple, M|99/100
|-damage|p1a: Hydrapple|88/100|[from] Stealth Rock
|move|p2a: Keldeo|Flip Turn|p1a: Hydrapple
|-resisted|p1a: Hydrapple
|-damage|p1a: Hydrapple|86/100
|
|t:|1769365304
|switch|p2a: Pecharunt|Pecharunt|100/100|[from] Flip Turn
|
|upkeep
|turn|15
|
|t:|1769365307
|-terastallize|p1a: Hydrapple|Poison
|move|p2a: Pecharunt|Parting Shot|p1a: Hydrapple
|-unboost|p1a: Hydrapple|atk|1
|-unboost|p1a: Hydrapple|spa|1
|inactive|rblt ryo has 120 seconds left.
|
|t:|1769365338
|switch|p2a: Metagross|Metagross, shiny|69/100|[from] Parting Shot
|-damage|p2a: Metagross|63/100|[from] Stealth Rock
|move|p1a: Hydrapple|Fickle Beam|p2a: Metagross|[anim] Fickle Beam All Out
|-activate|p1a: Hydrapple|move: Fickle Beam
|-resisted|p2a: Metagross
|-damage|p2a: Metagross|48/100
|
|upkeep
|turn|16
|
|t:|1769365347
|switch|p1a: Moltres|Moltres|98/100
|move|p2a: Metagross|Knock Off|p1a: Moltres
|-damage|p1a: Moltres|73/100
|-enditem|p1a: Moltres|Heavy-Duty Boots|[from] move: Knock Off|[of] p2a: Metagross
|
|upkeep
|turn|17
|
|t:|1769365361
|switch|p2a: Keldeo|Keldeo-Resolute, shiny|88/100
|-damage|p2a: Keldeo|82/100|[from] Stealth Rock
|move|p1a: Moltres|U-turn|p2a: Keldeo
|-resisted|p2a: Keldeo
|-damage|p2a: Keldeo|73/100
|
|t:|1769365364
|switch|p1a: Zamazenta|Zamazenta|100/100|[from] U-turn
|-damage|p1a: Zamazenta|94/100|[from] Stealth Rock
|-ability|p1a: Zamazenta|Dauntless Shield|boost
|-boost|p1a: Zamazenta|def|1
|
|-heal|p1a: Zamazenta|100/100|[from] item: Leftovers
|upkeep
|turn|18
|
|t:|1769365375
|move|p1a: Zamazenta|Body Press|p2a: Keldeo
|-damage|p2a: Keldeo|11/100
|move|p2a: Keldeo|Surf|p1a: Zamazenta
|-damage|p1a: Zamazenta|30/100
|
|-heal|p1a: Zamazenta|36/100|[from] item: Leftovers
|upkeep
|turn|19
|
|t:|1769365381
|switch|p2a: Pecharunt|Pecharunt|100/100
|move|p1a: Zamazenta|Crunch|p2a: Pecharunt
|-supereffective|p2a: Pecharunt
|-damage|p2a: Pecharunt|79/100
|-unboost|p2a: Pecharunt|def|1
|
|-heal|p1a: Zamazenta|43/100|[from] item: Leftovers
|upkeep
|turn|20
|
|t:|1769365387
|switch|p1a: Hydrapple|Hydrapple, M, tera:Poison|100/100
|-damage|p1a: Hydrapple|88/100|[from] Stealth Rock
|move|p2a: Pecharunt|Parting Shot|p1a: Hydrapple
|-unboost|p1a: Hydrapple|atk|1
|-unboost|p1a: Hydrapple|spa|1
|
|t:|1769365392
|switch|p2a: Metagross|Metagross, shiny|48/100|[from] Parting Shot
|-damage|p2a: Metagross|42/100|[from] Stealth Rock
|
|upkeep
|turn|21
|
|t:|1769365396
|switch|p1a: Moltres|Moltres|73/100
|-damage|p1a: Moltres|23/100|[from] Stealth Rock
|move|p2a: Metagross|Zen Headbutt|p1a: Moltres
|-damage|p1a: Moltres|0 fnt
|faint|p1a: Moltres
|
|upkeep
|
|t:|1769365399
|switch|p1a: Zamazenta|Zamazenta|43/100
|-damage|p1a: Zamazenta|36/100|[from] Stealth Rock
|turn|22
|
|t:|1769365404
|switch|p1a: Tyranitar|Tyranitar, F|86/100
|-damage|p1a: Tyranitar|74/100|[from] Stealth Rock
|-weather|Sandstorm|[from] ability: Sand Stream|[of] p1a: Tyranitar
|switch|p2a: Pecharunt|Pecharunt|79/100
|
|-weather|Sandstorm|[upkeep]
|-damage|p2a: Pecharunt|73/100|[from] Sandstorm
|upkeep
|turn|23
|
|t:|1769365417
|move|p2a: Pecharunt|Malignant Chain|p1a: Tyranitar
|-resisted|p1a: Tyranitar
|-damage|p1a: Tyranitar|68/100
|move|p1a: Tyranitar|Knock Off|p2a: Pecharunt
|-supereffective|p2a: Pecharunt
|-damage|p2a: Pecharunt|30/100
|-enditem|p2a: Pecharunt|Heavy-Duty Boots|[from] move: Knock Off|[of] p1a: Tyranitar
|
|-weather|Sandstorm|[upkeep]
|-damage|p2a: Pecharunt|24/100|[from] Sandstorm
|upkeep
|turn|24
|
|t:|1769365424
|move|p2a: Pecharunt|Recover|p2a: Pecharunt
|-heal|p2a: Pecharunt|74/100
|move|p1a: Tyranitar|Thunder Wave|p2a: Pecharunt
|-status|p2a: Pecharunt|par
|
|-weather|Sandstorm|[upkeep]
|-damage|p2a: Pecharunt|68/100 par|[from] Sandstorm
|upkeep
|turn|25
|
|t:|1769365431
|move|p1a: Tyranitar|Knock Off|p2a: Pecharunt
|-supereffective|p2a: Pecharunt
|-damage|p2a: Pecharunt|41/100 par
|cant|p2a: Pecharunt|par
|
|-weather|Sandstorm|[upkeep]
|-damage|p2a: Pecharunt|35/100 par|[from] Sandstorm
|upkeep
|turn|26
|
|t:|1769365434
|move|p1a: Tyranitar|Knock Off|p2a: Pecharunt
|-supereffective|p2a: Pecharunt
|-damage|p2a: Pecharunt|9/100 par
|move|p2a: Pecharunt|Recover|p2a: Pecharunt
|-heal|p2a: Pecharunt|59/100 par
|
|-weather|Sandstorm|[upkeep]
|-damage|p2a: Pecharunt|53/100 par|[from] Sandstorm
|upkeep
|turn|27
|
|t:|1769365436
|move|p1a: Tyranitar|Knock Off|p2a: Pecharunt
|-supereffective|p2a: Pecharunt
|-damage|p2a: Pecharunt|23/100 par
|move|p2a: Pecharunt|Recover|p2a: Pecharunt
|-heal|p2a: Pecharunt|73/100 par
|
|-weather|Sandstorm|[upkeep]
|-damage|p2a: Pecharunt|67/100 par|[from] Sandstorm
|upkeep
|turn|28
|
|t:|1769365439
|move|p1a: Tyranitar|Knock Off|p2a: Pecharunt
|-supereffective|p2a: Pecharunt
|-damage|p2a: Pecharunt|38/100 par
|cant|p2a: Pecharunt|par
|
|-weather|Sandstorm|[upkeep]
|-damage|p2a: Pecharunt|32/100 par|[from] Sandstorm
|upkeep
|turn|29
|
|t:|1769365442
|switch|p1a: Hydrapple|Hydrapple, M, tera:Poison|100/100
|-damage|p1a: Hydrapple|88/100|[from] Stealth Rock
|move|p2a: Pecharunt|Recover|p2a: Pecharunt
|-heal|p2a: Pecharunt|82/100 par
|
|-weather|none
|upkeep
|turn|30
|
|t:|1769365445
|move|p1a: Hydrapple|Earth Power|p2a: Pecharunt
|-supereffective|p2a: Pecharunt
|-damage|p2a: Pecharunt|32/100 par
|move|p2a: Pecharunt|Parting Shot|p1a: Hydrapple
|-unboost|p1a: Hydrapple|atk|1
|-unboost|p1a: Hydrapple|spa|1
|
|t:|1769365451
|switch|p2a: Metagross|Metagross, shiny|42/100|[from] Parting Shot
|-damage|p2a: Metagross|36/100|[from] Stealth Rock
|
|upkeep
|turn|31
|
|t:|1769365455
|move|p2a: Metagross|Brick Break|p1a: Hydrapple
|-resisted|p1a: Hydrapple
|-damage|p1a: Hydrapple|80/100
|move|p1a: Hydrapple|Earth Power|p2a: Metagross
|-supereffective|p2a: Metagross
|-damage|p2a: Metagross|12/100
|
|upkeep
|turn|32
|
|t:|1769365462
|switch|p1a: Tyranitar|Tyranitar, F|68/100
|-damage|p1a: Tyranitar|55/100|[from] Stealth Rock
|-weather|Sandstorm|[from] ability: Sand Stream|[of] p1a: Tyranitar
|move|p2a: Metagross|Zen Headbutt|p1a: Tyranitar
|-immune|p1a: Tyranitar
|
|-weather|Sandstorm|[upkeep]
|upkeep
|turn|33
|
|t:|1769365469
|switch|p1a: Zamazenta|Zamazenta|36/100
|-damage|p1a: Zamazenta|30/100|[from] Stealth Rock
|move|p2a: Metagross|Brick Break|p1a: Zamazenta
|-damage|p1a: Zamazenta|8/100
|
|-weather|Sandstorm|[upkeep]
|-damage|p1a: Zamazenta|2/100|[from] Sandstorm
|-heal|p1a: Zamazenta|8/100|[from] item: Leftovers
|upkeep
|turn|34
|
|t:|1769365474
|move|p2a: Metagross|Bullet Punch|p1a: Zamazenta
|-damage|p1a: Zamazenta|0 fnt
|faint|p1a: Zamazenta
|
|-weather|Sandstorm|[upkeep]
|upkeep
|
|t:|1769365475
|switch|p1a: Slowking|Slowking-Galar, F|100/100
|-damage|p1a: Slowking|88/100|[from] Stealth Rock
|turn|35
|
|t:|1769365485
|-terastallize|p2a: Metagross|Dark
|move|p2a: Metagross|Knock Off|p1a: Slowking
|-supereffective|p1a: Slowking
|-damage|p1a: Slowking|0 fnt
|-enditem|p1a: Slowking|Assault Vest|[from] move: Knock Off|[of] p2a: Metagross
|faint|p1a: Slowking
|
|-weather|Sandstorm|[upkeep]
|-damage|p2a: Metagross|6/100|[from] Sandstorm
|upkeep
|
|t:|1769365486
|switch|p1a: Hydrapple|Hydrapple, M, tera:Poison|100/100
|-damage|p1a: Hydrapple|88/100|[from] Stealth Rock
|turn|36
|
|t:|1769365492
|move|p2a: Metagross|Zen Headbutt|p1a: Hydrapple
|-supereffective|p1a: Hydrapple
|-damage|p1a: Hydrapple|29/100
|move|p1a: Hydrapple|Giga Drain|p2a: Metagross
|-damage|p2a: Metagross|0 fnt
|-heal|p1a: Hydrapple|31/100|[from] drain|[of] p2a: Metagross
|faint|p2a: Metagross
|
|-weather|Sandstorm|[upkeep]
|-damage|p1a: Hydrapple|25/100|[from] Sandstorm
|upkeep
|
|t:|1769365502
|switch|p2a: Keldeo|Keldeo-Resolute, shiny|11/100
|-damage|p2a: Keldeo|5/100|[from] Stealth Rock
|turn|37
|
|t:|1769365511
|switch|p1a: Tyranitar|Tyranitar, F|55/100
|-damage|p1a: Tyranitar|43/100|[from] Stealth Rock
|move|p2a: Keldeo|Surf|p1a: Tyranitar
|-supereffective|p1a: Tyranitar
|-damage|p1a: Tyranitar|0 fnt
|faint|p1a: Tyranitar
|
|-weather|Sandstorm|[upkeep]
|-damage|p2a: Keldeo|0 fnt|[from] Sandstorm
|faint|p2a: Keldeo
|upkeep
|
|t:|1769365524
|switch|p2a: Dragapult|Dragapult, F|88/100
|switch|p1a: Hydrapple|Hydrapple, M, tera:Poison|59/100
|-damage|p2a: Dragapult|76/100|[from] Stealth Rock
|-damage|p1a: Hydrapple|46/100|[from] Stealth Rock
|turn|38
|
|t:|1769365528
|move|p2a: Dragapult|Draco Meteor|p1a: Hydrapple
|-damage|p1a: Hydrapple|0 fnt
|-unboost|p2a: Dragapult|spa|2
|faint|p1a: Hydrapple
|
|win|rblt ryo
|raw|CambridgeFoulPlay's rating: 1693 &rarr; <strong>1677</strong><br />(-16 for losing)
|raw|rblt ryo's rating: 1767 &rarr; <strong>1783</strong><br />(+16 for winning)
|c|☆CambridgeFoulPlay|gg
|l|☆CambridgeFoulPlay
|player|p1|
|l| faronaan
