|j|☆Flex Plays Only
|j|☆poketrep
|t:|1769405713
|gametype|singles
|player|p1|Flex Plays Only|iono-masters2|1684
|player|p2|poketrep|swimmerf|1719
|gen|9
|tier|[Gen 9] OU
|rated|
|rule|HP Percentage Mod: HP is shown in percentages
|rule|Endless Battle Clause: Forcing endless battles is banned
|rule|Species Clause: Limit one of each Pokémon
|rule|OHKO Clause: OHKO moves are banned
|rule|Evasion Items Clause: Evasion items are banned
|rule|Evasion Moves Clause: Evasion moves are banned
|rule|Evasion Abilities Clause: Evasion abilities are banned
|rule|Sleep Moves Clause: Sleep-inducing moves are banned
|clearpoke
|poke|p1|Kingambit, F|
|poke|p1|Primarina, M|
|poke|p1|Great Tusk|
|poke|p1|Pecharunt|
|poke|p1|Garganacl, M|
|poke|p1|Dragonite, F|
|poke|p2|Rabsca, M|
|poke|p2|Slowking-Galar, M|
|poke|p2|Ursaluna, F|
|poke|p2|Azumarill, F|
|poke|p2|Mimikyu, F|
|poke|p2|Kingambit, M|
|teampreview
|
|t:|1769405721
|teamsize|p1|6
|teamsize|p2|6
|start
|switch|p1a: Garganacl|Garganacl, M|100/100
|switch|p2a: Chad|Azumarill, F|100/100
|turn|1
|
|t:|1769405723
|switch|p1a: Primarina|Primarina, M|100/100
|move|p2a: Chad|Liquidation|p1a: Primarina
|-resisted|p1a: Primarina
|-damage|p1a: Primarina|68/100
|
|-heal|p1a: Primarina|74/100|[from] item: Leftovers
|upkeep
|turn|2
|
|t:|1769405727
|move|p1a: Primarina|Encore|p2a: Chad
|-start|p2a: Chad|Encore
|move|p2a: Chad|Liquidation|p1a: Primarina
|-resisted|p1a: Primarina
|-damage|p1a: Primarina|44/100
|
|-heal|p1a: Primarina|50/100|[from] item: Leftovers
|upkeep
|turn|3
|
|t:|1769405730
|switch|p1a: Pecharunt|Pecharunt|100/100
|switch|p2a: Burr|Slowking-Galar, M|100/100
|
|upkeep
|turn|4
|
|t:|1769405733
|move|p1a: Pecharunt|Parting Shot|p2a: Burr
|-unboost|p2a: Burr|atk|1
|-unboost|p2a: Burr|spa|1
|
|t:|1769405735
|switch|p1a: Garganacl|Garganacl, M|100/100|[from] Parting Shot
|move|p2a: Burr|Trick Room|p2a: Burr
|-fieldstart|move: Trick Room|[of] p2a: Burr
|
|upkeep
|turn|5
|
|t:|1769405738
|switch|p2a: Village Crusher|Ursaluna, F|100/100
|move|p1a: Garganacl|Stealth Rock|p2a: Village Crusher
|-sidestart|p2: poketrep|move: Stealth Rock
|
|-status|p2a: Village Crusher|brn|[from] item: Flame Orb
|upkeep
|turn|6
|
|t:|1769405742
|move|p2a: Village Crusher|Headlong Rush|p1a: Garganacl
|-supereffective|p1a: Garganacl
|-damage|p1a: Garganacl|0 fnt
|-unboost|p2a: Village Crusher|def|1
|-unboost|p2a: Village Crusher|spd|1
|faint|p1a: Garganacl
|
|-damage|p2a: Village Crusher|94/100 brn|[from] brn
|upkeep
|
|t:|1769405747
|switch|p1a: Dragonite|Dragonite, F|100/100
|turn|7
|
|t:|1769405752
|move|p2a: Village Crusher|Facade|p1a: Dragonite
|-damage|p1a: Dragonite|47/100
|move|p1a: Dragonite|Ice Spinner|p2a: Village Crusher
|-supereffective|p2a: Village Crusher
|-crit|p2a: Village Crusher
|-damage|p2a: Village Crusher|0 fnt
|faint|p2a: Village Crusher
|
|upkeep
|
|t:|1769405759
|switch|p2a: Burr|Slowking-Galar, M|100/100
|-damage|p2a: Burr|88/100|[from] Stealth Rock
|turn|8
|
|t:|1769405763
|switch|p1a: Kingambit|Kingambit, F, shiny|100/100
|-activate|p1a: Kingambit|ability: Supreme Overlord
|-start|p1a: Kingambit|fallen1|[silent]
|move|p2a: Burr|Fire Blast|p1a: Kingambit
|-supereffective|p1a: Kingambit
|-damage|p1a: Kingambit|13/100
|-damage|p2a: Burr|78/100|[from] item: Life Orb
|
|-heal|p1a: Kingambit|19/100|[from] item: Leftovers
|-fieldend|move: Trick Room
|upkeep
|turn|9
|
|t:|1769405769
|switch|p2a: Decoy|Mimikyu, F|100/100
|-damage|p2a: Decoy|88/100|[from] Stealth Rock
|move|p1a: Kingambit|Kowtow Cleave|p2a: Decoy
|-activate|p2a: Decoy|ability: Disguise
|-damage|p2a: Decoy|88/100
|detailschange|p2a: Decoy|Mimikyu-Busted, F
|-damage|p2a: Decoy|76/100|[from] pokemon: Mimikyu-Busted
|
|-heal|p1a: Kingambit|25/100|[from] item: Leftovers
|upkeep
|turn|10
|
|t:|1769405776
|-end|p1a: Kingambit|fallen1|[silent]
|switch|p1a: Pecharunt|Pecharunt|100/100
|move|p2a: Decoy|Destiny Bond|p2a: Decoy
|-singlemove|p2a: Decoy|Destiny Bond
|
|upkeep
|turn|11
|
|t:|1769405781
|move|p1a: Pecharunt|Toxic|p2a: Decoy
|-status|p2a: Decoy|tox
|-start|p2a: Decoy|confusion|[from] ability: Poison Puppeteer|[of] p1a: Pecharunt
|-activate|p2a: Decoy|confusion
|move|p2a: Decoy|Trick Room|p2a: Decoy
|-fieldstart|move: Trick Room|[of] p2a: Decoy
|
|-damage|p2a: Decoy|70/100 tox|[from] psn
|upkeep
|turn|12
|
|t:|1769405789
|move|p1a: Pecharunt|Parting Shot|p2a: Decoy
|-unboost|p2a: Decoy|atk|1
|-unboost|p2a: Decoy|spa|1
|
|t:|1769405794
|switch|p1a: Primarina|Primarina, M|50/100|[from] Parting Shot
|-activate|p2a: Decoy|confusion
|move|p2a: Decoy|Curse|p1a: Primarina
|-start|p1a: Primarina|Curse|[of] p2a: Decoy
|-damage|p2a: Decoy|20/100 tox
|
|-heal|p1a: Primarina|56/100|[from] item: Leftovers
|-damage|p2a: Decoy|8/100 tox|[from] psn
|-damage|p1a: Primarina|31/100|[from] Curse
|upkeep
|turn|13
|
|t:|1769405800
|switch|p1a: Dragonite|Dragonite, F|47/100
|-end|p2a: Decoy|confusion
|move|p2a: Decoy|Destiny Bond|p2a: Decoy
|-singlemove|p2a: Decoy|Destiny Bond
|
|-damage|p2a: Decoy|0 fnt|[from] psn
|faint|p2a: Decoy
|upkeep
|
|t:|1769405811
|switch|p2a: Burr|Slowking-Galar, M|100/100
|-damage|p2a: Burr|88/100|[from] Stealth Rock
|turn|14
|
|t:|1769405816
|switch|p1a: Kingambit|Kingambit, F, shiny|25/100
|-activate|p1a: Kingambit|ability: Supreme Overlord
|-start|p1a: Kingambit|fallen1|[silent]
|move|p2a: Burr|Ice Beam|p1a: Kingambit
|-resisted|p1a: Kingambit
|-damage|p1a: Kingambit|7/100
|-status|p1a: Kingambit|frz
|-damage|p2a: Burr|78/100|[from] item: Life Orb
|
|-heal|p1a: Kingambit|13/100 frz|[from] item: Leftovers
|upkeep
|turn|15
|
|t:|1769405819
|cant|p1a: Kingambit|frz
|move|p2a: Burr|Ice Beam|p1a: Kingambit
|-resisted|p1a: Kingambit
|-damage|p1a: Kingambit|0 fnt
|faint|p1a: Kingambit
|-end|p1a: Kingambit|fallen1|[silent]
|-damage|p2a: Burr|68/100|[from] item: Life Orb
|
|-fieldend|move: Trick Room
|upkeep
|
|t:|1769405821
|switch|p1a: Great Tusk|Great Tusk|100/100
|turn|16
|
|t:|1769405824
|switch|p2a: Atonement|Rabsca, M|100/100
|move|p1a: Great Tusk|Headlong Rush|p2a: Atonement
|-resisted|p2a: Atonement
|-damage|p2a: Atonement|75/100
|-unboost|p1a: Great Tusk|def|1
|-unboost|p1a: Great Tusk|spd|1
|
|upkeep
|turn|17
|
|t:|1769405827
|-end|p1a: Great Tusk|Protosynthesis|[silent]
|switch|p1a: Pecharunt|Pecharunt|100/100
|move|p2a: Atonement|Trick Room|p2a: Atonement
|-fieldstart|move: Trick Room|[of] p2a: Atonement
|
|upkeep
|turn|18
|
|t:|1769405832
|-terastallize|p1a: Pecharunt|Ghost
|move|p2a: Atonement|Revival Blessing|p2a: Atonement
|
|t:|1769405834
|-heal|p2: Village Crusher|50/100|[from] move: Revival Blessing
|move|p1a: Pecharunt|Shadow Ball|p2a: Atonement
|-supereffective|p2a: Atonement
|-crit|p2a: Atonement
|-damage|p2a: Atonement|0 fnt
|faint|p2a: Atonement
|
|upkeep
|
|t:|1769405836
|switch|p2a: Shogun|Kingambit, M|100/100
|-damage|p2a: Shogun|94/100|[from] Stealth Rock
|-activate|p2a: Shogun|ability: Supreme Overlord
|-start|p2a: Shogun|fallen3|[silent]
|turn|19
|
|t:|1769405842
|switch|p1a: Dragonite|Dragonite, F|47/100
|move|p2a: Shogun|Iron Head|p1a: Dragonite
|-damage|p1a: Dragonite|0 fnt
|faint|p1a: Dragonite
|
|upkeep
|
|t:|1769405844
|switch|p1a: Great Tusk|Great Tusk|100/100
|turn|20
|
|t:|1769405846
|-end|p2a: Shogun|fallen3|[silent]
|switch|p2a: Chad|Azumarill, F|100/100
|-damage|p2a: Chad|88/100|[from] Stealth Rock
|move|p1a: Great Tusk|Headlong Rush|p2a: Chad
|-damage|p2a: Chad|29/100
|-unboost|p1a: Great Tusk|def|1
|-unboost|p1a: Great Tusk|spd|1
|
|upkeep
|turn|21
|
|t:|1769405849
|-end|p1a: Great Tusk|Protosynthesis|[silent]
|switch|p1a: Primarina|Primarina, M|31/100
|move|p2a: Chad|Liquidation|p1a: Primarina
|-resisted|p1a: Primarina
|-damage|p1a: Primarina|1/100
|
|-heal|p1a: Primarina|7/100|[from] item: Leftovers
|-fieldend|move: Trick Room
|upkeep
|turn|22
|
|t:|1769405851
|move|p2a: Chad|Aqua Jet|p1a: Primarina
|-resisted|p1a: Primarina
|-damage|p1a: Primarina|0 fnt
|faint|p1a: Primarina
|
|upkeep
|
|t:|1769405854
|switch|p1a: Great Tusk|Great Tusk|100/100
|turn|23
|
|t:|1769405858
|move|p2a: Chad|Aqua Jet|p1a: Great Tusk
|-supereffective|p1a: Great Tusk
|-damage|p1a: Great Tusk|66/100
|move|p1a: Great Tusk|Headlong Rush|p2a: Chad
|-damage|p2a: Chad|0 fnt
|-unboost|p1a: Great Tusk|def|1
|-unboost|p1a: Great Tusk|spd|1
|faint|p2a: Chad
|
|upkeep
|j| KappaHalo
|
|t:|1769405870
|switch|p2a: Burr|Slowking-Galar, M|100/100
|-damage|p2a: Burr|88/100|[from] Stealth Rock
|turn|24
|
|t:|1769405874
|-terastallize|p2a: Burr|Water
|move|p1a: Great Tusk|Headlong Rush|p2a: Burr
|-damage|p2a: Burr|23/100
|-unboost|p1a: Great Tusk|def|1
|-unboost|p1a: Great Tusk|spd|1
|move|p2a: Burr|Trick Room|p2a: Burr
|-fieldstart|move: Trick Room|[of] p2a: Burr
|
|upkeep
|turn|25
|
|t:|1769405880
|-end|p1a: Great Tusk|Protosynthesis|[silent]
|switch|p1a: Pecharunt|Pecharunt, tera:Ghost|100/100
|move|p2a: Burr|Ice Beam|p1a: Pecharunt
|-damage|p1a: Pecharunt|64/100
|-damage|p2a: Burr|13/100|[from] item: Life Orb
|
|upkeep
|turn|26
|
|t:|1769405885
|switch|p2a: Shogun|Kingambit, M|94/100
|-damage|p2a: Shogun|88/100|[from] Stealth Rock
|-activate|p2a: Shogun|ability: Supreme Overlord
|-start|p2a: Shogun|fallen4|[silent]
|move|p1a: Pecharunt|Recover|p1a: Pecharunt
|-heal|p1a: Pecharunt|100/100
|
|upkeep
|turn|27
|
|t:|1769405890
|switch|p1a: Great Tusk|Great Tusk|66/100
|move|p2a: Shogun|Iron Head|p1a: Great Tusk
|-damage|p1a: Great Tusk|19/100
|
|upkeep
|turn|28
|
|t:|1769405892
|move|p2a: Shogun|Iron Head|p1a: Great Tusk
|-damage|p1a: Great Tusk|0 fnt
|faint|p1a: Great Tusk
|-end|p1a: Great Tusk|Protosynthesis|[silent]
|
|-fieldend|move: Trick Room
|upkeep
|
|t:|1769405894
|switch|p1a: Pecharunt|Pecharunt, tera:Ghost|100/100
|turn|29
|
|t:|1769405895
|move|p1a: Pecharunt|Shadow Ball|p2a: Shogun
|-resisted|p2a: Shogun
|-damage|p2a: Shogun|73/100
|move|p2a: Shogun|Kowtow Cleave|p1a: Pecharunt
|-supereffective|p1a: Pecharunt
|-damage|p1a: Pecharunt|18/100
|
|upkeep
|turn|30
|
|t:|1769405898
|move|p1a: Pecharunt|Shadow Ball|p2a: Shogun
|-resisted|p2a: Shogun
|-damage|p2a: Shogun|58/100
|move|p2a: Shogun|Kowtow Cleave|p1a: Pecharunt
|-supereffective|p1a: Pecharunt
|-damage|p1a: Pecharunt|0 fnt
|faint|p1a: Pecharunt
|
|win|poketrep
|raw|Flex Plays Only's rating: 1684 &rarr; <strong>1666</strong><br />(-18 for losing)
|raw|poketrep's rating: 1719 &rarr; <strong>1737</strong><br />(+18 for winning)
|l|☆poketrep
|player|p2|
|l|☆Flex Plays Only
|player|p1|
|l| KappaHalo
