|j|☆trash dz
|j|☆Moeoet
|t:|1769352803
|gametype|singles
|player|p1|trash dz|elesa|1410
|player|p2|Moeoet|101|1416
|gen|9
|tier|[Gen 9] OU
|rated|
|rule|HP Percentage Mod: HP is shown in percentages
|rule|Endless Battle Clause: Forcing endless battles is banned
|rule|Species Clause: Limit one of each Pokémon
|rule|OHKO Clause: OHKO moves are banned
|rule|Evasion Items Clause: Evasion items are banned
|rule|Evasion Moves Clause: Evasion moves are banned
|rule|Evasion Abilities Clause: Evasion abilities are banned
|rule|Sleep Moves Clause: Sleep-inducing moves are banned
|clearpoke
|poke|p1|Araquanid, F|
|poke|p1|Raging Bolt|
|poke|p1|Iron Moth|
|poke|p1|Great Tusk|
|poke|p1|Gholdengo|
|poke|p1|Kingambit, M|
|poke|p2|Hatterene, F|
|poke|p2|Ursaluna, M|
|poke|p2|Porygon2|
|poke|p2|Cresselia, F|
|poke|p2|Iron Hands|
|poke|p2|Volcanion|
|teampreview
|
|t:|1769352808
|teamsize|p1|6
|teamsize|p2|6
|start
|switch|p1a: Araquanid|Araquanid, F|100/100
|switch|p2a: Cybercuck|Iron Hands|100/100
|-enditem|p2a: Cybercuck|Booster Energy
|-activate|p2a: Cybercuck|ability: Quark Drive|[fromitem]
|-start|p2a: Cybercuck|quarkdriveatk
|turn|1
|
|t:|1769352863
|move|p1a: Araquanid|Sticky Web|p2a: Cybercuck
|-sidestart|p2: Moeoet|move: Sticky Web
|move|p2a: Cybercuck|Wild Charge|p1a: Araquanid
|-supereffective|p1a: Araquanid
|-damage|p1a: Araquanid|0 fnt
|faint|p1a: Araquanid
|-damage|p2a: Cybercuck|84/100|[from] Recoil
|
|upkeep
|
|t:|1769352868
|switch|p1a: Great Tusk|Great Tusk|100/100
|-enditem|p1a: Great Tusk|Booster Energy
|-activate|p1a: Great Tusk|ability: Protosynthesis|[fromitem]
|-start|p1a: Great Tusk|protosynthesisatk
|turn|2
|
|t:|1769352875
|-end|p2a: Cybercuck|Quark Drive|[silent]
|switch|p2a: R.I.P. Joe Biden|Cresselia, F|100/100
|move|p1a: Great Tusk|Rapid Spin|p2a: R.I.P. Joe Biden
|-damage|p2a: R.I.P. Joe Biden|88/100
|-boost|p1a: Great Tusk|spe|1
|
|upkeep
|turn|3
|
|t:|1769352883
|-end|p1a: Great Tusk|Protosynthesis|[silent]
|switch|p1a: Iron Moth|Iron Moth|100/100
|-enditem|p1a: Iron Moth|Booster Energy
|-activate|p1a: Iron Moth|ability: Quark Drive|[fromitem]
|-start|p1a: Iron Moth|quarkdrivespa
|move|p2a: R.I.P. Joe Biden|Trick Room|p2a: R.I.P. Joe Biden
|-fieldstart|move: Trick Room|[of] p2a: R.I.P. Joe Biden
|
|upkeep
|turn|4
|
|t:|1769352893
|move|p2a: R.I.P. Joe Biden|Psychic|p1a: Iron Moth
|-supereffective|p1a: Iron Moth
|-damage|p1a: Iron Moth|48/100
|move|p1a: Iron Moth|Fiery Dance|p2a: R.I.P. Joe Biden
|-damage|p2a: R.I.P. Joe Biden|51/100
|-boost|p1a: Iron Moth|spa|1
|
|upkeep
|turn|5
|
|t:|1769352899
|-terastallize|p1a: Iron Moth|Fairy
|move|p2a: R.I.P. Joe Biden|Psychic|p1a: Iron Moth
|-damage|p1a: Iron Moth|24/100
|move|p1a: Iron Moth|Fiery Dance|p2a: R.I.P. Joe Biden
|-damage|p2a: R.I.P. Joe Biden|0 fnt
|faint|p2a: R.I.P. Joe Biden
|
|upkeep
|
|t:|1769352904
|switch|p2a: Cuckstoel|Ursaluna, M|100/100
|-activate|p2a: Cuckstoel|move: Sticky Web
|-unboost|p2a: Cuckstoel|spe|1
|turn|6
|
|t:|1769352911
|move|p2a: Cuckstoel|Headlong Rush|p1a: Iron Moth
|-damage|p1a: Iron Moth|0 fnt
|-unboost|p2a: Cuckstoel|def|1
|-unboost|p2a: Cuckstoel|spd|1
|faint|p1a: Iron Moth
|-end|p1a: Iron Moth|Quark Drive|[silent]
|
|-status|p2a: Cuckstoel|brn|[from] item: Flame Orb
|upkeep
|
|t:|1769352914
|switch|p1a: Gholdengo|Gholdengo|100/100
|-item|p1a: Gholdengo|Air Balloon
|turn|7
|
|t:|1769352919
|move|p2a: Cuckstoel|Fire Punch|p1a: Gholdengo
|-supereffective|p1a: Gholdengo
|-damage|p1a: Gholdengo|0 fnt
|-enditem|p1a: Gholdengo|Air Balloon
|faint|p1a: Gholdengo
|
|-damage|p2a: Cuckstoel|94/100 brn|[from] brn
|-fieldend|move: Trick Room
|upkeep
|
|t:|1769352927
|switch|p1a: Raging Bolt|Raging Bolt|100/100
|-enditem|p1a: Raging Bolt|Booster Energy
|-activate|p1a: Raging Bolt|ability: Protosynthesis|[fromitem]
|-start|p1a: Raging Bolt|protosynthesisspa
|turn|8
|
|t:|1769352935
|switch|p2a: Doppelapfel|Volcanion|100/100
|-activate|p2a: Doppelapfel|move: Sticky Web
|-unboost|p2a: Doppelapfel|spe|1
|move|p1a: Raging Bolt|Dragon Pulse|p2a: Doppelapfel
|-damage|p2a: Doppelapfel|32/100
|
|upkeep
|turn|9
|
|t:|1769352942
|move|p1a: Raging Bolt|Thunderclap|p2a: Doppelapfel
|-supereffective|p2a: Doppelapfel
|-damage|p2a: Doppelapfel|0 fnt
|faint|p2a: Doppelapfel
|
|upkeep
|
|t:|1769352947
|switch|p2a: Puidgeduck|Porygon2|100/100
|-activate|p2a: Puidgeduck|move: Sticky Web
|-unboost|p2a: Puidgeduck|spe|1
|-ability|p2a: Puidgeduck|Download|boost
|-boost|p2a: Puidgeduck|spa|1
|turn|10
|
|t:|1769352952
|move|p1a: Raging Bolt|Calm Mind|p1a: Raging Bolt
|-boost|p1a: Raging Bolt|spa|1
|-boost|p1a: Raging Bolt|spd|1
|move|p2a: Puidgeduck|Trick Room|p2a: Puidgeduck
|-fieldstart|move: Trick Room|[of] p2a: Puidgeduck
|
|upkeep
|turn|11
|
|t:|1769352955
|move|p2a: Puidgeduck|Ice Beam|p1a: Raging Bolt
|-supereffective|p1a: Raging Bolt
|-damage|p1a: Raging Bolt|44/100
|move|p1a: Raging Bolt|Thunderbolt|p2a: Puidgeduck
|-damage|p2a: Puidgeduck|39/100
|
|upkeep
|turn|12
|
|t:|1769352961
|move|p1a: Raging Bolt|Thunderclap|p2a: Puidgeduck
|-damage|p2a: Puidgeduck|0 fnt
|faint|p2a: Puidgeduck
|
|upkeep
|
|t:|1769352964
|switch|p2a: Cuckstoel|Ursaluna, M|94/100 brn
|-activate|p2a: Cuckstoel|move: Sticky Web
|-unboost|p2a: Cuckstoel|spe|1
|turn|13
|
|t:|1769352968
|move|p2a: Cuckstoel|Facade|p1a: Raging Bolt
|-damage|p1a: Raging Bolt|0 fnt
|faint|p1a: Raging Bolt
|-end|p1a: Raging Bolt|Protosynthesis|[silent]
|
|-damage|p2a: Cuckstoel|88/100 brn|[from] brn
|upkeep
|
|t:|1769352984
|switch|p1a: Great Tusk|Great Tusk|100/100
|turn|14
|
|t:|1769352994
|move|p2a: Cuckstoel|Facade|p1a: Great Tusk
|-damage|p1a: Great Tusk|4/100
|move|p1a: Great Tusk|Rapid Spin|p2a: Cuckstoel
|-damage|p2a: Cuckstoel|75/100 brn
|-boost|p1a: Great Tusk|spe|1
|
|-damage|p2a: Cuckstoel|69/100 brn|[from] brn
|-fieldend|move: Trick Room
|upkeep
|turn|15
|
|t:|1769353003
|move|p1a: Great Tusk|Ice Spinner|p2a: Cuckstoel
|-supereffective|p2a: Cuckstoel
|-damage|p2a: Cuckstoel|28/100 brn
|move|p2a: Cuckstoel|Facade|p1a: Great Tusk
|-damage|p1a: Great Tusk|0 fnt
|faint|p1a: Great Tusk
|-end|p1a: Great Tusk|Protosynthesis|[silent]
|
|-damage|p2a: Cuckstoel|22/100 brn|[from] brn
|upkeep
|
|t:|1769353008
|switch|p1a: Kingambit|Kingambit, M|100/100
|-activate|p1a: Kingambit|ability: Supreme Overlord
|-start|p1a: Kingambit|fallen5|[silent]
|turn|16
|
|t:|1769353015
|move|p1a: Kingambit|Kowtow Cleave|p2a: Cuckstoel
|-damage|p2a: Cuckstoel|0 fnt
|faint|p2a: Cuckstoel
|
|upkeep
|
|t:|1769353017
|switch|p2a: Glühwein|Hatterene, F, shiny|100/100
|-activate|p2a: Glühwein|move: Sticky Web
|-unboost|p2a: Glühwein|spe|1
|turn|17
|
|t:|1769353022
|move|p1a: Kingambit|Swords Dance|p1a: Kingambit
|-boost|p1a: Kingambit|atk|2
|move|p2a: Glühwein|Trick Room|p2a: Glühwein
|-fieldstart|move: Trick Room|[of] p2a: Glühwein
|
|upkeep
|turn|18
|
|t:|1769353025
|move|p2a: Glühwein|Dazzling Gleam|p1a: Kingambit
|-damage|p1a: Kingambit|47/100
|move|p1a: Kingambit|Kowtow Cleave|p2a: Glühwein
|-enditem|p2a: Glühwein|Focus Sash
|-damage|p2a: Glühwein|1/100
|
|upkeep
|turn|19
|
|t:|1769353029
|move|p1a: Kingambit|Sucker Punch||[still]
|-fail|p1a: Kingambit
|move|p2a: Glühwein|Healing Wish|p2a: Glühwein
|faint|p2a: Glühwein
|
|upkeep
|
|t:|1769353030
|switch|p2a: Cybercuck|Iron Hands|84/100
|-heal|p2a: Cybercuck|100/100|[from] move: Healing Wish
|-activate|p2a: Cybercuck|move: Sticky Web
|-unboost|p2a: Cybercuck|spe|1
|turn|20
|
|t:|1769353038
|move|p1a: Kingambit|Sucker Punch|p2a: Cybercuck
|-resisted|p2a: Cybercuck
|-damage|p2a: Cybercuck|60/100
|move|p2a: Cybercuck|Drain Punch|p1a: Kingambit
|-supereffective|p1a: Kingambit
|-damage|p1a: Kingambit|0 fnt
|-heal|p2a: Cybercuck|75/100|[from] drain|[of] p1a: Kingambit
|faint|p1a: Kingambit
|-end|p1a: Kingambit|fallen5|[silent]
|
|win|Moeoet
|raw|trash dz's rating: 1410 &rarr; <strong>1390</strong><br />(-20 for losing)
|raw|Moeoet's rating: 1416 &rarr; <strong>1436</strong><br />(+20 for winning)
|l|☆Moeoet
|player|p2|
