|j|☆Antoni1991
|j|☆wuilewui
|t:|1769443898
|gametype|singles
|player|p1|Antoni1991|karen|1093
|player|p2|wuilewui|kimonogirl|1073
|gen|9
|tier|[Gen 9] OU
|rated|
|rule|HP Percentage Mod: HP is shown in percentages
|rule|Endless Battle Clause: Forcing endless battles is banned
|rule|Species Clause: Limit one of each Pokémon
|rule|OHKO Clause: OHKO moves are banned
|rule|Evasion Items Clause: Evasion items are banned
|rule|Evasion Moves Clause: Evasion moves are banned
|rule|Evasion Abilities Clause: Evasion abilities are banned
|rule|Sleep Moves Clause: Sleep-inducing moves are banned
|clearpoke
|poke|p1|Typhlosion, M|
|poke|p1|Gyarados, M|
|poke|p1|Tyranitar, F|
|poke|p1|Ampharos, M|
|poke|p1|Espeon, F|
|poke|p1|Azumarill, F|
|poke|p2|Krookodile, F|
|poke|p2|Fezandipiti, M|
|poke|p2|Tauros-Paldea-Aqua, M|
|poke|p2|Oinkologne-F, F|
|poke|p2|Gholdengo|
|poke|p2|Skeledirge, M|
|teampreview
|
|t:|1769443909
|teamsize|p1|6
|teamsize|p2|6
|start
|switch|p1a: Tyranitar|Tyranitar, F|100/100
|switch|p2a: Krookodile|Krookodile, F|100/100
|-weather|Sandstorm|[from] ability: Sand Stream|[of] p1a: Tyranitar
|turn|1
|
|t:|1769443921
|switch|p1a: Espeon|Espeon, F|100/100
|move|p2a: Krookodile|Stone Edge|p1a: Espeon
|-damage|p1a: Espeon|48/100
|
|-weather|Sandstorm|[upkeep]
|-damage|p1a: Espeon|42/100|[from] Sandstorm
|upkeep
|turn|2
|
|t:|1769443932
|switch|p1a: Ampharos|Ampharos, M|100/100
|move|p2a: Krookodile|Earthquake|p1a: Ampharos
|-supereffective|p1a: Ampharos
|-crit|p1a: Ampharos
|-damage|p1a: Ampharos|14/100
|
|-weather|Sandstorm|[upkeep]
|-damage|p1a: Ampharos|8/100|[from] Sandstorm
|upkeep
|turn|3
|
|t:|1769443953
|move|p2a: Krookodile|Knock Off|p1a: Ampharos
|-damage|p1a: Ampharos|0 fnt
|-damage|p2a: Krookodile|84/100|[from] item: Rocky Helmet|[of] p1a: Ampharos
|-status|p2a: Krookodile|par|[from] ability: Static|[of] p1a: Ampharos
|-enditem|p1a: Ampharos|Rocky Helmet|[from] move: Knock Off|[of] p2a: Krookodile
|faint|p1a: Ampharos
|
|-weather|Sandstorm|[upkeep]
|-heal|p2a: Krookodile|90/100 par|[from] item: Leftovers
|upkeep
|
|t:|1769443963
|switch|p1a: Azumarill|Azumarill, F|100/100
|turn|4
|
|t:|1769443997
|-terastallize|p2a: Krookodile|Grass
|cant|p2a: Krookodile|par
|move|p1a: Azumarill|Liquidation|p2a: Krookodile
|-resisted|p2a: Krookodile
|-crit|p2a: Krookodile
|-damage|p2a: Krookodile|50/100 par
|-setboost|p2a: Krookodile|atk|6|[from] ability: Anger Point
|-unboost|p2a: Krookodile|def|1
|
|-weather|Sandstorm|[upkeep]
|-damage|p2a: Krookodile|44/100 par|[from] Sandstorm
|-damage|p1a: Azumarill|94/100|[from] Sandstorm
|-heal|p2a: Krookodile|50/100 par|[from] item: Leftovers
|-heal|p1a: Azumarill|100/100|[from] item: Leftovers
|upkeep
|turn|5
|
|t:|1769444015
|cant|p2a: Krookodile|par
|move|p1a: Azumarill|Play Rough|p2a: Krookodile
|-damage|p2a: Krookodile|0 fnt
|faint|p2a: Krookodile
|
|-weather|none
|upkeep
|
|t:|1769444023
|switch|p2a: Skeledirge|Skeledirge, M|100/100
|turn|6
|
|t:|1769444042
|move|p2a: Skeledirge|Will-O-Wisp|p1a: Azumarill
|-status|p1a: Azumarill|brn
|move|p1a: Azumarill|Liquidation|p2a: Skeledirge
|-supereffective|p2a: Skeledirge
|-damage|p2a: Skeledirge|67/100
|
|-damage|p1a: Azumarill|94/100 brn|[from] brn
|upkeep
|turn|7
|
|t:|1769444057
|switch|p1a: Tyranitar|Tyranitar, F|100/100
|-weather|Sandstorm|[from] ability: Sand Stream|[of] p1a: Tyranitar
|move|p2a: Skeledirge|Hex|p1a: Tyranitar
|-resisted|p1a: Tyranitar
|-damage|p1a: Tyranitar|96/100
|
|-weather|Sandstorm|[upkeep]
|-damage|p2a: Skeledirge|61/100|[from] Sandstorm
|upkeep
|turn|8
|
|t:|1769444068
|move|p2a: Skeledirge|Will-O-Wisp|p1a: Tyranitar
|-status|p1a: Tyranitar|brn
|move|p1a: Tyranitar|Knock Off|p2a: Skeledirge
|-supereffective|p2a: Skeledirge
|-damage|p2a: Skeledirge|27/100
|-enditem|p2a: Skeledirge|Heavy-Duty Boots|[from] move: Knock Off|[of] p1a: Tyranitar
|
|-weather|Sandstorm|[upkeep]
|-damage|p2a: Skeledirge|21/100|[from] Sandstorm
|-damage|p1a: Tyranitar|90/100 brn|[from] brn
|upkeep
|turn|9
|
|t:|1769444097
|move|p2a: Skeledirge|Torch Song|p1a: Tyranitar
|-resisted|p1a: Tyranitar
|-damage|p1a: Tyranitar|84/100 brn
|-boost|p2a: Skeledirge|spa|1
|move|p1a: Tyranitar|Stone Edge|p2a: Skeledirge
|-supereffective|p2a: Skeledirge
|-damage|p2a: Skeledirge|0 fnt
|faint|p2a: Skeledirge
|
|-weather|Sandstorm|[upkeep]
|-damage|p1a: Tyranitar|78/100 brn|[from] brn
|upkeep
|
|t:|1769444110
|switch|p2a: Tauros|Tauros-Paldea-Aqua, M|100/100
|-ability|p2a: Tauros|Intimidate|boost
|-unboost|p1a: Tyranitar|atk|1
|turn|10
|l|☆Antoni1991
|player|p1|
|inactive|Battle timer is ON: inactive players will automatically lose when time's up. (requested by wuilewui)
|inactive|Antoni1991 has 30 seconds to reconnect!
|inactive|Antoni1991 has 20 seconds to reconnect!
|inactive|Antoni1991 has 15 seconds to reconnect!
|inactive|Antoni1991 has 10 seconds to reconnect!
|inactive|Antoni1991 has 5 seconds to reconnect!
|-message|Antoni1991 lost due to inactivity.
|
|win|wuilewui
|raw|Antoni1991's rating: 1093 &rarr; <strong>1068</strong><br />(-25 for losing)
|raw|wuilewui's rating: 1073 &rarr; <strong>1104</strong><br />(+31 for winning)
|l|☆wuilewui
|player|p2|
