|j|☆vulpix bot
|j|☆OP Sand
|t:|1769340371
|gametype|singles
|player|p1|vulpix bot|aromalady|1652
|player|p2|OP Sand|giovanni-masters|1628
|gen|9
|tier|[Gen 9] OU
|rated|
|rule|HP Percentage Mod: HP is shown in percentages
|rule|Endless Battle Clause: Forcing endless battles is banned
|rule|Species Clause: Limit one of each Pokémon
|rule|OHKO Clause: OHKO moves are banned
|rule|Evasion Items Clause: Evasion items are banned
|rule|Evasion Moves Clause: Evasion moves are banned
|rule|Evasion Abilities Clause: Evasion abilities are banned
|rule|Sleep Moves Clause: Sleep-inducing moves are banned
|clearpoke
|poke|p1|Dondozo, F|
|poke|p1|Blissey, F|
|poke|p1|Corviknight, F|
|poke|p1|Weezing-Galar, M|
|poke|p1|Gliscor, F|
|poke|p1|Toxapex, M|
|poke|p2|Excadrill, F|
|poke|p2|Tyranitar, M|
|poke|p2|Kyurem|
|poke|p2|Hawlucha, F|
|poke|p2|Pawmot, F|
|poke|p2|Ninetales-Alola, F|
|teampreview
|inactive|Battle timer is ON: inactive players will automatically lose when time's up. (requested by OP Sand)
|inactive|vulpix bot also wants the timer to be on.
|l|☆OP Sand
|inactive|OP Sand disconnected and has a minute to reconnect!
|player|p2|
|j|☆OP Sand
|inactive|OP Sand reconnected and has 140 seconds left.
|player|p2|OP Sand|giovanni-masters|
|
|t:|1769340396
|teamsize|p1|6
|teamsize|p2|6
|start
|switch|p1a: Gliscor|Gliscor, F|100/100
|switch|p2a: Ninetales|Ninetales-Alola, F|100/100
|-weather|Snowscape|[from] ability: Snow Warning|[of] p2a: Ninetales
|turn|1
|
|t:|1769340405
|move|p1a: Gliscor|Protect|p1a: Gliscor
|-singleturn|p1a: Gliscor|Protect
|move|p2a: Ninetales|Encore|p1a: Gliscor
|-activate|p1a: Gliscor|move: Protect
|
|-weather|Snowscape|[upkeep]
|-status|p1a: Gliscor|tox|[from] item: Toxic Orb
|upkeep
|turn|2
|
|t:|1769340414
|switch|p1a: Toxapex|Toxapex, M|100/100
|move|p2a: Ninetales|Encore||[still]
|-fail|p2a: Ninetales
|
|-weather|Snowscape|[upkeep]
|upkeep
|turn|3
|
|t:|1769340423
|switch|p2a: OP|Excadrill, F|100/100
|move|p1a: Toxapex|Toxic|p2a: OP
|-immune|p2a: OP
|
|-weather|Snowscape|[upkeep]
|upkeep
|turn|4
|
|t:|1769340429
|switch|p2a: Frieza|Kyurem, shiny|100/100
|-ability|p2a: Frieza|Pressure
|switch|p1a: Corviknight|Corviknight, F|100/100
|-ability|p1a: Corviknight|Pressure
|
|-weather|Snowscape|[upkeep]
|upkeep
|turn|5
|
|t:|1769340434
|switch|p1a: Blissey|Blissey, F|100/100
|move|p2a: Frieza|Freeze-Dry|p1a: Blissey
|-damage|p1a: Blissey|88/100
|-status|p1a: Blissey|frz
|
|-weather|none
|-heal|p1a: Blissey|94/100 frz|[from] item: Leftovers
|upkeep
|turn|6
|
|t:|1769340442
|switch|p2a: Shukaku|Tyranitar, M, shiny|100/100
|-weather|Sandstorm|[from] ability: Sand Stream|[of] p2a: Shukaku
|-curestatus|p1a: Blissey|frz|[from] ability: Natural Cure
|switch|p1a: Toxapex|Toxapex, M|100/100
|
|-weather|Sandstorm|[upkeep]
|-damage|p1a: Toxapex|94/100|[from] Sandstorm
|-heal|p1a: Toxapex|100/100|[from] item: Leftovers
|upkeep
|turn|7
|
|t:|1769340447
|move|p2a: Shukaku|Thunder Wave|p1a: Toxapex
|-status|p1a: Toxapex|par
|cant|p1a: Toxapex|par
|
|-weather|Sandstorm|[upkeep]
|-damage|p1a: Toxapex|94/100 par|[from] Sandstorm
|-heal|p1a: Toxapex|100/100 par|[from] item: Leftovers
|upkeep
|turn|8
|
|t:|1769340451
|switch|p2a: Frieza|Kyurem, shiny|100/100
|-ability|p2a: Frieza|Pressure
|move|p1a: Toxapex|Toxic|p2a: Frieza
|-status|p2a: Frieza|tox
|
|-weather|Sandstorm|[upkeep]
|-damage|p2a: Frieza|94/100 tox|[from] Sandstorm
|-damage|p1a: Toxapex|94/100 par|[from] Sandstorm
|-heal|p1a: Toxapex|100/100 par|[from] item: Leftovers
|-damage|p2a: Frieza|88/100 tox|[from] psn
|upkeep
|turn|9
|
|t:|1769340455
|switch|p1a: Blissey|Blissey, F|94/100
|move|p2a: Frieza|Freeze-Dry|p1a: Blissey
|-damage|p1a: Blissey|82/100
|
|-weather|Sandstorm|[upkeep]
|-damage|p2a: Frieza|82/100 tox|[from] Sandstorm
|-damage|p1a: Blissey|76/100|[from] Sandstorm
|-heal|p1a: Blissey|82/100|[from] item: Leftovers
|-damage|p2a: Frieza|69/100 tox|[from] psn
|upkeep
|turn|10
|
|t:|1769340458
|move|p2a: Frieza|Freeze-Dry|p1a: Blissey
|-damage|p1a: Blissey|69/100
|move|p1a: Blissey|Stealth Rock|p2a: Frieza
|-sidestart|p2: OP Sand|move: Stealth Rock
|
|-weather|Sandstorm|[upkeep]
|-damage|p2a: Frieza|63/100 tox|[from] Sandstorm
|-damage|p1a: Blissey|62/100|[from] Sandstorm
|-heal|p1a: Blissey|69/100|[from] item: Leftovers
|-damage|p2a: Frieza|45/100 tox|[from] psn
|upkeep
|turn|11
|j| Ctannn
|
|t:|1769340467
|move|p2a: Frieza|Freeze-Dry|p1a: Blissey
|-damage|p1a: Blissey|57/100
|move|p1a: Blissey|Seismic Toss|p2a: Frieza
|-damage|p2a: Frieza|20/100 tox
|
|-weather|Sandstorm|[upkeep]
|-damage|p2a: Frieza|13/100 tox|[from] Sandstorm
|-damage|p1a: Blissey|51/100|[from] Sandstorm
|-heal|p1a: Blissey|57/100|[from] item: Leftovers
|-damage|p2a: Frieza|0 fnt|[from] psn
|faint|p2a: Frieza
|upkeep
|
|t:|1769340473
|switch|p2a: Porunga|Pawmot, F|100/100
|-damage|p2a: Porunga|95/100|[from] Stealth Rock
|turn|12
|
|t:|1769340483
|switch|p1a: Weezing|Weezing-Galar, M|100/100
|-ability|p1a: Weezing|Neutralizing Gas
|move|p2a: Porunga|Revival Blessing|p2a: Porunga
|-enditem|p2a: Porunga|Leppa Berry|[eat]
|-activate|p2a: Porunga|item: Leppa Berry|Revival Blessing|[consumed]
|
|t:|1769340490
|-heal|p2: Frieza|50/100|[from] move: Revival Blessing
|
|-weather|Sandstorm|[upkeep]
|-damage|p2a: Porunga|89/100|[from] Sandstorm
|-damage|p1a: Weezing|95/100|[from] Sandstorm
|upkeep
|turn|13
|
|t:|1769340497
|switch|p2a: Shukaku|Tyranitar, M, shiny|100/100
|-damage|p2a: Shukaku|88/100|[from] Stealth Rock
|move|p1a: Weezing|Will-O-Wisp|p2a: Shukaku
|-status|p2a: Shukaku|brn
|
|-weather|none
|-damage|p2a: Shukaku|82/100 brn|[from] brn
|upkeep
|turn|14
|
|t:|1769340504
|-end|p1a: Weezing|ability: Neutralizing Gas
|-weather|Sandstorm|[from] ability: Sand Stream|[of] p2a: Shukaku
|switch|p1a: Gliscor|Gliscor, F|100/100 tox
|move|p2a: Shukaku|Stealth Rock|p1a: Gliscor
|-sidestart|p1: vulpix bot|move: Stealth Rock
|
|-weather|Sandstorm|[upkeep]
|-damage|p2a: Shukaku|76/100 brn|[from] brn
|upkeep
|turn|15
|
|t:|1769340512
|move|p1a: Gliscor|Knock Off|p2a: Shukaku
|-resisted|p2a: Shukaku
|-damage|p2a: Shukaku|69/100 brn
|-enditem|p2a: Shukaku|Smooth Rock|[from] move: Knock Off|[of] p1a: Gliscor
|move|p2a: Shukaku|Ice Beam|p1a: Gliscor
|-supereffective|p1a: Gliscor
|-damage|p1a: Gliscor|15/100 tox
|
|-weather|Sandstorm|[upkeep]
|-heal|p1a: Gliscor|28/100 tox|[from] ability: Poison Heal
|-damage|p2a: Shukaku|62/100 brn|[from] brn
|upkeep
|turn|16
|
|t:|1769340519
|move|p1a: Gliscor|Protect|p1a: Gliscor
|-singleturn|p1a: Gliscor|Protect
|move|p2a: Shukaku|Roar|p1a: Gliscor
|drag|p1a: Weezing|Weezing-Galar, M|95/100
|-ability|p1a: Weezing|Neutralizing Gas
|
|-weather|Sandstorm|[upkeep]
|-damage|p1a: Weezing|89/100|[from] Sandstorm
|-damage|p2a: Shukaku|56/100 brn|[from] brn
|upkeep
|turn|17
|
|t:|1769340527
|switch|p2a: Ninetales|Ninetales-Alola, F|100/100
|-damage|p2a: Ninetales|76/100|[from] Stealth Rock
|move|p1a: Weezing|Toxic Spikes|p2a: Ninetales
|-sidestart|p2: OP Sand|move: Toxic Spikes
|
|-weather|Sandstorm|[upkeep]
|-damage|p2a: Ninetales|69/100|[from] Sandstorm
|-damage|p1a: Weezing|83/100|[from] Sandstorm
|upkeep
|turn|18
|
|t:|1769340536
|switch|p2a: Itachi|Hawlucha, F, shiny|100/100
|-damage|p2a: Itachi|88/100|[from] Stealth Rock
|-end|p1a: Weezing|ability: Neutralizing Gas
|-ability|p2a: Itachi|Mold Breaker
|switch|p1a: Blissey|Blissey, F|57/100
|-damage|p1a: Blissey|45/100|[from] Stealth Rock
|
|-weather|Sandstorm|[upkeep]
|-damage|p2a: Itachi|82/100|[from] Sandstorm
|-damage|p1a: Blissey|38/100|[from] Sandstorm
|-heal|p1a: Blissey|45/100|[from] item: Leftovers
|upkeep
|turn|19
|
|t:|1769340544
|switch|p1a: Dondozo|Dondozo, F|100/100
|-damage|p1a: Dondozo|88/100|[from] Stealth Rock
|move|p2a: Itachi|Brave Bird|p1a: Dondozo
|-damage|p1a: Dondozo|67/100
|-damage|p2a: Itachi|70/100|[from] Recoil
|
|-weather|Sandstorm|[upkeep]
|-damage|p2a: Itachi|64/100|[from] Sandstorm
|-damage|p1a: Dondozo|61/100|[from] Sandstorm
|-heal|p1a: Dondozo|67/100|[from] item: Leftovers
|upkeep
|turn|20
|
|t:|1769340549
|move|p2a: Itachi|Swords Dance|p2a: Itachi
|-boost|p2a: Itachi|atk|2
|move|p1a: Dondozo|Avalanche|p2a: Itachi
|-supereffective|p2a: Itachi
|-damage|p2a: Itachi|22/100
|-enditem|p2a: Itachi|Red Card|[of] p1a: Dondozo
|drag|p1a: Toxapex|Toxapex, M|100/100 par
|-damage|p1a: Toxapex|88/100 par|[from] Stealth Rock
|
|-weather|Sandstorm|[upkeep]
|-damage|p2a: Itachi|16/100|[from] Sandstorm
|-damage|p1a: Toxapex|82/100 par|[from] Sandstorm
|-heal|p1a: Toxapex|88/100 par|[from] item: Leftovers
|upkeep
|turn|21
|
|t:|1769340555
|move|p2a: Itachi|Defog|p1a: Toxapex
|-unboost|p1a: Toxapex|evasion|1
|-sideend|p1: vulpix bot|Stealth Rock|[from] move: Defog|[of] p2a: Itachi
|-sideend|p2: OP Sand|Toxic Spikes|[from] move: Defog|[of] p2a: Itachi
|-sideend|p2: OP Sand|Stealth Rock|[from] move: Defog|[of] p2a: Itachi
|move|p1a: Toxapex|Poison Jab|p2a: Itachi
|-damage|p2a: Itachi|0 fnt
|faint|p2a: Itachi
|
|-weather|none
|-heal|p1a: Toxapex|94/100 par|[from] item: Leftovers
|upkeep
|
|t:|1769340567
|switch|p2a: Shukaku|Tyranitar, M, shiny|56/100 brn
|-weather|Sandstorm|[from] ability: Sand Stream|[of] p2a: Shukaku
|turn|22
|
|t:|1769340576
|move|p2a: Shukaku|Stealth Rock|p1a: Toxapex
|-sidestart|p1: vulpix bot|move: Stealth Rock
|move|p1a: Toxapex|Poison Jab|p2a: Shukaku
|-resisted|p2a: Shukaku
|-damage|p2a: Shukaku|51/100 brn
|
|-weather|Sandstorm|[upkeep]
|-damage|p1a: Toxapex|88/100 par|[from] Sandstorm
|-heal|p1a: Toxapex|94/100 par|[from] item: Leftovers
|-damage|p2a: Shukaku|45/100 brn|[from] brn
|upkeep
|turn|23
|
|t:|1769340584
|move|p1a: Toxapex|Poison Jab|p2a: Shukaku
|-resisted|p2a: Shukaku
|-damage|p2a: Shukaku|39/100 brn
|move|p2a: Shukaku|Roar|p1a: Toxapex
|drag|p1a: Weezing|Weezing-Galar, M|83/100
|-ability|p1a: Weezing|Neutralizing Gas
|
|-weather|Sandstorm|[upkeep]
|-damage|p1a: Weezing|77/100|[from] Sandstorm
|-damage|p2a: Shukaku|33/100 brn|[from] brn
|upkeep
|turn|24
|
|t:|1769340594
|switch|p2a: Frieza|Kyurem, shiny|50/100
|move|p1a: Weezing|Defog|p2a: Frieza
|-unboost|p2a: Frieza|evasion|1
|-sideend|p1: vulpix bot|Stealth Rock|[from] move: Defog|[of] p1a: Weezing
|
|-weather|Sandstorm|[upkeep]
|-damage|p2a: Frieza|44/100|[from] Sandstorm
|-damage|p1a: Weezing|71/100|[from] Sandstorm
|upkeep
|turn|25
|j| wyjmjl
|
|t:|1769340603
|-end|p1a: Weezing|ability: Neutralizing Gas
|-ability|p2a: Frieza|Pressure
|switch|p1a: Corviknight|Corviknight, F|100/100
|-ability|p1a: Corviknight|Pressure
|move|p2a: Frieza|Freeze-Dry|p1a: Corviknight
|-damage|p1a: Corviknight|64/100
|
|-weather|Sandstorm|[upkeep]
|-damage|p2a: Frieza|38/100|[from] Sandstorm
|-heal|p1a: Corviknight|70/100|[from] item: Leftovers
|upkeep
|turn|26
|
|t:|1769340612
|move|p2a: Frieza|Freeze-Dry|p1a: Corviknight
|-damage|p1a: Corviknight|29/100
|move|p1a: Corviknight|Body Press|p2a: Frieza
|-supereffective|p2a: Frieza
|-damage|p2a: Frieza|0 fnt
|faint|p2a: Frieza
|
|-weather|none
|-heal|p1a: Corviknight|35/100|[from] item: Leftovers
|upkeep
|
|t:|1769340616
|switch|p2a: Porunga|Pawmot, F|89/100
|turn|27
|
|t:|1769340622
|switch|p1a: Gliscor|Gliscor, F|28/100 tox
|move|p2a: Porunga|Revival Blessing|p2a: Porunga
|
|t:|1769340627
|-heal|p2: Frieza|50/100|[from] move: Revival Blessing
|
|-heal|p1a: Gliscor|40/100 tox|[from] ability: Poison Heal
|upkeep
|turn|28
|
|t:|1769340639
|switch|p2a: Frieza|Kyurem, shiny|50/100
|-ability|p2a: Frieza|Pressure
|move|p1a: Gliscor|Protect||[still]
|-fail|p1a: Gliscor
|
|-heal|p1a: Gliscor|53/100 tox|[from] ability: Poison Heal
|upkeep
|turn|29
|
|t:|1769340641
|move|p1a: Gliscor|Protect|p1a: Gliscor
|-singleturn|p1a: Gliscor|Protect
|move|p2a: Frieza|Freeze-Dry|p1a: Gliscor
|-activate|p1a: Gliscor|move: Protect
|
|-heal|p1a: Gliscor|65/100 tox|[from] ability: Poison Heal
|upkeep
|turn|30
|
|t:|1769340647
|switch|p1a: Blissey|Blissey, F|45/100
|move|p2a: Frieza|Freeze-Dry|p1a: Blissey
|-damage|p1a: Blissey|33/100
|-status|p1a: Blissey|frz
|
|-heal|p1a: Blissey|39/100 frz|[from] item: Leftovers
|upkeep
|turn|31
|j| TES.Jackylove
|
|t:|1769340652
|-curestatus|p1a: Blissey|frz|[from] ability: Natural Cure
|switch|p1a: Toxapex|Toxapex, M|100/100 par
|move|p2a: Frieza|Freeze-Dry|p1a: Toxapex
|-supereffective|p1a: Toxapex
|-damage|p1a: Toxapex|39/100 par
|
|-heal|p1a: Toxapex|45/100 par|[from] item: Leftovers
|upkeep
|turn|32
|l| TES.Jackylove
|
|t:|1769340660
|switch|p1a: Blissey|Blissey, F|39/100
|move|p2a: Frieza|Freeze-Dry|p1a: Blissey
|-damage|p1a: Blissey|28/100
|
|-heal|p1a: Blissey|34/100|[from] item: Leftovers
|upkeep
|turn|33
|
|t:|1769340667
|switch|p2a: Shukaku|Tyranitar, M, shiny|33/100 brn
|-weather|Sandstorm|[from] ability: Sand Stream|[of] p2a: Shukaku
|move|p1a: Blissey|Soft-Boiled|p1a: Blissey
|-heal|p1a: Blissey|84/100
|
|-weather|Sandstorm|[upkeep]
|-damage|p1a: Blissey|78/100|[from] Sandstorm
|-heal|p1a: Blissey|84/100|[from] item: Leftovers
|-damage|p2a: Shukaku|27/100 brn|[from] brn
|upkeep
|turn|34
|
|t:|1769340674
|switch|p2a: Frieza|Kyurem, shiny|50/100
|-ability|p2a: Frieza|Pressure
|switch|p1a: Toxapex|Toxapex, M|78/100 par
|
|-weather|Sandstorm|[upkeep]
|-damage|p2a: Frieza|44/100|[from] Sandstorm
|-damage|p1a: Toxapex|72/100 par|[from] Sandstorm
|-heal|p1a: Toxapex|78/100 par|[from] item: Leftovers
|upkeep
|turn|35
|
|t:|1769340679
|move|p2a: Frieza|Freeze-Dry|p1a: Toxapex
|-supereffective|p1a: Toxapex
|-damage|p1a: Toxapex|21/100 par
|move|p1a: Toxapex|Toxic|p2a: Frieza
|-status|p2a: Frieza|tox
|
|-weather|Sandstorm|[upkeep]
|-damage|p2a: Frieza|38/100 tox|[from] Sandstorm
|-damage|p1a: Toxapex|15/100 par|[from] Sandstorm
|-heal|p1a: Toxapex|21/100 par|[from] item: Leftovers
|-damage|p2a: Frieza|32/100 tox|[from] psn
|upkeep
|turn|36
|
|t:|1769340682
|switch|p1a: Blissey|Blissey, F|84/100
|move|p2a: Frieza|Freeze-Dry|p1a: Blissey
|-damage|p1a: Blissey|72/100
|
|-weather|Sandstorm|[upkeep]
|-damage|p2a: Frieza|26/100 tox|[from] Sandstorm
|-damage|p1a: Blissey|65/100|[from] Sandstorm
|-heal|p1a: Blissey|72/100|[from] item: Leftovers
|-damage|p2a: Frieza|13/100 tox|[from] psn
|upkeep
|turn|37
|
|t:|1769340696
|switch|p2a: Ninetales|Ninetales-Alola, F|69/100
|-weather|Snowscape|[from] ability: Snow Warning|[of] p2a: Ninetales
|move|p1a: Blissey|Stealth Rock|p2a: Ninetales
|-sidestart|p2: OP Sand|move: Stealth Rock
|
|-weather|Snowscape|[upkeep]
|-heal|p1a: Blissey|78/100|[from] item: Leftovers
|upkeep
|turn|38
|
|t:|1769340706
|switch|p2a: Porunga|Pawmot, F|89/100
|-damage|p2a: Porunga|83/100|[from] Stealth Rock
|switch|p1a: Toxapex|Toxapex, M|54/100 par
|
|-weather|Snowscape|[upkeep]
|-heal|p1a: Toxapex|60/100 par|[from] item: Leftovers
|upkeep
|turn|39
|
|t:|1769340712
|move|p2a: Porunga|Rest|p2a: Porunga
|-status|p2a: Porunga|slp|[from] move: Rest
|-heal|p2a: Porunga|100/100 slp|[silent]
|move|p1a: Toxapex|Toxic||[still]
|-fail|p1a: Toxapex
|
|-weather|Snowscape|[upkeep]
|-heal|p1a: Toxapex|67/100 par|[from] item: Leftovers
|upkeep
|turn|40
|
|t:|1769340723
|cant|p2a: Porunga|slp
|move|p2a: Porunga|Sleep Talk|p2a: Porunga
|move|p2a: Porunga|Rest||[from] move: Sleep Talk|[still]
|-fail|p2a: Porunga
|cant|p1a: Toxapex|par
|
|-weather|Snowscape|[upkeep]
|-heal|p1a: Toxapex|73/100 par|[from] item: Leftovers
|upkeep
|turn|41
|
|t:|1769340734
|switch|p1a: Weezing|Weezing-Galar, M|71/100
|-ability|p1a: Weezing|Neutralizing Gas
|cant|p2a: Porunga|slp
|move|p2a: Porunga|Sleep Talk|p2a: Porunga
|move|p2a: Porunga|Revival Blessing|p2a: Porunga|[from] move: Sleep Talk
|
|t:|1769340743
|-heal|p2: Itachi|50/100|[from] move: Revival Blessing
|
|-weather|none
|upkeep
|turn|42
|c|☆vulpix bot|Oh thats fun
|c|☆vulpix bot|I didnt knos that worked like that
|inactive|vulpix bot has 120 seconds left.
|
|t:|1769340777
|switch|p2a: Itachi|Hawlucha, F, shiny|50/100
|-damage|p2a: Itachi|38/100|[from] Stealth Rock
|move|p1a: Weezing|Toxic Spikes|p2a: Itachi
|-sidestart|p2: OP Sand|move: Toxic Spikes
|
|upkeep
|turn|43
|
|t:|1769340783
|move|p2a: Itachi|Defog|p1a: Weezing
|-unboost|p1a: Weezing|evasion|1
|-sideend|p2: OP Sand|Toxic Spikes|[from] move: Defog|[of] p2a: Itachi
|-sideend|p2: OP Sand|Stealth Rock|[from] move: Defog|[of] p2a: Itachi
|move|p1a: Weezing|Will-O-Wisp|p2a: Itachi|[miss]
|-miss|p1a: Weezing|p2a: Itachi
|
|upkeep
|turn|44
|
|t:|1769340798
|move|p2a: Itachi|Encore|p1a: Weezing
|-start|p1a: Weezing|Encore
|move|p1a: Weezing|Will-O-Wisp|p2a: Itachi
|-status|p2a: Itachi|brn
|
|-damage|p2a: Itachi|32/100 brn|[from] brn
|upkeep
|turn|45
|
|t:|1769340804
|switch|p2a: Frieza|Kyurem, shiny|13/100 tox
|-end|p1a: Weezing|ability: Neutralizing Gas
|-ability|p2a: Frieza|Pressure
|switch|p1a: Gliscor|Gliscor, F|65/100 tox
|
|-damage|p2a: Frieza|7/100 tox|[from] psn
|-heal|p1a: Gliscor|78/100 tox|[from] ability: Poison Heal
|upkeep
|turn|46
|
|t:|1769340825
|switch|p2a: Ninetales|Ninetales-Alola, F|69/100
|-weather|Snowscape|[from] ability: Snow Warning|[of] p2a: Ninetales
|move|p1a: Gliscor|Protect||[still]
|-fail|p1a: Gliscor
|
|-weather|Snowscape|[upkeep]
|-heal|p1a: Gliscor|90/100 tox|[from] ability: Poison Heal
|upkeep
|turn|47
|
|t:|1769340832
|switch|p1a: Blissey|Blissey, F|78/100
|move|p2a: Ninetales|Freeze-Dry|p1a: Blissey
|-damage|p1a: Blissey|71/100
|-status|p1a: Blissey|frz
|
|-weather|Snowscape|[upkeep]
|-heal|p1a: Blissey|77/100 frz|[from] item: Leftovers
|upkeep
|turn|48
|
|t:|1769340853
|switch|p2a: Shukaku|Tyranitar, M, shiny|27/100 brn
|-weather|Sandstorm|[from] ability: Sand Stream|[of] p2a: Shukaku
|-curestatus|p1a: Blissey|frz|[from] ability: Natural Cure
|switch|p1a: Toxapex|Toxapex, M|100/100 par
|
|-weather|Sandstorm|[upkeep]
|-damage|p1a: Toxapex|94/100 par|[from] Sandstorm
|-heal|p1a: Toxapex|100/100 par|[from] item: Leftovers
|-damage|p2a: Shukaku|21/100 brn|[from] brn
|upkeep
|turn|49
|
|t:|1769340861
|switch|p1a: Weezing|Weezing-Galar, M|71/100
|-ability|p1a: Weezing|Neutralizing Gas
|move|p2a: Shukaku|Stealth Rock|p1a: Weezing
|-sidestart|p1: vulpix bot|move: Stealth Rock
|
|-weather|Sandstorm|[upkeep]
|-damage|p1a: Weezing|65/100|[from] Sandstorm
|-damage|p2a: Shukaku|15/100 brn|[from] brn
|upkeep
|turn|50
|
|t:|1769340865
|move|p1a: Weezing|Defog|p2a: Shukaku
|-unboost|p2a: Shukaku|evasion|1
|-sideend|p1: vulpix bot|Stealth Rock|[from] move: Defog|[of] p1a: Weezing
|move|p2a: Shukaku|Thunder Wave|p1a: Weezing
|-status|p1a: Weezing|par
|
|-weather|Sandstorm|[upkeep]
|-damage|p1a: Weezing|59/100 par|[from] Sandstorm
|-damage|p2a: Shukaku|9/100 brn|[from] brn
|upkeep
|turn|51
|
|t:|1769340869
|move|p2a: Shukaku|Stealth Rock|p1a: Weezing
|-sidestart|p1: vulpix bot|move: Stealth Rock
|move|p1a: Weezing|Toxic Spikes|p2a: Shukaku
|-sidestart|p2: OP Sand|move: Toxic Spikes
|
|-weather|Sandstorm|[upkeep]
|-damage|p1a: Weezing|53/100 par|[from] Sandstorm
|-damage|p2a: Shukaku|3/100 brn|[from] brn
|upkeep
|turn|52
|
|t:|1769340874
|-end|p1a: Weezing|ability: Neutralizing Gas
|switch|p1a: Toxapex|Toxapex, M|100/100 par
|-damage|p1a: Toxapex|88/100 par|[from] Stealth Rock
|move|p2a: Shukaku|Roar|p1a: Toxapex
|drag|p1a: Corviknight|Corviknight, F|35/100
|-damage|p1a: Corviknight|23/100|[from] Stealth Rock
|-ability|p1a: Corviknight|Pressure
|
|-weather|none
|-heal|p1a: Corviknight|29/100|[from] item: Leftovers
|-damage|p2a: Shukaku|0 fnt|[from] brn
|faint|p2a: Shukaku
|upkeep
|
|t:|1769340880
|switch|p2a: Frieza|Kyurem, shiny|7/100 tox
|-ability|p2a: Frieza|Pressure
|turn|53
|
|t:|1769340886
|switch|p1a: Toxapex|Toxapex, M|100/100 par
|-damage|p1a: Toxapex|88/100 par|[from] Stealth Rock
|move|p2a: Frieza|Endeavor|p1a: Toxapex
|-damage|p1a: Toxapex|9/100 par
|
|-heal|p1a: Toxapex|15/100 par|[from] item: Leftovers
|-damage|p2a: Frieza|1/100 tox|[from] psn
|upkeep
|turn|54
|
|t:|1769340897
|switch|p1a: Gliscor|Gliscor, F|90/100 tox
|-damage|p1a: Gliscor|78/100 tox|[from] Stealth Rock
|move|p2a: Frieza|Freeze-Dry|p1a: Gliscor
|-supereffective|p1a: Gliscor
|-damage|p1a: Gliscor|0 fnt
|faint|p1a: Gliscor
|
|-damage|p2a: Frieza|0 fnt|[from] psn
|faint|p2a: Frieza
|upkeep
|-message|vulpix bot forfeited.
|
|win|OP Sand
|raw|vulpix bot's rating: 1652 &rarr; <strong>1631</strong><br />(-21 for losing)
|raw|OP Sand's rating: 1628 &rarr; <strong>1649</strong><br />(+21 for winning)
|l|☆vulpix bot
|player|p1|
|l|☆OP Sand
|player|p2|
|l| wyjmjl
