|j|☆incinaboom yaoi
|j|☆Luisao
|t:|1769299732
|gametype|singles
|player|p1|incinaboom yaoi|burglar|1459
|player|p2|Luisao|170|1451
|gen|9
|tier|[Gen 9] OU
|rated|
|rule|HP Percentage Mod: HP is shown in percentages
|rule|Endless Battle Clause: Forcing endless battles is banned
|rule|Species Clause: Limit one of each Pokémon
|rule|OHKO Clause: OHKO moves are banned
|rule|Evasion Items Clause: Evasion items are banned
|rule|Evasion Moves Clause: Evasion moves are banned
|rule|Evasion Abilities Clause: Evasion abilities are banned
|rule|Sleep Moves Clause: Sleep-inducing moves are banned
|clearpoke
|poke|p1|Heatran, M|
|poke|p1|Great Tusk|
|poke|p1|Darkrai|
|poke|p1|Dragonite, F|
|poke|p1|Primarina, F|
|poke|p1|Pecharunt|
|poke|p2|Dragonite, M|
|poke|p2|Serperior, F|
|poke|p2|Donphan, M|
|poke|p2|Medicham, M|
|poke|p2|Scizor, M|
|poke|p2|Gengar, M|
|teampreview
|inactive|Battle timer is ON: inactive players will automatically lose when time's up. (requested by Luisao)
|inactive|incinaboom yaoi also wants the timer to be on.
|
|t:|1769299762
|teamsize|p1|6
|teamsize|p2|6
|start
|switch|p1a: Primarina|Primarina, F|100/100
|switch|p2a: Medicham|Medicham, M, shiny|100/100
|turn|1
|
|t:|1769299776
|switch|p1a: Pecharunt|Pecharunt|100/100
|move|p2a: Medicham|Fake Out|p1a: Pecharunt
|-immune|p1a: Pecharunt
|
|upkeep
|turn|2
|
|t:|1769299783
|switch|p2a: Gengar|Gengar, M, shiny|100/100
|move|p1a: Pecharunt|Shadow Ball|p2a: Gengar
|-supereffective|p2a: Gengar
|-damage|p2a: Gengar|11/100
|-start|p1a: Pecharunt|Disable|Shadow Ball|[from] ability: Cursed Body|[of] p2a: Gengar
|
|upkeep
|turn|3
|
|t:|1769299793
|switch|p1a: Darkrai|Darkrai, shiny|100/100
|move|p2a: Gengar|Shadow Ball|p1a: Darkrai
|-resisted|p1a: Darkrai
|-damage|p1a: Darkrai|71/100
|
|upkeep
|turn|4
|
|t:|1769299803
|switch|p2a: Scizor|Scizor, M|100/100
|move|p1a: Darkrai|Ice Beam|p2a: Scizor
|-resisted|p2a: Scizor
|-damage|p2a: Scizor|80/100
|
|upkeep
|turn|5
|
|t:|1769299811
|switch|p1a: Great Tusk|Great Tusk|100/100
|move|p2a: Scizor|Dual Wingbeat|p1a: Great Tusk
|-supereffective|p1a: Great Tusk
|-damage|p1a: Great Tusk|60/100
|-supereffective|p1a: Great Tusk
|-damage|p1a: Great Tusk|20/100
|-hitcount|p1a: Great Tusk|2
|-damage|p2a: Scizor|71/100|[from] item: Life Orb
|
|upkeep
|turn|6
|
|t:|1769299821
|-end|p1a: Great Tusk|Protosynthesis|[silent]
|switch|p1a: Pecharunt|Pecharunt|100/100
|move|p2a: Scizor|Bullet Punch|p1a: Pecharunt
|-damage|p1a: Pecharunt|81/100
|-damage|p2a: Scizor|54/100|[from] item: Rocky Helmet|[of] p1a: Pecharunt
|-damage|p2a: Scizor|44/100|[from] item: Life Orb
|
|upkeep
|turn|7
|
|t:|1769299846
|move|p1a: Pecharunt|Parting Shot|p2a: Scizor
|-unboost|p2a: Scizor|atk|1
|-unboost|p2a: Scizor|spa|1
|
|t:|1769299863
|switch|p1a: Heatran|Heatran, M|100/100|[from] Parting Shot
|move|p2a: Scizor|Pounce|p1a: Heatran
|-resisted|p1a: Heatran
|-damage|p1a: Heatran|91/100
|-unboost|p1a: Heatran|spe|1
|-damage|p2a: Scizor|34/100|[from] item: Life Orb
|
|-heal|p1a: Heatran|97/100|[from] item: Leftovers
|upkeep
|turn|8
|
|t:|1769299876
|switch|p1a: Pecharunt|Pecharunt|81/100
|switch|p2a: Medicham|Medicham, M, shiny|100/100
|
|upkeep
|turn|9
|
|t:|1769299883
|move|p2a: Medicham|Ice Punch|p1a: Pecharunt
|-damage|p1a: Pecharunt|58/100
|-damage|p2a: Medicham|84/100|[from] item: Rocky Helmet|[of] p1a: Pecharunt
|-damage|p2a: Medicham|74/100|[from] item: Life Orb
|move|p1a: Pecharunt|Shadow Ball|p2a: Medicham
|-supereffective|p2a: Medicham
|-damage|p2a: Medicham|0 fnt
|faint|p2a: Medicham
|
|upkeep
|
|t:|1769299893
|switch|p2a: Gengar|Gengar, M, shiny|11/100
|turn|10
|
|t:|1769299898
|switch|p1a: Primarina|Primarina, F|100/100
|move|p2a: Gengar|Shadow Ball|p1a: Primarina
|-damage|p1a: Primarina|75/100
|
|upkeep
|turn|11
|
|t:|1769299904
|move|p2a: Gengar|Sludge Wave|p1a: Primarina
|-supereffective|p1a: Primarina
|-damage|p1a: Primarina|10/100
|move|p1a: Primarina|Flip Turn|p2a: Gengar
|-damage|p2a: Gengar|0 fnt
|-start|p1a: Primarina|Disable|Flip Turn|[from] ability: Cursed Body|[of] p2a: Gengar
|faint|p2a: Gengar
|
|t:|1769299912
|switch|p1a: Darkrai|Darkrai, shiny|71/100|[from] Flip Turn
|
|upkeep
|
|t:|1769299916
|switch|p2a: Scizor|Scizor, M|34/100
|turn|12
|
|t:|1769299923
|switch|p1a: Heatran|Heatran, M|97/100
|move|p2a: Scizor|Bullet Punch|p1a: Heatran
|-resisted|p1a: Heatran
|-damage|p1a: Heatran|86/100
|-damage|p2a: Scizor|24/100|[from] item: Life Orb
|
|-heal|p1a: Heatran|92/100|[from] item: Leftovers
|upkeep
|turn|13
|
|t:|1769299933
|switch|p2a: Dragonite|Dragonite, M|100/100
|move|p1a: Heatran|Magma Storm|p2a: Dragonite|[miss]
|-miss|p1a: Heatran|p2a: Dragonite
|
|-heal|p1a: Heatran|99/100|[from] item: Leftovers
|upkeep
|turn|14
|
|t:|1769299943
|move|p1a: Heatran|Taunt|p2a: Dragonite
|-start|p2a: Dragonite|move: Taunt
|cant|p2a: Dragonite|move: Taunt|Dragon Dance
|
|-heal|p1a: Heatran|100/100|[from] item: Leftovers
|upkeep
|turn|15
|
|t:|1769299950
|switch|p1a: Dragonite|Dragonite, F|100/100
|move|p2a: Dragonite|Outrage|p1a: Dragonite
|-supereffective|p1a: Dragonite
|-damage|p1a: Dragonite|28/100
|
|upkeep
|turn|16
|
|t:|1769299957
|switch|p1a: Primarina|Primarina, F|10/100
|move|p2a: Dragonite|Outrage|p1a: Primarina|[from] lockedmove
|-immune|p1a: Primarina
|
|-end|p2a: Dragonite|move: Taunt
|upkeep
|turn|17
|
|t:|1769299966
|move|p2a: Dragonite|Extreme Speed|p1a: Primarina
|-damage|p1a: Primarina|0 fnt
|faint|p1a: Primarina
|
|upkeep
|
|t:|1769299972
|switch|p1a: Darkrai|Darkrai, shiny|71/100
|turn|18
|
|t:|1769299979
|-terastallize|p2a: Dragonite|Normal
|move|p1a: Darkrai|Ice Beam|p2a: Dragonite
|-damage|p2a: Dragonite|83/100
|-status|p2a: Dragonite|frz
|-curestatus|p2a: Dragonite|frz|[msg]
|move|p2a: Dragonite|Dragon Dance|p2a: Dragonite
|-boost|p2a: Dragonite|atk|1
|-boost|p2a: Dragonite|spe|1
|
|-heal|p2a: Dragonite|89/100|[from] item: Leftovers
|upkeep
|turn|19
|
|t:|1769299993
|switch|p1a: Pecharunt|Pecharunt|58/100
|move|p2a: Dragonite|Extreme Speed|p1a: Pecharunt
|-immune|p1a: Pecharunt
|
|-heal|p2a: Dragonite|95/100|[from] item: Leftovers
|upkeep
|turn|20
|
|t:|1769300003
|move|p2a: Dragonite|Outrage|p1a: Pecharunt
|-damage|p1a: Pecharunt|11/100
|-damage|p2a: Dragonite|79/100|[from] item: Rocky Helmet|[of] p1a: Pecharunt
|move|p1a: Pecharunt|Recover|p1a: Pecharunt
|-heal|p1a: Pecharunt|61/100
|
|-heal|p2a: Dragonite|85/100|[from] item: Leftovers
|upkeep
|turn|21
|
|t:|1769300014
|move|p2a: Dragonite|Outrage|p1a: Pecharunt|[from] lockedmove
|-damage|p1a: Pecharunt|14/100
|-damage|p2a: Dragonite|68/100|[from] item: Rocky Helmet|[of] p1a: Pecharunt
|move|p1a: Pecharunt|Recover|p1a: Pecharunt
|-heal|p1a: Pecharunt|64/100
|
|-heal|p2a: Dragonite|74/100|[from] item: Leftovers
|upkeep
|turn|22
|
|t:|1769300029
|move|p2a: Dragonite|Outrage|p1a: Pecharunt|[from] lockedmove
|-damage|p1a: Pecharunt|19/100
|-damage|p2a: Dragonite|58/100|[from] item: Rocky Helmet|[of] p1a: Pecharunt
|-start|p2a: Dragonite|confusion|[fatigue]
|move|p1a: Pecharunt|Malignant Chain|p2a: Dragonite
|-damage|p2a: Dragonite|28/100
|
|-heal|p2a: Dragonite|34/100|[from] item: Leftovers
|upkeep
|turn|23
|
|t:|1769300041
|-activate|p2a: Dragonite|confusion
|move|p2a: Dragonite|Outrage|p1a: Pecharunt
|-damage|p1a: Pecharunt|0 fnt
|-damage|p2a: Dragonite|17/100|[from] item: Rocky Helmet|[of] p1a: Pecharunt
|faint|p1a: Pecharunt
|
|-heal|p2a: Dragonite|23/100|[from] item: Leftovers
|upkeep
|
|t:|1769300044
|switch|p1a: Darkrai|Darkrai, shiny|71/100
|turn|24
|
|t:|1769300052
|move|p1a: Darkrai|Dark Pulse|p2a: Dragonite
|-damage|p2a: Dragonite|0 fnt
|faint|p2a: Dragonite
|
|upkeep
|
|t:|1769300061
|switch|p2a: Scizor|Scizor, M|24/100
|turn|25
|
|t:|1769300065
|switch|p1a: Great Tusk|Great Tusk|20/100
|move|p2a: Scizor|Bullet Punch|p1a: Great Tusk
|-damage|p1a: Great Tusk|0 fnt
|faint|p1a: Great Tusk
|-end|p1a: Great Tusk|Protosynthesis|[silent]
|-damage|p2a: Scizor|14/100|[from] item: Life Orb
|
|upkeep
|
|t:|1769300066
|switch|p1a: Heatran|Heatran, M|100/100
|turn|26
|
|t:|1769300077
|move|p2a: Scizor|Bullet Punch|p1a: Heatran
|-resisted|p1a: Heatran
|-damage|p1a: Heatran|89/100
|-damage|p2a: Scizor|5/100|[from] item: Life Orb
|move|p1a: Heatran|Earth Power|p2a: Scizor
|-damage|p2a: Scizor|0 fnt
|faint|p2a: Scizor
|
|-heal|p1a: Heatran|96/100|[from] item: Leftovers
|upkeep
|
|t:|1769300087
|switch|p2a: Donphan|Donphan, M|100/100
|turn|27
|
|t:|1769300095
|-terastallize|p1a: Heatran|Grass
|move|p1a: Heatran|Magma Storm|p2a: Donphan
|-damage|p2a: Donphan|32/100
|-activate|p2a: Donphan|move: Magma Storm|[of] p1a: Heatran
|move|p2a: Donphan|Earthquake|p1a: Heatran
|-resisted|p1a: Heatran
|-damage|p1a: Heatran|67/100
|
|-heal|p1a: Heatran|74/100|[from] item: Leftovers
|-heal|p2a: Donphan|39/100|[from] item: Leftovers
|-damage|p2a: Donphan|26/100|[from] move: Magma Storm|[partiallytrapped]
|upkeep
|turn|28
|
|t:|1769300107
|move|p2a: Donphan|Ice Shard|p1a: Heatran
|-supereffective|p1a: Heatran
|-damage|p1a: Heatran|45/100
|move|p1a: Heatran|Earth Power|p2a: Donphan
|-damage|p2a: Donphan|0 fnt
|faint|p2a: Donphan
|
|-heal|p1a: Heatran|51/100|[from] item: Leftovers
|upkeep
|
|t:|1769300117
|switch|p2a: Serperior|Serperior, F, shiny|100/100
|turn|29
|
|t:|1769300120
|move|p2a: Serperior|Leaf Storm|p1a: Heatran|[miss]
|-miss|p2a: Serperior|p1a: Heatran
|move|p1a: Heatran|Magma Storm|p2a: Serperior|[miss]
|-miss|p1a: Heatran|p2a: Serperior
|
|-heal|p1a: Heatran|57/100|[from] item: Leftovers
|upkeep
|turn|30
|
|t:|1769300129
|move|p2a: Serperior|Leaf Storm|p1a: Heatran
|-resisted|p1a: Heatran
|-damage|p1a: Heatran|33/100
|-boost|p2a: Serperior|spa|2
|move|p1a: Heatran|Magma Storm|p2a: Serperior|[miss]
|-miss|p1a: Heatran|p2a: Serperior
|
|-heal|p1a: Heatran|39/100|[from] item: Leftovers
|upkeep
|turn|31
|
|t:|1769300139
|move|p2a: Serperior|Leaf Storm|p1a: Heatran
|-resisted|p1a: Heatran
|-damage|p1a: Heatran|0 fnt
|-boost|p2a: Serperior|spa|2
|faint|p1a: Heatran
|
|upkeep
|
|t:|1769300143
|switch|p1a: Darkrai|Darkrai, shiny|71/100
|turn|32
|
|t:|1769300150
|move|p1a: Darkrai|Sludge Bomb|p2a: Serperior
|-supereffective|p2a: Serperior
|-damage|p2a: Serperior|24/100
|-status|p2a: Serperior|psn
|move|p2a: Serperior|Leaf Storm|p1a: Darkrai
|-damage|p1a: Darkrai|0 fnt
|-boost|p2a: Serperior|spa|2
|faint|p1a: Darkrai
|
|-damage|p2a: Serperior|12/100 psn|[from] psn
|upkeep
|
|t:|1769300156
|switch|p1a: Dragonite|Dragonite, F|28/100
|turn|33
|
|t:|1769300163
|move|p2a: Serperior|Leaf Storm|p1a: Dragonite
|-resisted|p1a: Dragonite
|-damage|p1a: Dragonite|0 fnt
|faint|p1a: Dragonite
|
|win|Luisao
|raw|incinaboom yaoi's rating: 1459 &rarr; <strong>1439</strong><br />(-20 for losing)
|raw|Luisao's rating: 1451 &rarr; <strong>1471</strong><br />(+20 for winning)
|l|☆incinaboom yaoi
|player|p1|
|l|☆Luisao
|player|p2|
