|j|☆Lilodious
|j|☆Bcapbando192
|t:|1769405280
|gametype|singles
|player|p1|Lilodious|ingo|1152
|player|p2|Bcapbando192|byron|1178
|gen|9
|tier|[Gen 9] OU
|rated|
|rule|HP Percentage Mod: HP is shown in percentages
|rule|Endless Battle Clause: Forcing endless battles is banned
|rule|Species Clause: Limit one of each Pokémon
|rule|OHKO Clause: OHKO moves are banned
|rule|Evasion Items Clause: Evasion items are banned
|rule|Evasion Moves Clause: Evasion moves are banned
|rule|Evasion Abilities Clause: Evasion abilities are banned
|rule|Sleep Moves Clause: Sleep-inducing moves are banned
|clearpoke
|poke|p1|Kyurem|
|poke|p1|Ceruledge, F|
|poke|p1|Ting-Lu|
|poke|p1|Dragapult, M|
|poke|p1|Gliscor, M|
|poke|p1|Great Tusk|
|poke|p2|Moltres-Galar|
|poke|p2|Quaquaval, F|
|poke|p2|Iron Treads|
|poke|p2|Pecharunt|
|poke|p2|Armarouge, F|
|poke|p2|Ogerpon-Wellspring, F|
|teampreview
|
|t:|1769405302
|teamsize|p1|6
|teamsize|p2|6
|start
|switch|p1a: Nopero|Ting-Lu|100/100
|switch|p2a: Ogerpon|Ogerpon-Wellspring, F|100/100
|-ability|p1a: Nopero|Vessel of Ruin
|turn|1
|
|t:|1769405309
|move|p2a: Ogerpon|Ivy Cudgel|p1a: Nopero|[anim] Ivy Cudgel Water
|-supereffective|p1a: Nopero
|-damage|p1a: Nopero|39/100
|move|p1a: Nopero|Stealth Rock|p2a: Ogerpon
|-sidestart|p2: Bcapbando192|move: Stealth Rock
|
|-heal|p1a: Nopero|45/100|[from] item: Leftovers
|upkeep
|turn|2
|inactive|Battle timer is ON: inactive players will automatically lose when time's up. (requested by Bcapbando192)
|
|t:|1769405340
|switch|p1a: Prushka|Kyurem|100/100
|-ability|p1a: Prushka|Pressure
|move|p2a: Ogerpon|Ivy Cudgel|p1a: Prushka|[anim] Ivy Cudgel Water
|-resisted|p1a: Prushka
|-damage|p1a: Prushka|73/100
|
|upkeep
|turn|3
|
|t:|1769405352
|move|p2a: Ogerpon|U-turn|p1a: Prushka
|-damage|p1a: Prushka|48/100
|
|t:|1769405357
|switch|p2a: Iron Treads|Iron Treads|100/100|[from] U-turn
|-damage|p2a: Iron Treads|97/100|[from] Stealth Rock
|move|p1a: Prushka|Freeze-Dry|p2a: Iron Treads
|-damage|p2a: Iron Treads|46/100
|
|upkeep
|turn|4
|
|t:|1769405380
|switch|p1a: Mitty|Great Tusk|100/100
|move|p2a: Iron Treads|Knock Off|p1a: Mitty
|-resisted|p1a: Mitty
|-damage|p1a: Mitty|89/100
|-enditem|p1a: Mitty|Heavy-Duty Boots|[from] move: Knock Off|[of] p2a: Iron Treads
|
|upkeep
|turn|5
|
|t:|1769405398
|move|p2a: Iron Treads|Rapid Spin|p1a: Mitty
|-damage|p1a: Mitty|76/100
|-boost|p2a: Iron Treads|spe|1
|-sideend|p2: Bcapbando192|Stealth Rock|[from] move: Rapid Spin|[of] p2a: Iron Treads
|move|p1a: Mitty|Headlong Rush|p2a: Iron Treads
|-supereffective|p2a: Iron Treads
|-damage|p2a: Iron Treads|0 fnt
|-unboost|p1a: Mitty|def|1
|-unboost|p1a: Mitty|spd|1
|faint|p2a: Iron Treads
|-end|p2a: Iron Treads|Quark Drive|[silent]
|
|upkeep
|
|t:|1769405404
|switch|p2a: Ogerpon|Ogerpon-Wellspring, F|100/100
|turn|6
|inactive|Lilodious has 120 seconds left.
|
|t:|1769405429
|move|p2a: Ogerpon|Ivy Cudgel|p1a: Mitty|[anim] Ivy Cudgel Water
|-supereffective|p1a: Mitty
|-damage|p1a: Mitty|0 fnt
|faint|p1a: Mitty
|-end|p1a: Mitty|Protosynthesis|[silent]
|
|upkeep
|
|t:|1769405436
|switch|p1a: Toreitheya|Ceruledge, F|100/100
|turn|7
|inactive|Lilodious has 120 seconds left.
|
|t:|1769405453
|switch|p2a: Pecharunt|Pecharunt|100/100
|move|p1a: Toreitheya|Poltergeist|p2a: Pecharunt
|-activate|p2a: Pecharunt|move: Poltergeist|Black Sludge
|-supereffective|p2a: Pecharunt
|-damage|p2a: Pecharunt|51/100
|
|-heal|p2a: Pecharunt|57/100|[from] item: Black Sludge
|upkeep
|turn|8
|
|t:|1769405471
|move|p1a: Toreitheya|Swords Dance|p1a: Toreitheya
|-boost|p1a: Toreitheya|atk|2
|move|p2a: Pecharunt|Toxic|p1a: Toreitheya
|-status|p1a: Toreitheya|tox
|-start|p1a: Toreitheya|confusion|[from] ability: Poison Puppeteer|[of] p2a: Pecharunt
|
|-heal|p2a: Pecharunt|63/100|[from] item: Black Sludge
|-damage|p1a: Toreitheya|94/100 tox|[from] psn
|upkeep
|turn|9
|
|t:|1769405486
|-terastallize|p2a: Pecharunt|Dark
|-activate|p1a: Toreitheya|confusion
|move|p1a: Toreitheya|Poltergeist|p2a: Pecharunt
|-activate|p2a: Pecharunt|move: Poltergeist|Black Sludge
|-resisted|p2a: Pecharunt
|-damage|p2a: Pecharunt|36/100
|move|p2a: Pecharunt|Hex|p1a: Toreitheya
|-supereffective|p1a: Toreitheya
|-damage|p1a: Toreitheya|2/100 tox
|
|-damage|p2a: Pecharunt|24/100|[from] item: Black Sludge
|-damage|p1a: Toreitheya|0 fnt|[from] psn
|faint|p1a: Toreitheya
|upkeep
|
|t:|1769405502
|switch|p1a: Prushka|Kyurem|48/100
|-ability|p1a: Prushka|Pressure
|turn|10
|inactive|Lilodious has 90 seconds left.
|
|t:|1769405521
|move|p1a: Prushka|Earth Power|p2a: Pecharunt
|-damage|p2a: Pecharunt|0 fnt
|faint|p2a: Pecharunt
|
|upkeep
|inactive|Bcapbando192 has 120 seconds left.
|
|t:|1769405552
|switch|p2a: Quaquaval|Quaquaval, F|100/100
|turn|11
|
|t:|1769405562
|switch|p1a: Nopero|Ting-Lu|45/100
|-ability|p1a: Nopero|Vessel of Ruin
|move|p2a: Quaquaval|Close Combat|p1a: Nopero
|-supereffective|p1a: Nopero
|-damage|p1a: Nopero|0 fnt
|-unboost|p2a: Quaquaval|def|1
|-unboost|p2a: Quaquaval|spd|1
|faint|p1a: Nopero
|-ability|p2a: Quaquaval|Moxie|boost
|-boost|p2a: Quaquaval|atk|1
|
|upkeep
|
|t:|1769405573
|switch|p1a: Recima|Dragapult, M|100/100
|turn|12
|
|t:|1769405589
|switch|p2a: Ogerpon|Ogerpon-Wellspring, F|100/100
|move|p1a: Recima|Will-O-Wisp|p2a: Ogerpon
|-status|p2a: Ogerpon|brn
|
|-damage|p2a: Ogerpon|95/100 brn|[from] brn
|upkeep
|turn|13
|
|t:|1769405597
|move|p1a: Recima|Hex|p2a: Ogerpon
|-damage|p2a: Ogerpon|27/100 brn
|move|p2a: Ogerpon|Knock Off|p1a: Recima
|-supereffective|p1a: Recima
|-damage|p1a: Recima|47/100
|-enditem|p1a: Recima|Heavy-Duty Boots|[from] move: Knock Off|[of] p2a: Ogerpon
|
|-damage|p2a: Ogerpon|21/100 brn|[from] brn
|upkeep
|turn|14
|inactive|Bcapbando192 has 120 seconds left.
|
|t:|1769405644
|switch|p2a: Moltres|Moltres-Galar|100/100
|move|p1a: Recima|Hex|p2a: Moltres
|-resisted|p2a: Moltres
|-damage|p2a: Moltres|90/100
|
|upkeep
|turn|15
|inactive|Lilodious has 120 seconds left.
|
|t:|1769405656
|switch|p1a: Takira|Gliscor, M|100/100
|move|p2a: Moltres|Agility|p2a: Moltres
|-boost|p2a: Moltres|spe|2
|
|-status|p1a: Takira|tox|[from] item: Toxic Orb
|upkeep
|turn|16
|inactive|Lilodious has 120 seconds left.
|inactive|Bcapbando192 has 90 seconds left.
|
|t:|1769405703
|move|p2a: Moltres|Fiery Wrath|p1a: Takira
|-damage|p1a: Takira|63/100 tox
|move|p1a: Takira|Swords Dance|p1a: Takira
|-boost|p1a: Takira|atk|2
|
|-heal|p1a: Takira|75/100 tox|[from] ability: Poison Heal
|upkeep
|turn|17
|inactive|Lilodious has 120 seconds left.
|
|t:|1769405713
|-terastallize|p1a: Takira|Normal
|move|p2a: Moltres|Fiery Wrath|p1a: Takira
|-damage|p1a: Takira|38/100 tox
|move|p1a: Takira|Facade|p2a: Moltres
|-damage|p2a: Moltres|0 fnt
|faint|p2a: Moltres
|
|-heal|p1a: Takira|50/100 tox|[from] ability: Poison Heal
|upkeep
|
|t:|1769405735
|switch|p2a: Quaquaval|Quaquaval, F|100/100
|turn|18
|
|t:|1769405742
|move|p1a: Takira|Protect|p1a: Takira
|-singleturn|p1a: Takira|Protect
|move|p2a: Quaquaval|Wave Crash|p1a: Takira
|-activate|p1a: Takira|move: Protect
|
|-heal|p1a: Takira|63/100 tox|[from] ability: Poison Heal
|upkeep
|turn|19
|
|t:|1769405751
|switch|p2a: Ogerpon|Ogerpon-Wellspring, F|21/100 brn
|move|p1a: Takira|Facade|p2a: Ogerpon
|-damage|p2a: Ogerpon|0 fnt
|faint|p2a: Ogerpon
|
|-heal|p1a: Takira|75/100 tox|[from] ability: Poison Heal
|upkeep
|
|t:|1769405763
|switch|p2a: Armarouge|Armarouge, F|100/100
|turn|20
|
|t:|1769405770
|move|p1a: Takira|Facade|p2a: Armarouge
|-damage|p2a: Armarouge|15/100
|-ability|p2a: Armarouge|Weak Armor|boost
|-unboost|p2a: Armarouge|def|1
|-boost|p2a: Armarouge|spe|2
|move|p2a: Armarouge|Trick|p1a: Takira
|-activate|p2a: Armarouge|move: Trick|[of] p1a: Takira
|-item|p1a: Takira|Choice Specs|[from] move: Trick
|-item|p2a: Armarouge|Toxic Orb|[from] move: Trick
|
|-heal|p1a: Takira|88/100 tox|[from] ability: Poison Heal
|-status|p2a: Armarouge|tox|[from] item: Toxic Orb
|upkeep
|turn|21
|inactive|Bcapbando192 has 90 seconds left.
|inactive|Lilodious has 120 seconds left.
|
|t:|1769405801
|move|p1a: Takira|Protect|p1a: Takira
|-singleturn|p1a: Takira|Protect
|move|p2a: Armarouge|Psyshock|p1a: Takira
|-activate|p1a: Takira|move: Protect
|
|-damage|p2a: Armarouge|9/100 tox|[from] psn
|-heal|p1a: Takira|100/100 tox|[from] ability: Poison Heal
|upkeep
|turn|22
|-message|Bcapbando192 forfeited.
|
|win|Lilodious
|raw|Lilodious's rating: 1152 &rarr; <strong>1179</strong><br />(+27 for winning)
|raw|Bcapbando192's rating: 1178 &rarr; <strong>1151</strong><br />(-27 for losing)
|l|☆Bcapbando192
|player|p2|
|c|☆Lilodious|ggs
|c|☆Lilodious|pecharunt scum
|l|☆Lilodious
|player|p1|
