|j|☆4Runr
|j|☆DailyDrip
|t:|1769294023
|gametype|singles
|player|p1|4Runr|falkner|1112
|player|p2|DailyDrip|sabrina|1046
|gen|9
|tier|[Gen 9] OU
|rated|
|rule|HP Percentage Mod: HP is shown in percentages
|rule|Endless Battle Clause: Forcing endless battles is banned
|rule|Species Clause: Limit one of each Pokémon
|rule|OHKO Clause: OHKO moves are banned
|rule|Evasion Items Clause: Evasion items are banned
|rule|Evasion Moves Clause: Evasion moves are banned
|rule|Evasion Abilities Clause: Evasion abilities are banned
|rule|Sleep Moves Clause: Sleep-inducing moves are banned
|clearpoke
|poke|p1|Glimmora, M|
|poke|p1|Dondozo, M|
|poke|p1|Skarmory, M|
|poke|p1|Tyranitar, M|
|poke|p1|Clefable, M|
|poke|p1|Latios, M|
|poke|p2|Exeggutor, F|
|poke|p2|Gholdengo|
|poke|p2|Blissey, F|
|poke|p2|Glimmora, M|
|poke|p2|Slither Wing|
|poke|p2|Darkrai|
|teampreview
|inactive|Battle timer is ON: inactive players will automatically lose when time's up. (requested by DailyDrip)
|
|t:|1769294046
|teamsize|p1|6
|teamsize|p2|6
|start
|switch|p1a: Tyranitar|Tyranitar, M, shiny|100/100
|switch|p2a: Glimmora|Glimmora, M|100/100
|-weather|Sandstorm|[from] ability: Sand Stream|[of] p1a: Tyranitar
|turn|1
|
|t:|1769294065
|move|p2a: Glimmora|Earth Power|p1a: Tyranitar
|-supereffective|p1a: Tyranitar
|-damage|p1a: Tyranitar|69/100
|move|p1a: Tyranitar|Iron Head|p2a: Glimmora
|-supereffective|p2a: Glimmora
|-damage|p2a: Glimmora|41/100
|-activate|p2a: Glimmora|ability: Toxic Debris
|-sidestart|p1: 4Runr|move: Toxic Spikes
|
|-weather|Sandstorm|[upkeep]
|upkeep
|turn|2
|
|t:|1769294087
|switch|p2a: Slither Wing|Slither Wing|100/100
|move|p1a: Tyranitar|Knock Off|p2a: Slither Wing
|-resisted|p2a: Slither Wing
|-damage|p2a: Slither Wing|82/100
|-enditem|p2a: Slither Wing|Heavy-Duty Boots|[from] move: Knock Off|[of] p1a: Tyranitar
|
|-weather|Sandstorm|[upkeep]
|-damage|p2a: Slither Wing|76/100|[from] Sandstorm
|upkeep
|turn|3
|
|t:|1769294099
|switch|p1a: Latios|Latios, M, shiny|100/100
|move|p2a: Slither Wing|Will-O-Wisp|p1a: Latios
|-status|p1a: Latios|brn
|
|-weather|Sandstorm|[upkeep]
|-damage|p1a: Latios|95/100 brn|[from] Sandstorm
|-damage|p2a: Slither Wing|69/100|[from] Sandstorm
|-damage|p1a: Latios|89/100 brn|[from] brn
|upkeep
|turn|4
|
|t:|1769294113
|move|p1a: Latios|Draco Meteor|p2a: Slither Wing|[miss]
|-miss|p1a: Latios|p2a: Slither Wing
|move|p2a: Slither Wing|U-turn|p1a: Latios
|-supereffective|p1a: Latios
|-crit|p1a: Latios
|-damage|p1a: Latios|0 fnt
|faint|p1a: Latios
|
|t:|1769294124
|-end|p2a: Slither Wing|Protosynthesis|[silent]
|switch|p2a: Darkrai|Darkrai|100/100|[from] U-turn
|
|-weather|Sandstorm|[upkeep]
|-damage|p2a: Darkrai|94/100|[from] Sandstorm
|upkeep
|
|t:|1769294138
|switch|p1a: Clefable|Clefable, M|100/100
|-status|p1a: Clefable|psn
|turn|5
|
|t:|1769294148
|move|p2a: Darkrai|Sludge Bomb|p1a: Clefable
|-supereffective|p1a: Clefable
|-crit|p1a: Clefable
|-damage|p1a: Clefable|8/100 psn
|move|p1a: Clefable|Wish|p1a: Clefable
|
|-weather|Sandstorm|[upkeep]
|-damage|p2a: Darkrai|88/100|[from] Sandstorm
|-damage|p1a: Clefable|2/100 psn|[from] Sandstorm
|-heal|p1a: Clefable|8/100 psn|[from] item: Leftovers
|-damage|p1a: Clefable|0 fnt|[from] psn
|faint|p1a: Clefable
|upkeep
|l|☆4Runr
|inactive|4Runr disconnected and has a minute to reconnect!
|player|p1|
|inactive|4Runr has 30 seconds to reconnect!
|inactive|4Runr has 20 seconds to reconnect!
|inactive|4Runr has 15 seconds to reconnect!
|inactive|4Runr has 10 seconds to reconnect!
|inactive|4Runr has 5 seconds to reconnect!
|-message|4Runr lost due to inactivity.
|
|win|DailyDrip
|raw|4Runr's rating: 1112 &rarr; <strong>1082</strong><br />(-30 for losing)
|raw|DailyDrip's rating: 1046 &rarr; <strong>1085</strong><br />(+39 for winning)
