|j|☆waha8
|j|☆Yung Embryo
|t:|1769322239
|gametype|singles
|player|p1|waha8|2|1416
|player|p2|Yung Embryo|giovanni-gen1rb|1485
|gen|9
|tier|[Gen 9] OU
|rated|
|rule|HP Percentage Mod: HP is shown in percentages
|rule|Endless Battle Clause: Forcing endless battles is banned
|rule|Species Clause: Limit one of each Pokémon
|rule|OHKO Clause: OHKO moves are banned
|rule|Evasion Items Clause: Evasion items are banned
|rule|Evasion Moves Clause: Evasion moves are banned
|rule|Evasion Abilities Clause: Evasion abilities are banned
|rule|Sleep Moves Clause: Sleep-inducing moves are banned
|clearpoke
|poke|p1|Hoopa-Unbound|
|poke|p1|Scizor, M|
|poke|p1|Cinderace, F|
|poke|p1|Samurott-Hisui, F|
|poke|p1|Indeedee, M|
|poke|p1|Gholdengo|
|poke|p2|Tyranitar, M|
|poke|p2|Gholdengo|
|poke|p2|Great Tusk|
|poke|p2|Clefable, M|
|poke|p2|Weavile, F|
|poke|p2|Skarmory, F|
|teampreview
|
|t:|1769322264
|teamsize|p1|6
|teamsize|p2|6
|start
|switch|p1a: ReverseUNO|Cinderace, F|100/100
|switch|p2a: 03 Skreedo|Skarmory, F|100/100
|turn|1
|
|t:|1769322268
|switch|p2a: Thugger|Tyranitar, M|100/100
|-weather|Sandstorm|[from] ability: Sand Stream|[of] p2a: Thugger
|move|p1a: ReverseUNO|Pyro Ball|p2a: Thugger|[miss]
|-miss|p1a: ReverseUNO|p2a: Thugger
|
|-weather|Sandstorm|[upkeep]
|-damage|p1a: ReverseUNO|95/100|[from] Sandstorm
|upkeep
|turn|2
|
|t:|1769322277
|move|p1a: ReverseUNO|Low Kick|p2a: Thugger
|-start|p1a: ReverseUNO|typechange|Fighting|[from] ability: Libero
|-supereffective|p2a: Thugger
|-damage|p2a: Thugger|0 fnt
|faint|p2a: Thugger
|
|-weather|Sandstorm|[upkeep]
|-damage|p1a: ReverseUNO|89/100|[from] Sandstorm
|upkeep
|inactive|Battle timer is ON: inactive players will automatically lose when time's up. (requested by waha8)
|
|t:|1769322303
|switch|p2a: Clefside Gunn|Clefable, M|100/100
|turn|3
|
|t:|1769322308
|switch|p1a: KeepTheChange|Gholdengo|100/100
|move|p2a: Clefside Gunn|Stealth Rock|p1a: KeepTheChange
|-sidestart|p1: waha8|move: Stealth Rock
|
|-weather|Sandstorm|[upkeep]
|upkeep
|turn|4
|
|t:|1769322320
|switch|p2a: 03 Skreedo|Skarmory, F|100/100
|move|p1a: KeepTheChange|Shadow Ball|p2a: 03 Skreedo
|-damage|p2a: 03 Skreedo|9/100
|
|-weather|Sandstorm|[upkeep]
|upkeep
|turn|5
|
|t:|1769322327
|move|p1a: KeepTheChange|Shadow Ball|p2a: 03 Skreedo
|-damage|p2a: 03 Skreedo|0 fnt
|faint|p2a: 03 Skreedo
|
|-weather|none
|upkeep
|
|t:|1769322329
|switch|p2a: Weazyouttahere|Weavile, F|100/100
|-ability|p2a: Weazyouttahere|Pressure
|turn|6
|
|t:|1769322342
|switch|p1a: Sam|Samurott-Hisui, F|100/100
|-damage|p1a: Sam|88/100|[from] Stealth Rock
|move|p2a: Weazyouttahere|Knock Off|p1a: Sam
|-resisted|p1a: Sam
|-damage|p1a: Sam|58/100
|-enditem|p1a: Sam|Assault Vest|[from] move: Knock Off|[of] p2a: Weazyouttahere
|
|upkeep
|turn|7
|
|t:|1769322350
|move|p2a: Weazyouttahere|Low Kick|p1a: Sam
|-supereffective|p1a: Sam
|-damage|p1a: Sam|0 fnt
|faint|p1a: Sam
|
|upkeep
|
|t:|1769322353
|switch|p1a: ReverseUNO|Cinderace, F|89/100
|turn|8
|
|t:|1769322357
|switch|p2a: Clefside Gunn|Clefable, M|100/100
|move|p1a: ReverseUNO|Court Change|p1a: ReverseUNO
|-start|p1a: ReverseUNO|typechange|Normal|[from] ability: Libero
|-swapsideconditions
|-activate|p1a: ReverseUNO|move: Court Change
|
|upkeep
|turn|9
|
|t:|1769322365
|switch|p1a: DeeDee|Indeedee, M|100/100
|-fieldstart|move: Psychic Terrain|[from] ability: Psychic Surge|[of] p1a: DeeDee
|move|p2a: Clefside Gunn|Stealth Rock|p1a: DeeDee
|-sidestart|p1: waha8|move: Stealth Rock
|
|upkeep
|turn|10
|
|t:|1769322372
|move|p1a: DeeDee|Expanding Force|p2a: Clefside Gunn
|-damage|p2a: Clefside Gunn|29/100
|move|p2a: Clefside Gunn|Thunder Wave|p1a: DeeDee
|-status|p1a: DeeDee|par
|
|-heal|p2a: Clefside Gunn|35/100|[from] item: Leftovers
|upkeep
|turn|11
|
|t:|1769322381
|switch|p1a: Jotaro|Hoopa-Unbound|100/100
|-damage|p1a: Jotaro|88/100|[from] Stealth Rock
|switch|p2a: Gholdy James|Gholdengo|100/100
|-damage|p2a: Gholdy James|94/100|[from] Stealth Rock
|-item|p2a: Gholdy James|Air Balloon
|
|upkeep
|turn|12
|
|t:|1769322390
|switch|p2a: Clefside Gunn|Clefable, M|35/100
|move|p1a: Jotaro|Trick Room|p1a: Jotaro
|-fieldstart|move: Trick Room|[of] p1a: Jotaro
|
|-heal|p2a: Clefside Gunn|41/100|[from] item: Leftovers
|upkeep
|turn|13
|
|t:|1769322396
|move|p1a: Jotaro|Expanding Force|p2a: Clefside Gunn
|-damage|p2a: Clefside Gunn|0 fnt
|faint|p2a: Clefside Gunn
|-damage|p1a: Jotaro|78/100|[from] item: Life Orb
|
|upkeep
|
|t:|1769322402
|switch|p2a: Weazyouttahere|Weavile, F|100/100
|-ability|p2a: Weazyouttahere|Pressure
|turn|14
|
|t:|1769322406
|switch|p2a: Gholdy James|Gholdengo|94/100
|-damage|p2a: Gholdy James|88/100|[from] Stealth Rock
|-item|p2a: Gholdy James|Air Balloon
|move|p1a: Jotaro|Brick Break|p2a: Gholdy James
|-immune|p2a: Gholdy James
|
|upkeep
|turn|15
|
|t:|1769322413
|move|p1a: Jotaro|Expanding Force|p2a: Gholdy James
|-resisted|p2a: Gholdy James
|-damage|p2a: Gholdy James|33/100
|-enditem|p2a: Gholdy James|Air Balloon
|-damage|p1a: Jotaro|68/100|[from] item: Life Orb
|move|p2a: Gholdy James|Make It Rain|p1a: Jotaro
|-damage|p1a: Jotaro|27/100
|-unboost|p2a: Gholdy James|spa|1
|
|upkeep
|turn|16
|
|t:|1769322422
|switch|p2a: Weazyouttahere|Weavile, F|100/100
|-ability|p2a: Weazyouttahere|Pressure
|move|p1a: Jotaro|Hyperspace Fury|p2a: Weazyouttahere
|-resisted|p2a: Weazyouttahere
|-damage|p2a: Weazyouttahere|30/100
|-unboost|p1a: Jotaro|def|1
|-damage|p1a: Jotaro|17/100|[from] item: Life Orb
|
|-fieldend|move: Trick Room
|-fieldend|move: Psychic Terrain
|upkeep
|turn|17
|
|t:|1769322443
|move|p2a: Weazyouttahere|Knock Off|p1a: Jotaro
|-damage|p1a: Jotaro|0 fnt
|-enditem|p1a: Jotaro|Life Orb|[from] move: Knock Off|[of] p2a: Weazyouttahere
|faint|p1a: Jotaro
|
|upkeep
|
|t:|1769322448
|switch|p1a: KeepTheChange|Gholdengo|100/100
|-damage|p1a: KeepTheChange|94/100|[from] Stealth Rock
|turn|18
|
|t:|1769322461
|switch|p2a: Gholdy James|Gholdengo|33/100
|-damage|p2a: Gholdy James|27/100|[from] Stealth Rock
|move|p1a: KeepTheChange|Shadow Ball|p2a: Gholdy James
|-supereffective|p2a: Gholdy James
|-damage|p2a: Gholdy James|0 fnt
|faint|p2a: Gholdy James
|
|upkeep
|
|t:|1769322463
|switch|p2a: Weazyouttahere|Weavile, F|30/100
|-ability|p2a: Weazyouttahere|Pressure
|turn|19
|
|t:|1769322476
|switch|p1a: ReverseUNO|Cinderace, F|89/100
|move|p2a: Weazyouttahere|Knock Off|p1a: ReverseUNO
|-damage|p1a: ReverseUNO|25/100
|-enditem|p1a: ReverseUNO|Heavy-Duty Boots|[from] move: Knock Off|[of] p2a: Weazyouttahere
|
|upkeep
|turn|20
|
|t:|1769322483
|move|p2a: Weazyouttahere|Knock Off|p1a: ReverseUNO
|-damage|p1a: ReverseUNO|0 fnt
|faint|p1a: ReverseUNO
|
|upkeep
|
|t:|1769322486
|switch|p1a: KeepTheChange|Gholdengo|94/100
|-damage|p1a: KeepTheChange|88/100|[from] Stealth Rock
|turn|21
|
|t:|1769322492
|move|p2a: Weazyouttahere|Knock Off|p1a: KeepTheChange
|-supereffective|p1a: KeepTheChange
|-damage|p1a: KeepTheChange|0 fnt
|-enditem|p1a: KeepTheChange|Choice Specs|[from] move: Knock Off|[of] p2a: Weazyouttahere
|faint|p1a: KeepTheChange
|
|upkeep
|
|t:|1769322497
|switch|p1a: Maka|Scizor, M|100/100
|turn|22
|
|t:|1769322508
|move|p2a: Weazyouttahere|Low Kick|p1a: Maka
|-crit|p1a: Maka
|-damage|p1a: Maka|44/100
|move|p1a: Maka|Swords Dance|p1a: Maka
|-boost|p1a: Maka|atk|2
|
|upkeep
|turn|23
|
|t:|1769322514
|move|p2a: Weazyouttahere|Ice Shard|p1a: Maka
|-resisted|p1a: Maka
|-damage|p1a: Maka|33/100
|move|p1a: Maka|Bullet Punch|p2a: Weazyouttahere
|-supereffective|p2a: Weazyouttahere
|-damage|p2a: Weazyouttahere|0 fnt
|faint|p2a: Weazyouttahere
|
|upkeep
|
|t:|1769322517
|switch|p2a: G Terbo|Great Tusk|100/100
|turn|24
|
|t:|1769322526
|-terastallize|p2a: G Terbo|Fire
|-terastallize|p1a: Maka|Steel
|move|p1a: Maka|Bullet Punch|p2a: G Terbo
|-resisted|p2a: G Terbo
|-damage|p2a: G Terbo|73/100
|move|p2a: G Terbo|Rapid Spin|p1a: Maka
|-resisted|p1a: Maka
|-damage|p1a: Maka|26/100
|-boost|p2a: G Terbo|spe|1
|-sideend|p2: Yung Embryo|Stealth Rock|[from] move: Rapid Spin|[of] p2a: G Terbo
|
|upkeep
|turn|25
|
|t:|1769322536
|move|p2a: G Terbo|Headlong Rush|p1a: Maka
|-supereffective|p1a: Maka
|-damage|p1a: Maka|0 fnt
|-unboost|p2a: G Terbo|def|1
|-unboost|p2a: G Terbo|spd|1
|faint|p1a: Maka
|
|upkeep
|c|☆waha8|gg
|-message|waha8 forfeited.
|
|win|Yung Embryo
|raw|waha8's rating: 1416 &rarr; <strong>1400</strong><br />(-16 for losing)
|raw|Yung Embryo's rating: 1485 &rarr; <strong>1501</strong><br />(+16 for winning)
|l|☆waha8
|player|p1|
|c|☆Yung Embryo|gg
|l|☆Yung Embryo
|player|p2|
