|j|☆Sirpfryer
|j|☆Father John Misty
|t:|1769409815
|gametype|singles
|player|p1|Sirpfryer|1|1189
|player|p2|Father John Misty|pokemonranger|1138
|gen|9
|tier|[Gen 9] OU
|rated|
|rule|HP Percentage Mod: HP is shown in percentages
|rule|Endless Battle Clause: Forcing endless battles is banned
|rule|Species Clause: Limit one of each Pokémon
|rule|OHKO Clause: OHKO moves are banned
|rule|Evasion Items Clause: Evasion items are banned
|rule|Evasion Moves Clause: Evasion moves are banned
|rule|Evasion Abilities Clause: Evasion abilities are banned
|rule|Sleep Moves Clause: Sleep-inducing moves are banned
|clearpoke
|poke|p1|Dragonite, M|
|poke|p1|Greninja-*, M|
|poke|p1|Garchomp, F|
|poke|p1|Scizor, F|
|poke|p1|Rillaboom, F|
|poke|p1|Charizard, F|
|poke|p2|Venomoth, F|
|poke|p2|Rillaboom, M|
|poke|p2|Hatterene, F|
|poke|p2|Tornadus-Therian, M|
|poke|p2|Samurott-Hisui, M|
|poke|p2|Cinderace, F|
|teampreview
|
|t:|1769409828
|teamsize|p1|6
|teamsize|p2|6
|start
|switch|p1a: Garchomp|Garchomp, F|100/100
|switch|p2a: Cinderace|Cinderace, F|100/100
|turn|1
|
|t:|1769409839
|move|p2a: Cinderace|U-turn|p1a: Garchomp
|-start|p2a: Cinderace|typechange|Bug|[from] ability: Libero
|-damage|p1a: Garchomp|78/100
|-damage|p2a: Cinderace|88/100|[from] ability: Rough Skin|[of] p1a: Garchomp
|-damage|p2a: Cinderace|72/100|[from] item: Rocky Helmet|[of] p1a: Garchomp
|
|t:|1769409857
|switch|p2a: Tornadus|Tornadus-Therian, M|100/100|[from] U-turn
|move|p1a: Garchomp|Stealth Rock|p2a: Tornadus
|-sidestart|p2: Father John Misty|move: Stealth Rock
|
|upkeep
|turn|2
|
|t:|1769409865
|move|p2a: Tornadus|Bleakwind Storm|p1a: Garchomp
|-damage|p1a: Garchomp|35/100
|-unboost|p1a: Garchomp|spe|1
|move|p1a: Garchomp|Dragon Tail|p2a: Tornadus
|-crit|p2a: Tornadus
|-damage|p2a: Tornadus|54/100
|drag|p2a: Cinderace|Cinderace, F|72/100
|
|upkeep
|turn|3
|
|t:|1769409882
|move|p2a: Cinderace|Court Change|p2a: Cinderace
|-start|p2a: Cinderace|typechange|Normal|[from] ability: Libero
|-swapsideconditions
|-activate|p2a: Cinderace|move: Court Change
|move|p1a: Garchomp|Dragon Tail|p2a: Cinderace
|-damage|p2a: Cinderace|33/100
|drag|p2a: Tornadus|Tornadus-Therian, M|87/100
|
|upkeep
|turn|4
|
|t:|1769409891
|move|p2a: Tornadus|Bleakwind Storm|p1a: Garchomp
|-damage|p1a: Garchomp|0 fnt
|faint|p1a: Garchomp
|
|upkeep
|
|t:|1769409895
|switch|p1a: Greninja|Greninja, M|100/100
|-damage|p1a: Greninja|88/100|[from] Stealth Rock
|turn|5
|
|t:|1769409904
|move|p1a: Greninja|Ice Beam|p2a: Tornadus
|-supereffective|p2a: Tornadus
|-damage|p2a: Tornadus|41/100
|move|p2a: Tornadus|Bleakwind Storm|p1a: Greninja
|-damage|p1a: Greninja|10/100
|
|upkeep
|turn|6
|
|t:|1769409913
|switch|p2a: Hatterene|Hatterene, F|100/100
|move|p1a: Greninja|Ice Beam|p2a: Hatterene
|-damage|p2a: Hatterene|74/100
|
|-heal|p2a: Hatterene|80/100|[from] item: Leftovers
|upkeep
|turn|7
|
|t:|1769409922
|switch|p1a: Scizor|Scizor, F|100/100
|-damage|p1a: Scizor|88/100|[from] Stealth Rock
|move|p2a: Hatterene|Nuzzle|p1a: Scizor
|-damage|p1a: Scizor|84/100
|-status|p1a: Scizor|par
|
|-heal|p2a: Hatterene|86/100|[from] item: Leftovers
|upkeep
|turn|8
|
|t:|1769409935
|move|p1a: Scizor|Bullet Punch|p2a: Hatterene
|-supereffective|p2a: Hatterene
|-damage|p2a: Hatterene|3/100
|move|p2a: Hatterene|Psychic Noise|p1a: Scizor
|-resisted|p1a: Scizor
|-damage|p1a: Scizor|63/100 par
|-start|p1a: Scizor|move: Heal Block
|
|-heal|p2a: Hatterene|9/100|[from] item: Leftovers
|upkeep
|turn|9
|
|t:|1769409946
|switch|p2a: Samurott|Samurott-Hisui, M|100/100
|move|p1a: Scizor|Bullet Punch|p2a: Samurott
|-resisted|p2a: Samurott
|-damage|p2a: Samurott|66/100
|
|-end|p1a: Scizor|move: Heal Block
|upkeep
|turn|10
|
|t:|1769409955
|switch|p1a: Rillaboom|Rillaboom, F|100/100
|-damage|p1a: Rillaboom|88/100|[from] Stealth Rock
|-fieldstart|move: Grassy Terrain|[from] ability: Grassy Surge|[of] p1a: Rillaboom
|move|p2a: Samurott|Ceaseless Edge|p1a: Rillaboom
|-damage|p1a: Rillaboom|49/100
|-sidestart|p1: Sirpfryer|Spikes
|
|-heal|p2a: Samurott|72/100|[from] Grassy Terrain
|-heal|p1a: Rillaboom|55/100|[from] Grassy Terrain
|upkeep
|turn|11
|
|t:|1769409966
|switch|p2a: Venomoth|Venomoth, F|100/100
|-enditem|p2a: Venomoth|Grassy Seed
|-boost|p2a: Venomoth|def|1|[from] item: Grassy Seed
|move|p1a: Rillaboom|Grassy Glide|p2a: Venomoth
|-resisted|p2a: Venomoth
|-damage|p2a: Venomoth|88/100
|
|-heal|p2a: Venomoth|94/100|[from] Grassy Terrain
|-heal|p1a: Rillaboom|61/100|[from] Grassy Terrain
|upkeep
|turn|12
|
|t:|1769409976
|switch|p1a: Charizard|Charizard, F|100/100
|move|p2a: Venomoth|Quiver Dance|p2a: Venomoth
|-boost|p2a: Venomoth|spa|1
|-boost|p2a: Venomoth|spd|1
|-boost|p2a: Venomoth|spe|1
|
|-heal|p2a: Venomoth|99/100|[from] Grassy Terrain
|upkeep
|turn|13
|
|t:|1769409986
|-terastallize|p2a: Venomoth|Poison
|move|p2a: Venomoth|Sludge Bomb|p1a: Charizard
|-damage|p1a: Charizard|0 fnt
|faint|p1a: Charizard
|
|-heal|p2a: Venomoth|100/100|[from] Grassy Terrain
|upkeep
|
|t:|1769409992
|switch|p1a: Scizor|Scizor, F|63/100 par
|-damage|p1a: Scizor|51/100 par|[from] Stealth Rock
|-damage|p1a: Scizor|39/100 par|[from] Spikes
|turn|14
|
|t:|1769409999
|move|p2a: Venomoth|Bug Buzz|p1a: Scizor
|-resisted|p1a: Scizor
|-damage|p1a: Scizor|0 fnt
|faint|p1a: Scizor
|
|upkeep
|
|t:|1769410002
|switch|p1a: Dragonite|Dragonite, M, shiny|100/100
|-damage|p1a: Dragonite|75/100|[from] Stealth Rock
|turn|15
|
|t:|1769410006
|move|p2a: Venomoth|Sludge Bomb|p1a: Dragonite
|-damage|p1a: Dragonite|0 fnt
|faint|p1a: Dragonite
|
|upkeep
|-message|Sirpfryer forfeited.
|
|win|Father John Misty
|raw|Sirpfryer's rating: 1189 &rarr; <strong>1160</strong><br />(-29 for losing)
|raw|Father John Misty's rating: 1138 &rarr; <strong>1167</strong><br />(+29 for winning)
|l|☆Sirpfryer
|player|p1|
|l|☆Father John Misty
|player|p2|
