|j|☆SpDy Test
|j|☆miju2906
|t:|1769413754
|gametype|singles
|player|p1|SpDy Test|unknown|1135
|player|p2|miju2906|giovanni|1101
|gen|9
|tier|[Gen 9] OU
|rated|
|rule|HP Percentage Mod: HP is shown in percentages
|rule|Endless Battle Clause: Forcing endless battles is banned
|rule|Species Clause: Limit one of each Pokémon
|rule|OHKO Clause: OHKO moves are banned
|rule|Evasion Items Clause: Evasion items are banned
|rule|Evasion Moves Clause: Evasion moves are banned
|rule|Evasion Abilities Clause: Evasion abilities are banned
|rule|Sleep Moves Clause: Sleep-inducing moves are banned
|clearpoke
|poke|p1|Gholdengo|
|poke|p1|Cyclizar, M|
|poke|p1|Slowking-Galar, F|
|poke|p1|Dragonite, F|
|poke|p1|Alomomola, M|
|poke|p1|Clefable, M|
|poke|p2|Galvantula, F|
|poke|p2|Dragapult, M|
|poke|p2|Azumarill, F|
|poke|p2|Kingambit, M|
|poke|p2|Toxapex, M|
|poke|p2|Mimikyu, M|
|teampreview
|inactive|Battle timer is ON: inactive players will automatically lose when time's up. (requested by SpDy Test)
|
|t:|1769413759
|teamsize|p1|6
|teamsize|p2|6
|start
|switch|p1a: Clefable|Clefable, M|100/100
|switch|p2a: Galvantula|Galvantula, F, shiny|100/100
|turn|1
|
|t:|1769413766
|move|p2a: Galvantula|Sticky Web|p1a: Clefable
|-sidestart|p1: SpDy Test|move: Sticky Web
|move|p1a: Clefable|Stealth Rock|p2a: Galvantula
|-sidestart|p2: miju2906|move: Stealth Rock
|
|upkeep
|turn|2
|
|t:|1769413774
|switch|p2a: Toxapex|Toxapex, M|100/100
|-damage|p2a: Toxapex|88/100|[from] Stealth Rock
|switch|p1a: Slowking|Slowking-Galar, F|100/100
|-activate|p1a: Slowking|move: Sticky Web
|-unboost|p1a: Slowking|spe|1
|
|-heal|p2a: Toxapex|94/100|[from] item: Black Sludge
|upkeep
|turn|3
|
|t:|1769413785
|move|p2a: Toxapex|Toxic Spikes|p1a: Slowking
|-sidestart|p1: SpDy Test|move: Toxic Spikes
|move|p1a: Slowking|Future Sight|p2a: Toxapex
|-start|p1a: Slowking|move: Future Sight
|
|-heal|p2a: Toxapex|100/100|[from] item: Black Sludge
|upkeep
|turn|4
|
|t:|1769413795
|switch|p2a: Azumarill|Azumarill, F, shiny|100/100
|-damage|p2a: Azumarill|88/100|[from] Stealth Rock
|switch|p1a: Dragonite|Dragonite, F|100/100
|
|upkeep
|turn|5
|
|t:|1769413803
|move|p1a: Dragonite|Thunder|p2a: Azumarill
|-supereffective|p2a: Azumarill
|-damage|p2a: Azumarill|34/100
|-status|p2a: Azumarill|par
|cant|p2a: Azumarill|par
|
|-end|p2a: Azumarill|move: Future Sight
|-damage|p2a: Azumarill|0 fnt
|faint|p2a: Azumarill
|upkeep
|
|t:|1769413815
|switch|p2a: Galvantula|Galvantula, F, shiny|100/100
|-damage|p2a: Galvantula|76/100|[from] Stealth Rock
|turn|6
|
|t:|1769413821
|move|p2a: Galvantula|Thunder|p1a: Dragonite
|-damage|p1a: Dragonite|69/100
|-damage|p2a: Galvantula|66/100|[from] item: Life Orb
|move|p1a: Dragonite|Earthquake|p2a: Galvantula
|-crit|p2a: Galvantula
|-damage|p2a: Galvantula|0 fnt
|faint|p2a: Galvantula
|
|upkeep
|
|t:|1769413832
|switch|p2a: Dragapult|Dragapult, M, shiny|100/100
|-damage|p2a: Dragapult|88/100|[from] Stealth Rock
|turn|7
|
|t:|1769413837
|switch|p1a: Slowking|Slowking-Galar, F|100/100
|-activate|p1a: Slowking|move: Sticky Web
|-unboost|p1a: Slowking|spe|1
|-sideend|p1: SpDy Test|move: Toxic Spikes|[of] p1a: Slowking
|move|p2a: Dragapult|Dragon Darts|p1a: Slowking
|-damage|p1a: Slowking|72/100
|-anim|p2a: Dragapult|Dragon Darts|p1a: Slowking
|-damage|p1a: Slowking|41/100
|
|upkeep
|turn|8
|
|t:|1769413846
|switch|p1a: Clefable|Clefable, M|100/100
|-activate|p1a: Clefable|move: Sticky Web
|-unboost|p1a: Clefable|spe|1
|move|p2a: Dragapult|Dragon Darts|p1a: Clefable
|-immune|p1a: Clefable
|
|upkeep
|turn|9
|
|t:|1769413858
|switch|p2a: Kingambit|Kingambit, M|100/100
|-damage|p2a: Kingambit|94/100|[from] Stealth Rock
|-activate|p2a: Kingambit|ability: Supreme Overlord
|-start|p2a: Kingambit|fallen2|[silent]
|move|p1a: Clefable|Trick|p2a: Kingambit
|-activate|p1a: Clefable|move: Trick|[of] p2a: Kingambit
|-item|p2a: Kingambit|Choice Scarf|[from] move: Trick
|-item|p1a: Clefable|Black Glasses|[from] move: Trick
|
|upkeep
|turn|10
|
|t:|1769413870
|switch|p1a: Alomomola|Alomomola, M|100/100
|move|p2a: Kingambit|Iron Head|p1a: Alomomola
|-resisted|p1a: Alomomola
|-damage|p1a: Alomomola|87/100
|
|upkeep
|turn|11
|
|t:|1769413881
|-end|p2a: Kingambit|fallen2|[silent]
|switch|p2a: Mimikyu|Mimikyu, M, shiny|100/100
|-damage|p2a: Mimikyu|88/100|[from] Stealth Rock
|move|p1a: Alomomola|Flip Turn|p2a: Mimikyu
|-activate|p2a: Mimikyu|ability: Disguise
|-damage|p2a: Mimikyu|88/100
|detailschange|p2a: Mimikyu|Mimikyu-Busted, M, shiny
|-damage|p2a: Mimikyu|76/100|[from] pokemon: Mimikyu-Busted
|
|t:|1769413896
|switch|p1a: Dragonite|Dragonite, F|69/100|[from] Flip Turn
|
|upkeep
|turn|12
|
|t:|1769413900
|move|p2a: Mimikyu|Play Rough|p1a: Dragonite
|-supereffective|p1a: Dragonite
|-damage|p1a: Dragonite|0 fnt
|faint|p1a: Dragonite
|-damage|p2a: Mimikyu|66/100|[from] item: Life Orb
|
|upkeep
|
|t:|1769413911
|switch|p1a: Slowking|Slowking-Galar, F|74/100
|-activate|p1a: Slowking|move: Sticky Web
|-unboost|p1a: Slowking|spe|1
|turn|13
|
|t:|1769413917
|move|p2a: Mimikyu|Play Rough|p1a: Slowking
|-resisted|p1a: Slowking
|-damage|p1a: Slowking|46/100
|-damage|p2a: Mimikyu|56/100|[from] item: Life Orb
|move|p1a: Slowking|Sludge Bomb|p2a: Mimikyu
|-damage|p2a: Mimikyu|9/100
|-status|p2a: Mimikyu|psn
|
|-damage|p2a: Mimikyu|0 fnt|[from] psn
|faint|p2a: Mimikyu
|upkeep
|
|t:|1769413934
|switch|p2a: Kingambit|Kingambit, M|94/100
|-damage|p2a: Kingambit|88/100|[from] Stealth Rock
|-activate|p2a: Kingambit|ability: Supreme Overlord
|-start|p2a: Kingambit|fallen3|[silent]
|turn|14
|
|t:|1769413940
|switch|p1a: Alomomola|Alomomola, M|100/100
|move|p2a: Kingambit|Swords Dance|p2a: Kingambit
|-boost|p2a: Kingambit|atk|2
|
|upkeep
|turn|15
|
|t:|1769413951
|-end|p2a: Kingambit|fallen3|[silent]
|switch|p2a: Dragapult|Dragapult, M, shiny|88/100
|-damage|p2a: Dragapult|76/100|[from] Stealth Rock
|move|p1a: Alomomola|Ice Beam|p2a: Dragapult
|-supereffective|p2a: Dragapult
|-damage|p2a: Dragapult|50/100
|
|upkeep
|turn|16
|
|t:|1769413960
|move|p2a: Dragapult|Dragon Dance|p2a: Dragapult
|-boost|p2a: Dragapult|atk|1
|-boost|p2a: Dragapult|spe|1
|move|p1a: Alomomola|Flip Turn|p2a: Dragapult
|-resisted|p2a: Dragapult
|-damage|p2a: Dragapult|39/100
|
|t:|1769413964
|switch|p1a: Clefable|Clefable, M|100/100|[from] Flip Turn
|-activate|p1a: Clefable|move: Sticky Web
|-unboost|p1a: Clefable|spe|1
|
|upkeep
|turn|17
|
|t:|1769413971
|move|p2a: Dragapult|Phantom Force||[still]
|-prepare|p2a: Dragapult|Phantom Force
|move|p1a: Clefable|Encore|p2a: Dragapult|[miss]
|-miss|p1a: Clefable|p2a: Dragapult
|
|upkeep
|turn|18
|
|t:|1769413977
|move|p2a: Dragapult|Phantom Force|p1a: Clefable|[from] lockedmove
|-damage|p1a: Clefable|44/100
|move|p1a: Clefable|Encore|p2a: Dragapult
|-start|p2a: Dragapult|Encore
|
|upkeep
|turn|19
|
|t:|1769413988
|switch|p1a: Cyclizar|Cyclizar, M|100/100
|-activate|p1a: Cyclizar|move: Sticky Web
|-unboost|p1a: Cyclizar|spe|1
|move|p2a: Dragapult|Phantom Force||[still]
|-prepare|p2a: Dragapult|Phantom Force
|
|upkeep
|turn|20
|
|t:|1769413995
|move|p2a: Dragapult|Phantom Force|p1a: Cyclizar|[from] lockedmove
|-immune|p1a: Cyclizar
|move|p1a: Cyclizar|U-turn|p2a: Dragapult
|-resisted|p2a: Dragapult
|-damage|p2a: Dragapult|25/100
|
|t:|1769414006
|switch|p1a: Alomomola|Alomomola, M|100/100|[from] U-turn
|
|upkeep
|turn|21
|-message|miju2906 forfeited.
|
|win|SpDy Test
|raw|SpDy Test's rating: 1135 &rarr; <strong>1158</strong><br />(+23 for winning)
|raw|miju2906's rating: 1101 &rarr; <strong>1078</strong><br />(-23 for losing)
|l|☆miju2906
|player|p2|
