|j|☆zonix14
|j|☆z4chhhhh
|t:|1769403787
|gametype|singles
|player|p1|zonix14|266|1219
|player|p2|z4chhhhh|169|1216
|gen|9
|tier|[Gen 9] OU
|rated|
|rule|HP Percentage Mod: HP is shown in percentages
|rule|Endless Battle Clause: Forcing endless battles is banned
|rule|Species Clause: Limit one of each Pokémon
|rule|OHKO Clause: OHKO moves are banned
|rule|Evasion Items Clause: Evasion items are banned
|rule|Evasion Moves Clause: Evasion moves are banned
|rule|Evasion Abilities Clause: Evasion abilities are banned
|rule|Sleep Moves Clause: Sleep-inducing moves are banned
|clearpoke
|poke|p1|Empoleon, M|
|poke|p1|Masquerain, F|
|poke|p1|Cinderace, M|
|poke|p1|Carbink|
|poke|p1|Serperior, M|
|poke|p1|Indeedee-F, F|
|poke|p2|Dragonite, M|
|poke|p2|Samurott-Hisui, F|
|poke|p2|Clefable, M|
|poke|p2|Gliscor, M|
|poke|p2|Gholdengo|
|poke|p2|Zamazenta-*|
|teampreview
|inactive|Battle timer is ON: inactive players will automatically lose when time's up. (requested by zonix14)
|inactive|z4chhhhh has 120 seconds left.
|
|t:|1769403828
|teamsize|p1|6
|teamsize|p2|6
|start
|switch|p1a: Masquerain|Masquerain, F|100/100
|switch|p2a: Gholdengo|Gholdengo|100/100
|-ability|p1a: Masquerain|Intimidate|boost
|-unboost|p2a: Gholdengo|atk|1
|turn|1
|
|t:|1769403862
|move|p2a: Gholdengo|Shadow Ball|p1a: Masquerain
|-damage|p1a: Masquerain|42/100
|move|p1a: Masquerain|Sticky Web|p2a: Gholdengo
|-sidestart|p2: z4chhhhh|move: Sticky Web
|
|upkeep
|turn|2
|
|t:|1769403867
|switch|p1a: Cinderace|Cinderace, M|100/100
|move|p2a: Gholdengo|Shadow Ball|p1a: Cinderace
|-damage|p1a: Cinderace|38/100
|
|upkeep
|turn|3
|
|t:|1769403883
|switch|p2a: Gliscor|Gliscor, M|100/100
|move|p1a: Cinderace|Court Change|p1a: Cinderace
|-swapsideconditions
|-activate|p1a: Cinderace|move: Court Change
|
|-status|p2a: Gliscor|tox|[from] item: Toxic Orb
|upkeep
|turn|4
|
|t:|1769403893
|move|p1a: Cinderace|Pyro Ball|p2a: Gliscor
|-damage|p2a: Gliscor|54/100 tox
|move|p2a: Gliscor|Knock Off|p1a: Cinderace
|-damage|p1a: Cinderace|8/100
|-enditem|p1a: Cinderace|Focus Sash|[from] move: Knock Off|[of] p2a: Gliscor
|
|-heal|p2a: Gliscor|67/100 tox|[from] ability: Poison Heal
|upkeep
|turn|5
|
|t:|1769403907
|move|p1a: Cinderace|Pyro Ball|p2a: Gliscor
|-damage|p2a: Gliscor|0 fnt
|faint|p2a: Gliscor
|
|upkeep
|
|t:|1769403919
|switch|p2a: Dragonite|Dragonite, M|100/100
|turn|6
|
|t:|1769403926
|move|p1a: Cinderace|Will-O-Wisp|p2a: Dragonite
|-status|p2a: Dragonite|brn
|move|p2a: Dragonite|Dragon Dance|p2a: Dragonite
|-boost|p2a: Dragonite|atk|1
|-boost|p2a: Dragonite|spe|1
|
|-damage|p2a: Dragonite|94/100 brn|[from] brn
|upkeep
|turn|7
|
|t:|1769403930
|move|p1a: Cinderace|Pyro Ball|p2a: Dragonite
|-resisted|p2a: Dragonite
|-damage|p2a: Dragonite|47/100 brn
|move|p2a: Dragonite|Dragon Dance|p2a: Dragonite
|-boost|p2a: Dragonite|atk|1
|-boost|p2a: Dragonite|spe|1
|
|-damage|p2a: Dragonite|41/100 brn|[from] brn
|upkeep
|turn|8
|
|t:|1769403938
|move|p2a: Dragonite|Extreme Speed|p1a: Cinderace
|-damage|p1a: Cinderace|0 fnt
|faint|p1a: Cinderace
|
|-damage|p2a: Dragonite|35/100 brn|[from] brn
|upkeep
|
|t:|1769403944
|switch|p1a: Carbink|Carbink|100/100
|turn|9
|
|t:|1769403955
|move|p2a: Dragonite|Earthquake|p1a: Carbink
|-supereffective|p1a: Carbink
|-damage|p1a: Carbink|40/100
|move|p1a: Carbink|Trick Room|p1a: Carbink
|-fieldstart|move: Trick Room|[of] p1a: Carbink
|
|-damage|p2a: Dragonite|29/100 brn|[from] brn
|upkeep
|turn|10
|
|t:|1769403963
|move|p1a: Carbink|Misty Explosion|p2a: Dragonite
|-supereffective|p2a: Dragonite
|-damage|p2a: Dragonite|0 fnt
|faint|p1a: Carbink
|faint|p2a: Dragonite
|
|upkeep
|
|t:|1769403977
|switch|p1a: Empoleon|Empoleon, M|100/100
|switch|p2a: Samurott|Samurott-Hisui, F|100/100
|-activate|p1a: Empoleon|move: Sticky Web
|-unboost|p1a: Empoleon|spe|1
|-ability|p1a: Empoleon|Competitive|boost
|-boost|p1a: Empoleon|spa|2
|turn|11
|
|t:|1769403987
|-terastallize|p1a: Empoleon|Electric
|move|p1a: Empoleon|Tera Blast|p2a: Samurott|[anim] Tera Blast Electric
|-supereffective|p2a: Samurott
|-crit|p2a: Samurott
|-damage|p2a: Samurott|0 fnt
|faint|p2a: Samurott
|
|upkeep
|
|t:|1769403997
|switch|p2a: Clefable|Clefable, M|100/100
|turn|12
|
|t:|1769404011
|move|p1a: Empoleon|Flash Cannon|p2a: Clefable
|-supereffective|p2a: Clefable
|-damage|p2a: Clefable|0 fnt
|faint|p2a: Clefable
|
|upkeep
|
|t:|1769404014
|switch|p2a: Zamazenta|Zamazenta|100/100
|-ability|p2a: Zamazenta|Dauntless Shield|boost
|-boost|p2a: Zamazenta|def|1
|turn|13
|
|t:|1769404018
|move|p1a: Empoleon|Surf|p2a: Zamazenta
|-damage|p2a: Zamazenta|0 fnt
|faint|p2a: Zamazenta
|
|-fieldend|move: Trick Room
|upkeep
|-message|z4chhhhh forfeited.
|
|win|zonix14
|raw|zonix14's rating: 1219 &rarr; <strong>1244</strong><br />(+25 for winning)
|raw|z4chhhhh's rating: 1216 &rarr; <strong>1191</strong><br />(-25 for losing)
|l|☆z4chhhhh
|player|p2|
|l|☆zonix14
|player|p1|
