|j|☆azertyujn
|j|☆King.owenjr
|t:|1769419458
|gametype|singles
|player|p1|azertyujn|266|1359
|player|p2|King.owenjr|veteran|1394
|gen|9
|tier|[Gen 9] OU
|rated|
|rule|HP Percentage Mod: HP is shown in percentages
|rule|Endless Battle Clause: Forcing endless battles is banned
|rule|Species Clause: Limit one of each Pokémon
|rule|OHKO Clause: OHKO moves are banned
|rule|Evasion Items Clause: Evasion items are banned
|rule|Evasion Moves Clause: Evasion moves are banned
|rule|Evasion Abilities Clause: Evasion abilities are banned
|rule|Sleep Moves Clause: Sleep-inducing moves are banned
|clearpoke
|poke|p1|Dragonite, M|
|poke|p1|Ogerpon-Wellspring, F|
|poke|p1|Glimmora, M|
|poke|p1|Kingambit, F|
|poke|p1|Gholdengo|
|poke|p1|Great Tusk|
|poke|p2|Arcanine-Hisui, M|
|poke|p2|Decidueye-Hisui, M|
|poke|p2|Gyarados, M|
|poke|p2|Hydreigon, M|
|poke|p2|Sandslash-Alola, M|
|poke|p2|Ribombee, F|
|teampreview
|inactive|Battle timer is ON: inactive players will automatically lose when time's up. (requested by azertyujn)
|
|t:|1769419495
|teamsize|p1|6
|teamsize|p2|6
|start
|switch|p1a: Glimmora|Glimmora, M|100/100
|switch|p2a: Ribombee|Ribombee, F|100/100
|turn|1
|
|t:|1769419502
|-terastallize|p2a: Ribombee|Ground
|move|p2a: Ribombee|Tera Blast|p1a: Glimmora|[anim] Tera Blast Ground
|-supereffective|p1a: Glimmora
|-enditem|p1a: Glimmora|Focus Sash
|-damage|p1a: Glimmora|1/100
|move|p1a: Glimmora|Power Gem|p2a: Ribombee
|-resisted|p2a: Ribombee
|-damage|p2a: Ribombee|66/100
|
|upkeep
|turn|2
|
|t:|1769419514
|move|p2a: Ribombee|Tera Blast|p1a: Glimmora|[anim] Tera Blast Ground
|-supereffective|p1a: Glimmora
|-crit|p1a: Glimmora
|-damage|p1a: Glimmora|0 fnt
|faint|p1a: Glimmora
|
|upkeep
|
|t:|1769419522
|switch|p1a: Dragonite|Dragonite, M|100/100
|turn|3
|
|t:|1769419526
|move|p1a: Dragonite|Extreme Speed|p2a: Ribombee
|-damage|p2a: Ribombee|9/100
|move|p2a: Ribombee|Sticky Web|p1a: Dragonite
|-sidestart|p1: azertyujn|move: Sticky Web
|
|upkeep
|turn|4
|
|t:|1769419533
|switch|p2a: Sandslash|Sandslash-Alola, M|100/100
|move|p1a: Dragonite|Extreme Speed|p2a: Sandslash
|-resisted|p2a: Sandslash
|-damage|p2a: Sandslash|88/100
|
|upkeep
|turn|5
|
|t:|1769419543
|switch|p1a: Great Tusk|Great Tusk|100/100
|-activate|p1a: Great Tusk|move: Sticky Web
|-unboost|p1a: Great Tusk|spe|1
|switch|p2a: Hydreigon|Hydreigon, M|100/100
|
|upkeep
|turn|6
|
|t:|1769419551
|move|p2a: Hydreigon|Draco Meteor|p1a: Great Tusk
|-damage|p1a: Great Tusk|8/100
|-unboost|p2a: Hydreigon|spa|2
|move|p1a: Great Tusk|Rapid Spin|p2a: Hydreigon
|-damage|p2a: Hydreigon|81/100
|-boost|p1a: Great Tusk|spe|1
|-sideend|p1: azertyujn|Sticky Web|[from] move: Rapid Spin|[of] p1a: Great Tusk
|-enditem|p2a: Hydreigon|Kee Berry|[eat]
|-boost|p2a: Hydreigon|def|1|[from] item: Kee Berry
|
|-heal|p1a: Great Tusk|14/100|[from] item: Leftovers
|upkeep
|turn|7
|
|t:|1769419564
|move|p2a: Hydreigon|Dark Pulse|p1a: Great Tusk
|-resisted|p1a: Great Tusk
|-damage|p1a: Great Tusk|0 fnt
|faint|p1a: Great Tusk
|-end|p1a: Great Tusk|Protosynthesis|[silent]
|
|upkeep
|
|t:|1769419569
|switch|p1a: Ogerpon|Ogerpon-Wellspring, F|100/100
|turn|8
|
|t:|1769419575
|move|p1a: Ogerpon|Play Rough|p2a: Hydreigon
|-supereffective|p2a: Hydreigon
|-damage|p2a: Hydreigon|0 fnt
|faint|p2a: Hydreigon
|
|upkeep
|
|t:|1769419581
|switch|p2a: Ribombee|Ribombee, F, tera:Ground|9/100
|turn|9
|
|t:|1769419584
|move|p2a: Ribombee|Sticky Web|p1a: Ogerpon
|-sidestart|p1: azertyujn|move: Sticky Web
|move|p1a: Ogerpon|Ivy Cudgel|p2a: Ribombee|[anim] Ivy Cudgel Water
|-supereffective|p2a: Ribombee
|-damage|p2a: Ribombee|0 fnt
|faint|p2a: Ribombee
|
|upkeep
|
|t:|1769419591
|switch|p2a: Sandslash|Sandslash-Alola, M|88/100
|turn|10
|
|t:|1769419597
|move|p1a: Ogerpon|Swords Dance|p1a: Ogerpon
|-boost|p1a: Ogerpon|atk|2
|move|p2a: Sandslash|Ice Spinner|p1a: Ogerpon
|-crit|p1a: Ogerpon
|-damage|p1a: Ogerpon|26/100
|
|upkeep
|turn|11
|
|t:|1769419605
|move|p2a: Sandslash|Ice Shard|p1a: Ogerpon
|-damage|p1a: Ogerpon|1/100
|move|p1a: Ogerpon|Ivy Cudgel|p2a: Sandslash|[anim] Ivy Cudgel Water
|-damage|p2a: Sandslash|0 fnt
|faint|p2a: Sandslash
|
|upkeep
|
|t:|1769419613
|switch|p2a: Arcanine|Arcanine-Hisui, M, shiny|100/100
|turn|12
|
|t:|1769419617
|move|p2a: Arcanine|Extreme Speed|p1a: Ogerpon
|-damage|p1a: Ogerpon|0 fnt
|faint|p1a: Ogerpon
|
|upkeep
|
|t:|1769419623
|switch|p1a: Dragonite|Dragonite, M|100/100
|turn|13
|
|t:|1769419629
|switch|p2a: Gyarados|Gyarados, M|100/100
|move|p1a: Dragonite|Earthquake|p2a: Gyarados
|-immune|p2a: Gyarados
|
|upkeep
|turn|14
|
|t:|1769419636
|switch|p2a: Decidueye|Decidueye-Hisui, M|100/100
|move|p1a: Dragonite|Dragon Dance|p1a: Dragonite
|-boost|p1a: Dragonite|atk|1
|-boost|p1a: Dragonite|spe|1
|
|upkeep
|turn|15
|
|t:|1769419644
|move|p1a: Dragonite|Ice Spinner|p2a: Decidueye
|-supereffective|p2a: Decidueye
|-damage|p2a: Decidueye|0 fnt
|faint|p2a: Decidueye
|
|upkeep
|
|t:|1769419650
|switch|p2a: Gyarados|Gyarados, M|100/100
|turn|16
|
|t:|1769419654
|move|p1a: Dragonite|Dragon Dance|p1a: Dragonite
|-boost|p1a: Dragonite|atk|1
|-boost|p1a: Dragonite|spe|1
|move|p2a: Gyarados|Ice Fang|p1a: Dragonite
|-supereffective|p1a: Dragonite
|-damage|p1a: Dragonite|53/100
|
|upkeep
|turn|17
|
|t:|1769419662
|-terastallize|p1a: Dragonite|Normal
|move|p1a: Dragonite|Extreme Speed|p2a: Gyarados
|-damage|p2a: Gyarados|0 fnt
|faint|p2a: Gyarados
|
|upkeep
|
|t:|1769419669
|switch|p2a: Arcanine|Arcanine-Hisui, M, shiny|100/100
|turn|18
|
|t:|1769419674
|move|p2a: Arcanine|Extreme Speed|p1a: Dragonite
|-damage|p1a: Dragonite|21/100
|move|p1a: Dragonite|Earthquake|p2a: Arcanine
|-supereffective|p2a: Arcanine
|-damage|p2a: Arcanine|0 fnt
|faint|p2a: Arcanine
|
|win|azertyujn
|raw|azertyujn's rating: 1359 &rarr; <strong>1381</strong><br />(+22 for winning)
|raw|King.owenjr's rating: 1394 &rarr; <strong>1372</strong><br />(-22 for losing)
|l|☆King.owenjr
|player|p2|
|l|☆azertyujn
|player|p1|
