|j|☆TenzenO_O
|j|☆Rukia13
|t:|1769350938
|gametype|singles
|player|p1|TenzenO_O|n|1598
|player|p2|Rukia13|2|1648
|gen|9
|tier|[Gen 9] OU
|rated|
|rule|HP Percentage Mod: HP is shown in percentages
|rule|Endless Battle Clause: Forcing endless battles is banned
|rule|Species Clause: Limit one of each Pokémon
|rule|OHKO Clause: OHKO moves are banned
|rule|Evasion Items Clause: Evasion items are banned
|rule|Evasion Moves Clause: Evasion moves are banned
|rule|Evasion Abilities Clause: Evasion abilities are banned
|rule|Sleep Moves Clause: Sleep-inducing moves are banned
|clearpoke
|poke|p1|Iron Moth|
|poke|p1|Kingambit, F|
|poke|p1|Dragonite, F|
|poke|p1|Ogerpon-Cornerstone, F|
|poke|p1|Iron Valiant|
|poke|p1|Raging Bolt|
|poke|p2|Heatran, F|
|poke|p2|Alomomola, M|
|poke|p2|Kyurem|
|poke|p2|Clodsire, F|
|poke|p2|Great Tusk|
|poke|p2|Rillaboom, M|
|teampreview
|inactive|Battle timer is ON: inactive players will automatically lose when time's up. (requested by TenzenO_O)
|
|t:|1769350949
|teamsize|p1|6
|teamsize|p2|6
|start
|switch|p1a: Ogerpon|Ogerpon-Cornerstone, F|100/100
|switch|p2a: Rillaboom|Rillaboom, M|100/100
|-fieldstart|move: Grassy Terrain|[from] ability: Grassy Surge|[of] p2a: Rillaboom
|turn|1
|
|t:|1769350956
|move|p1a: Ogerpon|Power Whip|p2a: Rillaboom
|-resisted|p2a: Rillaboom
|-damage|p2a: Rillaboom|58/100
|move|p2a: Rillaboom|U-turn|p1a: Ogerpon
|-supereffective|p1a: Ogerpon
|-damage|p1a: Ogerpon|6/100
|
|t:|1769350976
|switch|p2a: Heatran|Heatran, F, shiny|100/100|[from] U-turn
|
|-heal|p1a: Ogerpon|12/100|[from] Grassy Terrain
|upkeep
|turn|2
|
|t:|1769350984
|move|p1a: Ogerpon|Ivy Cudgel|p2a: Heatran|[anim] Ivy Cudgel Rock
|-damage|p2a: Heatran|46/100
|move|p2a: Heatran|Earth Power|p1a: Ogerpon
|-damage|p1a: Ogerpon|0 fnt
|faint|p1a: Ogerpon
|
|-heal|p2a: Heatran|52/100|[from] Grassy Terrain
|upkeep
|
|t:|1769350994
|switch|p1a: Iron Valiant|Iron Valiant|100/100
|-enditem|p1a: Iron Valiant|Booster Energy
|-activate|p1a: Iron Valiant|ability: Quark Drive|[fromitem]
|-start|p1a: Iron Valiant|quarkdrivespe
|turn|3
|
|t:|1769350997
|switch|p2a: Clodsire|Clodsire, F|100/100
|move|p1a: Iron Valiant|Close Combat|p2a: Clodsire
|-resisted|p2a: Clodsire
|-damage|p2a: Clodsire|64/100
|-unboost|p1a: Iron Valiant|def|1
|-unboost|p1a: Iron Valiant|spd|1
|
|-heal|p2a: Clodsire|70/100|[from] Grassy Terrain
|-heal|p2a: Clodsire|77/100|[from] item: Leftovers
|upkeep
|turn|4
|
|t:|1769351005
|switch|p2a: Alomomola|Alomomola, M, shiny|100/100
|move|p1a: Iron Valiant|Knock Off|p2a: Alomomola
|-damage|p2a: Alomomola|84/100
|-damage|p1a: Iron Valiant|84/100|[from] item: Rocky Helmet|[of] p2a: Alomomola
|-enditem|p2a: Alomomola|Rocky Helmet|[from] move: Knock Off|[of] p1a: Iron Valiant
|
|-heal|p1a: Iron Valiant|90/100|[from] Grassy Terrain
|-heal|p2a: Alomomola|90/100|[from] Grassy Terrain
|upkeep
|turn|5
|
|t:|1769351012
|move|p1a: Iron Valiant|Swords Dance|p1a: Iron Valiant
|-boost|p1a: Iron Valiant|atk|2
|move|p2a: Alomomola|Wish|p2a: Alomomola
|
|-heal|p1a: Iron Valiant|96/100|[from] Grassy Terrain
|-heal|p2a: Alomomola|96/100|[from] Grassy Terrain
|-fieldend|move: Grassy Terrain
|upkeep
|turn|6
|
|t:|1769351015
|move|p1a: Iron Valiant|Close Combat|p2a: Alomomola
|-damage|p2a: Alomomola|32/100
|-unboost|p1a: Iron Valiant|def|1
|-unboost|p1a: Iron Valiant|spd|1
|move|p2a: Alomomola|Flip Turn|p1a: Iron Valiant
|-damage|p1a: Iron Valiant|55/100
|
|t:|1769351018
|switch|p2a: Rillaboom|Rillaboom, M|58/100|[from] Flip Turn
|-fieldstart|move: Grassy Terrain|[from] ability: Grassy Surge|[of] p2a: Rillaboom
|
|-heal|p2a: Rillaboom|100/100|[from] move: Wish|[wisher] Alomomola
|-heal|p1a: Iron Valiant|61/100|[from] Grassy Terrain
|upkeep
|turn|7
|
|t:|1769351029
|-end|p1a: Iron Valiant|Quark Drive|[silent]
|switch|p1a: Iron Moth|Iron Moth|100/100
|-enditem|p1a: Iron Moth|Booster Energy
|-activate|p1a: Iron Moth|ability: Quark Drive|[fromitem]
|-start|p1a: Iron Moth|quarkdrivespe
|move|p2a: Rillaboom|Grassy Glide|p1a: Iron Moth
|-resisted|p1a: Iron Moth
|-damage|p1a: Iron Moth|79/100
|
|-heal|p1a: Iron Moth|85/100|[from] Grassy Terrain
|upkeep
|turn|8
|
|t:|1769351035
|switch|p2a: Clodsire|Clodsire, F|77/100
|move|p1a: Iron Moth|Fiery Dance|p2a: Clodsire
|-damage|p2a: Clodsire|54/100
|
|-heal|p1a: Iron Moth|91/100|[from] Grassy Terrain
|-heal|p2a: Clodsire|60/100|[from] Grassy Terrain
|-heal|p2a: Clodsire|66/100|[from] item: Leftovers
|upkeep
|turn|9
|
|t:|1769351044
|-terastallize|p1a: Iron Moth|Grass
|move|p1a: Iron Moth|Energy Ball|p2a: Clodsire
|-damage|p2a: Clodsire|34/100
|-unboost|p2a: Clodsire|spd|1
|move|p2a: Clodsire|High Horsepower|p1a: Iron Moth
|-resisted|p1a: Iron Moth
|-damage|p1a: Iron Moth|74/100
|
|-heal|p1a: Iron Moth|80/100|[from] Grassy Terrain
|-heal|p2a: Clodsire|40/100|[from] Grassy Terrain
|-heal|p2a: Clodsire|46/100|[from] item: Leftovers
|upkeep
|turn|10
|
|t:|1769351053
|switch|p2a: Heatran|Heatran, F, shiny|52/100
|move|p1a: Iron Moth|Energy Ball|p2a: Heatran
|-resisted|p2a: Heatran
|-damage|p2a: Heatran|37/100
|
|-heal|p1a: Iron Moth|86/100|[from] Grassy Terrain
|-heal|p2a: Heatran|43/100|[from] Grassy Terrain
|-fieldend|move: Grassy Terrain
|upkeep
|turn|11
|
|t:|1769351061
|-end|p1a: Iron Moth|Quark Drive|[silent]
|switch|p1a: Raging Bolt|Raging Bolt|100/100
|-enditem|p1a: Raging Bolt|Booster Energy
|-activate|p1a: Raging Bolt|ability: Protosynthesis|[fromitem]
|-start|p1a: Raging Bolt|protosynthesisspa
|switch|p2a: Clodsire|Clodsire, F|46/100
|
|-heal|p2a: Clodsire|53/100|[from] item: Leftovers
|upkeep
|turn|12
|
|t:|1769351066
|move|p2a: Clodsire|Protect|p2a: Clodsire
|-singleturn|p2a: Clodsire|Protect
|move|p1a: Raging Bolt|Dragon Pulse|p2a: Clodsire
|-activate|p2a: Clodsire|move: Protect
|
|-heal|p2a: Clodsire|59/100|[from] item: Leftovers
|upkeep
|turn|13
|
|t:|1769351071
|move|p1a: Raging Bolt|Dragon Pulse|p2a: Clodsire
|-damage|p2a: Clodsire|22/100
|move|p2a: Clodsire|Recover|p2a: Clodsire
|-heal|p2a: Clodsire|72/100
|
|-heal|p2a: Clodsire|78/100|[from] item: Leftovers
|upkeep
|turn|14
|
|t:|1769351077
|move|p1a: Raging Bolt|Dragon Pulse|p2a: Clodsire
|-damage|p2a: Clodsire|42/100
|move|p2a: Clodsire|Toxic|p1a: Raging Bolt
|-status|p1a: Raging Bolt|tox
|
|-heal|p2a: Clodsire|48/100|[from] item: Leftovers
|-damage|p1a: Raging Bolt|94/100 tox|[from] psn
|upkeep
|turn|15
|
|t:|1769351080
|move|p1a: Raging Bolt|Dragon Pulse|p2a: Clodsire
|-damage|p2a: Clodsire|10/100
|move|p2a: Clodsire|Recover|p2a: Clodsire
|-heal|p2a: Clodsire|60/100
|
|-heal|p2a: Clodsire|66/100|[from] item: Leftovers
|-damage|p1a: Raging Bolt|82/100 tox|[from] psn
|upkeep
|turn|16
|
|t:|1769351083
|move|p1a: Raging Bolt|Dragon Pulse|p2a: Clodsire
|-damage|p2a: Clodsire|33/100
|move|p2a: Clodsire|Recover|p2a: Clodsire
|-heal|p2a: Clodsire|83/100
|
|-heal|p2a: Clodsire|89/100|[from] item: Leftovers
|-damage|p1a: Raging Bolt|64/100 tox|[from] psn
|upkeep
|turn|17
|
|t:|1769351085
|move|p2a: Clodsire|Protect|p2a: Clodsire
|-singleturn|p2a: Clodsire|Protect
|move|p1a: Raging Bolt|Dragon Pulse|p2a: Clodsire
|-activate|p2a: Clodsire|move: Protect
|
|-heal|p2a: Clodsire|96/100|[from] item: Leftovers
|-damage|p1a: Raging Bolt|39/100 tox|[from] psn
|upkeep
|turn|18
|
|t:|1769351088
|move|p1a: Raging Bolt|Dragon Pulse|p2a: Clodsire
|-damage|p2a: Clodsire|62/100
|move|p2a: Clodsire|Recover|p2a: Clodsire
|-heal|p2a: Clodsire|100/100
|
|-damage|p1a: Raging Bolt|8/100 tox|[from] psn
|upkeep
|turn|19
|
|t:|1769351095
|-end|p1a: Raging Bolt|Protosynthesis|[silent]
|switch|p1a: Iron Valiant|Iron Valiant|61/100
|move|p2a: Clodsire|Protect||[still]
|-fail|p2a: Clodsire
|
|upkeep
|turn|20
|
|t:|1769351100
|switch|p2a: Alomomola|Alomomola, M, shiny|66/100
|move|p1a: Iron Valiant|Knock Off|p2a: Alomomola
|-crit|p2a: Alomomola
|-damage|p2a: Alomomola|48/100
|
|upkeep
|turn|21
|
|t:|1769351104
|move|p1a: Iron Valiant|Close Combat|p2a: Alomomola
|-damage|p2a: Alomomola|16/100
|-unboost|p1a: Iron Valiant|def|1
|-unboost|p1a: Iron Valiant|spd|1
|move|p2a: Alomomola|Wish|p2a: Alomomola
|
|upkeep
|turn|22
|
|t:|1769351108
|move|p2a: Alomomola|Protect|p2a: Alomomola
|-singleturn|p2a: Alomomola|Protect
|move|p1a: Iron Valiant|Swords Dance|p1a: Iron Valiant
|-boost|p1a: Iron Valiant|atk|2
|
|-heal|p2a: Alomomola|66/100|[from] move: Wish|[wisher] Alomomola
|upkeep
|turn|23
|
|t:|1769351110
|move|p1a: Iron Valiant|Close Combat|p2a: Alomomola
|-damage|p2a: Alomomola|3/100
|-unboost|p1a: Iron Valiant|def|1
|-unboost|p1a: Iron Valiant|spd|1
|move|p2a: Alomomola|Wish|p2a: Alomomola
|
|upkeep
|turn|24
|-message|TenzenO_O forfeited.
|
|win|Rukia13
|raw|TenzenO_O's rating: 1598 &rarr; <strong>1581</strong><br />(-17 for losing)
|raw|Rukia13's rating: 1648 &rarr; <strong>1665</strong><br />(+17 for winning)
|l|☆TenzenO_O
|player|p1|
|l|☆Rukia13
|player|p2|
