|j|☆Avery29
|j|☆Julix12
|t:|1769406517
|gametype|singles
|player|p1|Avery29|266|1268
|player|p2|Julix12|waiter-gen4dp|1275
|gen|9
|tier|[Gen 9] OU
|rated|
|rule|HP Percentage Mod: HP is shown in percentages
|rule|Endless Battle Clause: Forcing endless battles is banned
|rule|Species Clause: Limit one of each Pokémon
|rule|OHKO Clause: OHKO moves are banned
|rule|Evasion Items Clause: Evasion items are banned
|rule|Evasion Moves Clause: Evasion moves are banned
|rule|Evasion Abilities Clause: Evasion abilities are banned
|rule|Sleep Moves Clause: Sleep-inducing moves are banned
|clearpoke
|poke|p1|Quaquaval, F|
|poke|p1|Skarmory, M|
|poke|p1|Meowscarada, F|
|poke|p1|Mandibuzz, F|
|poke|p1|Umbreon, M|
|poke|p1|Sandy Shocks|
|poke|p2|Grimmsnarl, M|
|poke|p2|Ceruledge, F|
|poke|p2|Iron Treads|
|poke|p2|Zapdos|
|poke|p2|Samurott-Hisui, F|
|poke|p2|Slowking-Galar, F|
|teampreview
|inactive|Battle timer is ON: inactive players will automatically lose when time's up. (requested by Avery29)
|
|t:|1769406534
|teamsize|p1|6
|teamsize|p2|6
|start
|switch|p1a: Mandibuzz|Mandibuzz, F|100/100
|switch|p2a: Zapdos|Zapdos|100/100
|turn|1
|
|t:|1769406537
|move|p2a: Zapdos|Discharge|p1a: Mandibuzz
|-supereffective|p1a: Mandibuzz
|-damage|p1a: Mandibuzz|36/100
|-status|p1a: Mandibuzz|par
|move|p1a: Mandibuzz|Toxic|p2a: Zapdos
|-status|p2a: Zapdos|tox
|
|-damage|p2a: Zapdos|94/100 tox|[from] psn
|upkeep
|turn|2
|
|t:|1769406547
|switch|p1a: Wall-U|Umbreon, M|100/100
|move|p2a: Zapdos|Hurricane|p1a: Wall-U
|-damage|p1a: Wall-U|71/100
|
|-heal|p1a: Wall-U|77/100|[from] item: Leftovers
|-damage|p2a: Zapdos|82/100 tox|[from] psn
|upkeep
|turn|3
|
|t:|1769406559
|switch|p2a: Samurott|Samurott-Hisui, F|100/100
|move|p1a: Wall-U|Wish|p1a: Wall-U
|
|-heal|p1a: Wall-U|83/100|[from] item: Leftovers
|upkeep
|turn|4
|
|t:|1769406563
|move|p2a: Samurott|Ceaseless Edge|p1a: Wall-U
|-resisted|p1a: Wall-U
|-damage|p1a: Wall-U|60/100
|-sidestart|p1: Avery29|Spikes
|move|p1a: Wall-U|Toxic|p2a: Samurott
|-status|p2a: Samurott|tox
|
|-heal|p1a: Wall-U|100/100|[from] move: Wish|[wisher] Wall-U
|-damage|p2a: Samurott|94/100 tox|[from] psn
|upkeep
|turn|5
|
|t:|1769406573
|move|p2a: Samurott|Ceaseless Edge|p1a: Wall-U
|-resisted|p1a: Wall-U
|-damage|p1a: Wall-U|79/100
|-sidestart|p1: Avery29|Spikes
|move|p1a: Wall-U|Wish|p1a: Wall-U
|
|-heal|p1a: Wall-U|85/100|[from] item: Leftovers
|-damage|p2a: Samurott|82/100 tox|[from] psn
|upkeep
|turn|6
|
|t:|1769406582
|switch|p2a: Slowking|Slowking-Galar, F|100/100
|switch|p1a: Mandibuzz|Mandibuzz, F|36/100 par
|
|-heal|p1a: Mandibuzz|83/100 par|[from] move: Wish|[wisher] Wall-U
|upkeep
|turn|7
|
|t:|1769406587
|move|p1a: Mandibuzz|Knock Off|p2a: Slowking
|-supereffective|p2a: Slowking
|-damage|p2a: Slowking|50/100
|-enditem|p2a: Slowking|Assault Vest|[from] move: Knock Off|[of] p1a: Mandibuzz
|move|p2a: Slowking|Ice Beam|p1a: Mandibuzz
|-supereffective|p1a: Mandibuzz
|-damage|p1a: Mandibuzz|38/100 par
|
|upkeep
|turn|8
|
|t:|1769406600
|switch|p2a: Zapdos|Zapdos|82/100 tox
|cant|p1a: Mandibuzz|par
|
|-damage|p2a: Zapdos|76/100 tox|[from] psn
|upkeep
|turn|9
|
|t:|1769406608
|switch|p1a: Sandy Shocks|Sandy Shocks, shiny|100/100
|-damage|p1a: Sandy Shocks|84/100|[from] Spikes
|move|p2a: Zapdos|Discharge|p1a: Sandy Shocks
|-immune|p1a: Sandy Shocks
|
|-damage|p2a: Zapdos|63/100 tox|[from] psn
|upkeep
|turn|10
|
|t:|1769406618
|switch|p2a: Slowking|Slowking-Galar, F|83/100
|move|p1a: Sandy Shocks|Volt Switch|p2a: Slowking
|-damage|p2a: Slowking|45/100
|
|t:|1769406624
|-end|p1a: Sandy Shocks|Protosynthesis|[silent]
|switch|p1a: Hey|Meowscarada, F|100/100|[from] Volt Switch
|-damage|p1a: Hey|84/100|[from] Spikes
|
|upkeep
|turn|11
|
|t:|1769406635
|switch|p2a: Iron Treads|Iron Treads|100/100
|move|p1a: Hey|Night Slash|p2a: Iron Treads
|-start|p1a: Hey|typechange|Dark|[from] ability: Protean
|-crit|p2a: Iron Treads
|-damage|p2a: Iron Treads|67/100
|-damage|p1a: Hey|68/100|[from] item: Rocky Helmet|[of] p2a: Iron Treads
|
|upkeep
|turn|12
|
|t:|1769406649
|switch|p1a: Stall|Skarmory, M|100/100
|move|p2a: Iron Treads|Stealth Rock|p1a: Stall
|-sidestart|p1: Avery29|move: Stealth Rock
|
|upkeep
|turn|13
|
|t:|1769406661
|-end|p2a: Iron Treads|Quark Drive|[silent]
|switch|p2a: Zapdos|Zapdos|63/100 tox
|move|p1a: Stall|Stealth Rock|p2a: Zapdos
|-sidestart|p2: Julix12|move: Stealth Rock
|
|-damage|p2a: Zapdos|57/100 tox|[from] psn
|upkeep
|turn|14
|
|t:|1769406668
|switch|p1a: Wall-U|Umbreon, M|85/100
|-damage|p1a: Wall-U|69/100|[from] Spikes
|-damage|p1a: Wall-U|56/100|[from] Stealth Rock
|move|p2a: Zapdos|Roost|p2a: Zapdos
|-heal|p2a: Zapdos|100/100 tox
|-singleturn|p2a: Zapdos|move: Roost
|
|-heal|p1a: Wall-U|62/100|[from] item: Leftovers
|-damage|p2a: Zapdos|88/100 tox|[from] psn
|upkeep
|turn|15
|
|t:|1769406674
|switch|p2a: Iron Treads|Iron Treads|67/100
|-damage|p2a: Iron Treads|64/100|[from] Stealth Rock
|move|p1a: Wall-U|Protect||[still]
|-fail|p1a: Wall-U
|
|-heal|p1a: Wall-U|69/100|[from] item: Leftovers
|upkeep
|turn|16
|
|t:|1769406680
|move|p2a: Iron Treads|Rapid Spin|p1a: Wall-U
|-damage|p1a: Wall-U|59/100
|-boost|p2a: Iron Treads|spe|1
|-sideend|p2: Julix12|Stealth Rock|[from] move: Rapid Spin|[of] p2a: Iron Treads
|move|p1a: Wall-U|Wish|p1a: Wall-U
|
|-heal|p1a: Wall-U|65/100|[from] item: Leftovers
|upkeep
|turn|17
|
|t:|1769406688
|switch|p1a: Mandibuzz|Mandibuzz, F|38/100 par
|move|p2a: Iron Treads|Earthquake|p1a: Mandibuzz
|-immune|p1a: Mandibuzz
|
|-heal|p1a: Mandibuzz|84/100 par|[from] move: Wish|[wisher] Wall-U
|upkeep
|turn|18
|
|t:|1769406694
|move|p2a: Iron Treads|Ice Spinner|p1a: Mandibuzz
|-supereffective|p1a: Mandibuzz
|-damage|p1a: Mandibuzz|63/100 par
|move|p1a: Mandibuzz|Defog|p2a: Iron Treads
|-unboost|p2a: Iron Treads|evasion|1
|-sideend|p1: Avery29|Spikes|[from] move: Defog|[of] p1a: Mandibuzz
|-sideend|p1: Avery29|Stealth Rock|[from] move: Defog|[of] p1a: Mandibuzz
|
|upkeep
|turn|19
|
|t:|1769406702
|move|p2a: Iron Treads|Stealth Rock|p1a: Mandibuzz
|-sidestart|p1: Avery29|move: Stealth Rock
|cant|p1a: Mandibuzz|par
|
|upkeep
|turn|20
|inactive|Julix12 has 120 seconds left.
|
|t:|1769406735
|-end|p2a: Iron Treads|Quark Drive|[silent]
|switch|p2a: Zapdos|Zapdos|88/100 tox
|move|p1a: Mandibuzz|Knock Off|p2a: Zapdos
|-damage|p2a: Zapdos|58/100 tox
|-enditem|p2a: Zapdos|Heavy-Duty Boots|[from] move: Knock Off|[of] p1a: Mandibuzz
|
|-damage|p2a: Zapdos|52/100 tox|[from] psn
|upkeep
|turn|21
|
|t:|1769406744
|move|p2a: Zapdos|Heat Wave|p1a: Mandibuzz
|-damage|p1a: Mandibuzz|33/100 par
|cant|p1a: Mandibuzz|par
|
|-damage|p2a: Zapdos|39/100 tox|[from] psn
|upkeep
|turn|22
|
|t:|1769406751
|switch|p1a: Wall-U|Umbreon, M|65/100
|-damage|p1a: Wall-U|53/100|[from] Stealth Rock
|move|p2a: Zapdos|Discharge|p1a: Wall-U
|-damage|p1a: Wall-U|30/100
|
|-heal|p1a: Wall-U|36/100|[from] item: Leftovers
|-damage|p2a: Zapdos|20/100 tox|[from] psn
|upkeep
|turn|23
|
|t:|1769406756
|move|p2a: Zapdos|Roost|p2a: Zapdos
|-heal|p2a: Zapdos|71/100 tox
|-singleturn|p2a: Zapdos|move: Roost
|move|p1a: Wall-U|Wish|p1a: Wall-U
|
|-heal|p1a: Wall-U|42/100|[from] item: Leftovers
|-damage|p2a: Zapdos|46/100 tox|[from] psn
|upkeep
|turn|24
|
|t:|1769406764
|move|p1a: Wall-U|Protect|p1a: Wall-U
|-singleturn|p1a: Wall-U|Protect
|move|p2a: Zapdos|Discharge|p1a: Wall-U
|-activate|p1a: Wall-U|move: Protect
|
|-heal|p1a: Wall-U|92/100|[from] move: Wish|[wisher] Wall-U
|-heal|p1a: Wall-U|98/100|[from] item: Leftovers
|-damage|p2a: Zapdos|15/100 tox|[from] psn
|upkeep
|turn|25
|
|t:|1769406773
|switch|p2a: Samurott|Samurott-Hisui, F|82/100 tox
|move|p1a: Wall-U|Foul Play|p2a: Samurott
|-resisted|p2a: Samurott
|-damage|p2a: Samurott|52/100 tox
|
|-heal|p1a: Wall-U|100/100|[from] item: Leftovers
|-damage|p2a: Samurott|46/100 tox|[from] psn
|upkeep
|turn|26
|
|t:|1769406779
|move|p1a: Wall-U|Protect|p1a: Wall-U
|-singleturn|p1a: Wall-U|Protect
|move|p2a: Samurott|Knock Off|p1a: Wall-U
|-activate|p1a: Wall-U|move: Protect
|
|-damage|p2a: Samurott|33/100 tox|[from] psn
|upkeep
|turn|27
|
|t:|1769406786
|switch|p1a: Mandibuzz|Mandibuzz, F|33/100 par
|move|p2a: Samurott|Knock Off|p1a: Mandibuzz
|-resisted|p1a: Mandibuzz
|-damage|p1a: Mandibuzz|18/100 par
|-enditem|p1a: Mandibuzz|Heavy-Duty Boots|[from] move: Knock Off|[of] p2a: Samurott
|
|-damage|p2a: Samurott|15/100 tox|[from] psn
|upkeep
|turn|28
|
|t:|1769406793
|move|p2a: Samurott|Ceaseless Edge|p1a: Mandibuzz
|-resisted|p1a: Mandibuzz
|-damage|p1a: Mandibuzz|3/100 par
|-sidestart|p1: Avery29|Spikes
|move|p1a: Mandibuzz|Roost|p1a: Mandibuzz
|-heal|p1a: Mandibuzz|53/100 par
|-singleturn|p1a: Mandibuzz|move: Roost
|
|-damage|p2a: Samurott|0 fnt|[from] psn
|faint|p2a: Samurott
|upkeep
|
|t:|1769406815
|switch|p2a: Zapdos|Zapdos|15/100 tox
|turn|29
|
|t:|1769406822
|move|p2a: Zapdos|Roost|p2a: Zapdos
|-heal|p2a: Zapdos|65/100 tox
|-singleturn|p2a: Zapdos|move: Roost
|move|p1a: Mandibuzz|Defog|p2a: Zapdos
|-unboost|p2a: Zapdos|evasion|1
|-sideend|p1: Avery29|Spikes|[from] move: Defog|[of] p1a: Mandibuzz
|-sideend|p1: Avery29|Stealth Rock|[from] move: Defog|[of] p1a: Mandibuzz
|
|-damage|p2a: Zapdos|58/100 tox|[from] psn
|upkeep
|turn|30
|
|t:|1769406828
|switch|p1a: Sandy Shocks|Sandy Shocks, shiny|84/100
|move|p2a: Zapdos|Discharge|p1a: Sandy Shocks
|-immune|p1a: Sandy Shocks
|
|-damage|p2a: Zapdos|46/100 tox|[from] psn
|upkeep
|turn|31
|
|t:|1769406837
|switch|p2a: Iron Treads|Iron Treads|64/100
|move|p1a: Sandy Shocks|Earth Power|p2a: Iron Treads
|-supereffective|p2a: Iron Treads
|-damage|p2a: Iron Treads|0 fnt
|faint|p2a: Iron Treads
|-end|p2a: Iron Treads|Quark Drive|[silent]
|
|upkeep
|
|t:|1769406846
|switch|p2a: Grimmsnarl|Grimmsnarl, M|100/100
|turn|32
|
|t:|1769406849
|move|p2a: Grimmsnarl|Light Screen|p2a: Grimmsnarl
|-sidestart|p2: Julix12|move: Light Screen
|move|p1a: Sandy Shocks|Earth Power|p2a: Grimmsnarl
|-damage|p2a: Grimmsnarl|56/100
|
|upkeep
|turn|33
|
|t:|1769406854
|move|p2a: Grimmsnarl|Reflect|p2a: Grimmsnarl
|-sidestart|p2: Julix12|Reflect
|move|p1a: Sandy Shocks|Earth Power|p2a: Grimmsnarl
|-damage|p2a: Grimmsnarl|12/100
|
|upkeep
|turn|34
|
|t:|1769406861
|-end|p1a: Sandy Shocks|Protosynthesis|[silent]
|switch|p1a: Stall|Skarmory, M|100/100
|switch|p2a: Zapdos|Zapdos|46/100 tox
|
|-damage|p2a: Zapdos|40/100 tox|[from] psn
|upkeep
|turn|35
|
|t:|1769406869
|switch|p1a: Wall-U|Umbreon, M|100/100
|move|p2a: Zapdos|Roost|p2a: Zapdos
|-heal|p2a: Zapdos|90/100 tox
|-singleturn|p2a: Zapdos|move: Roost
|
|-damage|p2a: Zapdos|77/100 tox|[from] psn
|upkeep
|turn|36
|
|t:|1769406874
|switch|p2a: Ceruledge|Ceruledge, F|100/100
|move|p1a: Wall-U|Wish|p1a: Wall-U
|
|upkeep
|turn|37
|
|t:|1769406880
|move|p2a: Ceruledge|Bitter Blade|p1a: Wall-U
|-damage|p1a: Wall-U|51/100
|-damage|p2a: Ceruledge|91/100|[from] item: Life Orb
|move|p1a: Wall-U|Toxic|p2a: Ceruledge
|-status|p2a: Ceruledge|tox
|
|-heal|p1a: Wall-U|100/100|[from] move: Wish|[wisher] Wall-U
|-damage|p2a: Ceruledge|84/100 tox|[from] psn
|upkeep
|turn|38
|
|t:|1769406890
|switch|p2a: Slowking|Slowking-Galar, F|79/100
|move|p1a: Wall-U|Foul Play|p2a: Slowking
|-supereffective|p2a: Slowking
|-damage|p2a: Slowking|62/100
|
|upkeep
|turn|39
|
|t:|1769406896
|move|p1a: Wall-U|Wish|p1a: Wall-U
|move|p2a: Slowking|Sludge Bomb|p1a: Wall-U
|-damage|p1a: Wall-U|77/100
|
|-heal|p1a: Wall-U|83/100|[from] item: Leftovers
|-sideend|p2: Julix12|move: Light Screen
|upkeep
|turn|40
|
|t:|1769406906
|switch|p1a: Mandibuzz|Mandibuzz, F|53/100 par
|move|p2a: Slowking|Sludge Bomb|p1a: Mandibuzz
|-damage|p1a: Mandibuzz|18/100 par
|
|-heal|p1a: Mandibuzz|65/100 par|[from] move: Wish|[wisher] Wall-U
|-sideend|p2: Julix12|Reflect
|upkeep
|turn|41
|
|t:|1769406916
|switch|p2a: Zapdos|Zapdos|77/100 tox
|cant|p1a: Mandibuzz|par
|
|-damage|p2a: Zapdos|71/100 tox|[from] psn
|upkeep
|turn|42
|
|t:|1769406927
|switch|p1a: Wall-U|Umbreon, M|83/100
|move|p2a: Zapdos|Discharge|p1a: Wall-U
|-damage|p1a: Wall-U|62/100
|
|-heal|p1a: Wall-U|68/100|[from] item: Leftovers
|-damage|p2a: Zapdos|59/100 tox|[from] psn
|upkeep
|turn|43
|
|t:|1769406938
|switch|p2a: Slowking|Slowking-Galar, F|96/100
|move|p1a: Wall-U|Wish|p1a: Wall-U
|
|-heal|p1a: Wall-U|74/100|[from] item: Leftovers
|upkeep
|turn|44
|
|t:|1769406948
|switch|p1a: Stall|Skarmory, M|100/100
|move|p2a: Slowking|Ice Beam|p1a: Stall
|-damage|p1a: Stall|64/100
|
|-heal|p1a: Stall|100/100|[from] move: Wish|[wisher] Wall-U
|upkeep
|turn|45
|
|t:|1769406954
|move|p1a: Stall|Stealth Rock|p2a: Slowking
|-sidestart|p2: Julix12|move: Stealth Rock
|move|p2a: Slowking|Flamethrower|p1a: Stall
|-supereffective|p1a: Stall
|-damage|p1a: Stall|18/100
|
|upkeep
|turn|46
|
|t:|1769406964
|switch|p1a: Wall-U|Umbreon, M|74/100
|move|p2a: Slowking|Flamethrower|p1a: Wall-U
|-damage|p1a: Wall-U|60/100
|
|-heal|p1a: Wall-U|66/100|[from] item: Leftovers
|upkeep
|turn|47
|
|t:|1769406970
|move|p1a: Wall-U|Wish|p1a: Wall-U
|move|p2a: Slowking|Sludge Bomb|p1a: Wall-U
|-damage|p1a: Wall-U|43/100
|-status|p1a: Wall-U|psn
|-activate|p1a: Wall-U|ability: Synchronize
|-immune|p2a: Slowking
|
|-heal|p1a: Wall-U|49/100 psn|[from] item: Leftovers
|-damage|p1a: Wall-U|37/100 psn|[from] psn
|upkeep
|turn|48
|
|t:|1769406983
|switch|p1a: Hey|Meowscarada, F|68/100
|move|p2a: Slowking|Sludge Bomb|p1a: Hey
|-supereffective|p1a: Hey
|-damage|p1a: Hey|0 fnt
|faint|p1a: Hey
|
|upkeep
|
|t:|1769406989
|switch|p1a: Sandy Shocks|Sandy Shocks, shiny|84/100
|turn|49
|
|t:|1769406997
|move|p1a: Sandy Shocks|Volt Switch|p2a: Slowking
|-damage|p2a: Slowking|60/100
|
|t:|1769407003
|-end|p1a: Sandy Shocks|Protosynthesis|[silent]
|switch|p1a: Wall-U|Umbreon, M|37/100 psn|[from] Volt Switch
|move|p2a: Slowking|Ice Beam|p1a: Wall-U
|-damage|p1a: Wall-U|21/100 psn
|
|-heal|p1a: Wall-U|27/100 psn|[from] item: Leftovers
|-damage|p1a: Wall-U|15/100 psn|[from] psn
|upkeep
|turn|50
|
|t:|1769407014
|move|p1a: Wall-U|Protect|p1a: Wall-U
|-singleturn|p1a: Wall-U|Protect
|move|p2a: Slowking|Sludge Bomb|p1a: Wall-U
|-activate|p1a: Wall-U|move: Protect
|
|-heal|p1a: Wall-U|21/100 psn|[from] item: Leftovers
|-damage|p1a: Wall-U|9/100 psn|[from] psn
|upkeep
|turn|51
|
|t:|1769407022
|move|p1a: Wall-U|Wish|p1a: Wall-U
|move|p2a: Slowking|Flamethrower|p1a: Wall-U
|-damage|p1a: Wall-U|0 fnt
|faint|p1a: Wall-U
|
|upkeep
|
|t:|1769407028
|switch|p1a: Sandy Shocks|Sandy Shocks, shiny|84/100
|turn|52
|
|t:|1769407033
|switch|p2a: Zapdos|Zapdos|59/100 tox
|-damage|p2a: Zapdos|34/100 tox|[from] Stealth Rock
|move|p1a: Sandy Shocks|Tera Blast|p2a: Zapdos
|-damage|p2a: Zapdos|0 fnt
|faint|p2a: Zapdos
|
|-heal|p1a: Sandy Shocks|100/100|[from] move: Wish|[wisher] Wall-U
|upkeep
|
|t:|1769407048
|switch|p2a: Grimmsnarl|Grimmsnarl, M|12/100
|-damage|p2a: Grimmsnarl|0 fnt|[from] Stealth Rock
|faint|p2a: Grimmsnarl
|
|t:|1769407050
|switch|p2a: Ceruledge|Ceruledge, F|84/100 tox
|-damage|p2a: Ceruledge|60/100 tox|[from] Stealth Rock
|turn|53
|
|t:|1769407069
|-end|p1a: Sandy Shocks|Protosynthesis|[silent]
|switch|p1a: Mandibuzz|Mandibuzz, F|65/100 par
|-terastallize|p2a: Ceruledge|Ghost
|move|p2a: Ceruledge|Shadow Sneak|p1a: Mandibuzz
|-resisted|p1a: Mandibuzz
|-damage|p1a: Mandibuzz|55/100 par
|-damage|p2a: Ceruledge|50/100 tox|[from] item: Life Orb
|
|-damage|p2a: Ceruledge|43/100 tox|[from] psn
|upkeep
|turn|54
|
|t:|1769407081
|move|p2a: Ceruledge|Bitter Blade|p1a: Mandibuzz
|-damage|p1a: Mandibuzz|20/100 par
|-heal|p2a: Ceruledge|69/100 tox|[from] drain|[of] p1a: Mandibuzz
|-damage|p2a: Ceruledge|59/100 tox|[from] item: Life Orb
|move|p1a: Mandibuzz|Knock Off|p2a: Ceruledge
|-supereffective|p2a: Ceruledge
|-damage|p2a: Ceruledge|0 fnt
|-enditem|p2a: Ceruledge|Life Orb|[from] move: Knock Off|[of] p1a: Mandibuzz
|faint|p2a: Ceruledge
|
|upkeep
|
|t:|1769407089
|switch|p2a: Slowking|Slowking-Galar, F|94/100
|-damage|p2a: Slowking|81/100|[from] Stealth Rock
|turn|55
|
|t:|1769407092
|cant|p1a: Mandibuzz|par
|move|p2a: Slowking|Ice Beam|p1a: Mandibuzz
|-supereffective|p1a: Mandibuzz
|-damage|p1a: Mandibuzz|0 fnt
|faint|p1a: Mandibuzz
|
|upkeep
|
|t:|1769407097
|switch|p1a: Sandy Shocks|Sandy Shocks, shiny|100/100
|turn|56
|
|t:|1769407102
|move|p1a: Sandy Shocks|Volt Switch|p2a: Slowking
|-damage|p2a: Slowking|41/100
|
|t:|1769407105
|-end|p1a: Sandy Shocks|Protosynthesis|[silent]
|switch|p1a: Stall|Skarmory, M|18/100|[from] Volt Switch
|move|p2a: Slowking|Ice Beam|p1a: Stall
|-damage|p1a: Stall|0 fnt
|faint|p1a: Stall
|
|upkeep
|
|t:|1769407107
|switch|p1a: Sandy Shocks|Sandy Shocks, shiny|100/100
|turn|57
|
|t:|1769407109
|move|p1a: Sandy Shocks|Earth Power|p2a: Slowking
|-supereffective|p2a: Slowking
|-damage|p2a: Slowking|0 fnt
|faint|p2a: Slowking
|
|win|Avery29
|raw|Avery29's rating: 1268 &rarr; <strong>1294</strong><br />(+26 for winning)
|raw|Julix12's rating: 1275 &rarr; <strong>1249</strong><br />(-26 for losing)
|l|☆Julix12
|player|p2|
|l|☆Avery29
|player|p1|
