|j|☆St. Saturn
|j|☆harc
|t:|1769404612
|gametype|singles
|player|p1|St. Saturn|lance|1321
|player|p2|harc|worker-gen4|1261
|gen|9
|tier|[Gen 9] OU
|rated|
|rule|HP Percentage Mod: HP is shown in percentages
|rule|Endless Battle Clause: Forcing endless battles is banned
|rule|Species Clause: Limit one of each Pokémon
|rule|OHKO Clause: OHKO moves are banned
|rule|Evasion Items Clause: Evasion items are banned
|rule|Evasion Moves Clause: Evasion moves are banned
|rule|Evasion Abilities Clause: Evasion abilities are banned
|rule|Sleep Moves Clause: Sleep-inducing moves are banned
|clearpoke
|poke|p1|Meowscarada, F|
|poke|p1|Kingambit, F|
|poke|p1|Slowking-Galar, M|
|poke|p1|Moltres|
|poke|p1|Great Tusk|
|poke|p1|Darkrai|
|poke|p2|Hippowdon, F|
|poke|p2|Tyranitar, F|
|poke|p2|Corviknight, F|
|poke|p2|Reuniclus, M|
|poke|p2|Dondozo, M|
|poke|p2|Slowking-Galar, F|
|teampreview
|inactive|Battle timer is ON: inactive players will automatically lose when time's up. (requested by St. Saturn)
|
|t:|1769404640
|teamsize|p1|6
|teamsize|p2|6
|start
|switch|p1a: Meowscarada|Meowscarada, F|100/100
|switch|p2a: Hippowdon|Hippowdon, F|100/100
|-weather|Sandstorm|[from] ability: Sand Stream|[of] p2a: Hippowdon
|turn|1
|
|t:|1769404656
|-terastallize|p2a: Hippowdon|Steel
|move|p1a: Meowscarada|Flower Trick|p2a: Hippowdon
|-start|p1a: Meowscarada|typechange|Grass|[from] ability: Protean
|-resisted|p2a: Hippowdon
|-crit|p2a: Hippowdon
|-damage|p2a: Hippowdon|88/100
|move|p2a: Hippowdon|Stealth Rock|p1a: Meowscarada
|-sidestart|p1: St. Saturn|move: Stealth Rock
|
|-weather|Sandstorm|[upkeep]
|-damage|p1a: Meowscarada|94/100|[from] Sandstorm
|upkeep
|turn|2
|
|t:|1769404676
|switch|p1a: Great Tusk|Great Tusk|100/100
|-damage|p1a: Great Tusk|98/100|[from] Stealth Rock
|-enditem|p1a: Great Tusk|Booster Energy
|-activate|p1a: Great Tusk|ability: Protosynthesis|[fromitem]
|-start|p1a: Great Tusk|protosynthesisatk
|move|p2a: Hippowdon|Earthquake|p1a: Great Tusk
|-damage|p1a: Great Tusk|68/100
|
|-weather|Sandstorm|[upkeep]
|upkeep
|turn|3
|
|t:|1769404689
|switch|p2a: Reuniclus|Reuniclus, M|100/100
|move|p1a: Great Tusk|Rapid Spin|p2a: Reuniclus
|-damage|p2a: Reuniclus|84/100
|-boost|p1a: Great Tusk|spe|1
|-sideend|p1: St. Saturn|Stealth Rock|[from] move: Rapid Spin|[of] p1a: Great Tusk
|
|-weather|Sandstorm|[upkeep]
|-heal|p2a: Reuniclus|90/100|[from] item: Leftovers
|upkeep
|turn|4
|
|t:|1769404700
|-end|p1a: Great Tusk|Protosynthesis|[silent]
|switch|p1a: Darkrai|Darkrai|100/100
|move|p2a: Reuniclus|Tera Blast|p1a: Darkrai
|-damage|p1a: Darkrai|70/100
|
|-weather|Sandstorm|[upkeep]
|-damage|p1a: Darkrai|64/100|[from] Sandstorm
|-heal|p2a: Reuniclus|96/100|[from] item: Leftovers
|upkeep
|turn|5
|
|t:|1769404713
|switch|p2a: Tyranitar|Tyranitar, F|100/100
|move|p1a: Darkrai|Dark Pulse|p2a: Tyranitar
|-resisted|p2a: Tyranitar
|-crit|p2a: Tyranitar
|-damage|p2a: Tyranitar|92/100
|
|-weather|Sandstorm|[upkeep]
|-damage|p1a: Darkrai|58/100|[from] Sandstorm
|upkeep
|turn|6
|
|t:|1769404724
|switch|p1a: Meowscarada|Meowscarada, F|94/100
|move|p2a: Tyranitar|Dragon Tail|p1a: Meowscarada
|-damage|p1a: Meowscarada|67/100
|drag|p1a: Slowking|Slowking-Galar, M|100/100
|
|-weather|Sandstorm|[upkeep]
|-damage|p1a: Slowking|94/100|[from] Sandstorm
|upkeep
|turn|7
|
|t:|1769404733
|switch|p1a: Moltres|Moltres|100/100
|move|p2a: Tyranitar|Knock Off|p1a: Moltres
|-damage|p1a: Moltres|72/100
|-enditem|p1a: Moltres|Heavy-Duty Boots|[from] move: Knock Off|[of] p2a: Tyranitar
|
|-weather|Sandstorm|[upkeep]
|-damage|p1a: Moltres|66/100|[from] Sandstorm
|upkeep
|turn|8
|
|t:|1769404751
|switch|p2a: Reuniclus|Reuniclus, M|96/100
|move|p1a: Moltres|Hurricane|p2a: Reuniclus
|-crit|p2a: Reuniclus
|-damage|p2a: Reuniclus|33/100
|-start|p2a: Reuniclus|confusion
|
|-weather|none
|-heal|p2a: Reuniclus|39/100|[from] item: Leftovers
|upkeep
|turn|9
|
|t:|1769404764
|switch|p2a: Slowking|Slowking-Galar, F|100/100
|move|p1a: Moltres|Flamethrower|p2a: Slowking
|-damage|p2a: Slowking|85/100
|
|upkeep
|turn|10
|
|t:|1769404773
|switch|p1a: Kingambit|Kingambit, F, shiny|100/100
|move|p2a: Slowking|Future Sight|p1a: Kingambit
|-start|p2a: Slowking|move: Future Sight
|
|upkeep
|turn|11
|
|t:|1769404787
|switch|p2a: Dondozo|Dondozo, M|100/100
|move|p1a: Kingambit|Kowtow Cleave|p2a: Dondozo
|-damage|p2a: Dondozo|75/100
|
|-heal|p2a: Dondozo|81/100|[from] item: Leftovers
|upkeep
|turn|12
|
|t:|1769404794
|-end|p1a: Kingambit|fallenundefined|[silent]
|switch|p1a: Darkrai|Darkrai|58/100
|move|p2a: Dondozo|Body Press|p1a: Darkrai
|-supereffective|p1a: Darkrai
|-damage|p1a: Darkrai|0 fnt
|faint|p1a: Darkrai
|
|-hint|Future Sight did not hit because the target is fainted.
|-heal|p2a: Dondozo|88/100|[from] item: Leftovers
|upkeep
|l|☆St. Saturn
|inactive|St. Saturn disconnected and has a minute to reconnect!
|player|p1|
|inactive|St. Saturn has 30 seconds to reconnect!
|inactive|St. Saturn has 20 seconds to reconnect!
|inactive|St. Saturn has 15 seconds to reconnect!
|inactive|St. Saturn has 10 seconds to reconnect!
|inactive|St. Saturn has 5 seconds to reconnect!
|-message|St. Saturn lost due to inactivity.
|
|win|harc
|raw|St. Saturn's rating: 1321 &rarr; <strong>1298</strong><br />(-23 for losing)
|raw|harc's rating: 1261 &rarr; <strong>1290</strong><br />(+29 for winning)
