|j|☆VvTOo
|j|☆swagataka
|t:|1769370747
|gametype|singles
|player|p1|VvTOo|hiker-gen4|1714
|player|p2|swagataka|byron|1723
|gen|9
|tier|[Gen 9] OU
|rated|
|rule|HP Percentage Mod: HP is shown in percentages
|rule|Endless Battle Clause: Forcing endless battles is banned
|rule|Species Clause: Limit one of each Pokémon
|rule|OHKO Clause: OHKO moves are banned
|rule|Evasion Items Clause: Evasion items are banned
|rule|Evasion Moves Clause: Evasion moves are banned
|rule|Evasion Abilities Clause: Evasion abilities are banned
|rule|Sleep Moves Clause: Sleep-inducing moves are banned
|clearpoke
|poke|p1|Slowking-Galar, F|
|poke|p1|Kyurem|
|poke|p1|Indeedee, M|
|poke|p1|Great Tusk|
|poke|p1|Rillaboom, M|
|poke|p1|Hoopa-Unbound|
|poke|p2|Kingambit, M|
|poke|p2|Regigigas|
|poke|p2|Great Tusk|
|poke|p2|Pecharunt|
|poke|p2|Zoroark-Hisui, M|
|poke|p2|Gallade, M|
|teampreview
|inactive|Battle timer is ON: inactive players will automatically lose when time's up. (requested by VvTOo)
|
|t:|1769370756
|teamsize|p1|6
|teamsize|p2|6
|start
|switch|p1a: Great Tusk|Great Tusk|100/100
|switch|p2a: Gallade|Gallade, M, shiny|100/100
|turn|1
|
|t:|1769370760
|-end|p1a: Great Tusk|Protosynthesis|[silent]
|switch|p1a: Hoopa|Hoopa-Unbound|100/100
|move|p2a: Gallade|Psycho Cut|p1a: Hoopa
|-immune|p1a: Hoopa
|
|upkeep
|turn|2
|
|t:|1769370770
|switch|p2a: R.E.G.R.E.M.I.X|Regigigas, shiny|100/100
|-start|p2a: R.E.G.R.E.M.I.X|ability: Slow Start
|move|p1a: Hoopa|Hyperspace Fury|p2a: R.E.G.R.E.M.I.X
|-damage|p2a: R.E.G.R.E.M.I.X|51/100
|-unboost|p1a: Hoopa|def|1
|
|upkeep
|turn|3
|
|t:|1769370779
|move|p1a: Hoopa|Drain Punch|p2a: R.E.G.R.E.M.I.X
|-supereffective|p2a: R.E.G.R.E.M.I.X
|-damage|p2a: R.E.G.R.E.M.I.X|3/100
|move|p2a: R.E.G.R.E.M.I.X|Hyper Beam|p1a: Hoopa
|-damage|p1a: Hoopa|47/100
|-mustrecharge|p2a: R.E.G.R.E.M.I.X
|
|upkeep
|turn|4
|
|t:|1769370783
|move|p1a: Hoopa|Drain Punch|p2a: R.E.G.R.E.M.I.X
|-supereffective|p2a: R.E.G.R.E.M.I.X
|-damage|p2a: R.E.G.R.E.M.I.X|0 fnt
|-heal|p1a: Hoopa|49/100|[from] drain|[of] p2a: R.E.G.R.E.M.I.X
|faint|p2a: R.E.G.R.E.M.I.X
|
|upkeep
|
|t:|1769370784
|switch|p2a: Gallade|Gallade, M, shiny|100/100
|turn|5
|
|t:|1769370790
|switch|p1a: Great Tusk|Great Tusk|100/100
|move|p2a: Gallade|Sacred Sword|p1a: Great Tusk
|-damage|p1a: Great Tusk|47/100
|
|upkeep
|turn|6
|
|t:|1769370796
|-end|p1a: Great Tusk|Protosynthesis|[silent]
|switch|p1a: Slowking|Slowking-Galar, F|100/100
|move|p2a: Gallade|Sacred Sword|p1a: Slowking
|-resisted|p1a: Slowking
|-damage|p1a: Slowking|88/100
|-damage|p2a: Gallade|84/100|[from] item: Rocky Helmet|[of] p1a: Slowking
|
|upkeep
|turn|7
|
|t:|1769370798
|switch|p2a: Irönhead|Kingambit, M|100/100
|-item|p2a: Irönhead|Air Balloon
|-prepare|p1a: Slowking|Chilly Reception|[premajor]
|move|p1a: Slowking|Chilly Reception|p1a: Slowking
|-weather|Snowscape
|
|t:|1769370801
|switch|p1a: Hoopa|Hoopa-Unbound|49/100|[from] Chilly Reception
|
|-weather|Snowscape|[upkeep]
|upkeep
|turn|8
|
|t:|1769370805
|-terastallize|p1a: Hoopa|Fighting
|move|p2a: Irönhead|Sucker Punch|p1a: Hoopa
|-resisted|p1a: Hoopa
|-damage|p1a: Hoopa|10/100
|move|p1a: Hoopa|Drain Punch|p2a: Irönhead
|-supereffective|p2a: Irönhead
|-damage|p2a: Irönhead|0 fnt
|-heal|p1a: Hoopa|74/100|[from] drain|[of] p2a: Irönhead
|-enditem|p2a: Irönhead|Air Balloon
|faint|p2a: Irönhead
|
|-weather|Snowscape|[upkeep]
|upkeep
|
|t:|1769370808
|switch|p2a: Gallade|Gallade, M, shiny|84/100
|turn|9
|
|t:|1769370812
|switch|p1a: Slowking|Slowking-Galar, F|100/100
|move|p2a: Gallade|Psycho Cut|p1a: Slowking
|-damage|p1a: Slowking|62/100
|
|-weather|Snowscape|[upkeep]
|upkeep
|turn|10
|
|t:|1769370817
|switch|p2a: Steely Don|Great Tusk|100/100
|move|p1a: Slowking|Sludge Bomb|p2a: Steely Don
|-resisted|p2a: Steely Don
|-damage|p2a: Steely Don|74/100
|
|-weather|Snowscape|[upkeep]
|upkeep
|turn|11
|j| El.Capo.Camino
|
|t:|1769370821
|switch|p1a: Rillaboom|Rillaboom, M|100/100
|-fieldstart|move: Grassy Terrain|[from] ability: Grassy Surge|[of] p1a: Rillaboom
|move|p2a: Steely Don|Knock Off|p1a: Rillaboom
|-damage|p1a: Rillaboom|63/100
|-enditem|p1a: Rillaboom|Choice Band|[from] move: Knock Off|[of] p2a: Steely Don
|
|-weather|none
|-heal|p2a: Steely Don|80/100|[from] Grassy Terrain
|-heal|p1a: Rillaboom|69/100|[from] Grassy Terrain
|upkeep
|turn|12
|l| El.Capo.Camino
|j| El.Capo.Camino
|
|t:|1769370828
|move|p2a: Steely Don|Ice Spinner|p1a: Rillaboom
|-supereffective|p1a: Rillaboom
|-damage|p1a: Rillaboom|10/100
|-fieldend|move: Grassy Terrain
|move|p1a: Rillaboom|Knock Off|p2a: Steely Don
|-resisted|p2a: Steely Don
|-damage|p2a: Steely Don|68/100
|-enditem|p2a: Steely Don|Heavy-Duty Boots|[from] move: Knock Off|[of] p1a: Rillaboom
|
|upkeep
|turn|13
|
|t:|1769370832
|switch|p1a: Slowking|Slowking-Galar, F|96/100
|move|p2a: Steely Don|Rapid Spin|p1a: Slowking
|-damage|p1a: Slowking|82/100
|-boost|p2a: Steely Don|spe|1
|-damage|p2a: Steely Don|51/100|[from] item: Rocky Helmet|[of] p1a: Slowking
|
|upkeep
|turn|14
|j| double lead paint
|
|t:|1769370836
|move|p2a: Steely Don|Headlong Rush|p1a: Slowking
|-supereffective|p1a: Slowking
|-damage|p1a: Slowking|0 fnt
|-unboost|p2a: Steely Don|def|1
|-unboost|p2a: Steely Don|spd|1
|-damage|p2a: Steely Don|35/100|[from] item: Rocky Helmet|[of] p1a: Slowking
|faint|p1a: Slowking
|
|upkeep
|
|t:|1769370840
|switch|p1a: Rillaboom|Rillaboom, M|10/100
|-fieldstart|move: Grassy Terrain|[from] ability: Grassy Surge|[of] p1a: Rillaboom
|turn|15
|
|t:|1769370843
|-end|p2a: Steely Don|Protosynthesis|[silent]
|switch|p2a: Apacherunt|Pecharunt|100/100
|move|p1a: Rillaboom|Knock Off|p2a: Apacherunt
|-supereffective|p2a: Apacherunt
|-damage|p2a: Apacherunt|67/100
|-enditem|p2a: Apacherunt|Heavy-Duty Boots|[from] move: Knock Off|[of] p1a: Rillaboom
|
|-heal|p1a: Rillaboom|16/100|[from] Grassy Terrain
|-heal|p2a: Apacherunt|73/100|[from] Grassy Terrain
|upkeep
|turn|16
|
|t:|1769370847
|switch|p1a: Great Tusk|Great Tusk|47/100
|move|p2a: Apacherunt|Parting Shot|p1a: Great Tusk
|-unboost|p1a: Great Tusk|atk|1
|-unboost|p1a: Great Tusk|spa|1
|
|t:|1769370849
|switch|p2a: Gallade|Gallade, M, shiny|84/100|[from] Parting Shot
|
|-heal|p2a: Gallade|90/100|[from] Grassy Terrain
|-heal|p1a: Great Tusk|53/100|[from] Grassy Terrain
|upkeep
|turn|17
|
|t:|1769370858
|move|p2a: Gallade|Sacred Sword|p1a: Great Tusk
|-damage|p1a: Great Tusk|6/100
|move|p1a: Great Tusk|Headlong Rush|p2a: Gallade
|-damage|p2a: Gallade|5/100
|-unboost|p1a: Great Tusk|def|1
|-unboost|p1a: Great Tusk|spd|1
|
|-heal|p2a: Gallade|11/100|[from] Grassy Terrain
|-heal|p1a: Great Tusk|12/100|[from] Grassy Terrain
|upkeep
|turn|18
|
|t:|1769370864
|move|p2a: Gallade|Sacred Sword|p1a: Great Tusk
|-damage|p1a: Great Tusk|0 fnt
|faint|p1a: Great Tusk
|-end|p1a: Great Tusk|Protosynthesis|[silent]
|
|-heal|p2a: Gallade|17/100|[from] Grassy Terrain
|upkeep
|
|t:|1769370866
|switch|p1a: Indeedee|Indeedee, M|100/100
|-fieldstart|move: Psychic Terrain|[from] ability: Psychic Surge|[of] p1a: Indeedee
|turn|19
|
|t:|1769370872
|switch|p2a: Steely Don|Great Tusk|35/100
|move|p1a: Indeedee|Expanding Force|p2a: Steely Don
|-supereffective|p2a: Steely Don
|-damage|p2a: Steely Don|0 fnt
|faint|p2a: Steely Don
|-end|p2a: Steely Don|Protosynthesis|[silent]
|
|upkeep
|
|t:|1769370875
|switch|p2a: Apacherunt|Pecharunt|73/100
|turn|20
|
|t:|1769370879
|-terastallize|p2a: Apacherunt|Dark
|move|p1a: Indeedee|Expanding Force|p2a: Apacherunt
|-immune|p2a: Apacherunt
|move|p2a: Apacherunt|Toxic|p1a: Indeedee
|-status|p1a: Indeedee|tox
|-start|p1a: Indeedee|confusion|[from] ability: Poison Puppeteer|[of] p2a: Apacherunt
|
|-damage|p1a: Indeedee|94/100 tox|[from] psn
|upkeep
|turn|21
|j| shedtailhater
|
|t:|1769370887
|switch|p1a: Kyurem|Kyurem|100/100
|-ability|p1a: Kyurem|Pressure
|move|p2a: Apacherunt|Recover|p2a: Apacherunt
|-heal|p2a: Apacherunt|100/100
|
|upkeep
|turn|22
|
|t:|1769370892
|move|p1a: Kyurem|Freeze-Dry|p2a: Apacherunt
|-damage|p2a: Apacherunt|62/100
|move|p2a: Apacherunt|Parting Shot|p1a: Kyurem
|-unboost|p1a: Kyurem|atk|1
|-unboost|p1a: Kyurem|spa|1
|
|t:|1769370893
|switch|p2a: Gallade|Gallade, M, shiny|17/100|[from] Parting Shot
|
|upkeep
|turn|23
|
|t:|1769370895
|move|p2a: Gallade|Sacred Sword|p1a: Kyurem
|-supereffective|p1a: Kyurem
|-damage|p1a: Kyurem|0 fnt
|faint|p1a: Kyurem
|
|-fieldend|move: Psychic Terrain
|upkeep
|
|t:|1769370899
|switch|p1a: Rillaboom|Rillaboom, M|16/100
|-fieldstart|move: Grassy Terrain|[from] ability: Grassy Surge|[of] p1a: Rillaboom
|turn|24
|
|t:|1769370903
|move|p2a: Gallade|Sacred Sword|p1a: Rillaboom
|-crit|p1a: Rillaboom
|-damage|p1a: Rillaboom|0 fnt
|faint|p1a: Rillaboom
|
|-heal|p2a: Gallade|24/100|[from] Grassy Terrain
|upkeep
|
|t:|1769370907
|switch|p1a: Hoopa|Hoopa-Unbound, tera:Fighting|74/100
|turn|25
|
|t:|1769370909
|move|p2a: Gallade|Sacred Sword|p1a: Hoopa
|-damage|p1a: Hoopa|0 fnt
|faint|p1a: Hoopa
|
|-heal|p2a: Gallade|30/100|[from] Grassy Terrain
|upkeep
|-message|VvTOo forfeited.
|
|win|swagataka
|raw|VvTOo's rating: 1714 &rarr; <strong>1695</strong><br />(-19 for losing)
|raw|swagataka's rating: 1723 &rarr; <strong>1742</strong><br />(+19 for winning)
|l|☆VvTOo
|player|p1|
|l|☆swagataka
|player|p2|
|j| SpiderKing3261
|l| shedtailhater
|l| SpiderKing3261
