|j|☆Jaycobi1017
|j|☆quehahah
|t:|1769370582
|gametype|singles
|player|p1|Jaycobi1017|brycenman|1207
|player|p2|quehahah|169|1187
|gen|9
|tier|[Gen 9] OU
|rated|
|rule|HP Percentage Mod: HP is shown in percentages
|rule|Endless Battle Clause: Forcing endless battles is banned
|rule|Species Clause: Limit one of each Pokémon
|rule|OHKO Clause: OHKO moves are banned
|rule|Evasion Items Clause: Evasion items are banned
|rule|Evasion Moves Clause: Evasion moves are banned
|rule|Evasion Abilities Clause: Evasion abilities are banned
|rule|Sleep Moves Clause: Sleep-inducing moves are banned
|clearpoke
|poke|p1|Tyranitar, F|
|poke|p1|Lycanroc, F|
|poke|p1|Sandy Shocks|
|poke|p1|Ogerpon-Cornerstone, F|
|poke|p1|Corviknight, M|
|poke|p1|Clefable, M|
|poke|p2|Araquanid, F|
|poke|p2|Alomomola, F|
|poke|p2|Magnezone|
|poke|p2|Regidrago|
|poke|p2|Dondozo, F|
|poke|p2|Clodsire, M|
|teampreview
|
|t:|1769370605
|teamsize|p1|6
|teamsize|p2|6
|start
|switch|p1a: Lycanroc|Lycanroc, F|100/100
|switch|p2a: Araquanid|Araquanid, F|100/100
|turn|1
|
|t:|1769370615
|move|p1a: Lycanroc|Stone Edge|p2a: Araquanid
|-supereffective|p2a: Araquanid
|-damage|p2a: Araquanid|0 fnt
|faint|p2a: Araquanid
|
|upkeep
|
|t:|1769370626
|switch|p2a: Regidrago|Regidrago|100/100
|turn|2
|
|t:|1769370631
|switch|p1a: Corviknight|Corviknight, M|100/100
|move|p2a: Regidrago|Dragon Energy|p1a: Corviknight
|-resisted|p1a: Corviknight
|-damage|p1a: Corviknight|52/100
|
|upkeep
|turn|3
|
|t:|1769370659
|switch|p2a: Magnezone|Magnezone|100/100
|switch|p1a: Clefable|Clefable, M|100/100
|
|upkeep
|turn|4
|
|t:|1769370671
|switch|p1a: Tyranitar|Tyranitar, F|100/100
|-weather|Sandstorm|[from] ability: Sand Stream|[of] p1a: Tyranitar
|move|p2a: Magnezone|Flash Cannon|p1a: Tyranitar
|-supereffective|p1a: Tyranitar
|-damage|p1a: Tyranitar|54/100
|
|-weather|Sandstorm|[upkeep]
|upkeep
|turn|5
|
|t:|1769370678
|-terastallize|p2a: Magnezone|Flying
|move|p1a: Tyranitar|Knock Off|p2a: Magnezone
|-damage|p2a: Magnezone|61/100
|-enditem|p2a: Magnezone|Choice Specs|[from] move: Knock Off|[of] p1a: Tyranitar
|move|p2a: Magnezone|Flash Cannon|p1a: Tyranitar
|-supereffective|p1a: Tyranitar
|-damage|p1a: Tyranitar|18/100
|
|-weather|Sandstorm|[upkeep]
|-damage|p2a: Magnezone|55/100|[from] Sandstorm
|upkeep
|turn|6
|
|t:|1769370697
|switch|p1a: Sandy Shocks|Sandy Shocks|100/100
|-enditem|p1a: Sandy Shocks|Booster Energy
|-activate|p1a: Sandy Shocks|ability: Protosynthesis|[fromitem]
|-start|p1a: Sandy Shocks|protosynthesisspe
|move|p2a: Magnezone|Flash Cannon|p1a: Sandy Shocks
|-resisted|p1a: Sandy Shocks
|-damage|p1a: Sandy Shocks|67/100
|
|-weather|Sandstorm|[upkeep]
|-damage|p2a: Magnezone|49/100|[from] Sandstorm
|upkeep
|turn|7
|
|t:|1769370708
|switch|p2a: Clodsire|Clodsire, M|100/100
|move|p1a: Sandy Shocks|Thunderbolt|p2a: Clodsire
|-immune|p2a: Clodsire
|
|-weather|Sandstorm|[upkeep]
|upkeep
|turn|8
|
|t:|1769370719
|-end|p1a: Sandy Shocks|Protosynthesis|[silent]
|switch|p1a: Corviknight|Corviknight, M|52/100
|move|p2a: Clodsire|Stockpile|p2a: Clodsire
|-start|p2a: Clodsire|stockpile1
|-boost|p2a: Clodsire|def|1
|-boost|p2a: Clodsire|spd|1
|
|-weather|none
|upkeep
|turn|9
|
|t:|1769370725
|move|p1a: Corviknight|U-turn|p2a: Clodsire
|-resisted|p2a: Clodsire
|-damage|p2a: Clodsire|97/100
|
|t:|1769370732
|switch|p1a: Tyranitar|Tyranitar, F|18/100|[from] U-turn
|-weather|Sandstorm|[from] ability: Sand Stream|[of] p1a: Tyranitar
|move|p2a: Clodsire|Stockpile|p2a: Clodsire
|-start|p2a: Clodsire|stockpile2
|-boost|p2a: Clodsire|def|1
|-boost|p2a: Clodsire|spd|1
|
|-weather|Sandstorm|[upkeep]
|-heal|p2a: Clodsire|100/100|[from] item: Leftovers
|upkeep
|turn|10
|
|t:|1769370743
|move|p2a: Clodsire|Stockpile|p2a: Clodsire
|-start|p2a: Clodsire|stockpile3
|-boost|p2a: Clodsire|def|1
|-boost|p2a: Clodsire|spd|1
|move|p1a: Tyranitar|Dragon Tail|p2a: Clodsire
|-damage|p2a: Clodsire|94/100
|drag|p2a: Alomomola|Alomomola, F|100/100
|
|-weather|Sandstorm|[upkeep]
|-damage|p2a: Alomomola|94/100|[from] Sandstorm
|upkeep
|turn|11
|
|t:|1769370755
|switch|p1a: Clefable|Clefable, M|100/100
|move|p2a: Alomomola|Flip Turn|p1a: Clefable
|-damage|p1a: Clefable|88/100
|
|t:|1769370762
|switch|p2a: Clodsire|Clodsire, M|94/100|[from] Flip Turn
|
|-weather|Sandstorm|[upkeep]
|-heal|p2a: Clodsire|99/100|[from] item: Leftovers
|upkeep
|turn|12
|
|t:|1769370773
|move|p1a: Clefable|Wish|p1a: Clefable
|move|p2a: Clodsire|Toxic|p1a: Clefable
|-status|p1a: Clefable|tox
|
|-weather|Sandstorm|[upkeep]
|-heal|p2a: Clodsire|100/100|[from] item: Leftovers
|upkeep
|turn|13
|
|t:|1769370777
|switch|p1a: Tyranitar|Tyranitar, F|18/100
|move|p2a: Clodsire|Stockpile|p2a: Clodsire
|-start|p2a: Clodsire|stockpile1
|-boost|p2a: Clodsire|def|1
|-boost|p2a: Clodsire|spd|1
|
|-weather|none
|-heal|p1a: Tyranitar|67/100|[from] move: Wish|[wisher] Clefable
|upkeep
|turn|14
|
|t:|1769370784
|move|p1a: Tyranitar|Knock Off|p2a: Clodsire
|-damage|p2a: Clodsire|76/100
|-enditem|p2a: Clodsire|Leftovers|[from] move: Knock Off|[of] p1a: Tyranitar
|move|p2a: Clodsire|Body Press|p1a: Tyranitar
|-supereffective|p1a: Tyranitar
|-damage|p1a: Tyranitar|0 fnt
|faint|p1a: Tyranitar
|
|upkeep
|
|t:|1769370792
|switch|p1a: Sandy Shocks|Sandy Shocks|67/100
|turn|15
|
|t:|1769370796
|move|p1a: Sandy Shocks|Earth Power|p2a: Clodsire
|-supereffective|p2a: Clodsire
|-damage|p2a: Clodsire|38/100
|move|p2a: Clodsire|Recover|p2a: Clodsire
|-heal|p2a: Clodsire|88/100
|
|upkeep
|turn|16
|
|t:|1769370808
|move|p1a: Sandy Shocks|Earth Power|p2a: Clodsire
|-supereffective|p2a: Clodsire
|-damage|p2a: Clodsire|49/100
|move|p2a: Clodsire|Stockpile|p2a: Clodsire
|-start|p2a: Clodsire|stockpile2
|-boost|p2a: Clodsire|def|1
|-boost|p2a: Clodsire|spd|1
|
|upkeep
|turn|17
|
|t:|1769370813
|move|p1a: Sandy Shocks|Earth Power|p2a: Clodsire
|-supereffective|p2a: Clodsire
|-damage|p2a: Clodsire|22/100
|move|p2a: Clodsire|Recover|p2a: Clodsire
|-heal|p2a: Clodsire|72/100
|
|upkeep
|turn|18
|
|t:|1769370824
|move|p1a: Sandy Shocks|Earth Power|p2a: Clodsire
|-supereffective|p2a: Clodsire
|-damage|p2a: Clodsire|42/100
|move|p2a: Clodsire|Stockpile|p2a: Clodsire
|-start|p2a: Clodsire|stockpile3
|-boost|p2a: Clodsire|def|1
|-boost|p2a: Clodsire|spd|1
|
|upkeep
|turn|19
|
|t:|1769370830
|move|p1a: Sandy Shocks|Earth Power|p2a: Clodsire
|-supereffective|p2a: Clodsire
|-damage|p2a: Clodsire|17/100
|move|p2a: Clodsire|Recover|p2a: Clodsire
|-heal|p2a: Clodsire|67/100
|
|upkeep
|turn|20
|
|t:|1769370832
|move|p1a: Sandy Shocks|Earth Power|p2a: Clodsire
|-supereffective|p2a: Clodsire
|-damage|p2a: Clodsire|42/100
|move|p2a: Clodsire|Recover|p2a: Clodsire
|-heal|p2a: Clodsire|92/100
|
|upkeep
|turn|21
|
|t:|1769370836
|move|p1a: Sandy Shocks|Earth Power|p2a: Clodsire
|-supereffective|p2a: Clodsire
|-damage|p2a: Clodsire|68/100
|move|p2a: Clodsire|Body Press|p1a: Sandy Shocks
|-damage|p1a: Sandy Shocks|20/100
|
|upkeep
|turn|22
|
|t:|1769370847
|move|p1a: Sandy Shocks|Earth Power|p2a: Clodsire
|-supereffective|p2a: Clodsire
|-damage|p2a: Clodsire|46/100
|-unboost|p2a: Clodsire|spd|1
|move|p2a: Clodsire|Body Press|p1a: Sandy Shocks
|-damage|p1a: Sandy Shocks|0 fnt
|faint|p1a: Sandy Shocks
|-end|p1a: Sandy Shocks|Protosynthesis|[silent]
|
|upkeep
|
|t:|1769370858
|switch|p1a: Lycanroc|Lycanroc, F|100/100
|turn|23
|
|t:|1769370861
|move|p1a: Lycanroc|Drill Run|p2a: Clodsire
|-supereffective|p2a: Clodsire
|-damage|p2a: Clodsire|16/100
|move|p2a: Clodsire|Recover|p2a: Clodsire
|-heal|p2a: Clodsire|66/100
|
|upkeep
|turn|24
|
|t:|1769370864
|move|p1a: Lycanroc|Drill Run|p2a: Clodsire
|-supereffective|p2a: Clodsire
|-damage|p2a: Clodsire|38/100
|move|p2a: Clodsire|Recover|p2a: Clodsire
|-heal|p2a: Clodsire|88/100
|
|upkeep
|turn|25
|-message|Jaycobi1017 forfeited.
|
|win|quehahah
|raw|Jaycobi1017's rating: 1207 &rarr; <strong>1181</strong><br />(-26 for losing)
|raw|quehahah's rating: 1187 &rarr; <strong>1213</strong><br />(+26 for winning)
|l|☆Jaycobi1017
|player|p1|
|l|☆quehahah
|player|p2|
