|badge|p1|bronze|gen9ou|100-8
|uhtml|medal-msg|<div class="broadcast-blue">Curious what those medals under the avatar are? PS now has Ladder Seasons! For more information, check out the <a href="https://www.smogon.com/forums/threads/3740067/">thread on Smogon.</a></div>
|badge|p2|bronze|gen9ou|100-8
|uhtml|medal-msg|<div class="broadcast-blue">Curious what those medals under the avatar are? PS now has Ladder Seasons! For more information, check out the <a href="https://www.smogon.com/forums/threads/3740067/">thread on Smogon.</a></div>
|j|☆Acastillo631
|j|☆yesterdaymister
|t:|1769393890
|gametype|singles
|player|p1|Acastillo631|silver|1906
|player|p2|yesterdaymister|266|1820
|gen|9
|tier|[Gen 9] OU
|rated|
|rule|HP Percentage Mod: HP is shown in percentages
|rule|Endless Battle Clause: Forcing endless battles is banned
|rule|Species Clause: Limit one of each Pokémon
|rule|OHKO Clause: OHKO moves are banned
|rule|Evasion Items Clause: Evasion items are banned
|rule|Evasion Moves Clause: Evasion moves are banned
|rule|Evasion Abilities Clause: Evasion abilities are banned
|rule|Sleep Moves Clause: Sleep-inducing moves are banned
|clearpoke
|poke|p1|Iron Valiant|
|poke|p1|Sinistcha|
|poke|p1|Tyranitar, F|
|poke|p1|Keldeo-Resolute|
|poke|p1|Iron Treads|
|poke|p1|Klefki, F|
|poke|p2|Ninetales, M|
|poke|p2|Ceruledge, F|
|poke|p2|Venusaur, M|
|poke|p2|Hatterene, F|
|poke|p2|Great Tusk|
|poke|p2|Walking Wake|
|teampreview
|inactive|Battle timer is ON: inactive players will automatically lose when time's up. (requested by yesterdaymister)
|
|t:|1769393896
|teamsize|p1|6
|teamsize|p2|6
|start
|switch|p1a: Redips|Klefki, F|100/100
|switch|p2a: mignolet|Great Tusk|100/100
|turn|1
|
|t:|1769393900
|move|p1a: Redips|Magnet Rise|p1a: Redips
|-start|p1a: Redips|Magnet Rise
|move|p2a: mignolet|Stealth Rock|p1a: Redips
|-sidestart|p1: Acastillo631|move: Stealth Rock
|
|upkeep
|turn|2
|
|t:|1769393905
|-end|p2a: mignolet|Protosynthesis|[silent]
|switch|p2a: arda guler|Ninetales, M|100/100
|-weather|SunnyDay|[from] ability: Drought|[of] p2a: arda guler
|move|p1a: Redips|Dazzling Gleam|p2a: arda guler
|-resisted|p2a: arda guler
|-damage|p2a: arda guler|89/100
|
|-weather|SunnyDay|[upkeep]
|upkeep
|turn|3
|
|t:|1769393912
|switch|p1a: Eregion|Tyranitar, F|100/100
|-damage|p1a: Eregion|88/100|[from] Stealth Rock
|-weather|Sandstorm|[from] ability: Sand Stream|[of] p1a: Eregion
|move|p2a: arda guler|Flamethrower|p1a: Eregion
|-resisted|p1a: Eregion
|-damage|p1a: Eregion|83/100
|
|-weather|Sandstorm|[upkeep]
|-damage|p2a: arda guler|83/100|[from] Sandstorm
|-heal|p1a: Eregion|89/100|[from] item: Leftovers
|upkeep
|turn|4
|
|t:|1769393916
|switch|p2a: mignolet|Great Tusk|100/100
|move|p1a: Eregion|Knock Off|p2a: mignolet
|-resisted|p2a: mignolet
|-damage|p2a: mignolet|87/100
|-damage|p1a: Eregion|73/100|[from] item: Rocky Helmet|[of] p2a: mignolet
|-enditem|p2a: mignolet|Rocky Helmet|[from] move: Knock Off|[of] p1a: Eregion
|
|-weather|Sandstorm|[upkeep]
|-heal|p1a: Eregion|79/100|[from] item: Leftovers
|upkeep
|turn|5
|
|t:|1769393925
|-end|p2a: mignolet|Protosynthesis|[silent]
|switch|p2a: maccabi|Hatterene, F|100/100
|switch|p1a: Wire Sponge|Sinistcha|100/100
|
|-weather|Sandstorm|[upkeep]
|-damage|p1a: Wire Sponge|94/100|[from] Sandstorm
|-damage|p2a: maccabi|95/100|[from] Sandstorm
|upkeep
|turn|6
|
|t:|1769393929
|switch|p2a: arda guler|Ninetales, M|83/100
|-weather|SunnyDay|[from] ability: Drought|[of] p2a: arda guler
|move|p1a: Wire Sponge|Nasty Plot|p1a: Wire Sponge
|-boost|p1a: Wire Sponge|spa|2
|
|-weather|SunnyDay|[upkeep]
|upkeep
|turn|7
|
|t:|1769393943
|switch|p2a: lebron|Ceruledge, F|100/100
|-terastallize|p1a: Wire Sponge|Poison
|move|p1a: Wire Sponge|Shadow Ball|p2a: lebron
|-supereffective|p2a: lebron
|-enditem|p2a: lebron|Focus Sash
|-damage|p2a: lebron|1/100
|
|-weather|SunnyDay|[upkeep]
|upkeep
|turn|8
|
|t:|1769393950
|move|p2a: lebron|Poltergeist|p1a: Wire Sponge
|-activate|p1a: Wire Sponge|move: Poltergeist|Heavy-Duty Boots
|-damage|p1a: Wire Sponge|55/100
|move|p1a: Wire Sponge|Shadow Ball|p2a: lebron
|-supereffective|p2a: lebron
|-damage|p2a: lebron|0 fnt
|faint|p2a: lebron
|
|-weather|SunnyDay|[upkeep]
|upkeep
|
|t:|1769393956
|switch|p2a: chama|Walking Wake|100/100
|-activate|p2a: chama|ability: Protosynthesis
|-start|p2a: chama|protosynthesisspa
|turn|9
|
|t:|1769393964
|switch|p1a: Spiral Pegasus|Keldeo-Resolute|100/100
|move|p2a: chama|Hydro Steam|p1a: Spiral Pegasus
|-resisted|p1a: Spiral Pegasus
|-damage|p1a: Spiral Pegasus|27/100
|
|-weather|SunnyDay|[upkeep]
|upkeep
|turn|10
|
|t:|1769393981
|-end|p2a: chama|Protosynthesis|[silent]
|switch|p2a: maccabi|Hatterene, F|95/100
|move|p1a: Spiral Pegasus|Secret Sword|p2a: maccabi
|-resisted|p2a: maccabi
|-damage|p2a: maccabi|84/100
|-enditem|p2a: maccabi|Eject Button
|
|t:|1769393988
|switch|p2a: hans vanaken|Venusaur, M|100/100
|
|-weather|SunnyDay|[upkeep]
|upkeep
|turn|11
|
|t:|1769393992
|switch|p1a: Redips|Klefki, F|100/100
|-damage|p1a: Redips|95/100|[from] Stealth Rock
|move|p2a: hans vanaken|Giga Drain|p1a: Redips
|-resisted|p1a: Redips
|-damage|p1a: Redips|68/100
|-damage|p2a: hans vanaken|91/100|[from] item: Life Orb
|
|-weather|SunnyDay|[upkeep]
|upkeep
|turn|12
|
|t:|1769393996
|move|p1a: Redips|Thunder Wave|p2a: hans vanaken
|-status|p2a: hans vanaken|par
|move|p2a: hans vanaken|Weather Ball|p1a: Redips
|-supereffective|p1a: Redips
|-damage|p1a: Redips|0 fnt
|faint|p1a: Redips
|-damage|p2a: hans vanaken|81/100 par|[from] item: Life Orb
|
|-weather|SunnyDay|[upkeep]
|upkeep
|
|t:|1769394004
|switch|p1a: Eregion|Tyranitar, F|79/100
|-damage|p1a: Eregion|67/100|[from] Stealth Rock
|-weather|Sandstorm|[from] ability: Sand Stream|[of] p1a: Eregion
|turn|13
|
|t:|1769394008
|switch|p2a: mignolet|Great Tusk|87/100
|move|p1a: Eregion|Knock Off|p2a: mignolet
|-resisted|p2a: mignolet
|-damage|p2a: mignolet|78/100
|
|-weather|Sandstorm|[upkeep]
|-heal|p1a: Eregion|73/100|[from] item: Leftovers
|upkeep
|turn|14
|
|t:|1769394015
|-end|p2a: mignolet|Protosynthesis|[silent]
|switch|p2a: maccabi|Hatterene, F|84/100
|switch|p1a: Armored Armadillo|Iron Treads|100/100
|-damage|p1a: Armored Armadillo|97/100|[from] Stealth Rock
|-item|p1a: Armored Armadillo|Air Balloon
|
|-weather|Sandstorm|[upkeep]
|-damage|p2a: maccabi|78/100|[from] Sandstorm
|upkeep
|turn|15
|
|t:|1769394021
|move|p1a: Armored Armadillo|Earthquake|p2a: maccabi
|-damage|p2a: maccabi|41/100
|move|p2a: maccabi|Healing Wish|p2a: maccabi
|faint|p2a: maccabi
|
|-weather|Sandstorm|[upkeep]
|upkeep
|
|t:|1769394028
|switch|p2a: hans vanaken|Venusaur, M|81/100 par
|-heal|p2a: hans vanaken|100/100|[from] move: Healing Wish
|turn|16
|
|t:|1769394035
|switch|p2a: mignolet|Great Tusk|78/100
|move|p1a: Armored Armadillo|Ice Spinner|p2a: mignolet
|-supereffective|p2a: mignolet
|-damage|p2a: mignolet|49/100
|
|-weather|Sandstorm|[upkeep]
|upkeep
|turn|17
|
|t:|1769394045
|move|p1a: Armored Armadillo|Ice Spinner|p2a: mignolet
|-supereffective|p2a: mignolet
|-damage|p2a: mignolet|15/100
|move|p2a: mignolet|Rapid Spin|p1a: Armored Armadillo
|-resisted|p1a: Armored Armadillo
|-damage|p1a: Armored Armadillo|90/100
|-boost|p2a: mignolet|spe|1
|-enditem|p1a: Armored Armadillo|Air Balloon
|
|-weather|none
|upkeep
|turn|18
|
|t:|1769394054
|-end|p1a: Armored Armadillo|Quark Drive|[silent]
|switch|p1a: Spiral Pegasus|Keldeo-Resolute|27/100
|move|p2a: mignolet|Headlong Rush|p1a: Spiral Pegasus
|-damage|p1a: Spiral Pegasus|0 fnt
|-unboost|p2a: mignolet|def|1
|-unboost|p2a: mignolet|spd|1
|faint|p1a: Spiral Pegasus
|
|upkeep
|
|t:|1769394061
|switch|p1a: Sage Harpuia|Iron Valiant|100/100
|-damage|p1a: Sage Harpuia|94/100|[from] Stealth Rock
|-enditem|p1a: Sage Harpuia|Booster Energy
|-activate|p1a: Sage Harpuia|ability: Quark Drive|[fromitem]
|-start|p1a: Sage Harpuia|quarkdrivespe
|turn|19
|
|t:|1769394071
|move|p1a: Sage Harpuia|Moonblast|p2a: mignolet
|-supereffective|p2a: mignolet
|-damage|p2a: mignolet|0 fnt
|faint|p2a: mignolet
|-end|p2a: mignolet|Protosynthesis|[silent]
|
|upkeep
|
|t:|1769394092
|switch|p2a: chama|Walking Wake|100/100
|turn|20
|
|t:|1769394098
|-terastallize|p2a: chama|Water
|move|p1a: Sage Harpuia|Destiny Bond|p1a: Sage Harpuia
|-singlemove|p1a: Sage Harpuia|Destiny Bond
|move|p2a: chama|Hydro Steam|p1a: Sage Harpuia
|-crit|p1a: Sage Harpuia
|-damage|p1a: Sage Harpuia|0 fnt
|faint|p1a: Sage Harpuia
|-activate|p1a: Sage Harpuia|move: Destiny Bond
|-end|p1a: Sage Harpuia|Quark Drive|[silent]
|faint|p2a: chama
|-end|p2a: chama|Protosynthesis|[silent]
|
|upkeep
|
|t:|1769394113
|switch|p1a: Armored Armadillo|Iron Treads|90/100
|switch|p2a: hans vanaken|Venusaur, M|100/100
|-damage|p1a: Armored Armadillo|87/100|[from] Stealth Rock
|turn|21
|
|t:|1769394120
|move|p1a: Armored Armadillo|Ice Spinner|p2a: hans vanaken
|-supereffective|p2a: hans vanaken
|-damage|p2a: hans vanaken|32/100
|move|p2a: hans vanaken|Giga Drain|p1a: Armored Armadillo
|-damage|p1a: Armored Armadillo|19/100
|-heal|p2a: hans vanaken|68/100|[from] drain|[of] p1a: Armored Armadillo
|-damage|p2a: hans vanaken|58/100|[from] item: Life Orb
|
|upkeep
|turn|22
|
|t:|1769394125
|switch|p2a: arda guler|Ninetales, M|83/100
|-weather|SunnyDay|[from] ability: Drought|[of] p2a: arda guler
|move|p1a: Armored Armadillo|Ice Spinner|p2a: arda guler
|-resisted|p2a: arda guler
|-damage|p2a: arda guler|69/100
|
|-weather|SunnyDay|[upkeep]
|upkeep
|turn|23
|
|t:|1769394137
|move|p1a: Armored Armadillo|Earthquake|p2a: arda guler
|-supereffective|p2a: arda guler
|-damage|p2a: arda guler|0 fnt
|faint|p2a: arda guler
|
|-weather|SunnyDay|[upkeep]
|upkeep
|
|t:|1769394139
|switch|p2a: hans vanaken|Venusaur, M|58/100
|turn|24
|
|t:|1769394146
|-end|p1a: Armored Armadillo|Quark Drive|[silent]
|switch|p1a: Eregion|Tyranitar, F|73/100
|-damage|p1a: Eregion|60/100|[from] Stealth Rock
|-weather|Sandstorm|[from] ability: Sand Stream|[of] p1a: Eregion
|move|p2a: hans vanaken|Giga Drain|p1a: Eregion
|-supereffective|p1a: Eregion
|-damage|p1a: Eregion|20/100
|-heal|p2a: hans vanaken|86/100|[from] drain|[of] p1a: Eregion
|-damage|p2a: hans vanaken|76/100|[from] item: Life Orb
|
|-weather|Sandstorm|[upkeep]
|-damage|p2a: hans vanaken|70/100|[from] Sandstorm
|-heal|p1a: Eregion|26/100|[from] item: Leftovers
|upkeep
|turn|25
|
|t:|1769394152
|move|p2a: hans vanaken|Giga Drain|p1a: Eregion
|-supereffective|p1a: Eregion
|-damage|p1a: Eregion|0 fnt
|-heal|p2a: hans vanaken|87/100|[from] drain|[of] p1a: Eregion
|faint|p1a: Eregion
|-damage|p2a: hans vanaken|77/100|[from] item: Life Orb
|
|-weather|Sandstorm|[upkeep]
|-damage|p2a: hans vanaken|71/100|[from] Sandstorm
|upkeep
|
|t:|1769394155
|switch|p1a: Armored Armadillo|Iron Treads|19/100
|-damage|p1a: Armored Armadillo|16/100|[from] Stealth Rock
|turn|26
|
|t:|1769394158
|move|p1a: Armored Armadillo|Ice Spinner|p2a: hans vanaken
|-supereffective|p2a: hans vanaken
|-damage|p2a: hans vanaken|9/100
|move|p2a: hans vanaken|Giga Drain|p1a: Armored Armadillo
|-damage|p1a: Armored Armadillo|0 fnt
|-heal|p2a: hans vanaken|17/100|[from] drain|[of] p1a: Armored Armadillo
|faint|p1a: Armored Armadillo
|-end|p1a: Armored Armadillo|Quark Drive|[silent]
|-damage|p2a: hans vanaken|7/100|[from] item: Life Orb
|
|-weather|Sandstorm|[upkeep]
|-damage|p2a: hans vanaken|1/100|[from] Sandstorm
|upkeep
|
|t:|1769394162
|switch|p1a: Wire Sponge|Sinistcha, tera:Poison|55/100
|turn|27
|j| XChaosblazer
|
|t:|1769394165
|move|p2a: hans vanaken|Weather Ball|p1a: Wire Sponge
|-damage|p1a: Wire Sponge|4/100
|-damage|p2a: hans vanaken|0 fnt|[from] item: Life Orb
|faint|p2a: hans vanaken
|
|win|Acastillo631
|raw|Acastillo631's rating: 1906 &rarr; <strong>1921</strong><br />(+15 for winning)
|raw|yesterdaymister's rating: 1820 &rarr; <strong>1805</strong><br />(-15 for losing)
|l|☆yesterdaymister
|player|p2|
|l|☆Acastillo631
|player|p1|
