|j|☆OP Sand
|j|☆Obling
|t:|1769338828
|gametype|singles
|player|p1|OP Sand|giovanni-masters|1635
|player|p2|Obling|player-go|1731
|gen|9
|tier|[Gen 9] OU
|rated|
|rule|HP Percentage Mod: HP is shown in percentages
|rule|Endless Battle Clause: Forcing endless battles is banned
|rule|Species Clause: Limit one of each Pokémon
|rule|OHKO Clause: OHKO moves are banned
|rule|Evasion Items Clause: Evasion items are banned
|rule|Evasion Moves Clause: Evasion moves are banned
|rule|Evasion Abilities Clause: Evasion abilities are banned
|rule|Sleep Moves Clause: Sleep-inducing moves are banned
|clearpoke
|poke|p1|Excadrill, F|
|poke|p1|Tyranitar, F|
|poke|p1|Kyurem|
|poke|p1|Hawlucha, M|
|poke|p1|Pawmot, F|
|poke|p1|Dudunsparce-*, F|
|poke|p2|Smeargle, M|
|poke|p2|Azumarill, F|
|poke|p2|Gholdengo|
|poke|p2|Iron Valiant|
|poke|p2|Dragonite, F|
|poke|p2|Kingambit, M|
|teampreview
|inactive|Battle timer is ON: inactive players will automatically lose when time's up. (requested by OP Sand)
|
|t:|1769338838
|teamsize|p1|6
|teamsize|p2|6
|start
|switch|p1a: Luck Voltia|Dudunsparce, F|100/100
|switch|p2a: Peak Gimmick|Smeargle, M|100/100
|turn|1
|-activate|p1a: Luck Voltia|item: Quick Claw
|
|t:|1769338845
|move|p1a: Luck Voltia|Glare|p2a: Peak Gimmick
|-status|p2a: Peak Gimmick|par
|move|p2a: Peak Gimmick|Sticky Web|p1a: Luck Voltia
|-sidestart|p1: OP Sand|move: Sticky Web
|
|upkeep
|turn|2
|
|t:|1769338853
|switch|p1a: Itachi Uchiha|Hawlucha, M, shiny|100/100
|-ability|p1a: Itachi Uchiha|Mold Breaker
|move|p2a: Peak Gimmick|Nuzzle|p1a: Itachi Uchiha
|-supereffective|p1a: Itachi Uchiha
|-damage|p1a: Itachi Uchiha|98/100
|-status|p1a: Itachi Uchiha|par
|-enditem|p1a: Itachi Uchiha|Red Card|[of] p2a: Peak Gimmick
|drag|p2a: Azumarill|Azumarill, F|100/100
|
|upkeep
|turn|3
|
|t:|1769338864
|move|p1a: Itachi Uchiha|Defog|p2a: Azumarill
|-unboost|p2a: Azumarill|evasion|1
|-sideend|p1: OP Sand|Sticky Web|[from] move: Defog|[of] p1a: Itachi Uchiha
|move|p2a: Azumarill|Play Rough|p1a: Itachi Uchiha
|-supereffective|p1a: Itachi Uchiha
|-damage|p1a: Itachi Uchiha|0 fnt
|faint|p1a: Itachi Uchiha
|
|upkeep
|
|t:|1769338871
|switch|p1a: Frieza|Kyurem, shiny|100/100
|-ability|p1a: Frieza|Pressure
|turn|4
|
|t:|1769338875
|-terastallize|p1a: Frieza|Ghost
|move|p1a: Frieza|Freeze-Dry|p2a: Azumarill
|-supereffective|p2a: Azumarill
|-damage|p2a: Azumarill|32/100
|move|p2a: Azumarill|Play Rough|p1a: Frieza
|-damage|p1a: Frieza|51/100
|
|upkeep
|turn|5
|
|t:|1769338882
|move|p1a: Frieza|Shadow Ball|p2a: Azumarill
|-damage|p2a: Azumarill|0 fnt
|faint|p2a: Azumarill
|
|upkeep
|
|t:|1769338885
|switch|p2a: Peak Gimmick|Smeargle, M|100/100 par
|turn|6
|
|t:|1769338892
|move|p1a: Frieza|Freeze-Dry|p2a: Peak Gimmick
|-enditem|p2a: Peak Gimmick|Focus Sash
|-damage|p2a: Peak Gimmick|1/100 par
|move|p2a: Peak Gimmick|Sticky Web|p1a: Frieza
|-sidestart|p1: OP Sand|move: Sticky Web
|
|upkeep
|turn|7
|
|t:|1769338901
|switch|p1a: Porunga|Pawmot, F|100/100
|-activate|p1a: Porunga|move: Sticky Web
|-unboost|p1a: Porunga|spe|1
|move|p2a: Peak Gimmick|Nuzzle|p1a: Porunga
|-immune|p1a: Porunga|[from] ability: Volt Absorb
|
|upkeep
|turn|8
|
|t:|1769338906
|move|p1a: Porunga|Revival Blessing|p1a: Porunga
|-enditem|p1a: Porunga|Leppa Berry|[eat]
|-activate|p1a: Porunga|item: Leppa Berry|Revival Blessing|[consumed]
|
|t:|1769338908
|-heal|p1: Itachi Uchiha|50/100|[from] move: Revival Blessing
|move|p2a: Peak Gimmick|Taunt|p1a: Porunga
|-start|p1a: Porunga|move: Taunt
|
|upkeep
|turn|9
|
|t:|1769338915
|switch|p1a: Itachi Uchiha|Hawlucha, M, shiny|50/100
|-ability|p1a: Itachi Uchiha|Mold Breaker
|move|p2a: Peak Gimmick|Nuzzle|p1a: Itachi Uchiha
|-supereffective|p1a: Itachi Uchiha
|-damage|p1a: Itachi Uchiha|47/100
|-status|p1a: Itachi Uchiha|par
|
|upkeep
|turn|10
|
|t:|1769338928
|move|p1a: Itachi Uchiha|Defog|p2a: Peak Gimmick
|-unboost|p2a: Peak Gimmick|evasion|1
|-sideend|p1: OP Sand|Sticky Web|[from] move: Defog|[of] p1a: Itachi Uchiha
|move|p2a: Peak Gimmick|Rapid Spin|p1a: Itachi Uchiha
|-damage|p1a: Itachi Uchiha|42/100 par
|-boost|p2a: Peak Gimmick|spe|1
|
|upkeep
|turn|11
|
|t:|1769338935
|cant|p2a: Peak Gimmick|par
|move|p1a: Itachi Uchiha|Close Combat|p2a: Peak Gimmick
|-supereffective|p2a: Peak Gimmick
|-damage|p2a: Peak Gimmick|0 fnt
|-unboost|p1a: Itachi Uchiha|def|1
|-unboost|p1a: Itachi Uchiha|spd|1
|faint|p2a: Peak Gimmick
|
|upkeep
|c|☆OP Sand|Lol
|
|t:|1769338941
|switch|p2a: Gholdengo|Gholdengo|100/100
|turn|12
|j| Specnier
|l| Specnier
|
|t:|1769338949
|switch|p1a: Shukaku|Tyranitar, F, shiny|100/100
|-weather|Sandstorm|[from] ability: Sand Stream|[of] p1a: Shukaku
|move|p2a: Gholdengo|Nasty Plot|p2a: Gholdengo
|-boost|p2a: Gholdengo|spa|2
|
|-weather|Sandstorm|[upkeep]
|upkeep
|turn|13
|
|t:|1769338963
|switch|p1a: Itachi Uchiha|Hawlucha, M, shiny|42/100 par
|-ability|p1a: Itachi Uchiha|Mold Breaker
|move|p2a: Gholdengo|Focus Blast|p1a: Itachi Uchiha
|-resisted|p1a: Itachi Uchiha
|-damage|p1a: Itachi Uchiha|0 fnt
|faint|p1a: Itachi Uchiha
|-damage|p2a: Gholdengo|91/100|[from] item: Life Orb
|
|-weather|Sandstorm|[upkeep]
|upkeep
|
|t:|1769338972
|switch|p1a: OP|Excadrill, F|100/100
|turn|14
|
|t:|1769338982
|move|p1a: OP|Earthquake|p2a: Gholdengo
|-supereffective|p2a: Gholdengo
|-damage|p2a: Gholdengo|0 fnt
|faint|p2a: Gholdengo
|
|-weather|Sandstorm|[upkeep]
|upkeep
|
|t:|1769338984
|switch|p2a: Iron Valiant|Iron Valiant|100/100
|-enditem|p2a: Iron Valiant|Booster Energy
|-activate|p2a: Iron Valiant|ability: Quark Drive|[fromitem]
|-start|p2a: Iron Valiant|quarkdriveatk
|turn|15
|
|t:|1769338987
|move|p1a: OP|Earthquake|p2a: Iron Valiant
|-damage|p2a: Iron Valiant|5/100
|move|p2a: Iron Valiant|Close Combat|p1a: OP
|-supereffective|p1a: OP
|-damage|p1a: OP|0 fnt
|-unboost|p2a: Iron Valiant|def|1
|-unboost|p2a: Iron Valiant|spd|1
|faint|p1a: OP
|
|-weather|Sandstorm|[upkeep]
|-damage|p2a: Iron Valiant|0 fnt|[from] Sandstorm
|faint|p2a: Iron Valiant
|-end|p2a: Iron Valiant|Quark Drive|[silent]
|upkeep
|
|t:|1769338995
|switch|p2a: Kingambit|Kingambit, M|100/100
|switch|p1a: Frieza|Kyurem, shiny, tera:Ghost|51/100
|-ability|p1a: Frieza|Pressure
|-activate|p2a: Kingambit|ability: Supreme Overlord
|-start|p2a: Kingambit|fallen4|[silent]
|turn|16
|
|t:|1769338998
|switch|p1a: Luck Voltia|Dudunsparce, F|100/100
|move|p2a: Kingambit|Sucker Punch||[still]
|-fail|p2a: Kingambit
|
|-weather|Sandstorm|[upkeep]
|-damage|p1a: Luck Voltia|94/100|[from] Sandstorm
|upkeep
|turn|17
|
|t:|1769339000
|move|p2a: Kingambit|Swords Dance|p2a: Kingambit
|-boost|p2a: Kingambit|atk|2
|move|p1a: Luck Voltia|Glare|p2a: Kingambit
|-status|p2a: Kingambit|par
|
|-weather|Sandstorm|[upkeep]
|-damage|p1a: Luck Voltia|88/100|[from] Sandstorm
|upkeep
|turn|18
|
|t:|1769339006
|switch|p1a: Porunga|Pawmot, F|100/100
|cant|p2a: Kingambit|par
|
|-weather|Sandstorm|[upkeep]
|-damage|p1a: Porunga|95/100|[from] Sandstorm
|upkeep
|turn|19
|
|t:|1769339010
|move|p1a: Porunga|Revival Blessing|p1a: Porunga
|
|t:|1769339013
|-heal|p1: OP|50/100|[from] move: Revival Blessing
|move|p2a: Kingambit|Kowtow Cleave|p1a: Porunga
|-resisted|p1a: Porunga
|-damage|p1a: Porunga|0 fnt
|faint|p1a: Porunga
|
|-weather|none
|upkeep
|
|t:|1769339018
|switch|p1a: Shukaku|Tyranitar, F, shiny|100/100
|-weather|Sandstorm|[from] ability: Sand Stream|[of] p1a: Shukaku
|turn|20
|
|t:|1769339020
|cant|p2a: Kingambit|par
|move|p1a: Shukaku|Roar|p2a: Kingambit
|-end|p2a: Kingambit|fallen4|[silent]
|drag|p2a: Dragonite|Dragonite, F|100/100
|
|-weather|Sandstorm|[upkeep]
|-damage|p2a: Dragonite|94/100|[from] Sandstorm
|upkeep
|turn|21
|
|t:|1769339022
|switch|p2a: Kingambit|Kingambit, M|100/100 par
|-activate|p2a: Kingambit|ability: Supreme Overlord
|-start|p2a: Kingambit|fallen4|[silent]
|move|p1a: Shukaku|Ice Beam|p2a: Kingambit
|-resisted|p2a: Kingambit
|-damage|p2a: Kingambit|87/100 par
|
|-weather|Sandstorm|[upkeep]
|upkeep
|turn|22
|
|t:|1769339027
|switch|p1a: Luck Voltia|Dudunsparce, F|88/100
|move|p2a: Kingambit|Iron Head|p1a: Luck Voltia
|-damage|p1a: Luck Voltia|38/100
|
|-weather|Sandstorm|[upkeep]
|-damage|p1a: Luck Voltia|32/100|[from] Sandstorm
|upkeep
|turn|23
|
|t:|1769339030
|move|p2a: Kingambit|Sucker Punch||[still]
|-fail|p2a: Kingambit
|move|p1a: Luck Voltia|Roost|p1a: Luck Voltia
|-heal|p1a: Luck Voltia|82/100
|-singleturn|p1a: Luck Voltia|move: Roost
|
|-weather|Sandstorm|[upkeep]
|-damage|p1a: Luck Voltia|75/100|[from] Sandstorm
|upkeep
|turn|24
|
|t:|1769339034
|move|p1a: Luck Voltia|Coil|p1a: Luck Voltia
|-boost|p1a: Luck Voltia|atk|1
|-boost|p1a: Luck Voltia|def|1
|-boost|p1a: Luck Voltia|accuracy|1
|move|p2a: Kingambit|Swords Dance|p2a: Kingambit
|-boost|p2a: Kingambit|atk|2
|
|-weather|Sandstorm|[upkeep]
|-damage|p1a: Luck Voltia|69/100|[from] Sandstorm
|upkeep
|turn|25
|-activate|p1a: Luck Voltia|item: Quick Claw
|
|t:|1769339039
|move|p1a: Luck Voltia|Coil|p1a: Luck Voltia
|-boost|p1a: Luck Voltia|atk|1
|-boost|p1a: Luck Voltia|def|1
|-boost|p1a: Luck Voltia|accuracy|1
|cant|p2a: Kingambit|par
|
|-weather|Sandstorm|[upkeep]
|-damage|p1a: Luck Voltia|63/100|[from] Sandstorm
|upkeep
|turn|26
|
|t:|1769339045
|move|p1a: Luck Voltia|Coil|p1a: Luck Voltia
|-boost|p1a: Luck Voltia|atk|1
|-boost|p1a: Luck Voltia|def|1
|-boost|p1a: Luck Voltia|accuracy|1
|move|p2a: Kingambit|Kowtow Cleave|p1a: Luck Voltia
|-damage|p1a: Luck Voltia|8/100
|
|-weather|Sandstorm|[upkeep]
|-damage|p1a: Luck Voltia|2/100|[from] Sandstorm
|upkeep
|turn|27
|
|t:|1769339048
|move|p1a: Luck Voltia|Roost|p1a: Luck Voltia
|-heal|p1a: Luck Voltia|52/100
|-singleturn|p1a: Luck Voltia|move: Roost
|move|p2a: Kingambit|Kowtow Cleave|p1a: Luck Voltia
|-damage|p1a: Luck Voltia|0 fnt
|faint|p1a: Luck Voltia
|
|-weather|none
|upkeep
|
|t:|1769339061
|switch|p1a: Frieza|Kyurem, shiny, tera:Ghost|51/100
|-ability|p1a: Frieza|Pressure
|turn|28
|
|t:|1769339065
|move|p2a: Kingambit|Sucker Punch|p1a: Frieza
|-supereffective|p1a: Frieza
|-damage|p1a: Frieza|0 fnt
|faint|p1a: Frieza
|
|upkeep
|
|t:|1769339067
|switch|p1a: OP|Excadrill, F|50/100
|turn|29
|
|t:|1769339070
|move|p2a: Kingambit|Sucker Punch|p1a: OP
|-damage|p1a: OP|0 fnt
|faint|p1a: OP
|
|upkeep
|c|☆OP Sand|Lame
|
|t:|1769339082
|switch|p1a: Shukaku|Tyranitar, F, shiny|100/100
|-weather|Sandstorm|[from] ability: Sand Stream|[of] p1a: Shukaku
|turn|30
|
|t:|1769339084
|move|p2a: Kingambit|Iron Head|p1a: Shukaku
|-supereffective|p1a: Shukaku
|-damage|p1a: Shukaku|0 fnt
|faint|p1a: Shukaku
|
|win|Obling
|raw|OP Sand's rating: 1635 &rarr; <strong>1620</strong><br />(-15 for losing)
|raw|Obling's rating: 1731 &rarr; <strong>1746</strong><br />(+15 for winning)
|l|☆OP Sand
|player|p1|
|l|☆Obling
|player|p2|
