|j|☆maxmoefoe pokemon
|j|☆151htyrneh
|t:|1769352114
|gametype|singles
|player|p1|maxmoefoe pokemon|266|1763
|player|p2|151htyrneh|wallace|1746
|gen|9
|tier|[Gen 9] OU
|rated|
|rule|HP Percentage Mod: HP is shown in percentages
|rule|Endless Battle Clause: Forcing endless battles is banned
|rule|Species Clause: Limit one of each Pokémon
|rule|OHKO Clause: OHKO moves are banned
|rule|Evasion Items Clause: Evasion items are banned
|rule|Evasion Moves Clause: Evasion moves are banned
|rule|Evasion Abilities Clause: Evasion abilities are banned
|rule|Sleep Moves Clause: Sleep-inducing moves are banned
|clearpoke
|poke|p1|Enamorus, F|
|poke|p1|Iron Moth|
|poke|p1|Landorus-Therian, M|
|poke|p1|Kingambit, F|
|poke|p1|Ogerpon-Wellspring, F|
|poke|p1|Deoxys-Speed|
|poke|p2|Glimmora, M|
|poke|p2|Landorus-Therian, M|
|poke|p2|Kyurem|
|poke|p2|Kingambit, F|
|poke|p2|Iron Valiant|
|poke|p2|Cinderace, M|
|teampreview
|
|t:|1769352147
|teamsize|p1|6
|teamsize|p2|6
|start
|switch|p1a: Deoxys|Deoxys-Speed|100/100
|switch|p2a: Kingambit|Kingambit, F|100/100
|-ability|p1a: Deoxys|Pressure
|turn|1
|j| FirstLightSoulja
|j| PepBaldFraud
|j| OUZQ Crocodile
|
|t:|1769352168
|switch|p1a: Landorus|Landorus-Therian, M|100/100
|-ability|p1a: Landorus|Intimidate|boost
|-unboost|p2a: Kingambit|atk|1
|move|p2a: Kingambit|Sucker Punch||[still]
|-fail|p2a: Kingambit
|
|upkeep
|turn|2
|
|t:|1769352173
|-end|p2a: Kingambit|fallenundefined|[silent]
|switch|p2a: Landorus|Landorus-Therian, M|100/100
|-ability|p2a: Landorus|Intimidate|boost
|-unboost|p1a: Landorus|atk|1
|move|p1a: Landorus|Stealth Rock|p2a: Landorus
|-sidestart|p2: 151htyrneh|move: Stealth Rock
|
|upkeep
|turn|3
|
|t:|1769352176
|move|p1a: Landorus|Taunt|p2a: Landorus
|-start|p2a: Landorus|move: Taunt
|cant|p2a: Landorus|move: Taunt|Stealth Rock
|
|upkeep
|turn|4
|
|t:|1769352181
|move|p2a: Landorus|Earth Power|p1a: Landorus
|-immune|p1a: Landorus
|move|p1a: Landorus|U-turn|p2a: Landorus
|-resisted|p2a: Landorus
|-damage|p2a: Landorus|95/100
|-damage|p1a: Landorus|84/100|[from] item: Rocky Helmet|[of] p2a: Landorus
|
|t:|1769352189
|switch|p1a: Deoxys|Deoxys-Speed|100/100|[from] U-turn
|-ability|p1a: Deoxys|Pressure
|
|upkeep
|turn|5
|
|t:|1769352194
|switch|p2a: Kingambit|Kingambit, F|100/100
|-damage|p2a: Kingambit|94/100|[from] Stealth Rock
|move|p1a: Deoxys|Ice Beam|p2a: Kingambit
|-resisted|p2a: Kingambit
|-damage|p2a: Kingambit|75/100
|-damage|p1a: Deoxys|91/100|[from] item: Life Orb
|
|upkeep
|turn|6
|
|t:|1769352198
|switch|p1a: Landorus|Landorus-Therian, M|84/100
|-ability|p1a: Landorus|Intimidate|boost
|-unboost|p2a: Kingambit|atk|1
|-end|p2a: Kingambit|fallenundefined|[silent]
|switch|p2a: Landorus|Landorus-Therian, M|95/100
|-damage|p2a: Landorus|82/100|[from] Stealth Rock
|-ability|p2a: Landorus|Intimidate|boost
|-unboost|p1a: Landorus|atk|1
|
|upkeep
|turn|7
|
|t:|1769352201
|move|p2a: Landorus|Stealth Rock|p1a: Landorus
|-sidestart|p1: maxmoefoe pokemon|move: Stealth Rock
|move|p1a: Landorus|Taunt|p2a: Landorus
|-start|p2a: Landorus|move: Taunt
|
|upkeep
|turn|8
|
|t:|1769352204
|move|p1a: Landorus|U-turn|p2a: Landorus
|-resisted|p2a: Landorus
|-damage|p2a: Landorus|76/100
|-damage|p1a: Landorus|67/100|[from] item: Rocky Helmet|[of] p2a: Landorus
|
|t:|1769352207
|switch|p1a: Enamorus|Enamorus, F|100/100|[from] U-turn
|-damage|p1a: Enamorus|76/100|[from] Stealth Rock
|move|p2a: Landorus|Earth Power|p1a: Enamorus
|-immune|p1a: Enamorus
|
|-heal|p1a: Enamorus|82/100|[from] item: Leftovers
|upkeep
|turn|9
|
|t:|1769352212
|move|p1a: Enamorus|Substitute|p1a: Enamorus
|-start|p1a: Enamorus|Substitute
|-damage|p1a: Enamorus|57/100
|move|p2a: Landorus|U-turn|p1a: Enamorus
|-resisted|p1a: Enamorus
|-activate|p1a: Enamorus|move: Substitute|[damage]
|
|t:|1769352234
|switch|p2a: Iron Valiant|Iron Valiant|100/100|[from] U-turn
|-damage|p2a: Iron Valiant|94/100|[from] Stealth Rock
|-enditem|p2a: Iron Valiant|Booster Energy
|-activate|p2a: Iron Valiant|ability: Quark Drive|[fromitem]
|-start|p2a: Iron Valiant|quarkdrivespe
|
|-heal|p1a: Enamorus|63/100|[from] item: Leftovers
|upkeep
|turn|10
|
|t:|1769352238
|move|p2a: Iron Valiant|Moonblast|p1a: Enamorus
|-end|p1a: Enamorus|Substitute
|move|p1a: Enamorus|Play Rough|p2a: Iron Valiant
|-supereffective|p2a: Iron Valiant
|-damage|p2a: Iron Valiant|0 fnt
|faint|p2a: Iron Valiant
|-end|p2a: Iron Valiant|Quark Drive|[silent]
|
|-heal|p1a: Enamorus|69/100|[from] item: Leftovers
|upkeep
|
|t:|1769352245
|switch|p2a: Glimmora|Glimmora, M|100/100
|-damage|p2a: Glimmora|88/100|[from] Stealth Rock
|turn|11
|
|t:|1769352249
|move|p2a: Glimmora|Sludge Wave|p1a: Enamorus
|-supereffective|p1a: Enamorus
|-damage|p1a: Enamorus|0 fnt
|faint|p1a: Enamorus
|
|upkeep
|
|t:|1769352270
|switch|p1a: Iron Moth|Iron Moth|100/100
|-damage|p1a: Iron Moth|76/100|[from] Stealth Rock
|-enditem|p1a: Iron Moth|Booster Energy
|-activate|p1a: Iron Moth|ability: Quark Drive|[fromitem]
|-start|p1a: Iron Moth|quarkdrivespe
|turn|12
|
|t:|1769352275
|switch|p2a: Kyurem|Kyurem|100/100
|-damage|p2a: Kyurem|76/100|[from] Stealth Rock
|-ability|p2a: Kyurem|Pressure
|move|p1a: Iron Moth|Fiery Dance|p2a: Kyurem
|-damage|p2a: Kyurem|52/100
|
|upkeep
|turn|13
|l| PepBaldFraud
|
|t:|1769352283
|move|p1a: Iron Moth|Sludge Wave|p2a: Kyurem
|-damage|p2a: Kyurem|25/100
|move|p2a: Kyurem|Earth Power|p1a: Iron Moth
|-supereffective|p1a: Iron Moth
|-damage|p1a: Iron Moth|0 fnt
|faint|p1a: Iron Moth
|-end|p1a: Iron Moth|Quark Drive|[silent]
|
|upkeep
|
|t:|1769352298
|switch|p1a: Ogerpon|Ogerpon-Wellspring, F|100/100
|-damage|p1a: Ogerpon|88/100|[from] Stealth Rock
|turn|14
|
|t:|1769352300
|move|p1a: Ogerpon|Knock Off|p2a: Kyurem
|-damage|p2a: Kyurem|0 fnt
|-enditem|p2a: Kyurem|Assault Vest|[from] move: Knock Off|[of] p1a: Ogerpon
|faint|p2a: Kyurem
|
|upkeep
|
|t:|1769352305
|switch|p2a: Glimmora|Glimmora, M|88/100
|-damage|p2a: Glimmora|76/100|[from] Stealth Rock
|turn|15
|
|t:|1769352313
|-terastallize|p1a: Ogerpon|Water
|detailschange|p1a: Ogerpon|Ogerpon-Wellspring-Tera, F, tera:Water
|-ability|p1a: Ogerpon|Embody Aspect (Wellspring)|boost
|-boost|p1a: Ogerpon|spd|1
|move|p2a: Glimmora|Earth Power|p1a: Ogerpon
|-damage|p1a: Ogerpon|62/100
|-unboost|p1a: Ogerpon|spd|1
|move|p1a: Ogerpon|Ivy Cudgel|p2a: Glimmora|[anim] Ivy Cudgel Water
|-supereffective|p2a: Glimmora
|-damage|p2a: Glimmora|0 fnt
|-activate|p2a: Glimmora|ability: Toxic Debris
|-sidestart|p1: maxmoefoe pokemon|move: Toxic Spikes
|faint|p2a: Glimmora
|
|upkeep
|
|t:|1769352318
|switch|p2a: Cinderace|Cinderace, M, shiny|100/100
|turn|16
|
|t:|1769352327
|move|p2a: Cinderace|U-turn|p1a: Ogerpon
|-start|p2a: Cinderace|typechange|Bug|[from] ability: Libero
|-damage|p1a: Ogerpon|19/100
|
|t:|1769352331
|switch|p2a: Landorus|Landorus-Therian, M|76/100|[from] U-turn
|-damage|p2a: Landorus|64/100|[from] Stealth Rock
|-ability|p2a: Landorus|Intimidate|boost
|-unboost|p1a: Ogerpon|atk|1
|move|p1a: Ogerpon|Ivy Cudgel|p2a: Landorus|[anim] Ivy Cudgel Water
|-supereffective|p2a: Landorus
|-damage|p2a: Landorus|0 fnt
|faint|p2a: Landorus
|
|upkeep
|
|t:|1769352334
|switch|p2a: Cinderace|Cinderace, M, shiny|100/100
|turn|17
|
|t:|1769352343
|move|p2a: Cinderace|Pyro Ball|p1a: Ogerpon
|-resisted|p1a: Ogerpon
|-damage|p1a: Ogerpon|0 fnt
|faint|p1a: Ogerpon
|detailschange|p1: Ogerpon|Ogerpon-Wellspring, F|[silent]
|
|upkeep
|
|t:|1769352356
|switch|p1a: Deoxys|Deoxys-Speed|91/100
|-damage|p1a: Deoxys|78/100|[from] Stealth Rock
|-status|p1a: Deoxys|psn
|-ability|p1a: Deoxys|Pressure
|turn|18
|
|t:|1769352359
|move|p1a: Deoxys|Superpower|p2a: Cinderace
|-damage|p2a: Cinderace|38/100
|-unboost|p1a: Deoxys|atk|1
|-unboost|p1a: Deoxys|def|1
|-damage|p1a: Deoxys|68/100 psn|[from] item: Life Orb
|move|p2a: Cinderace|Pyro Ball|p1a: Deoxys
|-damage|p1a: Deoxys|0 fnt
|faint|p1a: Deoxys
|
|upkeep
|
|t:|1769352365
|switch|p1a: Kingambit|Kingambit, F|100/100
|-damage|p1a: Kingambit|94/100|[from] Stealth Rock
|-activate|p1a: Kingambit|ability: Supreme Overlord
|-start|p1a: Kingambit|fallen4|[silent]
|turn|19
|
|t:|1769352367
|move|p1a: Kingambit|Sucker Punch||[still]
|-fail|p1a: Kingambit
|move|p2a: Cinderace|Will-O-Wisp|p1a: Kingambit
|-status|p1a: Kingambit|brn
|
|-damage|p1a: Kingambit|88/100 brn|[from] brn
|upkeep
|turn|20
|
|t:|1769352371
|move|p1a: Kingambit|Sucker Punch|p2a: Cinderace
|-damage|p2a: Cinderace|0 fnt
|faint|p2a: Cinderace
|
|-damage|p1a: Kingambit|82/100 brn|[from] brn
|upkeep
|
|t:|1769352373
|switch|p2a: Kingambit|Kingambit, F|75/100
|-damage|p2a: Kingambit|69/100|[from] Stealth Rock
|-activate|p2a: Kingambit|ability: Supreme Overlord
|-start|p2a: Kingambit|fallen5|[silent]
|turn|21
|
|t:|1769352376
|-end|p1a: Kingambit|fallen4|[silent]
|switch|p1a: Landorus|Landorus-Therian, M|67/100
|-damage|p1a: Landorus|55/100|[from] Stealth Rock
|-ability|p1a: Landorus|Intimidate|boost
|-unboost|p2a: Kingambit|atk|1
|move|p2a: Kingambit|Low Kick|p1a: Landorus
|-resisted|p1a: Landorus
|-damage|p1a: Landorus|39/100
|-damage|p2a: Kingambit|52/100|[from] item: Rocky Helmet|[of] p1a: Landorus
|
|upkeep
|turn|22
|
|t:|1769352383
|-terastallize|p2a: Kingambit|Dark
|move|p2a: Kingambit|Sucker Punch|p1a: Landorus
|-crit|p1a: Landorus
|-damage|p1a: Landorus|0 fnt
|-damage|p2a: Kingambit|36/100|[from] item: Rocky Helmet|[of] p1a: Landorus
|faint|p1a: Landorus
|
|upkeep
|
|t:|1769352387
|switch|p1a: Kingambit|Kingambit, F|82/100 brn
|-damage|p1a: Kingambit|76/100 brn|[from] Stealth Rock
|-activate|p1a: Kingambit|ability: Supreme Overlord
|-start|p1a: Kingambit|fallen5|[silent]
|turn|23
|
|t:|1769352390
|move|p1a: Kingambit|Iron Head|p2a: Kingambit
|-damage|p2a: Kingambit|10/100
|cant|p2a: Kingambit|flinch
|
|-damage|p1a: Kingambit|70/100 brn|[from] brn
|upkeep
|turn|24
|j| RedemptiveSketch
|
|t:|1769352405
|move|p1a: Kingambit|Iron Head|p2a: Kingambit
|-damage|p2a: Kingambit|0 fnt
|faint|p2a: Kingambit
|-end|p2a: Kingambit|fallen5|[silent]
|
|win|maxmoefoe pokemon
|raw|maxmoefoe pokemon's rating: 1763 &rarr; <strong>1782</strong><br />(+19 for winning)
|raw|151htyrneh's rating: 1746 &rarr; <strong>1727</strong><br />(-19 for losing)
|l|☆maxmoefoe pokemon
|player|p1|
|l| RedemptiveSketch
|l| OUZQ Crocodile
