|j|☆Sulluulllu
|j|☆Duaii
|t:|1769319254
|gametype|singles
|player|p1|Sulluulllu|265|1064
|player|p2|Duaii|lady|1123
|gen|9
|tier|[Gen 9] OU
|rated|
|rule|HP Percentage Mod: HP is shown in percentages
|rule|Endless Battle Clause: Forcing endless battles is banned
|rule|Species Clause: Limit one of each Pokémon
|rule|OHKO Clause: OHKO moves are banned
|rule|Evasion Items Clause: Evasion items are banned
|rule|Evasion Moves Clause: Evasion moves are banned
|rule|Evasion Abilities Clause: Evasion abilities are banned
|rule|Sleep Moves Clause: Sleep-inducing moves are banned
|clearpoke
|poke|p1|Pelipper, M|
|poke|p1|Barraskewda, M|
|poke|p1|Gastrodon, F|
|poke|p1|Scizor, M|
|poke|p1|Pecharunt|
|poke|p1|Zapdos|
|poke|p2|Meowscarada, F|
|poke|p2|Chandelure, M|
|poke|p2|Great Tusk|
|poke|p2|Primarina, F|
|poke|p2|Corviknight, M|
|poke|p2|Slowking-Galar, F|
|teampreview
|
|t:|1769319261
|teamsize|p1|6
|teamsize|p2|6
|start
|switch|p1a: Pelipper|Pelipper, M|100/100
|switch|p2a: Meowscarada|Meowscarada, F, shiny|100/100
|-weather|RainDance|[from] ability: Drizzle|[of] p1a: Pelipper
|turn|1
|
|t:|1769319267
|move|p2a: Meowscarada|Thunder Punch|p1a: Pelipper
|-start|p2a: Meowscarada|typechange|Electric|[from] ability: Protean
|-supereffective|p1a: Pelipper
|-damage|p1a: Pelipper|0 fnt
|faint|p1a: Pelipper
|
|-weather|RainDance|[upkeep]
|upkeep
|
|t:|1769319282
|switch|p1a: Barraskewda|Barraskewda, M|100/100
|turn|2
|
|t:|1769319293
|-terastallize|p1a: Barraskewda|Water
|move|p1a: Barraskewda|Liquidation|p2a: Meowscarada
|-damage|p2a: Meowscarada|0 fnt
|faint|p2a: Meowscarada
|
|-weather|RainDance|[upkeep]
|upkeep
|
|t:|1769319307
|switch|p2a: Primarina|Primarina, F, shiny|100/100
|turn|3
|
|t:|1769319313
|move|p1a: Barraskewda|Liquidation|p2a: Primarina
|-resisted|p2a: Primarina
|-damage|p2a: Primarina|36/100
|move|p2a: Primarina|Draining Kiss|p1a: Barraskewda
|-damage|p1a: Barraskewda|50/100
|-heal|p2a: Primarina|64/100|[from] drain|[of] p1a: Barraskewda
|
|-weather|RainDance|[upkeep]
|-heal|p2a: Primarina|70/100|[from] item: Leftovers
|upkeep
|turn|4
|
|t:|1769319323
|move|p1a: Barraskewda|Liquidation|p2a: Primarina
|-resisted|p2a: Primarina
|-damage|p2a: Primarina|0 fnt
|faint|p2a: Primarina
|
|-weather|RainDance|[upkeep]
|upkeep
|
|t:|1769319330
|switch|p2a: Slowking|Slowking-Galar, F, shiny|100/100
|turn|5
|
|t:|1769319353
|-terastallize|p2a: Slowking|Water
|move|p1a: Barraskewda|Liquidation|p2a: Slowking
|-resisted|p2a: Slowking
|-damage|p2a: Slowking|25/100
|move|p2a: Slowking|Thunder Wave|p1a: Barraskewda
|-status|p1a: Barraskewda|par
|
|-weather|RainDance|[upkeep]
|upkeep
|turn|6
|
|t:|1769319364
|switch|p2a: Corviknight|Corviknight, M, shiny|100/100
|-ability|p2a: Corviknight|Pressure
|cant|p1a: Barraskewda|par
|
|-weather|RainDance|[upkeep]
|upkeep
|turn|7
|
|t:|1769319376
|move|p1a: Barraskewda|Liquidation|p2a: Corviknight
|-damage|p2a: Corviknight|23/100
|-unboost|p2a: Corviknight|def|1
|-damage|p1a: Barraskewda|33/100 par|[from] item: Rocky Helmet|[of] p2a: Corviknight
|move|p2a: Corviknight|Brave Bird|p1a: Barraskewda
|-damage|p1a: Barraskewda|0 fnt
|faint|p1a: Barraskewda
|-damage|p2a: Corviknight|16/100|[from] Recoil
|
|-weather|RainDance|[upkeep]
|upkeep
|
|t:|1769319385
|switch|p1a: Zapdos|Zapdos|100/100
|turn|8
|
|t:|1769319399
|switch|p2a: Great Tusk|Great Tusk, shiny|100/100
|move|p1a: Zapdos|Hurricane|p2a: Great Tusk
|-supereffective|p2a: Great Tusk
|-damage|p2a: Great Tusk|0 fnt
|faint|p2a: Great Tusk
|-end|p2a: Great Tusk|Protosynthesis|[silent]
|
|-weather|none
|upkeep
|
|t:|1769319412
|switch|p2a: Chandelure|Chandelure, M|100/100
|turn|9
|
|t:|1769319427
|switch|p1a: Gastrodon|Gastrodon, F|100/100
|move|p2a: Chandelure|Energy Ball|p1a: Gastrodon
|-supereffective|p1a: Gastrodon
|-damage|p1a: Gastrodon|8/100
|
|-heal|p1a: Gastrodon|14/100|[from] item: Leftovers
|upkeep
|turn|10
|
|t:|1769319441
|move|p2a: Chandelure|Energy Ball|p1a: Gastrodon
|-supereffective|p1a: Gastrodon
|-damage|p1a: Gastrodon|0 fnt
|faint|p1a: Gastrodon
|
|upkeep
|
|t:|1769319446
|switch|p1a: Pecharunt|Pecharunt|100/100
|turn|11
|
|t:|1769319457
|switch|p2a: Slowking|Slowking-Galar, F, shiny, tera:Water|58/100
|move|p1a: Pecharunt|Foul Play|p2a: Slowking
|-damage|p2a: Slowking|46/100
|
|upkeep
|turn|12
|
|t:|1769319467
|move|p1a: Pecharunt|Malignant Chain|p2a: Slowking
|-damage|p2a: Slowking|27/100
|move|p2a: Slowking|Thunder Wave|p1a: Pecharunt
|-status|p1a: Pecharunt|par
|
|upkeep
|turn|13
|
|t:|1769319478
|switch|p2a: Corviknight|Corviknight, M, shiny|16/100
|-ability|p2a: Corviknight|Pressure
|move|p1a: Pecharunt|Malignant Chain|p2a: Corviknight
|-immune|p2a: Corviknight
|
|upkeep
|turn|14
|
|t:|1769319487
|move|p2a: Corviknight|Roost|p2a: Corviknight
|-heal|p2a: Corviknight|66/100
|-singleturn|p2a: Corviknight|move: Roost
|cant|p1a: Pecharunt|par
|
|upkeep
|turn|15
|
|t:|1769319496
|move|p2a: Corviknight|Roost|p2a: Corviknight
|-heal|p2a: Corviknight|100/100
|-singleturn|p2a: Corviknight|move: Roost
|move|p1a: Pecharunt|Parting Shot|p2a: Corviknight
|-unboost|p2a: Corviknight|atk|1
|-unboost|p2a: Corviknight|spa|1
|
|t:|1769319504
|switch|p1a: Zapdos|Zapdos|100/100|[from] Parting Shot
|
|upkeep
|turn|16
|
|t:|1769319518
|switch|p2a: Slowking|Slowking-Galar, F, shiny, tera:Water|60/100
|move|p1a: Zapdos|Thunder|p2a: Slowking|[miss]
|-miss|p1a: Zapdos|p2a: Slowking
|
|upkeep
|turn|17
|inactive|Battle timer is ON: inactive players will automatically lose when time's up. (requested by Sulluulllu)
|
|t:|1769319535
|switch|p2a: Corviknight|Corviknight, M, shiny|100/100
|-ability|p2a: Corviknight|Pressure
|move|p1a: Zapdos|Thunder|p2a: Corviknight|[miss]
|-miss|p1a: Zapdos|p2a: Corviknight
|
|upkeep
|turn|18
|
|t:|1769319543
|move|p1a: Zapdos|Thunder|p2a: Corviknight|[miss]
|-miss|p1a: Zapdos|p2a: Corviknight
|move|p2a: Corviknight|Brave Bird|p1a: Zapdos
|-resisted|p1a: Zapdos
|-damage|p1a: Zapdos|76/100
|-status|p2a: Corviknight|par|[from] ability: Static|[of] p1a: Zapdos
|-damage|p2a: Corviknight|94/100 par|[from] Recoil
|
|upkeep
|turn|19
|-message|Sulluulllu forfeited.
|
|win|Duaii
|raw|Sulluulllu's rating: 1064 &rarr; <strong>1048</strong><br />(-16 for losing)
|raw|Duaii's rating: 1123 &rarr; <strong>1144</strong><br />(+21 for winning)
|l|☆Sulluulllu
|player|p1|
