|j|☆SirNutzALot
|j|☆rat pig
|t:|1769390055
|gametype|singles
|player|p1|SirNutzALot|pokekid|1556
|player|p2|rat pig|chuck|1662
|gen|9
|tier|[Gen 9] OU
|rated|
|rule|HP Percentage Mod: HP is shown in percentages
|rule|Endless Battle Clause: Forcing endless battles is banned
|rule|Species Clause: Limit one of each Pokémon
|rule|OHKO Clause: OHKO moves are banned
|rule|Evasion Items Clause: Evasion items are banned
|rule|Evasion Moves Clause: Evasion moves are banned
|rule|Evasion Abilities Clause: Evasion abilities are banned
|rule|Sleep Moves Clause: Sleep-inducing moves are banned
|clearpoke
|poke|p1|Clodsire, M|
|poke|p1|Dondozo, M|
|poke|p1|Toxapex, F|
|poke|p1|Weezing-Galar, F|
|poke|p1|Corviknight, F|
|poke|p1|Gliscor, M|
|poke|p2|Darkrai|
|poke|p2|Tyranitar, F|
|poke|p2|Excadrill, M|
|poke|p2|Ogerpon-Cornerstone, F|
|poke|p2|Tornadus-Therian, M|
|poke|p2|Pecharunt|
|teampreview
|inactive|Battle timer is ON: inactive players will automatically lose when time's up. (requested by rat pig)
|
|t:|1769390066
|teamsize|p1|6
|teamsize|p2|6
|start
|switch|p1a: Gliscor|Gliscor, M|100/100
|switch|p2a: Ogerpon|Ogerpon-Cornerstone, F|100/100
|turn|1
|
|t:|1769390075
|move|p1a: Gliscor|Protect|p1a: Gliscor
|-singleturn|p1a: Gliscor|Protect
|move|p2a: Ogerpon|Swords Dance|p2a: Ogerpon
|-boost|p2a: Ogerpon|atk|2
|
|-status|p1a: Gliscor|tox|[from] item: Toxic Orb
|upkeep
|turn|2
|inactive|SirNutzALot has 120 seconds left.
|
|t:|1769390108
|switch|p1a: Dondozo|Dondozo, M|100/100
|-terastallize|p2a: Ogerpon|Rock
|detailschange|p2a: Ogerpon|Ogerpon-Cornerstone-Tera, F, tera:Rock
|-ability|p2a: Ogerpon|Embody Aspect (Cornerstone)|boost
|-boost|p2a: Ogerpon|def|1
|move|p2a: Ogerpon|Ivy Cudgel|p1a: Dondozo|[anim] Ivy Cudgel Rock
|-damage|p1a: Dondozo|68/100
|
|-heal|p1a: Dondozo|74/100|[from] item: Leftovers
|upkeep
|turn|3
|inactive|SirNutzALot has 120 seconds left.
|
|t:|1769390122
|-terastallize|p1a: Dondozo|Dark
|move|p2a: Ogerpon|Power Whip|p1a: Dondozo
|-damage|p1a: Dondozo|43/100
|move|p1a: Dondozo|Curse|p1a: Dondozo
|-unboost|p1a: Dondozo|spe|1
|-boost|p1a: Dondozo|atk|1
|-boost|p1a: Dondozo|def|1
|
|-heal|p1a: Dondozo|50/100|[from] item: Leftovers
|upkeep
|turn|4
|j| 501cigarettes
|inactive|SirNutzALot has 120 seconds left.
|
|t:|1769390134
|move|p2a: Ogerpon|Low Kick|p1a: Dondozo
|-supereffective|p1a: Dondozo
|-damage|p1a: Dondozo|23/100
|move|p1a: Dondozo|Rest|p1a: Dondozo
|-status|p1a: Dondozo|slp|[from] move: Rest
|-heal|p1a: Dondozo|100/100 slp|[silent]
|
|upkeep
|turn|5
|
|t:|1769390144
|switch|p2a: Darkrai|Darkrai|100/100
|cant|p1a: Dondozo|slp
|move|p1a: Dondozo|Sleep Talk|p1a: Dondozo
|move|p1a: Dondozo|Curse|p1a: Dondozo|[from] move: Sleep Talk
|-unboost|p1a: Dondozo|spe|1
|-boost|p1a: Dondozo|atk|1
|-boost|p1a: Dondozo|def|1
|
|-damage|p1a: Dondozo|88/100 slp|[from] ability: Bad Dreams|[of] p2a: Darkrai
|upkeep
|turn|6
|inactive|SirNutzALot has 120 seconds left.
|
|t:|1769390162
|switch|p1a: Toxapex|Toxapex, F|100/100
|move|p2a: Darkrai|Ice Beam|p1a: Toxapex
|-resisted|p1a: Toxapex
|-damage|p1a: Toxapex|86/100
|
|-heal|p1a: Toxapex|92/100|[from] item: Leftovers
|upkeep
|turn|7
|
|t:|1769390170
|switch|p2a: Excadrill|Excadrill, M|100/100
|move|p1a: Toxapex|Infestation|p2a: Excadrill
|-resisted|p2a: Excadrill
|-damage|p2a: Excadrill|99/100
|-activate|p2a: Excadrill|move: Infestation|[of] p1a: Toxapex
|
|-heal|p2a: Excadrill|100/100|[from] item: Leftovers
|-heal|p1a: Toxapex|99/100|[from] item: Leftovers
|-damage|p2a: Excadrill|88/100|[from] move: Infestation|[partiallytrapped]
|upkeep
|turn|8
|l| 501cigarettes
|
|t:|1769390181
|switch|p1a: Gliscor|Gliscor, M|100/100 tox
|move|p2a: Excadrill|Stealth Rock|p1a: Gliscor
|-sidestart|p1: SirNutzALot|move: Stealth Rock
|
|-heal|p2a: Excadrill|94/100|[from] item: Leftovers
|-end|p2a: Excadrill|Infestation|[partiallytrapped]|[silent]
|upkeep
|turn|9
|
|t:|1769390192
|switch|p2a: Tyranitar|Tyranitar, F|100/100
|-weather|Sandstorm|[from] ability: Sand Stream|[of] p2a: Tyranitar
|move|p1a: Gliscor|Spikes|p2a: Tyranitar
|-sidestart|p2: rat pig|Spikes
|
|-weather|Sandstorm|[upkeep]
|upkeep
|turn|10
|
|t:|1769390204
|move|p1a: Gliscor|Protect|p1a: Gliscor
|-singleturn|p1a: Gliscor|Protect
|move|p2a: Tyranitar|Ice Punch|p1a: Gliscor
|-activate|p1a: Gliscor|move: Protect
|
|-weather|Sandstorm|[upkeep]
|upkeep
|turn|11
|
|t:|1769390211
|switch|p2a: Excadrill|Excadrill, M|94/100
|-damage|p2a: Excadrill|82/100|[from] Spikes
|move|p1a: Gliscor|Knock Off|p2a: Excadrill
|-damage|p2a: Excadrill|53/100
|-enditem|p2a: Excadrill|Leftovers|[from] move: Knock Off|[of] p1a: Gliscor
|
|-weather|Sandstorm|[upkeep]
|upkeep
|turn|12
|
|t:|1769390221
|move|p2a: Excadrill|Rapid Spin|p1a: Gliscor
|-damage|p1a: Gliscor|84/100 tox
|-boost|p2a: Excadrill|spe|1
|-sideend|p2: rat pig|Spikes|[from] move: Rapid Spin|[of] p2a: Excadrill
|move|p1a: Gliscor|Knock Off|p2a: Excadrill
|-damage|p2a: Excadrill|34/100
|
|-weather|Sandstorm|[upkeep]
|-heal|p1a: Gliscor|97/100 tox|[from] ability: Poison Heal
|upkeep
|turn|13
|
|t:|1769390232
|switch|p2a: Darkrai|Darkrai|100/100
|move|p1a: Gliscor|Spikes|p2a: Darkrai
|-sidestart|p2: rat pig|Spikes
|
|-weather|none
|-heal|p1a: Gliscor|100/100 tox|[from] ability: Poison Heal
|upkeep
|turn|14
|
|t:|1769390241
|move|p1a: Gliscor|Protect|p1a: Gliscor
|-singleturn|p1a: Gliscor|Protect
|move|p2a: Darkrai|Ice Beam|p1a: Gliscor
|-activate|p1a: Gliscor|move: Protect
|
|upkeep
|turn|15
|
|t:|1769390251
|switch|p2a: Excadrill|Excadrill, M|34/100
|-damage|p2a: Excadrill|22/100|[from] Spikes
|switch|p1a: Toxapex|Toxapex, F|100/100
|-damage|p1a: Toxapex|88/100|[from] Stealth Rock
|
|-heal|p1a: Toxapex|94/100|[from] item: Leftovers
|upkeep
|turn|16
|
|t:|1769390261
|move|p2a: Excadrill|Rapid Spin|p1a: Toxapex
|-damage|p1a: Toxapex|82/100
|-boost|p2a: Excadrill|spe|1
|-sideend|p2: rat pig|Spikes|[from] move: Rapid Spin|[of] p2a: Excadrill
|move|p1a: Toxapex|Infestation|p2a: Excadrill
|-resisted|p2a: Excadrill
|-damage|p2a: Excadrill|20/100
|-activate|p2a: Excadrill|move: Infestation|[of] p1a: Toxapex
|
|-heal|p1a: Toxapex|88/100|[from] item: Leftovers
|-damage|p2a: Excadrill|7/100|[from] move: Infestation|[partiallytrapped]
|upkeep
|turn|17
|
|t:|1769390272
|move|p1a: Toxapex|Baneful Bunker|p1a: Toxapex
|-singleturn|p1a: Toxapex|move: Protect
|move|p2a: Excadrill|Rapid Spin|p1a: Toxapex
|-activate|p1a: Toxapex|move: Protect
|
|-heal|p1a: Toxapex|95/100|[from] item: Leftovers
|-damage|p2a: Excadrill|0 fnt|[from] move: Infestation|[partiallytrapped]
|faint|p2a: Excadrill
|upkeep
|
|t:|1769390278
|switch|p2a: Tyranitar|Tyranitar, F|100/100
|-weather|Sandstorm|[from] ability: Sand Stream|[of] p2a: Tyranitar
|turn|18
|
|t:|1769390286
|move|p2a: Tyranitar|Stone Edge|p1a: Toxapex
|-damage|p1a: Toxapex|37/100
|move|p1a: Toxapex|Infestation|p2a: Tyranitar
|-supereffective|p2a: Tyranitar
|-damage|p2a: Tyranitar|96/100
|-activate|p2a: Tyranitar|move: Infestation|[of] p1a: Toxapex
|
|-weather|Sandstorm|[upkeep]
|-damage|p1a: Toxapex|31/100|[from] Sandstorm
|-heal|p1a: Toxapex|37/100|[from] item: Leftovers
|-damage|p2a: Tyranitar|84/100|[from] move: Infestation|[partiallytrapped]
|upkeep
|turn|19
|
|t:|1769390297
|move|p1a: Toxapex|Baneful Bunker|p1a: Toxapex
|-singleturn|p1a: Toxapex|move: Protect
|move|p2a: Tyranitar|Stone Edge|p1a: Toxapex
|-activate|p1a: Toxapex|move: Protect
|
|-weather|Sandstorm|[upkeep]
|-damage|p1a: Toxapex|31/100|[from] Sandstorm
|-heal|p1a: Toxapex|37/100|[from] item: Leftovers
|-damage|p2a: Tyranitar|72/100|[from] move: Infestation|[partiallytrapped]
|upkeep
|turn|20
|inactive|SirNutzALot has 120 seconds left.
|
|t:|1769390350
|switch|p1a: Corviknight|Corviknight, F|100/100
|-damage|p1a: Corviknight|88/100|[from] Stealth Rock
|-ability|p1a: Corviknight|Pressure
|move|p2a: Tyranitar|Stone Edge|p1a: Corviknight
|-damage|p1a: Corviknight|12/100
|
|-weather|Sandstorm|[upkeep]
|-heal|p1a: Corviknight|18/100|[from] item: Leftovers
|-end|p2a: Tyranitar|Infestation|[partiallytrapped]|[silent]
|upkeep
|turn|21
|
|t:|1769390369
|switch|p2a: Darkrai|Darkrai|100/100
|move|p1a: Corviknight|Protect||[still]
|-fail|p1a: Corviknight
|
|-weather|Sandstorm|[upkeep]
|-damage|p2a: Darkrai|94/100|[from] Sandstorm
|-heal|p1a: Corviknight|25/100|[from] item: Leftovers
|upkeep
|turn|22
|
|t:|1769390385
|move|p1a: Corviknight|Protect|p1a: Corviknight
|-singleturn|p1a: Corviknight|Protect
|move|p2a: Darkrai|Dark Pulse|p1a: Corviknight
|-activate|p1a: Corviknight|move: Protect
|
|-weather|none
|-heal|p1a: Corviknight|31/100|[from] item: Leftovers
|upkeep
|turn|23
|
|t:|1769390394
|switch|p1a: Weezing|Weezing-Galar, F|100/100
|-ability|p1a: Weezing|Neutralizing Gas
|move|p2a: Darkrai|Dark Pulse|p1a: Weezing
|-resisted|p1a: Weezing
|-damage|p1a: Weezing|72/100
|
|upkeep
|turn|24
|
|t:|1769390403
|switch|p2a: Tornadus|Tornadus-Therian, M|100/100
|move|p1a: Weezing|Defog|p2a: Tornadus
|-unboost|p2a: Tornadus|evasion|1
|-sideend|p1: SirNutzALot|Stealth Rock|[from] move: Defog|[of] p1a: Weezing
|
|upkeep
|turn|25
|
|t:|1769390411
|-end|p1a: Weezing|ability: Neutralizing Gas
|switch|p1a: Gliscor|Gliscor, M|100/100 tox
|move|p2a: Tornadus|U-turn|p1a: Gliscor
|-resisted|p1a: Gliscor
|-damage|p1a: Gliscor|94/100 tox
|
|t:|1769390419
|switch|p2a: Tyranitar|Tyranitar, F|72/100|[from] U-turn
|-weather|Sandstorm|[from] ability: Sand Stream|[of] p2a: Tyranitar
|
|-weather|Sandstorm|[upkeep]
|-heal|p1a: Gliscor|100/100 tox|[from] ability: Poison Heal
|upkeep
|turn|26
|
|t:|1769390427
|move|p1a: Gliscor|Protect|p1a: Gliscor
|-singleturn|p1a: Gliscor|Protect
|move|p2a: Tyranitar|Knock Off|p1a: Gliscor
|-activate|p1a: Gliscor|move: Protect
|
|-weather|Sandstorm|[upkeep]
|upkeep
|turn|27
|
|t:|1769390435
|move|p1a: Gliscor|Spikes|p2a: Tyranitar
|-sidestart|p2: rat pig|Spikes
|move|p2a: Tyranitar|Knock Off|p1a: Gliscor
|-damage|p1a: Gliscor|35/100 tox
|-enditem|p1a: Gliscor|Toxic Orb|[from] move: Knock Off|[of] p2a: Tyranitar
|
|-weather|Sandstorm|[upkeep]
|-heal|p1a: Gliscor|48/100 tox|[from] ability: Poison Heal
|upkeep
|turn|28
|
|t:|1769390444
|switch|p2a: Darkrai|Darkrai|94/100
|-damage|p2a: Darkrai|82/100|[from] Spikes
|move|p1a: Gliscor|Protect||[still]
|-fail|p1a: Gliscor
|
|-weather|Sandstorm|[upkeep]
|-damage|p2a: Darkrai|76/100|[from] Sandstorm
|-heal|p1a: Gliscor|60/100 tox|[from] ability: Poison Heal
|upkeep
|turn|29
|
|t:|1769390454
|move|p1a: Gliscor|Protect|p1a: Gliscor
|-singleturn|p1a: Gliscor|Protect
|move|p2a: Darkrai|Trick|p1a: Gliscor
|-activate|p1a: Gliscor|move: Protect
|
|-weather|none
|-heal|p1a: Gliscor|73/100 tox|[from] ability: Poison Heal
|upkeep
|turn|30
|
|t:|1769390473
|move|p2a: Darkrai|Trick|p1a: Gliscor
|-activate|p2a: Darkrai|move: Trick|[of] p1a: Gliscor
|-item|p1a: Gliscor|Choice Scarf|[from] move: Trick
|-enditem|p2a: Darkrai|Choice Scarf|[silent]|[from] move: Trick
|move|p1a: Gliscor|Spikes|p2a: Darkrai
|-sidestart|p2: rat pig|Spikes
|
|-heal|p1a: Gliscor|85/100 tox|[from] ability: Poison Heal
|upkeep
|turn|31
|
|t:|1769390487
|switch|p1a: Clodsire|Clodsire, M|100/100
|move|p2a: Darkrai|Dark Pulse|p1a: Clodsire
|-damage|p1a: Clodsire|78/100
|
|-heal|p1a: Clodsire|85/100|[from] item: Leftovers
|upkeep
|turn|32
|
|t:|1769390501
|move|p2a: Darkrai|Trick|p1a: Clodsire
|-activate|p2a: Darkrai|move: Trick|[of] p1a: Clodsire
|-enditem|p1a: Clodsire|Leftovers|[silent]|[from] move: Trick
|-item|p2a: Darkrai|Leftovers|[from] move: Trick
|move|p1a: Clodsire|Poison Jab|p2a: Darkrai
|-damage|p2a: Darkrai|49/100
|
|-heal|p2a: Darkrai|55/100|[from] item: Leftovers
|upkeep
|turn|33
|
|t:|1769390509
|switch|p2a: Pecharunt|Pecharunt|100/100
|move|p1a: Clodsire|Poison Jab|p2a: Pecharunt
|-resisted|p2a: Pecharunt
|-damage|p2a: Pecharunt|98/100
|
|upkeep
|turn|34
|
|t:|1769390518
|move|p2a: Pecharunt|Parting Shot|p1a: Clodsire
|-unboost|p1a: Clodsire|atk|1
|-unboost|p1a: Clodsire|spa|1
|
|t:|1769390522
|switch|p2a: Tornadus|Tornadus-Therian, M|100/100|[from] Parting Shot
|move|p1a: Clodsire|Stealth Rock|p2a: Tornadus
|-sidestart|p2: rat pig|move: Stealth Rock
|
|upkeep
|turn|35
|
|t:|1769390529
|switch|p1a: Gliscor|Gliscor, M|85/100 tox
|move|p2a: Tornadus|Bleakwind Storm|p1a: Gliscor
|-damage|p1a: Gliscor|53/100 tox
|
|-heal|p1a: Gliscor|65/100 tox|[from] ability: Poison Heal
|upkeep
|turn|36
|
|t:|1769390538
|move|p2a: Tornadus|Bleakwind Storm|p1a: Gliscor
|-damage|p1a: Gliscor|33/100 tox
|move|p1a: Gliscor|Toxic|p2a: Tornadus
|-status|p2a: Tornadus|tox
|
|-damage|p2a: Tornadus|94/100 tox|[from] psn
|-heal|p1a: Gliscor|45/100 tox|[from] ability: Poison Heal
|upkeep
|turn|37
|
|t:|1769390548
|move|p2a: Tornadus|U-turn|p1a: Gliscor
|-resisted|p1a: Gliscor
|-damage|p1a: Gliscor|39/100 tox
|
|t:|1769390551
|switch|p2a: Pecharunt|Pecharunt|98/100|[from] U-turn
|move|p1a: Gliscor|Toxic|p2a: Pecharunt
|-immune|p2a: Pecharunt
|
|-heal|p1a: Gliscor|52/100 tox|[from] ability: Poison Heal
|upkeep
|turn|38
|
|t:|1769390560
|switch|p1a: Corviknight|Corviknight, F|31/100
|-ability|p1a: Corviknight|Pressure
|move|p2a: Pecharunt|Parting Shot|p1a: Corviknight
|-unboost|p1a: Corviknight|atk|1
|-unboost|p1a: Corviknight|spa|1
|
|t:|1769390564
|switch|p2a: Darkrai|Darkrai|55/100|[from] Parting Shot
|-damage|p2a: Darkrai|39/100|[from] Spikes
|-damage|p2a: Darkrai|26/100|[from] Stealth Rock
|
|-heal|p2a: Darkrai|33/100|[from] item: Leftovers
|-heal|p1a: Corviknight|37/100|[from] item: Leftovers
|upkeep
|turn|39
|
|t:|1769390575
|move|p2a: Darkrai|Ice Beam|p1a: Corviknight
|-damage|p1a: Corviknight|15/100
|-status|p1a: Corviknight|frz
|cant|p1a: Corviknight|frz
|
|-heal|p2a: Darkrai|39/100|[from] item: Leftovers
|-heal|p1a: Corviknight|22/100 frz|[from] item: Leftovers
|upkeep
|turn|40
|
|t:|1769390586
|switch|p1a: Toxapex|Toxapex, F|70/100
|move|p2a: Darkrai|Dark Pulse|p1a: Toxapex
|-damage|p1a: Toxapex|34/100
|
|-heal|p2a: Darkrai|45/100|[from] item: Leftovers
|-heal|p1a: Toxapex|40/100|[from] item: Leftovers
|upkeep
|turn|41
|
|t:|1769390595
|switch|p1a: Clodsire|Clodsire, M|85/100
|move|p2a: Darkrai|Dark Pulse|p1a: Clodsire
|-damage|p1a: Clodsire|61/100
|
|-heal|p2a: Darkrai|51/100|[from] item: Leftovers
|upkeep
|turn|42
|
|t:|1769390603
|move|p2a: Darkrai|Ice Beam|p1a: Clodsire
|-supereffective|p1a: Clodsire
|-damage|p1a: Clodsire|28/100
|move|p1a: Clodsire|Recover|p1a: Clodsire
|-heal|p1a: Clodsire|78/100
|
|-heal|p2a: Darkrai|57/100|[from] item: Leftovers
|upkeep
|turn|43
|
|t:|1769390611
|switch|p2a: Pecharunt|Pecharunt|98/100
|move|p1a: Clodsire|Poison Jab|p2a: Pecharunt
|-resisted|p2a: Pecharunt
|-damage|p2a: Pecharunt|95/100
|
|upkeep
|turn|44
|
|t:|1769390626
|switch|p1a: Toxapex|Toxapex, F|73/100
|move|p2a: Pecharunt|Parting Shot|p1a: Toxapex
|-unboost|p1a: Toxapex|atk|1
|-unboost|p1a: Toxapex|spa|1
|
|t:|1769390643
|switch|p2a: Tyranitar|Tyranitar, F|72/100|[from] Parting Shot
|-damage|p2a: Tyranitar|55/100|[from] Spikes
|-damage|p2a: Tyranitar|43/100|[from] Stealth Rock
|-weather|Sandstorm|[from] ability: Sand Stream|[of] p2a: Tyranitar
|
|-weather|Sandstorm|[upkeep]
|-damage|p1a: Toxapex|67/100|[from] Sandstorm
|-heal|p1a: Toxapex|73/100|[from] item: Leftovers
|upkeep
|turn|45
|
|t:|1769390654
|move|p1a: Toxapex|Baneful Bunker|p1a: Toxapex
|-singleturn|p1a: Toxapex|move: Protect
|move|p2a: Tyranitar|Knock Off|p1a: Toxapex
|-activate|p1a: Toxapex|move: Protect
|-status|p2a: Tyranitar|psn
|
|-weather|Sandstorm|[upkeep]
|-damage|p1a: Toxapex|67/100|[from] Sandstorm
|-heal|p1a: Toxapex|73/100|[from] item: Leftovers
|-damage|p2a: Tyranitar|31/100 psn|[from] psn
|upkeep
|turn|46
|
|t:|1769390666
|switch|p1a: Gliscor|Gliscor, M|52/100 tox
|move|p2a: Tyranitar|Knock Off|p1a: Gliscor
|-damage|p1a: Gliscor|0 fnt
|-enditem|p1a: Gliscor|Choice Scarf|[from] move: Knock Off|[of] p2a: Tyranitar
|faint|p1a: Gliscor
|
|-weather|Sandstorm|[upkeep]
|-damage|p2a: Tyranitar|18/100 psn|[from] psn
|upkeep
|
|t:|1769390677
|switch|p1a: Toxapex|Toxapex, F|100/100
|turn|47
|
|t:|1769390681
|move|p1a: Toxapex|Baneful Bunker|p1a: Toxapex
|-singleturn|p1a: Toxapex|move: Protect
|move|p2a: Tyranitar|Knock Off|p1a: Toxapex
|-activate|p1a: Toxapex|move: Protect
|
|-weather|Sandstorm|[upkeep]
|-damage|p1a: Toxapex|94/100|[from] Sandstorm
|-heal|p1a: Toxapex|100/100|[from] item: Leftovers
|-damage|p2a: Tyranitar|6/100 psn|[from] psn
|upkeep
|turn|48
|
|t:|1769390691
|switch|p1a: Corviknight|Corviknight, F|22/100 frz
|-ability|p1a: Corviknight|Pressure
|move|p2a: Tyranitar|Knock Off|p1a: Corviknight
|-damage|p1a: Corviknight|0 fnt
|-enditem|p1a: Corviknight|Leftovers|[from] move: Knock Off|[of] p2a: Tyranitar
|faint|p1a: Corviknight
|
|-weather|none
|-damage|p2a: Tyranitar|0 fnt|[from] psn
|faint|p2a: Tyranitar
|upkeep
|
|t:|1769390706
|switch|p2a: Pecharunt|Pecharunt|95/100
|switch|p1a: Toxapex|Toxapex, F|100/100
|turn|49
|
|t:|1769390715
|move|p2a: Pecharunt|Parting Shot|p1a: Toxapex
|-unboost|p1a: Toxapex|atk|1
|-unboost|p1a: Toxapex|spa|1
|
|t:|1769390718
|switch|p2a: Tornadus|Tornadus-Therian, M|100/100 tox|[from] Parting Shot
|-damage|p2a: Tornadus|76/100 tox|[from] Stealth Rock
|move|p1a: Toxapex|Infestation|p2a: Tornadus
|-resisted|p2a: Tornadus
|-damage|p2a: Tornadus|75/100 tox
|-activate|p2a: Tornadus|move: Infestation|[of] p1a: Toxapex
|
|-damage|p2a: Tornadus|69/100 tox|[from] psn
|-damage|p2a: Tornadus|57/100 tox|[from] move: Infestation|[partiallytrapped]
|upkeep
|turn|50
|
|t:|1769390729
|move|p1a: Toxapex|Baneful Bunker|p1a: Toxapex
|-singleturn|p1a: Toxapex|move: Protect
|move|p2a: Tornadus|U-turn|p1a: Toxapex
|-activate|p1a: Toxapex|move: Protect
|
|-damage|p2a: Tornadus|44/100 tox|[from] psn
|-damage|p2a: Tornadus|32/100 tox|[from] move: Infestation|[partiallytrapped]
|upkeep
|turn|51
|
|t:|1769390738
|move|p2a: Tornadus|U-turn|p1a: Toxapex
|-resisted|p1a: Toxapex
|-damage|p1a: Toxapex|96/100
|
|t:|1769390743
|switch|p2a: Pecharunt|Pecharunt|95/100|[from] U-turn
|move|p1a: Toxapex|Infestation|p2a: Pecharunt
|-resisted|p2a: Pecharunt
|-crit|p2a: Pecharunt
|-damage|p2a: Pecharunt|95/100
|-activate|p2a: Pecharunt|move: Infestation|[of] p1a: Toxapex
|
|-heal|p1a: Toxapex|100/100|[from] item: Leftovers
|-damage|p2a: Pecharunt|82/100|[from] move: Infestation|[partiallytrapped]
|upkeep
|turn|52
|
|t:|1769390753
|move|p2a: Pecharunt|Foul Play|p1a: Toxapex
|-damage|p1a: Toxapex|94/100
|move|p1a: Toxapex|Infestation|p2a: Pecharunt
|-resisted|p2a: Pecharunt
|-damage|p2a: Pecharunt|82/100
|
|-heal|p1a: Toxapex|99/100|[from] item: Leftovers
|-damage|p2a: Pecharunt|70/100|[from] move: Infestation|[partiallytrapped]
|upkeep
|turn|53
|
|t:|1769390764
|move|p2a: Pecharunt|Foul Play|p1a: Toxapex
|-damage|p1a: Toxapex|94/100
|move|p1a: Toxapex|Infestation|p2a: Pecharunt
|-resisted|p2a: Pecharunt
|-damage|p2a: Pecharunt|69/100
|
|-heal|p1a: Toxapex|99/100|[from] item: Leftovers
|-damage|p2a: Pecharunt|57/100|[from] move: Infestation|[partiallytrapped]
|upkeep
|turn|54
|
|t:|1769390774
|move|p2a: Pecharunt|Foul Play|p1a: Toxapex
|-damage|p1a: Toxapex|94/100
|move|p1a: Toxapex|Infestation|p2a: Pecharunt
|-resisted|p2a: Pecharunt
|-damage|p2a: Pecharunt|57/100
|
|-heal|p1a: Toxapex|99/100|[from] item: Leftovers
|-damage|p2a: Pecharunt|44/100|[from] move: Infestation|[partiallytrapped]
|upkeep
|turn|55
|
|t:|1769390783
|move|p2a: Pecharunt|Recover|p2a: Pecharunt
|-heal|p2a: Pecharunt|94/100
|move|p1a: Toxapex|Infestation|p2a: Pecharunt
|-resisted|p2a: Pecharunt
|-damage|p2a: Pecharunt|94/100
|
|-heal|p1a: Toxapex|100/100|[from] item: Leftovers
|-end|p2a: Pecharunt|Infestation|[partiallytrapped]
|upkeep
|turn|56
|
|t:|1769390795
|move|p2a: Pecharunt|Foul Play|p1a: Toxapex
|-damage|p1a: Toxapex|94/100
|move|p1a: Toxapex|Infestation|p2a: Pecharunt
|-resisted|p2a: Pecharunt
|-damage|p2a: Pecharunt|94/100
|-activate|p2a: Pecharunt|move: Infestation|[of] p1a: Toxapex
|
|-heal|p1a: Toxapex|100/100|[from] item: Leftovers
|-damage|p2a: Pecharunt|82/100|[from] move: Infestation|[partiallytrapped]
|upkeep
|turn|57
|
|t:|1769390805
|move|p2a: Pecharunt|Foul Play|p1a: Toxapex
|-damage|p1a: Toxapex|94/100
|move|p1a: Toxapex|Poison Jab|p2a: Pecharunt
|-resisted|p2a: Pecharunt
|-damage|p2a: Pecharunt|80/100
|
|-heal|p1a: Toxapex|100/100|[from] item: Leftovers
|-damage|p2a: Pecharunt|68/100|[from] move: Infestation|[partiallytrapped]
|upkeep
|turn|58
|
|t:|1769390815
|move|p2a: Pecharunt|Foul Play|p1a: Toxapex
|-damage|p1a: Toxapex|95/100
|move|p1a: Toxapex|Poison Jab|p2a: Pecharunt
|-resisted|p2a: Pecharunt
|-damage|p2a: Pecharunt|67/100
|
|-heal|p1a: Toxapex|100/100|[from] item: Leftovers
|-damage|p2a: Pecharunt|54/100|[from] move: Infestation|[partiallytrapped]
|upkeep
|turn|59
|
|t:|1769390825
|move|p2a: Pecharunt|Foul Play|p1a: Toxapex
|-damage|p1a: Toxapex|95/100
|move|p1a: Toxapex|Poison Jab|p2a: Pecharunt
|-resisted|p2a: Pecharunt
|-damage|p2a: Pecharunt|53/100
|
|-heal|p1a: Toxapex|100/100|[from] item: Leftovers
|-damage|p2a: Pecharunt|40/100|[from] move: Infestation|[partiallytrapped]
|upkeep
|turn|60
|
|t:|1769390835
|move|p2a: Pecharunt|Recover|p2a: Pecharunt
|-heal|p2a: Pecharunt|90/100
|move|p1a: Toxapex|Poison Jab|p2a: Pecharunt
|-resisted|p2a: Pecharunt
|-damage|p2a: Pecharunt|89/100
|
|-damage|p2a: Pecharunt|77/100|[from] move: Infestation|[partiallytrapped]
|upkeep
|turn|61
|
|t:|1769390846
|move|p2a: Pecharunt|Parting Shot|p1a: Toxapex
|-unboost|p1a: Toxapex|atk|1
|-unboost|p1a: Toxapex|spa|1
|
|t:|1769390849
|switch|p2a: Tornadus|Tornadus-Therian, M|65/100 tox|[from] Parting Shot
|-damage|p2a: Tornadus|40/100 tox|[from] Stealth Rock
|move|p1a: Toxapex|Poison Jab|p2a: Tornadus
|-damage|p2a: Tornadus|30/100 tox
|
|-damage|p2a: Tornadus|24/100 tox|[from] psn
|upkeep
|turn|62
|
|t:|1769390859
|switch|p2a: Pecharunt|Pecharunt|77/100
|move|p1a: Toxapex|Infestation|p2a: Pecharunt
|-resisted|p2a: Pecharunt
|-damage|p2a: Pecharunt|76/100
|-activate|p2a: Pecharunt|move: Infestation|[of] p1a: Toxapex
|
|-damage|p2a: Pecharunt|64/100|[from] move: Infestation|[partiallytrapped]
|upkeep
|turn|63
|
|t:|1769390868
|move|p2a: Pecharunt|Foul Play|p1a: Toxapex
|-damage|p1a: Toxapex|96/100
|move|p1a: Toxapex|Poison Jab|p2a: Pecharunt
|-resisted|p2a: Pecharunt
|-damage|p2a: Pecharunt|63/100
|
|-heal|p1a: Toxapex|100/100|[from] item: Leftovers
|-damage|p2a: Pecharunt|50/100|[from] move: Infestation|[partiallytrapped]
|upkeep
|turn|64
|
|t:|1769390877
|move|p2a: Pecharunt|Recover|p2a: Pecharunt
|-heal|p2a: Pecharunt|100/100
|move|p1a: Toxapex|Poison Jab|p2a: Pecharunt
|-resisted|p2a: Pecharunt
|-damage|p2a: Pecharunt|99/100
|
|-damage|p2a: Pecharunt|87/100|[from] move: Infestation|[partiallytrapped]
|upkeep
|turn|65
|
|t:|1769390887
|move|p2a: Pecharunt|Parting Shot|p1a: Toxapex
|-unboost|p1a: Toxapex|atk|1
|-unboost|p1a: Toxapex|spa|1
|
|t:|1769390890
|switch|p2a: Tornadus|Tornadus-Therian, M|57/100 tox|[from] Parting Shot
|-damage|p2a: Tornadus|33/100 tox|[from] Stealth Rock
|move|p1a: Toxapex|Poison Jab|p2a: Tornadus
|-damage|p2a: Tornadus|23/100 tox
|
|-damage|p2a: Tornadus|17/100 tox|[from] psn
|upkeep
|turn|66
|
|t:|1769390900
|switch|p2a: Pecharunt|Pecharunt|87/100
|move|p1a: Toxapex|Infestation|p2a: Pecharunt
|-resisted|p2a: Pecharunt
|-damage|p2a: Pecharunt|87/100
|-activate|p2a: Pecharunt|move: Infestation|[of] p1a: Toxapex
|
|-damage|p2a: Pecharunt|74/100|[from] move: Infestation|[partiallytrapped]
|upkeep
|turn|67
|
|t:|1769390908
|move|p2a: Pecharunt|Foul Play|p1a: Toxapex
|-damage|p1a: Toxapex|96/100
|move|p1a: Toxapex|Poison Jab|p2a: Pecharunt
|-resisted|p2a: Pecharunt
|-damage|p2a: Pecharunt|74/100
|
|-heal|p1a: Toxapex|100/100|[from] item: Leftovers
|-damage|p2a: Pecharunt|61/100|[from] move: Infestation|[partiallytrapped]
|upkeep
|turn|68
|
|t:|1769390918
|move|p2a: Pecharunt|Foul Play|p1a: Toxapex
|-damage|p1a: Toxapex|97/100
|move|p1a: Toxapex|Poison Jab|p2a: Pecharunt
|-resisted|p2a: Pecharunt
|-damage|p2a: Pecharunt|60/100
|
|-heal|p1a: Toxapex|100/100|[from] item: Leftovers
|-damage|p2a: Pecharunt|48/100|[from] move: Infestation|[partiallytrapped]
|upkeep
|turn|69
|
|t:|1769390928
|move|p2a: Pecharunt|Recover|p2a: Pecharunt
|-heal|p2a: Pecharunt|98/100
|move|p1a: Toxapex|Poison Jab|p2a: Pecharunt
|-resisted|p2a: Pecharunt
|-damage|p2a: Pecharunt|97/100
|
|-damage|p2a: Pecharunt|85/100|[from] move: Infestation|[partiallytrapped]
|upkeep
|turn|70
|
|t:|1769390946
|move|p2a: Pecharunt|Foul Play|p1a: Toxapex
|-damage|p1a: Toxapex|97/100
|move|p1a: Toxapex|Poison Jab|p2a: Pecharunt
|-resisted|p2a: Pecharunt
|-damage|p2a: Pecharunt|84/100
|
|-heal|p1a: Toxapex|100/100|[from] item: Leftovers
|-end|p2a: Pecharunt|Infestation|[partiallytrapped]
|upkeep
|turn|71
|
|t:|1769390963
|switch|p2a: Ogerpon|Ogerpon-Cornerstone-Tera, F, tera:Rock|100/100
|-damage|p2a: Ogerpon|84/100|[from] Spikes
|-damage|p2a: Ogerpon|72/100|[from] Stealth Rock
|-ability|p2a: Ogerpon|Embody Aspect (Cornerstone)|boost
|-boost|p2a: Ogerpon|def|1
|move|p1a: Toxapex|Infestation|p2a: Ogerpon
|-damage|p2a: Ogerpon|70/100
|-activate|p2a: Ogerpon|move: Infestation|[of] p1a: Toxapex
|
|-damage|p2a: Ogerpon|58/100|[from] move: Infestation|[partiallytrapped]
|upkeep
|turn|72
|
|t:|1769390975
|move|p2a: Ogerpon|Swords Dance|p2a: Ogerpon
|-boost|p2a: Ogerpon|atk|2
|move|p1a: Toxapex|Poison Jab|p2a: Ogerpon
|-resisted|p2a: Ogerpon
|-damage|p2a: Ogerpon|55/100
|
|-damage|p2a: Ogerpon|42/100|[from] move: Infestation|[partiallytrapped]
|upkeep
|turn|73
|
|t:|1769390984
|move|p2a: Ogerpon|Ivy Cudgel|p1a: Toxapex|[anim] Ivy Cudgel Rock
|-crit|p1a: Toxapex
|-damage|p1a: Toxapex|0 fnt
|faint|p1a: Toxapex
|
|-end|p2a: Ogerpon|Infestation|[partiallytrapped]|[silent]
|upkeep
|
|t:|1769390993
|switch|p1a: Dondozo|Dondozo, M, tera:Dark|88/100 slp
|turn|74
|
|t:|1769390998
|move|p2a: Ogerpon|Low Kick|p1a: Dondozo
|-supereffective|p1a: Dondozo
|-damage|p1a: Dondozo|50/100 slp
|cant|p1a: Dondozo|slp
|move|p1a: Dondozo|Sleep Talk|p1a: Dondozo
|move|p1a: Dondozo|Rest||[from] move: Sleep Talk|[still]
|-fail|p1a: Dondozo
|
|-heal|p1a: Dondozo|56/100 slp|[from] item: Leftovers
|upkeep
|turn|75
|
|t:|1769391009
|move|p2a: Ogerpon|Low Kick|p1a: Dondozo
|-supereffective|p1a: Dondozo
|-damage|p1a: Dondozo|13/100 slp
|-curestatus|p1a: Dondozo|slp|[msg]
|move|p1a: Dondozo|Rest|p1a: Dondozo
|-status|p1a: Dondozo|slp|[from] move: Rest
|-heal|p1a: Dondozo|100/100 slp|[silent]
|
|upkeep
|turn|76
|
|t:|1769391018
|move|p2a: Ogerpon|Low Kick|p1a: Dondozo
|-supereffective|p1a: Dondozo
|-damage|p1a: Dondozo|61/100 slp
|cant|p1a: Dondozo|slp
|move|p1a: Dondozo|Sleep Talk|p1a: Dondozo
|move|p1a: Dondozo|Crunch|p2a: Ogerpon|[from] move: Sleep Talk
|-damage|p2a: Ogerpon|3/100
|-unboost|p2a: Ogerpon|def|1
|
|-heal|p1a: Dondozo|67/100 slp|[from] item: Leftovers
|upkeep
|turn|77
|
|t:|1769391030
|move|p2a: Ogerpon|Low Kick|p1a: Dondozo
|-supereffective|p1a: Dondozo
|-damage|p1a: Dondozo|22/100 slp
|cant|p1a: Dondozo|slp
|move|p1a: Dondozo|Sleep Talk|p1a: Dondozo
|move|p1a: Dondozo|Rest||[from] move: Sleep Talk|[still]
|-fail|p1a: Dondozo
|
|-heal|p1a: Dondozo|29/100 slp|[from] item: Leftovers
|upkeep
|turn|78
|
|t:|1769391056
|move|p2a: Ogerpon|Ivy Cudgel|p1a: Dondozo|[anim] Ivy Cudgel Rock
|-damage|p1a: Dondozo|0 fnt
|faint|p1a: Dondozo
|
|upkeep
|inactive|SirNutzALot has 120 seconds left.
|
|t:|1769391070
|switch|p1a: Weezing|Weezing-Galar, F|72/100
|-ability|p1a: Weezing|Neutralizing Gas
|turn|79
|
|t:|1769391075
|move|p2a: Ogerpon|Ivy Cudgel|p1a: Weezing|[anim] Ivy Cudgel Rock
|-damage|p1a: Weezing|0 fnt
|faint|p1a: Weezing
|-end|p1a: Weezing|ability: Neutralizing Gas
|
|upkeep
|-message|SirNutzALot forfeited.
|
|win|rat pig
|raw|SirNutzALot's rating: 1556 &rarr; <strong>1542</strong><br />(-14 for losing)
|raw|rat pig's rating: 1662 &rarr; <strong>1676</strong><br />(+14 for winning)
|l|☆SirNutzALot
|player|p1|
